  <div class='ocr_page' id='page_1' title='image "/cluster/home/n/w/nwhite01/storage/ocr_20150623/41/hvd.32044073501868/094.png"; bbox 0 0 3972 6070; ppageno 0'>
   <div class='ocr_carea' id='block_1_1' title="bbox 1482 85 1494 112">
    <p class='ocr_par' dir='ltr' id='par_1_1' title="bbox 1482 85 1494 112">
     <span class='ocr_line' id='line_1_1' title="bbox 1482 85 1494 112; baseline 0 0"><span class='ocrx_word' id='word_1_1' title='bbox 1482 85 1494 112; x_wconf 82' lang='lat' dir='ltr'><em>l</em></span> 
     </span>
    </p>
   </div>
   <div class='ocr_carea' id='block_1_2' title="bbox 88 135 2388 247">
    <p class='ocr_par' dir='ltr' id='par_1_2' title="bbox 88 135 2388 247">
     <span class='ocr_line' id='line_1_2' title="bbox 88 135 2388 247; baseline -0.012 0"><span class='ocrx_word' id='word_1_2' title='bbox 88 192 173 247; x_wconf 75' lang='lat' dir='ltr'><strong>HS</strong></span> <span class='ocrx_word' id='word_1_3' title='bbox 1195 174 1537 232; x_wconf 76' lang='lat' dir='ltr'><strong>EPIPHANII</strong></span> <span class='ocrx_word' id='word_1_4' title='bbox 1576 173 1758 229; x_wconf 78' lang='lat' dir='ltr'><strong>ACTA</strong></span> <span class='ocrx_word' id='word_1_5' title='bbox 1797 169 2300 227; x_wconf 68' lang='lat' dir='ltr'><strong>BOLLANDIANA.</strong></span> <span class='ocrx_word' id='word_1_6' title='bbox 2385 169 2388 172; x_wconf 75' lang='grc'><strong>’</strong></span> 
     </span>
    </p>
   </div>
   <div class='ocr_carea' id='block_1_3' title="bbox 3163 165 3317 272">
    <p class='ocr_par' dir='ltr' id='par_1_3' title="bbox 3163 165 3317 272">
     <span class='ocr_line' id='line_1_3' title="bbox 3163 165 3317 272; baseline 0 -52"><span class='ocrx_word' id='word_1_7' title='bbox 3163 165 3317 272; x_wconf 72' lang='grc'><strong>⁸146</strong></span> 
     </span>
    </p>
   </div>
   <div class='ocr_carea' id='block_1_4' title="bbox 86 281 3318 374">
    <p class='ocr_par' dir='ltr' id='par_1_4' title="bbox 86 281 3318 374">
     <span class='ocr_line' id='line_1_4' title="bbox 86 281 3318 374; baseline -0.006 -21"><span class='ocrx_word' id='word_1_8' title='bbox 86 309 225 374; x_wconf 73' lang='lat' dir='ltr'><strong>plane</strong></span> <span class='ocrx_word' id='word_1_9' title='bbox 255 299 344 355; x_wconf 89' lang='lat' dir='ltr'><strong>hic</strong></span> <span class='ocrx_word' id='word_1_10' title='bbox 375 295 626 353; x_wconf 85' lang='lat' dir='ltr'><strong>eumdem</strong></span> <span class='ocrx_word' id='word_1_11' title='bbox 667 293 924 358; x_wconf 84' lang='lat' dir='ltr'><strong>describi,</strong></span> <span class='ocrx_word' id='word_1_12' title='bbox 960 293 1028 348; x_wconf 90' lang='lat' dir='ltr'><strong>de</strong></span> <span class='ocrx_word' id='word_1_13' title='bbox 1072 308 1180 363; x_wconf 88' lang='lat' dir='ltr'><strong>quo</strong></span> <span class='ocrx_word' id='word_1_14' title='bbox 1233 292 1350 362; x_wconf 91' lang='lat' dir='ltr'><strong>ipse</strong></span> <span class='ocrx_word' id='word_1_15' title='bbox 1400 290 1635 359; x_wconf 80' lang='lat' dir='ltr'><strong>Epipha-</strong></span> <span class='ocrx_word' id='word_1_16' title='bbox 1671 293 1713 348; x_wconf 86' lang='grc' dir='ltr'>Α</span> <span class='ocrx_word' id='word_1_17' title='bbox 1743 295 2051 351; x_wconf 84' lang='lat' dir='ltr'><strong>exstruere,</strong></span> <span class='ocrx_word' id='word_1_18' title='bbox 2090 286 2258 338; x_wconf 83' lang='lat' dir='ltr'><strong>variis</strong></span> <span class='ocrx_word' id='word_1_19' title='bbox 2305 281 2588 338; x_wconf 77' lang='lat' dir='ltr'><strong>miraculis</strong></span> <span class='ocrx_word' id='word_1_20' title='bbox 2635 281 2934 336; x_wconf 91' lang='lat' dir='ltr'><strong>obtinuerit</strong></span> <span class='ocrx_word' id='word_1_21' title='bbox 2974 291 3224 349; x_wconf 86' lang='lat' dir='ltr'><strong>sumptus</strong></span> <span class='ocrx_word' id='word_1_22' title='bbox 3252 284 3318 334; x_wconf 90' lang='lat' dir='ltr'><strong>ad</strong></span> 
     </span>
    </p>
   </div>
   <div class='ocr_carea' id='block_1_5' title="bbox 88 382 1645 454">
    <p class='ocr_par' dir='ltr' id='par_1_5' title="bbox 88 382 1645 454">
     <span class='ocr_line' id='line_1_5' title="bbox 88 382 1645 454; baseline -0.009 -5"><span class='ocrx_word' id='word_1_23' title='bbox 88 397 193 449; x_wconf 86' lang='lat' dir='ltr'><strong>nius</strong></span> <span class='ocrx_word' id='word_1_24' title='bbox 222 391 342 446; x_wconf 89' lang='lat' dir='ltr'><strong>fuse</strong></span> <span class='ocrx_word' id='word_1_25' title='bbox 379 396 576 443; x_wconf 83' lang='lat' dir='ltr'><strong>tractat</strong></span> <span class='ocrx_word' id='word_1_26' title='bbox 603 386 795 441; x_wconf 68' lang='lat' dir='ltr'><strong>haeresi</strong></span> <span class='ocrx_word' id='word_1_27' title='bbox 829 401 1004 452; x_wconf 78' lang='lat' dir='ltr'><strong>um,</strong></span> <span class='ocrx_word' id='word_1_28' title='bbox 1049 393 1310 454; x_wconf 84' lang='lat' dir='ltr'><strong>tanquam</strong></span> <span class='ocrx_word' id='word_1_29' title='bbox 1361 398 1391 437; x_wconf 90' lang='lat' dir='ltr'><strong>a</strong></span> <span class='ocrx_word' id='word_1_30' title='bbox 1431 382 1645 436; x_wconf 84' lang='lat' dir='ltr'><strong>Manete</strong></span> 
     </span>
    </p>
   </div>
   <div class='ocr_carea' id='block_1_6' title="bbox 89 470 1643 553">
    <p class='ocr_par' dir='ltr' id='par_1_6' title="bbox 89 470 1643 553">
     <span class='ocr_line' id='line_1_6' title="bbox 89 470 1643 553; baseline -0.009 -17"><span class='ocrx_word' id='word_1_31' title='bbox 89 482 341 553; x_wconf 86' lang='lat' dir='ltr'><strong>proximo,</strong></span> <span class='ocrx_word' id='word_1_32' title='bbox 369 486 426 534; x_wconf 91' lang='lat' dir='ltr'><strong>et</strong></span> <span class='ocrx_word' id='word_1_33' title='bbox 466 488 591 532; x_wconf 89' lang='lat' dir='ltr'><strong>ante</strong></span> <span class='ocrx_word' id='word_1_34' title='bbox 623 475 972 530; x_wconf 82' lang='lat' dir='ltr'><strong>Meletianum</strong></span> <span class='ocrx_word' id='word_1_35' title='bbox 1030 474 1271 529; x_wconf 90' lang='lat' dir='ltr'><strong>schisma</strong></span> <span class='ocrx_word' id='word_1_36' title='bbox 1315 481 1480 542; x_wconf 88' lang='lat' dir='ltr'><strong>atque</strong></span> <span class='ocrx_word' id='word_1_37' title='bbox 1529 470 1643 523; x_wconf 83' lang='lat' dir='ltr'><strong>Arii</strong></span> 
     </span>
    </p>
   </div>
   <div class='ocr_carea' id='block_1_7' title="bbox 91 562 1646 640">
    <p class='ocr_par' dir='ltr' id='par_1_7' title="bbox 91 562 1646 640">
     <span class='ocr_line' id='line_1_7' title="bbox 91 562 1646 640; baseline -0.008 -12"><span class='ocrx_word' id='word_1_38' title='bbox 91 573 320 628; x_wconf 74' lang='lat' dir='ltr'><strong>haeresim</strong></span> <span class='ocrx_word' id='word_1_39' title='bbox 346 569 491 640; x_wconf 83' lang='lat' dir='ltr'><strong>apud</strong></span> <span class='ocrx_word' id='word_1_40' title='bbox 533 568 822 638; x_wconf 68' lang='lat' dir='ltr'><strong>Egyptios</strong></span> <span class='ocrx_word' id='word_1_41' title='bbox 861 575 1022 633; x_wconf 90' lang='lat' dir='ltr'><strong>noto;</strong></span> <span class='ocrx_word' id='word_1_42' title='bbox 1084 579 1402 634; x_wconf 83' lang='lat' dir='ltr'><strong>quanquam</strong></span> <span class='ocrx_word' id='word_1_43' title='bbox 1438 563 1492 617; x_wconf 92' lang='lat' dir='ltr'><strong>in</strong></span> <span class='ocrx_word' id='word_1_44' title='bbox 1535 562 1646 615; x_wconf 77' lang='lat' dir='ltr'><strong>An-</strong></span> 
     </span>
    </p>
   </div>
   <div class='ocr_carea' id='block_1_8' title="bbox 91 654 1648 726">
    <p class='ocr_par' dir='ltr' id='par_1_8' title="bbox 91 654 1648 726">
     <span class='ocr_line' id='line_1_8' title="bbox 91 654 1648 726; baseline -0.007 -9"><span class='ocrx_word' id='word_1_45' title='bbox 91 673 251 717; x_wconf 64' lang='lat' dir='ltr'><strong>(orato</strong></span> <span class='ocrx_word' id='word_1_46' title='bbox 274 661 421 715; x_wconf 89' lang='lat' dir='ltr'><strong>dicat</strong></span> <span class='ocrx_word' id='word_1_47' title='bbox 443 676 499 714; x_wconf 92' lang='lat' dir='ltr'><strong>n.</strong></span> <span class='ocrx_word' id='word_1_48' title='bbox 535 658 626 722; x_wconf 77' lang='lat'><strong>83,</strong></span> <span class='ocrx_word' id='word_1_49' title='bbox 649 673 709 713; x_wconf 89' lang='lat' dir='ltr'><strong>se</strong></span> <span class='ocrx_word' id='word_1_50' title='bbox 735 657 1066 726; x_wconf 89' lang='lat' dir='ltr'><strong>comperisse</strong></span> <span class='ocrx_word' id='word_1_51' title='bbox 1097 673 1115 706; x_wconf 74' lang='grc' dir='ltr'>ι</span> <span class='ocrx_word' id='word_1_52' title='bbox 1152 654 1442 710; x_wconf 88' lang='lat' dir='ltr'><strong>nonnullos</strong></span> <span class='ocrx_word' id='word_1_53' title='bbox 1475 668 1648 722; x_wconf 83' lang='lat' dir='ltr'><strong>nuper</strong></span> 
     </span>
    </p>
   </div>
   <div class='ocr_carea' id='block_1_9' title="bbox 91 743 1646 817">
    <p class='ocr_par' dir='ltr' id='par_1_9' title="bbox 91 743 1646 817">
     <span class='ocr_line' id='line_1_9' title="bbox 91 743 1646 817; baseline -0.01 -7"><span class='ocrx_word' id='word_1_54' title='bbox 91 754 361 817; x_wconf 81' lang='lat' dir='ltr'><strong>excitatos,</strong></span> <span class='ocrx_word' id='word_1_55' title='bbox 397 769 417 802; x_wconf 74' lang='grc' dir='ltr'><strong><em>ι</em></strong></span> <span class='ocrx_word' id='word_1_56' title='bbox 454 747 509 802; x_wconf 90' lang='lat' dir='ltr'><strong>id</strong></span> <span class='ocrx_word' id='word_1_57' title='bbox 536 754 622 802; x_wconf 91' lang='lat' dir='ltr'><strong>est</strong></span> <span class='ocrx_word' id='word_1_58' title='bbox 653 747 796 802; x_wconf 89' lang='lat' dir='ltr'><strong>circa</strong></span> <span class='ocrx_word' id='word_1_59' title='bbox 835 761 1040 801; x_wconf 88' lang='lat' dir='ltr'><strong>annum</strong></span> <span class='ocrx_word' id='word_1_60' title='bbox 1069 745 1196 808; x_wconf 81' lang='lat'><strong>570,</strong></span> <span class='ocrx_word' id='word_1_61' title='bbox 1239 743 1496 813; x_wconf 57' lang='lat' dir='ltr'><strong>cquibus</strong></span> <span class='ocrx_word' id='word_1_62' title='bbox 1530 743 1646 812; x_wconf 93' lang='lat' dir='ltr'><strong>ple-</strong></span> 
     </span>
    </p>
   </div>
   <div class='ocr_carea' id='block_1_10' title="bbox 95 831 1646 912">
    <p class='ocr_par' dir='ltr' id='par_1_10' title="bbox 95 831 1646 912">
     <span class='ocr_line' id='line_1_10' title="bbox 95 831 1646 912; baseline -0.008 -15"><span class='ocrx_word' id='word_1_63' title='bbox 95 845 226 912; x_wconf 83' lang='lat' dir='ltr'><strong>rique</strong></span> <span class='ocrx_word' id='word_1_64' title='bbox 258 840 506 896; x_wconf 88' lang='lat' dir='ltr'><strong>omnium</strong></span> <span class='ocrx_word' id='word_1_65' title='bbox 545 837 905 892; x_wconf 80' lang='lat' dir='ltr'><strong>monasticam</strong></span> <span class='ocrx_word' id='word_1_66' title='bbox 950 835 1002 888; x_wconf 89' lang='lat' dir='ltr'><strong>in</strong></span> <span class='ocrx_word' id='word_1_67' title='bbox 1040 833 1294 904; x_wconf 62' lang='lat' dir='ltr'><strong>Egypto,</strong></span> <span class='ocrx_word' id='word_1_68' title='bbox 1349 831 1646 895; x_wconf 81' lang='lat' dir='ltr'><strong>Thebaide,</strong></span> 
     </span>
    </p>
   </div>
   <div class='ocr_carea' id='block_1_11' title="bbox 96 923 1649 1000">
    <p class='ocr_par' dir='ltr' id='par_1_11' title="bbox 96 923 1649 1000">
     <span class='ocr_line' id='line_1_11' title="bbox 96 923 1649 1000; baseline -0.006 -12"><span class='ocrx_word' id='word_1_69' title='bbox 96 931 398 1000; x_wconf 66' lang='lat' dir='ltr'><strong>ueterisque</strong></span> <span class='ocrx_word' id='word_1_70' title='bbox 449 927 770 998; x_wconf 81' lang='lat' dir='ltr'><strong>regionibus</strong></span> <span class='ocrx_word' id='word_1_71' title='bbox 818 925 1189 982; x_wconf 78' lang='lat' dir='ltr'><strong>exercentium</strong></span> <span class='ocrx_word' id='word_1_72' title='bbox 1243 923 1403 978; x_wconf 77' lang='lat' dir='ltr'><strong>facile</strong></span> <span class='ocrx_word' id='word_1_73' title='bbox 1442 923 1649 993; x_wconf 88' lang='lat' dir='ltr'><strong>primas</strong></span> 
     </span>
    </p>
   </div>
   <div class='ocr_carea' id='block_1_12' title="bbox 97 1013 1650 1088">
    <p class='ocr_par' dir='ltr' id='par_1_12' title="bbox 97 1013 1650 1088">
     <span class='ocr_line' id='line_1_12' title="bbox 97 1013 1650 1088; baseline -0.007 -10"><span class='ocrx_word' id='word_1_74' title='bbox 97 1023 354 1084; x_wconf 86' lang='lat' dir='ltr'><strong>deferunt,</strong></span> <span class='ocrx_word' id='word_1_75' title='bbox 388 1019 483 1088; x_wconf 91' lang='lat' dir='ltr'><strong>qui</strong></span> <span class='ocrx_word' id='word_1_76' title='bbox 515 1018 569 1072; x_wconf 92' lang='lat' dir='ltr'><strong>in</strong></span> <span class='ocrx_word' id='word_1_77' title='bbox 597 1017 788 1072; x_wconf 89' lang='lat' dir='ltr'><strong>eodem</strong></span> <span class='ocrx_word' id='word_1_78' title='bbox 817 1031 944 1071; x_wconf 89' lang='lat' dir='ltr'><strong>cum</strong></span> <span class='ocrx_word' id='word_1_79' title='bbox 981 1013 1271 1069; x_wconf 88' lang='lat' dir='ltr'><strong>llieracitis</strong></span> <span class='ocrx_word' id='word_1_80' title='bbox 1299 1027 1488 1069; x_wconf 87' lang='lat' dir='ltr'><strong>errore</strong></span> <span class='ocrx_word' id='word_1_81' title='bbox 1529 1028 1650 1068; x_wconf 89' lang='lat' dir='ltr'><strong>ver-</strong></span> 
     </span>
    </p>
   </div>
   <div class='ocr_carea' id='block_1_13' title="bbox 97 1104 1652 1177">
    <p class='ocr_par' dir='ltr' id='par_1_13' title="bbox 97 1104 1652 1177">
     <span class='ocr_line' id='line_1_13' title="bbox 97 1104 1652 1177; baseline -0.007 -10"><span class='ocrx_word' id='word_1_82' title='bbox 97 1123 288 1174; x_wconf 83' lang='lat' dir='ltr'><strong>santur,</strong></span> <span class='ocrx_word' id='word_1_83' title='bbox 327 1123 391 1164; x_wconf 89' lang='lat' dir='ltr'><strong>ac</strong></span> <span class='ocrx_word' id='word_1_84' title='bbox 426 1106 655 1177; x_wconf 87' lang='lat' dir='ltr'><strong>perinde</strong></span> <span class='ocrx_word' id='word_1_85' title='bbox 685 1115 745 1161; x_wconf 92' lang='lat' dir='ltr'><strong>ut</strong></span> <span class='ocrx_word' id='word_1_86' title='bbox 769 1106 848 1160; x_wconf 84' lang='lat' dir='ltr'><strong>illi</strong></span> <span class='ocrx_word' id='word_1_87' title='bbox 895 1120 1004 1160; x_wconf 90' lang='lat' dir='ltr'><strong>non</strong></span> <span class='ocrx_word' id='word_1_88' title='bbox 1044 1104 1501 1159; x_wconf 85' lang='lat' dir='ltr'><strong>resurrectionem</strong></span> <span class='ocrx_word' id='word_1_89' title='bbox 1529 1118 1652 1158; x_wconf 89' lang='lat' dir='ltr'><strong>car-</strong></span> 
     </span>
    </p>
   </div>
   <div class='ocr_carea' id='block_1_14' title="bbox 98 1195 1654 1271">
    <p class='ocr_par' dir='ltr' id='par_1_14' title="bbox 98 1195 1654 1271">
     <span class='ocr_line' id='line_1_14' title="bbox 98 1195 1654 1271; baseline -0.004 -14"><span class='ocrx_word' id='word_1_90' title='bbox 98 1205 184 1268; x_wconf 75' lang='lat' dir='ltr'><strong>nis,</strong></span> <span class='ocrx_word' id='word_1_91' title='bbox 225 1218 334 1257; x_wconf 92' lang='lat' dir='ltr'><strong>non</strong></span> <span class='ocrx_word' id='word_1_92' title='bbox 367 1201 536 1271; x_wconf 82' lang='lat' dir='ltr'><strong>hujus</strong></span> <span class='ocrx_word' id='word_1_93' title='bbox 564 1215 728 1270; x_wconf 87' lang='lat' dir='ltr'><strong>quam</strong></span> <span class='ocrx_word' id='word_1_94' title='bbox 763 1196 1028 1253; x_wconf 85' lang='lat' dir='ltr'><strong>habemus</strong></span> <span class='ocrx_word' id='word_1_95' title='bbox 1063 1198 1250 1260; x_wconf 89' lang='lat' dir='ltr'><strong>modo,</strong></span> <span class='ocrx_word' id='word_1_96' title='bbox 1299 1196 1395 1252; x_wconf 90' lang='lat' dir='ltr'><strong>sed</strong></span> <span class='ocrx_word' id='word_1_97' title='bbox 1427 1195 1654 1250; x_wconf 88' lang='lat' dir='ltr'><strong>alterius</strong></span> 
     </span>
    </p>
   </div>
   <div class='ocr_carea' id='block_1_15' title="bbox 96 1286 1654 1363">
    <p class='ocr_par' dir='ltr' id='par_1_15' title="bbox 96 1286 1654 1363">
     <span class='ocr_line' id='line_1_15' title="bbox 96 1286 1654 1363; baseline -0.004 -16"><span class='ocrx_word' id='word_1_98' title='bbox 96 1295 140 1348; x_wconf 90' lang='lat' dir='ltr'><strong>in</strong></span> <span class='ocrx_word' id='word_1_99' title='bbox 185 1294 349 1363; x_wconf 86' lang='lat' dir='ltr'><strong>hujus</strong></span> <span class='ocrx_word' id='word_1_100' title='bbox 406 1293 589 1348; x_wconf 91' lang='lat' dir='ltr'><strong>locum</strong></span> <span class='ocrx_word' id='word_1_101' title='bbox 645 1289 1038 1346; x_wconf 64' lang='lat' dir='ltr'><strong>substituendaa</strong></span> <span class='ocrx_word' id='word_1_102' title='bbox 1083 1289 1404 1358; x_wconf 64' lang='lat' dir='ltr'><strong>praedicant.</strong></span> <span class='ocrx_word' id='word_1_103' title='bbox 1447 1307 1466 1340; x_wconf 71' lang='grc' dir='ltr'><strong>ι</strong></span> <span class='ocrx_word' id='word_1_104' title='bbox 1500 1286 1654 1352; x_wconf 85' lang='lat' dir='ltr'><strong>Quod</strong></span> 
     </span>
    </p>
   </div>
   <div class='ocr_carea' id='block_1_16' title="bbox 96 1378 1656 1455">
    <p class='ocr_par' dir='ltr' id='par_1_16' title="bbox 96 1378 1656 1455">
     <span class='ocr_line' id='line_1_16' title="bbox 96 1378 1656 1455; baseline -0.004 -15"><span class='ocrx_word' id='word_1_105' title='bbox 96 1387 150 1440; x_wconf 80' lang='lat' dir='ltr'><strong>ad</strong></span> <span class='ocrx_word' id='word_1_106' title='bbox 178 1383 550 1455; x_wconf 86' lang='lat' dir='ltr'><strong>Paphnutium</strong></span> <span class='ocrx_word' id='word_1_107' title='bbox 587 1382 805 1446; x_wconf 85' lang='lat' dir='ltr'><strong>attinet,</strong></span> <span class='ocrx_word' id='word_1_108' title='bbox 836 1381 976 1436; x_wconf 87' lang='lat' dir='ltr'><strong>inter</strong></span> <span class='ocrx_word' id='word_1_109' title='bbox 1014 1379 1257 1436; x_wconf 87' lang='lat' dir='ltr'><strong>celebres</strong></span> <span class='ocrx_word' id='word_1_110' title='bbox 1302 1378 1491 1434; x_wconf 64' lang='lat' dir='ltr'><strong>Nitriae</strong></span> <span class='ocrx_word' id='word_1_111' title='bbox 1536 1392 1656 1433; x_wconf 89' lang='lat' dir='ltr'><strong>mo-</strong></span> 
     </span>
    </p>
   </div>
   <div class='ocr_carea' id='block_1_17' title="bbox 98 1469 1657 1544">
    <p class='ocr_par' dir='ltr' id='par_1_17' title="bbox 98 1469 1657 1544">
     <span class='ocr_line' id='line_1_17' title="bbox 98 1469 1657 1544; baseline -0.005 -14"><span class='ocrx_word' id='word_1_112' title='bbox 98 1476 312 1539; x_wconf 84' lang='lat' dir='ltr'><strong>nachos,</strong></span> <span class='ocrx_word' id='word_1_113' title='bbox 361 1489 503 1544; x_wconf 93' lang='lat' dir='ltr'><strong>quos</strong></span> <span class='ocrx_word' id='word_1_114' title='bbox 548 1472 607 1527; x_wconf 93' lang='lat' dir='ltr'><strong>S.</strong></span> <span class='ocrx_word' id='word_1_115' title='bbox 648 1472 817 1526; x_wconf 86' lang='lat' dir='ltr'><strong>Paula</strong></span> <span class='ocrx_word' id='word_1_116' title='bbox 872 1469 1120 1526; x_wconf 87' lang='lat' dir='ltr'><strong>Romana</strong></span> <span class='ocrx_word' id='word_1_117' title='bbox 1167 1469 1356 1536; x_wconf 83' lang='lat' dir='ltr'><strong>adivit,</strong></span> <span class='ocrx_word' id='word_1_118' title='bbox 1400 1477 1657 1523; x_wconf 89' lang='lat' dir='ltr'><strong>numerat</strong></span> 
     </span>
    </p>
   </div>
   <div class='ocr_carea' id='block_1_18' title="bbox 100 1560 1657 1630">
    <p class='ocr_par' dir='ltr' id='par_1_18' title="bbox 100 1560 1657 1630">
     <span class='ocr_line' id='line_1_18' title="bbox 100 1560 1657 1630; baseline -0.005 -9"><span class='ocrx_word' id='word_1_119' title='bbox 100 1567 361 1622; x_wconf 80' lang='lat' dir='ltr'><strong>Palladius</strong></span> <span class='ocrx_word' id='word_1_120' title='bbox 389 1563 536 1619; x_wconf 73' lang='lat' dir='ltr'><strong>Hist.</strong></span> <span class='ocrx_word' id='word_1_121' title='bbox 565 1562 846 1616; x_wconf 75' lang='lat' dir='ltr'><strong>Lausiaca:</strong></span> <span class='ocrx_word' id='word_1_122' title='bbox 878 1577 928 1617; x_wconf 92' lang='lat' dir='ltr'><strong>c.</strong></span> <span class='ocrx_word' id='word_1_123' title='bbox 957 1561 1080 1624; x_wconf 79' lang='lat' dir='ltr'><strong>H7,</strong></span> <span class='ocrx_word' id='word_1_124' title='bbox 1117 1560 1484 1630; x_wconf 66' lang='lat' dir='ltr'><strong>Paphnutium</strong></span> <span class='ocrx_word' id='word_1_125' title='bbox 1525 1560 1657 1613; x_wconf 87' lang='lat' dir='ltr'><strong>Sce-</strong></span> 
     </span>
    </p>
   </div>
   <div class='ocr_carea' id='block_1_19' title="bbox 101 1638 1736 1725">
    <p class='ocr_par' dir='ltr' id='par_1_19' title="bbox 101 1638 1736 1725">
     <span class='ocr_line' id='line_1_19' title="bbox 101 1638 1736 1725; baseline -0.005 -13"><span class='ocrx_word' id='word_1_126' title='bbox 101 1657 390 1725; x_wconf 84' lang='lat' dir='ltr'><strong>tioten,qui</strong></span> <span class='ocrx_word' id='word_1_127' title='bbox 418 1665 697 1724; x_wconf 87' lang='lat' dir='ltr'><strong>utcunque</strong></span> <span class='ocrx_word' id='word_1_128' title='bbox 726 1653 915 1708; x_wconf 89' lang='lat' dir='ltr'><strong>reduci</strong></span> <span class='ocrx_word' id='word_1_129' title='bbox 953 1660 1139 1722; x_wconf 81' lang='lat' dir='ltr'><strong>posset</strong></span> <span class='ocrx_word' id='word_1_130' title='bbox 1167 1652 1234 1706; x_wconf 89' lang='lat' dir='ltr'><strong>ad</strong></span> <span class='ocrx_word' id='word_1_131' title='bbox 1261 1653 1424 1722; x_wconf 86' lang='lat' dir='ltr'><strong>hujus</strong></span> <span class='ocrx_word' id='word_1_132' title='bbox 1449 1651 1659 1707; x_wconf 63' lang='lat' dir='ltr'><strong>fictam</strong></span> <span class='ocrx_word' id='word_1_133' title='bbox 1693 1638 1736 1692; x_wconf 79' lang='grc' dir='ltr'><strong>Β</strong></span> 
     </span>
    </p>
   </div>
   <div class='ocr_carea' id='block_1_20' title="bbox 102 1742 1663 1822">
    <p class='ocr_par' dir='ltr' id='par_1_20' title="bbox 102 1742 1663 1822">
     <span class='ocr_line' id='line_1_20' title="bbox 102 1742 1663 1822; baseline -0.006 -17"><span class='ocrx_word' id='word_1_134' title='bbox 102 1751 321 1822; x_wconf 60' lang='lat' dir='ltr'><strong>Egypto</strong></span> <span class='ocrx_word' id='word_1_135' title='bbox 346 1745 809 1818; x_wconf 70' lang='lat' dir='ltr'><strong>peregrinationis</strong></span> <span class='ocrx_word' id='word_1_136' title='bbox 831 1753 1046 1814; x_wconf 91' lang='lat' dir='ltr'><strong>tempus</strong></span> <span class='ocrx_word' id='word_1_137' title='bbox 1079 1760 1093 1796; x_wconf 92' lang='lat'><strong>:</strong></span> <span class='ocrx_word' id='word_1_138' title='bbox 1136 1743 1315 1798; x_wconf 63' lang='lat' dir='ltr'><strong>caeteri</strong></span> <span class='ocrx_word' id='word_1_139' title='bbox 1347 1742 1467 1812; x_wconf 86' lang='lat' dir='ltr'><strong>ejus</strong></span> <span class='ocrx_word' id='word_1_140' title='bbox 1491 1743 1663 1797; x_wconf 91' lang='lat' dir='ltr'><strong>nomi-</strong></span> 
     </span>
    </p>
   </div>
   <div class='ocr_carea' id='block_1_21' title="bbox 101 1835 1662 1906">
    <p class='ocr_par' dir='ltr' id='par_1_21' title="bbox 101 1835 1662 1906">
     <span class='ocr_line' id='line_1_21' title="bbox 101 1835 1662 1906; baseline -0.003 -12"><span class='ocrx_word' id='word_1_141' title='bbox 101 1847 169 1896; x_wconf 81' lang='lat' dir='ltr'><strong>nis</strong></span> <span class='ocrx_word' id='word_1_142' title='bbox 206 1839 454 1896; x_wconf 86' lang='lat' dir='ltr'><strong>celebres</strong></span> <span class='ocrx_word' id='word_1_143' title='bbox 503 1838 595 1892; x_wconf 91' lang='lat' dir='ltr'><strong>alii</strong></span> <span class='ocrx_word' id='word_1_144' title='bbox 635 1837 886 1906; x_wconf 91' lang='lat' dir='ltr'><strong>juniores</strong></span> <span class='ocrx_word' id='word_1_145' title='bbox 919 1843 1080 1902; x_wconf 90' lang='lat' dir='ltr'><strong>sunt;</strong></span> <span class='ocrx_word' id='word_1_146' title='bbox 1131 1849 1256 1888; x_wconf 90' lang='lat' dir='ltr'><strong>nam</strong></span> <span class='ocrx_word' id='word_1_147' title='bbox 1290 1836 1357 1888; x_wconf 91' lang='lat' dir='ltr'><strong>de</strong></span> <span class='ocrx_word' id='word_1_148' title='bbox 1404 1835 1662 1904; x_wconf 90' lang='lat' dir='ltr'><strong>episcopo</strong></span> 
     </span>
    </p>
   </div>
   <div class='ocr_carea' id='block_1_22' title="bbox 99 1923 1664 1996">
    <p class='ocr_par' dir='ltr' id='par_1_22' title="bbox 99 1923 1664 1996">
     <span class='ocr_line' id='line_1_22' title="bbox 99 1923 1664 1996; baseline -0.004 -10"><span class='ocrx_word' id='word_1_149' title='bbox 99 1931 400 1986; x_wconf 84' lang='lat' dir='ltr'><strong>confessore</strong></span> <span class='ocrx_word' id='word_1_150' title='bbox 424 1929 529 1984; x_wconf 88' lang='lat' dir='ltr'><strong>sub</strong></span> <span class='ocrx_word' id='word_1_151' title='bbox 567 1927 885 1994; x_wconf 86' lang='lat' dir='ltr'><strong>Maximino,</strong></span> <span class='ocrx_word' id='word_1_152' title='bbox 931 1926 1024 1996; x_wconf 90' lang='lat' dir='ltr'><strong>qui</strong></span> <span class='ocrx_word' id='word_1_153' title='bbox 1055 1926 1288 1982; x_wconf 91' lang='lat' dir='ltr'><strong>concilio</strong></span> <span class='ocrx_word' id='word_1_154' title='bbox 1321 1923 1540 1981; x_wconf 52' lang='lat' dir='ltr'><strong>Niceno</strong></span> <span class='ocrx_word' id='word_1_155' title='bbox 1581 1926 1664 1980; x_wconf 91' lang='lat' dir='ltr'><strong>in-</strong></span> 
     </span>
    </p>
   </div>
   <div class='ocr_carea' id='block_1_23' title="bbox 103 2018 1247 2089">
    <p class='ocr_par' dir='ltr' id='par_1_23' title="bbox 103 2018 1247 2089">
     <span class='ocr_line' id='line_1_23' title="bbox 103 2018 1247 2089; baseline -0.006 -12"><span class='ocrx_word' id='word_1_156' title='bbox 103 2023 290 2089; x_wconf 77' lang='lat' dir='ltr'><strong>terfuit,</strong></span> <span class='ocrx_word' id='word_1_157' title='bbox 337 2037 449 2076; x_wconf 89' lang='lat' dir='ltr'><strong>non</strong></span> <span class='ocrx_word' id='word_1_158' title='bbox 475 2021 688 2076; x_wconf 91' lang='lat' dir='ltr'><strong>esthoc</strong></span> <span class='ocrx_word' id='word_1_159' title='bbox 716 2020 840 2074; x_wconf 90' lang='lat' dir='ltr'><strong>loco</strong></span> <span class='ocrx_word' id='word_1_160' title='bbox 874 2018 1247 2088; x_wconf 82' lang='lat' dir='ltr'><strong>cogitandum.</strong></span> 
     </span>
    </p>
   </div>
   <div class='ocr_carea' id='block_1_24' title="bbox 159 2109 1660 2182">
    <p class='ocr_par' dir='ltr' id='par_1_24' title="bbox 159 2109 1660 2182">
     <span class='ocr_line' id='line_1_24' title="bbox 159 2109 1660 2182; baseline -0.003 -12"><span class='ocrx_word' id='word_1_161' title='bbox 159 2116 246 2171; x_wconf 79' lang='lat'><strong>50.</strong></span> <span class='ocrx_word' id='word_1_162' title='bbox 271 2114 446 2170; x_wconf 87' lang='lat' dir='ltr'><strong>Porro</strong></span> <span class='ocrx_word' id='word_1_163' title='bbox 466 2121 726 2168; x_wconf 88' lang='lat' dir='ltr'><strong>manente.</strong></span> <span class='ocrx_word' id='word_1_164' title='bbox 747 2112 902 2182; x_wconf 90' lang='lat' dir='ltr'><strong>juxta</strong></span> <span class='ocrx_word' id='word_1_165' title='bbox 923 2110 1308 2181; x_wconf 89' lang='lat' dir='ltr'><strong>Spanhydrion</strong></span> <span class='ocrx_word' id='word_1_166' title='bbox 1336 2109 1660 2181; x_wconf 89' lang='lat' dir='ltr'><strong>Epiphanio,</strong></span> 
     </span>
    </p>
   </div>
   <div class='ocr_carea' id='block_1_25' title="bbox 104 2201 1668 2272">
    <p class='ocr_par' dir='ltr' id='par_1_25' title="bbox 104 2201 1668 2272">
     <span class='ocr_line' id='line_1_25' title="bbox 104 2201 1668 2272; baseline -0.001 -13"><span class='ocrx_word' id='word_1_167' title='bbox 104 2207 261 2262; x_wconf 80' lang='lat' dir='ltr'><strong>fames</strong></span> <span class='ocrx_word' id='word_1_168' title='bbox 295 2207 476 2262; x_wconf 80' lang='lat' dir='ltr'><strong>valida</strong></span> <span class='ocrx_word' id='word_1_169' title='bbox 521 2205 836 2263; x_wconf 88' lang='lat' dir='ltr'><strong>incubuisse</strong></span> <span class='ocrx_word' id='word_1_170' title='bbox 861 2203 1159 2258; x_wconf 71' lang='lat' dir='ltr'><strong>thnicize</strong></span> <span class='ocrx_word' id='word_1_171' title='bbox 1191 2201 1411 2269; x_wconf 90' lang='lat' dir='ltr'><strong>dicitur,</strong></span> <span class='ocrx_word' id='word_1_172' title='bbox 1435 2217 1668 2272; x_wconf 89' lang='lat' dir='ltr'><strong>eamque</strong></span> 
     </span>
    </p>
   </div>
   <div class='ocr_carea' id='block_1_26' title="bbox 104 2296 1669 2369">
    <p class='ocr_par' dir='ltr' id='par_1_26' title="bbox 104 2296 1669 2369">
     <span class='ocr_line' id='line_1_26' title="bbox 104 2296 1669 2369; baseline -0.002 -18"><span class='ocrx_word' id='word_1_173' title='bbox 104 2303 379 2369; x_wconf 81' lang='lat' dir='ltr'><strong>impetrata</strong></span> <span class='ocrx_word' id='word_1_174' title='bbox 425 2299 678 2352; x_wconf 88' lang='lat' dir='ltr'><strong>triduana</strong></span> <span class='ocrx_word' id='word_1_175' title='bbox 729 2296 913 2366; x_wconf 88' lang='lat' dir='ltr'><strong>pluvia</strong></span> <span class='ocrx_word' id='word_1_176' title='bbox 950 2310 1175 2350; x_wconf 87' lang='lat' dir='ltr'><strong>curasse</strong></span> <span class='ocrx_word' id='word_1_177' title='bbox 1212 2301 1468 2360; x_wconf 90' lang='lat' dir='ltr'><strong>sanctus;</strong></span> <span class='ocrx_word' id='word_1_178' title='bbox 1498 2309 1669 2364; x_wconf 90' lang='lat' dir='ltr'><strong>quare</strong></span> 
     </span>
    </p>
   </div>
   <div class='ocr_carea' id='block_1_27' title="bbox 106 2388 1669 2461">
    <p class='ocr_par' dir='ltr' id='par_1_27' title="bbox 106 2388 1669 2461">
     <span class='ocr_line' id='line_1_27' title="bbox 106 2388 1669 2461; baseline 0.001 -20"><span class='ocrx_word' id='word_1_179' title='bbox 106 2409 186 2459; x_wconf 80' lang='lat' dir='ltr'><strong>pro</strong></span> <span class='ocrx_word' id='word_1_180' title='bbox 211 2407 284 2446; x_wconf 87' lang='lat' dir='ltr'><strong>eo</strong></span> <span class='ocrx_word' id='word_1_181' title='bbox 312 2392 382 2445; x_wconf 90' lang='lat' dir='ltr'><strong>ad</strong></span> <span class='ocrx_word' id='word_1_182' title='bbox 405 2391 782 2461; x_wconf 88' lang='lat' dir='ltr'><strong>episc0patum</strong></span> <span class='ocrx_word' id='word_1_183' title='bbox 829 2388 1110 2444; x_wconf 88' lang='lat' dir='ltr'><strong>evehendo</strong></span> <span class='ocrx_word' id='word_1_184' title='bbox 1144 2388 1360 2444; x_wconf 90' lang='lat' dir='ltr'><strong>collecti</strong></span> <span class='ocrx_word' id='word_1_185' title='bbox 1403 2388 1669 2458; x_wconf 91' lang='lat' dir='ltr'><strong>episcopi,</strong></span> 
     </span>
    </p>
   </div>
   <div class='ocr_carea' id='block_1_28' title="bbox 104 2481 1668 2560">
    <p class='ocr_par' dir='ltr' id='par_1_28' title="bbox 104 2481 1668 2560">
     <span class='ocr_line' id='line_1_28' title="bbox 104 2481 1668 2560; baseline -0.003 -21"><span class='ocrx_word' id='word_1_186' title='bbox 104 2504 210 2539; x_wconf 84' lang='lat' dir='ltr'><strong>cum</strong></span> <span class='ocrx_word' id='word_1_187' title='bbox 252 2486 318 2540; x_wconf 89' lang='lat' dir='ltr'><strong>ad</strong></span> <span class='ocrx_word' id='word_1_188' title='bbox 343 2485 594 2540; x_wconf 88' lang='lat' dir='ltr'><strong>eumdem</strong></span> <span class='ocrx_word' id='word_1_189' title='bbox 639 2484 990 2553; x_wconf 72' lang='lat' dir='ltr'><strong>quaerendum</strong></span> <span class='ocrx_word' id='word_1_190' title='bbox 1030 2483 1288 2560; x_wconf 82' lang='lat' dir='ltr'><strong>juvenem</strong></span> <span class='ocrx_word' id='word_1_191' title='bbox 1335 2481 1668 2536; x_wconf 89' lang='lat' dir='ltr'><strong>monachum</strong></span> 
     </span>
    </p>
   </div>
   <div class='ocr_carea' id='block_1_29' title="bbox 105 2572 1671 2648">
    <p class='ocr_par' dir='ltr' id='par_1_29' title="bbox 105 2572 1671 2648">
     <span class='ocr_line' id='line_1_29' title="bbox 105 2572 1671 2648; baseline -0.002 -19"><span class='ocrx_word' id='word_1_192' title='bbox 105 2576 380 2648; x_wconf 76' lang='lat' dir='ltr'><strong>Polybium</strong></span> <span class='ocrx_word' id='word_1_193' title='bbox 416 2576 838 2642; x_wconf 85' lang='lat' dir='ltr'><strong>submisissent;</strong></span> <span class='ocrx_word' id='word_1_194' title='bbox 871 2575 986 2644; x_wconf 88' lang='lat' dir='ltr'><strong>ipse</strong></span> <span class='ocrx_word' id='word_1_195' title='bbox 1021 2575 1288 2628; x_wconf 85' lang='lat' dir='ltr'><strong>adventus</strong></span> <span class='ocrx_word' id='word_1_196' title='bbox 1319 2589 1486 2628; x_wconf 88' lang='lat' dir='ltr'><strong>causa</strong></span> <span class='ocrx_word' id='word_1_197' title='bbox 1526 2572 1671 2628; x_wconf 88' lang='lat' dir='ltr'><strong>divi-</strong></span> 
     </span>
    </p>
   </div>
   <div class='ocr_carea' id='block_1_30' title="bbox 105 2664 1669 2739">
    <p class='ocr_par' dir='ltr' id='par_1_30' title="bbox 105 2664 1669 2739">
     <span class='ocr_line' id='line_1_30' title="bbox 105 2664 1669 2739; baseline -0.001 -18"><span class='ocrx_word' id='word_1_198' title='bbox 105 2672 241 2724; x_wconf 82' lang='lat' dir='ltr'><strong>nitus</strong></span> <span class='ocrx_word' id='word_1_199' title='bbox 264 2669 514 2739; x_wconf 85' lang='lat' dir='ltr'><strong>cognita,</strong></span> <span class='ocrx_word' id='word_1_200' title='bbox 546 2683 672 2722; x_wconf 90' lang='lat' dir='ltr'><strong>cum</strong></span> <span class='ocrx_word' id='word_1_201' title='bbox 705 2666 896 2722; x_wconf 90' lang='lat' dir='ltr'><strong>eodem</strong></span> <span class='ocrx_word' id='word_1_202' title='bbox 926 2664 1154 2737; x_wconf 75' lang='lat' dir='ltr'><strong>Polybio</strong></span> <span class='ocrx_word' id='word_1_203' title='bbox 1208 2680 1397 2721; x_wconf 84' lang='lat' dir='ltr'><strong>secum</strong></span> <span class='ocrx_word' id='word_1_204' title='bbox 1432 2671 1669 2729; x_wconf 86' lang='lat' dir='ltr'><strong>retento,</strong></span> 
     </span>
    </p>
   </div>
   <div class='ocr_carea' id='block_1_31' title="bbox 102 2754 1674 2828">
    <p class='ocr_par' dir='ltr' id='par_1_31' title="bbox 102 2754 1674 2828">
     <span class='ocr_line' id='line_1_31' title="bbox 102 2754 1674 2828; baseline -0.001 -15"><span class='ocrx_word' id='word_1_205' title='bbox 102 2771 297 2816; x_wconf 85' lang='lat' dir='ltr'><strong>etcum</strong></span> <span class='ocrx_word' id='word_1_206' title='bbox 337 2757 552 2814; x_wconf 78' lang='lat' dir='ltr'><strong>Joanne</strong></span> <span class='ocrx_word' id='word_1_207' title='bbox 581 2757 778 2828; x_wconf 85' lang='lat' dir='ltr'><strong>fugerit</strong></span> <span class='ocrx_word' id='word_1_208' title='bbox 809 2757 864 2812; x_wconf 89' lang='lat' dir='ltr'><strong>in</strong></span> <span class='ocrx_word' id='word_1_209' title='bbox 907 2755 1146 2828; x_wconf 83' lang='lat' dir='ltr'><strong>Cyprum</strong></span> <span class='ocrx_word' id='word_1_210' title='bbox 1196 2756 1264 2810; x_wconf 69' lang='lat' dir='ltr'><strong>ad</strong></span> <span class='ocrx_word' id='word_1_211' title='bbox 1319 2755 1378 2811; x_wconf 93' lang='lat' dir='ltr'><strong>S.</strong></span> <span class='ocrx_word' id='word_1_212' title='bbox 1437 2754 1674 2811; x_wconf 88' lang='lat' dir='ltr'><strong>Hilario-</strong></span> 
     </span>
    </p>
   </div>
   <div class='ocr_carea' id='block_1_32' title="bbox 103 2846 1676 2921">
    <p class='ocr_par' dir='ltr' id='par_1_32' title="bbox 103 2846 1676 2921">
     <span class='ocr_line' id='line_1_32' title="bbox 103 2846 1676 2921; baseline -0.001 -17"><span class='ocrx_word' id='word_1_213' title='bbox 103 2869 214 2906; x_wconf 86' lang='lat' dir='ltr'><strong>nem</strong></span> <span class='ocrx_word' id='word_1_214' title='bbox 244 2873 257 2907; x_wconf 91' lang='lat'><strong>:</strong></span> <span class='ocrx_word' id='word_1_215' title='bbox 287 2868 321 2907; x_wconf 83' lang='lat' dir='ltr'><strong>a</strong></span> <span class='ocrx_word' id='word_1_216' title='bbox 360 2850 680 2921; x_wconf 82' lang='lat' dir='ltr'><strong>quojussus</strong></span> <span class='ocrx_word' id='word_1_217' title='bbox 711 2848 1046 2903; x_wconf 85' lang='lat' dir='ltr'><strong>Salaminam</strong></span> <span class='ocrx_word' id='word_1_218' title='bbox 1080 2847 1383 2902; x_wconf 88' lang='lat' dir='ltr'><strong>habitatum</strong></span> <span class='ocrx_word' id='word_1_219' title='bbox 1417 2846 1589 2914; x_wconf 87' lang='lat' dir='ltr'><strong>adire,</strong></span> <span class='ocrx_word' id='word_1_220' title='bbox 1620 2856 1676 2903; x_wconf 88' lang='lat' dir='ltr'><strong>et</strong></span> 
     </span>
    </p>
   </div>
   <div class='ocr_carea' id='block_1_33' title="bbox 105 2939 1676 3011">
    <p class='ocr_par' dir='ltr' id='par_1_33' title="bbox 105 2939 1676 3011">
     <span class='ocr_line' id='line_1_33' title="bbox 105 2939 1676 3011; baseline 0.002 -19"><span class='ocrx_word' id='word_1_221' title='bbox 105 2942 296 2997; x_wconf 78' lang='lat' dir='ltr'><strong>invitus</strong></span> <span class='ocrx_word' id='word_1_222' title='bbox 321 2957 391 2996; x_wconf 90' lang='lat' dir='ltr'><strong>ac</strong></span> <span class='ocrx_word' id='word_1_223' title='bbox 418 2949 738 3010; x_wconf 83' lang='lat' dir='ltr'><strong>tempestate</strong></span> <span class='ocrx_word' id='word_1_224' title='bbox 765 2939 1080 3010; x_wconf 90' lang='lat' dir='ltr'><strong>compulsus</strong></span> <span class='ocrx_word' id='word_1_225' title='bbox 1119 2939 1249 2994; x_wconf 89' lang='lat' dir='ltr'><strong>illuc</strong></span> <span class='ocrx_word' id='word_1_226' title='bbox 1278 2939 1553 3011; x_wconf 89' lang='lat' dir='ltr'><strong>appellens</strong></span> <span class='ocrx_word' id='word_1_227' title='bbox 1585 2955 1676 2995; x_wconf 85' lang='lat' dir='ltr'><strong>na-</strong></span> 
     </span>
    </p>
   </div>
   <div class='ocr_carea' id='block_1_34' title="bbox 103 3031 1674 3105">
    <p class='ocr_par' dir='ltr' id='par_1_34' title="bbox 103 3031 1674 3105">
     <span class='ocr_line' id='line_1_34' title="bbox 103 3031 1674 3105; baseline 0.002 -20"><span class='ocrx_word' id='word_1_228' title='bbox 103 3036 242 3100; x_wconf 85' lang='lat' dir='ltr'><strong>vim,</strong></span> <span class='ocrx_word' id='word_1_229' title='bbox 302 3049 478 3105; x_wconf 89' lang='lat' dir='ltr'><strong>quam</strong></span> <span class='ocrx_word' id='word_1_230' title='bbox 541 3033 896 3103; x_wconf 73' lang='lat' dir='ltr'><strong>navigaturus</strong></span> <span class='ocrx_word' id='word_1_231' title='bbox 957 3031 1281 3088; x_wconf 82' lang='lat' dir='ltr'><strong>Ascalonem</strong></span> <span class='ocrx_word' id='word_1_232' title='bbox 1333 3034 1674 3098; x_wconf 86' lang='lat' dir='ltr'><strong>ascenderat,</strong></span> 
     </span>
    </p>
   </div>
   <div class='ocr_carea' id='block_1_35' title="bbox 101 3122 1678 3196">
    <p class='ocr_par' dir='ltr' id='par_1_35' title="bbox 101 3122 1678 3196">
     <span class='ocr_line' id='line_1_35' title="bbox 101 3122 1678 3196; baseline 0 -17"><span class='ocrx_word' id='word_1_233' title='bbox 101 3126 530 3196; x_wconf 80' lang='lat' dir='ltr'><strong>comprehensus</strong></span> <span class='ocrx_word' id='word_1_234' title='bbox 584 3124 639 3178; x_wconf 96' lang='lat' dir='ltr'><strong>in</strong></span> <span class='ocrx_word' id='word_1_235' title='bbox 685 3123 802 3178; x_wconf 92' lang='lat' dir='ltr'><strong>foro</strong></span> <span class='ocrx_word' id='word_1_236' title='bbox 839 3123 1005 3179; x_wconf 89' lang='lat' dir='ltr'><strong>fuerit</strong></span> <span class='ocrx_word' id='word_1_237' title='bbox 1042 3140 1072 3178; x_wconf 89' lang='lat' dir='ltr'><strong>a</strong></span> <span class='ocrx_word' id='word_1_238' title='bbox 1119 3122 1175 3178; x_wconf 92' lang='lat' dir='ltr'><strong>S.</strong></span> <span class='ocrx_word' id='word_1_239' title='bbox 1226 3123 1430 3196; x_wconf 89' lang='lat' dir='ltr'><strong>Pappo,</strong></span> <span class='ocrx_word' id='word_1_240' title='bbox 1469 3126 1536 3181; x_wconf 92' lang='lat' dir='ltr'><strong>de</strong></span> <span class='ocrx_word' id='word_1_241' title='bbox 1569 3141 1678 3195; x_wconf 89' lang='lat' dir='ltr'><strong>quo</strong></span> 
     </span>
    </p>
   </div>
   <div class='ocr_carea' id='block_1_36' title="bbox 98 3215 1676 3286">
    <p class='ocr_par' dir='ltr' id='par_1_36' title="bbox 98 3215 1676 3286">
     <span class='ocr_line' id='line_1_36' title="bbox 98 3215 1676 3286; baseline 0.001 -15"><span class='ocrx_word' id='word_1_242' title='bbox 98 3233 252 3286; x_wconf 69' lang='lat' dir='ltr'><strong>supra</strong></span> <span class='ocrx_word' id='word_1_243' title='bbox 274 3235 336 3273; x_wconf 90' lang='lat' dir='ltr'><strong>n.</strong></span> <span class='ocrx_word' id='word_1_244' title='bbox 372 3217 468 3278; x_wconf 72' lang='lat'><strong>{5,</strong></span> <span class='ocrx_word' id='word_1_245' title='bbox 496 3231 622 3270; x_wconf 90' lang='lat' dir='ltr'><strong>cum</strong></span> <span class='ocrx_word' id='word_1_246' title='bbox 656 3215 797 3271; x_wconf 90' lang='lat' dir='ltr'><strong>forte</strong></span> <span class='ocrx_word' id='word_1_247' title='bbox 827 3231 962 3270; x_wconf 83' lang='lat' dir='ltr'><strong>uvas</strong></span> <span class='ocrx_word' id='word_1_248' title='bbox 996 3215 1325 3282; x_wconf 89' lang='lat' dir='ltr'><strong>licitaretur,</strong></span> <span class='ocrx_word' id='word_1_249' title='bbox 1360 3225 1676 3286; x_wconf 88' lang='lat' dir='ltr'><strong>tractusque</strong></span> 
     </span>
    </p>
   </div>
   <div class='ocr_carea' id='block_1_37' title="bbox 101 3309 1675 3380">
    <p class='ocr_par' dir='ltr' id='par_1_37' title="bbox 101 3309 1675 3380">
     <span class='ocr_line' id='line_1_37' title="bbox 101 3309 1675 3380; baseline 0 -16"><span class='ocrx_word' id='word_1_250' title='bbox 101 3313 158 3364; x_wconf 83' lang='lat' dir='ltr'><strong>ad</strong></span> <span class='ocrx_word' id='word_1_251' title='bbox 192 3311 496 3368; x_wconf 82' lang='lat' dir='ltr'><strong>ecclesiam</strong></span> <span class='ocrx_word' id='word_1_252' title='bbox 530 3309 817 3366; x_wconf 89' lang='lat' dir='ltr'><strong>ordinatus</strong></span> <span class='ocrx_word' id='word_1_253' title='bbox 853 3309 1019 3364; x_wconf 90' lang='lat' dir='ltr'><strong>fuerit</strong></span> <span class='ocrx_word' id='word_1_254' title='bbox 1060 3325 1156 3379; x_wconf 92' lang='lat' dir='ltr'><strong>per</strong></span> <span class='ocrx_word' id='word_1_255' title='bbox 1207 3310 1314 3364; x_wconf 91' lang='lat' dir='ltr'><strong>vim</strong></span> <span class='ocrx_word' id='word_1_256' title='bbox 1350 3309 1675 3380; x_wconf 87' lang='lat' dir='ltr'><strong>episc0pus;</strong></span> 
     </span>
    </p>
   </div>
   <div class='ocr_carea' id='block_1_38' title="bbox 99 3403 1677 3472">
    <p class='ocr_par' dir='ltr' id='par_1_38' title="bbox 99 3403 1677 3472">
     <span class='ocr_line' id='line_1_38' title="bbox 99 3403 1677 3472; baseline -0.001 -14"><span class='ocrx_word' id='word_1_257' title='bbox 99 3420 198 3472; x_wconf 80' lang='lat' dir='ltr'><strong>quo</strong></span> <span class='ocrx_word' id='word_1_258' title='bbox 239 3406 294 3458; x_wconf 90' lang='lat' dir='ltr'><strong>in</strong></span> <span class='ocrx_word' id='word_1_259' title='bbox 351 3419 586 3458; x_wconf 89' lang='lat' dir='ltr'><strong>munere</strong></span> <span class='ocrx_word' id='word_1_260' title='bbox 633 3403 892 3458; x_wconf 88' lang='lat' dir='ltr'><strong>habuerit</strong></span> <span class='ocrx_word' id='word_1_261' title='bbox 943 3404 1236 3458; x_wconf 88' lang='lat' dir='ltr'><strong>diaconum</strong></span> <span class='ocrx_word' id='word_1_262' title='bbox 1281 3403 1604 3469; x_wconf 82' lang='lat' dir='ltr'><strong>Charinum,</strong></span> <span class='ocrx_word' id='word_1_263' title='bbox 1647 3418 1677 3456; x_wconf 89' lang='lat' dir='ltr'><strong>a</strong></span> 
     </span>
    </p>
   </div>
   <div class='ocr_carea' id='block_1_39' title="bbox 99 3495 1676 3565">
    <p class='ocr_par' dir='ltr' id='par_1_39' title="bbox 99 3495 1676 3565">
     <span class='ocr_line' id='line_1_39' title="bbox 99 3495 1676 3565; baseline 0.004 -22"><span class='ocrx_word' id='word_1_264' title='bbox 99 3511 200 3562; x_wconf 78' lang='lat' dir='ltr'><strong>quo</strong></span> <span class='ocrx_word' id='word_1_265' title='bbox 238 3495 583 3551; x_wconf 85' lang='lat' dir='ltr'><strong>calumniam</strong></span> <span class='ocrx_word' id='word_1_266' title='bbox 623 3510 821 3565; x_wconf 88' lang='lat' dir='ltr'><strong>passus</strong></span> <span class='ocrx_word' id='word_1_267' title='bbox 860 3503 1079 3565; x_wconf 87' lang='lat' dir='ltr'><strong>propter</strong></span> <span class='ocrx_word' id='word_1_268' title='bbox 1120 3509 1320 3550; x_wconf 87' lang='lat' dir='ltr'><strong>aureos</strong></span> <span class='ocrx_word' id='word_1_269' title='bbox 1365 3504 1583 3550; x_wconf 88' lang='lat' dir='ltr'><strong>centum</strong></span> <span class='ocrx_word' id='word_1_270' title='bbox 1611 3495 1676 3549; x_wconf 90' lang='lat' dir='ltr'><strong>ad</strong></span> 
     </span>
    </p>
   </div>
   <div class='ocr_carea' id='block_1_40' title="bbox 99 3586 1678 3658">
    <p class='ocr_par' dir='ltr' id='par_1_40' title="bbox 99 3586 1678 3658">
     <span class='ocr_line' id='line_1_40' title="bbox 99 3586 1678 3658; baseline 0.006 -24"><span class='ocrx_word' id='word_1_271' title='bbox 99 3589 509 3645; x_wconf 72' lang='lat' dir='ltr'><strong>dissolvendum</strong></span> <span class='ocrx_word' id='word_1_272' title='bbox 536 3587 734 3657; x_wconf 88' lang='lat' dir='ltr'><strong>captivi</strong></span> <span class='ocrx_word' id='word_1_273' title='bbox 759 3586 1134 3658; x_wconf 86' lang='lat' dir='ltr'><strong>Eugnomonis</strong></span> <span class='ocrx_word' id='word_1_274' title='bbox 1157 3587 1402 3643; x_wconf 88' lang='lat' dir='ltr'><strong>debitum</strong></span> <span class='ocrx_word' id='word_1_275' title='bbox 1427 3589 1495 3644; x_wconf 90' lang='lat' dir='ltr'><strong>de</strong></span> <span class='ocrx_word' id='word_1_276' title='bbox 1519 3589 1678 3644; x_wconf 90' lang='lat' dir='ltr'><strong>bonis</strong></span> 
     </span>
    </p>
   </div>
   <div class='ocr_carea' id='block_1_41' title="bbox 97 3679 1679 3749">
    <p class='ocr_par' dir='ltr' id='par_1_41' title="bbox 97 3679 1679 3749">
     <span class='ocr_line' id='line_1_41' title="bbox 97 3679 1679 3749; baseline 0.003 -18"><span class='ocrx_word' id='word_1_277' title='bbox 97 3679 355 3736; x_wconf 71' lang='lat' dir='ltr'><strong>Ecclesia:</strong></span> <span class='ocrx_word' id='word_1_278' title='bbox 385 3693 681 3748; x_wconf 87' lang='lat' dir='ltr'><strong>expensos,</strong></span> <span class='ocrx_word' id='word_1_279' title='bbox 718 3680 973 3749; x_wconf 90' lang='lat' dir='ltr'><strong>quamvis</strong></span> <span class='ocrx_word' id='word_1_280' title='bbox 1005 3680 1182 3735; x_wconf 90' lang='lat' dir='ltr'><strong>cidem</strong></span> <span class='ocrx_word' id='word_1_281' title='bbox 1224 3680 1550 3747; x_wconf 82' lang='lat' dir='ltr'><strong>restitutos;</strong></span> <span class='ocrx_word' id='word_1_282' title='bbox 1599 3681 1679 3735; x_wconf 84' lang='lat' dir='ltr'><strong>ei-</strong></span> 
     </span>
    </p>
   </div>
   <div class='ocr_carea' id='block_1_42' title="bbox 97 3772 1681 3843">
    <p class='ocr_par' dir='ltr' id='par_1_42' title="bbox 97 3772 1681 3843">
     <span class='ocr_line' id='line_1_42' title="bbox 97 3772 1681 3843; baseline 0.004 -22"><span class='ocrx_word' id='word_1_283' title='bbox 97 3775 208 3825; x_wconf 66' lang='lat' dir='ltr'><strong>dem</strong></span> <span class='ocrx_word' id='word_1_284' title='bbox 240 3773 519 3835; x_wconf 87' lang='lat' dir='ltr'><strong>Charino,</strong></span> <span class='ocrx_word' id='word_1_285' title='bbox 567 3772 670 3827; x_wconf 82' lang='lat' dir='ltr'><strong>sibi</strong></span> <span class='ocrx_word' id='word_1_286' title='bbox 715 3773 796 3826; x_wconf 84' lang='lat' dir='ltr'><strong>ad.</strong></span> <span class='ocrx_word' id='word_1_287' title='bbox 834 3782 918 3827; x_wconf 91' lang='lat' dir='ltr'><strong>ter</strong></span> <span class='ocrx_word' id='word_1_288' title='bbox 955 3773 1236 3842; x_wconf 88' lang='lat' dir='ltr'><strong>repetitam</strong></span> <span class='ocrx_word' id='word_1_289' title='bbox 1288 3773 1501 3843; x_wconf 89' lang='lat' dir='ltr'><strong>prandii</strong></span> <span class='ocrx_word' id='word_1_290' title='bbox 1546 3782 1681 3828; x_wconf 89' lang='lat' dir='ltr'><strong>tem-</strong></span> 
     </span>
    </p>
   </div>
   <div class='ocr_carea' id='block_1_43' title="bbox 97 3862 1682 3933">
    <p class='ocr_par' dir='ltr' id='par_1_43' title="bbox 97 3862 1682 3933">
     <span class='ocr_line' id='line_1_43' title="bbox 97 3862 1682 3933; baseline 0.006 -25"><span class='ocrx_word' id='word_1_291' title='bbox 97 3874 220 3924; x_wconf 66' lang='lat' dir='ltr'><strong>pore</strong></span> <span class='ocrx_word' id='word_1_292' title='bbox 259 3862 414 3916; x_wconf 73' lang='lat' dir='ltr'><strong>cervi</strong></span> <span class='ocrx_word' id='word_1_293' title='bbox 453 3875 646 3915; x_wconf 86' lang='lat' dir='ltr'><strong>vocem</strong></span> <span class='ocrx_word' id='word_1_294' title='bbox 689 3862 960 3927; x_wconf 88' lang='lat' dir='ltr'><strong>illudenti,</strong></span> <span class='ocrx_word' id='word_1_295' title='bbox 1017 3871 1247 3916; x_wconf 90' lang='lat' dir='ltr'><strong>mortem</strong></span> <span class='ocrx_word' id='word_1_296' title='bbox 1298 3864 1367 3918; x_wconf 87' lang='lat' dir='ltr'><strong>ab</strong></span> <span class='ocrx_word' id='word_1_297' title='bbox 1413 3864 1515 3918; x_wconf 89' lang='lat' dir='ltr'><strong>hoc</strong></span> <span class='ocrx_word' id='word_1_298' title='bbox 1544 3881 1682 3933; x_wconf 76' lang='lat' dir='ltr'><strong>pra:-</strong></span> 
     </span>
    </p>
   </div>
   <div class='ocr_carea' id='block_1_44' title="bbox 99 3950 1684 4026">
    <p class='ocr_par' dir='ltr' id='par_1_44' title="bbox 99 3950 1684 4026">
     <span class='ocr_line' id='line_1_44' title="bbox 99 3950 1684 4026; baseline 0.005 -24"><span class='ocrx_word' id='word_1_299' title='bbox 99 3953 407 4006; x_wconf 81' lang='lat' dir='ltr'><strong>nnntiatam</strong></span> <span class='ocrx_word' id='word_1_300' title='bbox 437 3950 797 4020; x_wconf 81' lang='lat' dir='ltr'><strong>significarit;</strong></span> <span class='ocrx_word' id='word_1_301' title='bbox 842 3967 1069 4008; x_wconf 85' lang='lat' dir='ltr'><strong>uxorein</strong></span> <span class='ocrx_word' id='word_1_302' title='bbox 1100 3965 1284 4009; x_wconf 89' lang='lat' dir='ltr'><strong>autem</strong></span> <span class='ocrx_word' id='word_1_303' title='bbox 1319 3955 1440 4025; x_wconf 90' lang='lat' dir='ltr'><strong>ejus</strong></span> <span class='ocrx_word' id='word_1_304' title='bbox 1471 3970 1501 4009; x_wconf 91' lang='lat' dir='ltr'><strong>a</strong></span> <span class='ocrx_word' id='word_1_305' title='bbox 1529 3970 1684 4026; x_wconf 89' lang='lat' dir='ltr'><strong>para-</strong></span> 
     </span>
    </p>
   </div>
   <div class='ocr_carea' id='block_1_45' title="bbox 93 4043 1683 4114">
    <p class='ocr_par' dir='ltr' id='par_1_45' title="bbox 93 4043 1683 4114">
     <span class='ocr_line' id='line_1_45' title="bbox 93 4043 1683 4114; baseline 0.007 -22"><span class='ocrx_word' id='word_1_306' title='bbox 93 4044 184 4109; x_wconf 69' lang='lat' dir='ltr'><strong>tysi</strong></span> <span class='ocrx_word' id='word_1_307' title='bbox 245 4044 549 4098; x_wconf 85' lang='lat' dir='ltr'><strong>liberatam</strong></span> <span class='ocrx_word' id='word_1_308' title='bbox 608 4043 874 4098; x_wconf 89' lang='lat' dir='ltr'><strong>ordinarit</strong></span> <span class='ocrx_word' id='word_1_309' title='bbox 932 4045 1326 4114; x_wconf 89' lang='lat' dir='ltr'><strong>diaconissam,</strong></span> <span class='ocrx_word' id='word_1_310' title='bbox 1380 4061 1488 4100; x_wconf 87' lang='lat' dir='ltr'><strong>non</strong></span> <span class='ocrx_word' id='word_1_311' title='bbox 1560 4047 1683 4103; x_wconf 88' lang='lat' dir='ltr'><strong>sine</strong></span> 
     </span>
    </p>
   </div>
   <div class='ocr_carea' id='block_1_46' title="bbox 93 4135 1676 4204">
    <p class='ocr_par' dir='ltr' id='par_1_46' title="bbox 93 4135 1676 4204">
     <span class='ocr_line' id='line_1_46' title="bbox 93 4135 1676 4204; baseline 0.008 -21"><span class='ocrx_word' id='word_1_312' title='bbox 93 4136 202 4187; x_wconf 81' lang='lat' dir='ltr'><strong>utili</strong></span> <span class='ocrx_word' id='word_1_313' title='bbox 233 4137 310 4190; x_wconf 84' lang='lat' dir='ltr'><strong>ad</strong></span> <span class='ocrx_word' id='word_1_314' title='bbox 353 4135 637 4204; x_wconf 89' lang='lat' dir='ltr'><strong>reliquum</strong></span> <span class='ocrx_word' id='word_1_315' title='bbox 689 4135 898 4191; x_wconf 92' lang='lat' dir='ltr'><strong>clerum</strong></span> <span class='ocrx_word' id='word_1_316' title='bbox 946 4137 1000 4192; x_wconf 93' lang='lat' dir='ltr'><strong>in</strong></span> <span class='ocrx_word' id='word_1_317' title='bbox 1059 4137 1238 4193; x_wconf 74' lang='lat' dir='ltr'><strong>officio</strong></span> <span class='ocrx_word' id='word_1_318' title='bbox 1285 4139 1676 4195; x_wconf 89' lang='lat' dir='ltr'><strong>continendum</strong></span> 
     </span>
    </p>
   </div>
   <div class='ocr_carea' id='block_1_47' title="bbox 86 4226 1682 4299">
    <p class='ocr_par' dir='ltr' id='par_1_47' title="bbox 86 4226 1682 4299">
     <span class='ocr_line' id='line_1_47' title="bbox 86 4226 1682 4299; baseline 0.006 -25"><span class='ocrx_word' id='word_1_319' title='bbox 86 4227 376 4296; x_wconf 55' lang='lat' dir='ltr'><strong>exemplo;</strong></span> <span class='ocrx_word' id='word_1_320' title='bbox 410 4226 549 4296; x_wconf 87' lang='lat' dir='ltr'><strong>quin</strong></span> <span class='ocrx_word' id='word_1_321' title='bbox 589 4226 750 4280; x_wconf 88' lang='lat' dir='ltr'><strong>etiam</strong></span> <span class='ocrx_word' id='word_1_322' title='bbox 786 4227 982 4283; x_wconf 90' lang='lat' dir='ltr'><strong>solitus</strong></span> <span class='ocrx_word' id='word_1_323' title='bbox 1011 4243 1119 4283; x_wconf 92' lang='lat' dir='ltr'><strong>non</strong></span> <span class='ocrx_word' id='word_1_324' title='bbox 1159 4229 1419 4299; x_wconf 82' lang='lat' dir='ltr'><strong>perlicere</strong></span> <span class='ocrx_word' id='word_1_325' title='bbox 1449 4230 1682 4286; x_wconf 85' lang='lat' dir='ltr'><strong>oblatio-</strong></span> 
     </span>
    </p>
   </div>
   <div class='ocr_carea' id='block_1_48' title="bbox 1753 372 3326 446">
    <p class='ocr_par' dir='ltr' id='par_1_48' title="bbox 1753 372 3326 446">
     <span class='ocr_line' id='line_1_48' title="bbox 1753 372 3326 446; baseline -0.003 -14"><span class='ocrx_word' id='word_1_326' title='bbox 1753 393 1891 446; x_wconf 86' lang='lat' dir='ltr'><strong>opus</strong></span> <span class='ocrx_word' id='word_1_327' title='bbox 1919 376 2275 431; x_wconf 87' lang='lat' dir='ltr'><strong>necessarios.</strong></span> <span class='ocrx_word' id='word_1_328' title='bbox 2315 373 2446 428; x_wconf 87' lang='lat' dir='ltr'><strong>Nam</strong></span> <span class='ocrx_word' id='word_1_329' title='bbox 2485 375 2661 445; x_wconf 91' lang='lat' dir='ltr'><strong>primo</strong></span> <span class='ocrx_word' id='word_1_330' title='bbox 2693 389 2818 428; x_wconf 92' lang='lat' dir='ltr'><strong>cum</strong></span> <span class='ocrx_word' id='word_1_331' title='bbox 2851 372 3121 429; x_wconf 85' lang='lat' dir='ltr'><strong>Draconis</strong></span> <span class='ocrx_word' id='word_1_332' title='bbox 3144 373 3326 441; x_wconf 80' lang='lat' dir='ltr'><strong>cujus-</strong></span> 
     </span>
    </p>
   </div>
   <div class='ocr_carea' id='block_1_49' title="bbox 1754 445 3325 534">
    <p class='ocr_par' dir='ltr' id='par_1_49' title="bbox 1754 445 3325 534">
     <span class='ocr_line' id='line_1_49' title="bbox 1754 445 3325 534; baseline -0.003 -15"><span class='ocrx_word' id='word_1_333' title='bbox 1754 445 1877 520; x_wconf 58' lang='lat' dir='ltr'><strong>dam</strong></span> <span class='ocrx_word' id='word_1_334' title='bbox 1930 465 2135 527; x_wconf 80' lang='lat' dir='ltr'><strong>divitis,</strong></span> <span class='ocrx_word' id='word_1_335' title='bbox 2197 465 2291 519; x_wconf 92' lang='lat' dir='ltr'><strong>sed</strong></span> <span class='ocrx_word' id='word_1_336' title='bbox 2353 445 2594 534; x_wconf 85' lang='lat' dir='ltr'><strong>gentilis,</strong></span> <span class='ocrx_word' id='word_1_337' title='bbox 2649 463 2754 518; x_wconf 91' lang='lat' dir='ltr'><strong>sibi</strong></span> <span class='ocrx_word' id='word_1_338' title='bbox 2817 462 3094 517; x_wconf 91' lang='lat' dir='ltr'><strong>illudentis</strong></span> <span class='ocrx_word' id='word_1_339' title='bbox 3153 462 3325 515; x_wconf 86' lang='lat' dir='ltr'><strong>tilium</strong></span> 
     </span>
    </p>
   </div>
   <div class='ocr_carea' id='block_1_50' title="bbox 1754 554 3326 626">
    <p class='ocr_par' dir='ltr' id='par_1_50' title="bbox 1754 554 3326 626">
     <span class='ocr_line' id='line_1_50' title="bbox 1754 554 3326 626; baseline -0.002 -15"><span class='ocrx_word' id='word_1_340' title='bbox 1754 561 2016 626; x_wconf 72' lang='lat' dir='ltr'><strong>mgrotuni</strong></span> <span class='ocrx_word' id='word_1_341' title='bbox 2069 563 2356 621; x_wconf 86' lang='lat' dir='ltr'><strong>sanasset;</strong></span> <span class='ocrx_word' id='word_1_342' title='bbox 2416 555 2610 609; x_wconf 90' lang='lat' dir='ltr'><strong>morbo</strong></span> <span class='ocrx_word' id='word_1_343' title='bbox 2666 554 2720 608; x_wconf 93' lang='lat' dir='ltr'><strong>in</strong></span> <span class='ocrx_word' id='word_1_344' title='bbox 2779 565 2988 624; x_wconf 88' lang='lat' dir='ltr'><strong>patrem</strong></span> <span class='ocrx_word' id='word_1_345' title='bbox 3038 554 3326 616; x_wconf 88' lang='lat' dir='ltr'><strong>translato,</strong></span> 
     </span>
    </p>
   </div>
   <div class='ocr_carea' id='block_1_51' title="bbox 1758 646 3332 717">
    <p class='ocr_par' dir='ltr' id='par_1_51' title="bbox 1758 646 3332 717">
     <span class='ocr_line' id='line_1_51' title="bbox 1758 646 3332 717; baseline 0 -17"><span class='ocrx_word' id='word_1_346' title='bbox 1758 663 2086 717; x_wconf 89' lang='lat' dir='ltr'><strong>rursumque</strong></span> <span class='ocrx_word' id='word_1_347' title='bbox 2133 647 2200 701; x_wconf 90' lang='lat' dir='ltr'><strong>ad</strong></span> <span class='ocrx_word' id='word_1_348' title='bbox 2243 661 2399 702; x_wconf 87' lang='lat' dir='ltr'><strong>suam</strong></span> <span class='ocrx_word' id='word_1_349' title='bbox 2447 646 2886 702; x_wconf 89' lang='lat' dir='ltr'><strong>benedictionem</strong></span> <span class='ocrx_word' id='word_1_350' title='bbox 2929 648 3110 702; x_wconf 85' lang='lat' dir='ltr'><strong>ablato</strong></span> <span class='ocrx_word' id='word_1_351' title='bbox 3161 647 3332 717; x_wconf 83' lang='lat' dir='ltr'><strong>impe-</strong></span> 
     </span>
    </p>
   </div>
   <div class='ocr_carea' id='block_1_52' title="bbox 1759 735 3335 805">
    <p class='ocr_par' dir='ltr' id='par_1_52' title="bbox 1759 735 3335 805">
     <span class='ocr_line' id='line_1_52' title="bbox 1759 735 3335 805; baseline -0.002 -14"><span class='ocrx_word' id='word_1_352' title='bbox 1759 749 1932 793; x_wconf 90' lang='lat' dir='ltr'><strong>trasse</strong></span> <span class='ocrx_word' id='word_1_353' title='bbox 1993 738 2062 792; x_wconf 87' lang='lat' dir='ltr'><strong>ab</strong></span> <span class='ocrx_word' id='word_1_354' title='bbox 2099 737 2313 802; x_wconf 91' lang='lat' dir='ltr'><strong>eodem,</strong></span> <span class='ocrx_word' id='word_1_355' title='bbox 2355 751 2653 800; x_wconf 89' lang='lat' dir='ltr'><strong>converso,</strong></span> <span class='ocrx_word' id='word_1_356' title='bbox 2687 751 2809 791; x_wconf 88' lang='lat' dir='ltr'><strong>cum</strong></span> <span class='ocrx_word' id='word_1_357' title='bbox 2842 736 3049 790; x_wconf 83' lang='lat' dir='ltr'><strong>familia</strong></span> <span class='ocrx_word' id='word_1_358' title='bbox 3075 745 3130 790; x_wconf 92' lang='lat' dir='ltr'><strong>et</strong></span> <span class='ocrx_word' id='word_1_359' title='bbox 3166 735 3335 805; x_wconf 86' lang='lat' dir='ltr'><strong>bapti-</strong></span> 
     </span>
    </p>
   </div>
   <div class='ocr_carea' id='block_1_53' title="bbox 1760 813 3331 900">
    <p class='ocr_par' dir='ltr' id='par_1_53' title="bbox 1760 813 3331 900">
     <span class='ocr_line' id='line_1_53' title="bbox 1760 813 3331 900; baseline -0.003 -19"><span class='ocrx_word' id='word_1_360' title='bbox 1760 838 1900 892; x_wconf 84' lang='lat' dir='ltr'><strong>zato,</strong></span> <span class='ocrx_word' id='word_1_361' title='bbox 1956 827 2198 897; x_wconf 90' lang='lat' dir='ltr'><strong>quinque</strong></span> <span class='ocrx_word' id='word_1_362' title='bbox 2251 813 2422 880; x_wconf 84' lang='lat' dir='ltr'><strong>millia</strong></span> <span class='ocrx_word' id='word_1_363' title='bbox 2475 840 2835 900; x_wconf 88' lang='lat' dir='ltr'><strong>nummorum</strong></span> <span class='ocrx_word' id='word_1_364' title='bbox 2885 843 2908 879; x_wconf 53' lang='grc' dir='ltr'><strong>τε</strong></span> <span class='ocrx_word' id='word_1_365' title='bbox 2968 825 3161 880; x_wconf 81' lang='lat' dir='ltr'><strong>deinde</strong></span> <span class='ocrx_word' id='word_1_366' title='bbox 3208 840 3331 880; x_wconf 86' lang='lat' dir='ltr'><strong>eum</strong></span> 
     </span>
    </p>
   </div>
   <div class='ocr_carea' id='block_1_54' title="bbox 1759 915 3336 989">
    <p class='ocr_par' dir='ltr' id='par_1_54' title="bbox 1759 915 3336 989">
     <span class='ocr_line' id='line_1_54' title="bbox 1759 915 3336 989; baseline -0.003 -15"><span class='ocrx_word' id='word_1_367' title='bbox 1759 917 2112 989; x_wconf 83' lang='lat' dir='ltr'><strong>Eustorgium</strong></span> <span class='ocrx_word' id='word_1_368' title='bbox 2156 916 2371 988; x_wconf 89' lang='lat' dir='ltr'><strong>Synesii</strong></span> <span class='ocrx_word' id='word_1_369' title='bbox 2424 917 2679 972; x_wconf 79' lang='lat' dir='ltr'><strong>similiter</strong></span> <span class='ocrx_word' id='word_1_370' title='bbox 2733 915 2948 987; x_wconf 84' lang='lat' dir='ltr'><strong>gentilis</strong></span> <span class='ocrx_word' id='word_1_371' title='bbox 2997 915 3190 982; x_wconf 87' lang='lat' dir='ltr'><strong>tilium,</strong></span> <span class='ocrx_word' id='word_1_372' title='bbox 3245 930 3336 970; x_wconf 92' lang='lat' dir='ltr'><strong>ro-</strong></span> 
     </span>
    </p>
   </div>
   <div class='ocr_carea' id='block_1_55' title="bbox 1761 1003 3336 1080">
    <p class='ocr_par' dir='ltr' id='par_1_55' title="bbox 1761 1003 3336 1080">
     <span class='ocr_line' id='line_1_55' title="bbox 1761 1003 3336 1080; baseline -0.003 -18"><span class='ocrx_word' id='word_1_373' title='bbox 1761 1019 1923 1080; x_wconf 85' lang='lat' dir='ltr'><strong>gante</strong></span> <span class='ocrx_word' id='word_1_374' title='bbox 1956 1018 2151 1073; x_wconf 88' lang='lat' dir='ltr'><strong>matre,</strong></span> <span class='ocrx_word' id='word_1_375' title='bbox 2185 1007 2511 1064; x_wconf 88' lang='lat' dir='ltr'><strong>suscitasset</strong></span> <span class='ocrx_word' id='word_1_376' title='bbox 2562 1022 2592 1061; x_wconf 89' lang='lat' dir='ltr'><strong>a</strong></span> <span class='ocrx_word' id='word_1_377' title='bbox 2640 1005 2895 1074; x_wconf 89' lang='lat' dir='ltr'><strong>mortuis,</strong></span> <span class='ocrx_word' id='word_1_378' title='bbox 2936 1006 3005 1060; x_wconf 89' lang='lat' dir='ltr'><strong>ab</strong></span> <span class='ocrx_word' id='word_1_379' title='bbox 3040 1020 3106 1060; x_wconf 89' lang='lat' dir='ltr'><strong>eo</strong></span> <span class='ocrx_word' id='word_1_380' title='bbox 3157 1003 3336 1058; x_wconf 87' lang='lat' dir='ltr'><strong>oblata</strong></span> 
     </span>
    </p>
   </div>
   <div class='ocr_carea' id='block_1_56' title="bbox 1761 1095 3331 1158">
    <p class='ocr_par' dir='ltr' id='par_1_56' title="bbox 1761 1095 3331 1158">
     <span class='ocr_line' id='line_1_56' title="bbox 1761 1095 3331 1158; baseline -0.004 -2"><span class='ocrx_word' id='word_1_381' title='bbox 1761 1104 1863 1158; x_wconf 86' lang='lat' dir='ltr'><strong>tria</strong></span> <span class='ocrx_word' id='word_1_382' title='bbox 1894 1101 2064 1156; x_wconf 89' lang='lat' dir='ltr'><strong>millia</strong></span> <span class='ocrx_word' id='word_1_383' title='bbox 2096 1117 2381 1156; x_wconf 90' lang='lat' dir='ltr'><strong>nummum</strong></span> <span class='ocrx_word' id='word_1_384' title='bbox 2409 1101 2690 1157; x_wconf 89' lang='lat' dir='ltr'><strong>remisisse</strong></span> <span class='ocrx_word' id='word_1_385' title='bbox 2719 1100 2786 1154; x_wconf 91' lang='lat' dir='ltr'><strong>ad</strong></span> <span class='ocrx_word' id='word_1_386' title='bbox 2814 1099 3098 1154; x_wconf 83' lang='lat' dir='ltr'><strong>fabricam.</strong></span> <span class='ocrx_word' id='word_1_387' title='bbox 3133 1095 3331 1150; x_wconf 89' lang='lat' dir='ltr'><strong>Postea</strong></span> 
     </span>
    </p>
   </div>
   <div class='ocr_carea' id='block_1_57' title="bbox 1762 1189 3338 1266">
    <p class='ocr_par' dir='ltr' id='par_1_57' title="bbox 1762 1189 3338 1266">
     <span class='ocr_line' id='line_1_57' title="bbox 1762 1189 3338 1266; baseline -0.004 -18"><span class='ocrx_word' id='word_1_388' title='bbox 1762 1210 1886 1248; x_wconf 90' lang='lat' dir='ltr'><strong>cum</strong></span> <span class='ocrx_word' id='word_1_389' title='bbox 1915 1193 2138 1266; x_wconf 87' lang='lat' dir='ltr'><strong>Polybio</strong></span> <span class='ocrx_word' id='word_1_390' title='bbox 2165 1193 2278 1264; x_wconf 89' lang='lat' dir='ltr'><strong>jam</strong></span> <span class='ocrx_word' id='word_1_391' title='bbox 2318 1194 2635 1264; x_wconf 84' lang='lat' dir='ltr'><strong>presbytero</strong></span> <span class='ocrx_word' id='word_1_392' title='bbox 2679 1201 2938 1248; x_wconf 90' lang='lat' dir='ltr'><strong>narratur</strong></span> <span class='ocrx_word' id='word_1_393' title='bbox 2995 1189 3338 1259; x_wconf 83' lang='lat' dir='ltr'><strong>Epiphanius</strong></span> 
     </span>
    </p>
   </div>
   <div class='ocr_carea' id='block_1_58' title="bbox 1765 1288 3340 1362">
    <p class='ocr_par' dir='ltr' id='par_1_58' title="bbox 1765 1288 3340 1362">
     <span class='ocr_line' id='line_1_58' title="bbox 1765 1288 3340 1362; baseline -0.002 -19"><span class='ocrx_word' id='word_1_394' title='bbox 1765 1291 1927 1346; x_wconf 88' lang='lat' dir='ltr'><strong>ivisse</strong></span> <span class='ocrx_word' id='word_1_395' title='bbox 1954 1290 2385 1362; x_wconf 80' lang='lat' dir='ltr'><strong>Hierosolymam</strong></span> <span class='ocrx_word' id='word_1_396' title='bbox 2438 1291 2506 1346; x_wconf 88' lang='lat' dir='ltr'><strong>ad</strong></span> <span class='ocrx_word' id='word_1_397' title='bbox 2552 1289 2781 1345; x_wconf 85' lang='lat' dir='ltr'><strong>Joannis</strong></span> <span class='ocrx_word' id='word_1_398' title='bbox 2817 1289 3079 1359; x_wconf 89' lang='lat' dir='ltr'><strong>episc0pi,</strong></span> <span class='ocrx_word' id='word_1_399' title='bbox 3117 1289 3200 1342; x_wconf 84' lang='lat' dir='ltr'><strong>sui</strong></span> <span class='ocrx_word' id='word_1_400' title='bbox 3237 1288 3340 1341; x_wconf 87' lang='lat' dir='ltr'><strong>sub</strong></span> 
     </span>
    </p>
   </div>
   <div class='ocr_carea' id='block_1_59' title="bbox 1766 1380 3341 1451">
    <p class='ocr_par' dir='ltr' id='par_1_59' title="bbox 1766 1380 3341 1451">
     <span class='ocr_line' id='line_1_59' title="bbox 1766 1380 3341 1451; baseline -0.002 -17"><span class='ocrx_word' id='word_1_401' title='bbox 1766 1381 2060 1436; x_wconf 90' lang='lat' dir='ltr'><strong>Hilarionis</strong></span> <span class='ocrx_word' id='word_1_402' title='bbox 2091 1381 2380 1451; x_wconf 89' lang='lat' dir='ltr'><strong>disciplina</strong></span> <span class='ocrx_word' id='word_1_403' title='bbox 2407 1381 2784 1450; x_wconf 89' lang='lat' dir='ltr'><strong>condiscipuli,</strong></span> <span class='ocrx_word' id='word_1_404' title='bbox 2813 1380 3183 1450; x_wconf 81' lang='lat' dir='ltr'><strong>castigandam</strong></span> <span class='ocrx_word' id='word_1_405' title='bbox 3212 1393 3341 1432; x_wconf 82' lang='lat' dir='ltr'><strong>ara-</strong></span> 
     </span>
    </p>
   </div>
   <div class='ocr_carea' id='block_1_60' title="bbox 1767 1470 3341 1543">
    <p class='ocr_par' dir='ltr' id='par_1_60' title="bbox 1767 1470 3341 1543">
     <span class='ocr_line' id='line_1_60' title="bbox 1767 1470 3341 1543; baseline -0.005 -14"><span class='ocrx_word' id='word_1_406' title='bbox 1767 1477 1970 1542; x_wconf 88' lang='lat' dir='ltr'><strong>ritiam,</strong></span> <span class='ocrx_word' id='word_1_407' title='bbox 2001 1487 2063 1528; x_wconf 87' lang='lat' dir='ltr'><strong>ut</strong></span> <span class='ocrx_word' id='word_1_408' title='bbox 2089 1475 2294 1530; x_wconf 91' lang='lat' dir='ltr'><strong>dictum</strong></span> <span class='ocrx_word' id='word_1_409' title='bbox 2327 1491 2380 1528; x_wconf 91' lang='lat' dir='ltr'><strong>n.</strong></span> <span class='ocrx_word' id='word_1_410' title='bbox 2419 1475 2506 1538; x_wconf 77' lang='lat' dir='ltr'><strong>l7,</strong></span> <span class='ocrx_word' id='word_1_411' title='bbox 2544 1472 2782 1543; x_wconf 86' lang='lat' dir='ltr'><strong>indeque</strong></span> <span class='ocrx_word' id='word_1_412' title='bbox 2812 1472 3124 1542; x_wconf 70' lang='lat' dir='ltr'><strong>regrediens</strong></span> <span class='ocrx_word' id='word_1_413' title='bbox 3167 1470 3341 1524; x_wconf 80' lang='lat' dir='ltr'><strong>oﬁ‘en-</strong></span> 
     </span>
    </p>
   </div>
   <div class='ocr_carea' id='block_1_61' title="bbox 1767 1565 3442 1635">
    <p class='ocr_par' dir='ltr' id='par_1_61' title="bbox 1767 1565 3442 1635">
     <span class='ocr_line' id='line_1_61' title="bbox 1767 1565 3442 1635; baseline -0.007 -12"><span class='ocrx_word' id='word_1_414' title='bbox 1767 1570 1915 1625; x_wconf 90' lang='lat' dir='ltr'><strong>disse</strong></span> <span class='ocrx_word' id='word_1_415' title='bbox 1946 1568 2226 1624; x_wconf 88' lang='lat' dir='ltr'><strong>mendicos</strong></span> <span class='ocrx_word' id='word_1_416' title='bbox 2267 1567 2425 1629; x_wconf 86' lang='lat' dir='ltr'><strong>duos,</strong></span> <span class='ocrx_word' id='word_1_417' title='bbox 2479 1581 2716 1635; x_wconf 84' lang='lat' dir='ltr'><strong>quorum</strong></span> <span class='ocrx_word' id='word_1_418' title='bbox 2767 1565 2903 1619; x_wconf 90' lang='lat' dir='ltr'><strong>alter</strong></span> <span class='ocrx_word' id='word_1_419' title='bbox 2949 1578 3009 1618; x_wconf 92' lang='lat' dir='ltr'><strong>se</strong></span> <span class='ocrx_word' id='word_1_420' title='bbox 3059 1569 3339 1616; x_wconf 90' lang='lat' dir='ltr'><strong>mortuum</strong></span> <span class='ocrx_word' id='word_1_421' title='bbox 3437 1629 3442 1634; x_wconf 8' lang='grc' dir='ltr'><strong><em>ἡ</em></strong></span> 
     </span>
    </p>
   </div>
   <div class='ocr_carea' id='block_1_62' title="bbox 1768 1655 3343 1731">
    <p class='ocr_par' dir='ltr' id='par_1_62' title="bbox 1768 1655 3343 1731">
     <span class='ocr_line' id='line_1_62' title="bbox 1768 1655 3343 1731; baseline -0.008 -12"><span class='ocrx_word' id='word_1_422' title='bbox 1768 1662 2080 1727; x_wconf 89' lang='lat' dir='ltr'><strong>simulabat,</strong></span> <span class='ocrx_word' id='word_1_423' title='bbox 2114 1660 2257 1730; x_wconf 91' lang='lat' dir='ltr'><strong>quod</strong></span> <span class='ocrx_word' id='word_1_424' title='bbox 2290 1660 2344 1713; x_wconf 92' lang='lat' dir='ltr'><strong>in</strong></span> <span class='ocrx_word' id='word_1_425' title='bbox 2381 1659 2557 1731; x_wconf 83' lang='lat' dir='ltr'><strong>Cypro</strong></span> <span class='ocrx_word' id='word_1_426' title='bbox 2597 1657 2798 1713; x_wconf 85' lang='lat' dir='ltr'><strong>factum</strong></span> <span class='ocrx_word' id='word_1_427' title='bbox 2836 1656 3046 1711; x_wconf 88' lang='lat' dir='ltr'><strong>videtur</strong></span> <span class='ocrx_word' id='word_1_428' title='bbox 3100 1655 3343 1708; x_wconf 86' lang='lat' dir='ltr'><strong>indicare</strong></span> 
     </span>
    </p>
   </div>
   <div class='ocr_carea' id='block_1_63' title="bbox 1770 1749 3344 1823">
    <p class='ocr_par' dir='ltr' id='par_1_63' title="bbox 1770 1749 3344 1823">
     <span class='ocr_line' id='line_1_63' title="bbox 1770 1749 3344 1823; baseline -0.005 -13"><span class='ocrx_word' id='word_1_429' title='bbox 1770 1754 2110 1810; x_wconf 86' lang='lat' dir='ltr'><strong>Sozomenus</strong></span> <span class='ocrx_word' id='word_1_430' title='bbox 2142 1754 2255 1823; x_wconf 81' lang='lat' dir='ltr'><strong>(lib.</strong></span> <span class='ocrx_word' id='word_1_431' title='bbox 2295 1769 2392 1815; x_wconf 84' lang='lat' dir='ltr'><strong>vn,</strong></span> <span class='ocrx_word' id='word_1_432' title='bbox 2432 1769 2549 1821; x_wconf 88' lang='lat' dir='ltr'><strong>cap.</strong></span> <span class='ocrx_word' id='word_1_433' title='bbox 2591 1750 2706 1821; x_wconf 74' lang='lat'><strong>27).</strong></span> <span class='ocrx_word' id='word_1_434' title='bbox 2738 1749 2855 1805; x_wconf 88' lang='lat' dir='ltr'><strong>Huc</strong></span> <span class='ocrx_word' id='word_1_435' title='bbox 2876 1763 3040 1819; x_wconf 87' lang='lat' dir='ltr'><strong>porro</strong></span> <span class='ocrx_word' id='word_1_436' title='bbox 3091 1762 3344 1803; x_wconf 83' lang='lat' dir='ltr'><strong>reversus</strong></span> 
     </span>
    </p>
   </div>
   <div class='ocr_carea' id='block_1_64' title="bbox 1770 1839 3346 1920">
    <p class='ocr_par' dir='ltr' id='par_1_64' title="bbox 1770 1839 3346 1920">
     <span class='ocr_line' id='line_1_64' title="bbox 1770 1839 3346 1920; baseline -0.004 -22"><span class='ocrx_word' id='word_1_437' title='bbox 1770 1846 2014 1902; x_wconf 89' lang='lat' dir='ltr'><strong>lsaacum</strong></span> <span class='ocrx_word' id='word_1_438' title='bbox 2051 1844 2297 1899; x_wconf 64' lang='lat' dir='ltr'><strong>Judaeum</strong></span> <span class='ocrx_word' id='word_1_439' title='bbox 2342 1844 2478 1914; x_wconf 81' lang='lat' dir='ltr'><strong>legis</strong></span> <span class='ocrx_word' id='word_1_440' title='bbox 2503 1843 2745 1920; x_wconf 84' lang='lat' dir='ltr'><strong>peritum</strong></span> <span class='ocrx_word' id='word_1_441' title='bbox 2774 1842 2878 1896; x_wconf 89' lang='lat' dir='ltr'><strong>sibi</strong></span> <span class='ocrx_word' id='word_1_442' title='bbox 2913 1839 3244 1910; x_wconf 84' lang='lat' dir='ltr'><strong>adjunxerit,</strong></span> <span class='ocrx_word' id='word_1_443' title='bbox 3292 1848 3346 1893; x_wconf 91' lang='lat' dir='ltr'><strong>et</strong></span> 
     </span>
    </p>
   </div>
   <div class='ocr_carea' id='block_1_65' title="bbox 1770 1933 3347 1999">
    <p class='ocr_par' dir='ltr' id='par_1_65' title="bbox 1770 1933 3347 1999">
     <span class='ocr_line' id='line_1_65' title="bbox 1770 1933 3347 1999; baseline -0.008 -3"><span class='ocrx_word' id='word_1_444' title='bbox 1770 1955 1952 1996; x_wconf 85' lang='lat' dir='ltr'><strong>coram</strong></span> <span class='ocrx_word' id='word_1_445' title='bbox 1987 1938 2252 1994; x_wconf 81' lang='lat' dir='ltr'><strong>Romanis</strong></span> <span class='ocrx_word' id='word_1_446' title='bbox 2283 1937 2512 1999; x_wconf 86' lang='lat' dir='ltr'><strong>nuntiis,</strong></span> <span class='ocrx_word' id='word_1_447' title='bbox 2537 1938 2607 1990; x_wconf 86' lang='lat' dir='ltr'><strong>ab</strong></span> <span class='ocrx_word' id='word_1_448' title='bbox 2639 1935 2874 1990; x_wconf 87' lang='lat' dir='ltr'><strong>Arcadio</strong></span> <span class='ocrx_word' id='word_1_449' title='bbox 2898 1942 2955 1988; x_wconf 89' lang='lat' dir='ltr'><strong>et</strong></span> <span class='ocrx_word' id='word_1_450' title='bbox 2979 1933 3220 1988; x_wconf 87' lang='lat' dir='ltr'><strong>Honorio</strong></span> <span class='ocrx_word' id='word_1_451' title='bbox 3244 1933 3347 1985; x_wconf 87' lang='lat' dir='ltr'><strong>im-</strong></span> 
     </span>
    </p>
   </div>
   <div class='ocr_carea' id='block_1_66' title="bbox 1771 2023 3344 2103">
    <p class='ocr_par' dir='ltr' id='par_1_66' title="bbox 1771 2023 3344 2103">
     <span class='ocr_line' id='line_1_66' title="bbox 1771 2023 3344 2103; baseline -0.005 -17"><span class='ocrx_word' id='word_1_452' title='bbox 1771 2031 2116 2103; x_wconf 87' lang='lat' dir='ltr'><strong>peratoribus</strong></span> <span class='ocrx_word' id='word_1_453' title='bbox 2150 2029 2216 2084; x_wconf 90' lang='lat' dir='ltr'><strong>ad</strong></span> <span class='ocrx_word' id='word_1_454' title='bbox 2247 2030 2426 2099; x_wconf 90' lang='lat' dir='ltr'><strong>ipsum</strong></span> <span class='ocrx_word' id='word_1_455' title='bbox 2465 2027 2694 2082; x_wconf 83' lang='lat' dir='ltr'><strong>Romam</strong></span> <span class='ocrx_word' id='word_1_456' title='bbox 2727 2025 3106 2081; x_wconf 87' lang='lat' dir='ltr'><strong>adducendum</strong></span> <span class='ocrx_word' id='word_1_457' title='bbox 3136 2023 3344 2087; x_wconf 86' lang='lat' dir='ltr'><strong>missis,</strong></span> 
     </span>
    </p>
   </div>
   <div class='ocr_carea' id='block_1_67' title="bbox 1778 2119 3349 2186">
    <p class='ocr_par' dir='ltr' id='par_1_67' title="bbox 1778 2119 3349 2186">
     <span class='ocr_line' id='line_1_67' title="bbox 1778 2119 3349 2186; baseline -0.005 -5"><span class='ocrx_word' id='word_1_458' title='bbox 1778 2124 2230 2182; x_wconf 89' lang='lat' dir='ltr'><strong>ealumniatorem</strong></span> <span class='ocrx_word' id='word_1_459' title='bbox 2272 2137 2431 2177; x_wconf 89' lang='lat' dir='ltr'><strong>suum</strong></span> <span class='ocrx_word' id='word_1_460' title='bbox 2468 2119 2909 2186; x_wconf 83' lang='lat' dir='ltr'><strong>Faustinianum,</strong></span> <span class='ocrx_word' id='word_1_461' title='bbox 2951 2120 3177 2174; x_wconf 90' lang='lat' dir='ltr'><strong>innoxio</strong></span> <span class='ocrx_word' id='word_1_462' title='bbox 3211 2120 3349 2173; x_wconf 82' lang='lat' dir='ltr'><strong>alias</strong></span> 
     </span>
    </p>
   </div>
   <div class='ocr_carea' id='block_1_68' title="bbox 1782 2211 3351 2284">
    <p class='ocr_par' dir='ltr' id='par_1_68' title="bbox 1782 2211 3351 2284">
     <span class='ocr_line' id='line_1_68' title="bbox 1782 2211 3351 2284; baseline -0.005 -12"><span class='ocrx_word' id='word_1_463' title='bbox 1782 2217 1917 2272; x_wconf 89' lang='lat' dir='ltr'><strong>fabri</strong></span> <span class='ocrx_word' id='word_1_464' title='bbox 1966 2215 2200 2284; x_wconf 87' lang='lat' dir='ltr'><strong>alicujus</strong></span> <span class='ocrx_word' id='word_1_465' title='bbox 2250 2215 2400 2283; x_wconf 87' lang='lat' dir='ltr'><strong>lapsu</strong></span> <span class='ocrx_word' id='word_1_466' title='bbox 2447 2226 2803 2284; x_wconf 91' lang='lat' dir='ltr'><strong>oppressum,</strong></span> <span class='ocrx_word' id='word_1_467' title='bbox 2858 2213 3153 2274; x_wconf 90' lang='lat' dir='ltr'><strong>suscitans,</strong></span> <span class='ocrx_word' id='word_1_468' title='bbox 3202 2211 3351 2264; x_wconf 85' lang='lat' dir='ltr'><strong>mille</strong></span> 
     </span>
    </p>
   </div>
   <div class='ocr_carea' id='block_1_69' title="bbox 1778 2303 3350 2376">
    <p class='ocr_par' dir='ltr' id='par_1_69' title="bbox 1778 2303 3350 2376">
     <span class='ocr_line' id='line_1_69' title="bbox 1778 2303 3350 2376; baseline -0.004 -12"><span class='ocrx_word' id='word_1_469' title='bbox 1778 2323 2033 2364; x_wconf 89' lang='lat' dir='ltr'><strong>nummos</strong></span> <span class='ocrx_word' id='word_1_470' title='bbox 2057 2310 2127 2362; x_wconf 89' lang='lat' dir='ltr'><strong>ab</strong></span> <span class='ocrx_word' id='word_1_471' title='bbox 2169 2306 2285 2376; x_wconf 89' lang='lat' dir='ltr'><strong>ejus</strong></span> <span class='ocrx_word' id='word_1_472' title='bbox 2316 2321 2486 2360; x_wconf 91' lang='lat' dir='ltr'><strong>uxore</strong></span> <span class='ocrx_word' id='word_1_473' title='bbox 2519 2305 2733 2360; x_wconf 88' lang='lat' dir='ltr'><strong>oblatos</strong></span> <span class='ocrx_word' id='word_1_474' title='bbox 2763 2304 2964 2359; x_wconf 89' lang='lat' dir='ltr'><strong>dicitur</strong></span> <span class='ocrx_word' id='word_1_475' title='bbox 2997 2303 3218 2358; x_wconf 65' lang='lat' dir='ltr'><strong>fabricae</strong></span> <span class='ocrx_word' id='word_1_476' title='bbox 3249 2319 3350 2373; x_wconf 90' lang='lat' dir='ltr'><strong>ap-</strong></span> 
     </span>
    </p>
   </div>
   <div class='ocr_carea' id='block_1_70' title="bbox 1776 2393 3351 2467">
    <p class='ocr_par' dir='ltr' id='par_1_70' title="bbox 1776 2393 3351 2467">
     <span class='ocr_line' id='line_1_70' title="bbox 1776 2393 3351 2467; baseline -0.003 -16"><span class='ocrx_word' id='word_1_477' title='bbox 1776 2397 2030 2467; x_wconf 85' lang='lat' dir='ltr'><strong>plicasse,</strong></span> <span class='ocrx_word' id='word_1_478' title='bbox 2061 2405 2224 2466; x_wconf 89' lang='lat' dir='ltr'><strong>atque</strong></span> <span class='ocrx_word' id='word_1_479' title='bbox 2260 2395 2332 2448; x_wconf 90' lang='lat' dir='ltr'><strong>ita</strong></span> <span class='ocrx_word' id='word_1_480' title='bbox 2385 2393 2612 2448; x_wconf 88' lang='lat' dir='ltr'><strong>Romam</strong></span> <span class='ocrx_word' id='word_1_481' title='bbox 2666 2394 2972 2465; x_wconf 81' lang='lat' dir='ltr'><strong>navigasse,</strong></span> <span class='ocrx_word' id='word_1_482' title='bbox 3005 2408 3129 2449; x_wconf 91' lang='lat' dir='ltr'><strong>cum</strong></span> <span class='ocrx_word' id='word_1_483' title='bbox 3166 2394 3351 2449; x_wconf 89' lang='lat' dir='ltr'><strong>lsaaco</strong></span> 
     </span>
    </p>
   </div>
   <div class='ocr_carea' id='block_1_71' title="bbox 1777 2484 3351 2558">
    <p class='ocr_par' dir='ltr' id='par_1_71' title="bbox 1777 2484 3351 2558">
     <span class='ocr_line' id='line_1_71' title="bbox 1777 2484 3351 2558; baseline -0.003 -16"><span class='ocrx_word' id='word_1_484' title='bbox 1777 2497 1940 2558; x_wconf 86' lang='lat' dir='ltr'><strong>atque</strong></span> <span class='ocrx_word' id='word_1_485' title='bbox 1973 2487 2218 2558; x_wconf 85' lang='lat' dir='ltr'><strong>Polybio,</strong></span> <span class='ocrx_word' id='word_1_486' title='bbox 2267 2486 2458 2540; x_wconf 83' lang='lat' dir='ltr'><strong>relicto</strong></span> <span class='ocrx_word' id='word_1_487' title='bbox 2501 2486 2569 2540; x_wconf 91' lang='lat' dir='ltr'><strong>ad</strong></span> <span class='ocrx_word' id='word_1_488' title='bbox 2619 2484 2866 2541; x_wconf 71' lang='lat' dir='ltr'><strong>ecclesia:</strong></span> <span class='ocrx_word' id='word_1_489' title='bbox 2913 2484 3351 2539; x_wconf 87' lang='lat' dir='ltr'><strong>Constantiensis</strong></span> 
     </span>
    </p>
   </div>
   <div class='ocr_carea' id='block_1_72' title="bbox 1776 2577 3354 2647">
    <p class='ocr_par' dir='ltr' id='par_1_72' title="bbox 1776 2577 3354 2647">
     <span class='ocr_line' id='line_1_72' title="bbox 1776 2577 3354 2647; baseline -0.004 -11"><span class='ocrx_word' id='word_1_490' title='bbox 1776 2581 2036 2637; x_wconf 88' lang='lat' dir='ltr'><strong>vicariam</strong></span> <span class='ocrx_word' id='word_1_491' title='bbox 2069 2596 2256 2635; x_wconf 89' lang='lat' dir='ltr'><strong>curam</strong></span> <span class='ocrx_word' id='word_1_492' title='bbox 2292 2579 2540 2645; x_wconf 90' lang='lat' dir='ltr'><strong>Philone,</strong></span> <span class='ocrx_word' id='word_1_493' title='bbox 2571 2592 2681 2632; x_wconf 93' lang='lat' dir='ltr'><strong>uno</strong></span> <span class='ocrx_word' id='word_1_494' title='bbox 2707 2593 2769 2632; x_wconf 84' lang='lat' dir='ltr'><strong>ex</strong></span> <span class='ocrx_word' id='word_1_495' title='bbox 2813 2577 3026 2647; x_wconf 77' lang='lat' dir='ltr'><strong>legatis,</strong></span> <span class='ocrx_word' id='word_1_496' title='bbox 3061 2591 3221 2647; x_wconf 90' lang='lat' dir='ltr'><strong>quem</strong></span> <span class='ocrx_word' id='word_1_497' title='bbox 3255 2591 3354 2646; x_wconf 92' lang='lat' dir='ltr'><strong>pro</strong></span> 
     </span>
    </p>
   </div>
   <div class='ocr_carea' id='block_1_73' title="bbox 1779 2669 3354 2742">
    <p class='ocr_par' dir='ltr' id='par_1_73' title="bbox 1779 2669 3354 2742">
     <span class='ocr_line' id='line_1_73' title="bbox 1779 2669 3354 2742; baseline -0.004 -14"><span class='ocrx_word' id='word_1_498' title='bbox 1779 2674 2001 2728; x_wconf 85' lang='lat' dir='ltr'><strong>civitate</strong></span> <span class='ocrx_word' id='word_1_499' title='bbox 2062 2671 2307 2742; x_wconf 87' lang='lat' dir='ltr'><strong>Carpasii</strong></span> <span class='ocrx_word' id='word_1_500' title='bbox 2356 2673 2670 2742; x_wconf 89' lang='lat' dir='ltr'><strong>episcopum</strong></span> <span class='ocrx_word' id='word_1_501' title='bbox 2727 2669 3054 2725; x_wconf 91' lang='lat' dir='ltr'><strong>nominarat.</strong></span> <span class='ocrx_word' id='word_1_502' title='bbox 3105 2669 3354 2739; x_wconf 87' lang='lat' dir='ltr'><strong>Carpasii</strong></span> 
     </span>
    </p>
   </div>
   <div class='ocr_carea' id='block_1_74' title="bbox 1779 2759 3350 2834">
    <p class='ocr_par' dir='ltr' id='par_1_74' title="bbox 1779 2759 3350 2834">
     <span class='ocr_line' id='line_1_74' title="bbox 1779 2759 3350 2834; baseline -0.005 -14"><span class='ocrx_word' id='word_1_503' title='bbox 1779 2765 1974 2820; x_wconf 88' lang='lat' dir='ltr'><strong>civitas</strong></span> <span class='ocrx_word' id='word_1_504' title='bbox 2004 2779 2169 2834; x_wconf 91' lang='lat' dir='ltr'><strong>quam</strong></span> <span class='ocrx_word' id='word_1_505' title='bbox 2216 2763 2393 2818; x_wconf 90' lang='lat' dir='ltr'><strong>norim</strong></span> <span class='ocrx_word' id='word_1_506' title='bbox 2434 2762 2584 2816; x_wconf 89' lang='lat' dir='ltr'><strong>nulla</strong></span> <span class='ocrx_word' id='word_1_507' title='bbox 2633 2770 2717 2816; x_wconf 90' lang='lat' dir='ltr'><strong>est</strong></span> <span class='ocrx_word' id='word_1_508' title='bbox 2749 2779 2762 2814; x_wconf 92' lang='lat'>:</span> <span class='ocrx_word' id='word_1_509' title='bbox 2792 2759 3100 2829; x_wconf 84' lang='lat' dir='ltr'><strong>Carpathus</strong></span> <span class='ocrx_word' id='word_1_510' title='bbox 3150 2759 3350 2824; x_wconf 87' lang='lat' dir='ltr'><strong>insula,</strong></span> 
     </span>
    </p>
   </div>
   <div class='ocr_carea' id='block_1_75' title="bbox 1782 2853 3356 2928">
    <p class='ocr_par' dir='ltr' id='par_1_75' title="bbox 1782 2853 3356 2928">
     <span class='ocr_line' id='line_1_75' title="bbox 1782 2853 3356 2928; baseline -0.001 -20"><span class='ocrx_word' id='word_1_511' title='bbox 1782 2857 2078 2928; x_wconf 82' lang='lat' dir='ltr'><strong>Cycladum</strong></span> <span class='ocrx_word' id='word_1_512' title='bbox 2110 2855 2312 2911; x_wconf 91' lang='lat' dir='ltr'><strong>extima</strong></span> <span class='ocrx_word' id='word_1_513' title='bbox 2355 2855 2494 2910; x_wconf 89' lang='lat' dir='ltr'><strong>inter</strong></span> <span class='ocrx_word' id='word_1_514' title='bbox 2536 2853 2753 2910; x_wconf 89' lang='lat' dir='ltr'><strong>Cretam</strong></span> <span class='ocrx_word' id='word_1_515' title='bbox 2788 2863 2841 2909; x_wconf 91' lang='lat' dir='ltr'><strong>et</strong></span> <span class='ocrx_word' id='word_1_516' title='bbox 2883 2853 3161 2916; x_wconf 81' lang='lat' dir='ltr'><strong>Rhodum,</strong></span> <span class='ocrx_word' id='word_1_517' title='bbox 3194 2853 3356 2923; x_wconf 87' lang='lat' dir='ltr'><strong>longo</strong></span> 
     </span>
    </p>
   </div>
   <div class='ocr_carea' id='block_1_76' title="bbox 1785 2945 3358 3019">
    <p class='ocr_par' dir='ltr' id='par_1_76' title="bbox 1785 2945 3358 3019">
     <span class='ocr_line' id='line_1_76' title="bbox 1785 2945 3358 3019; baseline -0.004 -15"><span class='ocrx_word' id='word_1_518' title='bbox 1785 2950 1953 3005; x_wconf 85' lang='lat' dir='ltr'><strong>maris</strong></span> <span class='ocrx_word' id='word_1_519' title='bbox 1989 2957 2166 3004; x_wconf 90' lang='lat' dir='ltr'><strong>tractu</strong></span> <span class='ocrx_word' id='word_1_520' title='bbox 2200 2948 2369 3003; x_wconf 88' lang='lat' dir='ltr'><strong>distat</strong></span> <span class='ocrx_word' id='word_1_521' title='bbox 2405 2961 2436 3001; x_wconf 93' lang='lat' dir='ltr'><strong>a</strong></span> <span class='ocrx_word' id='word_1_522' title='bbox 2471 2945 2672 3019; x_wconf 89' lang='lat' dir='ltr'><strong>Cypro,</strong></span> <span class='ocrx_word' id='word_1_523' title='bbox 2717 2946 2784 3001; x_wconf 91' lang='lat' dir='ltr'><strong>ad</strong></span> <span class='ocrx_word' id='word_1_524' title='bbox 2834 2946 2994 3015; x_wconf 89' lang='lat' dir='ltr'><strong>cujus</strong></span> <span class='ocrx_word' id='word_1_525' title='bbox 3045 2945 3358 3014; x_wconf 79' lang='lat' dir='ltr'><strong>metropoli-</strong></span> 
     </span>
    </p>
   </div>
   <div class='ocr_carea' id='block_1_77' title="bbox 1783 3037 3002 3110">
    <p class='ocr_par' dir='ltr' id='par_1_77' title="bbox 1783 3037 3002 3110">
     <span class='ocr_line' id='line_1_77' title="bbox 1783 3037 3002 3110; baseline -0.002 -14"><span class='ocrx_word' id='word_1_526' title='bbox 1783 3049 1894 3096; x_wconf 81' lang='lat' dir='ltr'><strong>tam</strong></span> <span class='ocrx_word' id='word_1_527' title='bbox 1920 3055 2262 3110; x_wconf 85' lang='lat' dir='ltr'><strong>nequaquam</strong></span> <span class='ocrx_word' id='word_1_528' title='bbox 2305 3039 2585 3109; x_wconf 83' lang='lat' dir='ltr'><strong>spectabat</strong></span> <span class='ocrx_word' id='word_1_529' title='bbox 2611 3039 2658 3093; x_wconf 91' lang='lat' dir='ltr'><strong>ei</strong></span> <span class='ocrx_word' id='word_1_530' title='bbox 2697 3037 3002 3107; x_wconf 89' lang='lat' dir='ltr'><strong>providere.</strong></span> 
     </span>
    </p>
   </div>
   <div class='ocr_carea' id='block_1_78' title="bbox 1854 3129 3356 3198">
    <p class='ocr_par' dir='ltr' id='par_1_78' title="bbox 1854 3129 3356 3198">
     <span class='ocr_line' id='line_1_78' title="bbox 1854 3129 3356 3198; baseline -0.005 -10"><span class='ocrx_word' id='word_1_531' title='bbox 1854 3133 1943 3188; x_wconf 66' lang='lat'><strong>52.</strong></span> <span class='ocrx_word' id='word_1_532' title='bbox 1979 3130 2088 3187; x_wconf 89' lang='lat' dir='ltr'><strong>Sed</strong></span> <span class='ocrx_word' id='word_1_533' title='bbox 2111 3131 2225 3186; x_wconf 73' lang='lat' dir='ltr'><strong>[nec</strong></span> <span class='ocrx_word' id='word_1_534' title='bbox 2256 3129 2458 3184; x_wconf 86' lang='lat' dir='ltr'><strong>leviora</strong></span> <span class='ocrx_word' id='word_1_535' title='bbox 2487 3138 2615 3184; x_wconf 91' lang='lat' dir='ltr'><strong>sunt</strong></span> <span class='ocrx_word' id='word_1_536' title='bbox 2651 3147 2663 3182; x_wconf 89' lang='lat'><strong>:</strong></span> <span class='ocrx_word' id='word_1_537' title='bbox 2700 3143 2822 3198; x_wconf 71' lang='lat' dir='ltr'><strong>qua:</strong></span> <span class='ocrx_word' id='word_1_538' title='bbox 2852 3135 3157 3197; x_wconf 84' lang='lat' dir='ltr'><strong>sequuntur</strong></span> <span class='ocrx_word' id='word_1_539' title='bbox 3192 3143 3356 3196; x_wconf 85' lang='lat' dir='ltr'><strong>quam</strong></span> 
     </span>
    </p>
   </div>
   <div class='ocr_carea' id='block_1_79' title="bbox 1780 3220 3356 3297">
    <p class='ocr_par' dir='ltr' id='par_1_79' title="bbox 1780 3220 3356 3297">
     <span class='ocr_line' id='line_1_79' title="bbox 1780 3220 3356 3297; baseline -0.005 -16"><span class='ocrx_word' id='word_1_540' title='bbox 1780 3234 2011 3297; x_wconf 87' lang='lat' dir='ltr'><strong>possunt</strong></span> <span class='ocrx_word' id='word_1_541' title='bbox 2053 3223 2287 3294; x_wconf 91' lang='lat' dir='ltr'><strong>speciem</strong></span> <span class='ocrx_word' id='word_1_542' title='bbox 2328 3223 2530 3276; x_wconf 88' lang='lat' dir='ltr'><strong>habere</strong></span> <span class='ocrx_word' id='word_1_543' title='bbox 2573 3221 2656 3276; x_wconf 92' lang='lat' dir='ltr'><strong>vel</strong></span> <span class='ocrx_word' id='word_1_544' title='bbox 2705 3221 3004 3276; x_wconf 85' lang='lat' dir='ltr'><strong>tolerabilis</strong></span> <span class='ocrx_word' id='word_1_545' title='bbox 3051 3220 3356 3274; x_wconf 80' lang='lat' dir='ltr'><strong>mendacii?</strong></span> 
     </span>
    </p>
   </div>
   <div class='ocr_carea' id='block_1_80' title="bbox 1780 3305 3355 3379">
    <p class='ocr_par' dir='ltr' id='par_1_80' title="bbox 1780 3305 3355 3379">
     <span class='ocr_line' id='line_1_80' title="bbox 1780 3305 3355 3379; baseline -0.003 -11"><span class='ocrx_word' id='word_1_546' title='bbox 1780 3315 2047 3372; x_wconf 84' lang='lat' dir='ltr'><strong>Arcadius</strong></span> <span class='ocrx_word' id='word_1_547' title='bbox 2077 3322 2239 3368; x_wconf 89' lang='lat' dir='ltr'><strong>natus</strong></span> <span class='ocrx_word' id='word_1_548' title='bbox 2264 3319 2382 3368; x_wconf 90' lang='lat' dir='ltr'><strong>erat</strong></span> <span class='ocrx_word' id='word_1_549' title='bbox 2409 3326 2554 3366; x_wconf 90' lang='lat' dir='ltr'><strong>anno</strong></span> <span class='ocrx_word' id='word_1_550' title='bbox 2584 3310 2689 3366; x_wconf 81' lang='grc'><strong>574</strong></span> <span class='ocrx_word' id='word_1_551' title='bbox 2726 3309 2990 3365; x_wconf 91' lang='lat' dir='ltr'><strong>decennio</strong></span> <span class='ocrx_word' id='word_1_552' title='bbox 3016 3319 3139 3379; x_wconf 90' lang='lat' dir='ltr'><strong>post</strong></span> <span class='ocrx_word' id='word_1_553' title='bbox 3165 3305 3355 3364; x_wconf 87' lang='lat' dir='ltr'><strong>Hono-</strong></span> 
     </span>
    </p>
   </div>
   <div class='ocr_carea' id='block_1_81' title="bbox 1782 3401 3356 3477">
    <p class='ocr_par' dir='ltr' id='par_1_81' title="bbox 1782 3401 3356 3477">
     <span class='ocr_line' id='line_1_81' title="bbox 1782 3401 3356 3477; baseline -0.006 -12"><span class='ocrx_word' id='word_1_554' title='bbox 1782 3410 1918 3473; x_wconf 88' lang='lat' dir='ltr'><strong>rius,</strong></span> <span class='ocrx_word' id='word_1_555' title='bbox 1951 3416 2249 3477; x_wconf 90' lang='lat' dir='ltr'><strong>utrumque</strong></span> <span class='ocrx_word' id='word_1_556' title='bbox 2271 3405 2337 3460; x_wconf 92' lang='lat' dir='ltr'><strong>de</strong></span> <span class='ocrx_word' id='word_1_557' title='bbox 2362 3405 2634 3474; x_wconf 80' lang='lat' dir='ltr'><strong>baptismo</strong></span> <span class='ocrx_word' id='word_1_558' title='bbox 2671 3403 2911 3473; x_wconf 90' lang='lat' dir='ltr'><strong>suscepit</strong></span> <span class='ocrx_word' id='word_1_559' title='bbox 2945 3403 3026 3457; x_wconf 90' lang='lat' dir='ltr'><strong>vir</strong></span> <span class='ocrx_word' id='word_1_560' title='bbox 3060 3403 3112 3456; x_wconf 93' lang='lat' dir='ltr'><strong>in</strong></span> <span class='ocrx_word' id='word_1_561' title='bbox 3143 3401 3356 3458; x_wconf 84' lang='lat' dir='ltr'><strong>Palatio</strong></span> 
     </span>
    </p>
   </div>
   <div class='ocr_carea' id='block_1_82' title="bbox 1783 3495 3358 3565">
    <p class='ocr_par' dir='ltr' id='par_1_82' title="bbox 1783 3495 3358 3565">
     <span class='ocr_line' id='line_1_82' title="bbox 1783 3495 3358 3565; baseline -0.006 -8"><span class='ocrx_word' id='word_1_562' title='bbox 1783 3501 2036 3557; x_wconf 90' lang='lat' dir='ltr'><strong>sublimis</strong></span> <span class='ocrx_word' id='word_1_563' title='bbox 2076 3499 2302 3552; x_wconf 89' lang='lat' dir='ltr'><strong>nomine</strong></span> <span class='ocrx_word' id='word_1_564' title='bbox 2328 3497 2618 3559; x_wconf 86' lang='lat' dir='ltr'><strong>Arsenius,</strong></span> <span class='ocrx_word' id='word_1_565' title='bbox 2666 3505 2720 3550; x_wconf 91' lang='lat' dir='ltr'><strong>et</strong></span> <span class='ocrx_word' id='word_1_566' title='bbox 2765 3495 3054 3565; x_wconf 88' lang='lat' dir='ltr'><strong>utriusque</strong></span> <span class='ocrx_word' id='word_1_567' title='bbox 3086 3495 3358 3564; x_wconf 87' lang='lat' dir='ltr'><strong>juventuti</strong></span> 
     </span>
    </p>
   </div>
   <div class='ocr_carea' id='block_1_83' title="bbox 1783 3587 3362 3662">
    <p class='ocr_par' dir='ltr' id='par_1_83' title="bbox 1783 3587 3362 3662">
     <span class='ocr_line' id='line_1_83' title="bbox 1783 3587 3362 3662; baseline -0.004 -14"><span class='ocrx_word' id='word_1_568' title='bbox 1783 3592 2144 3649; x_wconf 71' lang='lat' dir='ltr'><strong>informanda:</strong></span> <span class='ocrx_word' id='word_1_569' title='bbox 2179 3589 2422 3662; x_wconf 63' lang='lat' dir='ltr'><strong>praefuit;</strong></span> <span class='ocrx_word' id='word_1_570' title='bbox 2463 3589 2625 3644; x_wconf 90' lang='lat' dir='ltr'><strong>simul</strong></span> <span class='ocrx_word' id='word_1_571' title='bbox 2658 3588 2734 3642; x_wconf 91' lang='lat' dir='ltr'><strong>illi</strong></span> <span class='ocrx_word' id='word_1_572' title='bbox 2761 3587 2948 3644; x_wconf 77' lang='lat' dir='ltr'><strong>Romae</strong></span> <span class='ocrx_word' id='word_1_573' title='bbox 2976 3587 3196 3643; x_wconf 80' lang='lat' dir='ltr'><strong>fuerunt</strong></span> <span class='ocrx_word' id='word_1_574' title='bbox 3224 3606 3362 3642; x_wconf 89' lang='lat' dir='ltr'><strong>nuu-</strong></span> 
     </span>
    </p>
   </div>
   <div class='ocr_carea' id='block_1_84' title="bbox 1780 3679 3360 3757">
    <p class='ocr_par' dir='ltr' id='par_1_84' title="bbox 1780 3679 3360 3757">
     <span class='ocr_line' id='line_1_84' title="bbox 1780 3679 3360 3757; baseline -0.004 -16"><span class='ocrx_word' id='word_1_575' title='bbox 1780 3701 1967 3757; x_wconf 90' lang='lat' dir='ltr'><strong>quam,</strong></span> <span class='ocrx_word' id='word_1_576' title='bbox 2001 3684 2095 3738; x_wconf 91' lang='lat' dir='ltr'><strong>sed</strong></span> <span class='ocrx_word' id='word_1_577' title='bbox 2138 3697 2240 3736; x_wconf 90' lang='lat' dir='ltr'><strong>nec</strong></span> <span class='ocrx_word' id='word_1_578' title='bbox 2284 3680 2643 3750; x_wconf 88' lang='lat' dir='ltr'><strong>Epiphanius,</strong></span> <span class='ocrx_word' id='word_1_579' title='bbox 2687 3679 2835 3748; x_wconf 91' lang='lat' dir='ltr'><strong>quod</strong></span> <span class='ocrx_word' id='word_1_580' title='bbox 2885 3680 3105 3748; x_wconf 92' lang='lat' dir='ltr'><strong>quidem</strong></span> <span class='ocrx_word' id='word_1_581' title='bbox 3151 3680 3360 3735; x_wconf 88' lang='lat' dir='ltr'><strong>sciatur</strong></span> 
     </span>
    </p>
   </div>
   <div class='ocr_carea' id='block_1_85' title="bbox 1783 3771 3358 3831">
    <p class='ocr_par' dir='ltr' id='par_1_85' title="bbox 1783 3771 3358 3831">
     <span class='ocr_line' id='line_1_85' title="bbox 1783 3771 3358 3831; baseline -0.004 0"><span class='ocrx_word' id='word_1_582' title='bbox 1783 3777 1889 3831; x_wconf 89' lang='lat' dir='ltr'><strong>nisi</strong></span> <span class='ocrx_word' id='word_1_583' title='bbox 1923 3774 2088 3831; x_wconf 89' lang='lat' dir='ltr'><strong>semel</strong></span> <span class='ocrx_word' id='word_1_584' title='bbox 2127 3782 2335 3827; x_wconf 89' lang='lat' dir='ltr'><strong>tantum</strong></span> <span class='ocrx_word' id='word_1_585' title='bbox 2381 3787 2525 3825; x_wconf 87' lang='lat' dir='ltr'><strong>anno</strong></span> <span class='ocrx_word' id='word_1_586' title='bbox 2569 3771 2693 3825; x_wconf 74' lang='lat'><strong>582.</strong></span> <span class='ocrx_word' id='word_1_587' title='bbox 2741 3771 2961 3825; x_wconf 88' lang='lat' dir='ltr'><strong>Illorum</strong></span> <span class='ocrx_word' id='word_1_588' title='bbox 2999 3785 3159 3824; x_wconf 89' lang='lat' dir='ltr'><strong>soror</strong></span> <span class='ocrx_word' id='word_1_589' title='bbox 3201 3773 3358 3826; x_wconf 90' lang='lat' dir='ltr'><strong>unica</strong></span> 
     </span>
    </p>
   </div>
   <div class='ocr_carea' id='block_1_86' title="bbox 1783 3859 3360 3933">
    <p class='ocr_par' dir='ltr' id='par_1_86' title="bbox 1783 3859 3360 3933">
     <span class='ocr_line' id='line_1_86' title="bbox 1783 3859 3360 3933; baseline -0.004 -10"><span class='ocrx_word' id='word_1_590' title='bbox 1783 3869 1934 3924; x_wconf 86' lang='lat' dir='ltr'><strong>Galla</strong></span> <span class='ocrx_word' id='word_1_591' title='bbox 1964 3866 2202 3921; x_wconf 89' lang='lat' dir='ltr'><strong>Placidia</strong></span> <span class='ocrx_word' id='word_1_592' title='bbox 2254 3865 2367 3933; x_wconf 89' lang='lat' dir='ltr'><strong>(sed</strong></span> <span class='ocrx_word' id='word_1_593' title='bbox 2410 3880 2474 3918; x_wconf 87' lang='lat' dir='ltr'><strong>ex</strong></span> <span class='ocrx_word' id='word_1_594' title='bbox 2523 3860 2759 3918; x_wconf 86' lang='lat' dir='ltr'><strong>secundo</strong></span> <span class='ocrx_word' id='word_1_595' title='bbox 2789 3859 3080 3916; x_wconf 87' lang='lat' dir='ltr'><strong>Theodosii</strong></span> <span class='ocrx_word' id='word_1_596' title='bbox 3121 3859 3360 3932; x_wconf 87' lang='lat' dir='ltr'><strong>impera-</strong></span> 
     </span>
    </p>
   </div>
   <div class='ocr_carea' id='block_1_87' title="bbox 1786 3954 3356 4029">
    <p class='ocr_par' dir='ltr' id='par_1_87' title="bbox 1786 3954 3356 4029">
     <span class='ocr_line' id='line_1_87' title="bbox 1786 3954 3356 4029; baseline -0.003 -15"><span class='ocrx_word' id='word_1_597' title='bbox 1786 3961 1924 4016; x_wconf 90' lang='lat' dir='ltr'><strong>toris</strong></span> <span class='ocrx_word' id='word_1_598' title='bbox 1953 3959 2232 4029; x_wconf 81' lang='lat' dir='ltr'><strong>conjugio,</strong></span> <span class='ocrx_word' id='word_1_599' title='bbox 2251 3957 2354 4013; x_wconf 92' lang='lat' dir='ltr'><strong>sub</strong></span> <span class='ocrx_word' id='word_1_600' title='bbox 2379 3972 2583 4010; x_wconf 88' lang='lat' dir='ltr'><strong>annum</strong></span> <span class='ocrx_word' id='word_1_601' title='bbox 2612 3955 2876 4010; x_wconf 76' lang='lat' dir='ltr'><strong>duntaxat</strong></span> <span class='ocrx_word' id='word_1_602' title='bbox 2897 3954 3002 4010; x_wconf 75' lang='lat'><strong>387</strong></span> <span class='ocrx_word' id='word_1_603' title='bbox 3023 3954 3356 4025; x_wconf 81' lang='lat' dir='ltr'><strong>contracto),</strong></span> 
     </span>
    </p>
   </div>
   <div class='ocr_carea' id='block_1_88' title="bbox 1783 4046 3356 4124">
    <p class='ocr_par' dir='ltr' id='par_1_88' title="bbox 1783 4046 3356 4124">
     <span class='ocr_line' id='line_1_88' title="bbox 1783 4046 3356 4124; baseline -0.004 -18"><span class='ocrx_word' id='word_1_604' title='bbox 1783 4068 1894 4124; x_wconf 92' lang='lat' dir='ltr'><strong>quo</strong></span> <span class='ocrx_word' id='word_1_605' title='bbox 1920 4051 2141 4122; x_wconf 91' lang='lat' dir='ltr'><strong>quidem</strong></span> <span class='ocrx_word' id='word_1_606' title='bbox 2175 4064 2320 4103; x_wconf 90' lang='lat' dir='ltr'><strong>anno</strong></span> <span class='ocrx_word' id='word_1_607' title='bbox 2351 4047 2578 4118; x_wconf 86' lang='lat' dir='ltr'><strong>praecise</strong></span> <span class='ocrx_word' id='word_1_608' title='bbox 2620 4047 2692 4102; x_wconf 90' lang='lat' dir='ltr'><strong>sit</strong></span> <span class='ocrx_word' id='word_1_609' title='bbox 2728 4056 2854 4101; x_wconf 86' lang='lat' dir='ltr'><strong>nata</strong></span> <span class='ocrx_word' id='word_1_610' title='bbox 2904 4046 3219 4116; x_wconf 86' lang='lat' dir='ltr'><strong>ignoratur;</strong></span> <span class='ocrx_word' id='word_1_611' title='bbox 3263 4046 3356 4101; x_wconf 90' lang='lat' dir='ltr'><strong>sed</strong></span> 
     </span>
    </p>
   </div>
   <div class='ocr_carea' id='block_1_89' title="bbox 1785 4135 3358 4213">
    <p class='ocr_par' dir='ltr' id='par_1_89' title="bbox 1785 4135 3358 4213">
     <span class='ocr_line' id='line_1_89' title="bbox 1785 4135 3358 4213; baseline -0.006 -15"><span class='ocrx_word' id='word_1_612' title='bbox 1785 4143 2026 4213; x_wconf 84' lang='lat' dir='ltr'><strong>quandiu</strong></span> <span class='ocrx_word' id='word_1_613' title='bbox 2052 4139 2320 4194; x_wconf 88' lang='lat' dir='ltr'><strong>Arcadius</strong></span> <span class='ocrx_word' id='word_1_614' title='bbox 2345 4138 2500 4204; x_wconf 83' lang='lat' dir='ltr'><strong>vixit,</strong></span> <span class='ocrx_word' id='word_1_615' title='bbox 2543 4137 2727 4192; x_wconf 70' lang='lat' dir='ltr'><strong>Roma:</strong></span> <span class='ocrx_word' id='word_1_616' title='bbox 2754 4151 2861 4191; x_wconf 92' lang='lat' dir='ltr'><strong>non</strong></span> <span class='ocrx_word' id='word_1_617' title='bbox 2899 4135 3018 4190; x_wconf 90' lang='lat' dir='ltr'><strong>fuit.</strong></span> <span class='ocrx_word' id='word_1_618' title='bbox 3058 4135 3136 4190; x_wconf 85' lang='lat' dir='ltr'><strong>Eo</strong></span> <span class='ocrx_word' id='word_1_619' title='bbox 3176 4145 3358 4191; x_wconf 88' lang='lat' dir='ltr'><strong>autem</strong></span> 
     </span>
    </p>
   </div>
   <div class='ocr_carea' id='block_1_90' title="bbox 1785 4224 3357 4298">
    <p class='ocr_par' dir='ltr' id='par_1_90' title="bbox 1785 4224 3357 4298">
     <span class='ocr_line' id='line_1_90' title="bbox 1785 4224 3357 4298; baseline -0.006 -10"><span class='ocrx_word' id='word_1_620' title='bbox 1785 4233 1889 4289; x_wconf 93' lang='lat' dir='ltr'><strong>sub</strong></span> <span class='ocrx_word' id='word_1_621' title='bbox 1915 4246 2118 4298; x_wconf 77' lang='lat' dir='ltr'><strong>annum</strong></span> <span class='ocrx_word' id='word_1_622' title='bbox 2150 4229 2254 4284; x_wconf 86' lang='grc'>408</span> <span class='ocrx_word' id='word_1_623' title='bbox 2308 4236 2544 4292; x_wconf 90' lang='lat' dir='ltr'><strong>mortuo,</strong></span> <span class='ocrx_word' id='word_1_624' title='bbox 2590 4227 2656 4281; x_wconf 89' lang='lat' dir='ltr'><strong>ad</strong></span> <span class='ocrx_word' id='word_1_625' title='bbox 2698 4226 2920 4281; x_wconf 87' lang='lat' dir='ltr'><strong>fratrem</strong></span> <span class='ocrx_word' id='word_1_626' title='bbox 2970 4224 3270 4281; x_wconf 89' lang='lat' dir='ltr'><strong>Honorium</strong></span> <span class='ocrx_word' id='word_1_627' title='bbox 3306 4228 3357 4280; x_wconf 89' lang='lat' dir='ltr'><strong>in</strong></span> 
     </span>
    </p>
   </div>
   <div class='ocr_carea' id='block_1_91' title="bbox 91 4315 3360 4394">
    <p class='ocr_par' dir='ltr' id='par_1_91' title="bbox 91 4315 3360 4394">
     <span class='ocr_line' id='line_1_91' title="bbox 91 4315 3360 4394; baseline 0.001 -26"><span class='ocrx_word' id='word_1_628' title='bbox 91 4333 230 4380; x_wconf 66' lang='lat' dir='ltr'><strong>nem,</strong></span> <span class='ocrx_word' id='word_1_629' title='bbox 303 4321 494 4374; x_wconf 89' lang='lat' dir='ltr'><strong>donec</strong></span> <span class='ocrx_word' id='word_1_630' title='bbox 545 4318 808 4375; x_wconf 90' lang='lat' dir='ltr'><strong>visionem</strong></span> <span class='ocrx_word' id='word_1_631' title='bbox 862 4321 1126 4388; x_wconf 87' lang='lat' dir='ltr'><strong>vidisset;</strong></span> <span class='ocrx_word' id='word_1_632' title='bbox 1179 4337 1305 4378; x_wconf 92' lang='lat' dir='ltr'><strong>cum</strong></span> <span class='ocrx_word' id='word_1_633' title='bbox 1359 4338 1420 4378; x_wconf 90' lang='lat' dir='ltr'><strong>ea</strong></span> <span class='ocrx_word' id='word_1_634' title='bbox 1479 4332 1676 4393; x_wconf 66' lang='lat' dir='ltr'><strong>praeter</strong></span> <span class='ocrx_word' id='word_1_635' title='bbox 1709 4339 1752 4394; x_wconf 81' lang='grc' dir='ltr'><strong>ι)</strong></span> <span class='ocrx_word' id='word_1_636' title='bbox 1785 4319 1991 4374; x_wconf 88' lang='lat' dir='ltr'><strong>Italiam</strong></span> <span class='ocrx_word' id='word_1_637' title='bbox 2040 4319 2321 4390; x_wconf 86' lang='lat' dir='ltr'><strong>profecta,</strong></span> <span class='ocrx_word' id='word_1_638' title='bbox 2361 4317 2490 4371; x_wconf 91' lang='lat' dir='ltr'><strong>dum</strong></span> <span class='ocrx_word' id='word_1_639' title='bbox 2552 4315 2734 4370; x_wconf 79' lang='lat' dir='ltr'><strong>Romae</strong></span> <span class='ocrx_word' id='word_1_640' title='bbox 2788 4331 2981 4372; x_wconf 89' lang='lat' dir='ltr'><strong>secure</strong></span> <span class='ocrx_word' id='word_1_641' title='bbox 3019 4317 3130 4387; x_wconf 83' lang='lat' dir='ltr'><strong>agit</strong></span> <span class='ocrx_word' id='word_1_642' title='bbox 3179 4317 3360 4372; x_wconf 83' lang='lat' dir='ltr'><strong>adhuc</strong></span> 
     </span>
    </p>
   </div>
   <div class='ocr_carea' id='block_1_92' title="bbox 87 4412 1678 4486">
    <p class='ocr_par' dir='ltr' id='par_1_92' title="bbox 87 4412 1678 4486">
     <span class='ocr_line' id='line_1_92' title="bbox 87 4412 1678 4486; baseline 0.008 -26"><span class='ocrx_word' id='word_1_643' title='bbox 87 4427 304 4467; x_wconf 71' lang='lat' dir='ltr'><strong>n-Orcm</strong></span> <span class='ocrx_word' id='word_1_644' title='bbox 342 4412 686 4477; x_wconf 78' lang='lat' dir='ltr'><strong>differretur,</strong></span> <span class='ocrx_word' id='word_1_645' title='bbox 729 4428 920 4469; x_wconf 89' lang='lat' dir='ltr'><strong>orasse</strong></span> <span class='ocrx_word' id='word_1_646' title='bbox 947 4422 1002 4469; x_wconf 87' lang='lat' dir='ltr'><strong>et</strong></span> <span class='ocrx_word' id='word_1_647' title='bbox 1035 4416 1379 4486; x_wconf 82' lang='lat' dir='ltr'><strong>cognovisse,</strong></span> <span class='ocrx_word' id='word_1_648' title='bbox 1422 4416 1475 4470; x_wconf 91' lang='lat' dir='ltr'><strong>in</strong></span> <span class='ocrx_word' id='word_1_649' title='bbox 1510 4433 1678 4474; x_wconf 84' lang='lat' dir='ltr'><strong>causa</strong></span> 
     </span>
    </p>
   </div>
   <div class='ocr_carea' id='block_1_93' title="bbox 89 4505 1682 4572">
    <p class='ocr_par' dir='ltr' id='par_1_93' title="bbox 89 4505 1682 4572">
     <span class='ocr_line' id='line_1_93' title="bbox 89 4505 1682 4572; baseline 0.007 -19"><span class='ocrx_word' id='word_1_650' title='bbox 89 4519 254 4558; x_wconf 64' lang='lat' dir='ltr'><strong>mora</strong></span> <span class='ocrx_word' id='word_1_651' title='bbox 301 4519 438 4558; x_wconf 78' lang='lat' dir='ltr'><strong>esse</strong></span> <span class='ocrx_word' id='word_1_652' title='bbox 486 4505 833 4572; x_wconf 72' lang='lat' dir='ltr'><strong>praesentiam</strong></span> <span class='ocrx_word' id='word_1_653' title='bbox 875 4505 1112 4568; x_wconf 88' lang='lat' dir='ltr'><strong>diaconi,</strong></span> <span class='ocrx_word' id='word_1_654' title='bbox 1164 4505 1352 4561; x_wconf 90' lang='lat' dir='ltr'><strong>eadem</strong></span> <span class='ocrx_word' id='word_1_655' title='bbox 1397 4517 1554 4564; x_wconf 89' lang='lat' dir='ltr'><strong>nocte</strong></span> <span class='ocrx_word' id='word_1_656' title='bbox 1597 4509 1682 4564; x_wconf 74' lang='lat' dir='ltr'><strong>usi</strong></span> 
     </span>
    </p>
   </div>
   <div class='ocr_carea' id='block_1_94' title="bbox 83 4597 1684 4672">
    <p class='ocr_par' dir='ltr' id='par_1_94' title="bbox 83 4597 1684 4672">
     <span class='ocr_line' id='line_1_94' title="bbox 83 4597 1684 4672; baseline 0.009 -28"><span class='ocrx_word' id='word_1_657' title='bbox 83 4597 331 4666; x_wconf 75' lang='lat' dir='ltr'><strong>mujuge</strong></span> <span class='ocrx_word' id='word_1_658' title='bbox 361 4611 464 4652; x_wconf 85' lang='lat' dir='ltr'><strong>sua</strong></span> <span class='ocrx_word' id='word_1_659' title='bbox 490 4612 506 4660; x_wconf 91' lang='lat'><strong>;</strong></span> <span class='ocrx_word' id='word_1_660' title='bbox 537 4611 708 4665; x_wconf 90' lang='lat' dir='ltr'><strong>quare</strong></span> <span class='ocrx_word' id='word_1_661' title='bbox 745 4597 895 4654; x_wconf 89' lang='lat' dir='ltr'><strong>solos</strong></span> <span class='ocrx_word' id='word_1_662' title='bbox 940 4598 1158 4654; x_wconf 69' lang='lat' dir='ltr'><strong>caelibes</strong></span> <span class='ocrx_word' id='word_1_663' title='bbox 1200 4600 1456 4672; x_wconf 89' lang='lat' dir='ltr'><strong>deinceps</strong></span> <span class='ocrx_word' id='word_1_664' title='bbox 1485 4603 1550 4656; x_wconf 88' lang='lat' dir='ltr'><strong>ad</strong></span> <span class='ocrx_word' id='word_1_665' title='bbox 1580 4604 1684 4658; x_wconf 86' lang='lat' dir='ltr'><strong>mi-</strong></span> 
     </span>
    </p>
   </div>
   <div class='ocr_carea' id='block_1_95' title="bbox 89 4688 940 4745">
    <p class='ocr_par' dir='ltr' id='par_1_95' title="bbox 89 4688 940 4745">
     <span class='ocr_line' id='line_1_95' title="bbox 89 4688 940 4745; baseline 0.009 -9"><span class='ocrx_word' id='word_1_666' title='bbox 89 4690 386 4742; x_wconf 54' lang='lat' dir='ltr'><strong>iii-sterilia)</strong></span> <span class='ocrx_word' id='word_1_667' title='bbox 419 4688 616 4743; x_wconf 85' lang='lat' dir='ltr'><strong>altaris</strong></span> <span class='ocrx_word' id='word_1_668' title='bbox 649 4688 940 4745; x_wconf 88' lang='lat' dir='ltr'><strong>ordinarit.</strong></span> 
     </span>
    </p>
   </div>
   <div class='ocr_carea' id='block_1_96' title="bbox 705 4823 1082 4882">
    <p class='ocr_par' dir='ltr' id='par_1_96' title="bbox 705 4823 1082 4882">
     <span class='ocr_line' id='line_1_96' title="bbox 705 4823 1082 4882; baseline 0.005 -4"><span class='ocrx_word' id='word_1_669' title='bbox 705 4823 938 4881; x_wconf 79' lang='lat' dir='ltr'><strong>CAPUT</strong></span> <span class='ocrx_word' id='word_1_670' title='bbox 974 4825 1082 4882; x_wconf 77' lang='lat' dir='ltr'><strong>VII.</strong></span> 
     </span>
    </p>
   </div>
   <div class='ocr_carea' id='block_1_97' title="bbox 83 4934 1681 5010">
    <p class='ocr_par' dir='ltr' id='par_1_97' title="bbox 83 4934 1681 5010">
     <span class='ocr_line' id='line_1_97' title="bbox 83 4934 1681 5010; baseline 0.006 -24"><span class='ocrx_word' id='word_1_671' title='bbox 83 4951 310 4998; x_wconf 62' lang='lat' dir='ltr'><strong>«mera,</strong></span> <span class='ocrx_word' id='word_1_672' title='bbox 340 4948 404 4988; x_wconf 76' lang='lat' dir='ltr'><strong>ut</strong></span> <span class='ocrx_word' id='word_1_673' title='bbox 438 4955 471 4988; x_wconf 88' lang='lat' dir='ltr'><strong>a</strong></span> <span class='ocrx_word' id='word_1_674' title='bbox 507 4934 725 5005; x_wconf 82' lang='lat' dir='ltr'><strong>Polybio</strong></span> <span class='ocrx_word' id='word_1_675' title='bbox 753 4938 1005 5007; x_wconf 76' lang='lat' dir='ltr'><strong>adjuncta</strong></span> <span class='ocrx_word' id='word_1_676' title='bbox 1039 4939 1417 5004; x_wconf 67' lang='lat' dir='ltr'><strong>obtriti/untur,</strong></span> <span class='ocrx_word' id='word_1_677' title='bbox 1444 4941 1681 5010; x_wconf 69' lang='lat' dir='ltr'><strong>explosa.</strong></span> 
     </span>
    </p>
   </div>
   <div class='ocr_carea' id='block_1_98' title="bbox 145 5050 1683 5126">
    <p class='ocr_par' dir='ltr' id='par_1_98' title="bbox 145 5050 1683 5126">
     <span class='ocr_line' id='line_1_98' title="bbox 145 5050 1683 5126; baseline 0.005 -24"><span class='ocrx_word' id='word_1_678' title='bbox 145 5053 236 5105; x_wconf 61' lang='grc' dir='ltr'><strong>δι.</strong></span> <span class='ocrx_word' id='word_1_679' title='bbox 274 5050 490 5120; x_wconf 75' lang='lat' dir='ltr'><strong>Capite</strong></span> <span class='ocrx_word' id='word_1_680' title='bbox 519 5053 790 5122; x_wconf 85' lang='lat' dir='ltr'><strong>superiori</strong></span> <span class='ocrx_word' id='word_1_681' title='bbox 823 5055 991 5110; x_wconf 90' lang='lat' dir='ltr'><strong>relata</strong></span> <span class='ocrx_word' id='word_1_682' title='bbox 1040 5057 1222 5110; x_wconf 90' lang='lat' dir='ltr'><strong>omnia</strong></span> <span class='ocrx_word' id='word_1_683' title='bbox 1251 5056 1562 5126; x_wconf 88' lang='lat' dir='ltr'><strong>scripsisse,</strong></span> <span class='ocrx_word' id='word_1_684' title='bbox 1600 5059 1683 5110; x_wconf 90' lang='lat' dir='ltr'><strong>in-</strong></span> 
     </span>
    </p>
   </div>
   <div class='ocr_carea' id='block_1_99' title="bbox 83 5141 1685 5215">
    <p class='ocr_par' dir='ltr' id='par_1_99' title="bbox 83 5141 1685 5215">
     <span class='ocr_line' id='line_1_99' title="bbox 83 5141 1685 5215; baseline 0.009 -25"><span class='ocrx_word' id='word_1_685' title='bbox 83 5155 186 5191; x_wconf 50' lang='lat' dir='ltr'><strong>me</strong></span> <span class='ocrx_word' id='word_1_686' title='bbox 214 5141 533 5209; x_wconf 71' lang='lat' dir='ltr'><strong>invitoque</strong></span> <span class='ocrx_word' id='word_1_687' title='bbox 559 5151 767 5208; x_wconf 90' lang='lat' dir='ltr'><strong>sancto,</strong></span> <span class='ocrx_word' id='word_1_688' title='bbox 797 5143 1020 5213; x_wconf 83' lang='lat' dir='ltr'><strong>fingitur</strong></span> <span class='ocrx_word' id='word_1_689' title='bbox 1043 5144 1156 5215; x_wconf 87' lang='lat' dir='ltr'><strong>jam</strong></span> <span class='ocrx_word' id='word_1_690' title='bbox 1198 5162 1340 5215; x_wconf 67' lang='lat' dir='ltr'><strong>saepe</strong></span> <span class='ocrx_word' id='word_1_691' title='bbox 1367 5147 1685 5204; x_wconf 87' lang='lat' dir='ltr'><strong>nominatus</strong></span> 
     </span>
    </p>
   </div>
   <div class='ocr_carea' id='block_1_100' title="bbox 79 5228 1681 5306">
    <p class='ocr_par' dir='ltr' id='par_1_100' title="bbox 79 5228 1681 5306">
     <span class='ocr_line' id='line_1_100' title="bbox 79 5228 1681 5306; baseline 0.01 -29"><span class='ocrx_word' id='word_1_692' title='bbox 79 5231 358 5294; x_wconf 61' lang='lat' dir='ltr'><strong>Ioannes,</strong></span> <span class='ocrx_word' id='word_1_693' title='bbox 389 5228 680 5300; x_wconf 79' lang='lat' dir='ltr'><strong>Epiphanii</strong></span> <span class='ocrx_word' id='word_1_694' title='bbox 715 5234 998 5306; x_wconf 84' lang='lat' dir='ltr'><strong>presbyter</strong></span> <span class='ocrx_word' id='word_1_695' title='bbox 1033 5245 1088 5291; x_wconf 91' lang='lat' dir='ltr'><strong>et</strong></span> <span class='ocrx_word' id='word_1_696' title='bbox 1132 5237 1390 5292; x_wconf 90' lang='lat' dir='ltr'><strong>itinerum</strong></span> <span class='ocrx_word' id='word_1_697' title='bbox 1435 5240 1681 5294; x_wconf 92' lang='lat' dir='ltr'><strong>omnium</strong></span> 
     </span>
    </p>
   </div>
   <div class='ocr_carea' id='block_1_101' title="bbox 87 5319 1688 5398">
    <p class='ocr_par' dir='ltr' id='par_1_101' title="bbox 87 5319 1688 5398">
     <span class='ocr_line' id='line_1_101' title="bbox 87 5319 1688 5398; baseline 0.01 -31"><span class='ocrx_word' id='word_1_698' title='bbox 87 5338 292 5387; x_wconf 40' lang='lat' dir='ltr'><strong>enus;</strong></span> <span class='ocrx_word' id='word_1_699' title='bbox 335 5319 444 5390; x_wconf 89' lang='lat' dir='ltr'><strong>qui</strong></span> <span class='ocrx_word' id='word_1_700' title='bbox 476 5320 776 5377; x_wconf 89' lang='lat' dir='ltr'><strong>moriturus</strong></span> <span class='ocrx_word' id='word_1_701' title='bbox 807 5324 1073 5380; x_wconf 87' lang='lat' dir='ltr'><strong>advocato</strong></span> <span class='ocrx_word' id='word_1_702' title='bbox 1096 5325 1163 5380; x_wconf 88' lang='lat' dir='ltr'><strong>ad</strong></span> <span class='ocrx_word' id='word_1_703' title='bbox 1191 5342 1250 5381; x_wconf 90' lang='lat' dir='ltr'><strong>se</strong></span> <span class='ocrx_word' id='word_1_704' title='bbox 1277 5325 1500 5398; x_wconf 83' lang='lat' dir='ltr'><strong>Polybio</strong></span> <span class='ocrx_word' id='word_1_705' title='bbox 1552 5329 1688 5383; x_wconf 87' lang='lat' dir='ltr'><strong>lam-</strong></span> 
     </span>
    </p>
   </div>
   <div class='ocr_carea' id='block_1_102' title="bbox 79 5410 1687 5490">
    <p class='ocr_par' dir='ltr' id='par_1_102' title="bbox 79 5410 1687 5490">
     <span class='ocr_line' id='line_1_102' title="bbox 79 5410 1687 5490; baseline 0.008 -27"><span class='ocrx_word' id='word_1_706' title='bbox 79 5419 202 5472; x_wconf 62' lang='grc' dir='ltr'><strong>,ωδ</strong></span> <span class='ocrx_word' id='word_1_707' title='bbox 237 5410 584 5468; x_wconf 76' lang='lat' dir='ltr'><strong>tradiderit.</strong></span> <span class='ocrx_word' id='word_1_708' title='bbox 631 5411 730 5468; x_wconf 91' lang='lat' dir='ltr'><strong>Hic</strong></span> <span class='ocrx_word' id='word_1_709' title='bbox 767 5430 899 5486; x_wconf 86' lang='lat' dir='ltr'><strong>ergo</strong></span> <span class='ocrx_word' id='word_1_710' title='bbox 938 5415 1215 5472; x_wconf 89' lang='lat' dir='ltr'><strong>inducitur</strong></span> <span class='ocrx_word' id='word_1_711' title='bbox 1237 5434 1489 5485; x_wconf 84' lang='lat' dir='ltr'><strong>narrans,</strong></span> <span class='ocrx_word' id='word_1_712' title='bbox 1545 5437 1687 5490; x_wconf 81' lang='lat' dir='ltr'><strong>quo-</strong></span> 
     </span>
    </p>
   </div>
   <div class='ocr_carea' id='block_1_103' title="bbox 81 5505 1684 5582">
    <p class='ocr_par' dir='ltr' id='par_1_103' title="bbox 81 5505 1684 5582">
     <span class='ocr_line' id='line_1_103' title="bbox 81 5505 1684 5582; baseline 0.011 -30"><span class='ocrx_word' id='word_1_713' title='bbox 81 5511 230 5560; x_wconf 67' lang='lat' dir='ltr'><strong>muo</strong></span> <span class='ocrx_word' id='word_1_714' title='bbox 286 5513 543 5560; x_wconf 75' lang='lat' dir='ltr'><strong>sanctus</strong></span> <span class='ocrx_word' id='word_1_715' title='bbox 599 5505 927 5577; x_wconf 85' lang='lat' dir='ltr'><strong>episcopus,</strong></span> <span class='ocrx_word' id='word_1_716' title='bbox 985 5507 1246 5566; x_wconf 87' lang='lat' dir='ltr'><strong>divinitus</strong></span> <span class='ocrx_word' id='word_1_717' title='bbox 1298 5513 1540 5568; x_wconf 89' lang='lat' dir='ltr'><strong>monitus</strong></span> <span class='ocrx_word' id='word_1_718' title='bbox 1587 5530 1684 5582; x_wconf 91' lang='lat' dir='ltr'><strong>pro</strong></span> 
     </span>
    </p>
   </div>
   <div class='ocr_carea' id='block_1_104' title="bbox 79 5599 1686 5669">
    <p class='ocr_par' dir='ltr' id='par_1_104' title="bbox 79 5599 1686 5669">
     <span class='ocr_line' id='line_1_104' title="bbox 79 5599 1686 5669; baseline 0.013 -28"><span class='ocrx_word' id='word_1_719' title='bbox 79 5613 301 5654; x_wconf 48' lang='grc' dir='ltr'><strong>μισ-ηοξ</strong></span> <span class='ocrx_word' id='word_1_720' title='bbox 365 5611 546 5665; x_wconf 77' lang='lat' dir='ltr'><strong>parva</strong></span> <span class='ocrx_word' id='word_1_721' title='bbox 594 5612 840 5669; x_wconf 83' lang='lat' dir='ltr'><strong>magnam</strong></span> <span class='ocrx_word' id='word_1_722' title='bbox 903 5599 1188 5656; x_wconf 85' lang='lat' dir='ltr'><strong>ecclesiam</strong></span> <span class='ocrx_word' id='word_1_723' title='bbox 1243 5619 1269 5654; x_wconf 92' lang='lat' dir='ltr'><strong>a</strong></span> <span class='ocrx_word' id='word_1_724' title='bbox 1319 5605 1686 5662; x_wconf 84' lang='lat' dir='ltr'><strong>fundamentis</strong></span> 
     </span>
    </p>
   </div>
   <div class='ocr_carea' id='block_1_105' title="bbox 1787 4408 3358 4485">
    <p class='ocr_par' dir='ltr' id='par_1_105' title="bbox 1787 4408 3358 4485">
     <span class='ocr_line' id='line_1_105' title="bbox 1787 4408 3358 4485; baseline -0.003 -17"><span class='ocrx_word' id='word_1_725' title='bbox 1787 4415 1962 4485; x_wconf 72' lang='lat' dir='ltr'><strong>virgo,</strong></span> <span class='ocrx_word' id='word_1_726' title='bbox 1993 4428 2138 4466; x_wconf 87' lang='lat' dir='ltr'><strong>anno</strong></span> <span class='ocrx_word' id='word_1_727' title='bbox 2177 4410 2282 4466; x_wconf 89' lang='grc'><strong>409</strong></span> <span class='ocrx_word' id='word_1_728' title='bbox 2327 4426 2357 4464; x_wconf 87' lang='lat' dir='ltr'><strong>a</strong></span> <span class='ocrx_word' id='word_1_729' title='bbox 2395 4409 2609 4475; x_wconf 86' lang='lat' dir='ltr'><strong>Gothis,</strong></span> <span class='ocrx_word' id='word_1_730' title='bbox 2651 4409 2716 4464; x_wconf 91' lang='lat' dir='ltr'><strong>ad</strong></span> <span class='ocrx_word' id='word_1_731' title='bbox 2746 4408 2962 4464; x_wconf 89' lang='lat' dir='ltr'><strong>Urbem.</strong></span> <span class='ocrx_word' id='word_1_732' title='bbox 2995 4420 3121 4465; x_wconf 90' lang='lat' dir='ltr'><strong>ante</strong></span> <span class='ocrx_word' id='word_1_733' title='bbox 3151 4427 3358 4465; x_wconf 90' lang='lat' dir='ltr'><strong>annum</strong></span> 
     </span>
    </p>
   </div>
   <div class='ocr_carea' id='block_1_106' title="bbox 1786 4501 3356 4574">
    <p class='ocr_par' dir='ltr' id='par_1_106' title="bbox 1786 4501 3356 4574">
     <span class='ocr_line' id='line_1_106' title="bbox 1786 4501 3356 4574; baseline -0.002 -14"><span class='ocrx_word' id='word_1_734' title='bbox 1786 4514 1999 4574; x_wconf 86' lang='lat' dir='ltr'><strong>captam</strong></span> <span class='ocrx_word' id='word_1_735' title='bbox 2025 4519 2090 4557; x_wconf 87' lang='lat' dir='ltr'><strong>ex</strong></span> <span class='ocrx_word' id='word_1_736' title='bbox 2121 4501 2418 4571; x_wconf 85' lang='lat' dir='ltr'><strong>improviso</strong></span> <span class='ocrx_word' id='word_1_737' title='bbox 2459 4502 2744 4571; x_wconf 86' lang='lat' dir='ltr'><strong>regressis,</strong></span> <span class='ocrx_word' id='word_1_738' title='bbox 2779 4503 2938 4556; x_wconf 88' lang='lat' dir='ltr'><strong>etiam</strong></span> <span class='ocrx_word' id='word_1_739' title='bbox 2973 4503 3088 4572; x_wconf 91' lang='lat' dir='ltr'><strong>ipsa</strong></span> <span class='ocrx_word' id='word_1_740' title='bbox 3119 4503 3356 4572; x_wconf 87' lang='lat' dir='ltr'><strong>capitur,</strong></span> 
     </span>
    </p>
   </div>
   <div class='ocr_carea' id='block_1_107' title="bbox 1785 4595 3356 4666">
    <p class='ocr_par' dir='ltr' id='par_1_107' title="bbox 1785 4595 3356 4666">
     <span class='ocr_line' id='line_1_107' title="bbox 1785 4595 3356 4666; baseline -0.001 -16"><span class='ocrx_word' id='word_1_741' title='bbox 1785 4598 1855 4650; x_wconf 89' lang='lat' dir='ltr'><strong>ab</strong></span> <span class='ocrx_word' id='word_1_742' title='bbox 1905 4610 2094 4650; x_wconf 91' lang='lat' dir='ltr'><strong>eorum</strong></span> <span class='ocrx_word' id='word_1_743' title='bbox 2120 4611 2245 4666; x_wconf 86' lang='lat' dir='ltr'><strong>rege</strong></span> <span class='ocrx_word' id='word_1_744' title='bbox 2288 4595 2561 4664; x_wconf 83' lang='lat' dir='ltr'><strong>Ataulpho</strong></span> <span class='ocrx_word' id='word_1_745' title='bbox 2588 4597 2640 4650; x_wconf 92' lang='lat' dir='ltr'><strong>in</strong></span> <span class='ocrx_word' id='word_1_746' title='bbox 2678 4610 2903 4650; x_wconf 72' lang='lat' dir='ltr'><strong>uxorem</strong></span> <span class='ocrx_word' id='word_1_747' title='bbox 2927 4600 3185 4660; x_wconf 84' lang='lat' dir='ltr'><strong>sumitur,</strong></span> <span class='ocrx_word' id='word_1_748' title='bbox 3222 4598 3356 4651; x_wconf 88' lang='lat' dir='ltr'><strong>etin</strong></span> 
     </span>
    </p>
   </div>
   <div class='ocr_carea' id='block_1_108' title="bbox 1788 4687 3361 4757">
    <p class='ocr_par' dir='ltr' id='par_1_108' title="bbox 1788 4687 3361 4757">
     <span class='ocr_line' id='line_1_108' title="bbox 1788 4687 3361 4757; baseline 0.002 -17"><span class='ocrx_word' id='word_1_749' title='bbox 1788 4687 2102 4757; x_wconf 88' lang='lat' dir='ltr'><strong>Hispaniam</strong></span> <span class='ocrx_word' id='word_1_750' title='bbox 2139 4690 2454 4754; x_wconf 87' lang='lat' dir='ltr'><strong>abducitur;</strong></span> <span class='ocrx_word' id='word_1_751' title='bbox 2489 4689 2640 4743; x_wconf 86' lang='lat' dir='ltr'><strong>fratri</strong></span> <span class='ocrx_word' id='word_1_752' title='bbox 2687 4698 2866 4744; x_wconf 89' lang='lat' dir='ltr'><strong>autem</strong></span> <span class='ocrx_word' id='word_1_753' title='bbox 2903 4689 3111 4744; x_wconf 88' lang='lat' dir='ltr'><strong>reddita</strong></span> <span class='ocrx_word' id='word_1_754' title='bbox 3141 4701 3194 4745; x_wconf 90' lang='lat' dir='ltr'><strong>et</strong></span> <span class='ocrx_word' id='word_1_755' title='bbox 3224 4690 3361 4745; x_wconf 90' lang='lat' dir='ltr'><strong>Con-</strong></span> 
     </span>
    </p>
   </div>
   <div class='ocr_carea' id='block_1_109' title="bbox 1788 4779 3360 4852">
    <p class='ocr_par' dir='ltr' id='par_1_109' title="bbox 1788 4779 3360 4852">
     <span class='ocr_line' id='line_1_109' title="bbox 1788 4779 3360 4852; baseline 0 -17"><span class='ocrx_word' id='word_1_756' title='bbox 1788 4781 1989 4835; x_wconf 88' lang='lat' dir='ltr'><strong>stantio</strong></span> <span class='ocrx_word' id='word_1_757' title='bbox 2017 4780 2305 4849; x_wconf 88' lang='lat' dir='ltr'><strong>desponsa,</strong></span> <span class='ocrx_word' id='word_1_758' title='bbox 2353 4779 2794 4834; x_wconf 83' lang='lat' dir='ltr'><strong>Valentinianum</strong></span> <span class='ocrx_word' id='word_1_759' title='bbox 2835 4779 3114 4835; x_wconf 87' lang='lat' dir='ltr'><strong>Juniorem</strong></span> <span class='ocrx_word' id='word_1_760' title='bbox 3154 4785 3360 4852; x_wconf 87' lang='lat' dir='ltr'><strong>peperit</strong></span> 
     </span>
    </p>
   </div>
   <div class='ocr_carea' id='block_1_110' title="bbox 1787 4870 3360 4936">
    <p class='ocr_par' dir='ltr' id='par_1_110' title="bbox 1787 4870 3360 4936">
     <span class='ocr_line' id='line_1_110' title="bbox 1787 4870 3360 4936; baseline 0.001 -12"><span class='ocrx_word' id='word_1_761' title='bbox 1787 4888 1933 4925; x_wconf 90' lang='lat' dir='ltr'><strong>anno</strong></span> <span class='ocrx_word' id='word_1_762' title='bbox 1963 4870 2088 4936; x_wconf 73' lang='grc'>448,</span> <span class='ocrx_word' id='word_1_763' title='bbox 2143 4887 2242 4926; x_wconf 88' lang='lat' dir='ltr'><strong>nec</strong></span> <span class='ocrx_word' id='word_1_764' title='bbox 2289 4873 2452 4924; x_wconf 90' lang='lat' dir='ltr'><strong>alium</strong></span> <span class='ocrx_word' id='word_1_765' title='bbox 2505 4871 2677 4925; x_wconf 91' lang='lat' dir='ltr'><strong>scitur</strong></span> <span class='ocrx_word' id='word_1_766' title='bbox 2718 4872 2883 4924; x_wconf 88' lang='lat' dir='ltr'><strong>tilium</strong></span> <span class='ocrx_word' id='word_1_767' title='bbox 2941 4873 3218 4935; x_wconf 88' lang='lat' dir='ltr'><strong>habuisse,</strong></span> <span class='ocrx_word' id='word_1_768' title='bbox 3257 4875 3360 4927; x_wconf 87' lang='lat' dir='ltr'><strong>nisi</strong></span> 
     </span>
    </p>
   </div>
   <div class='ocr_carea' id='block_1_111' title="bbox 1789 4962 3358 5033">
    <p class='ocr_par' dir='ltr' id='par_1_111' title="bbox 1789 4962 3358 5033">
     <span class='ocr_line' id='line_1_111' title="bbox 1789 4962 3358 5033; baseline -0.001 -14"><span class='ocrx_word' id='word_1_769' title='bbox 1789 4965 1972 5019; x_wconf 79' lang='lat' dir='ltr'><strong>forsan</strong></span> <span class='ocrx_word' id='word_1_770' title='bbox 2003 4981 2067 5018; x_wconf 76' lang='lat' dir='ltr'><strong>ex</strong></span> <span class='ocrx_word' id='word_1_771' title='bbox 2101 4981 2222 5033; x_wconf 84' lang='lat' dir='ltr'><strong>rege</strong></span> <span class='ocrx_word' id='word_1_772' title='bbox 2265 4963 2490 5018; x_wconf 87' lang='lat' dir='ltr'><strong>barbaro</strong></span> <span class='ocrx_word' id='word_1_773' title='bbox 2530 4964 2582 5016; x_wconf 91' lang='lat' dir='ltr'><strong>in</strong></span> <span class='ocrx_word' id='word_1_774' title='bbox 2621 4962 2879 5032; x_wconf 87' lang='lat' dir='ltr'><strong>Hispania</strong></span> <span class='ocrx_word' id='word_1_775' title='bbox 2939 4964 3037 5020; x_wconf 91' lang='lat' dir='ltr'><strong>SS.</strong></span> <span class='ocrx_word' id='word_1_776' title='bbox 3081 4965 3358 5022; x_wconf 86' lang='lat' dir='ltr'><strong>Theodul-</strong></span> 
     </span>
    </p>
   </div>
   <div class='ocr_carea' id='block_1_112' title="bbox 1790 5053 3364 5128">
    <p class='ocr_par' dir='ltr' id='par_1_112' title="bbox 1790 5053 3364 5128">
     <span class='ocr_line' id='line_1_112' title="bbox 1790 5053 3364 5128; baseline 0.001 -20"><span class='ocrx_word' id='word_1_777' title='bbox 1790 5057 1954 5125; x_wconf 89' lang='lat' dir='ltr'><strong>phum</strong></span> <span class='ocrx_word' id='word_1_778' title='bbox 1998 5072 2062 5109; x_wconf 88' lang='lat' dir='ltr'><strong>ac</strong></span> <span class='ocrx_word' id='word_1_779' title='bbox 2111 5053 2513 5109; x_wconf 84' lang='lat' dir='ltr'><strong>Theodericum</strong></span> <span class='ocrx_word' id='word_1_780' title='bbox 2567 5057 2802 5125; x_wconf 87' lang='lat' dir='ltr'><strong>peperit,</strong></span> <span class='ocrx_word' id='word_1_781' title='bbox 2853 5057 2920 5111; x_wconf 89' lang='lat' dir='ltr'><strong>de</strong></span> <span class='ocrx_word' id='word_1_782' title='bbox 2969 5058 3166 5126; x_wconf 82' lang='lat' dir='ltr'><strong>quibus</strong></span> <span class='ocrx_word' id='word_1_783' title='bbox 3222 5059 3364 5128; x_wconf 87' lang='lat' dir='ltr'><strong>apud</strong></span> 
     </span>
    </p>
   </div>
   <div class='ocr_carea' id='block_1_113' title="bbox 1789 5148 3372 5224">
    <p class='ocr_par' dir='ltr' id='par_1_113' title="bbox 1789 5148 3372 5224">
     <span class='ocr_line' id='line_1_113' title="bbox 1789 5148 3372 5224; baseline 0.005 -22"><span class='ocrx_word' id='word_1_784' title='bbox 1789 5148 2041 5204; x_wconf 89' lang='lat' dir='ltr'><strong>Treviros</strong></span> <span class='ocrx_word' id='word_1_785' title='bbox 2081 5149 2312 5210; x_wconf 83' lang='lat' dir='ltr'><strong>mortuis</strong></span> <span class='ocrx_word' id='word_1_786' title='bbox 2363 5160 2542 5204; x_wconf 88' lang='lat' dir='ltr'><strong>actum</strong></span> <span class='ocrx_word' id='word_1_787' title='bbox 2595 5166 2625 5204; x_wconf 88' lang='lat' dir='ltr'><strong>a</strong></span> <span class='ocrx_word' id='word_1_788' title='bbox 2677 5153 2880 5223; x_wconf 81' lang='lat' dir='ltr'><strong>nobisl</strong></span> <span class='ocrx_word' id='word_1_789' title='bbox 2916 5156 3066 5210; x_wconf 85' lang='lat' dir='ltr'><strong>Maii.</strong></span> <span class='ocrx_word' id='word_1_790' title='bbox 3101 5156 3372 5224; x_wconf 78' lang='lat' dir='ltr'><strong>Quamvis</strong></span> 
     </span>
    </p>
   </div>
   <div class='ocr_carea' id='block_1_114' title="bbox 1789 5241 3381 5320">
    <p class='ocr_par' dir='ltr' id='par_1_114' title="bbox 1789 5241 3381 5320">
     <span class='ocr_line' id='line_1_114' title="bbox 1789 5241 3381 5320; baseline 0.005 -25"><span class='ocrx_word' id='word_1_791' title='bbox 1789 5251 1969 5296; x_wconf 89' lang='lat' dir='ltr'><strong>autem</strong></span> <span class='ocrx_word' id='word_1_792' title='bbox 2005 5241 2118 5298; x_wconf 61' lang='lat' dir='ltr'><strong>haec</strong></span> <span class='ocrx_word' id='word_1_793' title='bbox 2145 5242 2327 5297; x_wconf 85' lang='lat' dir='ltr'><strong>omnia</strong></span> <span class='ocrx_word' id='word_1_794' title='bbox 2373 5243 2679 5299; x_wconf 88' lang='lat' dir='ltr'><strong>certissima</strong></span> <span class='ocrx_word' id='word_1_795' title='bbox 2731 5247 2861 5310; x_wconf 91' lang='lat' dir='ltr'><strong>sint,</strong></span> <span class='ocrx_word' id='word_1_796' title='bbox 2914 5249 3134 5320; x_wconf 86' lang='lat' dir='ltr'><strong>tingitur</strong></span> <span class='ocrx_word' id='word_1_797' title='bbox 3183 5261 3381 5306; x_wconf 81' lang='lat' dir='ltr'><strong>tamen</strong></span> 
     </span>
    </p>
   </div>
   <div class='ocr_carea' id='block_1_115' title="bbox 1791 5332 3392 5406">
    <p class='ocr_par' dir='ltr' id='par_1_115' title="bbox 1791 5332 3392 5406">
     <span class='ocr_line' id='line_1_115' title="bbox 1791 5332 3392 5406; baseline 0.005 -21"><span class='ocrx_word' id='word_1_798' title='bbox 1791 5332 2126 5402; x_wconf 87' lang='lat' dir='ltr'><strong>Epiphanius</strong></span> <span class='ocrx_word' id='word_1_799' title='bbox 2167 5334 2234 5388; x_wconf 88' lang='lat' dir='ltr'><strong>ab</strong></span> <span class='ocrx_word' id='word_1_800' title='bbox 2251 5335 2489 5393; x_wconf 83' lang='lat' dir='ltr'><strong>Arcadio</strong></span> <span class='ocrx_word' id='word_1_801' title='bbox 2513 5345 2567 5391; x_wconf 89' lang='lat' dir='ltr'><strong>et</strong></span> <span class='ocrx_word' id='word_1_802' title='bbox 2599 5335 2861 5406; x_wconf 87' lang='lat' dir='ltr'><strong>Honorio,</strong></span> <span class='ocrx_word' id='word_1_803' title='bbox 2891 5351 2948 5396; x_wconf 91' lang='lat' dir='ltr'><strong>ut</strong></span> <span class='ocrx_word' id='word_1_804' title='bbox 2977 5343 3110 5402; x_wconf 74' lang='lat' dir='ltr'><strong>dixi.</strong></span> <span class='ocrx_word' id='word_1_805' title='bbox 3136 5352 3392 5399; x_wconf 84' lang='lat' dir='ltr'><strong>vocatus</strong></span> 
     </span>
    </p>
   </div>
   <div class='ocr_carea' id='block_1_116' title="bbox 1792 5421 3404 5500">
    <p class='ocr_par' dir='ltr' id='par_1_116' title="bbox 1792 5421 3404 5500">
     <span class='ocr_line' id='line_1_116' title="bbox 1792 5421 3404 5500; baseline 0.009 -25"><span class='ocrx_word' id='word_1_806' title='bbox 1792 5421 2020 5480; x_wconf 83' lang='lat' dir='ltr'><strong>Romam</strong></span> <span class='ocrx_word' id='word_1_807' title='bbox 2054 5427 2118 5480; x_wconf 87' lang='lat' dir='ltr'><strong>ad</strong></span> <span class='ocrx_word' id='word_1_808' title='bbox 2139 5441 2326 5480; x_wconf 88' lang='lat' dir='ltr'><strong>eorum</strong></span> <span class='ocrx_word' id='word_1_809' title='bbox 2351 5443 2550 5498; x_wconf 71' lang='lat' dir='ltr'><strong>mgram</strong></span> <span class='ocrx_word' id='word_1_810' title='bbox 2577 5446 2818 5488; x_wconf 89' lang='lat' dir='ltr'><strong>sororem</strong></span> <span class='ocrx_word' id='word_1_811' title='bbox 2847 5437 3143 5491; x_wconf 88' lang='lat' dir='ltr'><strong>curandam</strong></span> <span class='ocrx_word' id='word_1_812' title='bbox 3168 5457 3179 5490; x_wconf 93' lang='lat'>:</span> <span class='ocrx_word' id='word_1_813' title='bbox 3202 5436 3404 5500; x_wconf 67' lang='lat' dir='ltr'><strong>idque</strong></span> 
     </span>
    </p>
   </div>
   <div class='ocr_carea' id='block_1_117' title="bbox 1793 5520 3416 5594">
    <p class='ocr_par' dir='ltr' id='par_1_117' title="bbox 1793 5520 3416 5594">
     <span class='ocr_line' id='line_1_117' title="bbox 1793 5520 3416 5594; baseline 0.004 -28"><span class='ocrx_word' id='word_1_814' title='bbox 1793 5530 1898 5568; x_wconf 88' lang='lat' dir='ltr'><strong>non</strong></span> <span class='ocrx_word' id='word_1_815' title='bbox 1946 5527 2154 5573; x_wconf 89' lang='lat' dir='ltr'><strong>tantum</strong></span> <span class='ocrx_word' id='word_1_816' title='bbox 2183 5520 2533 5584; x_wconf 65' lang='lat' dir='ltr'><strong>praestitisse,</strong></span> <span class='ocrx_word' id='word_1_817' title='bbox 2570 5521 2665 5576; x_wconf 88' lang='lat' dir='ltr'><strong>sed</strong></span> <span class='ocrx_word' id='word_1_818' title='bbox 2692 5523 2853 5580; x_wconf 85' lang='lat' dir='ltr'><strong>etiam</strong></span> <span class='ocrx_word' id='word_1_819' title='bbox 2871 5525 2988 5594; x_wconf 73' lang='lat' dir='ltr'><strong>ejus</strong></span> <span class='ocrx_word' id='word_1_820' title='bbox 3014 5527 3181 5581; x_wconf 82' lang='lat' dir='ltr'><strong>filiuni</strong></span> <span class='ocrx_word' id='word_1_821' title='bbox 3215 5531 3416 5578; x_wconf 82' lang='lat' dir='ltr'><strong>mor-</strong></span> 
     </span>
    </p>
   </div>
   <div class='ocr_carea' id='block_1_118' title="bbox 1793 5610 3418 5689">
    <p class='ocr_par' dir='ltr' id='par_1_118' title="bbox 1793 5610 3418 5689">
     <span class='ocr_line' id='line_1_118' title="bbox 1793 5610 3418 5689; baseline 0.008 -27"><span class='ocrx_word' id='word_1_822' title='bbox 1793 5615 1944 5663; x_wconf 86' lang='lat' dir='ltr'><strong>tuum</strong></span> <span class='ocrx_word' id='word_1_823' title='bbox 2049 5610 2378 5678; x_wconf 77' lang='lat' dir='ltr'><strong>suscitassc,</strong></span> <span class='ocrx_word' id='word_1_824' title='bbox 2435 5613 2524 5670; x_wconf 87' lang='lat' dir='ltr'><strong>taii</strong></span> <span class='ocrx_word' id='word_1_825' title='bbox 2615 5614 2780 5686; x_wconf 42' lang='lat' dir='ltr'><strong>legeg</strong></span> <span class='ocrx_word' id='word_1_826' title='bbox 2861 5629 2918 5671; x_wconf 92' lang='lat' dir='ltr'><strong>ut</strong></span> <span class='ocrx_word' id='word_1_827' title='bbox 3002 5617 3418 5689; x_wconf 57' lang='lat' dir='ltr'><strong>imperium“:3</strong></span> 
     </span>
    </p>
   </div>
  </div>
