  <div class='ocr_page' id='page_1' title='image "/cluster/home/n/w/nwhite01/storage/ocr_20150623/41/hvd.32044073501868/095.png"; bbox 0 0 3870 6068; ppageno 0'>
   <div class='ocr_carea' id='block_1_1' title="bbox 555 230 660 288">
    <p class='ocr_par' dir='ltr' id='par_1_1' title="bbox 555 230 660 288">
     <span class='ocr_line' id='line_1_1' title="bbox 555 230 660 288; baseline -0.019 0"><span class='ocrx_word' id='word_1_1' title='bbox 555 230 660 288; x_wconf 72' lang='lat' dir='ltr'><strong>M7</strong></span> 
     </span>
    </p>
   </div>
   <div class='ocr_carea' id='block_1_2' title="bbox 655 305 686 330">
    <p class='ocr_par' dir='ltr' id='par_1_2' title="bbox 655 305 686 330">
     <span class='ocr_line' id='line_1_2' title="bbox 655 305 686 330; baseline 0 -3"><span class='ocrx_word' id='word_1_2' title='bbox 655 305 686 330; x_wconf 65' lang='grc' dir='ltr'><strong>Α</strong></span> 
     </span>
    </p>
   </div>
   <div class='ocr_carea' id='block_1_3' title="bbox 1579 229 3800 288">
    <p class='ocr_par' dir='ltr' id='par_1_3' title="bbox 1579 229 3800 288">
     <span class='ocr_line' id='line_1_3' title="bbox 1579 229 3800 288; baseline 0.001 -3"><span class='ocrx_word' id='word_1_3' title='bbox 1579 230 1638 286; x_wconf 82' lang='lat' dir='ltr'><strong>S.</strong></span> <span class='ocrx_word' id='word_1_4' title='bbox 1682 229 2026 286; x_wconf 74' lang='lat' dir='ltr'><strong>EPIPHAMI</strong></span> <span class='ocrx_word' id='word_1_5' title='bbox 2067 231 2246 286; x_wconf 79' lang='lat' dir='ltr'><strong>ACTA</strong></span> <span class='ocrx_word' id='word_1_6' title='bbox 2291 229 2770 287; x_wconf 75' lang='lat' dir='ltr'><strong>BOLLANDIA‘NA</strong></span> <span class='ocrx_word' id='word_1_7' title='bbox 3709 230 3800 288; x_wconf 74' lang='lat' dir='ltr'><strong>N3</strong></span> 
     </span>
    </p>
   </div>
   <div class='ocr_carea' id='block_1_4' title="bbox 555 339 3801 418">
    <p class='ocr_par' dir='ltr' id='par_1_4' title="bbox 555 339 3801 418">
     <span class='ocr_line' id='line_1_4' title="bbox 555 339 3801 418; baseline -0.003 -13"><span class='ocrx_word' id='word_1_8' title='bbox 555 365 682 405; x_wconf 90' lang='lat' dir='ltr'><strong>cum</strong></span> <span class='ocrx_word' id='word_1_9' title='bbox 713 360 905 403; x_wconf 83' lang='lat' dir='ltr'><strong>sorore</strong></span> <span class='ocrx_word' id='word_1_10' title='bbox 944 354 1107 416; x_wconf 89' lang='lat' dir='ltr'><strong>atque</strong></span> <span class='ocrx_word' id='word_1_11' title='bbox 1140 354 1335 416; x_wconf 84' lang='lat' dir='ltr'><strong>nepote</strong></span> <span class='ocrx_word' id='word_1_12' title='bbox 1375 345 1534 399; x_wconf 89' lang='lat' dir='ltr'><strong>ﬁdem</strong></span> <span class='ocrx_word' id='word_1_13' title='bbox 1588 346 1932 414; x_wconf 85' lang='lat' dir='ltr'><strong>susciperent</strong></span> <span class='ocrx_word' id='word_1_14' title='bbox 1969 346 2132 400; x_wconf 85' lang='lat' dir='ltr'><strong>Chri-</strong></span> <span class='ocrx_word' id='word_1_15' title='bbox 2166 353 2207 406; x_wconf 77' lang='grc' dir='ltr'><strong>Α</strong></span> <span class='ocrx_word' id='word_1_16' title='bbox 2239 355 2388 400; x_wconf 86' lang='lat' dir='ltr'><strong>retur</strong></span> <span class='ocrx_word' id='word_1_17' title='bbox 2405 347 2470 400; x_wconf 91' lang='lat' dir='ltr'><strong>ad</strong></span> <span class='ocrx_word' id='word_1_18' title='bbox 2490 345 2718 400; x_wconf 91' lang='lat' dir='ltr'><strong>fundum</strong></span> <span class='ocrx_word' id='word_1_19' title='bbox 2735 359 2861 400; x_wconf 85' lang='lat' dir='ltr'><strong>eum</strong></span> <span class='ocrx_word' id='word_1_20' title='bbox 2881 339 3801 418; x_wconf 75' lang='lat' dir='ltr'><strong>s&#39;bivindieandum.Additimpera.</strong></span> 
     </span>
    </p>
   </div>
   <div class='ocr_carea' id='block_1_5' title="bbox 556 437 2133 516">
    <p class='ocr_par' dir='ltr' id='par_1_5' title="bbox 556 437 2133 516">
     <span class='ocr_line' id='line_1_5' title="bbox 556 437 2133 516; baseline -0.003 -20"><span class='ocrx_word' id='word_1_21' title='bbox 556 443 789 496; x_wconf 88' lang='lat' dir='ltr'><strong>stianam</strong></span> <span class='ocrx_word' id='word_1_22' title='bbox 837 460 850 495; x_wconf 92' lang='lat'>:</span> <span class='ocrx_word' id='word_1_23' title='bbox 894 439 1038 510; x_wconf 91' lang='lat' dir='ltr'><strong>quod</strong></span> <span class='ocrx_word' id='word_1_24' title='bbox 1086 447 1142 493; x_wconf 92' lang='lat' dir='ltr'><strong>et</strong></span> <span class='ocrx_word' id='word_1_25' title='bbox 1195 437 1443 516; x_wconf 83' lang='lat' dir='ltr'><strong>fecerint,</strong></span> <span class='ocrx_word' id='word_1_26' title='bbox 1509 438 1769 508; x_wconf 82' lang='lat' dir='ltr'><strong>baptizati</strong></span> <span class='ocrx_word' id='word_1_27' title='bbox 1822 455 2017 493; x_wconf 88' lang='lat' dir='ltr'><strong>omnes</strong></span> <span class='ocrx_word' id='word_1_28' title='bbox 2066 441 2133 492; x_wconf 87' lang='lat' dir='ltr'><strong>ab</strong></span> 
     </span>
    </p>
   </div>
   <div class='ocr_carea' id='block_1_6' title="bbox 555 529 2134 604">
    <p class='ocr_par' dir='ltr' id='par_1_6' title="bbox 555 529 2134 604">
     <span class='ocr_line' id='line_1_6' title="bbox 555 529 2134 604; baseline -0.002 -17"><span class='ocrx_word' id='word_1_29' title='bbox 555 534 892 604; x_wconf 81' lang='lat' dir='ltr'><strong>Epiphanio,</strong></span> <span class='ocrx_word' id='word_1_30' title='bbox 949 531 1382 601; x_wconf 75' lang='lat' dir='ltr'><strong>suscipientibus</strong></span> <span class='ocrx_word' id='word_1_31' title='bbox 1429 547 1448 581; x_wconf 78' lang='grc' dir='ltr'>ι</span> <span class='ocrx_word' id='word_1_32' title='bbox 1511 529 1809 584; x_wconf 79' lang='lat' dir='ltr'><strong>Arcadium</strong></span> <span class='ocrx_word' id='word_1_33' title='bbox 1872 529 2134 601; x_wconf 82' lang='lat' dir='ltr'><strong>Polybio,</strong></span> 
     </span>
    </p>
   </div>
   <div class='ocr_carea' id='block_1_7' title="bbox 558 622 2131 686">
    <p class='ocr_par' dir='ltr' id='par_1_7' title="bbox 558 622 2131 686">
     <span class='ocr_line' id='line_1_7' title="bbox 558 622 2131 686; baseline -0.003 -5"><span class='ocrx_word' id='word_1_34' title='bbox 558 627 860 681; x_wconf 87' lang='lat' dir='ltr'><strong>iionorium</strong></span> <span class='ocrx_word' id='word_1_35' title='bbox 914 623 1123 686; x_wconf 88' lang='lat' dir='ltr'><strong>lsaaeo.</strong></span> <span class='ocrx_word' id='word_1_36' title='bbox 1180 643 1200 676; x_wconf 71' lang='grc' dir='ltr'><strong><em>ι</em></strong></span> <span class='ocrx_word' id='word_1_37' title='bbox 1254 639 1445 679; x_wconf 90' lang='lat' dir='ltr'><strong>eorum</strong></span> <span class='ocrx_word' id='word_1_38' title='bbox 1495 642 1513 676; x_wconf 82' lang='grc'><strong>‹</strong></span> <span class='ocrx_word' id='word_1_39' title='bbox 1574 638 1818 678; x_wconf 83' lang='lat' dir='ltr'><strong>sororem</strong></span> <span class='ocrx_word' id='word_1_40' title='bbox 1872 622 2131 679; x_wconf 79' lang='lat' dir='ltr'><strong>Proclisia</strong></span> 
     </span>
    </p>
   </div>
   <div class='ocr_carea' id='block_1_8' title="bbox 555 713 2133 785">
    <p class='ocr_par' dir='ltr' id='par_1_8' title="bbox 555 713 2133 785">
     <span class='ocr_line' id='line_1_8' title="bbox 555 713 2133 785; baseline -0.001 -14"><span class='ocrx_word' id='word_1_41' title='bbox 555 716 810 778; x_wconf 88' lang='lat' dir='ltr'><strong>Patricia,</strong></span> <span class='ocrx_word' id='word_1_42' title='bbox 849 723 903 770; x_wconf 86' lang='lat' dir='ltr'><strong>et</strong></span> <span class='ocrx_word' id='word_1_43' title='bbox 942 715 1115 769; x_wconf 91' lang='lat' dir='ltr'><strong>ﬁlium</strong></span> <span class='ocrx_word' id='word_1_44' title='bbox 1158 713 1324 785; x_wconf 86' lang='lat' dir='ltr'><strong>hujus</strong></span> <span class='ocrx_word' id='word_1_45' title='bbox 1359 714 1596 784; x_wconf 87' lang='lat' dir='ltr'><strong>quodam</strong></span> <span class='ocrx_word' id='word_1_46' title='bbox 1649 713 1922 780; x_wconf 85' lang='lat' dir='ltr'><strong>eunucho,</strong></span> <span class='ocrx_word' id='word_1_47' title='bbox 1969 735 1986 766; x_wconf 78' lang='grc' dir='ltr'><strong><em>ι</em></strong></span> <span class='ocrx_word' id='word_1_48' title='bbox 2026 731 2133 770; x_wconf 91' lang='lat' dir='ltr'><strong>non</strong></span> 
     </span>
    </p>
   </div>
   <div class='ocr_carea' id='block_1_9' title="bbox 554 806 2137 886">
    <p class='ocr_par' dir='ltr' id='par_1_9' title="bbox 554 806 2137 886">
     <span class='ocr_line' id='line_1_9' title="bbox 554 806 2137 886; baseline 0.001 -24"><span class='ocrx_word' id='word_1_49' title='bbox 554 809 673 862; x_wconf 91' lang='lat' dir='ltr'><strong>sine</strong></span> <span class='ocrx_word' id='word_1_50' title='bbox 697 807 980 878; x_wconf 86' lang='lat' dir='ltr'><strong>prodigiis.</strong></span> <span class='ocrx_word' id='word_1_51' title='bbox 1008 807 1074 862; x_wconf 87' lang='lat' dir='ltr'><strong>Et</strong></span> <span class='ocrx_word' id='word_1_52' title='bbox 1097 807 1213 863; x_wconf 69' lang='lat' dir='ltr'><strong>haec</strong></span> <span class='ocrx_word' id='word_1_53' title='bbox 1244 807 1479 886; x_wconf 39' lang='lat' dir='ltr'><strong>quidem.</strong></span> <span class='ocrx_word' id='word_1_54' title='bbox 1507 807 1686 861; x_wconf 91' lang='lat' dir='ltr'><strong>omnia</strong></span> <span class='ocrx_word' id='word_1_55' title='bbox 1717 806 1929 863; x_wconf 91' lang='lat' dir='ltr'><strong>vivente</strong></span> <span class='ocrx_word' id='word_1_56' title='bbox 1957 809 2137 864; x_wconf 89' lang='lat' dir='ltr'><strong>adhuc</strong></span> 
     </span>
    </p>
   </div>
   <div class='ocr_carea' id='block_1_10' title="bbox 557 897 2134 970">
    <p class='ocr_par' dir='ltr' id='par_1_10' title="bbox 557 897 2134 970">
     <span class='ocr_line' id='line_1_10' title="bbox 557 897 2134 970; baseline 0 -17"><span class='ocrx_word' id='word_1_57' title='bbox 557 900 869 956; x_wconf 84' lang='lat' dir='ltr'><strong>Theodosio</strong></span> <span class='ocrx_word' id='word_1_58' title='bbox 905 897 1136 956; x_wconf 89' lang='lat' dir='ltr'><strong>Seniore</strong></span> <span class='ocrx_word' id='word_1_59' title='bbox 1163 899 1437 970; x_wconf 89' lang='lat' dir='ltr'><strong>Augusto,</strong></span> <span class='ocrx_word' id='word_1_60' title='bbox 1479 907 1641 969; x_wconf 90' lang='lat' dir='ltr'><strong>atque</strong></span> <span class='ocrx_word' id='word_1_61' title='bbox 1694 898 1831 954; x_wconf 91' lang='lat' dir='ltr'><strong>adeo</strong></span> <span class='ocrx_word' id='word_1_62' title='bbox 1875 909 2000 955; x_wconf 88' lang='lat' dir='ltr'><strong>ante</strong></span> <span class='ocrx_word' id='word_1_63' title='bbox 2035 915 2134 954; x_wconf 86' lang='lat' dir='ltr'><strong>an-</strong></span> 
     </span>
    </p>
   </div>
   <div class='ocr_carea' id='block_1_11' title="bbox 556 991 1602 1062">
    <p class='ocr_par' dir='ltr' id='par_1_11' title="bbox 556 991 1602 1062">
     <span class='ocr_line' id='line_1_11' title="bbox 556 991 1602 1062; baseline -0.001 -17"><span class='ocrx_word' id='word_1_64' title='bbox 556 1007 689 1047; x_wconf 91' lang='lat' dir='ltr'><strong>num</strong></span> <span class='ocrx_word' id='word_1_65' title='bbox 713 991 838 1056; x_wconf 82' lang='lat'><strong>595,</strong></span> <span class='ocrx_word' id='word_1_66' title='bbox 871 1007 982 1062; x_wconf 90' lang='lat' dir='ltr'><strong>quo</strong></span> <span class='ocrx_word' id='word_1_67' title='bbox 1014 992 1103 1046; x_wconf 91' lang='lat' dir='ltr'><strong>hic</strong></span> <span class='ocrx_word' id='word_1_68' title='bbox 1137 1005 1167 1046; x_wconf 90' lang='lat' dir='ltr'><strong>e</strong></span> <span class='ocrx_word' id='word_1_69' title='bbox 1189 992 1302 1046; x_wconf 86' lang='lat' dir='ltr'><strong>vita</strong></span> <span class='ocrx_word' id='word_1_70' title='bbox 1331 991 1602 1062; x_wconf 76' lang='lat' dir='ltr'><strong>migravit.</strong></span> 
     </span>
    </p>
   </div>
   <div class='ocr_carea' id='block_1_12' title="bbox 627 1081 2135 1155">
    <p class='ocr_par' dir='ltr' id='par_1_12' title="bbox 627 1081 2135 1155">
     <span class='ocr_line' id='line_1_12' title="bbox 627 1081 2135 1155; baseline 0.001 -19"><span class='ocrx_word' id='word_1_71' title='bbox 627 1082 717 1137; x_wconf 77' lang='grc'><strong>55.</strong></span> <span class='ocrx_word' id='word_1_72' title='bbox 752 1082 926 1138; x_wconf 77' lang='lat' dir='ltr'><strong>Roma</strong></span> <span class='ocrx_word' id='word_1_73' title='bbox 963 1084 1016 1137; x_wconf 91' lang='lat' dir='ltr'><strong>in</strong></span> <span class='ocrx_word' id='word_1_74' title='bbox 1051 1083 1288 1155; x_wconf 82' lang='lat' dir='ltr'><strong>Cyprum</strong></span> <span class='ocrx_word' id='word_1_75' title='bbox 1313 1097 1594 1148; x_wconf 74' lang='lat' dir='ltr'><strong>reversus,</strong></span> <span class='ocrx_word' id='word_1_76' title='bbox 1633 1091 1691 1137; x_wconf 92' lang='lat' dir='ltr'><strong>ut</strong></span> <span class='ocrx_word' id='word_1_77' title='bbox 1737 1083 1977 1154; x_wconf 86' lang='lat' dir='ltr'><strong>ﬁngitur,</strong></span> <span class='ocrx_word' id='word_1_78' title='bbox 2012 1081 2135 1154; x_wconf 88' lang='lat' dir='ltr'><strong>Epi-</strong></span> 
     </span>
    </p>
   </div>
   <div class='ocr_carea' id='block_1_13' title="bbox 556 1176 2136 1248">
    <p class='ocr_par' dir='ltr' id='par_1_13' title="bbox 556 1176 2136 1248">
     <span class='ocr_line' id='line_1_13' title="bbox 556 1176 2136 1248; baseline 0.001 -17"><span class='ocrx_word' id='word_1_79' title='bbox 556 1177 794 1248; x_wconf 86' lang='lat' dir='ltr'><strong>phanius</strong></span> <span class='ocrx_word' id='word_1_80' title='bbox 839 1193 948 1233; x_wconf 91' lang='lat' dir='ltr'><strong>non</strong></span> <span class='ocrx_word' id='word_1_81' title='bbox 1002 1177 1316 1232; x_wconf 87' lang='lat' dir='ltr'><strong>diuturnam</strong></span> <span class='ocrx_word' id='word_1_82' title='bbox 1363 1176 1434 1231; x_wconf 86' lang='lat' dir='ltr'><strong>ibi</strong></span> <span class='ocrx_word' id='word_1_83' title='bbox 1485 1176 1725 1246; x_wconf 85' lang='lat' dir='ltr'><strong>quietem</strong></span> <span class='ocrx_word' id='word_1_84' title='bbox 1781 1177 1992 1241; x_wconf 88' lang='lat' dir='ltr'><strong>habuit,</strong></span> <span class='ocrx_word' id='word_1_85' title='bbox 2043 1177 2136 1232; x_wconf 91' lang='lat' dir='ltr'><strong>sed</strong></span> 
     </span>
    </p>
   </div>
   <div class='ocr_carea' id='block_1_14' title="bbox 556 1265 2135 1340">
    <p class='ocr_par' dir='ltr' id='par_1_14' title="bbox 556 1265 2135 1340">
     <span class='ocr_line' id='line_1_14' title="bbox 556 1265 2135 1340; baseline 0.001 -20"><span class='ocrx_word' id='word_1_86' title='bbox 556 1279 845 1340; x_wconf 85' lang='lat' dir='ltr'><strong>postquam</strong></span> <span class='ocrx_word' id='word_1_87' title='bbox 879 1267 1010 1322; x_wconf 89' lang='lat' dir='ltr'><strong>fami</strong></span> <span class='ocrx_word' id='word_1_88' title='bbox 1050 1267 1304 1338; x_wconf 83' lang='lat' dir='ltr'><strong>publicae,</strong></span> <span class='ocrx_word' id='word_1_89' title='bbox 1344 1267 1608 1336; x_wconf 88' lang='lat' dir='ltr'><strong>coemptis</strong></span> <span class='ocrx_word' id='word_1_90' title='bbox 1643 1265 1983 1322; x_wconf 88' lang='lat' dir='ltr'><strong>Faustiniani</strong></span> <span class='ocrx_word' id='word_1_91' title='bbox 2021 1265 2135 1321; x_wconf 86' lang='lat' dir='ltr'><strong>fru-</strong></span> 
     </span>
    </p>
   </div>
   <div class='ocr_carea' id='block_1_15' title="bbox 555 1361 2134 1433">
    <p class='ocr_par' dir='ltr' id='par_1_15' title="bbox 555 1361 2134 1433">
     <span class='ocr_line' id='line_1_15' title="bbox 555 1361 2134 1433; baseline 0.002 -19"><span class='ocrx_word' id='word_1_92' title='bbox 555 1364 713 1433; x_wconf 70' lang='lat' dir='ltr'><strong>gibus</strong></span> <span class='ocrx_word' id='word_1_93' title='bbox 741 1363 1036 1432; x_wconf 86' lang='lat' dir='ltr'><strong>prudenter</strong></span> <span class='ocrx_word' id='word_1_94' title='bbox 1064 1363 1459 1426; x_wconf 88' lang='lat' dir='ltr'><strong>consuluisset,</strong></span> <span class='ocrx_word' id='word_1_95' title='bbox 1491 1371 1543 1416; x_wconf 90' lang='lat' dir='ltr'><strong>et</strong></span> <span class='ocrx_word' id='word_1_96' title='bbox 1577 1361 1802 1417; x_wconf 88' lang='lat' dir='ltr'><strong>insidias</strong></span> <span class='ocrx_word' id='word_1_97' title='bbox 1820 1362 1942 1416; x_wconf 76' lang='lat' dir='ltr'><strong>vita:</strong></span> <span class='ocrx_word' id='word_1_98' title='bbox 1968 1376 2082 1416; x_wconf 73' lang='lat' dir='ltr'><strong>sua:</strong></span> <span class='ocrx_word' id='word_1_99' title='bbox 2104 1376 2134 1416; x_wconf 90' lang='lat' dir='ltr'><strong>a</strong></span> 
     </span>
    </p>
   </div>
   <div class='ocr_carea' id='block_1_16' title="bbox 501 1453 2135 1526">
    <p class='ocr_par' dir='ltr' id='par_1_16' title="bbox 501 1453 2135 1526">
     <span class='ocr_line' id='line_1_16' title="bbox 501 1453 2135 1526; baseline 0.002 -20"><span class='ocrx_word' id='word_1_100' title='bbox 501 1509 504 1512; x_wconf 62' lang='grc'>,</span> <span class='ocrx_word' id='word_1_101' title='bbox 556 1453 756 1508; x_wconf 85' lang='lat' dir='ltr'><strong>Rufino</strong></span> <span class='ocrx_word' id='word_1_102' title='bbox 797 1455 1032 1508; x_wconf 88' lang='lat' dir='ltr'><strong>diacono</strong></span> <span class='ocrx_word' id='word_1_103' title='bbox 1057 1468 1180 1512; x_wconf 91' lang='lat' dir='ltr'><strong>suo.</strong></span> <span class='ocrx_word' id='word_1_104' title='bbox 1220 1470 1286 1508; x_wconf 85' lang='lat' dir='ltr'><strong>ex</strong></span> <span class='ocrx_word' id='word_1_105' title='bbox 1338 1455 1580 1524; x_wconf 82' lang='lat' dir='ltr'><strong>ejusdem</strong></span> <span class='ocrx_word' id='word_1_106' title='bbox 1628 1454 1970 1510; x_wconf 83' lang='lat' dir='ltr'><strong>Faustiniani</strong></span> <span class='ocrx_word' id='word_1_107' title='bbox 2000 1471 2135 1526; x_wconf 83' lang='lat' dir='ltr'><strong>sug-</strong></span> 
     </span>
    </p>
   </div>
   <div class='ocr_carea' id='block_1_17' title="bbox 553 1543 2136 1614">
    <p class='ocr_par' dir='ltr' id='par_1_17' title="bbox 553 1543 2136 1614">
     <span class='ocr_line' id='line_1_17' title="bbox 553 1543 2136 1614; baseline 0.003 -17"><span class='ocrx_word' id='word_1_108' title='bbox 553 1543 820 1614; x_wconf 88' lang='lat' dir='ltr'><strong>gestione.</strong></span> <span class='ocrx_word' id='word_1_109' title='bbox 854 1553 1074 1613; x_wconf 87' lang='lat' dir='ltr'><strong>paratas</strong></span> <span class='ocrx_word' id='word_1_110' title='bbox 1097 1543 1282 1598; x_wconf 90' lang='lat' dir='ltr'><strong>divina</strong></span> <span class='ocrx_word' id='word_1_111' title='bbox 1315 1545 1653 1614; x_wconf 84' lang='lat' dir='ltr'><strong>praenotione</strong></span> <span class='ocrx_word' id='word_1_112' title='bbox 1684 1545 1984 1611; x_wconf 81' lang='lat' dir='ltr'><strong>evasisset,</strong></span> <span class='ocrx_word' id='word_1_113' title='bbox 2014 1561 2136 1601; x_wconf 86' lang='lat' dir='ltr'><strong>evo-</strong></span> 
     </span>
    </p>
   </div>
   <div class='ocr_carea' id='block_1_18' title="bbox 555 1635 2133 1708">
    <p class='ocr_par' dir='ltr' id='par_1_18' title="bbox 555 1635 2133 1708">
     <span class='ocr_line' id='line_1_18' title="bbox 555 1635 2133 1708; baseline 0.003 -17"><span class='ocrx_word' id='word_1_114' title='bbox 555 1645 710 1691; x_wconf 86' lang='lat' dir='ltr'><strong>catur</strong></span> <span class='ocrx_word' id='word_1_115' title='bbox 753 1635 1312 1705; x_wconf 85' lang='lat' dir='ltr'><strong>Constantinopolim,</strong></span> <span class='ocrx_word' id='word_1_116' title='bbox 1357 1638 1424 1691; x_wconf 82' lang='lat' dir='ltr'><strong>ad</strong></span> <span class='ocrx_word' id='word_1_117' title='bbox 1464 1638 1783 1707; x_wconf 64' lang='lat' dir='ltr'><strong>pradictum</strong></span> <span class='ocrx_word' id='word_1_118' title='bbox 1839 1638 2133 1708; x_wconf 88' lang='lat' dir='ltr'><strong>imperato-</strong></span> 
     </span>
    </p>
   </div>
   <div class='ocr_carea' id='block_1_19' title="bbox 2240 434 3801 506">
    <p class='ocr_par' dir='ltr' id='par_1_19' title="bbox 2240 434 3801 506">
     <span class='ocr_line' id='line_1_19' title="bbox 2240 434 3801 506; baseline 0.001 -16"><span class='ocrx_word' id='word_1_119' title='bbox 2240 439 2428 492; x_wconf 88' lang='lat' dir='ltr'><strong>tricem</strong></span> <span class='ocrx_word' id='word_1_120' title='bbox 2463 439 2733 494; x_wconf 80' lang='lat' dir='ltr'><strong>obtulisse</strong></span> <span class='ocrx_word' id='word_1_121' title='bbox 2771 438 2948 492; x_wconf 71' lang='lat' dir='ltr'><strong>vidua:</strong></span> <span class='ocrx_word' id='word_1_122' title='bbox 2991 436 3228 506; x_wconf 88' lang='lat' dir='ltr'><strong>pretium</strong></span> <span class='ocrx_word' id='word_1_123' title='bbox 3280 434 3466 500; x_wconf 88' lang='lat' dir='ltr'><strong>illius;</strong></span> <span class='ocrx_word' id='word_1_124' title='bbox 3513 436 3657 506; x_wconf 85' lang='lat' dir='ltr'><strong>quod</strong></span> <span class='ocrx_word' id='word_1_125' title='bbox 3681 453 3801 492; x_wconf 82' lang='lat' dir='ltr'><strong>sane</strong></span> 
     </span>
    </p>
   </div>
   <div class='ocr_carea' id='block_1_20' title="bbox 2239 527 3802 600">
    <p class='ocr_par' dir='ltr' id='par_1_20' title="bbox 2239 527 3802 600">
     <span class='ocr_line' id='line_1_20' title="bbox 2239 527 3802 600; baseline 0 -17"><span class='ocrx_word' id='word_1_126' title='bbox 2239 539 2298 583; x_wconf 93' lang='lat' dir='ltr'><strong>ut</strong></span> <span class='ocrx_word' id='word_1_127' title='bbox 2332 531 2423 583; x_wconf 89' lang='lat' dir='ltr'><strong>illa</strong></span> <span class='ocrx_word' id='word_1_128' title='bbox 2472 538 2779 600; x_wconf 83' lang='lat' dir='ltr'><strong>acceptaret</strong></span> <span class='ocrx_word' id='word_1_129' title='bbox 2804 539 2900 584; x_wconf 89' lang='lat' dir='ltr'><strong>aut</strong></span> <span class='ocrx_word' id='word_1_130' title='bbox 2927 528 3170 584; x_wconf 77' lang='lat' dir='ltr'><strong>oblatum</strong></span> <span class='ocrx_word' id='word_1_131' title='bbox 3209 527 3342 582; x_wconf 85' lang='lat' dir='ltr'><strong>alibi</strong></span> <span class='ocrx_word' id='word_1_132' title='bbox 3373 528 3658 598; x_wconf 54' lang='lat' dir='ltr'><strong>praedium,</strong></span> <span class='ocrx_word' id='word_1_133' title='bbox 3688 545 3802 583; x_wconf 63' lang='lat' dir='ltr'><strong>con.</strong></span> 
     </span>
    </p>
   </div>
   <div class='ocr_carea' id='block_1_21' title="bbox 2238 621 3800 690">
    <p class='ocr_par' dir='ltr' id='par_1_21' title="bbox 2238 621 3800 690">
     <span class='ocr_line' id='line_1_21' title="bbox 2238 621 3800 690; baseline -0.001 -14"><span class='ocrx_word' id='word_1_134' title='bbox 2238 622 2446 677; x_wconf 83' lang='lat' dir='ltr'><strong>suitius</strong></span> <span class='ocrx_word' id='word_1_135' title='bbox 2491 621 2690 677; x_wconf 86' lang='lat' dir='ltr'><strong>fuisset</strong></span> <span class='ocrx_word' id='word_1_136' title='bbox 2737 621 2974 677; x_wconf 89' lang='lat' dir='ltr'><strong>suadere</strong></span> <span class='ocrx_word' id='word_1_137' title='bbox 3017 623 3182 686; x_wconf 68' lang='lat' dir='ltr'><strong>laesae,</strong></span> <span class='ocrx_word' id='word_1_138' title='bbox 3241 635 3408 690; x_wconf 88' lang='lat' dir='ltr'><strong>quam</strong></span> <span class='ocrx_word' id='word_1_139' title='bbox 3461 634 3563 688; x_wconf 88' lang='lat' dir='ltr'><strong>pro</strong></span> <span class='ocrx_word' id='word_1_140' title='bbox 3600 636 3800 675; x_wconf 86' lang='lat' dir='ltr'><strong>summo</strong></span> 
     </span>
    </p>
   </div>
   <div class='ocr_carea' id='block_1_22' title="bbox 2233 712 3799 786">
    <p class='ocr_par' dir='ltr' id='par_1_22' title="bbox 2233 712 3799 786">
     <span class='ocr_line' id='line_1_22' title="bbox 2233 712 3799 786; baseline -0.003 -16"><span class='ocrx_word' id='word_1_141' title='bbox 2233 715 2361 786; x_wconf 85' lang='lat' dir='ltr'><strong>jure</strong></span> <span class='ocrx_word' id='word_1_142' title='bbox 2389 723 2574 771; x_wconf 89' lang='lat' dir='ltr'><strong>tantas</strong></span> <span class='ocrx_word' id='word_1_143' title='bbox 2608 715 2798 770; x_wconf 88' lang='lat' dir='ltr'><strong>turbas</strong></span> <span class='ocrx_word' id='word_1_144' title='bbox 2841 728 3086 776; x_wconf 85' lang='lat' dir='ltr'><strong>movere,</strong></span> <span class='ocrx_word' id='word_1_145' title='bbox 3131 721 3368 782; x_wconf 88' lang='lat' dir='ltr'><strong>quantas</strong></span> <span class='ocrx_word' id='word_1_146' title='bbox 3405 712 3670 780; x_wconf 88' lang='lat' dir='ltr'><strong>consequi</strong></span> <span class='ocrx_word' id='word_1_147' title='bbox 3713 729 3799 765; x_wconf 86' lang='lat' dir='ltr'><strong>ne-</strong></span> 
     </span>
    </p>
   </div>
   <div class='ocr_carea' id='block_1_23' title="bbox 2240 803 3794 876">
    <p class='ocr_par' dir='ltr' id='par_1_23' title="bbox 2240 803 3794 876">
     <span class='ocr_line' id='line_1_23' title="bbox 2240 803 3794 876; baseline -0.005 -12"><span class='ocrx_word' id='word_1_148' title='bbox 2240 824 2396 864; x_wconf 88' lang='lat' dir='ltr'><strong>cesse</strong></span> <span class='ocrx_word' id='word_1_149' title='bbox 2427 815 2567 872; x_wconf 92' lang='lat' dir='ltr'><strong>erat,</strong></span> <span class='ocrx_word' id='word_1_150' title='bbox 2601 807 2647 863; x_wconf 89' lang='lat' dir='ltr'><strong>si</strong></span> <span class='ocrx_word' id='word_1_151' title='bbox 2679 822 2775 876; x_wconf 90' lang='lat' dir='ltr'><strong>per</strong></span> <span class='ocrx_word' id='word_1_152' title='bbox 2825 803 3412 861; x_wconf 82' lang='lat' dir='ltr'><strong>excommunicationis</strong></span> <span class='ocrx_word' id='word_1_153' title='bbox 3453 803 3686 872; x_wconf 81' lang='lat' dir='ltr'><strong>rigorem</strong></span> <span class='ocrx_word' id='word_1_154' title='bbox 3716 819 3794 857; x_wconf 75' lang='lat' dir='ltr'><strong>ex-</strong></span> 
     </span>
    </p>
   </div>
   <div class='ocr_carea' id='block_1_24' title="bbox 2238 890 3803 964">
    <p class='ocr_par' dir='ltr' id='par_1_24' title="bbox 2238 890 3803 964">
     <span class='ocr_line' id='line_1_24' title="bbox 2238 890 3803 964; baseline -0.008 -8"><span class='ocrx_word' id='word_1_155' title='bbox 2238 899 2553 956; x_wconf 88' lang='lat' dir='ltr'><strong>cluderetur</strong></span> <span class='ocrx_word' id='word_1_156' title='bbox 2581 897 2651 951; x_wconf 91' lang='lat' dir='ltr'><strong>ab</strong></span> <span class='ocrx_word' id='word_1_157' title='bbox 2680 895 2915 952; x_wconf 85' lang='lat' dir='ltr'><strong>ecclesia</strong></span> <span class='ocrx_word' id='word_1_158' title='bbox 2954 893 3300 964; x_wconf 78' lang='lat' dir='ltr'><strong>imperatrix.</strong></span> <span class='ocrx_word' id='word_1_159' title='bbox 3346 890 3536 962; x_wconf 85' lang='lat' dir='ltr'><strong>itaque</strong></span> <span class='ocrx_word' id='word_1_160' title='bbox 3562 891 3803 946; x_wconf 76' lang='lat' dir='ltr'><strong>existimo</strong></span> 
     </span>
    </p>
   </div>
   <div class='ocr_carea' id='block_1_25' title="bbox 2239 982 3801 1061">
    <p class='ocr_par' dir='ltr' id='par_1_25' title="bbox 2239 982 3801 1061">
     <span class='ocr_line' id='line_1_25' title="bbox 2239 982 3801 1061; baseline -0.008 -15"><span class='ocrx_word' id='word_1_161' title='bbox 2239 1004 2420 1061; x_wconf 85' lang='lat' dir='ltr'><strong>neque</strong></span> <span class='ocrx_word' id='word_1_162' title='bbox 2450 989 2558 1044; x_wconf 85' lang='lat' dir='ltr'><strong>tale</strong></span> <span class='ocrx_word' id='word_1_163' title='bbox 2588 986 2888 1058; x_wconf 89' lang='lat' dir='ltr'><strong>quidquam</strong></span> <span class='ocrx_word' id='word_1_164' title='bbox 2919 984 2988 1039; x_wconf 87' lang='lat' dir='ltr'><strong>ab</strong></span> <span class='ocrx_word' id='word_1_165' title='bbox 3023 984 3128 1038; x_wconf 90' lang='lat' dir='ltr'><strong>hac</strong></span> <span class='ocrx_word' id='word_1_166' title='bbox 3176 982 3445 1044; x_wconf 83' lang='lat' dir='ltr'><strong>oblatum,</strong></span> <span class='ocrx_word' id='word_1_167' title='bbox 3497 989 3801 1050; x_wconf 70' lang='lat' dir='ltr'><strong>praatextmn</strong></span> 
     </span>
    </p>
   </div>
   <div class='ocr_carea' id='block_1_26' title="bbox 2240 1072 3802 1149">
    <p class='ocr_par' dir='ltr' id='par_1_26' title="bbox 2240 1072 3802 1149">
     <span class='ocr_line' id='line_1_26' title="bbox 2240 1072 3802 1149; baseline -0.008 -12"><span class='ocrx_word' id='word_1_168' title='bbox 2240 1091 2422 1138; x_wconf 92' lang='lat' dir='ltr'><strong>autem</strong></span> <span class='ocrx_word' id='word_1_169' title='bbox 2451 1081 2602 1136; x_wconf 88' lang='lat' dir='ltr'><strong>illius</strong></span> <span class='ocrx_word' id='word_1_170' title='bbox 2619 1080 2734 1149; x_wconf 81' lang='lat' dir='ltr'><strong>agri</strong></span> <span class='ocrx_word' id='word_1_171' title='bbox 2759 1076 3067 1149; x_wconf 86' lang='lat' dir='ltr'><strong>usurpandi</strong></span> <span class='ocrx_word' id='word_1_172' title='bbox 3096 1074 3264 1130; x_wconf 88' lang='lat' dir='ltr'><strong>alium</strong></span> <span class='ocrx_word' id='word_1_173' title='bbox 3295 1089 3402 1128; x_wconf 92' lang='lat' dir='ltr'><strong>non</strong></span> <span class='ocrx_word' id='word_1_174' title='bbox 3433 1072 3624 1138; x_wconf 77' lang='lat' dir='ltr'><strong>fuisse,</strong></span> <span class='ocrx_word' id='word_1_175' title='bbox 3652 1087 3802 1142; x_wconf 83' lang='lat' dir='ltr'><strong>quam</strong></span> 
     </span>
    </p>
   </div>
   <div class='ocr_carea' id='block_1_27' title="bbox 2241 1162 3806 1245">
    <p class='ocr_par' dir='ltr' id='par_1_27' title="bbox 2241 1162 3806 1245">
     <span class='ocr_line' id='line_1_27' title="bbox 2241 1162 3806 1245; baseline -0.008 -16"><span class='ocrx_word' id='word_1_176' title='bbox 2241 1173 2390 1245; x_wconf 91' lang='lat' dir='ltr'><strong>quod</strong></span> <span class='ocrx_word' id='word_1_177' title='bbox 2419 1182 2671 1228; x_wconf 90' lang='lat' dir='ltr'><strong>mortuus</strong></span> <span class='ocrx_word' id='word_1_178' title='bbox 2699 1179 2844 1227; x_wconf 88' lang='lat' dir='ltr'><strong>esset</strong></span> <span class='ocrx_word' id='word_1_179' title='bbox 2866 1170 2920 1224; x_wconf 93' lang='lat' dir='ltr'><strong>in</strong></span> <span class='ocrx_word' id='word_1_180' title='bbox 2953 1168 3150 1224; x_wconf 77' lang='lat' dir='ltr'><strong>exsilio</strong></span> <span class='ocrx_word' id='word_1_181' title='bbox 3177 1166 3353 1221; x_wconf 72' lang='lat' dir='ltr'><strong>vidua:</strong></span> <span class='ocrx_word' id='word_1_182' title='bbox 3372 1165 3491 1234; x_wconf 86' lang='lat' dir='ltr'><strong>ejus</strong></span> <span class='ocrx_word' id='word_1_183' title='bbox 3506 1162 3736 1218; x_wconf 86' lang='lat' dir='ltr'><strong>maritus</strong></span> <span class='ocrx_word' id='word_1_184' title='bbox 3761 1174 3806 1217; x_wconf 85' lang='lat' dir='ltr'><strong>et</strong></span> 
     </span>
    </p>
   </div>
   <div class='ocr_carea' id='block_1_28' title="bbox 2239 1257 3803 1330">
    <p class='ocr_par' dir='ltr' id='par_1_28' title="bbox 2239 1257 3803 1330">
     <span class='ocr_line' id='line_1_28' title="bbox 2239 1257 3803 1330; baseline -0.01 -8"><span class='ocrx_word' id='word_1_185' title='bbox 2239 1267 2382 1322; x_wconf 88' lang='lat' dir='ltr'><strong>bona</strong></span> <span class='ocrx_word' id='word_1_186' title='bbox 2425 1267 2555 1321; x_wconf 90' lang='lat' dir='ltr'><strong>olim</strong></span> <span class='ocrx_word' id='word_1_187' title='bbox 2611 1266 2743 1320; x_wconf 89' lang='lat' dir='ltr'><strong>ﬁsco</strong></span> <span class='ocrx_word' id='word_1_188' title='bbox 2812 1262 3044 1320; x_wconf 82' lang='lat' dir='ltr'><strong>addicta.</strong></span> <span class='ocrx_word' id='word_1_189' title='bbox 3082 1259 3274 1330; x_wconf 79' lang='lat' dir='ltr'><strong>Neque</strong></span> <span class='ocrx_word' id='word_1_190' title='bbox 3322 1273 3412 1313; x_wconf 88' lang='lat' dir='ltr'><strong>me</strong></span> <span class='ocrx_word' id='word_1_191' title='bbox 3448 1265 3632 1311; x_wconf 89' lang='lat' dir='ltr'><strong>movet</strong></span> <span class='ocrx_word' id='word_1_192' title='bbox 3673 1257 3803 1324; x_wconf 90' lang='lat' dir='ltr'><strong>quod</strong></span> 
     </span>
    </p>
   </div>
   <div class='ocr_carea' id='block_1_29' title="bbox 2238 1345 3808 1423">
    <p class='ocr_par' dir='ltr' id='par_1_29' title="bbox 2238 1345 3808 1423">
     <span class='ocr_line' id='line_1_29' title="bbox 2238 1345 3808 1423; baseline -0.011 -9"><span class='ocrx_word' id='word_1_193' title='bbox 2238 1359 2488 1414; x_wconf 88' lang='lat' dir='ltr'><strong>eamdem</strong></span> <span class='ocrx_word' id='word_1_194' title='bbox 2524 1373 2638 1413; x_wconf 92' lang='lat' dir='ltr'><strong>rem</strong></span> <span class='ocrx_word' id='word_1_195' title='bbox 2671 1357 2724 1412; x_wconf 93' lang='lat' dir='ltr'><strong>in</strong></span> <span class='ocrx_word' id='word_1_196' title='bbox 2757 1355 3013 1411; x_wconf 83' lang='lat' dir='ltr'><strong>encomio</strong></span> <span class='ocrx_word' id='word_1_197' title='bbox 3055 1349 3437 1423; x_wconf 83' lang='lat' dir='ltr'><strong>Chrysostomi</strong></span> <span class='ocrx_word' id='word_1_198' title='bbox 3481 1355 3670 1402; x_wconf 86' lang='lat' dir='ltr'><strong>narret</strong></span> <span class='ocrx_word' id='word_1_199' title='bbox 3714 1345 3808 1398; x_wconf 76' lang='lat' dir='ltr'><strong>Leo</strong></span> 
     </span>
    </p>
   </div>
   <div class='ocr_carea' id='block_1_30' title="bbox 2240 1437 3808 1523">
    <p class='ocr_par' dir='ltr' id='par_1_30' title="bbox 2240 1437 3808 1523">
     <span class='ocr_line' id='line_1_30' title="bbox 2240 1437 3808 1523; baseline -0.012 -16"><span class='ocrx_word' id='word_1_200' title='bbox 2240 1455 2577 1523; x_wconf 87' lang='lat' dir='ltr'><strong>imperator;</strong></span> <span class='ocrx_word' id='word_1_201' title='bbox 2615 1456 2839 1520; x_wconf 79' lang='lat' dir='ltr'><strong>apparet</strong></span> <span class='ocrx_word' id='word_1_202' title='bbox 2873 1446 3018 1502; x_wconf 88' lang='lat' dir='ltr'><strong>enim</strong></span> <span class='ocrx_word' id='word_1_203' title='bbox 3049 1459 3174 1501; x_wconf 89' lang='lat' dir='ltr'><strong>eum</strong></span> <span class='ocrx_word' id='word_1_204' title='bbox 3211 1442 3519 1502; x_wconf 67' lang='lat' dir='ltr'><strong>inhaesisse,</strong></span> <span class='ocrx_word' id='word_1_205' title='bbox 3561 1439 3682 1494; x_wconf 91' lang='lat' dir='ltr'><strong>sine</strong></span> <span class='ocrx_word' id='word_1_206' title='bbox 3710 1437 3808 1490; x_wconf 88' lang='lat' dir='ltr'><strong>ullo</strong></span> 
     </span>
    </p>
   </div>
   <div class='ocr_carea' id='block_1_31' title="bbox 2237 1529 3805 1609">
    <p class='ocr_par' dir='ltr' id='par_1_31' title="bbox 2237 1529 3805 1609">
     <span class='ocr_line' id='line_1_31' title="bbox 2237 1529 3805 1609; baseline -0.011 -9"><span class='ocrx_word' id='word_1_207' title='bbox 2237 1545 2509 1608; x_wconf 78' lang='lat' dir='ltr'><strong>examine,</strong></span> <span class='ocrx_word' id='word_1_208' title='bbox 2546 1541 2673 1596; x_wconf 86' lang='lat' dir='ltr'><strong>huic</strong></span> <span class='ocrx_word' id='word_1_209' title='bbox 2704 1549 2811 1594; x_wconf 90' lang='lat' dir='ltr'><strong>tam</strong></span> <span class='ocrx_word' id='word_1_210' title='bbox 2850 1543 3180 1609; x_wconf 72' lang='lat' dir='ltr'><strong>portentosae</strong></span> <span class='ocrx_word' id='word_1_211' title='bbox 3225 1533 3366 1589; x_wconf 66' lang='lat' dir='ltr'><strong>Vita:</strong></span> <span class='ocrx_word' id='word_1_212' title='bbox 3400 1531 3459 1587; x_wconf 89' lang='lat' dir='ltr'><strong>S.</strong></span> <span class='ocrx_word' id='word_1_213' title='bbox 3510 1529 3805 1600; x_wconf 83' lang='lat' dir='ltr'><strong>Epiplmnii.</strong></span> 
     </span>
    </p>
   </div>
   <div class='ocr_carea' id='block_1_32' title="bbox 2314 1623 3809 1702">
    <p class='ocr_par' dir='ltr' id='par_1_32' title="bbox 2314 1623 3809 1702">
     <span class='ocr_line' id='line_1_32' title="bbox 2314 1623 3809 1702; baseline -0.009 -13"><span class='ocrx_word' id='word_1_214' title='bbox 2314 1635 2402 1690; x_wconf 81' lang='lat'><strong>55.</strong></span> <span class='ocrx_word' id='word_1_215' title='bbox 2431 1631 2577 1688; x_wconf 81' lang='lat' dir='ltr'><strong>‘Utut</strong></span> <span class='ocrx_word' id='word_1_216' title='bbox 2610 1633 2700 1696; x_wconf 89' lang='lat' dir='ltr'><strong>sit,</strong></span> <span class='ocrx_word' id='word_1_217' title='bbox 2737 1629 2961 1702; x_wconf 89' lang='lat' dir='ltr'><strong>ﬁngitur</strong></span> <span class='ocrx_word' id='word_1_218' title='bbox 2997 1643 3064 1683; x_wconf 92' lang='lat' dir='ltr'><strong>eo</strong></span> <span class='ocrx_word' id='word_1_219' title='bbox 3117 1641 3294 1698; x_wconf 87' lang='lat' dir='ltr'><strong>usque</strong></span> <span class='ocrx_word' id='word_1_220' title='bbox 3326 1627 3464 1681; x_wconf 88' lang='lat' dir='ltr'><strong>irata</strong></span> <span class='ocrx_word' id='word_1_221' title='bbox 3499 1623 3809 1694; x_wconf 78' lang='lat' dir='ltr'><strong>imperatrix</strong></span> 
     </span>
    </p>
   </div>
   <div class='ocr_carea' id='block_1_33' title="bbox 552 1700 3807 1798">
    <p class='ocr_par' dir='ltr' id='par_1_33' title="bbox 552 1700 3807 1798">
     <span class='ocr_line' id='line_1_33' title="bbox 552 1700 3807 1798; baseline -0.003 -18"><span class='ocrx_word' id='word_1_222' title='bbox 552 1743 668 1783; x_wconf 85' lang='lat' dir='ltr'><strong>rem</strong></span> <span class='ocrx_word' id='word_1_223' title='bbox 709 1727 1110 1792; x_wconf 83' lang='lat' dir='ltr'><strong>Theodosium;</strong></span> <span class='ocrx_word' id='word_1_224' title='bbox 1145 1743 1305 1797; x_wconf 88' lang='lat' dir='ltr'><strong>quem</strong></span> <span class='ocrx_word' id='word_1_225' title='bbox 1336 1729 1564 1798; x_wconf 89' lang='lat' dir='ltr'><strong>pedibus</strong></span> <span class='ocrx_word' id='word_1_226' title='bbox 1598 1729 1937 1785; x_wconf 88' lang='lat' dir='ltr'><strong>laborantem</strong></span> <span class='ocrx_word' id='word_1_227' title='bbox 1972 1747 2136 1785; x_wconf 87' lang='lat' dir='ltr'><strong>sana-</strong></span> <span class='ocrx_word' id='word_1_228' title='bbox 2169 1700 2210 1753; x_wconf 71' lang='grc' dir='ltr'><strong>Β</strong></span> <span class='ocrx_word' id='word_1_229' title='bbox 2241 1738 2300 1784; x_wconf 81' lang='lat' dir='ltr'><strong>ut</strong></span> <span class='ocrx_word' id='word_1_230' title='bbox 2340 1730 2405 1783; x_wconf 90' lang='lat' dir='ltr'><strong>de</strong></span> <span class='ocrx_word' id='word_1_231' title='bbox 2442 1726 2653 1782; x_wconf 87' lang='lat' dir='ltr'><strong>Joanne</strong></span> <span class='ocrx_word' id='word_1_232' title='bbox 2679 1723 3000 1795; x_wconf 90' lang='lat' dir='ltr'><strong>deponendo</strong></span> <span class='ocrx_word' id='word_1_233' title='bbox 3039 1721 3270 1789; x_wconf 77' lang='lat' dir='ltr'><strong>cceperit</strong></span> <span class='ocrx_word' id='word_1_234' title='bbox 3310 1719 3520 1790; x_wconf 80' lang='lat' dir='ltr'><strong>agitare</strong></span> <span class='ocrx_word' id='word_1_235' title='bbox 3562 1715 3807 1774; x_wconf 87' lang='lat' dir='ltr'><strong>consilia.</strong></span> 
     </span>
    </p>
   </div>
   <div class='ocr_carea' id='block_1_34' title="bbox 556 1815 2134 1889">
    <p class='ocr_par' dir='ltr' id='par_1_34' title="bbox 556 1815 2134 1889">
     <span class='ocr_line' id='line_1_34' title="bbox 556 1815 2134 1889; baseline 0.006 -23"><span class='ocrx_word' id='word_1_236' title='bbox 556 1827 714 1880; x_wconf 80' lang='lat' dir='ltr'><strong>verit,</strong></span> <span class='ocrx_word' id='word_1_237' title='bbox 748 1817 989 1871; x_wconf 76' lang='lat' dir='ltr'><strong>laetitiam</strong></span> <span class='ocrx_word' id='word_1_238' title='bbox 1028 1815 1234 1873; x_wconf 84' lang='lat' dir='ltr'><strong>faciens</strong></span> <span class='ocrx_word' id='word_1_239' title='bbox 1258 1834 1367 1873; x_wconf 92' lang='lat' dir='ltr'><strong>non</strong></span> <span class='ocrx_word' id='word_1_240' title='bbox 1403 1827 1610 1873; x_wconf 88' lang='lat' dir='ltr'><strong>tantum</strong></span> <span class='ocrx_word' id='word_1_241' title='bbox 1641 1819 1766 1889; x_wconf 91' lang='lat' dir='ltr'><strong>ipsi,</strong></span> <span class='ocrx_word' id='word_1_242' title='bbox 1803 1819 1897 1874; x_wconf 90' lang='lat' dir='ltr'><strong>sed</strong></span> <span class='ocrx_word' id='word_1_243' title='bbox 1921 1829 1976 1875; x_wconf 89' lang='lat' dir='ltr'><strong>et</strong></span> <span class='ocrx_word' id='word_1_244' title='bbox 2010 1820 2134 1876; x_wconf 90' lang='lat' dir='ltr'><strong>filiis</strong></span> 
     </span>
    </p>
   </div>
   <div class='ocr_carea' id='block_1_35' title="bbox 555 1907 2134 1980">
    <p class='ocr_par' dir='ltr' id='par_1_35' title="bbox 555 1907 2134 1980">
     <span class='ocr_line' id='line_1_35' title="bbox 555 1907 2134 1980; baseline 0.004 -19"><span class='ocrx_word' id='word_1_245' title='bbox 555 1909 794 1964; x_wconf 74' lang='lat' dir='ltr'><strong>Arcadio</strong></span> <span class='ocrx_word' id='word_1_246' title='bbox 843 1919 1009 1980; x_wconf 86' lang='lat' dir='ltr'><strong>atque</strong></span> <span class='ocrx_word' id='word_1_247' title='bbox 1064 1907 1324 1975; x_wconf 85' lang='lat' dir='ltr'><strong>Honorio,</strong></span> <span class='ocrx_word' id='word_1_248' title='bbox 1371 1926 1468 1980; x_wconf 90' lang='lat' dir='ltr'><strong>per</strong></span> <span class='ocrx_word' id='word_1_249' title='bbox 1519 1911 1738 1967; x_wconf 90' lang='lat' dir='ltr'><strong>eosdem</strong></span> <span class='ocrx_word' id='word_1_250' title='bbox 1790 1912 1907 1966; x_wconf 90' lang='lat' dir='ltr'><strong>dies</strong></span> <span class='ocrx_word' id='word_1_251' title='bbox 1962 1910 2134 1968; x_wconf 84' lang='lat' dir='ltr'><strong>Roma</strong></span> 
     </span>
    </p>
   </div>
   <div class='ocr_carea' id='block_1_36' title="bbox 555 2003 2139 2076">
    <p class='ocr_par' dir='ltr' id='par_1_36' title="bbox 555 2003 2139 2076">
     <span class='ocr_line' id='line_1_36' title="bbox 555 2003 2139 2076; baseline 0.004 -21"><span class='ocrx_word' id='word_1_252' title='bbox 555 2003 1085 2072; x_wconf 81' lang='lat' dir='ltr'><strong>Constantinopolim</strong></span> <span class='ocrx_word' id='word_1_253' title='bbox 1119 2003 1371 2059; x_wconf 85' lang='lat' dir='ltr'><strong>reversis.</strong></span> <span class='ocrx_word' id='word_1_254' title='bbox 1393 2003 1553 2060; x_wconf 86' lang='lat' dir='ltr'><strong>Prius</strong></span> <span class='ocrx_word' id='word_1_255' title='bbox 1584 2013 1764 2059; x_wconf 89' lang='lat' dir='ltr'><strong>autem</strong></span> <span class='ocrx_word' id='word_1_256' title='bbox 1787 2021 1951 2076; x_wconf 88' lang='lat' dir='ltr'><strong>quam</strong></span> <span class='ocrx_word' id='word_1_257' title='bbox 1982 2006 2052 2061; x_wconf 91' lang='lat' dir='ltr'><strong>ab</strong></span> <span class='ocrx_word' id='word_1_258' title='bbox 2072 2005 2139 2062; x_wconf 90' lang='lat' dir='ltr'><strong>iis</strong></span> 
     </span>
    </p>
   </div>
   <div class='ocr_carea' id='block_1_37' title="bbox 556 2093 2137 2158">
    <p class='ocr_par' dir='ltr' id='par_1_37' title="bbox 556 2093 2137 2158">
     <span class='ocr_line' id='line_1_37' title="bbox 556 2093 2137 2158; baseline 0.003 -10"><span class='ocrx_word' id='word_1_259' title='bbox 556 2095 860 2149; x_wconf 86' lang='lat' dir='ltr'><strong>discederet</strong></span> <span class='ocrx_word' id='word_1_260' title='bbox 901 2102 1146 2158; x_wconf 90' lang='lat' dir='ltr'><strong>sanctus,</strong></span> <span class='ocrx_word' id='word_1_261' title='bbox 1201 2093 1590 2151; x_wconf 85' lang='lat' dir='ltr'><strong>Faustinianus</strong></span> <span class='ocrx_word' id='word_1_262' title='bbox 1640 2095 1832 2151; x_wconf 88' lang='lat' dir='ltr'><strong>eodem</strong></span> <span class='ocrx_word' id='word_1_263' title='bbox 1869 2096 2137 2152; x_wconf 91' lang='lat' dir='ltr'><strong>adductus</strong></span> 
     </span>
    </p>
   </div>
   <div class='ocr_carea' id='block_1_38' title="bbox 558 2186 2137 2259">
    <p class='ocr_par' dir='ltr' id='par_1_38' title="bbox 558 2186 2137 2259">
     <span class='ocr_line' id='line_1_38' title="bbox 558 2186 2137 2259; baseline 0.004 -21"><span class='ocrx_word' id='word_1_264' title='bbox 558 2187 611 2240; x_wconf 89' lang='lat' dir='ltr'><strong>in</strong></span> <span class='ocrx_word' id='word_1_265' title='bbox 648 2186 880 2242; x_wconf 87' lang='lat' dir='ltr'><strong>vinculis</strong></span> <span class='ocrx_word' id='word_1_266' title='bbox 909 2187 1048 2242; x_wconf 91' lang='lat' dir='ltr'><strong>male</strong></span> <span class='ocrx_word' id='word_1_267' title='bbox 1089 2187 1291 2243; x_wconf 90' lang='lat' dir='ltr'><strong>dicitur</strong></span> <span class='ocrx_word' id='word_1_268' title='bbox 1322 2189 1581 2259; x_wconf 89' lang='lat' dir='ltr'><strong>periisse;</strong></span> <span class='ocrx_word' id='word_1_269' title='bbox 1631 2187 1973 2259; x_wconf 87' lang='lat' dir='ltr'><strong>rediisseque</strong></span> <span class='ocrx_word' id='word_1_270' title='bbox 2011 2188 2137 2259; x_wconf 85' lang='lat' dir='ltr'><strong>Epi-</strong></span> 
     </span>
    </p>
   </div>
   <div class='ocr_carea' id='block_1_39' title="bbox 556 2277 2138 2351">
    <p class='ocr_par' dir='ltr' id='par_1_39' title="bbox 556 2277 2138 2351">
     <span class='ocr_line' id='line_1_39' title="bbox 556 2277 2138 2351; baseline 0.003 -21"><span class='ocrx_word' id='word_1_271' title='bbox 556 2277 883 2346; x_wconf 73' lang='lat' dir='ltr'><strong>pltauiusin</strong></span> <span class='ocrx_word' id='word_1_272' title='bbox 915 2278 1160 2351; x_wconf 84' lang='lat' dir='ltr'><strong>Cyprum</strong></span> <span class='ocrx_word' id='word_1_273' title='bbox 1189 2295 1313 2337; x_wconf 91' lang='lat' dir='ltr'><strong>cum</strong></span> <span class='ocrx_word' id='word_1_274' title='bbox 1340 2281 1636 2344; x_wconf 86' lang='lat' dir='ltr'><strong>mandatis,</strong></span> <span class='ocrx_word' id='word_1_275' title='bbox 1683 2288 1741 2336; x_wconf 93' lang='lat' dir='ltr'><strong>ut</strong></span> <span class='ocrx_word' id='word_1_276' title='bbox 1794 2295 2138 2350; x_wconf 65' lang='lat' dir='ltr'><strong>quaecunque</strong></span> 
     </span>
    </p>
   </div>
   <div class='ocr_carea' id='block_1_40' title="bbox 557 2366 2138 2440">
    <p class='ocr_par' dir='ltr' id='par_1_40' title="bbox 557 2366 2138 2440">
     <span class='ocr_line' id='line_1_40' title="bbox 557 2366 2138 2440; baseline 0.005 -20"><span class='ocrx_word' id='word_1_277' title='bbox 557 2367 706 2422; x_wconf 90' lang='lat' dir='ltr'><strong>illius</strong></span> <span class='ocrx_word' id='word_1_278' title='bbox 731 2366 948 2422; x_wconf 81' lang='lat' dir='ltr'><strong>fuerant</strong></span> <span class='ocrx_word' id='word_1_279' title='bbox 978 2369 1239 2424; x_wconf 88' lang='lat' dir='ltr'><strong>retineret</strong></span> <span class='ocrx_word' id='word_1_280' title='bbox 1261 2369 1348 2438; x_wconf 87' lang='lat' dir='ltr'><strong>pia</strong></span> <span class='ocrx_word' id='word_1_281' title='bbox 1379 2385 1516 2425; x_wconf 83' lang='lat' dir='ltr'><strong>uxor</strong></span> <span class='ocrx_word' id='word_1_282' title='bbox 1541 2385 1665 2440; x_wconf 74' lang='lat' dir='ltr'><strong>quae</strong></span> <span class='ocrx_word' id='word_1_283' title='bbox 1694 2372 1879 2426; x_wconf 89' lang='lat' dir='ltr'><strong>omnia</strong></span> <span class='ocrx_word' id='word_1_284' title='bbox 1910 2372 1976 2426; x_wconf 90' lang='lat' dir='ltr'><strong>ad</strong></span> <span class='ocrx_word' id='word_1_285' title='bbox 2006 2387 2138 2428; x_wconf 91' lang='lat' dir='ltr'><strong>usus</strong></span> 
     </span>
    </p>
   </div>
   <div class='ocr_carea' id='block_1_41' title="bbox 556 2456 2139 2528">
    <p class='ocr_par' dir='ltr' id='par_1_41' title="bbox 556 2456 2139 2528">
     <span class='ocr_line' id='line_1_41' title="bbox 556 2456 2139 2528; baseline 0.006 -18"><span class='ocrx_word' id='word_1_286' title='bbox 556 2456 802 2512; x_wconf 59' lang='lat' dir='ltr'><strong>ecclesiae</strong></span> <span class='ocrx_word' id='word_1_287' title='bbox 859 2457 1200 2528; x_wconf 83' lang='lat' dir='ltr'><strong>consignarit</strong></span> <span class='ocrx_word' id='word_1_288' title='bbox 1245 2458 1500 2514; x_wconf 87' lang='lat' dir='ltr'><strong>ordinata</strong></span> <span class='ocrx_word' id='word_1_289' title='bbox 1559 2460 1888 2516; x_wconf 87' lang='lat' dir='ltr'><strong>diaconissa.</strong></span> <span class='ocrx_word' id='word_1_290' title='bbox 1934 2461 2139 2519; x_wconf 87' lang='lat' dir='ltr'><strong>Deinde</strong></span> 
     </span>
    </p>
   </div>
   <div class='ocr_carea' id='block_1_42' title="bbox 555 2548 2139 2621">
    <p class='ocr_par' dir='ltr' id='par_1_42' title="bbox 555 2548 2139 2621">
     <span class='ocr_line' id='line_1_42' title="bbox 555 2548 2139 2621; baseline 0.006 -21"><span class='ocrx_word' id='word_1_291' title='bbox 555 2548 774 2603; x_wconf 78' lang='lat' dir='ltr'><strong>Aetium</strong></span> <span class='ocrx_word' id='word_1_292' title='bbox 835 2548 1347 2605; x_wconf 84' lang='lat' dir='ltr'><strong>Valentinianorum</strong></span> <span class='ocrx_word' id='word_1_293' title='bbox 1393 2550 1710 2621; x_wconf 90' lang='lat' dir='ltr'><strong>episcopum</strong></span> <span class='ocrx_word' id='word_1_294' title='bbox 1757 2552 2139 2609; x_wconf 84' lang='lat' dir='ltr'><strong>obmutescere</strong></span> 
     </span>
    </p>
   </div>
   <div class='ocr_carea' id='block_1_43' title="bbox 557 2638 2136 2713">
    <p class='ocr_par' dir='ltr' id='par_1_43' title="bbox 557 2638 2136 2713">
     <span class='ocr_line' id='line_1_43' title="bbox 557 2638 2136 2713; baseline 0.008 -21"><span class='ocrx_word' id='word_1_295' title='bbox 557 2638 773 2706; x_wconf 78' lang='lat' dir='ltr'><strong>fecerit;</strong></span> <span class='ocrx_word' id='word_1_296' title='bbox 812 2640 907 2696; x_wconf 83' lang='lat' dir='ltr'><strong>sed</strong></span> <span class='ocrx_word' id='word_1_297' title='bbox 954 2650 1009 2697; x_wconf 91' lang='lat' dir='ltr'><strong>et</strong></span> <span class='ocrx_word' id='word_1_298' title='bbox 1042 2651 1234 2698; x_wconf 89' lang='lat' dir='ltr'><strong>contra</strong></span> <span class='ocrx_word' id='word_1_299' title='bbox 1281 2641 1532 2712; x_wconf 74' lang='lat' dir='ltr'><strong>Ophites,</strong></span> <span class='ocrx_word' id='word_1_300' title='bbox 1573 2641 1935 2713; x_wconf 88' lang='lat' dir='ltr'><strong>Sabellianos,</strong></span> <span class='ocrx_word' id='word_1_301' title='bbox 1973 2645 2136 2703; x_wconf 86' lang='lat' dir='ltr'><strong>Nieo-</strong></span> 
     </span>
    </p>
   </div>
   <div class='ocr_carea' id='block_1_44' title="bbox 558 2731 2138 2804">
    <p class='ocr_par' dir='ltr' id='par_1_44' title="bbox 558 2731 2138 2804">
     <span class='ocr_line' id='line_1_44' title="bbox 558 2731 2138 2804; baseline 0.005 -19"><span class='ocrx_word' id='word_1_302' title='bbox 558 2731 741 2801; x_wconf 89' lang='lat' dir='ltr'><strong>laitas,</strong></span> <span class='ocrx_word' id='word_1_303' title='bbox 795 2732 1167 2802; x_wconf 87' lang='lat' dir='ltr'><strong>Simonianos,</strong></span> <span class='ocrx_word' id='word_1_304' title='bbox 1217 2733 1681 2804; x_wconf 88' lang='lat' dir='ltr'><strong>Carpocratianos</strong></span> <span class='ocrx_word' id='word_1_305' title='bbox 1721 2737 2034 2803; x_wconf 80' lang='lat' dir='ltr'><strong>haereticos,</strong></span> <span class='ocrx_word' id='word_1_306' title='bbox 2081 2739 2138 2793; x_wconf 90' lang='lat' dir='ltr'><strong>in</strong></span> 
     </span>
    </p>
   </div>
   <div class='ocr_carea' id='block_1_45' title="bbox 556 2818 2197 2902">
    <p class='ocr_par' dir='ltr' id='par_1_45' title="bbox 556 2818 2197 2902">
     <span class='ocr_line' id='line_1_45' title="bbox 556 2818 2197 2902; baseline 0.005 -23"><span class='ocrx_word' id='word_1_307' title='bbox 556 2823 735 2895; x_wconf 81' lang='lat' dir='ltr'><strong>Cypro</strong></span> <span class='ocrx_word' id='word_1_308' title='bbox 771 2824 1110 2892; x_wconf 90' lang='lat' dir='ltr'><strong>nidulantes,</strong></span> <span class='ocrx_word' id='word_1_309' title='bbox 1143 2826 1470 2896; x_wconf 88' lang='lat' dir='ltr'><strong>rescriptum</strong></span> <span class='ocrx_word' id='word_1_310' title='bbox 1503 2826 1800 2885; x_wconf 88' lang='lat' dir='ltr'><strong>Theodosii</strong></span> <span class='ocrx_word' id='word_1_311' title='bbox 1843 2832 2134 2902; x_wconf 90' lang='lat' dir='ltr'><strong>acceperit,</strong></span> <span class='ocrx_word' id='word_1_312' title='bbox 2192 2818 2197 2825; x_wconf 67' lang='grc'><strong>’</strong></span> 
     </span>
    </p>
   </div>
   <div class='ocr_carea' id='block_1_46' title="bbox 558 2916 2138 2996">
    <p class='ocr_par' dir='ltr' id='par_1_46' title="bbox 558 2916 2138 2996">
     <span class='ocr_line' id='line_1_46' title="bbox 558 2916 2138 2996; baseline 0.009 -27"><span class='ocrx_word' id='word_1_313' title='bbox 558 2924 620 2970; x_wconf 91' lang='lat' dir='ltr'><strong>ut</strong></span> <span class='ocrx_word' id='word_1_314' title='bbox 651 2916 984 2985; x_wconf 88' lang='lat' dir='ltr'><strong>pellerentur</strong></span> <span class='ocrx_word' id='word_1_315' title='bbox 1016 2917 1086 2972; x_wconf 90' lang='lat' dir='ltr'><strong>ab</strong></span> <span class='ocrx_word' id='word_1_316' title='bbox 1112 2917 1315 2986; x_wconf 85' lang='lat' dir='ltr'><strong>insula.</strong></span> <span class='ocrx_word' id='word_1_317' title='bbox 1347 2918 1592 2985; x_wconf 80' lang='lat' dir='ltr'><strong>Quorum</strong></span> <span class='ocrx_word' id='word_1_318' title='bbox 1618 2935 1784 2990; x_wconf 89' lang='lat' dir='ltr'><strong>quam</strong></span> <span class='ocrx_word' id='word_1_319' title='bbox 1811 2937 1953 2995; x_wconf 67' lang='lat' dir='ltr'><strong>aegre</strong></span> <span class='ocrx_word' id='word_1_320' title='bbox 1976 2924 2138 2996; x_wconf 85' lang='lat' dir='ltr'><strong>quid-</strong></span> 
     </span>
    </p>
   </div>
   <div class='ocr_carea' id='block_1_47' title="bbox 2239 1810 3809 1891">
    <p class='ocr_par' dir='ltr' id='par_1_47' title="bbox 2239 1810 3809 1891">
     <span class='ocr_line' id='line_1_47' title="bbox 2239 1810 3809 1891; baseline -0.006 -15"><span class='ocrx_word' id='word_1_321' title='bbox 2239 1820 2360 1888; x_wconf 87' lang='lat' dir='ltr'><strong>Quo</strong></span> <span class='ocrx_word' id='word_1_322' title='bbox 2425 1821 2648 1891; x_wconf 87' lang='lat' dir='ltr'><strong>cognito</strong></span> <span class='ocrx_word' id='word_1_323' title='bbox 2702 1815 3042 1887; x_wconf 90' lang='lat' dir='ltr'><strong>Theophilus</strong></span> <span class='ocrx_word' id='word_1_324' title='bbox 3103 1811 3445 1884; x_wconf 87' lang='lat' dir='ltr'><strong>persuaserit</strong></span> <span class='ocrx_word' id='word_1_325' title='bbox 3508 1810 3809 1882; x_wconf 86' lang='lat' dir='ltr'><strong>Epiphanio</strong></span> 
     </span>
    </p>
   </div>
   <div class='ocr_carea' id='block_1_48' title="bbox 2239 1902 3806 1980">
    <p class='ocr_par' dir='ltr' id='par_1_48' title="bbox 2239 1902 3806 1980">
     <span class='ocr_line' id='line_1_48' title="bbox 2239 1902 3806 1980; baseline -0.007 -13"><span class='ocrx_word' id='word_1_326' title='bbox 2239 1911 2500 1980; x_wconf 80' lang='lat' dir='ltr'><strong>navigare</strong></span> <span class='ocrx_word' id='word_1_327' title='bbox 2560 1907 3119 1977; x_wconf 90' lang='lat' dir='ltr'><strong>Constantinopolim.</strong></span> <span class='ocrx_word' id='word_1_328' title='bbox 3179 1902 3292 1959; x_wconf 78' lang='lat' dir='ltr'><strong>Huc</strong></span> <span class='ocrx_word' id='word_1_329' title='bbox 3357 1905 3653 1974; x_wconf 75' lang='lat' dir='ltr'><strong>appulsam</strong></span> <span class='ocrx_word' id='word_1_330' title='bbox 3699 1920 3806 1958; x_wconf 82' lang='lat' dir='ltr'><strong>cum</strong></span> 
     </span>
    </p>
   </div>
   <div class='ocr_carea' id='block_1_49' title="bbox 2239 1996 3808 2076">
    <p class='ocr_par' dir='ltr' id='par_1_49' title="bbox 2239 1996 3808 2076">
     <span class='ocr_line' id='line_1_49' title="bbox 2239 1996 3808 2076; baseline -0.007 -17"><span class='ocrx_word' id='word_1_331' title='bbox 2239 2003 2465 2076; x_wconf 86' lang='lat' dir='ltr'><strong>Polybio</strong></span> <span class='ocrx_word' id='word_1_332' title='bbox 2495 2010 2550 2057; x_wconf 90' lang='lat' dir='ltr'><strong>et</strong></span> <span class='ocrx_word' id='word_1_333' title='bbox 2582 2000 2769 2057; x_wconf 91' lang='lat' dir='ltr'><strong>isaaco</strong></span> <span class='ocrx_word' id='word_1_334' title='bbox 2805 1999 2978 2073; x_wconf 87' lang='lat' dir='ltr'><strong>(nulla</strong></span> <span class='ocrx_word' id='word_1_335' title='bbox 3007 1997 3147 2052; x_wconf 82' lang='lat' dir='ltr'><strong>facta</strong></span> <span class='ocrx_word' id='word_1_336' title='bbox 3182 1997 3461 2051; x_wconf 85' lang='lat' dir='ltr'><strong>mentione</strong></span> <span class='ocrx_word' id='word_1_337' title='bbox 3489 1996 3808 2066; x_wconf 84' lang='lat' dir='ltr'><strong>Crispionis,</strong></span> 
     </span>
    </p>
   </div>
   <div class='ocr_carea' id='block_1_50' title="bbox 2241 2086 3811 2167">
    <p class='ocr_par' dir='ltr' id='par_1_50' title="bbox 2241 2086 3811 2167">
     <span class='ocr_line' id='line_1_50' title="bbox 2241 2086 3811 2167; baseline -0.01 -13"><span class='ocrx_word' id='word_1_338' title='bbox 2241 2099 2308 2153; x_wconf 92' lang='lat' dir='ltr'><strong>de</strong></span> <span class='ocrx_word' id='word_1_339' title='bbox 2324 2111 2432 2167; x_wconf 92' lang='lat' dir='ltr'><strong>quo</strong></span> <span class='ocrx_word' id='word_1_340' title='bbox 2457 2093 2606 2166; x_wconf 82' lang='lat' dir='ltr'><strong>mox)</strong></span> <span class='ocrx_word' id='word_1_341' title='bbox 2632 2091 3010 2150; x_wconf 86' lang='lat' dir='ltr'><strong>sollicitaverit</strong></span> <span class='ocrx_word' id='word_1_342' title='bbox 3033 2089 3375 2160; x_wconf 80' lang='lat' dir='ltr'><strong>imperatrix,</strong></span> <span class='ocrx_word' id='word_1_343' title='bbox 3404 2095 3464 2142; x_wconf 90' lang='lat' dir='ltr'><strong>ut</strong></span> <span class='ocrx_word' id='word_1_344' title='bbox 3489 2087 3540 2141; x_wconf 93' lang='lat' dir='ltr'><strong>in</strong></span> <span class='ocrx_word' id='word_1_345' title='bbox 3568 2086 3811 2148; x_wconf 80' lang='lat' dir='ltr'><strong>Joannis,</strong></span> 
     </span>
    </p>
   </div>
   <div class='ocr_carea' id='block_1_51' title="bbox 2241 2183 3811 2262">
    <p class='ocr_par' dir='ltr' id='par_1_51' title="bbox 2241 2183 3811 2262">
     <span class='ocr_line' id='line_1_51' title="bbox 2241 2183 3811 2262; baseline -0.008 -15"><span class='ocrx_word' id='word_1_346' title='bbox 2241 2200 2502 2262; x_wconf 77' lang='lat' dir='ltr'><strong>tanquam</strong></span> <span class='ocrx_word' id='word_1_347' title='bbox 2548 2187 2948 2260; x_wconf 88' lang='lat' dir='ltr'><strong>perturbatoris</strong></span> <span class='ocrx_word' id='word_1_348' title='bbox 2995 2193 3052 2240; x_wconf 90' lang='lat' dir='ltr'><strong>et</strong></span> <span class='ocrx_word' id='word_1_349' title='bbox 3103 2183 3367 2249; x_wconf 82' lang='lat' dir='ltr'><strong>haeretici,</strong></span> <span class='ocrx_word' id='word_1_350' title='bbox 3420 2183 3811 2253; x_wconf 87' lang='lat' dir='ltr'><strong>depositionem</strong></span> 
     </span>
    </p>
   </div>
   <div class='ocr_carea' id='block_1_52' title="bbox 2239 2274 3811 2349">
    <p class='ocr_par' dir='ltr' id='par_1_52' title="bbox 2239 2274 3811 2349">
     <span class='ocr_line' id='line_1_52' title="bbox 2239 2274 3811 2349; baseline -0.008 -10"><span class='ocrx_word' id='word_1_351' title='bbox 2239 2281 2614 2347; x_wconf 88' lang='lat' dir='ltr'><strong>consentiens,</strong></span> <span class='ocrx_word' id='word_1_352' title='bbox 2643 2279 2884 2349; x_wconf 89' lang='lat' dir='ltr'><strong>seipsum</strong></span> <span class='ocrx_word' id='word_1_353' title='bbox 2917 2277 2972 2332; x_wconf 93' lang='lat' dir='ltr'><strong>in</strong></span> <span class='ocrx_word' id='word_1_354' title='bbox 2997 2275 3118 2347; x_wconf 83' lang='lat' dir='ltr'><strong>ejus</strong></span> <span class='ocrx_word' id='word_1_355' title='bbox 3154 2276 3337 2330; x_wconf 90' lang='lat' dir='ltr'><strong>locum</strong></span> <span class='ocrx_word' id='word_1_356' title='bbox 3379 2283 3662 2343; x_wconf 88' lang='lat' dir='ltr'><strong>pateretur</strong></span> <span class='ocrx_word' id='word_1_357' title='bbox 3690 2274 3811 2328; x_wconf 81' lang='lat' dir='ltr'><strong>sub-</strong></span> 
     </span>
    </p>
   </div>
   <div class='ocr_carea' id='block_1_53' title="bbox 2241 2368 3814 2443">
    <p class='ocr_par' dir='ltr' id='par_1_53' title="bbox 2241 2368 3814 2443">
     <span class='ocr_line' id='line_1_53' title="bbox 2241 2368 3814 2443; baseline -0.007 -11"><span class='ocrx_word' id='word_1_358' title='bbox 2241 2377 2423 2443; x_wconf 91' lang='lat' dir='ltr'><strong>stitui;</strong></span> <span class='ocrx_word' id='word_1_359' title='bbox 2454 2373 2702 2430; x_wconf 89' lang='lat' dir='ltr'><strong>molliora</strong></span> <span class='ocrx_word' id='word_1_360' title='bbox 2735 2388 2862 2429; x_wconf 89' lang='lat' dir='ltr'><strong>vero</strong></span> <span class='ocrx_word' id='word_1_361' title='bbox 2894 2370 3149 2427; x_wconf 84' lang='lat' dir='ltr'><strong>suadenti</strong></span> <span class='ocrx_word' id='word_1_362' title='bbox 3191 2368 3502 2439; x_wconf 88' lang='lat' dir='ltr'><strong>Epiphanio</strong></span> <span class='ocrx_word' id='word_1_363' title='bbox 3521 2369 3730 2422; x_wconf 83' lang='lat' dir='ltr'><strong>minata</strong></span> <span class='ocrx_word' id='word_1_364' title='bbox 3753 2368 3814 2421; x_wconf 85' lang='lat' dir='ltr'><strong>sit</strong></span> 
     </span>
    </p>
   </div>
   <div class='ocr_carea' id='block_1_54' title="bbox 2239 2461 3814 2535">
    <p class='ocr_par' dir='ltr' id='par_1_54' title="bbox 2239 2461 3814 2535">
     <span class='ocr_line' id='line_1_54' title="bbox 2239 2461 3814 2535; baseline -0.007 -12"><span class='ocrx_word' id='word_1_365' title='bbox 2239 2467 2460 2524; x_wconf 87' lang='lat' dir='ltr'><strong>dicens:</strong></span> <span class='ocrx_word' id='word_1_366' title='bbox 2486 2488 2504 2520; x_wconf 84' lang='grc'><em>‹</em></span> <span class='ocrx_word' id='word_1_367' title='bbox 2532 2466 2590 2522; x_wconf 91' lang='lat' dir='ltr'><strong>Si</strong></span> <span class='ocrx_word' id='word_1_368' title='bbox 2617 2465 2786 2522; x_wconf 85' lang='lat' dir='ltr'><strong>fueris</strong></span> <span class='ocrx_word' id='word_1_369' title='bbox 2812 2463 3201 2535; x_wconf 90' lang='lat' dir='ltr'><strong>impedimento</strong></span> <span class='ocrx_word' id='word_1_370' title='bbox 3241 2462 3538 2531; x_wconf 89' lang='lat' dir='ltr'><strong>quominus</strong></span> <span class='ocrx_word' id='word_1_371' title='bbox 3579 2461 3814 2514; x_wconf 90' lang='lat' dir='ltr'><strong>mittatur</strong></span> 
     </span>
    </p>
   </div>
   <div class='ocr_carea' id='block_1_55' title="bbox 2238 2552 3812 2625">
    <p class='ocr_par' dir='ltr' id='par_1_55' title="bbox 2238 2552 3812 2625">
     <span class='ocr_line' id='line_1_55' title="bbox 2238 2552 3812 2625; baseline -0.008 -9"><span class='ocrx_word' id='word_1_372' title='bbox 2238 2559 2476 2616; x_wconf 84' lang='lat' dir='ltr'><strong>Joannes</strong></span> <span class='ocrx_word' id='word_1_373' title='bbox 2520 2560 2575 2615; x_wconf 90' lang='lat' dir='ltr'><strong>in</strong></span> <span class='ocrx_word' id='word_1_374' title='bbox 2623 2557 2917 2620; x_wconf 82' lang='lat' dir='ltr'><strong>exsilium,</strong></span> <span class='ocrx_word' id='word_1_375' title='bbox 2978 2555 3218 2625; x_wconf 82' lang='lat' dir='ltr'><strong>aperiam</strong></span> <span class='ocrx_word' id='word_1_376' title='bbox 3273 2552 3472 2622; x_wconf 91' lang='lat' dir='ltr'><strong>templa</strong></span> <span class='ocrx_word' id='word_1_377' title='bbox 3523 2553 3812 2613; x_wconf 89' lang='lat' dir='ltr'><strong>idolorum,</strong></span> 
     </span>
    </p>
   </div>
   <div class='ocr_carea' id='block_1_56' title="bbox 2239 2643 3816 2720">
    <p class='ocr_par' dir='ltr' id='par_1_56' title="bbox 2239 2643 3816 2720">
     <span class='ocr_line' id='line_1_56' title="bbox 2239 2643 3816 2720; baseline -0.007 -12"><span class='ocrx_word' id='word_1_378' title='bbox 2239 2662 2345 2708; x_wconf 88' lang='lat' dir='ltr'><strong>etc.</strong></span> <span class='ocrx_word' id='word_1_379' title='bbox 2385 2671 2403 2705; x_wconf 77' lang='grc' dir='ltr'><strong><em>ι</em></strong></span> <span class='ocrx_word' id='word_1_380' title='bbox 2449 2651 2700 2720; x_wconf 88' lang='lat' dir='ltr'><strong>Cumque</strong></span> <span class='ocrx_word' id='word_1_381' title='bbox 2729 2650 2797 2705; x_wconf 88' lang='lat' dir='ltr'><strong>ad</strong></span> <span class='ocrx_word' id='word_1_382' title='bbox 2837 2649 2953 2704; x_wconf 71' lang='lat' dir='ltr'><strong>haec</strong></span> <span class='ocrx_word' id='word_1_383' title='bbox 2987 2647 3357 2718; x_wconf 84' lang='lat' dir='ltr'><strong>ingemiscens</strong></span> <span class='ocrx_word' id='word_1_384' title='bbox 3395 2643 3740 2714; x_wconf 85' lang='lat' dir='ltr'><strong>Epiphanius</strong></span> <span class='ocrx_word' id='word_1_385' title='bbox 3764 2659 3816 2698; x_wconf 87' lang='lat' dir='ltr'><strong>se</strong></span> 
     </span>
    </p>
   </div>
   <div class='ocr_carea' id='block_1_57' title="bbox 2241 2741 3819 2810">
    <p class='ocr_par' dir='ltr' id='par_1_57' title="bbox 2241 2741 3819 2810">
     <span class='ocr_line' id='line_1_57' title="bbox 2241 2741 3819 2810; baseline -0.007 -12"><span class='ocrx_word' id='word_1_386' title='bbox 2241 2743 2310 2798; x_wconf 91' lang='lat' dir='ltr'><strong>ab</strong></span> <span class='ocrx_word' id='word_1_387' title='bbox 2343 2743 2448 2798; x_wconf 90' lang='lat' dir='ltr'><strong>hoc</strong></span> <span class='ocrx_word' id='word_1_388' title='bbox 2476 2741 2686 2810; x_wconf 86' lang='lat' dir='ltr'><strong>judicio</strong></span> <span class='ocrx_word' id='word_1_389' title='bbox 2724 2741 3072 2796; x_wconf 89' lang='lat' dir='ltr'><strong>innocentem</strong></span> <span class='ocrx_word' id='word_1_390' title='bbox 3107 2743 3527 2808; x_wconf 89' lang='lat' dir='ltr'><strong>protestaretur,</strong></span> <span class='ocrx_word' id='word_1_391' title='bbox 3579 2751 3694 2790; x_wconf 88' lang='lat' dir='ltr'><strong>non</strong></span> <span class='ocrx_word' id='word_1_392' title='bbox 3747 2745 3819 2787; x_wconf 89' lang='lat' dir='ltr'><strong>ta-</strong></span> 
     </span>
    </p>
   </div>
   <div class='ocr_carea' id='block_1_58' title="bbox 2241 2826 3816 2904">
    <p class='ocr_par' dir='ltr' id='par_1_58' title="bbox 2241 2826 3816 2904">
     <span class='ocr_line' id='line_1_58' title="bbox 2241 2826 3816 2904; baseline -0.007 -15"><span class='ocrx_word' id='word_1_393' title='bbox 2241 2848 2367 2889; x_wconf 91' lang='lat' dir='ltr'><strong>men</strong></span> <span class='ocrx_word' id='word_1_394' title='bbox 2423 2832 2704 2904; x_wconf 79' lang='lat' dir='ltr'><strong>effugisse,</strong></span> <span class='ocrx_word' id='word_1_395' title='bbox 2757 2830 3054 2901; x_wconf 89' lang='lat' dir='ltr'><strong>quominus</strong></span> <span class='ocrx_word' id='word_1_396' title='bbox 3106 2828 3388 2883; x_wconf 89' lang='lat' dir='ltr'><strong>diceretur</strong></span> <span class='ocrx_word' id='word_1_397' title='bbox 3441 2826 3816 2889; x_wconf 88' lang='lat' dir='ltr'><strong>consensisse;</strong></span> 
     </span>
    </p>
   </div>
   <div class='ocr_carea' id='block_1_59' title="bbox 2242 2915 3820 2996">
    <p class='ocr_par' dir='ltr' id='par_1_59' title="bbox 2242 2915 3820 2996">
     <span class='ocr_line' id='line_1_59' title="bbox 2242 2915 3820 2996; baseline -0.01 -14"><span class='ocrx_word' id='word_1_398' title='bbox 2242 2927 2427 2996; x_wconf 92' lang='lat' dir='ltr'><strong>itaque</strong></span> <span class='ocrx_word' id='word_1_399' title='bbox 2463 2923 2728 2981; x_wconf 85' lang='lat' dir='ltr'><strong>Joannem</strong></span> <span class='ocrx_word' id='word_1_400' title='bbox 2764 2932 2987 2992; x_wconf 92' lang='lat' dir='ltr'><strong>accepta</strong></span> <span class='ocrx_word' id='word_1_401' title='bbox 3010 2921 3200 2976; x_wconf 88' lang='lat' dir='ltr'><strong>charta</strong></span> <span class='ocrx_word' id='word_1_402' title='bbox 3225 2920 3277 2975; x_wconf 92' lang='lat' dir='ltr'><strong>ei</strong></span> <span class='ocrx_word' id='word_1_403' title='bbox 3309 2918 3641 2988; x_wconf 89' lang='lat' dir='ltr'><strong>scripsisse:</strong></span> <span class='ocrx_word' id='word_1_404' title='bbox 3680 2937 3698 2968; x_wconf 75' lang='grc' dir='ltr'>ι</span> <span class='ocrx_word' id='word_1_405' title='bbox 3733 2915 3820 2969; x_wconf 81' lang='lat' dir='ltr'><strong>Sa-</strong></span> 
     </span>
    </p>
   </div>
   <div class='ocr_carea' id='block_1_60' title="bbox 560 3008 3816 3100">
    <p class='ocr_par' dir='ltr' id='par_1_60' title="bbox 560 3008 3816 3100">
     <span class='ocr_line' id='line_1_60' title="bbox 560 3008 3816 3100; baseline -0.001 -38"><span class='ocrx_word' id='word_1_406' title='bbox 560 3024 724 3078; x_wconf 90' lang='lat' dir='ltr'><strong>quam</strong></span> <span class='ocrx_word' id='word_1_407' title='bbox 756 3009 1072 3080; x_wconf 90' lang='lat' dir='ltr'><strong>possitcum</strong></span> <span class='ocrx_word' id='word_1_408' title='bbox 1107 3011 1335 3067; x_wconf 84' lang='lat' dir='ltr'><strong>veritate</strong></span> <span class='ocrx_word' id='word_1_409' title='bbox 1364 3013 1687 3078; x_wconf 89' lang='lat' dir='ltr'><strong>consistere,</strong></span> <span class='ocrx_word' id='word_1_410' title='bbox 1735 3015 1932 3085; x_wconf 87' lang='lat' dir='ltr'><strong>partim</strong></span> <span class='ocrx_word' id='word_1_411' title='bbox 1964 3018 2136 3090; x_wconf 89' lang='lat' dir='ltr'><strong>liquet</strong></span> <span class='ocrx_word' id='word_1_412' title='bbox 2167 3037 2210 3100; x_wconf 73' lang='grc' dir='ltr'>ο</span> <span class='ocrx_word' id='word_1_413' title='bbox 2240 3019 2398 3089; x_wconf 91' lang='lat' dir='ltr'><strong>piens</strong></span> <span class='ocrx_word' id='word_1_414' title='bbox 2419 3016 2710 3088; x_wconf 89' lang='lat' dir='ltr'><strong>Epiphani,</strong></span> <span class='ocrx_word' id='word_1_415' title='bbox 2757 3030 3019 3070; x_wconf 88' lang='lat' dir='ltr'><strong>assensus</strong></span> <span class='ocrx_word' id='word_1_416' title='bbox 3035 3028 3093 3068; x_wconf 90' lang='lat' dir='ltr'><strong>es</strong></span> <span class='ocrx_word' id='word_1_417' title='bbox 3116 3027 3236 3066; x_wconf 90' lang='lat' dir='ltr'><strong>meo</strong></span> <span class='ocrx_word' id='word_1_418' title='bbox 3268 3010 3503 3066; x_wconf 82' lang='lat' dir='ltr'><strong>exsilio?</strong></span> <span class='ocrx_word' id='word_1_419' title='bbox 3532 3008 3592 3062; x_wconf 93' lang='lat' dir='ltr'><strong>in</strong></span> <span class='ocrx_word' id='word_1_420' title='bbox 3628 3008 3816 3062; x_wconf 91' lang='lat' dir='ltr'><strong>throno</strong></span> 
     </span>
    </p>
   </div>
   <div class='ocr_carea' id='block_1_61' title="bbox 560 3101 2138 3177">
    <p class='ocr_par' dir='ltr' id='par_1_61' title="bbox 560 3101 2138 3177">
     <span class='ocr_line' id='line_1_61' title="bbox 560 3101 2138 3177; baseline 0.006 -22"><span class='ocrx_word' id='word_1_421' title='bbox 560 3117 623 3155; x_wconf 80' lang='lat' dir='ltr'><strong>ex</strong></span> <span class='ocrx_word' id='word_1_422' title='bbox 649 3101 832 3168; x_wconf 90' lang='lat' dir='ltr'><strong>dictis,</strong></span> <span class='ocrx_word' id='word_1_423' title='bbox 864 3103 1064 3172; x_wconf 88' lang='lat' dir='ltr'><strong>partim</strong></span> <span class='ocrx_word' id='word_1_424' title='bbox 1119 3103 1300 3173; x_wconf 91' lang='lat' dir='ltr'><strong>quoad</strong></span> <span class='ocrx_word' id='word_1_425' title='bbox 1345 3101 1688 3160; x_wconf 87' lang='lat' dir='ltr'><strong>Sabellianos</strong></span> <span class='ocrx_word' id='word_1_426' title='bbox 1718 3105 1925 3162; x_wconf 90' lang='lat' dir='ltr'><strong>revinei</strong></span> <span class='ocrx_word' id='word_1_427' title='bbox 1963 3116 2138 3177; x_wconf 89' lang='lat' dir='ltr'><strong>potest</strong></span> 
     </span>
    </p>
   </div>
   <div class='ocr_carea' id='block_1_62' title="bbox 558 3191 2139 3268">
    <p class='ocr_par' dir='ltr' id='par_1_62' title="bbox 558 3191 2139 3268">
     <span class='ocr_line' id='line_1_62' title="bbox 558 3191 2139 3268; baseline 0.004 -20"><span class='ocrx_word' id='word_1_428' title='bbox 558 3209 622 3248; x_wconf 75' lang='lat' dir='ltr'><strong>ex</strong></span> <span class='ocrx_word' id='word_1_429' title='bbox 649 3191 952 3264; x_wconf 84' lang='lat' dir='ltr'><strong>Epiphanio</strong></span> <span class='ocrx_word' id='word_1_430' title='bbox 983 3194 1077 3264; x_wconf 91' lang='lat' dir='ltr'><strong>qui</strong></span> <span class='ocrx_word' id='word_1_431' title='bbox 1111 3194 1304 3250; x_wconf 65' lang='lat' dir='ltr'><strong>haeresi</strong></span> <span class='ocrx_word' id='word_1_432' title='bbox 1334 3211 1443 3250; x_wconf 77' lang='lat' dir='ltr'><strong>un</strong></span> <span class='ocrx_word' id='word_1_433' title='bbox 1483 3210 1787 3267; x_wconf 84' lang='lat' dir='ltr'><strong>agnoscens</strong></span> <span class='ocrx_word' id='word_1_434' title='bbox 1814 3197 1979 3268; x_wconf 80' lang='lat' dir='ltr'><strong>hujus</strong></span> <span class='ocrx_word' id='word_1_435' title='bbox 2008 3206 2139 3255; x_wconf 92' lang='lat' dir='ltr'><strong>tunc</strong></span> 
     </span>
    </p>
   </div>
   <div class='ocr_carea' id='block_1_63' title="bbox 559 3284 2134 3357">
    <p class='ocr_par' dir='ltr' id='par_1_63' title="bbox 559 3284 2134 3357">
     <span class='ocr_line' id='line_1_63' title="bbox 559 3284 2134 3357; baseline 0.003 -17"><span class='ocrx_word' id='word_1_436' title='bbox 559 3300 715 3340; x_wconf 69' lang='lat' dir='ltr'><strong>novae</strong></span> <span class='ocrx_word' id='word_1_437' title='bbox 740 3284 919 3340; x_wconf 84' lang='lat' dir='ltr'><strong>adhuc</strong></span> <span class='ocrx_word' id='word_1_438' title='bbox 952 3293 1114 3340; x_wconf 64' lang='lat' dir='ltr'><strong>secta;</strong></span> <span class='ocrx_word' id='word_1_439' title='bbox 1149 3285 1414 3355; x_wconf 91' lang='lat' dir='ltr'><strong>plurimos</strong></span> <span class='ocrx_word' id='word_1_440' title='bbox 1455 3295 1568 3340; x_wconf 89' lang='lat' dir='ltr'><strong>tum</strong></span> <span class='ocrx_word' id='word_1_441' title='bbox 1625 3285 1681 3340; x_wconf 94' lang='lat' dir='ltr'><strong>in</strong></span> <span class='ocrx_word' id='word_1_442' title='bbox 1718 3285 2134 3357; x_wconf 81' lang='lat' dir='ltr'><strong>Mesopotamia,</strong></span> 
     </span>
    </p>
   </div>
   <div class='ocr_carea' id='block_1_64' title="bbox 560 3377 2141 3452">
    <p class='ocr_par' dir='ltr' id='par_1_64' title="bbox 560 3377 2141 3452">
     <span class='ocr_line' id='line_1_64' title="bbox 560 3377 2141 3452; baseline 0.003 -20"><span class='ocrx_word' id='word_1_443' title='bbox 560 3387 676 3433; x_wconf 89' lang='lat' dir='ltr'><strong>tum</strong></span> <span class='ocrx_word' id='word_1_444' title='bbox 714 3377 904 3433; x_wconf 66' lang='lat' dir='ltr'><strong>Romae</strong></span> <span class='ocrx_word' id='word_1_445' title='bbox 949 3378 1181 3445; x_wconf 86' lang='lat' dir='ltr'><strong>versari,</strong></span> <span class='ocrx_word' id='word_1_446' title='bbox 1220 3393 1330 3433; x_wconf 89' lang='lat' dir='ltr'><strong>non</strong></span> <span class='ocrx_word' id='word_1_447' title='bbox 1381 3378 1736 3448; x_wconf 63' lang='lat' dir='ltr'><strong>praeteriisset</strong></span> <span class='ocrx_word' id='word_1_448' title='bbox 1783 3379 2041 3452; x_wconf 89' lang='lat' dir='ltr'><strong>Cyprum,</strong></span> <span class='ocrx_word' id='word_1_449' title='bbox 2094 3381 2141 3437; x_wconf 89' lang='lat' dir='ltr'><strong>si</strong></span> 
     </span>
    </p>
   </div>
   <div class='ocr_carea' id='block_1_65' title="bbox 561 3453 2141 3542">
    <p class='ocr_par' dir='ltr' id='par_1_65' title="bbox 561 3453 2141 3542">
     <span class='ocr_line' id='line_1_65' title="bbox 561 3453 2141 3542; baseline 0.001 -15"><span class='ocrx_word' id='word_1_450' title='bbox 561 3473 627 3527; x_wconf 89' lang='lat' dir='ltr'><strong>ad</strong></span> <span class='ocrx_word' id='word_1_451' title='bbox 664 3453 786 3527; x_wconf 79' lang='lat' dir='ltr'><strong>eam</strong></span> <span class='ocrx_word' id='word_1_452' title='bbox 827 3472 1071 3542; x_wconf 86' lang='lat' dir='ltr'><strong>ipsorum</strong></span> <span class='ocrx_word' id='word_1_453' title='bbox 1111 3471 1421 3542; x_wconf 85' lang='lat' dir='ltr'><strong>pertigisset</strong></span> <span class='ocrx_word' id='word_1_454' title='bbox 1463 3486 1754 3538; x_wconf 85' lang='lat' dir='ltr'><strong>venenum,</strong></span> <span class='ocrx_word' id='word_1_455' title='bbox 1795 3473 1938 3528; x_wconf 89' lang='lat' dir='ltr'><strong>sient</strong></span> <span class='ocrx_word' id='word_1_456' title='bbox 1980 3474 2033 3528; x_wconf 91' lang='lat' dir='ltr'><strong>id</strong></span> <span class='ocrx_word' id='word_1_457' title='bbox 2075 3475 2141 3529; x_wconf 93' lang='lat' dir='ltr'><strong>de</strong></span> 
     </span>
    </p>
   </div>
   <div class='ocr_carea' id='block_1_66' title="bbox 563 3565 2142 3637">
    <p class='ocr_par' dir='ltr' id='par_1_66' title="bbox 563 3565 2142 3637">
     <span class='ocr_line' id='line_1_66' title="bbox 563 3565 2142 3637; baseline 0.006 -21"><span class='ocrx_word' id='word_1_458' title='bbox 563 3566 966 3623; x_wconf 69' lang='lat' dir='ltr'><strong>Valentinianis</strong></span> <span class='ocrx_word' id='word_1_459' title='bbox 991 3567 1206 3621; x_wconf 78' lang='lat' dir='ltr'><strong>dixerat</strong></span> <span class='ocrx_word' id='word_1_460' title='bbox 1235 3567 1424 3621; x_wconf 56' lang='lat' dir='ltr'><strong>haeresi</strong></span> <span class='ocrx_word' id='word_1_461' title='bbox 1453 3583 1609 3631; x_wconf 71' lang='grc' dir='ltr'>χχχι,</span> <span class='ocrx_word' id='word_1_462' title='bbox 1635 3565 1885 3637; x_wconf 76' lang='lat' dir='ltr'><strong>Ophites,</strong></span> <span class='ocrx_word' id='word_1_463' title='bbox 1910 3567 2142 3624; x_wconf 88' lang='lat' dir='ltr'><strong>Nieolai-</strong></span> 
     </span>
    </p>
   </div>
   <div class='ocr_carea' id='block_1_67' title="bbox 563 3659 2142 3728">
    <p class='ocr_par' dir='ltr' id='par_1_67' title="bbox 563 3659 2142 3728">
     <span class='ocr_line' id='line_1_67' title="bbox 563 3659 2142 3728; baseline 0.004 -16"><span class='ocrx_word' id='word_1_464' title='bbox 563 3673 666 3722; x_wconf 87' lang='lat' dir='ltr'><strong>tas,</strong></span> <span class='ocrx_word' id='word_1_465' title='bbox 698 3659 1070 3723; x_wconf 87' lang='lat' dir='ltr'><strong>Simonianos,</strong></span> <span class='ocrx_word' id='word_1_466' title='bbox 1094 3659 1571 3728; x_wconf 86' lang='lat' dir='ltr'><strong>Carpocratianos,</strong></span> <span class='ocrx_word' id='word_1_467' title='bbox 1591 3660 1694 3716; x_wconf 91' lang='lat' dir='ltr'><strong>sub</strong></span> <span class='ocrx_word' id='word_1_468' title='bbox 1721 3661 1806 3717; x_wconf 90' lang='lat' dir='ltr'><strong>his</strong></span> <span class='ocrx_word' id='word_1_469' title='bbox 1827 3662 2142 3718; x_wconf 90' lang='lat' dir='ltr'><strong>nominibus</strong></span> 
     </span>
    </p>
   </div>
   <div class='ocr_carea' id='block_1_68' title="bbox 563 3751 2146 3825">
    <p class='ocr_par' dir='ltr' id='par_1_68' title="bbox 563 3751 2146 3825">
     <span class='ocr_line' id='line_1_68' title="bbox 563 3751 2146 3825; baseline 0.002 -20"><span class='ocrx_word' id='word_1_470' title='bbox 563 3751 742 3806; x_wconf 85' lang='lat' dir='ltr'><strong>adhuc</strong></span> <span class='ocrx_word' id='word_1_471' title='bbox 777 3751 1114 3822; x_wconf 79' lang='lat' dir='ltr'><strong>superfuisse</strong></span> <span class='ocrx_word' id='word_1_472' title='bbox 1163 3751 1366 3808; x_wconf 71' lang='lat' dir='ltr'><strong>saeculo</strong></span> <span class='ocrx_word' id='word_1_473' title='bbox 1399 3769 1469 3819; x_wconf 87' lang='lat' dir='ltr'><strong>Iv,</strong></span> <span class='ocrx_word' id='word_1_474' title='bbox 1500 3763 1732 3810; x_wconf 87' lang='lat' dir='ltr'><strong>exeunte</strong></span> <span class='ocrx_word' id='word_1_475' title='bbox 1769 3754 1894 3825; x_wconf 90' lang='lat' dir='ltr'><strong>quis</strong></span> <span class='ocrx_word' id='word_1_476' title='bbox 1925 3755 2146 3810; x_wconf 85' lang='lat' dir='ltr'><strong>credat?</strong></span> 
     </span>
    </p>
   </div>
   <div class='ocr_carea' id='block_1_69' title="bbox 633 3839 2142 3914">
    <p class='ocr_par' dir='ltr' id='par_1_69' title="bbox 633 3839 2142 3914">
     <span class='ocr_line' id='line_1_69' title="bbox 633 3839 2142 3914; baseline 0.001 -18"><span class='ocrx_word' id='word_1_477' title='bbox 633 3842 718 3896; x_wconf 69' lang='grc'><strong>54.</strong></span> <span class='ocrx_word' id='word_1_478' title='bbox 756 3839 943 3896; x_wconf 79' lang='lat' dir='ltr'><strong>Restat</strong></span> <span class='ocrx_word' id='word_1_479' title='bbox 981 3842 1193 3906; x_wconf 88' lang='lat' dir='ltr'><strong>ultima,</strong></span> <span class='ocrx_word' id='word_1_480' title='bbox 1245 3853 1340 3898; x_wconf 86' lang='lat' dir='ltr'><strong>aut</strong></span> <span class='ocrx_word' id='word_1_481' title='bbox 1377 3843 1560 3900; x_wconf 88' lang='lat' dir='ltr'><strong>verius</strong></span> <span class='ocrx_word' id='word_1_482' title='bbox 1611 3843 1797 3907; x_wconf 92' lang='lat' dir='ltr'><strong>unica,</strong></span> <span class='ocrx_word' id='word_1_483' title='bbox 1853 3843 2142 3914; x_wconf 79' lang='lat' dir='ltr'><strong>Epiphanii</strong></span> 
     </span>
    </p>
   </div>
   <div class='ocr_carea' id='block_1_70' title="bbox 562 3934 2144 4006">
    <p class='ocr_par' dir='ltr' id='par_1_70' title="bbox 562 3934 2144 4006">
     <span class='ocr_line' id='line_1_70' title="bbox 562 3934 2144 4006; baseline 0.003 -19"><span class='ocrx_word' id='word_1_484' title='bbox 562 3936 628 3988; x_wconf 89' lang='lat' dir='ltr'><strong>ad</strong></span> <span class='ocrx_word' id='word_1_485' title='bbox 681 3935 869 3988; x_wconf 65' lang='lat' dir='ltr'><strong>urbem</strong></span> <span class='ocrx_word' id='word_1_486' title='bbox 931 3934 1602 4004; x_wconf 83' lang='lat' dir='ltr'><strong>Constantinopolitanam</strong></span> <span class='ocrx_word' id='word_1_487' title='bbox 1655 3935 1943 4006; x_wconf 85' lang='lat' dir='ltr'><strong>profectio,</strong></span> <span class='ocrx_word' id='word_1_488' title='bbox 1999 3951 2144 3992; x_wconf 92' lang='lat' dir='ltr'><strong>anno</strong></span> 
     </span>
    </p>
   </div>
   <div class='ocr_carea' id='block_1_71' title="bbox 562 4021 2145 4098">
    <p class='ocr_par' dir='ltr' id='par_1_71' title="bbox 562 4021 2145 4098">
     <span class='ocr_line' id='line_1_71' title="bbox 562 4021 2145 4098; baseline 0.003 -19"><span class='ocrx_word' id='word_1_489' title='bbox 562 4025 667 4080; x_wconf 69' lang='lat'><strong>402</strong></span> <span class='ocrx_word' id='word_1_490' title='bbox 690 4027 755 4080; x_wconf 91' lang='lat' dir='ltr'><strong>ad</strong></span> <span class='ocrx_word' id='word_1_491' title='bbox 785 4021 945 4081; x_wconf 84' lang='lat' dir='ltr'><strong>ﬁnem</strong></span> <span class='ocrx_word' id='word_1_492' title='bbox 974 4035 1249 4096; x_wconf 83' lang='lat' dir='ltr'><strong>vergente,</strong></span> <span class='ocrx_word' id='word_1_493' title='bbox 1275 4037 1370 4081; x_wconf 92' lang='lat' dir='ltr'><strong>aut</strong></span> <span class='ocrx_word' id='word_1_494' title='bbox 1396 4028 1645 4097; x_wconf 90' lang='lat' dir='ltr'><strong>sequenti</strong></span> <span class='ocrx_word' id='word_1_495' title='bbox 1665 4029 1776 4098; x_wconf 86' lang='lat' dir='ltr'><strong>jam</strong></span> <span class='ocrx_word' id='word_1_496' title='bbox 1805 4027 1958 4084; x_wconf 92' lang='lat' dir='ltr'><strong>inito.</strong></span> <span class='ocrx_word' id='word_1_497' title='bbox 1993 4026 2145 4084; x_wconf 86' lang='lat' dir='ltr'><strong>Hane</strong></span> 
     </span>
    </p>
   </div>
   <div class='ocr_carea' id='block_1_72' title="bbox 563 4117 2145 4189">
    <p class='ocr_par' dir='ltr' id='par_1_72' title="bbox 563 4117 2145 4189">
     <span class='ocr_line' id='line_1_72' title="bbox 563 4117 2145 4189; baseline -0.001 -14"><span class='ocrx_word' id='word_1_498' title='bbox 563 4121 632 4175; x_wconf 88' lang='lat' dir='ltr'><strong>ab</strong></span> <span class='ocrx_word' id='word_1_499' title='bbox 675 4134 781 4174; x_wconf 87' lang='lat' dir='ltr'><strong>ovo</strong></span> <span class='ocrx_word' id='word_1_500' title='bbox 825 4119 1117 4174; x_wconf 84' lang='lat' dir='ltr'><strong>exordiens</strong></span> <span class='ocrx_word' id='word_1_501' title='bbox 1159 4117 1434 4175; x_wconf 84' lang='lat' dir='ltr'><strong>fabulator</strong></span> <span class='ocrx_word' id='word_1_502' title='bbox 1473 4128 1682 4181; x_wconf 86' lang='lat' dir='ltr'><strong>noster,</strong></span> <span class='ocrx_word' id='word_1_503' title='bbox 1739 4119 1916 4189; x_wconf 90' lang='lat' dir='ltr'><strong>primo</strong></span> <span class='ocrx_word' id='word_1_504' title='bbox 1958 4129 2145 4174; x_wconf 88' lang='lat' dir='ltr'><strong>narrat</strong></span> 
     </span>
    </p>
   </div>
   <div class='ocr_carea' id='block_1_73' title="bbox 565 4209 2146 4279">
    <p class='ocr_par' dir='ltr' id='par_1_73' title="bbox 565 4209 2146 4279">
     <span class='ocr_line' id='line_1_73' title="bbox 565 4209 2146 4279; baseline 0.001 -15"><span class='ocrx_word' id='word_1_505' title='bbox 565 4209 848 4279; x_wconf 85' lang='lat' dir='ltr'><strong>Theophili</strong></span> <span class='ocrx_word' id='word_1_506' title='bbox 883 4209 1171 4264; x_wconf 87' lang='lat' dir='ltr'><strong>dissidium</strong></span> <span class='ocrx_word' id='word_1_507' title='bbox 1207 4224 1332 4265; x_wconf 90' lang='lat' dir='ltr'><strong>cum</strong></span> <span class='ocrx_word' id='word_1_508' title='bbox 1386 4209 1649 4264; x_wconf 89' lang='lat' dir='ltr'><strong>fratribus</strong></span> <span class='ocrx_word' id='word_1_509' title='bbox 1690 4209 1914 4279; x_wconf 79' lang='lat' dir='ltr'><strong>Longis,</strong></span> <span class='ocrx_word' id='word_1_510' title='bbox 1969 4211 2146 4266; x_wconf 89' lang='lat' dir='ltr'><strong>tribus</strong></span> 
     </span>
    </p>
   </div>
   <div class='ocr_carea' id='block_1_74' title="bbox 565 4298 2142 4370">
    <p class='ocr_par' dir='ltr' id='par_1_74' title="bbox 565 4298 2142 4370">
     <span class='ocr_line' id='line_1_74' title="bbox 565 4298 2142 4370; baseline 0.002 -16"><span class='ocrx_word' id='word_1_511' title='bbox 565 4300 773 4355; x_wconf 84' lang='lat' dir='ltr'><strong>scilicet</strong></span> <span class='ocrx_word' id='word_1_512' title='bbox 812 4299 938 4354; x_wconf 88' lang='lat' dir='ltr'><strong>liliis</strong></span> <span class='ocrx_word' id='word_1_513' title='bbox 981 4298 1335 4355; x_wconf 83' lang='lat' dir='ltr'><strong>Heracleonis</strong></span> <span class='ocrx_word' id='word_1_514' title='bbox 1383 4300 1707 4370; x_wconf 87' lang='lat' dir='ltr'><strong>imperantis</strong></span> <span class='ocrx_word' id='word_1_515' title='bbox 1756 4300 2142 4365; x_wconf 72' lang='lat' dir='ltr'><strong>Alexandriae,</strong></span> 
     </span>
    </p>
   </div>
   <div class='ocr_carea' id='block_1_75' title="bbox 2242 3102 3822 3176">
    <p class='ocr_par' dir='ltr' id='par_1_75' title="bbox 2242 3102 3822 3176">
     <span class='ocr_line' id='line_1_75' title="bbox 2242 3102 3822 3176; baseline -0.009 -12"><span class='ocrx_word' id='word_1_516' title='bbox 2242 3117 2340 3166; x_wconf 87' lang='lat' dir='ltr'><strong>tuo</strong></span> <span class='ocrx_word' id='word_1_517' title='bbox 2373 3125 2482 3164; x_wconf 91' lang='lat' dir='ltr'><strong>non</strong></span> <span class='ocrx_word' id='word_1_518' title='bbox 2511 3107 2728 3165; x_wconf 84' lang='lat' dir='ltr'><strong>sedebis</strong></span> <span class='ocrx_word' id='word_1_519' title='bbox 2773 3105 3046 3176; x_wconf 89' lang='lat' dir='ltr'><strong>amplius;</strong></span> <span class='ocrx_word' id='word_1_520' title='bbox 3094 3123 3112 3156; x_wconf 74' lang='grc' dir='ltr'><strong><em>ι</em></strong></span> <span class='ocrx_word' id='word_1_521' title='bbox 3154 3102 3518 3173; x_wconf 85' lang='lat' dir='ltr'><strong>Epiphanium</strong></span> <span class='ocrx_word' id='word_1_522' title='bbox 3553 3113 3692 3154; x_wconf 84' lang='lat' dir='ltr'><strong>vero</strong></span> <span class='ocrx_word' id='word_1_523' title='bbox 3745 3111 3822 3150; x_wconf 82' lang='lat' dir='ltr'><strong>re-</strong></span> 
     </span>
    </p>
   </div>
   <div class='ocr_carea' id='block_1_76' title="bbox 2243 3193 3818 3272">
    <p class='ocr_par' dir='ltr' id='par_1_76' title="bbox 2243 3193 3818 3272">
     <span class='ocr_line' id='line_1_76' title="bbox 2243 3193 3818 3272; baseline -0.011 -13"><span class='ocrx_word' id='word_1_524' title='bbox 2243 3202 2533 3272; x_wconf 88' lang='lat' dir='ltr'><strong>scripsisse</strong></span> <span class='ocrx_word' id='word_1_525' title='bbox 2564 3219 2576 3257; x_wconf 90' lang='lat'><em>:</em></span> <span class='ocrx_word' id='word_1_526' title='bbox 2610 3219 2629 3251; x_wconf 83' lang='grc'>‹</span> <span class='ocrx_word' id='word_1_527' title='bbox 2667 3199 2888 3255; x_wconf 82' lang='lat' dir='ltr'><strong>Athleta</strong></span> <span class='ocrx_word' id='word_1_528' title='bbox 2923 3197 3149 3264; x_wconf 88' lang='lat' dir='ltr'><strong>Christi,</strong></span> <span class='ocrx_word' id='word_1_529' title='bbox 3187 3196 3499 3258; x_wconf 87' lang='lat' dir='ltr'><strong>verberare,</strong></span> <span class='ocrx_word' id='word_1_530' title='bbox 3532 3204 3590 3248; x_wconf 91' lang='lat' dir='ltr'><strong>et</strong></span> <span class='ocrx_word' id='word_1_531' title='bbox 3625 3193 3776 3247; x_wconf 89' lang='lat' dir='ltr'><strong>vince</strong></span> <span class='ocrx_word' id='word_1_532' title='bbox 3806 3206 3818 3240; x_wconf 93' lang='lat'>:</span> 
     </span>
    </p>
   </div>
   <div class='ocr_carea' id='block_1_77' title="bbox 2243 3286 3822 3360">
    <p class='ocr_par' dir='ltr' id='par_1_77' title="bbox 2243 3286 3822 3360">
     <span class='ocr_line' id='line_1_77' title="bbox 2243 3286 3822 3360; baseline -0.009 -10"><span class='ocrx_word' id='word_1_533' title='bbox 2243 3293 2300 3350; x_wconf 85' lang='lat' dir='ltr'><strong>in</strong></span> <span class='ocrx_word' id='word_1_534' title='bbox 2330 3293 2511 3350; x_wconf 92' lang='lat' dir='ltr'><strong>locum</strong></span> <span class='ocrx_word' id='word_1_535' title='bbox 2564 3300 2771 3357; x_wconf 90' lang='lat' dir='ltr'><strong>autem,</strong></span> <span class='ocrx_word' id='word_1_536' title='bbox 2826 3291 2893 3346; x_wconf 92' lang='lat' dir='ltr'><strong>ad</strong></span> <span class='ocrx_word' id='word_1_537' title='bbox 2943 3305 3105 3360; x_wconf 90' lang='lat' dir='ltr'><strong>quem</strong></span> <span class='ocrx_word' id='word_1_538' title='bbox 3160 3287 3313 3343; x_wconf 90' lang='lat' dir='ltr'><strong>fuisti</strong></span> <span class='ocrx_word' id='word_1_539' title='bbox 3365 3286 3668 3356; x_wconf 88' lang='lat' dir='ltr'><strong>relegatus,</strong></span> <span class='ocrx_word' id='word_1_540' title='bbox 3723 3299 3822 3340; x_wconf 91' lang='lat' dir='ltr'><strong>non</strong></span> 
     </span>
    </p>
   </div>
   <div class='ocr_carea' id='block_1_78' title="bbox 2246 3377 3821 3453">
    <p class='ocr_par' dir='ltr' id='par_1_78' title="bbox 2246 3377 3821 3453">
     <span class='ocr_line' id='line_1_78' title="bbox 2246 3377 3821 3453; baseline -0.004 -13"><span class='ocrx_word' id='word_1_541' title='bbox 2246 3385 2452 3441; x_wconf 88' lang='lat' dir='ltr'><strong>venies.</strong></span> <span class='ocrx_word' id='word_1_542' title='bbox 2487 3404 2505 3439; x_wconf 77' lang='grc' dir='ltr'><strong>ι</strong></span> <span class='ocrx_word' id='word_1_543' title='bbox 2539 3383 2793 3440; x_wconf 86' lang='lat' dir='ltr'><strong>Potuitne</strong></span> <span class='ocrx_word' id='word_1_544' title='bbox 2825 3391 3102 3453; x_wconf 88' lang='lat' dir='ltr'><strong>postrema</strong></span> <span class='ocrx_word' id='word_1_545' title='bbox 3132 3382 3247 3436; x_wconf 61' lang='lat' dir='ltr'><strong>hate</strong></span> <span class='ocrx_word' id='word_1_546' title='bbox 3291 3395 3390 3450; x_wconf 91' lang='lat' dir='ltr'><strong>pro</strong></span> <span class='ocrx_word' id='word_1_547' title='bbox 3419 3377 3596 3442; x_wconf 86' lang='lat' dir='ltr'><strong>falsis,</strong></span> <span class='ocrx_word' id='word_1_548' title='bbox 3635 3389 3695 3434; x_wconf 91' lang='lat' dir='ltr'><strong>ut</strong></span> <span class='ocrx_word' id='word_1_549' title='bbox 3735 3395 3821 3434; x_wconf 81' lang='lat' dir='ltr'><strong>ne-</strong></span> 
     </span>
    </p>
   </div>
   <div class='ocr_carea' id='block_1_79' title="bbox 2245 3471 3817 3539">
    <p class='ocr_par' dir='ltr' id='par_1_79' title="bbox 2245 3471 3817 3539">
     <span class='ocr_line' id='line_1_79' title="bbox 2245 3471 3817 3539; baseline -0.006 -5"><span class='ocrx_word' id='word_1_550' title='bbox 2245 3477 2489 3534; x_wconf 91' lang='lat' dir='ltr'><strong>eessario</strong></span> <span class='ocrx_word' id='word_1_551' title='bbox 2529 3483 2659 3530; x_wconf 86' lang='lat' dir='ltr'><strong>sunt</strong></span> <span class='ocrx_word' id='word_1_552' title='bbox 2693 3474 3013 3539; x_wconf 86' lang='lat' dir='ltr'><strong>falsissima,</strong></span> <span class='ocrx_word' id='word_1_553' title='bbox 3049 3473 3250 3528; x_wconf 89' lang='lat' dir='ltr'><strong>habere</strong></span> <span class='ocrx_word' id='word_1_554' title='bbox 3295 3471 3597 3537; x_wconf 88' lang='lat' dir='ltr'><strong>Baronius;</strong></span> <span class='ocrx_word' id='word_1_555' title='bbox 3628 3481 3683 3526; x_wconf 85' lang='lat' dir='ltr'><strong>et</strong></span> <span class='ocrx_word' id='word_1_556' title='bbox 3718 3486 3817 3525; x_wconf 91' lang='lat' dir='ltr'><strong>non</strong></span> 
     </span>
    </p>
   </div>
   <div class='ocr_carea' id='block_1_80' title="bbox 2245 3561 3820 3638">
    <p class='ocr_par' dir='ltr' id='par_1_80' title="bbox 2245 3561 3820 3638">
     <span class='ocr_line' id='line_1_80' title="bbox 2245 3561 3820 3638; baseline -0.005 -14"><span class='ocrx_word' id='word_1_557' title='bbox 2245 3568 2434 3624; x_wconf 87' lang='lat' dir='ltr'><strong>videre</strong></span> <span class='ocrx_word' id='word_1_558' title='bbox 2495 3567 2836 3638; x_wconf 84' lang='lat' dir='ltr'><strong>colloquium</strong></span> <span class='ocrx_word' id='word_1_559' title='bbox 2903 3563 3194 3636; x_wconf 83' lang='lat' dir='ltr'><strong>Epiphanii</strong></span> <span class='ocrx_word' id='word_1_560' title='bbox 3259 3578 3385 3618; x_wconf 93' lang='lat' dir='ltr'><strong>cum</strong></span> <span class='ocrx_word' id='word_1_561' title='bbox 3447 3561 3820 3632; x_wconf 87' lang='lat' dir='ltr'><strong>imperatrice,</strong></span> 
     </span>
    </p>
   </div>
   <div class='ocr_carea' id='block_1_81' title="bbox 2247 3653 3828 3732">
    <p class='ocr_par' dir='ltr' id='par_1_81' title="bbox 2247 3653 3828 3732">
     <span class='ocr_line' id='line_1_81' title="bbox 2247 3653 3828 3732; baseline -0.008 -14"><span class='ocrx_word' id='word_1_562' title='bbox 2247 3661 2496 3732; x_wconf 83' lang='lat' dir='ltr'><strong>ejusdem</strong></span> <span class='ocrx_word' id='word_1_563' title='bbox 2529 3668 2589 3715; x_wconf 93' lang='lat' dir='ltr'><strong>ut</strong></span> <span class='ocrx_word' id='word_1_564' title='bbox 2626 3658 2871 3714; x_wconf 88' lang='lat' dir='ltr'><strong>auctoris</strong></span> <span class='ocrx_word' id='word_1_565' title='bbox 2919 3658 3001 3713; x_wconf 83' lang='lat' dir='ltr'><strong>sic</strong></span> <span class='ocrx_word' id='word_1_566' title='bbox 3044 3667 3097 3711; x_wconf 88' lang='lat' dir='ltr'><strong>et</strong></span> <span class='ocrx_word' id='word_1_567' title='bbox 3137 3655 3262 3710; x_wconf 90' lang='lat' dir='ltr'><strong>ﬁdei</strong></span> <span class='ocrx_word' id='word_1_568' title='bbox 3305 3654 3467 3710; x_wconf 87' lang='lat' dir='ltr'><strong>esse?</strong></span> <span class='ocrx_word' id='word_1_569' title='bbox 3511 3653 3628 3708; x_wconf 91' lang='lat' dir='ltr'><strong>Cur</strong></span> <span class='ocrx_word' id='word_1_570' title='bbox 3674 3654 3828 3724; x_wconf 85' lang='lat' dir='ltr'><strong>igitur</strong></span> 
     </span>
    </p>
   </div>
   <div class='ocr_carea' id='block_1_82' title="bbox 2253 3745 3825 3823">
    <p class='ocr_par' dir='ltr' id='par_1_82' title="bbox 2253 3745 3825 3823">
     <span class='ocr_line' id='line_1_82' title="bbox 2253 3745 3825 3823; baseline -0.006 -16"><span class='ocrx_word' id='word_1_571' title='bbox 2253 3753 2436 3823; x_wconf 90' lang='lat' dir='ltr'><strong>ipsum</strong></span> <span class='ocrx_word' id='word_1_572' title='bbox 2465 3751 2723 3822; x_wconf 90' lang='lat' dir='ltr'><strong>opposuit</strong></span> <span class='ocrx_word' id='word_1_573' title='bbox 2763 3749 3074 3805; x_wconf 86' lang='lat' dir='ltr'><strong>auctoritati</strong></span> <span class='ocrx_word' id='word_1_574' title='bbox 3118 3746 3411 3802; x_wconf 82' lang='lat' dir='ltr'><strong>Sozomeni</strong></span> <span class='ocrx_word' id='word_1_575' title='bbox 3464 3754 3732 3817; x_wconf 88' lang='lat' dir='ltr'><strong>tanquam</strong></span> <span class='ocrx_word' id='word_1_576' title='bbox 3775 3745 3825 3798; x_wconf 89' lang='lat' dir='ltr'><strong>in</strong></span> 
     </span>
    </p>
   </div>
   <div class='ocr_carea' id='block_1_83' title="bbox 2249 3836 3824 3913">
    <p class='ocr_par' dir='ltr' id='par_1_83' title="bbox 2249 3836 3824 3913">
     <span class='ocr_line' id='line_1_83' title="bbox 2249 3836 3824 3913; baseline -0.006 -14"><span class='ocrx_word' id='word_1_577' title='bbox 2249 3844 2491 3900; x_wconf 82' lang='lat' dir='ltr'><strong>favorem</strong></span> <span class='ocrx_word' id='word_1_578' title='bbox 2535 3841 2968 3913; x_wconf 88' lang='lat' dir='ltr'><strong>Origenistarum</strong></span> <span class='ocrx_word' id='word_1_579' title='bbox 3019 3848 3240 3911; x_wconf 85' lang='lat' dir='ltr'><strong>propter</strong></span> <span class='ocrx_word' id='word_1_580' title='bbox 3283 3836 3549 3893; x_wconf 84' lang='lat' dir='ltr'><strong>Joannem</strong></span> <span class='ocrx_word' id='word_1_581' title='bbox 3597 3852 3824 3907; x_wconf 75' lang='lat' dir='ltr'><strong>propen-</strong></span> 
     </span>
    </p>
   </div>
   <div class='ocr_carea' id='block_1_84' title="bbox 2249 3929 3804 4006">
    <p class='ocr_par' dir='ltr' id='par_1_84' title="bbox 2249 3929 3804 4006">
     <span class='ocr_line' id='line_1_84' title="bbox 2249 3929 3804 4006; baseline -0.006 -14"><span class='ocrx_word' id='word_1_582' title='bbox 2249 3935 2449 3992; x_wconf 81' lang='lat' dir='ltr'><strong>sioris?</strong></span> <span class='ocrx_word' id='word_1_583' title='bbox 2481 3934 2792 4006; x_wconf 88' lang='lat' dir='ltr'><strong>Utrumque</strong></span> <span class='ocrx_word' id='word_1_584' title='bbox 2837 3949 2969 3990; x_wconf 85' lang='lat' dir='ltr'><strong>sane</strong></span> <span class='ocrx_word' id='word_1_585' title='bbox 3007 3933 3168 3987; x_wconf 82' lang='lat' dir='ltr'><strong>velim</strong></span> <span class='ocrx_word' id='word_1_586' title='bbox 3218 3929 3504 4000; x_wconf 65' lang='lat' dir='ltr'><strong>aequaliter</strong></span> <span class='ocrx_word' id='word_1_587' title='bbox 3543 3932 3804 4001; x_wconf 85' lang='lat' dir='ltr'><strong>rejectum</strong></span> 
     </span>
    </p>
   </div>
   <div class='ocr_carea' id='block_1_85' title="bbox 2249 4023 3810 4099">
    <p class='ocr_par' dir='ltr' id='par_1_85' title="bbox 2249 4023 3810 4099">
     <span class='ocr_line' id='line_1_85' title="bbox 2249 4023 3810 4099; baseline -0.006 -16"><span class='ocrx_word' id='word_1_588' title='bbox 2249 4029 2470 4099; x_wconf 89' lang='lat' dir='ltr'><strong>quando</strong></span> <span class='ocrx_word' id='word_1_589' title='bbox 2501 4027 2740 4097; x_wconf 85' lang='lat' dir='ltr'><strong>priorem</strong></span> <span class='ocrx_word' id='word_1_590' title='bbox 2767 4024 3030 4080; x_wconf 79' lang='lat' dir='ltr'><strong>Eudoxiae</strong></span> <span class='ocrx_word' id='word_1_591' title='bbox 3057 4039 3183 4078; x_wconf 91' lang='lat' dir='ltr'><strong>cum</strong></span> <span class='ocrx_word' id='word_1_592' title='bbox 3211 4023 3612 4093; x_wconf 79' lang='lat' dir='ltr'><strong>Chrysostomo</strong></span> <span class='ocrx_word' id='word_1_593' title='bbox 3637 4023 3810 4076; x_wconf 68' lang='lat' dir='ltr'><strong>rixam</strong></span> 
     </span>
    </p>
   </div>
   <div class='ocr_carea' id='block_1_86' title="bbox 2249 4113 3816 4192">
    <p class='ocr_par' dir='ltr' id='par_1_86' title="bbox 2249 4113 3816 4192">
     <span class='ocr_line' id='line_1_86' title="bbox 2249 4113 3816 4192; baseline -0.006 -17"><span class='ocrx_word' id='word_1_594' title='bbox 2249 4137 2374 4192; x_wconf 74' lang='lat' dir='ltr'><strong>qua:</strong></span> <span class='ocrx_word' id='word_1_595' title='bbox 2413 4119 2710 4174; x_wconf 87' lang='lat' dir='ltr'><strong>Theodosii</strong></span> <span class='ocrx_word' id='word_1_596' title='bbox 2748 4117 2991 4188; x_wconf 87' lang='lat' dir='ltr'><strong>junioris</strong></span> <span class='ocrx_word' id='word_1_597' title='bbox 3028 4115 3373 4171; x_wconf 89' lang='lat' dir='ltr'><strong>nativitatem</strong></span> <span class='ocrx_word' id='word_1_598' title='bbox 3406 4130 3472 4170; x_wconf 86' lang='lat' dir='ltr'><strong>ac</strong></span> <span class='ocrx_word' id='word_1_599' title='bbox 3504 4113 3646 4169; x_wconf 88' lang='lat' dir='ltr'><strong>forte</strong></span> <span class='ocrx_word' id='word_1_600' title='bbox 3674 4115 3816 4169; x_wconf 85' lang='lat' dir='ltr'><strong>ctian</strong></span> 
     </span>
    </p>
   </div>
   <div class='ocr_carea' id='block_1_87' title="bbox 2251 4206 3825 4276">
    <p class='ocr_par' dir='ltr' id='par_1_87' title="bbox 2251 4206 3825 4276">
     <span class='ocr_line' id='line_1_87' title="bbox 2251 4206 3825 4276; baseline -0.007 -7"><span class='ocrx_word' id='word_1_601' title='bbox 2251 4231 2341 4269; x_wconf 88' lang='lat' dir='ltr'><strong>an.</strong></span> <span class='ocrx_word' id='word_1_602' title='bbox 2379 4212 2506 4273; x_wconf 77' lang='lat' dir='ltr'><strong>59f,</strong></span> <span class='ocrx_word' id='word_1_603' title='bbox 2553 4210 2868 4273; x_wconf 88' lang='lat' dir='ltr'><strong>antecessit,</strong></span> <span class='ocrx_word' id='word_1_604' title='bbox 2919 4216 3138 4264; x_wconf 88' lang='lat' dir='ltr'><strong>constat</strong></span> <span class='ocrx_word' id='word_1_605' title='bbox 3205 4207 3380 4262; x_wconf 88' lang='lat' dir='ltr'><strong>fuisse</strong></span> <span class='ocrx_word' id='word_1_606' title='bbox 3419 4206 3825 4276; x_wconf 83' lang='lat' dir='ltr'><strong>compositam:</strong></span> 
     </span>
    </p>
   </div>
   <div class='ocr_carea' id='block_1_88' title="bbox 2251 4296 3825 4375">
    <p class='ocr_par' dir='ltr' id='par_1_88' title="bbox 2251 4296 3825 4375">
     <span class='ocr_line' id='line_1_88' title="bbox 2251 4296 3825 4375; baseline -0.011 -12"><span class='ocrx_word' id='word_1_607' title='bbox 2251 4315 2307 4363; x_wconf 92' lang='lat' dir='ltr'><strong>et</strong></span> <span class='ocrx_word' id='word_1_608' title='bbox 2374 4305 2711 4375; x_wconf 82' lang='lat' dir='ltr'><strong>posteriores</strong></span> <span class='ocrx_word' id='word_1_609' title='bbox 2766 4301 3021 4372; x_wconf 88' lang='lat' dir='ltr'><strong>querelas</strong></span> <span class='ocrx_word' id='word_1_610' title='bbox 3076 4299 3314 4371; x_wconf 88' lang='lat' dir='ltr'><strong>primum</strong></span> <span class='ocrx_word' id='word_1_611' title='bbox 3371 4313 3495 4354; x_wconf 90' lang='lat' dir='ltr'><strong>esse</strong></span> <span class='ocrx_word' id='word_1_612' title='bbox 3546 4296 3825 4356; x_wconf 78' lang='lat' dir='ltr'><strong>subortas,</strong></span> 
     </span>
    </p>
   </div>
   <div class='ocr_carea' id='block_1_89' title="bbox 565 4389 3830 4471">
    <p class='ocr_par' dir='ltr' id='par_1_89' title="bbox 565 4389 3830 4471">
     <span class='ocr_line' id='line_1_89' title="bbox 565 4389 3830 4471; baseline -0.003 -23"><span class='ocrx_word' id='word_1_613' title='bbox 565 4394 711 4464; x_wconf 86' lang='lat' dir='ltr'><strong>quod</strong></span> <span class='ocrx_word' id='word_1_614' title='bbox 739 4393 867 4448; x_wconf 87' lang='lat' dir='ltr'><strong>alibi</strong></span> <span class='ocrx_word' id='word_1_615' title='bbox 899 4407 1005 4447; x_wconf 87' lang='lat' dir='ltr'><strong>non</strong></span> <span class='ocrx_word' id='word_1_616' title='bbox 1059 4393 1286 4463; x_wconf 85' lang='lat' dir='ltr'><strong>legitur;</strong></span> <span class='ocrx_word' id='word_1_617' title='bbox 1338 4406 1391 4448; x_wconf 91' lang='lat' dir='ltr'><strong>et</strong></span> <span class='ocrx_word' id='word_1_618' title='bbox 1433 4409 1624 4450; x_wconf 92' lang='lat' dir='ltr'><strong>eorum</strong></span> <span class='ocrx_word' id='word_1_619' title='bbox 1679 4409 1847 4449; x_wconf 88' lang='lat' dir='ltr'><strong>causa</strong></span> <span class='ocrx_word' id='word_1_620' title='bbox 1896 4404 2145 4450; x_wconf 81' lang='lat' dir='ltr'><strong>exortam</strong></span> <span class='ocrx_word' id='word_1_621' title='bbox 2184 4391 2225 4444; x_wconf 80' lang='grc' dir='ltr'><strong>ί)</strong></span> <span class='ocrx_word' id='word_1_622' title='bbox 2250 4397 2469 4471; x_wconf 81' lang='lat' dir='ltr'><strong>quando</strong></span> <span class='ocrx_word' id='word_1_623' title='bbox 2503 4413 2520 4446; x_wconf 71' lang='grc' dir='ltr'>ι</span> <span class='ocrx_word' id='word_1_624' title='bbox 2559 4395 2807 4465; x_wconf 90' lang='lat' dir='ltr'><strong>digresso</strong></span> <span class='ocrx_word' id='word_1_625' title='bbox 2841 4393 2909 4449; x_wconf 89' lang='lat' dir='ltr'><strong>ab</strong></span> <span class='ocrx_word' id='word_1_626' title='bbox 2939 4393 3074 4448; x_wconf 90' lang='lat' dir='ltr'><strong>urbe</strong></span> <span class='ocrx_word' id='word_1_627' title='bbox 3106 4390 3436 4462; x_wconf 87' lang='lat' dir='ltr'><strong>Epiphanio,</strong></span> <span class='ocrx_word' id='word_1_628' title='bbox 3490 4389 3733 4446; x_wconf 85' lang='lat' dir='ltr'><strong>Joannes</strong></span> <span class='ocrx_word' id='word_1_629' title='bbox 3786 4390 3830 4440; x_wconf 85' lang='lat' dir='ltr'><strong>in</strong></span> 
     </span>
    </p>
   </div>
   <div class='ocr_carea' id='block_1_90' title="bbox 566 4483 2143 4554">
    <p class='ocr_par' dir='ltr' id='par_1_90' title="bbox 566 4483 2143 4554">
     <span class='ocr_line' id='line_1_90' title="bbox 566 4483 2143 4554; baseline 0.001 -15"><span class='ocrx_word' id='word_1_630' title='bbox 566 4488 708 4540; x_wconf 87' lang='lat' dir='ltr'><strong>inter</strong></span> <span class='ocrx_word' id='word_1_631' title='bbox 753 4483 1114 4554; x_wconf 85' lang='lat' dir='ltr'><strong>Theophilum</strong></span> <span class='ocrx_word' id='word_1_632' title='bbox 1170 4494 1225 4540; x_wconf 90' lang='lat' dir='ltr'><strong>et</strong></span> <span class='ocrx_word' id='word_1_633' title='bbox 1279 4485 1544 4540; x_wconf 88' lang='lat' dir='ltr'><strong>Joannem</strong></span> <span class='ocrx_word' id='word_1_634' title='bbox 1593 4487 1964 4553; x_wconf 84' lang='lat' dir='ltr'><strong>discordiam;</strong></span> <span class='ocrx_word' id='word_1_635' title='bbox 2029 4495 2143 4542; x_wconf 92' lang='lat' dir='ltr'><strong>tum</strong></span> 
     </span>
    </p>
   </div>
   <div class='ocr_carea' id='block_1_91' title="bbox 567 4577 2148 4650">
    <p class='ocr_par' dir='ltr' id='par_1_91' title="bbox 567 4577 2148 4650">
     <span class='ocr_line' id='line_1_91' title="bbox 567 4577 2148 4650; baseline 0.001 -16"><span class='ocrx_word' id='word_1_636' title='bbox 567 4581 781 4650; x_wconf 78' lang='lat' dir='ltr'><strong>longam</strong></span> <span class='ocrx_word' id='word_1_637' title='bbox 813 4577 880 4632; x_wconf 92' lang='lat' dir='ltr'><strong>de</strong></span> <span class='ocrx_word' id='word_1_638' title='bbox 908 4593 1042 4648; x_wconf 89' lang='lat' dir='ltr'><strong>agro</strong></span> <span class='ocrx_word' id='word_1_639' title='bbox 1065 4577 1267 4643; x_wconf 54' lang='lat' dir='ltr'><strong>viduae,</strong></span> <span class='ocrx_word' id='word_1_640' title='bbox 1295 4594 1388 4647; x_wconf 89' lang='lat' dir='ltr'><strong>per</strong></span> <span class='ocrx_word' id='word_1_641' title='bbox 1424 4578 1725 4634; x_wconf 84' lang='lat' dir='ltr'><strong>Eudoxiam</strong></span> <span class='ocrx_word' id='word_1_642' title='bbox 1759 4588 2024 4650; x_wconf 91' lang='lat' dir='ltr'><strong>usurpato</strong></span> <span class='ocrx_word' id='word_1_643' title='bbox 2051 4595 2148 4650; x_wconf 89' lang='lat' dir='ltr'><strong>per</strong></span> 
     </span>
    </p>
   </div>
   <div class='ocr_carea' id='block_1_92' title="bbox 565 4657 2143 4741">
    <p class='ocr_par' dir='ltr' id='par_1_92' title="bbox 565 4657 2143 4741">
     <span class='ocr_line' id='line_1_92' title="bbox 565 4657 2143 4741; baseline 0.001 -17"><span class='ocrx_word' id='word_1_644' title='bbox 565 4672 1017 4741; x_wconf 80' lang='lat' dir='ltr'><strong>Chrysostomum</strong></span> <span class='ocrx_word' id='word_1_645' title='bbox 1091 4657 1258 4725; x_wconf 30' lang='lat' dir='ltr'><strong>reddi.</strong></span> <span class='ocrx_word' id='word_1_646' title='bbox 1311 4671 1500 4740; x_wconf 86' lang='lat' dir='ltr'><strong>jusso,</strong></span> <span class='ocrx_word' id='word_1_647' title='bbox 1573 4672 1892 4726; x_wconf 89' lang='lat' dir='ltr'><strong>relationem</strong></span> <span class='ocrx_word' id='word_1_648' title='bbox 1970 4675 2143 4736; x_wconf 79' lang='lat' dir='ltr'><strong>texit;</strong></span> 
     </span>
    </p>
   </div>
   <div class='ocr_carea' id='block_1_93' title="bbox 565 4762 2149 4831">
    <p class='ocr_par' dir='ltr' id='par_1_93' title="bbox 565 4762 2149 4831">
     <span class='ocr_line' id='line_1_93' title="bbox 565 4762 2149 4831; baseline 0.004 -17"><span class='ocrx_word' id='word_1_649' title='bbox 565 4778 729 4831; x_wconf 80' lang='lat' dir='ltr'><strong>quam</strong></span> <span class='ocrx_word' id='word_1_650' title='bbox 757 4778 938 4818; x_wconf 86' lang='lat' dir='ltr'><strong>veram</strong></span> <span class='ocrx_word' id='word_1_651' title='bbox 977 4762 1032 4816; x_wconf 91' lang='lat' dir='ltr'><strong>in</strong></span> <span class='ocrx_word' id='word_1_652' title='bbox 1063 4762 1373 4819; x_wconf 87' lang='lat' dir='ltr'><strong>substantia</strong></span> <span class='ocrx_word' id='word_1_653' title='bbox 1403 4779 1524 4818; x_wconf 89' lang='lat' dir='ltr'><strong>esse</strong></span> <span class='ocrx_word' id='word_1_654' title='bbox 1562 4763 1812 4819; x_wconf 87' lang='lat' dir='ltr'><strong>dubitare</strong></span> <span class='ocrx_word' id='word_1_655' title='bbox 1851 4780 1962 4818; x_wconf 94' lang='lat' dir='ltr'><strong>non</strong></span> <span class='ocrx_word' id='word_1_656' title='bbox 2017 4766 2149 4820; x_wconf 91' lang='lat' dir='ltr'><strong>sinit</strong></span> 
     </span>
    </p>
   </div>
   <div class='ocr_carea' id='block_1_94' title="bbox 564 4853 2146 4926">
    <p class='ocr_par' dir='ltr' id='par_1_94' title="bbox 564 4853 2146 4926">
     <span class='ocr_line' id='line_1_94' title="bbox 564 4853 2146 4926; baseline 0.003 -17"><span class='ocrx_word' id='word_1_657' title='bbox 564 4854 781 4912; x_wconf 82' lang='lat' dir='ltr'><strong>Marcus</strong></span> <span class='ocrx_word' id='word_1_658' title='bbox 811 4854 1100 4921; x_wconf 89' lang='lat' dir='ltr'><strong>diaconus,</strong></span> <span class='ocrx_word' id='word_1_659' title='bbox 1152 4854 1208 4910; x_wconf 90' lang='lat' dir='ltr'><strong>in</strong></span> <span class='ocrx_word' id='word_1_660' title='bbox 1267 4853 1390 4910; x_wconf 83' lang='lat' dir='ltr'><strong>Vita</strong></span> <span class='ocrx_word' id='word_1_661' title='bbox 1427 4855 1490 4912; x_wconf 91' lang='lat' dir='ltr'><strong>S.</strong></span> <span class='ocrx_word' id='word_1_662' title='bbox 1543 4855 1834 4926; x_wconf 80' lang='lat' dir='ltr'><strong>Porphyrii</strong></span> <span class='ocrx_word' id='word_1_663' title='bbox 1891 4857 2146 4914; x_wconf 73' lang='lat' dir='ltr'><strong>Gazensis</strong></span> 
     </span>
    </p>
   </div>
   <div class='ocr_carea' id='block_1_95' title="bbox 561 4947 2147 5022">
    <p class='ocr_par' dir='ltr' id='par_1_95' title="bbox 561 4947 2147 5022">
     <span class='ocr_line' id='line_1_95' title="bbox 561 4947 2147 5022; baseline 0.001 -17"><span class='ocrx_word' id='word_1_664' title='bbox 561 4948 634 5005; x_wconf 75' lang='grc'><strong>26</strong></span> <span class='ocrx_word' id='word_1_665' title='bbox 663 4947 825 5004; x_wconf 88' lang='lat' dir='ltr'><strong>Febr.</strong></span> <span class='ocrx_word' id='word_1_666' title='bbox 872 4965 928 5003; x_wconf 95' lang='lat' dir='ltr'><strong>n.</strong></span> <span class='ocrx_word' id='word_1_667' title='bbox 965 4949 1054 5016; x_wconf 79' lang='grc'><strong>57,</strong></span> <span class='ocrx_word' id='word_1_668' title='bbox 1113 4949 1209 5005; x_wconf 88' lang='lat' dir='ltr'><strong>sed</strong></span> <span class='ocrx_word' id='word_1_669' title='bbox 1259 4958 1583 5020; x_wconf 69' lang='lat' dir='ltr'><strong>praetextum</strong></span> <span class='ocrx_word' id='word_1_670' title='bbox 1637 4948 1758 5020; x_wconf 90' lang='lat' dir='ltr'><strong>ejus</strong></span> <span class='ocrx_word' id='word_1_671' title='bbox 1811 4952 1925 5022; x_wconf 88' lang='lat' dir='ltr'><strong>agri</strong></span> <span class='ocrx_word' id='word_1_672' title='bbox 1982 4967 2147 5007; x_wconf 92' lang='lat' dir='ltr'><strong>usur-</strong></span> 
     </span>
    </p>
   </div>
   <div class='ocr_carea' id='block_1_96' title="bbox 567 5040 2149 5113">
    <p class='ocr_par' dir='ltr' id='par_1_96' title="bbox 567 5040 2149 5113">
     <span class='ocr_line' id='line_1_96' title="bbox 567 5040 2149 5113; baseline 0 -16"><span class='ocrx_word' id='word_1_673' title='bbox 567 5044 730 5113; x_wconf 86' lang='lat' dir='ltr'><strong>pandi</strong></span> <span class='ocrx_word' id='word_1_674' title='bbox 761 5058 882 5098; x_wconf 90' lang='lat' dir='ltr'><strong>eum</strong></span> <span class='ocrx_word' id='word_1_675' title='bbox 916 5043 1141 5098; x_wconf 89' lang='lat' dir='ltr'><strong>adducit</strong></span> <span class='ocrx_word' id='word_1_676' title='bbox 1167 5040 1443 5098; x_wconf 82' lang='lat' dir='ltr'><strong>fabulator</strong></span> <span class='ocrx_word' id='word_1_677' title='bbox 1469 5051 1677 5105; x_wconf 86' lang='lat' dir='ltr'><strong>noster,</strong></span> <span class='ocrx_word' id='word_1_678' title='bbox 1707 5042 1798 5112; x_wconf 89' lang='lat' dir='ltr'><strong>qui</strong></span> <span class='ocrx_word' id='word_1_679' title='bbox 1831 5057 1942 5100; x_wconf 90' lang='lat' dir='ltr'><strong>non</strong></span> <span class='ocrx_word' id='word_1_680' title='bbox 1971 5045 2149 5113; x_wconf 91' lang='lat' dir='ltr'><strong>possit</strong></span> 
     </span>
    </p>
   </div>
   <div class='ocr_carea' id='block_1_97' title="bbox 565 5134 2148 5206">
    <p class='ocr_par' dir='ltr' id='par_1_97' title="bbox 565 5134 2148 5206">
     <span class='ocr_line' id='line_1_97' title="bbox 565 5134 2148 5206; baseline 0.004 -20"><span class='ocrx_word' id='word_1_681' title='bbox 565 5151 675 5189; x_wconf 92' lang='lat' dir='ltr'><strong>non</strong></span> <span class='ocrx_word' id='word_1_682' title='bbox 705 5151 827 5192; x_wconf 90' lang='lat' dir='ltr'><strong>esse</strong></span> <span class='ocrx_word' id='word_1_683' title='bbox 847 5135 914 5191; x_wconf 88' lang='lat' dir='ltr'><strong>de</strong></span> <span class='ocrx_word' id='word_1_684' title='bbox 948 5135 1188 5191; x_wconf 84' lang='lat' dir='ltr'><strong>falsitate</strong></span> <span class='ocrx_word' id='word_1_685' title='bbox 1215 5143 1538 5206; x_wconf 89' lang='lat' dir='ltr'><strong>suspectus;</strong></span> <span class='ocrx_word' id='word_1_686' title='bbox 1567 5134 1713 5206; x_wconf 87' lang='lat' dir='ltr'><strong>quod</strong></span> <span class='ocrx_word' id='word_1_687' title='bbox 1740 5136 1951 5191; x_wconf 90' lang='lat' dir='ltr'><strong>scilicet</strong></span> <span class='ocrx_word' id='word_1_688' title='bbox 1977 5154 1996 5186; x_wconf 86' lang='grc'><strong><em>‹</em></strong></span> <span class='ocrx_word' id='word_1_689' title='bbox 2028 5151 2148 5192; x_wconf 90' lang='lat' dir='ltr'><strong>mos</strong></span> 
     </span>
    </p>
   </div>
   <div class='ocr_carea' id='block_1_98' title="bbox 567 5226 2145 5300">
    <p class='ocr_par' dir='ltr' id='par_1_98' title="bbox 567 5226 2145 5300">
     <span class='ocr_line' id='line_1_98' title="bbox 567 5226 2145 5300; baseline 0.003 -20"><span class='ocrx_word' id='word_1_690' title='bbox 567 5236 654 5282; x_wconf 89' lang='lat' dir='ltr'><strong>est</strong></span> <span class='ocrx_word' id='word_1_691' title='bbox 687 5226 1112 5296; x_wconf 89' lang='lat' dir='ltr'><strong>imperatoribus</strong></span> <span class='ocrx_word' id='word_1_692' title='bbox 1136 5237 1190 5283; x_wconf 92' lang='lat' dir='ltr'><strong>et</strong></span> <span class='ocrx_word' id='word_1_693' title='bbox 1215 5228 1679 5298; x_wconf 81' lang='lat' dir='ltr'><strong>imperatricibus,</strong></span> <span class='ocrx_word' id='word_1_694' title='bbox 1731 5229 1778 5284; x_wconf 90' lang='lat' dir='ltr'><strong>si</strong></span> <span class='ocrx_word' id='word_1_695' title='bbox 1819 5230 1903 5284; x_wconf 86' lang='lat' dir='ltr'><strong>vel</strong></span> <span class='ocrx_word' id='word_1_696' title='bbox 1952 5229 2145 5300; x_wconf 89' lang='lat' dir='ltr'><strong>pedem</strong></span> 
     </span>
    </p>
   </div>
   <div class='ocr_carea' id='block_1_99' title="bbox 565 5320 2150 5394">
    <p class='ocr_par' dir='ltr' id='par_1_99' title="bbox 565 5320 2150 5394">
     <span class='ocr_line' id='line_1_99' title="bbox 565 5320 2150 5394; baseline 0.003 -21"><span class='ocrx_word' id='word_1_697' title='bbox 565 5320 814 5375; x_wconf 90' lang='lat' dir='ltr'><strong>intulerit</strong></span> <span class='ocrx_word' id='word_1_698' title='bbox 844 5321 897 5376; x_wconf 89' lang='lat' dir='ltr'><strong>in</strong></span> <span class='ocrx_word' id='word_1_699' title='bbox 928 5328 1131 5376; x_wconf 88' lang='lat' dir='ltr'><strong>terram</strong></span> <span class='ocrx_word' id='word_1_700' title='bbox 1164 5320 1419 5389; x_wconf 89' lang='lat' dir='ltr'><strong>alienam,</strong></span> <span class='ocrx_word' id='word_1_701' title='bbox 1457 5331 1510 5377; x_wconf 92' lang='lat' dir='ltr'><strong>et</strong></span> <span class='ocrx_word' id='word_1_702' title='bbox 1543 5323 1589 5378; x_wconf 93' lang='lat' dir='ltr'><strong>si</strong></span> <span class='ocrx_word' id='word_1_703' title='bbox 1635 5323 1876 5379; x_wconf 89' lang='lat' dir='ltr'><strong>fructum</strong></span> <span class='ocrx_word' id='word_1_704' title='bbox 1921 5337 2150 5394; x_wconf 86' lang='lat' dir='ltr'><strong>accepe-</strong></span> 
     </span>
    </p>
   </div>
   <div class='ocr_carea' id='block_1_100' title="bbox 567 5412 2150 5483">
    <p class='ocr_par' dir='ltr' id='par_1_100' title="bbox 567 5412 2150 5483">
     <span class='ocr_line' id='line_1_100' title="bbox 567 5412 2150 5483; baseline 0.004 -20"><span class='ocrx_word' id='word_1_705' title='bbox 567 5412 642 5464; x_wconf 87' lang='lat' dir='ltr'><strong>rit</strong></span> <span class='ocrx_word' id='word_1_706' title='bbox 667 5427 732 5466; x_wconf 82' lang='lat' dir='ltr'><strong>ex</strong></span> <span class='ocrx_word' id='word_1_707' title='bbox 751 5413 937 5482; x_wconf 89' lang='lat' dir='ltr'><strong>aliquo</strong></span> <span class='ocrx_word' id='word_1_708' title='bbox 963 5427 1157 5468; x_wconf 89' lang='lat' dir='ltr'><strong>eorum</strong></span> <span class='ocrx_word' id='word_1_709' title='bbox 1187 5428 1311 5483; x_wconf 59' lang='lat' dir='ltr'><strong>quae</strong></span> <span class='ocrx_word' id='word_1_710' title='bbox 1337 5413 1572 5469; x_wconf 91' lang='lat' dir='ltr'><strong>fructum</strong></span> <span class='ocrx_word' id='word_1_711' title='bbox 1612 5415 1815 5477; x_wconf 88' lang='lat' dir='ltr'><strong>ferunt,</strong></span> <span class='ocrx_word' id='word_1_712' title='bbox 1863 5424 1924 5470; x_wconf 90' lang='lat' dir='ltr'><strong>ut</strong></span> <span class='ocrx_word' id='word_1_713' title='bbox 1962 5415 2150 5470; x_wconf 89' lang='lat' dir='ltr'><strong>nullus</strong></span> 
     </span>
    </p>
   </div>
   <div class='ocr_carea' id='block_1_101' title="bbox 565 5504 2144 5580">
    <p class='ocr_par' dir='ltr' id='par_1_101' title="bbox 565 5504 2144 5580">
     <span class='ocr_line' id='line_1_101' title="bbox 565 5504 2144 5580; baseline 0.002 -23"><span class='ocrx_word' id='word_1_714' title='bbox 565 5505 706 5559; x_wconf 88' lang='lat' dir='ltr'><strong>alius</strong></span> <span class='ocrx_word' id='word_1_715' title='bbox 753 5504 807 5558; x_wconf 91' lang='lat' dir='ltr'><strong>in</strong></span> <span class='ocrx_word' id='word_1_716' title='bbox 853 5522 915 5560; x_wconf 87' lang='lat' dir='ltr'><strong>ea</strong></span> <span class='ocrx_word' id='word_1_717' title='bbox 973 5515 1300 5576; x_wconf 90' lang='lat' dir='ltr'><strong>potestatem</strong></span> <span class='ocrx_word' id='word_1_718' title='bbox 1353 5506 1548 5580; x_wconf 75' lang='lat' dir='ltr'><strong>habeat</strong></span> <span class='ocrx_word' id='word_1_719' title='bbox 1607 5507 1711 5562; x_wconf 85' lang='lat' dir='ltr'><strong>nisi</strong></span> <span class='ocrx_word' id='word_1_720' title='bbox 1772 5510 2088 5578; x_wconf 90' lang='lat' dir='ltr'><strong>imperator.</strong></span> <span class='ocrx_word' id='word_1_721' title='bbox 2125 5527 2144 5560; x_wconf 75' lang='grc' dir='ltr'><strong><em>ι</em></strong></span> 
     </span>
    </p>
   </div>
   <div class='ocr_carea' id='block_1_102' title="bbox 565 5597 2148 5670">
    <p class='ocr_par' dir='ltr' id='par_1_102' title="bbox 565 5597 2148 5670">
     <span class='ocr_line' id='line_1_102' title="bbox 565 5597 2148 5670; baseline 0.001 -19"><span class='ocrx_word' id='word_1_722' title='bbox 565 5597 758 5670; x_wconf 82' lang='lat' dir='ltr'><strong>Itaque</strong></span> <span class='ocrx_word' id='word_1_723' title='bbox 789 5599 994 5655; x_wconf 82' lang='lat' dir='ltr'><strong>factum</strong></span> <span class='ocrx_word' id='word_1_724' title='bbox 1032 5602 1128 5666; x_wconf 87' lang='lat' dir='ltr'><strong>ait,</strong></span> <span class='ocrx_word' id='word_1_725' title='bbox 1160 5611 1219 5654; x_wconf 89' lang='lat' dir='ltr'><strong>ut</strong></span> <span class='ocrx_word' id='word_1_726' title='bbox 1252 5614 1376 5653; x_wconf 89' lang='lat' dir='ltr'><strong>eum</strong></span> <span class='ocrx_word' id='word_1_727' title='bbox 1417 5614 1546 5652; x_wconf 87' lang='lat' dir='ltr'><strong>casu</strong></span> <span class='ocrx_word' id='word_1_728' title='bbox 1605 5600 1731 5654; x_wconf 89' lang='lat' dir='ltr'><strong>illue</strong></span> <span class='ocrx_word' id='word_1_729' title='bbox 1771 5599 2018 5668; x_wconf 79' lang='lat' dir='ltr'><strong>ingressa</strong></span> <span class='ocrx_word' id='word_1_730' title='bbox 2046 5600 2148 5652; x_wconf 87' lang='lat' dir='ltr'><strong>im-</strong></span> 
     </span>
    </p>
   </div>
   <div class='ocr_carea' id='block_1_103' title="bbox 569 5693 2149 5763">
    <p class='ocr_par' dir='ltr' id='par_1_103' title="bbox 569 5693 2149 5763">
     <span class='ocr_line' id='line_1_103' title="bbox 569 5693 2149 5763; baseline 0 -15"><span class='ocrx_word' id='word_1_731' title='bbox 569 5695 804 5759; x_wconf 70' lang='lat' dir='ltr'><strong>peratrix</strong></span> <span class='ocrx_word' id='word_1_732' title='bbox 839 5696 1050 5752; x_wconf 69' lang='lat' dir='ltr'><strong>butt-um</strong></span> <span class='ocrx_word' id='word_1_733' title='bbox 1080 5696 1181 5750; x_wconf 75' lang='lat' dir='ltr'><strong>sibi</strong></span> <span class='ocrx_word' id='word_1_734' title='bbox 1209 5693 1560 5756; x_wconf 78' lang='lat' dir='ltr'><strong>resecnissct,</strong></span> <span class='ocrx_word' id='word_1_735' title='bbox 1584 5693 1686 5748; x_wconf 88' lang='lat' dir='ltr'><strong>hoc</strong></span> <span class='ocrx_word' id='word_1_736' title='bbox 1713 5695 1832 5763; x_wconf 82' lang='lat' dir='ltr'><strong>ipso</strong></span> <span class='ocrx_word' id='word_1_737' title='bbox 1861 5694 1977 5760; x_wconf 79' lang='lat' dir='ltr'><strong>cogi</strong></span> <span class='ocrx_word' id='word_1_738' title='bbox 2009 5693 2149 5748; x_wconf 84' lang='lat' dir='ltr'><strong>vide-</strong></span> 
     </span>
    </p>
   </div>
   <div class='ocr_carea' id='block_1_104' title="bbox 2249 4483 3828 4551">
    <p class='ocr_par' dir='ltr' id='par_1_104' title="bbox 2249 4483 3828 4551">
     <span class='ocr_line' id='line_1_104' title="bbox 2249 4483 3828 4551; baseline -0.009 -3"><span class='ocrx_word' id='word_1_739' title='bbox 2249 4491 2483 4548; x_wconf 90' lang='lat' dir='ltr'><strong>ecclesia</strong></span> <span class='ocrx_word' id='word_1_740' title='bbox 2514 4489 2682 4544; x_wconf 88' lang='lat' dir='ltr'><strong>verba</strong></span> <span class='ocrx_word' id='word_1_741' title='bbox 2723 4487 2953 4551; x_wconf 88' lang='lat' dir='ltr'><strong>faciens,</strong></span> <span class='ocrx_word' id='word_1_742' title='bbox 3001 4500 3352 4542; x_wconf 92' lang='lat' dir='ltr'><strong>communem</strong></span> <span class='ocrx_word' id='word_1_743' title='bbox 3403 4483 3674 4540; x_wconf 89' lang='lat' dir='ltr'><strong>adversus</strong></span> <span class='ocrx_word' id='word_1_744' title='bbox 3713 4500 3828 4537; x_wconf 86' lang='lat' dir='ltr'><strong>nm-</strong></span> 
     </span>
    </p>
   </div>
   <div class='ocr_carea' id='block_1_105' title="bbox 2250 4579 3831 4655">
    <p class='ocr_par' dir='ltr' id='par_1_105' title="bbox 2250 4579 3831 4655">
     <span class='ocr_line' id='line_1_105' title="bbox 2250 4579 3831 4655; baseline -0.009 -14"><span class='ocrx_word' id='word_1_745' title='bbox 2250 4587 2428 4643; x_wconf 79' lang='lat' dir='ltr'><strong>lieres</strong></span> <span class='ocrx_word' id='word_1_746' title='bbox 2457 4587 2940 4655; x_wconf 21' lang='lat' dir='ltr'><strong>vituperationem,</strong></span> <span class='ocrx_word' id='word_1_747' title='bbox 2970 4580 3228 4644; x_wconf 89' lang='lat' dir='ltr'><strong>instituit,</strong></span> <span class='ocrx_word' id='word_1_748' title='bbox 3272 4593 3440 4649; x_wconf 89' lang='lat' dir='ltr'><strong>quam</strong></span> <span class='ocrx_word' id='word_1_749' title='bbox 3482 4579 3722 4648; x_wconf 87' lang='lat' dir='ltr'><strong>pepulus</strong></span> <span class='ocrx_word' id='word_1_750' title='bbox 3766 4581 3831 4631; x_wconf 86' lang='lat' dir='ltr'><strong>ita</strong></span> 
     </span>
    </p>
   </div>
   <div class='ocr_carea' id='block_1_106' title="bbox 2250 4671 3833 4749">
    <p class='ocr_par' dir='ltr' id='par_1_106' title="bbox 2250 4671 3833 4749">
     <span class='ocr_line' id='line_1_106' title="bbox 2250 4671 3833 4749; baseline -0.006 -15"><span class='ocrx_word' id='word_1_751' title='bbox 2250 4679 2480 4748; x_wconf 91' lang='lat' dir='ltr'><strong>accepit,</strong></span> <span class='ocrx_word' id='word_1_752' title='bbox 2529 4677 2687 4749; x_wconf 89' lang='lat' dir='ltr'><strong>quasi</strong></span> <span class='ocrx_word' id='word_1_753' title='bbox 2731 4675 2996 4730; x_wconf 88' lang='lat' dir='ltr'><strong>adversus</strong></span> <span class='ocrx_word' id='word_1_754' title='bbox 3042 4671 3392 4743; x_wconf 87' lang='lat' dir='ltr'><strong>imperatoris</strong></span> <span class='ocrx_word' id='word_1_755' title='bbox 3448 4671 3742 4742; x_wconf 85' lang='lat' dir='ltr'><strong>conjugem</strong></span> <span class='ocrx_word' id='word_1_756' title='bbox 3777 4673 3833 4724; x_wconf 81' lang='lat' dir='ltr'><strong>li-</strong></span> 
     </span>
    </p>
   </div>
   <div class='ocr_carea' id='block_1_107' title="bbox 2251 4765 3834 4846">
    <p class='ocr_par' dir='ltr' id='par_1_107' title="bbox 2251 4765 3834 4846">
     <span class='ocr_line' id='line_1_107' title="bbox 2251 4765 3834 4846; baseline -0.004 -18"><span class='ocrx_word' id='word_1_757' title='bbox 2251 4782 2444 4846; x_wconf 90' lang='lat' dir='ltr'><strong>gurate</strong></span> <span class='ocrx_word' id='word_1_758' title='bbox 2471 4770 2772 4841; x_wconf 89' lang='lat' dir='ltr'><strong>composita</strong></span> <span class='ocrx_word' id='word_1_759' title='bbox 2805 4767 3020 4832; x_wconf 87' lang='lat' dir='ltr'><strong>fuisset,</strong></span> <span class='ocrx_word' id='word_1_760' title='bbox 3060 4785 3078 4812; x_wconf 78' lang='grc' dir='ltr'><strong>ι</strong></span> <span class='ocrx_word' id='word_1_761' title='bbox 3120 4767 3197 4821; x_wconf 90' lang='lat' dir='ltr'><strong>uti</strong></span> <span class='ocrx_word' id='word_1_762' title='bbox 3231 4766 3426 4821; x_wconf 92' lang='lat' dir='ltr'><strong>scribit</strong></span> <span class='ocrx_word' id='word_1_763' title='bbox 3469 4765 3834 4829; x_wconf 87' lang='lat' dir='ltr'><strong>Sozomcnus,</strong></span> 
     </span>
    </p>
   </div>
   <div class='ocr_carea' id='block_1_108' title="bbox 2253 4858 3833 4928">
    <p class='ocr_par' dir='ltr' id='par_1_108' title="bbox 2253 4858 3833 4928">
     <span class='ocr_line' id='line_1_108' title="bbox 2253 4858 3833 4928; baseline -0.006 -7"><span class='ocrx_word' id='word_1_764' title='bbox 2253 4867 2307 4922; x_wconf 91' lang='lat' dir='ltr'><strong>in</strong></span> <span class='ocrx_word' id='word_1_765' title='bbox 2343 4867 2448 4922; x_wconf 90' lang='lat' dir='ltr'><strong>hoc</strong></span> <span class='ocrx_word' id='word_1_766' title='bbox 2468 4864 2773 4921; x_wconf 89' lang='lat' dir='ltr'><strong>conformis</strong></span> <span class='ocrx_word' id='word_1_767' title='bbox 2794 4861 3033 4919; x_wconf 85' lang='lat' dir='ltr'><strong>Socrati.</strong></span> <span class='ocrx_word' id='word_1_768' title='bbox 3060 4859 3201 4916; x_wconf 85' lang='lat' dir='ltr'><strong>Tum</strong></span> <span class='ocrx_word' id='word_1_769' title='bbox 3231 4859 3447 4914; x_wconf 91' lang='lat' dir='ltr'><strong>scilicet</strong></span> <span class='ocrx_word' id='word_1_770' title='bbox 3474 4858 3833 4928; x_wconf 79' lang='lat' dir='ltr'><strong>Theophilus,</strong></span> 
     </span>
    </p>
   </div>
   <div class='ocr_carea' id='block_1_109' title="bbox 2251 4951 3836 5028">
    <p class='ocr_par' dir='ltr' id='par_1_109' title="bbox 2251 4951 3836 5028">
     <span class='ocr_line' id='line_1_109' title="bbox 2251 4951 3836 5028; baseline -0.006 -15"><span class='ocrx_word' id='word_1_771' title='bbox 2251 4959 2343 5028; x_wconf 91' lang='lat' dir='ltr'><strong>qui</strong></span> <span class='ocrx_word' id='word_1_772' title='bbox 2384 4959 2534 5015; x_wconf 90' lang='lat' dir='ltr'><strong>solus</strong></span> <span class='ocrx_word' id='word_1_773' title='bbox 2575 4955 2755 5012; x_wconf 87' lang='lat' dir='ltr'><strong>fuerat</strong></span> <span class='ocrx_word' id='word_1_774' title='bbox 2800 4964 3030 5010; x_wconf 89' lang='lat' dir='ltr'><strong>vocatus</strong></span> <span class='ocrx_word' id='word_1_775' title='bbox 3065 4952 3120 5008; x_wconf 93' lang='lat' dir='ltr'><strong>in</strong></span> <span class='ocrx_word' id='word_1_776' title='bbox 3165 4951 3381 5017; x_wconf 91' lang='lat' dir='ltr'><strong>urbem,</strong></span> <span class='ocrx_word' id='word_1_777' title='bbox 3433 4951 3771 5021; x_wconf 73' lang='lat' dir='ltr'><strong>iudicandus</strong></span> <span class='ocrx_word' id='word_1_778' title='bbox 3809 4967 3836 5003; x_wconf 84' lang='lat' dir='ltr'><strong>a</strong></span> 
     </span>
    </p>
   </div>
   <div class='ocr_carea' id='block_1_110' title="bbox 2252 5042 3836 5116">
    <p class='ocr_par' dir='ltr' id='par_1_110' title="bbox 2252 5042 3836 5116">
     <span class='ocr_line' id='line_1_110' title="bbox 2252 5042 3836 5116; baseline -0.007 -9"><span class='ocrx_word' id='word_1_779' title='bbox 2252 5051 2463 5107; x_wconf 89' lang='lat' dir='ltr'><strong>Joanne</strong></span> <span class='ocrx_word' id='word_1_780' title='bbox 2492 5050 2545 5104; x_wconf 89' lang='lat' dir='ltr'><strong>in</strong></span> <span class='ocrx_word' id='word_1_781' title='bbox 2573 5065 2740 5105; x_wconf 89' lang='lat' dir='ltr'><strong>causa</strong></span> <span class='ocrx_word' id='word_1_782' title='bbox 2789 5046 3214 5110; x_wconf 88' lang='lat' dir='ltr'><strong>monachorum,</strong></span> <span class='ocrx_word' id='word_1_783' title='bbox 3264 5044 3554 5116; x_wconf 86' lang='lat' dir='ltr'><strong>agentibus</strong></span> <span class='ocrx_word' id='word_1_784' title='bbox 3600 5042 3836 5097; x_wconf 86' lang='lat' dir='ltr'><strong>Joannis</strong></span> 
     </span>
    </p>
   </div>
   <div class='ocr_carea' id='block_1_111' title="bbox 2251 5135 3836 5210">
    <p class='ocr_par' dir='ltr' id='par_1_111' title="bbox 2251 5135 3836 5210">
     <span class='ocr_line' id='line_1_111' title="bbox 2251 5135 3836 5210; baseline -0.007 -12"><span class='ocrx_word' id='word_1_785' title='bbox 2251 5142 2466 5198; x_wconf 72' lang='lat' dir='ltr'><strong>aemulis</strong></span> <span class='ocrx_word' id='word_1_786' title='bbox 2497 5150 2550 5196; x_wconf 92' lang='lat' dir='ltr'><strong>et</strong></span> <span class='ocrx_word' id='word_1_787' title='bbox 2599 5141 2864 5198; x_wconf 88' lang='lat' dir='ltr'><strong>suadente</strong></span> <span class='ocrx_word' id='word_1_788' title='bbox 2916 5137 3284 5210; x_wconf 89' lang='lat' dir='ltr'><strong>imperatrice,</strong></span> <span class='ocrx_word' id='word_1_789' title='bbox 3343 5145 3510 5206; x_wconf 87' lang='lat' dir='ltr'><strong>atque</strong></span> <span class='ocrx_word' id='word_1_790' title='bbox 3560 5135 3836 5206; x_wconf 86' lang='lat' dir='ltr'><strong>synodum</strong></span> 
     </span>
    </p>
   </div>
   <div class='ocr_carea' id='block_1_112' title="bbox 2253 5229 3836 5301">
    <p class='ocr_par' dir='ltr' id='par_1_112' title="bbox 2253 5229 3836 5301">
     <span class='ocr_line' id='line_1_112' title="bbox 2253 5229 3836 5301; baseline -0.008 -8"><span class='ocrx_word' id='word_1_791' title='bbox 2253 5245 2444 5293; x_wconf 88' lang='lat' dir='ltr'><strong>contra</strong></span> <span class='ocrx_word' id='word_1_792' title='bbox 2472 5249 2592 5290; x_wconf 86' lang='lat' dir='ltr'><strong>eam</strong></span> <span class='ocrx_word' id='word_1_793' title='bbox 2626 5232 3040 5289; x_wconf 87' lang='lat' dir='ltr'><strong>convocandam</strong></span> <span class='ocrx_word' id='word_1_794' title='bbox 3077 5237 3359 5301; x_wconf 91' lang='lat' dir='ltr'><strong>poscente,</strong></span> <span class='ocrx_word' id='word_1_795' title='bbox 3407 5229 3717 5299; x_wconf 75' lang='lat' dir='ltr'><strong>permissus</strong></span> <span class='ocrx_word' id='word_1_796' title='bbox 3760 5236 3836 5280; x_wconf 82' lang='lat' dir='ltr'><strong>est</strong></span> 
     </span>
    </p>
   </div>
   <div class='ocr_carea' id='block_1_113' title="bbox 2255 5321 3832 5399">
    <p class='ocr_par' dir='ltr' id='par_1_113' title="bbox 2255 5321 3832 5399">
     <span class='ocr_line' id='line_1_113' title="bbox 2255 5321 3832 5399; baseline -0.008 -15"><span class='ocrx_word' id='word_1_797' title='bbox 2255 5328 2542 5399; x_wconf 59' lang='lat' dir='ltr'><strong>[Egyptios</strong></span> <span class='ocrx_word' id='word_1_798' title='bbox 2575 5328 2864 5398; x_wconf 89' lang='lat' dir='ltr'><strong>episcopos</strong></span> <span class='ocrx_word' id='word_1_799' title='bbox 2895 5340 3081 5381; x_wconf 90' lang='lat' dir='ltr'><strong>secum</strong></span> <span class='ocrx_word' id='word_1_800' title='bbox 3114 5323 3317 5378; x_wconf 90' lang='lat' dir='ltr'><strong>ducere</strong></span> <span class='ocrx_word' id='word_1_801' title='bbox 3353 5339 3366 5373; x_wconf 88' lang='lat'><strong>:</strong></span> <span class='ocrx_word' id='word_1_802' title='bbox 3402 5321 3495 5391; x_wconf 92' lang='lat' dir='ltr'><strong>qui</strong></span> <span class='ocrx_word' id='word_1_803' title='bbox 3531 5321 3584 5374; x_wconf 91' lang='lat' dir='ltr'><strong>in</strong></span> <span class='ocrx_word' id='word_1_804' title='bbox 3628 5321 3832 5375; x_wconf 87' lang='lat' dir='ltr'><strong>subur-</strong></span> 
     </span>
    </p>
   </div>
   <div class='ocr_carea' id='block_1_114' title="bbox 2253 5409 3839 5483">
    <p class='ocr_par' dir='ltr' id='par_1_114' title="bbox 2253 5409 3839 5483">
     <span class='ocr_line' id='line_1_114' title="bbox 2253 5409 3839 5483; baseline -0.01 -8"><span class='ocrx_word' id='word_1_805' title='bbox 2253 5420 2343 5475; x_wconf 88' lang='lat' dir='ltr'><strong>bio</strong></span> <span class='ocrx_word' id='word_1_806' title='bbox 2376 5418 2738 5473; x_wconf 89' lang='lat' dir='ltr'><strong>Chalcedonis</strong></span> <span class='ocrx_word' id='word_1_807' title='bbox 2769 5417 2834 5472; x_wconf 90' lang='lat' dir='ltr'><strong>ad</strong></span> <span class='ocrx_word' id='word_1_808' title='bbox 2885 5415 3160 5482; x_wconf 88' lang='lat' dir='ltr'><strong>Qucrcum</strong></span> <span class='ocrx_word' id='word_1_809' title='bbox 3199 5411 3515 5483; x_wconf 84' lang='lat' dir='ltr'><strong>congregati</strong></span> <span class='ocrx_word' id='word_1_810' title='bbox 3567 5409 3839 5464; x_wconf 89' lang='lat' dir='ltr'><strong>Joannem</strong></span> 
     </span>
    </p>
   </div>
   <div class='ocr_carea' id='block_1_115' title="bbox 2252 5504 3839 5591">
    <p class='ocr_par' dir='ltr' id='par_1_115' title="bbox 2252 5504 3839 5591">
     <span class='ocr_line' id='line_1_115' title="bbox 2252 5504 3839 5591; baseline -0.009 -24"><span class='ocrx_word' id='word_1_811' title='bbox 2252 5510 2558 5582; x_wconf 81' lang='lat' dir='ltr'><strong>depositura</strong></span> <span class='ocrx_word' id='word_1_812' title='bbox 2603 5511 2988 5591; x_wconf 75' lang='lat' dir='ltr'><strong>declararunt;</strong></span> <span class='ocrx_word' id='word_1_813' title='bbox 3035 5507 3128 5563; x_wconf 87' lang='lat' dir='ltr'><strong>sed</strong></span> <span class='ocrx_word' id='word_1_814' title='bbox 3180 5505 3405 5566; x_wconf 87' lang='lat' dir='ltr'><strong>frustra,</strong></span> <span class='ocrx_word' id='word_1_815' title='bbox 3452 5504 3655 5574; x_wconf 89' lang='lat' dir='ltr'><strong>populo</strong></span> <span class='ocrx_word' id='word_1_816' title='bbox 3710 5517 3839 5557; x_wconf 79' lang='lat' dir='ltr'><strong>eum</strong></span> 
     </span>
    </p>
   </div>
   <div class='ocr_carea' id='block_1_116' title="bbox 2257 5599 3841 5666">
    <p class='ocr_par' dir='ltr' id='par_1_116' title="bbox 2257 5599 3841 5666">
     <span class='ocr_line' id='line_1_116' title="bbox 2257 5599 3841 5666; baseline -0.008 -7"><span class='ocrx_word' id='word_1_817' title='bbox 2257 5607 2339 5660; x_wconf 77' lang='lat' dir='ltr'><strong>vel</strong></span> <span class='ocrx_word' id='word_1_818' title='bbox 2373 5604 2604 5658; x_wconf 82' lang='lat' dir='ltr'><strong>invitum</strong></span> <span class='ocrx_word' id='word_1_819' title='bbox 2631 5603 2972 5658; x_wconf 88' lang='lat' dir='ltr'><strong>restituente.</strong></span> <span class='ocrx_word' id='word_1_820' title='bbox 3010 5599 3148 5654; x_wconf 90' lang='lat' dir='ltr'><strong>Cum</strong></span> <span class='ocrx_word' id='word_1_821' title='bbox 3191 5607 3369 5652; x_wconf 88' lang='lat' dir='ltr'><strong>autem</strong></span> <span class='ocrx_word' id='word_1_822' title='bbox 3417 5607 3638 5666; x_wconf 81' lang='lat' dir='ltr'><strong>propter</strong></span> <span class='ocrx_word' id='word_1_823' title='bbox 3679 5614 3700 5646; x_wconf 84' lang='grc'><em>‹</em></span> <span class='ocrx_word' id='word_1_824' title='bbox 3756 5611 3841 5647; x_wconf 84' lang='lat' dir='ltr'><strong>ar-</strong></span> 
     </span>
    </p>
   </div>
   <div class='ocr_carea' id='block_1_117' title="bbox 2260 5687 3844 5758">
    <p class='ocr_par' dir='ltr' id='par_1_117' title="bbox 2260 5687 3844 5758">
     <span class='ocr_line' id='line_1_117' title="bbox 2260 5687 3844 5758; baseline -0.004 -9"><span class='ocrx_word' id='word_1_825' title='bbox 2260 5705 2506 5758; x_wconf 62' lang='lat' dir='ltr'><strong>genteam</strong></span> <span class='ocrx_word' id='word_1_826' title='bbox 2538 5703 2774 5750; x_wconf 86' lang='lat' dir='ltr'><strong>statuam</strong></span> <span class='ocrx_word' id='word_1_827' title='bbox 2818 5713 2835 5746; x_wconf 75' lang='grc' dir='ltr'><strong><em>ι</em></strong></span> <span class='ocrx_word' id='word_1_828' title='bbox 2876 5693 3055 5747; x_wconf 87' lang='lat' dir='ltr'><strong>denuo</strong></span> <span class='ocrx_word' id='word_1_829' title='bbox 3084 5704 3310 5744; x_wconf 77' lang='lat' dir='ltr'><strong>accensa</strong></span> <span class='ocrx_word' id='word_1_830' title='bbox 3351 5697 3493 5744; x_wconf 72' lang='lat' dir='ltr'><strong>esset</strong></span> <span class='ocrx_word' id='word_1_831' title='bbox 3529 5687 3844 5757; x_wconf 72' lang='lat' dir='ltr'><strong>indignatio</strong></span> 
     </span>
    </p>
   </div>
  </div>
