3870 6068
208 191 303 247 HO

1222 196 1280 250 S.
1326 196 1661 251 EPIPHANII
1703 193 1883 249 ACTA
1924 191 2424 247 BOLLANDIANA.

3271 206 3276 211 '
3338 183 3445 242 150

203 311 602 376 imperatrlcis,
662 311 718 366 in
761 308 927 368 altera
984 322 1173 381 postea
1228 318 1441 388 synodo
1490 319 1773 374 decretum
1807 321 1852 376 Δ
1886 313 2132 378 Petavio,
2168 313 2607 384 ψευδεπίγραφον
2640 308 2882 376 credere,
2918 327 2935 359 ι
2978 317 3197 378 propter
3225 322 3445 362 sexcen-

201 401 371 458 saneti
429 402 698 457 exsilium
746 412 864 469 est,
918 419 986 459 eo
1046 407 1222 461 solum
1278 418 1560 479 praetextu,
1628 409 1774 478 quod

200 493 492 547 damnatus
522 492 579 545 in
602 492 834 563 synodo,
853 494 1060 564 absque
1086 498 1480 553 numerosioris
1501 512 1664 569 quam
1689 498 1775 553 illa

201 584 264 636 ad
315 580 597 649 Quereum
644 582 822 639 fuerat
853 586 1043 657 synodi
1086 589 1373 655 sententia,
1404 591 1588 646 sedem
1619 603 1775 645 suam

206 673 520 743 recepisset.

266 764 358 819 56.
393 763 479 819 Ad
510 774 821 821 extremum
847 767 902 822 in
934 766 1108 835 Actis,
1149 777 1304 827 tanto
1328 771 1453 842 jure
1478 770 1778 841 reproban-

204 860 303 925 dis,
329 859 538 916 dicitur
592 860 932 932 Epiphanius
984 863 1304 919 adhortatus
1349 862 1404 917 in
1447 862 1571 917 navi
1622 876 1791 926 suos,

206 952 424 1008 sedasse
473 954 733 1023 precibus
784 962 1163 1023 tempestatem
1224 953 1557 1020 triduanam,
1614 961 1779 1022 atque

205 1043 542 1113 exspirasse.
573 1043 745 1114 Cuius
776 1044 1047 1100 demortui
1082 1043 1785 1115 corpus,circumcisumne

204 1143 362 1195 esset,
391 1134 688 1202 explorare
713 1134 903 1190 volens
949 1136 1278 1199 navarchus,
1313 1133 1422 1187 ictu
1495 1130 1647 1202 pedis
1690 1146 1776 1185 re-

206 1233 280 1277 tro
311 1233 476 1278 actus
502 1224 919 1295 exstinctusque
968 1226 1037 1281 ad
1077 1225 1296 1281 eosdem
1346 1223 1512 1294 pedes
1566 1222 1778 1292 positus

206 1316 481 1370 revixerit.
529 1315 776 1386 Cumque
822 1316 1197 1372 Constantiam
1257 1316 1559 1386 appulisset
1600 1313 1776 1379 navis,

207 1407 441 1460 tenebras
473 1405 697 1476 quidem
745 1407 841 1461 toti
888 1406 1236 1461 incubuerint
1278 1405 1521 1471 civitati;
1553 1415 1663 1458 tres
1695 1414 1778 1457 ta-

205 1511 323 1550 men
380 1495 517 1551 ezci
576 1496 791 1551 obviam
848 1496 1146 1566 progressi,
1206 1509 1336 1551 cum
1382 1495 1609 1565 reliquis
1656 1506 1779 1548 sese

206 1602 364 1641 manu
399 1588 747 1653 tenentibus.
772 1587 952 1643 visum
982 1587 1322 1657 receperint;
1360 1600 1560 1655 corpus
1594 1593 1773 1636 autem

205 1678 484 1733 conditum
525 1679 686 1734 melle
718 1648 1016 1749 prostiterit
1046 1648 1364 1735 iii-ecclesia
1396 1648 1591 1732 diebus
1634 1675 1779 1728 tnul-
1810 1648 1851 1703 Β

208 1770 292 1829 tis,
322 1786 391 1822 eo
424 1770 574 1838 quod
602 1768 885 1841 Longinus
914 1781 967 1825 et
986 1768 1278 1826 Petronius
1320 1768 1559 1832 diaconi,
1584 1764 1778 1822 haaresi

210 1858 591 1914 Valentiniana
637 1858 773 1914 clam
822 1857 1029 1925 infecti,
1063 1856 1219 1913 nefas
1248 1871 1371 1912 esse
1416 1855 1660 1910 dicerent
1699 1858 1781 1910 in-

208 1959 282 2002 tra
308 1948 589 2023 civitatem
642 1947 695 2001 in
747 1947 977 2003 ecclesia
1035 1947 1249 2018 sepeliri
1300 1956 1607 2011 mortuum;
1649 1944 1779 2015 quia

207 2047 382 2092 autem
417 2037 655 2107 sepelire
680 2053 807 2094 eum
843 2038 1204 2095 nihilominus
1234 2038 1544 2094 volentibus
1597 2037 1673 2091 illi
1721 2051 1781 2092 se

208 2128 576 2196 apponebant,
606 2128 674 2182 ad
714 2129 1007 2183 venerandi
1035 2127 1251 2183 diaconi
1286 2127 1497 2193 Sabini,
1542 2126 1780 2196 Epipha-

209 2217 352 2271 nium
390 2216 726 2282 innocentis,
750 2232 974 2287 preces;
1016 2216 1296 2289 Longinus
1327 2217 1546 2288 quidem
1581 2217 1770 2272 conci-

206 2304 343 2358 derit
377 2304 499 2374 ipso
552 2304 678 2359 loco
730 2317 1000 2373 mortuus,
1058 2306 1344 2363 Petronius
1389 2322 1539 2371 vero,
1596 2306 1773 2363 elatus

207 2393 330 2449 inde
364 2394 700 2466 paralyticus
721 2410 785 2450 ac
809 2405 1016 2464 mutus,
1038 2406 1236 2467 quarto
1267 2397 1355 2452 die
1382 2397 1601 2451 obierit.
1634 2395 1775 2451 Tum

204 2500 332 2539 vero
392 2485 597 2540 missos
645 2484 1175 2557 Constantinopolim
1241 2487 1448 2557 legatos
1503 2501 1620 2549 sex,
1678 2486 1772 2555 qui

204 2576 420 2631 Arcadii
464 2576 813 2646 imperatoris
868 2577 1202 2633 voluntatem
1244 2579 1633 2648 exquirerent;
1688 2577 1779 2633 hic

206 2690 331 2729 vero
373 2689 472 2729 eos
527 2674 843 2740 detinuerit,
884 2674 1059 2729 donec
1098 2689 1283 2735 suum,
1340 2684 1398 2729 ut
1446 2672 1775 2743 appellabat,

204 2775 408 2836 patrem
446 2764 682 2820 lusisset
722 2764 921 2821 diebus
950 2765 1344 2837 quadraginta;
1379 2765 1556 2833 iisque
1586 2761 1774 2833 exple-

205 2856 270 2911 tis
300 2855 524 2910 eosdem
559 2854 831 2910 remiserit
860 2871 986 2910 cum
1020 2855 1256 2923 quodam
1293 2854 1552 2917 Maximo,
1600 2854 1771 2909 mole-

204 2951 346 2997 stum
372 2941 480 2996 sibi
515 2940 817 2995 daemonem
852 2939 1288 2995 circumferente.
1311 2938 1394 2994 Ab
1426 2939 1528 2994 hoc
1560 2947 1766 3004 autem,

200 3041 324 3086 ante
352 3045 577 3087 sacrum
619 3045 818 3100 corpus
866 3039 1142 3101 prostrato
1193 3045 1258 3085 ac
1295 3029 1544 3094 liberato,
1581 3029 1772 3083 lectam

204 3122 540 3193 imperialem
567 3122 877 3192 epistolam,
903 3137 1064 3177 versu
1098 3123 1338 3178 secundo
1364 3122 1445 3177 sic
1489 3123 1777 3180 continen-

204 3223 337 3267 tem:
368 3233 386 3265 ι
420 3211 559 3265 Eum
584 3213 677 3282 qui
706 3212 839 3267 vixit
864 3228 1029 3282 supra
1060 3222 1277 3268 nostras
1315 3214 1481 3284 leges,
1513 3215 1772 3272 nolumus

206 3305 385 3374 jacere
448 3304 837 3359 convenienter
895 3305 1098 3360 nostris
1142 3306 1386 3373 legibus;
1432 3325 1450 3357 ι
1486 3314 1649 3374 atque
1702 3305 1775 3361 ita

205 3398 423 3451 demum
451 3395 736 3465 depositus
762 3396 919 3451 fuerit
946 3407 1171 3452 sanctus
1211 3392 1264 3451 in
1308 3397 1463 3452 theca
1497 3398 1564 3453 ad
1608 3397 1659 3452 id
1691 3395 1775 3451 fa-

205 3487 436 3550 bricata,
472 3506 491 3537 ι
529 3488 647 3555 ipso
677 3487 796 3543 loco
830 3487 920 3541 ubi
957 3503 1122 3557 supra
1155 3486 1573 3544 Faustiuianum
1630 3489 1776 3545 ceci-

201 3575 351 3631 derat
382 3575 705 3643 l'abricatur,
737 3595 755 3628 i
788 3578 975 3647 utique
1001 3578 1282 3633 mensibus
1315 3580 1489 3633 tribus
1516 3589 1611 3634 aut
1641 3594 1777 3651 qua-

203 3677 346 3734 tuor,
382 3668 541 3738 juxta
594 3669 734 3723 hanc
788 3666 1050 3734 fabulam,
1114 3677 1235 3739 post
1285 3672 1458 3726 sancti
1518 3687 1773 3728 mortem.

203 3760 323 3819 Haec
349 3769 562 3827 autem,
599 3769 658 3813 ut
686 3758 922 3814 indicari
952 3776 1005 3813 n.
1042 3759 1097 3822 5,
1131 3760 1354 3829 fingitur
1382 3763 1619 3818 scribere
1648 3764 1774 3832 Epi-

205 3853 385 3925 phanii
424 3865 718 3907 successor
754 3849 991 3905 Sabinus
1026 3852 1091 3905 ad
1122 3851 1401 3923 Polybium
1449 3865 1641 3909 octavo
1680 3855 1769 3910 die

203 3943 449 3999 durantis
484 3958 585 4012 pro
630 3941 908 4011 sepultura
940 3943 1308 3997 contentionis
1350 3943 1657 4015 digressum
1708 3949 1776 4003 ab

205 4037 402 4099 insula,
442 4043 501 4089 et
538 4041 661 4102 post
705 4033 871 4088 unius
917 4036 1045 4088 anni
1106 4049 1316 4088 moram
1373 4035 1426 4088 in
1476 4032 1771 4106 Thebaide,

205 4134 416 4195 raptum
488 4122 559 4177 ab
612 4120 962 4187 Heracleoue,
1022 4123 1188 4178 tetius
1241 4122 1458 4196 Egypti
1524 4127 1772 4196 praeside,

204 4215 602 4272 Rhinocoruris
640 4223 774 4269 tunc
821 4215 1121 4282 habitante,
1175 4225 1236 4270 ut
1275 4228 1424 4272 esset
1456 4219 1577 4289 ejus
1625 4221 1776 4277 urbis

1878 412 1965 460 tas
2004 404 2411 459 mendaciorum
2442 416 2637 473 nugas,
2676 400 2877 472 quibus
2902 398 3040 452 liber
3083 397 3171 451 ille
3213 395 3444 450 refertus

1877 502 1984 551 est.
2026 512 2046 546 ι
2070 492 2290 547 Petavio
2319 490 2651 546 Sirmundus
2676 498 2729 545 et
2754 488 3020 543 Labbazus
3047 484 3443 554 subscripsere,

1878 584 2053 640 sancti
2092 583 2272 639 Patris
2322 583 2514 638 honori
2561 580 2837 647 faventes;
2887 587 2942 636 et
2980 579 3177 634 borum
3224 583 3445 632 senten-

1880 672 2111 753 tiani’ex
2151 676 2340 730 eodem
2385 673 2593 727 motivo
2637 671 2896 728 libentius
2937 681 3114 736 teneo,
3154 669 3278 724 licet
3309 668 3445 723 satis

1879 766 2175 837 intelligam
2210 780 2336 820 eum
2375 764 2628 829 Labbaeo,
2666 778 2788 819 esse
2824 762 2919 833 qui
2962 771 3240 824 censeant,
3280 778 3299 813 ι
3340 760 3448 813 non

1878 856 2061 912 omnia
2119 853 2389 910 veteribus
2440 853 2696 909 Patribus
2750 851 3224 927 subtrahenda,in
3251 849 3448 920 quibus

1880 943 2234 999 Thalmudica
2270 952 2577 997 commenta
2609 950 2663 996 et
2701 938 2979 996 Hebraiea‘.
3030 939 3283 1010 quaedam
3314 938 3449 993 deu-

1881 1046 2089 1093 teroses
2114 1035 2487 1090 continentur.
2545 1071 2551 1077 -

1949 1128 2037 1183 58.
2071 1126 2163 1183 Sic
2192 1128 2329 1183 liber
2360 1127 2436 1182 De
2474 1125 2592 1180 Vita
2621 1136 2669 1178 et
2697 1134 2865 1180 morte
2885 1125 3176 1195 justorum,
3214 1121 3449 1185 Barouio

1881 1218 1934 1272 iu
1963 1218 2109 1273 notis
2143 1217 2208 1271 ad
2243 1214 2551 1270 Romanum
2581 1214 3026 1285 Martyrologium
3060 1212 3084 1266 l
3123 1211 3245 1266 Maii
3287 1219 3340 1265 et
3377 1211 3447 1263 25

1886 1326 1904 1359 ς
1941 1308 2244 1379 eujuspiam
2275 1308 2497 1363 alterius
2545 1307 2729 1376 potius
2772 1320 2936 1376 quam
2983 1305 3041 1362 S.
3100 1304 3287 1360 lsidori
3329 1318 3447 1356 esse

1881 1397 2113 1462 videtur,
2149 1412 2215 1452 eo
2236 1396 2379 1467 quod
2417 1396 2470 1450 in
2515 1410 2580 1451 eo
2614 1395 2895 1466 complura
2937 1394 3298 1464 reperiantur,
3350 1390 3448 1446 lsi-

1879 1491 2013 1546 doro
2045 1490 2288 1560 indigna,
2321 1497 2698 1560 coagmentata
2749 1487 3028 1543 mendacia
3060 1503 3073 1539 :
3114 1506 3132 1539 ι
3165 1487 3232 1542 de
3268 1502 3334 1541 eo
3376 1495 3442 1540 ta-

1881 1596 2003 1636 men
2028 1596 2137 1636 non
2164 1580 2295 1637 sinit
2323 1596 2423 1635 nos
2459 1580 2706 1635 dubitare
2741 1578 2800 1634 S.
2838 1578 3059 1634 Braulio
3085 1579 3138 1632 in
3179 1587 3445 1648 prtenota-

1882 1672 2027 1728 tione
2057 1673 2323 1727 librorum
2352 1673 2472 1742 ejus
2506 1691 2519 1725 :
2556 1672 2628 1725 ita
2665 1681 2724 1725 ut
2769 1671 2897 1726 huic
2934 1669 3249 1726 excusando
3299 1670 3445 1724 aliud

1881 1779 1991 1818 non
2021 1771 2295 1834 suppetat,
2344 1778 2508 1833 quam
2559 1778 2684 1818 cum
2738 1761 2970 1817 Lahbteo
3018 1762 3101 1817 vel
3152 1776 3447 1828 agnoscere

1886 1874 1905 1907 ι
1944 1855 2013 1910 ab
2045 1856 2229 1926 aliquo
2261 1855 2651 1924 interpolatore
2675 1865 3017 1924 corruptum,
3059 1871 3078 1905 ι
3109 1853 3194 1907 vel
3218 1853 3448 1923 ingenue

1882 1946 2060 2010 fateri,
2092 1946 2238 2017 quod
2277 1965 2294 1999 ι
2338 1946 2500 2002 nimis
2538 1945 2820 2009 credulus,
2849 1960 2971 2015 qua:
3001 1944 3071 1999 ab
3101 1944 3223 1999 aliis
3248 1945 3447 2013 scripta

1882 2038 2110 2108 reperit,
2135 2037 2315 2093 minus
2344 2037 2617 2103 discussa,
2658 2052 2770 2092 non
2814 2045 2925 2091 tam
2955 2049 3054 2090 sua
3080 2049 3244 2104 quam
3274 2031 3447 2088 aliena

1880 2126 2167 2196 protulerit
2195 2125 2320 2181 fide.
2349 2146 2367 2176 ι
2393 2124 2645 2191 Quandiu
2684 2134 2867 2179 tamen
2895 2123 3220 2178 alterutrum
3246 2120 3448 2188 dicere,

1880 2232 1980 2287 pro
2007 2218 2209 2271 tuendo
2232 2216 2325 2287 qui
2357 2217 2461 2271 sub
2489 2215 2779 2286 Epiphanii
2821 2214 3043 2269 nomine
3078 2211 3446 2267 contrevcrti-

1880 2318 1971 2363 tur
2015 2307 2177 2371 libro,
2212 2307 2409 2362 similis
2459 2305 2713 2376 ponderis
2769 2320 2878 2359 non
2927 2305 3072 2375 cogit
3122 2305 3445 2363 auctoritas.

1882 2400 2016 2453 bene
2048 2397 2229 2453 deillo
2256 2412 2451 2451 omnes
2486 2396 2683 2451 mereri
2728 2395 3008 2457 existimo,
3048 2394 3142 2464 qui
3192 2394 3246 2449 id
3301 2395 3445 2463 quod

1879 2490 1999 2562 ejus
2027 2490 2294 2562 gravitate
2321 2489 2603 2560 indignum
2629 2502 2751 2544 esse
2778 2486 3173 2542 rationabiliter
3199 2494 3445 2566 censent,

1879 2583 1949 2637 ab
1977 2582 2095 2652 ipso
2125 2580 2388 2650 scriptum
2416 2594 2537 2635 esse
2580 2593 2688 2633 non
2739 2577 2970 2633 libenter
3006 2577 3269 2642 credunt;
3309 2578 3445 2631 male

1878 2682 2121 2735 econtra,
2158 2672 2252 2742 qui
2289 2669 2567 2725 mordicus
2600 2668 2653 2724 id
2696 2668 2969 2724 sustinere
2996 2667 3208 2732 volunt,
3244 2675 3304 2722 ut
3329 2668 3443 2736 ejus

1879 2763 2229 2829 auctoritate,
2260 2762 2405 2818 sicut
2453 2768 2510 2815 et
2558 2758 2618 2814 S.
2669 2758 2860 2814 lsidori
2906 2757 3087 2813 fulciri
3138 2758 3443 2822 videantur,

1878 2868 2001 2923 qua:
2026 2852 2100 2907 ibi
2132 2852 2201 2907 de
2225 2851 2356 2906 Elia:
2378 2850 2657 2921 propheta:
2680 2850 2953 2906 natalibus
2982 2850 3261 2921 leguntur.
3288 2848 3458 2919 Equi-

1879 2944 2000 2998 dem
2022 2943 2277 2999 existimo
2299 2941 2490 2999 Patres
2524 2944 2681 3009 istos,
2714 2941 2761 2997 si
2792 2942 2922 2996 talia
2950 2941 3065 3020 ipsi
3089 2956 3278 2996 revera
3310 2941 3451 2994 scri-

1876 3042 2125 3105 pserunt,
2180 3048 2327 3089 mere
2388 3033 2744 3103 interpretum
2790 3040 2844 3089 et
2892 3032 3243 3089 collectorum
3293 3030 3447 3099 fungi

1876 3124 2054 3181 ofﬁcio
2096 3125 2359 3191 voluisse,
2412 3124 2624 3178 nullum
2672 3132 2855 3179 autem
2895 3123 2963 3179 iis
3009 3138 3076 3178 ex
3127 3138 3186 3179 se
3233 3121 3449 3192 pondus

1877 3212 2119 3281 addere:
2162 3228 2230 3267 an
2284 3220 2471 3266 autem
2530 3225 2718 3266 revera
2775 3227 2955 3282 operae
3002 3212 3235 3282 pretium
3286 3211 3449 3265 fuerit

1880 3303 2252 3359 Rabbinorum
2278 3303 2345 3359 de
2396 3302 2603 3359 sanctis
2645 3302 2918 3357 veteribus
2957 3304 3192 3369 somnia,
3248 3303 3447 3371 quibus

1879 3396 1955 3450 illi
1991 3410 2182 3452 omnes
2212 3409 2385 3451 sacrm
2411 3391 2708 3463 Scriptura;
2744 3393 3004 3449 historias
3024 3393 3443 3463 interpolaruut,

1877 3489 1960 3544 vel
1982 3489 2096 3559 jam
2130 3487 2262 3543 olim
2311 3486 2534 3543 collecta
2567 3485 2754 3543 Graece
2793 3484 3093 3557 Latineque
3127 3484 3471 3563 reddidisse“

1877 3581 1959 3636 vel
1994 3580 2048 3634 in
2100 3579 2319 3635 illorum
2373 3576 2531 3633 libris
2576 3577 2826 3648 pluribus
2875 3577 3120 3647 dispersa
3174 3576 3227 3630 in
3276 3593 3445 3631 unum

1878 3671 2122 3725 libellum
2167 3669 2476 3741 collegisse,
2524 3666 2937 3737 prudentiorum
2980 3675 3098 3724 esto
3144 3666 3443 3736 judicium;

1877 3758 2179 3814 curiositati
2218 3766 2365 3813 certe
2408 3767 2460 3812 et
2501 3756 2852 3811 oblectationi
2906 3757 3156 3811 nonnihil
3205 3757 3447 3813 serviunt

1877 3850 2002 3916 ista,
2040 3863 2218 3919 neque
2259 3847 2421 3902 alicui
2470 3861 2669 3901 nocere
2719 3857 2951 3915 possunt
3006 3848 3101 3918 qui
3151 3848 3231 3903 eis
3285 3847 3442 3902 fidem

1878 3956 1985 3994 non
2027 3953 2280 4012 magnam
2323 3937 2597 4001 habuerit,
2646 3936 2950 4006 intelligens
2983 3953 3109 3992 cum
3140 3936 3443 4007 Theophila

1876 4031 2179 4105 Rayuaudo
2223 4041 2431 4096 nostro,
2467 4031 2535 4085 de
2562 4031 2723 4088 bonis
2767 4041 2820 4087 et
2856 4031 3015 4086 malis
3045 4029 3199 4084 libris
3229 4047 3282 4084 ιι.
3316 4030 3443 4092 532,

1876 4140 2066 4180 eorum
2103 4142 2121 4175 ι
2154 4125 2377 4179 multam
2414 4124 2829 4178 mendacitatem
2860 4131 2914 4177 et
2946 4122 3373 4186 fabulositatem,
3420 4143 3437 4172 ι

1876 4214 2129 4285 quodque
2161 4214 2243 4285 (ut
2290 4214 2432 4268 idem
2480 4230 2534 4267 η.
2575 4214 2680 4269 548
2725 4215 2897 4282 notat)
2934 4231 2952 4264 ι
3003 4212 3264 4266 Rabbinis
3317 4227 3443 4281 pro-

203 4308 530 4377 episcopus;
589 4320 714 4359 cum
769 4304 1016 4374 petiisset
1058 4306 1127 4360 de
1183 4306 1328 4361 illius
1382 4309 1773 4365 controversia
1806 4317 1848 4369 ῐ)
1879 4308 2057 4377 prium
2081 4315 2280 4376 quarto
2309 4307 2470 4361 modo
2518 4317 2600 4361 est
2639 4305 2891 4372 fabulari,
2922 4316 2977 4361 et
3001 4320 3122 4376 quae
3161 4322 3439 4375 nunquam

203 4399 347 4453 exitu
380 4397 571 4452 doceri
610 4412 640 4450 s
691 4395 918 4461 Sabino,
973 4396 1219 4469 quiaex
1269 4397 1501 4469 Calippo
1541 4401 1772 4455 diaCouo

201 4488 436 4543 audierit
461 4488 614 4541 illum
643 4487 977 4542 Constantia:
1009 4488 1323 4559 episcopum
1358 4490 1694 4547 ordinatum.

268 4581 356 4635 57.
392 4578 594 4643 llahes,
626 4578 843 4643 Lector,
870 4579 956 4635 his
984 4581 1200 4636 duobus
1225 4582 1497 4651 capitibus
1520 4598 1772 4654 compre-

201 4672 426 4727 hensam
470 4671 642 4726 totius
676 4669 901 4739 prolixae
946 4670 1086 4725 alias
1128 4671 1323 4727 fabulae
1365 4687 1659 4741 summam,
1704 4688 1770 4729 eo

206 4763 328 4829 tiae,
364 4774 425 4817 ut
458 4763 507 4818 si
536 4762 671 4833 quid
703 4762 830 4817 alibi
877 4762 1119 4832 reperias
1166 4779 1197 4817 a
1252 4763 1410 4818 nobis
1433 4763 1767 4832 praeteritum

199 4855 249 4909 in
277 4856 474 4925 primis
502 4854 750 4925 quinque
780 4853 1052 4923 capitibus
1088 4854 1235 4922 quod
1276 4854 1364 4909 hic
1413 4855 1577 4910 etiam
1601 4856 1768 4909 attin-

197 4958 354 5017 gatur
380 4964 396 5014 ;
436 4948 758 5003 discernere
784 4947 979 5014 possis,
1004 4956 1187 5001 utrum
1216 4946 1270 5001 id
1315 4947 1445 5001 hinc
1481 4958 1765 5016 acceptum

196 5040 448 5095 astimari
485 5054 600 5094 non
621 5037 852 5101 debeat;
882 5052 954 5094 an
997 5053 1146 5105 vero,
1191 5047 1254 5094 ut
1291 5053 1358 5094 ex
1407 5038 1621 5101 meliori
1665 5054 1767 5094 au-

198 5139 342 5183 ctore
373 5131 483 5185 huc
514 5128 865 5196 translatum,
895 5130 1054 5187 fidem
1086 5138 1365 5187 mereatur
1397 5146 1522 5186 cum
1564 5129 1767 5199 priori~

197 5220 294 5275 bus
320 5222 596 5277 obtinere.
620 5218 883 5275 Similiter
899 5222 1127 5284 arbitrio
1149 5230 1243 5277 tuo
1264 5222 1536 5292 relinquo,
1558 5222 1766 5277 velisne

198 5327 292 5378 pro
315 5311 561 5383 genuino
590 5308 651 5364 S.
687 5308 969 5379 Epiphanii
1008 5312 1119 5368 fetu
1152 5314 1352 5369 habere
1392 5329 1516 5368 cum
1558 5312 1765 5367 Bellar-

199 5405 341 5456 mino
363 5402 570 5456 librum
599 5399 677 5452 De
714 5400 825 5452 vita
863 5403 1231 5471 prophetarum
1274 5420 1555 5474 eorumque
1584 5403 1764 5472 sepul-

198 5505 336 5556 tura,
362 5492 627 5561 quamvis
655 5490 893 5559 ignotum
922 5492 1115 5549 Pliotio
1139 5512 1196 5551 η.
1222 5494 1326 5548 122
1380 5504 1435 5551 et
1463 5510 1614 5565 seqq.
1645 5495 1764 5564 ejus

195 5600 352 5650 opera
381 5582 738 5647 recensenti;
762 5600 968 5642 uncum
994 5587 1286 5644 novissimo
1316 5586 1434 5657 ejus
1466 5587 1760 5657 interprete

1874 4398 2097 4453 “uerunt
2117 4407 2347 4453 eruntve
2374 4413 2640 4468 unquam,
2667 4408 2925 4469 tanquam
2951 4412 3079 4452 vera
3110 4412 3439 4471 proponere,

1873 4491 2010 4546 adeo
2047 4504 2236 4546 crasse
2264 4506 2330 4546 ac
2362 4486 2679 4558 stolidc,’ut
2705 4504 2772 4545 ne
2805 4490 3008 4561 ingenii
3041 4490 3261 4560 quidem
3299 4491 3440 4544 tnica

1871 4582 2313 4651 deprehendatur
2342 4582 2397 4636 in
2428 4581 2899 4637 comminiscendo
2939 4582 3132 4637 dextro
3180 4591 3233 4635 et
3280 4595 3442 4651 θυνος

1872 4674 1995 4737 site,
2031 4672 2390 4744 ﬂngendoque
2419 4672 2775 4742 probabiliter
2820 4682 2874 4728 et
2918 4680 3043 4743 apte
3094 4672 3160 4727 ad
3217 4687 3441 4741 persna-

1869 4765 2129 4819 dendum.
2171 4782 2190 4816 ι
2223 4764 2491 4820 Convenit
2521 4764 2766 4834 profecto
2791 4779 2902 4818 non
2936 4773 3045 4819 tam
3088 4764 3439 4819 considerare

1869 4857 1995 4925 quis
2019 4856 2151 4925 quid
2178 4856 2479 4925 scripserit,
2523 4857 2593 4911 de
2637 4856 2706 4911 iis
2754 4870 2880 4925 qua:
2923 4864 3049 4910 ante
3089 4854 3437 4924 longissimas

1868 4957 2056 5004 33th
2085 4956 2205 5004 acta
2235 4948 2507 5010 feruntur,
2534 4948 2699 5003 certis
2730 4947 2897 5002 nullis
2919 4959 3206 5002 auctorum
3230 4961 3441 5001 coaevo-

1869 5056 1990 5096 rum
2015 5042 2385 5095 monumentis
2416 5046 2643 5105 testata;
2677 5038 2775 5094 sed
2809 5052 2954 5109 quos
2990 5037 3154 5093 fuerit
3178 5037 3349 5092 duces
3380 5036 3434 5091 in

1869 5132 2158 5189 scribendo
2193 5140 2448 5198 secutus;
2479 5130 2536 5185 hi
2563 5138 2767 5194 autem,
2815 5129 2958 5185 ineo
2980 5129 3125 5199 quod
3167 5128 3441 5200 tangimus

1867 5231 2212 5293 argumento,
2232 5221 2321 5275 alii
2340 5236 2502 5290 quam
2522 5218 2754 5276 Rabbini
2777 5235 2883 5275 non
2901 5218 3291 5289 fuerunt,iique
3306 5232 3436 5274 vero

1869 5315 2118 5371 similiter
2135 5312 2630 5384 Hierosolymitano
2649 5313 2860 5369 excidio
2880 5313 3209 5382 posteriores
3225 5326 3436 5367 omnes.

1938 5406 2026 5460 59.
2058 5403 2493 5471 Carteruin,quia
2517 5404 2650 5458 liber
2670 5404 2919 5475 vulgatus
2944 5404 3047 5459 sub
3076 5404 3293 5459 nomine
3321 5400 3450 5471 Epi-

1869 5495 2075 5565 phauii,
2106 5494 2340 5563 primum
2371 5494 2637 5562 superiori
2675 5496 2877 5550 saeculo
2902 5493 3092 5550 Latine
3116 5494 3219 5565 legi
3251 5494 3439 5561 capit,

1870 5585 2066 5642 merito
2109 5594 2514 5655 praesumuntur
2566 5586 2862 5657 scriptores
2912 5586 3087 5643 Latini
3132 5586 3439 5655 praesertim
