3980 6078
510 203 607 260 151

1392 201 1572 258 DION.
1617 199 1888 256 PETAVII
1931 205 2316 258 ΠΡΟΘΕΩΡΙΛ
2358 201 2428 256 IN
2467 195 2848 255 PANARIUM.

3671 185 3772 240 £52

509 321 548 375 ii
578 335 720 390 quos
748 281 992 375 Graecam
1041 318 1342 376 nescivisse
1391 331 1630 388 constat,
1682 323 1811 378 dum
1874 323 2084 392 aliquid
2119 326 2166 382 Α
2199 319 2493 390 Raynaudo
2519 326 2750 376 taceam.
2786 310 2947 381 cujus
2985 306 3197 378 judicio
3227 304 3364 360 liber
3410 308 3496 358 est
3531 317 3551 352 ι
3592 296 3774 354 infan-

509 407 783 479 ejusmodi
823 410 891 465 de
918 409 1054 480 legis
1095 410 1334 479 antiqua:
1350 412 1628 482 prophetis
1654 413 1946 486 scribendo
1973 413 2093 468 atti-

509 510 728 572 gerunt,
769 516 877 556 non
911 500 1062 556 illum
1109 500 1213 554 sub
1254 501 1473 555 nomine
1506 500 1800 572 Epiphanii
1861 502 2090 568 librum,

513 591 608 646 sed
642 591 809 646 alium
843 590 946 646 sub
985 589 1208 644 nomine
1263 588 1323 643 S.
1375 588 1656 655 Dorothei,
1709 590 1902 645 Latine
1953 591 2094 646 dun-

513 691 664 737 taxat
692 691 1018 747 exstantem,
1056 696 1168 752 pra:
1199 681 1373 736 oculis
1397 681 1672 748 habuisse,
1713 692 1876 753 prout
1897 667 1954 737 in
1984 693 2096 738 tra-

514 773 758 846 ctatu.de
807 772 868 826 Β.
912 773 1137 828 Alberto
1184 771 1680 845 Hierosolymitano
1728 774 1792 828 ad
1829 775 1862 829 8
1895 775 2096 845 Aprilis

511 864 770 920 indicavi.
811 863 910 920 Hic
953 875 1134 919 autem
1171 864 1330 928 liber,
1383 865 1553 920 multo
1596 867 1750 936 prius
1790 875 1845 920 et
1869 866 2092 932 certius,

513 972 677 1026 quam
736 958 873 1012 alter
912 957 1002 1014 ille
1053 956 1378 1028 Epiphanio,
1438 959 1781 1029 adjudicatus
1825 957 2097 1016 Dorotheo

513 1047 638 1114 fuit,
676 1049 859 1103 statim
893 1065 958 1104 ac
986 1064 1082 1120 per
1111 1051 1528 1119 impressionem
1565 1049 1746 1105 factus
1796 1058 1881 1105 est
1921 1051 2097 1121 magis

511 1141 718 1212 publici
763 1142 906 1212 juris
945 1162 959 1197 :
998 1141 1288 1214 Synopsim
1335 1143 1578 1214 intelligo
1609 1141 1683 1196 De
1710 1144 1819 1197 vita
1845 1153 1895 1196 et
1931 1152 2098 1197 morte

514 1234 898 1302 apostolorum,
933 1235 1312 1304 prop/telarum
1340 1252 1404 1289 ac
1427 1235 1814 1304 discipulorum
1856 1234 2094 1301 Domini,

515 1340 637 1394 qua:
666 1326 769 1380 sub
802 1326 1057 1380 Dorothei
1084 1326 1307 1381 nomine
1335 1341 1538 1381 excusa
1569 1325 1691 1393 fuit,
1727 1336 1838 1381 tum
1865 1327 2097 1382 seorsim

516 1426 630 1471 tum
660 1418 710 1471 in
737 1417 1089 1472 Bibliothecis
1112 1428 1357 1472 veterum
1385 1417 1638 1486 Patrum;
1672 1419 1813 1473 hanc
1838 1419 2006 1484 enim,
2039 1428 2100 1473 ut

513 1507 725 1560 notavit
754 1505 1046 1572 Labbaeus,
1081 1526 1098 1558 ι
1133 1507 1246 1576 jam
1276 1508 1484 1578 pridem
1520 1516 1581 1562 ut
1612 1507 1809 1562 fabulis
1839 1506 2096 1562 refertam

516 1597 834 1666 nulliusque
864 1597 1007 1666 apud
1030 1597 1222 1653 doctos
1258 1598 1626 1663 auctoritatis,
1669 1597 1826 1652 obelo
1858 1596 2100 1650 ﬁxerunt

2193 413 2328 478 tilis,
2356 418 2574 466 scatens
2596 404 2869 462 fabulosis
2891 397 3300 457 narrationibus
3359 411 3378 447 ν
3413 392 3625 459 Quibus
3648 405 3773 446 cum

2196 503 2405 560 similes
2433 503 2545 557 sint
2570 501 2624 554 in
2647 497 2862 554 duobus
2891 495 3004 565 jam
3038 505 3205 561 supra
3238 486 3498 544 indicatis
3539 498 3775 554 opuscu-

2195 593 2284 659 lis,
2315 592 2372 647 S.
2399 591 2641 647 Isidorus
2669 588 2892 660 quidem
2917 585 2996 640 sic
3016 590 3335 644 excusatur,
3363 586 3426 634 ut
3449 587 3631 633 tamen
3662 589 3777 628 tne-

2196 684 2303 740 lius
2328 683 2493 738 fuerit
2529 680 2751 753 proprio
2790 678 2982 734 honori
3017 674 3396 736 consulturus,
3441 670 3489 725 si
3535 675 3778 736 priecau-

2200 776 2344 829 tione
2378 775 2571 830 saltem
2608 772 2793 841 aliqua
2811 783 2946 825 usus
2972 767 3270 821 indicasset
3289 778 3398 818 non
3426 774 3681 830 magnam
3713 759 3780 813 iis

2165 871 2169 874 ’
2198 881 2229 920 a
2260 882 2319 921 se
2357 866 2515 920 tidem
2553 862 2774 928 haberi;
2809 857 3147 929 Epiphanius
3176 863 3357 910 autem
3406 867 3508 906 nec
3543 864 3778 905 excusa—

2199 959 2346 1013 tione
2365 956 2584 1026 quidem
2614 961 2756 1024 eget,
2790 951 3035 1022 quandiu
3061 947 3214 1002 nullo
3243 944 3412 1000 veteri
3442 953 3497 999 et
3523 942 3784 996 inelucta-

2200 1048 2292 1103 bili
2323 1045 2636 1104 testimonio
2673 1044 2958 1115 probatur,
2997 1041 3114 1096 ha'c
3148 1053 3276 1093 vere
3309 1036 3458 1092 illius
3487 1048 3610 1088 esse
3641 1031 3782 1086 scri—

2199 1142 2334 1212 ptio.
2370 1139 2522 1194 Adde
2554 1138 2700 1208 quod
2745 1137 2932 1206 plures
2975 1131 3267 1204 Epiphanii
3321 1128 3528 1184 iuerint
3583 1126 3782 1181 subse-

2202 1233 2496 1304 quentibus
2527 1231 2764 1296 smculis,
2797 1230 2963 1283 etiam
2989 1227 3042 1280 in
3061 1226 3242 1297 Cypro
3258 1223 3521 1294 episcopo.
3544 1233 3781 1289 quorum

2203 1325 2385 1396 aliqua
2418 1333 2478 1379 ut
2514 1323 2631 1379 fieri
2665 1321 2829 1392 vulgo
2873 1320 3030 1383 solet,
3065 1314 3442 1390 principaliori
3476 1312 3644 1382 hujus
3682 1326 3785 1365 no-

2200 1415 2366 1470 minis
2417 1413 2670 1484 scriptori
2714 1411 2879 1466 tribui
2928 1416 3246 1481 potuerunt.
3281 1407 3424 1463 sicut
3450 1422 3468 1456 ί
3504 1403 3786 1458 orationes

2201 1509 2304 1563 illa:
2349 1523 2493 1578 quae,
2557 1505 2846 1576 Epiphanii
2898 1503 3122 1558 nomine
3170 1500 3358 1556 lucum
3405 1497 3518 1568 jam
3571 1494 3784 1566 pridem

2202 1599 2430 1664 faciunt.
2468 1598 2694 1654 Petavio
2733 1597 2940 1668 judice,
2991 1595 3126 1651 satis
3161 1608 3282 1649 cum
3329 1591 3471 1661 ston
3510 1592 3628 1658 ipso
3671 1596 3785 1641 llUll

519 1685 790 1754 Molanus,
830 1687 1122 1752 Baronius,
1159 1687 1523 1744 Bellarminus
1572 1698 1626 1744 et
1672 1688 1764 1742 alii
1803 1688 2092 1753 Catholici,
2129 1679 2170 1734 Β
2203 1690 2324 1744 aliis
2359 1689 2688 1760 quibusdam
2721 1687 2959 1751 indiciis,
3001 1685 3227 1741 alterius
3258 1681 3344 1737 vel
3377 1678 3668 1752 Epiphanii
3702 1677 3788 1730 vel

513 1780 714 1850 quibus
733 1779 1051 1836 lteterodoxi
1073 1779 1520 1850 subscripserunt
1542 1798 1556 1836 :
1583 1799 1602 1832 ι
1627 1789 1685 1835 ut
1705 1781 1772 1835 de
1791 1779 2094 1849 Theophilo

2205 1783 2446 1836 auctoris
2475 1797 2536 1836 se
2557 1796 2681 1837 esse
2704 1779 3005 1836 declarant.

523 2062 3774 2097 Μ

1588 2323 2148 2417 DIONYSII
2229 2327 2718 2418 PETAVll

1875 2605 1902 2642 Ε
1947 2605 2244 2644 SOCIE'I‘ATE
2285 2605 2409 2646 JESU

999 2797 1384 2854 ΠΡΟΘΕΩΡΙΑ
1422 2793 1490 2849 IN
1530 2792 1876 2849 EPIPIIANII
1919 2793 2095 2848 OPUS

2196 2793 2332 2850 UOD
2374 2792 2572 2848 ΡΑΝΑ
2591 2792 2785 2848 RIUM
2827 2791 3292 2850 INSCRIBITUB.

583 3157 644 3212 Si
681 3173 800 3212 eum
839 3158 1104 3229 exquisita
1155 3171 1353 3220 rerum,
1398 3171 1515 3221 qua:
1555 3155 1610 3207 in
1652 3154 1747 3206 hoc
1791 3152 1958 3223 Opere
2009 3163 2334 3219 tractantur,
2393 3155 2647 3209 varietate
2695 3171 2757 3207 ac
2806 3154 2959 3222 copia
2996 3154 3279 3225 adaequare
3320 3156 3794 3211 commentationes

514 3263 724 3308 nostras
774 3253 1147 3317 instituissem,
1205 3270 1310 3307 non
1359 3250 1598 3307 brevibus
1655 3251 1793 3303 notis
1841 3258 1892 3302 et
1935 3248 2508 3314 animadversionibus,
2573 3249 2664 3303 sed
2726 3249 3023 3319 ingentibus
3079 3248 3230 3304 libris
3291 3250 3668 3304 committenda
3710 3269 3796 3306 res

513 3348 708 3416 fuerat.
748 3348 1015 3414 Quoniam
1045 3357 1222 3401 autem
1260 3363 1421 3418 neque
1458 3362 1537 3400 me
1572 3344 2077 3399 commentariorum
2112 3346 2275 3400 moles
2329 3346 2426 3399 illa
2474 3345 2725 3410 delectat,
2768 3353 2818 3398 et
2863 3343 3198 3398 eruditorum
3242 3343 3498 3398 lectorum
3555 3344 3798 3413 fastidiis

513 3441 890 3496 occurrendum
921 3442 1097 3510 potius
1124 3441 1220 3493 hoc
1263 3441 1317 3493 in
1355 3455 1538 3511 genere
1567 3449 1645 3493 est
1678 3454 1838 3506 quam
1871 3438 2103 3493 aliorum
2139 3441 2388 3494 tarditati
2421 3438 2824 3502 consulendum,
2854 3437 3004 3491 nulla
3035 3447 3112 3492 est
3145 3436 3443 3491 obtinenda:
3475 3453 3506 3490 a
3533 3453 3612 3489 me
3645 3439 3796 3490 ratio

513 3535 872 3600 pra'termissa
904 3534 1196 3588 brevitatis.
1224 3533 1306 3588 Ea
1335 3550 1453 3588 vero
1487 3535 1595 3588 visa
1623 3543 1700 3587 est
1742 3533 1794 3587 in
1831 3535 2018 3603 primis
2051 3535 2334 3604 ejusmodi,
2372 3546 2427 3589 ut
2458 3535 2705 3588 diversas
2736 3550 2802 3588 ea:
2836 3543 3065 3587 veterum
3093 3533 3474 3601 exemplarium
3501 3547 3798 3598 compara-

513 3627 676 3689 tione,
709 3634 801 3678 aut
839 3640 904 3680 ea:
942 3626 1248 3694 conjectura
1276 3626 1525 3680 lectiones
1561 3625 1630 3680 ad
1671 3642 1822 3680 oram
1850 3637 2128 3682 contextus
2153 3630 2471 3683 ascriberem
2493 3645 2511 3682 :
2535 3627 2670 3682 Tum
2711 3637 2769 3680 ut
2800 3627 3000 3682 leviora
3033 3643 3272 3698 quasque,
3310 3643 3371 3680 ac
3399 3627 3674 3696 faciliora,
3712 3628 3800 3682 vel

513 3715 785 3770 commode
808 3715 872 3769 ab
903 3715 1027 3770 aliis
1050 3716 1343 3786 explicata,
1369 3733 1432 3772 ne
1461 3719 1777 3788 attingerem
1804 3719 2042 3785 omnino,
2077 3729 2172 3773 aut
2201 3721 2429 3790 carptim
2455 3719 2778 3790 breviterque
2799 3720 3224 3789 perstringerem.
3263 3716 3618 3784 Quamobrem
3641 3730 3797 3772 certa

514 3809 849 3874 potissimum
891 3817 1203 3878 argumenta
1230 3807 1542 3880 delegimus.
1577 3811 1632 3864 in
1661 3810 1851 3881 quibus
1880 3809 2222 3866 elaborandis
2250 3822 2405 3883 atque
2435 3810 2777 3866 illustrandis
2820 3809 3124 3880 plusculum
3164 3825 3338 3878 opera:
3375 3809 3797 3878 disputationis-

513 3919 610 3975 que
642 3914 1009 3972 consumptum
1037 3913 1117 3958 est
1141 3918 1160 3957 :
1183 3919 1301 3975 qua:
1339 3905 1591 3958 nimirum
1625 3907 1759 3960 talia
1784 3922 1896 3961 esse
1932 3907 2350 3975 consideremus,
2374 3918 2428 3962 at
2455 3907 2524 3962 ad
2548 3924 2731 3963 eorum
2765 3906 3103 3962 minuendam
3133 3907 3511 3962 obscuritatem
3541 3908 3792 3961 nonnihil

513 4015 673 4070 opera
705 4009 893 4054 nostra
925 4008 1102 4068 posset
1137 3999 1406 4055 accedere.
1439 3999 1645 4056 Fuerat
1671 4001 1997 4072 jamdudum
2035 4003 2270 4071 animus,
2319 4004 2554 4059 omnium
2590 4004 2856 4058 Iuvreseon
2890 4018 3007 4073 quae
3053 4005 3107 4056 in
3141 4004 3238 4056 hoc
3279 4018 3431 4072 opere
3469 4017 3800 4055 commemo-

511 4104 726 4162 rantur,
766 4093 838 4148 τὰ
865 4094 1266 4164 ιστορούμενα
1295 4096 1551 4164 primum,
1581 4096 1769 4152 deinde
1798 4099 2068 4167 opiniones
2100 4116 2163 4153 ac
2195 4101 2448 4171 dogmata
2475 4101 2658 4154 omnia
2702 4109 2952 4168 separato
2986 4099 3166 4153 libello
3201 4099 3465 4170 persequi,
3501 4107 3550 4152 et
3576 4113 3699 4150 cum
3723 4098 3798 4152 iis

515 4202 632 4257 quae
660 4186 991 4258 Epiphanius
1025 4191 1356 4260 perscripsit,
1386 4209 1502 4264 qua
1534 4192 1600 4247 ab
1633 4194 1757 4248 aliis
1788 4203 1914 4248 sunt
1956 4192 2214 4250 Patribus
2248 4197 2516 4266 exposita,
2549 4195 2790 4264 conferre
2821 4209 2840 4248 :
2867 4193 2959 4249 sed
2987 4196 3054 4248 ab
3076 4212 3137 4250 eo
3163 4195 3388 4248 consilio
3412 4195 3648 4248 revocavi
3678 4195 3801 4263 ipse

513 4296 615 4346 me,
645 4281 784 4350 quod
815 4297 935 4334 eum
977 4282 1110 4337 mihi
1155 4285 1393 4340 laborem
1436 4286 1755 4353 iamdudum
1799 4288 2031 4343 aliorum
2071 4288 2343 4343 industria
2388 4289 2735 4345 sublevasset.
2783 4286 2999 4343 Etenim
3027 4298 3222 4357 praeter
3253 4296 3446 4342 veteres
3486 4286 3634 4353 illos,
3673 4285 3804 4341 Ire-

515 4386 711 4436 nwum,
742 4373 1120 4444 Augustinum,
1172 4377 1552 4444 Philastrium,
1604 4377 2021 4445 Damascenum,
2061 4379 2474 4447 Tertullianum,
2509 4379 2833 4436 Clementem
2872 4378 3319 4446 Alexandrinum,
3369 4378 3794 4450 Hieronymum,

516 4485 579 4522 ac
608 4479 847 4536 cateros,
887 4473 978 4541 qui
1021 4483 1114 4527 aut
1159 4473 1222 4528 de
1256 4473 1546 4530 hieresibus
1581 4477 1900 4531 nominatim
1938 4477 2289 4547 scripserunt,
2337 4489 2432 4533 aut
2468 4496 2651 4534 earum
2693 4481 2749 4533 in
2787 4478 2938 4533 libris
2983 4478 3094 4533 suis
3125 4487 3388 4548 utcunque
3417 4481 3798 4544 meminerunt,

515 4562 828 4618 recentiores
859 4566 1061 4635 aliquot
1089 4565 1268 4620 eodem
1299 4568 1352 4620 in
1387 4580 1700 4636 argumento
1729 4585 1940 4624 summa
1961 4586 2081 4624 cum
2112 4569 2272 4625 laude
2304 4583 2543 4626 versatos
2575 4572 2952 4636 memineram;
2983 4571 3039 4626 in
3071 4571 3260 4640 primis
3284 4581 3462 4627 autem
3486 4570 3802 4627 Gabrielem

518 4652 845 4723 Prateolum,
876 4666 1030 4728 atque
1056 4657 1480 4712 illustrissimum
1505 4677 1821 4730 magnorum
1845 4664 2136 4718 Annalium
2168 4665 2513 4722 conditorem.
2547 4665 2784 4730 Quorum
2813 4665 2903 4721 ille
2923 4668 3189 4724 hwreseon
3219 4669 3454 4724 omnium
3478 4668 3804 4722 luculentis-

516 4751 710 4805 simum
748 4753 1055 4822 catalogum
1091 4753 1328 4807 litterato
1361 4753 1546 4809 ordine
1580 4759 1851 4812 contexuit
1877 4774 1895 4812 :
1920 4758 2006 4813 hic
2031 4761 2086 4814 in
2116 4760 2417 4814 Annalibus
2448 4776 2544 4815 suo
2577 4777 2840 4832 quamque
2872 4773 3102 4832 tempore
3127 4767 3496 4837 consignatum
3533 4766 3801 4836 reliquit;

516 4853 729 4916 uterque
770 4863 874 4901 uno
905 4848 960 4900 in
996 4857 1276 4916 conspectu
1308 4864 1426 4914 quae
1459 4849 1601 4918 apud
1644 4860 1836 4906 veteres
1869 4851 1992 4908 illos
2022 4853 2267 4923 dispersa
2309 4864 2465 4908 erant
2511 4871 2576 4908 ac
2603 4855 2867 4924 dissipata
2901 4859 3198 4926 proposuit.
3231 4846 3350 4913 Hac
3386 4860 3550 4930 igitur
3579 4873 3711 4911 cura
3742 4867 3804 4912 et

517 4941 837 5009 cogitatione
864 4940 1091 5004 solutus,
1122 4942 1259 4994 hunc
1290 4957 1454 4995 unum
1483 4941 1552 4996 ad
1582 4959 1799 5012 scopum
1829 4945 2224 5000 commentandi
2255 4947 2489 5000 laborem
2523 4947 2684 5001 istum
2723 4948 3017 5018 conferam,
3066 4959 3124 5003 ut
3165 4952 3257 5019 qui
3290 4950 3481 5006 Latine
3515 4952 3658 5021 jam,
3692 4952 3804 5004 hoc

515 5042 593 5086 est
619 5035 818 5098 minus,
854 5044 910 5087 ut
941 5050 1112 5103 spero,
1144 5035 1367 5090 barbare
1389 5039 1569 5092 studio
1605 5049 1786 5094 nostro
1819 5043 2055 5112 loquitur
2087 5041 2445 5112 Epiphanius,
2483 5043 2621 5098 idem
2652 5046 2793 5099 notis
2826 5055 2876 5100 et
2909 5047 3473 5102 Animadversionibus
3498 5063 3602 5118 qua
3625 5050 3804 5102 casti-

519 5135 694 5196 gatus,
721 5143 826 5196 qua
858 5127 1124 5181 illustrior
1153 5127 1350 5196 factus,
1384 5129 1616 5182 dilucide
1649 5143 1804 5200 atque
1839 5131 2190 5200 intelligenter
2226 5133 2282 5185 id
2319 5133 2507 5200 faciat,
2545 5139 2692 5191 omni
2717 5139 3039 5193 obscuritate
3060 5138 3286 5192 detersa.

1192 5344 1258 5381 DE
1293 5344 1664 5384 lNSCRll—‘TIONE
1707 5348 1916 5399 OPERIS,
1951 5350 2012 5388 AC
2060 5351 2127 5388 XI
2169 5351 2405 5392 PRIORUI
2437 5355 2732 5396 ILERESEON
2767 5359 3116 5399 PARTITIONE.

589 5479 722 5533 Cum
755 5478 1004 5535 adversus
1043 5499 1182 5538 Lux
1219 5485 1466 5551 haereses,
1495 5503 1611 5557 qua:
1642 5489 1711 5540 ad
1747 5505 1903 5543 suam
1935 5501 2143 5546 (etatem
2168 5493 2507 5560 exstiterant,
2549 5509 2850 5566 susceptum
2882 5517 2914 5553 a
2948 5517 3003 5555 se
3031 5503 3126 5556 hoc
3156 5520 3285 5573 opus
3314 5505 3634 5573 proﬁteatur
3667 5505 3806 5577 [Cpi-

515 5573 764 5644 pltanius,
809 5572 912 5629 duo
941 5578 1182 5647 qua‘dam
1221 5589 1504 5635 Ot‘Cttt‘t‘ttttl
1549 5583 1602 5636 in
1643 5598 1699 5636 eo
1745 5584 1951 5654 negotio
1984 5587 2396 5642 consideranda.
2427 5589 2694 5658 Alterum,
2722 5592 2938 5649 Izwresis
2965 5611 3150 5650 nomen
3185 5572 3446 5652 latissime
3477 5599 3529 5653 in
3561 5572 3807 5656 auibus-
