3870 6068
187 179 264 236 ,ες
1040 171 1221 226 mou.
1264 169 1540 224 psmn
1582 124 1967 224 nocentipr
2008 169 2074 223 IN
2116 167 2501 225 PANARIUM.
2821 161 2824 168 "
3321 173 3428 230 ist

185 298 280 349 dam
308 289 610 352 usurpari;
637 304 728 342 nec
759 285 825 340 ad
859 285 1219 354 theologorum
1251 301 1491 338 normam
1523 283 1766 338 vocabuli
1798 300 1953 338 usum
1980 284 2136 337 istius
2163 285 2325 354 exigi,
2351 301 2383 338 a
2413 285 2603 356 quibus
2633 285 2760 356 quid
2790 285 3001 354 proprie
3021 287 3090 339 sit
3113 285 3350 348 hwresis,
3376 296 3429 341 et

184 393 410 454 quantum
461 381 688 450 reliquis
737 376 800 430 ab
847 376 1000 429 sectis
1044 375 1296 444 diﬂerat.
1342 375 1589 428 subtilius
1637 384 1792 444 atque
1835 374 2168 429 enucleatius
2204 375 2469 429 declarari
2503 375 2656 430 solet.
2701 374 2846 429 Nam
2894 391 3054 445 neque
3092 377 3291 443 priores
3321 375 3430 430 ilia:

184 485 330 540 seetse,
358 473 772 538 Barbarismus,
797 469 1148 540 Scythismus,
1174 469 1516 535 Judaismus,
1556 478 1818 539 quatenus
1849 467 2052 528 Christi
2076 479 2254 524 ortum
2287 472 2590 534 antecessit,
2611 472 2756 526 inter
2778 471 3003 526 harreses
3036 471 3222 524 merito
3252 486 3432 523 recen-

184 580 374 634 sentur;
402 549 727 639 neque'ullte
747 567 954 635 proprie
985 574 1142 619 secta:
1174 564 1562 627 Barbarorum,
1597 574 1689 617 aut
1721 562 2040 634 Scytharum
2076 564 2311 633 fuerunt.
2348 566 2538 636 Atque,
2570 575 2628 618 ut
2673 565 2974 635 diligentius
3006 566 3063 617 in
3094 563 3428 627 Hellenismi,

181 661 430 716 Judaismi
482 677 548 714 ac
573 659 940 715 Samaritismi
969 659 1160 725 species
1196 658 1521 722 inquiratur,
1549 657 1812 727 pleneque
1839 657 2068 727 forsitan
2101 674 2128 712 e
2157 674 2374 712 numero
2407 669 2693 724 sectarum,
2720 661 2825 713 sive
2852 659 3119 712 ha'reseon
3143 654 3432 710 eximenda:

181 761 338 815 erunt;
369 750 436 804 de
465 767 575 821 qua
612 765 669 802 re
699 749 929 816 sparsim
989 762 1053 799 ac
1090 747 1202 800 suis
1237 746 1368 800 locis
1403 749 1754 816 opportunius
1787 758 1994 818 agetur.
2040 746 2107 800 In
2156 747 2486 801 Hellenismo
2521 749 2755 818 quidem,
2787 767 2905 804 cum
2935 762 3165 820 quatuor
3195 758 3431 801 tantum-

182 844 308 900 modo
340 852 516 898 sectas
545 842 874 912 Epiphanius
903 840 1178 903 numeret,
1207 841 1434 910 inﬁnitw
1467 839 1688 910 adjungi
1715 841 1840 895 alite
1869 849 2191 910 potuerunt;
2221 857 2447 911 quorum
2472 841 2750 912 plerasque
2782 844 2836 896 in
2864 847 3008 896 calce
3043 841 3201 910 hujus
3233 842 3428 910 operis,

182 937 219 989 in
240 935 364 1005 ﬁdei
393 933 691 990 Catholicae
731 931 1052 1003 Compendio
1091 942 1400 1001 prosecutus
1429 945 1530 988 est.
1582 932 1826 987 Alterum
1859 934 1956 988 hoc
2005 935 2060 988 in
2097 935 2304 1004 negotio
2351 934 2796 989 considerandum
2841 946 2950 999 est;
2984 941 3220 1006 quamvis
3255 951 3430 988 omnes

181 1022 264 1082 illa:
282 1037 444 1082 secttz
481 1026 620 1080 inter
668 1027 891 1080 haereses
941 1025 1083 1078 haud
1125 1025 1388 1082 immerito
1426 1037 1762 1093 censeantur,
1805 1044 2136 1098 nequaquam
2171 1038 2346 1084 tamen
2377 1028 2676 1098 Epiphanio
2707 1031 3105 1100 octogenarium
3129 1031 3280 1084 illum
3308 1047 3430 1082 con-

179 1129 296 1174 stare
321 1134 626 1174 numerum.
663 1117 876 1171 Etenim
918 1116 975 1168 in
1022 1115 1309 1183 partitione
1334 1117 1449 1184 ipsa
1481 1125 1671 1170 contra
1714 1116 1984 1171 dividendi
2013 1127 2277 1187 praecepta
2312 1135 2417 1171 non
2467 1118 2810 1172 mediocriter
2850 1129 3127 1188 peccatum
3158 1129 3237 1173 est
3269 1137 3430 1174 :cum

178 1213 415 1282 principio
450 1211 681 1290 quinque
714 1218 836 1262 ante
877 1207 1151 1262 Christum
1189 1219 1456 1262 sectarum
1483 1208 1706 1280 fastigia
1738 1220 2150 1280 proponuntur;
2185 1210 2590 1276 Barbarismus,
2642 1210 2999 1282 Scythismus,
3046 1212 3430 1279 Hellenismus,

179 1303 495 1368 ludaismus,
535 1303 949 1359 Samaritismus
976 1317 996 1355 :
1027 1318 1088 1356 ac
1122 1301 1312 1357 deinde
1358 1304 1655 1372 posteriora
1703 1305 1810 1358 tria
1853 1321 2046 1374 genera
2088 1306 2143 1358 in
2186 1306 2324 1378 alias
2373 1307 2569 1374 species
2620 1304 2946 1359 tribuuntur.
2982 1303 3051 1358 Et
3083 1305 3430 1360 nihilominus

178 1412 340 1468 genera
371 1412 495 1449 cum
539 1393 794 1464 subjectis
837 1394 941 1447 sibi
983 1396 1228 1463 partibus
1257 1396 1497 1450 eumdem
1531 1397 1584 1450 in
1626 1413 1902 1450 numerum
1941 1414 2306 1468 summamque
2353 1398 2723 1467 conferuntur.
2775 1398 2929 1465 Quod
2971 1407 3050 1452 est
3082 1398 3138 1452 in
3172 1398 3432 1452 divisione

155 1494 584 1549 sitiosissimum.
612 1489 794 1560 Neque
817 1492 958 1544 enim
992 1507 1154 1562 genus
1185 1492 1336 1561 πρὸς
1359 1492 1432 1546 τὰ
1453 1492 1586 1560 εἴδη
1611 1493 1683 1546 ἀν

1903 1493 2078 1547 νεῖται.
2125 1492 2192 1546 Ut
2223 1495 2270 1548 si
2320 1495 2502 1548 anima
2528 1495 2736 1564 vitaque
2763 1493 3048 1561 prteditum
3089 1508 3277 1560 corpus
3321 1495 3431 1560 pri-

183 1608 303 1645 mum
328 1591 385 1643 in
412 1578 618 1642 aninial
646 1604 709 1641 ac
734 1587 974 1656 plantam
1003 1590 1246 1656 partiare
1275 1604 1294 1642 :
1327 1597 1437 1641 tum
1469 1589 1674 1642 animal
1714 1591 1768 1642 in
1801 1599 2067 1652 terrestre,
2095 1589 2352 1657 aquatile,
2378 1589 2624 1652 volatile;
2658 1589 2901 1659 plantam
2923 1591 2975 1641 in
3002 1587 3238 1652 herbam,
3265 1589 3430 1658 fruti-

179 1704 263 1742 tim
283 1697 332 1741 et
359 1685 647 1739 arborem:
683 1698 745 1736 ac
775 1681 962 1737 deinde
1017 1683 1251 1739 collectis
1282 1685 1548 1749 omnibus,
1581 1693 1697 1738 octo
1745 1686 1980 1753 corporis
2023 1685 2248 1738 animati
2287 1694 2466 1753 partes
2505 1701 2618 1740 esse
2664 1687 2959 1740 constituas
2980 1701 2998 1738 :
3031 1688 3280 1740 nimirum
3313 1687 3429 1740 ani-

177 1783 287 1846 mal,
322 1780 606 1848 plantam;
643 1786 886 1831 terrestre
918 1778 1144 1842 animal,
1175 1779 1430 1848 aquatile,
1462 1779 1719 1834 volatile:
1751 1779 1990 1844 herbam,
2017 1781 2264 1848 fruticem
2290 1792 2340 1834 et
2389 1780 2653 1835 arborem.
2689 1779 2776 1834 Ita
2802 1783 2941 1834 enim
2970 1783 3108 1857 inter
3143 1783 3426 1837 divisionis

176 1883 332 1943 partes
364 1864 566 1942 'genera
597 1871 737 1940 ipsa,
771 1885 889 1940 qua:
921 1868 1256 1934 dividuntur,
1294 1885 1570 1940 perperam
1597 1870 1818 1940 referas.
1855 1870 2010 1938 Quod
2052 1872 2108 1925 in
2149 1871 2248 1925 illa
2286 1871 2969 1940 hwreseomdistributione
3002 1875 3266 1928 commisit
3297 1874 3429 1945 Epi-

175 1967 402 2034 phanius.
435 1963 641 2031 Quippe
675 1970 781 2015 tres
807 1960 935 2026 illae,
965 1977 1096 2032 quas
1130 1961 1268 2025 dixi,
1299 1961 1681 2028 Hellenismus,
1714 1962 2054 2028 Judaismus,
2096 1963 2513 2019 Samaritismus
2545 1981 2666 2018 cum
2707 1966 2817 2019 suis
2853 1967 3096 2036 partibus
3130 1967 3428 2036 conjuncta:

173 2079 416 2117 summam
439 2060 757 2129 conficiunt.
799 2056 948 2112 Unde
979 2058 1252 2113 subductis
1279 2068 1417 2114 recte
1447 2060 1711 2123 omnibus,
1740 2075 1857 2114 xvn
1899 2061 2160 2113 duntaxat
2201 2069 2321 2114 ante
2360 2060 2653 2124 Christum,
2686 2061 2924 2114 universe
2950 2077 3070 2115 vero
3097 2077 3282 2115 Lxxvu
3318 2061 3430 2115 ha:-

172 2175 318 2218 reses.
344 2174 447 2211 non
477 2169 624 2210 Lxxx
660 2163 1029 2210 numerantur.
1057 2152 1326 2210 Praeterea
1350 2170 1418 2208 xx
1443 2155 1682 2223 priorum
1725 2154 1990 2209 haereseon
2026 2154 2190 2208 alium
2224 2157 2278 2207 in
2305 2153 2548 2224 Epistola
2579 2155 2644 2207 ad
2677 2155 2934 2207 Acacium
2970 2163 3021 2208 el
3047 2153 3276 2207 Paulum
3307 2169 3429 2223 prc-

173 2253 426 2322 sbyteros,
463 2258 514 2303 et
558 2248 615 2302 in
657 2245 1128 2318 Anacephalazosi,
1157 2263 1316 2319 quam
1359 2247 1414 2300 in
1453 2247 1567 2315 ipso
1606 2247 1833 2303 decursu
1874 2249 2046 2318 operis
2089 2245 2323 2302 ordinem
2347 2246 2602 2301 instituit.
2665 2244 2955 2312 Utrumque
2986 2263 3079 2300 nos
3111 2246 3165 2299 in
3197 2245 3430 2304 sequenti

177 2346 338 2399 tabula
363 2346 768 2417 proposuimus.

1006 2496 1106 2551 XX
1148 2496 1404 2574 Priorum
1459 2496 1743 2574 haereseon
2697 2493 2818 2574 XX_
2845 2493 3098 2551 Priorum
3143 2498 3427 2574 lgereseon

1077 2567 1214 2622 ordo
1239 2567 1293 2620 in
1322 2565 1641 2635 Anacephal.
2720 2565 2858 2620 ordo
2879 2583 2943 2621 ex
2969 2582 3134 2630 opere
3153 2566 3404 2622 Panarii.

1046 2711 1069 2762 1
1115 2709 1500 2766 Barbarismus
2733 2703 2758 2756 1
2800 2703 3182 2763 Barbarismus

1044 2781 1080 2834 2
1115 2781 1464 2851 §cyihismus
2725 2773 2763 2851 ἓ
2799 2773 3150 2851 _S_cy_thi_smus

1047 2851 1080 2904 5
1119 2843 1484 2906 ΗόΙΙεηὶεωυε
2729 2844 2764 2898 5
2799 2843 3168 2903 Hellenismus

1048 2920 1084 2972 4
1118 2919 1439 2976 Judaismus
2734 2914 2769 2968 4
2805 2913 3121 2973 Judaismus

1050 2991 1083 3045 5
1123 2989 1536 3045 Samaritismus

1051 3061 1084 3112 6
1119 3059 1445 3112 Pvlhauorei
1997 3073 2203 3112 ..-ηρ
2296 3097 2310 3110 .

2153 3073 2160 3078 ι
2617 3001 2641 3112 ς
2803 2985 2972 3106 amici
3010 3057 3020 3068 .
3064 3058 3076 3070 O

1997 3091 2203 3112 n_..A_.
2296 3097 2310 3110 .
2855 3057 3077 3112 latomcn

609 3168 621 3180 .
937 3071 962 3327 ³
1051 3059 1445 3184 ξὲἶέῗὲιξξὲἵθί
1996 3073 2313 3152 ηειιείιίειηί
2614 3059 2641 3255 ξ
2736 3059 3132 3198 Minius

298 3169 624 3226 Hellenisml
1052 3201 1085 3254 8
1126 3201 1299 3254 Stoici
2737 3193 2770 3247 8
2809 3192 3060 3263 Epicurei

1051 3269 1084 3324 9
1124 3269 1375 3327 Epicurei
2735 3265 2769 3317 9
2811 3264 3113 3321 Samaritae.

1051 3269 1084 3324 9
1124 3269 1375 3339 Epicurei
2708 3265 2769 3339 -ξὶ
2808 3264 3113 3339 §amarita3.

1023 3341 1086 3393 10
1121 3333 1386 3394 ϐίη-ιιιθηί

2643 3395 2654 3404 ,
2701 3334 2767 3386 10
2808 3333 2996 3404 Εεεειιὶ

1023 3351 1086 3393 lu
1121 3351 1386 3394 Uoruiem

301 3437 672 3496 Samaritismi
940 3351 964 3606 3

1024 3551 1092 3605 15
1133 3549 1376 3604 Dosithei

2643 3395 2654 3404 .
2701 3351 2767 3386 ιυ
2808 3351 2997 3389 ηεεειιι

2702 3404 2759 3455 11
2809 3403 3020 3460 δρὺιιίιξί

2707 3473 2771 3527 12
2809 3473 3073 3530 Gorlhcni

2220 3605 2223 3606 ν
2705 3544 2770 3597 15
2807 3542 3052 3602 Dosilhei

1024 3551 1092 3605 15
1133 3549 1376 3604 Dosithei
2219 3605 2226 3612 .

2219 3605 2226 3612 ,
2705 3544 2770 3597 15
2807 3542 3051 3602 Dosilhei

1022 3621 1089 3674 M
1123 3617 1328 3674 Scriba:
2630 3637 2651 3674 ι
2708 3615 2775 3668 14
2817 3615 3105 3672 Βείιᾱυθωί

1028 3690 1090 3744 15
1127 3689 1386 3744 ΡΜτὶδωί

2625 3684 2648 3744 ι
2708 3687 2773 3737 15
2814 3684 3022 3741 Scriba:

1024 3760 1090 3813 16
1130 3758 1416 3813 Sadducaai
2629 3755 2653 3813 1
2711 3755 2773 3808 16
2816 3755 3073 3809 Pllariswi

310 3839 577 3898 Judaismi
942 3823 968 3898 ι
1023 3830 1091 3883 17
1131 3827 1616 3898 Hemerobaptista:
1999 3823 2265 3882 Judaismi
2628 3823 2651 3898 (
2709 3825 2772 3898 ῃ
2812 3823 3298 3898 ﬂemerobaptistaa

290 3891 577 3905 ἠ’-ΨΜ
947 3891 969 3955 1
1024 3901 1091 3955 18
1126 3899 1295 3953 053³ιί
1438 3891 1454 3898 ’

2636 3891 2655 3955 )
2709 3892 2776 3946 18
2810 3891 3049 3948 Nazareni

1025 3971 1090 4024 19
1131 3968 1370 4023 Nazami
2222 4026 2224 4030 τ

2222 4026 2224 4030 τ
2629 3961 2652 4030 1
2712 3963 2778 4016 19
2817 3961 3011 4020 Osseni

1021 4040 1092 4094 20
1132 4035 1431 4095 Herodiani
2631 4032 2652 4087 \
2709 4032 2779 4086 20
2817 4033 3113 4089 Herodiani

254 4194 312 4248 In
337 4197 614 4266 posteriori
649 4196 792 4251 serie
828 4193 992 4251 Stoici
1027 4204 1148 4250 ante
1179 4203 1399 4250 caeteras
1429 4187 1861 4264 philosophorum
1904 4198 2076 4243 sectas
2110 4186 2474 4252 collocantur;
2506 4187 2664 4242 aliter
2704 4197 2860 4259 atque
2907 4191 2960 4243 in
3002 4191 3172 4259 priori
3217 4191 3434 4260 fecerat,

191 4302 292 4356 qua
328 4289 469 4360 longe
511 4307 576 4344 ac
609 4291 667 4344 in
707 4297 864 4360 parte
910 4288 1241 4343 tolerabilior
1290 4295 1390 4343 est.
1430 4284 1571 4339 Hinc
1601 4293 1703 4346 est,

1907 4279 2206 4336 Stoicorum
2253 4288 2396 4333 secta
2443 4279 2608 4348 τρίτη
2642 4281 2762 4334 ἀπὸ
2807 4281 3211 4352 Ἑλληνισμοῦ
3253 4285 3321 4338 sit
3355 4285 3433 4337 in-

192 4379 387 4448 scripta.
422 4378 566 4435 Nam
603 4381 826 4434 tertium
858 4376 922 4431 ab
951 4377 1276 4432 Hellenismo
1304 4377 1477 4432 locum
1501 4373 1656 4428 habet
1683 4374 1741 4428 in
1769 4372 1928 4436 serie,
1959 4379 2017 4424 ut
2048 4369 2316 4424 Platonici
2341 4379 2611 4438 quartum,
2646 4380 2801 4442 atque
2829 4373 2905 4426 ita
2933 4375 3212 4446 deinceps;
3243 4393 3343 4429 non
3379 4385 3435 4430 ut

193 4471 242 4525 in
260 4474 590 4547 inscriptione
617 4475 824 4530 Latina
859 4482 975 4539 est;
1005 4475 1163 4529 tertia
1191 4472 1513 4530 Hellenismi
1541 4477 1692 4527 secta
1723 4487 1737 4524 :
1772 4483 1870 4540 pro
1901 4483 2006 4540 quo
2037 4465 2209 4520 scribe
2236 4478 2254 4518 :
2285 4463 2468 4521 Tertia
2499 4466 2567 4522 ab
2590 4465 2927 4524 Hellenismo
2967 4477 3135 4526 secta.
