  <div class='ocr_page' id='page_1' title='image "/cluster/home/n/w/nwhite01/storage/ocr_20150623/41/hvd.32044073501868/100.png"; bbox 0 0 3870 6068; ppageno 0'>
   <div class='ocr_carea' id='block_1_1' title="bbox 266 194 367 251">
    <p class='ocr_par' dir='ltr' id='par_1_1' title="bbox 266 194 367 251">
     <span class='ocr_line' id='line_1_1' title="bbox 266 194 367 251; baseline -0.01 0"><span class='ocrx_word' id='word_1_1' title='bbox 266 194 367 251; x_wconf 70' lang='grc'><strong>157</strong></span> 
     </span>
    </p>
   </div>
   <div class='ocr_carea' id='block_1_2' title="bbox 994 176 2789 251">
    <p class='ocr_par' dir='ltr' id='par_1_2' title="bbox 994 176 2789 251">
     <span class='ocr_line' id='line_1_2' title="bbox 994 176 2789 251; baseline 0.003 -9"><span class='ocrx_word' id='word_1_2' title='bbox 994 185 1338 244; x_wconf 81' lang='lat' dir='ltr'><strong>EPlPllANll</strong></span> <span class='ocrx_word' id='word_1_3' title='bbox 1381 189 1830 249; x_wconf 71' lang='lat' dir='ltr'><strong>nascmrruu</strong></span> <span class='ocrx_word' id='word_1_4' title='bbox 1874 190 1967 244; x_wconf 82' lang='lat' dir='ltr'><strong>AD</strong></span> <span class='ocrx_word' id='word_1_5' title='bbox 2008 176 2444 251; x_wconf 62' lang='lat' dir='ltr'><strong>amomum</strong></span> <span class='ocrx_word' id='word_1_6' title='bbox 2484 190 2789 247; x_wconf 72' lang='lat' dir='ltr'><strong>PABLUM.</strong></span> 
     </span>
    </p>
   </div>
   <div class='ocr_carea' id='block_1_3' title="bbox 3419 199 3519 254">
    <p class='ocr_par' dir='ltr' id='par_1_3' title="bbox 3419 199 3519 254">
     <span class='ocr_line' id='line_1_3' title="bbox 3419 199 3519 254; baseline 0.04 -4"><span class='ocrx_word' id='word_1_7' title='bbox 3419 199 3519 254; x_wconf 66' lang='lat'><strong>£53</strong></span> 
     </span>
    </p>
   </div>
   <div class='ocr_carea' id='block_1_4' title="bbox 260 305 1843 383">
    <p class='ocr_par' dir='ltr' id='par_1_4' title="bbox 260 305 1832 383">
     <span class='ocr_line' id='line_1_4' title="bbox 260 305 1832 383; baseline -0.003 -17"><span class='ocrx_word' id='word_1_8' title='bbox 260 330 360 383; x_wconf 80' lang='grc' dir='ltr'><strong>της</strong></span> <span class='ocrx_word' id='word_1_9' title='bbox 380 309 525 374; x_wconf 80' lang='grc' dir='ltr'>ὀδοῦ,</span> <span class='ocrx_word' id='word_1_10' title='bbox 561 308 660 362; x_wconf 79' lang='grc' dir='ltr'>καὶ</span> <span class='ocrx_word' id='word_1_11' title='bbox 691 307 1086 375; x_wconf 81' lang='grc' dir='ltr'>νεοκατηχήτου</span> <span class='ocrx_word' id='word_1_12' title='bbox 1117 305 1291 370; x_wconf 72' lang='grc' dir='ltr'>ὄντος,</span> <span class='ocrx_word' id='word_1_13' title='bbox 1327 307 1709 379; x_wconf 71' lang='grc' dir='ltr'><strong>ἐπετρέψαμεν</strong></span> <span class='ocrx_word' id='word_1_14' title='bbox 1732 310 1832 379; x_wconf 78' lang='grc' dir='ltr'>τὴν</span> 
     </span>
    </p>
   </div>
   <div class='ocr_carea' id='block_1_5' title="bbox 1950 305 3522 383">
    <p class='ocr_par' dir='ltr' id='par_1_5' title="bbox 1950 309 3522 382">
     <span class='ocr_line' id='line_1_5' title="bbox 1950 309 3522 382; baseline 0.003 -19"><span class='ocrx_word' id='word_1_15' title='bbox 1950 309 2495 382; x_wconf 65' lang='lat' dir='ltr'><strong>himentagnitudine</strong></span> <span class='ocrx_word' id='word_1_16' title='bbox 2542 310 2894 373; x_wconf 85' lang='lat' dir='ltr'><strong>stimulatus,</strong></span> <span class='ocrx_word' id='word_1_17' title='bbox 2930 310 2998 363; x_wconf 89' lang='lat' dir='ltr'><strong>ad</strong></span> <span class='ocrx_word' id='word_1_18' title='bbox 3048 319 3100 366; x_wconf 91' lang='lat' dir='ltr'><strong>te</strong></span> <span class='ocrx_word' id='word_1_19' title='bbox 3152 312 3366 381; x_wconf 85' lang='lat' dir='ltr'><strong>pietatis</strong></span> <span class='ocrx_word' id='word_1_20' title='bbox 3414 322 3522 368; x_wconf 80' lang='lat' dir='ltr'><strong>tua:</strong></span> 
     </span>
    </p>
   </div>
   <div class='ocr_carea' id='block_1_6' title="bbox 232 396 1836 471">
    <p class='ocr_par' dir='ltr' id='par_1_6' title="bbox 232 396 1836 471">
     <span class='ocr_line' id='line_1_6' title="bbox 232 396 1836 471; baseline -0.002 -14"><span class='ocrx_word' id='word_1_21' title='bbox 232 401 527 471; x_wconf 74' lang='grc' dir='ltr'><strong>-τοσαύτην</strong></span> <span class='ocrx_word' id='word_1_22' title='bbox 576 398 737 470; x_wconf 80' lang='grc' dir='ltr'>ἡμῶν</span> <span class='ocrx_word' id='word_1_23' title='bbox 788 398 991 468; x_wconf 84' lang='grc' dir='ltr'>τόλμαν</span> <span class='ocrx_word' id='word_1_24' title='bbox 1036 396 1146 449; x_wconf 82' lang='grc' dir='ltr'><strong>τῶν</strong></span> <span class='ocrx_word' id='word_1_25' title='bbox 1185 398 1525 468; x_wconf 80' lang='grc' dir='ltr'><strong>ἁμαρτωλῶν</strong></span> <span class='ocrx_word' id='word_1_26' title='bbox 1566 400 1703 470; x_wconf 71' lang='grc' dir='ltr'>πρὸς</span> <span class='ocrx_word' id='word_1_27' title='bbox 1745 401 1836 453; x_wconf 74' lang='grc' dir='ltr'>τὸν</span> 
     </span>
    </p>
   </div>
   <div class='ocr_carea' id='block_1_7' title="bbox 266 489 1842 568">
    <p class='ocr_par' dir='ltr' id='par_1_7' title="bbox 266 489 1842 568">
     <span class='ocr_line' id='line_1_7' title="bbox 266 489 1842 568; baseline -0.004 -20"><span class='ocrx_word' id='word_1_28' title='bbox 266 494 514 568; x_wconf 85' lang='grc' dir='ltr'>μαθητήν</span> <span class='ocrx_word' id='word_1_29' title='bbox 559 508 640 545; x_wconf 62' lang='grc' dir='ltr'>σε»</span> <span class='ocrx_word' id='word_1_30' title='bbox 672 489 765 544; x_wconf 87' lang='grc' dir='ltr'><strong>τοῦ</strong></span> <span class='ocrx_word' id='word_1_31' title='bbox 800 491 1068 560; x_wconf 76' lang='grc' dir='ltr'><strong>Σωτῆρος,</strong></span> <span class='ocrx_word' id='word_1_32' title='bbox 1102 492 1167 543; x_wconf 83' lang='grc' dir='ltr'>Ὀ</span> <span class='ocrx_word' id='word_1_33' title='bbox 1207 490 1264 542; x_wconf 84' lang='grc' dir='ltr'>δὲ</span> <span class='ocrx_word' id='word_1_34' title='bbox 1296 489 1554 561; x_wconf 80' lang='grc' dir='ltr'>ἀξιοῦμεν</span> <span class='ocrx_word' id='word_1_35' title='bbox 1591 491 1699 544; x_wconf 85' lang='grc' dir='ltr'><strong>τῶν</strong></span> <span class='ocrx_word' id='word_1_36' title='bbox 1743 493 1842 562; x_wconf 77' lang='grc' dir='ltr'>ρη-</span> 
     </span>
    </p>
   </div>
   <div class='ocr_carea' id='block_1_8' title="bbox 263 579 1839 653">
    <p class='ocr_par' dir='ltr' id='par_1_8' title="bbox 263 579 1839 653">
     <span class='ocr_line' id='line_1_8' title="bbox 263 579 1839 653; baseline -0.005 -15"><span class='ocrx_word' id='word_1_37' title='bbox 263 586 456 639; x_wconf 78' lang='grc' dir='ltr'><strong>θέντων</strong></span> <span class='ocrx_word' id='word_1_38' title='bbox 484 600 567 635; x_wconf 86' lang='grc' dir='ltr'><strong>σοι</strong></span> <span class='ocrx_word' id='word_1_39' title='bbox 594 582 733 653; x_wconf 83' lang='grc' dir='ltr'>πρός</span> <span class='ocrx_word' id='word_1_40' title='bbox 763 597 915 644; x_wconf 82' lang='grc' dir='ltr'>τινας</span> <span class='ocrx_word' id='word_1_41' title='bbox 939 580 1221 649; x_wconf 77' lang='grc' dir='ltr'>ἀδελφοὺς,</span> <span class='ocrx_word' id='word_1_42' title='bbox 1256 581 1336 644; x_wconf 87' lang='grc' dir='ltr'><strong>είς</strong></span> <span class='ocrx_word' id='word_1_43' title='bbox 1379 579 1626 633; x_wconf 82' lang='grc' dir='ltr'><strong>παιδείαν</strong></span> <span class='ocrx_word' id='word_1_44' title='bbox 1664 579 1839 651; x_wconf 80' lang='grc' dir='ltr'>δωρήο</span> 
     </span>
    </p>
   </div>
   <div class='ocr_carea' id='block_1_9' title="bbox 264 671 1844 745">
    <p class='ocr_par' dir='ltr' id='par_1_9' title="bbox 264 671 1844 745">
     <span class='ocr_line' id='line_1_9' title="bbox 264 671 1844 745; baseline -0.003 -16"><span class='ocrx_word' id='word_1_45' title='bbox 264 674 451 729; x_wconf 87' lang='grc' dir='ltr'>σασθαι</span> <span class='ocrx_word' id='word_1_46' title='bbox 480 675 621 745; x_wconf 85' lang='grc' dir='ltr'>ὅπερ</span> <span class='ocrx_word' id='word_1_47' title='bbox 649 673 733 727; x_wconf 75' lang='grc' dir='ltr'>σοὶ</span> <span class='ocrx_word' id='word_1_48' title='bbox 755 673 852 743; x_wconf 81' lang='grc' dir='ltr'>μὲν</span> <span class='ocrx_word' id='word_1_49' title='bbox 876 672 955 743; x_wconf 86' lang='grc' dir='ltr'><strong>τῷ</strong></span> <span class='ocrx_word' id='word_1_50' title='bbox 981 672 1175 743; x_wconf 83' lang='grc' dir='ltr'>δικαίῳ</span> <span class='ocrx_word' id='word_1_51' title='bbox 1213 671 1452 743; x_wconf 79' lang='grc' dir='ltr'>ἀϐαρὲς,</span> <span class='ocrx_word' id='word_1_52' title='bbox 1476 674 1607 743; x_wconf 78' lang='grc' dir='ltr'>ἡμῖν</span> <span class='ocrx_word' id='word_1_53' title='bbox 1640 672 1697 725; x_wconf 82' lang='grc' dir='ltr'>δὲ</span> <span class='ocrx_word' id='word_1_54' title='bbox 1731 675 1844 735; x_wconf 84' lang='grc' dir='ltr'>τοῖς</span> 
     </span>
    </p>
   </div>
   <div class='ocr_carea' id='block_1_10' title="bbox 256 763 1839 837">
    <p class='ocr_par' dir='ltr' id='par_1_10' title="bbox 256 763 1839 837">
     <span class='ocr_line' id='line_1_10' title="bbox 256 763 1839 837; baseline -0.003 -16"><span class='ocrx_word' id='word_1_55' title='bbox 256 766 605 837; x_wconf 70' lang='grc' dir='ltr'><strong>ἁμαρτωλοῖς</strong></span> <span class='ocrx_word' id='word_1_56' title='bbox 654 763 1049 836; x_wconf 75' lang='grc' dir='ltr'>μεταλαϐοῦσιν</span> <span class='ocrx_word' id='word_1_57' title='bbox 1094 764 1466 836; x_wconf 72' lang='grc' dir='ltr'>εὐφρανθῆναι</span> <span class='ocrx_word' id='word_1_58' title='bbox 1515 766 1574 818; x_wconf 82' lang='grc' dir='ltr'>ὲν</span> <span class='ocrx_word' id='word_1_59' title='bbox 1628 764 1839 837; x_wconf 78' lang='grc' dir='ltr'>Κυρίῳ.</span> 
     </span>
    </p>
   </div>
   <div class='ocr_carea' id='block_1_11' title="bbox 273 852 1841 926">
    <p class='ocr_par' dir='ltr' id='par_1_11' title="bbox 273 852 1841 926">
     <span class='ocr_line' id='line_1_11' title="bbox 273 852 1841 926; baseline -0.001 -19"><span class='ocrx_word' id='word_1_60' title='bbox 273 852 704 925; x_wconf 83' lang='grc' dir='ltr'>Ἐμπλησθέντες</span> <span class='ocrx_word' id='word_1_61' title='bbox 724 853 836 925; x_wconf 86' lang='grc' dir='ltr'><strong>γάρ</strong></span> <span class='ocrx_word' id='word_1_62' title='bbox 864 869 958 907; x_wconf 91' lang='grc' dir='ltr'><strong>σου</strong></span> <span class='ocrx_word' id='word_1_63' title='bbox 994 853 1102 906; x_wconf 84' lang='grc' dir='ltr'><strong>τῶν</strong></span> <span class='ocrx_word' id='word_1_64' title='bbox 1137 854 1525 923; x_wconf 79' lang='grc' dir='ltr'><strong>πνευματικῶν</strong></span> <span class='ocrx_word' id='word_1_65' title='bbox 1557 854 1841 926; x_wconf 80' lang='grc' dir='ltr'><strong>ῥημάτων,</strong></span> 
     </span>
    </p>
   </div>
   <div class='ocr_carea' id='block_1_12' title="bbox 172 944 1843 1015">
    <p class='ocr_par' dir='ltr' id='par_1_12' title="bbox 172 944 1843 1015">
     <span class='ocr_line' id='line_1_12' title="bbox 172 944 1843 1015; baseline -0.001 -17"><span class='ocrx_word' id='word_1_66' title='bbox 172 986 179 991; x_wconf 79' lang='grc'>.</span> <span class='ocrx_word' id='word_1_67' title='bbox 260 944 724 1015; x_wconf 78' lang='grc' dir='ltr'>ὲπικουφιζόμεθα</span> <span class='ocrx_word' id='word_1_68' title='bbox 758 944 868 997; x_wconf 85' lang='grc' dir='ltr'>τῶν</span> <span class='ocrx_word' id='word_1_69' title='bbox 905 944 1148 1013; x_wconf 82' lang='grc' dir='ltr'>ἀνομιῶν</span> <span class='ocrx_word' id='word_1_70' title='bbox 1186 944 1364 1015; x_wconf 79' lang='grc' dir='ltr'>ἡμῶν.</span> <span class='ocrx_word' id='word_1_71' title='bbox 1407 944 1750 1014; x_wconf 84' lang='grc' dir='ltr'>Ἦκούσαμεν</span> <span class='ocrx_word' id='word_1_72' title='bbox 1785 944 1843 997; x_wconf 78' lang='grc' dir='ltr'>δὲ</span> 
     </span>
    </p>
   </div>
   <div class='ocr_carea' id='block_1_13' title="bbox 258 1036 1841 1109">
    <p class='ocr_par' dir='ltr' id='par_1_13' title="bbox 258 1036 1841 1109">
     <span class='ocr_line' id='line_1_13' title="bbox 258 1036 1841 1109; baseline -0.002 -18"><span class='ocrx_word' id='word_1_73' title='bbox 258 1036 617 1109; x_wconf 77' lang='grc' dir='ltr'><strong>ἐπικληθέντα</strong></span> <span class='ocrx_word' id='word_1_74' title='bbox 662 1037 904 1107; x_wconf 82' lang='grc' dir='ltr'>ὀνόματα</span> <span class='ocrx_word' id='word_1_75' title='bbox 945 1036 1053 1090; x_wconf 80' lang='grc' dir='ltr'><strong>ὑπὸ</strong></span> <span class='ocrx_word' id='word_1_76' title='bbox 1093 1037 1192 1106; x_wconf 83' lang='grc' dir='ltr'>τῆς</span> <span class='ocrx_word' id='word_1_77' title='bbox 1231 1037 1331 1108; x_wconf 79' lang='grc' dir='ltr'>σῆς</span> <span class='ocrx_word' id='word_1_78' title='bbox 1374 1037 1687 1108; x_wconf 83' lang='grc' dir='ltr'>τιμιότητος</span> <span class='ocrx_word' id='word_1_79' title='bbox 1719 1039 1841 1101; x_wconf 86' lang='grc' dir='ltr'>ταῖς</span> 
     </span>
    </p>
   </div>
   <div class='ocr_carea' id='block_1_14' title="bbox 258 1122 1842 1200">
    <p class='ocr_par' dir='ltr' id='par_1_14' title="bbox 258 1122 1842 1200">
     <span class='ocr_line' id='line_1_14' title="bbox 258 1122 1842 1200; baseline -0.003 -16"><span class='ocrx_word' id='word_1_80' title='bbox 258 1130 550 1200; x_wconf 77' lang='grc' dir='ltr'>αἱρέσεσιν.</span> <span class='ocrx_word' id='word_1_81' title='bbox 585 1122 662 1184; x_wconf 81' lang='grc' dir='ltr'>ὧν</span> <span class='ocrx_word' id='word_1_82' title='bbox 695 1130 932 1199; x_wconf 78' lang='grc' dir='ltr'><strong>ἑκάστης</strong></span> <span class='ocrx_word' id='word_1_83' title='bbox 971 1127 1265 1200; x_wconf 82' lang='grc' dir='ltr'><strong>θρησκείας</strong></span> <span class='ocrx_word' id='word_1_84' title='bbox 1308 1126 1568 1198; x_wconf 82' lang='grc' dir='ltr'>ἀξιοῦμεν</span> <span class='ocrx_word' id='word_1_85' title='bbox 1600 1128 1698 1199; x_wconf 77' lang='grc' dir='ltr'>τὴν</span> <span class='ocrx_word' id='word_1_86' title='bbox 1744 1126 1842 1199; x_wconf 84' lang='grc' dir='ltr'>σὴν</span> 
     </span>
    </p>
   </div>
   <div class='ocr_carea' id='block_1_15' title="bbox 258 1200 1842 1290">
    <p class='ocr_par' dir='ltr' id='par_1_15' title="bbox 258 1200 1842 1290">
     <span class='ocr_line' id='line_1_15' title="bbox 258 1200 1842 1290; baseline -0.003 -16"><span class='ocrx_word' id='word_1_87' title='bbox 258 1218 564 1275; x_wconf 75' lang='grc' dir='ltr'>θεοσέϐειαν</span> <span class='ocrx_word' id='word_1_88' title='bbox 591 1218 892 1290; x_wconf 79' lang='grc' dir='ltr'>διαρρήδην</span> <span class='ocrx_word' id='word_1_89' title='bbox 912 1220 1045 1288; x_wconf 73' lang='grc' dir='ltr'>ἡμῖν</span> <span class='ocrx_word' id='word_1_90' title='bbox 1067 1200 1306 1289; x_wconf 73' lang='grc' dir='ltr'>δηλῶσαι</span> <span class='ocrx_word' id='word_1_91' title='bbox 1331 1219 1430 1290; x_wconf 79' lang='grc' dir='ltr'>τὴν</span> <span class='ocrx_word' id='word_1_92' title='bbox 1455 1218 1689 1289; x_wconf 81' lang='grc' dir='ltr'>αἰρεσιν.</span> <span class='ocrx_word' id='word_1_93' title='bbox 1719 1217 1842 1288; x_wconf 83' lang='grc' dir='ltr'>’Ἱση</span> 
     </span>
    </p>
   </div>
   <div class='ocr_carea' id='block_1_16' title="bbox 256 1309 1842 1382">
    <p class='ocr_par' dir='ltr' id='par_1_16' title="bbox 256 1309 1842 1382">
     <span class='ocr_line' id='line_1_16' title="bbox 256 1309 1842 1382; baseline -0.002 -19"><span class='ocrx_word' id='word_1_94' title='bbox 256 1311 356 1382; x_wconf 79' lang='grc' dir='ltr'><strong>γὰρ</strong></span> <span class='ocrx_word' id='word_1_95' title='bbox 370 1311 635 1365; x_wconf 83' lang='grc' dir='ltr'>ἁπάντων</span> <span class='ocrx_word' id='word_1_96' title='bbox 660 1312 694 1381; x_wconf 84' lang='grc' dir='ltr'><strong>ή</strong></span> <span class='ocrx_word' id='word_1_97' title='bbox 717 1309 915 1381; x_wconf 82' lang='grc' dir='ltr'>δωρεά,</span> <span class='ocrx_word' id='word_1_98' title='bbox 937 1311 1047 1365; x_wconf 72' lang='grc' dir='ltr'><strong>Καὶ</strong></span> <span class='ocrx_word' id='word_1_99' title='bbox 1066 1310 1125 1362; x_wconf 84' lang='grc' dir='ltr'>σὲ</span> <span class='ocrx_word' id='word_1_100' title='bbox 1141 1309 1401 1381; x_wconf 81' lang='grc' dir='ltr'>ἀξιοῦμεν</span> <span class='ocrx_word' id='word_1_101' title='bbox 1426 1309 1738 1381; x_wconf 44' lang='grc' dir='ltr'>εὐχὴνηποιή</span> <span class='ocrx_word' id='word_1_102' title='bbox 1747 1325 1842 1361; x_wconf 83' lang='grc' dir='ltr'>σα-</span> 
     </span>
    </p>
   </div>
   <div class='ocr_carea' id='block_1_17' title="bbox 257 1398 1841 1473">
    <p class='ocr_par' dir='ltr' id='par_1_17' title="bbox 257 1398 1841 1473">
     <span class='ocr_line' id='line_1_17' title="bbox 257 1398 1841 1473; baseline -0.001 -21"><span class='ocrx_word' id='word_1_103' title='bbox 257 1401 393 1461; x_wconf 83' lang='grc' dir='ltr'>σθαι,</span> <span class='ocrx_word' id='word_1_104' title='bbox 426 1400 487 1453; x_wconf 83' lang='grc' dir='ltr'>σὲ</span> <span class='ocrx_word' id='word_1_105' title='bbox 518 1400 612 1452; x_wconf 80' lang='grc' dir='ltr'>τὸν</span> <span class='ocrx_word' id='word_1_106' title='bbox 636 1399 845 1452; x_wconf 86' lang='grc' dir='ltr'>δίκαιον</span> <span class='ocrx_word' id='word_1_107' title='bbox 874 1398 954 1469; x_wconf 80' lang='grc' dir='ltr'>τῷ</span> <span class='ocrx_word' id='word_1_108' title='bbox 989 1400 1198 1471; x_wconf 76' lang='grc' dir='ltr'>Κυρίῳ,</span> <span class='ocrx_word' id='word_1_109' title='bbox 1230 1400 1371 1473; x_wconf 80' lang='grc' dir='ltr'><strong>ὑπὲρ</strong></span> <span class='ocrx_word' id='word_1_110' title='bbox 1392 1399 1611 1453; x_wconf 86' lang='grc' dir='ltr'>πάντων</span> <span class='ocrx_word' id='word_1_111' title='bbox 1639 1399 1746 1452; x_wconf 79' lang='grc' dir='ltr'>τῶν</span> <span class='ocrx_word' id='word_1_112' title='bbox 1780 1415 1841 1451; x_wconf 84' lang='grc' dir='ltr'><strong>σε</strong></span> 
     </span>
    </p>
   </div>
   <div class='ocr_carea' id='block_1_18' title="bbox 255 1488 1837 1561">
    <p class='ocr_par' dir='ltr' id='par_1_18' title="bbox 255 1488 1837 1561">
     <span class='ocr_line' id='line_1_18' title="bbox 255 1488 1837 1561; baseline -0.002 -17"><span class='ocrx_word' id='word_1_113' title='bbox 255 1489 586 1552; x_wconf 79' lang='grc' dir='ltr'>ποθούντων,</span> <span class='ocrx_word' id='word_1_114' title='bbox 617 1490 711 1542; x_wconf 80' lang='grc' dir='ltr'><strong>καὶ</strong></span> <span class='ocrx_word' id='word_1_115' title='bbox 736 1488 1102 1559; x_wconf 74' lang='grc' dir='ltr'>ἐκδεχομένων</span> <span class='ocrx_word' id='word_1_116' title='bbox 1152 1490 1252 1559; x_wconf 82' lang='grc' dir='ltr'>τὴν</span> <span class='ocrx_word' id='word_1_117' title='bbox 1280 1489 1434 1560; x_wconf 82' lang='grc' dir='ltr'><strong>παρά</strong></span> <span class='ocrx_word' id='word_1_118' title='bbox 1476 1489 1569 1542; x_wconf 88' lang='grc' dir='ltr'><strong>σοῦ</strong></span> <span class='ocrx_word' id='word_1_119' title='bbox 1608 1488 1837 1561; x_wconf 84' lang='grc' dir='ltr'>δωρεάν.</span> 
     </span>
    </p>
   </div>
   <div class='ocr_carea' id='block_1_19' title="bbox 267 1579 1842 1651">
    <p class='ocr_par' dir='ltr' id='par_1_19' title="bbox 267 1579 1842 1651">
     <span class='ocr_line' id='line_1_19' title="bbox 267 1579 1842 1651; baseline -0.001 -16"><span class='ocrx_word' id='word_1_120' title='bbox 267 1583 348 1635; x_wconf 82' lang='grc' dir='ltr'>Ἑν</span> <span class='ocrx_word' id='word_1_121' title='bbox 379 1582 617 1651; x_wconf 72' lang='grc' dir='ltr'>νηστείᾳ</span> <span class='ocrx_word' id='word_1_122' title='bbox 655 1582 750 1633; x_wconf 70' lang='grc' dir='ltr'>καὶ</span> <span class='ocrx_word' id='word_1_123' title='bbox 783 1581 915 1651; x_wconf 78' lang='grc' dir='ltr'><strong>εὐχῇ</strong></span> <span class='ocrx_word' id='word_1_124' title='bbox 954 1582 1121 1651; x_wconf 80' lang='grc' dir='ltr'>ἐσμεν</span> <span class='ocrx_word' id='word_1_125' title='bbox 1166 1581 1257 1634; x_wconf 84' lang='grc' dir='ltr'>τὸν</span> <span class='ocrx_word' id='word_1_126' title='bbox 1284 1581 1460 1634; x_wconf 85' lang='grc' dir='ltr'>κοινὸν</span> <span class='ocrx_word' id='word_1_127' title='bbox 1497 1579 1653 1651; x_wconf 75' lang='grc' dir='ltr'>ἡμῶν</span> <span class='ocrx_word' id='word_1_128' title='bbox 1690 1580 1842 1634; x_wconf 81' lang='grc' dir='ltr'>ἀδελ-</span> 
     </span>
    </p>
   </div>
   <div class='ocr_carea' id='block_1_20' title="bbox 1944 399 3526 469">
    <p class='ocr_par' dir='ltr' id='par_1_20' title="bbox 1944 399 3526 469">
     <span class='ocr_line' id='line_1_20' title="bbox 1944 399 3526 469; baseline 0 -14"><span class='ocrx_word' id='word_1_129' title='bbox 1944 399 2215 455; x_wconf 87' lang='lat' dir='ltr'><strong>desiderio</strong></span> <span class='ocrx_word' id='word_1_130' title='bbox 2265 400 2607 463; x_wconf 87' lang='lat' dir='ltr'><strong>traheretur,</strong></span> <span class='ocrx_word' id='word_1_131' title='bbox 2654 400 2905 469; x_wconf 85' lang='lat' dir='ltr'><strong>idemque</strong></span> <span class='ocrx_word' id='word_1_132' title='bbox 2953 400 3283 454; x_wconf 89' lang='lat' dir='ltr'><strong>monasterio</strong></span> <span class='ocrx_word' id='word_1_133' title='bbox 3334 410 3526 456; x_wconf 90' lang='lat' dir='ltr'><strong>nostro</strong></span> 
     </span>
    </p>
   </div>
   <div class='ocr_carea' id='block_1_21' title="bbox 1943 489 3525 561">
    <p class='ocr_par' dir='ltr' id='par_1_21' title="bbox 1943 489 3525 561">
     <span class='ocr_line' id='line_1_21' title="bbox 1943 489 3525 561; baseline 0 -17"><span class='ocrx_word' id='word_1_134' title='bbox 1943 497 2091 545; x_wconf 91' lang='lat' dir='ltr'><strong>esset</strong></span> <span class='ocrx_word' id='word_1_135' title='bbox 2129 490 2442 559; x_wconf 77' lang='lat' dir='ltr'><strong>ascriptus;</strong></span> <span class='ocrx_word' id='word_1_136' title='bbox 2476 489 2751 544; x_wconf 86' lang='lat' dir='ltr'><strong>hominem</strong></span> <span class='ocrx_word' id='word_1_137' title='bbox 2788 490 2961 554; x_wconf 80' lang='lat' dir='ltr'><strong>nacti,</strong></span> <span class='ocrx_word' id='word_1_138' title='bbox 2992 490 3086 561; x_wconf 89' lang='lat' dir='ltr'><strong>qui</strong></span> <span class='ocrx_word' id='word_1_139' title='bbox 3122 490 3525 561; x_wconf 74' lang='lat' dir='ltr'><strong>longinquitate</strong></span> 
     </span>
    </p>
   </div>
   <div class='ocr_carea' id='block_1_22' title="bbox 1945 581 3523 653">
    <p class='ocr_par' dir='ltr' id='par_1_22' title="bbox 1945 581 3523 653">
     <span class='ocr_line' id='line_1_22' title="bbox 1945 581 3523 653; baseline 0 -17"><span class='ocrx_word' id='word_1_140' title='bbox 1945 589 2095 636; x_wconf 88' lang='lat' dir='ltr'><strong>tanta</strong></span> <span class='ocrx_word' id='word_1_141' title='bbox 2124 582 2336 637; x_wconf 83' lang='lat' dir='ltr'><strong>itineris</strong></span> <span class='ocrx_word' id='word_1_142' title='bbox 2365 590 2555 637; x_wconf 90' lang='lat' dir='ltr'><strong>nostra</strong></span> <span class='ocrx_word' id='word_1_143' title='bbox 2576 583 2696 638; x_wconf 84' lang='lat' dir='ltr'><strong>vice</strong></span> <span class='ocrx_word' id='word_1_144' title='bbox 2726 582 3050 653; x_wconf 78' lang='lat' dir='ltr'><strong>fungeretur</strong></span> <span class='ocrx_word' id='word_1_145' title='bbox 3069 623 3086 649; x_wconf 91' lang='lat'><strong>,</strong></span> <span class='ocrx_word' id='word_1_146' title='bbox 3125 583 3319 636; x_wconf 84' lang='lat' dir='ltr'><strong>rudem</strong></span> <span class='ocrx_word' id='word_1_147' title='bbox 3346 581 3523 636; x_wconf 86' lang='lat' dir='ltr'><strong>adhuc</strong></span> 
     </span>
    </p>
   </div>
   <div class='ocr_carea' id='block_1_23' title="bbox 1943 669 3528 743">
    <p class='ocr_par' dir='ltr' id='par_1_23' title="bbox 1943 669 3528 743">
     <span class='ocr_line' id='line_1_23' title="bbox 1943 669 3528 743; baseline 0.001 -18"><span class='ocrx_word' id='word_1_148' title='bbox 1943 678 1998 726; x_wconf 91' lang='lat' dir='ltr'><strong>et</strong></span> <span class='ocrx_word' id='word_1_149' title='bbox 2027 672 2293 739; x_wconf 84' lang='lat' dir='ltr'><strong>tironem;</strong></span> <span class='ocrx_word' id='word_1_150' title='bbox 2328 672 2458 726; x_wconf 88' lang='lat' dir='ltr'><strong>huic</strong></span> <span class='ocrx_word' id='word_1_151' title='bbox 2508 673 2610 742; x_wconf 84' lang='lat' dir='ltr'><strong>ipsi</strong></span> <span class='ocrx_word' id='word_1_152' title='bbox 2654 669 3037 743; x_wconf 81' lang='lat' dir='ltr'><strong>peccatorum;</strong></span> <span class='ocrx_word' id='word_1_153' title='bbox 3088 672 3333 727; x_wconf 89' lang='lat' dir='ltr'><strong>omnium</strong></span> <span class='ocrx_word' id='word_1_154' title='bbox 3376 671 3528 726; x_wconf 90' lang='lat' dir='ltr'><strong>vidc-</strong></span> 
     </span>
    </p>
   </div>
   <div class='ocr_carea' id='block_1_24' title="bbox 1942 761 3528 832">
    <p class='ocr_par' dir='ltr' id='par_1_24' title="bbox 1942 761 3528 832">
     <span class='ocr_line' id='line_1_24' title="bbox 1942 761 3528 832; baseline -0.001 -16"><span class='ocrx_word' id='word_1_155' title='bbox 1942 762 2068 816; x_wconf 85' lang='lat' dir='ltr'><strong>licet</strong></span> <span class='ocrx_word' id='word_1_156' title='bbox 2102 770 2386 825; x_wconf 87' lang='lat' dir='ltr'><strong>nostrum,</strong></span> <span class='ocrx_word' id='word_1_157' title='bbox 2428 762 2855 832; x_wconf 83' lang='lat' dir='ltr'><strong>postulationem</strong></span> <span class='ocrx_word' id='word_1_158' title='bbox 2901 764 2967 819; x_wconf 88' lang='lat' dir='ltr'><strong>ad</strong></span> <span class='ocrx_word' id='word_1_159' title='bbox 3015 773 3068 817; x_wconf 91' lang='lat' dir='ltr'><strong>te</strong></span> <span class='ocrx_word' id='word_1_160' title='bbox 3104 761 3311 818; x_wconf 86' lang='lat' dir='ltr'><strong>Christi</strong></span> <span class='ocrx_word' id='word_1_161' title='bbox 3357 761 3528 815; x_wconf 87' lang='lat' dir='ltr'><strong>disci-</strong></span> 
     </span>
    </p>
   </div>
   <div class='ocr_carea' id='block_1_25' title="bbox 1943 838 3529 923">
    <p class='ocr_par' dir='ltr' id='par_1_25' title="bbox 1943 838 3529 923">
     <span class='ocr_line' id='line_1_25' title="bbox 1943 838 3529 923; baseline 0.001 -18"><span class='ocrx_word' id='word_1_162' title='bbox 1943 852 2132 923; x_wconf 91' lang='lat' dir='ltr'><strong>pulum</strong></span> <span class='ocrx_word' id='word_1_163' title='bbox 2179 838 2599 922; x_wconf 77' lang='lat' dir='ltr'><strong>perferendam;</strong></span> <span class='ocrx_word' id='word_1_164' title='bbox 2647 854 2807 922; x_wconf 87' lang='lat' dir='ltr'><strong>paulo</strong></span> <span class='ocrx_word' id='word_1_165' title='bbox 2849 868 2968 908; x_wconf 87' lang='lat' dir='ltr'><strong>eam</strong></span> <span class='ocrx_word' id='word_1_166' title='bbox 3009 853 3228 922; x_wconf 84' lang='lat' dir='ltr'><strong>quidem</strong></span> <span class='ocrx_word' id='word_1_167' title='bbox 3266 851 3529 907; x_wconf 86' lang='lat' dir='ltr'><strong>audacio-</strong></span> 
     </span>
    </p>
   </div>
   <div class='ocr_carea' id='block_1_26' title="bbox 1944 941 3527 1014">
    <p class='ocr_par' dir='ltr' id='par_1_26' title="bbox 1944 941 3527 1014">
     <span class='ocr_line' id='line_1_26' title="bbox 1944 941 3527 1014; baseline 0.001 -18"><span class='ocrx_word' id='word_1_168' title='bbox 1944 958 2081 1009; x_wconf 88' lang='lat' dir='ltr'><strong>rem,</strong></span> <span class='ocrx_word' id='word_1_169' title='bbox 2113 941 2511 997; x_wconf 76' lang='lat' dir='ltr'><strong>mandavimus.</strong></span> <span class='ocrx_word' id='word_1_170' title='bbox 2545 942 2831 998; x_wconf 87' lang='lat' dir='ltr'><strong>Petitiouis</strong></span> <span class='ocrx_word' id='word_1_171' title='bbox 2875 959 3040 1014; x_wconf 88' lang='lat' dir='ltr'><strong>porro</strong></span> <span class='ocrx_word' id='word_1_172' title='bbox 3084 953 3285 999; x_wconf 60' lang='lat' dir='ltr'><strong>nostra!</strong></span> <span class='ocrx_word' id='word_1_173' title='bbox 3315 959 3527 1000; x_wconf 87' lang='lat' dir='ltr'><strong>summa</strong></span> 
     </span>
    </p>
   </div>
   <div class='ocr_carea' id='block_1_27' title="bbox 1943 1023 3529 1106">
    <p class='ocr_par' dir='ltr' id='par_1_27' title="bbox 1943 1023 3529 1106">
     <span class='ocr_line' id='line_1_27' title="bbox 1943 1023 3529 1106; baseline 0.001 -16"><span class='ocrx_word' id='word_1_174' title='bbox 1943 1033 2203 1105; x_wconf 66' lang='lat' dir='ltr'><strong>hat-eest,</strong></span> <span class='ocrx_word' id='word_1_175' title='bbox 2233 1047 2292 1091; x_wconf 91' lang='lat' dir='ltr'><strong>ut</strong></span> <span class='ocrx_word' id='word_1_176' title='bbox 2320 1051 2442 1106; x_wconf 75' lang='lat' dir='ltr'><strong>quae</strong></span> <span class='ocrx_word' id='word_1_177' title='bbox 2480 1023 2762 1092; x_wconf 77' lang='lat' dir='ltr'><strong>nonnullis</strong></span> <span class='ocrx_word' id='word_1_178' title='bbox 2799 1037 3065 1092; x_wconf 90' lang='lat' dir='ltr'><strong>fratribus</strong></span> <span class='ocrx_word' id='word_1_179' title='bbox 3113 1036 3335 1098; x_wconf 77' lang='lat' dir='ltr'><strong>dixisti,</strong></span> <span class='ocrx_word' id='word_1_180' title='bbox 3366 1053 3431 1092; x_wconf 84' lang='lat' dir='ltr'><strong>ea</strong></span> <span class='ocrx_word' id='word_1_181' title='bbox 3461 1037 3529 1091; x_wconf 87' lang='lat' dir='ltr'><strong>ad</strong></span> 
     </span>
    </p>
   </div>
   <div class='ocr_carea' id='block_1_28' title="bbox 1945 1126 3530 1198">
    <p class='ocr_par' dir='ltr' id='par_1_28' title="bbox 1945 1126 3530 1198">
     <span class='ocr_line' id='line_1_28' title="bbox 1945 1126 3530 1198; baseline -0.001 -16"><span class='ocrx_word' id='word_1_182' title='bbox 1945 1135 2193 1183; x_wconf 89' lang='lat' dir='ltr'><strong>nostram</strong></span> <span class='ocrx_word' id='word_1_183' title='bbox 2227 1128 2626 1183; x_wconf 80' lang='lat' dir='ltr'><strong>inStitutionem</strong></span> <span class='ocrx_word' id='word_1_184' title='bbox 2660 1128 2925 1198; x_wconf 88' lang='lat' dir='ltr'><strong>impertiri</strong></span> <span class='ocrx_word' id='word_1_185' title='bbox 2950 1142 3057 1181; x_wconf 88' lang='lat' dir='ltr'><strong>non</strong></span> <span class='ocrx_word' id='word_1_186' title='bbox 3086 1128 3351 1198; x_wconf 79' lang='lat' dir='ltr'><strong>graveris.</strong></span> <span class='ocrx_word' id='word_1_187' title='bbox 3372 1126 3530 1191; x_wconf 83' lang='lat' dir='ltr'><strong>Quod</strong></span> 
     </span>
    </p>
   </div>
   <div class='ocr_carea' id='block_1_29' title="bbox 1944 1217 3530 1288">
    <p class='ocr_par' dir='ltr' id='par_1_29' title="bbox 1944 1217 3530 1288">
     <span class='ocr_line' id='line_1_29' title="bbox 1944 1217 3530 1288; baseline 0 -15"><span class='ocrx_word' id='word_1_188' title='bbox 1944 1227 2006 1273; x_wconf 89' lang='lat' dir='ltr'><strong>ut</strong></span> <span class='ocrx_word' id='word_1_189' title='bbox 2035 1219 2133 1273; x_wconf 89' lang='lat' dir='ltr'><strong>tibi</strong></span> <span class='ocrx_word' id='word_1_190' title='bbox 2159 1218 2365 1272; x_wconf 88' lang='lat' dir='ltr'><strong>homini</strong></span> <span class='ocrx_word' id='word_1_191' title='bbox 2408 1218 2563 1288; x_wconf 87' lang='lat' dir='ltr'><strong>justo</strong></span> <span class='ocrx_word' id='word_1_192' title='bbox 2611 1219 2903 1275; x_wconf 87' lang='lat' dir='ltr'><strong>molestum</strong></span> <span class='ocrx_word' id='word_1_193' title='bbox 2936 1234 3044 1274; x_wconf 90' lang='lat' dir='ltr'><strong>non</strong></span> <span class='ocrx_word' id='word_1_194' title='bbox 3085 1219 3225 1274; x_wconf 86' lang='lat' dir='ltr'><strong>erit:</strong></span> <span class='ocrx_word' id='word_1_195' title='bbox 3262 1219 3336 1271; x_wconf 91' lang='lat' dir='ltr'><strong>ita</strong></span> <span class='ocrx_word' id='word_1_196' title='bbox 3369 1217 3530 1273; x_wconf 81' lang='lat' dir='ltr'><strong>nobis</strong></span> 
     </span>
    </p>
   </div>
   <div class='ocr_carea' id='block_1_30' title="bbox 1943 1308 3530 1380">
    <p class='ocr_par' dir='ltr' id='par_1_30' title="bbox 1943 1308 3530 1380">
     <span class='ocr_line' id='line_1_30' title="bbox 1943 1308 3530 1380; baseline -0.003 -16"><span class='ocrx_word' id='word_1_197' title='bbox 1943 1310 2328 1380; x_wconf 85' lang='lat' dir='ltr'><strong>peccatoribus</strong></span> <span class='ocrx_word' id='word_1_198' title='bbox 2349 1349 2364 1373; x_wconf 91' lang='lat'><strong>,</strong></span> <span class='ocrx_word' id='word_1_199' title='bbox 2410 1309 2456 1364; x_wconf 90' lang='lat' dir='ltr'><strong>si</strong></span> <span class='ocrx_word' id='word_1_200' title='bbox 2489 1309 2785 1379; x_wconf 89' lang='lat' dir='ltr'><strong>impetrare</strong></span> <span class='ocrx_word' id='word_1_201' title='bbox 2838 1310 3218 1379; x_wconf 88' lang='lat' dir='ltr'><strong>potuerimus,</strong></span> <span class='ocrx_word' id='word_1_202' title='bbox 3254 1308 3530 1377; x_wconf 78' lang='lat' dir='ltr'><strong>ingentem</strong></span> 
     </span>
    </p>
   </div>
   <div class='ocr_carea' id='block_1_31' title="bbox 1943 1398 3529 1473">
    <p class='ocr_par' dir='ltr' id='par_1_31' title="bbox 1943 1398 3529 1473">
     <span class='ocr_line' id='line_1_31' title="bbox 1943 1398 3529 1473; baseline -0.001 -20"><span class='ocrx_word' id='word_1_203' title='bbox 1943 1399 2000 1455; x_wconf 87' lang='lat' dir='ltr'><strong>in</strong></span> <span class='ocrx_word' id='word_1_204' title='bbox 2048 1398 2277 1455; x_wconf 89' lang='lat' dir='ltr'><strong>Domino</strong></span> <span class='ocrx_word' id='word_1_205' title='bbox 2341 1399 2583 1473; x_wconf 65' lang='lat' dir='ltr'><strong>lazlitiam</strong></span> <span class='ocrx_word' id='word_1_206' title='bbox 2646 1415 2709 1455; x_wconf 88' lang='lat' dir='ltr'><strong>ac</strong></span> <span class='ocrx_word' id='word_1_207' title='bbox 2750 1402 3084 1470; x_wconf 88' lang='lat' dir='ltr'><strong>voluptatem</strong></span> <span class='ocrx_word' id='word_1_208' title='bbox 3134 1400 3341 1454; x_wconf 81' lang='lat' dir='ltr'><strong>all&#39;eret.</strong></span> <span class='ocrx_word' id='word_1_209' title='bbox 3392 1398 3529 1451; x_wconf 86' lang='lat' dir='ltr'><strong>Cum</strong></span> 
     </span>
    </p>
   </div>
   <div class='ocr_carea' id='block_1_32' title="bbox 1941 1489 3529 1561">
    <p class='ocr_par' dir='ltr' id='par_1_32' title="bbox 1941 1489 3529 1561">
     <span class='ocr_line' id='line_1_32' title="bbox 1941 1489 3529 1561; baseline -0.003 -17"><span class='ocrx_word' id='word_1_210' title='bbox 1941 1490 2087 1544; x_wconf 91' lang='lat' dir='ltr'><strong>enim</strong></span> <span class='ocrx_word' id='word_1_211' title='bbox 2122 1491 2464 1561; x_wconf 80' lang='lat' dir='ltr'><strong>Spiritalibus</strong></span> <span class='ocrx_word' id='word_1_212' title='bbox 2492 1493 2602 1546; x_wconf 89' lang='lat' dir='ltr'><strong>tuis</strong></span> <span class='ocrx_word' id='word_1_213' title='bbox 2626 1491 2974 1545; x_wconf 74' lang='lat' dir='ltr'><strong>sermonibus</strong></span> <span class='ocrx_word' id='word_1_214' title='bbox 3001 1491 3287 1553; x_wconf 78' lang='lat' dir='ltr'><strong>satiantur,</strong></span> <span class='ocrx_word' id='word_1_215' title='bbox 3326 1489 3529 1557; x_wconf 85' lang='lat' dir='ltr'><strong>iniqui-</strong></span> 
     </span>
    </p>
   </div>
   <div class='ocr_carea' id='block_1_33' title="bbox 1943 1581 3531 1637">
    <p class='ocr_par' dir='ltr' id='par_1_33' title="bbox 1943 1581 3531 1637">
     <span class='ocr_line' id='line_1_33' title="bbox 1943 1581 3531 1637; baseline 0.001 -5"><span class='ocrx_word' id='word_1_216' title='bbox 1943 1587 2116 1634; x_wconf 89' lang='lat' dir='ltr'><strong>tatum</strong></span> <span class='ocrx_word' id='word_1_217' title='bbox 2179 1593 2490 1635; x_wconf 88' lang='lat' dir='ltr'><strong>nostrarum</strong></span> <span class='ocrx_word' id='word_1_218' title='bbox 2542 1597 2709 1637; x_wconf 86' lang='lat' dir='ltr'><strong>onere</strong></span> <span class='ocrx_word' id='word_1_219' title='bbox 2757 1582 3129 1637; x_wconf 85' lang='lat' dir='ltr'><strong>sublevamur.</strong></span> <span class='ocrx_word' id='word_1_220' title='bbox 3179 1584 3255 1635; x_wconf 86' lang='lat' dir='ltr'><strong>Ac</strong></span> <span class='ocrx_word' id='word_1_221' title='bbox 3310 1581 3531 1635; x_wconf 87' lang='lat' dir='ltr'><strong>nomina</strong></span> 
     </span>
    </p>
   </div>
   <div class='ocr_carea' id='block_1_34' title="bbox 255 1670 1843 1775">
    <p class='ocr_par' dir='ltr' id='par_1_34' title="bbox 255 1670 1840 1745">
     <span class='ocr_line' id='line_1_34' title="bbox 255 1670 1840 1745; baseline -0.004 -17"><span class='ocrx_word' id='word_1_222' title='bbox 255 1675 367 1745; x_wconf 73' lang='grc' dir='ltr'>φὺν,</span> <span class='ocrx_word' id='word_1_223' title='bbox 398 1673 666 1744; x_wconf 84' lang='grc' dir='ltr'>δεχθέντα</span> <span class='ocrx_word' id='word_1_224' title='bbox 695 1671 799 1725; x_wconf 81' lang='grc' dir='ltr'><strong>ὑπὸ</strong></span> <span class='ocrx_word' id='word_1_225' title='bbox 823 1673 923 1740; x_wconf 83' lang='grc' dir='ltr'>τῆς</span> <span class='ocrx_word' id='word_1_226' title='bbox 966 1672 1063 1741; x_wconf 85' lang='grc' dir='ltr'>σῆς</span> <span class='ocrx_word' id='word_1_227' title='bbox 1101 1672 1414 1742; x_wconf 83' lang='grc' dir='ltr'>τιμιότητος</span> <span class='ocrx_word' id='word_1_228' title='bbox 1446 1670 1719 1741; x_wconf 78' lang='grc' dir='ltr'>ἀσμένως,</span> <span class='ocrx_word' id='word_1_229' title='bbox 1745 1670 1840 1723; x_wconf 73' lang='grc' dir='ltr'>καὶ</span> 
     </span>
    </p>
   </div>
   <div class='ocr_carea' id='block_1_35' title="bbox 1950 1670 3529 1775">
    <p class='ocr_par' dir='ltr' id='par_1_35' title="bbox 1950 1674 3529 1745">
     <span class='ocr_line' id='line_1_35' title="bbox 1950 1674 3529 1745; baseline 0.002 -21"><span class='ocrx_word' id='word_1_230' title='bbox 1950 1674 2159 1744; x_wconf 80' lang='lat' dir='ltr'><strong>quidem</strong></span> <span class='ocrx_word' id='word_1_231' title='bbox 2193 1676 2328 1744; x_wconf 87' lang='lat' dir='ltr'><strong>ipsa,</strong></span> <span class='ocrx_word' id='word_1_232' title='bbox 2362 1689 2484 1745; x_wconf 72' lang='lat' dir='ltr'><strong>quae</strong></span> <span class='ocrx_word' id='word_1_233' title='bbox 2509 1688 2538 1727; x_wconf 92' lang='lat' dir='ltr'><strong>a</strong></span> <span class='ocrx_word' id='word_1_234' title='bbox 2569 1683 2620 1729; x_wconf 89' lang='lat' dir='ltr'><strong>te</strong></span> <span class='ocrx_word' id='word_1_235' title='bbox 2646 1683 2774 1730; x_wconf 90' lang='lat' dir='ltr'><strong>sunt</strong></span> <span class='ocrx_word' id='word_1_236' title='bbox 2809 1675 3112 1730; x_wconf 66' lang='lat' dir='ltr'><strong>haarcsibus</strong></span> <span class='ocrx_word' id='word_1_237' title='bbox 3134 1675 3390 1745; x_wconf 86' lang='lat' dir='ltr'><strong>imposita</strong></span> <span class='ocrx_word' id='word_1_238' title='bbox 3406 1675 3529 1743; x_wconf 84' lang='lat' dir='ltr'><strong>‘jam</strong></span> 
     </span>
    </p>
   </div>
   <div class='ocr_carea' id='block_1_36' title="bbox 255 1761 1840 1837">
    <p class='ocr_par' dir='ltr' id='par_1_36' title="bbox 255 1761 1840 1837">
     <span class='ocr_line' id='line_1_36' title="bbox 255 1761 1840 1837; baseline -0.006 -16"><span class='ocrx_word' id='word_1_239' title='bbox 255 1766 469 1837; x_wconf 86' lang='grc' dir='ltr'>κομίσαι</span> <span class='ocrx_word' id='word_1_240' title='bbox 507 1764 608 1837; x_wconf 76' lang='grc' dir='ltr'>τὴν</span> <span class='ocrx_word' id='word_1_241' title='bbox 635 1763 739 1817; x_wconf 82' lang='grc' dir='ltr'><strong>ὑπὸ</strong></span> <span class='ocrx_word' id='word_1_242' title='bbox 760 1762 853 1817; x_wconf 86' lang='grc' dir='ltr'><strong>σοῦ</strong></span> <span class='ocrx_word' id='word_1_243' title='bbox 876 1762 1259 1834; x_wconf 82' lang='grc' dir='ltr'>δεδωρημένην</span> <span class='ocrx_word' id='word_1_244' title='bbox 1291 1762 1518 1833; x_wconf 83' lang='grc' dir='ltr'>δωρεάν,</span> <span class='ocrx_word' id='word_1_245' title='bbox 1554 1762 1646 1814; x_wconf 70' lang='grc' dir='ltr'>καὶ</span> <span class='ocrx_word' id='word_1_246' title='bbox 1667 1761 1840 1824; x_wconf 77' lang='grc' dir='ltr'>οὕτως</span> 
     </span>
    </p>
   </div>
   <div class='ocr_carea' id='block_1_37' title="bbox 250 1852 1837 1929">
    <p class='ocr_par' dir='ltr' id='par_1_37' title="bbox 250 1852 1837 1929">
     <span class='ocr_line' id='line_1_37' title="bbox 250 1852 1837 1929; baseline -0.006 -15"><span class='ocrx_word' id='word_1_247' title='bbox 250 1858 579 1929; x_wconf 74' lang='grc' dir='ltr'>ἀναπέμψαι</span> <span class='ocrx_word' id='word_1_248' title='bbox 611 1856 712 1921; x_wconf 81' lang='grc' dir='ltr'>τὰς</span> <span class='ocrx_word' id='word_1_249' title='bbox 740 1853 801 1920; x_wconf 80' lang='grc' dir='ltr'>ἐξ</span> <span class='ocrx_word' id='word_1_250' title='bbox 835 1855 989 1918; x_wconf 76' lang='grc' dir='ltr'>ἔθους</span> <span class='ocrx_word' id='word_1_251' title='bbox 1029 1854 1194 1925; x_wconf 80' lang='grc' dir='ltr'>εὐχάς</span> <span class='ocrx_word' id='word_1_252' title='bbox 1225 1854 1425 1925; x_wconf 80' lang='grc' dir='ltr'>Πατρὶ,</span> <span class='ocrx_word' id='word_1_253' title='bbox 1456 1854 1549 1906; x_wconf 76' lang='grc' dir='ltr'>καὶ</span> <span class='ocrx_word' id='word_1_254' title='bbox 1582 1852 1714 1922; x_wconf 84' lang='grc' dir='ltr'>Υίῷ,</span> <span class='ocrx_word' id='word_1_255' title='bbox 1744 1852 1837 1906; x_wconf 79' lang='grc' dir='ltr'>καὶ</span> 
     </span>
    </p>
   </div>
   <div class='ocr_carea' id='block_1_38' title="bbox 253 1945 1836 2023">
    <p class='ocr_par' dir='ltr' id='par_1_38' title="bbox 253 1945 1836 2023">
     <span class='ocr_line' id='line_1_38' title="bbox 253 1945 1836 2023; baseline -0.006 -17"><span class='ocrx_word' id='word_1_256' title='bbox 253 1952 385 2023; x_wconf 83' lang='grc' dir='ltr'>ἀγίῳ</span> <span class='ocrx_word' id='word_1_257' title='bbox 435 1949 750 2020; x_wconf 85' lang='grc' dir='ltr'>Πνεύματι.</span> <span class='ocrx_word' id='word_1_258' title='bbox 797 1948 1023 2010; x_wconf 56' lang='grc' dir='ltr'>Πάντεςη</span> <span class='ocrx_word' id='word_1_259' title='bbox 1057 1947 1366 2011; x_wconf 72' lang='grc' dir='ltr'>ἐλπίζουσιν</span> <span class='ocrx_word' id='word_1_260' title='bbox 1405 1947 1455 1999; x_wconf 85' lang='lat' dir='ltr'><strong>oi</strong></span> <span class='ocrx_word' id='word_1_261' title='bbox 1506 1945 1725 2015; x_wconf 77' lang='grc' dir='ltr'>ἀδελφοὶ</span> <span class='ocrx_word' id='word_1_262' title='bbox 1767 1947 1836 2016; x_wconf 77' lang='grc' dir='ltr'><strong>τῇ</strong></span> 
     </span>
    </p>
   </div>
   <div class='ocr_carea' id='block_1_39' title="bbox 252 2036 1833 2113">
    <p class='ocr_par' dir='ltr' id='par_1_39' title="bbox 252 2036 1833 2113">
     <span class='ocr_line' id='line_1_39' title="bbox 252 2036 1833 2113; baseline -0.006 -15"><span class='ocrx_word' id='word_1_263' title='bbox 252 2043 349 2098; x_wconf 76' lang='grc' dir='ltr'><strong>ὑπὸ</strong></span> <span class='ocrx_word' id='word_1_264' title='bbox 381 2043 476 2097; x_wconf 90' lang='grc' dir='ltr'><strong>σοῦ</strong></span> <span class='ocrx_word' id='word_1_265' title='bbox 523 2042 660 2113; x_wconf 79' lang='grc' dir='ltr'><strong>εὑχῇ</strong></span> <span class='ocrx_word' id='word_1_266' title='bbox 695 2041 834 2113; x_wconf 82' lang='grc' dir='ltr'>ὑπὲρ</span> <span class='ocrx_word' id='word_1_267' title='bbox 876 2039 1058 2093; x_wconf 81' lang='grc' dir='ltr'>αὐτῶν</span> <span class='ocrx_word' id='word_1_268' title='bbox 1105 2039 1401 2110; x_wconf 78' lang='grc' dir='ltr'>γιγνομένῃ</span> <span class='ocrx_word' id='word_1_269' title='bbox 1453 2036 1833 2108; x_wconf 85' lang='grc' dir='ltr'>στηριχθῆναι.</span> 
     </span>
    </p>
   </div>
   <div class='ocr_carea' id='block_1_40' title="bbox 252 2126 1833 2205">
    <p class='ocr_par' dir='ltr' id='par_1_40' title="bbox 252 2126 1833 2205">
     <span class='ocr_line' id='line_1_40' title="bbox 252 2126 1833 2205; baseline -0.004 -15"><span class='ocrx_word' id='word_1_270' title='bbox 252 2132 688 2205; x_wconf 73' lang='grc' dir='ltr'>Παρακαλοῦμεν</span> <span class='ocrx_word' id='word_1_271' title='bbox 721 2131 796 2202; x_wconf 83' lang='grc' dir='ltr'>μὴ</span> <span class='ocrx_word' id='word_1_272' title='bbox 826 2131 1063 2201; x_wconf 78' lang='grc' dir='ltr'>ὀκνῆσαι</span> <span class='ocrx_word' id='word_1_273' title='bbox 1106 2128 1429 2202; x_wconf 86' lang='grc' dir='ltr'>μεταδοῦναι</span> <span class='ocrx_word' id='word_1_274' title='bbox 1458 2128 1617 2200; x_wconf 83' lang='grc' dir='ltr'>χάριν</span> <span class='ocrx_word' id='word_1_275' title='bbox 1647 2126 1833 2198; x_wconf 82' lang='grc' dir='ltr'>θεῖκὴν</span> 
     </span>
    </p>
   </div>
   <div class='ocr_carea' id='block_1_41' title="bbox 251 2210 1893 2296">
    <p class='ocr_par' dir='ltr' id='par_1_41' title="bbox 251 2210 1893 2296">
     <span class='ocr_line' id='line_1_41' title="bbox 251 2210 1893 2296; baseline -0.005 -17"><span class='ocrx_word' id='word_1_276' title='bbox 251 2224 526 2296; x_wconf 74' lang='grc' dir='ltr'><strong>ἐσχηκότα</strong></span> <span class='ocrx_word' id='word_1_277' title='bbox 555 2222 892 2278; x_wconf 72' lang='grc' dir='ltr'>ἀποστόλων.</span> <span class='ocrx_word' id='word_1_278' title='bbox 930 2220 1137 2284; x_wconf 85' lang='grc' dir='ltr'>Πάντες</span> <span class='ocrx_word' id='word_1_279' title='bbox 1163 2221 1212 2274; x_wconf 81' lang='lat' dir='ltr'><strong>oi</strong></span> <span class='ocrx_word' id='word_1_280' title='bbox 1243 2219 1431 2291; x_wconf 82' lang='grc' dir='ltr'>μικροὶ</span> <span class='ocrx_word' id='word_1_281' title='bbox 1461 2221 1518 2271; x_wconf 80' lang='grc' dir='ltr'>ἐν</span> <span class='ocrx_word' id='word_1_282' title='bbox 1548 2220 1667 2282; x_wconf 81' lang='grc' dir='ltr'>ταῖς</span> <span class='ocrx_word' id='word_1_283' title='bbox 1702 2217 1837 2288; x_wconf 78' lang='grc' dir='ltr'>μάν-</span> <span class='ocrx_word' id='word_1_284' title='bbox 1880 2210 1893 2222; x_wconf 76' lang='grc'><em>’</em></span> 
     </span>
    </p>
   </div>
   <div class='ocr_carea' id='block_1_42' title="bbox 250 2310 1838 2386">
    <p class='ocr_par' dir='ltr' id='par_1_42' title="bbox 250 2310 1838 2386">
     <span class='ocr_line' id='line_1_42' title="bbox 250 2310 1838 2386; baseline -0.005 -17"><span class='ocrx_word' id='word_1_285' title='bbox 250 2315 395 2386; x_wconf 89' lang='grc' dir='ltr'>δραις</span> <span class='ocrx_word' id='word_1_286' title='bbox 421 2315 586 2379; x_wconf 79' lang='grc' dir='ltr'>ὄντες</span> <span class='ocrx_word' id='word_1_287' title='bbox 624 2313 789 2385; x_wconf 76' lang='grc' dir='ltr'>εὐχὴν</span> <span class='ocrx_word' id='word_1_288' title='bbox 825 2311 904 2385; x_wconf 81' lang='grc' dir='ltr'>τῷ</span> <span class='ocrx_word' id='word_1_289' title='bbox 938 2310 1208 2382; x_wconf 82' lang='grc' dir='ltr'>κρείττονι</span> <span class='ocrx_word' id='word_1_290' title='bbox 1245 2311 1631 2381; x_wconf 83' lang='grc' dir='ltr'>ἀναπέμπουσι</span> <span class='ocrx_word' id='word_1_291' title='bbox 1672 2325 1838 2380; x_wconf 85' lang='grc' dir='ltr'>μετα-</span> 
     </span>
    </p>
   </div>
   <div class='ocr_carea' id='block_1_43' title="bbox 250 2402 1879 2476">
    <p class='ocr_par' dir='ltr' id='par_1_43' title="bbox 250 2402 1879 2476">
     <span class='ocr_line' id='line_1_43' title="bbox 250 2402 1879 2476; baseline -0.005 -14"><span class='ocrx_word' id='word_1_292' title='bbox 250 2408 425 2462; x_wconf 76' lang='grc' dir='ltr'>λαϐεῖν</span> <span class='ocrx_word' id='word_1_293' title='bbox 444 2407 565 2462; x_wconf 82' lang='grc' dir='ltr'>ἀπὸ</span> <span class='ocrx_word' id='word_1_294' title='bbox 595 2407 696 2476; x_wconf 82' lang='grc' dir='ltr'>τῆς</span> <span class='ocrx_word' id='word_1_295' title='bbox 716 2406 817 2476; x_wconf 84' lang='grc' dir='ltr'>σῆς</span> <span class='ocrx_word' id='word_1_296' title='bbox 848 2404 1158 2468; x_wconf 81' lang='grc' dir='ltr'>θεοσεϐείας</span> <span class='ocrx_word' id='word_1_297' title='bbox 1196 2402 1572 2474; x_wconf 77' lang='grc' dir='ltr'>πνευματικὴν</span> <span class='ocrx_word' id='word_1_298' title='bbox 1605 2402 1835 2472; x_wconf 87' lang='grc' dir='ltr'>δωρεάν.</span> <span class='ocrx_word' id='word_1_299' title='bbox 1870 2402 1879 2409; x_wconf 83' lang='grc'><strong>“</strong></span> 
     </span>
    </p>
   </div>
   <div class='ocr_carea' id='block_1_44' title="bbox 263 2493 1840 2571">
    <p class='ocr_par' dir='ltr' id='par_1_44' title="bbox 263 2493 1840 2571">
     <span class='ocr_line' id='line_1_44' title="bbox 263 2493 1840 2571; baseline -0.004 -19"><span class='ocrx_word' id='word_1_300' title='bbox 263 2498 611 2571; x_wconf 78' lang='grc' dir='ltr'>Ἐρῤωμένος</span> <span class='ocrx_word' id='word_1_301' title='bbox 648 2499 709 2550; x_wconf 80' lang='grc' dir='ltr'>ὲν</span> <span class='ocrx_word' id='word_1_302' title='bbox 748 2497 960 2569; x_wconf 82' lang='grc' dir='ltr'><strong>Κυρίῳ,</strong></span> <span class='ocrx_word' id='word_1_303' title='bbox 991 2498 1086 2550; x_wconf 76' lang='grc' dir='ltr'>καὶ</span> <span class='ocrx_word' id='word_1_304' title='bbox 1117 2495 1354 2566; x_wconf 72' lang='grc' dir='ltr'>εὔθυμος</span> <span class='ocrx_word' id='word_1_305' title='bbox 1389 2496 1449 2547; x_wconf 82' lang='grc' dir='ltr'>ὲν</span> <span class='ocrx_word' id='word_1_306' title='bbox 1476 2493 1699 2566; x_wconf 84' lang='grc' dir='ltr'>Χριστῷ</span> <span class='ocrx_word' id='word_1_307' title='bbox 1725 2494 1840 2548; x_wconf 86' lang='grc' dir='ltr'>δια-</span> 
     </span>
    </p>
   </div>
   <div class='ocr_carea' id='block_1_45' title="bbox 251 2585 1840 2663">
    <p class='ocr_par' dir='ltr' id='par_1_45' title="bbox 251 2585 1840 2663">
     <span class='ocr_line' id='line_1_45' title="bbox 251 2585 1840 2663; baseline -0.004 -18"><span class='ocrx_word' id='word_1_308' title='bbox 251 2591 455 2663; x_wconf 79' lang='grc' dir='ltr'>τελοίης</span> <span class='ocrx_word' id='word_1_309' title='bbox 489 2630 509 2655; x_wconf 87' lang='grc'><strong>,</strong></span> <span class='ocrx_word' id='word_1_310' title='bbox 554 2590 651 2643; x_wconf 77' lang='grc' dir='ltr'>καὶ</span> <span class='ocrx_word' id='word_1_311' title='bbox 705 2591 762 2642; x_wconf 80' lang='grc' dir='ltr'>ἐν</span> <span class='ocrx_word' id='word_1_312' title='bbox 813 2589 954 2660; x_wconf 81' lang='grc' dir='ltr'>ἁγίῳ</span> <span class='ocrx_word' id='word_1_313' title='bbox 1002 2587 1280 2657; x_wconf 85' lang='grc' dir='ltr'>Πνεύματι</span> <span class='ocrx_word' id='word_1_314' title='bbox 1325 2586 1417 2639; x_wconf 83' lang='grc' dir='ltr'>τὸν</span> <span class='ocrx_word' id='word_1_315' title='bbox 1481 2585 1704 2640; x_wconf 77' lang='grc' dir='ltr'>δοθέντα</span> <span class='ocrx_word' id='word_1_316' title='bbox 1756 2603 1840 2639; x_wconf 91' lang='grc' dir='ltr'><strong>σοι</strong></span> 
     </span>
    </p>
   </div>
   <div class='ocr_carea' id='block_1_46' title="bbox 254 2664 1844 2753">
    <p class='ocr_par' dir='ltr' id='par_1_46' title="bbox 254 2664 1844 2753">
     <span class='ocr_line' id='line_1_46' title="bbox 254 2664 1844 2753; baseline -0.004 -19"><span class='ocrx_word' id='word_1_317' title='bbox 254 2683 452 2753; x_wconf 68' lang='grc' dir='ltr'>θρόνον,</span> <span class='ocrx_word' id='word_1_318' title='bbox 484 2682 583 2737; x_wconf 76' lang='grc' dir='ltr'>καὶ</span> <span class='ocrx_word' id='word_1_319' title='bbox 622 2664 935 2751; x_wconf 80' lang='grc' dir='ltr'>τὴνθεῖκὴν</span> <span class='ocrx_word' id='word_1_320' title='bbox 968 2679 1177 2751; x_wconf 79' lang='grc' dir='ltr'>δωρεὰν</span> <span class='ocrx_word' id='word_1_321' title='bbox 1208 2678 1307 2750; x_wconf 84' lang='grc'>(1),</span> <span class='ocrx_word' id='word_1_322' title='bbox 1340 2677 1501 2750; x_wconf 85' lang='grc' dir='ltr'>μέχρι</span> <span class='ocrx_word' id='word_1_323' title='bbox 1526 2676 1619 2731; x_wconf 90' lang='grc' dir='ltr'><strong>τοῦ</strong></span> <span class='ocrx_word' id='word_1_324' title='bbox 1662 2675 1723 2730; x_wconf 75' lang='grc' dir='ltr'>σὲ</span> <span class='ocrx_word' id='word_1_325' title='bbox 1751 2677 1844 2729; x_wconf 80' lang='grc' dir='ltr'><strong>ὲκ·-</strong></span> 
     </span>
    </p>
   </div>
   <div class='ocr_carea' id='block_1_47' title="bbox 250 2770 864 2843">
    <p class='ocr_par' dir='ltr' id='par_1_47' title="bbox 250 2770 864 2843">
     <span class='ocr_line' id='line_1_47' title="bbox 250 2770 864 2843; baseline -0.002 -17"><span class='ocrx_word' id='word_1_326' title='bbox 250 2771 541 2843; x_wconf 75' lang='grc' dir='ltr'>δεχομένου</span> <span class='ocrx_word' id='word_1_327' title='bbox 577 2770 864 2839; x_wconf 83' lang='grc' dir='ltr'>στεφάνου.</span> 
     </span>
    </p>
   </div>
   <div class='ocr_carea' id='block_1_48' title="bbox 1945 1764 3532 1837">
    <p class='ocr_par' dir='ltr' id='par_1_48' title="bbox 1945 1764 3532 1837">
     <span class='ocr_line' id='line_1_48' title="bbox 1945 1764 3532 1837; baseline 0 -19"><span class='ocrx_word' id='word_1_328' title='bbox 1945 1766 2272 1820; x_wconf 84' lang='lat' dir='ltr'><strong>audivimus.</strong></span> <span class='ocrx_word' id='word_1_329' title='bbox 2312 1764 2469 1821; x_wconf 87' lang='lat' dir='ltr'><strong>Nunc</strong></span> <span class='ocrx_word' id='word_1_330' title='bbox 2506 1766 2943 1837; x_wconf 82' lang='lat' dir='ltr'><strong>uniuscujusque</strong></span> <span class='ocrx_word' id='word_1_331' title='bbox 2982 1774 3145 1822; x_wconf 70' lang='lat' dir='ltr'><strong>secta:</strong></span> <span class='ocrx_word' id='word_1_332' title='bbox 3184 1766 3378 1836; x_wconf 81' lang='lat' dir='ltr'><strong>dogma</strong></span> <span class='ocrx_word' id='word_1_333' title='bbox 3410 1781 3532 1837; x_wconf 80' lang='lat' dir='ltr'><strong>per-</strong></span> 
     </span>
    </p>
   </div>
   <div class='ocr_carea' id='block_1_49' title="bbox 1944 1856 3526 1927">
    <p class='ocr_par' dir='ltr' id='par_1_49' title="bbox 1944 1856 3526 1927">
     <span class='ocr_line' id='line_1_49' title="bbox 1944 1856 3526 1927; baseline 0 -17"><span class='ocrx_word' id='word_1_334' title='bbox 1944 1856 2135 1927; x_wconf 89' lang='lat' dir='ltr'><strong>spicue</strong></span> <span class='ocrx_word' id='word_1_335' title='bbox 2162 1856 2425 1910; x_wconf 82' lang='lat' dir='ltr'><strong>declarari</strong></span> <span class='ocrx_word' id='word_1_336' title='bbox 2475 1871 2504 1910; x_wconf 87' lang='lat' dir='ltr'><strong>a</strong></span> <span class='ocrx_word' id='word_1_337' title='bbox 2540 1866 2627 1910; x_wconf 88' lang='lat' dir='ltr'><strong>tua</strong></span> <span class='ocrx_word' id='word_1_338' title='bbox 2665 1857 2864 1927; x_wconf 87' lang='lat' dir='ltr'><strong>pietate</strong></span> <span class='ocrx_word' id='word_1_339' title='bbox 2910 1858 3184 1927; x_wconf 89' lang='lat' dir='ltr'><strong>cupimus.</strong></span> <span class='ocrx_word' id='word_1_340' title='bbox 3236 1856 3349 1911; x_wconf 92' lang='lat' dir='ltr'><strong>Hoc</strong></span> <span class='ocrx_word' id='word_1_341' title='bbox 3379 1857 3526 1911; x_wconf 90' lang='lat' dir='ltr'><strong>enim</strong></span> 
     </span>
    </p>
   </div>
   <div class='ocr_carea' id='block_1_50' title="bbox 1942 1946 3530 2017">
    <p class='ocr_par' dir='ltr' id='par_1_50' title="bbox 1942 1946 3530 2017">
     <span class='ocr_line' id='line_1_50' title="bbox 1942 1946 3530 2017; baseline 0.001 -16"><span class='ocrx_word' id='word_1_342' title='bbox 1942 1962 2233 2003; x_wconf 88' lang='lat' dir='ltr'><strong>commune</strong></span> <span class='ocrx_word' id='word_1_343' title='bbox 2261 1963 2327 2001; x_wconf 86' lang='lat' dir='ltr'><strong>ex</strong></span> <span class='ocrx_word' id='word_1_344' title='bbox 2381 1963 2538 2017; x_wconf 62' lang='lat' dir='ltr'><strong>atque</strong></span> <span class='ocrx_word' id='word_1_345' title='bbox 2574 1949 2778 2002; x_wconf 88' lang='lat' dir='ltr'><strong>donum</strong></span> <span class='ocrx_word' id='word_1_346' title='bbox 2832 1960 2915 2004; x_wconf 87' lang='lat' dir='ltr'><strong>est</strong></span> <span class='ocrx_word' id='word_1_347' title='bbox 2965 1948 3221 2004; x_wconf 87' lang='lat' dir='ltr'><strong>omnibus</strong></span> <span class='ocrx_word' id='word_1_348' title='bbox 3260 1946 3530 2003; x_wconf 85' lang='lat' dir='ltr'><strong>futurum.</strong></span> 
     </span>
    </p>
   </div>
   <div class='ocr_carea' id='block_1_51' title="bbox 1942 2034 3530 2108">
    <p class='ocr_par' dir='ltr' id='par_1_51' title="bbox 1942 2034 3530 2108">
     <span class='ocr_line' id='line_1_51' title="bbox 1942 2034 3530 2108; baseline 0.002 -20"><span class='ocrx_word' id='word_1_349' title='bbox 1942 2034 2081 2089; x_wconf 84' lang='lat' dir='ltr'><strong>Tum</strong></span> <span class='ocrx_word' id='word_1_350' title='bbox 2113 2036 2247 2095; x_wconf 86' lang='lat' dir='ltr'><strong>illud</strong></span> <span class='ocrx_word' id='word_1_351' title='bbox 2267 2036 2427 2090; x_wconf 80' lang='lat' dir='ltr'><strong>enixe</strong></span> <span class='ocrx_word' id='word_1_352' title='bbox 2459 2052 2735 2107; x_wconf 81' lang='lat' dir='ltr'><strong>rogamus,</strong></span> <span class='ocrx_word' id='word_1_353' title='bbox 2771 2047 2830 2092; x_wconf 91' lang='lat' dir='ltr'><strong>ut</strong></span> <span class='ocrx_word' id='word_1_354' title='bbox 2856 2053 2954 2108; x_wconf 89' lang='lat' dir='ltr'><strong>pro</strong></span> <span class='ocrx_word' id='word_1_355' title='bbox 2993 2039 3295 2101; x_wconf 87' lang='lat' dir='ltr'><strong>universis,</strong></span> <span class='ocrx_word' id='word_1_356' title='bbox 3323 2038 3416 2107; x_wconf 90' lang='lat' dir='ltr'><strong>qui</strong></span> <span class='ocrx_word' id='word_1_357' title='bbox 3449 2038 3530 2091; x_wconf 92' lang='lat' dir='ltr'><strong>tui</strong></span> 
     </span>
    </p>
   </div>
   <div class='ocr_carea' id='block_1_52' title="bbox 1939 2126 3528 2197">
    <p class='ocr_par' dir='ltr' id='par_1_52' title="bbox 1939 2126 3528 2197">
     <span class='ocr_line' id='line_1_52' title="bbox 1939 2126 3528 2197; baseline 0.001 -16"><span class='ocrx_word' id='word_1_358' title='bbox 1939 2126 2213 2181; x_wconf 87' lang='lat' dir='ltr'><strong>desiderio</strong></span> <span class='ocrx_word' id='word_1_359' title='bbox 2237 2134 2510 2189; x_wconf 88' lang='lat' dir='ltr'><strong>tenentur,</strong></span> <span class='ocrx_word' id='word_1_360' title='bbox 2545 2128 2746 2197; x_wconf 89' lang='lat' dir='ltr'><strong>quique</strong></span> <span class='ocrx_word' id='word_1_361' title='bbox 2787 2127 2917 2182; x_wconf 90' lang='lat' dir='ltr'><strong>illud</strong></span> <span class='ocrx_word' id='word_1_362' title='bbox 2949 2143 2978 2181; x_wconf 89' lang='lat' dir='ltr'><strong>a</strong></span> <span class='ocrx_word' id='word_1_363' title='bbox 3008 2136 3062 2183; x_wconf 90' lang='lat' dir='ltr'><strong>te</strong></span> <span class='ocrx_word' id='word_1_364' title='bbox 3092 2143 3292 2182; x_wconf 87' lang='lat' dir='ltr'><strong>munus</strong></span> <span class='ocrx_word' id='word_1_365' title='bbox 3339 2143 3528 2197; x_wconf 78' lang='lat' dir='ltr'><strong>exspe-</strong></span> 
     </span>
    </p>
   </div>
   <div class='ocr_carea' id='block_1_53' title="bbox 1942 2217 3533 2289">
    <p class='ocr_par' dir='ltr' id='par_1_53' title="bbox 1942 2217 3533 2289">
     <span class='ocr_line' id='line_1_53' title="bbox 1942 2217 3533 2289; baseline 0 -17"><span class='ocrx_word' id='word_1_366' title='bbox 1942 2225 2113 2279; x_wconf 88' lang='lat' dir='ltr'><strong>ctant,</strong></span> <span class='ocrx_word' id='word_1_367' title='bbox 2142 2227 2223 2283; x_wconf 91' lang='lat' dir='ltr'><strong>tu,</strong></span> <span class='ocrx_word' id='word_1_368' title='bbox 2247 2217 2341 2286; x_wconf 91' lang='lat' dir='ltr'><strong>qui</strong></span> <span class='ocrx_word' id='word_1_369' title='bbox 2366 2217 2550 2286; x_wconf 86' lang='lat' dir='ltr'><strong>justus</strong></span> <span class='ocrx_word' id='word_1_370' title='bbox 2575 2235 2654 2284; x_wconf 84' lang='lat' dir='ltr'><strong>es,</strong></span> <span class='ocrx_word' id='word_1_371' title='bbox 2689 2218 2978 2273; x_wconf 88' lang='lat' dir='ltr'><strong>Dominum</strong></span> <span class='ocrx_word' id='word_1_372' title='bbox 3005 2219 3267 2289; x_wconf 87' lang='lat' dir='ltr'><strong>preceris.</strong></span> <span class='ocrx_word' id='word_1_373' title='bbox 3304 2217 3533 2272; x_wconf 84' lang='lat' dir='ltr'><strong>Interim</strong></span> 
     </span>
    </p>
   </div>
   <div class='ocr_carea' id='block_1_54' title="bbox 1943 2308 3533 2379">
    <p class='ocr_par' dir='ltr' id='par_1_54' title="bbox 1943 2308 3533 2379">
     <span class='ocr_line' id='line_1_54' title="bbox 1943 2308 3533 2379; baseline -0.001 -16"><span class='ocrx_word' id='word_1_374' title='bbox 1943 2324 2045 2365; x_wconf 90' lang='lat' dir='ltr'><strong>nos</strong></span> <span class='ocrx_word' id='word_1_375' title='bbox 2078 2309 2131 2362; x_wconf 89' lang='lat' dir='ltr'><strong>in</strong></span> <span class='ocrx_word' id='word_1_376' title='bbox 2157 2308 2367 2379; x_wconf 83' lang='lat' dir='ltr'><strong>jejunio</strong></span> <span class='ocrx_word' id='word_1_377' title='bbox 2412 2318 2466 2364; x_wconf 89' lang='lat' dir='ltr'><strong>et</strong></span> <span class='ocrx_word' id='word_1_378' title='bbox 2495 2310 2745 2364; x_wconf 88' lang='lat' dir='ltr'><strong>oratione</strong></span> <span class='ocrx_word' id='word_1_379' title='bbox 2771 2309 2837 2363; x_wconf 90' lang='lat' dir='ltr'><strong>ad</strong></span> <span class='ocrx_word' id='word_1_380' title='bbox 2864 2310 2997 2365; x_wconf 90' lang='lat' dir='ltr'><strong>illud</strong></span> <span class='ocrx_word' id='word_1_381' title='bbox 3029 2308 3384 2365; x_wconf 85' lang='lat' dir='ltr'><strong>obtinendum</strong></span> <span class='ocrx_word' id='word_1_382' title='bbox 3412 2325 3533 2379; x_wconf 89' lang='lat' dir='ltr'><strong>pcr-</strong></span> 
     </span>
    </p>
   </div>
   <div class='ocr_carea' id='block_1_55' title="bbox 1946 2400 3534 2472">
    <p class='ocr_par' dir='ltr' id='par_1_55' title="bbox 1946 2400 3534 2472">
     <span class='ocr_line' id='line_1_55' title="bbox 1946 2400 3534 2472; baseline 0.001 -17"><span class='ocrx_word' id='word_1_383' title='bbox 1946 2400 2227 2465; x_wconf 84' lang='lat' dir='ltr'><strong>sistimus,</strong></span> <span class='ocrx_word' id='word_1_384' title='bbox 2269 2411 2327 2454; x_wconf 88' lang='lat' dir='ltr'><strong>ut</strong></span> <span class='ocrx_word' id='word_1_385' title='bbox 2363 2400 2531 2455; x_wconf 88' lang='lat' dir='ltr'><strong>frater</strong></span> <span class='ocrx_word' id='word_1_386' title='bbox 2563 2402 2654 2457; x_wconf 92' lang='lat' dir='ltr'><strong>ille</strong></span> <span class='ocrx_word' id='word_1_387' title='bbox 2696 2412 2885 2457; x_wconf 90' lang='lat' dir='ltr'><strong>noster</strong></span> <span class='ocrx_word' id='word_1_388' title='bbox 2916 2402 3152 2472; x_wconf 80' lang='lat' dir='ltr'><strong>benigne</strong></span> <span class='ocrx_word' id='word_1_389' title='bbox 3191 2417 3220 2455; x_wconf 92' lang='lat' dir='ltr'><strong>a</strong></span> <span class='ocrx_word' id='word_1_390' title='bbox 3254 2411 3305 2457; x_wconf 92' lang='lat' dir='ltr'><strong>te</strong></span> <span class='ocrx_word' id='word_1_391' title='bbox 3341 2416 3534 2456; x_wconf 73' lang='lat' dir='ltr'><strong>susce~</strong></span> 
     </span>
    </p>
   </div>
   <div class='ocr_carea' id='block_1_56' title="bbox 1944 2493 3534 2564">
    <p class='ocr_par' dir='ltr' id='par_1_56' title="bbox 1944 2493 3534 2564">
     <span class='ocr_line' id='line_1_56' title="bbox 1944 2493 3534 2564; baseline 0.002 -20"><span class='ocrx_word' id='word_1_392' title='bbox 1944 2500 2092 2561; x_wconf 88' lang='lat' dir='ltr'><strong>ptus,</strong></span> <span class='ocrx_word' id='word_1_393' title='bbox 2115 2500 2395 2562; x_wconf 65' lang='lat' dir='ltr'><strong>aet-cptum</strong></span> <span class='ocrx_word' id='word_1_394' title='bbox 2430 2494 2561 2547; x_wconf 93' lang='lat' dir='ltr'><strong>illud</strong></span> <span class='ocrx_word' id='word_1_395' title='bbox 2591 2509 2791 2553; x_wconf 89' lang='lat' dir='ltr'><strong>munus</strong></span> <span class='ocrx_word' id='word_1_396' title='bbox 2816 2493 2883 2548; x_wconf 87' lang='lat' dir='ltr'><strong>ad</strong></span> <span class='ocrx_word' id='word_1_397' title='bbox 2915 2509 3016 2548; x_wconf 93' lang='lat' dir='ltr'><strong>nos</strong></span> <span class='ocrx_word' id='word_1_398' title='bbox 3048 2500 3286 2564; x_wconf 88' lang='lat' dir='ltr'><strong>reportet</strong></span> <span class='ocrx_word' id='word_1_399' title='bbox 3318 2510 3332 2547; x_wconf 90' lang='lat'><strong>:</strong></span> <span class='ocrx_word' id='word_1_400' title='bbox 3368 2501 3534 2561; x_wconf 83' lang='lat' dir='ltr'><strong>atque</strong></span> 
     </span>
    </p>
   </div>
   <div class='ocr_carea' id='block_1_57' title="bbox 1948 2580 3533 2656">
    <p class='ocr_par' dir='ltr' id='par_1_57' title="bbox 1948 2580 3533 2656">
     <span class='ocr_line' id='line_1_57' title="bbox 1948 2580 3533 2656; baseline 0.003 -21"><span class='ocrx_word' id='word_1_401' title='bbox 1948 2583 2021 2635; x_wconf 90' lang='lat' dir='ltr'><strong>ita</strong></span> <span class='ocrx_word' id='word_1_402' title='bbox 2049 2580 2155 2637; x_wconf 89' lang='lat' dir='ltr'><strong>Deo</strong></span> <span class='ocrx_word' id='word_1_403' title='bbox 2215 2581 2382 2647; x_wconf 82' lang='lat' dir='ltr'><strong>l’atri,</strong></span> <span class='ocrx_word' id='word_1_404' title='bbox 2421 2583 2558 2639; x_wconf 86' lang='lat' dir='ltr'><strong>Filio</strong></span> <span class='ocrx_word' id='word_1_405' title='bbox 2597 2601 2662 2640; x_wconf 84' lang='lat' dir='ltr'><strong>ae</strong></span> <span class='ocrx_word' id='word_1_406' title='bbox 2693 2584 2918 2656; x_wconf 88' lang='lat' dir='ltr'><strong>Spiritui</strong></span> <span class='ocrx_word' id='word_1_407' title='bbox 2959 2594 3152 2641; x_wconf 85' lang='lat' dir='ltr'><strong>sancto</strong></span> <span class='ocrx_word' id='word_1_408' title='bbox 3185 2586 3376 2640; x_wconf 89' lang='lat' dir='ltr'><strong>solitas</strong></span> <span class='ocrx_word' id='word_1_409' title='bbox 3407 2600 3533 2654; x_wconf 86' lang='lat' dir='ltr'><strong>pre-</strong></span> 
     </span>
    </p>
   </div>
   <div class='ocr_carea' id='block_1_58' title="bbox 1948 2673 3533 2732">
    <p class='ocr_par' dir='ltr' id='par_1_58' title="bbox 1948 2673 3533 2732">
     <span class='ocr_line' id='line_1_58' title="bbox 1948 2673 3533 2732; baseline 0.001 -5"><span class='ocrx_word' id='word_1_410' title='bbox 1948 2688 2042 2730; x_wconf 91' lang='lat' dir='ltr'><strong>ces</strong></span> <span class='ocrx_word' id='word_1_411' title='bbox 2081 2673 2392 2730; x_wconf 69' lang='lat' dir='ltr'><strong>offeramus.</strong></span> <span class='ocrx_word' id='word_1_412' title='bbox 2445 2673 2647 2732; x_wconf 87' lang='lat' dir='ltr'><strong>Omnes</strong></span> <span class='ocrx_word' id='word_1_413' title='bbox 2700 2677 2876 2731; x_wconf 90' lang='lat' dir='ltr'><strong>nostri</strong></span> <span class='ocrx_word' id='word_1_414' title='bbox 2914 2676 3113 2732; x_wconf 80' lang='lat' dir='ltr'><strong>fratres</strong></span> <span class='ocrx_word' id='word_1_415' title='bbox 3165 2677 3319 2732; x_wconf 85' lang='lat' dir='ltr'><strong>valde</strong></span> <span class='ocrx_word' id='word_1_416' title='bbox 3361 2675 3533 2730; x_wconf 84' lang='lat' dir='ltr'><strong>conli-</strong></span> 
     </span>
    </p>
   </div>
   <div class='ocr_carea' id='block_1_59' title="bbox 1951 2765 3534 2840">
    <p class='ocr_par' dir='ltr' id='par_1_59' title="bbox 1951 2765 3534 2840">
     <span class='ocr_line' id='line_1_59' title="bbox 1951 2765 3534 2840; baseline 0.001 -20"><span class='ocrx_word' id='word_1_417' title='bbox 1951 2765 2110 2832; x_wconf 91' lang='lat' dir='ltr'><strong>dunt,</strong></span> <span class='ocrx_word' id='word_1_418' title='bbox 2147 2765 2286 2821; x_wconf 91' lang='lat' dir='ltr'><strong>fusis</strong></span> <span class='ocrx_word' id='word_1_419' title='bbox 2310 2783 2339 2820; x_wconf 86' lang='lat' dir='ltr'><strong>a</strong></span> <span class='ocrx_word' id='word_1_420' title='bbox 2366 2774 2419 2822; x_wconf 90' lang='lat' dir='ltr'><strong>te</strong></span> <span class='ocrx_word' id='word_1_421' title='bbox 2447 2785 2543 2838; x_wconf 91' lang='lat' dir='ltr'><strong>pro</strong></span> <span class='ocrx_word' id='word_1_422' title='bbox 2575 2770 2709 2839; x_wconf 89' lang='lat' dir='ltr'><strong>ipsis</strong></span> <span class='ocrx_word' id='word_1_423' title='bbox 2756 2770 3012 2840; x_wconf 86' lang='lat' dir='ltr'><strong>precibus</strong></span> <span class='ocrx_word' id='word_1_424' title='bbox 3038 2786 3160 2826; x_wconf 87' lang='lat' dir='ltr'><strong>sese</strong></span> <span class='ocrx_word' id='word_1_425' title='bbox 3206 2784 3534 2838; x_wconf 80' lang='lat' dir='ltr'><strong>magnopere</strong></span> 
     </span>
    </p>
   </div>
   <div class='ocr_carea' id='block_1_60' title="bbox 252 2858 3534 2935">
    <p class='ocr_par' dir='ltr' id='par_1_60' title="bbox 252 2858 3534 2935">
     <span class='ocr_line' id='line_1_60' title="bbox 252 2858 3534 2935; baseline -0.002 -16"><span class='ocrx_word' id='word_1_426' title='bbox 252 2860 637 2919; x_wconf 75' lang='lat' dir='ltr'><strong>confirmatum</strong></span> <span class='ocrx_word' id='word_1_427' title='bbox 667 2863 750 2918; x_wconf 90' lang='lat' dir='ltr'><strong>iri.</strong></span> <span class='ocrx_word' id='word_1_428' title='bbox 778 2860 1012 2917; x_wconf 87' lang='lat' dir='ltr'><strong>Oramus</strong></span> <span class='ocrx_word' id='word_1_429' title='bbox 1042 2868 1114 2928; x_wconf 91' lang='lat' dir='ltr'><strong>te,</strong></span> <span class='ocrx_word' id='word_1_430' title='bbox 1152 2868 1210 2915; x_wconf 85' lang='lat' dir='ltr'><strong>ut</strong></span> <span class='ocrx_word' id='word_1_431' title='bbox 1232 2859 1325 2931; x_wconf 91' lang='lat' dir='ltr'><strong>qui</strong></span> <span class='ocrx_word' id='word_1_432' title='bbox 1348 2859 1589 2915; x_wconf 86' lang='lat' dir='ltr'><strong>divinam</strong></span> <span class='ocrx_word' id='word_1_433' title='bbox 1611 2858 1987 2928; x_wconf 87' lang='lat' dir='ltr'><strong>apostolorum</strong></span> <span class='ocrx_word' id='word_1_434' title='bbox 2046 2861 2275 2929; x_wconf 81' lang='lat' dir='ltr'><strong>gratiam</strong></span> <span class='ocrx_word' id='word_1_435' title='bbox 2318 2871 2652 2919; x_wconf 89' lang='lat' dir='ltr'><strong>consecutus</strong></span> <span class='ocrx_word' id='word_1_436' title='bbox 2686 2880 2765 2931; x_wconf 87' lang='lat' dir='ltr'><strong>es,</strong></span> <span class='ocrx_word' id='word_1_437' title='bbox 2798 2864 2945 2935; x_wconf 88' lang='lat' dir='ltr'><strong>quod</strong></span> <span class='ocrx_word' id='word_1_438' title='bbox 3012 2865 3248 2934; x_wconf 87' lang='lat' dir='ltr'><strong>petimus</strong></span> <span class='ocrx_word' id='word_1_439' title='bbox 3310 2877 3378 2918; x_wconf 91' lang='lat' dir='ltr'><strong>ne</strong></span> <span class='ocrx_word' id='word_1_440' title='bbox 3408 2860 3534 2932; x_wconf 35' lang='lat' dir='ltr'><strong>,tri-</strong></span> 
     </span>
    </p>
   </div>
   <div class='ocr_carea' id='block_1_61' title="bbox 252 2949 3534 3028">
    <p class='ocr_par' dir='ltr' id='par_1_61' title="bbox 252 2949 3534 3028">
     <span class='ocr_line' id='line_1_61' title="bbox 252 2949 3534 3028; baseline -0.002 -17"><span class='ocrx_word' id='word_1_441' title='bbox 252 2956 412 3013; x_wconf 84' lang='lat' dir='ltr'><strong>buere</strong></span> <span class='ocrx_word' id='word_1_442' title='bbox 450 2956 760 3012; x_wconf 88' lang='lat' dir='ltr'><strong>cuucteris.</strong></span> <span class='ocrx_word' id='word_1_443' title='bbox 789 2953 979 3009; x_wconf 90' lang='lat' dir='ltr'><strong>Pusilli</strong></span> <span class='ocrx_word' id='word_1_444' title='bbox 1022 2967 1234 3017; x_wconf 88' lang='lat' dir='ltr'><strong>omnes,</strong></span> <span class='ocrx_word' id='word_1_445' title='bbox 1259 2952 1351 3023; x_wconf 91' lang='lat' dir='ltr'><strong>qui</strong></span> <span class='ocrx_word' id='word_1_446' title='bbox 1386 2951 1442 3007; x_wconf 94' lang='lat' dir='ltr'><strong>in</strong></span> <span class='ocrx_word' id='word_1_447' title='bbox 1490 2949 1844 3007; x_wconf 86' lang='lat' dir='ltr'><strong>monasteriis</strong></span> <span class='ocrx_word' id='word_1_448' title='bbox 1877 2950 2103 3023; x_wconf 74' lang='lat' dir='ltr'><strong>degunt,</strong></span> <span class='ocrx_word' id='word_1_449' title='bbox 2132 2952 2301 3007; x_wconf 89' lang='lat' dir='ltr'><strong>Deum</strong></span> <span class='ocrx_word' id='word_1_450' title='bbox 2333 2963 2656 3024; x_wconf 83' lang='lat' dir='ltr'><strong>precantur,</strong></span> <span class='ocrx_word' id='word_1_451' title='bbox 2711 2965 2773 3011; x_wconf 85' lang='lat' dir='ltr'><strong>ut</strong></span> <span class='ocrx_word' id='word_1_452' title='bbox 2838 2972 2868 3011; x_wconf 88' lang='lat' dir='ltr'><strong>a</strong></span> <span class='ocrx_word' id='word_1_453' title='bbox 2914 2963 2966 3012; x_wconf 89' lang='lat' dir='ltr'><strong>te</strong></span> <span class='ocrx_word' id='word_1_454' title='bbox 3016 2955 3262 3028; x_wconf 84' lang='lat' dir='ltr'><strong>spiritale</strong></span> <span class='ocrx_word' id='word_1_455' title='bbox 3330 2953 3534 3009; x_wconf 91' lang='lat' dir='ltr'><strong>donum</strong></span> 
     </span>
    </p>
   </div>
   <div class='ocr_carea' id='block_1_62' title="bbox 254 3045 2844 3119">
    <p class='ocr_par' dir='ltr' id='par_1_62' title="bbox 254 3045 2844 3119">
     <span class='ocr_line' id='line_1_62' title="bbox 254 3045 2844 3119; baseline -0.001 -12"><span class='ocrx_word' id='word_1_456' title='bbox 254 3053 382 3107; x_wconf 92' lang='lat' dir='ltr'><strong>illud</strong></span> <span class='ocrx_word' id='word_1_457' title='bbox 401 3054 716 3108; x_wconf 71' lang='lat' dir='ltr'><strong>obt‘ueaut.</strong></span> <span class='ocrx_word' id='word_1_458' title='bbox 762 3048 950 3104; x_wconf 81' lang='lat' dir='ltr'><strong>Valere</strong></span> <span class='ocrx_word' id='word_1_459' title='bbox 977 3057 1029 3103; x_wconf 92' lang='lat' dir='ltr'><strong>te</strong></span> <span class='ocrx_word' id='word_1_460' title='bbox 1054 3048 1110 3102; x_wconf 92' lang='lat' dir='ltr'><strong>in</strong></span> <span class='ocrx_word' id='word_1_461' title='bbox 1142 3046 1393 3113; x_wconf 90' lang='lat' dir='ltr'><strong>Domino,</strong></span> <span class='ocrx_word' id='word_1_462' title='bbox 1419 3061 1483 3102; x_wconf 88' lang='lat' dir='ltr'><strong>ac</strong></span> <span class='ocrx_word' id='word_1_463' title='bbox 1504 3046 1688 3102; x_wconf 65' lang='lat' dir='ltr'><strong>laetum</strong></span> <span class='ocrx_word' id='word_1_464' title='bbox 1716 3045 1936 3101; x_wconf 85' lang='lat' dir='ltr'><strong>assidue</strong></span> <span class='ocrx_word' id='word_1_465' title='bbox 1969 3047 2167 3118; x_wconf 82' lang='lat' dir='ltr'><strong>degere</strong></span> <span class='ocrx_word' id='word_1_466' title='bbox 2195 3058 2452 3119; x_wconf 83' lang='lat' dir='ltr'><strong>optamus</strong></span> <span class='ocrx_word' id='word_1_467' title='bbox 2482 3050 2778 3118; x_wconf 91' lang='lat' dir='ltr'><strong>plurimum</strong></span> <span class='ocrx_word' id='word_1_468' title='bbox 2831 3070 2844 3105; x_wconf 91' lang='lat'><strong>:</strong></span> 
     </span>
    </p>
   </div>
   <div class='ocr_carea' id='block_1_63' title="bbox 2919 3044 3533 3107">
    <p class='ocr_par' dir='ltr' id='par_1_63' title="bbox 2919 3044 3533 3107">
     <span class='ocr_line' id='line_1_63' title="bbox 2919 3044 3533 3107; baseline -0.013 0"><span class='ocrx_word' id='word_1_469' title='bbox 2919 3057 2974 3107; x_wconf 82' lang='lat' dir='ltr'><strong>et</strong></span> <span class='ocrx_word' id='word_1_470' title='bbox 3013 3050 3372 3106; x_wconf 89' lang='lat' dir='ltr'><strong>commissum</strong></span> <span class='ocrx_word' id='word_1_471' title='bbox 3435 3044 3533 3101; x_wconf 87' lang='lat' dir='ltr'><strong>tibi</strong></span> 
     </span>
    </p>
   </div>
   <div class='ocr_carea' id='block_1_64' title="bbox 253 3139 3534 3213">
    <p class='ocr_par' dir='ltr' id='par_1_64' title="bbox 253 3139 3534 3213">
     <span class='ocr_line' id='line_1_64' title="bbox 253 3139 3534 3213; baseline -0.002 -16"><span class='ocrx_word' id='word_1_472' title='bbox 253 3143 536 3204; x_wconf 86' lang='lat' dir='ltr'><strong>thronum.</strong></span> <span class='ocrx_word' id='word_1_473' title='bbox 577 3143 631 3197; x_wconf 84' lang='lat' dir='ltr'><strong>iu</strong></span> <span class='ocrx_word' id='word_1_474' title='bbox 670 3141 877 3213; x_wconf 87' lang='lat' dir='ltr'><strong>Spiritu</strong></span> <span class='ocrx_word' id='word_1_475' title='bbox 899 3148 1113 3208; x_wconf 83' lang='lat' dir='ltr'><strong>sancto,</strong></span> <span class='ocrx_word' id='word_1_476' title='bbox 1143 3139 1498 3211; x_wconf 84' lang='lat' dir='ltr'><strong>divinumque</strong></span> <span class='ocrx_word' id='word_1_477' title='bbox 1535 3139 1677 3195; x_wconf 88' lang='lat' dir='ltr'><strong>tueri</strong></span> <span class='ocrx_word' id='word_1_478' title='bbox 1713 3152 1940 3204; x_wconf 87' lang='lat' dir='ltr'><strong>munus,</strong></span> <span class='ocrx_word' id='word_1_479' title='bbox 2006 3139 2181 3197; x_wconf 89' lang='lat' dir='ltr'><strong>donec</strong></span> <span class='ocrx_word' id='word_1_480' title='bbox 2236 3156 2378 3207; x_wconf 87' lang='lat' dir='ltr'><strong>eam,</strong></span> <span class='ocrx_word' id='word_1_481' title='bbox 2431 3156 2555 3212; x_wconf 69' lang='lat' dir='ltr'><strong>quae</strong></span> <span class='ocrx_word' id='word_1_482' title='bbox 2587 3149 2641 3198; x_wconf 90' lang='lat' dir='ltr'><strong>te</strong></span> <span class='ocrx_word' id='word_1_483' title='bbox 2693 3150 2914 3210; x_wconf 89' lang='lat' dir='ltr'><strong>manet,</strong></span> <span class='ocrx_word' id='word_1_484' title='bbox 2978 3159 3240 3199; x_wconf 88' lang='lat' dir='ltr'><strong>coronam</strong></span> <span class='ocrx_word' id='word_1_485' title='bbox 3272 3142 3326 3197; x_wconf 89' lang='lat' dir='ltr'><strong>in</strong></span> <span class='ocrx_word' id='word_1_486' title='bbox 3390 3140 3534 3197; x_wconf 75' lang='grc' dir='ltr'>ι-ωιο</span> 
     </span>
    </p>
   </div>
   <div class='ocr_carea' id='block_1_65' title="bbox 254 3236 641 3307">
    <p class='ocr_par' dir='ltr' id='par_1_65' title="bbox 254 3236 641 3307">
     <span class='ocr_line' id='line_1_65' title="bbox 254 3236 641 3307; baseline -0.003 -15"><span class='ocrx_word' id='word_1_487' title='bbox 254 3236 641 3307; x_wconf 86' lang='lat' dir='ltr'><strong>consequaris.</strong></span> 
     </span>
    </p>
   </div>
   <div class='ocr_carea' id='block_1_66' title="bbox 986 3375 2964 3581">
    <p class='ocr_par' dir='ltr' id='par_1_66' title="bbox 986 3375 2964 3581">
     <span class='ocr_line' id='line_1_66' title="bbox 986 3375 2964 3581; baseline 0.004 -7"><span class='ocrx_word' id='word_1_488' title='bbox 986 3375 1943 3579; x_wconf 53' lang='lat' dir='ltr'><strong>BESCRIPTUM-</strong></span> <span class='ocrx_word' id='word_1_489' title='bbox 2020 3426 2809 3575; x_wconf 83' lang='lat' dir='ltr'><strong>EPIPHANll.</strong></span> <span class='ocrx_word' id='word_1_490' title='bbox 2882 3391 2886 3395; x_wconf 55' lang='grc'><em>’</em></span> <span class='ocrx_word' id='word_1_491' title='bbox 2958 3576 2964 3581; x_wconf 78' lang='lat'><strong>.</strong></span> 
     </span>
    </p>
   </div>
   <div class='ocr_carea' id='block_1_67' title="bbox 264 3641 1843 3720">
    <p class='ocr_par' dir='ltr' id='par_1_67' title="bbox 264 3642 1841 3720">
     <span class='ocr_line' id='line_1_67' title="bbox 264 3642 1841 3720; baseline -0.006 -14"><span class='ocrx_word' id='word_1_492' title='bbox 264 3650 333 3706; x_wconf 82' lang='grc' dir='ltr'><em>Ἠ</em></span> <span class='ocrx_word' id='word_1_493' title='bbox 369 3645 809 3720; x_wconf 62' lang='grc' dir='ltr'>ἀντιτραφεῖσα</span> <span class='ocrx_word' id='word_1_494' title='bbox 861 3645 1014 3720; x_wconf 63' lang='grc' dir='ltr'>ατρὸς</span> <span class='ocrx_word' id='word_1_495' title='bbox 1057 3643 1219 3720; x_wconf 34' lang='grc' dir='ltr'>τοὺς.</span> <span class='ocrx_word' id='word_1_496' title='bbox 1251 3642 1387 3720; x_wconf 72' lang='grc' dir='ltr'>περὶ</span> <span class='ocrx_word' id='word_1_497' title='bbox 1414 3644 1702 3720; x_wconf 52' lang='grc' dir='ltr'><strong>ξΑξιρκιον</strong></span> <span class='ocrx_word' id='word_1_498' title='bbox 1742 3643 1841 3720; x_wconf 65' lang='grc' dir='ltr'><strong>καί</strong></span> 
     </span>
    </p>
   </div>
   <div class='ocr_carea' id='block_1_68' title="bbox 1950 3641 3535 3720">
    <p class='ocr_par' dir='ltr' id='par_1_68' title="bbox 1950 3641 3535 3714">
     <span class='ocr_line' id='line_1_68' title="bbox 1950 3641 3535 3714; baseline 0 -16"><span class='ocrx_word' id='word_1_499' title='bbox 1950 3643 2237 3714; x_wconf 81' lang='lat' dir='ltr'><strong>Epiphanii</strong></span> <span class='ocrx_word' id='word_1_500' title='bbox 2285 3642 2516 3711; x_wconf 77' lang='lat' dir='ltr'><strong>episcopi</strong></span> <span class='ocrx_word' id='word_1_501' title='bbox 2568 3641 2833 3712; x_wconf 81' lang='lat' dir='ltr'><strong>epistola,</strong></span> <span class='ocrx_word' id='word_1_502' title='bbox 2878 3656 3038 3713; x_wconf 69' lang='lat' dir='ltr'><strong>quam</strong></span> <span class='ocrx_word' id='word_1_503' title='bbox 3082 3642 3151 3696; x_wconf 80' lang='lat' dir='ltr'><strong>ad</strong></span> <span class='ocrx_word' id='word_1_504' title='bbox 3196 3646 3449 3696; x_wconf 78' lang='lat' dir='ltr'><strong>Acacium</strong></span> <span class='ocrx_word' id='word_1_505' title='bbox 3487 3653 3535 3699; x_wconf 86' lang='lat' dir='ltr'><strong>ct</strong></span> 
     </span>
    </p>
   </div>
   <div class='ocr_carea' id='block_1_69' title="bbox 320 3714 1845 3787">
    <p class='ocr_par' dir='ltr' id='par_1_69' title="bbox 320 3714 1845 3787">
     <span class='ocr_line' id='line_1_69' title="bbox 320 3714 1845 3787; baseline -0.006 -12"><span class='ocrx_word' id='word_1_506' title='bbox 320 3714 577 3775; x_wconf 64' lang='grc' dir='ltr'>Παῦλὸὶρ</span> <span class='ocrx_word' id='word_1_507' title='bbox 613 3714 1059 3787; x_wconf 62' lang='grc' dir='ltr'>πρεσϐυτέρους</span> <span class='ocrx_word' id='word_1_508' title='bbox 1105 3714 1228 3787; x_wconf 59' lang='lat' dir='ltr'><strong>Qad</strong></span> <span class='ocrx_word' id='word_1_509' title='bbox 1256 3714 1444 3787; x_wconf 79' lang='grc' dir='ltr'>αὐτοῦ</span> <span class='ocrx_word' id='word_1_510' title='bbox 1491 3715 1845 3787; x_wconf 69' lang='grc' dir='ltr'>Ἐπιφανὶορ</span> 
     </span>
    </p>
   </div>
   <div class='ocr_carea' id='block_1_70' title="bbox 321 3784 1847 3860">
    <p class='ocr_par' dir='ltr' id='par_1_70' title="bbox 321 3784 1847 3860">
     <span class='ocr_line' id='line_1_70' title="bbox 321 3784 1847 3860; baseline -0.004 -15"><span class='ocrx_word' id='word_1_511' title='bbox 321 3791 477 3860; x_wconf 73' lang='grc' dir='ltr'>πρὸς</span> <span class='ocrx_word' id='word_1_512' title='bbox 516 3790 590 3843; x_wconf 82' lang='grc' dir='ltr'>τὰ</span> <span class='ocrx_word' id='word_1_513' title='bbox 632 3784 734 3860; x_wconf 63' lang='grc' dir='ltr'><strong>ὑπ’</strong></span> <span class='ocrx_word' id='word_1_514' title='bbox 767 3784 1161 3860; x_wconf 45' lang='lat' dir='ltr'><strong>auctorath</strong></span> <span class='ocrx_word' id='word_1_515' title='bbox 1207 3784 1511 3860; x_wconf 66' lang='grc' dir='ltr'>γραφέντα</span> <span class='ocrx_word' id='word_1_516' title='bbox 1554 3784 1691 3853; x_wconf 75' lang='grc' dir='ltr'>περὶ</span> <span class='ocrx_word' id='word_1_517' title='bbox 1739 3784 1847 3839; x_wconf 87' lang='grc' dir='ltr'><strong>τοῦ</strong></span> 
     </span>
    </p>
   </div>
   <div class='ocr_carea' id='block_1_71' title="bbox 324 3855 1300 3928">
    <p class='ocr_par' dir='ltr' id='par_1_71' title="bbox 324 3855 1300 3928">
     <span class='ocr_line' id='line_1_71' title="bbox 324 3855 1300 3928; baseline -0.007 -14"><span class='ocrx_word' id='word_1_518' title='bbox 324 3855 480 3914; x_wconf 73' lang='grc' dir='ltr'>κατᾶ</span> <span class='ocrx_word' id='word_1_519' title='bbox 514 3858 807 3928; x_wconf 73' lang='grc' dir='ltr'>αἱρέσεων</span> <span class='ocrx_word' id='word_1_520' title='bbox 833 3855 1061 3926; x_wconf 78' lang='grc' dir='ltr'>γράψαι</span> <span class='ocrx_word' id='word_1_521' title='bbox 1095 3856 1300 3909; x_wconf 78' lang='grc' dir='ltr'>αὐτόν.</span> 
     </span>
    </p>
   </div>
   <div class='ocr_carea' id='block_1_72' title="bbox 324 3962 1849 4042">
    <p class='ocr_par' dir='ltr' id='par_1_72' title="bbox 324 3962 1849 4042">
     <span class='ocr_line' id='line_1_72' title="bbox 324 3962 1849 4042; baseline -0.005 -19"><span class='ocrx_word' id='word_1_522' title='bbox 324 3972 558 4042; x_wconf 65' lang='grc' dir='ltr'>Κοριοις</span> <span class='ocrx_word' id='word_1_523' title='bbox 580 3967 929 4040; x_wconf 81' lang='grc' dir='ltr'>τιμιωτάτοις</span> <span class='ocrx_word' id='word_1_524' title='bbox 951 3965 1202 4036; x_wconf 78' lang='grc' dir='ltr'>ἀδελφοῖς</span> <span class='ocrx_word' id='word_1_525' title='bbox 1224 3965 1318 4020; x_wconf 58' lang='grc' dir='ltr'><strong>καὶ¹</strong></span> <span class='ocrx_word' id='word_1_526' title='bbox 1342 3962 1849 4036; x_wconf 68' lang='grc' dir='ltr'>ωμπρεσόυτέροις</span> 
     </span>
    </p>
   </div>
   <div class='ocr_carea' id='block_1_73' title="bbox 270 4055 1851 4133">
    <p class='ocr_par' dir='ltr' id='par_1_73' title="bbox 270 4055 1851 4133">
     <span class='ocr_line' id='line_1_73' title="bbox 270 4055 1851 4133; baseline -0.005 -17"><span class='ocrx_word' id='word_1_527' title='bbox 270 4063 515 4133; x_wconf 83' lang='grc' dir='ltr'>Ἀκακίῳ</span> <span class='ocrx_word' id='word_1_528' title='bbox 576 4062 671 4114; x_wconf 77' lang='grc' dir='ltr'>καὶ</span> <span class='ocrx_word' id='word_1_529' title='bbox 730 4058 928 4129; x_wconf 75' lang='grc' dir='ltr'>Παύλῳ</span> <span class='ocrx_word' id='word_1_530' title='bbox 980 4057 1297 4129; x_wconf 77' lang='grc' dir='ltr'>Ἐπιφάνιος</span> <span class='ocrx_word' id='word_1_531' title='bbox 1381 4059 1439 4110; x_wconf 83' lang='grc' dir='ltr'>ὲν</span> <span class='ocrx_word' id='word_1_532' title='bbox 1488 4056 1679 4127; x_wconf 84' lang='grc' dir='ltr'>Κυρίῳ</span> <span class='ocrx_word' id='word_1_533' title='bbox 1727 4055 1851 4127; x_wconf 87' lang='grc' dir='ltr'>χαί-</span> 
     </span>
    </p>
   </div>
   <div class='ocr_carea' id='block_1_74' title="bbox 260 4134 1850 4226">
    <p class='ocr_par' dir='ltr' id='par_1_74' title="bbox 260 4134 1850 4226">
     <span class='ocr_line' id='line_1_74' title="bbox 260 4134 1850 4226; baseline -0.004 -19"><span class='ocrx_word' id='word_1_534' title='bbox 260 4172 394 4226; x_wconf 88' lang='grc' dir='ltr'>ρειν.</span> <span class='ocrx_word' id='word_1_535' title='bbox 442 4134 763 4226; x_wconf 71' lang='grc' dir='ltr'>Προοίμὶον,</span> <span class='ocrx_word' id='word_1_536' title='bbox 796 4151 892 4205; x_wconf 74' lang='grc' dir='ltr'>εἴτ’</span> <span class='ocrx_word' id='word_1_537' title='bbox 928 4145 1022 4205; x_wconf 77' lang='grc' dir='ltr'>οὖν</span> <span class='ocrx_word' id='word_1_538' title='bbox 1058 4149 1248 4204; x_wconf 81' lang='grc' dir='ltr'>λαλιὰν</span> <span class='ocrx_word' id='word_1_539' title='bbox 1280 4149 1615 4221; x_wconf 75' lang='grc' dir='ltr'>ἐπιγραφὴν,</span> <span class='ocrx_word' id='word_1_540' title='bbox 1660 4147 1850 4220; x_wconf 84' lang='grc' dir='ltr'>ὥσπερ</span> 
     </span>
    </p>
   </div>
   <div class='ocr_carea' id='block_1_75' title="bbox 257 4239 1850 4316">
    <p class='ocr_par' dir='ltr' id='par_1_75' title="bbox 257 4239 1850 4316">
     <span class='ocr_line' id='line_1_75' title="bbox 257 4239 1850 4316; baseline -0.003 -19"><span class='ocrx_word' id='word_1_541' title='bbox 257 4245 656 4316; x_wconf 76' lang='grc' dir='ltr'>διαγράφοντες</span> <span class='ocrx_word' id='word_1_542' title='bbox 687 4242 901 4295; x_wconf 76' lang='grc' dir='ltr'>παλαιοὶ</span> <span class='ocrx_word' id='word_1_543' title='bbox 922 4243 1258 4312; x_wconf 77' lang='grc' dir='ltr'>συγγραφεῖς</span> <span class='ocrx_word' id='word_1_544' title='bbox 1296 4240 1379 4294; x_wconf 72' lang='grc' dir='ltr'><strong>διὰ</strong></span> <span class='ocrx_word' id='word_1_545' title='bbox 1403 4239 1495 4293; x_wconf 84' lang='grc' dir='ltr'><strong>τοῦ</strong></span> <span class='ocrx_word' id='word_1_546' title='bbox 1528 4239 1850 4310; x_wconf 78' lang='grc' dir='ltr'>αἰνίγματος</span> 
     </span>
    </p>
   </div>
   <div class='ocr_carea' id='block_1_76' title="bbox 258 4330 1850 4405">
    <p class='ocr_par' dir='ltr' id='par_1_76' title="bbox 258 4330 1850 4405">
     <span class='ocr_line' id='line_1_76' title="bbox 258 4330 1850 4405; baseline -0.004 -17"><span class='ocrx_word' id='word_1_547' title='bbox 258 4335 535 4404; x_wconf 76' lang='grc' dir='ltr'>ὖπόφασιν</span> <span class='ocrx_word' id='word_1_548' title='bbox 581 4333 853 4388; x_wconf 79' lang='grc' dir='ltr'>ἐδείκνυον</span> <span class='ocrx_word' id='word_1_549' title='bbox 915 4330 1096 4399; x_wconf 82' lang='grc' dir='ltr'>πάσης</span> <span class='ocrx_word' id='word_1_550' title='bbox 1154 4330 1526 4401; x_wconf 79' lang='grc' dir='ltr'>ὑποκειμένης</span> <span class='ocrx_word' id='word_1_551' title='bbox 1586 4345 1850 4405; x_wconf 75' lang='grc' dir='ltr'>πραγμα-</span> 
     </span>
    </p>
   </div>
   <div class='ocr_carea' id='block_1_77' title="bbox 260 4421 1853 4494">
    <p class='ocr_par' dir='ltr' id='par_1_77' title="bbox 260 4421 1853 4494">
     <span class='ocr_line' id='line_1_77' title="bbox 260 4421 1853 4494; baseline -0.004 -14"><span class='ocrx_word' id='word_1_552' title='bbox 260 4427 433 4492; x_wconf 85' lang='grc' dir='ltr'>τείας.</span> <span class='ocrx_word' id='word_1_553' title='bbox 457 4426 623 4480; x_wconf 83' lang='grc' dir='ltr'>Ὅθεν</span> <span class='ocrx_word' id='word_1_554' title='bbox 648 4426 745 4479; x_wconf 82' lang='grc' dir='ltr'>καὶ</span> <span class='ocrx_word' id='word_1_555' title='bbox 793 4424 967 4490; x_wconf 78' lang='grc' dir='ltr'>αὐτοὶ,</span> <span class='ocrx_word' id='word_1_556' title='bbox 999 4421 1079 4494; x_wconf 82' lang='grc' dir='ltr'>τῷ</span> <span class='ocrx_word' id='word_1_557' title='bbox 1127 4421 1276 4493; x_wconf 81' lang='grc' dir='ltr'><strong>αὐτῷ</strong></span> <span class='ocrx_word' id='word_1_558' title='bbox 1313 4421 1643 4494; x_wconf 77' lang='grc' dir='ltr'>κεχρημένοι</span> <span class='ocrx_word' id='word_1_559' title='bbox 1677 4437 1853 4492; x_wconf 85' lang='grc' dir='ltr'>χαρα-</span> 
     </span>
    </p>
   </div>
   <div class='ocr_carea' id='block_1_78' title="bbox 260 4511 1853 4592">
    <p class='ocr_par' dir='ltr' id='par_1_78' title="bbox 260 4511 1853 4592">
     <span class='ocr_line' id='line_1_78' title="bbox 260 4511 1853 4592; baseline -0.006 -19"><span class='ocrx_word' id='word_1_560' title='bbox 260 4520 451 4592; x_wconf 80' lang='grc' dir='ltr'>κτῆρι,</span> <span class='ocrx_word' id='word_1_561' title='bbox 482 4518 957 4592; x_wconf 78' lang='grc' dir='ltr'>προοιμιαζόμεθα</span> <span class='ocrx_word' id='word_1_562' title='bbox 985 4518 1134 4590; x_wconf 80' lang='grc' dir='ltr'>ὑμῖν,</span> <span class='ocrx_word' id='word_1_563' title='bbox 1169 4514 1467 4586; x_wconf 74' lang='grc' dir='ltr'>ἀγαπητοὶ,</span> <span class='ocrx_word' id='word_1_564' title='bbox 1491 4513 1561 4567; x_wconf 86' lang='grc' dir='ltr'><strong>τὰ</strong></span> <span class='ocrx_word' id='word_1_565' title='bbox 1581 4513 1682 4583; x_wconf 78' lang='grc' dir='ltr'>τῆς</span> <span class='ocrx_word' id='word_1_566' title='bbox 1709 4511 1853 4566; x_wconf 88' lang='grc' dir='ltr'><strong>κατά</strong></span> 
     </span>
    </p>
   </div>
   <div class='ocr_carea' id='block_1_79' title="bbox 263 4603 1853 4685">
    <p class='ocr_par' dir='ltr' id='par_1_79' title="bbox 263 4603 1853 4685">
     <span class='ocr_line' id='line_1_79' title="bbox 263 4603 1853 4685; baseline -0.006 -19"><span class='ocrx_word' id='word_1_567' title='bbox 263 4611 532 4683; x_wconf 78' lang='grc' dir='ltr'>αἱρέσεων</span> <span class='ocrx_word' id='word_1_568' title='bbox 557 4612 829 4681; x_wconf 83' lang='grc' dir='ltr'>αἰτήσεως</span> <span class='ocrx_word' id='word_1_569' title='bbox 851 4609 1026 4682; x_wconf 82' lang='grc' dir='ltr'>ὑμῶν,</span> <span class='ocrx_word' id='word_1_570' title='bbox 1055 4609 1114 4661; x_wconf 78' lang='grc' dir='ltr'>ὲν</span> <span class='ocrx_word' id='word_1_571' title='bbox 1141 4606 1306 4678; x_wconf 86' lang='grc' dir='ltr'>ὀλίγῳ</span> <span class='ocrx_word' id='word_1_572' title='bbox 1334 4603 1431 4677; x_wconf 84' lang='grc' dir='ltr'>τὴν</span> <span class='ocrx_word' id='word_1_573' title='bbox 1460 4604 1689 4676; x_wconf 84' lang='grc' dir='ltr'>δύναμιν</span> <span class='ocrx_word' id='word_1_574' title='bbox 1723 4605 1853 4685; x_wconf 85' lang='grc' dir='ltr'>ἀνα-</span> 
     </span>
    </p>
   </div>
   <div class='ocr_carea' id='block_1_80' title="bbox 261 4698 1851 4775">
    <p class='ocr_par' dir='ltr' id='par_1_80' title="bbox 261 4698 1851 4775">
     <span class='ocr_line' id='line_1_80' title="bbox 261 4698 1851 4775; baseline -0.003 -18"><span class='ocrx_word' id='word_1_575' title='bbox 261 4703 744 4775; x_wconf 67' lang='grc' dir='ltr'>κεφαλαιούμενοι.</span> <span class='ocrx_word' id='word_1_576' title='bbox 798 4701 1020 4771; x_wconf 78' lang='grc' dir='ltr'>Ἐπειδὴ</span> <span class='ocrx_word' id='word_1_577' title='bbox 1065 4699 1173 4772; x_wconf 85' lang='grc' dir='ltr'>γὰρ</span> <span class='ocrx_word' id='word_1_578' title='bbox 1217 4698 1485 4771; x_wconf 79' lang='grc' dir='ltr'>μέλλομεν</span> <span class='ocrx_word' id='word_1_579' title='bbox 1520 4698 1649 4770; x_wconf 83' lang='grc' dir='ltr'>ὑμῖν</span> <span class='ocrx_word' id='word_1_580' title='bbox 1678 4698 1748 4752; x_wconf 86' lang='grc' dir='ltr'><strong>τά</strong></span> <span class='ocrx_word' id='word_1_581' title='bbox 1792 4714 1851 4752; x_wconf 87' lang='grc' dir='ltr'><strong>τε</strong></span> 
     </span>
    </p>
   </div>
   <div class='ocr_carea' id='block_1_81' title="bbox 262 4791 1852 4868">
    <p class='ocr_par' dir='ltr' id='par_1_81' title="bbox 262 4791 1852 4868">
     <span class='ocr_line' id='line_1_81' title="bbox 262 4791 1852 4868; baseline -0.004 -20"><span class='ocrx_word' id='word_1_582' title='bbox 262 4796 507 4868; x_wconf 52' lang='grc' dir='ltr'>φύματα</span> <span class='ocrx_word' id='word_1_583' title='bbox 550 4795 660 4849; x_wconf 83' lang='grc' dir='ltr'><strong>τῶν</strong></span> <span class='ocrx_word' id='word_1_584' title='bbox 687 4795 953 4867; x_wconf 80' lang='grc' dir='ltr'>αἱρέσεων</span> <span class='ocrx_word' id='word_1_585' title='bbox 1004 4793 1224 4865; x_wconf 78' lang='grc' dir='ltr'>δηλοῦν,</span> <span class='ocrx_word' id='word_1_586' title='bbox 1253 4791 1353 4856; x_wconf 88' lang='grc' dir='ltr'><strong>τάς</strong></span> <span class='ocrx_word' id='word_1_587' title='bbox 1398 4808 1458 4845; x_wconf 87' lang='grc' dir='ltr'><strong>τε</strong></span> <span class='ocrx_word' id='word_1_588' title='bbox 1511 4793 1642 4863; x_wconf 79' lang='grc' dir='ltr'>παρ’</span> <span class='ocrx_word' id='word_1_589' title='bbox 1668 4791 1852 4854; x_wconf 80' lang='grc' dir='ltr'>αὐτοῖς</span> 
     </span>
    </p>
   </div>
   <div class='ocr_carea' id='block_1_82' title="bbox 260 4878 1854 4957">
    <p class='ocr_par' dir='ltr' id='par_1_82' title="bbox 260 4878 1854 4957">
     <span class='ocr_line' id='line_1_82' title="bbox 260 4878 1854 4957; baseline -0.004 -18"><span class='ocrx_word' id='word_1_590' title='bbox 260 4884 562 4957; x_wconf 82' lang='grc' dir='ltr'>ἀθεμίτους</span> <span class='ocrx_word' id='word_1_591' title='bbox 622 4883 852 4957; x_wconf 78' lang='grc' dir='ltr'>πράξεις</span> <span class='ocrx_word' id='word_1_592' title='bbox 899 4882 1336 4944; x_wconf 80' lang='grc' dir='ltr'>ἀνακαλύπτειν,</span> <span class='ocrx_word' id='word_1_593' title='bbox 1381 4878 1570 4952; x_wconf 78' lang='grc' dir='ltr'>ὥσπερ</span> <span class='ocrx_word' id='word_1_594' title='bbox 1611 4880 1721 4943; x_wconf 76' lang='grc' dir='ltr'>ἰοὺς</span> <span class='ocrx_word' id='word_1_595' title='bbox 1761 4879 1854 4932; x_wconf 76' lang='grc' dir='ltr'>καὶ</span> 
     </span>
    </p>
   </div>
   <div class='ocr_carea' id='block_1_83' title="bbox 2024 3731 3536 3803">
    <p class='ocr_par' dir='ltr' id='par_1_83' title="bbox 2024 3731 3536 3803">
     <span class='ocr_line' id='line_1_83' title="bbox 2024 3731 3536 3803; baseline 0.001 -15"><span class='ocrx_word' id='word_1_596' title='bbox 2024 3733 2257 3788; x_wconf 83' lang='lat' dir='ltr'><strong>Paulum</strong></span> <span class='ocrx_word' id='word_1_597' title='bbox 2291 3731 2625 3803; x_wconf 72' lang='lat' dir='ltr'><strong>presbyteros</strong></span> <span class='ocrx_word' id='word_1_598' title='bbox 2662 3731 2732 3785; x_wconf 84' lang='lat' dir='ltr'><strong>ad</strong></span> <span class='ocrx_word' id='word_1_599' title='bbox 2782 3749 2845 3786; x_wconf 88' lang='lat' dir='ltr'><strong>ea</strong></span> <span class='ocrx_word' id='word_1_600' title='bbox 2879 3732 3186 3801; x_wconf 83' lang='lat' dir='ltr'><strong>rescripsit,</strong></span> <span class='ocrx_word' id='word_1_601' title='bbox 3210 3749 3328 3803; x_wconf 64' lang='lat' dir='ltr'><strong>quae</strong></span> <span class='ocrx_word' id='word_1_602' title='bbox 3355 3734 3437 3787; x_wconf 87' lang='lat' dir='ltr'><strong>illi</strong></span> <span class='ocrx_word' id='word_1_603' title='bbox 3473 3734 3536 3789; x_wconf 84' lang='lat' dir='ltr'><strong>de</strong></span> 
     </span>
    </p>
   </div>
   <div class='ocr_carea' id='block_1_84' title="bbox 2021 3824 3459 3893">
    <p class='ocr_par' dir='ltr' id='par_1_84' title="bbox 2021 3824 3459 3893">
     <span class='ocr_line' id='line_1_84' title="bbox 2021 3824 3459 3893; baseline 0.001 -15"><span class='ocrx_word' id='word_1_604' title='bbox 2021 3826 2383 3879; x_wconf 80' lang='lat' dir='ltr'><strong>lucubratione</strong></span> <span class='ocrx_word' id='word_1_605' title='bbox 2412 3825 2509 3876; x_wconf 82' lang='lat' dir='ltr'><strong>illa</strong></span> <span class='ocrx_word' id='word_1_606' title='bbox 2546 3833 2731 3876; x_wconf 82' lang='lat' dir='ltr'><strong>contra</strong></span> <span class='ocrx_word' id='word_1_607' title='bbox 2757 3824 2980 3877; x_wconf 60' lang='lat' dir='ltr'><strong>hereses</strong></span> <span class='ocrx_word' id='word_1_608' title='bbox 3012 3825 3459 3893; x_wconf 75' lang='lat' dir='ltr'><strong>signiﬁcarerant.</strong></span> 
     </span>
    </p>
   </div>
   <div class='ocr_carea' id='block_1_85' title="bbox 2022 3959 3529 4034">
    <p class='ocr_par' dir='ltr' id='par_1_85' title="bbox 2022 3959 3529 4034">
     <span class='ocr_line' id='line_1_85' title="bbox 2022 3959 3529 4034; baseline 0.002 -18"><span class='ocrx_word' id='word_1_609' title='bbox 2022 3961 2270 4018; x_wconf 88' lang='lat' dir='ltr'><strong>Dominis</strong></span> <span class='ocrx_word' id='word_1_610' title='bbox 2306 3960 2714 4017; x_wconf 85' lang='lat' dir='ltr'><strong>venerabilibus</strong></span> <span class='ocrx_word' id='word_1_611' title='bbox 2763 3975 2825 4016; x_wconf 85' lang='lat' dir='ltr'><strong>ac</strong></span> <span class='ocrx_word' id='word_1_612' title='bbox 2857 3959 3152 4025; x_wconf 89' lang='lat' dir='ltr'><strong>fratribus,</strong></span> <span class='ocrx_word' id='word_1_613' title='bbox 3198 3971 3250 4018; x_wconf 92' lang='lat' dir='ltr'><strong>et</strong></span> <span class='ocrx_word' id='word_1_614' title='bbox 3279 3964 3529 4034; x_wconf 77' lang='lat' dir='ltr'><strong>collegis,</strong></span> 
     </span>
    </p>
   </div>
   <div class='ocr_carea' id='block_1_86' title="bbox 1948 4051 3531 4123">
    <p class='ocr_par' dir='ltr' id='par_1_86' title="bbox 1948 4051 3531 4123">
     <span class='ocr_line' id='line_1_86' title="bbox 1948 4051 3531 4123; baseline 0.001 -13"><span class='ocrx_word' id='word_1_615' title='bbox 1948 4054 2147 4110; x_wconf 82' lang='lat' dir='ltr'><strong>Acacio</strong></span> <span class='ocrx_word' id='word_1_616' title='bbox 2205 4060 2259 4109; x_wconf 82' lang='lat' dir='ltr'><strong>et</strong></span> <span class='ocrx_word' id='word_1_617' title='bbox 2308 4052 2497 4114; x_wconf 86' lang='lat' dir='ltr'><strong>Paulo,</strong></span> <span class='ocrx_word' id='word_1_618' title='bbox 2531 4051 2868 4123; x_wconf 86' lang='lat' dir='ltr'><strong>Epiphanius</strong></span> <span class='ocrx_word' id='word_1_619' title='bbox 2919 4055 2977 4109; x_wconf 89' lang='lat' dir='ltr'><strong>in</strong></span> <span class='ocrx_word' id='word_1_620' title='bbox 3020 4053 3242 4109; x_wconf 84' lang='lat' dir='ltr'><strong>Christo</strong></span> <span class='ocrx_word' id='word_1_621' title='bbox 3275 4056 3531 4113; x_wconf 87' lang='lat' dir='ltr'><strong>salutem.</strong></span> 
     </span>
    </p>
   </div>
   <div class='ocr_carea' id='block_1_87' title="bbox 1955 4145 3534 4217">
    <p class='ocr_par' dir='ltr' id='par_1_87' title="bbox 1955 4145 3534 4217">
     <span class='ocr_line' id='line_1_87' title="bbox 1955 4145 3534 4217; baseline 0.002 -16"><span class='ocrx_word' id='word_1_622' title='bbox 1955 4145 2424 4215; x_wconf 87' lang='lat' dir='ltr'><strong>Quemadmodum</strong></span> <span class='ocrx_word' id='word_1_623' title='bbox 2457 4147 2665 4217; x_wconf 88' lang='lat' dir='ltr'><strong>antiqui</strong></span> <span class='ocrx_word' id='word_1_624' title='bbox 2703 4147 3002 4216; x_wconf 87' lang='lat' dir='ltr'><strong>scriptores</strong></span> <span class='ocrx_word' id='word_1_625' title='bbox 3041 4156 3442 4203; x_wconf 86' lang='lat' dir='ltr'><strong>consueverant</strong></span> <span class='ocrx_word' id='word_1_626' title='bbox 3479 4150 3534 4205; x_wconf 91' lang='lat' dir='ltr'><strong>in</strong></span> 
     </span>
    </p>
   </div>
   <div class='ocr_carea' id='block_1_88' title="bbox 1951 4238 3535 4310">
    <p class='ocr_par' dir='ltr' id='par_1_88' title="bbox 1951 4238 3535 4310">
     <span class='ocr_line' id='line_1_88' title="bbox 1951 4238 3535 4310; baseline 0.002 -17"><span class='ocrx_word' id='word_1_627' title='bbox 1951 4238 2364 4310; x_wconf 73' lang='lat' dir='ltr'><strong>prmfationibus</strong></span> <span class='ocrx_word' id='word_1_628' title='bbox 2395 4252 2458 4292; x_wconf 88' lang='lat' dir='ltr'><strong>ac</strong></span> <span class='ocrx_word' id='word_1_629' title='bbox 2499 4238 2805 4308; x_wconf 89' lang='lat' dir='ltr'><strong>proloquiis</strong></span> <span class='ocrx_word' id='word_1_630' title='bbox 2825 4276 2840 4300; x_wconf 95' lang='lat'><strong>,</strong></span> <span class='ocrx_word' id='word_1_631' title='bbox 2872 4246 2926 4292; x_wconf 89' lang='lat' dir='ltr'><strong>et</strong></span> <span class='ocrx_word' id='word_1_632' title='bbox 2968 4239 3425 4308; x_wconf 87' lang='lat' dir='ltr'><strong>inscriptionibus</strong></span> <span class='ocrx_word' id='word_1_633' title='bbox 3453 4248 3535 4296; x_wconf 87' lang='lat' dir='ltr'><strong>to-</strong></span> 
     </span>
    </p>
   </div>
   <div class='ocr_carea' id='block_1_89' title="bbox 1951 4318 3534 4403">
    <p class='ocr_par' dir='ltr' id='par_1_89' title="bbox 1951 4318 3534 4403">
     <span class='ocr_line' id='line_1_89' title="bbox 1951 4318 3534 4403; baseline 0.001 -18"><span class='ocrx_word' id='word_1_634' title='bbox 1951 4331 2062 4386; x_wconf 90' lang='lat' dir='ltr'><strong>tius</strong></span> <span class='ocrx_word' id='word_1_635' title='bbox 2083 4331 2265 4401; x_wconf 91' lang='lat' dir='ltr'><strong>operis</strong></span> <span class='ocrx_word' id='word_1_636' title='bbox 2291 4329 2558 4401; x_wconf 83' lang='lat' dir='ltr'><strong>propositi</strong></span> <span class='ocrx_word' id='word_1_637' title='bbox 2584 4330 2821 4401; x_wconf 90' lang='lat' dir='ltr'><strong>speciem</strong></span> <span class='ocrx_word' id='word_1_638' title='bbox 2853 4318 3275 4389; x_wconf 77' lang='lat' dir='ltr'><strong>adumbratione</strong></span> <span class='ocrx_word' id='word_1_639' title='bbox 3297 4333 3534 4403; x_wconf 86' lang='lat' dir='ltr'><strong>quadam</strong></span> 
     </span>
    </p>
   </div>
   <div class='ocr_carea' id='block_1_90' title="bbox 1952 4420 3533 4490">
    <p class='ocr_par' dir='ltr' id='par_1_90' title="bbox 1952 4420 3533 4490">
     <span class='ocr_line' id='line_1_90' title="bbox 1952 4420 3533 4490; baseline 0.004 -12"><span class='ocrx_word' id='word_1_640' title='bbox 1952 4420 2302 4478; x_wconf 87' lang='lat' dir='ltr'><strong>informatam</strong></span> <span class='ocrx_word' id='word_1_641' title='bbox 2325 4421 2642 4490; x_wconf 86' lang='lat' dir='ltr'><strong>ostendere;</strong></span> <span class='ocrx_word' id='word_1_642' title='bbox 2673 4422 2748 4478; x_wconf 88' lang='lat' dir='ltr'><strong>ita</strong></span> <span class='ocrx_word' id='word_1_643' title='bbox 2766 4433 2820 4479; x_wconf 92' lang='lat' dir='ltr'><strong>et</strong></span> <span class='ocrx_word' id='word_1_644' title='bbox 2836 4440 2937 4481; x_wconf 92' lang='lat' dir='ltr'><strong>nos</strong></span> <span class='ocrx_word' id='word_1_645' title='bbox 2953 4426 3142 4482; x_wconf 88' lang='lat' dir='ltr'><strong>eodem</strong></span> <span class='ocrx_word' id='word_1_646' title='bbox 3161 4427 3428 4483; x_wconf 90' lang='lat' dir='ltr'><strong>orationis</strong></span> <span class='ocrx_word' id='word_1_647' title='bbox 3450 4428 3533 4484; x_wconf 90' lang='lat' dir='ltr'><strong>usi</strong></span> 
     </span>
    </p>
   </div>
   <div class='ocr_carea' id='block_1_91' title="bbox 1952 4512 3535 4590">
    <p class='ocr_par' dir='ltr' id='par_1_91' title="bbox 1952 4512 3535 4590">
     <span class='ocr_line' id='line_1_91' title="bbox 1952 4512 3535 4590; baseline 0.002 -20"><span class='ocrx_word' id='word_1_648' title='bbox 1952 4530 2149 4588; x_wconf 74' lang='lat' dir='ltr'><strong>genere</strong></span> <span class='ocrx_word' id='word_1_649' title='bbox 2170 4512 2494 4585; x_wconf 85' lang='lat' dir='ltr'><strong>prooemium</strong></span> <span class='ocrx_word' id='word_1_650' title='bbox 2525 4513 2628 4569; x_wconf 90' lang='lat' dir='ltr'><strong>hoc</strong></span> <span class='ocrx_word' id='word_1_651' title='bbox 2652 4514 3013 4581; x_wconf 87' lang='lat' dir='ltr'><strong>instituimus,</strong></span> <span class='ocrx_word' id='word_1_652' title='bbox 3046 4516 3261 4582; x_wconf 88' lang='lat' dir='ltr'><strong>dilecti,</strong></span> <span class='ocrx_word' id='word_1_653' title='bbox 3294 4527 3353 4572; x_wconf 90' lang='lat' dir='ltr'><strong>ut</strong></span> <span class='ocrx_word' id='word_1_654' title='bbox 3372 4558 3389 4581; x_wconf 89' lang='lat'><strong>,</strong></span> <span class='ocrx_word' id='word_1_655' title='bbox 3413 4533 3535 4590; x_wconf 79' lang='lat' dir='ltr'><strong>quae</strong></span> 
     </span>
    </p>
   </div>
   <div class='ocr_carea' id='block_1_92' title="bbox 1951 4606 3536 4681">
    <p class='ocr_par' dir='ltr' id='par_1_92' title="bbox 1951 4606 3536 4681">
     <span class='ocr_line' id='line_1_92' title="bbox 1951 4606 3536 4681; baseline 0.003 -18"><span class='ocrx_word' id='word_1_656' title='bbox 1951 4608 2247 4680; x_wconf 88' lang='lat' dir='ltr'><strong>postulatio</strong></span> <span class='ocrx_word' id='word_1_657' title='bbox 2278 4614 2461 4664; x_wconf 86' lang='lat' dir='ltr'><strong>vestra</strong></span> <span class='ocrx_word' id='word_1_658' title='bbox 2488 4606 2613 4674; x_wconf 86' lang='lat' dir='ltr'><strong>fuit,</strong></span> <span class='ocrx_word' id='word_1_659' title='bbox 2645 4624 2834 4665; x_wconf 87' lang='lat' dir='ltr'><strong>eorum</strong></span> <span class='ocrx_word' id='word_1_660' title='bbox 2862 4625 2987 4681; x_wconf 71' lang='lat' dir='ltr'><strong>qua:</strong></span> <span class='ocrx_word' id='word_1_661' title='bbox 3008 4610 3274 4667; x_wconf 86' lang='lat' dir='ltr'><strong>adversus</strong></span> <span class='ocrx_word' id='word_1_662' title='bbox 3301 4611 3536 4667; x_wconf 81' lang='lat' dir='ltr'><strong>haereses</strong></span> 
     </span>
    </p>
   </div>
   <div class='ocr_carea' id='block_1_93' title="bbox 1954 4702 3535 4785">
    <p class='ocr_par' dir='ltr' id='par_1_93' title="bbox 1954 4702 3535 4785">
     <span class='ocr_line' id='line_1_93' title="bbox 1954 4702 3535 4785; baseline 0 -26"><span class='ocrx_word' id='word_1_663' title='bbox 1954 4702 2289 4785; x_wconf 83' lang='lat' dir='ltr'><strong>disputanda</strong></span> <span class='ocrx_word' id='word_1_664' title='bbox 2344 4710 2508 4766; x_wconf 87' lang='lat' dir='ltr'><strong>sunt,</strong></span> <span class='ocrx_word' id='word_1_665' title='bbox 2566 4718 2783 4759; x_wconf 89' lang='lat' dir='ltr'><strong>summa</strong></span> <span class='ocrx_word' id='word_1_666' title='bbox 2839 4704 3032 4776; x_wconf 89' lang='lat' dir='ltr'><strong>paucis</strong></span> <span class='ocrx_word' id='word_1_667' title='bbox 3079 4705 3535 4776; x_wconf 88' lang='lat' dir='ltr'><strong>complectamur.</strong></span> 
     </span>
    </p>
   </div>
   <div class='ocr_carea' id='block_1_94' title="bbox 1954 4798 3533 4871">
    <p class='ocr_par' dir='ltr' id='par_1_94' title="bbox 1954 4798 3533 4871">
     <span class='ocr_line' id='line_1_94' title="bbox 1954 4798 3533 4871; baseline -0.001 -17"><span class='ocrx_word' id='word_1_668' title='bbox 1954 4798 2226 4868; x_wconf 84' lang='lat' dir='ltr'><strong>Quoniam</strong></span> <span class='ocrx_word' id='word_1_669' title='bbox 2260 4799 2408 4856; x_wconf 89' lang='lat' dir='ltr'><strong>enim</strong></span> <span class='ocrx_word' id='word_1_670' title='bbox 2444 4799 2728 4856; x_wconf 71' lang='lat' dir='ltr'><strong>haereseon</strong></span> <span class='ocrx_word' id='word_1_671' title='bbox 2778 4800 3024 4855; x_wconf 88' lang='lat' dir='ltr'><strong>omnium</strong></span> <span class='ocrx_word' id='word_1_672' title='bbox 3073 4800 3298 4871; x_wconf 79' lang='lat' dir='ltr'><strong>nomina</strong></span> <span class='ocrx_word' id='word_1_673' title='bbox 3352 4798 3533 4855; x_wconf 87' lang='lat' dir='ltr'><strong>decla-</strong></span> 
     </span>
    </p>
   </div>
   <div class='ocr_carea' id='block_1_95' title="bbox 1954 4892 3533 4963">
    <p class='ocr_par' dir='ltr' id='par_1_95' title="bbox 1954 4892 3533 4963">
     <span class='ocr_line' id='line_1_95' title="bbox 1954 4892 3533 4963; baseline 0.001 -17"><span class='ocrx_word' id='word_1_674' title='bbox 1954 4893 2123 4948; x_wconf 88' lang='lat' dir='ltr'><strong>randa</strong></span> <span class='ocrx_word' id='word_1_675' title='bbox 2148 4893 2301 4949; x_wconf 87' lang='lat' dir='ltr'><strong>vobis</strong></span> <span class='ocrx_word' id='word_1_676' title='bbox 2331 4892 2434 4948; x_wconf 86' lang='lat' dir='ltr'><strong>hoc</strong></span> <span class='ocrx_word' id='word_1_677' title='bbox 2456 4893 2511 4947; x_wconf 90' lang='lat' dir='ltr'><strong>in</strong></span> <span class='ocrx_word' id='word_1_678' title='bbox 2546 4893 2688 4948; x_wconf 86' lang='lat' dir='ltr'><strong>libro</strong></span> <span class='ocrx_word' id='word_1_679' title='bbox 2708 4894 3082 4963; x_wconf 83' lang='lat' dir='ltr'><strong>suscepimus,</strong></span> <span class='ocrx_word' id='word_1_680' title='bbox 3112 4908 3214 4948; x_wconf 88' lang='lat' dir='ltr'><strong>nec</strong></span> <span class='ocrx_word' id='word_1_681' title='bbox 3238 4908 3348 4947; x_wconf 85' lang='lat' dir='ltr'><strong>non</strong></span> <span class='ocrx_word' id='word_1_682' title='bbox 3373 4908 3533 4949; x_wconf 81' lang='lat' dir='ltr'><strong>exse-</strong></span> 
     </span>
    </p>
   </div>
   <div class='ocr_carea' id='block_1_96' title="bbox 261 4972 1843 5054">
    <p class='ocr_par' dir='ltr' id='par_1_96' title="bbox 261 4972 1843 5051">
     <span class='ocr_line' id='line_1_96' title="bbox 261 4972 1843 5051; baseline -0.004 -21"><span class='ocrx_word' id='word_1_683' title='bbox 261 4978 566 5051; x_wconf 81' lang='grc' dir='ltr'>δηλητήρια</span> <span class='ocrx_word' id='word_1_684' title='bbox 615 4979 769 5043; x_wconf 78' lang='grc' dir='ltr'>ὄντα,</span> <span class='ocrx_word' id='word_1_685' title='bbox 803 4978 901 5031; x_wconf 82' lang='grc' dir='ltr'>σὺν</span> <span class='ocrx_word' id='word_1_686' title='bbox 940 4977 1124 5040; x_wconf 77' lang='grc' dir='ltr'>αὐτοῖς</span> <span class='ocrx_word' id='word_1_687' title='bbox 1166 4975 1222 5029; x_wconf 82' lang='grc' dir='ltr'>δὲ</span> <span class='ocrx_word' id='word_1_688' title='bbox 1257 4974 1374 5045; x_wconf 78' lang='grc' dir='ltr'>ἅμα</span> <span class='ocrx_word' id='word_1_689' title='bbox 1413 4974 1508 5028; x_wconf 79' lang='grc' dir='ltr'>καὶ</span> <span class='ocrx_word' id='word_1_690' title='bbox 1546 4972 1843 5036; x_wconf 80' lang='grc' dir='ltr'>ἀντιδὸτους</span> 
     </span>
    </p>
   </div>
   <div class='ocr_carea' id='block_1_97' title="bbox 1950 4972 3532 5054">
    <p class='ocr_par' dir='ltr' id='par_1_97' title="bbox 1953 4982 3532 5054">
     <span class='ocr_line' id='line_1_97' title="bbox 1953 4982 3532 5054; baseline 0.002 -17"><span class='ocrx_word' id='word_1_691' title='bbox 1953 4983 2178 5047; x_wconf 83' lang='lat' dir='ltr'><strong>oranda,</strong></span> <span class='ocrx_word' id='word_1_692' title='bbox 2224 4997 2289 5037; x_wconf 89' lang='lat' dir='ltr'><strong>ac</strong></span> <span class='ocrx_word' id='word_1_693' title='bbox 2335 4982 2546 5037; x_wconf 88' lang='lat' dir='ltr'><strong>nefaria</strong></span> <span class='ocrx_word' id='word_1_694' title='bbox 2583 4982 2799 5038; x_wconf 88' lang='lat' dir='ltr'><strong>illarum</strong></span> <span class='ocrx_word' id='word_1_695' title='bbox 2855 4982 3091 5053; x_wconf 76' lang='lat' dir='ltr'><strong>ﬂagitia,</strong></span> <span class='ocrx_word' id='word_1_696' title='bbox 3144 4985 3226 5039; x_wconf 84' lang='lat' dir='ltr'><strong>sic</strong></span> <span class='ocrx_word' id='word_1_697' title='bbox 3270 4990 3532 5054; x_wconf 88' lang='lat' dir='ltr'><strong>tanquam</strong></span> 
     </span>
    </p>
   </div>
   <div class='ocr_carea' id='block_1_98' title="bbox 261 5062 1848 5142">
    <p class='ocr_par' dir='ltr' id='par_1_98' title="bbox 261 5062 1848 5142">
     <span class='ocr_line' id='line_1_98' title="bbox 261 5062 1848 5142; baseline -0.003 -22"><span class='ocrx_word' id='word_1_698' title='bbox 261 5068 745 5142; x_wconf 74' lang='grc' dir='ltr'>ἑφαρμοσάμενοι,</span> <span class='ocrx_word' id='word_1_699' title='bbox 790 5066 1121 5140; x_wconf 83' lang='grc' dir='ltr'>ἀλεξητήρια</span> <span class='ocrx_word' id='word_1_700' title='bbox 1174 5065 1283 5118; x_wconf 85' lang='grc' dir='ltr'><strong>τῶν</strong></span> <span class='ocrx_word' id='word_1_701' title='bbox 1321 5063 1702 5135; x_wconf 86' lang='grc' dir='ltr'>δεδηγμένων,</span> <span class='ocrx_word' id='word_1_702' title='bbox 1753 5062 1848 5116; x_wconf 62' lang='grc' dir='ltr'><strong>καὶΙ</strong></span> 
     </span>
    </p>
   </div>
   <div class='ocr_carea' id='block_1_99' title="bbox 264 5153 1847 5232">
    <p class='ocr_par' dir='ltr' id='par_1_99' title="bbox 264 5153 1847 5232">
     <span class='ocr_line' id='line_1_99' title="bbox 264 5153 1847 5232; baseline -0.004 -19"><span class='ocrx_word' id='word_1_703' title='bbox 264 5159 765 5232; x_wconf 81' lang='grc' dir='ltr'>προκαταληπτικά</span> <span class='ocrx_word' id='word_1_704' title='bbox 789 5158 899 5212; x_wconf 83' lang='grc' dir='ltr'><strong>τῶν</strong></span> <span class='ocrx_word' id='word_1_705' title='bbox 928 5157 1229 5229; x_wconf 83' lang='grc' dir='ltr'>μελλόντων</span> <span class='ocrx_word' id='word_1_706' title='bbox 1263 5157 1343 5220; x_wconf 84' lang='grc' dir='ltr'><strong>εἰς</strong></span> <span class='ocrx_word' id='word_1_707' title='bbox 1369 5154 1527 5209; x_wconf 88' lang='grc' dir='ltr'>τοῦτο</span> <span class='ocrx_word' id='word_1_708' title='bbox 1553 5153 1847 5227; x_wconf 81' lang='grc' dir='ltr'>ἐμπίπτειν</span> 
     </span>
    </p>
   </div>
   <div class='ocr_carea' id='block_1_100' title="bbox 264 5245 1849 5322">
    <p class='ocr_par' dir='ltr' id='par_1_100' title="bbox 264 5245 1849 5322">
     <span class='ocr_line' id='line_1_100' title="bbox 264 5245 1849 5322; baseline -0.008 -11"><span class='ocrx_word' id='word_1_709' title='bbox 264 5254 383 5315; x_wconf 77' lang='grc' dir='ltr'>τοῖς</span> <span class='ocrx_word' id='word_1_710' title='bbox 425 5253 734 5322; x_wconf 73' lang='grc' dir='ltr'>φιλοκάλοις</span> <span class='ocrx_word' id='word_1_711' title='bbox 774 5250 1181 5322; x_wconf 79' lang='grc' dir='ltr'>διαγράφομεν·</span> <span class='ocrx_word' id='word_1_712' title='bbox 1217 5247 1352 5304; x_wconf 75' lang='grc' dir='ltr'>αὐτὸ</span> <span class='ocrx_word' id='word_1_713' title='bbox 1394 5245 1554 5302; x_wconf 89' lang='grc' dir='ltr'>τοῦτο</span> <span class='ocrx_word' id='word_1_714' title='bbox 1600 5247 1661 5301; x_wconf 82' lang='grc' dir='ltr'>τὸ</span> <span class='ocrx_word' id='word_1_715' title='bbox 1690 5245 1849 5319; x_wconf 89' lang='grc' dir='ltr'>[προ-</span> 
     </span>
    </p>
   </div>
   <div class='ocr_carea' id='block_1_101' title="bbox 264 5335 1848 5416">
    <p class='ocr_par' dir='ltr' id='par_1_101' title="bbox 264 5335 1848 5416">
     <span class='ocr_line' id='line_1_101' title="bbox 264 5335 1848 5416; baseline -0.003 -21"><span class='ocrx_word' id='word_1_716' title='bbox 264 5342 470 5416; x_wconf 85' lang='grc' dir='ltr'>οίμιον]</span> <span class='ocrx_word' id='word_1_717' title='bbox 518 5343 824 5415; x_wconf 87' lang='grc' dir='ltr'>Πανάριον,</span> <span class='ocrx_word' id='word_1_718' title='bbox 873 5340 972 5395; x_wconf 77' lang='grc' dir='ltr'>εἴτ’</span> <span class='ocrx_word' id='word_1_719' title='bbox 1016 5335 1107 5395; x_wconf 75' lang='grc' dir='ltr'>οὖν</span> <span class='ocrx_word' id='word_1_720' title='bbox 1145 5338 1399 5395; x_wconf 77' lang='grc' dir='ltr'>κιϐώτιον</span> <span class='ocrx_word' id='word_1_721' title='bbox 1445 5337 1708 5409; x_wconf 71' lang='grc' dir='ltr'>ἰατρικὸν,</span> <span class='ocrx_word' id='word_1_722' title='bbox 1754 5337 1848 5392; x_wconf 75' lang='grc' dir='ltr'>καὶ</span> 
     </span>
    </p>
   </div>
   <div class='ocr_carea' id='block_1_102' title="bbox 266 5429 1849 5507">
    <p class='ocr_par' dir='ltr' id='par_1_102' title="bbox 266 5429 1849 5507">
     <span class='ocr_line' id='line_1_102' title="bbox 266 5429 1849 5507; baseline -0.003 -18"><span class='ocrx_word' id='word_1_723' title='bbox 266 5432 686 5505; x_wconf 73' lang='grc' dir='ltr'>θηριοδηκτικὸν</span> <span class='ocrx_word' id='word_1_724' title='bbox 728 5430 1157 5507; x_wconf 75' lang='grc' dir='ltr'>ἑρμηνεύοντες,</span> <span class='ocrx_word' id='word_1_725' title='bbox 1194 5432 1329 5503; x_wconf 85' lang='grc' dir='ltr'>ὅπερ</span> <span class='ocrx_word' id='word_1_726' title='bbox 1351 5431 1467 5483; x_wconf 76' lang='grc' dir='ltr'>ἐστὶ</span> <span class='ocrx_word' id='word_1_727' title='bbox 1497 5430 1584 5484; x_wconf 85' lang='grc' dir='ltr'>διὰ</span> <span class='ocrx_word' id='word_1_728' title='bbox 1627 5429 1849 5501; x_wconf 74' lang='grc' dir='ltr'>βιϐλίων</span> 
     </span>
    </p>
   </div>
   <div class='ocr_carea' id='block_1_103' title="bbox 263 5505 1851 5599">
    <p class='ocr_par' dir='ltr' id='par_1_103' title="bbox 263 5505 1851 5599">
     <span class='ocr_line' id='line_1_103' title="bbox 263 5505 1851 5599; baseline -0.004 -18"><span class='ocrx_word' id='word_1_729' title='bbox 263 5525 441 5598; x_wconf 80' lang='grc' dir='ltr'>τριῶν</span> <span class='ocrx_word' id='word_1_730' title='bbox 466 5527 706 5599; x_wconf 80' lang='grc' dir='ltr'>αἱρέσεις</span> <span class='ocrx_word' id='word_1_731' title='bbox 736 5505 1089 5596; x_wconf 74' lang='grc' dir='ltr'>ὀγδοήκοντα,</span> <span class='ocrx_word' id='word_1_732' title='bbox 1119 5505 1318 5588; x_wconf 75' lang='grc' dir='ltr'>αἵτινές</span> <span class='ocrx_word' id='word_1_733' title='bbox 1349 5526 1454 5578; x_wconf 90' lang='grc' dir='ltr'>εἰσι</span> <span class='ocrx_word' id='word_1_734' title='bbox 1494 5522 1721 5595; x_wconf 89' lang='grc' dir='ltr'>θηρίων,</span> <span class='ocrx_word' id='word_1_735' title='bbox 1750 5522 1851 5575; x_wconf 75' lang='grc' dir='ltr'>εἴτ’</span> 
     </span>
    </p>
   </div>
   <div class='ocr_carea' id='block_1_104' title="bbox 345 5618 1808 5711">
    <p class='ocr_par' dir='ltr' id='par_1_104' title="bbox 345 5618 1808 5711">
     <span class='ocr_line' id='line_1_104' title="bbox 345 5618 1808 5711; baseline -0.006 -7"><span class='ocrx_word' id='word_1_736' title='bbox 345 5643 430 5706; x_wconf 76' lang='lat' dir='ltr'><strong>(ll</strong></span> <span class='ocrx_word' id='word_1_737' title='bbox 456 5643 616 5703; x_wconf 85' lang='lat' dir='ltr'><strong>Deest</strong></span> <span class='ocrx_word' id='word_1_738' title='bbox 636 5643 861 5700; x_wconf 85' lang='lat' dir='ltr'><strong>verbum</strong></span> <span class='ocrx_word' id='word_1_739' title='bbox 898 5640 1041 5711; x_wconf 90' lang='lat' dir='ltr'><strong>quod</strong></span> <span class='ocrx_word' id='word_1_740' title='bbox 1073 5639 1263 5697; x_wconf 85' lang='lat' dir='ltr'><strong>Latino</strong></span> <span class='ocrx_word' id='word_1_741' title='bbox 1294 5618 1427 5697; x_wconf 80' lang='lat' dir='ltr'><strong>tueri</strong></span> <span class='ocrx_word' id='word_1_742' title='bbox 1460 5638 1808 5711; x_wconf 85' lang='lat' dir='ltr'><strong>respondeat.</strong></span> 
     </span>
    </p>
   </div>
   <div class='ocr_carea' id='block_1_105' title="bbox 1952 5069 3533 5144">
    <p class='ocr_par' dir='ltr' id='par_1_105' title="bbox 1952 5069 3533 5144">
     <span class='ocr_line' id='line_1_105' title="bbox 1952 5069 3533 5144; baseline 0.001 -17"><span class='ocrx_word' id='word_1_743' title='bbox 1952 5070 2381 5144; x_wconf 67' lang='lat' dir='ltr'><strong>praesentissima</strong></span> <span class='ocrx_word' id='word_1_744' title='bbox 2401 5070 2646 5140; x_wconf 78' lang='lat' dir='ltr'><strong>quaedam</strong></span> <span class='ocrx_word' id='word_1_745' title='bbox 2671 5085 2903 5133; x_wconf 86' lang='lat' dir='ltr'><strong>venena.</strong></span> <span class='ocrx_word' id='word_1_746' title='bbox 2921 5069 3231 5143; x_wconf 77' lang='lat' dir='ltr'><strong>patefacere</strong></span> <span class='ocrx_word' id='word_1_747' title='bbox 3258 5073 3533 5137; x_wconf 87' lang='lat' dir='ltr'><strong>volumus.</strong></span> 
     </span>
    </p>
   </div>
   <div class='ocr_carea' id='block_1_106' title="bbox 1952 5160 3532 5234">
    <p class='ocr_par' dir='ltr' id='par_1_106' title="bbox 1952 5160 3532 5234">
     <span class='ocr_line' id='line_1_106' title="bbox 1952 5160 3532 5234; baseline 0.002 -17"><span class='ocrx_word' id='word_1_748' title='bbox 1952 5170 2117 5231; x_wconf 89' lang='lat' dir='ltr'><strong>atque</strong></span> <span class='ocrx_word' id='word_1_749' title='bbox 2166 5160 2251 5216; x_wconf 89' lang='lat' dir='ltr'><strong>his</strong></span> <span class='ocrx_word' id='word_1_750' title='bbox 2279 5161 2425 5216; x_wconf 91' lang='lat' dir='ltr'><strong>velut</strong></span> <span class='ocrx_word' id='word_1_751' title='bbox 2460 5161 2705 5218; x_wconf 87' lang='lat' dir='ltr'><strong>antidota</strong></span> <span class='ocrx_word' id='word_1_752' title='bbox 2729 5162 2976 5232; x_wconf 71' lang='lat' dir='ltr'><strong>quaedam</strong></span> <span class='ocrx_word' id='word_1_753' title='bbox 3013 5172 3381 5234; x_wconf 88' lang='lat' dir='ltr'><strong>opponentes,</strong></span> <span class='ocrx_word' id='word_1_754' title='bbox 3412 5179 3532 5234; x_wconf 71' lang='lat' dir='ltr'><strong>qua:</strong></span> 
     </span>
    </p>
   </div>
   <div class='ocr_carea' id='block_1_107' title="bbox 1952 5250 3532 5325">
    <p class='ocr_par' dir='ltr' id='par_1_107' title="bbox 1952 5250 3532 5325">
     <span class='ocr_line' id='line_1_107' title="bbox 1952 5250 3532 5325; baseline 0.001 -20"><span class='ocrx_word' id='word_1_755' title='bbox 1952 5250 2035 5305; x_wconf 87' lang='lat' dir='ltr'><strong>vel</strong></span> <span class='ocrx_word' id='word_1_756' title='bbox 2071 5250 2160 5316; x_wconf 91' lang='lat' dir='ltr'><strong>iis,</strong></span> <span class='ocrx_word' id='word_1_757' title='bbox 2202 5251 2296 5320; x_wconf 89' lang='lat' dir='ltr'><strong>qui</strong></span> <span class='ocrx_word' id='word_1_758' title='bbox 2330 5264 2514 5306; x_wconf 91' lang='lat' dir='ltr'><strong>morsu</strong></span> <span class='ocrx_word' id='word_1_759' title='bbox 2537 5250 2693 5322; x_wconf 88' lang='lat' dir='ltr'><strong>petiti</strong></span> <span class='ocrx_word' id='word_1_760' title='bbox 2724 5259 2853 5309; x_wconf 82' lang='lat' dir='ltr'><strong>sunt</strong></span> <span class='ocrx_word' id='word_1_761' title='bbox 2882 5252 3124 5309; x_wconf 89' lang='lat' dir='ltr'><strong>remedio</strong></span> <span class='ocrx_word' id='word_1_762' title='bbox 3146 5268 3268 5310; x_wconf 85' lang='lat' dir='ltr'><strong>esse</strong></span> <span class='ocrx_word' id='word_1_763' title='bbox 3296 5253 3532 5325; x_wconf 88' lang='lat' dir='ltr'><strong>possint,</strong></span> 
     </span>
    </p>
   </div>
   <div class='ocr_carea' id='block_1_108' title="bbox 1952 5340 3532 5417">
    <p class='ocr_par' dir='ltr' id='par_1_108' title="bbox 1952 5340 3532 5417">
     <span class='ocr_line' id='line_1_108' title="bbox 1952 5340 3532 5417; baseline 0.001 -20"><span class='ocrx_word' id='word_1_764' title='bbox 1952 5343 2040 5397; x_wconf 90' lang='lat' dir='ltr'><strong>vel</strong></span> <span class='ocrx_word' id='word_1_765' title='bbox 2076 5357 2192 5403; x_wconf 85' lang='lat' dir='ltr'><strong>eos,</strong></span> <span class='ocrx_word' id='word_1_766' title='bbox 2220 5340 2423 5410; x_wconf 88' lang='lat' dir='ltr'><strong>quibus</strong></span> <span class='ocrx_word' id='word_1_767' title='bbox 2458 5357 2525 5398; x_wconf 90' lang='lat' dir='ltr'><strong>ne</strong></span> <span class='ocrx_word' id='word_1_768' title='bbox 2551 5342 2793 5399; x_wconf 87' lang='lat' dir='ltr'><strong>incidant</strong></span> <span class='ocrx_word' id='word_1_769' title='bbox 2820 5345 3124 5415; x_wconf 89' lang='lat' dir='ltr'><strong>periculum</strong></span> <span class='ocrx_word' id='word_1_770' title='bbox 3158 5354 3262 5413; x_wconf 88' lang='lat' dir='ltr'><strong>est,</strong></span> <span class='ocrx_word' id='word_1_771' title='bbox 3299 5360 3532 5417; x_wconf 65' lang='lat' dir='ltr'><strong>praemu-</strong></span> 
     </span>
    </p>
   </div>
   <div class='ocr_carea' id='block_1_109' title="bbox 1958 5432 3530 5498">
    <p class='ocr_par' dir='ltr' id='par_1_109' title="bbox 1958 5432 3530 5498">
     <span class='ocr_line' id='line_1_109' title="bbox 1958 5432 3530 5498; baseline 0.003 -10"><span class='ocrx_word' id='word_1_772' title='bbox 1958 5432 2112 5488; x_wconf 89' lang='lat' dir='ltr'><strong>niant</strong></span> <span class='ocrx_word' id='word_1_773' title='bbox 2156 5448 2221 5487; x_wconf 89' lang='lat' dir='ltr'><strong>ac</strong></span> <span class='ocrx_word' id='word_1_774' title='bbox 2268 5441 2616 5498; x_wconf 90' lang='lat' dir='ltr'><strong>conservent,</strong></span> <span class='ocrx_word' id='word_1_775' title='bbox 2651 5435 3000 5493; x_wconf 88' lang='lat' dir='ltr'><strong>honestarum</strong></span> <span class='ocrx_word' id='word_1_776' title='bbox 3050 5452 3231 5492; x_wconf 86' lang='lat' dir='ltr'><strong>rerum</strong></span> <span class='ocrx_word' id='word_1_777' title='bbox 3267 5435 3530 5493; x_wconf 84' lang='lat' dir='ltr'><strong>studiosis</strong></span> 
     </span>
    </p>
   </div>
   <div class='ocr_carea' id='block_1_110' title="bbox 1960 5519 3526 5591">
    <p class='ocr_par' dir='ltr' id='par_1_110' title="bbox 1960 5519 3526 5591">
     <span class='ocr_line' id='line_1_110' title="bbox 1960 5519 3526 5591; baseline -0.002 -13"><span class='ocrx_word' id='word_1_778' title='bbox 1960 5521 2307 5578; x_wconf 82' lang='lat' dir='ltr'><strong>conscribere</strong></span> <span class='ocrx_word' id='word_1_779' title='bbox 2340 5541 2354 5577; x_wconf 91' lang='lat'><strong>:</strong></span> <span class='ocrx_word' id='word_1_780' title='bbox 2386 5519 2700 5591; x_wconf 86' lang='lat' dir='ltr'><strong>Panarium,</strong></span> <span class='ocrx_word' id='word_1_781' title='bbox 2727 5525 2840 5581; x_wconf 90' lang='lat' dir='ltr'><strong>sive</strong></span> <span class='ocrx_word' id='word_1_782' title='bbox 2871 5526 3112 5582; x_wconf 89' lang='lat' dir='ltr'><strong>arculam</strong></span> <span class='ocrx_word' id='word_1_783' title='bbox 3144 5523 3434 5587; x_wconf 86' lang='lat' dir='ltr'><strong>medicam,</strong></span> <span class='ocrx_word' id='word_1_784' title='bbox 3458 5520 3526 5576; x_wconf 84' lang='lat' dir='ltr'><strong>ad</strong></span> 
     </span>
    </p>
   </div>
  </div>
