3870 6068
360 207 462 265 159

1109 208 1452 266 ΕΡΙΡΙΙΑΝΙΙ
1495 209 1920 266 ΒΕὸΕΒΙΡΤυδ

2035 208 2074 261 ι)
2116 205 2423 262 ACACIUM
2464 205 2550 260 ET
2592 203 2902 260 PAULUM.

3513 206 3612 260 160

353 341 566 390 eorum,
599 327 692 396 qui
728 342 759 380 a
787 330 1134 398 serpentibus
1171 330 1262 383 icti
1295 337 1441 392 sunt,
1481 328 1781 383 remedium
1809 328 1920 397 jure

2033 323 2124 380 οὖν
2158 324 2403 396 ἑρπετῶν
2430 323 2727 392 αίνίγματα
2751 319 2849 389 (1).
2889 318 3002 372 Μία
3035 318 3091 372 δὲ
3117 317 3255 388 μετὰ
3289 317 3390 380 τὰς
3428 317 3616 390 ὀγδοή-

351 431 491 483 Opus
521 416 676 480 illud,
707 432 770 472 ac
816 417 1014 473 librum
1059 418 1576 488 interpretabimur;
1613 417 1705 487 qui
1738 418 1791 470 in
1820 423 1933 472 tres

352 511 536 572 partes
557 505 790 570 divisus,
815 506 1050 563 haereses
1079 507 1356 576 octoginta
1380 506 1783 576 complectitur,
1810 521 1932 574 qua:

351 604 664 666 serpentum
725 612 791 652 ac
842 598 1120 668 reptilium
1163 597 1373 654 similes
1415 606 1565 653 sunt.
1615 595 1930 652 Secundum

350 700 486 755 quas
516 688 757 744 veritatis
804 688 1232 753 firmamentum,
1265 698 1320 745 et
1351 689 1609 745 salutaris
1657 688 1931 751 doctrina,

351 774 584 845 fideique
623 776 855 832 formula
891 779 1142 848 subjecta
1195 788 1312 846 est,
1350 793 1414 834 ac
1455 779 1658 834 Christi
1707 793 1932 848 sponsa,

349 873 537 919 sancta
561 866 815 924 videlicet
867 869 1114 926 Ecclesia
1147 871 1446 926 declarata.
1481 869 1622 936 Quae
1649 885 1774 924 cum
1816 869 1931 940 jam

348 961 461 1008 tum
483 955 554 1011 ab
577 957 711 1014 orbe
733 959 954 1015 condito
977 976 1100 1017 esse
1123 963 1374 1031 coeperit,
1413 969 1604 1031 postea
1626 968 1808 1014 tamen
1832 975 1931 1031 per

345 1046 548 1103 Christi
572 1048 783 1106 Domini
801 1050 1234 1109 lncarnationem
1249 1062 1553 1124 temporum
1575 1053 1930 1108 successione

346 1147 473 1195 ante
497 1154 954 1201 commemoratas
983 1162 1174 1202 omnes
1206 1146 1445 1202 lurreses
1489 1146 1730 1216 vulgata,
1765 1153 1932 1215 atque

348 1230 640 1309 patefacta,
673 1235 971 1306 eademque
1016 1252 1046 1290 a
1096 1237 1256 1293 nobis
1309 1238 1362 1292 in
1405 1237 1831 1292 commentarios
1865 1252 1929 1291 cx

346 1321 550 1378 Christi
576 1326 962 1395 praedicatione
1004 1329 1173 1383 relata
1205 1347 1218 1383 :
1253 1344 1315 1383 ac
1344 1344 1564 1384 rursum
1597 1340 1718 1398 post
1755 1329 1930 1400 expli-

344 1427 522 1470 catam
559 1434 774 1476 omnem
809 1421 1037 1478 istarum
1073 1422 1352 1478 hzereseon
1397 1422 1800 1493 improbitatem
1821 1461 1836 1485 ,
1864 1436 1932 1476 ex

2042 436 2238 482 κοντα,
2266 419 2299 487 ἡ
2337 416 2439 486 τῆς
2487 413 2744 484 ἀληθείας
2791 411 2947 482 βάσις
2979 411 3096 481 ἅμα
3136 411 3231 465 καὶ
3275 411 3610 477 διδασκαλία,
3642 428 3651 435 ·

2037 507 2132 560 καὶ.
2159 505 2424 574 σωτήριος
2454 499 2830 573 πραγματεία,
2861 500 2957 552 καὶ
2992 497 3458 569 Χριστοῦσνύμφη
3487 500 3615 566 ἁγία

2049 595 2366 667 Ἐκκλησία.
2403 589 2539 648 οὖσα
2572 593 2672 664 μὲν
2703 593 2796 646 ἀπ’
2833 590 3048 654 αἰῶνος,
3079 589 3169 643 διὰ
3199 589 3257 644 δὲ
3285 591 3384 660 τῆς
3416 590 3610 661 ὲνσαρ-

2036 707 2132 743 κου
2159 685 2396 759 Χριστοῦ
2431 685 2734 756 παρουσίας
2763 681 2904 738 κατὰ
2930 681 3028 752 τὴν
3068 681 3320 751 διαδοχὴν
3359 680 3456 734 τοῦ
3487 682 3616 751 χρό⁹

2034 798 2127 833 νου
2161 780 2325 850 μέσον
2372 778 2479 830 τῶν
2523 776 2936 848 προειρημένων
2979 772 3430 842 ἀπκαλυφθεῖσα
3451 814 3466 838 ,
3524 775 3618 826 καὶ

2035 872 2124 941 ὑφ’
2170 869 2327 942 ἡμῶν
2370 872 2428 923 ὲν
2461 869 2766 939 ὑπομνήσει
2813 866 2902 920 διὰ
2949 865 3044 920 τοῦ
3084 865 3442 936 κηρύγματος
3489 867 3620 933 Χρι-

2039 959 2166 1014 στοῦ
2218 958 2516 1030 ταχθεῖσα,
2563 958 2658 1011 καὶ
2709 955 2872 1011 πάλιν
2924 954 3062 1026 μετά
3115 953 3296 1017 πάσας
3356 954 3458 1018 τὰς
3511 955 3622 1005 τῶν

2035 1053 2301 1124 αἱρέσεων
2344 1051 2551 1104 τούτων
2597 1047 2900 1120 μοχθηρίας
2939 1048 3021 1110 εἰς
3065 1045 3348 1118 ἀναψυχὴν
3377 1045 3487 1100 τῶν
3532 1047 3619 1098 τὸν

2035 1145 2282 1216 κάματον
2321 1143 2429 1196 τῶν
2487 1141 2756 1212 αἱρέσεων
2809 1139 2900 1193 διὰ
2941 1139 3041 1210 τῆς
3079 1136 3438 1207 ἀναγνώσεως
3483 1136 3621 1189 διελ-

2037 1235 2273 1299 θόντων,
2322 1236 2412 1303 ὑφ’
2451 1231 2610 1305 ήμῶν
2657 1233 2778 1303 μετ’
2813 1231 3082 1302 ἐπιτομῆς
3130 1228 3226 1283 τοῦ
3253 1229 3446 1298 λόγου,
3481 1228 3619 1280 κατὰ

2034 1326 2135 1399 τὴν
2184 1325 2294 1379 τῶν
2338 1324 2656 1380 ἀποστόλων
2694 1322 3074 1389 διδασκαλίαν,
3111 1319 3302 1391 σαφῶς
3337 1318 3618 1388 ἀπαγγελ-

2035 1419 2212 1473 θεῖσα.

345 1508 716 1576 apostolorum
741 1512 1028 1584 disciplina
1059 1522 1317 1570 accurate
1344 1529 1408 1570 ac
1464 1515 1752 1586 perspicue
1774 1513 1920 1569 brevi
1960 1512 2197 1582 quodam
2228 1517 2313 1566 est
2370 1509 2697 1580 compendio
2743 1507 3023 1578 subjecta;
3067 1507 3146 1562 uti
3172 1521 3236 1562 ea
3281 1521 3344 1561 re
3398 1505 3617 1560 illorum

344 1613 662 1660 recreentur
691 1623 756 1662 ac
783 1608 1102 1664 reficiantur
1123 1612 1311 1672 animi.
1341 1611 1435 1680 qui
1464 1611 1609 1665 hunc
1637 1611 1918 1665 haereseon
1959 1605 2450 1678 percurrendarum
2478 1605 2718 1658 laborem
2756 1602 3119 1671 susceperint.

413 1699 455 1752 1.
491 1697 664 1756 Porro
695 1717 793 1758 vos
822 1719 1036 1767 omnes,
1085 1705 1436 1761 honestarum
1474 1721 1658 1761 rerum
1689 1704 1920 1760 studiosi

2098 1703 2176 1756 A'.
2213 1699 2610 1771 Παρακλήθητε
2651 1699 2730 1766 δὲ,
2770 1697 2972 1760 πάντες
3005 1697 3053 1750 οἱ
3087 1693 3394 1764 φιλοκάλως
3423 1695 3615 1762 ἐντυγ-

342 1786 601 1852 lectores,
632 1799 852 1860 rogatos
881 1792 1157 1858 volumus,
1198 1801 1321 1847 utet
1339 1793 1662 1862 prommium
1697 1795 1878 1863 ipsum
1902 1835 1916 1858 ,

343 1885 397 1930 et
420 1877 830 1949 insequentium
863 1881 1144 1938 haereseon
1179 1882 1600 1952 expositionem,
1633 1898 1697 1938 ac
1725 1883 1923 1937 verita-

343 1969 414 2024 tis
446 1971 865 2040 professionem,
897 1981 951 2029 et
982 1973 1312 2039 doctrinam,
1362 1990 1426 2030 ac
1476 1982 1680 2030 sancta:
1737 1982 1791 2030 et
1834 1990 1925 2029 ca-

343 2062 562 2117 tholica
593 2063 848 2120 Ecclesiae
877 2065 1036 2122 fidem
1073 2080 1103 2120 a
1139 2066 1299 2120 nobis
1351 2081 1667 2136 expressam
1694 2081 1924 2136 percur-

341 2162 549 2219 rentes,
587 2155 904 2213 condonare
939 2157 1140 2224 velitis,
1174 2165 1363 2228 utpote
1398 2157 1736 2223 hominibus,
1775 2167 1828 2213 et
1850 2159 1925 2213 ita

340 2247 691 2316 potissimum
727 2247 961 2313 allectis,
999 2258 1058 2304 ut
1087 2264 1211 2304 cum
1247 2250 1454 2315 labore,
1491 2265 1557 2304 ac
1588 2250 1772 2305 divino
1806 2252 1924 2307 zelo

338 2335 562 2404 pietatis
587 2345 773 2408 partes
796 2354 1143 2411 propugnare
1166 2355 1432 2396 conemur
1473 2357 1486 2393 :
1515 2341 1650 2396 illud
1681 2357 1922 2412 unquam

339 2426 664 2498 ignoscatis,
700 2429 747 2484 si
780 2430 911 2499 quid
964 2431 1127 2500 paulo
1156 2432 1393 2501 amplius
1449 2448 1513 2486 ac
1571 2433 1923 2503 praestantius

342 2517 409 2571 ad
436 2517 774 2574 sanctissimi
807 2527 862 2576 et
889 2521 1037 2577 omni
1092 2525 1445 2578 veneratione
1475 2523 1787 2594 dignissimi
1821 2540 1922 2595 pa-

339 2611 634 2665 trocinium
685 2613 925 2671 nominis
975 2630 1246 2686 usurpare
1294 2615 1497 2671 divinis
1534 2615 1656 2672 freti
1712 2617 1923 2674 viribus

338 2703 461 2758 ausi
494 2703 791 2772 fuerimus,
839 2706 1076 2778 idipsum
1116 2707 1455 2765 concedente
1486 2708 1632 2774 Deo,
1666 2709 1918 2781 quando-

338 2794 558 2862 quidem
583 2810 668 2858 ea,
688 2812 808 2867 quae
835 2796 1146 2855 facultatem
1172 2812 1417 2856 nostram
1446 2791 1728 2872 superant,
1751 2802 1925 2873 inqui-

339 2887 537 2942 rimus.
595 2886 730 2942 Nam
775 2897 830 2944 et
884 2907 984 2962 pro
1032 2894 1259 2950 veritate
1309 2895 1486 2950 oratio
1523 2895 1662 2960 ista,
1715 2904 1770 2950 et
1821 2909 1923 2964 pro

339 2975 543 3046 pietate
572 2978 884 3035 lucubratio
932 2984 1258 3054 suscipitur.
1293 2985 1375 3040 Ad
1431 2985 1544 3041 haec
1569 2985 1923 3042 vehementer

340 3081 370 3120 a
394 3068 550 3124 vobis
582 3073 825 3140 postulo,
875 3082 935 3128 ut
965 3075 1012 3131 si
1039 3076 1170 3146 quid
1225 3076 1365 3132 forte
1395 3078 1685 3148 reperiatis
1723 3078 1920 3149 (quau-

2027 1795 2283 1867 χάνοντες
2313 1793 2392 1863 τῷ
2428 1809 2488 1845 τε
2520 1790 2794 1862 προοιμίῳ
2835 1789 2931 1842 καὶ
2974 1790 3092 1852 ταῖς
3135 1787 3433 1857 μετέπειτα
3461 1787 3616 1858 αἱρέο

2030 1903 2168 1948 σεσι,
2205 1885 2300 1938 καὶ
2330 1886 2395 1955 τῇ
2440 1883 2570 1954 περὶ
2602 1880 2861 1952 ἀληθείας
2915 1878 3181 1950 ἀπολογίᾳ
3212 1895 3273 1931 τε
3303 1879 3399 1930 καὶ
3431 1877 3618 1931 διδασο

2025 1977 2190 2046 καλίᾳ
2218 1975 2318 2046 τῆς
2344 1973 2623 2045 ἀληθείας,
2656 1971 2749 2025 καὶ
2779 1971 2961 2023 πίστει
2993 1970 3094 2039 τῆς
3127 1969 3290 2038 ἁγίας
3320 1968 3619 2040 καθολικῆς

2037 2067 2387 2138 Ἐκκλησίας,
2444 2064 2752 2133 συγγνῶναι
2804 2063 2935 2134 ἡμῖν
2983 2061 3295 2133 ἀνθρώποις
3331 2057 3485 2124 οὖσι,
3521 2063 3617 2115 καὶ

2027 2159 2166 2228 μετὰ
2215 2157 2379 2210 πόνου
2413 2156 2510 2208 καὶ
2541 2155 2702 2226 ζήλου
2747 2152 2930 2206 θεῖκοῦ
2967 2151 3443 2222 φιλοτιμουμένοις
3476 2152 3616 2223 ὑπὲρ

2025 2247 2335 2312 θεοσεϐείας
2370 2244 2776 2314 ἀπολογεῖσθαι,
2811 2243 2913 2316 [είς
2945 2243 2997 2316 δ]
3025 2245 3079 2297 εί
3105 2261 3156 2297 τι
3189 2243 3497 2314 ὑπέρογκον
3536 2245 3614 2306 εἰς

2023 2340 2155 2393 αὐτὸ
2187 2340 2248 2393 τὸ
2282 2340 2547 2407 πανάγιον
2603 2337 2699 2392 καὶ
2751 2335 3160 2408 πανσεϐἀσμιον
3191 2335 3360 2407 ὄνομα
3392 2335 3615 2406 θελήσο-

2026 2447 2126 2502 μεν
2187 2429 2330 2484 κατὰ
2387 2429 2486 2500 τὴν
2538 2427 2616 2500 (2)
2667 2426 2833 2497 ἁγίαν
2889 2426 3120 2498 δύναμιν
3182 2426 3614 2498 ὑπεραπολογεί-

2025 2523 2170 2585 σθαι,
2208 2523 2304 2576 τοῦ
2338 2521 2476 2575 Θεοῦ
2513 2520 2925 2593 συγχωροῦντος
2951 2520 3021 2574 τὰ
3054 2520 3194 2592 ὑπὲρ
3211 2519 3442 2588 δύναμιν
3480 2521 3615 2590 ἡμῖν

2023 2613 2364 2683 ἐκζητοῦσιν,
2399 2613 2589 2682 ἐπειδὴ
2639 2612 2708 2665 δι’
2739 2611 2997 2684 ἀλήθειαν
3053 2613 3187 2682 ἡμῖν
3231 2613 3259 2666 ό
3299 2611 3475 2679 λόγος,
3520 2612 3614 2665 καὶ

2021 2705 2088 2758 δι’
2123 2705 2402 2759 εὐσέϐειαν
2433 2706 2467 2776 ἡ
2502 2703 2873 2776 πραγματεία.
2927 2705 3038 2759 Καὶ
3068 2703 3148 2757 ἔτι
3200 2702 3612 2776 παρακλήθητε,

2023 2799 2110 2863 ἵν’,
2139 2799 2192 2851 εί
2219 2815 2321 2851 που
2356 2797 2587 2869 εὕροιτε,
2618 2796 2820 2869 (καίτοι
2849 2814 2913 2867 γε
2952 2797 3026 2868 μὴ
3068 2796 3128 2849 ὲν
3157 2794 3264 2848 ἔθει
3297 2795 3458 2858 ὄντας
3497 2795 3614 2846 ἐπι-

2023 2892 2287 2962 σκήπτειν
2308 2888 2481 2953 τινὰς,
2505 2888 2537 2960 ἢ
2566 2889 3095 2960 ὲπισκωμματίζειν)
3123 2909 3133 2921 ο
3167 2889 3255 2942 διὰ
3286 2889 3343 2942 δὲ
3363 2889 3457 2942 τὸν
3480 2887 3612 2959 πρὸς

2021 2981 2117 3044 τὰς
2148 2980 2387 3053 αἱρέσεις
2441 2980 2620 3052 ζῆλον,
2658 2980 2752 3034 καὶ
2790 2980 2870 3043 εἰς
2910 2978 3228 3052 ἀποτροπὴν
3265 2977 3375 3032 τῶν
3422 2980 3613 3047 ἐντυγ-

2019 3072 2311 3143 χανόντων,
2362 3073 2518 3125 είπου
2570 3072 3000 3143 παροξυνόμενοι
3052 3070 3361 3142 λέξομεν,ἢ
3410 3071 3616 3124 ἀπατε-

337 3174 502 3228 quam
562 3177 673 3217 non
731 3163 864 3219 illud
926 3165 1062 3222 adeo
1093 3168 1264 3224 moris
1303 3177 1388 3224 est
1419 3168 1603 3234 nobis,
1659 3169 1918 3225 vellicare

2025 3164 2164 3228 ῶνὰς
2210 3181 2364 3228 τινας
2408 3163 2724 3228 καλοῦντες,
2752 3163 2784 3234 ἢ
2814 3162 3078 3232 ἀγύρτας,
3110 3163 3143 3233 ἢ
3175 3162 3390 3226 ἀθλίους
3417 3179 3430 3192 ⁸
3474 3163 3616 3234 αὐτὴ

337 3253 672 3322 quempiam,
709 3263 803 3309 aut
834 3257 886 3310 in
933 3273 1058 3313 eum
1093 3259 1484 3331 dictajacere),
1513 3276 1702 3316 verum
1736 3261 1781 3316 si
1818 3277 1918 3331 pro

339 3340 729 3399 ardentissimo
754 3355 946 3402 nostro
980 3348 1247 3405 adversus
1274 3349 1511 3406 haereses
1542 3349 1746 3412 studio,
1775 3359 1830 3405 et
1860 3358 1919 3405 ut

340 3431 572 3490 lectores
625 3436 695 3491 ab
742 3437 812 3493 iis
859 3438 1267 3504 deterreamus,
1315 3441 1649 3498 concitatius
1710 3442 1918 3513 aliquid

343 3522 648 3581 dixerimus
681 3544 695 3580 :
732 3537 924 3598 utputa
957 3532 1001 3585 si
1035 3531 1390 3600 impostores,
1425 3533 1786 3588 circulatores
1820 3549 1919 3604 ap-

341 3616 636 3685 pellemus,
668 3619 721 3674 id
754 3622 937 3676 velitis
985 3623 1290 3693 ignoscere.
1348 3623 1482 3678 Nam
1512 3633 1566 3680 et
1595 3627 1712 3697 ipsa
1739 3635 1922 3681 certa-

336 3706 503 3762 minis
550 3723 615 3762 ac
659 3708 1050 3780 disputationis
1099 3715 1409 3770 necessitas
1462 3714 1734 3785 ejusmodi
1768 3716 1921 3772 labo-

337 3813 452 3853 rem
487 3799 646 3858 nobis
697 3803 995 3874 imposuit,
1031 3822 1141 3877 quo
1186 3807 1254 3862 ab
1283 3807 1394 3863 illis
1428 3808 1662 3865 lectores
1720 3824 1913 3864 avoca-

337 3899 554 3959 rentur,
588 3902 755 3967 utque
789 3897 1006 3953 illorum
1058 3898 1393 3965 functiones,
1419 3901 1681 3972 mysteria
1717 3916 1782 3956 ac
1815 3901 1917 3957 do-

335 3989 516 4050 gmata
548 3982 618 4037 ab
644 3985 899 4040 instituto
946 3994 1138 4042 nostro
1193 3988 1370 4043 aliena
1399 4003 1523 4043 esse
1555 3997 1720 4058 atque
1750 3989 1919 4044 inter-

2019 3258 2125 3328 γὰρ
2152 3258 2468 3328 ήάνὰγκηή
2496 3257 2631 3328 πρὸς
2657 3257 2784 3320 τοὺς
2822 3256 3013 3324 λόγους
3048 3255 3141 3309 τοῦ
3189 3255 3400 3324 ἀγῶνος
3441 3272 3618 3327 παρας

2020 3349 2277 3414 σκευάζει
2306 3352 2436 3421 ἡμῖν
2474 3351 2564 3402 τὸν
2605 3349 2842 3403 τοιοῦτον
2891 3347 3109 3420 ἱδρῶτα,
3163 3348 3230 3401 δι’
3290 3349 3625 3419 ἀποτροπὴν

2021 3444 2129 3496 τῶν
2180 3442 2638 3512 ἐντυγχανόντων,
2695 3443 2789 3495 καὶ
2838 3443 2987 3506 ὅπως
3044 3443 3290 3514 δείξομεν
3331 3443 3616 3508 παντελῶς

2019 3534 2472 3606 ἀπῆγορευμένας
2511 3535 2604 3588 τοῦ
2645 3535 2915 3608 ἡμετέρου
2950 3537 3297 3608 φρονήματος
3322 3536 3424 3600 τὰς
3454 3536 3603 3590 ὲκεί-

2019 3644 2124 3681 νων
2174 3627 2458 3698 ἐργασίας,
2495 3629 2588 3680 καὶ
2628 3630 2927 3700 μυστήρια,
2984 3630 3080 3682 καὶ
3113 3628 3465 3692 διδασκαλίας
3494 3643 3508 3655 ’
3547 3630 3616 3683 ἶν’

2017 3719 2126 3772 ἀπὸ
2178 3719 2287 3773 τῶν
2339 3719 2536 3788 λόγων,
2586 3721 2681 3774 καὶ
2721 3722 2821 3792 τῆς
2849 3721 3110 3792 ὀξύτητος
3142 3721 3240 3792 τῆς
3277 3720 3612 3789 ἀντιλογίας.

2018 3810 2114 3862 καὶ
2161 3811 2222 3863 τὸ
2263 3811 2530 3882 ήμέτερον
2561 3811 2868 3883 ἐλευθέριον
2911 3813 3308 3885 ἀποδείξωμεν,
3335 3814 3430 3868 καί
3461 3831 3618 3878 τινας

2019 3901 2127 3954 ἀπὸ
2159 3901 2270 3954 τῶν
2313 3902 2494 3955 αὐτῶν
2539 3902 2877 3974 ὲκκλίνωμεν
2913 3906 3008 3958 καὶ
3042 3905 3131 3957 διά
3171 3905 3280 3957 τῶν
3307 3903 3617 3959 δοκούντων

2023 3990 2338 4065 βαρυτέρων
2361 3992 2556 4062 λόγων.

334 4069 480 4126 dicta
542 4084 823 4132 constaret
887 4087 1104 4150 :atque
1163 4089 1222 4135 ut
1273 4097 1340 4137 ex
1394 4083 1644 4139 oratione
1691 4084 1830 4155 ipsa,
1881 4093 1937 4141 et
1986 4089 2241 4144 acumine
2290 4089 2674 4158 disputationis
2729 4090 2996 4146 libertatis
3040 4091 3287 4162 ingenuae
3328 4091 3613 4161 specimen

333 4163 619 4222 ederemus
662 4183 676 4220 :
725 4178 839 4223 tum
887 4178 948 4225 ut
993 4171 1231 4243 denique
1279 4173 1475 4245 majori
1533 4175 1626 4230 illa
1674 4177 1969 4232 verborum
2022 4182 2318 4250 asperitate
2367 4180 2582 4252 aliquos
2631 4182 2823 4237 saltem
2877 4183 2948 4238 ab
3005 4183 3223 4238 illorum
3284 4185 3615 4256 contagione

332 4270 590 4313 PPVOCM'G
605 4315 611 4321 ,
627 4275 932 4328 possemus.

409 4341 464 4402 ff.
502 4318 878 4422 Quae-quidem
903 4356 1088 4411 omnia
1111 4357 1218 4414 hoc
1247 4359 1303 4414 in
1327 4374 1494 4431 opere
1509 4360 1910 4432 comprehensa

2088 4355 2163 4410 B'.
2187 4354 2296 4409 Καὶ
2317 4353 2461 4408 ἔστιν
2484 4355 2542 4408 ὲν
2561 4357 2629 4427 τῇ
2653 4355 2800 4428 πάσῃ
2820 4357 3174 4430 πραγματείᾳ
3191 4318 3280 4412 διά
3291 4359 3400 4414 τῶν
3423 4379 3613 4433 προει-

331 4441 508 4498 tribus
538 4443 694 4499 libris
724 4446 1090 4518 explicantur,
1127 4451 1341 4521 primo,
1394 4452 1638 4509 secundo
1689 4469 1754 4509 ac
1803 4465 1915 4509 ter-

330 4534 429 4589 tio.
465 4535 632 4592 Iidem
670 4553 838 4608 porro
883 4540 1009 4597 libri
1043 4552 1251 4614 septem
1305 4545 1360 4600 in
1410 4553 1590 4603 tomos
1633 4547 1912 4603 distributi

329 4634 461 4679 sunt
498 4642 512 4678 :
550 4642 786 4697 quorum
842 4630 1047 4701 singuli
1077 4641 1287 4687 certum
1337 4635 1617 4691 hmreseon
1651 4652 1717 4692 ac
1767 4638 1915 4694 schi-

329 4725 568 4772 smatum
599 4735 892 4775 numerum
938 4723 1249 4780 continent.
1292 4725 1426 4793 Quae
1471 4728 1636 4782 simul
1683 4731 1912 4785 collecta

329 4823 470 4863 Lxxx
516 4811 836 4867 conficiunt.
873 4812 1119 4880 Quorum
1151 4819 1550 4889 appellationes
1583 4821 1667 4876 hae
1695 4832 1826 4877 sunt
1848 4839 1912 4879 ac

329 4903 675 4974 dogmatazi,
711 4905 1124 4977 Barbarismus;
1162 4928 1219 4979 ιι,
1251 4910 1633 4987 Scythismus;
1669 4933 1752 4982 Ill,
1784 4916 1910 4974 Hel-

329 4994 630 5065 lenismus;
667 5015 742 5066 tv,
766 4997 1114 5072 Judaismus;
1168 5021 1225 5072 v,
1263 5005 1704 5065 Samaritismus.
1739 5010 1822 5064 Ab
1843 5011 1912 5066 iis

329 5084 591 5159 deinceps
651 5092 878 5163 reliqum
925 5105 1092 5152 sectae
1149 5095 1551 5168 proﬂuxerunt.
1604 5115 1732 5155 nam
1784 5110 1913 5158 ante

329 5174 535 5232 Christi
571 5177 874 5236 Salvatoris
905 5184 1199 5241 adventum
1218 5195 1343 5258 post
1369 5186 1666 5244 Barbaram
1695 5199 1750 5248 et
1777 5189 1911 5265 Scy-

330 5269 500 5324 thiam
560 5273 1002 5342 superstitionem
1053 5292 1085 5332 e
1140 5276 1332 5333 Graeca
1389 5277 1508 5335 istae
1560 5283 1906 5351 prodierunt.

328 5376 406 5428 vi,
462 5359 960 5435 Pythagoreorum,
997 5367 1092 5438 qui
1139 5376 1194 5424 et
1253 5368 1628 5441 Peripatetici,
1684 5384 1910 5430 auctore

329 5454 622 5512 divisionis
655 5455 979 5527 Aristotele;
1017 5476 1114 5525 vu,
1143 5460 1583 5531 Platonicorum;
1611 5482 1728 5532 vm,
1763 5466 1912 5521 Stoi-

404 5613 485 5676 (1)
519 5613 682 5671 Forte
707 5615 982 5684 δήγματα.
1029 5619 1103 5688 (9.)
1137 5619 1262 5675 Fur.
1303 5619 1486 5675 ἰδείαν.
1529 5623 1600 5692 (5)
1628 5623 1688 5679 C.
1719 5626 1875 5695 ἕκτη.

2023 4447 2275 4521 ρημένων
2309 4447 2477 4520 τριῶν
2508 4446 2750 4518 βιϐλίων,
2787 4447 3026 4520 πρώτου,
3073 4450 3167 4504 καὶ
3199 4450 3478 4523 δευτέρου,
3512 4456 3612 4510 καὶ

2016 4542 2200 4612 τρίτου
2221 4557 2234 4569 ·
2260 4540 2418 4594 ἅτινα
2451 4541 2576 4613 τρία
2609 4541 2790 4611 βιϐλία
2816 4543 2896 4605 είς
2919 4542 3059 4596 ἑπτὰ
3089 4542 3288 4614 τόμους
3311 4543 3605 4616 διείλομεν.

2029 4633 2119 4685 Ἐν
2149 4631 2207 4684 δὲ
2238 4631 2454 4702 ἑκάστῳ
2504 4633 2656 4703 τόμῳ
2690 4633 2920 4704 ἀριθμός
2948 4651 3033 4697 τις
3063 4635 3329 4704 αἱρέσεων
3363 4639 3460 4692 καὶ
3489 4655 3610 4708 σχι-

2019 4723 2240 4793 σμάτων
2290 4721 2552 4790 ἔγκειται.
2615 4723 2780 4793 Ὀμοῦ
2824 4723 2882 4776 δὲ
2933 4725 2992 4776 αἱ
3054 4724 3221 4778 πᾶσαί
3270 4726 3409 4778 εἰσιν
3446 4727 3606 4794 όγδο-

2017 4815 2255 4885 ήκοντα·
2291 4811 2366 4868 ὢν
2400 4815 2457 4867 αἱ
2500 4815 2787 4885 ὀνομασίαι
2818 4816 2912 4869 καὶ
2953 4818 3008 4870 αἱ
3056 4818 3358 4888 προφάσεις
3401 4815 3566 4873 αὗται
3588 4837 3602 4851 ·

2016 4907 2213 4980 Πρώτη
2275 4907 2687 4980 Βαρϐαρισμόςο
2755 4908 2981 4980 δευτέρα
3045 4909 3386 4981 Σκυθισμόςο
3441 4914 3602 4983 τρίτη

2027 5000 2411 5071 Ἑλληνισμός’
2449 5000 2688 5071 τετάρτη
2736 5000 3102 5071 Ἰουδαῖσμός·
3144 5001 3370 5072 πέμπτη
3415 5003 3606 5073 Σαμα-

2017 5093 2313 5164 ρειτισμός.
2393 5093 2486 5147 Ἐκ
2519 5092 2724 5147 τούτων
2759 5095 2814 5147 αἱ
2877 5093 3145 5165 καθεξῆς
3203 5095 3310 5166 πρὸ
3360 5095 3601 5166 Χριστοῦ

2017 5185 2116 5257 μὲν
2155 5185 2293 5257 μετὰ
2339 5184 2726 5257 Βαρϐαρισμὸν
2779 5187 2871 5239 καὶ
2907 5185 3006 5257 τὴν
3041 5185 3308 5258 Σκυτικήν
3339 5187 3601 5241 δεισιδαι-

2017 5276 2204 5348 μονίαν
2230 5279 2286 5330 αἱ
2315 5276 2533 5331 ἀπὸτοῦ
2561 5277 2912 5348 Ἑλληνισμοῦ
2933 5270 3370 5346 φύσασαιαῦται.
3389 5277 3467 5349 (3)
3479 5279 3598 5344 Ἐξ,

2013 5367 2401 5438 Πυθαγόρειοι,
2445 5368 2620 5420 είτουν
2685 5369 3130 5438 Περιπατητικοὶ,
3176 5368 3262 5422 διὰ
3312 5369 3420 5422 τῶν
3471 5373 3601 5439 περὶ

2027 5456 2401 5526 Ἀριστοτέλην
2421 5456 2779 5528 διαιρεθεῖσα·
2805 5457 3004 5528 ἑϐδόμη
3037 5458 3404 5513 Ιῐλατωνικοί’
3435 5460 3601 5535 ὀγδόη
