3870 6068
243 193 330 254 ισι
953 192 1299 254 Εριιιιιιιιιι
1350 198 1800 259 assummum
1854 204 1946 259 AD
1988 166 2307 265 ACACIUM
2350 208 2437 266 ET
2474 211 2780 269 PAULUM.

3389 224 3489 280 l82

240 314 488 370 Στωϊκοί·
545 316 710 386 ὲνάτη
780 316 1162 389 Ἐπικούρειοι.
1241 314 1375 372 Εἶτα
1431 320 1802 392 Σαμαρειτικὴ

1908 338 2130 391 corum;
2165 342 2239 389 Ix,
2292 325 2711 398 Epicureorum.
2745 328 2883 385 Tum
2918 328 3263 392 Samaritana
3312 349 3484 406 secta,

239 409 453 479 αἵρεσις,
487 402 622 461 οὖσα
653 408 716 460 ἐκ
747 407 838 460 τοῦ
887 408 1248 479 Ἰουδαῖσμοῦ.
1289 411 1398 464 Καὶ
1443 411 1646 481 ταύτης
1677 412 1803 464 τέσ-

243 520 368 572 σαρα
398 501 543 572 ἔθνη.
601 501 810 572 Δεκάτη
856 501 1149 573 Γορθηνοί’
1192 504 1452 575 ἑνδεκάτη
1491 504 1799 559 Σεδουαῖοιο

239 590 495 663 δωδεκάτη
548 595 832 664 Ἐσσηνοί·
877 595 1302 666 τρισκαιδεκάτη
1347 595 1608 650 Δοσίθεοι.
1666 591 1803 651 Εἶτα

240 685 264 735 ὁ
289 683 437 743 αὐτὸς
469 684 869 755 προειρημένος
894 685 1251 756 Ἰουδαῖσμὸς,
1287 686 1394 742 ἀπὸ
1419 686 1515 740 τοῦ
1554 687 1804 759 Ἀϐραὰμ

241 775 320 827 τὸν
345 776 661 849 χαρακτῆρα
702 775 959 846 εἰληφὼς,
985 777 1080 831 xui
1107 777 1196 831 διὰ
1239 778 1334 831 τοῦ
1365 777 1610 842 δοθέντος
1635 780 1802 851 νόμου

239 863 307 934 τῷ
341 863 533 937 Μωῦσῇ
582 856 943 930 πλατυνθεὶς,
999 867 1094 922 xui
1145 865 1253 921 ἀπὸ
1309 867 1404 921 τοῦ
1465 869 1633 923 Ἰούδα
1683 870 1802 923 υίοῦ

251 954 427 1008 Ἰακὼϐ
452 955 543 1009 τοῦ
575 959 670 1009 xui
716 956 948 1028 Ἰσραὴλ,
978 957 1064 1012 διὰ
1104 958 1287 1021 Δαὸὶδ,
1302 958 1396 1011 τοῦ
1428 960 1521 1016 xui
1555 958 1805 1030 βασιλεύ-

241 1064 434 1111 σαντος,
470 1049 644 1119 ὲκτῆς
680 1053 870 1104 τούτου
901 1050 1077 1121 φυλῆς
1123 1050 1183 1104 τὸ
1212 1051 1503 1122 ἐπώνυμον
1536 1051 1630 1106 τοῦ
1674 1053 1805 1106 Ἰου-

238 1139 446 1209 δαῖσμοῦ
484 1140 807 1213 κληρωθείς.
858 1144 968 1196 Καὶ
993 1142 1088 1197 ἀπ’
1132 1142 1298 1197 αὐτοῦ
1333 1144 1427 1197 τοῦ
1469 1143 1800 1216 Ἰουδαῖσμοῦ

238 1230 360 1283 ἑπτὰ
403 1232 643 1303 αἱρέσεις
671 1225 833 1286 αὗται
855 1249 871 1265 ·
909 1234 1498 1307 τεσσαρεσκαιδεκάτη,
1532 1234 1802 1307 Γραμμα-

237 1321 387 1373 τέωνθ
451 1324 948 1396 πεντεκαιδεκάτη,
1010 1326 1352 1398 Φαρισαίων⁸
1417 1326 1801 1398 ὲκκαιδεκάτη,

235 1413 588 1469 Σαδδουκαίων
607 1431 621 1445 °
701 1417 1139 1489 ἑπτακαιδεκάτη
1165 1458 1181 1482 ,
1227 1417 1752 1489 Ἠμεροδαπτιστῶν
1784 1434 1798 1449 ·

235 1502 677 1580 ὀκτωκαιδεκάτη,
736 1507 1003 1562 Ὀσσαίων
1029 1526 1041 1538 ·
1088 1508 1566 1580 ὲννεακαιδεκάτη,
1611 1509 1797 1562 Νασα-

237 1596 407 1666 ραίων·
433 1599 677 1671 εἰκοστὴ,
724 1600 1093 1671 Ἠρωδιανῶν.

1905 431 2029 487 quas
2078 434 2146 473 ex
2192 415 2422 475 Iudaica
2475 422 2891 491 pullulavit:ea
2927 439 3091 494 porro
3143 437 3383 498 quatuor
3430 432 3485 487 in

1906 509 2175 565 factiones
2205 511 2362 567 abiit.
2408 528 2463 576 x,
2487 512 2929 581 Gorthenormn;
2985 532 3065 580 χι,
3093 515 3483 589 δοὺυιιιοτιιιιις

1905 613 2007 664 χιι,
2066 601 2436 668 Essenorum;
2472 619 2596 669 xm,
2654 593 3067 661 Dositheorum.
3098 606 3361 680 Sequitur
3387 609 3486 664 .lu-

1906 689 2180 757 daismus,
2234 692 2304 748 de
2358 708 2471 762 quo
2521 696 2727 752 dictum
2760 700 3016 769 est,'qui
3076 703 3358 770 pmpriam
3416 703 3486 757 ab

1903 779 2216 870 Abrah‘amo
2242 783 2470 853 ﬁguram
2537 800 2603 840 ac
2647 797 2829 842 notam
2862 790 3093 870 accepit.
3132 789 3338 846 Deinde
3386 808 3486 862 per

1903 858 2108 943 ΜαγεῙέ
2166 873 2338 944 legem
2374 876 2633 932 dilatatus
2685 877 2754 932 ab
2786 876 2926 932 Juda
2956 858 3145 935 Jacobi
3180 880 3289 936 lilio
3310 923 3326 948 ,
3386 858 3485 954 qui

1905 964 2073 1022 lsrael
2102 969 2404 1038 appellatus
2437 984 2541 1034 est,
2572 984 2668 1040 per
2687 968 2946 1025 Davidem
2974 972 3159 1041 populi
3196 972 3379 1035 istius,
3414 989 3480 1029 ex

1904 1056 2095 1113 eadem
2150 1057 2238 1113 illa
2274 1059 2443 1123 tribu,
2478 1075 2685 1132 regem,
2730 1058 2998 1117 Judaismi
3060 1050 3481 1133 appellationem

1904 1149 2163 1204 obtinuit.
2193 1150 2278 1205 Ab
2310 1150 2415 1207 hoc
2446 1161 2654 1229 septem
2696 1151 2780 1207 ba:
2831 1153 3152 1223 prodierunt
3201 1154 3477 1209 hiereses:

1902 1256 2017 1306 xiv,
2047 1240 2400 1310 Scribarum;
2429 1260 2519 1308 xv,
2540 1243 2977 1312 Pharisaeorum;
3004 1260 3117 1309 χνι,
3150 1242 3483 1300 δειόιιιιεωοι

1902 1349 2057 1399 rum;
2090 1349 2203 1388 xvu
2228 1374 2244 1397 ,
2282 1333 2882 1407 Hemerobaptistarum
2904 1354 2919 1403 ;
2944 1354 3099 1397 xvm.
3131 1336 3443 1394 Ossaeorum
3463 1379 3479 1406 ,

1904 1439 2017 1489 χιχ,
2050 1422 2465 1494 Νυευιωυτιιιιη
2498 1443 2590 1491 χχ,
2627 1426 3088 1483 Herodianorum.

308 1690 395 1742 Ἐκ
426 1690 638 1745 τούτων
691 1692 801 1745 τῶν
855 1692 1122 1763 αἱρέσεων
1177 1692 1271 1746 xui
1316 1692 1607 1764 μετέπειτα
1657 1692 1800 1747 κατὰ

1977 1687 2294 1744 Secundum
2326 1688 2427 1744 has
2455 1697 2638 1745 sectas
2664 1688 3015 1745 successione
3044 1695 3348 1758 temporum
3376 1686 3483 1742 Do-

232 1779 460 1853 διαδοχὴν
501 1783 615 1837 τῶν
648 1783 856 1854 χρόνων
905 1784 1148 1854 ἐπεφάνη
1195 1784 1228 1855 ἡ
1264 1785 1530 1854 σωτήριος
1561 1783 1797 1855 Χριστοῦ

232 1871 316 1924 τοῦ
346 1873 548 1945 Κυρίου
604 1874 762 1944 ἡμῶν
806 1876 1068 1946 ἐνσαρκος
1099 1874 1392 1946 παρουσία,
1427 1875 1520 1928 xui
1570 1875 1799 1944 εὐαγγε-

229 1960 339 2036 λικὴ
394 1965 718 2020 διδασκαλία
759 1984 845 2030 τε,
896 1967 991 2020 xui
1039 1967 1305 2038 κήρυγμα
1349 1964 1649 2036 βασιλείας,
1677 1966 1799 2036 ἥτις

231 2053 350 2123 μόνη
380 2055 498 2107 ἐστὶ
537 2054 691 2126 πηγὴ
742 2052 1017 2125 σωτηρίας
1062 2053 1156 2108 καὶ
1209 2054 1390 2118 πίστις
1420 2054 1678 2125 ἀληθείας
1698 2054 1800 2123 τῆς

228 2143 511 2217 καθολικῆς
528 2145 622 2198 xui
638 2144 1005 2215 ἀποστολικῆς
1031 2144 1125 2197 xui
1144 2143 1425 2215 ὀρθοδόεου
1459 2142 1797 2214 Ἐκκλησίας.

237 2234 410 2312 Ἐκεδὲ
449 2235 663 2307 ταύτης
712 2235 1186 2308 περιεκλάσθησάν
1220 2253 1302 2300 τε,
1336 2236 1431 2288 xui
1473 2234 1801 2306 ἐσχίσθησαν

227 2325 379 2397 ὄνομα
418 2330 587 2399 μόνον
614 2328 854 2400 Χριστοῦ
886 2327 1130 2398 ἔχουσαι,
1158 2317 1297 2380 ἀλλὰ
1327 2327 1445 2397 οὐχὶ
1467 2326 1565 2397 τὴν
1597 2327 1798 2388 πίστιν,

226 2418 445 2488 αἱρέσεις
482 2415 644 2474 αὗται
668 2436 681 2450 ·
713 2419 905 2492 πρώτη
945 2418 1299 2491 Σιμωνιανοί·
1326 2419 1555 2490 δευτέρα
1590 2419 1803 2471 Μεναν-

226 2504 412 2578 δριανοί
429 2525 441 2538 ο
468 2510 633 2580 τρίτη
653 2508 1056 2582 Σατορνιλιανοί
1078 2529 1090 2540 θ
1116 2509 1353 2582 τετάρτη
1381 2506 1796 2562 Βασιλειδιανοί·

226 2597 434 2673 πέμπτη
495 2598 815 2654 Νικολαῖται
838 2618 852 2630 ·
898 2601 1033 2672 ἕκτη
1068 2600 1384 2675 Γνωστικοὶ,
1422 2600 1471 2653 οἱ
1504 2601 1598 2655 xui
1629 2601 1803 2672 Στραο

228 2690 477 2754 τιωτικοὶ,
531 2691 582 2743 oi
626 2689 780 2742 αὐτοὶ
806 2688 1125 2753 Φιδιονῖται,
1153 2689 1303 2760 παρὰ
1343 2688 1400 2742 δέ
1430 2706 1539 2742 τισι
1574 2689 1802 2742 Σεκουν-

224 2779 399 2842 διανοὶ,
442 2779 602 2852 παρὰ
630 2779 812 2842 ἄλλοις
841 2778 897 2832 δὲ
936 2778 1295 2850 Σωκρατῖται,
1341 2775 1470 2848 παρ’
1503 2777 1712 2847 ἑτέροις
1743 2777 1800 2830 δὲ

226 2871 493 2943 Σακχαῖοι,
551 2870 705 2943 παρὰ
759 2870 816 2925 δέ
862 2888 971 2925 τισι
1005 2868 1286 2923 Κοδδιανοὶ
1329 2867 1677 2940 καλούμενοι,
1707 2873 1801 2924 xui

223 2962 557 3035 Βορϐορῖται,
593 2962 689 3016 xui
738 2960 1095 3032 Βαρδηλίται.
1148 2960 1383 3031 Ἑϐδόμη
1409 2960 1799 3032 Καρποκρατῖ-

225 3070 337 3106 ται·
362 3055 526 3125 ὀγδόη
550 3053 928 3125 Κηρινθιανοὶ,
953 3053 1005 3104 οί
1045 3052 1140 3106 xui
1173 3051 1539 3124 Μηρινθιανοί
1556 3068 1571 3082 ⁶
1601 3054 1794 3126 ὲννάτη

225 3146 556 3219 Ναζωραῖον
595 3145 794 3217 δεκάτη
863 3144 1167 3199 Ἐσιωναῖοι
1186 3161 1203 3175 θ
1255 3144 1515 3217 ἑνδεκάτη
1563 3146 1798 3199 Οὐαλεν-

225 3236 350 3289 τῖνοι
374 3255 385 3267 ·
426 3235 706 3304 δωδεκάτη
736 3233 1130 3298 Σεκουνδιανοὶ,
1158 3228 1240 3298 οἷς
1275 3235 1601 3289 συνάπτεται
1645 3236 1799 3289 Ἐπι-

226 3325 388 3397 ιρανὴς
435 3327 530 3381 xui
586 3325 854 3397 Ἰσίδωρος
880 3342 894 3355 ’
961 3326 1383 3397 τρισκαιδεκάτη
1441 3326 1794 3398 Πτολεμαῖοι·

224 3414 784 3487 τεσσαρεσκαιδεκάτη
875 3413 1233 3487 Μαρκώσιοι·
1336 3415 1799 3488 πεντεκαιδεκάτη

226 3507 601 3580 Κολορὸάσιοι·
637 3506 998 3577 ἑκκαιδεκάτη
1040 3506 1496 3578 Ἡρακλεωνῖται·
1538 3509 1797 3561 ἑπτακαι-

227 3596 419 3671 δεκάτη
462 3602 673 3669 Ὀφὶται
700 3615 715 3629 ο
762 3597 1200 3670 ὀκτωκαιδεκάτη
1231 3599 1459 3653 Καῐανοί
1481 3617 1493 3631 ο
1523 3601 1800 3655 ἐνακαιδε-

229 3690 362 3762 κάτη
390 3691 641 3763 Σηοιανοί
660 3708 674 3721 ·
707 3690 924 3761 εἰκοστὴ
965 3690 1330 3761 Ἀρχοντικοί’
1362 3692 1581 3763 εἰκοστὴ
1608 3692 1798 3764 πρώτη

230 3777 604 3852 Κερδωνιανοί·
647 3780 868 3853 εἰκοστὴ
912 3779 1139 3851 δευτέρα
1176 3779 1538 3846 Μαοκίωνεςο
1579 3786 1797 3858 εἰκοστὴ

1903 1776 2038 1832 mini
2074 1779 2250 1833 nostri
2283 1776 2414 1834 Jesu
2446 1778 2650 1834 Christi
2705 1777 3020 1833 lncarnatio
3050 1778 3148 1832 toti
3178 1779 3297 1833 orbi
3333 1780 3482 1834 salu-

1901 1870 2037 1925 taris
2073 1870 2271 1931 illuxit,
2306 1879 2362 1926 et
2412 1886 2539 1925 cum
2594 1870 2697 1925 hac
2730 1870 3009 1941 Evangelii
3043 1869 3327 1935 doctrina,
3349 1877 3482 1924 caa-

1903 1962 2169 2032 lestisque
2198 1964 2349 2034 regni
2377 1962 2719 2034 praedicatio.
2764 1962 2866 2030 Qui
2915 1963 3136 2033 quidem
3170 1963 3368 2018 unicus
3398 1974 3483 2018 est

1902 2053 2026 2110 fons
2055 2055 2253 2109 salutis
2310 2062 2365 2110 et
2418 2055 2704 2109 catholica:
2735 2056 3161 2126 apostolicaaque
3219 2054 3483 2110 Ecclesiae

1900 2159 2029 2198 vera
2079 2144 2235 2199 ﬁdes.
2280 2144 2323 2197 Α
2356 2160 2461 2214 qua
2492 2144 2845 2214 insequentes
2892 2161 3086 2201 omnes
3143 2153 3327 2211 sectze,
3360 2161 3483 2215 qua:

1903 2236 2080 2291 solum
2112 2234 2317 2292 Christi
2344 2252 2568 2301 nomen,
2601 2253 2708 2290 non
2743 2237 2900 2291 [idem
2935 2236 3253 2307 praferunt,
3288 2252 3483 2307 ampu-

1904 2337 2028 2382 tata:
2054 2335 2205 2391 sunt,
2237 2338 2292 2382 et
2324 2329 2528 2384 avulsa:
2562 2344 2575 2380 :
2602 2346 2642 2393 ι,
2673 2328 3009 2389 Simoniani:
3046 2345 3108 2391 ιι,
3137 2327 3483 2382 Menandria-

1902 2420 1989 2486 ni;
2026 2434 2107 2481 ιιι,
2144 2417 2505 2473 Saturniliani
2528 2436 2544 2486 ;
2571 2436 2645 2484 iV,
2681 2418 3032 2483 Basilidiani;
3085 2435 3137 2483 v,
3166 2418 3479 2485 Nicolaitaa;

1901 2525 1977 2575 νι,
2004 2508 2273 2577 Gnostici,
2301 2510 2395 2580 qui
2422 2517 2476 2565 et
2505 2509 2829 2573 Stratiotici,
2848 2508 3259 2576 etPhibionitae,
3294 2524 3323 2563 a
3351 2508 3482 2579 qui-

1905 2601 2132 2656 busdam
2159 2599 2527 2667 Secuudiani;
2563 2601 2634 2657 ab
2680 2601 2805 2656 aliis
2861 2598 3169 2666 Socratitau,
3205 2601 3287 2656 vel
3346 2598 3484 2654 Zac-

1903 2692 2077 2760 chaai;
2109 2693 2178 2749 ab
2212 2694 2336 2749 aliis
2358 2709 2491 2750 vero
2518 2693 2786 2750 Coddiaui
2838 2693 3206 2765 appellantur,
3259 2708 3325 2748 ac
3349 2691 3485 2747 Bor-

1904 2783 2142 2857 boriani,
2172 2785 2258 2841 vel
2286 2785 2610 2853 Barbelitaz;
2645 2801 2741 2851 vn,
2771 2784 3198 2856 Carpocratitaa;
3228 2799 3351 2851 vm,
3379 2783 3483 2840 Ce-

1903 2876 2188 2943 rinthiani,
2250 2880 2344 2949 qui
2399 2886 2454 2934 et
2511 2876 2895 2941 Merinthiani;
2955 2892 3032 2941 Ix,
3084 2873 3363 2939 Nazoraai;
3423 2890 3480 2939 x,

1905 2966 2190 3033 Ebionazi;
2228 2985 2307 3032 χι,
2342 2966 2654 3035 Valentini;
2695 2985 2795 3029 xu,
2854 2966 3210 3023 Secundiani.
3268 2966 3482 3033 Quibus

1904 3060 2115 3117 accedit
2146 3059 2456 3131 Epiphanes
2495 3068 2550 3115 et
2572 3058 2842 3116 Isidorus.
2883 3074 3003 3125 xm,
3034 3048 3340 3122 Ptolemaei;
3366 3073 3480 3123 χιν,

1904 3152 2194 3220 Marcosii;
2232 3168 2323 3215 xv,
2348 3150 2686 3217 Colorbasii;
2730 3166 2845 3213 va,
2876 3149 3307 3215 ileracleonitae;
3342 3164 3481 3215 xvu,
3578 3218 3585 3225 ῃ

1903 3240 2144 3325 Οριιίιιιι;
2182 3256 2343 3304 xvnl,
2372 3239 2601 3310 Cajani;
2637 3255 2749 3304 xIx,
2791 3238 3076 3305 Scthiani;
3110 3254 3199 3302 xx,
3227 3238 3485 3292 Archon-

1905 3333 2035 3400 tici;
2070 3349 2184 3398 xxI,
2218 3331 2584 3399 Cerdoniani;
2620 3348 2759 3395 χχιι,
2789 3330 3130 3395 Marciones;
3188 3339 3345 3393 mn,
3380 3327 3487 3382 Lu-

1906 3425 2245 3492 cinianistee;
2303 3442 2478 3491 xxxv,
2532 3424 2913 3497 Appelleiani;
2971 3439 3107 3488 xxv,
3168 3420 3483 3488 Severiani;

1902 3532 2071 3582 χχνι,
2116 3515 2371 3585 Tatiaui;
2423 3533 2596 3582 xxvn,
2658 3516 2992 3583 Encratitae;
3053 3530 3257 3579 xxvm,
3317 3512 3481 3567 Cata-

1904 3606 2160 3678 phryges,
2192 3607 2283 3677 qui
2306 3616 2360 3662 et
2382 3606 2729 3662 Moutanista:
2752 3616 2805 3661 et
2833 3604 3268 3674 Tascodrugitaa,
3303 3602 3396 3673 qui
3426 3610 3483 3656 et

1907 3696 2016 3767 ipsi
2050 3698 2211 3753 divisi
2244 3705 2396 3765 sunt;
2418 3714 2553 3753 xxix
2574 3737 2589 3763 ,
2620 3697 2941 3770 Pepuziaui,
2971 3697 3066 3768 qui
3094 3705 3149 3751 et
3176 3693 3479 3749 Priscillia-

1907 3790 1985 3855 ni,
2025 3804 2090 3845 ac
2118 3789 2467 3856 Quintiliani.

230 3878 383 3947 τρίτη
418 3876 796 3932 Λουκιανισταί
820 3892 834 3906 ·
862 3874 1081 3946 εἰκοστὴ
1114 3878 1353 3948 τετάρτη
1403 3876 1755 3950 Ἀπελληανοὶ
1781 3895 1794 3909 ·
1836 3883 2057 3955 εἰκοστὴ
2087 3884 2317 3955 πέμπτη
2352 3881 2700 3954 Σευηριανοί·
2770 3880 2990 3950 εἰκοστὴ
3020 3880 3155 3949 ἓκτη
3205 3875 3481 3931 Τατιανοί·

229 3970 439 4042 εἰκοστὴ
485 3969 687 4040 ἑϐδόμη
757 3967 1135 4036 Ἐγκρατῐται·
1187 3968 1408 4029 εἰκοστὴ
1447 3968 1607 4039 ὀγδόη
1652 3971 1794 4024 κατὰ
1829 3973 2185 4043 Φρυγαστῶν,
2234 3973 2329 4027 xui
2379 3971 2785 4036 Μοντανιστῶν,
2851 3970 2946 4024 xui
2978 3964 3480 4039 Τασκοδρουγιτῶν.
3594 4002 3597 4011 ‹

230 4056 386 4119 Ωὗτοι
416 4063 469 4116 δὲ
528 4062 692 4117 πάλιν
737 4061 788 4113 οἱ
840 4060 1299 4134 Τασκοδρουγῖται
1343 4063 1673 4135 διῃρέθησαν
1720 4065 1799 4129 είς
1838 4066 2084 4132 ἑαυτούς.
2120 4069 2354 4142 Είκοστὴ
2397 4068 2593 4139 ὲννάτη
2631 4064 3013 4130 Πεπουζιανοὶ,
3066 4064 3114 4115 οί
3164 4060 3259 4114 καὶ
3311 4060 3483 4131 Πρισ-

230 4159 500 4220 κιλλισνοὶ.
528 4161 621 4214 xui
649 4159 1066 4213 Κυϊντιλλιανοί.
3395 4149 3415 4178 ³

301 4248 395 4315 Οἷς
421 4255 778 4323 συνάπτονται
811 4253 1214 4324 Ἀρτοτυρῖται·
1261 4254 1556 4327 τριακοστὴ
1594 4255 1799 4309 Τεσσα-

1981 4255 2193 4322 Quibus
2248 4253 2585 4323 adjiciuntur
2656 4248 3008 4321 Artotyritae;
3072 4264 3224 4315 xxx,
3279 4248 3481 4306 Tessa-

236 4345 729 4412 ρεσκαιδεκατῖται,
794 4344 844 4395 οἱ
897 4342 961 4397 τὸ
1009 4344 1201 4415 Πάσχα
1261 4346 1390 4417 μίαν
1446 4346 1658 4420 ἡμέραν
1699 4347 1792 4401 τοῦ

1905 4346 2339 4407 ηεεωάθοειίιω,
2374 4345 2467 4414 qui
2489 4342 2774 4398 Paschalis
2806 4342 3113 4398 celebritati
3138 4357 3301 4398 unam
3323 4352 3487 4414 quot-

236 4432 387 4498 ἔτους
421 4437 726 4500 ποιοῦντες·
771 4434 1068 4507 τριακοστὴ
1119 4435 1308 4509 πρώτη
1352 4439 1594 4508 Ἀλογοι,
1653 4440 1701 4492 οί
1744 4438 1807 4492 τὸ

233 4525 551 4595 Εὖαγγέλιον
600 4529 696 4581 xui
727 4529 826 4600 τὴν
858 4528 1223 4598 Ἀποκάλυψιν
1260 4528 1502 4583 Ἰωάννου
1549 4531 1623 4601 μὴ
1654 4529 1806 4601 δεχό-

242 4633 416 4683 μενοι·
476 4620 772 4693 τριακοστὴ
815 4621 1044 4694 δευτέρα
1090 4621 1443 4693 ’Δδαμιαναί·
1508 4623 1806 4695 τριακοστὴ

234 4708 392 4781 τρίτη
427 4713 726 4784 Σαμψαῖοι,
765 4715 814 4767 οί
855 4714 950 4768 xui
1007 4712 1307 4768 Ἐλκεσαῖοι
1328 4730 1341 4744 ⁸
1376 4716 1675 4789 τριακοστὴ
1721 4733 1807 4770 τε·

238 4801 406 4874 τάρτη
442 4806 772 4861 Θεοδοτιανοί
796 4821 813 4838 ⁶
868 4807 1166 4880 τριακοστὴ
1220 4808 1448 4880 πέμπτη
1482 4810 1809 4881 Μελχισεδε-

239 4892 436 4943 κιανοί·
467 4893 763 4965 τριακοστὴ
809 4894 945 4966 ἕκτη
990 4895 1442 4968 Βαρδησιανισταί
1470 4916 1484 4929 ·
1510 4900 1807 4972 τριακοστὴ

244 4976 434 5054 ἑϐδόμη
486 4985 811 5056 Νοητιανοί’
872 4987 1173 5058 τριακοστὴ
1243 4989 1403 5060 ὀγδόη
1476 4990 1767 5061 Οὐαλήσιοι
1790 5008 1803 5021 ·

240 5076 524 5147 τριακοστὴ
580 5075 777 5145 ὲννάτη
827 5076 1093 5147 Καθαροὶ,
1134 5078 1184 5130 oi
1234 5079 1329 5132 xui
1369 5079 1642 5133 Ναυᾶτοι’
1685 5097 1811 5133 τεσ-

248 5166 541 5239 σαρακοστὴ
587 5166 927 5236 Ἀγγελικοί·
972 5170 1385 5240 τεσσαρακοστὴ
1419 5170 1610 5242 πρώτη
1640 5173 1811 5237 ,Ἄπο-
1846 5220 1849 5229 .

248 5252 488 5321 decimi,
531 5261 582 5312 οἱ
626 5259 721 5313 xui
762 5258 1177 5312 Ἀποτακτικοί·
1232 5261 1642 5334 τεσσαρακοστὴ
1691 5262 1809 5315 δευ-

250 5342 379 5412 τέρα
418 5348 752 5404 ὣόελλιανοί
778 5366 790 5379 ·
818 5353 1232 5425 τεσσαρακοστὴ
1268 5353 1423 5425 τρίτη
1474 5353 1807 5424 Ὦριγένειοι,

252 5432 311 5484 οἱ
344 5439 663 5511 αίσχροποιοί
687 5458 701 5472 ο
749 5444 1156 5514 τεσσαρακοστὴ
1197 5444 1429 5516 τετάρτη
1471 5444 1806 5518 Ὠριγένειοι,

251 5524 349 5576 τοῦ
366 5532 450 5582 καὶ
488 5532 839 5604 ’Ᾱδαμαντίου
857 5551 870 5564 ·
900 5537 1309 5607 τεσσαρακοστὴ
1339 5537 1565 5609 πέμπτη
1596 5536 1808 5591 Παύλου

254 5614 349 5668 τοῦ
382 5619 757 5689 Σάμου-τίως’
802 5625 1213 5697 τεσσαρακοστὴ
1259 5627 1390 5698 ἕκτη
1422 5626 1726 5699 Μανιχαῖοι,
1759 5631 1807 5682 οἱ

1910 4438 2071 4494 annis
2120 4438 2265 4494 diem
2287 4435 2636 4507 praeliniunt;
2690 4448 2846 4499 χχχι,
2895 4434 3051 4506 Alogi
3084 4434 3178 4505 qui
3238 4434 3485 4505 Evange-

1909 4530 2044 4586 lium
2082 4536 2137 4584 et
2158 4525 2524 4599 Apocalypsin
2554 4523 2784 4582 Joannis
2814 4526 3071 4597 rejiciunt
3093 4543 3110 4594 ;
3135 4542 3310 4589 χχχιι.
3342 4527 3488 4582 Ada-

1910 4619 2077 4676 miani
2104 4635 2347 4695 ;.xxxm,
2375 4617 2663 4690 Sampsaei,
2692 4619 2786 4689 qui
2819 4626 2875 4674 et
2932 4616 3228 4684 Helcesaei;
3285 4634 3482 4682 xxxiv,

1910 4710 2508 4779 Theodotiani;xxxv,
2539 4709 3056 4778 Melchisedeciani;
3110 4725 3297 4774 χχχιιι,
3352 4710 3483 4766 Bar-

1909 4802 2263 4870 desianistaa;
2326 4817 2539 4870 xxxv",
2601 4801 2894 4868 Noetiani;
2950 4816 3185 4868 xxxvm,
3242 4799 3485 4867 Valesii;

1911 4912 2103 4957 χχχιχ.
2153 4894 2403 4957 Cathari,
2458 4894 2551 4965 qui
2600 4903 2656 4950 et
2705 4892 3167 4959 Novatiani;x1.,
3196 4892 3486 4963 Angelici;

1913 5005 2030 5056 χιι,
2061 4987 2391 5059 Apostolici.
2415 4987 2506 5058 qui
2535 4994 2591 5042 et
2617 4985 2964 5057 Apotactici;
2993 5001 3131 5048 χιιι,
3157 4983 3488 5049 Sabelliani;

1913 5095 2068 5146 χιιιι,
2102 5078 2425 5150 Origenistaa
2459 5078 2723 5134 fmditatis
2771 5084 3062 5143 auctores;
3115 5090 3262 5140 thv,
3296 5075 3491 5148 Orige-

1911 5171 2092 5234 nistze,
2122 5169 2190 5224 ab
2221 5170 2479 5240 Origene,
2511 5170 2607 5241 qui
2646 5168 2811 5225 etiam
2836 5167 3203 5224 Adamantius
3244 5169 3488 5240 appella-

1914 5271 2043 5329 tur;
2102 5279 2228 5325 va,
2288 5260 2444 5317 Pauli
2483 5260 2930 5327 Samosateusis;
2990 5276 3138 5325 XLVI,
3170 5248 3486 5324 Manicba'ei,

1913 5355 2007 5425 qui
2042 5362 2097 5411 et
2127 5355 2448 5422 Acuanitze;
2508 5371 2675 5419 χινιι,
2733 5353 3057 5420 Hieracitae;
3092 5368 3285 5417 χινιιι,
3322 5352 3489 5409 Mele-

1914 5448 2072 5510 tiani,
2119 5445 2302 5517 quiin
2361 5446 2600 5519 Egypto
2651 5446 2891 5527 scliisma
2935 5445 3279 5512 conﬂarunt;
3335 5460 3485 5507 xux,
3566 5436 3569 5443 “

1914 5539 2105 5594 Ariani
2141 5540 2234 5610 qui
2266 5551 2318 5595 et
2342 5540 2732 5606 Ariomauitae;
2772 5556 2824 5605 I.,
2868 5538 3244 5595 Audianorum
3298 5545 3486 5602 secta;

1915 5646 1991 5698 ιι,
2024 5629 2375 5694 Photiniani;
2405 5647 2502 5699 ιιι,
2533 5630 2906 5697 Marcelliani;
2944 5644 3057 5696 un,
3119 5625 3489 5689 Semiariani:
