3980 6078
406 215 510 272 ws
574 287 584 296 ι

1157 210 1495 270 El‘lPllANll
1542 211 1986 269 RESCRIPTUM
2025 211 2116 266 AD
2155 192 2466 269 amemur
2498 212 2583 268 ετ
2623 210 2928 269 ιιι-ωλι.

3572 208 3670 273 itii

402 374 520 420 uv,
555 352 1043 410 Pneumatomachi
1075 352 1193 408 sive
1241 352 1658 418 Macedoniam;
1695 360 1751 407 et
1782 351 1963 408 Eleusi

2092 350 2186 403 καὶ
2231 351 2573 405 Ἀκουανῖται
2598 367 2612 381 ·
2643 349 3057 421 τεσσαρακοστὴ
3092 349 3292 420 ἑϐδόμη
3340 350 3628 421 Ἰερακῖται
3655 368 3667 385 δ

402 448 655 518 discipuli
678 447 770 517 qui
803 434 869 501 in
894 454 1143 501 sanctum
1166 444 1261 500 Dei
1294 444 1557 515 Spiritum
1596 443 1984 499 contumeliosi

402 548 549 605 sunt;
563 554 651 600 ιν,
665 535 879 591 Aeriani
899 535 974 608 [et
991 534 1186 589 Eleusii
1205 531 1498 605 discipuli];
1515 548 1623 598 LVI,
1640 532 1871 597 Aetiani,
1890 530 1984 601 qui

312 638 315 641 ’
401 633 742 693 etAnomrei,
764 627 967 699 quibus
993 625 1310 696 adiungitur
1338 624 1680 690 Eunomius;
1721 639 1853 689 LVII,
1893 622 1986 677 Di-

400 720 747 790 mreritagqui
769 718 1063 788 perfectam
1081 716 1287 772 Christi
1306 717 1738 772 lncarnationem
1760 715 1983 770 minime

401 814 753 873 comitentur,
780 810 872 879 qui
898 817 952 863 et
989 808 1396 879 Apollinaristaa
1436 807 1826 886 nominantur;
1848 820 1981 861 Lvut

399 921 612 967 eorum,
645 905 738 974 qui
798 902 1025 957 Mariam
1080 915 1300 972 semper
1339 901 1627 971 virginem,
1687 906 1977 969 postquam

403 996 739 1051 Saivatorem
780 996 989 1066 genuit.
1028 1009 1152 1048 cum
1190 991 1432 1063 Josepho
1486 991 1842 1047 consuevisse
1896 989 1975 1046 di-

398 1098 551 1152 cunt,
614 1103 755 1157 quos
813 1084 1399 1140 Antidicomarianitas
1438 1083 1819 1153 appellamus;
1856 1097 1974 1151 ιιι,

396 1197 609 1243 eorum,
646 1179 823 1249 quiin
879 1193 1077 1233 nomen
1113 1176 1359 1246 ejusdem
1414 1176 1599 1231 Mariae
1650 1176 1971 1248 collyridem

395 1275 653 1337 oli‘ernnt,
687 1280 741 1326 rt
763 1271 1122 1343 Collyridiani
1151 1280 1459 1336 vocantur;
1512 1285 1601 1336 ιιι,
1632 1269 1967 1334 Massaliani,

396 1364 462 1418 ad
495 1379 632 1432 quos
659 1362 1034 1432 adjunguutur
1052 1359 1393 1432 Martyriani,
1426 1377 1457 1417 e
1487 1362 1770 1433 gentilium
1797 1368 1971 1425 secta,

394 1466 447 1510 et.
481 1455 837 1524 Enphcmitze,
875 1468 939 1508 ac
965 1453 1228 1507 Satanici.

2086 444 2496 514 τεσσαρακοστὴ
2523 443 2680 514 ὀγδόη
2736 430 3090 513 Μελητιανοῖ,
3125 444 3175 495 οἱ
3223 444 3347 498 κατ’
3373 444 3669 514 Δῖγυπτιον

2088 535 2292 605 σχίσμα
2340 534 2521 598 ὄντες⁹
2548 533 2960 605 τεσσαρακοστὴ
3008 534 3203 605 ὲννάτη
3261 537 3559 608 Ἀρειαναὶ,
3619 541 3667 593 οἱ

2086 626 2182 680 καὶ¹
2217 626 2273 678 Ἀ
2285 627 2623 697 ρειομανῖται
2642 642 2655 655 ·
2683 623 3031 697 πεντηκοστὴ
3055 624 3329 678 Αὑδιανῶν
3350 626 3411 681 τὸ
3433 628 3635 700 σχίσμα
3652 644 3666 661 ο

2085 718 2425 787 πεντηκοστὴ
2454 715 2644 789 πρώτη
2663 718 3009 771 Φωτεινιανοί
3031 735 3045 748 ·
3076 718 3416 791 πεντηκοστὴ
3440 720 3668 792 δευτέρα

2085 807 2485 879 Μαρκελλιανοί
2504 824 2518 838 ·
2567 808 2908 880 πεντηκοστὴ
2927 808 3086 880 τρίτη
3103 809 3411 881 Ἡμιάρειοι
3430 828 3442 839 ·
3470 829 3668 882 πεντηι

2085 899 2252 970 κοστὴ
2270 900 2503 971 τετάρτη
2533 899 3007 971 Πνευματομάχοι.
3033 901 3084 952 οἱ
3128 901 3223 954 καὶ
3259 887 3665 963 Μακεδονιανοὶ,

2082 993 2177 1046 καὶ
2221 984 2496 1046 Ἐλευσίου
2530 991 2855 1062 μαθηταὶ.οἱ
2883 992 2943 1046 τὸ
2965 992 3117 1061 ᾶγιον
3145 990 3238 1046 τοῦ
3271 992 3405 1046 Θεοῦ
3443 992 3666 1064 Πνεῦμα

2082 1083 2566 1156 βλασφημοῦντες·
2624 1083 2966 1154 πεντηκοστὴ
3045 1082 3310 1156 πέμπτη.
3402 1087 3669 1157 Ἀεριανοὶ

2080 1176 2199 1250 [καὶ
2226 1176 2496 1242 Ἐλευσίου
2518 1174 2780 1248 μαθηταί]
2802 1193 2817 1209 ο
2846 1176 3189 1247 πεντηκοστὴ
3216 1177 3349 1248 ἕκτη
3377 1175 3666 1239 Ἀετιανοὶ,

2077 1270 2126 1322 οἱ
2157 1268 2251 1321 καὶ
2288 1270 2534 1338 Ἀνομοι,
2558 1263 2639 1328 οἷς
2678 1266 3008 1320 συνάπτεται
3061 1267 3342 1338 Εὑνὸμιος,
3388 1268 3588 1337 μᾶλλον
3611 1264 3666 1320 δὲ

2079 1364 2107 1415 ὁ
2154 1362 2422 1430 Ἀνομος·
2474 1360 2815 1432 πεντηκοστὴ
2868 1360 3066 1430 ἑϐδόμη
3115 1362 3443 1431 Διμοιρῖται,
3492 1363 3541 1414 οἱ
3593 1358 3667 1431 μὴ

2080 1450 2289 1504 τελείαν
2323 1449 2557 1520 Χριστοῦ
2591 1450 2689 1521 τὴν
2719 1449 3136 1522 ὲνανθρώπησιν
3168 1450 3528 1520 ὀμολογοῦντε
3543 1468 3584 1513 ς,
3616 1451 3665 1503 οἱ

393 1550 487 1603 καὶ
548 1548 984 1621 Ἀπολλιναρῖται
1009 1563 1024 1581 ⁸
1077 1547 1420 1619 πεντηκοστὴ
1459 1548 1644 1619 ὀγδόη,
1672 1548 1767 1602 καὶ
1796 1547 1847 1600 οἱ
1876 1546 1976 1616 τὴν
2014 1546 2174 1614 ἁγίαν
2206 1544 2424 1616 Μαρίαν
2451 1545 2550 1614 τὴν
2583 1545 2671 1597 ἀεὶ
2698 1544 2965 1618 παρθένον
3020 1544 3269 1613 λέγοντες
3306 1543 3444 1614 μετὰ
3476 1542 3533 1596 τὸ
3575 1543 3666 1596 τὸν

392 1646 619 1714 Σωτῆρα
642 1642 1048 1711 γεγεννηκέναι,
1072 1641 1151 1712 τῷ
1189 1642 1387 1713 Ἰωσὴφ
1423 1640 1710 1713 συνῆφθαι,
1769 1640 2024 1703 οὕστινας
2085 1638 2423 1715 ἐκαλέσαμεν
2495 1636 3122 1709 Ἀντιδικομαριανίταςο
3168 1630 3514 1706 ⁷σιιτειντηκοειπὴ
3581 1635 3667 1688 ὲνο

389 1737 545 1806 νάτη,
573 1735 667 1787 καὶ
694 1736 741 1787 οί
770 1736 848 1797 είς
880 1732 1049 1802 ὄνομα
1087 1731 1187 1802 τῆς
1225 1730 1396 1801 αὐτῆς
1453 1731 1672 1802 Μαρίας
1726 1730 2013 1795 κολλυρίδα
2054 1729 2478 1800 προσφέροντες.
2526 1726 2575 1780 οἳ
2605 1725 2896 1780 καλοῦνται
2918 1725 3325 1796 Κολλυριδιανοί
3347 1738 3361 1755 δ
3397 1725 3665 1797 ἑξηκοστὴ

389 1820 785 1887 Μασσαλιανοὶ,
837 1816 920 1886 οἷς
961 1821 1322 1875 συνάπτονται
1354 1821 1752 1891 Μαρτυριανοὶ,
1793 1823 1842 1875 οἱ
1870 1819 1979 1875 ἀπὸ
2024 1820 2314 1890 Ἑλλήνων,
2354 1819 2449 1872 καὶ
2476 1818 2813 1889 Εὑφημῖται,
2851 1819 2943 1870 καὶ
2971 1818 3309 1872 Σατανιανοί.

458 1919 617 1974 Nunc
651 1918 884 1989 repetita
914 1919 1256 1983 narratione,
1314 1927 1364 1973 et
1399 1917 1453 1973 in
1483 1917 1736 1989 singulos
1793 1917 1967 1973 libros
1999 1924 2042 1981 Β

354 2040 355 2045 π
391 2011 706 2068 distributis
729 2010 1053 2073 haeresibus.
1088 2010 1272 2069 hocin
1321 2010 1474 2066 brevi
1514 2010 1840 2080 compendio
1874 2008 1970 2066 de-

388 2104 638 2166 clarabo.
661 2111 926 2173 quotnam
953 2118 1018 2157 ex
1044 2101 1154 2157 illis
1183 2101 1488 2158 lueresibus
1515 2103 1570 2157 in
1601 2102 1783 2173 priore
1806 2102 1967 2162 libro.

386 2202 519 2265 quot
569 2194 624 2248 in
654 2192 896 2249 secundo
947 2207 1012 2247 ac
1060 2193 1223 2248 tertio
1270 2194 1692 2260 contineantur;
1753 2202 1866 2248 tum
1915 2191 1971 2246 in

386 2285 616 2356 reliquis
650 2284 911 2340 omnibus
940 2293 1265 2340 caaterorum
1324 2285 1590 2341 librorum
1625 2285 1788 2340 tomis
1838 2292 1973 2355 quot

388 2378 687 2446 unicuique
721 2376 964 2431 lirerescs
1017 2375 1298 2429 attributae
1332 2384 1485 2430 sunt.
1541 2374 1749 2429 Harum
1785 2376 1972 2445 itaque

385 2466 629 2519 omnium
661 2465 834 2518 series
865 2472 949 2518 est
994 2463 1289 2532 ejusmodi.
1339 2463 1398 2517 ln
1430 2464 1608 2534 primo
1644 2463 1785 2518 libro
1837 2464 1969 2518 tomi

386 2570 502 2614 tres
535 2565 688 2624 sunt,
729 2557 969 2613 haereses
996 2573 1142 2624 τινι,
1174 2557 1291 2614 suis
1313 2557 1628 2613 nominibus
1649 2566 1967 2628 conceplaa:

383 2650 766 2705 Barbarismus
820 2648 1091 2713 videlicet,
1155 2662 1219 2703 ac
1271 2647 1663 2720 Scythismus;
1723 2645 1970 2702 Helleni-

384 2755 560 2808 smus,
590 2738 932 2806 Judaismus,
988 2755 1054 2795 ac
1099 2738 1539 2796 Samaritismus.
1605 2737 1665 2793 in
1726 2737 1970 2809 secundo

384 2831 526 2888 libro
550 2832 685 2888 tomi
713 2832 823 2887 duo
877 2839 1027 2897 sunt,
1066 2830 1307 2887 haereses
1346 2847 1505 2888 nni.
1540 2829 1599 2886 in
1630 2832 1795 2887 tertio
1827 2829 1969 2885 libro

382 2921 517 2975 tomi
546 2921 677 2984 duo,
726 2920 968 2977 haereses
998 2937 1077 2977 XI.
1108 2920 1167 2976 In
1216 2921 1418 2992 prioris
1456 2922 1639 2993 itaque
1669 2922 1793 2976 libri
1821 2929 1969 2976 tomo

382 3009 560 3080 primo
583 3010 822 3067 haereses
852 3027 920 3067 xx
954 3018 1105 3075 sunt,
1147 3011 1559 3077 Barbarismus,
1594 3011 1965 3084 Scythismus,

381 3100 736 3169 ttrazcismus,
752 3101 1094 3160 Judaismus.
1118 3101 1431 3159 Graecorum
1456 3119 1621 3177 porro
1644 3103 1968 3159 discrimina

381 3196 487 3250 ista
511 3203 642 3252 sunt
674 3210 689 3248 :
721 3194 1072 3268 Pythagorei,
1107 3196 1225 3253 sive
1254 3195 1632 3268 Peripatetici,
1670 3197 1964 3265 Platonici,

2155 1913 2422 1969 Ἐπανιὼν
2473 1914 2531 1968 δὲ
2584 1910 2759 1979 αὖθις,
2814 1913 2909 1967 καὶ⁸
2945 1912 3133 1967 διελὼν
3176 1912 3382 1978 ταύτας
3418 1914 3560 1968 κατὰ
3586 1914 3669 1986 βί-

2073 2007 2219 2069 ϐλον,
2275 2005 2542 2071 ὑποδείξω
2593 2006 2652 2059 ὲν
2706 2005 2879 2077 ταύτῃ
2918 2024 3021 2077 μου
3056 2009 3120 2078 τῇ
3170 2007 3664 2079 ἀνακεφαλαιώσει,

2074 2096 2238 2149 πόσαι
2262 2094 2469 2149 τούτων
2495 2094 2601 2148 τῶν
2624 2095 2955 2167 ὀγδοήκοντα
2977 2097 3242 2167 αἱρέσεων
3272 2099 3329 2152 ἐν
3349 2098 3428 2169 τῷ
3464 2099 3667 2171 πρώτῳ

2076 2187 2287 2258 βιϐλίῳ,
2330 2188 2423 2257 καὶ
2439 2185 2675 2258 καθεξῆς
2707 2188 2765 2241 ὲν
2793 2186 2871 2257 τῷ
2893 2186 3154 2259 δευτέρῳ,
3188 2188 3295 2253 ἕως
3326 2190 3420 2244 τοῦ
3453 2193 3660 2262 τρίτου⁶

2072 2278 2208 2332 ἀλλὰ
2238 2278 2332 2332 καί⁸
2352 2277 2475 2333 καθ’
2498 2278 2730 2333 ἕκαστον
2764 2280 2874 2334 τῶν
2904 2281 3045 2335 ἑπτὰ
3078 2282 3261 2354 τόμων
3281 2324 3295 2348 ,
3324 2282 3432 2336 τῶν
3468 2285 3525 2337 ἐν
3552 2288 3663 2349 τοῖς

2072 2371 2218 2443 τρισὶ
2243 2370 2468 2441 βιϐλίοις
2492 2371 2959 2443 συντεταγμένων,
2997 2373 3160 2430 πόσαι
3181 2374 3318 2427 εἰσιν
3340 2375 3397 2428 αἱ
3432 2375 3488 2429 ὲν
3513 2374 3668 2447 αὐτῷ

2073 2461 2408 2532 χωρηθεῖσαι
2460 2462 2722 2531 αἱρέσεις.
2777 2464 2888 2518 Καὶ
2952 2464 3098 2519 ἔστιν
3150 2464 3323 2530 οὕτως
3370 2466 3429 2519 ἐν
3463 2466 3564 2535 μὲν
3585 2465 3667 2536 τῷ

2074 2551 2276 2624 πρώτῳ
2317 2553 2508 2626 βιϐλίῳ
2528 2555 2686 2626 τόμοι
2731 2558 2900 2626 τρεῖς.
2935 2555 3173 2627 αἱρέσεις
3203 2556 3257 2609 δὲ
3292 2574 3666 2628 τεσσαρακον-

2070 2644 2201 2709 ταὲξ
2233 2646 2329 2700 σὺν
2362 2649 2483 2710 ταῖς
2525 2648 2845 2718 ὀνομασίαις
2892 2647 3125 2700 τούτων·
3169 2649 3310 2719 φημὶ
3358 2650 3412 2702 δὲ
3449 2650 3667 2722 Βαρϐα-

2075 2737 2291 2807 ρισμοῦ,
2352 2738 2446 2792 καὶ
2484 2738 2818 2809 Σκυθισμοῦ,
2860 2737 2955 2794 καὶ
2991 2738 3367 2811 Ἑλληνισμοῦ,
3399 2742 3493 2795 καὶ
3531 2744 3669 2796 Ἰοῦς-

2069 2827 2299 2899 δαῖσμοῦ
2331 2828 2423 2882 καὶ
2442 2829 2888 2901 Σαμαρειτισμοῦ
2908 2846 2920 2861 ’
2940 2831 2996 2884 ὲν
3021 2829 3077 2883 δὲ
3110 2829 3187 2901 τῷ
3210 2830 3445 2903 δευτέρῳ
3473 2830 3669 2903 βιϐλίῳ

2069 2921 2223 2991 τόμοι
2245 2921 2357 2983 δρο,
2379 2921 2622 2992 αἱρέσεις
2640 2925 2967 2995 εἰκοσιτρεῖς
2986 2942 2997 2956 ’
3028 2925 3086 2976 ἐν
3107 2922 3162 2977 δὲ
3187 2924 3262 2995 τῷ
3286 2923 3451 2995 τρίτῳ
3473 2922 3669 2994 βιϐλίῳ

2069 3012 2225 3084 τόμοι
2246 3012 2361 3078 δύο,
2397 3006 2637 3087 αἱρέσεις
2662 3013 2873 3068 ἕνδεκα.
2914 3015 3000 3069 Ἐν
3021 3015 3098 3086 τῷ
3118 3010 3210 3069 οῦν
3241 3013 3439 3086 πρώτῳ
3469 3014 3667 3084 βιϐλίῳ

2071 3103 2289 3177 πρώτου
2319 3106 2486 3174 τόμον
2512 3106 2754 3179 αἱρέσεις
2801 3109 3026 3168 εἴκοσιν,
3058 3106 3119 3160 αἵ
3152 3109 3290 3160 εἰσιν
3326 3108 3442 3161 αἵδε
3465 3123 3483 3138 ·
3518 3107 3673 3178 Βαρ-

2069 3196 2358 3267 ϐαρισμὸς,
2416 3197 2752 3267 Σκυθισμὸς,
2836 3192 3221 3269 Ἑλληνισμὸς,
3294 3198 3667 3268 Ἰουδαῖσμός·

383 3286 577 3353 Stoici,
630 3265 922 3359 Epicurei,
970 3286 1302 3343 Samaritica
1338 3265 1589 3350 haeresis,
1630 3303 1756 3359 quae
1801 3303 1834 3343 a
1870 3286 1965 3343 Ju—

2081 3265 2351 3359 Ἑλλήνων
2385 3265 2661 3358 διαφοραί,
2698 3265 3295 3360 Πυθαγόρειοιξεῖτουν
3342 3265 3669 3361 Περιπατη-

380 3378 599 3434 daismo
626 3380 893 3435 manavit.
934 3378 1271 3435 Samaritani
1306 3372 1545 3451 quatuor
1573 3379 1629 3434 in
1656 3387 1844 3451 partes
1867 3381 1972 3435 tri-

382 3470 653 3536 buuntur,
680 3469 1016 3537 Gorthenos,
1039 3471 1322 3537 Sebuaaos,
1345 3471 1626 3541 Essenios,
1648 3470 1961 3530 Dositheos.

378 3558 693 3616 Judaeorum
753 3561 994 3619 haereses
1048 3571 1257 3635 septem
1302 3579 1318 3618 :
1381 3562 1609 3629 Scribze,
1670 3562 1965 3628 Pharisaei,

383 3650 691 3717 Sadducaei.
738 3651 1250 3725 Hemerobaptistae,
1287 3654 1483 3721 Ossaei,
1528 3656 1772 3712 Nasaraei
1803 3697 1818 3724 ,
1860 3655 1969 3713 lle-

378 3740 615 3798 rodiani.
649 3742 706 3798 ln
733 3744 979 3800 secundo
1009 3752 1161 3801 tomo
1210 3746 1336 3801 libri
1371 3747 1535 3818 primi
1568 3747 1807 3804 haereses
1862 3764 1963 3803 ιιιι

378 3840 510 3889 sunt
530 3838 560 3888 ':
600 3833 930 3901 Simoniani,
962 3836 1362 3904 Menandriani,
1394 3837 1784 3905 Saturniliani,
1813 3840 1966 3896 Basi-

378 3926 590 3991 lidiani,
622 3924 928 3995 Nicolaitae,
955 3927 1231 3996 Gnostici,
1280 3932 1372 4001 qui
1418 3938 1472 3987 et
1517 3930 1846 3997 Stratiotici,
1902 3947 1967 3987 ac

377 4015 706 4075 Phibiouitae
732 4038 746 4088 ;
779 4021 848 4076 ab
873 4021 998 4076 aliis
1048 4037 1178 4078 vero
1204 4022 1562 4090 Secundiaui,
1596 4025 1664 4080 ab
1687 4024 1811 4080 aliis
1835 4023 1965 4080 Zac-

376 4108 536 4175 chzei,
562 4124 664 4165 nec
705 4126 816 4165 non
860 4110 1148 4176 Coddiani,
1191 4122 1244 4168 et
1276 4114 1607 4179 Borboritaa,
1662 4130 1727 4170 ac
1758 4113 1963 4171 Barbe-

375 4199 500 4272 lytae
544 4200 831 4267 dicuntur;
892 4202 1320 4276 Carpocratitae,
1360 4205 1729 4273 Cerinthiani,
1782 4208 1874 4279 qui
1911 4217 1964 4265 et

375 4289 726 4346 Merinthiani
750 4333 764 4357 ,
791 4291 1061 4359 Nazoraei,
1119 4296 1384 4365 Ebionaai,
1417 4296 1712 4366 Valentini,
1761 4299 1965 4355 Secun-

2068 3379 2230 3441 τικοὶ,
2267 3379 2628 3442 Πλατωνικοὶ,
2659 3377 2911 3445 Στωϊκοὶ,
2945 3378 3311 3451 Ἐπικούρειοι
3341 3395 3355 3409 ·
3391 3381 3674 3451 Σαμαρειο

2068 3471 2213 3545 τικὴ,
2262 3468 2399 3527 οὖσα
2450 3474 2515 3526 ὲκ
2555 3471 2666 3540 ,τοῦ
2712 3472 3073 3545 Ἰουδαῖσμοῦ.
3127 3471 3483 3546 Σαμαρειτῶν
3523 3472 3667 3544 ἔθνη

2068 3565 2329 3636 τέσσαρα,
2383 3563 2596 3631 οὕτως·
2644 3565 2950 3638 Γορθηνοὶ,
3007 3566 3325 3629 Σεϐουαῖοι,
3389 3567 3670 3638 Ἐσσηνοὶ,

2068 3650 2326 3710 Δοσίθεοιζ
2377 3656 2649 3710 Ἰουδαίων
2674 3656 2917 3728 αἱρέσεις
2954 3657 3116 3721 ἑπτὰ,
3147 3657 3320 3721 οὕτως
3345 3675 3358 3689 ·
3396 3657 3674 3729 Γραμμαο

2074 3749 2227 3812 τείς,
2280 3749 2601 3819 Φαρισαῖοι,
2679 3749 3067 3813 Σαδδουκαῖοι,
3122 3750 3623 3821 Ἡμεροϐαπτισταὶ
3650 3792 3669 3816 ,

2082 3838 2345 3902 Ὀσσαῖοι,
2384 3839 2712 3913 Νασαραῖοι,
2742 3841 3086 3912 Ἥρωδιανοί.
3115 3843 3204 3895 Ἑν
3226 3841 3281 3895 δὲ
3312 3841 3389 3912 τῷ
3419 3842 3674 3914 δευτέρῳ

2066 3930 2218 4002 τόμῳ
2273 3930 2368 3984 τοῦ
2428 3932 2643 4005 πρώτου
2692 3932 2899 4005 βιϐλίου
2928 3933 3192 3998 ὡσαύτως
3232 3933 3474 4006 αἱρέσεις
3502 3934 3677 3989 δεκα-

2066 4026 2234 4094 τρεῖς.
2285 4022 2492 4084 οὕτως·
2543 4025 2890 4095 Σιμωνιανοὶ,
2925 4020 3340 4097 Μενανδριανόἱ,
3406 4028 3672 4099 Σατορνι-

2065 4114 2258 4180 λιανοὶ,
2291 4116 2681 4170 Βασιλειδιανοὶ
2705 4159 2718 4177 ,
2758 4115 3103 4182 Νικολαῖται,
3140 4117 3457 4182 Γνωστικοὶ,
3488 4120 3538 4171 οἱ
3568 4116 3702 4174 καῖ

2067 4205 2482 4277 Στρατιωτικοὶ,
2520 4209 2615 4260 καὶ
2643 4207 2953 4263 Φιϐιωνῖται
2987 4208 3228 4276 οἱαὺτοὶ,
3262 4209 3414 4283 παρὰ
3454 4210 3510 4263 δέ
3553 4229 3677 4266 τισι

2066 4297 2459 4364 Σεκουνδιανοὶ,
2504 4302 2656 4372 παρὰ
2697 4300 2753 4354 δὲ
2783 4300 2963 4365 ἄλλοις
2994 4303 3292 4373 Ζακχαῖοι,’
3310 4304 3358 4355 οἱ
3391 4301 3681 4373 καλοιῐμε⁹
3734 4306 3741 4307 “

374 4381 859 4453 diniani:quibus
909 4387 1182 4443 accedunt
1218 4388 1531 4461 Epiphanes
1581 4398 1637 4447 et
1690 4390 1959 4459 lsidorus,

375 4470 682 4528 Ptolemaai.
715 4473 771 4530 In
807 4476 971 4535 tertio
1009 4489 1190 4536 autem
1232 4484 1623 4552 tomo-prioris
1678 4484 1804 4539 libri
1852 4483 1964 4539 bte-

2067 4407 2147 4445 νοι
2176 4391 2272 4444 καὶ
2311 4391 2613 4452 Κοδδιανοὶ.
2662 4393 2755 4447 καὶ
2789 4393 3136 4466 Βορϐορῖται,
3172 4395 3265 4450 καὶ
3300 4395 3677 4468 Βαρϐηλῖται,

2066 4483 2544 4553 Καρποκρατῖται,
2561 4484 2935 4555 Κηρινθιανοὶ.
2953 4487 3003 4539 οἱ
3027 4486 3122 4541 καὶ
3148 4488 3361 4560 Μηρινο
3371 4490 3527 4543 ιανοίσ
3548 4490 3680 4545 Να-

373 4577 525 4619 reses
550 4565 737 4621 itidem
764 4584 863 4622 xm
899 4577 1030 4625 sunt
1065 4586 1081 4623 :
1118 4570 1396 4636 Marcosii,
1429 4572 1756 4640 Colorbasii,
1792 4575 1963 4632 Hera-

2075 4572 2315 4645 ζωραῖοι,
2368 4574 2695 4641 Ἑϐιωναῖοι,
2738 4578 3106 4646 Οὐαλεντῖνοι,
3140 4578 3537 4658 Σιεκουνδιανοὶ,
3579 4578 3682 4650 οἷς

373 4654 659 4748 eleonitze,
715 4655 950 4727 Ophites,
1010 4660 1222 4728 Caiani,
1285 4660 1554 4731 Sethiani,
1618 4665 1962 4738 Archontici,

2075 4668 2432 4722 συνάπτονται
2446 4669 2749 4743 Ἐπιφανὴς
2765 4672 2861 4726 καὶ
2890 4649 3187 4747 Ἰσίδωρος,
3203 4675 3552 4748 Πτολεμαῖοι.

371 4744 741 4813 Cerdoniani,
789 4748 1132 4818 Marciones,
1190 4747 1556 4824 Lucianistaa,
1604 4759 1965 4831 Appelleiani,

2075 4758 2125 4813 δὲ
2138 4758 2215 4831 τῷ
2246 4759 2416 4833 τρίτῳ
2443 4761 2596 4834 τόμῳ
2614 4763 2710 4817 τοῦ
2742 4764 2909 4818 αὐτοῦ
2926 4744 3146 4838 πρώτου
3172 4744 3391 4838 βιϐλίου*
3413 4767 3683 4841 αἱρέσεις

376 4836 693 4906 Severiani,
754 4838 998 4900 Tatiani.
1060 4842 1188 4901 Haec
1259 4856 1345 4903 cst
1414 4865 1628 4906 summa
1691 4860 1963 4909 tomorum

373 4930 538 4985 trium
595 4934 753 5005 primi
809 4934 960 4991 libri.
1021 4935 1256 4995 Secundi
1313 4955 1444 4997 vero
1497 4943 1620 4999 libri
1679 4945 1809 5000 tomi
1854 4944 1965 5000 duo

2067 4850 2370 4924 δεκατρεῖς,
2413 4853 2617 4918 οὕτως·
2674 4855 3018 4927 Μαρκώσιοι,
3063 4858 3446 4931 Κολορϐάσιοι,
3493 4862 3685 4933 Ἥρας

2070 4943 2377 5010 κλεωνῖται,
2418 4947 2652 5017 Ὀιρῖται,
2694 4950 2946 5017 Καῖανοὶ,
2982 4949 3256 5022 Σηθιανοὶ,
3299 4953 3680 5026 ’Δρχοντικοὶ,

375 5031 524 5089 sunt,
562 5026 724 5095 cujus
766 5028 821 5083 in
866 5030 1051 5101 priore
1107 5040 1279 5098 tomo,
1336 5034 1428 5107 qui
1475 5046 1705 5107 quartus
1750 5049 1854 5106 est,
1918 5039 1963 5094 si

375 5122 553 5186 tomos
581 5116 840 5192 deinceps
887 5123 955 5179 ab
994 5124 1154 5180 initio
1196 5140 1488 5193 numeres,
1529 5129 1764 5186 haereses
1828 5145 1963 5186 xvnt

315 5236 319 5240 ›
376 5205 732 5293 continentur
788 5211 892 5268 hoc
948 5215 1500 5283 modo:Encratitae,
1565 5218 1962 5293 Calaphryges,

374 5292 470 5383 qui
519 5302 575 5349 et
617 5295 983 5362 Montanistaa.
1041 5318 1105 5358 ac
1158 5305 1591 5379 Tascodrugitze,
1648 5292 1962 5383 Pepuziani,

372 5382 465 5476 qui
499 5393 548 5439 et
584 5384 930 5456 Quintiliani,
968 5394 1169 5463 quibus
1211 5397 1585 5472 adiunguntur
1622 5382 1961 5476 Artotyritze,

376 5470 988 5544 'l'essarescmdecatitm.
1035 5486 1127 5555 qui
1178 5470 1403 5545 Pascha
1435 5494 1488 5547 in
1539 5470 1803 5550 eamdem
1833 5470 1959 5552 anui

375 5559 517 5615 diem
545 5567 850 5635 conjiciunt
881 5589 894 5625 :
924 5572 1101 5644 Alogi,
1134 5577 1227 5646 qui
1260 5586 1312 5632 et
1346 5577 1700 5651 Evangelium
1734 5593 1788 5638 et
1819 5584 1961 5654 Apo-

375 5654 621 5726 calypsin
659 5658 887 5720 Joannis
937 5668 1247 5737 repudiant,
1310 5672 1618 5738 Adatuiani,
1670 5674 1956 5746 Sampsrei,

2070 5039 2148 5091 Κε
2158 5039 2458 5110 ρδωνιανοὶ,
2473 5042 2564 5095 Ma
2572 5041 2819 5114 ρκίωνες,
2835 5044 3649 5114 Λουκιανισταὶ,.Ἀπελληῖανο“ι
3660 5088 3687 5111 ,

2068 5131 2408 5203 Σευηριανυὶ,
2450 5132 2724 5188 Τατιανοί.
2784 5134 2933 5209 Αὕτη
2973 5138 3007 5208 ὴ
3047 5135 3523 5206 ἅνακεφαλαίωσις
3563 5138 3684 5192 τοῦ

2070 5220 2288 5293 πρώτου
2324 5222 2528 5294 βιϐλίου
2570 5224 2677 5280 τῶν
2727 5226 2895 5299 τριῶν
2916 5227 3117 5300 τόμων.
3174 5227 3281 5282 Τοῦ
3323 5227 3380 5280 δὲ
3402 5227 3689 5300 δευτέρου

2072 5312 2277 5383 βιϐλίου
2302 5315 2458 5387 τόμοι
2484 5315 2597 5372 δύο.
2646 5317 2732 5370 Ἔν
2759 5317 2961 5390 πρώτῳ
2991 5319 3089 5389 μὲν
3117 5319 3270 5390 τόμῳ
3291 5317 3383 5372 τοῦ
3405 5317 3689 5389 δευτέρου

2069 5404 2297 5475 βιϐλίου,
2344 5406 2590 5478 τετάρτῳ
2622 5408 2677 5460 δὲ
2708 5408 2820 5462 ὄντι
2850 5409 2991 5463 κατὰ
3031 5410 3130 5483 τὴν
3177 5409 3271 5464 ἀπ’
3303 5410 3479 5482 ἀρχῆς
3522 5411 3691 5464 ἁκο-

2068 5497 2288 5552 λουθίαν
2304 5497 2398 5551 τοῦ
2414 5498 2669 5570 ἀριθμοῦ,
2683 5500 2923 5572 αἱρέσεις
2933 5502 3233 5570 δεκαοκτὼ,
3245 5502 3419 5565 οῦτως
3435 5501 3695 5571 Ἑγκραο

2067 5681 2259 5749 γιτῶν·
2289 5683 2334 5733 οἱ
2358 5679 2410 5732 δὲ
2437 5680 2894 5752 Τατκοδρουγῖται
2917 5683 3245 5756 διῃρέθησαν
3268 5683 3376 5737 ἀπὸ
3396 5681 3504 5736 τῶν
3521 5696 3693 5751 προ-

2067 5592 2227 5646 τῖται.
2246 5590 2383 5643 κατὰ
2401 5591 2749 5662 Φρυγαστῶν,
2774 5593 3180 5661 Μοντανιστῶν,
3207 5595 3299 5649 καὶ
3317 5592 3693 5663 Τασκοδρου-
3770 5633 3775 5637 .
