3870 6068
196 180 287 243 163
901 173 1247 270 ειιῐΡιιΑΜι
1289 179 1724 240 assummum

1916 181 2223 240 sanctum
2270 179 2358 238 ET
2399 183 2713 244 PAULUM.
3242 266 3245 270 η
3326 197 3430 255 tea

176 299 482 372 ειρημὲνων,
524 297 909 364 Πεπουζιανοὶ,
939 298 1032 351 καὶ
1058 297 1481 368 Κοῖντιλλιανοὶ,
1508 291 1591 360 οἷς
1620 313 1704 351 om

1904 300 1938 353 ti
1968 307 2021 353 et
2049 300 2327 361 Helresazi,
2360 300 2743 365 Theodotiani,
2774 300 3274 374 Melchisedeciani,
3303 311 3432 369 Bay.

177 398 413 450 ἅπτονται
448 392 845 461 ’Δοτοτυρὶται.
880 387 1560 460 Τεσσαρεσκαιδεκατὶται,
1599 391 1649 441 οἱ
1677 406 1705 441 τ

1902 391 2188 455 ξεῖιιιιὶειεε,
2238 389 2521 457 Noetiani,
2571 391 2798 459 Valcsii,
2858 395 3105 454 Cathari.
3162 399 3430 472 Angelici,

178 484 346 556 Πάσχα
371 484 500 550 μίαν
531 481 745 553 ἡμέραν
764 479 858 533 τοῦ
882 478 1036 543 ἔτους
1070 478 1352 543 ποιοῦντες
1370 496 1384 510 ·
1418 478 1656 547 Ἀλογοι,
1687 494 1706 530 c

1903 482 2166 552 postolici,
2215 483 2308 553 qui
2365 485 2529 540 etiam
2589 475 2918 555 Apotactici,
2967 488 3169 558 quibus
3231 497 3431 550 annexi

178 573 561 641 τὸΕὑαγγέλιον
601 571 849 626 Ἰωάννου
873 570 970 623 καὶ
1003 568 1101 640 τὴν
1141 568 1510 640 Ἀποκάλυψιν
1551 570 1625 641 μὴ
1653 568 1706 622 δε

1907 583 1974 627 nt
2019 571 2373 645 Saccophori,
2426 574 2747 641 Sabelliani,
2792 577 3116 648 Origenistze
3166 580 3435 641 foeditatis

180 659 398 733 χὸμενοι·
461 659 801 731 Ἀδαμιανοὶ,
851 657 1145 730 Σαμψαίοι,
1189 659 1239 711 οἱ
1272 659 1366 711 καὶ
1414 657 1708 711 Έλκεσαῖοι

1904 672 2122 734 ιιοιοτεε,
2151 665 2476 738 Origenistaz
2505 669 2572 724 ab
2607 668 2841 741 Origene
2878 671 3226 731 Adamantio.
3259 675 3317 730 In
3351 691 3432 732 se-

180 753 510 813 Θεοδοτιανοὶ.
547 750 1048 822 Μελχισεδεκιανοὶ,
1098 749 1576 821 Βαρδησιανισταὶ,
1603 749 1708 817 Νοη

1908 756 2024 810 mdo
2065 765 2246 813 autem
2283 765 2430 812 tomo
2474 758 2717 829 ejusdem
2764 761 2913 827 libri,
2966 763 3060 834 qui
3108 766 3294 836 priore
3344 767 3436 822 illa

180 844 348 908 τιανοὶ,
362 841 673 914 Οὑαλήσιοι,
689 840 958 914 Καθαροί,
988 840 1314 910 Ἀγγελικοὶ,
1344 839 1708 893 Ἀποστολικοὶ

1905 848 2171 903 tmerandi
2224 850 2437 906 ratione
2480 851 2712 921 quintus
2748 861 2862 918 est,
2913 853 3150 912 haereses
3192 857 3433 928 quinque

180 936 222 987 οἱ
257 934 340 988 καὶ
375 932 780 998 ’Δποτακτικοὶ,
814 928 895 997 οἷς
924 932 1308 1011 ’συνάπτονται
1339 933 1387 985 οἱ
1415 930 1708 1001 καλούμενι

1906 947 1976 993 ιηι
2007 957 2022 995 :
2060 938 2215 995 Pauli
2244 939 2671 1010 Samosatensis,
2703 942 3009 1010 Manichaei,
3041 946 3135 1017 qui
3172 957 3227 1003 et
3265 949 3434 1003 Acua-

182 1023 490 1094 Σακκοφόροι
506 1039 521 1051 ·
545 1022 917 1083 Σαϐελλιανοὶ,
945 1020 1297 1092 Ὦριγενιανοὶ
1313 1021 1361 1072 οἱ
1377 1016 1710 1089 αἰσχροποιοὶ

1908 1039 1994 1096 ιω,
2029 1031 2338 1097 Ηὶειιιιοὶιω,
2370 1032 2645 1090 Mcletiani
2665 1075 2680 1102 ,
2712 1037 2806 1108 qui
2843 1037 2899 1092 in
2928 1016 3166 1110 Egyipto
3194 1039 3436 1095 schisma

191 1116 516 1187 Ὧριγενιανοὶ
544 1116 595 1167 οἱ
630 1114 722 1167 τοῦ
761 1110 1142 1184 Ἀδαμαντίου.
1189 1113 1281 1166 Ἐν
1307 1111 1363 1164 δὲ
1398 1111 1476 1181 τῷ
1500 1110 1719 1181 δευτέρη

1905 1129 2125 1187 cerunt;
2159 1122 2370 1177 Ariani.
2409 1122 2589 1194 Atque
2628 1125 2744 1181 haec
2779 1134 2865 1183 est
2903 1114 3174 1184 tomortim
3203 1130 3330 1185 libri
3357 1130 3433 1187 se-

180 1210 308 1279 τὸμῳ
343 1207 432 1261 τοῦ
473 1206 642 1260 αὐτοῦ
690 1206 946 1277 δευτέρου
980 1205 1207 1276 βιϐλίου,
1241 1204 1474 1275 πέμπτῳ
1520 1220 1579 1256 τε
1624 1202 1708 1256 δντ

1910 1210 2011 1265 Indi
2041 1225 2276 1266 summa.
2320 1202 2662 1269 Similiter'et
2698 1214 2752 1269 in
2789 1217 2957 1271 tertio
2987 1217 3130 1273 libro
3165 1219 3295 1274 torni
3325 1220 3438 1274 duo

179 1302 256 1352 τὸν
275 1298 497 1371 ἀριθμὸν
523 1300 615 1352 τὸν
634 1298 1054 1371 προειρημένον,
1077 1297 1319 1369 αἱρέσεις
1338 1296 1520 1358 πέντε,
1540 1294 1707 1358 οὕτως

1907 1306 1992 1352 [ιιιΔ
2034 1298 2091 1354 In
2128 1299 2303 1370 primo
2360 1307 2509 1356 lomo
2547 1302 2697 1357 tertii
2739 1301 2889 1369 libri,
2927 1311 3082 1360 sexto
3124 1314 3304 1360 autem
3349 1319 3435 1369 eo.

182 1391 561 1451 Παυλιανισταὶ,
589 1386 904 1461 Μανιχαῖοι,
932 1391 981 1442 οί
1007 1390 1102 1444 καὶ
1164 1388 1528 1452 ’Δκουανῖται,
1570 1387 1709 1459 Ἱερα

1910 1404 2008 1444 lem
2044 1390 2283 1447 diximus
2309 1391 2537 1459 ordine,
2575 1392 2809 1449 haereses
2842 1410 2939 1459 vn,
2975 1404 3149 1451 sunt:
3182 1395 3438 1463 Audiani,

182 1486 333 1548 κῖται,
365 1482 711 1544 Μελετιανοὶ,
754 1481 959 1552 σχίσμα
1005 1481 1062 1533 ἐν
1099 1478 1388 1548 Αἰγύπτῳ,
1450 1478 1710 1548 ’Δρειανοί

1911 1481 2183 1543 mtiniani,
2229 1481 2586 1548 Marcelliani,
2628 1482 2976 1549 Semiariani,
3021 1486 3435 1543 Pneumatoma-

182 1574 310 1644 Αὕτη
336 1575 425 1627 καὶ
460 1575 493 1643 ἡ
526 1573 624 1626 τοῦ
666 1573 921 1643 δευτέρου
955 1570 1162 1641 βιϐλίου
1198 1570 1306 1623 τῶν
1334 1569 1516 1639 τόμων
1542 1570 1710 1621 ἁνακε

1906 1573 1958 1633 ιί,
2006 1573 2098 1642 qui
2148 1573 2376 1645 Spiritui
2431 1583 2625 1630 sancto
2676 1577 3068 1633 contumeliose
3121 1578 3434 1642 detrahunt,

182 1663 474 1729 φαλαίωςις.
517 1664 749 1734 Ὁμοίως
767 1665 861 1716 καὶ
876 1665 934 1716 ἐν
957 1661 1036 1734 τῷ
1055 1646 1223 1734 τρίτω
1242 1661 1430 1733 βιϐλίῳ
1454 1661 1558 1713 εἱσὶ
1584 1660 1710 1731 τόμο

1905 1664 2083 1728 eriani,
2120 1664 2357 1731 Aetiani,
2384 1666 2452 1721 ab
2475 1666 2632 1721 Aetio
2662 1666 2964 1734 Anomoeo;
2996 1669 3198 1738 quibus
3217 1669 3433 1725 accedit

181 1755 279 1808 δύο.
340 1755 423 1807 Ἐν
465 1756 563 1826 μὲν
602 1754 682 1824 τῷ
722 1754 922 1827 πρώτῳ
956 1755 1108 1826 τόμῳ
1148 1753 1243 1807 τοῦ
1289 1754 1473 1825 τρίτου
1514 1751 1709 1823 βιϐλίοι

1921 1755 2222 1812 Ennomius
2244 1757 2566 1813 Anomueus.
2593 1757 2652 1812 In
2678 1759 2923 1813 secundo
2952 1774 3082 1814 vero
3112 1769 3259 1815 tomo
3288 1761 3434 1831 ejus~

181 1846 319 1898 ἕκτου
343 1845 394 1899 δὲ
413 1847 578 1918 τόμου
614 1846 736 1900 καθ’
767 1846 826 1900 ὃν
848 1846 1081 1919 ἀριθμὸν
1105 1845 1463 1917 προείπομεν,
1502 1845 1709 1917 αἱρέσει

1915 1863 1964 1901 m
2009 1848 2155 1903 tertii
2199 1848 2345 1915 libri,
2392 1849 2627 1918 septimo
2670 1860 2851 1905 autem
2899 1865 2963 1904 ex
3011 1849 3281 1907 divisione
3320 1852 3439 1916 illa,

182 1935 319 1999 ἑπτὰ,
352 1935 519 2000 οὕτως
542 1951 557 1964 ’
613 1936 888 2001 Δὺδιανοὶ,
929 1937 1133 2007 σχίσμα
1170 1935 1344 1999 ὄντες,
1376 1934 1710 1988 Φωτεινιανοὶ

1907 1954 2007 1993 Iam
2060 1939 2327 2006 diximus,
2386 1942 2589 2013 quique
2643 1940 2838 2012 Operis
2895 1942 3064 1996 totius
3124 1950 3435 2014 postremus

183 2029 576 2099 Μαρκελλιανοὶ,
649 2028 982 2101 Ἠμιάρειοι,
1042 2026 1518 2098 Πνευματομάχοι,
1578 2027 1626 2079 οί
1682 2044 1711 2078 τ

1907 2039 1949 2095 t,
2001 2031 2242 2088 haereses
2296 2044 2534 2104 quatuor
2583 2042 2711 2090 sunt
2754 2052 2767 2089 :
2813 2032 3126 2101 Dimaeritae,
3186 2036 3281 2107 qui
3325 2053 3435 2092 non

184 2112 495 2192 Πνεῦμα’τοῦ
523 2120 658 2175 Θεοῦ
685 2120 746 2174 τὺ
772 2120 927 2190 ἅγιον
950 2119 1418 2191 βλασφημοῦντες,
1450 2117 1712 2190 Ἀεριανοὶ

1913 2123 2144 2178 rfectam
2195 2121 2399 2178 Christi
2445 2124 2879 2180 incarnationem
2929 2128 3285 2192 conﬁtentur,
3341 2127 3438 2198 qui

192 2211 451 2278 Ἀετιανοὶ,
495 2211 605 2267 ἀπὸ
654 2210 863 2267 ’Δετίου
910 2212 1008 2268 τοῦ
1048 2200 1352 2284 ’Ᾱνομοίου,
1395 2204 1440 2279 ᾧ
1495 2209 1720 2281 συνήφθτ

1940 2226 2008 2267 Im
2041 2212 2416 2282 Apollinaritaa
2454 2214 2811 2267 nominantur
2844 2232 2857 2268 :
2887 2223 3000 2268 tum
3057 2216 3148 2284 qui
3190 2219 3468 2272 sanctam‘

183 2304 442 2375 Εὐνόμιος,
476 2307 504 2357 ὁ
541 2305 635 2358 καὶ
681 2304 983 2375 ’Δνόμοιος.
1024 2305 1080 2357 ἐν
1121 2304 1179 2357 δὲ
1216 2302 1294 2374 τῷ
1314 2301 1550 2373 δευτέρῳ
1589 2300 1711 2372 τόμ(

1910 2304 2067 2357 iriam
2120 2318 2337 2374 semper
2387 2304 2684 2373 virginem,
2737 2313 3025 2376 postquam
3096 2305 3438 2361 Salvatorern

181 2392 267 2446 τοῦ
313 2394 469 2449 αὐτοῦ
507 2395 696 2467 τρίτου
742 2394 989 2465 βιϐλίου,
1046 2392 1259 2465 ἑϐδόμῳ
1308 2392 1364 2446 δὲ
1408 2391 1558 2462 τόμῳ
1603 2389 1709 2444 ὅντε

1924 2391 2052 2455 nuit,
2085 2406 2211 2446 cum
2246 2391 2484 2463 Josepho
2517 2394 2879 2450 consuevisse
2906 2395 3118 2457 dicunt,
3155 2411 3298 2466 quos
3328 2404 3452 2460 An-_

183 2483 291 2536 καθ’
331 2485 393 2556 ἢν
444 2486 670 2556 εἴπομεν
713 2484 822 2538 τῶν
865 2484 1047 2555 τόμων
1100 2483 1193 2537 τοῦ
1248 2480 1484 2555 ἀριθμοῦ
1537 2480 1710 2553 διαίρε

1911 2482 2339 2538 licomarianitas
2402 2485 2752 2561 nominamus
2797 2504 2813 2542 :
2859 2493 2912 2540 et
2969 2486 3060 2556 qui
3126 2486 3179 2540 in
3237 2499 3439 2543 nomen

186 2590 279 2635 σιν,
322 2576 373 2638 ὃς
419 2579 531 2629 ἐστι
564 2576 732 2647 τόμος
761 2575 1011 2646 ἕϐδομος,
1039 2576 1134 2629 καὶ
1162 2575 1316 2637 τέλος
1350 2575 1451 2645 τῆς
1478 2590 1711 2645 πραγμα

1908 2573 2090 2630 usdem
2139 2572 2324 2630 Mariae
2377 2576 2671 2647 collyridas
2722 2576 2976 2641 oberunt,
3023 2579 3115 2649 qui
3169 2588 3436 2634 vocantur

184 2664 335 2729 τείας,
376 2666 610 2737 αἱρέσεις
654 2665 941 2737 τέσσαρες,
973 2664 1152 2718 οὔτωθ
1208 2664 1536 2735 Διμοιρῖται,
1584 2665 1637 2715 οἱ
1664 2666 1712 2734 μὲ

1913 2665 2222 2736 »11]τίἀίοηὶ,
2257 2664 2595 2722 Massaliani.
2625 2665 2838 2734 Quibus
2870 2668 3129 2738 adjuncta
3158 2680 3441 2739 postremo

184 2756 369 2810 τελείαν
398 2758 496 2829 τὴν
522 2756 762 2830 Χριστοῦ
797 2755 1207 2828 ἐνανθρὼπησιν
1252 2753 1662 2825 ὁμολογοῦντες,
1689 2770 1712 2806 ο

1911 2752 2248 2809 tcatholicae
2321 2753 2446 2810 ﬁdei
2493 2770 2557 2810 ac
2606 2756 2853 2811 veritatis
2898 2757 3305 2826 compendiaria
3343 2757 3439 2813 de-

184 2849 265 2903 καὶ
289 2849 699 2921 Ἀπολὶναρῖται,
727 2851 776 2902 οἱ
798 2848 891 2902 καὶ
912 2847 1009 2919 τὴν
1042 2847 1206 2915 ἁγίαν
1228 2845 1327 2917 τὴν
1356 2844 1712 2915 ’Δειπάρθενοε

1988 2860 2039 2900 o.
2088 2847 2143 2900 In
2189 2861 2295 2917 qua
2343 2855 2533 2903 sancta
2590 2848 2856 2903 catholica
2899 2860 2953 2905 et
2994 2848 3295 2920 apostolica
3338 2846 3439 2903 καί.
3506 2872 3508 2879 ν

188 2940 309 3009 μετά
332 2942 389 2995 τὸ
402 2941 490 2996 τὸν
511 2941 743 3013 Zamﬂpa
765 2940 1122 3014 γεγενηκέναι
1145 2937 1223 3009 τῷ
1250 2936 1445 3008 Ἰωσὴφ
1468 2935 1716 3006 συνῆφθα

1866 2937 2019 2992 :lesia
2054 2939 2331 2993 consistit.
3391 2927 3394 2931 ’

182 3031 424 3100 λέγοντες,
455 3033 547 3097 οὓς
577 3032 918 3104 ἐκαλέσαμεν
957 3028 1550 3101 Ἀντιδικομαριανίτας
1573 3043 1590 3057 '
1638 3029 1733 3082 καί
1768 3029 1820 3081 οί
1842 3030 1922 3092 εἱς
1945 3027 2117 3098 ὄνομα
2140 3029 2240 3099 τῆς
2263 3028 2434 3099 αὐτῆς
2491 3031 2712 3102 Μαρίας
2749 3030 3034 3102 κολλυρίδα
3095 3032 3437 3106 προσφέρον-

182 3145 279 3194 τες,
318 3130 501 3191 οἵτινες
529 3126 821 3182 καλοῦνται
859 3122 1284 3195 Κολλυριδιανοὶ,
1323 3114 1732 3174 Μασσαλιανοίο
1770 3119 1866 3173 καὶ
1898 3120 2027 3190 περὶ
2081 3121 2181 3191 τῆς
2225 3120 2391 3192 ὀρθῆς
2444 3121 2683 3187 πίστεως
2747 3124 2841 3179 καὶ
2874 3124 3130 3195 ἀληθείας
3173 3126 3442 3196 ἀπολογία

186 3223 289 3291 μετ’
317 3220 572 3291 ἐπιτομῆς
592 3217 689 3272 τοῦ
715 3217 901 3286 λόγου,
946 3216 1069 3287 ἥτις
1097 3216 1246 3269 ἐστὶν
1271 3215 1305 3286 ἠ
1330 3215 1460 3283 ἁγία
1481 3215 1743 3285 καθολικὴ
1783 3214 1878 3268 καὶ
1907 3213 2236 3286 ἀποστολικὴ
2277 3213 2595 3287 Ἐκκλησία.
3074 3206 3110 3233 ⁹

242 3310 379 3383 Αὕτη
408 3313 441 3384 ἡ
485 3308 961 3379 ἀνακεφαλαίωσις
993 3306 1088 3361 καὶ
1124 3306 1405 3379 ἐπιγραφὴ
1434 3306 1535 3378 τῆς
1565 3306 1747 3377 πάσης

1910 3302 2210 3373 Ejusmodi
2258 3312 2344 3361 est
2394 3319 2607 3362 summa
2656 3306 3097 3377 comprehensio,
3148 3322 3213 3363 ac
3267 3311 3437 3365 totius

183 3401 312 3455 κατὰ
346 3402 603 3475 αἱρέσεων
647 3400 976 3470 ὀγδοήκοντα
1027 3398 1433 3469 πραγματείας,
1485 3398 1582 3453 καὶ
1639 3398 1711 3470 μίι

1907 3398 2030 3452 ieris
2061 3397 2325 3454 adversus
2356 3384 2635 3468 octoginta
2680 3398 2917 3454 haereses
2960 3398 3269 3470 inscriptio,
3309 3416 3435 3456 cum

184 3493 269 3563 τῆς
288 3494 417 3565 ὑπὲρ
435 3492 688 3565 ἀληθείας
703 3490 999 3558 ἀπολογίας
1020 3489 1121 3560 τῆς
1150 3489 1335 3569 μόνης,
1367 3489 1618 3543 τουτέστι
1641 3489 1708 3561 τῆ

1909 3489 2007 3543 nica
2055 3504 2119 3544 ac
2164 3488 2428 3561 singulari
2483 3488 2804 3545 defensione
2857 3489 3129 3557 veritatis,
3166 3492 3291 3569 _boc
3353 3503 3437 3549 est

183 3564 451 3658 καθολικῆς
494 3564 589 3639 καὶ
632 3582 913 3657 ὀρθοδόξου
968 3564 1315 3651 Ἐκκλησίας,
1352 3583 1410 3635 ἐν
1445 3580 1595 3652 τρισὶ
1641 3581 1711 3652 μὲ

1911 3580 2013 3648 tius
2042 3581 2323 3644 Ecclesiae,
2360 3592 2524 3652 atque
2557 3582 2863 3639 catholicae.
2895 3579 3050 3649 Quod
3084 3564 3221 3655 opus
3254 3583 3439 3638 distri-

187 3674 391 3743 βιϐλίοις
411 3677 789 3750 ὑποκειμένοις
823 3674 1250 3747 συντεταγμένη,
1294 3674 1353 3729 ἐν
1389 3674 1531 3729 ἑπτὰ
1570 3674 1626 3728 δὲ
1647 3674 1715 3728 τόι

1908 3684 2037 3728 itum
2081 3673 2135 3728 in
2173 3681 2357 3745 partes
2398 3685 2531 3738 tres,
2571 3682 2752 3729 tomos
2793 3682 3000 3746 septem
3027 3676 3436 3746 complectitur.

186 3784 296 3837 μοις
314 3769 659 3842 διαιρεθεῖσα,
676 3766 744 3820 τὰ
774 3767 830 3821 δὲ
858 3765 1066 3819 ἔνεστιν
1089 3764 1562 3834 ἀνακεφαλαίωσις
1591 3764 1714 3837 πρώ

1905 3779 2003 3819 unc
2047 3765 2206 3818 aliam
2246 3765 2508 3834 deinceps
2552 3764 2685 3819 tomi
2731 3764 2935 3835 prioris
2974 3766 3102 3819 libri
3137 3782 3433 3831 summam,

183 3875 267 3912 του
288 3860 442 3932 τόμου
471 3861 565 3915 τοῦ
597 3859 816 3932 πρώτου
847 3857 1075 3929 βιϐλίου,
1105 3856 1197 3911 τοῦ
1231 3856 1372 3910 κατὰ
1398 3855 1504 3909 τῶν
1538 3857 1708 3910 εἴκοσι

1951 3855 2339 3927 compendium
2376 3856 2767 3921 instituemus,
2800 3871 2915 3927 quo
2947 3855 3168 3926 quidem
3204 3858 3258 3911 in
3295 3859 3439 3913 libro

183 3944 426 4022 dipéoewv
445 3953 668 4024 ἐλέγχου
689 3952 860 4005 οὕτω·
895 3949 1113 4021 πρῶτον
1142 3948 1241 4020 μὲν
1265 3949 1320 4001 αἱ
1349 3947 1457 4001 τῶν
1473 3946 1711 4019 αἱρέσεωη

1908 3944 2037 4015 ginti
2075 3945 2313 4000 haereses
2346 3944 2720 3999 continentur.
2757 3941 2815 3997 ln
2846 3943 3040 4014 primis
3072 3946 3220 3999 enim
3257 3946 3436 4001 haere-

183 4045 358 4099 πασῶν
384 4046 609 4118 πτέρες
637 4062 697 4097 τε
728 4045 821 4097 καλ⁸
851 4042 1198 4115 πρωτότυποι
1223 4041 1315 4094 καλ⁹
1341 4029 1651 4111 ὀνομασίαι,
1680 4040 1704 4092 ἐ

1909 4052 1979 4091 on
2009 4036 2254 4091 omnium
2284 4045 2511 4100 matres,
2544 4050 2609 4091 ac
2652 4034 2929 4111 primariae
2962 4024 3381 4107 appellationes,
3404 4053 3436 4092 a

180 4122 247 4189 ὧν
268 4140 492 4213 μητέρες
521 4139 680 4192 πέντε
714 4137 770 4191 αἱ
800 4118 955 4191 ἄλλαι
973 4134 1254 4207 ἐφύησαν,
1287 4134 1380 4187 καί
1412 4134 1549 4186 εἰσιν
1579 4123 1708 4186 αὗτα

1903 4129 2046 4184 nibus
2074 4136 2284 4184 caetera:
2317 4128 2839 4195 dimanarunt,‘sunt
2860 4127 3133 4199 ejusmodi
3175 4136 3431 4198 quatuor.

182 4232 379 4302 πρῶται
404 4235 690 4304 τέσσαρες.
957 4246 964 4255 ’

242 4324 433 4395 Πρώτη
462 4323 865 4397 Βαρϐαρισμὸς,
895 4322 1017 4394 ἥτις
1044 4321 1165 4376 καθ’
1193 4322 1389 4392 ἑαυτήν
1418 4320 1552 4384 ἐστι,
1588 4317 1739 4389 διοιρ⁸

1914 4311 2133 4367 Primus
2189 4319 2275 4365 est
2323 4307 2743 4372 Barbarismus,
2792 4306 2886 4377 qui
2932 4322 3029 4378 per
3077 4305 3320 4377 seipsum
3368 4307 3439 4364 ab

181 4413 377 4468 κέσασα
396 4417 483 4486 ἀφ’
506 4395 729 4488 ἡμερῶν
749 4414 839 4468 τοῦ
871 4414 1042 4483 Ἀδὰμ
1064 4403 1155 4465 ἐπὶ
1170 4412 1300 4465 δέκα
1316 4410 1506 4479 γενεὰς
1523 4412 1628 4476 ἕως
1645 4429 1709 4464 τοη

1909 4402 2055 4456 lanio
2099 4401 2166 4455 ad
2201 4401 2390 4455 decem
2438 4399 2820 4470 generationes
2856 4405 2910 4454 et
2950 4395 3141 4453 Noemi
3192 4407 3437 4469 tempora

179 4501 312 4559 Νῶε.
352 4486 723 4581 Μρὸαρισμδς
743 4505 799 4559 δὲ
815 4504 1076 4574 κέκληται
1104 4505 1211 4558 ἀπὸ
1233 4503 1326 4557 τοῦ
1364 4502 1440 4576 μὴ
1464 4504 1591 4567 τοὺς
1616 4503 1705 4556 τότ

1907 4491 2235 4549 :rseveravit.
2287 4490 2391 4557 Qui
2444 4490 2834 4547 Barbarismus
2884 4497 3170 4561 propterea
3211 4486 3435 4556 dicitur,

178 4596 482 4667 ἀνθρώπως
518 4597 761 4671 ἀρχηγόν
795 4615 915 4652 τινα
952 4597 1118 4667 ἔχειν,
1166 4595 1199 4666 ἢ
1233 4594 1359 4666 μίαν
1393 4595 1706 4666 συμφωνίαν

1910 4587 1988 4641 rod
2023 4583 2387 4641 vetustissimi
2422 4582 2502 4638 illi
2532 4581 2847 4638 mortalium
2873 4596 3050 4653 neque
3089 4588 3303 4637 certum
3342 4581 3438 4636 ali-

315 4690 395 4744 am
444 4693 548 4755 πᾶς
588 4708 674 4756 τις
713 4688 892 4761 ἑαυτῷ
924 4689 1179 4759 ἐστοὶχει,
1219 4688 1311 4742 καὶ
1354 4688 1517 4758 νόμος
1561 4687 1707 4740 ἑαυτὲ

1912 4694 2005 4733 rem
2054 4685 2334 4732 auctorem
2372 4674 2669 4740 habebant,
2706 4689 2809 4731 nec
2850 4673 2993 4730 inter
3033 4688 3095 4730 se
3134 4673 3440 4729 consentie-

179 4781 309 4834 κατὰ
329 4781 425 4834 τὴν
463 4782 797 4856 προτὶμησιν
833 4780 927 4835 τοῦ
957 4781 1085 4835 ἱδὶου
1118 4779 1452 4851 βουλήματος
1471 4779 1697 4847 ἐγίνετο.

1909 4778 2013 4836 int;
2066 4768 2161 4825 sed
2214 4769 2594 4839 unusquisque
2639 4781 2740 4838 pro
2784 4782 2883 4823 sua
2931 4766 3216 4821 voluntate
3268 4766 3437 4820 vitam

1847 4862 2189 4926 instituebat,
2226 4875 2291 4915 ac
2322 4875 2422 4930 pro
2452 4858 2571 4930 lege
2599 4874 2758 4914 suum
2791 4859 3027 4930 quisque
3052 4866 3244 4913 nutum
3269 4868 3438 4929 atque

1844 4954 2132 5007 arbitrium
2162 4952 2264 5008 sibi
2290 4950 2651 5022 proponebat.

241 5045 470 5117 Δευτέρα
495 5042 804 5116 Σκυθισμὺς
847 5042 956 5097 απὸ
989 5041 1097 5094 τῶν
1129 5041 1351 5113 ἡμέρων
1372 5039 1467 5094 τοῦ
1494 5038 1619 5094 Νῶε
1643 5038 1738 5092 καὶ

1920 5042 2227 5107 Secundus,
2278 5038 2625 5113 Scythismus
2663 5054 2694 5093 a
2732 5037 2926 5094 Noemi
2971 5039 3314 5110 temporibus
3363 5042 3431 5098 ad

181 5138 460 5202 μετέπειτα
486 5140 615 5210 ἄχρι
628 5137 729 5206 τῆς
755 5133 849 5187 τοῦ
875 5133 1082 5206 πύργου
1106 5131 1416 5203 οἰκοδομῆς,
1448 5131 1543 5184 καί¹
1557 5129 1705 5184 Fuﬁo

1908 5151 2022 5207 sque
2078 5135 2250 5190 turris
2314 5141 2369 5190 et
2429 5132 2724 5205 Babylonis
2786 5131 3311 5196 exmdiﬁcationem,
3371 5147 3436 5187 ac

181 5225 352 5292 ie'ivog,
396 5232 486 5283 καὶ
527 5227 669 5301 μετὰ
708 5227 800 5280 τὸν
829 5225 921 5279 τοῦ
960 5227 1168 5297 πύργου
1195 5224 1385 5295 χρόνον
1412 5223 1504 5276 ἐπὶ
1536 5223 1708 5291 ὀλίγοι

1905 5234 1972 5282 νει
2001 5224 2196 5279 turrim
2239 5224 2430 5294 paucis
2473 5223 2654 5280 adhuc
2698 5223 2862 5279 annis
2901 5222 3161 5289 obtinuit,
3204 5223 3307 5279 hoc
3351 5236 3433 5281 est

158 5305 331 5383 Ἕτεσι,
371 5322 613 5375 τουτέστι
647 5317 828 5371 Φαλὲκ
869 5316 960 5368 καὶ
997 5313 1252 5383 Ῥαγαοῡ,
1295 5313 1508 5376 οἵτινες,
1543 5310 1638 5366 ἐπὶ
1680 5331 1686 5345 ι

1908 5332 2023 5387 ιιιυε
2073 5315 2138 5370 ad
2196 5313 2399 5370 Phalac
2459 5323 2514 5371 et
2562 5312 2809 5387 Rhagau,
2883 5313 2975 5385 qui
3036 5313 3104 5369 ad
3163 5313 3436 5384 Europam

174 5408 265 5477 τῆς
302 5410 568 5480 Εὐρώπης
610 5409 784 5477 κλίμα
825 5405 1132 5469 νενευκότες
1161 5403 1238 5473 τῷ
1259 5401 1360 5472 τῆς
1383 5401 1619 5466 Σκυθίας
1646 5405 1702 5472 μὲ

1907 5413 2196 5461 anseuntes
2225 5406 2277 5460 in
2320 5404 2632 5479 Scythiam,
2664 5422 2728 5462 ac
2760 5407 3011 5463 nationes
3035 5406 3306 5479 ejusmodi
3344 5423 3435 5476 pe-

178 5520 272 5572 ρει,
299 5505 396 5556 καὶ
427 5508 537 5566 τοῖς
573 5500 757 5555 αὐτῶν
789 5498 963 5551 ἔθνεσι
1000 5494 1459 5569 προσεκρωησαν,
1494 5494 1602 5548 ἀπὸ
1642 5495 1706 5565 τῆ

1906 5508 2135 5554 :trarunt
2164 5498 2234 5554 ab
2259 5495 2442 5555 Thare
2468 5500 2808 5570 temporibus
2834 5506 2888 5556 et
2915 5500 3046 5568 vita,
3070 5514 3101 5554 a
3125 5513 3235 5569 quo
3267 5494 3434 5550 Thra-

175 5592 255 5644 τοῦ
282 5593 470 5664 Θήρας
495 5589 710 5662 ἡλικίας
740 5589 835 5641 καὶ
859 5586 1133 5651 ἐπέκεινα,
1172 5585 1230 5649 ἐξ
1257 5582 1427 5656 οὗπερ
1450 5587 1497 5640 οἱ
1521 5584 1702 5656 Θρᾶκε

859 5586 1133 5651 ἐπέκεινα,
1172 5585 1230 5649 ἐξ
1257 5582 1427 5656 οὗπερ
1450 5587 1497 5640 οἱ
1521 5584 1737 5656 Θρᾶκες
1846 5605 1939 5648 eos
1966 5590 2180 5646 oriundi
2219 5600 2366 5646 sunt.

134 5742 145 5751 ,
175 5698 440 5752 γεγονασι.
