3870 6068
398 233 498 290 167

468 373 708 438 Tertius,
765 371 1131 428 Hellenismus
1183 370 1351 440 cwpit
1401 387 1430 421 a
1490 366 1719 423 Seruehi
1771 378 1981 438 tempo-
2011 372 2055 428 Α

397 467 574 522 ribus.
609 463 761 520 Unde
810 464 1080 519 idolorum
1111 461 1292 516 cultus
1329 459 1542 514 initium
1584 457 1793 512 habuit.
1824 456 1984 513 Cum-

400 573 507 627 que
546 564 676 610 tunc
712 553 972 624 temporis
1013 551 1146 606 falsa
1190 551 1420 621 quisque
1461 548 1849 619 superstitione
1887 545 1986 600 du-

400 655 646 709 ceretur,
675 646 932 714 deinceps
964 643 1267 698 civiliorem
1300 642 1367 696 ad
1404 656 1582 703 usum.
1620 647 1675 695 et
1704 639 1768 692 ad
1804 646 1983 694 certas

404 741 570 809 leges,
612 736 1142 804 simulacrorumque
1191 741 1334 788 ritus
1377 732 1626 786 homines
1661 745 1783 786 sese
1810 738 1986 785 trans-

402 831 661 883 tulerunt.
705 826 946 891 Quorum
993 841 1058 881 ex
1113 824 1433 895 prmscripto
1501 822 1604 876 sibi
1645 821 1776 876 deos
1818 820 1986 874 tinxe-

404 925 548 971 runt.
596 916 673 968 Ac
717 915 951 985 primum
1000 928 1114 978 eos,
1164 928 1302 983 quos
1351 913 1403 965 in
1457 911 1662 966 honore
1710 909 1983 980 quondam

407 1008 756 1068 habuissent,
793 1006 906 1059 sive
941 1011 1204 1074 tyrannos
1225 1041 1241 1066 ,
1275 1010 1370 1054 aut
1400 999 1855 1070 praastigiatores.
1889 997 1984 1067 qui

406 1083 761 1153 memorabile
788 1094 1047 1164 quiddam
1077 1095 1129 1148 in
1165 1095 1276 1148 vita
1313 1094 1572 1156 fecerant,
1611 1104 1677 1144 ac
1720 1089 1988 1144 fortitudi-

407 1188 513 1254 nis,
550 1197 604 1243 et
635 1187 846 1242 roboris
884 1186 1095 1241 illustre
1135 1185 1410 1255 specimen
1453 1181 1763 1242 ediderant,
1800 1180 1988 1250 depin-

409 1294 536 1350 gere
568 1278 843 1333 coloribus
879 1285 934 1332 et
976 1277 1281 1331 assimilare
1325 1274 1592 1330 solebant.
1629 1270 1826 1327 Postea
1861 1284 1988 1326 vero

409 1371 478 1424 ab
515 1370 692 1424 'l'hare
736 1369 905 1437 patris
952 1365 1208 1419 Ahraaini
1265 1371 1507 1433 tempore
1550 1361 1865 1417 simulacris
1923 1373 1988 1414 ac

413 1461 611 1514 statuis
670 1457 920 1512 eumdem
951 1470 1192 1508 errorem
1217 1451 1541 1506 idololatria:
1599 1455 1988 1520 propagarunt.

409 1549 621 1620 Quippe
677 1549 911 1616 majores
959 1561 1090 1600 suos
1149 1543 1460 1600 simulacris
1512 1541 1882 1606 honestantes,
1926 1552 1991 1593 ac

408 1649 674 1703 mortuos,
718 1637 950 1706 primum
993 1645 1109 1688 arte
1153 1633 1331 1702 ﬁglina
1381 1640 1593 1687 statuas
1630 1628 1986 1694 cliinxerunt;

1134 225 1479 282 EPIPH.\N|I
1521 214 1966 280 RESCBIPTUM
2008 219 2097 275 AD
2136 219 2447 275 ACACIUM
2491 218 2578 273 ET
2622 211 2927 272 PAULUM.

3558 213 3658 268 138

2155 365 2324 437 Τρίτη
2372 361 2745 434 Ἑλληνισμὸς,
2793 359 2902 414 ἀπὸ
2946 357 3052 411 τῶν
3087 355 3293 427 χρόνων
3339 353 3432 408 τοῦ
3463 354 3667 425 Σεροὺκ

2087 457 2474 529 ἐναρξάμενος.
2489 455 2578 508 διά
2591 471 2673 506 τοι
2688 452 2789 524 τῆς
2810 450 3092 505 είδωλολατ
3101 449 3270 522 ρείας,
3291 449 3387 502 καὶ
3401 449 3476 512 ὼς
3496 450 3670 504 ἐστοί-

2086 564 2213 617 χουν
2241 545 2302 598 τὸ
2323 543 2622 614 τηνικαῦτα
2642 542 2873 602 ἕκαστος
2901 539 3043 594 κατά
3066 555 3190 593 τινα
3221 537 3669 609 δεισιδαιμονίαν,

2088 638 2182 690 ἐπὶ
2200 636 2261 689 τὸ
2283 634 2482 706 μᾶλλον
2501 630 2941 702 πολιτικώτερον,
2957 630 3052 684 καὶ
3073 628 3167 682 ἐπὶ
3186 628 3283 700 ἑθη
3300 628 3396 682 καὶ
3411 627 3672 699 θεσμούς.

2089 728 2338 783 Εἰδώλων
2363 726 2542 797 μέντοι
2564 742 2627 794 γε
2649 721 2992 796 ἐναρξάμενα
3024 719 3313 776 τάττεσθαι
3347 719 3418 773 τὰ
3439 719 3549 773 τῶν
3577 721 3676 797 ἀν-

2091 821 2322 894 θρώπων
2356 793 2511 888 γένη,
2540 812 2622 880 οἷς
2651 793 2770 870 τότε
2799 793 3187 887 στοιχὴσαντες
3215 811 3550 876 έθεοποίουν,
3584 793 3678 866 δῘά

2095 913 2193 982 μὲν
2223 912 2528 983 χρωμάτων
2551 909 2942 979 διαγράφοντες
2969 906 3067 977 τὴν
3093 905 3289 977 ἀρχὴν,
3318 905 3415 957 καὶ
3443 904 3678 957 ἀπεικό-

2091 1004 2328 1070 νίζοντες
2357 1005 2481 1066 τοὺς
2509 1003 2678 1056 πάλαι
2707 1002 2835 1073 παρ’
2862 1000 3045 1063 αὐτοῖς
3069 996 3488 1068 τετιμημένους,
3515 996 3549 1066 ἢ
3576 1012 3679 1049 τυ-

2095 1099 2342 1172 ράννους.
2381 1096 2414 1167 ἦ
2445 1095 2666 1167 γόητας,
2699 1094 2732 1165 ἢ
2758 1092 2912 1156 τινάς
2935 1109 2990 1145 τι
3019 1091 3326 1163 δράσαντας
3355 1091 3414 1142 ὲν
3443 1088 3523 1160 τῷ
3552 1088 3677 1160 βίῳ,

2097 1193 2314 1262 μνήμης
2351 1206 2403 1240 τι
2429 1186 2621 1240 δοκοῦν
2662 1185 2844 1250 ἄξιον,
2884 1183 2952 1236 δι’
2981 1182 3153 1253 ἀλκῆς
3191 1199 3283 1246 τε,
3331 1179 3365 1252 ἢ
3403 1179 3680 1250 σωμάτων

2093 1280 2415 1354 εύρωστίας,
2445 1277 2637 1332 ἔπειτα
2663 1276 2720 1330 δὲ
2750 1274 2859 1328 ἀπὸ
2882 1273 2990 1326 τῶν
3021 1272 3226 1343 χρόνων
3254 1270 3348 1324 τοῦ
3364 1270 3558 1341 stippa
3579 1268 3677 1323 τοῦ

2095 1372 2298 1444 πατρὸς
2337 1369 2588 1441 Ἀϐραὰμ
2619 1367 2713 1421 καὶ
2747 1366 2815 1420 δι’
2849 1363 3180 1435 ἀγαλμάτων
3204 1362 3302 1433 τὴν
3338 1360 3551 1433 πλάνην
3576 1361 3680 1431 τῆς

2095 1460 2536 1531 εἰδωλολατρείας
2578 1457 3023 1529 εἰσηγησάμενοι,
3057 1454 3184 1516 τοὺς
3215 1453 3425 1506 ἑαυτῶν
3465 1451 3682 1523 προπά-

2094 1570 2259 1624 τορας
2303 1553 2370 1606 δι’
2405 1548 2810 1619 ἀπεικονισμῶν
2851 1545 3226 1618 τετιμηκότες,
3267 1545 3362 1597 καὶ
3393 1544 3524 1608 τοὺς
3571 1544 3682 1615 πρὸ

2096 1643 2274 1697 αὐτῶν
2303 1640 2758 1712 τετελευτηκότας
2785 1636 3201 1708 τεχνησάμενοι,
3236 1635 3300 1687 ὲκ
3333 1634 3682 1705 κεραμεικῆς

408 1739 523 1783 tum
571 1728 636 1782 ad
679 1742 872 1780 omnes
913 1732 1058 1778 artes
1110 1722 1358 1777 imitandi
1404 1719 1648 1791 pervenit
1692 1717 1986 1773 industria.

2107 1732 2403 1802 επιστήμης
2425 1731 2484 1783 τὸ
2515 1728 2749 1800 πρῶτον,
2778 1727 2968 1779 ἔπειτα
2999 1723 3236 1794 ἑκάστης
3263 1722 3462 1793 τέχνης
3501 1737 3682 1792 μιμη-

407 1820 543 1874 Nam
613 1830 665 1874 et
711 1817 995 1870 architecti
1044 1815 1208 1869 sectis
1257 1812 1548 1883 lapidibus,
1598 1808 1891 1881 argentarii
1938 1815 1992 1862 et

410 1912 665 1965 aui-ilices
692 1950 706 1974 ,
764 1924 864 1963 nec
907 1922 1016 1961 non
1053 1905 1194 1961 labri
1243 1920 1340 1959 sua
1386 1903 1589 1974 quique
1635 1901 1884 1960 materia,
1929 1913 1993 1952 ac

410 2006 606 2074 reliqui
647 2004 905 2072 deinceps
931 2002 1133 2070 elligies
1167 1998 1337 2054 moliti
1369 2007 1520 2054 sunt.
1556 1995 1719 2050 Primi
1751 1991 1990 2048 omnium

411 2103 650 2174 Algyptii
693 2118 756 2155 ac
786 2099 1102 2170 Babylonii,
1157 2113 1256 2152 nec
1290 2112 1398 2150 non
1459 2093 1702 2163 Phryges
1747 2105 1812 2144 ac
1839 2087 1993 2172 Ριιωο

411 2196 564 2250 nices
639 2192 1006 2264 superstitiosi
1076 2191 1279 2253 cultus,
1336 2197 1391 2242 et
1451 2169 1875 2242 simulacrorum
1929 2195 1993 2234 ac

411 2287 791 2358 mysteriorum
835 2293 1088 2338 auctores
1127 2281 1472 2338 exstiterunt.
1500 2281 1543 2332 Α
1579 2278 1779 2348 quibus
1823 2275 1995 2346 plera-

411 2396 518 2449 que
561 2386 688 2432 sunt
726 2379 794 2431 ad
832 2375 1052 2431 Graecos
1097 2375 1361 2428 translata
1393 2389 1411 2426 :
1438 2372 1550 2441 jam
1585 2378 1700 2424 tum
1735 2368 1804 2422 ab
1833 2374 1992 2422 aetate

412 2458 694 2540 Cecropis,
731 2479 785 2525 et
837 2469 1112 2537 deinceps.
1159 2467 1356 2522 Postea
1401 2479 1531 2520 vero
1575 2466 1738 2532 longe
1773 2461 1991 2516 demum

414 2561 699 2616 intervallo
728 2557 1047 2620 Saturnum,
1080 2556 1310 2619 Rheam,
1334 2552 1542 2618 Jovem,
1569 2552 1897 2622 Apollinem,
1929 2563 1994 2604 ac

416 2653 654 2720 reliquos
693 2650 823 2704 deos
852 2648 1129 2703 celebrare
1155 2651 1438 2716 coeperunt

485 2744 658 2799 Graeci
674 2758 869 2798 nomen
890 2741 958 2795 ab
972 2739 1193 2795 Hellene
1213 2737 1449 2808 quodam
1467 2733 1644 2814 sortiti
1662 2741 1808 2795 sunt,
1823 2733 1914 2803 qui
1937 2733 1993 2787 in

417 2828 625 2884 Graecia
651 2827 914 2898 degensei
945 2826 1154 2894 regioni
1172 2823 1588 2896 appellationem
1616 2822 1832 2876 indidit.
1855 2819 1995 2874 Sunt

418 2923 510 2992 qui
539 2923 607 2976 ab
634 2921 786 2983 eltua,
815 2919 920 2974 hoc
951 2927 1036 2974 est
1067 2919 1228 2985 oliva,
1262 2930 1384 2986 quae
1419 2914 1648 2968 Athenis
1668 2920 1857 2968 exorta
1886 2919 1991 2977 est,

420 3020 764 3082 nuncupatos
808 3026 930 3066 esse
973 3010 1159 3064 velint.
1192 3007 1366 3076 Hujus
1396 3005 1615 3076 generis
1650 3011 1904 3058 auctores
1931 3019 1996 3057 ac

419 3103 730 3158 conditores
757 3100 912 3156 Iones
938 3101 1158 3155 fuerunt
1176 3119 1188 3154 :
1209 3105 1270 3153 ut
1291 3114 1357 3154 ex
1396 3097 1738 3152 accuratiore
1773 3093 1998 3150 historia

421 3189 1033 3264 constat,quiabJavan
1062 3189 1296 3260 quodam
1327 3189 1579 3259 appellati
1614 3194 1766 3248 sunt,
1797 3200 1906 3239 uno
1935 3200 2002 3238 ex

422 3287 508 3350 iis,
541 3288 632 3356 qui
657 3285 850 3339 turrim
869 3289 1284 3348 exstruxerunt,
1303 3280 1524 3351 quando
1546 3279 1744 3348 linguae
1757 3273 2001 3331 omnium

422 3378 612 3432 divisa:
642 3384 790 3431 sunt.
823 3374 994 3440 Quam
1021 3374 1090 3427 ob
1107 3387 1330 3427 causam
1351 3369 1598 3439 Meropes
1617 3384 1807 3423 omnes
1827 3367 2003 3421 vocati

423 3479 553 3526 sunt
576 3469 645 3522 ab
669 3467 937 3521 divisione
960 3467 1288 3535 linguarum.
1304 3461 1499 3518 Postea
1535 3475 1663 3514 vero
1688 3457 2006 3514 recentiori~

424 3561 528 3614 bus
552 3557 890 3628 temporibus
916 3555 1102 3610 Graeca
1129 3553 1444 3623 superstitio
1469 3560 1647 3608 certas
1675 3551 1729 3605 in
1749 3551 1981 3605 haereses

427 3665 492 3703 ac
519 3656 698 3702 sectas
730 3645 910 3715 abiit;
944 3653 1132 3715 utputa
1163 3643 1647 3714 Pythagoreorum,
1672 3640 2004 3704 Stoicorum,

427 3738 874 3800 Platonicorum,
921 3734 1347 3805 Epicureorum,
1405 3739 1510 3788 etc.
1571 3730 1772 3786 Eodem
1841 3743 2007 3799 porro

429 3837 673 3898 tempore
730 3826 951 3898 propria
993 3824 1165 3880 forma
1215 3840 1278 3880 ac
1319 3832 1446 3879 nota
1503 3838 1641 3878 verae
1687 3821 1904 3892 pietatis
1953 3827 2008 3876 et

429 3920 708 3992 religionis
746 3918 977 3980 exstitit,
1023 3931 1129 3970 una
1159 3932 1283 3972 cum
1338 3918 1454 3986 lege
1489 3924 1731 3975 naturae;
1775 3928 1897 3983 qua:
1939 3911 2010 3965 ab

429 4016 639 4086 origine
695 4012 882 4067 mundi
940 4025 1063 4064 sese
1107 4009 1175 4063 ab
1225 4009 1334 4063 illis
1383 4007 1696 4061 nationibus
1747 4012 2008 4075 perpetuo

430 4107 753 4178 segregavit,
795 4103 862 4158 ad
900 4103 1040 4156 hanc
1077 4115 1250 4168 usque
1289 4100 1456 4162 diem,
1503 4099 1643 4154 inter
1690 4096 2006 4159 Barbaram,

432 4197 745 4269 Scythicam
791 4193 1146 4260 Graecamque
1209 4187 1654 4258 superstitionem
1697 4184 2006 4254 interiecta,

433 4290 607 4344 donec
660 4301 785 4340 cum
840 4283 1098 4338 Abraami
1160 4282 1358 4351 pietate
1407 4278 1628 4333 coaluit.
1681 4274 1820 4328 Tum
1882 4289 2010 4329 vero

2096 1823 2360 1894 σαμένης,
2388 1821 2658 1892 οἰκοδόμοι
2693 1820 2789 1890 μὲν
2817 1818 2962 1872 λίθον
2995 1817 3269 1883 ξέσαντες,
3297 1814 3682 1886 άργυροκόποι

2092 1915 2169 1976 δὲ,
2205 1915 2298 1968 καὶ
2333 1912 2619 1985 χρυσοχόοι
2657 1911 2746 1964 διὰ
2794 1910 2892 1979 τῆς
2937 1908 3069 1970 ἰδίας
3110 1906 3239 1978 ύλης
3267 1905 3679 1976 τεκτονάμενοι,

2094 2006 2236 2060 οὕτω
2254 2005 2348 2058 καὶ
2366 2004 2638 2064 τέκτονες,
2663 2000 2758 2053 καὶ
2777 2001 2827 2052 οἱ
2843 1997 3100 2068 καθεξῆς.
3134 1995 3421 2064 Αἰγύπτιοι
3441 1995 3498 2048 δὲ
3518 1994 3682 2065 ὁμοῦ,

2095 2097 2189 2149 καὶ
2233 2090 2585 2154 Βαϐυλώνιοι,
2636 2088 2730 2141 καὶ
2764 2085 2996 2156 Φρύγες,
3043 2084 3137 2137 καὶ
3159 2083 3404 2144 Φοίνικες
3443 2079 3684 2151 ταυτησὶ

2096 2188 2194 2256 τῆς
2224 2184 2520 2256 θρησκείας
2545 2180 2747 2252 πρῶτοι
2776 2175 3064 2249 εἰσηγηταὶ
3093 2174 3400 2243 γεγόνασιν,
3427 2171 3682 2242 ἀγαλμα-

2094 2279 2338 2340 τοποιίας
2366 2293 2424 2329 τε
2473 2275 2566 2327 καὶ
2610 2269 2922 2344 μυστηρίων
2945 2285 2959 2299 ⁸
3011 2268 3104 2338 ἀφ’
3129 2259 3203 2320 ὧν
3237 2265 3304 2319 τὰ
3336 2264 3568 2317 πλεῖστα
3603 2263 3684 2324 εἰς

2099 2368 2364 2438 Ἕλληνας
2391 2362 2695 2436 μετηνέχθη
2725 2359 2834 2414 ἀπὸ
2858 2358 2958 2430 τῆς
2985 2357 3269 2429 Κέκροπος
3311 2354 3553 2425 ἡλικίας,
3593 2352 3688 2404 καὶ

2097 2457 2333 2530 καθεξῆς
2357 2476 2369 2489 ο
2418 2456 2715 2528 μετέπειτα
2743 2454 2800 2508 δὲ
2832 2451 2928 2505 καὶ
2966 2449 3178 2520 ὑστέρῳ
3215 2445 3350 2499 πολὺ
3395 2445 3524 2507 τοὺς
3554 2443 3688 2513 περὶ

2095 2555 2303 2624 Κρόνον
2322 2553 2417 2604 καὶ
2459 2549 2637 2612 Ῥέαν,
2672 2548 2772 2601 Δία
2798 2563 2857 2598 τε
2889 2545 2986 2599 καὶ
3028 2539 3358 2602 Ἀπόλλωνα,
3427 2535 3524 2590 καὶ
3551 2534 3690 2588 καθ-

2097 2647 2226 2716 εξῆς
2251 2645 2403 2708 θεοὺς
2423 2640 2905 2712 ἀναγορεύσαντες.

2170 2737 2429 2807 ’Έλληνες
2459 2734 2516 2787 δὲ
2546 2717 2839 2802 κέκληνται
2883 2729 2992 2782 ἀπὸ
3018 2723 3278 2797 ’Έλληνός
3315 2737 3462 2783 τινος
3489 2718 3691 2790 ἀνδρὸς

2097 2829 2205 2884 τῶν
2227 2830 2283 2882 ὲν
2315 2829 2384 2897 τῇ
2409 2823 2618 2878 Ἐλλάδι
2643 2819 3074 2891 κατῳκηκότων
3105 2816 3180 2879 ὼς
3207 2815 3263 2868 δὲ
3289 2811 3470 2884 ἕτεροί
3497 2827 3692 2880 φασιν,

2098 2920 2205 2974 ἀπὸ
2228 2918 2328 2990 τῆς
2353 2914 2540 2976 ὲλαίας
2559 2912 2659 2983 τῆς
2691 2912 2749 2964 ὲν
2782 2909 3032 2980 Ἀθήναις
3061 2906 3459 2978 βλαστησάσης.
3499 2904 3693 2964 Ἴωνες

2099 3009 2158 3063 δὲ
2199 3007 2405 3061 τούτων
2437 3002 2672 3076 ἀρχηγοὶ
2718 3000 3023 3070 γεγόνασιν,
3071 2996 3146 3060 ὡς
3191 2995 3302 3066 ἔχει
3341 2996 3374 3064 ἡ
3409 2991 3693 3065 ἀκρίϐεια,

2102 3101 2210 3154 ἀπὸ
2235 3097 2328 3152 τοῦ
2366 3097 2585 3160 Ἰουνᾶν,
2619 3093 2736 3157 ἑνὸς
2761 3090 2953 3163 ἀνδρὸς
2983 3088 3091 3142 τῶν
3119 3087 3209 3140 τὸν
3244 3085 3450 3155 πύργον
3481 3083 3696 3136 οἰκοδο·

2107 3192 2417 3262 μησάντων,
2431 3189 2522 3241 ὅτε
2543 3187 2599 3239 αἱ
2619 3185 2862 3254 γλῶσσαι
2881 3178 3298 3252 διεμερίσθησαν
3321 3175 3428 3229 τῶν
3443 3174 3693 3228 πάντων.

2104 3289 2180 3339 Δι’
2206 3285 2273 3356 ἢν
2303 3282 2482 3336 αἰτίαν
2512 3280 2608 3334 καὶ
2622 3277 2877 3345 Μέροπες
2908 3274 3110 3336 πάντες
3139 3269 3450 3338 κέκληνται,
3480 3267 3575 3320 διὰ
3597 3267 3697 3336 τὴν

2109 3373 2518 3449 μεμερισμένην
2551 3374 2755 3441 φωνήν.
2799 3369 3062 3438 Ὕστερον
3090 3363 3145 3416 δὲ
3168 3364 3197 3416 ό
3233 3358 3595 3431 Ἑλληνισμὸς
3618 3359 3698 3419 είς

2106 3465 2344 3537 αἱρέσεις
2377 3461 2610 3525 κατέστη
2639 3457 2936 3529 κατωτέρω
2960 3455 3037 3526 τῷ
3065 3454 3242 3525 χρόνῳ
3267 3468 3281 3481 ο
3315 3451 3462 3520 φημὶ⁹
3486 3449 3542 3502 δὲ
3584 3449 3698 3500 [Iu-

2108 3555 2428 3627 θαγορείων,
2458 3549 2849 3616 καΥΣτωῖκῶν,
2875 3549 2966 3602 καὶ
2989 3542 3371 3606 Πλατωνικῶν,
3403 3540 3501 3594 καὶ
3536 3540 3697 3591 Ἐπι-

2107 3645 2392 3718 κουρείων,
2405 3643 2501 3698 καὶ
2509 3641 2733 3696 λοιπῶν.
2747 3637 3065 3698 Θεοσεϐείας
3075 3633 3130 3687 δὲ
3142 3632 3427 3706 χαρακτὴρ
3443 3629 3560 3700 ύπῆ
3569 3646 3699 3700 ρχεν

2110 3742 2227 3812 ἅμα
2255 3739 2349 3792 καὶ
2378 3738 2406 3789 ὁ
2442 3736 2579 3808 μετὰ
2601 3734 2762 3804 φύσιν
2790 3732 2972 3801 νόμος,
2997 3725 3409 3796 πολιτευόμενος
3432 3721 3542 3775 ἀπὸ
3575 3719 3698 3774 τού-

2107 3849 2216 3887 των
2245 3831 2354 3885 τῶν
2377 3828 2571 3893 ἐθνῶν,
2598 3825 2787 3879 ἑαυτὸν
2813 3819 3087 3893 ἀφορίζων
3115 3819 3223 3874 ἀπὸ
3242 3817 3340 3889 τῆς
3366 3814 3458 3868 τοῦ
3482 3814 3696 3885 κόσμου

2110 3921 2415 3992 καταϐολῆς
2448 3919 2543 3972 καλ⁵
2569 3915 2748 3987 δεῦρο,
2783 3913 2944 3984 μέσος
2975 3910 3257 3982 τυγχάνων
3287 3903 3698 3978 βαρϐαρισμοῦ,

2111 4008 2568 4080 καὶΣκυθισμοῦ,
2602 4007 2696 4061 καὶ
2735 4001 3110 4074 Ἑλληνισμοῦ,
3160 4001 3264 4062 ἓως
3291 3999 3414 4052 ὅτου
3443 3993 3700 4066 συνήφθη

2111 4110 2178 4178 τῇ
2225 4105 2478 4176 Ἀϐραὰμ
2502 4099 2802 4168 θεοσεϐείᾳ.
2850 4098 2958 4150 Καὶ
2993 4094 3286 4165 μετέπειτα
3334 4087 3699 4158 Ἰουδαϊσμὸς,

2112 4177 2220 4250 dies
2260 4194 2369 4248 τῶν
2411 4193 2620 4264 χρόνων
2666 4187 2918 4260 Ἀϐραὰμ
2957 4187 3048 4240 τὸν
3091 4183 3414 4256 χαρακτῆρα
3455 4177 3701 4250 εἰληφὼς

2115 4291 2208 4342 καὶ
2253 4289 2310 4340 ὲν
2349 4287 2555 4356 Μωῦσῇ
2593 4283 2806 4353 ἑϐδόμῳ
2845 4279 2954 4336 ἀπὸ
2985 4278 3254 4350 Ἀϐραὰμ,
3290 4275 3378 4328 διὰ
3411 4272 3504 4326 τοῦ
3545 4272 3700 4342 αύτῷ

432 4381 750 4436 Judaismus
783 4377 851 4432 ab
887 4373 1182 4430 Abrahami
1220 4371 1557 4442 temporibus
1591 4368 1869 4440 propriam
1909 4365 2000 4420 for-

2114 4379 2357 4441 δοθέντος
2384 4377 2548 4447 νόμου
2576 4375 2680 4428 ὑπὸ
2707 4373 2802 4427 τοῦ
2819 4371 2954 4426 Θεοῦ
2981 4369 3322 4430 πλατυνθείς.
3363 4365 3495 4420 Ἀπὸ
3516 4365 3577 4419 δὲ
3605 4364 3698 4418 τοῦ

437 4487 580 4524 mani
616 4467 846 4537 adeptus
867 4504 894 4530 ,.
915 4480 979 4520 ac
1009 4480 1103 4534 per
1133 4462 1352 4534 Moysen
1394 4462 1462 4516 ab
1493 4460 1807 4515 Abrahamo
1847 4457 2016 4528 septi-

439 4577 608 4627 mum,
637 4575 702 4615 ac
733 4559 904 4629 legem
934 4572 964 4610 a
999 4555 1108 4610 Deo
1143 4554 1401 4609 traditam
1435 4550 1834 4622 amplificatus,
1865 4558 1919 4604 et
1946 4548 2016 4603 ab

437 4651 574 4707 Juda
613 4647 1034 4720 quarto'Jacobi
1081 4647 1210 4709 lilio,
1253 4643 1349 4713 qui
1394 4649 1449 4697 et
1492 4639 1656 4696 Israel
1700 4641 2016 4695 nominatus

440 4753 545 4804 est,
575 4756 670 4812 per
700 4740 953 4794 Davidem
978 4779 993 4805 ,
1019 4737 1112 4807 qui
1145 4736 1354 4806 primus
1382 4748 1414 4787 e
1445 4731 1590 4786 tribu
1613 4729 1752 4785 Juda
1789 4745 2015 4800 regnum

441 4841 728 4889 assecutus
763 4839 866 4895 est,
901 4829 1202 4900 perlectum
1227 4823 1498 4880 Judaismi
1531 4837 1726 4876 nomen
1755 4821 2015 4877 obtinuit.

444 4924 736 4996 Perspicue
777 4922 922 4978 enim
956 4920 1252 4991 Apostolus
1286 4917 1353 4972 de
1390 4924 1627 4986 quatuor
1657 4913 1765 4967 illis
1797 4912 2020 4966 haeresi-

443 5016 546 5071 bus
579 5013 890 5068 summatim
929 5011 1156 5080 loquens
1187 5009 1292 5064 ista
1322 5008 1460 5061 dixit
1495 5025 1507 5060 :
1541 5002 1606 5058 In
1635 5001 1846 5057 Christo
1877 5003 2016 5054 enim

440 5106 570 5160 Jesu
602 5121 761 5170 neque
791 5103 1062 5157 Barbarus
1089 5143 1103 5167 ,
1133 5117 1292 5171 neque
1320 5099 1516 5170 Scytha
1537 5137 1550 5162 ,
1579 5112 1737 5166 neque
1764 5093 1979 5148 σταται
1999 5133 2016 5156 ,

445 5213 605 5268 neque
627 5195 871 5261 Judwus,
906 5194 995 5249 sed
1018 5211 1150 5247 nova
1179 5202 1422 5247 creatura
1448 5193 1488 5242 ¹.
1523 5187 1832 5244 Graecorum
1857 5199 2020 5256 porro

444 5289 547 5345 ista
583 5297 708 5341 sunt
732 5286 1071 5342 discrimina.

515 5378 859 5451 Pythagorei,
894 5376 1009 5437 sive
1041 5373 1385 5445 Peripatetici
1431 5371 1714 5427 monadcm
1754 5379 1808 5425 et
1847 5370 2022 5439 provi-

447 5469 686 5526 dentiam
732 5475 1120 5532 asseruerunt;
1155 5464 1261 5519 diis
1301 5463 1392 5533 qui
1433 5463 1595 5533 vulgo
1633 5461 1903 5516 habentur
1935 5473 2023 5512 sa-

447 5563 728 5626 eriticare,
779 5558 1034 5615 animatis
1085 5555 1265 5621 vesci,
1316 5569 1379 5608 ac
1436 5554 1560 5609 vino
1613 5554 1690 5608 uti
1742 5548 2022 5622 prohibuit

524 5681 538 5710 ⁸
573 5679 779 5734 Coloss.
818 5690 913 5742 ut;
948 5671 987 5728 Il
1015 5673 1140 5727 Cor.
1169 5687 1218 5737 v,
1259 5670 1346 5723 t7.

2129 4470 2296 4524 Ἰούδα
2329 4467 2590 4538 τετάρτου
2628 4465 2744 4519 υἱοῦ
2778 4463 2872 4518 τοῦ
2914 4460 3130 4525 Ἰακὼϐ,
3170 4459 3263 4514 τοῦ
3310 4456 3700 4527 ἐπικληθέντος

2129 4559 2366 4633 Ἰσραὴλ,
2397 4558 2482 4611 διὰ
2503 4555 2668 4609 Δαϐὶδ
2686 4555 2777 4609 τοῦ
2796 4552 3010 4625 πρώτου
3038 4549 3452 4622 βασιλεύσαντος
3468 4546 3582 4599 ἀπὸ
3601 4547 3701 4616 τῆς

2115 4653 2207 4706 τοῦ
2247 4649 2410 4705 αὑτοῦ
2450 4647 2618 4702 ’ἰούδα
2659 4646 2862 4717 φυλῆς,
2907 4644 2968 4698 τὸ
2993 4641 3194 4696 τέλειον
3235 4639 3328 4693 τοῦ
3365 4636 3700 4707 Ἰουδαῖσμοῦ

2116 4742 2286 4812 δνομα
2326 4737 2765 4810 κεκληρωμένος.
2819 4732 3012 4804 Σαφῶς
3059 4731 3164 4804 γὰρ
3196 4731 3323 4801 περ)⁴
3359 4727 3564 4781 τούτων
3591 4725 3702 4779 τῶν

2117 4834 2397 4904 τεσσάρων
2426 4829 2689 4903 αἱρέσεων
2714 4829 2742 4881 ό
2769 4823 3087 4888 Ἀπόστολος
3109 4820 3382 4892 ἐπιτεμὼν
3417 4817 3520 4888 ἔφη
3540 4833 3555 4848 ⁸
3599 4818 3704 4871 Ἐν

2120 4927 2230 4998 Ἴτ”ρ
2257 4921 2486 4993 Χριστῷ
2521 4920 2715 4989 Ἰησοῦ
2743 4921 2814 4974 οὐ
2846 4916 3168 4987 Βάρϐαρος,
3198 4915 3270 4968 οὑ
3302 4911 3560 4977 Σκύθης,
3585 4909 3702 4976 οὐχ

2122 5019 2380 5083 “Elqu,
2405 5016 2516 5068 οὐκ
2551 5010 2848 5076 Ἰουδαῖος,
2879 5007 3040 5062 ἀλλὰ
3067 5004 3243 5074 καινὴ
3270 5003 3486 5067 κτίσις.
3512 4999 3702 5068 Ἐλλή-

2121 5125 2226 5162 νων
2252 5104 2525 5177 διαφοραί.

2195 5359 2572 5431 Πυθαγόρειοι,
2629 5357 2804 5410 εἵτουν
2867 5351 3326 5425 Περιπατητικοί*
3379 5349 3468 5403 τὸν
3496 5346 3702 5420 μονάδα

2125 5456 2218 5509 καὶ
2243 5452 2516 5525 πρόνοιαν,
2542 5453 2634 5503 καὶ
2653 5450 2710 5502 τὸ
2733 5447 2963 5501 κωλύειν
2989 5445 3207 5498 θύεσθαι
3226 5447 3335 5507 τοῖς
3353 5443 3512 5512 δῆθεν
3533 5440 3698 5501 θεοῖς,

2126 5544 2445 5613 Πυθαγόρας
2477 5541 2845 5611 ἐδογμάτισεν,
2872 5538 3126 5610 ὲμύύχων
3146 5554 3202 5587 τε
3239 5535 3313 5605 μὴ
3342 5531 3703 5604 μεταλαμϐἅοο
