3980 6078
148 128 237 189 hi9
904 133 1260 194 EPIPHANII
1284 131 1733 197 RESCRIPTUM
1768 139 1862 199 AD
1884 141 2195 201 ACACIUM
2238 143 2328 200 ET
2359 142 2672 201 PAULUM.

3308 146 3411 203 ΠΟ

143 265 261 312 van,
289 244 399 300 ἀπὸ
421 244 565 299 οἴνου
589 243 651 299 δὲ
679 244 1134 319 ἐγκρατεύεσθαι.
1171 246 1402 321 Διώριξε
1429 220 1488 304 at
1517 249 1637 323 ἅμα
1655 250 1719 305 τὰ

1828 251 2187 327 Pythagoras.
2221 255 2368 312 Ideni
2399 271 2523 327 quae
2553 254 2625 311 ab
2658 254 2787 310 luna
2824 268 3044 314 sursum
3067 262 3290 327 patent,
3320 260 3417 316 im-

145 339 237 394 ἁπὸ
266 336 522 409 σελήνης,
545 337 641 392 καὶ
663 337 734 391 τὰ
758 337 874 394 ἄνω
901 339 1148 395 ἀθάνατα
1174 339 1375 410 λέγων,
1402 340 1473 396 τὰ
1497 341 1555 396 δὲ
1591 343 1725 397 ὑπο-

145 432 279 486 κάτω
318 427 510 499 θνητὰ,
562 429 976 500 μεταγγισμούς
1017 447 1078 484 τε
1106 429 1295 502 ψυχῶν
1320 430 1429 485 ἀπὸ
1457 433 1725 503 σωμάτων

146 526 208 586 είς
230 520 479 591 σώματα,
501 519 632 591 ἄχρι
657 518 813 584 ζώων
837 520 936 575 καὶ
955 521 1262 576 κνωδάλων.
1291 522 1508 594 Σιωπὴν
1529 523 1586 578 δὲ
1607 525 1725 594 ἅμα

146 615 315 668 ἀσκεῖν
337 612 434 665 ἐπὶ
457 611 650 683 χρόνον
673 610 837 666 πέντε
854 612 993 667 ἑτῶν
1022 613 1289 668 ἐδίδασκε.
1318 614 1392 669 Τὸ
1417 615 1724 669 τελευταῖον

144 704 187 757 δὲ
208 703 400 757 ἑαυτὸν
425 702 547 756 θεὸν
591 700 864 774 ὠνόμασε.

202 795 540 849 Πλατωνικοὶ
568 795 724 862 Θεὸν,
751 796 847 850 καὶ
871 791 1035 859 εἶδος,
1061 796 1154 850 καὶ
1179 796 1273 851 τὸν
1301 784 1505 868 κδσμον
1532 814 1723 869 γεννη-

144 889 218 942 τὸν
245 888 339 942 καὶ
368 885 613 960 φθαρτὸν
648 888 939 965 ὑπάρχειν,
965 889 1065 960 τὴν
1098 888 1278 963 ψυχὴν
1315 890 1372 944 δὲ
1404 890 1720 961 ἀγέννητον,

146 980 222 1034 καὶ
249 979 541 1045 ἀθάνατον,
582 981 676 1035 καὶ
717 980 886 1035 θείαν.
923 977 1076 1036 Εἶναι
1101 982 1161 1036 δὲ
1203 982 1375 1053 αὐτῆς
1398 983 1526 1055 τρία
1557 983 1720 1055 μέρη,

145 1070 373 1140 λογικὸν,
412 1070 677 1143 θυμικὸν,
720 1071 1141 1145 ἐπιθυμητικόν.
1195 1074 1309 1138 Τὰς
1355 1074 1412 1128 δὲ
1457 1078 1723 1144 γυναῖκας

145 1164 311 1228 κοινὰς
340 1167 456 1228 τοῖς
478 1165 614 1218 πᾶσι
649 1164 920 1233 γίνεσθαι,
946 1165 1041 1218 καὶ
1071 1166 1277 1237 μηδένα
1298 1167 1426 1236 μίαν
1451 1166 1597 1238 ἔχειν
1626 1184 1724 1236 γα-

146 1259 297 1328 μετὴν
340 1256 500 1321 ίδίαν,
540 1255 678 1310 ἀλλὰ
727 1257 856 1321 τοὺς
895 1250 1153 1322 θέλοντας
1198 1260 1320 1323 ταῖς
1368 1258 1723 1330 βουλομέναις

146 1351 385 1403 συνεῖναι.
435 1347 830 1419 Μεταγγισμὸν
875 1348 933 1401 δὲ
966 1348 1232 1414 ὡσαύτως
1271 1348 1461 1421 ψυχῶν
1505 1350 1585 1414 είς
1618 1348 1722 1402 σώ-

145 1456 278 1512 ματα
304 1439 563 1512 διάφορα,
603 1440 732 1513 ἄχρι
764 1438 1071 1495 κνωδάλων.
1139 1439 1308 1512 Ὁμοῦ
1336 1440 1394 1495 δὲ
1436 1440 1532 1496 καὶ
1565 1440 1722 1506 θεοὺς

144 1534 198 1587 ιι
215 1532 308 1588 τοῦ
327 1533 449 1598 ἐνὸς
471 1532 702 1598 πολλοὺς
725 1531 1071 1605 ἐδογμάτισε.

198 1814 426 1878 Στωϊκοὶ
460 1823 623 1896 σῶμα
660 1810 724 1877 τὸ
748 1824 857 1877 πᾶν
890 1822 1332 1894 δογματίζοντες,
1368 1821 1462 1877 καὶ
1503 1820 1594 1876 τὸν
1633 1820 1719 1877 αὶ-

143 1912 323 1984 σθητὸν
338 1914 531 1971 τοῦτον
548 1913 755 1985 κόσμον
769 1913 905 1967 Θεὸν
922 1911 1254 1983 νομίζοντες.
1277 1910 1434 1975 Τινὲς
1450 1909 1508 1963 δὲ
1534 1911 1600 1963 ὲκ
1619 1910 1719 1982 τῆς

142 2004 221 2058 τοῦ
245 2006 421 2078 πυρὸς
446 2005 638 2069 οὐσίας
658 2003 759 2076 τὴν
792 2004 954 2074 φύσιν
982 2002 1128 2075 ἔχειν
1151 2002 1315 2057 αὐτὸν
1345 2002 1714 2075 ἀπεφήναντο.

143 2096 235 2149 Καὶ
262 2096 352 2150 τὸν
378 2096 480 2167 μὲν
496 2095 630 2149 Θεὸν
651 2094 778 2149 νοῦν
791 2095 1057 2167 ὁρίζουσι,
1087 2094 1184 2147 καὶ
1205 2093 1284 2157 ὡς
1308 2092 1487 2165 ψυχὴν
1519 2092 1720 2157 παντὸς

142 2186 221 2240 τοῦ
244 2188 401 2252 ὄντος
428 2187 652 2255 κύτους,
694 2185 928 2259 ούρανοῦ
954 2187 1052 2240 καὶ
1079 2185 1185 2256 γῆς
1205 2202 1220 2217 ·
1260 2185 1421 2256 σῶμα
1461 2185 1520 2239 δὲ
1551 2183 1718 2240 αὑτοῦ

142 2278 192 2331 τὸ
220 2282 346 2345 πᾶν,
384 2280 467 2343 ὡς
502 2278 670 2351 ἔφην,
728 2279 824 2333 καὶ
862 2278 1176 2349 ὀφθαλμοὺς
1220 2278 1350 2343 τοὺς
1401 2278 1715 2350 φωστῆρας.

144 2370 237 2442 Τὴν
249 2372 308 2425 δὲ
330 2372 512 2444 σάρκα
531 2370 751 2425 πάντων
771 2370 1128 2433 ἀπόλλυσθαι,
1152 2370 1247 2424 καὶ
1266 2369 1364 2441 τὴν
1383 2369 1559 2442 ψυχὴν
1583 2370 1721 2424 πάν-

142 2477 233 2516 των
261 2462 696 2535 μεταγγίζεσθαι
722 2462 831 2517 ἀπὸ
858 2461 1110 2534 σώματος
1135 2463 1216 2527 είς
1243 2460 1419 2542 σῶμα.

213 2637 575 2710 Ἐπικούρειοι
604 2639 786 2710 ἄτομα
813 2638 909 2692 καὶ
933 2637 1115 2710 ἀμερῆ
1147 2636 1398 2709 σώματα,
1419 2636 1719 2709 ὁμοιομερῆ

142 2745 191 2781 τε
215 2732 306 2784 καὶ
333 2731 673 2804 ἄπιρλτὴν
701 2730 877 2803 ἀρχὴν
915 2725 1057 2784 εἶναι
1084 2728 1194 2784 τῶν
1233 2728 1451 2784 πάντων
1478 2729 1719 2800 ὑπεστή-

144 2839 306 2888 σαντο,
347 2824 443 2879 καὶ
476 2824 632 2888 τέλος
663 2818 805 2877 εἶναι
843 2821 1197 2894 εὐδαιμονίας
1233 2822 1333 2893 τὴν
1371 2820 1564 2893 ἡδονὴν
1608 2821 1721 2876 ἐδο-

142 2916 418 2984 τμάτισαν,
440 2917 538 2971 καὶ
561 2916 701 2989 μήτε
717 2916 850 2971 Θεὸν
874 2916 1012 2988 μήτε
1035 2913 1300 2989 Πρόνοιαν
1326 2909 1398 2968 τὰ
1421 2914 1721 2987 πράγματα

138 3006 366 3063 διοικεῖν.

197 3098 657 3171 ἲαμαρειτισμὸς,
699 3097 795 3153 καὶ
835 3099 883 3153 οί
923 3099 1018 3153 ἀπ’
1065 3097 1229 3153 αύτοῦ
1273 3098 1636 3169 Σαμαρεῖται,
1690 3096 1719 3149 ὃ

139 3184 270 3242 ἐστιν
305 3190 415 3243 ἀπὸ
449 3188 813 3261 Ἴουδαῖσμοῦ,
836 3189 944 3261 πρὸ
969 3189 1069 3260 μὲν
1086 3187 1181 3243 τοῦ
1203 3186 1542 3259 καταστῆναι
1567 3185 1722 3257 αἱρέ-

141 3295 237 3344 σεις
266 3283 354 3346 είς
382 3281 674 3352 Ἕλληνας,
706 3281 801 3335 καὶ
848 3281 954 3353 πρὸ
984 3281 1079 3335 τοῦ
1115 3280 1384 3352 συστῆναι
1425 3279 1607 3336 αὐτῶν
1648 3279 1721 3343 τὰ

139 3367 369 3442 δὸγματα
391 3388 406 3402 ’
447 3371 586 3443 μετὰ
611 3372 669 3426 δὲ
694 3371 788 3426 τοῦ
812 3368 951 3426 εἶναι
980 3372 1252 3447 Ἐλλήνων
1275 3372 1375 3443 τὴν
1400 3371 1716 3444 θρησκείαν,

137 3464 219 3514 καὶ
256 3462 424 3534 μέσον
467 3462 565 3516 τοῦ
624 3462 963 3535 Ἰουδαϊσμοῦ
1012 3463 1113 3535 τὴν
1153 3463 1427 3535 πρόφασιν
1456 3462 1716 3534 εἰληφὼς,

141 3551 231 3605 ἀπὸ
272 3552 385 3606 τῶν
414 3552 628 3625 χρόνων
661 3551 1138 3625 Ναϐουχοδονόσορ
1178 3553 1273 3608 καὶ
1312 3553 1411 3625 τῆς
1444 3552 1552 3607 τῶν
1585 3553 1717 3607 Ἰου-

137 3642 284 3699 δαίων
308 3645 710 3717 αἰχμαλωσίας.
746 3644 1004 3699 Μέτοικοι
1026 3645 1081 3699 δὲ
1102 3645 1256 3710 ὄντες
1284 3645 1392 3700 ἀπὸ
1419 3644 1717 3718 ’Δσσυρίων

140 3737 206 3799 είς
232 3739 332 3808 τὴν
366 3737 652 3801 Ἰουδαίαν,
683 3737 777 3791 καὶ
810 3735 1069 3800 λαθόντες
1101 3736 1198 3809 τὴν
1229 3737 1599 3807 Πεντάτευχον
1632 3737 1721 3808 μό-

137 3843 223 3896 νην
261 3829 567 3895 Μωῡτέως,
608 3827 702 3882 τοῦ
745 3827 1011 3899 βασιλέως
1065 3828 1252 3892 αὐτοῖς
1300 3826 1721 3891 ἀποστείλαντος

139 3919 233 3971 ἀπὸ
268 3921 594 3986 Βαὸυλῶνος
630 3920 721 3974 διὰ
770 3920 961 3992 ἱερέως
998 3919 1205 3992 Ἐσδρα
1248 3918 1605 3989 καλουμένου,
1651 3918 1721 3973 τὰ

138 4009 299 4065 πάντα
318 4010 543 4083 ἔχοντες
568 4011 707 4063 εἰσιν
731 4010 1023 4075 Ἰουδαίων,
1047 4010 1189 4081 πλὴν
1207 4008 1305 4062 τοῦ
1339 4006 1719 4081 βδελύττεσθαι

137 4101 195 4153 τὰ
218 4104 363 4175 ἔθνη,
414 4104 512 4157 καὶ
564 4104 703 4173 μήτε
746 4102 1081 4174 προσψαύειν
1113 4101 1296 4165 τινῶν,
1331 4102 1427 4155 καὶ
1447 4099 1585 4172 πλὴν
1622 4098 1717 4153 τοῦ

134 4195 407 4264 ἀρνεῖσθαι
445 4193 659 4266 νεκρῶν
697 4194 1015 4261 ἀνάστασιν,
1051 4192 1151 4256 τὰς
1190 4192 1357 4257 ἄλλας
1383 4189 1719 4265 προφητείας

134 4283 221 4347 τὰς
271 4287 415 4358 μετᾶ
456 4284 719 4340 Minucia.
775 4284 1133 4358 Σαμαρειτῶν
1165 4283 1223 4337 δὲ
1274 4282 1404 4356 ἔθνη
1452 4283 1718 4355 τέσσαρα,

1822 348 2110 417 mortalia;
2170 363 2292 423 quae
2341 348 2601 404 inferiora
2657 336 2806 413 sunt,
2873 349 3129 404 mortalia
3176 349 3412 408 dicebat.

1822 439 2051 495 Animas
2076 455 2107 495 e
2134 440 2462 511 corporibus
2501 441 2556 496 in
2586 440 2694 495 alia
2723 455 2981 513 corpora,
3012 442 3179 498 etiam
3211 442 3418 498 anima-

1824 532 1956 588 lium
1970 547 2034 587 ac
2048 532 2374 602 bestiarum,
2397 533 2578 588 transl
2580 532 2730 587 undi.
2755 533 2835 589 Ad
2857 534 2973 589 haec
3001 534 3416 606 quinquennale

1822 620 2043 676 interim
2079 622 2356 678 silentium
2395 622 2675 679 observari
2712 624 2999 696 praecepit;
3035 639 3100 682 ac
3132 634 3415 697 postremo

1822 712 1982 769 deum
2014 713 2205 769 haberi
2236 730 2297 771 se
2326 715 2523 770 voluit.

1892 804 2161 861 Platonici
2191 805 2381 871 Deum,
2412 814 2467 863 et
2502 806 2781 862 materiam
2802 847 2818 874 ,
2851 822 2915 862 ac
2944 806 3175 864 formam
3211 810 3415 866 consti-

1824 906 2066 956 luerunt.
2082 899 2342 956 Mundum
2359 902 2627 972 genitum,
2641 915 2705 957 ac
2719 901 3060 972 corruptioni
3076 902 3374 958 obnoxium
3393 923 3409 958 :

1810 982 2061 1047 'animam
2110 993 2443 1065 ingenitam,
2492 1001 2547 1049 et
2604 994 2998 1062 immortalem,
3058 1008 3125 1049 ac
3170 993 3410 1049 divinam

1823 1084 2075 1139 arbitrati
2114 1092 2263 1141 sunt.
2313 1084 2491 1156 Hujus
2536 1093 2649 1143 tres
2691 1100 2817 1142 esse
2860 1093 3045 1157 partes
3077 1102 3093 1140 :
3127 1099 3293 1140 unam
3331 1098 3413 1141 ra-

1822 1178 1973 1233 tione
2012 1178 2329 1248 pmditam;
2378 1179 2607 1234 alteram
2649 1192 2756 1248 qua
2798 1178 3126 1245 irascimur;
3171 1178 3409 1243 tertiam,

1821 1286 1930 1342 qua
1979 1271 2447 1343 concupiscimus.
2503 1271 2839 1327 Communes
2898 1270 3157 1326 omnibus
3217 1284 3414 1326 uxores

1821 1375 1946 1418 esse
1978 1361 2184 1430 voluit;
2220 1377 2380 1418 nemo
2408 1368 2469 1417 ut
2499 1363 2767 1433 privatam
2800 1354 3096 1425 obtineret,
3130 1375 3194 1416 ac
3226 1360 3417 1431 praci-

1820 1465 2021 1520 puam;
2057 1450 2153 1508 sed
2185 1458 2239 1506 ut
2279 1451 2514 1522 quilibet
2541 1466 2774 1521 quarum
2806 1450 2968 1507 vellet
2997 1451 3211 1521 copiam
3250 1450 3416 1505 habe-

1822 1553 1927 1601 ret.
1951 1542 2099 1601 ldem
2120 1545 2435 1600 animarum
2462 1545 2515 1599 in
2541 1544 2693 1598 varia
2723 1540 2978 1615 corpora,
3012 1544 3178 1599 etiam
3208 1543 3414 1600 bestia-

1754 1639 1797 1696 B
1825 1650 1970 1702 rum,
1996 1637 2263 1692 transitus
2292 1635 2614 1693 atiirmabat.
2656 1635 2798 1692 Deos
2835 1635 3071 1707 denique
3099 1636 3411 1707 complures

1826 1728 1896 1784 ab
1926 1742 2036 1785 uno
2062 1743 2186 1784 esse
2219 1727 2540 1800 productos.

1901 1818 2073 1876 Stoici
2101 1834 2305 1892 corpus
2338 1822 2655 1878 universum
2709 1836 2834 1878 esse
2867 1819 3157 1888 deﬁniunt,
3184 1827 3240 1877 et
3261 1835 3415 1892 aspe-

1827 1910 2081 1968 ctabilem
2102 1912 2251 1969 hunc
2278 1914 2543 1969 mundum
2580 1912 2750 1968 Deum
2790 1927 2914 1970 esse
2958 1920 3225 1969 statuunt.
3264 1911 3416 1968 Non-

1826 2003 1962 2058 nulli
1997 2004 2163 2059 etiam
2202 2020 2267 2060 ex
2310 2005 2434 2076 igne
2470 2013 2723 2060 naturam
2754 2006 2901 2061 illius
2936 2015 3191 2062 constare
3225 2004 3418 2061 defen-

1826 2096 1986 2152 dunt.
2019 2095 2190 2152 Deum
2221 2098 2423 2168 quippe
2449 2106 2687 2153 mentem
2720 2110 2845 2153 esse
2873 2105 3087 2168 putant,
3113 2112 3180 2152 ac
3210 2097 3414 2153 vastis-

1828 2188 1981 2245 sima:
2008 2188 2179 2244 totius
2207 2189 2388 2253 molis,
2415 2189 2541 2244 caeli
2566 2196 2835 2260 terraeque
2853 2188 3124 2253 videlicet,
3149 2188 3411 2243 animam.

1827 2274 2000 2345 Cujus
2028 2290 2230 2346 corpus
2253 2315 2268 2342 ,
2309 2284 2368 2331 ut
2410 2276 2561 2346 dixi,
2600 2283 2777 2332 totum
2818 2276 2921 2331 hoc
2953 2276 3026 2332 sit
3055 2276 3372 2332 universum
3392 2313 3412 2342 ,

1826 2369 1975 2424 oculi
2024 2383 2156 2424 vero
2204 2368 2406 2424 sidera.
2480 2369 2738 2425 Omnium
2793 2369 3020 2425 interire
3068 2384 3313 2438 carnem,
3358 2378 3416 2426 et

1827 2461 2068 2516 animam
2106 2463 2161 2517 in
2204 2460 2421 2518 diversa
2458 2463 2696 2519 transire
2740 2477 2969 2533 corpora
3030 2462 3134 2518 sibi
3186 2477 3415 2534 persua-

1812 2551 1979 2635 vdent.

1899 2636 2154 2709 Epicurei
2195 2648 2409 2698 atomos
2444 2649 2500 2697 et
2541 2639 2821 2697 individua
2865 2656 3094 2714 corpora
3143 2642 3415 2700 similibus

1827 2728 2136 2784 constantia
2190 2732 2462 2800 partibus,
2523 2740 2576 2788 et
2631 2732 2866 2799 inﬁnita,
2921 2748 3104 2788 rerum
3166 2733 3412 2789 omnium

1826 2818 2177 2890 principium,
2230 2836 2354 2877 esse
2409 2821 2736 2879 docuerunt.
2794 2821 3080 2878 Summum
3120 2822 3411 2881 bonumjn

1828 2910 2106 2981 voluptate
2130 2920 2435 2983 posuerunt
2462 2930 2479 2970 :
2508 2913 2677 2970 Deum
2711 2929 2778 2970 ac
2804 2914 3210 2971 Providentiam
3234 2916 3304 2971 ab
3327 2930 3414 2971 re-
3474 2950 3493 2967 .

1828 3018 1949 3059 rum
1971 3002 2445 3063 administratione
2468 3007 2832 3061 sustulerunt.

1901 3092 2351 3162 Samaritismus,
2387 3102 2442 3151 et
2478 3094 2784 3151 Samaritae.
2825 3095 3003 3166 Hujus
3038 3097 3106 3152 ab
3128 3095 3414 3154 Judaismo

1819 3184 1975 3256 origo
2013 3184 2326 3252 deducitur,
2374 3201 2497 3257 quze
2542 3195 2818 3242 sectarum
2867 3185 3012 3256 apud
3059 3184 3280 3241 Graecos
3326 3186 3414 3242 di-

1818 3275 2035 3341 vortiis,
2060 3282 2117 3332 et
2146 3290 2336 3331 earum
2364 3275 2603 3333 decretis
2644 3291 2710 3331 ac
2741 3276 3092 3348 dogmatibus
3135 3278 3412 3349 antiquior

1812 3360 1929 3425 est.
1961 3366 2277 3424 Graecorum
2320 3382 2486 3439 porro
2528 3368 2975 3440 superstitionem
3017 3370 3323 3440 complexa,
3357 3379 3415 3426 et

1819 3474 1944 3514 cum
1983 3457 2229 3517 Judaicis
2261 3459 2605 3531 dogmatibus
2637 3460 2820 3531 aliqua
2864 3468 3109 3532 exparte
3147 3462 3406 3527 miscens,

1819 3544 1913 3599 illa
1944 3555 2095 3601 secta
2130 3545 2279 3601 circa
2308 3545 2842 3602 Nabuchodonozori
2882 3553 2936 3603 et
2965 3544 3208 3601 Judaicaa
3229 3547 3408 3618 capti-

1819 3635 2005 3691 vitatis
2045 3644 2291 3706 tempora
2324 3637 2555 3707 prodiit.
2595 3635 2762 3691 Primi
2800 3646 2964 3692 secta:
2992 3636 3308 3692 conditores
3343 3650 3412 3691 ex

1819 3726 2062 3799 Assyriis
2092 3727 2145 3782 in
2182 3725 2426 3781 Iudaeam
2473 3727 2832 3797 transportati
2869 3728 3114 3798 quinque
3142 3726 3413 3785 duntaxat

1821 3819 2024 3892 Moysis
2053 3818 2223 3875 libros
2247 3827 2599 3890 acceperunt,
2641 3835 2781 3890 quos
2820 3834 2915 3889 per
2954 3817 3183 3873 Esdram
3229 3833 3412 3873 sacer-

1820 3907 2001 3963 dotem
2030 3923 2123 3963 rex
2152 3906 2221 3962 ad
2266 3908 2390 3963 illos
2422 3907 2698 3980 Babylone
2727 3907 3079 3963 submiserat.
3100 3904 3287 3976 Itaque
3306 3920 3413 3961 caa-

1821 4008 1938 4056 tera
1977 4000 2183 4057 habent
2212 4015 2338 4055 cum
2365 3998 2574 4056 Judaais
2604 3999 2915 4055 communia
2946 4015 2960 4053 :
3011 3999 3058 4055 si
3105 3997 3210 4053 hoc
3240 4013 3410 4054 unum

1821 4094 2084 4165 excipias,
2121 4091 2268 4164 quod
2285 4100 2339 4147 et
2359 4096 2549 4163 gentes
2584 4092 2991 4156 abominentur,
3025 4105 3203 4161 neque
3218 4105 3408 4161 quem-

1820 4199 1985 4253 quam
2026 4184 2343 4253 contingere
2384 4181 2555 4236 velint
2588 4200 2600 4235 :
2636 4179 2889 4251 quodque
2930 4172 3273 4235 mortuorum‘
3320 4193 3409 4234 reo

1823 4275 2253 4337 surrectionem,
2301 4288 2365 4328 ac
2412 4282 2640 4329 caeteras
2670 4279 2795 4344 post
2829 4270 3053 4345 Moysen
3092 4270 3410 4343 prophetias

136 4374 407 4449 Γορθητοὶ,
444 4378 498 4431 oi
544 4380 603 4431 ὲν
641 4376 822 4442 ἄλλοις
846 4379 1061 4449 καιροῖς
1103 4376 1204 4441 τὰς
1250 4376 1448 4448 ἑορτὰς
1491 4376 1718 4445 ἄγοντες

1828 4367 2101 4439 rejiciunt.
2131 4365 2599 4421 Samaritanorum
2626 4374 2711 4421 est
2742 4366 2906 4422 factio
2931 4366 3106 4423 divisa
3135 4367 3191 4421 in
3224 4374 3409 4439 partes

134 4470 273 4540 παρὰ
292 4474 423 4536 τοὺς
452 4468 771 4541 Ἐϐραίους·
808 4469 1108 4533 Σεΰουαῖοι,
1134 4469 1185 4522 οί
1217 4468 1306 4524 διὰ
1335 4466 1506 4539 αὐτὴν
1533 4467 1716 4521 αίτίαν

133 4559 232 4613 τὼν
254 4561 467 4634 ἑορτῶν
487 4562 624 4634 πρὸς
656 4562 783 4626 τοὺς
800 4561 1108 4635 Γορθηνοὺς
1139 4558 1549 4630 διαφερόμενον
1592 4558 1715 4612 Ἐσ-

136 4657 299 4722 σηνοὶ,
330 4655 458 4727 μηδ’
478 4656 763 4728 ὁποτέροις
783 4651 1209 4724 ἐναντιούμενοι,
1227 4653 1338 4715 τοῖς
1354 4650 1414 4704 δὲ
1434 4667 1708 4723 παρατυγ·

134 4747 347 4814 ιένουσι
394 4748 854 4822 συνεορτάζοντες
900 4747 1237 4819 ἀδιαφόρωςι
1292 4744 1568 4811 Δοσίθεοι,
1605 4747 1719 4809 τοῖς

134 4839 307 4904 αὑτοῖς
344 4841 547 4907 ἔθεσιν,
589 4838 681 4896 οἶα
705 4841 771 4912 δὴ
812 4842 1171 4913 Σαμαρεῖται,
1210 4838 1713 4911 ἑμπολιτευόμενοι,

137 4936 396 5004 περιτομῇ
427 4950 489 4987 τι
522 4934 621 4987 κα)⁷
648 4932 918 5004 Σαϐϐάτῳ
945 4933 1042 4986 καὶ
1068 4933 1181 4995 τοῖς
1208 4930 1411 4994 ἄλλοις,
1440 4927 1716 5002 χρώμενοί

132 5033 185 5070 τε
216 5025 284 5092 τῇ
320 5023 683 5093 Πεντατεύχῳ
705 5040 720 5055 ο
770 5021 1154 5093 περιττότερον
1186 5020 1243 5074 δὲ
1269 5019 1378 5073 τῶν
1409 5018 1584 5075 ἄλλων
1611 5036 1715 5089 φυ-

132 5108 406 5180 λάττοντες
434 5116 498 5169 τὸ
538 5115 843 5185 ἀπέχεσθαι
891 5112 1173 5185 ἐμψύχων.
1210 5111 1303 5165 καὶ
1340 5112 1397 5165 ὲν
1438 5110 1716 5180 νηστείαις

130 5208 173 5260 δὲ
208 5212 583 5281 συνεχέστατα
615 5209 766 5281 βιοῦν
786 5225 799 5238 ·
837 5208 1018 5280 ἔχουσι
1040 5206 1097 5261 δὲ
1128 5205 1225 5261 καὶ
1246 5203 1545 5278 παρθενίαν
1573 5202 1716 5266 τινὲς

133 5303 327 5364 αὑτῶν,
353 5302 779 5375 ἐγκρατεύονται
801 5300 859 5353 δὲ
884 5298 1057 5366 ἄλλοι,
1082 5294 1401 5351 πιστεύουσί
1418 5311 1479 5348 τε
1506 5292 1717 5364 νεκρῶν

130 5396 440 5461 hirtum,
471 5398 610 5467 ὅπερ
642 5393 789 5459 ξένον
810 5392 928 5446 ἐστὶ
950 5389 1340 5463 Σαμαρείταις.

1824 4472 2083 4534 quatuor.
2115 4459 2285 4516 Primi
2315 4467 2446 4517 sunt
2471 4456 2762 4526 Gortheni,
2798 4459 2890 4530 qui
2920 4458 3091 4514 festos
3116 4456 3235 4514 dies
3260 4456 3408 4522 aliis,

1824 4570 1987 4626 quam
2040 4553 2272 4617 Hebrmi,
2305 4551 2644 4621 temporibus
2695 4549 2963 4604 indicunt.
3016 4547 3122 4602 Alii
3175 4545 3411 4612 Sebua-i,

1824 4646 1918 4715 qui
1970 4645 2042 4700 ob
2092 4644 2340 4700 eamdem
2394 4644 2659 4698 festorum
2711 4643 2924 4697 dierum
2985 4640 3335 4696 occasionem
3381 4654 3413 4692 ιι

1824 4736 2125 4793 Gortlienis
2187 4734 2544 4792 dissentiunt.
2605 4733 2778 4789 Tertii
2833 4741 2963 4790 sunt
3025 4731 3256 4797 Esseni,
3318 4730 3412 4800 qui

1827 4826 2007 4883 neutri
2035 4826 2179 4898 parti
2220 4834 2550 4896 repugnant,
2585 4824 2683 4879 sed
2716 4838 2843 4879 cum
2885 4824 2974 4888 iis,
3009 4823 3068 4879 in
3099 4837 3241 4893 quos
3276 4819 3417 4875 inci-

1825 4920 2028 4987 derint,
2074 4919 2194 4976 sine
2250 4917 2362 4973 ullo
2423 4915 2745 4974 discrimine
2791 4916 2928 4971 l'esta
2975 4919 3260 4985 peragunt.
3306 4909 3417 4965 Po-

1826 5011 2014 5065 stren.i
2039 5017 2169 5065 sunt
2188 5006 2426 5064 Dosithei
2448 5026 2461 5063 :
2481 5006 2575 5077 qui
2594 5004 2810 5071 iisdem,
2828 5003 3032 5076 quibus
3052 5001 3415 5070 Samaritani,

1827 5100 2092 5156 institutis
2120 5106 2351 5154 utuntur
2388 5116 2401 5153 :
2428 5096 2909 5154 circumcisionetu
2929 5136 2946 5163 ,
2977 5095 3311 5160 Sabbatum,
3349 5110 3419 5153 ac

1823 5202 2042 5261 caetera,
2099 5193 2397 5263 itidemque
2446 5188 2875 5246 Pentateucbum
2925 5187 3209 5245 adhibent.
3261 5184 3416 5242 Prae-

1823 5289 1986 5358 cipue
2021 5302 2174 5355 vero,
2213 5300 2276 5341 ac
2318 5300 2433 5358 prae
2483 5284 2713 5355 reliquis
2755 5283 3015 5341 omnibus
3044 5283 3148 5339 sibi
3188 5279 3258 5336 ab
3293 5278 3415 5332 ani-

1826 5383 1989 5437 matis
2026 5386 2353 5451 temperant,
2395 5392 2461 5435 ac
2495 5384 2761 5449 perpetuo
2802 5375 2917 5431 fere
2957 5374 3234 5446 jejunant.
3271 5366 3416 5423 Sunt

132 5484 264 5541 ίωρτ
302 5460 452 5551 illos.
495 5460 589 5559 qui
625 5487 996 5560 virginitatem
1035 5460 1253 5551 colunt,
1303 5482 1396 5537 alii
1441 5478 1857 5538 continentiam.
1888 5475 2321 5538 Resurrecturos
2379 5489 2506 5533 esse
2556 5480 2803 5529 mortuos
2837 5473 3110 5538 credunt;
3170 5460 3320 5533 qu0d
3385 5471 3420 5515 ⁸

133 5578 603 5639 Samaritanorum
632 5582 889 5655 dogmate
924 5578 1207 5635 abhorret.

453 5678 720 5739 ΡΑτιιοι..
754 5677 873 5737 Gn.
914 5670 1081 5733 XLI.

3103 5648 3143 5709 ϐ
