3980 6078
537 218 634 270 «τι

541 427 676 496 legis
704 425 888 495 periti,
913 432 968 479 et
997 424 1352 478 traditionum
1374 467 1388 490 ,
1413 440 1550 494 quas
1573 438 1602 476 a
1650 423 1951 493 majoribus
1976 438 2132 478 acce-

541 522 739 586 perant
770 513 1144 584 (δευτερώσεις
1188 513 1496 584 vocabant),
1536 513 1918 568 observatores
1959 513 2132 578 fuere,

547 621 612 659 ac
641 605 779 660 ritus
808 619 1001 660 omnes
1044 605 1482 674 superstitiosius
1512 605 1758 668 caeteris,
1795 603 2137 675 diligentius-

545 712 654 766 que
687 706 1026 750 tenuerunt:
1075 711 1214 766 quos
1261 711 1453 751 nonae
1501 696 1616 766 lege
1641 694 1989 763 didicerant,
2041 697 2136 752 sed

546 788 928 857 sibimetipsis,
960 795 1219 858 tanquam
1245 788 1477 858 justitiaa
1511 788 1648 860 legis
1679 787 1989 860 singulares
2018 791 2137 846 cul-

549 891 658 949 tus,
694 897 758 937 ac
788 883 1144 937 caeremonias
1173 882 1502 938 indixerant.

619 973 901 1037 l’barisaai,
927 987 1066 1043 quos
1093 983 1390 1043 segregatos
1435 974 1783 1045 interpretari
1813 974 2014 1045 possis,
2043 975 2140 1046 qui

548 1065 955 1121 sanctissimam
981 1065 1102 1119 vita:
1135 1064 1704 1136 rationem.professi,.
1723 1067 1998 1137 probitate
2013 1083 2137 1122 cae-

549 1156 682 1212 teris
711 1155 1036 1211 antecellere
1065 1155 1411 1210 videbantur.
1455 1155 1794 1210 Mortuorum
1842 1157 1985 1226 apud
2017 1157 2140 1212 illos

550 1249 911 1312 resurrectio,
941 1257 998 1302 ut
1025 1255 1078 1304 et
1113 1247 1259 1319 apud
1291 1248 1543 1314 Scribas,
1583 1247 1895 1304 defenditur
1925 1269 1938 1305 :
1977 1249 2139 1305 iidem

550 1343 810 1412 angelos,
865 1355 927 1396 ac
961 1340 1224 1411 Spiritum
1275 1347 1527 1395 sanctum
1585 1355 1710 1396 esse
1760 1357 1869 1397 non
1913 1349 2136 1412 negant.

553 1432 688 1488 Vita:
709 1433 970 1490 eximium
1009 1433 1319 1489 institutum
1351 1449 1464 1503 prae
1491 1448 1555 1488 se
1592 1433 1792 1489 ferunt.
1837 1433 2142 1490 Continen-

550 1526 681 1579 tiam
727 1532 938 1580 certum
985 1524 1052 1579 ad
1109 1534 1359 1594 tempus,
1390 1538 1454 1578 ac
1505 1525 1871 1594 virginitatem
1923 1541 2142 1597 quoque

549 1617 878 1687 suscipiunt.
915 1616 1004 1673 Bis
1032 1617 1371 1672 hebdomade
1389 1630 1606 1686 quaque
1627 1617 1899 1688 jejunare,
1923 1634 2139 1684 urceos,

1269 211 1628 270 "EPIPIIANII
1650 211 2099 270 RESCRIPTUM
2130 211 2220 267 AD
2249 209 2552 268 ACACIUM
2594 208 2680 267 ET
2718 208 3005 267 PAULUM

612 332 925 387 Judaeorum
941 338 1106 388 sectae
1127 316 1607 404 numero-septem.
1626 335 1698 387 Ac
1718 334 1892 402 primo
1902 332 2135 397 Scribm,
2172 338 2215 392 A

3701 223 3798 280 172

2330 329 2600 384 Ἰουδαίων
2631 329 2869 401 αἱρέσεις
2901 328 3070 383 ἑπτά·
3101 330 3472 402 Γραμματεῖς,
3511 331 3697 398 οἵτινες
3727 356 3801 391 νο-

2250 425 2399 494 μικοὶ
2443 423 2542 493 μὲν
2591 418 2754 494 ἦσαν,
2811 423 2904 475 καὶ
2952 422 3284 492 δευτερωταὶ
3332 423 3671 494 παραδόσεων
3704 428 3801 500 τῶν

2247 516 2376 585 παρ’
2407 513 2589 576 αὐτοῖς
2622 513 3031 584 πρεσϐυτέριον,
3062 516 3128 585 τῇ
3155 513 3512 585 περιττοτέρᾳ
3539 515 3804 589 ἐθελοθρη-

2249 604 2404 676 σκεὶᾳ
2427 603 2523 675 ἔθη
2556 603 2937 673 φυλάττοντες,
2980 603 3015 657 ἂ
3041 600 3102 657 ὀύ
3134 603 3225 657 διὰ
3254 604 3349 658 τοῦ
3377 605 3542 676 νόμου
3562 609 3805 680 ,μεμαθὴο

2246 714 2426 762 κασιν,
2460 697 2575 750 ἀλλ’
2605 699 2816 760 ἑαυτοῖς
2849 696 3138 751 ὲτύπωσαν
3173 697 3495 771 σεϐάσματα
3517 699 3805 771 δικαιώμα-

2246 805 2338 853 τος
2366 789 2464 859 τῆς
2496 787 2838 861 νομοθεσίας.

2317 976 2631 1047 Φαρισαῖοι,
2685 977 3114 1050 ἑρμηνευόμενοι
3174 973 3595 1049 ἀφιυρισμένοι,
3652 979 3700 1032 οἱ
3754 977 3810 1033 τὸ

2247 1068 2550 1139 ἀκρότατον
2585 1069 2848 1138 βιοῦντες,
2889 1071 2982 1123 καὶ
3007 1069 3165 1142 δῆθεν
3189 1071 3297 1124 τῶν
3329 1071 3503 1148 ἄλλων
3530 1070 3810 1141 δοκιμώτε-

2251 1177 2355 1230 ροιο
2385 1159 2516 1231 παρ’
2551 1156 2635 1223 οἷς
2674 1161 2768 1214 καὶ
2807 1161 3019 1232 νεκρῶν
3059 1163 3374 1224 ἀνάστασις,
3415 1161 3496 1226 ὡς
3537 1163 3630 1216 καὶ
3672 1163 3813 1233 παρὰ

2248 1251 2357 1312 τοῖς
2388 1250 2816 1321 Γραμματεῦσι,
2857 1252 2951 1304 καὶ
2981 1253 3015 1322 ἠ
3051 1252 3176 1323 περὶ
3209 1251 3476 1320 ἀγγέλων,
3520 1254 3614 1306 καὶ
3647 1252 3811 1306 Πνεύ-

2252 1359 2419 1410 ματος
2467 1343 2648 1412 ἁγίου,
2695 1345 2778 1397 ὃτι
2828 1343 2965 1408 ἔστι,
3011 1344 3430 1412 συγκατάθεσις,
3478 1345 3722 1400 πολιτεία
3760 1362 3815 1398 τε

2246 1434 2524 1506 διάφορος,
2566 1436 2866 1509 ἐγκράτεια
2898 1436 3254 1508 ἓωςχρόνου,
3290 1437 3384 1493 καὶ
3414 1436 3699 1508 παρθενὶα·
3725 1455 3814 1508 νη-

2251 1524 2401 1578 στεία
2432 1525 2488 1578 δὲ
2525 1525 2604 1590 δὶς
2643 1525 2736 1580 τοῦ
2769 1525 3071 1593 Σαϐϐάτου,
3117 1525 3319 1591 ξεστῶν
3350 1527 3701 1599 καθαρισμοὶ,
3730 1528 3817 1580 καὶ

2260 1615 2504 1670 πινάκων
2531 1617 2626 1670 καὶ
2657 1616 2954 1688 ποτηρίων,
2985 1617 3061 1681 ὡς
3089 1619 3184 1671 καὶ
3209 1619 3257 1672 οἱ
3285 1619 3657 1691 Γραμματεῖς,
3693 1619 3818 1672 ἀπο-

552 1724 616 1763 ac
647 1709 856 1773 discos,
883 1716 936 1763 et
969 1708 1162 1778 pocula
1209 1709 1409 1778 saepius
1453 1709 1666 1773 eluere,
1716 1717 1772 1764 ut
1827 1717 1878 1766 et
1914 1711 2140 1778 Scribat,

2262 1705 2596 1771 Ξεκατώσεις,
2647 1709 2738 1762 καὶ
2767 1708 3034 1780 ἀπαρχαὶ,
3069 1711 3162 1765 καὶ
3199 1710 3495 1781 ὲνδελεχεῖς
3525 1710 3704 1782 εὐχαὶ,
3731 1712 3817 1764 καὶ

551 1800 718 1854 soliti.
749 1799 830 1853 Ad
852 1800 968 1855 luec
1012 1799 1251 1854 decimas
1288 1809 1342 1854 et
1369 1800 1636 1871 primitias
1665 1801 1893 1858 otl‘erre:
1926 1805 2147 1860 assidue

553 1893 763 1961 precari
801 1910 812 1945 :
849 1899 1029 1946 certos
1068 1892 1250 1949 cultus
1281 1907 1344 1946 ac
1377 1896 1759 1964 superstitiosa
1783 1897 2142 1954 vestimento-

513 2011 516 2014 ~
551 1999 674 2037 rum
704 1999 902 2054 genera
923 1985 1200 2040 curiosius
1223 1985 1477 2041 aﬂectare
1510 2005 1523 2040 :
1552 1987 1858 2056 cuiusmodi
1879 1998 2006 2045 sunt
2026 1991 2146 2045 dal-

554 2073 788 2136 maticae,
837 2087 900 2127 ac
935 2074 1171 2138 colobia,
1203 2083 1258 2129 et
1293 2075 1483 2130 latiora
1515 2077 1762 2146 quaedam
1793 2077 2143 2150 phylaeteria,

554 2164 657 2217 huc
691 2173 774 2219 est
808 2173 1108 2236 segmenta,
1141 2165 1477 2238 ﬁmbrireque
1509 2183 1932 2240 purpuram-ac
1969 2173 2146 2227 malo-

553 2265 780 2326 granata
808 2257 878 2312 ad
920 2259 1150 2313 vestium
1177 2273 1306 2314 oras
1335 2274 1575 2330 appensa
1597 2299 1611 2322 .
1643 2263 2148 2333 quas-temporariae

556 2336 701 2405 illius
735 2351 1090 2406 continentiae
1127 2352 1286 2422 signa
1306 2351 1700 2420 ,prazferebant.
1734 2351 1901 2408 Iidem
1935 2364 2146 2425 postre-

556 2454 644 2494 mo
673 2454 900 2509 geneses
936 2454 1000 2493 ac
1034 2440 1205 2493 fatum
1239 2435 1688 2495 introducebant.

628 2529 949 2585 Sadduczeis
977 2531 1045 2584 ab
1079 2531 1661 2602 exactissimajustitia
1683 2547 1880 2588 nomen
1899 2543 2002 2589 est.
2037 2533 2145 2602 Qui

556 2642 584 2676 ιε
618 2621 1086 2676 Samaritanorum
1118 2637 1313 2693 genere
1341 2637 1371 2676 a
1402 2623 1686 2679 sacerdote
1708 2624 1945 2694 quodam
1966 2625 2147 2682 Sadoc

556 2723 734 2768 ortum
765 2713 1094 2770 habuerunt.
1135 2712 1474 2769 Mortuorum
1505 2717 1962 2771 resurrectionem
1994 2719 2148 2772 dam-

559 2815 724 2871 nant,
765 2807 1014 2878 angelum
1067 2823 1131 2861 ac
1179 2806 1433 2876 spiritum
1483 2805 1729 2863 funditus
1781 2817 2009 2881 negant;
2043 2823 2148 2864 caeo

559 2909 672 2953 tera
703 2899 1012 2954 Judzeorum
1047 2899 1278 2955 similes.

631 2990 1114 3062 llemerobaptista:
1139 2991 1274 3047 nihil
1304 2993 1373 3050 ab
1405 2991 1610 3050 Judaais
1641 3002 2009 3065 praaterquam
2042 2993 2146 3049 hoc

561 3101 669 3139 uno
705 3084 1109 3154 discreparunt,
1134 3085 1280 3156 quod
1302 3087 1575 3144 neminem
1599 3095 1817 3144 aeterna:
1848 3089 1971 3143 vitae
2000 3102 2149 3142 com-

561 3187 741 3249 potem
771 3193 894 3234 esse
926 3193 1087 3250 posse
1115 3178 1379 3244 dicerent,
1403 3181 1508 3238 nisi
1539 3180 1785 3254 quotidie
1814 3181 2040 3236 lavaret.

630 3269 848 3334 Osseni,
899 3286 1133 3342 quorum
1174 3287 1373 3328 nomen
1421 3273 1825 3342 procacissimos
1856 3269 2147 3344 signiﬁcat.

559 3361 662 3430 Qui
697 3379 759 3418 ex
798 3366 1120 3434 praescripto
1149 3363 1283 3434 legis
1306 3364 1488 3418 omnia
1542 3363 1846 3431 faciebant;
1878 3363 1975 3418 sed
2008 3377 2148 3432 pra:-

560 3461 712 3510 terea
765 3452 1080 3524 Scripturas
1121 3454 1450 3511 adhibebant
1485 3473 1498 3510 :
1534 3464 1590 3513 et
1627 3471 1692 3513 ex
1749 3455 2148 3528 posterioribus

564 3543 842 3614 prophetis
874 3544 1164 3619 plerosque
1190 3545 1532 3616 rejiciebant.

635 3634 917 3693 Nasamos
977 3637 1320 3692 exstinctam:
1381 3638 1728 3709 interpretari
1781 3637 1996 3710 possis.
2053 3639 2148 3710 qui

565 3727 750 3782 carnis
789 3743 890 3783 usu
920 3743 1143 3798 prorsus
1181 3729 1536 3786 interdicunt.
1573 3730 1655 3787 Ah
1701 3731 1958 3786 animatis
1983 3729 2150 3786 absti-

567 3826 697 3874 nent
729 3835 742 3872 :
775 3819 1116 3890 patriarchas
1159 3835 1380 3888 omnes,
1416 3821 1507 3892 qui
1562 3822 1616 3876 in
1661 3820 2040 3879 Pentateucho
2079 3821 2148 3878 ad

568 3911 768 3984 Moysis
833 3919 886 3968 et
934 3909 1064 3969 Jesu
1123 3913 1217 3968 lilii
1248 3912 1393 3968 Nave
1447 3923 1692 3985 tempora
1757 3917 2145 3982 continentur,

567 4002 869 4066 asciscunt,
901 4003 1050 4058 etiis
1101 4001 1259 4058 ﬁdem
1287 4002 1547 4057 adhibent
1580 4021 1594 4058 :
1637 4003 1945 4073 cujusmodi
1997 4013 2146 4072 sunt,

565 4093 825 4158 Abraam,
863 4093 1014 4149 Isaac
1045 4101 1099 4150 et
1119 4093 1322 4160 Jacob,
1354 4095 1532 4164 iisque
1579 4095 1892 4164 superiores
1930 4111 2145 4162 omnes,

568 4201 782 4242 necnon
831 4185 1046 4258 Moyses
1087 4188 1203 4259 ipse
1233 4202 1358 4242 cum
1393 4189 1632 4250 Aarone,
1662 4194 1825 4257 atque
1853 4185 2008 4245 Jesu.
2032 4187 2150 4244 Ca)-

567 4287 744 4332 terum
781 4277 1020 4349 quinque
1047 4279 1138 4333 illa
1178 4277 1453 4333 volumina
1497 4277 1702 4350 Moysis
1741 4293 1863 4335 esse
1908 4294 2017 4334 non
2046 4295 2150 4350 pu-

2251 1799 2508 1869 σχήματα
2560 1799 3086 1872 ὲθελοΘρησκευτικᾶ.
3126 1802 3226 1872 τῆς
3266 1803 3606 1873 ὲνδυμενίας,
3653 1803 3818 1857 διάτοι

2247 1889 2346 1958 τῆς
2381 1889 2722 1959 ἀμπεχόνης,
2763 1890 2857 1944 καὶ
2897 1889 3007 1944 τῶν
3037 1888 3405 1962 δαλματικῶν,
3441 1891 3475 1962 ἢ
3518 1891 3633 1945 τῶν
3674 1892 3822 1945 κολο-

2247 1979 2400 2047 ϐίων,
2459 1981 2554 2034 καὶ
2609 1981 2930 2052 πλατυσμοῦ
2971 1982 3081 2036 τῶν
3127 1982 3534 2054 φυλακτηρίων,
3580 1985 3822 2038 τουτέστι

2247 2067 2510 2139 σημάτων
2532 2069 2633 2140 τῆς
2655 2069 2959 2142 πορφύρας,
2988 2071 3082 2124 καὶ
3104 2070 3448 2142 κρασπέδων,
3472 2073 3570 2126 καὶ
3595 2074 3823 2145 ροἲσκων

2247 2159 2344 2212 ἐπὶ
2377 2160 2448 2213 τά
2486 2160 2754 2232 πτερύγια
2783 2162 2884 2232 τῆς
2917 2161 3254 2233 ἀμπεχόνης,
3288 2163 3445 2217 ἀτινα
3472 2163 3650 2218 ταῦτα
3674 2163 3826 2232 ἐτύγ-

2236 2262 2379 2319 .χανε
2411 2253 2612 2321 σημεῖα
2637 2251 2736 2322 τῆς
2759 2253 2892 2323 παρ’
2919 2252 3101 2316 αὐτοῖς
3125 2255 3228 2317 ἕως
3256 2253 3450 2325 καιροῦ
3475 2255 3822 2327 ἐγκρατείας,

2247 2339 2297 2394 οἳ
2327 2341 2422 2395 καὶ
2451 2343 2846 2415 παρεισέφερον
2877 2345 3089 2414 γένεσιν
3119 2346 3213 2399 καὶ
3237 2346 3604 2418 εἱμαρμένην.

2322 2529 2694 2596 Σαδδουκαῖοι,
2725 2533 2772 2584 οἱ
2803 2530 3228 2603 έρμηνευόμενοι
3258 2529 3644 2599 δικαιότατοι,
3681 2533 3730 2586 οἳ
3768 2537 3830 2586 ὲκ

2247 2622 2434 2691 γένους
2466 2622 2564 2692 μὲν
2585 2617 2727 2694 ἦσαν
2759 2623 3112 2694 Σαμαρειτῶν
3135 2623 3268 2694 ὁμοῦ
3293 2625 3384 2676 καὶ
3413 2625 3604 2694 ἱερέως
3630 2625 3828 2678 Σαδοῦκ

2248 2716 2530 2785 ὀνόματος,
2566 2715 2774 2786 νεκρῶν
2805 2717 2906 2786 μὲν
2935 2715 3230 2770 ἀνάστασιν
3253 2717 3609 2788 ἀρνούμενοι,
3641 2719 3737 2771 καί
3761 2719 3832 2787 μὴ

2249 2807 2678 2878 παραδεχόμενοι
2719 2806 2947 2876 ἄγγελον
2995 2809 3133 2880 μήτε
3172 2808 3410 2880 πνεῦμω
3459 2810 3532 2863 τὰ
3565 2810 3624 2864 δὲ
3660 2811 3832 2864 πάντα

2248 2899 2399 2963 ὄντες
2437 2899 2696 2954 Ἰουδαῖοι.

2332 2991 2852 3064 Ἦμεροϐαπτισταί.
2889 2984 3048 3048 υῦτοι
3079 2993 3177 3066 μὲν
3207 2994 3350 3049 κατὰ
3371 2997 3553 3052 πάντα
3593 2997 3837 3052 Ἰουδαῖοι

2248 3079 2408 3155 ἦσαν·
2437 3084 2675 3154 ἔφασκον
2704 3085 2759 3138 δὲ
2791 3086 2996 3157 μηδένα
3023 3085 3166 3157 ζωῆς
3189 3088 3480 3158 τυγχάνειν
3510 3089 3765 3154 αἰωνίου,
3793 3091 3839 3141 εξ

2251 3178 2326 3249 μή
2358 3195 2410 3230 τι
2435 3177 2501 3232 ἂν
2536 3177 2657 3231 καθ’
2685 3178 2920 3250 εκάστην
2946 3178 3278 3248 βαπτίζοιτο.

2335 3268 2603 3338 Ὀσσηνοὶ,
2642 3267 2691 3321 οἳ
2731 3267 2794 3339 δὴ
2819 3268 3162 3337 ἰταμώτατοι
3193 3269 3620 3341 ἑρμηνεύονται.
3651 3265 3838 3325 ἾΙσαν

2246 3362 2303 3416 δὲ
2332 3357 2476 3417 οῦτοι
2503 3361 2570 3415 τὰ
2595 3360 2771 3414 πάντα
2797 3359 2938 3414 κατά
2960 3360 3123 3431 νόμον
3143 3361 3446 3426 τελοῦντες.
3476 3363 3762 3434 Ἐχρῶντο
3786 3363 3843 3416 δὲ

2249 3455 2343 3508 κα)⁵
2366 3453 2610 3526 Γραφαῖς
2633 3451 2850 3527 ἑτέραις
2883 3451 3022 3521 μετά
3038 3451 3128 3506 τὸν
3148 3452 3331 3523 νόμον.
3369 3453 3510 3516 Τοὺς
3534 3454 3597 3507 δὲ
3620 3454 3845 3516 πλείους

2243 3545 2354 3602 τῶν
2381 3545 2674 3616 μετέπειτα
2706 3543 3004 3615 προφητῶν
3029 3542 3415 3598 άπεϐάλλοντο.

2316 3637 2656 3708 Νασαραῖοι,
2707 3633 3135 3707 ἑρμηνευόμενοι
3187 3635 3527 3703 ἀφανισται
3561 3637 3602 3689 ¹.
3654 3635 3846 3688 Πᾶσαν

2248 3725 2626 3799 σαρκοφαγίαν
2681 3721 3141 3794 ἀπαγορεύουσιν·
3207 3722 3466 3794 ἐμψύχων
3533 3725 3654 3779 οὐδ’
3709 3725 3849 3786 ὅλως

2249 3817 2781 3891 μεταλαμϐάνουσινο
2829 3815 2957 3887 ἄχρι
3012 3813 3069 3867 δὲ
3123 3814 3423 3877 Μωῦσέως.
3491 3818 3595 3870 καὶ
3671 3815 3845 3887 Ἰησοῦ

2244 3907 2340 3963 τοῦ
2381 3909 2541 3979 Ναυῆ
2587 3910 2699 3971 τοῖς
2739 3907 2796 3960 ἐν
2833 3910 2901 3978 τῇ
2943 3905 3301 3978 Πεντατεύχῳ
3365 3906 3552 3974 άγίοις
3610 3909 3849 3979 ὀνόμασι

2249 4000 2602 4073 πατριαρχῶν
2655 3998 2986 4070 κεχρημένοι
3029 4013 3091 4050 τε
3133 3997 3228 4051 καὶ
3276 3997 3665 4061 πιστεύοντες·
3706 3999 3850 4068 φημὶ

2247 4093 2304 4146 δὲ
2361 4091 2644 4165 Ἀϐραὰμ,
2710 4092 2804 4144 καὶ
2859 4089 3078 4154 Ἰσαάκ,
3128 4090 3224 4144 καὶ
3286 4088 3510 4156 Ἰακὼϐ,
3577 4093 3682 4146 καὶ
3743 4091 3852 4145 τῶν

2249 4185 2528 4249 ἀνωτάτω,
2581 4184 2676 4236 καὶ
2725 4181 2889 4237 αὑτοῦ
2938 4181 3239 4246 Μωῦσέως,
3291 4182 3384 4234 καὶ
3445 4182 3704 4254 Ἀαρὼν,
3759 4182 3852 4234 καὶ

2261 4277 2458 4349 Ἰησοῦ.
2506 4276 2618 4339 Τάς
2654 4276 2711 4329 δὲ
2754 4274 2856 4345 τῆς
2903 4272 3275 4344 Πεντατεύχου
3305 4273 3534 4344 γραφὰς
3570 4277 3682 4329 οὐκ
3713 4270 3855 4328 εἶναι

571 4377 706 4435 tant,
742 4379 795 4426 et
823 4370 928 4425 alia
962 4371 1032 4426 ab
1067 4370 1134 4426 iis
1173 4371 1388 4426 diversa
1418 4385 1589 4441 penes
1625 4385 1685 4427 se
1718 4386 1841 4428 esse
1869 4371 2144 4442 iactitant.

2262 4366 2530 4428 Mwﬁ‘séto;
2562 4362 2998 4436 δογματίζουσιν,
3029 4361 3191 4426 ἄλλας
3227 4361 3284 4414 δὲ
3320 4363 3452 4432 παρ’
3483 4363 3676 4428 αὐτὰς
3710 4363 3856 4432 ἔχειν

643 4553 935 4610 llerodiani
972 4568 1097 4608 cum
1134 4551 1352 4610 Iudaeos
1380 4555 1434 4609 in
1475 4555 1730 4611 omnibus
1767 4571 1887 4611 sese
1920 4563 2145 4625 praesta-

570 4653 726 4708 rent,
774 4643 1042 4699 Herodem
1071 4644 1352 4700 Christum
1385 4661 1508 4701 esse
1541 4647 1952 4716 proﬁtebantur,
1987 4648 2146 4718 eique

571 4735 771 4790 Christi
805 4733 1118 4805 dignitatem
1157 4749 1221 4789 ac
1247 4750 1440 4790 nomen
1467 4734 1812 4805 allingebant.

641 4828 860 4884 Primus
898 4829 998 4885 iste
1030 4836 1210 4885 tomus
1233 4837 1318 4885 est
1343 4869 1358 4895 ,
1389 4829 1484 4899 qui
1518 4830 1751 4885 haereses
1782 4846 1850 4884 xx
1880 4830 2143 4886 continet.

572 4917 631 4974 In
659 4921 848 4976 eodem
880 4921 947 4976 de
975 4919 1352 4978 lncarnatione
1384 4921 1611 4984 Christi,
1650 4936 1713 4976 ac
1747 4920 1994 4976 veritatis
2020 4936 2146 4990 pro-

575 5011 814 5068 fessione
836 5023 1106 5082 postremo
1149 5014 1266 5070 loco
1295 5013 1606 5070 disseritur.

654 5248 671 5279 ⁸
713 5249 760 5302 Γ
760 5265 816 5318 ρ.
845 5250 1192 5318 ἀφηνιασται.

2253 4452 2702 4509 διαϐεϐαιοῦνται.

2331 4545 2668 4617 Ἡρωδιανοὶ,
2703 4544 2754 4597 οἳ
2797 4544 3042 4598 Ἰουδαῖοι
3093 4543 3191 4614 μὲν
3228 4537 3372 4614 ἦσαν
3425 4541 3588 4597 κατὰ
3649 4545 3854 4607 πάντα,

2262 4634 2508 4706 Ἡρώδην
2535 4635 2592 4688 δὲ
2627 4633 2860 4706 Χριστὸν
2899 4632 3261 4704 προσεδόκων,
3303 4634 3396 4686 καὶ
3435 4634 3637 4706 τούτῳ
3670 4635 3734 4689 τὸ
3764 4633 3860 4688 τοῦ

2251 4727 2488 4798 Χριστοῦ
2519 4727 2840 4782 ἀπεδίδοσαν
2861 4725 3029 4797 γέρας
3055 4725 3149 4778 καὶ
3175 4725 3366 4796 ὄνομα.

2323 4816 2488 4882 ὐῦτος
2519 4819 2547 4870 ὁ
2573 4817 2786 4890 πρῶτος
2807 4817 2994 4886 τόμος,
3023 4817 3292 4888 περιέχων
3327 4816 3471 4870 κατά
3502 4817 3718 4872 πασῶν
3752 4816 3861 4872 τῶν

2250 4912 2422 4965 εἴκοσι
2450 4910 2654 4964 τούτων
2683 4909 2967 4980 αἱρέσεων.
3007 4910 3093 4962 Ἐν
3122 4907 3270 4978 αὑτῷ
3296 4908 3353 4962 δὲ
3383 4910 3481 4962 καὶ
3514 4912 3555 4982 ἡ
3595 4912 3738 4982 περὶ
3759 4912 3861 4980 τῆς

2252 5001 2488 5074 Χριστοῦ
2518 5000 2773 5072 ὲνδημίας
2798 4999 3072 5067 ὑπόθεσις,
3108 4998 3202 5052 καὶ
3228 5000 3262 5070 ἡ
3288 4998 3388 5070 τῆς
3412 4999 3706 5072 ἀληθείας
3731 5003 3864 5073 ὀμο-

2253 5093 2427 5162 λογία.
