3870 6068
224 216 314 275 Πὸ

3328 218 3436 272 171

245 334 3439 376 mw

942 578 1172 673 ΤΟΥ
1219 578 1366 669 ΕΝ
1429 575 1794 669 ΑΓΙΟΙΣ
1850 584 2285 672 ΠΑΤΡΟΣ
2358 587 2685 677 ΗΜΩΝ

826 780 2802 1030 ΕΠΙΦΑΝΙΟΥ

1087 1110 1491 1169 ΕΠΙΣΚΟΠΟΥ
1521 1109 2055 1171 ΚΩΝΣΤΔΝΤΕΙΑΣ
2100 1113 2237 1169 ΤΗΣ
2267 1116 2555 1172 ΚΥΠΡΟΥ

512 1276 978 1414 ΚΑΤΑ
1048 1279 1855 1417 ΑΙΡΕΣΕΩΝ
1954 1174 3137 1427 ΟΓΔΟΗΚΟΝΤΑ

1548 1516 1637 1571 TO
1674 1516 2115 1574 ΕΠῙΚΛΗΘΕΝ

1097 1673 1648 1804 ΠΑΝΑΡΙΟΣ
1696 1706 1826 1761 ΕιΤ’
1863 1634 2003 1761 om
2039 1684 2579 1772 ΚΙΒΩΤΙΟΣ.

833 2048 1005 2226 s.
1113 2052 1613 2230 P.-N.
1722 1982 2843 2232 EPIPHANII

1043 2342 1511 2407 CONsrANrnE
1553 2345 1719 2414 eum
1755 2346 1819 2401 IN
1851 2345 2078 2404 cvpno
2117 2345 2249 2404 EST
2290 2322 2604 2405 nrtscom

475 2521 1315 2656 ADVERSUS
1410 2526 2327 2656 OCTOGINTA
2390 2501 3178 2727 H/ERESES
3258 2724 3264 2729 ο

1342 2760 1530 2818 DPUS
1570 2760 1773 2830 QUOD
1829 2760 2315 2819 mscmmrun
2390 2720 2403 2727 ’

1042 2932 1724 3043 PANARIUM
1820 2984 1974 3042 sm;
2065 2935 2614 3046 ARCULA.

1098 3142 1389 3223 Dionysio
1412 3143 1663 3203 Petavio
1686 3143 2011 3204 Societatis
2032 3145 2181 3205 Jesu
2199 3144 2558 3223 interprete.

1300 3482 1627 3570 LIBRI
1709 3481 1740 3567 Ι
1803 3479 2206 3574 TOMUS
2279 3479 2394 3566 I.‘

295 3676 363 3731 A'.
401 3674 719 3748 ’Δρχὸμενος
742 3669 923 3726 πίστιν
948 3686 1007 3723 τε
1030 3668 1124 3724 καὶ
1152 3669 1426 3736 ἀπιστίαν,
1445 3668 1687 3735 εὐδοξίαν
1718 3685 1776 3723 τε
1807 3685 1855 3742 Α
1955 3670 1970 3738 ]

1955 3670 1998 3739 ι
2028 3667 2068 3724 l.
2088 3668 2398 3749 Instituenti
2436 3670 2568 3726 mihi
2590 3669 2658 3728 de
2676 3670 2780 3729 [ide
2795 3673 3021 3745 pariter,
3043 3684 3100 3733 et
3119 3676 3452 3751 inﬁdelitate,

239 3767 316 3824 καὶ
339 3766 659 3839 ἐτεροδοξίαν
688 3762 1038 3832 ἀναγγέλλειν
1058 3778 1117 3814 τε
1142 3762 1236 3816 καὶ
1250 3761 1447 3843 λέγειν,
1474 3761 1777 3835 μνησθήσοέ

242 3875 321 3927 μαι
348 3858 440 3928 τῆς
470 3856 643 3930 ἀρχῆς
682 3854 782 3925 τῆς
813 3852 908 3906 τοῦ
951 3852 1153 3924 κόσμου
1192 3851 1496 3923 καταϐολῆς
1526 3852 1620 3906 καὶ
1650 3852 1779 3905 ἀκο-

240 3948 449 4013 λουθίας,
508 3947 570 4002 οὐ
609 3945 701 4000 διὰ
776 3946 876 4015 τῆς
941 3942 1135 3997 ἑαυτοῦ
1210 3943 1228 3977 ¹
1285 3942 1597 4013 δυνάμεως,
1657 3941 1778 3995 οὐδὲ

241 4041 326 4095 ὑπὸ
385 4043 404 4074 ²
471 4040 612 4095 ἰδίων
677 4036 956 4108 λογισμῶν
1030 4034 1383 4109 ὁρμώμενος,
1449 4033 1566 4090 ἀλλ’
1624 4033 1698 4098 ὡς
1749 4033 1779 4086 ὁ

242 4130 349 4195 Θεὸς
389 4132 417 4184 ὁ
464 4131 680 4185 πάντων
724 4127 989 4198 δεσπότης
1032 4127 1127 4182 καὶ
1170 4127 1416 4198 ἐλεήμων
1462 4124 1779 4196 ἀπεκάλυψε

242 4225 331 4285 τοῖς
359 4222 543 4276 ἑαυτοῦ
576 4221 906 4292 προφήταις,
941 4218 1034 4272 καὶ¹
1064 4219 1134 4272 δι’
1166 4218 1344 4272 αὐτῶν
1379 4218 1527 4290 ἡμᾶς
1560 4218 1658 4288 τῆς
1684 4214 1777 4270 τοῦ

242 4313 410 4376 παντὸς
435 4311 684 4381 γνώσεως
714 4310 856 4365 κατὰ
879 4309 940 4363 τὸ
972 4308 1248 4381 ἐγχωροῦν
1274 4308 1588 4381 ἀνθρωπεία
1620 4309 1779 4378 φύσει

243 4403 533 4474 κατηξίωσε.
580 4404 694 4457 Καὶ
725 4401 1023 4473 ἀρχόμενος
1052 4400 1180 4470 περὶ
1219 4399 1424 4454 τούτων
1465 4398 1628 4463 εὐθὺς
1668 4398 1781 4454 δια-

245 4496 455 4557 σκοπεῖν,
486 4492 702 4566 πρῶτον
734 4492 830 4563 μὲν
861 4493 958 4544 οὐκ
990 4492 1047 4544 ἐν
1095 4488 1274 4561 μικρῷ
1317 4489 1489 4559 ἀγῶνι
1528 4488 1781 4544 καθίστα-

246 4601 344 4653 μαι,
385 4586 513 4641 ἀλλὰ
554 4585 650 4640 καὶ
699 4582 902 4654 σφόδρα
950 4581 1117 4649 δέδια,
1164 4578 1584 4653 ἐπιϐαλλόμενος
1635 4581 1781 4654 ἔργῳ

242 4675 291 4728 οὒ
316 4676 383 4748 τῷ
407 4679 637 4750 τυχόντι.
686 4677 797 4730 Καὶ
827 4673 1192 4746 ἐπικαλοῦμαι
1242 4675 1402 4728 αὐτὸν
1442 4673 1532 4728 τὸν
1567 4674 1722 4743 ἅγιον
1760 4675 1781 4706 ³

243 4767 320 4819 καὶ
344 4767 425 4821 τὸν
458 4766 719 4839 μονογενῆ
753 4765 918 4820 αὑτοῦ
953 4764 1117 4819 παῖδα
1163 4763 1366 4834 Ἰησοῦν
1404 4763 1657 4836 Χριστὸν,
1688 4764 1781 4816 καὶ

242 4853 293 4906 τὺ
323 4856 463 4925 ἅγιον
503 4856 670 4912 αὐτοῦ
702 4855 947 4928 Πνεῦμα,
984 4856 1133 4919 ὅπως
1176 4856 1495 4930 καταυγάσῃ
1523 4856 1623 4927 τῆς
1646 4856 1782 4926 ἡμεο

243 4945 383 5016 τέρας
412 4948 679 5013 εὐτελείας
716 4949 807 5003 τὸν
844 4947 964 5003 νοῦν
992 4948 1129 5023 πρὸς
1163 4947 1438 5018 φωτισμὸν
1463 4948 1560 5019 τῆς
1590 4946 1779 5002 τούτου

1879 3759 2055 3831 deque
2080 3759 2248 3816 rectis
2279 3774 2344 3814 ac
2368 3763 2642 3831 perversis
2667 3762 3015 3835 dogmatibus
3039 3785 3348 3831 sermonem
3372 3774 3454 3830 in-

1878 3849 2051 3922 gredi,
2083 3849 2328 3905 omnium
2357 3851 2535 3922 primo
2562 3852 2631 3908 de
2651 3856 2839 3909 mundi
2860 3860 3255 3929 procreatione,
3280 3863 3457 3934 deque

1878 3942 1948 3999 iis
1976 3956 2098 4013 qua:
2137 3941 2396 4013 deinceps
2430 3950 2561 4000 sunt
2606 3956 2897 4003 consecuta
2919 3987 2935 4015 ,
2966 3948 3213 4006 facienda
3249 3955 3456 4010 mentio

1878 4041 1982 4091 est.
2014 4033 2183 4105 idque
2211 4048 2310 4104 ego
2339 4049 2449 4090 non
2484 4035 2619 4092 meis
2648 4036 2875 4105 viribus,
2909 4046 3001 4094 aut
3025 4040 3251 4110 privatis
3280 4044 3454 4099 ratio-

1880 4121 2249 4179 cinationibus
2280 4123 2452 4179 fretus
2480 4122 2785 4195 aggrediar;
2817 4126 2910 4181 sed
2935 4135 3204 4197 quatenus
3232 4130 3453 4201 quidem

1880 4212 2145 4270 Dominus
2172 4214 2416 4269 omnium
2436 4229 2502 4271 ac
2530 4216 2843 4273 misericors
2872 4202 3015 4274 Deus
3041 4221 3322 4291 prophetis
3338 4224 3454 4282 suis

1880 4303 2113 4374 aperuit,
2153 4318 2453 4375 eorumque
2478 4304 2636 4360 nobis
2670 4304 2936 4362 beneﬂcio
2962 4309 3344 4369 universarum
3366 4304 3453 4371 re;

1882 4410 2002 4449 rum
2036 4395 2308 4460 notitiam,
2360 4405 2624 4465 quantum
2658 4397 2938 4454 hominum
2974 4410 3170 4457 natura
3198 4404 3322 4471 fert,
3352 4407 3454 4461 im-

1883 4485 2084 4557 pertire
2106 4485 2360 4557 dignatus
2388 4495 2493 4541 est.
2531 4486 2615 4544 He
2635 4492 2763 4544 vero"
2784 4488 2897 4559 jam
2923 4501 3036 4547 tum
3066 4493 3184 4564 ipso
3207 4494 3452 4567 disputa-

1883 4576 2048 4632 tionis
2092 4576 2247 4631 initio
2298 4579 2448 4649 angit
2507 4578 2650 4636 haud
2691 4580 3038 4639 mediocriter
3073 4592 3236 4655 atque
3290 4593 3457 4644 terret

1882 4668 2119 4738 suscepti
2185 4667 2366 4739 operis
2426 4670 2761 4739 magnitudo.
2821 4669 3000 4738 Quare
3044 4675 3453 4732 sanctissimum

1883 4759 2034 4812 illum
2096 4760 2299 4825 Deum,
2357 4760 2410 4830 2
2459 4760 2688 4834 ejusque
2746 4762 2943 4818 Filium
2991 4766 3215 4821 unicum
3268 4764 3455 4824 Iesum

1882 4850 2188 4917 Christum,
2239 4866 2339 4906 nec
2377 4868 2487 4908 non
2515 4860 2571 4908 et
2603 4861 2853 4909 sanctum
2891 4855 3012 4924 ejus
3052 4854 3315 4926 Spiritum
3358 4872 3458 4928 ap-

1884 4942 2026 5013 pello
2046 4981 2061 5008 ,
2114 4952 2170 4997 ut
2201 4941 2269 4996 ad
2303 4942 2533 5012 hujusce
2562 4946 2641 4999 rei
2670 4944 3053 5001 illustrandam
3084 4944 3452 5031 cognitionem

244 5034 483 5103 γνώσεως.
529 5040 594 5093 Οἱ
640 5040 740 5111 μὲν
791 5039 899 5111 γὰρ
947 5038 1057 5092 τῶν
1114 5036 1379 5109 Ἐλλήνων
1426 5040 1780 5108 συγγραφεῖς,
1811 5036 1855 5091 Β
1884 5047 1969 5089 me

1884 5039 2120 5089 mentem
2168 5042 2410 5087 nostram
2456 5031 2639 5088 divina
2683 5034 2805 5089 luce
2837 5036 3150 5105 perfundat.
3182 5038 3255 5094 Ut
3308 5039 3452 5094 enim

245 5131 433 5198 ποιηταί
472 5147 531 5184 τε
575 5110 673 5185 καὶ
714 5110 1061 5201 λογογράφοι,
1096 5110 1505 5199 ἐπιϐαλλόμενοι
1545 5145 1648 5181 τινι
1680 5145 1783 5198 μυ-

1882 5124 2113 5197 gentiles
2145 5123 2445 5194 scriptores
2477 5133 2588 5179 tam
2620 5132 2812 5194 poetae,
2842 5140 3006 5196 quam
3034 5126 3260 5183 alterius
3291 5142 3454 5199 gene-

244 5213 378 5273 θὼδει
411 5224 820 5295 συγγράμματι,
849 5220 1071 5276 Μοῦσάν
1127 5238 1251 5274 τινα
1280 5218 1640 5273 ἐπεκαλοῦντο
1700 5219 1780 5291 (οὐ
1870 5215 1957 5289 ‘ris

1881 5215 1957 5270 ris
1983 5214 2193 5279 solent,
2226 5228 2349 5268 cum
2379 5213 2687 5271 fabulosum
2717 5215 2936 5287 aliquod
2970 5230 3110 5288 opus
3138 5217 3452 5282 instituunt,

241 5304 332 5377 γὰρ
360 5307 515 5362 Θεόνο
548 5307 907 5382 δάιμονιώδης
940 5306 1049 5379 γὰρ
1078 5310 1210 5380 παρ’
1253 5307 1421 5379 αὐτῆς
1459 5307 1482 5340 ⁸
1519 5311 1553 5380 ἡ
1598 5309 1780 5377 σοφία,

1883 5306 2161 5362 Musarum
2190 5305 2485 5376 implorare
2523 5307 2837 5379 quampiam
2873 5311 3072 5380 (neque
3107 5309 3253 5365 enim
3285 5309 3452 5365 Deum

242 5398 324 5449 καὶ
349 5400 617 5472 ἐπίγειος,
647 5401 745 5456 καὶ
777 5404 889 5456 οὐκ
930 5401 1158 5457 ἀνωθεν
1190 5401 1614 5470 κατερχομένη,
1643 5400 1785 5454 κατὰ
1883 5398 1970 5453 inv

1883 5398 2135 5453 invocant
2160 5397 2220 5460 ii,
2239 5412 2472 5467 quorum
2494 5399 2675 5453 omnis
2701 5414 2769 5454 ex
2792 5399 3098 5455 daemonum
3120 5400 3300 5456 aﬂlatu
3330 5415 3454 5469 pro-

240 5478 293 5531 τὸ
319 5489 742 5558 γεγραμμένον)·
789 5488 948 5560 ἡμεῖς
988 5488 1045 5540 δὲ
1093 5488 1496 5558 ἐπικαλούμεθα
1541 5489 1630 5542 τὸν
1675 5488 1782 5543 τῶν
1879 5504 1970 5560 gre

1881 5502 2067 5560 gressa
2110 5489 2378 5558 sapientia
2424 5497 2531 5558 est,
2564 5491 2865 5563 eademque
2902 5500 3131 5562 terrena,
3170 5508 3261 5546 nec
3307 5507 3335 5544 e
3361 5506 3424 5544 su

304 5636 318 5666 ¹
350 5634 457 5693 Vel.
484 5639 742 5697 ἐμαυτοῦ.
817 5636 838 5666 ²
865 5637 1038 5695 Forte.
1068 5640 1191 5696 ἀπό.
1270 5642 1475 5715 {Deest
1508 5642 1648 5698 forte
1682 5644 1918 5712 Πατέρα,

1881 5663 1918 5698 ι.
2002 5645 2165 5702 ‘Cor.
2199 5646 2401 5709 αὐτοῖς.
