3870 6068
383 217 480 272 I70

1767 208 1826 263 S.
1868 206 2208 263 EPII’HANII

3521 218 3626 271 180

381 338 476 383 aut
503 327 781 398 opinione,
817 339 880 379 ac
914 324 1206 385 sententia.
1240 331 1333 376 aut
1363 321 1602 392 disparis
1627 323 1746 376 vitce
1772 321 1955 392 appel-

2087 323 2120 375 κύ
2157 322 2270 393 βίου
2305 325 2623 397 διακρίσεως
2656 327 2938 398 ἐπίκλησιν
2985 328 3340 400 κεκτημένος,
3381 329 3414 400 ἢ
3458 331 3630 401 Ἀδὰμ

383 421 584 474 latione
616 417 978 482 censebatur;
1025 429 1125 471 nec
1174 413 1320 468 aliud
1365 427 1527 482 quam
1573 411 1762 465 Adami
1797 427 1958 467 voca-

383 512 572 566 bulum
604 509 651 564 ei
677 507 990 577 impositum
1027 513 1165 570 erat,
1197 505 1340 575 quod
1389 503 1649 558 hominem
1695 503 1959 573 interpre-

385 617 583 659 tamur.
617 601 697 656 Ex
732 602 965 671 ipsomet
1005 613 1169 669 porro
1209 596 1405 652 similis
1440 596 1488 651 ei
1525 595 1738 660 mulier,
1769 595 1957 650 eodem

387 697 610 764 inquam
641 707 672 747 e
716 706 981 760 corpore,
1027 697 1189 760 atque
1240 704 1307 744 ex
1352 688 1545 744 eodem
1605 685 1785 741 aﬂlatu
1835 700 1961 755 pro-

387 795 604 851 creata;
635 784 794 840 liberi
826 784 1117 852 utriusque
1145 795 1310 838 sexus
1335 779 1502 851 geniti
1532 786 1679 834 sunt.
1715 777 1962 846 Cumque

389 891 560 930 annos
594 874 824 928 vixisset
857 873 960 927 930
983 875 1026 935 ’,
1065 887 1131 926 ex
1167 871 1269 926 hac
1307 870 1416 924 vita
1450 867 1724 924 discessit.
1767 865 1960 920 Adami

391 965 537 1018 filius
586 960 790 1017 Setbus
840 963 1085 1026 exstitit,
1143 960 1308 1029 hujus
1351 958 1530 1024 Enos;
1591 971 1654 1011 ac
1704 955 1964 1024 deinceps

390 1055 690 1120 Cainanus,
721 1052 1034 1108 Malaleelus
1072 1059 1126 1106 et
1151 1050 1400 1106 Jaredus.
1435 1048 1608 1110 Hinc,
1645 1054 1757 1101 uta
1792 1046 1962 1116 majo-

395 1145 547 1199 ribus
581 1144 925 1213 accepimus,
976 1141 1126 1196 fraus
1160 1157 1222 1197 ac
1253 1142 1435 1197 scelus
1476 1140 1531 1195 in
1572 1139 1761 1194 orbem
1792 1146 1966 1192 terra-

396 1250 514 1288 rum
555 1233 796 1304 grassari
832 1233 1017 1302 erepit,
1048 1231 1193 1302 quod
1225 1231 1459 1300 primum
1504 1229 1574 1283 ab
1611 1227 1801 1282 Adami
1832 1243 1965 1283 con-

397 1325 632 1379 tumacia
666 1332 870 1386 natum,
891 1322 1018 1376 inde
1047 1321 1202 1376 Caini
1229 1320 1519 1392 parricidio
1552 1319 1966 1375 corroboratum

397 1415 593 1470 fuerat.
625 1413 807 1469 Jaredi
839 1428 967 1468 vero
996 1419 1242 1484 tempore
1277 1409 1341 1466 ac
1374 1411 1634 1482 deinceps
1664 1419 1850 1481 postea
1874 1427 1966 1464 ve-

399 1506 612 1570 neficia,
657 1505 813 1559 malae
847 1512 1022 1568 artes,
1068 1504 1398 1575 petulantia,
1454 1492 1757 1569 adulteria,
1806 1509 1970 1571 atque

403 1599 724 1670 improbitas
755 1599 935 1654 omnis
964 1599 1163 1668 erupit.
1209 1597 1450 1653 Necdum
1523 1606 1701 1653 tamen
1755 1586 1968 1654 diversa

399 1693 508 1746 ulla
540 1699 660 1748 erat
689 1692 894 1763 opinio,
927 1706 1109 1761 neque
1136 1691 1330 1760 dogma
1359 1690 1719 1753 contrarium,
1754 1689 1847 1746 sed
1867 1705 1972 1744 una

398 1786 666 1840 duntaxat
701 1783 918 1852 lingua,
943 1783 1167 1852 perinde
1206 1798 1268 1836 ac
1295 1797 1466 1852 genus
1497 1797 1665 1836 unum
1700 1781 1804 1836 sub
1833 1781 1973 1835 idem

399 1883 613 1945 tempus
638 1875 692 1927 in
723 1882 866 1928 terra
889 1873 1242 1942 dissipatum.
1271 1872 1402 1928 Post
1429 1873 1543 1928 haec
1571 1872 1801 1929 Jaredus
1834 1872 1976 1927 Eno-

401 1967 565 2020 chum
601 1965 768 2020 filium
797 1964 1010 2029 habuit,
1045 1966 1136 2036 qui
1168 1964 1280 2020 Deo
1307 1973 1494 2036 gratus
1520 1964 1658 2032 fuit;
1689 1980 1866 2036 neque
1895 1965 1978 2020 in-

401 2063 600 2109 ventus
619 2063 722 2110 est.
764 2054 920 2110 Hunc
943 2057 1088 2111 enim
1123 2057 1403 2112 transtulit
1430 2055 1594 2122 Deus,
1626 2072 1727 2112 nec
1749 2064 1976 2111 mortem

402 2147 558 2202 obiit.
588 2146 792 2202 Enochi
830 2148 972 2204 ﬁlius
999 2148 1332 2204 Mathusalas
1357 2147 1457 2203 fuit
1485 2168 1498 2202 :
1530 2148 1622 2219 qui
1650 2147 1978 2204 Lamechum

402 2239 622 2311 genuit;
647 2238 952 2296 Lamechus
969 2238 1254 2296 Noemum.
1287 2239 1399 2296 Sub
1418 2256 1526 2311 quo
1549 2240 1731 2295 divina
1763 2241 1978 2296 tandem

399 2334 613 2403 justitia
646 2334 897 2389 eluvione
921 2348 1186 2403 aquarum
1221 2333 1276 2386 in
1304 2331 1566 2387 mundum
1593 2333 1860 2399 immissa,
1883 2348 1977 2404 ge-

405 2440 510 2480 nus
551 2425 908 2478 animantium
944 2439 1107 2480 omne
1147 2425 1393 2480 funditus
1418 2426 1698 2480 exstinxit.
1738 2425 1887 2481 Unus
1927 2427 1981 2480 in

409 2532 534 2572 area
560 2515 800 2571 Noemus
830 2514 922 2569 Dei
951 2515 1108 2585 jussu
1137 2527 1386 2572 servatus
1428 2526 1542 2584 est,
1576 2526 1764 2584 utpote
1809 2518 1981 2572 eidem

409 2613 702 2676 acceptus,
746 2614 800 2662 et
849 2621 972 2660 cum
1003 2607 1198 2676 primis
1254 2606 1397 2678 apud
1452 2607 1601 2661 illum
1660 2608 1979 2678 gratiosus:

413 2699 501 2754 hic
547 2699 804 2770 inquam,
850 2713 974 2752 cum
1018 2698 1194 2754 tribus
1232 2698 1455 2760 liberis,
1495 2696 1688 2764 Semo,
1745 2698 1982 2764 Chamo,

412 2789 462 2860 5
488 2803 552 2844 ac
580 2787 830 2860 Japbeto,
863 2803 1073 2844 necnon
1106 2797 1159 2844 et
1192 2803 1359 2844 uxore
1379 2795 1487 2842 tam
1517 2805 1616 2844 sua
1648 2804 1811 2860 quam
1846 2788 1986 2844 filios

414 2897 533 2935 rum
572 2889 794 2950 ereptus
830 2889 950 2944 est;
1000 2881 1136 2934 adeo
1169 2889 1227 2935 ut
1255 2889 1378 2934 octo
1409 2896 1516 2935 non
1551 2882 1784 2952 amplius
1807 2883 1984 2953 capita

414 2972 483 3026 ab
510 2972 612 3026 hoc
645 2971 852 3027 diluvio
882 2972 937 3026 in
973 2986 1098 3026 arca
1137 2979 1347 3028 servata
1381 2971 1613 3040 fuerint;
1648 2973 1884 3044 itemque
1910 2990 1974 3030 ex
2009 2975 2049 3033 ϐ

413 3062 561 3116 uiuni
607 3063 903 3117 bestiarum
949 3070 1002 3117 et
1049 3064 1407 3119 animantium
1441 3079 1660 3134 genere,
1693 3067 1839 3121 velut
1888 3082 1981 3136 pe-

415 3152 636 3217 cudum,
669 3160 723 3207 et
768 3153 997 3208 aliorum
1029 3153 1331 3223 ejusmodi,
1367 3155 1433 3210 ad
1473 3157 1807 3212 restituenda
1836 3166 1986 3226 post-

417 3243 635 3299 modum
693 3244 749 3298 in
787 3244 1058 3316 integrum
1089 3245 1302 3312 omnia,
1334 3261 1400 3301 ex
1447 3248 1726 3302 nonnullis
1758 3249 1887 3314 duo,
1919 3265 1984 3304 ex

417 3336 540 3390 aliis
567 3344 785 3407 septena
824 3337 1050 3392 liberata
1080 3335 1209 3392 sint.
1239 3335 1353 3391 Hoc
1381 3338 1544 3392 modo
1564 3339 1772 3394 decima
1804 3349 1954 3396 trans
1979 3376 1983 3380 -

418 3435 536 3483 aeta
569 3429 848 3499 generatio
877 3437 960 3483 est
987 3443 1130 3484 anno
1159 3427 1225 3481 ab
1248 3427 1381 3484 orbe
1407 3421 1629 3484 condito
1659 3429 1822 3484 2262.
1862 3429 1989 3487 Inde

419 3526 670 3574 cessante
705 3517 910 3572 diluvio
951 3534 1117 3589 penes
1160 3517 1425 3573 Noemum
1477 3535 1600 3574 cum
1658 3519 1860 3576 familia
1891 3539 1988 3578 sua

421 3607 740 3663 resederunt
768 3605 982 3676 generis
1029 3607 1249 3660 lmmani
1283 3608 1522 3678 reliquize
1550 3610 1592 3640 '°
1631 3629 1643 3663 :
1685 3626 1809 3663 cum
1844 3612 1989 3665 nulla

421 3697 600 3754 adhuc
643 3708 787 3754 esset
815 3698 1124 3768 dogmatum
1172 3699 1406 3754 varietas
1429 3739 1442 3763 ,
1481 3716 1580 3755 uec
1627 3702 1732 3756 ulla
1766 3719 1896 3772 gens
1923 3704 1990 3758 ab

423 3791 530 3847 alia
562 3792 916 3861 discreparet,
943 3792 1153 3846 nullum
1183 3791 1406 3848 haeresis
1435 3809 1652 3862 nomen,
1683 3793 1990 3851 idololatria

424 3881 572 3934 nulla
604 3881 815 3951 uspiam
845 3889 1012 3938 esset.
1049 3880 1114 3936 Et
1138 3883 1394 3954 quoniam
1426 3898 1527 3939 suo
1567 3885 1799 3956 quisque
1844 3887 1994 3942 arbi-

425 3971 530 4026 trio
562 3972 724 4024 vitant
757 3971 1077 4028 instituebat
1133 3973 1331 4044 (neque
1364 3974 1506 4028 enim
1556 3991 1663 4029 una
1705 3977 1790 4031 lex
1819 3979 1994 4032 omni-

426 4062 527 4116 bus
547 4061 723 4116 adhue
752 4063 1066 4132 praescripta
1101 4061 1305 4126 fuerat,
1329 4063 1422 4119 sed
1454 4066 1828 4137 unusquisque
1859 4068 1992 4139 legis

426 4153 530 4208 sibi
564 4152 734 4208 vicem
763 4154 1074 4223 praestabat,
1107 4162 1269 4224 atque
1299 4170 1364 4210 ex
1395 4156 1672 4212 voluntate
1703 4172 1801 4213 sua
1833 4159 1994 4229 dege-

427 4245 551 4310 bat;
587 4260 686 4314 pro
723 4259 790 4300 eo
839 4261 902 4300 ac
936 4247 1293 4312 barbarismi,
1348 4247 1690 4323 aliorumque
1723 4251 1991 4324 ejusmodi

497 4444 517 4473 ’
549 4446 681 4504 Gen.
717 4457 771 4510 ν,
797 4445 850 4499 5.
929 4447 972 4476 '°
1005 4445 1138 4502 Gen.
1168 4463 1284 4514 vui,
1325 4450 1348 4502 l
1379 4465 1500 4520 sqq.

2062 415 2221 484 μόνον
2250 415 2486 486 κληθεὶς,
2532 415 2590 468 τὸ
2625 417 3053 488 ἑρμηνευόμενον
3079 416 3409 487 ἄνθρωπος.
3443 420 3632 491 Τούτῳ

2059 505 2356 563 πλάσσεται
2400 505 2460 572 ἐξ
2487 506 2650 561 αὐτοῦ
2680 507 2838 576 ὁμοία
2879 506 3024 577 αύτῷ
3051 507 3206 580 γυνὴ,
3235 511 3297 560 ὲκ
3337 508 3430 563 τοῦ
3465 509 3632 563 αὐτοῦ

2061 597 2328 668 σώματος,
2355 597 2446 652 καὶ
2472 597 2565 650 τοῦ
2586 597 2746 651 αὐτοῦ
2773 599 2988 670 ὲμφυσή
2998 616 3182 669 ματος.
3214 599 3410 662 Παῖδες
3432 599 3487 652 δὲ
3509 617 3635 668 γεν-

2059 691 2254 746 νῶνται
2297 691 2472 762 τούτῳ
2508 691 2735 762 ἄρῤενές
2785 708 2844 743 τε
2875 692 2968 744 καὶ
3008 691 3239 762 Θήλειαι.
3278 691 3386 743 Καὶ
3431 689 3633 760 βιώσας

2062 783 2156 854 έτη
2183 782 2468 836 ἐννακόσια
2483 781 2796 854 τριάκοντα,
2823 781 2885 834 τὸ
2916 779 3089 850 χρεὼν
3116 780 3388 834 ἀπέδωκε.
3429 780 3632 834 Τούτου

2064 877 2191 937 παῖς
2224 873 2352 944 Σήθ.
2376 872 2504 936 Υἱὸς
2544 872 2600 926 δὲ
2644 871 2832 925 τούτου
2867 870 3064 935 Ἐνώς·
3100 871 3194 925 καὶ
3227 872 3368 926 κατὰ
3386 872 3636 942 διαδοχὴν

2064 967 2293 1031 Καϊνὰν,
2314 965 2628 1034 Μαλαλεὴλ,
2659 964 2846 1036 Ἰάρεδ.
2885 965 2970 1027 Ὠς
2993 963 3049 1017 δὲ
3090 965 3123 1036 ή
3167 965 3464 1036 παράδοσις
3487 966 3520 1034 ἡ
3553 965 3636 1027 είς

2065 1062 2212 1130 ἡμᾶς
2240 1059 2487 1127 ἐλθοῦσα,
2515 1059 2760 1114 ἐντεῦθεν
2776 1057 3028 1130 ἢρξατοὴ
3054 1059 3432 1129 κακομηχανία
3466 1060 3524 1111 ὲν
3554 1059 3637 1111 κό-

2069 1164 2190 1218 σμῳ
2225 1148 2489 1216 γίνεσθαι,
2523 1148 2614 1201 καὶ
2645 1149 2739 1202 ἀπ’
2772 1148 2945 1220 ἀρχῆς
2976 1148 3074 1218 μὲν
3104 1147 3189 1215 διά
3206 1147 3305 1218 τῆς
3329 1148 3422 1201 τοῦ
3463 1149 3640 1218 Ἀδὰμ

2072 1236 2358 1307 παρακοῆς
2373 1276 2387 1300 ,
2418 1236 2511 1288 ἐπε
2522 1253 2606 1290 ιτα
2624 1236 2679 1289 δὲ
2699 1236 2786 1290 διὸ.
2807 1237 2904 1308 τῆς
2929 1237 3021 1290 τοῦ
3043 1238 3180 1291 Κάῖν
3203 1235 3641 1305 ἀδελφοκτονίας.

2068 1327 2180 1380 Νῦν
2214 1326 2270 1378 δὲ
2303 1328 2360 1379 ὲν
2399 1327 2612 1398 χρόνοις
2642 1326 2735 1380 τοῦ
2784 1327 2952 1398 Ἰάρεδ
2994 1327 3088 1380 καὶ
3120 1326 3378 1378 ἐπέκεινα
3428 1344 3644 1399 φαρμα-

2069 1419 2190 1473 κεία
2233 1418 2326 1472 καὶ
2376 1418 2596 1489 μαγεία,
2637 1418 2913 1487 ἀσέλγεια,
2955 1418 3166 1488 μοιχεία
3209 1435 3267 1470 τε
3312 1418 3404 1470 καὶ
3435 1417 3643 1471 ἀδικία.

2071 1512 2144 1564 υύ
2176 1511 2367 1582 γνώμη
2411 1527 2495 1574 τις
2535 1510 2714 1580 ἑτέρα,
2751 1511 2811 1562 ού
2857 1509 2983 1574 δόξα
3033 1508 3467 1580 μετηλλαγμένη,
3508 1507 3648 1562 ἀλλὰ

2079 1605 2175 1676 μία
2206 1603 2422 1672 γλῶσσα
2455 1604 2547 1657 καὶ
2577 1603 2730 1672 γένος
2759 1603 2816 1656 ἓν
2848 1602 2939 1655 ἐπὶ
2962 1603 3066 1673 γῆς
3094 1601 3212 1656 κατ’
3241 1603 3416 1656 έκεῖνο
3449 1600 3663 1672 καιροῦ-

2079 1692 2443 1765 ὲσπαρμένον.
2477 1693 2662 1764 Τούτῳ
2700 1693 2756 1746 δὲ
2784 1692 2862 1763 τῷ
2898 1692 3067 1764 Ἰάρεδ
3098 1693 3306 1762 γίνεται
3338 1695 3470 1755 παῖς
3521 1691 3650 1744 τού-

2078 1802 2218 1856 νομα
2262 1783 2450 1854 Ἑνὼχ,
2478 1785 2536 1847 ὃς
2571 1785 2901 1856 εύηρέστησε
2935 1784 3010 1854 τῷ
3055 1783 3193 1855 Θεῷ,
3228 1785 3321 1836 καί⁵
3345 1784 3444 1854 οὐχ
3485 1783 3652 1854 ηὑρί-

2080 1893 2256 1930 σκετο.
2308 1876 2588 1948 Μετέθηκε
2629 1877 2736 1948 γάρ
2784 1875 2945 1928 αὑτὸν
2985 1877 3012 1928 ὁ
3049 1875 3202 1942 Θεὸς,
3250 1875 3344 1927 καὶ
3389 1875 3488 1926 ούκ
3540 1870 3654 1928 εἶδε

2079 1965 2326 2019 θάνατον.
2387 1964 2558 2035 Ἑνὼχ
2598 1964 2653 2017 δὲ
2699 1965 2862 2034 γεννᾷ
2904 1963 2994 2016 τὸν
3041 1963 3395 2028 Μαθουσάλα,
3440 1962 3656 2016 Maeon-

2083 2057 2221 2112 σάλοι
2251 2057 2341 2110 τὸν
2381 2057 2591 2127 Λάμεχ,
2629 2056 2821 2126 Λάμεχ
2855 2055 2948 2109 τὸν
2990 2055 3133 2108 Νῶε.
3170 2056 3280 2109 Καὶ
3314 2057 3347 2126 η
3392 2053 3484 2108 τοῦ
3513 2054 3657 2108 Θεοό

2079 2148 2440 2220 δικαιοκρισία
2494 2147 2877 2218 κατακλυσμὸν
2943 2147 3133 2210 ὓδατος
3187 2145 3528 2214 ἐπενέγκασα
3588 2148 3656 2216 τῇ

2081 2240 2387 2310 οἰκουμένῃ,
2435 2241 2613 2292 πᾶσαν
2649 2238 2826 2309 σάρκα
2855 2237 3155 2309 ἀνθρώπων
3187 2253 3246 2288 τε
3277 2237 3377 2289 καὶ
3415 2235 3522 2288 τῶν
3566 2235 3657 2288 ἃλς

2081 2331 2186 2385 λων
2222 2331 2518 2401 ἐξήλειψεν.
2568 2328 2829 2399 Ἐφύλαξέ
2861 2345 2920 2382 τε
2975 2329 3032 2381 ἐν
3080 2327 3312 2400 λάρνακι
3352 2325 3439 2380 διὰ
3486 2344 3657 2398 προσ-

2081 2425 2358 2494 τάγματος
2404 2422 2494 2475 τὸν
2531 2421 2676 2486 Νῶε,
2726 2421 3164 2492 εύαρεστήσαντα
3197 2417 3426 2472 ἐνώπιον
3466 2418 3656 2480 αὑτοῦ,

2083 2517 2177 2571 καὶ
2238 2515 2466 2586 εὑρόντα
2522 2514 2717 2585 χάριν
2777 2511 2936 2566 αὐτὸν
2988 2511 3043 2564 δὲ
3098 2511 3188 2564 τὸν
3239 2510 3657 2583 προδεδηλωμέ·

2082 2625 2171 2662 νον
2218 2605 2358 2670 Νῶε,
2400 2605 2495 2664 καὶ
2535 2605 2661 2668 τοὺς
2703 2607 2850 2676 τρεῖς
2895 2604 3041 2666 υἱοὺς
3093 2600 3279 2665 αὑτοῦ,
3320 2601 3459 2673 Σὴμ,
3501 2602 3658 2672 Χὰμ,

2098 2697 2296 2766 uaeas,
2336 2697 2432 2766 τήν
2456 2712 2514 2746 τε
2547 2693 2681 2748 ίδίαν
2735 2693 2985 2760 σύζυγον,
3028 2694 3122 2746 καῖ
3162 2689 3271 2743 τῶν
3315 2690 3481 2761 τριῶν
3525 2691 3660 2743 υἱῶν

2083 2789 2182 2853 τὰς
2207 2791 2354 2858 τρεῖς
2373 2789 2635 2856 γυναῖκας
2662 2802 2674 2815 ’
2706 2784 2845 2838 ὥστε
2888 2782 3188 2853 ἀνθρώπων
3222 2781 3398 2851 ψυχάς
3421 2779 3572 2833 ὀκτὼ
3606 2782 3661 2832 ἐν

2085 2883 2151 2952 τῇ
2182 2879 2303 2932 τότε
2337 2878 2567 2951 λάρνακι
2590 2875 2956 2930 διασώσασθαι
2979 2874 3084 2928 ἀπὸ
3109 2872 3202 2927 τοῦ
3233 2872 3420 2936 ὕδατος
3445 2871 3540 2925 τοῦ
3567 2889 3663 2925 κα-

2083 2969 2416 3040 τακλυσμοῦ,
2461 2969 2554 3023 καὶ
2597 2967 2706 3022 ἀπὸ
2746 2966 2943 3030 παντὸς
2995 2964 3181 3034 γένους
3231 2963 3412 3038 θηρῶν
3453 2981 3515 3016 τε
3571 2963 3664 3016 καὶ

2091 3063 2264 3129 ζώων,
2295 3061 2507 3131 κτηνῶν
2544 3077 2603 3114 τε
2629 3058 2724 3114 καὶ
2751 3057 2857 3112 τῶν
2896 3057 3067 3112 ἄλλων
3104 3057 3213 3110 τῶν
3243 3057 3336 3109 ἐπὶ
3366 3057 3488 3126 γῆς,
3526 3057 3666 3125 πρὸς

2093 3137 2348 3210 σύστασιν
2380 3152 2540 3206 πάλιν
2577 3151 2674 3222 τῆς
2717 3151 2773 3203 ἐν
2807 3150 2996 3220 κόσμῳ
3036 3149 3250 3204 πάντων
3290 3148 3662 3211 ὑποστάσεως,

2091 3248 2200 3304 ἀπό
2225 3264 2386 3300 τινων
2404 3245 2502 3318 μὲν
2534 3243 2628 3297 δύο
2645 3243 2760 3308 δύο,
2778 3243 2884 3296 ἀπὸ
2910 3242 2966 3294 δὲ
2993 3241 3166 3294 ἄλλων
3196 3240 3335 3294 ἑπτὰ
3362 3239 3522 3292 ἑπτά.
3559 3241 3680 3294 Καὶ.

2092 3338 2233 3393 οὓτω
2265 3335 2506 3408 παρῆλθε
2549 3333 2748 3405 δεκάτη
2793 3332 2956 3402 γενεά
2995 3333 3059 3386 δι’
3088 3331 3223 3384 ἐτῶν
3280 3329 3557 3401 δισχιλίων
3591 3329 3665 3397 (8)

2092 3431 2377 3486 διακοσίων
2417 3427 2793 3501 ἑξηκονταδύο.
2826 3427 2936 3481 Καὶ
2964 3427 2993 3479 ὁ
3032 3423 3412 3495 κατακλυσμὸς
3449 3422 3665 3477 πέπαυ·

2094 3543 2204 3590 ται,
2239 3525 2332 3579 καὶ
2361 3521 2506 3585 Νῶε,
2541 3521 2636 3576 καὶ
2667 3524 2696 3574 ὁ
2724 3519 2887 3575 αύτοῦ
2915 3513 3061 3582 οἶκος
3089 3517 3339 3586 λείψανον
3371 3513 3450 3585 τῷ
3476 3515 3668 3585 κόσμῳ

2095 3615 2404 3686 γεγένηται.
2468 3611 2635 3665 Οὔπω
2661 3611 2717 3665 δὲ
2746 3608 3068 3680 ἑτεροδοξία,
3106 3607 3206 3661 οὐκ
3233 3606 3382 3668 ἔθνος
3404 3621 3458 3658 τι
3483 3604 3669 3672 διαφεο

2099 3707 2344 3780 ρόμενον,
2369 3704 2470 3757 ούκ
2515 3702 2688 3774 ὄνομα
2729 3700 3012 3772 αἱρέσεως,
3051 3697 3166 3752 ἀλλ’
3211 3697 3331 3750 οὐδὲ
3383 3693 3667 3748 εἰδωλολαη-

2096 3797 2271 3868 τρεία.
2336 3793 2552 3865 Ἐπειδὴ
2589 3793 2645 3846 δὲ
2688 3791 2916 3856 ἕκαστος
2958 3789 3256 3861 ἀνθρώπων
3319 3787 3424 3858 ἰδίᾳ
3475 3785 3667 3856 γνώμη

2099 3889 2329 3960 ὲστοίχει
2361 3887 2542 3959 (νόμος
2567 3885 2676 3958 γὰρ
2721 3880 2800 3947 εἷς
2826 3881 3061 3952 ούδαμοῦ
3089 3879 3405 3949 ἐτύγχανενο
3435 3878 3667 3937 ἕκαστος

2099 3982 2205 4051 γὰρ
2251 3979 2428 4049 ἑαυτῷ
2459 3979 2621 4048 νόμος
2654 3976 2879 4045 ἐγίνετο,
2914 3973 3008 4027 καὶ
3031 3975 3095 4043 τῇ
3138 3971 3242 4042 ἰδίᾳ
3271 3969 3466 4042 γνώμῃ
3501 3968 3670 4022 ἐστοίς

2100 4090 2205 4143 χει,
2244 4069 2425 4134 καθὼς
2458 4068 2607 4140 παρὰ
2646 4066 2724 4138 τῷ
2759 4064 3061 4133 Ἀποστὸλῳ
3092 4064 3124 4134 ἡ
3169 4063 3361 4134 χρῆσις
3395 4061 3458 4113 ού
3514 4061 3670 4131 μόνον

2103 4157 2504 4231 βαρῦαρισμοῦ,
2540 4155 2675 4209 ἀλλὰ
2711 4155 2805 4209 καὶ
2831 4153 2940 4206 τῶν
2993 4152 3186 4208 ἄλλων.
3226 4150 3363 4221 Φησὶ
3393 4151 3538 4221 γάρ’
3580 4149 3671 4199 Ἐγ

2103 4254 2210 4326 γὰρ
2243 4249 2472 4320 Χριστῷ
2507 4247 2711 4317 Ἰησοῦ
2733 4249 2803 4300 οὺ
2820 4243 3142 4314 βάρϐαρος,
3173 4245 3244 4298 οὐ
3275 4243 3532 4309 Σκύθης,
3560 4240 3668 4309 οὐχ

499 4623 572 4692 (8)
591 4624 678 4698 ΔΔι’
883 4623 1244 4698 ῥισχρῑ-ζῳςιχ
1267 4623 1384 4698 Non
1421 4625 1586 4695 igitur
1624 4629 1896 4698 vulgatam
1944 4629 1982 4683 ir

2109 4627 2380 4685 Lamecbo
2395 4641 2526 4698 vero
2545 4625 2665 4698 I88,
2682 4625 2946 4698 conllent,
2957 4624 3159 4698 additis
3177 4623 3360 4698 Noemi
3375 4627 3667 4698 sexcentis,

429 4693 637 4748 nostris
672 4693 1005 4747 editionibus
1039 4692 1180 4745 LXX
1212 4692 1499 4748 Senioruin
1534 4692 1802 4752 rationém
1840 4713 1999 4754 secu-

428 4771 519 4816 tus
543 4769 646 4826 est,
679 4776 947 4838 annorum
984 4761 1144 4824 1242,
1168 4764 1263 4818 sed
1297 4765 1744 4838 castigatam,_ac
1787 4782 1999 4838 germa-

430 4845 580 4914 nam,
607 4830 814 4914 quaenad
851 4832 1085 4902 priorem
1121 4846 1295 4914 annos
1329 4830 1478 4914 addit
1509 4835 1601 4889 20.
1656 4830 1856 4914 Magna
1889 4837 2000 4914 jam

431 4912 547 4974 tum
574 4900 702 4974 olim
719 4900 1032 4974 ereorutn
1059 4904 1449 4974 exemplarium
1471 4921 1578 4958 non
1605 4921 1729 4960 cum
1748 4900 2004 4961 Hebraeis

431 4969 750 5042 Latinisque
801 4973 962 5027 modo
982 5011 997 5034 ,
1026 4973 1121 5028 sed
1151 4969 1337 5029 secum
1369 4973 1532 5028 etiam
1566 4974 1841 5030 discordia
1876 4976 1998 5031 fuit.

433 5039 508 5095 De
535 5039 705 5112 priori
735 5043 956 5112 disserit
985 5043 1324 5111 Augustinus
1367 5043 1460 5098 lib.
1495 5043 1570 5098 De
1602 5046 1744 5099 civit.
1773 5044 1871 5099 Dei
1913 5063 2001 5109 xv,

432 5111 553 5178 cap.
615 5111 701 5183 l5;
753 5111 972 5183 Hieron.
1038 5113 1239 5178 ραιεει.
1298 5113 1492 5183 Hebe.
1513 5115 1735 5183 aliique,
1768 5116 2005 5170 maxime

436 5180 786 5252 recentiores.
847 5181 934 5252 De
961 5184 1263 5252 posteriori
1307 5182 1428 5235 vide
1462 5180 1680 5239 Eusebii
1739 5183 2005 5252 Excerpla

433 5249 840 5323 chronologica;
884 5249 997 5323 ubi_
1023 5253 1173 5305 varie
1201 5266 1468 5323 annorum
1505 5268 1718 5310 summa
1755 5249 1998 5323 concipi~

437 5327 563 5392 ιρι-η
586 5318 663 5371 Ae
691 5329 949 5392 _propter_
985 5320 1274 5392 immanem
1328 5321 1738 5392 absurditatem,
1769 5339 1890 5392 rpite
1925 5318 2003 5378 'ex

439 5385 792 5441 Matbusalém
818 5385 984 5442 annis
1011 5391 1205 5450 oritur,
1261 5389 1476 5444 animus
1509 5401 1593 5446 est
1645 5393 1710 5446 ad
1753 5385 2006 5448 luunero-

441 5471 558 5508 rum
611 5456 1044 5512 emendationem
1093 5457 1358 5526 adjectus.
1391 5458 1523 5513 Nam
1565 5462 1611 5515 si
1648 5461 1789 5514 LXX
1829 5462 2002 5516 Inter-

440 5534 651 5649 K'retum
691 5541 1032 5582 communem
1062 5528 1356 5582 editionem
1395 5544 1645 5596 sequare,
1670 5546 1791 5600 qua:
1832 5547 2004 5586 annos

495 5595 831 5649 athusalcmo
859 5606 980 5649 ante
1015 5599 1252 5649 eenitum
1283 5598 1610 5649 Lamecllum
1640 5609 1854 5649 arrogat
1881 5602 1998 5649 l67.

495 5595 831 5652 atbusalemo
859 5606 980 5652 autc
1015 5599 1252 5662 genitum
1283 5595 1610 5652 Lamec’bum
1640 5595 1854 5671 arrogat
1881 5602 1998 5666 l67,

2103 4699 2232 4758 anni
2271 4708 2396 4752 ante
2427 4695 2693 4750 diluvium
2909 4694 3054 4749 Vixit
3103 4701 3283 4748 autem
3313 4692 3665 4748 Mathusalem

2104 4774 2157 4826 in
2190 4777 2359 4823 totum
2395 4782 2570 4822 annos
2595 4764 2718 4820 969.
2756 4765 2928 4834 Igitur
2959 4765 3026 4818 14
3052 4764 3230 4834 pannis
3249 4772 3379 4834 post
3401 4764 3660 4834 diluvium

2105 4837 2408 4908 superfuit;
2448 4834 2594 4906 quod
2619 4845 2702 4890 est
2734 4832 3001 4908 ineptum.
3034 4833 3214 4903 Quare
3232 4832 3669 4908 Africanus_llla-

2105 4901 2374 4963 tlu'tsalem
2396 4901 2574 4960 annos
2605 4914 2730 4960 ante
2762 4901 3087 4959 La'mechum
3131 4910 3441 4971 susceptum
3484 4901 3668 4956 tribuit

2110 4979 2234 5043 185,
2264 4976 2356 5047 qui
2383 4975 2448 5030 ad
2478 4974 2731 5047 Lamechi
2763 4971 3062 5047 Noemique
3097 4973 3341 5035 totidem,
3376 4982 3514 5047 quot
3545 4987 3668 5047 prof

2107 5052 2252 5104 xime
2282 5043 2741 5110 'numeravimus,
2783 5043 3025 5111 adiuncti
3075 5057 3342 5097 summam
3379 5043 3672 5111 coniiciunt

2104 5131 2370 5172 annorum
2401 5115 2525 5170 972.
2564 5114 2748 5184 Itaque
2778 5109 2976 5184 tribus,
3013 5119 3315 5184 quatuorve
3343 5113 3503 5184 annis
3530 5109 3668 5166 dilu-

2108 5190 2252 5240 vium
2281 5200 2430 5240 mors
2459 5185 2603 5239 illius
2617 5180 2930 5238 antecessit.
2957 5180 3185 5236 At'vero
3209 5180 3349 5234 idem
3380 5181 3670 5234 Africanus

2109 5259 2177 5311 ab
2205 5257 2336 5310 orbe
2365 5255 2588 5309 condito
2641 5253 2706 5307 ad
2754 5253 3018 5308 diluvium
3068 5265 3242 5304 annos
3268 5250 3475 5318 colligit
3511 5249 3665 5318 2267.

2108 5327 2315 5395 Quippe
2368 5324 2652 5395 Enos_l95
2686 5321 2916 5395 confert,
2944 5319 3243 5395 eum__l_._XX
3274 5316 3538 5395 duntaxat
3572 5316 3669 5370 l90

2104 5390 2415 5449 numerent.
2452 5393 2760 5448 Subtractis
2803 5393 3042 5460 quinque
3074 5390 3181 5445 illis
3210 5390 3517 5460 superlluis,
3551 5402 3668 5460 cre-

2104 5465 2334 5517 diderim
2387 5463 2439 5514 in
2509 5462 2733 5528 reliquis
2793 5457 3151 5529 Epipli'auium
3201 5457 3489 5529 Africani,
3557 5457 3669 5511 sive

2103 5532 2263 5594 LXX,
2294 5531 2435 5601 apud
2481 5531 2795 5635 Africanum
2826 5527 3182 5635 [Sgarprctum
3207 5527 3474 5583 calculum
3519 5540 3671 5582 secus

2103 5611 2215 5635 Iun:
2274 5618 2443 5635 quin“:
2477 5615 2668 5635 nnnlnn
2701 5616 2819 5635 nec“
2886 5605 2902 5626 iv
2956 5612 2974 5627 υ

2102 5611 2236 5667 ιιιιιι,
2273 5600 2446 5655 annos
2477 5607 2819 5670 compulassc
2849 5600 3008 5652 “2262.
