3870 6068
429 180 536 236 203

1851 156 1908 218 S.
1950 152 2296 216 EPIPIIANII

3591 144 3704 207 Ξοι

431 266 595 361 ratio,
624 293 958 364 minimeque
1004 288 1242 347 cohaeret
1288 286 1406 357 ipsa
1443 296 1656 347 secum,
1694 294 1818 335 cum
1865 286 1921 331 tu
1956 284 2011 332 et

2132 273 2438 347 Ὀμολογεῖς
2485 269 2584 341 μὲν
2622 268 2730 339 γάρ
2774 283 2891 321 τινα
2935 259 3077 320 εἶναι
3118 263 3478 337 δημιουργὸν,
3508 264 3567 319 δν
3605 269 3704 321 καὶ

432 388 685 460 ορίίίοθηι
739 384 1032 457 quemdam
1080 380 1327 439 omnium
1379 390 1560 432 rerum
1613 387 1737 430 esse
1787 370 2012 435 fateare,

433 497 595 555 quem
623 480 788 536 etiam
824 476 1254 547 omnipotentem
1299 466 1525 532 asseris,
1556 474 1610 521 et
1641 463 1696 518 in
1733 476 1799 518 eo
1833 469 2016 517 tamen

431 553 557 649 ipso
588 572 937 630 divinitatum
978 564 1214 622 divortia
1242 560 1571 618 constituas.
1593 555 1695 627 13
1711 553 2015 624 Cujusnam

434 643 563 723 vero
584 663 779 720 artifex
807 661 912 717 erit
936 658 1049 724 ille,
1078 656 1125 712 si
1151 653 1378 725 aequalis
1400 660 1647 721 tempore
1675 643 1907 717 materia
1927 655 2017 713 po-

433 756 619 813 nitur?
640 755 757 810 Erit
788 752 933 809 enim
962 763 1058 821 per
1087 762 1210 804 sese
1241 745 1441 802 suimet
1475 743 1595 813 ipsa
1630 737 1795 810 juris,
1825 741 2016 804 utpote

430 864 555 921 qua:
588 862 619 901 a
648 845 799 901 nullo
823 844 896 900 sit
926 838 1158 912 originis
1186 836 1460 910 principio
1482 831 1738 893 deducta,
1771 827 2017 896 adeoque

434 939 682 1009 subjecta
715 935 940 992 nemini.
974 931 1128 998 Quod
1164 931 1209 986 si
1244 929 1315 984 ab
1340 943 1426 992 ea,
1458 922 1763 997 producere
1802 928 1864 972 ut
1891 932 2018 989 pos-

435 1041 537 1096 set,
566 1029 750 1102 opifex
776 1028 868 1100 qui
905 1033 1251 1083 eamnactus
1298 1025 1385 1076 est
1428 1014 1721 1087 acceperit,
1752 1009 2017 1067 nonnulla

438 1125 553 1179 haec
583 1099 707 1177 esse
755 1120 915 1175 debet
956 1117 1105 1173 illius
1149 1110 1519 1174 imbecillitas,
1555 1121 1619 1160 ac
1658 1104 1805 1160 velut
1838 1099 2018 1171 egenti

436 1214 582 1268 facta
610 1209 947 1268 contributio
976 1226 992 1264 :
1028 1206 1290 1262 nimirum
1318 1201 1407 1272 qui
1438 1214 1547 1253 non
1578 1196 1807 1268 privatis
1832 1207 1899 1248 ex
1925 1206 2019 1247 eo-

435 1304 566 1374 piis,
598 1301 695 1358 sed
728 1317 795 1356 ex
820 1300 998 1354 aliena
1042 1295 1269 1351 materia
1312 1305 1474 1347 suum
1509 1299 1647 1358 opus
1675 1282 2016 1358 praestiterit.

434 1393 553 1449 Jam
587 1392 720 1449 illud
756 1392 823 1447 de
855 1389 1161 1444 animarum
1191 1385 1244 1440 in
1284 1383 1461 1438 aliena
1501 1388 1733 1450 corpura
1757 1374 2019 1438 transitu,

436 1492 697 1557 quantam
741 1484 798 1537 in
850 1488 902 1537 te
942 1481 1217 1537 levitatem
1247 1478 1554 1548 depravata:
1579 1471 1785 1557 mentis
1819 1466 2019 1539 arguit,

2118 364 2533 437 παντοκράτορα
2558 362 2665 433 φής
2684 378 2696 391 '
2718 361 2908 415 τοῦτον
2933 359 2990 414 δὶ
3013 357 3255 432 μερίζεις
3278 357 3357 420 εἱς
3386 356 3700 412 πολυθεῒαν.

2118 454 2276 516 Τίνος
2307 452 2351 504 δ’
2382 450 2449 505 ἂν
2500 449 2586 521 εἴη
2624 447 2990 520 δημιουργὸς,
3034 448 3048 478 ¹
3104 445 3138 518 ἢ
3180 445 3476 518 σύγχρονος
3526 447 3613 519 εἴη
3670 450 3704 519 ἡ

2119 544 2253 616 mn;
2287 543 2482 596 Ἔσται
2527 538 2639 612 γὰρ
2662 537 2798 594 καθ’
2846 536 3045 607 ἑαυτὴν
3090 536 3294 607 ἑαυτῆς
3342 533 3704 601 δεσπόζουσα,

2116 637 2150 704 ἡ
2181 633 2255 705 μὴ
2284 631 2393 687 ἀπὸ
2416 630 2589 684 αἰτίου
2622 627 2767 692 τινὸς
2797 624 3036 679 λαϐοῦσα
3060 622 3159 696 τὴν
3188 622 3367 695 ἀρχὴν
3400 662 3416 688 ,
3467 624 3563 676 καὶ
3601 624 3707 693 οὐχ

2119 726 2553 794 ὑποτασσομένη.
2600 721 2666 773 Εἰ
2721 719 2779 773 δὲ
2827 719 2856 772 ὁ
2905 715 3239 789 δημιουργὸς
3297 713 3448 786 παρὰ
3498 713 3707 784 ταύτης

2117 816 2382 887 λαμϐάνει
2416 810 2686 885 προϐολὴν
2718 809 2924 882 ταύτην
2954 807 3277 880 εὑράμενος,
3315 804 3574 879 ἀδράνειά
3622 822 3710 868 τις

2120 909 2186 963 ἂν
2234 907 2320 979 εἴη
2367 908 2461 960 καὶ
2490 905 2681 978 ἔρανος
2718 903 2784 957 δι’
2815 900 3048 973 ἀπορίαν
3091 898 3169 971 τῷ
3209 898 3711 970 προσπορισαμένῳ

2118 1001 2219 1054 οὐκ
2245 998 2353 1052 άπὸ
2390 997 2497 1051 τῶν
2537 995 2702 1058 ἱδίων,
2736 992 2852 1048 ἀλλ’
2890 991 2948 1058 ἐξ
2980 988 3356 1060 ὑποκειμένων
3384 986 3710 1059 ἀλλοτρίων,

2118 1090 2267 1151 ὅπως
2305 1088 2369 1141 τὸ
2412 1086 2544 1140 ἴδιον
2574 1084 2942 1154 ὑποστήσεται
2981 1078 3394 1151 δημιούργημα.
3434 1078 3546 1130 Καὶ
3579 1077 3713 1148 περὶ

2118 1184 2212 1240 τοῦ
2245 1183 2356 1237 τῶν
2395 1180 2582 1252 ψυχῶν
2620 1174 3000 1251 μεταγγισμοῦ
3045 1174 3211 1246 πολλή
3255 1190 3341 1237 τις
3370 1175 3403 1245 ἡ
3433 1173 3715 1243 φαυλότης

2119 1277 2219 1348 τῆς
2245 1270 2779 1344 παραπεποιημένης
2809 1280 2903 1322 σου
2941 1266 3179 1330 διανοίας
3208 1304 3221 1330 ,
3256 1264 3579 1334 ὲθελόσοφε,
3615 1266 3716 1318 καὶ

2120 1366 2323 1438 γνῶσιν
2389 1362 2696 1434 ἀνθρώποις
2744 1359 3182 1431 ὲπαγγελλόμενε
3216 1359 3229 1413 l
3266 1357 3330 1411 Εἱ
3372 1355 3481 1428 γὰρ
3541 1357 3713 1428 μέρος

2121 1459 2259 1514 Θεοῦ
2285 1456 2521 1529 ὑπάρχει
2563 1454 2658 1509 καὶ
2709 1453 3009 1516 ἀθάνατος,
3047 1450 3277 1522 σώματα
3307 1448 3365 1503 δὲ
3418 1446 3621 1519 οἰκτρὰ
3650 1447 3712 1500 οὐ

436 1537 530 1648 qui
576 1584 632 1630 et
676 1573 959 1645 sapientiae
994 1570 1226 1643 gloriam
1272 1537 1517 1632 affectas,
1550 1554 1602 1620 et
1647 1575 1829 1617 rerum
1877 1537 2021 1629 apud

2132 1551 2289 1622 μόνον
2315 1547 2527 1618 εἴποιμι
2560 1544 2743 1617 θηρῶν
2771 1560 2831 1597 τε
2873 1543 2966 1597 καὶ
2994 1540 3241 1613 ἑρπετῶν
3279 1538 3377 1594 καὶ
3419 1537 3715 1593 κνωδάλων

438 1625 530 1648 Ἰ--
582 1625 629 1630 --
677 1625 954 1645 ,Ἵππη
994 1625 1043 1643 υ
1505 1625 1516 1632 ,
1913 1625 1927 1629 _

438 1667 688 1724 homines
720 1664 1006 1722 scientiam
1036 1661 1342 1734 profiteris!
1392 1658 1526 1713 Nam
1564 1657 1608 1712 si
1635 1670 1761 1725 pars
1805 1659 1890 1707 est
1928 1650 2018 1704 illa

2132 1638 2395 1708 δυσγενῶν
2430 1639 2499 1708 τῇ
2535 1636 2729 1691 πλάσει
2774 1635 2944 1705 αὐτῆς
2979 1630 3301 1697 συνάπτεις,
3326 1633 3394 1703 τῇ
3428 1630 3538 1685 ἀπὸ
3574 1625 3714 1684 Θεοῦ

430 1756 557 1823 Dei,
588 1765 643 1812 et
671 1754 890 1826 quidem
912 1749 1274 1816 immortalis;
1308 1755 1367 1801 tu
1392 1760 1523 1801 vero
1548 1744 1614 1799 ad
1642 1739 2020 1797 infelicissima

438 1848 628 1904 nescio
660 1861 782 1917 quae
811 1856 1043 1915 corpora
1072 1856 1185 1897 non
1217 1839 1454 1894 ferarum
1483 1835 1667 1902 modo,
1694 1832 1789 1888 sed
1818 1839 1874 1887 et
1901 1843 2020 1885 ser-

2128 1731 2271 1787 κατὰ
2287 1730 2346 1782 σὲ
2363 1729 2462 1805 τὴν
2483 1726 2672 1781 οὐσίαν
2701 1736 2870 1797 κεκτη
2880 1725 3016 1796 μένῃ
3039 1739 3053 1755 ’
3081 1723 3178 1777 καὶ
3193 1723 3245 1777 τί
3262 1722 3330 1777 ἂν
3348 1721 3565 1792 γένοιτο
3591 1720 3714 1774 τού-

2127 1839 2223 1877 του
2260 1818 2659 1892 μοχθηρότερον
2674 1835 2689 1884 ;

439 1902 777 2011 pentum:ac
809 1902 1204 1990 vilissimorum
1242 1926 1623 1989 animantium,
1691 1920 2058 1978 conditionem
2098 1913 2245 1969 illius
2293 1908 2546 1974 dimittis,
2581 1920 2703 1977 quae
2754 1911 3028 1970 naturam,
3086 1911 3138 1960 te
3180 1902 3403 1975 quidem
3459 1909 3714 1967 auctore,

440 2035 695 2089 haustam
727 2045 757 2085 a
787 2027 900 2084 Deo
933 2034 987 2083 et
1022 2038 1340 2095 expressam
1368 2021 1630 2087 obtinuit;
1663 2023 1843 2090 potest
1868 2012 2164 2087 quidquam
2194 2020 2258 2063 ea
2289 2020 2348 2061 re
2380 2019 2501 2060 esse
2529 2000 2883 2074 perversius?

511 2120 597 2175 Ill.
637 2119 708 2174 At
742 2118 907 2174 etiam
937 2114 1128 2172 Fatum
1163 2114 1324 2170 nobis
1357 2112 1571 2183 objicis,
1615 2125 1647 2164 a
1687 2123 1797 2180 quo
1835 2105 2019 2163 omnia

440 2210 886 2283 proficiscantur,
923 2221 1046 2278 quae
1075 2214 1183 2262 tam
1223 2204 1460 2271 homini,
1492 2216 1656 2273 quam
1685 2199 1900 2256 caeteris
1931 2212 2022 2254 rc-

441 2305 547 2361 hus
573 2301 851 2357 accidunt.
883 2299 1088 2355 Verum
1129 2312 1262 2363 uno,
1312 2310 1486 2367 eoque
1512 2292 1843 2350 brevissimo
1875 2290 2022 2346 dicto

423 2405 595 2452 ttuum
641 2392 777 2449 illud
817 2395 1188 2447 commentum
1226 2395 1534 2443 evanescet.
1584 2385 1643 2441 Si
1689 2383 1835 2439 enim
1877 2380 2020 2438 istud

438 2490 663 2559 ipsum;
719 2483 1047 2554 sapientem,
1086 2494 1151 2536 ac
1205 2478 1533 2549 prudentem
1593 2476 1751 2541 fieri;
1797 2474 2024 2530 rationis

424 2577 769 2650 participem
811 2579 1206 2646 expertemque
1252 2569 1428 2635 nasci,
1488 2569 1814 2639 reliquaque
1857 2566 2025 2636 hujus

444 2668 665 2741 generis
705 2666 802 2721 fati
848 2663 1158 2721 necessitas
1204 2661 1398 2728 affert;
1448 2660 1647 2716 sileant
1693 2658 1915 2713 decreta
1957 2656 2027 2735 le-

435 2776 571 2832 ‘gum
604 2759 788 2815 omnia
828 2756 1076 2828 :quippe
1123 2769 1247 2810 cum
1287 2753 1343 2808 in
1385 2751 1673 2829 adulteros~
1703 2749 2027 2806 sceleratos-

2198 2100 2273 2158 l".
2305 2094 2661 2169 Εἱμαρμένην
2684 2092 2742 2146 δὲ
2771 2090 3149 2164 παρεισάγεις,
3173 2088 3250 2153 ὡς
3283 2086 3342 2156 ἐξ
3368 2088 3544 2159 αὐτῆς
3569 2082 3717 2157 γίνε-

2127 2191 2249 2246 σθαι
2289 2188 2360 2244 τά
2392 2186 2472 2258 τῷ
2509 2183 2782 2255 ἀνθρώπῳ
2828 2180 3192 2253 συμϐαίνοντα
3237 2180 3335 2234 καὶ
3376 2179 3584 2245 ἄλλοις.
3628 2180 3719 2247 Ἐξ

2124 2284 2243 2347 ἑνὸς
2273 2281 2330 2335 δὲ
2359 2277 2523 2352 ῥητοῦ
2547 2276 2614 2331 δι’
2638 2274 2905 2345 ἐπιτομῆς
2929 2272 3024 2327 τοῦ
3057 2272 3239 2342 λόγου,
3267 2273 3721 2344 ἅνατραπήσεται

2125 2378 2161 2449 η
2184 2375 2252 2447 σὴ
2287 2371 2599 2445 μυθοποιία.
2643 2368 2707 2422 Et
2750 2366 2860 2438 γὰρ
2897 2365 3242 2437 εἱμαρμένης
3273 2364 3334 2418 τὸ
3371 2363 3718 2432 σοφίζεσθαι,

2125 2465 2185 2520 τὸ
2210 2461 2601 2527 συνετίζεσθαι,
2620 2459 2681 2513 τὺ
2705 2458 2921 2528 λογικὸν
2959 2455 3252 2525 γεννᾶσθαι
3273 2455 3367 2509 καὶ¹
3389 2454 3606 2523 ἄλογον,
3625 2456 3718 2508 καὶ

2125 2556 2196 2611 τά
2223 2554 2358 2612 ἄλλα
2391 2542 2591 2617 πάντα,
2617 2548 3021 2604 παυσάσθωσαν
3061 2547 3213 2618 νόμοι
3231 2562 3245 2577 ⁸
3290 2547 3583 2617 ἐπικρατεῖ
3608 2545 3722 2617 γὰρ

2127 2648 2162 2719 ἠ
2189 2643 2499 2717 εἱμαρμένη
2537 2641 2738 2714 μοιχῶν
2767 2656 2828 2692 τε
2867 2638 2961 2694 καὶ
2992 2637 3189 2693 ἄλλων.
3224 2638 3392 2709 Δίκην
3425 2637 3481 2690 δὲ
3512 2637 3720 2708 μᾶλλον

2125 2739 2366 2792 τίσουσιν
2411 2735 2461 2788 οἱ
2522 2732 2767 2802 ἀνάγκην
2817 2730 3152 2794 δπιτιθέντες
3216 2729 3445 2802 ἀστέρες
3501 2730 3655 2801 ἥπερ
3694 2731 3720 2783 ὁ

444 2820 553 2923 que
595 2857 827 2905 caeteros
860 2820 1068 2900 fati'v—is
1117 2844 1210 2898 illa
1258 2841 1589 2898 dominetur.
1634 2820 1778 2895 Sane
1806 2838 2023 2909 quidem

2132 2826 2569 2898 ἀναγκαζόμενος
2625 2823 2822 2896 δρᾶσαι
2869 2821 2931 2876 τδ
2980 2822 3335 2894 ἐπιχείρημα.
3406 2820 3568 2874 Ἀλλὰ
3624 2822 3719 2876 καὶ

442 2913 647 3012 iustius
673 2938 742 2993 ab
775 2936 974 3001 stellis,
1017 2948 1138 3006 quae
1161 2933 1546 2989 necessitatem
1578 2931 1818 3003 pariunt,
1848 2945 2023 3002 paena!

2132 2920 2308 2984 ἄλλως
2333 2918 2414 2972 ἔτι
2442 2917 2569 2989 περὶ
2600 2914 2804 2970 τούτων
2837 2913 2968 2989 ὲρῶ.
3020 2913 3389 2985 Ἀργείτωσαν
3415 2913 3472 2966 αἱ
3506 2913 3719 2984 διατρι-

446 3036 793 3101 repetantur,
828 3041 995 3097 quam
1031 3025 1099 3080 ab
1126 3040 1194 3080 eo
1227 3024 1321 3095 qui
1359 3023 1506 3094 quod
1540 3023 1652 3095 agit
1679 3022 1903 3077 omnino
1933 3035 2026 3075 co-

448 3131 607 3179 actus
624 3119 963 3192 aggreditur.
985 3117 1157 3189 Atque
1178 3125 1240 3172 ut
1260 3117 1312 3172 id
1338 3117 1443 3170 alia
1472 3117 1683 3170 ratione
1704 3113 1978 3185 disputem
2009 3132 2021 3168 :

447 3213 497 3270 si
524 3206 606 3267 ita
638 3214 718 3266 uti
747 3211 936 3266 volunt
972 3224 1032 3265 se
1060 3225 1150 3265 res
1180 3209 1375 3275 habet;
1405 3205 1871 3279 agedum-scholae
1893 3219 2028 3259 cou-

445 3305 716 3361 ticescant
749 3323 762 3359 :
793 3303 1051 3360 desinant
1096 3302 1381 3372 sOphistze,
1429 3301 1701 3365 rhetores,
1754 3312 2028 3369 gramma-

446 3399 567 3466 tici,
594 3397 810 3464 medici,
848 3385 1168 3466 ceteraeque
1217 3393 1483 3448 doctrinae
1531 3408 1745 3457 omnes,
1798 3391 2028 3446 illibera-

448 3491 583 3545 lium
605 3489 805 3543 artium
831 3489 1121 3543 innumera
1153 3485 1467 3541 multitudo.
1503 3484 1613 3541 Nec
1646 3484 1844 3539 doceat
1872 3483 2027 3538 dein-

449 3595 581 3652 ceps
630 3580 948 3651 quispiam;
1005 3577 1338 3650 si-quidem
1379 3576 1500 3632 Fati
1557 3576 1858 3641 beneficio,
1916 3590 2028 3631 non

450 3672 758 3727 litterarum
790 3668 1104 3740 disciplina,
1140 3668 1327 3741 generi
1358 3669 1600 3724 humano
1638 3666 1869 3724 scientia
1895 3682 2029 3737 sup-

451 3762 677 3833 peditat.
712 3759 847 3815 Nam
880 3761 929 3816 si
957 3760 1151 3816 doctos
1190 3770 1353 3832 atque
1385 3759 1631 3816 eruditos
1659 3757 1871 3815 edicere
1907 3758 2029 3814 Fati

450 3854 760 3911 necessitas
788 3863 989 3925 poteSt,
1020 3867 1180 3908 nemo
1214 3851 1535 3924 praeceptori
1570 3860 1731 3908 navet
1762 3866 1984 3923 operam
2013 3872 2024 3906 :

452 3946 549 4003 sed
591 3945 699 4001 illae
747 3944 986 4001 stamina
1027 3944 1310 4001 trahentes
1340 3942 1529 3999 Parcae
1580 3942 1798 4013 ingenia
1848 3943 2028 3998 homi-

451 4052 583 4093 num
608 4035 916 4107 disciplinis
944 4035 1215 4099 imbuant,
1245 4034 1703 4106 quemadmodum
1736 4033 1885 4088 inani
1929 4033 2031 4087 fal-

452 4142 623 4200 soque
649 4127 746 4182 illo
763 4125 1019 4197 dogmate
1045 4124 1340 4197 profiteris.
1443 4178 1451 4185 ,

896 4235 1000 4309 ιι
1030 4235 1119 4291 DE
1156 4233 1562 4291 PLATONICIS
1575 4276 1589 4298 ,

597 4322 728 4390 Qua:
757 4339 834 4384 est
864 4329 1079 4384 haeresis
1113 4328 1388 4401 gentilium
1421 4327 1447 4382 Ι
1466 4326 1528 4394 γ,
1564 4329 1750 4383 ordine
1792 4324 1886 4381 VI.
1954 4390 1959 4395 ο

528 4500 650 4557 Haec
700 4508 894 4558 contra
942 4501 1219 4559 Zenonem
1277 4512 1331 4558 et
1373 4502 1590 4560 Stoicos
1636 4503 1783 4559 dicta
1845 4513 2031 4560 sunto.

455 4595 611 4663 Quod
649 4594 718 4650 ad
747 4594 1034 4650 Platonem
1058 4596 1273 4658 attinet.
1303 4597 1361 4651 in
1406 4598 1598 4652 eodem
1629 4597 1677 4652 is
1707 4597 1823 4653 luto
1848 4612 2035 4653 versa-

456 4695 563 4739 tur.
598 4684 734 4739 Nam
759 4684 828 4740 de
863 4684 1171 4738 animarum
1196 4700 1261 4740 ex
1291 4685 1415 4742 aliis
1444 4686 1500 4739 in
1525 4686 1629 4741 alia
1659 4702 1892 4758 corpora
1914 4695 2031 4743 tra-

427 4772 714 4846 'jcctione,
751 4790 816 4831 ac
857 4774 1265 4845 vicissitudine;
1299 4777 1474 4849 deque
1517 4780 1870 4837 multitudine
1902 4782 2035 4838 deo-

458 4881 602 4935 rum,
643 4883 707 4922 ac
743 4867 970 4939 reliquis
1001 4866 1325 4925 idololatriae
1371 4870 1897 4943 superstitionisque
1936 4890 2031 4945 ge-

455 4960 680 5017 neribus
715 4959 905 5018 eadem
941 4968 1028 5018 est
1055 4960 1205 5020 illius
1242 4963 1537 5020 sententia.
1571 4962 1680 5021 Sed
1706 4965 1773 5022 de
1803 4967 2032 5023 materia

456 5055 689 5112 fortasse
715 5071 826 5112 non
851 5055 1078 5113 omnino
1106 5071 1232 5112 cum
1256 5057 1475 5116 Zenone
1502 5058 1815 5130 Stoicisque
1844 5063 2031 5120 sentit.

530 5212 545 5241 ¹
582 5209 745 5268 Forte
780 5212 829 5266 εἱ
864 5208 1180 5285 σῦγχρονυς.

530 5363 643 5439 (l9)
688 5365 773 5439 [ἦ
794 5364 1337 5439 μετενσωμᾳτώσει.
1381 5366 1638 5424 Socrates
1667 5368 1810 5439 apud
1828 5364 2024 5439 iPlato-

2064 4230 2111 4288 D

2129 5365 2263 5425 Θεοῦ
2291 5388 2329 5439 φ

2132 3012 2247 3075 ϐαι,
2268 3009 2667 3065 παυσάσθωσαν
2692 3006 2941 3077 σοφισταί
2960 3024 3020 3060 τε
3041 3006 3133 3059 καὶ
3166 3005 3395 3076 ῥήτορες
3416 3004 3511 3063 καὶ
3535 3021 3721 3075 γραμς

2137 3107 2374 3181 ματικοὶ,
2418 3104 2590 3180 ἱατροί
2614 3120 2674 3157 τε
2694 3101 2789 3157 καὶ
2811 3100 2967 3157 ἄλλαι
2996 3099 3317 3171 ἐπιστῆμαι,
3345 3096 3636 3168 βαναύσων
3664 3114 3723 3151 τε

2133 3200 2335 3271 τεχνῶν
2361 3197 2656 3271 ἀμυθήτων
2705 3194 2928 3266 πλῆθος.
2975 3192 3088 3246 Καὶ
3128 3189 3329 3260 μηκέτι
3370 3188 3561 3261 μηδεὶς
3587 3206 3721 3242 παι-

2132 3292 2355 3355 δευέτω,
2388 3291 2547 3362 εἴπερ
2576 3289 2636 3355 ἐξ
2678 3287 3020 3360 εἱμαρμένης
3052 3282 3309 3355 τυῃίάνει
3349 3281 3456 3336 τῶν
3488 3282 3724 3352 ἐπιστη-

2137 3385 2275 3458 μῶν,
2306 3385 2401 3439 καὶ
2433 3383 2507 3455 μὴ
2566 3383 2631 3435 ὲκ
2679 3378 3026 3451 γραμμάτων
3066 3376 3356 3448 μαθήσεως
3394 3375 3424 3428 δ
3450 3372 3723 3445 πορισμὸς

2133 3481 2201 3550 τῇ
2235 3476 2550 3547 ἀνθρωπεία
2578 3472 2758 3543 φύσει.
2795 3473 2859 3525 Εἰ
2892 3470 3002 3542 γάρ
3047 3467 3360 3541 εἱμαρμένη
3393 3466 3487 3520 τὸν
3515 3483 3724 3519 πεπαι-

2133 3568 2393 3641 δευμένον
2433 3567 2528 3621 καὶ⁹
2569 3566 2896 3634 λογιώτατον
2944 3559 3349 3634 παρεσκεύασε,
3392 3558 3466 3629 μὴ
3509 3557 3723 3628 μανθα-

2135 3662 2274 3717 νέτω
2296 3678 2378 3725 τις
2408 3658 2560 3732 παρὰ
2591 3656 2686 3711 τοῦ
2713 3657 3054 3719 διδάσκοντος
3072 3671 3085 3685 ο
3112 3652 3248 3708 ἀλλὰ
3273 3654 3340 3723 τῇ
3372 3649 3534 3721 φύσει
3581 3648 3722 3719 λαμο

2134 3752 2448 3809 ϐανέτωσαν
2489 3751 2588 3823 τὴν
2628 3750 2831 3821 εἴδησιν
2880 3750 2936 3802 αἱ
2990 3747 3116 3811 τοὺς
3178 3745 3365 3817 μίτους
3413 3742 3722 3796 κλώθουσαι

2134 3845 2359 3915 Μοῖραι,
2388 3840 2527 3896 κατὰ
2558 3839 2621 3893 τὸ
2648 3838 2868 3909 φθέγμα
2891 3836 2992 3907 τῆς
3033 3834 3356 3907 κομπὼδους
3401 3848 3494 3886 σου
3517 3831 3606 3884 διὰ
3634 3831 3719 3884 λό-

2133 3951 2247 4007 γων
2275 3935 2503 4004 πλάνης.

2702 4234 3150 4300 ΠΛΑΤΩΝΙΚΟΙ,

2142 4331 2396 4401 Τετάρτη
2441 4332 2672 4400 αἵρεσις
2706 4329 2826 4401 ἀπὸ
2887 4327 3318 4401 Ἑλληνισμοῦ,
3360 4323 3503 4395 ἕκτη
3539 4326 3607 4380 δὲ
3649 4321 3719 4396 τῇ

2749 4399 3096 4465 ὰκολσυθιςι.

2224 4515 2383 4569 Ἀλλά
2409 4513 2586 4568 ταῦτα
2627 4511 2764 4586 πρὸς
2795 4492 3144 4584 Ζήνωνακαὶ
3166 4509 3293 4573 τοὺς
3322 4506 3596 4570 Στωϊκούς
3632 4523 3720 4576 μοι

2137 4606 2388 4679 λελέχθω.
2412 4606 2636 4660 Πλάτων
2663 4604 2721 4658 δὲ
2767 4604 2885 4675 ἅμα
2920 4603 3017 4656 καὶ
3050 4601 3213 4666 αὐτὸς
3240 4598 3383 4655 κατὰ
3402 4598 3514 4653 τῶν
3540 4597 3722 4653 αὐτῶν

2138 4698 2538 4772 φερόμενος,τῇ
2569 4693 3190 4770 μετενσωματὼσειμξλ)
3225 4692 3321 4747 καὶ
3353 4690 3720 4764 μεταγγισμῷ

2137 4793 2245 4847 τῶν
2277 4791 2481 4863 ψυχῶν,
2512 4790 2608 4844 καὶ
2652 4787 2963 4852 πολυθεϊαις
3002 4788 3096 4841 καὶ
3134 4787 3253 4848 ταῖς
3290 4784 3483 4848 ἄλλαις
3506 4782 3712 4837 είδωλο·

2139 4881 2415 4953 λατρείαις
2448 4879 2543 4934 καὶ
2587 4877 3048 4949 δεισιδαιμονίαις,
3076 4877 3139 4930 οὑ
3158 4878 3225 4947 τῇ
3253 4874 3354 4947 ὕλῃ
3381 4875 3562 4946 πάντη
3594 4874 3718 4935 ἴσως

2142 4975 2282 5029 κατὰ
2312 4976 2533 5046 Ζήνωνα
2554 4974 2647 5027 καὶ
2674 4973 2799 5036 τοὺς
2815 4971 3084 5034 Στωϊκοὺς
3109 4968 3430 5041 ἐφρόνησεν.
3462 4964 3587 5021 Οἵδε
3614 4967 3721 5036 γάρ

2144 5065 2305 5131 αὐτὸς
2337 5065 2491 5130 Θεὸν,
2514 5065 2581 5119 τά
2607 5065 2664 5120 δὲ
2690 5063 2955 5134 γενόμενα
2985 5063 3161 5117 πάντα
3182 5061 3245 5115 ὲκ
3270 5059 3365 5117 τοῦ
3398 5058 3553 5123 ὄντος
3584 5056 3718 5112 Θεοῦ

2331 5384 2469 5446 ησιν-
2487 5371 2677 5436 οὐσίας
2693 5367 2868 5446 εἶναι.
2898 5368 3015 5426 Νῦν
3120 5371 3296 5446 οὕτως
3322 5372 3603 5446 ἀμέτρως,
3628 5373 3721 5427 καὶ

460 5434 586 5490 nem
620 5435 675 5488 in
705 5434 974 5491 Plttedone
1004 5434 1072 5491 de
1106 5437 1210 5491 hoc
1241 5438 1493 5505 dogmate
1519 5434 1783 5507 disputat.
1820 5438 1925 5494 Sed
1968 5446 2023 5492 et

454 5502 882 5562 Chrvsostomus
908 5505 1144 5560 Homilr'a
1176 5504 1200 5562 Ι
1229 5508 1282 5560 in
1301 5506 1464 5561 Joan.
1495 5506 1739 5562 Platonis
1766 5509 2022 5562 deamata

2132 5434 2340 5522 ἀσεϐῶς
2355 5434 2584 5511 ίὲπάρας
2614 5434 2734 5512 μεθ’
2765 5442 2961 5512 ἑτέρας
2993 5434 3314 5513 καθυϐρίζει
3344 5434 3506 5498 πάλιν
3552 5434 3722 5512 ὅπερο

2132 5509 2310 5562 ϐολης.
2342 5510 2423 5562 εἱς
2449 5511 2683 5562 γοίοους.
2712 5512 2804 5562 καὶ
2828 5511 2981 5562 δνουε
3003 5511 3259 5562 εἰσάγων.
3288 5513 3381 5562 καὶ
3404 5514 3471 5562 τὰ
3496 5512 3577 5562 ἔτι
3599 5512 3716 5562 τούς

523 5510 885 5593 ιινχερεὶᾳοιιι-ιιιε
902 5505 1144 5593 [familia
1176 5504 1282 5593 Litt
1301 5504 1464 5593 ann.
1495 5504 1739 5593 i’lat'qni‘s
1766 5509 2022 5590 dogmata

2132 5509 2310 5593 ϐολῆς,
2342 5510 2423 5593 εἱς
2449 5504 2683 5593 χοίρορς,
2712 5512 2804 5565 καὶ
2828 5504 2981 5574 ὅνους
3003 5504 3259 5581 εἱσάγών,
3288 5513 3381 5565 καὶ
3404 5514 3471 5567 τὰ
3496 5512 3577 5567 ἔτι
3599 5504 3716 5567 τοῦ-

456 5575 527 5634 de
559 5575 737 5633 anima
770 5575 1101 5648 redarguens
1131 5596 1143 5631 :
1179 5575 1291 5632 Νῦν
1324 5579 1419 5648 μὲν
1456 5578 1562 5646 γὰρ
1594 5578 1760 5649 αὐτὴν
1789 5575 1890 5648 τῆς
1927 5576 2022 5630 τοῦ

2132 5575 2558 5650 τωνάτιμότέρα
2588 5578 2722 5643 ζῶα.
