3870 6068
467 162 572 229 2οἸ

1882 166 1940 222 s.
1981 164 2327 243 EPlPllANH

3604 174 3696 244 508

466 313 574 369 que
612 284 876 365 vertigine
918 292 1116 363 raptim
1159 290 1312 345 velint
1350 288 1580 344 ﬂexuosi
1608 287 1770 343 illius
1823 288 2041 358 spiritus

2152 286 2365 356 ἄστρων
2415 285 2489 350 ὡς
2530 285 2639 339 ἀπὸ
2690 285 2784 338 τοῦ
2844 285 3299 357 ’δρακοντοειδοῦῖς
3349 291 3423 346 ἔτι
3454 295 3515 350 τά
3542 300 3692 357 πάντα

471 388 771 459 agitatione
802 385 1027 455 c’orripi.
1048 382 1190 439 'Haec
1218 396 1319 437 nos
1351 381 1421 437 de
1445 383 1676 437 istorum
1695 380 2045 451 dogmatibus

467 480 645 536 obiter
672 477 939 533 duntaxat
965 475 1264 545 attigimus.

535 567 598 623 ll.
650 566 808 623 Nunc
868 574 930 621 ut
982 564 1287 621 lectoribus
1338 562 1607 619 brevitate
1657 562 2044 627 consulamus,

448 667 705 730 .quatuor
741 657 906 715 simul
933 656 1018 711 ba:
1048 662 1211 710 secta:
1236 655 1490 710 oratione
1518 659 1709 709 nostra
1735 651 2048 711 refellenda

468 758 616 809 sunt.
652 749 737 804 Ab
768 748 853 805 his
889 747 1034 804 enim
1071 745 1411 819 primordiis,
1440 746 1527 801 vel
1556 752 1681 799 ante
1716 744 1832 799 haec
1855 743 2043 809 etiam,

467 850 527 897 ut
547 841 700 896 initio
713 839 975 905 diximus,
986 846 1188 911 poetae,
1208 836 1479 899 historici,
1496 834 1800 904 reliquique
1814 833 2047 904 scripto-

466 945 576 993 res,
608 926 937 993 astronomi,
968 926 1154 981 caeteri
1182 925 1422 996 denique
1449 922 1657 979 erroris
1701 922 1940 977 artiﬁces
1981 935 2046 975 ac

467 1021 737 1093 magistri,
775 1020 868 1091 qui
895 1019 963 1074 ad
998 1029 1258 1075 sexcenta
1297 1032 1482 1073 rerum
1524 1014 1812 1073 statuenda
1842 1014 2046 1084 prineio

467 1116 579 1187 pia,
617 1114 998 1185 pessimaSque
1033 1125 1233 1165 causas
1275 1108 1541 1178 impulere
1567 1106 1881 1161 mortalium
1909 1105 2046 1159 'ani-

468 1221 609 1273 mos,
640 1203 1027 1260 communibus
1054 1201 1271 1273 generis
1298 1200 1525 1254 humani
1555 1198 1810 1255 sensibus
1839 1197 2048 1253 densis-

468 1299 636 1355 simas
666 1298 924 1354 tenebras
966 1295 1300 1351 oﬂ‘uderunt.
1344 1292 1523 1364 Atque
1550 1280 1651 1347 hic
1684 1290 1902 1347 demum
1936 1291 2047 1361 pri-

348 1400 357 1409 '
468 1402 588 1449 mus
630 1402 786 1448 error
814 1391 1049 1453 exstitit,
1103 1388 1378 1444 idolorum
1425 1386 1737 1457 excogitata
1779 1387 2041 1455 supersti—

467 1485 564 1549 tio,
607 1483 904 1553 infelixque
957 1481 1049 1536 illa
1085 1479 1397 1549 disciplina.
1448 1478 1618 1531 Erant
1658 1482 1784 1530 tum
1815 1476 1953 1529 duas
1991 1474 2046 1528 in

466 1574 736 1628 factiones
774 1570 1033 1628 universa
1075 1566 1708 1638 distributa,'gentilium
1735 1579 1800 1619 ac
1826 1564 2044 1619 Judae—

2149 378 2467 466 ἐλαύνεσοαι
2512 376 2839 449 πνεύματος.
2892 379 3001 432 Καὶ
3062 378 3170 432 ἀπὸ
3217 381 3412 453 μέρους
3451 387 3543 443 ιιὲν
3576 396 3687 466 περὶ

2148 465 2354 519 τούτων
2385 465 2618 537 ἔφημεν.
3088 530 3091 531 ν

2224 556 2304 610 Β’.
2337 556 2428 628 Τῷ
2446 555 2504 609 δὲ
2528 555 2678 627 αὐτῷ
2699 556 2886 630 τρόπῳ
2916 557 3017 623 τὰς
3041 557 3307 632 τέσσαρας
3341 561 3529 628 ταύτας
3556 564 3688 642 alpi-

2150 665 2264 713 σεις
2277 648 2655 720 ἀνατρεπτέον
2679 648 2769 703 διὰ
2799 650 2898 721 τὴν
2923 652 3214 723 συντομίαν
3228 653 3325 725 τῆς
3343 655 3687 725 ἀναγνώσεως,

2160 740 2439 794 Ἐντεῦθεν
2491 739 2587 794 καὶ
2632 740 2890 813 ἀνωτέρω
2929 741 3137 808 λοιπὸν,
3171 743 3246 808 ὡς
3285 744 3439 818 ἔφην,
3476 752 3688 820 ποιηταὶ,

2150 831 2592 905 ἱστοριογράφοι,
2621 831 2968 905 λογογράφοι,
2993 835 3315 907 ἀστρονόμοι
3359 853 3416 890 τε
3452 839 3538 892 καὶ
3560 841 3604 892 oi
3635 842 3693 895 τὰ

2147 923 2283 977 ἄλλα
2308 923 2406 993 τῆς
2438 923 2646 993 πλάνης
2667 925 3114 996 εἰσηγησάμενοι,
3134 927 3184 979 οἱ
3211 931 3694 998 παρασκευάσαντες

2102 1016 2111 1027 '
2147 1014 2237 1068 τὸν
2297 1013 2421 1068 νοῦν
2469 1014 2562 1068 ἐπὶ
2588 1015 2791 1087 μυρίας
2844 1015 3021 1079 κακὰς
3062 1017 3244 1081 αἰτίας
3273 1020 3372 1072 καὶ
3410 1020 3696 1090 ἀναγωγὰς,

2150 1106 2465 1161 ὲσκότωσαν
2528 1107 2625 1161 καὶ
2689 1107 2962 1163 ὲθόλωσαν
3008 1109 3108 1181 τὴν
3158 1110 3257 1180 τῆς
3312 1110 3697 1184 ἀνθρωπότητος

2151 1197 2435 1268 ὑπόληψιν.
2478 1198 2589 1251 Kal.
2615 1196 2838 1267 γέγονεν
2877 1197 3015 1271 αῦτη
3054 1200 3248 1272 πρώτη
3282 1201 3474 1274 πλάνη,
3512 1205 3699 1261 ὲπίνοισ

2150 1286 2405 1353 εἰδώλων,
2471 1288 2564 1341 καὶ
2617 1282 3009 1360 κακοδαιμονία
3055 1289 3418 1356 διδασκαλίας.
3443 1288 3545 1346 Ἦν
3573 1294 3701 1348 δὲτᾶ

2151 1377 2331 1431 πάντα
2398 1379 2799 1450 μεμερισμένα,
2865 1379 3217 1452 Ἑλληνισμός
3266 1398 3326 1434 τε
3371 1383 3463 1436 καὶ
3514 1384 3703 1438 Ἰουδαῖ·

2152 1467 2286 1537 σμός
2307 1483 2321 1497 ·
2359 1468 2689 1541 Ἰουδαῖσμδς
2726 1468 2879 1524 οὔπω
2919 1472 3184 1544 πρότερον
3212 1473 3562 1545 καλούμενος,
3585 1476 3703 1530 ἀλλὰ

2148 1558 2236 1611 διὰ
2255 1557 2347 1612 τοῦ
2388 1559 2602 1631 Ἰσραὴλ
2625 1560 2686 1614 τὸ
2704 1561 2988 1633 ἐπώνυμον
3006 1564 3105 1635 τῆς
3129 1564 3416 1629 Θεοσεῦοῦς
3437 1565 3707 1637 θρησκείας

464 1680 609 1719 rum.
646 1663 845 1719 Verum
877 1660 1106 1716 Judaica
1135 1644 1281 1716 secta
1311 1670 1659 1728 nequaquam
1695 1655 1850 1709 initio
1883 1671 2041 1710 voca-

2152 1626 2597 1717 ὲπικεκλημένος,
2621 1648 2724 1712 ἕως
2743 1649 2831 1716 ὅτε
2857 1626 3095 1721 διαδοχαὶ
3122 1626 3497 1725 γεγέννηνταί.
3526 1626 3587 1708 ’Ὁ
3613 1626 3706 1726 γὰρ

466 1756 651 1817 batur,
688 1752 787 1808 sed
827 1752 991 1808 Israel
1016 1751 1221 1807 divinae
1251 1750 1380 1804 huic
1420 1747 1667 1818 religioni
1715 1761 2046 1818 cognomen-

470 1854 583 1899 tum
612 1851 729 1899 erat
754 1861 770 1909 ;
804 1842 983 1898 donec
1012 1856 1273 1912 generum
1304 1847 1387 1894 est
1418 1848 1710 1908 propagata
1745 1837 2043 1893 successio.

346 1994 359 1997 _
467 1934 681 1990 Etenim
722 1933 993 1997 Naasson,
1044 1933 1139 2002 qui
1172 1932 1348 1985 tribus
1378 1927 1532 1983 Iuda:
1562 1929 1816 1998 princeps
1863 1928 1916 1981 in
1947 1927 2042 1982 de-

468 2034 618 2082 serto
639 2027 975 2081 constitutus
1002 2031 1107 2090 est,
1140 2020 1366 2076 Salmon
1387 2019 1597 2091 genuit,
1628 2015 1851 2073 Salmon
1874 2017 2043 2085 Boos;

466 2116 610 2173 Boos
643 2115 817 2175 Obed.
850 2112 1185 2170 Obed-Jcsse
1218 2131 1232 2168 :
1267 2127 1392 2166 cum
1443 2113 1537 2182 qui
1580 2111 1831 2181 religiose
1875 2107 2047 2163 Deum

467 2209 706 2263 colerent
754 2205 933 2260 adhuc
979 2203 1238 2259 Israelita:
1283 2202 1619 2257 dicerentur.
1658 2199 1863 2254 Deinde
1890 2197 2047 2254 Jesse

467 2300 723 2355 Davidezu
768 2298 977 2369 genuit,
1024 2296 1117 2365 qui
1146 2296 1357 2366 primus
1398 2308 1429 2349 e
1458 2292 1605 2347 tribu
1633 2288 1786 2344 Iudae
1819 2304 2044 2359 regnum

466 2392 723 2445 obtinuit.
759 2388 932 2456 Cujus
955 2386 1024 2440 ab
1045 2386 1216 2453 stirpe
1241 2383 1501 2452 deinceps
1520 2388 1803 2451 perpetua
1831 2393 2049 2434 succes-

466 2481 626 2537 sione
659 2494 815 2550 reges
842 2476 1071 2547 imperio
1109 2475 1265 2545 potiti
1305 2481 1455 2528 sunt.
1489 2470 1594 2527 Sed
1631 2477 1757 2524 ante
1786 2466 2045 2523 Davidem

466 2572 679 2643 primus
712 2569 1070 2625 lsraeliticum
1092 2580 1319 2638 regnum
1348 2563 1549 2617 Saulus
1578 2568 1830 2616 tenuerat
1855 2574 1885 2613 c
1915 2557 2047 2614 Ben-

364 2706 367 2709 η
463 2664 658 2735 jamini
688 2663 852 2727 tribu,
878 2661 1042 2715 Ceiso
1064 2669 1221 2730 patre
1249 2656 1465 2725 genitus
1496 2672 1507 2708 :
1532 2653 1637 2724 16
1660 2666 1761 2706 nec
1787 2649 1838 2705 ei
1862 2657 2045 2704 tamen

446 2756 613 2811 --lilius
642 2753 944 2819 successit;
981 2751 1079 2807 sed
1126 2750 1194 2805 ad
1236 2749 1439 2803 tribum
1462 2744 1617 2801 Iudae
1656 2758 1752 2814 per
1786 2741 2043 2796 Davidem

468 2845 762 2916 imperium
787 2844 1114 2898 translatum
1147 2837 1448 2909 est.lgitur
1475 2835 1715 2891 Jacobus
1746 2834 2045 2888 liberorum

2148 1734 2415 1790 Ναασσών
2448 1739 2476 1791 6
2506 1739 2563 1792 ὲν
2587 1741 2650 1810 τῇ
2700 1740 2890 1810 ἐρήμῳ
2923 1739 3163 1809 γεγονὼς
3193 1742 3472 1816 φύλαρχος
3494 1743 3585 1816 τῆς
3621 1764 3707 1817 (pu-

2102 1826 2106 1830 ”
2148 1829 2246 1899 λῆς
2308 1830 2481 1883 Ἰούδα
2538 1832 2701 1902 γεννᾷ
2748 1831 2842 1885 τὸν
2874 1830 3140 1904 Σαλμών’
3182 1834 3417 1906 Σαλμὼν
3446 1838 3601 1908 γεννᾷ
3631 1836 3710 1891 τὸν

2148 1921 2278 1985 Βοός
2303 1938 2316 1953 ο
2345 1920 2481 1986 Βοὸς
2510 1922 2675 1992 γεννᾷ
2704 1921 2793 1975 τὸν
2836 1923 2999 1994 Ὠὂήδ
3021 1940 3035 1954 ’
3080 1923 3242 1995 Ὠὁὴδ
3276 1920 3438 1999 γεννᾷ
3468 1928 3554 1980 τὸν
3596 1930 3708 1980 Ἰεσ-

2150 2015 2239 2069 σαὶ
2288 2015 2382 2068 ἐπὶ
2433 2014 2538 2067 τῶν
2591 2014 2859 2070 Θεοσεόῶν
2938 2017 3294 2088 Ἰσραηλιτῶν
3347 2020 3710 2091 καλουμένων·

2161 2108 2358 2162 Ἰεσσαὶ
2384 2111 2549 2181 γεννᾷ
2575 2110 2663 2162 τὸν
2694 2109 2857 2163 Δαόιδ
2896 2109 2994 2168 ,τὸν
3018 2109 3265 2181 βασιλέα,
3291 2112 3349 2176 ὃς
3375 2113 3579 2184 πρῶτος
3603 2106 3708 2164 ἐϐα-

2149 2198 2394 2252 σίλευσεν
2413 2201 2477 2252 ἐκ
2515 2199 2687 2271 φυλῆς
2734 2201 2923 2255 Ἰούδα.
2960 2199 3051 2266 Ἐξ
3078 2195 3138 2256 οὗ
3167 2201 3362 2257 λοιπὸν
3389 2206 3436 2257 οἱ
3460 2203 3594 2258 κατὰ
3616 2203 3711 2257 διαο

2146 2289 2307 2362 δοχὴν
2345 2290 2605 2363 βασιλεῖς,
2640 2293 2705 2344 ὲκ
2745 2293 2839 2347 τοῦ
2896 2294 3219 2367 σπέρματος
3252 2284 3442 2364 αὐτοῦ,
3474 2288 3582 2361 υίὸς
3615 2289 3711 2350 διαο

2146 2381 2433 2452 δεχόμενος
2489 2383 2721 2455 πατέρα,
2780 2384 3016 2456 καθεξῆς
3081 2389 3502 2461 συνεστήκασιν.
3531 2384 3632 2442 Ἦν
3669 2374 3718 2440 δέ

2149 2473 2254 2543 πρὸ
2269 2474 2433 2528 αὐτοῦ
2462 2476 2555 2530 τοῦ
2586 2476 2753 2531 Δαϐὶδ
2789 2479 2817 2531 6
2847 2468 3023 2546 φύσει
3050 2480 3274 2554 πρῶτος
3314 2479 3631 2552 βασιλεύσας
3666 2468 3716 2531 ἓν

2162 2563 2377 2635 Ἰσραὴλ
2392 2565 2562 2618 Σαοὺλ
2582 2566 2694 2629 υίὸς
2716 2567 2846 2631 Κεὶς
2868 2568 2930 2620 ἐκ
2949 2568 3122 2639 φυλῆς
3137 2569 3424 2641 Βενιαμίν
3448 2571 3540 2624 καὶ
3553 2567 3718 2623 οὐκέτι

2149 2654 2315 2709 αὑτὸν
2345 2654 2613 2721 διεδέξατο
2644 2658 2755 2721 υἱός
2779 2674 2793 2687 ο
2836 2657 2971 2711 ἀλλὰ
3003 2660 3243 2734 μετέστη
3268 2662 3329 2716 τὺ
3357 2661 3620 2732 βασίλειον
3643 2657 3717 2712 διὸ

2146 2745 2311 2800 Δαῶδ
2362 2746 2579 2819 πρώτου
2636 2750 2716 2812 εἰς
2764 2748 2864 2820 τὴν
2912 2749 3083 2821 φυλὴν
3130 2749 3329 2807 Ἰούδα.
3372 2750 3596 2825 Πρῶτος
3625 2746 3721 2819 γὰρ

2145 2836 2294 2908 αὐτῷ
2323 2838 2400 2909 τῷ
2442 2837 2637 2893 Ἰακὼϐ
2670 2843 2803 2904 ’παῖς
2830 2840 3035 2909 γίνεται
3077 2840 3329 2914 Ῥουϐὶμ,
3359 2843 3607 2915 δεύτερος
3634 2834 3720 2893 Συ-

469 2937 708 3007 primum
734 2933 980 2988 omnium
1022 2927 1589 2997 Rubenum_suscipit;
1610 2923 1806 2980 deinde
1833 2924 2041 2980 Simeo-

2152 2927 2315 2999 μεὼν,
2333 2930 2514 3001 τρίτος
2546 2931 2732 2996 Λευῖς,
2761 2932 3021 3002 τέταρτος
3044 2924 3271 3001 Ἰούδας,
3289 2934 3349 3002 ἐξ
3369 2929 3430 2989 οὗ
3458 2932 3723 2988 καλοῦνται

468 3038 594 3083 nem
628 3044 642 3083 :
687 3021 1093 3086 tertium'Levi,
1129 3030 1404 3091 quartum,
1433 3016 1652 3081 Judam,
1673 3033 1703 3070 a
1736 3031 1846 3086 quo
1872 3013 2044 3070 Judaei

465 3116 839 3190 cognominati
865 3123 1015 3181 sunt,
1042 3114 1113 3169 ob
1130 3112 1288 3167 Judze
1326 3110 1556 3175 tribum,
1592 3108 1683 3179 qui
1725 3123 1792 3163 ex
1821 3106 2043 3177 religio-

465 3223 655 3265 sorum
682 3206 964 3262 hominum
995 3219 1192 3276 genere
1228 3200 1521 3272 prodierat,
1558 3198 1625 3252 ad
1658 3211 1777 3253 eam
1804 3197 2045 3266 appella-

464 3300 671 3354 tionem
707 3298 962 3352 traducti.
1017 3293 1299 3363 Siquidem
1340 3289 1603 3345 lsraelitae
1632 3286 1904 3357 principio
1950 3301 2046 3341 vo-

464 3391 576 3447 cati
602 3398 752 3455 sunt,
774 3389 867 3458 qui
896 3385 1070 3441 Judaei
1104 3384 1264 3439 modo
1301 3383 1577 3437 dicuntur.

520 3479 629 3535 λιιι.
669 3480 751 3534 Ad
786 3479 1103 3546 hocusque
1140 3482 1355 3543 tempus
1392 3479 1632 3542 quatuor
1663 3469 1720 3523 in
1766 3468 1926 3523 terris
1955 3467 2045 3523 bo-

466 3573 903 3642 minum‘genera
947 3566 1209 3639 perducta
1249 3572 1399 3630 sunt,
1430 3577 1663 3634 quorum
1700 3557 2045 3630 unumquod-

465 3681 572 3737 que
605 3680 706 3722 suo
738 3672 981 3733 tempore
1005 3659 1302 3730 separatim
1331 3655 1553 3720 coaluit,
1585 3653 1654 3709 ad
1684 3668 1806 3710 eam
1827 3659 2042 3712 aetatem

463 3766 519 3812 et
566 3756 729 3820 ultra,
787 3767 951 3824 quam
992 3752 1239 3822 proxime
1291 3746 1741 3821 signiﬁcavimus.
1792 3744 1926 3799 Nam
1973 3743 2042 3799 ab

463 3846 672 3901 Adamo
694 3844 762 3899 ad
789 3842 1053 3899 Noemum
1077 3840 1461 3896 Barbarismus
1483 3834 1738 3893 obtinuit.
1768 3836 1814 3890 A
1832 3834 2042 3891 Noemo

464 3937 532 3992 ad
564 3935 735 3991 turris
780 3934 1221 3996 aediﬁcationem,
1267 3940 1321 3985 et
1363 3929 1594 3986 Serucbi
1633 3937 1903 3999 tempora,
1944 3926 2039 3999 qui

464 4027 625 4082 tertia
658 4036 782 4097 pOSt
822 4024 970 4079 illam
1008 4030 1166 4077 aetate
1196 4020 1349 4086 vixit,
1401 4018 1656 4091 Scythica
1694 4018 2036 4089 superstitio.

444 4121 508 4173 Δ
556 4119 728 4174 turris
778 4114 1149 4172 cxstructione
1183 4151 1198 4177 ,
1257 4118 1310 4168 et
1362 4108 1610 4166 Serueho
1639 4149 1654 4175 ,
1716 4125 1930 4166 necnon
1985 4119 2040 4166 et

457 4211 686 4272 'Aramo,
734 4206 801 4261 ad
852 4203 1491 4274 Ahrahamum,gentilis
1538 4209 1687 4257 secta
1733 4201 1925 4272 tiguit.
1957 4203 2039 4259 Ab

2159 3020 2419 3085 Ἰουδαῖοι,
2436 3021 2523 3076 διὰ
2552 3022 2650 3094 τὴν
2682 3023 2854 3096 φυλὴν
2887 3023 3059 3078 Ἰούδα
3081 3025 3172 3079 τοῦ
3201 3026 3270 3081 ἐκ
3297 3025 3394 3081 τοῦ
3416 3026 3605 3097 γένους
3629 3023 3724 3078 τῶν

2147 3111 2434 3181 θεοσεὸῶν,
2491 3115 2542 3168 οί
2601 3117 2681 3179 είς
2736 3115 2797 3169 τὸ
2855 3115 3027 3188 ὄνομα
3082 3116 3246 3171 τοῦτο
3315 3117 3727 3190 μεταπεσόντες.

2159 3203 2482 3259 Ἐκαλοῦντο
2537 3204 2668 3274 γοῦν
2720 3209 2911 3279 πρώην
2971 3208 3425 3279 Ἰσραηλῖται,ὀὶ
3479 3209 3570 3263 καὶ
3605 3201 3725 3261 Ἰοιι⁴

2144 3295 2303 3351 ὃαῖοι.

2215 3475 2290 3531 Γ’.
2321 3477 2466 3541 Ἕως
2506 3477 2696 3531 τούτου
2749 3476 2843 3532 τοῦ
2858 3460 3077 3551 ’χρόνου
3127 3480 3491 3553 συνήφθησαν
3536 3468 3591 3533 αἳ
3622 3468 3731 3533 τέσ-

2148 3584 2313 3639 σαρες
2369 3567 2559 3636 γενεαὶ
2610 3568 2712 3637 τῆς
2764 3568 2868 3638 γῆς
2910 3566 3017 3621 τῶν
3064 3569 3360 3641 τεσσάρων
3417 3568 3731 3642 τμημάτων.

2144 3659 2361 3712 Τούτων
2419 3658 2800 3731 διαιρεθέντων
2861 3659 3001 3729 κατὰ
3054 3660 3182 3724 τοὺς
3242 3661 3481 3733 χρόνους
3520 3661 3624 3725 ἕως
3647 3654 3734 3713 τοῦ
3830 3704 3831 3707 η

2143 3748 2338 3822 καιροῦ
2395 3748 2587 3803 τούτου
2643 3748 2737 3803 τοῦ
2792 3748 3027 3805 ἐνταῦθά
3074 3768 3165 3821 μοι
3229 3750 3614 3824 δεδηλωμένου
3650 3747 3736 3804 καὶ

2142 3842 2436 3897 ἐπέκεινα·
2488 3842 2767 3895 τουτέστιν
2797 3842 2906 3895 ἀπὸ
2954 3843 3124 3914 Ἀδὰμ
3153 3842 3265 3909 ἕως
3300 3845 3401 3898 τοῦ
3452 3844 3577 3898 Νῶε
3615 3843 3732 3916 βαρ-

2142 3933 2411 4006 ϐαρισμός
2433 3951 2447 3965 ο
2484 3934 2591 3988 ἀπὸ
2615 3934 2709 3987 τοῦ
2731 3932 2855 3987 Νῶε
2889 3932 2994 3998 ἕως
3016 3933 3112 3987 τοῦ
3144 3934 3370 4006 πύργου
3401 3937 3499 3990 καὶ
3521 3936 3737 4007 Σεροὺχ,

2143 4025 2281 4096 μετὰ
2302 4024 2393 4078 δύο
2420 4024 2611 4094 γενεὰς
2628 4025 2721 4079 τοῦ
2752 4024 2960 4097 πύργου
2983 4026 3014 4096 ἡ
3042 4025 3295 4099 Σκυθικὴ
3324 4026 3737 4099 δεισιδαιμονία,

2140 4118 2234 4170 καὶ
2293 4115 2587 4186 μετέπειτα
2630 4116 2738 4169 ἀπὸ
2796 4115 2892 4169 τοῦ
2945 4114 3156 4187 πύργου
3226 4119 3334 4170 καὶ
3393 4119 3606 4190 Σεροὺχ
3655 4117 3741 4171 καὶ

2152 4209 2329 4280 ’Δρὰμ
2361 4209 2471 4279 (55)
2502 4209 2606 4272 ἕως
2660 4208 2754 4262 τοῦ
2794 4204 3048 4281 Ἀϐραὰμ
3094 4211 3123 4263 6
3164 4206 3561 4283 Ἑλληνισμός.
3616 4207 3741 4264 Ἀπὸ

449 4296 774 4352 =Abraliamo
811 4294 1045 4365 denique
1090 4303 1143 4348 et
1179 4294 1301 4363 ejus
1326 4293 1559 4364 posteris
1603 4292 1818 4348 s'inccra
1848 4293 2037 4364 religio

2152 4299 2331 4353 τούτου
2383 4300 2477 4354 καὶ
2531 4300 2639 4353 τῶν
2670 4301 2965 4371 μετέπειτα
3006 4292 3299 4357 θεοσέϐεια
3359 4303 3742 4375 συναπτομένη

444 4385 686 4458 prodiit,
716 4384 930 4455 qute'ab
955 4384 1188 4452 ipsemet
1218 4382 1532 4437 Abrahamo
1554 4392 1755 4452 empta,
1787 4398 1881 4453 per
1913 4382 2034 4453 ejus

452 4477 691 4548 stirpem
727 4484 812 4531 est
856 4475 1219 4540 transmissa;
1267 4472 1528 4544 Judaaque
1566 4474 1890 4543 cumprimis
1937 4474 2034 4527 tri-

463 4569 613 4633 bum,
643 4563 1125 4621 unde-Judaismus
1155 4578 1353 4617 nomen
1379 4563 1605 4632 accepit.
1628 4562 1785 4629 Quod
1811 4564 2030 4633 quidem

442 4672 493 4710 ‘a
523 4673 609 4712 me
640 4671 773 4712 'vere
794 4670 932 4711 esse
960 4654 1168 4709 dictum
1197 4653 1366 4707 divini
1414 4653 1862 4723 sanctissimique
1908 4668 2034 4724 apo-

440 4750 587 4807 ‘sloli
628 4748 783 4804 Pauli
834 4748 1146 4803 testimonio
1193 4754 1427 4811 constat,
1483 4761 1607 4801 cum
1660 4748 1732 4800 ita
1768 4748 2037 4818 disputat:

459 4843 528 4899 In
549 4843 760 4899 Christo
786 4840 916 4895 Iesu
937 4856 1096 4911 neque
1126 4838 1406 4902 barbarus,
1432 4854 1595 4908 neque
1624 4836 1842 4908 Scytha,
1867 4820 2028 4911 neque

457 4931 694 4998 Cra’cus,
748 4948 909 5003 neque
961 4929 1183 4986 Juda’us
1232 4939 1332 4992 est,
1386 4928 1476 4983 sed
1523 4946 1655 4982 nova
1712 4932 2025 4986 creatura'.

456 5021 906 5093 Quandoquidem
933 5022 1093 5077 etiam
1132 5021 1308 5084 initio,
1342 5034 1467 5074 cum
1508 5019 1742 5090 primum
1774 5029 2028 5075 creatura

455 5114 675 5168 condita
720 5120 825 5179 est,
871 5128 1011 5168 nova
1056 5113 1235 5167 adhuc
1281 5114 1571 5174 exsistcns,
1616 5112 1825 5166 nullum
1862 5126 2028 5185 pecu-

455 5201 591 5259 liare
613 5216 678 5257 ac
707 5202 1025 5257 distinctum
1059 5216 1254 5256 nomen
1286 5202 1492 5257 habuit.
1525 5201 1623 5258 llis
1656 5214 2024 5259 consentanea

526 5386 544 5411 ⁸
575 5376 787 5433 Coloss.
814 5391 895 5442 ιιι,
926 5375 983 5429 ll
1011 5393 1025 5442 ;
1057 5373 1233 5430 Galat.
1257 5390 1332 5442 vr,
1358 5376 1444 5429 15.

2136 4388 2215 4460 τῷ
2245 4388 2394 4460 αὐτῷ
2422 4389 2694 4462 Ἀϐραὰμ,
2724 4389 2941 4444 ἀπὸτοῦ
2958 4388 3100 4443 κατὰ
3130 4390 3399 4464 διαδοχὴν
3429 4394 3742 4465 σπέρματος

2136 4480 2322 4545 αὑτοῦ,
2369 4481 2615 4534 τουτέστι
2642 4480 2738 4534 τοῦ
2791 4481 2982 4546 Ἰούδα,
3026 4481 3118 4550 ἀφ’
3145 4475 3333 4555 οὗπερ
3380 4482 3743 4555 Ἰουδαῖᾶμός·

2135 4572 2211 4635 ὡς
2246 4571 2330 4626 ἔτι
2380 4576 2651 4643 μαρτυρεῖ
2699 4592 2789 4645 μοι
2845 4576 2874 4627 6
2914 4576 3385 4649 πνευματοφόρος
3446 4579 3548 4632 καὶ
3599 4577 3747 4646 ἅγιος

2137 4666 2231 4720 τοῦ
2260 4666 2394 4720 Θεοῦ
2435 4666 2733 4733 ἀπόστολος
2773 4668 3016 4735 Παῦλος,
3070 4663 3173 4724 ὧδέ
3228 4688 3363 4737 πως
3414 4673 3623 4744 λέγων,
3671 4667 3749 4725 ὅτι

2151 4759 2248 4811 Ἐν
2284 4757 2515 4826 λζοιστῷ
2551 4759 2744 4828 Ἰησοῦ
2787 4762 2858 4814 οὐ
2873 4759 3199 4831 βάρϐαρος,
3219 4763 3301 4817 οὐ
3334 4766 3612 4832 Σκύθης,
3639 4764 3747 4831 οὐχ

2143 4849 2398 4917 Ἕλλην,
2423 4852 2533 4904 οὐκ
2549 4850 2846 4917 Ἰουδαῖος,
2866 4850 3028 4905 ἀλλὰ
3053 4844 3238 4922 καινὴ
3271 4854 3516 4924 κτίσις.
3533 4853 3750 4925 Ἐπειδὴ

2138 4936 2198 5000 ἐξ
2218 4937 2472 5009 ὑπαρχῆς
2503 4938 2590 4991 ὅτε
2624 4938 2839 4993 ἔκτιστο
2866 4943 2900 5012 ή
2933 4941 3143 5006 κτίσις,
3176 4944 3358 5016 καινὴ
3398 4943 3578 5013 05cm,-
3603 4945 3750 5000 οὐδέν

2135 5042 2189 5079 τι
2234 5025 2629 5099 διαφορώτερον
2686 5027 2843 5099 ἔσχεν
2882 5028 3086 5100 ⁷ίὸνομα.
3134 5031 3377 5103 Συνῳδὰ
3432 5034 3496 5089 δὲ
3544 5034 3753 5098 τούτοις

2137 5116 2298 5170 πάλιν
2331 5119 2387 5170 ἐν
2418 5118 2588 5189 ἑτέρῳ
2616 5119 2767 5190 τόπῳ
2796 5118 2943 5188 λέγει
2979 5118 3150 5183 οὕτως
3177 5134 3195 5151 ’
3245 5121 3616 5195 Ὀφειλέτης
3641 5123 3754 5196 εἰμι

2138 5207 2396 5277 Ἕλλησί
2411 5226 2474 5263 τε
2489 5211 2587 5264 καὶ
2605 5208 2950 5280 βαρϐάροις,
2966 5211 3180 5281 σοφοῖς
3204 5229 3278 5268 τε
3295 5216 3410 5273 καὶ
3441 5217 3755 5289 ἀνοήτοις

532 5554 640 5627 (85)
690 5552 835 5611 Ἀπὸ
898 5552 1002 5609 τοῦ
1054 5552 1277 5624 Σεροὺχ
1321 5553 1417 5609 καί
1458 5554 1648 5624 Ἀράμ.
1692 5554 1797 5610 Pro
1841 5556 2021 5627 Ἀράμ
2058 5570 2203 5613 corr.
2234 5557 2401 5631 Θαρά.
