3870 6068
144 262 242 318 215

807 253 1177 311 ADVERSUS
1219 255 1560 316 IlAERESES
1598 258 1724 313 LIB.
1769 260 1808 314 Ι.
1845 255 2009 313 TOM.
2052 254 2091 312 l.
2138 283 2203 294 —-
2253 249 2526 307 IIZERES.
2569 247 2694 305 VII].

3304 249 3424 308 2M».

209 379 297 442 τῖ’.
333 375 544 444 Ἕσχον
575 373 641 426 δὲ
672 364 814 427 οὗτοι
846 373 895 424 οἱ
933 371 1174 425 Ἰουδαῖοι
1196 371 1338 446 ’ἄχρι
1364 375 1460 445 τῆς
1485 371 1594 428 ἀπὸ
1624 375 1726 426 Ba-

1898 371 1990 428 Vl.
2017 373 2095 426 Ac
2125 370 2272 442 quod
2297 369 2362 424 ad
2393 367 2616 424 Iudaeos
2652 367 2793 422 istos
2836 366 3056 430 attinet,
3096 364 3200 434 ιθ
3226 366 3292 418 ad
3344 367 3414 420 il-

145 466 376 529 ϐυλῶνος
405 463 800 534 αἰχμαλωσίας
833 462 1090 516 ἐπανόδου
1127 462 1340 534 βίϐλους
1367 483 1425 518 τε
1463 466 1557 519 καὶ
1599 482 1736 536 προ-

148 559 316 628 φήτας
345 555 614 618 τούτους,
640 555 734 608 καὶ
766 551 1060 624 προφητῶν
1093 553 1307 624 βίϐλους
1333 555 1554 619 ταύτας·
1582 555 1736 627 πρῶ-

148 662 239 715 την
269 644 368 716 μὲν
397 642 654 706 Γένεσιν,
680 641 936 711 δευτέραν
958 640 1014 694 δὲ
1041 641 1279 709 Ἔξοδον,
1308 645 1501 716 τρίτην
1523 645 1737 698 Λευῖτι-

154 737 262 797 κδν,
304 734 590 805 τετάρτην
635 732 945 804 Ἀριθμοὺς,
995 733 1252 805 πέμπτην
1298 737 1732 810 Δευτερονόμιον,

155 829 306 896 ἕκτην
339 825 530 896 βίϐλον
565 823 744 896 Ἰησοῦ
770 823 863 877 τοῦ
889 825 1068 895 Ναυῆ,
1101 821 1334 896 ἑϐδόμην
1363 827 1469 880 τῶν
1495 829 1734 901 Κριτῶν,

157 919 334 988 ὀγδόην
379 917 485 987 τῆς
553 916 736 982 Ῥοὺθ,
794 915 1023 986 ὲννάτην
1073 915 1169 969 τοῦ
1214 916 1356 981 Ἰὼϐ,
1405 919 1636 991 δεκάτην
1673 922 1735 974 τὸ

161 1006 480 1078 Ψαλτήριον,
511 1005 812 1076 ἑνδεκάτην
837 1006 1146 1076 Παροιμίας
1177 1005 1541 1078 Σολομῶντος,
1615 1010 1738 1065 δυο-

162 1095 478 1164 καιδεκάτην
511 1092 972 1164 Ἑκκλησιαστὴν,
994 1093 1448 1165 τρισκαιδεκάτην
1467 1095 1526 1147 τὸ
1545 1091 1734 1166 ΊΓᾼσμιι

161 1189 254 1242 τῶν
299 1186 592 1258 ᾀσμάτων,
638 1185 1239 1256 τεσσαρεσκαιδεκάτην
1293 1185 1516 1258 πρώτην
1572 1187 1734 1242 Βασι-

161 1277 323 1337 λειῶν,
362 1274 868 1345 πεντεκαιδεκάτην
897 1275 1154 1346 δευτέραν
1193 1276 1507 1351 Βασιλειῶν,
1542 1280 1733 1333 ἑκκαι-

159 1369 372 1437 δεκάτην
394 1365 596 1438 τρίτην
629 1365 948 1430 Βασιλειῶν,
973 1365 1442 1436 ἑπτακαιδεκάτην
1469 1367 1736 1439 τετάρτην

161 1455 461 1519 Βασιλειῶν,
515 1454 1005 1525 ὀκτωκαιδεκάτην
1049 1454 1272 1527 πρώτην
1318 1456 1734 1528 Παραλειπομέ-

160 1565 271 1610 νων,
299 1545 802 1616 ἐννεακαιδεκάτην
828 1545 1088 1617 δευτέραν
1117 1547 1633 1619 Παραλειπομένων,
1661 1551 1738 1602 εί-

1840 466 1932 523 lud
1991 481 2167 535 usque
2210 472 2454 533 tempus,
2506 478 2616 533 quo
2661 477 2726 516 cx
2775 459 3107 530 Babylonica
3143 459 3412 514 servitute

1839 558 2046 612 reversi
2080 563 2232 620 sunt,
2257 556 2364 610 hos
2393 562 2446 610 ct
2470 553 2788 624 prophetas,
2832 559 2887 606 et
2923 550 3314 622 prophetarum
3344 551 3414 603 li-

1839 649 1969 704 bros
2000 649 2334 703 habuerunt.
2391 645 2611 701 Primus
2668 653 2763 701 est.
2806 642 3084 698 Geneseos
3139 642 3311 708 liber;
3349 657 3412 706 ιι,

1840 739 2044 806 Exodi;
2104 757 2188 804 ιιι,
2223 737 2536 802 Leviticus;
2579 754 2652 797 IV.
2685 734 2938 800 Numeri;
2975 751 3028 796 ν,
3075 732 3413 788 Deuterono-

1838 829 2043 894 mium;
2073 843 2148 891 v1,
2179 825 2319 881 liber
2350 824 2479 880 Jesu
2510 824 2605 878 ﬁlii
2633 822 2813 889 Nave;
2839 839 2940 888 vn,
2974 819 3230 875 Judicum
3253 839 3267 886 ;
3291 836 3411 883 vm,

1840 918 1988 972 Ruth
2017 935 2031 984 ;
2072 934 2147 973 IX.
2176 915 2379 982 Job;x,
2400 915 2760 980 Psalterium;
2783 909 3150 980 xt,Parabolaa
3164 910 3416 966 Salomo-

1838 1009 1964 1077 nis;
2011 1024 2115 1073 xu,
2150 1007 2548 1072 Ecclesiastes;
2573 1023 2694 1070 xm,
2724 1004 3010 1059 Canticum
3035 1003 3412 1068 canticorum;

1839 1117 1952 1166 xw,
1977 1099 2118 1155 liber
2147 1097 2503 1168 [Regnorum
2527 1117 2541 1164 -,
2567 1114 2658 1158 xv,
2695 1096 2834 1150 liber
2855 1092 2899 1146 ll
2935 1095 3414 1163 Regnorum;xvr,

1838 1187 1978 1241 liber
2004 1184 2070 1239 lll
2109 1184 2453 1256 Regnorum;
2486 1184 2763 1247 xvn,liber
2797 1179 2862 1234 IV
2895 1179 3236 1250 Regnorum;
3263 1193 3414 1244 xvm,

1837 1277 1979 1332 liber
2011 1277 2029 1331 Ι
2059 1276 2555 1347 Paralipomenon;
2589 1292 2702 1338 nux,
2764 1275 2904 1329 liber
2962 1272 3004 1325 ll
3041 1271 3417 1341 Paralipome-

1838 1384 1980 1434 non;
2039 1385 2108 1424 ιι
2143 1411 2156 1436 ,
2222 1367 2516 1424 duodecim
2569 1366 2989 1437 prophetarum;
3045 1379 3133 1416 nt
3165 1404 3180 1428 ,
3248 1360 3417 1415 Isaias

1837 1461 2137 1532 propheta;
2173 1477 2282 1514 χχιι
2305 1501 2320 1526 ,
2358 1458 2628 1515 Jeremias
2651 1457 2937 1528 propheta,
2975 1469 3098 1509 cum
3129 1451 3416 1504 Lamenta-

1838 1555 2103 1615 tionibus.
2168 1561 2223 1608 et
2279 1552 2530 1622 epistolis
2576 1559 2684 1604 tam
2733 1548 2875 1619 ejus,
2925 1560 3087 1616 quam
3143 1541 3414 1601 Baruchi;

162 1636 338 1707 κοστὴν
353 1636 412 1689 τὸ
431 1637 968 1707 Δωδεκαποόφητον,
989 1639 1242 1709 εἰκοστὴν
1260 1639 1484 1710 πρώτην
1512 1641 1738 1693 Ἡσαΐαν

1847 1662 2004 1709 xxiii,
2039 1645 2331 1709 Ezechiel;
2367 1660 2513 1706 xxxv,
2555 1641 2777 1706 Daniel;
2835 1633 2962 1703 xxv,
2990 1637 3130 1691 liber
3153 1633 3170 1688 l
3195 1633 3414 1694 Esdraa;

158 1726 238 1788 τὸν
269 1727 586 1797 προφήτην,
624 1725 874 1796 εἰκοστὴν
898 1727 1158 1800 δευτέραν
1188 1728 1280 1783 τὸν
1309 1709 1602 1800 προφήτην
1641 1733 1735 1794 Ἰετ

1847 1753 1988 1803 nrt,
2042 1737 2182 1791 liber
2217 1735 2257 1788 ll
2288 1734 2472 1789 Esdrae
2517 1751 2530 1795 ;
2595 1748 2766 1795 xxvn,
2823 1729 3044 1783 Esther.
3098 1727 3273 1796 Atque
3302 1726 3416 1779 lucc

165 1819 361 1888 ρεμίαν,
400 1819 554 1888 μετὰ
597 1818 707 1872 τῶν
739 1818 959 1890 Θρήνων
989 1819 1084 1872 xal
1136 1820 1460 1874 Ἐπιστολῶν
1485 1821 1650 1875 αὐτοῦ
1672 1840 1732 1876 τε

1847 1835 1968 1882 sunt
2002 1841 2150 1882 xxv."
2205 1824 2510 1889 volumina,
2563 1836 2685 1892 quae
2727 1817 2932 1873 Iudaeis
2989 1825 3117 1871 sunt
3151 1830 3416 1870 concessa

163 1910 244 1962 καὶ
270 1910 359 1962 τοῦ
393 1910 646 1983 Βαρούχο
679 1911 932 1982 εἰκοστὴν
959 1911 1150 1984 τρίτην
1197 1911 1457 1984 Ἰεζεκιὴλ
1489 1914 1579 1967 τὸν
1601 1931 1735 1985 προ-

1847 1917 2140 1972 divinitus:
2176 1931 2299 1987 qure
2327 1915 2393 1968 ad
2454 1929 2566 1968 xm
2602 1927 2704 1983 pro
2765 1911 3073 1963 litterarum
3109 1921 3230 1977 quae
3275 1904 3418 1974 apud

166 2002 338 2071 φητην,
376 2001 645 2072 είκοστὴν
683 2000 950 2073 τετάρτην
982 2001 1178 2072 Δανιὴλ
1205 2003 1298 2056 τὸν
1322 2004 1630 2075 προφήτην,
1658 2005 1735 2058 εί-

1847 2007 2101 2064 Hebraeos
2134 2017 2262 2064 sunt
2285 2021 2514 2062 numero
2534 2004 2892 2072 rediguntur:
2916 2007 3203 2070 propterea
3222 1995 3366 2067 quod
3389 2013 3415 2048 ς

167 2092 343 2162 κοστὴν
381 2093 653 2164 πέμπτην
691 2094 753 2148 τὸ
781 2093 997 2167 πρῶτον
1035 2093 1237 2164 βιϐλίον
1270 2094 1365 2148 τοῦ
1399 2096 1624 2166 Ἔσδρα,
1652 2097 1730 2149 εί-

1847 2113 1903 2152 ex
1936 2098 2046 2153 illis
2078 2099 2132 2152 in
2160 2098 2407 2167 quinque
2434 2095 2564 2165 juga
2589 2093 3020 2157 distribuuntur.
3049 2088 3124 2143 De
3171 2101 3282 2158 quo
3307 2085 3416 2140 alio

168 2185 342 2255 κοστὴν
370 2185 549 2257 ἕκτην
576 2185 636 2239 τὸ
672 2185 922 2256 δεύτερον
955 2185 1178 2254 βιϐλίον,
1214 2186 1465 2257 εἰκοστὴν
1494 2187 1729 2259 ἑϐδόμην

1847 2190 1959 2243 loco
1985 2190 2273 2259 perspicue
2305 2185 2728 2255 disputavimus.

168 2277 218 2329 τὺ
251 2275 442 2345 βιϐλίον
487 2275 724 2347 Ἑσθήρ.
772 2276 882 2330 Kal
926 2270 1086 2330 αὗταί
1127 2278 1266 2330 είσιν
1307 2277 1363 2330 al
1407 2278 1722 2331 εἰκοσιεπτὰ
1760 2278 1952 2348 βίϐλοι,
1985 2281 2042 2333 αἱ
2072 2282 2136 2332 ὲκ
2183 2278 2315 2331 Θεοῦ
2344 2275 2580 2329 δοθεῖσαι
2633 2275 2746 2335 τοῖς
2783 2271 3073 2332 Ἰουδαίοις.
3145 2265 3423 2320 Εἰκοσιδύο

169 2365 214 2418 δὲ
239 2365 306 2429 ὡς
363 2364 431 2418 τά
460 2366 606 2436 παρ’
660 2365 843 2428 αὐτοῖς
907 2369 1147 2435 στοιχεῖα
1177 2365 1285 2418 τῶν
1359 2365 1664 2436 Ἑϐραϊκῶν
1701 2371 2045 2439 γραμμάτων
2086 2367 2508 2440 ἀριθμούμεναι,
2555 2364 2643 2417 διὰ
2691 2363 2748 2416 τὸ
2787 2359 3108 2414 διπλοῦσθαι
3135 2357 3247 2429 (57)
3289 2356 3416 2410 δέκα

174 2455 361 2522 βῖϐλους
408 2457 492 2518 εἰς
549 2454 711 2508 πέντε
743 2454 1059 2525 λεγομένας.
1099 2457 1234 2526 Περὶ
1273 2455 1461 2510 τούτου
1497 2456 1554 2509 δὲ
1595 2457 1728 2528 άλλη
1760 2475 1862 2512 που
1899 2459 2086 2529 σαφῶς
2108 2461 2430 2531 είρήκαμεν.

232 2546 339 2599 Εἰσὶ
358 2547 412 2599 δὲ
435 2547 542 2600 καὶ
573 2545 729 2600 ἄλλαι
748 2545 840 2599 δύο
861 2546 1030 2615 βίϐλοι
1052 2549 1179 2618 παρ’
1199 2549 1381 2612 αὐτοῖς
1417 2551 1474 2602 ἐν
1505 2549 1733 2619 ἀμφιλέο

173 2652 290 2704 κτῳ,
309 2638 338 2707 ἡ
359 2637 540 2706 Σοφία
562 2635 656 2688 τοῦ
681 2635 869 2707 Σιράχ,
884 2636 978 2690 καὶ
1001 2639 1033 2707 ὴ
1057 2636 1149 2689 τοῦ
1169 2637 1536 2707 Σαλομῶντος,
1564 2639 1734 2708 χωρὶς

173 2723 322 2778 ἄλλων
356 2724 526 2777 τινῶν
565 2723 784 2793 βιϐλίων
826 2723 1241 2796 ὲναποκρύφων.
1281 2727 1458 2779 Πᾶσαι
1482 2727 1539 2780 δὲ
1575 2719 1732 2781 αὗται

176 2815 297 2883 ίεραί
315 2815 485 2884 βίϐλοι
499 2815 598 2867 τὸν
615 2814 941 2886 Ἰουδαῖσμδν
957 2815 1233 2868 ἐδίδασκον
1257 2817 1350 2874 καὶ
1369 2818 1436 2871 τά
1454 2801 1546 2870 τοῦ
1569 2819 1733 2890 νόμου

179 2904 481 2976 φυλάγματα
502 2906 614 2969 ἓως
634 2907 732 2977 τῆς
755 2907 849 2963 τοῦ
876 2907 1081 2978 Κυρίου
1102 2909 1257 2979 ἡμῶν
1286 2907 1462 2979 Ἰησοῦ
1494 2908 1733 2979 Χριστοῦ

180 2999 478 3068 παρουσίας·
515 2999 612 3051 καὶ
647 2998 826 3062 καλῶς
847 2999 1104 3071 ἐφέροντο
1143 3000 1646 3070 παιδαγωγούμενοι
1678 3003 1734 3054 ὲν

174 3088 238 3157 τῷ
255 3090 412 3158 νόμῳ,
436 3091 492 3142 εἰ
509 3089 758 3153 ἐδέξαντο
776 3089 866 3142 τὸν
879 3090 1111 3160 Χριστὸν
1131 3091 1221 3144 τὸν
1235 3091 1339 3143 ὑπὸ
1353 3090 1447 3144 τοῦ
1469 3091 1741 3160 παιδαγω-

175 3178 273 3246 γοῦ,
302 3182 450 3252 φημὶ
472 3181 530 3234 δὲ
551 3180 643 3234 τοῦ
670 3181 857 3252 νόμου,
884 3182 1063 3246 αὐτοῖς
1092 3182 1538 3254 προκηρυχθέντα
1557 3199 1617 3235 τε
1647 3183 1742 3235 καὶ

177 3271 631 3342 προφητευθέντα,
671 3273 778 3338 ἵνα,
823 3273 1109 3342 δεξάμενοι
1147 3273 1313 3326 αὑτοῦ
1349 3273 1447 3344 τὴν
1487 3272 1738 3342 θεότητα,

180 3364 256 3414 καὶ
274 3365 365 3436 τὴν
382 3365 658 3435 ένσαρκον
680 3363 846 3418 αὐτοῦ
871 3364 1175 3436 παρουσίαν
1200 3363 1464 3436 μάθωσιν,
1487 3363 1547 3417 οὐ
1573 3365 1742 3425 κατά-

179 3452 308 3507 λυσιν
341 3458 539 3527 νόμου,
581 3455 716 3509 ἀλλὰ
745 3455 845 3526 τὴν
882 3454 976 3508 τοῦ
1015 3455 1179 3526 νόμου
1219 3455 1521 3526 πλήρωσινο
1555 3453 1744 3526 ἐπειδὴ

179 3547 218 3596 οἱ
241 3548 390 3600 τύποι
417 3549 479 3599 ἐν
504 3547 583 3616 τῷ
612 3547 762 3616 νόμῳ
790 3541 952 3617 ἦσαν,
979 3547 1013 3617 ἡ
1043 3546 1100 3598 δὲ
1133 3545 1359 3617 ἀλήθεια
1386 3547 1444 3598 ὲν
1467 3545 1545 3617 τῷ
1567 3547 1744 3616 Εὐαγ-

138 3665 150 3677 -
181 3636 341 3707 γελίῳ.
371 3637 531 3690 Ἐκεῖ
558 3637 669 3709 γὰρ
705 3639 737 3708 ή
779 3637 1051 3709 περιτομὴ
1081 3637 1320 3709 σαρκικὴ
1349 3639 1744 3708 ὑπηρετήσασα

181 3729 334 3800 χρόνῳ
352 3729 458 3794 ἕως
489 3731 590 3800 τῆς
629 3729 868 3800 μεγάλης
894 3730 1220 3801 περιτομῆς,
1247 3729 1494 3784 τουτέστι
1517 3729 1612 3783 τοῦ
1637 3731 1744 3783 Βα-

183 3821 464 3890 τπίσματος
505 3820 600 3874 τοῦ
631 3821 1050 3892 περιτέμνοντος
1077 3823 1226 3897 ἡμᾶς
1263 3821 1372 3874 ἀπὸ
1404 3822 1743 3893 ἁμαρτημά-

181 3927 292 3975 των,
316 3913 406 3966 καὶ
437 3912 840 3983 σφραγίσαντος
875 3914 1023 3986 ἡμᾶς
1053 3914 1133 3978 εἰς
1161 3912 1332 3982 ὄνομα
1359 3911 1516 3965 Θεοῦ.
1547 3912 1654 3966 Kal
1676 3908 1746 3982 ἦν

183 4003 282 4054 ἐκεῖ
312 4003 607 4066 Σάϐϐατον,
643 4001 870 4074 κατέχον
900 4005 1046 4080 ἡμᾶς
1075 4005 1154 4068 εἰς
1184 4004 1245 4057 τὸ
1278 4002 1420 4074 μέγα
1447 4003 1743 4068 Σάϐϐατον,

184 4095 441 4149 τουτέστιν
484 4096 564 4159 εἰς
611 4094 916 4148 ἀνάπαυσιν
971 4095 1231 4166 Χριστοῦ,
1291 4095 1378 4147 ἵνα
1424 4095 1480 4148 ὲν
1527 4093 1745 4165 Χριστῷ

185 4181 584 4254 σαϐϐατίσωμεν
614 4183 722 4236 ἀπὸ
756 4183 1193 4255 ἁμαρτημάτων.
1229 4185 1340 4236 Kal
1366 4178 1434 4254 ἦν
1467 4183 1586 4235 ἐκεῖ
1609 4184 1744 4254 πρό-

185 4271 328 4327 ϐατον
357 4275 553 4344 ἄλογον
577 4273 858 4344 θυόμενον,
891 4273 1228 4346 καθοδηγοῦν
1253 4276 1400 4344 ἡμᾶς
1422 4275 1500 4337 εἰς
1521 4275 1580 4328 τὸ
1604 4274 1745 4345 μέγα

1915 2552 2055 2608 Sunt
2083 2564 2133 2608 et
2173 2553 2265 2612 alii
2299 2551 2576 2614 duolibri,
2605 2565 2746 2620 quos
2779 2547 2852 2602 illi
2880 2561 2978 2618 pro
2997 2545 3419 2612 dubiishabent,

1842 2644 2100 2700 nimirum
2119 2643 2336 2699 Siraclii
2349 2651 2404 2698 et
2420 2640 2731 2696 Salomonis
2748 2639 3050 2710 Sapientia,
3069 2645 3265 2708 praeter
3281 2637 3417 2692 alios

1841 2737 2104 2808 quosdam
2136 2736 2229 2806 qui
2260 2735 2578 2806 apocrypbi,
2609 2733 2712 2788 hoc
2750 2738 2835 2788 est
2875 2730 3099 2786 obscuri
3137 2729 3418 2783 dicuntur.

1841 2826 2012 2882 Porro
2032 2827 2213 2882 omnia
2230 2826 2321 2879 illa
2337 2831 2696 2879 sacrosancta
2715 2820 2992 2876 volumina
3013 2817 3239 2872 Judaica
3259 2817 3406 2871 insti-

1843 2923 1980 2978 tuta,
2002 2916 2248 2986 legisque
2285 2912 2643 2968 cteremonias
2669 2909 2961 2972 docebant,
2995 2921 3171 2977 usque
3201 2905 3267 2959 ad
3291 2901 3419 2959 Jesu

1842 3005 2047 3060 Christi
2083 3003 2746 3065 Salvatorisadventum;
2780 2999 3113 3067 omninoque
3161 2995 3420 3066 praeclare

1845 3096 1948 3153 sub
1963 3096 2065 3151 bac
2083 3096 2218 3166 lege,
2232 3093 2628 3164 velutquodam
2643 3091 2959 3149 institutore
2974 3104 3096 3144 cum
3115 3088 3225 3143 illis
3241 3095 3420 3142 actum

1846 3185 2005 3247 foret,
2037 3185 2084 3240 si
2119 3198 2278 3255 quem
2294 3181 2482 3238 eadem
2512 3180 2604 3234 illa
2623 3180 2706 3234 lex
2731 3179 3082 3250 praedixerat,
3103 3183 3424 3230 venturum-

1843 3291 1951 3345 que
1981 3281 2409 3336 monstraverat,
2439 3271 2721 3328 Christum
2746 3281 3049 3339 agnoscere
3075 3266 3378 3321 voluissent
3405 3280 3420 3330 ;

1845 3379 1904 3424 ut
1931 3367 2050 3437 ejus
2073 3367 2421 3423 divinitatem
2451 3362 2719 3426 confessi,
2766 3363 2871 3415 hoc
2902 3360 3082 3430 ipsum
3117 3357 3265 3428 quod
3297 3371 3423 3411 cor-
3513 3386 3523 3394 -

1845 3477 1977 3533 pore
2005 3458 2269 3530 praeditus
2300 3456 2639 3518 advenisset,
2677 3468 2785 3508 non
2817 3451 2884 3506 ad
2915 3449 3050 3521 legis
3078 3447 3421 3504 eversionem

1845 3551 2144 3622 pertinere,
2176 3547 2272 3604 sed
2309 3547 2377 3601 ad
2408 3547 2530 3618 ejus
2562 3543 3098 3602 consummationem
3152 3537 3423 3608 intellige-

1844 3649 1967 3696 rent
1991 3659 2003 3694 :
2025 3640 2286 3710 quoniam
2311 3639 2520 3694 umbra:
2553 3638 2825 3692 duntaxat
2873 3647 3038 3706 atque
3069 3631 3338 3701 imagines
3366 3630 3422 3683 in

1846 3733 1983 3802 lege,
2016 3731 2071 3784 in
2101 3729 2400 3800 Evangelio
2433 3729 2640 3786 veritas
2663 3729 2782 3799 ipsa
2816 3726 3157 3782 continetur.
3190 3721 3326 3776 Nam
3358 3721 3424 3775 il-

1846 3823 1918 3878 lic
1943 3821 2192 3891 corporis
2216 3821 2544 3890 praescripta
2571 3819 2922 3874 circumcisio
2945 3825 3048 3883 est,
3073 3831 3194 3886 quae
3227 3815 3284 3868 in
3316 3829 3442 3875 usu,

1846 3913 2035 3968 tandiu
2065 3911 2188 3976 fuit,
2214 3910 2396 3981 quoad
2431 3911 2626 3980 ingens
2655 3915 2741 3966 est
2775 3909 2868 3962 illa
2899 3905 3252 3965 circumcisio
3287 3903 3419 3957 sub-

1846 4011 2054 4069 secuta,
2084 4001 2397 4073 Baptismus
2453 4001 2730 4064 videlicet,
2782 4012 2894 4069 quo
2942 4011 3050 4050 nos
3105 4010 3135 4048 a
3177 3991 3423 4064 peccatis

1847 4095 2214 4166 praecidimur,
2239 4101 2294 4148 et
2329 4093 2384 4146 in
2414 4091 2503 4148 Dei
2535 4091 2757 4146 nomine
2798 4090 3103 4160 signamur.
3137 4083 3425 4138 Habebam

1848 4187 1926 4241 illi
1963 4195 2225 4258 praeterea
2260 4185 2585 4248 Sabbatmn,
2629 4185 2775 4253 quod
2807 4197 2910 4238 nos
2959 4178 3027 4234 ad
3058 4190 3318 4247 magnum
3358 4174 3424 4254 ιι-

1847 4279 1939 4333 lud
1997 4277 2321 4341 Sabbatum,
2373 4276 2476 4330 hoc
2505 4283 2589 4331 est
2637 4273 2840 4329 Christi
2893 4268 3111 4324 Domini
3157 4267 3431 4337 quietem,

184 4365 456 4432 πρόϐατον,
490 4367 588 4427 καὶ
612 4365 934 4436 ἐπουράνιον
963 4366 1103 4438 ὑπὲρ
1139 4365 1295 4436 ήμῶν
1329 4368 1422 4420 καὶ
1457 4369 1596 4441 ὑπὲρ
1624 4369 1739 4426 ὅλου

1852 4368 2211 4440 prazparando
2242 4368 2472 4430 detinet,
2507 4373 2564 4419 ut
2619 4381 2648 4420 a
2702 4372 2930 4435 peccato
2987 4362 3096 4431 20
3137 4363 3426 4416 cessantes

185 4453 267 4506 τοῦ
296 4456 497 4526 κόσμου
529 4453 712 4510 τυθέν.
749 4456 860 4509 Kal
891 4453 958 4525 ἦν
991 4456 1107 4508 ἐκεῖ
1136 4455 1541 4521 ἀποδεκάτωσις
1573 4460 1748 4528 ἀσφα-

185 4543 442 4620 λιςομένη,
493 4548 580 4601 ἴνα
625 4547 700 4618 μὴ
738 4547 878 4618 λάθῃ
933 4549 1080 4618 ἡμᾶς
1121 4548 1182 4601 τὸ
1235 4548 1366 4603 ἰῶτα
1406 4553 1440 4622 ἡ
1473 4551 1656 4617 δεκάς,
1687 4553 1748 4608 τὸ

186 4636 382 4704 πρῶτον
412 4641 676 4708 στοιχεῖον
707 4638 801 4690 τοῦ
829 4637 1004 4708 Ἰησοῦ
1035 4639 1320 4708 ὀνόματος.

1853 4459 2001 4514 velut
2036 4458 2335 4513 Sabbatum
2374 4455 2649 4525 quoddam
2692 4455 2747 4508 in
2802 4453 3024 4509 Christo
3056 4449 3422 4504 celebremus.

1854 4550 1981 4605 Erat
2013 4565 2181 4620 penes
2227 4548 2350 4602 illos
2391 4555 2445 4602 et
2465 4546 2586 4601 ovis
2634 4545 2859 4601 victima
2920 4542 3154 4598 rationis
3201 4553 3421 4609 expers.

1852 4655 1974 4710 qua
2004 4655 2103 4694 nos
2135 4637 2200 4692 ad
2233 4639 2378 4692 illam
2409 4653 2662 4707 magnam
2719 4636 3111 4704 caelestemque
3154 4629 3424 4703 perduce-

187 4738 261 4782 ret
291 4746 460 4797 ovem,
493 4750 594 4804 pro
628 4741 816 4790 nostra
851 4733 1154 4802 inuodique
1201 4735 1372 4790 totius
1401 4735 1581 4790 salute
1632 4744 1949 4791 mactatam.
1973 4735 2242 4790 Praeterea
2284 4733 2534 4788 instituta
2569 4731 2712 4802 apud
2773 4731 2895 4786 illos
2949 4725 3242 4784 decimatio
3297 4723 3420 4785 fuit,

188 4837 296 4888 quae
323 4842 416 4881 nos
436 4843 502 4881 eo
525 4827 898 4898 pramuniret,
929 4843 996 4882 ne
1018 4827 1128 4881 iota
1160 4826 1416 4893 litteram,
1454 4845 1575 4900 qua?
1608 4838 1736 4886 nota
1777 4831 2029 4888 decussis
2095 4839 2200 4894 est,
2240 4830 2492 4902 idemque
2542 4826 2674 4890 Jesu
2713 4827 2954 4884 nominis
3013 4826 3251 4897 primum
3309 4821 3420 4876 ele-
3461 4855 3466 4859 ς

190 4925 410 4972 mentum
444 4919 700 4988 ignorare
726 4933 1031 4988 possemus.

254 5009 319 5060 Z'.
353 5010 505 5062 Ἐπεὶ
538 5004 632 5063 οὖν
661 5008 740 5079 τῷ
767 5008 920 5079 τύπῳ
949 5010 1211 5081 ἤχθησαν,
1242 5011 1336 5063 καὶ
1374 5011 1476 5064 οὐκ
1503 5010 1740 5079 ἔφθασαν

193 5098 261 5160 εἰς
283 5100 546 5154 τελείωσιν
571 5101 668 5172 τὴν
692 5100 778 5154 διὰ
805 5101 968 5172 νόμου
1001 5104 1094 5156 καὶ⁵
1120 5102 1411 5174 προφητῶν
1435 5104 1528 5156 καὶ
1549 5101 1741 5166 ἄλλων,

195 5189 280 5242 καὶ
304 5192 476 5264 πάσης
511 5193 696 5264 βίϐλου
745 5194 1184 5264 κεκηρυγμένην,
1225 5194 1590 5265 ἐξεϐλήθησαν
1635 5195 1743 5247 ἀπὸ

261 5343 362 5422 (57)
399 5349 499 5402 Διά
526 5345 1004 5422 τὸῌδιπλοῦσθαι.
1044 5344 1178 5399 Nam
1215 5346 1350 5422 libri
1396 5347 1505 5400 duo
1534 5345 1740 5417 Regum

198 5416 407 5480 priores,
436 5435 574 5487 quos
600 5416 872 5487 Samuelis
896 5426 1114 5487 vocant,
1142 5418 1394 5469 volumen
1429 5433 1596 5470 unum
1616 5416 1744 5470 con-

199 5485 706 5555 s_ttluunt,_ilemque
758 5485 979 5555 Regum
1012 5485 1120 5539 duo
1172 5487 1503 5553 posteriores
1550 5501 1736 5540 lllllllll.

199 5545 319 5606 Tum
369 5545 502 5611 liber
552 5551 692 5610 Ruth
728 5545 1128 5608 cuanttdicuiit
1173 5545 1312 5608 libro
1339 5557 1587 5609 volumen
1619 5555 1739 5608 ιιιιὶ-

202 5633 314 5675 cum
341 5625 480 5680 facit.
513 5625 604 5680 Sic
636 5632 687 5679 et
712 5624 832 5679 libri
858 5623 1301 5692 Paralipomenon
1329 5625 1455 5686 duo,
1487 5625 1744 5678 totidem-

1924 5006 2034 5062 Vll.
2067 5005 2340 5072 Quoniam
2373 5005 2544 5074 igitur.
2583 5021 2678 5075 per
2712 5005 2940 5058 umbras
2967 5017 3032 5056 ac
3074 5003 3276 5072 ﬁguras
3309 5011 3423 5061 tea-

1851 5099 2000 5154 dueti
2044 5106 2195 5161 sunt,
2221 5113 2324 5152 nec
2352 5112 2473 5152 eam
2517 5094 2910 5167 perfectionem
2940 5092 3204 5156 assecuti,
3249 5106 3422 5162 quam

1851 5193 1933 5247 lex
1972 5191 2193 5261 pariter,
2232 5203 2295 5244 ac
2319 5189 2620 5259 prophetae.
2651 5185 2947 5255 eteterique
2993 5197 3208 5247 omnes.
3259 5193 3425 5254 atque

1849 5361 1955 5416 que
2009 5345 2230 5416 Esdrze,
2261 5343 2472 5416 singula
2520 5357 2664 5416 apuu
2719 5354 2974 5416 ueormos
3015 5343 3294 5396 vorumina
3343 5341 3424 5416 fa-

1850 5411 2020 5470 ciunt.
2053 5415 2128 5468 lta
2159 5431 2186 5466 ι’
2213 5411 2504 5482 expunctis
2539 5411 2931 5482 voluminibus,
2953 5420 3333 5482 constathxxn,
3361 5411 3424 5463 li-

1852 5487 2074 5540 brorum
2107 5480 2384 5538 numerus.
2405 5481 2540 5538 Vide
2572 5483 2791 5552 llieron.
2820 5482 2874 5536 in
2900 5481 3128 5552 Prologo
3155 5480 3374 5552 Galeam
3401 5494 3421 5541 ;

1852 5557 2113 5680 ign-illum
2165 5553 2360 5607 calcch.
2415 5568 2466 5607 tv
2498 5593 2512 5618 ,
2565 5547 2860 5608 Eusebium
2916 5552 3008 5608 lib.
3065 5547 3117 5605 vi
3190 5547 3421 5614 "istan,

1854 5640 1902 5676 Γ.
1933 5640 2013 5678 ιυ.
