3980 6078
437 206 547 266 227

1858 199 1917 254 S.
1958 198 2301 257 EPIPIIANII

3605 204 3698 262 εει

437 331 525 379 est
568 322 608 375 '.
643 317 785 387 Quid
840 314 986 389 quod
1046 322 1099 371 et
1159 314 1324 369 Sarra
1372 313 1609 385 idipsum
1659 311 2019 382 demonstrat,

2126 318 2226 390 τὴν
2256 318 2489 390 μήτραν,
2518 318 2612 374 καὶ
2636 316 2734 390 τὴν
2762 317 2805 350 ¹⁰
2837 315 2940 388 γῆν
2962 318 3084 371 κατ’
3108 315 3330 389 ἐθισμὸν
3362 316 3696 391 ξηῳνθῆναι,

438 413 573 468 dum
598 411 759 467 ell'eto
802 409 917 481 jam
967 413 1146 470 utero,
1201 404 1623 477 suppressisque
1647 405 1948 461 menstruis
1978 409 2022 470 ’,

400 544 401 547 η
438 505 732 579 genitalem
784 502 892 556 vim
921 500 1105 556 denuo
1136 497 1204 553 ad
1246 495 1739 575 proseminandum
1799 497 2024 568 accipit,

439 611 505 652 ac
538 595 694 652 senio
746 590 997 648 confecta
1041 589 1213 644 lilium
1272 586 1637 643 nihilominus
1671 601 1738 641 ex
1787 585 2027 657 promisi-

439 689 598 746 sione
633 684 873 757 parturit
903 683 947 748 ³,
1005 682 1079 738 oh
1125 692 1278 752 spem
1312 686 1560 736 venturae
1606 678 1902 749 aliquando
1939 690 2027 732 re-

437 775 844 836 surrectionis?
867 774 1009 841 Quin
1043 774 1209 827 etiam
1241 770 1416 826 Jacob
1445 772 1574 825 dum
1604 769 1672 825 de
1706 770 1823 825 suis
1876 768 2013 824 ossi-

440 871 542 925 hus
587 876 673 924 est
722 865 998 922 sollicitus
1040 864 1061 896 δ
1086 904 1101 928 ,
1159 878 1268 918 non
1302 862 1493 932 utique
1538 860 1606 916 de
1643 860 1731 917 his
1762 868 2024 929 tanquam

440 959 701 1034 perituris
731 957 988 1012 mandata
1019 957 1138 1012 suis
1171 954 1418 1025 reliquit.
1457 953 1613 1021 Quod
1651 952 1831 1023 ipsum
1858 950 2023 1007 .lose-

439 1057 583 1127 phus
629 1056 818 1125 pestea
867 1049 1192 1122 praecipiens
1237 1047 1281 1114 ⁸,
1331 1046 1757 1103 resurrectibnis
1788 1043 2025 1116 speciem

440 1145 811 1202 adumbravlt.
851 1142 1004 1197 Adde
1040 1138 1367 1194 Aaronicam
1402 1137 1637 1207 virgam,
1696 1148 1817 1205 quae
1844 1132 2026 1188 arefa-

441 1248 531 1296 cta
559 1236 909 1312 germinavit,
967 1234 1291 1302 fructusque
1324 1227 1552 1300 protulit
1579 1227 1600 1258 ⁸
1624 1265 1639 1290 ,
1689 1233 1750 1280 ιιι
1774 1232 2025 1280 emortua

442 1332 724 1386 hominum
755 1342 984 1397 corpora
1008 1325 1076 1379 ad
1102 1325 1225 1378 vitae
1253 1336 1405 1392 spem
1428 1317 1721 1374 excitanda
1745 1326 2027 1372 munstra-

441 1429 561 1488 ret;
595 1420 647 1474 id
678 1420 824 1474 enim
857 1418 923 1471 ad
964 1412 1322 1472 astruéndam
1356 1410 1824 1467 resurrectionem
1854 1408 2026 1479 perti-

440 1514 581 1568 nuit.
615 1510 723 1566 Sed
749 1518 803 1566 et
827 1508 995 1565 Musis
1024 1507 1178 1577 virga
1203 1505 1384 1576 lignea
1440 1504 1681 1558 animata
1715 1501 1809 1557 Dei
1836 1500 2024 1570 jussu,

440 1614 493 1660 et
525 1605 575 1658 in
609 1618 841 1673 anguem
890 1612 1159 1656 conversa
1194 1599 1215 1629 ⁷
1257 1596 1719 1652 resurrectionem
1746 1593 2028 1663 significa-

2127 399 2284 467 αὖθις
2327 404 2848 477 ἀναξοωγονουμὲνη
2894 406 2973 469 είς
3015 406 3321 475 καταϐολὴν
3369 406 3698 479 σπέρματος,

2128 495 2222 548 καὶ
2259 497 2293 566 ἡ
2327 496 2628 568 πρεσϐῦτις
2656 492 2959 551 κυῖσκὸυσα
2990 498 3182 551 τέκνον
3224 497 3347 552 κατ’
3385 498 3700 569 ἐπαγγελίαν

2126 585 2215 640 διὰ
2249 587 2349 656 τὴν
2380 587 2571 643 ἐλπίδα
2598 589 2699 659 τῆς
2724 589 3096 654 ἀναστάσεως.
3127 591 3202 645 Οὐ
3239 589 3346 660 μὴν
3376 589 3433 643 δέ
3458 589 3589 645 ἀλλά
3615 591 3703 647 καὶ

2139 677 2357 742 ’ῐᾶκὼϐ,
2387 679 2786 751 ἐπιμελόμενος
2814 679 2925 733 τῶν
2963 680 3109 734 ἰδίων
3143 679 3365 741 ὀστέων,
3400 681 3479 745 ὡς
3503 681 3565 735 οὐ
3588 683 3704 754 περὶ

2127 769 2517 842 ἀπολλυμένων
2569 770 2899 828 ἐνετέλλετο.
2952 772 3028 825 Οὐ
3076 770 3239 842 μόνον
3282 771 3339 825 δέ
3361 812 3376 836 ,
3435 769 3570 827 ἀλλά
3620 775 3707 829 καὶ

2139 859 2336 934 Ἰωσὴφ
2379 864 2445 934 τῇ
2488 862 2629 935 αὐτῇ
2666 862 2957 935 ἀκολουθίᾳ
2996 862 3405 934 ἐντελλόμενος,
3443 865 3545 935 τῆς
3582 861 3706 920 ἀνα-

2130 951 2371 1017 στάσεως
2399 954 2667 1023 ὑπέφαινε
2711 954 2774 1008 τὸ
2807 951 2966 1020 εἶδος.
3013 955 3091 1008 Οὐ
3131 954 3239 1027 μὴν
3269 955 3326 1009 δέ
3385 955 3521 1011 ἀλλά
3548 957 3640 1011 καὶ
3673 959 3705 1029 ἡ

2130 1041 2327 1114 ῥάϐδος
2358 1042 2454 1097 τοῦ
2490 1042 2705 1117 Ἀαρὼν
2736 1040 2770 1116 ἡ
2813 1043 3168 1116 βλαστήσασα
3192 1044 3347 1116 ,ξηρά
3392 1040 3528 1100 οὖσα
3561 1042 3707 1110 αὖθις

2128 1135 2341 1206 καρπὸν
2363 1135 2596 1206 ἧνεγκεν
2630 1139 2712 1201 εἰς
2745 1135 2937 1191 ἐλπίδα
2970 1136 3139 1208 ζωῆς,
3173 1135 3243 1190 τὰ
3282 1136 3453 1209 νεκρά
3490 1123 3731 1209 σώματα

2128 1226 2286 1296 ἡμῶν
2331 1218 2739 1299 ἀναστήσεσθαι
2783 1226 3166 1298 σημαίνουσα,
3202 1227 3285 1291 είς
3329 1227 3624 1282 ἀνάστασιν
3655 1228 3708 1282 δέ

2128 1315 2387 1387 φέρουσα.
2419 1316 2530 1370 Ka't
2572 1318 2607 1389 ἡ
2642 1317 2736 1371 τοῦ
2785 1315 3064 1381 Μωῡσέως
3111 1317 3168 1371 δέ
3204 1317 3402 1389 ῥάϐδος
3441 1318 3639 1390 ὁμοίως
3677 1319 3711 1390 ἡ

2130 1404 2314 1479 ξυλίνη
2338 1407 2482 1462 κατά
2509 1408 2647 1463 Θεοῦ
2682 1407 2931 1481 βούλημα
2974 1408 3261 1480 ἐψυχοῦτο,
3290 1411 3385 1463 καί⁵
3415 1409 3542 1480 ὄφις
3575 1428 3712 1481 γινο·

2131 1499 2269 1572 μένη
2305 1500 2602 1555 ἀνάστασιν
2637 1501 2854 1573 ἐδήλου.
2905 1500 3065 1556 Ἀλλὰ
3094 1502 3190 1555 καὶ
3208 1503 3449 1575 Μωῦσῆς
3483 1503 3713 1573 εὐλογῶν

2127 1588 2415 1666 τοῦςτὶερὶ
2446 1593 2697 1664 Ῥουϐὶμ,
2732 1592 2909 1663 λέγει’
2960 1593 3129 1661 Ζήτω
3181 1595 3449 1668 Ῥουϐὶμ,
3496 1596 3595 1650 καὶ
3631 1595 3714 1667 μὴ

441 1697 555 1751 bat.
581 1696 691 1766 26
716 1694 859 1749 Idem
892 1696 1056 1763 porro
1112 1689 1326 1759 Moyses
1357 1685 1643 1741 Rubenitis
1686 1684 2018 1741 benedicens

2132 1681 2500 1747 ἀποθανέιιω,
2532 1675 2625 1737 τὸν
2654 1683 2762 1737 ἀπὸ
2798 1682 2967 1737 πάλαι
3001 1684 3422 1756 τελευτήσαντα,
3454 1687 3544 1741 ἶνα
3577 1684 3715 1757 ζωὴν

439 1785 517 1840 ita
576 1785 868 1855 loquitur:
929 1781 1081 1835 Vivat
1137 1777 1318 1832 Ruben
1357 1818 1370 1843 ,
1421 1784 1474 1831 et
1529 1792 1633 1830 non
1691 1776 1956 1830 moriatur
1978 1775 2021 1830 ⁸.

441 1876 597 1941 Quod
636 1876 687 1930 ei
721 1882 1000 1945 precatur,
1055 1870 1148 1941 qui
1174 1868 1495 1940 jamdudum
1535 1885 1567 1923 e
1602 1868 1740 1922 vivis
1770 1882 2026 1923 ext-esse;

441 1973 528 2021 rat
553 1984 567 2034 ;
597 1983 705 2040 quo
730 1966 894 2020 vitam
919 1965 1081 2018 aliam
1104 1977 1228 2018 esse
1260 1968 1386 2032 post
1407 1959 1618 2016 obitum
1647 1959 1893 2022 doceret,
1919 1973 2025 2015 nec

440 2073 552 2114 non
582 2067 636 2114 et
660 2056 955 2127 judicium,
1008 2055 1061 2110 in
1097 2069 1207 2125 quo
1255 2052 1509 2107 homines
1556 2050 1799 2106 secunda
1849 2058 2025 2106 morte

438 2147 795 2204 damnantur.
830 2148 1009 2216 Atque
1064 2144 1189 2199 ideo
1237 2142 1514 2213 duplicem
1569 2140 1649 2195 illi
1684 2140 2029 2196 benedictio.

441 2254 568 2295 nem
622 2238 887 2307 impertit.
932 2236 1106 2299 Vivat,
1146 2235 1347 2306 inquit,
1385 2233 1441 2289 in
1471 2233 1883 2289 resurrectione
1913 2231 2028 2288 sci-

440 2326 602 2392 licet;
656 2340 816 2395 neque
852 2326 1134 2388 moriatur,
1196 2324 1252 2379 in
1310 2323 1541 2394 judicio;
1589 2322 1802 2389 Quibus
1835 2322 2025 2378 verbis

440 2431 553 2472 non
589 2416 737 2471 illam
762 2424 995 2470 mortem
1032 2414 1384 2487 significavit,
1410 2428 1533 2484 quae
1561 2413 1617 2468 in
1650 2413 1960 2468 animorum
1991 2426 2024 2467 ι

440 2523 678 2579 corpore
697 2508 1049 2578 separatione
1079 2507 1349 2568 cernitur,
1381 2503 1479 2561 sed
1505 2518 1626 2560 eam
1659 2503 1865 2575 potius,
1899 2518 2024 2574 qua

439 2600 496 2655 in
532 2598 887 2655 damnatione
935 2597 1217 2654 consistit.
1277 2595 1461 2651 Pauca
1513 2595 1630 2651 haec
1661 2594 1729 2650 ad
1765 2603 2020 2651 everten-

438 2693 570 2749 dum
624 2693 845 2748 illorum
896 2705 1142 2747 errorem
1197 2688 1496 2745 sufficient.
1536 2686 1752 2743 Habent
1797 2696 1851 2741 et
1884 2687 2025 2769 alios

438 2792 653 2841 Veteres
678 2786 817 2839 ritus
860 2798 987 2837 cum
1045 2790 1292 2838 extrema
1346 2779 1619 2837 dementia
1670 2779 2021 2849 coniunctos.

2129 1771 2277 1843 δείξῃ
2307 1768 2448 1827 εῖναι
2478 1772 2619 1846 μετά
2642 1772 2894 1841 θάνατον,
2922 1775 3106 1849 κρίσιν
3127 1775 3187 1829 δὲ
3209 1775 3465 1849 δευτέρου
3489 1777 3715 1832 θανάτου

2130 1864 2210 1927 είς
2239 1864 2564 1937 καταδίκην.
2605 1865 2697 1919 Διὸ
2730 1865 2826 1920 δύο
2857 1866 3110 1938 εὐλογίας
3143 1867 3293 1940 αὑτῷ
3328 1868 3632 1942 ἐπιτίθησι,
3659 1869 3717 1923 τδ

2129 1953 2315 2021 Ζήτω,
2338 1954 2540 2024 λέγων,
2573 1958 2631 2010 ἐν
2661 1958 2726 2030 τῇ
2763 1957 3084 2023 ἀναστάσει,
3120 1958 3220 2012 καί
3246 1958 3334 2030 μὴ
3369 1959 3719 2015 άποθανέτω

2128 2045 2200 2099 ἐν
2228 2045 2445 2114 κρίσει,
2474 2045 2537 2099 οὐ
2581 2045 2810 2100 θάνατον
2855 2046 2951 2100 τὸν
2985 2046 3075 2100 διὰ
3111 2045 3364 2118 σώματος
3397 2047 3719 2117 ἀπαλλαγῆς

2129 2135 2324 2205 λέγων,
2354 2135 2492 2190 ἀλλά
2532 2136 2622 2191 τὸν
2664 2136 2752 2191 διὰ
2791 2138 3113 2209 καταδίκης.
3167 2137 3416 2210 Ἀρκέσει
3462 2137 3600 2208 γοῦν
3655 2138 3723 2191 τά

2128 2228 2286 2298 ὀλίγα
2334 2229 2472 2301 πρὸς
2506 2229 2784 2285 ἀντίθεσιν
2830 2229 3036 2285 τούτων
3086 2230 3312 2303 Ἔχουσι
3346 2231 3403 2286 δὲ
3459 2232 3561 2285 καὶ
3590 2231 3724 2286 ἀλλά

2126 2322 2249 2377 τινὰ
2282 2321 2468 2386 ἀνοίας
2496 2321 2593 2395 ἔθη
2618 2322 2855 2377 παλαιά’
2887 2320 3034 2396 οὔρῳ
3058 2322 3404 2399 κλυζόμενοι,
3438 2325 3587 2378 ἐπὰν
3620 2323 3728 2377 ἀπὸ

2129 2411 2289 2485 ξένης
2319 2412 2538 2477 ἔλθωσι,
2566 2413 2930 2485 μεμιασμένοι
2950 2414 3110 2486 δῆθεν
3128 2432 3142 2445 ⁸
3170 2414 3325 2469 ὕδατι
3355 2414 3453 2468 σὺν
3487 2414 3727 2487 ἱματίοις
3778 2436 3793 2445 υ

2129 2503 2541 2575 βαπτιζόμενοι,
2579 2506 2718 2561 ἐπὰν
2748 2506 2994 2578 ἅψωνται
3026 2507 3213 2579 ἐτέρου
3244 2505 3354 2562 τῶν
3395 2505 3726 2562 ἀλλοεθνῶν.

2127 2596 2387 2667 Μιασμὸν
2415 2597 2523 2668 γὰρ
2550 2596 2808 2667 ἡγοῦνται
2836 2598 2896 2652 τὸ
2926 2598 3073 2663 τινὸς
3097 2597 3363 2671 ἅψασθαι,
3390 2598 3517 2671 ἦτοι
3552 2598 3729 2666 θίγειν

2129 2687 2289 2743 ἄλλου
2334 2679 2481 2753 τινὸς
2518 2687 2811 2762 ἀνθρώπου
2855 2689 2953 2744 ἀπ’
2991 2689 3154 2744 ἀλλον
3208 2689 3501 2761 δόγματος.
3550 2685 3732 2759 Πολλὴ

2130 2781 2245 2855 γὰρ
2278 2783 2312 2855 ἡ
2345 2781 2551 2839 τούτων
2578 2782 2992 2857 φρενοϐλάϐεια.

441 2873 577 2929 Nam
609 2882 664 2930 et
688 2872 823 2928 lotio
876 2870 1129 2943 perfundi
1181 2871 1410 2935 solent,
1459 2871 1679 2940 quoties
1718 2880 1949 2941 peregre
2013 2850 2238 2925 domum
2297 2850 2552 2939 redeunt,
2590 2850 2851 2944 tanquam
2912 2874 3094 2943 aliqua
3134 2850 3496 2945 contagione
3552 2872 3736 2945 pollue

438 2964 524 3030 ti;
554 2972 611 3019 et
645 2979 785 3036 aqua
811 2978 936 3019 sese
963 2969 1255 3032 vestesque
1283 2976 1415 3018 suas
1436 2963 1691 3028 abluunt,
1726 2979 1851 3021 cum
1904 2964 2132 3028 alterius
2187 2968 2369 3038 gentis
2409 2970 2722 3042 quempiam
2760 2970 3060 3041 tetigerint.
3104 2969 3216 3025 llac
3263 2972 3409 3026 enim
3471 2988 3535 3027 re
3595 2984 3737 3024 con-

440 3057 695 3113 tantinari
721 3070 781 3111 se
812 3062 1026 3125 putant,
1077 3054 1124 3109 si
1158 3057 1489 3126 quamquam
1548 3055 1884 3124 mortalium,
1947 3065 2042 3111 aut
2070 3057 2301 3116 alterius
2350 3070 2518 3118 secta:
2578 3061 2857 3118 hominem
2905 3061 3199 3134 attingant.
3233 3060 3408 3116 Tanta
3465 3070 3558 3119 est
3614 3061 3738 3117 illo-

440 3156 563 3205 rum
598 3145 874 3202 vecordia.

518 3237 606 3293 IV.
638 3237 758 3293 Jam
791 3235 1250 3308 quemadmodum
1285 3235 1445 3292 facile
1475 3229 1732 3307 redargui
1767 3235 2016 3306 ipsorum

2194 3230 2267 3292 A'.
2319 3227 2446 3302 ῐῙῶς
2480 3232 2539 3291 δέ
2581 3236 2970 3307 εὐθυέλεγκτος
3012 3239 3046 3309 ὴ
3085 3237 3267 3292 αὐτῶν
3297 3238 3456 3293 ἄνοια
3495 3241 3739 3311 γίνεται,

427 3303 654 3388 insania
684 3303 882 3399 possit,
912 3326 1288 3383 animadverte
1316 3342 1545 3398 quaeso;
1588 3303 1689 3382 nec
1723 3303 1836 3382 ullo
1858 3341 2027 3397 nego-

439 3422 523 3477 tio
549 3418 844 3491 percipies.
878 3415 1092 3473 Etenim
1123 3415 1329 3471 mortui
1350 3417 1586 3471 cadaver
1610 3416 2025 3481 abominantur,

436 3525 565 3568 cum
596 3510 710 3566 sint
740 3508 859 3564 suis
881 3507 1105 3578 ipsimet
1129 3505 1292 3563 factis
1317 3506 1542 3563 mortui.
1575 3507 1743 3579 Atqui
1784 3522 1894 3562 non
1916 3522 2028 3563 uno

439 3606 702 3667 alterove,
735 3602 833 3658 sed
866 3600 1096 3656 infinitis
1127 3599 1467 3657 testimoniis
1500 3600 1870 3665 convincitur,
1908 3616 2022 3656 non
2066 3636 2081 3659 κ

435 3710 563 3752 esse
590 3702 932 3748 mortuorum
958 3706 1191 3763 corpora
1218 3690 1562 3748 detestanda.
1596 3689 1730 3746 Nam
1764 3691 1911 3762 quod
1940 3691 2026 3746 lex

437 3786 774 3841 contrarium
828 3783 1047 3839 videtur
1076 3794 1346 3848 asserere,
1397 3782 1548 3838 aliud
1598 3783 1859 3855 quiddam
1893 3784 2029 3863 aeni.

437 3878 621 3942 gmate
669 3871 1000 3927 adumbrare
1036 3872 1229 3927 voluit.
1274 3868 1393 3927 Non
1456 3872 1601 3927 enim
1659 3871 2025 3938 duorum,,ut

434 3962 574 4025 dixi,
633 3964 870 4019 triumve
915 3963 967 4018 id
995 3963 1311 4018 testimonia
1345 3964 1722 4033 comprobant,
1775 3964 1870 4019 sed
1899 3980 2026 4020 ser-

435 4063 597 4110 centa
632 4055 823 4125 viginti
852 4054 962 4109 duo
991 4053 1158 4107 millia
1198 4053 1481 4106 hominum
1517 4054 1571 4106 in
1615 4054 1856 4119 deserto,
1896 4056 2026 4108 toti-

434 4145 671 4214 demque
700 4145 829 4206 alia,
869 4152 1034 4214 atque
1060 4142 1127 4197 iis
1171 4142 1336 4196 etiam
1365 4141 1545 4210 plura.
1577 4142 1720 4208 Quin
1757 4152 1811 4198 et
1864 4145 2024 4214 longe

437 4236 693 4291 uberiora
723 4246 852 4291 sunt
888 4234 1188 4304 Scriptura:
1237 4233 1381 4297 loca,
1442 4248 1564 4303 qua:
1594 4233 1662 4288 de
1707 4236 1913 4300 loculo,
1966 4237 2019 4290 in

432 4339 547 4397 quo
577 4323 800 4395 Joscphi
830 4340 957 4380 ossa
989 4324 1211 4380 condita
1238 4330 1390 4391 sunt,
1421 4325 1754 4382 mentionem
1785 4326 2017 4382 faciunt.

2131 3329 2424 3401 ἐπίστησον
2456 3322 2548 3384 τὸν
2587 3329 2735 3394 νοῦν,
2765 3324 2811 3384 ὧ
2841 3328 3282 3405 θαυμασιώτατε,
3320 3332 3413 3387 καὶ
3449 3334 3604 3407 εἴσῃ.
3634 3335 3743 3390 Ne3

2131 3420 2262 3493 κρδν
2295 3421 2393 3492 μὲν
2414 3420 2522 3492 γάρ
2549 3421 2755 3484 εὐθέως
2782 3420 3155 3493 βδελύττονται
3183 3422 3341 3476 αὐτοὶ
3358 3426 3560 3497 νεκροὶ
3583 3426 3742 3492 ϐντες

2127 3515 2239 3577 τοῖς
2265 3512 2465 3583 ἔργοις.
2504 3512 2855 3586 Μαρτυροῦσι
2888 3514 3000 3588 γὰρ
3027 3516 3090 3569 οὐ
3127 3514 3224 3587 μία
3250 3519 3567 3590 μαρτυρία,
3602 3519 3746 3574 ἀλλὰ

2128 3603 2343 3670 πολλαὶ,
2366 3603 2445 3675 τῷ
2482 3603 2557 3676 μὴ
2608 3599 2747 3658 εἶναι
2786 3603 2878 3659 τὸν
2919 3604 3110 3678 νεκρὸν
3147 3604 3580 3678 ὲϐδελυγμένον,
3623 3608 3744 3662 ἀλλ’

2126 3693 2209 3747 ὅτι
2236 3694 2654 3766 αἰνιγματωδῶς
2675 3696 2704 3748 ό
2737 3694 2900 3765 νόμος
2931 3694 3136 3762 ἔλεγεν.
3181 3682 3379 3749 Οὐκέτι
3410 3696 3538 3770 γὰρ
3576 3698 3680 3753 δύο
3711 3699 3745 3769 ἢ
3774 3708 3779 3713 ’

2125 3787 2275 3855 τρεῖς
2297 3782 2594 3856 μαρτυρίαι
2625 3784 2706 3848 είς
2727 3783 2886 3838 τοῦτο
2907 3785 3040 3856 ἡμῖν
3063 3784 3577 3857 ἐπιμαρτυροῦσιν,
3604 3786 3748 3841 ἀλλά

2131 3873 2390 3946 μυριάδες
2415 3865 2680 3944 ἐξήκοντα
2703 3872 2797 3927 δύο
2825 3873 2918 3927 τὸν
2942 3873 3174 3945 ἀριθμὸν
3197 3875 3254 3927 ἐν
3286 3877 3353 3946 τῇ
3380 3876 3621 3948 ἐρήμῳ,
3649 3875 3750 3930 καὶ

2125 3966 2284 4021 ἄλλαι
2313 3965 2599 4028 τοσαῦται,
2634 3966 2730 4020 καὶ
2773 3965 3054 4031 ἐπέκεινα,
3091 3966 3186 4021 καὶ
3213 3965 3293 4019 ἔτι
3334 3967 3481 4022 πολὺ
3514 3969 3750 4032 πλείους

2107 4059 2182 4112 ἀί
2212 4059 2280 4129 τῇ
2315 4056 2461 4129 σορῷ
2498 4055 2595 4110 τοῦ
2642 4054 2839 4129 Ἰωσὴφ
2875 4055 3354 4127 ἐπιμαρτυροῦσαι
3380 4060 3455 4130 τῇ
3482 4058 3583 4113 διὰ
3615 4075 3752 4113 τετ-

2127 4147 2438 4218 ταράκοντα
2469 4145 2609 4199 ἐτῶν
2640 4145 3022 4217 βασταζομένῃ
3047 4145 3104 4199 ἐν
3130 4144 3225 4217 ὅλῃ
3258 4148 3327 4218 τῇ
3364 4148 3746 4220 παρεμϐολῇ,

2123 4242 2220 4295 καὶ
2254 4240 2328 4313 μὴ
2369 4239 2762 4312 βδελυττομένῃ
2784 4280 2798 4304 ,
2856 4240 2995 4311 μήτε
3054 4239 3380 4313 μολυνούσῃ.
3427 4243 3651 4315 Ἔλεγε
3688 4242 3752 4299 δέ

2122 4331 2330 4404 τάληθῆ
2379 4332 2408 4384 ὁ
2450 4331 2652 4402 νόμος,
2704 4330 2820 4393 δτι,
2869 4329 3006 4385 Ἐάν
3050 4347 3143 4397 τις
3188 4330 3421 4399 ἅψηται
3471 4334 3748 4403 νεκροῦ,

433 4416 540 4483 Qui
576 4416 788 4472 loculus
819 4415 1182 4487 quadraginta
1207 4422 1355 4469 totos
1386 4429 1562 4472 annos
1597 4416 1652 4471 in
1682 4416 1883 4473 castris
1907 4419 2020 4474 ciro

2126 4419 2287 4491 μένει
2307 4419 2574 4488 βέϐηλος
2612 4419 2723 4486 ἕως
2749 4416 3034 4487 ἑσπέρας,
3060 4417 3161 4473 καὶ
3183 4419 3491 4476 deductas
3532 4422 3749 4487 ὕδατι,

434 4509 712 4564 cumlatus
766 4524 945 4579 neque
984 4508 1382 4564 aboniiuatioui
1435 4508 1559 4573 fuit,
1612 4526 1790 4582 neque
1822 4520 2017 4567 ennta-

433 4602 598 4672 gione
631 4614 731 4656 sua
758 4600 936 4656 Iabetn
969 4600 1135 4654 ullam
1168 4600 1426 4670 aspersit.
1449 4599 1721 4657 (laterum
1758 4618 1887 4658 vere
1916 4603 2019 4659 hoc

435 4705 465 4743 a
501 4689 788 4760 Scriptura
820 4688 1029 4744 dictum
1063 4698 1148 4745 est
1180 4709 1194 4746 :
1231 4690 1431 4762 Siquis
1463 4702 1730 4746 mortuum
1792 4694 2018 4765 tetigerit

434 4783 671 4853 pollutus
719 4781 788 4835 ad
835 4796 1102 4851 uesperam
1161 4794 1324 4852 usque
1376 4782 1722 4851 permanebit.
1785 4783 1919 4837 Tum
1962 4801 2018 4840 se

433 4890 573 4945 aqua
605 4873 825 4939 (arabit,
859 4890 921 4927 ac
954 4874 1328 4943 repurgabitur
1354 4875 1395 4929 '.
1422 4874 1639 4943 Quibus
1672 4876 1854 4931 verbis
1908 4877 2016 4932 llo-
2057 4940 2061 4945 λ

435 4967 564 5022 mini
602 4967 773 5023 nostri
808 4966 935 5025 Jesu
972 4967 1177 5023 Christi
1233 4978 1484 5032 mortem,
1523 4982 1588 5022 ac
1613 4978 1926 5038 susceptam
1957 4968 2013 5024 in

431 5073 663 5128 corpore
688 5060 1001 5130 passionem
1035 5058 1238 5114 innuit.
1273 5057 1351 5112 Ex
1375 5070 1444 5112 eo
1476 5057 1648 5122 enim,
1694 5058 1842 5128 quod
1878 5058 2012 5113 arti-

429 5150 614 5201 culum
640 5149 915 5220 apposuit,
942 5148 1302 5204 distinctione
1322 5147 1569 5205 nominis
1598 5163 1739 5221 opus
1761 5165 1884 5206 esse
1908 5150 2010 5206 de-

503 5302 519 5377 ξ
549 5299 686 5377 Gen.
720 5317 775 5363 v.
806 5301 896 5356 2-5.
973 5303 994 5333 ²
1024 5302 1158 5377 Gen.
1204 5316 1367 5366 xvttt,
1396 5303 1481 5358 ll.
1533 5302 1580 5377 _'
1607 5302 1744 5377 Gen.
1782 5319 1897 5377 xxi,
1930 5303 1989 5358 2.

2126 5303 2253 5360 Gen.
2284 5318 2461 5377 xstxL
2483 5304 2576 5360 29.
2642 5304 2664 5336 '
2694 5300 2831 5377 Gen.
2861 5318 2926 5377 ι..
2957 5306 2991 5377 5
3027 5321 3149 5377 sqq.

429 5360 453 5405 θ
477 5370 646 5426 Exod.
678 5360 814 5435 “,2
846 5388 969 5441 sqq.
1043 5371 1066 5402 ⁸
1096 5372 1253 5426 Deut.
1287 5360 1486 5440 naut,
1526 5373 1581 5428 6.
1658 5375 1679 5402 ’⁸
1708 5360 1896 5431 ιενὶιί
1917 5377 2025 5440 11,1

2143 5390 2266 5445 sqq.
2350 5376 2392 5407 ιθ
2420 5360 2549 5431 For.
2583 5374 2789 5446 πηγήν.

2123 4511 2222 4567 καί
2257 4509 2784 4580 καθαρισθήσεται.
2808 4504 2919 4563 Ἦν
2952 4510 3009 4562 δέ
3034 4508 3194 4563 τοῦτο
3224 4509 3634 4583 αἰνιττόμενος
3670 4516 3756 4577 εἰς

2051 4581 2223 4674 Ιδιττὴν
2266 4601 2361 4656 τοῦ
2421 4601 2629 4673 Κυρίου
2682 4598 2840 4671 ἡμῶν
2903 4599 3075 4671 Ἰησοῦ
3126 4600 3364 4671 Χριστοῦ
3421 4581 3752 4678 νέκρωσιν,

2125 4693 2265 4747 κατά
2308 4692 2367 4746 τὸ
2408 4691 2671 4763 ἐνσαρκον
2708 4688 2874 4743 αὑτοῦ
2912 4689 3101 4755 πάθος.
3142 4691 3278 4745 Ἀπὸ
3304 4692 3421 4765 γὰρ
3457 4695 3505 4728 ³⁸
3540 4699 3755 4750 τούτου

2122 4784 2218 4839 τοῦ
2241 4782 2345 4861 ἀρθ
2352 4799 2444 4855 ρον
2464 4781 2554 4853 (69
2558 4793 2577 4851 )
2594 4781 2694 4853 τὴν
2711 4780 2984 4853 διάκρισιν
2998 4782 3090 4836 τοῦ
3105 4782 3369 4853 ὀνόματος
3388 4785 3529 4839 ἐστι
3550 4788 3752 4859 σημᾶ-

2120 4893 2228 4929 ναι.
2256 4875 2430 4928 Ὅπου
2461 4872 2570 4943 γὰρ
2603 4870 2806 4946 ἄρθρον
2838 4872 3160 4945 πρόσκειται
3189 4874 3282 4926 ἐπὶ
3318 4875 3406 4929 ἐνί
3447 4896 3571 4933 τινι
3608 4881 3756 4953 ὠρι-

2122 4968 2307 5038 σμένῳ
2339 4966 2433 5020 καὶ
2456 4963 2889 5035 διαφανεστάτῳ,
2917 4965 3136 5020 πάντων
3167 4966 3315 5020 ἐστιν
3342 4969 3376 5039 ἠ
3423 4970 3755 5040 βεϐαίωσις

2116 5058 2205 5112 διὰ
2256 5058 2318 5112 τὸ
2360 5056 2593 5129 ἀρθρονσ
2624 5056 2753 5111 ἀνευ
2803 5055 2859 5109 δέ
2905 5056 3003 5111 τοῦ
3044 5056 3249 5131 ἄρθρου
3299 5060 3396 5112 ἐπὶ
3459 5064 3601 5129 ἐνὸς
3653 5066 3756 5120 τοῦ

2118 5149 2371 5221 τυχόντος
2418 5148 2684 5222 ἀορίστως
2733 5148 2852 5202 ἐστὶ
2892 5148 3146 5221 ληπτέον.
3199 5150 3290 5215 ὀς
3339 5144 3466 5225 οἷον
3516 5158 3717 5211 εἰπεῖν
3736 5197 3754 5222 ,

3228 5304 3457 5385 ξΝιιξη.
3506 5327 3665 5380 xvu.
3696 5314 3765 5373 8.

2892 5376 2932 5407 ¹¹
2970 5374 3126 5448 Lego
3143 5375 3259 5445 τοῦ,
3289 5375 3413 5431 τοῦ.

499 5532 612 5603 (69)
844 5530 956 5614 γὰρ
994 5531 1207 5618 roth/qu
1236 5530 1343 5612 τοῦ
1376 5532 1861 5618 dpﬁpov.-Arguta
1888 5532 2015 5618 hate-

2126 5534 2398 5618 Inpositus
2426 5542 2533 5595 est.
2567 5534 2868 5618 virqhabet
2899 5536 3128 5618 omnino
3160 5536 3363 5592 nullam
3388 5554 3423 5618 ;_
3446 5548 3521 5597 ut
3559 5560 3756 5618 neque

430 5605 742 5660 observatio
770 5602 941 5657 Graeci
977 5602 1213 5668 articuli,
1241 5602 1331 5672 qui
1356 5606 1419 5656 aJ
1451 5602 1647 5669 νεκροῦ
1674 5603 1995 5658 vocabulum

2126 5602 2223 5660 σου
2250 5612 2468 5672 uetera,
2495 5620 2617 5676 quae
2647 5605 2957 5661 illustrandi
2986 5609 3165 5678 gratia
3195 5602 3488 5677 congerit.
