3980 6078
128 118 222 177 229

800 114 1172 172 ADVERSUS
1211 115 1556 187 lliEBESES
1594 116 1724 174 LIB.
1768 120 1807 177 Ι.
1846 120 2005 179 TO‘M.
2056 124 2095 178 l.
2137 155 2205 163 —-
2245 124 2523 182 IUERES.
2563 127 2655 184 1X.

3267 140 3384 204 τεο

126 236 210 291 ἐὰν
251 230 536 302 εἴπωμεν,
584 228 871 323 βασιλεὺς,
922 230 1094 302 ὄνομα
1148 230 1246 301 μὲν
1292 231 1648 303 ὲσημάναμεν
1679 273 1694 297 ,

1804 246 2092 295 monstrat.
2144 238 2279 295 Nam
2333 242 2646 315 ubicunque
2700 246 2971 306 articulus
3017 251 3383 326 adjungitur,
3450 286 3457 293 κ

125 324 224 381 ἀλλ’
258 324 319 377 οὐ
354 322 643 393 τηλαυγῶς
669 312 761 375 τὸν
789 321 1105 393 ὁριζόμενον
1135 319 1438 394 ἐδείξαμεν.
1465 324 1697 379 Βασιλέα

127 418 218 490 γὰρ
248 416 483 488 λέγομεν
523 414 617 468 καὶ
645 396 1020 487 Περσῶνξκαὶ
1061 414 1285 487 Μήδων,
1330 415 1425 468 καὶ
1471 416 1696 488 Ἐλαμι-

125 508 236 565 τῶν.
277 506 408 559 Ἐὰν
444 504 503 560 δὲ
550 504 691 577 μετὰ
722 503 1042 579 προσθήκης
1067 503 1162 558 τοῦ
1204 505 1409 577 ἄρθρου
1453 506 1696 581 εἴπωμεν

127 599 152 654 6
191 599 462 672 βασιλεὺς,
511 595 884 669 ἀναμφίὸολόν
925 597 1042 650 ἐστι
1079 596 1140 651 τὸ
1177 599 1594 671 σημαινόμενον.
1637 602 1695 657 ’0

128 698 218 767 γὰρ
244 693 499 766 βασιλεὺς
517 693 546 744 6
575 691 930 763 ζητούμενος,
963 690 998 762 ἢ
1029 693 1058 745 6
1083 691 1392 763 λεγόμενος,
1417 694 1449 767 ἢ
1473 696 1501 747 6
1536 714 1696 765 γινω-

131 792 395 862 σκόμενος,
431 790 464 862 ἤ
496 790 524 842 6
562 786 659 843 τοῦ
697 805 843 853 τινος
889 787 1188 859 βασιλεύων
1225 789 1313 845 διὰ
1352 792 1443 845 τοῦ
1490 792 1692 866 ἄρθρου

92 924 97 934 .
130 883 509 938 ὑποδείκνυται.
538 880 643 934 Καὶ¹
681 880 777 937 ἐὰν
811 880 1076 952 εἴπωμεν.
1125 879 1263 945 θεὸς.
1296 883 1424 938 ἄνευ
1465 885 1561 938 τοῦ
1597 885 1696 957 ἄρ-

131 975 259 1045 θρου,
284 975 379 1028 τὸν
408 976 643 1044 τυχόντα
684 978 919 1049 εἴπαμεν
956 975 1079 1035 θεὸν
1120 976 1231 1030 τῶν
1272 975 1524 1048 ἐθνῶν,ἢ
1561 974 1695 1029 Θεὸν

129 1064 202 1120 τὸν
231 1067 384 1122 ὄντα.
422 1068 549 1122 Ἐὰν
588 1068 646 1123 δὲ
683 1067 953 1140 εἴπωμεν,
988 1070 1018 1122 6
1057 1065 1209 1134 Θεὸς,
1249 1067 1425 1139 δῆλον,
1466 1067 1541 1131 ὡς
1586 1065 1694 1120 ἀπὸ

128 1158 205 1211 τοῦ
243 1161 274 1214 6
319 1159 528 1237 ᾇρθρου
572 1160 667 1215 τὸν
699 1160 827 1214 ὄντα
874 1158 1245 1233 σημαίνομεν,
1277 1159 1455 1229 ἀληθῆ
1498 1176 1558 1212 τε
1599 1159 1695 1213 καὶ

130 1250 513 1322 γινωσκόμενον
534 1268 548 1282 ο
579 1250 654 1317 ὡς
698 1252 792 1306 καὶ
830 1251 1149 1320 ἄνθρωπος,
1195 1251 1290 1304 καὶ
1321 1252 1349 1304 6
1384 1249 1690 1321 ἄνθρωπος.

127 1334 285 1401 Καὶεὶ
321 1342 424 1414 μὲν
462 1341 649 1413 ἔλεγεν
691 1346 720 1398 6
754 1342 948 1415 νόμος·
992 1342 1137 1396 Ἐὰν
1170 1342 1412 1411 ᾶψησθε
1451 1333 1691 1410 νεκροῦ,

128 1426 249 1487 rari
296 1435 516 1490 πάντων
556 1429 785 1509 ἐφέρετο
823 1428 853 1487 6
881 1434 1060 1505 ψῆφος
1081 1473 1096 1498 ,
1128 1432 1221 1487 καὶ
1273 1432 1460 1497 ἁπλῶς
1490 1432 1694 1496 παντὸς

126 1527 302 1596 νεκροῦ
327 1522 398 1599 ἦν
421 1529 456 1599 ἡ
494 1528 818 1599 ἐπικειμένη
846 1524 940 1581 τοῦ
974 1526 1290 1598 ζητήματος
1320 1523 1465 1593 λέξις
1490 1541 1503 1555 ·
1529 1525 1690 1579 ὁπότε

1803 334 1954 384 certa
1982 343 2045 383 ac
2078 330 2367 402 perspicue
2388 333 2613 393 definita
2649 352 2739 394 res
2761 338 3107 414 intelligitur.
3140 343 3271 404 Sine
3299 362 3385 405 ar-

1801 420 1971 476 ticulo
1998 421 2067 477 de
2098 423 2341 493 quolibet
2374 425 2552 497 accipi
2602 427 2816 486 infinite
2843 432 3003 490 solet.
3039 433 3107 491 Ut
3145 441 3382 510 exempli

1798 527 1990 578 causa,
2010 516 2058 571 si
2082 532 2175 571 rex
2193 517 2406 584 dixero,
2440 533 2639 579 nomen
2669 525 2890 594 quidem
2922 527 3099 597 ipsum
3117 529 3378 591 declare:

1798 600 1924 668 quis
1956 603 2045 659 ille
2076 604 2168 668 sit,
2202 604 2289 661 de
2306 622 2416 677 quo
2439 607 2653 679 loquor,
2704 623 2894 684 aperte
2940 633 3055 675 non
3103 621 3379 693 signiﬁco.

1801 690 1999 763 Regem
2023 695 2167 749 enim
2218 704 2327 751 tam
2365 696 2682 768 Persarum,
2722 706 2828 776 27
2853 724 3018 777 quam
3067 690 3381 782 Medorum,

1799 795 1965 857 atque
2012 787 2369 848 [Clamilarnm
2415 797 2781 865 appellamus.
2838 801 2993 869 Quod
3041 807 3090 861 si
3142 809 3382 866 articulo

1797 879 1961 932 etiam
1994 880 2265 949 adhibito,
2300 884 2387 941 ltic
2420 902 2538 953 rex,
2577 889 2836 960 dicimus,
2880 911 3050 954 neuio
3090 914 3252 970 quem
3285 919 3382 961 ve-

1799 968 1962 1025 limus
1986 972 2225 1043 ignorat.
2267 974 2367 1031 llic
2396 980 2541 1034 enim
2575 997 2670 1037 rex
2732 1001 2799 1041 eo
2833 989 3073 1045 articulo
3108 968 3379 1061 Vnotatur,

1798 1062 1867 1116 de
1893 1080 2002 1134 quo
2039 1069 2292 1136 quaestio.
2330 1071 2414 1126 vel
2444 1089 2627 1130 sermo
2665 1078 2871 1149 aliquis
2897 1080 3194 1152 inciderit;
3222 1085 3383 1143 deni-

1797 1167 1908 1220 que
1940 1156 2034 1224 qui
2068 1156 2139 1212 sit
2173 1160 2433 1229 cognitus
2465 1178 2528 1218 ac
2565 1173 2720 1220 certo
2770 1168 3005 1239 imperio
3039 1173 3378 1234 dominetur.

1800 1242 2064 1303 Similiter
2091 1264 2237 1311 cum,
2271 1251 2429 1317 deus,
2462 1255 2785 1327 simpliciter
2804 1275 3162 1334 usurpamus,
3188 1285 3383 1340 quem-

1798 1336 1930 1431 libet
1960 1340 2126 1399 deum
2157 1343 2415 1410 dicimus,
2459 1364 2558 1403 nec
2589 1351 2774 1407 minus
2809 1368 2958 1419 eum,
3018 1359 3166 1428 quia
3198 1336 3379 1431 penti-

1796 1427 1903 1486 bus
1933 1433 2155 1499 colitur,
2184 1452 2348 1507 quam
2367 1442 2460 1509 qui
2482 1457 2608 1496 vero
2631 1441 2775 1499 Deus
2803 1454 2911 1502 est.
2940 1447 3011 1502 At
3040 1464 3164 1505 cum
3191 1427 3379 1518 όΘεδς

1796 1520 2055 1589 dicimus,
2093 1542 2219 1582 enim
2256 1530 2466 1585 scilicet
2491 1535 2856 1603 exprimimus
2877 1540 2972 1609 qui
2997 1557 3159 1597 verus
3190 1551 3377 1610 etest,

128 1614 174 1667 δὲ
206 1615 385 1686 λέγει·
444 1617 587 1671 Ἐὰν
630 1616 857 1699 ἅψηταί
903 1633 994 1682 τις
1022 1614 1130 1670 τοῦ
1171 1614 1411 1683 νεκροῦ,
1448 1612 1542 1668 ἐπὶ
1594 1613 1693 1667 ἕνα

1802 1618 1853 1664 et
1886 1626 2009 1669 esse
2063 1618 2426 1687 cognoscitur
2460 1619 2625 1678 Deus.
2680 1622 2968 1692 Similiter,
3024 1645 3150 1686 cum
3188 1633 3376 1699 homo,

127 1709 231 1761 τινὰ
261 1708 425 1781 φέρει
456 1708 555 1779 τὴν
576 1707 826 1779 ἀγωγὴν,
852 1706 995 1779 φημὶ
1027 1708 1085 1762 δὲ
1126 1707 1223 1760 ἐπὶ
1244 1706 1336 1760 τὸν
1364 1704 1586 1783 Κύριον,
1616 1705 1692 1768 ὡς

128 1800 224 1853 ἂνω
246 1817 342 1871 μοι
370 1800 689 1873 δεδήλωται.
718 1800 915 1869 Ἔλεγε
947 1800 1003 1855 δὲ
1034 1800 1190 1855 τοῦτο
1218 1798 1633 1872 αἰνιγματωδῶς
1664 1801 1693 1852 6

127 1890 270 1960 νόμος
297 1891 388 1946 διὰ
422 1893 552 1957 τοὺς
587 1892 884 1964 μέλλοντας
908 1890 1099 1965 χεῖρας
1135 1892 1446 1948 ἐπιϐάλλειν
1483 1893 1576 1946 ἐπὶ
1598 1889 1692 1946 τὸν

126 1978 363 2053 Χριστὸν,
402 1985 501 2040 καὶ
522 1984 741 2058 σταυρῷ
775 1985 1157 2057 παραδιδόναιο
1201 1986 1283 2039 ὅτι
1323 1984 1513 2057 χρείαν
1546 1979 1692 2055 εἶχον

124 2069 252 2129 οὗτοι
295 2076 678 2149 καθαρισμοῦ,
708 2076 814 2141 ἕως
856 2070 986 2148 δύνῃ
1028 2075 1211 2141 αὐτοῖς
1249 2077 1284 2148 ή
1322 2075 1546 2148 ἡμέρα,
1572 2072 1693 2129 καὶ

126 2165 364 2239 ὰνατείλη
393 2168 581 2234 αὐτοῖς
617 2169 746 2225 ἄλλο
775 2167 912 2238 φῶς,
945 2167 1035 2223 διὰ
1063 2168 1158 2223 τοῦ
1194 2167 1569 2239 βαπτίσματος
1594 2165 1690 2221 τοῦ

124 2250 298 2325 ὕδατος
325 2259 424 2315 τοῦ
452 2261 680 2335 λουτροῦ
706 2261 809 2332 τῆς
838 2260 1289 2331 παλιγγενεσίας·
1322 2259 1399 2323 ὡς
1431 2259 1526 2314 καὶ
1569 2260 1690 2312 ἐπι-

126 2356 382 2426 μαρτυρεῖ
423 2371 517 2426 μοι
555 2352 793 2409 ἐνταῦθα
827 2349 1032 2426 Πέτρος
1073 2351 1247 2422 λέγων
1277 2354 1390 2416 τοῖς
1428 2343 1693 2423 Ἰσραηλί-

123 2452 229 2506 ταις
254 2443 315 2498 ὲν
347 2441 762 2516 Ἱεροσολύμοις,
793 2445 906 2507 τοῖς
939 2442 1188 2512 λέγουσιν
1222 2440 1391 2512 αὐτῷ.
1430 2441 1490 2495 Τί
1518 2439 1692 2506 ποιή-

122 2542 312 2599 σωμεν
327 2548 352 2595 ;
384 2530 475 2585 διὰ
508 2526 572 2585 τὸ
602 2532 882 2605 είρηκέναι
911 2529 1072 2587 αὑτὸν
1111 2530 1325 2596 αὐτοῖς,
1346 2531 1429 2584 ὃτι
1473 2528 1695 2583 Τοῦτον

122 2620 220 2675 τὸν
256 2622 531 2692 Ἰησοῦν,
567 2621 641 2677 ὃν
680 2621 849 2693 ὑμεῖς
885 2620 1326 2690 ἐσταυρώσατε.
1365 2620 1475 2675 Καὶ
1525 2636 1695 2675 καταδ

122 2717 314 2781 νυγεῖσι
347 2715 448 2786 τὴν
492 2714 721 2787 καρδίαν
762 2710 882 2769 εἷπε
901 2731 915 2744 ·
952 2711 1401 2781 Μετανοήσατε,
1446 2710 1545 2765 καί
1575 2710 1694 2776 ,Βα-

119 2804 412 2871 ττισθήτω
432 2803 695 2871 ἕκαστος
721 2803 792 2859 ἐν
822 2802 902 2870 τῷ
940 2804 1186 2874 ὀνόματι
1220 2801 1414 2871 Ἰησοῦ
1436 2800 1692 2870 Χριστοῦ

117 2894 212 2949 τοῦ
230 2897 458 2966 Κυρίου
487 2895 678 2966 ἡμῶν,
702 2896 800 2950 καὶ
829 2895 1236 2967 ἀφεθήσονται
1263 2893 1404 2965 ὑμῖν
1424 2896 1484 2949 αἱ
1512 2894 1695 2963 ἀμαρ-

1799 1704 1881 1758 vel
1924 1705 2011 1760 hic
2063 1708 2227 1766 lzomo
2277 1711 2502 1770 dicitur.
2540 1714 2662 1770 Jam
2716 1733 2850 1772 vero
2882 1720 2928 1774 si
2955 1721 3041 1776 lex
3079 1722 3184 1780 hoc
3215 1726 3378 1783 modo

1796 1807 2063 1869 concepta
2118 1800 2257 1857 foret
2297 1819 2311 1856 :
2350 1803 2412 1859 Si
2469 1817 2738 1862 mortuum
2796 1812 3096 1883 tetigeritis,
3132 1816 3377 1875 universi

1795 1901 1859 1941 ea
1891 1893 2162 1947 sententia
2191 1898 2820 1968 comprehenderentur,
2845 1912 2899 1959 et
2923 1904 2991 1960 ad
3015 1921 3210 1963 omnes
3236 1925 3379 1966 mor-

1796 1992 1925 2039 tuos
1957 1986 2128 2043 dictio
2168 1988 2265 2042 illa
2296 1996 2591 2059 spectaret.
2613 1974 2722 2048 Sed
2741 2010 2866 2049 cum
2890 1997 2962 2052 ita
2987 2000 3254 2071 scriptum
3279 2005 3374 2069 sit,

1797 2073 1860 2130 Si
1886 2077 2003 2147 quis
2025 2076 2164 2131 [tunc
2197 2089 2464 2133 mortuum
2493 2082 2737 2150 tetigerit,
2764 2085 2832 2140 ad
2867 2103 3035 2143 unum
3058 2095 3375 2163 quempiam

1796 2167 1994 2223 referri
2027 2169 2211 2234 debet,
2249 2171 2510 2231 nimirum
2540 2170 2857 2240 Dominum,
2895 2187 2955 2233 ut
3001 2180 3158 2236 initio
3184 2182 3376 2239 decla-

1794 2266 1974 2312 ratum
2007 2268 2113 2313 cst.
2152 2258 2269 2314 lloc
2303 2275 2433 2315 vero
2467 2260 2551 2316 lex
2584 2262 2773 2332 specie
2796 2264 3035 2334 quadam
3063 2266 3378 2338 amigmatis

1796 2356 2018 2418 propter
2074 2364 2172 2404 eos
2228 2349 2388 2417 dixit,
2441 2353 2536 2422 qui
2587 2351 2813 2409 Christo
2865 2370 3063 2411 mantus
3116 2358 3380 2429 injecturi

1794 2451 1974 2497 erant.
2008 2449 2060 2496 et
2088 2442 2144 2497 in
2165 2457 2387 2499 crucem
2424 2444 2723 2508 sublaturi,
2763 2444 3022 2502 videlicet
3063 2448 3378 2519 expiatione

1795 2549 1934 2604 opus
1964 2534 2073 2589 illis
2105 2550 2251 2603 esse,
2286 2535 2464 2591 donec
2509 2538 2645 2607 ipsis
2672 2539 2791 2593 dies
2841 2538 3084 2608 occidat,
3132 2558 3199 2596 ac
3232 2558 3378 2598 nova

1796 2626 1887 2681 lux
1942 2642 2038 2697 per
2085 2626 2429 2697 baptismum
2498 2643 2564 2683 ac
2623 2628 2826 2684 lavacri
2902 2636 3378 2703 regenerazionem

1766 2734 1769 2737 λ
1797 2717 2030 2772 oriatur.
2063 2714 2236 2788 Cujus
2264 2719 2368 2774 mei
2402 2717 2539 2774 dicti
2594 2718 2755 2775 fidem
2795 2719 2990 2778 eodem
3044 2722 3098 2778 in
3130 2724 3253 2780 loco
3280 2725 3383 2780 Pe-

1796 2817 1917 2864 trus
1947 2809 2171 2874 astruit,
2209 2810 2339 2866 dum
2373 2809 2771 2885 Hierosolymis
2800 2814 3087 2871 lsraelitas
3145 2816 3385 2888 alloqui-

1798 2908 1910 2969 tur,
1940 2905 2032 2972 qui
2072 2917 2133 2957 se
2183 2901 2699 2973 interrogaverunt,
2733 2904 2875 2972 Quid
2925 2906 3222 2976 faciemus?
3254 2924 3387 2980 pro-

119 2986 244 3051 τίω,
287 2986 393 3042 καὶ
424 2985 708 3055 λήψεσθε
738 2984 854 3055 τὴν
894 2984 1121 3055 δωρεὰν
1159 2984 1265 3040 τοῦ
1293 2984 1465 3055 ἁγίου
1502 2983 1683 3036 Πνεύ⁸

1802 3000 1992 3064 pterea
2019 2992 2167 3063 quod
2191 2992 2285 3048 ille
2311 2993 2560 3061 dixerat,
2614 2994 2780 3062 Quem
2817 3014 2905 3052 vos
2937 2999 2991 3053 in
3039 3015 3192 3053 cruce
3223 3001 3382 3071 suffi-

115 3090 306 3144 ματος.
349 3068 428 3131 Οῦ
464 3077 596 3147 περὶ
635 3074 833 3148 νεκροῦ
861 3076 1043 3130 τοίνυν
1075 3075 1224 3144 λέγει
1262 3076 1291 3128 6
1328 3074 1509 3145 νόμος.
1542 3074 1604 3127 Ei
1634 3072 1693 3126 δὲ

117 3168 202 3220 καὶ
238 3169 377 3240 περὶ
419 3166 619 3241 νεκροῦ
663 3167 825 3222 ἄλλου
862 3165 1181 3239 ὁριζομένου
1229 3165 1376 3235 λέγει
1418 3165 1447 3218 6
1496 3164 1690 3236 νόμος,

113 3256 275 3323 ἄλλως
300 3258 598 3313 ἐκδίδοται.
630 3257 792 3326 Λέγει
821 3255 952 3327 γὰρ,
984 3256 1088 3320 ὅτι,
1130 3255 1271 3310 Ἐὰν
1300 3251 1567 3323 παρέλθῃ
1600 3269 1695 3307 rs-

114 3349 263 3415 xpdc,
298 3350 596 3405 κλείσατε
623 3348 731 3415 τὰς
757 3340 941 3417 θύρας
973 3346 1073 3402 καὶ
1102 3346 1210 3414 τὰς
1233 3345 1481 3416 θυρίδας
1505 3344 1693 3416 ὑμῶν,

110 3439 201 3493 ἵνα
220 3442 310 3511 μὴ
363 3439 648 3511 μολυνθῇ
683 3444 715 3495 o'
744 3436 932 3508 οἶκος.
981 3438 1125 3493 Ὠσεὶ
1171 3438 1325 3507 ἔλεγε
1356 3437 1483 3510 περὶ
1525 3438 1697 3508 ἁκοῆς

110 3531 411 3607 ἁμαρτίας,
452 3536 538 3590 ὅτι
573 3534 699 3589 Ἐὰν
736 3533 977 3606 ἀκούσῃς
1013 3532 1199 3604 φωνὴν
1247 3534 1348 3603 τῆς
1389 3531 1694 3604 ἁμαρτίας,

108 3622 138 3695 ἢ
171 3622 312 3693 εἶδος
374 3626 846 3701 παραπτώματος,
900 3625 1115 3681 κλεῖσον
1161 3622 1252 3677 τὸν
1284 3622 1564 3695 ὀφθαλμόν
1603 3641 1696 3678 σου

111 3714 212 3768 ἀπὸ
238 3718 572 3789 ἐπιθυμίας,
594 3718 690 3772 καὶ
713 3716 776 3770 τὸ
804 3717 980 3788 στόμα
1008 3714 1116 3770 ἀπὸ
1140 3714 1489 3783 κακολογίας,
1518 3715 1613 3769 καὶ
1638 3715 1709 3793 τὺί

107 3803 194 3873 οἷς
227 3812 348 3866 ἀπὸ
381 3812 694 3884 ἐνηχήσεως
724 3812 990 3883 πονηρᾶς,
1014 3810 1102 3865 ἴνα
1134 3810 1211 3883 μὴ
1235 3810 1485 3882 νεκρωθῇ
1520 3810 1639 3875 ὅλος
1671 3812 1700 3864 6

108 3890 269 3967 οἶκος,
305 3898 597 3958 τουτέστιν
626 3904 661 3973 ἡ
681 3901 829 3974 ψυχὴ
847 3901 941 3955 καὶ
967 3900 1028 3955 τὸ
1063 3899 1241 3972 σῶμα.
1269 3900 1362 3954 Διὸ
1389 3900 1484 3954 καὶ
1511 3900 1539 3952 6
1568 3916 1701 3971 προ-

109 3992 281 4064 ’ᾇήτης
311 3994 509 4063 ras-{sv
536 4009 550 4023 ·
590 3982 952 4063 Ἐὰν’ἁνα6ᾔ
980 3993 1237 4061 θάνατος
1266 3993 1366 4049 διὰ
1396 3994 1517 4048 τῶν
1542 3988 1703 4063 θυρί-

106 4074 221 4135 ἔων
239 4100 257 4115 ο
288 4086 395 4139 καὶ
421 4086 484 4139 οὐ
517 4086 737 4149 πάντως
757 4085 887 4157 περὶ
908 4084 1018 4137 τῶν
1044 4084 1276 4158 θυρίδων
1297 4086 1501 4141 τούτων
1529 4085 1699 4156 λέγει.

112 4171 176 4228 Ἥ
211 4182 328 4249 γαρ
364 4172 684 4242 κλείσαντες
712 4177 812 4241 τὰς
846 4170 1090 4249 θυρίδας,
1120 4178 1375 4234 οὐδέποτε
1410 4178 1703 4234 ἀποθανεῖν

105 4267 351 4338 εἴχομεν.
384 4268 614 4341 Θυρίδες
638 4269 698 4324 δὲ
729 4270 863 4342 ἡμῖν
888 4268 1193 4345 ὑπάρχουσι
1222 4271 1289 4326 τὰ
1319 4270 1411 4326 τοῦ
1451 4270 1705 4343 σώματος

1796 3083 1953 3137 tristis
1977 3082 2184 3150 Iesum,
2212 3093 2322 3139 etc.
2359 3082 2595 3154 Moxque
2656 3087 2749 3140 ubi
2779 3102 2846 3145 ex
2908 3089 3094 3145 animo
3126 3090 3384 3147 dolentes

1798 3176 2223 3232 animadvertit:
2259 3176 2656 3243 Pcenitentiam,
2685 3177 2888 3249 inquit,
2928 3180 3088 3250 agite,
3131 3191 3179 3234 et
3207 3180 3385 3251 bapti-

1799 3277 1949 3322 setur
1979 3269 2336 3339 unusquisque
2370 3268 2426 3321 in
2478 3267 2688 3323 nomine
2742 3265 2869 3322 Iesu
2913 3266 3115 3323 Christi
3164 3268 3383 3327 Domini

1800 3359 1989 3421 nostri,
2017 3368 2066 3413 et
2092 3357 2428 3414 remittentur
2456 3357 2601 3413 vobis
2646 3368 2886 3428 peccata,
2925 3369 2975 3415 et
3004 3371 3115 3415 tum
3146 3360 3385 3431 Spiritus

1798 3444 1972 3497 sancti
2004 3442 2200 3499 donum
2256 3446 2529 3517 accipietis
2560 3447 2604 3501 ’.
2642 3451 2715 3503 De
2744 3463 2854 3518 quo
2892 3449 3113 3520 quidem
3165 3460 3389 3509 mortuo

1798 3537 1963 3593 verba
2015 3537 2152 3609 legis
2191 3538 2513 3609 accipienda
2570 3547 2721 3598 sunt.
2784 3540 2854 3596 At
2884 3544 3109 3613 quoties
3147 3546 3215 3600 de
3271 3546 3383 3621 alip

1800 3626 2039 3696 quodam
2092 3636 2315 3685 mortuo
2352 3630 2637 3701 loquitur,
2692 3631 2855 3687 aliter
2901 3635 3236 3705 concipitur.
3292 3636 3390 3694 Sic

1800 3719 1946 3773 enim
1974 3718 2050 3772 ait
2084 3736 2096 3772 :
2135 3718 2196 3774 Si
2229 3721 2507 3775 transierit
2543 3730 2808 3786 mortuus,
2860 3724 3120 3779 occludite
3161 3726 3386 3796 ianuas,

1803 3828 1865 3865 ac
1898 3810 2181 3890 fenestras,
2212 3828 2275 3866 ne
2300 3810 2490 3866 domus
2520 3812 2847 3883 inquinetur.
2880 3813 3049 3880 Quasi
3079 3816 3147 3871 de
3171 3820 3386 3887 peccati

1804 3901 2092 3957 auditione
2119 3901 2333 3958 diceret
2368 3918 2382 3955 :
2411 3899 2469 3957 Si
2509 3901 2724 3973 peccati
2758 3917 2948 3958 vocem
2992 3904 3256 3969 audieris,
3290 3911 3385 3960 aut

1804 3992 2040 4064 alicujus
2070 3993 2254 4050 delicti
2290 3995 2551 4066 speciem,
2584 3996 2807 4050 oculmn
2859 4003 3013 4050 tuum
3043 3996 3113 4050 ab
3132 4011 3196 4051 ea
3222 3998 3389 4068 cupi-

1803 4084 1974 4141 ditate
2000 4085 2217 4152 claude,
2272 4102 2489 4142 necnon
2522 4095 2577 4142 et
2611 4102 2674 4143 os
2707 4098 2861 4141 tuum
2897 4102 2926 4140 a
2978 4087 3299 4155 maledicto,
3332 4098 3390 4145 et

1806 4191 1971 4235 aures
1995 4178 2066 4233 ab
2109 4179 2302 4234 auditu
2347 4178 2599 4236 nefanda:
2634 4179 2735 4242 rei,
2802 4194 2871 4234 ne
2917 4178 3117 4233 domus
3151 4179 3391 4251 integra,

1808 4270 1911 4325 hoc
1931 4279 2017 4326 est
2045 4273 2226 4326 anima
2268 4287 2393 4325 cum
2448 4286 2685 4341 corpore
2732 4271 3020 4327 moriatur.
3080 4271 3255 4338 Quam
3318 4273 3393 4329 ob

108 4360 473 4435 αἰσθητήρια,
506 4361 746 4436 βλέμμα,
780 4364 941 4439 ἀκοὴ,
970 4366 1067 4421 καὶ
1100 4364 1169 4420 τὰ
1208 4363 1365 4427 ἄλλα,
1398 4363 1465 4417 δι’
1498 4356 1572 4417 ὧν
1603 4362 1696 4417 θά-

1808 4378 2031 4419 causam
2066 4362 2327 4434 propheta
2352 4364 2493 4419 dixit
2518 4382 2530 4417 :
2558 4363 2619 4419 Si
2644 4380 2785 4418 mors
2804 4380 2897 4433 per
2920 4365 3180 4435 fenestras
3199 4382 3391 4420 ascen-

104 4469 260 4519 νατος
290 4458 388 4519 είς
430 4457 581 4527 ἡμεῖς
610 4457 1007 4530 είσπορεύεται,
1046 4458 1095 4510 εί
1126 4456 1193 4511 δι’
1228 4454 1409 4510 αὐτῶν
1449 4454 1703 4525 ἁμαρτή-

1807 4455 1945 4510 derit
1981 4456 2024 4509 ³.
2046 4453 2168 4511 Non
2203 4456 2351 4511 enim
2404 4455 2655 4515 ,usitatas
2692 4456 2816 4512 illas
2877 4456 3153 4512 fenestras
3187 4455 3392 4512 intellin

105 4558 311 4616 σωμεν.
352 4542 718 4617 Ἔνεταφίασε
749 4545 883 4617 γοῦν
917 4549 947 4601 6
984 4546 1184 4618 Ἰωσὴφ
1212 4546 1303 4600 τὸν
1333 4544 1582 4618 Ἰσραὴλ,
1611 4545 1696 4598 καὶ

1809 4546 1909 4617 git.
1942 4545 2167 4618 Alioqui
2201 4547 2461 4605 lenestris
2487 4547 2735 4604 occlusis
2772 4562 3059 4619 nunquam
3094 4562 3194 4602 nos
3224 4547 3394 4602 letum

101 4636 197 4689 οὐκ
241 4638 621 4707 ἑὸδελύξατο’
665 4640 760 4693 καὶ
821 4639 958 4711 μετὰ
1005 4638 1234 4693 θάνατον
1288 4635 1567 4691 ἐπιπεσὼν
1614 4637 1696 4690 ὲπῖ

1812 4634 2168 4705 opprimeret.
2195 4632 2394 4694 Verum
2425 4636 2561 4691 nihil
2594 4636 2742 4692 aliud
2769 4635 3025 4693 fenestra:
3043 4644 3194 4701 sunt,
3228 4650 3394 4707 quam

107 4730 412 4799 πρόσωπον
441 4729 805 4800 κατεφίλησε.
839 4730 950 4787 Καὶ
985 4731 1048 4784 οὐ
1079 4731 1412 4802 γέγραπται,
1437 4729 1520 4782 ὅτι
1550 4726 1707 4782 ἐλού-

106 4835 250 4885 σιτο,
282 4822 387 4876 ἵνα
417 4819 755 4894 καθαρισθῇ.
802 4820 1195 4890 Ἑνεταφίασαν
1236 4821 1286 4873 οἱ
1329 4818 1584 4888 ἄγγελοι,
1630 4818 1709 4882 ὼς

106 4908 135 4976 ἡ
163 4913 246 4975 εἰς
278 4913 446 4983 ἡμᾶς
490 4909 723 4965 ἐλθοῦσα
761 4909 1064 4981 παράδοσις
1092 4909 1226 4981 ἔχει,
1266 4908 1326 4962 τὸ
1355 4906 1516 4979 σῶμα
1541 4906 1711 4962 Morti-

106 5002 239 5068 εὲως
265 5003 379 5058 τοῦ
413 5003 602 5072 ἁγίου,
636 5004 731 5057 καὶ
758 5003 896 5056 οὐκι
933 5000 1222 5057 ὲλύσαντο·
1260 4999 1375 5054 ἀλλ’
1409 5000 1533 5053 οὕτε
1567 5000 1713 5052 ὲκοις

103 5093 372 5167 idan
396 5097 446 5150 oi
478 5093 708 5164 ἄγγελοι
737 5094 848 5148 ἀπὸ
877 5091 974 5148 τοῦ
1001 5091 1160 5162 ἁγίου
1186 5090 1460 5163 σώματος.

1813 4725 2073 4796 corporis
2109 4734 2329 4783 sensus.
2385 4727 2561 4793 visus,
2585 4728 2833 4792 auditus,
2861 4744 2961 4798 per
3010 4744 3152 4799 quos
3182 4727 3294 4799 28
3349 4728 3399 4784 si

1817 4832 2133 4886 peccemus,
2165 4833 2316 4873 mors
2359 4818 2504 4873 intra
2559 4828 2664 4874 nes
2720 4817 3048 4888 ingreditur.
3102 4817 3400 4872 Enimvero

1813 4906 2015 4979 Joscph
2044 4906 2298 4964 lsraelem
2341 4908 2562 4981 sepeliit
2583 4908 2628 4971 ⁸,
2677 4923 2779 4964 nec
2808 4908 3116 4964 detestatus
3147 4916 3254 4971 est,
3286 4909 3419 4973 imo,

1818 5010 1941 5071 post
1966 5000 2087 5070 ejus
2108 5010 2339 5057 mortem
2369 5000 2424 5056 in
2476 4999 2674 5057 faciem
2708 5000 3078 5072 procumbens
3102 5001 3395 5058 exoscula-

1820 5100 1911 5148 tus
1934 5100 2019 5148 est
2039 5094 2083 5148 ⁸.
2116 5091 2304 5163 Neque
2331 5100 2515 5149 tamen
2549 5094 2815 5162 scriptum
2870 5100 2959 5149 est
3015 5090 3279 5163 expiandi
3335 5102 3399 5146 se

100 5185 283 5253 gratia
312 5186 509 5257 ipsum
533 5184 801 5243 abluisse.
829 5183 1107 5241 Praeterea
1131 5181 1302 5239 Hosis
1346 5196 1575 5252 corpus,
1607 5182 2073 5253 quemadmodum
2110 5200 2140 5238 a
2177 5182 2480 5254 majoribus
2530 5184 2851 5254 accepimus
2917 5184 2988 5240 ab
3045 5183 3262 5255 angelis
3320 5194 3397 5237 se-
3474 5258 3483 5263 μ

103 5282 321 5347 puli-sa
361 5290 455 5336 est
482 5280 542 5346 ⁶;
596 5295 780 5350 neque
810 5279 892 5335 illi
948 5289 1134 5335 tamen
1169 5277 1269 5334 loti
1310 5284 1462 5334 sunt.
1520 5291 1584 5332 ac
1642 5289 1712 5331 ne
1744 5277 1939 5348 polluti
1970 5278 2193 5352 quidem
2223 5278 2403 5333 sancti
2430 5277 2581 5332 illius
2609 5275 2862 5348 corporis
2890 5284 3137 5333 attactu.‘

162 5372 243 5429 ἴ.
288 5373 424 5429 Καὶ
457 5371 609 5427 δέδια
646 5372 812 5428 πάλιν
846 5371 922 5445 μὴ
966 5373 1045 5436 εἰς
1081 5369 1236 5435 τέλος
1265 5369 1444 5425 ἰλάσω
1485 5368 1583 5441 τὴν
1613 5366 1711 5423 τοῦ

1898 5368 1960 5426 V.
1990 5371 2193 5429 Vereor
2223 5384 2293 5425 ne
2313 5370 2371 5425 in
2403 5370 2508 5426 hoc
2535 5368 2887 5428 dissolvemla
2938 5369 3246 5441 quaestione
3275 5364 3397 5420 nula

166 5539 185 5572 ι
220 5531 415 5592 Forte
439 5531 748 5587 ἐλούσαντο.
827 5533 849 5565 ¹
877 5531 1002 5588 Act.
1027 5546 1087 5597 ιι,
1114 5528 1182 5583 37
1210 5543 1332 5601 sqq.
1412 5528 1432 5561 '
1456 5526 1657 5585 Jercm.
1690 5542 1696 5581 ι

1802 5528 1887 5585 BI.
1966 5529 1987 5560 δ
2013 5533 2146 5588 Cen.
2194 5544 2247 5598 ι,
2274 5528 2363 5584 15.
2439 5530 2461 5562 ⁸
2490 5527 2645 5586 ibid..
2689 5534 2711 5567 ⁸
2748 5526 2903 5583 Deut.
2940 5542 3123 5591 xxxiv,
3159 5525 3343 5592 θεας.
