3870 6068
176 194 287 252 9.55

865 190 1235 249 ADVERSUS
1272 191 1614 250 HASRESES
1651 192 1783 249 LIB.

1897 192 2064 251 TOM.
2104 193 2145 250 Ι.
2189 193 2565 252 —ll1EliES.
2605 195 2746 253 XVI.

3357 202 3466 259 234

179 310 315 380 ἡμῖν
335 307 435 363 καὶ
463 307 732 381 ὀνομαστὶ
752 308 984 382 εἴρηται.
1020 311 1255 382 Ἐσχάτη
1282 311 1341 365 δὲ
1368 312 1551 375 αὐτοῖς
1574 311 1778 384 ἀπορία

1893 310 2049 378 lerre,
2086 312 2410 369 nominatim
2447 314 2538 368 illa
2569 312 2939 384 percensenda
2977 312 3257 370 duximus.
3284 313 3376 369 Est
3405 320 3467 371 it-

184 400 281 452 xal.
309 399 602 471 ἠλιθιότης
625 402 722 474 οὐχ
750 402 1036 474 ἡτυχοῦσα
1063 406 1174 467 τοῖς
1203 404 1298 458 καὶ
1317 404 1612 459 ἀνάστασιν
1644 406 1775 475 ὁμο-

183 489 429 559 λογοῦσι,
455 492 555 559 καὶ
592 493 771 574 κρίσιν
808 494 1023 550 δικαίαν
1048 494 1406 567 ὁριζομένοις.
1436 496 1775 568 εἱμαρμένην

185 581 385 650 λέγειν.
418 581 549 648 Πῶς
574 583 683 656 γὰρ
705 583 926 640 δύναται
943 585 1123 658 κρίσις
1145 582 1285 641 εῖναι
1312 587 1408 641 καὶ
1442 586 1774 659 εἱμαρμένῃ

188 676 341 727 Δυοίν
363 673 479 746 γὰρ
503 675 718 747 ἀνάγκη
749 676 1001 748 θάτερον·
1027 678 1083 751 ἧ,
1114 678 1381 748 γενέσεως
1400 677 1774 750 ὑπαρχούσης,

192 765 266 837 μὴ
286 761 427 819 εἶναι
450 767 657 836 κρίσιν,
674 765 761 820 διὰ
790 768 850 821 τὸ
882 769 975 823 τὸν
1009 769 1318 841 πράττοντα
1331 770 1434 824 οὐκ
1460 769 1552 839 ἀφ’
1581 767 1775 825 ἑαυτοῦ

192 858 480 930 πράττειν,
534 857 672 913 ἀλλὰ
732 861 853 913 κατ’
880 860 1125 930 ἀνάγκην
1166 860 1522 933 ἐπικρατείας
1547 859 1647 930 τῆς
1680 877 1776 914 πε-

194 950 493 1022 πρωμένης
512 968 523 981 ⁸
548 949 605 1021 ἢ,
635 951 716 1005 ὅτι
745 952 979 1023 κρίσεως
1023 952 1394 1025 ὑπαρχούσης,
1429 953 1524 1006 καὶ
1561 954 1619 1007 ὲν
1647 951 1782 1022 ἀλη-

195 1026 327 1117 θεία⁸
360 1043 869 1115 ἑπᾳπειλουμένης,
916 1044 1011 1098 καὶ
1064 1045 1245 1115 νόμων
1293 1044 1643 1109 δικαζόντων,
1688 1043 1783 1103 καὶ

192 1135 303 1191 τῶν
326 1133 390 1188 τὸ
417 1134 656 1207 πονηρὸν
688 1133 940 1207 δρώντων
969 1135 1124 1207 δίκην
1159 1135 1491 1207 ύπεχόντων,
1521 1135 1688 1206 νόμου
1722 1153 1783 1191 τε

190 1226 628 1299 ὁμολογουμένου
672 1227 882 1282 δικαίου
912 1229 1007 1283 καὶ
1030 1228 1266 1301 κρίσεως
1308 1228 1445 1283 Θεοῦ
1472 1227 1775 1300 ἀληθεστά-

190 1336 310 1390 της,
344 1318 522 1390 ἀργὴν
552 1312 692 1372 εἶναι
716 1318 816 1389 τὴν
838 1319 1228 1394 πεπρωμένην,
1258 1318 1353 1375 καὶ
1377 1319 1453 1392 μὴ
1470 1318 1613 1390 ἔχειν
1639 1317 1777 1384 ὅλως

192 1408 456 1464 σύστασιν
482 1408 545 1461 τὸ
582 1408 864 1480 παράπαν.

1882 405 1975 461 lud
2023 420 2155 462 vero
2185 418 2441 463 extrema:
2484 408 2771 478 cujusdam
2823 407 3127 478 imperitiae,
3171 421 3242 461 ne
3286 405 3464 461 dicam

1883 498 2154 560 amentiae,
2200 513 2326 553 cum
2357 501 2819 555 resurrectionem
2853 507 3197 554 mortuorum
3229 513 3353 554 esse
3389 499 3469 553 fa-

1884 597 2050 654 teare,
2090 603 2156 643 ac
2194 589 2561 658 justissimum
2592 590 2660 646 de
2704 592 2970 662 cujusque
3011 590 3171 646 factis
3198 590 3467 660 judicium

1886 678 2271 745 constitutum,
2307 678 2477 734 fatum
2524 681 2884 738 nihilominus
2922 697 3046 737 esse
3090 681 3262 736 ullum
3314 694 3467 734 asse-

1883 784 2022 825 rere.
2068 768 2173 836 Qui
2211 771 2357 831 enim
2403 770 2512 826 duo
2554 772 2662 828 ista
2704 773 2999 829 convenire
3029 780 3279 843 possunt,
3321 768 3468 840 judi-

1880 862 2049 929 cium,
2084 863 2329 934 iuquam,
2369 875 2535 935 atque
2567 863 2780 920 latum?
2813 867 3020 920 Horum
3052 865 3197 921 enim
3234 865 3465 920 alterum

1881 970 2109 1014 necesse
2150 968 2237 1015 est
2263 978 2276 1014 :
2306 958 2390 1015 vel
2438 958 2486 1014 si
2526 960 2639 1014 ulla
2689 959 2763 1015 sit
2820 959 3074 1030 genitalis
3122 956 3463 1020 necessitas,

1881 1048 2094 1104 nullum
2120 1065 2245 1109 esse
2262 1050 2531 1121 judicium
2561 1070 2576 1107 :
2610 1051 2756 1122 quod
2786 1051 2881 1123 qui
2915 1050 3207 1107 committit
3234 1045 3465 1119 aliquld,

1882 1153 1994 1194 non
2032 1139 2088 1195 id
2128 1156 2226 1196 sua
2270 1150 2464 1212 sponte
2497 1141 2649 1209 facit,
2695 1143 2791 1199 sed
2826 1142 3060 1197 fatorum
3093 1141 3146 1196 vi
3186 1155 3251 1195 ac
3281 1147 3469 1211 tyran-

1884 1231 2015 1286 nide
2053 1234 2392 1303 compulsus,
2441 1236 2525 1291 vel
2571 1235 2617 1292 si
2664 1234 2936 1305 judicium
2987 1240 3073 1289 εει
3120 1233 3314 1295 ullum,
3366 1244 3469 1286 nec

1883 1317 2090 1376 frustra
2138 1321 2193 1376 in
2236 1324 2757 1379 comminationibus
2776 1323 2964 1394 .objici
3004 1322 3164 1386 solet,
3218 1327 3383 1391 atque
3412 1325 3469 1374 et

1882 1410 2028 1480 leges
2058 1412 2255 1484 aliquae
2300 1423 2449 1480 sunt,
2484 1423 2541 1470 et
2588 1409 2879 1485 ilagitiOsis
2924 1414 3241 1470 hominibus
3292 1411 3469 1468 scele-

194 1518 314 1560 rum
340 1517 520 1573 pinnae
567 1502 916 1569 constitutae;
968 1503 1015 1558 si
1042 1502 1281 1573 denique
1305 1502 1457 1574 justa
1516 1516 1549 1559 α
1614 1501 1726 1558 Deo
1759 1501 1847 1558 lex
1881 1505 2107 1571 tradita,
2151 1514 2207 1562 et
2242 1507 2388 1564 illius
2426 1508 2697 1579 judicium
2739 1509 2892 1564 omni
2945 1524 3012 1569 ex,
3059 1506 3214 1578 parte
3247 1504 3469 1561 veritati

195 1606 628 1655 consentaneum
676 1609 780 1662 est,
826 1612 1055 1655 necesse
1100 1608 1207 1664 est,
1233 1600 1480 1670 inquam,
1517 1613 1920 1669 supervacuum
1954 1615 2079 1657 esse
2110 1600 2279 1656 fatum
2308 1602 2465 1668 illud,
2490 1619 2593 1659 nec
2617 1604 2729 1659 ullo
2756 1603 2810 1656 in
2847 1603 2970 1657 loco
3008 1600 3332 1679 consistere.

261 1698 335 1748 A'.
391 1693 609 1757 Ὁπότε,
668 1692 758 1747 διὰ
794 1693 856 1747 τὺ
880 1693 1143 1748 δύνασθαι
1184 1694 1545 1765 ἁμαρτάνειν,
1579 1692 1675 1747 καὶ
1707 1692 1781 1765 μὴ

1955 1693 2047 1753 Ν.
2088 1694 2301 1751 Etenim
2331 1713 2445 1752 non
2475 1697 2636 1751 aliam
2663 1697 2736 1752 ob
2759 1711 3006 1761 causam,
3040 1696 3147 1750 nisi
3168 1694 3313 1764 quod
3337 1708 3469 1764 pec-

196 1787 485 1858 ᾲμαρτείν,
514 1785 607 1839 τὸν
644 1785 742 1856 μὲν
795 1784 886 1839 διὰ
924 1784 994 1839 τὰ
1026 1785 1409 1857 ἁμαρτήματα
1438 1784 1595 1856 δίκην
1621 1785 1787 1838 ἀπαι-

195 1876 428 1941 τεῖσθαι,
470 1876 559 1930 τὸν
588 1875 647 1930 δὲ
679 1874 897 1931 ἔπαινον
932 1875 1350 1947 ἀπεκδέχεσθαι,
1379 1874 1469 1930 διὰ
1497 1875 1560 1928 τὸ
1595 1870 1655 1930 εὖ
1696 1890 1788 1928 πε-

198 1968 491 2040 πραχέναι,
517 1966 747 2040 ὥρισται
795 1967 919 2022 καθ’
968 1968 1246 2041 ἑκατέρων
1282 1967 1345 2021 τὸ
1381 1967 1670 2040 διάφορον·
1709 1966 1786 2031 ὡς

198 2062 289 2128 καὶ
333 2060 436 2132 μιᾷ
490 2048 643 2132 φωνῇ
690 2060 879 2131 δικαίᾳ
915 2059 1096 2129 λέγειν
1143 2060 1202 2113 ὲν
1235 2058 1488 2130 συντόμῳ
1533 2057 1784 2130 ἀληθείᾳ,

194 2154 283 2211 διὰ
323 2151 548 2208 Ἡσαΐου
576 2150 670 2206 τοῦ
722 2153 997 2224 προφήτου
1036 2152 1104 2205 ἐκ
1145 2149 1439 2223 προσώπου
1478 2149 1684 2221 Κυρίου
1710 2149 1789 2202 ει-

200 2245 454 2327 ρτκιένον,
482 2242 576 2297 τό·
621 2241 763 2297 Ἐὰν
798 2242 1030 2312 θέλητε,
1071 2242 1172 2296 καί
1219 2238 1621 2308 είσακούσητέ
1642 2255 1784 2308 μου.

197 2324 266 2403 τὰ
301 2333 499 2404 ἀγαθὰ
546 2329 653 2405 τῆς
704 2331 816 2404 τῆς
843 2333 1146 2404 φάγησθεθ
1178 2332 1291 2387 ἐὰν
1324 2332 1395 2387 δὲ
1419 2330 1507 2402 μὴ
1548 2324 1811 2398 θέλητε,Γ

198 2427 347 2498 μηδὲ
372 2424 781 2492 είσακούσητέ
803 2442 943 2495 μου,
981 2423 1248 2495 μάχαιρα
1277 2421 1437 2493 ὑμᾶς
1459 2421 1785 2477 κατέδεται.

208 2522 271 2575 Ti;
296 2521 410 2590 γὰρ
437 2521 637 2587 στόμα
653 2518 877 2586 Κυρίου
905 2517 1178 2586 ἐλάλησε
1203 2517 1411 2571 ταῦτα.
1431 2516 1595 2568 Ὥστε
1628 2513 1789 2568 παντί

200 2632 275 2685 τῳ
300 2613 463 2685 δῆλόν
511 2616 631 2667 ἐστι
675 2618 769 2667 καὶ
810 2611 1202 2684 ἁναμφῐϐολον,
1244 2612 1323 2675 ὡς
1354 2611 1417 2665 τὸ
1444 2609 1788 2675 αὐτεξούσιον

200 2705 493 2778 παρείχετο
520 2704 675 2771 Θεὸς,
711 2705 779 2758 δι’
820 2704 1020 2759 ἑαυτοῦ
1059 2705 1238 2776 φήσας
1257 2704 1337 2768 τὸ,
1388 2705 1530 2758 Ἐὰν
1552 2702 1784 2771 θέλητε,

200 2798 295 2859 καὶ
340 2796 430 2866 μὴ
487 2796 733 2865 θέλητε’
775 2794 914 2850 ὥστε
946 2796 1076 2868 περὶ
1102 2795 1195 2849 τὸν
1232 2793 1521 2867 ἄνθρωπον
1559 2788 1698 2847 εῖναι
1728 2793 1789 2848 τὸ

198 2888 584 2960 ᾀγαθοεργεῑν.
611 2886 645 2958 ἢ
674 2886 737 2940 τὸ
758 2884 979 2956 φαύλων
1011 2883 1260 2955 ἐφίεσθαι
1295 2884 1655 2956 πραγμάτων.
1694 2877 1790 2949 Οἷς

198 2980 579 3052 έπιφωνητέον
603 2980 722 3034 ἐστὶ
758 2978 1091 3051 πυκνότερον
1132 2978 1227 3033 καὶ
1256 2976 1558 3049 πολλαχῶς,
1588 2977 1682 3031 καὶ
1726 2977 1788 3031 οὐ

1887 1801 2034 1853 care,
2068 1801 2244 1843 necne
2282 1788 2356 1842 sit
2384 1790 2439 1843 in
2484 1788 2714 1843 arbitrio
2739 1787 3030 1859 :cujusque
3059 1786 3322 1857 positum,
3365 1785 3470 1840 hoc

1886 1876 2181 1933 discrimen
2228 1878 2603 1933 introductum
2649 1885 2753 1943 est,
2810 1887 2868 1932 ut
2927 1878 3063 1933 alter
3101 1877 3470 1933 adtnissorum

1887 1969 2154 2024 scelerum
2199 1983 2392 2039 poenas
2436 1969 2576 2033 luat,
2620 1969 2759 2024 alter
2788 1984 2889 2039 pro
2937 1977 3086 2023 recte
3126 1968 3287 2023 factis
3333 1959 3475 2039 νινε-ἕ

1887 2061 2060 2115 mium
2086 2060 2416 2131 laudemque
2449 2068 2841 2130 consequatur.
2877 2060 3032 2126 Quod
3062 2061 3280 2131 quidem
3318 2060 3471 2116 brevi

1883 2153 2312 2224 jitstissimaque
2363 2155 2632 2209 sententia
2676 2153 2963 2224 complecti
2993 2152 3103 2223 36
3136 2168 3430 2223 possumus
3451 2191 3468 2216 ,

1888 2262 2011 2317 qua:
2050 2246 2118 2301 ab
2150 2244 2288 2302 Isaia
2330 2246 2598 2316 propheta
2650 2260 2714 2301 ex
2758 2259 2996 2315 persona
3042 2244 3138 2298 Dei
3184 2243 3474 2298 verissime

1887 2337 2256 2409 pronuntiata“
2300 2338 2518 2409 legitur.
2576 2336 2636 2392 Si
2690 2337 2995 2402 volueritis,
3063 2344 3113 2390 et
3169 2333 3471 2394 obedieritis

1889 2428 2039 2493 mihi,
2087 2428 2225 2483 bona
2276 2437 2431 2482 terra:
2480 2429 2780 2485 comedetis.
2835 2427 2898 2483 Si
2953 2436 3128 2482 autem
3171 2426 3471 2489 nolueritis,

1889 2535 2050 2589 neque
2097 2519 2395 2574 obedieritis
2454 2519 2602 2585 mihi,
2648 2518 2919 2574 devorabit
2974 2537 3061 2574 ros
3111 2518 3346 2589 gladius.
3399 2518 3473 2574 0s

1888 2614 2027 2667 enim
2068 2612 2284 2667 Domini
2314 2612 2546 2667 locutum
2585 2622 2663 2667 est
2707 2614 2814 2667 ista
2834 2615 2876 2667 ¹.
2925 2613 3001 2668 Ex
3046 2628 3156 2682 quo
3187 2614 3476 2682 perspicue

1891 2705 2044 2773 illud,
2084 2721 2150 2761 ac
2186 2706 2323 2761 citra
2359 2705 2523 2760 ullam
2563 2705 2963 2761 dubitationem
3003 2704 3255 2767 eilicitur,
3285 2704 3478 2758 Libera

1890 2804 2057 2852 tatem
2097 2796 2307 2851 homini
2347 2811 2378 2851 a
2422 2795 2532 2852 Deo
2559 2811 2684 2852 esse
2715 2811 3075 2863 concessam;
3117 2810 3242 2849 cum
3280 2794 3352 2846 ita
3381 2807 3478 2862 pen

1891 2902 2014 2945 sese
2035 2887 2237 2943 dixerit
2261 2906 2275 2941 :
2308 2886 2368 2942 Si
2391 2886 2657 2941 volueritis
2682 2894 2736 2942 et
2758 2887 3058 2941 nolueritis.
3084 2885 3235 2939 Adeo
3257 2893 3318 2937 ut
3339 2883 3479 2937 bene

1892 2993 2072 3050 agere,
2118 2979 2205 3035 vel
2252 2979 2519 3033 malorum
2568 2979 2928 3049 cupiditatem
2969 2978 3282 3049 concipere,
3330 2975 3478 3030 illius

198 3073 285 3129 διὰ
307 3041 456 3145 ’μιᾶς
490 3072 697 3144 φωνῆς,
726 3070 866 3127 ἀλλὰ
901 3041 1162 3135 πολλάκις
1196 3068 1266 3123 τὰ
1304 3041 1462 3143 παρᾶ
1482 3069 1577 3124 τοῦ
1604 3070 1788 3143 Σωτῆ-

1894 3041 2122 3125 arbitrio
2154 3070 2226 3125 sit
2248 3069 2520 3124 relictum.
2548 3041 2915 3135 Quamobrem
2943 3083 3086 3138 saepe
3115 3041 3270 3128 illud,
3298 3080 3361 3119 ac
3386 3080 3481 3118 va-

202 3178 294 3235 ρος
327 3162 471 3234 πρὸς
513 3163 713 3227 αὐτοὺς
740 3162 1035 3235 εἰρημέναο
1061 3162 1206 3217 Οὐαί
1233 3160 1397 3232 ὑμῖν,
1420 3160 1793 3232 Γραμματεῗς

202 3257 297 3310 καί
329 3254 644 3325 Φαρισαῖοι
686 3254 1002 3330 ὑποκριταί
1017 3270 1030 3284 ·
1070 3252 1160 3308 ὅτι
1199 3253 1674 3317 καταλελοίπατε
1720 3253 1795 3315 τὰ

201 3346 396 3415 βαρέα
432 3346 540 3401 τοῦ
568 3346 778 3416 νόμου,
828 3344 947 3415 τὴν
971 3345 1176 3415 κρίσιν
1202 3344 1303 3400 καὶ
1336 3345 1443 3400 τὸν
1461 3345 1658 3410 ἔλεον,
1694 3344 1795 3403 καί

202 3437 650 3495 ἀποδεκατοῦτε
697 3438 766 3492 τὸ
803 3436 1052 3505 ἄνηθον,
1079 3437 1181 3493 καὶ
1211 3438 1279 3492 τὸ
1315 3437 1649 3508 ἡδύοσμον,
1694 3436 1793 3492 καὶ

203 3526 271 3582 τὸ
304 3525 607 3596 πήγανον,
649 3526 752 3581 καὶ
794 3524 1132 3595 καθαρίζετε
1170 3527 1237 3581 τὸ
1270 3527 1444 3595 ἐκτὸς
1472 3526 1580 3582 τοῦ
1610 3539 1794 3596 ποτη-

204 3619 336 3687 ρίου
381 3618 482 3673 καὶ
531 3617 643 3672 τοῦ
682 3618 954 3686 πίνακος,
996 3620 1064 3675 τὸ
1102 3619 1172 3674 δὲ
1197 3622 1373 3689 ἐντός
1398 3621 1531 3676 ἐστι
1566 3619 1796 3691 μεστὸν

208 3712 583 3783 ρκαθαρσίας
614 3712 711 3767 καὶ
745 3712 1059 3780 ἀκρασίας.
1083 3713 1189 3767 Kal
1209 3712 1545 3783 δοκιμάζετε
1564 3712 1798 3767 δίκαιον

206 3801 359 3872 εἶναι
414 3805 671 3875 ὀμνύναι
726 3802 795 3857 ὲν
825 3801 906 3869 τῷ
937 3804 1137 3863 ἐπάνω
1176 3803 1284 3858 τοῦ
1322 3803 1755 3871 θυσιαστηρίου
1779 3818 1794 3834 ⁸

206 3896 271 3950 τὸ
308 3896 382 3950 δὲ
430 3897 502 3949 ἐν
536 3894 698 3962 αύτῷ
744 3894 822 3963 τῷ
865 3895 1269 3964 θυσιαστηρίῳ
1314 3897 1452 3963 παρ’
1510 3894 1654 3964 ὑμῖν
1717 3892 1798 3960 τῷ

206 3986 365 4056 ὅρκῳ
400 3986 684 4040 λέλεκται
718 3985 760 4049 ί,
800 3985 900 4039 καὶ
945 3984 1011 4039 τὸ
1039 3985 1116 4039 ea
1147 3982 1230 4049 τῷ
1267 3982 1502 4053 σύρανῷ
1544 3984 1798 4053 ὀμνύναι

207 4075 395 4130 οὐδὲν
421 4070 578 4129 εἶναι
604 4072 773 4144 φατέ.
818 4073 959 4128 Ἐὰν
993 4071 1060 4127 δέ
1079 4090 1170 4141 τις
1189 4073 1386 4144 ὀμόσῃ
1419 4072 1489 4127 ἐν
1517 4071 1597 4137 τῷ
1619 4075 1799 4142 ὑπερ-

207 4166 332 4220 άνω
346 4164 559 4230 αὐτοῦ,
588 4164 763 4220 τοῦτο
788 4163 1174 4223 δεδικαίωται.
1208 4164 1355 4235 Οὐχί
1381 4163 1446 4219 τὸ
1471 4162 1801 4231 θυσιαστή-

204 4275 341 4327 ριον
355 4253 649 4324 βαστάζει
671 4255 738 4310 τὸ
779 4254 1177 4324 ἐπικείμενον,
1210 4255 1310 4319 καὶ
1337 4257 1371 4309 ὀ
1392 4253 1651 4324 οὐρανὸς
1668 4254 1800 4323 θρό-

206 4366 315 4415 νος
346 4347 481 4403 ἐστὶ
518 4346 625 4401 τοῦ
648 4347 741 4400 ἐπ’
774 4345 937 4414 αὑτῷ
962 4344 1452 4419 ὲπικιιθεζομένου
1469 4362 1491 4417 ,ῖ
1545 4346 1656 4401 Kal
1708 4344 1797 4399 ὅτι

208 4439 439 4523 λέγετε,
477 4437 619 4493 Ἐάν
652 4454 743 4505 τις
787 4438 928 4506 sirm
962 4437 1137 4506 πατρὶ
1171 4438 1269 4492 καὶ
1297 4439 1500 4509 μητρί·
1535 4436 1793 4507 Κορσὰν,

211 4531 244 4593 ὅ
267 4533 403 4586 ἐστι
434 4528 630 4599 δῶρον
651 4529 678 4583 ἒ
711 4529 788 4584 ἂν
818 4528 888 4595 ἐξ
925 4529 1073 4599 ἐμοῦ
1094 4528 1436 4599 ὠφεληθῇς,
1460 4528 1561 4584 καί
1591 4530 1794 4585 οὐκέτι

208 4623 291 4693 μὴ
353 4622 598 4692 τιμήσει
649 4620 757 4675 τὸν
782 4621 1038 4691 Πατέρα,
1079 4623 1178 4676 καὶ
1206 4622 1540 4691 ἠθετήσατε
1561 4622 1675 4690 τὴν
1697 4620 1798 4674 ἐν·

210 4714 408 4784 τολὴν
438 4713 549 4768 τοῦ
603 4713 750 4768 Θεοῦ
778 4712 874 4768 διὰ
901 4711 1013 4782 τῆς
1037 4711 1157 4767 τῶν
1187 4713 1606 4782 πρεσϐυτέρων
1634 4711 1801 4782 ὑμῶν

211 4808 630 4877 παραδόσεως.
657 4807 763 4861 Kal
790 4807 1119 4861 κυκλεύετε
1147 4806 1470 4861 θάλασσαν
1494 4806 1591 4861 καί
1607 4804 1802 4873 ξηρὰν

211 4901 471 4971 ποιῆσαι
520 4899 632 4954 ἕνα
688 4898 1084 4967 προσήλυτον
1108 4914 1122 4931 ’
1177 4898 1279 4952 καὶ
1326 4897 1475 4952 ὅταν
1531 4898 1797 4967 γένηται,

214 4992 437 5061 ποιεῖτε
466 4991 658 5049 αὐτὸν
678 4989 1035 5057 διπλότερον
1057 4987 1224 5058 ὑμῶν
1242 4987 1378 5043 υιύν
1400 4987 1673 5057 γεέννης.

286 5108 355 5161 Ti
388 5106 571 5162 τοίνυν
612 5105 1000 5176 περιττότερον
1048 5101 1154 5156 τῶν
1181 5101 1351 5171 ἁγίων
1382 5102 1608 5183 ρήσεωι
1636 5100 1805 5170 ὑπερ-

214 5198 436 5253 ϐάλοιτό
467 5217 552 5264 τις
578 5198 722 5270 πρὸς
742 5195 1011 5250 ἀντίθεσιν
1027 5194 1135 5248 τῶν
1156 5193 1567 5266 προειρημένων
1589 5208 1603 5259 ;
1643 5192 1807 5246 Ἀλλὰ

215 5291 313 5345 καὶ
345 5290 637 5361 ἀρκεῖσθαι
679 5288 828 5360 μάλα
861 5287 1101 5360 ἡγοῦμαι
1133 5289 1253 5350 ταῖς
1289 5285 1382 5340 τοῦ
1407 5287 1660 5358 Σωτῆρος,ι
1693 5302 1807 5355 φωρ

215 5385 339 5446 ναῖς
363 5383 454 5436 καὶ
484 5381 774 5454 ἀληθιναῖς
815 5378 1014 5444 λέξεσι,
1068 5377 1204 5450 πρὸς
1238 5376 1305 5441 ἃς
1338 5378 1436 5432 οὐκ
1464 5376 1808 5447 ἠδυνήθησαν

215 5469 561 5544 ἁντωπῆααι,
585 5466 716 5524 οὔτε
746 5467 876 5537 πρὸς
898 5466 959 5520 τὸ
984 5464 1335 5537 βραχύτατον.

1868 3163 1994 3231 _rie,
2037 3176 2139 3217 nec
2171 3175 2279 3215 una
2303 3175 2439 3215 voce
2473 3160 2904 3231 personandum,
2940 3174 3004 3213 ac
3035 3156 3482 3228 frequentissime

1893 3263 2085 3311 contra
2119 3254 2449 3325 impostores
2492 3254 2631 3310 istos
2680 3252 3035 3323 repetendum
3068 3264 3151 3306 est
3186 3249 3389 3303 dictum
3423 3247 3482 3309 in

1892 3361 1989 3405 eos
2020 3345 2323 3402 Salvatoris
2362 3344 2492 3400 illud
2519 3363 2534 3400 :
2573 3343 2664 3398 Vae
2696 3343 2864 3409 robis,
2904 3342 3106 3398 Scriba:
3131 3351 3181 3396 et
3216 3339 3482 3394 Pharisa‘i

1893 3438 2202 3509 hypocrita),
2234 3436 2483 3508 quoniam
2516 3435 2807 3507 reliquistis
2841 3451 2958 3506 quia
2987 3434 3232 3504 graviora
3259 3439 3382 3487 sunt
3410 3430 3483 3484 le—

1893 3530 1995 3600 gis,
2041 3528 2307 3600 judicium
2350 3537 2399 3582 et
2441 3526 2900 3589 misericordiam;
2938 3535 2987 3579 et
3038 3523 3313 3578 decimatis
3358 3536 3483 3574 anc-

1897 3622 2067 3686 thum,
2099 3632 2146 3676 et
2190 3620 2479 3685 mentitam,
2516 3631 2566 3675 et
2597 3629 2796 3683 rutam,
2838 3631 2886 3673 et
2918 3616 3188 3672 mundatis
3217 3613 3355 3682 quod
3392 3614 3485 3667 de-

1896 3712 2029 3784 foris
2059 3719 2135 3766 est
2184 3710 2368 3765 colicis
2409 3718 2459 3764 et
2506 3709 2853 3779 paropsidis:
2882 3706 3022 3778 quod
3062 3708 3204 3760 intus
3246 3717 3346 3771 est,
3372 3704 3485 3771 ple-

1898 3821 2027 3860 num
2077 3813 2155 3858 est
2217 3801 2556 3855 immunditia
2613 3810 2662 3855 et
2728 3800 2985 3869 foeditate.
3038 3797 3123 3874 Et
3178 3797 3483 3865 approbatis

1888 3896 2097 3966 justum
2138 3908 2250 3948 esse
2267 3891 2456 3960 jurare
2496 3891 2548 3944 in
2583 3905 2664 3953 eo,
2694 3888 2833 3958 quod
2872 3897 2948 3941 est
2979 3903 3136 3953 super
3166 3876 3379 3938 altare:
3396 3884 3485 3952 ju-

1898 4003 2021 4044 rarc
2049 3994 2223 4039 autem
2257 3985 2327 4039 in.
2352 3983 2517 4037 altari
2541 3982 2675 4051 ipso,
2698 3977 3063 4050 jurisjurandi
3109 3975 3248 4044 apud
3285 3991 3372 4029 vos
3404 3992 3485 4028 re-

1900 4080 2092 4151 ligione
2122 4076 2364 4132 solvitur.
2420 4074 2483 4128 Et
2516 4077 2571 4127 in
2601 4073 2728 4128 caelo
2753 4073 2940 4143 jurare
2970 4070 3102 4124 nihil
3141 4085 3253 4124 esse
3283 4066 3482 4122 dicitis.

1903 4169 2007 4236 Qui
2040 4179 2216 4223 autent
2248 4167 2509 4238 jurarerit
2552 4166 2606 4220 in
2648 4182 2731 4229 eo,
2773 4165 2862 4234 qui
2912 4177 3072 4230 supra
3116 4159 3248 4214 illud
3297 4170 3396 4223 est,
3430 4157 3487 4223 id

1901 4281 2020 4319 vero
2043 4264 2251 4332 justum
2292 4271 2550 4314 censetur.
2589 4257 2781 4311 Nonne
2826 4255 2999 4309 altare
3031 4262 3209 4323 portat
3240 4253 3317 4316 id,
3347 4253 3486 4323 quod

1902 4356 2203 4423 impositum
2231 4360 2330 4416 est,
2361 4360 2408 4404 et
2446 4349 2632 4404 caelum
2660 4349 2878 4403 thronus
2917 4348 3029 4418 ejus
3052 4356 3150 4410 est,
3184 4347 3273 4417 qui
3308 4347 3359 4400 in
3391 4345 3486 4399 illo

1899 4444 2136 4503 insidet?
2192 4441 2257 4497 Et
2302 4446 2442 4513 quod
2483 4441 2708 4496 dicitis:
2738 4440 2796 4495 Si
2843 4439 3203 4511 quisdixcrit
3245 4438 3387 4507 patri
3437 4444 3489 4497 et

1896 4537 2062 4591 matri
2086 4552 2103 4590 :
2128 4534 2363 4598 Corban,
2396 4536 2494 4588 hoc
2537 4542 2616 4587 est
2648 4549 2838 4586 manus
2865 4530 3006 4603 quod
3034 4546 3100 4585 ea:
3130 4547 3210 4584 me
3245 4530 3339 4583 tibi
3367 4543 3488 4596 pro-

1899 4630 2056 4694 derit,
2099 4637 2149 4684 et
2188 4645 2289 4682 non
2343 4625 2626 4681 honorabit
2668 4633 2897 4695 patrem,
2936 4632 2989 4677 et
3035 4622 3248 4675 irritum
3289 4619 3493 4689 fecistis,

1902 4722 2212 4777 mandatum
2246 4720 2339 4775 Dei
2375 4737 2468 4791 per
2501 4716 2841 4773 traditionem
2874 4716 3140 4771 seniorum
3175 4722 3493 4780 vestrorum._

1902 4814 1971 4868 Et
2009 4815 2244 4868 circuitis
2273 4830 2442 4875 mare,
2489 4823 2539 4867 et
2577 4810 2807 4874 aridam,
2844 4818 2901 4862 ut
2933 4808 3148 4878 faciatis
3176 4821 3340 4859 unum
3366 4819 3493 4873 pro-

1903 4907 2161 4976 selytum;
2205 4914 2253 4959 et
2297 4920 2417 4958 cum
2465 4903 2641 4971 factus
2671 4901 2854 4970 fuerit,
2896 4900 3074 4968 facitis
3124 4898 3281 4951 illum
3326 4895 3495 4964 dupla

1903 5009 2061 5063 quant
2103 5008 2192 5045 vos
2232 4990 2406 5060 [ilium
2431 4986 2678 5059 geltenna:
2699 4985 2741 5039 ³.

1976 5102 2119 5169 Quid
2166 5102 2332 5172 igitur
2385 5101 2451 5154 ad
2500 5114 2595 5155 cos
2627 5097 2879 5152 homines
2925 5095 3257 5151 refellendos
3291 5094 3499 5151 divinis

1908 5193 2017 5248 illis
2057 5192 2343 5247 sententiis
2382 5188 2549 5259 adjici
2595 5188 2818 5260 gravius
2869 5186 3084 5257 potest?
3131 5184 3319 5255 itaque
3359 5185 3499 5240 satis

1905 5301 2028 5342 esse
2055 5284 2295 5339 arbitror
2327 5282 2633 5338 Salvatoris
2666 5294 2857 5336 vocem
2882 5292 2947 5334 ac
2976 5278 3325 5334 verissimum
3360 5273 3495 5331 illud

1915 5374 2223 5435 oraculum,
2258 5373 2345 5428 cui
2387 5388 2453 5428 nc
2496 5370 2783 5426 minimum
2827 5367 3047 5440 quidem
3090 5366 3346 5423 reluctari
3399 5376 3498 5433 po.

1921 5473 2159 5521 lUCl‘Ulll.

292 5615 311 5649 ⁸
344 5613 508 5671 Forte
527 5611 627 5667 του
654 5612 821 5681 ὅρκου
851 5607 1088 5661 λέλυται.
1164 5611 1183 5640 ⁸
1211 5608 1314 5665 lsa.
1343 5624 1380 5676 I,
1416 5609 1499 5675 [9,
1526 5609 1616 5663 20.
1694 5609 1712 5639 ³
1748 5606 1788 5661 Μ

1893 5610 1936 5662 ll.
1966 5623 2120 5671 χχιιι,
2151 5606 2213 5661 l5
2251 5623 2368 5677 sqq.
