3870 6068
440 199 548 255 235

671 309 802 365 ADV‘
814 307 1040 365 ERSUS
1078 303 1786 373 HEMEROBAPTISTAS,

570 425 703 491 Qua:
735 434 813 479 est
841 424 1054 480 Ita'resis
1084 421 1111 476 ι
1129 421 1164 474 γ
1189 420 1479 486 Judaismi,
1511 419 1691 475 ordine
1712 417 1903 474 XVII.

520 602 773 659 Proxima
812 612 895 659 est
929 602 1539 677 Ilemerobaptistarum_
1571 606 1756 666 secta;
1807 614 1929 670 qua:
1968 606 2026 653 ut

454 697 522 750 ab
547 696 669 749 aliis
694 695 842 747 nulla
866 695 918 747 in
943 709 1002 747 re
1023 692 1130 762 37
1155 692 1384 747 dissidet
1409 708 1424 757 ;
1454 688 1750 758 eademque
1773 688 2025 759 dogmata

452 801 576 840 cum
634 785 843 840 Scribis
893 799 957 839 ac
1004 779 1293 839 Pharisaeis
1337 782 1732 853 amplectitur:
1782 780 1856 835 ita
1900 793 2024 834 cum

454 874 768 930 Sadduemis
792 892 902 930 non
927 874 1091 929 modo
1122 875 1177 929 in
1210 874 1455 944 neganda
1482 879 1825 927 mortuorum
1850 886 2029 927 resur-

453 971 697 1025 rectione
742 970 1035 1036 convenit;
1072 983 1259 1025 verum
1309 968 1472 1022 etiam
1515 980 1858 1021 communem
1900 981 2024 1021 eum

453 1063 526 1118 iis
573 1062 970 1127 inﬁdelitatem,
1016 1069 1446 1128 ceterarumque
1488 1072 1670 1112 rerum
1705 1057 2025 1125 pravitatem

451 1154 673 1209 retinet.
727 1152 843 1208 Hoc
896 1168 1028 1208 vero
1072 1152 1402 1223 praecipuum
1443 1149 1674 1212 habent,
1722 1148 1869 1218 quod
1916 1157 2024 1202 tam

453 1260 604 1309 vere,
632 1251 1020 1315 autumnoque,
1049 1259 1210 1311 quam
1245 1248 1453 1304 aestate,
1485 1249 1647 1309 atque
1677 1238 1854 1294 hieme
1891 1252 2027 1307 quo-

453 1335 588 1390 tidie
626 1335 806 1389 lavant
838 1353 851 1389 :
881 1334 1024 1389 unde
1061 1341 1115 1388 et
1159 1331 1752 1401 llemerobaptistarum
1790 1329 2027 1398 appella-

454 1424 656 1477 tionem
711 1424 889 1493 adepti
942 1430 1089 1478 suut.
1138 1422 1215 1476 lta
1265 1424 1411 1478 enim
1457 1420 2026 1478 statuebant:vivere

452 1513 616 1565 aliter
658 1511 928 1566 hominem
982 1526 1092 1566 non
1141 1525 1322 1581 posse,
1377 1525 1538 1579 quam
1586 1510 1635 1565 si
1682 1508 1923 1579 quotidie
1967 1523 2026 1563 se

450 1601 615 1669 aquis
648 1600 876 1664 clueret,
908 1608 1070 1669 atque
1107 1599 1174 1654 ab
1204 1600 1351 1654 omni
1383 1598 1612 1653 crimine
1642 1605 1918 1667 purgaret.

528 1689 630 1744 Sed
665 1705 696 1743 a
722 1690 879 1744 nobis
928 1705 1036 1743 uno
1066 1689 1231 1743 verbo
1275 1688 1521 1742 funditus
1550 1688 1718 1742 everti
1748 1697 1899 1741 secta
1934 1686 2028 1741 illa

456 1785 669 1848 potest;
693 1778 853 1846 cuius
876 1778 1131 1847 dogmata
1158 1786 1217 1832 ut
1244 1792 1274 1831 a
1317 1776 1418 1835 [ide
1452 1791 1682 1845 prorsus
1711 1776 1907 1837 aliena.
1950 1777 2029 1831 sic

454 1885 580 1923 eum
612 1869 935 1924 inﬁdelitate
965 1868 1258 1937 conjuncta
1302 1873 1450 1923 sunt.
1491 1866 1627 1920 Cum
1655 1866 1800 1920 enim
1836 1865 2030 1922 diebus

458 1962 691 2031 singut‘is
721 1962 1032 2020 abluantur.
1063 1961 1147 2014 vel
1193 1974 1290 2016 sua
1322 1959 1427 2029 ipsi
1474 1959 1810 2013 conscientia
1842 1958 2033 2013 redar-

457 2057 717 2115 guttntur,
771 2061 987 2100 omnem
1024 2045 1167 2099 illam
1190 2084 1204 2109 ,
1240 2060 1404 2114 quam
1436 2044 1611 2114 pridie
1646 2054 2027 2114 conceperant,

459 2151 609 2206 spem
636 2151 759 2190 cum
788 2136 890 2190 title
918 2143 1079 2205 atque
1107 2135 1415 2206 expiatione
1449 2134 1771 2206 perdidisse.
1814 2133 1948 2188 Nam
1983 2136 2031 2190 si

458 2243 626 2281 unum
662 2227 929 2281 duntaxat
958 2226 1284 2297 baptismum
1323 2233 1593 2289 tenerent,
1629 2226 1683 2280 in
1729 2240 1795 2281 eo
1823 2225 2033 2282 ﬁducia:

457 2317 665 2388 aliquid
706 2325 894 2389 utpote
918 2326 1175 2389 perpetuo
1203 2324 1368 2387 atque
1398 2316 1726 2384 immortali,
1761 2318 2034 2373 collocare

457 2416 700 2479 possent.
728 2408 848 2463 1am
881 2398 1008 2463 vero
1038 2409 1131 2478 qui
1177 2408 1338 2463 hodie
1368 2422 1478 2462 non
1523 2408 1755 2464 curandi
1783 2409 2032 2479 corporis

457 2500 653 2571 gratia,
691 2500 787 2555 sed
821 2499 888 2553 ad
927 2498 1196 2570 expianda
1239 2499 1443 2555 scelera
1475 2499 1567 2555 loti
1618 2507 1775 2566 sunt,
1809 2500 2032 2570 quibus~

458 2606 563 2658 que
592 2589 712 2644 ideo
736 2597 1051 2660 repurgata,
1073 2599 1131 2643 ut
1156 2589 1260 2659 ipsi
1294 2596 1569 2660 statuunt,
1593 2590 1777 2644 omnia
1801 2604 1925 2645 esse
1940 2590 2034 2645 de-

457 2681 585 2736 bent
614 2696 627 2731 :
659 2680 818 2736 iidem
849 2695 975 2735 cum
1018 2681 1282 2750 postridie
1320 2695 1539 2739 rursum
1587 2680 1907 2744 abluuntur,
1938 2681 2034 2736 de-

346 2820 352 2826 .
459 2770 669 2823 clarant
704 2768 945 2838 profecto
975 2768 1289 2825 hesternum
1331 2768 1483 2821 illum
1527 2768 1856 2837 baptismum
1903 2783 2033 2825 eva-

460 2859 666 2914 nuisse.
698 2858 813 2915 Nisi
861 2859 1004 2916 euim
1056 2860 1158 2918 iste
1194 2859 1477 2930 periisset,
1509 2859 1645 2916 nihil
1689 2868 1809 2915 erat
1838 2875 1939 2915 cur
1966 2861 2033 2916 ad

1866 193 1925 247 S.
1962 188 2303 245 EPIPIIAMI

3581 187 3690 246 256

2400 302 2585 354 ΚΑΤΑ
2623 296 3243 354 utieronAnTIzrnN
3267 296 3410 367 (t0),

2130 411 2379 481 Τετάρτῃ
2408 413 2646 481 αἵρεσις,
2681 411 2798 465 ἀπὸ
2833 411 2937 481 τοῦ
2979 410 3369 481 Ἰουδαϊσμοῦ,
3412 412 3692 468 ἑπτακαι-

2508 479 2723 548 δεκάτη
2757 480 2824 534 δὲ
2856 480 2929 548 τῇ
2957 479 3304 535 ἀκολουθία.

2197 594 2430 659 Ταύταις
2465 594 2521 648 δὲ
2569 594 2857 648 συνέπεταί
2915 612 3001 658 τις
3049 595 3259 666 αἵρεσις
3296 596 3693 667 Ἠμεροϐαπτι-

2127 686 2287 750 στῶν,
2328 686 2470 739 οὕτω
2522 686 2847 756 καλουμένη.
2903 685 3069 756 μηδὲν
3107 688 3205 755 μὲν
3240 685 3689 757 παραλλάττουσα

2125 777 2233 831 τῶν
2251 777 2447 842 ἄλλων,
2472 775 2586 829 ἀλλ’
2610 776 2702 829 ῐσα
2730 774 2838 827 τῶν
2864 773 3243 847 Γραμματέων
3263 776 3357 827 καὶ
3382 775 3689 845 Φαρισαίων

2128 868 2401 943 φρονοῦσα
2420 884 2433 898 ·
2466 868 2528 920 οὐ
2561 867 2667 938 μὴν
2689 865 3007 936 ἐξισουμὲνη
3036 866 3148 928 τοῖς
3176 864 3554 928 Σαδδουκαίοις
3578 866 3624 938 (Ι
3642 867 3687 937 i)

2127 960 2184 1012 ἐν
2220 960 2285 1029 τῇ
2311 957 2419 1010 τῶν
2452 956 2660 1028 νεκρῶν
2688 955 2983 1008 ἀναστάσει
3010 954 3188 1025 μόνον,
3215 953 3351 1008 ἀλλά
3369 957 3433 1025 τῇ
3465 956 3691 1029 ἀπιστίᾳ

2126 1051 2221 1103 καὶ
2246 1052 2359 1113 τοῖς
2386 1049 2581 1112 ἀλλοις.
2636 1048 2807 1101 Τοῦτο
2834 1046 2888 1100 δὲ
2917 1046 3168 1118 περιττὸν
3210 1044 3345 1117 αὕτη
3378 1048 3687 1120 κεκτημένη

2127 1139 2160 1208 ἡ
2191 1137 2435 1209 αἵρεσις·
2469 1136 2543 1200 ὡς
2569 1136 2627 1189 ἐν
2657 1135 2779 1207 ἐαρί
2808 1151 2868 1188 τε
2902 1135 2995 1189 καὶ
3029 1134 3345 1206 μετοπώρῳ,
3380 1134 3607 1206 χειμῶνί
3635 1154 3692 1190 τε

2127 1230 2220 1283 καὶ
2245 1228 2390 1300 θέρει
2407 1228 2633 1282 πάντοτε
2645 1226 2965 1299 καθημέραν
2990 1225 3342 1297 βαπτίζεσθαι
3363 1244 3378 1258 ·
3402 1227 3524 1282 ὅθεν
3551 1229 3645 1282 καὶ
3671 1230 3699 1269 ¹ι

2140 1318 2647 1390 Ἡμεροόαπτιστάν
2701 1318 2887 1387 εἴληφε
2933 1316 3031 1388 τὴν
3073 1317 3405 1388 ἐπωνυμίαν.
3451 1320 3691 1386 Ἔφασκε

2127 1408 2235 1480 γάρ
2266 1408 2403 1479 αὕτη
2445 1409 2619 1471 άλλως
2666 1425 2787 1471 πως
2814 1409 2888 1479 μὴ
2909 1403 3044 1460 εἶναι
3083 1405 3180 1477 ζῇν
3210 1406 3505 1479 ἀνθρώπῳ,
3539 1409 3585 1461 εί
3618 1409 3690 1479 μή

2126 1514 2179 1549 τι
2212 1497 2319 1568 ἄρα
2348 1495 2470 1549 καθ’
2502 1496 2739 1565 ἑκάστην
2758 1495 2972 1565 ἡμέραν
2999 1493 3309 1564 βαπτίζοιτό
3324 1509 3407 1556 τις
3436 1495 3495 1545 ἐν
3521 1491 3690 1556 ὕδατι,

2127 1586 2520 1657 ἀπολουόμενός
2543 1602 2602 1638 τε
2635 1585 2729 1638 καὶ
2759 1584 3108 1653 ἀγνιζόμενος
3141 1582 3247 1637 ἀπὸ
3277 1583 3455 1651 πάσης
3496 1582 3689 1646 αἰτίας.

2058 1648 2100 1702 Β
2200 1648 2594 1749 Πρδςπαύτην
2629 1676 2687 1729 δὲ
2733 1648 2826 1730 καί
2873 1648 3042 1746 αὐτὴν
3080 1674 3138 1740 ἐξ
3196 1674 3315 1738 ἐνὸς
3357 1648 3519 1742 λόγου
3567 1675 3691 1744 ἡμῖν

2130 1767 2409 1840 ἀνατροπὴ
2433 1768 2723 1836 γενήσεται
2744 1784 2757 1797 ’
2792 1767 2874 1819 ὅτι
2907 1764 3160 1827 ἀπιστίας
3194 1766 3321 1836 παρ’
3350 1765 3534 1827 αὐτοῖς
3565 1766 3691 1835 μᾶλ-

2130 1856 2218 1911 λον
2243 1857 2277 1928 ἢ
2312 1852 2553 1918 πίστεως
2573 1856 2622 1910 οἱ
2657 1855 2826 1924 λόγοι.
2870 1854 3111 1925 Ἐλέγχει
3141 1854 3248 1925 γὰρ
3281 1855 3481 1917 αὐτοὺς
3512 1855 3546 1924 ἡ
3576 1846 3691 1907 συν-

2131 1947 2337 2018 είδησις
2368 1946 2547 2001 αὐτῶν
2593 1945 2716 1999 καθ’
2745 1945 2982 2017 ἑκάστην
3013 1945 3225 2016 ἡμέραν
3263 1944 3688 2014 βαπτιζομένων,

2129 2040 2205 2101 ὡς
2224 2039 2306 2092 ὅτι
2335 2041 2369 2110 ὴ
2399 2038 2554 2101 ἐλπὶς
2578 2038 2677 2109 τῆς
2702 2036 2829 2108 χθὲς
2851 2037 3064 2110 ἡμέρας
3089 2036 3217 2106 παρ’
3243 2036 3421 2097 αὐτοῖς
3444 2034 3689 2105 τέθνηιε,

2133 2131 2226 2185 καὶ
2254 2132 2287 2200 ἡ
2317 2130 2499 2192 πίστις
2529 2145 2589 2182 τε
2624 2130 2716 2182 καὶ
2763 2130 2792 2181 ὁ
2821 2128 3103 2199 ἀγνισμός.
3144 2128 3206 2181 Εἰ
3253 2126 3351 2197 μὲν
3382 2125 3494 2197 γὰρ
3522 2128 3577 2179 ἐν
3616 2126 3692 2180 ἐνὶ

2134 2221 2468 2292 βαπτίσματι
2490 2220 2783 2291 ἐστοίχουν,
2806 2221 2913 2292 ἄρα
2934 2219 3197 2292 ἐθάρρουν
3222 2217 3415 2288 τούτῳ,
3438 2218 3515 2280 ὼς
3539 2216 3691 2281 {tith

2132 2314 2227 2367 ml.
2255 2312 2504 2383 ἀθανάτῳ
2544 2312 2655 2367 δντι
2693 2314 2770 2376 είς
2798 2311 2891 2365 τὸν
2938 2311 3138 2365 αίῶνιι⁵
3169 2310 3329 2365 ὁπότε
3363 2309 3419 2362 δὲ
3462 2311 3691 2380 σήμερον

2136 2404 2235 2474 μέν
2282 2403 2567 2458 ἐλούσαντο
2610 2403 2708 2473 οὐχ
2746 2402 2931 2456 ἕνεκεν
2973 2401 3219 2465 πλύσεως
3253 2400 3528 2471 σώματος,
3564 2400 3689 2454 ἀλλά

2132 2495 2315 2548 ἕνεκεν
2350 2494 2781 2565 ἁμαρτημάτων,
2816 2493 2924 2564 ἄρα
2959 2495 3079 2546 κατ’
3108 2493 3305 2555 αὐτοὺς
3338 2490 3685 2561 ἐκαθαρίσθη.

2132 2580 2297 2647 Αὖθις
2343 2585 2401 2647 δὲ
2436 2587 2502 2654 τῇ
2544 2584 2671 2654 ἑξῆς
2717 2583 2878 2645 πάλιν
2905 2583 3202 2654 λουόμενοι,
3243 2583 3591 2653 ἀπεφήναντο
3634 2583 3689 2633 τὸ

2133 2675 2400 2747 παρελθὸν
2432 2677 2490 2740 ἐν
2519 2679 2583 2746 τῇ
2618 2675 2745 2746 χθὲς
2773 2674 3026 2730 τεθνάναι
3051 2674 3350 2744 βάπτισμα.
3379 2674 3444 2726 Et
3481 2672 3554 2744 μὴ
3590 2674 3689 2740 γὰρ

2132 2769 2193 2822 τὸ
2231 2768 2337 2840 πρὸ
2366 2770 2496 2837 μιᾶς
2524 2766 2822 2838 ἐτεθνήκει,
2846 2767 2947 2822 οὐκ
2989 2766 3055 2820 ἂν
3090 2768 3169 2830 είς
3205 2765 3302 2837 τὴν
3345 2764 3476 2836 ἑξῆς
3512 2764 3687 2835 ἐτέρου

2134 2860 2431 2914 ἐπεδέοντο
2462 2860 2599 2931 πρὸς
2645 2858 2984 2929 καθαρισμὸν
3031 2856 3464 2928 ἁμαρτημάτων.
3504 2857 3609 2909 Καὶ
3643 2856 3695 2908 ει

460 2950 747 3003 criminum
796 2950 1155 3020 expiationem
1211 2951 1390 3009 denuo
1419 2950 1585 3005 .illum
1633 2958 1852 3022 postera
1908 2953 2025 3008 luce

2133 2953 2271 3016 ὅλως
2298 2954 2401 3006 οὐκ
2436 2952 2729 3022 ἀπέχονται
2755 2950 2850 3005 τοῦ
2881 2949 3234 3021 ἁμαρτάνειν,
3253 2947 3586 3019 νομίζοντες,
3614 2948 3689 3001 ὅτι

460 3046 783 3109 repeterent.
826 3040 978 3107 Quod
1006 3041 1054 3096 si
1085 3056 1311 3111 peccare
1337 3042 1558 3097 omnino
1581 3057 1691 3098 non
1732 3042 2027 3110 desinunt;

460 3131 880 3200 existimantque
909 3146 990 3196 se,
1029 3146 1150 3185 cum
1186 3140 1444 3201 perpetuo
1468 3147 1533 3189 ac
1569 3132 1761 3187 diebus
1784 3131 2032 3204 {singulis

459 3227 705 3290 peccent,
740 3220 948 3291 expiari
978 3236 1118 3291 aqua
1147 3238 1328 3292 posse,
1358 3223 1706 3279 vehementer
1750 3224 2029 3290 aberrant,

459 3326 559 3375 nec
596 3319 679 3367 est
704 3328 893 3368 eorum
923 3314 1171 3369 instituto
1201 3316 1397 3370 vanius
1425 3327 1518 3369 aut
1557 3314 1849 3372 absurdius
1872 3316 2033 3387 quid-

458 3420 643 3474 quam.
687 3406 894 3460 Etenim
938 3422 1113 3476 neque
1147 3405 1394 3462 Oceanus
1439 3407 1589 3478 ipse,
1628 3424 1807 3479 neque
1857 3409 2030 3463 maria

459 3495 678 3560 omnia;
729 3510 905 3564 neque
954 3511 1219 3565 perennes
1268 3495 1554 3552 ﬂuviorum
1587 3512 1762 3568 aquae,
1794 3500 1876 3554 vel
1907 3498 2030 3553 fon-

460 3587 630 3653 tium;
682 3602 856 3658 neque
901 3587 1165 3659 quidquid
1211 3590 1420 3659 uspiam
1465 3590 1774 3663 pluviarum
1816 3599 1937 3660 est,
1983 3591 2030 3655 si

532 3739 550 3771 ¹
580 3738 741 3798 Forte
781 3741 1310 3813 ’Πμεροσαπτιστῶν.

528 3897 641 3969 (10)
748 3898 1315 3969 'Hpepob’axtwtéy.
1404 3897 1716 3969 Commune
1814 3897 2027 3969 iudicis

458 3967 749 4030 omnibus.
795 3977 850 4024 et
905 3970 958 4023 in
1004 3970 1193 4039 primis
1255 3967 1545 4039 Pliarisazis
1584 3968 1759 4039 fuisse
1812 3968 2027 4022 Marcus

458 4040 789 4106 evangelista
823 4038 1052 4093 testatur
1100 4053 1216 4106 cap.
1265 4052 1362 4100 vn,
1401 4038 1435 4090 3
1466 4047 1520 4091 et
1568 4038 1621 4099 4,
1656 4046 1715 4090 ut
1747 4045 1801 4090 et
1834 4050 2028 4090 manus

460 4106 772 4176 frequenter
818 4108 1121 4168 abluerent,
1148 4119 1199 4162 et
1231 4122 1260 4160 a
1302 4106 1419 4160 foro
1452 4106 1740 4161 redeuntes
1786 4106 2028 4176 baptiza-

460 4175 667 4231 rentur.
699 4178 878 4244 Quare
911 4194 1019 4233 non
1050 4178 1265 4231 videtur
1292 4177 1578 4246 peculiaris
1615 4176 1727 4231 hac
1759 4183 1907 4229 secta
1936 4175 2029 4246 Ju-

460 4246 698 4301 daeorum
730 4249 1039 4313 exstitisse;
1077 4248 1182 4303 nisi
1217 4245 1305 4301 ita
1334 4247 1580 4300 dicamus
1611 4246 1904 4300 nonnullos
1930 4245 2025 4314 qui

2132 3044 2196 3099 τὸ
2245 3044 2390 3116 ὕδωρ
2433 3043 2716 3116 καθαρίσει
2778 3043 2903 3107 τοὺς
2953 3042 3239 3113 ἐνδελεχῶς
3293 3040 3411 3094 καθ’
3468 3041 3690 3110 ἑκάστην

2134 3137 2574 3209 ἁμαρτάνοντας,
2627 3135 2854 3206 μάταιος
2903 3133 3079 3188 αὐτῶν
3118 3136 3151 3205 ἡ
3197 3134 3422 3189 ὑπόνοια
3446 3173 3462 3198 ,
3500 3133 3591 3187 καὶ⁵
3633 3132 3691 3186 τὸ

2133 3230 2467 3301 ἐπιτήδευμα
2510 3228 2738 3300 φροῦδον
2781 3227 2877 3281 καὶ
2900 3226 3084 3283 ἕωλον.
3116 3224 3253 3280 Οὓτε
3291 3225 3397 3296 γάρ
3429 3225 3688 3289 Ὠκεανὸς,
3716 3212 3721 3221 ’

2133 3320 2255 3375 οὔτε
2285 3320 2460 3375 πάντα
2488 3320 2554 3373 τὰ
2589 3318 2777 3392 ῥεῖθρα
2806 3318 2901 3373 καὶ
2946 3317 3178 3388 πελάγη.
3217 3317 3456 3387 ποταμοί
3482 3333 3539 3369 τε
3573 3315 3690 3369 ἀέν-

2135 3430 2252 3468 ναοι
2283 3413 2373 3466 καὶ
2406 3411 2606 3481 πηγαὶ,
2649 3410 2801 3464 πᾶσά
2825 3425 2884 3463 τε
2923 3410 2956 3479 ἡ
2994 3406 3324 3479 ὁμὸροτόκος
3366 3406 3528 3475 φύσις
3573 3423 3687 3460 συν-

2137 3501 2364 3556 ελθοῦσα
2400 3501 2620 3553 δύναται
2663 3500 3047 3571 ἁμαρτήματα
3075 3497 3366 3566 ἀφανίσαι·
3407 3495 3691 3567 ἐπειδήπερ

2136 3593 2198 3647 οὐ
2222 3592 2364 3647 κατά
2398 3592 2576 3662 λόγον,
2613 3592 2735 3646 οὐδέ
2763 3592 2827 3645 ἐκ
2861 3589 3276 3661 προστάγματος
3297 3587 3437 3644 Θεοῦ
3474 3590 3687 3658 γίνεται.

2127 3899 2208 3972 τῇΔ
2220 3896 2326 3951 τῶν
2352 3899 2560 3972 νεκρῷν
2596 3899 2908 3967 ἀναστάσει,
2940 3900 3074 3972 ἀλλά
3095 3902 3177 3972 Δ’τῇ
3209 3901 3440 3971 ἀπιστίᾳ
3470 3901 3558 3954 καὶ
3586 3903 3687 3963 τοῖς

2126 3954 2325 4039 ἀλλοις.
2367 3954 2471 4023 Sed
2502 3969 2621 4024 haec
2658 3954 2922 4039 sententia
2945 3954 3046 4025 [ab
3093 3954 3183 4036 iis",
3226 3984 3346 4039 quae
3377 3954 3538 4039 paulo
3574 3954 3689 4024 ante

2129 4038 2417 4110 leguntur;
2452 4046 2566 4110 tum
2616 4039 2670 4091 in
2705 4038 2980 4095 Breviario
3023 4038 3295 4110 sectarum
3348 4038 3511 4110 hujus
3555 4040 3687 4104 libri,

2130 4106 2201 4179 et
2245 4106 2335 4179 _in
2374 4108 2756 4179 universarum
2844 4106 3689 4179 AnacephalmosiHrepcriuntur

2127 4177 2194 4229 ab
2245 4174 2569 4246 Epiphanio,
2621 4177 2970 4248 vehementer
3022 4174 3266 4234 dissidet.
3312 4174 3452 4248 Nam
3502 4179 3689 4248 ubique

2128 4254 2444 4318 constanter
2480 4248 2761 4318 asseritur,
2796 4246 3291 4318 Hemerobaptistas
3321 4263 3351 4302 a
3381 4247 3583 4303 Iudaeis
3607 4246 3687 4302 re-

461 4331 521 4369 se
568 4319 854 4389 sanctitate
903 4307 1159 4386 przestare
1206 4316 1418 4372 caeteris
1463 4317 1677 4381 vellent,
1713 4331 1819 4378 non
1864 4307 2023 4389 mo'ulo
2060 4307 2102 4363 D
2133 4315 2474 4389 liquisnulla
2509 4307 3131 4389 ingparte'_discrepare';_
3167 4318 3396 4389 sive.iut
3435 4320 3539 4373 hoc
3576 4318 3686 4371 loco

460 4386 676 4451 quoties
722 4401 752 4438 a
797 4385 916 4440 foro
954 4389 1212 4453 redirent,
1248 4401 1432 4441 verum
1469 4389 1630 4439 etiam
1671 4385 1887 4439 tametsi
1935 4400 2027 4453 pe-

461 4453 583 4507 dem
632 4454 793 4509 domo
827 4471 934 4525 non
979 4457 1322 4511 extulissent.
1367 4456 1435 4509 de
1478 4455 1571 4525 die
1608 4457 1807 4525 saepius
1847 4454 2027 4525 lavare

460 4525 833 4580 consuevisse.
865 4524 1182 4594 Cujusmodi
1224 4525 1406 4578 Banus
1435 4525 1525 4579 ille
1557 4522 1799 4590 fuit,'cui
1833 4541 1891 4579 se
1934 4522 2027 4578 Jo—

461 4595 663 4662 Scplius
703 4596 769 4666 in
788 4597 1127 4666 disciplinam
1155 4594 1485 4666 tradidit,-ut
1516 4594 1568 4647 in
1596 4594 1718 4666 Vita
1757 4610 1855 4666 sua
1875 4595 2021 4666 scri-

463 4661 612 4735 ptum
681 4661 943 4735 reliquit;
975 4663 1129 4735 liunc
1152 4731 1162 4735 _
1187 4664 1330 4716 enim
1367 4661 1592 4735 ἠείδη,-
1620 4663 1813 4735 ψυχρῷ
1872 4663 2022 4735 ὕδατι

460 4733 559 4803 τὴν
588 4730 821 4803 ἡμέραν,
852 4733 947 4803 καὶ
981 4732 1078 4802 τὴν
1105 4731 1275 4803 νύκτα
1298 4730 1553 4803 πολλάκις
1581 4730 2028 4803 λουόμενονπρδς

460 4776 821 4867 ἐιὲζρεῖἑῖκῖἷέίέ
847 4776 1048 4857 Eget}?
1061 4776 1205 4869 ξιιίὗὶἱ
1219 4776 2025 4870 'Euiiiiiéﬁi'i'ogéﬁit'ﬁiti'1}tibi:

462 4886 582 4939 cap.
618 4870 647 4922 7
670 4886 877 4942 corpus
908 4881 1034 4926 ante
1077 4872 1257 4942 cibum
1302 4871 1595 4942 abluelnuit
1626 4871 1837 4942 frigida.
1889 4873 2026 4938 Quid

464 4942 627 5009 igitur
669 4940 1149 5012 Hetnerobaptistte
1177 4941 1273 5007 illi,
1292 4956 1446 5012 quos
1476 4940 1809 5011 Epiphanius
1841 4942 2026 5006 refert,

464 5013 777 5078 meruerint,
809 5022 868 5066 ut
910 5013 1223 5067 distinctam
1252 5011 1319 5066 ab
1346 5012 1467 5067 aliis
1497 5020 1699 5066 sectam
1728 5012 2025 5075 ellicereut,

463 5096 569 5133 non
604 5082 740 5136 satis
768 5083 1151 5138 discernimus.

533 5150 643 5220 (Η)
675 5154 756 5205 Οὐ
779 5154 907 5220 μὴν
927 5149 1288 5220 ἐξισουμέγνη
1317 5150 1435 5216 τοῖς
1454 5149 1892 5215 Σαδδουκαίοις.
1923 5150 2025 5216 Qui

465 5218 637 5285 prima
683 5218 863 5286 specie
889 5222 1178 5275 verborum
1205 5219 1431 5272 istorum
1460 5235 1654 5274 sensus
1687 5222 1946 5281 occurrit,
1983 5222 2027 5275 is

462 5293 566 5349 est,
596 5303 755 5354 quem
782 5305 890 5342 non
922 5290 1085 5343 modo
1115 5303 1215 5341 nos
1249 5289 1370 5356 ipsi,
1406 5289 1499 5344 sed
1528 5290 1690 5343 etiam
1728 5289 2028 5343 Cornarius

463 5359 752 5425 expressit.
791 5358 1286 5428 liemerobaptistas
1322 5374 1428 5412 non
1487 5361 1662 5413 solum
1694 5360 1747 5412 in
1781 5360 2027 5428 neganda

467 5436 802 5497 mortuorum
852 5425 1271 5487 resurrectione,
1300 5443 1485 5497 verum
1533 5429 1831 5497 inrrcliqua
1856 5425 2025 5482 ‘omni

465 5494 775 5563 dugmatnm
811 5497 1045 5549 falsitate
1077 5496 1407 5551 concordare
1438 5514 1559 5551 cum
1588 5494 1919 5550 S.ltltitlt.‘;l‘iS.
1951 5499 2025 5549 0'3

467 5565 575 5643 μὴν
604 5563 923 5636 ἐξισουμένη
968 5565 1145 5636 μόνον,
1176 5566 1369 5636 inquit,
1396 5571 1505 5630 τοῖς
1558 5566 1930 5631 Σαδδουκαίοις
1970 5569 2025 5621 ἐν

2129 4387 2366 4455 scripsit,
2389 4401 2418 4439 a
2444 4385 2652 4440 Scribis
2674 4394 2727 4441 et
2756 4384 3068 4444 Pharisfeis.
3100 4387 3251 4453 Quod
3275 4388 3320 4442 si
3344 4401 3679 4441 communem

2128 4469 2252 4508 cum
2294 4455 2607 4510 Sadduczeis
2650 4455 2991 4525 negationem
3038 4457 3459 4514 resurrectionis
3496 4457 3684 4510 habue-

2127 4526 2260 4587 rint,
2302 4526 2517 4594 aliaque
2561 4525 2834 4594 dogmata,
2863 4528 3062 4594 quibus
3105 4528 3193 4582 isti
3235 4542 3264 4579 a
3316 4526 3602 4582 Phariszcis
3635 4532 3678 4576 et

2131 4594 2338 4649 Scribis
2368 4603 2647 4664 tantopere
2674 4594 3060 4661 abhorrebant,
3108 4605 3165 4649 ut
3209 4596 3275 4650 ad
3320 4597 3682 4650 Samaritauos

2129 4665 2469 4735 accederent,
2513 4664 2965 4735 quemadmodum
3011 4666 3065 4722 in
3114 4667 3329 4721 illorum
3369 4665 3681 4720 declaranda

2129 4732 2321 4803 haeresi
2354 4732 2581 4789 testatus
2618 4732 2734 4799 est;
2776 4736 3019 4803 profecto
3063 4738 3291 4791 multum
3341 4751 3472 4792 Cttttl
3506 4750 3535 4793 a
3567 4735 3682 4799 reli-

2129 4805 2251 4872 quis
2293 4802 2602 4858 Juda'orum
2651 4802 2993 4868 factionibus,
3033 4816 3143 4859 tum
3196 4819 3225 4858 a
3276 4804 3582 4864 Pharisaais.
3624 4818 3682 4856 ac

2132 4874 2339 4929 Scribis
2391 4873 2872 4941 Hemerobaptistre
2925 4875 3160 4997 segarali
3210 4883 3358 4930 sunt.
3425 4874 3553 4939 Qua:
3606 4885 3685 4925 nio

2132 4944 2269 4996 ratio
2303 4952 2625 4997 commovet.
2673 4951 2732 4996 ut
2776 4944 2931 4997 aliter
3023 4945 3262 4997 niohanii
3318 4946 3485 4997 verba
3529 4944 3685 4997 inter-

2130 4944 2269 4996 ratio
2303 4952 2625 5005 commovet,
2673 4951 2732 4996 ut
2776 4944 2931 4997 aliter
2978 4944 3262 5013 Epiphanii
3318 4946 3485 5000 verba
3529 4944 3685 4998 inter-

2130 5014 2388 5081 pretanda
2444 5013 2703 5081 judicem,
2761 5014 3001 5080 adeoque
3047 5014 3322 5067 contrario
3369 5029 3530 5068 sensu
3571 5030 3583 5066 :
3626 5023 3685 5081 at:

2130 5079 2281 5153 prior
2308 5083 2421 5153 iille
2446 5079 2564 5146 est,
2615 5098 2775 5152 quam
2798 5082 2862 5153 Vin
2890 5079 3081 5136 Latina
3114 5084 3362 5138 versione
3406 5082 3580 5153 posui.
3611 5079 3681 5133 Οὐ

2132 5150 2237 5227 μὴν
2269 5150 2855 5227 ἐξισουμένηέίηιιμὶῑ,
2885 5155 2996 5215 τοῖς
3024 5150 3421 5227 Σαδδουκαίοιςῖ
3454 5150 3575 5205 Νοη
3596 5159 3681 5227 βα·

2131 5219 2249 5275 inén
2303 5239 2419 5276 cum
2454 5219 2789 5276 ’Sadduca’is
2837 5236 3145 5290 congruens,
3178 5225 3287 5277 "hoc
3345 5237 3453 5276 uno
3495 5219 3681 5290 capite,

2130 5290 2274 5360 quod
2315 5299 2652 5349 mortuorum
2699 5287 3155 5345 resurrectionem
3204 5307 3332 5353 non,
3378 5299 3436 5344 ut
3470 5287 3574 5344 illis
3605 5287 3681 5338 vi-

2129 5376 2249 5441 sum
2276 5369 2383 5427 est,
2418 5362 2668 5441 abneget,
2698 5374 3005 5440 quanquam
3043 5361 3249 5430 reliqua
3281 5362 3335 5414 in
3364 5360 3621 5441 ρει-εζητ..
3634 5363 3683 5409 et

2130 5431 2393 5485 adversus
2437 5426 2731 5484 Christum'
2759 5426 3026 5498 praecipue
3077 5426 3436 5494 contumacia,
3484 5426 3684 5483 Saddu-

2130 5516 2386 5578 quorum,
2414 5514 2474 5552 ac
2519 5509 2832 5578 exterarum
2868 5498 3131 5557 Jndaisnti
3163 5509 3436 5555 iamreseon
3479 5498 3683 5570 gemina

2130 5578 2219 5623 Sll.
2735 5598 2755 5625 ο
