3870 6068
392 226 503 296 989

1817 210 1876 280 s.
1907 203 2245 278 memmi

3536 209 3645 271 τοο

402 350 686 426 Scriptura
718 349 986 418 meminit,
1012 347 1156 405 unde
1190 355 1246 404 et
1276 346 1473 402 horum
1526 342 1856 415 appellatio,
1914 348 1971 397 et

2096 338 2181 409 γὰρ
2204 336 2332 407 περὶ
2351 334 2556 388 τούτων
2582 331 2657 404 μὴ
2678 330 2960 402 λεγούσης,
2984 328 3147 386 πόθεν
3176 327 3359 390 αὐτοῖς
3389 326 3417 396 ἡ
3446 326 3651 393 γνῶσις

401 444 617 515 egregia
641 442 815 497 virtus
844 439 950 494 nisi
969 454 1035 493 ex
1067 437 1176 491 illis
1204 434 1577 491 voluminibus
1605 432 1823 503 cognita
1853 445 1978 487 esse

401 535 673 607 potuerit?
700 533 804 600 Qui
845 545 1012 603 porro
1060 527 1316 585 convenit
1370 526 1654 583 veritatem
1701 524 1757 578 in
1811 536 1977 576 unum

402 643 526 682 cum
558 626 796 681 falsitate
823 620 1199 686 concurrere?
1241 619 1601 689 eamdemque
1638 615 1978 685 Seripturam

403 719 602 789 partim
635 730 786 779 vera,
834 714 1033 784 partim
1079 712 1217 768 falsa
1245 710 1499 782 jactare?
1542 723 1667 764 cum
1725 696 1979 762 Salvator

402 808 601 862 dixi-rit
629 825 643 860 τ
666 805 773 859 Aut
792 804 951 875 facite
972 803 1215 858 arborem
1238 804 1449 867 bonam,
1476 810 1525 856 et
1551 800 1756 870 {ructus
1781 797 1941 853 bonos
1960 811 1979 850 :

402 907 495 951 aut
527 896 768 950 arborem
808 895 1010 948 malam
1030 935 1046 960 ,
1089 903 1139 947 et
1177 894 1380 962 [ructus
1410 891 1601 947 malos.
1634 887 1816 960 Neque
1841 888 1981 943 enim

401 997 568 1056 potest
598 987 757 1041 arbor
788 986 924 1041 bona
946 986 1117 1040 malos
1147 985 1354 1054 [ructus
1395 983 1602 1049 facere,
1635 994 1795 1050 neque
1824 980 1983 1033 arbor

403 1079 547 1131 mala
574 1079 591 1109 ¹
620 1078 782 1132 bonos
814 1077 1019 1145 fructus
1058 1075 1253 1142 facere.
1280 1074 1390 1145 39
1425 1072 1694 1139 Quocirca
1749 1070 1985 1126 vanissi-

404 1183 553 1222 mutn
590 1168 782 1222 horum
828 1167 1110 1220 hominum
1146 1165 1423 1233 ingenium
1467 1168 1585 1227 est;
1631 1159 1986 1229 doctrinaque

406 1260 524 1329 ipsa
558 1260 744 1313 multis
771 1273 837 1313 ex
873 1256 1146 1326 capitibus
1191 1254 1360 1309 everti
1408 1268 1472 1308 ac
1504 1251 1734 1308 refutari
1781 1257 1981 1321 potest.

404 1349 715 1406 Praesertim
749 1364 873 1403 cum
919 1347 974 1401 in
1020 1346 1343 1401 hodiernum
1386 1358 1561 1412 usque
1615 1351 1830 1411 tempus
1875 1351 1984 1395 non

404 1435 567 1488 modo
601 1434 949 1488 celebrentur
972 1448 1059 1496 ea,
1093 1447 1214 1503 qua:
1237 1433 1305 1487 iis
1337 1432 1391 1485 in
1417 1431 1573 1486 libris
1601 1439 1752 1501 geSta
1777 1443 1985 1485 memo-

404 1535 630 1591 rantur;
663 1526 760 1580 sed
791 1532 845 1580 et
898 1525 1131 1595 ipsamet
1171 1525 1293 1579 loca
1340 1529 1839 1594 repraesententur,
1891 1519 1987 1576 ubi

402 1615 724 1671 admiranda
746 1616 838 1669 illa
863 1615 1112 1687 prodigia
1129 1615 1498 1685 contigerunt.
1530 1615 1585 1668 in
1617 1613 1808 1684 primis
1828 1626 1986 1666 mons

2077 429 2180 500 τῆς
2205 427 2317 481 τῶν
2353 425 2607 497 πατέρων
2642 422 2938 494 ὀνομασίας
2968 421 3065 477 καὶ
3096 418 3374 492 ἀριστείας
3400 420 3449 471 εξ
3483 418 3558 488 μὴ
3587 416 3654 484 ἑξ

2078 519 2259 573 αὐτῶν
2290 515 2401 571 τῶν
2434 514 2670 589 Γραφῶν
2693 514 2797 586 τῆς
2822 511 3195 583 Πεντατεύχου
3216 526 3232 577 ;
3253 510 3365 564 Καὶ
3395 507 3513 572 πῶς
3539 503 3655 563 οἷόν

2077 626 2139 665 τε
2169 612 2226 665 ὲν
2255 608 2440 681 ταυτῷ
2477 604 2619 663 εἶναι
2646 606 2847 679 ἀληθὲς
2883 605 2979 660 καὶ
3005 603 3232 675 essm;
3258 600 3354 657 καὶ
3390 601 3448 655 ὲν
3493 599 3659 672 μέρει

2079 699 2178 771 τὴν
2211 699 2435 771 Γραφὴν
2468 695 2778 766 ἀληθεύειν,
2810 696 2871 748 ὲν
2903 692 3061 766 μέρει
3105 691 3165 746 δὲ
3202 689 3530 762 ψεύδεσθαις
3556 688 3659 744 τοῦ

2081 772 2336 863 Σωτῆρος
2359 788 2611 857 λέγοντος
2629 804 2645 819 ο
2679 787 2756 842 Ἢ
2787 784 3079 853 ποιήσατε
3120 782 3191 837 τὸ
3220 781 3475 852 δένδρον
3507 783 3665 854 ἁγα-

2081 881 2210 947 θύν,
2259 881 2357 936 καί
2400 879 2544 947 τοὺς
2566 879 2845 948 καρποὺς
2891 875 3186 948 ἀγαθοὺς,
3217 875 3258 946 ἢ
3300 874 3371 930 τὸ
3404 874 3667 945 δένδρον

2082 974 2339 1043 σαπρὸν,
2366 972 2466 1029 καὶ
2504 971 2650 1038 τοὺς
2674 968 2941 1039 καρποὺς
2975 967 3270 1036 σαπροὺς.
3297 968 3381 1021 Οὐ
3411 965 3668 1021 δύναται

2083 1062 2194 1139 γὰρ
2230 1064 2483 1135 δένδρον
2538 1062 2766 1133 ἀγαθὸν
2812 1059 3047 1131 καρπὸν
3091 1061 3328 1128 σαπρὸν
3374 1057 3629 1127 ποιῆσαι
3646 1094 3665 1122 .

2084 1156 2228 1212 οὐδὲ
2254 1155 2508 1225 δένδρον
2534 1155 2772 1224 σαπρὸν
2798 1151 3065 1222 καρποὺς
3094 1149 3355 1223 ἀγαθοὺς
3387 1146 3664 1218 ποιῆσαι.

2086 1251 2336 1312 Μάταιος
2362 1247 2547 1301 τοίνυν
2575 1245 2754 1300 αὐτῶν
2774 1247 2809 1314 ἡ
2838 1243 3068 1309 διάνοια,
3098 1242 3193 1296 καὶ
3216 1244 3250 1314 ἡ
3284 1242 3565 1313 εἰσήγησις
3598 1241 3671 1295 ὲκ

2087 1337 2305 1392 πολλῶν
2343 1337 2541 1409 ἔχουσα
2570 1334 2668 1406 τὴν
2710 1334 3023 1406 άνατροπήν
3046 1350 3059 1363 ·
3089 1332 3164 1396 ὡς
3191 1331 3320 1404 ἄχρι
3354 1331 3454 1403 τῆς
3501 1328 3671 1402 δεῦρο

2086 1429 2147 1482 ού
2181 1427 2339 1499 μόνον
2375 1426 2444 1487 τὰ
2476 1429 2534 1480 έν
2560 1428 2682 1489 ταῖς
2708 1426 2953 1498 Γραφαίς
2982 1421 3185 1495 ᾅδεται,
3211 1422 3347 1476 ἀλλὰ
3382 1421 3478 1476 καί
3507 1419 3671 1477 αὐτοὶ

2087 1521 2134 1573 οί
2156 1519 2309 1572 τόποι
2333 1516 2442 1571 τῶν
2470 1515 2935 1590 παραδοξοποιιῶν
2960 1513 3480 1587 σωματοποιοῦνται.
3503 1512 3674 1584 Πρῶά

2087 1630 2180 1666 τον
2202 1612 2336 1666 ὅπου
2361 1610 2422 1664 τὸ
2452 1609 2723 1681 πρόϐατον
2749 1611 2778 1664 ὁ
2811 1606 3062 1681 Ἀϐραὰμ
3087 1606 3392 1679 προσέφερε
3421 1604 3499 1678 τῷ
3520 1604 3670 1677 Θεῷ,

404 1708 559 1771 Sion,
594 1707 686 1762 ubi
727 1721 884 1762 ovem
924 1705 1036 1761 Deo
1085 1706 1439 1760 Abrahamus
1484 1704 1806 1768 immolavit,
1841 1702 1983 1758 idem

2096 1704 2213 1776 ὄρος
2253 1701 2392 1757 Σιὼν
2433 1701 2559 1773 ἄχρι
2591 1699 2686 1754 τοῦ
2721 1698 2880 1772 δεῦρο
2917 1698 3060 1754 οὕτω
3099 1697 3451 1769 καλούμενον.
3503 1695 3676 1752 ’Δλλα

404 1800 470 1853 ad
508 1800 611 1853 hoc
663 1806 879 1867 tempus
921 1812 1122 1851 nomen
1150 1796 1412 1850 obtinuit.
1445 1793 1584 1849 Tum
1614 1795 1709 1850 ubi
1751 1808 1986 1865 quercus

405 1891 496 1943 illa
546 1889 789 1944 Mambre
829 1887 963 1953 fuit;
1002 1902 1110 1955 quo
1146 1887 1203 1941 in
1234 1888 1354 1941 loco
1387 1887 1617 1941 vitulum
1653 1886 1859 1957 angelis
1888 1900 1985 1955 ap‘

405 1983 609 2050 posuit.
653 1977 824 2044 Quem
875 1992 999 2032 cum
1049 1976 1161 2033 illis
1209 1977 1497 2047 epularum
1537 1985 1856 2048 apparatum
1904 1977 1989 2031 in-

403 2077 660 2134 strueret,
689 2068 987 2123 verisimile
1019 2077 1105 2124 est
1136 2082 1328 2123 eorum
1351 2075 1422 2123 ~et
1453 2066 1631 2138 ipsum
1666 2067 1985 2138 participem

402 2163 706 2217 exstitisse.

475 2252 560 2305 Ill.
597 2250 739 2316 Quin
766 2248 931 2304 etiam
963 2247 1110 2318 quod
1150 2246 1220 2302 ad
1251 2247 1404 2303 illum
1431 2261 1628 2320 agnum
1667 2247 1880 2313 attinet,
1933 2249 1989 2303 in

404 2342 639 2413 IEgypto
657 2356 689 2395 a
712 2339 914 2395 Judaeis
945 2339 1284 2407 immolatum
1308 2342 1427 2410 ejus
1454 2340 1533 2394 rei
1558 2330 1819 2394 memoria
1847 2339 1991 2411 apud

402 2434 687 2503 Algyptios
707 2472 722 2496 ,
760 2433 1017 2503 ipsosque
1047 2430 1274 2486 deorum
1312 2431 1550 2486 cultores
1600 2431 1873 2501 hodieque
1904 2447 1991 2487 re-

404 2535 605 2579 manet.
641 2523 850 2579 Etenim
882 2522 986 2578 sub
1008 2521 1151 2577 idem
1186 2529 1424 2592 tempus,
1453 2536 1563 2592 quo
1588 2521 1700 2576 illic
1730 2522 1858 2577 olim
1890 2520 1993 2576 Pa-

406 2616 537 2670 scha
580 2614 913 2670 celebratum
949 2619 1066 2676 est.
1095 2613 1243 2683 quod
1288 2612 1341 2667 in
1377 2614 1522 2669 veris
1567 2612 1782 2667 initium
1829 2621 1994 2683 atque

404 2705 790 2776 tequinoctium
813 2705 1026 2768 incidit.
1050 2703 1291 2775 Egyptii
1310 2719 1501 2759 omnes
1522 2704 1691 2759 minio
1717 2720 1847 2760 oves
1865 2721 1993 2762 suas

404 2800 678 2862 inliciunt,
726 2812 945 2852 necnon
983 2804 1037 2851 et
1065 2796 1324 2861 arbores,
1373 2797 1450 2851 uti
1504 2795 1669 2864 ﬁcus,
1711 2805 1765 2852 et
1802 2806 1995 2853 caetera

407 2891 694 2961 ejusmodi.
730 2888 901 2959 Cujus
948 2888 1169 2959 quidem
1223 2889 1365 2944 ritus
1393 2890 1608 2945 tametsi
1640 2904 1860 2946 causam
1894 2905 1995 2944 ne-

405 2982 605 3046 Sciant,
640 2978 787 3034 istud
823 2985 1005 3033 tamen
1056 2992 1167 3048 pra:
1209 2992 1269 3034 se
1308 2978 1520 3045 ferunt,
1549 2994 1612 3034 ac
1655 2980 1816 3052 vulgo
1832 2981 1994 3051 jacti-

406 3077 525 3124 tant
565 3087 578 3123 :
612 3070 706 3123 illo
745 3068 834 3124 die
868 3068 1182 3124 universum
1215 3076 1486 3124 terrarum
1521 3070 1704 3125 orbem
1740 3040 1992 3127 incendio
2022 3040 2066 3102 ο

406 3163 803 3235 conﬂagrasse;
833 3162 997 3233 hujus
1011 3176 1175 3233 porro
1201 3162 1529 3218 calamitatis
1554 3164 1861 3220 avertendae
1881 3165 1988 3219 vim

406 3256 694 3327 quamdam
734 3255 787 3309 in
839 3269 1035 3309 cruore
1086 3253 1179 3308 illo
1222 3262 1386 3324 atque
1441 3255 1600 3325 igneo
1649 3256 1833 3312 colore
1868 3271 1991 3313 esse

406 3346 660 3416 positam.
696 3344 906 3412 Quibus
955 3357 1084 3399 vero
1127 3342 1194 3398 de
1248 3343 1459 3408 causis,
1495 3352 1693 3416 negant
1722 3345 1825 3401 sibi
1869 3361 1992 3402 esse

405 3443 773 3506 compertum;
813 3434 908 3490 sed
953 3441 1007 3489 et
1062 3434 1346 3504 hucusque
1390 3434 1445 3488 in
1482 3433 1866 3506 Cartlymorum
1904 3451 1992 3492 re-

407 3529 567 3597 gione
605 3540 746 3579 arcae
792 3526 1103 3580 Noemiticze
1154 3526 1414 3596 reliquias
1460 3526 1772 3581 ostendunt.
1822 3525 1901 3580 Ac
1944 3527 1990 3581 si

407 3618 533 3688 quis
557 3616 870 3686 diligentius
897 3617 1196 3686 perquiral,
1230 3630 1338 3670 non
1388 3614 1609 3683 dubito,
1639 3616 1771 3687 quin
1802 3616 1992 3671 altaris

408 3723 627 3779 quoque
659 3708 918 3777 vestigia,
960 3708 1106 3777 quod
1156 3707 1331 3778 ipsum
1380 3720 1726 3776 consequens
1780 3716 1892 3774 est,
1923 3707 1991 3762 ad

409 3800 612 3854 montis
658 3799 872 3854 radices
930 3799 1174 3854 invenire
1216 3799 1387 3870 possit
1424 3817 1438 3853 :
1474 3799 1563 3854 ubi
1606 3807 1719 3853 tum
1762 3798 1874 3855 Noe
1923 3808 1991 3855 ex

410 3904 537 3944 arca
569 3891 922 3959 progrediens
959 3890 1191 3955 mansit,
1234 3898 1288 3946 ct
1324 3891 1392 3947 de
1433 3891 1585 3961 puris
1641 3893 1988 3958 animalibus,

407 3986 575 4051 atque
622 3982 876 4051 adipibus
932 3982 1158 4036 Domino
1193 3980 1302 4037 Deo
1354 3983 1683 4038 sacriﬁcium
1732 3986 1985 4040 instituit.

408 4071 528 4138 Quo
560 4074 721 4129 etiam
767 4081 1009 4142 tempore
1036 4073 1165 4126 illud
1202 4088 1232 4126 a
1266 4072 1375 4128 Deo
1411 4077 1690 4129 oraculum
1731 4078 1940 4147 accepit
1974 4096 1989 4133 :

400 4160 547 4218 'Ecce
571 4164 693 4217 dedi
728 4164 820 4216 libi
847 4166 1045 4227 omnia,
1082 4173 1330 4233 tanquam
1366 4165 1647 4220 herbarum
1676 4168 1842 4230 olera,
1876 4186 1992 4223 ma-

411 4265 518 4318 cta,
570 4265 617 4308 et
668 4255 875 4309 comede
898 4258 938 4310 '.
969 4254 1166 4310 Verum
1217 4257 1441 4311 haeresis
1465 4257 1626 4327 hujus
1664 4258 1989 4320 adulterina,

413 4344 686 4412 Multaque
718 4346 967 4412 dogmata
1017 4346 1185 4400 missa
1236 4344 1453 4400 faciam.
1491 4345 1771 4416 Siquidem
1819 4364 1990 4418 pauca

416 4434 531 4489 haec
555 4434 687 4491 sulli.
710 4437 828 4488 iunt
863 4452 892 4488 a
921 4437 1078 4491 nobis
1109 4437 1393 4507 hucusque
1418 4439 1713 4509 disputata,
1741 4448 1904 4510 atque
1926 4440 1992 4494 ad

412 4538 536 4579 cum
553 4540 792 4581 errorem
824 4525 1248 4594 propulsandum
1279 4527 1335 4580 in
1365 4530 1601 4582 medium
1630 4530 1814 4583 allata.

802 4635 1079 4688 comas
1116 4635 1427 4691 osseuos
1461 4641 1604 4709 (ιι),

557 4747 689 4813 Qua:
708 4756 783 4800 est
821 4745 895 4799 VI
920 4748 1132 4801 lurresis
1166 4747 1454 4816 Judut'smi,
1480 4752 1661 4807 ordine
1689 4746 1848 4809 XIX.

484 4922 525 4978 1.
562 4921 818 4994 Sequitur
845 4923 1178 4981 Ossenorum
1211 4926 1433 5005 haeresis
1459 4940 1581 4983 cum
1618 4931 1995 5001 superioribus

483 5080 496 5110 '
545 5080 677 5136 Luc.
718 5096 791 5147 rt,
825 5082 916 5137 45.
994 5083 1014 5112 ²
1041 5081 1173 5138 Gen.
1212 5098 1283 5137 Ix.
1311 5085 1362 5138 5.
1443 5084 1462 5115 ³
1489 5082 1648 5137 Forte
1672 5087 1729 5156 ἠ,
1754 5087 1835 5141 vel
1862 5086 1979 5147 τοῦ.

438 5312 441 5317 ί
490 5236 601 5317 (ιρ)
621 5238 727 5291 Καὶ
759 5239 911 5317 ὅποι)
934 5241 973 5307 ή
999 5240 1147 5317 δρῦς
1169 5242 1281 5317 τῆς
1300 5244 1566 5317 Μαμϐρῆ.
1593 5244 1996 5306 Celeberrimus

490 5265 601 5301 μοι
621 5265 727 5291 ηιιι
759 5265 911 5293 υπυυ
934 5265 973 5307 η
999 5265 1147 5309 ορυς
1169 5265 1281 5309 της
1300 5265 1397 5297 ma
1422 5265 1566 5313 (cpt).
1593 5265 1987 5306 DEICDGTI'IIIHIS

418 5308 557 5387 apud
584 5316 839 5387 posteros
874 5312 1031 5387 locus
1067 5311 1157 5364 ille
1185 5312 1305 5377 fuit,
1329 5265 1420 5387 ξιιί
1446 5331 1618 5387 usque
1645 5318 1987 5374 Constantini

423 5376 595 5446 Magni
623 5387 888 5452 tempora,
920 5380 1120 5452 quibus
1151 5376 1605 5440 tamaJudteis'et
1640 5387 1989 5452 Christianis,

418 5463 579 5529 quam
615 5462 643 5499 a
676 5449 970 5512 gentilibus
1011 5450 1336 5529 frequentes
1369 5456 1652 5529 religionis
1688 5473 1817 5529 ergo
1859 5449 1992 5512 con?

420 5527 635 5594 ventus,
668 5532 731 5569 ac
764 5530 1037 5594 mercatus
1076 5521 1184 5574 illic
1214 5521 1405 5594 habiti,
1430 5521 1568 5594 quos
1595 5521 1992 5583 (Ioasﬁntinus

419 5589 600 5642 (dictu
636 5588 881 5643 sustulit.
914 5590 1251 5645 Sozontcntts
1287 5592 1322 5644 I.
1350 5610 1409 5654 tt.
1447 5588 1496 5647 ἒξ.
1535 5596 1585 5650 3.

492 5659 601 5719 (id)
639 5659 793 5712 κατὰ
829 5658 1162 5727 ’ωσι-τινῶν.
1194 5662 1339 5728 Quos
1367 5665 1609 5720 (issenos
1639 5668 1739 5720 hic‘
1759 5670 1989 5738 appellat

2089 1798 2184 1852 καὶ
2211 1798 2343 1851 ὅπου
2379 1796 2413 1868 ἡ
2442 1795 2574 1868 δρῦς
2597 1795 2619 1827 ³
2648 1794 2747 1866 τῆς
2773 1793 3023 1866 Μαμϐρῆ
3049 1792 3158 1865 (15)
3198 1792 3327 1847 ἔνθα
3354 1794 3468 1855 τοῖς
3495 1790 3675 1860 ἀγγέ-

2088 1888 2201 1951 λοις
2232 1885 2506 1960 παρετέθη
2546 1887 2575 1939 ὁ
2611 1885 2833 1958 μόσχος
2871 1885 3003 1938 ὅπου
3043 1884 3102 1938 δὲ
3139 1882 3391 1956 Ἀϐραὰμ
3412 1881 3675 1952 ἀγγέλοις

2093 1979 2363 2050 παρέθετο
2410 1977 2588 2050 κρεῶν
2638 1977 2739 2050 τὴν
2791 1976 3127 2048 έτοιμασίαν,
3182 1975 3422 2029 ἀποδέων
3455 1962 3555 2027 οὐκ
3602 1969 3675 2045 ἦν

2092 2069 2253 2134 αὐτὸς
2280 2070 2378 2141 τῆς
2411 2068 2620 2122 τούτων
2649 2068 2902 2139 μετοχῆς.

2162 2245 2235 2298 I“.
2281 2244 2440 2297 Ἀλλὰ
2469 2243 2564 2298 καὶ
2609 2242 2704 2296 τοῦ
2733 2241 3009 2313 προϐάτου
3052 2241 3308 2305 τυθέντος
3349 2242 3408 2293 ἐν
3448 2238 3515 2313 τῇ
3559 2237 3679 2294 τῶν

2094 2338 2408 2407 Αἰγυπτίων
2440 2336 2594 2409 χώρᾳ
2625 2334 2703 2389 ἔτι
2746 2334 2878 2407 παρ’
2908 2333 3224 2404 Αἰγυπτίοις
3248 2333 3506 2404 τυγχάνει
3546 2334 3680 2405 ᾁδο-

2099 2431 2234 2503 μένη
2255 2434 2288 2502 ἡ
2320 2429 2638 2502 παράδοσις,
2663 2430 2758 2482 καὶ
2780 2428 2930 2500 παρὰ
2955 2431 3068 2492 τοῖς
3104 2426 3539 2498 εἰδωλολάτραις.
3583 2427 3676 2480 Ἐν

2095 2526 2205 2596 γὰρ
2234 2522 2313 2594 τῷ
2337 2519 2540 2594 καιρῷ,
2574 2522 2663 2575 ὅτε
2694 2520 2755 2573 τὸ
2770 2519 2960 2591 Πάσχα
2988 2518 3205 2588 ἐγένετο
3228 2517 3590 2590 ἐκεῖσε.ἀρχὴ
3620 2519 3679 2571 δὲ

2096 2614 2235 2686 αὕτη
2264 2615 2474 2683 γίνεται
2508 2612 2602 2666 τοῦ
2643 2612 2823 2684 ἔαρος,
2855 2612 2945 2665 ὅτε
2984 2612 3018 2683 ἡ
3049 2611 3239 2683 πρώτη
3288 2612 3572 2683 ίσημερία,
3613 2613 3681 2664 ἐκ

2101 2705 2330 2777 μίλτεως
2368 2704 2703 2776 λαμϐάνουσι
2738 2702 2939 2767 πάντες
2983 2703 3267 2773 Αἰγύπτιοι
3310 2701 3448 2756 κατὰ
3489 2704 3677 2772 ἀγνω-

2099 2797 2238 2859 σίαν,
2275 2796 2368 2849 καὶ
2393 2795 2605 2867 χρίουσι
2638 2795 2733 2866 μὲν
2762 2793 2831 2848 τὰ
2854 2795 3119 2865 πρόϐατα,
3152 2797 3363 2869 χρίουσι
3390 2795 3446 2849 δὲ
3483 2794 3583 2850 καὶ
3608 2796 3681 2849 τὰ

2096 2888 2308 2960 δένδρα.
2332 2886 2433 2952 τὰς
2454 2888 2648 2951 συκᾶς,
2677 2889 2769 2941 κά).
2811 2888 2872 2942 τὰ
2904 2887 3058 2952 ἄλλα,
3094 2888 3423 2960 φημίζοντες
3453 2889 3554 2943 καὶ
3590 2879 3681 2942 λέ-

2098 2997 2307 3048 γοντες,
2358 2979 2442 3033 ὅτι
2473 2979 2627 3048 φησί·
2673 2979 2734 3032 τὸ
2767 2978 2876 3052 πῦρ
2903 2980 2961 3033 ὲν
3005 2980 3176 3052 ταύτῃ
3210 2983 3274 3052 τῇ
3302 2979 3486 3053 ἡμέρᾳ
3533 2980 3680 3034 κατέ

2097 3070 2291 3139 έφλεξέ
2360 3087 2493 3124 ποτε
2548 3070 2647 3141 τὴν
2702 3070 3048 3143 οἰκουμένην.
3114 3072 3187 3125 Τὸ
3242 3072 3298 3126 δὲ
3342 3073 3528 3144 σχῆμα
3579 3073 3680 3127 τοῦ

2099 3164 2330 3233 αἵματος
2374 3163 2436 3217 τὸ
2462 3165 2720 3236 πυρωπὸν
2752 3164 3106 3236 ἀλεξητήριον
3160 3167 3275 3219 ἐστι
3325 3166 3424 3236 τῆς
3476 3167 3684 3221 τοσαύ-

2096 3272 2195 3327 της
2226 3254 2439 3326 πληγῆς
2462 3256 2555 3309 καὶ
2582 3256 2857 3328 τοιαύτης.
2892 3256 3060 3310 Πόθεν
3085 3256 3143 3310 δὲ
3163 3258 3263 3311 ούκ
3289 3255 3484 3329 ἔχομεν
3502 3258 3684 3327 δεῖξαι

2098 3346 2227 3416 περὶ
2264 3346 2363 3415 τῆς
2395 3346 2744 3411 ἀκολουθίας,
2776 3347 2850 3411 ὡς
2880 3346 2959 3399 ἔτι
3004 3348 3098 3402 καὶ
3127 3347 3286 3419 δεῦρο
3323 3346 3394 3401 τὰ
3442 3348 3682 3419 λείψανα

2096 3440 2195 3508 τῆς
2227 3437 2320 3489 τοῦ
2343 3437 2464 3490 Νῶε
2487 3439 2756 3509 λάρνακος
2777 3438 3047 3493 δείκνυται
3075 3441 3132 3492 έν
3157 3442 3223 3510 τῇ
3247 3438 3353 3492 τῶν
3376 3440 3682 3510 Κάρδυέων

2099 3525 2273 3598 χώρᾳ.
2310 3526 2421 3579 Καὶ
2469 3527 2687 3592 πάντως
2722 3528 2778 3581 δὲ
2826 3530 2873 3581 εἰ
2918 3528 3267 3600 ἐπιζητήσειέ
3310 3534 3414 3595 τίς,
3451 3530 3549 3584 καὶ
3584 3532 3683 3585 ἀνι

2098 3620 2411 3690 ερευνήσειε
2437 3619 2531 3688 καὶ
2550 3618 2618 3671 τὰ
2640 3619 2866 3689 λείψανα
2892 3617 2986 3673 τοῦ
3008 3620 3415 3693 θυσιαστηρίου,
3441 3623 3680 3695 ἐπείπερ

2098 3708 2389 3762 ἀκόλουθόν
2411 3709 2581 3770 ἐστιν,
2614 3708 2764 3780 εὖροι
2800 3709 2865 3763 ἂν
2891 3710 2948 3763 ὲν
2982 3713 3045 3781 τῇ
3083 3711 3330 3783 ὑπωρείᾳ
3358 3711 3453 3766 τοῦ
3481 3713 3675 3785 ερουςδ

2098 3803 2231 3854 ὅπου
2259 3801 2439 3872 ἔμεινε
2466 3800 2587 3854 Νῶε
2612 3800 2842 3866 ἐξελθὼν
2869 3801 2978 3855 άπὸ
2998 3805 3097 3873 τῆς
3117 3802 3369 3868 κιϐωτοῦ,
3392 3805 3488 3858 καὶ
3514 3824 3683 3877 προσ-

2097 3892 2324 3961 ενέγκας
2358 3891 2465 3945 άπὸ
2491 3892 2598 3947 τῶν
2622 3890 2775 3955 ζώων
2808 3892 2915 3945 τῶν
2947 3892 3225 3966 καθαρῶν,
3265 3897 3359 3949 καὶ
3378 3895 3487 3950 τῶν
3516 3902 3679 3954 στεά-

2095 3998 2202 4037 των
2253 3983 2445 4055 Κυρίῳ
2495 3982 2573 4055 τῷ
2622 3982 2771 4054 Θεῷ,
2820 3984 2908 4037 ὅτε
2956 3984 3215 4056 ἦκουσενσ
3261 3982 3407 4042 Ἰδοὺ
3444 3988 3681 4047 δέδωκὰ

2097 4092 2195 4129 σοι
2224 4074 2441 4138 πάντα,
2475 4075 2557 4141 ὠς
2578 4074 2815 4145 λάχανα
2847 4076 3068 4144 χόρτου
3087 4094 3101 4107 ’
3138 4078 3351 4146 θῦσον,
3373 4082 3473 4136 καί
3497 4084 3672 4155 φάγε.

2098 4165 2508 4237 Παρελεύσομαι
2556 4166 2613 4219 δὲ
2646 4167 2740 4220 καὶ
2783 4167 2990 4238 ταύτης
3034 4169 3196 4225 πάλιν
3248 4173 3308 4225 τὸ
3345 4174 3677 4231 ἐπείσακτον

2098 4255 2191 4307 καὶ
2218 4254 2424 4325 ἠλίθιον
2466 4256 2565 4327 τῆς
2600 4256 2887 4329 αἱρέσεως,
2924 4258 3217 4330 ἀρκεσθεὶς
3243 4264 3360 4327 ταῖς
3405 4281 3676 4339 προειρη-

2101 4344 2291 4416 μέναις
2322 4345 2530 4416 ὀλίγαις
2569 4346 2796 4413 λέξεσιν,
2833 4350 3221 4421 ὲνσπαρείσαις
3249 4353 3356 4409 ὑπὸ
3384 4356 3487 4426 τῆς
3516 4358 3675 4429 ήμῶν

2101 4435 2461 4507 βραχύτητος,
2492 4439 2727 4493 ἐνταῦθα
2760 4440 2897 4512 πρὸς
2923 4442 3193 4498 ἀντίθεσιν
3216 4444 3318 4516 τῆς
3340 4447 3555 4520 πλάνης
3577 4454 3677 4523 τῆς

2100 4524 2505 4601 προειρημένης
2524 4530 2806 4604 αἱρέσεως.

2523 4644 2710 4696 ΚΑΤΑ
2750 4636 3067 4703 oxxna'uN
3098 4648 3248 4722 (tt),

2099 4751 2283 4820 Ἔκτη
2326 4754 2556 4823 αἵρεσις
2587 4755 2705 4840 ἀὲὸ
2744 4757 3143 4840 goods/tropei),
3173 4763 3676 4840 ἐννεακαιδεκάτῃ

2609 4825 2678 4878 δὲ
2707 4826 2780 4895 τῇ
2817 4825 3166 4901 ἀκολὸυθίᾳ.

2166 4930 2247 4987 A'.
2279 4935 2437 4990 Μετὰ
2468 4936 2676 5009 ταύτην
2712 4941 2873 4995 πάλιν
2904 4942 3035 5014 άλλη
3078 4960 3163 5009 τις
3203 4946 3418 5019 αἵρεσις
3451 4952 3681 5019 ταύταις

2106 5249 2462 5334 Epiphanius,
2497 5254 2780 5334 ‘0_saaiou¢
2805 5258 2997 5314 lueresi
3028 5265 3137 5334 xxx
3173 5265 3227 5334 et
3252 5280 3372 5330 Lm,
3406 5269 3672 5333 nominat,

2215 5320 2458 5404 Scaliger
2512 5320 2770 5404 observat
2784 5367 2798 5387 ,
2849 5332 3305 5404 quemadmodum
3352 5320 3679 5397 (εὰσᾷὲᾶἇὶ

2110 5391 2492 5476 Ὀξσηνοίξριο
2526 5394 2718 5476 iisdem
2755 5391 3117 5476 accipiuntur.
3145 5402 3246 5476 _Ex
3271 5422 3386 5476 quo
3414 5391 3676 5465 nimirum

2098 5462 2303 5529 colligit
2334 5463 2426 5544 τόν
2456 5467 2679 5544 nonnisi
2698 5470 2837 5544 κατὰ
2859 5462 3198 5544 παραγωγήν
3228 5462 3508 5532 in'Gr-aeeo
3530 5462 3677 5543 esse;

2100 5546 2275 5606 neque
2297 5534 2553 5606 ratur-ale
2594 5535 2784 5599 videri,
2820 5540 2895 5592 uti
2936 5534 3035 5596 nec
3057 5534 3117 5596 in
3148 5534 3483 5602 Essenorntn
3516 5534 3681 5606 voca-'-

2099 5602 2249 5691 ltuit):
2266 5601 2445 5691 Addit
2470 5604 2780 5691 ,Ὀσσηνούς
2806 5610 3024 5691 eosdem
3051 5625 3174 5669 esse
3199 5630 3323 5669 cum
3366 5601 3674 5691 Ἐσσηᾶξο

2100 5679 2362 5741 utrosquc
2394 5679 2537 5727 cnim
2579 5690 2733 5731 esse:
2765 5687 2907 5739 man
2934 5682 3059 5751 quia
3095 5699 3472 5754 smpcnumero
3499 5679 3677 5746 lioletn
