3980 6078
432 207 543 283 983

1826 202 1884 275 s.
1918 202 2263 274 EptpnANit

3579 202 3670 262 ΞΗ

507 329 572 391 ll.
605 334 837 391 Adducit
857 334 913 390 et
941 328 1108 404 hujus
1135 332 1213 388 rei
1240 339 1436 387 testem
1464 336 1739 386 veterator
1767 328 2012 385 Phineem

2197 330 2274 384 B'.
2309 326 2581 399 Μάρτυρα
2614 325 2671 381 δέ
2692 343 2814 380 τινα
2847 322 3230 397 παρεισφέρων
3257 319 3357 374 οὑκ
3382 319 3673 390 αἰσχύνεται

434 426 722 497 quemdam
741 425 1079 480 saeerddtem
1101 439 1132 478 e
1160 421 1404 477 Levitico
1428 436 1648 491 genere,
1676 420 1744 475 de
1768 420 2023 484 Aaronis,

433 529 501 573 ac
535 517 734 571 veteris
765 517 912 570 illius
946 515 1177 571 Phinees
1210 514 1384 599 stirpe
1411 531 1426 567 :
1458 513 1551 582 qui
1584 517 1842 583 regnante
1862 509 2026 564 Dario

435 610 491 660 ln
522 607 839 675 captivitate
866 604 1199 675 Babylonica
1231 602 1393 658 Susis
1417 602 1645 657 adorata
1680 600 1852 654 Diana
1876 599 2025 669 peri-

433 698 614 750 culum
655 695 851 765 capitis
874 694 1076 764 ell‘ugit.
1108 695 1185 748 Ita
1211 697 1333 764 ejus
1362 694 1546 749 omnia
1581 692 1719 747 falsa
1748 697 1912 754 sunt,
1962 702 2026 743 ac

434 786 718 840 ridiculum
740 794 1073 841 commenta.
1090 784 1190 839 llic
1208 786 1373 856 igitur
1388 784 1517 840 olim
1532 798 1592 839 se
1609 781 1676 836 ad
1692 781 2023 836 Ossenorum

434 878 678 930 haeresim
708 877 979 946 adjunxit.
1014 877 1189 947 Cujus
1225 876 1387 933 hodie
1417 877 1472 931 in
1506 875 1800 930 Nabathaea
1843 880 1897 928 et
1928 871 2024 927 Pe-

432 982 534 1019 rma
565 966 821 1023 Hoabitis
843 968 1027 1022 vicina
1062 969 1287 1039 regione
1328 967 1573 1037 reliquiae
1606 972 1940 1036 supersunt,
1969 969 2024 1018 et

432 1055 817 1125 Sempseorum
874 1059 1038 1130 vulgo
1097 1060 1251 1114 natio
1290 1059 1405 1113 haec
1462 1056 1744 1113 hominum
1797 1054 2039 1113 dicitur..

426 1145 530 1217 ιι
564 1148 610 1200 Α
649 1150 850 1218 quibus
880 1152 1043 1204 etiam
1085 1148 1420 1219 perabsurde
1470 1133 2023 1217 illud'excogitatum

427 1222 531 1302 est,
565 1247 623 1291 ut
651 1240 722 1293 ab
754 1241 975 1294 occulta
1022 1243 1073 1293 vi
1096 1241 1540 1311 cognominatum
1579 1240 1893 1324 istiusmodi
1929 1255 2025 1296 ne—

428 1327 682 1385 bulonem
735 1330 1038 1402 ﬁngerent;
1095 1339 1379 1402 propterea
1428 1331 1575 1402 quod
1623 1330 1697 1386 lel
1759 1331 2024 1388 llehraice

428 1424 572 1486 rint;
602 1420 701 1475 Χιιί
743 1423 1070 1477 abstrusium
1110 1425 1403 1494 signiﬁcat.
1437 1423 1541 1479 Sed
1589 1424 1753 1494 hujus
1784 1424 2021 1479 instituti

427 1515 662 1575 vanitas,
706 1516 1131 1585 arrogantiaqne
1162 1516 1414 1571 convicta
1449 1516 1669 1586 penitus
1717 1525 1800 1570 est
1828 1554 1843 1581 ,
1874 1516 2023 1571 etab

428 1603 496 1656 iis
528 1603 689 1658 irrisa
717 1602 1066 1675 magnopere,
1095 1609 1189 1676 qui
1226 1606 1293 1659 ad
1325 1604 1780 1661 considerandam
1809 1604 2021 1661 discer-

428 1695 769 1766 nendamque
801 1698 1087 1752 veritatem
1138 1698 1323 1767 aliquo
1355 1697 1564 1766 judicio
1606 1698 1818 1767 praediti
1855 1705 2009 1754 sunt.
2050 1677 2093 1732 Β

425 1789 605 1854 Atque
637 1801 702 1839 ex
741 1786 875 1855 ipsis
933 1788 986 1840 in
1013 1788 1209 1856 primis
1259 1787 1607 1853 Constantii,
1657 1800 1822 1860 atque
1866 1790 2017 1844 inse-

426 1876 709 1944 quentium
745 1877 1136 1946 imperatorum
1167 1878 1505 1947 temporibus
1546 1878 1615 1934 ad
1662 1880 1803 1935 hanc
1850 1880 2017 1944 diem,

423 1966 864 2020 ellicacissimum
897 1968 963 2022 ad
992 1968 1116 2023 illos
1139 1968 1472 2024 refellendos
1488 1980 1867 2040 argumentum
1886 1986 2018 2025 con-

427 2057 512 2109 lici
543 2065 724 2127 potest
748 2075 762 2124 ;
790 2074 916 2113 nam
935 2058 1000 2112 ad
1027 2074 1200 2129 usque
1223 2060 1606 2115 Constantium
1633 2063 2016 2133 imperatorem

424 2146 669 2203 Martlms
711 2150 900 2204 nescio
930 2166 1052 2220 qua:
1085 2163 1149 2205 ac
1180 2151 1465 2207 Marthana
1500 2167 1722 2208 sorores
1758 2153 1827 2209 de
1865 2152 2018 2207 Elxai

424 2238 612 2306 stirpe,
650 2238 703 2290 in
742 2238 960 2292 illorum
992 2239 1215 2309 regione
1250 2242 1537 2295 numinum
1570 2241 1745 2296 instar
1787 2241 1859 2295 ob
1896 2257 2016 2297 eam

421 2330 651 2399 originis
700 2330 1023 2399 dignitatem
1069 2330 1266 2385 habitae
1301 2342 1451 2387 sunt.
1508 2331 1711 2386 Harum
1772 2332 2018 2389 Marthus

423 2434 531 2472 non
568 2420 640 2471 ita
672 2419 882 2488 pridem
913 2421 1152 2475 excessit
1185 2438 1216 2475 e
1246 2422 1388 2484 vita,
1424 2421 1704 2476 Marthana
1752 2424 1807 2478 in
1872 2425 2016 2481 hanc

422 2510 566 2563 diem
608 2518 890 2577 superstes
914 2518 1020 2564 est.
1065 2509 1364 2581 Utriusque
1391 2527 1520 2567 vero
1552 2514 1635 2569 vel
1674 2522 1836 2583 sputa
1873 2516 2014 2586 ipsa,

422 2612 763 2670 exterasque
794 2601 1047 2672 corporis
1090 2603 1281 2658 sordes
1337 2604 1485 2659 illius
1537 2612 1748 2661 tractus
1777 2606 2015 2662 haeretici

420 2692 781 2747 circumferre
815 2695 1085 2759 solebant,
1121 2694 1187 2747 ad
1226 2695 1547 2749 morborum
1587 2698 1850 2752 remedia.
1884 2697 2016 2765 Qua:

422 2790 605 2836 tamen
639 2784 793 2836 irrita
829 2791 988 2837 erant
1019 2786 1226 2838 omnia.
1265 2783 1373 2839 Sed
1396 2793 1481 2840 est
1510 2787 1892 2843 haereticorum
1924 2806 2017 2863 ge-

421 2890 524 2928 nus
560 2876 888 2942 lastuosum,
911 2884 965 2931 et
991 2877 1290 2931 obnoxium
1323 2877 1522 2934 fraudi.
1553 2880 1708 2935 Caeca
1737 2882 1882 2937 enim
1920 2900 2016 2939 ne-

2125 420 2155 473 ὁ
2172 418 2445 482 ἀπατεὼν,
2472 416 2647 485 λέγων
2671 416 2859 480 Φινεές
2879 432 2999 469 τινα
3035 414 3188 485 ἱερέα
3212 411 3322 465 τῶν
3357 411 3464 463 ἀπὸ
3501 411 3675 481 γένους

2126 510 2257 564 Λευῒ
2301 525 2362 561 τε
2396 508 2492 561 καὶ
2535 504 2768 576 ’Δαρὼν,
2799 506 2892 559 καὶ
2918 504 3013 558 τοῦ
3050 503 3280 576 ἀρχαίου
3318 502 3499 565 Φινεὲς
3534 504 3588 556 ὲν
3613 507 3675 577 τῇ

2125 598 2410 653 Βαϐυλῶνι
2439 601 2533 652 ἐπί
2566 600 2667 668 τῆς
2694 597 3071 667 αἰχμαλωσίας
3111 596 3559 667 προσκυνήσαντα
3587 594 3678 668 τὴν

2129 691 2417 762 Ἄρτεμιν,
2438 692 2497 744 ἐν
2521 690 2744 754 Σούσοις
2769 688 3191 758 διαπεφευγέναι
3212 686 3433 759 δλεθρον
3464 686 3676 741 θανάτου

2125 782 2219 835 ἐπὶ
2268 783 2495 855 Δαρείου
2548 781 2644 836 τοῦ
2696 781 2993 853 βασιλέως·
3035 780 3177 833 ὥστε
3230 775 3370 833 εῖναι
3422 779 3579 833 αὑτοῦ
3617 779 3682 833 τὰ

2127 872 2308 928 πάντα
2349 873 2520 943 ψευδῆ
2567 874 2660 927 καὶ
2697 874 2922 944 μάταια.
2959 867 3130 936 Οὗτος
3166 872 3265 943 μὲν
3294 866 3387 925 οὖν
3424 869 3533 924 ἄνω
3567 887 3681 923 συν-

2122 963 2297 1035 ῆπται
2340 967 2409 1035 τῇ
2456 964 2831 1038 προειρημένῃ
2873 963 3085 1035 αἱρέσει
3130 965 3197 1034 τῇ
3253 963 3363 1015 τῶν
3420 961 3681 1033 ὀσσηνῶν

2125 1053 2457 1128 καλουμένῃ,
2483 1050 2552 1127 ἧς
2584 1054 2665 1107 ἔτι
2688 1054 2914 1124 λείψανα
2950 1055 3043 1107 καὶ
3077 1054 3237 1125 δεῦρο
3262 1052 3492 1122 ὑπάρχει
3535 1054 3591 1104 ὲν
3618 1054 3681 1123 τῇ

2124 1146 2263 1216 αὑτῇ
2295 1145 2614 1200 Ναϐατίτιδι
2644 1148 2739 1218 γῇ,
2781 1149 2847 1218 τῇ
2883 1147 2977 1200 καὶ
3015 1145 3225 1218 Περαίᾳ
3256 1145 3393 1217 πρὸς
3426 1146 3491 1214 τῇ
3525 1144 3684 1196 Μωα-

2125 1234 2288 1288 ϐίτιδι
2308 1252 2321 1265 ·
2350 1236 2488 1306 ὅπερ
2515 1237 2672 1305 γένος
2702 1236 2821 1290 νυνὶ
2860 1235 3121 1308 Σεμψέων
3149 1238 3169 1268 ⁸
3199 1236 3465 1291 καλεῖται.
3488 1234 3683 1287 Φαντάἑ

2125 1326 2309 1391 ζονται
2334 1326 2393 1380 δὲ
2421 1327 2579 1398 δῆθεν
2614 1327 2801 1382 καλεῖν
2829 1326 3019 1381 τοῦτον
3056 1325 3284 1398 δύναμιν
3311 1324 3686 1395 άποκεκαλυμιδ

2127 1418 2318 1489 μένην,
2344 1417 2433 1472 διὰ
2473 1418 2534 1473 τὺ
2567 1417 2673 1486 Ἰὴλ
2708 1418 2992 1473 καλεῖσθαι
3031 1418 3144 1488 (19)
3180 1418 3439 1488 δύναμιν,
3484 1415 3582 1470 Ξαῖ
3630 1416 3685 1469 δὲ

2123 1508 2603 1580 κεκαλυμμένον.
2652 1508 2917 1579 Ἦλέγχθη
2947 1508 3005 1562 δὲ
3039 1508 3100 1561 τὸ
3138 1509 3247 1561 πᾶν
3272 1505 3366 1560 τοῦ
3411 1504 3686 1575 ἐπιτηδεύ-

2127 1619 2295 1673 ματος
2324 1602 2612 1674 φρύαγμα,
2649 1603 2745 1655 καὶ⁵
2782 1604 2862 1666 εἰς
2893 1602 3135 1673 μεγάλην
3161 1600 3422 1671 αἰσχύνην
3451 1600 3687 1653 ὑπέπεσε

2120 1693 2274 1763 παρά
2318 1697 2433 1757 τοῖς
2473 1693 2793 1765 δυναμένοις
2840 1693 2909 1746 τὰ
2952 1693 3125 1764 ἀληθῆ
3166 1694 3454 1746 κατανοεῖν
3501 1707 3562 1743 τε
3600 1690 3688 1742 καὶ

2119 1785 2404 1857 ἀκριϐοῦν.
2430 1787 2550 1839 Ἔτι
2583 1785 2692 1858 γὰρ
2718 1788 2811 1840 καὶ
2838 1784 2998 1858 δεῦρο
3020 1786 3126 1840 ἀπὸ
3150 1785 3257 1838 τῶν
3281 1783 3508 1855 ἡμερῶν
3537 1783 3680 1835 Κων-

2121 1874 2372 1926 σταντίου
2407 1890 2468 1927 τε
2495 1874 2590 1929 καὶ⁵
2614 1874 2721 1928 τῶν
2736 1875 2831 1929 νῦν
2861 1874 3123 1946 βασιλέων
3153 1873 3338 1943 σαφῶς
3359 1872 3685 1943 ἐλέγχονται.

2122 1961 2269 2024 Ἕως
2318 1961 2416 2032 μὲν
2448 1962 2557 2033 γὰρ
2603 1963 3021 2027 Κωνσταντίου,
3054 1966 3119 2016 ὲκ
3156 1963 3248 2017 τοῦ
3294 1964 3490 2031 γένους
3532 1960 3687 2015 αὑτοῦ

2118 2051 2380 2123 Μαρθοῦς
2407 2071 2493 2118 τις
2526 2054 2620 2108 καὶ
2649 2055 2918 2127 Μαρθάνα
2945 2055 3041 2108 δύο
3070 2054 3293 2124 ἀδελφαὶ
3324 2057 3381 2108 ὲν
3418 2057 3486 2125 τῇ
3517 2052 3690 2106 αὑτῶν

2119 2143 2276 2217 χώρᾳ
2321 2146 2443 2200 ἀντὶ
2490 2147 2628 2201 θεῶν
2670 2147 3133 2220 προσεκυνοῦντο,
3176 2147 3257 2200 ὃτι
3297 2145 3466 2217 δῆθεν
3509 2147 3572 2199 ὲκ
3602 2143 3691 2197 τοῦ

2122 2236 2441 2308 σπέρματος
2480 2238 2574 2292 τοῦ
2628 2240 3027 2311 προειρημένου
3067 2237 3252 2303 Ἢλξαῒ
3291 2238 3563 2309 ὑπῆρχον.
3599 2235 3692 2289 Τέ‹

2120 2327 2287 2400 θνηκε
2319 2329 2435 2402 δὲή
2474 2330 2737 2403 Μαρθοῦς
2779 2332 2886 2404 πρὸ
2929 2332 3111 2400 ὀλίγου
3153 2330 3246 2384 τοῦ
3279 2330 3505 2402 χρόνου.
3544 2330 3695 2400 Μαρ-

2120 2420 2259 2475 θάνα
2289 2421 2346 2475 δὲ
2378 2423 2459 2486 εἰς
2484 2422 2565 2476 ἔτι
2590 2422 2751 2494 δεῦρο
2772 2423 3016 2495 ὑπῆρχεν
3053 2418 3126 2480 ὧν
3153 2424 3247 2479 καὶ
3272 2424 3340 2478 τὰ
3374 2423 3694 2494 πτύσματα,

2119 2511 2214 2565 καὶ
2242 2512 2313 2566 τὰ
2350 2513 2488 2567 ἄλλα
2530 2514 2623 2569 τοῦ
2659 2513 2910 2586 σώματος
2949 2516 3093 2587 eam,
3134 2515 3481 2588 ἀπεφέροντο
3518 2517 3569 2569 οἱ
3606 2526 3695 2588 πελ

2118 2605 2453 2675 πλανημένοι
2480 2607 2744 2679 αἱρετικοὶ
2773 2610 2833 2661 ὲν
2869 2608 3051 2679 ἐκείνῃ
3079 2611 3141 2678 τῇ
3173 2607 3344 2680 χώρᾳ,
3370 2608 3543 2679 δῆθεν
3565 2606 3697 2678 πρὸς

2118 2693 2375 2765 ἀλέξησιν
2416 2696 2763 2767 νοσημάτων.
2808 2698 2883 2749 Ού
2929 2698 3036 2768 μὴν
3091 2698 3385 2767 ἐνήργουν,
3436 2692 3600 2748 Ἀλλά
3644 2691 3699 2745 τὴ

2118 2782 2532 2855 πεπλανημένον
2555 2785 2686 2838 σοϐα
2695 2785 2784 2855 ρὸν
2804 2787 2910 2851 ἀεὶ,
2934 2786 3027 2839 καὶ
3050 2786 3184 2857 πρὸς
3213 2786 3440 2856 ἀπάτην
3459 2786 3696 2855 ἕτοιμον.

2118 2875 2330 2944 Τυφλὸν
2359 2876 2469 2947 γὰρ
2504 2878 2537 2949 ή
2593 2878 2788 2945 κακία,
2837 2882 2931 2932 καὶ
2973 2877 3229 2932 ἀσύνετον
3262 2880 3297 2949 ἡ
3337 2879 3547 2949 πλάνη.
3591 2875 3692 2929 Κατ

420 2967 590 3036 quitia
623 2969 825 3029 omnis.
856 2978 909 3023 et
934 2968 1221 3039 prudentia
1257 2969 1554 3026 destitutus
1588 2988 1745 3028 error
1770 2983 1874 3030 est.
1906 2974 2012 3031 Ve-

2118 2965 2223 3030 ἓως
2271 2966 2373 3020 ποῦ
2416 2968 2817 3040 κατατρίϐομαι
2855 2970 2923 3024 τὰ
2959 2970 3088 3042 περὶ
3128 2971 3220 3023 τοῦ
3249 2969 3455 3041 γόητος
3504 2968 3697 3021 τούτου

422 3072 543 3112 rum
590 3059 720 3128 quid
757 3060 954 3116 attinet
984 3063 1038 3116 in
1082 3062 1244 3133 hujus
1274 3063 1592 3135 impostoris
1630 3067 1794 3122 rebus
1828 3084 2013 3138 perse-

421 3148 656 3219 quendis
703 3151 983 3207 immorari
1013 3153 1240 3217 diutius.
1274 3163 1369 3210 aut.
1408 3171 1471 3211 ea
1501 3171 1729 3212 narrare
1757 3158 2011 3230 dogmata

419 3255 540 3310 quae
562 3249 752 3294 contra
784 3244 1067 3298 veritatem
1104 3246 1379 3301 asseruit?

490 3330 572 3384 Ill.
615 3331 856 3387 Primum
911 3334 1056 3404 quod
1103 3352 1302 3406 negare
1347 3335 1516 3391 Deum
1568 3354 1832 3410 sequaces
1880 3356 2009 3398 suos

419 3420 671 3484 edocuit,
704 3428 826 3476 cum
857 3426 1323 3481 exsecrandorum
1363 3427 1686 3486 idololatria:
1721 3447 2007 3488 sacrorum

419 3525 517 3580 per
537 3511 941 3567 simulationem
977 3516 1269 3585 participes
1299 3532 1421 3573 esse
1450 3522 1645 3575 Suasit.
1682 3520 1819 3577 Tum
1853 3524 2010 3579 lucu-

419 3592 622 3653 lentius
643 3599 836 3655 iisdem
857 3602 1149 3671 imposuit;
1181 3621 1303 3660 cum
1322 3622 1417 3663 ore
1442 3617 1600 3664 tenus
1626 3611 1829 3681 ejurari
1849 3630 2009 3685 posse

419 3688 603 3747 ﬁdem.
640 3705 740 3745 nec
787 3694 840 3744 in
872 3707 937 3746 eo
966 3695 1174 3750 crimen
1209 3698 1378 3752 ullum
1406 3716 1528 3756 esse
1576 3703 1733 3758 dixit.
1771 3706 1922 3763 Adeo
1950 3717 2010 3763 ut

416 3781 742 3859 insanabilis
781 3783 852 3837 sit
885 3784 1103 3840 illorum
1136 3789 1395 3857 morbus,
1442 3798 1542 3847 nec
1578 3790 1747 3849 ullum
1776 3799 2003 3854 remedii

415 3889 588 3943 genus
612 3876 884 3930 admittat.
918 3876 1052 3931 Cum
1081 3880 1225 3933 enim
1260 3895 1324 3935 os
1356 3882 1554 3951 ipsum,
1589 3902 1698 3957 quo
1729 3889 2006 3946 confessio

414 3967 665 4022 veritatis
718 3969 1081 4039 exprimitur,
1127 3971 1194 4024 ad
1236 3975 1583 4030 mendacium
1631 3979 2001 4049 subornetur;

413 4060 539 4127 quis
568 4062 692 4117 istis
729 4064 917 4116 credat
944 4078 1051 4116 non
1086 4064 1435 4120 vehementer
1467 4067 1615 4136 ipsos
1644 4070 1845 4141 decipi,
1876 4089 2003 4128 cum

415 4152 704 4220 perspicue
732 4150 935 4206 divinis
970 4151 1025 4205 in
1056 4153 1252 4229 litteris
1269 4170 1331 4209 ex
1359 4158 1531 4211 sancti
1557 4159 1795 4229 Spiritus
1822 4163 2002 4218 alllatu

416 4244 794 4312 prtescriptum
840 4245 912 4298 sit
943 4263 956 4299 :
987 4243 1155 4300 Corde
1179 4246 1247 4298 ad
1276 4247 1550 4316 justitiam
1578 4251 1738 4316 credi,
1770 4269 1859 4307 ore
1886 4272 2002 4308 vero

2118 3057 2517 3128 φθεγγόμενος,
2558 3061 2659 3114 ὅσα
2699 3077 2755 3114 τε
2790 3060 2943 3135 κατὰ
2982 3061 3081 3131 τῆς
3124 3060 3385 3131 ἀληθείας
3431 3057 3691 3129 κατειιρεύ⁸

2115 3165 2245 3202 σατο
2264 3165 2279 3215 ;

2182 3330 2256 3384 1".
2310 3330 2529 3403 Πρῶτον
2580 3332 2679 3403 μὲν
2730 3333 2995 3388 διδάσκων
3047 3334 3515 3406 ἀπαρνησιθεῒαν,
3579 3326 3702 3388 καθ’

2114 3420 2401 3493 ὑπόκρισιν
2426 3422 2694 3495 βδελυρῶν
2724 3424 2923 3477 θυσιῶν
2953 3425 3050 3495 τῆς
3068 3402 3533 3499 εἰδωλολατρείας
3571 3440 3702 3497 μετ-

2113 3512 2260 3583 έχειν
2286 3513 2478 3581 λέγων·
2503 3513 2691 3568 ἔπειτα
2713 3514 2770 3567 δὲ
2795 3516 3019 3569 ἀπατῶν
3039 3515 3163 3580 τοὺς
3189 3516 3509 3579 ἀκούοντας
3531 3516 3706 3586 ἀρνεῖο

2112 3602 2237 3657 σθαι
2265 3605 2361 3675 τὴν
2395 3605 2530 3658 ἰδίαν
2553 3590 2733 3661 πίστιν
2753 3608 3000 3678 στόματι,
3018 3608 3109 3661 καὶ
3138 3607 3213 3679 μὴ
3237 3607 3394 3678 ἔχειν
3421 3605 3705 3679 ἁμαρτίαν

2111 3696 2366 3765 φάσκων
2396 3696 2470 3760 ὼς
2510 3695 2647 3751 εἶναι
2673 3698 3039 3771 ἀθεράπευτον
3075 3699 3136 3753 τὸ
3166 3700 3354 3755 αὐτῶν
3377 3700 3588 3763 πάθος,
3615 3698 3706 3752 καὶ

2113 3787 2188 3860 μὴ
2248 3788 2546 3859 δυνάμενον
2586 3789 2966 3861 διορθωθῆναι.
3023 3791 3084 3843 Εἰ
3139 3791 3246 3863 γὰρ
3298 3791 3370 3845 τὸ
3414 3792 3600 3862 στόμα
3648 3788 3708 3841 τὸ

2106 3879 2403 3951 ὁμολογοῦν
2443 3881 2540 3953 τὴν
2581 3880 2837 3952 ἀλήθειαν
2873 3881 3334 3952 προετοιμάζεται
3368 3886 3457 3948 είς
3487 3882 3711 3955 ψεῦδος.

2107 3966 2218 4041 ἆρά
2244 3988 2307 4040 γε
2327 3971 2411 4035 τίς
2433 3973 2616 4036 αὐτοῖς
2647 3972 3027 4043 ὲμπιστεύσειε
3051 3973 3148 4042 τὴν
3176 3974 3424 4043 καρδίαν
3455 3975 3536 4045 μὴ
3565 3973 3711 4043 ἔχειν

2104 4063 2497 4134 ἠπατημένηνς
2524 4064 2683 4117 ὁπότε
2712 4063 3006 4136 διαρρήδην
3032 4063 3332 4131 ὲκφάσκων
3374 4065 3408 4117 ὁ
3440 4063 3594 4127 Οεῖος
3621 4062 3713 4115 λόέ

2106 4170 2201 4221 γος
2230 4155 2288 4206 ὲν
2319 4154 2599 4225 Πνεύματι
2644 4154 2785 4225 ἁγίῳ
2826 4155 3114 4217 διδάσκων,
3163 4155 3283 4207 Ὅτι
3330 4156 3571 4225 καρδίᾳ
3618 4171 3714 4207 πι-

2106 4247 2381 4301 στεύεται
2425 4248 2514 4311 εἰς
2547 4244 2964 4311 δικαιοσύνην,
2996 4245 3245 4313 στόματι
3274 4244 3355 4299 δὲ
3393 4245 3718 4315 ὁμολογεῖ.

414 4333 483 4385 ad
513 4333 735 4386 salutent
777 4337 1151 4406 confessione»:
1186 4338 1304 4408 ﬁeri
1339 4340 1395 4394 ‘?
1425 4338 1691 4395 Praeterea
1722 4342 1997 4399 Christum

2117 4356 2195 4394 rm
2230 4342 2317 4406 εις
2345 4340 2667 4409 σωτηρίαν.
2706 4338 2869 4392 Ἀλλὰ
2900 4338 2990 4391 καὶ
3019 4338 3178 4391 πάλιν
3208 4336 3385 4409 δῆθεν
3428 4340 3537 4410 μὲν
3580 4340 3717 4409 Χριο

421 4425 547 4478 licet
600 4426 818 4480 nomine
864 4427 982 4496 ipso
1024 4428 1275 4494 fateatur,
1307 4446 1430 4485 cum
1473 4432 1544 4486 ita
1581 4434 1850 4504 loquitur.
1891 4436 2001 4491 Ma-

412 4510 693 4582 guus'Rex
727 4525 808 4569 est
834 4513 1125 4571 Christus:
1160 4527 1337 4571 utrum
1390 4516 1441 4573 id
1476 4528 1653 4575 tamen
1687 4524 1753 4577 de
1781 4522 2001 4579 Christo

409 4602 537 4658 Jesu
571 4603 800 4658 Domino
845 4614 1036 4661 nostro
1067 4610 1523 4676 pronuntiaverit,
1558 4627 1621 4665 ex
1655 4612 1999 4670 fraudulento

418 4691 520 4745 illo.
541 4693 959 4764 adulterinoquc
990 4696 1151 4762 libro,
1185 4712 1346 4765 quem
1379 4698 1445 4751 de
1470 4701 1628 4771 nugis
1660 4704 1774 4758 suis
1806 4704 1996 4773 edidit,

411 4781 652 4833 nondum
688 4784 1122 4841 animadvertere
1151 4788 1322 4856 potui.
1358 4787 1543 4859 Neque
1569 4792 1712 4845 enim
1738 4792 1881 4849 istud
1910 4796 1996 4853 di-

411 4880 557 4928 serte
589 4873 863 4942 significat
899 4896 911 4929 ι
950 4878 1044 4932 sed
1074 4877 1278 4934 Christi
1321 4896 1519 4935 nomen
1554 4882 1874 4953 simpliciter
1901 4902 1999 4958 ap-

410 4965 595 5033 pellat,
633 4966 787 5034 quasi
816 4968 1073 5032 alterum.
1112 4980 1377 5041 quantum
1429 4973 1784 5044 intelligimus
1811 5017 1824 5042 ,
1857 4978 2000 5033 indi-

407 5063 512 5116 cet,
546 5054 653 5126 42
683 5057 765 5110 vel
808 5069 1100 5129 exspectet.
1158 5059 1293 5115 Natu
1353 5071 1406 5118 et
1435 5063 1503 5116 ad
1550 5063 1829 5122 Orientem
1864 5084 1998 5125 con-

370 5158 566 5221 _verso
595 5146 747 5199 vultu
797 5150 1008 5216 precari
1046 5151 1324 5220 prohibet,
1366 5164 1636 5225 negatque
1667 5157 1908 5215 intentos
1938 5161 1993 5216 in

405 5248 523 5291 eam
562 5246 768 5305 partem
810 5256 911 5296 nos
957 5257 1079 5298 esse
1108 5252 1395 5312 oportere;
1427 5248 1522 5301 sed
1558 5246 1989 5320 Hierosolymam

482 5393 496 5425 '
533 5392 688 5449 Rom.
713 5410 768 5461 ι,
807 5396 890 5452 10.
967 5402 987 5432 ²
1018 5397 1178 5453 Forte
1207 5399 1524 5498 Σαμψαίων.

2108 4434 2230 4487 στὸν
2264 4420 2487 4503 ὀνόματι
2519 4430 2789 4501 ὁμολογεῖ,
2829 4429 3021 4499 λέγων,
3058 4429 3140 4481 ὅτι
3169 4429 3423 4497 Χριστὸς
3470 4433 3502 4485 ὁ
3539 4429 3717 4501 μέγας

2108 4526 2380 4597 βασιλεὺς,
2420 4525 2483 4577 οὑ
2516 4525 2623 4595 μὴν
2663 4524 2801 4576 πάνυ
2843 4537 2906 4591 γε
2935 4520 3237 4591 κατείληφα
3267 4522 3343 4574 ὲκ
3386 4522 3499 4592 τῆς
3546 4520 3719 4575 αὑτοῦ

2104 4617 2327 4688 δολερᾶς
2356 4617 2449 4670 καὶ
2470 4614 2997 4687 παραπεποιημένης
3032 4611 3349 4677 συντάξεως
3384 4615 3497 4686 τῆς
3527 4613 3722 4685 βίϐλου

2103 4709 2204 4779 τῆς
2232 4709 2397 4761 αὑτοῦ
2424 4708 2714 4779 ληρωδίας,
2741 4709 2790 4759 εί
2813 4705 2940 4778 περὶ
2966 4705 3060 4758 τοῦ
3092 4704 3310 4775 Κυρίου
3339 4707 3515 4777 ἡμῶν
3538 4704 3723 4777 Ἰησοῦ

2104 4799 2342 4871 Χριστοῦ
2374 4799 2713 4870 ὑφηγήσατο.
2747 4798 2883 4851 Οὔτε
2907 4796 3014 4867 γὰρ
3035 4794 3193 4849 τοῦτο
3215 4795 3440 4867 ὁρίζει·
3477 4794 3723 4868 Χριστὸν

2103 4891 2161 4945 δὲ
2196 4891 2380 4953 ἁπλῶς
2409 4890 2578 4959 λέγει,
2609 4891 2683 4953 ὡς
2708 4890 2766 4954 ἐξ
2793 4883 2867 4944 ὧν
2898 4887 3320 4958 κατειλήφαμέν
3362 4905 3500 4942 τινα
3529 4890 3727 4960 ἕτερον

2103 4983 2383 5054 σημαίνων
2429 4984 2462 5054 ἡ
2510 4982 2844 5056 προσδοκῶνυ
2894 4980 3092 5035 κωλύει
3133 4979 3245 5048 γὰρ
3303 4982 3396 5044 είς
3443 4978 3724 5041 ἀνατολάς

2101 5072 2380 5139 εὔξασθαι,
2413 5068 2636 5144 φάσκων
2679 5073 2752 5145 μὴ
2793 5072 2901 5126 δεῖν
2938 5070 3223 5142 προσέχειν
3260 5070 3487 5137 οὕτως·
3524 5074 3623 5126 ἐπὶ
3659 5072 3729 5124 τᾶ

2111 5165 2457 5237 Ἰεροσόλυμα
2496 5167 2553 5220 δὲ
2596 5166 2741 5237 ἔχειν
2784 5166 2845 5218 τὸ
2891 5166 3179 5235 πρόσωπον
3214 5161 3292 5216 ἐκ
3330 5167 3578 5220 πάντων
3614 5164 3727 5216 τῶν

2100 5254 2306 5325 μερῶν,
2337 5255 2463 5318 τοὺς
2508 5255 2606 5325 μὲν
2648 5254 2741 5309 ἀπ’
2776 5252 3048 5308 ἀνατολῶν
3086 5254 3164 5316 sl;
3191 5250 3372 5309 δύσιν
3411 5256 3724 5329 προσέχειν

481 5559 591 5629 (19)
625 5556 725 5613 Διὰ
754 5558 817 5613 τό
862 5558 987 5630 Ἰἱιλ
1018 5559 1348 5617 καλεῖσθαι.
1391 5560 1653 5617 llebraice
1685 5561 1753 5615 ita
1784 5557 2012 5628 concipit

2117 5574 2140 5613 [ι
2172 5566 2297 5614 sunt
2328 5569 2418 5619 ta:
2453 5545 2567 5626 S‘rt,
2611 5562 2688 5614 vel
2724 5571 2854 5625 ηπ,
2890 5560 3053 5614 virtus
3084 5562 3446 5622 abscondita;
