3980 6078
449 178 555 238 2ῖῦ

1843 159 1899 215 S.
1943 157 2286 212 EPIPHANII

3586 144 3686 201 276

453 295 774 366 deportatus
804 294 903 342 est.
931 283 1068 337 Tum
1102 296 1247 335 anno
1274 274 1524 344 sequenti
1554 271 1944 341 Hierosolymis
1968 283 2028 324 se
2056 318 2059 325 ,

2165 267 2243 332 ὲτ,
2277 264 2498 319 ἐλθόντα
2524 262 2607 332 τῷ
2645 259 2770 332 ἑξῆς
2803 258 3030 329 ἐνιαυτῷ
3061 257 3290 327 ὀφθῆναι
3327 256 3556 310 ὲνωπιον
3583 260 3695 313 Ku-

2172 356 2438 366 ...-
2645 352 2693 366 ..
2908 351 2919 366 .
3037 349 3054 366 .
3177 348 3680 366 ,.nm...

454 360 640 442 coram
667 379 776 434 Deo
802 373 1245 446 repraesentavit:
1279 374 1446 434 atque
1466 361 1589 417 inde
1614 360 2022 416 Bethleliemum

2130 359 2244 429 ρίου
2291 359 2371 421 είς
2402 352 2774 426 Ἰερουσαλὴμ,
2800 349 3086 421 γενόμενόν
3132 365 3191 401 τε
3235 349 3291 400 ἐν
3337 348 3585 419 Βηθλεὲμ
3609 350 3696 405 διά

454 480 680 546 propter
730 438 949 541 generis
1007 461 1469 536 propinquitatem
1518 468 1545 508 ιι
1595 458 1766 506 matre
1814 449 2027 504 delatus

2165 449 2223 521 ἢν
2254 447 2571 517 συγγένειαν
2598 443 2701 497 ὑπὸ
2726 442 2824 513 τῆς
2851 441 3054 513 μητρὸς
3089 438 3515 511 βασταζόμενον’
3546 438 3692 506 αὖθις

456 541 573 623 est.
602 560 707 618 Sed
754 573 973 615 rursum
1019 551 1384 608 Nazarelhurn
1424 545 1642 600 rediens
1681 556 1826 596 anno
1854 541 2028 594 altero

462 667 710 715 vertente
765 647 1142 719 Hierosolyma
1198 640 1724 704 Bethlehemumque
1752 687 1759 694 ,
1783 639 2030 702 gestante

462 756 637 803 matre
659 741 953 814 perductus
979 715 1083 792 est.
1106 726 1436 787 Bethleheml
1462 737 1626 795 porro
1656 735 1779 775 cum
1799 719 1866 773 ad
1888 715 2032 775 aedes

465 806 729 908 quasdam
778 847 901 886 cum
950 826 1119 883 Matre
1173 839 1237 879 ac
1281 818 1520 890 Josepho
1568 812 1900 874 divertisset,
1939 806 2033 879 qui

463 901 576 999 jam
623 924 813 995 grandi
855 929 985 976 natu
1020 933 1142 974 cum
1176 909 1346 970 Maria
1388 910 1640 981 degebat,
1688 903 1932 961 secundo
1967 901 2034 956 ab

469 1017 757 1071 nativitate
790 1026 933 1067 anno
964 1025 995 1063 a
1020 1007 1191 1078 Magis
1218 1000 1480 1059 adorandi
1509 1009 1678 1053 causa
1707 999 2035 1057 conventus,

468 1123 535 1167 ac
561 1106 722 1162 donis
746 1109 972 1158 ornatus
998 1107 1103 1155 est.
1139 1096 1336 1151 Eadem
1358 1106 1489 1147 vero
1522 1094 1701 1153 nocte,
1735 1100 1859 1140 cum
1883 1082 2039 1138 Jose-

471 1200 615 1271 phus
651 1211 746 1267 per
778 1192 1050 1251 somnium
1087 1188 1155 1243 ab
1198 1184 1389 1257 angelo
1426 1187 1573 1238 esset
1607 1177 1941 1239 admonitus,
1983 1174 2039 1229 in

475 1267 771 1361 Egyptum
804 1281 1153 1338 transfertur.
1187 1276 1343 1332 Unde
1374 1287 1573 1328 rursus
1607 1278 1730 1341 post
1756 1267 2039 1323 biennium

474 1385 694 1434 mortuo
719 1375 831 1444 jam
872 1370 1102 1435 Herode,
1133 1382 1196 1423 ac
1225 1363 1550 1423 succedente
1570 1360 1835 1416 Archelao
1855 1370 2043 1413 rever-

470 1478 920 1629 tml‘l‘:.Siquidem
944 1567 1088 1608 anno
1115 1548 1346 1625 Herodis
1396 1559 1591 1609 χχχιιι,
1644 1539 1878 1612 Augusti
1932 1552 2045 1593 ml

2132 541 2291 594 πάλιν
2329 540 2409 602 εἰς
2440 534 2692 608 Ναζαρὲτ
2725 530 3111 601 ἀπενεχθέντα.
3140 530 3235 584 καὶ
3274 529 3415 582 κατά
3447 529 3699 601 δευτέραν

2132 631 2377 704 περίοδον
2420 627 2663 684 ἐνιαυτοῦ
2718 628 2796 690 είς
2838 625 2905 679 τὰ
2940 622 3286 694 Ἱεροσόλυμα
3332 624 3426 675 καὶ
3458 622 3703 694 Βηθλεὲμ

2134 724 2452 796 ἐληλυθότα,
2479 719 2876 793 βασταζόμενον
2903 714 3163 779 ὡσαύτως
3190 714 3295 768 ύπδ
3313 715 3412 784 τῆς
3442 714 3577 777 ἰδίας
3603 732 3703 785 μη-

2135 814 2288 887 τρός·
2319 814 2377 867 ἐν
2407 810 2652 882 Βηθλεὲμ
2673 808 2732 861 δὲ
2755 809 2811 860 ἐν
2839 805 2987 876 οἰκία
3011 803 3346 863 κατελθόντα
3371 805 3467 858 σὺν
3496 806 3563 874 τῇ
3602 804 3706 874 ἰδία

2140 908 2308 979 μητρὶ
2357 906 2452 959 καὶ
2481 902 2678 973 Ἰωσὴφ
2725 898 2938 971 γέροντι
2983 896 3117 955 ὄντι.
3147 897 3243 949 σὺν
3290 899 3355 967 τῇ
3413 896 3605 968 Μαρίᾳ
3654 895 3711 959 δὲ

2137 997 2248 1052 ὄντι
2270 1014 2282 1027 ·
2310 997 2530 1050 κάκεῖσε
2558 994 2634 1063 τῷ
2660 989 2894 1060 δευτέρῳ
2918 987 3026 1041 ἔτει
3057 986 3222 1041 αὐτοῦ
3253 989 3557 1058 γεννήσεως
3579 1003 3710 1040 κατ-

2139 1092 2470 1147 πτευθέντα
2525 1090 2628 1143 ὑπὸ
2678 1088 2785 1141 τῶν
2838 1084 3027 1156 μάγων
3076 1079 3514 1152 προσκυνηθῆναι
3564 1077 3713 1149 δῶρα

2139 1182 2394 1245 λαϐόντα,
2425 1182 2519 1234 καὶ
2547 1181 2603 1231 ὲν
2630 1178 2763 1247 αὐτῇ
2807 1177 2872 1245 τῇ
2911 1171 3066 1224 νυκτὶ
3096 1171 3187 1223 ὑπ’
3222 1167 3453 1237 ἀγγέλου
3481 1167 3574 1220 τοῦ
3599 1168 3716 1219 ἰω-

2146 1275 2252 1346 σὴφ
2272 1271 2709 1345 χρηματίσαντος
2736 1268 2812 1330 είς
2833 1264 3109 1334 Αἴγυπτον
3140 1256 3562 1332 παραληφθέντα
3580 1271 3595 1284 ⁸
3621 1255 3717 1312 ἀπ’

2146 1365 2353 1421 ἐκεῖθέν
2379 1381 2437 1417 τε
2462 1360 2624 1416 πάλιν
2660 1358 2748 1412 διὰ
2783 1358 2877 1411 δύο
2908 1356 3046 1410 ἐτῶν
3075 1348 3508 1420 ἐπανεληλυθότα
3534 1347 3720 1402 τελευ-

2148 1462 2406 1532 τήσαντος
2431 1454 2523 1509 τοῦ
2562 1451 2826 1524 Ἡρώδου,
2846 1447 3141 1520 Ἀρχελάου
3164 1462 3225 1498 τε
3245 1440 3655 1512 διαδεξαμένου.

2220 1551 2296 1603 Β’.
2336 1547 2429 1619 Τῷ
2469 1544 2579 1616 γάρ
2618 1540 2926 1615 τριακοστῷ
2958 1539 3125 1610 τρίτῳ
3163 1536 3275 1590 ἔτει
3302 1533 3566 1604 Ἡρώδου,
3602 1546 3723 1583 τεσ-
3832 1580 3837 1585 .

473 1606 1121 1706 Βειιξιξιᾷἔιῖιῖἷῆιέιιιςειι
1170 1620 1417 1694 Salvator
1462 1606 1898 1693 nascitur.vTum
1945 1629 2050 1685 He-

2165 1606 2563 1712 ςαρακοσῖτῷδέ
2582 1606 2817 1703 δευτέρῳ
2841 1606 3154 1699 Δύγούστου
3181 1624 3441 1712 βασιλέως
3466 1622 3726 1692 γεννᾶται

475 1742 631 1798 roﬂis
688 1754 834 1793 xxxv
892 1736 950 1790 in
1011 1733 1302 1804 Egyptum
1354 1726 1633 1797 profectus
1678 1729 1783 1778 est.
1845 1719 2048 1775 Eodem

478 1831 694 1888 Herode
738 1834 977 1892 mortuo,
1006 1824 1073 1878 ab
1122 1821 1358 1892 [Egypto
1390 1817 1573 1873 rediit.
1606 1816 1786 1881 Quare
1826 1827 2051 1868 necesse

478 1931 565 1977 est
617 1934 801 1974 xxxvn
828 1912 1057 1971 Herodis
1080 1926 1224 1966 anno
1250 1915 1505 1980 quartum
1534 1908 1712 1960 aetatis
1754 1918 1867 1959 suae
1917 1916 2050 1972 pue-

482 2012 665 2066 rulum
695 2008 897 2080 egisse,
930 2020 1054 2060 cum
1085 2001 1350 2064 Herodes,
1370 2000 1617 2069 inquam,
1640 2002 1846 2066 septem
1876 2009 1939 2049 ac
1961 1993 2053 2046 tri-

480 2104 632 2176 ginta
683 2100 949 2157 confectis
989 2096 1151 2151 annis
1197 2091 1415 2148 vivendi
1468 2090 1628 2145 linem
1671 2088 1879 2142 habuit.
1926 2085 2055 2140 Post

484 2195 631 2248 hunc
647 2190 946 2245 Archelaus
965 2199 1156 2241 novem
1182 2182 1342 2236 annis
1359 2179 1643 2250 imperavit
1664 2195 1678 2244 ;
1702 2192 1809 2248 quo
1826 2192 2052 2247 regnum

2151 1732 2179 1786 ὁ
2206 1705 2396 1803 έωτὴρ
2424 1705 2479 1784 ὲν
2508 1726 2754 1797 Βηθλεὲμ
2776 1723 2876 1793 τῆς
2894 1719 3173 1782 Ἰουδαίας.
3190 1705 3425 1771 ⁸Κάτεισι
3446 1714 3502 1767 δὲ
3527 1716 3609 1776 είς
3636 1710 3729 1765 Αἴ-

2151 1801 2357 1894 γυπτον
2399 1818 2479 1891 τῷ
2520 1812 2829 1890 τριακοστῷ
2879 1811 2989 1865 ἔτει
3036 1810 3130 1864 καὶ
3167 1807 3402 1877 πέμπτῳ
3439 1801 3725 1874 Ἡρώδου·

2152 1916 2323 1983 ἄνεισι
2365 1913 2421 1966 δὲ
2465 1910 2572 1964 ἀπὸ
2603 1909 2702 1978 τῆς
2729 1906 3001 1975 Αἰγύπτου
3037 1899 3174 1974 μετά
3220 1899 3319 1969 τὴν
3361 1895 3606 1969 Ἡρώδου
3644 1910 3731 1946 τε·

2151 2006 2367 2075 λευτήν.
2399 2001 2489 2055 Διὸ
2520 2001 2612 2054 ἐπὶ
2639 1998 2932 2070 τριάκοντα
2976 1995 3068 2048 καὶ
3098 1991 3234 2045 ἐπτά
3260 1989 3403 2043 ἔτεσι
3431 1988 3531 2059 τῆς
3560 1986 3734 2056 αὐτῆς

2151 2096 2248 2153 τοῦ
2293 2092 2535 2167 Ἡρώδου
2564 2092 2736 2164 ἀρχῆς
2781 2085 2848 2160 ἦν
2897 2090 2926 2142 ὁ
2969 2088 3097 2149 παῖς
3120 2082 3402 2154 τεσσάρων
3436 2078 3733 2132 ὲτῶν.”οτε

2166 2186 2431 2259 Ἡρώδης,
2465 2179 2903 2256 τριακονταεπτά
2931 2178 3023 2249 ἔτη
3058 2173 3371 2246 πληρώσας,
3397 2167 3737 2241 κατέστρεψε

484 2286 707 2341 ineunte
737 2280 1002 2350 Iosephus
1027 2293 1093 2333 ex
1138 2273 1375 2346 Egypto
1404 2286 1528 2326 cum
1561 2268 1754 2332 Maria,
1787 2283 1851 2322 ac
1885 2282 2057 2338 puero

485 2376 791 2447 digressus,
828 2373 919 2426 ubi
948 2369 1276 2425 Archelaum
1315 2366 1585 2435 imperare
1613 2361 1829 2423 didicit,
1863 2361 1917 2414 in
1950 2359 2060 2414 Ga-

484 2464 680 2519 lilaeam
713 2460 961 2522 secessit,
1009 2472 1073 2511 ac
1111 2462 1227 2509 tum
1275 2451 1524 2507 Nazareti
1564 2449 1811 2506 consedit
1885 2448 2057 2504 Cmte-

390 2586 403 2595 κ
486 2569 606 2608 rum
629 2550 931 2606 Archelaus
958 2545 1227 2602 Herodem
1249 2544 1522 2614 juniorem
1546 2541 1766 2612 genuit;
1796 2538 1889 2611 qui
1917 2553 2059 2592 nono

493 2645 668 2716 patris
694 2657 842 2698 anno
863 2641 918 2694 in
946 2638 1234 2709 imperium
1263 2636 1551 2693 successit.
1584 2632 1839 2703 Idemque
1882 2646 2060 2685 annus

2156 2256 2251 2333 τὸν
2274 2256 2406 2348 βίον.
2429 2274 2721 2345 ’Δρχέλαος
2755 2272 2810 2325 δὲ
2840 2269 2992 2325 ὲννέα
3027 2268 3120 2340 ἔτη
3149 2264 3441 2337 βασιλεύει,
3462 2256 3523 2316 οὗ
3550 2263 3612 2314 ἐν
3640 2260 3738 2332 ἀρ-

2159 2372 2226 2441 χῇ
2254 2368 2353 2437 τῆς
2379 2365 2653 2437 βασιλείας
2681 2360 2839 2429 ἐξιὼν
2863 2360 3063 2430 Ἰωσὴφ
3099 2359 3193 2411 ἀπ’
3220 2354 3493 2424 Αἰγύπτου
3530 2351 3652 2422 ἅμα
3674 2351 3742 2420 τῇ

2159 2460 2348 2532 Μαρίᾳ
2380 2458 2473 2513 καὶ
2517 2455 2597 2528 τῷ
2642 2454 2813 2520 παιδὶ,
2856 2451 3094 2514 ἀκούσας
3134 2445 3534 2516 τδνἋρχέλαον
3585 2443 3739 2513 βασι-

2159 2531 2361 2607 λεύειν,
2385 2547 2729 2618 ἀνεχώρησεν
2771 2545 2851 2607 είς
2895 2542 2963 2597 τά
3001 2542 3140 2613 μέρη
3175 2539 3275 2609 τῆς
3299 2535 3612 2599 Γαλιλαίας,
3649 2531 3744 2585 καὶ

2162 2641 2452 2713 κατῴκησε
2482 2639 2602 2692 τότε
2627 2638 2706 2700 είς
2732 2634 3007 2706 Ναζαρέτ.
3035 2630 3327 2704 ’Δρχέλαος
3370 2628 3425 2680 δὲ
3458 2626 3629 2695 γεννᾷ
3654 2623 3743 2676 τὸν

493 2714 526 2792 a
560 2736 845 2792 nativitate
877 2731 1085 2788 Christi
1126 2745 1225 2784 xm
1275 2726 1650 2814 numerandus
1677 2732 1781 2780 est.
1856 2724 2059 2779 Octavo

2173 2731 2420 2804 Ἡρώδην
2470 2730 2560 2783 τὸν
2608 2729 2889 2798 νεώτερον.
2923 2726 3032 2779 Καὶ
3080 2720 3350 2792 βασιλεύει
3385 2718 3637 2788 Ἡρώδης
3669 2714 3745 2786 τῷ

492 2829 705 2886 decimo
733 2842 877 2883 anno
901 2823 1133 2879 Herodis
1162 2806 1443 2891 Agrippas,
1466 2818 1629 2874 Jesus
1654 2814 1911 2874 Christus
1936 2831 2059 2886 pro-

2165 2820 2368 2891 ὲννάτῳ
2397 2817 2506 2872 ἔτει
2533 2817 2632 2887 τῆς
2664 2814 2758 2868 τοῦ
2786 2812 2989 2885 πατρὸς
3012 2810 3306 2885 ’Δρχελάου
3342 2806 3622 2878 βασιλείας
3651 2822 3747 2858 κα-

490 2920 732 2993 mulgare
780 2915 1026 2970 divinum
1071 2912 1298 2968 verbum
1355 2924 1647 2981 aggressus
1702 2914 1807 2969 est,
1841 2923 1905 2961 ac
1935 2921 2057 2961 eum

2165 2913 2231 2967 τά
2258 2911 2531 2982 διαδοχήν.
2563 2908 2672 2962 Καὶ
2721 2907 2912 2977 γέγονε
2955 2903 3035 2975 τῷ
3067 2901 3216 2973 αύτῷ
3243 2899 3504 2971 δεκατρία
3535 2898 3637 2968 ἐτη
3660 2898 3749 2966 λο-

488 2992 723 3065 Joannis
768 3008 1039 3077 baptismo
1076 3004 1359 3069 initiatur,
1390 3010 1505 3056 tum
1538 3015 1740 3055 annum
1788 3000 1940 3054 illum
1969 3014 2059 3053 nc-

2165 3004 2426 3076 γιξὸμενα
2457 3005 2522 3073 τῇ
2558 3000 2806 3071 ὲνσάρκῳ
2840 2994 3076 3070 Χριστοῦ
3106 2992 3398 3067 παρουσίᾳ.
3440 2992 3746 3044 Ὀκτωκαι-

492 3110 707 3171 ceptum
753 3099 809 3153 in
844 3112 909 3153 ea
952 3095 1208 3166 praeconii
1257 3093 1538 3148 [unctione
1581 3093 1880 3153 consumit,
1912 3091 2059 3146 nullo

2165 3101 2377 3170 δεκάτῳ
2405 3097 2462 3151 δὲ
2487 3096 2598 3149 ἔτει
2618 3092 2859 3166 Ἡρώδου
2885 3090 2978 3145 τοῦ
3012 3086 3394 3157 ἐπικληθέντος
3414 3083 3749 3155 Ἀγρίππου,

494 3205 674 3258 neque
701 3186 1035 3250 Judaeorum,
1071 3199 1247 3254 neque
1272 3184 1576 3254 gentilium,
1609 3197 1786 3252 neque
1831 3180 2059 3234 Samari-

2166 3196 2285 3251 τότε
2327 3192 2530 3266 ἦρξατο
2555 3186 2814 3261 όίησοῦς
2854 3185 2946 3240 τοῦ
2994 3182 3367 3255 κηρύγματος,
3408 3178 3507 3231 καὶ
3543 3178 3606 3230 τὸ
3658 3174 3751 3245 βά-

497 3289 784 3344 tanorutl,
822 3291 1002 3348 neque
1038 3276 1266 3331 alterius
1311 3274 1530 3344 generis
1570 3282 1926 3343 repugnante.
1964 3270 2059 3327 Se-

2168 3265 2378 3357 πτισμα
2403 3284 2467 3338 τὸ
2495 3282 2604 3337 ἀπὸ
2632 3280 2877 3334 Ἰωάννου
2908 3276 3026 3331 τότε
3059 3272 3349 3344 λαμϐάνει,
3400 3269 3497 3323 καὶ
3545 3265 3755 3338 κηρύσ-

493 3370 676 3428 eundo
696 3369 954 3441 praeconii
974 3368 1213 3423 cmlestis
1242 3380 1386 3421 anno
1406 3365 1836 3434 quamplurimos
1886 3363 2059 3417 obtre-

2170 3394 2252 3431 σει
2327 3373 2572 3429 ὲνιαυτδν
2640 3369 2824 3424 δεκτὺν
2851 3408 2866 3432 ,
2906 3368 3011 3428 ,ὑπ’
3043 3360 3254 3426 οὐδενὸς
3309 3359 3751 3430 ἀντιλεγόμενος,

2171 3468 2295 3522 οὔτε
2340 3467 2445 3520 ὑπὸ
2480 3463 2784 3526 Ἰουδαίων,
2830 3459 2955 3515 οὕτε
2999 3458 3102 3513 ὑπὸ
3138 3455 3425 3526 Ἑλλήνων,
3472 3451 3599 3506 οὕτε
3652 3448 3757 3503 ὑπὸ

500 3551 706 3608 Christi
747 3565 901 3605 um
937 3526 1426 3605 esst-ititIDemum
1470 3562 1538 3600 xx
1581 3546 1869 3601 tetrarchae
1898 3545 2059 3601 llero-

2173 3554 2543 3629 Σαμαρειτῶν,
2575 3553 2697 3608 οὒτε
2743 3551 2847 3606 ὑπό
2900 3567 3042 3614 τινος
3088 3547 3298 3619 ἑτέρου.
3327 3526 3563 3599 Ἔπειτα
3606 3544 3757 3597 ἀντι-

501 3641 590 3697 dis
618 3654 772 3695 anno
796 3639 1049 3694 Christus
1080 3638 1341 3694 Dominus
1375 3637 1446 3691 ob
1479 3636 1700 3691 humani
1732 3640 1948 3707 generis
1978 3653 2059 3692 εει-

2172 3649 2464 3718 λεγόμενος
2504 3643 2768 3718 ἐκήρυξεν
2809 3640 3051 3696 ἐνιαυτὸν
3088 3638 3361 3711 δεύτερον,
3399 3635 3493 3688 καὶ
3535 3633 3759 3702 γέγονεν

506 3734 676 3788 lutem
708 3745 928 3802 passus,
967 3738 1132 3823 atque
1172 3727 1362 3782 eodem
1413 3738 1659 3798 tempore
1697 3727 1831 3781 nihil
1876 3742 2059 3796 passu:

2176 3729 2576 3795 ἐννεακαίδεκα
2608 3736 2703 3806 ἔτη
2756 3733 2834 3805 τῷ
2882 3731 3029 3803 αὐτῷ
3060 3729 3294 3802 Ἡρώδῃ.
3324 3727 3403 3799 τῷ
3437 3726 3495 3779 δὲ
3542 3725 3761 3794 Σωτῆρι

500 3825 750 3899 “est:
781 3831 895 3877 tum
928 3819 1054 3877 cum
1099 3830 1330 3891 mortem
1362 3819 1660 3891 degustans
1704 3819 1878 3889 ipsum
1912 3819 2075 3874 etiam

495 3470 740 3519 ctatores
771 3460 998 3527 habuit;
1033 3459 1360 3530 quiquidem
1396 3456 1630 3512 Herodis
1671 3455 1916 3526 ejusdem
1951 3471 2065 3520 nx,

509 3917 696 3973 crucis
741 3912 1070 3985 supplicium
1117 3911 1316 3975 subiit,
1357 3925 1483 3965 eum
1527 3909 1744 3964 interim
1786 3909 1922 3963 nihil
1958 3908 2077 3978 ipsa

503 4007 790 4064 divinitate
846 4011 1146 4075 pateretur.
1197 4000 1406 4057 Christo
1448 4002 1608 4063 enim,
1655 4000 1731 4053 ait
1772 3998 2075 4070 Scriptura,

502 4116 599 4170 pro
619 4100 774 4154 nobis
799 4100 852 4152 in
872 4112 1031 4151 carne
1049 4110 1209 4159 passo
1225 4095 1264 4147 ί.
1296 4092 1644 4160 Rursumque
1677 4107 1691 4143 :
1714 4090 2078 4159 Mortiﬁcatus

502 4209 683 4257 carne,
717 4190 1017 4261 viviﬁcatus
1041 4195 1217 4240 autem
1238 4185 1427 4246 spiritu
1449 4185 1492 4249 ’,
1514 4191 1573 4237 et
1602 4196 1722 4253 qua:
1750 4172 2076 4252 sequuntur.

2139 3827 2496 3901 -τριακοστὸν
2540 3825 2812 3896 δεύτερον.
2853 3822 2943 3876 Ἑν
2998 3822 3051 3877 δὲ
3103 3819 3177 3891 τῷ
3227 3814 3457 3886 είκοστῷ
3507 3814 3622 3868 ἔτει
3652 3811 3758 3896 ,τοῦ

2189 3918 2429 3991 Ἡρώδου
2462 3915 2556 3970 τοῦ
2583 3913 2882 3987 τετράρχου
2910 3910 3243 3981 καλουμένου
3267 3906 3476 3976 γίνεται
3502 3904 3566 3958 τὸ
3597 3903 3765 3971 σωτή-

2183 4027 2296 4082 ριον
2329 4007 2500 4071 πάθος
2531 4006 2623 4059 καὶ
2655 4008 2690 4077 ή
2719 4003 2977 4069 ἀπάθεια,
3007 4001 3041 4073 ἢ
3068 3998 3299 4053 θανάτου
3327 3996 3542 4067 γεῦσις,
3576 3992 3764 4064 γεῦσίς

2180 4119 2240 4155 τε
2285 4100 2539 4164 θανάτου,
2588 4099 2717 4170 ἄχρι
2766 4093 3001 4164 σταυροῦ
3055 4093 3354 4163 πάσχοντος
3399 4091 3455 4144 ὲν
3510 4085 3765 4159 ἀληθείᾳ,

2183 4191 2427 4256 ἀπαθοῦς
2454 4191 2511 4245 δὲ
2540 4190 2789 4262 μένοντος
2830 4190 2889 4243 ὲν
2926 4187 3162 4258 θεότητι.
3194 4181 3448 4252 Χριστοῦ
3497 4181 3615 4253 γὰρ
3658 4194 3768 4231 πα-

504 4284 567 4340 In
596 4279 763 4340 cruce
795 4260 1169 4354 suspenditur,
1192 4260 1489 4350 sepelitur;
1521 4274 1588 4330 ad
1619 4272 1824 4330 inferos
1848 4288 1972 4328 cum
1997 4273 2059 4328 die

2184 4285 2395 4349 θόντος
2415 4260 2566 4351 ὑπὲρ
2592 4279 2759 4351 ἡμῶν
2784 4279 2984 4348 σαρκί,
3012 4282 3174 4349 φησιν
3202 4276 3237 4346 ἡ
3265 4274 3454 4346 Γραφή
3477 4295 3492 4307 ·
3535 4271 3635 4325 καὶ
3668 4268 3770 4323 πάρ

504 4379 733 4432 vinitate
763 4391 887 4439 sua,
921 4376 1212 4445 animaque
1238 4370 1567 4432 descendit;
1602 4367 1873 4437 captivam
1927 4365 2081 4421 ducit

507 4467 919 4537 captivitatem;
962 4479 1027 4519 ac
1071 4464 1231 4520 tertio
1277 4462 1366 4517 die
1411 4476 1535 4515 cum
1577 4458 1927 4514 sanctissimo
1978 4472 2080 4512 suo

507 4574 739 4630 corpore
784 4555 853 4613 ad
891 4556 1056 4612 vitam
1095 4559 1386 4620 excitatur.
1419 4552 1576 4619 Quod
1627 4549 1844 4623 quidem
1877 4564 2079 4620 corpus

511 4667 688 4722 neque
727 4650 1132 4706 dissolvendum
1171 4646 1428 4715 amplius,
1472 4659 1574 4699 nec
1614 4657 1929 4713 passurum,
1978 4656 2081 4697 nec

510 4742 615 4797 sub
641 4739 835 4795 mortis
884 4738 1223 4792 dominatum
1253 4742 1441 4805 postea
1486 4748 1769 4788 cessurum
1814 4747 1941 4787 cum
1981 4746 2081 4788 sua

510 4830 798 4887 divinitate
839 4828 1143 4898 conjunxit.
1185 4826 1241 4882 ld
1291 4825 1435 4896 quod
1476 4824 1724 4895 Apostoli
1768 4824 2082 4879 testimonio

511 4922 941 4995 comprobatur:
980 4919 1150 4987 Hora,
1182 4920 1381 4993 inquit,
1420 4934 1526 4974 non
1559 4917 1793 4987 amplius
1833 4918 1881 4972 ei
1912 4915 2084 4971 domi-

512 5017 732 5073 nabitur
763 5016 805 5072 ³.

580 5109 671 5166 lll.
707 5108 822 5167 Hoc
866 5110 1035 5182 igitur
1071 5110 1251 5181 ipsum
1294 5120 1520 5177 corpus,
1565 5117 1785 5159 carnem
1824 5102 1997 5173 ipsam
2031 5110 2087 5157 et

515 5201 778 5265 animum,
829 5203 948 5273 ipsa
988 5202 1189 5272 quibus
1236 5197 1522 5254 constabat
1560 5196 1764 5261 omnia,
1794 5209 1903 5249 non
1936 5192 2085 5248 aliud

513 5290 810 5363 quidquam
838 5299 1032 5362 praeter
1060 5305 1249 5345 verum
1272 5302 1493 5359 corpus,
1519 5286 1612 5342 sed
1639 5286 1930 5356 ipsummel
1952 5285 2084 5339 illud

514 5384 567 5437 vi
597 5381 808 5438 caelesti
839 5381 1099 5451 perfudit,
1125 5388 1178 5434 et
1214 5380 1269 5433 in
1298 5393 1467 5431 unum
1500 5377 1773 5448 idemque,
1812 5376 1866 5431 in
1898 5390 2083 5441 unam,

596 5543 614 5575 ‘
646 5539 667 5597 ι
699 5539 844 5597 Pctr.
882 5553 956 5606 tv,
997 5537 1044 5591 l.
1125 5539 1145 5575 ³
1173 5535 1190 5591 l
1217 5532 1362 5592 Petr.
1397 5550 1479 5599 ιιι,
1523 5535 1607 5590 18.
1686 5539 1704 5570 ³
1739 5537 1894 5593 Rom:
1923 5550 1997 5600 vr,
2025 5534 2081 5587 9.

2188 4374 2268 4432 λιν
2284 4396 2297 4409 ·
2333 4374 2699 4440 Θανατωθεὶς
2726 4370 2924 4441 σαρκὶ,
2950 4367 3331 4440 ζωογονηθεὶς
3355 4365 3422 4419 δὲ
3445 4365 3766 4433 πνεύματι,

2187 4469 2280 4524 καὶ
2322 4467 2393 4522 τά
2442 4466 2591 4536 ἑξῆς,
2620 4462 2973 4536 Σταυροῦται,
3005 4462 3288 4525 θάπτεται,
3324 4456 3667 4528 κατέρχεται
3694 4454 3770 4515 είς

2185 4561 2256 4616 τά
2282 4559 2609 4631 καταχθόνια
2637 4559 2694 4612 ὲν
2720 4555 2933 4626 θεότητι
2958 4556 3050 4608 καί⁵
3076 4555 3132 4606 ἐν
3153 4552 3297 4623 ψυχῇ
3317 4564 3331 4580 ⁸
3362 4544 3771 4619 αἱχμαλωτεύει

2186 4654 2286 4723 τὴν
2319 4649 2715 4722 αἰχμαλωσίαν,
2735 4648 2829 4702 καὶ
2855 4645 3137 4701 ἀνίσταται
3170 4645 3236 4714 τῇ
3263 4640 3421 4713 τρίτῃ
3447 4638 3644 4710 ἡμέρᾳ.
3676 4635 3772 4689 σὺν

2189 4742 2336 4815 αύτῷ
2366 4740 2445 4813 τῷ
2471 4740 2611 4812 ἀγίῳ
2644 4739 2878 4811 σώματι,
2909 4737 3211 4800 συνενώσας
3239 4734 3300 4789 τὸ
3330 4733 3491 4804 σῶμα
3541 4735 3615 4803 τῇ
3659 4728 3776 4784 θεό-

2188 4851 2332 4908 τητι,
2368 4832 2563 4905 μηκέτι
2599 4831 2877 4902 λυόμενον,
2923 4829 3118 4900 μηκέτι
3163 4827 3391 4896 πάσχον,
3428 4823 3637 4896 μηκέτι
3670 4819 3775 4874 ὑπὸ

2191 4925 2422 4981 θανάτου
2470 4922 2879 4996 κυριευόμενον,
2906 4918 2983 4984 ὥς
3011 4935 3172 4990 φησιν
3204 4920 3233 4971 6
3262 4914 3596 4976 Ἀπόστολος
3614 4929 3627 4941 ·
3663 4910 3775 4964 Θὰ⁹

2188 5033 2369 5081 νατος
2396 5013 2583 5069 αὑτοῦ
2608 5012 2809 5069 οὐκέτι
2831 5012 3108 5081 κυριεύει.

2259 5108 2333 5161 Γ’.
2376 5106 2517 5160 Αὐτὸ
2542 5104 2703 5177 σῶμα
2731 5101 3016 5174 ἀληθινῶς,
3040 5100 3206 5171 αὐτὴν
3237 5100 3335 5171 τὴν
3361 5098 3569 5169 σάρκα,
3601 5091 3775 5162 αὐτὴν

2190 5198 2289 5272 τὴν
2323 5197 2522 5269 ψυχὴν.
2546 5197 2685 5249 αὑτά
2707 5196 2776 5249 τὰ
2804 5197 2979 5250 πάντα
3003 5238 3017 5261 ,
3050 5195 3149 5248 οὐκ
3182 5191 3307 5246 ἀλλο
3339 5206 3392 5243 τι
3420 5188 3580 5259 παρὰ
3616 5186 3681 5239 τὸ
3717 5186 3776 5238 ὃν

2196 5290 2389 5361 σῶμα,
2418 5288 2534 5342 ἀλλ’
2567 5287 2700 5342 αὐτὸ
2731 5288 2792 5341 τὸ
2818 5287 2877 5341 δν
2914 5283 3328 5355 ἐνδύναμώσας,
3363 5282 3441 5345 είς
3488 5279 3630 5350 μίαν
3663 5278 3776 5331 ἐνό-

2195 5397 2330 5453 τητα
2350 5420 2364 5449 ,
2399 5381 2475 5442 εἰς
2517 5377 2642 5448 μίαν
2674 5377 2907 5449 ’θεότητα
2928 5416 2943 5442 ,
2986 5377 3056 5430 τὸ”
3077 5372 3337 5446 σαρκικδν
3379 5368 3688 5440 ἄφθαρτον,
3720 5364 3781 5418 τὸ
