3980 6078
134 91 239 145 977
816 84 1188 140 ADVERSUS
1226 85 1566 142 HALRESES
1601 86 1731 143 Lm.
1776 91 1815 144 Ι.
1859 89 2021 147 ΤΟΜ.
2064 90 2102 145 1.
2145 123 2211 132 —-
2252 91 2525 149 HAERES.
2562 92 2681 152 XX.
3287 107 3423 164 9.38!

135 200 453 275 σωματικὸν
487 198 856 270 πνευματικὸν
877 241 890 263 ,
916 197 978 252 τὸ
1017 200 1332 271 παχυμερὲς
1364 199 1716 273 λεπτομερὲς,

1826 202 2425 273 inquam,divinitatem
2469 208 2811 263 consociavit
2834 228 2849 273 ;
2888 218 2951 269 ut
2981 221 3037 268 et
3066 230 3229 274 carne
3252 233 3393 283 con-

86 312 110 356 ς
134 300 189 351 τὸ
216 296 414 371 θνητὸν
450 294 738 359 ἀθάνατον,
776 291 850 363 μὴ
874 291 1121 363 ἑωρακζρς-
1139 293 1273 357 ὅλως
1298 292 1614 364 διαφθορὰν,
1644 294 1716 364 μὴ

1824 301 1976 348 stans
2022 302 2076 347 et
2122 292 2521 363 incorruptum,
2557 310 2882 366 corporeum
2921 300 3085 357 simul
3130 318 3194 360 ac
3225 307 3389 374 spiri-

133 384 593 465 καταλειφθείσης
622 383 725 452 τῆς
761 382 943 453 ψυχῆς
986 384 1043 436 ὲν
1076 382 1174 454 ᾄδῃ
1196 423 1209 445 ,
1249 382 1321 453 μὴ
1369 382 1716 453 μερισθέντος

1822 384 1989 450 tuale,
2019 392 2346 438 concretum
2392 399 2454 439 ac
2486 393 2670 448 tenue,
2719 390 2947 444 mortale
2979 392 3183 461 pariter
3229 403 3393 466 atquo

131 478 226 531 τοῦ
264 477 501 549 ὀργάνου
535 474 674 545 πρὸς
711 473 1005 545 ἁμαρτίαν.
1041 474 1114 545 μὴ
1141 473 1463 544 χρανθέντος
1501 474 1595 527 τοῦ
1626 473 1716 528 νοῦ

1823 474 2129 535 immortale
2160 475 2288 529 illud
2320 484 2496 531 esset:
2528 478 2670 547 quod
2701 480 2849 534 nulla
2879 483 3103 537 omnino
3131 485 3254 542 tabe
3276 486 3393 542 dis-

133 570 309 638 τροπῇ
336 607 350 628 ,
379 567 516 621 ἀλλὰ
542 567 611 619 τὰ
638 565 737 619 ὅλα
770 565 873 635 μὲν
906 564 1194 637 ἀνθρώπου
1227 564 1405 619 λαϐὼν
1427 607 1441 631 ,
1477 566 1716 635 φυλάξας

1822 566 2064 621 solutum
2097 565 2314 632 fuerat;
2347 583 2520 638 neque
2548 570 2669 640 ejus
2699 573 2882 627 anima
2914 576 3056 643 apud
3085 577 3291 636 i‘nl‘eros
3316 596 3397 635 re-

133 660 183 711 δὲ
219 659 319 713 ὅλα
343 659 525 711 τέλεια
566 655 958 719 ἑπιδεδωκυίας
984 656 1082 725 τῆς
1112 656 1367 726 θεότητος
1390 660 1456 729 τῇ
1492 658 1716 730 ἀληθινῇ

1821 655 1970 719 licta,
2007 672 2106 711 nec
2141 657 2318 727 ipsum
2348 661 2494 713 velut
2528 659 2951 718 instrumentum
2975 667 3245 734 quoddam
3294 669 3396 723 ali-

137 750 548 820 ὲνανθρωπήσει
596 749 735 819 πρὸς
774 747 875 811 τὰς
920 746 1172 815 εὐλόγους
1216 750 1441 820 χρείας,
1483 750 1626 820 λέγω
1653 751 1716 823 δὴ

1821 762 1929 819 qua
1959 762 2024 801 ex
2057 756 2210 817 parte
2241 749 2450 817 peccati
2481 748 2534 802 in
2563 748 2883 820 obsequium
2922 751 3256 822 impensum,
3290 771 3391 810 ne-

136 842 235 904 τὰς
271 841 337 892 ὲκ
366 837 617 908 σώματός
652 855 711 890 τε
744 837 839 891 καὶ
865 837 1073 907 ψυχῆς,
1104 840 1198 892 καὶ
1226 840 1294 891 ὲκ
1318 839 1410 892 νοῦ
1443 838 1716 912 ἀνθρωπί-

1822 854 1928 907 que
1967 853 2120 893 mens
2154 838 2262 892 ulla
2292 832 2498 894 erat'in
2547 840 2791 895 deterius
2830 844 3133 899 mutatione
3164 846 3387 914 polluta.
3436 864 3447 868 ·

138 950 226 985 νου
253 929 691 1000 ἐπιζητουμένας
723 929 820 1001 τὴν
847 929 1241 1002 πληροφορίαν,
1279 931 1529 985 τουτέστι
1556 932 1714 1005 πείνῃ

1825 926 1930 983 Sed
1981 928 2053 982 ita
2097 929 2200 985 sibi
2253 929 2435 983 omnia
2489 946 2610 1000 quae
2663 931 2942 986 hominum
2991 936 3209 1003 propria
3263 945 3393 990 sunt

139 1026 227 1079 καί
262 1024 407 1094 δίψει
426 1064 441 1087 ,
473 1020 737 1092 κλαυθμῷ
765 1038 825 1074 τε
852 1022 945 1074 καὶ
977 1021 1185 1093 ἀθυμίᾳ
1206 1062 1220 1086 ,
1247 1022 1503 1093 δακρύσει
1529 1040 1589 1075 τε
1624 1024 1716 1077 καὶ

1821 1019 2077 1082 adscivit,
2112 1020 2299 1075 eadem
2337 1031 2396 1075 ut
2438 1022 2651 1092 integra
2678 1032 2941 1087 servaret,
2972 1040 3093 1094 qua:
3121 1040 3259 1081 vera:
3290 1027 3388 1092 illi,

142 1116 289 1187 ὕπνῳ
319 1115 415 1169 καὶ
446 1113 771 1169 ἀναπαύσει.
815 1111 1002 1165 Ταῦτα
1040 1112 1150 1182 γὰρ
1182 1113 1279 1183 οὐχ
1327 1114 1599 1184 ἁμαρτίας
1636 1110 1716 1167 εἴ-

1820 1126 1981 1181 quam
2009 1110 2113 1165 sibi
2140 1112 2552 1179 conciliaverat,
2573 1124 2783 1170 natura:
2802 1118 3145 1171 necessarios
3163 1116 3228 1170 ad
3257 1133 3393 1174 usus

138 1207 251 1271 63;,
300 1206 417 1260 ἀλλ’
466 1206 927 1276 ὲνανθρωπήσεως
984 1203 1357 1276 ἁληθεστάτης
1406 1204 1716 1275 γνώρισμα,

1818 1201 2078 1255 divinitas
2121 1212 2497 1266 concesserat,
2528 1219 2664 1259 usus
2700 1204 2958 1259 nimirum
3008 1207 3150 1271 illos,
3198 1208 3292 1276 qui
3332 1214 3394 1263 ut

141 1297 364 1370 ἀληθεὲᾳ
391 1298 492 1368 τῆς
524 1296 775 1368 θεότητος
806 1292 1073 1365 συνούσης
1102 1297 1169 1365 τῇ
1204 1293 1622 1367 ἁνθρωπότητι·,
1653 1295 1716 1349 οὐ

1818 1308 1943 1349 esse
1976 1295 2193 1363 penitus
2233 1296 2443 1366 possint
2484 1302 2678 1367 partim
2706 1299 2956 1368 corporis
2979 1307 3157 1369 egent,
3190 1298 3403 1370 partim,

140 1389 203 1443 τὰ
232 1387 553 1462 ἀνθρώπινα
587 1385 921 1457 πασχούσης,
956 1384 1093 1439 ἀλλὰ
1115 1387 1217 1456 τῆς
1244 1384 1498 1456 θεότητος
1526 1402 1716 1438 συνευ-

1818 1386 2006 1449 animi,
2054 1395 2217 1457 atque
2264 1389 2514 1443 humanae
2563 1390 2762 1444 mentis
2794 1390 3170 1445 adminiculo:
3201 1390 3390 1459 cujus~

138 1481 400 1551 δοκούσης
439 1481 517 1544 είς
544 1478 867 1547 τὰρεῦλογα,
895 1478 989 1531 καὶ
1016 1478 1084 1531 τὰ
1115 1477 1275 1541 ἐκτὸς
1307 1475 1583 1548 ἁμαρτίας
1622 1476 1716 1529 καὶ

1819 1476 1965 1530 modi
2009 1485 2137 1532 sunt
2171 1479 2364 1543 fames,
2395 1481 2536 1544 sitis,
2569 1480 2752 1544 ﬂetus,
2795 1494 2859 1535 ac
2899 1480 3077 1545 dolor,
3113 1482 3405 1552 lacrymte,

138 1543 835 1645 τῳπῆςάπηγορευμέειης
856 1588 868 1600 ·
900 1570 1098 1641 ἀνέστη
1121 1611 1136 1635 ,
1167 1570 1262 1623 καὶ
1292 1543 1472 1641 θορών
1497 1569 1709 1623 κεκλει-
1746 1543 1789 1597 Β

139 1665 346 1736 σμένων
374 1664 645 1735 εἰσῆλθεν,
678 1664 767 1718 ἴνα
790 1662 850 1716 τὸ
880 1661 1192 1733 παχυμερὲς
1221 1662 1555 1734 λεπτομερὲς
1578 1662 1716 1715 ἀπο-

136 1755 278 1827 δείξῃ
298 1797 315 1821 ,
342 1753 482 1809 αὐτὸ
511 1755 571 1807 τὸ
599 1754 658 1806 ὃν
693 1754 790 1808 σὺν
824 1753 989 1824 σαρκὶ
1017 1754 1115 1809 καὶ
1155 1752 1381 1818 ὀστέοις.
1412 1752 1570 1808 Μετὰ
1604 1753 1716 1825 γὰρ

137 1847 194 1900 τὸ
233 1845 525 1912 εἰσελθεῖν,
570 1845 738 1912 ἔδειξε
787 1848 980 1917 χεῖρας
1008 1844 1100 1898 καὶ
1128 1844 1295 1909 πόδας
1338 1845 1432 1898 καί¹
1473 1844 1713 1931 πλευρὰν

137 1938 488 2010 νενυγμένην,
515 1937 678 1991 ὀστέα
707 1954 767 1990 τε
796 1937 889 1991 καὶ
929 1935 1098 2007 νεῦρα
1118 1975 1132 1997 ,
1176 1936 1271 1989 καὶ
1299 1935 1466 1990 τᾶλλα
1486 1976 1501 1999 ,
1533 1935 1607 1999 ώς
1639 1935 1713 2008 μὴ

138 2029 265 2085 εἶναι
289 2030 597 2100 φαντασίαν
624 2028 692 2082 τὰ
720 2028 993 2099 ὁρώμενα.
1022 2026 1269 2091 Πίστεώς
1291 2044 1350 2081 τε
1376 2027 1469 2081 καὶ
1495 2025 1712 2090 ἐλπίδος

136 2122 226 2193 τῆς
264 2120 547 2193 ἡμετέρας
571 2119 671 2191 τὴν
697 2118 989 2189 ὑπόσχεσιν
1028 2119 1266 2175 ἐποιεῖτο
1305 2117 1371 2171 δι’
1403 2115 1595 2170 ἑαυτοῦ
1642 2115 1713 2170 τὰ

136 2213 225 2266 ὅλα
254 2212 503 2273 τελείως.
547 2212 658 2265 Καὶ
688 2208 1031 2273 συναλίζεται
1058 2211 1119 2263 ού
1148 2210 1392 2280 δοκήσει,
1420 2208 1556 2263 ἀλλὰ
1580 2208 1713 2278 ἀλη-

140 2303 279 2375 θείᾳ·
317 2301 593 2355 παιδεύων
640 2318 700 2355 τε
743 2299 948 2363 ἐδίδαξε
1002 2298 1277 2381 βασιλείαν
1319 2297 1564 2370 οὐρανῶν
1612 2314 1711 2368 κη-

141 2396 350 2468 ρύσσειν
379 2397 441 2448 ὲν
466 2392 716 2464 ἀληθεία,
766 2393 825 2445 τὸ
857 2392 1000 2463 μέγα
1031 2393 1124 2446 καὶ
1155 2390 1581 2462 κορυφαιότατον
1610 2407 1710 2461 ση-

142 2489 339 2558 μαίνων
359 2489 477 2550 τοῖς
508 2485 798 2557 μαθηταῖς,
836 2486 930 2539 καὶ
958 2484 1133 2553 λέγων
1152 2499 1166 2512 '
1192 2468 1619 2549 Μαθητεύσατέ
1641 2480 1713 2536 τὰ

137 2579 301 2645 ἔθει-η’
332 2577 583 2631 τουτέστι
618 2574 983 2646 μεταϐάλλετε
1016 2574 1084 2629 τὰ
1113 2573 1240 2644 ἔθνη
1272 2573 1382 2627 ἀπὸ
1412 2572 1608 2637 κακίας
1632 2575 1714 2638 είς

139 2670 424 2743 ἀλήθειαν,
463 2669 575 2723 ἀπὸ
617 2669 879 2741 αἱρέσεων
924 2668 1005 2730 είς
1039 2667 1167 2738 μίαν
1200 2668 1448 2738 ἑνότητα.
1491 2666 1713 2722 Banti-

140 2780 274 2818 σατε
302 2763 530 2829 αὐτοὺς
552 2765 641 2828 είς
662 2762 852 2831 ὄνομα
876 2760 1106 2828 Πατρός
1126 2759 1224 2812 καὶ
1249 2759 1386 2813 Υἱοῦ
1413 2758 1512 2813 καί
1537 2759 1713 2829 ἁγίου

1820 1583 2046 1624 somnus
2066 1586 2129 1631 ac
2153 1574 2391 1641 requies.
2420 1571 2544 1626 llaec
2568 1575 2716 1628 enim
2738 1574 2917 1629 omnia
2944 1576 3092 1639 nulla
3116 1575 3389 1631 infuscata

1818 1662 2026 1731 peccati
2077 1663 2293 1731 specie,
2341 1674 2607 1733 susceptae
2652 1666 2833 1736 reipsa
2890 1673 3100 1720 natura:
3148 1665 3391 1720 hominis

1818 1762 2139 1822 argumenta
2172 1754 2479 1818 continent,
2511 1770 2616 1825 qua
2648 1771 2771 1810 cum
2804 1772 2929 1811 vere
2962 1757 3278 1811 consociata
3307 1756 3413 1811 di-—

1818 1845 2019 1900 vidiuis
2044 1845 2343 1899 humanum
2379 1853 2559 1902 tamen
2590 1849 2790 1918 patitur
2816 1847 2973 1911 nihil,
3014 1847 3229 1903 tametsi
3269 1864 3392 1919 qua:

1817 1936 2013 1989 rationi
2066 1944 2435 1993 consentanea
2492 1937 2704 2004 forent,
2750 1944 2803 1992 et
2850 1940 2918 1992 ab
2963 1938 3111 1992 omni
3162 1939 3391 2002 scelere,

1816 2031 1980 2094 atque
2011 2026 2068 2081 in
2100 2027 2254 2096 pejus
2284 2028 2587 2082 mutatione
2618 2028 2808 2096 procul
2841 2036 3047 2092 essent,
3085 2027 3388 2083 admiserit.

1814 2113 1898 2169 Ad
1928 2115 2044 2172 lucc
2071 2118 2339 2175 excitatus
2371 2132 2402 2171 a
2439 2125 2612 2173 morte
2642 2118 2893 2191 Christus
2923 2120 3166 2175 occlusis
3202 2120 3405 2189 januis.

1816 2205 2095 2279 ingressus
2124 2219 2226 2273 εει,
2269 2210 2347 2265 uti
2376 2210 2521 2279 quod
2567 2210 2833 2265 hactenus
2876 2226 3123 2267 crassum
3160 2227 3391 2267 concre-

1815 2305 2039 2369 tumque
2078 2298 2254 2353 fuerat
2290 2314 2510 2369 corpus,
2557 2299 2747 2354 eadem
2775 2316 2899 2354 cum
2934 2315 3101 2356 carne
3139 2300 3393 2355 ossibus-

1813 2403 1919 2458 que
1967 2397 2127 2446 tenue
2160 2403 2224 2445 ac
2256 2391 2454 2446 subtile
2486 2406 2608 2447 esse
2634 2398 2986 2446 monstraret.
3021 2390 3215 2446 Statim
3245 2394 3391 2448 enim

1775 2487 1983 2562 -atque
2017 2481 2390 2554 introgressus
2420 2488 2506 2538 est
2538 2497 2734 2537 manus
2765 2496 2828 2537 ac
2866 2483 3049 2553 pedes,
3082 2492 3135 2537 et
3162 2483 3389 2538 eonfos-

1814 2585 1935 2626 sum
1984 2571 2130 2628 latus
2177 2588 2303 2627 cum
2352 2573 2574 2628 ossibus
2604 2588 2669 2627 ac
2706 2573 2889 2628 nervis
2940 2572 3216 2629 ostendit:
3253 2572 3392 2631 adeo

1813 2676 1934 2734 quae
1964 2671 2077 2718 tum
2111 2663 2437 2725 videbantur
2471 2663 2648 2719 solida
2679 2672 2855 2730 erant,
2890 2679 2991 2719 nec
3014 2664 3197 2733 specie
3227 2670 3389 2719 tenus

1812 2757 2124 2813 exstabant.
2154 2757 2366 2824 Quibus
2390 2756 2553 2811 rebus
2577 2771 2766 2811 eorum
2797 2756 3064 2821 omnium,
3091 2761 3211 2826 qua:
3244 2755 3388 2820 lidei,

137 2858 479 2927 Πνεύματος
498 2872 512 2887 σ
550 2857 630 2920 εἰς
665 2855 764 2926 τὴν
792 2852 1077 2926 Κυριακὴν
1100 2852 1396 2923 ὀνομασίαν
1421 2852 1520 2923 τῆς
1545 2850 1711 2922 Τριά-

1815 2849 2040 2919 speique
2083 2856 2285 2903 nostra:
2328 2846 2436 2919 50
2478 2847 2760 2918 proposita
2807 2854 2958 2911 sunt,
2991 2847 3389 2918 promissorum

135 2948 248 3016 8ος,
277 2951 382 3022 τὴν
413 2950 578 3018 ἁγίαν
622 2948 719 3021 καὶ
755 2947 1037 3020 βασιλικὴν
1080 2945 1383 3020 σφραγῖδα’
1429 2945 1517 2997 ἵνα
1555 2942 1705 3013 δείξῃ

137 3040 196 3094 ἐκ
229 3040 327 3095 τοῦ
356 3041 623 3110 ὀνόματος
663 3038 929 3111 μηδεμίαν
957 3037 1239 3092 ἀλλοίωσιν
1274 3032 1413 3089 εἶναι
1445 3034 1544 3105 τῆς
1578 3034 1707 3104 μιᾶς

137 3132 400 3203 ἑνότητος.
430 3131 606 3185 Ὅπου
638 3129 746 3203 γὰρ
775 3131 824 3184 οἱ
850 3128 1234 3201 βαπτιζόμενοι
1265 3126 1577 3180 κελεύονται
1615 3124 1708 3178 ὑπ’

136 3223 293 3278 αὐτοῦ
327 3226 418 3287 εἰς
442 3223 633 3292 ὄνομα
670 3221 920 3297 Πατρός,
952 3218 1198 3290 ἀσφαλὴς
1227 3219 1262 3290 ἠ
1287 3215 1593 3285 δοξολογία’
1619 3216 1709 3280 είς
1728 3268 1743 3283 ,

138 3312 317 3384 ὄνομα
355 3313 515 3379 Υίοῦ,
549 3313 650 3367 οὐκ
673 3312 1044 3383 ἀποδέοντοςή
1071 3309 1382 3381 ἐπίκλησις·
1412 3310 1499 3373 είς
1523 3307 1710 3377 ὄνομα

135 3404 299 3472 ἁγίου
324 3405 703 3473 Πνεύματος,
728 3404 789 3457 οὐ
813 3402 1139 3478 διῃρημένος
1168 3402 1197 3454 ὁ
1226 3400 1525 3471 σύνδεσμος
1542 3441 1557 3467 ,
1583 3397 1710 3453 οὔτε

140 3494 644 3568 ἁπηλλοτριωμένος
667 3496 767 3566 τῆς
795 3496 924 3565 μιᾶς
953 3493 1202 3565 θεότητος
1237 3491 1375 3563 ἔχων
1405 3491 1504 3563 τὴν
1536 3506 1710 3562 σφρα-

137 3588 268 3650 rita.

1813 2957 1910 3012 per
1938 2956 2059 2996 sese
2097 2940 2379 2995 veritatem
2413 2941 2629 3010 penitus
2655 2941 2998 3011 approbavit.
3037 2939 3234 2997 Postea
3278 2956 3391 2996 non

1818 3032 1939 3085 (icta
1973 3031 2236 3087 duntaxat
2267 3031 2524 3100 imagine,
2557 3031 2649 3085 sed
2686 3032 2866 3101 reipsa
2898 3048 3021 3085 cum
3060 3034 3178 3087 suis
3206 3033 3391 3102 epula-

1818 3134 1904 3180 tus
1934 3122 2154 3180 eosdem
2188 3122 2447 3184 instituit,
2488 3137 2551 3177 ac
2576 3125 2799 3178 emleste
2838 3139 3064 3193 regnum
3095 3140 3217 3178 cum
3247 3125 3392 3179 veri-

1813 3226 1921 3273 tate
1967 3216 2223 3270 nuntiare
2266 3213 2452 3268 docuit
2490 3232 2504 3269 :
2564 3222 2679 3268 tum
2735 3228 2861 3269 cum
2915 3215 3212 3268 maximum
3257 3214 3393 3269 illud

1817 3308 2083 3377 longeque
2120 3306 2457 3378 praecipuum
2509 3322 2773 3363 arcanum
2818 3306 3106 3377 discipulis
3153 3308 3387 3378 aperuit.

1815 3396 2280 3467 Docete.inquit’,
2299 3413 2476 3451 omnes
2505 3407 2701 3468 gentes.
2729 3397 2845 3453 Hoc
2876 3407 2988 3453 est:
3023 3399 3102 3453 Ab
3127 3398 3392 3469 improbi-

1815 3496 1929 3549 tate
1958 3489 2080 3545 illas
2108 3487 2175 3542 ad
2205 3488 2489 3544 veritatem
2513 3506 2529 3555 ;
2563 3489 2630 3543 ab
2660 3489 2824 3544 sectis
2851 3490 3018 3545 variis
3049 3490 3116 3544 ad
3140 3490 3389 3559 ejusdem

1814 3578 2088 3649 dogmatis
2128 3581 2568 3635 communionem
2619 3580 2910 3637 traducite.
2972 3582 3251 3651 Baptizate
3303 3599 3393 3638 eos

137 3684 187 3735 in
218 3683 432 3738 nomine
466 3679 690 3747 Patris,
726 3688 777 3735 et
825 3678 979 3743 Filii,
1052 3686 1104 3733 et
1156 3676 1389 3747 Spiritus
1449 3675 1657 3739 sancti;
1714 3671 1973 3727 nimirum
2026 3673 2081 3725 in
2138 3670 2420 3728 Dominica
2466 3672 2753 3733 Trinitatis
2807 3666 3187 3745 appellatione,
3243 3677 3394 3748 quod

138 3774 307 3846 ipsum
336 3784 750 3832 sacrosanctum
787 3782 892 3840 est,
943 3788 1007 3830 ac
1043 3773 1254 3844 regium
1296 3772 1553 3842 signum;
1599 3783 1711 3838 quo
1749 3768 1833 3823 vel
1885 3766 2006 3837 ipso
2054 3767 2278 3822 nomine
2314 3768 2668 3838 signiﬁcaret,
2713 3769 2848 3827 nihil
2897 3783 3020 3823 esse
3071 3768 3141 3822 ab
3185 3769 3393 3822 unitate

136 3868 432 3923 diversum.
478 3866 618 3935 Cum
651 3868 796 3925 enim
844 3867 1110 3938 baptizari
1154 3867 1406 3922 homines
1445 3864 1600 3933 jubet
1645 3864 1701 3917 in
1764 3862 1971 3917 nomine
2001 3856 2207 3923 Patris,
2236 3861 2390 3917 ﬁrma
2430 3876 2494 3917 ac
2526 3861 2738 3916 stabilis
2788 3867 2871 3915 est
2897 3860 3083 3932 gloriae
3128 3859 3394 3930 praedica-

136 3958 225 4014 tio.
274 3957 439 4025 Quod
486 3974 618 4015 vero
659 3958 879 4015 additur
936 3962 990 4013 in
1027 3959 1237 4015 nomine
1280 3956 1435 4025 Filii,
1504 3957 1654 4013 nulla
1692 3970 1754 4010 re
1807 3954 1955 4009 hunc
1994 3968 2026 4008 a
2077 3963 2306 4024 paterna
2347 3951 2612 4023 dignitate
2651 3950 2881 4006 deficere
2927 3948 3218 4020 appellatio
3268 3947 3389 4018 ipsa

139 4054 394 4109 declarat.
431 4052 718 4111 Postremo
751 4054 819 4110 iis
857 4054 912 4108 in
940 4054 1143 4118 verbis,
1176 4055 1232 4109 in
1276 4055 1485 4110 nomine
1532 4051 1765 4121 Spiritus
1815 4049 2023 4114 sancti,
2076 4047 2226 4105 nulla
2272 4053 2357 4105 est
2400 4045 2807 4117 conjunctionis
2860 4043 3093 4106 divisio,
3149 4041 3396 4133 varietas

138 4148 307 4213 nulla;
341 4147 439 4203 sed
483 4148 649 4203 unius
674 4145 997 4204 'divinitatis
1038 4147 1190 4202 velut
1236 4148 1453 4219 signum
1494 4148 1880 4217 repraesentat.
2289 4192 2297 4199 .
2353 4130 2361 4138 ’

196 4241 270 4293 Δ’.
314 4239 429 4294 Καὶ
462 4237 739 4309 ἀνελήφθη
794 4240 872 4302 είς
916 4239 1144 4311 οὐρανὸν
1186 4243 1244 4295 ὲν
1284 4239 1435 4311 αὐτῷ
1477 4239 1556 4310 τῷ
1605 4238 1711 4293 σώ-

1888 4229 1977 4288 lV.
2008 4228 2254 4302 Denique
2295 4229 2485 4284 eodem
2514 4244 2639 4283 cum
2672 4241 2904 4297 corpore
2935 4233 2990 4282 et
3019 4225 3200 4281 anima
3235 4241 3391 4282 men-

142 4346 259 4399 ματι
278 4371 295 4395 ,
332 4331 431 4383 καὶ
459 4332 524 4399 τῇ
556 4330 703 4399 ψυχῇ
724 4368 740 4391 ,
776 4329 870 4383 καὶ
899 4329 978 4400 τῷ
1010 4328 1107 4400 νῷ,
1133 4328 1442 4394 συνενώσας
1467 4331 1544 4397 είς
1582 4329 1712 4399 μίαν

142 4419 359 4492 ἑνότητα
397 4419 495 4472 καὶ
539 4420 670 4489 μίαν
711 4419 1088 4491 πνευματικὴν
1125 4419 1445 4476 ὑπόστασιν.
1480 4420 1590 4473 Καὶ
1627 4418 1715 4472 εν-

135 4511 249 4564 θεον
293 4508 668 4571 ἀπατελέσας,
718 4508 969 4562 ἐκάθισεν
1017 4509 1078 4562 ὲν
1127 4507 1276 4581 δεξιᾷ
1324 4507 1419 4563 τοῦ
1466 4510 1712 4580 Πατρὸς,

142 4601 352 4672 πέμψας
395 4601 649 4670 κήρυκας
681 4601 758 4663 είς
793 4599 923 4671 ὃλην
956 4600 1056 4672 τὴν
1100 4599 1446 4671 οἰκουμένην,
1493 4600 1715 4672 Σίμωνα

142 4688 369 4762 Πέτρον,
408 4690 506 4743 καὶ
558 4687 811 4758 ’Δνδρὲαν
839 4687 932 4740 τὸν
956 4687 1183 4757 ἀδελφὸν
1215 4686 1415 4751 αὐτοῦ,
1458 4687 1715 4742 Ἰάκωϐον

131 4782 223 4835 καὶ
257 4782 520 4851 Ἰωάννην
550 4779 678 4843 τοὺς
707 4780 855 4843 υίοὺς
883 4778 1189 4844 Ζεὸεδαίου,
1219 4779 1314 4844 οὓς
1342 4778 1508 4834 πάλαι
1534 4778 1715 4844 ὲξελέ·

142 4867 288 4932 ξιτο’
317 4871 591 4924 Φίλιππον
636 4868 732 4922 καὶ
778 4867 1180 4941 Βαρθολομαῖον
1199 4909 1214 4934 ,
1244 4869 1555 4936 Ματθαῖον,
1593 4868 1713 4921 Θω-

142 4961 239 5024 μᾶν
270 4978 333 5014 τε
374 4960 474 5015 καὶ
515 4958 745 5024 Ἰούδαν,
793 4958 888 5012 καὶ
917 4958 1206 5025 Θαδδαῖον,
1242 4957 1462 5029 Σίμωνα
1491 4957 1583 5011 τὸν
1608 4958 1718 5029 Ζη-

135 5050 328 5119 λωτήν.
366 5049 574 5115 Ἰούδας
598 5050 710 5122 γὰρ
738 5052 768 5103 ό
808 5047 1161 5121 Ἰσκαριώτης
1180 5087 1197 5114 ,
1227 5050 1276 5103 εί
1308 5049 1403 5103 καὶ
1437 5046 1629 5118 πρώην
1658 5049 1716 5101 ὲν

132 5144 241 5206 τοῖς
268 5142 482 5198 δώδεκα
510 5140 826 5214 ἐψηφίζετο,
853 5142 1115 5215 προδότης
1133 5142 1440 5213 γενόμενος’
1469 5142 1714 5214 ἀπετμή’

140 5228 200 5300 θη
234 5231 334 5285 τοῦ
372 5232 529 5301 ἁγίου
570 5232 678 5286 τῶν
708 5231 1020 5286 ἀποστόλων
1050 5231 1374 5301 καταλόγου.
1407 5230 1720 5285 Ἀπέστειλε

138 5317 191 5375 ἢ
219 5323 323 5375 καὶ
353 5322 547 5385 ἄλλους
577 5320 1044 5394 ἑϐδομηκονταδύο
1074 5322 1384 5394 κηρύττειν,
1407 5320 1467 5389 ὲξ
1484 5315 1559 5378 ὧν
1580 5316 1721 5393 ἦσαν

209 5498 225 5525 ¹
254 5493 454 5550 ὶίαιιίι.
493 5508 683 5563 uvm,
713 5494 798 5553 19.

1817 4331 1980 4394 teque
2036 4321 2104 4376 ad
2154 4334 2382 4389 superos
2425 4326 2646 4373 evectus
2695 4328 2801 4383 est,
2856 4319 3121 4373 omnibus
3177 4317 3285 4372 illis
3334 4318 3389 4372 in

1819 4430 1987 4469 unum
2021 4399 2295 4474 conﬂatis,
2332 4419 2496 4480 atque
2531 4409 2585 4465 iu
2612 4409 2857 4465 eamdem
2891 4410 3233 4481 Spiritualem
3264 4423 3393 4479 per-

1820 4521 2011 4561 sonam
2055 4503 2548 4566 concurrentibus,
2597 4501 2931 4571 divinisque
2959 4501 3207 4555 redditis.
3261 4501 3393 4557 Inde

1821 4612 1949 4652 mox
1981 4604 2041 4650 ut
2077 4594 2144 4649 ad
2190 4593 2367 4649 Patris
2420 4594 2665 4649 dextram
2711 4594 2981 4658 consedit,
3024 4608 3304 4664 praecones
3333 4595 3393 4650 in

1818 4689 2137 4744 universum
2188 4688 2377 4743 orbem
2423 4687 2653 4751 dimisit,
2711 4683 2990 4741 Simonem
3040 4685 3284 4752 Petrum,
3337 4694 3395 4741 et

1814 4778 2088 4835 Andream
2121 4779 2245 4849 ejus
2274 4778 2522 4843 fratrem,
2553 4775 2818 4833 Jacobqu
2843 4787 2896 4831 et
2930 4775 3195 4831 Joannem
3228 4776 3395 4832 ἱροε-

1812 4871 1915 4928 ᾶιεί
1952 4871 2118 4934 ﬁlios,
2146 4885 2286 4945 quos
2329 4869 2458 4922 olim
2501 4867 2795 4934 delegerat,
2827 4865 3139 4936 Philippum
3169 4876 3225 4923 et
3254 4868 3390 4922 Bur-

1819 4964 2191 5025 tholommum,
2233 4950 2898 5024 Matthseum,"l‘homam,
2934 4968 3003 5014 et
3054 4957 3274 5024 Judam,
3327 4953 3393 5014 ac

1817 5054 2169 5119 Thaddaeum,
2213 5066 2276 5106 ac
2326 5049 2603 5105 Simonem
2649 5048 2906 5104 Zeloten:
2950 5065 3072 5103 nam
3104 5050 3393 5106 lscariotes

1819 5143 1989 5201 ludas
2023 5144 2125 5231 etsi
2154 5142 2418 5197 hactenus
2443 5140 2510 5196 ad
2531 5155 2604 5195 xu
2632 5140 2910 5210 ascriptus
2944 5139 3141 5203 fuerat.
3172 5150 3392 5212 postea-

1817 5250 1981 5307 quam
2014 5235 2343 5309 proditorem
2368 5248 2427 5289 se
2454 5231 2603 5296 fecit,
2622 5231 2691 5287 ab
2707 5247 2866 5289 sacro
2884 5233 3256 5305 apostolorum
3287 5250 3389 5289 nu-

1818 5344 1970 5388 mero
1989 5338 2076 5389 est
2102 5335 2426 5399 expunctus.
2450 5326 2652 5384 Praeter
2676 5326 2796 5397 hos,
2824 5343 2968 5385 usu
2997 5328 3133 5384 alios
3154 5328 3220 5383 ad
3247 5341 3395 5383 eam.»
