3870 6068
468 155 571 217 179

1860 146 1918 203 S.
1936 154 1939 157 ’
1960 146 2296 203 ΕΡΙΡΗΑΝΠ

3590 155 3686 212 280

463 270 587 326 dem
615 263 952 321 iunctionem
982 261 1200 334 allegat,
1235 275 1272 317 e
1295 253 1496 332 quibus
1524 274 1597 313 vn
1633 258 1708 313 illi
1740 258 1911 323 fuere,
1943 258 2029 328 qui

2145 260 2188 312 οί
2224 258 2390 322 ἑπτὰ,
2429 258 2479 311 οί
2519 258 2611 310 ἐπὶ
2652 256 2762 311 τῶν
2806 257 2993 329 χηρῶν
3025 256 3378 329 τεταγμένον
3412 259 3686 333 Στέφανος,

463 359 533 416 ad
565 356 853 413 viduarum
885 354 1211 427 obsequium
1248 351 1441 408 delecti
1492 359 1654 406 sunt:
1705 348 2034 421 Stephanus,

463 449 770 520 Philippus,
799 445 1132 510 Prochorus,
1162 443 1419 509 Nicanor,
1458 441 1676 506 Timon,
1719 443 2033 504 Parmenas,

461 547 517 594 et
552 538 827 600 Nieolaus,
876 542 930 590 et
962 544 1089 590 ante
1134 534 1235 590 bos
1275 533 1553 600 Matthias,
1598 533 1692 604 qui
1735 532 1857 587 loco
1886 531 2038 588 Judzn

461 574 517 594 κ’
553 574 827 600 ιῖιυυιαυδ,
876 574 930 590 ιι*
962 574 1088 590 III-Iv
1135 574 1235 590 uva
1275 574 1553 600 ηιυῡιυιιισ⁹
1599 574 1692 604 ιιι..
1737 574 1855 587 ινυν
1886 574 2037 588 νυυυυ

423 574 604 743 ὶὶηιειν
633 629 912 700 apostolos
948 634 1239 697 cooptatus
1273 633 1380 682 est.
1420 625 1501 680 Ad
1534 634 1787 696 septenos
1818 625 1941 681 illos
1973 639 2037 681 ac

466 720 743 743 ..-ιιι-2-..
820 717 1060 743 ιΙΑ-Α.--..
1122 719 1349 743 2--.-ΑΑ-
1428 726 1474 743 Α.
1523 716 1546 743 Ϊ
1568 733 1723 743 ...ιι-..ι
1803 716 2009 743 ng...”

466 720 768 784 \latthiam,
820 717 1062 773 Marcum
1122 719 1369 788 insuper,
1425 726 1480 773 et
1523 716 1749 784 Lucam,
1796 716 2032 783 Iustum,

470 751 744 776 πδιιιιιιιιιι
821 751 1062 773 ηιαιυιιιιι
1123 751 1246 773 Illa“
1326 751 1369 783 Ι,
1425 751 1480 773 ει
1524 751 1749 784 μυιαιιι,
1796 751 2032 783 συδιυιιι,

428 751 788 958 ‘Barnabam’,
818 808 1119 879 A-ppellem,
1149 751 1395 873 Rugum,
1417 807 1665 878 Nigrum,
1689 823 1752 863 ae
1776 808 2035 879 reliquos,

463 898 538 953 uti
576 900 839 958 diximus,
873 915 1021 954 Lxxn
1052 900 1270 958 adiecit.
1308 899 1520 958 Quibus
1552 914 1676 953 cum
1705 899 1869 954 etiam
1905 916 2034 955 san—

463 898 538 953 uti
576 900 839 964 diximus,
873 915 1021 954 Lxxn
1052 900 1270 970 adjecit.
1308 899 1520 967 Quibus
1552 914 1676 953 cum
1705 899 1869 954 etiam
1905 916 2034 955 san—

460 995 609 1043 ctum
633 990 860 1043 Paulum
892 999 1083 1059 suapte
1107 990 1175 1045 de
1205 989 1344 1043 caelo
1375 1004 1506 1044 voce
1527 990 1694 1043 missa
1726 990 2035 1059 apostolum

459 1081 703 1150 gentium
733 1095 797 1135 ac
826 1096 1155 1150 praeconem,
1183 1088 1237 1135 et
1267 1080 1578 1150 apostoliea:
1606 1081 1872 1136 doctrina:
1903 1097 2035 1136 eone

460 1180 853 1227 summatorem
880 1172 1136 1229 instituit.
1164 1171 1266 1239 Qui
1290 1172 1505 1243 quidem
1537 1182 1785 1228 sanctum
1806 1173 2033 1238 Lucam,

461 1271 522 1317 ut
563 1270 902 1329 memorant,
952 1280 1121 1319 unum
1173 1280 1204 1319 e
1249 1279 1397 1318 eru
1449 1262 1741 1335 discipulis
1783 1265 1884 1335 51
1941 1266 2034 1335 qui

457 1354 642 1410 varias
668 1354 723 1409 in
753 1355 1005 1424 regiones
1044 1355 1296 1424 dissipati
1343 1354 1582 1421 fuerant,
1611 1356 1848 1419 reduxit,
1877 1371 2034 1410 eum-

457 1460 567 1515 que
604 1443 861 1499 comitem
889 1453 944 1499 et
976 1444 1281 1514 adjutorem
1313 1445 1589 1517 Evangelii
1616 1447 1780 1502 simul
1813 1457 1867 1502 et
1905 1462 2031 1517 apo-

457 1533 657 1588 stolum
688 1533 957 1588 adhibuit.
988 1532 1103 1589 Hoc
1133 1535 1296 1589 modo
1331 1543 1501 1590 totum
1547 1535 1825 1605 Evangelii
1865 1553 2035 1608 nego-

458 1622 593 1679 tium
623 1622 691 1678 ad
729 1623 781 1703 id
815 1639 990 1694 usque
1022 1626 1283 1695 temporis
1309 1625 1620 1681 confectum
1649 1635 1751 1683 est.

528 1737 710 1808 Atque
739 1738 1010 1794 hactenus
1040 1738 1106 1793 de
1145 1755 1195 1792 ιι
1229 1739 1420 1807 sectis,
1451 1740 1630 1811 deque
1659 1756 1726 1796 eo
1759 1742 1905 1812 quod
1940 1757 2035 1797 or-

459 1828 588 1884 dine
628 1838 984 1885 consecutum
1022 1842 1126 1894 est,
1172 1840 1226 1885 et
1272 1846 1302 1884 a
1347 1846 1433 1886 me
1476 1846 1576 1902 pro
1626 1832 1823 1887 virium
1869 1842 2035 1903 captu

457 1918 653 1987 paucis
682 1919 1037 1989 explicatum,
1072 1921 1385 1991 evangelica
1428 1922 1641 1976 scilicet
1683 1922 1824 1989 luce,
1854 1939 1975 1994 quae
2004 1939 2035 1978 a

455 2008 681 2065 ChriSto
705 2009 957 2077 Domino,
977 2012 1287 2082 Christique
1306 2013 1592 2084 discipulis
1617 2015 1735 2070 orbi
1761 2023 2032 2070 terrarum

459 2096 610 2152 illata
640 2098 764 2153 fuit.
796 2098 1005 2165 Quibus
1027 2116 1056 2152 a
1080 2114 1166 2154 me
1189 2100 1352 2155 dictis
1379 2109 1747 2156 consentanea
1775 2101 2036 2171 pleraque

456 2190 714 2261 colligere
740 2190 888 2254 licet,
911 2205 975 2244 ac
1003 2192 1260 2245 vaticinia
1280 2199 1334 2247 et
1355 2194 1579 2248 oracula
1605 2207 1672 2248 ex
1694 2193 1812 2265 lege
1839 2194 2033 2257 veteri,

454 2279 542 2336 vel
568 2279 800 2336 Psalmis
831 2280 1064 2351 aliisque
1109 2282 1266 2339 libris
1311 2284 1658 2355 conquirere,
1695 2294 1749 2340 et
1791 2287 2034 2339 omnium

457 2371 1063 2444 seriem,ordinemque
1101 2376 1470 2443 perscrutari;
1517 2392 1583 2431 ex
1625 2376 1806 2446 iisque
1850 2375 2035 2431 lncar-

457 2461 737 2516 nationem
790 2462 996 2518 Christi
1058 2462 1274 2519 Domini
1335 2468 1625 2538 perspicue
1677 2469 2036 2538 comprobare

457 2567 568 2607 non
595 2554 1026 2624 supposititiam,
1060 2557 1155 2613 sed
1197 2572 1382 2613 veram
1434 2561 1737 2624 exstitisse,
1782 2570 1945 2632 atque
1979 2562 2032 2616 in

456 2643 575 2714 lege
603 2644 771 2699 veteri
805 2646 1135 2715 nuntiatam,
1164 2655 1223 2702 ut
1245 2649 1313 2704 de
1343 2665 1408 2704 eo
1438 2651 1621 2707 nullus
1651 2652 1722 2707 sit
1749 2651 2032 2708 dubitandi

457 2735 612 2791 locus
644 2735 891 2791 relictus.
923 2735 1029 2792 Sed
1063 2754 1131 2793 ne
1155 2739 1320 2808 hujus
1344 2742 1526 2811 aperis
1552 2744 1807 2798 tractatio
1838 2745 1893 2798 in
1919 2743 2037 2798 inti-

457 2826 634 2880 nitum
672 2833 977 2892 excrescat,
1009 2827 1096 2883 bis
1130 2844 1254 2899 quae
1295 2831 1441 2886 dicta
1489 2842 1621 2888 sunt
1651 2836 1859 2891 erimus
1902 2850 2035 2891 con-

453 2914 612 2969 tenti.
1206 2920 1212 2929 '

524 3026 604 3081 Ac
646 3025 906 3099 deinceps
952 3030 1242 3101 opiniones
1294 3033 1440 3099 illas,
1487 3051 1611 3108 qua:
1654 3038 1709 3093 in
1742 3039 2030 3094 hominum

452 3116 620 3173 vitam
646 3130 833 3188 postea
859 3122 1101 3192 pessimo
1124 3125 1309 3182 colore
1334 3141 1400 3182 ac
1424 3130 1608 3198 specie
1634 3131 1858 3200 prolatae
1882 3140 2031 3196 sunt,

432 3208 641 3266 eadem
674 3215 817 3269 serie
855 3224 1165 3285 pertexam:
1215 3228 1572 3292 posteaquam
1615 3238 1670 3276 xx
1717 3222 2031 3278 Iudaeorum
2060 3254 2074 3267 κ

455 3300 1042 3375 Satnaritanorumque
1095 3318 1280 3366 sectas
1338 3325 1464 3365 cum
1520 3313 1897 3381 superioribus
1953 3331 2029 3379 ix,

450 3406 574 3462 quae
602 3395 798 3455 partim
839 3412 870 3451 e
902 3396 1128 3461 Graecis,
1160 3400 1358 3468 partim
1398 3417 1465 3456 ex
1511 3402 1759 3460 barbaris
1800 3406 2031 3477 aliisque

451 3483 701 3540 conﬂatae
743 3496 873 3542 sunt
918 3498 1049 3546 ante
1099 3489 1401 3548 Salvatoris
1447 3494 1761 3560 adventum,
1795 3497 1861 3551 ad
1915 3497 2031 3551 haec

453 3588 629 3645 usque
656 3583 903 3648 tempora
935 3580 1121 3636 habita
1156 3581 1444 3640 brevitatis
1476 3586 1690 3642 ratione
1714 3589 2026 3658 percensui.

774 3710 852 3766 De
878 3711 1201 3780 Nazarem's,
1235 3718 1341 3772 sive
1368 3717 1709 3776 Christianis.

504 3842 904 3902 -Nazar:eorum
927 3849 1043 3906 sive
1064 3849 1504 3908 Christianorum
1528 3861 1613 3910 est
1640 3855 1733 3925 qui
1766 3870 1796 3910 a
1826 3855 2027 3913 Iudaeis

449 3930 601 3989 brevi
624 3933 911 4025 interjecto
937 3948 1180 4010 tempore
1196 3952 1424 3999 vocatus
1441 3952 1524 3999 est
1543 3943 2024 4012 Christianismus,

448 4029 505 4077 et
535 4022 606 4078 ab
635 4022 772 4094 ipsis
807 4022 944 4081 adeo
978 4029 1242 4098 apostolis
1272 4029 1327 4083 id
1355 4045 1557 4085 nomen
1594 4032 1851 4100 obtinuit,
1895 4049 2021 4089 cum

449 4113 524 4167 ita
551 4111 747 4172 Petrus
770 4116 989 4173 locutus
1017 4119 1110 4184 sit,
1135 4118 1320 4175 Iesum
1345 4119 1688 4177 Nazarenam
1710 4125 1888 4199 uirum
1909 4141 2028 4194 pro-

448 4207 629 4259 batum
653 4224 686 4261 α
709 4206 821 4262 Deo
843 4209 883 4272 ⁸,
917 4218 1027 4267 etc.
1058 4208 1255 4267 Postea
1282 4229 1414 4269 vero
1434 4215 1737 4271 Antiochiae
1758 4216 2026 4274 Christia-

2145 349 2408 412 Φίλιππος
2427 387 2441 411 ,
2471 348 2774 420 Πρόχορος,
2805 348 3091 420 Νικάνωρ,
3122 348 3342 419 Τίμων,
3378 349 3685 423 Παρμηνᾶς,

2145 444 2239 496 καὶ
2268 440 2555 504 Νικόλαος.
2578 440 2693 511 Πρὸ
2719 440 2924 493 τούτων
2948 440 3007 493 δὲ
3034 439 3303 506 Ματθίας,
3328 443 3356 495 ό
3388 444 3504 498 ἀντί
3539 447 3689 504 Ἰούδα

2146 531 2552 605 συμψηφισθεὶς
2596 530 2735 602 μετά
2774 529 3258 586 τῶνάποστόλων.
3305 533 3456 587 Μετά
3485 536 3687 604 τούτους
3720 568 3724 572 υ

2143 624 2200 678 δὲ
2223 604 2354 686 τοὺς
2382 604 2522 676 ἑπτὰ
2555 623 2649 676 καὶ
2687 620 2937 676 Ματθίαν
2969 622 3061 674 τὸν
3098 622 3204 694 πρὸ
3233 620 3432 689 αὐτῶν,
3459 626 3688 698 Μάρκον,
3709 662 3745 683 -.-

2142 715 2379 778 Λουκᾶν,
2412 710 2663 776 Ἰοῦστον,
2694 709 3003 781 Βαρνάϐαν,
3030 711 3125 789 καί
3158 709 3438 781 Ἀπελλῆν,
3463 703 3717 785 Ῥοῦφον.ὶ

2142 806 2374 878 Νίγερα,
2404 804 2500 857 καὶ
2526 804 2650 867 τοὺς
2674 802 2891 864 λοιποὺς
2925 800 3032 855 τῶν
3067 800 3540 872 ἑϐδομηκονταδύο.
3569 809 3689 862 Μετ’

2142 899 2338 962 αὐτοὺς
2363 896 2420 950 δὲ
2453 894 2659 958 πάντας
2703 893 2798 947 καὶ
2845 893 2941 946 σὺν
2971 892 3153 955 αὐτοῖς
3202 892 3410 946 Παῦλον
3442 895 3527 948 τὸν
3555 897 3693 966 ἀγιον

2143 977 2440 1043 ἀπόστολον
2470 986 2559 1041 διὰ
2595 986 2776 1055 φωνῆς
2822 983 2956 1046 ἰδίας
3004 984 3098 1036 ἀπ’
3144 982 3372 1054 οὐρανοῦ
3420 987 3693 1045 ἀπόστολον

2144 1079 2289 1152 ὁμοῦ.
2314 1081 2408 1133 καὶ
2443 1080 2661 1150 κήρυκα
2685 1073 2885 1138 ἐθνῶν,
2917 1074 3011 1128 καὶ
3040 1072 3331 1145 πληρωτὴν
3356 1077 3695 1149 ἀποστολικῂ

2141 1169 2488 1232 διδασκαλίας
2540 1165 2836 1234 ἐξελέξατο.
2899 1166 2995 1228 Ὃς
3050 1164 3365 1235 εὑρίσκεται
3424 1167 3513 1220 τὸν
3558 1168 3696 1236 ἄτιον

2143 1263 2356 1316 Λουκᾶν
2396 1261 2526 1314 ὄντα
2554 1260 2662 1312 τῶν
2695 1256 3158 1327 ἑϐδομηκονταδύο
3205 1256 3311 1311 τῶν
3352 1258 3700 1330 ἐσκορπισμέ-

2084 1351 2107 1365 “
2143 1371 2283 1417 νων,
2334 1351 2668 1424 ἐπιστρέψας
2691 1390 2705 1415 ,
2746 1348 2839 1402 καὶ
2884 1348 3173 1402 ἀκόλουθον
3229 1348 3409 1420 ἑαυτῷ
3451 1352 3697 1423 ποιήσας.

2147 1444 2406 1519 συνεργὸν
2447 1443 2541 1496 τοῦ
2575 1441 2910 1511 Εὑαγγελίου
2937 1440 3073 1512 ὁμοῦ
3115 1440 3209 1495 καὶ
3246 1439 3559 1495 ἀπόστολον.
3601 1443 3700 1495 Καὶ

2143 1535 2315 1599 οὕτως
2340 1533 2592 1605 ἐτελέσθη
2625 1536 2658 1605 ἠ
2693 1533 2842 1587 πᾶσα
2868 1531 3210 1603 Εὐαγγελικὴ
3230 1530 3589 1619 ,πραγματεία
3606 1530 3699 1594 ἕως

2070 1624 2109 1678 Β
2137 1626 2327 1680 τούτου
2357 1626 2450 1679 τοῦ
2478 1628 2689 1698 χρόνου.

2211 1738 2402 1791 Ἔσται
2442 1737 2500 1790 δέ
2547 1756 2635 1809 μοι
2677 1739 2705 1791 ὁ
2746 1737 2900 1807 λόγος
2933 1737 3039 1800 ἕως
3081 1728 3181 1789 ὦδε
3218 1734 3351 1805 περὶ
3390 1735 3498 1789 τῶν
3527 1736 3703 1790 ἕνδεκα

2138 1829 2421 1901 αἱρέσεων,
2456 1830 2549 1881 καὶ
2573 1829 2672 1899 τῆς
2707 1827 2848 1882 κατά
2879 1826 3105 1897 δύναμιν
3146 1825 3470 1889 ἀκολουθίας
3501 1828 3555 1879 ἐν
3588 1844 3704 1879 συν-

2136 1921 2287 1992 τόμῳ
2325 1938 2414 1990 μοι
2448 1919 2775 1991 εἰρημένης,
2814 1918 3176 1989 εὐαγγελικῆς
3217 1918 3581 1987 φωταγωγίας
3615 1917 3704 1986 τῆς

2138 2013 2193 2064 ἐν
2221 2013 2408 2082 κόσμῳ
2438 2012 2508 2064 δι’
2529 2010 2696 2064 αὐτοῦ
2742 2011 2835 2063 καὶ
2862 2009 2972 2062 τῶν
2999 2008 3256 2079 μαθητῶν
3291 2008 3462 2062 αὐτοῦ
3489 2024 3705 2077 γεγενη-

2141 2103 2306 2175 μένης
2327 2122 2339 2133 ο
2370 2103 2462 2167 οὓς
2494 2103 2560 2156 τὰ
2592 2104 2752 2173 ὅμοια
2794 2100 3043 2168 συλλέξαι
3069 2141 3084 2164 ,
3138 2100 3232 2153 καὶ
3276 2097 3616 2170 παραθέσθαι
3644 2098 3708 2148 τὰ

2138 2195 2594 2266 προθεσπίσματά
2624 2212 2683 2248 τε
2718 2195 2811 2248 καὶ
2850 2193 2949 2257 τάς
3000 2191 3341 2264 προφητείας
3386 2190 3494 2244 ἀπὸ
3537 2187 3708 2260 Νόμου

2136 2301 2195 2337 τε
2228 2285 2322 2338 καὶ
2349 2284 2596 2355 Ψαλμῶν
2635 2278 2868 2338 καὶίτῶν
2894 2283 3068 2337 ἄλλων
3098 2281 3196 2344 τὰς
3224 2278 3553 2342 ἀκολουθίας
3574 2320 3588 2343 ,
3626 2277 3711 2330 καὶ

2136 2375 2235 2440 τὰς
2265 2377 2488 2445 ἀγωγὰς
2532 2376 2738 2446 ἔνεστιν
2775 2377 2924 2439 ἰδεῖν,
2959 2375 3052 2427 καὶ
3095 2374 3196 2444 τὴν
3236 2371 3528 2444 ἀκρίϐειαν
3554 2386 3711 2424 κατα-

2136 2468 2435 2528 λαϐέσθαι,
2479 2469 2555 2532 ὡς
2611 2469 2671 2521 οὐ
2707 2467 2859 2531 νόθος
2884 2509 2898 2534 ,
2931 2466 3046 2521 ἀλλ’
3077 2464 3311 2536 ἀληθὴς,
3345 2464 3439 2518 καὶ
3494 2477 3711 2533 προκατ-

2138 2559 2420 2629 αγγελθεὶς
2443 2560 2463 2590 ¹
2506 2559 2613 2611 ἀπὸ
2649 2560 2747 2630 τῆς
2779 2560 3020 2621 Παλαιᾶς
3048 2556 3331 2627 Διαθήκης
3362 2551 3712 2625 ἀναμφίὸολός

2138 2646 2285 2705 ἐστιν
2311 2653 2343 2722 ἡ
2372 2650 2633 2721 ἔνσαρκος
2663 2649 2900 2719 Χριστοῦ
2933 2648 3223 2719 παρουσία,
3256 2648 3362 2703 καὶ
3394 2642 3713 2713 εὐαγγελικὴ

2135 2743 2474 2797 διδασκαλία.
2508 2742 2625 2795 Ἵνα
2669 2741 2725 2794 δὲ
2777 2741 2852 2813 μὴ
2901 2741 2981 2804 είς
3025 2740 3188 2809 ὄγκον
3240 2737 3589 2809 παρεκτείνω
3621 2735 3714 2804 τὴν

2136 2835 2235 2905 τῆς
2290 2832 2593 2899 συντάξεως
2646 2832 3050 2905 πραγματείαν,
3103 2830 3323 2895 τούτοις
3387 2827 3709 2902 ἀρκεσθήσοο

2062 2964 2104 3021 C
2143 2944 2261 2999 μαι.

2215 3039 2425 3110 Προϊὼν
2453 3038 2510 3091 δὲ
2544 3037 2743 3109 ἐφεξῆς
2774 3037 2872 3102 τὰς
2900 3038 3195 3107 μετέπειτα
3226 3036 3308 3109 τῷ
3339 3035 3441 3107 βίῳ
3480 3028 3708 3100 ἐπιφυεί·

2144 3147 2239 3195 σας
2289 3130 2380 3183 ἐπὶ
2420 3133 2564 3202 κακῇ
2609 3130 2875 3202 προφάσει
2931 3129 3088 3195 δόξας
3119 3131 3328 3200 ὁμοίως
3360 3123 3712 3197 διαγορεύσωι

2141 3219 2240 3291 ἤδη
2273 3221 2372 3284 τὰς
2405 3222 2594 3274 ἕνδεκα
2627 3221 2725 3285 τὰς
2754 3221 2863 3275 ἀπὸ
2903 3220 3165 3275 Ἰουδαίων
3195 3222 3294 3275 καὶ
3344 3214 3711 3307 Σαμαρειτῶν.
3766 3292 3777 3307 υ

2140 3312 2234 3366 καὶ
2271 3310 2369 3375 τὰς
2408 3313 2513 3384 πρὸ
2541 3312 2716 3366 αὐτῶν
2758 3313 2914 3366 ἐννέα
2953 3313 3010 3379 ἐξ
3049 3312 3350 3382 Ἑλλήνων,
3383 3311 3483 3365 καὶ
3520 3305 3710 3380 βαρϐά-

2142 3416 2280 3474 ρων,
2314 3403 2409 3457 καί
2434 3403 2543 3457 τῶν
2575 3404 2750 3458 ἄλλων
2778 3403 3076 3474 γενομένας
3123 3403 3230 3475 πρὸ
3259 3405 3363 3471 τῆς
3392 3401 3489 3454 τοῦ
3521 3398 3714 3470 Κυρίου

2140 3496 2460 3565 παρουσίας,
2504 3498 2595 3550 καὶ
2636 3496 2741 3560 ἓως
2784 3495 2949 3551 αὐτοῦ
2982 3495 3077 3549 τοῦ
3109 3496 3303 3567 χρόνου
3346 3493 3583 3566 μετρίως
3618 3491 3717 3543 ἀπ-

2137 3583 2260 3656 αριθ
2269 3602 2341 3656 μη
2350 3585 2597 3655 σάμενος.

2357 3722 2494 3789 Περὶ
2526 3721 2890 3790 Ναζωραίων,
2925 3721 3056 3790 ἦτοι
3092 3718 3496 3790 Χριστιανῶν.

2205 3853 2577 3928 Ναζωραίων,
2632 3856 2660 3910 ὃ
2712 3856 2829 3909 ἐστι
2881 3852 3258 3927 Χριστιανῶν,
3314 3855 3347 3907 ὁ
3394 3851 3617 3924 κληθεὶς
3665 3854 3719 3899 ἐν

2134 3947 2297 4018 ὀλίγῳ
2334 3947 2510 4019 χρόνῳ
2538 3947 2642 4000 ὑπὸ
2687 3947 2954 4001 Ἰουδαίων
2985 3946 3453 4018 Χριστιανισμδς,
3509 3945 3602 3997 καὶ
3634 3940 3718 3994 ὑπ’

2132 4039 2310 4093 αὐτῶν
2344 4038 2452 4092 τῶν
2488 4038 2831 4104 ἀποστόλων,
2876 4039 3127 4107 λέγοντος
3180 4038 3404 4109 Πέτρου
3429 4052 3444 4066 ο
3493 4031 3719 4103 Ἰησοῦν

2134 4115 2240 4186 τόν
2278 4132 2610 4201 Ναζωραῖον
2632 4172 2646 4195 ,
2684 4128 2885 4200 ἄνδρα
2928 4129 3448 4200 ἀποδεδειγμένον
3492 4128 3566 4181 ἐκ
3623 4122 3723 4179 τοῦ

2135 4223 2304 4289 Θεοῦ,
2336 4224 2429 4277 καὶ
2458 4225 2526 4278 τά
2560 4224 2688 4295 ἑξῆς
2710 4242 2723 4255 ·
2761 4223 2989 4294 ὕστερον
3025 4222 3083 4275 δὲ
3107 4222 3220 4276 ἀπὸ
3259 4219 3603 4291 Ἀντιοχείας
3629 4217 3722 4284 ἀρ·

447 4294 662 4351 nismus
704 4300 967 4369 appellari
1000 4304 1188 4365 cmpit.
1229 4303 1326 4361 Est
1357 4314 1413 4362 et
1443 4308 1550 4363 alia
1591 4311 1812 4382 proprie
1848 4310 2025 4369 Naza-

2145 4309 2362 4382 Ξάμενος
2385 4294 2662 4367 καλεῖσθαι
2690 4311 3131 4385 Χριστιανισμός.
3162 4311 3334 4365 Ἔστι
3360 4311 3421 4365 δὲ
3447 4310 3544 4364 καὶ
3573 4306 3724 4378 φύσει

448 4399 682 4441 raeorum
717 4398 889 4456 secta,
922 4392 990 4447 de
1020 4396 1219 4463 quibus
1254 4412 1356 4453 suo
1373 4398 1493 4453 loco
1520 4399 1943 4471 disputabimus.

454 4760 463 4763 λ
521 4734 679 4790 'Aet.
711 4752 772 4803 tt,
804 4735 895 4792 22.
978 4741 998 4771 ²
1022 4739 1170 4796 Fort.
1207 4749 1756 4818 προκαταγγελθεῖσα.

2127 4402 2335 4473 αἵρεσις
2369 4402 2729 4476 Ναζωραίων,
2759 4404 2889 4476 περὶ
2926 4397 3003 4458 ὧν
3052 4402 3297 4474 καθεξῆς
3331 4402 3567 4473 λέξομεν
3595 4395 3724 4451 κατά

2133 4492 2222 4545 τὸν
2247 4493 2439 4562 καιρὸν
2462 4494 2563 4564 τῆς
2587 4494 2928 4558 ἀκολουθίας.

3125 4612 3153 4643 /

3770 3390 3799 3413 ο
