3870 6068
377 220 487 278 283

1788 224 1848 282 s.
1890 224 2233 310 animum;

3533 217 3640 275 εει

380 336 697 392 lutulentos.
742 336 826 393 Ab
852 337 975 394 istis
1023 336 1274 405 Barbelo,
1333 338 1447 394 sive
1470 338 1727 408 Barbero,
1770 343 1961 400 nescio

2092 343 2190 407 ob;
2218 342 2493 410 λέγουσιν·
2526 339 2675 395 ἄλλοι
2693 339 2751 393 δὲ
2789 336 3116 410 Βορ6ορίτας
3142 334 3336 397 αὐτοὺς
3366 331 3638 387 καλοῦσιν.

377 443 502 500 quae
532 428 816 499 praedicari
849 432 1007 485 solet.

456 520 566 575 γυ.
594 520 1005 592 Carpocratiani
1036 538 1067 576 a
1099 523 1432 592 Carpocrate
1460 523 1694 594 quodam
1724 523 1967 582 Asiatico

382 613 538 674 dicti,
574 614 666 683 qui
703 615 768 668 ad
798 630 961 668 omne
998 615 1397 683 turpitudinum
1425 632 1487 671 ac
1514 615 1841 687 ﬂagitiorum
1871 633 1964 688 ge-

384 722 491 759 nus
533 706 837 774 discipulos
886 705 1244 761 inforniabat.
1283 707 1436 774 Quod
1489 709 1533 763 si
1572 709 1718 778 quis,
1763 709 1961 775 aiebat,

386 816 494 852 non
528 799 707 851 omnia
751 799 1104 866 po-rcurrerit.
1140 814 1316 871 neque
1342 802 1671 865 daemonum,
1716 810 1771 855 et
1802 817 1966 872 ange-

388 892 563 942 lorum
595 890 838 943 omnium
876 891 1140 944 voluntati
1180 891 1530 953 satisfecerit.
1563 908 1876 961 supremum
1909 894 1966 947 in

387 986 583 1036 malum
612 982 767 1036 evehi
801 982 1023 1037 minime
1048 992 1245 1052 potest,
1276 999 1452 1053 neque
1483 985 1842 1053 principatus,
1870 1001 1968 1055 po-

387 1082 727 1143 testatesque
783 1074 1195 1129 transcendere.
1241 1074 1535 1143 Asserebat
1590 1074 1731 1129 idem
1778 1074 1965 1131 Jesum

386 1174 571 1231 tuente
610 1167 893 1236 praeditam
930 1167 1169 1220 animam
1202 1167 1525 1235 sumpsisse,
1570 1177 1625 1221 et
1654 1169 1967 1238 cegnitione

390 1257 702 1310 caelestium
735 1258 1003 1312 imbutum
1041 1257 1354 1312 hominibus
1386 1272 1449 1311 ea
1483 1259 1767 1314 nuntiasse
1789 1237 1890 1314 {ac
1918 1260 1968 1316 si

390 1348 517 1416 quis
564 1348 778 1409 cadent,
811 1363 932 1417 quae
976 1346 1136 1402 Jesus
1180 1348 1332 1411 olim,
1375 1356 1675 1418 perpetret,
1717 1349 1860 1404 haud
1900 1364 1968 1405 eo

391 1439 704 1493 interiorem
742 1438 1008 1495 futurum.
1044 1439 1268 1497 Demum
1300 1441 1470 1511 legem
1505 1457 1611 1495 una
1658 1457 1781 1497 cum
1823 1458 1968 1498 mor-

390 1536 613 1582 tuorum
646 1534 1050 1585 resurrectione
1080 1532 1393 1594 damnabat,
1421 1534 1880 1615 quemadmodum
1915 1542 1969 1590 et

394 1616 722 1684 Simoniani,
773 1624 1067 1692 eieterique
1106 1638 1317 1688 omnes,
1357 1637 1495 1693 quos
1525 1625 1813 1696 hucusque
1846 1642 1970 1697 per-

2065 427 2225 487 Οῦτοι
2252 433 2351 504 τὴν
2389 429 2647 503 Βαρὸελὼ
2669 431 2762 484 καὶ⁸
2788 426 3047 501 Βαρϐερὼ
3076 425 3321 497 αὐχοῦσι.

2140 524 2212 580 Ζ’.
2244 523 2741 595 Καρποκρατιανοὶ,
2769 520 2877 574 ἀπὸ
2908 517 3336 590 Καρποκράτους
3368 510 3515 575 τινδς
3534 512 3641 565 τῶν

2066 615 2124 669 ὲν
2154 617 2218 686 τῇ
2264 615 2439 686 Ἀσίᾳ,
2473 615 2533 678 ὃς
2557 614 2801 667 ἐδίδασκε
2840 613 3021 664 πᾶσαν
3065 606 3455 680 αἰσχρουργίαν
3490 608 3643 659 ὲκτε-

2066 708 2195 773 λεῖν,
2229 707 2322 761 καὶ
2349 708 2455 759 πᾶν
2488 704 2825 775 ἐπιτήδευμα
2870 700 3165 773 ἁμαρτίας.
3198 700 3305 753 Καὶ
3348 700 3397 752 εί
3435 699 3509 768 μή
3536 715 3640 761 τις,

2069 799 2222 869 φησὶ,
2254 796 2343 850 διὰ
2391 796 2608 850 πάντων
2643 792 2922 864 παρέλθοι,
2966 792 3058 844 καὶ
3086 790 3146 842 τὸ
3173 789 3382 859 θέλημα
3426 790 3641 842 πάντων

2065 888 2174 944 τῶν
2228 886 2496 957 δαιμόνων
2540 884 2635 938 καὶ
2684 882 2929 951 ἀγγέλων
2979 880 3254 952 ἐκτελέσῃ.
3304 881 3364 933 οὐ
3422 879 3644 933 δύναται

2069 981 2170 1032 ύπε
2182 978 2375 1050 ρόἧναι
2405 978 2485 1039 είς
2508 974 2599 1028 τὸν
2628 972 2901 1027 ἀνώτατον
2930 971 3178 1042 οὐρανὸν,
3207 970 3325 1023 οὐδὲ
3350 970 3448 1034 τὰς
3471 970 3644 1042 ἀρχὰς

2068 1072 2164 1126 καὶ
2193 1070 2291 1133 τὰς
2333 1067 2579 1135 ἐξουσίας
2622 1063 2931 1136 παρελθεῖν.
2970 1064 3163 1131 Ἔλεγε
3210 1061 3266 1115 δὲ
3308 1062 3401 1115 τὸν
3438 1062 3645 1133 Ἰησοῦν

2066 1160 2244 1232 ψυχὴν
2291 1158 2484 1231 νοεράν
2519 1155 2819 1227 εἰληφέναι,
2855 1153 3032 1208 εἰδότα
3076 1152 3132 1205 δὲ
3161 1152 3233 1206 τά
3260 1151 3371 1206 ἄνω
3414 1152 3646 1206 ἐνταῦθα

2069 1251 2486 1322 καταγγέλλειν·
2526 1249 2621 1327 καὶ
2657 1248 2733 1312 ὡς
2767 1248 2820 1300 εί
2847 1264 2898 1300 τι
2933 1245 3188 1317 πράξειεν
3231 1246 3391 1315 ὃμοια
3420 1243 3501 1317 τῷ
3543 1247 3649 1315 Ἰη-

2072 1347 2188 1412 σοῦ,
2222 1346 2342 1401 κατ’
2376 1345 2537 1399 αὐτὸν
2565 1339 2727 1398 εἶναι.
2762 1343 2865 1396 Τόν
2891 1358 2952 1394 τε
2985 1342 3147 1412 νόμον
3176 1341 3273 1394 σὺν
3314 1342 3380 1410 τῇ
3424 1337 3535 1391 τῶν
3559 1354 3646 1390 νε-

2070 1437 2219 1509 κρῶν
2253 1436 2544 1489 ἀναστάσει
2574 1432 2936 1503 ἀπηγόρευεν,
2959 1432 3033 1494 ὡς
3058 1431 3114 1484 αἱ
3147 1428 3256 1484 ἀπὸ
3278 1429 3517 1499 Σίμωνος
3553 1426 3645 1479 καὶ

2068 1528 2230 1600 δεῦρο
2277 1527 2534 1598 αἱρέσεις.
2584 1524 2785 1577 Τούτου
2828 1522 3050 1592 γέγονεν
3092 1523 3124 1593 ἡ
3161 1523 3217 1574 ὲν
3263 1518 3449 1592 Ῥώμῃ
3491 1518 3646 1587 Μαρ-

2072 1619 2312 1673 κελλίνα.
2367 1614 2677 1680 Είκόναςδὲ
2709 1617 2937 1686 ποιήσας
2979 1615 3035 1666 ὲν
3080 1613 3263 1684 κρυφῇ
3308 1609 3505 1681 Ἰησοῦ,
3553 1608 3646 1661 καὶ

390 1708 604 1763 censui.
643 1708 721 1763 Ex
768 1710 932 1777 hujus
968 1726 1132 1782 grege
1161 1711 1473 1768 Marcellino
1505 1716 1595 1768 illa
1633 1693 1816 1770 Roma
1844 1693 1965 1771 i‘uit.

2092 1710 2307 1773 Ῑαύλου,
2335 1709 2430 1763 καὶ
2476 1708 2735 1779 Ὀμήρου,
2766 1705 2859 1759 καὶ
2892 1704 3231 1776 Πυθαγόρου,
3260 1702 3482 1764 ταύταις
3525 1699 3648 1753 ἔθυ-

389 1798 571 1870 Αιψιε
602 1801 742 1855 idem
769 1801 920 1861 Jesu.
956 1800 1241 1872 Paulique,
1288 1817 1390 1858 nec
1424 1820 1533 1860 non
1563 1813 1617 1859 et
1653 1804 1870 1860 Homeri
1905 1821 1969 1861 ac

396 1890 717 1963 Pythagora;
759 1893 1069 1948 clanculum
1118 1895 1383 1964 imagines
1428 1895 1658 1967 ﬁngens,
1696 1897 1970 1953 sumtibus

394 1999 489 2040 eas
526 1996 577 2039 et
601 1985 918 2040 adoratione
950 1997 1274 2055 prosecutus
1304 1997 1412 2043 est.
1767 2036 1777 2047 κ

468 2075 582 2131 VIII
642 2077 1006 2140 Cerinthiaui,
1061 2079 1177 2134 sive
1210 2078 1579 2143 Merinthiani,
1612 2096 1640 2134 a
1668 2080 1927 2136 Cerintho
1952 2121 1969 2146 ,

397 2169 481 2224 vel
517 2168 785 2224 Merintho
809 2168 1022 2225 Judaici
1069 2173 1286 2241 generis
1335 2173 1686 2237 exstiterunt,
1727 2174 1818 2243 qui
1863 2173 1974 2228 cir-

396 2261 786 2316 cumcisionem
822 2277 930 2332 prae
958 2278 1018 2318 se
1052 2263 1317 2323 ferebant.
1365 2263 1622 2319 Mundnm
1656 2265 1724 2319 ab
1766 2263 1974 2335 angelis

397 2357 750 2422 fabricatum,
789 2356 975 2412 Jesum
1012 2359 1077 2413 ad
1126 2357 1335 2413 Christi
1372 2357 1695 2428 dignitatem
1741 2373 1837 2428 per
1872 2358 1976 2412 vir-

395 2456 572 2504 tutum
601 2449 932 2504 incrementa
963 2436 1279 2519 pervenisse
1303 2450 1583 2505 dixerunt.
1786 2496 1801 2501 -

468 2537 560 2591 IX.
602 2536 868 2593 Nazareni
910 2538 986 2591 ita
1017 2536 1202 2592 Iesum
1251 2553 1375 2593 esse
1420 2538 1724 2601 Christum,
1775 2536 2012 2607 Deique‘

397 2626 596 2684 Filium
645 2639 1019 2693 asseruerunt,
1062 2636 1120 2683 ut
1156 2628 1323 2685 Mosis
1374 2629 1546 2700 legem
1579 2628 1809 2683 omnino
1854 2630 1978 2684 vitae

399 2720 468 2777 ad
496 2721 802 2775 institutum
833 2721 1186 2775 adsciverint.

473 2809 539 2866 Χ.
591 2810 1005 2874 Cerinthianis,
1064 2825 1129 2864 ac
1175 2808 1473 2864 Nazarenis
1532 2806 1795 2863 simillimi
1848 2817 1979 2864 sunt

400 2894 690 2962 Ehionitae,
727 2902 928 2971 quibus
965 2915 1089 2954 cum
1142 2899 1457 2970 Sampsmis,
1498 2909 1553 2954 et
1583 2898 1838 2955 Elcesaeis
1879 2901 1979 2955 ali—

402 3008 510 3064 qua
541 3008 607 3047 ex
635 2998 787 3063 parte
813 2992 1092 3046 convenit.
1152 2991 1214 3046 lli
1254 2991 1532 3046 Christum
1564 2993 1618 3046 in
1654 2994 1798 3047 caelo
1822 3008 1978 3047 crea-
2002 3020 2049 3081 Ω

401 3093 542 3146 tum.
593 3086 823 3154 ejusque
872 3094 1122 3140 sanctum
1172 3084 1433 3154 Spiritum
1482 3083 1770 3139 allirmant.
1822 3083 1977 3140 Ilium

402 3174 583 3245 ipsum
618 3174 671 3228 in
704 3175 970 3229 Adamqu
1007 3189 1128 3230 sese
1162 3174 1429 3231 infudisse
1460 3178 1663 3246 primo,
1696 3190 1761 3229 ac
1783 3171 1980 3231 deinde

403 3266 629 3323 exuisse
657 3276 923 3333 narrant;
958 3274 1071 3322 tum
1106 3268 1344 3323 subiisse
1374 3268 1590 3333 denuo;
1622 3266 1784 3338 idque
1827 3282 1981 3323 com-

405 3358 627 3412 modum
662 3358 879 3419 fecisse,
911 3372 1037 3409 cum
1066 3356 1122 3410 in
1155 3367 1330 3411 terras
1352 3370 1582 3425 corpore
1610 3355 1982 3411 circumfusus

407 3446 650 3501 advenit.
684 3447 761 3501 Ac
792 3449 919 3504 licet
944 3447 1116 3501 Judaei
1152 3447 1285 3509 sint,
1317 3445 1668 3516 Evangelium
1703 3445 1982 3501 nihilomi-

407 3551 517 3592 nus
553 3538 834 3593 adhibent.
870 3538 1128 3592 Carnium
1174 3552 1329 3593 esum
1378 3537 1739 3592 detestantur.
1772 3538 1981 3607 Aquam

408 3638 512 3694 pro
544 3612 656 3680 Deo
688 3635 1038 3681 venerantur.
1066 3625 1344 3680 Christum
1378 3629 1431 3680 in
1464 3642 1564 3681 suo
1596 3626 1707 3691 illo,
1745 3628 1822 3680 uti
1852 3626 1985 3681 dixi-

411 3729 559 3777 mus,
603 3713 836 3769 adventu
876 3714 1151 3769 hominem
1192 3714 1435 3771 induisse
1476 3714 1688 3770 dicunt.
1741 3714 1984 3787 Denique

410 3803 571 3873 aquis
598 3818 658 3859 se
689 3805 982 3859 identidem
1018 3812 1127 3858 tam
1158 3805 1337 3861 hieme
1367 3820 1529 3875 quam
1556 3813 1746 3861 astate
1779 3807 1981 3871 lavant,

410 3895 823 3969 55~nimirum
883 3898 1135 3966 puritatis
1190 3897 1548 3952 concilianda!
1604 3897 1707 3953 sibi
1765 3900 1982 3969 gratia,

409 3988 865 4058 quemadmodum
901 3986 1204 4044 Samaritae.

481 4078 573 4135 ΧΙ.
619 4078 887 4134 Valentini
927 4095 1219 4149 corporum
1263 4078 1726 4135 resurrectionem
1762 4089 1983 4152 negant.

415 4168 582 4225 Vetus
613 4169 1044 4235 Testamentum,
1100 4186 1164 4224 ac
1203 4172 1500 4242 prophetas
1536 4168 1821 4243 reSpuunt.
1857 4172 1989 4238 Qua:

409 4262 771 4331 nihilominus
795 4263 980 4333 legunt
1018 4263 1143 4333 ipsi,
1178 4271 1232 4318 et
1256 4264 1305 4317 si
1336 4263 1468 4333 quid
1498 4274 1578 4319 est
1601 4265 1743 4335 quod
1767 4265 1833 4318 ad
1865 4264 1988 4318 illo-

2074 1799 2170 1873 μία
2198 1801 2293 1854 καὶ
2319 1797 2658 1871 προσεκύνει.

2144 2086 2225 2141 Η’.
2262 2085 2636 2159 Κηρινθιανοὶ.
2685 2085 2736 2138 oi
2789 2086 2881 2138 καὶ
2921 2080 3300 2153 Μηρινθιανοί’
3349 2072 3495 2133 οὗτοι
3544 2078 3655 2134 ἀπὸ

2074 2181 2345 2253 Κηρίνθου
2377 2181 2471 2234 καὶ
2512 2178 2789 2250 Μηρίνθου
2833 2177 3075 2233 Ἰουδαῖοί
3121 2191 3266 2236 τινες
3302 2173 3401 2245 τὴν
3433 2188 3656 2243 περιτο·

2076 2271 2185 2344 μὴν
2236 2270 2558 2342 αὐχοῦντες·
2594 2270 2684 2323 τὸν
2727 2269 2784 2324 δὲ
2837 2270 3041 2340 κόσμον
3081 2265 3172 2319 ὑπ’
3210 2264 3456 2334 ἀγγέλων
3493 2280 3656 2335 γεγε-

2076 2362 2273 2433 νῆσθαι
2306 2360 2575 2430 λέγοντες,
2616 2358 2822 2432 Ἰησοῦν
2854 2358 2911 2412 δὲ
2944 2359 3085 2413 κατὰ
3107 2356 3389 2430 προκοπὴν
3419 2355 3654 2428 Χριστὸν

2076 2452 2393 2525 κεκλῆσθαι.
3254 2470 3271 2479 ί
3574 2464 3584 2471 ’

2146 2544 2225 2597 6'.
2279 2541 2611 2614 Ναζωραίοι,
2657 2541 2707 2595 οἳ
2748 2540 2981 2612 Χριστὸν
3037 2537 3393 2611 ὁμολογοῦσιν
3449 2535 3658 2608 Ἰησοῦν

2078 2634 2206 2687 Υἱδν
2237 2633 2396 2700 Θεοῦ,
2430 2633 2606 2686 πάντα
2634 2632 2691 2685 δὲ
2720 2632 2861 2685 κατά
2890 2631 3052 2703 νόμον
3083 2629 3511 2700 πολιτευόμενοι.

2150 2809 2207 2863 1⁸.
2249 2807 2569 2869 Ἐὁιωναῖοι,
2597 2808 2646 2860 οἱ
2690 2806 3058 2877 παραπλήσιοι
3102 2804 3209 2859 τῶν
3242 2803 3656 2877 προειρημένων

2079 2897 2457 2971 Κηρινθιανῶν
2486 2900 2582 2952 καὶ
2618 2898 2956 2970 Ναζωραίων
2976 2915 2992 2931 ο
3022 2893 3105 2960 οἷς
3138 2896 3384 2969 συνήτθη
3432 2897 3576 2950 κατά
3604 2913 3659 2951 τι

2080 2993 2113 3063 ἡ
2136 2992 2244 3046 τῶν
2271 2991 2570 3061 Σαμψαίων
2596 3008 2654 3044 τε
2691 2992 2782 3044 καὶ
2822 2989 3150 3057 Ἐλκεσαίων
3177 2990 3405 3061 αἵρεσις.
3436 2989 3501 3043 Οἳ
3522 2990 3659 3060 Χρι-

2082 3083 2202 3136 στόν
2237 3100 2401 3153 φασιν
2450 3082 2731 3136 κεκτίσθαι
2770 3083 2827 3134 ὲν
2870 3081 2949 3151 τῷ
2992 3079 3226 3153 οὐρανῷ,
3271 3081 3366 3133 καὶ
3402 3080 3464 3134 τὸ
3503 3081 3660 3151 ἅγιον

2079 3172 2244 3227 αὐτοῦ
2274 3172 2518 3243 Πνεῦμα.
2565 3171 2978 3241 Ἑνδημὴσαντα
3010 3169 3067 3222 δὲ
3105 3169 3195 3223 τὸν
3231 3169 3463 3240 Χριστὸν
3495 3171 3554 3225 ὲν
3582 3171 3663 3242 τῷ

2092 3265 2263 3334 Ἀδὰμ
2307 3265 2543 3335 πρῶτον,
2594 3264 2687 3317 καὶ
2720 3262 2863 3317 κατά
2902 3260 3092 3333 καιρὸν
3136 3260 3463 3331 ἐκδυόμενον
3498 3261 3664 3317 αὐτὸν

2080 3353 2172 3406 τὸν
2212 3353 2403 3424 Ἀδὰμ,
2432 3355 2527 3408 καὶ
2558 3352 2718 3407 πάλιν
2751 3352 3091 3423 ἐνδυόμενον,
3126 3351 3187 3405 τὸ
3221 3352 3355 3405 αὐτὸ
3383 3350 3545 3406 τοῦτό
3567 3369 3663 3421 φα-

2084 3461 2167 3499 σιν
2191 3445 2595 3499 ὲκτετελεκέναι
2624 3444 2786 3499 αὑτὸν
2816 3446 2872 3497 ὲν
2898 3445 2964 3515 τῇ
2987 3444 3236 3514 ὲνσάρκῳ
3260 3441 3425 3497 αὐτοῦ
3454 3460 3664 3515 παρου-

2083 3536 2194 3609 σίᾳ.
2243 3538 2483 3590 Ἰουδαῖοι
2510 3537 2566 3589 δὲ
2608 3536 2761 3600 ὄντες
2789 3534 3137 3605 Εύαγγελίοις
3182 3535 3494 3606 κέχρηνται.
3523 3535 3663 3610 Σαρ-

2082 3630 2353 3699 κοφαγίαν
2388 3628 2779 3699 βδελύττονται.
2817 3628 2891 3681 Τὸ
2936 3625 3081 3698 ὕδωρ
3114 3627 3236 3680 ἀντὶ
3275 3625 3409 3680 Θεοῦ
3444 3619 3661 3697 ἔχουσι’

2082 3720 2173 3775 τὸν
2201 3721 2258 3774 δὲ
2300 3721 2537 3790 Χριστὸν
2570 3720 2854 3790 ἄνθρωπον
2898 3720 2956 3774 ὲν
2979 3721 3045 3790 τῇ
3096 3717 3347 3789 ὲνσάρκῳ
3391 3717 3663 3790 παρουσίᾳ

2085 3810 2414 3877 ἐνδεδύσθαι,
2444 3811 2520 3877 ὡς
2547 3811 2701 3882 ἔφην.
2740 3810 2985 3882 Συνεχῶ;
3010 3809 3068 3863 δὲ
3100 3807 3448 3883 βαπτίζονται
3479 3812 3666 3874 ἐντοῖς

2086 3902 2241 3958 ὕδασι
2273 3904 2464 3976 Θέρους
2494 3921 2551 3957 τε
2586 3902 2680 3957 καὶ
2724 3902 3015 3975 χειμῶνος,
3060 3900 3140 3963 είς
3184 3900 3448 3972 ἁγνισμὸν
3483 3899 3665 3970 δῆθεν,

2086 3992 2273 4066 ὥσπερ
2300 3995 2350 4047 οἱ
2388 3995 2741 4065 Σαμαρεῖται.

2154 4085 2259 4142 lA'.
2302 4085 2673 4149 Ούαλεντῖνοι,
2735 4085 2784 4138 οἳ
2830 4084 3031 4156 σαρκὸς
3084 4086 3182 4156 μὲν
3228 4070 3668 4154 ἀπαγορεύουσιν

2088 4175 2404 4241 ἀνάστασιν,
2440 4176 2684 4230 Παλαιὰν
2720 4178 2994 4247 Διαθήκην
3030 4175 3280 4230 ἀθετοῦσι
3331 4176 3422 4230 καὶ
3440 4174 3665 4245 ητροφή-

2089 4281 2207 4328 τας,
2238 4264 2703 4331 ἀναγινώσκοντες
2734 4265 2832 4337 μὲν
2865 4266 2956 4318 καὶ
2990 4266 3090 4319 ὅσα
3113 4267 3191 4329 εἰς
3223 4265 3478 4335 ὁμοίωσιν
3510 4262 3668 4317 δύνα-

411 4367 534 4406 rum
584 4352 813 4408 haeresin
857 4370 952 4423 per
1000 4357 1223 4425 ligurain
1265 4371 1328 4409 ac
1358 4357 1977 4426 tropumaccommodari

2092 4369 2179 4406 ται
2204 4354 2643 4425 τροπολογεῖσθαι
2670 4355 2769 4421 τῆς
2793 4355 2973 4408 αὐτῶν
3003 4355 3286 4428 αἱρέσεως,
3319 4355 3412 4407 καὶ¹
3445 4352 3668 4423 δεχόμε-

412 4443 606 4511 possit.
650 4444 702 4498 id
743 4445 1061 4499 admittunt.
1115 4446 1220 4502 Sed
1269 4459 1449 4504 certas
1478 4449 1743 4519 quasdam
1775 4449 1988 4504 fabulas

416 4533 766 4600 addiderunt,
797 4546 851 4592 et
880 4538 1100 4608 triginta
1122 4553 1334 4592 zeonum
1372 4541 1662 4610 utriusque
1697 4555 1863 4596 sexus
1892 4554 1988 4594 vo-

416 4626 611 4681 cabula
644 4627 935 4682 commenti
967 4634 1128 4688 sunt;
1165 4642 1303 4694 quos
1333 4627 1549 4696 quidem
1573 4644 1756 4684 aeonas
1778 4631 1846 4684 ab
1869 4630 1993 4684 uni-

418 4730 703 4771 versurum
733 4725 959 4785 parente
986 4729 1051 4767 ac
1082 4716 1365 4770 conditore
1382 4718 1677 4786 productos
1712 4729 1988 4784 asserunt.

417 4820 560 4876 quos
578 4813 634 4859 et
660 4804 812 4871 deos,
839 4812 1094 4859 etmonas
1120 4803 1347 4860 faciunt.
1389 4806 1610 4861 Demum
1655 4808 1930 4864 Christum
1961 4826 1993 4866 e

417 4899 560 4953 coelo
601 4911 801 4967 corpus
849 4898 1132 4961 extulisse,
1179 4912 1242 4951 ac
1286 4897 1642 4967 per-Mariam
1680 4903 1992 4956 traductum

416 5004 544 5047 esse
573 4990 722 5044 velut
757 5005 855 5060 per
894 4992 1144 5047 tubulum
1172 4992 1510 5048 existimant.

489 5080 606 5138 XII.
650 5080 1005 5147 Secundiani,
1051 5099 1359 5154 eorumque
1383 5084 1516 5138 socii
1550 5082 1882 5153 Epiphanes,
1913 5093 1997 5139 at-

421 5188 529 5243 que
567 5173 833 5237 Isidorus,
865 5176 1055 5230 eadem
1108 5175 1253 5231 inter
1289 5191 1348 5230 se
1398 5176 1549 5245 paria
1604 5184 1997 5245 componentes

420 5280 549 5319 cum
597 5263 903 5321 Valentinis
949 5268 1355 5321 consentiunt:
1392 5267 1652 5321 nonnulla
1698 5274 1880 5323 tamen
1929 5266 1998 5321 ab

425 5359 493 5414 iis
518 5356 734 5413 diversa
758 5370 1002 5427 ponunt;
1050 5365 1104 5413 et
1143 5359 1211 5413 ad
1245 5360 1444 5414 {tedam
1471 5359 1698 5430 insuper
1720 5361 1997 5415 libidinem

425 5460 559 5505 suos
586 5448 902 5505 instituunt.
934 5447 1099 5504 Iidem
1124 5456 1177 5503 et
1206 5440 1638 5506 lncarnationem
1669 5458 1887 5520 negant.

495 5626 640 5684 XIII.
678 5624 955 5682 Ptolemaei
998 5621 1270 5680 Valentini
1298 5623 1552 5694 discipuli
1593 5623 1832 5693 fuerunt,
1876 5623 1996 5694 qui-

2089 4461 2202 4497 νοι·
2250 4446 2441 4516 ἐτέρας
2486 4444 2543 4498 δέ
2590 4462 2741 4508 τινας
2795 4444 3116 4516 μυθολογίας
3171 4445 3697 4517 παρεισφέροντες,

2089 4535 2382 4607 τριάκοντα
2404 4534 2612 4588 αἰώνων
2632 4537 2927 4606 ὀνομασίας
2948 4536 3197 4600 λέγοντες
3216 4535 3665 4601 ἀὸὸενοθηλειῶν,

2090 4625 2226 4699 ὁμοῦ
2256 4643 2313 4680 τε
2342 4628 2406 4679 ὲκ
2438 4626 2533 4680 τοῦ
2568 4627 2781 4699 Πατρὺς
2812 4629 2919 4681 ιιῶν
2947 4628 3083 4682 ὅλων
3122 4643 3542 4698 γεγενημενους,
3576 4624 3668 4690 οὓς

2093 4719 2186 4772 καὶ
2216 4717 2372 4783 θεοὺς
2397 4717 2658 4789 ἡγοῦνται
2690 4720 2786 4772 καὶ
2828 4718 3050 4783 αἰῶνας.
3083 4718 3186 4771 Τδν
3220 4719 3276 4771 δὲ
3310 4718 3545 4795 Χριστὸν
3573 4716 3671 4771 ἀπ’

2094 4807 2325 4879 ούρανοῦ
2364 4808 2523 4879 σῶμα
2571 4800 2903 4879 ἐνηνοχέναι,
2941 4810 3035 4862 καὶ
3071 4808 3147 4871 ὡς
3187 4806 3277 4860 διὰ
3316 4806 3553 4877 σωλῆνες
3572 4806 3670 4878 τὴν

2094 4898 2312 4970 Μαρίαν
2347 4896 2827 4968 διαπεπερακένιι.

2170 5075 2270 5128 IB'.
2303 5073 2692 5137 Σεκουνδιανοὶ,
2731 5069 2815 5136 (ῖς
2862 5072 3187 5130 συνάπτεται
3230 5074 3530 5145 Ἐπιφάνης
3578 5075 3674 5129 καὶ

2110 5167 2398 5238 Ἰσίδωρος,
2431 5169 2551 5230 ταῖς
2596 5167 2735 5219 αὐτα
2760 5182 2788 5227 ς
2834 5166 3160 5238 κεχρημένοι
3196 5166 3292 5220 καὶ
3329 5160 3477 5219 οὗτοι
3508 5165 3662 5231 συζυ-

2098 5259 2263 5328 γίαις,
2292 5258 2359 5312 τά
2390 5260 2551 5329 ὃμοια
2592 5257 2928 5329 Οὐαλεντίνῳ
2969 5259 3393 5329 πεφρονηκότες,
3426 5260 3590 5330 ἕτερα
3616 5257 3674 5311 δὲ

2100 5351 2231 5421 παρ’
2268 5349 2447 5426 αὐτῶν
2476 5348 2659 5410 ποσῶς
2689 5348 3054 5419 διηγούμενοι.
3086 5348 3446 5422 Προστιθέασι
3485 5350 3545 5402 δὲ
3575 5348 3675 5418 τὴν

2100 5441 2489 5515 αἰσχρουργίαν
2542 5441 2901 5503 διδάσκοντες.
2969 5441 3396 5514 ’Δπαγορεύουσι
3459 5442 3517 5495 δὲ
3581 5443 3674 5495 καὶ

2101 5525 2246 5587 οῦτοι
2269 5532 2368 5603 τὴν
2401 5533 2694 5604 σάρκωσιν.
3458 5522 3463 5531 “

2172 5626 2269 5680 ll".
2301 5622 2647 5695 Πτολεμαῖοι,
2682 5620 2919 5696 μαθηταὶ
2954 5627 3046 5683 καὶ
3073 5625 3226 5678 αὐτοὶ
3253 5624 3406 5686 ὄντες
3438 5619 3674 5676 Οὐαλεν-
