3870 6068
408 196 515 257 987

1834 195 1894 252 S.
1948 190 2287 251 EPIPHANII

3572 191 3684 250 283

485 309 549 367 11.
596 308 769 383 Igitur
797 327 864 367 ex
906 308 995 366 illa
1026 311 1297 367 malorum
1332 308 1643 365 daemonum
1680 306 1893 362 insania
1927 320 1992 361 ac

2163 302 2239 360 θ’.
2267 293 2435 367 (οὗτος
2489 300 2585 374 μὲν
2612 298 2726 366 οὖν,
2763 299 2903 373 ἔχων
2945 301 3042 372 τὴν
3069 302 3302 377 διάνοιαν
3339 317 3683 373 πεπονηρευ-

412 403 644 475 magicis
674 403 892 459 artibus
930 404 1366 458 consceleratum
1408 401 1649 455 animum
1678 414 1892 471 gerens,
1923 406 2000 452 at-

413 511 520 567 que
559 495 777 550 illorum
815 494 1111 565 praestigiis
1150 492 1398 556 delusus,
1446 505 1570 548 cum
1601 490 1738 545 nihil
1776 488 2001 544 haberet

415 587 745 658 promptius,
786 601 950 656 quam
980 593 1038 639 ut
1069 585 1330 656 nequitia:
1358 600 1474 641 sua:
1500 583 2000 651 veneficiorumque

417 680 711 735 barbarum
766 679 1069 749 quoddam,
1112 694 1177 735 ac
1223 678 1340 734 suis
1379 678 1487 734 illis
1534 676 1854 732 auctoribus
1891 677 2001 731 daa-

412 769 669 825 monibns
702 768 926 840 dignum
981 770 1258 841 specimen
1300 769 1606 833 exhiberet,
1642 767 1700 822 in
1749 774 1997 838 apertum

411 857 702 933 prorupii;
754 877 818 916 ac
869 862 974 918 sub
1011 863 1311 919 Christiani
1352 860 1592 917 nominis
1637 861 1840 930 specie,
1879 868 2000 916 tan-

413 970 578 1024 quam
613 965 833 1011 veratro
866 955 974 1011 mel
1013 956 1346 1021 admiscens,
1384 954 1465 1009 sie
1496 952 1643 1008 illius
1682 953 1997 1023 appellatio-

412 1045 502 1102 nis
534 1046 814 1117 splendori
850 1046 1010 1101 letale
1037 1061 1307 1101 venenum
1347 1043 1569 1107 infudit,
1604 1043 1768 1114 idque
1799 1045 1869 1099 iis
1902 1044 1999 1098 ob-

415 1139 540 1193 tulit
578 1154 720 1208 quos
761 1137 1141 1192 fraudulenter
1189 1144 1440 1207 captatos
1481 1143 1535 1191 et
1586 1137 1811 1205 impium
1853 1135 2000 1190 hunc

416 1230 471 1283 in
503 1244 746 1284 errorem
780 1236 1084 1298 pertractos
1113 1228 1167 1281 in
1197 1227 1426 1282 exitium
1464 1226 1715 1281 adduxit.
1752 1225 1998 1296 Cumque

415 1320 470 1373 in
517 1317 782 1373 Venerem
835 1326 1033 1372 natura
1074 1318 1373 1388 proclivior
1422 1327 1590 1380 esset,
1637 1331 1826 1371 eorum
1878 1330 1999 1386 quae

414 1406 776 1478 proﬁtebatur
813 1407 1133 1477 dngmatum
1164 1405 1498 1462 verecundia
1551 1415 1859 1460 commotus
1905 1421 1998 1460 ne-

414 1499 708 1570 quissimas
749 1500 1072 1570 Opinionum
1113 1515 1288 1569 nugas
1337 1498 1629 1569 discipulis
1674 1500 1792 1554 suis
1824 1500 1998 1569 impo-

412 1599 534 1647 stor
565 1592 860 1662 persuasit.
892 1590 1108 1646 Etenim
1142 1606 1331 1660 vagam
1364 1590 1655 1660 quamdam
1701 1589 1996 1644 muliercu-

2109 397 2275 468 μένην
2300 393 2411 449 ἀπὸ
2438 393 2540 465 τῆς
2568 396 2627 447 ἐν
2652 396 2717 465 τῇ
2759 393 2961 464 μαγεία
2994 392 3106 461 (50)
3132 391 3516 462 δαιμονιὼδους
3549 393 3684 448 πλά-

2102 500 2220 556 νης,
2269 484 2363 537 καὶ
2402 481 2946 552 πεφαντασιωμένην,
2993 482 3283 552 πρόχειρος
3324 479 3411 535 ῶνν
3444 482 3535 535 ἀεὶ
3579 482 3683 553 τῆς

2104 575 2300 630 ἑαυτοῦ
2347 575 2545 638 κακίας
2591 574 2661 628 τὰ
2708 571 3016 645 βαρϐαρικὰ
3073 572 3166 625 καὶ
3221 571 3491 643 δαιμόνων
3540 574 3678 647 πρά-

2102 680 2289 735 γματα
2335 663 2423 718 διὰ
2468 664 2570 734 τῆς
2621 661 2815 717 ἑαυτοῦ
2870 660 3206 737 μαγγανείας
3252 662 3678 727 ἐπιδείκνυσθαι,

2102 756 2386 830 παρελθὼν
2413 758 2492 815 είς
2528 756 2712 827 μέσον,
2741 757 2835 809 κα)⁵
2870 758 3219 828 προσχήματι
3257 755 3515 825 ὀνόματος
3542 754 3681 826 Χρι-

2102 846 2252 912 στοῦ,
2284 847 2360 911 ὡς
2402 846 2683 918 ἑλλέϐορον
2725 846 2898 917 μέλιτι
2935 844 3321 915 παραπλέκων,
3352 842 3682 914 δηλητήριον

2099 942 2211 1002 τοῖς
2239 939 2330 992 ὑπ’
2359 937 2525 992 αὐτοῦ
2554 936 2900 1008 ἀγρευθεῖσιν
2924 939 3003 999 εἰς
3030 937 3131 1007 τὴν
3158 939 3543 1006 κακομήχανον
3582 934 3685 986 αὑ·

2099 1028 2192 1082 τοῦ
2237 1029 2444 1100 πλάνην
2497 1028 2787 1100 παρενθεὶς
2836 1027 2914 1099 τῷ
2956 1026 3051 1080 τοῦ
3104 1027 3364 1098 ὀνόματος
3412 1025 3686 1097 ἀξιώματι

2099 1118 2358 1191 Χριστοῦ,
2398 1122 2628 1176 θάνατον
2668 1120 2951 1189 ἐνεποίησε
2997 1121 3110 1181 τοῖς
3150 1118 3436 1172 πεισθεῖσι.
3472 1118 3686 1186 Λάγνος

2097 1210 2154 1264 δὲ
2191 1210 2265 1264 ὢν
2300 1212 2441 1266 κατά
2472 1211 2570 1282 τὴν
2601 1210 2781 1280 φύσιν,
2816 1209 2953 1263 αἰδοῖ
2989 1213 3054 1281 τῇ
3094 1209 3202 1262 τῶν
3231 1206 3423 1263 ἑαυτοῦ
3448 1210 3687 1280 ὑποσχέ-

2101 1318 2238 1356 σεων
2272 1302 2732 1374 ὑπονυσσόμενος,
2766 1301 3231 1376 παρεφθαρμένην
3277 1301 3534 1355 ὑπόνοιαν
3572 1304 3688 1366 τοῖς

2100 1393 2192 1445 ὑπ’
2225 1393 2389 1448 αὑτοῦ
2423 1393 2803 1465 ἁπατωμένοις
2836 1395 2864 1445 ό
2909 1392 3155 1465 ἀγύρτης
3194 1394 3683 1464 παρενεποιήσατον

2099 1482 2336 1537 Γυναῖκα
2368 1482 2479 1555 γάρ
2512 1500 2635 1537 τινα
2674 1482 2849 1554 ἑαυτῷ
2889 1485 3188 1555 εὑράμενος
3221 1484 3490 1555 ρεμϐἀδα.
3535 1484 3688 1537 Ἐλέ-

2100 1592 2199 1648 νην
2226 1574 2464 1646 τοῦνομα
2492 1575 2628 1647 (51),
2656 1575 2764 1628 ἀπὸ
2797 1576 2896 1646 τῆς
2930 1575 3144 1646 Τυρίων
3178 1575 3531 1646 ὁρμωμένην,
3558 1575 3690 1643 ἂγε-

416 1681 545 1743 lam,
582 1680 804 1735 nomine
840 1679 1124 1744 Helenam,
1159 1689 1374 1740 nactus.
1409 1680 1585 1749 patria
1615 1678 1855 1750 Tyriam,
1890 1676 1994 1733 sibi

2103 1683 2213 1729 ται.
2267 1667 2342 1738 μὴ
2374 1667 2689 1735 ὑποφαίνων
2738 1666 3033 1736 συνάφειαν
3084 1665 3228 1737 ἔχειν
3275 1666 3411 1735 πρὸς
3457 1665 3686 1738 ταύτην.
3714 1730 3725 1738 ν,

413 1787 533 1827 eam
563 1772 804 1841 copulat,
831 1786 1068 1840 quacum
1107 1771 1285 1841 palam
1320 1773 1525 1826 nullam
1552 1770 1753 1826 habere
1782 1787 1841 1825 se
1869 1785 2000 1825 con-

416 1861 765 1916 suetudinem
794 1860 1084 1922 simulans,
1129 1860 1292 1913 homo
1319 1860 1469 1914 vafer
1500 1860 1642 1913 clam
1669 1861 1815 1914 omni
1850 1875 1910 1915 se
1944 1861 1997 1915 in

419 1949 710 2005 libidinum
756 1965 956 2021 genere
1001 1949 1318 2015 volutabat;
1366 1956 1529 2019 atque
1569 1951 1733 2003 etiam
1768 1949 1999 2005 ridicula

419 2041 487 2096 de
519 2054 581 2095 ea
614 2056 672 2096 re
704 2040 883 2094 fabula
923 2039 1231 2109 discipulos
1266 2041 1521 2110 aspersit.
1562 2040 1632 2095 Se
1665 2042 1809 2095 enim
1851 2057 2002 2096 sum—-

421 2145 564 2183 mam
601 2145 725 2185 esse
762 2129 859 2185 Dei
902 2129 1048 2194 vim;
1084 2139 1328 2184 scortum
1375 2146 1504 2185 vero
1535 2147 1695 2185 suum
1736 2130 1997 2201 Spiritum

413 2237 541 2278 esse
582 2232 832 2276 sanctum
862 2220 1135 2275 afﬁrmare
1172 2221 1345 2277 ausus
1388 2232 1493 2290 est,
1530 2224 1690 2290 cujus
1735 2224 2001 2295 gratia'de

414 2314 557 2370 ccelo
598 2314 975 2371 descenderat.
1025 2314 1131 2369 Sed
1185 2315 1238 2368 in
1298 2332 1630 2386 unoquoque
1679 2319 1819 2371 coelo
1875 2333 2001 2387 pro—

415 2405 614 2475 priam,
662 2406 865 2468 aiebat,
897 2406 1017 2474 ejus
1070 2406 1195 2460 cmli
1230 2406 1457 2461 formam
1485 2408 1661 2473 indui,
1696 2424 1805 2477 quo
1850 2424 2000 2463 meos

417 2496 644 2567 angelos
677 2496 846 2551 latere
878 2512 1119 2566 possem,
1143 2504 1195 2552 ct
1222 2497 1287 2551 ad
1315 2513 1487 2551 meam
1523 2498 1669 2551 illam
1699 2497 2002 2568 intelligen-

419 2589 554 2643 tiam
587 2588 1004 2648 descenderem,
1038 2589 1143 2643 hoc
1178 2597 1262 2644 est
1292 2588 1550 2644 Helenam
1591 2590 1774 2653 istam.
1800 2607 1921 2661 qua:
1949 2599 2002 2645 et

420 2678 716 2745 Prunicus,
746 2688 801 2736 et
830 2680 1068 2751 Spiritus
1097 2690 1322 2737 sanctus
1350 2683 1688 2752 appellatur;
1721 2699 1817 2753 per
1838 2699 1999 2754 quam

415 2773 642 2844 angelos
677 2772 900 2838 creavi;
953 2772 1133 2841 angeli
1176 2787 1339 2842 porro
1376 2772 1662 2836 mundum,
1699 2782 1861 2843 atque
1906 2774 2001 2827 ho-

416 2865 593 2919 mines
627 2862 1013 2918 condiderunt.
1064 2862 1322 2918 Eamdem
1357 2879 1481 2919 esse
1511 2865 1872 2919 confirmabat
1900 2864 2003 2920 lle-

416 2956 618 3017 lenam,
644 2955 805 3023 cujus
832 2970 998 3010 causa
1017 2954 1217 3009 bellum
1239 2953 1459 3010 Graecos
1485 2956 1625 3009 inter
1645 2971 1707 3010 ac
1731 2954 2000 3026 Trojanos

414 3044 645 3098 exarsit.
694 3043 776 3098 Ad
828 3044 944 3099 haec
991 3044 1229 3100 fabulam
1277 3045 1568 3115 adjiciebat
1612 3065 1625 3101 :
1677 3046 1882 3116 lapsam
1932 3049 1999 3103 de

422 3132 565 3187 caelo
588 3131 696 3186 vim
731 3131 878 3186 illam
911 3132 1261 3202 semetipsam
1288 3131 1703 3198 dissimulasse;
1734 3133 1910 3203 deque
1932 3148 1998 3186 eo

417 3236 607 3295 poetas
649 3224 877 3295 figurate
915 3225 1136 3280 locutos
1181 3240 1323 3280 esse.
1362 3223 1489 3279 llaec
1524 3224 1668 3278 enim
1702 3224 1773 3278 ob
1807 3240 1999 3295 supre-

415 3328 559 3368 mam
602 3314 751 3369 illam
796 3315 906 3367 vim
950 3314 1218 3368 accidiSse
1253 3314 1413 3379 bella,
1447 3330 1569 3384 quae
1617 3315 1684 3368 ab
1725 3314 1998 3368 haereticis

415 3404 538 3459 aliis
565 3404 826 3471 Barbero,
862 3406 978 3461 sive
1006 3404 1236 3458 Barbelo
1263 3404 1467 3459 dicitur
1501 3424 1514 3459 :
1542 3422 1662 3476 quin
1693 3422 1815 3459 cum
1841 3421 1997 3461 suam

416 3494 493 3549 illi
537 3495 1006 3566 pulchritudinem
1047 3496 1402 3560 ostendisset,
1457 3496 1541 3551 sui
1594 3497 1741 3565 ipsos
1792 3495 1997 3550 amoris

418 3587 660 3643 stimulis
707 3586 1005 3654 incitasse;
1062 3587 1308 3657 adeoque
1352 3589 1420 3643 ad
1468 3604 1563 3644 eos
1608 3588 1998 3659 depraedandos

369 3657 383 3676 ’
414 3678 522 3750 57
552 3679 847 3750 principes,
900 3680 991 3750 qui
1025 3680 1292 3735 mundum
1344 3680 1722 3741 condiderant,
1769 3681 1994 3736 missam

414 3768 519 3824 hos
567 3769 713 3838 ipsos
752 3768 975 3841 angelos
1010 3780 1252 3823 mutuam
1293 3768 1361 3823 ad
1403 3785 1639 3841 pugnam
1683 3770 1993 3826 excitasse:

413 3876 539 3917 cum
569 3860 786 3916 interim
821 3862 958 3916 nihil
995 3862 1085 3915 illa
1118 3862 1245 3916 mali
1274 3877 1435 3933 passa
1465 3863 1665 3931 injecta
1692 3862 1996 3918 vehementi

414 3952 501 4007 sui
540 3951 843 4022 cupiditate
885 3951 1193 4023 perfecerit,
1229 3962 1289 4007 ut
1339 3968 1398 4009 se
1441 3954 1675 4009 invicem
1722 3954 1997 4008 interﬁce-

2112 1757 2202 1809 Ἐν
2246 1754 2583 1827 παραϐύστῳ
2630 1755 2687 1808 δὲ
2747 1756 3064 1827 αίσχρότητι
3112 1755 3688 1828 συμπεριπλεκόμενος

2100 1845 2178 1918 τῷ
2220 1846 2427 1917 γυναίῳ
2456 1846 2485 1899 ὁ
2535 1846 2689 1917 γόης,
2729 1848 2852 1901 τινὰ
2905 1847 3125 1920 μυθώδη
3165 1848 3522 1919 ψυχαγωγίαν
3576 1854 3690 1914 τοῖς

2100 1938 2294 1993 ἑαυτοῦ
2328 1939 2596 2009 μαθηταῖς
2627 1940 2910 2011 ὑφηγεῖτο,
2942 1938 3102 2011 δῆθεν
3135 1941 3326 1994 ἑαυτὸν
3359 1937 3502 1996 εἶναι
3527 1940 3689 1998 δύνα-

2104 2048 2194 2101 μιν
2221 2030 2355 2083 Θεοῦ
2403 2029 2575 2099 λέγων
2605 2030 2702 2101 τὴν
2738 2030 2979 2101 μεγάλην
3002 2049 3013 2060 ·
3045 2031 3144 2100 τὴν
3178 2031 3233 2085 δὲ
3270 2031 3503 2101 σύζυγον
3550 2049 3688 2105 πορ-

2100 2122 2232 2176 νάδα
2264 2122 2492 2193 Πνεῦμα
2536 2122 2690 2191 ἅγιον
2726 2119 2867 2177 εἶναι
2908 2123 3208 2195 τετόλμηκε
3240 2124 3437 2194 λέγειν,
3471 2129 3569 2182 καὶ
3597 2128 3687 2182 διὰ

2100 2212 2303 2283 ταύτην
2332 2211 2755 2283 κατεληλυθέναι
2791 2212 2975 2282 φησίν.
3019 2211 3108 2265 Ἐν
3145 2212 3361 2284 ἑκάστῳ
3388 2213 3444 2267 δὲ
3471 2213 3688 2287 οὐρανῷ

2104 2303 2590 2375 μετεμορςούμην,
2648 2304 2800 2375 φησὶ,
2855 2303 2996 2357 κατὰ
3044 2304 3142 2380 τὴν
3200 2305 3412 2375 μορφὴν
3453 2305 3564 2358 τῶν
3629 2307 3689 2358 ὲν

2101 2397 2318 2467 ἑκάστῳ
2361 2396 2596 2467 οὐρανῷ,
2630 2396 2716 2449 ἵνα
2754 2396 2901 2450 λάθω
2933 2395 3032 2460 τὰς
3065 2395 3362 2464 ἀγγελικόις
3395 2414 3496 2468 μου
3529 2397 3689 2451 δυνά-

2105 2504 2244 2559 μεις,
2274 2486 2369 2541 καὶ
2400 2486 2645 2541 κατέλθω
2674 2487 2767 2541 ἐπὶ
2799 2487 2897 2559 τὴν
2929 2486 3159 2550 ἔννοιαν,
3190 2487 3312 2559 ἥτις
3344 2489 3490 2542 ἐστὶν
3523 2488 3686 2559 αῦτη,

2101 2579 2134 2648 ἡ
2162 2577 2258 2630 καὶ
2287 2576 2586 2648 Προύνικος
2613 2578 2745 2649 (52),
2795 2580 2889 2633 καὶ
2917 2580 3141 2652 Πνεῦμα
3169 2581 3321 2649 ἅγιον
3352 2579 3686 2653 καλουμένη,

2101 2667 2168 2720 δι’
2229 2662 2297 2739 ἧς
2344 2670 2472 2734 τοὺς
2520 2670 2786 2739 ἀγγέλους
2832 2670 3059 2725 ἔκτισα·
3114 2675 3162 2726 oi
3208 2673 3264 2726 δὲ
3325 2672 3547 2742 ἄγγελοι
3593 2673 3688 2727 τὸν

2102 2759 2306 2831 κόσμον
2341 2760 2585 2829 ἔκτισαν,
2611 2761 2705 2815 καὶ
2749 2763 2875 2824 τοὺς
2908 2761 3248 2835 ἀνθρώπους.
3285 2759 3439 2817 Εἶναι
3466 2763 3524 2818 δὲ
3554 2763 3690 2818 ταύο

2101 2868 2201 2923 την
2246 2851 2345 2925 τὴν
2390 2853 2608 2924 Ἑλένην
2652 2852 2752 2925 τὴν
2809 2854 2999 2918 πάλαι,
3050 2855 3117 2911 δι’
3143 2856 3208 2927 ἢν
3256 2856 3305 2909 οἱ
3353 2856 3539 2927 Τρῶες
3593 2858 3691 2910 καὶ

2106 2945 2365 3017 ’Έλληνες
2420 2932 2501 3011 είς
2550 2948 2731 3019 μάχην
2782 2945 2967 3021 ἦλθον.
3011 2950 3205 3019 Ἔλεγε
3251 2950 3309 3003 δὲ
3355 2949 3523 3021 μῦθόν
3567 2969 3690 3006 τινα

2103 3039 2181 3101 είς
2213 3037 2406 3103 ταῦτα,
2453 3039 2535 3091 ὃτι
2574 3039 2779 3093 ἄνωθεν
2821 3042 2853 3111 ἡ
2899 3040 3130 3112 δύναμις
3184 3041 3449 3096 κατιοῦσα
3487 3042 3688 3114 ἑαυτὴν

2104 3129 2475 3199 μετεμόριρου.
2519 3130 2919 3203 Ἀλληγορικῶς
2948 3132 3005 3186 δὲ
3052 3135 3101 3186 οἱ
3142 3133 3370 3205 ποιηταὶ
3411 3134 3539 3204 περὶ
3568 3133 3689 3187 τού-

2099 3236 2192 3272 του
2222 3220 2452 3289 ἔιρασαν.
2486 3220 2585 3277 Διὰ
2618 3222 2727 3295 γὰρ
2754 3223 2961 3279 ἄνωθεν
2987 3223 3242 3296 δύναμιν,
3287 3226 3353 3297 ἢν
3387 3225 3689 3297 Προύνικόν

2098 3330 2284 3381 φασιν,
2310 3315 2432 3385 ἥτις
2465 3316 2599 3387 παρ’
2618 3316 2805 3380 ἄλλαις
2836 3316 3085 3387 αἱρέσεσι
3113 3314 3384 3389 Βαρὸηρὼ
3412 3318 3531 3389 ἦτοι
3555 3318 3690 3388 Βαρ-

2100 3403 2248 3475 6ηλὼ
2279 3405 2389 3477 (55)
2438 3406 2709 3471 καλεῖται,
2752 3407 2814 3460 τὸ
2860 3406 3055 3471 κάλλος
3097 3407 3267 3478 αὐτῆς
3314 3409 3688 3479 ὲμφαίνουσαν

2099 3494 2177 3557 εἰς
2208 3480 2421 3565 οἶστρόν
2452 3494 2661 3561 ἄξασαν
2686 3496 2901 3559 αὐτοὺς,
2927 3497 3021 3549 καὶ
3043 3495 3133 3548 διὰ
3158 3494 3312 3549 τοῦτο
3340 3496 3689 3567 πεμφθεῖσαν

2099 3584 2178 3647 είς
2213 3584 2556 3653 συλαγωγίαν
2595 3584 2707 3657 (51)
2748 3584 2854 3638 τῶν
2886 3585 3162 3656 ἀρχόντων
3211 3584 3318 3639 τῶν
3358 3585 3449 3638 τὸν
3474 3586 3683 3657 κόσμον

2076 3676 2285 3731 ’τοῦτον
2337 3680 2657 3733 κτισάντων.
2704 3679 2813 3732 Καὶ
2862 3680 2989 3743 τοὺς
3038 3679 3235 3743 αὐτοὺς
3286 3677 3552 3748 ἀγγέλους
3605 3680 3688 3743 είς

2099 3767 2331 3839 πόλεμον
2370 3768 2435 3822 δι’
2480 3768 2649 3841 αὐτὴν
2712 3769 2899 3840 ἥκειν·
2959 3770 3131 3843 αὐτὴν
3173 3769 3229 3823 δὲ
3278 3769 3444 3841 μηδὲν
3481 3788 3686 3825 πεπον·

2100 3860 2280 3925 θέναι,
2329 3850 2742 3933 ἀλληλοκτονίας
2794 3862 2851 3916 δὲ
2901 3863 3097 3926 αὐτοὺς
3154 3863 3235 3926 είς
3290 3864 3517 3923 ἑαυτοὺς
3592 3866 3683 3936 ἐρ-

2097 3952 2369 4023 γάσασθαι
2414 3954 2850 4026 παρασκευάσαι,
2893 3953 2960 4006 δι’
2988 3952 3055 4025 ἦν
3089 3952 3341 4007 ἐνέϐαλεν
3374 3957 3455 4019 είς
3480 3956 3685 4020 αὐτοὺς

416 4049 557 4098 rent.
601 4040 732 4096 Eam
778 4042 978 4113 quippe
1025 4042 1469 4115 detinebanttne
1513 4060 1730 4099 sursum
1779 4046 1998 4101 evolare

414 4141 638 4204 posset;
682 4134 914 4204 ideoque
944 4150 1068 4188 cum
1102 4150 1165 4189 ea
1217 4136 1419 4206 singuli
1451 4136 1505 4190 in
1547 4137 1699 4190 varia
1729 4137 1997 4192 transfor-

414 4237 602 4281 mante
623 4242 682 4282 se
704 4228 994 4282 mulierum
1019 4243 1084 4283 ac
1109 4227 1433 4283 feminarum
1458 4243 1689 4298 corpora
1719 4232 1996 4300 congressi

2103 4228 2157 4281 ὲν
2187 4229 2402 4299 ἑκάστῳ
2434 4226 2648 4300 σώματι
2676 4228 2993 4298 γυναικείας
3031 4229 3124 4283 καὶ
3150 4228 3390 4302 θηλυκῆς
3422 4231 3685 4302 σχέσεως,

2100 4044 2236 4117 πρὸς
2277 4044 2478 4115 ἑαυτὴν
2519 4044 2839 4115 ἐπιθυμίαν.
2886 4046 2997 4098 Καὶ⁸
3030 4044 3346 4116 συνέχοντες
3394 4047 3569 4120 αὐτὴν
3588 4048 3684 4102 τοῦ

2102 4137 2177 4208 μὴ
2217 4135 2329 4190 ἄνω
2358 4135 2612 4190 δύνασθαι
2654 4135 2886 4201 ἀνιέναι,
2922 4137 3230 4205 συνεγίνετο
3272 4137 3411 4210 αὐτῇ
3451 4138 3687 4205 ἕκαστος

314 4322 321 4329 ’
417 4326 566 4373 sunt.
593 4317 670 4372 Ex
702 4318 810 4372 illis
835 4334 998 4387 porro
1026 4320 1082 4374 in
1121 4320 1337 4375 diversa
1366 4331 1475 4375 tam
1498 4321 1803 4385 hominum,
1832 4336 1994 4392 quam

2108 4320 2574 4393 μεταγγιζομένης
2618 4321 2791 4393 αὐτῆς
2834 4321 2944 4375 ἀπὸ
2978 4322 3247 4393 σωμάτων
3296 4321 3549 4393 θηλυκῶν
3605 4326 3690 4389 εἰς

417 4407 726 4481 pecudum,
771 4409 1113 4482 aliorumque
1159 4427 1391 4483 corpora
1437 4413 1745 4481 transibat;
1795 4421 1853 4467 ut
1904 4429 1998 4484 per

2105 4410 2328 4483 σώματα
2360 4412 2593 4482 διάφορα
2636 4411 2987 4484 ἀνθρωπίνης
3020 4410 3237 4481 φύσεώς
3264 4430 3325 4467 τε
3346 4415 3441 4469 καὶ
3469 4416 3688 4483 κτηνῶν

417 4510 638 4558 mutuas
666 4501 789 4558 illas
823 4504 1279 4575 promiscuasque
1319 4504 1494 4562 caedes
1521 4506 1694 4561 effuso
1733 4506 1998 4576 sanguine

2103 4505 2198 4557 καί
2226 4503 2419 4569 ἄλλων,
2451 4503 2535 4557 ἵνα
2557 4503 2623 4557 δι’
2650 4497 2725 4557 ὧν
2751 4505 2906 4559 αὐτοὶ⁵
2943 4504 3267 4577 ἐργάζονται
3294 4507 3604 4574 κτείνοντές
3623 4527 3687 4564 τε

418 4595 741 4677 semetipsos
788 4594 1133 4660 minuerent;
1175 4594 1404 4663 ipsaque
1428 4596 1655 4651 collecta
1690 4597 1737 4651 vi
1778 4613 1995 4653 rursum

2103 4593 2195 4645 καὶ
2223 4592 2578 4664 κτεινόμενοι,
2604 4594 2829 4664 μείωσιν
2860 4595 3069 4649 ἑαυτῶν
3094 4595 3185 4649 διὰ
3202 4596 3302 4666 τῆς
3325 4596 3421 4650 τοῦ
3448 4598 3689 4668 αἵματος

417 4683 476 4737 in
508 4686 704 4739 cmlum
736 4691 921 4753 posset
962 4685 1354 4740 conscendere.

2103 4684 2447 4756 προσχύσεως
2494 4685 2866 4757 ἐργάζωνται-
2901 4683 3018 4740 εἶτα
3069 4686 3273 4758 ἐκείνη,
3308 4688 3406 4759 τὴν
3451 4688 3689 4763 δύναμιν
3746 4681 3759 4688 ”

2101 4775 2464 4850 συλλεγομένη
2502 4780 2686 4847 πάλιν,
2721 4775 2878 4843 αὖθις
2908 4781 2987 4842 εἰς
3024 4780 3252 4851 οὐρανὸν
3285 4781 3559 4852 ἀναϐῆναι,
3588 4784 3685 4838 δυ-

2098 4867 2253 4939 νηθῇ.
3184 4870 3187 4871 ν

490 5049 604 5121 (50)
654 5050 790 5106 Ἀπὸ
834 5050 945 5123 τῆς
981 5050 1445 5123 ἐν’τεῇίνιιαγείᾳ.
1506 5051 1645 5109 Hinc
1693 5054 1995 5111 Simoniani

419 5134 610 5176 omnes
638 5125 801 5196 magi.
850 5122 1121 5196 Irenaeus:
1160 5122 1232 5176 Et
1259 5122 1580 5194 quacunque
1608 5136 1732 5196 sunt
1765 5127 1875 5180 alia
1900 5143 1997 5196 pa-

422 5204 597 5266 rerga.
642 5192 782 5255 apud
818 5208 907 5266 eos
950 5194 1187 5266 studiose
1220 5192 1551 5266 amarentur.
1598 5192 1993 5266 Corrigendum

422 5261 691 5330 perierga:
734 5270 791 5314 ut
821 5265 942 5315 Aet.
973 5277 1087 5325 xui,
1116 5262 1203 5326 l9,
1249 5264 1354 5328 Qui
1371 5275 1521 5319 erant
1547 5261 1992 5321 crtriosa'sectati.

494 5330 606 5401 (3l)
639 5330 917 5401 Ἑλένηιίχ
939 5330 1221 5401 τοιξνομα.
1279 5335 1525 5390 Selenem
1559 5346 1753 5390 vocant
1791 5338 1902 5401 alii,
1935 5345 1994 5392 ut

423 5397 560 5475 lien.
598 5400 635 5452 l.
672 5416 708 5462 ι,
743 5397 864 5475 cap.
895 5397 1263 5471 20,Cj'rillus,
1290 5405 1426 5475 Aug.
1459 5413 1514 5463 ct
1545 5406 1655 5461 alii.
1686 5404 1821 5462 Vide
1840 5397 1989 5464 Tert.

420 5468 457 5524 l.
496 5468 568 5524 De
590 5486 678 5524 an.
704 5485 755 5525 ρ.
784 5468 873 5524 54.

494 5540 606 5610 (52)
650 5539 719 5595 Ἦ
741 5540 840 5596 καί
870 5540 1214 5609 Προύινκες.
1251 5543 1430 5600 Dicam
1463 5546 1528 5603 de
1551 5563 1612 5603 ca
1643 5563 1777 5604 voce
1807 5547 1875 5605 ad
1896 5546 1991 5606 Ni-

420 5611 741 5669 colaitarum
773 5612 1040 5668 haeresim.

2173 5066 2285 5138 ('53)
2324 5066 2606 5136 Βαρϐηρὼ
2636 5066 2767 5137 ἤτοι
2794 5067 3098 5136 Βαρὸηλώ.
3144 5067 3370 5141 Syriaca
3410 5087 3517 5127 vox
3559 5089 3687 5131 esse

2098 5156 2312 5211 videtur
2341 5156 2569 5213 Barbelo
2593 5143 2856 5222 abun-12,
2880 5159 3022 5213 filius
3040 5158 3278 5223 Bahalis,
3308 5162 3360 5216 id
3390 5170 3478 5218 est
3503 5164 3682 5222 lovis.

2098 5224 2170 5303 _Ut
2200 5229 2345 5303 enim
2372 5226 2608 5284 Verbum
2641 5231 2825 5303 εισι-ιιι
2867 5228 3046 5303 Patris
3068 5229 3239 5303 Filius
3270 5250 3283 5285 :
3325 5234 3684 5303 sicimpurus

2096 5297 2199 5353 iste
2259 5296 2465 5352 ἔννοιαν
2525 5315 2701 5360 suam,
2746 5299 2848 5354 hoc
2877 5306 2962 5355 est
2990 5298 3247 5355 Helenam
3286 5302 3463 5357 videri
3502 5296 3682 5360 voluit

2093 5367 2242 5422 velut
2272 5367 2438 5422 fetum
2466 5369 2755 5437 quemdam
2786 5384 2908 5424 esse
2932 5385 3125 5435 suum;
3164 5381 3220 5426 ut
3247 5369 3505 5431 Justinus
3547 5392 3674 5431 nar-

2095 5437 2436 5512 ratLvijvjﬂ'
2461 5438 2610 5508 αὐτῷ
2637 5438 2843 5512 ἔννοιαν
2871 5439 3439 5512 πρώτηνμγενομένην.

2164 5506 2286 5579 (54)
2306 5510 2412 5574 Εἰς
2430 5506 2849 5579 συλάγωγίαν.)
2880 5506 2967 5564 'lia
2995 5506 3061 5564 ei
3095 5506 3226 5578 Reg.
3250 5506 3386 5567 'cod.
3416 5515 3685 5572 eruenda-

2093 5576 2271 5633 Vimus
2303 5592 2401 5648 pro
2421 5593 2485 5634 eo
2512 5576 2655 5648 (ιιιοιι
2686 5576 2799 5635 erat
2827 5576 3203 5651 ψυχαγωγὶαὼ
