3946 6074
234 264 332 329 δῡι

866 275 1232 331 ADVERSUS
1273 274 1619 330 ll.-ERliS€S
1659 275 1787 330 LIB.
1829 276 1869 329 l.
1926 272 2090 330 TOll.
2136 274 2198 328 ll.
2242 305 2307 316 -—-
2352 275 2625 333 IH-ZRES.
2667 277 2858 332 XXI”.

3425 281 3532 336 302

241 387 381 440 τανά
416 386 701 458 ὑπάρχειν
751 387 898 454 λέγει
927 396 941 416 δ
995 386 1117 440 ὅθεν
1170 389 1260 440 καὶ
1309 387 1359 439 οἱ
1399 385 1616 450 πλείους
1666 385 1846 439 αὐτῶν

1958 401 2066 439 rem
2090 387 2333 459 plerique
2369 403 2430 444 ett
2481 389 2673 447 horum
2697 388 2984 461 disciplina
3003 393 3254 450 animatis
3275 396 3531 451 omnibus

244 478 511 550 ἐμψύχων
558 480 886 548 ἀπέχονται.
918 480 1066 542 ὅπως
1101 480 1188 533 διά
1228 482 1328 550 τῆς
1357 480 1731 550 προσποιητῆς
1759 475 1851 550 δῆ-

240 575 337 624 υεν
363 569 651 634 πολιτείας
681 569 863 623 αὐτῶν
900 588 1053 634 τινας
1078 571 1466 639 ἐπαγάγωνται
1507 572 1586 634 εἰς
1623 571 1720 642 τὴν
1751 572 1850 625 αὖ·

248 663 354 715 τῶν
385 662 633 732 ἀπάτην.
673 661 787 726 Τὰς
815 662 869 715 δέ
897 663 1237 735 προφητείας
1266 663 1464 731 φάσκει
1496 664 1524 715 ὁ
1549 661 1710 725 αὐτὸς
1740 663 1847 738 πά-

249 751 330 804 λιν
377 751 547 821 γόης,
602 751 704 814 τὰς
760 751 858 822 μὲν
908 751 1014 804 ὑπὸ
1061 750 1169 803 τῶν
1223 751 1569 822 κοσμοποιῶν
1600 753 1849 820 ἀγγέλων

252 838 763 913 πεπρουητεῦσθαι,
789 840 956 905 τάςδέ
980 841 1086 894 ὑπὸ
1103 841 1197 894 τοῦ
1227 843 1468 896 Σατανᾶ·
1493 844 1586 896 καὶ
1607 844 1766 896 αὐτὸν
1792 844 1850 896 δέ

245 935 341 987 τὸν
358 936 608 987 Σατανᾶν
620 933 850 1003 ἄγγελον
868 936 1065 1003 φάσκει
1086 935 1520 1006 ἀντιπράττοντα
1538 939 1646 1000 τοῖς
1661 953 1852 1006 κοσμοο

251 1031 426 1091 ποιοῖς
469 1026 758 1095 ἀγγέλοις,
805 1027 1037 1097 μάλιστα
1070 1028 1126 1081 δέ
1164 1029 1244 1099 τῷ
1272 1028 1391 1098 Θεῷ
1423 1029 1532 1082 τῶν
1559 1029 1845 1084 Ἰουδαίων.

324 1124 400 1176 Γ’.
429 1123 606 1175 ’Ὁταν
654 1121 710 1174 δέ
743 1121 913 1174 ταῦτα
960 1122 1144 1195 φάσκῃ
1191 1123 1218 1174 ὁ
1271 1121 1587 1192 κτηνώδης,
1631 1122 1849 1186 πάντως

251 1221 355 1266 που
385 1214 482 1266 καὶ
517 1213 680 1276 αὐτὸς
710 1212 1053 1283 δειχθήσεται
1094 1213 1193 1267 ἓνα
1234 1213 1368 1266 Θεὸν
1394 1214 1678 1285 ὁμολογῶν
1699 1257 1713 1277 ,
1757 1214 1850 1268 καὶ

247 1307 345 1358 ἐπὶ
378 1307 509 1376 μίαν
545 1305 776 1376 ἑνότητα
810 1307 1109 1378 μοναρχίας
1147 1307 1365 1374 ἀνάγων
1393 1307 1454 1359 τὸ
1489 1307 1623 1360 πᾶν-
1646 1307 1711 1359 Εἰ
1740 1305 1850 1376 γὰρ

242 1400 299 1450 οἳ
329 1397 553 1466 ἄγγελοι
587 1399 954 1468 πεποιήκασιν
980 1439 994 1463 ,
1035 1397 1254 1467 ἄγγελοι
1309 1398 1365 1451 δέ
1412 1399 1570 1452 πάλιν
1605 1398 1713 1452 ἀπὸ
1749 1398 1850 1467 τῆς

249 1488 459 1542 ἄνωθεν
494 1488 780 1557 δυνάμεως
807 1487 868 1540 τὸ
902 1489 1072 1541 αἴτιον
1098 1489 1367 1558 ἐσχήκασι
1400 1487 1492 1541 τοῦ
1527 1484 1666 1540 εἶναι
1687 1504 1701 1517 ·
1740 1487 1847 1558 ἄρα

242 1581 349 1632 οὐκ
385 1579 543 1632 αὐτοὶ
576 1579 738 1632 αἴτιοι
769 1579 862 1631 τοῦ
892 1579 1210 1650 πλάσματος
1237 1579 1331 1632 τοῦ
1366 1578 1653 1651 ἀνθρώπου
1672 1619 1684 1638 ,
1728 1578 1841 1630 ἀλλ’

245 1674 283 1740 ἡ
314 1671 524 1724 ἄνωθεν
553 1667 781 1741 δύναμις
805 1673 838 1741 ἡ
879 1671 1006 1734 τοὺς
1039 1671 1306 1740 ἀγγέλους
1338 1673 1608 1742 ποιήσασα
1635 1711 1649 1734 ,
1680 1670 1738 1737 ἐξ
1769 1663 1845 1724 ὧν

251 1763 346 1817 καὶ
379 1766 414 1834 ἡ
445 1763 645 1825 πλάσις
677 1763 770 1816 τοῦ
805 1762 1094 1834 ἀνθρώπου
1128 1763 1447 1835 συνέστηκε.
1473 1764 1584 1817 Καὶ
1611 1763 1719 1835 γὰρ
1746 1765 1846 1815 οὐκ

249 1853 425 1907 αἴτιον
447 1854 510 1906 τὸ
540 1850 822 1924 ἐργαλεῖον
849 1855 957 1906 τῶν
985 1855 1074 1909 ὑπ’
1101 1854 1266 1908 αὑτοῦ
1301 1854 1631 1925 γενομένων,
1657 1855 1770 1908 ἀλλ’
1807 1858 1835 1908 ὁ

249 1945 496 2017 ἐνεργῶν
547 1945 609 1998 τὸ
632 1945 923 2016 ’ἐνέργημα
954 1945 1045 2000 διὰ
1099 1944 1192 1998 τοῦ
1224 1945 1508 2016 ἐργαλείου
1536 1985 1550 2006 ,
1597 1943 1662 1997 δι’
1697 1940 1756 1998 οὗ
1787 1943 1846 1997 τὸ

248 2039 412 2108 ἔργον
441 2037 690 2105 γίνεται,
724 2037 801 2101 ὼς
841 2038 936 2090 καὶ
961 2037 1270 2107 γέγραπται
1291 2055 1305 2068 ο
1340 2033 1436 2103 Μὴ
1469 2032 1848 2102 δοξασθήσε-

248 2145 343 2180 ται
404 2128 597 2196 πρίων
642 2127 791 2182 ἄνευ
841 2127 949 2181 τοῦ
1000 2127 1287 2193 ἕλκοντος
1360 2129 1583 2189 αὑτόν;
1636 2127 1729 2179 καὶ
1779 2126 1848 2179 τὰ

248 2217 399 2288 ἑξῆς.
459 2217 620 2273 Οὕτω
669 2218 726 2272 δέ
781 2219 1041 2291 ὁρῶμεν,
1105 2219 1187 2272 ὅτι
1233 2217 1356 2272 οὔτε
1409 2217 1654 2289 μάχαιρα
1699 2217 1848 2270 αἰτία

249 2310 450 2380 φόνου,
498 2309 611 2364 ἀλλ’
640 2311 672 2363 ὁ
712 2313 779 2382 τῇ
833 2310 1076 2383 μαχαίρᾳ
1110 2310 1200 2364 τὸν
1255 2310 1413 2381 φόνον
1465 2311 1844 2381 ἐπιχειρήσας.

251 2403 366 2456 Καὶ
389 2403 452 2455 οὐ
482 2401 544 2456 τὸ
573 2403 1008 2474 κηροπλαστεῖον
1047 2402 1270 2457 δύναται
1323 2402 1388 2454 δι’
1436 2401 1633 2456 ἐαυτοῦ
1673 2403 1849 2454 ’ποιεῖν

250 2495 321 2549 τὰ
361 2494 740 2566 πλασσόμενα,
768 2495 883 2549 ἀλλ’
909 2498 936 2548 ὁ
956 2495 1019 2549 τὸ
1044 2495 1469 2567 κηροπλαστεῖον
1497 2495 1588 2546 καὶ
1613 2492 1674 2545 τὸ
1713 2493 1847 2546 πλά·

253 2603 372 2657 σμα
423 2587 826 2658 ἐργασάμενος.
869 2585 1080 2641 Οὐκοῦν
1129 2585 1253 2639 οὕτε
1304 2585 1352 2639 oi
1392 2585 1612 2654 ἄγγελοι
1662 2586 1845 2648 αἴτιοι,

251 2676 371 2730 ἀλλ’
405 2679 435 2730 6
464 2678 592 2741 τοὺς
623 2677 889 2746 ἀγγέλους
925 2677 1158 2749 ποιήσας
1181 2715 1195 2738 ,
1226 2676 1275 2728 εἰ
1319 2675 1412 2728 καὶ
1442 2671 1510 2745 ἦν
1545 2674 1850 2745 παραγγεί-

255 2771 351 2835 λας
376 2771 564 2833 αὐτοῖς
601 2770 695 2823 τοῦ
728 2771 802 2840 μὴ
840 2769 1064 2840 ποιῆσαι
1104 2767 1410 2839 ἄνθρωπον.
1443 2767 1505 2819 ΕΞ
1547 2769 1561 2796 ¹
1603 2769 1712 2837 γάρ
1749 2784 1850 2819 κα-

255 2863 626 2934 ταψηφίζεται
683 2863 784 2932 τῆς
813 2863 924 2916 ἀνω
955 2859 1235 2931 δυνάμεως
1265 2858 1490 2928 ἄγνοιαν
1535 2858 1628 2912 καὶ
1674 2859 1848 2925 ἀγνω-

257 2956 380 3009 σίαν
413 2955 525 3007 τῶν
561 2953 864 3025 μελλόντων
893 2951 1111 3005 ἔσεσθαι
1153 2951 1304 3023 παρά
1348 2951 1408 3004 τὸ
1438 2951 1608 3022 αὐτῆς
1638 2951 1850 3022 θέλημα

253 3049 698 3119 ἐπιτελουμένων
715 3088 729 3112 ,
755 3049 787 3118 ἡ
813 3047 1035 3100 εὐδοκία
1061 3049 1081 3078 ²
1108 3049 1175 3117 τῇ
1212 3047 1411 3117 ἑαυτῆς
1437 3047 1564 3108 τοὺς
1589 3044 1854 3113 ἀγγέλους

257 3141 622 3213 πεποιηκέναι
654 3140 792 3212 πρὸς
835 3140 897 3193 τὸ
927 3141 1196 3211 χρήσιμον
1242 3140 1341 3210 τῆς
1374 3139 1719 3210 κατασκευῆς
1758 3137 1852 3191 τοῦ

257 3234 551 3303 ἀνθρώπου
580 3273 594 3294 ,
629 3227 690 3286 οὗ
729 3231 887 3303 ἤθελε
919 3229 1351 3294 κατασκευάζειν
1377 3270 1393 3295 ,
1425 3230 1701 3300 ποιήσασα
1729 3231 1854 3292 τοὺς

258 3327 550 3395 ἀγγέλους,
594 3326 687 3378 καὶ
712 3324 786 3396 μὴ
813 3323 1163 3397 ἐντειλαμένη
1195 3323 1290 3376 τοῦ
1340 3323 1414 3395 μὴ
1451 3321 1761 3376 ἐπιτελέσαι
1793 3317 1854 3374 τδ

257 3419 601 3490 ἐπιχείρημα
624 3461 639 3484 ,
669 3419 916 3471 τουτέστι
951 3416 1044 3471 τοῦ
1095 3414 1386 3489 ἀνθρώπου
1438 3415 1498 3468 τὸ
1538 3415 1848 3478 πλαστεῖον,

254 3509 330 3573 ὡς
359 3512 391 3578 ἡ
419 3508 605 3562 αὐτῶν
644 3507 897 3580 μυθώδης
929 3508 1253 3580 τεχνουργία
1289 3507 1552 3582 περιέχει.

1951 473 2248 542 abstinent,
2296 488 2354 532 ιιι
2395 480 2647 535 all‘ectato
2689 483 2782 536 illo
2831 473 3129 537 sanctioris
3176 483 3300 538 vita:
3335 501 3534 555 genere

1952 570 2245 625 nonnullos
2276 583 2438 624 suum
2471 571 2521 624 in
2548 587 2791 630 errorem
2827 573 3126 643 pelliciant.
3159 573 3272 647 64
3305 574 3379 630 De
3409 592 3536 647 pr.)-

1953 659 2236 729 pbetarum
2285 662 2525 716 oraculis
2573 663 2647 716 ita
2694 662 2970 719 veneﬁcus
3009 664 3100 719 ille
3150 666 3412 738 disputat,
3470 684 3534 722 ea

1950 752 2149 821 partim
2176 769 2203 807 a
2238 753 2427 808 mundi
2459 753 2749 824 opiﬁcibus
2779 755 3010 826 angelis,
3047 757 3244 825 partim
3276 772 3305 810 a
3331 756 3532 813 Satana

1951 846 2232 918 profecta:
2284 855 2337 902 et
2374 848 2518 902 hunc
2553 847 2731 918 ipsum
2776 846 3038 902 Satanam
3087 856 3242 920 putat
3278 850 3532 921 angelum

1949 954 2093 1003 esse,
2128 939 2221 1007 qui
2255 937 2442 993 mundi
2475 937 2857 992 conditoribus
2887 939 3120 1009 angelis,
3144 940 3531 1012 praecipueque

1950 1029 2267 1085 Judteorum
2301 1029 2410 1083 Deo
2443 1031 2686 1085 resistat.

2021 1119 2105 1176 ΙΙΙ.
2129 1121 2259 1187 Quae
2281 1121 2489 1174 cumab
2512 1120 2601 1173 illa
2621 1120 2827 1191 pecude
2859 1122 3004 1178 hunc
3033 1124 3086 1179 in
3119 1123 3338 1179 modum
3358 1121 3533 1178 disse-

1952 1214 2261 1276 runtur,vel
2285 1213 2490 1268 invitus
2515 1216 2859 1268 convincitur
2879 1233 3044 1269 unum
3071 1218 3317 1272 conﬁteri
3339 1217 3529 1280 Deum,

1948 1316 2114 1377 atque
2152 1308 2218 1362 ad
2261 1308 2508 1371 Unicum,
2545 1306 2987 1378 singularemque
3031 1308 3366 1361 dominatum
3409 1309 3533 1362 uni-

1949 1414 2106 1455 versa
2137 1400 2365 1456 referre.
2405 1399 2618 1456 Etenim
2652 1401 2697 1456 si
2739 1397 2977 1453 mundus
3014 1397 3081 1452 ab
3112 1387 3322 1469 angelis
3353 1398 3532 1454 factus

1950 1502 2056 1556 est,
2092 1508 2216 1546 cum
2253 1493 2476 1563 ipsimet
2505 1500 2631 1547 ante
2672 1507 2700 1545 a
2731 1491 2942 1546 ccelesti
2977 1492 3176 1545 virtute
3205 1490 3531 1560 principium

1948 1592 2111 1654 atque
2137 1585 2402 1655 originem
2430 1583 2747 1649 habuerint,
2774 1598 2886 1637 non
2923 1583 2998 1636 illi
3027 1581 3263 1653 ﬁngendi
3292 1581 3532 1636 hominis

1946 1684 2200 1731 auctores
2232 1683 2382 1740 sunt,
2413 1676 2507 1730 sed
2545 1691 2801 1746 suprema
2833 1677 3003 1730 virtus
3041 1676 3130 1729 illa
3162 1677 3368 1746 potius,
3400 1691 3524 1747 qua

1955 1766 2182 1838 angelos
2231 1767 2501 1830 condidit,
2538 1783 2565 1820 a
2597 1767 2802 1838 quibus
2844 1767 3008 1821 homo
3044 1773 3233 1837 postea
3270 1768 3533 1822 formatus

1946 1866 2063 1924 est;
2094 1874 2216 1912 nam
2262 1871 2362 1913 nec
2392 1859 2527 1912 artis
2559 1858 2988 1912 instrumentum
3014 1869 3203 1911 eorum
3235 1872 3401 1912 causa
3429 1867 3532 1917 est,

1948 1966 2069 2021 qua:
2100 1951 2166 2003 ab
2195 1951 2314 2021 ipso
2355 1949 2524 2003 fiunt:
2564 1950 2658 2004 sed
2692 1950 2780 2004 ille
2818 1950 3023 2020 potius,
3057 1947 3298 2019 quicum
3332 1950 3531 2003 instru-

1946 2051 2133 2097 mento
2154 2056 2272 2094 eam
2295 2043 2565 2095 actionem
2588 2039 2864 2110 exprimit,
2891 2054 2988 2111 per
3010 2055 3172 2110 quam
3200 2055 3337 2109 opus
3358 2038 3536 2108 ipsum

1947 2131 2199 2193 ellicitur,
2227 2129 2688 2201 quemadmodum
2714 2129 2980 2199 scriptum
3018 2137 3132 2183 est:
3174 2126 3319 2181 Num
3345 2127 3538 2197 gloria-

1950 2221 2092 2275 bitur
2135 2236 2283 2274 δεῖνα
2330 2223 2443 2275 sine
2489 2220 2740 2301 trahente.
2777 2219 3030 2288 ipsum"?
3085 2227 3188 2272 etc.
3221 2220 3399 2288 Atque
3434 2218 3536 2281 hoc

1948 2314 2162 2368 caeteris
2203 2313 2256 2367 in
2299 2314 2463 2368 rebus
2505 2313 2577 2366 ita
2613 2326 2735 2367 sese
2778 2311 2981 2366 habere
3011 2311 3308 2366 cernimus.
3349 2308 3537 2380 Neque

1949 2403 2094 2456 enim
2121 2401 2334 2473 gladius
2363 2418 2531 2456 causa
2563 2401 2727 2456 ca'dis
2766 2411 2871 2466 est,
2905 2401 2999 2456 sed
3032 2401 3078 2455 is
3118 2401 3209 2471 qui
3244 2399 3428 2472 gladio
3466 2399 3534 2454 ad

1951 2496 2376 2566 perpetrandum
2398 2496 2598 2550 eaedem
2617 2495 2809 2548 utitur.
2842 2493 3025 2565 Neque
3045 2507 3326 2549 cerearum
3347 2495 3538 2563 imagi-

1954 2604 2082 2640 num
2111 2597 2268 2658 typus
2309 2603 2429 2657 qua:
2460 2587 2744 2658 tinguntur
2770 2601 2867 2656 per
2896 2601 2957 2640 se
2987 2585 3163 2640 moliri
3195 2593 3396 2655 potest,
3439 2587 3536 2640 sed

1955 2681 1999 2734 is
2029 2683 2254 2734 omnino
2288 2680 2381 2750 qui
2421 2688 2475 2734 et
2511 2689 2695 2750 typum
2727 2679 2929 2748 ipsum,
2972 2682 3028 2730 et
3055 2691 3369 2746 expressam
3403 2679 3538 2730 ima-

1954 2773 2134 2840 ginem
2172 2770 2315 2824 feeit.
2349 2770 2533 2836 Quare
2566 2785 2672 2823 non
2708 2768 2883 2840 angeli
2912 2766 3039 2838 ipsi,
3073 2766 3169 2821 sed
3193 2766 3286 2836 qui
3311 2768 3536 2837 angelos

1955 2861 2215 2933 produxit
2242 2862 2481 2917 hominis
2513 2875 2678 2916 causa
2703 2869 2980 2924 censetur,
3016 2859 3233 2914 tametsi
3269 2874 3338 2913 ne
3369 2859 3540 2913 homi-

1953 2970 2076 3009 nem
2110 2954 2412 3010 eonderent
2464 2955 2573 3009 illis
2616 2953 2998 3021 interdixerit;
3043 2967 3166 3006 nam
3206 2952 3290 3006 vel
3327 2951 3537 3006 (αξιοι-ιι

1955 3047 2143 3101 virtuti
2179 3047 2476 3110 inscitiam,
2505 3060 2569 3101 ac
2603 3046 2915 3101 futurarum
2954 3061 3136 3101 rerum
3175 3060 3298 3114 qua:
3339 3051 3540 3114 prater

1952 3138 2290 3194 voluntatem
2350 3153 2506 3192 suam
2562 3137 2908 3208 perﬁciendm
2959 3145 3108 3200 sunt,
3170 3135 3538 3204 ignorantiam
3607 3187 3613 3193 ,

1955 3229 2204 3291 ascribit,
2250 3238 2341 3284 aut
2377 3245 2494 3284 eam
2547 3230 2766 3301 prOpria
2802 3229 2968 3283 animi
3019 3225 3334 3281 inductione
3382 3236 3540 3296 putat

1951 3323 2174 3392 angelos
2197 3335 2535 3393 procreasse,
2556 3323 2698 3394 quod
2715 3323 2816 3378 hoc
2839 3324 3012 3393 ipsum
3038 3321 3104 3376 ad
3128 3319 3538 3392 producendum

1961 3413 2234 3469 hominem
2259 3419 2393 3471 utile
2416 3414 2576 3481 foret,
2600 3432 2762 3487 quem
2785 3416 3020 3470 formare
3048 3422 3303 3486 cuperet:
3333 3429 3456 3468 cum
3484 3421 3542 3468 et

1961 3507 2186 3577 angelos
2212 3508 2569 3586 cpndidisset,
2603 3525 2703 3564 nec
2724 3524 2816 3564 eos
2829 3508 3204 3580 prohibuisset
3233 3524 3370 3580 opus
3386 3506 3541 3578 ejus.

255 3599 421 3658 moli,
474 3597 736 3651 nimirum
799 3597 1032 3651 hominis
1090 3597 1428 3652 molitionen
1472 3595 1716 3667 aggreli,
1773 3593 1828 3648 id
1871 3594 2018 3664 quod
2055 3595 2363 3653 fabulosum
2398 3599 2616 3652 illorum
2649 3599 2948 3653 artiﬁcium
2981 3599 3246 3655 continet.

327 3699 398 3748 A'.
431 3695 506 3746 Ἦ
541 3694 562 3725 ³
583 3694 781 3748 οὐκοῦν
819 3696 983 3748 πάλιν
1029 3695 1118 3749 τὸν
1167 3694 1463 3766 μυθολόγον
1502 3693 1805 3765 ἐρωτητέον
1831 3706 1846 3719 ·

259 3784 372 3855 ᾐδει
401 3794 437 3862 ἡ
485 3789 600 3843 ἄνω
643 3787 903 3858 δύναμις,
941 3788 970 3841 ὅ
1004 3805 1054 3841 τι
1084 3786 1336 3858 μέλλουσι
1387 3785 1687 3858 πράττεινζ
1717 3785 1847 3850 Ναὶ,

259 3885 445 3954 φησίν.
483 3885 630 3954 Ἀρα
664 3881 827 3950 γοῦν,
862 3881 910 3932 εἰ
942 3879 1078 3951 ᾔδει,
1112 3878 1252 3951 αὐτὴ
1283 3879 1550 3950 πεποίηκε
1575 3917 1589 3942 ,
1630 3879 1722 3931 καὶ
1751 3877 1851 3930 οὐκ

259 3978 435 4032 αὐτοί.
481 3978 547 4030 Et
587 3976 643 4030 δέ
671 3974 787 4046 ᾔδει
837 3971 932 4045 μὲν
958 4015 972 4039 ,
1011 3973 1112 4027 οὐκ
1162 3972 1320 4045 ἤθελε
1351 3971 1424 4036 δέ,
1471 3970 1624 4041 παρά
1664 3965 1719 4022 δέ
1753 3969 1850 4040 τὴν

259 4070 434 4141 αὐτῆς
491 4067 720 4138 γνώμην
773 4065 1136 4136 ἐπεχείρησαν
1167 4062 1228 4116 τὸ
1272 4061 1610 4134 ἐπιχείρημα
1654 4059 1846 4113 αὑτοί’

259 4164 364 4217 τίνι
421 4161 503 4234 τῷ
557 4159 701 4230 λόγῳ
749 4158 811 4211 οὗ
855 4155 1196 4221 κεκώλυκεν;
1227 4155 1378 4209 Εἱδέ
1415 4153 1693 4216 ἀδυνάτως
1728 4151 1852 4221 ἐσχε

261 4254 354 4308 τοῦ
382 4253 656 4315 κωλῦσαι,
694 4248 888 4322 πρώτη
922 4248 1222 4320 φαυλότης,
1247 4248 1328 4300 ὄτι
1358 4247 1478 4300 καθ’
1513 4247 1682 4317 αὐτῆς
1725 4245 1852 4307 τοὺς

266 4347 355 4402 ὑπ’
402 4347 581 4419 αὐτῆς
637 4342 930 4414 γεγονότας
977 4341 1243 4410 ἀγγέλους
1282 4341 1362 4404 είς
1399 4338 1672 4393 ἀντίθεσιν
1722 4334 1851 4390 ἐαυ-

265 4442 361 4510 τῆς
394 4440 495 4494 καὶ
530 4435 880 4508 παροξυσμὸν
919 4433 1316 4489 κατεσκεύασε·
1347 4430 1599 4503 δεύτερον
1642 4429 1732 4495 δὲ,
1771 4429 1853 4482 ὅτι

265 4531 540 4602 δυναμένη
574 4529 637 4580 οὐ
673 4525 1006 4591 κεκώλυκεν,
1029 4525 1167 4579 ἀλλὰ
1197 4526 1538 4596 συνήργησεν
1566 4524 1645 4586 είς
1675 4521 1733 4575 τὸ
1756 4537 1854 4573 πο-

268 4623 428 4693 νηρὸν
460 4621 625 4691 ἔργον
654 4617 716 4670 τὸ
747 4616 852 4670 ὑπὸ
883 4616 993 4670 τῶν
1027 4615 1275 4686 ἀγγέλων
1297 4613 1684 4686 γεγενημένον.
1715 4611 1776 4666 Εἰ
1795 4611 1852 4665 δὲ

269 4718 327 4769 οὐ
353 4717 690 4786 συνήργησε,
721 4710 816 4764 καὶ
845 4709 1166 4781 βουληθεῖσα
1189 4710 1289 4763 οὐκ
1323 4706 1562 4780 ἠδυνήθη
1588 4706 1852 4770 κωλῦσαι,

273 4807 435 4878 πολλή
475 4823 563 4867 τις
595 4802 852 4857 ἀσθένεια
880 4804 939 4855 ἐν
967 4804 1032 4872 τῇ
1061 4799 1335 4873 θελησάσῃ
1366 4799 1460 4854 καὶ
1498 4799 1572 4869 μὴ
1605 4794 1853 4868 δυνηθεί-

277 4913 368 4972 σῃ·
399 4899 495 4952 καὶ
527 4895 730 4967 μᾶλλον
760 4893 1106 4969 ἰσχυρότερον
1127 4891 1213 4962 εἴη
1230 4891 1293 4944 τὸ
1321 4889 1411 4943 ὑπ’
1439 4888 1610 4960 αὐτῆς
1633 4887 1859 4957 γενόμε-

279 5007 361 5042 νον
381 4990 488 5042 τῶν
518 4986 770 5058 ἀγγέλων
798 4985 1005 5054 στῖφος,
1030 4983 1063 5055 ἢ
1087 4985 1120 5055 ἡ
1144 4982 1283 5053 αὐτὴ
1310 4981 1458 5035 αἰτία
1479 4977 1616 5034 οὖσα
1635 4978 1742 5033 τῶν
1767 4980 1859 5032 ὑπ’

283 5079 440 5150 αὐτῆς
484 5078 787 5147 γεγονότων
835 5076 1102 5143 ἀγγέλων.
1127 5071 1463 5138 Ἐξάπαντος
1515 5069 1696 5122 τοίνυν
1741 5067 1854 5121 ἀλί-

288 5187 459 5226 σκεται
489 5174 522 5244 ἡ
562 5171 662 5243 τῆς
704 5168 970 5240 αἱρέσεως
1000 5165 1277 5229 ὑπόθεσις.
1310 5163 1613 5234 ἀσυστασίᾳ
1656 5163 1856 5232 μᾶλλον

291 5265 698 5334 περιπίπτουσα,
725 5262 822 5314 καὶ
850 5259 950 5312 οὐκ
979 5256 1226 5329 ἀληθείᾳ.
1258 5252 1324 5309 Et
1349 5255 1406 5308 δὲ
1433 5254 1697 5324 ἐγίνωσκε
1736 5252 1854 5325 μὲν,

293 5355 486 5429 ἀνάγκη
505 5357 562 5410 δὲ
591 5353 768 5409 ἐποίει
792 5351 1038 5414 τούτους,
1063 5347 1092 5402 ὃ
1120 5349 1196 5420 μὴ
1219 5344 1379 5416 θέμις
1411 5347 1526 5400 ἐστὶ
1546 5345 1658 5417 (50)
1688 5346 1860 5417 πράτ-

293 5463 390 5500 τειν
416 5451 564 5520 παρὰ
595 5448 657 5502 τὸ
687 5445 857 5516 αὐτῆς
889 5440 1159 5514 βούλημα,
1192 5435 1486 5492 ἐλαττώσει
1516 5437 1679 5508 ἑτέρα
1704 5453 1858 5508 περι-

2031 3687 2120 3748 ιγ.
2153 3691 2521 3759 Quamobrem
2551 3712 2768 3750 rursum
2801 3695 2868 3750 de
2909 3695 3218 3751 fabularum
3254 3698 3542 3754 inventore

1960 3785 2313 3852 qurerendurn
2345 3793 2464 3840 est:
2503 3785 2710 3856 Ecquid
2752 3788 2993 3842 caelestis
3040 3789 3130 3842 illa
3165 3788 3340 3844 virtus
3378 3807 3540 3844 nove-

1959 3881 2066 3936 rat,
2119 3875 2248 3943 quid
2304 3884 2490 3928 essent
2540 3877 2714 3946 angeli
2767 3874 3001 3930 facturi?
3037 3876 3292 3942 Noverat,
3341 3882 3539 3949 inquit.

1959 3963 2130 4033 Igitur
2164 3981 2273 4018 non
2323 3967 2497 4036 angeli
2535 3965 2660 4036 ipsi,
2695 3969 2791 4022 sed
2828 3967 2916 4020 illa
2963 3968 3152 4038 utique
3200 3968 3350 4023 fecit.
3386 3973 3541 4036 Quod

1961 4055 2008 4108 si
2037 4066 2263 4108 noverat
2293 4057 2536 4126 quidem,
2567 4057 2662 4112 sed
2693 4057 2806 4112 lieri
2832 4065 3011 4112 tamen
3038 4057 3275 4130 nolebat,
3309 4075 3372 4113 ac
3405 4076 3542 4129 pra:-

1885 4183 1932 4241 D
1961 4154 2042 4202 ter
2091 4148 2236 4204 illius
2272 4150 2595 4203 sententiam
2641 4151 2906 4220 attingere
2955 4131 3100 4220 opus
3121 4149 3262 4205 istud
3298 4153 3540 4222 aggressi

1961 4253 2105 4306 sunt,
2141 4257 2242 4296 cur
2283 4259 2389 4297 non
2433 4243 2752 4312 prohibuit?
2797 4243 2892 4298 Sin
2933 4244 3153 4299 obstare
3189 4245 3412 4300 minime
3445 4263 3542 4316 po-

1963 4335 2090 4389 tuit:
2126 4337 2361 4405 primum
2403 4336 2506 4390 hoc
2551 4337 2741 4389 vitium
2775 4343 2879 4401 est,
2920 4337 3065 4406 quod
3110 4346 3299 4392 eontra
3339 4347 3544 4394 semet-

1955 4425 2129 4495 ipsam
2171 4426 2422 4482 conditos
2452 4442 2482 4481 a
2510 4443 2570 4482 se
2604 4427 2846 4497 angelos,
2887 4430 2988 4483 sibi
3027 4437 3085 4483 ut
3127 4430 3440 4486 resisterent
3477 4449 3541 4485 ac

1959 4532 2020 4574 se
2070 4518 2354 4572 irritarent
2403 4518 2587 4574 moliri
2632 4519 2906 4585 voluerit;
2952 4519 3205 4584 alterum,
3241 4521 3384 4589 quod
3434 4521 3542 4592 65

1963 4625 2088 4664 cum
2126 4618 2336 4681 posset,
2389 4612 2615 4667 minime
2673 4610 3037 4682 prohibuerit,
3091 4613 3202 4666 imo
3255 4613 3418 4666 etiam
3474 4617 3542 4668 ad

1962 4701 2263 4772 pessimum
2290 4702 2422 4757 illud
2453 4704 2771 4774 angelorum
2815 4703 3091 4774 opiﬁcium
3126 4705 3542 4776 exsequendum

1961 4791 2286 4863 adjutriccm
2314 4810 2436 4850 sese
2452 4796 2764 4866 praebuerit.
2791 4794 2946 4861 Quod
2972 4796 3016 4851 si
3045 4811 3146 4850 nec
3168 4797 3290 4851 illos
3312 4797 3542 4867 adjuvit.

1964 4895 2019 4940 et
2073 4887 2364 4956 prohibere
2413 4902 2539 4942 cutn
2585 4888 2747 4942 vellet
2791 4905 2899 4942 non
2949 4889 3158 4958 potuit:
3213 4905 3546 4959 magnopere

1966 4978 2294 5033 imbecillam
2337 4995 2456 5033 eam
2497 4987 2714 5049 oportet
2759 4993 2902 5041 esse,
2946 4995 3067 5048 qua:
3106 4979 3253 5049 quod
3290 4981 3544 5044 voluerit,

1965 5069 2178 5126 ellicere
2229 5086 2337 5124 non
2375 5072 2587 5142 potuit:
2628 5069 2842 5142 eritque
2888 5070 3024 5125 adeo
3081 5062 3306 5127 condita
3350 5074 3439 5127 illa
3479 5075 3546 5130 ab

1964 5179 2026 5220 ea
2050 5163 2368 5234 angelorum
2427 5171 2646 5218 caterva
2697 5163 2914 5228 fortior,
2945 5179 3109 5234 quam
3154 5164 3548 5232 ipsarum-qua:

1966 5255 2284 5324 angelorum
2319 5267 2487 5308 causa
2517 5261 2601 5309 est
2633 5267 2697 5310 ac
2727 5255 3075 5325 principium.
3121 5253 3291 5327 Igitur
3320 5256 3548 5312 haeresis

1965 5346 2070 5401 ista
2103 5346 2328 5400 minime
2357 5343 2632 5399 cohaerere
2655 5346 2773 5416 ipsa
2808 5359 3018 5401 secum.
3057 5354 3224 5415 atque
3246 5361 3276 5398 a
3313 5347 3545 5400 veritate

1967 5437 2225 5494 recedere
2254 5435 2402 5490 omni
2444 5451 2510 5491 ex
2557 5443 2711 5506 parte
2755 5437 3120 5492 convincitur.
3167 5433 3284 5492 Jam
3329 5454 3457 5492 vero
3499 5437 3541 5492 si

354 5584 447 5640 'F.
480 5587 534 5657 ἦ.
613 5587 633 5615 ⁸
663 5581 723 5636 ι’.
755 5577 1052 5654 ῆεύδοκίᾳ.
1113 5577 1132 5609 ³
1162 5574 1221 5630 F.
1246 5591 1482 5647 expuug.
1515 5577 1569 5646 ἦ.
1649 5578 1668 5604 ⁸
1701 5572 1805 5627 lsa.
1833 5591 1887 5636 κ,
1933 5576 2018 5632 13.

356 5723 456 5795 (51))
500 5724 760 5787 Τούτους
818 5717 849 5772 ὅ
895 5715 984 5789 μὴ
1022 5714 1187 5784 θέμις
1235 5716 1426 5771 ἐστίν.
1490 5719 1644 5772 Deest
1702 5717 2016 5781 μέλλοντας.
