3946 6074
496 244 600 300 303

1914 238 1973 289 ἓ.
2017 228 2367 289 ΕΡΙΡΙΙᾹΝΙΙ

3658 230 3751 297 3M

494 362 1080 418 rmlestem'vtrtutem
1137 358 1357 412 minime
1409 357 1496 411 illa
1547 355 1771 424 quidem
1812 355 2078 417 latebant,

2187 356 2431 409 πεσεῖται
2462 353 2642 416 πάλιν,
2673 354 2767 407 καὶ
2799 354 2918 408 οὐδὲ
2950 356 3008 409 ἓν
3030 344 3303 426 πλήρωμα
3336 353 3753 425 εύρεθήσεταιὲν

495 452 590 510 sed
617 467 715 507 cos
755 452 903 523 ipsos
937 459 1146 512 tamen,
1179 453 1271 520 qui
1314 448 1458 519 quod
1510 449 1663 505 nefas
1702 459 1846 505 esset
1883 454 2081 517 pra-ter

496 544 836 600 voluntatem
869 557 1025 597 suam
1054 548 1213 597 erant
1258 539 1481 601 facturi,
1523 538 1842 596 necessario
1882 535 2079 592 condi-

495 639 597 701 dit,
628 636 733 692 alia
763 651 961 692 rursus
991 634 1044 688 in
1075 649 1134 688 re
1159 632 1419 689 deﬁciet:
1449 645 1554 686 nec
1586 631 1755 686 ullum
1785 629 1839 684 in
1871 627 2083 683 malesti

496 731 698 782 virtute
728 725 1195 796 complementum
1220 738 1286 778 ex
1311 722 1459 778 illius
1488 721 1755 778 sententia
1789 719 2076 775 residebit.

495 818 671 888 Atque
700 825 759 871 ut
793 816 945 871 illum
982 815 1163 870 denuo
1197 814 1641 885 interrogemus:
1685 810 1832 867 Heus
1866 812 1956 865 tul
1998 812 2082 865 in-

495 923 681 980 quam,
708 908 813 979 qui
857 924 965 979 per
1006 906 1278 962 fenestras
1319 907 1467 961 intro
1508 903 1880 976 prospexeris,
1922 909 1984 957 ut
2018 918 2082 959 eo

496 1002 734 1057 ludibrio
772 1001 961 1055 deliria
984 1010 1076 1055 tua
1125 1015 1454 1071 prosequar,
1512 999 1697 1069 ibique
1726 997 2082 1070 quemadmo-

498 1091 628 1149 dum
662 1093 837 1165 angeli
874 1092 1045 1147 creati
1075 1092 1182 1147 sint
1216 1090 1536 1162 pervideris,
1560 1104 1863 1160 eorumque
1897 1090 1951 1144 in
1984 1089 2081 1143 lto-

503 1187 647 1242 tuine
683 1185 933 1255 ﬁngendo
972 1183 1264 1238 artiﬁcium
1295 1182 1573 1253 cognoris,
1605 1198 1669 1237 ac
1697 1182 1943 1237 cmlestis
1969 1180 2082 1235 vir-

500 1279 635 1334 tutis
680 1279 960 1333 solertiam
1017 1283 1391 1347 perscrutatus
1425 1274 1616 1336 fueris.
1648 1290 1842 1336 unum.
1875 1288 1974 1328 oro
2003 1280 2079 1339 te,

498 1370 585 1427 dic
621 1369 781 1424 nobis
815 1385 829 1422 :
864 1382 990 1420 num
1029 1363 1265 1435 illiquid
1313 1364 1635 1421 molirentur
1672 1370 1971 1429 noverant;
2010 1377 2079 1418 an

501 1460 827 1530 ignorabant
863 1455 1089 1527 potius?
1135 1456 1194 1509 Si
1225 1454 1384 1510 enim
1433 1454 1783 1525 ignorabant,
1835 1468 1958 1523 qua:
1997 1454 2082 1507 vis

419 1575 429 1611 ς
501 1553 623 1606 illos
647 1551 893 1620 cogebat,
923 1547 1152 1619 utquod
1183 1548 1429 1619 ignotum
1459 1547 1563 1602 sibi
1598 1554 1745 1611 esset
1765 1544 2082 1601 edicerent?

501 1640 739 1705 Minime,
774 1641 972 1711 inquit,
1009 1639 1359 1714 ignorabant,
1388 1639 1502 1692 imo
1532 1638 1664 1708 quid
1688 1636 1864 1692 acturi
1892 1642 2080 1692 essent

2183 448 2250 518 τῇ
2286 447 2397 502 ἄνω
2421 447 2649 518 δυνάμει
2677 449 2817 501 κατὰ
2845 447 2937 501 τὸν
2972 446 3138 501 αὐτοῦ
3164 447 3473 516 λόγον.“Ετι
3518 449 3572 502 δὲ
3603 467 3754 522 προσ-

2184 540 2409 612 θείημεν
2437 540 2600 595 αύτδν
2636 540 2949 612 ἐρωτῶντες
2976 559 2985 568 ·
3018 539 3158 608 Λέγε
3193 541 3343 611 ἡμῖν,
3375 534 3424 594 ὦ
3454 537 3604 606 οὗτος
3630 544 3656 595 6
3675 543 3755 597 διὰ

2183 632 2414 705 θυρίδων
2440 632 2793 704 παρακύψας,
2822 632 2887 689 ἵν’
2904 632 3047 686 οὕτω
3066 632 3311 704 χλευάσω
3336 632 3437 704 τὴν
3470 634 3566 703 σὴν
3591 634 3751 707 ληρω-

2181 722 2320 787 δίαν,
2348 723 2444 779 καὶ
2474 724 2533 777 ὲν
2556 723 2635 796 τῷ
2666 722 3049 795 παρακύπτειν
3089 725 3369 796 σκοπήσας
3404 726 3481 789 ώς
3523 726 3754 798 ἐκτίσθη-

2184 830 2284 867 σαν
2316 816 2364 867 οἱ
2396 813 2640 884 ἄγγελοι,
2667 815 2763 869 καὶ
2788 816 2889 886 τὴν
2912 816 3003 870 ὑπ’
3038 817 3219 869 αὐτῶν
3250 816 3379 888 περὶ
3401 816 3464 870 τὸ
3495 816 3753 888 ἀνθρώπι-

2182 921 2272 959 νον
2316 903 2544 975 πλάσμα
2592 906 2971 978 τεχνουργίαν,
3010 907 3133 961 τότε
3186 906 3634 973 κατώπτευσας¹,
3672 911 3754 963 καὶ

2180 998 2281 1069 τῆς
2302 996 2513 1053 ἄνωθεν
2541 998 2826 1070 δυνάμεως
2868 999 3179 1070 ὲξιχνίασας
3214 999 3311 1071 τήν
3354 1000 3754 1072 μηχανοποιίαν,

2180 1090 2397 1162 ᾔδεισαν
2426 1085 2569 1146 οὗτοι
2597 1090 2650 1145 τι
2678 1090 3025 1157 πλάσσουσιν,
3066 1092 3100 1163 ἢ
3136 1091 3397 1164 ἠγνόουν,
3429 1091 3753 1160 Ἀγνοοῦντες

2180 1183 2259 1247 δὲ,
2287 1184 2393 1239 ύπδ
2425 1185 2569 1249 τινος
2596 1185 2973 1256 ἠναγκάζοντο
3006 1184 3067 1239 τὸ
3097 1187 3155 1239 ὲν
3186 1184 3434 1257 ἀγνωσία
3466 1185 3752 1251 ἐπιτελεῖν;

2181 1274 2340 1347 Οὐχὶ,
2378 1276 2563 1349 φησὶν,
2611 1277 2713 1333 οὐκ
2757 1276 3020 1347 ἠγνόουν
3056 1275 3277 1347 ⁴ᾔδεισαν
3320 1274 3431 1347 γὰρ
3476 1275 3505 1328 ὂ
3550 1275 3754 1346 ἔμελλον

2182 1366 2468 1437 πράττειν.
2487 1366 2552 1421 Ἦ
2574 1364 2751 1421 τοίνυν
2768 1364 2976 1421 ἄνωθεν
2998 1364 3227 1436 δύναμις
3238 1362 3356 1439 ⁴ᾔδει
3380 1362 3598 1426 τούτους
3612 1363 3757 1419 τοῦτο

2186 1459 2479 1532 μέλλοντας
2520 1460 2839 1530 ἐπιχειρεῖν,
2870 1457 2904 1528 ἦ
2934 1455 3122 1528 ἠγνόει
3146 1472 3159 1521 ;
3188 1455 3301 1509 οὐκ
3331 1455 3536 1526 ἠγνόει-
3555 1454 3752 1528 ἙπθῖτΓ

2184 1568 2275 1605 σεν
2299 1546 2392 1605 οὖν
2421 1550 2641 1617 αὐτοὺς,
2662 1550 2750 1604 ἵνα
2774 1549 2933 1603 τοῦτο
2957 1547 3260 1621 πράξωσιν,
3283 1547 3316 1619 ἢ
3349 1548 3457 1619 μή;
3486 1547 3637 1618 Οὐχὶ,
3662 1566 3752 1620 φη.

2186 1644 2290 1698 σξν.
2313 1642 2569 1715 Ἐποίησε
2602 1642 2711 1715 γὰρ
2741 1642 2939 1705 αὐτοὺς
2974 1640 3157 1712 μόνον.
3191 1632 3359 1698 Οὗτοι
3399 1638 3455 1693 δὲ
3496 1639 3641 1711 παρὰ
3668 1640 3755 1711 τὴν

502 1733 903 1788 intellexerant.
937 1732 1047 1785 Aut
1081 1731 1249 1802 igitur
1266 1729 1342 1784 ad
1375 1728 1511 1785 illud
1546 1729 1761 1784 facinus
1793 1743 2082 1799 aggressu-

2187 1730 2299 1785 ἂνω
2331 1730 2562 1802 δύναμιν
2601 1729 2969 1802 ἐπεχείρησαν
3004 1728 3141 1804 πρὸς
3170 1728 3234 1781 τὸ
3268 1728 3497 1799 ποιῆσαι
3527 1728 3749 1801 πλάσμα.

498 1844 593 1882 ros
624 1826 763 1881 istos
792 1823 1034 1879 cmlcstis
1062 1822 1239 1877 virtus
1264 1820 1495 1884 sciebat,
1527 1830 1622 1874 aut
1666 1818 1912 1875 nondum
1942 1818 2085 1874 scie-

500 1921 612 1974 hat.
647 1915 887 1971 Scivisse
914 1912 1223 1984 respondet.
1258 1912 1455 1978 Quaero
1478 1912 1660 1981 itaque
1704 1925 1832 1964 num
1871 1910 1996 1965 illos
2019 1924 2086 1965 eo

499 2012 733 2068 consilio
786 2023 959 2064 necne
985 2017 1045 2063 ut
1074 2008 1178 2062 hoc
1228 2005 1474 2061 iacerent
1520 2004 1864 2075 produxerit.
1914 2002 2087 2074 Negat

497 2117 566 2157 eo
594 2099 828 2156 consilio
853 2097 1172 2172 productos.
1209 2094 1352 2149 Nihil
1382 2096 1526 2150 enim
1569 2095 1675 2148 nisi
1714 2094 1864 2164 ipsos
1899 2094 2088 2150 condi-

498 2194 598 2249 dit.
635 2194 701 2245 At
730 2191 781 2245 hi
809 2188 1125 2244 inconsulta
1155 2187 1367 2242 caelesti
1398 2188 1599 2241 virtute
1626 2202 1686 2241 se
1716 2185 1783 2240 ad
1807 2187 2085 2257 Opilicium

499 2284 645 2341 istud
674 2281 1035 2338 arcinxcrunt
1087 2279 1228 2350 Ergo
1261 2280 1406 2350 quod
1438 2278 1616 2350 angeli
1652 2279 2084 2350 cognoscebant,

498 2372 743 2430 czelcstis
776 2369 954 2424 virtus
985 2370 1077 2422 illa
1117 2369 1435 2424 nesciebat?
1474 2368 1518 2422 Ο
1569 2369 1881 2424 mortalium
1927 2369 2085 2443 longe

499 2468 745 2519 omnium
776 2462 1133 2516 stolidissime
1160 2463 1172 2515 !
1205 2460 1268 2516 Et
1297 2461 1545 2516 hominis
1568 2468 1849 2516 structura
1901 2465 2083 2520 consi-

501 2565 633 2620 stet,
667 2566 1031 2626 auctoresque
1063 2555 1213 2608 illtus
1240 2553 1414 2623 angeli
1444 2552 1569 2623 ejus
1605 2552 1681 2606 rei
1715 2554 1961 2608 notitiam
1992 2555 2087 2610 ha—

502 2649 728 2712 bebunt,
755 2658 919 2719 atque
947 2647 1165 2702 interim
1205 2646 1379 2700 virtus
1414 2644 1526 2711 illa,
1555 2658 1678 2714 qua:
1707 2645 1931 2715 angelos
1969 2663 2088 2713 pro-

497 2738 676 2806 duxit,
710 2740 763 2794 in
791 2739 1131 2810 ignoratione
1162 2736 1507 2792 versabitur?
1527 2734 1670 2790 Sane
1695 2751 1956 2806 perquam
1983 2739 2087 2795 hoc

500 2832 727 2886 stultum
784 2838 869 2885 est
916 2844 980 2884 ac
1038 2828 1371 2893 ridiculum;
1416 2842 1541 2881 cum
1602 2834 1657 2881 et
1691 2839 1835 2897 opus
1873 2830 2081 2886 artiﬁce

2189 1822 2401 1878 Οὐκοῦν
2432 1819 2579 1878 οὗτοι
2616 1824 2715 1896 μὲν
2741 1823 2983 1895 ᾔδεισαν,
3020 1821 3202 1888 ἐκείνη
3225 1820 3284 1876 δὲ
3315 1821 3351 1892 ἡ
3382 1820 3583 1875 ἄνωθεν
3612 1820 3750 1875 δύνα-

2190 1933 2283 1990 μις
2312 1916 2496 1987 ἠγνόει
2525 1915 2669 1971 κατὰ
2694 1916 2786 1969 τὸν
2818 1915 2909 1970 σὺν
2939 1913 3117 1984 λόγον,
3158 1907 3203 1967 ὣ
3234 1911 3453 1969 πάντων
3480 1911 3754 1984 ἀνθρώπων

2188 2005 2474 2080 ἀϐέλτερεῑ
2509 2007 2620 2062 Καὶ
2666 2006 2821 2063 ἔσται
2872 2005 2973 2078 μὲν
3020 2007 3055 2077 ἡ
3109 2003 3218 2060 τῶν
3271 2003 3576 2078 ἀνθρώπιον
3600 2023 3750 2060 κατα-

2193 2095 2364 2168 σκευή
2392 2094 2657 2160 ,σύστασις
2698 2096 2739 2162 ³,
2769 2097 2862 2150 καὶ
2890 2097 2941 2150 οἱ
2998 2094 3157 2153 αἴτιοι
3197 2094 3407 2165 ταύτης
3451 2095 3657 2166 ἄγγελοι
3701 2098 3755 2148 ἐν

2192 2187 2415 2260 γνώσει,
2445 2191 2480 2262 ἠ
2536 2189 2593 2243 δὲ
2635 2189 2763 2254 τοὺς
2812 2186 3080 2258 ἀγγέλους
3124 2189 3408 2260 ποιήσασα
3446 2189 3661 2261 δύναμις
3701 2190 3753 2242 ἐν

2194 2280 2439 2352 ἀγνωσία
2465 2296 2484 2346 ;
2508 2279 2764 2352 Ληρῶδες
2811 2280 2855 2335 δ’
2884 2280 2950 2335 ἂν
2990 2280 3079 2353 εἴη
3121 2279 3281 2335 τοῦτο
3319 2281 3417 2335 καὶ
3446 2281 3655 2352 ἠλίθιον,
3680 2282 3751 2334 ὅτι

2196 2371 2398 2447 μᾶλλον
2448 2372 2825 2445 ὲντελέστερον
2874 2372 2936 2427 τὸ
2987 2373 3148 2445 ἔργον
3196 2372 3291 2427 τοῦ
3334 2375 3595 2445 τεχνίτου,
3622 2372 3749 2429 καὶό

2192 2465 2443 2535 τεχνίτης
2463 2464 2853 2537 ἀδρανὲστερος
2874 2464 2984 2519 τῶν
3023 2464 3115 2519 ὑπ’
3147 2464 3313 2518 αὐτοῦ
3352 2466 3644 2537 γενομένων
3666 2466 3748 2533 ἀγ·

2191 2556 2400 2625 γέλων,
2446 2555 2634 2611 αἰτίων
2677 2556 2852 2609 ὄντων
2896 2556 2997 2626 τῆς
3042 2555 3390 2628 ἀνθρωπείας
3446 2556 3747 2617 συστάσεως.

2195 2647 2359 2700 Ὥστε
2402 2641 2495 2700 οὖν
2532 2646 2835 2713 ὲξάπαντος
2879 2648 3092 2720 ἀνάγκη
3112 2647 3130 2679 ⁸
3162 2647 3551 2721 ὁμολογήσειας
3580 2647 3639 2701 ἂν
3670 2644 3751 2700 ἐπὶ

2193 2737 2285 2791 τὸν
2313 2737 2475 2792 αὐτὸν
2513 2736 2743 2810 ποιητὴν
2771 2738 2861 2796 τὸν
2889 2739 3008 2804 ἕνα,
3040 2739 3136 2799 καὶ
3165 2739 3260 2793 ἐπὶ
3288 2741 3393 2811 τὴν
3417 2739 3543 2811 μίαν
3575 2755 3744 2810 μοναρ·

2191 2831 2314 2902 χὶαν
2342 2828 2402 2883 τὸ
2432 2830 2542 2882 πᾶν
2575 2831 2754 2900 ἄγειν.

504 2936 610 2978 SM
647 2922 961 2995 perfectius.
1002 2929 1054 2976 cl
1095 2921 1414 2992 angelorum
1449 2926 1729 2975 auctorem
1779 2923 1988 2992 angelis
2017 2925 2152 2995 ipsis
2178 2924 2270 2995 qui
2314 2922 2588 2977 Immineat
2618 2920 2947 2985 conﬁarunt,
2992 2921 3408 2979 imbecilliorem
3461 2924 3750 2979 constituat.

501 3018 865 3089 Quamobrem
898 3016 1001 3072 hoc
1040 3028 1207 3069 unum
1257 3012 1577 3069 necessario
1616 3024 1967 3083 supcrcst,ut
2011 3027 2061 3074 te
2102 3017 2168 3073 ad
2222 3030 2390 3071 unum
2427 3014 2611 3069 omnia
2674 3013 3034 3086 enmdemque
3094 3014 3456 3081 conditorem,
3518 3025 3666 3087 atque
3691 3015 3752 3071 ad

499 3111 833 3181 singularem
861 3108 1222 3179 principatum
1257 3103 1467 3161 referre
1498 3102 1732 3167 fateare.

573 3202 636 3263 V.
670 3201 883 3257 Etenim
938 3200 1082 3255 Deus
1139 3198 1302 3254 Pater
1348 3197 1652 3264 hominem,
1698 3211 1821 3252 cum
1869 3196 2082 3252 caneris

2258 3192 2331 3247 Β.
2376 3194 2487 3247 Καὶ
2530 3193 2640 3266 γὰρ
2666 3197 2695 3251 6
2724 3194 2859 3259 Θεὸς
2889 3196 2917 3251 6
2956 3196 3149 3270 Πατὴρ
3193 3199 3420 3274 ἐποίησε
3450 3203 3537 3257 τὸν
3563 3202 3749 3273 ἅνθρω-

498 3294 781 3359 omnibus,
815 3302 1012 3364 suopte
1045 3299 1179 3346 nutu
1206 3305 1268 3345 ac
1298 3290 1581 3345 voluntate
1620 3289 1946 3359 procreavit,
1981 3303 2087 3343 non

497 3388 608 3459 66
639 3386 836 3456 angeli,
865 3399 1043 3456 neque
1073 3399 1137 3439 ex
1189 3383 1504 3453 angelorum
1527 3380 1783 3459 consilio.
1806 3379 1940 3434 Nam
1964 3396 2089 3435 cum

500 3481 643 3535 Dens
676 3480 750 3531 ita
795 3478 1011 3532 locutus
1037 3485 1150 3530 est:
1188 3471 1479 3528 Faciamus
1510 3473 1794 3539 hominem,
1834 3473 1906 3527 ad
1955 3474 2089 3531 ξηια-

501 3574 669 3644 ginem
713 3581 952 3624 nostram
984 3566 1144 3631 dixit,
1196 3581 1305 3619 non
1359 3563 1428 3617 ad
1465 3565 1748 3635 imaginem
1800 3566 2086 3621 duntaxat.

501 3661 712 3731 Quippe
756 3660 823 3714 ad
863 3658 1027 3727 hujus
1074 3654 1274 3726 opiﬁcii
1338 3656 1783 3714 communionem
1846 3656 2085 3712 Verbum

501 3769 708 3816 suum,
772 3750 1133 3819 etnndemque
1201 3744 1397 3803 Filium
1459 3748 1681 3803 unicum
1746 3750 2083 3815 adhibebat,

500 3854 693 3915 atque
731 3843 1037 3898 communis
1073 3842 1172 3897 iste
1232 3841 1472 3896 ﬁdelium
1530 3843 1773 3896 omnium
1821 3858 2021 3898 sensus
2055 3857 2085 3896 a
2126 3866 2137 3875 κ

501 3937 730 3991 veritate
780 3934 1078 4007 profectus,
1132 3948 1237 4005 qua
1295 3948 1419 3989 cum
1469 3935 1887 3989 accuratissime
1946 3951 2083 3989 con-

501 4026 683 4093 venit;
727 4026 780 4080 id
817 4024 963 4095 quod
1003 4025 1125 4078 aliis
1184 4023 1562 4093 compluribus
1609 4025 1745 4077 locis
1793 4022 2086 4081 manifeste

501 4134 565 4175 ac
595 4119 802 4190 prolixe
833 4131 1025 4172 sumus
1052 4114 1321 4186 professi,
1347 4115 1605 4169 nimirum
1636 4113 1829 4169 Filium
1860 4131 1888 4170 a
1919 4115 2079 4170 Patre

402 4280 405 4283 _
501 4211 567 4265 ad
597 4208 960 4267 communiter
994 4207 1391 4279 procreandum
1424 4206 1698 4260 hominem
1734 4206 1939 4271 vocari,
1980 4223 2074 4278 per

500 4317 660 4373 quem
698 4290 895 4354 Filium
925 4300 1130 4371 reliqua
1160 4298 1345 4354 omnia
1374 4297 1713 4369 produxerit.
1750 4296 1857 4353 Sed
1895 4313 2076 4369 neque

502 4393 699 4449 Filium
741 4393 1009 4447 duntaxat
1048 4390 1303 4444 advocari
1339 4389 1593 4456 dixerim,
1628 4390 1738 4443 imo
1771 4405 1899 4445 vero
1947 4405 2080 4445 san-

499 4494 648 4541 ctum
683 4484 845 4539 etiam
877 4476 1168 4551 Spirittim.
1218 4478 1385 4534 Verbo
1416 4481 1562 4534 enim
1598 4479 1812 4533 Domini
1843 4481 1961 4534 caeli
1983 4482 2081 4551 ﬁr-

2191 3302 2293 3339 πον
2342 3287 2437 3339 xa‘t
2468 3286 2648 3343 πάντα
2690 3286 2832 3342 κατὰ
2876 3286 2977 3359 τήν
3006 3288 3142 3343 ιδίαν
3172 3292 3442 3359 εὐδοκίαν,
3471 3296 3557 3349 καὶ
3596 3296 3683 3367 οὐχ
3705 3295 3749 3347 oi

2190 3375 2433 3446 ἄγγελοι,
2466 3377 2587 3431 οὐδὲ
2614 3377 2755 3434 κατὰ
2789 3377 2888 3451 τὴν
2926 3378 3034 3433 τῶν
3062 3381 3309 3451 ἀγγέλων
3357 3386 3665 3454 συμϐουλίαν
3702 3384 3749 3437 τε

2190 3472 2400 3541 γέγονε.
2426 3470 2519 3523 Ἐν
2548 3470 2624 3542 τῷ
2648 3470 2761 3543 γὰρ
2780 3472 2955 3524 εἰπεῖν
2981 3472 3072 3525 τὸν
3095 3473 3249 3539 Θεὸν,
3288 3478 3633 3547 Ποιήσωμεν
3656 3476 3744 3528 ἄν·

2190 3564 2445 3632 θρωπον,
2490 3562 2617 3617 κατ’
2648 3563 2856 3616 εἰκόνα
2896 3562 3191 3633 ἡμετέραν
3236 3563 3381 3632 εἶπε,
3411 3570 3501 3625 καὶ
3543 3570 3599 3622 ού
3638 3566 3748 3621 κατ’

2188 3655 2394 3711 εἰκόνα
2424 3654 2602 3725 μόνον.
2630 3653 2925 3711 Συνεκάλει
2948 3654 3058 3727 γὰρ
3082 3660 3161 3723 εἰς
3181 3659 3279 3730 τὴν
3299 3661 3490 3715 ἑαυτοῦ
3512 3661 3743 3733 δημιουρ·

2190 3744 2433 3813 γῐαν“τὸν
2469 3745 2629 3804 αὐτὸν
2662 3745 2834 3815 Λάγον
2862 3748 2957 3801 καὶ
2986 3750 3288 3821 Μονογενῆ,
3333 3753 3411 3819 ώς
3458 3754 3562 3824 ἔχει
3596 3754 3680 3807 καὶ
3714 3753 3746 3821 ἡ

2189 3836 2248 3903 ἐξ
2293 3836 2551 3909 ἀληθείας
2598 3839 2894 3912 ὁρμωμένη
2943 3840 3152 3895 πιστῶν
3178 3841 3382 3909 ἔννοια,
3424 3847 3513 3901 καὶ
3544 3844 3661 3899 αὐτὸ
3692 3843 3744 3896 τὺ

2188 3930 2287 4001 τῆς
2327 3929 2587 4003 ἀληθείας
2619 3930 2962 4004 ἀκρὶὃασμα,
3000 3932 3075 3998 ὡς
3108 3935 3199 3990 καὶ
3230 3936 3288 3989 ὲν
3322 3940 3530 4012 ἑτέροις
3558 3938 3741 3990 πλείοσι

2189 4021 2378 4090 σαφῶς
2414 4023 2542 4093 περ).
2566 4024 2759 4078 τούτου
2787 4025 2881 4079 καὶ
2910 4026 2997 4081 διὰ
3033 4029 3244 4099 μήκους
3276 4031 3642 4104 ἐποιησάμεθα
3660 4030 3745 4097 τὴν

2186 4114 2500 4185 ὁμολογίαν,
2531 4116 2607 4180 ὡς
2634 4120 2661 4171 ὁ
2684 4120 2876 4191 Πατὴρ
2919 4123 3273 4189 συγκαλείται
3302 4126 3396 4181 τὸν
3426 4127 3548 4180 Υἱὸν
3576 4124 3742 4193 συνδη-

2190 4211 2470 4278 μιουργείν
2504 4208 2596 4291 τὸν
2629 4209 2935 4283 ἄνθρωπον,
2964 4213 3031 4268 δι’
3060 4211 3121 4272 οὗ
3166 4219 3261 4272 καὶ
3306 4216 3379 4275 τά
3416 4220 3547 4276 ἄλλα
3591 4219 3740 4273 πάντα

2186 4298 2461 4369 ἐποίησεν.
2497 4302 2571 4356 Οὐ
2611 4302 2772 4374 μόνον
2819 4303 2877 4356 δὲ
2924 4307 3215 4375 συγκαλεῖν
3261 4311 3472 4383 εἴποιμι
3500 4312 3584 4366 τὸν
3614 4309 3739 4371 Υἱδν,

2186 4391 2321 4446 ἀλλὰ
2349 4393 2444 4446 καὶ
2475 4392 2536 4448 τὸ
2570 4394 2724 4463 ἅγιον
2749 4396 2996 4468 Πνεῦμα.
3039 4398 3121 4466 Τῷ
3150 4401 3263 4475 γὰρ
3290 4406 3452 4475 λόγῳ
3480 4403 3680 4471 Κιψίου
3696 4403 3742 4453 cl

2186 4485 2427 4552 οὐρανοὶ
2451 4483 2924 4554 ἐστερεώθησαν,
2948 4488 3047 4543 καὶ
3082 4488 3161 4561 τῷ
3187 4495 3479 4563 πνεύματι
3506 4493 3605 4548 τοῦ
3622 4490 3741 4545 στό-

498 4580 631 4633 mati
657 4586 798 4636 sunt.
823 4585 869 4631 et
896 4576 1087 4643 spiritu
1119 4573 1227 4626 oris
1278 4573 1391 4643 ejus
1444 4574 1613 4627 omnis
1661 4574 1825 4628 virtus
1859 4574 2082 4632 eorum‘.

2187 4591 2376 4644 ματος
2405 4574 2593 4630 αὐτοῦ
2619 4575 2787 4631 πᾶσα
2813 4576 2851 4645 ἠ
2886 4576 3141 4649 δύναμις
3170 4580 3387 4636 αὐτῶν.
3417 4582 3536 4636 Εἴτε
3563 4581 3613 4633 δὲ
3636 4578 3741 4650 βου·

498 4672 767 4726 Caztcrum
806 4670 921 4723 sive
965 4672 1187 4737 sponte,
1214 4665 1332 4720 sive
1374 4664 1565 4719 nolens
1612 4664 1715 4719 hoc
1766 4664 2081 4721 Saturnilns

500 4761 726 4815 haeresis
768 4767 960 4821 auctor
1003 4756 1292 4811 admittere
1328 4765 1593 4824 cogetur:
1649 4770 1817 4807 unum
1855 4756 2082 4813 omnino

500 4847 669 4904 Deum
703 4862 768 4902 ac
798 4845 1088 4900 Dominum
1132 4860 1255 4901 esse
1299 4845 1641 4902 conditorem
1691 4844 2077 4901 nniversorunt

498 4947 557 4995 et
589 4939 876 5001 artiﬁcem,
923 4939 1169 5009 adeoque
1216 4938 1297 4992 vel
1343 4924 1580 4990 hominis
1620 4935 1814 5005 ipsius.
1850 4935 2081 4990 Pudebit

502 5032 727 5103 insuper
763 5032 912 5086 illum
943 5031 1089 5085 velut
1120 5030 1576 5085 calumniatorem
1613 5044 1803 5083 eorum
1835 5046 1957 5099 qua:
1983 5030 2080 5084 ad-

502 5138 693 5179 versus
725 5121 1039 5193 prophetas,
1078 5136 1291 5176 necnor.
1326 5118 1393 5176 ad
1447 5119 1711 5173 honestas
1737 5122 1957 5189 nuptias
1984 5136 2081 5172 ne-

499 5215 765 5285 quissime
795 5212 1136 5267 damnandas
1169 5210 1387 5266 eﬁ‘uttit.
1418 5208 1633 5279 Quippe
1675 5208 1940 5264 [lanians
1978 5224 2080 5263 uo-

368 5332 393 5347 ο
498 5320 613 5363 ater
633 5305 795 5362 Jesus
815 5305 1068 5360 Christus
1096 5305 1149 5359 in
1178 5303 1469 5375 Evangelio
1490 5304 1778 5375 perspicue
1802 5305 2084 5376 propheta:

502 5409 871 5469 consentanea
899 5397 1029 5452 dicit
1070 5413 1133 5452 ac
1174 5397 1531 5468 pronuntiat:
1570 5395 1836 5459 Quoniam
1871 5396 1962 5465 qui
1991 5411 2084 5464 per

576 5643 596 5678 ¹
625 5643 771 5703 Psal.
808 5660 982 5711 xxxtt,
1011 5643 1066 5699 6.

1182 5646 1201 5678 ⁸
1233 5639 1292 5697 F.
1328 5642 1718 5711 κατοπτεύσας,
1751 5653 1805 5701 et
1832 5645 2169 5717 ἑξιχνιάσας.

2187 4664 2398 4738 ληθείη,
2440 4666 2549 4720 εἴτε
2581 4668 2674 4720 καὶ
2704 4670 2779 4741 μή
2807 4669 3119 4743 βουληθείη,
3147 4674 3290 4748 φημὶ
3319 4674 3374 4727 δὲ
3404 4677 3432 4729 6
3456 4671 3741 4745 Σατορνῖλος

2189 4757 2217 4811 6
2251 4758 2353 4830 τῆς
2374 4759 2640 4832 αἱρέσεως
2662 4761 2866 4835 ταύτης
2893 4764 3158 4836 ἀρχηγὸς,
3186 4762 3647 4839 ἀναγκασθήσεται
3667 4761 3740 4826 ἐξ·

2189 4848 2427 4914 ἅπαντος
2450 4850 2542 4904 τὸν
2566 4852 2663 4906 ἕνα
2687 4852 2820 4907 Θεὸν
2843 4855 3147 4927 ὁμολογεῖν,
3173 4858 3304 4911 Θεὸν
3334 4859 3429 4913 καί
3453 4858 3641 4931 Κύριον
3659 4852 3739 4906 τοῦ

2190 4938 2505 5008 σύμπαντος
2536 4940 2666 4997 ὄντα
2697 4946 2923 5017 κτίστην
2964 4961 3023 4998 τε
3060 4948 3153 5001 καὶ
3181 4947 3528 5021 δημιουργὸν,
3564 4948 3667 5017 ἅμα
3687 4958 3739 4994 τε

2187 5033 2281 5091 καὶ
2319 5031 2413 5086 τοῦ
2460 5032 2772 5107 ἀνθρώπου.
2818 5037 3256 5111 ,Αἰσχυνθήσεται
3300 5041 3357 5095 δὲ
3408 5040 3545 5095 κατὰ
3584 5037 3739 5091 πάντα

2182 5122 2385 5193 τρόπον
2416 5121 2491 5187 ὥς
2536 5127 2879 5198 συκοφάντης
2911 5131 3006 5184 καὶ
3047 5132 3129 5195 εις
3172 5131 3264 5185 τὸν
3315 5132 3441 5200 περὶ
3474 5124 3737 5204 προφητῶν

2184 5212 2362 5282 λόγον,
2395 5215 2489 5269 καὶ
2535 5219 2616 5281 εἰς
2665 5218 2765 5289 τὴν
2814 5220 2958 5275 κατὰ
2986 5221 3079 5275 τοῦ
3111 5221 3312 5296 σεμνοῦ
3341 5224 3517 5294 γάμου
3552 5218 3738 5292 φαύλην

2178 5306 2541 5377 κατηγορίαν.
2571 5308 2743 5373 Αὐτὸς
2768 5310 2881 5382 γάρ
2904 5315 2932 5365 6
2959 5313 3161 5385 Κύριος
3202 5314 3356 5387 ἡμῶν
3384 5313 3585 5388 Ἰησοῦς
3623 5311 3736 5381 Χρι-

2189 5395 2315 5461 στὸς
2339 5397 2638 5472 διαρρήδην
2668 5403 2904 5470 ὲκφωνεῖ
2934 5406 2992 5457 ἐν
3015 5405 3092 5477 τῷ
3115 5405 3453 5479 Εὑαγγελὶῳ.
3494 5405 3581 5460 καὶ
3605 5401 3737 5471 λέγει

2276 5650 2294 5683 ³
2322 5646 2437 5703 Vox
2472 5647 2574 5705 ista
2610 5665 2970 5721 supervacua.
3046 5657 3064 5686 δ
3097 5653 3157 5711 ιτ,
3199 5656 3429 5731 ἀνάγκη.
