3946 6074
435 241 533 300 3H

1864 246 1920 301 S.
1963 236 2304 303 EPIPHANH

3589 226 3703 295 3t!

436 355 874 428 omnipotentem
895 353 985 412 ille
1016 344 1308 412 Dominum
1333 364 1522 412 veram
1548 368 1613 412 ac
1644 359 1825 414 solum
1851 357 2021 416 Deum

2146 367 2337 427 :xsiv'oq'
2352 354 2704 434 ἀρνούμενος,
2724 351 2817 418 ἱἕνα
2845 359 3094 433 βούλεται
3123 350 3285 415 αύτδν
3313 361 3585 433 παριστᾷν
3607 352 3724 416 τῶὗ

439 460 543 506 nec
571 448 742 503 alium
779 448 1180 505 contumeliose
1210 444 1478 520 appetens
1516 449 1642 519 (nos
1675 450 1822 510 enim
1865 467 2024 508 eum-

438 541 566 596 dem
580 538 799 596 Domim
830 542 1004 598 uestri
1023 539 1152 598 Iesu
1173 540 1377 597 Christi
1398 539 1615 597 Patrem
1646 543 2019 612 conﬁtemur);

441 634 611 701 hunc,
633 634 881 706 inquam,
912 636 1214 707 abnegans,
1239 651 1410 690 unum
1439 652 1502 693 ex
1527 637 1595 693 iis
1615 652 1755 707 quos
1785 638 2024 709 appellat

442 729 651 801 angelis
690 727 999 794 constituit,
1032 736 1091 784 ut
1132 731 1217 786 est
1259 740 1290 785 a
1330 730 1492 787 nobis
1520 739 1828 787 ostensum.
1881 729 2025 801 Ergo

338 814 355 832 '
440 819 661 876 Iudaeos
681 819 883 875 sortito
907 818 985 874 illi
1009 820 1309 892 contigisse
1340 820 1550 876 tradit:
1584 835 1747 891 quem
1782 826 1838 876 et
1864 819 2031 890 longe

441 911 673 984 reiiquis
723 911 935 984 angelis
982 911 1417 985 praefractiore'm
1473 927 1632 977 esse,
1698 927 1763 968 ac
1821 912 2023 968 virium

443 1017 671 1063 suarum
700 1005 932 1061 audacia
963 1004 1165 1062 fretum
1196 1004 1479 1062 lsraelitas
1511 1020 1579 1061 ex
1614 994 1857 1077 Algypto
1887 1004 2025 1061 libe-

351 1163 371 1169 _
441 1108 621 1163 rasse,
670 1096 817 1168 quod
857 1096 1073 1153 caeteris
1117 1096 1185 1152 ad
1237 1093 1550 1151 audendum
1596 1094 1861 1166 paratior,
1904 1103 2029 1166 peré

440 1188 797 1263 vicaciorque
856 1186 1020 1244 foret.
1083 1188 1263 1258 Atque
1333 1202 1401 1243 ex
1460 1185 1654 1242 eadem
1712 1185 2028 1258 arrogantia

444 1282 653 1338 factum
687 1288 793 1346 est,
825 1282 903 1336 uti
945 1294 1045 1351 per
1083 1292 1358 1337 summam
1390 1278 1446 1333 in
1483 1277 1651 1335 Deum
1692 1278 2031 1334 maledicen-

444 1375 580 1429 tiam
613 1372 986 1445 praastigiator
1014 1372 1108 1427 ille
1152 1377 1366 1436 narrat,
1411 1369 1554 1427 idem
1599 1378 1660 1426 ut
1707 1369 2027 1426 Iudaeorum

444 1465 585 1522 deus
630 1465 875 1535 reliquas
917 1464 1174 1521 nationes
1208 1461 1329 1519 suis
1373 1461 1510 1534 ipsis
1559 1461 1826 1519 lsraelitis
1867 1458 2031 1516 vellet

444 1558 742 1629 subjicere,-
792 1541 1030 1629 eamque~
1076 1554 1149 1612 ob
1203 1567 1429 1612 causam
1496 1553 1637 1611 bella
1704 1552 2029 1609 concitaret.

447 1643 590 1706 Sunt
614 1656 669 1706 et
696 1649 803 1704 alia
837 1649 998 1720 plura
1021 1656 1144 1720 qua:
1182 1647 1366 1703 latata
1396 1654 1591 1703 contra
1622 1643 1791 1701 Deum
1818 1644 2028 1715 lingua,

2126 443 2219 509 ὕπ’
2233 454 2400 510 αὐτοῦ
2416 454 2721 527 λεγομένων
2734 455 3003 525 ἀγγέλων,
3017 452 3160 509 καθά
3181 471 3271 525 μοι
3289 451 3716 526 προδεδήλωται.

2137 546 2487 618 Ἐληλυθέναι
2530 547 2587 601 δὲ
2634 548 2759 613 τοὺς
2808 546 3222 611 ’ἰουδαίουςέίς
3267 543 3470 616 κλῆρον
3512 545 3715 599 αὑτοῦ·

2127 638 2223 693 καὶ
2265 639 2357 693 τὸν
2401 630 2564 694 αύτὸν
2607 628 2750 714 ύπέρ
2791 638 3040 710 ἀγγέλων
3074 636 3491 710 αὐθαδέστερον,
3522 636 3721 705 ἐξαγα-

2125 734 2242 802 γεῖν
2287 731 2345 787 δὲ
2390 732 2518 797 τοὺς
2557 733 2708 797 υἱοὺς
2767 731 2985 805 Ἰσραὴλ
3029 732 3095 798 ἐξ
3120 729 3400 801 Αἰγύπτου
3453 727 3721 800 αὐθαδείᾳ

2129 822 2413 895 βραχίονος
2457 821 2553 876 τοῦ
2601 822 2757 887 ἰδίου,
2790 820 2879 876 διὰ
2913 808 2975 876 τδ
3004 817 3141 876 εἶναι
3185 820 3350 875 αὑτὸν
3378 816 3723 890 ἰταμώτερον

2125 915 2235 969 τῶν
2268 913 2444 968 ἀλλων
2490 913 2586 968 καὶ
2615 913 3033 984 αὐθαδέστερον.
3074 912 3242 967 Ὅθεν
3282 911 3373 965 διὰ
3416 910 3515 983 τὴν
3549 910 3722 965 asca-

2125 1006 2274 1061 δειάν
2314 1023 2478 1078 φησιν
2506 1006 2694 1073 αὐτοῦ,
2735 1006 2810 1071 ὡς
2852 1006 3207 1078 βλασφημεῖδ
3232 1004 3387 1077 γύης,
3420 1001 3717 1075 βεϐουλεῦ·

2130 1098 2254 1167 σθαι
2295 1099 2387 1153 τὸν
2431 1100 2592 1174 αὐτὸν
2638 1091 2820 1154 αὐτῶν
2869 1099 2993 1159 θεὸν
3035 1097 3412 1165 καθυποτάξαι
3450 1097 3530 1170 τῷ
3570 1096 3722 1167 γένει

2126 1187 2222 1241 τοῦ
2282 1188 2501 1263 Ἰσραὴλ
2549 1188 2727 1243 πάντα
2752 1188 2822 1242 τὰ
2864 1188 3001 1244 ἄλλα
3048 1186 3205 1259 ἔθνη·
3254 1186 3350 1242 καὶ
3410 1186 3500 1240 διὰ
3558 1185 3723 1240 τοῦτο

2130 1280 2604 1354 παρεσκευακέναι
2648 1272 2944 1353 πολέμους(
2971 1278 3153 1333 nam
3183 1278 3240 1332 δὲ
3281 1278 3378 1332 καὶ
3415 1266 3553 1333 ἀλλα
3578 1275 3725 1331 κατά

2132 1372 2288 1440 ἁγίου
2333 1370 2474 1425 Θεοῦ
2503 1371 2746 1442 χαλάσας
2785 1372 2884 1444 τὴν
2921 1369 3193 1440 γλῶτταν,
3241 1368 3336 1423 καὶ
3387 1367 3605 1441 ἐπάρας
3648 1368 3713 1421 τὸ

2133 1454 2329 1533 στόμα,
2381 1463 2483 1517 οὐκ
2526 1463 2848 1536 ἐντρέπεται
2884 1461 3061 1516 λαλῶν
3106 1462 3135 1515 ὁ
3183 1460 3570 1525 ἐλεεινότατος.
3621 1457 3722 1513 Διά

2131 1542 2291 1609 τοῦτο
2324 1554 2455 1628 γὰρ,
2475 1557 2627 1627 φησὶ,
2655 1556 2749 1611 καὶ
2786 1555 2855 1610 τὰ
2886 1556 3023 1611 ἄλλα
3046 1554 3173 1628 ἔθνη
3200 1554 3512 1626 ἐπολέμησε
3558 1551 3722 1607 τοῦτο

2130 1646 2192 1701 τὶ
2225 1646 2397 1713 ἔθνος,
2428 1648 2523 1704 καὶ
2553 1648 2723 1703 πολλά
2751 1649 2897 1703 κακὰ
2931 1639 3080 1720 αύτῷ
3112 1646 3467 1714 ἐνεδείξαντο,
3498 1643 3591 1698 διά
3621 1645 3724 1717 τὴν

445 1744 704 1815 elatoque
732 1758 833 1800 ore
857 1741 1205 1798 miserrimus
1246 1738 1545 1795 homuncio
1563 1738 1775 1808 jactare
1804 1752 1913 1792 non
1945 1744 2032 1791 est

2146 1738 2242 1792 τῶν
2270 1739 2445 1794 ἀλλων
2490 1740 2737 1810 ἀγγέλων
2781 1741 3191 1815 παραζήλωσιν,
3218 1738 3520 1810 ἐπειδήπερ
3553 1754 3729 1810 παροδ

445 1837 678 1893 veritus.
705 1833 884 1891 Veluti
916 1847 1043 1888 cum
1073 1831 1255 1887 addit:
1297 1835 1589 1902 propterea
1618 1829 1872 1884 nationes
1909 1826 2030 1882 reli-

451 1944 594 2001 quas
622 1943 749 1985 cum
782 1927 1099 1984 Judaeorum
1147 1932 1309 1997 gente
1341 1924 1486 1981 bella
1511 1922 1773 1996 gessisse,
1800 1937 2033 1993 eamque

451 2021 708 2093 plurimis
747 2018 1001 2075 aﬂ‘eciss’e
1052 2008 1215 2073 malis
1253 2026 1267 2072 :‘
1301 2014 1374 2073 ob
1424 2016 1661 2072 aliorum
1710 2012 2031 2085 angelorum

449 2114 707 2171 videlicet
736 2112 1023 2179 invidiam,
1046 2111 1142 2183 qui
1165 2110 1313 2183 quod
1343 2110 1413 2165 ab
1436 2109 1532 2165 illo
1562 2107 1842 2165 contemni
1864 2120 1924 2162 se
1951 2103 2037 2159 vl-

2134 1829 2477 1902 τρυνθέντες,
2493 1832 2569 1897 ὡς
2591 1833 3092 1908 καταφρονούμενοι
3121 1833 3212 1886 ὑπ’
3229 1830 3417 1896 αὐτοῦ,
3448 1833 3546 1885 καὶ
3571 1830 3732 1885 αὐτοὶ

2136 1918 2205 1975 τά
2230 1919 2335 1976 [δια
2355 1920 2485 1994 ἔθνη
2517 1922 2611 1977 ἐπὶ
2633 1924 2696 1978 τὸ
2730 1922 2882 1989 ἔθνος
2903 1922 2998 1978 τοῦ
3060 1916 3277 1996 Ἰσραὴλ
3310 1922 3370 1977 τὸ
3420 1923 3511 1976 ὑπ’
3545 1921 3733 1977 αὐτῶν

2140 2012 2431 2069 ἐπέσεισαν
2468 2006 2603 2088 (57).
2637 2009 2840 2071 Τούτου
2874 2017 3040 2073 ἕνεκα
3087 2017 3312 2091 πόλεμοι
3348 2016 3581 2072 πάντοτε
3633 2015 3737 2069 καὶ

2142 2103 2542 2161 ἀκαταστασίαι
2568 2107 2688 2162 κατ’
2714 2105 2894 2161 αὐτῶν
2920 2107 3321 2180 ἐπανέστησαν.
3438 2126 3454 2143 ·

450 2206 648 2266 derent
697 2207 992 2272 commoti,
1053 2216 1211 2263 suam
1269 2205 1509 2277 quisque
1563 2211 1781 2276 gentem
1840 2207 2038 2257 contra
2077 2191 2358 2258 Israelitas
2392 2200 2751 2273 impulerunt.
2782 2200 3026 2273 indeque
3065 2200 3274 2256 factum
3334 2206 3443 2263 est,
3505 2203 3567 2251 ut
3603 2210 3732 2267 per-

450 2315 614 2378 petua
647 2304 703 2361 in
735 2303 837 2359 hos
869 2303 1035 2369 bella,
1074 2301 1458 2377 tumultusque
1487 2296 1752 2353 concitati
1798 2293 2024 2351 fuerint.

524 2395 616 2455 111.
654 2387 937 2468 Ejusmodi
965 2402 1051 2451 est
1078 2403 1206 2466 apta
1233 2382 1328 2450 iila
1363 2391 1431 2449 ad
1462 2382 1909 2463 persuadendum
1944 2388 2041 2442 im-

402 2560 410 2567 _
453 2489 700 2562 pastoris
729 2487 927 2543 oratio.
975 2486 1078 2553 Qui
1113 2486 1280 2542 etiam
1310 2485 1379 2541 de
1408 2483 1632 2540 Christo
1663 2480 1891 2554 perinde
1914 2495 2042 2536 sen-

454 2583 542 2644 tit,
571 2578 755 2652 specie
793 2581 956 2635 tenus
990 2578 1262 2634 duntaXat
1305 2575 1639 2632 mdrta‘libus
1690 2572 2036 2646 apparuisse.

456 2672 672 2744 Quippe
702 2669 852 2743 quod
877 2669 933 2725 in
968 2684 1034 2726 eo
1063 2669 1418 2735 cernebatur,
1453 2666 1593 2724 nihil
1622 2670 1822 2738 praeter
1853 2662 2043 2735 imagi-

457 2782 584 2823 nem
622 2763 830 2833 fuisse;
872 2778 1051 2833 neque
1088 2776 1221 2818 vero
1264 2769 1360 2815 aut
1408 2760 1686 2815 hominem
1733 2756 2039 2820 exstitisse,

459 2865 555 2913 aut
589 2866 815 2912 carnem
862 2853 1132 2910 induisse.
1180 2849 1422 2921 Subjicit
1466 2859 1521 2906 et
1570 2849 1732 2904 aliam
1782 2847 1932 2904 velut
1984 2846 2043 2901 in

460 2961 627 3005 scena
672 2946 915 3002 fabulam
959 2942 1238 3001 secundus
1284 2941 1505 3006 histrio,
1545 2955 1668 2996 cum
1716 2938 1785 2995 de
1834 2937 2043 2993 Christi

462 3056 628 3099 cruce
665 3030 931 3111 disputat.
981 3028 1154 3108 Negat
1194 3040 1339 3093 enim
1384 3026 1573 3091 Iesum
1624 3046 1749 3089 esse
1792 3043 2043 3104 passum,

463 3128 561 3186 sed
604 3129 874 3185 vicarium
926 3128 977 3184 ei
1030 3125 1311 3183 Simonem
1352 3126 1674 3197 Cyrenarum
1732 3121 2039 3180 substituit.

464 3223 586 3290 Quo
611 3223 757 3280 enim
791 3232 1038 3295 tempore
1078 3220 1474 3292 Hierosolymis
1518 3217 1788 3274 Dominus
1830 3215 2046 3287 eiectus

463 3326 571 3381 est,
606 3324 665 3373 ut
705 3319 762 3373 in
812 3308 1111 3389 Evangelia
1160 3316 1427 3385 scriptum
1474 3320 1580 3376 est,
1621 3311 2048 3384 angariatrerunt

466 3397 750 3466 Simonem
782 3409 1076 3479 quemdam
1113 3406 1437 3478 Cyrenzeum
1465 3409 1526 3457 ut
1560 3402 1733 3458 ferret
1756 3416 1981 3456 crucem
2005 3390 2045 3454 ί.

466 3500 546 3558 Ex
581 3488 692 3574 quo
724 3498 1021 3558 cavillandi
1064 3498 1549 3569 co‘ncinnandique
1605 3497 1844 3553 fabulam
1890 3507 2049 3552 suam

467 3590 818 3648 occasionem
847 3590 1105 3662 arripuit,
1128 3589 1390 3645 nimirum
1423 3588 1707 3645 Christum
1741 3585 2047 3651 Simonem,

466 3697 596 3738 eum
640 3681 691 3738 is
735 3692 957 3737 crucem
1005 3687 1274 3752 porta:et,
1331 3680 1384 3735 in
1447 3694 1603 3736 suam
1655 3685 2050 3742 commutasse,

468 3774 704 3846 ejusque
729 3762 834 3846 71
867 3772 1113 3829 vicissim
1152 3772 1400 3828 induisse
1426 3770 1658 3827 formam
1686 3789 1701 3839 ;
1748 3771 1938 3842 itaque
1966 3769 2051 3825 Si-

466 3876 688 3924 monem
723 3867 793 3922 ad
822 3866 1011 3923 crucis
1044 3865 1374 3936 supplicium
1412 3876 1515 3924 suo
1565 3865 1690 3920 loco
1732 3863 2050 3920 tradidisse.

468 3957 573 4025 Qui
603 3946 734 4013 dum
768 3952 826 4014 in
855 3966 1024 4013 cruce
1062 3955 1358 4028 sulllgitur,
1388 3945 1574 4012 desum
1605 3969 1636 4008 a
1666 3954 1888 4010 nemine
1916 3969 2055 4009 con-

469 4058 743 4124 spectum,
772 4065 980 4123 eosque
1013 4051 1106 4121 qui
1138 4048 1420 4105 Simonem
1453 4040 1771 4120 sutilgerent
1796 4047 2055 4103 deridén~

471 4154 580 4202 tem
614 4161 683 4202 ex
714 4145 951 4202 adverso
975 4143 1316 4199 constitisse.
1345 4128 1485 4195 Tum
1519 4141 1587 4195 ad
1641 4155 1875 4208 superos
1929 4154 2055 4196 esse

402 4300 403 4303 η
469 4237 818 4303 subvectum,
853 4242 981 4291 cum
1010 4246 1109 4306 pro
1140 4248 1201 4289 se
1235 4231 1508 4307 ﬁgendum
1541 4226 1823 4283 Simonem
1855 4226 2055 4285 substi-

470 4330 692 4393 tuisset,
725 4326 976 4399 nihilque
1024 4326 1164 4384 adeo
1200 4337 1525 4396 perpessum
1575 4322 1629 4377 in
1680 4321 1883 4378 cmlum
1926 4336 2057 4376 evo-

2209 2382 2286 2438 l".
2329 2381 2479 2455 Αὕτη
2503 2383 2653 2437 ἐστὶν
2676 2385 2709 2455 ἡ
2738 2381 2833 2436 τοῦ
2878 2380 3196 2446 ἀπατεῶνος
3223 2378 3598 2453 πιθανολογία.
3625 2377 3732 2433 Καὶ

2138 2466 2302 2539 αὐτὸς
2360 2473 2418 2528 δὲ
2481 2468 2609 2547 περὶ
2658 2472 2926 2544 Χριστοῦ,
2990 2471 3066 2538 ὡς
3120 2471 3341 2544 δοκήσει
3401 2470 3731 2541 πεφηνότος,

2107 2610 2112 2615 .
2138 2566 2341 2638 δμοίως
2374 2547 2615 2633 δοξάζει.
2663 2562 2819 2622 Εἶναι
2848 2565 2907 2620 δέ
2952 2582 3119 2638 φησιν
3150 2564 3314 2619 αὐτὸν
3340 2564 3647 2635 φαντασίαν
3671 2565 3735 2617 ἐν

2138 2658 2219 2730 τῷ
2266 2658 2575 2729 φαίνεσθαι,
2622 2658 2696 2732 μὴ
2729 2654 2867 2713 εῖναι
2917 2656 2975 2712 δὲ
3020 2657 3329 2733 ἄνθρωπον,
3369 2656 3505 2729 μηδὲ
3549 2655 3735 2729 σάρκα

2145 2750 2448 2824 εἰληφέναι.
2476 2752 2895 2825 Δραματουργεῖ
2934 2750 2993 2804 δὲ
3033 2751 3165 2823 ἡμῖν
3194 2749 3362 2821 ἀλλην
3388 2748 3732 2825 δραματουρέ

2144 2846 2271 2915 γίαν
2292 2847 2321 2900 ὁ
2349 2824 2602 2917 δεύτερος
2629 2841 2925 2916 μιμολόγος
2952 2843 3011 2898 ἐν
3033 2840 3113 2914 τῷ
3143 2842 3274 2913 περὶ
3320 2824 3556 2913 σταυροῦ
3586 2839 3737 2912 λόγῳ

2145 2936 2421 3013 Χριστοῦ·
2472 2932 2594 3009 ούχὶ
2635 2935 2845 3008 Ἰησοῦν
2900 2934 3125 3006 φάσκων
3175 2931 3541 2997 πεπονθέναι,
3595 2930 3734 2987 ἀλλά

2145 3032 2369 3103 Σίμωνα
2392 3031 2483 3085 τὸν
2511 3031 2844 3103 Κυρηναῖον.
2903 3025 3124 3099 Ἐπειδὴ
3150 3024 3259 3096 γὰρ
3296 3027 3354 3079 ἐν
3386 3024 3464 3096 τῷ
3491 3024 3603 3078 ἀπὺ
3637 3025 3737 3079 '15-

2148 3121 2463 3195 ροσολύμων
2502 3120 2593 3175 τὸν
2623 3117 2829 3192 Κύριον
2863 3115 3247 3181 ἐκϐάλλεσθαι,
3289 3115 3365 3179 ὡς
3391 3113 3505 3185 ἔχει
3532 3115 3567 3185 ἡ
3599 3113 3732 3167 ἄκος

2147 3213 2337 3268 λουθία
2366 3213 2461 3267 τοῦ
2508 3211 2845 3283 Εὐαγῗελίου
2868 3251 2883 3275 ,
2938 3208 3291 3282 ἠγγάρευσάν
3338 3224 3459 3261 τινα
3514 3206 3737 3277 Σίμωνα

2147 3308 2461 3379 Κυρηναῖον
2532 3304 2802 3377 βαστάσαι
2846 3296 2940 3357 τδν
2991 3300 3246 3375 σταυρὸν,
3294 3297 3444 3353 ἐνθεν
3490 3298 3737 3370 εὑρίσκει

2149 3399 2248 3469 τῆς
2279 3396 2445 3453 αὐτοῦ
2473 3396 2701 3460 κυϐείας
2735 3392 3065 3467 ποιήσασθαι
3103 3390 3205 3464 τὴν
3241 3387 3584 3463 τραγῳδίαν·
3642 3386 3738 3440 καὶ

2151 3478 2339 3563 φησὶν,
2369 3490 2576 3543 ἐκεῖνον
2621 3488 2680 3541 ἐν
2723 3486 2803 3558 τῷ
2845 3483 3138 3558 βαστάζειν
3162 3481 3253 3536 τὸν
3283 3479 3516 3550 σταυρὸν
3565 3494 3736 3550 μετα·

2155 3578 2583 3653 μεμορφωκέΑναι
2633 3580 2714 3643 είς
2758 3577 2821 3632 τὸ
2858 3575 3055 3631 ἑαυτοῦ
3087 3570 3390 3642 εἶδοςνκαὶ
3416 3570 3612 3625 ἐαυτὸν
3658 3570 3737 3632 εἰς

2151 3677 2240 3732 τὸν
2267 3676 2507 3748 Σίμωνα,
2539 3674 2634 3729 καὶ
2666 3673 2787 3729 ἀντὶ
2810 3669 3007 3728 ἐαυτοῦ
3051 3664 3492 3743 παραδεδωκέναι
3515 3665 3739 3734 Σίμωνα

2152 3771 2233 3834 είς
2290 3770 2351 3823 τὸ
2401 3767 2807 3838 σταυρωθῆναι.
2881 3763 3123 3819 Ἐκείνου
3175 3761 3233 3816 δὲ
3295 3756 3736 3829 σταυρουμένου,

2152 3856 2374 3936 ἑστήκει
2404 3862 2770 3932 κατάντικρυς
2807 3858 3057 3931 ἀοράτως
3086 3857 3115 3909 ὁ
3156 3852 3382 3925 Ἰησοῦς,
3421 3847 3742 3918 καταγελῶν

2151 3956 2263 4011 τῶν
2297 3957 2389 4011 τὸν
2428 3954 2650 4027 Σίμωνα
2691 3950 3087 4023 σταυρούντων.
3129 3946 3302 4010 Αὐτὸς
3341 3944 3397 3997 δὲ
3428 3942 3632 4011 ἀνέστη
3661 3941 3740 4003 εἰς

2154 4046 2222 4101 τὰ
2248 4046 2570 4119 ἐπουράνια,
2595 4043 2868 4117 παραδοὺς
2895 4040 2986 4096 τὸν
3018 4040 3239 4112 Σίμωνα
3272 4032 3737 4101 ἀνασκολοπισθῆ-

2154 4160 2265 4205 ναι,
2294 4141 2388 4195 καὶ
2430 4137 2659 4203 ἀπαθῶς
2685 4135 3034 4210 ἀνεχώρησεν
3059 4134 3140 4197 εἰς
3166 4132 3259 4186 τὸν
3283 4128 3534 4203 οὐρανόν.
3582 4127 3641 4181 '0
3680 4125 3741 4178 δὲ

2156 4229 2340 4302 Σίμων
2382 4229 2545 4294 αὐτὸς
2591 4225 2937 4301 ἐσταυρώθη,
2991 4214 3086 4281 καὶ
3123 4220 3223 4295 οὒχ
3271 4225 3301 4276 ὁ
3338 4219 3595 4293 Χριστός.
3637 4218 3742 4288 ‘11}.-

2159 4324 2285 4388 σοῦς
2337 4323 2467 4395 γὰρ,
2523 4324 2722 4394 φησὶν,
2780 4312 3176 4381 ἀναπετασθεὶς
3225 4316 3307 4380 εἱς
3357 4314 3448 4368 τὸν
3494 4310 3742 4382 οὐρανὸν,

470 4424 636 4480 lasse.
658 4419 872 4499 Interea
901 4419 1118 4480 Simon,
1138 4434 1251 4475 non
1279 4414 1555 4481 Christus,
1575 4416 1628 4470 in
1667 4428 1889 4470 crucem
1924 4413 2042 4470 sub-

2157 4404 2339 4486 διῆλθε
2370 4413 2551 4477 πάσας
2576 4411 2675 4476 τάς
2703 4410 2982 4483 δυνάμεις,
3006 4409 3117 4499 ἕως
3142 4401 3203 4462 οὗ
3233 4404 3580 4474 ἀποκατέστη
3609 4403 3747 4467 πρὸς

469 4515 616 4570 latus
670 4518 777 4568 est.
846 4497 1010 4567 JeSus
1057 4511 1227 4574 enim,
1294 4510 1393 4574 ait,
1455 4508 1511 4562 in
1573 4506 1775 4563 cmlum
1830 4514 2042 4560 evectus

2159 4507 2249 4561 τὸν
2297 4505 2428 4560 ἴδιον
2468 4504 2632 4558 αὐτοῦ
2678 4502 2914 4575 Πατέρα.
2961 4493 3132 4564 Οὗτος
3173 4498 3283 4570 γάρ
3313 4499 3451 4561 ἐστι,
3480 4494 3668 4566 φησὶν,
3722 4496 3755 4546 ὁ

468 4605 705 4660 virtutes
735 4610 930 4658 omnes
956 4599 1285 4671 penetravit,
1326 4596 1504 4652 donec
1533 4595 1602 4651 ad
1636 4588 1855 4651 Patrem
1889 4610 2053 4651 suum

473 4678 730 4753 reversus
755 4703 858 4750 est.
885 4691 987 4749 ilic
1008 4691 1157 4748 enim
1192 4699 1278 4746 est
1309 4688 1492 4745 Patris
1528 4689 1618 4743 ille
1649 4695 2056 4744 commemora—

473 4796 564 4844 tus
600 4794 729 4842 ante
759 4785 951 4844 Filius.
985 4783 1078 4856 qui
1111 4782 1179 4838 ad
1207 4790 1375 4853 opem
1402 4782 1645 4837 humano
1673 4781 1860 4852 generi
1891 4780 2066 4836 feren-

473 4879 598 4936 dam
635 4877 950 4934 submissus
989 4882 1096 4941 est,
1143 4876 1371 4947 propter
1414 4888 1535 4928 eam
1579 4887 1746 4943 quam
1781 4872 1925 4928 inter
1959 4872 2060 4927 110-”

474 4971 651 5027 mines
681 4968 910 5042 perinde
955 4975 1122 5040 atque
1160 4966 1386 5038 angelos
1422 4964 1895 5036 perturbationem
1944 4975 2058 5042 cce;

472 5063 630 5121 iestis
670 5037 835 5118 i’ater
891 5037 1380 5117 animadverterat.
1424 5055 1601 5127 Atque
1638 5055 1804 5122 idem,
1854 5037 2057 5125 inquit,

473 5157 627 5215 salus
652 5162 739 5211 est
773 5162 985 5221 nostra,
1028 5154 1126 5225 qui
1180 5151 1236 5207 in
1288 5149 1554 5206 mundum
1604 5149 1775 5213 venit,
1815 5149 2061 5220 solisque

475 5247 640 5303 nobis
675 5246 819 5301 hanc
848 5246 926 5301 rei
961 5245 1250 5300 veritatem
1282 5239 1519 5313 aperuit.
1554 5237 1718 5294 Tales
1753 5246 1885 5295 sunt
1916 5254 1945 5293 a
1974 5256 2064 5295 nc-

475 5340 680 5399 bulone
735 5336 1292 5395 istocousareinata‘.
1345 5332 1565 5389 fabulzc.
1617 5331 1888 5402 Deinceps
1936 5346 2064 5385 vero

550 5513 569 5550 ⁸
600 5513 765 5570 Marc.
798 5528 887 5579 xv,
912 5510 1001 5567 2|.

2162 4599 2289 4663 Υἱὸς
2314 4598 2410 4652 τοῦ
2444 4596 2658 4669 Πατρὸς
2697 4597 2726 4649 ὁ
2764 4593 3181 4669 προειρημένος,
3224 4591 3255 4643 ὁ
3283 4586 3613 4650 ἀποσταλεὶς
3654 4587 3756 4640 ἐπὶ

2164 4691 2387 4765 βοηθείᾳ
2413 4690 2524 4744 τῶν
2550 4689 2681 4744 υἱῶν
2723 4687 2832 4742 τῶν
2876 4685 3180 4758 ἀνθρώπων
3205 4682 3272 4737 δι’
3303 4681 3368 4751 ἣν
3408 4674 3545 4734 εἶδεν
3569 4680 3599 4733 ὁ
3632 4672 3755 4731 Ila-

2162 4781 2265 4853 τὴρ
2293 4779 2700 4835 ἀκαταστασίαι)
2745 4777 2802 4831 ἐν
2828 4795 2886 4830 τε
2915 4778 3029 4840 τοῖς
3059 4770 3369 4846 ἀνθρώποις
3406 4769 3503 4823 καὶ
3545 4769 3604 4822 ἐν
3634 4769 3758 4832 τοῖς

2164 4871 2438 4941 ἀγγέλοις.
2498 4872 2609 4925 Καὶ
2643 4865 2797 4933 οὗτός
2836 4871 2975 4933 ἐστι,
3002 4864 3246 4938 φησὶν,ή
3284 4859 3528 4934 σωτηρία
3568 4857 3756 4931 ἡμῶν,

2164 4966 2193 5018 ὁ
2226 4962 2416 5026 ἐλθὼν,
2457 4963 2552 5017 καὶ
2601 4957 2732 5033 ἡμῖν
2789 4959 2973 5030 μὰνοις
3018 4953 3375 5025 ἀποκαλύψας
3411 4951 3616 5022 ταύτην
3647 4950 3759 5024 τὴν

2166 5054 2446 5125 ἀλήθειαν.
2482 5055 2737 5109 Τοιαῦται
2758 5053 2854 5126 μὲν
2886 5054 2942 5106 αἱ
2966 5047 3232 5123 ραψῳδίαι
3266 5045 3369 5116 τῆς
3396 5041 3491 5098 τοῦ
3509 5043 3763 5114 ἀγύρτου

2172 5148 2515 5221 μυθοποιίας.
2553 5130 2713 5201 Ἀλλά
2739 5146 2833 5200 καὶ
2858 5141 3191 5199 ἀπεντεῦθεν
3212 5137 3635 5215 προκοπτούσης
3654 5135 3760 5207 τῆς

2171 5240 2511 5312 ἀκαθαρσίας
2540 5240 2639 5312 τῆς
2654 5238 2762 5293 ἀπὸ
2778 5237 2870 5291 τοῦ
2891 5236 3132 5309 Σίμωνος
3147 5228 3547 5309 ἐναρξαμένης,
3574 5227 3763 5282 πᾶσαν

2174 5329 2515 5400 ἐπιτήδευσιν
2550 5326 2962 5399 κακομηχανίας
3002 5324 3097 5379 καὶ
3142 5319 3432 5390 ἀσελγείας
3467 5315 3762 5390 ἐπιτρέπει

583 5689 700 5764 (167)
766 5689 837 5747 Τὸ
878 5692 975 5747 ὑπ’
1026 5690 1220 5747 αὐτῶν
1259 5688 1607 5745 ἐπέσεισαν.
1662 5687 1829 5746 Forte
1858 5688 1944 5742 ὑπ’
1991 5684 2159 5757 αὐτῷ.
2230 5660 2243 5672 θ
