3946 6074
215 232 341 295 illi?

880 246 1253 305 ADVERSL'S
1290 249 1638 309 ll.~ERESES
1678 251 1806 310 LIB.
1851 306 1852 309 η

1959 254 2101 315 ΓΟδί.
2141 256 2209 314 ιι.
2248 289 2320 298 -
2355 257 2633 317 ιιιΕιιεδ.
2674 254 2866 317 XXIV.

3426 242 3536 322 sit

220 361 354 422 τοὺς
399 357 566 433 αύτῷ
623 362 1100 436 μαθητευομένους
1133 366 1401 421 ἐπιτελεῖν
1424 408 1439 433 ,
1477 368 1678 442 ἄνδρας
1712 372 1851 442 μετά

1959 388 2312 445 progressum
2344 373 2437 429 illa
2469 373 2789 446 impuritate
2832 375 3109 447 capiente,
3140 374 3303 447 cujus
3342 382 3540 433 auctor

227 451 879 526 Τοπικῶν-πολυμιξίαι»
896 455 1015 510 τινὰ
1030 458 1206 530 κακῆς
1225 460 1533 524 ὑποθέσεως
1552 462 1678 526 τοὺς
1696 463 1845 536 αύτῷ

237 545 576 613 πεισθέντας
606 549 949 603 ἐκδιδάσκει·
976 550 1052 614 ὠς
1069 550 1218 620 λέγει
1242 555 1270 606 ὁ
1314 534 1668 621 ’Λπόστολοςο
1719 534 1846 611 Ἐπὶ

243 637 461 703 τούτοις
518 641 619 697 xei.
672 643 788 705 τοῖς
834 642 1042 712 ὁμοίοις
1099 644 1282 699 αὐτῶν
1355 647 1843 703 ἀποκαλύπτεσθαι

242 731 417 805 ὀργὴν
468 731 635 799 Θεοῦ,
707 735 803 788 καὶ
851 734 1246 808 δικαιοκρισίαν
1289 740 1382 794 ἐπὶ
1409 741 1536 806 τοὶς
1577 742 1677 814 τὴν
1710 743 1847 814 ἀλή-

249 827 402 880 θειαν
456 826 518 877 ὲν
554 825 741 895 ἀδικίᾳ
791 828 1141 900 κατέχοντας.
1190 831 1292 885 Διά
1344 832 1549 905 ταύτην
1591 835 1700 907 γὰρ
1748 836 1849 908 τὴν

190 940 195 943 ·
251 915 436 971 αἰτίαν
473 914 574 988 τῆς
599 915 934 988 ἡδυπαθείας
965 918 1148 973 πολλοὶ
1185 922 1265 985 εἰς
1304 920 1401 993 τὴν
1440 924 1653 995 αἰρεσιν
1683 927 1849 997 ὲμπίι

251 1022 484 1060 πτουσιν
504 1044 519 1070 ,
585 1005 748 1070 ὶδεῶς
798 1007 1148 1080 εὑρίσκοντες
1187 1012 1458 1067 ἐπιτελεῖν
1507 1014 1605 1086 τὴν
1656 1014 1849 1089 ἡδονὴν

252 1098 470 1154 ἑαυτῶν
495 1099 556 1152 ὲν
587 1101 711 1164 ταῖς
749 1101 1184 1173 αἰσχρουργίαις.

327 1376 402 1431 Δί.
447 1377 703 1433 Διδάσκει
726 1377 783 1432 δὲ
814 1378 979 1433 πάλιν
1021 1372 1116 1435 καὶ
1153 1380 1455 1455 ἀνατρέπει
1493 1384 1740 1457 φάσκων,
1773 1382 1848 1463 μὴ

241 1468 367 1522 δλν
413 1473 738 1541 μαρτυρεῖν.
786 1470 845 1524 'U
874 1470 983 1544 γὰρ
1027 1473 1323 1546 μαρτυρῶν
1357 1475 1585 1547 ἄμισθος
1619 1479 1848 1553 εὑρεθή-

249 1578 430 1627 σεται,
471 1562 766 1635 μαρτυρῶν
792 1562 932 1634 ὑπὲρ
968 1563 1064 1617 τοῦ
1109 1567 1475 1638 πεποιηκότος
1503 1568 1594 1623 τὸν
1634 1568 1848 1642 ἀνθρω-

246 1671 386 1709 πον·
425 1658 700 1739 μαρτυρεῖ
729 1655 838 1728 γὰρ
879 1657 1019 1730 ὑπὲρ
1065 1657 1162 1711 τοῦ
1195 1659 1614 1733 ἐσταυρωμένον
1666 1661 1847 1733 Σίμωδ

1955 465 2146 521 Simon
2193 464 2316 532 fuit,
2368 467 2580 522 nullum
2639 485 2749 525 non
2810 467 3102 540 pravitatis
3177 468 3539 540 libidinisque

1952 574 2126 629 genus
2167 559 2480 615 obeundum
2514 559 2806 633 discipulis
2843 561 3142 632 permittit;
3179 562 3540 633 virorumque

1950 665 2039 705 ac'
2067 651 2357 707 mulierum
2398 653 2745 723 promiscuos
2787 655 3144 718 concubitus,
3189 661 3245 710 et
3291 655 3539 711 scelera-

1950 750 2133 799 torum
2166 744 2488 816 dogmatum
2526 745 2841 817 congeriem
2866 746 3238 803 sectatoribus
3264 750 3382 803 suis
3410 763 3541 817 pro-

1950 837 2123 908 ponit.
2158 836 2316 906 Quod
2349 839 2495 894 etab
2530 838 2794 910 Apostolo
2829 847 3080 894 notatum
3120 847 3228 903 est,
3258 855 3383 894 cum
3421 840 3536 902 ait,

1953 925 2008 982 in
2038 928 2127 985 his
2152 941 2205 985 et
2232 929 2429 985 horum
2455 930 2732 987 similibus
2773 933 2908 986 iram
2940 929 3037 987 Dei
3069 932 3322 996 revelari,
3354 946 3418 987 ac
3447 931 3541 1001 ju-‘

1950 1030 2095 1078 stum
2123 1022 2389 1093 judicium
2410 1023 2464 1078 in
2483 1039 2603 1087 eos,
2642 1024 2737 1095 qui
2765 1024 3121 1081 veritatemin
3150 1025 3366 1095 justitia
3404 1025 3537 1080 deti-

1952 1126 2085 1170 nent
2106 1116 2147 1171 ¹.
2188 1114 2324 1170 Nam
2356 1115 2430 1171 ob
2456 1130 2552 1172 eas
2582 1118 2894 1188 voluptates
2921 1117 3172 1188 plerique
3198 1117 3265 1171 ad
3298 1117 3537 1173 haeresin

1949 1207 2293 1273 desciscunt,
2324 1207 2415 1263 ubi
2451 1206 2777 1265 foedissimis
2818 1208 3046 1281 ﬂagitiis
3089 1211 3311 1280 impune
3355 1210 3539 1266 libidia

1950 1317 2076 1357 nem
2114 1315 2270 1355 suam
2296 1301 2519 1372 explere
2547 1303 2778 1372 possint.

2022 1389 2111 1446 Ν.
2143 1391 2287 1460 Quin
2315 1392 2479 1447 etiam
2521 1391 2629 1445 alio
2660 1390 2994 1446 documento
3044 1406 3146 1447 suo
3195 1399 3537 1449 sectatorum

1949 1487 2168 1542 animos
2196 1485 2521 1556 corrumpit.
2556 1483 2647 1539 Ait
2683 1484 2830 1540 enim
2865 1484 3196 1556 martyrium
3237 1484 3395 1540 obire
3441 1498 3542 1539 ne-

1948 1592 2227 1649 quaquam
2275 1587 2553 1648 oportere.
2607 1575 2713 1643 Qui
2761 1577 2910 1635 enim
2952 1576 3007 1631 id
3062 1576 3229 1631 faciat
3281 1574 3539 1633 mercede

1950 1671 2277 1734 cariturum,
2306 1686 2429 1725 cum
2464 1671 2520 1724 in
2547 1668 2669 1739 ejus
2703 1670 2796 1740 qui
2820 1669 3101 1724 hominem
3135 1669 3381 1724 condidit
3408 1683 3537 1741 gra—

244 1758 359 1811 νος.
404 1745 581 1801 Πόθεν
617 1748 676 1801 δὲ
709 1746 886 1819 τούτῳ
936 1747 1126 1819 μισθὸς
1157 1751 1265 1822 είη,
1315 1751 1478 1805 ὁπότε
1516 1751 1848 1824 ἀποθνήσκει

1959 1762 2085 1816 tiam
2124 1761 2274 1818 istud
2309 1762 2607 1831 suscipiat;
2651 1768 2705 1816 et
2756 1770 2942 1817 tamen
2987 1762 3054 1816 ad
3107 1761 3389 1816 Simonem
3444 1760 3537 1831 qui

249 1842 351 1912 μὲν
382 1840 527 1913 ὑπὲρ
558 1839 804 1911 Σίμωνος
836 1841 931 1894 τοῦ
958 1843 1397 1915 ὲσταυρωμένου,
1434 1845 1575 1918 ὑπὲρ
1607 1846 1845 1920 Χριστοῦ

1959 1869 2256 1925 suspensus
2289 1855 2347 1910 in
2385 1868 2553 1910 cruce
2602 1855 2676 1910 sit
2711 1855 3034 1927 martyrium
3074 1854 3368 1910 referatur.
3440 1851 3539 1906 Et-

237 1921 302 2029 δὲ
337 1931 501 1986 τοῦτο
528 1933 703 1986 ποιεῖν
726 1932 1001 2004 ὁμολογεῖ,
1031 1934 1060 1988 ὃ
1088 1936 1292 2004 ἀγνοεῖ,
1319 1936 1679 2010 ἀποθνήσκων
1707 1941 1847 2012 ὑπὲρ

1959 1945 2092 2000 anim
2117 1947 2393 2002 undenam
2413 1947 2461 2002 ei
2496 1947 2780 2017 praemium
2822 1946 3408 2029 exspectandumaqui
3441 1958 3543 2015 pro

239 2012 307 2078 ὦ
334 2026 399 2079 ού
431 2025 731 2093 γινώσκεις
770 2027 862 2078 Δεῖ
897 2027 1080 2081 τοίνυν
1128 2028 1419 2099 ἀρκεῖσθαι
1446 2029 1579 2102 (58),
1625 2031 1720 2086 καὶ
1771 2033 1846 2106 μὴ

250 2115 567 2188 προαλόντα
592 2113 983 2187 ἀποθνήσκειν.

1950 2031 2176 2092 Simone
2223 2034 2492 2093 cruciﬂxo
2554 2048 2786 2094 mortem
2847 2048 3117 2111 Oppetens
3176 2040 3417 2111 idipsum
3479 2052 3543 2093 se

1949 2124 2157 2181 Christi
2189 2142 2358 2183 causa
2396 2127 2579 2184 facere
2613 2128 2926 2201 profitetur,
2973 2137 3030 2185 et
3065 2130 3286 2201 quidem
3328 2130 3544 2199 impru-

251 2209 421 2264 'Iens?
446 2206 583 2261 Nam
625 2222 726 2279 pro
791 2222 856 2263 co
888 2218 1052 2279 quem
1096 2208 1333 2280 ignorat,
1375 2210 1536 2266 morti
1602 2226 1727 2267 sese
1791 2216 2113 2273 committit.
2151 2217 2414 2275 Sullicere
2442 2234 2573 2291 ergo
2614 2220 2774 2277 nobis
2812 2220 2961 2276 istud
2993 2222 3149 2277 debet
3218 2236 3441 2291 :neque
3492 2216 3541 2274 sl

245 2303 456 2359 detenti
512 2301 783 2357 fuerimus
844 2304 1041 2360 Inertis
1096 2319 1256 2374 paena
1290 2305 1603 2362 subeunda.

319 2399 399 2454 E'.
438 2398 833 2471 Φωραθήσεται
866 2398 924 2455 δὲ
955 2392 1111 2465 οὗτος
1132 2401 1445 2475 διαϐολικὴν
1467 2403 1699 2476 δύναμιν
1730 2404 1847 2459 εἱσ-

247 2489 556 2560 ηγούμενος
607 2492 749 2545 κατά
790 2492 898 2545 τῶν
934 2491 1143 2563 ψυχῶν,
1187 2494 1630 2567 ἀπαρνησιθεῖαν
1673 2495 1847 2561 αὐτὰς

251 2584 623 2640 ὲκδ.ὁάσκων·
669 2585 829 2639 ὁπότε
864 2578 1028 2651 αὐτὸς
1057 2588 1086 2641 6
1119 2587 1323 2660 Κύριος
1365 2580 1532 2661 φησί·
1581 2589 1692 2644 Τὸν
1742 2591 1849 2659 ἀρ-

252 2679 558 2749 νούμενόν
582 2697 662 2748 με
687 2677 946 2734 ἐνώπιον
983 2678 1100 2735 τῶν
1142 2684 1491 2751 ἀνθρώπων,
1510 2684 1849 2756 ἀρνήσομαι

253 2770 418 2841 κάγὼ
456 2770 649 2825 αὐτὸν
673 2770 932 2825 ἐνώπιον
969 2771 1077 2827 τοῦ
1110 2777 1342 2843 Πατρός
1362 2793 1482 2845 μου
1511 2777 1617 2832 τοῦ
1650 2778 1721 2832 ὲν
1743 2780 1847 2833 οὑ-

245 2864 480 2933 ριινοῖς.
558 2864 722 2919 Ἀλλὰ
769 2862 990 2937 φησὶνὸ
1047 2866 1322 2938 ἀγύρτης
1372 2870 1595 2940 Ἡμεῖς,
1652 2872 1842 2944 φησὶν,

251 2959 426 3029 ἐσμὲν
454 2960 503 3011 οξ
530 2957 841 3029 ἄνθρωπον
876 2961 925 3012 at
960 2956 1018 3013 δὲ
1045 2959 1195 3015 ἄλλοι
1237 2961 1441 3025 πάντες
1475 2960 1569 3026 ὖες
1613 2962 1707 3016 καὶ
1747 2962 1847 3018 κύ-

247 3069 366 3115 νες.
404 3051 517 3104 Καὶ
549 3049 636 3104 διὰ
666 3050 821 3105 τοῦτο
860 3045 1013 3104 εἶπε·
1047 3051 1144 3122 Μὴ
1172 3051 1412 3121 βάλητε
1445 3054 1588 3122 τοὺς
1621 3070 1850 3126 adpra-

238 3146 426 3214 ρέτας
449 3145 795 3214 ἔμπροσθεν
823 3142 942 3198 τῶν
970 3145 1211 3214 χοίρων,
1228 3147 1386 3215 μηδέ
1410 3147 1547 3202 δότε
1583 3148 1853 3219 τὸ“ᾶγιον

247 3237 383 3303 ἑοῖς
413 3240 582 3291 κυσί.
639 3228 887 3308 Κρύπτει
928 3236 1038 3309 γὰρ
1088 3232 1283 3291 ἑαυτθῦ
1325 3238 1425 3312 τὴν
1476 3239 1689 3295 ἀδικίαν
1742 3240 1852 3296 ἀπὸ

246 3330 367 3384 τῶν
392 3328 520 3384 νοῦν
551 3329 785 3400 ἐχόντων
806 3346 820 3360 ·
854 3329 1231 3386 ἀποκαλύπτει
1278 3331 1334 3384 δὲ
1389 3334 1454 3405 τῇ
1488 3331 1655 3387 αὐτοῦ
1686 3333 1850 3407 σχολῇ

250 3422 354 3477 καὶ
380 3423 491 3485 τοῖς
526 3422 619 3475 ὑπ’
666 3419 833 3475 αὐτοῦ
864 3420 1265 3493 ἡπατημένοις.
1316 3422 1529 3496 Ἐπειδὴ
1577 3424 1687 3496 γὰρ
1719 3424 1853 3497 ἀλη-

253 3512 371 3576 θῶς
396 3511 467 3565 τά
498 3511 633 3583 παρ’
665 3513 852 3576 αὐτοῖς
885 3511 1158 3584 λεγόμενα
1206 3512 1301 3566 καὶ
1326 3514 1585 3585 γινόμενα
1630 3516 1853 3587 αἰσχρόν

255 3608 382 3660 ἔστι
417 3604 512 3660 καὶ
539 3604 757 3673 λέγειν’
787 3598 958 3669 λέγει,
1003 3604 1087 3658 ὅτι
1126 3603 1358 3659 ἐνώπιον
1394 3605 1502 3660 τῶν
1549 3605 1852 3679 ἀνθρώπων

250 3698 342 3752 δεῖ
376 3696 672 3769 ὁμολογεῖν
714 3696 811 3768 τὴν
863 3694 1145 3768 ἀλήθειαν.
1192 3696 1384 3767 Ἡμεῖς
1434 3698 1543 3768 γάρ
1589 3698 1756 3770 ἐσμεν
1802 3700 1853 3753 et

252 3790 545 3862 ἄνθρωποι
566 3806 579 3820 υ
612 3788 663 3842 οἱ
689 3788 745 3842 δὲ
777 3787 928 3843 ἄλλοι
958 3788 1051 3853 ὗες
1098 3786 1193 3841 καὶ
1227 3786 1411 3854 κύνες,
1458 3788 1534 3853 ὼς
1568 3792 1850 3862 προεῖπον.

249 3886 463 3940 Φάσκει
599 3881 762 3954 μόνον
810 3882 940 3954 περὶ
986 3880 1202 3953 Πατρὸς
1234 3880 1331 3934 καὶ
1375 3879 1470 3933 τοῦ
1515 3879 1708 3934 ἑαυτοῦ
1747 3899 1852 3952 μυε-

255 3976 496 4048 ᾱτηρίου
550 3974 742 4048 μηδενὶ
781 3972 1212 4038 ἀποκαλύπτειν,
1263 3971 1402 4028 ἀλλά
1441 3975 1567 4044 σιγῇ
1608 3972 1752 4045 ἔχειν
1797 3976 1854 4029 ὲν

252 4068 513 4133 ἑαυτοίς’
553 4067 640 4122 ἐνὶ
665 4067 723 4120 δὲ
754 4066 863 4121 ἀπὺ
908 4066 1091 4138 χιλίων
1118 4063 1547 4131 ἀποκαλύπτειν,
1582 4066 1677 4120 καὶ
1703 4066 1856 4121 δυσὶν

250 4161 373 4216 ἀπὸ
418 4160 655 4234 μυρίων.
708 4159 822 4215 Καὶ
878 4160 1194 4214 ὑποτίθεται
1236 4163 1350 4223 τοῖς
1382 4157 1551 4212 αὐτοῦ
1586 4158 1857 4232 μαθηταῖς

252 4253 461 4322 λέγων,
502 4252 587 4307 ὅτι
634 4251 823 4322 Ὑμεῖς
858 4250 1037 4304 πάντα
1081 4250 1412 4320 γινώσκετε·
1457 4244 1603 4323 ὑμᾶς
1645 4251 1704 4304 δὲ
1744 4270 1854 4327 μη-

250 4348 374 4413 δεὶς
401 4344 747 4417 γινωσκέτω.
795 4343 968 4409 Αὐτὸς
998 4343 1057 4397 δὲ
1096 4345 1192 4398 καὶ
1221 4344 1270 4397 oi
1312 4343 1408 4398 ἀπ’
1437 4343 1604 4398 αὑτοῦ
1644 4343 1860 4418 ἐρωτώ-

2024 2394 2089 2455 ν.
2125 2399 2420 2457 Enimvero
2461 2400 2795 2458 diabolicam
2844 2402 3142 2474 quamdam
3175 2403 3287 2459 vim
3317 2404 3383 2458 ad
3416 2405 3539 2460 ani-

1951 2510 2167 2551 marum
2199 2495 2353 2549 illum
2392 2494 2669 2553 invexisse
2703 2497 3007 2567 perniciem
3039 2496 3202 2554 facile
3232 2499 3543 2570 deprehen-

1948 2588 2163 2652 demus,
2226 2597 2283 2642 ut
2323 2588 2418 2659 qui
2456 2587 2627 2644 Deum
2672 2589 2892 2659 ejurare
2920 2590 3045 2646 illos
3077 2591 3326 2653 edoceat,
3362 2608 3540 2660 quam

1949 2679 2244 2752 doq’uidem
2303 2679 2567 2737 Dominus
2607 2682 2728 2752 ipse
2773 2681 2908 2736 dicit
2937 2700 2951 2734 :
2980 2681 3086 2747 Qui
3133 2684 3398 2754 negaverit
3461 2689 3545 2739 me

1950 2789 2133 2828 coram
2175 2772 2497 2839 hominibus,
2546 2775 2743 2845 negabo
2789 2783 2838 2828 et
2886 2790 2978 2845 ego
3009 2790 3131 2829 cum
3162 2791 3344 2828 coram
3382 2774 3546 2830 Patre

1951 2867 2057 2939 72
2106 2883 2218 2921 meo
2253 2867 2343 2938 qui
2388 2867 2445 2921 in
2490 2867 2634 2922 caelis
2681 2876 2761 2922 est
2791 2864 2837 2922 ¹.
2876 2866 2945 2919 At
2977 2865 3126 2921 enim
3161 2876 3439 2923 veterator
3462 2867 3544 2921 lo-

1951 2961 2145 3030 quitur
2179 2958 2349 3030 :Nos,
2388 2961 2604 3031 inquit,
2638 2960 2894 3015 homines
2932 2973 3129 3015 sumus
3158 2977 3171 3014 :
3201 2958 3386 3014 caeteri
3423 2973 3544 3013 om-

1954 3067 2053 3107 nes
2092 3052 2227 3105 nihil
2266 3052 2415 3106 aliud
2445 3068 2610 3123 quam
2644 3067 2775 3107 sues
2813 3060 2868 3107 et
2903 3067 3090 3107 canes.
3131 3051 3369 3122 Ideoque
3409 3052 3544 3107 scri‘

1954 3154 2107 3214 ptum
2140 3152 2226 3198 est
2256 3160 2268 3196 :
2302 3141 2485 3197 Nolite
2502 3146 2685 3213 jacere
2716 3144 3041 3215 margaritas
3061 3151 3183 3197 ante
3205 3159 3417 3208 porcos,
3448 3159 3542 3198 ηεαδ

1952 3249 2050 3305 que
2080 3231 2210 3286 dare
2243 3236 2488 3288 sanctum
2506 3232 2742 3287 'cam'bus
2774 3233 2816 3287 ³.
2851 3232 3135 3304 Siquidem
3168 3232 3237 3288 de
3285 3249 3385 3288 sua
3440 3234 3545 3288 imi

1952 3325 2229 3396 probitate
2258 3326 2401 3381 celat
2428 3341 2526 3382 eos
2572 3327 2667 3398 qui
2704 3325 2991 3396 sapientiae
3024 3326 3277 3381 nonnihil
3307 3326 3540 3390 habent,

1953 3434 2019 3475 ac
2049 3434 2164 3476 sua:
2196 3418 2467 3475 duntaxat
2515 3419 2725 3477 schola:
2769 3426 2825 3476 et
2863 3418 3263 3475 circumventis
3291 3400 3321 3474 ἑ
3352 3433 3412 3474 se
3440 3418 3543 3472 ho-

1954 3512 2200 3568 minibus
2227 3514 2476 3584 exponit.
2518 3512 2791 3580 Quoniam
2845 3527 3036 3570 revera
3085 3527 3209 3583 quae
3239 3511 3308 3566 ab
3336 3510 3447 3567 illis
3473 3511 3546 3566 di-

1953 3614 2159 3660 cuntur
2198 3611 2253 3660 et
2302 3604 2460 3669 fiunt,
2520 3614 2678 3676 turpe
2726 3602 2821 3661 cst'
2873 3605 3036 3662 etiam
3087 3602 3319 3674 eloqui"
3375 3603 3548 3673 Igitur

1955 3711 2142 3752 coram
2192 3694 2515 3751 hominibus
2565 3696 2931 3767 proﬁtendam
2967 3711 3095 3752 esse
3135 3696 3424 3770 veritatem
3452 3696 3550 3750 do-

1956 3796 2064 3847 cet.
2107 3788 2220 3847 Nos
2275 3789 2423 3845 enim
2473 3789 2732 3845 homines
2779 3791 3221 3857 sumus;c:eteri
3255 3804 3417 3845 suum
3453 3804 3550 3843 cae

1955 3896 2200 3951 numque
2241 3892 2496 3948 numero,
2534 3880 2615 3936 uti
2660 3879 2929 3936 diximus.
2981 3878 3047 3934 Et
3085 3880 3217 3934 illud
3261 3879 3543 3943 admonet,

1956 3981 2016 4029 ut
2050 3972 2120 4029 de
2153 3970 2315 4029 Patre
2341 3970 2611 4027 duntaxat
2656 3987 2976 4043 arcanoque
3003 3986 3106 4028 suo
3136 3969 3343 4025 nemini
3379 3969 3548 4040 sigui‘

1958 4062 2146 4130 licent,
2178 4060 2274 4119 sed
2301 4062 2531 4118 tacitum
2565 4061 2710 4133 apud
2736 4076 2796 4118 se
2829 4063 3130 4127 retineant,
3162 4068 3257 4114 aut
3293 4059 3389 4114 uni
3435 4059 3549 4113 sal—

1960 4164 2065 4210 tem
2101 4169 2133 4211 e
2163 4152 2431 4218 millibus,
2471 4168 2536 4208 ac
2564 4153 2782 4209 duobus
2816 4169 2880 4209 ex
2921 4153 3113 4208 decem
3148 4151 3393 4206 millibus
3424 4164 3551 4220 ape;

1958 4248 2126 4304 riant.
2150 4246 2295 4316 Quin
2332 4254 2390 4304 et
2431 4246 2549 4305 suis
2590 4245 2882 4317 discipulis
2942 4246 3019 4300 ita
3068 4244 3317 4315 principii
3345 4260 3358 4297 :
3388 4241 3546 4303 Date,

1961 4340 2161 4412 inquit,
2208 4355 2433 4412 operam
2490 4347 2551 4395 ut
2594 4338 2783 4394 omnia
2819 4338 3196 4409 cognoscatis,
3229 4351 3390 4393 nemo
3415 4350 3545 4392 verc

257 4456 423 4512 μενοι
469 4438 759 4502 Ἰουδαίους
793 4436 892 4509 μὲν
920 4438 1149 4500 ἑαυτοὺς
1174 4437 1371 4508 μηκέτι
1395 4433 1537 4492 εἶναι
1563 4437 1852 4507 φάσκουσι,

1962 4449 2059 4489 vos
2089 4441 2425 4504 cognoscat.‘
2443 4432 2717 4488 Czeterum
2751 4439 2860 4487 tam
2895 4433 3036 4503 ipse,
3072 4446 3238 4502 quam
3282 4432 3377 4500 qui
3426 4428 3550 4499 ejus

253 4533 632 4609 Χριστιανοὺς
675 4531 734 4585 δὲ
783 4530 984 4604 μηκέτι
1027 4530 1383 4602 γεγενῆσθαι,
1410 4530 1528 4585 ἀλλ’
1574 4530 1856 4604 ἀρνεῖσθαι

256 4630 531 4683 πάντοτε⁸
574 4624 723 4697 ἔχειν
767 4623 824 4678 δὲ
871 4621 1049 4695 ἐαυτῷ
1079 4626 1204 4696 σιγῇ
1249 4623 1349 4696 τὴν
1380 4623 1586 4689 πίστιν,
1619 4625 1714 4680 καὶ
1750 4643 1858 4697 μη-

251 4720 379 4774 δενὶ
410 4714 815 4780 ὑποδεικνύναι,
845 4714 946 4786 τὴν
975 4714 1237 4787 αἰσχύνην
1271 4713 1467 4770 ἑαυτοῦ
1504 4716 1859 4789 ὑφορώμενος

250 4811 355 4865 διὰ
384 4811 449 4864 τὸ
483 4807 935 4879 ἀπαρρησίαστον
971 4805 1070 4877 τῆς
1102 4792 1518 4879 αἰσχρουργίας,
1559 4809 1652 4862 καὶ
1682 4809 1858 4881 κακῆς

258 4902 435 4960 αὑτοῦ
463 4899 834 4962 διδασκαλίας.

350 5168 445 5247 ζ’.
489 5166 659 5247 Ἔσχε
688 5163 746 5228 δὲ
783 5168 816 5245 ἡ
841 5170 983 5245 ἀρχὴ
1011 5170 1183 5242 αὐτῆς
1218 5170 1315 5241 τῆς
1338 5170 1515 5240 κακῆς
1544 5170 1865 5244 προφάσεως

254 5275 374 5344 τὴν
414 5268 593 5324 αἰτίαν
624 5267 735 5321 ἀπὸ
780 5266 875 5319 τοῦ
912 5265 1097 5333 ζητεῖν
1127 5266 1222 5318 καὶ
1250 5264 1431 5333 λέγειν
1464 5264 1625 5318 πόθεν
1666 5264 1726 5318 τὸ
1770 5283 1869 5320 κα-

253 5366 389 5423 κόν.
424 5363 540 5426 Ili;
572 5359 633 5415 δὲ
664 5359 774 5415 ἀπὸ
803 5360 902 5431 τῆς
938 5357 1133 5412 ἑαυτοῦ
1168 5347 1554 5431 πραγματείας
1584 5358 1868 5431 δειχθήσεη

254 5474 363 5514 ται
408 5453 596 5518 ὁποῖός
649 5454 822 5506 ἐστιν.
880 5452 1164 5523 Ἐμπορος
1211 5449 1343 5520 γοῦν
1394 5443 1548 5515 οὗτος
1596 5450 1785 5504 κακῶν
1841 5454 1870 5506 6

1959 4533 2166 4583 sectam
2184 4525 2421 4597 amplexi
2453 4524 2842 4596 sunt,quoties
2872 4519 3551 4595 interroganturJudmos

1960 4620 2193 4691 quidem
2211 4634 2271 4676 se
2309 4635 2435 4677 esse
2470 4626 2695 4691 negant,
2736 4617 3087 4674 Christianos
3122 4630 3253 4670 vero
3306 4612 3549 4667 nondum

1963 4714 2155 4770 fuisse.
2185 4713 2278 4770 Sic
2307 4713 2585 4785 abnegare
2615 4719 2882 4784 perpetuo
2909 4702 3091 4774 iidem,
3117 4722 3351 4777 eamque
3384 4705 3552 4760 tacite

1961 4806 2106 4878 apud
2136 4822 2196 4864 se
2223 4807 2536 4871 custodire,
2571 4820 2673 4861 nec
2724 4804 2817 4859 ulli
2860 4800 3173 4874 patefacere
3216 4814 3348 4855 suos
3402 4796 3556 4851 insti-

1966 4901 2073 4956 tuit
2099 4917 2113 4967 ;
2143 4903 2290 4973 quod
2327 4899 2589 4955 nimirum
2622 4905 2939 4969 suspectam
2979 4890 3180 4950 habeat
3215 4893 3334 4964 ipse
3376 4892 3554 4961 tu'rpi-
3640 4938 3651 4951 κ

1966 4992 2208 5049 tudinem
2249 5008 2433 5055 suam,
2478 5007 2603 5046 cum
2647 4999 2757 5044 tam
2804 4988 3065 5042 immanis
3106 4985 3346 5045 fmditas,
3388 4989 3554 5053 atque

1964 5083 2181 5156 impura
2210 5082 2506 5153 disciplina
2539 5079 2803 5135 audacter
2834 5075 3076 5147 evulgari
3115 5090 3222 5129 non
3259 5072 3479 5126 audeat.

2038 5174 2127 5231 Vl.
2161 5174 2338 5246 llujus
2365 5190 2496 5231 vero
2544 5172 2799 5244 pessima:
2828 5180 2992 5227 secta:
3035 5166 3387 5223 occasionem
3450 5162 3558 5217 inla

1968 5269 2217 5340 tiumque
2260 5267 2412 5324 dedit
2445 5268 2537 5322 illa
2590 5266 2822 5337 quaestio
2873 5279 2937 5319 ac
2985 5260 3293 5333 disputatio
3332 5275 3346 5333 ξ
3381 5254 3559 5310 [indeB

1966 5377 2091 5418 nam
2126 5361 2327 5416 malum
2349 5359 2616 5433 originem
2642 5356 2921 5413 habuerit.
2942 5354 3147 5412 Verum
3173 5349 3560 5420 unusquisquo

1965 5452 2277 5525 cujusmodi
2308 5452 2398 5519 sit,
2436 5450 2920 5509 administratione
2950 5463 3016 5505 ac
3044 5445 3418 5520 negotiatione
3451 5447 3556 5496 sua

338 5579 359 5611 ⁸
398 5575 558 5631 Boni.
592 5592 633 5636 ι,
668 5570 757 5628 18.
832 5572 854 5605 ⁸
886 5570 1081 5625 Matth.
1107 5587 1160 5634 ι,
1191 5571 1280 5628 33.
1357 5572 1379 5604 ³
1410 5569 1596 5626 Matth.
1630 5584 1724 5636 vn,
1752 5572 1805 5626 6.

1959 5573 2135 5647 Bphcs.
2180 5591 2230 5642 v,
2267 5574 2349 5630 l2.

334 5690 464 5758 (σε)
503 5689 601 5744 Δεῖ
657 5686 866 5742 τοίνυν
916 5684 1249 5754 ἀρκεῖσθαι.
1312 5686 1503 5743 Scribe
1559 5686 1860 5758 ἀρνεῖσθαι.
