3946 6074
469 207 575 263 315

1891 199 1948 261 S.
1992 195 2336 252 EPIPIIANll

3666 181 3786 239 516

474 326 800 388 declarabit.
864 323 1218 394 Proindeque
1268 325 1535 378 malorum
1589 322 1923 392 negotiator,
1959 335 2067 373 non

2188 318 2266 372 τοῦ
2302 315 2474 372 κακοῦ
2523 315 2783 385 ἐργάτης.
2829 313 2925 371 καὶ,
2967 313 3087 383 οὐχὶ
3139 307 3359 378 ἀγαθῶν
3395 307 3438 370 ³,
3485 305 3563 369 ὼς
3592 305 3689 359 xui.
3743 308 3782 376 ὴ

475 421 744 474 bonorum
789 426 873 472 est
903 416 993 471 ille
1037 417 1163 469 mali
1193 414 1886 484 artifex,quemadmodum
1917 413 2072 466 Scri-

479 519 638 573 utura
677 515 908 563 testatur
943 525 956 561 :
997 506 1103 572 Qui
1135 515 1383 575 quierunt
1432 506 1597 571 mala,
1654 507 1797 559 mala
1845 522 1934 559 eos
1977 522 2073 574 ap-

477 595 790 664 pre/tendent
822 595 862 649 ί.
899 593 1033 647 Nam
1061 607 1239 662 neque
1269 592 1470 647 malum
1508 595 1806 664 aliquando
1837 595 2069 658 exstitit,

481 699 656 752 neque
692 682 845 736 radix
882 683 992 736 ulla
1025 682 1291 752 nequitia
1315 682 1438 747 fuit,
1477 699 1653 751 neque
1693 684 1919 738 omnino
1949 701 2068 738 ma-

485 775 594 828 lum
626 774 862 828 solidum
914 772 1177 842 quiddam
1219 784 1307 830 est
1355 789 1419 830 ac
1467 776 1797 830 consistens.
1860 773 2072 854 Quippe

480 863 682 918 malum
719 862 1054 932 quandoque
1081 863 1291 917 nullum
1341 862 1474 929 fuit;
1526 863 1620 918 sed
1670 878 1735 917 ex
1778 863 2073 917 occasione

478 953 852 1006 introductum
905 961 956 1008 et
1009 954 1244 1008 ascitum
1296 953 1352 1008 in
1392 968 1725 1023 unoquoque
1773 953 1931 1033 inest,
1978 954 2070 1033 qui

483 1043 616 1098 i.lud
657 1045 975 1099 committit.
1011 1044 1167 1112 Quod
1203 1045 1248 1101 si
1286 1045 1510 1098 minime
1551 1026 1928 1099 committatur
1959 1026 2072 1100 non

483 1136 648 1200 inest,
680 1137 730 1190 id
763 1136 910 1207 quod
943 1152 1110 1207 supra
1152 1135 1677 1192 demonstravimus.
1722 1133 1934 1189 Etenim
1966 1135 2072 1189 Do-

481 1229 668 1283 minus
697 1244 821 1283 cum
863 1229 1118 1283 universa
1151 1236 1417 1292 creasset,
1449 1225 1619 1292 Ecce,
1663 1226 1862 1296 inquit,
1915 1226 2073 1283 valde

483 1319 625 1374 bona
676 1330 803 1375 sunt
847 1320 1030 1374 omnia
1059 1323 1109 1383 ’;
1167 1333 1274 1388 quo
1315 1317 1458 1373 istud
1503 1317 1680 1388 ipsmn
1713 1317 2066 1373 ostenderet:

483 1427 596 1465 non
655 1395 779 1466 esse
833 1419 991 1465 vetus
1047 1409 1340 1464 admodum
1393 1410 1625 1472 malum,
1685 1425 1862 1479 neque
1914 1409 2072 1464 initio

484 1503 810 1572 priusquam
845 1503 912 1554 ab
936 1501 1157 1556 homine
1187 1502 1474 1571 inciperet,
1511 1502 1814 1557 exstitisse.
1840 1500 1944 1556 Per
1969 1517 2070 1558 nos

481 1589 629 1646 enim
671 1593 725 1646 fit
761 1600 854 1646 aut
882 1609 990 1646 non
1018 1592 1092 1646 fit.
1123 1592 1196 1644 Ex
1227 1609 1293 1648 eo
1325 1608 1459 1664 ergo
1498 1593 1734 1658 scilicet,
1771 1593 1916 1663 quod
1943 1594 2068 1664 qui-

483 1684 566 1738 vis
597 1684 876 1738 hominum
910 1685 1112 1738 malum
1144 1683 1324 1740 facere
1355 1685 1549 1755 possit,
1592 1692 1684 1738 aut
1709 1684 1933 1740 minime
1973 1685 2056 1739 fa-

2179 410 2368 482 Γραφὴ
2401 407 2582 462 εἶπενο
2633 407 2714 459 ὅτι
2765 405 3111 472 Ζητοῦντας
3155 401 3310 455 κακά
3355 397 3781 465 καταλήψεται

2173 502 2348 557 κακά.
2389 499 2527 555 Οὑτε
2556 498 2664 569 γάρ
2709 515 2839 550 ποτε
2889 495 3053 549 κακὸν
3109 489 3197 564 ἢν,
3238 490 3364 545 οὔτε
3407 487 3534 560 ῥίζα
3579 489 3780 556 γέγονε

2173 593 2389 656 κακίας.
2433 589 2557 644 οὑτε
2591 588 2955 641 ὲνυπόστατον
3000 585 3060 638 τὸ
3116 584 3288 638 κακόν
3335 584 3506 635 ἐστιν.
3551 581 3668 636 Οὐκ
3703 576 3780 652 ἦν

2173 687 2281 758 γάρ
2308 701 2436 739 ποτε
2466 684 2532 737 τὸ
2561 683 2753 737 κακόν.
2801 679 3159 734 Ἐπείσακτον
3201 677 3260 731 δὲ
3307 675 3399 730 διὰ
3442 675 3780 747 προφάσεως

2177 777 2396 848 ἑκάστῳ
2441 776 2552 830 τῶν
2587 773 2885 827 ποιούντων
2934 770 2996 824 τὸ
3024 770 3192 824 κακὸν
3249 768 3481 823 ἔνεστιν.
3554 765 3646 820 Ἐν
3694 767 3778 838 τῷ

2180 869 2257 941 μὴ
2304 871 2478 921 ποιεῖν
2507 868 2607 920 οὑκ
2647 865 2843 926 ἔνεστι,
2873 862 3130 931 καθάπερ
3171 863 3228 914 ὲν
3273 864 3386 923 τοῖς
3443 859 3558 913 ἄνω
3592 859 3780 922 λόγοις

2181 959 2603 1032 προδεδήλωται.
2635 956 2799 1024 Λέγει
2845 953 2953 1026 γὰρ
2986 955 3014 1006 6
3063 953 3268 1022 Κύριος
3319 951 3458 1021 μετὰ
3491 950 3557 1002 τὸ
3594 951 3783 1003 πάντα

2175 1052 2555 1123 πεποιηκέναι,
2626 1049 2756 1102 Ἰδοὺ
2845 1047 3024 1099 πάντα
3102 1043 3242 1097 καλά
3319 1042 3476 1095 λίαν’
3535 1041 3781 1103 δεικνὺς,

2173 1149 2254 1201 ὅτι
2285 1145 2346 1198 τὸ
2373 1143 2542 1198 κακὸν
2573 1143 2674 1196 οὑκ
2719 1140 2992 1211 ἀρχαῖζει,
3028 1137 3149 1192 οὑδὲ
3179 1136 3238 1203 ἐξ
3273 1135 3529 1207 ὑπαρχῆς
3559 1133 3784 1202 ὑπῆρχε

2175 1236 2282 1310 πρὸ
2313 1235 2406 1290 τοῦ
2456 1235 2564 1288 ἀπὸ
2617 1232 2712 1286 τοῦ
2757 1231 3046 1303 ἀνθρώπου
3096 1227 3450 1300 ἐνάρξασθαι.
3487 1224 3568 1278 Δι’
3619 1223 3787 1294 ἡμῶν

2173 1329 2282 1400 γὰρ
2319 1328 2551 1396 γίνεται,
2583 1325 2678 1378 xui.
2707 1323 2774 1377 δι’
2820 1321 2980 1394 ἡμῶν
3025 1321 3084 1375 οὑ
3134 1320 3365 1389 γίνεται.
3407 1317 3537 1388 ”Δρ’
3572 1311 3670 1368 οὖν
3723 1315 3787 1368 ὲν

2178 1419 2455 1490 «unum
2489 1415 2772 1485 ἄνθρωπον
2791 1411 3051 1467 δύνασθαι
3075 1410 3150 1482 μὴ
3169 1412 3342 1463 ποιεῖν
3372 1407 3432 1463 τὸ
3462 1407 3660 1468 κακὸν,
3681 1404 3785 1458 καὶ

2173 1508 2432 1564 δύνασθαι
2467 1509 2641 1566 ποιεῖν
2662 1505 2722 1560 τὸ
2757 1505 2948 1568 κακὸν,
2975 1505 3110 1558 ὅταν
3148 1502 3247 1574 μέν
3283 1518 3365 1554 τοι
3390 1502 3544 1571 ποιῇ,
3581 1498 3700 1551 ἔστι
3724 1496 3788 1548 τὺ

2175 1599 2364 1663 κακὸν,
2384 1599 2511 1656 ὅταν
2531 1597 2587 1650 δὲ
2624 1597 2696 1669 μὴ
2725 1597 2876 1665 ποιῇ,
2895 1593 2993 1646 οὑκ
3022 1592 3137 1646 ἔστι
3159 1590 3216 1643 τὸ
3245 1590 3435 1652 κακόν.
3453 1587 3566 1644 Ποῦ
3601 1587 3784 1640 τοίνυν

2165 1689 2259 1742 τοῦ
2284 1686 2454 1748 κα,κοὺ
2485 1689 2518 1758 ἡ
2549 1684 2696 1757 ῥίζα,
2726 1685 2760 1754 ἡ
2796 1682 3094 1743 ὑπόστασις
3120 1681 3220 1751 τῆς
3251 1679 3520 1751 πονηρίας
3551 1695 3566 1743 ;

485 1793 650 1833 cere:
685 1780 730 1834 si
764 1779 949 1845 faciat,
1002 1780 1203 1833 malum
1243 1781 1507 1846 exsistet,
1541 1779 1647 1836 nisi
1679 1780 1865 1846 iaciat,
1917 1782 2128 1837 nullum
2159 1787 2262 1842 erit
2311 1785 2554 1841 omnino.
2623 1781 2726 1837 Ubi
2769 1780 2928 1853 igitur
2988 1778 3142 1834 radix
3194 1777 3286 1830 illa
3343 1776 3495 1840 mali,
3539 1772 3788 1845 pravita-

483 1875 668 1944 tisque
696 1884 892 1930 natura
917 1877 1265 1931 subsistens?

558 1971 662 2040 73
691 1970 798 2026 \‘ll.
829 1971 1287 2047 Admodumch
1312 1971 1544 2027 stolidus
1561 1980 1664 2034 est,
1683 1986 1806 2026 cum
1831 1988 1858 2026 a
1884 1973 2078 2030 virtute

2265 1967 2337 2022 Z'.
2354 1967 2447 2031 Εἰς
2462 1966 2516 2020 δὲ
2534 1949 2732 2036 πολλὴν
2747 1955 2901 2025 οὗτος
2919 1960 3148 2032 ἐλήλακε
3171 1959 3402 2031 μωρίαν,
3426 1957 3676 2026 φάσκων,
3700 1961 3786 2014 ὅτι

486 2062 804 2130 productam
853 2069 1086 2115 mentem
1130 2063 1355 2124 asserit,
1398 2078 1428 2115 a
1465 2071 1644 2117 mente
1683 2063 1951 2130 verbum;
2013 2079 2080 2118 ac

486 2151 590 2204 hoc
650 2151 994 2220 prudentiam
1053 2170 1066 2205 :
1125 2151 1264 2206 hanc
1321 2153 1578 2207 virtutem
1643 2153 2080 2224 sapientiamque

485 2245 766 2314 peperisse
797 2263 810 2298 :
849 2260 878 2297 a
913 2245 1114 2314 quibus
1146 2255 1464 2315 potestates,
1495 2253 1549 2300 et
1581 2245 1833 2309 virtutes,
1871 2247 2079 2315 angeli-

483 2353 592 2404 qne
627 2338 957 2407 prodierint:
990 2339 1082 2392 sed
1116 2338 1200 2392 his
1228 2338 1486 2392 omnibus
1515 2339 1852 2406 superiorem
1889 2354 2082 2408 quam-

483 2428 610 2480 dam
668 2427 772 2479 vim
827 2427 1041 2490 stat::it,
1093 2443 1157 2481 ac
1212 2428 1566 2497 principium,
1625 2428 1770 2497 quod
1833 2430 2078 2484 Abrasax

484 2517 740 2586 appellat,
773 2518 892 2572 ideo
920 2518 1062 2588 quod
1093 2517 1212 2588 ejus
1243 2519 1394 2574 vocis
1427 2519 1623 2574 litterae
1649 2534 1855 2574 cccuv
1890 2536 2081 2576 nume-

487 2625 610 2664 rum
645 2609 919 2675 eiliciunt;
955 2616 1118 2679 atque
1145 2627 1209 2666 ex
1235 2625 1300 2665 eo
1327 2611 1618 2666 confictam
1660 2612 1805 2665 illam
1838 2628 1992 2666 suam
2017 2612 2084 2665 de

484 2716 691 2758 cccuv
726 2703 882 2758 cmlis
917 2702 1154 2757 fabulam
1206 2704 1565 2774 comprobare
1607 2705 1818 2758 nititur.
1867 2703 2082 2770 Quibus

487 2795 648 2851 cmlis
679 2796 904 2849 totizicm
941 2811 1003 2850 ex
1047 2795 1456 2851 mathematicis
1497 2796 1806 2856 rationibus
1843 2798 1982 2850 situs
2018 2813 2082 2852 ac

488 2889 738 2941 locorum
787 2885 1190 2957 descriptiones
1236 2886 1653 2941 accommodare
1683 2887 1830 2940 Otttlli
1877 2903 1979 2957 ope
2021 2903 2086 2940 ac

486 2979 674 3035 studio
739 2977 1068 3032 contendit:
1113 2994 1241 3033 nam
1284 2977 1503 3032 illorum
1543 2979 1840 3034 vanissima
1883 2979 2088 3034 theore-

493 3079 639 3124 mata
681 3085 805 3123 cum
849 3070 986 3140 ipse,
1027 3079 1142 3125 tum
1196 3070 1290 3141 qui
1338 3087 1403 3124 ex
1445 3069 1566 3141 ejus
1607 3071 1894 3140 disciplina
1935 3078 2083 3136 sunt,

493 3163 575 3218 sic
622 3163 996 3233 arripuerunt,
1035 3170 1096 3217 ut
1136 3163 1192 3218 in
1235 3179 1396 3218 usum
1436 3164 1778 3218 conformata
1819 3178 1978 3224 suum
2018 3163 2084 3216 ad

493 3254 766 3309 idolorum
829 3256 1293 3326 propugnatricis,
1353 3255 1612 3324 falsaeque
1661 3266 1714 3309 et
1767 3253 2088 3309 adulterina:

2188 2065 2219 2134 ἡ
2247 2062 2475 2130 δύναμις
2505 2059 2596 2112 τὸν
2630 2055 2753 2110 νοῦν
2787 2054 3136 2128 προεϐάλετο,
3167 2054 3196 2105 6
3218 2051 3274 2103 δὲ
3309 2050 3431 2112 νοῦς
3461 2050 3555 2103 τὸν
3593 2051 3778 2118 λόγον,

2179 2158 2206 2210 6
2244 2154 2300 2208 δὲ
2345 2153 2499 2221 λόγος
2539 2151 2639 2222 τὴν
2669 2149 2930 2220 φρόνησιν
2952 2147 3034 2216 ,ἡ
3063 2145 3118 2198 δὲ
3151 2145 3408 2220 φρόνησις
3436 2143 3669 2214 δύναμιν
3694 2145 3788 2198 xui.

2193 2244 2404 2314 σοφίαν,
2441 2245 2506 2296 ἐκ
2537 2242 2593 2296 δὲ
2625 2240 2908 2311 δυνάμεως
2943 2240 3037 2292 καὶ
3072 2238 3264 2306 σοφίας
3297 2225 3539 2303 ἐξουσίαι
3570 2236 3666 2289 καὶ
3693 2237 3787 2289 δυ·-

2179 2338 2372 2409 νάμεις
2409 2337 2502 2389 καὶ
2542 2333 2778 2404 ἄγγελοι.
2829 2331 2992 2400 Λέγει
3037 2329 3094 2382 δὲ
3140 2328 3238 2399 τὴν
3271 2327 3539 2398 ὑπεράνω
3573 2326 3786 2380 τούτων

2183 2431 2415 2499 δύναμιν
2470 2422 2627 2488 εἶναι,
2690 2425 2786 2478 xui.
2843 2423 3016 2494 ἀρχὴν
3077 2418 3370 2492 ’Λϐρασὰξ,
3433 2418 3522 2472 διὰ
3574 2419 3635 2472 τὸ
3684 2419 3786 2489 τὴν

2189 2519 2366 2588 ψῆφον
2399 2512 2802 2582 τοῦἌὸρασάξ
2851 2511 2960 2581 (59)
3007 2509 3151 2580 ἔχειν
3200 2509 3608 2580 τριακοσιοστὸν
3657 2508 3788 2579 ἐξη-

2189 2610 2380 2665 κοστδν
2421 2610 2668 2679 πέμπτον
2697 2604 2956 2676 ἀριθμὸν,
3001 2603 3076 2667 ὼς
3115 2603 3180 2656 ἐκ
3217 2600 3404 2655 τούτου
3435 2601 3536 2670 τὴν
3573 2617 3787 2672 μαρτυ-

2187 2705 2304 2773 ρίαν
2329 2703 2428 2773 τῆς
2466 2700 2630 2753 αὑτοῦ
2669 2697 2989 2770 μυθοποιίας
3029 2695 3136 2748 τῶν
3169 2693 3503 2764 τριακοσίων
3549 2692 3784 2764 ἑξηκον-

2182 2794 2409 2848 ταπέντε
2443 2791 2687 2866 οὐρανῶν
2712 2830 2725 2853 ,
2766 2789 3021 2860 συνιστᾷν
3057 2784 3370 2858 πειρᾶσθαι.
3409 2780 3504 2848 Οἷς
3534 2785 3788 2856 οὐρανοῖς

2187 2890 2282 2944 xui
2310 2886 2633 2949 τοποθεσίας
2669 2886 2763 2938 ἴσα
2797 2885 2911 2945 τοῖς
2947 2881 3232 2954 μαθήμασι
3262 2879 3483 2954 διαιρῶν
3513 2878 3648 2950 (60),
3687 2881 3786 2933 καὶ

2185 2981 2435 3053 συνιστᾷν
2474 2976 2807 3047 ἐπιτηδεύων
2853 2975 2913 3029 οὑ
2960 2973 3256 3046 παρέργως
3315 2973 3654 3048 μηχανᾶται.
3701 2971 3785 3025 Τὰ

2189 3074 2299 3144 γάρ
2324 3060 2547 3125 ἐκείνων
2579 3069 2785 3141 μάταια
2814 3067 3148 3138 θεωρήματα
3179 3062 3360 3117 λαϐὼν
3389 3065 3467 3126 είς
3507 3063 3638 3116 ἴδιον
3679 3081 3782 3132 χα-

2189 3165 2435 3239 ρακτῆρα
2455 3205 2469 3227 ,
2499 3163 2660 3229 αὑτός
2689 3179 2746 3215 τε
2778 3161 2872 3214 xui
2906 3162 2954 3212 oi
2981 3159 3072 3212 ὑπ’
3107 3158 3268 3212 αὑτὸν
3288 3197 3303 3221 ,
3337 3159 3418 3220 εἰς
3465 3155 3645 3208 αἰτίαν
3679 3155 3784 3225 τῆς

2192 3257 2325 3320 ἰδίας
2363 3254 2711 3321 εἰδωλοποιοὺ
2745 3254 2841 3306 xui.
2877 3251 3302 3322 πεπλανημένης
3343 3249 3678 3303 ἐπιπλάστων
3710 3249 3785 3300 δι-

488 3352 755 3402 dnctrina
778 3364 1004 3404 causam
1043 3357 1208 3417 atque
1235 3346 1505 3416 originem
1541 3344 1927 3400 transferrent.
1961 3345 2078 3411 Qua

2193 3349 2490 3412 δασκαλίας
2525 3349 2886 3419 μετήνεγκαν,
2923 3345 3015 3399 xui
3057 3342 3337 3422 βούλονται
3380 3342 3480 3414 τὴν
3526 3340 3787 3394 σύστασιν

491 3439 714 3506 quidem
741 3441 1002 3494 similium
1035 3438 1490 3508 snpputatlonum
1539 3438 1874 3512 comparatis
1912 3455 2088 3494 exun-

492 3531 593 3598 plis
627 3531 989 3585 corroborare
1015 3540 1286 3584 conantur
1319 3548 1332 3583 ε
1366 3544 1491 3582 nam
1538 3529 1783 3584 Abrasax
1805 3569 1820 3594 ,
1863 3538 1922 3583 ut
1961 3538 2088 3586 ante

493 3621 628 3682 dixi,
676 3636 880 3675 ccccxv
935 3637 1224 3674 numerum
1279 3622 1542 3677 continet.
1601 3621 1739 3676 Hinc
1782 3622 1944 3692 igitur
1997 3623 2086 3678 isti

493 3711 718 3765 totidem
745 3712 942 3767 diebus
973 3712 1169 3766 confici
1197 3714 1327 3768 anni
1360 3714 1648 3769 circuitum
1675 3723 1951 3771 asserunt.
1980 3715 2086 3770 Sed

495 3802 676 3856 inmiis
707 3801 819 3856 haec
849 3802 1027 3858 ora‘tio
1050 3818 1146 3874 per
1173 3807 1410 3874 seipsam
1439 3805 1696 3860 concidat
1725 3821 1952 3862 necesse
1979 3813 2084 3860 est.

496 3896 777 3966 Siquidem
810 3912 988 3952 annus
1021 3905 1218 3968 praeter
1247 3911 1454 3953 CCCLXV
1489 3897 1609 3954 dies
1645 3899 1823 3955 tribus
1861 3899 2088 3969 insuper

497 3988 648 4040 horis
691 3996 949 4042 constare
983 3988 1244 4042 cernitur.
1274 3988 1479 4042 Eadem
1533 4004 1682 4051 varro,
1731 3989 1929 4058 inquit,
1974 3991 2088 4044 haec

494 4091 658 4132 causa
695 4085 780 4134 est
809 4093 910 4132 cur
943 4078 997 4131 in
1031 4078 1252 4133 homine
1296 4093 1500 4133 ccccxv
1546 4079 1790 4133 membra
1840 4081 1983 4146 sint,
2030 4090 2088 4134 ut

494 4171 748 4239 quaelibet
827 4170 1041 4224 illarum
1097 4171 1361 4224 virtutum
1425 4185 1584 4224 suum
1648 4170 1751 4224 sibi
1809 4171 2087 4228 vindicare

496 4263 690 4330 possit.
725 4263 780 4316 In
813 4278 920 4329 quo
949 4263 1166 4333 quidem
1196 4263 1490 4317 confictum
1522 4261 1652 4316 illud
1689 4262 2085 4318 adulterinum-

495 4369 604 4422 que
645 4354 840 4424 dogma
887 4371 994 4408 non
1042 4355 1226 4410 minus
1263 4355 1494 4411 corruit.
1537 4353 1752 4424 Quippe
1790 4371 1898 4409 non
1929 4356 2085 4426 plura

492 4462 721 4502 ccccxlv
752 4448 1015 4502 membris
1040 4449 1093 4502 in
1132 4450 1352 4504 homine
1381 4459 1763 4504 numerantur.

571 4536 701 4591 Vlll.
743 4543 819 4592 Ac
860 4538 1052 4594 beatus
1095 4539 1183 4593 ille
1223 4540 1596 4607 apostolorum
1638 4555 1929 4596 successor
1968 4539 2083 4594 Ire-

494 4645 648 4686 nazus
688 4631 947 4687 subtilius
986 4646 1050 4686 ea
1092 4631 1162 4685 de
1199 4647 1257 4686 re
1297 4631 1584 4702 disputans
1621 4633 1860 4689 hominis
1897 4633 2083 4687 stulti-

2187 3440 2392 3495 τούτων
2420 3441 2528 3494 ἀπὸ
2552 3439 2660 3492 τῶν
2683 3439 2883 3510 ὁμοίων
2915 3435 3109 3508 ψήφων
3146 3433 3450 3498 ποιεῖσθαι,
3486 3433 3561 3495 ὡς
3598 3434 3786 3503 προεῖ-

2192 3551 2315 3596 πον,
2361 3532 2455 3586 τοῦ
2495 3530 2772 3603 Ἀὅρασὰξ
2817 3530 2927 3590 τῶν
2973 3529 3302 3602 τριακοσίων
3353 3525 3784 3597 ἐξηκονταπέντε

2180 3623 2277 3702 ’τὸν
2311 3623 2541 3694 ἀριθμὸν
2583 3623 2796 3693 ἔχοντος
2843 3621 3022 3692 δῆθεν,
3073 3621 3376 3682 δεικνύντες
3407 3619 3472 3671 δι’
3511 3616 3677 3671 αὑτοῦ
3722 3617 3787 3671 τὸ

2187 3717 2328 3788 ἔχειν
2349 3716 2439 3769 τὸν
2469 3715 2712 3769 ἐνιαυτὸν
2734 3714 3071 3791 τριακοσίων
3097 3711 3522 3782 έξηκονταπὲντε
3552 3710 3783 3781 ἡμερῶν

2187 3807 2420 3878 ἀριθμὸν
2446 3806 2587 3874 κατὰ
2622 3806 2890 3877 περίοδον.
2925 3804 3189 3858 Πέπτωκε
3213 3803 3266 3856 δὲ
3292 3801 3456 3855 αὑτοῦ
3479 3803 3508 3854 6
3531 3801 3784 3873 ληρώδης

2187 3901 2361 3970 λόγος.
2417 3900 2747 3972 Εὑρίσκεται
2797 3897 2905 3968 γὰρ
2951 3896 2979 3948 6
3019 3895 3261 3958 ἐνιαυτὸς
3307 3894 3416 3963 (6])
3453 3893 3782 3964 τριακοσίων

2187 3993 2618 4064 ἐξηκονταπέντε
2651 3989 2876 4061 ἡμερῶν
2901 3988 2997 4042 xui.
3025 3987 3182 4058 ὡρῶν
3212 3986 3398 4056 τριῶν.
3433 3982 3567 4038 Εἶτα
3602 3984 3787 4039 ἐντεῦ-

2189 4085 2279 4139 θέν
2305 4102 2455 4154 φησι,
2500 4087 2591 4137 καὶ
2631 4086 2658 4136 6
2693 4083 2978 4154 ἄνθρωπος
3018 4079 3130 4150 ἔχει
3167 4078 3452 4150 τριακόσια
3485 4076 3783 4148 ἑξηκοντα-

2190 4176 2350 4230 πέντε
2385 4175 2545 4246 μέλη,
2581 4175 2654 4238 ὼς
2693 4175 2897 4248 ἑκάστῃ
2940 4172 3048 4226 τῶν
3086 4170 3370 4240 δυνάμεων
3408 4170 3784 4241 ἀπονέμεσθαι

2188 4265 2244 4321 ἓν
2277 4267 2458 4337 μέλος,
2490 4266 2611 4319 ὃθεν
2636 4268 2729 4319 xui.
2753 4267 2808 4318 ἐν
2830 4263 3002 4334 τούτῳ
3030 4262 3317 4316 πέπτωκεν
3339 4261 3502 4316 αὑτοῦ
3533 4264 3566 4333 ἡ
3599 4261 3785 4316 ἐπινε-

2185 4359 2420 4431 νοημένη
2461 4360 2554 4421 καὶ
2595 4358 2747 4422 νόθος
2781 4354 3118 4410 διδασκαλία.
3157 4355 3222 4415 Εἰ
3253 4354 3360 4432 γὰρ
3388 4356 3468 4424 τῷ
3505 4353 3783 4427 ἀνθρώπῳ

2187 4451 2304 4504 ἐστὶ
2337 4452 2450 4520 (62)
2487 4451 2591 4519 τξδ⁶
2629 4451 2784 4522 μέλη.

2257 4543 2338 4595 ll'.
2393 4541 2732 4613 θαυμαστῶς
2777 4540 2834 4594 δὲ
2883 4542 2912 4595 6
2963 4541 3236 4610 μακάριος
3285 4541 3573 4614 Εἰρηναῖος
3609 4541 3636 4592 6
3670 4539 3781 4592 τῶν

2187 4635 2498 4688 ἀποστόλων
2513 4634 2777 4705 διάδοχος,
2796 4652 2859 4688 πε
2869 4635 2918 4706 pi
2943 4634 3130 4689 τούτου
3148 4632 3509 4702 λεπτολογῶν,
3529 4631 3777 4701 διήλεγξε

492 4722 630 4776 tiam
676 4738 801 4777 cum
846 4723 964 4794 pari
1003 4723 1377 4779 imbecillitate
1418 4723 1771 4794 coniunctam
1812 4740 1944 4781 sane
1981 4727 2077 4780 ad-

2188 4725 2372 4781 τούτου
2392 4727 2490 4798 τὴν
2509 4726 2709 4798 ἀϐελτη
2719 4728 2838 4801 ρίαν
2861 4728 2956 4783 xui
2976 4727 3283 4801 ἀδράνειαν.
3310 4726 3620 4798 Ἀνατραπή
3631 4742 3778 4779 σεται

568 4882 584 4912 ³
616 4879 784 4937 Eccli.
810 4896 907 4946 vn,
944 4881 996 4936 1.
1078 4881 1098 4913 '
1137 4881 1274 4937 Gen.
1313 4896 1354 4947 l,
1388 4881 1478 4938 3|.

593 5038 680 5108 59)
717 5037 827 5093 Τοῦ
867 5039 1182 5107 Ἀϐρασὰξ.
1203 5037 1339 5094 Vide
1363 5038 1565 5108 Baron.
1591 5040 1658 5098 ad
1692 5053 1744 5092 a.
1781 5037 1899 5092 120.

592 5107 682 5178 60)
707 5109 845 5180 _"_Io'a
873 5110 997 5175 τοῖς
1021 5109 1332 5180 μαθήμασι
1382 5107 1642 5180 διαιρῶν.
1688 5107 1839 5163 lianc
1886 5109 2078 5163 lectio-

502 5177 622 5234 nem
647 5177 680 5233 e
707 5177 971 5234 Vaticano
1003 5177 1390 5235 substituimus
1415 5179 1655 5250 Vulgata:
1695 5180 1771 5233 illi
1803 5195 1924 5249 quae
1953 5194 2078 5248 per-

500 5250 689 5318 Spicue
741 5259 999 5318 corrupta
1047 5250 1281 5312 videtur,
1335 5259 1390 5304 et
1443 5249 1537 5304 est
1576 5249 1911 5316 huiusmodi,
1961 5250 2082 5312 ἴσας

498 5316 612 5391 τοῖς
671 5316 982 5391 ποθητικοῖς
1041 5318 1356 5391 διαιρέσεσι.
1415 5319 1746 5391 Cornarius
1780 5322 2081 5388 ποιητικοῖς

499 5388 649 5460 legit.
679 5386 888 5460 Sensus
915 5403 1078 5460 porro
1105 5386 1290 5460 is'essc
1316 5399 1514 5460 potest,
1549 5389 1840 5444 Basilidcm
1870 5386 2074 5444 cccva

497 5458 623 5516 illus
651 5458 820 5512 caelos
850 5474 880 5513 e
911 5458 1326 5530 mathematicis
1345 5460 1671 5522 rationibus,
1697 5460 2072 5530 quietotidem

496 5530 614 5586 dies
646 5543 830 5583 annuo
860 5527 977 5583 orbi
1016 5529 1343 5598 praefiniunt.
1380 5527 1754 5585 constituisse.
1801 5529 1984 5596 Quare
2011 5545 2073 5583 es

499 5601 690 5655 iisdem
740 5601 846 5654 illis
892 5601 1399 5655 mathematicorum
1447 5599 1685 5654 decretis
1739 5601 1901 5668 paulo
1957 5608 2080 5667 post

501 5671 776 5730 hominem
811 5670 1028 5728 refutat.
1072 5670 1281 5742 Quippe
1331 5687 1453 5729 cuin
1506 5676 1700 5740 praeter
1738 5684 1907 5727 CCCLX
1941 5670 2079 5727 dics.

1563 4881 1584 4913 ³
1623 4899 1714 4952 γρ.
1755 4883 2028 4955 Ἔμποροι
2058 4882 2190 4952 γοῦν
2216 4875 2363 4937 οὗτοι
2396 4884 2584 4938 κακῶν
2610 4885 2842 4957 ὲρτιισταλ⁹
2872 4886 2967 4940 xui.
2993 4885 3116 4956 οὑχὶ
3140 4884 3382 4953 ἀγαθῶν.

2193 5055 2244 5092 vi
2273 5037 2499 5110 insuper
2527 5040 2673 5094 hora:
2702 5040 3035 5096 tribuantur.

2261 5107 2373 5190 (ϐξ)
2406 5107 2778 5190 ἐὑρίσκεται
2989 5114 3022 5166 ὁ
3063 5110 3362 5190 ἐγιαυτός.
3409 5108 3584 5190 .liorze
3633 5111 3776 5190 apud

2190 5177 2554 5302 1ιῗρίριιειηίιιὶη
2610 5177 3020 5253 aequinoctiales
3085 5181 3224 5236 duas
3276 5180 3586 5236 continent.
3643 5177 3778 5236 Vide

2228 5265 2385 5302 acres.
2423 5265 2497 5302 ιι.

2228 5265 2385 5304 EBI‘CS.
2423 5265 2497 5303 Li.

2262 5320 2373 5388 (62)
2405 5323 2475 5374 Εὶ
2507 5321 2618 5389 γὰρ
2651 5321 2730 5387 τῷ
2768 5321 3058 5389 ἀνθρώπῳ
3095 5321 3249 5375 ἐστί.
3305 5320 3373 5374 At
3408 5319 3472 5373 R.
3522 5319 3669 5374 Elias
3720 5322 3777 5376 in

2185 5389 2364 5444 Thisbi
2407 5405 2420 5447 :
2480 5403 2636 5451 om:
2693 5402 2767 5450 ww
2827 5402 3014 5456 D'I-DN
3075 5391 3222 5452 n'D'i
3267 5410 3279 5446 :
3321 5406 3558 5446 cchvin
3604 5407 3778 5444 mem-

2184 5460 2280 5516 bra
2349 5461 2402 5514 in
2463 5461 2681 5533 homine
2751 5471 2898 5516 sunt.
2974 5465 3043 5516 At
3108 5462 3446 5533 Epiphanius
3508 5459 3582 5513 ait
3651 5476 3778 5515 esse

2185 5544 2430 5584 cecutv.
2463 5531 2576 5584 Nisi
2616 5531 2752 5586 forte
2782 5548 2878 5600 pro
2915 5534 2963 5585 εἰ
2997 5531 3281 5602 legendum
3319 5533 3389 5587 sit
3425 5533 3510 5594 οὑ,
3550 5539 3610 5583 ut
3649 5548 3777 5602 sen-

2189 5618 2283 5655 sns
2318 5603 2407 5661 sit.
2438 5616 2546 5655 non
2586 5617 2708 5656 esse
2749 5603 2854 5657 363
2888 5601 3149 5657 membra.
3197 5604 3334 5657 Tum
3381 5603 3528 5657 enim
3575 5609 3626 5656 ct
3670 5601 3777 5670 τεεί

2190 5687 2288 5742 pro
2331 5671 2431 5739 τξδ⁹
2463 5672 2898 5729 substitucudum
2935 5673 3056 5729 erit.
