3946 6074
194 210 294 270 51⁷

865 220 1237 280 ADVERSUS
1274 220 1620 279 HERESES
1655 221 1785 279 LIB.
1831 222 1871 280 l.
1915 222 2078 280 TUM.
2119 223 2185 280 ll.
2224 256 2287 265 ——
2333 223 2606 281 llrERES.
2651 224 2839 281 XXIV.
3392 225 3497 284 5l8

196 335 254 389 δὲ
280 332 378 388 καὶ⁵
410 331 514 387 νῦν
541 336 593 424 ἡ.
607 335 849 409 φλυαρία
880 339 974 393 τοῦ
1005 339 1211 395 ἄνωθεν
1238 338 1680 411 καταϐεϐηκότος
1701 340 1805 395 Βα-

1928 341 2238 398 uirabiliter
2259 343 2522 398 convicit.
2557 340 2665 398 Nec
2694 343 2875 398 minus
2906 341 2960 395 in
2990 342 3280 411 prtescntia
3314 340 3497 398 futiles

205 425 462 492 στλείδου,
493 428 596 482 καὶ
620 427 691 482 τὰ
721 428 834 484 ἄνω
866 431 1049 501 σαφῶς
1077 436 1547 496 κατοπτεύσαντος
1566 473 1580 496 ,
1608 432 1809 496 μᾶλλον

207 520 261 574 δὲ
292 518 506 574 ἀνωθεν
535 521 889 584 πεπτωκότος
913 523 1023 577 ἀπὸ
1048 522 1142 577 τοῦ
1169 525 1270 596 τῆς
1294 524 1553 595 ἀληθείας
1582 524 1805 579 σκοποῖν

210 612 324 673 δτι,
356 612 407 666 εἰ
437 604 602 676 οὗτος
625 614 655 665 6
681 613 911 682 οὐρανὸς
940 611 1045 667 ὑπὸ
1076 613 1185 667 τῶν
1221 614 1343 669 κατ⁴
1367 615 1530 669 αὐτὸν
1564 615 1812 684 ἀγγέλων

207 705 533 774 γεγένηται,
557 703 712 758 αὐτοὶ
724 702 782 756 δὲ
804 704 909 756 ὑπὸ
931 703 1040 757 τῶν
1060 704 1340 777 ἀνωτέρω,
1361 706 1454 759 καὶ
1475 708 1526 759 οἱ
1554 706 1812 778 ἀνωτέρω

211 796 318 850 ὑπὸ
341 794 453 849 τῶν
480 795 562 850 ἔτι
590 796 873 867 ἀνωτέρω,
904 796 991 866 ἄρ’
1026 792 1119 850 οὖν
1156 799 1190 869 ἠ
1223 798 1337 853 ἄνω
1367 798 1677 870 δύναμις,ἡ
1717 799 1813 853 καὶ

210 885 492 960 Ἀδρασὰξ
536 885 871 957 καλουμένη,
912 887 1272 959 εὑρεθήσεται
1312 890 1346 959 ἡ
1388 888 1458 942 τὰ
1507 888 1685 943 πάντα
1723 906 1815 942 πε-

214 981 504 1051 ττοιηκυία,
539 979 636 1031 καὶ
668 978 702 1049 ὴ
737 978 888 1033 αἰτία
920 978 1030 1033 τῶν
1064 978 1233 1034 ὅντων
1265 980 1509 1046 πάντων,
1534 982 1630 1036 καὶ
1660 982 1814 1035 οὐδὲν

210 1071 336 1141 δίχα
368 1070 543 1141 αὐτῆς
583 1070 639 1123 τὶ
677 1069 1007 1139 γεγενῆσθαι
1045 1069 1436 1143 εὑρεθήσεται,
1477 1073 1641 1126 ὁπότε
1675 1072 1813 1145 αὐτὴ

209 1163 275 1218 τὸ
307 1161 485 1216 αἴτιον
518 1162 616 1216 καὶ
653 1162 716 1215 τὸ
748 1161 965 1234 πρῶτον
992 1162 1301 1234 ἀρχέτυπον
1333 1166 1465 1236 παρ’
1502 1164 1683 1219 αὐτῶν
1714 1183 1815 1219 κα-

209 1254 599 1325 ταγγέλλεται,
644 1253 707 1306 τὸ
742 1252 1034 1324 λεγόμενον
1077 1255 1205 1326 παρ’
1244 1256 1429 1320 αὐτοῖς
1466 1255 1561 1310 τοῦ
1606 1258 1813 1330 κόσμου
1854 1248 1865 1257 ’

208 1347 408 1400 τούτου
441 1345 761 1416 ὑστέρημα,
799 1345 904 1397 ὑπό
936 1361 1079 1408 τινος
1122 1345 1309 1417 ἑτέρου
1347 1346 1423 1418 μὴ
1453 1349 1814 1420 γεγενῆσθαι,

210 1438 359 1493 ἀλλὰ
416 1438 526 1491 ἀπὸ
558 1436 660 1507 τῆς
702 1435 928 1509 πρώτης
967 1437 1142 1509 ἀρχῆς
1183 1438 1279 1491 καὶ
1316 1434 1646 1503 αἰτίαςτῶν
1686 1456 1815 1512 μετξ

207 1531 414 1586 έπειτα
435 1529 755 1598 γεγονότων.
778 1528 1112 1601 Ἐρωτητέον
1137 1527 1193 1582 δὲ
1207 1529 1299 1583 τὸν
1328 1530 1509 1583 αὐτόν’
1532 1531 1650 1585 Τίνι
1672 1532 1815 1605 λόγῳ

207 1622 310 1673 ἐπὶ
339 1620 611 1690 τοσαύτην
640 1617 851 1689 πληθὺν
880 1620 1028 1690 ἡμᾶς
1066 1618 1272 1690 φέρεις,
1305 1613 1351 1672 ὦ
1375 1612 1530 1682 οὗτος
1549 1659 1565 1683 ,
1606 1622 1698 1675 καὶ
1736 1624 1813 1693 μὴ

212 1713 424 1785 μᾶλλον
454 1711 548 1765 ἐπὶ
580 1712 678 1781 τὴν
707 1710 913 1782 ἀρχὴν,
951 1712 1230 1765 τουτέστιν
1273 1713 1368 1767 ἐπὶ
1409 1713 1503 1766 τὸν
1542 1714 1639 1767 ἕνα
1675 1715 1808 1769 Θεὸν

208 1805 309 1859 τὸν
331 1804 751 1875 παντοκράτορα
772 1818 786 1866 ;
804 1802 967 1856 ὁπότε
987 1801 1288 1868 ἑξάπαντος
1312 1805 1429 1876 ἦτοι
1447 1804 1590 1859 οὕτω
1610 1805 1804 1874 λέγων,

209 1897 243 1965 ἢ
281 1895 452 1960 οὕτω,
483 1896 565 1949 δεῖ
590 1896 682 1948 τὸν
707 1895 803 1949 ἕνα
836 1896 1007 1950 αἴτιον
1044 1897 1262 1951 πάντων
1305 1897 1585 1968 ὁμολογεῖν
1606 1899 1807 1952 Δεσπόο

204 2004 343 2059 την.
375 1986 540 2040 Ἀλλά
594 1988 691 2041 καὶ
740 1988 870 2059 περὶ
922 1988 1024 2058 τῆς
1075 1988 1170 2043 τοῦ
1215 1988 1453 2062 Χριστοῦ
1500 1989 1809 2055 ὑποθέσεως

206 2079 549 2150 ἀπόκριναι,
600 2071 648 2131 ὦ
693 2077 1036 2149 πλαστουργὲ
1092 2080 1191 2150 τῆς
1258 2080 1552 2152 μυθοποιοῦ
1604 2080 1809 2152 ταύτης

208 2170 625 2241 πραγματείας.
651 2170 714 2223 El
739 2169 920 2242 Σίμων
942 2170 1265 2244 ἐσταυρώθη
1290 2174 1319 2225 6
1342 2174 1672 2245 Κυρηναῖος,
1700 2172 1808 2245 ἄρα

206 2263 277 2316 οὗ
325 2260 618 2333 διὰοῚησοῦ
653 2262 688 2331 ἡ
730 2262 976 2334 σωτηρία
1012 2262 1172 2334 ⁴ἡμῶν
1209 2264 1521 2337 γεγένηται,
1555 2266 1693 2319 ἀλλὰ
1722 2265 1810 2319 διὰ

208 2355 488 2426 Σίμωνος,
531 2355 625 2409 καὶ
672 2356 856 2410 οὐκέτι
898 2359 926 2410 6
973 2357 1178 2429 κόσμος
1218 2358 1459 2413 ἐλπίσειε
1504 2360 1594 2414 διὰ
1632 2359 1808 2431 Ἰησοῦ

207 2445 460 2519 Χριστοῦ
484 2446 755 2511 σώζεσθαι
781 2448 874 2502 τοῦ
902 2448 976 2522 μὴ
1007 2448 1292 2515 παθόντος.
1321 2451 1457 2506 Οὔτε
1485 2450 1595 2523 γὰρ
1627 2452 1810 2524 Σίμων

209 2540 445 2595 δύναται
471 2540 684 2606 σώζειν,
715 2540 999 2611 ἄνθρωπος
1039 2541 1118 2596 ὣν
1159 2542 1333 2613 ψιλὸς,
1365 2545 1460 2598 καὶ
1495 2545 1646 2599 οὐδὲν
1690 2545 1810 2600 ἓτε-

215 2650 340 2705 ρον.
356 2633 575 2705 ’Δμαδὲ
590 2633 684 2687 καὶ
707 2634 1072 2702 συκοφαντίας
1095 2634 1462 2707 καταψηφίζει
1487 2637 1502 2668 ¹
1537 2635 1631 2691 τοῦ
1657 2634 1827 2709 μονο-“

212 2725 415 2795 γενοῦς
451 2725 582 2779 Υίοῦ
613 2725 708 2779 τοῦ
737 2724 897 2790 Θεοῦ,
937 2728 985 2779 εί
1019 2726 1206 2799 ἕτερον
1237 2729 1352 2782 ἀντ’
1378 2729 1545 2783 αὑτοῦ
1576 2730 1813 2802 παραδὲ-

210 2817 396 2872 δωκεν
428 2820 458 2870 6
485 2816 690 2886 ἀγαθὸς
724 2817 946 2890 Κύριος,
997 2816 1326 2890 βιασάμενος
1365 2822 1445 2884 είς
1484 2821 1660 2889 φόνον,
1704 2824 1813 2877 Καὶ

213 2907 378 2961 ἔσται
404 2907 591 2961 λοιπὸν
618 2907 773 2980 ὄναρ,
803 2908 1003 2980 μᾶλλον
1028 2909 1085 2963 δὲ
1111 2910 1438 2982 κακοηθείας
1467 2915 1564 2967 καὶ
1590 2914 1813 2979 κυϐείας

213 3001 385 3073 ἔργον
420 3001 483 3053 τὸ
513 3000 751 3078 τοιοῦτον
771 3039 785 3065 ,
819 3002 902 3061 ὅτι
933 3003 961 3054 6
993 3000 1229 3073 Κύριος,
1265 3002 1461 3075 κυδείᾳ
1489 3006 1595 3058 τινὶ
1623 3005 1813 3060 ἑαυτὸν

211 3068 463 3164 κρύψας,
497 3091 656 3146 ἄλλον
678 3068 805 3146 ’ἀντ’
839 3091 1005 3147 αὑτοῦ
1051 3068 1558 3165 παραδέδωκε-καὶ
1593 3094 1745 3151 ἔσται
1781 3101 1816 3172 ἡ
1846 3068 1890 3128 C

210 3182 380 3254 παρὰ
421 3181 517 3236 σοῦ
574 3183 885 3256 μωρολογία
942 3184 1355 3254 συκοφαντοῦσα
1403 3187 1503 3259 μὲν
1542 3189 1643 3262 τὴν
1688 3190 1822 3263 ἁλή-

213 3274 402 3340 θειαν,
442 3276 517 3347 μὴ
559 3275 833 3347 δυναμένη
883 3275 961 3342 δὲ,
999 3276 1115 3331 ἀλλ’
1149 3277 1481 3351 ὲλεγχομένη
1522 3280 1615 3334 ὑπ’
1647 3281 1820 3353 αὐτῆς

209 3368 322 3439 τῆς
371 3367 656 3438 ἀληθείας,
737 3369 1063 3434 ἁσυστάτως
1111 3369 1174 3424 τὸ
1220 3371 1435 3444 ποίημα
1487 3371 1646 3430 τοῦτο
1706 3378 1822 3431 εἰσ-

210 3459 533 3530 ηγουμένη.

1909 433 2157 505 ejusdem
2212 434 2464 491 Basilidae
2518 451 2674 505 nugse
2733 434 3053 490 refellentur
3114 435 3207 506 qui
3273 452 3304 489 e
3355 434 3499 489 coelo

1909 526 2189 596 delapsus,
2236 535 2289 582 et
2329 526 2572 581 cmtestia
2618 525 2904 582 manifeste
2950 526 3349 596 contemplatus
3390 532 3497 589 est,

1910 618 1996 674 vel
2019 633 2051 673 e
2077 617 2219 673 coelo
2254 618 2457 689 potius,
2501 617 2604 671 hoc
2638 624 2724 672 est
2761 632 2930 689 scopo
2965 617 3211 673 veritatis
3247 614 3449 672 excidit
3481 633 3495 670 :

1914 725 2039 765 nam
2068 710 2114 765 si
2151 710 2352 766 cmlum
2383 709 2530 764 istud
2562 709 2632 764 ab
2668 710 2876 779 angelis
2907 724 3047 779 quos
3071 707 3161 764 ille
3189 706 3497 773 constituit,

1912 809 2001 856 est
2044 800 2404 871 productum,
2442 808 2497 855 et
2530 800 2565 853 ii
2602 814 2795 854 rursus
2836 815 2866 854 τι
2899 800 3308 871 superioribus,
3335 814 3501 870 supe-

1914 892 2097 947 riores
2131 906 2163 945 a
2198 892 2475 963 supremis
2508 891 2775 963 procreati
2816 899 2965 956 sunt,
3001 907 3068 948 eo
3105 907 3195 947 res
3238 890 3500 945 nimirum

1912 986 2140 1052 recidet,
2171 994 2229 1041 ut
2258 1002 2468 1041 summa
2500 986 2591 1041 illa
2619 986 2817 1052 virtus,
2844 1000 2966 1055 qua:
2995 984 3241 1039 Abrasax
3267 982 3497 1047 dicitur,

1914 1078 2172 1134 universa
2228 1078 2570 1143 condiderit,
2628 1078 2808 1146 sitque
2862 1075 3107 1130 omnium
3158 1087 3500 1143 quaecunque

1916 1182 2046 1228 sunt
2083 1186 2271 1236 causa,
2317 1185 2420 1226 nec
2463 1171 2669 1240 absque
2706 1168 2798 1224 illa
2834 1167 3131 1239 quidquam
3173 1165 3450 1220 exstiterit
3483 1181 3498 1217 :

1915 1263 2026 1336 74
2065 1279 2190 1318 cum
2232 1262 2348 1317 hmo
2387 1262 2505 1333 ipsa
2549 1259 2903 1332 principium,
2940 1273 3005 1313 ac
3045 1259 3279 1328 primum
3319 1270 3502 1310 rerutn

1915 1357 2157 1411 omnium
2201 1353 2481 1424 exemplar
2525 1353 2595 1408 ab
2640 1353 2749 1407 illis
2786 1367 2911 1407 esse
2946 1349 3167 1404 dicatur
3206 1364 3219 1401 :
3258 1347 3505 1418 adeoque

1916 1448 2164 1518 sequitur
2197 1446 2388 1501 mundi
2429 1445 2594 1515 hujus
2636 1460 2798 1516 quem
2839 1449 3037 1496 vocant
3078 1439 3350 1496 defectuum
3392 1455 3503 1494 non

1916 1541 1985 1595 ad
2031 1539 2177 1594 aliud
2226 1554 2350 1595 esse
2398 1554 2563 1609 quam
2607 1536 2676 1593 ad
2713 1536 2950 1608 primum
2997 1533 3130 1590 illud
3173 1532 3503 1604 principium

1919 1646 2257 1700 causamque
2282 1645 2497 1695 eorum,
2521 1643 2643 1700 qua;
2671 1636 2801 1685 sunt
2831 1636 3019 1698 postea
3051 1626 3192 1680 facta
3216 1666 3230 1689 ,
3258 1623 3508 1679 referen-

1848 1705 1895 1759 ³
1913 1724 2063 1778 dum.
2100 1722 2233 1777 lllud
2260 1736 2394 1796 vero
2422 1722 2490 1776 de
2517 1720 2709 1777 eodem
2735 1720 3049 1791 percontari
3079 1725 3328 1789 Oportet:
3364 1716 3503 1782 Quid

1915 1823 1971 1867 tn
2004 1814 2245 1878 tandem,
2287 1813 2357 1868 mi
2395 1813 2587 1876 homo,
2627 1827 2728 1867 nos
2767 1812 2821 1865 in
2857 1819 3062 1865 tantam
3102 1806 3505 1863 multitudinem

1917 1922 2035 1962 cum
2051 1907 2240 1977 pellis,
2263 1921 2328 1960 ac
2352 1920 2460 1960 non
2493 1905 2676 1975 potius
2701 1903 2768 1958 ad
2802 1902 3134 1973 principium
3168 1901 3369 1972 ipsum,
3403 1897 3509 1951 hoe

1915 2007 1999 2053 est
2024 2013 2194 2051 unum
2225 1996 2394 2052 Deum
2423 2004 2478 2053 et
2504 1996 2933 2066 omnipotentem
2962 1990 3510 2061 deducis?quando-

1915 2091 2134 2162 quidem
2185 2091 2301 2145 sive
2355 2090 2458 2143 hoc
2502 2089 2619 2143 sive
2668 2089 2776 2142 alio
2828 2085 2992 2141 modo
3045 2093 3280 2151 statuas,
3337 2098 3505 2137 unum

1916 2184 2141 2239 omnino
2192 2197 2374 2236 rerum
2426 2181 2670 2235 omnium
2722 2179 3048 2250 principium
3098 2192 3163 2231 ac
3216 2174 3506 2229 Dominum

1920 2273 2078 2328 fateri
2128 2286 2354 2327 necesse
2402 2272 2494 2325 sit.
2542 2268 2685 2336 Quin
2738 2268 2844 2324 hoc
2881 2267 3043 2321 velim
3067 2264 3220 2329 mihi,
3273 2259 3509 2317 fabulosi

1916 2364 2082 2436 hujus
2103 2363 2396 2419 commenti
2431 2361 2751 2427 architecte,
2789 2359 2858 2414 de
2897 2357 3118 2412 Christo
3152 2353 3506 2424 respondeas.

1920 2460 1977 2516 Si
2018 2461 2073 2514 in
2119 2472 2338 2514 crucem
2388 2454 2580 2510 Simon
2630 2453 2722 2509 ille
2771 2451 3066 2525 Cyrenaeus
3105 2453 3189 2504 est
3222 2446 3473 2502 sublatus
3491 2483 3513 2506 .,

1919 2566 2031 2607 non
2067 2548 2237 2621 igitur
2266 2562 2364 2619 per
2396 2545 2675 2601 Christum
2711 2549 2867 2614 parta
2900 2539 3059 2595 nobis
3088 2547 3174 2593 est
3201 2536 3370 2602 salus,
3414 2534 3509 2590 sed

1919 2659 2016 2715 per
2055 2642 2369 2704 Simonem;
2400 2653 2501 2694 nec
2535 2636 2648 2706 jam
2680 2649 2778 2705 per
2815 2631 3095 2687 Christum
3130 2626 3370 2681 mundus
3401 2624 3513 2679 sals

1920 2750 2052 2791 vum
2085 2734 2203 2789 fore
2243 2748 2300 2788 se
2334 2745 2557 2801 sperare
2580 2727 2804 2790 debeat,
2837 2731 3027 2794 utpote
3053 2719 3147 2791 qui
3184 2717 3409 2773 minime
3440 2714 3511 2770 sit

1920 2839 2144 2899 passus.
2186 2820 2375 2893 Neque
2405 2820 2552 2875 enim
2592 2815 2789 2875 salutis
2822 2824 2947 2869 esse
2984 2820 3152 2866 Causa
3196 2805 3387 2861 Simon
3422 2818 3512 2874 po-

1922 2929 2059 2986 test,
2094 2932 2266 2989 purus
2290 2916 2480 2987 utique
2508 2928 2571 2968 ac
2600 2919 2768 2984 putus
2794 2908 2981 2972 homo,
3013 2918 3189 2975 neque
3214 2899 3512 2974 quidquam

1923 3011 2181 3083 amplius.
2212 3007 2295 3064 Ad
2333 3008 2448 3062 haec
2480 3004 2820 3076 unigenitum
2861 3000 2955 3055 Dei
2990 2997 3186 3053 Filium
3226 2990 3514 3083 calumniae

1923 3080 2279 3163 condemnas,
2312 3099 2359 3155 si
2388 3099 2615 3152 altermn
2648 3095 2826 3149 bonus
2857 3089 3124 3145 Dominus
3149 3085 3417 3142 violenter
3443 3080 3512 3135 ad

1923 3208 2114 3251 necem
2145 3205 2246 3248 suo
2280 3190 2401 3244 loco
2437 3185 2741 3241 tradiderit.
2774 3180 2886 3236 Nec
2920 3179 3067 3234 aliud
3101 3185 3215 3231 tota
3247 3190 3336 3230 res
3374 3186 3509 3244 pra:-

1924 3297 2007 3344 ter
2023 3283 2297 3343 somnium
2323 3282 2448 3344 erit,
2478 3281 2590 3333 imo
2614 3273 2970 3347 malignitatis
2994 3267 3509 3341 prmstigiarumque

1922 3378 2221 3451 specimen,
2252 3387 2376 3428 cum
2411 3369 2764 3440 semetipsum
2816 3364 3081 3419 Dominus
3134 3355 3505 3415 fraudulentis

1929 3472 2139 3528 artibus
2165 3466 2481 3525 subducens
2511 3462 2595 3519 sui
2626 3459 2894 3516 vicarium
2932 3457 3164 3512 alterum
3194 3452 3513 3508 substituat.

213 3558 430 3626 Sicque
466 3565 560 3611 tua
604 3557 695 3611 illa
735 3556 1062 3614 stultissima
1106 3558 1384 3615 cavillatio
1429 3564 1646 3621 veritati
1694 3569 1914 3639 quidem
1974 3564 2309 3623 calumniam
2343 3566 2539 3625 struet,
2576 3572 2677 3614 nec
2729 3554 2876 3628 quod
2906 3554 3052 3609 volet
3109 3561 3295 3607 tamen
3354 3560 3513 3603 asse-

208 3654 313 3724 qui
355 3654 578 3723 poterit,
622 3652 719 3708 sed
764 3653 832 3710 de
881 3653 1137 3725 figmento
1192 3656 1287 3711 illo
1337 3666 1547 3716 temere
1591 3678 1655 3717 ae
1705 3665 1825 3721 sine
1857 3666 1965 3720 ulla
1999 3661 2297 3719 stabilitate
2324 3655 2607 3729 proposito
2656 3653 2741 3709 vel
2774 3652 2843 3708 ab
2870 3651 2989 3724 ipsa
3039 3648 3271 3706 veritate
3321 3642 3517 3700 redar-

105 3771 117 3785 ι
206 3756 447 3817 guetur.

286 3841 371 3896 Θ.
387 3843 576 3915 Πάντη
592 3840 703 3916 γὰρ
721 3840 931 3913 ἐλέγχει
945 3840 1133 3896 τοῦτον
1151 3843 1244 3896 τὸν
1263 3846 1620 3919 αἱρεσιάρχην
1642 3849 1820 3922 ἠὰλή-

203 3938 346 3992 θεια
391 3938 452 3989 ἐν
489 3935 711 4007 Πιλαιᾷ
744 3935 838 3988 καὶ
876 3936 1051 4007 Καινῇ
1089 3936 1353 4010 Διαθήκῃ.
1391 3939 1562 3994 Παντὶ
1590 3941 1698 4010 γάρ
1736 3958 1820 3996 τοι

199 4031 405 4109 δῆλον,
428 4031 512 4084 ὅτι
540 4027 774 4099 Χριστὸς
800 4025 942 4080 ἑκὼν
965 4029 1056 4081 ἐπὶ
1081 4028 1143 4080 τὸ
1166 4029 1338 4094 πάθος
1362 4026 1514 4103 ἦλθε,
1540 4036 1634 4086 καὶ
1664 4033 1822 4106 θελή-

203 4140 355 4194 ματι
387 4120 504 4192 ιδίῳ
526 4120 623 4174 καὶ
651 4117 745 4171 τοῦ
782 4118 911 4171 ἰδίου
938 4118 1172 4192 Πατρὸς,
1193 4126 1286 4174 καὶ
1306 4121 1525 4195 εὐδοκία
1543 4123 1635 4176 τοῦ
1664 4126 1820 4193 ἁγίου

200 4215 367 4272 Πνεύ
378 4229 551 4285 ματος
576 4210 739 4264 ἔλαϐε
764 4210 863 4283 τὴν
892 4210 1093 4283 σάρκα,
1124 4212 1554 4285 ὲνανθρωπήσας
1579 4217 1636 4269 ἐν
1665 4220 1820 4289 ἡμῖν⁹

198 4309 267 4361 ἐν
300 4304 625 4373 τελειότητι
655 4301 788 4363 θεὸς
817 4300 912 4367 ὢν,
945 4303 1043 4355 ἀπ’
1071 4302 1248 4374 ἀρχῆς
1279 4305 1345 4357 ὲκ
1378 4305 1591 4378 Πατρὸς
1627 4324 1818 4378 γεγεν-

1998 3844 2086 3899 IX.
2130 3841 2254 3898 llaec
2280 3840 2424 3895 enim
2451 3822 2871 3891 haaresiarcham
2902 3830 3068 3885 istum
3097 3834 3209 3882 tam
3240 3826 3295 3879 in
3322 3824 3511 3880 Veteri

1924 3953 2089 4010 quam
2130 3934 2283 3991 Novo
2322 3930 2680 3986 Testamento
2719 3922 2869 3980 omni
2910 3936 2978 3977 ex
3019 3926 3176 3992 parte
3214 3915 3513 3972 convincit.

1929 4007 2208 4101 Siquidem
2265 4021 2473 4080 nemini
2536 4025 2623 4074 est
2679 4016 3003 4075 obscurum,
3069 4007 3350 4066 Christum
3415 4020 3514 4062 sua

1930 4097 2127 4194 sponte
2166 4118 2232 4173 ad
2273 4110 2600 4186 supplicium
2641 4107 2879 4170 venisse,
2923 4113 3089 4175 atque
3125 4101 3290 4156 etiam
3318 4097 3518 4154 'volun-

1927 4188 2038 4269 tate
2081 4226 2205 4266 cum
2256 4223 2356 4264 sua
2396 4214 2511 4260 tum
2546 4200 2725 4256 Patris
2763 4214 2827 4253 ac
2857 4195 3032 4252 sancti
3067 4191 3304 4264 Spiritus
3338 4188 3515 4244 addu-

1927 4313 2099 4368 ctum,
2126 4302 2207 4358 uti
2226 4313 2446 4355 carnem
2470 4294 2741 4356 indueret,
2773 4296 2827 4346 et
2853 4288 2997 4343 inter
3019 4300 3124 4342 nos
3151 4282 3427 4339 hominem
3456 4297 3517 4336 se

197 4400 483 4471 νημένος,
517 4397 774 4467 ἀνάρχως
808 4398 903 4450 καὶ
934 4396 1198 4468 ἀχρόνως
1236 4399 1324 4451 ἐπ’
1359 4374 1603 4470 ἐσχάτων
1632 4374 1689 4454 δὲ
1707 4374 1816 4455 ’τῶι

1932 4396 2169 4459 faceret,
2213 4405 2337 4447 cum
2380 4385 2739 4444 nihilominus
2772 4381 3045 4453 perfectus
3081 4384 3241 4453 esset
3264 4374 3410 4430 Deus
3434 4413 3449 4438 ,
3481 4388 3511 4426 a

200 4491 454 4565 ἡμερῶν
495 4492 558 4544 ἐν
606 4490 793 4561 μήτρᾳ
844 4487 1114 4560 παρθένου
1157 4489 1413 4559 γενέσθαι
1458 4493 1821 4561 καταξιώσας,

198 4590 290 4651 εἰς
314 4583 526 4638 ἑαυτόν
547 4598 608 4634 τε
641 4580 800 4651 σῶμα
829 4579 1306 4653 ἅναπλασάμενος,
1339 4583 1435 4637 καὶ⁵
1461 4584 1740 4656 γεννηθεὶς
1767 4588 1826 4640 ὲν

198 4678 481 4753 ἀληθείᾳ,
504 4679 600 4731 καὶ
623 4675 1048 4749 ἑνανθρωπήσας
1077 4678 1135 4731 ὲν
1165 4677 1471 4748 βεϐαιώσει,
1500 4680 1584 4733 ἵνα
1605 4682 1663 4735 ὲν
1685 4681 1821 4752 αὐτῇ

200 4773 371 4844 πάθῃ
412 4770 559 4841 ὑπὲρ
588 4768 747 4839 ἡμῶν
779 4770 845 4839 τῇ
881 4768 1068 4838 σαρκὶ,
1107 4768 1203 4822 καὶ
1229 4769 1330 4841 τὴν
1369 4768 1548 4841 ψυχὴν
1580 4769 1653 4841 δῷ
1683 4770 1824 4841 ὑπὲρ

201 4866 324 4919 τῶν
386 4862 543 4917 ἰδίων
603 4859 912 4931 προϐάτων·
973 4860 1050 4924 ὡς
1096 4860 1309 4931 ἐλέγχει
1360 4863 1582 4926 τούτους
1628 4862 1820 4931 λέγων·

118 4988 121 4989 ν
200 4958 379 5014 Ἰδοὺ
434 4955 840 5022 ἀναϐαίνομεν
881 4954 969 5019 εὶς
1027 4953 1441 5024 Ἰεροσόλυμα,
1470 4954 1569 5008 καὶ
1608 4957 1641 5009 ὀ
1692 4953 1825 5022 Υἱὸς

199 5052 321 5106 τοῦ
347 5046 687 5115 ἀνθρώπου
709 5043 1191 5114 παραδοθήσεται
1210 5087 1224 5107 ,
1248 5048 1346 5101 καὶ
1374 5046 1828 5115 ἀποκτανοήσε-

201 5162 331 5204 ται,
394 5139 506 5193 καὶ
553 5137 628 5205 τῇ
676 5136 842 5221 τρίτῃ
891 5136 1087 5206 ἡμέρᾳ
1127 5135 1555 5205 ἀναστήσεται.
1597 5139 1721 5203 Τοῖς
1766 5157 1824 5193 τε

199 5240 354 5300 υἱοῖς
387 5230 691 5290 Ζεϐεδαίου
724 5232 923 5300 φήσας·
953 5230 1224 5285 Δύνασθε
1257 5230 1417 5285 πιεῖν
1449 5230 1514 5285 τὸ
1540 5230 1829 5301 ποτήριον

200 5331 235 5386 ὃ
259 5327 504 5400 μέλλω
530 5322 749 5375 πίνεικ·
779 5318 854 5382 ὡς
885 5319 982 5373 καὶ
1008 5320 1037 5371 6
1074 5318 1368 5384 ἀπόστολος
1412 5319 1562 5390 λέγει
1600 5322 1824 5393 Πέτρος.

203 5415 616 5479 Θανατωθεὶς
648 5411 852 5480 σαρκὶ,
882 5408 1254 5477 ζωοποιηθεὶς
1285 5410 1353 5464 δὲ
1381 5413 1688 5482 πνεύματι.
1724 5416 1829 5466 Καὶ

205 5517 407 5587 ττλϋιν·
483 5508 592 5570 ⁴’ος
633 5504 857 5559 ἔπαθεν
900 5501 1055 5570 ὑπὲρ
1103 5501 1271 5571 ήμῶν
1313 5503 1514 5573 σαρκί·
1565 5503 1725 5558 πάλιν
1773 5506 1830 5559 δὲ

1930 4487 2092 4542 Patre
2123 4481 2394 4557 principio
2422 4481 2541 4536 sine
2567 4477 2678 4533 ullo
2705 4474 2864 4531 initio
2889 4472 2970 4527 vel
2998 4482 3243 4540 tempore
3268 4467 3509 4538 genitus.

1933 4579 2035 4648 Qui
2068 4576 2363 4650 postremis
2391 4570 2729 4644 temporibus
2753 4568 2808 4624 in
2845 4564 3072 4637 virginis
3102 4570 3259 4617 utero
3287 4558 3513 4650 formari

1926 4649 2126 4735 voluit,
2149 4668 2363 4739 sibique
2384 4679 2585 4736 corpus
2606 4658 2835 4724 effluxit,
2875 4670 2940 4710 ac
2975 4668 3163 4711 revera
3192 4649 3429 4722 genitus,
3460 4657 3516 4702 et

1927 4766 2091 4821 homo
2120 4763 2240 4819 sine
2264 4760 2375 4815 ullo
2394 4754 2720 4824 fucoJ‘aetus
2736 4760 2843 4817 est,
2868 4749 2947 4804 uti
2969 4760 3163 4821 poenas
3184 4744 3240 4799 in
3258 4758 3323 4798 ea
3352 4754 3516 4813 quam

1927 4862 2249 4927 susceperat
2294 4866 2461 4909 carne
2507 4862 2606 4919 pro
2663 4840 2824 4901 nobis
2871 4839 3246 4910 experiretur,
3304 4849 3370 4889 ac
3417 4848 3519 4904 pro

1926 4922 2269 5003 ovibussuis
2293 4943 2536 4999 animam
2566 4935 2825 4992 traderet.
2856 4932 2915 4986 ιιι
2939 4943 3048 5000 quo
3076 4926 3364 4982 haereticos
3393 4922 3517 4977 illos

1886 5058 1889 5065 '
1927 5040 2222 5115 perspicue
2247 5035 2450 5093 refellit
2494 5031 2624 5086 dum
2668 5029 2742 5082 ita
2779 5023 3068 5095 loquitur:
3108 5018 3244 5073 Ecce
3282 5016 3521 5070 ascendi-

1929 5110 2078 5190 inusv
2098 5130 2530 5200 Hierosolymam
2551 5163 2567 5189 ,
2607 5129 2657 5177 et
2689 5117 2865 5174 Filius
2893 5112 3121 5168 hominis
3174 5110 3438 5172 tradetur,
3466 5118 3518 5164 et

1929 5228 2218 5289 occidetur,
2233 5234 2279 5278 et
2297 5220 2405 5294 75
2423 5219 2581 5275 tertia
2595 5214 2929 5283 diejresurget
2942 5211 2985 5265 '.
2997 5205 3137 5262 Tum
3152 5204 3377 5274 insuper
3393 5218 3518 5257 cum

1933 5320 2178 5377 Zebcdzei
2219 5316 2344 5372 filiis
2369 5314 2446 5369 ait
2488 5330 2504 5368 :
2539 5307 2766 5366 Potestis
2797 5303 2970 5359 bibere
2998 5299 3215 5354 calicem
3245 5312 3397 5367 quem
3426 5311 3521 5366 ego

1934 5415 2195 5470 bibiturus
2226 5425 2344 5464 sum
2371 5407 2431 5461 '?
2453 5404 2576 5473 Quo
2604 5401 2694 5458 illa
2720 5393 2953 5471 apostoli
2984 5391 3130 5450 Petri
3155 5390 3321 5447 verba
3354 5389 3521 5460 perti'

1934 5512 2063 5561 nent
2092 5523 2103 5558 :
2132 5500 2494 5569 Mortiﬁcams
2520 5509 2699 5563 carne,
2722 5490 3016 5561 riviﬁcatus
3061 5493 3238 5540 autem
3260 5481 3451 5551 spiritu
3471 5482 3517 5531 δ.

282 5705 300 5736 ι
324 5700 399 5761 ι’.
422 5688 878 5763 ,καταψηφίξειᾳ
958 5687 979 5718 ³
1003 5685 1189 5743 Matth.
1223 5707 1311 5758 xx,
1357 5687 1436 5744 18.
1517 5689 1537 5719 ³
1567 5686 1696 5741 ibid.
1727 5688 1815 5743 ‘22.

1958 5686 1977 5743 l
2017 5682 2133 5740 Pet.
2168 5697 2249 5737 ιιι.
2283 5677 2369 5738 18.
