3980 6078
602 279 706 338 3'17

2008 270 2065 326 S.
2110 271 2447 326 EPIPIMNH
3743 281 3830 335 333

603 394 874 458 ridicula;
907 393 1028 463 qua:
1053 389 1306 461 quisquis
1339 387 1607 444 dii-initus
1627 387 1974 456 rrmlentiam
2003 396 2198 440 nactus

2309 388 2418 457 ρὸς,
2455 389 2547 440 καὶ
2594 390 2841 459 ﬁxi-ngas
2893 390 2992 460 τὴν
3040 389 3206 442 Εὕαν.
3257 388 3392 441 Ἀπὸ
3424 387 3515 442 τοῦ
3556 389 3698 443 τύπου
3732 397 3824 461 γὰρ

604 490 677 542 sit
731 485 884 541 nullo
939 485 1157 554 negotio
1205 480 1507 552 pervident.
1573 477 1856 549 Siquidem
1900 481 2196 550 voluptatis

606 578 779 648 gratia
841 590 965 630 cum
1005 575 1253 642 seipsos,
1301 578 1414 624 tum
1459 586 1601 641 quos
1645 571 1849 624 habent
1893 580 2196 626 sectatores

609 667 984 738 perdiderunt.
1028 663 1376 734 Perduntque
1401 661 1666 733 quotidie.
1704 661 1766 714 Et
1788 661 2008 733 quidem
2037 677 2198 714 errov-

611 760 687 814 ris
722 759 811 813 ille.
846 757 1074 826 spiritus
1111 755 1334 826 quidam
1357 755 1506 809 velut
1533 755 1586 807 in
1616 752 1935 808 tibia‘llatus
1961 761 2069 813 est,
2100 753 2195 823 qui

610 864 1057 919 unumquemque
1081 848 1457 917 insipientium
1478 846 1759 900 hominum
1802 845 2039 900 diversis
2066 860 2198 900 cone-

610 953 695 997 tra
727 944 1014 998 veritatem
1059 941 1435 1012 agnitionibus
1465 946 1798 994 commovet.
1847 938 2028 1010 Atque
2060 941 2196 995 adeo

609 1039 745 1093 tibia
783 1035 1056 1106 serpentis
1097 1034 1323 1106 ﬁguram
1359 1033 1560 1086 imitari
1600 1031 1847 1097 videtur,
1891 1047 1987 1101 per
2032 1048 2194 1102 quem

612 1129 791 1183 malus
826 1127 1038 1182 dtemon
1072 1127 1292 1180 locutus
1314 1133 1418 1187 est,
1444 1131 1609 1192 atque
1641 1121 1807 1175 Eram
1838 1121 2075 1191 decepit.
2113 1123 2194 1179 Ad

613 1217 774 1284 cujus
804 1216 1086 1284 exemplar
1141 1228 1403 1286 expressa
1430 1253 1444 1274 ,
1479 1222 1532 1266 et
1578 1212 1646 1264 ad
1689 1211 1988 1270 humanum
2023 1227 2195 1282 genus

612 1305 944 1362 illudeudum
970 1305 1219 1360 confecta
1248 1305 1380 1358 tibia
1407 1313 1510 1357 est.
1542 1301 1622 1358 Tu
1648 1318 1777 1357 vero
1801 1311 1856 1358 et
1886 1305 2032 1357 illam
2063 1305 2196 1358 mihi

612 1399 842 1469 cﬂigiem
880 1400 1126 1459 intuere.
1158 1411 1322 1465 quam
1356 1395 1449 1466 qui
1494 1395 1626 1449 tibia
1668 1395 1818 1449 canit
1863 1395 1918 1448 in
1955 1410 2076 1450 sese
2111 1410 2194 1450 re.

615 1499 924 1560 prwsentat.
975 1489 1074 1544 llic
1124 1491 1268 1543 enim
1321 1501 1543 1543 sursum
1589 1485 1782 1540 faciem
1833 1485 2074 1552 attollit,
2123 1500 2188 1540 ac

2301 478 2512 530 ἐκείνου
2548 478 2690 530 κατὰ
2739 479 2970 548 μίμησιν
3019 481 3048 531 ό
3096 477 3259 542 αὐλὸς
3307 480 3416 540 τοῖς
3463 476 3732 548 ἀνθρώποις
3760 483 3826 544 εἰς

2302 572 2518 641 ἀπάτην
2552 569 2986 640 κατεσκευάσθη.
3030 571 3140 623 Καὶ
3163 572 3264 641 ὅρα
3296 569 3386 622 τὸν
3416 569 3595 632 τύπον,
3620 570 3669 622 ὃν
3695 573 3830 637 αὐτὸς

2301 666 2329 717 ὁ
2363 663 2542 717 αὐλῶν
2576 665 2634 716 ὲν
2669 662 2746 733 τῷ
2791 662 2939 732 αὐλῷ
2973 665 3228 715 ποιεῖται.
3258 661 3444 714 Αὐλῶν
3475 662 3575 734 γὰρ
3607 664 3703 716 ἄνω
3726 665 3834 716 ἀνα-

2301 755 2469 818 νεύει,
2526 755 2622 808 καὶ
2671 756 2824 808 κάτω
2879 755 3206 808 κατανεύειο
3250 753 3400 818 δεξιά
3451 770 3510 806 τε
3559 754 3709 806 κλίνει
3757 756 3836 808 καὶ

2305 847 2560 919 εὐώνυμα
2588 849 2790 919 ὁμοίως
2818 847 3032 918 ἐκείνῳ.
3068 847 3293 909 Τούτοις
3325 847 3433 916 γὰρ
3467 845 3554 899 καὶ
3585 846 3841 910 ὀδιὰὁολπ

2301 945 2417 1006 τοῖς
2463 942 2706 1012 σχήμασι
2747 941 3034 1010 κέχρηται,
3085 940 3174 993 ἵνα
3217 938 3359 992 κατὰ
3408 938 3513 990 τῶν
3545 940 3840 1010 ἐπουρανίων

2304 1028 2603 1098 ἐνδείξηται
2629 1029 2726 1100 τὴν
2755 1027 3122 1099 βλασςρημίαν,
3154 1029 3246 1080 καὶ
3269 1027 3337 1081 τά
3371 1029 3462 1080 ἐπὶ
3487 1027 3579 1097 τῆς
3606 1027 3699 1096 γῆς
3728 1030 3848 1095 ἅψας

2305 1119 2482 1192 νισμῷ
2526 1120 2787 1191 ἀφανίσῃ,
2825 1121 2918 1173 καὶ
2954 1119 3091 1190 ὁμοῦ
3148 1119 3527 1191 συμπεριλάϐῃ
3566 1119 3655 1190 τὴν
3695 1121 3848 1173 οἰκου-

2308 1212 2495 1282 μένην,
2529 1211 2678 1278 δεξιά
2717 1230 2776 1265 τε
2818 1214 2912 1266 καὶ
2944 1212 3201 1284 εὐώνυμα
3238 1211 3626 1282 λυμαινόμενος
3658 1211 3773 1273 τους
3797 1213 3854 1281 τῇ

2306 1303 2482 1379 πλάνῃ
2517 1305 2872 1378 πειθομένους
2922 1323 2980 1358 τε
3025 1305 3117 1358 καὶ
3165 1303 3542 1372 θελγομένους,
3577 1301 3752 1374 ὥσπερ
3781 1301 3856 1355 διὰ

2305 1399 2567 1468 μουσικοῦ
2623 1400 2876 1470 ὀργάνου,
2931 1402 3051 1464 ταῖς
3116 1401 3318 1469 φωναῖς
3383 1400 3505 1459 ταῖς
3540 1395 3863 1466 πεπλανημέ-

2293 1507 2430 1554 ναις,

610 1587 870 1639 dcorsum
908 1583 1161 1644 den'iittit,
1208 1589 1324 1634 tum
1359 1580 1428 1634 ad
1487 1579 1682 1634 dextra
1720 1578 2056 1646 sinistraque
2103 1578 2335 1648 perinde
2395 1588 2455 1636 ut
2517 1582 2608 1638 ille
2640 1582 2840 1653 vergit.
2904 1581 3120 1653 Quippe
3160 1580 3416 1637 diabolus
3463 1580 3600 1636 iisce
3641 1577 3866 1652 gestibus

616 1679 810 1743 utitur,
840 1684 897 1729 ut
929 1673 1318 1744 contumeliam
1354 1671 1409 1725 in
1435 1684 1666 1741 superos
1701 1677 1957 1735 ostentet,
1989 1678 2043 1724 et
2072 1686 2195 1741 qua:
2224 1673 2278 1726 in
2328 1681 2476 1728 terra
2507 1682 2636 1729 sunt
2671 1674 2918 1732 funditus
2955 1675 3222 1738 evertat,’
3260 1682 3550 1744 totumque
3594 1673 3726 1728 adeo
3771 1682 3868 1724 ter-

615 1786 800 1825 rarum
835 1769 1024 1824 orbem
1076 1766 1267 1820 eodem
1311 1765 1481 1820 exitio
1533 1762 2004 1833 comprehendat,
2065 1763 2196 1818 dum
2235 1765 2426 1821 dextra
2457 1768 2663 1839 pariter
2685 1783 2750 1823 ac
2780 1768 3004 1825 sinistra
3053 1767 3351 1838 perniciem
3387 1768 3459 1823 iis
3487 1767 3642 1822 affert
3694 1763 3782 1834 qui
3819 1763 3871 1821 iu

611 1867 735 1934 ejus
769 1881 824 1920 se
887 1861 1132 1916 fraudem
1189 1860 1575 1924 committunt,
1606 1873 1670 1912 ac
1712 1858 1794 1912 sic
1837 1866 2100 1929 tanquam
2133 1861 2348 1920 musico
2401 1862 2770 1920 instrumento
2832 1865 2945 1944 βο
2994 1863 3362 1924 fraudulentis
3414 1864 3567 1921 illius
3625 1860 3871 1940 sermoni-

618 1960 720 2013 bus
751 1954 1081 2009 adiciuntur.

691 2053 752 2107 ν.
784 2053 924 2106 Sunt
958 2061 1011 2104 et
1045 2048 1136 2102 alii
1174 2046 1396 2118 quidam
1444 2060 1509 2101 ex
1560 2045 1941 2100 haereticorum
1984 2045 2200 2100 illorum

2377 2047 2452 2102 E’.
2489 2047 2671 2102 Ἄλλοι
2715 2047 2771 2102 δέ
2822 2067 2964 2115 τινες
3007 2048 3067 2116 ἐξ
3100 2049 3283 2111 αὐτῶν
3315 2049 3456 2104 κενά
3503 2067 3626 2103 τινα
3658 2048 3877 2119 ὀνόματα

619 2163 803 2219 grege,
834 2146 926 2215 qui
973 2145 1155 2198 inania
1190 2142 1439 2212 quadam
1471 2141 1695 2195 nomina
1725 2141 2074 2218 confingunt,
2105 2143 2204 2196 ita-

615 2257 723 2311 que
744 2239 936 2298 dicunt
957 2255 968 2289 :
995 2234 1153 2290 Initio
1175 2233 1455 2296 tenebras,
1481 2247 1546 2286 ac
1569 2232 1908 2302 voraginem,
1934 2241 1988 2286 et
2005 2247 2204 2302 aquam

618 2332 792 2386 fuisse
819 2348 832 2384 :
865 2343 985 2399 qua:
1010 2343 1038 2380 a
1063 2343 1123 2383 se
1146 2327 1384 2381 invicem
1409 2325 1636 2394 spiritus
1655 2324 1972 2380 secreverit.
2004 2322 2204 2379 Verum

619 2425 856 2479 tenebrat
900 2431 1091 2477 contra
1128 2419 1382 2489 spiritum
1431 2417 1718 2474 iracundia
1749 2433 1813 2471 ac
1858 2416 2047 2472 furore
2081 2433 2206 2488 per-

616 2518 742 2570 citae
790 2528 1013 2570 sursum
1047 2520 1408 2567 exeurrentes
1452 2524 1576 2563 cum
1609 2525 1674 2564 ευ
1713 2524 2022 2578 εοιιετειεεω
2052 2521 2202 2566 sunt.

618 2607 749 2665 Inde
780 2605 980 2660 matrix
1011 2603 1202 2660 nescio
1250 2617 1374 2673 qua:
1419 2602 1602 2672 genita
1641 2601 1866 2686 prodiit,
1903 2616 2025 2672 qua
2053 2602 2207 2670 ejus-

619 2699 745 2752 dem
773 2695 1004 2766 spiritus
1026 2692 1488 2749 consuetudinem
1507 2692 1755 2762 appetiit.
1783 2691 1860 2744 Ex
1881 2707 2056 2762 eaque
2075 2707 2206 2762 qua-

617 2797 748 2842 tuor
778 2786 987 2842 .‘Eones
1011 2785 1265 2856 producti
1280 2783 1529 2853 sunt.,Ab
1550 2783 1636 2838 bis
1664 2799 1754 2841 xlv
1773 2783 1865 2836 alii
1894 2786 2194 2853 procreati.

619 2878 753 2935 Item
785 2877 979 2932 dextra
1001 2917 1016 2941 ,
1047 2876 1401 2945 sinistraque.
1466 2889 1683 2930 necnon
1719 2874 1904 2930 lumen
1956 2890 2020 2929 ac
2059 2882 2206 2930 tene-

619 2971 752 3026 brae.
784 2966 1096 3024 Secundum
1114 2967 1216 3023 bos
1233 2982 1426 3022 omnes
1446 2974 1658 3038 turpem
1681 2965 1970 3037 quemdam
1994 2981 2202 3022 aeonem

617 3060 825 3114 editum
856 3065 1110 3121 narrant,
1139 3071 1376 3126 eumque
1407 3071 1534 3110 cum
1565 3070 1652 3120 ea,
1683 3070 1849 3126 quam
1883 3057 2048 3126 paulo
2076 3065 2204 3112 ante

619 3151 884 3215 diximus,
915 3148 1142 3203 matrice
1172 3147 1370 3203 coiisse
1406 3164 1420 3200 :
1452 3157 1504 3202 et
1533 3147 1602 3201 ab
1633 3159 1866 3216 utroque
1888 3146 2022 3201 deos
2041 3155 2205 3218 atque

619 3243 868 3312 angelos,
892 3248 947 3297 et
973 3241 1275 3304 daemones,
1308 3255 1372 3295 ac
1405 3248 1614 3310 septem
1638 3239 1868 3308 spiritus
1893 3245 2075 3294 ortum
2100 3239 2202 3292 ha-

621 3336 831 3391 buisse.
867 3334 972 3390 Sed
1001 3333 1327 3390 bistrionica
1363 3333 1454 3388 illa
1499 3333 1757 3402 ﬁgmenta
1792 3333 1944 3387 nullo
1981 3333 2201 3403 negotio

620 3425 951 3496 deteguntur
983 3445 995 3480 :
1027 3440 1151 3480 nam
1208 3440 1332 3480 cum
1385 3439 1558 3480 unum
1591 3424 1752 3479 initio
1805 3421 2024 3479 Patrem
2078 3423 2206 3479 deﬁ-

622 3518 796 3582 niant,
825 3516 1059 3582 subinde
1097 3517 1282 3587 plures
1306 3516 1440 3570 deos
1461 3515 1784 3581 ostendunt,
1819 3524 1878 3570 ut
1909 3517 2208 3586 ipsummet

621 3623 867 3663 errorem
903 3623 1002 3663 sua
1034 3617 1225 3662 contra
1271 3624 1330 3664 se
1374 3609 1781 3679 quodammodo
1819 3624 2034 3665 armare
2062 3626 2209 3665 meno

621 3700 777 3754 dacia
809 3708 1266 3766 commonstrent,
1293 3716 1356 3755 ac
1387 3700 1631 3771 seipsum
1662 3710 1942 3768 evertere;
1971 3715 2095 3755 cum
2132 3701 2211 3755 in-

619 3793 781 3848 terim
810 3793 956 3847 omni
989 3809 1052 3848 ex
1083 3802 1238 3864 parte
1280 3794 1570 3865 perspicua
1604 3794 1808 3853 veritas
1844 3801 2131 3866 appareat.

693 4077 780 4133 VI.
807 4077 948 4146 Quid
984 4090 1069 4136 est
1097 4079 1283 4150 igitur,
1320 4080 1572 4146 Nicolae,
1601 4084 1696 4137 tibi
1720 4084 1864 4153 quod
1893 4087 2210 4155 apponam?

620 4171 884 4240 quidnam
911 4172 1240 4242 disputabo?
1273 4172 1428 4229 Unde
1473 4174 1632 4230 nobis
1677 4184 1894 4246 turpem
1925 4177 2076 4230 illum
2114 4192 2209 4232 ne-

623 4261 742 4315 scio
771 4276 932 4331 quem
969 4278 1198 4326 a‘onem.
1230 4278 1293 4318 ac
1338 4264 1598 4334 nequitia:
1628 4265 1871 4321 radicem
1893 4307 1907 4326 .
1934 4276 1988 4321 et
2011 4266 2210 4323 fecun-

623 4351 751 4405 dam
780 4352 924 4406 illam
951 4354 1230 4408 matricem
1265 4370 1328 4410 ac
1354 4356 1591 4427 denique
1628 4356 1815 4427 plures
1848 4357 1981 4413 deos
2011 4373 2074 4414 ac
2099 4361 2211 4414 dae-

626 4455 818 4494 mones
847 4440 1245 4496 invebis?Nam
1261 4445 1410 4514 quod
1436 4446 1502 4500 ad
1525 4445 1846 4517 Apostolum
1865 4448 2059 4504 attinet
2083 4465 2207 4506 cum

628 4530 696 4584 iis
721 4531 904 4586 verbis
948 4533 1124 4587 utitur
1162 4534 1178 4565 ¹
1217 4553 1229 4589 :
1268 4534 1330 4591 Si
1352 4547 1473 4590 sunt
1503 4540 1592 4609 qui
1623 4539 1960 4609 appellantur
1983 4542 2083 4605 dii,
2113 4559 2209 4600 eos

626 4638 897 4692 nusquam
911 4639 1040 4679 esse
1059 4626 1354 4696 signiﬁcat.
1381 4628 1515 4681 Cum
1542 4631 1710 4691 enim.
1737 4634 1828 4703 qui
1851 4635 2204 4702 appellantur,

2309 2140 2732 2204 ἀναπλάττουσι,
2764 2141 3034 2209 λέγοντες,
3057 2142 3358 2204 ὃτιΣκότος
3386 2136 3461 2212 ἦν
3490 2141 3590 2195 καὶ⁵
3616 2139 3770 2210 βυθὸς
3799 2139 3884 2193 καὶ

2309 2231 2480 2303 ὕδωρ·
2534 2232 2595 2285 τὸ
2635 2232 2691 2286 δὲ
2740 2231 2956 2303 πνεῦμα
3004 2232 3106 2286 άνά
3151 2233 3315 2304 μέσον
3359 2232 3578 2286 τούτων
3626 2230 3886 2302 διορισμὸν

2306 2323 2601 2394 ἐποιήσατο
2637 2323 2839 2378 αὐτῶν.
2867 2322 2941 2377 Τὸ
2961 2323 3019 2377 δὲ
3046 2323 3236 2389 σκότος
3267 2320 3336 2394 ἦν
3357 2323 3694 2394 χαλεπαῖνόν
3714 2339 3770 2375 τε
3800 2321 3888 2375 καὶ

2307 2415 2566 2483 έγκοτοῦν
2599 2415 2675 2486 τῷ
2715 2415 2988 2487 πνεύματι
3007 2434 3023 2449 ·
3053 2417 3190 2488 ὅπερ
3221 2419 3418 2480 σκότος
3459 2416 3773 2489 ἀναδραμὸν
3805 2431 3895 2467 πε-

2309 2507 2576 2580 ριεπλάκη
2601 2507 2678 2579 τῷ
2700 2508 2990 2580 πνεύματι.
3016 2509 3126 2562 Καὶ
3152 2509 3443 2580 ἐγέννησε,
3469 2510 3628 2580 φησὶ,
3649 2507 3770 2561 τινά
3796 2507 3891 2578 μή·

2305 2617 2442 2671 τραν
2476 2600 2853 2672 καλουμένην,
2905 2603 3026 2672 ἣτις
3074 2599 3409 2672 γεννηθεῖσα
3453 2602 3807 2670 ὲνεκίσσησεν
3845 2600 3899 2650 ὲν

2307 2669 2565 2762 aia-ri;er
2597 2669 2888 2762 πνεύματι.
2930 2669 3030 2745 Ἕκ
3059 2691 3115 2748 δὲ
3145 2669 3248 2762 τῆς
3291 2692 3524 2764 μήτρας
3565 2689 3895 2766 προεϐλήθη-

2308 2784 2408 2843 σάν
2447 2800 2592 2847 τινες
2647 2783 2912 2854 τέσσαρες
2956 2783 3193 2847 Αίῶνες·
3231 2784 3296 2837 ὲκ
3344 2785 3415 2838 δὲ
3465 2786 3582 2839 τῶν
3637 2782 3906 2852 τεσσάρων

2306 2872 2527 2929 Δίώνων
2552 2873 2700 2927 ἄλλοι
2724 2874 3143 2946 δεκατέσσαρες,
3178 2875 3272 2928 καὶ
3304 2875 3512 2944 γέγονε
3556 2874 3711 2940 δεξιά
3732 2889 3790 2925 τε
3816 2870 3903 2932 καὶ.

2306 2966 2595 3038 ἀριστερὰ,
2628 2966 2744 3036 φῶς
2773 2966 2869 3021 καὶ
2911 2969 3121 3032 σκότος.
3180 2967 3463 3040 ’Ὕστερον
3497 2968 3559 3022 δὲ
3596 2965 3736 3038 μετὰ
3776 2965 3908 3018 πάνυ

2304 3078 2404 3125 τας
2433 3061 2656 3125 τούτους
2681 3060 3084 3132 προϐεϐλῆσθαι
3110 3079 3228 3115 τινα
3251 3062 3498 3134 αἰσχρὸν
3526 3062 3723 3123 αἰῶνα,
3752 3057 3908 3129 μεμί-

2305 3152 2433 3223 xeat:
2491 3153 2548 3209 δὲ
2575 3153 2767 3206 τοῦτον
2801 3156 2868 3224 τῇ
2913 3155 3096 3226 μήτρᾳ
3141 3157 3204 3225 τῇ
3239 3155 3359 3208 ἄνω
3409 3151 3908 3226 προδεδηλωμένῃ’

2311 3244 2406 3298 καὶ
2437 3244 2501 3297 ὲκ
2528 3243 2722 3302 τούτου
2761 3243 2856 3297 τοῦ
2902 3243 3098 3307 αἰῶνος
3137 3244 3230 3298 τοῦ
3274 3244 3526 3316 αἰσχροῦ
3561 3243 3786 3312 καὶτῆς
3817 3242 3914 3311 μή-

2306 3351 2440 3407 τρας
2469 3335 2752 3405 γεγονέναι
2794 3334 2950 3398 θεούς
2972 3353 3033 3388 τε
3061 3336 3155 3390 καὶ
3182 3337 3312 3400 τοὺς
3362 3340 3432 3407 ἀγ
3448 3337 3654 3407 τέλους
3680 3336 3777 3390 καὶ¹
3810 3332 3920 3387 δαί-

2312 3446 2499 3501 μονας,
2536 3431 2629 3484 καὶ
2660 3429 2800 3483 ἑπτά
2825 3429 3134 3500 πνεύματα.
3166 3431 3412 3503 Φωρατὴ
3448 3432 3512 3486 δὲ
3541 3431 3754 3485 τούτων
3776 3431 3806 3499 ἡ
3829 3426 3922 3494 τῆς

2309 3521 2520 3592 πλάνης
2555 3522 2866 3593 μιμολογία.
2911 3522 3031 3574 Ἀπ’
3069 3521 3248 3593 ἀρχῆς
3282 3523 3408 3596 γὰρ
3440 3525 3550 3580 ἕνα
3583 3523 3810 3594 Πατέρα
3845 3518 3928 3572 λέρ

2308 3630 2496 3687 γοντες
2527 3616 2623 3668 καὶ
2659 3615 2986 3686 ὁριζόμενοι,
3023 3614 3249 3686 ὕστερον
3291 3599 3549 3682 πολλοὺς
3606 3617 3766 3679 θεοὺς
3801 3611 3926 3666 ὑπέ-

2309 3723 2506 3776 φηναν,
2534 3707 2613 3770 εἰς
2659 3707 2718 3760 τὸ
2742 3706 2912 3773 δεῖξαι
2952 3707 3123 3779 αὐτὴν
3153 3707 3252 3779 τὴν
3292 3709 3532 3781 πλάνην
3581 3708 3706 3764 καθ’
3741 3703 3930 3773 ἑαυτῆς

2308 3795 2377 3856 τὰ
2425 3798 2516 3851 ὑπ’
2546 3797 2714 3868 αὐτῆς
2762 3797 2932 3867 ψευδῆ
2980 3797 3252 3871 λεγόμενα
3296 3799 3595 3865 ὁπλίζειν,
3641 3798 3844 3865 ἑαυτὴν
3880 3792 3934 3852 δὲ

2308 3889 2476 3952 λύειν,
2507 3891 2608 3960 τῆς
2635 3890 2893 3960 ἀληθείας
2935 3892 3022 3946 ἀεὶ
3060 3895 3124 3946 ἐκ
3153 3893 3370 3957 παντὸς
3422 3895 3645 3966 μέρους
3690 3891 3935 3963 εὑρισκο-

2313 3983 2480 4054 μένης

2383 4081 2474 4146 ς’.
2507 4079 2573 4131 Τί
2601 4079 2778 4132 τοίνυν
2825 4081 2964 4132 εἴπω
2992 4084 3128 4151 πρὸς
3171 4075 3257 4144 σὲ,
3290 4079 3344 4133 ὦ
3379 4079 3683 4143 Νικόλαες
3729 4080 3784 4131 τί
3837 4078 3941 4130 δια-

2309 4167 2674 4240 λεχθήσομαις
2719 4168 2912 4231 Πόθεν,
2943 4162 2988 4222 ὦ
3022 4165 3196 4231 οὗτος,
3229 4169 3415 4240 ﬁxa;
3452 4171 3657 4243 φέρων
3691 4172 3822 4240 ἡμῖν
3863 4167 3943 4217 αξ·

2311 4259 2474 4330 σχρὸν
2502 4259 2695 4323 αἰῶνα,
2725 4259 2816 4312 καὶ
2838 4260 2996 4337 ,ῥίζαν
3021 4260 3321 4331 πονηρίας,
3358 4264 3470 4318 καὶ
3514 4265 3745 4336 μήτραν
3766 4276 3948 4330 γεννηρ

2308 4353 2490 4424 τικὴν,
2536 4353 2631 4406 καὶ
2686 4353 2843 4417 θεοὺς
2896 4353 3142 4416 πολλοὺς,
3200 4354 3312 4408 καὶ
3371 4357 3706 4427 δαίμοναςς
3752 4357 3810 4408 '0
3850 4354 3951 4421 γὰρ

2324 4444 2662 4510 Ἀπόστολος,
2717 4446 2932 4516 φήσας·
2970 4445 3156 4513 Εἴπερ
3197 4447 3339 4500 εἶσὶ
3405 4449 3757 4518 λεγόμενοι
3813 4440 3949 4506 θεοὶ,

2309 4536 2409 4590 οὐκ
2444 4533 2581 4589 εἶναι
2611 4535 2832 4599 τούτους
2863 4536 3170 4605 ὑποφαίνει.
3207 4537 3313 4592 Ἐν
3346 4540 3442 4612 τῷ
3476 4541 3603 4616 γὰρ
3639 4543 3844 4599 εἰπεῖν,
3866 4541 3954 4592 ,ιε-

2310 4631 2579 4698 γόμενοι,
2612 4627 2808 4692 ἔδειξεν
2837 4629 3035 4691 αὐτοὺς
3063 4630 3120 4681 ὲν
3147 4628 3227 4699 τῷ
3267 4631 3569 4701 λέγεσθαι
3600 4633 3768 4705 μόνον
3803 4627 3954 4688 εἶναι.

621 4713 780 4776 dicit,
812 4715 930 4768 sola
967 4715 1089 4770 illos
1137 4717 1504 4786 appellatione
1537 4731 1828 4788 constare,
1872 4741 1994 4780 cum
2021 4729 2200 4798 reipsa

2315 4719 2388 4791 μὴ
2412 4719 2570 4782 ὄντας
2611 4723 2676 4790 τῇ
2711 4720 3021 4784 ὑποστάσει,
3052 4720 3184 4774 ἀλλά
3235 4723 3346 4777 διὰ
3395 4727 3514 4796 τῆς
3563 4727 3740 4780 τινῶν
3770 4725 3959 4790 ὐπολή-

628 4805 852 4859 minime
897 4805 1238 4871 subsistant,
1283 4823 1385 4862 nec
1430 4810 1588 4864 aliter
1639 4829 1802 4884 quam
1847 4823 2209 4886 quorumdam

623 4894 884 4965 opinione
914 4895 1122 4953 docuit.
1161 4895 1332 4953 Nobis
1358 4917 1477 4954 vero
1518 4901 1682 4968 Deus,
1720 4906 1918 4978 inquit,
1947 4927 2083 4965 unus
2109 4923 2210 4980 est,

623 4988 807 5054 nobis,
847 4989 1088 5061 inquam,
1121 4992 1214 5062 qui
1247 4995 1498 5051 veritatis
1522 5013 1716 5053 sumus
1739 5002 2055 5071 cognitione
2077 5021 2210 5075 prae-

622 5081 746 5136 diti.
801 5078 915 5136 Nec
963 5082 1055 5152 qui
1086 5082 1486 5151 appellaretur,
1543 5088 1638 5142 sed
1694 5091 1786 5159 qui
1826 5107 2014 5148 revera
2061 5104 2208 5150 esset

625 5166 791 5254 Dens,
817 5169 1086 5239 adiunxit.
1115 5169 1270 5236 Quod
1298 5173 1344 5227 si
1380 5191 1526 5230 unus
1552 5179 1709 5234 nobis
1738 5189 1824 5234 est
1861 5182 2001 5238 Deus
2022 5224 2036 5247 ,
2080 5186 2199 5256 plu—

625 5274 713 5312 res
741 5261 965 5314 omnino
993 5277 1120 5316 esse
1147 5280 1255 5318 non
1288 5277 1538 5334 possunt.
1569 5269 1795 5328 Accedit
1824 5281 1879 5328 et
1909 5275 2113 5332 Christi
2144 5280 2197 5333 iu

623 5346 915 5417 Evangelio
941 5352 1146 5407 dictum
1181 5355 1314 5408 illud
1345 5372 1357 5407 :
1397 5355 1463 5410 Ut
1498 5375 1886 5430 cognoscant“
1909 5368 2081 5421 solum
2117 5386 2200 5423 rc-

621 5455 740 5492 rum
773 5438 939 5493 Deum
969 5443 1010 5495 ’.
1043 5440 1163 5508 Quo
1197 5445 1504 5503 istiusmodi
1542 5451 1820 5510 hominum
1845 5498 1860 5515 .
1903 5460 1995 5530 qui
2046 5460 2197 5518 ﬁctas

621 5529 858 5599 fabulas,
891 5548 955 5588 ac
980 5536 1336 5606 multiplicem
1355 5539 1696 5599 divinitatem
1722 5529 2016 5605 coumienti
2044 5566 2190 5619 sunt,

699 5689 714 5720 ⁸
749 5685 921 5744 lCor.
958 5704 1074 5755 vm,
1112 5689 1165 5746 5.
1246 5693 1265 5723 '
1293 5689 1450 5750 Joan.
1492 5712 1620 5754 xvu.
1657 5701 1704 5755 '5.

2309 4814 2475 4882 ψεωςο
2518 4814 2692 4884 Ἡμῖν
2727 4813 2817 4880 δὲ,
2843 4816 3029 4886 φησὶν,
3057 4811 3146 4881 εἷς
3173 4803 3369 4884 Θεὸς,
3405 4819 3685 4892 δηλονότι
3717 4822 3830 4883 τοῖς
3869 4817 3960 4884 τὴν

2309 4904 2508 4974 γνῶσιν
2532 4905 2632 4975 τῆς
2661 4905 2918 4976 ἀληθείας
2955 4907 3397 4976 ἐπισταμένοις.
3438 4914 3567 4973 Καὶ
3595 4916 3706 4967 οὐκ
3734 4911 3853 4965 εἷπε
3887 4910 3965 4961 λεν

2308 4999 2538 5070 γόμενον
2567 4997 2722 5063 Θεὸν,
2757 4999 2892 5054 ἀλλά
2924 4998 3051 5051 ὄντα
3081 4998 3240 5052 Θεόν.
3291 5002 3368 5056 Εἰ
3401 5004 3470 5059 δὲ
3519 5009 3668 5079 ἡμῖν
3703 5001 3786 5071 εἷς
3817 5003 3962 5066 Θεὸς.

2307 5092 2495 5146 οὐκέτι
2524 5092 2708 5145 πολλοὶ
2748 5091 2878 5148 θεοί.
2911 5093 3018 5146 Καὶ
3053 5096 3081 5148 ό
3121 5092 3359 5165 Κύριος
3417 5100 3486 5152 ὲν
3525 5102 3612 5173 τῷ
3648 5096 3967 5170 Εὐαγγελίῳ

2307 5184 2502 5256 φησίνθ
2547 5185 2681 5240 Ἵνα
2725 5185 3061 5257 γινώσκωσί
3091 5202 3163 5239 σε
3214 5189 3348 5242 τὸν
3405 5194 3630 5262 μόνον
3674 5189 3966 5262 ἀληθινὸν

2309 5277 2476 5341 Θεὸν,
2517 5277 2603 5332 ἵνα
2634 5277 2912 5350 ἀνατρέψῃ
2941 5279 3040 5350 τὴν
3067 5278 3337 5336 διάνοιαν
3366 5286 3496 5340 τῶν
3530 5288 3608 5342 τὰ
3635 5287 3862 5360 μυθώδη
3898 5284 3969 5336 λε·

2306 5370 2534 5437 γόντων,
2583 5370 2676 5423 καὶ¹
2722 5370 3048 5440 νομιζόντων
3096 5362 3245 5422 εἶναι
3319 5375 3684 5433 πολυθεῖαν.
3722 5373 3819 5441 Εἷς
3865 5373 3968 5443 γὰρ

2306 5461 2460 5532 ἡμῶν
2477 5463 2622 5515 ἐστιν
2642 5465 2670 5516 ὁ
2695 5461 2847 5528 Θεὸς,
2865 5460 3050 5532 Πατὴρ
3081 5459 3174 5513 καὶ
3193 5461 3352 5530 Υἱὸς
3381 5471 3493 5522 καὶ
3520 5472 3695 5542 ἆγιον
3724 5469 3969 5540 Πνεῦμα·

2305 5557 2452 5624 τρεῖς
2482 5553 2828 5620 ὑποστάσεις,
2869 5553 2966 5624 μία
2990 5550 3292 5622 κυριότης,
3325 5558 3442 5627 μία
3485 5560 3724 5634 θεότης,
3766 5561 3864 5634 μία
3894 5558 3975 5611 δο-
