3946 6074
456 158 561 216 3'55

1856 163 1914 221 S.
1955 165 2295 224 EPIPHANII

3602 167 3709 227 556

455 291 548 338 tus
566 289 655 339 est
680 296 887 349 sermo,
910 284 1255 354 nequaquam
1284 282 1387 340 sibi
1411 293 1782 342 consentanea
1803 287 2014 363 loquun

2133 291 2241 344 τῶν
2273 290 2604 345 ἀπατεώνων
2647 292 2835 362 γέγονε
2866 292 3007 348 κατὰ
3043 290 3217 346 πάντα
3259 288 3459 363 τρόπον
3490 290 3586 361 τῆς
3613 306 3708 344 κα-

458 383 582 442 tur;
615 375 711 430 sed
739 377 874 431 alias
902 364 1131 431 ridicula
1161 376 1346 440 verba,
1380 376 1519 431 alias
1549 378 1802 433 maeroris
1836 360 1900 432 ac
1928 379 2029 450 do-

2134 383 2257 447 κίας
2280 386 2314 453 ή
2338 385 2640 455 ύποσπορά.

454 472 585 528 loris
616 471 775 543 plena
804 470 1090 541 proferunt
1130 488 1146 525 :
1179 468 1371 526 eodem
1418 485 1648 539 prorsus
1697 473 1859 528 modo
1907 490 2031 531 sese
2069 476 2225 534 habet
2258 480 2326 533 ab
2366 479 2476 536 illis
2516 481 2908 551 impostoribns
2972 488 3092 535 orta
3160 494 3225 536 ac
3276 486 3571 550 propagata
3621 488 3710 530 ne.

452 566 646 636 quitia.

523 655 607 710 lll.
630 655 734 721 Qui
757 651 978 725 quidem
1003 653 1219 711 stolidis
1246 655 1598 722 testimoniis,
1618 672 1684 713 ac
1700 657 1835 715 visis
1859 658 1915 714 in
1934 659 2031 714 illo

453 763 555 803 suo
603 744 749 817 quod
794 759 911 815 pm
953 759 1015 801 se
1063 743 1264 811 lerunt,
1299 745 1596 821 Evangelio
1635 749 1910 805 nituntur.
1950 750 2031 806 Ita

449 839 592 895 enim
635 836 933 907 inquiunt:
969 835 1037 891 In
1072 837 1242 893 arduo
1276 848 1450 894 monte
1488 843 1854 909 constiteram,
1908 859 2028 898 cum

448 945 564 985 ecce
590 928 738 984 video
778 943 1055 997 procerum
1104 930 1390 995 hominem,
1441 942 1494 987 et
1539 924 1788 988 mutilum
1836 935 2025 992 alium.

451 1021 584 1076 Inde
603 1037 777 1076 rorem
800 1021 1022 1091 tonitrui
1049 1021 1223 1076 instar
1242 1024 1490 1080 exaudio.
1522 1024 1749 1096 Propius
1774 1028 1936 1098 igitur
1958 1030 2028 1083 ad

450 1114 770 1169 audiendum
792 1112 1024 1179 accedo;
1055 1122 1165 1167 tum
1188 1129 1270 1169 me
1299 1114 1437 1169 hunc
1461 1115 1518 1170 in
1547 1116 1760 1172 modum
1782 1129 1862 1173 est
1889 1121 2041 1190 allo-ﬂ

451 1216 606 1261 cutus
633 1222 653 1260 :
686 1204 798 1276 Ego
818 1206 958 1260 idem
987 1222 1106 1260 sum
1147 1222 1211 1260 ac
1247 1215 1326 1271 tu,
1360 1214 1411 1261 et
1452 1216 1509 1261 tu
1547 1208 1684 1264 idem
1715 1220 1870 1283 atque
1899 1229 2027 1281 ego;

446 1308 495 1351 et
520 1296 813 1367 ubicunque
841 1307 896 1350 tu
921 1313 998 1363 es,
1035 1298 1149 1352 illic
1179 1315 1273 1370 ego
1301 1314 1440 1365 sum,
1485 1317 1548 1355 ac
1578 1316 1671 1369 per
1700 1304 1879 1358 omnia
1908 1320 2025 1360 sum

446 1390 739 1458 dispersus.
784 1387 856 1442 Et
902 1388 1245 1459 undecunque
1293 1390 1523 1446 volueris
1561 1408 1642 1447 me
1677 1394 1908 1464 colligis,
1944 1411 2028 1451 me

447 1496 566 1535 vero
593 1478 915 1550 colligendo,
948 1480 1281 1551 temetipsum
1314 1481 1543 1553 colligis.
1579 1483 1624 1540 Ο
1654 1485 1965 1540 doctrinam
1994 1501 2025 1541 ιι

446 1572 785 1643 nequissimo
813 1571 1061 1629 daemone
1096 1573 1437 1645 profectam!
1479 1575 1763 1634 Undenam
1800 1579 2025 1634 humani

444 1664 664 1735 generis
690 1663 914 1736 ingenia
938 1665 1231 1734 pervertit,
1261 1673 1317 1721 et
1343 1666 1410 1720 ad
1435 1668 1660 1734 stolida,
1690 1670 2027 1741 minimeque

443 1762 818 1812 consentanea
851 1770 882 1809 a
915 1745 1088 1812 ve'rbo
1113 1757 1365 1813 veritatis
1392 1758 1668 1830 abripuit?
1694 1759 1841 1817 Nihil
1877 1762 2026 1817 enim

443 1845 841 1917 propemodum
869 1846 941 1911 ei,
965 1847 1062 1917 qui
1094 1855 1279 1903 mente
1300 1832 1474 1919 atque
1498 1849 1790 1920 prudentia
1825 1853 2025 1923 pradi-

445 1948 537 1994 tus
555 1945 665 2003 est,
696 1938 987 2009 Scriptura
1015 1939 1101 1995 vel
1124 1938 1419 2010 exemplis,
1451 1942 1681 1996 autulla
1712 1957 1773 1997 re
1797 1943 1925 2007 alia,
1956 1942 2022 1998 ad

443 2041 542 2082 eos
567 2025 900 2084 relellendos
936 2027 1013 2081 uti
1044 2041 1276 2096 necesse
1304 2034 1409 2083 est.
1446 2025 1729 2099 Siquidem
1760 2040 1908 2086 recta
1932 2047 2019 2086 ra-

442 2119 520 2172 tio
556 2117 790 2174 slolidas
823 2118 1042 2173 illorum
1076 2118 1292 2175 fabulas
1320 2126 1377 2174 et
1404 2118 1801 2175 adulteriorum
1832 2136 1898 2177 ac
1930 2121 2021 2177 lla-

440 2210 699 2280 gitiorum
730 2208 986 2265 libidines
1020 2209 1178 2266 facile
1210 2226 1308 2282 per
1331 2225 1391 2266 se
1424 2212 1542 2281 ipsa
1571 2211 1865 2283 dignoscit.
1897 2212 2025 2271 Haec

441 2300 608 2371 igitur
633 2308 800 2370 atque
826 2300 914 2356 his
933 2300 1134 2355 similia
1156 2304 1452 2359 commenti
1479 2302 1747 2370 Gnostici,
1776 2305 1869 2375 qui
1896 2321 2021 2361 cum

439 2390 649 2446 Nicolai
684 2401 835 2451 secta
862 2392 1145 2466 conjuncti
1177 2401 1306 2450 sunt
1339 2409 1369 2448 a
1396 2395 1626 2450 veritate
1656 2396 2019 2466 exciderunt;

440 2500 542 2539 nec
571 2499 763 2541 eorum
791 2456 1079 2549 dun‘taxat,
1107 2486 1309 2556 quibus
1340 2503 1583 2543 errorem
1608 2498 2020 2560 persuaserunt,

439 2574 812 2647 depravarunt
865 2569 1121 2649 ingenia;
1172 2577 1270 2634 sed
1325 2588 1380 2636 et
1423 2579 1638 2636 animos
1681 2594 2023 2651 corporaque

438 2669 642 2739 pariter
671 2669 954 2727 adulteriis
985 2684 1048 2725 ac
1084 2671 1412 2740 promiscum
1441 2670 1652 2727 libidini
1684 2672 1938 2729 servilem
1964 2674 2019 2727 in

439 2760 660 2816 modum
708 2759 1080 2831 subiecerunt.
1123 2762 1340 2818 Etenim
1370 2777 1501 2819 suos
1536 2764 1687 2834 ipsos
1716 2773 2020 2822 conventus

438 2850 760 2922 multiplicis
795 2866 858 2906 ac
896 2852 1198 2921 promiscui
1237 2855 1568 2913 concubitus
1615 2855 1859 2911 foeditate
1895 2871 2023 2912 con-

2202 658 2276 714 l".
2350 658 2656 731 Ὀρμῶνται
2705 660 2763 714 δὲ
2813 660 2921 714 ἀπὸ
2974 658 3553 732 μωρῶν.μαρτυριῶν
3621 662 3712 715 καὶ

2128 749 2403 805 όπτασιῶν
2440 752 2498 804 ὲν
2520 743 2565 819 ᾧ
2600 751 2917 823 Εὑαγγελίῳ
2946 751 3395 821 ἐπαγγέλλονται.
3439 751 3711 805 Φάσκουσι

2128 842 2239 915 γὰρ
2263 840 2455 907 οὔτως,
2490 843 2572 896 ὅτι
2604 845 2836 912 "Eatur
2858 842 2958 897 ἐπὶ
2990 842 3162 912 ὅρους
3196 842 3464 911 ὑψηλοῦ,
3493 842 3594 896 καὶ
3633 838 3716 895 εἲ-

2127 932 2238 987 der
2266 934 2580 1003 ἄνθρωπον
2619 934 2874 1004 μακρὸν,
2921 935 3017 988 καὶ
3050 934 3247 989 ἄλλον
3278 933 3573 988 κολοϐόν·
3613 933 3709 987 καί

2135 1024 2377 1094 ἤκουσα
2412 1024 2556 1080 ὡσεί
2612 1024 2826 1097 φωνὴν
2863 1024 3153 1094 βροντῆς,
3199 1025 3300 1080 καὶ
3339 1025 3565 1095 ἢγγισα
3604 1023 3712 1079 τοῦ

2128 1116 2411 1181 ἀκοῦσαι,
2475 1117 2577 1171 καὶ
2634 1118 2903 1185 ἐλάλησε
2952 1118 3104 1186 πρὸς
3162 1118 3263 1188 μὲ,
3322 1120 3421 1173 καὶ
3489 1114 3662 1173 εἶπεν
3688 1132 3701 1147 ο

2139 1204 2290 1274 Ἐγὼ
2317 1205 2420 1271 σὺ,
2471 1206 2568 1261 καί
2611 1206 2881 1277 σὺ“ἐγτί›.
2932 1209 3043 1262 Καὶ
3092 1208 3245 1264 ὅπου
3285 1209 3395 1262 ἐὰν
3457 1202 3555 1279 ᾖς,
3597 1206 3711 1279 ἐγὼ

2126 1296 2404 1367 mrem,
2453 1298 2548 1353 καί
2589 1298 2660 1353 ἐν
2706 1299 2939 1355 ἅπασίν
2988 1302 3106 1370 ειμι
3158 1299 3556 1369 ἐσπαρμένος.
3599 1299 3710 1353 Kal

2128 1388 2267 1444 ὅθεν
2322 1388 2432 1443 ἐὰν
2493 1390 2674 1459 θέλῃς
2734 1391 3057 1463 συλλέγεις
3101 1409 3180 1462 με
3284 1392 3385 1462 ἐμὲ
3430 1391 3499 1445 δὲ
3556 1394 3711 1446 συλι

2132 1480 2348 1550 λέγων,
2410 1480 2630 1536 ἑαυτὸν
2685 1483 3029 1554 συλλέγεις.
3090 1486 3202 1539 Καὶ
3229 1483 3272 1537 ὢ
3318 1485 3419 1555 τῆς
3452 1482 3546 1537 τοῦ
3593 1483 3713 1537 δια·
3815 1563 3818 1566 γ

2132 1567 2287 1622 δόλου
2334 1569 2679 1643 ύποσπορᾶςί
2709 1571 2880 1626 Πόθεν
2924 1572 3015 1625 τὸν
3043 1572 3167 1627 νοῦν
3191 1573 3445 1644 ἐξέτρεψε
3472 1573 3577 1643 τῆς
3615 1574 3713 1627 ἀν-

2128 1654 2494 1730 θρωπότητος,
2519 1659 2614 1713 καὶ
2635 1661 2713 1723 είς
2742 1659 2899 1730 μωρὰ
2915 1661 3007 1714 καὶ
3025 1661 3304 1716 ἀσύστατα
3337 1664 3714 1734 περιέσπασεν

2126 1749 2347 1805 ἀπὸτοῦ
2380 1750 2538 1819 λόγου
2600 1751 2702 1822 τῆς
2747 1752 3039 1825 siquem;
3076 1754 3189 1808 Οὐκ
3218 1754 3332 1807 ἐστι
3374 1753 3485 1826 γὰρ
3524 1754 3714 1824 σχεδὸν

2124 1840 2202 1911 τῷ
2235 1840 2357 1894 νοῦν
2380 1840 2555 1913 ἔχοντι
2572 1843 2731 1915 χρεία
2753 1844 2861 1897 ἀπὸ
2885 1841 3109 1916 Γραφῆς
3133 1844 3166 1916 ἢ
3196 1845 3304 1898 ἀπὸ
3327 1844 3714 1918 παραδειγμάτ

2124 1948 2251 1993 των,
2283 1930 2316 2002 ἦ
2348 1931 2536 2003 ἐτέρου
2558 1931 2702 1996 τινὸς
2733 1933 3057 2005 πράγματος
3086 1932 3356 1987 ποιεῖσθαι
3379 1932 3588 1987 τούτων
3609 1934 3715 2004 τὴν

2124 2025 2459 2095 ἀνατροπὴν.
2485 2024 2575 2096 Τῷ
2594 2024 2703 2098 γὰρ
2729 2026 2873 2100 ὀρθῷ
2893 2025 3140 2099 λογισμῷ
3161 2024 3382 2097 εῦδηλος
3401 2026 3583 2079 αὐτῶν
3614 2027 3713 2079 καὶ
3756 2042 3757 2045 ‘

2125 2118 2352 2191 φωρατὴ
2383 2121 2417 2189 ἡ
2449 2119 2547 2190 τῆς
2578 2119 2916 2197 μωρολογίας
2964 2119 3396 2194 δραματουργία,
3443 2118 3538 2172 καὶ
3583 2136 3714 2190 μοι·
3810 2180 3817 2187 .

2122 2209 2234 2281 χῶν
2259 2210 2511 2281 ἐργασία.
2553 2211 2739 2266 Ταῦτά
2771 2229 2853 2266 τοι
2896 2212 2992 2268 καὶ
3027 2214 3098 2268 τὰ
3121 2212 3349 2289 τοιαῦτα
3378 2210 3716 2283 εἰσηγούμε-

2123 2318 2202 2354 νοι
2228 2301 2278 2353 οἱ
2308 2301 2453 2372 ἀμφὶ
2480 2301 2581 2375 τὴν
2620 2293 2821 2371 γνῶσιν
2864 2303 3282 2377 συνεζευγμένοι
3312 2308 3378 2378 τῇ
3404 2304 3500 2359 τοῦ
3544 2306 3715 2359 Νικο-

2121 2393 2252 2449 λάου
2283 2394 2514 2467 αἱρέσει,
2554 2398 2652 2467 τῆς
2683 2396 2939 2468 ἀληθείας
2954 2398 3418 2464 ηηὲκπεπτώκασιν,
3448 2399 3510 2452 ού
3546 2400 3714 2471 μόνον

2120 2487 2212 2542 τὸν
2238 2487 2362 2542 νοῦν
2389 2487 2498 2543 τῶν
2550 2489 2881 2545 πεισθέντων
2919 2492 3109 2555 αὐτοῖς
3151 2491 3535 2564 ἐκτρέψαντες,
3571 2492 3715 2547 ἀλλὰ

2121 2577 2217 2632 καὶ
2243 2577 2311 2634 τὰ
2341 2578 2567 2651 σώματα
2597 2581 2689 2635 καὶ
2723 2580 2822 2647 τὰς
2854 2570 3031 2654 ψυχὰς
3075 2581 3441 2645 δουλώσαντες
3477 2581 3714 2654 πορνεία

2121 2667 2217 2721 καὶ
2261 2667 2574 2739 πολυμιξίξι.
2633 2669 2812 2742 Αὐτὴν
2846 2670 2955 2742 γὰρ
2992 2670 3091 2744 τὴν
3146 2671 3368 2737 σύναξιν
3406 2672 3591 2725 αὐτῶν
3647 2673 3715 2725 ἐν

2118 2758 2440 2829 αίσχρότητι
2500 2758 2824 2830 πολυμιξίας
2874 2760 3154 2833 φύρουσιν,
3217 2760 3465 2825 ἔσθοντες
3508 2778 3568 2815 τε
3611 2752 3713 2815 καὶ

2119 2849 2554 2921 παραπτόμενοι,
2594 2850 2690 2906 καὶ
2757 2852 3115 2922 ἀνθρωπίνων
3165 2853 3383 2926 σαρκῶν
3433 2853 3528 2909 καὶ
3562 2855 3711 2908 ﬁxa.-

438 2943 744 3010 tamiuant;
791 2942 885 2997 ubi
916 2950 972 2997 ct
1014 2942 1272 3025 humanis
1318 2944 1601 3011 carnibus,
1658 2956 1709 3002 et
1758 2947 2014 3018 turpissi-

2121 2942 2389 3016 θαρσιῶν·
2429 2942 2505 3007 ὡς
2540 2943 2665 2998 οὔτε
2695 2944 2953 3017 τολμήσω
2996 2945 3057 2999 τὸ
3086 2948 3193 3001 πᾶν
3240 2948 3498 3013 ἐξειπεῖν.
3527 2949 3580 3001 εί
3633 2950 3711 3021 μή

437 3034 542 3088 mis
574 3033 834 3090 sordibus
881 3041 1202 3089 vescuntur.
1261 3033 1394 3101 Quae
1422 3037 1646 3091 omnino
1681 3052 2017 3095 commemo-

436 3140 559 3179 rare
607 3140 717 3180 non
770 3124 967 3192 audeo,
1012 3126 1119 3180 nisi
1163 3141 1249 3182 me
1292 3126 1473 3200 aliqua
1529 3126 1766 3187 fortasse
1818 3144 2015 3187 neces-

435 3215 572 3270 sitas
628 3215 907 3286 impulerit
953 3231 968 3271 :
1027 3216 1101 3271 ita
1165 3232 1254 3273 me
1321 3218 1490 3273 animi
1549 3220 1655 3277 mei
1720 3220 2016 3279 vehemens

436 3296 658 3379 quidam
693 3309 853 3365 dolor
875 3309 950 3365 ob
972 3324 1036 3365 ea
1068 3324 1192 3380 quae
1229 3310 1320 3365 isti
1357 3325 1642 3382 perperam
1666 3320 1866 3382 gerunt
1893 3321 2014 3369 stu-

436 3417 568 3472 pore
612 3402 855 3459 deﬁxum
901 3402 1111 3457 detinet
1139 3438 1174 3468 ,-
1222 3401 1358 3479 illud
1416 3417 1749 3473 magnopere
1806 3404 2015 3460 miran-

435 3502 566 3557 tem,
600 3500 863 3562 quautam
898 3491 954 3547 in
989 3491 1257 3546 malorum
1291 3491 1639 3562 gravitatem,
1688 3507 1755 3547 ac
1786 3493 2015 3564 profun-

433 3584 562 3643 dam
609 3581 926 3652 voraginem
972 3581 1224 3639 diabolus
1278 3583 1403 3639 illos
1435 3571 1713 3649 immittat,
1772 3585 1866 3655 qui
1904 3586 2011 3642 sibi

433 3673 641 3731 fuerint
681 3671 964 3738 obsecuti;
997 3671 1133 3728 adeo
1166 3679 1226 3727 ut
1264 3688 1458 3730 eorum
1497 3680 1711 3733 mentes
1735 3682 1792 3732 et
1817 3674 2009 3743 corda,

433 3780 667 3831 manus,
719 3779 853 3833 ora,
914 3778 1259 3835 corporaque
1321 3766 1529 3837 pariter
1579 3775 1741 3838 atque
1796 3768 2010 3827 animos

427 3858 539 3930 85
566 3857 834 3929 inquinet,
851 3872 991 3928 quos
1011 3856 1065 3915 in
1085 3858 1252 3917 tantis
1275 3859 1517 3916 tenebris
1548 3859 1795 3917 irretitos
1822 3868 2011 3919 tenere

430 3951 691 4021 potuerit.
727 3949 833 4007 Sed
863 3949 998 4007 illud
1032 3964 1251 4015 vereor,
1284 3966 1351 4007 ne
1393 3951 1476 4007 sic
1510 3960 1677 4008 totam
1719 3953 1867 4009 illam
1907 3969 2007 4025 pe-

428 4045 800 4103 stilentissimi
861 4043 1054 4100 veneni
1110 4044 1220 4100 vim
1270 4046 1431 4116 quasi
1479 4046 1652 4116 reguli
1711 4047 2004 4118 cujusdam

429 4138 621 4194 faciem
672 4137 948 4208 aperiens,
996 4136 1070 4191 ita
1124 4135 1396 4208 detegam,
1439 4145 1499 4192 ut
1545 4138 1613 4193 ad
1657 4154 1849 4193 eorum
1909 4140 2004 4210 qni

426 4228 543 4284 hzrc
570 4235 761 4284 nostra
791 4228 972 4298 legent
996 4224 1293 4297 perniciem
1344 4226 1696 4298 potiusqnam
1727 4227 1795 4282 ad
1817 4220 2029 4283 einen?

2116 3050 2171 3087 τι
2195 3033 2599 3107 ἁναγκασθείην
2633 3034 2720 3089 διὰ
2757 3035 2857 3109 τὴν
2885 3036 3190 3110 ὑπερϐολὴν
3235 3037 3335 3108 τῆς
3363 3038 3421 3091 ἂν
3443 3032 3571 3109 ἐμοὶ
3613 3041 3713 3095 ἁλ-

2117 3121 2320 3194 γούσης
2345 3123 2581 3188 διανοίας
2636 3126 2764 3197 περὶ
2802 3125 2912 3180 τῶν
2943 3126 3192 3199 ματαίως
3223 3126 3316 3180 ὑπ’
3344 3126 3524 3180 αὐτῶν
3556 3144 3711 3197 γινο⁴

2118 3214 2295 3285 μένων
2323 3214 2780 3288 ἐκπληττόμενος,
2809 3219 2887 3282 είς
2925 3213 3035 3273 οἷον
3066 3219 3228 3288 ὄγκον
3259 3218 3354 3272 καὶ
3383 3218 3574 3272 κακῶν
3607 3221 3714 3291 βυσο

2116 3298 2206 3352 θὸν
2265 3300 2293 3352 ὁ
2335 3300 2528 3373 ἐχθρὸς
2572 3302 2681 3357 τῶν
2738 3304 3040 3377 ἀνθρώπων
3100 3306 3343 3371 διάϐολος
3404 3306 3528 3378 ἄγει
3574 3310 3711 3375 τοὺς

2113 3390 2264 3463 αὑτῷ
2292 3392 2649 3464 πειθομένους
2677 3412 2692 3426 ·
2727 3394 2868 3450 ὥστε
2889 3399 3109 3469 -μιᾶναι
3140 3398 3234 3452 καὶ
3263 3399 3407 3466 νοῦν,
3433 3399 3529 3454 καὶ
3561 3417 3709 3474 καρ-

2111 3480 2252 3546 δίαν,
2279 3483 2372 3537 xei
2389 3486 2596 3557 χεῖρας,
2624 3486 2717 3540 καὶ
2732 3487 2995 3559 στόματα,
3017 3488 3111 3542 καὶ
3128 3488 3378 3560 σώματα,
3403 3490 3497 3544 καὶ
3518 3490 3712 3563 ψυχὰς

2111 3574 2315 3630 τούτων
2348 3575 2455 3629 τῶν
2491 3577 2581 3630 ὑπ’
2612 3577 2776 3632 αὐτοῦ
2824 3580 2882 3634 ὲν
2924 3582 2990 3651 τῇ
3021 3580 3259 3655 τοσαύτῃ
3294 3578 3557 3636 σκοτώσει
3600 3601 3715 3638 πα-

2111 3664 2485 3733 γιδευθέντων.
2515 3666 2674 3721 Δέδια
2701 3667 2757 3721 δὲ
2801 3671 2874 3741 μή
2920 3687 2996 3741 πη
3028 3671 3136 3742 ἄρα
3166 3671 3257 3725 τὸν
3299 3671 3476 3742 μέγαν
3507 3672 3710 3726 τοῦτον

2109 3757 2228 3810 ὅλον
2293 3758 2369 3813 ἰὸν
2422 3759 2834 3832 ἀποκαλύψαιμι
2863 3802 2878 3826 ,
2934 3760 3149 3834 ὥσπερ
3178 3761 3491 3834 βασιλίσκω
3551 3766 3714 3828 τινὸς

2107 3845 2283 3916 ὄφεως
2305 3847 2367 3903 τὸ
2391 3848 2679 3922 πρόσωπον
2699 3892 2715 3916 ,
2748 3851 2828 3915 εἰς
2856 3848 3033 3923 λύμην
3061 3851 3261 3923 μᾶλλον
3286 3851 3395 3906 τῶν
3424 3853 3708 3926 ἐντυγχα-

2108 3937 2305 3993 νόντων
2330 3940 2475 4012 ἥπερ
2502 3942 2582 4006 εἰς
2613 3940 2895 4013 διόρθωσιν
2919 3960 2932 3974 ο
2960 3945 3170 4014 χραίνει
3201 3943 3299 4016 μὲν
3335 3944 3442 4017 γὰρ
3469 3946 3542 3999 τὰ
3582 3941 3711 4002 ὦτα.

2106 4030 2379 4103 ἀληθῶςὴ
2419 4034 2519 4104 τῆς
2571 4034 2811 4105 μεγάλης
2848 4035 3052 4107 τόλμης
3099 4034 3415 4109 βλάσφημος
3442 4055 3707 4109 cavoque-

2105 4122 2204 4196 γὴ,
2241 4126 2335 4179 καὶ
2364 4125 2464 4197 τῆς
2489 4120 2842 4198 αἰσχρότητος
2867 4126 3009 4199 αῦτη
3037 4127 3269 4201 συλλογὴ
3291 4147 3351 4182 τε
3378 4131 3473 4184 καὶ
3500 4130 3711 4206 διήγη-

2106 4231 2190 4279 σις
2213 4257 2228 4282 ,
2254 4217 2347 4270 καὶ
2376 4218 2409 4287 ή
2434 4217 2534 4287 τῆς
2560 4218 2901 4290 ἀγυρτώδους
2933 4221 3321 4293 αἰσχρουργίας
3347 4222 3710 4298 βορϐορώδης

425 4320 704 4375 dationem
734 4318 1024 4375 redundet.
1060 4315 1343 4389 Siquidem
1383 4319 1467 4376 vel
1504 4334 1667 4376 aures
1702 4320 1853 4390 ipsas
1883 4319 1996 4390 polo

2116 4308 2382 4364 κακόνοια.
2412 4310 2571 4382 Παρὰ
2606 4328 2716 4364 τισι
2759 4311 2817 4364 δὲ
2862 4312 3019 4381 φύσει
3061 4314 3410 4387 Βορϐοριανοὶ
3448 4315 3568 4388 (7'5)
3603 4335 3710 4372 κα-

426 4414 529 4469 luit
552 4420 666 4467 tam
696 4411 925 4468 inﬁnitae
964 4413 1211 4470 audacia
1249 4415 1304 4469 in
1335 4413 1585 4469 divinum
1614 4427 1819 4468 numen
1864 4426 2001 4467 con-

427 4503 718 4561 tumeliosa
749 4505 957 4570 series;
995 4520 1060 4561 ac
1093 4506 1180 4561 vel
1209 4506 1328 4562 sola
1359 4503 1608 4560 narratio
1637 4502 2000 4574 turpitudinis

423 4598 626 4670 ipsius,
650 4605 706 4653 et
729 4597 1131 4655 sordidissima
1151 4595 1415 4652 fmditatis
1442 4611 1507 4650 ac
1537 4596 1818 4651 lutulentae
1845 4594 2000 4668 ﬂagi.

420 4692 566 4747 tiosa
593 4690 754 4745 ratio.
789 4687 932 4744 Hinc
971 4696 1057 4744 est
1089 4687 1236 4759 quod
1269 4702 1300 4742 a
1332 4686 1616 4743 nonnullis
1646 4688 1787 4743 scite
1816 4687 2000 4743 admo-

420 4765 553 4837 dum
586 4779 926 4847 Borboriani,
968 4780 1073 4835 hoc
1114 4786 1200 4836 est
1241 4779 1436 4833 cmnost'
1469 4778 1852 4845 nominantur;
1888 4780 1985 4837 alii

417 4872 735 4930 Coddianos
768 4879 986 4928 vocant.
1036 4869 1132 4927 Est
1164 4870 1310 4926 enim
1350 4867 1527 4924 codda
1576 4867 1719 4924 idem
1765 4867 1994 4941 Syriace

416 4965 563 5037 quod
609 4963 876 5033 paropsis,
923 4971 1020 5019 aut
1069 4963 1281 5018 catinus
1319 4977 1338 5017 :
1379 4977 1481 5034 pro
1520 4976 1587 5018 eo
1630 4960 1776 5031 quod
1830 4977 1994 5017 nemo

415 5057 698 5112 communi
725 5072 849 5111 cum
877 5057 985 5113 illis
1015 5057 1093 5112 uti
1134 5057 1259 5112 cibo
1292 5055 1504 5125 possit;
1546 5052 1641 5109 sed
1670 5053 1993 5124 _separatim

416 5147 806 5201 contaminatis
842 5148 951 5202 illis
982 5149 1186 5218 apponi
1218 5148 1393 5203 soleat
1429 5164 1444 5202 :
1476 5161 1658 5218 neque
1691 5146 1989 5216 quisquam

415 5238 489 5295 ob
510 5254 704 5294 eorum
741 5239 1059 5310 spurcitiem
1089 5240 1175 5294 vel
1200 5253 1343 5304 pane
1367 5253 1493 5294 cum
1523 5238 1635 5294 illis
1660 5237 1811 5295 vesci
1834 5251 1956 5293 com
1973 5242 2022 5276 -'

487 5390 799 5464 (Ἰὼ-Ποιρᾴ
828 5405 949 5444 τισι
979 5390 1049 5464 δὲ
1075 5392 1263 5464 φύσει,
1288 5394 1690 5464 Βορόοριανοὶ.
1730 5393 1986 5449 Theodo-

415 5460 955 5524 ret'us'Barbeliotas,
999 5460 1114 5516 sive
1146 5460 1513 5519 Borborianos
1545 5475 1728 5520 certos
1763 5464 1986 5519 haereti-

402 5540 509 5590 °cos
527 5534 827 5604 separatim
853 5539 1141 5604 memorat,
1175 5547 1314 5604 quos
1346 5542 1401 5589 et
1424 5523 1717 5599 Naasinos,
1745 5542 1801 5604 et
1831 5534 1985 5589 Stra-

320 5670 325 5673 μ
413 5600 653 5674 ιὶοιὶοόε,
686 5613 743 5660 et
769 5600 1112 5659 Phibionitas
1140 5600 1394 5675 appellat,
1434 5618 1557 5674 quae
1587 5611 1717 5661 sunt
1749 5602 1977 5660 Gnosti-

2108 4396 2324 4452 λοῦνται
2344 4415 2356 4428 ³
2388 4400 2566 4472 ἕτεροι
2601 4400 2657 4455 δὲ
2686 4402 3008 4468 Κοδδιανοὺς
3044 4405 3240 4471 αὐτοὺς
3269 4406 3705 4477 ἐπιφημίζουσι.

2107 4489 2281 4544 Κοδδὰ
2296 4491 2406 4564 γὰρ
2427 4491 2640 4562 λέγεται
2669 4493 2808 4549 κατὰ
2827 4496 2926 4568 τὴν
2943 4496 3216 4568 Συριακὴν
3239 4497 3521 4552 διάλεκτον
3551 4515 3710 4572 παρα

2105 4582 2350 4656 animi}
2409 4586 2729 4652 τρυϐλίον,
2789 4586 2898 4640 ἀπὸ
2942 4587 3035 4643 τοῦ
3094 4588 3169 4659 μὴ
3221 4588 3480 4644 δύνασθαί
3539 4610 3710 4657 τινας

2106 4676 2222 4745 μετ’
2258 4674 2435 4728 αὐτῶν
2463 4674 2690 4730 ἐσθίεινο
2721 4680 2840 4732 κατ’
2870 4679 3005 4733 ἰδίαν
3031 4679 3086 4733 δὲ
3128 4684 3242 4743 τοῖς
3266 4684 3710 4754 ,μεμιαμμένοις

2100 4765 2334 4820 δίδοσθαι
2356 4765 2427 4821 τὰ
2459 4766 2745 4840 βρώματα,
2772 4770 2865 4824 καὶ
2897 4772 2971 4841 μή
3007 4762 3129 4824 τινα
3161 4750 3420 4826 δύνασθαι
3455 4750 3565 4825 σῦν
3601 4776 3711 4828 αὺ-

2100 4864 2212 4924 τοῖς
2241 4860 2328 4915 διὰ
2363 4862 2455 4916 τὸν
2486 4863 2758 4935 μολυσμὸν
2792 4865 2895 4919 κᾶν
2927 4866 3090 4939 ἄρτον
3124 4866 3441 4920 συνεσθίειν.
3472 4868 3589 4921 Διά
3613 4886 3709 4922 τοι

2100 4952 2256 5008 τοῦτο
2300 4955 2715 5028 ἀφωρισμένους
2745 4958 2969 5023 τούτους
3016 4957 3309 5031 ἡγούμενοι
3349 4959 3399 5012 οἱ
3431 4961 3708 5031 συμμέτ-

2097 5063 2234 5100 οικοι
2280 5046 2603 5112 Κοδδιανοὺς
2650 5050 3025 5121 ἐπωνόμασαν.
3062 5050 3125 5103 Οἱ
3173 5049 3325 5102 αὐτοὶ
3360 5048 3417 5101 δὲ
3466 5051 3532 5103 ὲν
3600 5053 3709 5105 Al-

2095 5139 2287 5212 γύπτῳ
2330 5142 2720 5211 Στρατιωτικοὶ
2762 5142 3051 5196 καλοῦνται
3084 5144 3177 5196 καί
3214 5142 3536 5196 Φιὸιωνίτσιι
3559 5183 3577 5207 ,
3622 5146 3707 5210 rb;

2094 5232 2206 5287 ἄνω
2224 5249 2313 5304 μοι
2336 5234 2392 5286 ὲν
2411 5231 2567 5303 μέρει
2592 5233 2859 5287 λέλεκται.
2889 5231 3043 5297 Τινὲς
3071 5232 3128 5286 δὲ
3156 5233 3354 5296 αὐτοὺς
3373 5233 3706 5304 Ζακχαίους

2092 5404 2283 5445 corum
2324 5390 2608 5446 vocabula.
2658 5390 2814 5461 Quod
2870 5389 2938 5444 ad
2994 5405 3181 5447 vocem
3236 5388 3433 5446 attinet
3478 5392 3704 5461 κοδδὰ,

2092 5467 2284 5516 notant
2323 5469 2513 5547 πετριε)
2551 5476 2673 5518 esse
2715 5459 3025 5533 scutellam.
3070 5461 3150 5516 vel
3181 5467 3451 5516 craterem
3504 5459 3704 5520 testa-'-

2090 5568 2266 5609 ceum.
2294 5551 2432 5627 [Vox
2458 5560 2639 5610 autem
2662 5561 2745 5609 est
2773 5553 3091 5611 Cbaldalca.
3117 5552 3308 5627 Ειιιτ.]
