3980 6078
521 402 622 463 559

1863 404 1920 460 S.
1965 401 2102 459 EPIF

2208 403 2304 460 .Nll
3633 392 3719 450 διο

523 543 645 583 nem
689 527 978 584 collectum
1025 541 1133 582 una
1170 541 1363 583 omnes
1410 525 1730 583 absorbent.
1776 527 1956 601 A_tque
2001 527 2091 583 hic

2208 527 2346 583 ττοῦ.
2399 524 2671 590 Ὡσαύτως
2697 525 2754 580 δὲ
2800 524 2894 578 καὶ
2940 524 3001 578 τὸ
3039 522 3148 578 ἀπὸ
3174 521 3277 592 τῆς
3324 514 3724 601 γυναικδς,ὃταν

521 623 628 682 est,
661 616 939 688 inquiunt,
969 615 1194 687 sanguis
1227 613 1452 674 Christi.

2198 618 2420 690 γένηται
2474 615 2644 689 αὐτὴν
2697 614 2948 685 γενέσθαι
2991 615 3050 668 ἐν
3089 611 3242 685 ῥύσει
3288 609 3384 665 τοῦ
3414 598 3650 680 αἵματος,
3677 604 3728 658 τὸ

523 710 854 801 καταμήνιξν
892 708 1154 779 συναχθὲν
1202 711 1338 785 αὐτῇ
1388 712 1525 787 αἷμα
1578 715 1676 787 τῆς
1730 711 2088 783 ἀκαθαρσίας,
2126 708 2385 772 ὡσαύτως
2413 707 2665 772 λαϐόντες
2689 709 2842 778 κοινῇ
2878 705 3137 760 ἐσθίουσι.
3173 703 3285 801 Kal.
3344 700 3521 765 τοῦτο,
3576 697 3728 767 φασὶν,

522 800 638 851 ἐστι
666 798 727 851 τὸ
754 792 893 869 αῗμι
920 797 1015 851 τοῦ
1036 800 1293 872 Χριστοῦ.

596 882 660 939 ν.
702 884 997 957 Propterea
1031 890 1087 944 in
1123 888 1452 964 apocryphis
1499 894 1726 965 legunt:
1770 891 1891 947 Vidi
1936 890 2094 945 arbo-

524 989 634 1028 rem
662 966 1189 1048 duodecim'fruclus
1223 984 1506 1053 quotannis
1540 984 1815 1054 ferentem,
1853 991 1904 1037 et
1955 980 2096 1035 dixit

525 1068 656 1122 mihi
680 1084 700 1122 :
723 1070 837 1122 Hoc
868 1078 947 1123 est
980 1070 1182 1141 lignum
1222 1074 1362 1129 ritw.
1401 1073 1644 1145 ldipsum
1691 1076 1761 1128 de
1797 1070 2096 1127 menstruis

526 1159 815 1214 mulierum
851 1160 1137 1230 prolluviis
1175 1164 1627 1236 interpretantur.
1662 1164 1933 1221 Caeterum
1967 1175 2093 1217 cum

528 1247 674 1304 inter
704 1264 826 1305 sese
858 1248 1127 1306 Venerem
1160 1261 1470 1318 exerceant,
1505 1252 1617 1323 87
1667 1252 1874 1307 liberos
1912 1257 2093 1304 tamen

527 1341 808 1410 suscipere
837 1343 1148 1411 prohibent.
1192 1342 1314 1399 Non
1359 1342 1505 1398 enim
1550 1342 1719 1414 prolis
1762 1341 1968 1405 studio,
2000 1337 2097 1394 sed

529 1438 590 1485 ut
620 1431 831 1486 libidini
854 1447 970 1488 sure
998 1433 1262 1499 serviant,
1297 1433 1349 1488 ei
1398 1431 1728 1509 corruptela:
1770 1436 1990 1486 vacant.
2015 1424 2097 1480 lta

462 1574 471 1582 .
529 1524 747 1581 miseris
800 1524 1113 1581 hominibus
1157 1524 1410 1588 diabolus
1466 1524 1669 1589 illudit,
1724 1530 1780 1577 ct
1821 1538 1961 1592 opus
2007 1517 2100 1574 Dei

529 1615 817 1672 fraudibus
844 1617 960 1673 suis
1000 1616 1336 1687 implicatum
1369 1632 1468 1688 per
1505 1615 1801 1671 ludibrium
1835 1613 2096 1669 traducit.

528 1705 768 1763 Proinde
800 1707 882 1762 sic
914 1706 1131 1762 libidini
1177 1705 1529 1763 satisfaciunt
1571 1721 1706 1769 suae,
1753 1712 1811 1758 ut
1842 1703 2101 1773 impuris-

2270 884 2344 937 E'.
2377 882 2468 936 Διὸ
2517 881 2612 936 καὶ
2657 881 2715 933 ἐν
2770 878 3110 950 ἀποκρύφοις
3149 874 3627 946 ἀναγινώσκοντες,
3665 876 3735 929 ὅτι

2197 970 2380 1031 Εἶδον
2406 971 2659 1042 δένδρον
2678 970 2862 1042 φέρον
2883 969 3116 1026 δώδεκα
3142 968 3409 1039 καρποὺς
3433 966 3536 1022 τοῦ
3568 968 3737 1022 ἐνιαυ-

2196 1068 2304 1122 τοῦ
2324 1084 2337 1099 ·
2369 1066 2467 1121 καὶ
2493 1063 2625 1119 ante
2644 1079 2774 1135 μοι·
2806 1063 2987 1118 Τοῦτό
3008 1062 3141 1116 ἐστι
3168 1061 3234 1115 τὸ
3259 1060 3452 1126 ξύλον
3473 1058 3574 1128 τῆς
3595 1056 3736 1127 ζωῆς,

2196 1157 2224 1213 δ
2254 1158 2409 1213 αὐτοὶ
2453 1153 2843 1229 ἀλληγοροῦσιν
2888 1155 2967 1218 είς
2995 1154 3096 1225 τὴν
3136 1151 3279 1207 κατὰ
3312 1152 3456 1224 μῆνα
3487 1150 3740 1223 γινομένην

2199 1250 2518 1321 γυναικείαν
2580 1249 2755 1321 ῥύσιν.
2829 1246 3167 1317 Μισγόμενοι
3229 1242 3286 1297 δέ
3356 1244 3477 1314 μετ’
3535 1241 3744 1314 ἀλλήλων

2200 1341 2540 1396 τεκνοποιίαν
2567 1338 3015 1413 ἀπαγορεύωσιν.
3042 1335 3117 1390 Οὐ
3142 1332 3251 1406 γὰρ
3274 1336 3355 1397 είς
3383 1332 3443 1387 τὸ
3468 1331 3747 1406 τεκνοποιῆ-

2210 1452 2300 1489 σαι
2328 1433 2457 1505 παρ’
2490 1434 2733 1505 αύτοῖςή
2767 1430 2945 1505 φθορὰ
3003 1429 3398 1494 ἐσπούδασται,
3446 1427 3554 1482 ἀλλ’
3579 1428 3748 1500 ἡδονῆς

2207 1527 2368 1599 χάριν
2386 1568 2402 1592 ,
2429 1525 2524 1580 τοῦ
2552 1524 2795 1586 διαϐόλου
2828 1523 3186 1596 ἐμπαίζοντος
3229 1523 3341 1585 τοῖς
3368 1521 3641 1587 τοιούτοις,
3666 1521 3750 1574 καὶ

2205 1616 2695 1690 καταχλευάζοντος
2725 1617 2786 1671 τὸ
2825 1618 2888 1670 ἐκ
2920 1615 3054 1669 Θεοῦ
3087 1615 3313 1686 πλάσμα
3344 1613 3747 1685 πεπλανημένον.

2220 1712 2378 1765 Ἀλλά
2409 1712 2508 1783 τὴν
2543 1710 2642 1783 μὲν
2680 1709 2871 1783 ἡδονὴν
2919 1707 3258 1762 ἐπιτελοῦσιν
3280 1748 3296 1772 ,
3340 1709 3420 1771 εἰς
3453 1707 3661 1769 ἑαυτοὺς
3701 1703 3753 1758 δὲ

530 1798 731 1852 simum
769 1812 957 1853 semen
1002 1798 1055 1852 in
1087 1799 1301 1868 seipsos
1331 1796 1619 1868 recipiant,
1658 1811 1835 1866 neque
1867 1795 2000 1849 illud
2032 1791 2099 1846 ad

2208 1801 2739 1875 ἀπολαμϐάνουσιτά
2767 1801 2868 1872 τῆς
2894 1798 3231 1872 ἀκαθαρσίας
3256 1798 3437 1852 αὐτῶν
3468 1796 3752 1869 σπέρματα,

530 1887 936 1957 propagandam
968 1888 1212 1944 sobolem
1243 1888 1523 1951 emittant,
1553 1886 1648 1943 sed
1689 1902 1789 1942 sua
1840 1886 1945 1958 ipsi
1977 1880 2100 1939 tur-

531 1977 778 2047 pitudine
804 1987 1126 2049 pascantur.
1160 1979 1315 2045 Quod
1341 1980 1386 2034 si
1417 1977 1559 2034 forte
1587 1978 1859 2050 quispiam
1895 1976 2101 2033 excreti

531 2067 1201 2124 seminis’immissionem
1243 2069 1617 2130 anteverterit,
1654 2078 1708 2122 et
1753 2082 1819 2121 ex
1869 2081 1935 2121 eo
1972 2080 2104 2137 gra-

424 2152 429 2157 ’
529 2157 654 2212 vida
695 2156 838 2212 facta
871 2159 945 2214 sit
987 2159 1207 2222 mulier,
1253 2158 1382 2213 audi
1418 2159 1547 2229 quid
1599 2162 1818 2213 demum
1870 2155 2105 2228 ﬂagitio-

530 2251 648 2307 sius
670 2251 1078 2321 aggrediantur.
1113 2250 1248 2306 Nam
1286 2250 1577 2306 informem
1616 2251 1797 2305 adhuc
1841 2249 2007 2305 fetum
2038 2265 2104 2304 ex

529 2348 689 2396 utero
716 2340 1046 2406 detractum,
1071 2357 1405 2412 quocunque
1430 2342 1498 2397 iis
1520 2350 1768 2413 tempore
1788 2343 1966 2397 visum
1995 2347 2100 2404 est,

528 2428 813 2495 infantem,
847 2430 1092 2501 inquam,
1126 2431 1414 2487 abortione
1455 2431 1757 2500 projectum
1805 2430 1860 2483 in
1910 2437 2106 2484 morta-

529 2521 614 2575 rio
645 2519 853 2590 pistillo
882 2524 1141 2577 tundunt.
1166 2522 1265 2578 Cui
1291 2522 1359 2576 ad
1389 2521 1669 2575 vitandam
1701 2534 1963 2575 nauseam
1995 2519 2102 2574 mel

529 2628 594 2668 ac
639 2614 793 2685 piper
830 2629 955 2669 cum
1004 2614 1129 2670 aliis
1173 2614 1514 2669 aromatibus
1564 2621 1619 2668 et
1666 2612 1960 2684 unguentis
2006 2610 2105 2666 ad-

532 2707 785 2763 miscent.
814 2706 953 2762 Tunt
990 2706 1061 2761 oin
1103 2722 1274 2761 unum
1312 2707 1547 2761 collecto
1579 2719 1875 2776 porcorum
1912 2717 1974 2757 ac
2000 2712 2103 2756 “ca-

532 2814 662 2853 num
693 2799 971 2863 sodalitio,
1000 2801 1381 2867 unusquisque
1419 2811 1450 2851 e
1479 2795 1819 2852 comminuto
1851 2794 2105 2850 infantuli

439 2947 442 2950 .
530 2890 858 2960 corpusculo
890 2889 1064 2960 digito
1101 2889 1327 2945 delibat.
1384 2886 1477 2942 Sic
1525 2888 1784 2944 humanis
1839 2888 2104 2943 carnibus

532 2981 675 3051 pasti
720 2981 789 3036 ad
833 2981 1103 3037 orandum
1146 2981 1317 3036 Deum
1354 2995 1478 3036 sese
1525 2987 1874 3036 convertunt.
1910 2981 1978 3036 Et
2010 2995 2107 3034 cu-

532 3075 803 3148 piditatis,
859 3076 1154 3147 inquiunt,
1215 3055 1474 3148 princeps
1539 3091 1887 3147 nequaquam
1944 3076 2103 3131 nobis

2206 1895 2281 1967 μῆ
2330 1897 2409 1959 είς
2439 1892 2785 1963 τεκνογονίαν
2839 1890 3303 1962 καταϐαλλόμενοι
3328 1930 3343 1954 ,
3381 1887 3514 1942 ἀλλά
3540 1886 3678 1942 αὐτοὶ
3708 1887 3756 1942 ινδ

2201 1986 2300 2056 τῆς
2348 1984 2704 2056 αίσχρότητος
2748 1981 3040 2046 ἐσθίοντες.
3089 1979 3215 2035 Ἐὰν
3263 1979 3319 2033 δὲ
3356 1978 3449 2033 καὶ
3496 1977 3757 2050 προληφθῇ

2200 2094 2287 2141 τις
2332 2076 2510 2130 αὐτῶν
2568 2075 3004 2144 ἐγκατασπεῖραι
3041 2070 3142 2144 τὴν
3178 2068 3481 2140 καταϐολὴν
3509 2069 3600 2139 τῆς
3630 2066 3761 2122 κατά

2203 2168 2366 2240 φύσιν
2418 2166 2598 2222 αὐτῶν
2647 2166 2981 2239 ἀπορροίας,
3016 2163 3112 2219 καὶ
3146 2163 3497 2234 ἐγκυμονήσῃ
3533 2161 3565 2232 ή
3614 2159 3761 2231 γυνὴ,

2201 2254 2253 2309 τί
2277 2253 2574 2325 δεινότερον
2605 2253 2875 2324 τολμῶσιν
2898 2254 2946 2306 οἱ
2971 2251 3238 2314 τοιοῦτοι,
3275 2250 3457 2303 ἄκουε.
3489 2248 3765 2304 Κατασπά-

2206 2362 2397 2411 σαντες
2442 2344 2551 2417 γάρ
2596 2343 2656 2397 τὸ
2702 2343 2937 2423 ἔμϐρυον
2987 2341 3163 2415 καιρῷ
3202 2341 3303 2413 οἵῳ
3334 2341 3378 2395 δ’
3409 2341 3475 2395 ἂν
3506 2341 3769 2412 ἐπιχειρή-

2207 2456 2342 2492 σωσι
2367 2477 2385 2504 ,
2435 2436 2801 2509 λαμϐάνουσιν
2850 2435 3120 2509 ἐκτρωθὲν
3163 2434 3321 2489 τοῦτο
3351 2433 3412 2488 τὸ
3453 2433 3641 2505 βρέφος
3666 2475 3681 2499 ,
3713 2434 3770 2486 ἐν

2203 2528 2355 2600 ὅλμῳ
2411 2512 2521 2582 τίν).
2574 2525 2865 2582 κόπτουσιν
2902 2525 3089 2598 ὑπέρῳ
3103 2564 3125 2601 ,λ
3172 2523 3267 2578 καὶ
3315 2519 3774 2592 ἐγκαταμίξαντες

2207 2620 2329 2693 μέλι
2365 2621 2459 2674 καὶ
2482 2620 2701 2692 πέπερι,
2738 2619 2831 2672 καὶ
2864 2616 2998 2671 ἄλλα
3027 2615 3150 2670 τινὰ
3174 2613 3462 2687 ἀρώματα,
3492 2612 3582 2666 xal.
3609 2610 3777 2683 μύρα,

2204 2713 2343 2785 πρὸς
2367 2713 2427 2766 τὸ
2452 2712 2770 2795 μὴχναυτιᾷν
2803 2710 3000 2773 αὐτοὺς
3024 2747 3038 2772 ,
3073 2706 3246 2771 οὕτως
3272 2704 3623 2776 συναχθέντες
3652 2702 3782 2757 πάν-

2203 2822 2294 2870 τες
2344 2805 2394 2858 οἱ
2433 2793 2575 2876 [τῆς]
2609 2802 2714 2856 τῶν
2747 2800 2946 2873 χοίρων
2981 2798 3186 2852 τούτων
3243 2798 3336 2851 καὶ
3366 2795 3543 2850 κυνῶν
3582 2793 3784 2848 θιασῶ-

2202 2914 2314 2962 ται,
2361 2894 2865 2968 μεταλαμϐάνουσιν
2901 2893 3134 2955 ἕκαστος
3166 2889 3245 2961 τῷ
3282 2887 3525 2958 δακτύλῳ
3548 2887 3654 2941 ἀπὸ
3684 2885 3784 2940 τοῦ

2204 2987 2602 3051 κατακοπέντος
2629 2985 2864 3040 παιδίου.
2892 2985 3002 3039 Kal
3026 2983 3196 3047 οὕτως
3218 2982 3316 3053 τὴν
3341 2979 3788 3053 ἀνθρωποϐορίαν

2205 3080 2688 3153 ἀπεργασάμενοι,
2741 3075 2990 3149 εὔχονται
3022 3075 3207 3129 λοιπὸν
3237 3073 3315 3146 τῷ
3366 3071 3518 3143 Θεῷ,
3553 3073 3636 3126 ὅτι
3671 3072 3794 3126 Οὐκ

531 3171 703 3227 illusit
727 3189 742 3238 ;
765 3170 860 3226 sed
885 3171 1031 3241 quod
1056 3172 1335 3241 exciderat
1359 3171 1515 3227 fratri
1539 3180 1730 3227 nostro
1760 3170 2101 3241 collegimus.

2208 3173 2605 3245 ἐνεπαίχθημεν
2633 3211 2649 3239 ,
2683 3171 2868 3242 φασὶν,
2903 3171 3011 3225 ἀπὸ
3041 3169 3135 3224 τοῦ
3167 3169 3423 3240 ἄρχοντος
3451 3167 3549 3238 τῆς
3595 3166 3795 3221 ἐπιθυ-

531 3265 707 3333 Atque
730 3262 784 3317 id
813 3262 1115 3334 perfectum
1138 3278 1261 3319 esse
1279 3262 1736 3319 Paschademum
1760 3262 2098 3317 existimant.

531 3353 736 3410 l’mter
771 3354 886 3409 haec
943 3354 1051 3409 alia
1104 3355 1332 3424 insuper
1377 3353 1497 3408 dira
1549 3361 1715 3423 atque
1762 3351 2101 3408 exsecranda

530 3445 902 3499 committunt.
937 3444 1075 3499 Cum
1124 3443 1270 3498 enim
1310 3457 1508 3499 rursus
1557 3442 1612 3495 in
1649 3457 1709 3496 se
1752 3447 1943 3496 mutuo
1972 3440 2104 3496 bac-

533 3535 687 3589 chari
724 3549 788 3588 ac
848 3533 1031 3589 furere
1083 3533 1374 3604 (imperim.
1427 3532 1702 3603 respersis
1758 3532 2101 3602 spurcissimi

536 3623 787 3679 humoris
814 3624 1136 3694 profusione
1166 3624 1419 3680 manibus
1445 3629 1810 3694 consurgunt,
1835 3631 1998 3693 atque
2029 3626 2102 3678 ita

532 3714 769 3771 ftedatas
799 3723 1049 3786 gerentes
1078 3724 1192 3770 toto
1224 3731 1454 3786 corpore
1491 3715 1622 3769 nudi
1654 3721 2100 3785 comprecantur,

534 3817 679 3863 utea
706 3824 763 3864 re
790 3807 1053 3876 majorem
1092 3807 1198 3863 sibi
1246 3808 1392 3878 apud
1424 3806 1594 3863 Deum
1633 3806 1886 3861 ﬁduciam
1919 3805 2106 3876 acqui-

532 3906 680 3955 rant.
712 3898 980 3954 Caeterum
1012 3900 1069 3954 in
1104 3898 1350 3954 curando
1379 3914 1611 3969 corpore
1643 3898 1763 3954 dies
1807 3906 2107 3967 noctesque

533 3994 742 4065 pariter
770 3993 1111 4048 mulierculae
1137 4002 1192 4048 et
1223 3992 1622 4048 homunciones
1649 4001 2014 4061 occupantur,
2040 4004 2105 4043 ac

529 4102 592 4142 se
620 4093 675 4142 et
709 4092 990 4157 unguento
1011 4083 1372 4154 perfundunt,
1399 4091 1455 4139 et
1496 4084 1702 4148 lavant,
1751 4092 1807 4138 et
1854 4080 2107 4137 convivia

533 4176 839 4242 celebrant,
876 4183 931 4232 et
951 4175 1201 4232 ebrietati
1235 4190 1301 4230 ac
1334 4173 1533 4230 Veneri
1564 4174 1870 4244 indulgent,
1901 4188 2106 4243 eosque

531 4269 627 4338 qui
665 4266 921 4338 jejunant
949 4275 1334 4323 exsecrantur.
1378 4264 1590 4338 Negant
1621 4266 1768 4321 enim
1797 4279 1921 4321 esse
1965 4265 2107 4335 jeju-y

535 4359 797 4422 nandum,
828 4359 976 4429 quod
1006 4362 1073 4415 ad
1106 4359 1272 4429 hujus
1302 4358 1489 4415 saeculi
1523 4356 1864 4415 conditorem
1899 4356 2107 4427 princi-

416 4527 425 4534 _
537 4465 656 4521 pem
680 4450 953 4520 jejunium
986 4452 1290 4520 pertineat;
1317 4451 1429 4506 imo
1460 4450 1724 4507 alimento
1757 4447 1942 4519 potius
1966 4462 2106 4519 opus

2213 3270 2367 3339 μίας.
2393 3266 2536 3320 ἀλλὰ
2563 3265 2919 3336 συνελέξαμεν
2948 3263 3017 3316 τᾶ
3033 3262 3386 3334 παράπτωμα
3406 3260 3499 3313 τοῦ
3529 3258 3795 3328 ἀδελφοῦ.

2211 3359 2319 3413 Καὶ
2341 3358 2498 3430 δῆθεν
2531 3358 2686 3412 τοῦτο
2704 3357 2766 3411 τὸ
2786 3356 2988 3410 τέλειον
3017 3356 3208 3426 Πάσχα
3238 3351 3494 3425 ἡγοῦνται
3519 3369 3533 3381 °
3561 3352 3702 3407 ἄλλα
3734 3352 3800 3406 δὲ

2209 3452 2307 3503 ὃσα
2328 3450 2475 3504 δεινὰ
2503 3449 2683 3513 αὐτοῖς
2709 3448 3055 3520 τετόλμηται.
3088 3448 3257 3501 Ὅταν
3277 3446 3386 3517 γὰρ
3420 3443 3579 3498 πάλιν
3598 3446 3803 3515 ἐμμα-

2210 3544 2319 3605 νεῖς
2346 3542 2404 3595 ἐν
2439 3542 2652 3605 ἑαυτοῖς
2683 3520 2969 3610 γένωνται,
3006 3539 3277 3611 φύραντες
3309 3537 3517 3592 ἐαυτῶν
3545 3535 3651 3598 τὰς
3682 3538 3807 3606 χεῖ-

2215 3650 2313 3704 ρας
2350 3634 2448 3704 τῆς
2479 3632 2690 3687 ἑαυτῶν
2717 3632 3074 3703 αἰσχρότῆτος
3108 3633 3176 3703 τῇ
3210 3629 3506 3703 ἀπορῥοίᾳ,
3543 3628 3809 3698 ἐγείρον-

2211 3742 2301 3779 ται
2324 3766 2338 3786 ,
2376 3725 2470 3778 καὶ
2512 3724 2610 3788 τὰς
2648 3722 2857 3778 ἑαυτῶν
2886 3722 3302 3795 μεμολυσμένας
3329 3724 3516 3791 χεῖρας
3546 3719 3807 3789 ἔχοντες,

2211 3817 2457 3889 εὔχονται
2484 3815 2680 3887 γυμνοὶ
2717 3815 2823 3887 ὅλῳ
2846 3813 2923 3887 τῷ
2955 3815 3188 3885 σώματι,
3233 3812 3309 3874 ὡς
3340 3809 3430 3865 διὰ
3473 3810 3575 3881 τῆς
3607 3809 3819 3863 τοιαύ-

2210 3927 2308 3981 της
2339 3908 2598 3981 ἐργασίας
2635 3907 2909 3979 εὑρίσκειν
2960 3906 3095 3978 πρὸς
3131 3904 3263 3958 Θεὸν
3298 3902 3395 3974 τὴν
3451 3902 3813 3973 παρρησίαν.

2211 3999 2292 4053 Τά
2342 3999 2569 4071 σώματα
2608 3999 2665 4052 δὲ
2714 3998 2893 4052 αὐτῶν
2920 3996 3136 4070 νύκτωρ
3171 4014 3232 4050 τε
3277 3996 3370 4048 καὶ
3420 3993 3540 4065 μεθ’
3574 3993 3822 4064 ἡμέραν

2210 4090 2502 4162 τημελοῦσι
2524 4089 2851 4161 γυναικάρια
2878 4089 2973 4144 καὶ
3002 4086 3379 4159 ἀνθρωπάρια,
3407 4084 3820 4156 μυριζόμενοι,

2211 4180 2521 4252 λουόμενοι,
2549 4178 2919 4250 θοιναζόμενοι
2939 4217 2955 4241 ,
2992 4178 3198 4240 κοίταις
3224 4163 3405 4229 τεκαὶ
3436 4172 3643 4244 μέθαις
3676 4189 3828 4242 σχο-

2211 4272 2482 4337 λάζοντες.
2514 4270 2622 4325 Kal.
2652 4269 2995 4343 καταρῶνται
3017 4268 3107 4322 τὸν
3133 4266 3476 4343 νηστεύοντα,
3514 4264 3826 4332 λέγοντες·

2212 4365 2288 4421 Οὐ
2342 4363 2423 4417 δεῖ
2450 4361 2763 4433 νηστεύειν.
2820 4360 2926 4415 Τοῦ
2974 4359 3083 4432 γὰρ
3135 4361 3392 4431 ἄρχοντος
3443 4356 3648 4411 τούτου
3717 4357 3835 4411 τοῦ

2214 4457 2534 4529 ποιήσαντος
2569 4456 2663 4509 τὸν
2706 4454 2879 4509 αἰῶνα
2911 4452 3057 4508 ἐστιν
3085 4454 3120 4524 ἡ
3149 4451 3389 4523 νηστεία.
3440 4450 3535 4502 Δεῖ
3572 4448 3639 4501 δὲ
3680 4448 3836 4521 τρέ-

533 4557 660 4597 esse
699 4540 975 4607 dictitant,
1034 4558 1144 4612 quo
1202 4542 1514 4598 robustiora
1571 4540 1685 4597 sint
1736 4554 1991 4611 corpora,
2045 4546 2102 4593 ut

2208 4547 2404 4617 φεσθαι
2428 4547 2508 4609 εἰς
2531 4545 2591 4599 τὸ
2620 4544 2698 4602 τὰ
2730 4543 2956 4615 σώματα
2988 4538 3126 4597 εἶναι
3162 4540 3387 4614 ἰσχυρὰ,
3427 4542 3510 4603 εἰς
3549 4539 3619 4592 τὸ
3646 4538 3843 4594 δύνα-

536 4633 735 4690 idoneo
785 4624 1032 4704 tempore
1079 4635 1294 4704 possint
1347 4634 1548 4690 fructui
1610 4634 1889 4690 reddendo
1947 4634 2101 4691 suill-

532 4738 684 4779 cere.

614 4817 701 4872 Vl.
744 4815 916 4871 Porro
939 4824 1050 4871 tam
1075 4814 1257 4872 Veteri
1290 4832 1455 4886 quam
1478 4814 1632 4872 Novo
1668 4824 1892 4873 utuntur
1914 4818 2107 4875 Testa-

534 4916 741 4974 mento,
776 4908 899 4964 licet
925 4923 1051 4964 eum
1078 4910 1173 4981 qui
1217 4909 1270 4964 in
1299 4907 1498 4964 Vetere
1531 4909 1753 4965 locutus
1798 4919 1886 4965 est
1946 4911 2107 4966 abdi-

534 5007 679 5056 eettt.
713 4997 781 5054 Et
806 4998 1028 5069 quidem
1060 4998 1277 5070 quoties
1305 5012 1499 5055 vocem
1528 4998 1769 5068 aliquam
1800 5001 2103 5070 reperiunt,

531 5101 654 5155 qua:
681 5085 923 5158 dogmati
969 5102 1072 5144 suo
1125 5087 1460 5143 contrariam
1521 5086 1723 5144 habere
1778 5089 2106 5145 sententiam

535 5175 774 5239 videtur,
805 5177 877 5231 ab
910 5177 1073 5246 hujus
1105 5177 1294 5231 mundi
1334 5178 1584 5249 principe
1617 5177 1919 5249 profectam
1956 5180 2104 5258 illam

533 5279 658 5319 esse
687 5265 1002 5334 praedicant.
1031 5267 1148 5336 88
1178 5267 1274 5321 Sin
1308 5269 1510 5339 aliquis
1543 5269 1611 5323 ad
1656 5271 1875 5326 illorum
1919 5270 2104 5325 libidi-

535 5370 658 5410 nem
700 5357 1105 5411 aceonnnodari
1147 5360 1326 5426 locus,
1361 5368 1414 5415 et
1450 5369 1729 5433 utcunque
1768 5362 2104 5435 configurari

537 5444 712 5515 possit
742 5460 851 5500 non
881 5447 997 5516 ipsa
1041 5448 1263 5518 quidem
1321 5459 1590 5521 potestate
1646 5454 1961 5519 verborum,
2010 5454 2104 5510 sed

537 5552 634 5608 pro
662 5535 941 5606 depravatt
982 5539 1202 5595 illorum
1244 5541 1447 5612 ingenii
1473 5552 1662 5614 captu,
1689 5560 1755 5600 eo
1784 5561 1914 5601 vero
1943 5544 2012 5600 ad
2053 5546 2106 5602 id

534 5628 681 5698 quod
709 5628 939 5699 cupiunt
972 5631 1227 5685 traducto
1252 5633 1319 5687 ab
1348 5634 1595 5688 veritatis
1625 5635 1823 5704 Spiritu
1851 5652 2103 5706 pronun-

544 5724 735 5776 tiatum
767 5738 892 5779 esse
921 5723 1192 5779 dictitant.
1230 5724 1409 5796 Atque
1458 5726 1602 5781 istud
1640 5727 1815 5797 ipsum
1861 5736 1967 5794 cst,
2017 5729 2105 5783 in-

533 5809 722 5881 quiunt
744 5850 758 5866 .
797 5813 940 5884 quod
971 5813 1037 5869 de
1070 5811 1278 5870 Joanne
1315 5813 1575 5871 Dominus
1605 5819 1887 5888 usurparit
1919 5837 1930 5874 :
1963 5818 2105 5885 Quid

2213 4634 2337 4689 σθαι
2368 4633 2428 4687 τὸ
2460 4633 2672 4707 καρπὸν
2705 4632 3016 4688 ἀποδιδόναι
3041 4631 3179 4686 κατά
3201 4631 3389 4704 καιρὸν
3414 4628 3617 4684 αὐτοῦ.

2282 4810 2373 4881 (τ’.
2403 4809 2656 4883 Χρῶνται
2696 4810 2753 4864 δὲ
2784 4810 2878 4862 καὶ
2906 4808 3137 4879 ,Παλαιᾷ
3166 4809 3260 4865 καὶ
3280 4807 3470 4879 ·Καινῇ
3521 4807 3848 4883 Διαθήκῃ.

2222 4902 2650 4975 Ἀπαγορεύουσι
2682 4902 2740 4957 δὲ
2766 4901 2858 4957 τὸν
2891 4899 3194 4972 λαλήσαντα
3228 4901 3283 4953 ἐν
3321 4902 3387 4972 τῇ
3419 4898 3658 4970 Παλαιᾷ
3692 4905 3858 4957 Δια.-

2211 4995 2372 5068 θήκῃ.
2437 4996 2545 5048 Καὶ
2595 4996 2725 5049 ὅταν
2775 4994 2873 5065 μὲν
2931 4993 3083 5066 ῥῆμα
3130 4991 3331 5063 εῦρωσί
3360 5010 3412 5046 τι
3452 4995 3586 5046 κατ’
3627 4994 3859 5047 αὐτῶν

2207 5088 2504 5159 δυνάμενον
2536 5086 2679 5158 ἔχειν
2728 5085 2819 5139 τδν
2860 5083 3006 5149 νοῦν,
3038 5084 3199 5153 φασὶν
3237 5085 3319 5139 ὅτι
3368 5082 3529 5137 τοῦτο
3560 5085 3701 5139 ἀπὸ
3739 5087 3860 5140 τοῦ

2210 5181 2518 5250 πνεύματος
2550 5177 2643 5234 τοῦ
2688 5176 2952 5248 κοσμικοῦ
2988 5175 3293 5247 λελάληταιο
3342 5174 3437 5229 ἐάν
3474 5175 3535 5229 δέ
3591 5193 3703 5241 τις
3762 5179 3865 5240 εἰς

2209 5271 2468 5342 ὁμοίωσιν
2504 5270 2602 5342 τῆς
2631 5269 2808 5325 αὐτῶν
2851 5267 3139 5341 ἐπιθυμίας
3174 5265 3425 5338 δυνηθείη
3456 5268 3868 5337 σχηματίζε-

2211 5363 2336 5417 σθαι
2354 5362 2540 5433 λόγος,
2570 5362 2669 5432 οὐχ
2703 5360 2778 5423 ὼς
2811 5359 3006 5413 ἔστιτὸ
3040 5358 3212 5430 ῥῆμα,
3240 5356 3353 5411 ἀλλ’
3380 5357 3457 5420 ὼς
3496 5358 3635 5428 ἔχει
3674 5360 3713 5411 ὁ
3746 5361 3879 5412 αὐ-

2210 5452 2318 5508 τῶν
2349 5453 2473 5516 νοῦς
2501 5454 2531 5506 ό
2555 5450 2907 5523 ἢπατημένος
2925 5490 2939 5514 ,
2971 5448 3157 5503 τοῦτον
3185 5448 3737 5519 μετασκευάξοντες
3777 5450 3878 5511 εἰς

2209 5545 2307 5616 τὴν
2334 5544 2541 5598 ἑαυτῶν
2574 5541 2887 5613 ἐπιθυμίαν,
2931 5539 3230 5621 φάσκουσιν
3264 5540 3328 5592 ἐκ
3350 5537 3446 5591 τοῦ
3478 5537 3880 5610 πνεύματος

2209 5637 2309 5708 τῆς
2333 5635 2588 5707 ἀληθείας
2612 5632 2957 5704 λελαλῆσθαι.
2996 5632 3108 5687 Kal.
3138 5631 3296 5685 τοῦτό
3328 5634 3446 5685 ἐστι
3472 5670 3490 5695 ,
3534 5634 3761 5700 φασιν
3788 5671 3811 5694 ,
3855 5633 3878 5684 ξ

2211 5721 2359 5780 εἶπεν
2385 5726 2413 5778 ὁ
2434 5723 2635 5795 Κύριος
2668 5722 2796 5794 περὶ
2832 5721 3109 5783 Ἰωάννου·
3154 5721 3215 5776 Τί
3249 5720 3543 5789 ἐξήλθετε
3570 5723 3690 5785 εις
3740 5721 3880 5788 τὴν

2211 5816 2435 5889 ἔρημον
2453 5816 2779 5872 θεάσασθαι
2798 5832 2816 5880 ;
2834 5813 3114 5884 Κιλῖαμον
3143 5812 3259 5869 ὑπὸ
3278 5812 3505 5884 ἀνέμου
3534 5816 3878 5869 σαλευό-
