3946 6074
200 286 296 346 iiii

198 417 424 474 jterar;
481 401 608 456 Ὅτι
657 401 758 455 οὑκ
805 397 912 473 ἦν,
966 403 1133 471 φασὶ,

217 495 538 551 Ἐνεπνέετο
567 493 678 566 γὰρ
708 493 812 547 ὑπὸ
840 492 1047 547 πολλῶν
1086 495 1412 565 πνευμάτων
1448 495 1589 549 κατὰ
1618 494 1785 548 κάλα-

209 605 304 659 μον
331 588 425 641 τὸν
456 587 554 639 ἐπὶ
582 587 796 657 ἑκάστῳ
836 585 1022 657 ἀνέμῳ
1047 586 1381 667 κινούμενον.
1427 588 1535 640 Kal.
1568 587 1655 641 ὅτε
1687 586 1785 657 μὲν

205 681 404 750 ἤρχετο
454 677 519 730 τδ
551 677 770 747 πνεῦμα
816 676 913 730 τηῧ
946 678 1239 748 ἄρχοντος,
1296 680 1620 751 Ἰουδαῖσμὸν
1653 681 1784 753 ἐκή-

208 785 396 839 ρυττεν
416 785 431 798 ο
464 769 557 821 ὅτε
595 767 655 821 δὲ
690 766 1020 837 τὸ¹Πνεῦμα
1047 769 1109 823 τὸ
1156 770 1309 838 ἅγιον
1333 808 1349 834 ,
1388 772 1518 842 περὶ
1546 770 1782 843 Χριστοῦ

206 859 403 913 ἐλάλει.
440 860 554 913 Καὶ
570 856 730 912 τοῦτό
753 859 891 921 ἐστι,
919 859 1101 927 φασὶν,
1138 862 1220 914 ὅτι
1261 861 1313 913 ’0
1339 865 1688 931 μικρότερος
1715 863 1785 917 ἐν

209 949 279 1019 τῇ
303 950 596 1018 βασιλείᾳ
620 938 739 1005 τῶν
759 953 1031 1022 οὐρανῶν
1061 954 1193 1025 (74).
1214 955 1349 1027 Περὶ
1376 956 1534 1026 ήμῶν
1550 996 1564 1019 ,
1596 956 1780 1025 φασὶν,

205 1037 402 1105 εἶπεν,
463 1043 546 1097 ὃτι
596 1045 627 1097 ὁ
677 1046 736 1098 ἐν
801 1046 932 1116 ἡμῖν
985 1047 1307 1117 μικρότερος
1362 1047 1561 1117 μείζων
1617 1046 1780 1100 αὑτοῦ

208 1132 464 1202 ὑπάρχει.

275 1400 350 1452 Ζ’.
385 1398 496 1451 Καὶ
519 1398 682 1463 εὐθὺς
706 1400 1147 1471 ἐπιστομίζονται
1174 1403 1223 1455 oi
1242 1402 1468 1456 τοιοῦτοι
1494 1402 1586 1456 ἀπ’
1610 1403 1777 1473 αὐτῆς

202 1491 302 1559 τῆς
335 1490 615 1563 ἀληθείας.
667 1491 762 1545 Ἐκ
807 1494 915 1564 γὰρ
962 1495 1067 1548 τῶν
1098 1494 1539 1565 συνεζευγμένων
1574 1497 1780 1567 ἑκάστῃ

205 1581 347 1646 λέξει
380 1582 684 1648 ἀναφανδὸν
716 1585 750 1653 ή
781 1584 1005 1654 ἀλήθεια
1030 1584 1395 1656 δειχθήσεται,
1427 1587 1520 1640 καὶ
1547 1589 1607 1640 re
1631 1588 1779 1658 ἐχέγο

202 1688 335 1737 γυον
364 1672 469 1741 τῆς
499 1672 752 1743 φράσεως
764 1674 1177 1744 ἀποδοθήσεται.
1205 1678 1267 1730 Ei
1295 1678 1395 1747 μὲν
1423 1677 1530 1748 γὰρ
1551 1680 1580 1732 ὁ
1598 1678 1778 1732 Ἰωάν-

203 1779 302 1833 νης
331 1762 555 1832 μαλακὰ
591 1762 878 1832 ἠμφίεστο,
909 1765 1000 1817 καὶ
1026 1766 1084 1818 ὲν
1116 1766 1283 1829 οἴκοις
1311 1766 1573 1834 βασιλέων
1601 1768 1781 1840 ὑπῆρ-

206 1870 332 1923 χεν,
366 1853 504 1925 ὀρθὴ
546 1853 614 1907 ἂν
654 1855 790 1925 πρὸς
834 1856 995 1908 αὑτὸν
1026 1859 1058 1928 ή
1091 1857 1266 1923 λέξις,
1295 1860 1389 1913 καὶ
1422 1860 1606 1914 εὐθεῖα
1644 1860 1781 1931 πρὸς

203 1943 427 2013 ἔλεγχον
463 1942 556 1997 τοῦ
597 1943 760 1999 αὑτοῦ
816 1945 1076 2016 ὑπῆρχεν.
1108 1948 1172 2000 El
1227 1948 1282 2001 δὲ
1306 1990 1321 2013 ,
1386 1950 1447 2002 Τί
1496 1949 1797 2016 ἐξήλθετε

206 2037 396 2099 ιδεῖν;
425 2036 740 2104 ἄνθρωπον
763 2038 834 2090 ἐν
853 2039 1150 2108 μαλακοῖς
1174 2042 1429 2109 Ιματίοις
1455 2042 1778 2112 ἠμφιεσμέ-

201 2147 351 2195 rer;
379 2129 476 2185 καὶ
518 2130 614 2199 οὑχ
653 2128 827 2193 οὕτως
873 2129 1018 2201 εἶχεν
1042 2173 1057 2196 ,
1094 2133 1275 2186 οὐκέτι
1322 2132 1382 2187 τὸ
1409 2133 1657 2206 ἔγκλημα
1688 2137 1780 2189 ἐπὶ

203 2222 292 2274 τὸν
323 2222 386 2274 οὑ
423 2207 644 2292 ualuit
686 2221 953 2294 φοροῦντα
1013 2224 1263 2296 Ἰωάννην
1308 2226 1400 2281 τοῦ
1475 2227 1633 2297 λόγου
1680 2229 1779 2283 έπ-

204 2310 476 2373 ενεκτέον,
500 2310 639 2365 ἀλλά
668 2312 760 2364 ἐπὶ
785 2314 911 2375 τοὺς
927 2312 1098 2376 οὕτως
1122 2315 1373 2388 εὑρήσειν
1402 2317 1494 2371 τὸν
1532 2319 1780 2391 Ἰωάννην

202 2402 569 2473 νομίσαντας,
600 2402 697 2455 καὶ
734 2401 839 2455 ὑπὸ
870 2402 977 2457 τῶν
1020 2403 1166 2458 ἔνδον
1208 2408 1266 2460 ὲν
1317 2408 1485 2471 οἴκοις
1517 2406 1780 2478 βασιλέων

205 2493 467 2556 πολλάκις
498 2493 640 2547 κατά
666 2494 952 2566 ὑπόκρισιν
977 2495 1460 2568 κολακευομένους.
1502 2500 1779 2571 Ἐνόμιζον

204 2584 311 2654 γάρ
340 2576 512 2648 οὗτοι,
548 2582 890 2653 ἐξερχόμενοι
928 2586 1022 2639 καὶ
1055 2587 1207 2658 παρὰ
1248 2574 1492 2643 Ἰωάννου
1526 2590 1779 2655 ἐπαίνους

208 2678 505 2749 εὑρίσκειν,
537 2676 633 2730 καὶ
665 2681 1046 2749 μακαρισμὸς
1073 2680 1168 2734 ἐπὶ
1198 2682 1310 2744 τοῖς
1333 2682 1424 2735 ὑπ’
1449 2682 1626 2738 αὐτῶν
1655 2682 1777 2737 καθ’

882 286 1252 344 Αυνειιευε
1285 284 1625 342 ιιίειιεδεδ
1664 284 1788 340 LIB.
1833 282 1873 341 l.
1910 283 2076 340 TOM.
2110 283 2172 338 η.
2214 311 2280 324 -
2310 283 2585 338 omnes.
2633 284 2817 339 xxvr.
3339 275 3453 345 διο

1212 402 1416 467 τέλειος
1446 405 1475 456 ὁ
1509 402 1778 473 Ἰωάννης.

1891 400 2077 454 existis
2117 400 2171 453 in
2200 399 2464 454 desertum
2498 397 2708 454 videre?
2747 397 3071 453 Arundinem
3117 409 3261 452 vento
3282 404 3456 472 agita-

1889 501 2011 544 tam
2035 492 2050 522 ⁸
2072 492 2096 545 ?
2120 491 2298 558 Quod,
2322 501 2383 546 ut
2416 499 2691 555 asserunt,
2722 491 2964 546 nondum
3009 502 3156 546 esset
3184 493 3456 562 perfectus

1891 580 2154 637 Joannes.
2177 580 2314 637 Nam
2347 596 2376 635 a
2409 582 2662 653 pluribus
2690 584 2868 638 ventis
2893 581 3256 653 perﬂabatur;
3291 600 3457 639 arun-

1887 673 2036 729 dinis
2067 689 2238 738 more,
2272 688 2395 743 qua:
2427 672 2495 727 ad
2530 686 2975 744 unumquemque
3010 683 3230 729 vmtum
3284 675 3456 747 agita-

1890 774 2000 823 tur.
2039 765 2228 836 Itaque
2255 780 2380 821 cum
2414 765 2467 819 in
2503 781 2626 820 eum
2667 766 2936 837 principis
2975 765 3202 837 spiritus
3245 767 3456 821 incum-

1886 859 2064 922 beret,
2130 856 2417 913 Judaicum
2468 856 2675 912 cultum
2733 847 3111 928 pradicabatf
3147 874 3268 914 cum
3326 872 3455 913 vero

1888 949 2141 1020 Spiritus
2174 957 2401 1004 sanctus
2426 948 2728 1013 adveniret,
2778 948 2847 1005 de
2891 947 3113 1005 Christo
3146 964 3452 1005 sermonem

1889 1040 2238 1095 instituebat.
2271 1040 2391 1107 Quo
2413 1040 2631 1110 quidem
2675 1039 2789 1096 inec
2837 1040 3001 1095 verba
3043 1039 3316 1111 pertinere
3356 1055 3454 1109 pu-

1886 1139 2051 1186 tant:
2092 1133 2198 1200 Qui
2244 1133 2416 1187 mirwr
2438 1142 2516 1187 est
2553 1134 2608 1185 in
2657 1132 2816 1202 regno
2854 1132 3101 1187 malorum
3149 1132 3322 1202 major
3376 1141 3455 1186 est

1882 1223 1978 1278 illo
2002 1226 2042 1278 ¹.
2077 1223 2289 1295 Quippe
2321 1224 2389 1279 ad
2418 1239 2519 1281 nos
2552 1224 2654 1279 ista
2681 1223 3011 1289 referuntur,
3059 1225 3232 1280 aiunt.
3267 1233 3321 1277 ut
3360 1223 3453 1293 qui

1884 1315 2027 1368 inter
2048 1328 2148 1369 nos
2198 1314 2377 1369 minor
2408 1322 2512 1381 est,
2537 1313 2584 1369 is
2626 1312 2836 1369 Joanne
2867 1314 2938 1369 sit
2962 1312 3323 1383 praestantior.

1956 1402 2070 1460 Vll.
2110 1401 2315 1459 Verum
2353 1416 2416 1460 0's
2448 1404 2557 1460 illis
2589 1404 2823 1459 subinde
2862 1419 2892 1457 a
2924 1404 3151 1460 veritate
3175 1405 3289 1473 ipsa
3318 1419 3447 1473 prte-

1881 1493 2144 1547 cluditur.
2179 1492 2323 1548 Nam
2353 1510 2416 1548 ex
2452 1493 2519 1549 iis
2547 1509 2669 1563 qua:
2693 1507 2817 1547 cum
2855 1508 3183 1563 unaquaque
3213 1493 3454 1549 dictione

1883 1596 2134 1637 connexa
2163 1589 2312 1645 sunt,
2346 1582 2636 1652 perspicue
2666 1582 2873 1637 veritas
2894 1583 3198 1652 apparebit,
3230 1598 3294 1637 ac
3320 1580 3453 1652 quid

1886 1674 2146 1744 loquendi
2196 1674 2392 1728 rationi
2433 1680 2867 1729 consentaneum
2907 1673 2980 1728 sit
3010 1674 3317 1729 certissima
3349 1673 3452 1731 fide

1888 1766 2310 1823 monstrabitur.
2341 1763 2552 1819 Etenim
2581 1765 2627 1820 si
2647 1763 2887 1820 Joannes
2923 1764 3264 1820 mollioribus
3285 1767 3452 1821 vesti-
3557 1790 3565 1799 ο

1881 1858 1987 1913 bus
2020 1863 2287 1923 uteretur,
2321 1866 2483 1926 atque
2522 1857 2576 1910 in
2616 1855 2927 1927 principum
2961 1856 3178 1926 palatiis
3205 1856 3450 1927 degeret,

1881 1956 2033 2004 recta
2066 1948 2245 2017 ipsum
2278 1963 2384 2003 vox
2419 1948 2509 2001 illa
2539 1956 2766 2018 peteret,
2797 1955 2853 2003 et
2893 1947 2949 2001 in
2998 1943 3119 2017 e'jns
3167 1948 3452 2018 reprehen-

1885 2042 2096 2096 sionem
2130 2048 2279 2097 esset
2325 2040 2444 2096 sine
2477 2040 2586 2095 ulla
2625 2040 2848 2111 ambage
2892 2040 3109 2096 collata.
3152 2040 3288 2095 Cum
3323 2054 3450 2095 vero

1883 2133 1960 2188 ita
1993 2134 2206 2189 locutus
2252 2131 2465 2188 fuerit:
2517 2131 2658 2198 Quid
2701 2132 2886 2188 existis
2920 2132 3133 2187 videre?
3188 2133 3450 2188 hominem

1882 2224 2132 2279 mollibus
2182 2225 2505 2278 vestimentis
2557 2223 2795 2277 indutum
2844 2224 2902 2275 ’ἲ
2955 2224 3101 2280 istud
3160 2239 3322 2294 porro
3379 2225 3449 2280 ab

1881 2314 2092 2370 Joanne
2141 2315 2333 2385 procul
2382 2314 2640 2380 abfuerit,
2685 2314 2821 2369 nihil
2867 2322 2951 2371 est
2984 2331 3084 2370 cur
3132 2315 3295 2385 hujus
3342 2314 3446 2370 loci

1884 2404 2322 2460 criminationem
2352 2403 2542 2459 referri
2574 2404 2641 2459 ad
2667 2403 2930 2460 Joannem
2963 2405 3318 2469 arbitremur,
3351 2404 3447 2474 qui

1882 2495 2174 2550 delicatum
2186 2493 2336 2548 illum
2352 2494 2557 2548 cultum
2572 2493 2794 2549 minime
2805 2495 3048 2549 omnium
3061 2493 3333 2560 adhibuit;
3351 2493 3446 2548 sed

1880 2588 1948 2642 ad
1981 2601 2075 2643 eos
2100 2587 2306 2657 potius,
2342 2585 2435 2656 qui
2466 2584 2733 2656 ejusmodi
2758 2600 2817 2640 se
2838 2582 3102 2641 Joannem
3132 2593 3448 2655 reperturus

1882 2678 2166 2748 putabant,
2202 2678 2517 2748 quibusque
2565 2676 2765 2747 sapius
2794 2675 3004 2732 adulari
3051 2677 3229 2732 solent
3267 2675 3305 2730 ii
3353 2675 3448 2747 qui

209 2768 445 2836 ἑκάστην
494 2768 707 2838 ἡμέραν
748 2768 1053 2838 γινομένοις
1100 2771 1556 2843 παραπτώμασιν.
1606 2775 1694 2837 Ὠς
1721 2775 1776 2828 δὲ

1885 2769 2188 2839 principum
2222 2769 2377 2823 aulas
2410 2783 2474 2822 ac
2510 2768 2711 2838 palatia
2764 2767 3134 2837 frequentant.
3170 2763 3446 2823 Exeuntes

207 2867 301 2939 οὑχ
339 2861 545 2940 ηὗρον,
592 2870 1004 2940 ἀνατρεπτικιῖκ
1035 2867 1186 2940 παρὰ
1228 2866 1323 2922 τοῦ
1356 2867 1611 2938 Σωτῆρος
1642 2866 1776 2937 πρὸς

1885 2861 2020 2915 enim
2050 2858 2127 2914 illi
2168 2858 2560 2915 collaudandos
2603 2873 2663 2914 se
2689 2858 2757 2913 ab
2794 2857 3026 2924 Joanne,
3058 2868 3111 2913 et
3138 2859 3209 2913 ob
3236 2873 3299 2913 ea
3327 2874 3449 2929 qua:

205 2960 398 3024 αὐτοὺς
423 2963 669 3033 είρηται,
697 2963 778 3014 ὅτι
816 2962 880 3014 Τί
906 2960 1185 3033 ἐνομίζετε
1226 2960 1533 3031 εὑρίσκεινς
1559 2959 1777 3029 Συμπεο

1885 2949 1937 3005 in
1965 2950 2081 3007 dies
2116 2951 2408 3021 patrabant
2432 2951 2641 3006 scelera
2691 2949 2882 3006 felices
2926 2950 3303 3022 praedicaudos
3340 2952 3450 3007 exi-

210 3050 564 3120 ριφερόμενον
600 3053 712 3113 τοῖς
743 3049 895 3120 ὑμῶν
938 3049 1164 3104 πάθεσιν
1191 3049 1493 3120 ἄνθρωπον,
1530 3047 1603 3111 ὡς
1635 3046 1775 3100 κατά

1885 3043 2198 3097 stimabant.
2238 3043 2357 3109 Qua
2391 3058 2487 3113 spe
2520 3057 2642 3097 cum
2685 3052 2872 3098 essent
2921 3041 3194 3109 frustrati,
3230 3042 3298 3097 ad
3348 3057 3446 3099 eos

206 3146 329 3208 τοὺς
359 3144 580 3216 μαλακά
608 3143 941 3231 φοροῦντας
984 3145 1097 3215 Οὑχ
1132 3144 1322 3207 οὓτως.
1366 3145 1440 3197 Οὑ
1476 3144 1584 3218 γάρ
1627 3145 1774 3196 ἐστιν

1885 3133 2210 3217 refellendos
2244 3135 2322 3187 ita
2354 3134 2605 3188 Salvator
2636 3134 2854 3189 locutus
2882 3145 3005 3189 est:
3041 3132 3183 3199 Quid
3224 3150 3322 3189 vos
3351 3149 3448 3189 na-

218 3236 471 3306 Ἰωάννης
499 3234 746 3306 κάλαμος
791 3234 1145 3305 σαλευόμενος
1176 3233 1420 3306 γνώμαις
1453 3233 1771 3305 ἀνθρώπων,

206 3326 279 3388 ὡς
300 3324 619 3397 δονΟὑμενος
651 3325 893 3395 κάλαμος
918 3325 1022 3378 ὑπὸ
1059 3325 1293 3395 ἑκάστης
1318 3324 1618 3396 ἀνθρώπων
1645 3326 1777 3378 ὑποο

206 3418 438 3486 κρίσεως
464 3417 560 3470 καὶ
596 3416 831 3489 ἀπάτης.
874 3416 1088 3488 Ἐπειδὴ
1116 3416 1174 3471 δὲ
1203 3413 1356 3471 εἶπεν
1378 3458 1394 3484 ,
1432 3418 1531 3471 Ἑν
1562 3434 1774 3486 γεννη-

207 3508 320 3574 τοῖς
340 3506 645 3577 γυναικῶν
669 3500 780 3562 οὐκ
799 3507 930 3562 ἔστι
940 3507 1152 3578 μείζων
1168 3507 1464 3573 Ἰωάννου,
1483 3508 1569 3562 ἵνα
1602 3508 1675 3579 μή
1697 3524 1778 3561 τι·

205 3616 295 3662 νες
321 3598 586 3669 νομίσωσι
606 3598 698 3651 καὶ
726 3598 890 3652 αὑτοῦ
908 3592 1003 3652 τοῦ
1015 3599 1267 3670 Σωτῆρος
1288 3598 1508 3669 μείζονα
1529 3593 1666 3652 εἶναι
1686 3599 1777 3651 τὸν

220 3690 494 3762 Ἰωάννην,
527 3690 609 3743 ὅτι
632 3690 727 3743 καὶ
754 3690 915 3755 αὐτὸς
937 3693 966 3746 ὁ
994 3691 1183 3763 Σωτὴρ
1212 3692 1318 3745 ὑπὸ
1351 3690 1603 3761 γυναικὸς
1627 3692 1779 3759 ἐγεν-

204 3780 339 3853 νήθη
370 3820 385 3845 ,
442 3783 545 3852 τῆς
593 3783 951 3854 ἀειπαρθένου
1002 3783 1219 3855 Μαρίας
1248 3823 1263 3848 ,
1327 3783 1415 3837 διὰ
1467 3781 1779 3852 Πνεὺματος

206 3871 381 3940 ἁγίου,
410 3869 842 3942 ἀσφαλιζόμενος
875 3873 1022 3943 ἡμᾶς
1044 3872 1149 3943 ἔφη
1167 3911 1183 3937 ,
1223 3874 1305 3926 ὅτι
1354 3873 1409 3926 '0
1431 3873 1780 3941 μικρότερος

200 3964 411 4027 αὐτοῦ,
438 3963 688 4017 τουτέστι
715 3962 790 4033 τῷ
824 3966 999 4036 χρόνῳ
1032 3962 1162 4035 (π’)
1198 3962 1300 4034 τῆς
1328 3964 1591 4034 ἐνσάρκου
1614 3961 1778 4017 αὑτοῦ

203 4055 528 4126 παρουσίας,
555 4053 768 4123 μείζων
802 4052 986 4109 αὐτοῦ
1003 4054 1173 4109 ἐστιν
1191 4054 1260 4108 ἐν
1279 4053 1355 4122 τῇ
1364 4055 1651 4122 βασιλείᾳ
1664 4054 1780 4110 τῶν

199 4145 496 4215 οὐρανῶν.
550 4144 764 4216 Ἐπειδὴ
813 4146 922 4218 γὰρ
973 4146 1110 4217 μετὰ
1143 4144 1409 4218 ἑξάμηνον
1458 4147 1720 4221 ἐγεννήθη
1752 4151 1780 4203 ὁ

1878 3234 2068 3282 cturos
2096 3240 2220 3281 esse
2247 3223 2600 3281 credebatis?
2634 3222 2990 3279 Hominemne
3018 3224 3112 3294 qui
3158 3238 3217 3279 se
3262 3225 3448 3294 pravis

1881 3318 2052 3373 animi
2082 3317 2252 3374 vestri
2288 3316 2672 3373 affectionibus
2718 3315 3180 3380 accommodaret,
3220 3315 3365 3386 quod
3411 3317 3446 3370 ii

1882 3410 2093 3466 faciunt
2132 3410 2226 3481 qui
2275 3409 2622 3464 mollioribus
2661 3407 2908 3464 vestibus
2956 3406 3300 3462 induuntur?
3348 3406 3449 3461 Mi-

1880 3505 2029 3560 nime
2059 3519 2208 3559 vero.
2241 3500 2359 3557 Non
2392 3503 2540 3557 enim
2569 3498 2811 3556 Joannes
2846 3498 3059 3554 arundo
3089 3499 3336 3569 qumdam
3365 3506 3449 3555 est

1884 3596 2165 3651 hominum
2191 3594 2812 3665 opinionibus‘agitata,
2843 3594 2928 3648 vel
2962 3592 3208 3663 qualibet
3257 3606 3447 3648 eorum

1884 3686 2076 3743 fraude
2136 3701 2200 3741 ae
2265 3686 2615 3740 simulatione
2669 3699 2964 3740 concussa.
3016 3682 3123 3740 Sed
3187 3686 3446 3759 quoniam

1882 3780 2018 3836 illud
2054 3779 2329 3849 adjecerat
2362 3795 2374 3831 :
2408 3776 2558 3831 Inter
2597 3784 2747 3830 natos
2774 3778 3052 3829 mulierum
3075 3793 3178 3831 non
3217 3780 3448 3831 surrexit

1882 3871 2058 3941 major
2086 3868 2293 3924 Joanne
2322 3867 2565 3936 Baptista
2588 3867 2629 3931 ",
2656 3880 2723 3919 ne
2748 3867 2870 3935 quis
2898 3862 3162 3920 Joannem
3195 3865 3300 3920 sibi
3325 3881 3449 3935 per-

1882 3962 2162 4025 suaderet,
2191 3959 2353 4015 etiam
2387 3958 2506 4030 ipso
2548 3956 2833 4012 Salvatore
2859 3969 2988 4011 esse
3019 3954 3306 4025 majorem,
3336 3955 3451 4027 89

1882 4067 1991 4123 quo
2019 4052 2067 4107 is
2097 4066 2128 4106 a
2173 4048 2421 4115 muliere,
2456 4047 2717 4103 nimirum
2767 4045 2925 4101 beata
2964 4058 3288 4115 semperque
3325 4043 3449 4100 Vir-

1882 4147 2009 4218 gine
2045 4144 2216 4199 Maria
2259 4158 2357 4214 per
2404 4141 2667 4212 Spiritum
2719 4146 2972 4212 sanctum
3017 4144 3161 4194 esset
3208 4138 3445 4207 genitus,

199 4237 392 4308 Σωτὴρ
443 4237 548 4307 τῆς
601 4236 845 4290 Ἰωάννου
893 4239 1195 4309 γεννήσεως
1225 4275 1240 4300 ,
1290 4237 1530 4308 δηλονότι
1578 4239 1778 4309 μείζων

1885 4244 1944 4292 ut
1980 4250 2080 4293 nos
2108 4242 2300 4291 contra
2345 4233 2491 4288 hunc
2528 4246 2773 4302 errorem
2804 4231 3118 4296 instrueret,
3163 4230 3396 4299 subjecit
3429 4247 3445 4282 :

198 4328 376 4381 αὑτοίῒ
404 4326 500 4383 ὢν.
536 4324 647 4381 Ἦν
672 4326 781 4400 γὰρ
817 4329 938 4393 ἀεὶ,
978 4328 1071 4382 καὶ
1099 4327 1235 4382 ἐστι.
1284 4329 1403 4383 Τίνι
1442 4328 1499 4382 δὲ
1534 4329 1689 4383 τοῦτο
1715 4332 1776 4384 οὐ

1889 4328 1995 4396 Qui
2025 4328 2194 4382 minor
2227 4334 2305 4381 est
2339 4326 2393 4379 in
2443 4340 2603 4393 regno
2652 4322 2926 4387 castorum,
2984 4321 3159 4391 majOr
3201 4330 3279 4376 est
3329 4321 3443 4376 illo.

199 4418 355 4490 δῆλον
385 4422 565 4483 ὲστινς
598 4397 901 4491 Ἀρά-γοῦν
930 4418 1173 4490 ματαίως
1208 4417 1276 4472 τὰ
1307 4419 1484 4474 πάντα
1521 4423 1648 4491 παρ’
1679 4422 1776 4475 αὑ-

1887 4419 2045 4488 Quod
2079 4418 2328 4475 videlicet
2367 4416 2582 4470 ratione
2636 4415 2994 4485 temporisest
3026 4415 3096 4470 ab
3136 4429 3199 4470 eo
3242 4414 3447 4469 dictum

197 4514 311 4577 τοῖς
353 4512 781 4583 πεποιήτευται,
829 4512 937 4566 ἀπὸ
986 4512 1204 4581 ἀγαθῶν
1249 4514 1330 4578 είς
1376 4515 1554 4584 φαῦλα
1604 4534 1770 4588 μετα-

198 4603 365 4673 ὃεϐλη
373 4603 534 4674 μένα.

1884 4527 1997 4586 quo
2022 4512 2076 4567 in
2132 4515 2279 4565 hunc
2307 4491 2574 4563 mundum
2609 4507 2857 4562 humana-
2887 4520 3053 4561 carue
3077 4507 3336 4577 praeditus
3359 4506 3450 4563 ad-

1888 4608 2059 4672 venit,
2085 4604 2348 4676 quoniam
2381 4616 2538 4658 seno
2583 4617 2613 4657 a
2654 4601 2883 4658 Joannis
2929 4600 3217 4656 nativitate
3263 4614 3449 4655 mense

196 4695 458 4752 Christus
488 4704 574 4753 est
631 4697 684 4751 in
738 4696 913 4751 lucem
945 4695 1146 4752 editus.
1188 4695 1292 4764 Qui
1325 4698 1467 4754 haud
1522 4698 1704 4756 dubie
1740 4704 1919 4775 major
1953 4705 2074 4757 erat
2115 4697 2232 4760 illo,
2275 4708 2395 4752 cum
2436 4702 2488 4750 et
2527 4695 2599 4749 sit
2622 4708 2837 4764 semper
2865 4699 2920 4748 et
2947 4691 3139 4783 fuerit.
3174 4691 3309 4758 Quis
3346 4691 3447 4746 hoc

196 4806 330 4844 vero
354 4798 537 4860 potest
566 4788 864 4859 ignorare?
896 4787 1123 4843 Frustra
1155 4788 1317 4860 igitur
1348 4790 1417 4846 ab
1461 4791 1569 4846 illis
1599 4797 1907 4867 excogitata
1935 4799 2065 4848 sunt
2094 4789 2301 4854 omnia,
2338 4794 2392 4843 et
2417 4803 2483 4843 ex
2513 4785 2673 4841 bonis
2699 4784 2752 4839 in
2782 4783 2922 4839 mala
2953 4799 3237 4840 conversa.

267 4881 349 4935 ιιι.
389 4880 503 4934 Καὶ
547 4878 616 4932 τὰ
642 4878 741 4949 μὲν
776 4877 955 4953 βιϐλία
982 4877 1159 4932 αὐτῶν
1189 4878 1389 4934 πολλά⁸
1432 4879 1776 4951 Ἐρωτήσεις

196 4973 307 5043 γάρ
327 4990 481 5036 τινας
511 4971 735 5043 Μαρίας
760 4971 1062 5025 ἐκτίθενται
1083 4987 1097 5001 ·
1134 4970 1282 5027 ἄλλοι
1308 4972 1365 5026 δὲ
1398 4973 1479 5037 είς
1518 4973 1610 5027 τὸν
1642 4992 1775 5045 προ-

196 5062 488 5135 ειρημένον
539 5061 890 5127 Ἰαλδαὸαὼθ,
933 5063 1013 5126 είς
1041 5063 1215 5134 ὄνομα
1243 5062 1299 5116 δὲ
1329 5063 1422 5117 τοῦ
1456 5064 1570 5134 Σὴθ
1604 5065 1775 5119 πολλὰ

196 5152 380 5221 βιϐλία
402 5152 773 5211 ὑποτίθενται.
814 5152 1204 5223 Ἀποκαλὺψεις
1224 5152 1280 5207 δὲ
1304 5152 1397 5207 τοῦ
1427 5154 1597 5225 Ἀδὰμ
1612 5155 1776 5219 ἄλλας

192 5239 481 5311 λέγουσιν’
525 5242 819 5311 εὐαγγέλια
861 5241 920 5296 δὲ
943 5242 1106 5313 ἕτερα
1146 5245 1225 5306 είς
1254 5243 1423 5314 ὄνομα
1464 5245 1571 5298 τῶν
1604 5244 1772 5317 μαθηο

270 5400 288 5432 ¹
316 5397 513 5454 Matth.
550 5415 625 5466 XI,
655 5400 710 5453 7.
786 5400 806 5430 ¹
839 5399 968 5455 ibid.
1000 5400 1085 5455 il.
1165 5401 1184 5432 ³
1212 5400 1342 5455 ibid.
1376 5401 1426 5456 8.
1505 5401 1525 5433 ⁸
1553 5400 1683 5455 ibid.
1718 5402 1804 5456 il.

264 5555 385 5691 ἑτι)
405 5554 568 5611 Forte
581 5554 887 5610 addendum
909 5554 1109 5625 μείζων
1127 5553 1466 5612 αὑτοῦὲστιθ.
1488 5555 1583 5608 En.
1600 5556 1767 5609 Pun.

293 5626 412 5691 74⁸)
455 5624 737 5681 Τουτέστι
786 5623 864 5689 τῷ
909 5626 1121 5691 χρόνῳ.
1155 5623 1353 5677 Lucum
1400 5641 1464 5679 cx
1515 5627 1767 5678 Vaticano

293 5626 412 5692 74⁸)
455 5624 737 5681 Τουτέστι
786 5623 864 5689 τῷ
909 5623 1121 5694 χρόνῳ.
1155 5623 1353 5677 Lucum
1400 5641 1464 5679 cx
1515 5627 1773 5678 Vaticano

195 5697 395 5753 codice
430 5711 546 5752 sua:
585 5695 886 5764 integritati
919 5694 1276 5749 restituimus.
1322 5695 1473 5760 Quod
1513 5695 1579 5749 :ul
1604 5712 1771 5753 cvan-

1949 4878 2087 4935 Vlll.
2143 4878 2411 4935 Caeterum
2472 4874 2594 4930 libri
2648 4887 2816 4943 penes
2882 4873 3007 4929 illos
3059 4873 3447 4945 quamplurimi

1873 4979 2022 5029 sunt.
2070 4971 2203 5025 Nam
2251 4965 2701 5036 lnterrogationes
2747 4962 3011 5032 quasdam
3044 4962 3226 5018 Maria:
3264 4964 3446 5018 vendi-

1873 5072 2010 5120 tant.
2037 5063 2143 5117 Alii
2175 5062 2243 5117 de
2271 5076 2336 5117 eo
2360 5074 2518 5131 quem
2541 5056 2780 5112 diximus
2814 5055 3135 5111 daldabaoth
3162 5055 3265 5113 sub
3295 5055 3447 5112 Sethi

1872 5156 2092 5212 nomine
2125 5152 2434 5223 complures
2478 5132 2647 5205 libros
2704 5149 3078 5222 supposititios
3125 5148 3443 5222 obtrudunt.

1875 5238 1982 5300 Sed
2013 5252 2067 5299 et
2097 5242 2287 5297 Adami
2330 5241 2688 5298 revelationes
2719 5240 2877 5307 alias,
2907 5247 2962 5293 et
2997 5239 3102 5293 alia
3127 5239 3254 5295 item
3285 5254 3449 5325 evaaf

1878 5552 2033 5619 gelici
2105 5538 2710 5619 illius;locisensum
2774 5546 2986 5605 attinet,
3047 5544 3237 5619 eodem
3284 5540 3446 5619 modo

1877 5612 2157 5703 Clirysost.
2181 5626 2234 5675 et
2258 5616 2697 5688 Theophyluctus
2727 5625 3023 5687 exponunt,
3060 5629 3170 5683 quo
3200 5612 3441 5681 Epiphw

1878 5709 2022 5748 JllllS.
