3946 6074
444 264 550 321 363

1858 265 1915 319 S.
1957 266 2295 324 EPIPHANII

3597 268 3703 325 ΞΗ

383 394 393 406 ·
448 381 591 452 gelia
621 380 757 438 falsa
790 379 1185 452 discipulorum
1232 379 1455 435 nomine
1501 380 1850 436 conscribere
1896 390 2025 437 sunt

2137 385 2234 440 τῶν
2278 386 2694 457 συγγράψασθαι
2722 386 3154 458 τετολμήκασιν·
3194 386 3441 441 αὑτόνοτε
3467 386 3559 441 τὸν
3590 389 3705 443 Σω-

449 474 591 530 ausi.
626 473 735 531 Nec
763 489 859 530 eos
892 474 1076 530 dicere
1115 473 1281 544 pudet
1313 472 1650 527 Salvatorem
1681 481 1928 530 nostrum
1960 490 2025 529 ac

451 561 741 618 Dominum
774 561 959 618 Jcsum
1004 561 1283 615 Christum
1327 560 1596 630 ejusmodi
1626 576 1723 631 per
1768 576 1891 618 sese
1918 570 2028 618 tur-

450 653 750 723 pitudinem
773 662 1128 708 monstrasse.
1173 651 1385 713 Etenim
1418 652 1471 707 in
1503 651 1684 706 Maria:
1721 651 2028 725 Interroga-

454 744 687 798 tionibus
725 759 864 814 quas
895 743 1134 814 majores
1164 754 1362 799 vocant
1392 743 1542 817 (sunt
1581 745 1726 800 enim
1769 745 1888 800 alia:
1931 747 2028 803 mi-

450 847 614 888 nores
667 832 893 904 perinde
940 835 1370 906 commentitizc),
1420 835 1566 890 hunc
1594 835 1672 890 illi
1705 826 2029 906 patefecisse

454 924 686 997 ﬁngunt,
717 942 842 982 cum
893 942 1013 984 eam
1056 928 1115 984 in
1156 935 1395 984 montem
1429 927 1730 997 eduxisset,
1774 938 2029 1002 essetque

450 1024 733 1083 precatus,
775 1032 841 1074 ac
884 1017 1151 1087 producta
1192 1018 1258 1074 de
1288 1019 1458 1073 latere
1491 1033 1594 1075 suo
1629 1019 1858 1075 muliere
1900 1034 2028 1075 eum

451 1119 515 1160 ea
540 1108 661 1162 rem
705 1106 907 1163 habere
952 1108 1244 1179 cmpisset;
1281 1115 1395 1167 tum
1429 1107 1664 1163 seminis
1716 1109 1800 1164 sui
1840 1109 2025 1181 profu-

454 1196 609 1252 sione
634 1196 924 1268 deguslata
966 1205 1348 1266 monstrasset,
1385 1198 1484 1265 ita,
1533 1206 1594 1254 ut
1624 1200 1809 1255 vivere
1855 1203 2031 1273 possi-

457 1301 599 1350 mus,
629 1301 752 1343 esse
782 1286 1115 1343 faciendum.
1140 1285 1364 1343 Addunt
1390 1295 1443 1343 et
1460 1289 1832 1359 perturbatam
1864 1289 2031 1345 fuisse

455 1372 906 1445 Mariam,'atque
951 1374 1100 1429 humi
1138 1375 1426 1441 cecidisse,
1470 1392 1699 1448 eamque
1739 1392 1769 1432 a
1811 1378 2031 1433 Christo

454 1481 578 1522 cum
625 1465 713 1520 bis
757 1466 938 1523 verbis
979 1474 1257 1522 erectam:
1307 1467 1485 1535 Quare
1511 1467 1766 1523 dubitasti
1812 1469 2032 1531 modicas

454 1556 625 1626 ﬁdei?
654 1555 832 1627 Atque
859 1545 962 1611 hoc
991 1556 1168 1627 ipsum
1199 1571 1322 1613 esse
1349 1559 1559 1625 volunt,
1593 1557 1738 1631 quod
1771 1557 1828 1613 in
1855 1559 2032 1614 Evan-

452 1647 597 1721 gelio
625 1647 829 1704 dicitur
860 1668 874 1704 :
906 1646 967 1704 Si
1000 1658 1207 1704 terrena
1236 1649 1348 1703 dixi
1375 1649 1539 1717 vobis,
1575 1660 1627 1705 et
1666 1666 1768 1705 non
1802 1650 2031 1706 credidi-

457 1828 694 1883 aideritis
745 1826 943 1883 Filium
1002 1829 1223 1887 hominis
1271 1847 1331 1886 eo
1365 1830 1727 1887 ascendentem
1782 1833 1872 1887 ubi
1921 1846 2034 1891 erat

452 1920 676 1988 prius’;
712 1918 815 1974 hoc
855 1926 964 1986 est,
1001 1919 1276 1991 inquiunt,
1316 1920 1593 1992 proﬂuens
1623 1937 1809 1978 semen
1847 1938 2031 1979 exsor-

457 2018 631 2082 ptum,
681 2017 743 2066 ut
786 2025 853 2065 eo
900 2010 1046 2067 unde
1094 2014 1300 2069 exierat
1339 2022 1661 2071 revertatur.
1714 2014 1853 2070 Tum
1889 2015 2036 2087 quod

458 2102 587 2158 alibi
654 2103 921 2173 scriptum
978 2110 1110 2160 est:
1146 2103 1271 2157 Nisi
1328 2103 1773 2161 manducareritis
1824 2123 2037 2163 carnem

458 2207 650 2256 meam,
683 2201 734 2247 et
769 2192 1002 2248 biberitis
1039 2209 1208 2248 meum
1237 2196 1572 2266 sanguinem‘
1593 2237 1606 2249 .
1637 2197 1720 2253 Ad
1754 2214 1877 2269 qua:
1913 2215 2039 2271 per-

374 2334 378 2338 Α
458 2283 695 2338 turbatis
729 2284 1039 2356 discipulis,
1085 2299 1152 2340 ac
1195 2285 1506 2344 dicentibus
1534 2307 1549 2343 :
1579 2287 1711 2354 Quis
1742 2290 1838 2345 hoc
1867 2300 2035 2362 potest

457 2378 719 2434 audire‘?
745 2377 815 2435 de
843 2380 1183 2451 turpitudine
1221 2396 1530 2439 sermonem
1568 2398 1693 2439 eum
1725 2385 2035 2440 institutum

461 2468 678 2535 ferunt,
735 2469 970 2541 ideoque
1010 2470 1261 2528 turbatos
1311 2481 1459 2528 retro
1515 2473 1704 2544 pedem
1761 2476 2032 2532 retulisse.

457 2559 712 2618 Nondum
751 2562 897 2617 enim
931 2561 1171 2634 perfecte
1197 2564 1536 2620 corroborati
1577 2572 1735 2621 erant
1775 2580 1839 2622 ac
1869 2567 2037 2623 stabi-

459 2652 561 2708 liti.
597 2652 717 2720 Quo
744 2652 909 2709 etiam
938 2652 1163 2709 Davidis
1194 2652 1329 2708 illud
1357 2651 1562 2708 dictum
1592 2653 1840 2710 referunt
1867 2673 1881 2709 :
1916 2655 2038 2710 Erit

461 2753 714 2816 tanquam
748 2744 945 2817 lignum
974 2743 1113 2815 quod
1146 2745 1448 2814 plumatum
1484 2754 1562 2799 est
1602 2762 1749 2800 secus
1785 2745 2037 2802 decursus

458 2851 738 2906 aquarum,
769 2833 907 2905 quod
939 2834 1173 2903 fructum
1202 2850 1354 2888 suum
1376 2832 1524 2888 dabit
1547 2834 1601 2889 in
1623 2844 1852 2905 tempore
1879 2853 1974 2892 suo
1990 2838 2033 2892 ⁸.

457 2924 569 2996 90
593 2923 772 2995 Atque
816 2924 872 2979 in
902 2938 968 2979 eo
1024 2923 1168 2995 quod
1205 2925 1468 2996 scriptum
1506 2934 1628 2983 est:
1662 2925 1822 2994 εοεαε
1854 2929 2038 2983 decur-

2126 478 2267 549 τῆρα
2294 478 2451 548 ἡμῶν
2479 479 2574 531 xui
2621 478 2822 550 Κύριον
2869 477 3077 549 Ἰησοῦν
3105 478 3341 550 Χριστὸν
3382 478 3484 531 οὐκ
3508 480 3703 549 αἰσχύ-

2126 585 2305 621 νονται
2344 568 2544 636 λέγειν,
2580 570 2663 622 ὅτι
2705 569 2867 632 αὐτὸς
2911 567 3233 637 ἀπεκάλυψε
3276 567 3377 638 τὴν
3418 569 3707 641 αἰσχρουρ-

2127 658 2250 728 γίαν
2282 659 2503 730 ταύτην.
2549 661 2637 713 Ἐν
2676 659 2786 730 γὰρ
2805 662 2925 722 ταῖς
2961 658 3321 728 Ἐρωτήσεσι
3347 659 3571 731 Μαρίας
3613 678 3705 715 κα-

2071 778 2091 799 θ
2127 754 2416 825 λουμέναις
2468 754 2730 825 μεγάλαις
2779 754 2909 824 (εἰσὶ
2956 752 3065 824 γὰρ
3116 752 3215 806 xui
3271 752 3467 823 μικραὶ
3520 753 3704 818 αὐτοῖς

2129 846 2539 917 πεπλασμέναι)
2617 844 2961 900 ὑποτίθενται
3010 843 3172 897 αὑτὸν
3234 844 3372 913 αὑτῇ
3423 843 3701 898 ἀποκαλύ-

2130 954 2306 1001 πτειν,
2335 935 2722 1008 παραλαϐόντα
2757 933 2926 1005 αὐτὴν
2958 935 3038 998 εἰς
3076 933 3137 987 τὸ
3165 932 3313 1004 ὅρος,
3345 933 3443 987 xui
3476 933 3708 1005 εὐξάμε-
3782 972 3791 975 -

2127 1043 2238 1090 νον,
2267 1027 2361 1081 καὶ
2395 1026 2693 1081 ἐκϐαλόντα
2729 1026 2795 1079 ἐκ
2818 1025 2918 1094 τῆς
2964 1023 3208 1095 πλευρᾶς
3242 1024 3409 1078 αὐτοῦ
3443 1028 3703 1093 γυναῖκα,

2130 1115 2225 1171 xui
2266 1115 2573 1188 ἀρξάμενον
2616 1115 2751 1185 αὐτῇ
2796 1112 3335 1184 ἐγκαταμίγνυσθαιο
3393 1114 3490 1166 xui
3535 1111 3708 1176 οὕτως

2128 1206 2286 1277 δῆθεν
2314 1207 2412 1278 τὴν
2454 1205 2753 1277 ἀπόρροιαν
2797 1202 2963 1256 αὐτοῦ
2998 1202 3371 1273 μεταλαϐόντα
3404 1202 3596 1267 δεῖξαι,
3625 1203 3708 1256 ὅτι
3764 1256 3771 1261 ,

2129 1297 2211 1350 δεῖ
2235 1296 2404 1360 οὕτως
2435 1299 2624 1360 ποιεῖν,
2659 1295 2745 1348 ἴνα
2775 1292 3030 1364 ζήσωμεν
3053 1309 3067 1322 ·
3122 1294 3216 1346 xui
3241 1293 3318 1356 ὡς
3353 1293 3455 1362 τῆς
3492 1293 3709 1365 Μαρίας

2129 1387 2512 1459 ταραχθείσης,
2564 1389 2659 1441 xui
2688 1387 2961 1459 πεσούσης
3003 1387 3202 1458 χαμαὶ,
3229 1386 3389 1441 αὑτὸν
3424 1385 3587 1439 πάλιν
3614 1385 3712 1438 αὑ-

2129 1473 2227 1545 τὴν
2271 1473 2560 1545 ἐγείραντα
2614 1475 2788 1528 εἰπεῖν
2822 1475 2961 1545 αὐτῇ
2986 1490 2999 1503 ⁸
3050 1476 3185 1529 Ἵνα
3248 1474 3306 1527 τι
3357 1473 3707 1541 ἐδίστασας,

2132 1562 2511 1632 ὀλιγόπιστε;
2558 1562 2667 1615 Καί
2715 1578 2904 1633 φασιν,
2934 1562 3017 1616 ὅτι
3050 1561 3146 1616 xui
3181 1561 3340 1615 τοῦτό
3368 1564 3486 1616 ἐστι
3528 1562 3591 1615 τὸ
3629 1562 3711 1615 εί·-

2136 1652 2369 1725 ρημένον
2394 1652 2453 1706 ἐν
2479 1651 2558 1723 τῷ
2600 1652 2939 1723 Εὑαγγελίῳ,
2981 1653 3063 1707 ὅτι
3083 1653 3153 1706 El
3176 1651 3248 1706 τὰ
3274 1653 3506 1723 ἐπίγεια
3537 1649 3713 1707 εἷπον

334 1796 339 1800 ,
454 1739 575 1803 stis,
605 1739 835 1794 caelestia
868 1740 1129 1810 quomodo
1175 1739 1395 1795 credetis
1422 1741 1474 1794 ‘?
1524 1740 1655 1798 Item
1691 1741 1824 1798 illud
1857 1761 1871 1798 :
1901 1742 2035 1798 Cum

2137 1742 2297 1813 ὑμῖν,
2333 1743 2433 1798 καὶ
2476 1745 2588 1799 οὐκ
2638 1744 3060 1807 ἐπιστεύσατε,
3111 1744 3184 1798 τὰ
3225 1742 3554 1812 ἐπουράνια
3586 1742 3714 1809 πῶς

2136 1835 2526 1900 mandastis;
2565 1834 2659 1889 xui
2704 1834 2784 1899 τὸ,
2821 1835 3009 1890 Ὅταν
3044 1833 3208 1901 ἴδητε
3256 1833 3365 1888 τὸν
3421 1835 3558 1889 Υίὸν
3603 1834 3713 1888 τοῦ

2136 1925 2449 1993 ἀνθρώπου
2496 1926 2899 1995 ἀνερχόμενον
2949 1926 3101 1981 ὅπου
3150 1923 3230 1997 ἦν
3272 1924 3338 1979 τὸ
3390 1926 3708 1994 πρότερον

2135 2015 2381 2068 τουτέστι
2406 2014 2503 2086 τὴν
2532 2015 2831 2087 ἀπόρροιαν
2863 2014 3440 2089 μεταλαμϐανομένην,
3468 2013 3592 2068 ὅθεν
3618 2013 3715 2067 xui

2135 2105 2362 2176 ἐξῆλθε·
2404 2105 2589 2160 καὶτὸ
2631 2108 2837 2160 εἰπεῖν·
2880 2106 3022 2162 Ἐὰν
3050 2106 3137 2176 μὴ
3185 2104 3411 2176 φάγητέ
3452 2122 3569 2174 μου
3597 2103 3715 2171 τὴν

2137 2197 2353 2267 σάρκα,
2387 2198 2485 2253 καὶ
2512 2197 2688 2266 arma
2710 2216 2829 2268 μου
2860 2197 2926 2252 τὸ
2963 2194 3126 2270 αἷμα.
3161 2198 3271 2253 Καὶ
3311 2197 3418 2251 τῶν
3455 2194 3716 2268 μαθητῶν

2136 2287 2578 2360 ταρασσομένων,
2630 2286 2726 2340 xui
2756 2286 3045 2355 λεγόντων,
3096 2286 3191 2353 Τίς
3237 2285 3487 2340 δύναται
3534 2283 3718 2342 τοῦτο

2138 2379 2431 2442 ducimur;
2471 2378 2658 2448 φασιν,
2682 2377 2760 2442 ὡς
2793 2378 2922 2450 περὶ
2961 2377 3059 2448 τῆς
3083 2376 3438 2449 αίσχρότητος
3465 2371 3533 2446 ἦν
3559 2377 3589 2430 ό
3628 2374 3720 2428 λό-

2137 2489 2268 2542 γος’
2317 2470 2397 2526 διὸ
2456 2471 2552 2525 xui
2608 2468 3025 2541 ἐταράχθησαν,
3079 2470 3174 2523 xui
3222 2467 3462 2540 ἀπῆλθον
3490 2454 3596 2532 ἐἰς
3645 2467 3721 2522 τὰ

2137 2566 2331 2620 ὀπίσω.
2367 2563 2532 2618 Οὔπω
2566 2563 2676 2635 γὰρ
2699 2559 2859 2634 ἦσαν,
2902 2563 3090 2632 φασιν,
3120 2563 3178 2615 ἐν
3217 2553 3540 2634 πληρώματι
3562 2561 3722 2613 ἐστε-

2141 2657 2422 2730 ρεωμένοι.
2463 2655 2574 2708 Καὶ.
2615 2654 2678 2708 τὸ
2718 2655 2896 2707 εἰπεῖν
2932 2652 3023 2706 τὸν
3051 2652 3242 2707 Δαϐίδ⁸
3288 2654 3500 2707 Ἔσται
3535 2652 3618 2718 ὡς
3648 2651 3722 2705 τὸ

2139 2749 2330 2814 ξύλον
2362 2746 2429 2801 τὸ
2462 2742 2916 2815 πεφυτευμένον
2944 2742 3103 2811 παρὰ
3130 2742 3237 2809 τὰς
3264 2740 3570 2807 διεξόδους
3596 2739 3725 2795 τῶν

2141 2836 2391 2897 ὑδάτων,
2417 2835 2449 2890 ὃ
2482 2835 2590 2891 τόν
2615 2834 2849 2904 καρπὸν
2879 2832 3066 2889 αὐτοῦ
3093 2831 3272 2887 δώσει
3298 2831 3368 2885 ἐν
3391 2829 3571 2900 καιρῷ
3603 2832 3686 2885 αὐ
3703 2862 3721 2874 ο

2137 2930 2241 2985 τοῦ
2260 2948 2274 2962 ο
2306 2929 2435 3000 περὶ
2469 2928 2570 3000 τῆς
2596 2927 2950 3000 αἱσχρότητος
2979 2923 3074 2979 τοῦ
3107 2925 3320 2997 ἀνδρὸς,
3349 2924 3504 2993 φασὶ,
3537 2924 3715 2994 λέγει,

460 3032 552 3070 sus
579 3032 857 3087 aquarum,
888 3015 1115 3072 indicari
1140 3017 1244 3072 viri
1271 3016 1572 3075 fmditatem
1602 3019 1868 3086 asseruit;
1888 3020 2035 3077 istud

2151 3020 2276 3074 Ἐπὶ
2313 3025 2428 3090 τὴν
2460 3019 2676 3084 ἔξοδον
2706 3019 2823 3073 τῶν
2855 3017 3107 3073 ὑδάτων.
3148 3016 3280 3079 Καὶ,
3302 3017 3398 3119 ’Ὃ
3438 3014 3542 3070 τὸν
3578 3032 3721 3085 acap-

461 3121 623 3163 νει-οε
653 3106 807 3175 Quod
829 3107 1062 3177 fructum
1095 3125 1250 3165 suum
1281 3109 1427 3165 dabit
1456 3110 1510 3164 in
1544 3119 1772 3181 tempore
1802 3128 1919 3175 suo,
1942 3128 2036 3167 vo-

460 3197 688 3269 luptatis
731 3197 1108 3254 demoustrare
1148 3199 1487 3270 proluviem;
1540 3214 1666 3254 nam
1706 3200 1850 3270 quod
1884 3199 2040 3256 addi-

461 3295 724 3354 tum'est,
753 3285 822 3341 Et
846 3286 1039 3358 [alium
1064 3288 1178 3358 ejus
1203 3306 1307 3344 non
1345 3288 1536 3358 deﬂuet
1558 3290 1602 3355 ⁸,
1644 3297 1758 3344 tum
1793 3305 1825 3345 a
1855 3289 2035 3355 nobis,

462 3381 740 3453 inquiunt,
784 3379 1085 3453 perficitur,
1134 3396 1260 3436 cum
1310 3383 1364 3437 in
1398 3393 1597 3437 terram
1643 3382 1894 3440 decidere
1929 3392 2039 3439 nan

371 3496 384 3509 ο
463 3470 725 3539 patimur,
762 3470 858 3526 sed
893 3469 1113 3541 ipsimet
1137 3470 1271 3526 illud
1297 3472 1660 3529 absumimus.

532 3557 627 3616 IX.
667 3562 746 3615 Ac
777 3576 847 3615 ne
887 3562 1117 3632 prolatis
1160 3561 1377 3618 illorum
1409 3564 1740 3622 testimoniis
1778 3566 1903 3637 plus
1945 3566 2042 3624 de-

463 3651 711 3707 trimenti
734 3666 900 3724 quam
945 3654 1199 3711 utilitatis
1242 3654 1489 3719 afferam,
1539 3655 1745 3715 idcirco
1783 3660 2041 3731 pleraque

466 3743 687 3799 silentio
726 3744 1157 3815 praetermittam.
1185 3746 1444 3819 Alioquin
1464 3749 1669 3813 omnia,
1711 3766 1833 3822 quae
1865 3751 1936 3825 ab
1974 3750 2041 3806 il-

465 3835 536 3892 lis
564 3834 845 3900 dicuntur,
881 3835 988 3891 hoc
1019 3836 1142 3893 loco
1165 3838 1494 3909 explicando
1526 3855 2037 3898 commemorarem.

464 3924 602 3982 Nam
639 3925 791 3998 quod
856 3926 913 3980 in
955 3925 1239 3999 Scriptura
1279 3929 1512 4003 legimus
1559 3930 1714 3987 Raab
1755 3934 2040 3990 coccinum

465 4020 520 4077 in
543 4016 785 4077 fenestra
808 4019 1064 4092 posuisse
1085 4020 1131 4088 ",
1158 4036 1270 4075 non
1293 4021 1577 4077 coccinum
1595 4031 1734 4089 erat,
1764 4024 2040 4096 inquiunt,

465 4112 564 4170 sed
604 4112 874 4170 muliebre
918 4112 1277 4185 pudendum:
1311 4113 1367 4168 in
1414 4130 1525 4185 quo
1565 4116 1857 4173 coccineus
1891 4118 2044 4173 color

469 4212 812 4260 menstruum
857 4202 1182 4275 sanguinem
1211 4202 1509 4274 significat.
1558 4202 1703 4269 Quin
1742 4205 1908 4260 etiam
1949 4221 2044 4261 eo-

465 4293 590 4349 dem
619 4294 755 4350 illud
797 4303 1007 4365 spectat
1038 4313 1053 4350 :
1085 4294 1214 4351 Bibe
1246 4302 1439 4366 aquam
1469 4295 1534 4352 de
1567 4297 1673 4351 tuis
1710 4298 1850 4353 vasis
1869 4297 1910 4351 ⁸.
1955 4295 2043 4354 Si-

2138 3112 2257 3165 πὸν
2279 3109 2465 3166 αὑτοῦ
2491 3109 2689 3173 δώσει,
2723 3106 2821 3179 τὴν
2856 3108 2954 3178 τῆς
2994 3105 3188 3178 ἡδονῆς
3223 3103 3525 3177 ἐπίρροιαν,
3558 3105 3721 3170 φασὶ,

2137 3200 2318 3269 λέγει·
2353 3199 2463 3253 Καὶ
2500 3198 2569 3252 τό
2603 3198 2842 3267 φύλλον
2877 3195 3062 3251 αὐτοῦ
3091 3196 3203 3249 οὐκ
3243 3186 3721 3262 ἀπορρυήσεται,

2137 3294 2218 3347 ὅτι
2248 3292 2347 3345 οὐκ
2379 3290 2557 3361 ἐῶμεν
2590 3288 2719 3342 αὐτὸ
2749 3287 2924 3359 χαμαὶ
2955 3288 3161 3348 πεσεῖν,
3191 3284 3329 3338 ἀλλὰ
3373 3283 3526 3339 αὐτοὶ
3582 3284 3720 3338 αὐτὸ

2140 3383 2408 3454 ἐσθίομεν.

2208 3565 2284 3619 8'.
2325 3562 2437 3617 Kui
2462 3562 2550 3617 ῖνα
2602 3561 2679 3633 μὴ
2727 3558 2828 3625 τὰς
2881 3556 3187 3630 μαρτυρίας
3232 3553 3410 3610 αὐτῶν
3460 3555 3518 3607 ἐν
3566 3551 3725 3625 μέσῳ

2142 3657 2290 3726 ἄγων
2328 3653 2517 3726 mea...
2568 3651 2768 3725 μᾶλλον
2816 3651 2961 3723 ἥπερ
2993 3648 3281 3718 ὠφελήσω,
3319 3645 3508 3699 τούτου
3555 3645 3724 3718 χάριν

2140 3746 2210 3803 τὰ
2242 3746 2412 3800 πολλὰ
2453 3742 2857 3817 ὑπερϐήσομαι.
2904 3740 3058 3793 Ἐπεὶ
3089 3740 3110 3772 ⁹
3153 3741 3218 3793 ἂν
3250 3737 3318 3791 τὰ
3357 3737 3532 3791 πάντα
3583 3737 3725 3807 παρ’

2141 3839 2323 3904 αὐτοῖς
2351 3837 2537 3900 κακῶς
2568 3834 2838 3906 λεγόμενα
2866 3830 3107 3911 ἐνταῦθα
3176 3829 3606 3902 παρατιθέμενος
3642 3828 3727 3881 δι-

2141 3931 2424 4004 ηγόρευον.
2460 3928 2535 3981 Τὸ
2559 3927 2872 3999 γὰρείπεῖν,
2894 3924 3045 3995 φασὶ,
3077 3922 3377 3977 τεθεικέναι
3407 3920 3504 3992 τὴν
3548 3920 3733 3978 Ῥαὰϐ,

2142 4022 2393 4079 κόκκινον
2433 4023 2491 4096 ἐν
2524 4022 2589 4091 τῇ
2626 4018 2823 4092 θυρίδι,
2850 4017 2950 4071 οὐκ
2977 4010 3068 4088 ἦν,
3094 4015 3249 4085 φασὶ,
3278 4014 3550 4079 κόκκινον,
3580 4013 3723 4067 ἀλλὰ

2140 4112 2212 4167 τὰ
2257 4113 2427 4185 μόρια
2452 4112 2550 4183 τῆς
2588 4108 2907 4181 γυναικείας
2942 4108 3190 4177 φύσεως’
3228 4108 3325 4163 καὶ
3348 4107 3420 4169 ,τὸ
3467 4107 3725 4161 κόκκινον

2143 4197 2282 4275 αἷμα
2329 4204 2438 4258 τῶν
2485 4203 2837 4274 καταμηνίων
2887 4201 3059 4271 λέγει.
3100 4199 3206 4255 Καὶ
3242 4200 3302 4254 τὸ
3344 4200 3537 4265 εἰπεῖν,
3574 4199 3727 4254 mre

2143 4294 2333 4349 ὕδατα
2363 4294 2479 4348 ἀπὸ
2517 4292 2645 4348 σῶν
2683 4293 2954 4363 ἀγγείων,
2976 4292 3105 4363 περὶ⁹
3139 4290 3328 4344 τούτου
3373 4290 3536 4360 λέγει.
3580 4290 3728 4342 Φασὶ

466 4384 688 4456 quidem
715 4385 942 4443 interire
968 4401 1216 4456 carnem,
1250 4402 1351 4444 nec
1383 4388 1612 4445 excitari
1642 4388 1822 4445 denuo
1847 4390 2036 4462 praedi-

2144 4389 2200 4443 δέ
2228 4383 2366 4442 εἶναι
2402 4386 2501 4456 τὴν
2534 4386 2713 4456 σάρκα
2741 4383 3142 4455 ἀπολλυμένην,
3179 4381 3274 4436 xui
3321 4379 3395 4451 μὴ
3424 4379 3727 4451 ἐγειρομέ-

467 4480 620 4543 eant,
670 4489 901 4549 eamque
942 4478 1010 4533 ad
1038 4479 1339 4552 principem
1370 4481 1666 4551 pertinere.
1698 4479 1821 4537 Vim
1859 4492 2045 4540 autem

469 4567 641 4633 illam,
674 4582 797 4639 qua:
844 4567 900 4623 in
941 4570 1242 4626 menstruis
1296 4578 1381 4626 est
1423 4586 1488 4628 ac
1538 4572 1768 4639 semine,
1807 4573 2044 4628 animam

468 4673 613 4725 esse,
648 4673 812 4730 quam
846 4659 1132 4715 collectam
1169 4660 1525 4719 comedimus.
1572 4661 1724 4719 Unde
1760 4679 1884 4719 cum
1923 4679 2052 4719 car-

470 4748 634 4805 nibus
687 4754 783 4802 aut
830 4748 1096 4814 oleribus,
1148 4745 1242 4804 aut
1301 4764 1461 4820 pane,
1503 4758 1598 4805 aut
1641 4752 1748 4807 alio
1788 4754 2046 4825 quopiam

468 4840 762 4904 vescimur,
791 4839 929 4895 bene
954 4837 1024 4895 de
1057 4839 1257 4898 creatis
1288 4840 1450 4897 rebus
1485 4856 1778 4908 meremur,
1810 4843 1940 4899 dum
1974 4860 2042 4901 ex

468 4927 555 4985 bis
581 4928 839 4985 omnibus
868 4928 1107 4984 animam
1142 4928 1520 5003 corrogamus,
1551 4944 1617 4985 ac
1656 4920 1945 4987 nobiscum
1984 4932 2039 4987 in

2147 4498 2245 4551 νην
2266 4496 2280 4511 ’
2313 4475 2452 4532 εἶναι
2484 4476 2540 4530 δέ
2585 4475 2787 4547 ταύτην
2812 4474 2907 4529 τοῦ
2938 4474 3216 4545 ἄρχοντος.
3261 4472 3370 4542 Τὴν
3404 4470 3459 4523 δέ
3489 4468 3728 4541 δύναμιν

2146 4573 2246 4644 τὴν
2295 4572 2353 4623 ἐν
2387 4571 2499 4632 τοῖς
2532 4566 2888 4638 καταμηνίοις
2931 4565 3025 4620 xui
3070 4565 3128 4617 ἐν
3177 4565 3295 4627 ταῖς
3329 4564 3513 4631 γοναῖς
3538 4560 3729 4631 ψυχὴν

2146 4658 2287 4715 εἷναί
2338 4676 2521 4730 φασιν,
2573 4657 2639 4728 ἢν
2695 4655 3045 4725 συλλέγοντες
3096 4653 3369 4724 ἐσθίομεν.
3421 4651 3530 4705 Καὶ
3575 4649 3729 4724 ἅπερ

2147 4755 2306 4826 ἡμεῖς
2340 4750 2589 4821 ἐσθίομεν
2623 4749 2732 4819 (75)
2777 4748 2933 4818 κρέα,
2963 4748 3001 4819 ἦ
3046 4745 3277 4817 λάχανα,
3313 4744 3346 4816 ἢ
3390 4744 3572 4818 ἄρτον,
3607 4744 3646 4814 ἡ
3672 4762 3732 4798 τι

2147 4844 2355 4914 ἕτερον,
2410 4840 2570 4912 χάριν
2615 4837 2875 4910 ποιοῦμεν
2921 4839 3042 4900 ταῖς
3085 4835 3317 4896 κτίσεσι,
3369 4832 3731 4900 συλλέγοντες

2130 4933 2255 4988 άπὸ
2285 4933 2501 4987 πάντων
2537 4929 2633 5002 τὴν
2665 4928 2861 5000 ψυχὴν,
2894 4927 2989 4981 xui
3025 4924 3421 4998 μεταφέροντες
3453 4920 3573 4995 μεθ’
3598 4924 3733 4977 ἐαυ-

468 5019 668 5076 οωιιιω
715 5020 1019 5078 evebimus.
1075 5018 1309 5093 Ideoque
1350 5037 1549 5094 genere
1598 5023 1745 5079 omni
1793 5023 2036 5078 carnium

2137 5022 2254 5075 *τῶν
2302 5023 2381 5085 εἰς
2432 5019 2501 5073 τὰ
2544 5018 2861 5089 ἐπουράνια.
2917 5016 3116 5086 Διόπερ
3163 5013 3258 5068 xui
3304 5013 3521 5068 πάντων
3558 5029 3733 5083 μετα-

469 5119 720 5178 utuntur,
748 5123 810 5169 ut
839 5114 1074 5186 generis,
1106 5100 1280 5177 aiunt,
1313 5115 1486 5171 nostri
1520 5113 1898 5171 misereamur.
1928 5111 2036 5169 Cm-

2146 5110 2482 5184 λαμϐάνουσι
2512 5110 2689 5182 κρεῶν
2715 5108 2986 5173 λέγοντες,
3019 5107 3110 5160 ἵνα
3141 5105 3456 5176 ἐλεήσωμεν
3480 5103 3543 5156 τὸ
3568 5104 3738 5173 γένος

468 5208 646 5258 terum
671 5205 918 5260 eamdem
949 5206 1131 5262 inesse
1152 5214 1345 5277 putant
1371 5206 1720 5273 animalibus,
1746 5214 1799 5263 et
1825 5206 2036 5272 bestiis,

2149 5204 2327 5278 ἡμῶν.
2352 5203 2625 5257 Φάσκουσι
2650 5202 2705 5257 δέ
2733 5201 2831 5273 τὴν
2854 5199 3024 5271 αὐτὴν
3048 5195 3225 5270 ψυχήν
3252 5192 3394 5250 εἶναι
3427 5195 3485 5251 ἐν
3521 5213 3583 5249 τε
3614 5199 3741 5262 τοῖς

469 5353 856 5487 “russam?
871 5356 992 5489 ἐξ
1017 5356 1266 5480 az'loan.
1304 5375 1380 5426 vr,
1413 5359 1503 5415 66.
1582 5360 1881 5416 'ibid.54.
1956 5314 2262 5415 quasi.
2331 5359 2667 5425 'Psal.t,5.
2748 5354 2932 5409 “ibid.
2999 5350 3437 5429 "_Josueu,‘21.
3504 5349 3741 5411 'Prov.

477 5644 507 5686 a
539 5564 653 5633 (75)
682 5564 797 5690 {iui
831 5565 980 5635 ἅπερ
1016 5568 1179 5635 ἡμεῖς
1213 5567 1509 5637 ἐσθίομεν.
1540 5568 1683 5623 Idem
1728 5564 2010 5621 Manichaei

515 5649 677 5690 enare
706 5675 718 5690 .

2139 5566 2299 5622 titare
2329 5566 2595 5633 solebant,
2625 5574 2682 5621 ut
2710 5582 2775 5621 ex
2807 5565 2944 5637 Aug.
2979 5565 3071 5619 lib.
3130 5562 3392 5616 Adversus
3458 5559 3739 5621 Faustum

511 5649 718 5706 pparet.

3726 5784 3783 5805 "‘-
