3946 6074
198 254 293 311 εις
813 254 1183 315 ADVERSUS
1222 258 1562 318 HERESES
1599 261 1731 320 LIB.

1857 266 2007 323 ΙῸΜ.
2053 267 2114 324 ll.
2153 302 2223 313 —
2257 270 2532 332 HIERES.
2566 275 2754 333 XXVI.
3336 288 3455 344 346‘

201 374 346 440 ζώοις
378 371 469 425 καὶ
497 371 555 425 ὲν
602 374 910 438 κνωδάλοις,
930 375 1043 455 ⁴καὶ⁸
1094 376 1292 447 ἰχθύσι,
1327 381 1423 434 καὶ
1450 380 1628 451 ὄφεσι,
1659 382 1753 437 καὶ

1857 393 1912 441 et
1946 386 2194 458 piscibus
2231 368 2298 445 ac
2340 382 2695 462 serpentibus
2734 394 2994 463 animam,
3043 414 3163 468 qua:
3199 400 3437 458 homini-

199 462 488 536 ἀνθρώποις
527 450 993 538 ὲγκατεσπάρθαι,
1030 467 1125 522 καὶ
1158 471 1216 523 ὲν
1254 470 1528 540 λαχάνοις,
1574 474 1670 527 καὶ
1701 475 1758 528 ἐν

201 554 445 624 δένδρεσι,
482 555 573 608 καὶ
612 554 670 606 ὲν
700 555 1024 626 γεννήμασι.
1059 560 1170 613 Καὶ
1219 561 1270 612 οἱ
1311 562 1412 632 μὲν
1457 563 1640 617 αὐτῶν
1671 563 1763 615 Φι-

201 646 426 698 6ιωνῖται
460 646 785 717 καλούμενοι
821 649 1155 721 ἀναφέρουσι
1187 652 1285 716 τὰς
1316 656 1548 726 αἰσχρὰς
1582 662 1761 715 αὐτῶν

203 736 374 799 θυσίας
411 737 508 807 τῆς
545 740 825 809 πορνείας,
850 740 950 804 τὰς
977 741 1070 811 ὑφ’
1103 746 1134 814 ἠ
1145 744 1260 813 μῶν
1288 746 1524 801 ἐνταῦθα
1572 767 1760 823 προει-

203 830 424 901 ρημένας
484 832 716 913 ῥνόμασι
776 836 1113 905 τριακοσίοις
1162 837 1629 909 ἑξηκονταπέντε,
1678 842 1762 910 οἷς

133 969 145 978 .
198 923 337 979 αὐτοὶ
374 923 612 979 ἔπλασαν
658 927 938 997 ἀρχόντων
985 928 1182 998 δῆθεν,
1239 933 1604 1002 ἐμπαίζοντες
1649 939 1761 999 τοῖς

201 1014 572 1083 γυναικαρίοις,
610 1016 706 1069 καὶ
744 1015 998 1084 λέγοντες
1020 1035 1034 1047 ·
1083 1019 1292 1090 Μίγηθι
1333 1023 1449 1092 μετ’
1482 1024 1639 1094 ἐμοῦ,
1673 1026 1761 1079 ἴνα

200 1118 255 1155 σε
284 1103 560 1188 θάνενέγκω
606 1106 745 1177 πρὸς
792 1109 885 1162 τὸν
937 1111 1197 1182 ἄρχοντα.
1246 1111 1379 1167 Καθ’
1429 1116 1670 1188 ἑκάστην
1704 1118 1759 1172 δὲ

202 1184 333 1265 μίξιν
379 1196 735 1266 ὀνομάζουσιν
777 1201 894 1264 ἐνὸς
925 1201 1098 1273 δνομά
1141 1221 1284 1268 τινος
1333 1184 1758 1280 βάρϐαρον-τῶν

199 1287 315 1355 παρ’
341 1288 518 1352 αὐτοῖς
569 1291 1029 1363 πεπλανημένων,
1077 1295 1173 1349 καὶ
1201 1296 1363 1367 δῆθεν
1391 1298 1642 1369 εὔχονται
1671 1302 1759 1355 λέο

198 1392 367 1446 γοντες
386 1395 398 1408 ’
431 1381 824 1453 Προσφέρομέν
866 1401 947 1439 σοι
975 1385 1054 1456 τῷ
1077 1386 1231 1453 δεῖνι,
1262 1388 1348 1442 ἵνα
1381 1393 1758 1467 προσενέγκῃς

196 1471 265 1541 τῷ
284 1472 425 1525 δεῖνι.
467 1475 547 1546 Τῇ
581 1475 636 1528 δὲ
668 1476 804 1550 ἄλλῃ
838 1478 1000 1533 πάλιν
1033 1480 1178 1550 μίξει
1216 1480 1362 1553 ἄλλῳ
1411 1485 1755 1542 ὑποτίθενται

194 1561 433 1628 ὡσαύτως
458 1568 814 1638 προσφέρειν,
856 1569 1079 1624 ἴνα-καὶ
1104 1573 1268 1638 αὐτὸς
1311 1574 1389 1645 τῷ
1432 1576 1595 1649 ἄλλῳ.
1647 1580 1755 1633 Κα⁶ι

193 1653 286 1720 ἕως
310 1656 371 1710 ἂν
400 1657 551 1731 ἔλθῃ,
587 1660 790 1729 μᾶλλον
821 1661 878 1715 δὲ
905 1663 1144 1737 κατέλθῃ
1184 1669 1507 1737 τριακοσίας
1531 1668 1745 1742 ἑξηκον-

193 1747 400 1801 ταπέντε
449 1749 691 1814 πτώσεις
713 1751 814 1822 τῆς
840 1751 1113 1822 λαγνείας,
1148 1756 1270 1809 καθ’
1299 1759 1536 1829 ἑκάστην
1581 1737 1753 1830 ὄνομά
1784 1737 1824 1793 Β

190 1853 238 1891 τι
270 1830 597 1895 ἐπικαλεῖται
625 1841 688 1895 τὸ
724 1842 934 1897 τοιοῦτο
961 1846 1349 1918 ἐργαζόμενος.
1387 1850 1497 1902 Καὶ
1523 1851 1752 1921 ἄρχεται

192 1929 339 1984 πάλιν
390 1933 641 1987 κατιέναι
687 1933 774 1988 διά
824 1936 932 1989 τῶν
982 1937 1193 2003 αὐτῶν,
1239 1937 1311 1992 τὰ
1361 1940 1499 1994 αὑτά
1549 1942 1752 2014 αἰσχρὰ

190 2020 435 2078 ἐπιτελῶν
481 2025 583 2077 καὶ
628 2026 916 2096 ἑμπαίζων
959 2032 1094 2092 ταῖς·
1128 2031 1536 2101 ἡπατημέναις.
1584 2034 1752 2089 Ὅταν

191 2110 275 2168 οὖν
302 2118 378 2179 εἰς
407 2117 671 2172 τοσοῦτον
713 2117 949 2189 ἀριθμοῦ
996 2120 1159 2189 ὄγκον
1208 2122 1374 2194 ἐλάσῃ
1408 2121 1752 2179 ἑπτακοσίων

189 2208 457 2277 τριάκοντα
502 2210 791 2274 πτώσεων,
824 2210 965 2276 λέγω
1006 2211 1082 2282 δὴ·
1119 2212 1320 2283 μίξεων
1363 2214 1624 2286 αἰσχρῶν,
1655 2218 1753 2271 καὶ

188 2297 443 2370 ὀνομάτων
489 2301 608 2356 τῶν
647 2302 774 2372 παρ’
808 2301 991 2364 αὐτοῖς
1034 2302 1456 2375 πεπλασμένων,
1490 2306 1612 2359 τότε
1640 2306 1751 2360 λοι-

186 2391 280 2444 πὸν
312 2393 476 2470 τολμᾷ
509 2395 544 2447 ὁ
579 2394 840 2461 τοιοῦτος,
874 2396 971 2449 καὶ
999 2394 1181 2465 λέγει*
1238 2397 1380 2467 Ἐγὼ
1418 2402 1534 2471 εἰμι
1560 2401 1590 2453 ό
1618 2401 1753 2470 Χρι-

190 2483 320 2546 στόςσ
375 2486 570 2557 ἐπειδὴ
608 2485 812 2540 ἀνωθεν
835 2487 1186 2559 καταϐέϐηκα
1213 2489 1302 2543 διὰ
1325 2490 1434 2544 τῶν
1461 2491 1742 2563 ὀνομάτων

186 2574 284 2628 τῶν
308 2577 408 2643 τξε¹
434 2578 744 2650 ἀρχόντων.

250 2665 302 2723 I'.
339 2670 413 2723 ra
432 2671 487 2725 δὲ
511 2671 627 2723 τῶν
661 2670 923 2741 μειζόνων
959 2670 1079 2725 κατ’
1107 2671 1304 2736 αὐτοὺς
1328 2673 1605 2745 ἀρχόντων
1636 2676 1753 2731 όνό-

192 2775 318 2829 ματα
360 2761 536 2817 ταῦτα
584 2757 725 2815 εἶναι
769 2761 1010 2831 λέγουσι,
1059 2763 1287 2827 πολλοὺς
1332 2764 1601 2835 λέγοντες.
1662 2769 1752 2824 Ἐν

191 2851 279 2919 μὲν
301 2852 374 2923 τῷ
400 2853 611 2926 πρώτῳ
648 2854 863 2928 οὐρανῷ
891 2850 1029 2910 εἶναι
1056 2856 1149 2910 τὸν
1200 2856 1322 2909 Ἰαὼ
1351 2856 1611 2929 ἄρχοντα,
1635 2860 1738 2915 ⁸καὶ

184 2942 237 2994 ἐν
265 2943 336 3014 τῷ
369 2945 613 3018 δευτέρῳ
640 2946 806 3016 φασὶν
832 2942 969 3001 εἶναι
992 2950 1084 3003 τὸν
1113 2949 1325 3004 Σακλᾶν
1363 2951 1599 3023 ἄρχοντα
1649 2953 1750 3023 τῆς

185 3035 438 3134 πορνείας·
489 3039 559 3091 ἐν
588 3037 648 3135 δὲ
692 3037 770 3109 τῷ
794 3038 964 3111 τρίτῳ
1000 3039 1090 3093 τὸν
1121 3040 1229 3112 Σὴθ
1273 3040 1510 3114 ἄρχοντα
1532 3058 1545 3073 ’
1597 3044 1655 3096 ὲν
1686 3036 1746 3097 δὲ
1778 3076 1821 3135 c

183 3121 251 3195 τῷ
278 3127 519 3200 τετάρτῳ
576 3126 717 3181 εἷναί
765 3146 898 3198 φασι
936 3130 1027 3183 τὸν
1076 3131 1248 3202 Λάδην
1271 3147 1284 3160 ·
1337 3132 1596 3204 τέταρτον
1644 3134 1753 3205 γὰρ

184 3208 512 3275 ὑποτίθενται
558 3220 808 3289 οὐρανὸν,
841 3222 938 3274 καὶ
972 3222 1154 3294 τρίτον
1174 3238 1189 3254 ⁸
1223 3222 1473 3296 πέμπτον
1498 3223 1566 3295 ,δὲ
1598 3223 1755 3278 ἄλλον

184 3306 413 3378 οὐρανὸν.
460 3313 524 3367 ὲν
567 3306 613 3379 ᾧ
648 3328 810 3380 φασιν
862 3306 1002 3366 εἶναι
1054 3312 1146 3368 τὸν
1213 3313 1469 3369 Ἐλωαῖον
1513 3314 1605 3369 τὸν
1660 3314 1756 3368 καὶ¹

194 3396 483 3457 ’Δδωναίον.
546 3403 638 3457 Ἑν
669 3402 726 3455 δὲ
756 3401 836 3472 τῷ
882 3403 1027 3473 ἕκτῳ
1058 3404 1222 3473 φασὶν
1263 3400 1405 3458 εἶναι
1444 3405 1496 3457 οἱ
1529 3404 1630 3475 μὲν
1665 3403 1756 3457 τὸν

195 3488 530 3559 Ἰαλδαδαὼθ,
574 3495 625 3548 οἱ
656 3494 713 3547 δὲ
751 3495 841 3548 τὸν
892 3495 1183 3550 Ἢλιλαίον.
1214 3496 1411 3563 ξΑλλον
1441 3497 1498 3550 δὲ
1530 3496 1756 3567 ἕϐδομον

180 3581 394 3651 οὐρανὸν
436 3587 813 3653 ὑποτίθενται,
849 3589 908 3644 ὲν
1034 3588 1283 3658 λέγουσιν
1332 3584 1474 3643 εἶναι
1517 3588 1609 3641 τὸν
1649 3588 1757 3642 Σακ-

378 3678 569 3732 ’Δλλοι
616 3677 674 3731 δὲ
716 3678 965 3747 λέγουσιν
1009 3681 1152 3750 οὐχὶ,
1202 3678 1316 3733 ἀλλ’
1349 3681 1377 3733 ό
1433 3676 1755 3732 Ἰαλδαδαώθ

181 3762 316 3817 ἔστιν
363 3768 422 3820 ὲν
470 3768 557 3838 τῷ
589 3768 835 3840 ἕϐδόμῳο
891 3772 950 3823 ὲν
994 3770 1052 3824 δὲ
1093 3769 1174 3840 τῷ
1206 3770 1376 3841 ὀγδόῳ
1407 3768 1623 3840 οὐρανῷ
1659 3769 1757 3840 τὴν

182 3853 437 3927 Βαρὸηλὼ
486 3859 860 3930 καλουμένην,
895 3861 989 3913 καὶ
1035 3860 1127 3914 τὸν
1173 3861 1393 3932 Πατέρα
1442 3862 1552 3914 τῶν
1596 3859 1753 3925 ὅλων,

179 3947 266 4000 καὶ
296 3949 505 4021 Κύριον
534 3952 628 4006 τὸν
658 3952 819 4008 αὐτὸν
859 3951 1226 4025 αὐτοπάτορα,
1262 3953 1359 4006 καὶ
1386 3951 1621 4024 Χριστὸν
1662 3950 1757 4004 d1-

180 4037 264 4093 λον
302 4044 695 4116 αὐτολόχευτον
714 4062 731 4077 ο
777 4045 874 4099 καὶ¹
911 4045 1145 4118 Χριστὸν
1193 4044 1383 4098 τοῦτον
1427 4043 1518 4098 τὸν
1568 4043 1759 4100 κατελ-

177 4131 351 4200 θόντα,
380 4139 478 4189 καὶ
512 4136 765 4202 δείξαντα
791 4140 903 4199 τοῖς
928 4136 1235 4210 ἀνθρώποις
1260 4137 1463 4209 ταύτην
1494 4138 1593 4209 τὴν
1625 4135 1763 4208 γνῶ-

180 4239 277 4289 σιν,
308 4226 368 4282 ὃν
400 4229 504 4282 καὶ
562 4227 770 4299 Ἰησοῦν
814 4245 980 4298 φασι*
1034 4229 1108 4300 μὴ
1160 4224 1297 4282 εἶναι
1341 4228 1399 4282 δὲ
1447 4228 1610 4282 αὑτὸν
1651 4228 1760 4283 ἀπὸ

176 4315 389 4387 Μαρίας
422 4317 850 4389 γεγεννημένον,
875 4318 1013 4374 ἀλλὰ
1036 4319 1125 4373 διὰ.
1151 4318 1367 4390 Μαρίας
1391 4317 1755 4389 δεδειγμένον·

1864 478 1969 535 bus
2034 481 2186 540 insit.
2227 497 2439 538 necnon
2481 493 2535 540 et
2584 487 2848 553 oleribus,
2897 495 2954 543 et
3021 490 3331 557 arboribus,
3373 508 3437 550 ac

1862 571 2202 641 germinihus
2236 573 2496 633 infusam.
2531 576 2648 632 Jam
2676 595 2808 634 vero
2832 581 2925 649 qui
2948 596 3014 636 ex
3055 582 3124 638 iis
3154 582 3438 639 Philiioni-

1861 671 1933 716 ta:
1955 671 2224 720 vocantur
2258 668 2596 722 exsecranda
2626 670 2717 724 illa
2749 672 2992 728 libidinis
3033 689 3217 737 sacra,
3250 692 3371 746 quae
3405 692 3435 730 a

1861 753 2020 809 nobis
2048 756 2316 824 explicata
2354 766 2503 822 sunt,
2542 774 2742 815 cccva
2780 764 3095 820 nominibus
3129 767 3433 831 ascribunt,

1859 859 1981 914 qtae
2036 848 2342 917 principum
2389 865 2511 906 esse
2565 854 2781 923 propria
2820 858 3111 912 commenti
3161 864 3307 913 sunt.
3358 858 3433 914 Ita

1860 937 2203 993 mulierculis
2268 938 2558 998 illudcntes
2600 943 2991 1015 :Congredere
3040 964 3251 1011 mecum
3277 992 3290 1014 ,
3351 952 3434 1005 in-

1858 1028 2077 1097 quiunt,
2109 1038 2167 1082 ut
2193 1038 2247 1085 te
2278 1032 2344 1084 ad
2379 1032 2680 1105 principem
2710 1037 3028 1106 perducam.
3060 1038 3197 1093 Tum
3230 1040 3296 1094 ad
3319 1041 3433 1096 sin-

1858 1121 2019 1189 gulos
2063 1122 2243 1176 editus
2278 1123 2574 1179 barbarum
2619 1127 2841 1198 aliquod
2877 1131 3041 1187 unius
3069 1148 3134 1187 ex
3184 1133 3292 1188 illis
3334 1149 3434 1187 no-

1857 1226 1983 1267 men
2033 1221 2237 1268 temere
2290 1215 2357 1268 ab
2418 1215 2485 1269 iis
2534 1219 2899 1289 excogitatum
2951 1225 3328 1291 pronuntiant,
3368 1238 3432 1278 ac

1858 1302 2115 1356 nimirum
2142 1304 2241 1357 hac
2271 1305 2504 1360 formula
2537 1316 2869 1376 precantur:
2899 1310 3019 1366 Tibi
3048 1312 3430 1379 N.ochrimus,

1857 1404 1916 1448 ιιι
1953 1393 2017 1448 Ν.
2064 1396 2307 1455 vicissim
2353 1397 2585 1463 offeras;
2632 1399 2759 1456 inde
2801 1402 2909 1457 alio
2955 1418 3146 1459 rursus
3188 1406 3240 1457 in
3297 1420 3431 1460 con-

1854 1501 2046 1557 gressu
2094 1488 2249 1541 alteri
2296 1504 2355 1544 se
2404 1491 2601 1546 oll'erre
2641 1492 2961 1562 praedicant,
3006 1503 3152 1550 utet
3196 1497 3242 1552 is
3276 1498 3434 1554 alteri

1857 1587 2226 1648 repraesentet.
2252 1578 2326 1633 ita
2352 1582 2522 1662 donec
2549 1599 2645 1652 per
2668 1599 2871 1639 ccccxv
2891 1585 3136 1641 libidinis
3171 1602 3236 1643 ac
3266 1590 3431 1647 lasci-

1854 1672 1953 1724 viae
2006 1671 2212 1741 gradus
2258 1674 2628 1739 ascenderint,
2662 1676 2748 1730 vel
2795 1677 3182 1732 descenderint
3221 1681 3429 1749 potius,

1854 1763 2072 1832 quoties
2113 1761 2378 1820 Venerem
2429 1774 2702 1835 repetunt,
2749 1767 3016 1836 ejusmodi
3065 1769 3287 1840 aliquod
3328 1788 3434 1827 no-

1853 1871 1978 1911 men
2025 1857 2322 1926 appellant.
2381 1857 2512 1914 inde
2550 1875 2647 1930 per
2691 1859 2881 1915 eadem
2941 1862 3034 1916 illa
3076 1863 3434 1933 turpitudinis

1854 1949 2082 2018 vestigia
2117 1949 2458 2015 relabuntur,
2498 1965 2560 2006 ac
2601 1951 2994 2007 circumventis
3042 1966 3073 2006 ιι
3121 1968 3181 2008 se
3217 1957 3436 2011 mnlicr—

1853 2040 1996 2095 culis
2034 2039 2292 2096 illudunt.
2322 2040 2427 2110 91
2454 2040 2752 2111 Postquam
2800 2049 2979 2098 autem
3031 2044 3279 2099 iterando
3329 2058 3426 2098 sar

1853 2132 1977 2204 pius
2009 2132 2329 2195 concubitu,
2360 2146 2423 2185 ac
2452 2131 2592 2188 lictis
2625 2132 2736 2188 illis
2760 2133 3076 2189 nominibus
3118 2136 3433 2204 repetendis

1845 2237 2056 2277 nccxxx
2090 2237 2378 2276 numerum
2421 2221 2739 2291 implerunt,
2785 2222 3047 2292 deinceps
3082 2224 3178 2293 qui
3222 2223 3275 2277 id
3309 2240 3433 2292 cge-

1853 2312 1946 2374 rit,
1983 2311 2162 2381 palam
2196 2309 2265 2365 de
2309 2326 2368 2366 se
2403 2310 2703 2381 praedicare
2739 2326 2848 2365 non
2879 2310 3093 2366 dubitat
3126 2332 3138 2366 :
3168 2311 3279 2382 Ego
3306 2327 3426 2368 sum

1850 2402 2125 2457 Christus.
2167 2400 2301 2455 Nam
2347 2417 2444 2472 per
2485 2416 2689 2459 cccuv
2739 2401 2963 2457 nomina
3007 2402 3314 2473 principum
3350 2417 3419 2459 ex

1851 2489 2267 2548 alto-descendi.

1919 2669 1988 2725 Χ.
2028 2668 2292 2742 Majorum
2325 2688 2489 2743 porro
2522 2672 2833 2744 principum
2883 2675 3107 2730 nomina
3149 2674 3268 2732 han:
3310 2690 3437 2733 esse

1850 2774 2178 2819 memorant.
2215 2764 2272 2819 ιιι
2299 2780 2575 2835 supremo,
2602 2765 2880 2837 inquiunt,
2906 2768 3039 2823 orbe
3074 2767 3277 2824 residet
3302 2766 3435 2837 Jao;

1851 2853 2200 2917 insecundo
2240 2852 2463 2917 Saclan,
2516 2855 2562 2910 is
2610 2855 2704 2925 qui
2745 2856 2954 2926 stupris
3003 2870 3068 2911 ac
3115 2857 3435 2913 libidinibus

1852 2953 2075 3017 praeest;
2116 2945 2171 3000 in
2217 2945 2382 3000 tertio
2447 2944 2683 3013 Sethus;
2746 2946 2801 3001 in
2849 2954 3046 3018 quarto
3090 2946 3275 3003 Daden
3324 2959 3438 3005 sta-

1855 3044 2016 3092 tuunt
2050 3056 2064 3090 :
2109 3037 2309 3107 quippe
2350 3045 2608 3109 quartum
2656 3053 2782 3094 esse
2820 3040 3020 3096 cmlum
3077 3048 3435 3106 asseverant,

1856 3135 1910 3183 et
1955 3128 2218 3194 tertium;
2276 3143 2342 3183 ac
2392 3122 2586 3184 rursus
2620 3130 2898 3200 quintum,
2942 3131 3148 3207 inquo
3193 3131 3435 3187 Eloaeum

1854 3220 2149 3284 collocant,
2176 3219 2270 3291 qui
2300 3220 2442 3276 idem
2471 3229 2528 3277 et
2559 3221 2832 3277 Adonzus
2859 3221 3084 3277 dicitur.
3109 3221 3181 3276 At
3219 3232 3436 3279 sextum

1855 3328 2127 3383 occupare
2154 3313 2348 3368 volunt
2375 3313 2470 3368 alii
2509 3312 2864 3378 Jaldabaoth,
2890 3311 3134 3368 Etilmnm
3173 3314 3286 3368 alii.
3328 3312 3437 3370 Sed

1840 3415 1909 3462 et
1940 3404 2235 3476 septimum
2277 3420 2402 3461 esse
2442 3404 2695 3460 nonnulli
2724 3404 3013 3468 deﬁniunt.
3061 3407 3149 3461 cui
3195 3405 3436 3461 Sabaoth

1856 3496 2115 3553 insideat.
2143 3496 2300 3562 Quod
2329 3497 2398 3553 ab
2425 3498 2550 3554 aliis
2591 3506 2846 3569 negatur,
2879 3499 2971 3570 qui
2992 3497 3318 3556 Jaldabaoth
3350 3517 3439 3556 sec

1855 3590 2082 3659 ptimam
2113 3589 2263 3644 illam
2286 3590 2575 3645 stationem
2609 3589 2940 3648 attribuunt.
2973 3591 3034 3647 In
3065 3600 3261 3647 octavo
3306 3591 3439 3646 Bar-

1856 3679 2038 3734 beloni
2070 3679 2406 3734 domicilium
2434 3693 2558 3753 esse
2582 3680 2792 3749 ﬁngunt
2812 3721 2828 3744 ,
2864 3696 3077 3737 necnon
3110 3690 3166 3738 et
3215 3682 3438 3737 univer-

1857 3784 2045 3826 sorum
2086 3768 2303 3824 Parenti
2344 3769 2444 3833 illi,
2492 3769 2588 3840 qui
2629 3770 2772 3825 idem
2807 3769 3071 3826 Dominus
3110 3774 3202 3835 sit,
3238 3780 3294 3827 et
3323 3773 3440 3826 sui-

1858 3860 2147 3931 metipsius
2188 3866 2364 3931 pater,
2409 3859 2873 3930 quemadmodum
2921 3867 2978 3915 et
3019 3861 3177 3915 alteri
3220 3860 3437 3914 cuidam

1857 3951 2098 4017 Christo,
2123 3955 2214 4024 qui
2247 3967 2344 4022 per
2372 3967 2494 4009 sese
2514 3953 2586 4008 sit
2609 3952 2665 4006 in
2698 3951 2877 4006 lucem
2910 3950 3116 4006 editus.
3146 3949 3284 4004 Tum
3308 3964 3441 4003 vero

1858 4044 2161 4110 Christum,
2210 4043 2415 4100 ibidem
2462 4044 2642 4115 ipsum
2695 4043 2989 4107 collocant,
3044 4041 3138 4112 qui
3183 4040 3252 4096 de
3299 4039 3441 4094 ctelo

1859 4135 2165 4201 descendit,
2193 4142 2249 4191 et
2278 4134 2553 4205 ejusmodi
2579 4134 2951 4205 cognitionem
2980 4133 3221 4187 humano
3250 4129 3437 4202 generi

1859 4231 2116 4296 contulit,
2142 4246 2305 4303 quem
2329 4230 2495 4286 etiam
2520 4229 2851 4299 appellatum
2885 4225 3057 4281 fuisse
3082 4223 3269 4280 Jesum
3298 4238 3438 4294 prac-

1860 4323 2065 4379 dicant.
2116 4321 2313 4377 Verum
2360 4320 2612 4377 eumdem
2654 4326 2857 4390 negant
2900 4317 2970 4374 de
3012 4316 3181 4372 Maria
3228 4324 3437 4380 natum,

180 4407 351 4479 σάρκα
380 4411 439 4464 δὲ
475 4411 643 4466 αὐτὸν
684 4412 758 4484 μὴ
793 4412 1089 4483 εἰληφέναι,
1124 4412 1239 4466 ἀλλ’
1272 4412 1305 4483 ἢ
1355 4410 1512 4483 μόνον
1537 4412 1758 4483 δόκησιν

1863 4412 1962 4469 sed
2002 4427 2099 4483 per
2130 4410 2355 4467 Mariam
2409 4418 2694 4466 ostensum
2746 4415 3034 4476 asserunt;
3085 4423 3263 4478 neque
3313 4422 3440 4461 car-

176 4494 329 4555 εἶναι.
362 4504 512 4557 Φασὶ
538 4503 596 4557 δὲ
621 4503 713 4558 τὸν
740 4503 965 4558 Σαϐαὼθ
997 4505 1047 4557 oi
1073 4504 1324 4575 μὲνιδνου
1358 4504 1572 4575 μορφὴν
1597 4503 1762 4575 ἔχειν,

177 4594 222 4643 οἱ
258 4594 317 4647 δὲ
346 4596 566 4668 χοίρου.
617 4596 821 4668 Διόπερ
867 4597 1204 4661 ἐνετείλατο,
1251 4597 1407 4666 φασὶ,
1459 4599 1571 4660 τοῖς
1635 4597 1765 4650 Ἰου-

175 4681 337 4749 δαίοις
385 4691 576 4759 χοῖρον
622 4688 697 4759 μὴ
747 4686 972 4742 ἐσθίειν.
1023 4684 1175 4741 Εἶναι
1218 4687 1277 4741 δὲ
1321 4686 1487 4741 αὑτὸν
1531 4687 1763 4759 ποιητὴν

179 4779 407 4849 οὐρανοῦ
453 4781 552 4835 καὶ
581 4781 707 4852 γῆς,
755 4781 850 4834 καὶ
884 4779 995 4834 τῶν
1043 4779 1160 4851 μετ’
1190 4778 1352 4834 αὐτὸν
1393 4778 1638 4850 οὐρανῶν
1666 4779 1763 4833 καὶ

177 4868 426 4939 ἀγγέλων
465 4873 577 4926 τῶν
614 4871 830 4926 ἑαυτοῦ.
871 4872 984 4944 Τὴν
1012 4871 1069 4925 δὲ
1114 4870 1315 4942 ψυχὴν,
1352 4871 1409 4924 ὲν
1439 4870 1518 4940 τῷ
1544 4869 1761 4942 ἐξέρχε-

182 4961 299 5015 σθαι
331 4965 615 5026 ἐντεῦθεν,
641 4963 1054 5026 διαϐαίνειν,διά
1081 4963 1192 5017 τῶν
1217 4962 1494 5035 ἀρχόντων
1524 4961 1756 5016 τούτων·

180 5053 253 5125 μὴ
277 5053 548 5109 δύνασθαι
583 5055 642 5108 δὲ
671 5054 1021 5125 διαπεράσαι,
1076 5056 1126 5107 εἰ
1183 5055 1257 5125 μή
1291 5071 1347 5106 τι
1378 5051 1444 5106 ἂν
1477 5055 1579 5125 τῆς
1621 5050 1758 5121 γνώ-

178 5159 314 5208 σεως
364 5148 381 5178 ¹
437 5149 499 5199 ὲν
551 5146 875 5217 πληρώματι
931 5145 1176 5218 γένηται,
1223 5145 1422 5216 μᾶλλον
1460 5144 1517 5197 δὲ
1558 5141 1760 5213 ταύτης

177 5233 273 5306 τῆς
306 5239 738 5307 καταγνώσεως,
773 5237 869 5291 καὶ
913 5236 1284 5308 ὲμφορηθεῖσα
1316 5236 1619 5308 διαδράσειε
1651 5233 1761 5288 τῶν

180 5325 469 5396 ἀρχόντων
505 5329 597 5381 δια)⁸
642 5328 753 5381 τῶν
804 5326 1055 5392 ἐξουσιῶν
1112 5327 1210 5391 τὰς
1250 5330 1459 5398 χεῖρας.
1504 5322 1661 5379 Εἶναι
1704 5325 1762 5379 δὲ

176 5417 564 5491 δρακοντοειδῆ
603 5421 692 5474 τὸν
722 5421 960 5491 ἄρχοντα
988 5420 1079 5472 τὸν
1111 5419 1408 5489 κατέχοντα
1435 5417 1526 5471 τὸν
1560 5416 1763 5487 κόσμον

178 5509 391 5575 τοῦτον,
428 5511 527 5563 καὶ
564 5510 932 5566 καταπίνοντα
966 5512 1064 5582 μὲν
1104 5511 1198 5576 τὰς
1243 5511 1420 5582 ψυχάς
1460 5508 1557 5572 τὰς
1599 5508 1672 5581 μὴ
1708 5510 1763 5564 ὲν

249 5691 267 5722 ¹
303 5708 402 5760 γρ.
445 5690 731 5756 γενέσεως.

172 5766 221 5786 ο-

1863 4520 1988 4560 nem
2025 4504 2186 4559 aliter
2214 4517 2378 4573 quam
2410 4501 2594 4572 specie
2628 4502 2748 4571 ipsa
2801 4500 3134 4571 suscepisse.
3183 4498 3339 4566 Quod
3371 4499 3440 4553 ad

1865 4596 2107 4652 Sabaoth
2158 4595 2415 4666 pertinet,
2477 4594 2622 4649 hunc
2664 4593 2804 4648 asini
2852 4593 3098 4664 quidam,
3142 4592 3233 4646 alii
3288 4590 3440 4661 porci

1864 4690 2035 4760 ﬁgura
2085 4695 2344 4743 constare
2378 4694 2628 4742 censent.
2666 4684 2748 4741 Oh
2800 4684 2964 4757 idque
2993 4684 3219 4746 Judzeis,
3265 4684 3439 4746 aiunt,

1860 4781 2040 4839 suillis
2072 4779 2338 4835 carnibus
2382 4777 2765 4834 interdixerat.
2801 4776 2958 4831 Hunc
3002 4791 3127 4832 esse
3172 4775 3297 4829 ωειί
3332 4781 3443 4829 ter-

1855 4885 2039 4942 raeque
2076 4868 2441 4932 conditorem,
2497 4877 2609 4922 tum
2663 4882 2851 4922 eorum
2894 4865 2986 4934 qui
3027 4870 3443 4933 consequuntur

1856 4963 2162 5020 caelestium
2210 4960 2450 5024 orbium,
2506 4958 2936 5029 angelorumque
2975 4962 3223 5011 suorum.
3267 4953 3441 5007 Porro

1858 5052 2255 5125 digredientem
2301 5051 2428 5106 hinc
2473 5050 2711 5104 animam
2750 5062 2848 5117 per
2872 5048 2996 5102 illos
3029 5045 3268 5101 transire
3297 5044 3444 5115 prin-

1859 5147 2045 5216 cipes;
2100 5158 2276 5213 neque
2315 5150 2498 5198 tamen
2536 5147 2827 5212 penetrare
2872 5152 3063 5208 posse,
3113 5136 3220 5191 nisi
3260 5134 3444 5206 cogni-

1857 5235 2007 5290 tione
2037 5234 2127 5288 illa
2160 5231 2481 5302 plenissime
2514 5229 2734 5301 perfusa
2774 5229 2960 5293 fuerit,
2987 5227 3072 5282 vel
3106 5225 3443 5282 condemna-

1861 5328 2009 5383 tione
2058 5323 2279 5396 potius;
2343 5339 2449 5393 qua
2504 5322 2727 5395 quidem
2792 5320 3074 5376 cumulata
3127 5318 3439 5389 principum

1861 5402 2201 5475 istorum'ac
2236 5422 2569 5486 potestatum
2614 5429 2812 5468 manus
2840 5411 3086 5482 eﬂugiat.
3128 5408 3346 5464 Addunt
3384 5413 3441 5461 et

1862 5511 2024 5582 hujus
2075 5508 2264 5564 mundi
2314 5508 2599 5579 praesidem
2630 5500 2908 5563 ‘draconis
2944 5505 3173 5577 elligicm
3218 5502 3439 5557 habere.
