3980 6078
569 254 672 311 3's?

1983 265 2047 321 5ο
2080 264 2419 322 EPIPHANII
3678 265 3705 319 ὅ
3733 265 3761 319 8

570 372 641 428 ab
671 386 847 443 eoque
873 373 1088 429 animas
1120 376 1406 435 absorberi
1445 365 1763 451 cognitione
1797 379 1889 435 illa
1923 380 2151 437 destitu-

2259 379 2451 450 γνώσει
2485 379 2854 451 ὑπαρχούσας,
2888 375 2981 431 καὶ
3016 375 3106 429 διὰ
3136 374 3234 445 τῆς
3278 374 3468 443 κέρκου
3503 375 3640 428 πόλιν
3669 377 3767 429 ἐπι-

542 472 679 531 ψεε,
718 480 1050 537 rursumque
1078 483 1179 538 per
1212 470 1444 525 caudam
1493 470 1549 525 in
1582 470 1730 526 hunc
1767 470 2032 526 mundum
2072 486 2155 528 rc-

577 555 755 611 fundi.
804 555 882 611 Ex
924 573 1034 628 quo
1064 558 1328 632 deinceps
1375 561 1429 616 in
1470 577 1766 632 porcorum
1812 563 2153 634 aliorumque

572 646 930 702 animantium
975 664 1207 721 corpora
1253 653 1554 710 transfusa:
1601 670 1698 726 per
1740 654 1935 710 eadem
1971 655 2153 710 denuo

574 738 797 807 vestigia
837 754 1055 795 sursum
1105 742 1427 801 eﬂ‘erantur.
1479 745 1638 813 Quod
1686 747 1731 802 si
1772 746 1920 817 quis,
1973 745 2150 809 aiunt,

571 841 636 880 ea
665 826 825 885 fuerit
848 831 1163 900 cognitione
1186 835 1470 904 pmditus,
1494 852 1724 907 seseque
1752 852 1852 908 per
1872 843 2152 892 menstrua

571 915 667 969 illa
696 932 761 972 ac
789 918 1035 975 libidinis
1072 920 1451 992 profusionem
1485 940 1551 979 ex
1596 925 1701 980 hoc
1747 926 1951 980 mundo
1984 926 2151 980 colle-

571 1009 732 1079 gerit,
764 1008 888 1065 eum
913 1010 1023 1081 92
1052 1013 1188 1068 nihil
1235 1015 1323 1070 hic
1353 1016 1589 1071 detineri
1623 1016 1879 1088 amplius,
1920 1017 2017 1074 sed
2038 1032 2151 1074 eos

572 1114 713 1170 quos
756 1102 998 1160 diximus
1051 1101 1402 1177 praetergreili
1459 1107 1770 1177 principes;
1819 1116 1875 1164 et
1923 1109 1991 1164 ad
2046 1106 2151 1163 Sa-

572 1189 739 1244 baoth
795 1209 968 1263 usque
1030 1197 1342 1265 pervenire,
1401 1204 1568 1267 atque
1632 1197 1783 1254 illius
1831 1200 2152 1269 proculcare

573 1292 740 1353 caput
781 1285 877 1350 (ita
920 1287 1066 1341 enim
1117 1288 1382 1359 sacrilege
1421 1296 1586 1358 atque
1631 1289 1975 1359 impudenter
2015 1289 2153 1346 cllu-

573 1374 759 1444 tiunt),
794 1375 1027 1447 indeque
1054 1378 1123 1433 ad
1146 1394 1460 1449 supremum
1485 1379 1619 1436 illud
1650 1380 1988 1438 domicilium
2025 1396 2153 1436 eva-

571 1463 721 1530 dere,
754 1467 842 1521 ubi
868 1468 1165 1524 viventium
1202 1479 1378 1526 mater
1417 1480 1504 1528 est
1533 1472 1795 1539 Barbero,
1835 1488 1959 1544 qua;
2001 1473 2152 1530 etab

566 1557 681 1631 illis
728 1557 960 1614 Barbelo
998 1559 1223 1616 dicitur.
1287 1561 1440 1618 Hanc
1484 1578 1607 1621 esse
1654 1566 1848 1620 animae
1884 1565 2150 1620 rationem

573 1649 947 1721 adipiscenda:
980 1655 1196 1710 salutis.
1240 1656 1376 1710 lllud
1427 1673 1559 1712 vero
1601 1665 1865 1726 praeterea
1906 1657 2152 1713 infelices

2258 471 2558 548 στρέφοντα
2605 470 2685 533 εἰς
2724 469 2816 523 τὸν
2860 469 3082 539 κόσμον,
3120 465 3409 521 κάντεῦθεν
3436 466 3455 497 ³
3484 467 3555 528 είς
3590 467 3763 537 χοίρους

2256 560 2353 613 καὶ
2378 560 2457 622 είς
2487 557 2620 613 ἄλλα
2653 557 2788 623 ζῶα,
2819 558 2913 611 καὶ⁵
2943 557 3103 611 πάλιν
3133 554 3221 609 διὰ
3254 554 3360 607 τῶν
3402 555 3569 607 αὐτῶν
3602 556 3767 621 ovass-

2258 649 2511 720 ρομένας.
2565 646 2630 701 Et
2676 645 2734 701 δέ
2780 666 2881 712 τις,
2918 648 3101 717 φασιν,
3152 647 3210 700 ἐν
3260 647 3325 717 τῇ
3356 643 3542 713 γνώσει
3580 646 3765 717 γένηται

2254 740 2447 812 ταύτῃ,
2483 741 2579 794 καὶ
2621 739 2861 807 συλλέξει
2898 739 3087 793 ἑαυτὸν
3130 740 3195 792 ὲκ
3225 737 3321 791 τοῦ
3352 736 3548 807 κόσμου
3583 736 3659 791 διὰ
3683 737 3772 789 τῶν

2252 833 2539 904 ὲμμηνίων
2586 833 2680 885 καὶ
2715 832 2804 886 διὰ
2852 831 2959 885 τῶν
3008 830 3216 903 ρύσεων
3248 828 3448 882 τούτων
3482 828 3574 899 τῆς
3610 827 3766 881 ἐπιθυ-

2254 924 2406 995 μίας,
2444 925 2643 996 μηκέτι
2669 923 2900 978 ἐνταῦθα
2925 921 3248 993 κατέχεσθαι
3282 921 3460 985 αὑτὸν,
3485 919 3609 973 ἀλλὰ
3632 920 3773 989 ὑπερ-

2252 1018 2458 1072 ϐαίνειν
2489 1019 2616 1082 τοὺς
2644 1015 3077 1089 προειρημένους
3101 1016 3389 1086 ἄρχοντας.
3422 1012 3689 1084 Ἐρχεσθαι
3711 1010 3773 1074 δὲ,

2253 1110 2405 1176 φασὶ,
2449 1107 2600 1181 παρὰ
2644 1107 2736 1161 τὸν
2786 1103 3035 1164 Σαϐαὼθ.
3083 1104 3178 1158 καὶ
3223 1105 3413 1157 πατεῖν
3467 1102 3556 1155 ἐπὶ
3584 1100 3673 1169 τὴν
3702 1116 3776 1152 κε·

2253 1201 2427 1273 φαλὴν
2495 1197 2692 1264 αὐτοῦ,
2755 1197 3178 1270 ἀθυρογλώττως
3210 1193 3666 1265 βλασφημοῦντες,
3702 1192 3781 1244 καὶ

2250 1291 2424 1355 οὕτως
2456 1289 2802 1361 ὑπερϐαίνειν
2830 1292 2909 1355 εἰς
2937 1289 2998 1342 τὸ
3028 1288 3140 1343 ἅνω
3174 1286 3362 1358 μέρος,
3397 1286 3525 1338 ὅπου
3561 1286 3595 1354 ἡ
3625 1284 3781 1353 μήτηρ

2251 1382 2361 1437 τῶν
2403 1381 2619 1448 ζώντων
2655 1383 2689 1453 ἡ
2732 1379 3024 1453 Βαρϐηρὼ,
3064 1380 3184 1449 ἦτοι
3208 1376 3492 1449 Βαρὸηλώ.
3532 1375 3634 1428 Καὶ
3666 1372 3785 1426 οὕτω

2252 1472 2352 1544 τὴν
2381 1473 2560 1544 ψυχὴν
2596 1471 2884 1537 σώζεσθαι.
2927 1471 3109 1541 Ἔχειν
3157 1468 3215 1523 δὲ
3245 1469 3338 1522 καὶ
3376 1467 3562 1539 τρίχας
3599 1466 3667 1527 ὠς
3702 1479 3782 1531 γυ-

2253 1563 2440 1627 ναικὸς
2473 1563 2565 1617 τὸν
2620 1562 2782 1617 αὑτὸν
2832 1562 3081 1630 λέγουσιν
3132 1561 3182 1613 οἱ
3223 1559 3479 1622 τάλανες,
3517 1556 3789 1627 νομίζοντες

2255 1656 2316 1709 τὸ
2351 1655 2522 1725 ὄνομα
2561 1654 2621 1708 τὸ
2655 1652 2880 1708 Σαϐαὼθ
2925 1652 3161 1726 ἄρχοντά
3184 1668 3308 1705 τινα
3334 1645 3504 1705 εἶναι’
3548 1648 3652 1701 Οὐκ
3678 1644 3790 1698 εἰδό-

574 1739 653 1795 illi
681 1742 748 1796 ad
771 1741 1010 1797 fabulam
1039 1743 1436 1815 adiunxerunt,
1457 1746 1637 1803 eidem
1662 1745 1902 1803 Sabaoth
1924 1748 2155 1818 capillos

2259 1759 2370 1807 τες,
2403 1743 2486 1796 ὅτι
2529 1744 2664 1796 ὅπου
2690 1742 2855 1812 λέγει.
2899 1742 3042 1797 Τάδε
3078 1742 3239 1811 λέγει
3288 1740 3503 1809 Κύριος
3552 1734 3791 1798 Σαϐαὼθ,

573 1847 700 1888 esse
738 1833 1058 1899 muliebres,
1088 1836 1236 1906 quod
1274 1837 1487 1892 scilicet
1511 1853 1699 1894 vocem
1730 1839 1878 1894 illam
1917 1836 2157 1895 Sabaoth

576 1922 845 1993 principis
881 1924 1116 1996 alicujus
1161 1941 1285 1982 esse
1313 1942 1513 1983 nomen
1556 1928 1929 1996 arbitrentur;
1977 1944 2154 1999 neque

577 2014 709 2069 illud
741 2014 1070 2087 intelligant,
1113 2017 1427 2089 ubicunque
1476 2020 1549 2074 ita
1589 2018 1826 2075 dicitur:
1860 2019 1989 2074 Πωσ
2025 2020 2154 2074 dicit

576 2102 835 2160 Dominus
859 2105 1131 2173 Sabaoth,
1153 2123 1262 2163 non
1290 2100 1599 2180 cujuspiam
1618 2109 1685 2164 'id
1718 2126 1841 2168 esse
1871 2112 2150 2182 proprium

576 2213 799 2265 nomen,
834 2199 929 2254 sed
961 2199 1309 2270 praedicando
1342 2201 1526 2272 potius
1553 2202 1766 2257 numini
1803 2202 1953 2257 velut
1978 2203 2153 2272 quod-

575 2291 702 2345 dam
726 2291 1062 2348 laudationis
1083 2294 1409 2350 vocabulum
1437 2294 1707 2350 adhiberi.
1739 2294 1948 2366 Quippe
1971 2295 2154 2350 Domi-

576 2399 683 2439 nus
715 2381 952 2439 Sabaoth
989 2384 1131 2438 idem
1156 2382 1421 2440 Ilebraice
1457 2385 1604 2455 quod
1632 2386 1920 2439 exercitum
1983 2385 2155 2455 signi-

581 2474 724 2527 licat.
752 2472 817 2525 Et
844 2472 1065 2544 quidem
1101 2473 1416 2545 ubicunque
1442 2490 1545 2528 vos
1573 2473 1664 2528 illa
1698 2473 2024 2549 Sabaothin
2056 2473 2157 2537 Ve-

486 2566 489 2569 ί
581 2574 695 2619 tere
739 2561 1093 2619 Testamento
1133 2563 1361 2637 legitur,
1410 2566 1699 2620 exercitum
1748 2573 1927 2621 sonat.
1969 2565 2156 2635 Itaque

580 2669 678 2725 pro
699 2671 765 2711 eo
779 2656 926 2727 quod
947 2657 1216 2717 Hebraice
1234 2662 1499 2730 scriptum
1523 2668 1608 2716 est
1628 2678 1642 2715 :
1666 2659 1876 2714 Adonai
1895 2658 2153 2723 Sabaoth,

2261 1834 2362 1887 ούκ
2392 1833 2563 1906 διομά
2607 1851 2750 1897 τινος
2805 1830 2979 1899 εἶπεν,
3011 1832 3124 1888 ἀλλ’
3174 1834 3348 1903 ὄνομα
3386 1828 3676 1897 δοξολογίας
3713 1827 3793 1895 τῆς

2236 1924 2530 1996 θεότητος.
2561 1923 2786 1978 Σαϐαὼθ
2820 1924 2927 1996 γὰρ
2958 1923 3322 1997 ἑρμηνεύεται
3350 1922 3459 1976 ἀπὸ
3489 1921 3582 1991 τῆς
3617 1919 3797 1988 Ἐϐραῖ-

2259 2013 2361 2085 κῆς
2399 2014 2678 2069 διαλέκτου
2712 2013 2932 2082 Κύριος
2971 2013 3089 2067 τῶν
3132 2012 3469 2082 δυνάμεων.
3513 2011 3676 2062 Ὅπου
3708 2007 3797 2076 γὰρ

2258 2107 2316 2159 ὲν
2355 2108 2422 2177 τῇ
2470 2106 2684 2178 Παλαιᾷ
2717 2107 2960 2179 Διαθήκῃ
2992 2104 3054 2158 τὸ
3102 2103 3333 2159 Σαϐαὼθ
3376 2103 3547 2174 ὄνομα
3578 2103 3685 2154 ἐστι
3722 2114 3800 2166 γε-

2257 2198 2594 2269 γραμμένον,
2633 2198 2897 2268 δύναμιν
2943 2198 3250 2267 ὑποφαίνει.
3307 2196 3474 2251 Ὅθεν
3520 2197 3548 2248 δ
3604 2191 3803 2252 ’Διτύλας

2259 2291 2536 2362 πανταχοῦ
2590 2291 2652 2345 τὸ
2710 2290 2956 2347 Ἀδωναῒ
3006 2290 3249 2345 Σαϐαὼθ
3294 2287 3587 2363 ὲρμηνεύει
3625 2284 3805 2353 λέγων,

2256 2383 2473 2452 Κύριος
2523 2383 2835 2452 στρατιῶν.
2885 2379 3039 2439 Οὗτοι
3077 2384 3165 2449 δὲ,
3217 2384 3377 2437 κατὰ,
3410 2377 3807 2454 πάνταοτρόπον

2259 2476 2618 2548 ὲμμανέντες,
2650 2476 2793 2531 κατὰ
2833 2477 2927 2531 τοῦ
2958 2478 3138 2531 αὐτῶν
3174 2476 3441 2530 δεσπότου
3481 2474 3568 2527 τὸν
3612 2469 3680 2542 μὴ
3702 2468 3811 2522 ὄντα

2261 2570 2503 2640 ζητοῦσι,
2536 2571 2629 2624 καὶ
2655 2570 2747 2623 τὸν
2772 2570 2902 2624 ὄντα
2937 2569 3342 2636 ἀπολωλέκασι,
3394 2566 3591 2639 μᾶλλον
3615 2563 3669 2616 δὲ
3703 2562 3811 2614 ἐαυ-

2260 2661 2385 2723 τοὺς
2417 2658 2724 2714 ἀπώλεσαν.

580 2752 777 2822 Aquila
809 2762 1074 2823 perpetuo
1124 2754 1379 2809 Dominus
1430 2756 1757 2810 exercituum
1804 2754 2002 2811 reddit.
2049 2753 2155 2810 Sed
2194 2753 2284 2809 isti
2321 2754 2507 2809 furore
2540 2762 2705 2825 atque
2736 2736 2976 2810 amentia
3008 2754 3199 2825 perciti
3220 2754 3294 2809 ad
3326 2752 3549 2808 Domini
3609 2745 3689 2804 sui
3727 2743 3817 2819 pin-

574 2844 782 2913 juriam
820 2860 945 2899 eum
987 2844 1083 2915 qui
1116 2860 1386 2914 nusquam
1444 2852 1529 2900 est
1589 2844 1898 2914 inquirunt,
1930 2853 1985 2899 et
2022 2858 2148 2899 eum
2186 2844 2278 2913 qui
2308 2854 2393 2902 εει
2428 2844 2629 2913 reipsa,
2664 2844 2749 2900 vel
2795 2843 3120 2914 semctipsos
3160 2845 3353 2914 potius
3395 2842 3756 2915 perdiderunt.

654 2939 744 2995 ΧΙ.
778 2940 917 2995 Sunt
941 2948 996 2996 et
1024 2941 1143 2996 alite
1162 2939 1478 2996 eorumdem
1513 2940 1942 2996 innumerabiles
1972 2954 2151 3011 nugaa.

2323 2936 2424 2992 IA'.
2470 2938 2643 2992 Ἀλλα
2673 2939 2729 2992 δὲ
2760 2940 2860 2992 ὅσα
2897 2937 3247 3011 φλυαροῦσιν,
3302 2941 3364 2994 ὲν
3403 2934 3486 3002 οἷς
3531 2931 3819 3008 περικακεῦι

570 3046 685 3091 .nec
712 3032 832 3088 sine
860 3031 1020 3089 taedio
1052 3040 1232 3103 potest
1263 3033 1445 3089 omnis
1489 3032 1719 3088 istorum
1752 3031 1967 3086 insania
2000 3046 2155 3087 com-

2260 3030 2374 3083 ὲπτι
2405 3029 2473 3081 τά
2518 3030 2616 3099 τῆς
2660 3028 2840 3099 αὐτῶν
2889 3028 3086 3099 μανίας
3114 3028 3324 3096 λέγειν.
3361 3027 3523 3091 Τινὲς
3568 3025 3625 3078 δὲ
3654 3023 3709 3088 ἐξ
3736 3020 3821 3073 αὑ-

585 3125 902 3182 memorari.
937 3124 1047 3182 Sed
1070 3126 1204 3182 illud
1234 3126 1577 3198 praetermitti
1606 3141 1717 3181 non
1745 3132 1925 3196 potest
1947 3143 1961 3179 :
1986 3138 2157 3195 quos-

581 3218 710 3273 dam
737 3233 805 3273 ex
836 3218 1032 3273 borum
1057 3234 1181 3275 esse
1203 3232 1453 3281 numero,
1476 3217 1571 3287 qui
1605 3217 1682 3271 ita
1714 3217 2003 3272 mulierum
2026 3231 2159 3270 con-

585 3310 877 3366 suetudine
910 3311 1210 3375 abstinent,
1239 3317 1300 3364 ut
1341 3307 1842 3379 seipsosmanibus
1872 3307 1990 3362 suis
2022 3321 2159 3361 con-

586 3410 870 3471 spurcent,
906 3402 1085 3472 iisque
1135 3400 1499 3456 foedissimum
1544 3398 1789 3454 libidinis
1828 3399 1980 3454 virus
2014 3398 2161 3453 exci-

588 3487 759 3555 piant,
808 3495 972 3556 atque
1018 3503 1086 3544 eo
1118 3495 1434 3543 vescantur.
1484 3486 1567 3542 Ad
1601 3487 1747 3553 quod
1785 3486 2159 3542 testimonium

587 3577 723 3633 illud
761 3592 856 3647 per
897 3591 1166 3632 summam
1198 3576 1528 3631 calumniam
1561 3575 1926 3644 detorquent:
1968 3574 2159 3630 Manus

588 3670 707 3724 ista:
725 3667 1130 3735 suppeditarunt
1157 3683 1260 3721 non
1283 3667 1410 3720 mihi
1437 3669 1629 3732 solum,
1659 3666 1750 3722 sed
1772 3676 1822 3721 et
1853 3666 1917 3721 iis
1938 3666 2028 3737 qui
2056 3682 2163 3721 me-

587 3776 707 3813 cum
747 3767 869 3814 sunt
898 3759 937 3812 ¹.
985 3761 1118 3813 item
1171 3758 1317 3814 istud
1365 3757 1703 3828 :Operantes
1753 3756 1996 3812 manibus
2039 3773 2163 3826 pro-

583 3851 740 3918 priis,
782 3860 838 3904 ut
879 3850 1094 3918 possitis
1118 3850 1183 3905 iis
1208 3852 1298 3920 qui
1350 3865 1456 3905 non
1490 3848 1680 3904 habent
1707 3848 2096 3903 communicare
2116 3850 2158 3903 ¹.

589 3924 891 4015 υεἰιιιὶιιυε
923 3945 1062 4000 adeo
1092 3943 1223 3998 mihi
1256 3952 1565 3999 commotus
1593 3943 1808 3998 videtur
1832 3942 1887 3996 in
1915 3941 2163 4013 apostolo

584 4037 726 4095 Juda
743 4037 978 4109 Spiritus
1001 4045 1248 4099 sanctus,
1279 4036 1381 4090 hoc
1396 4043 1480 4091 est
1498 4034 1552 4088 in
1573 4035 1844 4109 catholica
1873 4034 2020 4089 illius
2038 4032 2165 4103 Epi-

585 4128 727 4184 stola
755 4100 945 4199 (ludas
981 4127 1069 4182 ille
1103 4140 1268 4196 porro
1293 4131 1399 4190 est,
1435 4124 1529 4194 qui
1555 4100 1768 4190 Jacobi,
1800 4131 1964 4192 atque
1995 4100 2163 4178 etiam

588 4215 803 4272 Domini
845 4217 1013 4272 frater
1037 4215 1340 4286 appellatus
1386 4213 1515 4285 est),
1554 4214 1609 4269 in
1647 4229 1753 4283 qua
1804 4229 1899 4283 per
1932 4214 2163 4283 apostoli

587 4317 774 4357 vorem
821 4303 1080 4375 Spiritus,
1141 4305 1385 4375 inquam,
1423 4311 1670 4369 sanctus,
1724 4312 2013 4373 corruptos
2040 4304 2161 4360 illos

2258 3118 2388 3184 τῶν,
2444 3119 2658 3188 γυναιξὶ
2707 3120 2783 3191 μὴ
2842 3117 3257 3191 πλησιάζοντες,
3312 3122 3437 3183 ταῖς
3488 3117 3639 3179 ἰδίαις
3688 3111 3825 3183 χερσὶ

2259 3211 2437 3264 αὐτῶν
2482 3212 2708 3274 ἑαυτοὺς
2767 3210 3082 3283 φθείρουσι,
3137 3212 3237 3284 τὴν
3298 3212 3361 3267 δὲ
3414 3210 3594 3266 αὐτῶν
3642 3203 3825 3277 φθορὰν

2259 3302 2624 3373 λαμϐάνουσιν
2671 3306 2752 3368 εἰς
2802 3304 2902 3369 τὰς
2953 3306 3163 3375 χεῖρας,
3218 3305 3323 3358 καὶ
3377 3303 3555 3367 οὕτως
3594 3300 3825 3354 ἐσθίουσι.

2261 3393 2530 3465 χρώμενοι
2572 3395 3089 3467 σεσυκοφαντημένῃ
3126 3397 3440 3468 μαρτυρία,
3472 3395 3534 3447 τὸ
3566 3395 3607 3457 ⁵,
3634 3392 3701 3445 At
3725 3384 3826 3457 χεῖ-

2252 3502 2363 3555 ρες
2392 3481 2569 3541 αὗται
2600 3486 2948 3555 ἐπήρκεσαν
2975 3489 3047 3541 οὐ
3091 3486 3292 3556 μόνον
3338 3487 3496 3557 ἐμοὶ,
3546 3483 3701 3539 ἀλλὰ
3744 3475 3829 3532 καὶ

2260 3562 2385 3644 τοῖς
2415 3578 2539 3655 σὺν
2563 3579 2696 3649 ἐμοί
2717 3596 2730 3610 ’
2766 3580 2861 3633 καὶ
2894 3579 2958 3632 τὸ
2995 3579 3183 3637 πάλιν·
3234 3579 3653 3651 Ἐργαζόμειόι
3675 3575 3694 3604 ⁵
3720 3568 3823 3633 ταῖς

2264 3669 2440 3736 ίδίιιις
2480 3672 2711 3739 χερσὶν,
2754 3673 2855 3727 ἵνα
2888 3671 3153 3739 δύνησθε
3199 3673 3305 3726 καὶ
3360 3672 3491 3737 τοῖς
3531 3667 3617 3739 μὴ
3645 3666 3833 3733 ἔχουσι

2257 3761 2657 3831 μεταδοῦναιο
2698 3763 2773 3827 ὡς
2808 3765 2901 3817 κα)⁸
2949 3764 3079 3833 περὶ
3112 3757 3583 3831 τούτων,,οἷμαι,
3634 3750 3830 3820 ἐκινήθη

2261 3853 2323 3907 τὸ
2355 3853 2508 3923 ἅγιον
2542 3853 2766 3925 Πνεῦμα
2804 3856 2862 3909 ιν
2908 3854 2987 3925 τῷ
3033 3855 3329 3926 ἅποστόλῳ
3378 3852 3578 3923 Ἰούδᾳ,
3604 3848 3741 3915 λέγω
3782 3838 3836 3907 δὴ

2263 3946 2323 3998 ὲν
2351 3948 2419 4017 τῇ
2451 3947 2542 3998 ὑπ’
2568 3946 2730 3999 αὐτοῦ
2752 3946 3023 4019 γραφείσῃ
3073 3945 3347 4018 καθολικῇ
3380 3940 3669 4010 Ἐπιστολῇ
3704 3930 3835 4007 (Ίούο

2228 4035 2357 4098 *δας
2399 4034 2455 4087 δέ
2486 4038 2634 4089 ἐστιν
2664 4029 2837 4101 οὗτος,
2869 4037 2898 4089 ὁ
2926 4035 3153 4104 ἁδελφὸς
3199 4036 3480 4090 Ἰακώϐου
3516 4033 3612 4087 καὶ
3655 4022 3836 4093 Κυρίου

2263 4126 2591 4198 λεγόμενος).
2639 4126 2914 4193 ’Υπέδειξε
2951 4126 3061 4199 γὰρ
3095 4127 3304 4191 αὐτοὺς
3340 4128 3405 4182 τὸ
3434 4129 3592 4196 ἅγιον
3640 4117 3836 4186 Πνεῦμα

2263 4215 2351 4269 διὰ
2381 4217 2479 4287 τῆς
2512 4217 2694 4288 φωνῆς
2725 4217 2819 4271 τοῦ
2865 4217 3032 4272 Ἰούδα
3058 4217 3203 4272 κατὰ
3234 4219 3313 4274 τὰ
3345 4220 3529 4291 κτήνη
3578 4206 3836 4287 φθειρομέ-

2266 4324 2388 4371 νους
2420 4308 2515 4361 καὶ
2541 4308 2883 4379 φθείροντας,
2929 4308 3005 4371 ὡς
3043 4308 3216 4377 λέγει,
3265 4311 3357 4364 ὃτι
3394 4312 3561 4363 Ὅσα
3596 4305 3710 4376 μὲν
3749 4302 3836 4353 vim

586 4402 937 4463 corruptores
985 4410 1109 4450 esse
1146 4394 1502 4458 demonstrat,
1538 4401 1598 4448 ut
1639 4394 1839 4449 ibidem
1865 4394 2103 4464 loquitur
2142 4413 2154 4448 :

2263 4399 2521 4465 οἴδασιν,
2552 4377 2916 4471 ἀγνοοῦντες
2943 4400 3311 4457 ἁλίσκονται
3330 4420 3344 4433 ’
3367 4404 3492 4457 ὅσα
3519 4400 3590 4456 δὲ
3609 4397 3836 4455 οἴδασιν,

588 4486 720 4550 Qum
731 4485 868 4540 enim
893 4487 1151 4551 nesciunt,
1170 4487 1474 4556 ignorantes
1499 4486 1553 4539 in
1571 4486 1678 4541 illis
1701 4487 2003 4556 capiuntur.
2030 4486 2163 4552 Qua:

587 4586 938 4642 reronorunt,
978 4581 1029 4630 in
1057 4580 1122 4631 iis
1155 4589 1406 4646 tanquam
1436 4588 1581 4631 muta
1617 4578 1877 4632 animalia
1914 4568 2163 4632 corrum-

582 4678 800 4734 puutur.
836 4667 1115 4736 Siquidem
1158 4682 1355 4720 canum
1404 4667 1577 4721 instar
1616 4683 1681 4721 ac
1722 4683 2011 4737 porcorum
2061 4684 2161 4725 sua

589 4775 651 4814 se
705 4758 1016 4827 corruptela
1080 4756 1435 4825 turpitudinis
1488 4757 1799 4828 inquinant.
1854 4759 1971 4815 Hoc
2014 4765 2158 4817 enim

588 4849 753 4906 modo
773 4857 885 4905 tam
913 4865 1078 4909 canes
1113 4865 1179 4906 ac
1208 4851 1381 4922 porci,
1406 4866 1571 4922 quam
1597 4858 1794 4906 cat-tera
1827 4867 1885 4907 se
1908 4853 2156 4907 animau-

585 4944 664 5000 tia
696 4952 1079 5017 corrumpunt,
1125 4954 1182 5002 et
1212 4944 1568 5016 proﬂuentem
1598 4960 1628 5000 e
1668 4944 1994 5015 corporibus
2043 4946 2160 5002 suis

586 5038 832 5095 libidinis
860 5039 1141 5095 humorem
1171 5038 1477 5109 delinguut.
1522 5036 1700 5106 Atque
1724 5036 1830 5107 93
1860 5037 1933 5091 illi
1970 5052 2159 5093 revera

584 5145 806 5188 carnem
851 5148 1002 5187 suam
1042 5139 1361 5200 erumpente
1409 5128 1555 5184 velut
1609 5145 1702 5198 per
1745 5130 2015 5183 somnium
2061 5128 2162 5182 llu-

581 5221 750 5277 xione
791 5224 1191 5277 commaculant
1248 5241 1260 5275 :
1313 5221 1736 5276 Dominationent
1799 5231 1972 5276 autem
2015 5238 2177 5291 spem

576 5320 749 5373 nunt,
800 5311 1127 5379 majestatem
1167 5322 1341 5366 autem
1385 5312 1768 5381 blasphemant.
1815 5314 1887 5367 At
1935 5312 2161 5367 Michael

2261 4491 2340 4558 ὡς
2378 4492 2449 4545 τὰ
2487 4491 2677 4560 ἄλογα
2712 4489 2824 4551 ζῶα
2870 4491 3240 4560 φθείρονται.
3301 4495 3512 4548 Κυνῶν
3559 4492 3667 4563 γὰρ
3710 4486 3836 4551 δίκηῖ

2262 4582 2359 4637 καὶ
2391 4583 2587 4654 χοίρων
2624 4583 2721 4653 τὴν
2761 4583 2854 4635 ἀπ’
2900 4584 3080 4637 αὐτῶν
3123 4584 3350 4658 φθορὰν
3396 4583 3754 4641 ἐπιτελοῦσιν.
3795 4572 3836 4628 0I

2264 4674 2422 4734 κύνες
2477 4672 2584 4743 γὰρ
2631 4671 2724 4724 καὶ
2779 4672 2828 4724 οἱ
2884 4675 3077 4743 χοῖροι,
3124 4673 3187 4726 ού
3252 4675 3372 4748 μὴν
3409 4674 3552 4730 ἀλλὰ
3596 4673 3686 4727 καὶ
3734 4665 3836 4723 ἄλλα

2264 4762 2378 4829 ζῶα
2432 4761 2605 4827 οὕτως
2663 4763 3010 4835 φθείρονται,
3074 4764 3169 4818 καὶ
3237 4766 3349 4840 τὴν
3419 4768 3724 4839 ἀπόρρυσιν
3766 4756 3836 4826 τὴν

2263 4855 2371 4908 ἀπὸ
2402 4854 2508 4908 τῶν
2558 4856 2822 4925 σωμάτων
2851 4854 3029 4909 αὐτῶν
3076 4856 3356 4913 ἐσθίουσι.
3416 4861 3535 4914 Καὶ
3589 4857 3696 4927 γὰρ
3741 4852 3836 4915 ἀλη

2265 4947 2374 5011 θῶς
2408 4947 2850 5019 ἐνυπνιαζόμενοι
2880 4947 3059 5019 σάρκα
3095 4950 3417 5021 μιαίνουσι,
3449 4952 3776 5021 Κυριότητα
3796 4941 3836 4994 δι

2265 5036 2567 5103 ἀθετοῦσι,
2605 5038 2790 5106 δόξας
2813 5038 2882 5093 δὲ
2916 5041 3410 5112 βλασφημοῦσι.
3454 5045 3701 5114 Μιχαὴλ
3738 5038 3836 5091 δὲι

2263 5132 2656 5205 ἀρχάγγελος,
2688 5134 3110 5204 διαλεγόμενος
3144 5134 3238 5200 τῷ
3280 5136 3564 5203 διαϐόλῳ
3607 5132 3734 5202 περὶ
3764 5123 3836 5182 rei

2266 5225 2562 5293 Μωῢσέως
2587 5224 2880 5294 σώματος,
2909 5227 3020 5279 οὐκ
3063 5224 3299 5295 ἤνεγκε
3352 5233 3553 5299 λόγον
3589 5228 3836 5293 ﬂint/“gm-

2264 5314 2402 5383 μίας
2417 5314 2553 5383 (76},
2572 5314 2734 5369 (una
2746 5311 2934 5379 εἶπεν,
2961 5332 2979 5366 ι
3003 5315 3410 5385 Ἐπιτιμήσαι
3432 5336 3541 5375 σοι
3554 5324 3587 5376 ό
3601 5317 3816 5385 Κύριος·

576 5542 579 5545 Δ
659 5468 674 5496 ⁸
712 5466 837 5522 Act.
864 5482 955 5530 xx,
986 5467 1075 5523 54.
1154 5469 1175 5499 θ
1211 5467 1408 5540 Ephes.
1434 5486 1507 5536 tv,
1532 5469 1623 5524 28.
1705 5471 1725 5502 ³
1751 5489 1839 5541 rp.
1869 5468 2121 5525 ἐνταῦθα.

2259 5470 2377 5525 For.
2407 5470 2505 5542 τῷ.
2584 5474 2605 5504 ⁸
2636 5489 2727 5541 rp.
2758 5472 3139 5544 ἐργαζόμενος,
3170 5484 3232 5530 et
3260 5475 3528 5550 δύνηται.

660 5626 769 5695 (76)
807 5626 927 5679 ηἰνκ
956 5624 1171 5696 ἤνεγκε
1195 5626 1380 5696 λόγον·
1399 5626 1818 5696 βλασφημίας,
1850 5626 2018 5679 Aliter
2049 5625 2161 5679 iure

589 5703 641 5752 iu
681 5698 957 5752 Cunonica
989 5695 1140 5751 Iuda:
1192 5697 1462 5767 lrguutur,
1502 5713 1551 5751 ν.
1599 5702 1630 5751 υ
1663 5716 1675 5750 ;
1712 5696 1769 5747 'U
1802 5695 1856 5747 δὲ
1892 5696 2109 5767 Μιχαὴλ
2135 5698 2162 5750 ὁ

2268 5626 2606 5704 ἀρχαγγελοξ
2624 5628 2720 5704 ᾗτε
2757 5627 2834 5704 τῷ
2871 5626 3100 5704 διαϐόλῳ
3137 5626 3589 5704 διακρινόμενος
3614 5634 3836 5699 διελέγει

2273 5699 2398 5769 περὶ
2447 5699 2539 5751 τοῦ
2588 5697 2863 5762 Μωυσέως
2901 5697 3173 5769 σώματος,
3223 5697 3335 5756 οὔκ
3380 5697 3657 5779 ἐτόλμησε
3706 5697 3836 5777 κρίσι
