3946 6074
495 280 592 334 531
620 256 627 263 ’

1894 283 1951 342 S.
1992 284 2332 345 EPII’HANII

3636 295 3745 349 ὅξιῖ

435 476 439 479 _
496 395 640 466 loqui
668 414 680 449 :
715 392 808 451 Va:
842 395 1021 462 vobis,
1051 413 1213 468 quem
1252 399 1396 455 enim
1446 399 1672 479 tandem
1694 401 1968 459 adoratis?
2000 405 2063 461 ab

2173 408 2419 470 κυνεῖτε;
2467 403 2777 475 ἁπέφραξεν
2810 403 2973 459 αὐτοῦ
3006 405 3067 460 τὸ
3102 405 3273 477 στόμα
3298 409 3326 460 6
3364 406 3547 476 ὀφθεὶς
3592 407 3743 478 αὑτῷ

495 485 562 541 eo
591 486 683 556 qui
715 486 769 541 in
801 488 1007 558 templo
1032 488 1178 545 intus
1215 491 1464 565 apparuit
1491 492 1605 546 oris
1626 477 1725 558 illi,
1765 509 1834 548 ne
1876 494 2070 553 eﬂ'crre

496 582 700 645 posset,
743 590 876 632 usus
912 576 1242 634 interclusus
1277 586 1382 634 est.
1429 578 1561 638 Post
1604 591 1784 637 autem
1833 584 1924 639 ubi
1964 599 2068 640 vos

494 666 668 722 eidem
699 676 785 722 est
811 668 1088 739 restituta,
1109 678 1274 741 atque
1314 670 1419 727 hoc
1454 673 1509 727 in
1554 671 1770 730 Judmos
1806 688 2066 731 arcanum

494 756 784 825 evulgavit,
832 757 902 812 ab
948 758 1059 814 illis
1090 760 1406 834 interfectus
1450 771 1553 819 est.
1601 763 1746 831 Haec,
1795 767 2083 837 inquiunt,

493 844 775 904 Zachariae
810 850 1004 905 mortis
1041 854 1260 909 occasio
1289 853 1411 909 fuit.
1461 854 1682 910 Addunt
1715 857 1960 913 eamdem
2000 858 2068 913 il-

494 935 602 991 lam
629 938 700 993 ob
727 954 952 996 causam
977 942 1190 1013 iussum
1214 959 1246 999 a
1275 946 1583 1017 legislatore
1616 947 1920 1018 pontiﬁcem
1956 950 2067 1005 tin-

482 1030 777 1087 tinnabula
807 1043 1072 1106 gestasse,
1105 1047 1165 1093 ut
1206 1040 1419 1110 quoties
1456 1041 1524 1096 ad
1556 1042 1887 1099 iunctionem
1911 1060 2067 1100 suam

494 1124 799 1179 obeundam
845 1127 1238 1198 ingrederetur,
1268 1132 1721 1202 crepitaculorum
1769 1138 1995 1207 strepitu
2021 1137 2068 1194 is

494 1216 588 1285 qui
622 1217 950 1275 adorabatur
981 1221 1290 1279 admonitus
1327 1239 1448 1280 sese
1489 1240 1519 1280 e
1566 1226 1745 1282 medio
1780 1229 2067 1284 subtrahe-

495 1316 596 1370 ret.
628 1325 696 1363 ne
725 1325 849 1363 cum
875 1311 1024 1366 larva
1052 1313 1140 1366 illa
1176 1328 1241 1369 ac
1267 1315 1409 1385 turpi
1435 1315 1606 1385 etllgie
1636 1301 2069 1388 deprehendere-

495 1406 602 1453 tur.
637 1399 925 1457 Enimvero
948 1402 1203 1458 stolidum
1239 1406 1381 1475 illud,
1408 1407 1855 1463 stultissimorum
1889 1409 2067 1464 homi-

412 1477 419 1483 ’
495 1505 623 1547 num
660 1502 1027 1550 commentum
1058 1510 1182 1549 cum
1226 1498 1291 1550 ad
1336 1499 1767 1555 convincendum
1813 1500 2070 1571 perfacile

493 1588 733 1646 est,tum
768 1585 883 1641 risu
914 1602 978 1642 ac
1022 1587 1260 1642 ludibrio
1307 1589 1552 1659 dignum.
1600 1590 1811 1646 Etenim
1859 1592 1974 1648 sive
2022 1592 2069 1649 is

492 1680 611 1726 erat
648 1676 897 1740 omnino,
933 1679 1021 1733 cui
1060 1679 1170 1734 haec
1220 1694 1377 1735 sacra
1424 1680 1713 1746 faciebant,
1762 1683 2068 1753 aspectabi-

2169 498 2315 553 ἔνδον
2353 500 2410 552 ὲν
2443 497 2520 569 τῷ
2551 498 2683 569 ναῷ,
2727 501 2813 553 ἵνα
2852 500 2926 571 μὴ
2970 500 3194 571 δύνηται
3238 500 3488 570 λαλῆσαι.
3530 502 3658 554 Ὅτε
3685 502 3745 554 δὲ
3796 504 3797 507 “

2168 591 2360 660 ἠνοίγη
2382 591 2442 643 τὸ
2466 591 2640 661 στόμα
2661 590 2848 656 αὑτοῦ,
2877 591 2962 645 ἵνα
2992 591 3221 664 λαλήσῃ,
3239 591 3359 647 τότε
3392 591 3744 661 ἀπεκάλυψεν

2168 680 2374 748 αὐτοῖς,
2417 683 2510 737 καὶ
2560 682 2887 737 ἀπέκτειναν
2921 683 3104 737 αὐτόν.
3152 683 3260 736 Καὶ
3289 680 3491 747 οὕτως,
3542 685 3741 753 φασὶν,

2168 773 2406 827 ἀπέθανε
2436 773 2728 845 Ζαχαρίας.
2755 762 2854 826 Διὰ
2881 772 3039 828 τοῦτο
3060 774 3167 846 γὰρ
3194 774 3224 826 6
3248 774 3425 847 ἱερεὺς
3456 774 3547 828 ὑπ’
3577 775 3742 828 αὐτοῦ

2167 863 2262 917 τοῦ
2292 862 2756 934 νομοθετήσαντος
2790 862 3125 935 προσετάγη,
3160 866 3342 933 φασὶν,
3384 863 3528 934 ἔχειν
3562 865 3744 917 κώδω-

2168 971 2285 1018 νας,
2324 953 2411 1018 ἵν’,
2464 954 2594 1008 ὅταν
2647 955 2965 1027 είσέρχηται
3016 955 3358 1027 ίερατεῦσαι,
3408 955 3498 1008 τὸν
3536 955 3745 1008 κτύπον

2168 1045 2383 1101 ἁκούων
2414 1047 2524 1099 τῶν
2551 1046 2837 1109 κωδώνων,
2863 1046 3171 1119 κρύπτηται
3192 1049 3220 1101 6
3252 1046 3745 1119 προσκυνούμενος,

2171 1136 2259 1190 ἴνα
2292 1136 2365 1207 μὴ
2398 1137 2625 1209 φωραθῇ
2649 1138 2710 1191 τὸ
2743 1137 3121 1208 ἰνδαλματικὸν
3151 1139 3171 1170 ³
3194 1139 3293 1210 τῆς
3323 1139 3541 1209 μορφῆς
3574 1137 3745 1192 αὑτοῦ

2169 1229 2480 1298 πρόσωπον.
2513 1230 2670 1282 Ἔστι
2702 1229 2759 1283 δὲ
2780 1229 2842 1283 τὸ
2875 1232 2983 1284 πᾶν
3009 1231 3108 1301 τῆς
3131 1229 3384 1302 εὐηθείας
3416 1229 3593 1284 αὐτῶν
3618 1230 3746 1283 ὲπι-

2167 1318 2410 1390 τήδευμα
2446 1320 2836 1390 εὐθυέλεγκτον
2882 1322 2978 1376 καὶ
3014 1320 3211 1393 χλεύης
3251 1320 3507 1392 ἔμπλεον.
3539 1322 3601 1374 Εἰ
3635 1321 3747 1391 γὰρ

2166 1403 2234 1480 ῆν
2277 1409 2414 1474 ὅλως
2448 1410 2646 1482 ὁρατὸς
2701 1413 2731 1466 6
2788 1412 3265 1484 ἱερουργούμενος,
3308 1413 3428 1467 οὐδὲ
3474 1412 3745 1485 κρυϐῆναι

2168 1500 2432 1569 ἡδύνατο’
2491 1502 2538 1554 εἰ
2588 1502 2645 1555 δὲ
2686 1502 2821 1566 ὅλως
2855 1503 3119 1575 κρυῦῆναι
3151 1501 3415 1573 ἠδύνατο,
3458 1501 3641 1556 οὐκέτι
3674 1497 3745 1572 ἦν

2167 1590 2380 1661 ὁρατός.
2409 1592 2519 1646 Καὶ
2548 1592 2751 1664 ἑτέρως
2785 1592 2948 1669 πάλιν
2977 1593 3113 1664 πρὸς
3158 1593 3356 1656 αὐτοὺς
3386 1594 3600 1664 ῥητέον,
3636 1593 3742 1653 ὅτι,

2170 1683 2218 1734 εί
2245 1682 2439 1754 ὁρατὸς
2479 1679 2568 1754 ἦν,
2607 1683 2769 1755 σῶμα
2798 1684 2906 1756 ἄρα
2934 1679 3024 1756 ἦν,
3064 1684 3159 1736 καὶ
3193 1685 3294 1737 οὐκ
3319 1679 3387 1754 ῆν
3413 1683 3661 1769 πνεῦμαὴ
3694 1686 3747 1738 εί

494 1764 597 1831 lis;
628 1767 891 1823 occultari
918 1771 1156 1826 .minime
1205 1782 1449 1843 poterat;
1504 1774 1618 1829 sive
1671 1774 1933 1828 occultari
1975 1791 2063 1845 pe-

2168 1772 2225 1826 δὲ
2255 1773 2470 1845 πνεῦμα
2491 1771 2578 1845 ῆν,
2606 1776 2791 1829 οὐκέτι
2812 1778 2871 1829 ὲν
2896 1777 3110 1848 ὁρατοῖς
3137 1775 3470 1843 ἐξετάζεται.
3496 1764 3620 1840 Ilii};
3648 1772 3744 1831 οὖν

495 1855 642 1910 nitus
688 1866 928 1926 poterat,
990 1876 1099 1915 non
1152 1862 1263 1931 jam
1311 1873 1428 1918 erat
1492 1865 1859 1933 aspectabilis.
1910 1864 2067 1932 Quod

496 1945 621 2000 item
685 1948 794 2004 alio
859 1950 1020 2007 modo
1084 1963 1273 2009 contra
1342 1956 1559 2011 eosdem
1622 1960 1801 2026 urgeri
1866 1965 2065 2029 potest.

495 2035 553 2091 Si
601 2039 744 2093 enim
794 2041 965 2097 videri
1010 2053 1241 2115 poterat,
1285 2060 1485 2117 corpus
1537 2047 1723 2118 utique
1763 2057 1912 2114 erat,
1956 2065 2065 2104 non

492 2127 756 2196 Spiritus;
794 2131 880 2187 sin
914 2132 1085 2193 fuisse
1118 2136 1369 2206 Spiritum
1408 2137 1667 2204 dixerint,
1699 2153 1807 2192 non
1838 2139 1981 2193 inter
2004 2155 2067 2195 ea

490 2222 800 2278 censendus
829 2224 953 2290 erit,
983 2242 1106 2296 quae
1138 2227 1375 2284 discerni
1420 2230 1596 2284 oculis
1642 2239 1892 2301 possunt.
1925 2230 2067 2297 Quid

492 2311 655 2381 igitur
681 2315 944 2371 attinebat
971 2334 1095 2374 eum
1117 2319 1209 2389 qui
1244 2322 1526 2376 oculorum
1557 2338 1719 2378 sensu
1746 2325 1947 2396 percipi
1979 2342 2070 2382 ne-

489 2403 670 2470 quiret
703 2405 794 2461 illo
821 2409 1310 2466 tintinnabulorum
1349 2413 1532 2468 sonitu
1585 2415 1722 2486 fuga:
1763 2431 1897 2479 suae,
1931 2417 2067 2473 late-

491 2490 708 2562 bneque
733 2498 1044 2555 consulere.
1078 2499 1212 2555 Cum
1245 2504 1388 2557 enim
1420 2504 1474 2559 id
1499 2514 1694 2561 natura
1720 2507 1941 2564 insitum
1967 2509 2066 2564 ha-

492 2582 662 2649 beret,
713 2592 770 2639 ut
816 2588 983 2643 videri
1027 2606 1134 2646 non
1181 2598 1387 2663 posset,
1415 2596 1660 2665 profecto
1706 2600 1811 2653 nisi
1850 2601 2006 2657 vellet
2034 2616 2066 2657 Δ

493 2675 706 2731 neruine
734 2678 1028 2735 videretur.
1062 2681 1215 2749 Quod
1261 2702 1392 2742 vero
1433 2698 1577 2743 esset
1613 2690 1682 2744 ab
1719 2691 1902 2761 aliquo
1929 2708 2066 2748 con-

493 2775 733 2834 spectus,
784 2784 891 2824 non
942 2770 1073 2825 illud
1118 2776 1446 2832 necessitate
1487 2779 1855 2850 contingeret,
1907 2785 2066 2853 quasi

490 2871 614 2909 eum
666 2857 721 2911 in
765 2859 939 2914 lucem
981 2870 1035 2917 et
1066 2872 1311 2933 apertum
1345 2875 1537 2922 natura
1569 2870 1938 2940 produxisset,
1969 2876 2063 2931 sed

492 2944 827 3017 indulgentia
870 2951 1102 3020 quadam
1152 2956 1370 3025 potius;
1423 2975 1600 3031 neque
1650 2962 1724 3018 ila
1779 2973 1840 3019 ut
1885 2965 2067 3024 subito

492 3048 659 3100 metu,
709 3048 873 3111 atque
910 3058 981 3099 ex
1028 3045 1326 3128 improviso
1362 3062 1667 3125 praeterque
1702 3058 2065 3128 exspectatio-

2165 1866 2230 1920 τὸ
2259 1868 2359 1920 οὐκ
2385 1868 2442 1931 ἐν
2472 1869 2685 1941 ὁρατοῖς
2718 1867 3105 1938 ἐξεταζόμενον
3134 1866 3241 1921 ἀπὸ
3270 1865 3365 1920 τοῦ
3400 1866 3609 1921 κτύπου
3635 1866 3747 1919 τῶν

2167 1956 2432 2012 κωδώνων
2450 1960 2549 2030 τῆς
2574 1958 2769 2013 ἑαυτοῦ
2796 1959 3057 2030 συστολῆς
3081 1961 3417 2030 προενοείτο,
3446 1959 3608 2029 Ἔχον
3634 1958 3749 2029 γὰρ

2167 2047 2227 2102 τὸ
2264 2050 2494 2120 ἀόρατον
2534 2036 2675 2104 κατᾶ
2721 2050 2913 2119 φύσιν,
2954 2051 3055 2104 οὐκ
3096 2050 3162 2105 ἂν
3213 2050 3528 2116 ώπτάνετο,
3569 2051 3619 2104 εί
3668 2051 3754 2121 μὴ

2166 2137 2377 2209 ἢθελεν.
2422 2140 2486 2194 Et
2526 2140 2584 2199 δὲ
2620 2143 2714 2195 καὶ
2765 2141 2921 2214 ὢφθη
2955 2143 3035 2206 δὲ,
3087 2141 3271 2197 οὐκέτι
3316 2140 3459 2195 κατὰ
3497 2141 3753 2209 ἀνάγκην

2167 2229 2439 2298 ὲφαίνετοξ
2467 2231 2565 2301 τῆς
2609 2230 2824 2299 φύσεως
2870 2231 3034 2286 αὑτὸν
3077 2232 3318 2301 ἀγούσης
3344 2231 3428 2294 εἰς
3462 2231 3524 2286 τὺ
3553 2230 3754 2301 φαίνε-

2156 2314 2313 2384 σθαι,
2344 2320 2479 2375 ἀλλὰ
2521 2322 2662 2376 κατὰ
2695 2322 2876 2394 χάριν,
2904 2322 2967 2376 οὑ
3001 2322 3153 2395 φόϐῳ
3182 2323 3277 2393 καὶ
3300 2322 3567 2395 προλήψει
3591 2323 3754 2395 παρὰ

2167 2412 2493 2484 προσδοκίαν
2527 2414 2655 2468 ἄνευ
2698 2414 2927 2479 κτύπου,
2963 2415 3044 2478 είς
3073 2414 3135 2468 τὸ
3178 2414 3336 2486 δῆλον
3379 2415 3754 2478 καθιστῶντος

2165 2502 2265 2575 τὴν
2291 2504 2460 2558 αὐτοῦ
2485 2505 2773 2561 ὀπτασίαν,
2817 2507 2928 2562 Kal
2957 2505 3133 2571 οὕτως
3161 2505 3306 2560 κατὰ
3338 2504 3518 2559 πάντα
3541 2506 3756 2577 τρόπον

2165 2594 2417 2649 διέπεσεν
2449 2597 2478 2649 6
2512 2595 2689 2649 αὐτῶν
2734 2595 2937 2666 ψευδὴς
2970 2596 3062 2650 καὶ
3096 2595 3617 2666 παραπεποιημένος
3658 2594 3757 2648 λό-

2165 2704 2281 2757 γος.
2327 2688 2437 2742 Καὶ
2465 2688 2636 2742 πολλὰ
2662 2691 2810 2743 ἐστιν
2843 2688 2998 2756 ἄλλα,
3026 2688 3065 2743 ἃ.
3089 2688 3307 2757 λέγουσι
3336 2687 3552 2759 ληρώδη
3573 2705 3587 2719 ·
3624 2688 3760 2741 καί-

2165 2796 2316 2847 τοιγε
2350 2779 2446 2833 τοῦ
2475 2780 2775 2853 Ζαχαρίου
2800 2781 2875 2851 μὴ
2922 2780 3354 2844 ἀποκτανθέντος
3389 2778 3572 2844 εὐθὺς,
3608 2779 3757 2835 ἀλλὰ

2167 2874 2260 2926 καὶ
2307 2851 2685 2944 ἐπιμείναντες
2730 2851 2942 2945 η’μέρας
2997 2874 3139 2943 μετὰ
3183 2871 3281 2941 τὴν
3342 2870 3438 2925 τοῦ
3492 2872 3754 2927 Ἰωάννου

2166 2965 2452 3036 γέννησιν,
2498 2966 2592 3020 καὶ
2637 2966 3115 3038 προφητεύσαντος
3147 2967 3276 3038 περὶ
3321 2965 3418 3019 τοῦ
3472 2965 3757 3033 Ἰωάννου,

2169 3057 2263 3111 καὶ
2303 3057 2431 3129 περὶ
2458 3058 2558 3127 τῆς
2590 3059 2893 3130 παρουσίας
2925 3058 3154 3129 Κυρίου,
3180 3059 3275 3112 καὶ
3309 3058 3579 3131 ὲνσάρκου
3616 3077 3758 3129 γεν-

478 3145 639 3224 gnem,
683 3147 976 3204 suppresso
1020 3125 1118 3192 illo
1168 3140 1373 3208 sonitu,
1430 3145 1603 3213 palam
1662 3162 1722 3203 se
1770 3125 2060 3207 videndum

2167 3125 2524 3222 νήσεωςτὰπδ-
2542 3151 2642 3220 τῆς
2669 3125 2829 3219 αγίας
2870 3125 3151 3224 Παῷένου
3184 3152 3400 3223 Μαρίας
3440 3125 3530 3206 διὰ
3569 3125 3758 3208 Πνεύ-

488 3223 772 3292 praeberet.
826 3227 905 3281 Ita
949 3230 1096 3284 omni
1147 3246 1212 3286 ex
1253 3244 1407 3302 parte
1461 3236 1595 3294 falsa
1642 3240 1856 3296 illorum
1902 3252 2065 3314 atque

485 3315 745 3372 ementita
790 3319 931 3374 ratio
976 3322 1237 3378 concidit.
1280 3323 1384 3381 Sed
1417 3329 1521 3383 alia
1551 3330 1797 3400 quadam
1830 3334 2063 3404 plurima

488 3415 650 3468 sunt,
685 3423 806 3479 qua!
848 3415 1132 3483 nugatorie
1168 3423 1330 3486 atque
1356 3417 1587 3474 inaniter
1613 3422 1823 3487 jactare
1867 3428 2061 3485 solent.

2169 3259 2338 3313 ματος
2368 3243 2549 3311 ἁγίου,
2570 3242 2645 3306 ώς
2668 3244 2817 3313 λέγει
2840 3261 2854 3274 ·
2880 3244 2989 3299 Καὶ
3022 3243 3125 3306 σὺ,
3151 3244 3409 3310 παιδίον,
3433 3244 3760 3315 προφήτης

2176 3335 2462 3404 Ὑψίστου
2503 3335 2807 3405 κληθήσῃ.
2846 3337 3239 3404 Προπορεύσῃ
3272 3336 3383 3406 τὰρ
3416 3337 3531 3407 πρὸ
3559 3353 3761 3407 προσ-

2164 3426 2329 3482 ώπου
2357 3427 2580 3495 Kvplov
2598 3427 2906 3496 ἑτοιμάσαι
2934 3426 3114 3496 ὀδοὺς
3147 3430 3356 3494 αὐτοῦ,
3386 3429 3759 3499 ἐπιστρέψαι

486 3492 651 3562 Atqui
677 3509 852 3566 neque
881 3497 1026 3554 illico
1051 3509 1134 3557 est
1165 3503 1482 3573 interiectus
1513 3508 1839 3580 Zacharias;
1869 3524 2063 3586 etpost

2165 3518 2417 3587 καρδίας
2442 3492 2830 3587 πατέρων-ἐπί
2862 3518 3067 3583 τέκνα,
3089 3492 3192 3575 atat
3223 3492 3488 3587 ἀπειθεῖς
3505 3492 3577 3575 ινῖ
3598 3492 3757 3590 φρο-

488 3591 668 3639 ortum
697 3585 924 3644 Joannis
956 3590 1065 3661 95
1093 3593 1273 3649 adhuc
1322 3596 1477 3663 vixit,
1514 3600 1689 3672 deque
1740 3619 1828 3670 eo,
1886 3585 1955 3662 ac?
1995 3609 2063 3666 de

2169 3585 2369 3679 micet,
2406 3609 2500 3664 καὶ
2523 3585 2763 3681 «item.
2802 3610 2951 3666 Πόσα
2985 3611 3042 3666 δὲ
3073 3611 3209 3667 ἀλλὰ
3244 3611 3392 3666 εστιν
3413 3585 3759 3685 ειιεεῖνᾎὲερι

488 3675 694 3731 Christi
728 3678 983 3747 adventu,
1011 3691 1067 3739 et
1102 3685 1347 3755 ejusdem
1375 3694 1674 3750 secundum
1707 3712 1929 3755 carnem
1966 3716 2063 3772 per

2167 3675 2268 3774 τῆς
2290 3702 2472 3756 αὐτῶν
2495 3675 2863 3773 ψευδηγορίας
2887 3704 2981 3757 καὶ
3008 3704 3101 3758 τοῦ
3122 3704 3303 3759 αὐτῶν
3327 3703 3599 3776 μιασμοῦε

492 3770 1050 3867 Spiritumsanctum
1092 3796 1124 3837 e
1169 3783 1325 3840 beata
1365 3785 1585 3859 Virgine
1627 3791 1793 3849 Maria
1855 3770 2234 3867 generatione
2266 3770 2596 3855 vaticinatus
2635 3770 2836 3854 est-his
2899 3800 3079 3857 verbis
3128 3819 3144 3854 :
3178 3797 3248 3854 Et
3292 3807 3366 3865 tu,
3405 3813 3553 3867 puer,
3620 3814 3759 3867 pro-

485 3862 641 3957 pheta
669 3864 935 3924 Altissiiui
966 3871 1230 3929 vocaberis
1253 3890 1273 3928 :
1336 3881 1550 3944 prwibis
1578 3886 1717 3938 enim
1755 3862 1880 3941 ante
1910 3888 2098 3955 faciem
2140 3890 2363 3946 Domini
2407 3904 2600 3960 parare
2649 3892 2762 3947 uias
2807 3890 2921 3955 eius
2971 3890 3133 3965 ‘;.ad
3173 3862 3519 3945 convertenda
3578 3891 3755 3945 corda

485 3949 698 4024 patrum
726 3960 783 4052 iis
810 3961 953 4052 ﬁlios
979 3975 1030 4019 et
1060 3967 1453 4039 inobsequentes
1477 3978 1547 4029 ad
1574 3949 1978 4047 prudentiam},
2002 3992 2110 4040 etc.
2150 3984 2366 4052 Quanta
2392 3949 2521 4042 vero
2549 3985 2617 4041 ad
2647 4001 2836 4041 eorum
2861 3955 3145 4041 mendacia
3176 3983 3576 4051 convincenda,
3606 4000 3752 4041 con-

711 4048 1132 4109 abominandam
1158 4056 1304 4112 illam
1332 4059 1611 4117 libidinem
1639 4079 1669 4118 a
1698 4068 1859 4124 nobis
1882 4069 2067 4127 all‘crri
2106 4048 2337 4144 possunt
2364 4076 2378 4129 l

556 4138 692 4196 XIII.
722 4141 899 4213 Atque
939 4153 997 4200 ut
1043 4146 1111 4203 de
1149 4148 1367 4204 illorum
1409 4152 1630 4217 Levitis,
1672 4161 1753 4212 sic
1784 4159 1929 4214 enim
1974 4177 2063 4233 ap-

2239 4163 2339 4219 ll".
2377 4167 2441 4219 0t
2465 4165 2521 4219 δὲ
2550 4163 2777 4220 Λευῖται
2811 4166 2942 4239 παρ’
2968 4167 3153 4231 αὐτοῖς
3177 4166 3522 4239 καλούμενοι,
3553 4169 3617 4221 οὐ
3656 4170 3753 4240 μί-

484 4232 709 4328 pellant,
727 4237 976 4294 nonnihil
1003 4239 1288 4310 dicamus;
1310 4245 1399 4302 isti
1425 4258 1533 4301 non
1568 4262 1693 4304 cum
1722 4232 2063 4321 mulieribus,

2168 4272 2389 4324 σγονται
2409 4254 2677 4325 γυναιξὶν,
2701 4255 2837 4310 ἀλλᾶ
2861 4232 3111 4327 ἀλλήλοις
3133 4232 3438 4328 μίσγονται.
3463 4256 3577 4310 Καὶ
3594 4232 3754 4313 οὗτοί

484 4324 582 4381 sed
613 4341 800 4382 secum
833 4329 1062 4388 invicem
1090 4334 1423 4400 miscentur;
1454 4355 1520 4396 ac
1556 4341 1766 4398 scilicet
1794 4346 2063 4417 praecipua

2165 4347 2301 4401 εἰσιν
2327 4349 2377 4401 ot
2411 4349 2728 4421 προκριτέοι
2757 4349 2887 4420 παρ’
2912 4324 3096 4411 αὐτοῖς
3122 4324 3282 4419 δῆθεν
3312 4348 3406 4401 καὶ
3442 4348 3749 4403 ἑπαινετοί.
3824 4389 3833 4397 .

484 4416 627 4472 inter
654 4419 780 4476 illos
813 4421 1074 4493 dignitate
1114 4421 1179 4482 ac
1224 4422 1385 4485 laude
1417 4434 1890 4491 commendantur.
1920 4436 2055 4493 Tum

2165 4416 2524 4508 Καταγελώσι
2546 4416 2604 4494 δὲ
2635 4439 2824 4494 λοιπὸν
2840 4416 2956 4493 τῶν
2981 4440 3081 4511 τὴν
3106 4416 3381 4493 πολιτείαν
3403 4439 3750 4503 ἀσκούντων,

480 4523 614 4564 vero
660 4525 757 4567 eos
801 4527 995 4571 omnes
1047 4516 1323 4584 derident,
1367 4523 1462 4591 qui
1510 4527 1877 4583 monasticum
1933 4530 2057 4586 vita:

2165 4530 2253 4586 καὶ
2296 4532 2540 4601 ἁγνείαν,
2575 4530 2673 4585 καὶ
2715 4529 3036 4613 παρθενίαν,
3067 4530 3143 4595 ὡς
3185 4531 3266 4594 είς
3304 4530 3482 4601 μάτην
3506 4528 3755 4585 τὸνάἁ-

365 4655 369 4659 ,
480 4615 654 4695 genus
678 4603 911 4673 amplexi
938 4615 1087 4672 sunt,
1128 4616 1223 4664 aut
1246 4612 1554 4677 castitatem
1580 4616 2057 4690 virginitatemque

2165 4640 2330 4693 ματον
2379 4603 2838 4695 ἀναδεδεγμένων.
2896 4623 3277 4695 Προσφέρουσι
3309 4622 3378 4676 δὲ
3430 4624 3512 4687 εἰς
3566 4622 3752 4695 ὄνομα

481 4688 825 4756 proﬁtentur,
857 4694 1001 4762 quod
1036 4694 1236 4751 frustra
1266 4698 1322 4753 id
1354 4700 1459 4757 sibi
1507 4704 1769 4761 molestiae
1806 4722 1870 4764 ac
1904 4688 2058 4766 labo-

482 4777 562 4832 ris
596 4779 900 4849 imponant.
948 4782 1213 4843 Prmterea
1255 4791 1592 4860 evangelium
1636 4796 1908 4865 quoddam
1952 4800 2056 4857 sub

481 4868 715 4942 Philippi
756 4875 1089 4932 sanctissimi
1129 4877 1332 4936 Christi
1361 4879 1629 4955 'discipuli
1674 4888 1897 4949 nomine
1940 4892 2053 4946 cir-

477 4955 815 5023 cumt'erunt,
842 4961 897 5016 in
917 4976 1027 5033 quo
1055 4962 1159 5019 ista
1182 4975 1509 5023 narrantur:
1537 4968 1697 5035 Mihi,
1730 4972 1926 5043 inquit,
1951 4974 2056 5029 Do-

406 5050 652 5103 natium
706 5055 952 5125 aperuit,
1006 5058 1195 5127 quibus
1245 5061 1427 5115 anima
1472 5063 1639 5117 verbis
1693 5066 1771 5118 uti
1827 5083 1946 5121 cum
2000 5069 2054 5123 iu

448 5137 666 5201 caelum
695 5143 950 5224 ascendit,
987 5160 1050 5198 ac
1094 5148 1537 5216 quemadmodum
1586 5154 1866 5224 unicuique
1896 5157 2052 5211 caele-

477 5228 638 5281 stium
688 5218 941 5287 virtutum
985 5239 1297 5305 respondere
1348 5241 1552 5297 debeat.
1589 5218 1902 5300 Nimirum:
1938 5247 2051 5319 Ego

478 5322 728 5390 meipsam
779 5329 997 5395 agnovi,
1043 5340 1198 5402 atque
1254 5334 1594 5408 undequaque
1638 5338 1858 5411 collegi;
1891 5358 2053 5411 neque

474 5415 701 5481 principi
738 5416 881 5486 ﬁlios
911 5422 1089 5490 genui,
1143 5426 1234 5478 sed
1266 5427 1382 5496 ejus
1422 5430 1625 5483 radices
1653 5433 1957 5499 exstirpari,
1990 5451 2051 5488 ac

472 5503 739 5572 dissipata
775 5510 1004 5566 membra
1038 5514 1090 5568 in
1120 5532 1279 5571 unum
1307 5521 1486 5590 coegi;
1527 5531 1674 5591 teque
1703 5525 1834 5579 adeo
1859 5525 1948 5594 qui
1977 5527 2049 5580 sis

554 5687 567 5716 ί
599 5686 732 5746 Litt‘.
763 5706 803 5753 ι.
829 5691 918 5747 76.
993 5696 1012 5724 ¹
1043 5695 1169 5750 ibid.
1206 5695 1286 5751 Π,
1366 5699 1503 5766 ³⁸η),
1545 5698 1859 5756 Ξνδσὶτικόν.

2156 4711 2423 4767 ⁴Ιιιλίττπου
2467 4712 2563 4767 τοῦ
2600 4714 2757 4783 ἁγίου
2795 4713 3042 4785 μαθητοῦ
3068 4714 3384 4784 εὐαγγέλιον
3412 4712 3751 4784 πεπλασμέ-

2158 4821 2269 4871 νον,
2298 4805 2381 4858 ὂτι
2415 4804 2610 4875 φησίν·
2661 4805 3035 4876 Ἆπεκάλυψέ
3056 4825 3160 4877 μοι
3199 4809 3233 4861 ό
3265 4808 3503 4875 Κύριος,
3534 4806 3595 4860 τί
3626 4807 3753 4876 τὴν
3851 4871 3856 4874 _

2157 4895 2372 4965 ψυχὴν
2394 4895 2489 4951 δεῖ
2510 4896 2713 4968 λέγειν
2739 4898 2810 4952 ἐν
2828 4897 2910 4964 τῷ
2937 4899 3171 4954 ἀνιέναι
3205 4901 3294 4965 είς
3325 4897 3434 4953 τὸν
3450 4900 3747 4969 οὐρανὸν,

2160 4986 2257 5040 καὶ
2299 4985 2425 5054 πῶς
2462 4988 2688 5056 ἑκάστῃ
2728 4987 2849 5043 τῶν
2896 4989 3019 5044 ἄνω
3060 4989 3373 5060 δυνάμεων
3414 4989 3755 5059 ἀποκρίνε-

2156 5078 2316 5130 σθαι.
2351 5077 2471 5132 Ὅτι
2494 5077 2763 5148 ἐπέγνων
2784 5078 3073 5149 ἐμαυτὴν,
3105 5080 3260 5151 φησὶ,
3286 5078 3387 5134 καί
3421 5079 3747 5145 συνέλεξα

2156 5165 2424 5234 ἐμαυτὴν
2451 5170 2848 5239 πανταχόθεν,
2871 5166 2968 5223 καὶ
3006 5171 3116 5223 οὐκ
3141 5169 3393 5237 ἔσπειρα
3420 5168 3628 5231 τέκνα,
3659 5168 3752 5235 τῷ

2159 5255 2424 5325 ἄρχοντι,
2466 5259 2628 5314 ἀλλὰ
2664 5260 3016 5330 ἐξερῤίζωσα
3046 5260 3152 5326 τὰς
3183 5257 3352 5328 ῥίζας
3388 5257 3601 5319 αὐτοῦ’
3637 5259 3747 5312 καὶ

2160 5347 2468 5414 συνέλεξα
2514 5351 2583 5405 τὰ
2606 5351 2763 5421 μέλη
2805 5352 2877 5407 τὰ
2915 5349 3442 5421 διεσκορπισμένα,
3474 5350 3571 5404 καὶ
3604 5345 3753 5405 οῒδά

2158 5453 2235 5492 σε
2266 5442 2354 5506 τίς
2383 5438 2457 5496 εὶ.
2502 5442 2649 5513 Ἐγὼ
2681 5445 2811 5513 γὰρ,
2851 5446 3003 5515 φησι,
3053 5443 3169 5496 τῶν
3200 5443 3428 5497 ἄνωθέν
3451 5443 3590 5510 sign.
3628 5442 3752 5495 Καὶ

2165 5528 2357 5593 οὕτως,
2393 5532 2575 5603 φησὶν,
2629 5533 2939 5588 ἀπολύεται.
2988 5535 3111 5589 Ἐὰν
3148 5534 3233 5598 δὲ,
3287 5530 3484 5603 φησιν,
3534 5531 3749 5603 εὑρεθῇ
