3946 6074
117 197 217 254 353

825 158 1190 258 .tovsnsus
1230 201 1570 258 "massas
1606 203 1716 258 LIB

1823 203 1986 262 TOM.
2029 204 2092 262 ll.
2135 205 2502 265 —H1£RES.
2544 207 2731 265 XXVI.

3295 216 3419 273 δειτ

123 314 444 386 γεννῆσασα
499 318 653 382 υἱὸν,
702 320 992 388 κατέχεται
1030 319 1208 397 κάτω,
1256 319 1359 382 ἕως
1389 319 1455 373 ἂν
1499 319 1569 374 τά
1611 319 1719 374 ἴδια

1823 324 1940 379 novi
1976 339 1994 376 :
2033 340 2149 378 sunt
2195 324 2333 377 enim
2375 340 2403 378 ε
2450 326 2738 380 talarium
2793 341 3026 380 numero.
3081 325 3256 397 Atque
3300 330 3421 387 boc-

131 403 292 458 τέκνα
323 404 546 478 δυνηθῇ
589 407 900 471 ἀναλαϐεῖν,
930 407 1025 461 καὶ
1063 396 1357 461 ἀνελόιύσαι
1385 410 1465 472 εἰς
1500 409 1719 480 ἑαυτήν.

139 497 242 553 Καὶ
276 495 465 553 ταῦτά
507 503 629 555 ἐστι
662 502 734 555 τὰ
766 500 985 573 ληρώδη
1009 501 1188 556 αὐτῶν
1232 502 1327 557 καὶ
1366 502 1583 574 μυθώδη
1604 519 1616 531 ·
1648 504 1725 568 ὡς

144 592 229 645 καὶ
258 589 394 662 περὶ
436 590 538 645 τοῦ
583 593 743 661 ἁγίου
791 593 946 646 Ἠλία
973 593 1214 664 τολμῶσι
1256 593 1593 665 βλασφημεῖν
1631 594 1726 650 καὶ

145 680 343 748 λέγειν,
373 681 462 752 ὅτι
490 682 694 752 φησιν’
729 682 860 736 Ὅτε
901 682 1199 754 ἀνελήφθη,
1230 684 1536 755 κατεδλήθη
1566 684 1725 738 πάλιν

145 773 221 834 εἰς
246 770 343 824 τὸν
374 771 611 842 κόσμον.
640 769 813 827 Ἦλθε
856 774 989 846 γὰρ,
1027 775 1194 847 φησὶ,
1233 776 1335 846 μία
1362 775 1593 846 δαίμων,
1630 775 1724 829 καὶ

142 864 444 936 ἐκράτησε,
480 865 578 919 καὶ
620 861 772 919 εἶπεν
814 867 985 938 αὐτῷ,
1013 868 1097 920 δτι
1143 868 1251 921 Ποῦ
1290 867 1531 940 πορεύῃ;
1578 868 1726 939 Ἔχω

141 955 255 1026 γὰρ
287 955 458 1010 τέκνα
486 956 597 1011 άπὸ
646 956 741 1011 σοῦ
761 998 775 1022 ,
810 958 907 1013 καὶ
959 960 1020 1013 οὐ
1063 958 1289 1015 δύνασαι
1325 960 1567 1015 ἀνελθεῖν
1584 999 1601 1023 ,
1630 960 1726 1014 καὶ

146 1040 248 1100 ὧδε
281 1048 507 1117 ἀφεῖναι
534 1048 606 1103 τά
634 1048 799 1103 τέκνα
839 1064 955 1103 σου.
986 1051 1117 1115 Καὶ,
1149 1051 1307 1122 φησὶ,
1342 1052 1519 1120 λέγει’
1553 1051 1725 1107 Πόθεν

142 1139 296 1209 ἔχεις
347 1139 519 1193 τέκνα
578 1141 673 1195 ἀπ’
701 1140 861 1213 ἐμοῦ,
908 1142 1004 1196 καὶ
1042 1141 1153 1211 ἐγὼ
1196 1144 1344 1215 ήμην
1389 1146 1446 1198 ἐν
1491 1143 1721 1215 ἁγνείας

144 1229 356 1295 Λέγει,
412 1227 580 1298 φησί’
638 1229 784 1288 Ναὶ.
829 1231 920 1284 ὅτε
969 1228 1236 1295 ἐνυπνίοις
1271 1231 1725 1304 ἐνυπνιαζόμενος

144 1318 415 1384 πολλάκις
461 1322 521 1375 ἐν
564 1323 631 1392 τῇ
664 1322 936 1394 ἀπορῤοίᾳ
965 1323 1074 1377 τῶν
1119 1325 1384 1396 σωμάτων
1428 1324 1722 1399 ὲκενώθης,

143 1411 260 1481 ἐγὼ
282 1413 434 1484 ἥμην
463 1414 497 1483 ἡ
527 1400 1037 1482 μεταλαϐοῦσαάτῶ
1059 1414 1152 1469 σοῦ
1188 1416 1259 1470 τά
1290 1415 1602 1489 σπέρματα,
1630 1417 1726 1471 καὶ

142 1503 397 1572 γεννῶσα
425 1520 509 1558 σοι
544 1503 714 1568 υἱούς.
750 1504 929 1577 Πολλὴ
951 1505 1008 1559 δὲ
1045 1506 1227 1580 μωρία
1254 1506 1467 1570 τῶν,τά
1503 1506 1726 1561 τοιαῦτα

142 1595 438 1665 λεγόντων.
463 1595 589 1660 Πῶς
617 1595 725 1665 γάρ
757 1595 979 1651 δύναται
1000 1597 1231 1668 δαίμων,
1260 1596 1478 1669 πνεῦμα
1507 1598 1568 1652 ὃν
1596 1598 1727 1652 ἀκά-

1825 415 2010 478 modo,
2045 415 2323 485 inquiunt,
2357 412 2445 469 illa
2473 416 2783 471 dimittitur.
2823 414 2920 471 Sin
2949 424 3129 471 autent
3160 419 3403 475 sobolem

1825 519 2156 576 propagasse
2180 507 2471 576 reperitur,
2512 506 2699 561 tandiu
2735 506 2877 562 infra
2911 505 3203 574 detinetur,
3228 510 3404 565 donec

1826 596 1966 650 filios
2001 610 2132 651 suos
2173 595 2415 666 recipere
2453 597 2707 666 potuerit,
2740 604 2795 650 et
2831 596 2898 651 ad
2939 598 3286 667 semetipsam
3322 606 3407 654 al-

1826 686 2061 741 trabere.
2099 684 2193 741 lla:
2239 693 2368 741 sunt
2420 700 2579 758 nugae
2624 687 2841 742 illorum
2880 703 2944 742 ac
2972 692 3203 746 somnia.
3246 687 3406 745 Velut

1824 777 1986 832 etiam
2013 777 2104 832 illa
2132 785 2280 843 sunt,
2308 792 2429 849 qua:
2473 777 2528 832 in
2565 784 2815 833 sanctum
2848 777 3019 833 Ellam
3055 781 3407 837 exsecranda:

1825 868 2112 938 cujusdam
2164 869 2322 940 plena
2367 870 2711 924 contumelia:
2748 869 3044 940 praedicare
3079 886 3189 925 non
3213 885 3405 926 veren-

1828 966 1916 1017 tur
1945 977 1961 1015 :
1997 974 2144 1024 eum,
2180 974 2304 1014 cum
2340 959 2396 1014 in
2443 959 2641 1017 coelum
2672 968 2890 1016 evectus
2912 967 3088 1025 esset,
3116 977 3311 1017 rursus
3346 961 3402 1017 in

1826 1051 1974 1107 hunc
2024 1051 2286 1109 mundum
2344 1051 2514 1107 fuisse
2559 1050 2850 1121 deiectum.
2900 1047 3062 1106 Venit
3105 1053 3274 1117 enim,
3320 1053 3404 1107 in-

1787 1132 1803 1155 ’
1825 1136 2042 1207 quiunt,
2070 1154 2101 1194 e
2138 1153 2365 1195 numero
2400 1137 2725 1199 feminarum
2775 1140 3080 1196 daemonum
3119 1155 3249 1205 una,
3283 1156 3406 1212 qua

1826 1229 1975 1284 illum
2006 1232 2303 1302 superavit.
2341 1229 2409 1285 Et
2432 1248 2543 1302 quo
2564 1240 2620 1287 tu
2650 1232 2869 1288 tandem
2890 1233 3086 1300 ?dixil,
3116 1233 3228 1306 Ego
3256 1236 3431 1295 enim.

1824 1335 1855 1374 a
1897 1328 1953 1377 te
1991 1320 2193 1378 liberos
2227 1322 2421 1386 habeo,
2468 1337 2647 1393 neque
2695 1337 2915 1378 sursum
2962 1325 3182 1380 evolare
3225 1333 3403 1396 potes,

1825 1421 1990 1485 atque
2041 1415 2131 1472 hic
2177 1424 2301 1471 tuos
2359 1416 2688 1486 relinquere.
2739 1416 2821 1469 Ad
2882 1416 2998 1472 haec
3039 1419 3406 1489 respondente

1824 1506 1939 1562 Elia
1968 1520 1986 1563 ι
2031 1506 2096 1562 Et
2132 1506 2402 1562 undenam
2432 1508 2500 1562 de
2528 1523 2614 1562 me
2643 1507 2783 1564 filios
2825 1508 2950 1565 illos
2983 1509 3244 1576 habuisti,
3277 1524 3421 1567 cum—

1824 1614 1927 1671 ego
1957 1600 2339 1656 castimoniam
2362 1607 2623 1670 perpetuo
2642 1600 3012 1656 servaverim?
3041 1600 3204 1666 Sane,
3229 1602 3408 1672 inquit

143 1663 349 1758 θαρτον
379 1687 475 1741 καὶ
518 1663 834 1757 ἀσώματον,
863 1663 1134 1758 σωμάτων
1161 1663 1631 1761 μεταλαμϐάνεινξ
1658 1690 1722 1742 El

1826 1689 1936 1743 illa.
1965 1690 2100 1772 Cum
2135 1688 2279 1742 enim
2325 1687 2382 1742 in
2430 1688 2640 1743 somnis
2690 1687 2957 1744 eﬂusione
2998 1689 3226 1746 seminis
3263 1705 3408 1761 saepe

138 1776 204 1829 δὲ
251 1778 349 1830 καὶ
397 1776 508 1831 ἀπὸ
559 1775 831 1848 σωμάτων
885 1775 1292 1849 μεταλαμϐάνει
1337 1780 1431 1833 καὶ
1473 1780 1721 1842 κυῖσχει,

138 1870 333 1925 οὐκέτι
367 1870 489 1923 ἐστὶ
528 1869 767 1940 πνεῦμα,
816 1868 952 1925 ἀλλὰ
979 1869 1159 1940 σῶμα.
1187 1869 1357 1941 Σῶμα
1390 1869 1446 1924 δὲ
1484 1869 1567 1932 ὃν,
1607 1870 1725 1934 πῶς

139 1965 299 2016 ἐστιν
332 1963 565 2036 ἀόρατον
607 1962 703 2016 καὶ
748 1960 996 2032 πνεῦμα;
1038 1961 1147 2015 Kal
1178 1961 1349 2034 πολλὴ
1387 1962 1586 2015 ἀτοπία
1624 1961 1724 2031 τῆς

136 2053 325 2106 αὐτῶν
370 2051 732 2123 μωρολογίας.
779 2051 1066 2105 Βούλονται
1107 2052 1215 2125 γὰρ
1251 2052 1353 2123 τὴν
1394 2053 1510 2105 κατ’
1545 2051 1725 2106 αὐτῶν

140 2142 452 2214 μαρτυρίαν
473 2141 576 2214 τὴν
601 2141 708 2195 ἀπὸ
729 2142 829 2211 τῆς
869 2140 1186 2212 Ἐπιστολῆς
1205 2140 1299 2195 τοῦ
1324 2142 1493 2196 Ἰούδα
1526 2141 1727 2212 μᾶλλον

136 2237 223 2298 εις
264 2235 492 2298 ἑαυτοὺς
519 2233 682 2305 δῆθεν
714 2233 1038 2302 ἐπάγεσθαι,
1076 2235 1135 2287 ὲν
1164 2232 1243 2305 τῷ
1271 2233 1481 2303 λέγειν·
1518 2234 1628 2290 Καὶ
1670 2237 1726 2287 oi

130 2325 258 2396 μὲν
300 2324 787 2394 ἐνυπνιαζόμενοι
829 2324 939 2394 (78)
976 2323 1175 2394 σάρκα
1224 2324 1343 2394 μὲν
1392 2312 1724 2395 μιαίνουσι,

135 2417 464 2486 κυριότητα
485 2415 555 2469 δὲ
574 2415 857 2470 ἀθετοῦσι
884 2432 898 2445 ο
928 2415 1112 2481 δόξας
1139 2414 1207 2468 δὲ
1224 2416 1743 2485 βλασφημοῦσιν..

134 2509 258 2561 Οὐκ
290 2503 413 2561 εἶπε
442 2507 500 2561 δὲ
526 2509 555 2561 ὁ
593 2507 855 2578 μακάριος
893 2505 1094 2571 Ἰούδας
1132 2507 1358 2576 ἀδελφὸς
1386 2507 1480 2561 τοῦ
1518 2506 1725 2580 Κυρίου

134 2597 276 2668 περὶ
326 2592 888 2667 ὲνυπνιαζομένωνέν
926 2594 1193 2667 σώμασιν.
1247 2595 1424 2659 Εὐθὺς
1455 2597 1564 2667 γὰρ
1605 2599 1726 2650 ὲπι-

135 2688 303 2759 φέρει
334 2687 431 2741 καὶ
478 2686 751 2752 δεικνύει,
786 2688 868 2740 ὅτι
918 2686 1047 2757 περὶ
1104 2686 1211 2739 τῶν
1256 2686 1725 2757 ὲνυπνιαζομένων

135 2778 327 2847 λέγει,
365 2778 477 2832 τῶν
519 2776 826 2831 λαλούντων
862 2777 937 2843 ὡς
981 2777 1047 2831 δι’
1085 2776 1380 2848 ὀνειράτων
1425 2778 1494 2850 τὰ
1544 2778 1726 2832 αὐτῶν

138 2870 394 2940 ῥήματα,
420 2870 515 2922 καὶ
555 2869 657 2922 οὐκ
696 2869 962 2939 ἀνανήψει
1000 2870 1386 2940 γρηγορήσεως
1427 2868 1723 2940 λογισμῶν.

137 2961 258 3016 Kal
303 2960 413 3033 γὰρ
459 2960 555 3014 καὶ
590 2959 720 3032 περὶ⁵
762 2958 867 3013 τῶν
905 2964 961 3014 ὲν
1002 2961 1355 3032 Ἰερουσαλὴμ
1387 2961 1723 3017 διδασκάλων
1748 2998 1791 3055 C

134 3052 293 3120 λέγει
333 3051 560 3114 Ἡσαΐας
580 3068 594 3081 ’
632 3050 863 3117 Πάντες
892 3052 1074 3117 κύνες
1110 3052 1267 3106 ἐνεοί
1299 3054 1371 3106 οὐ
1402 3051 1722 3123 δυνάμενοι

135 3143 466 3208 ὑλακτεῖν,
507 3142 993 3212 ἐνυπνιαζόμενοι
1044 3145 1285 3213 κοίτην,
1320 3148 1415 3200 καὶ
1463 3146 1531 3200 τὰ
1576 3146 1723 3218 ἑξῆς.

136 3239 255 3292 Kal
282 3231 384 3290 ὦδε
413 3238 469 3291 δὲ
500 3239 594 3291 καὶ
630 3241 686 3292 ἐν
716 3241 781 3309 τῇ
808 3237 901 3291 τοῦ
949 3238 1119 3292 Ἰούδα
1164 3239 1448 3310 Ἐπιστολῇ
1486 3240 1726 3294 δείκνυσι

135 3328 336 3398 λέγων·
370 3329 890 3400 Ἐ’νυπνιαζόμενοι
918 3331 1148 3395 κοίτην,
1182 3329 1220 3382 d
1243 3332 1354 3385 οὐκ
1389 3329 1590 3384 οἴδασι
1622 3331 1725 3386 λέ-

138 3437 374 3490 meq.
407 3422 518 3475 Kal
564 3421 784 3489 ἔδειξεν,
830 3424 911 3477 ὅτι
957 3423 1020 3476 οὐ
1057 3422 1186 3493 περὶ
1216 3421 1316 3492 τῆς
1360 3424 1725 3488 ὲνυπνιάσεως

135 3512 293 3583 λέγει
341 3512 439 3567 τοῦ
486 3513 679 3577 ὕπνου,
715 3514 853 3569 ἀλλά
888 3513 1019 3586 περ).
1068 3514 1169 3583 τῆς
1224 3512 1498 3584 μυθώδους
1543 3514 1724 3569 αὐτῶν

136 3605 453 3676 τραγῳδίας
485 3606 580 3659 καὶ
600 3605 945 3677 ληρολογίας,
974 3605 1048 3668 ὡς
1070 3602 1159 3658 διά
1192 3603 1357 3658 ὕπνου
1401 3604 1721 3679 λεγομένης,

135 3697 234 3749 καὶ
266 3697 369 3749 οὐκ
394 3697 501 3750 ἀπὸ
524 3696 844 3769 ἐρρωμένης
869 3695 1127 3758 διανοίας.

1823 1795 2026 1850 corpus
2056 1780 2400 1843 exbaurires,
2426 1795 2530 1849 ego
2559 1780 2660 1836 abs
2697 1789 2750 1835 te
2790 1780 2925 1835 illud
2959 1783 3173 1853 excepi,
3195 1783 3407 1854 tibique

1825 1871 1966 1927 ﬁlios
1996 1870 2203 1941 peperi.
2237 1869 2411 1937 Quam
2444 1886 2576 1927 vero
2615 1871 2684 1926 ab
2719 1872 2826 1927 illis
2856 1872 3045 1943 inepte
3073 1874 3177 1929 ista
3206 1873 3401 1930 dicun-

1827 1961 1943 2013 tur!
1979 1958 2266 2025 Quomodo
2326 1960 2475 2015 enim
2522 1959 2766 2028 daemon,
2820 1960 3071 2031 impurus
3101 1976 3407 2032 expersque

1824 2050 2074 2121 corporis
2112 2050 2360 2121 spiritus,
2401 2049 2471 2105 de
2507 2050 2834 2120 corporibus
2871 2052 3202 2122 participare
3243 2053 3406 2125 quid-

1824 2142 1968 2211 piam
2000 2141 2212 2210 potest?
2240 2139 2375 2195 Nam
2407 2140 2453 2196 si
2480 2155 2510 2194 a
2541 2142 2869 2211 corporibus
2895 2142 2946 2196 ei
2968 2146 3419 2200 communicatur.

1825 2232 2026 2301 aliquid
2064 2239 2122 2285 ut
2162 2232 2369 2300 pariat,
2407 2246 2609 2299 corpus
2649 2234 2754 2287 erit
2787 2246 2894 2286 non
2929 2232 3176 2303 spiritus.
3202 2233 3316 2305 96
3346 2232 3409 2290 Si

1824 2340 2027 2395 corpus
2053 2334 2157 2387 est,
2189 2324 2464 2394 quomodo
2503 2323 2689 2394 fugere
2726 2325 3012 2378 oculorum
3047 2334 3402 2396 conspectum

1825 2422 1918 2470 aut
1952 2415 2181 2484 spiritus
2230 2429 2351 2470 esse
2383 2414 2625 2483 poterit?
2670 2410 2777 2469 Sed
2815 2421 2869 2468 et
2906 2412 3122 2467 illorum
3164 2414 3404 2468 absurda

1824 2520 1947 2560 cum
1984 2506 2177 2575 primis
2232 2505 2506 2560 stoliditas
2557 2512 2664 2566 est.
2712 2520 2837 2559 cum
2868 2503 3002 2559 illud
3047 2520 3114 2559 ex
3161 2503 3413 2574 Epistola

1822 2596 1976 2652 Judze
2018 2597 2413 2661 testimonium,
2450 2612 2561 2666 quo
2602 2611 2792 2651 eorum
2839 2610 2996 2650 error
3033 2596 3403 2661 convincitur,

1826 2691 1891 2744 ad
1921 2690 2082 2759 hujus
2103 2690 2273 2759 ipsius
2300 2687 2665 2760 patrocinium
2689 2688 3143 2744 accommodant:
3173 2687 3240 2742 In
3263 2705 3405 2744 soni-

1824 2783 1927 2844 nis,
1963 2782 2158 2850 inquit.
2190 2797 2399 2835 carnem
2432 2781 2723 2845 maculant,
2768 2780 3184 2835 dominationem
3224 2792 3402 2835 unum

1825 2883 2115 2943 spernunt,
2165 2873 2495 2943 majestatem
2547 2882 2722 2930 autem
2778 2873 3160 2943 blasphemant.
3201 2871 3402 2927 Verum

1826 2966 2019 3020 beatus
2042 2965 2212 3021 ludas
2243 2965 2454 3020 Domini
2481 2965 2651 3020 frater
2676 2980 2786 3019 non
2827 2963 2896 3019 de
2933 2964 3001 3018 iis
3024 2964 3284 3033 loquitur,
3307 2964 3405 3033 qui

1825 3072 1922 3126 per
1972 3056 2302 3113 insomnium
2357 3055 2599 3111 ﬂuxioue
2645 3070 2875 3110 venerea
2933 3054 3400 3110 contaminamur.

1824 3146 2018 3202 Statim
2054 3148 2254 3218 quippe
2296 3146 2991 3218 sulljungit;ostenditque
3025 3146 3094 3201 de
3133 3144 3403 3215 ejusmodi

1822 3254 1882 3295 se
1915 3240 2310 3295 somniantibus
2349 3240 2520 3309 loqui,
2546 3238 2640 3309 qui
2672 3253 2955 3294 sermones
2993 3251 3125 3293 suos
3161 3236 3308 3291 velut
3346 3237 3402 3290 in

1823 3330 2061 3395 somnis,
2112 3344 2221 3384 non
2277 3329 2581 3399 experrecti
2628 3342 2692 3383 ac
2745 3328 3039 3398 vigilantes
3085 3323 3398 3381 instituunt.

1823 3421 2101 3493 Siquidem
2138 3428 2192 3476 et
2225 3422 2290 3477 de
2318 3420 2828 3492 llierosolymitanis
2870 3417 3190 3473 doctoribus
3230 3414 3402 3469 Isaias

1819 3514 1896 3568 ita
1936 3513 2221 3583 loquitur:
2257 3512 2448 3567 Omnes
2491 3526 2648 3566 canes
2693 3511 2826 3565 muti
2883 3525 2987 3563 non
3033 3507 3264 3561 valentes
3316 3505 3400 3558 ία-

1820 3617 1982 3673 trare,
2006 3609 2326 3662 somniantes
2368 3608 2422 3661 in
2461 3608 2622 3661 cubili
2654 3608 2695 3671 ¹,
2723 3616 2778 3662 et
2821 3612 3039 3662 caetera.
3073 3602 3229 3671 Quod
3257 3601 3401 3663 idem

1817 3698 1871 3752 in
1903 3699 2004 3753 hac
2037 3697 2190 3753 Juda:
2228 3697 2471 3768 Epistula
2506 3699 2815 3753 declaratur
2858 3698 2944 3753 his
2992 3695 3193 3761 verbis,
3243 3692 3409 3749 Som-.

134 3790 351 3844 nianles
384 3790 576 3854 cubile,
624 3805 739 3859 qua:
805 3790 1043 3846 nesciunt
1083 3788 1338 3844 dicentes.
1374 3787 1473 3843 Ulli
1517 3787 1586 3844 de
1623 3789 2009 3847 dormientium
2075 3792 2362 3847 insomniis
2408 3792 2630 3844 minime
2668 3805 2728 3844 se
2781 3789 2931 3858 loqui
2967 3788 3105 3863 velle
3177 3788 3407 3840 demon-

134 3889 303 3943 strat,
328 3880 426 3935 sed
459 3879 527 3934 de
551 3879 705 3934 falsis
735 3879 945 3933 illorum
975 3878 1260 3950 tragiediis
1284 3892 1347 3932 ac
1376 3880 1556 3949 nugis,
1579 3894 1717 3949 quas
1756 3881 1836 3936 sic
1862 3889 2119 3953 tanquam
2146 3882 2200 3936 in
2220 3882 2449 3949 somnis,
2476 3896 2575 3935 nec
2600 3879 2755 3933 firmo
2792 3886 2849 3932 et
2904 3876 3178 3931 constanti
3220 3874 3409 3929 animo

134 3970 522 4040 pronuntiant.

206 4059 309 4118 IA'.
346 4056 646 4130 Περικακῶ
677 4058 735 4111 δὲ
762 4058 839 4121 ὡς
885 4058 1103 4130 άληθῶς
1133 4060 1203 4114 τὰ
1242 4059 1421 4114 πάντα
1461 4059 1717 4126 ἐξειπεῖν.

135 4149 276 4204 Θεοῦ
312 4151 426 4219 γὰρ
462 4148 581 4202 ἔστι
613 4148 778 4219 μόνου
808 4148 1126 4211 ἀποκλεῖσαι
1156 4150 1246 4204 τὸν
1274 4150 1432 4220 βυθὸν
1470 4153 1562 4223 τῆς
1591 4153 1720 4207 δυσ-

134 4241 328 4311 οδμίας
378 4239 610 4311 ταύτης.
661 4239 772 4293 Kal
818 4241 1221 4313 παρελεύσομαι
1267 4244 1332 4295 ὲκ
1376 4242 1468 4297 τοῦ
1529 4244 1721 4309 τόπου,

135 4333 436 4404 εὐξάμενος
471 4331 551 4404 τῷ
591 4329 928 4399 παμϐασιλεῖ
956 4332 1073 4404 Θεῷ
1116 4333 1321 4405 μηδένα
1362 4336 1442 4399 είς
1476 4336 1567 4390 τὸν
1597 4335 1724 4408 βόρ-

135 4422 300 4493 ϐορον
327 4423 812 4493 ὲγκαταπαγῆναι,
842 4423 975 4493 μηδὲ
1008 4425 1244 4494 ἐμαυτοῦ
1274 4425 1371 4496 τὴν
1393 4425 1601 4480 ἔννοιαν
1629 4444 1726 4497 με-

1894 4057 2033 4113 Χιν.
2069 4056 2359 4112 Enimvero
2400 4057 2565 4128 pudet
2610 4070 2697 4109 me
2732 4054 2917 4109 omnia
2956 4052 3171 4107 illorum
3202 4067 3405 4110 arcana

1825 4151 2098 4223 detegere.
2143 4150 2326 4206 Solius
2353 4150 2496 4205 enim
2524 4156 2608 4205 est
2638 4148 2725 4203 Dei
2748 4146 3228 4218 profundissimam
3263 4148 3404 4202 hanc

1824 4243 1962 4297 tanti
1995 4241 2185 4296 fetoris
2214 4242 2522 4312 voraginem
2569 4241 2874 4296 obstruere.
2930 4237 3295 4303 Quamobrem
3335 4239 3409 4294 ab

1825 4348 1892 4388 eo
1916 4334 2035 4388 loco
2071 4333 2366 4405 digrediar,
2401 4333 2503 4387 hoc
2537 4347 2707 4386 unum
2753 4330 2822 4386 ab
2865 4329 3121 4386 omnibus
3153 4330 3407 4386 modera—

1827 4431 1944 4478 tore
1972 4422 2078 4478 Deo
2109 4422 2411 4493 postulans,
2445 4436 2513 4476 ne
2541 4422 2666 4491 quis
2692 4422 2747 4474 in
2779 4420 2909 4474 illud
2943 4434 3160 4475 cmnum
3190 4420 3410 4476 demer-

136 4512 396 4565 ταλαὸεῖν
425 4511 527 4582 τῆς
548 4512 821 4568 δυσώδους
849 4513 1209 4584 ἀκαθαρσίας.
1231 4514 1455 4585 Πρῶτον
1487 4514 1586 4586 μὲν
1612 4516 1720 4586 γὰρ

1825 4522 2014 4582 gatur;
2049 4528 2181 4568 neve
2213 4514 2453 4568 animum
2486 4527 2664 4567 meum
2700 4512 2996 4570 fmdissima
3028 4512 3141 4568 haec
3171 4513 3404 4583 impuri-

131 4603 161 4654 6
188 4605 497 4669 ἀπόστολος
522 4604 734 4668 Παῦλος
759 4605 1213 4668 ἐκκόπτειαὺτῶν
1238 4608 1414 4660 πᾶσαν
1439 4607 1596 4679 ῥίζαν
1619 4606 1722 4677 τῆς

1826 4606 1956 4662 tatis
1989 4606 2138 4660 labes
2162 4604 2386 4661 inliciat.
2425 4603 2662 4659 Primum
2697 4605 2842 4659 enim
2890 4604 3170 4674 apostolus
3200 4603 3405 4660 Paulus

129 4695 362 4761 κακίας,
393 4697 524 4770 περὶ
544 4696 731 4768 χηρῶν
753 4696 1030 4768 νεωτέρων
1050 4698 1445 4769 παραγγέλλων
1461 4716 1474 4729 ·
1495 4698 1716 4767 Χήρας,

127 4790 302 4858 φησιν
323 4830 342 4854 ,
386 4789 680 4857 νεωτέρας
726 4789 1040 4857 παραιτοῦ.
1081 4792 1241 4845 Μετὰ
1276 4791 1386 4860 γὰρ
1422 4792 1488 4846 τὸ
1536 4807 1717 4846 κατα..

127 4877 497 4947 crpus-uiam:
530 4879 638 4934 τοῦ
669 4879 953 4949 Χριστοῦ,
978 4880 1187 4951 γαμεῖν
1213 4881 1519 4953 θέλουσιν,
1538 4882 1716 4955 ἕχον-

203 5037 218 5066 ¹
262 5035 364 5091 lsa.
396 5052 505 5102 LVI,
532 5036 632 5093 1οο

197 5192 321 5264 (78)
352 5195 461 5248 Kal
492 5197 548 5248 οι
577 5194 698 5264 μὲν
734 5192 1243 5263 ἐνυπνιαζόμενοι.
1313 5190 1430 5248 Vox
1460 5193 1600 5257 base,
1632 5194 1721 5248 ὲν-

124 5262 542 5334 υπνιαζὸμενοι,
560 5262 612 5318 in
636 5262 1323 5334 Vulgatainterpretatione
1349 5264 1524 5330 deest,
1551 5279 1716 5333 quam

124 5334 191 5387 ad
228 5331 394 5407 turpe
422 5335 671 5407 libidinis
696 5331 1034 5404 proﬂuvium
1052 5333 1215 5389 refert
1247 5334 1497 5397 (Eoum,
1517 5331 1719 5403 aliique

125 5406 405 5460 nonnulli.
452 5406 560 5459 Alii
607 5405 677 5458 ad
726 5417 974 5473 errorum
1048 5419 1426 5473 nugarumque
1477 5407 1712 5458 soumia.

122 5474 389 5529 Clemens
431 5475 587 5528 Alex.
637 5489 729 5543 ut
761 5471 962 5543 Strorn.
1010 5471 1275 5543 adversus
1325 5471 1714 5543 Carpncralcm

121 5544 452 5613 disputans:
484 5544 612 5597 Ἐπὶ
638 5542 851 5613 τούτων
881 5540 1056 5613 οἶμαι,
1090 5542 1185 5613 διαὶ
1210 5543 1317 5595 τῶν
1342 5540 1543 5613 ὁμοίων
1564 5544 1711 5613 αἱρέ-

120 5610 270 5669 σεων
302 5630 372 5683 πρ
385 5614 654 5681 κρητικῶς
684 5610 888 5664 Ἰούδαν
917 5610 973 5664 ὲν
992 5614 1061 5683 τῇ
1091 5610 1385 5684 Ἐπιστολῇ
1408 5610 1710 5684 εἰρηκέναι·

1824 4713 2017 4753 omnes
2044 4696 2354 4752 istiusmodi
2387 4696 2641 4767 nequitia:
2682 4697 2897 4751 radices
2931 4695 3154 4761 excidit,
3179 4710 3303 4751 cum
3334 4695 3407 4750 de

1818 4789 2131 4861 junioribus
2178 4790 2357 4846 viduis
2394 4792 2497 4847 ista
2539 4789 2844 4861 praescribit
2881 4807 2894 4844 :
2936 4788 3156 4853 Viduas,
3198 4788 3400 4857 inquit,

1823 4883 2258 4938 adolescentiam:
2299 4883 2506 4945 devita;
2538 4898 2655 4935 cum
2694 4881 2832 4935 enim
2875 4880 3162 4934 luxuriata:
3204 4879 3403 4948 fuerint

1827 5192 2071 5264 Ὁμοίως
2093 5190 2310 5264 μέντοι
2352 5190 2449 5264 καὶ
2477 5184 2644 5264 οὗτοι
2671 5190 3177 5264 ἐνυπνιαζόμενοι*
3201 5195 3273 5249 οὐ
3294 5193 3403 5264 γὰρ

1813 5261 1967 5332 ὑπὲρ
1995 5262 2070 5331 τῇ
2094 5262 2347 5330 ἀληθείᾳ
2373 5261 2829 5318 ἐπιϐάλλουσιν.
2858 5261 3117 5332 Sequitur
3143 5261 3402 5319 Isaiaslo-

1814 5349 1913 5388 cus
1941 5350 1992 5387 c.
2023 5349 2107 5386 LVI
2138 5348 2283 5386 com.
2322 5333 2415 5397 10,
2459 5332 2548 5386 ubi
2594 5333 2739 5401 quod
2775 5333 2830 5387 in
2873 5333 3101 5388 Hebraeo
3149 5342 3233 5388 cst
3266 5341 3401 5392 αντη

1814 5412 2044 5466 ωωπυ,
2076 5404 2188 5456 visa
2215 5410 2559 5466 contuentes,
2588 5403 2863 5472 iacentes;
2900 5402 3034 5457 LXX
3058 5411 3275 5458 vertunt
3312 5405 3399 5456 ὲν-

1815 5474 2200 5544 υπνιαζὸμενοι
2225 5475 2442 5544 κοίτην,
2467 5475 2791 5529 somniantes
2819 5474 3007 5529 cubile.
3049 5474 3183 5540 Quae
3212 5481 3394 5526 tamen

1778 5574 1784 5581 -
1812 5545 1871 5635 in
1899 5541 2939 5635 canoiiieaJI-udgnon‘reperiuntur,
2983 5552 3175 5600 contra
3194 5556 3391 5635 \quam

1812 5629 2057 5670 asserere
2085 5612 2303 5667 videtur
2332 5611 2686 5685 Ep?plianius.
