3946 6074
480 219 585 275 539

1903 219 1962 275 3.
2007 216 2348 274 ΕΡΙΡΙΙΑΝΠ

3652 217 3762 274 360

550 332 713 387 XVII.
743 329 884 401 Quid
912 331 1022 403 jam
1056 333 1204 388 aliud
1237 333 1496 402 deinceps
1517 331 1780 401 eloquar?
1807 341 1901 386 aut
1940 346 2067 403 quo-

2241 302 2342 386 IZ'.
2380 330 2445 383 Τί
2473 328 2528 383 δὲ
2558 328 2746 399 ἕτερον
2777 326 3017 399 εἴποιμι;
3056 328 3090 400 ἢ
3127 327 3245 393 πῶς
3281 328 3639 402 ἀποσείσομαι
3668 331 3763 384 τὸν

434 432 441 439 ’
480 427 644 482 modo
669 441 951 482 comosam
986 426 1129 480 hanc
1159 426 1592 495 disputationem
1620 422 1878 494 abjiciam
1903 465 1918 491 ,
1942 440 2075 479 cum

476 528 532 573 et
564 518 749 581 velim,
779 525 834 573 et
863 514 1033 571 nolim
1084 531 1191 571 una
1232 516 1438 580 dicere,
1470 530 1535 571 ac
1574 516 1810 586 quadam
1847 516 2067 572 dicendi

478 613 810 667 necessitate
835 608 1208 679 constringar,
1244 624 1312 665 ne
1344 608 1476 680 quid
1498 624 1698 664 eorum
1732 623 1854 680 quae
1881 610 2070 665 insunt

479 717 667 755 revera
696 701 1083 756 dissimulasse
1115 699 1342 769 videar;
1377 709 1433 755 et
1465 700 1597 755 illud
1637 714 1832 755 verear
1862 706 2065 764 tamen,

458 780 548 845 lue
588 791 807 845 illorum
858 790 1203 846 detestandis
1255 788 1475 862 ﬂagitiis
1521 788 1832 861 patefactis,
1878 804 2072 859 quem-

476 900 640 957 quam
675 892 770 940 aut
797 884 1061 950 iullciam,
1082 893 1177 939 aut
1206 886 1580 944 exstimulem,
1600 892 1654 938 et
1677 882 1745 937 ad
1774 884 1864 936 illa
1896 883 2071 936 curio.

477 979 597 1034 sius
630 978 941 1048 indaganda
976 976 1123 1034 faces
1161 978 1229 1033 iis
1262 978 1575 1044 subjiciam,
1608 975 1707 1046 qui
1728 974 2069 1044 voluptatum

479 1084 543 1122 ac
571 1068 931 1139 cupiditatum
967 1065 1242 1124 illecebris
1295 1066 1690 1122 abducuntur?
1728 1063 1835 1121 Sed
1868 1065 2071 1120 nihilo-

480 1161 663 1215 minus
713 1161 782 1215 ab
811 1158 1084 1229 ejusmodi
1134 1159 1399 1233 daemonis
1445 1167 1566 1215 satu
1616 1166 1671 1213 et
1720 1157 2073 1228 improbitate

479 1259 590 1306 tam
624 1234 745 1323 e‘go,
780 1266 945 1322 quam
991 1258 1201 1306 sanctae
1249 1258 1416 1321 atque
1475 1249 1760 1305 catholica:
1810 1248 2074 1304 Ecclesiae

481 1358 608 1414 spes
629 1344 833 1407 omnis,
872 1358 938 1398 ac
970 1343 1223 1414 quisquis
1256 1342 1309 1396 in
1348 1342 1451 1397 hoc
1477 1351 1727 1397 nostrum
1758 1356 1898 1411 opus
1935 1340 2073 1395 inci-

478 1435 641 1499 derit,
674 1434 912 1507 integer,
946 1435 1351 1505 inviolatusque
1385 1443 1656 1491 servetur.
1687 1431 1843 1500 Quod
1876 1433 1921 1487 si
1962 1447 2071 1487 ca:-

479 1536 614 1590 tera,
646 1543 770 1598 qme
809 1528 879 1582 ab
930 1527 1039 1583 illis
1074 1527 1336 1582 dicuutur
1367 1535 1462 1580 aut
1507 1526 1644 1580 ﬁunt
1687 1533 1889 1596 quanta
1918 1532 2069 1590 sunt,

479 1625 643 1689 atque
666 1618 958 1689 ejusmodi,
987 1619 1168 1690 qualia
1214 1618 1328 1689 jam
1362 1616 1935 1680 commemoravimus,
1980 1622 2073 1668 aut

2172 423 2393 496 πηλώδη
2440 422 2632 476 τοῦτον
2670 423 2830 477 πόνον
2856 464 2871 487 ,
2928 408 3252 493 βουλόμενος
3291 422 3395 494 μὲν
3436 424 3633 478 εἰπεῖν.
3666 426 3763 478 καὶ

2173 514 2248 585 μὴ
2293 511 2634 584 βουλόμενος,
2677 511 3121 582 ἀναγκαζόμενος
3164 511 3242 575 δὲ,
3290 513 3380 566 ἴνα
3423 512 3499 584 μὴ
3533 512 3672 576 δόξω
3704 531 3762 567 τι

2168 600 2277 653 τῶν
2321 598 2491 652 ὄντων
2531 600 2949 672 παρακρύπτειν
2975 614 2989 631 ⁸
3038 602 3135 654 καὶ
3172 601 3527 672 φοϐούμενος,
3564 603 3651 656 ἵνα
3684 604 3762 675 μὴ

2171 690 2661 747 ἀποκαλύπτων·τά
2683 692 2831 747 δεινά
2864 693 3044 747 αὐτῶν
3075 693 3109 765 ἢ
3134 694 3339 765 χράνω,
3370 694 3403 765 ἦ
3431 695 3643 767 πλήξω,
3679 698 3762 761 είς

2168 784 2233 839 τὸ
2272 784 2743 858 περιεργάσασθαι
2790 787 2918 858 περὶ
2966 786 3155 840 τούτου
3205 786 3333 850 τοὺς
3375 786 3764 857 ἀπαγομένους

2169 880 2386 951 ἡδοναῖς
2419 880 2515 933 καὶ
2554 878 2873 951 ἐπιθυμίαις
2915 878 3234 951 ὲποτρύνω;
3264 879 3472 950 Ὅμως,
3501 877 3613 948 ἐγὼ
3659 879 3763 950 μὲν

2170 973 2347 1038 άθῶος
2375 974 2513 1045 εῐην,
2534 975 2628 1028 καὶ
2649 975 2801 1028 πᾶσα
2827 975 2861 1043 ἠ
2888 972 2988 1045 τῆς
3004 972 3166 1041 ἁγίας
3193 971 3490 1044 καθολικῆς
3530 971 3767 1044 Ἐκκλη-

2173 1066 2321 1130 σίας,
2348 1066 2525 1131 ἐλπὶς,
2579 1066 2675 1120 καὶ
2714 1066 2913 1129 πάντες
2950 1066 3002 1118 οἱ
3027 1064 3205 1136 τούτῳ
3241 1063 3321 1135 τῷ
3351 1065 3642 1137 γράμματι
3671 1066 3765 1119 ὲν-

2170 1160 2533 1232 τυγχάνοντες
2551 1159 2659 1215 ἀπὸ
2680 1159 2780 1229 τῆς
2793 1157 3050 1229 τοιαύτης
3066 1157 3161 1212 τοῦ
3175 1158 3424 1213 διαόόλου
3441 1157 3768 1230 ύποσπορᾶς

2173 1254 2267 1308 καὶ
2293 1235 2738 1326 κακομηχανίαςο
2790 1251 2885 1306 ὲάν
2916 1250 3028 1324 γὰρ
3061 1251 3282 1323 θελήσει
3315 1250 3496 1321 λέγειν
3525 1251 3594 1305 τά
3624 1251 3768 1306 ἄλλα

2172 1345 2241 1399 τὰ
2273 1347 2404 1416 παρ’
2448 1345 2630 1408 αὐτοῖς
2658 1343 2928 1415 λεγόμενα
2953 1344 3048 1397 καὶ
3084 1343 3345 1415 γινόμενα
3376 1343 3480 1398 ὅσα
3505 1344 3625 1397 ἐστὶ
3644 1360 3769 1397 τοι-

2173 1436 2313 1491 αὕτα
2339 1438 2432 1491 καὶ
2452 1436 2712 1502 τοσαῦτα,
2732 1437 2825 1490 καὶ
2842 1435 3047 1491 τούτων
3074 1436 3154 1491 ἔτι
3177 1435 3398 1508 μείζονα
3417 1437 3513 1491 κα)⁵
3529 1436 3765 1499 ἐλάττω,

2175 1524 2388 1595 θελήσω
2411 1523 2468 1579 δὲ
2491 1526 2587 1579 καὶ
2606 1523 2682 1589 ὡς
2704 1524 2998 1600 φάρμακον
3018 1526 3213 1589 ἰάσεως
3234 1525 3589 1600 ἀλεξητήριον
3611 1527 3769 1581 em-

2172 1617 2340 1671 δότων
2372 1617 2530 1689 δίκην
2552 1617 2688 1688 πρὸς
2708 1617 2946 1689 ἑκάστην
2965 1618 3111 1685 λέξιν
3135 1617 3450 1681 ἀντιθεῖναι,
3482 1620 3563 1683 είς
3590 1618 3769 1673 πολὺν

479 1712 551 1767 iis
580 1714 744 1769 etiam
777 1713 1008 1781 majora,
1029 1712 1116 1768 vel
1151 1712 1387 1774 minora,
1419 1708 1710 1781 complecti
1737 1704 1981 1771 voluero,
2014 1715 2069 1762 et

2171 1708 2334 1778 ὖγκον
2355 1709 2535 1763 ὲλάσω
2556 1709 2656 1780 τῆς
2691 1708 2995 1775 συντάξεως
3019 1708 3119 1781 τὴν
3146 1708 3548 1780 πραγματείαν.
3573 1709 3769 1783 Ταύτῃ

480 1804 548 1859 ad
573 1806 819 1876 singulas
849 1819 1011 1859 voces
1036 1804 1258 1859 salubre
1278 1803 1554 1873 quoddam
1583 1800 2067 1864 medicamentum,

479 1896 628 1951 velut
661 1896 967 1967 depellendi
1002 1896 1125 1950 mali
1152 1910 1322 1951 causa
1352 1900 1732 1965 comparatum
1766 1891 2069 1947 remedium

479 1986 805 2049 adhibuero,
842 1988 897 2041 iu
935 1985 1257 2040 immensam
1312 1983 1511 2039 molem
1561 1990 1878 2053 susceptum
1928 1995 2070 2050 opus

406 2092 425 2115 ³
477 2086 753 2136 excurret.
796 2076 930 2131 Nam
953 2085 1007 2132 et
1031 2092 1153 2141 nos,
1180 2075 1517 2139 citarissimi,
1560 2074 1615 2129 in
1649 2074 1796 2129 illam
1835 2073 2069 2128 hzeresin

479 2168 838 2229 incurrimus,
866 2175 920 2222 ct
952 2182 1017 2221 ex
1059 2166 1293 2236 ipsumet
1319 2181 1530 2231 eorum,
1562 2162 1655 2236 qui
1686 2164 1827 2219 hanc
1852 2165 2075 2235 proprie

476 2269 531 2317 et
583 2277 650 2316 ex
687 2260 945 2315 instituto
977 2264 1236 2321 tractant,
1270 2274 1367 2313 ore
1403 2272 1467 2312 ac
1512 2257 1831 2328 magisterio
1871 2255 2073 2311 didici-

477 2367 623 2408 mus.
670 2351 753 2421 ᾼιι
783 2350 836 2405 id
890 2364 1023 2406 vero
1065 2358 1397 2420 comparatae
1424 2349 1772 2419 deceptseque
1814 2349 2073 2414 mulieres

480 2459 589 2499 non
639 2444 817 2503 solum
855 2441 1171 2498 istiusmodi
1221 2441 1380 2496 nobis
1416 2455 1701 2497 sermones
1739 2440 2070 2510 iniecerunt,

481 2535 574 2589 sed
608 2535 831 2604 insuper
860 2533 1128 2606 Egyptiaz
1166 2533 1315 2588 illius
1346 2534 1577 2604 perditae
1606 2548 1670 2588 ac
1719 2533 2074 2604 nequissima:

2166 1800 2277 1872 γὰρ
2334 1802 2401 1871 τῇ
2450 1800 2696 1874 αἱρέσει,
2743 1801 3097 1873 ἐπιπόθητοι,
3143 1802 3241 1856 καὶ
3289 1802 3453 1866 αὐτὸς
3505 1803 3768 1874 περιέτυ-

2168 1911 2283 1965 χον.
2365 1894 2466 1949 Ἐκ
2527 1895 2794 1965 στόματος
2840 1895 2898 1949 δὲ
2949 1896 3060 1949 τῶν
3107 1896 3284 1969 ταύτῃ
3336 1895 3770 1968 ἐπιχειρούντων

2170 1984 2328 2056 φύσει
2382 1986 2521 2041 αὐτὰ
2564 1972 3005 2059 αύτόπροσώπως
3050 1986 3343 2059 ἑνηχήθην.
3412 1986 3682 2052 Γυναῖκες
3711 1986 3771 2041 δι

2168 2074 2312 2131 οὕτω
2341 2078 2691 2150 ἡπατημέναι
2729 2077 2790 2131 ού
2824 2079 2985 2150 μόνον
3018 2078 3118 2150 τὴν
3163 2078 3353 2132 λαλιὰν
3382 2078 3594 2150 ταύτην
3626 2082 3771 2150 ἡμῖν

2172 2166 2511 2238 προέτειναν,
2574 2169 2669 2221 καὶ
2690 2165 2776 2247 ’τὰ
2806 2167 3035 2224 τοιαῦτα
3059 2171 3192 2241 ἡμῖν
3220 2167 3600 2238 ἀπεκάλυψαν,
3626 2168 3771 2223 ἀλλά

2172 2257 2265 2311 καὶ
2302 2257 2439 2328 μετά
2471 2256 2572 2329 τὴν
2592 2258 2895 2326 Αἰγυπτίαν
2929 2259 3146 2331 ἐκείνην
3169 2258 3270 2331 τὴν
3304 2258 3400 2312 τοῦ
3429 2260 3774 2330 ἀρχιμαγείο

2176 2365 2270 2420 ρου
2312 2348 2413 2421 τὴν
2451 2349 2730 2421 όλετήριον
2759 2351 2854 2404 καὶ
2895 2350 3195 2422 μοχθηρὰν,
3229 2352 3323 2406 καὶ
3362 2346 3523 2406 αὗται
3561 2351 3773 2422 ἀθυρο-

2171 2438 2395 2511 γλώττῳ
2420 2440 2595 2513 τόλμῃ
2611 2442 2963 2497 κατασπάσαι
2989 2444 3139 2514 ἡμᾶς
3166 2444 3224 2497 ὲν
3248 2446 3313 2516 τῇ
3346 2443 3445 2515 νέα
3472 2443 3632 2514 ἡμῶν
3646 2443 3775 2514 ηλιο

2172 2532 2266 2604 κίᾳ
2291 2533 2613 2605 όρεχθεῖσαι·
2637 2534 2977 2608 ἐπεχείρουν.

481 2624 729 2680 mulieris
753 2629 944 2689 instar,
966 2640 1088 2694 quae
1110 2639 1415 2696 coquorum
1434 2623 1860 2695 priucipisuxor
1884 2623 2072 2689 erat‘,
2114 2623 2385 2695 petulanti
2448 2637 2551 2680 nos
2619 2632 2822 2679 conatu
2863 2624 3150 2680 detrahere
3192 2632 3329 2690 tum,
3375 2641 3498 2681 cum
3549 2624 3773 2679 ﬂorenti

481 2712 661 2772 adliu‘c
687 2725 844 2771 celate
870 2716 1142 2779 essemus,
1177 2730 1449 2787 aggressa:
1480 2722 1628 2770 sunt.

558 2807 755 2865 Verum
785 2810 832 2862 is
854 2808 948 2877 qui
967 2808 1320 2864 sanctissimo
1334 2806 1575 2876 Joseplto
1600 2814 1713 2860 tum
1740 2806 1941 2870 astitit,
1966 2821 2062 2860 nov

482 2903 569 2957 bis
603 2915 825 2971 quoque
860 2899 1057 2965 adfuit,
1093 2906 1147 2955 et
1175 2899 1320 2953 hunc
1344 2899 1547 2969 ipsum,
1581 2897 1673 2968 qui
1699 2897 1851 2952 illum
1883 2912 1949 2952 eo
1980 2912 2069 2968 pe-

2256 2796 2416 2851 ’Δλλά
2435 2797 2464 2851 ό
2484 2797 2605 2850 τότε
2628 2798 3031 2869 ωμπαραστὰς
3048 2798 3125 2871 τῷ
3144 2800 3282 2871 ἁγίῳ
3298 2803 3494 2875 Ἰωσὴφ
3512 2807 3607 2861 καὶ
3631 2805 3776 2876 ἡμῖν

2172 2891 2419 2964 παρέστη
2435 2905 2449 2920 ο
2466 2890 2661 2945 καὶτὸν
2672 2893 2880 2945 ἐκεῖνον
2892 2894 3009 2946 ἐκεῖ
3020 2892 3327 2966 ῥυσάμενον
3336 2897 3601 2971 ὲπικεκλη
3612 2917 3776 2970 μενοι

483 2995 659 3049 riculo
690 2993 944 3049 liberavit
975 2993 1357 3064 implorantes,
1406 2991 1533 3046 licet
1570 2989 1778 3061 indigni
1818 3004 1883 3045 ac
1912 2998 2067 3044 tanto

2171 2984 2218 3036 οί
2242 2980 2452 3047 ἀνάξιοι
2470 2978 2565 3036 καὶ
2580 2981 2846 3047 ἁνίκανοι,
2870 2981 3182 3053 ἐλεηθέντες
3199 2985 3292 3038 καὶ
3309 2986 3646 3058 ἀποδράντες
3668 2992 3775 3056 τάς

402 3144 413 3153 ,
480 3085 747 3143 beneﬁcio
780 3073 1018 3157 impares
1056 3099 1325 3148 essemus,
1359 3082 1609 3153 ejusdem
1637 3082 1975 3153 benignitate
2003 3096 2068 3136 ac

2171 3076 2327 3147 όλετη
2338 3076 2482 3146 ρίους
2499 3074 2679 3128 αὐτῶν
2692 3077 2901 3147 χεῖρας,
2919 3074 3037 3147 Θεῷ
3052 3075 3130 3147 τῷ
3147 3094 3324 3147 παναγ
3334 3079 3398 3149 ίῳ
3414 3076 3584 3150 ὕμνον
3599 3081 3777 3153 ᾅσαν-

481 3179 858 3234 misericordia
892 3178 1236 3249 perniciosas
1274 3178 1493 3232 illarum
1530 3190 1727 3231 manus
1753 3174 2067 3246 effugimus,

481 3284 547 3323 ac
593 3269 947 3325 sanctissimo
976 3267 1087 3324 Deo
1135 3265 1555 3339 gratulatoritun
1591 3278 1813 3320 carmen
1865 3261 2071 3318 cecini-

479 3377 623 3426 mus,
657 3370 714 3415 ut
760 3362 814 3416 id
847 3375 1115 3430 usurpare
1153 3358 1349 3414 merito
1392 3371 1724 3428 possemus:
1780 3351 2068 3409 Cantemus

479 3452 735 3518 Domino,
768 3452 999 3524 gloriose
1042 3452 1179 3507 enim
1228 3449 1601 3521 magniﬁcatus
1648 3456 1747 3513 est,
1786 3463 1973 3516 equum
2018 3455 2070 3499 et

480 3561 812 3599 ascensorem
846 3545 1033 3614 dejecil
1069 3544 1121 3596 in
1161 3557 1308 3596 mare
1339 3542 1380 3595 '.
1418 3538 1604 3611 Neque
1636 3539 1781 3594 enim
1817 3534 2073 3593 similiter

482 3646 542 3691 ut
589 3637 680 3691 ille
728 3635 1065 3706 patriarcha,
1098 3635 1148 3689 vi
1198 3633 1432 3704 quadam
1473 3632 1691 3687 virtutis
1728 3645 1795 3685 ac
1836 3628 2069 3701 justitite

366 3780 371 3785 .
479 3738 704 3795 nostrm,
742 3728 835 3783 sed
875 3727 998 3783 fuso
1035 3728 1101 3781 ad
1144 3724 1312 3781 Deum
1345 3726 1550 3796 gemitu
1590 3724 1708 3795 ejus
1738 3736 1933 3777 sumus
1966 3723 2068 3776 mi-

478 3819 755 3873 seratioue
797 3817 1023 3873 servati.
1069 3816 1205 3870 Cum
1250 3815 1414 3871 etiam
1446 3814 1576 3869 mihi
1619 3821 1802 3885 pestes
1837 3813 1942 3867 illa:
1972 3827 2069 3883 per

478 3903 773 3959 ludibrium
800 3903 1215 3974 exprobrarent,
1250 3918 1314 3957 ac
1351 3918 1535 3958 secum
1571 3903 1805 3958 invicem
1831 3903 2069 3957 illuden-

476 4002 559 4051 tes
591 3996 664 4050 ita
714 3996 1118 4066 loquerentur:
1156 3995 1316 4065 100
1366 3994 1798 4063 lluucjuvenem
1842 4008 2068 4049 servare

477 4104 586 4143 non
621 4089 927 4159 potuimus,
959 4085 1056 4142 sed
1088 4086 1142 4139 in
1189 4086 1444 4141 manibus
1488 4086 1754 4156 principis
1785 4086 1967 4157 perire
1993 4086 2069 4141 si-
2111 4092 2116 4098 ‘

475 4182 677 4237 vimus.
712 4178 1009 4251 Nam-qua!
1055 4178 1230 4233 forma
1262 4178 1405 4234 inter
1442 4179 1567 4233 illas
1614 4178 1929 4234 liberaliore
1958 4186 2064 4246 est,

475 4276 827 4345 semetipsam
859 4275 1007 4329 velut
1045 4288 1229 4329 escam
1270 4280 1435 4343 atque
1485 4271 1802 4328 illecebram
1849 4271 2063 4341 objicit,

2170 3184 2265 3231 τες
2277 3167 2518 3239 ἠδυνήθη
2528 3184 2629 3239 μεν
2649 3169 2744 3221 καὶ
2763 3168 2918 3222 αὐτοὶ
2947 3167 3127 3238 λέγειν
3148 3171 3229 3236 τὸ,
3251 3173 3519 3242 ’ᾼσωμεν
3540 3173 3622 3239 τῷ
3641 3175 3776 3232 Κυ-

2162 3261 2278 3329 ρίῳ
2290 3276 2305 3291 ο
2319 3259 2581 3327 ἐνδόξως
2593 3259 2703 3330 γὰρ
2718 3259 3079 3324 δεδόξασται
3094 3277 3107 3292 ’
3130 3263 3321 3317 ἵππον
3339 3264 3437 3318 καὶ
3454 3266 3778 3337 ἀναϐάτην

2169 3340 2419 3421 ίρῤιψεν
2438 3355 2525 3418 εις
2552 3352 2896 3407 θάλασσαν.
2947 3353 3021 3407 Οὐ
3065 3354 3177 3427 γὰρ
3206 3355 3370 3428 ὁμοίᾳ
3407 3356 3636 3429 δυνάμει
3668 3360 3777 3432 τῆς

2170 3444 2381 3497 ἐκείνου
2425 3443 2808 3516 δικαιοσύνης,
2867 3443 3007 3498 ἀλλὰ
3043 3444 3336 3517 στεναγμῷ
3376 3447 3457 3519 τῷ
3502 3449 3645 3522 πρὸς
3692 3451 3776 3522 τῷ

2170 3535 2329 3607 Θεῷ³
2356 3537 2668 3610 ἐλεηθέντες
2690 3537 2995 3610 ἐσώθημεν.
3069 3538 3494 3611 Ὀνειδιζόμενος
3523 3544 3636 3616 γὰρ
3676 3546 3775 3598 ὑπ’

2170 3629 2350 3684 αὐτῶν
2389 3629 2499 3684 τῶν
2529 3630 2826 3703 όλετηρίων
2866 3630 3160 3699 γυναικῶν,
3202 3633 3597 3707 κατεγελώμην
3629 3622 3774 3706 ἐγὼ,

2169 3717 2245 3783 ὡς
2273 3719 2569 3790 ὑπέφαινον
2590 3721 2647 3774 αί
2676 3719 2921 3774 τοιαῦται
2940 3719 3192 3793 ἀλλήλαις
3212 3722 3659 3787 ἐπισκώπτουσαι
3686 3728 3779 3800 δῆο

2171 3810 2264 3866 θεν
2292 3830 2308 3847 θ
2341 3814 2423 3868 ὃτι
2447 3814 2561 3868 Ούκ
2592 3813 3139 3886 ἠδυνήθημενησῶσαι
3164 3815 3257 3871 τὸν
3278 3817 3579 3883 νεανίσκον,
3629 3820 3774 3875 ἀλλά

2169 3902 2467 3973 ἀφήκαμεν
2505 3902 2668 3956 αὐτὸν
2694 3904 2750 3955 ἐν
2780 3904 2936 3975 χερσὶ
2967 3902 3065 3957 τοῦ
3113 3906 3373 3977 ἄρχοντος
3403 3909 3771 3966 ἀπόλλυσθαι.

2182 3994 2310 4049 Ἐπε
2319 3996 2473 4067 ιδήπε
2480 4014 2512 4068 ρ
2527 3995 2650 4065 ἦτις
2661 3995 2840 4049 αὐτῶν
2854 3996 2912 4048 εὐ
2922 3997 3230 4069 μορφοτέρα
3245 3999 3350 4068 εἴη,
3363 3998 3559 4072 δέλεαρ
3575 3999 3776 4076 ὥσπερ

2169 4087 2370 4157 ἑαυτὴν
2396 4087 2737 4159 προτίθησιν,
2756 4086 2896 4141 ὥστε
2917 4090 2987 4143 δι’
3008 4089 3180 4160 αὐτῆς
3204 4091 3331 4154 τοὺς
3352 4093 3535 4163 ἡπατη
3546 4092 3772 4163 μένους,

2169 4177 2293 4231 ἀντὶ
2316 4178 2409 4231 τοῦ
2438 4178 2745 4243 ἀπολλύειν,
2784 4179 2977 4245 σώζειν
3002 4180 3380 4253 ἐπιφημίζειν.
3419 4184 3532 4237 Καὶ
3561 4185 3776 4251 ὖνειδος

2168 4268 2356 4324 λοιπὸν
2375 4270 2483 4325 τῶν
2506 4271 2767 4344 ἀμόρφων
2782 4273 2991 4343 γίνεται
3017 4274 3167 4346 παρά
3190 4274 3298 4329 τῶν
3317 4276 3771 4350 εύμορφοτέρωνο

477 4375 537 4421 ιιι
568 4381 710 4437 quos
748 4365 804 4420 in
842 4365 1090 4422 fraudem
1123 4366 1241 4437 ipsa
1275 4365 1579 4436 pellexerit,
1622 4378 1729 4420 non
1760 4377 1856 4420 eos
1883 4364 2066 4435 proﬂi-

2171 4363 2251 4417 ὄτι
2286 4361 2448 4433 Ἐγὼ,
2474 4365 2628 4436 φησὶ,
2652 4365 2847 4431 σκεῦός
2874 4369 2989 4439 είμι
3013 4367 3244 4439 ἐκλογῆς
3269 4369 3541 4443 δυναμένη
3570 4370 3776 4437 σώζειν

476 4472 605 4528 gare
634 4471 700 4512 ac
743 4456 997 4528 perdere,
1028 4458 1125 4514 sed
1170 4459 1384 4528 eripere
1423 4457 1660 4513 dicatur.
1703 4454 1859 4511 Unde
1888 4465 1942 4512 et
1968 4456 2067 4512 de-

476 4547 747 4605 formibus
772 4550 1139 4619 elegantiores
1166 4550 1460 4605 identidem
1489 4548 1821 4619 exprobrare
1853 4549 2064 4605 solent:

475 4637 587 4709 Ego
630 4655 772 4707 sum,
804 4641 1089 4710 inquiunt,
1129 4655 1226 4696 vas
1260 4639 1494 4695 electum
1518 4680 1533 4705 ,
1577 4654 1702 4709 qure
1729 4655 1918 4697 errore
1961 4641 2069 4697 cir-

472 4740 799 4786 cumventos
827 4731 1119 4787 extrahere
1156 4746 1380 4802 possum
1414 4749 1427 4785 :
1468 4731 1616 4800 quod
1648 4739 1704 4785 tu
1753 4730 1939 4789 facere
1973 4748 2068 4789 ne-

471 4819 720 4890 quivisti.
755 4819 821 4874 Et
843 4828 1002 4876 erant
1026 4835 1160 4878 sane
1189 4836 1311 4893 quae
1340 4830 1454 4875 tum
1486 4820 1573 4877 his
1596 4823 1885 4877 verborum
1911 4823 2068 4880 blan-
2096 4869 2104 4877 .

470 4912 736 4968 dimentis
768 4928 832 4969 ac
886 4913 1176 4971 lenociniis
1228 4915 1525 4971 utebantur
1568 4915 1819 4984 corporis
1855 4930 1966 4987 quo
1996 4917 2065 4973 ad

472 5005 811 5075 peccandum
836 5006 1202 5064 abutebantur
1228 5015 1461 5064 venusta
1478 5008 1816 5079 cumprimis
1840 5008 2061 5080 specie;

470 5097 568 5151 sed
599 5100 785 5156 animo
815 5116 977 5173 quem
1012 5103 1453 5173 consceleratum
1482 5101 1746 5173 gerebant
1783 5104 1932 5157 omni
1948 5103 2066 5175 dae-

471 5190 652 5245 monis
688 5194 1032 5264 turpitudine
1066 5194 1405 5251 deformata.
1443 5193 1548 5250 Sed
1582 5194 1895 5251 misericors
1919 5194 2064 5261 Deus

470 5279 539 5334 ab
573 5280 789 5338 illarum
830 5286 1177 5357 improbitate
1213 5301 1315 5343 nos
1361 5287 1588 5359 eripuit,
1629 5286 1767 5343 adeo
1801 5295 1859 5342 ut
1907 5298 2060 5359 post-

2164 4456 2293 4519 τους
2321 4456 2734 4527 ἀπατωμένους,
2766 4457 2830 4511 σὺ
2858 4459 2915 4512 δὲ
2944 4459 3044 4513 ούκ
3070 4459 3315 4531 ἴσχυσας.
3332 4455 3517 4514 Ἦσαν
3542 4463 3647 4533 μὲν
3676 4461 3774 4519 οὖν

2168 4548 2225 4600 αἱ
2241 4547 2332 4600 τὸν
2349 4546 2635 4618 ἀγώγιμον
2658 4547 2828 4619 μῦθον
2849 4548 3036 4605 τοῦτον
3059 4552 3443 4624 ὑφηγούμεναι
3474 4556 3543 4626 τῇ
3579 4559 3771 4629 μορφῇ

2164 4640 2264 4709 τῆς
2297 4640 2480 4693 αὐτῶν
2510 4639 2775 4704 πτώσεως
2813 4642 3335 4715 εύπροσωπόταται’
3367 4644 3446 4716 τῷ
3464 4645 3521 4699 δὲ
3560 4638 3772 4719 νῷςτῆς

2166 4732 2345 4785 αὐτῶν
2381 4731 2683 4804 μοχθηρίας
2720 4734 2818 4805 τὴν
2860 4737 3040 4788 πᾶσαν
3073 4735 3167 4790 τοῦ
3199 4737 3447 4792 διαϐόλου
3480 4737 3773 4810 ἀμορφίαν

2166 4823 2523 4894 κεκτημέναι.
2587 4825 2748 4879 Ἀλλά
2790 4828 2818 4880 ό
2859 4826 3108 4899 ἐλεήμων
3141 4828 3274 4893 Θεὸς
3317 4831 3416 4901 τῆς
3453 4832 3773 4904 μοχθηρίας

2165 4915 2345 4971 αὐτῶν
2369 4918 2517 4987 ἡμᾶς
2542 4918 2832 4990 ὲρῤύσατο,
2852 4919 2992 4973 ὥστε
3027 4921 3164 4992 μετά
3189 4922 3250 4975 τὸ
3275 4922 3589 4991 ἀναγνῶναι
3612 4926 3771 4996 ἡμᾶς

2164 5006 2345 5061 αὐτῶν
2376 5009 2476 5072 τὰς
2514 5008 2751 5080 βίϐλους,
2785 5012 2882 5066 καὶ
2908 5009 3220 5084 ’ἐπιστῆσαι
3250 5013 3342 5067 τὸν
3372 5012 3499 5067 νοῦν
3523 5018 3591 5086 τῇ
3625 5015 3767 5086 ἀ).η-

2164 5101 2305 5173 θείᾳ,
2344 5102 2440 5155 καὶ
2490 5102 2564 5174 μὴ
2610 5105 3045 5175 συναπαχθῆναι,
3087 5105 3391 5178 ἀποδρᾶσαί
3427 5125 3489 5162 τε
3542 5111 3643 5164 καὶ
3688 5112 3767 5183 μὴ

2160 5192 2535 5264 δελεασθῆναι,
2559 5195 2622 5248 τὺ
2638 5196 2939 5266 τηνικαῦτα
2955 5197 3372 5270 ἐσπουδάσαμεν
3390 5200 3485 5254 καὶ
3502 5205 3618 5264 τοῖς
3640 5204 3768 5254 ὲπιο
3872 5258 3877 5271 η

2160 5285 2387 5350 σκόποις
2409 5288 2520 5352 τοῖς
2543 5289 2601 5341 ὲν
2624 5288 2703 5360 τῷ
2724 5289 2875 5361 τόπῳ
2892 5290 3087 5363 ἐκείνῳ
3106 5291 3305 5355 αὐτοὺς
3331 5292 3639 5360 ὑποδεῖξαι,
3666 5295 3769 5349 καὶ

469 5389 634 5447 quam
686 5375 914 5432 istorum
968 5379 1139 5434 libros
1178 5379 1545 5450 perlegimus,
1594 5388 1649 5435 et
1697 5380 1764 5434 ad
1811 5380 2059 5435 veritatis

2171 5378 2225 5434 ιὰ
2241 5378 2483 5450 ὀνόματα
2498 5382 2557 5434 ἐν
2571 5383 2638 5453 τῇ
2668 5382 2967 5454 Ἐκκλησία
2987 5384 3348 5456 κεκρυμμένα
3365 5387 3647 5457 φωρᾶσαι,
3667 5388 3773 5442 καὶ

468 5470 832 5544 cognitionem
889 5473 1131 5526 auinmm
1171 5471 1495 5542 adjecimus,
1544 5487 1644 5527 nec
1692 5471 1937 5536 abducti,
1975 5472 2058 5527 vel

2171 5471 2284 5535 τοὺς
2328 5472 2528 5536 αὐτοὺς
2574 5473 2913 5546 ἀπελαθῆναι
2939 5476 3040 5546 τῆς
3081 5475 3309 5544 πόλεως,
3349 5477 3593 5550 ὀνόματα
3629 5478 3771 5552 περί

549 5626 729 5685 ‘Gcn.
769 5644 956 5696 xxxix,
1008 5630 1032 5683 7
1067 5645 1189 5699 sqq.

1272 5630 1305 5691 ί,
1333 5627 1499 5682 γωδ.
1529 5644 1615 5694 xv,
1654 5629 1700 5684 1.
1785 5628 1803 5660 ³
1836 5625 1895 5681 F.
1927 5625 2018 5680 τόν
2045 5627 2201 5681 Θεόν.
