3946 6074
204 196 302 252 36!

883 200 1250 264 ADVERSL'S
1289 209 1631 271 IIAiIlESES
1666 216 1772 272 LII]

1919 218 2084 277 ΤΟΜ.
2126 218 2190 275 11.
2215 254 2283 264 -
2323 220 2597 280 IIA-ZRES.
2639 222 2830 279 XXVI.

3372 237 3482 295 διε

210 328 311 367 που
335 310 698 385 ὀγδοήκοντα,
726 318 818 371 καὶ
839 318 935 390 τὴν
958 321 1111 374 πόλιν
1136 323 1234 394 τῆς
1254 325 1432 380 αὑτῶν
1456 327 1768 392 ζιζανιὼδου

1901 350 2089 390 eorum
2116 336 2391 393 illecebris
2412 340 2552 408 capti
2575 355 2784 417 sumus,
2806 340 2901 396 sed
2930 339 3217 412 effugimus
3240 316 3476 410 tandem,

214 402 344 474 ὕλης
370 403 469 459 καὶ
497 406 846 474 ἀκανθώδους
867 412 1223 485 καθαρθῆναι.

1908 438 2031 481 mox
2068 426 2135 481 ad
2181 429 2491 500 episcopos,
2523 434 2615 500 qui
2664 431 2719 485 in
2750 433 2845 487 illo
2891 434 3012 488 loco
3051 442 3230 502 erant,
3267 435 3484 494 deferre

214 496 620 564 studuerimus,
654 506 707 554 et
737 516 925 556 eorum
966 502 1232 563 hactenus
1261 508 1443 581 ignota
1478 517 1697 570 nomina
1740 518 1794 571 in
1838 515 2080 573 Ecclesia
2104 496 2380 591 detegere.
2410 520 2488 575 Ex
2535 538 2643 591 quo
2686 522 2889 579 factum
2934 533 3039 591 est,
3084 535 3143 581 ut
3204 528 3479 599 octoginta

215 584 329 642 fere
353 588 536 658 capita
567 591 793 647 exulare
819 592 974 663 jussa
1005 595 1075 651 ab
1100 597 1228 653 lolio
1252 600 1534 672 spinisque
1560 607 1678 662 suis
1713 614 2058 678 repurgatam
2089 584 2280 665 urbem
2314 584 2658 682 reliquerint.

285 679 392 733 IH'.
417 681 539 754 Μνη
549 682 814 754 μονεύσας
835 686 892 739 δέ
913 705 997 751 τις
1010 688 1109 758 τῆς
1126 688 1236 744 ἄνω
1250 695 1281 762 ἡ
1293 693 1408 763 μῶν
1424 695 1791 767 ὑποσχέσεως,

209 771 351 842 ⁴τάχα
382 771 478 825 καὶ
509 773 871 842 ἐπαινέσειεν,
899 776 975 842 ὡς
1002 779 1034 850 ή
1044 780 1159 849 μῶν
1193 786 1688 853 προαγγειλάντων,
1713 790 1797 845 ὃτι

209 862 351 915 τισὶν
376 863 559 921 αὐτῶν
589 866 988 937 παρετύχομεν,
1016 869 1139 925 τινὰ
1156 871 1212 925 δὲ
1237 874 1324 928 διὰ
1351 881 1795 951 συγγραμμάτων

210 951 557 1022 ἐγνώκαμεν,
583 955 709 1009 τινὰ
736 955 794 1010 δὲ
821 957 892 1010 δι’
924 960 1236 1031 ὲνηχὴσεὼν
1264 981 1323 1017 τε
1349 966 1443 1019 καὶ
1482 971 1794 1042 μαρτυρίων

209 1043 544 1108 ἀξιοπίστων
597 1047 830 1119 ἀνδρῶν,
870 1050 1181 1123 δυναμένων
1222 1056 1353 1126 ἡμῖν
1394 1057 1493 1131 τὴν
1540 1062 1793 1134 ἀλήθειαν

206 1135 625 1191 ὑποδεικνύων
674 1138 750 1203 ὼς
781 1142 876 1195 καὶ
904 1142 1138 1198 ἐνταῦθα
1166 1146 1476 1220 φιλαλήθως
1503 1152 1602 1223 οὑχ
1626 1155 1793 1223 ὑπερ-

204 1226 526 1299 ϐεϐηκαμεν
546 1230 639 1285 τὸν
671 1231 856 1298 τόπον,
891 1234 1029 1288 ἀλλὰ
1060 1237 1367 1309 ἐδείξαμεν,
1397 1241 1474 1307 ὡς
1508 1246 1606 1314 μία
1642 1249 1791 1301 ἐστὶν

203 1319 344 1392 αὕτη
384 1321 495 1374 τῶν
530 1323 662 1393 ἡμῖν
692 1328 1101 1397 περιτυχουσῶν
1130 1330 1412 1401 αἱρέσεων.
1461 1332 1569 1391 Καὶ
1603 1339 1790 1407 σαφῶς

204 1411 337 1483 περὶ
360 1412 568 1485 ταύτης
602 1415 949 1487 ἠδυνήθημεν
976 1419 1174 1488 λέγειν,
1210 1422 1269 1489 ἐξ
1303 1419 1399 1490 ὧν,
1434 1429 1509 1501 μὴ
1540 1430 1747 1499 γένοιτο
1774 1438 1785 1487 !

199 1503 266 1554 οὑ
302 1503 629 1575 πράξαντες,
667 1505 804 1560 ἀλλὰ
824 1510 1204 1583 μεμαθηκότες
1230 1513 1478 1587 ἀκριϐῶς
1506 1522 1658 1595 παρὰ
1682 1526 1788 1579 τοῖιν

199 1597 355 1665 ἡμᾶς
395 1597 477 1660 εἰς
516 1595 673 1651 τοῦτο
709 1600 1024 1675 πειθόντων,
1059 1607 1154 1660 καὶ
1207 1607 1281 1679 μὴ
1317 1616 1779 1684 κατίσχυε-άντων,

1967 699 2153 755 XVIII.
2190 698 2554 769 Quamobrem
2608 705 2655 761 si
2682 705 2805 776 quis
2845 708 2989 778 quod
3034 709 3192 765 initio
3249 708 3475 780 polliciti

1896 806 2085 847 sumus
2104 795 2363 849 memoria
2379 803 2610 866 repetat,
2638 796 2872 855 fortasse
2898 792 3473 879 institutum'nostrum

1897 884 2238 952 approbabit,
2288 886 2435 954 quod
2470 887 2544 943 ita
2589 890 2799 958 prmfati
2834 907 3047 957 sumus,
3090 908 3211 963 qua:
3250 893 3316 948 ad
3354 893 3473 950 illas

1896 983 2075 1029 sectas
2106 975 2341 1031 attinent
2374 982 2477 1033 nos
2504 980 2701 1049 partim
2740 996 2843 1036 usu
2867 996 2932 1037 ac
2952 985 3350 1040 consuetudine
3383 985 3473 1040 die

1895 1063 2117 1130 dicisse,
2166 1068 2365 1137 partim
2408 1086 2473 1124 ex
2523 1071 2875 1127 monimentis
2916 1075 3218 1144 accepisse,
3271 1077 3471 1144 partim

1896 1154 1999 1212 fide
2028 1157 2314 1228 dignorum
2345 1160 2645 1227 hominum,
2681 1165 2773 1234 qui
2805 1165 2883 1218 rei
2922 1165 3206 1220 veritatem
3229 1165 3472 1222 indicare

1894 1255 2139 1316 possent,
2168 1251 2483 1307 narratione
2515 1266 2579 1308 ac
2606 1254 2923 1309 testimonio
2953 1256 3122 1311 fuisse
3152 1257 3468 1327 perdoctos.

1891 1338 2081 1409 Itaque
2112 1355 2212 1410 pro
2233 1358 2299 1397 eo
2329 1343 2472 1413 quod
2499 1360 2610 1415 prze
2638 1345 2795 1401 nobis
2829 1346 3053 1404 ferimus
3080 1349 3324 1404 veritatis
3353 1360 3471 1406 stu-

1892 1431 1983 1485 dio
2021 1437 2432 1504 praetermittere
2453 1438 2601 1492 hunc
2623 1438 2802 1494 locum
2827 1441 3136 1508 noluimus;
3172 1442 3267 1497 sed
3289 1452 3471 1499 osten-

1890 1521 2072 1578 dimus
2110 1541 2275 1580 unam
2325 1527 2471 1582 illam
2505 1545 2572 1584 ex
2629 1530 2696 1587 iis
2722 1530 3020 1587 haeresibus
3053 1548 3192 1598 esse,
3234 1546 3467 1603 quarum

1891 1630 2052 1670 usum
2083 1617 2400 1681 habuimus.
2437 1621 2503 1676 de
2537 1637 2643 1693 qua
2674 1625 2808 1678 certi
2845 1625 3222 1695 exploratique
3258 1627 3468 1697 aliquid

196 1686 341 1739 ἀλλὰ
369 1687 468 1758 τὴν
496 1688 703 1743 ἑαυτῶν
734 1692 921 1747 ἐλπίδα
946 1696 1045 1766 τῆς
1071 1699 1151 1760 εἰς
1175 1701 1323 1771 ἡμᾶς
1354 1704 1626 1770 ἀπωλείας
1648 1709 1772 1761 ἁπο-

1882 1700 2077 1757 all‘erre
2100 1718 2386 1773 possemus
2413 1729 2423 1761 :
2450 1723 2559 1762 non
2588 1723 2652 1763 ex
2677 1724 2742 1764 eo
2773 1712 2915 1780 quod
2942 1715 3274 1783 gesserimus
3304 1717 3405 1786 ipsi
3440 1737 3457 1772 :

194 1773 497 1842 λεσάντων,
542 1779 636 1831 καὶ
678 1779 752 1850 μὴ
792 1782 1157 1854 ἐπιτυχόντων
1193 1788 1288 1842 τοῦ
1338 1793 1543 1846 σκοποῦ
1580 1795 1675 1866 τῆς
1703 1799 1782 1861 εἰς

194 1867 301 1939 τὴν
325 1866 585 1922 τάλαιναν
618 1869 774 1942 ἡμῶν
805 1871 984 1945 ψυχὴν
1005 1878 1459 1954 ἐπιχειρουμένης
1482 1883 1573 1938 ὑπ’
1603 1887 1782 1941 αὑτῶν

191 1974 259 2011 τε
292 1959 388 2013 καὶ
419 1958 514 2012 τοῦ
538 1962 596 2013 ὲν
616 1962 800 2027 αὑτοῖς
833 1964 1080 2020 διαϐόλου
1115 1972 1404 2044 συσκευῆς,
1436 1974 1512 2038 ὡς
1535 1978 1629 2030 καὶ
1658 1996 1782 2031 συν-

191 2046 313 2118 ῳδὰ
342 2049 492 2119 ἡμᾶς
513 2048 695 2117 λέγειν
726 2049 802 2122 τῷ
824 2052 1111 2143 ἁγιωτάτῳ
1128 2056 1314 2123 Δαϐὶδ,
1332 2060 1413 2113 ὅτι
1434 2079 1448 2092 ·
1481 2061 1637 2131 nam
1671 2083 1779 2131 νη-

189 2140 353 2194 πίων
383 2140 763 2211 ἐγενήθησαν
788 2147 848 2198 αὶ
877 2140 1102 2216 πληγαὶ
1134 2149 1351 2214 αὐτῶν,
1385 2154 1481 2207 καὶ
1523 2154 1593 2208 τὰ
1618 2156 1742 2228 ἑξῆς
1762 2176 1777 2189 ο

190 2231 293 2283 καὶ⁵
326 2231 431 2283 ὅτι·
472 2231 852 2302 Ἐπιστρέψει
884 2237 918 2289 ὁ
943 2236 1128 2303 πόνος
1152 2239 1352 2293 αὐτῶν
1388 2246 1474 2309 εὶς
1503 2247 1779 2315 κεφαλὴν

189 2320 414 2385 αὐτῶν,
455 2322 554 2377 καὶ
601 2324 639 2391 ἡ
676 2325 875 2379 ἀδικία
909 2328 1109 2405 autcf»;
1141 2331 1238 2384 ἐπὶ
1272 2335 1538 2404 κορυφὴν
1582 2338 1779 2393 αὐτῶν

191 2412 618 2480 καταϐήσεται.
658 2415 744 2480 Ὡς
761 2413 853 2470 οὖν
878 2421 1278 2490 περιτυχόντες,
1307 2424 1400 2476 καὶ
1422 2412 1774 2498 ἀποδράντες,

191 2504 291 2556 καὶ
316 2505 662 2572 ἀναγνόντες,
697 2508 792 2560 καὶ
827 2508 1066 2575 γνόντες,
1116 2512 1628 2583 καὶικαταγνόντες,
1668 2537 1775 2574 σω-

190 2585 379 2651 θέντες
412 2588 470 2641 δὲ
495 2589 973 2662 ὑπερϐεϐἠκαμεν,
1011 2593 1154 2647 οὕτω
1188 2597 1280 2651 καὶ
1308 2598 1367 2652 σὲ
1396 2601 1486 2654 τὸν
1510 2602 1776 2672 ἀναγινώ-

190 2694 394 2733 σκοντα
436 2681 893 2754 παρακαλοῦμεν,
944 2687 1246 2757 ἀναγνόντα
1292 2690 1385 2743 καὶ
1435 2695 1773 2763 καταγνόντα

188 2766 286 2821 τοῦ
305 2769 319 2797 ι
348 2769 676 2840 ὑπερβῆναι,
704 2774 783 2836 εξς
803 2776 864 2826 τὸ
891 2773 968 2845 μὴ
991 2776 1248 2845 ἐμπεσεῖν
1272 2777 1330 2831 ἐν
1352 2780 1429 2850 τῷ
1460 2780 1522 2853 ἰῷ
1548 2784 1646 2855 τῆς
1665 2786 1773 2840 τῶν

186 2858 436 2928 ἑρπετῶν
474 2859 679 2913 τούτων
726 2861 1048 2935 μοχθηρίας.
1111 2865 1248 2921 Ἀλλ’
1277 2871 1324 2922 εἰ
1348 2870 1440 2924 καί
1468 2890 1597 2927 ποτε
1624 2893 1775 2947 περι-

184 2951 375 3023 τύχοις
418 2953 532 3005 τισὶ
572 2952 679 3006 τῶν
720 2952 827 3008 άπὸ
871 2956 969 3027 τῆς
1009 2957 1274 3026 όφιώδους
1296 2960 1500 3034 ταύτης
1553 2966 1768 3039 σχολῆς,

1889 1798 2100 1844 avertat
2121 1791 2224 1846 hoc
2250 1807 2278 1846 a
2305 1794 2462 1850 nobis
2485 1794 2629 1851 Deus
2656 1798 2669 1851 !
2706 1799 2799 1852 sed
2831 1814 2895 1853 ex
2927 1816 2991 1854 eo
3012 1802 3153 1870 quod
3188 1804 3255 1857 ab
3284 1805 3350 1860 iis
3375 1819 3469 1861 ac-

1889 1891 2079 1936 curate
2111 1882 2429 1950 didicimus,
2470 1888 2562 1957 qui
2596 1888 2742 1942 illam
2779 1890 2941 1945 nobis
2981 1893 3311 1961 persuadere
3344 1895 3464 1952 fru-

1888 1978 1999 2025 stra
2025 1974 2335 2039 voluerunt,
2369 1984 2421 2030 et
2455 1988 2773 2047 conceptam
2812 1980 2880 2037 de
2904 1992 3024 2037 nos!
3036 1998 3094 2039 ro
3116 1986 3285 2042 exitio
3312 2003 3463 2058 spem

1888 2064 2108 2134 penitus
2130 2065 2477 2136 abjecerunt:
2519 2084 2644 2123 cum
2680 2070 2891 2126 insidia:
2915 2088 3106 2129 omnes
3134 2090 3197 2131 ac
3220 2075 3462 2143 fraudes,

1885 2171 2024 2224 quas
2051 2155 2117 2210 ad
2143 2156 2380 2213 infelicis
2414 2159 2610 2215 anima:
2644 2169 2845 2217 nostrae
2868 2166 3163 2232 perniciem
3198 2177 3305 2223 tam
3336 2171 3461 2240 ipsi,

1884 2265 2047 2319 quam
2068 2249 2159 2320 qui
2190 2250 2244 2304 in
2275 2251 2385 2306 illis
2424 2251 2565 2307 inest
2594 2252 2842 2310 diabolus
2875 2257 3173 2313 machinati
3221 2259 3460 2328 fuerant,

1886 2338 2058 2393 irritae
2096 2347 2261 2409 atque
2308 2340 2500 2397 inanes
2546 2343 2910 2406 exstitissent,
2949 2354 3010 2398 ut
3046 2346 3150 2400 hoc
3189 2360 3219 2400 a
3259 2347 3463 2405 Davide

1883 2426 2089 2482 dictum
2122 2429 2691 2487 accommodatissime
2715 2448 2985 2503 usurpare
3011 2436 3286 2504 possimus
3313 2455 3328 2491 :
3357 2437 3464 2492 Sam

1882 2520 2028 2589 gitur:
2042 2520 2380 2590 parvulorum
2403 2520 2561 2590 facta:
2582 2532 2704 2577 sunt
2727 2524 3101 2595 plagw'eorum
3118 2527 3164 2591 ³,
3185 2537 3294 2584 etc.
3320 2528 3460 2585 Tum

1883 2611 2056 2666 illud:
2111 2610 2451 2667 Contertetur
2501 2614 2652 2667 labor
2691 2629 2873 2670 eorum
2906 2617 2961 2671 in
3001 2628 3157 2688 caput
3201 2620 3457 2688 ipsorum,

1885 2706 2036 2775 101
2073 2715 2121 2758 et
2154 2706 2409 2776 iniquitas
2435 2722 2615 2761 eorum
2646 2708 2700 2762 in
2723 2709 2963 2769 verticem
2991 2712 3222 2780 ipsorum
3249 2712 3460 2770 desten-

1879 2795 1969 2851 det
1992 2796 2034 2849 ⁸.
2065 2794 2234 2864 Igitur
2256 2795 2715 2865 quemadmodum
2743 2799 2824 2853 sic
2853 2815 2954 2857 nos
2982 2801 3036 2855 in
3064 2803 3280 2858 illorum
3304 2819 3458 2865 erro-

1881 2898 1992 2937 rem
2023 2881 2379 2947 incurrimus,
2415 2894 2472 2938 ut
2495 2884 2644 2940 illius
2677 2902 2874 2942 noxam
2897 2887 3284 2960 eﬂugeremus,
3311 2908 3460 2950 eum-

1878 2988 1984 3041 que
2021 2971 2353 3042 simulatque
2375 2972 2604 3045 legimus
2635 2990 2698 3030 ac
2729 2977 3086 3048 cognovimus
3108 2978 3454 3045 damnantes,

184 3046 351 3109 εὐθὺς
377 3046 441 3098 τὸ
472 3044 627 3111 ξύλον
648 3046 930 3100 ἀναλαϐὼν
951 3050 1010 3101 τὸ
1029 3047 1115 3102 διὰ
1132 3049 1224 3103 τοῦ
1257 3052 1461 3123 Κυρίου
1480 3056 1611 3126 ἡμῖν
1632 3058 1772 3111 ἐτοι-

1880 3063 2014 3118 salvi
2050 3072 2215 3134 atque
2262 3065 2566 3123 incolumes
2610 3071 2984 3141 praetergressi
3023 3086 3247 3140 sumus;
3297 3073 3372 3127 ita
3401 3083 3457 3129 te

186 3136 416 3207 μασθὲν,
440 3137 501 3189 ὲν
520 3128 565 3205 ᾧ
583 3137 612 3188 ὁ
629 3136 829 3209 Κύριος
846 3139 877 3208 ἡ
885 3138 1001 3209 μῶν
1024 3141 1343 3214 προσεπάγη
1362 3145 1615 3215 Χριστὸς,
1628 3150 1769 3203 κατὰ

184 3228 286 3298 τῆς
313 3228 559 3300 κεφαλῆς
580 3226 675 3281 τού
704 3230 900 3298 ὄφεως,
923 3231 1085 3294 εὐθὺς
1110 3231 1292 3285 λαϐὼν
1311 3234 1507 3300 εἴποις,
1537 3237 1618 3292 ὃτι
1643 3240 1769 3311 Χρι·

187 3320 309 3382 στος
334 3320 681 3392 ἐσταύρωται
706 3320 846 3392 ὑπὲρ
876 3322 1053 3393 ἡμῶν,
1089 3323 1451 3398 ὑπογραμμὸν
1486 3329 1618 3400 ἡμῖν
1640 3331 1768 3385 ὑπο-

183 3411 472 3483 λιμπάνων
508 3412 807 3485 σωτηρίας,
849 3414 931 3467 ὅτι
973 3414 1074 3468 οὑκ
1117 3415 1184 3469 ἂν
1217 3417 1566 3490 ὲσταυροῦτο,
1617 3424 1766 3495 εἰμὴ

184 3505 364 3576 σάρκα
391 3500 532 3575 εἶχε.
569 3505 754 3575 Σάρκα
782 3504 839 3559 δὲ
870 3505 1030 3577 ἔχων,
1064 3509 1159 3562 καὶ
1191 3511 1548 3582 στανρωθεὶς,
1570 3515 1767 3569 ἐσταύ-

183 3613 358 3667 ρωσεν
386 3597 548 3668 ἡμῶν
583 3597 683 3661 τὰς
715 3598 1012 3670 ἁμαρτίας.
1062 3599 1252 3654 Πίστει
1279 3601 1472 3674 ἔχομαι
1500 3605 1601 3675 τῆς
1630 3607 1764 3678 ἀλη-

181 3691 354 3756 θείας,
377 3691 474 3744 καὶ
493 3690 594 3761 οὑχ
615 3691 894 3762 ὑπάγομαι
913 3691 1090 3764 πλάνῃ
1117 3696 1184 3764 τῇ
1207 3694 1543 3766 νωθείᾳ²τοῦ
1568 3688 1762 3769 δφεως,

178 3782 276 3833 καὶ
305 3781 779 3855 παραψιθυρισμῷ
801 3782 902 3853 τῆς
926 3782 1092 3837 αὑτοῦ
1113 3784 1479 3850 διδασκαλίας.

1875 3154 2129 3224 quisquis
2165 3171 2225 3210 es
2259 3156 2351 3225 qui
2381 3156 2486 3211 ista
2516 3157 2654 3229 legis
2698 3159 3006 3226 hortamur,
3050 3168 3109 3215 ut
3142 3163 3281 3218 lecta
3311 3167 3457 3234 pari-

1873 3254 1957 3301 ter
1982 3262 2045 3303 ac
2067 3246 2325 3303 damnata
2349 3249 2652 3316 transilias,
2670 3266 2736 3308 ne
2760 3253 2813 3305 in
2843 3260 3158 3322 serpentum
3182 3254 3453 3325 ejusmrdi

1838 3330 2022 3394 ‘velut
2061 3340 2432 3412 improbitatis
2479 3342 2751 3413 quoddam
2809 3345 2959 3399 virus
3003 3344 3236 3402 incidas.
3287 3346 3367 3402 Ac
3404 3348 3451 3401 si

1872 3434 2092 3501 quando
2114 3431 2347 3488 forsitan
2372 3449 2437 3489 ex
2463 3434 2563 3489 hac
2588 3443 2904 3506 serpentum
2936 3437 3120 3492 schola
3140 3439 3451 3509 quempiam

1873 3520 2188 3587 offenderis.
2250 3525 2431 3581 subito
2463 3525 2664 3596 lignum
2718 3526 2849 3580 illud
2882 3525 3027 3597 quod
3076 3527 3232 3586 nobis
3278 3542 3309 3580 a
3346 3527 3452 3581 Do-

1874 3614 2023 3669 mino
2053 3626 2434 3688 comparatum
2483 3625 2588 3680 est,
2619 3626 2673 3672 et
2715 3618 2770 3672 in
2811 3634 2921 3689 quo
2959 3619 3213 3675 Christus
3260 3619 3452 3675 allixus

1873 3714 1980 3767 est,
2023 3716 2217 3761 contra
2250 3709 2524 3777 serpentis
2555 3719 2721 3779 caput
2755 3711 3049 3781 arripiens,
3080 3712 3151 3765 ita
3182 3712 3406 3781 loquere
3432 3731 3449 3768 :

1872 3797 2129 3856 Christus
2168 3809 2359 3855 nostra
2403 3811 2488 3854 est
2517 3799 2571 3855 in
2619 3816 2783 3855 cruce
2834 3816 3002 3856 causa
3045 3817 3369 3873 suspensus,
3396 3814 3452 3857 et

179 3881 414 3936 formam
494 3894 698 3939 nosuae
742 3883 939 3939 salutis
989 3900 1310 3955 expressam
1361 3900 1425 3940 ac
1469 3885 1800 3945 delineatam
1877 3894 2123 3965 reliquit.
2177 3894 2332 3962 Quod
2385 3895 2490 3950 nisi
2542 3909 2763 3949 carnem
2812 3894 3113 3959 habuisset,
3168 3911 3447 3965 nunquam

172 3983 322 4029 esset
369 3972 623 4029 sufﬁxus.
651 3971 730 4027 Eo
756 3986 885 4029 vero
912 3975 1059 4045 quod
1092 3990 1258 4030 carne
1303 3976 1570 4046 praeditus
1594 3986 1651 4033 et
1693 3981 1895 4045 afﬁxus
1919 3993 2005 4041 est
2039 3986 2211 4048 cruci,
2281 3993 2467 4040 nostra
2538 3984 2700 4039 simul
2742 3993 2962 4053 peccata
3011 3983 3219 4038 defixit.
3284 3984 3450 4053 Equi-

172 4066 299 4121 dem
336 4067 557 4123 veritati
592 4083 689 4138 per
719 4067 878 4124 fidem
905 4068 1163 4136 inhaereo,
1219 4086 1320 4127 nec
1349 4073 1652 4130 tardissimi
1722 4082 1995 4150 serpentis
2045 4096 2234 4139 errore
2298 4082 2384 4137 vel
2436 4081 2558 4151 ejus
2606 4079 2869 4135 doctrina:
2915 4078 3093 4134 sibilis
3125 4079 3317 4134 abduci
3362 4094 3448 4167 me

172 4158 375 4226 patior.

243 4251 346 4305 19'.
388 4251 592 4305 Λοιπὸν
632 4257 835 4323 ταύτην
867 4252 1174 4325 παρελθὼν,
1209 4254 1515 4327 ἀγαπητοὶ,
1561 4259 1758 4329 ἐφεξῆς

172 4340 471 4412 βαδιοῦμαι
506 4343 602 4396 ἐπὶ
652 4344 750 4407 τὰς
780 4344 946 4408 ἄλλας
975 4347 1234 4416 τραχείας
1267 4347 1509 4418 τρίϐους,
1541 4350 1639 4421 οὑχ
1678 4352 1764 4406 ἵνα

170 4429 406 4500 βαδίσω,
445 4433 565 4486 ἀλλ’
603 4434 690 4487 ἵνα
721 4435 832 4489 ἀπὸ
861 4436 1099 4507 μήκοθεν
1132 4438 1398 4505 ὑποδείξω
1421 4443 1536 4505 τοῖς
1578 4442 1762 4511 βουλο-

170 4522 360 4593 μένοις
399 4524 474 4579 τά
500 4525 810 4600 τραχύτερα
845 4528 946 4599 μὲν
979 4529 1392 4604 ἐπιγινώσκειν,
1436 4532 1662 4602 φεύγειν
1704 4535 1761 4588 δὲ

165 4614 260 4669 διὰ
288 4615 392 4686 τῆς
421 4619 619 4689 στενῆς
660 4620 755 4674 καὶ
797 4620 1164 4692 τεθλιμμένης
1195 4623 1318 4677 ὁδοῦ
1356 4624 1457 4695 τῆς
1488 4627 1759 4699 φερούσης

165 4707 252 4769 είς
280 4705 431 4780 ζωὴν
470 4707 688 4764 αἰώνιον
709 4728 723 4741 ⁸
755 4711 849 4766 καὶ⁹
892 4712 1327 4783 καταλιμπάνειν
1346 4714 1445 4786 τὴν
1479 4716 1760 4781 πλατεῖαν,

162 4798 265 4851 καὶ
296 4799 647 4872 εὐρύχωρον,
693 4803 786 4879 καὶ
823 4802 1108 4874 άκανθώδη
1132 4846 1146 4868 ,
1192 4806 1287 4859 καὶ
1317 4808 1759 4879 προσκομμάτων

162 4885 428 4957 ἔμπλεων
457 4890 578 4942 ὁδὸν
600 4872 1044 4963 βορϐορώδηααὶ.
1069 4872 1476 4963 ιῐισελγείαςκαὶ¹
1502 4872 1758 4966 πορνείας

162 4979 665 5051 ἐμπεπλησμένην.
718 4976 826 5045 Ἦς
885 4985 1142 5056 πορνείας
1190 4986 1286 5039 καὶ
1344 4985 1630 5055 ἀσελγείας
1677 4986 1757 5040 τὸ

160 5069 358 5140 ὅμοιον
383 5072 531 5125 ἐστιν
557 5073 685 5128 ίδεῖν
712 5075 771 5128 ἐν
797 5076 875 5147 τῷ
896 5076 1115 5147 ἑρπετῷ
1136 5077 1216 5148 τῷ
1251 5078 1560 5151 δεινοτάτῳ,
1584 5073 1629 5147 ᾧ
1655 5082 1755 5134 ἐπ·

160 5159 357 5213 ἔθεντο
386 5162 447 5213 τὸ
486 5162 660 5233 δνομα
703 5164 1095 5232 ἀπειρώδινον
1123 5166 1371 5235 ἔχιδναν
1408 5169 1459 5220 οἱ
1506 5168 1747 5222 παλαιοί.

164 5252 332 5304 Ἐστι
371 5252 478 5326 γάρ
503 5254 604 5325 τῆς
637 5255 892 5326 τοιαύτης
934 5256 1147 5328 ἐχίδνης
1187 5259 1221 5328 ὴ
1267 5258 1430 5326 φύσις
1460 5260 1623 5330 ὁμοία
1649 5260 1750 5331 τῆς

157 5344 378 5397 τούτων
410 5347 731 5418 μοχθηρίας.
758 5349 855 5403 Διὰ
897 5349 1004 5422 γάρ
1035 5349 1135 5419 τῆς
1176 5349 1427 5422 ἀνδρείας
1466 5351 1681 5419 φύσεως
1712 5355 1745 5426 ἢ

161 5435 492 5503 γυναικείας
540 5438 641 5507 τὴν
697 5437 1026 5509 αἰσχρότητα
1084 5436 1479 5504 ἐπιτελοῦντες,
1544 5442 1747 5513 ταύτην

1936 4257 2079 4313 XIX.
2118 4258 2222 4316 Sed
2240 4274 2389 4315 nunc
2404 4257 2598 4314 haeresi
2626 4257 2716 4312 illa
2743 4258 3134 4329 praetermissa,
3160 4261 3442 4333 deinceps,

1798 4329 1842 4386 θ
1871 4348 2216 4410 charissimi,
2257 4349 2325 4402 ad
2373 4356 2676 4418 praeruptas
2707 4349 2843 4403 alias
2873 4348 2990 4404 vias
3029 4365 3094 4407 ac
3132 4352 3443 4409 salebrosas

1871 4457 1957 4496 me
1986 4438 2288 4503 conferam,
2331 4456 2441 4495 non
2474 4448 2535 4494 ut
2570 4441 2673 4495 iter
2702 4457 2800 4512 per
2847 4442 2969 4498 illas
3008 4442 3225 4511 faciam,
3259 4445 3351 4501 sed
3386 4455 3444 4499 ut

1867 4530 2083 4586 eminus
2144 4532 2217 4587 iis
2272 4540 2737 4598 commonstrem,
2789 4535 2884 4605 qui
2936 4535 3259 4605 asperitates
3324 4538 3444 4591 illas

1864 4638 2214 4694 cognoscere,
2243 4632 2297 4679 et
2327 4624 2395 4680 ad
2424 4632 2631 4680 arctam
2663 4626 2809 4680 illam
2848 4638 3244 4699 angustamque
3274 4630 3439 4695 viam,

1863 4728 1983 4783 qua:
2019 4713 2089 4769 ad
2119 4722 2375 4769 aeternam
2418 4714 2587 4770 vitam
2616 4717 2885 4786 perducit,
2915 4717 3210 4789 confugere
3252 4720 3439 4774 volue'

1860 4806 1988 4869 rint,
2028 4805 2195 4861 latam
2246 4822 2376 4862 vero
2428 4821 2493 4861 ac
2532 4808 2829 4876 spatiosam
2884 4809 3047 4864 aliam
3104 4811 3437 4882 relinquere,

1856 4912 1977 4967 quae
1999 4897 2172 4967 spinis
2197 4898 2519 4967 intercepta,
2543 4906 2597 4953 et
2612 4897 2954 4955 oﬂendiculis
2981 4902 3262 4971 impedita,
3280 4918 3440 4957 coeno

1854 4988 2054 5055 obsita,
2083 4996 2138 5044 et
2186 4989 2509 5044 libidinibus
2557 5004 2622 5044 ac
2673 4989 2895 5060 ﬂagitiis
2931 4991 3185 5077 omnibus
3224 5003 3304 5047 est
3349 5010 3439 5047 re—

1856 5082 2013 5136 ferta.
2046 5080 2217 5149 Cujus
2249 5081 2467 5150 quidem
2500 5081 2875 5152 impudicitia‘,
2912 5096 2975 5137 ac
2999 5082 3254 5137 'Iibidinis
3286 5083 3432 5137 simi«

1852 5168 2137 5223 litudinem
2169 5167 2526 5239 refertgenus
2551 5170 2683 5226 illud
2714 5172 2983 5241 serpentis
3009 5172 3433 5236 atrocissimum,

1850 5261 1940 5315 cui
1972 5270 2157 5333 partus
2195 5262 2423 5330 expertis
2453 5264 2644 5323 uipera
2683 5277 2883 5317 nomen
2918 5270 3166 5319 vetustas
3214 5264 3431 5320 indidit.

1852 5351 2025 5422 llujus
2056 5352 2199 5406 enim
2254 5359 2450 5407 natura
2489 5355 2707 5408 illorum
2750 5355 3012 5425 nequitiae
3056 5370 3221 5425 quam
3257 5356 3434 5410 simil-

1850 5443 1974 5502 lima
2015 5451 2099 5501 est
2129 5461 2142 5497 :
2183 5444 2272 5516 qui
2315 5459 2437 5502 cum
2474 5446 2735 5503 masculis
2770 5454 2862 5505 aut
2894 5446 3112 5505 feminis
3140 5448 3434 5522 turpitudi-

237 5586 457 5644 ‘Forte
488 5590 711 5643 τούτων.
784 5595 804 5623 ¹
843 5592 975 5647 Vide
1004 5609 1070 5647 an
1102 5599 1280 5665 νοθείᾳ
1308 5597 1502 5650 melius
1535 5598 1624 5651 sit.
1706 5596 1726 5630 ³
1761 5606 1772 5651 l

1880 5603 1903 5653 ι.
1934 5615 2088 5665 um,
2123 5601 2173 5655 8.
2256 5602 2275 5632 ⁸
2305 5601 2451 5659 Pszu.
2482 5621 2577 5670 vn,
2619 5602 2700 5659 Π.

498 5683 761 5742 Ριτιιοι..
809 5686 925 5744 Gs.
962 5687 1122 5745 XLI.

3026 5701 3101 5761 12
