3946 6074
503 232 654 318 δεῖ

1911 247 1968 305 S.
2014 245 2354 303 EPIPHANII

3643 251 3754 312 .364

496 389 630 433 nem
653 378 968 447 putantes,
1021 385 1208 426 semen
1258 367 1546 425 infundere
1593 366 1909 439 prohibent,
1956 367 2062 424 insi

2190 367 2592 439 ἀπαγορεύουσι
2627 367 2725 440 τὴν
2756 365 2866 422 τῶν
2896 365 3224 440 σπερμάτων
3252 365 3577 438 καταϐολὴν,
3611 367 3754 437 ἀφα-

505 473 730 536 tamque
781 463 981 520 creatis
1011 462 1177 518 rebus
1211 477 1242 516 a
1288 459 1398 517 Deo
1441 460 1914 532 propagandorum
1967 463 2080 515 vim

505 557 714 613 fetuum
730 555 1102 626 exstinguunt.
1132 550 1287 608 Unde
1311 560 1366 608 et
1392 552 1684 623 Apostolus
1707 553 1778 608 ita
1815 553 2036 625 scripsit
2063 573 2076 608 :

505 647 798 703 Mercedem
830 662 987 716 quam
1027 644 1256 714 oportuit
1287 643 1485 699 erroris
1522 644 1608 698 sui
1644 645 1700 698 in
1736 643 1919 712 seipsis
1957 643 2081 697 reci-

503 740 702 808 pientes
731 737 774 803 ¹,
817 742 926 792 etc.
964 732 1057 790 Sic
1098 733 1243 789 enim
1298 732 1527 788 ferunt:
1568 739 1758 803 partus
1802 737 2078 802 expertem

494 831 656 886 illam
685 824 926 900 viperam
970 826 1229 882 titillante
1272 825 1517 881 libidinis
1557 824 1834 894 voluptate
1875 838 2078 880 marem

494 922 668 978 simul
723 935 787 976 ac
819 918 1076 975 feminam
1111 919 1253 974 inter
1281 933 1340 974 se
1377 917 1740 982 commisceri,
1785 931 1849 971 ac
1881 931 1978 988 per
2015 931 2078 971 os

492 1011 786 1084 congredi.
833 1009 1030 1066 Hiante
1081 1008 1350 1080 siquidem
1393 1007 1612 1074 femina,
1660 1021 1864 1062 marem
1913 1012 2080 1077 caput

503 1103 768 1158 inserere.
801 1100 972 1170 102
1010 1097 1164 1154 lllam
1199 1113 1310 1170 prae
1349 1097 1586 1153 libidinis
1614 1099 1879 1154 suavitate
1915 1106 2080 1168 caput

502 1195 670 1265 hujus
697 1192 1047 1256 abscindere;
1077 1189 1454 1258 exhaustoque
1479 1189 1631 1260 quod
1657 1205 1722 1244 ex
1752 1203 1849 1244 ore
1888 1188 2076 1244 destil-

502 1289 579 1343 lat
619 1300 856 1346 veneno,
892 1281 1059 1337 fetum
1105 1281 1272 1336 utaris
1311 1295 1374 1336 ac
1417 1279 1631 1336 femina:
1671 1296 1772 1351 par
1821 1281 1876 1336 in
1922 1289 2077 1336 utero

500 1393 711 1448 gerere.
752 1373 808 1428 ω
844 1371 934 1428 ubi
967 1372 1221 1433 creverit,
1253 1385 1378 1426 cum
1424 1371 1637 1426 nullum
1667 1387 1778 1442 quo
1817 1372 1870 1426 in
1900 1371 2074 1427 lucem

500 1474 752 1538 erumpat
798 1465 1004 1520 exitum
1038 1462 1258 1533 reperit,
1308 1471 1613 1516 maternum
1660 1462 1802 1517 latus
1855 1472 2077 1532 pertuu-

499 1559 651 1622 dere,
685 1557 870 1625 itaque
889 1569 1014 1609 cum
1041 1556 1331 1624 utriusque
1361 1554 1602 1624 parentis
1636 1553 1859 1609 interitu
1900 1553 2072 1608 nasci.

496 1649 634 1706 lude
671 1658 860 1720 partus
893 1654 1166 1718 expertem
1220 1644 1614 1716 eognominari.
1663 1643 1760 1701 Est
1794 1660 1923 1700 vero
1966 1660 2076 1715 pra:

2182 461 2419 528 νίζοντες
2449 462 2547 534 τὴν
2568 463 2634 516 ὲκ
2657 460 2793 516 Θεοῦ
2814 463 2926 525 τοῖς
2957 461 3218 531 κτίσμασι
3241 461 3542 531 γενομένην
3574 477 3754 514 τεκνοο

2179 554 2398 624 γονίανσ
2438 553 2514 618 ὡς
2543 554 2638 608 καὶ
2682 555 2711 608 ό
2758 547 3073 616 Ἀπόστολός
3103 569 3237 623 φησι
3258 569 3272 583 ν
3311 550 3431 619 Τὴν
3453 551 3565 621 γὰρ
3589 552 3750 606 ἀντι-

2172 647 2424 715 μισθίαν
2452 643 2534 714 ἦν
2559 644 2681 700 ἔδει
2711 645 2820 714 τῆς
2847 644 3085 713 πλάνης
3112 644 3184 698 ἐν
3218 643 3454 710 ἑαυτοῖς
3476 643 3748 712 ἀπολαμ-

2180 735 2480 803 ϐάνοντες,
2515 735 2609 790 καὶ
2640 735 2712 789 τά
2743 735 2890 806 ἑξῆς.
2917 735 3073 790 Οὕτω
3119 735 3229 807 γάρ
3271 752 3403 804 φασι
3423 773 3438 798 ,
3465 734 3565 807 τὴν
3597 736 3750 790 ἀπει-

2181 827 2398 901 ρώδινον
2431 827 2542 899 (81)
2588 827 2800 898 ἔχιδναν
2834 827 3149 898 θελχθεῖσαν
3181 827 3260 898 τῷ
3302 827 3462 882 πάθει
3499 827 3600 898 τῆς
3631 830 3750 882 ἐπι-

2179 919 2414 990 θυμίας,
2462 919 2561 992 τήν
2608 936 2668 973 τε
2702 918 2922 990 θήλειαν
2961 917 3096 990 πρὸς
3142 917 3229 972 τὸν
3263 917 3467 992 ἀρρενα
3489 959 3503 980 .
3537 919 3633 973 καὶ
3663 919 3750 972 τὸν

2177 1011 2380 1084 ἀρῤενα
2409 1011 2545 1084 πρὸς
2569 1011 2669 1083 τὴν
2702 1011 2920 1084 θήλειαν
2939 1051 2954 1076 ,
2985 1011 3413 1082 περιπλακείσας
3456 1010 3556 1082 μὲν
3592 1009 3750 1082 όμοῦ,

2175 1101 2264 1156 διὰ
2288 1101 2381 1155 τοῦ
2412 1101 2677 1172 στόματος
2707 1100 3001 1174 χαινούσης
3028 1103 3131 1173 τῆς
3173 1101 3390 1174 θηλείας
3422 1101 3512 1155 τὸν
3545 1101 3751 1174 ἄρρενα

2179 1195 2278 1266 τὴν
2303 1193 2542 1266 κεφαλὴν
2568 1193 2901 1247 εἰσϐάλλειν·
2935 1193 3150 1266 ἐκείνης
3185 1193 3241 1248 δὲ
3282 1191 3442 1247 πάθει
3475 1190 3756 1262 συσχεθείο

2178 1303 2276 1356 σης
2311 1285 2640 1355 ἀποτέμνειν
2677 1284 2776 1356 τὴν
2808 1284 2998 1338 τούτου
3038 1285 3280 1356 κεφαλήν
3299 1303 3313 1317 ο
3337 1285 3434 1340 καὶ
3459 1284 3634 1347 οὕτως
3662 1284 3756 1336 τὸν

2174 1378 2281 1430 ἀπὸ
2324 1376 2417 1430 τοῦ
2467 1375 2733 1447 στόματος
2783 1375 3118 1441 σταλάξαντα
3172 1376 3248 1430 ίδν
3285 1374 3656 1430 καταπιοῦσαν
3693 1375 3754 1426 ὲν

2175 1467 2372 1537 ἑαυτῇ,
2399 1467 2720 1538 ὲγκυμονείν
2769 1465 2868 1536 μὲν
2900 1465 3109 1519 τοιοῦτο
3151 1463 3341 1534 ζεῦγος
3391 1461 3752 1534 ἀρρενόθηλυ.

2177 1557 2351 1628 Ὅπερ
2381 1555 2602 1626 ζεῦγος,
2637 1555 2925 1630 ἀνδρυνθὲν
2957 1559 3013 1610 ἐν
3043 1559 3110 1628 τῇ
3151 1555 3354 1628 κοιλίᾳ,
3385 1556 3478 1610 καὶ
3510 1555 3588 1626 μὴ
3631 1554 3753 1624 ἔχον

2175 1645 2336 1699 πὸοεν
2372 1644 2729 1717 γεννηθῆναι,
2760 1646 2858 1719 τὴν
2904 1647 3142 1719 πλευρὰν
3171 1646 3272 1718 τῆς
3305 1645 3509 1718 μητρὸς
3553 1644 3752 1716 τιτρώ·

493 1741 718 1797 caeteris
741 1739 865 1794 dira
894 1737 1240 1808 serpentibus
1271 1753 1335 1792 ac
1368 1736 1750 1800 formidabilis,
1780 1752 1901 1808 qua:
1930 1737 2066 1791 intra

2176 1756 2346 1800 σκειν.
2389 1738 2482 1792 καὶ
2507 1739 2680 1804 οὕτως
2710 1739 3022 1808 γεννᾶσθαι,
3064 1739 3204 1792 ὥστε
3236 1738 3533 1793 ἀπολέσθαι
3562 1738 3656 1791 τόν
3693 1754 3754 1792 τε

499 1847 625 1888 sese
664 1844 870 1886 marem
899 1835 1109 1890 enecat,
1145 1835 1307 1897 atque
1331 1841 1426 1882 ore
1462 1826 1579 1896 ipso
1611 1825 1886 1881 feditatem
1921 1825 2072 1880 exci-

491 1922 600 1992 pit.
633 1919 770 1976 lluic
803 1933 967 1990 porro
996 1917 1211 1990 gemina
1245 1917 1437 1972 insana
1468 1917 1558 1971 illa
1592 1916 1816 1972 haeresis
1844 1924 1948 1982 est,
1980 1931 2072 1971 cu-

493 2014 589 2085 ius
624 2028 726 2069 nos
755 2011 956 2082 capite,
989 2025 1054 2065 ac
1079 2023 1330 2080 corpore,
1371 2007 1597 2079 ejusque
1631 2007 1745 2063 fetu
1776 2009 1923 2063 omni
1948 2008 2070 2064 vitae.

495 2105 696 2160 hacqu
739 2102 1010 2167 contritis,
1057 2099 1124 2154 ad
1169 2101 1307 2156 alias
1357 2107 1723 2163 transeamus,
1781 2099 2071 2170 implorata

494 2195 742 2250 numinis
773 2209 898 2265 ope,
934 2193 1023 2248 eui
1057 2191 1232 2248 honor
1261 2199 1315 2246 et
1347 2191 1713 2262 imperiumin
1739 2191 1937 2247 Saecula
1964 2205 2070 2246 ste-

497 2288 769 2344 culorum.
802 2289 996 2341 Amen.

2173 1829 2374 1883 τούτων
2403 1829 2612 1902 πατέρα
2639 1830 2734 1884 καὶ
2751 1829 2849 1902 τὴν
2875 1831 3104 1903 μητέρα.
3125 1831 3324 1902 Διόπερ
3356 1828 3757 1898 ἀπειρώδινον

2174 1921 2310 1993 αὐτῇ
2344 1921 2597 1976 ἐπέθεντο
2624 1922 2816 1995 ὄνομα,
2845 1924 2928 1996 ὅτι
2962 1922 3164 1976 ὠδίνων
3188 1922 3247 1975 ού
3280 1923 3561 1993 πειρᾶται.
3593 1920 3757 1992 Δεινὴ

2173 2011 2231 2065 δὲ
2267 2012 2359 2066 καὶ
2385 2012 2590 2085 φοϐερὰ
2630 2012 2783 2086 παρά
2825 2013 3002 2068 πάντα
3027 2013 3092 2068 τά
3123 2012 3328 2086 ἑρπετὰ
3361 2013 3658 2083 τυγχάνει,
3695 2013 3756 2066 έν

2174 2100 2341 2174 ἑαυτῇ
2365 2102 2458 2156 τὸν
2479 2104 2500 2134 ³
2528 2103 2830 2175 ἀφανισμὸν
2850 2103 3280 2176 ἐξεργαζομένη,
3311 2104 3404 2156 καὶ
3428 2103 3514 2156 διά
3550 2104 3758 2173 στόμα-

2171 2207 2264 2254 τος
2299 2192 2397 2262 τὴν
2419 2192 2752 2264 αἰσχρότητα
2785 2191 3267 2264 ἀπολαμϐάνουσα.
3293 2188 3371 2265 τῌ
3405 2192 3583 2246 ἔοικεν
3613 2193 3758 2264 αὕτη

2171 2281 2206 2354 ἧ
2261 2281 2632 2354 φρενοϐλαϐὴς
2683 2284 2930 2356 αἵρεσις,
2989 2281 3058 2357 ἦς
3107 2284 3206 2357 τὴν
3257 2284 3500 2356 κεφαλὴν
3545 2285 3645 2338 καὶ
3695 2283 3762 2337 τὸ

497 2381 679 2452 σῶμα,
722 2381 818 2436 καὶ
852 2381 922 2434 τά
967 2379 1026 2445 ἐξ
1068 2378 1238 2448 αὐτῆς
1283 2380 1656 2450 γεγεννημένα
1685 2379 1919 2433 ἐνταῦθα
1951 2377 2342 2450 συντρίψαντες
2375 2377 2452 2450 τῷ
2481 2377 2622 2452 ξύλῳ
2645 2379 2745 2452 τῆς
2802 2379 2969 2453 ζωῆς,
3028 2381 3128 2446 τὰς
3178 2382 3368 2453 ἐτέρας
3434 2381 3762 2437 διασκοπεῖν

495 2475 846 2549 προσθῶμεν,
875 2473 1008 2528 Θεδν
1037 2474 1252 2546 ἀρωγὸν
1277 2473 1714 2544 ἐπικαλούμενοι,
1740 2467 1786 2544 ᾧ
1810 2474 1946 2547 τιμὴ
1969 2474 2064 2528 καὶ
2103 2469 2304 2547 κράτος
2331 2477 2412 2540 εἰς
2436 2475 2642 2540 αἰῶνας
2675 2475 2909 2532 αἰώνων.
2953 2477 3146 2550 Ἀμήν.

845 2582 1123 2642 CONTRA
1168 2583 1714 2651 CARPOCRASIOS,

765 2693 898 2761 Quae
931 2703 1010 2749 est
1035 2693 1249 2748 Itazresis
1292 2693 1365 2749 γι
1373 2694 1421 2761 1,
1449 2695 1527 2750 re!
1551 2695 1801 2752 XXVII.

564 2806 606 2863 1.
643 2805 952 2863 Secundum
985 2805 1084 2860 hos
1104 2805 1245 2860 alius
1270 2805 1487 2876 quidam
1505 2805 1806 2877 Carpocras
1834 2808 2066 2874 exstitit,

495 2898 590 2971 qui
621 2913 688 2954 ex
717 2895 963 2951 mendaci
987 2895 1204 2966 ingenio
1243 2912 1342 2952 suo
1373 2897 1647 2968 propriam
1684 2899 1971 2969 quamdam
2003 2915 2067 2959 ac

2558 2591 2748 2646 ΚΔΤΔ
2789 2592 3328 2648 ΚΑΡΠΟΚΡΑΣΙΩΝ
3341 2633 3358 2658 ,

2444 2684 2695 2774 Ἑϐδόρη
2717 2743 2732 2768 ,
2760 2705 2800 2774 ἡ
2839 2704 2936 2759 καί
2967 2705 3214 2777 εἰκοστὴ
3248 2707 3486 2778 ἑϐδόμη.

2236 2817 2318 2870 A'.
2383 2814 2720 2888 Καρποκρᾶς
2773 2833 2857 2880 τις
2912 2816 3098 2888 ἔτερος
3167 2817 3407 2886 γίνεται,
3474 2819 3760 2891 συστήσας

2169 2906 2349 2979 ἑαυτῷ
2387 2907 2644 2978 ἀθέμιτον
2690 2906 3034 2962 διδασκαλίαν
3060 2909 3160 2979 τῆς
3189 2909 3542 2982 ψευδωνύμου
3582 2912 3761 2966 αὐτοῦ

487 2989 760 3046 nefariam
815 2996 1019 3044 sectam
1058 2987 1403 3059 excogitavit,
1447 2997 1502 3044 et
1550 2990 1802 3048 omnibus
1850 3007 2064 3047 morum

2172 2993 2419 3067 γνώμης,
2444 2995 2692 3068 χείρονας
2717 2997 2934 3049 πάντων
2962 2987 3117 3059 οὗτος
3141 2996 3267 3059 τοὺς
3290 2995 3527 3074 τρόπους
3557 3013 3763 3067 κεκτη-

490 3084 600 3139 ευίι
640 3082 904 3154 pravitate
941 3079 1201 3137 deterior.
1243 3078 1367 3136 Haec
1405 3081 1550 3137 enim
1582 3081 1806 3138 haeresis
1851 3098 1916 3139 ex
1949 3099 2066 3138 om-

488 3176 646 3232 nium
677 3173 958 3230 erroribus
987 3172 1220 3228 ellloruit
1249 3193 1262 3228 :
1303 3171 1560 3238 Simonis,
1594 3175 1838 3245 inquam,
1875 3183 1928 3230 et
1955 3174 2068 3231 Me-

495 3264 715 3330 nandri,
747 3256 1036 3329 Saturnili,
1069 3279 1133 3318 ac
1169 3263 1440 3328 Basilidte,
1473 3271 1528 3318 et
1561 3263 1788 3333 Nicolai,
1823 3265 2066 3337 adeoque

489 3357 843 3429 Carpocratis
871 3356 1068 3427 ipsius,
1103 3365 1216 3410 tum
1243 3353 1540 3421 Valentini,
1571 3371 1601 3410 a
1631 3371 1740 3427 quo
1774 3366 2066 3429 propagata

495 3448 588 3502 illa
615 3460 898 3516 perperam
933 3446 1079 3500 diota
1108 3444 1366 3513 cognitio,
1399 3460 1520 3515 quae
1556 3443 1936 3500 Gnosticorum
1966 3461 2063 3501 no-

492 3552 616 3592 men
662 3536 778 3590 suis
821 3535 1076 3588 omnibus
1123 3531 1369 3588 alliuxit:
1425 3533 1772 3604 indidemque
1819 3534 2064 3592 Gnostici

491 3625 592 3691 illi,
624 3625 693 3681 de
719 3624 920 3695 quibus
961 3623 1204 3694 proxime
1239 3623 1662 3694 disputavimus,
1689 3624 2063 3697 Cataguostici

494 3717 699 3791 potius,
730 3716 832 3770 hoc
857 3723 943 3771 est
975 3715 1262 3770 Damnare:
1287 3715 1615 3786 appellandi.

569 3807 632 3864 ll.
670 3806 776 3863 Sed
807 3815 866 3862 ut
894 3807 960 3861 ad
987 3805 1367 3875 Carpocratem
1399 3806 1637 3872 redeam,
1673 3807 1720 3864 is
1747 3824 2062 3880 supremum

493 3902 712 3974 quidem
755 3899 1082 3970 principium
1117 3915 1283 3953 unum
1316 3900 1534 3966 asserit,
1569 3902 1928 3973 eumdemque
1968 3900 2066 3958 Pa-

490 4002 702 4051 rentcm
750 3992 1016 4053 omnium,
1057 3999 1110 4044 et
1148 3990 1507 4060 incognitum,
1542 4007 1643 4047 nec
1682 3993 1794 4048 ullo
1841 3994 2062 4051 nomine

490 4085 880 4158 significatum,
928 4081 1154 4154 perinde
1203 4090 1260 4136 ut
1291 4083 1506 4146 caeteri,
1559 4084 1741 4138 studet
1795 4099 2058 4141 asserere.

490 4174 750 4230 Mundutn
777 4187 909 4228 vero
936 4179 992 4228 et
1023 4185 1143 4242 qua:
1172 4171 1376 4227 mundo
1404 4173 1755 4228 continentur
1787 4174 1857 4228 ab
1896 4188 2061 4245 ange-

489 4265 558 4319 lis
585 4279 708 4318 esse
742 4260 905 4327 facta,
947 4261 1040 4329 qui
1073 4261 1350 4333 incognito
1384 4261 1479 4316 illo
1525 4272 1750 4333 parente
1782 4263 1941 4334 longe
1977 4264 2061 4318 iu-

2170 3085 2350 3157 μένος.
2403 3085 2498 3139 Ἐκ
2530 3085 2747 3140 πάντων
2775 3085 2882 3157 γὰρ
2918 3085 3122 3139 τούτων
3152 3087 3391 3156 Σίμωνός
3417 3103 3478 3140 τε
3509 3089 3606 3142 καὶ
3639 3090 3763 3142 Με-
3869 3084 3874 3088 ”

2165 3175 2390 3248 νάνδρου
2412 3214 2426 3240 ,
2463 3175 2783 3248 Σατορνίλου
2812 3192 2873 3229 τε
2915 3175 3010 3230 καὶ
3052 3174 3396 3242 Βασιλείδου,
3433 3176 3532 3229 καὶ
3575 3177 3760 3230 Νικοέ

2165 3265 2319 3328 λάου,
2343 3266 2440 3320 καὶ
2466 3265 2631 3321 αὑτοῦ
2659 3267 2753 3321 τού
2779 3267 3108 3338 Καρποκρᾶ,
3137 3267 3218 3321 ἔτι
3245 3267 3302 3321 δὲ
3330 3270 3395 3321 ὲκ
3417 3269 3763 3340 προφάσεως

2166 3356 2599 3429 ούαλεντίνου,ή
2634 3357 2732 3430 τῆς
2763 3357 3113 3429 ψευδωνύμου
3145 3357 3398 3428 γνώσεως
3430 3359 3574 3430 ἐφύη
3597 3362 3762 3431 αἶρε-

2167 3461 2270 3509 σις,
2303 3445 2428 3516 ἥτις
2457 3444 2795 3509 Γνωστικοὺς
2817 3447 2945 3510 τοὺς
2985 3445 3156 3517 αὐτῆς
3199 3445 3518 3517 ὠνόμασεν,
3547 3447 3642 3515 ἀφ’
3683 3441 3763 3518 ἦς

2164 3537 2212 3590 οἰ
2246 3536 2540 3590 Γνωστικοὶ
2569 3535 2670 3610 ἤδη
2700 3553 2790 3608 μοι
2815 3536 3162 3607 δεδήλωνται,
3185 3541 3623 3608 καταγνωττικοὶ
3663 3539 3762 3592 ὃν-

2165 3643 2254 3691 τες
2278 3627 2368 3681 τὸν
2395 3627 2616 3700 τρόπον.

2235 3805 2308 3858 B'.
2349 3799 2518 3869 Οὗτος
2542 3805 2598 3860 δὲ
2626 3804 2786 3860 πάλιν
2812 3806 2925 3861 ἀνω
2957 3805 3055 3877 μὲν
3095 3803 3224 3876 μίαν
3247 3803 3420 3877 ἀρχὴν
3450 3804 3623 3875 λέγει,
3651 3806 3764 3862 καὶ

2165 3895 2380 3967 Πατέρα
2404 3896 2515 3950 τῶν
2542 3897 2698 3961 ὅλων,
2713 3897 2808 3952 καὶ
2832 3897 3128 3965 ἄγνωστον,
3151 3899 3246 3951 καὶ
3273 3897 3757 3968 ἀκατονόμαστον,

2165 3984 2254 4038 ῐσα
2292 3988 2403 4049 τοῖς
2433 3985 2610 4050 ἄλλοις
2655 3987 2895 4054 εἰσάγειν
2936 3985 3256 4057 βουλόμενος
3274 4003 3288 4019 ο
3326 3988 3419 4040 τὸν
3445 3987 3505 4040 δὲ
3537 3989 3764 4059 κόσμον

2164 4077 2256 4131 καί
2292 4077 2360 4131 τὰ
2402 4079 2458 4132 ὲν
2486 4077 2565 4149 τῷ
2594 4079 2782 4150 κόσμῳ
2823 4079 2930 4132 ὑπὸ
2961 4080 3208 4148 ἀγγέλων
3240 4081 3602 4151 γεγενῆσθαι,
3635 4082 3764 4135 τῶν

2164 4169 2298 4222 πολύ
2344 4187 2396 4222 τι
2425 4170 2531 4223 ὑπὸ
2567 4170 2662 4224 τοῦ
2709 4171 2924 4242 Πατρός
2965 4171 3058 4225 τοῦ
3091 4172 3370 4240 ἀγνώστου
3401 4173 3769 4244 ύποσεσηκό-

2162 4276 2290 4315 των.
2327 4259 2560 4323 Τούτους
2589 4260 2698 4332 γὰρ
2739 4261 2919 4330 λέγει,
2964 4263 3309 4327 ἀποστάντας
3348 4263 3460 4318 ἀπὸ
3490 4264 3595 4335 τῆς
3633 4267 3771 4321 ἅνω

491 4353 744 4409 feriorem
774 4353 1052 4423 dignitatis
1075 4352 1320 4408 ordinem
1347 4361 1553 4409 tenent.
1578 4351 1684 4409 Eos
1711 4368 1840 4409 vero
1869 4355 2060 4410 statuit

2172 4349 2460 4422 δυνάμεως,
2488 4351 2630 4405 οὕτω
2658 4353 2749 4407 τὸν
2783 4353 2987 4425 κόσμον
3017 4356 3398 4425 πεποιηκέναι.
3440 4357 3661 4426 Ἰησοῦν
3698 4359 3770 4412 δὲ

490 4443 559 4498 ab
593 4457 846 4512 suprema
894 4442 1094 4496 virtute
1126 4439 1440 4497 deﬁcientes
1489 4443 1750 4497 mundum
1781 4443 1944 4498 istum
1976 4442 2058 4497 fa-

489 4535 754 4590 bricasse.
788 4531 976 4588 Jesum
1023 4545 1185 4602 porro
1224 4531 1506 4587 Dominum
1553 4542 1800 4590 nostrum
1844 4549 1874 4588 a
1905 4533 2062 4590 Jose-

491 4625 600 4694 pho
647 4625 914 4696 genitum,
948 4625 1024 4678 uti
1056 4624 1238 4678 caeteri
1273 4627 1530 4681 mortales
1552 4641 1618 4680 ex
1649 4627 1754 4680 viri
1786 4627 2062 4684 mulieris—

486 4728 594 4783 que
649 4715 856 4766 semiue
913 4720 1288 4781 procreantur.
1325 4699 1478 4767 Hunc
1521 4715 1616 4784 qui
1673 4717 1811 4770 nihil
1839 4718 2063 4774 omnino

485 4803 716 4875 reliquis
743 4803 811 4857 ab
838 4803 1153 4859 hominibus
1180 4803 1439 4870 differret,
1475 4806 1598 4860 vita:
1637 4807 1811 4862 solum
1842 4825 2060 4880 genere,

485 4913 552 4952 ac
587 4896 970 4966 temperantia,
1000 4905 1054 4952 et
1100 4897 1319 4962 virtute,
1368 4912 1433 4952 ac
1463 4897 1676 4968 justitia
1717 4901 2058 4969 praestitisse.

483 4987 593 5043 Sed
630 5004 755 5044 cum
800 4986 1024 5044 ﬁrmion'
1056 4971 1424 5060 vegetior-ique
1467 5005 1632 5060 quam
1675 4991 1766 5044 alii
1811 4991 2059 5047 homines

489 5079 645 5150 103
668 5087 815 5136 esset
837 5081 1020 5136 anima
1050 5081 1332 5151 praeditus,
1363 5097 1662 5153 eorumque
1695 5098 1815 5152 qua:
1839 5099 2058 5140 sursum

2155 4442 2247 4496 τὸν
2294 4443 2495 4514 Κύριον
2536 4443 2692 4515 ἡμῶν
2744 4445 2854 4499 ἀπὸ
2907 4445 3106 4518 Ἰωσὴφ
3154 4447 3302 4516 λέγει
3339 4449 3766 4519 γεγεννῆσθαι,

2157 4535 2410 4606 καθάπερ
2440 4537 2533 4590 καί
2565 4537 2765 4601 πάντες
2791 4537 3068 4608 ἄνθρωποι
3098 4542 3162 4593 ἐκ
3193 4540 3506 4612 σπέρματος
3547 4543 3772 4614 ἀνδρὸς

2160 4628 2254 4681 καὶ
2304 4629 2562 4696 γυναικὸς
2609 4629 2994 4701 ἐγεννήθησαν.
3041 4627 3197 4686 Εἶναι
3238 4632 3295 4686 δὲ
3347 4633 3510 4686 αὐτὸν
3555 4635 3772 4706 ὅμοιον

2161 4720 2275 4781 τοῖς
2315 4720 2480 4781 πᾶσι,
2525 4719 2624 4790 βίῳ
2667 4721 2724 4774 δὲ
2755 4721 3150 4794 διενηνοχέναι,
3199 4723 3526 4796 σωφροσύνῃ
3554 4742 3622 4779 τε
3661 4730 3778 4784 καὶ

2161 4812 2328 4882 ἀρετῇ
2363 4813 2454 4866 ιιιιί⁵
2479 4811 2578 4883 βίῳ
2606 4813 2970 4882 δικαιοσύνης.
3017 4815 3233 4886 Ἐπειδὴ
3257 4815 3336 4876 δὲ.
3371 4817 3559 4886 φησιν,
3593 4817 3780 4874 551:0-

2163 4919 2250 4955 vov
2281 4903 2404 4973 ἔσχε
2433 4905 2610 4976 ψυχὴν
2656 4905 2806 4976 παρά
2852 4907 2982 4970 τοὺς
3017 4906 3208 4971 ἀλλους
3252 4907 3616 4978 ἀνθρώπους.
3663 4915 3782 4967 καὶ

2161 4993 2498 5064 ἑμνημόνευε
2532 4997 2599 5049 τὰ
2627 4997 2891 5068 ὁραθέντα
2932 4998 3024 5051 ὑπ’
3054 4999 3226 5068 αὐτῆς
3265 5000 3409 5061 ἀνω,
3438 5000 3531 5053 ὅτε
3572 4997 3658 5074 ἦν
3712 5007 3783 5060 ὲν

2161 5089 2226 5157 τῇ
2259 5089 2530 5160 περιφορᾷ
2563 5089 2674 5160 (82)
2705 5090 2797 5142 τοῦ
2823 5088 3100 5158 ἀγνώστου
3137 5091 3370 5161 Πατρδς,
3397 5093 3782 5151 ἀπεστάλθαι

559 5237 578 5269 ⁸
606 5236 764 5293 Rom.
793 5254 834 5304 ι,
861 5239 953 5292 27.
1029 5241 1050 5271 ¹
1073 5253 1164 5310 γρ.
1193 5239 1452 5310 ἀφισμόν.
1486 5239 1547 5296 F.
1579 5241 1876 5313 ἀφρισμόν,
1904 5243 1990 5298 vel
2029 5244 2475 5317 ἀφροδισιασμόν.

547 5392 671 5464 ,(81)
707 5392 872 5446 οὕτω
912 5391 1046 5466 γὰρ,
1082 5393 1264 5466 φασὶ,
1294 5393 1409 5463 τὴν
1440 5394 1850 5466 ἀπειρώδινον.
1878 5395 2056 5452 Fabu-

547 5411 671 5464 tu)
707 5411 872 5446 υυτω
910 5411 1046 5514 ἔαρ,
1092 5411 1264 5462 φασι,
1294 5411 1409 5463 την
1440 5411 1850 5466 απειρωσινον.
1879 5411 2056 5452 rabu-

487 5462 805 5537 lamnarrat
830 5471 884 5537 et
912 5464 1049 5537 “lin.
1080 5465 1114 5516 l.
1143 5479 1343 5537 x,_cup.
1370 5465 1458 5520 62.
1484 5467 1580 5537 Qui
1611 5468 1764 5521 fidem
1793 5469 2059 5537 derogant

488 5477 596 5519 lam
621 5477 805 5516 narrat
828 5477 884 5586 ξι
910 5477 1049 5516 l’llll.
1081 5477 1114 5516 l.
1143 5480 1196 5527 x,
1223 5479 1343 5533 cup.
1370 5477 1458 5520 0'2.
1484 5477 1580 5519 (λιιι
1611 5477 1764 5521 fidem
1793 5477 2020 5537 derogau

487 5531 823 5613 I‘bilostratu
863 5532 1177 5613 ,’lla_ximtts
1205 5533 1424 5605 Tyrius,
1444 5535 2020 5613 _alii_que_coutplures._

563 5604 675 5675 (82)
715 5603 845 5657 Ὅτε
875 5598 956 5673 ἦν
979 5603 1050 5656 ἐν
1076 5602 1149 5671 τῇ
1178 5598 1486 5673 περιφορᾷ.
1529 5598 1854 5660 comitatum
1876 5609 2057 5662 reddi-

2166 5398 2376 5479 facilem
2419 5417 2487 5479 se
2535 5403 2713 5479 alteri,
2764 5414 2817 5459 et
2863 5405 3256 5479 obsequentem
3305 5409 3535 5479 praebet.
3612 5415 3798 5478 Sane

2164 5469 2371 5524 Tlieod.
2413 5474 2698 5552 διαγωγῆς.
2729 5477 2998 5533 vocabulo
3017 5469 3164 5552 usus
3209 5469 3323 5532 est:
3347 5479 3465 5534 Nisi
3503 5469 3797 5552 quis—aii

2159 5542 2463 5620 περιφοράν
2493 5542 2918 5620 ιιίιιιιι⁷άορνυηι,
2947 5556 3001 5603 οι
3029 5542 3537 5620 circumactionem'
3559 5542 3797 5617 Plaut):

2158 5615 2352 5700 uincat-Ili
2366 5615 2679 5700 respexisse
2707 5615 3090 5687 Carpocratem
3116 5619 3412 5688 existimet,
3453 5620 3524 5680 de
3562 5615 3709 5700 qua
3730 5615 3800 5693 in

429 5701 448 5721 ν
490 5675 688 5744 (lituus,
726 5681 784 5730 ut
815 5689 914 5746 pro
963 5677 1348 5746 συμπεριφορᾷ
1396 5685 1708 5746 usurpetur.
1754 5676 1889 5734 Cum
1931 5679 2057 5749 quis

2172 5678 2406 5737 Pltwtlro.
