3946 6074
120 267 225 327 365

761 265 1131 323 ADVERSUS
1171 263 1511 320 llAZRESES
1552 261 1677 315 LIB.
1721 259 1730 313 Ι

1836 257 1966 313 'OM.
2009 256 2146 312 η.·-
2198 258 2475 315 ΗᾸΞΒΕΞ.
2507 258 2723 314 XXVII.

3283 242 3392 328 sco

123 377 226 433 ὑτὼ
256 376 355 431 τοῦ
388 377 560 431 αὑτοῦ
592 377 835 449 Πατρός,
866 378 1065 449 φησιν,
1096 378 1178 441 είς
1205 378 1302 448 τὴν
1340 375 1505 429 αὑτοῦ
1541 374 1717 445 ψυχὴν

1842 388 1873 425 n
1909 372 2170 445 incogniti
2194 372 2442 431 Parentis
2480 376 2738 431 comitatu
2776 376 3004 444 viderat,
3035 382 3394 452 meminisset,

124 467 403 538 δυνάμεις,
430 466 606 530 ὅπως,
639 466 707 520 τὰ
732 466 995 536 ὁραθέντα
1020 467 1157 537 αὑτῇ
1188 465 1713 538 ἀναμνημονεύσασα

130 561 223 615 καὶ
266 557 751 629 ὲνδυναμωθεῖσα,
783 556 927 629 φύγῃ
975 559 1099 621 τοὺς
1144 557 1507 629 κοσμοποιοὺς
1548 556 1714 625 ἀγγέ-

131 659 284 718 λους,
314 652 373 704 ὲν
404 651 485 722 τῷ
522 651 612 705 διὰ
658 653 877 705 πάντων
907 652 1150 723 χωρῆσαι
1180 651 1288 703 τῶν
1331 652 1389 703 ἐν
1420 649 1497 719 τῷ
1525 650 1715 721 κόσμῳ

120 742 479 816 πραγμάτων
510 742 607 796 καὶ
631 740 883 813 πράξεων
912 741 1020 794 τῶν
1052 741 1156 794 ὑπὸ
1176 740 1282 794 τῶν
1305 739 1605 810 ἀνθρώπων
1633 757 1716 808 γι-

129 836 403 906 νομένων,
451 835 550 889 xui.
601 836 659 887 ἐν
718 833 1053 906 παραϐύστῳ
1108 834 1325 889 ἀτόπων
1387 835 1563 905 ἔργων
1621 834 1714 887 καὶ

128 923 411 993 ἀθεμίτων
430 940 443 953 ·
476 924 571 975 καὶ
599 925 745 986 ὅπως
766 922 853 977 διὰ
881 923 1067 976 πασῶν
1092 922 1201 976 τῶν
1225 921 1476 994 πράξεων
1501 921 1717 974 ἐλευθε-

134 1016 375 1085 ρωθεῖσα
394 1017 427 1084 η
458 1013 600 1085 αὑτὴ
631 1012 798 1085 ψυχὴ,
823 1014 980 1085 φησι,
1001 1013 1095 1067 τοῦ
1140 1013 1336 1085 Ἰησοῦ,
1360 1013 1555 1084 ἀνέλθῃ
1580 1012 1715 1084 πρὸς

129 1107 223 1160 τὸν
250 1106 418 1160 αὑτὸν
448 1106 665 1177 Πατέρα
695 1105 783 1159 τὸν
813 1107 1089 1175 ἄγνωστον
1108 1147 1123 1173 ,
1167 1107 1258 1159 τὸν
1295 1106 1550 1177 δυνάμεις
1579 1107 1716 1177 αὑτῇ

130 1200 535 1255 ἀποστείλαντα
567 1198 793 1261 ἄνωθεν,
824 1200 933 1265 ἴνα,
976 1199 1165 1253 πασῶν
1190 1199 1297 1252 τῶν
1330 1199 1581 1271 πράξεων
1606 1216 1716 1269 χω-

136 1294 353 1365 ρήσασα
389 1293 483 1347 καί⁵
508 1289 937 1363 ὲλευθερωθεῖσα
959 1329 973 1354 ,
1004 1289 1201 1344 διέλθοι
1230 1290 1366 1361 πρὸς
1393 1291 1556 1344 αὑτὸν
1583 1290 1714 1345 ἄνω.

134 1386 209 1438 Οὑ
246 1384 358 1456 μὴν
392 1384 449 1437 δὲ
480 1384 615 1438 ἀλλὰ
656 1385 750 1437 καὶ
780 1382 879 1447 τὰς
918 1382 1109 1452 ὁμοίας
1148 1383 1285 1453 αὑτῇ
1314 1380 1491 1452 ψυχὰς
1524 1382 1593 1435 τὰ
1627 1381 1720 1435 ίσα

132 1479 277 1548 αὐτῇ
318 1476 749 1546 ἀσπασαμένας,
780 1475 872 1529 τὸν
912 1474 1074 1529 αὑτὸν
1106 1476 1306 1547 τρόπον
1341 1472 1719 1544 ἐλευθερωθείο

134 1588 267 1635 σας,
304 1570 420 1624 ἄνω
448 1568 649 1639 πτῆναι
682 1568 818 1640 πρὸς
840 1569 932 1621 τὸν
967 1568 1240 1636 ἄγνωστον
1270 1566 1486 1637 Πατέρα
1500 1566 1525 1629 ,’
1551 1568 1609 1619 ἐν
1642 1564 1720 1636 τῷ

135 1663 233 1725 τὰς
289 1660 472 1724 πάσας
507 1660 736 1731 πράξεις
771 1661 1057 1733 πραξάσας
1098 1658 1298 1728 ὁμοίως
1345 1657 1450 1710 τῶν
1501 1656 1719 1710 πάντων

135 1753 551 1824 ἀπαλλαγείσας
578 1752 761 1807 λοιπὸν
782 1751 1225 1823 ὲλευθερωθῆναι.

207 2018 324 2089 Τὴν
364 2017 421 2069 δὲ
460 2015 636 2087 ψυχὴν
676 2016 771 2069 τοῦ
823 2016 997 2087 Ἰησοῦ
1045 2017 1101 2069 ἐν
1140 2019 1252 2080 τοῖς
1301 2016 1407 2069 τῶν
1456 2017 1725 2070 Ἰουδαίων

140 2112 320 2165 εθεσιν
356 2110 764 2179 ἀνα-τραφεῖσαν
796 2108 1209 2179 καταφρονῆσαι
1250 2108 1429 2162 αὑτῶν
1450 2149 1464 2173 ,
1502 2109 1596 2162 καὶ
1637 2108 1724 2163 διὰ

139 2203 300 2259 τοῦτο
346 2203 605 2273 δυνάμεις
638 2201 948 2272 εἰληφέναι,
997 2203 1063 2255 δι’
1103 2195 1178 2255 ὧν
1224 2201 1293 2255 τὰ
1337 2203 1428 2255 ἐπὶ
1472 2202 1725 2256 κολάσεσι

142 2299 292 2369 πάθη
346 2296 622 2367 προσόντα
666 2297 777 2357 τοῖς
825 2293 1135 2366 ἀνθρώποις
1186 2294 1435 2365 δυνηθεὶς
1486 2295 1721 2365 πρᾶξαι,

144 2388 451 2460 ὑπερϐῆναι
494 2386 619 2449 τοὺς
663 2387 1027 2456 κοσμοπιοὺς
1071 2385 1307 2455 ἴσχυσεν.
1353 2385 1426 2437 Οὐ
1478 2385 1637 2456 μόνον
1670 2384 1726 2437 δὲ

144 2478 317 2547 αὑτὴν
350 2475 449 2547 τὴν
477 2473 653 2545 ψυχὴν
682 2473 775 2527 τοῦ
819 2474 990 2543 Ἰησοῦ
1021 2473 1179 2526 τοῦτο
1209 2472 1557 2544 δεδυνῆσθαι,
1594 2472 1728 2526 ἀλλὰ

147 2571 239 2623 καὶ
286 2567 387 2637 τὴν
435 2566 739 2638 δυναμένην
794 2565 885 2618 διὰ
930 2566 1039 2618 τῶν
1096 2565 1347 2636 πράξεων
1399 2566 1728 2637 χωρήσασαν

148 2661 456 2732 ὑπερϐῆναι
492 2661 619 2723 τοὺς
658 2659 1018 2727 κοσμοποιοῦς
1063 2658 1260 2721 αὐτοὺς
1304 2658 1602 2726 ἀγγέλους,
1635 2657 1730 2710 καὶ

146 2753 289 2824 αὑτὴ
318 2752 414 2807 εὰν
442 2750 583 2821 λάϐῃ
616 2749 873 2819 δυνάμεις
898 2790 912 2812 ,
964 2750 1057 2803 καὶ
1088 2750 1156 2803 τὰ
1186 2750 1346 2819 ὃμοια
1381 2749 1563 2823 πράξῃ
1582 2791 1597 2815 ,
1632 2766 1731 2803 κα-

150 2846 332 2916 θάπερ
352 2843 448 2897 τοῦ
474 2841 671 2914 Ἰησοῦ,
700 2841 776 2903 ὼς
802 2843 1079 2910 προεῖπον.
1104 2840 1266 2893 Ὅθεν
1292 2842 1370 2905 εἰς
1394 2840 1562 2911 τῦφον
1584 2835 1731 2894 οὗτοι

150 2937 477 3007 ἐληλακότες
511 2933 686 3004 μέγαν
711 2935 759 2985 οἱ
793 2933 897 2986 ὑπὸ
924 2932 1018 2985 τοῦ
1044 2933 1355 2996 ἀπατεῶνος
1370 2933 1557 2986 τούτου
1590 2934 1733 2988 ἀπα-

147 3027 441 3098 τηθέντες,
471 3023 697 3083 ἑαυτοὺς
733 3021 1089 3093 προκριτέους
1144 3019 1405 3092 ἡγοῦνται
1442 3022 1535 3074 καὶ
1565 3018 1730 3074 αὑτοῦ

149 3118 245 3172 τοῦ
288 3116 485 3187 Ἰησοῦ.
538 3116 720 3170 Ἀλλοι
755 3115 812 3168 δὲ
854 3114 915 3181 ἐξ
964 3113 1143 3168 αὑτῶν
1177 3113 1278 3168 οὑκ
1328 3111 1502 3184 Ἰησοῦ
1545 3128 1729 3181 φασιν,

150 3210 290 3265 ἀλλά
330 3209 536 3280 Πέτρου
567 3210 662 3261 καὶ
696 3207 944 3280 Ἀνδρέου
986 3208 1081 3260 καὶ
1122 3205 1334 3260 Παύλου
1364 3205 1459 3259 καὶ
1485 3203 1595 3257 τῶν
1627 3202 1735 3257 λοι-

153 3302 274 3356 πῶν
305 3300 620 3355 ἀποστόλων
661 3300 890 3361 ἑαυτοὺς
931 3297 1438 3370 ὑπερφερεστέρους
1476 3291 1615 3349 εἶναι
1648 3294 1736 3348 διὰ

152 3396 253 3464 τὴν
304 3392 611 3464 ὑπερϐολὴν
649 3390 747 3460 τῆς
798 3388 1070 3459 γνώσεως,
1112 3390 1205 3442 καὶ
1247 3389 1308 3442 τὸ
1352 3386 1736 3459 περισσότερον

154 3488 253 3557 τῆς
276 3485 620 3554 διαπράξεως
648 3483 918 3553 διαφόρων
950 3481 1217 3548 διεξόδων.
1250 3481 1431 3535 ¹’Δλλοι
1460 3480 1516 3535 δὲ
1549 3481 1608 3546 ἐξ
1640 3480 1738 3533 αὑ-

156 3574 264 3626 τῶν
297 3572 567 3641 φάσκουσι
605 3570 772 3642 μηδὲν
811 3571 1177 3642 διενηνοχέναι
1219 3571 1314 3624 τοῦ
1343 3570 1549 3642 Κυρίου
1578 3570 1738 3642 ἡμῶν

168 3663 348 3736 Ἰησοῦ
366 3663 702 3735 Χριστοῦ.Λί
718 3663 825 3735 γὰρ
852 3664 1022 3733 ψυχαὶ
1039 3665 1102 3716 ὲκ
1125 3664 1222 3732 τῆς
1242 3663 1413 3733 αὑτῆς
1435 3663 1738 3734 περιφορᾶς

156 3756 305 3818 εἰσι,
322 3755 414 3809 καὶ
441 3753 641 3825 ὁμοίως
666 3754 807 3808 κατὰ
833 3755 933 3823 τὴν
958 3753 1052 3806 τοῦ
1095 3751 1270 3824 Ἰησοῦ
1317 3753 1534 3807 πάντων
1566 3770 1737 3805 κατα-

156 3845 425 3916 φρόνησιν
464 3844 847 3915 ποιησάμεναι.
886 3844 995 3897 Καὶ
1037 3845 1094 3898 αἱ
1128 3844 1333 3907 πᾶσαι,
1365 3842 1528 3911 φασὶ,
1567 3840 1739 3911 ψυχαὶ

153 3938 257 4008 τῆς
285 3936 463 4007 αὑτῆς
497 3936 782 4006 δυνάμεως
809 3934 1153 4006 ἠξιώθησαν,
1188 3930 1255 4006 ἦς
1288 3934 1382 3988 καὶ
1422 3932 1514 3986 τοῦ
1564 3932 1738 4003 Ἰησοῦ

194 4029 407 4096 ξίωται.
439 4028 531 4081 Διὸ
554 4030 648 4081 καὶ
671 4026 847 4083 ταῦτά
875 4044 1008 4096 φασι
1052 4029 1249 4098 χωρεῖν
1280 4026 1369 4080 διὰ
1396 4026 1575 4095 πάσης
1599 4025 1740 4098 πρά-

158 4122 315 4188 ξεως,
348 4120 601 4193 καθάπερ
630 4119 819 4190 ἀμέλει
849 4120 943 4173 καὶ
986 4121 1020 4191 ἡ
1062 4117 1160 4172 τοῦ
1200 4116 1373 4190 Ἰησοῦ
1407 4116 1735 4189 διελήλυθεν.

158 4216 219 4267 ΕΞ
248 4214 307 4267 δὲ
345 4212 441 4265 καί
474 4228 558 4275 τις
593 4210 754 4266 πάλιν
792 4210 1048 4283 δυνηθείη
1093 4211 1234 4282 ὑπὲρ
1266 4210 1358 4263 τὸν
1396 4208 1602 4281 Ἰησοῦν
1643 4225 1741 4263 κα-

158 4304 522 4375 ταψρονῆσαι,
551 4301 949 4375 διαφορώτερος
980 4301 1134 4355 ἔσται
1161 4300 1346 4356 αὑτοῦ.

230 4478 305 4533 Γ.
359 4472 729 4548 Ἐπιχειροῦσι
760 4476 817 4530 δὲ
860 4477 971 4548 (83)
1011 4478 1063 4530 οἱ
1100 4477 1199 4548 τῆς
1238 4476 1497 4547 ἀθεμίτου
1536 4478 1741 4548 ταύτης

160 4573 359 4643 σχολῆς
413 4570 676 4634 παντοίας
728 4570 1099 4641 ἐπιχειρήσεις
1160 4568 1347 4623 δεινῶν
1417 4569 1591 4641 ἔργων
1649 4570 1744 4625 καὶ

159 4663 478 4735 ὁλετηρίων.
527 4661 745 4729 Μαγεία
796 4660 906 4731 γὰρ
952 4660 1082 4731 παρ’
1130 4659 1316 4723 αὑτοῖς
1365 4660 1745 4732 ἐπινενόηται,

158 4756 376 4827 ἐπῳδάς
401 4771 461 4808 τε
486 4752 777 4825 διαφόρους
795 4751 929 4822 πρὸς
954 4753 1131 4805 πᾶσαν
1151 4751 1398 4823 μηχανὴν
1415 4751 1744 4824 ὲφηὺραντο,

161 4849 301 4921 πρὸς
331 4849 532 4919 φίλτρα
565 4847 659 4899 καὶ
685 4844 966 4917 ἀγώγιμα.
995 4844 1069 4898 οὑ
1098 4844 1205 4915 μὴν
1242 4844 1296 4897 δὲ
1320 4843 1457 4898 ἀλλὰ
1485 4845 1578 4897 καὶ
1606 4862 1747 4916 παρ-

162 4939 352 5009 έδρους
377 4935 640 5007 δαίμονας
671 4936 884 4996 ἑαυτοῖς
908 4933 1271 4998 ἐπισπῶνται,
1302 4936 1381 4998 εἰς
1408 4934 1470 4987 τὸ
1502 4934 1589 4989 διὰ
1614 4936 1746 4990 πολ-

161 5029 262 5099 λῆς
311 5025 655 5097 μαγγανείας
698 5025 757 5076 ὲν
802 5022 1019 5095 ἐξουσία
1066 5023 1277 5096 μεγάλῃ
1310 5025 1545 5089 πάντων,
1578 5027 1745 5095 φασὶ,

162 5111 471 5184 κυριεύειν,
518 5102 596 5162 ὧν
638 5125 698 5161 τε
736 5108 805 5162 ἂν
837 5107 1013 5162 ἐθέλοι
1038 5108 1298 5173 ἕκαστος,
1342 5108 1434 5163 καὶ
1550 5112 1747 5183 πράξει

162 5207 460 5277 ἐπιχειρεῖν
503 5202 832 5273 τολμήσειε,
873 5200 1030 5273 δῆθεν
1076 5202 1300 5265 ἑαυτοὺς
1341 5201 1740 5271 ἐξαπατῶντες,

383 5404 793 5493 ’ἐπιχειροῦσι
818 5400 1188 5493 ffIMEuseb.
1238 5406 1334 5493 lib.
1386 5424 1460 5493 iv,
1518 5423 1638 5493 cap.
1681 5410 1733 5471 7,

166 5476 357 5537 scribit
388 5476 781 5549 Carpocratein
818 5476 1014 5549 palam,
1049 5492 1112 5530 ac
1146 5478 1264 5531 sine
1293 5476 1739 5549 tergiversatione

166 5550 442 5606 maleﬁcas
472 5545 623 5601 artes
658 5559 781 5613 prae,
808 5558 868 5598 se
903 5545 1113 5599 tulisse.
1145 5550 1207 5599 οι
1245 5548 1340 5599 καὶ
1371 5545 1465 5599 τοῦ
1496 5547 1739 5613 Σίμωνος

162 5624 260 5692 οὑχ
282 5621 360 5684 ὠς
384 5612 1142 5692 ὲκείνοςλζρὺὅδηνεΩάλλξήδη
1168 5618 1261 5692 καὶ
1284 5619 1360 5680 εἰς
1375 5612 1618 5692 ’φανερδν
1641 5618 1740 5681 τὰς

166 5683 402 5762 ὑγείας
428 5683 789 5759 παραδιδόναι
816 5683 988 5752 ἠξίου,
1019 5683 1094 5748 ὡς
1121 5683 1210 5737 ἐπὶ
1251 5683 1509 5757 μεγάλοις
1527 5683 1605 5758 ’δὴ
1643 5705 1738 5758 μο-

1821 460 2098 517 immissas
2126 462 2195 516 ah
2226 462 2418 517 eodem
2452 462 2682 521 Parente
2718 466 2771 519 in
2797 467 2917 541 ejus
2951 471 3190 528 animam
3224 476 3400 532 viitu-

1822 560 1901 604 tes
1928 566 2051 606 esse
2079 552 2290 617 dicunt,
2319 562 2378 609 ut
2407 570 2596 610 eorum
2628 573 2749 627 quae
2775 573 3060 629 aspexerat
3084 567 3395 634 recordata,

1821 643 2286 713 corroborataque
2326 646 2644 703 conditores
2671 648 2823 703 orbis
2851 654 3074 722 angelos
3114 655 3398 728 effugeret,

1822 732 1926 787 hoc
1980 734 2100 805 ipso
2146 737 2291 807 quod
2342 754 2441 808 per
2473 740 2655 794 omnia
2702 758 2885 798 rerum
2922 760 3043 815 quae
3087 748 3399 814 immundo

1822 832 1971 887 sunt,
1994 827 2379 901 actionumque
2411 847 2530 902 qua:
2554 833 2622 887 ab
2657 833 2971 891 hominibus
3000 839 3397 913 suscipiuntur,

1821 932 2018 986 genera
2065 921 2346 984 transiret,
2385 922 2630 994 adeoque
2675 927 2904 983 scelesta
2950 933 3398 1004 exsecrandaque

1822 1011 2132 1066 clanculum
2192 1012 2434 1069 facinora
2499 1028 2858 1089 perpetraret.
2919 1020 2988 1076 Ut
3047 1023 3121 1077 ita
3177 1025 3396 1085 demum

1823 1102 2133 1160 actionibus
2185 1107 2437 1164 omnibus
2500 1112 2816 1181 perfuncta,
2879 1114 3159 1186 liberaque
3207 1118 3399 1175 eadem

1822 1191 1950 1249 Jesu
2014 1196 2193 1251 anima
2257 1200 2595 1271 incognitum
2661 1206 2729 1259 ad
2776 1205 3064 1262 Parentem
3132 1210 3397 1279 evoleret,

1825 1299 1854 1339 a
1911 1302 2020 1356 quo
2072 1288 2177 1344 illa:
2223 1300 2383 1346 erant
2436 1293 2667 1350 virtutes
2710 1296 2988 1364 immisse,
3052 1316 3281 1370 quarum
3313 1302 3401 1359 be-

1825 1377 2021 1432 neficio
2068 1396 2164 1450 per
2205 1384 2388 1436 omnia
2442 1385 2522 1439 uti
2576 1386 2815 1445 diximus
2873 1388 3148 1445 actionum
3198 1407 3401 1461 genera

1826 1470 2095 1532 traducta.
2130 1474 2510 1545 exsolutaque,
2543 1492 2762 1531 sursum
2797 1479 2862 1535 ad
2898 1494 3021 1535 eum
3067 1490 3396 1549 penetraret.

1828 1560 1919 1615 Sic
1938 1578 2061 1632 qua:
2088 1565 2208 1634 ejus
2240 1567 2449 1621 similes
2477 1577 2663 1623 essent
2688 1570 2903 1634 animai,
2930 1571 3120 1626 iisdem
3152 1574 3399 1633 aildictas

1827 1655 2046 1721 studiis,
2095 1656 2396 1726 eodemque
2441 1660 2602 1714 modo
2663 1661 2922 1717 liberatas
2960 1662 3027 1716 ad
3060 1665 3400 1735 incognitum

1750 1735 1793 1793 Β
1824 1740 2110 1798 Parentem
2142 1746 2361 1801 evolare
2390 1762 2632 1814 sursum,
2662 1750 2789 1804 dum
2821 1751 3195 1809 {unctionibus
3225 1756 3401 1809 omni-

1826 1833 1929 1888 bus
1966 1834 2155 1896 obitis.
2185 1844 2241 1892 et
2285 1839 2354 1893 ab
2385 1840 2659 1896 universis
2702 1842 2907 1910 pariter
2934 1844 3200 1916 expeditae
3244 1845 3403 1901 dein-

1827 1938 1955 1994 ccps
1988 1924 2040 1978 in
2067 1926 2371 1982 libertatein
2400 1938 2745 1985 asseruntur.

1902 2013 2100 2070 Verum
2141 2020 2288 2089 quod
2338 2020 2520 2075 anima
2562 2019 2691 2078 Jesn
2741 2024 2796 2077 in
2842 2021 3158 2080 Iudaeorum
3201 2027 3400 2085 ritibus

1827 2107 2089 2172 enutrita,
2117 2111 2342 2181 angelos
2374 2112 2498 2170 illos
2519 2116 2960 2185 contempsisset,
2989 2117 3061 2174 ob
3092 2118 3145 2172 id
3169 2119 3401 2176 virtutes

1832 2200 2130 2269 accepisse,
2166 2202 2369 2271 quibus
2391 2218 2513 2259 cum
2544 2206 2864 2260 constitutis
2890 2207 2955 2259 ad
2992 2222 3185 2276 pinnas
3222 2209 3402 2264 homi-

1830 2304 1958 2343 num
1989 2293 2439 2361 perpessionibus
2468 2293 2691 2365 defungi
2727 2296 3017 2365 potuisset,
3051 2299 3242 2352 mundi
3278 2300 3401 2356 illos

1831 2382 2161 2439 architectos
2185 2384 2605 2440 transcenderit.
2628 2385 2815 2457 Neque
2839 2403 2966 2442 vero
2994 2388 3047 2443 id
3079 2404 3242 2445 unam
3268 2388 3399 2447 Jesu

1831 2470 2067 2524 animam
2106 2472 2367 2540 perlicere
2407 2476 2687 2543 potuisse;
2736 2475 2831 2531 sed
2881 2487 2934 2531 et
2972 2478 3132 2531 aliam
3168 2480 3404 2548 quamli-

1831 2559 1939 2622 bet,
1967 2576 2087 2632 qum
2120 2578 2215 2631 per
2248 2564 2495 2618 actiones
2525 2565 2796 2634 ejusmodi
2835 2569 3221 2637 progressione
3257 2570 3402 2623 facta

1832 2665 2000 2720 super
2043 2652 2359 2708 conditores
2413 2655 2569 2710 orbis
2617 2656 2841 2727 angelos
2888 2658 3069 2712 elTerri
3116 2660 3403 2729 potuerit:

1832 2742 1949 2797 haec
1973 2745 2118 2797 enim
2150 2744 2195 2800 si
2229 2746 2371 2800 vires
2402 2747 2670 2816 acceperit
2691 2748 2843 2817 paria
2875 2764 3000 2803 eum
3032 2748 3160 2805 Jesu
3188 2752 3407 2807 eadem-

1833 2850 1940 2904 que
1970 2836 2271 2904 praestabit,
2296 2844 2355 2890 ut
2383 2838 2545 2907 paulo
2587 2847 2713 2895 ante
2750 2840 3005 2895 diximus.
3041 2840 3116 2895 Ex
3152 2859 3260 2913 quo
3302 2845 3408 2897 mi-

1835 2926 1945 2980 seri
1975 2926 2064 2979 isti
2098 2926 2417 2997 iinpostoris
2453 2928 2600 2984 illius
2642 2928 2831 2984 fraude
2870 2929 3083 3003 decepti
3118 2940 3227 2987 tam
3267 2933 3410 2988 into.

1839 3016 2046 3072 lerabili
2092 3020 2405 3089 arrogantia
2455 3028 2618 3085 sunt,
2675 3029 2735 3073 ut
2781 3037 2841 3077 se
2880 3024 2965 3078 vel
3017 3024 3237 3097 ipsiinet
3276 3023 3408 3080 Jesu

1838 3106 2251 3178 anteponendos
2290 3109 2626 3166 existiment.
2661 3109 2867 3164 Horum
2900 3112 2993 3166 alii
3031 3128 3141 3167 non
3187 3114 3411 3184 quidem

1833 3197 1987 3262 Jesu,
2016 3198 2112 3254 sed
2142 3198 2326 3264 Petro,
2360 3199 2613 3265 Andreae,
2648 3199 2843 3268 Paulo,
2890 3205 3103 3260 caeteris
3146 3206 3411 3275 apostolis

1835 3299 2098 3359 prmstare
2166 3305 2287 3346 sese
2352 3289 2544 3345 dicunt
2600 3308 2727 3347 eum
2784 3293 3120 3349 abundantia
3172 3296 3411 3365 quadarn

1837 3380 2102 3445 scientias,
2139 3388 2254 3436 tum
2287 3384 2432 3452 quod
2464 3384 2880 3454 progressiones
2913 3386 3095 3441 varias
3122 3400 3185 3439 ac
3215 3384 3413 3441 decur-

1837 3486 1936 3527 sus
1972 3472 2135 3543 longe
2182 3473 2250 3529 Iis
2298 3474 2633 3531 cumulatius
2671 3475 2927 3530 obierint.
2980 3475 3235 3531 Nonnulli
3285 3494 3413 3532 vero

1837 3572 1966 3618 sunt
1994 3565 2086 3635 qui
2114 3565 2255 3620 inter
2283 3580 2343 3620 se
2369 3580 2433 3620 ac
2460 3565 2748 3622 Dominum
2778 3577 3023 3623 nostrum
3054 3566 3239 3624 Jesum
3260 3568 3416 3623 Chri-

1837 3664 1982 3712 stum
2009 3658 2144 3713 nihil
2174 3658 2442 3715 interesse
2464 3671 2743 3717 censeant.
2777 3661 2988 3733 Quippe
3011 3662 3206 3717 anima:
3228 3677 3294 3716 ex
3322 3677 3417 3717 ea-

1837 3748 1959 3805 dem
1980 3766 2169 3807 omues
2185 3752 2507 3808 circuitione
2527 3762 2676 3817 sunt,
2700 3754 3059 3825 eumdemque
3079 3769 3238 3824 quem
3253 3752 3415 3811 Iesus

1837 3850 2207 3912 contemptum
2239 3859 2420 3900 rerum
2447 3846 2691 3900 omnium
2722 3854 3101 3914 susceperunt.
3138 3843 3417 3909 Universae

1838 3949 2023 4005 porro,
2060 3934 2335 4006 inquiunt,
2366 3937 2557 3992 eadem
2593 3952 2699 4008 qua
2728 3936 2858 3992 Jesu
2896 3935 3079 3990 anima
3110 3934 3163 3989 vi
3194 3942 3322 3989 sunt
3350 3948 3416 3990 ac

1838 4023 2040 4080 virtute
2062 4025 2318 4095 praedita.
2346 4025 2582 4099 Ideoque
2605 4028 2830 4098 perinde
2858 4028 2977 4083 illas
3004 4042 3104 4099 per
3136 4025 3415 4081 actionqu

1840 4127 2041 4183 genera
2072 4113 2255 4167 omnia
2299 4114 2535 4179 traduci,
2586 4115 3046 4187 quemadmodum
3082 4113 3209 4170 Jesu
3235 4115 3416 4169 anima

1841 4219 2133 4275 progressa
2169 4205 2262 4261 sit.
2300 4205 2456 4274 Quod
2489 4207 2647 4282 106.
2670 4208 2715 4265 si
2743 4208 2968 4278 reperiri
3004 4207 3185 4278 aliqua
3216 4207 3413 4277 possit,

1840 4314 1961 4367 qua:
1987 4300 2247 4371 majorem
2273 4314 2435 4371 quam
2456 4297 2616 4355 Iesus
2646 4307 3018 4369 contemptum
3041 4299 3328 4370 suscipiat,
3351 4314 3415 4353 ea

1771 4418 1817 4474 υ
1845 4388 1948 4459 ipsi
1980 4388 2199 4445 demum
2231 4392 2536 4447 antecellet.

1916 4478 2004 4536 ΙΙΙ.
2037 4480 2306 4537 Caeterum
2332 4482 2667 4538 detestanda:
2687 4480 2990 4552 disciplina:
3017 4482 3183 4552 hujus
3211 4483 3417 4538 alunmi

1842 4570 2185 4627 horribiliuin
2220 4589 2283 4628 ac
2328 4575 2737 4629 teterrimorum
2777 4574 3080 4630 facinorum
3126 4573 3275 4629 varia
3321 4589 3415 4645 ge-

1844 4679 1976 4720 nera
2008 4665 2328 4722 moliuntur.
2377 4665 2512 4723 Nam
2555 4676 2609 4725 et
2642 4668 2921 4724 maleﬁcas
2962 4674 3110 4722 artes
3139 4674 3417 4728 exercent,

1842 4764 1898 4811 et
1936 4756 2005 4811 ad
2042 4758 2401 4814 maehinanda
2429 4761 2703 4831 quaelibet,
2748 4758 3006 4815 veneficia
3051 4766 3105 4812 et
3135 4756 3418 4811 cautiones

1845 4848 2252 4917 excogitarunt,
2282 4850 2430 4906 velut
2459 4850 2525 4904 ad
2554 4850 2753 4921 philtra
2784 4858 2837 4904 et
2866 4848 3069 4903 amoris
3096 4847 3381 4902 illecebras
3401 4864 3418 4899 τ

1845 4936 1956 4991 imo
1987 4939 2147 4994 etiam
2192 4940 2488 4997 familiares
2536 4942 2642 4996 sibi
2684 4940 2950 5010 quosdam
2998 4940 3271 4993 daunones
3303 4937 3422 4992 alli-

1846 5027 2019 5095 ciunt,
2048 5039 2106 5085 ut
2139 5032 2529 5101 multiplicibus
2561 5032 2629 5086 iis
2674 5030 2962 5101 praestigiis
2990 5042 3258 5084 summam
3290 5027 3420 5091 sibi,

1854 5127 1912 5172 ut
1942 5120 2117 5184 aiunt,
2171 5122 2224 5176 in
2257 5122 2438 5176 omnia
2474 5129 2797 5192 potestatem
2829 5119 3127 5182 vindicent,
3181 5132 3243 5173 ac
3277 5118 3422 5188 quod

1850 5211 2049 5281 cuique
2092 5212 2332 5277 libuerit,
2380 5222 2435 5267 et
2470 5212 2837 5283 quodcunque
2868 5226 3026 5281 agere
3079 5210 3133 5265 in
3178 5210 3424 5264 animum

1844 5416 2054 5490 νφουχὶ
2087 5416 2474 5490 σεμνυνόμενοι
2508 5418 2619 5490 τοῖς
2814 5415 3143 5490 περιεργίαν
3161 5414 3297 5486 πρὸς
3328 5414 3425 5467 αὑ-

1844 5484 1951 5535 τῶν
1977 5484 2416 5560 ἐπιτελουμένοις
2459 5484 3173 5560 φίλτροι;,λόνειροπὸμποξίς
3207 5484 3312 5560 δεεσῂ
3334 5491 3427 5538 καὶ

1846 5555 2138 5681 παρέδροις
2158 5555 2267 5610 τισὶ
2291 5555 2528 5628 δαίμοσι,
2555 5555 2648 5611 καὶ
2669 5557 2856 5623 ἄλλαις
2872 5555 3259 5629 ’ὁμοιοτρόπως
3290 5555 3436 5622 ἀγω-

1847 5639 1989 5681 γαις.
2034 5627 2215 5681 "adem
2246 5628 2404 5681 habet
2432 5627 2688 5681 lrcnmus.

1847 5627 1989 5692 ταῖς.
2015 5627 2215 5685 Eadem
2246 5627 2404 5686 habet
2432 5627 2688 5688 lrcnteus.
