3980 6086
568 242 674 338 ast

1968 282 2026 339 S.
2070 281 2412 339 EPIPHANII

3729 279 3832 340 368

564 399 879 466 induxerit,
926 400 980 456 id
1011 400 1191 473 ipsum
1229 402 1428 457 audeat
1474 402 1774 472 suscipere.
1827 401 1940 457 Hoc
1974 402 2140 458 auten

2262 405 2397 475 πρὸς
2427 404 2796 478 πληροφορίαν
2819 405 2915 476 τῆς
2936 401 3354 472 τετυφλωμένης
3374 398 3555 453 αὐτῶν
3579 398 3832 466 διανοίας.

567 505 634 545 eo
652 492 886 547 consilio
911 491 1138 556 faciunt,
1166 493 1337 563 quod,
1360 493 1435 547 uti
1455 493 1825 547 miserandum
1851 494 1906 548 in
1931 495 2150 548 modum

566 582 779 654 decepti
807 593 955 647 sunt,
982 596 1131 639 certo
1160 585 1266 640 sibi
1293 585 1679 655 persuadeant,
1707 600 1802 655 per
1825 592 1904 639 tot
1933 592 2157 655 tamque

567 674 785 730 diversa
820 674 1062 730 facinora
1097 677 1283 731 mundi
1312 676 1740 731 fabricator-ibus
1770 676 1999 744 angelis.
2035 692 2154 730 om-

565 765 847 836 nibusque
865 782 988 837 qua:
1004 767 1069 821 in
1101 766 1306 823 mundo
1335 776 1466 822 sunt
1498 766 1792 838 prostratis
1818 781 1883 821 ae
1910 774 2154 820 contem-

567 856 701 927 ptis,
738 856 957 911 illorum
996 872 1056 913 se
1095 871 1203 911 non
1239 856 1453 920 mundi,
1489 858 1585 912 sed
1622 855 1933 910 fabularum
1971 856 2152 926 potius

566 947 843 1003 artificum
880 955 1208 1018 potestatem
1245 948 1595 1019 transgredi;
1630 963 1740 1018 quo
1778 949 2059 1005 cmlestem
2095 949 2153 1002 li-

566 1039 832 1094 bertatem
867 1041 1172 1105 obtineant,
1212 1050 1266 1096 et
1300 1056 1520 1097 sursum
1553 1041 1798 1111 aspirare
1824 1048 1988 1111 atque
2018 1056 2149 1095 evo-

565 1132 682 1187 lare
710 1134 956 1203 possint.
1008 1135 1164 1200 Quod
1213 1133 1495 1188 hominum
1547 1149 1719 1204 genus
1768 1134 1836 1188 ad
1892 1134 2151 1189 Ecclesiae

569 1219 658 1275 Dei
698 1222 957 1293 probrum
1007 1231 1061 1279 et
1096 1223 1489 1279 oﬂ‘endiculum
1518 1224 1817 1279 adornasse
1849 1239 1911 1278 ac
1942 1225 2152 1280 submi-

565 1314 709 1368 sisse
742 1312 978 1370 Satanas
1014 1316 1228 1369 videtur
1261 1334 1275 1370 :
1331 1316 1532 1386 quippe
1573 1317 1665 1386 qui
1710 1315 2149 1371 Christianorum

564 1405 670 1460 sibi
702 1420 900 1461 nomen
930 1406 1247 1471 indiderint,
1291 1418 1347 1462 ut
1391 1416 1612 1477 propter
1641 1408 1763 1465 illos
1803 1407 2021 1464 offensae
2054 1425 2150 1462 na-

565 1497 742 1552 tiones
772 1498 842 1552 ab
871 1505 1077 1554 sancta:
1104 1497 1198 1553 Dei
1229 1498 1487 1555 Ecclesize
1523 1500 1757 1554 utilitate
1792 1499 2147 1563 abhorreant,

563 1586 980 1658 nuntiatamque
1012 1588 1298 1642 veritatem
1348 1589 1421 1643 ob
1464 1589 1725 1642 immania
1761 1588 1976 1642 illorum
2017 1588 2150 1642 faci-

562 1693 719 1744 nora,
754 1686 807 1734 et
836 1678 1215 1733 incredibilem
1259 1679 1563 1748 nequitiam
1602 1679 1923 1749 repndient;
1953 1686 2030 1743 ut,
2066 1678 2150 1733 in-

2255 495 2336 548 δτι
2380 495 2437 547 αί
2477 486 2726 548 τοιαῦταί
2764 493 3130 565 ἐγχειρήσεις,
3166 488 3567 559 κατισχύσασαι
3607 488 3693 542 διὰ
3727 490 3836 544 τῶν

2249 583 2523 638 τοσούτων
2548 584 2821 654 πράξεων,
2853 584 2946 636 καί
2967 582 3455 655 καταφρονήσασαι
3486 579 3598 632 τῶν
3634 596 3835 650 κοσμο-

2254 675 2423 729 ποιῶν
2449 675 2717 746 ἀγγέλων,
2749 675 2842 729 καὶ
2865 673 2974 728 τῶν
3001 676 3058 727 ἐν
3087 673 3166 744 τῷ
3194 673 3385 743 κόσμῳ
3406 713 3420 733 ,
3452 671 3836 744 ὑπερϐαίνουσι

2252 766 2349 837 τὴν
2376 766 2482 821 τῶν
2511 766 2688 820 αὐτῶν
2713 766 3044 837 μυθοποιῶν,
3073 766 3135 818 οὐ
3165 764 3277 836 γὰρ
3300 763 3366 817 ἀν
3396 763 3606 834 εἴποιμι
3637 779 3837 832 κοσμο-

2253 858 2442 924 ποιῶν,
2475 857 2745 926 ἐξουσίαν,
2777 858 2926 921 ὅπως
2953 857 3020 911 ἀν
3050 857 3151 927 τὴν
3175 858 3287 910 ἀνω
3316 854 3639 927 ἐλευθερίαν
3664 855 3838 907 ἀσπά-

2255 965 2488 1011 σωνται,
2529 948 2623 1001 καὶ
2648 948 2748 1019 τὴν
2777 946 2890 1002 ἀνω
2924 946 3124 1016 πτῆσιν
3158 945 3474 1015 κτήσαιντο.
3530 941 3652 994 Εἰσὶ
3682 941 3739 993 δέ
3773 942 3839 992 ἐκ

2251 1035 2346 1089 τοῦ
2384 1036 2599 1089 Σατανᾶ
2630 1035 2741 1103 (84)
2775 1034 3301 1107 παρεσκευασμένοι,
3337 1033 3434 1085 καλ⁵
3466 1030 3839 1102 προδεσλημέο

2251 1144 2332 1180 νοι
2364 1129 2444 1191 είς
2468 1128 2669 1191 ὄνειδος
2715 1128 2810 1181 καὶ
2840 1127 3135 1182 σκάνδαλον
3174 1126 3275 1197 τῆς
3302 1125 3398 1179 τοῦ
3433 1122 3571 1178 Θεοῦ
3608 1124 3839 1194 Ἐκκλη-

2255 1222 2394 1283 σίας.
2453 1219 2742 1273 Ἐπὲθεντο
2790 1222 2897 1292 γάρ
2952 1221 3164 1283 ἑαυτοῖς
3215 1219 3448 1289 ἐπίκλην
3501 1214 3837 1289 Χριστιανοί,

2252 1313 2389 1383 πρὸς
2431 1312 2491 1365 τὸ
2522 1312 2967 1377 σκανδαλίζεσθαι
2994 1312 3063 1366 τά
3090 1311 3217 1383 ἔθνη
3243 1312 3311 1365 δι’
3339 1309 3539 1374 αὐτῶν,
3583 1308 3675 1362 καὶ
3704 1309 3840 1360 ἀπο-

2242 1402 2583 1473 στρέφεσθαι
2611 1403 2708 1474 τὴν
2738 1402 2839 1471 τῆς
2871 1402 3037 1470 ἀγίας
3058 1400 3150 1455 τοῦ
3182 1400 3318 1454 Θεοῦ
3353 1399 3682 1469 Ἑκκλησίας
3701 1398 3841 1467 ὠφέ-

2252 1496 2423 1560 λειαν,
2470 1497 2563 1550 καὶ
2608 1496 2669 1549 τὸ
2717 1495 2967 1566 ἀληθινὸν
3019 1497 3282 1567 κήρυγμα
3332 1494 3419 1547 διά
3465 1495 3567 1564 τῆς
3613 1492 3838 1546 ἐκείνων

2253 1588 2695 1660 ἀθεμιτουργίας,
2729 1589 2822 1641 καὶ
2850 1589 3173 1642 ἀνεικάστου
3209 1587 3622 1659 κακοπραγίας,
3655 1587 3736 1649 είς
3780 1587 3838 1638 τὸ

2253 1679 2322 1733 τὰ
2359 1680 2486 1751 ἔθνη
2520 1679 2885 1733 κατανοοῦντα
2926 1679 3107 1733 αὐτῶν
3135 1679 3204 1732 τά
3242 1679 3518 1749 ἐπάλληλα
3552 1678 3690 1749 ἔργα
3726 1678 3839 1729 τῶν

534 1783 751 1837 quam,
778 1767 1157 1837 frequentibus
1204 1768 1418 1820 illorum
1456 1768 1757 1822 sceleribus
1796 1768 2140 1822 animadver-

2251 1771 2722 1842 ἀθεμιτουργιῶν,
2754 1771 3054 1842 νομίσαντα
3100 1771 3195 1826 καὶ
3239 1771 3366 1835 τοὺς
3398 1771 3498 1841 τῆς
3541 1770 3705 1838 ἁγίας
3741 1767 3837 1822 τοῦ

562 1861 662 1923 sis,
691 1875 785 1915 eos
814 1874 1029 1929 quoque
1055 1857 1147 1927 qui
1172 1874 1203 1912 c
1224 1867 1414 1913 sancta
1442 1857 1532 1913 Dei
1580 1858 1825 1913 Ecclesia
1860 1867 1987 1914 sunt
2015 1859 2151 1917 tales

561 1965 687 2005 esse
719 1950 823 2004 sibi
848 1950 1240 2020 persuadeant,
1292 1959 1455 2021 atque
1490 1950 1562 2004 ita
1599 1950 1668 2004 ab
1706 1950 1995 2006 verissima
2032 1949 2149 2006 Dei.

563 2042 642 2096 uti
665 2040 926 2105 diximus,
951 2041 1204 2095 doctrina
1231 2055 1392 2096 aures
1418 2047 1696 2105 avertant;
1730 2046 1822 2092 aut
1845 2047 1994 2094 certe
2020 2055 2153 2109 pau-

562 2147 752 2187 corum
796 2132 1146 2201 improbitate
1190 2141 1484 2203 conspecta
1526 2134 1582 2188 in
1629 2134 1920 2189 universos
1958 2132 2148 2189 eadem

560 2223 852 2279 maledicta
892 2224 1211 2295 conjiciant.
1255 2225 1434 2295 Atque
1470 2240 1532 2280 ea
1577 2225 1793 2281 demum
1831 2240 1997 2280 causa
2040 2234 2146 2289 est,

562 2331 675 2370 cur
704 2315 957 2387 plerique
978 2317 1284 2388 gentilium,
1320 2317 1636 2388 ubicunque
1663 2318 1824 2373 istius
1858 2325 2019 2375 sectae
2050 2317 2147 2372 ho-

564 2408 740 2462 mines
758 2407 1239 2477 deprehenderint,
1254 2408 1458 2462 nullam
1478 2408 1763 2463 nobiscum
1781 2407 1950 2463 velint
1970 2424 2145 2478 neque

561 2499 673 2552 dati
705 2500 1044 2570 acceptique,
1084 2516 1260 2571 neque
1282 2500 1521 2563 consilii,
1546 2515 1737 2570 ineque
1764 2499 2020 2555 audiendi
2054 2502 2139 2555 di-

2260 1862 2395 1915 Θεοῦ
2438 1862 2766 1933 Ἐκκλησίας
2802 1863 3079 1925 τοιούτους
3121 1857 3298 1927 εἶναι,
3333 1862 3720 1933 ἀποστρέφειν,
3765 1861 3840 1925 ὡς

2260 1954 2353 2008 καὶ
2401 1958 2681 2027 προεῖπον,
2731 1956 2830 2027 τὴν
2873 1955 3041 2028 ἀκοὴν
3089 1955 3197 2010 ἀπὸ
3240 1955 3341 2025 τῆς
3383 1955 3476 2009 τοῦ
3510 1955 3655 2008 Θεοῦ
3696 1954 3840 2008 κατά

2257 2046 2517 2118 ἀλήθειαν
2546 2046 2927 2111 διδασκαλίας·
2965 2046 2997 2118 ἢ
3041 2049 3135 2100 καὶ
3185 2046 3428 2118 ὁρῶντάς
3483 2063 3637 2109 τινας
3703 2046 3842 2099 πάν-

2255 2139 2387 2203 τως’
2410 2139 2608 2210 ὁμοίιος
2636 2138 2973 2210 βλασφημεῖν
3010 2139 3119 2192 Καὶ
3137 2138 3325 2192 τούτου
3350 2139 3510 2193 ἕνεκα
3540 2139 3589 2192 οἱ
3620 2139 3840 2200 πλείους

2252 2230 2359 2283 τῶν
2398 2230 2602 2290 ἐθνῶν.
2640 2231 2775 2284 ὅπου
2819 2230 2863 2283 δ’
2908 2229 2973 2284 ἂν
3021 2231 3174 2284 ἴδωσι
3219 2230 3527 2294 τοιούτους,
3574 2229 3699 2283 οὔτε
3749 2230 3839 2283 ἐπὶ

2249 2322 2507 2395 κοινωνίᾳ
2537 2325 2668 2395 ἡμῖν
2705 2324 3103 2396 προσφέρονται
3125 2323 3471 2395 ληψοδοσίας,
3508 2323 3541 2393 ἢ
3584 2321 3836 2393 γνώμης.

2249 2412 2282 2485 ἢ
2329 2414 2497 2485 ἀκοῆς
2540 2413 2704 2483 λόγου
2747 2414 2889 2469 θείου
2915 2454 2929 2478 ,
2981 2413 3105 2468 οῦτε
3148 2413 3247 2484 τὴν
3294 2412 3463 2484 ἀκοὴν
3508 2411 3838 2475 ἐντιθέασιν,

2247 2505 2583 2576 ἐπτυρμένοι
2631 2507 2738 2595 ἀπὸ
2772 2494 2871 2576 τῆς
2905 2506 3012 2560 τῶν
3042 2506 3322 2578 ἀθεμίτων
3355 2506 3767 2578 ἀνοσιουργίας.

559 2595 672 2651 vini
705 2596 855 2652 verbi
889 2596 1202 2651 societatem
1233 2596 1589 2669 conjungere,
1626 2609 1690 2649 ac
1722 2612 1789 2651 ne
1819 2610 1982 2651 aures
2036 2592 2256 2667 quidem
2298 2601 2543 2670 praebere
2587 2592 2928 2670 sustineant;
2978 2601 3291 2674 usqueadeo
3338 2599 3564 2658 nefariis
3616 2602 3839 2658 illorum

558 2684 779 2757 ﬂagitiis
812 2686 1171 2752 consternati,
1213 2700 1275 2739 ac
1310 2684 1553 2741 deterriti
1596 2693 1745 2759 sunt.

560 2788 573 2797 '
622 2776 719 2832 ιν.
755 2777 927 2832 Porro
961 2777 1050 2833 isti
1084 2777 1139 2831 in
1171 2778 1298 2831 luxu
1331 2786 1493 2845 atque
1524 2775 1736 2830 deliciis
1767 2775 1989 2831 assidue
2023 2750 2155 2831 ver:

561 2877 774 2934 santur,
821 2867 1067 2939 nihilque
1107 2883 1215 2922 non
1256 2868 1323 2922 ad
1366 2882 1657 2938 corporum
1704 2867 2038 2938 voluptatem
2080 2884 2146 2923 ac

558 2959 958 3032 iucunditatem
994 2959 1336 3030 suscipiunt:
1369 2973 1545 3029 neque
1571 2959 1636 3015 ad
1668 2975 1769 3016 nos
1801 2961 2020 3032 penitus
2058 2975 2146 3015 ac-

2314 2778 2388 2831 A'.
2429 2776 2551 2831 Είσὶ
2586 2777 2642 2831 δὲ
2678 2780 2735 2831 ἐν
2770 2779 2979 2852 ἀσωτίᾳ
3010 2780 3381 2846 διατελοῦντες
3403 2776 3574 2845 οῦτοι,
3606 2783 3707 2838 καὶ
3733 2785 3842 2840 πᾶν

2242 2869 2420 2924 ὁτιοῦν
2457 2870 2817 2967 ἐργαζόμενοι
2856 2872 2993 2944 πρὸς
3044 2873 3342 2930 εὐπάθειαν
3377 2868 3671 2946 σωμάτων,
3709 2879 3841 2948 ἡμῖν

2231 2958 2299 3013 ’δὲ
2327 2958 2464 3024 ὅλως
2493 2958 2593 3015 οὐκ
2627 2962 2960 3031 ἐγγίζοντες,
2987 2963 3035 3015 εἰ
3068 2965 3142 3036 μή
3171 2982 3225 3017 τι
3255 2964 3362 3037 ἄρα
3392 2966 3528 3037 πρὸς
3555 2966 3621 3020 τὸ
3648 2968 3841 3021 δελεά-

560 3052 785 3117 cedunt,
827 3052 931 3107 nisi
980 3051 1119 3107 forte
1165 3060 1221 3106 ιιι
1267 3051 1566 3107 imbecilles
1612 3053 1827 3110 animos
1875 3053 1942 3109 ad
1976 3054 2140 3124 impia

2247 3068 2333 3105 σαι
2365 3051 2542 3125 ψυχάς
2570 3053 2932 3126 ἀστηρίκτους
2955 3055 3011 3109 ἐν
3037 3058 3102 3129 τῇ
3129 3056 3310 3111 αὐτῶν
3338 3058 3835 3132 κακοδιδασκαλίᾳ.

559 3159 659 3200 sua
687 3142 937 3213 dogmata
979 3141 1277 3213 pelliciant.
1336 3139 1522 3211 Neque
1558 3142 1704 3196 enim
1736 3142 1841 3195 alia
1890 3157 1949 3197 re
1978 3141 2141 3197 nobis

556 3234 768 3291 similes
815 3236 977 3298 sunt,
1021 3249 1185 3305 quam
1216 3231 1361 3303 quod
1403 3232 1520 3287 solo
1567 3231 1867 3287 Christiani
1919 3231 2142 3287 nomine

556 3326 883 3399 gloriantur,
914 3334 974 3380 ut
996 3327 1241 3381 ementiti
1270 3323 1433 3393 hujus
1458 3307 1918 3393 vocmzre
1946 3307 2142 3392 impro-

560 3419 780 3474 bitatem
804 3432 958 3473 suam
982 3421 1292 3472 exerceant.
1309 3413 1415 3469 Sed
1444 3413 1660 3479 horum,
1679 3413 1835 3484 105
1861 3413 1939 3468 uti
1967 3414 2141 3485 scrip-

557 3514 675 3562 tum
690 3515 795 3569 est,
810 3507 1076 3576 judicium
1101 3505 1402 3576 legitimum
1426 3505 1597 3573 est,id
1616 3504 1763 3575 quod
1775 3505 1983 3560 Paulus
2011 3520 2141 3576 apo-

550 3596 969 3654 'stolustradidit
987 3599 1025 3653 '.
1044 3596 1322 3668 Siquidem
1347 3605 1567 3669 propter
1601 3597 1968 3653 abominanda
1992 3599 2136 3669 ipso-

556 3702 680 3745 rum
708 3688 871 3755 facta,
902 3703 1112 3744 merces
1136 3688 1244 3743 illis
1274 3698 1643 3745 consentanea
1676 3689 1969 3757 reddetur;
2008 3705 2135 3744 nam

556 3793 682 3834 cum
713 3778 954 3833 animum
986 3795 1145 3834 suum
1181 3780 1299 3850 rapi
1338 3778 1579 3835 libidinis
1612 3780 1813 3851 impetu
1848 3793 1912 3835 ac
1951 3779 2138 3835 furore

556 3871 927 3944 permiserint,
950 3871 1005 3927 in
1035 3872 1245 3928 infinita
1270 3860 1391 3930 sese
1410 3875 1753 3945 voluptatum
1776 3891 1973 3946 genera
1998 3880 2137 3946 praf-

558 3962 755 4034 cipites
788 3963 1157 4018 committunt.
1191 3964 1269 4019 Ita
1288 3966 1431 4021 enim
1463 3966 1769 4037 disputant,
1795 3983 1917 4037 quae
1943 3968 2011 4022 ab
2038 3968 2133 4022 ho-

553 4055 797 4111 minibus
820 4055 961 4109 mala
988 4053 1329 4125 iudicantur,
1360 4071 1422 4112 ea
1452 4057 1679 4112 minime
1708 4058 1848 4112 mala
1869 4074 2011 4125 esse,
2037 4060 2131 4114 sed

549 4146 782 4204 honesta
807 4156 1024 4202 natura.
1067 4145 1211 4201 Nihil
1241 4149 1387 4203 enim
1423 4156 1617 4205 natura
1642 4152 1845 4205 malum
1877 4159 1995 4215 est;
2037 4152 2133 4208 sed

550 4239 623 4293 ab
644 4238 956 4295 hominibus
977 4238 1243 4294 duntaxat
1266 4255 1431 4311 prava
1455 4252 1769 4298 censentur.
1796 4243 1926 4309 Quae
1947 4244 1993 4298 si
2010 4242 2133 4314 quis

552 4330 738 4384 omnia
781 4329 835 4383 in
887 4331 990 4385 hac
1039 4346 1148 4386 una
1192 4332 1446 4402 prazsenti
1495 4333 1604 4387 vita
1652 4333 1962 4404 perfecerit,
2013 4335 2132 4407 ejus

2238 3144 2341 3209 Ὲίς
2365 3144 2519 3198 οὐδὲν
2552 3143 2661 3217 γὰρ
2681 3147 2813 3218 ἡμῖν
2841 3145 3174 3218 ὀμοιοῦνται,
3201 3148 3233 3222 ἢ
3266 3150 3427 3220 μόνον
3467 3151 3705 3222 ὀνόματι
3737 3171 3841 3206 κα-

2238 3233 2450 3288 λεῖσθαι
2480 3236 2856 3307 σεμνύνονται,
2883 3237 3032 3302 ὅπως
3056 3236 3143 3291 διά
3169 3237 3262 3291 τοῦ
3291 3237 3554 3310 ὀνόματος
3586 3240 3688 3294 τοῦ
3713 3243 3839 3294 ἐπι-

2232 3322 2483 3380 ’πλάστου
2525 3327 2594 3381 τὰ
2640 3328 2740 3399 τῆς
2775 3328 2983 3383 ἑαυτῶν
3027 3328 3226 3393 κακίας
3255 3329 3622 3402 ἐργάσωνται.
3671 3332 3750 3386 Τὸ
3786 3332 3845 3386 δὲ

2234 3420 2418 3489 κρῖμα
2466 3417 2674 3471 τούτων
2721 3418 2865 3473 κατά
2905 3420 2966 3473 τὸ
3007 3421 3391 3493 γεγραμμένον
3421 3421 3627 3476 ἔνδικόν
3666 3426 3842 3486 ἐστιν,

2230 3506 2316 3570 ’ὡς
2356 3508 2385 3561 ό
2430 3507 2584 3577 ἆγιος
2618 3509 2829 3574 Παῦλος
2874 3512 2902 3564 ό
2948 3511 3245 3576 ἀπόστολος
3284 3512 3423 3584 ἔφη’
3457 3512 3546 3566 διὰ
3592 3513 3711 3585 γὰρ
3742 3513 3841 3576 τάς

2240 3586 2630 3661 κακάςάύτῶν
2675 3598 2903 3667 πράξεις
2940 3600 3001 3653 τὸ
3041 3602 3393 3673 ἀνταπόδομα
3430 3603 3843 3675 ἀποδοθήσεται

2239 3688 2442 3751 αὐτοῖς.
2478 3688 2675 3751 Ἀδεῶς
2696 3688 2805 3761 γὰρ
2831 3690 2922 3744 τὸν
2956 3689 3082 3746 νοῦν
3108 3692 3289 3747 αὐτῶν
3315 3694 3395 3757 είς
3424 3691 3647 3765 οἶστρον
3680 3696 3840 3748 ἐκδε-

2237 3778 2506 3844 δωκότες,
2552 3779 2784 3833 πάθεσιν
2828 3780 3033 3852 ἡδονῶν
3080 3784 3289 3854 μυρίων
3331 3785 3557 3849 ἑαυτοὺς
3594 3787 3842 3858 παραδε-

2240 3871 2467 3927 δώκασι.
2502 3873 2640 3926 Φασὶ
2669 3873 2807 3946 γὰρ,
2844 3876 2925 3929 ὅτι
2969 3875 3069 3929 ὅσα
3111 3875 3389 3947 νομίζεται
3423 3875 3574 3947 παρά
3619 3877 3845 3950 ἀνθρὼ-

2240 3978 2364 4025 ποις
2389 3961 2539 4016 κακά
2568 3958 2731 4028 εἶναι,
2762 3965 2824 4017 οὐ
2860 3963 3006 4017 κακά
3036 3963 3294 4035 ὑπάρχει.
3319 3965 3452 4018 ἀλλὰ
3477 3964 3646 4035 φύσει
3672 3969 3842 4023 καλά.

2238 4053 2403 4108 Ούδέν
2441 4055 2551 4126 γάρ
2583 4056 2699 4108 ἐστι
2734 4055 2894 4125 φύσει
2929 4056 3097 4109 κακόν
3118 4071 3137 4086 ο
3173 4059 3288 4119 τοῖς
3318 4055 3375 4109 δέ
3402 4056 3726 4128 ἀνθρώποις
3754 4077 3843 4111 νο·

2240 4141 2453 4213 μίζεται
2482 4141 2622 4198 εἶναι
2643 4145 2843 4215 φαῦλα.
2875 4145 2985 4200 Καὶ
3008 4146 3179 4200 ταῦτα
3209 4147 3387 4201 πάντα
3413 4148 3505 4202 ἐάν
3530 4165 3622 4214 τις
3650 4151 3844 4223 πράξῃ

2236 4236 2296 4288 ἐν
2326 4238 2393 4308 τῇ
2427 4237 2524 4308 μιᾷ
2554 4237 2724 4311 ταύτῃ
2754 4240 3050 4312 παρουσίᾳ,
3075 4240 3260 4294 οὐκέτι
3302 4244 3842 4313 μετενσωματοῦται

2235 4327 2400 4381 αὑτοῦ
2428 4330 2460 4400 ή
2488 4329 2655 4401 ψυχὴ,
2699 4330 2780 4395 είς
2807 4332 2868 4385 τὸ
2898 4332 3059 4386 πάλιν
3091 4331 3663 4403 ἀντικαταόληθῆναι,
3707 4334 3843 4389 ἀ)Ωά

554 4419 737 4473 anima
767 4435 879 4475 non
926 4422 1165 4491 amplius
1207 4423 1263 4477 in
1310 4422 1673 4494 alia‘corpora
1709 4425 2133 4491 transfunditur,

2243 4418 2347 4473 ὑπὸ
2406 4420 2464 4474 ἐν
2488 4423 2767 4493 ποιήσασα
2822 4425 3002 4478 πᾶσαν
3068 4423 3311 4496 πρᾶξιν,
3376 4423 3847 4496 ἀπαλλαγήσεται

554 4508 690 4563 utin
713 4507 858 4563 hanc
884 4508 1061 4565 lucem
1087 4509 1267 4565 denuo
1290 4521 1642 4581 procreetur;
1671 4512 1767 4566 sed
1787 4512 1935 4566 omni
1963 4515 2134 4568 actio-

548 4610 684 4653 num
714 4614 914 4670 genere
939 4598 1248 4670 perfuncta,
1279 4598 1449 4654 libera
1473 4607 1637 4670 atque
1663 4601 1921 4656 immunis
1943 4601 2132 4657 absce-

551 4688 666 4755 det,
698 4704 822 4744 cum
852 4689 1059 4744 nullius
1084 4688 1263 4743 adhuc
1291 4690 1347 4743 in
1381 4689 1485 4745 hoc
1506 4690 1710 4745 mundo
1741 4691 1924 4747 debito
1960 4692 2130 4747 actio-

552 4780 641 4834 nis
672 4780 964 4850 obligetur.
1014 4778 1335 4849 Cujusmodi
1367 4766 1496 4836 vero
1522 4782 1791 4838 actionem
1829 4784 2131 4858 intelligant

552 4886 769 4927 rursum
801 4871 1077 4942 explicare
1101 4887 1311 4939 vereor,
1341 4888 1409 4928 ne
1435 4874 1581 4928 γυιιιι
1608 4887 1858 4946 opertum
1886 4884 2126 4944 caenum“,

540 4965 628 5020 ‘ita
670 4967 1070 5036 graveolentem
1104 4965 1247 5021 hanc
1285 4966 1531 5021 cloacam
1564 4968 1826 5038 aperiam,
1865 4985 1929 5023 ac
1955 4971 2126 5039 pesti-

550 5057 678 5114 fera:
717 5059 1003 5133 cujusdam
1039 5058 1404 5116 exhalationis
1446 5076 1510 5115 ac
1543 5060 1728 5115 fctoris
1778 5062 2125 5119 occasionem

656 5213 674 5244 ‘
704 5212 865 5269 Rom.
887 5230 923 5280 t,
951 5213 1043 5269 27.
1117 5216 1137 5245 ¹
1163 5213 1203 5267 Ρ
1206 5230 1290 5269 or.
1326 5214 1551 5278 πάντας.

620 5368 734 5439 (84,)
764 5368 899 5439 Elei
926 5369 995 5422 δὲ
1024 5370 1093 5439 ἐκ
1118 5369 1226 5425 τοῦ
1250 5370 1505 5428 Σατανᾶ.
1525 5371 1884 5430 Perditissimi
1907 5373 2126 5428 haereti-

544 5434 1022 5513 corumGnostici,
1048 5438 1430 5513 Gnosticorum
1450 5441 1863 5513 Carpocratiani
1878 5442 2121 5508 fuerunt,

546 5517 606 5565 ut
628 5507 723 5579 qui
738 5509 1069 5581 turpissima
1097 5526 1327 5581 quaeque
1344 5512 1546 5581 ﬂagitia
1562 5507 1969 5569 committentes
1987 5514 2122 5569 adeo

547 5578 1072 5655 nou’erubeseerent,
1091 5578 1321 5655 utetiam
1340 5578 1618 5652 glorianda
1642 5600 1705 5639 ac
1726 5600 1835 5655 pra:
1847 5599 1906 5639 se
1924 5584 2125 5639 haben-

544 5648 614 5723 da
648 5648 1079 5723 putarentaldeo
1115 5650 1201 5723 de;
1224 5648 1667 5723 Carpocratianis
1712 5648 2034 5709 nominatim
2067 5661 2119 5706 ct

545 5721 801 5784 tremens,
824 5730 875 5775 et
896 5720 1066 5778 Clem.
1090 5738 1148 5776 ιιι
1178 5720 1379 5778 Stroni.
1412 5732 1461 5779 et
1491 5723 1775 5792 Eusebius,
1803 5736 1856 5781 et
1883 5724 2117 5795 Epipha-

2239 4511 2688 4585 ἐλευθερωθεῖσα,
2724 4517 2817 4569 καὶ
2849 4516 3046 4588 μηκέτι
3079 4514 3430 4588 χρεωστοῦσά
3461 4532 3511 4568 τι
3543 4516 3670 4570 τῶν
3707 4516 3849 4588 πρὸς

2220 4602 2436 4673 ’πρᾶξιν
2470 4607 2527 4657 ἐν
2560 4605 2638 4677 τῷ
2666 4607 2876 4678 κόσμῳ.
2909 4607 3078 4661 Ποίαν
3126 4606 3183 4660 δὲ
3215 4607 3414 4679 πρᾶξιν
3444 4608 3658 4673 εἰπεῖν,
3696 4608 3851 4662 δέδια

2238 4696 2421 4761 πάλιν,
2457 4698 2532 4769 μὴ
2563 4698 2822 4771 βορϐόρου
2849 4701 3003 4773 δίκην
3031 4700 3447 4773 κεκαλυμμένον
3476 4700 3686 4771 ὀχετὸν
3710 4703 3850 4755 ἀπο-

2238 4780 2499 4857 καλύψω,
2549 4791 2641 4843 καί
2674 4808 2783 4845 τισι
2826 4791 2963 4858 δόξω
3001 4792 3301 4865 λοιμώδους
3331 4791 3640 4862 δυσοδμίας
3678 4794 3850 4862 ἐργά-

2236 4879 2426 4945 ξεσθαι
2452 4882 2551 4955 τὴν
2579 4884 2904 4958 ἐμφόρησιν.
2944 4886 3085 4939 Ἀλλ’
3113 4888 3262 4957 ὅμως
3284 4885 3596 4958 ἐπειδήπερ
3623 4886 3689 4953 ἐξ
3716 4886 3848 4957 ἁλη-

2222 4970 2385 5036 ’θείας
2433 4975 2771 5048 συνεχόμεθα
2804 4976 2875 5031 τὰ
2921 4978 3073 5049 ’παρὰ⁵
3108 4981 3220 5041 τοῖς
3265 4977 3662 5047 ὴπατημένοις
3708 4981 3845 5031 ἀπο-

2234 5064 2490 5136 καλύψαι,
2526 5068 2851 5140 σεμνότερον
2883 5073 3057 5126 είπεῖν
3089 5088 3170 5138 τε,
3198 5070 3292 5124 καὶ
3324 5068 3425 5139 τῆς
3449 5068 3737 5141 ἀληθείας
3772 5070 3844 5143 μὴ

2230 5375 2354 5430 nius
2384 5376 2586 5446 aliique
2627 5378 2903 5444 scribunt,
2948 5394 3217 5435 summam
3260 5380 3329 5435 ad
3374 5381 3704 5440 Christiani
3748 5401 3836 5443 no

2229 5447 2394 5527 minis
2421 5447 2798 5527 intamiamac
2829 5448 3261 5527 dedecu‘scos‘a
3287 5451 3510 5527 diabolo
3543 5471 3687 5527 esse.
3718 5471 3834 5527 ιιι-θη

2226 5514 2444 5589 ductos,
2492 5526 2549 5570 ut
2596 5518 2827 5589 gentiles
2861 5534 2987 5574 cum
3023 5519 3369 5576 Christianos
3412 5510 3693 5581 homines
3721 5510 3834 5589 rtat?

2226 5584 2475 5664 impuros
2507 5602 2569 5664 ac
2601 5584 2843 5664 nefarios
2872 5591 3159 5664 viderent,_
3179 5607 3209 5643 a
3241 5591 3569 5664 Christiana
3610 5584 3832 5664 profesi

2222 5646 2378 5738 sini-ie
2418 5657 2637 5738 penitus
2680 5659 3064 5738 abhorrerent.
3107 5646 3249 5716 Idem
3280 5671 3333 5717 et
3367 5661 3520 5718 Tert.
3577 5646 3829 5738 iligna]

2222 5733 2275 5777 et
2307 5724 2560 5782 Justinus
2588 5727 2951 5798 scripserunt.
3604 5762 3614 5769 -
3733 5724 3747 5738 ’
3784 5724 3811 5749 ³
