3946 6074
212 190 321 249 373

854 188 1221 248 ADVERSUS
1258 188 1598 247 HERESES
1635 189 1762 246 LIB.
1807 187 1849 243 l.
1890 180 2051 247 TOM.
2094 188 2231 247 IL—
2252 187 2524 247 ΒΑΣῐίΕᾶ
2566 188 2779 245 XXVII.

3374 197 3485 259 374

211 304 521 377 περιόντων
550 303 729 359 αὐτῶν
758 303 864 359 ὑπὸ
899 306 1107 379 Πέτρου
1140 306 1408 379 λαμδάνει
1428 308 1527 380 τὴν
1555 307 1797 379 χειροθε-

1906 306 2079 363 adhuc
2131 308 2521 379 superstitibus
2574 306 2848 379 impositis
2890 306 3145 365 manibus
3188 311 3479 382 episcopus

215 397 338 451 σίαν
357 395 460 467 τῆς
488 395 815 467 ἐπισκοπῆς,
866 397 959 450 καὶ
998 401 1474 471 παραιτησάμενος
1496 402 1655 473 ηργει
1688 400 1799 472 (λέ-

213 501 300 553 γει
324 483 433 554 γάρ
474 484 534 537 ἐν
587 485 687 555 μιᾷ
728 483 837 539 τῶν
874 486 1202 541 Ἐπιστολῶν
1231 489 1429 543 αὐτοῦ’
1475 488 1795 561 Ἀναχωρῶ,

210 574 441 642 ἄπειμι,
491 573 839 641 ἐνσταθήτω
885 578 919 630 ό
971 576 1122 643 λαὸς
1153 578 1260 633 τοῦ
1288 579 1437 635 Θεοῦ
1458 597 1472 610 °
1498 581 1613 634 τισὶ
1640 579 1799 634 τοῦτο

217 662 630 736 συμῦουλεύων,
657 663 889 737 εὕρομεν
920 664 1030 739 γάρ
1050 666 1106 720 ἐν
1124 684 1267 722 τισιν
1288 670 1800 743 ὑπομνηματισμοῖς

212 756 375 810 τοῦτο
420 756 757 827 ἐγκείμενον)
789 796 803 820 ,
848 758 966 828 ἤτοι
1023 758 1162 829 μετά
1203 762 1303 831 τὴν
1336 762 1445 815 τῶν
1487 763 1800 818 ἀποστόλων

212 846 465 917 διαδοχὴν
499 846 608 899 ὑπὸ
639 846 854 917 Κλήτου
881 846 977 900 τοῦ
1009 849 1311 904 ἐπισκόπου
1341 845 1498 916 οὗτος
1536 852 1800 908 καθίστα-

210 953 325 1001 ται,
375 937 438 989 οὐ
488 937 628 991 πάνυ
685 937 873 1006 σαφῶς
908 937 1084 1009 ἴσμεν.
1122 940 1275 1013 Πλὴν
1308 942 1445 997 ἀλλά
1491 944 1585 998 καὶ
1628 944 1801 1009 οὕτως

212 1025 448 1095 ἠδύνατο
481 1024 560 1078 ἔτι
593 1025 895 1096 περιόντων
934 1025 1046 1079 τῶν
1074 1027 1411 1097 ἀποστόλων,
1442 1033 1585 1105 φημὶ
1610 1033 1667 1087 δέ
1689 1034 1799 1089 τῶν

210 1115 347 1187 περὶ
391 1116 600 1186 Πέτρον
641 1115 736 1168 καὶ
764 1114 1011 1182 Παῦλον,
1058 1118 1390 1186 ἐπισκόπους
1423 1122 1616 1188 ἀλλους
1661 1124 1798 1179 καθ·-

214 1205 496 1269 ίστασθαι,
526 1206 613 1260 διὰ
657 1207 718 1260 τὸ
748 1208 875 1271 τοὺς
901 1209 1232 1275 ἀποστόλους
1271 1211 1531 1277 πολλάκις
1571 1215 1666 1268 ἐπὶ
1702 1215 1800 1281 τὰς

210 1298 380 1360 ἄλλας
416 1296 683 1369 πατρίδας
715 1297 813 1369 τὴν
869 1300 1096 1371 πορείαν
1142 1302 1453 1357 στέλλεσθαι
1483 1304 1570 1359 διὰ
1612 1307 1672 1360 τὸ
1700 1308 1800 1379 κή-

213 1404 405 1464 ρυγμα
418 1386 513 1440 τοῦ
533 1385 795 1459 Χριστοῦ,
818 1386 1169 1460 μὴδύνασθαι
1193 1390 1251 1444 δὲ
1267 1390 1363 1463 τὴν
1392 1392 1501 1447 τῶν
1515 1394 1799 1466 Ῥωμαίων

212 1480 370 1535 πόλιν
400 1480 530 1535 ἄνευ
566 1479 867 1533 ἐπισκόπου
904 1476 1065 1536 εἶναι.
1099 1482 1157 1535 '0
1192 1482 1291 1554 μὲν
1321 1484 1427 1556 γὰρ
1453 1486 1663 1550 Παῦλος
1704 1488 1799 1541 καὶ

210 1571 305 1625 ἐπὶ
351 1570 454 1641 τὴν
513 1567 787 1624 Ἱσπανίαν
821 1570 931 1641 (88)
958 1570 1296 1641 ἀφικνεῖται·
1326 1574 1529 1646 Πέτρος
1570 1575 1627 1628 δέ
1672 1576 1799 1630 πολ-

1901 413 1931 452 a
1964 396 2125 454 Petro
2152 406 2527 462 consecratus,
2560 413 2733 469 eaque
2774 396 3076 453 detrectata
3105 399 3386 469 provincia
3409 401 3479 471 ab

1898 487 2049 543 omni
2091 488 2565 545 administratione
2608 489 2884 543 vacaverit
2913 488 3011 559 (ita
3046 489 3193 544 enim
3256 488 3312 545 in
3342 474 3479 560 qua-

1900 578 2028 634 dam
2068 580 2312 651 Epistola
2349 581 2610 651 scripsit:
2648 578 2871 647 Recedo,
2896 596 3043 649 exeo,
3068 581 3224 637 instet
3254 581 3477 653 populus

1899 669 2018 737 Dei,
2050 671 2329 727 nonnullis
2356 671 2611 727 videlicet
2654 672 2758 728 hoc
2789 670 2953 728 modo
2985 674 3314 740 consulens;
3345 689 3473 728 nam

1900 762 1955 817 in
1975 760 2304 835 quibusdam
2324 761 2732 817 commentariis
2746 762 2817 816 ita
2834 762 3099 833 scriptum
3124 762 3474 832 reperimus),

1901 866 1970 907 an
2004 853 2185 923 potius
2217 852 2518 908 secundum
2547 852 2822 922 apostolos
2851 852 2918 908 ab
2942 854 3199 924 episeopo
3222 850 3376 907 Cleto
3403 850 3477 908 sit

1900 944 2261 1008 constitutus,
2295 942 2503 1013 liquido
2525 959 2636 998 non
2655 950 2889 999 constat.
2919 942 3243 1015 Quanquam
3268 944 3351 999 vel
3368 943 3473 997 hac

1900 1033 2118 1105 quidem
2138 1038 2349 1090 ratione
2370 1041 2623 1105 poterant
2644 1034 2953 1092 virentibus
2986 1034 3166 1089 adhuc
3188 1033 3471 1104 apostolis,

1900 1124 2061 1181 Petro
2086 1125 2297 1182 scilicet
2326 1141 2391 1181 ac
2410 1124 2579 1182 Paulo
2602 1127 2844 1198 episc0pi
2862 1126 2952 1181 alii
2983 1125 3298 1196 subrogari;
3326 1123 3473 1195 quod

1899 1215 2062 1272 iidem
2092 1216 2171 1271 illi
2200 1216 2525 1287 praedicandi
2546 1216 2821 1289 Evangelii
2855 1217 3025 1289 gratia
3055 1216 3110 1272 in
3139 1216 3275 1271 alias
3308 1215 3472 1273 urbes

1899 1307 2259 1377 regionesque
2284 1306 2680 1379 profectionem
2704 1306 3267 1377 susciperent,carere
3289 1312 3469 1360 autem

1898 1396 2157 1467 episcopo
2189 1396 2361 1453 Roma
2416 1412 2527 1453 non
2568 1404 2758 1468 posset
2788 1414 2799 1450 :
2828 1394 3099 1465 siquidem
3162 1392 3365 1448 Paulus
3415 1392 3471 1446 in

1900 1485 2218 1557 Hispaniam
2282 1488 2561 1559 pervenit;
2610 1487 2803 1542 Petrus
2847 1500 2976 1541 vero
3011 1484 3247 1539 Pontum
3279 1498 3345 1538 ac
3375 1482 3469 1537 Bi-

1900 1576 2141 1648 thyniam
2166 1591 2540 1647 smpenumero
2581 1576 2911 1647 peragravit.
2952 1573 3031 1627 Ac
3062 1571 3177 1627 ﬁeri
3211 1585 3343 1626 sane
3370 1584 3469 1639 pe-

211 1661 372 1724 λάκις
398 1660 601 1715 Πόντον
630 1677 689 1713 τε
713 1660 807 1714 καὶ
834 1659 1087 1717 Βιθυνίαν
1116 1641 1475 1734 ἐπεσκέψατο.
1514 1664 1797 1737 Ἐνεχώρει

1906 1641 2026 1730 luit,
2052 1674 2113 1721 ut
2139 1641 2374 1737 primum
2404 1641 2683 1721 Clemente
2718 1641 3063 1728 'constituto,
3082 1676 3205 1716 cum
3240 1661 3287 1715 is
3311 1660 3469 1716 deiu-

210 1753 268 1808 δέ
299 1752 442 1826 μετά
478 1752 541 1805 τδ
588 1750 996 1825 κατασταθῆναι
1025 1754 1341 1825 Κλήμεντά,
1386 1757 1478 1811 καὶ
1526 1758 1796 1829 παραιτή-

214 1845 416 1899 σασθαι
458 1844 594 1913 (εἴγε
643 1842 816 1908 οὕτως
864 1844 1112 1917 ἐπράχθη
1137 1862 1152 1876 ο
1181 1845 1499 1917 διανοοῦμαι
1538 1846 1665 1919 γὰρ,
1697 1848 1795 1919 οὐχ

209 1934 529 2008 ὁρίζομαι),
562 1933 788 2005 ὕστερον
816 1935 953 2006 μετά
980 1937 1042 1991 τὸ
1058 1938 1499 2009 τετελευτηκέναι
1525 1941 1682 1993 Αἶνον
1704 1942 1796 1994 καὶ

213 2024 432 2095 Κλῆτον
480 2023 983 2089 ἐπισκοπεύσαντας
1046 2026 1182 2098 πρὸς
1235 2026 1462 2081 δεκαδύο
1517 2027 1613 2101 ἐτη
1662 2028 1793 2101 (89),

213 2116 445 2171 ικαστον
474 2118 614 2190 μετὰ
644 2119 743 2188 τὴν
767 2116 862 2171 τοῦ
905 2116 1061 2187 ἁγίου
1098 2119 1306 2191 Πέτρου
1341 2120 1434 2174 καὶ
1462 2121 1675 2176 Παύλου
1703 2139 1795 2175 τε-

214 2208 433 2281 λευτὴν,
462 2207 562 2280 τὴν
589 2210 680 2262 ἐπὶ
705 2208 783 2280 τῷ
798 2209 1084 2280 δωδεκάτῳ
1103 2210 1213 2264 ἔτει
1242 2209 1352 2283 (90)
1374 2212 1624 2283 Νέρωνος
1650 2229 1797 2281 γενος

218 2301 410 2371 μένην,
470 2299 658 2353 τοῦτον
714 2296 870 2365 αὖθις
926 2302 1334 2373 ἀναγκασθῆναι
1363 2303 1460 2374 τὴν
1494 2305 1796 2376 ἐπισκοπὴν

216 2394 731 2462 κατασχεῖν.”ομως
762 2393 795 2463 ἡ
827 2391 936 2447 τῶν
964 2393 1021 2447 ἐν
1050 2392 1232 2464 Ῥώμη
1251 2394 1562 2448 ἐπισκόπων
1581 2395 1796 2468 διαδοχὴ

214 2482 425 2553 ταύτην
478 2482 592 2553 ἔχει
640 2483 739 2554 τὴν
795 2483 1113 2538 ἀκολουθίαν
1137 2500 1149 2514 ·
1196 2485 1402 2557 Πέτρος
1439 2487 1533 2539 καὶ
1565 2486 1794 2553 Παῦλος,

216 2575 375 2637 Δῖνος
402 2575 496 2627 καὶ
528 2574 760 2645 Κλῆτος,
785 2574 1036 2647 Κλήμης,
1062 2576 1391 2648 Εὐάρεστος,
1432 2576 1795 2649 Ἀλέξανδρος,

218 2660 444 2728 Ξύστος,
476 2662 829 2734 Τελέσφορος,
856 2665 1185 2737 Εὐάρεστος,
1222 2666 1451 2736 Ὑγῖνος,
1477 2668 1625 2735 Πῖος,
1660 2668 1801 2721 ’Δνί-

219 2770 407 2823 κητος,
442 2754 470 2806 ὁ
494 2752 605 2807 άνω
640 2756 698 2807 ἐν
728 2754 807 2825 τῷ
836 2756 1119 2827 καταλόγῳ
1154 2757 1645 2829 προδεδηλωμένοις.

290 2844 404 2896 Καὶ
438 2845 516 2915 μή
561 2862 646 2907 τις
692 2844 969 2918 θαυμάσῃ,
1006 2847 1087 2900 δτι
1117 2847 1324 2902 ἕκαστα
1354 2847 1527 2913 οὕτως
1556 2850 1800 2921 ἀκριϐῶς

1896 1766 2044 1829 geret
2074 1758 2141 1828 (si
2169 1759 2245 1811 ita
2258 1764 2445 1811 tamen
2474 1757 2725 1827 contigit,
2763 1753 2909 1825 quod
2940 1768 3043 1824 ego
3072 1749 3349 1829 opinando
3367 1764 3469 1820 po-

1896 1851 2003 1906 tius
2038 1865 2200 1922 quam
2254 1849 2621 1905 asseverando
2652 1845 2932 1917 dixerim),
2965 1852 3155 1915 postea
3185 1842 3321 1898 Lino
3347 1842 3470 1897 Cle-

1894 1951 2060 2011 toque
2110 1940 2364 2004 mortuis,
2395 1939 2488 2010 qui
2521 1954 2598 1993 xu
2629 1952 2897 1993 annorum
2942 1936 3121 2007 spatio
3157 1932 3468 2006 singulatim

1896 2032 2270 2102 episcopatum
2322 2032 2701 2097 obtinuerunt,
2740 2038 2864 2099 post
2896 2026 3270 2097 apostolorum
3325 2022 3471 2079 Petri

1897 2121 2160 2190 Paulique
2184 2135 2395 2185 necem,
2425 2135 2545 2190 quae
2579 2120 2634 2173 in
2678 2134 2881 2173 annum
2914 2116 3148 2172 Neronis
3173 2131 3245 2170 xu
3282 2115 3472 2170 incur-

1895 2213 1988 2275 rit,
2015 2220 2130 2265 tum
2159 2210 2376 2265 demum
2402 2210 2775 2281 pontiﬁcatum
2806 2222 3093 2279 capessere
3122 2196 3194 2261 sit
3224 2211 3466 2264 coactus.

1899 2302 2004 2357 Sed
2031 2311 2311 2372 utcunque
2333 2316 2454 2356 sese
2488 2316 2577 2356 res
2620 2298 2891 2365 habuerit,
2931 2298 3300 2353 Romanorum
3334 2309 3470 2364 pon-

1896 2392 2102 2447 tiﬁcum
2131 2392 2235 2447 ista
2261 2392 2538 2447 successio
2558 2398 2645 2446 est
2673 2409 2685 2444 :
2715 2389 2910 2446 Petrus
2942 2398 2996 2445 et
3036 2387 3262 2449 Paulus,
3298 2386 3469 2442 Linus

1899 2499 1963 2539 ac
1989 2483 2194 2549 Clctus,
2226 2484 2501 2551 Clemens,
2536 2483 2841 2547 Evaristus,
2884 2480 3210 2545 Alexander,
3238 2477 3467 2550 Xystus,

1898 2576 2285 2647 Telesphorus,
2342 2575 2646 2643 Evaristus,
2697 2574 2962 2647 Hyginus,
2999 2572 3151 2640 Pius,
3182 2572 3468 2635 Anicetus,

1898 2670 1992 2742 qui
2018 2677 2102 2725 est
2126 2686 2155 2724 a
2178 2685 2262 2726 me
2299 2669 2460 2740 paulo
2491 2679 2617 2725 ante
2653 2668 2707 2723 in
2741 2668 3124 2739 episcoporum
3152 2663 3344 2721 ordine
3375 2680 3472 2719 nu-

1899 2768 2162 2816 meratus.

1969 2851 2048 2906 Ac
2096 2851 2297 2905 nemini
2348 2866 2481 2907 sane
2530 2850 2729 2905 mirum
2784 2848 3059 2912 videatur,
3102 2862 3200 2903 cur
3256 2844 3471 2918 singula

220 2933 530 3005 διήλθομεν.
558 2935 657 2989 Διά
684 2936 811 3008 γὰρ
834 2938 1038 2991 τούτων
1072 2938 1159 2992 ἀεὶ
1199 2939 1261 2993 τὸ
1306 2940 1473 3009 σαφὲς
1503 2940 1798 2997 δείκνυται.

1906 2951 2053 2999 tanta
2087 2958 2213 2999 cum
2244 2942 2521 3013 diligentia
2575 2940 2966 3012 percurrerim.
3032 2936 3139 2994 Per
3176 2936 3291 2992 hac
3326 2935 3472 2990 enim

234 3025 325 3077 'Ev
376 3024 588 3095 χρόνοις
636 3025 832 3091 τοίνυν,
874 3025 949 3089 ὡς
1010 3025 1217 3098 ἔφημεν
1259 3028 1393 3100 (91),
1440 3029 1740 3102 Ἀνικήτου,
1768 3034 1801 3102 ἡ

222 3116 679 3187 προδεδηλωμένη
708 3118 1057 3187 Μαρκελλίνα
1078 3119 1137 3173 ἐν
1179 3119 1368 3192 Ῥώμῃ
1389 3122 1674 3195 γενομένη,
1702 3124 1803 3195 τὴν

222 3210 403 3282 λύμην
418 3210 518 3280 τῆς
534 3211 837 3281 Καρποκρᾶ
861 3210 1208 3274 διδασκαλίας
1226 3209 1552 3282 ἐξεμέσασα,
1577 3212 1804 3278 πολλοὺς

221 3300 336 3355 τῶν
363 3303 540 3353 ἐκεῖσε
568 3301 927 3371 λυμηναμένη
956 3302 1219 3372 ἠφάνισε·
1270 3303 1364 3356 καὶ
1396 3303 1545 3357 ἐνθεν
1578 3305 1804 3373 γέγονεν

224 3396 260 3464 ἡ
292 3392 439 3463 ἀρχὴ
468 3392 789 3445 Γνωστικῶν
822 3390 929 3445 τῶν
961 3392 1328 3463 καλουμένων.
1358 3394 1579 3465 Ἔχουσι
1621 3396 1677 3449 δὲ
1724 3400 1803 3451 εί-

226 3483 391 3546 κόνας
414 3481 799 3552 ἐνζωγράφους
814 3483 903 3536 διά
922 3483 1245 3555 χρωμάτων,
1266 3484 1412 3547 τινὲς
1438 3485 1576 3539 δὲέκ
1604 3486 1804 3559 χρυσοῦ

229 3577 325 3630 καὶ
383 3574 651 3646 ἀργύρου,
699 3575 793 3628 καὶ
821 3573 1023 3645 λοιπῆς
1048 3574 1199 3645 ὕλης,
1245 3575 1400 3643 ἅτινα
1437 3578 1809 3649 ἐκτυπώματά

230 3685 398 3738 φασιν
424 3663 562 3720 εἶναι
594 3667 687 3721 τοῦ
730 3668 904 3737 Ἰησοῦ
926 3683 939 3697 ’
980 3668 1075 3720 κα)⁵
1103 3667 1274 3721 ταῦτα
1314 3668 1418 3722 ὑπὸ
1453 3670 1676 3724 Ποντίου
1712 3672 1809 3725 Πι-

230 3762 392 3816 λάτου
416 3759 742 3830 γεγενῆσθαι
770 3758 837 3811 τά
876 3758 1244 3829 ἐκτυπὼματα
1275 3760 1368 3813 τοῦ
1404 3761 1565 3815 αὑτοῦ
1609 3762 1805 3834 Ἰησοῦ,

232 3851 321 3904 ὅτε
364 3851 618 3921 ἐνεδήμει
648 3848 726 3920 τῷ
762 3849 871 3902 τῶν
911 3849 1215 3921 ἀνθρώπων
1245 3852 1411 3921 γένει.
1464 3853 1717 3926 Κρύόδην
1751 3857 1811 3911 δέ

232 3943 332 4005 τὰς
357 3942 615 4004 τοιαύτας
648 3940 858 4011 ἔχουσιν
890 3942 1100 4006 εἰκόνας
1127 3959 1140 3972 ·
1174 3944 1269 3996 καὶ
1288 3942 1594 4013 φιλοσόφων
1625 3946 1807 4013 τινῶν,

234 4032 591 4104 Πυθαγόρου,
626 4033 720 4085 καὶ
764 4032 1073 4100 Πλάτωνος,
1112 4034 1207 4088 καὶ
1251 4035 1674 4107 Ἀριστοτέλους.
1717 4041 1811 4093 καὶ

234 4124 439 4177 λοιπῶν
459 4140 475 4155 ο
507 4122 627 4194 μεθ’
657 4116 732 4177 ὧν
774 4124 1077 4193 φιλοσόφων
1121 4125 1215 4178 καὶ
1248 4124 1412 4197 ἕτερα
1442 4126 1811 4199 ἐκτυπιίιματα

307 4239 421 4310 (88)
447 4239 521 4310 ,Ὀ
547 4237 665 4308 μὲν
689 4238 803 4309 γὰρ
827 4239 1067 4310 Ῑζαῦλος
1089 4241 1186 4294 καὶ
1209 4240 1306 4295 ἐπὶ
1331 4242 1446 4307 τὴν
1480 4242 1806 4299 Ἱσπανίαν.

1902 3042 2164 3108 perpetuo
2226 3042 2375 3089 certa
2445 3040 2811 3103 accurataque
2887 3030 3091 3087 veritas
3143 3027 3471 3084 ostenditur.

1903 3126 2269 3193 Quamobrem
2310 3124 2522 3179 Aniceti
2584 3131 2642 3177 ut
2685 3123 2892 3177 dictum
2925 3129 3009 3178 est
3037 3129 3299 3189 tempore,
3333 3118 3474 3173 Mar-

1903 3217 2097 3272 cellina
2124 3216 2285 3287 108
2312 3215 2404 3270 illa
2435 3212 2663 3268 Romam
2693 3213 2938 3279 veniens,
2958 3220 3011 3268 et
3034 3210 3477 3281 Carpocratianaa

1904 3311 2165 3365 doctrina:
2223 3307 2375 3363 virus
2432 3299 2713 3367 evomens,
2746 3304 2946 3358 multos
2989 3301 3099 3356 illic
3149 3314 3335 3355 errore
3374 3313 3477 3354 suo

1905 3401 2229 3471 depravatos
2250 3400 2305 3454 in
2338 3397 2564 3453 exitium
2594 3395 2845 3467 impulit;
2880 3393 3223 3463 indidemque
3256 3389 3517 3461 (Ξιιοειὶη,⁵
3580 3458 3629 3483 μ

1905 3508 2093 3547 corum
2123 3501 2249 3547 sunt
2274 3490 2509 3546 excitata
2552 3484 2870 3559 primordia.
2900 3483 3109 3540 Habent
3153 3497 3317 3554 porro
3340 3482 3477 3536 Car-

1907 3582 2211 3655 pocratiani
2259 3580 2504 3650 depictas
2561 3577 2836 3633 coloribus
2896 3573 3195 3645 imagines,
3254 3570 3476 3642 quidam

1907 3675 2071 3731 etiam
2111 3687 2306 3727 aureas
2352 3680 2447 3726 aut
2494 3676 2800 3741 argenteas,
2862 3660 2946 3722 vei
2993 3680 3063 3723 ex
3103 3664 3211 3720 alia
3248 3662 3477 3717 materia

1910 3767 2103 3827 factas,
2127 3778 2265 3834 quas
2285 3778 2405 3817 esse
2432 3760 2561 3817 Jesu
2589 3760 2789 3830 elligies
2819 3758 3089 3813 aﬂlrmant
3116 3779 3127 3811 :
3152 3755 3480 3823 easdemque

1909 3873 1942 3913 a
1976 3856 2173 3911 Pontio
2236 3852 2410 3907 Pilato
2444 3851 2513 3907 ad
2544 3850 2747 3905 Christi
2803 3845 3219 3903 similitudinem
3271 3845 3478 3900 eﬂictas

1910 3961 2019 4019 quo
2047 3954 2288 4015 tempore
2339 3945 2478 3999 inter
2507 3940 2757 3998 homines
2787 3937 3033 4019 degebat.
3065 3934 3173 3990 Sed
3210 3936 3479 4007 ejusmodi

1911 4018 2177 4109 imagines
2209 4036 2453 4093 occultas
2476 4034 2697 4100 habent,
2718 4049 2931 4090 necnon
2963 4018 3019 4090 et
3034 4030 3479 4102 philosOpborum

1912 4127 2293 4201 quorumdam,
2347 4136 2408 4183 ut
2447 4125 2790 4200 Pythagoraz,
2834 4123 3100 4189 Platonis,
3142 4120 3476 4186 Aristotelis,

1914 4241 2187 4315 πρόληψιν
2216 4247 2573 4315 usurparunt.
2602 4240 2785 4315 Quare
2819 4238 2955 4315 nihil
2993 4236 3064 4292 ab
3094 4236 3201 4315 i_lli_s
3224 4233 3481 4315 commis-

239 4304 711 4383 Quod'jacturum
760 4304 821 4365 se
868 4304 1131 4365 Romanis
1181 4304 1595 4368 denuntiaverat
1633 4312 1805 4383 (Rom.
1839 4320 1886 4377 D
1914 4304 2036 4369 sum
2056 4304 2089 4379 ς’
2108 4304 2199 4367 ἰιιὶ
2247 4304 2449 4367 nec'ab
2492 4304 2758 4383 Josepho.
2795 4309 2927 4378 qui,
2976 4308 3121 4378 quod
3165 4304 3477 4383 Iudaeorum

239 4397 328 4443 xv,
369 4380 485 4449 28).

311 4450 425 4520 (89)
463 4450 1060 4515 Ἑπισκοττεύσαντας
1076 4451 1226 4518 πρὸς
1246 4451 1503 4507 δεκαδύο
1526 4453 1653 4520 ἐτη.
1686 4452 1812 4508 Sin-

209 4571 226 4593 ,
243 4520 351 4589 guii
376 4521 660 4593 nimirum,
680 4534 803 4593 nam
829 4535 911 4593 ex,
928 4520 1145 4593 Eusebii
1171 4524 1432 4577 Chronico
1460 4524 1573 4578 hinc
1597 4533 1811 4577 mutua-

243 4599 330 4714 tus
357 4601 443 4713 est
475 4589 832 4661 Epiphanius,
863 4591 951 4646 ubi
986 4590 1122 4646 Lino
1149 4609 1223 4661 xi,
1258 4594 1412 4648 Cleto
1446 4609 1522 4648 xu
1553 4594 1681 4649 anni
1710 4593 1811 4649 tri-

285 4677 389 4714 uun
422 4676 507 4714 ur.

285 4668 507 4714 uuntur.

315 4730 427 4803 (g0)
474 4728 596 4803 Τῂν
608 4727 1059 4803 έπὶᾼδωόεκὰτω
1077 4730 1402 4803 ἔτει-Ροεεὶ
1430 4740 1558 4789 sunt
1577 4735 1809 4803 apostoli

247 4798 570 4874 L.'Fon_teio
598 4798 905 4874 Capitone.
939 4810 994 4855 et
1031 4800 1179 4874 Julio
1224 4801 1367 4856 Rufo
1412 4818 1557 4859 coss.
1608 4798 1809 4874 quibus

249 4884 392 4925 anno
420 4869 653 4924 Neronis
679 4885 775 4923 xm
812 4870 985 4933 ﬁnito,
1015 4873 1179 4933 cmpit
1210 4888 1300 4926 xiv
1327 4888 1391 4929 ex
1429 4883 1554 4930 ante
1574 4869 1717 4929 diem
1748 4890 1808 4929 ιιι

250 4936 365 4994 Eid.
398 4940 626 4994 Octobr.
654 4938 752 4992 Hic
782 4949 865 4995 est
898 4956 1075 4997 annus
1098 4936 1348 4997 Julianus
1373 4959 1662 5007 δειμαίνω
1685 4946 1811 4999 Dio-

252 5011 490 5079 nysianze
524 5023 715 5081 ιιινι-ι.
736 5010 1102 5075 Quamobrem
1134 5026 1244 5068 non
1274 5028 1418 5068 anno
1449 5029 1523 5069 xu
1553 5013 1806 5077 Neronis,

255 5088 309 5131 ut
352 5081 576 5150 scripsit
625 5079 983 5150 Epiphanius,
1037 5081 1132 5135 sed
1183 5098 1283 5137 xul
1332 5083 1550 5140 labente
1606 5086 1809 5139 mortui

252 5157 375 5203 sunt
404 5148 866 5225 apostoli."Quem
884 5151 1027 5225 dum-
1048 5150 1337 5225 Eusebius,
1369 5163 1424 5208 et
1446 5153 1808 5225 Hieronymus

253 5233 337 5293 xiv
356 5219 655 5293 appellant,
681 5219 897 5293 frustra
910 5222 971 5293 in
993 5220 1290 5278 Annalibus
1316 5219 1804 5293 reprehenduntur.

254 5286 455 5343 Etenim
492 5290 743 5363 plerique
772 5290 1207 5363 Christianorum
1248 5286 1577 5363 scriptorum
1629 5296 1807 5349 solent

254 5371 513 5433 annorum
541 5360 717 5433 initia
750 5374 783 5433 ᾳ
819 5375 986 5415 verno
1024 5360 1382 5431 Paschalique
1421 5380 1628 5428 mense,
1660 5365 1806 5433 quod

256 5428 773 5505 ecclesiasticianni
812 5438 977 5499 caput
1002 5440 1106 5493 est,
1140 5428 1460 5505 arcessere:
1488 5434 1549 5505 id
1592 5428 1738 5505 quod
1776 5450 1806 5488 a

261 5498 382 5567 viris
423 5499 659 5553 eruditis
690 5496 1041 5553 observatum
1082 5509 1187 5555 est.
1242 5502 1378 5556 Cum
1425 5496 1805 5567 igitur'annus

259 5561 482 5638 Neronis
516 5583 609 5621 xiv
640 5568 872 5636 coeperit
904 5568 1158 5623 Octobris
1192 5587 1243 5627 xl
1285 5572 1411 5626 anni
1441 5561 1640 5628 .iuliani
1668 5589 1801 5638 cxu,

262 5632 517 5695 Eusebius
539 5652 603 5694 ac
628 5632 824 5709 reliqui
844 5637 964 5709 ejus
988 5638 1198 5695 initium
1223 5658 1251 5696 ιι
1276 5657 1461 5701 mense
1483 5659 1647 5702 verno
1672 5632 1809 5702 κατά

1915 4373 2166 4440 historici
2198 4373 3045 4448 consueverant,"imperatorum
3077 4393 3140 4431 ac
3170 4373 3478 4448 principum

1913 4468 2109 4517 annos,
2145 4450 2363 4505 aNisan
2399 4444 2609 4519 saepius
2632 4444 2923 4504 inchoasse
2956 4444 3237 4519 creditur;
3259 4444 3477 4519 t_an_ietsi

1912 4513 2121 4592 aliquot
2154 4522 2223 4576 ab
2256 4522 2347 4575 illo
2372 4513 2655 4592 mensibus
2690 4516 3105 4592 iniissen_t.Qu_o
3134 4518 3225 4570 illa
3258 4513 3479 4567 Talmu-

1912 4586 2177 4647 disiarum
2235 4590 2421 4661 regula
2480 4591 2714 4661 pertinet
2762 4608 2776 4644 :
2830 4589 2922 4661 qui
2957 4586 3303 4661 inu'l‘raCtatu
3334 4593 3477 4661 pm

1909 4673 2085 4727 unum,
2125 4677 2244 4731 cap.
2278 4654 2329 4722 ιῖ
2374 4654 2539 4715 ΐοΙ.’5
2577 4661 2807 4731 docent,
2851 4654 3475 4731 Israelitarumquidem

1909 4726 2099 4803 regum
2154 4726 2328 4786 annos
2375 4732 2444 4785 ab
2486 4730 2840 4803 antecedente
2866 4728 3035 4803 Nisan
3070 4726 3239 4803 ordiri
3240 4744 3278 4803 _;
3323 4731 3479 4803 exte-

1910 4793 2099 4858 rarum
2151 4817 2283 4858 vero
2324 4803 2655 4872 principum,
2699 4815 2729 4872 τι
2779 4799 2946 4855 Tisri.
2989 4795 3309 4872 ριιοιιμςςιῐὶἐ
3334 4793 3472 4850 lssa-
3510 4795 3519 4809 '

1911 4874 2044 4927 char
2080 4872 2195 4945 ben
2233 4866 2541 4927 Mordechzii
2586 4866 2647 4945 in
2688 4870 2947 4945 Computa
2981 4868 3229 4945 tradidit.
3269 4866 3476 4945 Quamn-

1910 4945 2100 4999 obrem
2154 4944 2200 4997 si
2255 4945 2379 5012 quis
2411 4941 2642 5009 exempli
2684 4954 2852 4994 causa
2899 4940 3089 5012 ultimo
3129 4938 3219 4992 die
3268 4938 3476 5012 men_sis

1910 5014 2054 5069 Adar
2095 5005 2321 5079 regnum
2354 5005 2639 5078 capessat,
2688 5009 2938 5079 sequenti
2992 5006 3161 5062 Nisan
3198 5005 3475 5060 secundus

1910 5083 2125 5151 imperii
2161 5078 2313 5137 illius
2350 5096 2526 5135 annus
2552 5159 2555 5160 ν
2578 5078 2972 5160 numerabitur.
3014 5085 3130 5160 pr”
3163 5081 3477 5160 Inﬂant):

1909 5144 2026 5212 πλη)
2052 5161 2192 5239 ’ὶὉέ
2225 5161 2345 5239 orm.”
2377 5159 2664 5239 ηερ]τὲ
2687 5144 3475 5239 _9i€‘_"_'3:'}".£"s:3:‘2‘11:0

1910 5240 2049 5297 οιιιιο
2083 5214 2392 5291 'reputamr.
2416 5219 2574 5285 Quod
2599 5221 2646 5274 si
2681 5220 2804 5290 quis
2836 5219 3014 5289 primo
3045 5214 3133 5297 die
3162 5214 3331 5297 Nisab
3363 5228 3476 5270 cm-

1908 5294 2073 5363 perit,
2108 5288 2215 5347 non
2246 5301 2373 5348 ante
2409 5288 2711 5347 vertentem
2740 5288 2945 5344 annum
2982 5288 3192 5360 primus
3223 5288 3347 5356 ejus
3371 5300 3475 5338 an-

1908 5380 2014 5418 nus
2042 5365 2379 5418 censebitur.

1981 5433 2094 5506 (9i)
2140 5435 2241 5487 ‘Er
2266 5434 2505 5501 χρόνοις
2528 5428 2853 5506 τοίνυν-,ὡς
2894 5424 3248 5506 ἔφημεν.-ξῇ
3272 5424 3477 5506 ιι-ειιξξο

1909 5493 2019 5630 ltath
2046 5493 2181 5568 hinc,
2209 5493 2371 5574 quam
2394 5493 2678 5573 sequentia
2708 5493 3121 5557 mutuatus'est.
3151 5495 3284 5552 Vide
3309 5510 3359 5550 c.
3382 5493 3474 5557 2t,

1931 5592 1943 5629 ι
1989 5615 2000 5629 .
2032 5590 2069 5630 ι.

1931 5590 2000 5630 ID.
2032 5590 2069 5631 Ι.
