3946 6074
179 203 280 260 377
790 207 1164 265 ADVERSUS
1206 208 1549 265 IIASRESES
1587 211 1714 266 LIB.
1758 213 1794 267 1.
1841 214 2005 271 TUM.
2049 217 2113 272 Il.
2138 247 2201 260 -—
2229 217 2502 277 IIIERES.
2543 221 2781 279 XXVIII.
3349 230 3457 289 378

184 324 346 395 μέρος
372 341 430 378 τι
454 325 554 380 τ.ὗ
577 322 740 398 ἔργου
774 324 1027 391 σώζεται,
1048 324 1233 379 οὐκέτι
1260 327 1322 380 τὸ
1351 326 1510 398 ἔργον
1542 327 1758 396 φαῦλον,

1870 348 1992 387 rum
2028 348 2210 389 causa:
2238 342 2387 400 sunt,
2424 351 2616 408 poenas
2645 340 2849 411 expeti,
2886 341 3214 414 intimasque
3252 345 3458 402 medio-

184 415 278 469 κᾶν
326 432 388 469 τε
446 416 615 489 μέρος
664 417 829 471 αύτοῦ
858 418 1162 488 σωζόμενον
1201 419 1530 490 εὑρίσκοιτο,
1570 419 1692 474 οὔτε
1722 424 1758 474 oi

1879 426 2064 481 cribus
2100 429 2373 498 superatis
2427 430 2492 484 ad
2538 446 2852 501 supremum
2901 435 3146 489 omnium
3178 443 3455 491 auctorem

184 508 513 578 ποιήσαντες
544 509 741 578 φαῦλοι
788 509 880 563 τὸν
925 510 1233 582 σωζόμενον
1255 513 1670 584 τεχνησάμενοι.
1708 515 1758 567 Ei

1878 520 2116 583 evolare,
2168 534 2233 574 ac
2265 521 2573 575 libertatem
2621 524 2924 594 consequi;
2960 524 3063 579 hoc
3096 538 3180 581 est
3213 527 3455 593 animas,

184 600 234 653 δὲ
257 601 399 664 ὅλως
434 602 496 668 ἐξ
534 601 786 671 ἀγγέλων
825 603 859 673 ἡ
903 602 1072 674 ψυχὴ,
1133 603 1230 659 καὶ
1256 604 1464 658 ἄνωθεν
1506 604 1758 676 λαμϐάνει

1877 626 2004 681 quae
2025 612 2078 665 in
2119 611 2221 666 hac
2258 626 2441 667 rerum
2492 612 2839 668 conditarum
2876 600 3236 672 universitate
3279 617 3459 672 conti-

181 692 410 762 δύναμιν
441 694 789 765 παραχθεῐσα
811 712 826 726 ·
849 694 959 767 ἄρα
995 711 1060 764 γε
1082 696 1133 749 οἱ
1155 696 1378 765 ἄγγελοι
1409 697 1571 751 πλέον
1599 715 1758 768 σωτη-

1873 711 2093 758 nentur.
2125 702 2489 769 Quamobrem
2537 719 2829 773 supremus
2876 708 2987 769 ille,
3018 708 3109 778 qui
3137 724 3231 764 eas
3267 722 3460 765 crearo

181 785 303 856 ρίας
332 783 641 851 τεύξονται,
692 786 776 840 ὃτι
819 788 853 856 ἡ
888 786 984 839 ἀπ’
1016 786 1198 841 αὐτῶν
1220 786 1367 858 ψυχὴ
1398 785 1650 853 σώζεται,
1677 789 1772 843 καὶ

181 871 400 939 φαύλων
429 868 588 927 οὖσα.
626 872 949 945 Σωζομένης
982 875 1039 929 δὲ
1079 876 1274 946 αὐτῆς,
1323 878 1507 931 οὐκέτι
1566 878 1769 947 φαῦλος

181 962 301 1016 οὔτε
367 964 507 1037 αὐτὴ
541 967 576 1037 ὴ
603 964 751 1037 ψυχὴ
798 968 832 1037 ὴ
881 966 1147 1038 γενομένη
1195 968 1300 1022 ὑπὸ
1346 968 1455 1023 τῶν
1495 970 1765 1039 ἀγγέλων,

179 1052 301 1106 οὔτε
336 1056 388 1109 οἱ
422 1054 666 1125 ἄγγελοι,
692 1056 752 1123 ἑξ
777 1050 852 1110 ὧν
883 1056 1022 1129 αὐτὴ
1053 1060 1085 1130 ἡ
1115 1057 1263 1130 ψυχὴ
1295 1060 1548 1132 ὑπάρχει.

1873 791 2201 860 nequiverit,
2254 791 2648 848 imbecillitatis
2688 805 2969 866 arguetur.
2997 797 3148 865 Quos
3189 800 3305 870 ipse
3324 813 3460 855 vero

1871 883 2214 952 produverit,
2243 884 2511 953 ejusmodi
2535 901 2659 941 esse
2681 887 3035 956 videbuntur,
3056 891 3149 961 qui
3180 907 3243 947 ea
3275 891 3458 949 facere

1871 973 2108 1041 possint,
2135 989 2257 1045 quae
2282 975 2365 1030 vel
2396 975 2487 1031 ille
2514 977 2769 1044 noluerit,
2799 980 2883 1033 vel
2915 990 2973 1034 ut
3003 981 3241 1036 maxime
3268 981 3453 1050 vellet,

1872 1061 2053 1119 facere
2112 1063 2262 1118 nullo
2313 1065 2472 1122 modo
2501 1069 2759 1137 potuerit.
2813 1067 3002 1139 Neque
3043 1071 3187 1125 enim
3220 1086 3454 1140 quorum

180 1146 268 1200 ille
316 1146 598 1203 desiderio
650 1156 888 1215 tenetur,
918 1165 983 1207 ea
1021 1151 1127 1221 ipsi
1163 1153 1305 1206 mala
1343 1167 1470 1209 esse
1503 1161 1757 1224 possunt,
1797 1156 1881 1210 vel
1915 1171 1945 1210 a
1981 1156 2140 1211 malis
2169 1156 2455 1227 producta,
2483 1175 2607 1213 nam
2633 1160 2678 1216 si
2708 1161 2849 1215 mala
2891 1170 3050 1226 sunt,
3098 1163 3275 1233 perire
3331 1162 3455 1218 fun-

179 1241 327 1298 ditus
359 1244 627 1314 oportuit.
656 1244 752 1299 Sin
777 1260 903 1315 pars
928 1254 1014 1301 est
1036 1247 1217 1316 operis
1247 1249 1430 1318 aliqua
1466 1248 1757 1315 servanda,
1798 1250 2002 1304 malum
2035 1250 2212 1321 ipsum
2251 1267 2374 1308 esse
2402 1268 2510 1307 non
2542 1262 2742 1324 potest,
2779 1256 2826 1310 si
2880 1257 2966 1311 vel
2997 1255 3119 1326 ejus
3161 1256 3269 1310 ulla
3326 1266 3454 1326 pars

179 1334 329 1387 salva
363 1334 636 1404 reperitur
668 1354 682 1390 :
713 1350 890 1406 neque
917 1337 1134 1407 ipsimet
1164 1340 1404 1395 artifices
1436 1340 1566 1394 mali
1595 1349 1741 1405 sunt,
1764 1343 1879 1412 .qui
1900 1358 2024 1397 eum
2046 1343 2139 1413 qui
2172 1345 2476 1401 servandus
2508 1353 2591 1401 est
2624 1344 2827 1401 fuerint
2867 1347 3138 1403 fabricati.
3167 1345 3286 1401 Iam
3316 1347 3362 1401 si
3386 1347 3454 1401 ab

180 1425 393 1496 angelis
418 1427 644 1482 omnino
699 1435 994 1498 propagata
1049 1431 1121 1484 sit
1161 1430 1365 1497 anima,
1404 1440 1569 1501 atque
1613 1432 1667 1485 in
1695 1432 1871 1487 lucem
1910 1434 2174 1503 producta
2221 1435 2327 1489 vim
2358 1436 2649 1506 quamdam
2681 1437 2901 1493 caelitus
2936 1439 3226 1509 acceperit,
3281 1438 3454 1490 multo

179 1517 352 1589 igitur
404 1520 579 1590 magis
628 1520 861 1576 salutem
916 1521 1245 1576 obtinebunt
1298 1524 1499 1596 angeli,
1525 1539 1649 1578 cum
1697 1525 1767 1581 ab
1804 1524 1939 1595 ipsis
1972 1527 2156 1581 anima
2214 1528 2379 1582 etiam
2420 1529 2579 1585 malis
2645 1542 2934 1600 procreata
2985 1542 3259 1601 servetur,
3292 1530 3456 1585 Deni-

178 1625 288 1683 que
315 1610 363 1667 si
387 1612 538 1669 salva
567 1626 692 1667 esse
712 1610 886 1682 possit
906 1611 1111 1678 anima,
1140 1628 1321 1684 neque
1349 1617 1466 1685 ipsa
1486 1615 1629 1670 mala
1675 1616 1781 1670 erit
1818 1617 1888 1671 ab
1945 1617 2154 1688 angelis
2186 1618 2494 1688 producta;
2536 1635 2714 1691 neque
2757 1623 2957 1693 angeli,
3018 1638 3048 1677 a
3096 1622 3295 1694 quibus
3340 1621 3454 1679 hmo

178 1720 360 1766 ortum
402 1706 679 1762 habuerit.
1337 1730 1351 1741 -
3312 1714 3319 1721 -

248 1806 332 1859 Η’.
374 1805 550 1856 Παντὶ
582 1803 638 1855 δὲ
663 1801 740 1873 τῷ
771 1801 861 1855 τὸν
893 1801 1017 1856 νοῦν
1046 1804 1357 1876 ἐρρωμένον
1388 1806 1565 1878 ἔχοντι
1591 1806 1758 1861 ἰστέον

1947 1796 2083 1854 VIII.
2117 1798 2195 1854 Ac
2259 1799 2575 1871 quicunque
2625 1801 2782 1858 firmo
2814 1812 2867 1859 et
2913 1806 3186 1861 constanti
3236 1807 3455 1879 ingenio

181 1898 246 1951 ἂν
279 1896 390 1967 εἴη,
417 1897 498 1950 ὅτι
535 1895 720 1959 ἆνοίας
753 1895 870 1949 ἐστὶ
910 1896 971 1949 τὸ
1005 1899 1112 1951 πᾶν
1144 1898 1300 1952 τοῦτο
1329 1899 1639 1971 ἀγυρτῶδες
1673 1902 1764 1971 έρ-

179 1992 495 2059 γαστήριον.
544 1987 1118 2060 Καταισχυνθήσονται
1161 1989 1219 2043 δὲ
1274 1986 1428 2055 αὖθις
1475 1986 1618 2046 οὗτοι
1670 1991 1765 2046 καὶ

177 2080 283 2133 ἀπὸ
334 2079 445 2132 τῶν
492 2077 669 2132 αὐτῶν
716 2077 913 2148 λόγων.
968 2080 1032 2134 Εί
1082 2081 1189 2153 γὰρ
1230 2079 1437 2153 Ἰησοῦς
1492 2083 1592 2136 οὐκ
1656 2083 1766 2137 ἀπὸ

178 2171 449 2244 παρθένου
497 2170 739 2243 Μαρίας,
787 2171 923 2225 ἀλλὰ
968 2172 1034 2224 ὲκ
1085 2172 1395 2243 σπέρματος
1432 2173 1630 2245 Ἰωσὴφ
1670 2173 1765 2228 καὶ

176 2265 271 2337 τῆς
300 2264 474 2336 αὐτῆς
513 2263 751 2336 Μαρίας,
786 2262 1019 2328 σώζεται
1055 2263 1112 2316 δὲ
1149 2256 1334 2327 οὗτος·
1381 2264 1489 2336 ἄρα
1534 2266 1629 2319 καὶ
1663 2266 1765 2319 αύ-

176 2359 269 2410 tot
304 2356 643 2428 σωθήσονται
688 2357 737 2409 ot
782 2353 970 2409 τοῦτον
1015 2356 1426 2427 γεγεννηκότες.
1474 2357 1585 2410 Καὶ
1634 2358 1682 2410 εἰ
1727 2358 1762 2429 ἡ

176 2447 366 2518 Μαρία
393 2448 488 2501 καὶ¹
532 2447 731 2519 Ἰωσὴφ
765 2447 872 2502 ἀπὸ
903 2445 997 2499 τοῦ
1030 2448 1373 2519 Δημιουργοῦ
1406 2448 1759 2522 ὑπάρχουσιν,

177 2539 281 2610 ἄρα
319 2539 414 2593 τὸν
450 2538 793 2610 Δημιουργδν
824 2539 1048 2611 κτίστην
1087 2540 1314 2610 ἔφασαν,
1354 2540 1448 2594 καὶ
1489 2540 1671 2593 οὐκέτι
1704 2542 1761 2594 έν

179 2632 518 2703 ὑστερήματι
578 2628 731 2684 ἔσται
781 2633 810 2684 6
864 2630 955 2685 τὸν
1000 2631 1197 2703 Ἰωσὴφ
1248 2631 1341 2684 καὶ
1387 2631 1762 2703 τὴνεΜαρίαν

178 2722 408 2791 ποιήσας
442 2718 501 2786 ἐξ
535 2713 611 2773 ὧν
652 2721 681 2775 6
730 2719 937 2792 Ἰησοῦς
984 2721 1136 2792 παρὰ
1178 2720 1272 2774 τοῦ
1315 2720 1429 2775 ἄνω
1480 2722 1759 2791 ἀγνώστου

181 2813 388 2883 [ἰατρὸς
422 2811 679 2883 ὑπάρχει.
711 2812 774 2865 Εἰ
808 2811 865 2865 δὲ
892 2812 989 2865 καὶ
1030 2812 1193 2875 αὐτὸς
1224 2813 1253 2864 6
1291 2811 1498 2883 Ἰησοῦς
1522 2813 1629 2867 ἀπὸ
1652 2814 1761 2867 τῶν

179 2902 423 2972 ἀγγέλων
454 2900 591 2965 ἐστὶ,
617 2902 713 2955 κα)⁸
742 2903 771 2955 6
807 2886 1136 2974 δημιουργὸς
1179 2896 1259 2967 εἷς
1299 2904 1411 2955 ἐστι
1461 2903 1569 2957 τῶν
1597 2903 1761 2974 ἀγγέ-

178 3004 304 3049 λων⁵
344 2996 453 3068 ἄρα
478 3011 544 3064 γε
575 2995 887 3066 ἀτοπήματι
925 2993 1002 3066 τῷ
1042 2995 1123 3048 ἐνὶ
1155 2996 1357 3060 πάντες
1400 2996 1759 3067 περιπεσών-

130 3118 137 3126 »
177 3104 280 3151 ται,
308 3087 486 3158 ὁποίῳ
513 3087 607 3140 καὶ
637 3086 687 3139 ot
718 3085 937 3156 ἄγγελοι
968 3086 1421 3158 περιπεπτώκασι
1446 3106 1461 3121 ο
1493 3088 1587 3141 καὶ
1629 3087 1761 3142 ἀσύ-

1867 1892 2134 1964 ρτωιιίιιιε
2190 1900 2294 1960 est,
2355 1894 2656 1966 intelligere
2708 1895 2855 1951 istud
2894 1895 3073 1962 debet,
3134 1899 3271 1954 nihil
3332 1918 3456 1958 esse

1868 1991 1977 2039 tota
2015 1984 2120 2039 hac
2163 1983 2556 2039 circulatorum
2590 1985 2805 2042 ofﬁcina
2853 1989 3101 2045 stultius.
3149 1993 3297 2057 Quos
3327 1994 3455 2064 qui-

1866 2075 1990 2129 dem
2027 2073 2145 2130 suis
2201 2074 2446 2146 ipsorum
2496 2078 2679 2134 verbis
2723 2078 3088 2149 ignominiose
3130 2085 3457 2143 convincere

1870 2167 1975 2220 hoc
2010 2167 2171 2221 modo
2194 2181 2512 2237 possumus.
2547 2166 2759 2223 Etenim
2791 2170 2838 2225 si
2866 2167 3029 2226 Iesus
3058 2171 3313 2230 Christus
3343 2192 3454 2232 non

1864 2257 1931 2313 de
1979 2257 2189 2329 virgine
2244 2257 2413 2313 Maria
2466 2267 2649 2325 natus,
2687 2260 2785 2315 sed
2828 2260 2896 2317 de
2945 2260 3171 2334 Iosephi
3217 2268 3450 2332 semine,

1864 2349 2168 2420 eademque
2202 2347 2373 2405 Maria
2416 2361 2748 2422 pr0pagatus
2772 2359 2879 2417 est,
2914 2364 2968 2407 et
3003 2354 3049 2409 is
3079 2356 3309 2410 salutem
3335 2357 3454 2412 adi-

1863 2442 2115 2513 piscitur,
2155 2442 2322 2497 etiam
2376 2443 2499 2498 illos
2524 2443 2617 2514 qui
2640 2444 2816 2513 ipsum
2858 2447 3147 2513 genuerint
3176 2462 3299 2502 esse
3343 2447 3453 2502 sal-

1865 2550 1960 2589 vos
1989 2541 2228 2604 oportet.
2260 2533 2363 2601 Qui
2389 2534 2434 2590 si
2478 2550 2509 2588 a
2549 2550 2765 2591 summo
2794 2537 2889 2591 illo
2921 2538 3118 2608 opitice
3148 2538 3275 2594 facti
3299 2547 3449 2606 sunt,

1863 2640 1995 2681 sane
2028 2627 2173 2681 hunc
2219 2642 2341 2682 esse
2378 2627 2692 2682 Creatorem
2728 2628 2871 2683 inter
2895 2630 3019 2685 illos
3050 2633 3329 2695 convenit,
3354 2650 3451 2689 ne-

1861 2731 1968 2786 que
2008 2718 2101 2787 qui
2153 2715 2449 2787 Iosephum
2514 2716 2851 2790 Mariamque
2930 2722 3172 2777 condidit
3214 2724 3450 2781 defectui

1862 2806 2099 2876 amplius
2139 2807 2468 2874 ascribetur,
2513 2796 2673 2879 Ῑιο
2693 2811 2937 2879 aquibus
2965 2810 3126 2869 Iesus
3155 2823 3310 2871 ortus
3340 2826 3447 2881 est,

1861 2899 1957 2969 qui
1992 2898 2060 2953 ab
2086 2901 2271 2971 ignoto
2334 2899 2429 2954 illo
2461 2899 2697 2957 Parente
2728 2904 3008 2974 profectus
3036 2905 3255 2964 est.Sin
3288 2906 3450 2965 Iesus

1863 2989 2027 3043 etiam
2057 2990 2126 3045 ab
2159 2991 2370 3061 angelis
2398 3000 2618 3048 creatus
2647 3002 2752 3056 est,
2782 3003 2937 3052 etest
2964 2998 3277 3067 angelorum
3305 3015 3450 3056 unus

1862 3081 2044 3152 opifex
2072 3082 2207 3152 ipse,
2240 3083 2485 3137 inunum
2515 3093 2570 3138 et
2602 3085 2744 3140 idem
2777 3088 3078 3146 absurdum
3110 3091 3281 3147 relabi
3324 3093 3451 3147 uni-

177 3197 365 3235 στατον
411 3178 497 3250 εἴη
532 3177 600 3232 ἂν
640 3178 702 3231 τὸ
731 3179 861 3248 παρ’
899 3178 1078 3231 αὐτῶν
1118 3178 1609 3251 δραματούργημα,
1667 3179 1758 3250 δη-

1864 3187 2052 3228 versos
2076 3187 2300 3257 necesse
2326 3182 2445 3238 est;
2479 3174 2532 3229 in
2560 3177 2707 3247 quod
2733 3188 2785 3233 et
2809 3181 2985 3250 angeli
3017 3183 3235 3252 ipsimet
3259 3186 3450 3239 incur-

175 3272 430 3344 λητηρίου
475 3271 750 3344 ἔμπλεων,
803 3272 897 3325 καὶ
944 3271 1126 3343 πάσης
1173 3271 1361 3335 ίὼδους
1413 3272 1761 3338 διδασκαλίας

179 3362 618 3435 μεμεστωμένον.
667 3361 885 3433 Ταύτην
935 3361 990 3415 δὲ
1029 3357 1185 3426 αὖθις
1217 3361 1392 3415 ὀπίσω
1443 3361 1758 3433 τρέψαντες,

176 3455 356 3528 ὥσπερ
410 3454 706 3527 δράκοντος
751 3452 992 3524 κεφαλὴν
1036 3452 1181 3524 ξύλῳ
1236 3456 1339 3525 τῆς
1390 3454 1627 3518 πίστεως
1668 3455 1763 3508 καὶ

175 3550 267 3619 τῆς
287 3549 551 3623 ἀληθείας
579 3549 674 3603 ἐπὶ
698 3548 802 3619 γῆς
825 3547 1188 3619 λακήσαντες,
1217 3549 1337 3611 ταῖς
1366 3546 1552 3611 ἄλλαις
1584 3546 1763 3619 θηριο-

180 3643 401 3715 μόρφοις
445 3640 929 3714 προσπελάσαντες
951 3681 967 3704 ,
1024 3641 1112 3693 ἐπ’
1154 3639 1363 3713 ὀλέθρῳ
1412 3638 1615 3693 τούτων
1668 3640 1761 3693 καὶ

174 3734 276 3788 τῶν
306 3733 569 3789 τοιούτων
601 3731 955 3806 βαδιούμεθα.

596 3941 788 3995 ΚΑΤΑ
825 3941 1331 4009 ΚΗΡΙΝΘΙΑΝΩΝ,

672 4054 833 4108 Ἤτοι
859 4054 1269 4126 Μηρινθιανῶν,

493 4166 722 4237 Ὀγδόη,
759 4167 799 4235 ἡ
829 4166 931 4223 καὶ
960 4166 1208 4236 είκοστὴ
1234 4166 1438 4238 ὀγδόη.

238 4282 313 4336 A'.
345 4278 615 4353 Κήρινθος
644 4276 701 4331 δὲ
730 4274 905 4346 αὖθις,
939 4279 1040 4350 ,ἀφ’
1092 4271 1264 4351 οὗπερ
1312 4281 1360 4334 οἱ
1404 4277 1758 4350 Κηρινθιανοὶ

170 4368 468 4443 λεγόμενοι,
508 4370 619 4424 ἀπὸ
666 4368 869 4440 ταύτης
912 4369 1013 4441 τῆς
1055 4368 1354 4441 θηριώδους
1413 4370 1621 4441 σπορᾶς
1663 4369 1757 4423 τὸν

174 4463 250 4515 ἰὸν
274 4462 350 4534 τῷ
388 4462 580 4534 κόσμῳ
620 4461 803 4532 φέρων
848 4460 993 4531 ἥκει.
1040 4460 1232 4531 Σχεδὸν
1268 4460 1325 4514 δὲ
1367 4460 1519 4514 οὐδὲν
1568 4458 1754 4530 ἕτερον

1854 3254 2076 3317 ’τετυηι
2129 3254 2317 3333 Neque
2350 3263 2566 3319 illorum
2607 3265 2791 3321 fabula
2818 3270 3114 3335 constabit,
3152 3272 3328 3327 letalis
3351 3289 3451 3327 cu-

1858 3353 2080 3424 jusdam
2116 3355 2339 3421 veneni,
2367 3368 2431 3409 ac
2466 3354 2738 3426 pestiferae
2772 3357 3039 3414 doctrina:
3081 3359 3304 3416 referta.
3337 3361 3448 3418 Sed

1861 3465 1985 3514 nos,
2016 3451 2298 3523 proﬂigata
2348 3453 2450 3507 hac
2484 3454 2697 3521 haeresi,
2726 3464 2781 3510 et
2818 3455 2875 3510 in
2927 3454 3108 3528 fugam
3159 3472 3447 3522 conversa,

1863 3544 2088 3613 perinde
2125 3560 2189 3599 ac
2219 3545 2493 3615 serpentis
2524 3547 2701 3617 capite
2725 3547 2846 3603 fidei
2875 3564 2939 3603 ac
2968 3550 3217 3605 veritatis
3248 3551 3448 3609 baculo

1861 3633 2014 3689 humi
2049 3635 2217 3702 illiso,
2249 3637 2318 3692 ad
2348 3637 2485 3693 alias
2504 3646 2875 3695 monstrorum
2914 3641 3218 3698 horrendas
3247 3642 3448 3715 eﬂigies

1864 3733 2117 3794 promoto
2142 3726 2337 3796 gradu,
2380 3727 2627 3786 funditus
2662 3745 2760 3786 eas
2794 3732 2976 3789 delere
3009 3743 3175 3806 atque
3200 3743 3448 3793 evertere

1863 3815 2204 3872 conabimur.

2171 3930 2545 3990 ADVERSUS
2600 3931 3138 4002 CERINTHIANOS,
3188 3970 3197 3985 .

2355 4045 2480 4103 Sive
2531 4046 2950 4113 Merinthianos,
3112 4020 3115 4023 Ι

2074 4160 2207 4229 Qua:
2247 4170 2325 4217 est
2366 4162 2581 4218 Interest:
2625 4161 2793 4229 VIII,
2823 4163 2903 4218 vel
2939 4160 3229 4219 XXVIII.

1928 4274 1970 4328 I.
2001 4272 2259 4345 Sequitur
2286 4273 2583 4357 Cerinthus
2603 4294 2617 4330 :
2640 4289 2671 4328 a
2705 4290 2813 4345 quo
2841 4274 3175 4331 Cerinthiani
3201 4275 3440 4332 IllBl‘tlICI

1856 4366 2232 4431 nominantur,
2261 4365 2354 4437 qui
2411 4366 2603 4421 eodem
2645 4381 2713 4421 ex
2765 4366 2941 4422 ferino
2971 4377 3093 4423 satu
3121 4379 3442 4440 procreatus

1856 4457 2010 4512 virus
2046 4472 2208 4512 suum
2250 4458 2304 4511 in
2345 4457 2534 4512 orbem
2581 4467 2849 4513 terrarum
2890 4459 3155 4531 profudit.
3188 4463 3366 4534 Atque
3396 4463 3442 4520 is

170 4556 320 4627 παρὰ
343 4557 436 4611 τὸν
476 4552 879 4627 προειρημένον
912 4555 1274 4627 Καρποκρᾶν,
1313 4554 1449 4609 ἀλλὰ
1492 4554 1563 4609 τὰ
1611 4555 1751 4610 αὐτὰ

1862 4548 1991 4603 nihil
2021 4549 2411 4620 propemodum
2442 4550 2611 4615 aliud,
2638 4566 2801 4622 quam
2829 4553 2988 4607 nobis
3009 4569 3175 4624 supra
3204 4570 3443 4610 eorume-

168 4645 246 4715 τῷ
284 4647 474 4717 κόσμῳ
518 4643 790 4700 κακοποιὰ
836 4644 1103 4717 φάρμακα
1136 4646 1507 4702 ὲκϐλυστάνει.
1547 4648 1627 4702 Τὰ
1661 4647 1751 4702 ίσα

170 4736 278 4809 γὰρ
306 4737 383 4809 τῷ
413 4737 799 4809 προειρημένῳ
828 4739 907 4803 εἰς
941 4738 1033 4792 τὸν
1058 4722 1382 4810 Χριστιανὸν
1416 4741 1753 4814 συκοφαντή-

173 4843 287 4893 σας,
322 4829 597 4900 ἐξηγεῖται
625 4829 720 4882 καὶ
747 4823 901 4895 οὗτος
939 4831 1005 4883 ἐκ
1037 4830 1255 4901 Μαρίας
1283 4831 1377 4885 καὶ
1409 4831 1474 4885 ἐκ
1509 4830 1755 4905 σπέρμα-

169 4936 257 4984 τος
292 4921 488 4993 Ἰωσὴφ
509 4921 599 4974 τὸν
622 4922 857 4993 Χριστὸν
883 4923 1263 4996 γεγεννῆσθαι,
1297 4925 1391 4978 καὶ
1423 4923 1512 4977 τὸν
1550 4923 1754 4995 κόσμον

168 5013 365 5082 ὁμοίως
421 5013 529 5067 ὑπὸ
557 5013 804 5082 ἀγγέλων
836 5015 1186 5086 γεγενῆσθαι.
1234 5016 1400 5069 Οὐδὲν
1444 5014 1554 5088 γὰρ
1600 5008 1756 5079 οὗτος

167 5103 321 5174 παρὰ
352 5106 442 5160 τὸν
473 5103 691 5177 πρῶτον
723 5105 970 5177 διήλλαξε
1014 5109 1082 5178 τῇ
1138 5107 1417 5179 εἰσαγωγῇ
1461 5108 1558 5178 τῆς
1587 5105 1753 5160 αὐτοῦ

166 5194 511 5261 διδασκαλίας
535 5196 652 5251 ἀλλ’
684 5195 717 5268 ἦ
748 5196 805 5250 ἐν
834 5197 1009 5269 τούτῳ
1042 5198 1222 5269 μόνον,
1258 5200 1315 5251 ἐν
1353 5198 1431 5268 τῷ
1461 5198 1747 5270 προσέχειν

166 5288 242 5359 τῷ
276 5288 593 5361 Ἰουδαῖσμῷ
619 5288 727 5343 ἀπὸ
754 5289 971 5361 μέρους.
998 5291 1201 5344 Φάσκει
1233 5291 1289 5345 δὲ
1332 5285 1484 5355 οὗτος
1517 5291 1609 5345 τὸν
1657 5292 1746 5345 νό-

170 5397 267 5447 μον
302 5380 554 5444 καὶτοὺς
587 5381 874 5451 προφήτας
920 5380 1026 5434 ὑπὸ
1070 5382 1316 5450 ἀγγέλων
1358 5382 1624 5447 δεδόσθαι,
1653 5385 1750 5437 καὶ

164 5472 255 5526 τὸν
291 5473 561 5527 δεδωκότα
602 5471 767 5541 νόμον
806 5471 901 5526 ἕνα
936 5467 1074 5526 εἶναι
1102 5472 1210 5526 τῶν
1234 5473 1481 5541 ἀγγέλων
1512 5474 1619 5527 τῶν
1659 5473 1749 5527 τὸν

167 5564 368 5634 κόσμον
406 5562 811 5633 πεποιηκότων.
855 5562 1098 5630 Ἐγένετο
1134 5563 1190 5617 δὲ
1218 5556 1372 5628 οὗτος
1411 5566 1439 5617 6
1481 5565 1750 5636 Κήρινθος

165 5656 221 5710 tv
246 5659 311 5728 τῇ
350 5657 523 5731 Ἀσίᾳ⁸
543 5654 858 5725 διατρίϐων,
886 5656 1105 5709 κάκεῖσε
1141 5657 1233 5710 τοῦ
1272 5656 1622 5733 κηρύγματος
1653 5658 1749 5713 τὶν

1857 4651 2102 4699 moratus
2132 4643 2222 4698 ille
2243 4642 2549 4715 Carpocras
2580 4647 2841 4715 asseruit,
2871 4648 3173 4720 eademque
3209 4664 3335 4703 cum
3372 4666 3440 4705 eo

1856 4736 2039 4790 letalia
2096 4736 2150 4791 in
2186 4737 2451 4792 mundum
2505 4754 2712 4794 venena
2760 4740 3101 4811 prepagavit.
3159 4738 3437 4813 Siquidem

1854 4826 1968 4898 pari
2027 4827 2085 4882 in
2122 4827 2407 4885 Christum
2450 4828 2727 4885 calumnia
2772 4840 2983 4897 censet,
3017 4833 3165 4889 hunc
3208 4852 3239 4890 e
3271 4833 3437 4890 Maria

1852 4916 2191 4991 Io‘sephique
2223 4921 2433 4977 semine
2490 4937 2614 4977 esse
2655 4933 3024 4994 prognatum:
3062 4925 3440 4995 mundumque

1855 5013 2107 5068 similiter
2146 5014 2214 5068 ab
2260 5013 2469 5084 angelis
2501 5011 2848 5068 fabricatum.
2884 5012 3070 5085 Neque
3103 5016 3213 5070 ulla
3252 5016 3356 5069 alia
3382 5031 3439 5071 re

1853 5103 2256 5174 discrepantem
2306 5103 2375 5159 ab
2409 5104 2502 5159 illo
2539 5103 2848 5159 doctrinam
2893 5105 3118 5173 invexit,
3154 5108 3259 5163 nisi
3289 5108 3435 5178 quod

1853 5194 2113 5252 Iudaicos
2171 5197 2335 5251 etiam
2383 5197 2525 5251 ritus
2565 5195 2819 5251 adscivit.
2872 5196 2942 5250 At
2990 5197 3131 5253 idem
3163 5198 3334 5268 legem
3372 5214 3437 5255 ac

1855 5292 2147 5362 prophetas
2178 5292 2247 5345 ab
2270 5290 2479 5362 angelis
2508 5286 2790 5361 profectos
2822 5298 3042 5359 asserit,
3073 5308 3307 5363 eumque
3341 5295 3436 5366 qui

1857 5383 2026 5454 legem
2082 5381 2270 5436 tulerit
2316 5397 2380 5438 ex
2420 5396 2611 5437 eorum
2648 5383 2966 5451 angelorum
3005 5399 3128 5439 esse
3154 5399 3434 5439 numeros

1857 5473 2057 5543 quibus
2082 5472 2236 5528 orbis
2281 5480 2367 5528 est
2412 5472 2689 5529 conditus.
2730 5471 2902 5530 Porro
2924 5474 3341 5532 Cerinthusiste
3375 5478 3431 5531 in

1857 5568 1985 5623 Asia
2008 5576 2257 5622 versatus
2284 5567 2587 5623 doctrinam
2618 5583 2771 5624 suam
2791 5569 3035 5640 proferre
3054 5571 3215 5626 isthic
3243 5572 3427 5640 cmpit.

1859 5659 1983 5729 Qui,
2042 5670 2100 5716 ut
2158 5670 2289 5717 ante
2348 5662 2605 5731 diximus,
2655 5663 2876 5718 minimc
2924 5678 2951 5716 a
2982 5664 3157 5734 prima
3202 5664 3292 5718 illa
3330 5679 3426 5719 suo
