3946 6074
484 212 589 268 3'79

1890 210 1947 267 8.
1981 212 2322 269 EPIPIIANII

3641 214 3753 272 380

487 341 783 399 premaquc
807 324 1007 381 virtute
1036 318 1360 383 fabricatum
1386 342 1509 383 esse
1533 327 1796 382 mundum
1823 328 2058 383 censuit.

2185 330 2336 401 ιρχὴν
2380 329 2768 400 πεποιημένος.
2806 329 2945 399 Ἤδη
2989 329 3046 383 δὲ
3091 328 3220 401 περὶ
3259 329 3449 383 τούτου
3496 330 3750 403 ετπομεν,

490 419 627 475 Tum
672 421 746 474 ita
772 418 959 473 docuit
990 437 1002 472 :
1033 432 1320 489 postquam
1367 418 1458 474 ille
1491 417 1652 476 Jesus
1680 418 1933 485 adolevit,
1973 421 2065 490 qui

489 526 557 566 ex
610 508 832 580 Josephi
871 509 1165 580 uariasque
1217 510 1424 565 semine
1468 518 1633 567 natus
1666 519 1773 577 est,
1829 512 1884 567 in
1923 512 2068 568 hunc

492 604 776 673 delapsum
800 618 830 656 a
859 617 1075 657 summo
1104 602 1199 657 illo
1233 601 1343 659 Deo
1364 618 1488 659 esse
1513 604 1815 667 Christum,
1851 604 1954 660 hoc
1986 612 2070 661 est

496 692 760 763 Spiritum
794 699 1071 756 sanctum,
1123 692 1391 747 columba:
1443 693 1625 764 specie
1656 694 1722 749 ad
1753 692 2067 760 Jordanem,

492 800 558 840 ac
588 794 701 839 tum
738 783 788 839 ei
851 783 1189 855 incognitum
1224 782 1534 849 Parentem,
1566 793 1619 839 et
1652 800 1747 857 per
1785 786 1937 841 illum
1972 800 2071 857 po-

492 874 655 931 steris
688 870 1031 944 patefecisse.
1067 870 1150 927 Ob
1205 872 1371 942 idque
1414 888 1538 928 mox
1564 881 1622 927 ut
1666 856 1720 928 in
1752 874 1929 945 ipsum
1955 856 2071 931 coe—

493 964 646 1019 lcstis
679 963 768 1016 illa
798 977 922 1018 sese
954 962 1129 1018 virtus
1175 962 1406 1028 infudit,
1438 970 1687 1032 portenta
1714 977 1778 1017 ac
1808 963 2071 1017 miracula

494 1064 765 1125 patrasse,
800 1055 953 1123 ιιι
984 1069 1049 1108 ac
1098 1053 1316 1109 demum
1349 1062 1701 1124 posteaquam
1739 1068 1933 1125 passus
1962 1061 2069 1118 est,

496 1147 643 1217 quod
704 1160 735 1200 e
765 1148 905 1200 cwlo
954 1152 1196 1209 venerat,
1249 1144 1438 1200 eodem
1482 1144 1674 1199 relicto
1704 1142 1891 1199 Jesum
1917 1159 2073 1199 revo-

499 1237 665 1293 lasse.
705 1233 891 1290 Jesum
932 1250 1096 1306 porro
1124 1243 1179 1290 et
1213 1234 1415 1290 obiisse
1441 1242 1695 1297 mortem,
1730 1242 1783 1290 et
1810 1235 1875 1289 ad
1907 1235 2073 1288 vitam

499 1328 793 1383 excitatum
848 1342 1003 1392 esse;
1050 1326 1331 1380 Christum
1381 1340 1513 1381 vero
1572 1326 1665 1396 qui
1718 1326 2075 1382 descenderat

501 1434 675 1489 paena:
706 1418 880 1472 omnis
909 1429 1185 1486 expertem
1230 1432 1296 1472 eo
1342 1416 1486 1472 unde
1522 1427 1743 1472 venerat
1773 1433 2075 1483 reversum,

499 1510 593 1578 qui
648 1509 791 1564 idem
829 1509 919 1563 ille
978 1517 1084 1574 est,
1128 1508 1221 1579 qui
1267 1510 1537 1565 columbas
1589 1510 1772 1580 specie
1820 1510 2077 1581 delapsus

500 1596 723 1654 fuerat':
759 1597 835 1653 ita
856 1597 1043 1653 Jesum
1082 1599 1308 1655 minime
1334 1614 1457 1655 esse
1480 1600 1777 1656 Christum.

570 1776 635 1833 ll.
668 1775 869 1832 Verum
897 1784 951 1831 et
984 1776 1073 1831 hic
1105 1791 1212 1831 non
1249 1776 1431 1831 minus
1462 1792 1625 1848 quam
1656 1777 1851 1849 reliqui
1884 1792 2079 1834 omnes

496 1870 724 1935 excidit,
743 1880 799 1924 ut
828 1870 1028 1924 intueri
1054 1870 1211 1925 facile
1227 1870 1479 1941 potestis,
1509 1871 1823 1942 quicunque
1838 1872 2081 1928 veritatis

504 1978 691 2018 amore
751 1962 1031 2017 tenemini.
1091 1961 1226 2016 Nam
1272 1978 1398 2019 eum
1446 1977 1477 2016 a
1511 1978 1621 2034 quo
1652 1965 1738 2019 lex
1786 1963 1986 2020 tradita
2004 1965 2083 2021 sit

504 2054 709 2109 bonum
744 2059 906 2122 negat
924 2066 1067 2116 esse,
1100 2051 1258 2120 cujus
1281 2059 1458 2105 tamen
1480 2052 1798 2133 legiutique
1822 2062 2082 2123 tanquam

460 2148 465 2153 ’
503 2142 661 2198 bonae
689 2142 1064 2211 obtemperare
1088 2140 1318 2195 videtur.
1344 2138 1591 2207 Quivero
1606 2143 1882 2208 convenit,
1907 2151 1968 2197 ut
1989 2142 2084 2214 qui

504 2234 681 2288 malus
709 2232 781 2286 sit
811 2232 1007 2285 bonam
1037 2231 1204 2303 legem
1228 2233 1669 2304 praescripserit?
1699 2232 1754 2288 Si
1787 2234 1934 2290 enim
1972 2250 2085 2291 non

506 2320 824 2385 adulterari,
866 2322 949 2375 vel
992 2336 1101 2376 non
1146 2320 1407 2386 occidere
1436 2331 1519 2379 est
1545 2324 2086 2397 lionestum,quanto

507 2414 702 2468 melior
746 2414 794 2469 is
847 2422 951 2479 est,
987 2412 1079 2482 qui
1117 2413 1219 2469 ista
1262 2415 1540 2484 praecepit,
1582 2416 1629 2471 si
1660 2415 1707 2470 is
1736 2416 1827 2486 qui
1864 2432 1927 2472 ea
1974 2433 2085 2474 non

508 2506 785 2562 commisit
811 2505 1159 2561 confessione
1179 2507 1421 2560 omnium
1452 2508 1629 2563 bonus
1664 2508 1913 2564 habetur!
1939 2508 2088 2575 Quo-

509 2612 640 2652 nam
669 2603 829 2667 pacto
856 2595 982 2649 mali
1014 2596 1299 2667 cujusdam
1332 2597 1592 2653 facinoris
1613 2600 1862 2655 accusari
1882 2609 2086 2670 potest,

508 2688 605 2759 qui
634 2688 776 2743 bona
812 2688 1073 2755 consulit,
1105 2703 1168 2741 ac
1219 2696 1328 2741 tam
1351 2688 1549 2744 bonam
1576 2691 1747 2762 legem
1776 2692 2088 2749 hominibus

510 2779 842 2850 descripsit?
872 2778 1160 2836 Enimvero
1190 2780 1432 2849 furiosus
1458 2790 1512 2837 et
1541 2798 1728 2839 amens
1766 2793 1872 2851 est,
1899 2785 1991 2856 qui
2024 2800 2091 2842 ea

506 2871 720 2942 jactare
748 2886 856 2925 non
889 2881 973 2926 est
996 2872 1225 2926 veritus.
1249 2872 1428 2943 Atque
1454 2872 1593 2929 idem
1615 2874 1725 2939 ille,
1745 2875 2053 2932 ebarissimi
2071 2914 2089 2944 ,

512 2959 637 3028 fuit,
673 2961 765 3030 qui
799 2959 1172 3030 apostolorum
1200 2966 1450 3030 tempore
1478 2962 1771 3016 tumultum
1810 2962 1962 3017 illum
1994 2978 2092 3020 ex-

2165 420 2241 484 ὠς
2286 421 2379 474 καὶ
2429 412 2584 483 οὗτος
2632 422 2927 491 ἐκήρυττεν
2962 421 3064 475 οὐκ
3104 420 3214 474 ἀπὸ
3257 422 3359 491 τῆς
3402 420 3626 492 πρώτης
3654 423 3756 477 καὶ

2166 511 2371 569 ἄνωθεν
2401 511 2682 582 δυνάμεως
2708 512 2800 565 τὸν
2823 512 3025 583 κόσμον
3052 512 3428 583 γεγεννῆσθαι,
3461 512 3669 567 ἀνωθεν
3693 513 3756 568 δὲ

2167 604 2233 658 ὲκ
2270 601 2365 656 τοῦ
2407 602 2519 656 ἀνω
2553 602 2711 666 Θεοῦ,
2750 602 2890 673 μετά
2928 603 2990 655 τὸ
3037 602 3367 674 ἀδρυνθῆναι
3410 603 3504 657 τὸν
3542 603 3756 675 Ἰησοῦν

2167 693 2259 748 τὸν
2305 694 2371 747 ὲκ
2421 693 2734 764 σπέρματος
2786 692 2984 763 Ἰωσὴφ
3019 692 3113 747 καὶ
3159 692 3376 765 Μαρίας
3418 693 3757 763 γεγεννημέ-

2168 800 2277 846 νον,
2307 781 2728 852 κατεληλυθέναι
2770 781 2861 836 τὸν
2902 781 3136 852 Χριστὸν
3168 782 3249 846 είς
3287 782 3470 849 αὑτὸν,
3506 783 3757 837 τουτέστι

2169 872 2229 927 τὸ
2260 874 2482 945 Πνεῦμα
2522 873 2582 927 τὸ
2615 873 2771 942 ἆγιον
2808 874 2866 928 ὲν
2904 873 3035 927 εἴδει
3070 876 3399 946 περιστερᾶς
3422 877 3480 927 ἐν
3506 874 3584 946 τῷ
3617 877 3757 946 Ἰορ-

2170 963 2326 1035 δάνῃ,
2350 963 2445 1017 καὶ
2468 962 2817 1032 ἀποκαλύψαι
2852 960 3023 1032 αὐτῷ,
3056 964 3151 1015 καὶ
3191 963 3260 1017 δι’
3287 962 3453 1016 αὑτοῦ
3489 966 3603 1027 τοῖς
3632 965 3758 1035 μετ’

2172 1054 2336 1111 αὑτοῦ
2366 1055 2456 1109 τὸν
2485 1055 2760 1123 ἄγνωστον
2794 1054 3032 1123 Πατέρα.
3065 1053 3176 1107 Καὶ
3215 1053 3302 1108 διὰ
3347 1053 3524 1118 τοῦτο,
3565 1054 3761 1127 ἐπειδὴ

2170 1144 2334 1219 ἦλθεν
2368 1149 2401 1219 η
2444 1146 2675 1217 δύναμις
2699 1146 2779 1208 είς
2812 1145 2975 1198 αὑτὸν
3010 1144 3238 1211 ἄνωθεν,
3270 1145 3527 1215 δυνάμεις
3571 1146 3763 1198 ἐπιτε-

2171 1236 2487 1300 τελεκέναι,
2533 1236 2628 1289 καὶ
2666 1233 2828 1287 αὐτοῦ
2874 1233 3200 1297 πεπονθότος
3248 1233 3313 1286 τὸ
3350 1234 3506 1288 ’ἐλθὸν
3546 1234 3762 1289 ἄνωθεν

2174 1329 2480 1399 ἀναπτῆναι
2516 1326 2626 1380 ἀπὸ
2663 1324 2759 1379 τοῦ
2804 1324 2977 1397 Ἰησοῦ
3028 1326 3158 1379 ἄνω.
3206 1325 3519 1380 Πεπονθότα
3560 1326 3617 1379 δὲ
3662 1326 3764 1379 τὸν

2189 1416 2431 1488 Ἰησοῦν,
2474 1417 2570 1470 καὶ
2624 1415 2784 1469 πάλιν
2828 1414 3227 1486 ἐγηγερμένον
3278 1414 3511 1486 Χριστὸν
3556 1416 3616 1469 δὲ
3661 1415 3765 1469 τὸν

2175 1507 2381 1563 ἄνωθεν
2412 1506 2634 1561 ἐλθόντα
2677 1508 2757 1571 εἰς
2799 1507 2960 1561 αὑτὸν
2997 1506 3180 1577 ἀπαθῆ
3226 1508 3563 1568 ἀναπτάντα,
3617 1508 3765 1579 ὅπερ

2177 1599 2294 1654 ἐστὶ
2318 1598 2380 1653 τὸ
2407 1597 2664 1653 κατελθὸν
2686 1599 2744 1651 ὲν
2775 1597 2905 1651 εῖδει
2936 1598 3286 1669 περιστερᾶς,
3324 1598 3418 1651 καὶ
3438 1597 3500 1652 ού
3523 1597 3615 1651 τὸν
3654 1599 3767 1671 Ἰη-

2110 1668 2156 1726 Β
2182 1689 2309 1743 σοῦν
2334 1685 2471 1742 εἶναι
2496 1687 2749 1760 Χριστόν.

2249 1779 2326 1833 B'.
2364 1777 2716 1831 Ἐκπέπτωκε
2749 1775 2807 1829 δὲ
2833 1774 2926 1829 καὶ
2957 1764 3132 1839 οὗτος,
3162 1775 3238 1839 ὡς
3274 1776 3436 1846 όρᾶτε
3467 1774 3670 1839 πάντες
3712 1774 3766 1829 οἱ

2178 1870 2276 1943 τῆς
2294 1868 2549 1940 ἀληθείας
2571 1867 2817 1939 ἐρασταί.
2843 1866 3045 1920 Φάσκει
3067 1866 3174 1937 γάρ
3194 1866 3284 1919 τὸν
3309 1865 3471 1937 νόμον
3490 1866 3769 1921 δεδωκότα

2180 1961 2283 2015 ούκ
2344 1958 2567 2028 ἀγαθὸν,
2619 1952 2681 2012 οῦ
2731 1957 2809 2029 τῷ
2860 1957 3008 2028 νόμῳ
3049 1957 3331 2011 πείθεσθαι
3384 1957 3547 2023 δοκεῖ,
3603 1956 3768 2027 δῆλον

2180 2053 2259 2116 δὲ,
2302 2052 2383 2106 ὅτι
2420 2051 2495 2115 ὡς
2535 2049 2744 2121 ἀγαθῷ.
2782 2049 2905 2113 Πῶς
2941 2045 3034 2103 οὖν
3075 2051 3104 2102 ό
3149 2049 3382 2121 πονηρὸς
3421 2050 3513 2104 τὸν
3557 2050 3771 2119 ἀγαθὸν

2182 2141 2347 2213 νόμον
2382 2141 2646 2206 δέδωκεν;
2695 2141 2759 2193 Εἰ
2803 2139 2912 2211 γὰρ
2951 2138 3112 2193 καλὸν
3141 2139 3202 2192 τὸ
3232 2140 3308 2212 μὴ
3351 2139 3644 2211 μοιχεύειν,
3672 2142 3772 2194 καὶ

2184 2232 2349 2288 καλὸν
2378 2232 2437 2285 τὸ
2469 2232 2545 2304 μὴ
2582 2231 2848 2302 φονεύειν,
2890 2230 3040 2302 πόσῳ
3072 2249 3135 2301 γε
3161 2232 3358 2303 μᾶλλον
3386 2234 3415 2284 ό
3447 2232 3770 2303 ἐντειλάμε-

2182 2342 2271 2388 νος
2304 2324 2526 2395 βελτίων
2570 2323 2654 2395 εἴη
2674 2364 2689 2387 ,
2745 2324 2839 2379 ὲάν
2872 2341 2935 2393 γε
2969 2326 2997 2377 ό
3043 2323 3119 2395 μὴ
3158 2322 3379 2397 πράξας
3402 2325 3605 2395 ἀγαθὸς
3632 2327 3773 2395 όμο-

2182 2416 2441 2485 λογεῖταιι
2473 2415 2597 2479 Πῶς
2627 2415 2682 2468 δὲ
2714 2413 3218 2487 κατηγορηθήσεται
3262 2416 3408 2470 κακά
3454 2418 3709 2488 πράττων
3735 2421 3773 2474 ὁ

2184 2509 2247 2561 τὸ
2277 2508 2479 2577 ἀγαθὸν
2518 2506 2920 2577 συμϐουλεύων,
2964 2508 3057 2560 καὶ
3099 2507 3299 2577 ἀγαθὸν
3344 2509 3519 2574 διδοὺς
3559 2511 3772 2581 νόμον;

2200 2600 2360 2653 Ἀλλὰ
2415 2599 2691 2671 μανιώδης
2729 2601 2758 2654 ό
2800 2600 2938 2672 ἀνὴρ
2975 2600 3235 2665 τοιούτοις
3271 2603 3551 2674 ἐγχειρῶν.
3596 2598 3775 2670 Οὗτος

2186 2692 2245 2747 δέ
2274 2695 2441 2756 ἐστιν,
2465 2692 2741 2763 ἀγαπητοὶ
2775 2691 2907 2763 (95),
2938 2686 3021 2757 εἷς
3045 2692 3155 2746 τῶν
3183 2694 3276 2747 ἐπὶ
3302 2694 3407 2747 τῶν
3445 2695 3775 2750 ἀποστόλων

2189 2788 2219 2841 ό
2251 2786 2349 2857 τὴν
2389 2785 2633 2857 ταραχὴν
2679 2785 3073 2856 ἐργασάμενος,
3114 2786 3202 2840 ὅτε
3249 2787 3297 2839 οί
3344 2787 3469 2859 περὶ
3506 2788 3776 2843 Ἰάκωϐον

2191 2876 2530 2949 γεγράφασιν
2557 2877 2636 2940 είς
2656 2875 2753 2948 τὴν
2769 2877 3097 2949 Ἀντιόχειαν
3114 2878 3451 2949 Ἐπιστολὴν,
3473 2878 3733 2948 λέγοντες
3755 2897 3773 2912 ο

2197 2968 2317 3022 Ὅτι
2346 2965 2612 3038 ἐγνωμέν
2630 2983 2801 3034 τινας
2822 2967 2892 3033 ἐξ
2919 2966 3088 3038 ἡμῶν
3106 2970 3256 3039 πρὸς
3272 2969 3425 3040 ὑμᾶς
3450 2970 3772 3038 ἐλθόντας,

513 3053 726 3118 citavit,
754 3067 878 3106 cum
905 3049 1143 3106 Iacobus
1175 3054 1468 3123 exterique
1491 3054 1723 3125 apostoli
1746 3054 1958 3111 litteras
1976 3054 2085 3109 An-

2192 3057 2293 3113 καὶ
2335 3055 2710 3126 ταράξαντας
2754 3056 2909 3128 ὑμᾶς
2953 3060 3183 3129 λόγοις,
3225 3056 3315 3127 οἷς
3366 3062 3439 3115 οὐ
3482 3059 3777 3115 διετειλά-

513 3145 774 3199 tiochiam
810 3144 1152 3215 scripserunt
1179 3144 1265 3201 his
1291 3146 1474 3202 verbis
1506 3165 1520 3202 :
1556 3146 1823 3213 Quoniam
1843 3148 2088 3218 cognovi-

514 3256 653 3306 mus,
693 3238 951 3310 quosdam
991 3254 1023 3291 a
1050 3236 1197 3292 nobis
1220 3236 1290 3291 ad
1329 3254 1416 3294 vos
1442 3254 1555 3293 esse
1580 3239 2090 3309 profectos,suisque

514 3348 603 3387 vos
637 3329 972 3401 perturbasse
1029 3327 1376 3393 sermonibus,
1440 3330 1628 3400 quibus
1662 3346 1765 3384 non
1813 3328 2084 3383 mandavi-

516 3440 633 3477 mus
661 3424 701 3489 ¹,
726 3432 834 3479 etc.
887 3420 1147 3491 Idemque
1179 3435 1368 3475 eorum
1410 3435 1552 3476 unus
1577 3427 1681 3482 est,
1712 3420 1805 3491 qui
1832 3436 1892 3477 se
1926 3420 2090 3477 Petro

516 3518 909 3583 opposuerant,
938 3525 1063 3564 cum
1117 3509 1185 3564 ad
1227 3518 1478 3564 sanctum
1523 3509 1831 3565 Cornelium
1876 3512 2087 3579 ivisset,

517 3619 549 3658 a
579 3618 689 3672 quo
706 3611 828 3672 post
851 3602 1093 3667 oblatum
1142 3616 1237 3671 per
1264 3600 1441 3655 visum
1481 3603 1733 3673 angelum
1758 3611 1876 3659 erat
1908 3617 2092 3659 arces-

519 3696 660 3750 situs
693 3695 734 3749 '.
765 3691 885 3759 Quo
917 3698 1161 3763 tempore
1197 3692 1483 3749 dubitante
1508 3691 1671 3750 Petro
1694 3694 1918 3750 linteum
1960 3694 2094 3750 illud

520 3801 646 3841 cum
685 3785 771 3849 iis,
805 3801 927 3857 qua:
950 3786 1287 3851 continebat,
1306 3785 1579 3855 obiectum
1608 3794 1711 3851 est,
1735 3794 1789 3841 et
1813 3801 1842 3841 a
1867 3786 2096 3843 Domino

521 3877 665 3932 istud
693 3878 869 3947 ipsum
901 3878 1104 3945 audiit;
1129 3894 1197 3934 ne
1228 3876 1357 3949 quid
1386 3892 1676 3932 commune
1704 3878 1789 3933 vel
1819 3879 2095 3949 impurum

523 3966 835 4036 appellaret,
874 3965 1046 4036 Igitur
1069 3966 1365 4022 Corinthus
1391 3966 1848 4022 circumcisorum
1879 3981 2096 4038 gregem

522 4056 785 4113 adversus
841 4056 1062 4112 Petrum
1108 4062 1471 4111 revertentem
1512 4057 1809 4111 commovit
1840 4055 2097 4112 Hieroso-

522 4147 706 4219 lymis,
752 4147 940 4203 dicens
976 4166 991 4204 :
1038 4145 1317 4216 Ingressus
1359 4152 1436 4199 est
1483 4145 1552 4197 ad
1593 4144 1731 4198 viros
1781 4147 2095 4214 pra'putium

523 4238 770 4294 habentes
797 4239 841 4293 ³.
874 4238 1031 4307 Quod
1066 4237 1286 4309 quidem
1338 4236 1407 4291 ab
1437 4250 1504 4291 eo
1564 4234 1767 4290 factum
1809 4243 1915 4303 est,
1945 4244 2099 4291 ante-

527 4347 692 4403 quam
742 4347 901 4386 suum
960 4332 1015 4385 in
1045 4330 1175 4386 Asia
1205 4328 1399 4399 dogma
1440 4326 1782 4398 pradicaret,
1818 4342 1987 4399 seque
2042 4328 2099 4382 iu

2186 3152 2359 3221 μεθα.
2395 3148 2500 3203 Καὶ
2532 3142 2685 3214 οὗτος
2724 3146 2805 3213 εἷς
2845 3150 2965 3202 ἐστι
2995 3148 3103 3203 τῶν
3129 3151 3489 3205 ἀντιστάντων
3518 3150 3597 3221 τῷ
3627 3151 3777 3223 ἁγίῳ

2194 3237 2407 3311 Πέτρῳ,
2443 3238 2630 3310 ἐπειδὴ
2676 3237 2890 3310 εἰσῆλθε
2935 3237 3070 3311 πρὸς
3114 3240 3412 3311 Κορνήλιον
3452 3240 3545 3293 τὸν
3588 3242 3773 3308 ἅγιον,

2191 3332 2282 3386 ὅτε
2313 3330 2691 3402 μετεστείλατο
2727 3330 2889 3385 αὐτὸν
2931 3328 3287 3397 καταξιωθεὶς
3308 3332 3573 3395 ὀπτασίας
3598 3332 3775 3399 ἀγγέ-

2192 3423 2309 3478 λου.
2341 3425 2453 3478 Kal
2493 3426 2525 3478 ό
2556 3424 2763 3496 Πέτρος
2802 3423 3066 3490 ὲδίσταζε,
3101 3426 3195 3479 καὶ
3233 3420 3339 3479 εἶδε
3373 3424 3432 3477 τὸ
3458 3425 3643 3495 ὅραμα
3671 3424 3776 3493 τῆς

2195 3514 2409 3586 ὀθόνης,
2434 3514 2528 3569 καὶ
2564 3513 2636 3568 τὰ
2672 3516 2731 3570 ὲν
2776 3516 2935 3588 αὐτῇ,
2979 3516 3072 3570 καὶ
3106 3517 3306 3587 ἤκουσε
3349 3516 3500 3588 παρὰ
3535 3516 3774 3588 Κυρίου,

2198 3604 2366 3677 μηδὲν
2408 3604 2584 3659 κοινὸν
2618 3604 2797 3673 λέγειν
2843 3605 2877 3677 ἦ
2917 3604 3245 3677 ἀκάθαρτον.
3286 3598 3452 3669 Οὗτος
3488 3601 3581 3659 οῦν
3626 3624 3777 3676 παρ-

2194 3695 2363 3749 εκίνει
2386 3695 2514 3767 περὶ
2534 3694 2627 3748 τοῦ
2653 3695 2860 3767 Πέτρου
2880 3695 3190 3760 ἀνελθόντος
3214 3697 3294 3761 εἰς
3327 3696 3682 3767 Ἰερουσαλὴμ
3704 3696 3778 3750 τὰ

2196 3787 2377 3859 πλήθη
2404 3786 2516 3840 τῶν
2539 3788 2603 3839 ὲκ
2632 3786 2933 3857 περιτομῆς
2968 3786 3161 3854 λέγων,
3183 3786 3286 3839 ὃτι*
3316 3781 3578 3851 Εὶσῆλθε
3619 3783 3779 3851 πρὸς

2197 3876 2423 3947 ἄνδρας
2464 3877 2871 3947 ἀκροϐυστίαν
2910 3875 3183 3946 ἔχοντας.
3226 3874 3479 3947 Ἐποίησε
3517 3874 3576 3927 δὲ
3614 3874 3781 3928 τοῦτο

2198 3966 2471 4040 Κήρινθος
2502 3966 2630 4038 πρὶν
2664 3965 2698 4036 ἦ
2741 3966 2800 4019 ἒν
2827 3967 2893 4036 τῇ
2928 3965 3083 4037 Ἀσίᾳ
3102 3963 3339 4038 κηρύξαι
3368 3963 3429 4018 τὸ
3465 3963 3633 4019 αὐτοῦ
3677 3966 3780 4033 κή-

2202 4074 2408 4131 ρυγμα,
2432 4057 2525 4110 καὶ
2547 4057 2805 4127 ἐμπεσεῖν
2825 4056 2907 4118 είς
2936 4055 2999 4108 τὸ
3032 4057 3415 4127 περισσότερον
3450 4054 3551 4123 τῆς
3582 4053 3778 4108 ἑαυτοῦ

2198 4147 2475 4212 ἀπωλείας
2507 4146 2798 4220 βάραθρον.
2835 4148 2937 4203 Διὰ
2958 4147 3067 4220 γάρ
3092 4148 3155 4201 τὸ
3180 4142 3320 4200 εἶναι
3348 4146 3509 4200 αὑτὸν
3538 4145 3779 4217 ἐμπερί-

2193 4256 2395 4311 τομον,
2444 4238 2605 4309 δῆθεν
2636 4239 2934 4303 ἀντιδικίας
2975 4240 3140 4293 ἕνεκα
3185 4238 3296 4292 τῶν
3344 4240 3402 4291 ὲν
3442 4235 3783 4309 ἀκροϐυστίᾳ

2196 4330 2426 4395 πιστῶν,
2449 4328 2538 4383 διὰ
2555 4330 2653 4400 τῆς
2681 4328 2983 4401 περιτομῆς
3009 4329 3107 4397 τὴν
3146 4327 3419 4398 πρόφασιν
3446 4324 3780 4396 ὲθηράσατο.

523 4423 675 4478 exitii
724 4422 807 4478 sui
858 4422 1125 4493 gurgitem
1175 4418 1502 4491 profundius
1560 4418 1897 4474 immitteret.
1966 4417 2101 4474 Nam
2141 4436 2265 4476 cum
2298 4420 2661 4476 circumcisus
2717 4420 2807 4474 bic
2842 4427 3013 4486 esset,
3042 4426 3102 4472 ut
3156 4432 3253 4472 eos
3275 4417 3368 4487 (ιυί
3396 4422 3609 4471 retento
3639 4429 3784 4483 pra:-

525 4519 678 4592 putio
712 4517 897 4573 fideles
934 4522 1092 4571 erant
1138 4514 1514 4581 ulcisceretur,
1556 4514 1907 4569 occasionem
1940 4530 1971 4570 e
1994 4516 2411 4572 circumcisione
2440 4524 2636 4570 nactus
2674 4522 2779 4569 est.

596 4606 682 4662 Ill.
708 4606 813 4661 Sed
836 4619 958 4659 cum
979 4602 1242 4657 Dominus
1264 4602 1484 4656 humani
1511 4604 1726 4673 generis
1758 4618 1947 4657 curam
1980 4619 2085 4675 per-

2274 4605 2350 4660 Γ.
2373 4604 2479 4659 Τοῦ
2501 4605 2558 4658 δὲ
2588 4603 2789 4676 Κυρίου
2823 4601 3051 4657 πάντοτε
3079 4601 3178 4674 τὴν
3209 4599 3527 4671 ἐπιμέλειαν
3553 4598 3657 4667 τῆς
3690 4599 3783 4652 ἀν-

528 4709 692 4769 petuo
726 4706 899 4768 gerat,
941 4703 995 4750 et
1031 4695 1087 4748 in
1120 4693 1366 4749 veritatis
1397 4693 1709 4749 amantibus
1745 4693 1871 4749 filiis
1901 4702 2085 4750 certan

2208 4695 2557 4766 θρωπότητος
2578 4692 2922 4764 ποιουμένου,
2945 4692 3038 4746 καὶ
3057 4692 3117 4745 τὸ
3143 4690 3311 4759 σαφὲς
3332 4693 3432 4761 τῆς
3455 4689 3711 4760 ἀληθείας
3727 4692 3785 4741 ὲν

529 4805 595 4843 ac
622 4795 964 4844 constantem
1014 4786 1161 4840 illius
1192 4783 1351 4840 ﬁdem
1400 4784 1645 4841 stabilire
1690 4800 1755 4840 ac
1782 4784 2085 4841 conﬁrmari

2207 4789 2320 4850 τοῖς
2361 4785 2462 4855 τῆς
2496 4784 2753 4854 ἀληθείας
2795 4786 2931 4847 υἱοῖς
2975 4780 3424 4852 ἀσφαλιζομένου,
3470 4782 3565 4834 καὶ
3604 4780 3788 4843 δόντος

529 4880 721 4945 soleat,
755 4892 877 4931 cum
916 4876 1266 4931 sanctissimo
1309 4875 1557 4946 apostolo
1593 4873 1755 4929 Petro
1787 4875 2085 4930 confutand

2210 4876 2401 4948 Πέτρῳ
2420 4875 2497 4947 τῷ
2519 4875 2658 4946 ἀγίῳ
2676 4875 2956 4946 ἀποστόλῳ
2978 4872 3304 4945 ποιήσασθαι
3330 4872 3431 4943 τὴν
3463 4871 3599 4941 πρὸς
3623 4871 3787 4923 αὑτὸν

531 4968 678 5023 illius
744 4966 1057 5021 facultatem
1112 4980 1177 5021 ac
1213 4966 1485 5020 rationem
1524 4964 1785 5027 dedisset,
1818 4966 2085 5020 manifesti

2209 4968 2448 5032 καὶτοὺς
2485 4966 2648 5021 αὐτοῦ
2690 4966 2966 5036 ἐλέγχους,
3010 4965 3218 5037 φανερὰ
3256 4965 3465 5034 γίνεται
3491 4965 3524 5036 ἡ
3548 4961 3645 5015 τοῦ
3674 4964 3789 5033 Κη-

531 5061 787 5115 omnibus
820 5068 905 5117 est
930 5059 1173 5116 Cerintlti
1217 5069 1497 5129 comperta
1532 5057 1822 5114 stoliditas.
1860 5058 1936 5111 lta
1959 5059 2085 5114 enin

2214 5058 2392 5131 ρίνθου
2422 5057 2594 5113 ἄνοια.
2623 5057 2763 5129 Φησὶ
2785 5057 2893 5128 γὰρ
2925 5058 2954 5110 ό
2991 5056 3144 5124 ἅγιος
3169 5056 3403 5127 Πέτρος·
3449 5053 3592 5124 Ἐγὼ
3626 5054 3790 5124 ήμην

533 5152 826 5220 Apostolus
852 5153 1067 5207 loculus
1080 5162 1161 5205 est
1187 5170 1200 5206 :
1230 5151 1342 5222 Ego
1360 5168 1507 5207 eram
1528 5152 1583 5205 in
1610 5152 1873 5206 civitatem
1899 5150 2085 5220 Joppe.

2206 5140 2481 5205 ἐν’πόλει
2526 5151 2763 5219 Ἰόππῃο
2805 5151 2905 5205 καὶ
2961 5146 3126 5204 εἶδον
3169 5150 3238 5203 ἐν
3270 5150 3433 5218 μέσῃ
3476 5147 3554 5217 τῇ
3600 5148 3788 5217 ἡμέρᾳ

531 5250 581 5292 et
612 5243 717 5296 vidi
755 5242 927 5297 media
959 5244 1070 5297 luce
1093 5244 1235 5296 circa
1262 5242 1449 5297 horam
1474 5252 1679 5298 sextam
1704 5242 1862 5314 112
1886 5242 2085 5298 linteun

2211 5243 2343 5313 περὶ
2362 5242 2527 5313 ὤραν
2553 5242 2736 5313 ἕκτην
2761 5243 2982 5312 ὀθόνην
3007 5239 3365 5313 καθιεμένην
3404 5242 3477 5297 ἐν
3511 5240 3791 5313 τέτρασιν

608 5422 624 5454 ¹
659 5421 775 5475 Act.
813 5417 992 5485 xv,24
1016 5435 1136 5490 sqq.
1214 5420 1236 5451 ’
1260 5421 1379 5477 Act.
1418 5438 1470 5487 κ,
1505 5421 1571 5477 l8
1598 5439 1719 5495 sqq.
1797 5422 1818 5455 ³
1846 5423 1964 5479 Act.
1999 5437 2078 5490 ιι,
2107 5423 2158 5476 3.

603 5596 721 5668 (93)
756 5591 943 5664 οὗτος
969 5594 1035 5650 δέ
1063 5597 1251 5665 ἐστιν,
1286 5600 1598 5668 ἀγαπητοί.
1640 5597 1880 5671 ldipsum
1922 5596 2085 5653 Philm

2188 5610 2252 5667 us
2282 5593 2492 5653 scribit.
