3946 6074
214 222 315 280 381

804 222 1171 280 Αυγειιευε
1204 221 1548 279 ΗᾸΞΒΕΒΕΞ
1587 219 1711 276 LIB.
1763 220 1772 274 1

1875 216 2013 274 ΓΟΜ.
2052 216 2203 272 l|.—
2227 214 2500 270 HERES.
2543 211 2774 269 XXVIII.

3366 212 3475 272 582

211 340 448 411 ἀρχαῖς,
474 341 546 394 ὲν
584 338 622 409 ἦ
668 336 746 410 ἦν
782 339 978 395 πάντα
1024 340 1356 411 τετράποδα
1405 339 1503 394 καὶ
1551 335 1768 408 ἑρπετά

1892 342 2121 405 quatuor
2150 332 2321 386 initiis
2348 330 2609 385 summitti
2631 328 2695 382 de
2714 326 2863 390 caelo,
2898 325 2955 380 in
2987 340 3087 395 quo
3117 332 3268 380 erant
3292 328 3472 381 omnia

212 431 322 487 Kal
361 426 498 485 εἶπέ
524 447 658 500 μοι’
690 429 894 485 Θῦσον
934 432 1031 485 καὶ
1074 430 1247 502 φάγε.
1292 429 1434 501 Ἐγὼ
1476 429 1545 483 δὲ
1579 424 1785 483 εἷπον·

214 522 410 590 Κύριε,
434 518 749 590 μηδαμῶςο
785 518 874 574 ὅτι
911 520 1197 574 οὐδέποτε
1224 518 1430 575 κοινὸν
1456 520 1497 587 ἢ
1534 518 1789 587 ἀκάθαρ-

210 628 318 667 τον
344 610 640 681 εἰσῆλθεν
665 612 754 677 εις
777 609 845 664 τὸ
872 614 1067 681 στόμα
1084 628 1225 681 μου.
1264 610 1570 679 Ἀπεκρίθη
1596 608 1665 663 δέ
1686 627 1788 679 μοι

208 705 278 758 ἐκ
326 702 611 770 δευτέρου
652 700 821 770 φωνὴ
865 700 935 755 ἐκ
983 700 1090 755 τοῦ
1150 698 1430 768 οὐρανοῦ·
1476 702 1535 753 Ἀ
1574 701 1608 753 ό
1643 698 1788 764 Θεὸς

207 793 553 863 ἐκαθάρισε,
580 792 663 848 σὺ
684 792 771 864 μὴ
803 792 1030 848 κοίνου.
1068 792 1179 846 Καὶ
1215 792 1285 856 ἐξ
1310 791 1501 859 αὐτῆς
1526 790 1655 844 ἰδοὺ
1677 789 1788 845 δύο

207 885 429 954 ἄνδρες
458 883 849 953 εἱστήκεισαν
876 883 963 949 εις
990 882 1105 952 τὴν
1126 884 1341 937 οὶκίαν.
1383 881 1496 939 Kal
1527 877 1660 936 εἶπέ
1683 898 1787 951 μοι

206 978 276 1032 τὸ
300 978 546 1047 Πνεῦμα
566 995 581 1009 ·
614 976 882 1044 Πορεύου
919 974 1041 1029 σὺν
1089 973 1294 1041 αὐτοῖς
1336 972 1531 1043 μηδὲν
1566 973 1787 1042 διακρι-

204 1069 482 1137 νόμενος.
534 1067 646 1120 Καὶ
692 1066 879 1119 λοιπὸν
922 1064 1222 1135 διηγεῖται,
1268 1063 1345 1128 ὡς
1386 1065 1444 1117 ὲν
1502 1064 1784 1135 παραδολῇ

203 1154 399 1217 ταῦτα,
431 1153 469 1208 ἀ
500 1152 637 1225 πρὸς
659 1153 821 1206 αὑτὸν
858 1152 1104 1224 εἴρηταιο
1133 1152 1227 1205 καὶ
1252 1152 1330 1216 ὡς
1363 1152 1425 1205 οὐ
1457 1153 1579 1206 τότε
1613 1152 1787 1207 ἐδίδα-

202 1244 315 1311 ξεν,
344 1245 454 1309 ἕως
489 1239 580 1298 ὅτε
616 1247 645 1297 ό
686 1242 887 1315 Κύριος
923 1242 1170 1315 ἐναργῶς
1211 1232 1409 1310 ἔδειξεν
1452 1243 1601 1314 αὐτῷ
1635 1244 1671 1299 ἃ
1698 1244 1785 1299 διὰ

199 1335 312 1389 τῶν
344 1336 521 1404 λόγων
567 1334 664 1389 καὶ
704 1335 891 1388 τύπων
932 1334 1096 1388 αὑτὸν
1134 1333 1430 1390 ἐδίδασκεν.
1465 1334 1643 1400 Εὐθὺς
1676 1335 1785 1407 γὰρ

201 1424 368 1479 αὑτοῦ
399 1424 707 1491 ἀνοίξαντος
726 1425 788 1478 τὸ
812 1423 1006 1495 στόμα,
1025 1424 1115 1478 ὅτε
1135 1420 1298 1496 ἦλθεν
1322 1426 1402 1490 είς
1423 1427 1781 1496 Καισάρειαν,

201 1514 441 1567 ἐπέπεσε
485 1514 547 1566 τὸ
597 1512 822 1583 Πνεῦμα
860 1513 923 1566 τὸ
966 1513 1121 1581 ἅγιον
1167 1514 1261 1567 seu
1310 1514 1626 1585 Κορνήλιον.
1672 1515 1783 1568 Καὶ

202 1602 327 1655 ἰδὼν
365 1603 571 1674 Πέτρος
616 1598 767 1655 εἴπεο
816 1600 913 1669 Μή
956 1619 1048 1667 τις
1105 1600 1355 1656 δύναται
1400 1603 1669 1657 κωλῦσαι
1715 1603 1782 1657 τὸ

1885 424 2267 498 quadrupedia,
2316 432 2366 477 et
2412 422 2644 490 reptilia.
2690 417 2923 472 Etdixit
2954 418 3131 471 mihi:
3187 414 3384 471 Occide
3419 427 3471 470 et

1889 515 2170 569 manduca.
2188 514 2313 567 Dixi
2341 522 2516 566 autem
2530 509 2920 580 :Nequaquam,
2941 506 3326 578 Domine;quia
3343 504 3478 561 nihil

1886 619 2118 675 unquam
2134 618 2405 658 commune
2418 602 2497 657 vel
2518 599 2847 655 immundum
2859 598 3093 654 introivit
3118 599 3171 652 in
3188 615 3245 654 os
3276 614 3466 655 meum.

1892 694 2177 764 Respondit
2206 703 2379 747 autem
2403 692 2532 746 mihi
2567 706 2665 745 vox
2684 690 2747 745 de
2772 692 2897 746 caelo
2921 706 2940 745 .'
2973 690 3104 757 Qua:
3141 689 3280 745 Deus
3319 707 3473 744 mun-

1886 785 2052 849 daoit,
2099 794 2154 839 tu
2202 801 2265 839 ne
2305 784 2612 837 communia
2644 782 2868 837 dixeris.
2927 781 2996 835 Et
3037 782 3315 852 confestim
3355 797 3473 837 eccs

1887 876 1991 929 duo
2014 876 2109 929 viri
2140 875 2418 928 astiterunt
2450 873 2506 926 in
2535 871 2712 927 domo.
2763 870 2831 924 Et
2852 871 2988 924 dixit
3016 871 3145 924 mihi
3187 869 3418 939 Spiritus
3449 886 3468 924 :

1896 965 2042 1021 Vade
2072 982 2191 1019 cum
2212 965 2343 1031 ipsis
2370 964 2503 1018 nihil
2526 964 2781 1018 htesitans
2808 963 2849 1016 ί.
2876 966 3055 1031 Atque
3087 961 3161 1015 ita
3189 959 3467 1029 deinceps,

1888 1073 2008 1130 qua:
2046 1058 2148 1113 sibi
2186 1057 2436 1111 nuntiata
2482 1062 2612 1111 sunt
2650 1054 2801 1110 velut
2834 1067 2933 1124 per
2968 1052 3283 1123 parabolam
3321 1051 3468 1107 edis-

1887 1152 2022 1208 serit
2054 1168 2067 1203 :
2101 1165 2203 1205 nec
2232 1165 2311 1214 se,
2333 1150 2485 1219 prius
2510 1148 2577 1202 ad
2611 1145 2923 1203 docendum
2960 1143 3283 1209 accessisse,
3304 1156 3468 1213 quam

1886 1251 2071 1313 aperte
2125 1240 2390 1295 Dominus
2420 1253 2483 1293 ea
2530 1244 2882 1301 monstraret,
2913 1250 3037 1307 quae
3066 1234 3249 1290 verbis
3282 1240 3466 1296 antea,

1885 1334 2182 1405 tignrisque
2254 1331 2674 1401 significaverat.
2727 1325 2941 1382 Etenim
2989 1326 3213 1382 simulat
3257 1338 3365 1396 que
3404 1338 3468 1379 os

1883 1426 2289 1496 aperirepctepit
2313 1431 2426 1476 tum
2457 1436 2581 1476 cum
2621 1422 2926 1476 Ctesaream
2968 1420 3166 1490 attigit,
3227 1418 3467 1488 Spiritus

1883 1526 2109 1572 sanctus
2135 1516 2191 1570 in
2222 1512 2536 1569 Cornelium
2558 1511 2817 1583 delapsus
2843 1520 2947 1566 est.
2967 1507 3125 1576 Quod
3143 1510 3235 1564 ubi
3270 1508 3466 1564 Petrus

1883 1608 2189 1674 conspexit,
2253 1605 2527 1676 Nunquid,
2590 1606 2701 1667 ait,
2770 1617 2964 1673 aquam
3024 1602 3139 1671 quis
3196 1592 3468 1670 prohibere

197 1693 357 1763 ὕδωρ
386 1694 506 1747 ἀπὸ
540 1695 767 1748 τούτων
790 1692 911 1747 τῶν
932 1693 1415 1757 καταξιωθέντων
1446 1694 1513 1747 τὸ
1538 1695 1772 1765 Πνεῦμα

1880 1706 2051 1767 potest
2079 1697 2142 1751 ab
2176 1696 2277 1760 his,
2322 1674 2411 1765 qui
2461 1692 2666 1763 Spiritu
2716 1702 2925 1757 sancto,
2973 1692 3054 1744 uti
3080 1700 3129 1745 et
3163 1708 3258 1745 nos
3288 1692 3462 1753 initio,

194 1786 268 1839 τὸ
288 1785 481 1854 οᾶγιιον
510 1786 737 1851 λαϐεῖν,
763 1784 844 1852 ὡς
874 1783 973 1839 καὶ
1014 1786 1187 1855 ἡμεῖς
1208 1785 1279 1850 ἐξ
1300 1785 1529 1855 ἀρχῆς;
1560 1786 1633 1839 Τὸ
1670 1789 1778 1841 πᾶν

195 1877 254 1930 δὲ
286 1873 355 1948 ἢν
374 1877 535 1930 τοῦτο
558 1879 855 1950 μυστήριον
874 1917 889 1941 ,
916 1878 1013 1932 καὶ
1048 1879 1151 1950 τῆς
1182 1877 1275 1931 τοῦ
1315 1877 1447 1931 Θεοῦ
1473 1878 1777 1950 φιλανθρω-

194 1969 329 2033 πίας
352 1970 535 2041 ἔργον,
556 1971 705 2033 ὅπως
723 1972 751 2023 ὅ
778 1988 837 2024 τε
861 1970 1014 2040 ἅγιος
1036 1970 1242 2040 Πέτρος
1269 1971 1363 2025 καὶ
1400 1972 1507 2035 πᾶς
1529 1988 1612 2034 τις
1635 1970 1778 2039 γνώ-

197 2078 369 2123 σεται,
395 2062 478 2114 ὅτι
506 2061 607 2114 οὐκ
636 2062 728 2115 ἀπ’
757 2060 1059 2132 ἀνθρώπων
1102 2063 1134 2132 ἡ
1164 2061 1273 2114 τῶν
1313 2060 1482 2115 ἐθνῶν
1512 2062 1773 2133 σωτηρία,

192 2153 309 2207 ἀλλ’
343 2155 409 2206 ὲκ
438 2153 593 2206 Θεοῦ.
620 2152 902 2224 Προῦλαϐε
938 2153 1047 2224 γὰρ
1090 2154 1119 2206 ὁ
1156 2152 1292 2217 Θεὸς
1329 2153 1510 2208 δοῦναι
1543 2155 1644 2225 τὴν
1676 2154 1778 2207 ὂωο

196 2244 323 2316 ρεάν
344 2242 443 2297 τοῦ
469 2243 803 2315 Πνεύματος,
831 2245 925 2297 καὶ
954 2245 1052 2315 τὴν
1092 2242 1187 2297 τοῦ
1229 2245 1461 2313 ἀγγέλου
1489 2246 1773 2310 ὀπτασίαν,

194 2335 288 2389 καὶ
321 2335 420 2407 τὴν
444 2334 712 2406 ἀποδοχὴν
736 2338 834 2406 τῆς
861 2335 1044 2406 εὐχῆς,
1073 2336 1167 2389 καὶ
1202 2334 1487 2409 νηστειῶν,
1511 2338 1607 2390 καὶ
1639 2338 1775 2406 ἀγα-

192 2424 449 2480 θοποιιῶν
468 2446 483 2460 -
513 2427 600 2480 ἵνα
629 2427 657 2480 ὃ
690 2426 1085 2498 ἐπιστεύθησαν
1116 2426 1167 2480 οἱ
1207 2428 1511 2495 ἀπόστολοι,
1540 2427 1775 2500 μάλιστα

190 2518 221 2571 ὀ
247 2518 403 2587 ἅγιος
429 2518 655 2589 Πέτρος.
688 2517 784 2572 καὶ
811 2520 861 2572 οἱ
898 2519 1074 2572 λοιποὶ
1096 2519 1402 2584 ἀπόστολοι,
1432 2518 1509 2592 μὴ
1541 2521 1775 2574 ἀποστε-

193 2608 402 2681 ρήσωσι
428 2608 520 2662 τὸν
544 2610 609 2662 ὲκ
633 2608 768 2662 Θεοῦ
792 2610 932 2664 κατά
958 2609 1213 2681 ἀλήθειαν
1241 2609 1593 2681 κεκλημένον.

257 2702 333 2754 A'.
377 2700 540 2755 Ἀλλά
582 2700 758 2755 ταῦτα
797 2700 896 2771 μὲν
946 2699 1065 2755 τότε
1116 2700 1578 2773 ὲπραγματεύθη,
1620 2718 1773 2772 κινη-

187 2790 351 2845 θέντα
392 2791 500 2844 ὑπὸ
535 2791 630 2845 τοῦ
672 2791 1067 2863 προειρημένου
1106 2791 1540 2861 ψευδαποστόλου
1573 2792 1773 2865 Κηρίν-

187 2882 281 2935 θον
301 2899 316 2913 ο
346 2879 425 2945 ὼς
452 2883 546 2936 καὶ
574 2881 763 2936 ἄλλοτε
794 2883 982 2937 στάσιν
1008 2882 1168 2946 αὐτός
1212 2900 1270 2937 τε
1311 2883 1405 2937 καὶ
1442 2885 1489 2938 oi
1525 2886 1640 2956 μετ’
1674 2885 1771 2938 αὑ-

1879 1789 2085 1859 dignati
2106 1792 2263 1843 sunl’
2287 1788 2310 1842 τ
2340 1786 2454 1841 Iloc
2482 1800 2612 1841 vero
2625 1792 2799 1839 totum
2819 1783 3140 1855 mysterium
3164 1784 3461 1853 quoddam,

1878 1896 1943 1936 ac
1980 1880 2179 1934 divinae
2223 1878 2579 1946 benignitatis
2634 1890 2776 1947 opus
2828 1880 2968 1939 erat,
3008 1882 3065 1928 ut
3114 1880 3223 1927 tam
3268 1872 3465 1929 Petrus

1875 1985 2038 2041 quam
2069 1969 2249 2025 cmteri
2286 1983 2477 2024 omnes
2504 1968 2907 2038 intelligerent,
2958 1979 3069 2020 non
3116 1963 3481 2027 hominibus,

1876 2062 1970 2116 sed
2004 2060 2115 2116 Deo
2144 2059 2429 2131 gentilium
2456 2058 2689 2114 salutem
2711 2055 3211 2113 essetribuendam.
3246 2053 3462 2109 Etenim

1876 2167 2076 2208 mimus
2144 2151 2277 2207 illud
2330 2150 2502 2205 divini
2563 2148 2902 2219 Spiritus,et
2948 2147 3130 2218 angeli
3177 2153 3460 2216 aspectum

1875 2244 2061 2313 largiri
2118 2251 2274 2297 antea
2328 2243 2521 2306 voluit,
2566 2256 2779 2296 necnon
2820 2248 2876 2295 et
2960 2240 3108 2294 illius
3157 2239 3463 2309 approbare

1874 2349 2066 2405 preces
2088 2348 2152 2388 ac
2174 2333 2406 2403 jejunia,
2438 2333 2765 2403 reliquaque
2794 2330 2863 2386 ab
2891 2344 2957 2386 eo
2982 2338 3243 2401 praeclare
3266 2337 3419 2399 gesta
3443 2344 3461 2394 ;

1874 2434 1934 2481 ut
1962 2426 2107 2497 quod
2160 2426 2425 2497 apostolis
2460 2426 2844 2496 pracipueque
2890 2422 3072 2488 Petro,
3104 2421 3463 2476 commissum

1874 2515 2077 2579 fuerat,
2133 2529 2200 2571 eo
2251 2530 2322 2571 ne
2370 2516 2644 2585 privatum
2704 2513 2984 2569 hominem
3038 2513 3191 2567 illum
3234 2511 3457 2576 vellent,

1872 2621 2033 2679 quem
2062 2606 2205 2663 Deus
2230 2607 2412 2677 reipsa
2440 2616 2754 2662 vocaverat.

1943 2697 2034 2754 1V.
2071 2698 2247 2770 Atque
2268 2700 2382 2753 haec
2404 2698 2623 2768 quidem
2646 2713 2713 2753 eo
2727 2695 2889 2752 modo
2918 2702 3053 2751 tunc
3075 2693 3459 2751 administrata

1870 2799 2021 2856 sunt,
2051 2806 2173 2861 quae
2206 2790 2382 2848 falsus
2430 2790 2523 2845 ille
2554 2791 2835 2859 apostolus
2865 2788 3163 2843 Cerinthus
3200 2786 3460 2845 seditiose

1870 2893 2259 2941 commoverat.
2338 2882 2809 2950 Quemadmodum
2872 2879 3007 2936 alias
3067 2878 3459 2951 Hierosolymis

186 2971 278 3026 τοῦ
318 2973 650 3043 εἰργάσαντο
696 2975 754 3028 ὲν
803 2973 941 3047 αὐτῇ
989 2978 1053 3046 τῇ
1100 2972 1488 3048 Ἰερουσαλὴμ,
1533 2975 1770 3048 ὁπηνίκα

1875 2993 1995 3035 cum
2025 2978 2140 3035 suis
2164 2979 2304 3033 idem
2334 2978 2426 3033 ille
2461 2978 2729 3033 tumultus
2779 2976 3019 3032 concivit
3053 2993 3066 3030 :
3096 2972 3316 3045 quando
3350 2974 3460 3030 sci-

185 3063 401 3127 Παῦλος
433 3064 627 3135 ἀνῆλθε
662 3064 798 3135 μετά
834 3066 1017 3131 Τίτου,
1064 3065 1144 3131 ὡς
1185 3069 1279 3122 καὶ
1308 3063 1461 3131 οὗτος
1510 3067 1615 3138 ἔφη
1638 3111 1652 3135 ,
1686 3070 1768 3125 ὅτι

190 3156 444 3222 ’.ἄνδρας
494 3156 908 3225 ἁκροόὑστους
959 3158 1273 3229 εἰσήνεγκε
1325 3162 1454 3230 μεθ’
1514 3160 1732 3217 ἑαυτοῦ
1751 3204 1767 3230 ,

186 3245 285 3317 ἤδη
321 3244 453 3317 περὶ
481 3248 671 3301 τούτου
705 3248 898 3317 λέγων,
932 3250 1262 3315 Κεκοίνωκε,
1290 3251 1442 3323 φησὶ,
1489 3253 1582 3305 τὸν
1616 3253 1769 3322 ἆγιον

184 3337 370 3391 τότ-εον.
403 3338 495 3391 Διὸ
544 3338 639 3392 καὶ
670 3339 880 3405 Παῦλος
918 3339 1065 3409 λέγει
1088 3357 1102 3374 ·
1148 3343 1300 3397 Ἀλλ’
1342 3342 1485 3397 οὐδὲ
1531 3343 1699 3410 Τῖτος
1735 3346 1769 3399 ὀ

184 3427 306 3481 σὺν
330 3429 481 3498 ἐμοὶ,
516 3431 753 3499 Ἕλλην
780 3429 883 3496 ὢν,
918 3432 1272 3504 ἠναγκάσθη
1313 3436 1763 3506 περιτμηθῆναι·

185 3517 279 3573 διὰ
306 3520 376 3573 δὲ
415 3521 560 3587 τοὺς
581 3523 1018 3592 παρεισάκτους
1050 3523 1525 3595 ψευδαδέλφους,
1549 3528 1767 3595 οἵτινες

186 3612 601 3681 παρεισῆλθον
616 3616 1077 3685 κατασκοπῆσαι
1094 3616 1209 3684 τὴν
1218 3617 1565 3686 ἐλευθερίαν
1576 3616 1765 3688 ἡμῶν,

185 3701 265 3771 ἢν
302 3704 527 3775 ἔχομεν
551 3706 621 3759 ἐν
648 3706 899 3775 Χριστῷ,
942 3702 1032 3775 οἷς
1068 3707 1210 3763 οὐδὲ
1238 3711 1385 3778 πρὸς
1420 3708 1580 3779 ὤραν
1606 3710 1768 3776 εἴξα-

186 3812 293 3863 μεν
316 3796 393 3879 τῇ
423 3797 712 3867 ὑποταγῇ.
736 3798 846 3853 Καὶ
869 3800 979 3864 τοῖς
999 3801 1057 3854 ἰν
1091 3800 1425 3873 ἀκροϐυστία
1456 3802 1767 3874 παραγγέλ-

186 3887 291 3945 λων
324 3889 512 3958 ἓλεγεν
531 3904 544 3919 ⁸
570 3891 664 3960 Μὴ
683 3892 1133 3960 περιτέμνεσθε”
1159 3890 1271 3957 ὅτι,
1292 3892 1401 3947 ἐὰν
1419 3892 1767 3963 περιτέμνη-

186 3984 311 4045 σθε,
347 3980 604 4049 Χριστὸς
628 3979 783 4051 ὑμᾶς
811 3981 994 4036 οὐδὲν
1027 3982 1343 4053 ὠφελήσει.
1399 3984 1665 4053 Διήρκεσε
1709 3983 1766 4037 δὲ

190 4074 218 4143 ἢ
249 4072 522 4145 περιτομὴ
548 4074 725 4145 χρόνῳ
750 4074 1161 4146 ὑπηρετήσασα,
1192 4075 1296 4137 ἕως
1328 4075 1361 4146 ἡ
1394 4075 1594 4145 μείζων
1620 4091 1767 4146 περι-

192 4166 321 4236 τομὴ
347 4165 685 4236 παρεγένετο
706 4204 721 4230 ,
756 4166 1001 4219 τουτέστι
1029 4165 1092 4220 τὸ
1124 4166 1349 4238 λουτρὸν
1379 4167 1477 4237 τῆς
1509 4167 1767 4237 παλιγγε-

190 4256 388 4319 νεσίας,
409 4254 485 4320 ὡς
508 4254 671 4307 παντί
694 4271 771 4324 τῳ
791 4255 947 4324 δῆλόν
977 4256 1115 4317 ἐστι,
1148 4254 1243 4321 καὶ
1289 4253 1618 4327 σαφέστερον
1659 4254 1764 4310 δεί-

1871 3074 1998 3128 licet
2029 3087 2153 3128 cum
2184 3072 2309 3127 Tito
2342 3071 2545 3128 Paulus
2576 3072 2817 3138 advenit,
2867 3080 3033 3143 atque
3080 3072 3155 3127 ita
3184 3070 3328 3127 idem
3365 3070 3459 3129 ille

1868 3163 2086 3219 locutus
2133 3170 2237 3219 est.
2310 3161 2460 3217 Viros
2480 3163 2795 3233 prmputium
2849 3162 3098 3216 habentes
3147 3178 3329 3216 secum
3368 3161 3456 3215 in-

1868 3255 2022 3309 duxit
2040 3253 2082 3318 ⁸,
2110 3254 2311 3325 quibus
2338 3251 2405 3307 de
2428 3251 2551 3307 Tito
2586 3251 2928 3323 significabat
2953 3269 2966 3305 :
2992 3248 3195 3305 Locum
3216 3291 3231 3316 ,
3257 3250 3455 3320 inquit,

1868 3350 2122 3398 sanctum
2172 3338 2463 3411 profanum
2514 3337 2663 3396 fecit.
2694 3339 2875 3407 Quare
2923 3339 2998 3394 ita
3032 3338 3236 3395 Paulus
3263 3339 3401 3394 dixit
3436 3357 3451 3396 :

1868 3432 1974 3493 Sed
1996 3451 2156 3506 neque
2188 3435 2334 3489 Titus
2363 3435 2452 3505 qui
2494 3449 2694 3489 mecum
2734 3440 2870 3499 erat,
2896 3449 3014 3487 cum
3042 3441 3177 3488 esset
3210 3432 3447 3502 gentilis,

1867 3528 2165 3598 compulsus
2194 3535 2273 3582 est
2296 3527 2624 3581 circumcidi.
2658 3525 2763 3581 Sed
2795 3535 3007 3596 propter
3027 3524 3453 3580 subintroductos

1867 3619 2033 3689 falsos
2066 3620 2280 3687 fratres,
2298 3619 2389 3688 qui
2420 3617 2831 3673 subintroierunt
2857 3619 3133 3687 explorare
3157 3617 3452 3673 libertatem

1864 3730 2025 3785 quam
2045 3714 2295 3767 habemus
2342 3714 2396 3766 in
2442 3712 2673 3769 Christo.
2709 3714 2913 3781 Quibus
2954 3732 3117 3784 neque
3162 3714 3230 3768 ad
3265 3715 3452 3768 horam

1866 3808 2116 3860 cessimus
2170 3806 2491 3873 subjectione
2523 3804 2565 3857 ⁸.
2606 3803 2818 3860 Deinde
2869 3808 3140 3876 prmputio
3191 3806 3451 3876 praeditos

1867 3897 1953 3953 his
1982 3898 2159 3953 verbis
2213 3897 2574 3951 hortabatur:
2611 3894 2794 3951 Nolite
2825 3897 3154 3950 circumcidi.
3199 3894 3345 3949 Nam
3400 3897 3448 3949 si

1867 3989 2338 4054 circumcidamini,
2358 3987 2599 4045 Christus
2619 3987 2753 4043 nihil
2766 3988 2998 4057 proderit
3018 3987 3062 4043 ⁸.
3086 3986 3449 4042 Circumcisio

1868 4090 2031 4147 porro
2064 4076 2255 4131 tandiu
2310 4092 2470 4134 suum
2520 4085 2737 4148 tempus
2783 4076 2997 4142 habuit,
3042 4076 3217 4132 donec
3271 4075 3449 4145 major

1866 4168 2220 4224 circumcisio
2260 4169 2381 4239 ejus
2426 4176 2513 4224 est
2547 4169 2669 4224 loco
2701 4167 3020 4231 substituto,
3063 4167 3219 4237 113
3250 4183 3448 4237 nempe

1867 4258 1959 4313 illa
2014 4260 2234 4315 lolionis
2283 4260 2474 4315 iterata
2536 4260 2861 4329 generatio;
2930 4258 2983 4313 id
3047 4258 3192 4329 quod
3240 4258 3447 4313 nemini

188 4363 373 4399 ιινιιται
417 4344 528 4399 ἀπὸ
564 4344 674 4397 τῶν
726 4344 877 4417 παρά
917 4348 1029 4409 τοῖς
1074 4345 1393 4411 ἀποστόλοις
1436 4348 1763 4418 εἰρημένων,

1875 4351 2164 4405 obscurqu
2219 4359 2325 4416 est,
2384 4350 2803 4420 evidentiusque
2839 4364 2936 4422 per
2962 4365 3026 4405 ea
3060 4366 3182 4422 quae
3222 4366 3345 4404 cum
3377 4348 3448 4405 ab

190 4438 425 4507 μάλιστα
457 4436 608 4507 παρά
642 4436 721 4507 τῷ
766 4438 905 4509 ἁγίῳ
941 4438 1267 4510 Ἀποστόλῳ.
1296 4440 1497 4494 Φάπκει
1536 4439 1641 4512 γὰρ
1673 4439 1764 4494 οὖ-

193 4542 321 4589 τως·
364 4525 468 4591 Οἷς
505 4524 648 4579 οὐδὲ
693 4526 843 4594 πρὸς
878 4525 1043 4595 ὥραν
1076 4527 1323 4598 εἴξαμεν
1351 4528 1430 4598 τῇ
1469 4529 1759 4599 ὑποταγῇ.

188 4615 353 4669 Παντὶ
383 4616 445 4669 δὲ
475 4614 554 4685 τῷ
582 4615 887 4688 βουλομένῳ
911 4619 1191 4672 κατανοεῖν
1213 4618 1283 4672 τὰ
1308 4618 1457 4691 παρά
1484 4621 1597 4684 τοῖς
1624 4621 1763 4674 ἀπο-

188 4707 391 4770 στόλοις
435 4708 560 4761 τότε
611 4709 1181 4780 πεπραγματευμένα,
1226 4710 1500 4782 θαυμάσαι
1550 4711 1760 4776 ἔπεστι,

186 4799 303 4864 πῶς
324 4801 396 4854 τὰ
416 4800 571 4872 παρά
590 4804 655 4872 τῇ
681 4802 888 4873 αἱρέσει
912 4802 1083 4874 ταύτῃ
1103 4801 1166 4868 ἐξ
1194 4804 1436 4867 ἐπινοίας
1456 4802 1765 4874 πνεύματος

186 4891 394 4963 πλάνης
421 4891 782 4962 ἑνεργηθεντα
809 4892 900 4947 τὸν
934 4894 1255 4965 χαρακτῆρα
1283 4893 1628 4948 ὑποδείκνυσι
1654 4895 1763 4948 τῶν

186 4980 276 5035 διὰ
302 4983 412 5035 τῶν
442 4982 710 5055 αἱρέσεων
739 4983 944 5037 τούτων
978 4985 1036 5037 ὲν
1069 4987 1183 5048 τοῖς
1209 4984 1530 5049 ἀποστόλοις
1554 4984 1655 5058 τὴν
1679 4985 1764 5039 κί-

188 5084 345 5140 νησιν
385 5074 799 5144 ιργασαμένων.
831 5073 1212 5127 ’Δποστάντων
1252 5073 1362 5147 γὰρ
1404 5074 1629 5140 τούτων,
1668 5076 1764 5129 καὶ

187 5161 271 5223 είς
311 5161 774 5230 ψευδαποστόλους
820 5164 1167 5235 τραπέντων,
1218 5166 1313 5219 καὶ
1357 5165 1549 5229 ἀλλους
1597 5165 1759 5236 ψευῶ

185 5252 515 5316 αποστόλους
551 5253 1007 5317 ἀποστειλάντων,
1053 5254 1128 5317 ὡς
1160 5256 1253 5308 καὶ
1288 5255 1387 5326 ἤδη
1415 5255 1757 5327 προείρηται,

185 5342 268 5405 είς
297 5342 393 5413 τὴν
434 5344 762 5414 Ἀντιόχειαν
798 5347 856 5399 ὲν
885 5347 1052 5417 ἀρχῇ,
1081 5347 1175 5400 καὶ
1206 5347 1286 5411 είς
1322 5347 1512 5412 ἄλλους
1537 5350 1756 5413 τόπους,

186 5431 459 5504 λέγοντας,
485 5438 593 5501 ὅτι,
636 5437 776 5492 Ἐὰν
815 5437 901 5508 μὴ
948 5439 1360 5510 περιτμηθῆτε,
1424 5440 1524 5496 καὶ
1564 5441 1761 5511 φυλά-

260 5611 276 5644 ¹
319 5613 433 5668 Act.
480 5629 558 5679 ιι,
604 5613 752 5671 5-H.
830 5617 849 5648 ²
883 5613 1001 5670 Act.
1038 5632 1089 5679 ι,
1120 5616 1205 5671 47.
1281 5617 1301 5648 ³
1328 5619 1443 5671 Act.
1482 5634 1552 5681 τι,
1582 5619 1633 5672 5.

1870 4441 1993 4495 aliis
2052 4441 2335 4510 apostolis,
2365 4451 2478 4494 tum
2538 4440 2809 4511 pmcipuc
2842 4456 2870 4493 a
2911 4438 3082 4495 Paulo
3109 4439 3255 4494 dicta
3292 4448 3443 4505 sunt,

1868 4530 2196 4586 ostenditur.
2250 4530 2327 4584 ita
2376 4532 2526 4605 enim
2557 4531 2688 4585 ille:
2727 4530 2929 4596 Quibus
2975 4546 3136 4601 neque
3170 4530 3238 4583 ad
3259 4529 3444 4583 harant

1867 4624 2117 4677 cessimus
2168 4620 2508 4692 subjectione.
2566 4620 2721 4689 Quod
2777 4623 2823 4679 si
2886 4622 3011 4692 quis
3053 4636 3115 4677 ea
3161 4633 3283 4691 quae
3327 4629 3443 4676 tum

1867 4714 1935 4768 ab
1983 4698 2245 4784 apostolis
2302 4724 2454 4785 gesta
2507 4722 2637 4769 sunt
2696 4711 3133 4767 animadvertere
3184 4711 3441 4774 voluerit,

1866 4803 1993 4857 huic
2027 4802 2283 4857 admirari
2314 4804 2638 4873 cumprimis
2664 4810 2938 4867 occurret,
2982 4799 3442 4871 quemadmodum

1863 4908 1984 4963 qua:
2004 4900 2117 4947 tum
2147 4892 2214 4946 ab
2246 4893 2345 4946 hac
2378 4891 2573 4946 διεωεί
2593 4889 2873 4945 mendacis
2920 4888 3185 4944 instinctu
3212 4887 3443 4957 spiritus

1864 4984 2240 5040 administrata
2258 4981 2676 5052 sunt,’proprias
2700 4980 2917 5035 illorum
2937 4990 3096 5035 notas
3110 4979 3441 5048 exprimant,

1864 5075 1955 5146 qui
1985 5089 2082 5145 per
2115 5072 2423 5128 istiusmodi
2447 5073 2683 5127 htereses
2716 5080 2898 5125 motus
2938 5069 3060 5124 illos
3091 5069 3146 5122 in
3176 5068 3441 5138 apostolis

1864 5166 2214 5222 concitarunt
2243 5182 2257 5218 :
2284 5178 2409 5218 nam
2442 5177 2569 5218 cum
2597 5162 2688 5219 isti
2718 5177 2747 5215 a
2792 5160 2915 5216 ﬁdei
2959 5159 3269 5231 integritate
3290 5156 3440 5213 defe-

1864 5263 2088 5325 cissent,
2114 5268 2168 5314 et
2194 5260 2247 5313 in
2271 5257 2438 5313 falsas
2459 5257 2737 5328 apostolos
2766 5261 2952 5312 essent
2975 5251 3246 5319 conversi,
3273 5251 3440 5307 alios-

1865 5366 1972 5421 que
2010 5347 2234 5421 perinde
2286 5346 2453 5403 lalsos
2485 5348 2765 5417 apostolos
2811 5346 3109 5409 misissent,
3158 5342 3252 5416 qui
3282 5342 3435 5397 dice-

1868 5451 1991 5499 rent
2034 5440 2203 5496 :Nisi
2244 5438 2746 5511 _circumcidamini,
2801 5449 2850 5495 et
2907 5436 3220 5495 custodiatis
3272 5434 3439 5506 legem

1712 5618 1730 5649 ⁸
1765 5618 1937 5675 Galat.
1975 5636 2033 5686 ll,
2070 5619 2186 5674 3-5.
2267 5618 2287 5650 ⁵
2323 5617 2500 5677 Galal.
2551 5636 2602 5687 ν,
2630 5618 2685 5672 2.
