3946 6074
452 199 571 264 δεε
1866 204 1922 261 S.
1965 203 2067 257 ΕΡΙ

2173 202 2304 257 AN"
3614 193 3730 251 384

461 321 657 392 Moysi,
681 337 786 376 non
815 308 1036 391 poisstis
1065 321 1265 376 salvari
1283 323 1322 385 ⁸,
1358 321 1549 391 ingens
1581 320 1705 378 inde
1727 321 1871 377 facta
1889 337 2038 377 com-

2173 325 2281 388 ἠτε
2317 321 2422 372 τὸν
2456 319 2641 387 νόμον
2677 315 2992 381 Μωῦσέως,
3023 315 3093 368 οὐ
3125 313 3390 366 δύνασθε
3426 311 3729 381 σωθῆναι*

461 415 632 469 motio
667 421 774 477 est,
809 424 866 468 ut
917 423 1044 469 ante
1073 414 1336 468 diximus.
1383 415 1561 483 Atque
1619 414 1694 468 illi
1748 415 1850 484 ipsi
1906 423 2037 470 sunt

2173 412 2247 479 ιὺχ
2271 413 2303 481 ή
2331 409 2572 479 τυχοῦσα
2596 408 2712 461 τότε
2747 406 2960 478 ταραχὴ
3005 404 3244 472 ἐγένετο,
3267 402 3343 465 ὼς
3375 402 3726 474 προείρηται.

461 519 601 572 quos
639 504 842 559 Paulus
879 503 1044 573 falsos
1075 505 1352 572 apostolos
1383 511 1565 568 vocat,
1592 505 1878 574 operarios
1909 488 2040 558 sub-

2173 503 2250 556 Lai.
2273 496 2415 556 οὗτοί
2460 502 2594 553 εἰσιν
2637 501 2686 552 οἱ
2736 497 2887 568 παρά
2923 496 3001 566 τῷ
3039 494 3236 564 Παύλῳ
3264 493 3549 567 εἰρημένοι
3572 492 3734 562 ψευδ-

463 596 643 660 dolos,
674 594 1131 650 transformantes
1157 610 1215 650 se
1238 595 1292 648 in
1326 596 1604 665 apostolos
1643 595 1848 650 Christi
1889 597 1932 652 '.

2173 593 2446 651 «decolat,
2493 591 2719 661 ἐργάται
2762 588 2956 653 δόλιοι,
3002 584 3606 656 μετασχηματιζόμενοι
3647 586 3731 648 εἰς

2141 681 2469 744 ἀποστόλους
2496 679 2754 752 Χριστοῦ.
3301 721 3304 724 .

539 767 604 820 V.
646 768 881 822 Matthaai
917 769 1061 824 enim
1103 769 1398 841 Evangelia
1437 785 1546 824 non
1575 771 1808 841 integro,
1852 770 1946 825 sed
1975 786 2041 824 ex

2215 775 2290 827 E'.
2342 771 2595 843 Χρῶνται
2627 771 2736 842 γάρ
2779 770 2856 840 τῷ
2893 768 3034 823 κατά
3080 767 3355 822 Ματθαῖον
3404 763 3734 834 Εὐαγγελίῳ

469 871 622 930 parte
659 861 928 914 duntaxat
963 870 1214 926 utuntur,
1246 862 1505 916 nimirum
1539 871 1756 931 propter
1800 863 2046 931 genealo-

2173 865 2252 917 ιπὺ
2289 865 2509 935 μέρους,
2548 863 2641 915 καὶ
2696 861 2818 932 οὐχὶ
2849 860 2956 931 ὅλῳ
2980 878 2993 891 ·
3031 858 3168 912 ἀλλά
3207 857 3297 911 διά
3339 857 3440 927 τὴν
3479 856 3738 926 γενεαλο-

467 954 633 1022 giam,
671 967 795 1021 quae
842 952 963 1022 ejus
1005 961 1090 1008 est
1134 954 1316 1008 carnis
1349 953 1590 1023 propria,
1635 953 1780 1022 quod
1827 952 2044 1022 quidem

2173 953 2272 1005 ’ίαν
2311 953 2410 1024 τὴν
2445 951 2729 1022 ἐνσαρκον,
2765 950 2860 1004 καὶ
2903 949 3106 1019 ταύτην
3151 946 3456 1018 μαρτυρίαν
3501 944 3736 1016 φέρουσι

471 1043 745 1115 Evangelii
803 1046 1170 1100 testimonium
1216 1045 1466 1108 alierum,
1521 1053 1682 1113 atque
1731 1045 1802 1098 ila
1851 1043 2048 1113 pradi-

2173 1041 2254 1094 ιπὸ
2297 1041 2392 1094 τοῦ
2435 1040 2788 1109 Εὑαγγελίου,
2824 1039 2984 1093 πάλιν
3013 1039 3283 1106 λέγοντες,
3329 1038 3411 1090 ὅτι
3460 1035 3742 1104 Ἄρκετύν

471 1144 620 1190 cant.
655 1134 853 1204 Sufﬁcit
883 1136 1162 1204 discipulo,
1199 1136 1245 1190 si
1293 1137 1361 1188 sit
1405 1137 1540 1188 sicut
1583 1137 1831 1205 magister
1867 1139 1978 1204 ejus
2005 1136 2045 1190 ³.

474 1225 616 1291 Quid
668 1227 852 1296 igitur,
906 1227 1200 1296 inquiunt?
1253 1227 1624 1282 Circumcisus
1661 1235 1744 1282 est
1773 1226 1964 1282 Jesus:
1991 1236 2048 1282 tu

475 1333 692 1386 quoque
740 1318 856 1384 ipse
889 1317 1300 1372 circumcidere.
1333 1316 1587 1372 Christus
1632 1333 1696 1373 ex
1742 1319 1877 1387 legis
1911 1334 2050 1388 prte-

476 1407 685 1476 scripto
713 1409 878 1461 vitam
905 1409 1140 1462 instituit
1165 1427 1179 1461 :
1206 1417 1262 1462 tu
1291 1409 1456 1480 igitur
1482 1408 1670 1463 eadem
1705 1409 1891 1464 facito.
1915 1409 2052 1463 Hinc

477 1500 723 1552 nonnulli
755 1499 834 1552 sic
873 1501 942 1554 ab
964 1501 1072 1556 illis
1096 1507 1354 1570 tanquam
1393 1502 1676 1556 venenatis
1709 1502 2054 1572 serpentibus

475 1588 688 1655 abrepti
723 1588 1116 1644 verisimilibus
1146 1587 1359 1643 illorum
1394 1589 1700 1642 rationibus
1745 1587 2056 1643 assentiuno

2150 1129 2228 1196 τῷ
2246 1130 2505 1201 μαθητῇ,
2537 1132 2637 1184 ἵνα
2670 1129 2909 1200 γένηται
2933 1129 3014 1194 ὠς
3039 1129 3070 1180 ὀ
3091 1125 3481 1194 διδάσκαλος.
3517 1125 3582 1177 Τί
3603 1120 3698 1177 οὖν
3719 1165 3737 1189 ,

2151 1222 2306 1290 (paci;
2333 1221 2685 1292 Περιετμήθη
2710 1221 2738 1272 ὁ
2773 1219 2995 1290 Ἰησοῦς·
3029 1215 3398 1288 περιτμήοητι
3426 1216 3524 1268 καὶ
3549 1214 3736 1276 αὐτός.

2152 1312 2383 1384 Χριστὸς
2417 1311 2557 1365 κατὰ
2587 1311 2768 1381 νόμον,
2805 1310 2987 1379 φασὶν,
3018 1307 3419 1370 ἐπολιτεύσατο,
3450 1307 3547 1358 καὶ
3574 1304 3741 1368 αὐτὸς

2152 1405 2221 1456 τὰ
2258 1404 2348 1456 ῐσα
2379 1404 2624 1472 ποίησον.
2661 1401 2824 1455 Ὅθεν
2870 1400 2963 1453 καί
2995 1417 3140 1462 τινες
3166 1401 3230 1452 ἐκ
3257 1397 3486 1461 τούτων,
3526 1396 3602 1459 ὡς
3631 1397 3742 1450 ὑπὸ

2153 1496 2492 1566 δηλητηρίων
2523 1493 2990 1566 ὑφαρπαχθέντες,
3034 1490 3310 1544 πείθονται
3354 1492 3474 1550 ταῖς
3507 1489 3739 1542 πιθανο-

2156 1587 2363 1655 λογίαις
2401 1586 2491 1640 διὰ
2528 1586 2587 1639 τὸ
2624 1585 2715 1639 τὸν
2759 1584 2992 1655 Χριστὸν
3044 1581 3495 1654 περιτετμῆσθαι.
3533 1580 3638 1636 Τὸν
3679 1581 3741 1634 δὲ

476 1684 588 1741 tur,
623 1691 688 1730 ex
723 1691 788 1730 eo
841 1678 1076 1732 maxime
1107 1679 1252 1746 quod
1284 1686 1335 1730 et
1377 1677 1629 1732 Christus
1677 1678 2056 1733 circumcisio-

2173 1677 2368 1732 Παῦλον
2397 1676 2668 1740 ἁθετοῦσι,
2704 1676 2791 1730 διά
2820 1677 2881 1729 τὸ
2919 1677 2991 1746 μὴ
3019 1673 3301 1728 πείθεσθαι
3340 1675 3405 1743 τῇ
3439 1675 3737 1743 περιτομῇ.

478 1783 600 1832 nem
647 1769 971 1836 susceperit.
1023 1769 1177 1833 Quod
1224 1769 1290 1821 ad
1336 1768 1564 1822 Paulum
1609 1771 1863 1838 pertinet,
1911 1769 2057 1823 hunc

479 1861 700 1930 penitus
729 1861 1049 1930 explodunt,
1085 1871 1368 1930 propterea
1401 1863 1543 1932 quod
1581 1862 2056 1916 circumcisione!-

480 1952 770 2011 abdiearit.
816 1960 870 2006 et
898 1953 1149 2006 eumdem
1195 1953 1401 2007 idcirco
1433 1954 1708 2022 rejiciunt,
1741 1954 1886 2024 quod
1916 1954 2059 2009 istud

483 2041 845 2108 usurpaverit.
876 2040 1182 2110 Quicunque
1212 2041 1265 2094 iu
1302 2041 1407 2110 lege
1429 2040 1804 2111 justiﬁeamiui
1835 2057 1866 2092 α
1888 2040 2063 2110 gratia

479 2131 820 2197 cxcidistis‘;
869 2140 944 2198 et,
1004 2131 1065 2187 Si
1115 2131 1592 2196 circumcidamiui,
1641 2131 1885 2188 Christus
1930 2131 2065 2185 nihil

481 2223 623 2277 vobis
651 2222 880 2290 proderit
899 2226 944 2277 ⁵.

559 2309 640 2364 Vl.
687 2313 765 2366 Ad
812 2313 926 2367 hmc
967 2312 1263 2371 Cerinthus
1305 2315 1470 2371 homo
1511 2315 1763 2379 stolidus,
1805 2329 1870 2369 ac
1909 2313 2064 2369 stoli-

480 2402 676 2457 dorum
721 2405 1005 2474 magister,
1031 2405 1212 2461 dicere
1260 2407 1392 2460 nihil
1446 2416 1530 2462 est
1567 2407 1798 2471 veritus,
1839 2421 2062 2476 passum

483 2494 701 2564 quidem
747 2509 810 2548 ac
843 2496 1168 2550 cruciﬁxum
1209 2514 1331 2554 esse
1366 2498 1666 2564 Christum,
1709 2499 1950 2553 nondum
1985 2507 2066 2552 ta-

483 2597 608 2638 men
653 2598 683 2636 a
735 2585 969 2640 mortuis
1016 2588 1338 2654 excitatum,
1391 2603 1455 2642 ac
1513 2595 1626 2642 tum
1678 2587 1896 2643 demum
1940 2603 2064 2641 cum

401 2664 404 2667 ’
487 2673 688 2726 mortui
727 2683 1012 2746 resurgent
1049 2692 1238 2732 omnes
1268 2678 1642 2732 excitandum.
1681 2678 1868 2748 Itaque
1918 2679 2068 2743 ejus.

487 2765 632 2820 modi
666 2765 882 2820 illorum
923 2776 976 2822 et
1011 2769 1176 2833 dicta,
1205 2776 1260 2823 et
1303 2769 1560 2839 dogmata
1605 2771 1879 2824 cohaerere
1914 2769 2066 2823 nullo

486 2858 650 2910 modo
679 2867 932 2927 possunt.
975 2860 1325 2930 Indidemque
1349 2861 1558 2916 Paulus
1589 2862 1671 2917 sic
1720 2877 1814 2916 eos
1852 2861 1944 2930 qui
1983 2876 2070 2915 re-

489 2956 837 3001 surrecturos
865 2957 1112 3003 mortuos
1141 2949 1444 3005 diliiderent
1472 2950 1763 3019 redarguit.
1791 2949 1850 3005 Si
1875 2950 2069 3004 mortui

2173 1771 2332 1824 Ἀλλὰ
2355 1772 2449 1824 καὶ
2473 1770 2817 1824 ἐκϐάλλουσιν
2838 1769 3021 1832 αὑτὸν,
3052 1766 3216 1820 διὰτὸ
3236 1765 3535 1837 εἰρηκέναι·
3569 1765 3740 1817 Ὅσοι

2160 1862 2228 1914 ἐν
2254 1863 2413 1931 νόμῳ
2437 1861 2801 1924 δικαιοῦσθε,
2833 1859 2942 1928 τῆς
2971 1859 3209 1928 χάριτος
3245 1855 3596 1921 ἐξεπέσατε·
3642 1855 3742 1907 καὶ

2161 1953 2264 2014 ὃτι,
2330 1951 2472 2037 Ἑέιν
2527 1949 2978 2020 περιτέμνησθε,
3037 1948 3289 2017 Χριστὸς
3344 1944 3504 2017 ὑμᾶς
3561 1944 3748 2000 οὐδὲν

2162 2042 2498 2112 ὠφελήσει..
3352 2050 3365 2062 ‘

2237 2314 2309 2366 Z'.
2345 2305 2512 2374 Οὗτος
2539 2310 2595 2363 δὲ
2622 2311 2650 2362 ό
2672 2307 2939 2380 Κήρινθος
2975 2307 3200 2377 ἀνόητος
3223 2306 3316 2358 καὶ
3342 2305 3589 2374 ἀνοήτων
3605 2304 3751 2360 διδά-

2169 2402 2365 2466 σκαλος
2395 2402 2592 2470 φάσκει
2623 2398 2784 2452 πάλιν
2809 2399 3108 2468 τολμήσας.
3150 2397 3384 2468 Χριστὸν
3418 2395 3750 2449 πεπονθέναι

2167 2496 2260 2550 καὶ
2291 2491 2688 2564 ἐσταυρῶσθαι,
2737 2492 2904 2562 μήπω
2937 2491 2992 2543 δέ
3034 2488 3356 2561 ἐγηγέρθαι.
3412 2487 3648 2541 Μέλλειν
3691 2486 3750 2541 δὲ

2166 2583 2508 2648 ἀνίστασθαι,
2542 2586 2668 2639 ὅταν
2699 2586 2731 2655 ἡ
2759 2582 2986 2635 καθόλου
3023 2581 3248 2650 γένηται
3279 2579 3488 2649 νεκρῶν
3512 2578 3751 2632 ἀνάστα-

2169 2695 2275 2740 σις.
2332 2677 2634 2729 Ἀσύστατα
2679 2675 2856 2728 τοίνυν
2899 2673 3074 2726 ταῦτα
3117 2673 3248 2742 παρ’
3298 2672 3530 2733 ἐκείνοις
3574 2670 3646 2723 τά
3689 2687 3750 2723 τε

2169 2771 2390 2841 ῥήματα
2423 2769 2517 2822 καὶ
2551 2768 2815 2837 νοήματα.
2852 2766 3015 2818 Ὅθεν
3046 2765 3140 2818 καὶ
3163 2767 3190 2815 ὁ
3218 2762 3426 2825 Παῦλος
3455 2761 3754 2831 ἐκπληττό-

2173 2873 2332 2927 μενος
2355 2859 2468 2920 τοῖς
2501 2857 2597 2926 μὲν
2626 2855 2917 2909 ἀπιστοῦσι
2948 2857 3014 2926 τῇ
3063 2854 3354 2907 ἀναστάσει
3391 2851 3498 2906 τῶν
3538 2853 3752 2923 νεκρῶν

2169 2952 2235 3020 τῇ
2279 2947 2542 3020 μελλούσῃ
2573 2947 2810 3012 ἔσεσθαι,
2835 2947 3000 3015 λέγει·
3044 2949 3111 3000 El
3137 2946 3333 3013 νεκροὶ
3356 2947 3466 2998 οὐκ
3489 2944 3739 3013 ἐγείρωσι

489 3053 592 3089 uou
628 3047 926 3107 resurgunt,
971 3056 1131 3110 neque
1168 3039 1409 3095 Christus
1455 3042 1808 3102 resurrexit“.
1837 3041 2067 3096 Eodem-

2173 3059 2287 3106 ται,
2310 3038 2451 3094 οὐδὲ
2475 3039 2728 3108 Χριστὸς
2755 3037 3083 3108 ἐγήγερται·
3118 3038 3211 3090 καὶ
3241 3037 3320 3098 τὸ,
3346 3035 3631 3104 Φὰγωμεν
3653 3036 3754 3089 καὶ

489 3145 597 3198 que
634 3132 866 3198 pertinet
913 3131 1043 3185 illud
1076 3152 1088 3186 :
1131 3131 1364 3187 Edamus
1392 3142 1441 3187 et
1475 3133 1734 3200 bibamus,
1769 3151 1889 3187 cras
1933 3134 2071 3187 enim

489 3222 832 3276 moriemur'.
875 3223 1035 3294 114
1063 3223 1198 3277 Tum
1239 3225 1382 3279 istud
1417 3244 1430 3279 :
1475 3224 1656 3279 Nolite
1695 3224 2074 3280 εῖναι-θεοστ-

489 3323 737 3381 rumpunt
771 3315 931 3367 bonos
979 3332 1148 3369 mores
1187 3317 1450 3386 colloquia
1473 3319 1699 3384 prava“.
1744 3318 1822 3371 Ac
1854 3332 2073 3372 rursum

489 3421 614 3472 eos,
661 3407 753 3476 qui
800 3405 1080 3462 Christum
1131 3409 1310 3462 adhuc
1364 3410 1733 3464 resurrexisse
1776 3416 2072 3479 negarent,

489 3495 595 3548 hoc
661 3496 822 3547 modo
870 3497 1190 3550 convincit:
1230 3497 1289 3550 Si
1323 3496 1565 3551 Christus
1609 3515 1710 3551 non
1763 3501 2072 3564 resurrexit,

491 3603 627 3638 rana
667 3595 745 3640 est
787 3587 1099 3654 prwdicatio
1141 3599 1359 3649 nostra;
1389 3590 1565 3642 inanis
1609 3599 1656 3642 et
1692 3591 1820 3657 ﬁdes
1865 3600 2032 3644 vestra
2056 3608 2074 3645 :

491 3677 785 3728 invenimur
813 3687 988 3730 autem
1029 3688 1078 3730 et
1123 3679 1251 3748 falsi
1283 3688 1437 3732 testes
1473 3679 1589 3741 Dei,
1629 3681 1879 3749 quoniam
1908 3681 2076 3734 susci-

493 3772 622 3822 tavit
665 3768 950 3835 Christum,
995 3788 1146 3840 quem
1178 3788 1281 3825 non
1312 3773 1644 3828 suscitavit’.
1675 3771 1888 3838 Quibus
1932 3773 2075 3828 indi-

491 3869 608 3922 cat,
665 3858 945 3914 Christum
1004 3877 1034 3915 a
1098 3864 1331 3918 mortuis
1381 3865 1677 3918 excitatum
1746 3863 2074 3934 przedicassc

490 3950 712 4020 quidem
760 3953 1064 4023 apostolos,
1105 3955 1371 4024 quasdam
1412 3970 1538 4009 vero
1577 3955 1814 4009 haereses
1859 3956 2075 4011 tametsi

490 4044 800 4099 surrexisse
860 4044 1138 4099 Christum
1193 4054 1546 4110 assererem,
1599 4053 1940 4100 mortuorum
1994 4055 2077 4101 ta-

491 4151 614 4188 men
653 4135 1113 4190 resurrectionem
1156 4151 1408 4206 negasse.
1463 4135 1671 4190 Etenim
1721 4137 1776 4190 in
1821 4139 1922 4191 hac
1960 4138 2076 4206 ipsa

491 4224 714 4293 regione
761 4225 922 4290 Asiae,
958 4241 1171 4278 necnon
1235 4233 1288 4279 et
1337 4224 1388 4278 in
1423 4223 1635 4278 Galatia
1678 4210 1894 4279 illurqu
1929 4227 2078 4294 ejus-

2172 3131 2412 3198 πίωμεν·
2437 3130 2644 3198 αὔριον
2658 3128 2766 3198 γὰρ
2781 3128 3258 3197 ἀποθνήσκομεν
3276 3127 3369 3180 καὶ
3388 3127 3466 3192 τὸ,
3486 3127 3582 3193 Μὴ
3607 3130 3758 3179 πλα-

2173 3221 2382 3277 νᾶσθεο
2405 3223 2753 3292 φθείρουσιν
2775 3221 2888 3289 ἤθη
2918 3223 3150 3288 χρηστὰ
3174 3220 3397 3287 ὁμιλίαι
3417 3217 3614 3270 κακαί·
3643 3218 3754 3270 πά-

2173 3315 2257 3369 λιν
2276 3316 2332 3368 δὲ
2362 3319 2474 3378 τοῖς
2495 3315 2714 3383 λέγουσι
2738 3314 2828 3366 τὸν
2856 3313 3086 3384 Χριστὸν
3129 3312 3354 3384 μηδέπω
3385 3310 3754 3382 ἐγηγερμένον

2174 3407 2436 3471 ὡσαύτως
2463 3408 2553 3460 τὸν
2586 3407 2805 3478 ἔλεγχον
2853 3407 3127 3476 ἐπιφέρει,
3161 3406 3352 3474 λέγων·
3401 3407 3466 3458 Ei
3503 3405 3758 3473 Χριστὸς

2175 3501 2286 3552 οὐκ
2328 3498 2654 3568 ἐγήγερται,
2688 3497 2944 3568 μάταιον
2982 3497 3047 3551 τὸ
3089 3496 3364 3566 κήρυγμα
3407 3494 3600 3564 ἡμῶν,
3642 3511 3756 3564 μαι

2176 3590 2311 3644 ταία
2339 3589 2436 3643 καὶ
2460 3591 2497 3658 ή
2522 3591 2724 3655 πίστις
2753 3586 2939 3658 ὑμῶν’
2967 3589 3362 3656 εὐρισκὸμεθα
3387 3585 3456 3639 δὲ
3490 3585 3589 3638 καὶ
3609 3587 3758 3653 ψευ-

2175 3682 2538 3750 δομάρτυρες
2570 3682 2676 3736 τοῦ
2710 3681 2880 3746 Θεοῦ,
2907 3681 2993 3734 ὅτι
3018 3680 3215 3749 ἤγειρε
3241 3680 3348 3733 τὸν
3372 3675 3651 3746 Χριστὸν,
3685 3677 3759 3730 ὃν

2176 3775 2287 3828 οὐκ
2332 3773 2588 3844 ἤγειρενο
2619 3773 2693 3838 ὡς
2727 3773 2836 3828 τῶν
2890 3775 2988 3845 μὲν
3025 3773 3337 3827 ἀποστόλων
3377 3771 3762 3842 κηρυττόντων

2177 3866 2412 3936 Χριστὸν
2463 3866 2776 3937 ἐγηγέρθαι,
2835 3866 2995 3918 τινῶν
3057 3865 3114 3918 δὲ
3170 3865 3430 3934 αἱρέσεων
3483 3861 3763 3931 λεγουσῶν

2177 3955 2412 4024 Χριστὸν
2457 3956 2552 4026 μὲν
2598 3953 2914 4026 ἐγηγὲρθαι,
2956 3955 3182 4026 νεκροὺς
3225 3953 3282 4006 δὲ
3315 3952 3388 4023 μὴ
3422 3951 3759 4021 ἐγείρεσθαι.

2191 4047 2278 4098 Ἐν
2304 4046 2474 4118 ταύτῃ
2501 4046 2606 4116 γάρ
2635 4049 2700 4118 τῇ
2742 4047 2981 4118 πατρίδι,
3013 4047 3155 4116 φημὶ
3185 4047 3240 4098 δὲ
3291 4047 3468 4116 Ἀσίᾳ,
3501 4045 3637 4098 ἀλλά
3665 4045 3763 4098 καὶ

2178 4135 2236 4186 ἐν
2261 4137 2326 4205 τῇ
2360 4136 2597 4208 Γαλατίᾳ
2622 4138 2762 4190 πάνυ
2787 4137 3003 4208 ἤκμασε
3037 4137 3097 4190 τὸ
3131 4136 3334 4190 τούτων
3363 4137 3769 4202 διδασκαλεῖον,

2181 4228 2237 4278 ἐν
2258 4222 2338 4289 οἷς
2363 4226 2456 4280 καί
2481 4245 2530 4280 τι
2564 4229 2912 4296 παραδόσεως
2940 4231 3172 4300 πρᾶγμα
3197 4225 3358 4299 ἦλθεν
3381 4230 3462 4292 είς
3489 4232 3660 4300 ἡμᾶς’
3684 4229 3763 4290 ῶς

493 4315 641 4368 modi
688 4315 874 4369 schola
931 4318 1253 4386 cumprimis
1297 4332 1362 4372 ac
1403 4317 1693 4387 disciplina
1754 4316 1955 4371 ﬂoruit.
2002 4317 2067 4373 De

2180 4317 2339 4371 τινῶν
2370 4319 2468 4389 μὲν
2491 4323 2620 4390 παρ’
2643 4322 2824 4386 αὐτοῖς
2851 4321 3268 4394 προφθανὸντων
3290 4321 3610 4390 τελευτῆσαι
3630 4321 3762 4374 ἄνευ

493 4419 602 4473 quo
650 4405 796 4460 istud
843 4421 873 4460 a
925 4408 1229 4476 majoribus
1261 4409 1522 4464 traditum
1568 4408 1902 4478 accepimus,
1940 4425 2074 4464 non-

495 4497 676 4551 nullos
701 4515 766 4551 ex
796 4513 863 4552 eo
890 4515 1086 4568 genere
1117 4501 1254 4555 citra
1287 4501 1620 4570 baptismum
1654 4502 1986 4568 excessisse,
2011 4518 2076 4556 ac

493 4605 594 4660 pro
625 4591 690 4646 iis
723 4591 861 4646 alios
903 4593 1235 4662 baptismum
1273 4595 1592 4647 eoru‘mdem
1629 4594 1938 4663 suscepisse
1985 4610 2077 4648 no-

494 4683 664 4744 mine,
703 4699 770 4738 ne
799 4699 922 4738 cum
965 4694 1208 4739 extrema
1239 4685 1456 4739 demum
1486 4687 1891 4741 resurrectione
1915 4701 2074 4740 revo-

495 4774 604 4826 cati
633 4775 700 4826 ad
736 4774 900 4828 vitam
947 4785 1153 4841 essent,
1195 4776 1550 4844 prmtermissi
1594 4776 1847 4846 baptismi
1889 4791 2080 4846 poenas

495 4861 888 4930 dependerent,
917 4874 1079 4933 atque
1109 4866 1229 4934 cjus
1259 4867 1352 4935 qui
1398 4865 1660 4920 mundum
1693 4867 1941 4922 condidit
1979 4867 2080 4921 do-

495 4955 782 5010 minationi
832 4957 1143 5012 subessent.
1189 4957 1359 5027 Cujus
1402 4959 1479 5014 rei
1537 4959 1708 5028 gratia
1756 4969 2078 5028 usurpatum

495 5047 631 5102 illud
664 5049 735 5104 ab
769 5051 1032 5119 Apostolo
1057 5050 1245 5106 eadem
1270 5051 1338 5106 ad
1362 5067 1463 5107 nos
1492 5052 1768 5106 auditione
1804 5053 2070 5121 perlatum

491 5147 580 5193 est
611 5160 624 5194 :
659 5139 720 5194 Si
752 5143 966 5196 omnino
995 5144 1192 5198 mortui
1221 5159 1323 5196 non
1355 5153 1652 5213 resurgunt,
1682 5143 1807 5212 quid
1836 5152 1914 5198 est
1935 5143 2074 5213 quod

491 5282 517 5368 ί
570 5296 586 5326 ¹
616 5296 733 5351 Act.
769 5316 859 5366 xv,
895 5302 946 5354 ί.
1023 5305 1042 5335 ²
1075 5301 1116 5353 ll
1149 5303 1275 5354 (Ior.
1312 5318 1384 5368 χι,
1420 5305 1473 5358 '5.

499 5365 521 5397 ⁸
545 5367 676 5423 ibid.
710 5371 798 5424 55.
846 5365 897 5401 ⁷⁹
932 5371 1042 5425 ibid
1098 5372 1188 5437 ιι,
1223 5373 1308 5426 15.

572 5523 684 5597 (9ᾇ)
722 5523 831 5580 Καὶ
887 5525 1100 5578 τούτου
1142 5526 1330 5597 ἕνεκα
1365 5529 1401 5594 ή
1457 5527 1806 5597 παράδοσις.
1861 5525 2068 5580 Tertul.

500 5593 595 5651 lib.
634 5594 710 5648 De
745 5611 914 5649 resur.
948 5605 1001 5648 et
1031 5613 1056 5648 γ
1089 5608 1254 5649 contr.
1278 5593 1417 5651 Mar.
1446 5601 1510 5653 ad
1530 5593 1649 5653 cum
1679 5597 1894 5652 modum
1927 5596 2068 5665 Apo-

1551 5305 1570 5335 ³
1600 5303 1787 5358 Matth.
1823 5321 1876 5364 χ,
1910 5302 1999 5356 23.

2174 5305 2299 5358 alat.
2339 5325 2387 5370 ν,
2418 5308 2466 5362 4.
2547 5309 2567 5339 ⁵
2593 5308 2720 5363 ibid.
2755 5309 2809 5364 2.
2891 5311 2910 5340 ⁶
2939 5307 2958 5360 l
2989 5310 3116 5365 Cor.
3145 5326 3237 5374 xv,
3285 5308 3369 5366 16.

2185 4409 2578 4479 βαπτίσματος,
2614 4411 2806 4474 ἄλλους
2837 4412 2893 4466 δὲ
2923 4414 3037 4466 ἀντ’
3071 4411 3252 4466 αὐτῶν
3294 4414 3372 4474 εἰς
3408 4411 3582 4482 ὄνομα
3621 4411 3764 4464 ἐκεί-

2183 4517 2288 4554 νων
2316 4500 2689 4571 βαπτίζεσθαι,
2721 4506 2859 4576 ύπέρ
2891 4505 2985 4580 τοῦ
3026 4505 3100 4577 μὴ
3132 4506 3189 4558 ἐν
3214 4507 3279 4575 τῇ
3311 4505 3608 4557 ἀναστάσει
3632 4504 3764 4556 ἀνα-

2185 4593 2412 4656 στάντας
2443 4594 2639 4657 αὺτοὺς
2665 4593 2818 4666 δίκην
2847 4595 3032 4650 δοῦναι
3057 4597 3343 4668 τιμωρίας,
3377 4595 3661 4666 βάπτισμα
3686 4597 3761 4668 μὴ

2183 4683 2492 4755 εἰληφότας,
2517 4685 2774 4754 ’γίνεσθαι
2821 4688 2877 4740 δὲ
2927 4689 3270 4760 ὑποχειρίους
3301 4689 3402 4758 τῆς
3432 4686 3528 4740 τοῦ
3557 4705 3764 4758 κοσμοο

2181 4775 2334 4829 ποιοῦ
2365 4776 2630 4843 ἐξουσίας.
2667 4779 2778 4832 Καὶ
2798 4780 2988 4833 τούτου
3019 4780 3179 4834 ἕνεκα
3208 4782 3240 4851 ἡ
3270 4780 3568 4851 παράδοσις
3589 4781 3698 4850 (94)
3725 4781 3762 4850 ἡ

2180 4866 2410 4920 ἐλθοῦσα
2448 4871 2528 4932 εἰς
2569 4871 2718 4940 ἡμᾶς
2746 4888 2878 4942 φησι
2907 4872 2998 4926 τὸν
3031 4872 3194 4925 αὐτὸν
3233 4871 3388 4941 ἅγιον
3436 4871 3765 4926 Ἀπόστολον

2180 4959 2479 5030 εἰρηκέναιο
2520 4963 2590 5014 Et
2621 4962 2775 5030 ὅλως
2805 4964 3006 5032 νεκροί
3042 4967 3155 5018 οὐκ
3186 4965 3536 5036 ἐγείρονται,
3572 4966 3630 5018 τί
3659 4965 3763 5019 και

2176 5049 2563 5113 βαπτίζονται
2591 5054 2741 5122 ὑπὲρ
2761 5054 2992 5120 abuius;
3021 5055 3217 5119 Καλῶς
3243 5057 3301 5109 δὲ
3333 5056 3482 5111 ἄλλοι
3508 5059 3572 5110 τὸ
3601 5059 3763 5129 ῥητόν

2183 5144 2600 5215 ἑρμηνεύοντες,
2635 5149 2796 5216 φασιν
2829 5149 2919 5226 ὅτι,
2957 5150 3007 5201 οἱ
3040 5148 3326 5219 μέλλοντες
3358 5149 3638 5221 τελευτᾷν,
3670 5155 3761 5207 ἐὰν

3458 5312 3478 5342 ⁷
3504 5311 3638 5365 ibid.
3671 5311 3754 5364 52.

2182 5527 2306 5650 sit)!“
2343 5529 2521 5584 locum
2564 5527 2714 5584 illum
2748 5525 3101 5594 cxplicat:dc
3133 5541 3242 5596 quo
3267 5527 3607 5598 interpretes
3630 5539 3768 5580 con-

2185 5613 2246 5650 su
2275 5615 2321 5650 ε.

2185 5613 2321 5653 81118.
