3946 6074
234 218 341 277 585

865 217 1233 274 ADVERSUS
1271 218 1616 276 HAERESES
1654 219 1778 274 LIB.
1819 220 1861 275 I.
1903 218 2059 275 TOM.
2108 216 2171 274 II.
2205 247 2255 258 —
2284 216 2558 274 IIERES.
2601 216 2836 273 XXVIII.

3404 222 3514 280 588

236 332 334 393 ὦσι
364 336 801 410 κατηχούμενοι,
841 340 936 392 ἐπὶ
962 340 1136 411 ταύτῃ
1174 344 1241 412 τῇ
1268 341 1444 395 ἑλπίδι
1474 341 1579 412 πρὸ
1607 342 1709 411 τῆς
1740 357 1826 395 τε⁹

1940 341 2273 410 baptizantur
2309 354 2405 405 pro
2436 339 2564 407 ipsis
2585 339 2643 392 εἳ
2690 338 2893 394 Verum
2935 340 3025 393 alii
3078 340 3366 396 commode
3394 343 3514 397 ‘hoc

238 431 434 500 ιευτῆς
460 429 700 502 λουτροῦ
730 430 1137 497 καταξιοῦνται’
1173 433 1505 497 δεικνύντες,
1542 433 1625 487 ὅτι
1665 435 1695 487 ό
1736 450 1827 488 τε-

239 521 508 593 ⁴ιευτήσαις
542 522 641 574 καὶ
669 521 1059 593 ἀναστήσεται,
1090 522 1185 576 καί
1223 522 1312 576 διά
1347 521 1511 576 τοῦτο
1559 522 1830 576 ἐπιδέεται

237 613 337 683 τῆς
362 611 455 665 διά
479 609 578 665 τοῦ
607 610 839 685 λουτροῦ
873 612 1124 682 ἀφέσεως
1146 613 1580 684 ἁμαρτημάτων.
1611 613 1829 667 Τούτων

237 705 293 759 δὲ
319 706 371 760 οἱ
404 704 506 776 μὲν
529 705 625 759 τὸν
656 705 892 777 Χριστὸν
930 705 1154 776 μηδέπω
1191 706 1492 778 ὲγηγέρθαι
1519 706 1830 777 κεκηρύχα-

235 815 345 862 σιν,
374 797 701 851 ἀνίστασθαι
738 798 798 851 δὲ
833 796 972 869 μετὰ
999 799 1239 853 ϊιάντων⁸
1272 800 1324 852 οἱ
1351 799 1429 863 δὲ,
1466 801 1550 854 ὅτι
1579 799 1716 863 ὅλως
1744 816 1833 853 νεο

216 892 361 970 ,κροὶ
387 892 489 945 οὐκ
531 891 955 963 ἀναστήσονται.
986 890 1080 945 Διὸ
1114 890 1280 961 μέσος
1308 892 1565 963 χωρήσας
1600 892 1630 945 ὀ
1670 892 1833 945 Ἀπό-

238 981 427 1045 στολος
464 982 604 1054 πρὸς
647 980 994 1053 ἀμφοτέρους
1024 980 1250 1045 τούτους
1281 984 1375 1036 καὶ
1400 982 1502 1047 τὰς
1525 982 1719 1046 λοιπὰς
1745 982 1834 1036 αἱ·

240 1076 444 1157 ρέσεις,
473 1076 533 1127 ὲν
558 1077 627 1145 τῇ
665 1075 768 1145 μιᾷ
798 1074 1034 1146 ἐργασίᾳ
1055 1070 1168 1145 ’τὴν
1200 1074 1511 1147 ἀνατροπὴν
1537 1075 1831 1145 πεποίηται

237 1170 294 1221 ὲν
340 1169 408 1237 τῇ
456 1167 586 1238 περὶ
626 1166 838 1239 νεκρῶν
889 1166 1203 1231 ἀναστάσει,
1257 1168 1353 1220 καὶ
1383 1169 1441 1220 ἐν
1473 1169 1594 1231 ταῖς
1628 1183 1834 1238 μαρτυ-

240 1261 408 1331 ρίαις,
447 1256 540 1322 αἶς
569 1260 712 1314 κατὰ
741 1259 1050 1329 λεπτότητα
1081 1258 1316 1324 διεξιὼν,
1358 1260 1456 1332 τὴν
1484 1258 1708 1329 βεϐαίαν
1735 1259 1832 1312 σύ-

239 1367 435 1405 στασιν
462 1353 766 1419 ἐποιήσατε
792 1353 894 1421 τῆς
935 1350 1045 1404 τῶν
1082 1349 1291 1423 νεκρῶν
1331 1351 1707 1416 ἀναστάσεως,
1737 1351 1833 1403 καὶ

240 1444 539 1515 σωτηρίας,
590 1443 687 1495 καὶ
731 1442 968 1507 ἐλπίδος,
1028 1442 1282 1512 φάσκων*
1318 1444 1417 1497 Δεῖ
1450 1444 1519 1498 τὸ
1567 1443 1834 1513 φθαρτὸν

236 1533 418 1588 τοῦτο
468 1534 844 1609 ἐνδύσασθαι
895 1535 1263 1603 ἀφθαρσίαν,
1321 1535 1421 1589 καὶ
1478 1535 1547 1589 τὸ
1612 1536 1834 1601 θνητὸν

237 1624 421 1680 τοῦτο
445 1625 821 1681 ἐνδύσασθαι
861 1627 1217 1681 ἀθανασίαν
1249 1627 1345 1681 καὶ
1376 1626 1540 1680 πάλιν
1570 1628 1675 1691 ὅτι,
1698 1630 1832 1694 Χρι-

1929 432 2172 503 Apostoli
2196 431 2405 485 dictum
2445 432 2885 499 interpretantur
2908 432 2978 487 de
3023 431 3094 487 iis
3132 432 3227 503 qui
3276 433 3518 489 instante

1930 531 2126 587 morte,
2174 522 2221 579 si
2264 522 2487 594 quidem
2525 523 2908 577 catechumenl
2952 523 3084 587 sint,
3136 538 3202 579 ea
3253 539 3350 594 spe
3390 524 3515 579 freti
3586 575 3595 579 _

1930 627 2087 668 sacra
2118 614 2394 668 lavatiune
2423 622 2761 684 purgantur;
2794 627 2858 668 ac
2884 622 3135 670 mortuos
3159 622 3514 671 surrecturus

1930 721 2053 762 esse
2085 705 2491 768 demonstrant,
2528 707 2600 760 ob
2641 706 2807 776 idque
2836 704 3241 763 condonatlone
3271 708 3362 761 illa
3394 722 3516 763 sce-

1931 798 2127 864 lerum,
2163 812 2285 869 quae
2312 812 2408 868 per
2434 796 2768 867 baptismum
2795 796 3075 852 obtinetur
3108 798 3373 868 indigere.
3408 798 3518 854 Sed

1932 889 2150 944 illorum
2197 889 2289 943 alii
2340 888 2584 943 nondum
2641 886 2922 942 Christum
2970 889 3281 945 surrexisse
3314 891 3515 961 praedi-

1930 989 2081 1045 cant,
2111 996 2178 1036 ac
2204 995 2327 1035 cum
2374 981 2590 1036 exteris
2633 981 2893 1036 omnibus
2935 996 3058 1037 esse
3097 995 3516 1044 surrecturum;

1932 1073 2025 1128 alii
2053 1082 2303 1129 mortuos
2343 1079 2693 1128 surrecturus
2726 1087 2967 1142 unquam
2998 1073 3248 1129 funditus
3293 1085 3514 1146 negant.

1932 1163 2125 1235 Itaque
2167 1165 2407 1221 medium
2437 1164 2711 1236 quoddam
2742 1167 2846 1221 iter
2890 1167 3174 1237 ingressus
3219 1167 3519 1237 Apostolus

1934 1273 2061 1313 cum
2113 1266 2385 1327 utrosque
2416 1257 2560 1323 illos,
2601 1267 2714 1312 tum
2763 1259 3005 1328 reliquas
3046 1273 3238 1315 omnes
3279 1260 3519 1316 haereses

1933 1349 2121 1405 eadem
2153 1364 2322 1419 opera
2353 1349 2648 1410 disturbat,
2684 1365 2807 1405 cum
2840 1349 2906 1403 de
2935 1357 3278 1406 mortuorum
3309 1354 3519 1407 excita-

1932 1442 2081 1497 tione
2117 1441 2382 1512 disputat,
2431 1449 2594 1513 atque
2636 1442 2935 1511 ejusmodi.
2962 1444 3291 1499 testimoniis
3322 1445 3515 1512 utitur,

1934 1532 2137 1602 quibus
2160 1532 2477 1604 singillatim
2501 1533 2766 1602 expositis
2787 1541 3131 1587 mortuorum
3155 1538 3520 1592 resurrectio-

1933 1638 2081 1689 nem,
2150 1635 2214 1676 ac
2272 1624 2506 1677 salutem
2559 1631 2615 1678 et
2660 1638 2812 1693 spem
2865 1631 3109 1678 nostram
3169 1626 3519 1683 solidissimis

236 1717 390 1783 στὸς
435 1717 747 1787 ἐγήγερται
780 1717 1022 1786 ἀπαρχὴ
1055 1716 1176 1771 τῶν
1213 1717 1675 1787 κεκοιμημένων,
1729 1719 1830 1772 ἵνα

1940 1715 2238 1769 rationibus
2270 1714 2580 1778 conﬁrmat,
2624 1714 2708 1768 his
2740 1715 2966 1770 verbis:
3003 1715 3220 1785 Oportet
3262 1719 3360 1772 hoc
3400 1737 3519 1774 cor-

237 1809 337 1873 τάς
400 1809 722 1881 ἀμφοτέρας
768 1809 981 1881 σχέσεις
1018 1809 1129 1863 τῶν
1170 1809 1439 1880 αἱρέσεων
1479 1808 1726 1878 ἐλέγξας,
1768 1810 1831 1863 τὸ

240 1900 548 1971 ἀμόλυντον
574 1901 676 1971 τῆς
701 1900 1050 1964 διδασκαλίας
1080 1902 1343 1973 κήρυγμα
1374 1900 1435 1964 ἐξ
1464 1899 1725 1969 ἀληθείας
1752 1902 1831 1951 δι-

421 1993 550 2056 τοὺς
598 1990 957 2063 βουλομένους
1001 1991 1203 2047 εἰδέναι
1243 1991 1344 2061 τὴν
1382 1989 1478 2044 τοῦ
1523 1989 1659 2044 Θεοῦ
1702 1988 1834 2060 ἀλή-

242 2083 397 2139 θειαν
430 2086 529 2139 καὶ
557 2084 877 2157 σωτηριώδη
907 2082 1277 2138 διδασκαλίαν.
1800 2112 1805 2115 -

1934 1807 2182 1875 ruptibile
2203 1806 2418 1860 induere
2449 1807 2916 1876 incorruptionem,
2957 1816 3007 1860 et
3037 1808 3134 1862 hoc
3170 1813 3398 1866 mortale
3435 1814 3520 1876 in-

1934 1899 2096 1954 duere
2120 1900 2576 1955 immortalitate»:
2603 1901 2659 1967 ';
2688 1915 2751 1955 ac
2776 1916 2996 1957 rursum
3030 1922 3041 1957 :
3074 1903 3317 1960 Christus
3345 1922 3522 1960 resur-

1927 1993 2076 2046 'rca‘it
2118 1993 2370 2061 primitite
2408 1992 2783 2047 dormientium
2802 1994 2845 2059 ³,
2898 2003 2960 2049 ιιι
3010 1995 3293 2051 ambarum
3355 1997 3525 2053 haere-

1937 2098 2092 2149 seum
2137 2085 2599 2155 respondentibus
2636 2085 2741 2140 sibi
2780 2100 2848 2140 ex
2897 2086 3130 2143 adverso
3169 2089 3522 2159 opinionibus

243 2177 527 2233 convulsis
547 2190 735 2232 veram
770 2191 835 2232 ac
862 2176 1136 2232 sinceram
1167 2176 1493 2233 Christianae
1519 2175 1642 2231 ﬁdei
1695 2175 2043 2248 disciplinam
2111 2177 2182 2233 iis
2249 2176 2521 2242 traderet,“
2548 2177 2643 2247 qui
2682 2176 2925 2232 divinam
2975 2180 3262 2235 veritatem
3314 2181 3523 2236 saluta-

241 2284 470 2341 remque
496 2268 807 2325 doctrinam
834 2268 1036 2323 vellent
1068 2269 1369 2339 percipere.

313 2367 397 2421 Il'.
434 2362 788 2436 Πανταχόθεν
833 2364 1015 2419 τοίνυν
1060 2363 1310 2437 φωρατδς
1350 2364 1416 2420 ἀν
1441 2366 1527 2438 εἴη
1561 2363 1834 2437 Κήρινθος

241 2461 340 2516 καὶ
360 2462 409 2514 oi
433 2459 530 2513 ἀπ’
560 2456 725 2512 αὐτοῦ
750 2457 1143 2529 ἀπατηθέντες,
1177 2459 1227 2512 oi
1255 2458 1506 2523 τάλανες,
1533 2458 1625 2511 καὶ
1654 2454 1835 2522 ἄλλοις

242 2551 409 2605 αἴτιοι
430 2549 720 2619 γεγονότες
748 2549 1047 2615 ἀπωλείας,
1067 2550 1179 2606 τῶν
1200 2548 1360 2605 θείων
1378 2549 1613 2622 Γραφῶν
1643 2549 1834 2619 σαφῶς

241 2643 378 2713 ἡμῖν
395 2640 542 2695 κατά
566 2639 873 2711 λεπτότητα
898 2640 1025 2710 περὶ
1040 2639 1260 2693 πάντων
1276 2640 1464 2709 διηγου
1473 2639 1669 2711 μένων.
1693 2638 1834 2693 Οὔτε

233 2736 353 2808 ’γὰρ
368 2736 432 2789 ἐκ
456 2733 775 2806 σπέρματος
806 2732 1003 2805 Ἰωσὴφ
1020 2735 1049 2787 ό
1063 2732 1317 2805 Χριστός·
1339 2733 1462 2786 ἐπεὶ
1490 2732 1610 2796 πῶς
1630 2732 1711 2786 ἔτι
1736 2750 1837 2804 ση-

247 2832 405 2899 μεῖον
432 2827 523 2897 εἴη
556 2827 620 2880 τὸ
648 2826 811 2897 γέννη
822 2842 928 2897 μα;
960 2827 1055 2879 καὶ
1079 2824 1140 2879 τὸ
1167 2825 1318 2898 παρὰ
1344 2825 1422 2897 τῷ
1456 2825 1657 2897 Ἡσαΐᾳ.
1684 2828 1838 2895 εἰρη-

246 2921 410 2991 μένον
426 2918 546 2983 πῶς
562 2919 641 2972 ἔτι
679 2918 1075 2991 συσταθήσεται
1094 2957 1110 2983 ,
1144 2918 1216 2982 ὡς
1245 2914 1416 2971 εἶπεν
1450 2918 1504 2972 Ἀ
1515 2920 1659 2982 ὐτός
1670 2921 1703 2972 ὁ
1718 2917 1841 2970 Κύ-

2015 2359 2175 2430 115
2206 2356 2319 2413 VII.
2375 2357 2647 2425 Quocirca
2691 2356 3068 2430 deprehensus
3127 2363 3369 2434 undique
3423 2366 3527 2422 Cc-

1940 2452 2159 2507 rinthus
2193 2466 2259 2505 ac
2290 2451 2577 2507 convictus
2608 2460 2846 2516 tenetur,
2882 2467 2991 2507 una
3027 2467 3151 2508 cum
3183 2455 3273 2523 iis,
3308 2459 3401 2529 qui
3429 2474 3526 2515 eo-
3556 2475 3559 2477 ί

1926 2545 2063 2601 'dem
2108 2545 2165 2599 in
2203 2559 2393 2600 errore
2424 2537 2755 2609 versantur,
2781 2543 3028 2601 infelices
3073 2546 3323 2606 homines
3362 2562 3527 2623 atque

1941 2638 2187 2707 ejusdem
2212 2651 2400 2692 secum
2423 2636 2577 2692 exitii
2607 2635 2731 2690 aliis
2763 2636 2987 2707 insuper
3015 2648 3289 2707 auctores,
3326 2643 3527 2714 quippe
3582 2710 3587 2713 1

1930 2744 2067 2786 cum
2107 2730 2223 2785 haec
2255 2729 2437 2786 omnia
2472 2743 2645 2784 sacrae
2684 2729 2882 2785 litterae
2911 2734 3201 2803 perspicue
3243 2746 3527 2791 accurate-

1943 2840 2051 2895 que
2088 2823 2251 2879 nobis
2293 2822 2603 2879 edisserant
2633 2841 2647 2876 :
2680 2837 2805 2876 nam
2852 2838 3031 2895 neque
3073 2827 3141 2882 de
3174 2825 3397 2899 Iosephi
3442 2846 3529 2885 se-

1944 2918 2094 2973 mine
2118 2925 2282 2972 natus
2314 2926 2399 2972 est
2429 2915 2685 2973 Christus
2714 2935 2729 2971 :
2766 2918 2859 2987 qui
2892 2919 3037 2973 enim
3068 2918 3375 2991 prodigium
3403 2937 3530 2992 pos-

233 3029 371 3082 ριος
436 3010 621 3065 δώσει
666 3010 810 3080 ὑμῖν
847 3009 1123 3081 σημεῖον-ο
1169 3009 1324 3065 Ἰδοὺ
1359 3009 1397 3078 ἡ
1445 3007 1741 3078 παρθένος
1774 3008 1836 3060 ἐν

1946 3018 2030 3065 εει
2063 3009 2211 3065 illius
2250 3025 2374 3066 esse
2404 3011 2706 3081 generatio,
2758 3026 2821 3066 ac
2865 3011 3010 3082 quod
3054 3011 3124 3067 ab
3154 3012 3291 3068 Isaia
3319 3015 3525 3070 dictum

241 3104 462 3176 γαστρὶ
495 3103 641 3170 ἔξει,
678 3104 776 3157 καὶ
814 3102 1047 3169 τέξεται
1086 3102 1241 3164 υἱὸν,
1290 3103 1387 3155 καὶ
1416 3102 1485 3156 τά
1521 3100 1684 3172 έξῆς;
1715 3100 1841 3165 Πῶς

242 3198 303 3251 δὲ
349 3198 431 3251 ἔτι
475 3196 900 3270 πληρωθήσεται
932 3195 995 3248 τὸ
1034 3194 1323 3268 εἰρημένον
1368 3193 1522 3267 παρά
1550 3192 1653 3264 τῆς
1680 3192 1840 3262 ἁγίας

243 3289 533 3362 Παρθένου
569 3288 710 3361 πρὸς
732 3287 824 3342 τὸν
851 3285 1113 3360 Γαδριήλ’
1152 3285 1286 3353 Πῶς
1317 3286 1489 3340 ἔσται
1523 3285 1723 3350 τοῦτο,
1750 3284 1842 3340 ὅτι

243 3381 441 3451 ἄνδρα
467 3382 542 3436 οὐ
582 3380 892 3452 τινώσκω;
926 3381 1023 3435 καὶ
1070 3379 1236 3435 αὐτοῦ
1277 3379 1547 3449 λέγοντος
1596 3379 1842 3449 Πνεῦμα

244 3473 422 3544 ἅγιον
453 3473 847 3529 ἐπελεύσεται
869 3472 969 3526 ἐπὶ
1000 3471 1094 3536 σὲ,
1135 3472 1233 3525 καί
1267 3470 1522 3541 δύναμις
1555 3472 1840 3540 Ὑψίστου

243 3565 597 3621 ἐπισκιάσει
630 3581 749 3633 σοι,
805 3565 901 3619 καὶ
947 3564 1016 3619 τά
1057 3564 1217 3637 ἑξῆς
1264 3565 1390 3630 Πῶς
1434 3565 1491 3618 δὲ
1535 3566 1697 3621 πάλιν
1740 3554 1842 3619 οὒκ

245 3658 647 3731 ἐλεγχθήσεται
684 3658 864 3712 αὐτῶν
895 3660 928 3730 ή
957 3658 1135 3725 ἄνοια,
1163 3657 1259 3712 τοῦ
1286 3658 1623 3728 Εὐαγγελίου
1653 3657 1841 3728 σαφῶς

245 3750 504 3820 λέγοντος
564 3751 669 3815 ὅτι,
712 3748 943 3818 Εὐρέθη
985 3749 1055 3803 ὲν
1092 3748 1309 3817 γαστρὶ
1351 3750 1583 3819 ἔχουσα
1621 3750 1764 3819 πρὶν
1799 3749 1840 3819 ἣ

247 3842 578 3900 συνελθεῖν
597 3842 855 3909 adrade;
884 3842 1041 3895 Ἔστι
1070 3842 1128 3896 δὲ
1158 3842 1361 3911 γνῶναι
1386 3841 1594 3911 σαφῶς,
1619 3842 1702 3895 ὅτι
1720 3840 1842 3894 οὐδὲ

244 3938 387 4001 ὅλως
425 3935 710 4007 συνῆλθον.
736 3934 828 4005 Μὴ
871 3935 1080 4004 γένοιτο
1106 3934 1215 4007 γὰρ
1247 3932 1408 3988 τοῦτο
1438 3932 1642 3986 εἰπεῖνῐ
1689 3932 1842 3985 Ἐπεὶ

241 4030 351 4085 οὐκ
386 4029 455 4083 ἂν
498 4027 639 4099 μετά
675 4027 908 4101 σταυρὸν
932 4027 1045 4098 (95)
1081 4026 1329 4099 προενόει
1370 4025 1715 4097 παραθέσθαι
1744 4024 1842 4078 αὐ-

241 4123 350 4194 τὴν
391 4120 617 4193 Ἰωάννῃ
640 4118 719 4191 τῷ
750 4120 892 4192 ἁγιῳ
924 4119 1200 4191 παρθένῳ,
1233 4119 1310 4183 ὡς
1331 4117 1501 4187 λέγει·
1529 4117 1643 4172 Ἴδε
1663 4118 1701 4185 ἡ
1726 4115 1843 4187 μή-

242 4237 363 4289 τηρ
393 4235 536 4274 σου·
566 4218 663 4272 καὶ
695 4220 764 4289 τῇ
798 4217 958 4288 αὐτῇ·
999 4216 1121 4272 Ἵδε
1153 4218 1188 4267 δ
1217 4217 1349 4280 υἱός
1377 4233 1516 4271 σου.
1552 4216 1699 4270 Ἔδει
1730 4216 1843 4289 γὰρ

244 4314 418 4367 αὐτὸν
465 4310 803 4384 παραδοῦναι
854 4310 1023 4382 αὐτὴν
1067 4312 1179 4374 τοῖς
1218 4309 1388 4380 αὐτῆς
1435 4310 1839 4382 συγγενέσιν,ἣ

243 4410 365 4471 τοῖς
404 4405 620 4468 τέκνοις
665 4403 761 4457 τοῦ
800 4403 1018 4476 Ἰωσὴφ,
1059 4404 1213 4476 εἴπερ
1249 4399 1389 4475 ἦσαν
1422 4403 1481 4470 ἐξ
1512 4406 1702 4475 αὐτῆς,
1744 4406 1843 4458 Ἰα-

247 4497 418 4569 κώϐῳ
447 4496 596 4568 φημὶ
622 4495 717 4550 καὶ
758 4495 915 4567 Ἰωσῇ
954 4495 1049 4548 καὶ
1090 4494 1260 4567 Ἰούδᾳ
1290 4494 1383 4549 καὶ
1404 4494 1676 4565 Συμεῶνι,
1704 4496 1842 4559 υἱοῖς

247 4589 374 4646 οὖσι
400 4589 496 4644 τοῦ
537 4588 739 4658 Ἰωσὴφ
758 4586 872 4659 (96)
909 4587 1018 4641 ἀπὸ
1045 4589 1147 4653 τῆς
1182 4585 1348 4657 ἄλλης
1382 4587 1663 4655 γυναικός.
1706 4584 1841 4639 Οὐδὲ

246 4684 384 4756 γὰρ,
429 4683 514 4737 ὅτι
563 4680 831 4754 κέχρηται
879 4676 946 4751 τῇ
995 4678 1279 4751 Παρθένῳ,
1326 4678 1465 4742 ὅλως
1502 4676 1839 4750 εὑρίσκεται,

251 4776 396 4848 μετά
429 4775 491 4827 τὸ
522 4772 913 4843 γεγεννηκέναι
942 4774 974 4843 ἡ
1008 4770 1288 4843 Παρθένος
1334 4771 1621 4841 ἄχραντος.
1682 4767 1843 4822 ’Λλλά

250 4864 383 4937 περὶ
409 4863 621 4918 τούτων
649 4862 750 4934 ἤδη
782 4862 841 4935 ἐν
865 4859 1012 4932 ἄλλῳ
1043 4878 1134 4932 μοι
1172 4859 1317 4930 λόγῳ
1361 4858 1550 4928 σαφῶς
1591 4873 1844 4930 πεπραγ-

254 4958 548 5030 μάτευται,
582 4956 675 5008 καὶ
709 4953 1290 5025 πραγματευοήσεται.
1321 4947 1449 5004 ’Ὧδε
1485 4951 1542 5004 δὲ
1574 4952 1633 5003 έν
1664 4950 1841 5020 μέρει,

250 5052 333 5115 ὡς
364 5052 423 5104 ὲν
457 5047 817 5120 παρεκδρομῇ
849 5046 980 5117 περὶ
1005 5045 1105 5116 τῆς
1132 5044 1339 5098 τούτων
1363 5043 1672 5107 ὑποθέσεως
1699 5044 1844 5113 εἴρη-

1285 5201 1305 5231 ³
1335 5200 1467 5256 ibid.
1504 5199 1595 5253 20.

342 5210 357 5239 ¹
380 5206 400 5261 I
423 5207 555 5263 Cor.
582 5221 675 5267 xv,
702 5204 794 5260 29.
869 5206 890 5237 ⁸
927 5200 1059 5258 ibid.
1095 5200 1186 5257 55.

251 5287 277 5321 ⁸
311 5278 472 5335 Ioan.
497 5293 616 5339 nx,
644 5276 737 5340 26,
760 5273 853 5327 27.

333 5394 447 5464 (93)
505 5394 667 5447 Ἐπεὶ
694 5394 808 5464 οὐκ
847 5390 925 5444 ἂν
960 5387 1129 5464 μετὰΔ
1162 5385 1448 5464 σταυρόν.
1493 5382 1634 5437 Idem
1682 5396 1847 5464 argu:

254 5451 505 5522 mentum
538 5472 698 5534 urget
725 5451 993 5536 Adversus
1028 5451 1330 5536 ﬂetvidium
1362 5452 1735 5523 Hieronymus
1758 5470 1770 5505 :

256 5537 419 5606 {uror
449 5524 645 5606 caicus:
678 5543 729 5587 et
773 5530 1133 5606 improprium
1174 5527 1394 5606 exitium
1426 5539 1569 5606 mens
1600 5538 1793 5577 vesana
1818 5524 1839 5575 !

262 5594 414 5660 Dicis
453 5605 522 5659 ad
566 5594 775 5658 crucem
820 5594 1035 5655 Domini
1074 5608 1296 5652 matrem
1332 5596 1447 5663 ejus
1480 5594 1645 5661 fuisse
1695 5609 1837 5661 pra:-

246 5688 484 5747 _scntem.
546 5674 693 5729 Dicis
736 5672 933 5727 Joanni
983 5669 1242 5738 discipulo
1296 5663 1357 5719 ob
1412 5664 1748 5728 riduitatem,
1789 5673 1837 5717 et
1930 5727 1941 5737 .

1703 5197 1724 5229 ⁸
1760 5198 1866 5253 Isa.
1896 5212 1995 5263 vn,
2033 5196 2116 5249 Η.

1940 3108 2026 3156 est
2048 3100 2269 3171 probari
2293 3102 2523 3156 omnino
2551 3110 2771 3172 posset:
2796 3101 3054 3158 Dominus
3080 3104 3190 3171 ipse
3208 3104 3355 3159 dabit
3386 3105 3528 3161 vobis

1940 3194 2149 3264 signum
2176 3211 2190 3248 :
2222 3191 2358 3247 Ecce
2381 3194 2527 3264 virgo
2563 3194 2836 3263 concipiet,
2860 3205 2911 3247 et
2937 3194 3107 3263 pariet
3131 3196 3303 3263 ﬁlium
3322 3196 3363 3260 ⁸,
3382 3198 3527 3253 etc.?

1939 3285 2191 3353 Quanam
2215 3302 2345 3342 vero
2374 3288 2588 3342 ratione
2610 3285 2797 3357 perlici
2820 3287 3019 3357 poterit
3051 3287 3205 3351 illud,
3233 3287 3381 3359 quod
3413 3287 3526 3343 Ga-

1916 3377 2102 3432 rbricli
2141 3375 2308 3448 Virgo
2337 3376 2684 3434 sanctissima
2711 3375 2849 3431 dixit
2880 3395 2893 3431 :
2924 3376 3201 3443 Quomodo
3241 3379 3332 3448 ﬁet
3358 3379 3526 3443 istud,

1926 3470 2193 3541 ‘quoniam
2237 3470 2407 3523 uirum
2439 3484 2542 3523 non
2574 3468 2911 3540 cognosco"?
2937 3470 3024 3525 cui
3064 3468 3154 3525 ille
3199 3470 3483 3541 respondit
3509 3488 3524 3525 :

1943 3560 2183 3632 Spiritus
2213 3572 2431 3616 sanctus
2454 3562 2777 3631 superveniet
2804 3564 2859 3617 in
2891 3570 2960 3625 te,
2991 3572 3040 3618 et
3070 3562 3239 3618 virtus
3262 3564 3530 3620 Altissimi

1942 3653 2281 3708 obumbrabit
2315 3654 2463 3718 tibi',
2489 3654 2625 3710 etc.?
2641 3652 2836 3711 Nonne
2870 3656 3087 3711 illorum
3121 3671 3271 3713 exeo
3301 3657 3530 3715 stultitia

1944 3745 2106 3803 facile
2138 3748 2506 3810 convincitur,
2537 3748 2682 3818 quod
2713 3747 2921 3805 diserte
2968 3750 3021 3804 iu
3060 3748 3355 3821 Evangelia
3393 3754 3531 3808 scrl-

1942 3848 2094 3908 plum
2136 3846 2261 3894 est:
2296 3836 2520 3893 Inventa
2567 3846 2645 3892 est
2693 3839 2747 3891 in
2779 3848 2932 3893 utero
2992 3840 3188 3894 habens
3246 3852 3529 3913 antequam

1944 3930 2277 3984 convenirent
2309 3930 2372 3981 '?
2400 3928 2540 3984 Illud
2583 3936 2766 3983 autem
2811 3929 3184 3984 certissimum
3251 3938 3353 3995 est,
3389 3947 3530 3985 nun-

1942 4038 2108 4093 quam
2148 4021 2271 4078 illos
2309 4022 2536 4078 omnino
2573 4020 2919 4077 convenisse.
2972 4019 3130 4075 Absit
3176 4021 3321 4075 enim
3372 4031 3435 4076 ut
3473 4022 3530 4078 id

1941 4130 2185 4186 unquam
2217 4115 2487 4170 dicamus!
2532 4113 2750 4184 Alioqui
2780 4128 2904 4168 cum
2948 4113 3004 4167 in
3037 4126 3203 4168 cruce
3244 4113 3529 4184 penderet,

1942 4226 2052 4266 non
2088 4219 2281 4265 sancto
2315 4207 2535 4272 Ioanni,
2567 4207 2659 4277 qui
2694 4214 2749 4261 et
2792 4206 2909 4276 ipse
2944 4204 3312 4276 virginitatem
3353 4222 3535 4262 serva-

1943 4305 2044 4367 vit,
2093 4312 2323 4358 matrem
2370 4298 2777 4356 commendaret
2803 4312 2981 4363 suam,
3038 4312 3163 4354 cum
3201 4300 3274 4354 ita
3315 4300 3532 4355 locutus

1945 4403 2029 4451 est
2067 4414 2079 4451 :
2117 4393 2246 4448 Ecce
2308 4402 2478 4446 mater
2531 4402 2645 4445 tua.
2710 4389 2778 4444 Et
2826 4389 2974 4444 illam
3025 4390 3349 4461 alloquens:
3398 4390 3532 4446 Ecce

1947 4488 2096 4558 ﬁlius
2128 4497 2250 4540 tuus
2270 4485 2312 4538 ⁸.
2350 4482 2505 4539 Hanc
2551 4482 2695 4537 enim
2732 4482 2817 4537 vel
2845 4481 3096 4553 cognatis
3131 4482 3247 4537 suis
3277 4484 3531 4538 commit-

1922 4590 2060 4633 ‘tcre
2097 4577 2365 4647 oportuit,
2405 4575 2489 4630 vel
2519 4572 2739 4644 Iosephi
2782 4573 2992 4638 liberis.
3036 4574 3083 4629 si
3122 4589 3263 4643 quos
3303 4591 3369 4630 ex
3413 4574 3530 4645 ipsa

1930 4671 2269 4733 “sustulerat,
2300 4677 2430 4739 puta
2457 4665 2683 4733 Iacobo,
2713 4665 2866 4732 Iose,
2900 4665 3071 4730 Iudae,
3098 4664 3365 4730 Simeoni,
3391 4682 3534 4738 quos

1945 4763 2218 4834 Iosephus
2263 4763 2367 4816 alia
2411 4777 2477 4817 ex
2512 4774 2682 4815 uxore
2735 4767 3019 4831 genuerat.
3057 4757 3245 4829 Neque
3294 4759 3440 4815 enim
3471 4758 3536 4813 il-

1952 4858 2063 4911 lum
2092 4873 2217 4912 eum
2252 4855 2425 4909 Maria
2458 4853 2815 4910 consuc’visse
2859 4853 2972 4907 ullo
3007 4851 3170 4906 modo
3200 4853 3529 4923 reperimus,

1953 4956 2310 5020 posteaquam
2345 4946 2664 5013 incorrupta
2698 4944 2789 4997 illa
2820 4951 2875 4997 et
2908 4941 3221 4996 castissima
3251 4940 3417 5010 Virgo
3438 4955 3531 5011 pe-

1952 5042 2139 5110 perit..
2157 5037 2359 5092 Verum
2388 5036 2457 5092 de
2483 5035 2570 5089 his
2596 5034 2707 5088 alio
2732 5033 2788 5087 in
2820 5032 2961 5087 libro
2992 5039 3251 5087 accurate
3274 5031 3534 5086 tractavi-

2693 5188 2714 5221 ⁸
2735 5185 2865 5243 ibid.
2904 5185 2994 5241 55.

2221 5194 2241 5223 ⁸
2270 5190 2405 5246 Luc.
2437 5207 2477 5255 ι,
2504 5191 2593 5245 54.
2693 5188 2714 5221 ⁸
2735 5185 2865 5243 ibid.
2904 5185 2994 5241 55.
3106 5185 3128 5217 '
3159 5184 3348 5240 Matth.
3381 5200 3421 5253 ι,
3448 5187 3534 5242 l8.

1952 5378 2294 5435 solitudinem
2324 5375 2771 5439 commendatam,
2805 5376 2961 5446 quasi
2999 5375 3163 5446 juxta
3205 5384 3253 5429 te
3294 5391 3397 5429 non
3439 5375 3538 5427 Im-

1954 5453 2093 5505 bcret
2139 5456 2370 5519 quatuor
2417 5447 2686 5519 ﬁlios,_et
2725 5447 3061 5519 innumeras
3074 5447 3256 5519 ﬁtias_,
3310 5461 3536 5514 quorum

1951 5516 2216 5575 consortio
2246 5518 2535 5585 frueretur.
2575 5517 2698 5572 για.
2740 5518 2974 5588 August.
3012 5518 3106 5572 lib.
3139 5532 3155 5570 ι
3198 5516 3276 5570 De
3318 5529 3444 5580 nup.
3481 5523 3533 5567 et

1932 5588 2347 5667 ἐοηςιιρηετιρ.
2386 5588 2441 5667 LI
2459 5626 2474 5639 .

2019 5654 2132 5733 ‘96)
2184 5654 2337 5725 Υιοῖς
2369 5654 2509 5715 οὖσι
2552 5657 2657 5713 τοῦ
2695 5658 2937 5727 Ἰωσήφ.
2975 5656 3109 5712 Vide
3142 5656 3276 5710 hair.
3300 5668 3529 5709 ιιιγιιι.
