3946 6074
444 219 553 277 387

1808 213 1865 270 S.
1894 208 2237 266 EPIPIIANII

3560 179 3569 185 ’
3600 210 3710 268 εδδ

446 346 593 395 mus,
637 328 1105 400 tractabimusque
1152 338 1360 400 postea.
1402 327 1622 383 lnterim
1651 325 1755 380 hoc
1796 324 1852 379 in
1900 324 2022 378 loco

2144 342 2231 385 παι,
2273 325 2360 378 ἵνα
2404 325 2499 396 μὴ,
2544 326 2750 397 ἐτέρων
2794 326 3090 397 δηγμάτων
3122 325 3444 398 βουλόμενος
3475 328 3709 398 ποιῆσαι

450 438 621 496 pauca
649 420 897 492 quaedam
927 421 995 475 de
1021 421 1126 475 hoc
1163 427 1487 490 argumento
1520 417 1669 472 velut
1693 416 1868 472 obiter
1894 415 2022 470 attio

448 515 648 583 gimus,
694 527 764 567 ne
789 510 918 565 dum
967 510 1089 565 aliis
1126 508 1331 563 mederi
1358 507 1643 562 morsibus
1667 506 1897 575 aliisque
1926 519 2021 560 ve-

450 608 664 660 nenatis
699 603 1042 673 serpentibus
1092 600 1392 655 remedium
1423 600 1616 654 afferre
1657 599 1928 661 volumus,
1967 597 2021 653 in

450 699 553 751 alia
586 696 830 766 quaedam
856 693 999 747 mala
1034 701 1383 747 transversos
1409 691 1640 746 lectores
1664 690 2018 759 abripiamus.

450 790 742 844 Enimvero
792 786 839 841 si
875 784 999 854 quis
1035 784 1232 854 judicii
1272 783 1525 839 nonnihil
1575 782 1794 846 habeat,
1843 782 2023 837 inanis

448 880 675 935 omnino
722 888 777 932 et
827 877 1057 933 ridicula
1099 877 1317 931 illorum
1368 875 1616 931 doctrina
1652 871 2026 947 comprobabi-

450 983 561 1039 tur,
608 988 730 1043 qua:
760 980 814 1028 et
865 971 934 1025 ab
970 970 1235 1041 apostolis
1278 968 1536 1024 falsitatis
1577 967 1858 1031 convicta,
1906 973 1960 1019 et
1993 979 2024 1019 a

451 1063 792 1134 sapientibus
821 1061 1102 1124 damnata,
1124 1068 1181 1115 et
1205 1074 1236 1113 a
1265 1058 1375 1114 Deo
1407 1058 1634 1128 ipsaque
1659 1055 1796 1112 adeo
1821 1055 2023 1111 verita-

452 1158 523 1212 tis
550 1156 934 1231 praedicatione
960 1161 1044 1208 est
1069 1154 1264 1221 ejecta.

528 1247 657 1302 Vlll.
697 1248 968 1302 Caeterum
1018 1245 1180 1299 iidem
1230 1243 1305 1297 illi
1340 1240 1709 1303 Mcrinthiani,
1749 1238 1831 1294 sic
1878 1238 2022 1293 enim

452 1339 784 1407 accepimus,
812 1335 1171 1405 appellantur.
1216 1331 1410 1386 Utrum
1438 1317 1567 1384 vero
1592 1328 1884 1384 Cerintbus
1910 1327 2025 1395 ipse

452 1429 757 1485 Mcriutbus
805 1427 913 1480 alio
962 1425 1183 1479 nomine
1227 1424 1298 1478 sit
1345 1422 1528 1477 dictus
1564 1420 1770 1489 liquido
1815 1418 2027 1473 nescire

453 1534 540 1573 me
563 1517 739 1573 fateor
770 1534 786 1572 :
816 1529 885 1568 au
921 1520 1117 1584 praeter
1142 1513 1289 1567 hunc
1322 1512 1459 1566 alter
1484 1525 1551 1565 eo
1582 1509 1805 1564 nomine
1842 1507 2029 1576 appel-

450 1613 595 1667 latus
636 1608 928 1673 exstiterit,
956 1605 1175 1675 adjutor
1213 1605 1357 1659 illius
1386 1611 1441 1658 et
1470 1602 1677 1664 socius,
1709 1601 1762 1654 id
1804 1601 2023 1670 quidem

2129 421 2292 483 ἴασιν,
2318 418 2410 471 καὶ
2436 418 2639 489 ἑτέρων
2662 416 3006 489 δηλητηρίων
3038 416 3170 481 ἄκος
3203 418 3297 472 καὶ
3324 416 3708 489 ἀλεξητήριον,

2126 511 2208 571 εἰς
2238 508 2372 564 ἄλλα
2407 508 2535 571 τοὺς
2568 509 2994 579 ἐντυγχάνοντας
3031 507 3417 578 παρεκτρέψω.
3454 508 3603 580 Πλὴν
3642 511 3714 563 ὲκ

2127 601 2330 663 παντὸς
2357 599 2436 670 τῷ
2464 601 2561 670 τὴν
2585 599 2798 652 σύνεσιν
2827 600 3153 670 κεκτημένῳ
3180 600 3406 668 μάταιος
3436 602 3469 671 ἡ
3500 600 3712 654 τούτων

2128 691 2564 762 καταχλεύαστος
2599 691 2919 744 διδασκαλία
2959 690 3381 761 συσταθήσεται,
3422 689 3580 761 παρά
3610 691 3712 761 μὲν

2127 785 2448 847 ἀποστόλοις
2473 782 2829 853 ὲλεγχομένη,
2865 782 3017 851 παρά
3046 782 3102 834 δὲ
3130 784 3240 845 τοῖς
3275 786 3516 845 συνετοῖς
3539 798 3713 835 κατα-

2128 876 2528 948 γινωσκομένη,
2562 877 2625 928 ὲκ
2654 873 2789 927 Θεοῦ
2819 872 2876 925 δὲ
2903 874 2995 926 καὶ
3020 871 3112 927 τοῦ
3142 872 3306 928 αὑτοῦ
3330 873 3422 928 τοῦ
3452 874 3554 945 τῆς
3580 874 3716 943 ἀλη-

2130 968 2278 1033 θείας
2304 968 2657 1039 κηρύγματος
2687 964 3081 1037 ἐκϐαλλομένη.

2202 1235 2279 1288 6⁸.
2316 1231 2619 1287 Καλοῦνται
2663 1232 2720 1285 δὲ
2766 1230 2925 1285 πάλιν
2962 1223 3110 1283 οὗτοι
3150 1229 3533 1301 Μηρινθιανοὶ,
3572 1230 3650 1294 ὼς
3679 1234 3714 1302 ἡ

2131 1326 2360 1379 ὲλθούςα
2392 1327 2472 1388 εἰς
2506 1325 2652 1395 ἡμᾶς
2697 1324 2853 1394 φήμη
2895 1322 3158 1391 περιέχει.
3206 1321 3331 1375 Εἴτε
3359 1322 3470 1393 γὰρ
3494 1325 3523 1375 ὁ
3552 1322 3717 1387 αὐτὸς

2133 1418 2426 1489 Κήρινθος,
2467 1415 2742 1487 Μήρινθος
2782 1415 2942 1469 πάλιν
2967 1415 3231 1479 ἐκαλεῖτο,
3264 1416 3323 1467 ού
3354 1418 3496 1469 πάνυ
3533 1433 3585 1468 τι
3616 1434 3716 1469 σα-

2134 1509 2249 1578 φῶς
2283 1511 2412 1579 περὶ
2442 1507 2631 1560 τούτου
2677 1509 2855 1576 ῑσμεψ
2905 1507 3016 1559 εἴτε
3055 1505 3213 1568 ἄλλος
3262 1523 3347 1570 τις
3396 1502 3467 1577 ἦν
3500 1509 3719 1579 Μήρινο

2135 1600 2225 1664 θος
2274 1600 2516 1670 ὀνόματι,
2572 1596 2831 1669 συνεργὸς
2882 1596 3076 1667 τούτῳ,
3102 1599 3219 1667 Θεῷ
3252 1598 3538 1666 ἔγνωσται.
3572 1600 3714 1671 Ἤδη

451 1703 554 1759 soli
585 1700 692 1756 Deo
725 1700 883 1770 116
915 1704 1255 1769 compertum
1286 1703 1390 1750 est.
1420 1693 1534 1748 lloc
1565 1694 1711 1748 enim
1749 1708 1893 1762 stepe
1914 1692 2027 1762 jam

2144 1696 2242 1767 γὰρ
2297 1694 2545 1764 εἴπομεν,
2588 1692 2679 1744 ὃτι
2752 1690 2813 1742 οὐ
2866 1691 3025 1759 μόνον
3084 1689 3246 1752 αὐτὸς
3300 1691 3358 1742 ὲν
3422 1690 3719 1761 Ἰεροσολύ-

450 1794 715 1856 diximus,
762 1808 870 1846 non
905 1791 1084 1861 ipsum
1131 1788 1309 1842 solum
1351 1785 1743 1857 Hierosolymis
1771 1784 2029 1854 frequen-

453 1896 538 1942 ter
563 1885 827 1957 apostolis
858 1882 1149 1944 restitisse,
1182 1878 1277 1935 sed
1307 1886 1362 1933 et
1385 1879 1479 1947 qui
1507 1893 1631 1932 eum
1656 1878 1710 1932 in
1741 1877 1871 1933 Asia
1901 1887 2029 1933 sunt

454 1979 652 2035 secuti.
681 1977 857 2047 Atque
896 1984 955 2028 ut
986 1987 1130 2028 unus
1166 1971 1416 2041 idemque
1457 1971 1549 2033 sit,
1585 1977 1680 2025 aut
1710 1970 1852 2025 alius
1878 1969 2031 2038 ejus-

454 2072 579 2126 dem
616 2083 746 2124 cum
788 2067 881 2121 illo
926 2063 1227 2135 opinionis,
1275 2070 1329 2117 et
1378 2061 1614 2131 partium
1647 2060 1848 2125 fautor,
1893 2061 2031 2115 nihil

454 2159 746 2217 admodum
790 2156 978 2212 refert.
1010 2153 1207 2209 Forma
1244 2153 1463 2223 quidem
1514 2154 1867 2223 nequissima:
1910 2153 2033 2207 illo-

454 2269 576 2309 rum
605 2249 869 2306 doctrinae
909 2261 972 2302 ac
1008 2246 1157 2300 velut
1199 2252 1328 2298 nota
1360 2243 1593 2314 quadam
1634 2243 1905 2312 ejusmodi
1947 2250 2033 2299 est

346 2396 355 2404 .
454 2346 673 2418 qualem
729 2340 1166 2409 descripsimus;
1214 2344 1269 2391 et
1318 2334 1705 2392 Cerinthianos
1757 2335 1922 2391 simul
1967 2349 2033 2390 ac

456 2436 853 2495 Merinthianos
890 2430 1151 2502 appellari
1176 2436 1417 2485 constat.

526 2529 625 2584 His
663 2527 832 2599 igitur
856 2524 924 2580 de
961 2521 1234 2578 horrenda
1261 2521 1478 2575 illorum
1506 2534 1571 2574 ac
1601 2530 1915 2590 serpentum
1958 2520 2037 2576 si-

456 2620 572 2675 mili
618 2616 967 2687 improbitate
1011 2612 1330 2683 disputatis,
1365 2612 1432 2667 ad
1476 2627 1572 2668 eas
1621 2628 1744 2683 qua:
1778 2613 2034 2683 deinceps

456 2718 873 2780 consequuntur
902 2704 1269 2777 promovenda
1311 2714 1397 2759 est
1433 2704 1632 2761 oratio.
1676 2703 1781 2759 Sed
1827 2705 2034 2759 baben-

457 2804 539 2857 dzn
569 2803 623 2856 in
670 2800 863 2871 primis
904 2800 1094 2868 gratiae
1142 2807 1289 2862 sunt,
1349 2798 1495 2867 quod
1539 2799 1900 2867 pessimorum
1939 2799 2038 2856 do-

458 2905 703 2967 guratum
754 2891 981 2962 pelagus
1017 2888 1166 2943 istud
1211 2889 1330 2945 sine
1381 2889 1491 2942 ulla
1540 2903 1680 2943 noxa
1723 2892 2035 2947 transmisi—

460 3000 621 3051 mus;
666 2993 721 3039 et
754 2981 891 3038 illud
923 2980 1243 3052 suppliciter
1272 2981 1682 3051 postulandum,
1716 2989 1777 3036 ut
1806 2998 1933 3038 cum
1978 2984 2034 3038 in

462 3080 701 3149 reliquas
741 3078 977 3132 haereses
1009 3074 1427 3138 incurrerimus,
1471 3075 1630 3144 quasi
1670 3075 1726 3129 in
1762 3076 2038 3131 maritima

459 3169 731 3240 quaedam,
780 3183 846 3223 ac
897 3166 1163 3238 monstris
1209 3163 1413 3221 referta
1444 3165 1628 3222 brevia
1668 3165 1856 3233 delati,
1900 3166 2042 3221 nihil

459 3263 530 3319 ab
570 3262 656 3318 bis
688 3259 1021 3316 incommodi
1054 3259 1348 3331 patiamur,
1386 3258 1485 3314 sed
1533 3258 1604 3314 ab
1647 3273 1711 3314 ea
1742 3274 1863 3328 quae
1902 3260 2044 3315 inter

459 3351 851 3424 disputandum
890 3351 1157 3415 illuxerit,
1198 3351 1430 3407 veritate
1471 3350 1704 3406 salutem
1738 3365 2045 3420 consequa-

463 3461 610 3508 mur,
650 3460 775 3499 cum
808 3454 861 3499 et
893 3443 1059 3513 hujus
1093 3442 1425 3498 soliditatem
1452 3450 1787 3509 astruemus,
1817 3452 1873 3500 et
1905 3458 2043 3499 con~

461 3536 759 3591 trariarum
821 3535 1101 3589 baereseon
1162 3533 1487 3588 inanitatem
1542 3548 1900 3605 erroremque
1948 3513 2043 3593 de-

462 3626 916 3683 monstrabimus.
961 3624 1119 3691 Quod
1160 3626 1207 3681 si
1257 3624 1532 3695 quispiam
1575 3626 1952 3692 considerare,
1990 3638 2045 3684 et

462 3719 648 3788 aliqua
681 3718 800 3773 illas
831 3717 1159 3773 adumbrare
1202 3717 1562 3774 similitudine
1592 3720 1847 3789 voluerit,
1878 3737 2043 3793 quam

465 3808 735 3864 hactenus
776 3806 1155 3872 refutavimus,
1203 3808 1273 3863 ob
1317 3807 1587 3879 duplicem
1620 3810 1766 3865 illam
1805 3814 2045 3884 appella-

464 3900 668 3954 tionem
701 3915 825 3953 cmn
862 3899 1069 3969 bicipiti
1099 3899 1337 3968 quodam
1384 3911 1635 3971 serpente
1682 3902 1862 3974 reipsa
1893 3919 2046 3960 com-

468 3991 767 4061 parandam
811 3990 1044 4060 putabit,
1079 4005 1253 4060 eoque
1294 3990 1494 4061 viperae
1527 4008 1725 4063 genere
1745 4010 1910 4064 quam
1944 3994 2046 4052 Se-

466 4082 733 4153 pedonem
760 4088 978 4146 vocant,
1012 4096 1136 4150 qua:
1172 4080 1296 4150 pilis
1332 4088 1447 4135 toto
1479 4098 1710 4154 corpore
1734 4094 1821 4142 est
1852 4101 2044 4157 sparsa

470 4175 828 4240 rubentibus;
862 4187 1041 4243 neque
1082 4187 1281 4243 capt-2e,
1330 4182 1425 4227 aut
1473 4174 1592 4229 ovis
1623 4175 1674 4230 ei
1722 4185 1918 4232 natura
1961 4179 2045 4235 vel

467 4264 626 4332 pellis
656 4271 764 4326 est,
811 4262 905 4317 sed
946 4262 1250 4331 serpentis;
1288 4263 1588 4335 eademque
1636 4280 1823 4323 morsu
1867 4268 2044 4325 obviis

2137 1805 2259 1859 μοις
2297 1786 2559 1846 πολλάκις
2598 1783 2830 1853 ἀντέστη
2888 1783 3002 1845 τοῖς
3059 1781 3399 1847 ἀποστόλοις,
3449 1782 3585 1834 ἀλλά
3620 1784 3718 1835 καὶ

2134 1880 2185 1932 οἱ
2238 1878 2337 1931 σὺν
2387 1875 2537 1946 αύτῷ
2587 1876 2646 1927 ἐν
2708 1875 2776 1943 τῇ
2828 1871 3004 1942 Ἀσία.
3035 1871 3183 1942 Πλὴν
3237 1872 3359 1942 ἦτοι
3405 1872 3564 1936 αὐτὸς
3604 1873 3714 1943 εἴη,

2080 2018 2092 2027 ,
2135 1971 2169 2042 ἢ
2224 1971 2319 2024 καὶ
2368 1969 2525 2031 ἄλλος
2579 1967 2676 2020 σὺν
2727 1964 2877 2037 αύτῷ
2935 1964 3215 2035 συνεργὸς,
3266 1966 3336 2017 τά
3367 1966 3532 2035 ὃμοια
3563 1964 3717 2035 αὐτῷ

2137 2061 2348 2135 φρονῶν
2372 2062 2467 2115 καὶ
2491 2059 2881 2131 συμπράττων,
2907 2058 3001 2111 καὶ
3028 2056 3099 2110 τά
3122 2057 3233 2121 ἴσα,
3262 2057 3418 2111 οὐδὲν
3443 2057 3715 2128 διαφέρει.

2148 2155 2214 2209 Ἡ
2236 2155 2345 2226 γὰρ
2372 2156 2522 2208 πᾶσα
2546 2152 2722 2206 αὐτῶν
2743 2151 3084 2221 κακοτροπω
3104 2151 3201 2221 τῆς
3225 2149 3573 2214 διδασκαλίας
3593 2150 3722 2204 τοῦ·

2136 2264 2227 2301 τον
2266 2246 2378 2317 ἔχει
2416 2245 2508 2298 τὸν
2553 2244 2901 2315 χαρακτῆρα⁹
2936 2242 3291 2314 Κηρινθιανοί
3332 2261 3392 2297 τε
3435 2243 3574 2313 ὁμοῦ
3624 2245 3721 2299 καὶ

2137 2339 2493 2411 Μηρινθιανοὶ
2522 2330 2667 2389 οὗτοι
2700 2333 3011 2389 καλοῦνται.

2213 2428 2321 2485 Καὶ
2348 2426 2522 2480 ταῦτα
2544 2426 2673 2496 περὶ
2694 2424 2795 2494 τῆς
2814 2423 2993 2493 δεινῆς
3023 2424 3119 2476 καὶ
3142 2422 3481 2494 ὲρπετὼδους
3512 2421 3721 2493 μοχθη-

2143 2521 2264 2594 ρίας
2305 2518 2486 2573 αὐτῶν
2533 2515 2845 2582 διεξιόντες,
2892 2514 3054 2567 πάλιν
3079 2516 3172 2567 ἐπὶ
3204 2514 3302 2577 τὰς
3336 2514 3460 2583 ἑξῆς
3492 2513 3726 2584 προϐαί-

2140 2628 2325 2683 νομενο
2372 2607 2822 2681 εὐχαριστοῦντες
2869 2606 2988 2677 μὲν,
3034 2607 3115 2659 ὅτι
3150 2606 3209 2659 τὸ
3251 2605 3486 2673 πέλαγος
3514 2606 3724 2657 τούτων

2140 2705 2247 2759 τῶν
2277 2704 2464 2757 κακῶν
2497 2692 2781 2777 δογμάτων
2809 2699 3059 2761 ἀϐλαϐῶς
3084 2698 3465 2769 διενηξάμεθα*
3491 2697 3726 2767 εὐχόμε-

2141 2816 2220 2851 νοι
2250 2797 2326 2862 δὲ,
2360 2797 2447 2850 ἵνα
2477 2796 2536 2847 ὲν
2564 2796 2686 2857 ταῖς
2718 2791 2845 2862 ἑξῆς
2877 2793 3326 2862 παρεντυχόντες,
3362 2790 3435 2853 ὡς
3479 2792 3560 2853 εἰς
3602 2789 3725 2842 δικ-

2144 2891 2405 2945 θαλάττια
2432 2890 2527 2943 καὶ
2549 2886 2786 2959 θηριώδη
2816 2886 2993 2958 βράχη
3023 2885 3491 2957 παρεμπεσόντες,
3513 2883 3590 2955 μὴ
3614 2883 3727 2937 ἀδι-

2144 2984 2422 3057 κηθῶμεν,
2450 2980 2588 3037 ἀλλά
2621 2980 2894 3050 σωτηρίας
2922 2977 3173 3048 τύχωμεν
3204 2976 3303 3045 τῆς
3335 2976 3442 3029 ἀπὸ
3468 2975 3568 3045 τῆς
3594 2974 3727 3045 μελ-

2144 3078 2340 3149 λούσης
2370 3078 2503 3147 ὴμίν
2551 3072 2675 3127 καθ’
2712 3073 2985 3142 ὑφήγησιν
3018 3068 3406 3136 ἀναφαίνεσθαι
3440 3067 3723 3136 ἀληθείας,

2145 3174 2203 3227 ὲν
2238 3170 2317 3241 τῷ
2348 3170 2498 3242 ἡμᾶς
2537 3167 2792 3236 συνιστᾷν
2831 3164 3000 3234 αὑτήν
3039 3180 3097 3215 τε
3126 3162 3220 3215 καὶ
3252 3161 3349 3232 τὴν
3379 3163 3437 3213 ὲν
3463 3161 3599 3231 αὐτῇ
3631 3177 3727 3211 κε-

2143 3263 2433 3334 νοφωνίαν.
2475 3259 2565 3331 Τῷ
2594 3258 2701 3329 γὰρ
2730 3255 3041 3328 βουλομένῳ
3067 3255 3311 3315 σκοπεῖν,
3343 3255 3438 3307 καὶ
3476 3253 3572 3316 τὰς
3599 3253 3728 3306 τού-

2142 3374 2253 3411 των
2283 3355 2427 3418 ἰδέας
2468 3353 2832 3423 ἀναγράφειν,
2879 3350 2973 3403 καὶ
3018 3347 3155 3419 αὓτη
3194 3345 3724 3418 παρεικασθήσεται,

2144 3448 2221 3513 ὡς
2252 3446 2469 3516 ἀληθῶς
2502 3443 2780 3513 δικεφάλῳ
2810 3442 2918 3495 τινὶ
2941 3441 3081 3509 ὄφει,
3115 3440 3201 3493 διὰ
3226 3438 3286 3491 τὸ
3314 3437 3601 3508 διώνυμον,
3631 3438 3728 3489 καὶ⁵

2144 3543 2213 3612 τῇ
2261 3538 2571 3609 καλουμένῃ
2601 3535 2852 3607 σηπεδόνι
2890 3534 3095 3604 ἐχίδνῃ,
3130 3534 3197 3603 τῇ
3232 3530 3462 3602 κομὼσῃ
3491 3531 3589 3601 μὲν
3616 3531 3729 3583 πᾶν

2144 3634 2207 3688 τὸ
2254 3632 2413 3704 σῶμα
2454 3632 2625 3701 αὐτῆς
2677 3632 2734 3682 ὲν
2774 3628 2947 3700 θριξὶν
2973 3625 3250 3697 ὲρυθραίς,
3285 3623 3386 3676 οὐκ
3424 3622 3623 3692 ἐχούσῃ
3666 3622 3728 3675 δὲ

2144 3724 2268 3779 οὐδὲ
2291 3722 2444 3793 αἰγὸς
2472 3721 2593 3775 οὐδὲ
2617 3719 2893 3792 πῳσάτου
2926 3716 3087 3786 φύσιν
3114 3716 3146 3785 ἢ
3178 3714 3361 3785 δορὰν,
3386 3712 3525 3766 ἀλλά
3558 3713 3726 3783 ἑρπε-

2143 3815 2263 3881 τοῦ,
2297 3814 2391 3869 καὶ
2420 3814 2519 3886 τὴν
2559 3813 2736 3883 λύμην
2783 3807 3131 3882 ὲργαζομένῃ
3177 3805 3266 3858 διά
3308 3803 3402 3857 τοῦ
3447 3803 3730 3874 δήγματος

2144 3912 2259 3974 τοῖς
2295 3904 2847 3979 παρεντυγχάνουσινο
2895 3898 3277 3970 ἀνατρεπούσῃ
3318 3896 3376 3950 δὲ
3413 3897 3541 3959 τοὺς
3589 3895 3727 3967 αὐτῇ

2145 4001 2502 4072 πειθομένους
2530 3997 2605 4069 πὴ
2638 3996 2736 4068 μὲν
2763 3994 2870 4048 ἀπὸ
2910 3992 3147 4054 παλαιᾶς
3178 3986 3477 4062 θρησκείας
3518 3987 3589 4041 τὰ
3629 3988 3730 4059 τῆς

2142 4093 2288 4157 Νέας
2317 4092 2591 4163 Διαθήκης
2614 4085 2968 4158 ἀφανιζούσῃ,
2998 4085 3074 4157 πὴ
3101 4083 3267 4138 δὲδιά
3293 4082 3467 4150 λόγων
3492 4080 3728 4151 ψευδῶν,

2129 4187 2221 4249 ,ὡς
2242 4185 2350 4238 ἀπὸ
2372 4184 2518 4247 Νέας
2550 4182 2845 4252 Διαθηκης,
2875 4178 3018 4232 κατά
3048 4174 3155 4231 τῶν
3183 4175 3292 4230 ἀπὸ
3322 4174 3627 4246 περιτομῆς
3651 4174 3733 4237 εἰς

2146 4275 2379 4345 Χριστὸν
2417 4272 2857 4327 πεπιστευκότων
2896 4266 3209 4323 ἀποστόλων
3241 4266 3341 4330 τάς
3365 4264 3731 4335 ψευδηγορῗας

468 4352 779 4421 quibusque
808 4351 972 4405 letum
1021 4350 1200 4417 afl‘ert,
1234 4361 1294 4407 ut
1340 4361 1396 4409 et
1426 4355 1652 4412 bmresis
1685 4357 1777 4412 illa
1810 4368 2035 4415 sectato-

2146 4364 2537 4437 περιφερούσῃ·
2572 4356 2640 4435 ἦς
2678 4364 2776 4433 τήν
2819 4378 2879 4414 τε
2911 4360 3073 4431 σῆψιν
3104 4360 3197 4412 καὶ
3223 4359 3313 4411 τὸν
3345 4358 3441 4427 ἰὸν,
3481 4357 3578 4410 καὶ
3607 4356 3733 4418 τοὺς

471 4460 558 4499 res
588 4458 719 4499 suos
748 4449 941 4497 enecat
976 4460 991 4498 :
1025 4458 1149 4498 cum
1180 4452 1273 4500 aut
1299 4444 1496 4503 Vetere
1528 4446 1880 4506 Testamento
1910 4452 2047 4507 ritu-

469 4552 575 4605 que
601 4535 667 4590 ad
700 4534 1054 4591 evertendum
1087 4535 1297 4590 Novum
1329 4540 1535 4607 utitur;
1559 4553 1653 4597 aut
1685 4544 2048 4602 l‘raudulentis

471 4629 779 4683 rationibus
810 4643 878 4683 ex
922 4625 1074 4683 Novo
1106 4626 1458 4686 Testamento
1494 4632 1857 4706 depromptis,
1909 4654 2042 4710 apo-

2145 4459 2360 4522 ὀδόντας
2385 4456 2463 4528 τῷ
2491 4455 2630 4525 ξύλῳ
2658 4454 2759 4525 τῆς
2786 4452 3044 4525 ἀληθείας
3075 4451 3368 4513 παίσαντες
3393 4450 3487 4503 καὶ
3513 4447 3731 4519 συντρί-

2144 4552 2368 4622 ψαντες,
2394 4549 2486 4603 ἐπὶ
2507 4548 2605 4610 τάς
2631 4545 2944 4618 μετέπειτα,
2974 4544 3050 4608 ὼς
3077 4545 3357 4615 προεῖπον,
3394 4540 3648 4613 χωρῆσαι
3672 4540 3732 4591 ἑν

2149 4645 2217 4714 τῇ
2246 4640 2380 4696 Θεοῦ
2410 4639 2639 4709 δυνάμει
2669 4637 3012 4707 σπεύσωμεν.

470 4720 666 4784 stolos,
700 4719 793 4789 qui
827 4733 857 4773 e
884 4718 1304 4773 circumcisione
1335 4719 1404 4773 ad
1469 4722 1672 4779 Christi
1728 4742 1787 4782 se
1840 4728 2019 4798 fidem,
2076 4737 2424 4807 applicarunt
2497 4723 2636 4785 falso
2682 4728 3001 4799 impugnare
3048 4727 3259 4782 nititur.
3300 4720 3471 4795 Cujus
3509 4722 3733 4794 quidem

472 4812 750 4867 ιαὺῖίὶυιιιη
801 4812 977 4877 Virus.
1040 4818 1204 4883 atque
1251 4811 1445 4871 dentes
1477 4819 1737 4887 quoniam
1796 4826 2041 4885 veritatis
2083 4830 2241 4901 quasi
2290 4827 2437 4882 fuste
2490 4824 2845 4880 contudimus
2876 4831 2931 4879 et
2970 4821 3352 4885 contrivimus,
3387 4816 3453 4872 ad
3485 4832 3580 4873 eas
3612 4832 3735 4888 qua:

471 4917 885 4980 consequuntur
914 4908 1263 4975 refellendas,
1327 4911 1407 4965 uti
1474 4913 1713 4973 diximus
1738 4925 2087 4993 μτοεωιιῑωιι
2124 4942 2189 4982 ac
2218 4924 2444 4981 [εειῖηειι
2481 4922 2682 4977 oratio,

847 5042 1218 5102 ADVERSUS
1251 5046 1667 5117 NAZAIUEOS,

707 5180 839 5247 Quae
900 5190 976 5235 est
1032 5182 1218 5238 ordine
1277 5182 1384 5251 IX,
1437 5187 1516 5241 vel
1563 5187 1780 5245 XXIX.

541 5290 581 5343 ι.
623 5292 833 5348 Exinde
874 5293 1115 5351 Nazaraei
1147 5298 1381 5368 proximi
1414 5310 1564 5369 sont,
1604 5304 1700 5373 qui
1744 5304 1860 5360 sive
1897 5305 2046 5376 prio-

508 5446 655 5531 ,φη
695 5447 1065 5531 Ναζωραίων.
1100 5451 1177 5531 ρο
1219 5448 1531 5523 Ναῑαηεὶε,
1600 5460 1684 5515 vel
1744 5459 2046 5519 Nazarenis

466 5518 594 5573 vide
616 5534 737 5599 quae
754 5518 1093 5599 ad‘Judaicas
1123 5524 1361 5599 haereses
1385 5518 1534 5582 torno
1560 5531 1743 5597 priore
1771 5518 2041 5587 diximus:

471 5603 601 5663 nam
643 5592 779 5645 istos
809 5592 839 5643 a
862 5592 1157 5663 iprio_ribus
1197 5595 1447 5653 diversos
1488 5592 1679 5663 fuisse,
1712 5617 1821 5656 non
1853 5603 2046 5657 admo-

471 5657 605 5716 dum
638 5657 932 5735 persuadet
982 5660 1340 5736 Epiphanius.
1392 5668 1559 5724 Erant
1599 5657 1745 5725 enim
1778 5671 2043 5743 Nazaraei,

2562 5060 2753 5119 ΚΑΤΑ
2794 5058 3186 5117 ΝΛΖΩΡΛΙΩΝ
3215 5056 3352 5134 (97),

2459 5204 2691 5274 ’Erdtn,
2726 5204 2766 5273 ἡ
2800 5203 2900 5257 καὶ
2929 5203 3177 5272 εἰκοστὴ
3233 5201 3435 5269 ἐνάτη.

2218 5310 2295 5363 A'.
2347 5308 2656 5383 Ναζωραῖοι
2702 5309 2937 5382 καθεξῆς
2975 5309 3184 5375 τούτοις
3221 5310 3466 5377 ἕπονται,
3516 5311 3635 5382 ἅμα
3674 5328 3741 5365 τε

2150 5466 2241 5535 qui
2286 5483 2416 5539 cum
2465 5465 2557 5521 Dei
2603 5467 2805 5521 Filium
2840 5469 3225 5539 conﬁterentur
3274 5485 3389 5524 esse
3432 5468 3741 5538 Christum,

2153 5536 2329 5618 omnia
2373 5548 2550 5618 tamen
2591 5540 2780 5618 petet-3's
3000 5540 3379 5618 observabant,
3415 5541 3492 5618 ait
3544 5536 3745 5610 Angit;

2153 5606 2349 5676 stinus.
2378 5607 2479 5673 Qui
2504 5616 2558 5660 et
2588 5606 2828 5663 Matthxi
2865 5606 3191 5665 Hebraicqu
3225 5610 3583 5676 Evangelium
3632 5606 3741 5665 ha-

2155 5675 2282 5732 bere
2322 5692 2442 5734 sese
2485 5678 2967 5749 jactitabant,‘uti
3015 5689 3201 5752 postea
3249 5675 3485 5738 dicetur.
3540 5680 3619 5737 De
3665 5682 3745 5740 iis
