3946 6074
173 208 276 269 δὲ)

826 202 1194 260 ADVERSUS
1232 203 1575 260 ll/ERESES
1612 203 1740 259 LIB.
1785 203 1823 260 l.
1866 202 2029 259 TOM.
2071 203 2211 264 ll.-—-
2252 197 2525 265 ﬂxERES.
2566 207 2757 264 XXIX.

3343 75 3388 122 ι]

3348 209 3454 273 390

174 330 359 393 αὐτοῖς
387 326 568 394 ὅντες,
600 327 633 399 ἢ
673 327 767 381 καὶ
797 327 904 397 πρὸ
930 327 1131 390 αὐτῶν,
1166 326 1198 400 ἢ
1232 328 1330 381 σὺν
1363 327 1566 390 αὐτοῖς,
1593 327 1625 397 ἢ
1652 327 1768 397 μετ’

1887 341 1961 381 -es
1993 325 2120 391 illis,
2157 326 2272 380 sive
2303 328 2560 398 aequales,
2586 329 2703 385 sive
2740 328 3075 398 posteriores
3120 330 3451 395 exstiterint,

174 422 376 484 αὐτοὺς
402 419 558 490 ὅμως
600 418 910 488 σῦγχρονοι·
944 417 1005 471 οὐ
1037 416 1145 488 γὰρ
1184 416 1574 488 ἀκριϐέστερον
1605 416 1767 471 δύνα-

178 532 279 584 μαι
305 512 573 579 ἐξειπεῖν,
603 510 749 573 τίνες
770 509 923 572 τίνας
945 507 1264 572 διεδέξαντο.
1294 507 1453 560 Καθὰ
1480 507 1590 578 γὰρ
1610 507 1766 577 ἔφην.

178 606 473 677 σύγχρονοι
512 598 657 673 ἦσαν
705 600 975 672 ἀλλήλοις,
1028 598 1125 652 καὶ
1168 599 1331 668 ὃμοια
1372 597 1665 670 κέκτηνται
1701 597 1770 651 τὰ

178 699 528 770 φρονήματα.
568 686 729 747 Οὗτοι
758 693 868 764 γὰρ
898 693 1111 755 ἑαυτοῖς
1150 690 1319 762 ὄνομα
1361 690 1618 744 ἐπέθεντο
1650 690 1771 761 οὐχὶ

176 788 446 860 Χριστοῦ,
477 786 604 841 οὔτε
640 784 773 841 αὐτὸ
813 783 875 837 τὸ
911 783 1081 854 ὄνομα
1108 782 1203 836 τοῦ
1250 781 1452 854 Ἰησοῦ,
1491 782 1626 836 ἀλλὰ
1656 782 1773 835 Να-

177 882 459 955 ζωραίων.
492 880 602 933 Καὶ
635 879 840 941 πάντες
867 876 923 930 δὲ
957 876 1275 947 Χριστιανοὶ
1303 874 1614 947 Ναζωραῖοι
1650 876 1772 929 τότε

174 972 449 1035 ὡσαύτως
489 968 801 1022 ἐκαλοῦντο.
832 965 1028 1033 Γέγονε
1058 962 1115 1016 δὲ
1148 963 1236 1016 ἐπ’
1268 962 1434 1034 ὀλίγῳ
1474 964 1651 1035 χρόνῳ
1677 980 1775 1016 κα-

176 1064 397 1119 λεῖσθαι
430 1064 631 1125 αὐτοὺς
676 1057 993 1123 ἰεσσαὶους,
1042 1057 1171 1128 πρὶν
1208 1056 1241 1127 ἢ
1286 1055 1381 1109 ἐπὶ
1422 1054 1524 1126 τῆς
1574 1055 1775 1109 Ἀντιο·

179 1160 338 1231 χείας
372 1159 549 1228 ἀρχὴν
575 1152 815 1208 λάϐωσιν
843 1152 893 1205 οί
930 1150 1169 1222 μαθηταὶ
1198 1149 1481 1204 καλεῖσθαι
1512 1150 1777 1222 Χριστια-

182 1249 289 1303 νοί.
332 1242 660 1299 Ἐκαλοῦντο
695 1241 751 1295 δὲ
788 1242 1055 1302 Ἱεσσαῖοι,
1088 1237 1177 1291 διὰ
1211 1236 1305 1291 τὸν
1349 1237 1566 1301 Ἰεσσαὶ,
1596 1231 1779 1305 οἶμαι.

196 1337 533 1408 Ἐπειδήπερ
561 1334 590 1388 ὁ
616 1332 779 1387 Δαϐὶδ
810 1330 870 1397 ἐξ
907 1329 1122 1396 Ἰεσσαὶ,
1152 1332 1215 1383 ὲκ
1242 1329 1300 1383 δὲ
1329 1328 1421 1383 τοῦ
1447 1328 1611 1381 Δαὸὶδ
1634 1327 1777 1381 κατὰ

180 1429 443 1500 διαδοχὴν
466 1426 782 1499 σπέρματος
809 1425 843 1495 ἠ
865 1422 1072 1496 Μαρία,
1100 1422 1484 1495 πληρουμένης
1504 1420 1607 1491 τῆς
1627 1418 1777 1482 θείας

182 1520 415 1593 Γραφῆς
445 1517 584 1572 κατὰ
613 1515 711 1588 τὴν
745 1513 991 1568 Παλαιὰν
1021 1513 1298 1584 Διαθήκην
1333 1510 1428 1566 τοῦ
1460 1510 1665 1582 Κυρίου
1693 1508 1779 1562 λέ-

182 1631 382 1685 γοντος
408 1612 545 1684 πρὸς
564 1610 655 1664 τὸν
679 1606 861 1662 Δαϐίδ-
890 1607 992 1662 Ἐκ
1018 1605 1252 1677 καρποῦ
1276 1604 1385 1675 τῆς
1411 1604 1643 1671 κοιλίας
1662 1618 1777 1657 σου

184 1707 452 1777 θήσομαι
483 1704 582 1758 ἐπὶ
610 1702 719 1758 τοῦ
744 1703 960 1772 θρόνου
985 1717 1120 1757 σου.

262 1885 341 1941 B’.
385 1883 544 1937 Δέδια
588 1881 646 1936 δὲ
696 1880 816 1961 καθ’
853 1878 1094 1949 ἑκάστην
1147 1876 1403 1931 ὑπόθεσιν
1440 1875 1659 1943 λέξεως,
1704 1874 1781 1941 ὡς

184 1978 401 2048 ταύτην
438 1974 537 2047 τὴν
580 1973 887 2043 ὑπόμνησιν
945 1969 1209 2033 ποιοῦντι,
1258 1966 1666 2037 παρακινούσης
1712 1985 1780 2039 με

189 2071 293 2141 τῆς
324 2064 583 2138 ἀληθείας
610 2062 708 2126 τὰς
741 2062 799 2114 ὲν
828 2060 965 2131 αὐτῇ
1002 2061 1069 2131 τῇ
1111 2058 1254 2125 λέξει
1282 2058 1517 2130 θεωρίας
1543 2058 1807 2127 ὑποφαί-.

191 2176 332 2223 sitv,
360 2155 449 2210 διὰ
473 2154 535 2208 τὸ
566 2152 641 2225 μὴ
674 2149 807 2204 πολὺ
838 2148 1039 2213 πλάτος
1066 2146 1526 2220 περιποιήσασθαι
1560 2150 1627 2219 τῇ
1660 2163 1783 2201 συν-

188 2251 348 2316 τάξει
378 2249 481 2320 τῆς
511 2246 836 2319 διηγήσεως.
870 2243 976 2298 Τοῦ
1008 2245 1120 2314 γὰρ
1160 2240 1367 2311 Κυρίου
1406 2240 1679 2311 φήσαντος
1704 2234 1783 2309 τῷ

193 2342 385 2405 Δαϐίδ,
434 2341 527 2393 Ἐκ
573 2337 805 2406 καρποῦ
831 2335 942 2404 τῆς
975 2336 1209 2401 κοιλίας
1244 2349 1360 2388 σου
1392 2331 1650 2402 θήσομαι
1684 2329 1785 2385 ἐπὶ

194 2436 308 2491 τοῦ
358 2434 572 2503 θρόνου
617 2446 756 2495 σου,
792 2429 887 2483 καὶ
917 2428 999 2492 τὸ,
1045 2428 1267 2497 Ὧμοσε
1305 2426 1520 2493 Κύριος
1560 2424 1640 2490 τῷ
1674 2425 1784 2478 Δα-

196 2528 315 2592 me,
372 2526 470 2581 καί
510 2526 583 2580 οὐ
628 2520 1215 2593 μεταμεληθήσεται·
1263 2518 1441 2590 δῆλον,
1493 2518 1570 2582 ὡς
1606 2518 1639 2589 ὴ
1687 2513 1783 2572 τοῦ

194 2618 339 2674 Θεοῦ
369 2615 704 2690 ἀμετάθετός
747 2616 895 2667 ἐστιν
925 2610 1246 2681 ἐπαγγελία.
1291 2610 1403 2663 Καὶ
1443 2609 1657 2682 πρῶτον
1688 2610 1785 2681 μὲν

196 2712 284 2766 ὃτι
324 2711 485 2781 ὅρκος
516 2706 670 2777 παρὰ
701 2702 818 2775 Θεῷ
844 2703 897 2756 τί
926 2703 1073 2756 ἐστιν
1104 2700 1221 2755 ἀλλ’
1246 2699 1280 2772 ἢ
1312 2700 1415 2753 ὅτιο
1447 2697 1588 2752 Κατ’
1603 2698 1787 2767 ἐμαυ-

196 2801 312 2857 τοῦ
337 2800 564 2870 ὤμοσα,
594 2797 757 2867 λέγει
798 2796 1016 2863 Κύριος
1038 2808 1059 2857 ;
1102 2791 1176 2846 Οὐ
1220 2789 1329 2861 γὰρ
1371 2788 1510 2844 κατὰ
1543 2787 1788 2861 μείζονος

202 2895 323 2966 ἔχει
353 2895 516 2964 ὅρκον
545 2890 697 2956 Θεὸς,
731 2887 869 2943 ἀλλὰ
893 2886 1014 2940 οὐδὲ
1043 2884 1238 2956 ὄμνυσι
1264 2883 1326 2937 τὸ
1355 2882 1529 2937 Θείον.
1563 2882 1659 2945 Εἰς
1685 2898 1791 2934 πα-

204 2989 471 3059 ράστασιν
517 2984 574 3038 δὲ
606 2981 950 3054 βεϐαιώσεως
1001 2980 1029 3033 ὀ
1072 2977 1228 3047 λόγος
1274 2977 1387 3048 ἔχει
1414 2977 1515 3048 τὴν
1542 2974 1788 3045 δύναμιν.

1872 416 1925 470 in
1960 414 2101 471 idem
2138 416 2248 471 fere
2282 424 2495 487 tempus
2541 420 2851 476 incurrunt.
2897 420 3085 491 Neque
3119 421 3263 475 enim
3312 421 3455 475 attir-

1868 520 2021 561 mare
2055 516 2206 561 certo
2235 520 2529 576 possumus
2557 509 2663 562 utri
2698 512 2837 563 utris
2873 511 3258 567 successerint.
3292 511 3455 580 117

1870 596 2076 652 Eadem
2126 600 2296 663 enim,
2347 608 2406 652 ut
2452 598 2716 667 diximus,
2757 608 2916 655 relate
2964 602 3240 665 vixerunt,
3291 610 3347 656 et
3398 603 3455 655 in

1873 690 2068 745 iisdem
2121 690 2470 761 dogmatibus
2529 701 2657 747 sunt
2710 692 3174 764 Opinionibusque
3229 692 3487 749 versati.‘

1872 780 2049 851 Atque
2085 781 2159 835 illi
2183 781 2401 852 quidem
2433 798 2541 837 non
2572 798 2603 837 a
2634 783 2872 848 Christo,
2908 800 3083 854 neque
3105 786 3172 838 ah
3197 783 3327 839 Jesu
3353 802 3456 840 no-
3494 792 3518 825 ί

1874 891 1999 929 men
2033 884 2384 944 acceperunt,
2420 876 2514 931 sed
2549 892 2606 932 se
2639 874 2930 966 Nazal'azoS
2973 877 3336 947 appellarunt.
3371 876 3461 931 Si-

1875 966 2093 1037 quidem
2136 968 2435 1022 Christiani
2485 977 2598 1022 tum
2653 983 2845 1024 euntes
2898 968 3139 1023 Nazarmi
3186 970 3460 1023 vocalian-
3508 982 3529 1006 κ

1878 1069 1988 1115 tur.
2038 1059 2360 1130 Quanquam
2409 1076 2509 1131 pro
2554 1062 2751 1132 exiguo
2794 1069 3071 1130 tempore,
3128 1060 3459 1116 Jessaeorum

1877 1158 2045 1223 penes
2097 1152 2219 1207 illos
2259 1166 2459 1207 nomen
2520 1154 2743 1219 resedit,
2805 1163 3098 1222 antequam
3157 1152 3497 1208 Christiani<

1876 1245 2184 1301 Antiochiae
2221 1245 2495 1300 nominari
2542 1246 2832 1316 coeperint.
2877 1247 2955 1301 Ac
2981 1245 3191 1307 .lesszei,
3240 1254 3299 1298 ut
3343 1246 3461 1314 Opi-

1877 1351 2000 1401 nor,
2039 1339 2107 1393 ab
2138 1336 2293 1393 .lesse
2329 1338 2506 1392 vocati
2558 1346 2709 1393 sunt:
2738 1336 2907 1391 David
2954 1338 3096 1392 enim
3132 1335 3285 1393 Jesse
3317 1338 3463 1393 ﬁlius
3524 1330 3527 1331 7

1877 1436 2018 1495 erat,
2048 1444 2080 1483 a
2112 1444 2222 1500 quo
2248 1430 2466 1500 generis
2494 1430 2817 1483 continuata
2856 1429 3000 1484 serie
3025 1427 3194 1482 Maria
3217 1430 3420 1499 prodiit
3444 1448 3459 1496 ;

1880 1520 1939 1576 in
1980 1536 2159 1592 eoque
2217 1520 2516 1592 Scripturae
2561 1535 2736 1576 sacrae
2783 1521 3105 1575 vaticinium
3146 1519 3214 1574 ad
3254 1521 3463 1575 exitum

1880 1613 2204 1682 perducwm
2241 1621 2347 1679 est,
2392 1627 2518 1667 cum
2563 1613 2619 1667 in
2653 1611 2851 1668 Vetere
2885 1612 3239 1668 Testamento
3268 1612 3461 1668 Davidi

1806 1716 1850 1773 Β
1881 1702 2144 1760 Dominus
2196 1703 2299 1758 ista
2347 1705 2723 1774 respondisset
2764 1704 2887 1759 :De
2927 1705 3104 1774 [ructu
3142 1712 3336 1760 centris
3385 1706 3464 1760 tui

1880 1812 2075 1873 ponam
2100 1811 2256 1864 super
2288 1795 2461 1849 sedem
2498 1805 2643 1848 tuam
2668 1796 2710 1849 ¹.

1952 1888 2018 1943 ιι.
2058 1887 2165 1943 Sed
2195 1888 2328 1944 illud
2352 1875 2404 1942 in
2429 1888 2659 1959 singulis
2689 1888 2987 1959 Scriptura:
3023 1887 3206 1944 verbis
3233 1887 3464 1945 aﬂ'eren-

1881 1978 1967 2036 dis
2007 1978 2184 2035 vereri
2232 1978 2365 2033 mihi
2398 1978 2692 2045 succurrit,
2734 1979 2801 2035 de
2844 1996 2954 2052 quo
2990 1979 3188 2049 saepius
3222 1993 3467 2034 commo-
3558 1968 3577 1989 Χ

1880 2084 2016 2126 nere
2044 2072 2216 2138 soleo,
2264 2086 2334 2125 ne
2365 2071 2495 2125 dum
2533 2085 2649 2135 eas,
2685 2086 2805 2140 quae
2836 2071 3022 2128 verbis
3068 2072 3206 2142 ipsis
3252 2071 3463 2136 insunt,

1884 2163 2185 2219 sententias
2229 2162 2536 2232 expendere
2573 2163 2818 2218 veritatis
2848 2164 3091 2218 studium
3137 2164 3305 2236 cogit,
3345 2164 3464 2218 lon-

1883 2254 2007 2324 gius
2036 2268 2201 2323 quam
2234 2268 2332 2324 par
2361 2253 2435 2307 sit
2473 2252 2706 2308 instituti
2738 2254 2909 2308 moles
2939 2256 3124 2324 operis
3160 2263 3463 2309 excrescat.

1884 2343 2022 2398 Cum
2058 2345 2220 2415 igitur
2246 2342 2512 2399 Dominus
2543 2343 2732 2399 Davidi
2765 2343 2996 2400 dixerit:
3028 2345 3107 2400 De
3131 2347 3310 2415 [ructu
3346 2362 3469 2400 uen-

1889 2435 1988 2489 tris
2026 2436 2102 2488 tui
2142 2450 2335 2504 ponam
2363 2449 2519 2503 super
2550 2435 2722 2489 sedem
2744 2445 2925 2501 tuam;
2960 2446 3015 2491 et
3052 2438 3219 2492 illud:
3252 2436 3470 2493 Juravit

1885 2524 2145 2582 Dominus
2172 2525 2364 2588 David.
2397 2536 2451 2581 ‘et
2474 2544 2577 2581 nou
2597 2526 2861 2595 paenitebit
2884 2530 3072 2594 eum’;
3107 2526 3459 2582 manifestum

1884 2628 1973 2675 est
2020 2618 2114 2675 Dei
2150 2619 2573 2689 promissionem
2627 2621 2869 2675 revocari
2902 2635 3013 2675 non
3056 2636 3238 2690 posse.
3294 2620 3471 2691 Atque

1889 2711 1945 2768 in
1988 2712 2180 2783 primis
2212 2712 2601 2784 jusjurandum
2665 2713 2796 2768 illud
2849 2714 2997 2784 quod
3035 2713 3147 2769 Deo
3185 2715 3468 2778 tribuitur,

1889 2803 2150 2877 quidnam
2182 2811 2267 2860 est
2292 2805 2460 2869 aliud,
2497 2805 2600 2859 nisi
2634 2804 2779 2860 istud
2810 2806 3010 2875 ipsum,
3047 2808 3193 2878 quod
3225 2807 3355 2862 alibi
3381 2807 3469 2861 di-

1890 2897 2069 2952 citur:
2127 2894 2234 2951 Per
2282 2897 2643 2964 memetipsum
2680 2897 2887 2966 juravi,
2935 2898 3064 2954 dicit
3123 2900 3474 2958 Dominus’?

1892 2986 2078 3056 Neque
2121 2987 2267 3041 enim
2310 3002 2408 3057 per
2465 2987 2728 3059 majorem
2781 2990 3019 3061 aliquem
3070 2991 3467 3062 jusjurandum

203 3072 342 3128 Μεθ’
375 3074 538 3143 ὅρκου
572 3071 679 3142 γὰρ
707 3068 887 3141 ὤμοσε
915 3067 1117 3140 Κύριος
1153 3065 1231 3137 τῷ
1286 3064 1470 3130 Δαὸὶδ,
1521 3060 1616 3119 Ἐκ
1655 3080 1784 3136 καρ-

1893 3076 2039 3134 Deus
2068 3078 2326 3149 concipit,
2376 3079 2468 3134 sed
2511 3095 2612 3135 nec
2638 3080 2791 3151 jurat
2829 3060 3047 3152 quidem
3074 3060 3331 3141 omnino.
3366 3085 3475 3143 Sed

206 3163 316 3219 ποῦ
364 3164 465 3234 τῆς
534 3161 744 3225 κοιλίας
810 3160 997 3232 θήσειν
1060 3158 1155 3213 ἐπὶ
1205 3159 1298 3213 τὸν
1352 3158 1540 3230 θρόνον
1599 3156 1788 3211 αὐτοῦ.

207 3255 570 3330 Μαρτυροῦσι
598 3255 654 3308 δὲ
678 3256 726 3308 oi
754 3252 1060 3321 ἀπόστολοι,
1095 3255 1176 3308 ὅτι
1205 3255 1270 3307 ὲκ
1297 3253 1611 3325 σπέρματος
1628 3250 1792 3305 Δαϐὶδ

206 3352 319 3406 ἔδει
367 3350 463 3404 τὸν
509 3346 744 3419 Χριστὸν
787 3346 1133 3419 γεννηθῆναι⁸
1162 3345 1351 3419 ὥσπερ
1379 3342 1472 3400 οὖν
1502 3345 1594 3415 καὶ
1640 3345 1793 3413 ἐγεν-

206 3442 349 3515 νήθη
386 3442 417 3493 ό
454 3439 660 3511 Κύριος
701 3438 858 3510 ἡμῶν
916 3437 1124 3509 Ἰησοῦς
1152 3438 1410 3509 Χριστός.
1451 3438 1693 3509 Παρήσω
1734 3435 1791 3490 δὲ

201 3533 266 3586 τὸ
296 3530 502 3603 πλῆθος
532 3529 642 3583 τῶν
672 3529 1010 3601 μαρτυρίων,
1043 3529 1131 3583 ἴνα
1170 3529 1243 3601 μὴ
1288 3529 1369 3592 είς
1418 3527 1587 3582 πολὺν
1628 3528 1793 3597 δγκον

202 3626 403 3693 ἀγάγω
440 3623 531 3676 τὸν
565 3620 741 3691 λόγον,
776 3621 851 3685 ὥς
899 3638 963 3691 γε
993 3622 1274 3692 προεῖπον.
1326 3618 1486 3674 Εἴποι
1534 3619 1579 3673 δ’
1609 3619 1675 3674 ἄν
1707 3636 1791 3683 τις

204 3716 341 3779 ἰσως
360 3736 373 3750 ο
404 3714 513 3768 Τοῦ
542 3713 779 3786 Χριστοῦ
810 3711 1161 3785 γεννηθέντος
1187 3713 1253 3766 ὲκ
1278 3712 1597 3784 σπέρματος
1627 3712 1792 3766 Δαὸὶδ

201 3810 350 3864 κατὰ
379 3808 581 3880 σάρκα,
606 3806 885 3861 τουτέστιν
921 3806 1029 3860 ἀπὸ
1054 3807 1153 3877 τῆς
1177 3790 1339 3876 ἁγίας
1368 3804 1639 3878 παρθένου
1671 3806 1792 3859 Μα-

204 3888 352 3974 ρίας.
378 3900 485 3955 τίνι
512 3899 747 3971 τῷλόγῳ
763 3898 857 3953 ἐπὶ
877 3896 971 3953 τοῦ
990 3897 1182 3970 θρόνου
1200 3896 1365 3951 Δαϐὶδ
1384 3897 1444 3951 οὐ
1469 3895 1789 3962 καθέξεται;

202 3991 444 4051 Ἦλθον
467 3993 601 4062 γὰρ,
660 3994 795 4063 φησὶ
838 3992 900 4045 τὸ
943 3991 1275 4061 Εὐαγγέλιον
1297 4028 1311 4055 ,
1356 3989 1562 4060 χρῖσαι
1606 3988 1793 4044 αὑτὸν

199 4089 296 4155 εις
322 4084 627 4151 ,βασιλέαο
670 4084 763 4137 καὶ
790 4084 953 4153 γνοὺς
994 4082 1333 4155 ἀνεχώρησε,
1364 4082 1459 4136 καὶ
1489 4080 1703 4153 ’ἐκρύϐη
1732 4083 1791 4135 ἐν

211 4177 465 4251 Ἐφρατμ
491 4176 646 4232 πόλει
678 4177 779 4248 τῆς
807 4177 905 4249 ὲρή
916 4193 1039 4249 μου.
1088 4175 1399 4240 Φθάσαντες
1426 4175 1484 4229 δὲ
1512 4176 1672 4247 ἡμεῖς
1699 4176 1793 4229 ἐπὶ

194 4274 300 4328 τὸν
330 4272 497 4325 τόπον
535 4269 631 4323 τοῦ
686 4269 848 4341 ῥητοῦ
884 4269 1099 4336 τούτου,
1133 4268 1227 4324 καὶ
1272 4266 1615 4341 ἐρωτώμενοι
1662 4269 1791 4340 ’περὶ⁹

196 4365 309 4436 τῆς
341 4362 652 4437 μαρτυρίας
684 4362 889 4434 ταύτης
936 4363 1030 4416 καὶ
1060 4363 1160 4434 τῆς
1197 4360 1527 4426 ὑποθέσεως,
1572 4360 1654 4414 ὅτι
1685 4361 1791 4415 τίνι

1892 3182 1957 3224 ea
2010 3167 2268 3237 loquendi
2328 3172 2468 3225 ratio
2503 3170 2569 3224 ad
2616 3172 2972 3227 astruendam
3026 3175 3105 3229 rei
3160 3176 3475 3233 ﬁrmitatem

1892 3260 2148 3331 pertinet.
2164 3258 2299 3314 Nam
2325 3259 2511 3316 Davidi
2527 3263 2889 3333 jurejurando
2908 3265 3159 3335 promisit
3178 3266 3468 3323 Dominus:

1892 3350 1968 3408 De
2001 3351 2185 3408 fructu
2220 3354 2425 3409 ventris
2460 3354 2633 3426 ipsius
2674 3370 2839 3425 super
2890 3356 3074 3411 sedem
3109 3358 3231 3428 ejus
3257 3373 3316 3413 se
3352 3372 3476 3414 esse

1892 3446 2226 3516 positurum.
2268 3445 2347 3500 Ita
2377 3461 2543 3517 porro
2577 3454 2851 3504 testantur
2870 3449 3122 3519 apostoli,
3151 3449 3219 3505 de
3250 3447 3472 3508 Davidis

1893 3536 2061 3607 stirpe
2096 3536 2251 3592 nasci
2285 3534 2562 3593 Christum
2597 3540 2946 3610 oportuisse:
2982 3541 3057 3596 uti
3094 3557 3281 3597 revera
3312 3540 3476 3600 Jesus

1891 3626 2145 3684 Christus
2197 3628 2460 3684 Dominus
2516 3638 2707 3686 noster
2748 3632 2989 3687 indidem
3040 3633 3309 3691 oriundus
3368 3646 3473 3692 est.

1894 3717 2096 3775 Verum
2132 3734 2234 3790 ego
2256 3736 2328 3775 ne
2361 3720 2732 3791 prolixiorem,
2766 3736 2826 3779 ut
2854 3732 2981 3779 ante
3002 3723 3137 3790 dixi,
3167 3741 3476 3787 sermonent

1893 3810 2221 3875 instituam,
2288 3812 2727 3868 testimoniorum
2793 3816 3189 3885 amplissimam
3258 3821 3476 3889 copiam

1892 3903 2269 3976 praetermitto.
2320 3902 2560 3970 Atenim,
2611 3904 2758 3959 dicat
2790 3906 3018 3976 aliquis,
3048 3906 3184 3961 Cum
3212 3924 3280 3962 ex
3316 3909 3477 3963 Davi-

1893 3992 1980 4049 dis
2010 3994 2204 4064 stirpe,
2239 4001 2513 4065 quatenus
2551 4010 2716 4052 carne
2763 4004 3002 4060 constat,
3049 4009 3371 4069 procreatus
3404 4002 3476 4060 sit

1891 4084 2171 4149 Christus,
2200 4085 2308 4142 hoc
2334 4095 2441 4153 est,
2473 4101 2505 4143 e
2535 4087 2690 4143 beata
2728 4084 2953 4159 Virgine
2995 4086 3185 4155 Maria,
3230 4089 3359 4160 quid
3400 4090 3477 4147 ita

1895 4178 2119 4235 tandem
2148 4179 2203 4233 in
2228 4177 2452 4235 Davidis
2471 4178 2611 4235 solio
2634 4178 2860 4235 minime
2889 4180 3179 4234 consedit?
3216 4180 3476 4240 Venerunt

1891 4272 2053 4337 enim,
2085 4271 2162 4326 ait
2191 4269 2568 4341 Evangelium,
2587 4278 2643 4322 ut
2665 4271 2834 4337 ipsum
2859 4281 3109 4340 ungerent
3138 4274 3194 4325 in
3225 4288 3392 4343 regem
3417 4272 3472 4333 δς

1894 4372 2101 4419 etcum
2135 4363 2501 4434 cognovisset,
2532 4365 2785 4430 recessit,
2818 4370 2981 4433 atque
3012 4362 3479 4436 Ephraimi,quod

197 4456 284 4527 τῷ
313 4455 458 4526 λόγῳ
497 4455 637 4509 κατὰ
669 4447 1026 4528 τοσαρκικὺν
1073 4454 1135 4508 οὐ
1181 4448 1542 4527 πεπλήρωται
1575 4453 1667 4508 ἐπὶ
1700 4454 1784 4509 τὸν

1894 4456 2154 4527 oppidum
2188 4456 2242 4510 in
2279 4455 2498 4511 deserto
2524 4455 2688 4510 situm
2715 4464 2820 4519 est,
2846 4456 3086 4513 delituit.
3120 4457 3308 4528 itaque
3340 4474 3482 4529 quo-

198 4547 437 4618 Σωτῆρα
465 4546 528 4599 τὸ
562 4544 780 4599 καθίσαι
808 4544 902 4598 ἐπὶ
947 4544 1037 4599 τὸν
1079 4542 1267 4615 θρόνον
1293 4541 1476 4597 Δαϐίδ·
1527 4542 1788 4613 ἐνομίσθη

196 4637 316 4707 γὰρ
347 4635 507 4689 τοῦτό
551 4652 663 4690 τισι
718 4636 793 4708 μὴ
842 4634 1275 4706 πεπληρῶσθαι·
1326 4633 1477 4704 ὅμως
1518 4633 1595 4697 ὡς
1642 4633 1791 4687 ἔστιν

197 4727 459 4801 ἐροῦμεν.
515 4728 756 4799 Οὐδεμία
809 4729 920 4801 γὰρ
966 4727 1113 4796 λέξις
1154 4726 1257 4798 τῆς
1299 4727 1464 4797 ἁγίας
1508 4726 1604 4780 τοῦ
1652 4725 1789 4780 Θεοῦ

197 4825 430 4896 Γραφῆς
461 4822 768 4893 διαπίπτει.

1890 4548 2036 4603 uiam
2074 4553 2384 4617 opportune
2424 4546 2491 4601 ad
2526 4547 2691 4617 hujus
2736 4547 3038 4618 evangelici
3074 4549 3208 4604 dicti
3241 4552 3477 4605 mentio-

1888 4654 2015 4695 nem
2062 4653 2255 4695 sumus
2303 4638 2538 4710 delapsi,
2584 4639 2764 4711 deque
2812 4639 3084 4709 ejusmodi
3140 4643 3476 4705 testimonio.

1888 4739 2320 4803 argumentoque
2366 4741 2495 4787 nata
2525 4733 2756 4804 quaestio
2791 4740 2899 4796 est,
2948 4747 3050 4787 cur
3078 4735 3294 4789 scilicet
3331 4733 3479 4804 quod

1888 4836 1918 4875 a
1950 4823 2218 4893 propheta
2250 4823 2574 4894 praedictum
2605 4823 2805 4894 fuerat,
2844 4825 3008 4897 118
3047 4826 3103 4881 in
3139 4824 3362 4881 Davidis
3392 4840 3479 4881 so-

326 5007 469 5064 Psal.
504 5018 693 5073 cxxxt,
718 5006 806 5062 il.
884 5006 905 5037 ³
932 5001 1077 5061 Psal.
1107 5018 1224 5071 cxx,
1252 5005 1307 5060 4.
1386 5004 1408 5036 ³
1444 5002 1578 5059 Gen.
1608 5019 1746 5070 xxu,
1783 5027 1784 5030 η

1945 5002 1968 5034 δ
1990 5000 2150 5058 Joan.
2186 5019 2261 5071 vr,
2294 4968 2391 5059 15..

204 5163 579 5233 Hieronymus
610 5158 780 5229 Epist.
806 5159 875 5233 ad
900 5160 1127 5233 August.
1143 5174 1161 5213 :
1180 5157 1350 5233 Usque
1365 5157 1518 5233 hodie
1536 5173 1629 5228 per
1646 5167 1785 5212 totas

204 5229 444 5292 Orientis
467 5231 792 5302 iSynagogas
835 5229 1237 5302 inter‘Judwos
1275 5231 1489 5284 hwresis
1520 5240 1620 5292 est,
1657 5244 1786 5302 qua:

200 5307 402 5359 dicitur
422 5299 847 5369 linteorum,“
878 5319 913 5355 a
942 5300 1231 5355 Phariswis
1266 5314 1403 5353 nunc
1436 5315 1598 5369 usque
1632 5299 1786 5352 dam-

201 5388 388 5438 natur,
415 5390 543 5443 quos
577 5372 728 5443 uulgo
761 5366 1053 5426 Nazarwos
1082 5370 1402 5443 nuncupant,
1435 5366 1523 5443 qui
1549 5369 1777 5443 credunt

199 5451 258 5502 in
293 5436 568 5501 Christum
596 5436 799 5496 Filium
838 5442 956 5507 Dei,
979 5450 1086 5496 etc.
1118 5440 1220 5496 Sed
1242 5436 1367 5493 dum
1396 5436 1574 5493 volunt
1602 5449 1651 5493 et
1680 5436 1783 5492 Ju-

200 5518 309 5571 daei
340 5513 477 5579 esse,
512 5523 561 5567 et
607 5512 921 5569 Christiani.
956 5528 1046 5567 nec
1100 5510 1279 5566 Judaei
1320 5521 1462 5575 sunt,
1498 5527 1589 5565 nec
1623 5507 1782 5564 Chri-

200 5587 391 5644 stiani.
429 5586 573 5644 Ergo
608 5582 851 5638 Nazarzei
882 5581 1194 5637 Christiano
1237 5595 1297 5636 se
1336 5580 1557 5636 nomine
1585 5579 1780 5634 vendi-

201 5658 423 5715 tabant.
472 5649 679 5719 Fuisse,
709 5669 839 5712 vero
870 5653 969 5723 qui
1002 5654 1058 5710 in
1093 5664 1244 5709 mero
1276 5649 1560 5709 ludaismo
1588 5650 1784 5721 pracci-

1893 5173 2057 5230 puam
2090 5159 2387 5230 quamdam
2434 5158 2629 5215 eodem
2676 5159 2899 5215 nomine
2940 5168 3145 5216 sectam
3175 5159 3482 5216 constitue-

1894 5240 2036 5289 rent.
2070 5229 2137 5285 ab
2171 5245 2280 5284 uno
2317 5229 2623 5300 Epiphanio
2653 5230 2970 5300 didicimus.
3012 5231 3085 5285 De
3124 5231 3315 5286 iisdem
3364 5231 3477 5300 agit

1890 5301 2234 5371 Augustinus
2281 5299 2376 5372 lib.
2420 5299 2437 5355 ι
2482 5311 2671 5354 contra
2720 5299 3062 5372 Cresconinm
3091 5317 3215 5372 cap.
3261 5302 3323 5356 5|
3355 5319 3371 5355 :
3405 5299 3478 5354 Et

1891 5370 2029 5427 nunc
2058 5382 2179 5442 sunt
2206 5371 2425 5442 quidam
2446 5372 2702 5442 heretici,
2722 5373 2812 5442 qui
2840 5388 2895 5425 se
2927 5370 2977 5424 Ν
2984 5370 3242 5427 azarenos
3268 5381 3475 5438 vocant,

1891 5460 1923 5497 a
1954 5441 2224 5496 nonnullis
2258 5453 2436 5496 autem
2468 5441 2869 5513 Symmachiani
2898 5443 3259 5513 appellantur,
3290 5451 3357 5513 et_
3371 5444 3478 5513 cir—

1890 5514 2265 5569 cumcisionem
2296 5513 2487 5570 habent
2513 5510 2851 5580 Judcorum,
2878 5510 2942 5572 et
2968 5510 3290 5585 baptismum
3317 5510 3476 5569 Chri-

1891 5586 2211 5641 stianorum.
