3946 6074
386 186 488 240 599

1753 177 1808 232 S.
1851 178 2189 235 EPIPHANH

3436 200 3444 209 κ
3528 180 3636 237 ωδ

300 270 305 279 Α
389 309 469 363 de-
486 304 686 377 quibus
716 300 1266 374 praesensinstitutus
1301 307 1385 355 est
1423 314 1623 355 sermo.
1665 299 1829 356 Erant
1876 302 1943 357 illi

2057 303 2208 373 νόμῳ
2240 301 2298 354 δὲ
2330 301 2771 373 προσανέχοντες,
2810 300 2903 354 καὶ
2934 298 3234 372 περιτομὴν
3264 299 3631 372 κεκτημένον

387 411 590 464 genere
616 394 833 466 quidem
863 390 1059 458 Judaei,
1090 400 1254 460 atque
1285 389 1355 443 ad
1388 389 1559 459 legem
1589 399 1643 444 et
1664 390 1958 446 circumci-

390 490 601 544 sionem
628 485 1001 545 adhaaserant:
1042 481 1139 538 sed
1166 480 1626 552 quemadmodum
1659 482 1751 552 qui
1781 498 1811 537 e
1832 497 1955 552 spe-

394 577 517 632 cuia
540 576 729 644 procul
747 574 924 643 ignem
950 572 1451 643 aspiciunt,'neque
1472 571 1630 642 cujus
1658 573 1733 627 rei
1759 574 1954 643 gratia,

388 684 622 741 quemve
657 666 725 721 ad
768 678 931 732 usum
976 664 1082 719 hoc
1118 663 1428 719 incendium
1460 663 1753 719 excitatum
1795 664 1958 718 fuerit

393 759 596 821 sciunt,
632 764 944 812 utrumnam
976 756 1043 811 ad
1086 755 1311 811 obsonia
1342 755 1502 823 121
1538 753 1842 825 coquenda,
1874 755 1956 808 ci-

391 845 789 917 bosquevictui
817 845 1226 916 praeparandos,
1273 858 1342 898 an
1374 852 1433 897 ιιι
1460 845 1664 899 eremia
1695 844 1956 914 aridaque

391 938 645 1007 virgulta,
659 943 722 990 ut
734 935 956 999 assolet,
972 941 1405 999 concremarent;
1424 933 1504 989 sic
1520 933 1595 987 iili
1614 934 1755 989 istud
1777 934 1953 1003 ipsum

389 1027 587 1083 imitati
617 1027 941 1097 semetipsos
971 1025 1223 1080 incendio
1253 1032 1733 1095 consumpserunt.
1772 1023 1952 1095 Siqui-

388 1120 510 1175 dem
542 1119 659 1174 solo
688 1115 815 1173 Jesu
855 1117 1075 1171 nomine
1120 1115 1328 1178 audito,
1373 1115 1790 1185 conspectisque
1834 1132 1955 1186 quae

385 1209 457 1264 ab
491 1204 756 1278 apostolis
783 1205 1270 1275 tierentporteutis
1295 1219 1359 1259 ac
1389 1205 1691 1267 miraculis,
1718 1206 1771 1259 in
1798 1206 1951 1259 illum

383 1308 441 1357 et
481 1300 585 1369 ipsi
629 1313 847 1369 quoque
888 1297 1260 1352 crediderunt.
1319 1295 1489 1362 Quem
1540 1292 1664 1351 c'um
1698 1294 1951 1351 Nazareti

385 1393 587 1450 scirent
617 1392 671 1444 in
704 1387 947 1459 Virginis
976 1396 1130 1443 utero
1161 1388 1423 1458 genitum,
1459 1395 1624 1457 atque
1654 1388 1709 1442 in
1728 1386 1951 1459 Iosephi

383 1478 544 1531 domo
582 1475 866 1538 nutritum,
919 1482 974 1529 et
1022 1472 1463 1530 idcirco-Iesum
1507 1474 1847 1531 Nazarenum
1895 1477 1953 1532 in

383 1567 672 1636 Evangelia
696 1564 984 1631 nominari,
1003 1564 1454 1635 quemadmodum
1473 1567 1705 1636 apostoli
1726 1568 1954 1637 loquun-

2061 392 2176 447 ἀλλ’
2207 391 2394 462 ὥσπερ
2423 391 2532 444 ἀπὸ
2578 391 2784 445 σκοποῦ
2828 408 2970 456 τινες
3010 391 3335 462 θεασάμενοι
3370 390 3505 464 πῦρ,
3535 390 3635 446 καὶ

2062 483 2136 556 μὴ
2178 486 2468 555 νοήσαντες
2512 483 2577 536 δι’
2628 484 2694 555 ἢν
2738 484 2933 538 αἰτίαν.
2961 486 3010 538 οἱ
3058 485 3158 555 τὴν
3200 484 3378 554 πυρὰν
3428 483 3633 556 ταύτην

2058 564 2372 644 ἐξάψαντες,
2397 574 2430 644 ἢ
2463 573 2858 645 χρησιμότητα,
2897 574 3057 629 τοῦτο
3088 560 3351 640 ποιοῦσιν,
3380 575 3415 647 ἢ
3440 576 3509 629 τά
3533 575 3633 647 τῆς

2058 664 2204 735 ζωῆς
2250 664 2456 717 ἑαυτῶν
2490 663 2695 734 ὀψώνια
2741 664 2877 735 πρὸς
2917 664 3114 737 ἐδωδὴν
3161 665 3249 720 διὰ
3300 665 3399 736 τῆς
3451 668 3631 737 πυρᾶς

2057 754 2579 819 κατασκευάζοντες,
2613 754 2645 824 ἢ
2675 756 2766 807 ἐπὶ
2805 754 3097 825 ἀφανισμῷ
3128 773 3290 809 τινων
3319 756 3630 810 καυστικῶν

2058 843 2229 909 ξύλων
2265 844 2298 916 ἢ
2343 845 2633 916 φρυγάνων
2665 845 2771 897 τῶν
2823 845 2929 899 ὑπὸ
2973 847 3143 918 πυρὸς
3188 846 3458 899 εἰωθότων
3502 847 3633 899 ἀνα-

2054 935 2369 991 λίσκεσθαι·
2418 937 2562 990 οὕτω
2601 936 2696 990 καὶ
2734 937 2885 990 αὐτοὶ
2925 937 3319 1009 μιμησάμενοι,
3348 937 3461 1008 πῦρ
3498 936 3632 990 ἀνά-

2054 1024 2272 1095 ψαντες,
2303 1026 2530 1089 ἑαυτοὺς
2566 1026 2890 1099 ἐνέπρησαν.
2935 1026 3289 1090 ’Δκούσαντες
3329 1026 3437 1098 γὰρ
3469 1026 3632 1097 μόνον

2055 1114 2225 1185 ὄνομα
2264 1113 2460 1185 Ἰησοῦ,
2490 1116 2586 1169 καὶ
2618 1115 2942 1186 θεασάμενοι
2981 1116 3051 1170 τὰ
3093 1116 3388 1187 θεοσήμεια
3424 1116 3494 1170 τά
3538 1116 3629 1169 διά

2055 1206 2254 1277 χειρῶν
2278 1207 2389 1259 τῶν
2416 1206 2730 1260 ἀποστόλων
2756 1207 3036 1278 γινόμενα,
3079 1208 3174 1262 καὶ
3217 1210 3369 1262 αὐτοὶ
3399 1210 3479 1271 εἰς
3520 1210 3628 1279 Ἰη-

2056 1295 2182 1350 σοῦν
2231 1296 2565 1351 πιστεύουσι.
2616 1297 2842 1360 Γνόντες
2873 1297 2931 1350 δὲ
2974 1297 3135 1351 αὐτὸν
3179 1299 3243 1351 ὲκ
3288 1297 3540 1369 Ναζαρὲτ
3568 1299 3629 1351 ἐν

2053 1389 2251 1460 γαστρὶ
2279 1390 2740 1462 ὲγκυμονηοέντα,
2770 1391 2864 1442 καὶ
2903 1391 2961 1444 ὲν
2991 1392 3124 1459 οῐκῳ
3164 1389 3360 1460 Ἰωσὴφ
3388 1391 3630 1460 ἀνατρα-

2055 1479 2242 1549 φέντα,
2284 1480 2378 1532 καὶ
2408 1479 2496 1533 διὰ
2537 1478 2697 1533 τοῦτο
2729 1480 2787 1532 ὲν
2832 1478 2908 1550 τῷ
2952 1478 3269 1550 Εὑαγγελίῳ
3305 1479 3511 1551 Ἰησοῦν
3535 1478 3628 1534 τὸν

2051 1568 2371 1641 Ναζωραῖον
2411 1569 2725 1634 καλεῖσθαι,
2758 1569 2832 1634 ὡς
2882 1570 2977 1621 καὶ
3017 1572 3069 1623 οἱ
3116 1569 3400 1622 ἀπόστολοί
3440 1587 3625 1638 φασιν,

380 1669 509 1716 tur:
548 1658 732 1712 Jesum
768 1656 1113 1710 Nazarenam
1165 1657 1337 1710 virum
1384 1656 1732 1725 approbatum
1780 1658 1943 1727 signis

2061 1656 2305 1724 Ἰησοῦν
2333 1656 2439 1711 τὸν
2467 1656 2800 1724 Ναζωραῖον
2820 1656 3007 1741 dit-opu
3035 1656 3535 1726 ἀποδεδειγμένον
3554 1659 3630 1712 ἐν

379 1767 443 1806 ac
466 1747 778 1818 prodigiis‘,
804 1761 869 1801 ex
903 1760 968 1799 eo
999 1759 1197 1800 nomen
1230 1745 1335 1800 sibi
1363 1744 1509 1799 istud
1548 1745 1857 1816 imponunt,
1890 1752 1949 1799 ut

381 1838 622 1896 Nazarrei
653 1845 937 1900 vocentur,
969 1850 1074 1890 non
1111 1834 1361 1901 Naziraai,
1400 1852 1522 1906 qua:
1564 1852 1667 1892 vox
1710 1837 1951 1893 sanctiﬁ-

266 1966 277 1977 ς
365 1940 561 2012 .catum
593 1932 885 2004 signiﬁcat.
917 1926 1019 1983 Hic
1056 1928 1200 1984 enim
1245 1927 1519 1997 quondam
1550 1928 1948 2000 primogenitis,

380 2027 601 2096 Deoquc
649 2020 986 2080 consecratis
1022 2018 1306 2088 dignitatis
1354 2018 1529 2074 honor
1557 2027 1641 2074 est
1683 2019 1946 2076 habitus:

378 2134 611 2190 quorum
636 2132 667 2172 e
696 2127 922 2170 numero
946 2110 1238 2179 Sampson,
1266 2110 1465 2179 aliique
1487 2120 1610 2180 post
1638 2112 1837 2181 ipsum,
1863 2113 1948 2168 vel

376 2219 505 2265 ante
534 2210 713 2279 ipsum
760 2206 1069 2275 complures
1100 2203 1448 2259 exstiterunt.
1482 2201 1595 2256 lmo
1628 2211 1682 2257 et
1709 2202 1948 2260 Joannes

375 2301 619 2370 Baptista
649 2313 711 2353 es
754 2296 850 2352 illo
878 2293 1258 2349 dedicatorum
1274 2289 1402 2345 Deo
1435 2290 1719 2344 hominum
1749 2306 1948 2361 genere

375 2394 512 2460 fuit;
542 2391 635 2463 qui
680 2391 864 2444 vinum
897 2396 992 2443 aut
1035 2388 1267 2441 siceram
1299 2394 1408 2439 nan
1455 2383 1615 2438 bibit.
1651 2381 1775 2437 Fuit
1801 2386 1945 2438 enim

373 2481 691 2539 hominibus
730 2477 999 2550 ejusmodi
1050 2491 1240 2532 eorum
1286 2473 1536 2545 dignitati
1580 2483 1946 2530 consentanea

373 2568 588 2629 vivendi
621 2570 761 2626 ratio
790 2569 1108 2624 constituta.

447 2665 532 2720 Vl.
573 2662 678 2719 Sed
717 2662 809 2718 alii
847 2660 1134 2715 Nazaraeos
1166 2658 1376 2728 seipsos
1408 2654 1702 2727 appellant.
1737 2656 1947 2727 Quippe

373 2758 752 2812 Nazarazorum
800 2759 947 2808 secta
994 2749 1274 2805 Christum
1311 2745 1642 2810 antecessit,
1689 2761 1790 2801 nec
1819 2760 1945 2801 eum

373 2844 646 2918 cognovit.
683 2842 887 2898 Verum
922 2837 1262 2903 Christiani,
1303 2844 1363 2890 ut
1401 2836 1560 2890 initio
1617 2836 1836 2899 monui,
1876 2835 1946 2890 ab

371 2935 625 2993 omnibus
659 2930 901 2987 Nazareni
938 2928 1235 2997 nuncupati
1273 2934 1441 2991 sunt,
1488 2925 1944 2997 quemadmodum

2050 1763 2114 1801 τε
2158 1748 2430 1817 σημείοις
2472 1748 2567 1802 καὶ
2620 1748 2846 1814 τέρασι,
2881 1749 2975 1801 καὶ
3022 1748 3092 1801 τὰ
3143 1747 3305 1819 ἑξῆς,
3361 1749 3521 1803 τοῦτο
3567 1749 3629 1803 τὸ

2049 1836 2220 1908 ὄνομα
2251 1838 2588 1892 ἐπιτιθέασιν
2617 1840 2817 1901 αὐτοῖς,
2845 1838 2905 1892 τὸ
2941 1839 3223 1892 καλεῖσθαι
3249 1840 3628 1911 Ναζωραίους,

1996 1960 2009 1967 κ
2048 1928 2169 1999 οὐχὶ
2194 1929 2249 1981 δὲ
2278 1929 2627 2001 Ναζιραίους,
2666 1930 2727 1983 τὸ
2755 1931 3188 2002 ἑρμηνευόμενον
3234 1933 3624 2003 ἡγιασμένους.

2049 2019 2220 2073 Τοῦτο
2267 2019 2375 2091 γὰρ
2421 2023 2535 2084 τοῖς
2584 2020 2646 2073 τὸ
2704 2021 2931 2076 παλαιὸν
2976 2022 3052 2094 (7)
3110 2024 3478 2094 πρωτοτόκοις
3531 2026 3629 2080 καὶ

2048 2109 2166 2180 Θεῷ
2190 2110 2573 2181 ὰφιερωθεῖσιν
2601 2111 2812 2181 ὑπῆρχε
2859 2112 2920 2164 τὸ
2948 2112 3184 2182 ἀξίωμα,
3219 2107 3294 2167 ὧν
3331 2111 3411 2179 εἷς
3444 2116 3626 2187 ὑπῆρ-

2046 2217 2141 2270 χεν
2167 2203 2195 2253 ό
2218 2200 2476 2271 Σαμψὼν,
2512 2203 2603 2255 καὶ
2632 2202 2780 2256 ἄλλοι
2813 2205 2931 2273 μετ’
2963 2204 3144 2267 αὐτὸν,
3190 2206 3284 2259 καὶ
3315 2207 3420 2278 πρὸ
3456 2208 3625 2262 αὐτοῦ

2048 2289 2249 2344 πολλοί.
2293 2290 2453 2344 Ἀλλά
2483 2291 2576 2344 καὶ
2618 2292 2866 2362 Ἰωάννης
2892 2295 2921 2346 ό
2955 2294 3267 2365 Βαπτιστὴς
3299 2297 3405 2349 τῶν
3443 2298 3629 2352 αὐτῶν

2046 2382 2488 2453 ἀφηγησαμὲνων
2519 2381 2541 2413 ⁸
2574 2380 2653 2448 τῷ
2690 2381 2808 2453 Θεῷ
2835 2383 2928 2435 καὶ
2961 2383 3120 2449 αὐτὸς
3145 2378 3225 2448 εἷς
3250 2387 3483 2459 ὑπῆρχε,
3526 2389 3628 2442 καὶ

2045 2463 2184 2522 οἶνον
2234 2471 2327 2523 καὶ
2392 2469 2584 2541 σίκερα
2644 2471 2744 2524 οὐκ
2798 2470 3001 2525 ἔπινεν.
3060 2474 3283 2545 Ὠριστο
3339 2476 3449 2549 γὰρ
3507 2482 3628 2545 τοῖς

2044 2559 2305 2624 τοιούτοις
2341 2559 2478 2632 αῦτη
2514 2562 2768 2632 ἁρμόδιος
2789 2562 2867 2633 τῷ
2897 2562 3219 2638 ἀξιώματιὴ
3254 2566 3511 2623 πολιτεία.

2117 2653 2208 2719 (τ’.
2243 2652 2424 2705 ’Ἄλλοι
2461 2652 2519 2705 δὲ
2555 2653 2930 2725 Νασαραίους⁸
2960 2655 3035 2726 (8)
3067 2658 3294 2722 ἑαυτοὺς
3335 2661 3619 2718 ἐκάλεσαν.

2044 2738 2153 2796 Ἦν
2175 2743 2285 2814 γὰρ
2316 2747 2347 2815 ἡ
2381 2745 2589 2815 αἵρεσις
2615 2746 2723 2797 τῶν
2752 2746 3082 2818 Νασαραίων
3108 2749 3215 2820 πρὸ
3238 2752 3493 2822 Χριστοῦ,
3527 2755 3624 2807 καὶ

2044 2834 2279 2907 Χριστὸν
2308 2835 2407 2888 οὐκ
2436 2836 2580 2908 ᾔδει.
2627 2836 2786 2890 Ἀλλά
2824 2839 2916 2892 καὶ¹
2949 2839 3147 2904 πάντες
3187 2841 3461 2914 ἄνθρωποι
3492 2846 3623 2911 τοὺς

2044 2926 2407 2996 Χριστιανοὺς
2438 2926 2791 2999 Ναξωραίους
2828 2929 3082 2998 ἐκάλουν,
3113 2931 3188 2996 ὡς
3231 2938 3510 3006 προεῖπον,
3543 2937 3623 3002 ὡς

370 3028 449 3083 illi
480 3028 768 3088 dixerunt,
800 3023 900 3094 qui
943 3020 1183 3075 Paulum
1232 3018 1536 3089 apostolum
1580 3023 1939 3073 accusarunt:

2046 3017 2258 3087 λέγουσι
2287 3020 2714 3091 κατηγοροῦντες
2748 3021 2963 3076 Παύλου
2994 3024 3086 3077 τυῦ
3118 3026 3433 3081 ἀποστόλου·
3472 3027 3623 3086 Τοῦ-

369 3116 524 3172 Hunc
543 3155 558 3179 ,
596 3113 848 3184 inquiunt
870 3149 883 3176 ,
918 3108 1177 3164 hominem
1210 3107 1497 3161 invenimus
1524 3106 1829 3176 pestiferum
1848 3145 1863 3169 ,
1892 3115 1943 3161 et

368 3212 782 3275 corrumpentem
806 3201 1077 3271 populum,
1090 3207 1139 3253 et
1165 3207 1431 3252 auctorem
1458 3206 1610 3250 secta:
1629 3194 1945 3250 Nazarene-

369 3315 487 3353 rum
526 3274 589 3352 ’.ί
616 3298 685 3351 At
715 3275 939 3352 sanctus
989 3274 1282 3361 Apostolus
1328 3303 1503 3357 neque
1552 3301 1750 3341 nomen
1796 3285 1943 3341 istud

367 3394 585 3464 ejurat,
615 3386 830 3444 tametsi
863 3386 934 3440 ab
989 3384 1206 3438 illorum
1250 3380 1447 3435 hazresi
1476 3378 1832 3442 abhorreret,
1887 3384 1943 3434 et

367 3485 515 3557 quod
555 3483 658 3538 sibi
688 3471 1496 3542 adversariorum-imprcibitate
1531 3477 1751 3541 propter
1782 3469 1944 3525 Chri-

368 3584 514 3632 stum
543 3573 854 3640 impositum
885 3572 1003 3621 erat
1035 3562 1362 3619 vocabulum
1389 3601 1404 3625 ,
1436 3560 1669 3615 libenter
1700 3559 1938 3615 admisit.

368 3663 446 3718 Ita
470 3663 613 3718 enim
647 3665 772 3712 ante
815 3652 1052 3709 tribunal
1083 3651 1219 3706 dixit
1265 3668 1279 3704 :
1309 3647 1499 3719 Neque
1528 3649 1583 3702 in
1625 3640 1812 3717 templa
1861 3648 1942 3702 in-

368 3763 613 3814 venerunt
642 3766 721 3805 me
742 3757 865 3803 'cum
892 3747 1069 3816 aliqua
1100 3743 1484 3811 disputantem,
1507 3751 1601 3794 aut
1630 3756 1939 3795 concursum

368 3848 648 3916 facientem
682 3841 876 3903 turba’,
914 3852 1073 3907 neque
1103 3834 1384 3906 quidquam
1417 3832 1597 3887 earum
1625 3831 1813 3902 quibus
1860 3846 1941 3885 me

365 3943 620 3993 accusant
644 3930 864 3986 admisi.
896 3926 1163 3996 Conﬁteor
1196 3933 1368 3978 autem
1407 3921 1503 3975 hoc
1540 3920 1655 3985 tibi,
1681 3922 1818 3989 quod
1854 3935 1938 3973 se-

366 4028 595 4084 cundant
618 4034 831 4087 sectam,
871 4035 1029 4090 quam
1060 4017 1242 4070 dicunt
1274 4014 1497 4067 hwresin
1524 4051 1540 4073 ,
1567 4013 1642 4065 sic
1665 4011 1897 4065 descruio
1918 4027 1938 4063 :

365 4120 579 4176 credens
624 4115 861 4170 omnibus
907 4126 1022 4180 qua:
1069 4108 1125 4161 in
1177 4109 1283 4176 lege
1336 4114 1385 4158 et
1434 4103 1696 4173 prophetis
1743 4102 1939 4170 scripta

365 4220 489 4268 sunt
516 4212 558 4265 ³.
595 4206 787 4275 Neque
813 4216 942 4258 vero
978 4201 1176 4255 mirum
1206 4204 1292 4252 est
1316 4234 1332 4258 ,
1389 4194 1704 4264 Apostolum
1742 4199 1939 4248 semet-

365 4304 543 4372 ipsum
582 4296 919 4351 Nazarenam
949 4288 1193 4345 confiteri
1217 4328 1233 4351 ,
1269 4300 1394 4341 cum
1430 4283 1670 4339 universi
1715 4291 1845 4337 tunc
1872 4297 1938 4337 eo

2042 3125 2149 3162 τον
2182 3109 2290 3163 τὸν
2304 3102 2629 3178 ’ἄνθρωπον
2666 3112 2913 3181 εὕρομεν
2955 3115 3186 3185 λοιμὸν,
3219 3117 3316 3171 καὶ
3349 3118 3622 3190 διαστρέ-

2042 3214 2234 3266 φοντα
2264 3200 2370 3254 τὸν
2390 3198 2564 3264 λαὸν,
2609 3202 3040 3272 πρωτοστάτην
3075 3221 3140 3258 τε
3175 3205 3320 3260 ὄντα
3360 3206 3470 3277 τῆς
3499 3209 3621 3263 τῶν

2040 3283 2387 3354 Ναζωραίων
2431 3287 2732 3356 αἱρέσεως.
2773 3290 2833 3345 Ὃ
2874 3292 2932 3345 δὲ
2972 3294 3126 3362 ἅγιος
3146 3294 3480 3364 ’Ἂπόστολος
3516 3302 3618 3357 οὐκ

2041 3378 2284 3449 ἀρνεῖται
2314 3378 2412 3449 μὲν
2440 3379 2500 3466 τὸ
2527 3379 2716 3451 ὄνομα,
2750 3382 2869 3453 οὐχὶ
2895 3383 2992 3456 τὴν
3022 3384 3225 3440 τούτων
3250 3388 3460 3460 αἵρεσιν
3488 3395 3617 3464 όμοο

2040 3467 2233 3537 λογῶν,
2263 3468 2398 3522 ἀλλὰ
2436 3469 2498 3522 τὸ
2538 3469 2708 3542 ὅνομα
2736 3473 2797 3527 τὸ
2833 3474 2940 3527 ἀπὸ
2972 3476 3072 3547 τῆς
3098 3478 3208 3532 τῶν
3230 3480 3618 3552 ἀντιλεγόντων

2041 3560 2325 3624 κακονοίας
2351 3559 2441 3615 διὰ
2467 3562 2558 3615 τὸν
2592 3565 2824 3636 Χριστὸν
2867 3567 3150 3638 ὲπενεχθὲν
3186 3570 3333 3643 αὐτῷ
3362 3573 3617 3644 ἀσμένως

2041 3651 2485 3723 καταδεχόμενος.
2514 3654 2654 3726 Φησὶ
2686 3656 2795 3725 γάρ
2832 3658 2925 3710 ἐπὶ
2951 3658 3043 3711 τοῦ
3074 3659 3333 3731 βήματος·
3364 3666 3521 3721 Οὔτε
3545 3668 3619 3721 ἐν

2040 3741 2120 3807 τῷ
2143 3740 2276 3811 ἱερῷ
2298 3739 2480 3811 εὗρόν
2504 3761 2582 3814 με
2605 3746 2754 3814 πρός
2776 3763 2913 3801 τινα
2942 3748 3385 3821 διαλεγόμενον,
3417 3756 3457 3825 ἢ
3483 3758 3614 3813 ἐπι-

2039 3832 2348 3886 σύστασίν
2391 3846 2525 3888 τινα
2580 3835 2767 3903 ὄχλου
2812 3839 3132 3906 ποιοῦντα,
3178 3844 3321 3899 οὐδέ
3363 3842 3452 3902 ὧν
3490 3869 3615 3920 μου

2040 3925 2480 3993 κατηγοροῦσιν
2511 3925 2692 3980 οὐδὲν
2715 3930 3034 3997 πεποίηκα.
3074 3933 3375 4007 Ὁμολογτῦ
3410 3940 3481 3995 δέ
3512 3960 3614 3998 σοι

2038 4015 2215 4069 τοῦτο
2232 4057 2246 4081 ,
2274 4016 2361 4070 ὅτι
2405 4019 2555 4072 κατὰ
2585 4019 2699 4087 τὴν
2728 4021 2889 4095 ὁδὸν,
2917 4021 3000 4090 ἢν
3036 4025 3268 4094 αἵρεσιν
3296 4026 3463 4087 οὗτοι
3500 4034 3616 4105 φά-

2038 4120 2318 4170 σκουσιν,
2344 4105 2498 4159 οὕτω
2524 4109 2791 4175 λατρεύω
2809 4125 2824 4144 ο
2865 4113 3166 4168 πιστεύων
3196 4116 3347 4172 πᾶσι
3378 4120 3508 4188 τοῖς
3542 4124 3616 4178 ἐν

2037 4191 2118 4285 τῷ
2146 4194 2334 4285 νόμῳ,
2362 4194 2464 4249 καὶ
2494 4196 2564 4250 ἐν
2604 4197 2731 4263 τοῖς
2766 4202 3124 4272 προφήταις.
3161 4207 3272 4261 Καὶ
3305 4210 3366 4263 οὐ
3399 4211 3611 4285 θαῦμα,

2037 4283 2117 4336 ὅτι
2146 4285 2174 4336 ὁ
2202 4283 2520 4350 ’Δπόστολος
2546 4287 2799 4358 ὁμολογεῖ
2822 4292 3011 4346 ἑαυτὸν
3031 4293 3367 4367 Ναζωραῖον,
3393 4283 3615 4358 πάντων

363 4365 584 4449 nomine
620 4384 964 4441 Christianos
995 4386 1286 4442 vocarent,
1320 4377 1391 4432 ab
1427 4375 1624 4446 Oppido
1663 4372 1931 4438 Nazaret,

2046 4374 2342 4429 καλούντων
2368 4377 2493 4440 τοὺς
2524 4377 2880 4449 Χριστιανοὺς
2918 4384 3037 4437 τότε
3073 4365 3247 4459 τούτω
3276 4389 3355 4460 τῷ
3386 4391 3612 4465 ὀνόματι

364 4497 464 4539 nec
494 4480 634 4535 ullus
665 4475 889 4531 alterius
914 4478 1054 4526 esset
1089 4470 1240 4525 vocis
1270 4482 1403 4523 usus
1433 4466 1540 4520 illis
1572 4465 1933 4535 temporibus;

367 4548 525 4643 lzﬂ
563 4584 669 4639 qua
692 4580 786 4622 eos
818 4563 912 4634 qui
942 4560 1162 4616 Christo
1193 4572 1389 4612 nomen
1420 4555 1681 4611 dederant
1712 4563 1933 4643 possent

361 4642 685 4733 exprimere.
713 4657 789 4710 De
813 4667 922 4723 quo
951 4664 1084 4705 sane
1117 4649 1379 4717 scriptum
1407 4654 1509 4708 est,
1541 4646 1788 4715 quoniam
1820 4642 1934 4698 Na-

364 4762 588 4804 zarenus
619 4740 891 4798 vocabitur
918 4738 960 4792 ‘.
995 4735 1130 4790 Nam
1174 4744 1228 4790 et
1260 4734 1416 4789 hodie
1448 4734 1680 4789 haereses
1717 4748 1930 4801 omnes,

364 4836 645 4895 Manichaai
674 4833 901 4895 scilicet,
925 4826 1320 4891 Marcionistae,
1348 4824 1612 4888 Gnostici,
1643 4826 1930 4897 ceterique

362 4930 456 5002 qui
493 4924 781 4983 Christiani
814 4937 920 4977 non
966 4927 1138 4984 sunt,
1177 4916 1613 4974 Christianorum
1651 4925 1828 4971 tamen
1860 4917 1929 4972 ab

363 5023 617 5088 omnibus
641 5015 859 5074 nomine
904 5008 1290 5081 comprehendi
1324 5008 1538 5075 solent;
1578 5018 1633 5065 et
1672 5023 1930 5079 unaque-

2038 4466 2126 4519 διὰ
2162 4465 2414 4541 Ναζαρὲτ
2461 4468 2558 4539 τὴν
2599 4470 2781 4537 πόλιν,
2824 4473 2989 4546 ἄλλης
3031 4477 3106 4548 μὴ
3150 4478 3317 4551 οὔσης
3357 4486 3614 4556 χρήσεως

2038 4556 2115 4627 τῷ
2159 4557 2379 4628 ὀνόματι
2420 4560 2556 4631 πρὸς
2584 4561 2675 4614 τὸν
2703 4564 2912 4640 καιρὸν,
2945 4566 3084 4621 ὥστε
3126 4570 3251 4635 τοὺς
3288 4573 3614 4645 ἀνθρώπους

2038 4646 2220 4702 καλεῖν
2244 4649 2372 4713 τοὺς
2412 4648 2490 4719 τῷ
2518 4648 2736 4722 Χριστῷ
2764 4658 3208 4723 πεπιστευκότας.
3249 4662 3386 4735 Περὶ
3421 4660 3485 4718 οὗ
3514 4669 3614 4736 γέ·-

2038 4753 2310 4831 γραπται,
2356 4738 2485 4831 Ὀτι
2529 4737 2857 4809 Ναζωραῖος
2906 4746 3296 4814 κληθήσεται.
3341 4752 3455 4808 Καὶ
3500 4758 3611 4831 γὰρ

2036 4827 2130 4880 καὶ
2160 4826 2254 4880 νῦν
2285 4827 2591 4899 ὁμωνύμως
2617 4831 2668 4882 οἱ
2701 4831 2976 4902 ἄνθρωποι
3013 4837 3192 4902 πάσας
3217 4839 3316 4903 τὰς
3342 4826 3606 4914 αἱρέσεις,

2034 4917 2367 4987 Μανιχαίους
2395 4918 2455 4971 τέ
2496 4935 2636 4989 φημι
2665 4920 2758 4974 καὶ
2796 4923 3235 4995 Μαρκιωνιστάς,
3268 4931 3612 5002 Γνωστικούς

2032 5025 2093 5062 τε
2130 5008 2227 5063 καὶ
2263 5008 2455 5073 ἄλλους
2488 5011 2846 5082 Χριστιανοὺς
2879 5017 3008 5080 τοὺς
3038 5018 3113 5091 μὴ
3150 5020 3309 5086 ὄντας
3342 5025 3608 5096 Χριστια.

435 5203 597 5276 ‘Act.
618 5216 678 5265 ιι,
705 5200 796 5276 22.
871 5201 893 5231 '
922 5196 1045 5253 Act.
1074 5210 1227 5263 χχιιι,
1259 5195 1314 5249 5.
1392 5194 1413 5226 ³
1442 5191 1572 5248 ibid.
1596 5192 1796 5247 12—“.
1874 5193 1897 5224 ⁸
1921 5192 1943 5246 Β

2046 5192 2112 5247 .b.
2133 5206 2196 5257 ιι,
2218 5191 2308 5248 23.
2384 5192 2408 5225 ⁸
2432 5191 2496 5246 F.
2518 5193 2717 5259 αὐτούς
2730 5195 3198 5269 ἀφιερωσαμένων
3297 5202 3320 5234 ⁸
3343 5221 3438 5276 γρ.
3466 5206 3607 5261 Ἀλλ’

359 5274 424 5329 οὐ
460 5273 519 5327 δὲ
551 5269 906 5341 Νασοραίους.

434 5362 509 5444 (7)
554 5360 732 5444 Τοῧῐο
755 5357 865 5440 γάρ
889 5358 1030 5444 ,τῇξς
1048 5357 1128 5444 εδ
1152 5357 1473 5444 ΞίέἔῖιέέἎ

363 5422 504 5491 ηἱιῖέ
538 5422 791 5487 omnibus
823 5422 1127 5493 intelligat,
1160 5425 1354 5480 falsum
1398 5424 1521 5480 erit.
1555 5422 1743 5493 Neque
1774 5422 1920 5493 enim

363 5500 705 5576 primogeniti
759 5512 963 5576 omnes
1003 5492 1242 5576 Nazaraai
1304 5493 1560 5576 fuerunt,
1616 5492 1712 5548 sed
1769 5492 1922 5576 ἀοριτ

366 5563 524 5641 ἱετως,
542 5563 615 5627 ἲ»
637 5571 705 5627 de
732 5566 1058 5641 quibusdam
1086 5565 1294 5636 accipe,
1328 5571 1388 5619 ut
1418 5563 1487 5619 de
1516 5563 1838 5631 Sampsone,
1867 5568 1922 5617 et

906 5358 1030 5437 toi;-
1061 5357 1128 5437 τὸ
1152 5355 1430 5437 παλαιόν.
1558 5369 1628 5437 ge
1655 5368 1923 5437 primoge-

2027 5352 2075 5408 si
2112 5352 2206 5424 qui
2239 5354 2331 5408 alii
2353 5354 2743 5424 eiusdemmodi
2774 5359 2995 5417 fuerint.

2098 5422 2176 5492 (8)
2202 5422 2430 5504 ,Ἄριοι
2474 5425 2543 5478 δὲ
2585 5428 2986 5504 Νασαριιίους.
3028 5428 3111 5504 De
3151 5431 3239 5489 his
3281 5432 3499 5504 egimus
3535 5439 3601 5493 ad

2027 5489 2257 5549 hae’resin
2292 5492 2693 5566 Nazareorum,
2713 5489 2833 5568 quae
2859 5508 2945 5555 est
2973 5500 3030 5555 in
3056 5500 3151 5556 lib.
3183 5489 3598 5570 nardinum;
