3946 6074
303 259 406 320 401

941 259 1312 318 ADVERSUS
1350 260 1693 318 HIERESES
1728 259 1856 319 LIB.
1897 261 1938 361 l:
1978 253 2143 314 ΤΟΜ.
2186 254 2250 309 ll.
2276 285 2346 296 -—
2384 255 2662 352 HJEBES.
2704 254 2898 313 XXIX.

3465 255 3568 313 409

302 382 423 445 νοῦς
466 378 717 433 καλοῦσι’
749 378 842 431 καὶ
880 379 1031 450 ὅμως
1060 381 1264 452 ἑκάστη
1297 383 1523 454 αἵρεσις,
1554 381 1756 452 καίπερ
1795 381 1889 434 ἄλ-

1998 393 2098 447 que
2123 385 2301 438 secta,
2332 374 2458 430 licet
2493 375 2599 430 alio
2626 377 2842 430 nomine
2867 382 3186 440 censeatur,
3221 375 3275 430 id
3315 376 3418 432 sibi
3468 393 3571 431 no-

301 470 406 533 λως
444 468 715 539 λεγομένη
736 505 752 531 ,
783 468 1133 539 καταδέχεται
1174 470 1331 524 τοῦτο
1364 472 1658 543 χαίρουσα,
1684 472 1765 524 ὃτι
1795 469 1886 523 διὰ

301 559 392 614 τοῦ
437 545 711 629 ὀνόματος
754 562 1064 630 κοσμεῖται.
1108 561 1338 616 Δοκοῦσι
1385 564 1492 636 γὰρ
1534 564 1626 616 ἐπὶ
1670 563 1746 634 τῷ
1792 561 1886 615 τοῦ

299 648 537 722 Χριστοῦ
581 649 940 720 σεμνύνεσθαι
985 652 1231 722 ὀνόματι,
1263 655 1326 707 οὐ
1359 655 1462 726 μὴν
1489 658 1554 726 τῇ
1590 655 1769 708 πίστει
1795 657 1890 708 καὶ

299 743 410 802 τοῖς
438 741 644 813 ἔργοις.
675 741 832 795 Οῦτω
865 743 961 795 καὶ
991 745 1040 796 oi
1083 744 1228 813 ἆγιοι
1257 745 1352 798 τοῦ
1381 747 1615 816 Χριστοῦ
1653 745 1890 817 μαθηταὶ

298 833 422 886 τότε
456 833 707 904 μαθητὰς
730 833 905 904 Ἰησοῦ
939 836 1166 899 ἑαυτοὺς
1190 837 1438 899 ἐκάλουν,
1464 836 1652 908 ὥσπερ
1676 834 1768 891 οῦν
1795 838 1890 890 καὶ

300 917 473 992 ἦσαν·
535 921 829 986 ἀκούοντες
879 923 937 976 δὲ
980 924 1135 996 παρά
1177 925 1349 980 ἄλλων
1393 927 1738 998 Ναζωραῖοι,
1789 929 1889 982 οῦκ

302 1010 603 1079 ῆναίνοντσ,
638 1011 741 1064 τὸν
769 1013 970 1066 σκοπὸν
1001 1013 1330 1086 θεωροῦντες
1359 1012 1466 1069 τῶν
1494 1016 1652 1070 τοῦτο
1692 1018 1890 1082 αὐτοὺς

302 1101 643 1166 καλούντων,
672 1103 760 1156 ὅτι
789 1103 879 1156 διὰ
910 1103 1144 1177 Χριστὸν
1181 1107 1378 1170 αὐτοὺς
1409 1107 1666 1162 ἐκάλουν⁹
1704 1109 1889 1181 ἐπειδὴ

302 1194 403 1245 καὶ·
435 1193 602 1256 αὐτὸς
644 1195 673 1245 ὁ
720 1195 924 1264 Κύριος
975 1196 1185 1266 Ἰησοῦς
1239 1197 1562 1270 Ναζωραῖος
1604 1199 1888 1266 ἐκαλεῖτο,

300 1283 493 1356 ὥσπερ
528 1284 642 1354 ἔχει
669 1284 740 1339 τὰ
768 1287 1096 1356 Εὐαγγέλια,
1135 1290 1230 1342 καὶ
1264 1291 1320 1343 αἱ
1354 1289 1589 1360 Πράξεις
1613 1291 1721 1345 τῶν
1751 1295 1888 1347 ἀπο-

305 1376 528 1431 στόλων·
557 1377 645 1431 διὰ
672 1379 733 1430 τὸ
763 1379 821 1431 ἐν
850 1382 916 1450 τῇ
951 1380 1103 1433 πόλει
1131 1381 1385 1454 Ναζαρὲτ
1417 1382 1600 1444 αὐτὸν,
1632 1381 1797 1457 κώμῃ
1833 1384 1889 1437 δέ

305 1469 374 1522 τὰ
417 1469 512 1523 νῦν
554 1469 711 1543 οῦσῃ,
744 1471 1148 1544 ἀνατετράφθαι
1179 1475 1236 1527 ἐν
1269 1474 1400 1544 οἴκῳ
1438 1475 1666 1546 Ἰωσὴφ,
1702 1493 1893 1546 γεννη-

307 1560 470 1615 θένεα
503 1561 646 1615 κατὰ
676 1562 855 1635 σάρκα
884 1567 942 1617 ἐν
972 1563 1220 1636 Βηθλεὲμ
1260 1566 1367 1619 ἀπὸ
1396 1567 1612 1638 Μαρίας
1650 1568 1746 1638 τῆς
1773 1568 1890 1621 ἀει-

303 1653 580 1725 παρθένου
605 1655 704 1726 τῆς
739 1656 1224 1727 μεμνηστευμένης
1251 1657 1448 1728 Ἰωσὴφ
1474 1657 1551 1728 τῷ
1573 1660 1628 1710 ἐν
1656 1660 1721 1729 τῇ
1752 1658 1888 1729 αὐτῇ

305 1745 565 1818 Ναζαρὲτ
607 1749 972 1819 μετῳκηκότι,
1023 1749 1158 1819 μετὰ
1199 1750 1260 1802 τὸ
1299 1750 1407 1804 ἀπὸ
1440 1751 1690 1822 Βηθλεέμ
1729 1750 1890 1805 αὑτὸν

313 1839 726 1909 μεταναστάντα
756 1841 814 1893 ἐν
840 1842 907 1911 τῇ
937 1839 1195 1912 Γαλιλαίᾳ
1228 1841 1656 1912 κατοικισθῆναι.

378 2015 450 2067 Z’.
487 2005 647 2067 Οὗτοι
676 2013 733 2066 δὲ
761 2013 812 2065 οἱ
854 2013 1241 2084 προειρημένοι
1281 2013 1623 2085 αίρεσιῶται,
1655 2014 1784 2086 περὶ
1815 2007 1891 2069 ὧν

308 2101 546 2155 ἐνταῦθα
573 2101 670 2172 τὴν
699 2104 975 2174 ἀφήγησιν
998 2102 1319 2173 ποιούμεθα,
1341 2104 1606 2175 παρέντες
1629 2102 1692 2158 τὸ
1721 2105 1894 2175 ὄνομα

310 2194 402 2246 τοῦ
430 2193 631 2264 Ἰησοῦ,
660 2192 781 2246 οὔτε
817 2194 1110 2260 Ἰεσσαίους
1133 2196 1360 2258 ἐαυτοὺς
1390 2195 1742 2267 κεκλήκασιν,
1767 2195 1891 2249 οὔτε

309 2283 418 2336 τῶν
453 2283 728 2336 Ἰουδαίων
766 2283 985 2354 ἔμειναν
1026 2284 1241 2355 ἔχοντες
1278 2284 1340 2337 τὸ
1367 2284 1558 2355 ὄνομα,
1599 2283 1724 2338 οὔτε
1759 2286 1894 2357 Χρι-

311 2375 556 2439 στιανοὺς
619 2376 845 2440 ἑαυτοὺς
905 2361 1288 2447 ἐπωνόμασαν,
1331 2377 1468 2430 ἀλλὰ
1510 2375 1890 2448 Ναζωραίους,

310 2462 468 2534 δῆθεν
503 2463 612 2516 ἀπὸ
640 2464 742 2535 τῆς
778 2464 871 2518 τοῦ
906 2467 1092 2532 τόπου,
1130 2467 1230 2537 τῆς
1258 2465 1514 2539 Ναζαρὲτ
1553 2467 1890 2538 ἐπωνυμίας.

311 2552 392 2606 Τὰ
417 2555 596 2607 πάντα
624 2554 681 2607 δέ
708 2556 844 2610 εἰσιν
872 2557 1137 2624 Ἰουδαῖοι,
1165 2558 1259 2610 καὶ
1288 2557 1438 2610 οὐδὲν
1464 2557 1667 2630 ἕτερον.
1698 2558 1893 2628 Χρῶν-

311 2660 396 2696 ται
421 2644 479 2698 δὲ
506 2639 650 2700 οὗτοι
675 2647 734 2699 οὐ
765 2646 922 2716 μόνον
951 2647 1066 2719 Νέᾳ
1090 2647 1354 2719 Διαθήκῃ,
1382 2647 1518 2701 ἀλλὰ
1541 2649 1636 2701 καὶ
1661 2649 1890 2721 Παλαιᾷ,

314 2735 566 2809 καθάπερ
602 2738 696 2790 καὶ
724 2740 772 2791 oi
801 2739 1064 2804 Ἰουδαῖοι.
1097 2740 1172 2793 Οὐ
1199 2739 1313 2811 γὰρ.
1350 2740 1725 2812 ἀπηγόρευται
1761 2742 1892 2812 παρ’

315 2827 499 2891 αὐτοῖς
545 2827 839 2899 νομοθεσία
886 2832 981 2883 καὶ
1031 2831 1306 2902 προφῆται
1361 2831 1456 2884 καὶ
1503 2834 1777 2902 γραφεῖα,
1823 2831 1894 2887 τὰ

320 2919 467 2989 παρὰ
498 2919 776 2984 Ἰουδαίοις
811 2920 887 2992 (9)
932 2921 1239 2992 καλούμενα
1279 2921 1488 2987 Βιϐλία,
1525 2922 1714 2996 ὥσπερ
1743 2923 1894 2996 παρὰ

315 3011 425 3071 τοῖς
462 3010 912 3081 προειρημένοις·
947 3012 1065 3065 οὐδέ
1107 3031 1161 3065 τι
1200 3012 1386 3084 ἕτερον
1411 3007 1556 3067 οῦτοι
1583 3015 1891 3085 φρονοῦσιν,

316 3099 449 3153 ἀλλὰ
483 3101 628 3154 κατὰ
652 3101 712 3154 τὸ
737 3104 1006 3174 κήρυγμα
1023 3103 1117 3157 τοῦ
1145 3105 1330 3176 νόμον,
1360 3105 1453 3158 καὶ
1475 3104 1549 3168 ῶς
1574 3108 1622 3159 οἱ
1650 3106 1892 3161 Ἰουδαῖοι

319 3190 494 3245 πάντα
527 3193 708 3257 καλῶς
731 3194 1073 3264 ὁμολογοῦσι,
1107 3197 1275 3268 χωρὶς
1308 3196 1402 3250 τοῦ
1437 3199 1517 3261 εἰς
1545 3199 1778 3270 Χριστὸν
1802 3199 1894 3272 δῆ-

316 3282 406 3336 θεν
452 3287 895 3342 πεπιστευκέναι.
948 3289 1084 3360 Παρ“
1137 3290 1319 3354 αὐτοῖς
1367 3291 1476 3364 γὰρ
1526 3291 1622 3345 καὶ
1683 3293 1894 3365 νεκρῶν

316 3374 612 3439 ἀνάστασις
641 3377 1002 3448 ὁμολογεῖται,
1033 3379 1127 3433 καὶ
1157 3381 1221 3434 ἐκ
1248 3380 1384 3434 Θεοῦ
1416 3383 1484 3436 τὰ
1510 3383 1688 3437 πάντα
1712 3403 1896 3454 γεγεν-

315 3465 528 3536 νῆσθαι.
570 3467 708 3521 Ἕνα
733 3468 788 3521 δὲ
815 3469 948 3522 Θεὸν
977 3471 1428 3537 καταγγέλλουσι,
1460 3474 1554 3527 καὶ
1579 3474 1671 3528 τὸν
1703 3475 1894 3529 τούτου

318 3558 482 3611 παῖδα
508 3557 720 3628 Ἰησοῦν
748 3561 1002 3632 Χριστόν.
1040 3561 1330 3634 Ἐϐραῖκην
1359 3563 1416 3617 δὲ
1443 3565 1718 3620 διάλεκτον
1748 3568 1897 3639 ἀκρι-

320 3648 426 3714 ϐῶς
455 3652 594 3704 εἰσιν
633 3653 955 3723 ἠσκημένα.
994 3655 1132 3726 Παρ’
1159 3657 1341 3719 αὐτοῖς
1379 3656 1489 3728 γὰρ
1516 3660 1625 3720 πᾶς
1655 3660 1683 3711 ὁ
1712 3660 1892 3730 νόμος,

319 3744 408 3796 καὶ
436 3745 486 3797 οἱ
517 3743 815 3814 προφῆται,
846 3745 939 3798 καὶ
965 3745 1035 3800 τὰ
1062 3746 1307 3818 Γραφεῖα
1338 3748 1625 3817 λεγόμενα,
1657 3751 1798 3820 φημὶ
1839 3749 1895 3802 δὲ

319 3832 382 3884 τὰ
413 3835 654 3905 Στιχήρη
675 3876 689 3899 ,
721 3837 816 3888 καὶ
845 3838 899 3888 αἱ
938 3835 1237 3901 Βασιλεῖαι,
1284 3838 1379 3890 καὶ
1419 3837 1892 3908 Παραλειπόμενα,

321 3924 412 3977 καὶ
443 3923 676 3996 Δίσθὴρ,
726 3925 820 3978 καὶ
864 3925 1031 3980 τᾶλλα
1069 3926 1245 3980 πάντα
1283 3925 1589 3997 Ἐϐραῖκῶς
1633 3927 1900 3995 ἀναγινώ-

321 4030 529 4080 σκεται,
561 4014 750 4085 ὥσπερ
772 4015 962 4085 ἀμέλει
989 4017 1084 4070 καὶ
1102 4016 1253 4089 παρὰ
1274 4016 1566 4080 Ἰουδαίοις.
1612 4017 1700 4071 Ἐν
1725 4017 1897 4088 τούτῳ

319 4106 374 4159 δὲ
424 4107 585 4178 μόνον
631 4107 768 4177 πρὸς
796 4107 1081 4172 Ἰουδαίους
1125 4109 1468 4180 διαφέρονται
1501 4109 1594 4162 καὶ
1636 4107 1898 4180 Χριστια-

321 4199 464 4260 νούς·
517 4197 794 4261 Ἰουδαίοις
839 4199 939 4269 μὲν
989 4199 1062 4270 μὴ
1113 4199 1548 4270 συμφωνοῦντες,
1591 4199 1678 4253 διὰ
1723 4200 1784 4253 τὸ
1817 4202 1898 4264 εἰς

320 4287 554 4359 Χριστὸν
587 4288 1040 4342 πεπιστευκέναι·
1076 4288 1421 4360 Χριστιανοῖς
1447 4289 1504 4342 δέ
1545 4291 1618 4361 μὴ
1651 4293 1896 4361 ὁμογνω-

1990 467 2157 522 minis
2190 467 2422 522 libenter
2453 466 2704 532 asciseit,
2738 468 2883 537 quod
2930 467 3032 522 hoc
3081 482 3205 523 esse
3243 467 3350 523 sibi
3386 468 3567 523 decori

1989 573 2152 630 atque
2181 567 2503 615 ornamento
2529 557 2756 628 judicat.
2789 557 3000 628 Quippe
3036 557 3153 614 solo
3183 557 3387 614 Christi
3409 573 3570 613 voca-

1987 651 2136 718 bulo,
2169 665 2276 705 non
2306 650 2410 705 ﬁde
2435 658 2597 720 atque
2626 650 2885 718 operibus
2913 650 3132 721 gloriari
3159 651 3430 706 videntur.
3464 651 3572 706 Eo-

1989 743 2108 797 dem
2136 743 2298 797 modo
2331 743 2505 798 sancti
2535 741 2739 797 Christi
2771 741 3026 810 discipuli
3053 757 3173 798 sese
3198 750 3312 798 tum
3343 743 3397 797 id
3424 744 3567 814 quod

1988 843 2143 888 erant
2167 831 2296 888 Jesu
2342 821 2640 901 disCipulos
2684 832 2985 896 vocabant;
3016 848 3193 903 neque
3226 841 3408 889 tamen
3441 849 3567 888 cum

1990 925 2058 979 ab
2101 924 2224 979 aliis
2256 923 2526 986 Nazareoi
2556 923 2894 985 dicerentur,
2934 938 3130 978 nomen
3160 923 3302 978 istud
3341 940 3567 982 recusa-

1991 1014 2122 1069 bant
2145 1054 2157 1078 ,
2188 1029 2313 1068 cum
2345 1013 2413 1067 ad
2456 1028 2647 1068 eorum
2673 1054 2690 1077 ,
2741 1028 2770 1066 a
2799 1011 2999 1084 quibus
3028 1013 3106 1067 sic
3130 1014 3565 1083 appellabantur,

1993 1104 2150 1159 tinent
2185 1119 2518 1174 scopumque
2543 1105 2910 1172 respicerent,
2946 1103 3040 1172 qui
3074 1103 3178 1157 hoc
3207 1118 3328 1158 sese
3350 1105 3569 1158 nomine

1991 1196 2195 1253 Christi
2233 1211 2400 1252 causa
2447 1196 2758 1261 donabant;
2809 1195 3249 1265 quandoquidem
3302 1205 3357 1251 et
3407 1195 3569 1252 Jesns

1991 1286 2109 1358 ipse
2138 1285 2453 1342 Nazarenus
2477 1287 2780 1357 appellatus
2804 1296 2922 1351 est,
2952 1294 3013 1342 ut
3069 1288 3126 1341 in
3168 1286 3475 1356 Evangeliis
3515 1295 3570 1343 et

1990 1378 2359 1447 apostolorum
2385 1377 2610 1434 Actibus
2637 1377 2865 1448 legitur:
2901 1393 2999 1447 pro
3032 1393 3096 1432 eo
3117 1378 3261 1448 quod
3289 1379 3343 1432 in
3370 1378 3571 1448 oppido

1990 1469 2238 1525 Nazareti
2266 1511 2283 1537 ,
2311 1470 2404 1540 qui
2437 1470 2604 1525 hodie
2625 1484 2794 1540 pagus
2843 1476 2966 1534 est,
3019 1470 3076 1524 in
3109 1470 3320 1524 aedibus
3346 1468 3570 1540 Josephi

1991 1561 2154 1616 fuerit
2183 1561 2467 1624 educatus,
2504 1575 2858 1631 p05teaquam
2890 1560 3224 1616 Bethlehemi
3250 1559 3318 1615 de
3348 1557 3572 1630 Virgine

1993 1651 2161 1706 Maria
2191 1651 2491 1707 secundum
2520 1666 2741 1705 carnem
2768 1660 2928 1706 natus
2951 1658 3054 1714 est,
3079 1665 3201 1721 qum
3232 1650 3449 1720 quidem
3476 1648 3571 1704 Jo-

1991 1742 2162 1812 sepho
2186 1742 2458 1813 desponsa
2491 1741 2690 1808 fuerat,
2719 1741 2811 1812 qui
2836 1739 3084 1795 Nazareti
3113 1749 3254 1818 tunc.
3269 1741 3569 1806 habitabat,

1990 1847 2116 1887 cum
2150 1833 2344 1888 relicto
2371 1831 2724 1889 Bethlehemo
2759 1833 2815 1887 in
2843 1831 3065 1889 Galilaaa
3093 1833 3427 1888 domicilium
3459 1833 3573 1888 eol-

1990 1924 2249 1980 locasset.

2062 2013 2174 2068 Vll.
2203 2013 2359 2080 Quod
2387 2030 2517 2070 vero
2545 2015 2611 2070 ad
2643 2014 2939 2071 haereticos,
2959 2013 3082 2070 illos
3114 2012 3328 2080 attinet,
3357 2025 3425 2068 de
3449 2012 3574 2083 qui-

1992 2107 2096 2162 bus
2130 2105 2290 2160 modo
2315 2120 2624 2161 sermonem
2660 2105 3000 2161 instituimus
3023 2145 3037 2169 ,
3071 2104 3278 2160 omisso
3312 2101 3440 2160 Jesu
3476 2118 3576 2158 no-

1993 2197 2159 2259 mine,
2212 2210 2390 2265 neque
2436 2192 2669 2250 Jesszeos
2727 2193 2937 2264 seipsos
2988 2199 3216 2254 vocant,
3267 2205 3446 2260 neque
3475 2189 3576 2244 Ju-

1991 2285 2230 2341 daeorum
2263 2284 2585 2340 vocabulum
2618 2283 2874 2347 retinent,
2906 2297 3083 2352 neque
3119 2296 3179 2336 se
3205 2280 3570 2344 Christianos,

1993 2375 2090 2432 sed
2119 2375 2429 2431 Nazarenos
2463 2373 2531 2430 de
2564 2375 2655 2429 illa
2689 2375 2793 2429 loci
2841 2373 3203 2444 appellatione
3231 2379 3572 2440 nuncupant,

1992 2483 2114 2523 cum
2144 2467 2363 2522 interim
2396 2467 2532 2522 meri
2561 2467 2664 2538 ipsi
2695 2464 2866 2520 ,ιιιόωὶ
2888 2504 2902 2529 ,
2931 2479 3109 2534 neque
3138 2463 3284 2518 aliud
3315 2473 3574 2532 praetcrea

1994 2560 2122 2616 sint.
2166 2558 2338 2614 Porro
2389 2574 2498 2614 non
2530 2560 2706 2615 solum
2733 2557 2886 2614 Novo
2919 2599 2934 2622 ,
2963 2557 3058 2614 sed
3088 2565 3142 2612 et
3173 2553 3356 2611 Veteri
3384 2553 3576 2609 Testa-

1992 2658 2178 2707 mento
2206 2648 2519 2704 Iudaeorum
2548 2650 2722 2706 instar
2747 2657 2998 2704 utuntur.
3031 2647 3218 2718 Neque
3245 2646 3391 2702 enim
3429 2645 3575 2716 apud

1995 2739 2118 2795 illos
2145 2740 2281 2812 legis
2313 2740 2463 2803 libri,
2509 2739 2805 2809 prophetae,
2839 2749 2933 2792 aut
2970 2735 3338 2807 hagiographa
3386 2733 3575 2804 prohi-

1992 2831 2213 2897 bentur,
2241 2846 2362 2901 quae
2394 2829 2568 2886 Judaei
2590 2829 2763 2884 Biblia
2788 2837 3131 2898 nuncupant,
3159 2835 3217 2880 ut
3244 2835 3298 2882 et
3323 2841 3352 2880 a
3374 2823 3578 2880 ludatis

1995 2924 2386 2993 approbantur,
2420 2937 2450 2976 a
2479 2923 2679 2993 quibus
2713 2921 2955 2976 Nazaraei
2999 2919 3144 2974 nulla
3185 2919 3241 2973 in
3273 2933 3334 2973 re
3363 2918 3578 2974 dissen-

1995 3015 2160 3078 tiunt,
2194 3013 2288 3084 qui
2317 3013 2385 3068 ad
2413 3015 2549 3084 legis
2585 3014 2962 3082 praescriptum
3002 3027 3065 3066 ac
3087 3010 3398 3066 Judaeorum
3429 3023 3580 3064 more

2001 3105 2183 3160 omnia
2213 3121 2312 3160 sua
2340 3105 2594 3175 dogmata
2625 3104 2966 3174 proﬁtentur,
2999 3103 3107 3158 nisi
3145 3103 3290 3172 quod
3333 3103 3388 3156 in
3421 3100 3580 3156 Chri-

2001 3207 2146 3254 stum
2179 3196 2424 3250 credunt.
2474 3195 2610 3249 Nam
2640 3202 2694 3250 et
2725 3203 2969 3250 mortuos
2997 3194 3226 3250 excitari
3260 3201 3476 3262 putant,
3526 3198 3580 3246 et

2002 3303 2034 3342 a
2068 3287 2177 3342 Deo
2208 3286 2460 3341 universa
2507 3285 2792 3356 producta.
2831 3283 3008 3338 Unum
3040 3299 3161 3338 esse
3193 3281 3360 3336 Deum
3386 3320 3401 3344 ,
3435 3279 3579 3349 ejus-

2001 3393 2107 3447 que
2153 3375 2350 3430 Filium
2401 3373 2587 3431 Jesum
2621 3374 2900 3429 Christum
2949 3371 3264 3444 praedicant.
3302 3368 3582 3424 l-lebraicm

1999 3484 2130 3526 vero
2163 3469 2360 3540 linguae
2385 3466 2739 3524 scientissimi
2769 3473 2932 3522 sunt:
2967 3480 3030 3520 ac
3058 3463 3467 3531 cum‘universa
3496 3461 3582 3516 lex

2002 3563 2140 3634 apud
2167 3563 2292 3618 illos
2311 3603 2326 3629 ,
2355 3568 2471 3617 tum
2503 3560 2781 3631 propheta:
2803 3599 2818 3625 ,
2847 3568 2903 3616 et
2931 3556 3298 3630 hagiographa
3317 3596 3330 3621 ,
3369 3555 3472 3610 hoc
3497 3559 3582 3608 est

2002 3655 2126 3709 libri
2164 3653 2242 3706 illi
2289 3653 2382 3723 qui
2412 3653 2666 3708 versibus
2704 3652 2946 3707 distincti
2988 3659 3147 3716 sunt,
3181 3660 3235 3704 et
3284 3647 3579 3723 prophetae,

2007 3745 2163 3815 123
2194 3721 2606 3812 Paralipomena
2635 3781 2649 3806 ,
2697 3742 2923 3806 Esther,
2955 3748 3258 3807 caateraque
3311 3737 3364 3792 id
3398 3721 3584 3808 ‘genus

2003 3835 2356 3903 Hebraiceut
2399 3841 2454 3888 et
2503 3847 2534 3885 a
2563 3831 2768 3887 Iudaeis
2799 3833 3074 3900 leguntur.
3111 3828 3223 3882 Hoc
3258 3830 3424 3898 igitur
3471 3842 3583 3881 uno

2004 3938 2113 3984 tam
2137 3943 2167 3982 a
2194 3925 2417 3992 Iudaeis,
2443 3940 2604 3996 quam
2636 3940 2666 3980 a
2693 3923 3023 3979 Christianis
3053 3921 3308 3976 diﬂ'erunt
3333 3939 3345 3974 :
3377 3920 3445 3974 ab
3473 3921 3584 3975 illis

2003 4019 2251 4092 quidem,
2276 4019 2420 4089 quod
2471 4018 2526 4072 in
2575 4016 2850 4072 Christum
2891 4013 3157 4078 credant;
3199 4027 3229 4065 a
3257 4011 3584 4066 Christianis

2001 4127 2153 4176 vero,
2176 4110 2322 4182 quod
2346 4107 2589 4165 Judaicis
2619 4107 2796 4162 adhuc
2823 4105 3020 4160 ritibus
3042 4103 3410 4174 implicentur,
3435 4102 3584 4156 velut
3647 4159 3654 4165 ,

2003 4203 2422 4258 circumcisione
2445 4242 2460 4267 ,
2509 4199 2748 4256 Sabbato
2773 4239 2789 4264 ,
2825 4197 3059 4266 aliisque
3095 4195 3451 4251 caeremoniis.
3507 4192 3584 4249 De

2002 4292 2222 4348 Christo
2270 4307 2402 4346 vero
2439 4299 2587 4367 certo
2638 4289 2768 4344 illud
2801 4288 3068 4342 aﬂirmare
3099 4300 3347 4356 nequeo,
3398 4291 3582 4337 utrum

323 4379 568 4450 μοῦντες,
600 4379 688 4434 διὰ
727 4381 788 4433 τὸ
833 4380 911 4434 ἔτι
956 4381 1105 4452 νόμῳ
1143 4383 1502 4454 πεπεδῆσθαι,
1533 4385 1802 4455 περιτομῇ
1835 4400 1894 4436 τε

2003 4383 2245 4439 Cerinthi
2270 4384 2354 4438 vel
2402 4381 2654 4436 Merintbi
2686 4380 2960 4451 impietate
2997 4379 3088 4434 illa
3119 4377 3350 4447 decepti,
3374 4375 3583 4445 simpli-

319 4471 410 4523 καὶ
440 4469 709 4542 Σαϐϐάτῳ
740 4471 834 4524 καὶ
865 4473 978 4534 τοῖς
1021 4471 1218 4537 ἄλλοις.
1266 4475 1402 4544 Περὶ
1442 4473 1680 4544 Χριστοῦ
1710 4473 1766 4526 δέ
1799 4474 1900 4527 οὐκ

319 4555 431 4613 οἶδα
455 4563 652 4624 εἰπεῖν,
682 4562 730 4613 εἰ
762 4561 854 4614 καὶ
890 4561 1066 4627 αὐτοὶ,
1099 4565 1167 4634 τῇ
1193 4563 1302 4615 τῶν
1335 4562 1747 4634 προειρημένων
1773 4564 1900 4634 περὶ

320 4649 592 4722 Κήρινθον
643 4651 736 4704 καὶ
775 4651 1052 4722 Μήρινθον
1097 4653 1368 4726 μοχθηρίᾳ
1415 4653 1699 4724 ἀχθέντες,
1747 4653 1900 4723 ψιλὸν

320 4739 608 4813 ἄνθρωπον
637 4742 950 4811 νομίζουσιν
969 4758 983 4773 ·
1009 4742 1064 4814 ἢ,
1104 4742 1286 4807 καθὼς
1327 4745 1360 4814 η
1394 4744 1620 4815 ἀλήθεια
1649 4745 1782 4815 ἔχει,
1813 4745 1902 4797 διὰ

321 4827 637 4902 Πνεύματος
679 4833 835 4902 ἁγίου
876 4835 1235 4906 γεγεννῆσθαι
1271 4837 1335 4888 ἐκ
1379 4837 1598 4907 Μαρίας
1625 4837 1900 4891 διαϐεϐαι-

321 4921 524 4976 οῦνται.
563 4923 726 4976 Ἔστι
767 4923 824 4976 δέ
853 4923 990 4996 αὕτη
1019 4925 1052 4996 ἡ
1084 4926 1294 4996 αἵρεσις
1322 4928 1355 4997 ἠ
1386 4924 1724 4998 Ναζωραίων
1750 4928 1806 4979 ἐν
1833 4929 1898 4998 τῇ

324 5011 618 5084 Βεροιαίων
646 5014 776 5082 περὶ
799 5014 898 5086 τὴν
927 5015 1128 5087 Κοίλην
1155 5016 1383 5088 Συρίαν,
1417 5019 1512 5070 καὶ
1547 5019 1606 5069 ἐν
1636 5021 1703 5089 τῇ
1731 5019 1902 5071 Δεκα-

327 5106 470 5158 πόλει
496 5105 632 5176 περὶ
669 5105 740 5159 τὰ
777 5106 876 5176 τῆς
905 5105 1113 5177 Πέλλης
1154 5108 1319 5179 μέρη,
1353 5107 1450 5161 καὶ
1477 5110 1536 5162 ἐν
1568 5111 1634 5180 τῇ
1669 5109 1902 5164 Βασανί-

327 5195 423 5248 τιδι
450 5200 518 5268 τῇ
546 5195 818 5267 λεγομένῃ
844 5197 1107 5269 Κωκάϐῃ,
1140 5198 1378 5272 Χωχάϐῃ
1401 5199 1458 5252 δὲ
1497 5199 1780 5271 Ἐϐραϊστὶ
1815 5200 1902 5254 λε-

330 5291 548 5363 γομένῃ.
593 5289 837 5345 Ἐκεῖθεν
880 5289 990 5362 γὰρ
1018 5293 1050 5362 ἡ
1081 5285 1225 5364 ἁρχὴ
1261 5293 1453 5362 γέγονε
1503 5293 1641 5363 μετὰ
1670 5295 1768 5366 τὴν
1796 5295 1906 5348 ἀπὸ

331 5380 430 5434 τῶν
467 5380 859 5454 Ἰεροσολύμων
890 5381 1241 5452 μετάστασιν,
1275 5385 1491 5438 πάντων
1513 5384 1622 5438 τῶν
1647 5386 1905 5457 μαθητῶν

397 5539 471 5606 (9)
509 5539 622 5623 KQ;
647 5539 917 5623 γραφεῖα,
937 5539 1020 5623 Δτὰ
1041 5539 1200 5623 παρὰ
1222 5540 1567 5623 Ἰουδαίοις.
1609 5542 1739 5607 Quae
1764 5543 1907 5623 ἅγιο-

331 5621 514 5678 τραφα
562 5609 850 5664 dicuntur.
887 5609 1065 5679 Atque
1097 5611 1189 5665 hic
1218 5611 1485 5678 triplicem
1518 5609 1902 5666 sacrorum'li-

336 5674 552 5735 brorum
609 5677 962 5747 partitionem
1005 5681 1410 5748 complectitur,
1447 5697 1567 5750 qua:
1615 5692 1700 5738 est
1742 5695 1902 5748 man.

2002 4491 2120 4531 cem
2168 4475 2319 4528 illum
2353 4474 2630 4529 hominem
2680 4481 2993 4530 asseverent
3020 4513 3035 4538 ,
3094 4488 3185 4537 an,
3222 4471 3298 4525 uti
3329 4485 3449 4525 sese
3495 4484 3584 4524 res

2001 4567 2185 4632 habet,
2224 4582 2321 4638 per
2349 4567 2612 4634 Spiritum
2645 4574 2899 4621 sanetum
2931 4566 2998 4620 de
3023 4547 3193 4619 naria
3225 4562 3449 4633 Virgine
3492 4577 3584 4632 ge-

2004 4659 2175 4713 nitum
2226 4675 2350 4715 esse
2402 4659 2696 4714 fateantur.
2726 4659 2995 4714 Caeterum
3045 4659 3161 4712 haec
3198 4656 3583 4710 Nazaraeorum

2003 4759 2150 4806 secta
2183 4751 2236 4806 in
2266 4751 2541 4808 Beroecnsi
2573 4752 2789 4807 civitate
2821 4751 3165 4821 potissimum
3189 4749 3351 4820 viget,
3378 4747 3445 4801 ad
3462 4747 3586 4802 Cte-

2003 4842 2090 4896 len
2129 4841 2362 4913 Syriam,
2397 4850 2561 4912 atque
2597 4842 2762 4897 etiam
2795 4842 2848 4894 in
2872 4841 3148 4911 Decapoli,
3173 4841 3328 4910 juxta
3356 4838 3581 4904 Pellam,

2003 4942 2058 4989 et
2089 4936 2144 4988 in
2171 4933 2500 4996 Basanitide,
2541 4932 2597 4985 in
2627 4946 2702 4987 ea.
2721 4946 2842 5001 quae
2869 4927 3030 5001 vulgo
3063 4930 3295 4994 Cocabe,
3321 4929 3586 4984 Ilebraice

2003 5023 2293 5078 Choehabe
2318 5021 2538 5077 dicitur.
2565 5019 2703 5074 Hinc
2735 5020 2902 5085 enim,
2947 5027 3070 5089 post
3096 5019 3243 5074 illam
3294 5017 3363 5072 ab
3391 5017 3585 5073 Hiero-

2006 5114 2230 5184 solymis
2260 5113 2623 5168 secessionem
2644 5153 2658 5176 ,
2711 5111 2928 5167 illorum
2959 5109 3114 5165 initia
3152 5108 3396 5180 profecta
3432 5117 3583 5174 sunt,

2006 5220 2130 5260 cum
2161 5204 2322 5260 Pellae
2351 5204 2604 5275 discipuli
2631 5219 2820 5260 omnes
2858 5202 3186 5270 habitarent,
3215 5218 3244 5258 a
3270 5201 3490 5259 Christo
3518 5201 3588 5256 de

2006 5298 2360 5368 relinquenda
2420 5295 2919 5368 Hierosolymorum
2984 5295 3120 5351 urbe
3192 5294 3586 5364 migrandoque

2008 5389 2334 5460 praemoniti,
2364 5388 2524 5459 quod
2550 5388 2669 5459 ejus
2709 5388 3016 5444 immineret
3045 5387 3278 5443 obsidio.
3308 5386 3426 5453 Qua
3456 5386 3582 5455 qui-

2012 5544 2112 5598 hoc
2141 5551 2228 5597 est
2261 5543 2372 5607 lex;
2402 5551 2599 5602 antu:
2627 5543 2888 5613 prophetre
2908 5561 2926 5607 ;
2947 5553 3001 5599 et
3026 5552 3229 5604 tatam:
3247 5541 3582 5613 ἁγιόγραφσ,

2143 5587 2514 5682 νγραφεῖαῗῐίο
2537 5587 2654 5684 7.1.3
2669 5587 3308 5682 videvﬂie’r‘ohI-Frﬁegd
3336 5587 3580 5680 θᾶίεαῖὅ

2015 5683 2187 5740 Eliam
2223 5686 2275 5741 in
2306 5685 2505 5752 Thisbi,
2541 5683 2706 5744 verbo
2731 5695 2861 5748 2m.
