3946 6074
376 215 483 267 405

1765 230 1822 283 S.
1864 228 2205 289 EPIPHANII

3540 255 3644 310 4οι

379 331 503 385 dem
541 332 830 391 occasione
863 335 1066 395 factum
1100 348 1223 408 est,
1271 351 1329 396 ut
1372 344 1424 397 in
1455 343 1637 399 Peraea
1664 346 1731 401 iis
1763 348 1963 418 quibus

2084 353 2172 407 τῶν
2204 356 2263 407 ὲν
2295 354 2470 427 Πέλλῃ
2503 356 2797 427 ᾠκηκότων
2815 398 2829 422 ,
2873 357 3108 431 Χριστοῦ
3163 360 3437 430 φήσαντος
3481 376 3653 416 κατα-

380 422 621 480 diximus
648 424 786 482 locis
806 427 1087 498 degerent.
1120 429 1357 503 indeque
1386 429 1778 490 Nazareorum
1796 436 1968 493 haere-

2084 442 2243 512 ιεϊψαι
2299 443 2367 497 τὰ
2427 422 2773 517 ’ῖεροσόλυμα
2797 488 2811 511 ,
2869 422 2964 501 κοὶι
3014 422 3429 521 ἀναχωρῆσαι,
3462 449 3651 521 ἐπειδὴ

382 514 462 568 sis
499 523 629 570 sunt
657 516 890 573 deducta
921 520 1242 589 primordia.

2066 534 2269 606 ἤμελλε
2315 537 2543 609 πάσχειν
2584 539 2922 612 πολιορκίαν.
2976 542 3086 595 Καὶ
3130 543 3196 595 ὲκ
3247 542 3347 612 τῆς
3392 540 3650 611 τοιαύτης

381 607 690 709 ῦποθέσεως
721 612 821 683 τὴν
846 613 1087 684 Περαίαν
1113 618 1454 687 οἰκήσαντες,
1482 621 1680 686 ἐκεῖσε,
1709 620 1785 687 ὡς
1815 622 1971 696 ἔφην,
2012 627 2299 701 διέτριϐον.
2328 607 2667 706 Ἐντεῦθενὴ
2693 607 2833 690 κατὰ
2854 636 2982 701 τοὺς
3028 607 3387 709 Ναζωραίους
3440 607 3652 709 αἵρεσις

379 697 507 769 ισχι
533 702 634 772 τὴν
662 704 856 774 ἀρχήν-

455 788 587 843 Vltl.
626 789 826 847 Verum
879 804 933 850 et
984 796 1077 851 isti
1125 798 1483 859 nihilominus
1515 804 1799 870 aberrant,
1834 822 1958 861 cum

381 876 449 933 de
470 879 892 939 circumcisione
922 885 1264 956 gloriantur:
1301 902 1353 946 et
1384 895 1763 950 exsecratione
1796 896 1961 951 etiam

382 985 528 1025 nunc
560 973 811 1029 obstricti
846 985 1009 1044 sunt,
1039 981 1185 1049 quod
1217 982 1384 1053 legem
1430 985 1646 1053 penitus
1670 985 1963 1042 observare

383 1073 673 1131 nequeant.
707 1058 994 1131 Quomodo
1039 1072 1181 1124 enim
1216 1072 1349 1143 legis
1397 1073 1689 1128 observare
1739 1075 1965 1130 manda-

382 1159 497 1207 tum
530 1155 677 1209 istud
702 1165 989 1227 poterunt:
1024 1165 1119 1216 Ter
1150 1165 1432 1245 quotannis
1478 1166 1753 1245 apparebis
1783 1183 1963 1245 ceram

380 1243 610 1300 Domino
632 1246 741 1302 Deo
769 1258 858 1303 tuo
886 1267 979 1320 per
997 1252 1318 1324 Azymorum
1343 1236 1477 1319 dies,
1494 1265 1544 1310 et
1562 1236 1959 1328 Scenopeqiam,

380 1348 432 1391 et
477 1336 819 1395 Pentecoslen
850 1381 865 1406 ,
921 1344 978 1397 in
1013 1344 1497 1438 Hierosolymitano
1550 1348 1664 1403 loco
1690 1350 1705 1380 ¹
1740 1350 1764 1402 ?
1822 1349 1961 1405 Cum

382 1430 529 1484 enim
565 1432 649 1516 lex
697 1433 991 1490 interclusa
1023 1438 1131 1504 sit,
1163 1446 1217 1493 et
1246 1430 1367 1508 quae
1406 1440 1475 1495 ab
1504 1457 1567 1496 ea
1598 1442 1966 1512 praescribun-

386 1527 477 1574 tur
512 1524 695 1591 perlici
725 1526 959 1595 amplius
990 1543 1099 1583 non
1148 1531 1395 1598 possint,
1449 1533 1675 1588 cuilibet
1708 1533 1967 1605 prudenti

2136 810 2216 865 H'.
2251 810 2632 883 Πεπλάνηνται
2666 812 2723 866 δὲ
2763 814 2858 867 καὶ
2885 806 3057 885 οῦτοι,
3093 814 3395 887 περιτομὴν
3421 815 3654 888 αὐχοῦν-

2064 918 2174 966 τεςσ
2205 903 2298 956 καλ⁸
2324 902 2403 955 ἔτι
2429 904 2479 955 οι
2518 903 2751 958 τοιοῦτοι
2796 904 2903 958 ὑπὸ
2944 901 3189 977 κατάραν
3232 906 3360 969 εἰσὶ,
3395 907 3471 979 μὴ
3498 907 3655 962 δυνά-

2061 980 2220 1067 μενοι
2264 995 2355 1050 τὸν
2408 996 2572 1067 νόμον
2627 996 2933 1069 πληρῶσαι.
2988 997 3113 1062 Πῶς
3172 996 3283 1069 γὰρ
3333 998 3654 1071 δυνήσονται

2066 1090 2308 1162 πληροῦν
2354 1089 2425 1144 τὰ
2456 1091 2515 1144 ὲν
2562 1090 2640 1162 τῷ
2680 1091 2832 1162 νόμῳ
2880 1093 3181 1162 εἰρημένα,
3231 1094 3315 1147 δτι
3356 1093 3497 1161 ’Τρὶς
3545 1094 3653 1149 τοῦ

2065 1179 2243 1245 ἔτους
2283 1181 2525 1251 όφθήσῃ
2581 1181 2839 1236 ἐνώπιον
2878 1183 3101 1251 Κυρίου
3145 1183 3254 1237 τοῦ
3307 1182 3458 1238 Θεοῦ
3495 1199 3649 1249 σου,

2065 1271 2220 1325 κατά
2267 1288 2331 1326 τε
2387 1271 2461 1326 τὰ
2512 1270 2725 1343 Ἀζυμα
2762 1272 2866 1328 καὶ
2909 1277 3339 1347 Σκηνοπηγίαν
3386 1276 3491 1330 καὶ
3538 1277 3656 1346 τὴν

2067 1362 2530 1431 Πεντηκοστὴν,
2572 1363 2643 1416 ἐν
2681 1362 2762 1429 τῷ
2800 1365 2962 1430 τόπῳ
3005 1365 3459 1437 Ἱεροσολύμων.
3491 1369 3654 1422 Ἀπο-

2069 1453 2410 1518 κλεισθέντος
2443 1454 2553 1526 γὰρ
2578 1454 2671 1508 τοῦ
2695 1456 2859 1527 νόμου
2876 1457 3018 1521 ,ικαὶ
3057 1458 3168 1512 τῶν
3196 1460 3255 1511 ὲν
3283 1457 3361 1529 τῷ
3391 1459 3543 1531 νόμῳ
3578 1458 3655 1531 μὴ

2068 1543 2384 1615 δυναμένων
2412 1544 2769 1617 πληροῦσθαι,
2803 1549 2966 1601 παντὶ
2997 1547 3077 1619 τῷ
3115 1548 3241 1604 νοῦν
3274 1549 3451 1621 ἔχοντι
3487 1551 3655 1620 σαφὲς

384 1614 730 1682 perspicuum
757 1627 862 1682 est,
899 1619 1186 1677 advenisse
1212 1621 1526 1693 Christum,
1559 1641 1668 1680 non
1703 1633 1761 1680 ut
1794 1626 1966 1698 legem

2084 1634 2136 1688 iv
2171 1614 2279 1705 ein,
2328 1635 2412 1689 ὅτι
2453 1614 2689 1708 Χριστὸς
2729 1632 2862 1709 ἦλθε
2905 1614 3201 1712 πληρωτὴς
3243 1614 3338 1693 τοῦ
3372 1614 3654 1712 νόμου,ὀύ

383 1716 671 1775 everteret,
707 1712 801 1767 sed
835 1721 896 1768 ut
923 1730 1042 1770 eam
1076 1717 1249 1787 ipsam
1277 1718 1545 1788 impleret,
1575 1727 1629 1775 et
1658 1735 1778 1775 eam
1812 1735 1968 1775 exse-

385 1795 684 1852 crationem
716 1800 985 1868 solveret,
1020 1820 1142 1873 quae
1193 1814 1383 1861 contra
1418 1809 1631 1863 violatae
1681 1811 1817 1881 legis
1860 1811 1969 1865 cri-

387 1899 511 1940 men
567 1887 744 1943 fuerat
796 1894 1115 1948 constituta.
1164 1893 1523 1968 Posteaquam
1574 1901 1718 1954 enim
1738 1876 1979 1978 villoyses‘

388 1977 702 2033 universam
735 1982 903 2052 legem
933 1988 1334 2058 promulgavit,
1378 1990 1443 2043 ad
1474 1990 1636 2045 ﬁnem
1678 1977 1969 2049 voluminis

387 2074 654 2140 pervenit,
682 2090 745 2128 ac
779 2077 882 2130 sub
911 2078 1200 2133 maledicto
1222 2089 1418 2133 cuncta
1454 2082 1763 2137 conclusit:
1796 2083 1969 2139 Male-

388 2162 563 2217 diclus
606 2166 775 2218 omnis
809 2167 901 2234 qui
951 2184 1055 2221 non
1095 2172 1443 2238 permanserit
1492 2172 1547 2224 in
1584 2173 1825 2228 omnibus
1853 2192 1971 2244 quae

389 2254 589 2323 scripta
621 2265 745 2309 sunt
777 2257 827 2310 in
867 2257 1001 2311 libro
1035 2259 1153 2321 hoc,
1179 2270 1237 2314 ut
1286 2261 1453 2330 faciat
1489 2280 1552 2317 ea
1576 2266 1619 2320 ⁸.
1679 2264 1757 2319 Eo
1788 2265 1973 2336 itaque

387 2339 642 2399 Christus
675 2344 932 2411 advenit,
968 2359 1028 2403 ut
1082 2367 1203 2420 quae
1235 2351 1368 2407 dirae
1408 2353 1697 2423 cujusdam
1734 2357 1971 2414 vinculis

396 2433 803 2502 imprecatiunis
834 2448 993 2493 erant
1042 2442 1309 2497 obstricta
1370 2446 1626 2501 solveret.
1677 2447 1836 2521 124
1869 2448 1972 2517 Qui

391 2525 611 2595 quidem
648 2544 746 2598 pro
771 2530 982 2601 exiguis
1011 2533 1139 2599 illis,
1185 2550 1307 2605 qua:
1338 2538 1525 2606 perﬁci
1557 2554 1665 2593 non
1698 2551 1971 2610 poterant,

394 2615 553 2671 nobis
576 2625 1090 2697 magnakeoncessit,
1123 2625 1177 2678 in
1203 2627 1401 2696 quibus
1425 2631 1787 2699 exsequendis
1814 2633 1971 2699 nihil,

396 2714 455 2759 ut
480 2708 535 2761 in
568 2712 843 2779 prioribus
886 2714 1014 2777 illis,
1050 2723 1134 2770 est
1165 2718 1311 2786 quod
1344 2733 1467 2773 cum
1495 2721 1666 2777 altero
1686 2733 1970 2793 repugnet.

394 2799 569 2869 Atque
607 2800 710 2857 hoc
759 2802 869 2859 fere
903 2806 1065 2860 modo
1097 2808 1152 2861 in
1181 2809 1327 2863 omni
1383 2796 1716 2866 confutanda
1754 2815 1972 2882 haeresi,

394 2904 513 2959 quae
542 2889 783 2955 Sabbati,
812 2896 896 2949 vel
920 2897 1379 2967 circumcisionis,
1414 2902 1498 2956 vel
1531 2903 1754 2960 alterius
1783 2905 1977 2976 hujus-

396 2980 547 3035 modi
577 2982 717 3037 ritus
747 2985 1186 3066 observationem
1218 2991 1616 3061 praescriberet,
1636 2995 1781 3049 istud
1801 2973 1977 3066 ipsum
2005 2973 2048 3030 θ’

397 3061 778 3132 demonstrare
829 3079 1170 3147 studuimus,
1205 3082 1494 3149 Dominum
1551 3089 1709 3142 nobis
1741 3105 1862 3159 qua:
1894 3106 1983 3146 es-

400 3174 521 3220 sent
554 3166 876 3247 perfectiora
914 3172 1194 3229 tribuisse.
1233 3175 1575 3247 Eequidnam
1610 3179 1773 3249 igitur
1802 3181 1867 3235 ad
1896 3180 1982 3236 sui

398 3259 808 3316 excusationem
870 3262 1064 3319 ali‘erre
1119 3266 1198 3320 illi
1254 3277 1557 3337 poterunt,
1618 3269 1711 3338 qui
1759 3268 1984 3339 Spiritui

400 3358 595 3403 sancto
627 3366 821 3420 parere
850 3353 1196 3424 detrectant,
1242 3359 1291 3412 ci
1328 3358 1550 3428 inquam
1586 3357 1815 3429 Spiritui
1845 3400 1860 3425 ,
1890 3362 1985 3432 qui

399 3454 498 3509 per
525 3444 804 3510 apostolos
826 3446 1081 3512 edixerit,
1104 3464 1173 3502 ne
1202 3450 1498 3518 gentilibus
1526 3450 1593 3504 ad
1615 3449 1985 3508 Christianam

400 3533 718 3603 religionem
756 3537 1024 3593 traductis
1052 3556 1194 3595 onus
1219 3543 1590 3613 imponeretur
1615 3545 1785 3614 aliud,
1820 3563 1983 3620 quam

405 3624 521 3678 hanc
557 3628 896 3682 necessaria:
922 3638 982 3683 ut
1013 3647 1043 3684 a
1074 3634 1359 3703 sanguine,
1397 3644 1449 3691 et
1478 3635 1763 3702 suﬂ‘ocato,
1790 3648 1845 3694 et
1871 3639 1985 3695 for-

404 3712 683 3769 nicatione
734 3722 789 3769 et
845 3715 1006 3773 idolis
1043 3720 1325 3776 immolato
1364 3741 1485 3781 sese
1539 3726 1887 3784 continerent
1921 3730 1989 3784 ³⁸2

403 3802 602 3859 Annon
657 3804 840 3859 divina
869 3823 963 3864 eos
992 3811 1239 3869 excidere
1271 3816 1443 3885 gratia
1479 3833 1701 3874 necesse
1725 3829 1829 3885 est,
1862 3837 1985 3875 cum

405 3898 481 3960 ita
513 3906 737 3980 sanctqs
766 3898 969 3957 Paulus
1000 3906 1281 3974 apostolus
1323 3908 1637 3979 scripserit:
1677 3908 1738 3965 Si
1765 3913 1991 3967 circum-

406 3996 683 4061 cidamim',
717 3999 961 4056 Christus
984 4001 1118 4055 nihil
1149 4002 1292 4056 vobis
1318 4005 1583 4070 proderit:
1608 4006 1902 4075 quicunque
1936 4006 1991 4059 in
2023 4064 2033 4091 ι

410 4091 517 4162 tege
538 4092 843 4161 gloriamini
869 4110 901 4145 a
940 4094 1116 4162 gratia
1150 4092 1425 4148 excidisti;
1443 4094 1497 4147 ⁸⁸3

478 4179 569 4235 ΙΧ.
612 4182 973 4247 Quamobrem
1013 4190 1203 4238 contra
1235 4183 1377 4237 hanc
1420 4184 1583 4238 etiam
1613 4184 1841 4241 hmresiu
1873 4186 1995 4240 bre-

2068 1726 2160 1780 τὸν
2194 1726 2358 1797 νόμον
2404 1727 2743 1793 καταλύσων,
2782 1728 2920 1783 ἀλλὰ
2967 1729 3060 1783 τὸν
3103 1731 3267 1803 νόμον
3310 1730 3648 1803 πληρώσων,

2070 1814 2165 1868 καὶ
2190 1814 2411 1883 ἀφελεῖν
2440 1816 2539 1887 τὴν
2569 1816 2815 1889 κατάραν
2845 1818 2945 1891 τὴν
2982 1818 3126 1873 κατὰ
3161 1821 3261 1891 τῆς
3288 1821 3655 1893 παραϐάσεως

2069 1904 2163 1957 τοῦ
2186 1905 2351 1975 νόμου
2378 1906 2708 1973 ὁρισθεῖσαν.
2756 1907 2911 1961 Μετὰ
2945 1908 3051 1978 γὰρ
3090 1907 3151 1961 τὸ
3183 1909 3525 1965 ἐντείλασθαι
3561 1910 3655 1968 τὸν

2068 1997 2311 2052 Μωῦσέα
2345 1999 2523 2061 πᾶσαν
2552 1999 2792 2072 ἐντολὴν,
2820 1995 2983 2072 ἦλθεν
3006 1994 3102 2055 ἐπὶ
3134 2001 3194 2055 τὸ
3229 2002 3409 2073 τέρμα
3442 2001 3543 2072 τῆς
3570 2001 3655 2072 pi.

2072 2087 2230 2152 6λου,
2262 2089 2355 2142 καὶ
2400 2089 2711 2144 συνέκλεισε
2742 2092 2804 2145 τὸ
2848 2093 2957 2145 πᾶν
3006 2094 3087 2157 είς
3133 2094 3414 2164 κατάραν,
3453 2093 3654 2162 λέγων·

2072 2178 2542 2249 Ἐπικατάρατος
2598 2182 2719 2250 πᾶς
2764 2183 2833 2251 ὃς
2883 2186 2995 2239 οὐκ
3047 2183 3288 2254 ἐμμένει
3333 2184 3488 2240 πᾶσι
3531 2184 3656 2250 τοῖς

2070 2274 2276 2342 λόγοις
2312 2273 2438 2340 τοῖς
2478 2275 2901 2345 γεγραμμένοις
2943 2276 3014 2328 ἐν
3052 2272 3132 2340 τῷ
3169 2275 3387 2344 ,βιϐλίῳ
3430 2276 3652 2341 τούτῳ,

2071 2363 2178 2418 τοῦ
2219 2363 2467 2432 ποιῆσαι
2512 2351 2754 2433 αὐτούς.
2784 2363 2986 2421 ’Πλθεν
3015 2361 3108 2421 οὖν
3149 2366 3293 2420 λύων
3324 2366 3423 2436 μὲν
3450 2365 3523 2420 τὰ
3553 2383 3651 2419 πε-
3736 2424 3739 2427 λ

2073 2453 2353 2526 πεδημένα
2380 2455 2599 2527 δεσμοῖς
2630 2458 2742 2519 τοῖς
2771 2456 2871 2527 τῆς
2912 2457 3178 2528 κατάρας,
3212 2457 3570 2527 χαριζόμενος
3595 2454 3653 2508 δὲ

2068 2547 2205 2617 ,ἡμῖν
2230 2547 2353 2600 ἀντὶ
2379 2547 2492 2619 τῶν
2516 2547 2726 2619 μικρῶν
2750 2546 2858 2600 τῶν
2885 2548 2960 2618 μὴ
2981 2547 3293 2618 δυναμένων
3314 2545 3655 2619 πληροῦσθαι

2073 2638 2143 2692 τὰ
2188 2639 2428 2709 μείζονα,
2458 2639 2553 2693 καὶ
2595 2641 2657 2692 οὐ
2689 2640 2971 2711 μαχόμενα
3002 2639 3223 2712 Θὰτερον
3265 2639 3480 2711 Θατέρῳ
3519 2637 3657 2709 πρὸς

2074 2731 2173 2804 τὴν
2202 2731 2296 2785 τοῦ
2327 2731 2488 2803 ἔργου
2524 2732 2821 2804 πλήρωσιν,
2849 2732 2926 2795 ὡς
2953 2732 3020 2788 τὰ
3045 2732 3304 2807 πρότερα.
3324 2731 3529 2795 ,Οὕτως
3548 2732 3660 2802 γὰρ

2077 2820 2220 2874 κατὰ
2248 2822 2426 2874 πᾶσαν
2457 2821 2668 2893 αἵρεσιν
2698 2820 3011 2891 φθάνοντες,
3040 2822 3099 2876 ὲν
3137 2824 3205 2892 τῇ
3241 2821 3371 2893 περὶ
3402 2820 3660 2874 σαϐϐατι·

2081 2910 2241 2983 σμοῦ,
2276 2911 2369 2965 καὶ
2396 2912 2715 2983 περιτομῆς,
2740 2900 2834 2965 καὶ
2857 2911 2965 2964 τῶν
2986 2912 3160 2966 ἄλλων
3191 2898 3452 2974 πολλάκις
3480 2912 3664 2983 ἐπειρ-

2082 3002 2390 3073 γασάμεοα,
2424 3002 2540 3067 πῶς
2567 3005 2596 3056 ὁ
2628 3003 2832 3074 Κύριος
2861 3004 2991 3074 ἡμῖν
3019 3000 3087 3056 τὰ
3113 3001 3468 3073 ὲντελέστερα
3500 3002 3666 3072 κεχά-

2084 3110 2285 3163 ρισται.
2334 3093 2461 3158 Πῶς
2507 3090 2599 3149 οὖν
2640 3098 2691 3148 οἱ
2732 3094 2965 3150 τοιοῦτοι
2999 3095 3324 3167 δυνήσονται
3367 3095 3667 3163 ἀπολογίαν

2083 3183 2249 3255 ἔχειν,
2284 3184 2361 3257 μὴ
2405 3184 2485 3256 τῷ
2511 3185 2793 3256 Πνεῦματι
2836 3187 2916 3258 τῷ
2945 3187 3088 3258 ἁγίῳ
3121 3185 3553 3249 ὑπακούσαντες,
3590 3185 3669 3256 τῷ

2085 3276 2172 3331 διὰ
2201 3276 2309 3330 τῶν
2335 3276 2647 3331 ἀποστόλων
2677 3278 2919 3348 εἰρηκότι
2943 3280 3055 3341 τοῖς
3084 3278 3142 3345 ἐξ
3178 3277 3348 3333 ἐθνῶν
3376 3294 3670 3331 πεπιστευ-

2087 3368 2238 3431 κόσι,
2272 3370 2347 3441 μὴ
2395 3368 2561 3441 βάρος
2597 3369 2959 3439 ἐπιτίθεσθαι,
3007 3370 3148 3441 πλὴν
3195 3370 3303 3424 τῶν
3337 3370 3668 3439 ἐπάναγκες,

2086 3462 2387 3533 ἀπέχεσθαι
2437 3464 2669 3535 αἵματος
2716 3466 2812 3520 καὶ
2858 3463 3086 3518 πνικτοῦ
3134 3464 3231 3519 καὶ
3271 3465 3531 3537 πορνείας
3581 3464 3673 3519 καὶ

2088 3553 2471 3619 εἰδωλοθύτους
2506 3555 2633 3619 Πῶς
2661 3556 2718 3609 δὲ
2757 3555 2858 3609 οὐκ
2883 3555 3242 3609 ἐκπεσοῦνται
3266 3554 3371 3626 τῆς
3410 3555 3504 3609 τοῦ
3539 3549 3679 3609 Θεοῦ

2089 3646 2332 3718 χάριτος,
2375 3648 2625 3717 λέγοντος
2655 3648 2871 3702 Παύλου
2901 3648 2997 3703 τοῦ
3041 3649 3199 3717 ἁγίου
3241 3649 3566 3714 ἀποστόλου,
3594 3647 3673 3702 ὃτι

2091 3739 2236 3793 Ἐὰν
2268 3743 2719 3811 περιτέμνησθε,
2752 3741 3011 3811 Χριστὸς
3040 3740 3197 3811 ὑμᾶς
3238 3740 3422 3795 οὐδὲν
3442 3739 3673 3811 ὠφελήε

2090 3844 2205 3884 σευ
2237 3831 2295 3883 οἵ
2321 3848 2478 3899 τινες
2503 3832 2572 3886 ὲν
2595 3834 2756 3902 νόμῳ
2783 3831 3113 3902 καυχᾶσθε,
3153 3828 3263 3898 τῆς
3292 3829 3534 3900 χάριτος
3567 3830 3668 3895 ἐξ·

2091 3919 2346 3976 επέσατε
2365 3939 2382 3986 ;

2165 4184 2242 4237 8'.
2276 4182 2529 4254 Ἀρκέσει
2549 4176 2640 4237 οὖν
2668 4185 2761 4237 καὶ
2785 4185 2845 4238 ὲν
2878 4184 3052 4256 ταύτῃ
3085 4188 3152 4257 τῇ
3176 4185 3386 4256 αἱρέσει
3412 4186 3446 4254 ἡ
3471 4183 3562 4237 διὸ.
3586 4185 3676 4256 τῆς

408 4274 493 4328 vis
525 4273 615 4328 illa
645 4285 831 4330 nostra
856 4275 1156 4349 disputatio
1197 4274 1446 4331 sufﬁciet.
1484 4274 1667 4332 Facile
1714 4277 1860 4331 enim
1902 4277 1980 4331 isti

2084 4273 2391 4363 pave-optat;
2420 4276 2551 4347 παρ’
2590 4275 2746 4346 ἡμῶν
2783 4275 3036 4345 διάλεξις.
3073 4275 3471 4343 Εὑουέλεγκτοι
3498 4274 3608 4347 γὰρ
3632 4277 3709 4355 οι,

406 4365 583 4421 refelli
616 4367 977 4436 convincique
1010 4376 1259 4438 possunt,
1302 4383 1365 4423 ac
1387 4367 1555 4423 Judaai
1590 4368 1792 4439 potius,
1826 4384 1980 4440 quam

2098 4364 2350 4429 τοιοῦτοι,
2401 4365 2496 4419 καὶ
2534 4366 2814 4434 εὐάλωτοι,
2869 4369 2963 4422 καλ⁵
3023 4366 3267 4421 Ἰουδαῖοι
3314 4365 3549 4437 μᾶλλον,
3594 4369 3685 4422 καὶ

410 4457 656 4528 cuiusvis
686 4459 914 4515 alterius
938 4464 1152 4530 generis
1181 4471 1306 4517 sunt
1331 4503 1346 4527 ,
1387 4463 1602 4518 tametsi
1632 4459 1836 4517 Judmis
1883 4461 1994 4516 sint

326 4558 331 4562 ‘
409 4548 795 4604 inimicissimi.
832 4547 1019 4621 Neque
1053 4550 1199 4605 enim
1248 4550 1556 4606 Judzeorum
1586 4552 1788 4620 posteri
1816 4549 1993 4605 solum

409 4641 627 4711 capitali
662 4643 784 4699 illus
833 4639 961 4698 odio
995 4653 1436 4715 prosequuntur;
1466 4642 1559 4697 sed
1610 4652 1663 4697 et
1691 4658 1851 4697 mane
1874 4684 1889 4709 ,
1932 4657 1995 4697 ac

408 4732 656 4795 meridie,
672 4742 726 4787 et
748 4732 814 4801 ad
835 4748 1142 4804 vesperam,
1169 4740 1251 4787 ter
1272 4734 1336 4787 de
1363 4734 1471 4798 die,
1491 4748 1614 4786 cum
1635 4732 1688 4786 in
1706 4731 1997 4804 synagogis

410 4824 529 4877 suis
580 4824 648 4879 ad
693 4824 960 4880 orandum
1009 4825 1343 4881 conveniunt
1391 4825 1526 4880 diris
1560 4826 1682 4880 illos
1708 4824 1995 4889 devovent,

411 4931 476 4968 ac
502 4917 731 4971 solemni
760 4918 1152 4988 imprecatione
1180 4917 1554 4989 proscribunt.
1583 4917 1659 4969 Ac
1685 4914 1994 4980 Nazaraeos,

412 5006 693 5076 inquiunt,
729 5006 873 5064 Deus
903 5019 1238 5067 exsecretur.
1280 5009 1336 5064 In
1379 5010 1480 5064 hos
1534 5008 1678 5063 enim
1709 5006 1999 5095 oli‘ensiore

413 5105 466 5149 et
511 5098 791 5155 acerbiore
823 5100 1007 5155 animo
1039 5113 1169 5158 sunt
1199 5143 1215 5169 ,
1250 5103 1396 5175 quod
1440 5116 1567 5157 cum
1614 5116 1645 5156 e
1685 5097 1995 5156 Iudaeorum

2099 4457 2251 4512 οὐδὲν
2292 4458 2498 4530 ἓτερον.
2542 4459 2690 4513 Πάνυ
2732 4461 2790 4514 δὲ
2834 4453 2983 4514 οὗτοι
3024 4458 3211 4531 ἐχθροὶ
3260 4461 3373 4523 τοῖς
3405 4458 3683 4521 Ἰουδαίοις

2102 4548 2455 4620 ὑπάρχουσιν.
2493 4550 2568 4602 Οὐ
2612 4550 2770 4621 μόνον
2804 4550 2914 4623 γὰρ
2956 4552 3004 4604 οἱ
3047 4549 3155 4605 τῶν
3182 4548 3453 4603 Ἰουδαίων
3499 4547 3684 4610 παῖδες

2104 4638 2241 4711 πρὸς
2281 4640 2498 4704 τούτους
2549 4641 2845 4710 κέκτηνται
2893 4643 3050 4713 μῖσος
3072 4681 3088 4706 ,
3142 4639 3279 4694 ἀλλὰ
3335 4639 3685 4709 ἀνιστάμενοι

2105 4733 2519 4806 ἐσωΟεν⁵(1()),
2584 4734 2674 4788 καὶ
2714 4734 2889 4805 μέσης
2952 4735 3195 4806 ἡμέρας,
3245 4734 3339 4787 καὶ
3396 4732 3527 4803 περὶ
3589 4732 3685 4801 τὴν

2106 4825 2366 4898 ἑσπέραν,
2405 4827 2526 4898 τρὶς
2555 4826 2651 4897 τῆς
2681 4826 2915 4898 ἡμέρας,
2950 4827 3038 4880 ὅτε
3069 4825 3235 4896 εὐχὰς
3260 4823 3602 4878 ἐπιτελοῦσιν
3630 4825 3686 4877 ἐν

2103 4921 2226 4983 ταῖς
2259 4918 2440 4972 αὐτῶν
2470 4922 2835 4990 συναγωγαῖς,
2862 4919 3175 4991 ὲπαρῶνται
3202 4919 3407 4983 αὐτοῖς,
3438 4918 3537 4972 καὶ
3560 4918 3686 4970 ἀναὲ

2106 5009 2456 5080 θεματίζουσι
2509 5010 2840 5079 φάσκοντες,
2872 5011 2954 5063 ὅτι
2998 5008 3434 5080 Ἐπικαταράται
3482 5010 3514 5061 ὁ
3558 5006 3686 5070 Θεὸς

2103 5102 2231 5167 τοὺς
2277 5102 2655 5172 Ναζωραίους.
2715 5102 2827 5156 Καὶ
2870 5101 2980 5172 γὰρ
3035 5102 3248 5167 τούτοις
3303 5100 3685 5176 περισσότερον

486 5261 501 5290 ⁸
539 5256 711 5314 Exod.
754 5278 912 5329 χχιιι,
940 5264 1028 5319 17.
1105 5266 1127 5297 ⁹
1169 5262 1325 5318 Deut.
1355 5279 1522 5331 xxvu,
1552 5263 1641 5319 26.
1722 5263 1744 5295 ⁸
1778 5264 1899 5319 Act.
1934 5279 1980 5317 xi

2084 5262 2143 5328 8,
2170 5263 2262 5319 29.
2343 5265 2364 5296 ⁸
2400 5265 2577 5322 Calat.
2611 5282 2663 5331 v,
2696 5264 2755 5330 2,
2795 5264 2849 5319 4.
2927 5262 2949 5293 ⁵
2977 5261 3034 5317 F.
3067 5259 3259 5316 ἔωθεν.

486 5416 599 5489 (l0)
651 5418 847 5489 una
901 5420 1294 5489 ἀνιστάμενοι
1347 5422 1597 5477 ἔσωθεν.
1641 5421 1760 5477 Non
1801 5422 2001 5476 dubito

456 5490 546 5544 uin
582 5488 948 5545 'scribendum
998 5491 1070 5546 sit
1107 5488 1297 5545 ἔωθεν.
1332 5491 1490 5557 Quod
1529 5501 1711 5548 autem
1739 5492 1999 5548 Judaicas

416 5559 539 5616 illas
587 5559 1007 5619 imprecationes
1037 5561 1090 5615 in
1118 5559 1407 5617 Nazaraaos
1437 5564 1724 5619 haereticos
1757 5562 1998 5617 conferri

417 5630 611 5687 scribit
666 5628 1032 5702 Epiphanius,
1104 5628 1470 5704 Hieronymus
1534 5634 1600 5687 ad
1656 5633 2002 5688 Christianos

2104 5423 2392 5480 transfert.
2428 5421 2505 5477 ita
2555 5425 2701 5479 enim
2759 5422 2851 5478 ille
2891 5425 2964 5475 ad
3018 5420 3133 5477 Ira.
3165 5435 3240 5475 LII
3276 5438 3291 5476 :
3330 5420 3399 5475 Et
3448 5418 3546 5474 sub
3598 5434 3686 5473 no-

2109 5494 2268 5557 mine,
2299 5503 2357 5546 ut
2377 5509 2514 5562 scrape
2540 5494 2673 5557 dixi,
2708 5492 3117 5547 Nazarenorum
3148 5501 3226 5546 ter
3254 5492 3308 5548 in
3338 5491 3505 5547 diei"
3541 5484 3686 5544 Chri-

2109 5565 2309 5617 stianos
2338 5574 2621 5635 congerunt
2651 5562 2951 5618 maledicta.
