3946 6074
538 96 587 152 /

455 277 556 334 407

1829 277 1886 334 S.
1928 277 2270 334 EPIPHANII

3603 274 3712 332 ωε

525 391 589 446 ιι.
631 389 911 461 Siquidem
941 393 1113 450 Ebion
1147 397 1250 450 iste
1280 396 1525 466 priorum
1551 397 1768 452 illorum
1799 399 2024 468 aqualis

2198 399 2272 451 B'.
2333 388 2501 458 Οὗτος
2555 395 2662 466 γὰρ
2691 396 2719 448 6
2760 391 2949 446 'E6iwv
3007 385 3300 461 σύγχρονος
3351 390 3453 462 μὶν
3504 389 3716 443 τούτων

458 479 582 546 fuit,
623 490 677 537 et
723 484 967 538 eamdem
1017 501 1143 539 cum
1181 487 1318 557 ipsis
1360 488 1630 556 originem
1679 489 1905 558 accepit.
1950 493 2028 542 Ac

459 590 691 644 prnnum
728 593 758 630 e
788 576 931 629 virili
961 579 1257 632 concubitu
1288 593 1351 632 ac
1375 579 1603 646 semine,
1628 592 1758 650 puta
1780 579 2024 650 Josephi,

459 677 647 720 natum
689 682 811 722 esse
842 667 1121 722 Christum
1151 671 1410 733 asseruit,
1439 678 1500 723 ut
1539 683 1666 726 ante
1703 672 2030 742 significavi-

459 771 599 817 nius,
625 771 748 808 cum
779 758 855 810 ita
893 758 1135 813 diximus
1168 779 1181 813 :
1214 761 1361 814 hunc
1413 762 1572 832 126
1614 763 1826 818 caeteris
1857 763 1910 817 in
1939 779 2030 818 re-

457 844 560 900 bus
592 846 780 900 eadem
811 863 934 902 cum
973 850 1095 904 aliis
1139 852 1492 917 sentientem,
1535 855 1638 907 hac
1662 868 1769 907 una
1815 869 1874 909 re
1915 855 2030 911 dis-

456 947 702 1000 crepare,
745 935 894 1004 quod
931 935 1242 992 Judazorum
1276 941 1416 996 ritus
1441 955 1504 995 ac
1540 944 1893 1000 caeremonias
1913 960 2030 998 am-

454 1024 644 1092 plexus
670 1026 775 1091 sit,
817 1028 1000 1101 veluti.
1029 1027 1351 1098 Sabbatum,
1403 1047 1466 1086 ac
1525 1033 2025 1101 circutncisionem,

454 1117 668 1185 aliaque
711 1117 766 1170 id
812 1134 1007 1188 genus,
1033 1121 1260 1190 perinde
1307 1131 1470 1192 atque
1513 1139 1545 1178 a
1592 1122 1798 1180 Iudaeis
1831 1141 1896 1180 ac
1929 1125 2030 1181 Sa-

455 1209 740 1263 maritanis
770 1210 1152 1266 observantur.
1185 1212 1326 1278 Quin
1352 1215 1514 1269 etiam
1552 1216 1708 1286 plura
1734 1218 1837 1272 iste
1863 1234 2028 1288 quam

453 1298 626 1353 Judaei
692 1299 1166 1357 Samaritanorum
1239 1306 1545 1360 imitatione
1623 1309 2023 1378 complectitur.

453 1390 588 1443 Nam
631 1393 819 1446 ethoc
850 1394 1072 1462 adjecit,
1132 1402 1191 1448 ut
1221 1395 1290 1449 ab
1336 1405 1693 1450 externorum
1743 1399 2026 1454 hominum

455 1491 602 1535 tactu
653 1499 776 1537 sese
817 1485 1146 1549 contineret,
1203 1496 1370 1558 utque
1400 1488 1602 1544 diebus
1626 1489 1860 1560 singuiis
1892 1507 2029 1561 quo-

453 1575 555 1627 tics
584 1575 868 1629 mulierem
898 1577 1188 1646 attigisset,
1227 1580 1294 1633 ab
1335 1581 1564 1649 ejusque
1593 1581 1877 1650 complexu
1905 1597 2029 1637 sur-

453 1669 622 1728 geret,
656 1675 796 1730 aqua
832 1677 952 1718 sese
991 1667 1289 1733 prolueret,
1328 1666 1502 1723 sicubi
1535 1669 1654 1736 ejus
1681 1678 1825 1724 esset
1851 1672 2024 1740 c0pia,

2131 488 2394 558 ὑπῆρχεν,
2443 487 2536 539 ἀπ’
2573 484 2750 538 αὐτῶν
2808 483 2866 535 δὲ
2929 483 3026 535 σὺν
3079 481 3262 545 αὐτοῖς
3314 482 3571 552 ὁρμᾶται.
3631 481 3714 533 Τὰ

2129 565 2320 650 πρῶτα
2369 578 2426 630 δὲ
2473 579 2539 630 ὲκ
2577 575 2918 647 παρατριόῆς
2974 576 3068 629 καὶ
3129 574 3446 645 σπέρματος
3487 570 3714 643 ἀνδρὸς,

2127 670 2372 725 τουτέστι
2399 667 2495 722 τοῦ
2512 663 2728 739 Ἰωσὴφ,
2749 667 2840 720 τὸν
2865 668 3100 740 Χριστὸν
3118 663 3482 735 γεγεννῆσθαι
3505 662 3716 730 ἔλεγεν,

2128 764 2206 825 ὼς
2227 763 2322 815 καὶ
2343 762 2445 832 ήδη
2475 763 2608 830 ἡμῖν
2646 760 2992 830 προείρηται,
3023 759 3106 812 ὅτι
3136 756 3220 810 Τὰ
3257 755 3356 809 ίσα
3382 757 3498 817 τοῖς
3529 753 3715 816 ἄλλοις

2128 856 2186 907 ὲν
2213 853 2383 906 ἅπασι
2414 850 2646 921 φρονῶν,
2681 851 2739 903 ὲν
2770 847 2943 920 τούτῳ
2980 849 3135 920 μόνῳ
3175 846 3461 918 διεφέρετο
3502 884 3523 915 ,
3651 848 3718 901 ὲν

2126 945 2206 1016 τῷ
2236 945 2386 1015 νόμῳ
2417 943 2510 998 τοῦ
2557 941 2890 1012 Ἰουδαϊσμοῦ
2935 940 3292 1013 προσανέχειν
3285 937 3466 1006 λατὰ
3503 936 3717 989 σαϐϐα-

2125 1036 2338 1106 τισμὸν,
2361 1033 2620 1089 καὶκατὰ
2651 1033 2750 1105 τὴν
2786 1031 3088 1103 περιτομὴν
3111 1071 3127 1098 ,
3168 1031 3264 1083 καὶ
3302 1027 3445 1083 κατὰ
3476 1027 3548 1081 τὰ
3575 1027 3715 1084 ἄλλα

2128 1129 2304 1182 πάντα
2331 1169 2345 1192 ,
2405 1127 2609 1197 ὅσαπερ
2657 1123 2808 1195 παρὰ
2873 1122 3146 1186 Ἰουδαίοις
3203 1121 3296 1175 καὶ
3340 1117 3716 1190 Σαμαρείταις

2130 1217 2476 1274 ἐπιτελεῖται.
2530 1217 2650 1269 Ἔτι
2695 1215 2752 1268 δὲ
2807 1213 2978 1268 πλείω
3026 1205 3184 1277 οὗτος
3227 1209 3380 1282 παρὰ
3411 1211 3536 1273 τοὺς
3590 1209 3719 1262 Ἰουσ

2125 1309 2304 1372 δαίους
2327 1308 2527 1378 ὁμοίως
2555 1309 2667 1369 τοῖς
2691 1307 3060 1378 Σαμαρείταις
3085 1303 3494 1388 διαπραττεται.
3532 1303 3711 1373 Προσ-

2127 1399 2279 1453 έθετο
2305 1398 2413 1470 γὰρ
2445 1397 2508 1451 τὸ
2530 1395 2963 1468 παρατηρεῖσθαι
2985 1394 3251 1450 ἅπτεσθαί
3272 1411 3432 1447 τινων
3461 1393 3571 1446 τῶν
3610 1393 3715 1446 ἀλ-

2127 1489 2355 1544 λοεθνῶν
2378 1504 2392 1518 ’
2429 1487 2548 1542 καθ’
2602 1487 2839 1557 ἑκάστην
2870 1486 2928 1540 δὲ
2979 1485 3211 1557 ἡμέραν,
3247 1485 3300 1538 εί
3324 1501 3453 1537 ’ποτε
3487 1483 3714 1553 γυναικὶ

2129 1579 2448 1650 συναφθείη,
2505 1578 2600 1632 καὶ
2635 1578 2730 1632 ἀπ’
2765 1577 2934 1647 αὐτῆς
2980 1578 3208 1647 ἀναστῇ,
3242 1573 3602 1645 βαπτίζεσθαι
3651 1575 3716 1627 ὲν

2125 1675 2240 1736 τοῖς
2268 1671 2478 1736 ὕδασιν,
2503 1671 2658 1723 εἵπου
2686 1668 2742 1721 δὲ
2773 1667 2840 1722 ἂν
2875 1668 3136 1739 εὐποροίη
3162 1667 3196 1738 ἦ
3229 1666 3503 1738 Θαλάσσης
3547 1666 3580 1736 ἢ
3617 1667 3714 1721 ἄλο

456 1753 684 1806 marinm
716 1754 966 1810 videlicet
1017 1758 1383 1838 aut.alterius
1428 1760 1662 1829 generis.
1693 1761 1849 1826 Quod
1878 1761 1924 1817 si
1957 1762 2028 1817 ab

2129 1764 2234 1816 λων
2288 1762 2516 1816 ὑδάτων.
2560 1759 2720 1814 Ἀλλὰ
2763 1761 2857 1813 καὶ
2906 1761 2955 1812 εί
2997 1758 3347 1830 συναντήσειέ
3391 1775 3497 1810 τινι
3543 1757 3715 1811 ἀνιὼν

456 1845 544 1897 illa
575 1845 776 1900 lotione
816 1862 880 1901 ac
925 1849 1200 1904 mersione
1244 1853 1462 1906 rediens
1495 1853 1551 1905 in
1591 1853 1900 1922 quempiam
1946 1853 2028 1908 in-

454 1945 662 2000 currat,
698 1937 878 1991 denuo
909 1939 976 1992 ad
1002 1940 1328 1994 abluendum
1361 1958 1502 2006 sese,
1540 1958 1684 2012 saepe
1707 1943 1870 1998 etiam
1902 1951 2027 1998 cum

456 2027 591 2095 ipsis
622 2029 970 2085 vestimentis
1001 2032 1326 2102 regreditur.
1363 2032 1535 2088 Hodie
1583 2050 1709 2088 vero
1737 2035 2028 2105 virginitas

454 2119 594 2188 apud
632 2120 754 2174 illos
798 2131 851 2175 et
885 2122 1112 2177 castitas
1145 2125 1370 2177 omnino
1417 2125 1758 2195 prohibetur,
1791 2125 1844 2180 id
1883 2127 2028 2195 quod

452 2218 506 2263 et
533 2221 741 2264 caetera:
765 2225 954 2266 omnes
984 2212 1253 2279 ejusmodi
1290 2214 1524 2269 haereses
1561 2226 1846 2285 usurpant.
1893 2215 2027 2269 Nam

452 2302 581 2354 olim
613 2301 679 2355 de
723 2302 1038 2372 virginitate
1090 2304 1310 2372 gloriari
1359 2306 1627 2372 solebant,
1668 2306 1926 2361 nimirum
1957 2308 2028 2361 ob

453 2389 714 2446 iacobum
747 2392 968 2448 fratrem
1002 2393 1216 2448 Domini
1250 2413 1263 2448 :
1297 2394 1544 2466 adeoque
1577 2397 1748 2452 libros
1798 2412 1930 2454 suos
1959 2399 2026 2452 ad

453 2483 699 2536 seniores
725 2491 779 2537 et
806 2484 1047 2554 virgines
1069 2485 1399 2540 inscribunt.
1437 2487 1543 2541 Sed
1571 2487 1738 2556 hujus
1770 2487 2028 2546 factionis

453 2573 736 2627 exordium
791 2583 912 2644 post
973 2575 1485 2648 llicrosolymitante
1549 2578 1700 2633 urbis
1753 2579 2024 2633 excidium

453 2665 638 2733 cmpit.
673 2663 790 2730 Quo
821 2673 1064 2737 tempore
1086 2667 1383 2722 Christiani
1406 2684 1596 2724 omnes
1617 2684 1740 2723 cum
1770 2670 1826 2723 in
1843 2667 2027 2723 Peraea

413 2754 730 2823 >degerent,
762 2762 924 2824 atque
953 2756 1006 2809 in
1055 2759 1190 2812 urbe
1223 2756 1370 2811 Pella
1414 2758 1783 2827 potissimum,
1817 2775 1937 2830 qua:
1969 2760 2025 2813 in

455 2843 842 2918 Dacapolitana
879 2845 1161 2920 provincia
1202 2854 1308 2916 est,
1337 2847 1494 2922 cujus
1541 2857 1722 2908 exstat
1753 2852 1808 2904 in
1850 2848 2029 2903 Evan-

455 2941 598 3010 gelio
623 2941 830 2994 mentio
875 2943 914 3005 ‘,
959 2957 1126 3012 pr0pe
1159 2942 1464 2998 Batanazam
1513 2961 1576 3000 ac
1612 2940 2022 3001 Basanitidem:

456 3044 582 3082 cum
615 3029 750 3091 illic,
785 3030 1026 3098 inquam.
1073 3029 1412 3087 domicilium
1460 3035 1845 3104 collocassent,
1895 3037 2026 3092 hinc

457 3119 650 3173 tibioni
678 3119 804 3172 data
838 3129 923 3175 est
955 3123 1288 3194 propagandi
1315 3126 1522 3181 erroris
1560 3128 1804 3183 occasio.
1836 3127 1939 3194 Qui
1968 3128 2025 3182 in

457 3226 599 3281 pago
651 3212 888 3281 quodam
945 3212 1161 3268 Cocabe
1198 3215 1254 3269 in
1314 3218 1537 3286 regione
1586 3217 2024 3285 Carnaimorum,

458 3304 677 3358 Arnemi
709 3312 762 3359 et
787 3305 1229 3373 Astarotharum,
1261 3317 1315 3364 et
1355 3309 1688 3366 Basanitidis
1722 3321 1899 3368 tractu
1929 3314 2027 3367 ha-

457 3395 632 3450 bitare
685 3397 872 3465 coepit,
903 3397 1363 3466 quemadmodum
1411 3408 1565 3455 vetus
1608 3403 1676 3456 ad
1720 3419 1821 3458 nos
1857 3421 2031 3474 usque

459 3486 601 3539 fama
633 3489 876 3556 pertulit.
926 3487 1056 3542 Inde
1101 3489 1270 3559 igitur
1308 3481 1526 3560 pessimi
1570 3495 1902 3562 praedicandi
1930 3495 2029 3550 do-

457 3579 658 3646 gmatis
684 3563 902 3631 initium
943 3581 1201 3650 sumpsit,
1229 3581 1375 3637 unde
1406 3590 1460 3637 et
1497 3583 1693 3653 impios
1720 3584 2029 3641 Nazarenos

457 3667 696 3737 cepisse
742 3668 1054 3726 docuimus.
1102 3671 1276 3727 Ambo
1326 3677 1470 3728 enim
1522 3675 1738 3731 collatis
1771 3676 1914 3733 inter
1970 3693 2030 3733 se

458 3762 730 3832 capitibus
764 3778 918 3818 suam
970 3764 1110 3819 alter
1140 3781 1264 3819 cum
1316 3767 1489 3821 altero
1530 3767 1934 3838 improbitatem
1966 3785 2030 3824 ac

458 3853 759 3924 nequitiam
791 3856 1236 3910 communicavit.
1275 3857 1452 3927 Atque
1489 3859 1592 3914 etsi
1628 3859 2030 3929 quadamtenus

459 3964 490 4000 ιι
519 3963 578 4002 se
618 3955 808 4000 mutuo
852 3947 1177 4014 dissideant,
1223 3949 1275 4002 in
1310 3951 1671 4020 excogitando
1703 3961 1881 4007 tamen
1909 3969 2033 4023 pra—

459 4038 683 4094 vissimo
707 4038 957 4110 dogmate
987 4055 1108 4095 sese
1139 4040 1370 4094 invicem
1401 4052 1810 4111 expresserunt.
1861 4044 2033 4099 Caele-

458 4147 581 4184 rum
625 4133 845 4186 memini
877 4148 963 4186 me
1002 4132 1126 4187 aliis
1165 4132 1218 4185 in
1254 4133 1410 4195 locis,
1444 4149 1566 4187 cum
1601 4120 1863 4191 adversus
1896 4137 2031 4191 alias

460 4223 696 4277 haereses
743 4224 1150 4290 contenderem,
1203 4223 1270 4278 de
1325 4223 1667 4278 Cocaborum
1719 4225 1827 4280 situ
1871 4234 2033 4296 atque

459 4313 658 4366 Arabia
687 4313 1015 4380 disputasse.

2127 1855 2234 1908 ἀπὸ
2282 1854 2382 1924 τῆς
2423 1853 2533 1906 τῶν
2565 1852 2771 1906 ὑδάτων
2830 1850 3178 1913 καταδύσεως
3216 1850 3313 1904 καὶ
3371 1847 3711 1919 βαπτισμοῦ⁹

2126 1939 2386 2002 ὡσαύτως
2407 1939 2568 1992 πάλιν
2603 1938 2890 2009 ἀνατρέχει
2918 1937 3292 2008 βαπτίζεσθαι,
3325 1937 3585 2002 πολλάκις
3614 1938 3713 1990 καὶ

2127 2032 2224 2085 σὺν
2256 2036 2368 2096 τοῖς
2409 2033 2661 2103 ἱματίοις.
2695 2031 2777 2086 Τὰ
2797 2031 2890 2084 νῦν
2921 2031 2977 2084 δέ
2999 2031 3715 2102 ἀπηγόρευταιπαντάπασι

2126 2125 2256 2194 παρ’
2304 2125 2488 2186 αὐτοῖς
2546 2122 2813 2194 παρθενία
2865 2139 2924 2174 τε
2965 2123 3060 2176 καὶ
3115 2121 3434 2193 ἐγκράτεια,
3490 2121 3568 2185 ὡς
3613 2122 3713 2174 καὶ

2127 2215 2279 2286 παρὰ
2306 2217 2427 2278 ταῖς
2455 2214 2641 2278 ἄλλαις
2681 2214 2893 2285 ὁμοίαις
2922 2213 3095 2285 ταύτῃ
3129 2214 3392 2285 αἱρέσεσι.
3426 2213 3564 2267 Ποτὲ
3597 2213 3711 2285 γὰρ

2125 2306 2427 2377 παρθενίαν
2476 2305 2852 2376 ἐσεμνύνοντο,
2885 2305 3046 2375 δῆθεν
3073 2305 3162 2358 διὰ
3205 2305 3297 2357 τδν
3329 2304 3584 2358 Ἰάκωϐον
3618 2305 3714 2357 τὸν

2126 2399 2348 2468 ἀδελφὸν
2405 2396 2501 2450 τοῦ
2550 2397 2776 2468 Κυρίου,
2832 2397 2924 2449 καὶ
2957 2396 3025 2448 τὰ
3065 2395 3244 2448 αὐτῶν
3296 2396 3713 2465 συγγράμματα

2127 2487 2518 2559 πρεσϐυτέροις
2549 2489 2644 2540 καὶ
2697 2487 2989 2558 παρθένοις
3029 2487 3321 2556 γράφουσι.
3362 2486 3558 2554 Γέγονε
3590 2488 3646 2538 δὲ
3674 2488 3711 2557 ὴ

2126 2580 2268 2650 ἁρχὴ
2297 2578 2488 2631 τούτου
2517 2578 2630 2646 (12)
2647 2575 2785 2646 μετὰ
2810 2577 2908 2646 τὴν
2927 2575 3033 2628 τῶν
3065 2575 3454 2648 Ἰεροσολύμων
3481 2575 3708 2630 ἅλωσιν.

2139 2670 2356 2740 Ἐπειδὴ
2420 2668 2530 2740 γὰρ
2569 2669 2770 2732 πάντες
2816 2669 2866 2720 οἱ
2912 2669 2993 2730 είς
3019 2667 3256 2740 Χριστὸν
3284 2668 3711 2731 πεπιστευκότες

2125 2761 2223 2831 τὴν
2257 2761 2496 2832 Περαίαν
2519 2761 2638 2812 κατ’
2672 2760 2848 2811 έκεῖνο
2875 2758 3070 2830 καιροῦ
3103 2757 3430 2829 κατῴκησαν
3456 2759 3518 2812 τὸ
3548 2758 3713 2812 πλέον

2127 2853 2186 2905 ὲν
2213 2851 2388 2922 Πέλλῃ
2419 2851 2524 2904 τινὶ
2551 2851 2702 2904 πόλει
2756 2849 3064 2924 καλουμένῃ
3091 2851 3190 2920 τῆς
3219 2850 3573 2913 Δεκαπόλεως
3609 2850 3712 2920 τῆς

2127 2943 2186 2998 έν
2209 2942 2288 3012 τῷ
2329 2942 2644 3012 Εὑαγγελίῳ
2674 2942 3090 3014 γεγραμμένης,
3123 2942 3352 3014 πλησίον
3389 2942 3488 3011 τῆς
3526 2941 3710 2994 Βατα-
3780 2983 3801 3008 ,

2125 3032 2282 3101 γαίας
2334 3035 2430 3088 καὶ
2478 3033 2824 3100 Βασανίτιδος
2879 3034 3082 3106 χώρας,
3128 3035 3189 3088 τδ
3237 3033 3543 3106 τηνικαῦτα
3594 3035 3714 3086 ἐκεῖ

2132 3111 2600 3202 μεταναστάντων,
2630 3129 2727 3182 καὶ
2749 3129 2927 3181 ἐκεῖσε
2976 3125 3358 3198 διατριϐόντων
3381 3123 3580 3190 αὐτῶν,
3613 3124 3711 3192 γέ-

2128 3239 2281 3290 γονεν
2304 3222 2369 3274 ὲκ
2421 3221 2607 3274 τούτου
2662 3221 2934 3293 πρόφασις
2961 3219 3040 3290 τῷ
3074 3218 3307 3273 Ἐϐίωνι.
3342 3218 3452 3272 Καὶ
3483 3219 3712 3288 ἄρχεται

2132 3315 2231 3384 μὲν
2252 3315 2351 3384 τὴν
2388 3291 2718 3384 κατοίκησιν
2740 3291 2883 3382 έχειν
2916 3312 2973 3364 ὲν
3011 3308 3254 3382 Κωκάόῃ
3284 3308 3390 3361 τινί
3421 3307 3586 3378 κώμῃ
3619 3307 3712 3360 ἐπὶ

2128 3404 2196 3456 τὰ
2229 3404 2370 3476 μέρη
2396 3404 2496 3473 τῆς
2522 3401 2800 3476 Καρναῒμ,
2846 3402 3065 3473 Ἀρνὲμ,
3090 3400 3183 3453 καὶ
3219 3397 3521 3470 Ἀσταρὼθ,
3557 3401 3617 3452 ὲν
3644 3400 3712 3470 τῇ

2129 3496 2438 3550 Βασανίτιδι
2483 3494 2656 3567 χώρᾳ,
2695 3493 2772 3558 ὡς
2819 3496 2853 3565 ἠ
2904 3492 3132 3547 ἐλθοῦσα
3190 3494 3269 3555 είς
3310 3493 3460 3562 ἡμᾶς
3511 3490 3715 3559 γνῶσις

2131 3589 2406 3660 περιέχει.“
2437 3588 2628 3642 Ἔνθεν
2661 3587 2890 3659 ἄρχεται
2920 3587 3016 3657 τῆς
3048 3586 3223 3655 κακῆς
3262 3583 3426 3640 αύτοῦ
3460 3584 3714 3638 διδασκαο

2100 3681 2271 3745 ·λίας,
2311 3679 2432 3734 ὅθεν
2483 3679 2640 3750 δῆθεν
2669 3679 2763 3734 καὶ
2801 3681 2850 3732 oi
2883 3677 3194 3750 Ναζαρηνοὶ
3221 3678 3270 3730 οἱ
3303 3676 3496 3747 ἄνομοι
3528 3677 3715 3747 προδε-

2131 3773 2420 3844 δήλωνται.
2452 3769 2753 3840 Συναφθεὶς
2801 3770 2910 3840 γὰρ
2931 3762 3085 3832 οὗτος
3110 3769 3361 3832 ἐκείνοις,
3393 3767 3486 3822 καὶ
3515 3769 3713 3819 ἐκεῖνοι

2129 3862 2327 3930 τούτῳ,
2352 3861 2610 3931 ἑκάτερος
2635 3860 2743 3914 ἀπὸ
2763 3859 2862 3929 τῆς
2883 3858 3075 3912 ἑαυτοῦ
3105 3857 3405 3929 μοχθηρίας
3433 3857 3512 3928 τῷ
3543 3858 3714 3927 ἑτέρῳ

2135 3953 2427 4024 μετέδωκε.
2451 3954 2562 4007 Καὶ
2584 3952 2930 4023 διαφέρονται
2972 3951 3068 4022 μὲν
3092 3950 3279 4020 ἔτερος
3309 3949 3446 4021 πρὸς
3477 3949 3571 4001 τὸν
3599 3948 3715 4001 ’ἐτε-

2135 4060 2228 4114 ρον
2255 4043 2398 4096 κατά
2417 4061 2490 4109 τι,
2525 4044 2584 4096 ὲν
2605 4042 2660 4095 δὲ
2679 4045 2745 4113 τῇ
2773 4041 3031 4111 κακονοίᾳ
3057 4040 3318 4112 ἀλλήλους
3338 4039 3711 4110 ἀπεμάξαντο.

2136 4135 2274 4205 Ἤδη
2305 4134 2361 4187 δέ
2391 4152 2480 4205 μοι
2513 4134 2607 4186 καὶ
2639 4136 2696 4187 έν
2721 4133 2900 4197 ἄλλοις
2925 4133 3124 4200 λόγοις,
3151 4133 3401 4186 καὶκατὰ
3423 4131 3524 4196 τὰς
3556 4131 3714 4193 ἄλλας

2115 4227 2378 4298 ἀἱρέσεις
2425 4227 2554 4297 περὶ
2607 4227 2705 4297 τῆς
2749 4225 3069 4290 τοποθεσίας
3120 4225 3424 4286 Κωκάϐων,
3476 4227 3568 4277 καὶ
3622 4225 3714 4294 τῆς

2147 4318 2404 4389 Ἀραϐίας
2431 4319 2518 4372 διὰ
2550 4319 2786 4382 πλάτους
2806 4319 3040 4389 εἴρηται.

533 4403 617 4456 lll.
663 4403 940 4474 Principio
971 4407 1138 4476 igitur
1189 4406 1382 4484 Ebion,
1417 4415 1475 4462 ut
1525 4407 1658 4472 dixi,
1697 4407 1974 4464 Christum
2004 4425 2029 4464 c

2208 4409 2282 4463 I".
2320 4411 2429 4463 Καὶ
2475 4409 2536 4462 τὸ
2575 4409 2674 4480 μὲν
2729 4409 2944 4479 πρῶτον
2975 4409 3085 4480 (15)
3129 4409 3157 4461 6
3205 4405 3417 4470 Ἐϐίων,
3446 4405 3523 4468 ὡς
3557 4405 3710 4475 ἔφην,

461 4498 560 4552 viri
599 4497 827 4563 semine,
859 4497 1114 4552 nimirum
1149 4498 1392 4571 Joscphi,
1425 4500 1664 4570 genitum
1705 4500 2028 4556 afﬁrmabat.

533 4655 546 4684 ’
582 4653 772 4712 Matth.
802 4670 872 4719 tv,
913 4653 1018 4720 25;
1059 4653 1228 4707 Marc.
1259 4670 1314 4718 v,
1348 4654 1440 4717 20,
1465 4662 1519 4709 et
1553 4671 1648 4722 vn,
1683 4655 1771 4711 51.

531 4812 643 4880 (l2)
683 4814 906 4882 Γέγονε
944 4811 1013 4865 δὲ
1045 4814 1083 4880 ἡ
1111 4812 1268 4882 ἁρχὴ
1311 4813 1546 4882 τούτου.
1586 4813 1655 4866 At
1685 4812 1882 4869 Chron.
1909 4817 2032 4870 Ale-

458 4885 622 4935 xand.
657 4897 710 4952 p.
752 4882 877 4946 597,
918 4882 1087 4937 refert
1129 4881 1274 4938 anno
1299 4881 1520 4951 Trajani
1545 4897 1674 4950 vm,
1707 4883 1952 4942 Candido
1979 4896 2034 4942 et

458 4952 734 5018 Quadrato
764 4968 910 5009 coss.
947 4952 1329 5008 Ebionitarum
1358 4955 1650 5012 emersisse
1677 4963 1902 5011 sectam.

530 5022 641 5094 (15)
683 5024 789 5077 Καὶ
839 5023 906 5077 τὸ
948 5023 1066 5093 μὲν
1101 5024 1354 5092 πρῶτον.
1399 5021 1607 5094 Duplex
1657 5023 2034 5084 Ebionitarum

462 5095 624 5146 factio
659 5094 787 5157 fuit;
816 5109 940 5147 nam
968 5095 1059 5148 alii
1092 5111 1305 5148 merum
1331 5110 1392 5147 ac
1422 5095 1722 5163 simplicem
1759 5097 2033 5153 hominem

461 5164 780 5240 asserebant
801 5180 934 5246 esse
965 5163 1199 5246 Jesum,‘
1213 5173 1379 5246 atque
1410 5180 1438 5217 a
1467 5163 1704 5246 {osepr
1756 5165 2036 5237 Mariaque

459 5234 733 5310 genitum;
765 5234 857 5286 alii
884 5250 916 5287 e
943 5241 1136 5310 sancto
1167 5234 1434 5310 Spiritu__a
1473 5234 1692 5310 Virgine
1722 5234 2038 5306 susceptum

460 5300 534 5355 ita
575 5300 900 5369 fatebantur,
938 5304 1017 5356 uti
1049 5300 1224 5357 Deum'
1263 5321 1327 5358 ac
1360 5300 1597 5359 Verbum
1646 5321 1788 5372 esse,
1817 5300 1911 5360 aut
1941 5324 2038 5362 ex-

462 5373 669 5446 stitisse
716 5380 873 5425 antea
926 5382 1207 5446 negarent.
1245 5375 1514 5431 Eusebius
1549 5377 1642 5446 lib.
1677 5393 1756 5444 ιιι,
1791 5392 1912 5446 cap.
1940 5379 2034 5432 Ἦ.

460 5441 724 5519 Origenes
769 5452 954 5519 contra
999 5441 1210 5519 Celsum
1257 5454 1389 5519 tom.
1427 5462 1467 5500 tt
1493 5465 1505 5499 :
1536 5441 1836 5519 Ἐϐίωνξ-τε
1860 5441 1981 5519 ’γὰρ
2010 5447 2038 5497 6

460 5512 880 5584 πτωχὸς-παρὰ
914 5514 1188 5578 Ἰουδαίοις
1240 5517 1523 5579 καλεῖται,
1582 5516 1675 5568 καὶ
1728 5512 2037 5570 Ἐσιωναῖοι

459 5581 887 5658 χρῖλματίζοῖδὲΥ
916 5586 965 5636 οἱ
994 5586 1101 5639 ἀπὸ
1131 5586 1404 5658 ξίουδαίων
1445 5587 1537 5639 τὸν
1571 5585 1782 5658 Ἰησοῦν
1805 5586 1879 5650 ὡς
1907 5589 2038 5658 δρι-

462 5653 586 5708 στὸν
611 5653 1066 5726 παραδεξάμενοι.
1118 5656 1361 5720 Quo‘rnm
1405 5672 1600 5726 genera
1633 5653 1861 5726 illaiduo
1895 5656 1933 5710 t'.
1961 5653 2031 5710 ἰιι

460 5721 851 5782 commemorat
878 5721 1074 5782 {051m
1127 5727 1182 5779 δέ
1231 5729 1364 5778 εἰσιν
1408 5721 1462 5780 οἱ
1508 5726 1673 5778 διττοὶ
1710 5725 2030 5785 Ἐϐιωναῖοι.

2139 4502 2370 4574 Χριστὸν
2404 4505 2468 4556 ὲκ
2494 4503 2807 4574 σπέρματος
2842 4501 3052 4573 ἀνδρὸς,
3081 4499 3324 4553 τουτέστι
3362 4497 3456 4551 τοῦ
3497 4498 3752 4568 Ἰωσὴφ,ι

2455 4725 2497 4776 J

2135 4819 2252 4890 ἠτρι
2279 4816 2341 4890 ἐκ
2371 4812 2646 4890 Παρθένου
2673 4809 3058 4890 ὁμολογοῦχτες
3087 4809 3293 4890 ’δμοίως
3322 4811 3454 4890 ἡμίν
3488 4808 3580 4890 τὸν
3611 4810 3715 4890 Ἰη-

2139 4879 2283 4947 σοῦν,
2313 4885 2346 4953 ἢ
2385 4879 2482 4955 οὐχ
2512 4883 2662 4955 οὕτω
2691 4879 3040 4955 γεγενῆσθαι,
3075 4880 3190 4933 ἀλλ’
3217 4880 3292 4942 ὡς
3334 4879 3460 4955 τοὺς
3503 4879 3716 4955 λοιπούς

2137 4949 2482 5025 ἀνθρώπουᾷ
2512 4949 2712 5009 Verum
2762 4949 3142 5025 Ebionaeorum
3188 4965 3384 5025 nomen
3431 4949 3716 5025 latiusnex-

2137 5017 2381 5080 tendisse
2413 5017 2584 5079 videri
2617 5030 2796 5094 potest
2831 5022 3116 5094 Origenes,
3146 5027 3236 5094 Aut
3276 5017 3569 5094 Ebionaaos
3602 5020 3716 5075 illos

2139 5096 2409 5166 appellet,
2435 5095 2528 5165 qui
2558 5089 2682 5166 cum
2708 5091 2908 5166 alioqui
2936 5089 3003 5146 de
3029 5090 3232 5166 Christi
3260 5089 3549 5166 divinitate
3581 5100 3716 5145 recte

2141 5157 2427 5228 sentirent,
2455 5157 2582 5219 cum
2625 5157 2937 5218 Christiana
2974 5161 3234 5231 religione
3263 5157 3526 5231 Judaicas
3553 5176 3717 5215 czere’

2141 5238 2353 5291 monias
2391 5233 2798 5306 amplectendas
2840 5229 3603 5306 crederent._Quod_quidem
3642 5238 3714 5283 to-

2099 5297 2227 5361 ἰιιο
2260 5323 2296 5359 ιι
2331 5307 2432 5360 sub
2475 5297 2690 5360 initium
2735 5302 3046 5371 significare
3079 5301 3310 5371 videtur.
3345 5297 3714 5371 Theodoretus

2139 5379 2205 5431 de
2243 5376 2514 5432 Ebionzeis
2537 5395 2549 5428 :
2569 5375 2671 5428 Τὸν
2704 5374 2761 5426 δὲ
2788 5369 2998 5443 Κύριον
3024 5371 3236 5443 Ἰησούν
3257 5370 3496 5443 Χριστὸν
3524 5369 3586 5433 ἐξ
3608 5371 3714 5443 Ἰω-

2142 5447 2249 5516 σὴφ
2275 5448 2367 5500 καὶ
2395 5448 2493 5516 τῆς
2513 5444 2729 5516 Μαρίας
2745 5438 2912 5516 ἔφησε
2933 5440 3292 5516 γεγενῆσθαιἱ
3308 5438 3601 5516 ᾇνθρωπον
3629 5440 3714 5509 μὲν

2143 5508 2292 5577 ὄντα,
2328 5508 2496 5586 ἁρετῇ
2531 5516 2589 5586 δὲ
2610 5508 2717 5586 ’καὶἶ
2743 5508 3078 5586 καθαρότητι
3105 5508 3212 5586 τῶν
3242 5508 3714 5586 ἄλλωνδιαφέρον-

2145 5606 2232 5646 τα,
2263 5578 2404 5640 κα.τᾶ
2434 5578 2496 5639 δὲ
2537 5585 2626 5637 τὸν
2667 5578 2956 5652 Μωσαῖκὸν
2995 5578 3341 5652 πολιτεύοντα
3358 5578 3550 5652 νόμον.
3581 5578 3714 5652 Lego

2148 5657 2536 5722 πολιτεύονται,
2571 5669 2744 5724 neque
2773 5654 2840 5707 ad
2873 5650 3150 5707 Christum
3181 5648 3371 5706 referri
3402 5657 3559 5718 puto.
