3946 6074
226 269 327 329 409

871 266 1240 324 ADVERSUS
1280 266 1622 328 llABﬂESES
1661 270 1790 329 LIB.

1921 271 2083 332 rom.
2125 275 2264 330 n.—-
2305 249 2578 333 namss.
2620 252 2794 336 nx.

3393 257 3496 345 MO

229 379 494 455 ὡρίζετοο
522 383 591 434 ἐκ
619 380 810 452 χρόνου
837 380 894 433 δέ
923 398 1067 444 τινος
1119 383 1213 435 καὶ
1246 382 1406 456 δεῦρο
1445 387 1493 438 oi
1530 386 1717 450 αὐτοῦ,
1751 388 1820 452 ὡς

1931 387 2132 445 Verum
2169 391 2455 462 aliquanto
2507 393 2577 448 ab
2617 394 2747 449 hinc
2781 402 3024 464 tempore
3072 395 3126 449 in
3178 395 3499 454 hodiernum

231 477 309 540 εἰς
337 473 647 528 ἀσύστατον
677 474 772 526 κα)⁵
797 473 1080 544 ἀμήχανον
1107 474 1407 545 τρέψαντες
1432 477 1522 532 τὸν
1548 479 1678 532 ίδιον
1699 478 1822 532 νοῦν

234 567 380 624 ἄλλοι
409 565 590 630 ἄλλως
639 564 773 635 παρ’
800 565 985 628 αὐτοῖς
1031 565 1270 635 Χριστοῦ
1311 567 1646 638 διηγοῦνται.
1670 571 1824 641 Τάχα

234 657 288 710 δὲ
327 651 481 725 οἶμαι
529 653 640 709 ἀπὸ
681 653 778 706 τοῦ
828 653 1166 725 συναφθῆναι
1217 655 1400 720 αὐτοῖς
1459 659 1705 723 Ἦλξαῖον
1729 661 1822 714 τὸν

234 747 710 819 ψευδοπροφήτην,
741 745 834 798 τὸν
863 747 1012 816 παρὰ
1039 748 1488 822 τοῖςεἊμψηνοῖς
1523 751 1538 781 ⁸
1580 751 1674 803 καὶ
1710 752 1826 805 Ὀσ.

235 840 415 909 σηνοῖς
473 837 572 891 καὶ
633 835 1000 899 Ἐλκεσσαίοις
1057 837 1436 908 καλουμένοις,
1495 839 1570 904 ὡς
1616 842 1822 906 ἐκεῖνος

233 926 538 996 φαντασίαν
594 925 718 980 τινὰ
761 927 891 998 περί
925 926 1165 998 Χριστοῦ
1222 928 1510 1000 διηγεῖται,
1561 930 1654 983 καὶ
1692 931 1822 1002 περὶ

234 1019 554 1090 Πνεύματος
580 1017 761 1086 ἁγίου.
794 1017 951 1081 Τινὲς
975 1019 1086 1088 γὰρ
1112 1017 1172 1083 ἐξ
1198 1019 1376 1072 αὐτῶν
1407 1020 1502 1074 καὶ⁸
1535 1021 1705 1092 ’Δδάμ
1728 1022 1820 1075 τὸν

234 1108 472 1181 Χριστὸν
497 1104 638 1161 εἶναι
667 1107 906 1176 λέγουσι,
933 1107 1028 1160 τὸν
1053 1107 1271 1178 πρῶτον
1295 1108 1604 1163 πλασθέντα
1636 1126 1695 1162 τε
1725 1111 1820 1163 καὶ

231 1199 622 1270 ἐμφυσηθέντα
653 1197 762 1251 ἀπὸ
787 1197 887 1267 τῆς
917 1197 1011 1251 τοῦ
1045 1197 1180 1251 Θεοῦ
1207 1200 1513 1264 ἐπιπνοίας.
1547 1200 1730 1254 Ἀλλοι
1761 1202 1819 1255 δὲ

232 1290 291 1342 ἐν
307 1290 494 1351 αὐτοῖς
527 1287 780 1356 λέγουσιν
820 1285 1026 1339 ἀνωθεν
1064 1288 1163 1356 μὲν
1192 1287 1340 1352 ὄντα,
1379 1289 1485 1359 πρὸ
1511 1291 1728 1344 πάντων
1760 1291 1819 1344 δὲ

233 1380 523 1434 κτισθέντα
570 1377 788 1449 πνεῦμα
840 1378 990 1443 ὄντα,
1026 1379 1122 1432 καὶ
1155 1379 1296 1451 ὑπὲρ
1357 1381 1624 1449 ἀγγέλους
1666 1382 1816 1444 ὄντα,

234 1471 455 1524 πάντων
483 1485 545 1521 τε
593 1467 934 1538 κυριεύοντα,
983 1468 1079 1520 καὶ
1135 1469 1372 1539 Χριστὸν
1419 1469 1697 1538 λέγεσθαι,
1729 1471 1820 1524 τὸν

232 1559 417 1611 ἐκεῖσε
441 1556 497 1608 δὲ
530 1555 702 1610 αίῶνα
743 1554 1150 1627 κεκληρῶσθαι.
1178 1558 1476 1628 Ἐρχεσθαι
1501 1559 1557 1612 δὲ
1586 1559 1820 1613 ἐνταῦθα

230 1650 326 1702 ὅτε
382 1647 654 1718 βούλεται,
707 1647 782 1710 ῶς
827 1647 922 1700 καὶ
966 1649 1024 1701 ἐν
1073 1647 1154 1718 τῷ
1200 1648 1370 1720 Ἀδὰμ
1399 1645 1552 1722 ἦλθε,
1584 1651 1821 1715 καὶτοῖς

1926 496 2099 550 usque
2125 482 2291 547 diem,
2325 483 2418 552 qui
2449 483 2570 553 ejus
2602 500 2843 540 errorem
2878 487 3052 540 secuti
3104 495 3254 552 sunt,
3305 489 3503 544 animis

1921 586 2110 626 eorum
2176 571 2233 625 in
2299 571 2540 627 absurda
2598 587 2661 626 ac
2720 573 2976 643 perplexa
3033 575 3189 643 127
3251 573 3500 644 quaedam

1922 661 2202 730 abreptis,
2233 661 2350 714 'alii
2403 661 2564 715 aliter
2611 661 2678 716 de
2725 661 2946 737 Christo
2997 663 3370 731 pronuntiant.
3427 664 3502 716 Ac

1921 753 2190 822 suspicari
2238 766 2372 806 sane
2423 751 2570 816 licet,
2601 751 2670 805 ab
2714 767 2781 806 eo
2835 760 3081 820 tempore
3122 767 3233 821 quo
3289 767 3346 806 se
3393 751 3506 822 illis

1920 842 2137 899 Elxans
2167 843 2419 912 adiunxit
2449 841 2624 896 falsus
2650 843 2870 912 quidam
2905 845 3192 913 propheta,
3229 844 3321 914 qui
3359 843 3500 914 apud

1923 928 2258 1000 Sampsenos
2286 937 2342 984 et
2371 927 2616 985 Ossenos
2646 941 2811 1000 atque
2839 929 3140 986 Elcessaos
3172 933 3402 995 exstitit,
3433 933 3502 986 ah

1918 1018 2112 1072 eodem
2169 1017 2394 1073 edoctos
2444 1018 2740 1074 conﬁctum
2775 1019 2844 1075 de
2895 1020 3118 1076 Christo
3171 1037 3234 1076 ac
3293 1022 3504 1092 Spiritu

1917 1118 2110 1164 sancto
2139 1107 2327 1164 nescio
2354 1108 2487 1180 quid
2526 1109 3030 1181 eﬁutirecoepisse.
3072 1111 3331 1166 Nonnulli
3358 1113 3502 1168 enim

1917 1214 1984 1253 ex
2025 1197 2092 1254 iis
2123 1197 2392 1254 Adamum
2442 1199 2616 1254 fuisse
2663 1201 2943 1257 Christum
2992 1202 3314 1272 pradicant,
3348 1205 3502 1258 illum

1917 1285 2138 1356 inquam
2163 1285 2450 1352 Adamum,
2480 1287 2573 1357 qui
2605 1287 2816 1357 primus
2843 1304 2873 1342 a
2903 1288 3012 1343 Deo
3046 1289 3320 1345 formatus
3363 1291 3506 1360 ejusc

1917 1375 2041 1430 dem
2075 1383 2160 1431 est
2189 1377 2464 1432 animatus
2493 1377 2695 1432 aﬁlatn.
2725 1379 2831 1433 Alii
2859 1395 2888 1434 e
2912 1381 3053 1434 calo
3078 1380 3357 1435 Christum
3383 1396 3507 1436 esse

1917 1463 2273 1529 conﬁtentur,
2317 1465 2413 1520 sed
2461 1473 2588 1520 ante
2620 1467 2803 1520 omnia
2833 1476 3103 1532 creatum,
3136 1483 3202 1522 ae
3243 1470 3502 1538 spiritum

1918 1573 2042 1613 esse
2060 1557 2375 1628 quemdam,
2407 1559 2723 1629 angelisque
2751 1567 3032 1629 praestare,
3066 1569 3232 1631 atque
3260 1562 3504 1615 omnium

1922 1663 2108 1702 rerum
2163 1647 2506 1703 dominatum
2557 1655 2766 1715 tenere,
2827 1651 3088 1720 appellari
3131 1667 3296 1721 porro
3347 1651 3505 1706 Chri-

231 1738 608 1810 πατριάρχαις
663 1736 916 1804 ἐφαίνετο
967 1736 1288 1806 ἐνδυόμενος
1337 1737 1399 1790 τὸ
1448 1737 1644 1808 σῶμα·
1682 1739 1820 1810 πρὸς

1923 1748 2088 1796 stum.
2123 1740 2228 1806 Qui
2258 1757 2381 1796 cum
2417 1749 2734 1811 perpetuam
2765 1742 2876 1797 illic
2910 1743 3302 1798 habitationem
3336 1743 3506 1799 sorti-

243 1830 502 1902 Ἀϐραάμ
549 1846 612 1882 τε
657 1827 828 1881 ἐλθὼν
871 1829 966 1882 καὶ
1011 1827 1199 1882 Ἰσαὰκ
1228 1828 1323 1882 καὶ⁵
1364 1828 1577 1893 Ἰακὼϐ,
1611 1830 1820 1894 ὁαύτδς

229 1924 321 1976 ἐπ’
377 1922 623 1992 ἐσχάτων
683 1921 790 1974 τῶν
845 1920 1067 1992 ἡμερῶν
1097 1916 1249 1990 ἦλθε,
1279 1921 1374 1974 καὶ
1402 1923 1534 1975 αὐτὸ
1573 1921 1635 1974 τὸ
1663 1921 1821 1992 σῶμα

228 2014 326 2068 τοῦ
358 2013 531 2084 Ἀδὰμ
552 2013 858 2079 ἐνεδύσατο,
880 2013 974 2065 καὶ
997 2010 1153 2083 ὢφθη
1179 2012 1274 2066 ἄνθ
1285 2030 1483 2084 ρωπος,
1512 2014 1605 2066 κα)⁸
1627 2015 1819 2066 ἐσταυο

233 2105 409 2178 ρώθη,
441 2105 533 2159 καὶ
553 2105 773 2176 ἀνέστη,
793 2105 888 2160 καὶ⁹
918 2104 1168 2176 ἀνῆλθεν.
1195 2105 1364 2158 Πάλιν
1389 2106 1445 2159 δὲ
1473 2106 1562 2158 ὅτε
1601 2104 1820 2175 βούλον-

228 2214 323 2251 ται
373 2195 645 2264 λέγουσιν,
675 2196 830 2266 Οὐχὶ,
863 2195 1000 2250 ἀλλά
1023 2198 1104 2259 εἰς
1149 2196 1316 2249 αὐτὸν
1343 2192 1473 2268 ἦλθε
1493 2197 1555 2249 τὸ
1570 2196 1818 2268 Πνεῦμα,

231 2289 370 2357 ὅπερ
402 2288 552 2340 ἐστὶν
583 2288 612 2340 6
639 2287 893 2358 Χριστὸς,
923 2288 1018 2341 καὶ
1057 2286 1346 2341 ἐνεδύσατο
1388 2287 1551 2342 αὐτὸν
1584 2287 1678 2342 τὸν
1717 2289 1822 2358 Ἰη-

232 2379 365 2433 σοῦν
398 2378 753 2450 καλούμενον.
804 2379 914 2432 Καὶ
963 2378 1132 2450 πολλὴ
1163 2380 1294 2450 παρ’
1319 2379 1504 2443 αὐτοῖς
1535 2380 1818 2448 σκότωσις,

230 2469 418 2522 ἄλλοθι
465 2468 641 2533 ἄλλως
694 2470 788 2522 καὶ
831 2471 1007 2533 ἄλλως
1043 2471 1205 2524 αὑτὸν
1238 2471 1670 2542 ὑποτιθεμένοις.
1709 2472 1822 2524 Καὶ

230 2559 481 2630 δέχονται
508 2558 607 2630 μὲν
631 2558 726 2612 καὶ
753 2559 906 2612 αὐτοὶ
921 2559 982 2612 τὸ
1003 2558 1146 2612 κατὰ
1161 2557 1440 2612 Ματθαῖον
1468 2557 1817 2626 Εύαγγὲλιον⁹

229 2650 410 2721 τούτῳ
455 2650 566 2722 γάρ
604 2651 702 2704 καὶ
750 2650 926 2715 αὐτοὶ,
985 2649 1061 2714 ῶς
1118 2651 1213 2702 καὶ¹
1263 2651 1313 2702 oi
1361 2648 1503 2702 κατά
1548 2647 1822 2719 Κήρινθον

231 2741 476 2813 χρῶνται
511 2742 657 2812 μόνῳ
687 2759 698 2771 ·
729 2739 954 2794 καλοῦσι
979 2740 1037 2793 δὲ
1063 2739 1196 2793 αὐτὸ
1228 2739 1370 2793 κατά
1407 2737 1712 2810 Ἐϐραίους,
1744 2737 1821 2801 ὡς

229 2834 303 2888 τὰ
326 2833 504 2904 άληθῆ
535 2835 683 2886 ἐστιν
707 2834 902 2897 εἰπεῖν,
931 2833 1012 2886 ὅτι
1039 2831 1316 2896 Ματθαῖος
1347 2830 1507 2902 μόνος
1537 2829 1818 2901 Ἐϐραϊστὶ

230 2925 328 2978 καὶ
393 2923 705 2994 Ἑϐραϊκοῖς
763 2921 1086 2992 γράμμασιν
1139 2922 1198 2974 ἐν
1250 2923 1316 2991 τῇ
1361 2919 1533 2991 Καινῇ
1574 2918 1820 2992 Διαοήκῃ

231 3015 530 3085 ἐποιήσατο
582 3014 682 3085 τὴν
736 3013 829 3066 τοῦ
869 3011 1198 3081 Εὐαγγελίου
1233 3010 1450 3064 ἔκθεσιν
1481 3027 1540 3064 τε
1590 3010 1685 3064 καὶ
1718 3011 1821 3080 κή-

1923 1842 2012 1889 tus
2053 1835 2142 1899 sit,
2193 1835 2409 1904 quoties
2452 1835 2674 1891 libuerit
2723 1836 2781 1890 in
2829 1837 2945 1892 hac
2981 1837 3165 1892 inﬁma
3213 1839 3506 1904 delabitur,

1924 1922 2379 1990 quemadmodum
2416 1923 2471 1977 in
2505 1923 2714 1977 Adamo
2744 1923 3022 1980 descendit
3059 1934 3112 1980 et
3175 1927 3505 1996 patriarchis

1922 2027 2150 2082 corpore
2180 2013 2554 2070 circumfusus
2587 2015 2873 2084 apparuit;
2906 2017 3053 2071 velut
3083 2032 3206 2072 cum
3240 2018 3305 2072 ad
3333 2018 3481 2072 Abra

1923 2104 2170 2172 hamum,
2202 2103 2472 2168 lsaacuni,
2501 2113 2554 2160 et
2577 2103 2840 2160 Iacobum
2885 2109 3040 2163 adiit.
3093 2107 3238 2163 Idem
3273 2109 3505 2179 denique

1923 2199 2220 2268 postremis
2255 2197 2594 2268 temporibus
2646 2199 2815 2262 venit,
2862 2198 3056 2253 Adami
3107 2215 3339 2269 corpore
3375 2216 3502 2254 con-

1922 2296 2124 2351 tectus,
2153 2297 2207 2343 et
2237 2288 2403 2342 homo
2430 2288 2583 2342 visus
2617 2295 2722 2352 est,
2774 2289 2831 2342 in
2884 2303 3104 2344 crucem
3136 2289 3385 2344 sublatus
3415 2306 3502 2346 re-

1921 2377 2181 2445 surrexit,
2209 2385 2263 2432 et
2295 2376 2540 2432 ascendit
2571 2377 2626 2432 in
2657 2377 2880 2432 calum.
2919 2378 3136 2436 Rursus
3163 2381 3253 2436 ubi
3287 2381 3502 2436 libuerit

1923 2469 1998 2522 ita
2036 2483 2158 2524 sese
2201 2483 2313 2522 rem
2348 2467 2550 2522 habere
2581 2477 2818 2537 negant;
2871 2469 2928 2522 in
2974 2485 3207 2539 eumque
3240 2471 3504 2524 duntaxat

1923 2573 2046 2615 sese
2080 2567 2332 2612 sanctum
2361 2555 2629 2612 infudisse
2659 2556 2948 2627 Spiritum,
2977 2559 3070 2628 qui
3094 2569 3179 2614 est
3206 2576 3324 2631 Ipse
3351 2544 3504 2615 Chri-

1921 2657 2075 2713 stus,
2143 2663 2380 2718 eumque
2439 2647 2534 2718 qui
2581 2646 2745 2704 Jesus
2804 2657 3035 2704 vocatus
3093 2655 3178 2705 est
3234 2651 3503 2709 induisse.

1923 2737 2290 2803 Quamobrem
2319 2736 2648 2793 densissima
2681 2737 2928 2806 quadam
2957 2737 3066 2794 illis
3093 2746 3177 2794 est
3209 2739 3383 2795 oﬁ‘usa
3412 2756 3503 2796 ca-

1922 2829 2050 2898 ligo,
2084 2827 2216 2882 dum
2249 2825 2388 2884 alias
2418 2827 2579 2882 aliter
2623 2827 2693 2882 de
2724 2827 2946 2884 Christo
2968 2830 3226 2901 opinione
3254 2847 3355 2886 sua
3386 2841 3504 2886 sta-

1925 2928 2108 2973 tuunt.
2160 2918 2338 2990 Atque
2395 2920 2751 2990 Evangelium
2805 2921 2880 2975 illi
2932 2922 3152 2991 quidem
3202 2924 3504 2979 secundum

1925 3011 2238 3066 Matthaum
2267 3010 2588 3076 admittunt,
2621 3027 2731 3082 quo
2763 3013 2881 3067 solo
2913 3012 3390 3072 Cerintbianorum
3421 3017 3504 3072 vel

233 3123 438 3178 ρυγμα.
477 3105 617 3175 Ἤδη
645 3105 701 3158 δέ
725 3121 829 3157 που
853 3104 946 3156 καί
968 3121 1112 3166 τινες
1145 3103 1304 3157 πάλιν
1333 3101 1560 3171 ἔφασαν,
1585 3102 1678 3154 καὶ
1709 3101 1815 3154 ἀπὸ

1928 3101 2419 3156 Merinthianorum
2466 3101 2643 3156 instar
2690 3111 2940 3170 utuntur,
2985 3105 3149 3176 idque
3195 3108 3375 3178 ipsum
3419 3123 3503 3164 se-

229 3199 331 3268 τῆς
368 3196 686 3267 Ἑλληνικῆς
710 3195 984 3248 διαλέκτου
1019 3195 1112 3247 καὶ
1141 3194 1203 3246 τὸ
1235 3193 1376 3248 κατά
1424 3194 1679 3264 Ἰωάννην
1720 3209 1816 3263 με-

229 3287 506 3358 ταληφθέν
533 3286 792 3358 Ἐϐραῖδα
822 3285 1158 3356 ἐμφέρεσθαι
1192 3287 1250 3338 ἐν
1281 3287 1390 3348 τοῖς
1409 3285 1518 3338 τῶν
1555 3283 1819 3339 Ἰουδαίων

230 3375 682 3446 γαζοφυλακίοις,
729 3376 872 3445 φημὶ
905 3375 962 3428 δὲ
995 3378 1108 3438 τοῖς
1165 3377 1222 3427 ἐν
1265 3374 1563 3442 Τιϐεριάδι,
1597 3375 1691 3428 καὶ
1735 3375 1822 3427 ἐν·

228 3464 556 3519 ἀποκεῖσθαι
577 3465 635 3517 ὲν
664 3463 1024 3534 ἀποκρύφοις,
1047 3463 1122 3527 ὥς
1135 3481 1277 3527 τινες
1293 3464 1402 3518 τῶν
1424 3465 1532 3518 ἀπὸ
1546 3464 1815 3518 Ἰουδαίων

231 3555 686 3609 πεπιστευκότων
736 3556 1090 3626 ὑφηγήσαντο
1123 3557 1256 3626 ἡμῖν
1302 3555 1444 3610 κατὰ
1491 3556 1816 3626 λεπτότητα.

229 3650 308 3702 οὐ
336 3648 443 3719 μὴν
473 3648 612 3702 ἀλλὰ
650 3648 744 3701 καὶ
795 3648 904 3700 τῶν
951 3647 1211 3717 Πράξεων
1243 3647 1351 3700 τῶν
1379 3647 1693 3701 ἀποστόλων
1724 3645 1822 3718 τὴν

231 3742 413 3812 βίϐλον
447 3740 716 3804 ὡσαύτως
746 3741 854 3794 ἀπὸ
893 3739 1143 3804 Ἑλλάδος
1179 3738 1431 3810 γλώσσης
1457 3740 1535 3802 είς
1565 3738 1822 3810 Ἐϐραϊδα

229 3831 669 3905 μεταϐληθεῖσαν
698 3832 856 3900 λόγος
881 3831 1016 3902 ἔχει,
1048 3831 1142 3885 κα)⁵
1171 3832 1350 3882 ἐκεῖσε
1385 3826 1598 3882 κεῖσθαι
1619 3829 1676 3881 ἐν
1709 3831 1822 3892 τοῖς

226 3925 685 3994 γαζοφυλακίοις,
717 3925 792 3988 ὡς
839 3926 934 3978 καὶ
977 3924 1083 3978 ἀπὸ
1110 3923 1304 3978 τούτου
1330 3921 1456 3985 τοὺς
1483 3920 1817 3990 ἀναγνόντας

240 4014 534 4078 Ἰουδαίους
583 4015 711 4078 τοὺς
767 4016 899 4086 ἡμῖν
948 4012 1408 4086 ὑφηγησαμένους
1463 4013 1543 4075 είς
1586 4011 1818 4083 Χριστὸν

227 4106 688 4162 πεπιστευκέναι.

1921 3192 2165 3247 cundum
2206 3191 2467 3248 Hebraeos
2502 3193 2799 3262 appellant.
2853 3195 3067 3249 Etenim
3100 3211 3227 3251 vere
3260 3196 3503 3252 illudaf-

1919 3285 2138 3337 ﬁrmare
2171 3297 2488 3353 possumus,
2517 3298 2682 3336 unum
2730 3299 2798 3339 ex
2841 3284 3097 3340 omnibus
3138 3284 3272 3340 Novi
3311 3285 3502 3341 Testa-

1918 3375 2086 3430 menti
2121 3374 2484 3446 scriptoribus
2530 3373 2840 3430 Matthaum
2875 3375 3158 3446 Hebraice,
3195 3392 3258 3432 ac
3306 3377 3502 3434 litteris

1920 3467 2200 3523 Hebraicis
2243 3468 2616 3538 evangelicam
2652 3469 2937 3524 historiam
2970 3469 3231 3525 texuisse.
3266 3468 3375 3524 Nec
3411 3470 3502 3540 de-

1919 3558 2072 3614 fuere
2099 3558 2194 3629 qui
2233 3558 2302 3614 de
2330 3557 2561 3615 Joannis
2591 3558 2888 3631 Erangelio
2923 3559 3335 3627 conﬁrmarent,
3371 3561 3502 3616 illud

1919 3646 2186 3703 llebraice
2214 3648 2539 3703 translatum
2583 3647 2872 3704 Tiberiade
2906 3649 2960 3703 in
2986 3648 3301 3704 Judaorum
3343 3665 3501 3721 gazo-

1917 3739 2182 3810 phylaciis
2211 3739 2507 3805 asservari,
2541 3747 2596 3794 et
2638 3739 2693 3793 in
2743 3740 3134 3810 secretiorilws
3178 3740 3502 3811 quibusdam

1919 3825 2296 3900 penetralibus
2332 3829 2559 3884 recondi
2592 3846 2606 3881 :
2640 3829 2692 3882 id
2733 3831 2878 3898 quod
2924 3832 3172 3885 nonnulli
3218 3832 3373 3896 mihi,
3409 3831 3500 3901 qui

1922 3937 1982 3977 se
2015 3918 2084 3974 ad
2109 3919 2317 3974 Christi
2345 3918 2504 3973 ﬁdem
2531 3933 2561 3973 e
2585 3915 2874 3973 Judaismo
2900 3920 3316 3987 transtulerant,
3340 3934 3498 3974 accu-

1921 4012 2200 4068 ratissime
2250 4011 2624 4066 declararunt.
2674 4008 2787 4065 lmo
2817 4017 2872 4064 et
2922 4009 3289 4079 apostolorum
3333 4009 3500 4068 Actus

1923 4103 1980 4157 in
2042 4100 2374 4156 Hebraicum
2445 4113 2754 4154 sermonem
2830 4097 3052 4168 perinde
3123 4111 3420 4153 conversos
3473 4114 3500 4154 ε

222 4200 420 4255 Graco
463 4197 660 4254 iisdem
709 4198 766 4252 in
815 4197 1091 4254 thesauris
1131 4198 1320 4254 haberi
1360 4198 1656 4254 multorum
1702 4209 1956 4253 sermone
1985 4194 2298 4265 percrebuit
2343 4191 2484 4263 :qui
2536 4191 2695 4247 nobis
2759 4191 2864 4246 ista
2917 4189 3216 4245 narrabant
3264 4189 3498 4245 indidem

221 4289 562 4346 Christiana
601 4289 996 4359 amplectenda
1040 4290 1164 4346 ﬁdei
1206 4291 1555 4347 occasionem
1592 4297 1942 4358 acceperunt.

298 4385 372 4436 A'.
406 4378 522 4435 Ἦν
558 4381 616 4434 δέ
651 4399 737 4446 τις
761 4383 942 4436 αὐτῶν
975 4381 1257 4454 Ἰώσηπος,
1279 4383 1425 4454 ούχό
1447 4383 1814 4454 συγγραφεὺς,
1847 4387 1897 4446 D

221 4476 326 4528 καὶ
371 4475 813 4546 ἱστοριογράφος,
842 4477 934 4528 καὶ
962 4475 1190 4539 παλαιὸς
1229 4477 1458 4540 ἐκεῖνος,
1501 4475 1616 4530 ἀλλ’
1643 4477 1672 4528 6
1708 4475 1830 4529 ἀπὸ·

222 4565 569 4638 Τιϐεριάδος,
596 4567 624 4618 6
653 4566 711 4620 ἐν
740 4568 949 4640 χρόνοις
967 4567 1061 4620 τοῦ
1082 4568 1386 4639 μακαρίτου
1407 4567 1814 4622 Κωνσταντίνου

221 4655 322 4708 τοῦ
350 4654 794 4724 βασιλεύσαντος,
826 4655 919 4708 τοῦ
943 4656 1200 4728 γέροντος
1222 4673 1236 4686 ⁸
1261 4657 1321 4722 ὃς
1368 4660 1463 4713 καὶ
1493 4660 1623 4730 παρ’
1646 4657 1814 4711 αὐτοῦ

221 4745 323 4799 τοῦ
359 4745 630 4816 βασιλέως
679 4746 989 4818 ἀξιώματος
1034 4750 1290 4820 κομήτων
1328 4749 1507 4822 ἔτυχε,
1543 4751 1638 4804 καὶ
1660 4749 1815 4814 ἐξου-

226 4839 351 4891 σίαν
379 4839 606 4906 εἴληφεν
640 4841 698 4892 ἐν
729 4840 796 4910 τῇ
832 4839 968 4910 αὐτῇ
999 4838 1274 4910 Τιϐεριάδι
1321 4841 1647 4914 Ἐκκλησίαν
1680 4843 1813 4912 Χριο

225 4929 341 4996 στῷ
395 4928 637 5000 ἱδρῦσαι,
687 4931 782 4982 καὶ
813 4932 871 4983 ἐν
920 4932 1324 5003 Διοκαισαρείᾳ,
1369 4934 1463 4986 καὶ
1493 4935 1552 4987 ἐν
1586 4935 1813 5004 Καπερ-

225 5019 424 5088 ναοὺμ,
460 5019 557 5070 καὶ
589 5022 710 5082 ταῖς
742 5019 930 5084 ἄλλαις
949 5039 962 5052 ·
1002 5021 1062 5086 ὃς
1088 5023 1182 5076 καὶ
1215 5023 1386 5077 πολλά
1425 5025 1693 5079 πέπονθεν
1723 5027 1814 5079 ὑπ’

223 5107 410 5159 αὐτῶν
449 5107 562 5160 τῶν
627 5109 917 5174 Ἰουδαίων,
973 5113 1102 5184 πρὶν
1145 5112 1288 5184 ἢτῷ
1315 5115 1532 5167 Βασιλεῖ
1584 5117 1814 5186 ἐμφανι-

222 5199 447 5268 σθῆναι.
509 5191 680 5264 Οὗτος
731 5197 844 5272 γὰρ
891 5205 920 5256 6
975 5203 1234 5274 Ἰώσηπος
1279 5207 1387 5260 τῶν
1445 5209 1574 5278 παρ’
1634 5208 1815 5272 αὐτοῖς

222 5290 625 5362 ἀξιωματικῶν
680 5293 889 5364 ἀνδρῶν
947 5297 1260 5368 ἐναρίθμιος
1289 5293 1378 5368 ἦν.
1420 5301 1542 5352 Εἰσὶ
1581 5300 1638 5352 δὲ
1669 5295 1814 5355 οῦτοι

225 5382 368 5452 μετά
418 5380 515 5432 τὸν
565 5383 912 5453 πατριάρχην
966 5385 1076 5455 (14)
1122 5385 1408 5439 ἀπόστολοι
1455 5387 1810 5457 καλούμενοιο

302 5516 315 5544 ¹
358 5512 419 5567 F.
449 5514 784 5586 Σαμψηνοῖς.

299 5619 413 5696 (l6)
462 5622 598 5696 εἰσὶ
643 5622 710 5674 δὲ
754 5619 915 5679 οὗτοι
951 5625 1101 5693 μετὰ
1126 5625 1230 5677 τὸν
1253 5627 1638 5696 πατριάρχην.
1681 5627 1812 5682 Tam

227 5693 724 5762 patriarcharum,
779 5710 936 5762 quam
993 5693 1376 5764 apostolorum
1411 5693 1701 5767 dignitates
1751 5715 1814 5754 ac

2007 4379 2115 4459 Ν..
2142 4379 2272 4434 Fuit
2316 4393 2383 4433 ex
2434 4377 2656 4431 illorum
2696 4389 2925 4459 numero
2969 4374 3250 4446 Josephus-
3280 4377 3498 4447 quidam

1919 4488 2027 4528 non
2059 4471 2304 4526 historia
2333 4469 2424 4523 ille
2462 4467 2698 4537 scriptor
2736 4467 2899 4538 128
2943 4469 3229 4537 antiquus,
3274 4469 3368 4523 sed
3409 4468 3496 4522 Ti-

1919 4563 2264 4620 beriadensis
2297 4563 2456 4625 alter,
2489 4560 2582 4631 qui
2630 4561 2801 4616 beata
2846 4561 3126 4617 memoria
3153 4560 3504 4618 Constantini

1919 4656 2152 4712 senioris
2183 4654 2530 4725 imperatoris
2571 4661 2733 4709 atate
2771 4653 2910 4708 vixit
2941 4670 2954 4707 :
2989 4667 3020 4706 a
3058 4667 3169 4721 quo
3200 4651 3365 4706 etiam
3397 4650 3508 4706 Co-
3599 4679 3612 4684 -

1919 4747 2161 4802 mitivam
2194 4747 2424 4817 accepit,
2458 4762 2582 4802 cum
2611 4762 2674 4802 ea
2712 4752 3007 4816 potestate,
3035 4750 3097 4798 ut
3129 4759 3254 4798 eum
3287 4745 3341 4798 in
3368 4743 3510 4798 urbe

1918 4842 2034 4911 ipsa
2049 4839 2376 4906 Tiberiadis,
2406 4847 2520 4893 tum
2564 4837 2940 4899 Diocasarea,
2966 4835 3379 4906 Capharnaumi
3436 4850 3501 4890 ac

1918 4932 2114 4987 vicinis
2160 4931 2288 4986 aliis
2338 4930 2394 4984 in
2429 4929 2644 4999 Oppidis
2688 4927 2968 4982 Ecclesias
3001 4928 3056 4980 in
3089 4927 3298 4981 Christi
3329 4928 3502 4981 hono-

1918 5038 2030 5078 rem
2059 5029 2385 5078 exstrueret.
2423 5021 2526 5086 Qui
2559 5019 2778 5089 quidem
2808 5017 3127 5088 priusquam
3159 5018 3225 5070 ad
3257 5017 3498 5087 impera-
3607 5043 3616 5050 ι

1918 5114 2056 5169 toris
2094 5112 2348 5166 notitiam
2398 5109 2758 5180 pervenisset,
2806 5107 3213 5178 quamplurima
3259 5106 3328 5160 ab
3364 5107 3500 5178 ipsis

1915 5199 2120 5255 Judais
2143 5209 2229 5256 est
2257 5214 2476 5269 passus.
2523 5198 2735 5254 Etenim
2763 5197 2854 5251 hic
2885 5197 3002 5266 ipse
3035 5194 3308 5266 Josephus
3333 5213 3398 5252 ex
3431 5197 3500 5252 il-

1918 5295 2095 5348 lorum
2121 5300 2241 5347 erat
2269 5291 2483 5355 ordine,
2519 5292 2610 5362 qui
2649 5291 2789 5362 apud
2821 5289 3039 5344 Judaos
3076 5289 3375 5360 principem
3425 5291 3499 5346 lo-

1918 5399 2040 5438 cum
2082 5381 2368 5452 dignitatis
2409 5381 2657 5436 obtincnt
2688 5399 2700 5435 :
2729 5395 2869 5451 quos
2916 5379 3137 5451 quidem
3191 5379 3492 5434 secundum

1917 5629 2179 5685 vocabula
2213 5629 2355 5699 apud
2397 5627 2615 5684 Judaos
2643 5628 2860 5682 nonnisi
2887 5635 3022 5699 post
3041 5627 3191 5699 nrb_is
3216 5623 3486 5699 excidium

1918 5711 2176 5770 usurpata
2226 5692 2495 5757 videntur.
2535 5699 2608 5754 De
2641 5692 2969 5770 patriarchis
3014 5698 3067 5751 in
3116 5692 3326 5748 Theod.
3362 5695 3488 5746 cod.
