3946 6074
509 221 609 280 411

1887 206 1945 265 S.
1986 201 2329 260 EPlPilANll

3666 188 3773 246 ΗΞ

514 331 880 407 patriarcham
936 327 1215 400 apostolos
1260 325 1567 380 nominant.
1614 323 1871 379 Assident
1901 322 1958 376 hi
1992 337 2089 393 pa-

2209 317 2613 391 τροσεδρεύουσι
2652 308 2708 369 δὲ
2738 313 2815 385 τῷ
2852 310 3183 384 πατριάρχῃ,
3202 308 3299 363 καὶ
3340 308 3438 407 σὺν
3462 305 3614 376 αὐτῷ
3638 311 3775 359 πολ-

513 425 772 481 triarchm
813 431 868 479 et
928 436 1051 476 cum
1085 435 1150 476 eo
1185 418 1381 487 ‘saepius
1417 415 1511 470 diu
1557 421 1831 485 noctuque
1863 427 2089 468 versan-

517 523 609 570 tur
640 532 656 570 ι
689 512 836 584 quod
873 510 1048 566 eidem
1099 524 1130 562 a
1169 506 1416 563 consiliis
1460 504 1592 568 sint,
1642 518 1706 558 ac
1752 504 1817 558 de
1849 502 1918 559 iis
1952 501 2092 557 refe-

520 613 663 670 rant,
694 618 813 675 qua:
857 601 921 655 ad
975 601 1142 670 legem
1194 597 1465 668 pertinere
1513 592 1783 650 videntur.
1814 592 1943 646 Erat
1976 600 2090 647 tum

521 695 846 768 patriarclne
897 706 1094 745 nomen
1131 683 1286 768 Ellel.
1328 688 1429 759 (lla
1489 688 1637 744 enim
1687 693 1742 741 et
1781 700 1810 740 a
1857 683 2093 753 Josepho

516 786 790 841 nominari
840 782 1064 838 solitum
1107 779 1364 842 arbitror,
1415 777 1522 833 nisi
1572 791 1659 831 me
1708 777 1779 831 ob
1828 774 2093 844 temporis

518 877 971 948 longinquitatem
1021 872 1157 926 fallit
1185 868 1495 940 memoria.)
1536 868 1585 923 Is
1617 882 1647 922 e
1686 871 1856 937 stirpe
1892 864 2094 919 Gama-

517 968 662 1024 lielis
703 966 969 1037 originem
1021 970 1280 1028 traxerat,
1328 960 1421 1031 qui
1470 957 1902 1029 patriarchatum
1951 955 2095 1027 apud

517 1059 643 1115 illos
672 1056 867 1111 tenuit.
906 1051 1079 1118 Quem
1127 1052 1291 1105 etiam
1344 1046 1609 1117 suspicari
1660 1047 1856 1100 merito
1901 1061 2097 1116 possu-

521 1165 669 1213 mus,
704 1154 766 1202 ut
807 1161 838 1199 a
889 1143 1162 1214 plerisque
1191 1141 1464 1211 proditum
1512 1145 1617 1203 est,
1664 1152 1695 1193 e
1740 1137 1907 1217 primi
1950 1136 2096 1192 illius

518 1220 839 1292 Gamalielis
870 1248 1070 1304 genere
1096 1245 1220 1286 esse
1254 1236 1599 1299 prognatum,
1632 1224 1726 1295 qui
1759 1226 1863 1280 sub
1886 1224 2095 1280 Christi

522 1328 738 1385 Domini
770 1326 1079 1398 passionem
1111 1330 1302 1377 auctor
1326 1319 1444 1391 ejus
1475 1319 1689 1373 consilii
1732 1316 1934 1373 Judais
1971 1316 2095 1380 fuit,

521 1427 641 1473 uta
678 1415 1070 1489 persequendis
1118 1411 1385 1482 apostolis
1440 1410 1797 1465 abstinerent.
1859 1406 2097 1463 Moriens

520 1506 657 1567 Ellcl
686 1510 924 1565 vicinum
974 1506 1293 1577 episcopum
1331 1501 1705 1559 Tiberiensem
1751 1501 2000 1566 arcessit,
2031 1501 2100 1555 ab

520 1617 695 1673 eoque
721 1601 929 1656 lotione
959 1614 1116 1655 sacra
1153 1597 1255 1653 sub
1285 1597 1410 1650 vitae
1437 1594 1643 1650 exitum
1674 1610 1772 1666 per
1815 1592 2101 1648 medicinae

2189 410 2346 473 λάκις
2383 409 2477 463 καὶ
2511 410 2568 461 ὲν
2605 408 2760 461 νυκτὶ
2802 404 2897 458 καὶ
2927 405 2984 458 ἐν
3013 403 3201 473 ἡμέρᾳ
3236 397 3478 469 συνεχῶς
3502 398 3775 467 διάγουσι,

2191 498 2279 552 διὰ
2333 497 2394 551 τὸ
2430 496 2818 567 συμϐουλεύειν
2871 492 2965 546 καὶ
2999 490 3293 562 ἀναφέρειν
3335 488 3485 559 αὐτῷ
3517 487 3588 541 τά
3630 488 3776 541 κατά

2189 588 2281 641 τὸν
2337 586 2520 659 νόμον.
2568 587 2627 638 Ὀ
2672 584 2728 638 δὲ
2788 582 3134 654 πατριάρχης
3182 581 3302 634 κατ’
3355 580 3535 634 ἐκεῖνο
3577 577 3774 649 καιροῦ

2210 675 2402 744 Ἑλλὴλ
2421 674 2656 745 τοῦνομα
2685 670 2754 746 ἦν
2784 672 3023 744 (νομίζω
3054 670 3182 742 γὰρ,
3207 671 3287 723 ὅτι
3317 669 3490 732 οὕτως
3507 669 3569 721 τὸ
3603 668 3777 738 ὄνομα

2192 766 2355 820 αὑτοῦ
2390 764 2651 837 Ἰώσηπος
2678 765 2884 832 ἔλεγεν,
2918 760 3071 843 εί-μὴ
3103 761 3211 815 ἀπὸ
3243 759 3339 812 τοῦ
3368 759 3563 830 χρόνου
3608 758 3778 827 σφάλ-

2191 856 2397 928 λομαι).
2459 859 2554 911 Ἐκ
2575 857 2763 926 γένους
2783 854 2839 908 δὲ
2870 848 3149 923 Γαμαλιήλ
3176 851 3466 921 ἐτύγχανε,
3500 849 3601 902 τοῦ
3644 852 3774 922 παρ’

2193 948 2375 1011 αὐτοῖς
2403 947 2693 1018 γενομένου
2729 942 3085 1015 πατριάρχου.
3122 942 3277 995 Ἐστι
3318 940 3374 992 δὲ
3399 938 3775 1011 διανοηθῆναι,

2194 1039 2270 1102 ὡς
2309 1038 2403 1091 καὶ
2448 1036 2595 1091 ἄλλοι
2650 1034 2824 1099 οὕτως
2872 1033 3156 1095 ὑπέθεντο,
3205 1030 3394 1085 τοῦτον
3441 1026 3587 1084 εἶναι
3622 1031 3782 1098 γένος

2196 1128 2401 1184 ἐκείνου
2428 1128 2522 1183 τοῦ
2555 1128 2770 1200 πρώτου
2810 1124 2918 1198 (Ιό)
2952 1123 3252 1196 Γαμαλιὴλ,
3283 1121 3379 1175 τοῦ
3413 1122 3511 1174 ἐπὶ
3538 1120 3638 1174 τοῦ
3671 1122 3790 1174 Σωι

2195 1221 2360 1293 τῆρος
2394 1218 2488 1273 τοῦ
2537 1218 2680 1272 κατά
2726 1217 2862 1271 Θεὸν
2906 1215 3407 1287 συμὸουλεύσαντος
3439 1211 3784 1283 ἀποσχέσθαι

2196 1315 2295 1383 τῆς
2328 1311 2469 1373 κατὰ
2516 1309 2627 1364 τῶν
2663 1308 2974 1383 ἀποστόλων
3018 1306 3330 1378 ἐπιϐουλῆς.
3374 1304 3661 1359 Τελευτῶν
3680 1303 3789 1357 ses

2211 1401 2399 1474 Ἐλλὴλ
2455 1401 2654 1471 ἠξίωσε
2703 1398 2794 1453 τὸν
2846 1398 2965 1453 κατ’
3011 1398 3186 1450 ἐκεῖνο
3231 1395 3423 1469 καιροῦ
3477 1396 3788 1449 ἐπίσκοπον

2198 1493 2573 1564 πλησιόχωρον
2592 1492 2692 1563 τῆς
2719 1489 2984 1562 Τιϐερίων
3002 1487 3152 1554 ὄντα,
3182 1487 3277 1541 καὶ
3311 1487 3616 1558 ἐκομίσατο
3651 1486 3789 1559 παρτ

2199 1583 2364 1637 αὑτοῦ
2402 1583 2463 1637 τὸ
2486 1582 2639 1650 ἀγιον
2664 1580 2891 1651 λουτρόν
2916 1580 3009 1633 ἐπὶ
3034 1581 3101 1650 τῇ
3133 1577 3298 1648 ἐξόδῳ
3327 1577 3414 1630 διά
3448 1576 3781 1649 προπράσεως

519 1693 763 1764 speciem
794 1692 1067 1763 expiatur.
1116 1688 1254 1744 Cum
1289 1689 1434 1744 enim
1466 1688 1782 1758 episcopum
1816 1701 1913 1757 per
1948 1684 2102 1741 Jose—

2209 1676 2298 1747 τῆς
2322 1676 2571 1749 ἰατρικῆς
2596 1673 2926 1735 ὑποθέσεως.
2954 1669 3458 1742 Μεταστειλάμενος
3478 1669 3591 1739 γὰρ
3620 1667 3781 1720 αὐτὸν

522 1785 693 1856 phum
753 1783 904 1839 velut
957 1782 1229 1837 medicum
1277 1789 1583 1843 evocassct,
1616 1778 1884 1833 facessere
1917 1777 2100 1856 jussis

521 1853 818 1942 omnibus,
885 1875 1111 1945 supplex
1164 1873 1317 1927 illum
1378 1871 1691 1939 interpellat
1725 1870 1813 1925 his
1870 1853 2095 1926 verbis:

524 1967 721 2033 Qumso
765 1975 837 2031 te,
875 1966 1072 2036 inquit,
1121 1964 1255 2020 mihi
1289 1972 1348 2019 ut
1381 1964 1583 2021 Christi
1639 1964 1855 2036 signum
1906 1963 2105 2034 imper—

522 2061 651 2115 tias.
695 2057 833 2112 Tum
884 2058 1082 2113 accitis
1131 2056 1399 2112 ministris
1442 2072 1637 2127 aquam
1687 2055 1880 2111 inferri
1925 2056 2100 2126 jubet,

524 2157 787 2219 tanquam
815 2147 1102 2217 aegrotanti
1149 2146 1474 2217 patriarcha:
1516 2146 1693 2200 morbi
1727 2144 2001 2215 quoddam
2036 2160 2104 2198 ex

522 2253 669 2308 aqua
718 2239 1018 2293 remedium
1070 2253 1265 2308 parare
1310 2238 1494 2292 vellet.
1552 2235 1635 2290 illi
1685 2235 1819 2306 quid
1866 2244 2106 2291 strueret

521 2327 724 2398 ignari,
760 2325 1031 2397 imperata
1080 2326 1305 2381 faciunt.
1333 2325 1462 2380 inde
1497 2324 1879 2380 verecundiam
1930 2325 2104 2380 simu-

522 2419 673 2485 lans,
703 2425 759 2474 et
810 2418 1100 2473 universos
1153 2418 1303 2473 abire
1327 2417 1528 2488 jubens
1571 2416 1886 2488 patriarcha
1945 2430 2105 2474 sacro

523 2512 854 2584 baptismate
886 2525 953 2566 ac
983 2509 1186 2566 divinis
1216 2509 1495 2581 mysteriis
1527 2508 1775 2563 initiatus
1805 2515 1910 2565 est.

598 2766 662 2824 V.
702 2765 835 2822 Mihi
863 2781 994 2823 vero
1018 2766 1156 2832 haec,
1188 2766 1266 2821 uti
1298 2765 1436 2831 dixi,
1470 2765 1655 2822 omnia
1684 2763 1956 2835 Joscphus
1990 2767 2106 2837 ipse

520 2859 805 2917 narrabat.
864 2856 1016 2921 llaec,
1072 2858 1321 2928 inquam,
1372 2873 1479 2912 non
1543 2857 1763 2911 aliunde
1815 2872 1977 2927 quam
2039 2872 2107 2912 ex

522 2952 760 3023 ipsomet
787 2950 936 3007 illius
961 2964 1057 3005 ore
1090 2950 1279 3014 didici,
1309 2964 1433 3003 cum
1476 2948 1665 3004 aﬂ‘ecta
1699 2951 1811 3019 jam
1841 2960 1998 3004 aetate
2029 2950 2107 3004 fo-

522 3049 632 3106 ret,
677 3056 741 3096 ac
775 3056 880 3095 Ln.
930 3042 1054 3110 plus
1106 3040 1287 3092 minus
1331 3053 1534 3093 annum
1576 3047 1778 3109 ageret.
1828 3039 1910 3090 Ad
1959 3039 2105 3092 hunc

525 3130 841 3204 Scythopoh
861 3131 1330 3200 diverteram,quo
1353 3146 1411 3186 se
1428 3128 1714 3185 Tiberiadc
1743 3130 1831 3184 ille
1855 3129 2106 3184 contule-

523 3233 634 3291 rat,
655 3226 837 3295 ibique
854 3224 1136 3296 splendida
1169 3223 1414 3294 quaedam
1444 3222 1672 3277 aedificia
1693 3222 1796 3277 sibi
1815 3237 2104 3292 compara-

523 3324 701 3372 verat.
748 3314 890 3370 Tum
924 3315 1071 3371 enim
1125 3314 1286 3383 129
1328 3313 1596 3369 Eusebius
1646 3311 2009 3370 Vercellensis
2050 3315 2107 3369 in

526 3407 679 3462 Italia
710 3411 1018 3478 episcOpus,
1047 3420 1076 3460 a
1114 3406 1438 3461 COnstantio
1470 3405 1541 3459 ob
1573 3405 1694 3460 ﬁdei
1743 3407 2105 3476 integritatem

526 3500 779 3555 exsulare
796 3497 1085 3565 jussus,ab
1119 3498 1211 3552 illo
1226 3495 1464 3566 hospitio
1498 3504 1617 3550 erat
1643 3496 2108 3567 exceptus.Cujus

529 3589 805 3647 invisendi
859 3591 1034 3661 gratia
1090 3605 1213 3644 cum
1253 3602 1353 3661 ego
1395 3597 1449 3644 et
1502 3589 1698 3644 fratres
1739 3589 1960 3660 quidam
2016 3589 2105 3643 alii

533 3682 895 3744 venissemus,
958 3680 1149 3737 iisdem
1205 3698 1304 3739 nos
1359 3682 1569 3737 aedibus
1620 3682 1823 3753 recepti
1880 3682 2105 3738 fuimus.

530 3772 638 3829 Ubi
695 3788 820 3828 cum
868 3772 1107 3842 Josepho
1155 3773 1496 3829 familiariter
1548 3775 1769 3839 versati,
1824 3774 1998 3845 deque
2042 3790 2109 3830 eo

530 3864 797 3920 sciscitati
831 3864 962 3936 quid
988 3864 1093 3937 ipsi
1147 3859 1372 3920 demum
1423 3865 1737 3933 accidisset,
1791 3866 1937 3938 quod
1984 3882 2107 3922 eum

530 3956 676 4027 apud
728 3954 946 4012 Judaeos
1008 3956 1276 4010 illustrem
1338 3954 1508 4012 fuisse
1582 3949 1881 4023 sciremus,
1949 3959 2111 4029 quive

529 4055 699 4121 gesta:
727 4051 806 4104 rei
832 4058 978 4105 esset
1003 4047 1160 4113 ordo,
1206 4062 1271 4101 ac
1322 4048 1780 4118 quemadmodum
1828 4051 1897 4105 ad
1949 4051 2108 4105 Chri-

530 4141 742 4199 stianos
791 4142 1117 4206 transisset,
1165 4141 1282 4195 haec
1332 4140 1402 4197 ab
1455 4141 1547 4195 illo
1596 4142 1777 4196 omnia
1829 4142 2110 4199 auditione

609 4294 624 4324 ⁸
652 4291 780 4347 For.
817 4294 884 4346 Βε
895 4293 1139 4363 ρκέλλας.

534 4429 776 4522 ιίὺ;.ξῖξζι
821 4429 1026 4522 ,ξι
1049 4430 1321 4522 frequens
1360 4439 1445 4522 (ξεί
1494 4430 1720 4489 mentio.
1766 4429 1834 4485 Ει
1885 4430 2101 4514 quidem
2136 4448 2179 4503 ι)
2210 4447 2422 4522 ruptos,
2457 4437 2772 4520 Hieronymi
2823 4436 3147 4522 auctoritate
3202 4433 3521 4522 confirmari

533 4500 768 4572 apostoli
821 4500 1160 4572 patriarchae
1177 4504 1323 4557 velut
1371 4516 1681 4557 assessores
1723 4517 1791 4556 ex
1823 4500 2100 4571 communi

532 4569 590 4627 et
622 4569 837 4643 usitata
851 4572 1001 4643 vocis
1024 4572 1245 4626 notione
1266 4572 1401 4643 dicti
1428 4580 1583 4643 sunt,
1611 4574 1756 4643 quod
1789 4572 1855 4626 ad
1884 4569 2105 4641 exigeno

535 4643 636 4697 das
668 4640 1036 4728 ajsmago‘gis
1063 4641 1346 4728 Ape‘cttnias
1392 4641 1598 4728 ab‘illp
1628 4640 2009 4728 "mitterentur,
2048 4652 2106 4698 ut

535 4726 605 4765 ex
630 4708 991 4779 mortem:
1021 4708 1168 4779 patet
1190 4710 1281 4764 lib.
1318 4725 1430 4770 xiv,
1457 4710 1524 4765 de
1554 4710 1774 4766 Judmis.
1806 4713 1909 4776 Qui
1952 4713 2105 4767 locus

537 4778 683 4848 quod
718 4778 1166 4849 adEpiphanium
1196 4779 1576 4833 illustrandum
1610 4781 1857 4849 inprimis
1873 4782 2105 4841 confert.

538 4849 630 4903 hic
658 4848 1019 4923 ascribendus
1044 4856 1127 4904 est
1156 4868 1171 4923 :_
1202 4850 1619 4923 superstitionis,
1638 4848 1850 4923 inquit,
1878 4852 2106 4923 indigna:

536 4927 638 4983 est,
671 4926 732 4993 ιιι
773 4920 1192 4993 archisynagogi,
1227 4921 1332 4975 sive
1357 4919 2013 4993 presby-tert'iludgeorum;
2030 4922 2107 4978 rel

536 5006 664 5056 quos
691 4988 793 5058 ipsi
819 4988 1086 5060 apostolos
1124 4988 1457 5062 'vocant,4qni
1484 4988 1553 5043 ad
1581 4992 1885 5062 exigendum
1916 4988 2105 5048 aurum

539 5069 693 5130 atque
721 5058 994 5134 argentum
1027 5078 1065 5134 (ί
1098 5058 1404 5134 patriarcha
1444 5069 1583 5115 certo
1608 5058 1837 5132 tempore
1868 5063 2109 5134 dirigun-

537 5128 646 5193 tur,
679 5146 712 5183 a
759 5131 979 5204 singulis
1027 5128 1317 5204 Sy’nagagis
1362 5140 1603 5204 exat-tant
1649 5128 1905 5187 summam
1956 5128 2110 5204 atque

538 5200 1545 5275 susceptam'adeumdent'reportent.
1570 5203 1690 5269 Qua
1743 5203 1910 5275 deire
1959 5200 2109 5258 crime

538 5267 792 5343 quidquid
814 5270 1152 5343 considerata
1172 5267 1418 5343 temporis
1441 5267 1644 5327 ratione
1661 5274 1973 5343 conﬁdimus
1995 5291 2107 5328 esse

538 5334 836 5413 offlectam,
875 5339 1211 5413 ﬁdeliteruatl
1259 5334 1801 5413 nostrunrdirigatn'r
1833 5345 2107 5399 wrarium.

542 5403 619 5458 De
643 5414 839 5479 cwtcro
855 5417 1029 5479 autem
1062 5409 1194 5463 nihil
1216 5412 1467 5479 pra’dicta
1489 5403 1815 5467 decernimus
1847 5430 1958 5467 esse
1987 5414 2107 5466 mit-

542 5475 775 5555 tendum.
809 5475 884 5531 De
910 5476 1097 5555 iisdem
1124 5475 1469 5555 patriarchis
1485 5483 1627 5551 quod
1665 5484 1999 5555 Epiphanius
2022 5484 2107 5555 in-

541 5544 707 5625 dicat,
743 5560 853 5625 non
901 5544 1143 5614 delectu,
1166 5547 1261 5625 sed
1289 5544 1519 5625 generis"
1542 5544 2103 5625 successioncdigni.

541 5619 707 5672 tatem
749 5616 998 5687 adeptos,
1030 5631 1093 5674 ac
1131 5616 1452 5691 plerumque
1481 5621 1611 5677 luxu
1646 5638 1711 5681 ac
1742 5618 1952 5680 deliciis
1980 5616 2076 5682 cor

2200 1764 2287 1819 διά
2318 1764 2411 1818 τοῦ
2434 1763 2829 1837 προειρημένου
2876 1762 3164 1832 Ἰωσήπου,
3194 1761 3270 1821 ὡς
3309 1760 3495 1832 ίατρὸν
3525 1760 3782 1827 hamata!

2202 1857 2431 1927 ποιήσας
2488 1856 2698 1919 πάντας
2755 1852 2857 1919 ἔξω
2915 1852 3210 1922 γενέσθαι,
3270 1850 3620 1923 παρεκάλεσε
3693 1850 3789 1904 τὸν

2203 1949 2521 2014 ἐπίσκοπον,
2581 1948 2754 2016 λέγων
2779 1964 2793 1979 ·
2845 1944 3097 2017 Δώρησαί
3149 1961 3237 2015 μοι
3296 1943 3394 2015 τὴν
3446 1946 3504 1997 ὲν
3562 1941 3789 2015 Χριστῷ

2206 2039 2492 2109 σφραγῖδα.
2527 2039 2585 2093 '0
2611 2038 2688 2103 δὲ,
2724 2035 3235 2109 μετακαλεσάμενος
3252 2036 3379 2099 τοὺς
3405 2034 3780 2105 ἐξυπηρετου-

2208 2130 2420 2201 μένους,
2451 2128 2779 2201 προσέταξεν
2799 2129 2943 2201 ὕδωρ
2963 2126 3376 2197 ἑτοιμασθῆναι,
3405 2126 3477 2189 ὼς
3493 2126 3595 2197 τῆς
3627 2126 3780 2179 νόσου

2203 2222 2369 2275 ἕνεκα
2420 2220 2671 2292 βοήθήμά
2724 2238 2776 2274 τι
2830 2219 3160 2293 προσφέρειν
3202 2218 3411 2289 μέλλων
3459 2218 3528 2270 δι’
3577 2218 3781 2271 ὑδάτων

2206 2310 2446 2364 νοσοῦντι
2482 2309 2692 2381 βαρέως
2752 2309 2829 2380 τῷ
2863 2310 3195 2381 πατριάρχῃ.
3232 2309 3293 2360 Οἱ
3326 2306 3381 2360 δὲ
3420 2306 3688 2376 ἐποίησαν
3718 2307 3780 2359 τά

2205 2401 2630 2470 ἐπιτεταγμένα.
2668 2401 2741 2453 Οὐ
2771 2400 2880 2472 γὰρ
2909 2398 3263 2469 ὲγνώκεισαν.
3320 2398 3511 2462 Αἰδοῦς
3536 2399 3594 2453 δὲ
3626 2401 3779 2471 χάριν

2208 2490 2705 2561 προφασισάμενος,
2755 2494 2880 2553 τοὺς
2933 2489 3140 2551 πάντας
3206 2487 3309 2554 ἔξω
3358 2491 3593 2560 ποιήσας
3624 2491 3652 2542 ὁ
3683 2507 3779 2543 πα-

2204 2582 2472 2654 τριάρχης
2517 2581 2612 2635 τοῦ
2656 2581 2881 2654 λουτροῦ
2920 2580 3281 2646 καταξιοῦται
3326 2582 3420 2635 καὶ
3467 2582 3781 2654 μυστηρίων

2208 2670 2401 2738 ἁγίων.

2280 2761 2353 2813 Ε’.
2391 2760 2448 2814 '0
2476 2761 2534 2815 δὲ
2575 2760 2835 2833 Ἰώσηπος
2885 2763 3007 2835 ἐμοὶ
3046 2761 3193 2833 αὐτῷ
3222 2759 3494 2834 διηλέχθη.
3541 2762 3637 2819 Ἐκ
3669 2761 3780 2814 στό-

2210 2868 2377 2922 ματος
2404 2851 2513 2923 γάρ
2554 2851 2718 2904 αὐτοῦ
2767 2853 2980 2923 ἀκήκοα
3008 2854 3185 2906 πάντα
3210 2852 3403 2914 ταῦτα,
3428 2852 3523 2904 καὶ
3551 2853 3652 2904 οὐκ
3681 2851 3782 2905 ἀπὸ

2208 2942 2368 2997 ἄλλου
2400 2943 2566 3007 τινὸς,
2598 2943 2655 2996 ὲν
2684 2947 2749 3015 τῇ
2780 2944 3024 3016 γηραλέα
3070 2943 3232 2998 αὐτοῦ
3283 2943 3486 3014 ἡλικίᾳ,
3535 2943 3613 3006 ὡς
3664 2945 3808 3011 περί-

2208 3051 2309 3087 που
2332 3034 2466 3087 ἐτῶν
2491 3035 2860 3106 ἑϐδομήκοντα
2888 3035 3173 3103 γεγονότος
3198 3033 3382 3096 αὑτοῦ,
3414 3033 3447 3104 ἢ
3480 3035 3577 3086 καὶ
3601 3033 3781 3087 πλειό-

2207 3144 2332 3180 νων.
2371 3126 2506 3197 Παρ¹
2550 3126 2697 3196 αὑτῷ
2720 3125 2828 3197 γὰρ
2853 3125 3132 3197 κατήχθην
3155 3127 3210 3178 ἐν
3238 3124 3595 3178 Σκυθοπόλει’
3630 3143 3781 3197 μετα-

2211 3216 2342 3279 στὰς
2365 3216 2473 3287 γάρ
2501 3217 2600 3286 τῆς
2633 3215 2969 3286 Τιϐεριάδος,
3000 3215 3203 3279 κτίσεις
3225 3217 3342 3268 ἐκεῖ
3364 3216 3422 3268 ὲν
3454 3216 3781 3269 Σκυθοπόλει

2206 3306 2485 3376 διαφανεῖς
2520 3308 2809 3379 ἐκτήσατο.
2855 3308 2943 3360 Ἐν
2984 3308 3092 3377 γάρ
3129 3309 3195 3378 τῇ
3230 3306 3377 3376 οἰκία
3408 3306 3577 3359 αὑτοῦ
3613 3325 3783 3378 μακα-

2210 3397 2364 3468 ρίτης
2398 3397 2657 3461 Εὐσέὸιος
2699 3399 2727 3450 ὁ
2774 3399 2871 3468 τῆς
2906 3397 3137 3458 Ἰταλίας
3188 3397 3485 3461 ἐπίσκοπος
3525 3398 3781 3468 Βριγγέλ-

2207 3491 2304 3554 λας
2336 3491 2350 3521 ¹
2385 3488 2495 3561 (16)
2530 3489 2758 3555 πόλεως,
2788 3489 3084 3561 ὲξορισθεὶς
3113 3488 3217 3543 ὑπὸ
3253 3490 3665 3557 Κωνσταντίου,
3703 3489 3784 3544 διὰ

2206 3582 2307 3652 τὴν
2368 3581 2551 3634 πίστιν
2604 3580 2703 3651 τῆς
2747 3579 3055 3652 όρθοδοξίας
3100 3574 3381 3646 ἐξενίζετο.
3418 3581 3532 3635 Καὶ
3569 3581 3665 3634 ἐπὶ
3692 3582 3782 3653 τὴν

2209 3672 2495 3741 ἐπίσκεψιν
2519 3672 2708 3725 τούτου
2744 3671 2853 3741 ἐγώ
2900 3690 2958 3725 τε
2988 3672 3083 3725 καὶ
3109 3674 3158 3727 οἱ
3191 3672 3338 3728 ἄλλοι
3363 3673 3584 3744 ἀδελφοὶ
3613 3676 3781 3728 ἐκεῖσε

2209 3765 2509 3836 γενόμενοι,
2536 3763 2630 3817 mi.
2659 3763 2814 3817 αὐτοὶ
2853 3764 2982 3835 παρ’
3013 3765 3160 3836 αὐτῷ
3196 3765 3568 3837 κατήχθημεν.
3601 3767 3790 3820 Συντιι-

2210 3854 2397 3926 χόντες
2418 3854 2474 3907 δὲ
2501 3853 2580 3924 τῷ
2620 3855 2865 3926 Ἰωσήπῳ
2908 3855 3000 3906 ἐπὶ
3037 3854 3138 3924 τῆς
3185 3853 3350 3907 αὑτοῦ
3378 3854 3581 3922 οἰκίας,
3611 3856 3704 3910 καὶ
3722 3856 3780 3909 τὰ

2211 3947 2330 3999 κατ’
2360 3946 2520 4001 αὑτὸν
2552 3946 2884 4017 ἐρωτῶντες,
2907 3945 3001 4000 καὶ
3024 3946 3261 4015 γνόντες,
3293 3946 3373 3999 ὅτι
3398 3945 3507 3999 τῶν
3533 3948 3780 4018 ἐμφανῶν

2211 4037 2424 4108 ὑπῆρχε
2451 4036 2603 4108 παρά
2665 4035 2962 4101 Ἰουδαίοις,
3016 4036 3365 4102 ἀνετάζοντες
3410 4038 3505 4091 καὶ
3532 4037 3633 4110 τὴν
3672 4038 3783 4092 κατ’

2211 4129 2373 4183 αὐτὸν
2402 4128 2676 4197 ὑπόθεσιν,
2709 4128 2805 4183 καὶ
2828 4127 2948 4192 πῶς
2973 4127 3064 4181 τὸν
3092 4129 3172 4192 είς
3196 4128 3630 4200 Χριστιανισμδν
3660 4146 3780 4201 μετ-

2210 4448 2422 4510 ruptos,
2458 4448 2772 4509 Hieronymi
2823 4448 3147 4493 auctoritate
3202 4448 3521 4491 conltrmart
3659 4448 3779 4505 test,

2210 4511 2301 4580 qui
2339 4510 2394 4563 in
2434 4525 2633 4580 comm.
2661 4509 2900 4580 Ainjcap.
2936 4524 2994 4562 ιιι
3018 4505 3153 4580 ῨΙδιι.
3204 4506 3269 4559 ad
3300 4505 3434 4580 haec
3480 4454 3689 4580 versa):
3717 4509 3779 4564 Et

2210 4574 2497 4648 effeminati
2527 4574 2940 4648 dominabuntur
2980 4579 3077 4642 eis,
3109 4579 3181 4648 ita
3205 4574 3400 4631 scribit
3435 4577 3781 4648 :Considere-

2212 4645 2327 4704 nius
2360 4649 2690 4718 patriarchas
2721 4645 3051 4718 Jadteorum,
3076 4656 3125 4701 et
3153 4647 3383 4718 jut'enes.
3425 4647 3533 4701 sive
3575 4665 3777 4716 pueros,

2210 4716 2637 4789 eﬂ'eminatosque
2667 4734 2728 4770 ac
2756 4716 2957 4772 deliciis
2986 4718 3273 4790 afﬂuentes,
3292 4725 3341 4769 et
3367 4716 3640 4785 impletum
3664 4736 3777 4789 pro-

2211 4790 2444 4857 phetiam
2481 4804 2593 4842 esse
2622 4803 2911 4857 cernemus.

2283 4858 2393 4926 (l5)
2440 4858 2660 4912 Τοῦτον
2695 4853 2849 4910 εἶναι
2894 4856 3067 4926 γένος
3098 4857 3331 4913 ἐκείνου
3371 4858 3479 4913 τοῦ
3530 4858 3774 4926 πρώτου.

2212 4927 2317 4994 Qui
2341 4929 2686 4984 Christianus
2711 4926 2834 4991 fuit,
2867 4935 2926 4981 ut
2953 4943 3019 4981 ex
3042 4927 3194 4982 Actis
3220 4926 3571 4985 inventionis
3610 4930 3775 4984 sancti

2216 4996 2472 5069 Stephani
2492 5006 2726 5069 constat.
2754 4995 2864 5069 Nec
2893 5008 3039 5069 recte
3064 4996 3306 5069 Iudaica:
3321 4998 3609 5069 religionis
3632 5008 3776 5056 tena-

2213 5066 2488 5132 cissimus,
2520 5083 2584 5123 ac
2629 5066 2927 5123 Christiani
2960 5067 3196 5123 nominis
3239 5083 3366 5124 osor
3421 5066 3725 5126 acerrimus
3748 5085 3777 5125 a

2213 5138 2538 5208 quibusdam
2601 5136 2773 5193 fuisse
2827 5137 3095 5208 proditur,
3130 5137 3278 5208 quod
3329 5139 3397 5193 ab
3460 5153 3527 5193 eo
3587 5138 3775 5195 Saulus

2214 5206 2529 5278 utrumque,
2567 5208 2673 5262 hoc
2713 5206 3127 5269 estJudaicam
3149 5206 3331 5277 legem
3359 5217 3413 5262 et
3437 5208 3776 5264 Christiano-

2213 5293 2334 5348 rum
2385 5278 2570 5333 odium
2615 5278 2869 5334 didicerit
2913 5296 2925 5331 :
2963 5292 3085 5348 quae
3134 5278 3449 5346 conjectura
3498 5279 3635 5334 levis
3678 5288 3774 5334 est.

2215 5347 2355 5415 Quid
2400 5350 2546 5405 enim
2588 5362 2814 5403 necesse
2852 5357 2958 5410 est,
2988 5362 3019 5401 a
3054 5356 3386 5418 praeceptore
3443 5357 3775 5418 postremum

2214 5418 2318 5473 hoc
2331 5418 2599 5491 hausisse
2627 5418 2876 5480 Saulum,
2917 5432 2980 5472 ac
3002 5433 3108 5491 non
3134 5421 3315 5488 potius
3343 5430 3538 5491 suapte
3568 5427 3779 5491 sponte,

2210 5498 2265 5543 et
2289 5488 2534 5560 aliorum,
2559 5489 2775 5543 hortatu
2803 5488 3164 5560 exemploque
3190 5488 3539 5560 suscepisse?

2278 5556 2387 5629 (16)
2404 5559 2766 5631 Ἐπίσκοπος
2785 5558 3164 5629 Βριπηνέλλας.
3189 5556 3370 5616 (Σοτηξ
3383 5557 3648 5629 Fregelltv
3662 5572 3777 5631 pete

2207 5627 2392 5698 peram
2418 5627 2673 5685 reddidit.
