3946 6074
134 224 232 281 413

756 226 1126 317 AﬁVERSUS
1166 229 1506 289 HERESES
1544 233 1672 291 LIB.
1718 235 1720 288 ξ

1820 234 1970 296 rom.
2011 240 2077 297 ιι.
2113 275 2183 285 -
2220 244 2497 303 IlERES.
2538 208 2707 307 axx.

3315 263 3423 319 416

138 335 317 406 ἦλθεν.
348 334 684 409 ἀκηκόαμεν
723 338 896 393 ταῦτα
930 340 1106 394 πάντα
1148 343 1356 412 σαφῶς,
1385 345 1479 399 καὶ
1506 345 1604 399 οὐκ
1632 346 1720 401 άπὲ

1845 361 2016 423 certa,
2064 372 2180 442 non
2233 359 2415 420 aliena
2459 361 2566 418 ﬁde
2605 364 2881 435 explorata
2917 366 3232 427 didicimus.
3290 375 3423 442 Quae

138 426 460 501 ινηχήσεως
503 428 697 501 ἐτέρου
738 430 904 495 τινός.
942 431 1104 485 Ὅθεν
1143 433 1238 488 καὶ
1269 434 1738 507 ἀξιομνημόνευτα

139 517 220 581 εἰς
247 514 550 589 οἰκοδομὴν
588 518 798 572 πιστῶν
829 520 1152 590 νομίσαντες
1182 523 1252 577 τὰ
1283 527 1424 581 κατὰ
1448 527 1538 583 τὸν
1569 530 1739 603 ἄνδρα

136 608 670 684 πραγματευθέντα,
722 611 811 665 διὰ
836 611 934 684 τὴν
962 612 1144 668 αἰτίαν
1169 615 1279 671 τῶν
1317 618 1376 672 ἐν
1414 623 1527 685 τοῖς
1571 623 1737 693 γαζο-

136 702 431 771 φυλακίοις
459 705 544 769 εἰς
580 704 836 776 Ἐὃραῖδα
890 706 1314 776 μετατεθέντων,
1349 712 1411 765 οὐ
1444 715 1734 785 παρέργως

135 792 243 864 τὴν
274 795 459 848 πᾶσαν
486 794 669 848 αἰτίαν
708 794 805 848 τοῦ
844 799 1241 869 προειρημένου
1284 802 1548 875 Ἰωσήπου
1590 824 1738 879 παρα

136 880 534 955 εθέμεθα.Ἧν
552 884 660 959 γὰρ
683 885 712 938 6
735 886 875 958 ἀνὴρ
893 887 954 940 οὐ
979 889 1141 959 μόνον
1169 892 1516 963 Χριστιανὸς,
1543 899 1734 963 πιστὸς

135 975 507 1042 καταξιωθεὶς
551 975 823 1046 γενέσθαι,
856 976 994 1035 ἀλλὰ
1034 982 1131 1035 καὶ
1173 982 1484 1054 Ἀρειανοὺς
1528 988 1734 1062 σφόδρα

133 1067 499 1139 στηλιτεύων.
538 1069 627 1124 Ἐν
685 1069 880 1143 γὰρτῇ
940 1070 1090 1125 πόλει
1149 1073 1353 1147 ἐκείνῃ,
1402 1076 1732 1134 Σκυθοπόλει

130 1158 311 1228 φημὶ,
377 1157 542 1228 μόνον
591 1152 747 1223 οὗτος
800 1159 1081 1231 ὁρθόδοξος
1127 1163 1376 1235 ὑπῆρχε,
1425 1167 1626 1233 πάντες
1675 1169 1732 1224 δὲ

142 1248 443 1321 ’Δρειανοί.
491 1250 605 1305 Καὶ
648 1252 697 1304 εἰ
743 1250 817 1322 μὴ
844 1253 928 1307 ὅτι
969 1255 1145 1325 κόμης
1188 1252 1279 1327 ἦν,
1313 1257 1409 1312 καὶ
1442 1259 1501 1313 τὸ
1523 1260 1617 1314 τοῦ
1640 1262 1733 1316 κό-

129 1358 316 1413 μητος
343 1341 563 1413 ἀξίωμα
592 1343 829 1398 ἐκώλυεν
851 1345 945 1399 ἀπ’
980 1347 1144 1401 αὑτοῦ
1176 1348 1268 1403 τὸν
1296 1349 1405 1403 τῶν
1440 1352 1732 1422 ’Δρειανῶν

123 1429 402 1500 διωγμὸν,
449 1431 554 1503 οὐκ
598 1430 665 1485 ἂν
696 1432 903 1506 ὑπέστη
934 1435 1038 1491 κᾶν
1072 1438 1133 1490 ὲν
1156 1441 1224 1510 τῇ
1260 1439 1412 1492 πόλει
1432 1440 1731 1512 διατρίϐειν

121 1523 154 1575 6
182 1522 349 1594 ἀνὴρ,
377 1522 609 1594 μάλιστα
634 1524 728 1578 ἐπὶ
766 1526 1105 1598 Πατροφίλου
1139 1529 1235 1583 τοῦ
1285 1531 1562 1601 Ἀρειανοῦ
1611 1535 1731 1589 ὲπι-

123 1612 367 1675 σκόπου,
396 1614 490 1668 τοῦ
517 1614 690 1670 πολλὰ
719 1616 1041 1686 ἰσχύσαντος
1081 1619 1300 1693 πλούτῳ
1328 1639 1388 1675 τε
1413 1624 1507 1677 καὶ
1534 1625 1729 1697 αὐστη-

1842 455 1966 495 cum
2010 441 2079 497 ad
2124 444 2364 500 ﬁdelium
2399 448 2686 506 utilitatem
2721 456 2985 529 memoria
3041 457 3206 529 digna
3263 441 3420 517 cum-

1838 529 2032 599 primis
2083 532 2435 603 arbitremur,
2483 550 2705 610 propter
2759 557 2855 599 eos
2905 545 3075 603 libros
3101 551 3191 619 qui
3226 551 3280 606 in
3324 552 3416 608 Ju-

1838 619 2080 678 daeorum
2138 624 2417 683 thesauris
2488 641 2785 687 servantur
2828 634 3112 697 ~Hebraico
3165 658 3421 699 sermone
3491 662 3503 673 ’

1840 714 2117 783 translati,
2153 732 2276 787 quae
2310 718 2379 773 ad
2412 717 2708 791 Josephum
2754 726 2907 781 illum
2942 732 3279 800 pertinerent
3323 750 3419 790 ac-

1837 805 2082 861 curatius
2138 808 2367 879 exsequi
2423 811 2720 869 voluimus.
2787 815 2922 871 Nam
2991 820 3038 874 is
3095 838 3202 877 non
3254 824 3421 881 modo

1834 892 2183 954 Christianus
2209 909 2347 966 erat,
2386 916 2617 973 eamque
2654 904 2813 961 ﬁdem
2851 922 3201 981 susceperat,
3236 915 3328 971 sed
3362 926 3417 971 et

1834 984 2071 1043 Arianos
2109 1005 2322 1044 summa
2376 992 2598 1057 infamia
2641 997 2981 1056 traducebat.
3026 1003 3236 1075 Quippe
3272 1026 3418 1068 unus

1834 1072 1953 1143 ipse
1987 1083 2191 1130 rectam
2231 1093 2295 1133 ac
2326 1079 2597 1139 sinceram
2639 1081 2801 1138 ﬁdem
2843 1072 3185 1159 Scythopoli—
3210 1095 3413 1150 retine-

1833 1164 1948 1230 bat,
1984 1182 2107 1221 cum
2138 1170 2337 1241 reliqui
2366 1180 2552 1228 essent
2591 1174 2805 1234 Ariani.
2850 1177 3007 1246 Quod
3042 1182 3149 1238 nisi
3199 1186 3416 1241 comitis

1834 1252 2098 1325 dignitate
2159 1258 2352 1318 fuisset
2396 1265 2677 1333 prreditus,
2709 1276 2771 1323 ut
2799 1270 2889 1329 hic
2950 1287 3076 1327 eum
3136 1274 3309 1330 honor
3343 1276 3415 1330 ab

1830 1345 2164 1406 Arianorum
2212 1353 2472 1410 violentia
2526 1364 2792 1426 tueretur,
2837 1377 2907 1417 ne
2953 1363 3006 1417 in
3044 1365 3161 1435 ipsa
3192 1367 3411 1437 quidem

1832 1436 1970 1492 urbe
2026 1439 2115 1493 vir
2166 1441 2259 1498 ille
2307 1448 2668 1513 constitisset,
2709 1454 3017 1520 prazsertim
3068 1456 3172 1511 sub
3218 1436 3418 1512 Patro-

1831 1527 1981 1597 philo
2009 1529 2217 1587 Ariano
2263 1534 2544 1608 episcopo,
2600 1540 2693 1611 qui
2725 1551 2780 1596 et
2803 1542 3020 1614 _opibus
3058 1553 3114 1600 et
3176 1547 3408 1603 crudeli,

1830 1624 1964 1687 tate,
1994 1627 2050 1674 et
2091 1623 2235 1691 apud
2276 1606 2660 1695 imperatorem
2695 1606 3076 1687 Coristantium
3124 1633 3415 1692 familiari—

122 1704 253 1775 ρεᾳ,
301 1706 489 1778 καὶτῇ
538 1707 677 1778 πρὸς
847 1708 1072 1779 βασιλέα
1116 1685 1496 1769 Κωνστάντιον
1526 1685 1720 1786 γνώσεί

1828 1685 2147 1779 ισῑθὲειῑηιιᾶ
2197 1685 2430 1766 audacia
2481 1715 2781 1784 plurimum
2835 1685 3069 1788 poterat.
3128 1721 3187 1774 In
3221 1723 3408 1778 eadem

118 1812 193 1849 τε
227 1796 327 1850 καὶ
359 1798 663 1871 παρρησία.
689 1794 799 1871 Ἦν
831 1798 887 1855 δὲ
914 1801 1012 1857 καὶ
1053 1802 1211 1868 ἄλλος
1255 1823 1342 1869 τις
1367 1806 1633 1879 νεώτερος
1663 1812 1723 1864 ὲν

120 1887 192 1957 τῇ
251 1887 412 1940 πόλει
463 1886 573 1942 ἀπὸ
632 1889 900 1963 Ἑϐραίων
953 1893 1129 1965 ὀρθῶς
1191 1896 1481 1966 πιστεύων,
1515 1900 1575 1964 ὃς
1623 1902 1724 1956 οὐκ

122 1976 338 2048 ἐτόλμα
399 1979 543 2033 κατὰ
588 1981 652 2035 τὸ
697 1983 949 2055 φανερὸν,
979 1985 1114 2040 ἀλλὰ
1138 1987 1235 2041 κοιλ⁵
1271 1990 1551 2060 κρυφαίως
1576 1993 1723 2063 ἡμᾶς

122 2069 527 2125 ἐπεσκέπτετο.
553 2072 786 2128 Πιθανὸν
814 2074 871 2128 δέ
895 2093 949 2130 τι
976 2078 1005 2131 ὀ
1045 2077 1414 2149 Ἰώσηποςλκαὶ
1439 2082 1722 2151 γελοιῶδες

123 2160 434 2230 ὑφηγεῖτοο
459 2157 615 2233 οἶμαι
639 2162 697 2217 δὲ
746 2165 1054 2228 ταῦτα,’ὅτι
1099 2168 1194 2222 καὶ
1226 2170 1514 2240 ὴλήθευεν.
1549 2174 1723 2244 Ἐφα-

126 2266 229 2303 σκε
259 2250 394 2323 γὰρ,
426 2252 533 2317 ὃτι,
563 2254 972 2329 τελευτησάσης
994 2258 1095 2329 τῆς
1144 2260 1309 2329 αὐτοῦ
1350 2261 1603 2333 συμϐίου,
1636 2264 1721 2317 δε-

120 2343 261 2408 διὼς
293 2348 367 2417 μή
396 2363 475 2418 πη
526 2347 636 2418 ἄρα
681 2349 998 2420 ἀρπάζωσιν
1029 2352 1189 2406 αὐτὸν
1219 2355 1268 2408 οἰ
1307 2355 1596 2425 Ἀρειανοί,
1626 2358 1722 2411 καὶ

124 2438 523 2508 καταστήσωσι
554 2440 656 2513 κλη
667 2442 832 2511 ρικόν.
858 2442 1125 2509 Πολλάκις
1157 2445 1267 2517 γάρ
1294 2446 1721 2514 κολακεύσαντες

124 2528 302 2582 αὑτὸν
340 2530 632 2603 πεισθῆναι
674 2537 740 2607 τῇ
791 2536 1025 2605 αἰρέσει,
1061 2537 1421 2609 ὑπισχνοῦντο
1458 2538 1719 2610 μείζονας

124 2619 440 2690 προκοπὰς,
480 2623 530 2675 εἰ
560 2620 678 2676 δέον
707 2623 802 2677 καὶ
834 2626 1141 2697 ἐπισκοπῆς
1193 2626 1361 2680 αὑτὸν
1403 2626 1715 2691 καταξιοῦν.
1744 2684 1745 2687 η

135 2709 197 2764 '0
249 2710 312 2764 δὲ
359 2710 566 2780 ἔφασκε
615 2713 807 2768 τούτου
850 2716 1014 2787 χάριν
1079 2716 1349 2789 συνῆφθαι
1410 2719 1506 2772 καὶ
1555 2718 1719 2791 ἑτέρᾳ

123 2802 373 2870 γυναικὶ,
399 2804 552 2868 ὅπως
566 2804 848 2878 διαδράσοι
875 2806 975 2872 τὰς
1000 2809 1183 2864 αὐτῶν
1205 2810 1560 2883 χειροτονίας.

1824 1796 1990 1852 etiam
2024 1800 2161 1855 urbe
2192 1801 2413 1871 quidam
2445 1812 2562 1858 erat
2596 1814 2755 1862 aetate
2798 1808 3007 1878 junior,
3043 1813 3135 1881 qui
3163 1827 3193 1867 e
3224 1811 3411 1867 Iudaeo

1823 1889 2111 1946 traductus
2154 1892 2222 1947 ad
2257 1892 2537 1951 Christum
2587 1896 2862 1952 sinceram
2901 1897 3061 1954 ﬁdem
3098 1902 3409 1968 retinebat;

1822 1980 1980 2051 isque
2007 1983 2156 2051 quod
2193 1985 2418 2041 minime
2463 1987 2641 2056 palam
2690 1989 2935 2053 auderet,
2990 1992 3298 2047 clanculum
3342 1996 3411 2050 ad

1823 2088 1925 2129 nos
1956 2075 2230 2132 veniebat.
2276 2075 2383 2133 Sed
2431 2077 2708 2149 Iosephus
2740 2082 2981 2151 lepidum
3010 2084 3270 2153 quiddam
3301 2101 3413 2141 no-

1821 2165 1909 2221 bis
1956 2180 2022 2221 ac
2076 2168 2371 2224 ridiculum
2428 2171 2710 2236 narrabat,
2764 2189 2866 2228 nec
2911 2173 3106 2229 dubito
3144 2175 3276 2244 quin
3338 2175 3413 2231 sit
3504 2168 3511 2187 ι

1823 2259 2196 2317 verissimum.
2228 2261 2422 2318 Aiebat
2446 2263 2600 2325 enim
2647 2271 2867 2336 mortua
2909 2265 3144 2336 conjuge
3179 2266 3408 2320 veritum

1821 2360 1983 2403 sene
2007 2348 2077 2402 ab
2100 2349 2317 2404 Arianis
2345 2351 2611 2408 violenter
2639 2354 2901 2423 abreptus
2933 2354 3171 2413 clericus
3216 2355 3367 2410 ﬁeret
3388 2372 3433 2421 ;¹

1823 2451 1967 2509 saepe
2003 2441 2150 2495 enim
2183 2441 2383 2497 blande
2413 2442 2569 2497 illum
2614 2443 2898 2506 adeuntes,
2928 2453 2986 2499 ut
3024 2446 3089 2498 ad
3135 2460 3288 2500 suam
3322 2445 3406 2499 fa-

1829 2530 2066 2586 ctionem
2097 2534 2359 2589 transiret
2396 2535 2777 2601 hortabantur,
2810 2540 2875 2590 a‘c
2906 2535 3131 2605 majoris
3159 2553 3254 2608 spe
3282 2552 3409 2607 pro-

1821 2638 2013 2681 cessus
2047 2626 2383 2691 atliciebant,
2428 2634 2492 2683 ut
2529 2628 2614 2684 vel
2636 2628 2681 2685 si
2713 2642 2940 2684 necesse
2966 2627 3106 2684 foret
3124 2629 3408 2698 episcopa-

1822 2723 1939 2770 tum
1998 2716 2373 2773 ostenderent.
2422 2719 2628 2776 Horum
2664 2719 2832 2791 igitur
2878 2727 3025 2785 metu
3079 2721 3309 2785 alterum
3348 2736 3409 2775 se

1818 2809 2231 2865 matrimonium
2286 2811 2478 2867 iniisse
2526 2812 2765 2879 dicebat,
2816 2826 2926 2882 quo
2968 2827 3028 2867 se
3059 2812 3128 2866 ab
3159 2808 3408 2872 illama-

1818 2910 1988 2951 nuum
2024 2897 2377 2969 impositione
2412 2901 2691 2956 liberaret.

193 2972 293 3040 ς’.
342 2975 504 3030 Ἀλλὰ
536 2977 792 3050 ἐπάνειμι
839 2981 937 3052 τὴν
988 2982 1259 3054 ὑφήγησιν
1304 2983 1407 3054 τῆς
1453 2982 1595 3037 κατὰ
1624 2984 1718 3038 τὸν

1888 2988 1978 3044 Vl.
2020 2989 2124 3046 Sed
2157 2992 2222 3047 ad
2253 2993 2579 3062 patriarchae
2610 2994 2922 3057 historiam,
2965 3000 3020 3049 et
3044 2993 3220 3063 ipsius
3266 2992 3405 3049 adeo

126 3067 481 3139 πατριάρχην
518 3069 848 3135 ὑποθέσεως,
877 3073 973 3125 καὶ
1006 3073 1169 3127 αὐτοῦ
1198 3073 1292 3128 τοῦ
1331 3076 1595 3148 Ἰωσήπου
1634 3078 1715 3141 εἰς

125 3158 442 3229 τούμφανὲς
462 3160 605 3216 κατὰ
630 3161 931 3234 λεπτότητα
951 3168 1063 3228 τοῖς
1086 3165 1430 3237 βουλομένοις
1455 3169 1718 3239 ἀντυγχά-

124 3266 237 3303 νειν
290 3250 385 3305 διὰ
434 3252 548 3306 τῶν
608 3253 700 3306 ὑπ’
742 3256 951 3310 ἐκείνου
1002 3257 1174 3326 λόγων
1231 3259 1357 3331 ἐμοὶ
1409 3261 1714 3331 εἰρημένων

125 3340 510 3409 ποιησόμενος.
540 3344 652 3397 Καὶ
685 3345 784 3417 ήδη
820 3346 919 3416 μὲν
951 3346 1026 3411 ὡς
1067 3350 1273 3412 ἐκεῖνος
1311 3349 1590 3420 ὑφηγεῖτο,
1620 3350 1712 3404 τοῦ

126 3433 472 3505 πατριάρχου
511 3434 736 3507 λουτροῦ
763 3438 1212 3509 καταξιουμένου,
1247 3440 1334 3494 διὰ
1374 3442 1479 3496 τῶν
1511 3444 1570 3497 ἐν
1593 3445 1714 3506 ταῖς

126 3522 320 3593 θύραις
347 3525 613 3596 ἀρμογῶν
634 3528 768 3605 εἴσω
796 3530 1194 3601 παρακύπτων,
1227 3534 1380 3605 φησι,
1422 3536 1714 3589 κατενόουν

123 3613 193 3667 τά
224 3614 335 3668 ὑπὸ
376 3616 473 3671 τοῦ
508 3618 809 3674 ἐπισκόπου
842 3620 920 3691 τῷ
958 3623 1271 3696 πατριάρχῃ
1320 3625 1599 3696 γινόμενα,
1633 3628 1714 3692 εἰς

121 3704 249 3758 νοῦν
277 3722 340 3758 τε
370 3705 585 3774 ἔλαϐον,
625 3711 718 3764 καὶ
761 3712 892 3782 παρ’
917 3714 1140 3785 ἐμαυτῷ
1187 3718 1573 3789 ὲταμιευόμην.
1603 3722 1714 3775 Καὶ

121 3795 352 3883 χρυσίου
382 3797 548 3869 ὁλκήν
582 3816 712 3858 τινα
758 3803 1095 3876 ἱκανωτάτην
1138 3805 1276 3877 ἔχων
1309 3808 1464 3882 παρὰ
1501 3814 1659 3883 χεῖρα
1684 3815 1714 3865 6

119 3882 288 3949 αὐτὸς
316 3887 689 3975 πατριάρχης,
734 3890 984 3956 ἐκτείνας
1021 3893 1118 3966 τὴν
1150 3898 1308 3975 χεῖρα
1352 3882 1597 3954 ἐπέδωκε
1634 3902 1714 3972 τῷ

120 3977 431 4048 ὲπισκόπῳ,
464 3969 711 4048 φάσκων,
736 3981 819 4036 ὅτι
839 3984 1125 4058 Πρόσφερε
1154 3969 1294 4060 ὑπὲρ
1324 3989 1482 4061 ἐμοῦ.
1506 3969 1714 4065 rma;

120 4083 259 4123 πται
292 4068 427 4137 γὰρ,
457 4070 546 4124 διὰ
582 4071 692 4126 τῶν
726 4075 915 4147 ἱερέων
935 4077 1029 4132 τοῦ
1063 4079 1199 4133 θεοῦ
1235 4080 1593 4152 δεσμεῦεσθαι
1618 4086 1712 4139 καὶ

121 4159 349 4215 λόεσθαι
390 4163 488 4216 ἐπὶ
510 4164 609 4236 τῆς
645 4167 767 4237 γῆς,
800 4169 895 4222 καὶ
937 4169 1087 4224 ἔσται
1111 4171 1285 4228 ταῦτα
1323 4174 1590 4246 λελυμένα
1617 4180 1712 4233 καὶ

118 4254 387 4325 δεδεμένα
434 4257 493 4309 ὲν
516 4256 622 4328 ’τῷ
667 4260 900 4332 οὐρανῷ.
939 4262 1028 4327 Ὠς
1069 4260 1161 4318 οὖν
1215 4265 1389 4320 ταῦτα
1438 4269 1708 4341 ἐπράχθη,

1816 3081 2037 3152 Iosephi
2077 3083 2408 3138 redeamus:
2440 3098 2606 3153 quam
2639 3084 2693 3138 in
2730 3084 2997 3140 lectorum
3040 3086 3273 3154 gratiam
3318 3086 3410 3142 iis-

1816 3176 1961 3239 dem,
1994 3175 2197 3245 quibus
2217 3176 2307 3231 ille
2346 3175 2619 3232 referebat
2641 3176 2847 3241 verbis,
2895 3185 3153 3231 accurata
3186 3176 3290 3232 ﬁde
3320 3194 3405 3234 re-

1815 3268 2291 3339 praesentabimus.
2353 3267 2489 3322 Cum
2532 3267 2718 3337 itaque
2763 3266 3084 3337 patriarcha
3131 3268 3406 3338 baptismo

1816 3360 1963 3415 hunc
2001 3360 2058 3414 in
2095 3359 2318 3414 modum
2368 3359 2703 3424 initiaretur,
2744 3373 2867 3430 ego,
2905 3359 3211 3428 inquiebat,
3245 3359 3407 3430 130

1814 3467 1913 3522 per
1932 3452 2117 3521 januze
2153 3452 2577 3507 commissuram
2609 3450 2800 3506 furtim
2830 3456 3236 3521 tntrospectans
3278 3468 3398 3507 om-

1778 3544 1906 3600 snia
1944 3558 2069 3614 quae
2115 3545 2186 3599 ab
2226 3544 2490 3614 episcopo
2536 3544 2861 3614 patriarchae
2904 3544 3100 3600 ﬁerent
3147 3544 3406 3600 observa-

1813 3637 1962 3702 bam,
1992 3651 2056 3691 ac
2087 3636 2381 3706 diligenter
2402 3635 2586 3691 animo
2628 3634 2951 3691 retinebam.
2992 3634 3094 3691 Ubi
3129 3635 3272 3691 inter
3299 3649 3407 3691 cae-

1814 3735 1935 3784 tera
1976 3727 2289 3798 patriarcha
2341 3727 2452 3780 vim
2500 3728 2793 3796 quamdam
2847 3728 2969 3782 auri
3022 3744 3135 3783 non
3197 3729 3405 3784 medio-

1815 3835 1962 3875 crem
1997 3826 2193 3874 tenens
2228 3818 2371 3871 hanc
2414 3818 2677 3886 episcopo
2716 3820 2959 3887 porrexit
2985 3836 2999 3872 :
3024 3830 3101 3883 et,
3145 3819 3253 3873 Pro
3292 3835 3399 3885 me,

1814 3909 2016 3979 inquit,
2056 3906 2271 3964 efferto.
2307 3905 2585 3977 Scriptum
2618 3913 2705 3962 est
2734 3907 2904 3970 enim,
2938 3922 2969 3960 a
3013 3907 3400 3963 sacerdotibus

1815 4000 1911 4056 Dei
1953 3999 2165 4071 alligari
2197 4000 2449 4070 solvique
2487 3998 2544 4053 in
2579 3999 2747 4055 terris
2778 3998 2987 4065 omnia,
3020 4008 3075 4054 et
3109 3998 3300 4054 eadem
3342 3999 3401 4053 in

1814 4093 1956 4150 coelo
2001 4094 2181 4148 soluta
2232 4091 2354 4148 fore
2396 4092 2481 4147 vel
2527 4091 2810 4162 alligata‘.
2858 4090 2992 4145 Post
3026 4091 3153 4146 haec
3194 4092 3406 4161 apertis

1814 4183 2028 4240 foribus
2074 4182 2600 4252 sciscitantibusque
2651 4180 2719 4238 de
2789 4182 3103 4252 patriarcha
3157 4182 3250 4252 qui
3300 4182 3407 4237 ad-

1813 4286 1993 4345 erant,
2015 4275 2477 4348 quemadmodum
2522 4291 2590 4329 ex
2622 4289 2688 4331 eo
2718 4274 2960 4330 remedio
2997 4274 3222 4340 valeret,
3272 4288 3404 4344 per-

120 4347 281 4417 φησὶ,
308 4349 403 4402 καὶ
428 4349 726 4422 ἠνοίγησαν
752 4354 808 4406 αἱ
836 4351 1017 4425 θύραι,
1040 4357 1290 4429 ἠρωτᾶτο
1318 4358 1425 4413 ὑπὸ
1451 4360 1558 4415 τῶν
1586 4363 1714 4415 ἑπι-

1820 4369 2107 4426 commode
2151 4383 2211 4425 se
2260 4367 2464 4422 habere
2493 4364 2813 4436 respondit:
2843 4366 2973 4436 quid
3009 4365 3152 4421 enim
3191 4364 3399 4421 diceret

124 4440 516 4512 σκεπτομένων
545 4442 574 4494 6
620 4442 985 4517 πατριάρχης,
1017 4447 1136 4512 πῶς
1178 4448 1290 4521 ἔχοι
1326 4451 1415 4505 διὰ
1458 4451 1552 4505 τοῦ
1589 4452 1714 4524 βοη-

122 4526 370 4600 θήματος
397 4548 409 4561 ·
448 4532 546 4586 καὶ
579 4534 850 4619 ᾠμολόγει
898 4530 1201 4605 καλλίστως
1249 4541 1411 4613 ἔχειν.
1464 4545 1573 4598 Καὶ
1603 4547 1711 4619 γὰρ

121 4618 238 4688 ᾔδει
278 4620 309 4674 δ
340 4621 551 4691 ἔλεγεν.
582 4614 821 4679 Ἔπειτα
863 4627 921 4681 δὲ
953 4630 1169 4703 ἡμέρας
1211 4632 1305 4687 δύο
1349 4634 1381 4705 ἢ
1428 4639 1576 4707 τρεῖς
1616 4614 1710 4695 ea

121 4713 389 4785 ἀριθμὸν,
439 4715 702 4783 πολλάκις
750 4719 843 4773 τοῦ
892 4722 1193 4778 ἐπισκόπου
1244 4726 1707 4800 ἐπισκεπτομένου

122 4805 283 4860 αὑτὸν
311 4809 373 4861 ὲν
407 4807 595 4879 ἰατροῦ
642 4811 934 4883 προφάσει,
983 4813 1250 4889 ἐκοιμήθη
1291 4818 1319 4870 6
1365 4821 1710 4893 πατριάρχης

126 4899 265 4966 μετὰ
293 4900 474 4971 καλῆς
507 4901 840 4968 ἀποθέσεως,
873 4908 1147 4978 παραδοὺς
1190 4911 1281 4965 τὸν
1316 4913 1445 4967 ἴδιον
1484 4916 1598 4971 υἱὸν
1624 4935 1718 4971 κο-

125 4990 254 5062 μιδῆ
287 4991 410 5047 νέον
455 4992 587 5046 ὄντα
628 4995 876 5069 Ἰωσήπῳ
908 5017 966 5053 τε
1016 5001 1112 5055 καὶ
1153 5002 1297 5074 ἄλλῳ
1340 5007 1448 5062 τινὶ
1478 5008 1717 5064 ἐπιεικε-

106 5085 325 5156 ’στάτῳ.
360 5086 444 5139 τὰ
473 5087 657 5142 πάντα
683 5089 863 5145 τοίνυν
892 5093 1192 5164 ἐπράττετο
1221 5096 1308 5151 διὰ
1339 5099 1447 5154 τῶν
1470 5100 1563 5155 δύο
1591 5103 1714 5157 τού-

122 5192 251 5239 των,
269 5176 358 5232 διὰ
375 5178 438 5232 τὸ
459 5178 540 5232 ἔτι
567 5178 662 5233 τὸν
686 5184 1033 5255 πατριάρχην
1060 5187 1224 5243 παῖδα
1248 5189 1377 5244 ὄντα
1405 5194 1708 5265 νηπιάζειν,

126 5267 217 5319 καὶ
243 5270 315 5322 ὲνι
350 5271 541 5342 χερσὶν
588 5272 769 5327 αὐτῶν
819 5277 1240 5349 ἁνατρέφεσθαι.
1300 5282 1388 5335 Ἐν
1423 5285 1601 5358 τούτῳ
1631 5288 1710 5360 τῷ

127 5358 297 5450 καιρῷ
326 5361 429 5434 τῆς
456 5363 702 5429 διανοίας
738 5365 833 5421 τοῦ
876 5369 1138 5444 Ἰωσήπου
1166 5373 1556 5450 ὲνοχλουμένης
1580 5358 1710 5435 rso).-

125 5446 275 5517 λάκις
301 5452 390 5508 διὰ
417 5454 531 5508 τῶν
571 5459 878 5529 γενομένων
934 5465 1231 5534 μυστικῶν,
1268 5468 1327 5522 ὲν
1366 5446 1434 5541 τῇ
1484 5446 1625 5526 κατὰ
1648 5473 1709 5526 τὸ

195 5638 213 5667 ⁸
238 5634 426 5694 Matth.
466 5653 627 5702 xvm,
664 5638 747 5694 l8.

1818 4458 2080 4528 praeclare
2102 4464 2353 4511 noverat.
2379 4453 2552 4509 Biduo
2575 4453 2775 4509 dehinc
2808 4455 2892 4510 vel
2927 4455 3132 4520 triduo,
3160 4456 3399 4510 adeunte

1819 4550 2020 4620 szepius
2058 4565 2152 4617 per
2180 4547 2375 4603 medici
2415 4545 2653 4617 speciem
2693 4546 2977 4616 episcopo,
3019 4546 3165 4602 felici
3194 4563 3261 4601 ex
3291 4547 3403 4603 hac

1817 4641 1926 4695 vita
1955 4640 2104 4695 exitu
2146 4638 2457 4710 patriarcha
2487 4638 2745 4702 decessit,
2775 4654 2901 4693 cum
2940 4638 3095 4708 prius
3131 4638 3395 4709 Josepho,

1816 4737 1871 4787 et
1894 4732 2049 4787 alteri
2082 4731 2299 4787 cuidam
2328 4731 2721 4789 honestissimo
2743 4731 2860 4786 viro
2889 4720 3197 4787 tenerrima:
3217 4732 3397 4811 adhuc

1814 4824 1993 4880 aetatis
2026 4825 2195 4879 ﬁlium
2225 4824 2617 4880 commisisset.
2665 4822 2937 4890 Quocirca
2971 4825 3155 4879 omnia
3187 4824 3254 4878 ab
3286 4824 3403 4880 illis

1813 4918 2084 4974 ambobus
2119 4917 2668 4982 administrabantur,
2708 4918 2867 4988 quod
2895 4926 3044 4972 esset
3081 4917 3399 4988 patriarcha

1813 5011 1990 5071 adhuc
2019 5019 2179 5068 atate
2221 5027 2357 5082 puer
2382 5026 2446 5066 ac
2477 5007 2872 5083 propemodum
2918 5008 3121 5075 infans,
3166 5016 3219 5063 et
3252 5009 3395 5063 inter

1813 5105 2030 5162 illorum
2062 5120 2258 5160 manus
2287 5104 2637 5159 educaretur.
2669 5100 2774 5157 Per
2813 5100 2956 5156 idem
2994 5108 3210 5171 tempus
3232 5097 3392 5155 Jose-

1812 5199 1907 5270 phi
1943 5198 2185 5253 animum
2237 5196 2535 5252 sollicitum
2568 5195 2802 5250 habebat
2832 5209 3023 5250 eorum
3058 5191 3389 5258 recordatio,

1813 5304 1933 5361 quae
1956 5289 2011 5344 in
2051 5289 2326 5360 baptismo
2358 5288 2472 5342 fieri
2524 5286 2756 5360 mystica
2792 5299 3102 5356 arcanaque
3138 5284 3345 5339 viderat
3374 5301 3390 5337 :

1811 5391 1866 5435 et
1900 5379 2161 5450 quidnam
2192 5385 2376 5449 ageret
2400 5377 2559 5433 anxie
2596 5375 2892 5448 cogitabat.
2927 5372 3286 5430 Cummdduut
3326 5371 3391 5426 il-

1812 5472 1882 5528 lic
1920 5469 2295 5543 gazophylacii
2325 5468 2463 5526 cella
2491 5469 2737 5540 quaedam
2762 5474 2883 5523 erat
2918 5465 3206 5537 obsignata
3232 5462 3390 5536 (gaza
