3980 6086
569 248 680 308 415

1959 245 2011 302 S.
2053 237 2390 300 EPlPllANll

3723 241 3826 295 ιη

573 377 738 434 porro
779 354 1037 418 Hebraice
1081 355 1383 415 thesaurum
1411 356 1740 431 signiﬁcat).
1770 358 1942 430 Cujus
1984 359 2145 430 sigilli

2251 359 2470 427 Αουτρδν
2521 353 2770 407 ὑποθέσει
2805 319 3193 407 ἐσκέπτετο
3220 353 3285 408 ἂν
3333 354 3583 426 πράξειε*
3622 355 3712 408 καὶ
3757 347 3824 425 ἦν

572 456 747 526 gratia
779 455 1053 525 plerisque
1072 451 1232 507 varia
1262 453 1330 508 de
1358 466 1424 507 eo
1450 451 1837 524 gazophylacio
1860 451 2145 520 suspicam

573 544 741 606 tibus,
776 541 1049 612 Iosephus
1083 542 1222 597 clam
1263 557 1432 596 ausus
1481 540 1694 611 aperire
1722 540 1857 594 nihil
1882 540 2145 610 pecunia-

573 651 694 688 rum
735 634 956 703 reperit,
991 633 1086 687 sed
1114 632 1285 686 libros
1315 631 1580 686 duntaxat
1601 633 1848 702 pecuniis
1890 632 2146 686 omnibus

574 727 1009 798 prmstantiores.
1042 725 1191 791 Quos
1214 725 1344 780 dum
1380 724 1603 788 evolvit,
1637 723 1776 779 forte
1798 725 1854 778 in
1889 723 2022 778 illud
2057 723 2145 777 in-

573 817 730 880 cidit,
781 815 849 870 de
889 831 999 885 quo
1057 817 1264 870 dictum
1320 826 1426 878 est,
1457 814 1686 870 Joannis
1726 814 2074 886 Evangelium
2114 830 2150 870 e‘

572 905 763 961 Graeco
801 907 855 960 in
883 905 1210 960 Hebraicum
1243 907 1587 968 translatum,
1619 921 1726 958 una
1771 920 1892 959 eum
1923 914 2149 974 aposto-

571 997 754 1051 lorum
805 998 1052 1052 Actibus.
1089 997 1171 1051 Ad
1220 998 1335 1052 haec
1385 996 1625 1051 Matthxi
1653 1012 1872 1068 quoque
1918 996 2146 1052 Hebrai-

570 1080 1096 1157 cam'genealogiam
1138 1088 1366 1141 invenit.
1403 1086 1613 1152 Quibus
1639 1088 1913 1158 perlectis,
1951 1102 2146 1143 rursus

571 1175 693 1245 ejus
719 1176 936 1232 animus
964 1178 1198 1231 cruciari
1239 1177 1437 1246 cmpit;
1463 1184 1517 1231 et
1536 1175 1904 1232 Christianam
1925 1177 2143 1248 quidem

577 1266 735 1321 ﬁdem
777 1283 1066 1336 capessere
1117 1269 1404 1322 molestum
1441 1268 1491 1322 ei
1535 1269 1840 1324 videbatur.
1879 1267 1984 1324 Sed
2030 1268 2146 1322 hate

573 1358 684 1412 duo
715 1360 1092 1422 nihilominus,
1137 1366 1188 1413 et
1221 1359 1484 1413 librorum
1528 1359 1710 1425 lectio,
1743 1369 1796 1413 et
1821 1359 2146 1428 patriarchae

575 1445 812 1501 initiatio
839 1447 1186 1502 vehementer
1218 1447 1491 1503 hominem
1524 1450 1815 1517 angebant.
1849 1447 1953 1513 Qui
1975 1447 2148 1503 obdu-

575 1545 694 1592 rato
728 1545 930 1604 tamen,
961 1545 1020 1591 ut
1051 1538 1274 1606 assolet,
1311 1539 1497 1592 animo
1519 1539 1840 1608 permansit.

2249 449 2426 502 ἐκεῖσε
2459 444 2856 517 γαζοφυλακίου
2885 463 2970 508 τις
2993 441 3140 510 οἶκος
3170 446 3623 518 ἐσφραγισμένος.
3659 448 3720 517 (Γ
3721 448 3828 511 άζα

2248 537 2306 591 δέ
2345 535 2705 608 ἑρμηνεύεται
2735 535 2845 605 (17)
2881 534 3022 588 κατά
3056 535 3155 606 τὴν
3199 535 3455 607 Ἐϐραῖδα
3477 535 3822 608 θησαυρός.)

2250 625 2466 680 Πολλῶν
2506 624 2563 677 δέ
2602 623 2770 676 πολλά
2804 623 3195 692 διανοουμένων
3226 624 3353 694 περὶ
3387 621 3480 676 τοῦ
3515 623 3824 693 γαζοφυλα-

2249 714 2367 768 κίου
2394 713 2580 768 τούτου
2602 713 2690 767 διὰ
2715 713 2814 783 τὴν
2845 712 3137 782 σφραγῖδα,
3167 713 3195 764 6
3239 712 3501 785 Ἰώσηπος
3524 713 3824 785 λεληθότως

2247 803 2524 874 τολμήσας
2570 801 2782 873 ἤνοιξεο
2811 802 2906 855 καὶ
2943 793 3100 873 εὗρεν
3138 801 3292 856 οὐδὲν
3335 805 3650 875 χρημάτων,
3690 804 3824 875 πλὴν

2252 894 2466 965 βίϐλους
2492 893 2590 956 τάς
2617 892 2760 964 ύ-πέρ
2779 895 2882 964 χρή
2892 909 3053 963 ματα.
3097 893 3505 962 Ἀναγινὼσκων
3533 894 3590 947 δέ
3617 895 3676 946 ἐν
3701 894 3826 946 ταύ-

2248 1000 2388 1047 ταις,
2413 984 2488 1046 ὡς
2516 982 2616 1053 1ήδη
2638 982 2794 1052 ἔφην,
2823 982 2884 1035 τὸ
2905 981 3047 1036 κατὰ
3091 983 3344 1053 Ἰωάννην
3357 983 3688 1052 Εύαγγέλιον
3721 983 3826 1037 ἀπὸ

2261 1067 2505 1135 Ἑλλάδος
2556 1074 2637 1135 είς
2669 1071 2926 1141 Ἑϐραῖδα
2973 1073 3156 1144 φωνὴν
3215 1073 3557 1145 μεταληφθέν
3599 1073 3822 1146 ηὕρετο,

2250 1163 2344 1217 καὶ
2375 1163 2471 1226 τάς
2503 1161 2611 1215 τῶν
2659 1162 2968 1216 ἀποστόλων
3000 1162 3253 1232 Πράξεις.
3295 1163 3369 1216 Οὐ
3421 1164 3526 1234 μὴν
3555 1162 3694 1217 ἀλλά
3733 1160 3826 1216 καί

2249 1253 2307 1306 τὸ
2342 1251 2482 1306 κατά
2527 1252 2807 1307 Ματθαϊον
2845 1252 3137 1324 Ἐϐραῖκδντ
3169 1251 3281 1323 (18)
3315 1252 3479 1322 φυτὸν
3517 1253 3582 1306 ἐκ
3619 1252 3824 1306 τούτων

2249 1343 2535 1411 ἀναγνοὺς,
2565 1341 2725 1396 πάλιν
2743 1341 2842 1414 τὴν
2862 1341 3096 1396 διάνοιαν
3117 1341 3392 1414 ἐτρύχετο,
3417 1341 3700 1412 ἀσχάλλων
3727 1341 3823 1411 μέν

2250 1453 2366 1498 πως
2395 1435 2522 1506 περὶ
2551 1434 2650 1506 τῆς
2690 1435 2927 1498 πίστεως
2958 1435 3052 1487 τοῦ
3089 1433 3353 1506 Χριστοῦ·
3389 1434 3490 1504 ἤδη
3536 1433 3594 1487 δὲ
3640 1435 3706 1486 ἐκ
3735 1433 3829 1486 δύο

2251 1524 2560 1578 ὑποθέσεων
2590 1525 3038 1595 ὑπονυττόμενος,
3063 1527 3161 1595 τῆς
3191 1523 3300 1578 τῶν
3339 1523 3559 1594 βιὸλίων
3578 1522 3827 1590 ἀναγνώ-

2254 1633 2388 1680 σεως
2420 1617 2514 1671 καὶ
2561 1617 2660 1688 τῆς
2689 1614 2784 1669 τοῦ
2835 1616 3174 1687 πατριάρχου
3227 1613 3634 1687 μυσταγωγίας,
3680 1614 3828 1684 ὅμως

2175 1710 2310 1780 Bcf}
2341 1708 2536 1780 καρδίᾳ
2567 1706 2927 1778 ἐσκληρύνετο
2962 1700 3050 1760 οἵα
3074 1707 3304 1775 γίνεται.

645 1789 759 1852 VII.
801 1798 947 1852 Inter
989 1797 1105 1852 haec
1145 1795 1496 1854 adolescente
1534 1793 1644 1862 jam
1677 1792 1862 1848 Ellclis
1899 1791 2009 1846 tilio
2039 1805 2143 1861 po»-

577 1889 728 1958 pillo,
756 1888 850 1958 qui
880 1889 945 1943 ad
976 1904 1126 1957 spem
1153 1887 1560 1957 patriarchatus
1587 1884 1924 1938 educabatur
1950 1879 2148 1951 (neque

575 1981 722 2034 enim
755 1980 1106 2050 magistratus
1149 1979 1292 2048 apud
1322 1977 1539 2032 Iudaeos
1578 1975 1724 2030 ullus
1757 1972 2019 2043 praeripit,
2052 1971 2148 2026 sed

577 2073 895 2141 parentibus
946 2072 1040 2126 ﬁlii
1088 2070 1452 2136 succedunt),
1502 2081 1628 2121 mox
1677 2073 1735 2120 ut
1783 2063 1958 2118 aetatis
1991 2063 2143 2132 131

574 2163 762 2218 ﬂorem
813 2179 878 2218 ac
922 2163 1165 2233 vigorem
1212 2161 1421 2230 attigit,
1465 2159 1534 2212 ad
1568 2158 1689 2228 ejus
1725 2156 2147 2210 familiaritatem

573 2255 812 2324 aequales
853 2255 1077 2325 quidam
1121 2254 1431 2324 perniciose
1473 2253 1746 2321 obrepunt
1779 2249 1940 2304 otiosi
1973 2247 2150 2302 adole-

575 2357 814 2410 scentes,
863 2362 926 2401 ac
971 2347 1219 2401 moribus
1269 2343 1510 2414 corrupti
1543 2341 1756 2413 (Iudas,
1800 2341 2017 2410 Opinor,
2060 2353 2148 2410 pa-

575 2441 833 2494 triarcha:
861 2453 1060 2492 nomen
1093 2443 1231 2501 erat,
1257 2451 1432 2505 neque
1467 2443 1648 2488 tamen
1677 2439 1827 2486 tanto
1861 2431 2148 2485 intervallo

575 2531 746 2601 probe
787 2527 1182 2598 commemini).
1217 2525 1281 2580 Hi
1331 2526 1480 2581 varia
1515 2524 1666 2578 illum
1708 2522 1777 2576 ad
1827 2522 2148 2590 corruptela:

575 2621 1017 2692 ﬂagitiorumque
1046 2632 1245 2689 genera
1276 2614 1682 2687 pertrahebant,
1713 2613 2003 2666 mulierum
2031 2622 2148 2667 stu-

576 2727 694 2781 pra,
721 2709 987 2766 nefandas
1006 2709 1281 2771 libidines,
1315 2705 1559 2776 magicas
1587 2697 1917 2776 praestigias,
1946 2703 2146 2773 quibus

575 2801 643 2855 ad
687 2801 1025 2869 cupiditates
1090 2796 1388 2867 explendas
1445 2795 1598 2848 illum
1667 2793 2028 2862 adiuvabant;
2091 2802 2146 2850 et

575 2891 859 2945 amatoriis
917 2889 1190 2944 illecebris
1255 2898 1420 2957 atque
1485 2885 1826 2940 carminibus
1903 2884 1971 2938 ad
2023 2885 2146 2954 ejus

576 2984 920 3053 complexum
984 2990 1263 3036 matronas
1307 2981 1571 3050 ingenuas
1604 2977 1656 3031 vi
1687 2976 1922 3048 quadam
1964 2975 2145 3045 adige—

577 3041 728 3126 bant:
776 3073 842 3125 At
878 3071 1172 3142 Joscpbus.
1205 3081 1258 3126 et
1298 3041 1435 3124 alter
1481 3068 1670 3139 pupilli
1703 3041 1937 3122 ‘curator
1977 3041 2144 3122 Senex
2172 3041 2213 3098 θ

576 3179 806 3234 puerum
850 3164 1005 3234 sequi
1044 3163 1224 3216 coacti
1271 3177 1404 3216 sane
1445 3159 1498 3213 id
1530 3159 1855 3229 permoleste
1893 3157 2057 3222 ferre,
2091 3162 2146 3210 et

575 3256 868 3327 objurgare
924 3270 1312 3325 nonnunquam
1371 3253 1594 3315 verbis,
1648 3258 1704 3306 et
1760 3249 1990 3304 hortari.
2054 3247 2147 3304 llle

573 3346 873 3415 aequalibus
917 3345 1034 3400 suis
1075 3345 1245 3398 multo
1278 3343 1452 3412 magis
1491 3341 1739 3409 obsequi,
1779 3338 1980 3409 ﬂagitia
2022 3353 2142 3408 par-

576 3441 673 3491 tim
709 3434 1132 3501 dissimulando,
1158 3433 1353 3503 partim
1393 3430 1689 3486 inﬁciando
1721 3439 1923 3499 tegere.
1951 3428 2146 3498 .Neque

574 3526 720 3580 enim
743 3532 952 3580 tutores
975 3523 1256 3578 criminari
1287 3537 1350 3576 ac
1371 3521 1594 3591 vulgare
1620 3519 1825 3579 scelera
1849 3519 2026 3587 palam
2048 3533 2147 3572 au-

575 3617 798 3679 debant,
831 3615 926 3670 sed
955 3615 1113 3684 quasi
1154 3612 1442 3668 erudiendi
1479 3611 1654 3682 gratia
1690 3619 1996 3680 opportuna
2029 3623 2142 3663 mo-

576 3709 692 3762 nita
720 3707 1102 3777 suggerebant.
1131 3704 1294 3760 Forte
1323 3702 1535 3758 Gadara
1575 3701 1643 3756 ad
1686 3700 1950 3767 Thermas
1977 3701 2144 3771 proii-

576 3801 883 3854 ciscuntur.
929 3797 1210 3867 Frequens
1240 3797 1350 3851 illic
1371 3803 1642 3850 mercatus
1678 3793 1972 3864 quotannis
2003 3793 2143 3848 cele-

574 3891 793 3956 bratur;
819 3890 886 3944 ad
924 3905 1084 3959 quem
1137 3888 1377 3958 undique
1417 3886 1635 3940 lavandi
1675 3900 1842 3940 causa
1881 3885 2000 3940 dies
2041 3884 2143 3938 ali-

573 3990 707 4051 quot
735 3980 1040 4046 conﬂuunt,
1071 3981 1350 4035 variorum
1378 3979 1444 4033 ad
1475 3979 1790 4032 morborum
1819 3977 2140 4040 remedium,

572 4077 737 4146 idque
776 4072 1134 4129 callidissimo
1164 4069 1428 4127 daemonis
1467 4069 1703 4124 consilio
1751 4069 1978 4139 geritur.
2007 4067 2143 4121 Nam

572 4181 914 4237 quaecunque
936 4166 1053 4220 loca
1083 4165 1288 4220 divinis
1329 4173 1457 4219 sunt
1479 4161 1753 4217 celebrata
1774 4158 2055 4228 prodigiis,
2087 4158 2142 4212 in

575 4257 646 4311 iis
675 4271 740 4311 ex
767 4256 998 4311 adverso
1033 4255 1298 4311 exitiosas
1328 4269 1457 4309 suas
1494 4253 1682 4322 plagas
1712 4251 1938 4305 tendere
1977 4263 2144 4304 cona-

2319 1801 2393 1852 Z'.
2439 1800 2527 1862 Ὠς
2557 1798 2615 1852 δὲ
2662 1800 2718 1853 ἐν
2775 1798 2985 1862 τούτοις
3038 1798 3409 1869 Μτετρίὸετο,
3461 1796 3751 1868 ἀδρύνεται
3800 1796 3839 1848 ό·

2199 1955 2212 1966 ε
2250 1893 2378 1954 παῖς
2400 1891 2429 1942 6
2456 1890 2836 1960 καταλειφθεὶς
2863 1890 2968 1943 ὑπὸ
3003 1889 3191 1961 Ἐλλὴλ
3214 1891 3292 1953 είς
3321 1888 3684 1960 πατριαρχίαν
3704 1905 3832 1959 τρε-

2248 1982 2511 2051 φόμενος⁶
2539 1982 2713 2045 οὐδεὶς
2745 1982 2853 2052 γάρ
2886 1981 3044 2044 ἄλλος
3078 1981 3312 2054 ἁρπάζει
3345 1981 3445 2044 τάς
3475 1978 3653 2049 ἀρχάς
3675 1977 3832 2047 παρὰ

2246 2074 2359 2134 τοῖς
2397 2071 2690 2138 Ἰουδαίοις,
2716 2071 2852 2125 ἀλλά
2879 2073 2994 2135 υίὸς
3019 2072 3229 2143 πατέρα
3251 2072 3570 2141 διαδέχεται.
3610 2070 3700 2132 Ὠς
3735 2065 3832 2123 οὖν

2246 2161 2338 2214 ἐπὶ
2368 2160 2430 2214 τὸ
2476 2162 2709 2232 ἀκμαῖον
2739 2161 2840 2232 τῆς
2872 2161 3085 2233 ἡλικίας
3145 2164 3174 2215 6
3225 2161 3343 2224 νέος
3388 2161 3607 2232 ἤρχετο,
3659 2177 3828 2229 προσ-

2246 2253 2556 2325 εφθείροντο
2579 2252 2728 2324 αὐτῷ
2761 2269 2903 2315 τινες
2933 2254 3121 2323 ἦλικες
3165 2253 3325 2324 ἀργοὶ
3350 2251 3445 2304 καὶ
3486 2251 3676 2315 ἐθάδες
3731 2265 3831 2305 xa-

2247 2344 2358 2398 κῶν
2423 2345 2582 2415 (τάχα
2627 2345 2706 2408 δέ,
2753 2339 2926 2415 οἴμαι,
2969 2343 3168 2406 Ἰούδας
3222 2335 3375 2406 οὗτος
3426 2341 3705 2396 ἐκαλεῖτο·
3769 2342 3836 2394 ού

2247 2435 2388 2490 πάνυ
2422 2435 2479 2488 δέ
2507 2434 2693 2505 σαφῶς
2721 2435 3019 2506 ἐπίσταμαι
3065 2433 3155 2488 διά
3182 2434 3273 2487 τὸν
3305 2433 3534 2504 χρόνον).
3582 2434 3834 2504 Μετέφε-

2248 2543 2340 2598 ρον
2382 2523 2478 2580 οὖν
2514 2527 2676 2580 αὑτὸν
2705 2527 2755 2580 οἱ
2785 2526 3169 2597 συνηλικιιῖηαι
3210 2526 3464 2598 νεώτεροι
3496 2528 3577 2591 είς
3624 2526 3840 2590 πολλὰς

2246 2617 2432 2672 κακῶν
2489 2617 2880 2691 ἐπιτηδεύσεις,
2917 2619 3120 2690 φθοράς
3160 2636 3220 2672 τε
3260 2619 3554 2687 γυναικῶν,
3601 2617 3700 2670 καὶ
3738 2618 3837 2671 λα-

2232 2711 2432 2780 γνείας
2460 2711 2729 2774 ἀνοσίους,
2772 2710 3128 2781 μαγγανείαις
3163 2711 3272 2764 τισὶ
3319 2712 3577 2780 μαγικαῖς
3615 2711 3838 2780 ἐπιχει-

2249 2802 2472 2875 ροῦντες
2502 2802 2650 2872 αὐτῷ
2678 2805 2958 2875 συνεργεῖν
2995 2805 3075 2865 είς
3109 2802 3180 2854 τὰ
3210 2803 3306 2873 τῆς
3337 2801 3647 2867 ἀκολασίας,
3680 2802 3835 2870 ἀγώ-

2245 2893 2388 2965 γιμά
2422 2911 2543 2947 τινα
2569 2892 2958 2959 ἐπιτελοῦντες,
2991 2893 3082 2946 καὶ
3101 2892 3190 2945 διὰ
3219 2891 3481 2947 ἐτωοιδῶν
3512 2891 3842 2961 βιαζόμενοι

2247 2989 2508 3055 γυναῖκας
2564 2984 2854 3056 ἐλευθέρας
2912 2986 3048 3056 πρὸς
3102 2987 3201 3057 τὴν
3255 2985 3445 3038 τούτου
3501 2983 3728 3056 φθοράνπ
3778 2985 3846 3052 ἐξ
3895 3017 3904 3040 ι

2248 3078 2494 3148 ἀνάγκης
2525 3077 2785 3146 ἄγεσθαι.
2824 3077 2884 3130 '0
2931 3077 2988 3130 δέ
3024 3075 3285 3147 Ἰώσηπος
3327 3076 3419 3130 καὶ
3461 3077 3490 3128 6
3523 3076 3622 3129 σὺν
3674 3076 3843 3147 αὐτῷ

2247 3169 2576 3241 πρεσϐύτης,
2619 3169 2860 3238 ἀνάγκην
2906 3167 3119 3238 ἔχοντες
3162 3167 3239 3240 τῷ
3269 3169 3419 3223 παιδί⁷
3463 3167 3842 3234 συνέπεσθαι,

2248 3260 2454 3332 βαρέως
2479 3261 2576 3330 μὲν
2604 3259 2816 3330 ἔφερον,
2837 3259 3095 3324 πολλάκις
3119 3259 3178 3312 δὲ
3195 3260 3290 3313 καὶ
3314 3259 3633 3329 ἐγκλήματα
3653 3277 3846 3331 προσ-ο

2245 3351 2438 3422 έφερον
2479 3350 2567 3404 διὰ
2610 3350 2803 3421 λόγων,
2837 3353 2931 3405 καὶ
2961 3370 3033 3406 πα
3044 3351 3254 3422 ρῄνουν.
3308 3351 3364 3403 Ὀ
3388 3351 3444 3404 δέ
3485 3349 3688 3421 μᾶλλον
3715 3355 3846 3417 τοῖς

2244 3443 2384 3506 νέοις
2406 3441 2676 3505 ἐπείθετο,
2704 3442 2961 3514 κρύπτων
2993 3442 3062 3495 τὰ
3091 3442 3310 3513 αἰσχρὰ,
3345 3443 3439 3495 καὶ
3465 3441 3841 3515 ἀρνούμενος.

2245 3529 2382 3584 Οὔτε
2414 3531 2522 3602 γὰρ
2543 3531 2782 3602 ἐτόλμων
2807 3534 2852 3584 οἱ
2881 3531 3008 3603 περὶ
3046 3528 3308 3602 Ἰώσηπον
3340 3529 3573 3595 ἐξειπεῖν
3604 3531 3674 3583 τὰ
3706 3533 3847 3586 κατ’

2244 3621 2454 3674 ἐκείνου
2495 3620 2711 3693 φανερῷ
2743 3619 2821 3690 τῷ
2859 3620 3022 3691 λόγῳ,
3051 3619 3189 3675 ἀλλά
3216 3619 3286 3676 δι’
3313 3621 3622 3691 ἐπιστήμην
3673 3637 3846 3691 παρ-

2245 3713 2428 3783 ¹ῄνουν.
2464 3711 2862 3784 Παραγίνονται
2905 3711 3036 3780 γοῦν
3087 3712 3168 3775 είς
3199 3711 3417 3782 Γάδαρα
3455 3710 3588 3778 (19),
3626 3712 3717 3774 είς
3768 3712 3848 3764 τὰ

2245 3800 2422 3872 θερμά
2467 3801 2654 3855 ὕδατα.
2687 3803 3000 3872 Πανήγυρις
3043 3800 3101 3854 δὲ
3145 3802 3262 3852 ἐκεῖ
3293 3801 3411 3853 κατ’
3443 3798 3559 3862 έτος
3603 3800 3844 3868 ἄγεται.

2257 3893 2610 3966 Ἀπέρχονται
2651 3892 2760 3964 γὰρ
2808 3891 3140 3962 πανταχόθεν
3177 3893 3226 3945 oi
3265 3891 3572 3963 βουλόμενοι
3623 3891 3846 3945 λούσα-

2246 3982 2369 4037 σθαι
2396 3984 2608 4056 ἡμέρας
2630 3983 2805 4048 τινὰς,
2845 3983 3166 4053 νοσημάτων
3195 3982 3352 4053 δῆθεν
3401 3980 3674 4051 ἀποϐολῆς
3713 3982 3849 4036 Evs-

2244 4093 2360 4142 κεν,
2381 4076 2517 4146 ὅπερ
2544 4075 2658 4128 ἐστὶ
2678 4073 2979 4127 διαϐολικὸν
3013 4074 3396 4144 στρατήγημα.
3429 4070 3598 4125 Ἔνθα
3617 4070 3742 4143 γὰρ
3767 4072 3854 4127 τὰ

2245 4166 2395 4235 παρά
2419 4165 2514 4219 τοῦ
2556 4165 2692 4218 Θεοῦ
2720 4165 2830 4235 (20)
2865 4164 3118 4235 θαύματα
3155 4165 3463 4236 γεγένηται,
3511 4163 3854 4233 προύλαϐεν

2242 4259 2271 4311 6
2291 4258 2356 4310 δι’
2392 4257 2644 4320 ἐναντίας
2671 4255 2842 4309 θεῖναι
2869 4255 3034 4310 αὐτοῦ
3065 4256 3133 4310 τά
3155 4255 3408 4327 ὀλετήρια
3437 4255 3652 4310 δίκτυα.
3703 4259 3847 4312 Ἀν-

576 4350 664 4396 tus
699 4349 802 4396 est.
830 4342 1007 4411 Atque
1039 4342 1152 4396 illic
1172 4343 1275 4397 viri
1307 4357 1430 4397 cum
1477 4339 1802 4395 mulieribus
1831 4338 2141 4409 promiscue

2249 4347 2476 4418 δρόγυνα
2507 4347 2616 4420 γὰρ
2661 4347 2840 4401 ἐκεῖσε
2871 4347 2983 4420 (21)
3014 4345 3281 4401 λούονται.
3314 4346 3471 4400 Κατὰ
3509 4351 3860 4419 συγκυρίαν.

649 4476 757 4542 (17)
798 4473 951 4537 Γάζα
993 4477 1061 4535 δὲ
1093 4477 1496 4546 ἑρμηνεύεται.
1539 4475 1668 4543 Quae
1719 4472 1879 4543 vulgo
1922 4472 2141 4546 Eersica

572 4563 675 4602 vox
711 4547 930 4609 dicitur,
966 4542 1236 4602 eademet
1266 4549 1335 4600 ab
1366 4542 1610 4602 Hebraiis
1630 4542 1911 4616 usurpata.
1939 4542 2137 4598 Ezech.

574 4632 745 4678 xxvii,
774 4617 846 4670 24
871 4627 1020 4675 om:
1063 4625 1192 4670 sunt
1218 4625 1443 4674 manu.

641 4685 753 4764 (18)
780 4684 868 4764 “T6
895 4686 1062 4764 aaut:
1099 4685 1397 4764 Ματθαῑογ
1427 4685 1735 4764 ,Ἐϐρατλςὸν
1772 4685 1986 4764 φυ-ζόις.
2025 4688 2140 4744 Nisi

572 4753 699 4826 vitii
737 4753 945 4826 aliquid
972 4753 1052 4826 ei
1111 4753 1230 4806 loco
1273 4753 1486 4826 subsit,
1517 4755 1681 4823 φυτόν
1713 4754 1973 4826 appellari
2012 4768 2140 4826 puto

572 4822 794 4894 Christi
837 4821 1046 4894 Domini
1099 4823 1491 4894 genealogiam,
1531 4821 1654 4894 qua:
1701 4821 1915 4878 arboris
1967 4821 2142 4884 instar

571 4892 905 4948 conformari
943 4892 1100 4961 vulgo
1134 4893 1292 4948 solet.

641 4963 752 5036 (l9)
794 4962 1223 5036 Hapart'afortat
1273 4963 1431 5036 γοῦζ
1461 4965 1548 5030 εὶς
1588 4962 1864 5036 Γάδαρα.
1901 4964 2142 5022 Meminit

569 5031 977 5088 Gadarenarum
1013 5031 1348 5088 thermarum
1394 5033 1672 5102 Eunapius
1717 5031 1773 5088 in
1801 5033 2139 5091 Jambliclio:

568 5103 730 5177 Meri
862 5103 1058 5177 Δχρόνον
1106 5105 1227 5177 τινὰ
1263 5103 1422 5177 δόξαν
1453 5104 1754 5177 αὑτοίςγέπὶ
1787 5105 1856 5158 τὰ
1902 5106 2138 5177 Γάδαρα,

569 5171 747 5247 (ἱερμά
771 5171 970 5247 eam
1001 5172 1200 5247 ἕωρά
1229 5174 1327 5247 sic.
1357 5174 1575 5247 Συρίαςς
1601 5175 1708 5247 τῶν
1749 5192 1832 5247 γε.
1861 5177 2018 5247 μετὰ.
2040 5171 2140 5247 ἑὴν

579 5239 892 5314 Ῥωμαϊκὴν
926 5239 1198 5314 ἐνΑΒαίσὶις
1242 5239 1501 5314 δεύτερα·
1537 5239 1771 5309 ἐκείνοις
1790 5244 1846 5298 δέ
1861 5239 1970 5298 ὀὐκ
1996 5239 2140 5299 ἐστίν

568 5309 733 5387 ἔτερα
756 5309 1230 5387 παραϐάλλεσθαιο
1268 5309 1590 5387 πορεύονται
1615 5314 1670 5366 δὲ
1697 5314 1837 5387 κατά
1864 5315 1960 5387 τὴν
1992 5314 2140 5387 ὤραν

569 5377 746 5450 είςτά
775 5377 992 5450 Γάδαρα
1024 5380 1114 5432 τοῦ
1149 5381 1320 5445 ἔτους,
1344 5377 1456 5436 ἰξιο.
1495 5382 1594 5438 Ubi
1627 5393 1678 5438 et
1710 5384 1886 5439 fontes
1918 5377 2056 5439 duos
2083 5387 2140 5439 in

567 5463 636 5524 eo
660 5449 778 5524 loco
809 5446 976 5503 fuisSe
999 5451 1264 5524 meminit,
1292 5468 1520 5524 quorum
1567 5455 1720 5506 alteri
1753 5454 1951 5524 Ἔρως,
1983 5455 2137 5510 alteri

585 5516 850 5592 Ἀντέρως
880 5533 1076 5592 nomen
1107 5521 1225 5582 fuit,
1259 5516 1323 5573 ett
1359 5523 1557 5589 quibus
1593 5516 1849 5592 puerulos
1874 5525 2012 5579 duos
2046 5543 2142 5578 cu-

565 5588 808 5657 iusmodi
865 5587 1114 5659 videlicet
1167 5587 1388 5658 amores
1441 5587 1756 5659 tinguntur,
1804 5591 2140 5648 Jamhlichus

573 5674 763 5727 magus
814 5658 1031 5714 excivit.
1069 5657 1135 5712 Ut
1184 5657 1454 5729 intelligas
1502 5657 1838 5731 quantopere
1869 5663 1958 5718 ille
1990 5665 2139 5719 locus

2241 4482 2523 4564 amatoriis
2569 4483 2841 4539 illecebris
2871 4499 2937 4539 ac
2971 4483 3294 4539 libidinibus
3319 4491 3668 4553 opportunus
3704 4484 3860 4542 fue-

2245 4564 2334 4607 ιἰι.

2313 4621 2425 4693 (20)
2468 4623 2662 4693 Ἐνᾷαί
2690 4622 2802 4693 γὰρ
2827 4622 2899 4677 τὰ
2933 4623 3091 4691 παρὰ
3118 4621 3225 4676 τοῦ
3261 4621 3427 4677 Θεοῦ.
3468 4619 3680 4693 Eodem
3719 4624 3857 4680 das-

2241 4689 2419 4745 monis
2473 4689 2719 4761 artiticio"
2755 4689 2956 4746 factum
3003 4689 3108 4758 est,
3140 4694 3286 4761 quod
3335 4698 3523 4745 narrat
3581 4689 3855 4750 Hieron.

2241 4775 2326 4829 ep.
2349 4760 2416 4814 15
2451 4777 2464 4813 :
2502 4760 2582 4812 Ab
2617 4761 2848 4815 Adriani
2878 4760 3190 4828 temporibus
3234 4777 3393 4827 usque
3422 4761 3489 4812 ad
3531 4761 3858 4829 imperium

2241 4828 2593 4894 Constantini,
2621 4847 2712 4900 per
2742 4847 2907 4900 annos
2929 4832 3136 4884 circiter
3162 4845 3358 4894 ccxxx,
3389 4831 3439 4882 in
3470 4829 3585 4882 loco
3613 4828 3858 4887 Resur-

2241 4899 2486 4953 rectionis
2514 4899 2857 4953 simulacrum
2881 4899 3048 4963 Jovis,
3079 4902 3134 4953 in
3171 4899 3355 4954 Crucis
3384 4915 3510 4966 rupe
3538 4908 3742 4954 statua
3776 4922 3860 4957 ea:

2241 4985 2503 5040 marmore
2541 4967 2754 5023 Veneris
2782 4987 2813 5022 a
2837 4969 3072 5040 gentibus
3103 4971 3278 5038 posita
3301 4970 3601 5040 colebatur;
3629 4971 3856 5026 existi-

2240 5037 2507 5092 montibus
2540 5037 2912 5107 persecutionis
2940 5037 3418 5107 auctoribus,quod
3447 5037 3698 5092 tollerent
3735 5060 3859 5096 no-

2241 5055 2507 5092 manrwus
2575 5055 2912 5094 ersecuuoms
2940 5055 3417 5107 aucrorwus,quoa
3447 5055 3698 5092 touerent
3735 5060 3859 5096 no-

2241 5107 2318 5180 bis
2345 5055 2945 5180 ﬁdemﬁesurrectionis
2978 5119 3026 5162 et
3054 5107 3260 5180 Cfttcis,
3291 5109 3338 5162 si
3367 5109 3481 5162 loca
3514 5118 3717 5180 sancta
3744 5129 3861 5180 per

2241 5177 2386 5247 idola
2414 5178 2744 5246 polluissent.
2782 5178 2914 5232 Nam
2967 5187 3020 5233 et
3071 5178 3396 5234 Gadarenus
3442 5191 3574 5247 ager
3607 5177 3862 5239 (itu-isti

2242 5246 2455 5318 Domini
2494 5249 2777 5316 praesentia
2805 5264 2869 5303 ac
2901 5249 3180 5302 miraculis
3204 5246 3512 5318 celebratus
3533 5256 3632 5318 est
3659 5249 3866 5318 (Luc.

2242 5317 2456 5392 Vlll,_57
2481 5318 2520 5387 ),
2567 5334 2687 5388 qua:
2729 5327 2858 5392 sunt
2899 5318 3088 5392 illaab:
3119 5317 3269 5392 παρὰ
3301 5318 3393 5372 τοῦ
3423 5316 3568 5392 Θεοῦ-
3595 5316 3867 5390 θαῦμα-

2241 5404 2327 5439 τα.
2360 5386 2679 5457 Quanquam
2709 5397 2760 5459 et
2795 5387 2863 5441 ad
2893 5388 3157 5443 medicam
3197 5386 3460 5459 aquarum
3519 5390 3632 5442 vim
3673 5386 3869 5449 uior-

2242 5459 2547 5525 bonumque
2575 5458 2813 5512 remedia
2843 5461 3015 5526 possit
3045 5459 3232 5512 referri

2312 5527 2424 5595 (21)
2475 5526 2825 5595 Ἀνδρόγυνα
2861 5527 2973 5596 γὰρ
3009 5527 3224 5581 ἐκεῖσε.
3265 5527 3398 5581 Mira
3449 5527 3604 5580 vocis
3656 5544 3880 5588 usur-

2243 5597 2411 5718 patio,
2471 5612 2577 5664 qua
2636 5597 2974 5664 promiscnas
3023 5598 3310 5667 utriusque
3362 5613 3528 5652 sexus
3590 5597 3874 5662 balneas

2270 5669 2412 5718 uisse
2435 5665 2722 5718 siunilicat.
2761 5665 2846 5718 Est
2871 5669 3012 5718 enim
3038 5666 3651 5718 ἀνδώγυνονλούεσθαι.
3686 5671 3874 5718 ἰιὶρη.

2270 5669 2412 5722 uisse
2435 5665 2722 5736 signiﬁcat.
2761 5665 2846 5721 Est
2871 5669 3012 5721 enim
3038 5665 3359 5739 ἀνδρόγυνον
3373 5666 3652 5733 λούεσθαι,
3686 5671 3878 5732 idem
