3946 6074
539 236 646 294 H9

1935 223 1993 279 S.
2038 223 2375 280 EPIPHANII

3678 224 3787 280 420

541 353 745 407 factum
788 354 894 413 est,
938 352 999 399 ut
1026 342 1144 398 hac.
1174 342 1301 423 seni
1352 340 1529 406 alteri,
1566 339 1661 411 qui
1701 354 1824 394 cum
1863 338 2104 410 Josepho

2217 341 2306 411 τῆς
2335 338 2740 410 προειρημένης
2767 335 3043 407 γυναικός.
3088 336 3183 390 Ἐκ
3210 333 3347 389 Θεοῦ
3389 335 3447 390 δέ
3480 334 3788 408 βουλήσεως

538 454 679 505 erat,
711 440 765 495 in
819 441 1058 493 animum
1101 433 1364 489 venerint.
1412 430 1514 497 Qui
1552 446 1611 485 re
1663 431 1879 502 cognita
1922 430 2106 485 omnia

542 550 665 589 cum
702 529 936 599 Josepho
991 524 1380 580 communicat.
1436 522 1516 576 Ac
1558 522 1788 591 primum
1827 521 2108 575 calamita-

540 631 649 678 tem
695 634 846 676 suam
891 617 1182 686 deplorans
1215 612 1298 668 :0
1345 628 1467 677 nos,
1508 611 1694 676 frater,
1727 612 1980 674 miseros,
2027 611 2111 666 iu-

540 713 681 781 quit,
737 724 801 764 ac
837 721 965 761 vasa
1016 704 1257 775 perdita!
1310 703 1530 759 cuinam
1572 701 1803 772 appositi
1853 701 2108 757 custodes

546 802 772 854 sumus?
804 796 942 864 Quid
987 796 1061 850 rei
1110 800 1256 850 esset
1301 791 1616 848 sciscitatus
1647 790 1935 861 Josephus,
1972 791 2110 847 nihil

542 904 668 948 ante
701 890 887 945 verbis
921 889 988 943 ab
1035 886 1101 942 eo
1140 885 1349 949 didicit,
1381 899 1545 954 quam
1583 898 1747 936 manu
1776 882 2107 953 prehensum

525 974 705 1041 ’senex
745 984 798 1036 in
838 997 962 1035 eum
1005 980 1182 1033 locmn
1219 976 1422 1038 eduxit,
1469 976 1561 1029 ubi
1601 988 1725 1027 cum
1764 975 2110 1029 adolescente

539 1078 751 1133 nefaria
786 1076 874 1128 illa
905 1087 1100 1127 manus
1130 1071 1275 1123 inter
1313 1076 1655 1122 mortuorum
1681 1066 1864 1130 busta,
1904 1065 2111 1119 maleﬁ-

540 1171 608 1225 cii
645 1184 833 1232 cansa,
869 1168 1219 1219 Convenerat.
1261 1158 1398 1229 Ergo
1427 1157 1504 1210 illi
1534 1155 1667 1211 foris
1698 1156 1762 1210 ad
1800 1156 2108 1226 ingressum

539 1269 753 1317 Stantes
787 1256 989 1321 omnia,
1026 1266 1146 1323 qua:
1195 1252 1262 1304 ab
1303 1251 1370 1304 iis
1401 1248 1609 1314 ﬁerent,
1660 1248 1982 1312 exaudiunt,
2017 1247 2112 1301 iis-

456 1358 463 1363 '
542 1352 774 1418 denique
808 1345 1139 1400 abeuntibus
1164 1358 1221 1396 se
1252 1341 1585 1396 subducunt.
1622 1338 1807 1410 Neque
1836 1340 1981 1393 enim
2015 1338 2111 1393 ad-

541 1440 759 1494 modum
796 1432 1286 1505 advcsperascebat
1315 1451 1327 1486 :
1364 1431 1459 1487 sed
1503 1438 1692 1501 utpote
1725 1430 1828 1485 sub
1854 1444 2109 1485 occasum

496 1580 501 1587 .
537 1532 670 1585 solis
709 1528 873 1584 dubia
907 1528 1028 1581 luce
1071 1524 1306 1580 discerni
1340 1522 1520 1577 adhuc
1545 1521 1722 1577 oculis
1764 1521 1969 1592 aliquid
2013 1537 2112 1592 po-

539 1628 698 1675 terat.
725 1619 843 1673 Mox
870 1617 1151 1673 sceleratis
1176 1615 1282 1670 illis
1322 1631 1352 1668 a
1389 1616 1642 1685 sepulcro
1669 1614 1955 1685 digressis,
1985 1629 2108 1668 cum

2208 434 2288 496 είς
2321 428 2444 485 νοῦν
2473 430 2646 484 ταῦτα
2676 426 2809 501 ἦλθε
2838 429 2931 482 τοῦ
2960 426 3122 483 ἄλλου
3146 427 3541 500 πρεσϐυτέρου,
3570 427 3666 481 τοῦ
3690 430 3798 485 σὺν

2223 521 2467 591 Ἰωσήπῳ
2507 521 2885 591 τυγχάνοντος.
2925 519 2985 572 '0
3029 517 3108 580 δὲ,
3143 515 3465 599 αἰσθόμενος
3504 517 3614 572 τῶν
3639 536 3786 587 γινο-

2212 613 2406 684 μένων,
2448 611 2526 683 τῷ
2569 614 2815 683 Ἰωσήπῳ
2843 608 3240 664 ἀνακοινοῦται.
3282 609 3394 664 Καὶ
3434 608 3654 681 πρῶτον
3688 611 3788 681 μὲν

2207 705 2497 769 ταλανίσας
2516 704 2726 768 ἐαυτὸν,
2743 703 2867 774 ἔφη’
2884 702 3144 765 Τάλανες,
3162 700 3347 771 φησὶν,
3360 702 3547 771 ἡμεῖς,
3569 698 3786 770 ὰδελφὲ,

2209 798 2303 850 καὶ
2323 796 2598 859 ἀπωλείας
2620 795 2810 865 σκεύη,
2836 795 2939 869 τίνι
2963 791 3396 864 προσεδρεύομεν
3419 808 3434 857 ;
3463 795 3491 846 ὁ
3511 793 3571 847 δὲ
3611 792 3787 865 Ἰώση-

2210 903 2329 949 πος,
2361 885 2459 957 τὴν
2493 885 2671 939 αἰτίαν
2699 884 3002 961 ἐρωτήσας,
3034 885 3096 937 ού
3132 885 3394 956 πρότερον
3425 885 3629 955 ἤκουσε
3656 887 3788 955 παρ’

2209 975 2372 1029 αὐτοῦ
2404 974 2492 1029 διὰ
2522 975 2717 1045 λόγων,
2744 975 2893 1048 πρὶν,
2931 973 3095 1029 αὑτοῦ
3117 974 3409 1046 λαϐόμενος
3436 976 3539 1046 τῆς
3560 976 3790 1047 χειρὸς-ὀ

2212 1066 2541 1139 πρεσϐύτης,
2569 1068 2824 1138 ἀπήγαγε
2845 1065 2936 1119 τὸν
2978 1065 3259 1137 Ἰώσηπον,
3282 1066 3409 1120 ἔνθα
3425 1067 3487 1120 τὸ
3513 1066 3790 1138 ἄθροισμα

2210 1158 2258 1211 οἱ
2276 1158 2586 1230 φθοριμαῖοι
2605 1158 2744 1229 μετὰ
2766 1157 2858 1211 τοῦ
2885 1158 3149 1229 νεωτέρου
3171 1160 3228 1213 ἐν
3250 1160 3483 1230 τοῖςομνή
3492 1177 3629 1230 μασι
3650 1178 3791 1229 μαγ-

2210 1249 2437 1318 γανείας
2487 1249 2649 1302 ἓνεκα
2682 1247 2980 1302 ἐποιοῦντο.
3023 1247 3135 1302 Καὶ
3180 1247 3284 1312 ἔξω
3341 1248 3438 1318 μὲν
3473 1249 3576 1318 τῆς
3621 1248 3791 1320 θύρας

2214 1339 2457 1403 στάντες,
2487 1338 2558 1393 τὰ
2587 1341 2719 1411 παρ’
2752 1338 2979 1392 ἐκείνων
3005 1338 3264 1409 γινόμενα
3304 1336 3789 1409 κατηκροάσαντοθ

2211 1431 2435 1485 ἐκείνων
2455 1429 2512 1484 δὲ
2540 1429 2813 1494 ἐξιόντων,
2859 1427 3238 1499 ὑπεχώρησαν.
3269 1427 3435 1482 Οὔπω
3465 1429 3578 1499 γὰρ
3620 1428 3789 1499 πολλὴ

2213 1523 2421 1594 ἑσπέρα
2449 1517 2539 1591 ἦν,
2566 1520 2701 1575 ἀλλὰ
2729 1520 2805 1584 ὡς
2836 1520 2973 1592 πρὸς
2999 1520 3170 1591 αὐτὴν
3197 1520 3294 1591 τὴν
3323 1521 3471 1592 ἡλίου
3500 1521 3677 1584 δύσιν,
3709 1522 3788 1575 ἔτι

2212 1613 2510 1684 δυναμένου
2563 1612 2837 1684 ὀφθαλμοῦ
2872 1612 3132 1682 ἀμαυρῶς
3180 1612 3326 1666 ἰδεῖν.
3355 1612 3511 1666 Μετὰ
3560 1608 3654 1666 οὖν
3688 1613 3790 1685 τὴν

539 1712 747 1775 collega
788 1708 1059 1776 Iosephus
1095 1706 1416 1777 ingreditur.
1461 1695 1534 1759 lbi
1588 1704 1977 1759 maleﬁciorum
2023 1705 2110 1759 in-

2217 1703 2319 1758 τῶν
2367 1703 2744 1758 ἀσεϐεστάτων
2778 1702 2954 1769 ἔξοδον
2994 1702 3104 1756 ἀπὸ
3132 1701 3225 1756 τοῦ
3267 1703 3534 1773 μνημείου
3568 1704 3619 1756 οί
3661 1707 3789 1776 περὶ

536 1806 839 1854 stramenta
892 1796 1170 1877 reperiunt
1224 1796 1281 1849 in
1326 1795 1551 1848 humum
1597 1794 1834 1863 abjecta,
1862 1810 2000 1864 quae,
2051 1800 2111 1847 ut

539 1891 741 1955 aiebat,
775 1889 1015 1942 humano
1040 1894 1167 1955 potu
1193 1894 1256 1939 ac
1284 1885 1549 1954 sanguine
1585 1898 1830 1954 aspersa,
1861 1885 2110 1939 immisto

539 1982 761 2051 pulvere
805 1976 1565 2047 discedentesreliquerant.
1602 1974 1744 2028 Tum
1791 1990 1922 2029 vero
1961 1988 2111 2030 com-

542 2080 705 2140 perta:
730 2070 943 2123 illorum
974 2065 1209 2132 insidiae,
1251 2065 1639 2134 cognitumque
1663 2064 1821 2133 cujus
1855 2064 1969 2119 lucc
1992 2079 2111 2119 mu-

541 2161 686 2214 lieris
715 2172 881 2212 causa
923 2156 1286 2221 molirentur;
1323 2154 1507 2222 itaque
1536 2162 1796 2222 quantum
1829 2163 1976 2207 artes
2006 2153 2113 2207 illa:

537 2259 757 2321 possent
776 2245 1185 2316 exspectabant.
1209 2244 1341 2298 Cum
1367 2242 1499 2296 nihil
1524 2241 1748 2296 veneﬁci
1776 2241 1863 2296 isti
1891 2256 2111 2311 promo-

538 2341 770 2404 vissent,
801 2352 864 2391 ac
888 2354 945 2392 se
982 2336 1179 2389 mulier
1200 2342 1254 2388 et
1281 2332 1486 2387 Christi
1520 2332 1696 2401 signo,
1728 2342 1784 2385 et
1818 2332 1939 2387 ﬁdei
1969 2348 2110 2403 pra:-

537 2431 680 2486 sidio
706 2428 1038 2487 defenderet,
1074 2427 1351 2496 cognitum
1396 2433 1505 2488 est,
1551 2424 1959 2479 adolescentem
1998 2434 2112 2479 tres

541 2523 782 2589 integras
815 2526 1008 2573 noctes
1041 2517 1188 2571 illius
1233 2515 1534 2569 allicienda:
1565 2515 1741 2584 gratia
1772 2514 2109 2580 substitisse,

538 2633 603 2671 ac
650 2618 865 2670 domum
910 2628 1006 2682 spe
1063 2628 1161 2667 sua
1205 2610 1526 2664 frustratum
1575 2602 2113 2677 cumimpostoribus

537 2707 718 2778 iurgio
764 2706 1133 2762 contendisse.
1180 2703 1424 2756 Tertium
1473 2701 1576 2753 hoc
1632 2698 1900 2768 Iosephus
1939 2698 2111 2752 docu-

539 2807 779 2854 mentum
835 2792 1159 2853 Christiana:
1215 2793 1498 2863 religionis
1534 2791 1747 2856 habuit,
1809 2806 1917 2861 quo
1975 2788 2113 2844 nihil

539 2893 805 2945 adversus
836 2888 1041 2943 Christi
1091 2901 1289 2940 nomen
1343 2883 1639 2951 crucisque
1682 2883 1896 2951 signum
1933 2883 2114 2937 valere

541 2981 805 3037 tualeﬁcia
832 2979 1120 3047 comperit,
1162 2992 1337 3046 neque
1371 2981 1658 3045 propterea
1680 2974 2026 3031 Christianus
2056 2979 2115 3026 ut

478 3124 485 3129 .
539 3086 683 3133 esset
710 3076 768 3129 in
801 3074 1041 3128 animum
1072 3070 1306 3125 induxit.

610 3166 702 3220 ιχ.
746 3164 1058 3220 Secundum
1089 3164 1203 3217 haec
1230 3160 1487 3216 Christus
1527 3161 1575 3215 ei
1607 3177 1665 3216 se
1696 3161 1751 3214 in
1783 3157 1991 3214 somnis
2016 3155 2118 3210 ob-

542 3258 698 3327 iicit:
743 3256 839 3321 Et,
881 3254 1010 3326 Ego,
1053 3254 1253 3323 inquit,
1302 3269 1419 3305 sum
1465 3251 1659 3316 Iesus,
1703 3266 1854 3319 quem
1891 3249 2119 3316 majores

543 3350 623 3402 tui
654 3351 708 3403 in
765 3363 972 3400 crucem
1019 3353 1230 3415 egerunt
1256 3358 1274 3396 :
1303 3342 1524 3412 proinde
1578 3343 1629 3395 in
1679 3358 1759 3395 me
1798 3340 2014 3394 credito.
2051 3342 2122 3394 At

541 3439 811 3507 Josephus
840 3453 909 3492 ne
932 3438 1004 3489 ita
1027 3436 1181 3505 133
1197 3434 1413 3503 quidem
1438 3433 1727 3501 perpulsus
1748 3432 2119 3486 vehementem

546 3530 601 3582 in
648 3529 895 3580 morbum
940 3540 1003 3580 ac
1040 3528 1383 3595 desperatum
1426 3524 1637 3577 incidit.
1685 3523 1821 3578 Tum
1860 3522 2122 3577 Dominus

544 3614 595 3673 ei
632 3632 824 3671 rursus
866 3632 1131 3686 apparens
1165 3624 1222 3669 ut
1250 3617 1303 3670 in
1340 3631 1397 3671 se
1432 3613 1679 3670 crederet
1722 3616 1995 3678 hortatur,
2047 3614 2121 3667 ita

547 3708 876 3764 valetudinis
918 3718 1221 3777 compotem
1257 3708 1519 3762 futurum.
1564 3707 1680 3764 Hoc
1724 3710 1815 3764 ubi
1848 3708 2119 3763 facturum

547 3801 753 3869 recepit
776 3814 839 3855 ac
869 3808 1088 3869 repente
1119 3800 1412 3864 convaluit,
1448 3800 1504 3854 in
1534 3800 1722 3855 eadem
1756 3801 1925 3856 animi
1957 3800 2122 3856 obsti-

549 3893 770 3948 natione
819 3892 1073 3962 perstitit.
1113 3889 1291 3957 Quare
1327 3890 1567 3947 secundo
1590 3891 1646 3945 in
1684 3891 1934 3945 morbum
1974 3891 2122 3947 dela-

547 4003 701 4058 psus,
739 4001 803 4041 ac
824 3984 1049 4056 perinde
1077 3985 1424 4054 desperatus.
1456 3999 1581 4039 cum
1606 3984 1719 4053 jam
1749 3984 1955 4041 instare
1986 3994 2121 4042 tem-

547 4093 650 4147 pus
687 4089 990 4132 extremum
1019 4074 1189 4131 Judati
1220 4077 1368 4130 illius
1394 4076 1609 4146 cognati
1639 4076 1943 4141 crederent,
1974 4078 2119 4146 quod

545 4171 615 4225 ab
643 4170 711 4224 iis
742 4176 952 4224 secreto
980 4167 1092 4222 ﬁeri
1120 4168 1258 4223 solet
1288 4166 1603 4238 mysterium
1625 4183 1768 4237 arger
1796 4168 1986 4222 audiit.
2023 4169 2120 4222 Et»

546 4262 691 4315 enim
729 4276 793 4314 ex
829 4259 1156 4331 legisperiti's
1190 4260 1410 4329 quidam
1441 4267 1571 4313 natu
1602 4259 1823 4329 grandis
1854 4259 2118 4314 accedens

2224 1794 2486 1866 Ἰώσηπον
2536 1793 2816 1865 εἰσῆλθον·
2848 1795 2942 1847 καὶ
2995 1794 3472 1865 καταλαμϐάνουσι
3515 1795 3610 1848 καὶ
3654 1795 3790 1849 ἄλλα

2211 1886 2332 1941 τινὰ
2365 1886 2774 1961 ἐπιτηδεύματα
2808 1885 3127 1956 περιεργίας
3147 1886 3321 1956 χαμαὶ
3353 1887 3685 1957 ἐρριμμένα,
3707 1882 3791 1950 οἷς

2213 1977 2690 2050 προσκενώσαντες
2721 1973 2871 2049 οὖρα,
2900 1977 2995 2030 καὶ
3031 1970 3189 2048 αἷμα,
3226 1975 3475 2048 μίξαντες
3511 1977 3681 2042 κόνιν,
3712 1977 3791 2042 ὡς

2213 2074 2418 2134 ἐκεῖνος
2461 2069 2585 2141 ἔφη,
2636 2069 2879 2140 ἐξῆλθον.
2913 2071 3197 2139 Ἔγνωσαν
3225 2067 3281 2122 δὲ
3322 2067 3421 2140 τὴν
3470 2069 3788 2138 ἐπιϐουλὴν,

2211 2163 2300 2217 διὰ
2345 2163 2504 2216 ποίαν
2543 2165 2777 2231 γυναῖκα
2822 2163 3005 2226 αὐτοῖς
3041 2161 3425 2233 ἐκακουργήθη
3471 2161 3665 2225 ταῦτα,
3695 2163 3791 2215 καὶ

2215 2251 2619 2323 παρετηροῦντο
2646 2253 2694 2304 εί
2724 2250 3163 2322 κατισχύσουσιν.
3204 2252 3293 2313 Ὠς
3316 2245 3406 2304 οὖν
3443 2251 3504 2303 ού
3531 2251 3793 2322 κατίσχυ-

2216 2360 2314 2397 σαν
2341 2345 2389 2396 οί
2432 2342 2627 2413 γόητες
2654 2342 2776 2413 (διὰ
2802 2342 2913 2413 γὰρ
2955 2341 3054 2413 τῆς
3098 2342 3389 2413 σφραγῖδος
3422 2342 3518 2395 τοῦ
3549 2342 3792 2412 Χριστοῦ

2215 2434 2309 2489 καὶ
2342 2436 2576 2499 πίστεως
2602 2434 2870 2506 ἐϐοηθήθη
2907 2435 2940 2505 ἡ
2966 2434 3104 2506 γυνὴ
3122 2433 3141 2505 )
3158 2473 3173 2497 ,
3206 2434 3449 2503 ἔγνωσαν
3475 2434 3566 2488 τὸν
3594 2432 3795 2489 νεώτε-

2218 2544 2309 2598 ρον
2330 2530 2385 2580 ἐν
2408 2527 2555 2598 τρισὶ
2577 2524 2694 2590 νυξὶ
2717 2525 2804 2579 διὰ
2825 2525 2922 2596 τὴν
2944 2522 3038 2578 τοῦ
3066 2525 3282 2594 γυναίου
3307 2525 3491 2595 ἄφιξιν
3518 2543 3797 2598 προσκαρ-

2214 2618 2540 2687 τερήσαντα,
2568 2618 2649 2679 είς
2686 2616 2910 2689 ὕστερον
2939 2615 2996 2669 δέ
3028 2617 3402 2687 μαχεσάμενον
3432 2621 3545 2682 τοῖς
3564 2618 3662 2687 τὴν
3694 2636 3798 2672 πει

2218 2707 2463 2778 ριεργίαν
2525 2709 2951 2778 ποιησαμένοις,
3012 2709 3093 2761 ὅτι
3153 2704 3557 2781 ούκέπέτυχε.
3621 2710 3798 2765 Τοῦτο

2196 2797 2397 2869 ’τρίτον
2437 2796 2516 2868 τῷ
2562 2796 2808 2869 Ἰωσήπῳ
2865 2800 3218 2871 κατηχήσεως
3254 2800 3414 2871 ἔργον
3452 2802 3682 2870 ἐγίνετο,
3712 2803 3799 2856 ὅτι

2216 2890 2316 2942 οὐκ
2344 2890 2581 2959 ἴσχυσεν,
2615 2889 2744 2943 ἔνθα
2770 2890 2941 2961 ὄνομα
2963 2891 3200 2963 Χριστοῦ
3227 2894 3322 2946 καὶ
3361 2894 3596 2964 σφραγὶς
3621 2910 3797 2948 σταυ-

2143 3028 2185 3083 C
2223 2978 2337 3048 ροῦ,
2373 2979 2722 3049 φαρμακείας
2755 2978 3002 3051 δύναμις.
3037 2983 3111 3034 Οὐ
3152 2982 3258 3054 μὴν
3296 2983 3353 3036 δὲ
3386 2984 3612 3055 ἐπείσθη
3657 2983 3804 3056 Χρι-

2169 3062 2185 3081 ¹
2221 3071 2431 3134 στιανὸς
2461 3071 2733 3139 γενέσθαι.

2287 3162 2363 3217 Θ’.
2393 3164 2622 3216 Ἔπειτα
2675 3163 2920 3232 φαίνεται
2974 3164 3122 3236 αύτῷ
3170 3168 3227 3219 ἐν
3270 3167 3456 3230 ὕπνοις
3494 3168 3523 3219 ὁ
3565 3164 3799 3239 Κύριος,

2219 3254 2462 3322 φάσκων,
2507 3255 2586 3308 ὅτι
2624 3253 2764 3324 Ἐγώ
2798 3257 2916 3325 ειμι
2960 3256 3218 3325 Ἰησοῦς,
3261 3257 3334 3311 ὃν
3372 3260 3427 3312 οἱ
3468 3258 3567 3312 σοὶ
3596 3261 3805 3329 τον-εἴς

2217 3344 2607 3411 ἐσταύρωσαν
2630 3361 2643 3376 ο
2696 3345 2858 3400 ἀλλὰ
2910 3347 3156 3401 πίστευε
3194 3349 3282 3413 εἰς
3329 3347 3454 3417 ἐμέ.
3496 3349 3554 3401 '0
3576 3350 3655 3413 δὲ,
3685 3350 3803 3403 οὐδ’

2219 3434 2361 3488 οὕτω
2412 3436 2672 3501 πεισθεὶς,
2701 3438 2945 3492 ὑπέπεσε
2997 3439 3136 3510 νόσῳ
3178 3439 3410 3510 μεγάλῃ,
3454 3441 3546 3493 καὶ
3580 3441 3803 3511 ἀπηγοο

2221 3525 2408 3597 ρεύθη.
2447 3527 2505 3601 ’ρ
2536 3527 2593 3580 δὲ
2640 3527 2845 3600 Κύριος
2874 3529 3034 3583 πάλιν
3072 3530 3367 3585 ὁπτάνεται
3414 3531 3585 3602 αύτῷ,
3617 3534 3806 3604 φήσας

2221 3618 2367 3690 αύτῷ
2414 3620 2708 3686 πιστεύειν,
2750 3621 2844 3675 καὶ
2892 3608 3227 3693 ἰαθήσεσθαι.
3279 3622 3337 3676 '0
3373 3621 3431 3674 δὲ
3468 3621 3809 3691 ἐπαγγειλὰ-

2224 3726 2380 3779 μενος
2412 3708 2703 3780 ἀνέσφηλε,
2739 3711 2834 3763 καὶ
2868 3710 3029 3764 πάλιν
3053 3710 3272 3779 ἐνέμενε
3297 3714 3363 3783 τῇ
3398 3711 3799 3785 σκληραυχείᾳ.

2220 3801 2313 3864 Εἰς
2334 3799 2588 3872 δευτέραν
2607 3802 2663 3856 δὲ
2691 3801 2850 3855 πάλιν
2880 3803 3177 3856 ὑποπίπτει
3211 3802 3385 3869 νόσον,
3415 3805 3510 3858 καὶ
3533 3805 3806 3871 ὡσαύτως

2220 3891 2590 3965 ἀπηγορεύθη.
2641 3892 3008 3962 Ὑποληφθεὶς
3035 3892 3092 3945 δὲ
3118 3892 3375 3964 τελευτᾷν
3409 3893 3527 3963 (34)
3555 3894 3662 3947 ὑπὸ
3690 3895 3806 3950 τῶν

2222 3984 2500 4053 συγγενῶν
2555 3984 2721 4039 αὐτοῦ
2769 3984 3055 4051 Ἰουδαίων,
3089 3983 3149 4037 τὸ
3185 3985 3314 4056 παρ’
3355 3985 3537 4039 αὐτῶν
3562 3985 3650 4039 ἀεὶ
3697 4005 3806 4058 μυ-

2222 4075 2534 4147 στηριωδῶς
2562 4058 2842 4146 γινόμενον
2871 4075 3023 4145 παρὰ
3064 4075 3268 4129 τούτων
3288 4076 3509 4146 ἤκουσε.
3541 4076 3665 4131 Τῶν
3690 4079 3808 4149 γὰρ

2220 4167 2542 4239 νομομαθῶν
2579 4167 2719 4239 ἀνήρ
2746 4185 2832 4231 τις
2872 4166 3239 4239 πρεσϐύτερος
3276 4166 3446 4221 ἐλθὼν
3490 4169 3571 4232 είς
3599 4168 3661 4222 τὸ
3706 4166 3811 4234 οῦς

2220 4248 2382 4310 αὐτοῦ
2425 4258 2728 4328 ἀπήγγειλε
2769 4259 2943 4327 λέγων
2973 4259 3076 4326 ὅτι,
3116 4259 3370 4312 Πίστευε
3416 4259 3664 4327 Ἰησοῦν
3695 4261 3811 4315 τόν

548 4348 695 4402 illius
720 4348 834 4401 haec
871 4349 1097 4404 auribus
1127 4349 1505 4404 insusurrabat
1530 4367 1544 4403 :
1570 4347 1757 4415 Crede,
1795 4348 1992 4418 inquit,
2024 4346 2115 4403 ,Ιο-

2218 4347 2670 4417 ἐσταυρωμέιγον
2723 4349 2821 4402 ἐπὶ
2871 4350 3127 4403 Ποντίου
3187 4348 3449 4402 Πιλάτου
3483 4350 3807 4420 ἡγεμόνος,

548 4426 665 4492 sum
699 4438 793 4492 sub
819 4439 1009 4493 Pontio
1030 4440 1209 4495 Pilato
1257 4443 1403 4496 cruci
1436 4442 1647 4510 animum
1681 4440 1778 4496 Dei
1808 4439 2034 4503 Filium,
2066 4450 2116 4495 et

2227 4436 2364 4491 Υἱόν
2387 4438 2533 4491 Θεοῦ
2563 4437 2727 4503 ὄντα,
2758 4438 2856 4491 καί
2889 4438 2958 4491 ἐκ
2980 4437 3208 4505 Μαρίας
3232 4437 3494 4506 ὕστερον
3524 4455 3812 4509 γεγεννη-

546 4543 611 4581 ex
636 4526 815 4582 Maria
859 4540 1037 4597 pos:ea
1077 4532 1330 4600 genitum.
1376 4528 1645 4584 Christum
1689 4546 1802 4585 esse
1831 4528 1948 4594 Dei,
1993 4538 2042 4583 et
2086 4547 2115 4583 a

2217 4523 2419 4593 μένον,
2446 4525 2705 4594 Χριστὸν
2723 4524 2790 4578 δὲ
2814 4526 2960 4579 ὄντα
2989 4525 3156 4590 Θεοῦ,
3184 4525 3283 4579 καὶ
3307 4526 3376 4580 ἐκ
3405 4526 3636 4596 νεκρῶν
3660 4530 3814 4583 dra-

549 4616 770 4668 mortuis
805 4618 1091 4669 excitatum
1122 4634 1140 4671 :
1169 4627 1217 4671 et
1241 4618 1309 4670 ad
1351 4629 1584 4672 mortuos
1614 4619 2118 4689 vivosquejudicatt-

546 4702 642 4756 dos
689 4719 799 4756 esse
843 4716 1135 4757 venturum.
1180 4705 1340 4759 Omni
1386 4720 1486 4774 ego
1538 4711 1941 4763 asseveratione
1984 4724 2119 4763 con-

547 4789 707 4847 ﬁrmo
755 4790 866 4845 haec
893 4794 1023 4859 mihi
1047 4792 1341 4865 Josephum
1372 4796 1547 4864 ipsum
1578 4796 1633 4850 in
1665 4798 1740 4852 rei
1773 4809 1934 4869 gesta:
1956 4815 2121 4869 expo-

622 4990 733 5066 (24)
780 4991 1166 5066 ξΥςτολῃφθείς
1195 4992 1263 5046 δὲ
1286 4991 1591 5066 τελευτᾷν.
1635 4993 1807 5066 Antea
1841 4996 2122 5066 legebatur

550 5060 1128 5135 uncistcpesig:_Vet'tit
1152 5065 1330 5135 _enim
1384 5063 1549 5135 Corn.
1612 5060 1926 5135 relictusqué
1983 5069 2120 5119 velut

549 5134 859 5205 vitoriturus.
894 5130 1002 5205 Nos
1048 5148 1115 5185 ex
1152 5131 1319 5205 Regio
1363 5131 1553 5205 codice
1600 5130 2123 5205 ύποληφθείςίτεειὶ-

551 5203 776 5274 tuimus.
806 5199 962 5274 Quod
993 5209 1046 5274 et
1076 5199 1407 5274 narrationis
1433 5205 1601 5258 series
1633 5199 1888 5273 postulat.
1936 5204 2123 5274 Neque

551 5270 695 5321 enim
727 5269 1111 5342 moribundum
1137 5269 1466 5342 Iudaeorum.
1491 5269 1704 5342 cognati
1726 5269 2081 5328 deseruerant
2106 5293 2120 5340 ;

551 5351 691 5413 quos
722 5339 1009 5413 mysticum
1039 5339 1170 5413 illud
1199 5339 1581 5397 insusurrasse
1597 5343 1747 5397 dicit.
1769 5342 1864 5397 Hic
1887 5342 2116 5413 Epipha-

550 5407 701 5460 nium
752 5408 973 5481 otiosus.
1004 5408 1224 5481 quidam
1260 5419 1511 5481 nugator
1554 5413 1733 5466 nimiae
1781 5407 2122 5469 credulitatis

553 5483 799 5542 accusat,
830 5474 977 5544 quod
1007 5474 1141 5532 falsa
1169 5477 1336 5534 Judaei
1357 5474 1538 5536 'unius
1568 5490 1662 5535 aut
1682 5483 1910 5537 alterius
1932 5497 2125 5537 narra-

550 5546 699 5623 tione
719 5547 979 5623 inductus
998 5547 1410 5623 existimaverit,
1438 5551 1718 5623 morituris
1736 5552 1989 5623 omnibus
2015 5567 2126 5623 my-

551 5617 777 5673 Sterium
793 5614 927 5670 illud
949 5614 1003 5669 in
1022 5629 1205 5671 aurem
1228 5618 1665 5689 immurmurari;
1690 5621 1877 5678 scribit
1893 5621 2036 5675 enim
2060 5614 2121 5676 τὸ

2218 4615 2475 4670 στάντα*
2538 4616 2636 4670 καὶ
2683 4615 2775 4670 ὅτι
2825 4616 3008 4683 αὐτὸς
3052 4616 3286 4685 ἔρχεται
3337 4615 3535 4684 κρῖναι
3583 4616 3816 4687 ζῶντας

2219 4712 2318 4764 καὶ
2355 4711 2626 4778 νεκρούς.
2671 4709 2858 4764 Ταῦτα
2891 4712 2934 4763 δ
2965 4710 3130 4773 αὐτὸς
3166 4709 3426 4782 Ἰώσηπος
3458 4712 3517 4763 ἐν
3556 4714 3623 4782 τῇ
3665 4713 3815 4783 ὑφη-

2219 4803 2378 4873 γησει
2423 4802 2605 4872 σαφῶς
2660 4818 2750 4873 μοι
2781 4801 3119 4873 ἀνήγγειλεν,
3168 4802 3244 4865 ὡς
3295 4801 3606 4873 φιλαλήθως
3658 4804 3817 4859 ἐστιν

2221 4997 2351 5070 παρ’
2386 4996 2565 5070 αὐτῶν
2581 4998 2668 5051 ἀεὶ
2696 4999 3083 5069 μυστηριωδῶς
3114 4999 3401 5070 μινόμενον
3418 4997 3816 5070 [μυζόμενονῙ.

2221 5066 2422 5121 Verum
2459 5076 2518 5119 ut
2555 5067 2668 5122 hmo
2691 5066 2839 5123 mera
2859 5066 3041 5121 tabula
3072 5066 3164 5133 sit,
3193 5066 3397 5123 nullam
3419 5066 3663 5122 omnino
3683 5066 3818 5123 sati-

2221 5137 2503 5208 ctissimus
2532 5135 2693 5191 Pater
2718 5139 2931 5207 culpam
2959 5140 3058 5190 hac
3081 5138 3136 5190 in
3162 5155 3220 5192 re
3242 5138 3513 5201 sustinet;
3543 5140 3641 5206 qui
3663 5139 3817 5208 quod

2222 5222 2252 5259 a
2287 5206 2390 5259 ﬁde
2422 5207 2600 5276 dignis
2635 5206 2950 5261 hominibus
2985 5217 3286 5276 acrcperat,
3333 5206 3695 5277 simpliciter,
3732 5211 3822 5263 uti

2222 5285 2503 5348 narratum
2530 5278 2632 5348 sibi
2657 5284 2796 5340 erat,
2823 5279 2973 5330 nullo
3007 5292 3107 5348 suo
3138 5276 3479 5348 interposito.
3486 5277 3701 5346 judicio
3722 5292 3821 5348 rej-

2224 5344 2541 5415 tulit._Quid
2577 5354 2662 5401 est
2699 5356 2878 5401 autem
2928 5360 3027 5398 cur
3067 5346 3136 5400 de
3164 5344 3388 5400 Christo
3425 5344 3726 5415 plerosque
3760 5346 3823 5402 id

2223 5414 2327 5486 sibi
2375 5413 2683 5469 Judaeorum
2731 5417 3071 5486 persuasisse
3119 5432 3227 5470 non
3277 5413 3574 5485 putemus?
3623 5413 3822 5483 Neque

2223 5485 2369 5538 enim
2403 5487 2686 5555 mentitum
2732 5476 2910 5541 ﬁxisse
2941 5483 3241 5555 Josephum
3276 5476 3538 5541 comitem
3568 5486 3655 5543 vel
3686 5476 3825 5543 σξιο

2224 5555 2476 5609 vinianus
2507 5554 2611 5610 iste
2639 5555 2745 5611 nisi
2780 5554 3122 5625 impudenter
3148 5554 3384 5610 ﬁnxerit.
