3946 6074
158 224 259 280 ιιι

807 196 1174 284 ΑῐηἘιιευε
1206 226 1548 281 "massas
1588 227 1715 279 LIB.
1758 228 1796 281 ι.
1835 224 1998 283 Ton.
2041 229 2105 283 ιι.
2150 259 2219 268 -
2258 228 2531 283 llJERES.
2574 231 2742 286 xxx.

3342 238 3446 292 49.2
3488 244 3499 253 '

163 342 364 397 εἰπεῖν.
394 340 570 395 Ἀλλὰ
593 342 689 398 καὶ
712 344 839 413 παρ’
862 342 1025 396 ἄλλου
1055 343 1198 404 τινὸς
1214 342 1275 395 τὸ
1299 341 1540 395 τοιοῦτον
1569 341 1769 410 ἥκουσα

1876 343 2052 398 nenda
2098 342 2239 397 serie
2270 357 2545 397 narrasse.
2591 340 2746 407 Quod
2781 340 3006 413 insuper
3052 342 3120 399 ab
3165 344 3271 406 alio
3308 362 3446 417 quo-

168 431 248 486 ἔτι
276 432 444 496 ὄντος
485 432 744 487 Ἰουδαίου
766 433 856 487 διὰ
878 433 969 486 τὸν
996 434 1101 486 τῶν
1140 431 1405 485 Ἰουδαίων
1429 431 1611 500 φόϐον,
1641 431 1770 484 ἀνα-

173 525 339 595 μέσον
394 522 456 576 δὲ
520 522 865 594 Χριστιανῶν
921 522 1180 586 πολλάκις
1232 521 1620 594 διατρίϐοντος,
1675 521 1770 574 καὶ

173 618 543 689 Χριστιανοὺς
592 618 864 685 τιμῶντος
896 633 957 669 τε
1000 617 1096 669 καὶ
1130 614 1472 684 ἀγαπῶντος.
1519 613 1767 667 συνοδεύ-

173 708 371 771 σαντός
399 725 490 778 μοι
520 710 579 761 ἐν
600 710 669 778 τῇ
700 708 893 778 ἐρήμῳ
917 708 1015 775 τῆς
1039 705 1243 777 Βαιθὴλ
1271 706 1368 759 καὶ
1414 704 1653 774 Ἐφραῒμ
1675 705 1768 757 ἐπὶ

170 800 273 871 τὴν
301 800 524 871 ὀρεινὴν
559 798 909 870 ἀνερχομένῳ
948 798 1054 850 ἀπὸ
1076 797 1176 866 τῆς
1215 795 1496 869 Ἱεριχοῦς,
1538 797 1632 849 καὶ
1669 797 1765 849 ἀν-

170 891 484 946 τιϐάλλοντι
521 890 661 961 πρὸς
688 889 850 941 αὑτὸν
876 887 1004 958 περὶ
1044 888 1143 959 τῆς
1171 885 1265 941 τοῦ
1291 885 1528 958 Χριστοῦ
1555 902 1765 956 παρου-

173 983 322 1048 σίας,
347 982 444 1034 καὶ
474 979 644 1033 αὑτοῦ
673 980 748 1051 μὴ
774 978 1166 1046 ἀντιλέγοντος.
1199 975 1542 1048 Θαυμάζοντι
1571 975 1628 1029 δέ
1653 993 1763 1047 μοι,

170 1073 272 1126 καὶ
296 1070 576 1143 ἐρωτῶντι
603 1071 769 1123 αὐτὸν
800 1068 899 1141 τὴν
929 1068 1106 1122 αἰτίαν
1140 1063 1227 1139 (ἦν
1256 1066 1364 1139 γὰρ
1396 1067 1490 1121 καὶ
1523 1069 1766 1137 νομομα-

169 1164 275 1235 Θὴς
297 1165 394 1217 καὶ
418 1162 719 1232 δυνάμενος
745 1160 1089 1230 ἀντιλέγειν),
1120 1159 1262 1222 τίνος
1295 1160 1453 1231 χάριν
1488 1159 1593 1229 οὐκ
1618 1159 1767 1212 ἀντι-

169 1255 345 1324 λέγει,
369 1253 507 1308 ἀλλὰ
531 1252 781 1306 πείθεται
812 1252 937 1323 περὶ
958 1249 1194 1320 Χριστοῦ
1239 1248 1411 1321 Ἰησοῦ
1430 1248 1525 1302 τοῦ
1555 1248 1763 1319 Κυρίου

170 1347 355 1419 ἡμῶν,
384 1346 599 1401 ἀκούων
630 1344 699 1397 τὰ
718 1343 974 1398 τοσαῦτω
999 1340 1313 1411 ἁπεκάλυψέ
1344 1358 1433 1413 μοι
1463 1339 1556 1393 καὶ
1584 1333 1761 1406 οὗτος,

168 1441 251 1504 ὡς
287 1440 499 1510 μέλλων
541 1438 800 1507 τελευτᾷν
840 1435 1041 1506 ἤκουσε
1072 1434 1199 1504 παρ’
1247 1431 1428 1485 αὐτῶν
1468 1432 1549 1495 είς
1594 1430 1762 1501 ἀκοὴν

166 1532 341 1584 ὠτίου
374 1532 432 1583 ἐν
456 1527 795 1600 ψιθυρισμῷ,
834 1528 918 1580 ὅτι
952 1524 1160 1596 Ἰησοῦς
1190 1523 1424 1595 Χριστὸς
1452 1526 1481 1576 ὁ
1517 1539 1762 1594 σταυρω-

166 1623 292 1686 Osi;
324 1622 453 1685 Υἱὸς
481 1618 576 1674 τοῦ
619 1618 755 1672 Θεοῦ
797 1616 980 1689 μέλλει
1020 1632 1079 1668 σε
1115 1616 1343 1686 κρίνειν.
1388 1613 1548 1666 Ἀλλὰ
1588 1612 1761 1668 ταῦτά

169 1732 269 1787 μοι
297 1712 677 1784 περὶτούτων,
710 1712 803 1765 καὶ
832 1710 975 1763 κατὰ
996 1708 1183 1761 τοῦτον
1217 1708 1308 1760 τὸν
1341 1706 1498 1775 λόγον
1529 1698 1761 1758 ἐνταῦθά
1792 1689 1832 1743 Β

170 1821 271 1876 μοι
312 1803 371 1869 ἐξ
400 1800 663 1872 ἀληθινῆς
686 1800 856 1871 ἀκοῆς
886 1796 1262 1870 παρακείσθω.

246 1988 307 2042 l'.
353 1987 473 2038 Ἔτι
500 1985 561 2038 δὲ
605 1985 633 2036 ὁ
682 1980 942 2051 Ἰώσηπος
988 1982 1047 2033 ἐν
1089 1977 1230 2047 νόσῳ
1265 1970 1354 2048 ἦν,
1390 1979 1485 2033 καὶ
1525 1975 1761 2035 ἀκούσας

168 2077 330 2149 παρά
363 2076 457 2129 τοῦ
489 2073 884 2147 πρεσϐυτέρου,
921 2072 997 2135 ὡς
1032 2073 1311 2141 προεῖπον,
1353 2068 1492 2139 μετὰ
1517 2064 1627 2119 τῶν
1664 2065 1761 2119 άλ-

169 2169 308 2231 λων,
328 2168 410 2219 ὅτι
447 2164 657 2235 Ἰησοῦς
690 2162 923 2234 Χριστός
957 2178 1015 2214 σε
1043 2161 1238 2231 κρινεῖ,
1266 2158 1346 2211 ἔτι
1378 2155 1758 2228 ἐσκληρύνετο.

182 2262 247 2313 Ὅ
276 2260 338 2312 δὲ
369 2258 571 2331 Κύριος
598 2255 759 2310 πάλιν
791 2255 925 2325 πρὸς
950 2253 1110 2306 αὑτὸν
1144 2251 1285 2305 κατὰ
1307 2251 1405 2321 τὴν
1434 2248 1598 2304 αὑτοῦ
1638 2246 1762 2316 φιλ-

170 2349 501 2421 ανθρωπίαν
550 2347 615 2400 δι’
665 2345 943 2418 ὁράματος
1004 2341 1287 2405 ἐνυπνίου,
1348 2340 1510 2406 Ἰδοὺ,
1562 2337 1762 2409 φησιν,

176 2441 353 2513 ίῶμαί
392 2457 451 2493 σε
469 2457 484 2471 ·
508 2438 643 2492 ἀλλά
668 2435 907 2499 ἀναστὰς
936 2436 1179 2487 πίστευε.
1222 2432 1485 2494 Ἀναστὰς
1512 2431 1570 2484 δέ
1604 2430 1764 2484 πάλιν

171 2536 289 2593 ἀπὸ
320 2538 423 2606 τῆς
449 2534 627 2593 νόσου,
658 2531 760 2583 οὐκ
793 2527 1133 2582 ἐπίστευσεν.
1164 2522 1488 2593 Ὑγιαίνοντι
1513 2522 1570 2575 δέ
1594 2520 1762 2591 αὐτῷ,

173 2630 434 2699 ςαίνεται
473 2627 502 2679 ὁ
535 2623 740 2696 Κύριος
786 2620 948 2675 πάλιν
982 2617 1102 2671 κατ’
1132 2617 1300 2688 ὄναρ,
1341 2613 1587 2683 ἐγκαλῶν
1619 2612 1766 2684 αὐτῷ

172 2722 245 2775 δι’
276 2722 345 2791 ἢν
368 2717 546 2772 αἰτίαν
576 2717 677 2770 ούκ
706 2713 1046 2766 ἐπίστευσεν.
1084 2706 1508 2776 Ἐπαγγέλλεται
1537 2705 1595 2758 δὲ
1617 2702 1767 2773 αύτῷ

174 2812 356 2882 λέγων
385 2812 415 2863 ὁ
442 2806 645 2880 Κύριος
675 2806 780 2866 ὅτι,
808 2804 903 2867 Είς
938 2797 1309 2872 πληροφορίαν
1346 2796 1600 2859 πίστεως,
1634 2792 1687 2846 εί
1710 2808 1767 2844 τι

179 2903 368 2974 βούλει
413 2901 471 2953 ἐν
501 2895 723 2969 ὀνόματί
761 2911 859 2966 μου
890 2891 1207 2961 θεοσήμειον
1236 2886 1605 2974 ἐργάσασθαι,
1644 2886 1760 2945 ἐπι-

177 2970 435 3049 κάλεσαι,
476 2983 631 3054 κάγὼ
672 2983 902 3052 ποιήσω.
938 2978 1276 3048 Μαινόμενος
1303 2974 1360 3028 δέ
1388 2992 1470 3038 τις
1498 2970 1566 3048 ἦν
1604 2976 1661 3027 ἐν
1697 2975 1764 3045 τῆ

499 3039 705 3149 γυμνὸς
732 3039 830 3149 τήν
865 3073 1018 3126 πόλιν
1052 3039 1299 3143 περιῄει,
1332 3070 1475 3141 φημὶ
1502 3039 1559 3121 δὲ
1585 3071 1642 3121 ἐν
1677 3039 1766 3120 Τιλ
1794 3039 1839 3099 η

180 3174 429 3247 ὁεριάδι,
477 3171 573 3225 καὶ
623 3169 883 3230 πολλάκις
931 3163 1370 3233 ἐνδιδυσκόμενος
1420 3162 1519 3233 τὴν
1566 3160 1769 3231 ἐσθῆτα

178 3246 557 3337 διερρήγνυεν,
586 3260 662 3323 ὡς
687 3258 805 3320 ἔθος
832 3258 943 3319 τοῖς
972 3252 1252 3316 τοιούτοις.
1285 3252 1342 3306 '0
1364 3246 1456 3306 οὖν
1485 3250 1767 3321 Ἰώσηπος,

184 3354 510 3425 βουλόμενος
543 3353 599 3404 ἐν
627 3349 793 3419 πείρα
822 3345 1073 3416 γενέσθαι
1116 3343 1210 3397 τοῦ
1254 3343 1551 3414 ὁράματος,
1596 3341 1771 3395 διστά-

183 3444 295 3506 ζων
341 3440 400 3494 δὲ
451 3439 572 3504 ἔτι,
623 3437 775 3491 αἰδοῖ,
812 3435 1113 3504 κατείχετο.
1165 3432 1591 3503 Παραλαμὸάνει
1639 3428 1769 3499 γοῦν

180 3532 374 3588 τοῦτον
404 3531 570 3595 ἔνδον,
600 3530 696 3582 καὶ
724 3526 1054 3589 ἀποκλείσας
1080 3524 1178 3596 τὴν
1204 3522 1392 3591 θύραν,
1428 3520 1571 3593 ὕδωρ
1597 3539 1655 3575 τε
1682 3521 1771 3576 λα-

184 3624 300 3677 ϐὼν
330 3625 412 3686 εἰς
445 3622 542 3693 τὴν
580 3623 761 3691 χεῖρα,
794 3618 888 3672 καὶ
920 3614 1226 3687 σφραγίσας
1259 3613 1411 3678 αὐτὸ,
1454 3613 1771 3684 ἐρρἀτισεν

185 3713 280 3766 ἐπὶ
316 3711 409 3764 τὸν
440 3709 663 3780 ἐμμανῆ
692 3706 997 3779 ἄνθρωπον,
1032 3705 1209 3775 φήσας
1234 3718 1246 3731 ·
1298 3703 1387 3755 Ἐν
1416 3701 1639 3772 ὀνόματι
1676 3702 1769 3754 τοῦ

199 3801 376 3874 Ἰησοῦ
416 3798 739 3872 Ναζωραίου
766 3794 860 3849 τοῦ
893 3792 1294 3867 σταυρωθέντος
1323 3789 1504 3855 ἔξελθε
1524 3831 1540 3856 ,
1570 3791 1630 3842 τὸ
1659 3789 1773 3842 δαι-

188 3895 397 3966 μόνιον,
439 3891 535 3945 ἀπ’
573 3886 761 3956 αὐτοῦ,
793 3889 886 3941 καὶ
919 3887 1077 3958 ὑγιὴς
1104 3886 1352 3961 γένηται.
1393 3883 1450 3936 '0
1487 3882 1542 3935 δὲ
1571 3882 1776 3971 ἀνορωέ

185 4003 323 4048 πος,
373 3980 688 4052 ἀνακράξας
724 3979 896 4050 μέγα,
947 3978 1040 4032 καὶ
1073 3977 1246 4048 χαμαὶ
1282 3973 1495 4039 πεσὼν,
1537 3972 1775 4044 ἀφρίσας

192 4074 365 4130 πολλὰ
392 4074 485 4126 καὶ
505 4069 861 4141 σπαραχθεὶς,
886 4068 1067 4140 ἔμεινε
1098 4066 1300 4136 πολλὴν
1318 4063 1467 4136 ὥραν
1496 4063 1772 4135 ἀκίνητος.

201 4167 468 4237 Ἰώσηπος
504 4163 560 4217 δὲ
592 4161 860 4231 ὑπενόησε
888 4159 978 4213 τὸν
1011 4158 1294 4229 ἄνθρωπον
1318 4157 1588 4211 τεθνάναι.
1632 4159 1688 4211 ’0
1718 4160 1775 4213 δέ

192 4256 336 4330 μετὰ
375 4255 562 4326 ὥραν,
594 4250 1014 4322 διατριψάμενος
1055 4249 1115 4301 τὸ
1165 4248 1486 4319 πρόσωπον,
1537 4247 1771 4320 ἁνέστη’

1870 432 2015 501 piam
2045 433 2253 503 accepi,
2289 432 2381 503 qui
2422 431 2640 487 Iudaeus
2676 433 2854 488 adhuc
2885 433 2955 488 ob
2987 434 3202 490 illorum
3239 445 3446 492 metum

1858 530 2012 589 erat,
2043 530 2207 593 atque
2242 522 2385 577 inter
2410 522 2753 578 Christianos
2781 539 3020 596 persaepe
3046 526 3296 596 degebat,
3324 541 3449 584 eos-

1868 627 1975 681 que
2026 620 2081 667 et
2125 611 2454 667 observabat
2483 612 2780 682 plurimum
2828 620 2882 668 et
2931 615 3309 686 amabat:qui
3352 632 3450 686 per

1866 700 2103 757 Bethelis
2155 702 2547 773 Epliraimique
2596 703 2946 757 solitudinem
2985 706 3054 760 ab
3096 706 3231 760 urbe
3267 705 3449 761 l’lieri-

1866 793 2086 848 chuntis
2111 795 2179 847 ad
2202 795 2463 848 montium
2492 794 2621 865 juga
2664 794 2904 849 tendenti
2942 796 3071 850 mihi
3105 797 3359 852 comitem
3388 813 3449 853 se

1865 884 2079 961 itineris
2105 885 2373 954 adjunxit.
2410 884 2549 939 Huic
2580 901 2679 956 ego
2726 900 2848 939 cum
2884 886 2951 940 de
2990 887 3195 942 Christi
3231 888 3447 943 Domini

1864 975 2098 1031 adventu
2129 977 2390 1031 nonnulla
2420 991 2799 1047 proponerem,
2843 978 2990 1031 nulla
3031 978 3085 1031 in
3135 994 3192 1033 re
3223 988 3443 1034 contra-

1864 1066 2100 1122 dicebat.
2142 1066 2259 1133 Qua
2293 1083 2350 1122 re
2389 1067 2683 1143 plurimum
2729 1067 3052 1134 admiratus,
3089 1069 3216 1138 quid
3265 1085 3448 1124 causa!

1866 1156 2086 1211 tandem
2125 1166 2270 1214 esset
2298 1158 2573 1213 hominem
2618 1160 2949 1228 interrogavi
2986 1159 3061 1230 (et
3088 1168 3206 1215 erat
3242 1161 3447 1231 alioqui

1864 1246 1998 1317 legis
2031 1263 2143 1302 sua:
2175 1250 2401 1318 peritus,
2427 1264 2491 1303 ac
2531 1248 2845 1318 disputandi
2870 1266 3004 1305 sane
3049 1265 3158 1304 non
3195 1251 3444 1324 expers),

1867 1353 1988 1403 cur,
2020 1340 2264 1410 inquam,
2302 1342 2432 1395 mihi
2463 1341 2595 1395 nihil
2628 1342 3003 1411 responderet,
3033 1357 3097 1396 ac
3126 1343 3194 1398 de
3228 1345 3451 1421 C_hristo
3554 1346 3557 1349 ’

1862 1420 1990 1487 1ρεύ
2032 1430 2263 1487 Domino
2293 1441 2482 1487 nostro
2518 1433 2655 1487 mihi
2684 1436 3038 1489 consentiret.
3085 1436 3166 1491 Ad
3201 1420 3321 1509 quae
3353 1438 3450 1493 ille

1863 1524 2115 1592 subjecit,
2164 1523 2551 1579 moribundum
2587 1540 2647 1580 se
2686 1525 3017 1595 quandoque
3066 1542 3095 1580 a
3126 1525 3329 1583 Judaeis
3361 1527 3447 1581 in-

1864 1615 2139 1670 susurrari
2179 1616 2281 1670 sibi
2315 1616 2368 1669 in
2403 1631 2588 1669 aurem
2620 1617 2812 1672 leviter
2841 1612 3081 1677 audisse.
3105 1616 3265 1673 Jesus
3285 1619 3446 1673 Chri-

1863 1713 1981 1759 stus
2011 1704 2309 1758 Cl'llt'iﬁXllS
2349 1703 2442 1759 Dei
2474 1703 2645 1760 Filius
2687 1704 2755 1760 de
2789 1716 2841 1761 te
2869 1708 3158 1775 judicabit.
3192 1708 3299 1764 Sed
3330 1710 3447 1766 haec

1861 1795 2145 1859 hactenus,
2177 1795 2322 1865 quod
2364 1795 2432 1849 ad
2469 1812 2579 1850 rem
2619 1807 2940 1867 praesentem
2986 1799 3202 1868 attinet,
3255 1817 3446 1858 revera

1863 1896 1921 1941 ut
1949 1886 2258 1957 accepimus
2286 1886 2428 1941 dicta
2453 1895 2638 1941 sunto.

1932 1976 1998 2031 Χ.
2041 1976 2224 2033 Redeo
2260 1978 2372 2048 jam
2415 1981 2481 2035 ad
2532 1979 2855 2050 Josephum.
2895 1979 2945 2036 is
2989 1996 3114 2035 cum
3163 1981 3217 2036 in
3253 1983 3450 2037 morbo

1863 2068 2041 2123 adhuc
2073 2076 2238 2135 esset,
2269 2079 2323 2123 et
2350 2085 2379 2123 a
2415 2072 2635 2126 seniore
2674 2073 2817 2126 inter
2855 2073 2959 2125 alia
2995 2072 3109 2127 haec
3141 2089 3263 2143 quae
3301 2073 3445 2128 dixi-

1863 2172 1985 2211 mus
2022 2159 2344 2222 inaudisset,
2372 2158 2531 2214 .lesus
2555 2160 2809 2215 Christus
2839 2162 2906 2216 de
2933 2169 2984 2215 te
3004 2163 3291 2231 judicabit,
3327 2165 3447 2216 ani-

1867 2265 2012 2303 mum
2060 2249 2421 2303 nihilominus
2455 2250 2800 2305 obﬁrmabat.
2847 2252 3013 2321 Igitur
3048 2252 3311 2307 Dominus
3345 2269 3446 2322 pro

1865 2340 2069 2410 ingenti
2120 2355 2217 2393 sua
2258 2336 2384 2409 erga
2439 2341 2689 2396 homines
2739 2343 3112 2396 misericordia
3156 2343 3353 2397 iterum
3393 2344 3446 2398 ci

1866 2445 1925 2485 se
1955 2430 2008 2484 in
2041 2432 2250 2487 somnis
2284 2432 2733 2509 objicit,.Teque,
2766 2434 2861 2499 ait,
2913 2434 3133 2489 sanitati
3169 2436 3437 2502 restituo';

1868 2538 2049 2593 surge,
2085 2523 2265 2588 modo,
2297 2531 2350 2578 et
2384 2540 2529 2579 nunc
2570 2526 2784 2579 demum
2825 2528 3054 2580 credito.
3100 2526 3301 2581 Verum
3353 2528 3446 2583 ubi

1868 2613 2167 2678 convaluit,
2223 2629 2291 2668 ne
2341 2621 2456 2669 tum
2507 2616 2729 2686 quidem
2774 2618 3027 2671 credidit.
3076 2616 3274 2672 lterum
3314 2634 3447 2689 ergo

1868 2704 2325 2774 recuperatajam
2354 2706 2591 2777 sanitate~
2627 2724 2721 2777 per
2749 2710 2927 2762 visum
2961 2710 3010 2762 ei
3055 2707 3318 2765 Dominus
3358 2711 3446 2763 of-

1870 2796 2065 2862 fertur,
2103 2808 2156 2851 et
2188 2797 2335 2867 quod
2375 2798 2615 2851 nondum
2647 2798 2971 2853 credidisset
3011 2808 3255 2853 accusat.
3289 2799 3451 2871 134

1870 2888 2001 2943 inde
2025 2890 2362 2959 amplissima
2389 2878 2635 2960 quaedam
2661 2893 2991 2960 promittens
3008 2891 3088 2945 sic
3114 2892 3443 2961 alloquitur:

1873 2978 1943 3034 Ut
1981 2980 2099 3044 tibi,
2138 2981 2335 3050 inquit,
2380 2981 2447 3035 de
2482 2981 2763 3050 religionis
2808 2996 2947 3036 meae
2984 2981 3090 3035 ﬁde
3136 2990 3369 3045 constet.
3401 2984 3449 3037 si

1872 3069 2018 3141 quod
2062 3072 2116 3124 in
2164 3070 2384 3125 nomine
2416 3086 2539 3125 meo
2580 3072 2886 3141 prodigium
2939 3072 3151 3128 efﬁcere
3189 3075 3449 3137 volueris,

1872 3164 2140 3233 meipsum
2187 3163 2402 3227 invoca,
2441 3178 2542 3233 ego
2590 3164 2685 3218 tibi
2719 3166 3007 3233 praestabo.
3051 3168 3179 3220 Erat
3224 3168 3280 3221 in
3314 3168 3449 3222 urbe

1871 3252 2162 3309 Tiberiude
2192 3254 2440 3310 furiosus
2469 3255 2711 3324 quidam,
2762 3255 2910 3309 nudo
2950 3272 3177 3325 corpore
3212 3258 3451 3311 circum-

1872 3360 2131 3407 cursans.
2168 3348 2262 3417 qui
2297 3362 2445 3401 cum~
2472 3348 2670 3416 saepius
2703 3347 3041 3415 indueretur,
3081 3357 3140 3402 ut
3177 3349 3449 3418 ejusmodi

1871 3438 2152 3492 hominum
2203 3454 2322 3494 mos
2374 3447 2477 3499 est,
2533 3446 2715 3494 vestes
2769 3455 2898 3495 suas
2950 3441 3244 3495 lacerabat.
3293 3440 3348 3496 In
3383 3455 3453 3497 eo

1867 3526 2137 3598 Josephus
2157 3546 2277 3599 qua:
2304 3545 2399 3601 per
2424 3531 2600 3586 visum
2620 3539 2901 3601 acceperat
2921 3532 3155 3601 experiri
3182 3534 3443 3602 gestiens,

1870 3619 2119 3674 dubitare
2144 3628 2323 3675 tamen
2353 3621 2622 3683 nonnihil,
2650 3636 2715 3675 ac
2748 3621 2957 3690 pudore
2989 3622 3277 3676 retardari.
3305 3621 3452 3678 Con-

1872 3712 2087 3765 ﬁrmato
2131 3710 2351 3764 tandem
2384 3712 2569 3764 animo
2611 3711 2755 3764 intra
2788 3712 2935 3767 aedes
2979 3713 3229 3779 adducit;
3270 3722 3322 3769 et
3359 3730 3453 3770 oc-

1871 3803 2042 3857 clusis
2061 3800 2270 3857 foribus
2292 3815 2492 3870 aquam
2512 3802 2765 3857 manibus
2790 3803 3074 3866 hauriens,
3104 3811 3156 3857 et
3180 3812 3450 3859 amentem

1871 3895 2023 3948 illum
2066 3907 2230 3947 cruce
2277 3892 2662 3963 consignatum
2707 3908 3006 3962 aspergens
3044 3911 3061 3949 :
3105 3895 3164 3947 In
3206 3895 3450 3958 nomine,

1873 3984 2069 4055 inquit,
2099 3983 2232 4039 Jesu
2260 3982 2529 4038 Nazareni
2555 3984 2803 4038 cruciﬁxi
2847 3985 2956 4049 exi,
2989 3984 3224 4053 daemon,
3258 3986 3326 4041 ab
3346 3987 3452 4042 hoc

1874 4077 2117 4141 homine,
2164 4075 2319 4145 isque
2351 4091 2519 4133 sanus
2567 4085 2706 4131 esto.
2747 4077 2828 4131 Ad
2861 4078 2973 4132 hare
3017 4078 3107 4132 ille
3144 4078 3454 4133 vociferans

1875 4174 1930 4221 et
1959 4166 2110 4222 humi
2141 4167 2527 4236 procumbens,
2575 4180 2739 4239 atque
2781 4184 2847 4223 ex
2877 4183 2972 4224 ore
3014 4183 3235 4237 spumas
3264 4184 3454 4240 agens,

1876 4273 2106 4329 seseque
2160 4259 2435 4314 dilanians
2490 4260 2584 4314 diu
2642 4260 2946 4337 permansit
3003 4260 3337 4328 immobilis,
3394 4269 3454 4315 ut

190 4348 287 4403 καὶ
308 4349 325 4378 ³
353 4345 630 4415 Θεώμενος
665 4343 766 4411 τὴν
796 4340 927 4393 ίδίαν
956 4338 1257 4409 γύμνωσιν,
1296 4337 1518 4392 ἐαυτὸν²
1548 4337 1769 4409 ἔκρυψε,

1881 4359 2155 4405 mortuum
2177 4351 2288 4420 jam
2319 4366 2440 4406 esse
2468 4350 2741 4420 Josephus
2772 4351 3041 4416 crederet,
3078 4352 3257 4408 donec
3284 4353 3455 4409 inter-

191 4442 289 4495 καὶ
312 4438 413 4501 τὰς
438 4438 627 4508 χεῖρας
661 4434 752 4485 ἐπὶ
784 4435 851 4503 τῇ
879 4429 1108 4503 αἰσχύνῃ
1141 4430 1398 4493 ἐπετίθει,
1443 4431 1641 4501 μηκέτι
1672 4429 1773 4499 φέ-

196 4549 306 4600 ρων
351 4529 480 4582 ἰδεῖν
525 4528 626 4597 τὴν
665 4523 798 4577 ἰδίαν
832 4523 1128 4593 γύμνωσιν.
1169 4520 1402 4591 ἰμάτιον
1431 4520 1487 4574 δὲ
1522 4522 1649 4591 παρ’
1675 4521 1775 4574 αύ-

190 4621 286 4675 τοῦ
319 4620 417 4674 τοῦ
454 4619 724 4687 Ἰωσήπου
745 4656 759 4680 ,
794 4616 852 4682 ἐξ
878 4609 951 4668 ὧν
986 4608 1159 4684 εἶχεν,
1194 4611 1462 4675 ἐνδυθεὶς,
1500 4614 1579 4675 είς
1606 4612 1776 4665 κατά-

193 4730 387 4767 στασιν
416 4710 684 4771 συνέσεως
709 4707 804 4761 καὶ
827 4703 1200 4777 σωφρονισμοῦ
1230 4703 1417 4767 ἐλθὼν,
1442 4703 1519 4775 τῷ
1538 4721 1595 4757 τε
1623 4703 1777 4775 ἀνδρὶ

194 4805 370 4861 πολλὰ
416 4802 825 4876 εὐχαριστήσας
869 4801 962 4854 καὶ
990 4798 1130 4869 Θεῷ,
1172 4800 1351 4867 γνοὺς,
1398 4799 1479 4851 ὅτι
1514 4799 1579 4851 δι’
1611 4797 1776 4877 αυτοῦ

196 4898 353 4968 ἔτυχε
383 4897 485 4967 τῆς
520 4892 796 4964 σωτηρίας
816 4933 834 4960 ,
863 4893 921 4947 ἐν
947 4895 1013 4964 τῇ
1044 4893 1196 4945 πόλει
1241 4890 1526 4961 διεφήμιζε
1567 4891 1658 4944 τὸν
1685 4892 1781 4945 ἀν-

194 4991 321 5062 δρα,
349 4990 445 5044 καὶ
464 4986 712 5058 γνωστὸν
740 4986 952 5054 ἐγένετο
976 4987 1085 5048 τοῖς
1113 4985 1290 5037 ἐκεῖσε
1327 4983 1600 5046 Ἰουδαίοις
1621 4981 1780 5037 τοῦτο

193 5083 258 5136 τὸ
302 5084 554 5152 σημεῖον.
601 5076 839 5146 Θρύλλος
883 5077 939 5130 δὲ
986 5075 1151 5137 πολὺς
1202 5073 1562 5145 ἠκολούθησεν
1609 5074 1667 5127 ἐν
1710 5076 1777 5146 τῇ

196 5173 352 5227 πόλει
372 5213 387 5239 ,
424 5171 701 5239 λεγόντων
720 5182 736 5197 ⁸
781 5170 859 5221 ὅτι
896 5167 1152 5238 Ἰώσηπος
1179 5165 1248 5219 τὰ
1276 5164 1650 5234 γαζοφυλάκια
1689 5167 1781 5219 ἀν-

194 5265 377 5330 οίξας,
433 5264 533 5316 καὶ
567 5254 746 5331 εὑρὼν
774 5260 1150 5331 γεγραμμένον
1193 5259 1254 5311 τὸ
1296 5258 1464 5328 ὄνομα
1490 5256 1582 5311 τοῦ
1622 5258 1778 5324 Θεοῦ,

196 5358 291 5410 καὶ
339 5354 656 5423 ἀναγνοὺς,
709 5354 906 5419 σημεῖα
956 5349 1164 5420 μεγάλα
1211 5347 1519 5420 ἐργάζεται.
1565 5345 1672 5402 τΗν
1726 5349 1783 5403 δὲ

195 5444 394 5519 ἀληθὲς
423 5444 489 5497 τὸ
520 5442 620 5496 ὑπ’
649 5439 831 5494 αὐτῶν
855 5440 1161 5521 λεγόμενον,
1183 5440 1280 5509 ούχ
1308 5440 1385 5503 ὡς
1411 5438 1467 5492 δὲ
1493 5439 1645 5493 αὐτοὶ
1676 5440 1779 5492 ύπ-

272 5624 287 5654 ¹
319 5639 413 5692 γρ.
459 5610 833 5679 θεασάμενος.
910 5612 929 5641 ³
962 5627 1052 5681 γρ,
1081 5609 1335 5683 ἔκρυπτε.

1876 4441 2025 4511 jeclo
2053 4441 2201 4497 horae
2235 4444 2410 4513 spatio
2446 4444 2653 4497 vultum
2685 4442 2987 4513 perfricans
3015 4445 3273 4500 surrexit.
3310 4442 3453 4498 Tum

1882 4550 1943 4590 se
1992 4534 2196 4588 nudum
2250 4534 2690 4591 animadvertens
2733 4537 3035 4598 occultare,
3087 4550 3151 4592 ac
3201 4536 3453 4591 manibus

1883 4625 2139 4696 pudenda
2174 4622 2478 4696 protegere,
2510 4642 2574 4682 eo
2601 4642 2661 4682 se
2691 4626 2878 4681 habitu
2905 4628 3152 4696 corporis
3181 4642 3306 4682 esse
3330 4642 3456 4698 per-

1883 4718 2108 4773 moleste
2136 4715 2297 4773 ferre.
2334 4716 2577 4789 Denique
2605 4727 2754 4774 veste
2777 4719 2845 4773 ab
2872 4717 3111 4789 Josepho
3131 4734 3194 4772 ex
3228 4719 3297 4774 iis
3320 4732 3457 4788 qua-

1883 4824 2005 4863 rum
2037 4809 2196 4878 copia
2246 4816 2365 4864 erat
2413 4810 2634 4878 injecta,
2688 4811 2790 4866 sibi
2832 4811 3119 4884 restitutus
3165 4810 3458 4879 animoque

1885 4903 2225 4971 compositus
2274 4916 2500 4972 magnas
2535 4903 2610 4956 illi
2668 4902 2971 4956 secundum
3020 4900 3190 4955 Deum
3250 4900 3479 4971 gratias

1884 4991 2015 5061 egit,
2047 4991 2207 5059 cujus
2227 5006 2285 5046 se
2308 4992 2572 5046 beneﬁcio
2592 4991 2880 5046 liberatum
2916 4997 3271 5059 agnosceret:
3303 5004 3460 5044 eum-

1885 5078 2117 5148 demque
2155 5086 2266 5133 tota
2307 5079 2442 5134 urbe
2476 5080 2836 5151 pervulgavit.
2881 5079 2960 5133 lta
2992 5076 3304 5132 Judzeorum
3340 5090 3454 5130 om-

1888 5170 2037 5224 nium
2098 5171 2191 5238 qui
2237 5171 2361 5225 istic
2408 5181 2565 5226 erant
2614 5187 2775 5227 aures
2824 5170 3073 5225 miraculi
3123 5170 3271 5225 illius
3312 5167 3459 5223 fama

1888 5259 2145 5329 pervasit.
2184 5258 2263 5313 Ex
2294 5275 2404 5330 quo
2432 5276 2623 5315 rumor
2650 5262 2844 5332 ingens
2872 5258 3204 5332 percrebuit,
3240 5257 3317 5312 ita
3348 5252 3461 5311 illis

1884 5349 2271 5420 iactantibus:
2325 5348 2595 5421 Iosephus
2651 5360 2840 5422 aperto
2881 5349 3268 5423 gazophylaeio
3320 5346 3461 5403 scri-

1889 5449 2040 5514 pturn
2072 5441 2165 5497 Dei
2207 5456 2408 5498 nomen
2439 5443 2670 5510 invenit,
2701 5457 2879 5516 eoque
2913 5442 3054 5502 lecto
3076 5439 3309 5497 miriﬁca
3335 5449 3460 5512 por-
