3980 6086
491 169 600 226 423

494 287 644 335 tenta
676 293 738 333 ac
763 277 1006 350 prodigia
1039 277 1189 333 facit.
1215 273 1400 344 Neque
1429 271 1566 324 falso
1597 269 1702 323 ista
1731 265 2058 321 diti‘ercban-
2090 267 2134 322 Α

493 377 605 429 tur,
631 367 734 423 etsi
776 369 984 422 non'eo
1015 380 1122 435 quo
1146 364 1222 418 illi
1259 358 1683 429 suspicabantur
1724 353 1885 408 modo
1927 367 2062 406 con-

494 457 755 524 tigerant.
808 455 1030 509 lnterim
1084 451 1355 520 Iosephus
1410 449 1709 500 inveterata
1762 440 2061 526 pertinacia

491 547 846 600 obduruerat.
877 543 980 598 Sed
1006 539 1465 597 clementissimus
1499 536 1784 597 Dominus,
1817 533 1911 603 qui
1939 545 2062 586 sese

493 631 844 702 diligentibus
874 630 1131 700 praeclara
1179 627 1426 698 quaedam
1474 626 1633 681 offert
1663 619 2062 691 consequenda:

494 727 690 780 salutis
720 725 991 794 praesidia,
1015 723 1202 778 eadem
1239 721 1351 777 illis
1377 717 1643 789 impertit,
1675 730 1816 787 quos
1846 721 2062 769 aeterna:

493 818 619 870 vita:
650 815 907 869 felicitate
940 812 1152 884 dignari
1194 812 1503 866 constituit.

565 904 654 960 XI.
687 902 793 960 Per
824 904 967 958 idem
997 911 1214 973 tempus
1248 917 1372 956 cum
1401 901 1512 970 jam
1553 898 1865 970 patriarcha
1895 895 2062 954 Iudas

493 996 594 1060 (ita
617 1000 762 1052 enim
795 995 932 1050 forte
957 995 1272 1064 vocabatur)
1307 993 1374 1047 ad
1395 993 1673 1046 robustam
1699 997 1909 1045 aetatem
1936 1004 2062 1059 per-

493 1087 755 1150 venisset,
781 1083 1078 1154 Josephum
1113 1083 1317 1153 pramii
1341 1083 1462 1136 loco
1493 1082 1830 1151 apostolatus
1859 1079 2063 1150 (digni-

494 1179 624 1233 tatis
669 1177 720 1231 id
768 1192 963 1230 nomen
998 1178 1102 1245 est)
1145 1178 1353 1229 honore
1383 1189 1447 1227 ac
1483 1173 1783 1228 commodis
1812 1178 2059 1226 exornat.

495 1268 626 1323 Inde
658 1284 781 1322 cum
806 1267 1004 1323 litteris
1029 1269 1082 1322 in
1103 1268 1350 1322 Ciliciam
1376 1265 1762 1337 proficiscitur.
1790 1263 1911 1330 Quo
1937 1278 2064 1317 cum

495 1359 853 1423 accessisset,
903 1372 1229 1427 unoquoque
1269 1371 1331 1411 ex
1373 1355 1572 1425 Oppido
1615 1355 1874 1408 decumas
1906 1351 2061 1422 135

496 1463 559 1502 ac
599 1448 867 1517 primitias
910 1462 939 1500 a
985 1447 1408 1516 provincialibus
1437 1443 1641 1500 Judmis
1681 1443 1950 1514 exigebat.
1986 1444 2063 1494 Ac

497 1546 610 1592 tum
640 1553 770 1592 casu
799 1539 1046 1608 contigit,
1081 1545 1139 1591 ut
1174 1539 1362 1592 nescio
1388 1553 1493 1608 qua
1528 1538 1583 1590 in
1621 1535 1755 1591 urbe
1798 1535 1851 1588 in
1885 1532 2061 1587 vicina

1887 152 1945 205 S.
1991 147 2328 203 EPIPHANII

3633 153 3724 211 424

2161 261 2364 315 ενόουν.
2401 259 2522 313 Ἔτι
2547 259 2603 312 δὲ
2631 259 2894 330 ἐπέμενεν
2928 259 3192 330 Ἰώσηπος
3219 259 3648 330 σκληρυνόμενος
3667 263 3725 333 τῇ

2160 351 2378 421 καρδίᾳ.
2422 348 2581 404 Ἀλλά
2607 352 2636 402 ό
2672 349 3050 420 φιλάνθρωπος
3091 349 3221 412 Θεὸς
3249 390 3263 413 ,
3318 350 3618 419 προφάσεις
3653 352 3728 404 ἀεὶ

2159 439 2332 503 διδοὺς
2407 439 2681 510 σωτηρίας
2737 442 2850 502 τοῖς
2917 438 3205 506 ἀγαπῶσιν
3262 438 3427 492 αὑτὸν
3497 437 3724 506 ἀγαθὰς,

2105 529 2108 533 ’
2161 531 2360 593 ταύτας
2386 529 2613 599 παρέχει
2646 531 2759 592 τοῖς
2781 529 2860 593 είς
2883 525 3028 598 ζωὴν
3057 527 3504 598 καταξιουμένοις
3532 527 3726 599 ἀνθρώ-

2163 637 2305 682 ποις.

2235 880 2338 934 IA'.
2380 881 2702 951 Συμϐέϐηκε
2734 881 2844 953 γάρ
2879 881 3042 936 αὑτὸν
3083 884 3173 938 τὸν
3208 882 3469 955 Ἰώσηπον
3506 884 3644 956 μετὰ
3677 885 3728 939 τὸ

2164 969 2488 1041 ἁδρυνθῆναι
2529 970 2728 1023 Ἰούδαν
2757 969 2850 1023 τὸν
2888 971 3268 1043 πατριάρχην,
3317 973 3376 1026 ὃν
3409 973 3729 1044 προείπομεν

2164 1064 2327 1134 (τάχα
2357 1064 2464 1134 γὰρ
2492 1063 2664 1126 οὕτως
2696 1063 2966 1132 ἐλέγετο),
3000 1065 3238 1135 ἀμοιϐῆς
3274 1065 3437 1118 ἓνεκα
3460 1067 3631 1136 γέρας
3663 1065 3730 1134 τῷ

2176 1155 2420 1226 Ἰωσήπῳ
2454 1155 2554 1224 τῆς
2586 1153 2886 1225 ἀποστολῆς
2907 1153 3090 1207 δοῦναι
3115 1156 3215 1226 τὴν
3243 1155 3601 1226 ἐπικαρπίαν.
3635 1156 3732 1208 Καὶ

2168 1248 2284 1317 μετ’
2311 1246 2610 1299 ἐπιστολῶν
2638 1240 2792 1310 οὗτος
2828 1247 3219 1301 ἀποστέλλεται
3258 1248 3340 1309 είς
3372 1247 3471 1318 τὴν
3502 1246 3730 1299 Κιλίκων

2165 1341 2288 1410 γῆν.
2323 1342 2448 1405 Ὃς,
2482 1339 2720 1396 ἀνελθὼν
2754 1343 2955 1406 ἐκεῖσε,
2988 1340 3095 1394 ἀπὸ
3139 1341 3376 1412 ἑκάστης
3410 1340 3621 1403 πόλεως
3643 1339 3733 1410 τῆς

2165 1433 2418 1496 Κιλικίας
2449 1433 2516 1486 τά
2563 1433 2860 1486 ἐπιδέκατα
2902 1434 2997 1486 καὶ
3030 1432 3128 1496 τάς
3159 1432 3416 1504 ἀπαρχὰς
3447 1432 3601 1504 παρὰ
3634 1436 3731 1484 τῶν

2165 1525 2224 1576 ἐν
2259 1527 2324 1596 τῇ
2359 1523 2595 1595 ἐπαρχίᾳ
2638 1525 2906 1577 Ἰουδαίων
2947 1524 3321 1596 εἰσέπραττεν.
3365 1525 3453 1578 Ἐν
3479 1524 3653 1594 τούτῳ
3681 1523 3732 1576 δὲ

496 1629 742 1684 ecclesiae
775 1627 937 1682 domo
965 1629 1350 1682 diversaretur.
1391 1626 1599 1681 Exinde
1628 1635 1910 1680 contracta
1941 1638 2064 1677 cum

2172 1617 2244 1687 τῷ
2275 1617 2453 1687 καιρῷ
2500 1615 2795 1682 κατάγεται
2851 1615 3232 1688 πλησιαίτερον
3268 1617 3368 1686 τῆς
3411 1617 3729 1687 ἐκκλησίας,

497 1720 755 1789 episcOpo
786 1719 1154 1772 familiaritate
1179 1718 1317 1771 clam
1349 1717 1419 1772 ab
1454 1732 1520 1772 eo
1551 1716 1966 1786 Evangeliorum
1994 1715 2062 1789 li_-

497 1808 655 1862 brum
690 1809 946 1878 postulat,
991 1821 1054 1861 ac
1098 1807 1246 1877 legit.
1281 1805 1344 1858 Et
1377 1808 1634 1877 quoniam
1669 1821 1769 1876 pro
1801 1820 1864 1860 ea
1898 1819 2060 1874 quam

498 1899 718 1968 gerebat
746 1898 976 1968 apostoli
1011 1898 1293 1953 functione
1321 1899 1416 1968 (ita
1439 1897 1606 1964 enim,
1630 1904 1689 1951 ut
1723 1896 1982 1960 diximus,
2000 1908 2064 1948 ea

498 1990 734 2061 dignitas
757 1991 1001 2061 vocatur)
1028 2006 1295 2046 summam
1321 2005 1430 2062 prae
1455 2005 1514 2046 se
1538 1990 1879 2060 gravitatem,
1903 1994 2065 2056 atque

503 2079 559 2133 in
599 2080 982 2134 constituenda
1012 2079 1303 2151 disciplina
1338 2081 1681 2136 severitatem
1717 2078 1944 2140 ferebat,
1975 2077 2064 2131 cui

501 2171 579 2225 rei
605 2170 924 2240 praestanda:
951 2169 1127 2226 fuerat
1151 2172 1379 2234 electus,
1406 2185 1470 2224 ac
1503 2171 1794 2241 plerosque
1831 2183 2064 2240 synago-

505 2259 592 2330 gis
642 2258 948 2330 praefectos,
1003 2267 1058 2314 et
1129 2260 1463 2325 sacerdotes,
1505 2275 1570 2315 ac
1617 2261 1968 2331 presbyteros
2014 2267 2069 2312 et

500 2352 782 2424 Azanitas,
817 2367 924 2422 quo
961 2353 1180 2408 nomine
1226 2353 1491 2408 diaconos
1525 2359 1618 2406 aut
1651 2351 1933 2406 ministros
1971 2363 2067 2420 ap-

502 2442 728 2511 pellant,
758 2442 1010 2498 homines
1037 2444 1317 2515 improbos
1346 2443 1401 2498 in
1428 2441 1672 2497 ordinem
1700 2441 1981 2510 redegerat
2004 2455 2068 2494 ac

503 2532 767 2604 dignitate
792 2533 1054 2603 privarat,
1092 2534 1387 2589 multorum
1418 2533 1472 2586 in
1507 2547 1566 2588 se
1598 2530 1866 2586 convertit
1906 2529 2062 2584 odia:

503 2624 597 2693 qui
645 2631 704 2678 ut
736 2639 857 2679 eum
905 2624 1322 2686 ulciscerentur,
1382 2622 1656 2678 curiosius
1690 2622 1976 2691 explorare
2013 2628 2067 2674 et

503 2729 625 2784 qua:
655 2713 723 2768 ab
752 2713 844 2768 illo
868 2721 1184 2784 gererentur
1216 2713 1491 2783 inquirere
1517 2727 1862 2781 summopere
1882 2711 2069 2780 cupitae

503 2804 654 2859 bant.
710 2802 792 2858 οι)
843 2819 936 2860 cas
989 2805 1151 2874 igitur
1216 2818 1412 2859 causas
1476 2804 1790 2858 acutissime
1846 2801 2065 2858 tandem

503 2893 714 2948 odorati
753 2908 821 2948 ex
852 2894 1146 2963 improviso
1177 2893 1434 2964 impetum
1467 2893 1522 2946 in
1551 2893 1694 2947 aedes
1719 2891 1945 2956 faciunt,
1980 2899 2092 2944 at-.

504 3003 608 3058 que
632 2987 685 3041 in
719 2987 833 3056 ipsa
871 2955 1281 3057 Evangeliorum
1308 2986 1540 3042 lectione
1562 2984 1859 3055 Josephum
1887 2985 2070 3057 oppri-
2093 2955 2139 3016 ο

500 3087 677 3132 munt.
714 3076 814 3131 Hic
847 3078 984 3131 libro
1015 3076 1083 3132 de
1108 3077 1357 3132 manibus
1380 3085 1568 3146 erepto
1593 3075 1868 3131 hominem
1893 3076 2067 3131 corri—

505 3170 678 3241 piunt,
711 3177 764 3223 e’t
799 3169 864 3223 ad
897 3177 1095 3224 terram
1129 3169 1343 3225 allisum
1375 3167 1758 3232 vociferantes,
1791 3168 2069 3223 maximis-

505 3276 611 3331 que
654 3260 1004 3315 contumeliis
1045 3268 1304 3314 vexantes
1340 3260 1391 3313 in
1419 3274 1748 3330 synagogam
1769 3259 2066 3324 abducunt,

505 3349 784 3419 virgisque
829 3350 1062 3404 caedunt.
1104 3348 1349 3402 Primum
1404 3349 1506 3403 hoc
1537 3351 1604 3404 ab
1640 3351 1733 3403 illo
1775 3350 2068 3422 legitimum

505 3449 778 3491 certamen
803 3453 898 3507 pro
919 3438 1020 3492 fide
1047 3445 1381 3506 susceptum.
1409 3436 1489 3490 Ad
1509 3437 1623 3492 haec
1644 3441 1883 3493 accurrit
1918 3441 2071 3496 urbis

505 3526 818 3594 cpiscopus,
843 3540 1075 3592 eumque
1103 3540 1170 3578 cx
1197 3524 1410 3577 illorum
1439 3524 1691 3578 manibus
1719 3525 1899 3594 eripit.
1925 3525 2071 3581 Alias

507 3613 706 3669 deinde
735 3629 856 3667 cum
889 3613 992 3667 iter
1018 3621 1264 3686 agentem
1286 3614 1656 3679 offendissent,
1685 3614 1764 3670 si'c
1785 3617 1926 3670 enim
1958 3618 2073 3686 ipse

507 3705 788 3767 narrabat,
819 3705 872 3758 in
898 3705 1146 3775 Cydnum
1175 3705 1476 3774 abjiciunt;
1509 3714 1669 3777 atque
1693 3707 1844 3761 illum
1869 3708 2070 3777 impetu

509 3795 750 3850 fluminis
785 3795 1071 3864 abreptum
1094 3809 1158 3849 ac
1182 3795 1283 3850 sub
1312 3810 1482 3866 aquas
1505 3797 1811 3853 demersum
1847 3799 2073 3868 periisse

505 3887 610 3942 rati
645 3902 974 3957 magnopere
1000 3888 1171 3957 gavisi
1202 3897 1348 3942 sunt.
1382 3887 1487 3942 Sed
1527 3889 1572 3944 is
1602 3897 1849 3944 servatus
1887 3898 2072 3960 pestea

506 3980 715 4036 caelesti
751 3980 1021 4034 lavatione
1053 3979 1307 4048 dignatus
1347 3989 1449 4036 est.
1495 3979 1631 4034 llinc
1660 3980 1726 4034 ad
1757 3983 2072 4036 comitatum

508 4079 799 4142 provectus
821 4071 894 4126 ad
907 4070 1248 4126 Constantini
1265 4071 1611 4141 imperatoris
1635 4071 1927 4126 amicitiam
1958 4088 2076 4141 per-

506 4164 675 4226 venit,
703 4163 862 4232 eique
891 4161 1156 4232 quidquid
1177 4162 1280 4217 sibi
1311 4161 1582 4216 acciderat
1612 4164 1893 4232 exposuit;
1921 4164 2072 4232 prin-

2166 1709 2265 1761 οὑκ
2285 1705 2379 1761 οἷδ’
2408 1709 2582 1761 εἰπεῖν
2615 1708 2673 1759 ἐν
2708 1707 2838 1779 ποίᾳ
2871 1707 3044 1760 πόλει.
3077 1707 3348 1761 Φιλιοῦται
3373 1708 3428 1761 δὲ
3458 1707 3535 1777 τῷ
3565 1707 3733 1760 ἐκεῖσε

2167 1799 2470 1867 ἐπισκόπῳ,
2500 1797 2559 1860 ὃς
2591 1796 2890 1868 λεληθότως
2915 1797 3084 1868 ᾔτησε
3115 1799 3245 1869 παρ’
3277 1796 3440 1850 αὑτοῦ
3470 1796 3538 1850 τὰ
3570 1798 3734 1864 Εὐαγ-

2165 1889 2339 1959 γέλια,
2367 1890 2460 1942 καὶ
2487 1889 2716 1957 ἀνέγνω.
2762 1889 2913 1941 Ἐπεὶ
2961 1885 3072 1954 οὖν,
3099 1883 3188 1942 οἷα
3218 1888 3518 1964 ἀπόστολος
3549 1887 3733 1959 (οὕτως

2165 1982 2273 2052 γὰρ
2319 1982 2446 2052 παρ’
2494 1981 2713 2045 αὐτοῖς,
2759 1981 2835 2044 ώς
2873 1980 3042 2051 ἔφην,
3080 1980 3141 2034 τὸ
3183 1979 3399 2052 ἀξίωμα
3431 1978 3735 2048 καλεῖται),

2167 2073 2592 2145 ἐμϐριθέστατος
2621 2073 2716 2126 καὶ
2740 2072 3062 2144 καθαρεύων
3083 2072 3243 2143 δῆθεν
3269 2073 3337 2125 τὰ
3369 2073 3448 2135 είς
3471 2072 3738 2126 κατάστα·

2169 2180 2253 2216 σιν
2285 2163 2540 2234 εὐνομίας
2565 2204 2579 2229 ,
2629 2164 2802 2227 οὓτως
2829 2163 3098 2218 ἐπιτελεῖν
3145 2163 3581 2236 προϐαλλόμενος
3613 2163 3738 2233 (9.5).

2169 2253 2394 2316 πολλοὺς
2423 2253 2530 2306 τῶν
2569 2253 2755 2307 κακῶν
2784 2253 3230 2307 κατασταθέντων
3259 2253 3737 2325 ἀρχισυναγώγων,

2168 2345 2263 2399 καὶ
2304 2345 2513 2415 ἱερέων,
2559 2345 2654 2399 καὶ
2703 2344 3109 2418 πρεσϐυτέρων,
3159 2344 3254 2397 καὶ
3303 2343 3602 2407 ’Δζανιτῶν
3638 2341 3742 2395 τῶν

2169 2438 2298 2507 παρ’
2327 2437 2510 2500 αὐτοῖς
2544 2436 2655 2506 (26)
2687 2436 2952 2490 διακόνων
3001 2435 3506 2507 ἐρμηνευομένωνῆ
3537 2437 3738 2505 ὑπηρε-

2167 2525 2296 2587 τῶν,
2330 2523 2606 2596 καθαιρῶν
2633 2541 2695 2576 τε
2722 2524 2816 2577 καὶ
2841 2523 3149 2594 μετακινῶν
3178 2522 3273 2574 τοῦ
3305 2520 3620 2592 ἀξιώματος
3644 2518 3745 2572 ὑπὸ

2170 2613 2380 2668 πολλῶν
2406 2616 2700 2668 ἐνεκοτεῖτο
2722 2653 2737 2673 .
2771 2614 2966 2677 οἵτινες
3011 2611 3195 2684 ὥσπερ
3236 2611 3547 2683 ἀμύνασθαι
3587 2611 3744 2665 αὐτὸν

2170 2707 2498 2775 πειρώμενοι
2545 2704 3014 2776 πολυπραγμονεῖν
3053 2701 3244 2756 τοῦτον
3289 2705 3384 2755 καὶ
3438 2702 3747 2775 ίχνηλατεῖν

2167 2794 2236 2848 τὰ
2289 2795 2420 2864 παρ’
2449 2793 2611 2847 αὑτοῦ
2638 2793 2896 2864 γινόμενα
2924 2793 2984 2846 οὑ
3020 2793 3231 2866 μικρῶς
3259 2794 3610 2858 ἐσπούδαζον.
3652 2794 3750 2847 Διά

2168 2883 2426 2958 τοιαύτην
2469 2885 2526 2938 δὲ
2585 2885 2765 2939 αἰτίαν
2817 2885 3471 2957 πολυπραγμονήσαντες,
3537 2886 3751 2958 ἀθρόως

2171 2985 2501 3055 εἰσέφρησαν
2529 2981 2710 3035 οἴκαδε
2743 2983 2822 3044 εἰς
2851 2982 2915 3035 τὸ
2946 2981 3111 3036 αὐτοῦ
3143 2983 3410 3051 ἐφέστιον,
3448 2983 3547 3037 καὶ
3578 3000 3751 3054 κατα-

2171 3075 2539 3146 λαμϐάνουσιν
2580 3072 2739 3128 αὑτὸν
2779 3073 2846 3127 τὰ
2897 3074 3204 3142 Εὐαγγέλια
3237 3075 3618 3146 διερχόμενον·
3654 3077 3754 3146 τήν

2171 3185 2230 3221 τε
2259 3166 2438 3238 βίϐλον
2463 3165 2778 3236 κατέχουσι,
2807 3165 2898 3218 τὸν
2920 3165 2978 3219 δὲ
3008 3165 3176 3236 ἄνδρα
3203 3167 3528 3237 ἁρπάζουσι,
3566 3167 3760 3237 σύρον-

2171 3276 2262 3322 τες
2300 3258 2473 3328 χαμαὶ
2496 3297 2510 3321 ,
2547 3257 2639 3310 καὶ
2675 3255 2924 3326 βοῶντες,
2965 3257 3056 3309 καὶ
3083 3256 3266 3318 αἰκίας
3297 3255 3656 3327 ἐπιφέροντες
3695 3255 3754 3308 οὐ

2171 3349 2271 3412 τὰς
2302 3347 2589 3418 τυχούσας,
2617 3347 2889 3416 ἀπάγουσι
2916 3346 3012 3417 μὲν
3041 3347 3121 3409 είς
3149 3346 3248 3416 τὴν
3281 3346 3636 3418 συναγωγὴν,
3663 3347 3758 3398 καὶ

2175 3438 2494 3511 μαστίζουσι
2524 3437 2711 3491 τοῦτον
2730 3477 2744 3502 ,
2791 3438 2883 3489 καὶ
2921 3435 3059 3489 κατὰ
3100 3435 3191 3488 τὸν
3223 3435 3386 3505 νόμον
3419 3431 3581 3498 οὗτος
3611 3429 3762 3500 αὐτῷ

2174 3528 2386 3601 πρῶτος
2427 3527 2573 3595 ἀγὼν
2603 3527 2829 3596 γίνεται.
2886 3525 3119 3594 Ἐπέστη
3150 3525 3206 3576 δὲ
3254 3527 3282 3577 ὁ
3319 3523 3625 3587 ἐπίσκοπος
3665 3524 3763 3592 τῆς

2174 3622 2399 3686 πόλεως,
2432 3621 2528 3674 καὶ
2559 3619 2808 3688 ἀφείλετο
2849 3617 3030 3674 αὐτόν.
3060 3617 3280 3670 Ἀλλοτε
3308 3617 3365 3669 δὲ
3395 3616 3759 3687 καταλαμϐά-

2174 3729 2354 3765 νουσιν
2391 3713 2552 3766 αύτὸν
2582 3714 2641 3764 ὲν
2668 3709 2943 3780 ὁδοιπορίᾳ
2973 3709 3097 3771 τινὶ,
3133 3708 3208 3770 ὡς
3235 3711 3365 3778 ἡμῖν
3403 3710 3762 3781 ὑφηγήσατο,

2174 3804 2268 3857 καὶ
2298 3803 2575 3873 ῥίπτουσιν
2604 3801 2765 3854 αὐτὸν
2805 3803 2884 3863 είς
2927 3800 3130 3854 Κύδνον
3163 3801 3254 3852 τὸν
3284 3802 3554 3870 ποταμόν.
3588 3801 3682 3870 Τῷ
3708 3799 3765 3851 δὲ

2178 3895 2407 3968 ῥεύματι
2453 3894 2649 3947 αὐτὸν¹
2693 3893 3011 3964 ἁρπαγέντα
3057 3892 3364 3954 ἐτόπασαν,
3409 3893 3487 3963 μὴ
3534 3911 3616 3963 πη
3661 3894 3768 3964 ἀρα

2175 3987 2368 4040 ὄλωλεν
2409 3985 2735 4057 ὑποϐρύχιος
2766 3984 3054 4054 γενόμενος
3098 3986 3209 4045 τοῖς
3253 3982 3409 4036 ’ύδασι
3432 3999 3446 4012 ·
3481 3985 3586 4037 καὶ
3623 3984 3769 4054 ἔχαι-

2178 4095 2269 4149 ρον
2295 4077 2385 4130 ἐπὶ
2415 4076 2608 4145 τούτῳ.
2643 4077 2701 4128 Ὁ
2743 4075 2799 4127 δὲ
2839 4073 3019 4146 μικρῷ
3060 4074 3285 4145 ὕστερον
3330 4073 3574 4145 λουτροῦ
3613 4073 3770 4141 ἁγίου

2176 4167 2556 4231 καταξιοῦται³
2599 4165 2776 4237 ἐσώθη
2827 4168 2960 4238 γάρ.
2991 4167 3200 4218 Ἀνεισι
3235 4165 3290 4218 δὲ
3338 4166 3434 4217 ἐπὶ
3475 4167 3542 4218 τὸ
3591 4182 3771 4236 κομη-

507 4254 683 4323 cipem
721 4269 780 4308 se
811 4252 1028 4308 Judzeos
1065 4255 1208 4308 inter
1255 4253 1537 4323 dignitatis
1569 4255 1748 4307 locum
1778 4252 2070 4320 habuisse;

2178 4263 2356 4323 τᾶτον,
2394 4259 2488 4313 καὶ
2529 4259 2736 4330 βασιλεῖ
2771 4259 3164 4328 Κωνσταντίνῳ
3194 4257 3492 4326 φιλιοῦται,
3530 4261 3633 4312 καὶ
3679 4259 3774 4311 ἀν-

507 4344 602 4398 sed
630 4343 748 4398 visa
782 4345 886 4398 sibi
933 4345 1239 4414 frequentia
1268 4345 1531 4401 divinitus
1565 4345 1768 4408 oblata,
1810 4345 2073 4402 invitante

505 4433 757 4498 Domino,
789 4442 849 4489 ut
889 4435 975 4516 ad,
1004 4436 1127 4490 fidei
1164 4437 1601 4507 cognitionisque
1643 4451 1755 4492 sua:
1795 4437 2076 4492 sanctissi-

504 4541 646 4580 mam
683 4536 887 4582 sortem
947 4542 1010 4582 ac
1049 4529 1274 4583 salutem
1301 4543 1424 4584 sese
1455 4529 1797 4585 transferret.
1831 4529 1898 4582 At
1929 4531 2075 4600 Opti-

505 4633 628 4672 mus
663 4619 977 4688 imperator,
1005 4619 1317 4688 Christique
1345 4608 1533 4675 revera
1569 4637 1782 4688 servus,
1813 4631 1868 4676 et
1890 4622 2075 4676 divino

505 4709 741 4777 quodam
772 4710 913 4762 inter
952 4710 1227 4778 principes
1257 4709 1451 4764 ardore
1473 4721 1596 4780 post
1625 4710 1905 4776 Davidem,
1937 4711 2072 4768 Eze-

505 4799 706 4862 chiam,
741 4806 795 4853 et
824 4798 1028 4853 Josiam
1067 4809 1330 4867 :cstuans,
1374 4802 1586 4856 boc.illi
1620 4802 1903 4873 dignitatis
1932 4820 2073 4874 prae-

507 4889 698 4953 mium,
729 4887 874 4957 quod
923 4890 1084 4958 paulo
1116 4899 1243 4945 ante
1277 4891 1586 4957 retulimus,
1618 4895 1869 4954 contulit,
1899 4897 2074 4950 comi-

506 4989 725 5049 temque
781 4981 928 5042 feeit,
985 4981 1183 5048 jubens
1240 4983 1462 5051 insuper
1510 4991 1571 5035 ut
1616 4983 1879 5052 quidquid
1909 4985 2072 5039 vellet

502 5079 734 5140 optaret.
769 5071 927 5142 136
965 5071 1057 5128 Ille
1081 5074 1216 5128 nihil
1243 5074 1389 5128 aliud
1423 5075 1532 5129 nisi
1564 5075 1668 5130 hoc
1699 5091 1865 5129 unum
1902 5080 2074 5133 maxi-

579 5226 596 5256 ⁸
618 5244 712 5300 γρ.
744 5228 1160 5298 ἀφαρπαγέντα.

576 5337 686 5410 (‘25)
727 5340 922 5405 Οὕτως
959 5339 1282 5410 ,ἐπιτελεῖν
1345 5341 1846 5410 προϐαλλόμενος.
1889 5338 2067 5394 Variis

505 5409 682 5466 modis
713 5409 970 5478 explicari
1013 5410 1176 5463 verba
1210 5412 1312 5462 ista
1349 5418 1576 5478 possunt
1606 5430 1617 5464 :
1648 5409 1761 5466 save
1792 5425 1856 5465 eo
1875 5425 2062 5471 sensu,

544 5497 664 5536 nem
690 5479 1058 5549 reddidimus;
1092 5480 1205 5531 sive
1232 5493 1388 5549 quem
1421 5480 1718 5536 Carnarius
1751 5481 2020 5549 expressit
2048 5497 2060 5530 :

547 5553 593 5606 ἕο
616 5552 751 5606 enim
776 5566 829 5605 se
852 5548 1021 5617 facere
1043 5547 1407 5616 prwtcudebat.

2179 4351 2329 4404 έθετο
2363 4348 2509 4419 αὐτῷ
2532 4349 2601 4402 τὰ
2633 4349 2752 4402 καθ’
2788 4349 2978 4401 ἐαυτὸν
3004 4348 3239 4409 ἅπαντα,
3281 4347 3356 4410 ώς
3382 4343 3455 4418 ἦν
3503 4349 3621 4401 τῶν
3656 4348 3774 4400 κατ’

2189 4440 2471 4503 Ἰουδαίους
2515 4441 2851 4510 ἐξοχωτάτης
2903 4439 3097 4503 ἀξίας,
3148 4441 3244 4493 καὶ
3288 4439 3365 4501 ώς
3413 4442 3477 4491 αἱ
3519 4439 3778 4493 θεοπτίαι

2176 4531 2323 4602 αύτῷ
2358 4531 2531 4600 πάντη
2562 4533 2859 4599 ἐφαίνοντο,
2900 4529 3106 4600 Κυρίου
3151 4529 3312 4582 αὑτὸν
3341 4531 3783 4600 προσκαλουμέο

2179 4640 2268 4676 νου
2295 4625 2372 4686 είς
2400 4623 2498 4693 τὴν
2527 4620 2686 4690 ἁγίαν
2717 4620 2904 4690 κλῆσιν
2931 4621 3026 4672 καὶ
3066 4619 3339 4688 σωτηρίαν
3371 4620 3481 4688 τῆς
3516 4620 3649 4674 κατ’
3686 4619 3783 4672 αύ-

2175 4713 2266 4766 τὺν
2300 4711 2532 4774 πίστεώς
2560 4729 2620 4763 τε
2647 4713 2739 4763 καὶ
2765 4710 3039 4778 γνώσεως.
3076 4709 3135 4762 '0
3161 4708 3216 4760 δέ
3242 4708 3450 4775 ἀγαθὸς
3485 4709 3778 4780 βασιλεὺς,

2173 4804 2357 4866 δοῦλος
2400 4801 2473 4856 ῶν
2514 4802 2749 4873 Χριστοῦ
2799 4803 2856 4854 ἐν
2897 4801 3145 4871 ἀληθείᾳ,
3179 4801 3273 4852 καὶ
3315 4801 3408 4853 τὸν
3449 4802 3614 4856 κατά
3647 4801 3782 4855 Θεὸν

2177 4895 2334 4966 ζῆλον
2385 4896 2441 4947 ὲν
2492 4894 2766 4964 βασιλεῦσι
2815 4892 2954 4964 μετὰ
2999 4891 3162 4944 Δαϐὶδ
3211 4892 3304 4943 καὶ
3354 4892 3632 4955 Ἐζεκίαν
3690 4891 3789 4944 καὶ

2188 4987 2398 5039 Ἰωσίαν
2441 4985 2773 5055 κεκτημένος
2823 4984 2990 5055 γέρας
3041 4982 3188 5053 αύτῷ
3231 4981 3491 5046 δίδωσιν,
3547 4984 3634 5047 ὡς
3683 4982 3788 5053 ἤδη

2176 5081 2456 5149 προεῖπον,
2486 5075 2795 5147 ἀξιώματος
2835 5078 2892 5130 ἐν
2919 5078 2984 5148 τῇ
3017 5074 3182 5128 αὐτοῦ
3215 5075 3496 5148 βασιλείᾳ.
3539 5078 3788 5149 Κόμητα

2397 5345 2858 5433 ⁸ἶιὶζαιξιτιῖηςέ
2877 5346 2996 5433 τῶν
3035 5347 3169 5416 παρ’
3203 5347 3432 5433 ςιύτοξς.
3480 5348 3794 5433 Ιυιιτεξῖῃη

2172 5424 2369 5468 vocant
2415 5430 2701 5484 synagoga:
2761 5418 3090 5481 ministrum,
3143 5419 3224 5472 vel
3279 5419 3590 5477 aedituum.
3646 5418 3796 5479 Vi‘do

2172 5479 2341 5537 Elian)
2377 5485 2428 5537 in
2467 5485 2666 5540 Thisbi.
