3980 6086
605 66 633 93 ν

536 200 640 257 42⁸1

1948 186 2003 242 S.
2045 186 2383 242 EPIPHANII

3678 194 3784 249 £28

541 318 607 372 ad
647 317 750 370 hoc
785 311 1155 384 spectaculum
1190 307 1504 363 Judzeorum
1546 304 1707 359 turba
1748 310 2104 365 convenerat,

2213 301 2377 355 ώπιον
2408 304 2626 357 πάντων
2653 302 3036 377 (συνηθροίσθη
3066 306 3124 359 δὲ
3161 305 3362 375 πλῆθος
3397 306 3665 361 Ἰουδαίων
3692 310 3783 361 ἐπὶ

543 414 601 459 ut
643 405 717 460 rei
758 410 1032 466 eventum,
1077 416 1139 454 ac
1188 397 1318 469 quid
1364 396 1581 449 tandem
1621 392 1894 462 Josephus
1927 400 2109 463 ageret

540 495 828 564 viderent),
869 493 1025 562 137
1062 490 1242 544 crucis
1296 488 1511 556 signum
1552 500 1716 554 super
1759 483 1892 537 illud
1944 482 2109 554 digito

542 588 713 651 ducit,
744 601 806 638 ac
836 583 964 638 Jesu
1003 596 1199 635 nomen
1236 578 1500 632 invocans
1537 590 1732 646 magna
1765 590 1899 630 voce
1928 576 2008 630 sic
2034 575 2110 629 lo-

542 680 725 749 quitur
759 695 770 728 :
811 676 869 729 In
905 674 1122 728 nomine
1155 670 1283 725 Jesu
1319 669 1607 731 Nazareni,
1639 683 1799 738 quem
1826 668 1927 722 mei
1962 667 2109 736 pari-

544 782 626 825 ter
655 776 817 837 atque
849 766 1046 819 horum
1081 764 1347 827 omnium,
1379 762 1472 831 qui
1506 761 1593 815 hic
1628 767 1833 821 astant,
1869 760 2109 829 majores

543 877 598 916 ιη
628 875 844 915 crucem
877 863 1126 927 egerunt,
1147 854 1262 908 hare
1295 868 1435 924 aqua
1471 853 1577 907 vim
1613 853 1808 907 habeto
1836 851 1901 905 ad
1919 850 2104 921 magi-

540 967 634 1006 cas
666 959 832 1012 artes,
880 945 1254 1014 maleﬁciaque
1297 943 1479 999 omnia
1535 942 1941 1012 restinguenda,
1990 957 2109 1011 quae

542 1042 633 1097 isti
666 1044 1073 1107 compararunt,
1114 1036 1181 1089 ab
1208 1034 1504 1102 eademque
1537 1032 1617 1086 vis
1662 1031 1769 1101 igni
1807 1045 1929 1085 sua~
1950 1029 2109 1083 resti-

542 1138 748 1191 tuatur,
785 1144 892 1199 quo
923 1127 1133 1181 Domini
1178 1126 1374 1181 domus
1413 1122 1618 1178 absolvi
1654 1121 1848 1191 possil.
1886 1119 1982 1175 His
2020 1120 2107 1173 di-

549 1225 675 1291 ctis,
714 1221 1032 1276 fornacibus
1052 1219 1282 1290 singulis
1312 1232 1506 1287 aquam
1538 1216 1795 1285 aspergit.
1821 1216 1899 1268 Ita
1929 1214 2107 1269 disso-

542 1315 672 1368 lutis
700 1313 985 1383 praestigiis
1010 1326 1192 1365 coram
1222 1310 1500 1375 omnibus,
1538 1309 1682 1378 ignis
1700 1306 1970 1362 efferbuit.
1988 1306 2107 1372 Quo

543 1405 808 1459 miraculo
835 1411 1105 1457 commota
1138 1401 1295 1456 turba
1331 1400 1542 1471 magnis
1580 1399 1808 1453 vocibus
1834 1398 2111 1453 exclama-

542 1497 652 1549 vit:
686 1493 839 1549 Unus
855 1503 939 1548 est
968 1493 1133 1558 Deus,
1163 1493 1256 1563 qui
1282 1492 1624 1548 Christianos
1646 1490 1900 1559 adjuvat;
1928 1490 2110 1559 itaque

542 1586 812 1641 discessit.
846 1587 921 1639 Ac
954 1600 1096 1654 sarpe
1134 1585 1267 1640 alias
1306 1583 1630 1638 vexantibus
1658 1580 1861 1636 Judaris
1892 1580 2106 1635 tandem

542 1678 743 1733 veteris
777 1677 965 1747 templi
1001 1684 1208 1746 partem
1240 1674 1536 1738 exstruxit,
1575 1674 1629 1727 in
1670 1687 1844 1741 eaque
1884 1684 2105 1740 parvam

541 1767 828 1821 ecclesiam
857 1764 1123 1819 condidit.
1159 1762 1293 1818 Post
1326 1762 1451 1817 inde
1478 1760 1767 1833 discedens
1794 1758 2109 1830 Scythopoli

541 1856 810 1912 consedit.
871 1855 1219 1909 Dioctesareae
1272 1866 1434 1920 porro
1494 1850 1725 1920 aliisque
1785 1850 1839 1904 in
1894 1848 2110 1918 oppidis

542 1954 819 2016 postremo
856 1944 1115 1999 ecclesias
1151 1940 1456 1997 aediﬁcavit.
1495 1940 1575 1994 Ad
1620 1941 1733 1994 haec
1768 1939 1944 1993 obiter
1981 1953 2104 1991 nar-

544 2037 711 2092 randa
743 2034 975 2106 digressi
1010 2033 1235 2097 fuimus,
1274 2047 1465 2086 eorum
1500 2033 1791 2086 occasione
1819 2031 2108 2087 librorum,

543 2130 635 2199 qui
674 2129 816 2198 apud
860 2125 1073 2180 Judaeos
1114 2122 1368 2178 translati
1403 2124 1775 2193 reperiuntur,
1804 2120 2109 2190 cujusmodi

539 2229 626 2277 est
691 2218 917 2273 Joannis
980 2216 1369 2286 Evangelium,
1427 2222 1481 2270 et
1538 2214 1909 2284 apostolorum
1939 2214 2109 2267 Actus

546 2312 809 2368 llehraice
835 2306 1108 2363 conversi.
1143 2305 1250 2362 Sed
1288 2304 1356 2360 de
1396 2305 1499 2360 hac
1542 2304 1805 2360 historica
1846 2303 2109 2359 relatione
2147 2363 2153 2369 ,

542 2406 826 2458 hactenus.

611 2665 748 2723 XIII.
778 2664 933 2719 Nunc
971 2662 1039 2717 ad
1073 2661 1388 2715 inchoatam
1421 2659 1490 2714 de
1531 2659 1799 2714 Ebionitis
1831 2660 2105 2716 narratio-

545 2774 667 2814 nem
707 2754 1011 2826 regrcdior.
1061 2751 1342 2821 Siquidem
1378 2751 1449 2805 ob
1482 2748 1723 2805 Matthazi
1755 2750 2108 2821 Evangelium

540 2870 607 2908 eo
656 2852 880 2920 delapsa
930 2854 1018 2903 est
1058 2846 1259 2909 oratio,
1293 2852 1352 2899 ut
1399 2844 1466 2899 ad
1499 2859 1618 2898 eam
1669 2859 1791 2914 quae
1836 2845 1905 2900 ad
1947 2861 2110 2903 aures

2210 396 2307 466 τὴν
2336 395 2483 462 θέαν,
2531 397 2591 450 τὸ
2628 398 3036 470 ἀποϐησόμενον
3069 399 3194 453 ίδείν
3229 398 3647 463 σπουδάζοντες,
3690 401 3783 454 καὶ

2210 485 2237 537 ὃ
2269 502 2319 538 τι
2350 488 2745 559 ἐπιχειρήσειεν
2792 488 3053 559 Ἰώσηπος
3087 490 3349 560 πράττειν
3373 492 3413 555 ),
3470 490 3679 561 μεγάλῃ
3716 492 3779 560 τῇ

2211 579 2359 648 φωνῇ
2389 579 2417 630 ὁ
2441 577 2577 651 ἀνὴρ
2608 578 2840 649 σταυροῦ
2873 580 3145 649 σφραγῖδα
3175 578 3383 642 ἐπιθεὶς
3407 579 3486 649 τῷ
3509 580 3667 647 ἄγγει
3695 581 3782 632 διὰ

2209 666 2302 719 τοῦ
2354 667 2485 721 ίδίου
2526 669 2812 733 δακτύλου,
2866 671 2960 724 καὶ
3010 669 3474 739 ἐπικαλεσάμενος
3518 669 3581 722 τὸ
3618 669 3783 739 ὄνομα

2224 759 2395 828 Ἰησοῦ
2414 800 2429 822 ,
2466 756 2619 815 εἶπεν
2647 762 2845 825 οὕτως·
2892 763 2980 814 Ἐν
3005 761 3232 831 ὀνόματι
3269 760 3444 831 Ἰησοῦ
3473 761 3568 814 τοῦ
3596 762 3782 824 Ναζω⁴

2213 850 2384 920 ραίου,
2428 847 2490 905 οῦ
2522 852 2873 922 ἐσταύρωσαν
2920 854 2968 904 oi
3020 852 3254 922 πατέρες
3290 868 3391 921 μου
3440 852 3535 904 καὶ
3584 852 3784 905 τούτων

2210 942 2425 996 πάντων
2451 943 2558 997 τῶν
2587 942 2988 1015 περιεστώτων,
3014 943 3240 1013 γένηται
3267 942 3495 1012 δύναμις
3528 944 3587 996 ἐν
3615 942 3785 1013 τούτῳ

2209 1031 2285 1101 τῷ
2336 1032 2488 1088 ῦδατι
2536 1037 2616 1097 εἰς
2654 1034 2913 1103 ἀθέτησιν
2958 1034 3139 1103 πάσης
3179 1032 3527 1105 φαρμακείας
3558 1034 3654 1085 καὶ
3684 1050 3784 1102 μα-

2209 1125 2383 1192 γείας,
2406 1123 2475 1197 ἦς
2506 1119 2652 1179 οὗτοι
2683 1127 2943 1197 ἔπραξαν,
2974 1126 3069 1178 καὶ
3096 1126 3177 1187 είς
3204 1124 3480 1191 ἐνέργειαν
3505 1123 3787 1194 δυνάμεως

2208 1216 2286 1286 τῷ
2318 1218 2454 1287 πυρὶ
2480 1219 2559 1280 είς
2592 1218 2653 1270 τὸ
2682 1215 3090 1286 ἐπιτελεσθῆναι
3122 1216 3211 1267 τὸν
3236 1208 3387 1267 οἷκον
3415 1214 3640 1282 Κυρίου.
3679 1215 3787 1266 Καὶ

2208 1306 2379 1369 οὕτως
2421 1306 2685 1377 λαμϐάνει
2732 1307 2794 1359 τὸ
2841 1306 2985 1376 ὕδωρ
3037 1308 3096 1358 ἐν
3141 1306 3206 1374 τῇ
3256 1303 3420 1374 χειρὶ,
3469 1306 3566 1355 καὶ
3614 1305 3786 1374 ῥαίνει

2211 1398 2423 1468 ἑκάστῳ
2442 1398 2706 1468 φούρνακι
2724 1399 2787 1449 ἐκ
2813 1396 2904 1450 τοῦ
2934 1396 3143 1459 ὕδατος.
3172 1396 3281 1449 Καὶ
3305 1394 3560 1447 ἀνελύετο
3582 1395 3683 1464 μὲν
3722 1396 3785 1447 τὰ

2211 1490 2498 1560 φάρμακα,
2530 1490 2591 1542 τὸ
2618 1489 2726 1561 πῦρ
2770 1488 2827 1542 δὲ
2861 1487 3092 1542 ἐνώπιον
3121 1488 3338 1540 πάντων
3370 1485 3782 1540 ἀνεϐλύστανεν.

2211 1584 2274 1635 Ol
2315 1582 2371 1634 δὲ
2419 1583 2685 1653 παρόντες
2727 1581 2893 1652 δχλοι,
2942 1580 3389 1651 κραυγάσαντες,
3434 1575 3529 1643 Εἷς
3578 1580 3713 1644 Θεὸς
3758 1585 3785 1634 ὁ

2213 1670 2421 1742 βοηθῶν
2450 1675 2562 1734 τοῖς
2589 1674 2963 1742 Χριπιανοῖς,
3004 1670 3379 1743 ἀνεχώρησαν.
3424 1672 3695 1736 Πολλάκις
3730 1673 3783 1725 δὲ

2210 1762 2519 1816 κακούντων
2559 1764 2650 1816 τὸν
2691 1764 2859 1835 ἄνδρα
2888 1764 3133 1825 ἐκείνων,
3170 1764 3249 1825 είς
3276 1762 3499 1833 ὕστερον
3530 1762 3701 1833 μέρος
3726 1782 3782 1817 ,τι

2206 1851 2301 1904 τοῦ
2332 1852 2460 1905 ναοῦ
2497 1856 2554 1906 ἐν
2593 1853 2868 1931 Τιϐεριάδι
2899 1853 3293 1923 οἰκοδομήσας,
3331 1854 3422 1905 καὶ
3455 1855 3662 1923 μικράν
3693 1855 3785 1906 ἐκ·

2210 1943 2435 2014 κλησίαν
2465 1944 2816 2006 ἀποτελέσας,
2845 1942 3016 2006 οὕτως
3054 1942 3261 1996 ἐκεῖθεν
3286 1942 3654 2013 ἀνεχώρησεν.
3698 1945 3784 1996 Ἐν

2210 2033 2537 2087 Σκυθοπόλει
2567 2034 2624 2086 δὲ
2660 2033 2850 2100 ἐλθὼν,
2885 2034 3222 2103 κατέμεινεν.
3270 2033 3358 2086 Ἐν
3397 2035 3785 2105 Διοκαισαρεία

2208 2124 2264 2178 δὲ
2315 2125 2409 2178 καὶ
2450 2124 2638 2186 ἄλλαις
2678 2123 2790 2176 τισὶ
2835 2123 3054 2186 τελείως
3101 2123 3435 2194 ᾠκοδόμησε.
3493 2123 3686 2176 Ταῦτα
3729 2123 3787 2177 δὲ

2210 2217 2548 2289 πραχθέντα,
2594 2218 2686 2271 καὶ
2730 2216 2964 2271 ἐνταῦθά
3016 2234 3103 2287 μοι
3151 2216 3552 2287 ἐπιμνησθέντα
3598 2218 3786 2271 ἕνεκεν

2209 2307 2306 2375 τῆς
2335 2305 2442 2361 τῶν
2485 2306 2679 2377 βίϐλων
2706 2305 3021 2377 ἑρμηνείας,
3069 2305 3185 2372 πῶς
3230 2307 3338 2360 ἀπὸ
3380 2306 3690 2377 Ἑλληνίδος
3727 2308 3787 2362 τὸ

2210 2380 2639 2468 κατάἻωάννην
2686 2398 3017 2467 Εὐαγγὲλιον
3058 2399 3139 2460 είς
3186 2397 3441 2469 Ἐὁραΐδα
3492 2398 3785 2467 μετέπεσε,

2210 2490 2304 2542 καὶ
2353 2491 2407 2542 al
2455 2489 2691 2560 Πράξεις
2734 2488 2841 2541 τῶν
2883 2488 3226 2552 ἀποστόλων,
3278 2488 3383 2551 ἓως
3428 2481 3531 2542 ὧδε
3573 2489 3646 2542 τά
3687 2492 3790 2560 τῆς

2212 2581 2452 2651 ἱστορίας
2483 2581 2577 2633 καὶ
2600 2581 2922 2650 ύφηγήσεως
2955 2579 3142 2649 ἐχέτω.

2278 2670 2380 2725 1Γ’.
2427 2669 2709 2740 Ἐπάνειμι
2752 2671 2809 2724 δὲ
2841 2671 2938 2740 τὴν
2981 2670 3124 2723 κατά
3161 2669 3408 2733 Ἑϐίωνος
3453 2671 3792 2741 ποιούμενος

2211 2761 2547 2817 ἀκολουθίαν.
2579 2762 2679 2815 Διὰ
2717 2762 2828 2834 γὰρ
2858 2763 2921 2815 τὸ
2956 2761 3096 2816 κατὰ
3140 2762 3406 2815 Ματθαῖον
3445 2761 3792 2830 Εὐαγγέλιον

2212 2852 2413 2925 προῖὼν
2444 2856 2472 2908 ὁ
2513 2854 2669 2922 λόγος
2705 2853 2804 2924 τὴν
2851 2853 3169 2908 ἀκολουθίαν
3211 2855 3289 2915 εἰς
3333 2854 3475 2923 ἡμᾶς
3517 2852 3793 2923 ἐλθούσης

544 2956 765 3002 nostras
795 2950 1123 3014 pervenerat
1152 2938 1442 2995 historiam
1472 2938 1836 2994 enarrandam
1860 2954 2107 2996 necessa-

2213 2941 2463 3011 γνώσεως
2490 2943 2829 3014 παραθέσθαι
2868 2943 3194 3012 ἠνάγκασεν.
3240 2943 3326 2995 Ἑν
3372 2941 3447 3011 τῷ
3479 2941 3615 3009 γοῦν
3656 2944 3795 3015 παρ’

543 3040 627 3093 rio
652 3049 777 3093 sese
797 3038 1173 3089 converteret.
1200 3029 1373 3100 Igitur
1409 3030 1465 3083 in
1494 3043 1584 3093 eo,
1610 3018 1753 3099 quod
1789 3045 1958 3099 penes
1984 3030 2107 3084 illos

492 3135 645 3194 .est,
702 3124 937 3181 Matthaai
984 3121 1297 3193 Evangelio,
1349 3134 1663 3189 quanquam
1716 3134 1784 3173 ne
1833 3118 2106 3188 integrum

541 3219 759 3289 quidem
795 3215 928 3271 illud
961 3214 1184 3279 habent,
1209 3212 1303 3267 sed
1340 3210 1707 3265 adulteratam
1734 3224 1800 3263 ac
1828 3211 2103 3278 mutilum,

543 3311 707 3378 idque
739 3309 920 3378 ipsum
956 3303 1285 3360 Hebraicum
1309 3312 1527 3366 vocant,
1565 3303 1639 3356 ita
1671 3305 1935 3373 scriptum
1971 3313 2056 3361 est
2091 3323 2104 3361 :

543 3399 736 3454 Fuisse
768 3405 979 3452 eertum
1012 3394 1312 3454 hominem.
1350 3393 1571 3448 nomine
1596 3393 1807 3459 Jesum,
1838 3408 2107 3451 annorum

540 3490 760 3545 circiter
790 3488 1035 3557 triginta,
1065 3485 1158 3555 qui
1192 3499 1293 3539 nos
1324 3484 1547 3555 elegerit
1569 3501 1582 3547 ;
1602 3484 1697 3554 qui
1722 3484 2106 3556 Capharnaum

544 3579 766 3634 veniens
797 3579 855 3630 in
887 3575 1152 3637 Simonis,
1183 3575 1507 3645 cognomine
1534 3574 1701 3642 Petri,
1726 3576 1870 3632 aedes
1897 3578 2110 3648 ingres-

543 3685 639 3726 sus
665 3676 767 3733 est,
802 3674 1098 3738 apertoque
1143 3679 1240 3721 ore
1285 3680 1387 3721 suo
1419 3666 1556 3721 dixit
1590 3666 1760 3723 :Cuni
1805 3668 2106 3725 secundum

543 3760 850 3818 Tiberiadis
882 3760 1062 3814 locum
1096 3758 1412 3822 transirem,
1452 3757 1716 3815 Joannem
1756 3768 1810 3816 et
1841 3760 2105 3818 Jacobum

540 3851 789 3909 Zebedaei
828 3848 968 3906 ﬁlios
1000 3848 1159 3919 elegi,
1200 3856 1256 3903 et
1289 3846 1593 3918 Simonem,
1633 3859 1686 3904 et
1719 3850 2014 3915 Andream,
2054 3861 2109 3906 et

542 3942 893 4003 Thaddaeum,
906 3947 959 3995 et
969 3937 1248 3996 Simonem
1266 3937 1511 4004 Zeloten,
1523 3938 1612 3996 etJ
1619 3940 1777 3995 udam
1790 3940 1904 3997 lsea
1912 3942 2107 4007 riotert,

541 4045 594 4090 et
621 4046 672 4089 te
692 4033 1002 4088 Matthazum
1034 4031 1100 4086 ad
1118 4030 1382 4085 telonium
1401 4030 1677 4086 sedentem
1696 4034 1906 4097 vocavi,
1934 4049 1997 4088 ac
2025 4051 2112 4090 me

543 4128 658 4197 ipse
689 4133 914 4180 secutus
929 4137 1010 4178 es.
1030 4119 1167 4175 Volo
1190 4122 1375 4190 itaque
1395 4120 1683 4175 duodecim
1714 4137 1811 4176 vos
1832 4123 2111 4191 apostolos

541 4235 663 4273 csse
707 4217 775 4271 ad
816 4214 1191 4271 testimonium
1247 4212 1488 4267 Israelis.
1559 4210 1626 4265 Et
1687 4220 1805 4266 erat
1870 4214 2112 4270 Joannes

2214 3035 2396 3096 αὐτοῖς
2422 3031 2737 3102 Εὑαγγελίῳ
2762 3032 2901 3085 κατὰ
2944 3030 3221 3085 Ματθαῖον
3252 3029 3658 3103 ὀνομαζομένῳ,
3689 3035 3798 3103 οὐχ

2213 3122 2319 3193 ὅλῳ
2350 3121 2407 3174 δὲ
2448 3120 2827 3193 πληρεστάτῳ,
2874 3121 3011 3175 ἀλλά
3042 3120 3428 3192 νενοθευμένῳ,
3471 3122 3561 3174 καὶ
3596 3124 3800 3195 ἠκρω-

2212 3212 2583 3285 τηριασμένῳ,
2620 3212 2906 3284 Ἐϐραῖκὸν
2939 3212 2996 3266 δὲ
3043 3213 3200 3266 τοῦτο
3235 3212 3519 3278 καλοῦσιν,
3549 3215 3803 3286 ἐμφέρεο

2212 3323 2323 3372 ται,
2341 3306 2423 3359 ὅτι
2452 3305 2700 3371 Ἐγένετό
2725 3323 2808 3369 τις
2835 3304 2972 3376 ἀνὴρ
2993 3305 3214 3375 ὀνόματι
3244 3305 3469 3375 Ἰησοῦς,
3501 3307 3598 3359 καὶ
3623 3307 3803 3370 αὐτὸς

2213 3399 2291 3461 ὡς
2313 3397 2449 3451 ἐτῶν
2476 3397 2789 3470 τριάκοντα,
2824 3398 2883 3461 ὃς
2934 3395 3213 3462 ἐξελέξατο
3257 3399 3427 3469 ἡμᾶς.
3460 3401 3570 3453 Καὶ
3615 3399 3802 3453 ἐλθὼν

2214 3491 2294 3554 ιίς
2328 3490 2726 3561 Καφαρναοὺμ,
2775 3488 3019 3559 εἰσῆλθεν
3063 3491 3144 3552 είς
3190 3488 3288 3559 τὴν
3317 3490 3493 3542 οἰκίαν
3541 3490 3801 3561 Σίμωνος

2213 3579 2308 3632 τοῦ
2336 3579 2721 3651 ἐπικληθέντος
2772 3580 2981 3651 Πέτρου
3003 3619 3017 3642 ,
3065 3579 3161 3631 καὶ
3218 3579 3435 3645 ἀνοίξας
3484 3580 3546 3633 τὸ
3610 3581 3803 3650 στόμα

2216 3670 2383 3724 αὑτοῦ
2421 3669 2565 3737 εἶπε,
2622 3671 3037 3741 Παρερχόμενος
3072 3669 3221 3740 παρὰ
3258 3669 3356 3741 τὴν
3391 3669 3588 3741 λίμνην
3627 3673 3803 3724 Τιϐε-

2216 3762 2399 3833 ριάδος
2440 3760 2770 3832 ἐξελεξάμην
2808 3761 3059 3831 Ἰωάννην
3093 3761 3187 3814 καὶ
3229 3760 3481 3813 Ἰάκωὸον
3512 3761 3666 3824 υἱοὺς
3693 3763 3805 3814 Ζε-

2216 3854 2452 3929 ϐεδαίου,
2488 3856 2583 3908 ml
2623 3852 2863 3923 Σίμωνα,
2904 3853 2997 3905 καὶ
3045 3851 3314 3924 Ἀνδρέαν,
3366 3853 3461 3905 καὶ
3504 3852 3801 3916 Θαδδαῖον,

2216 3950 2312 3999 καὶ
2357 3947 2577 4016 Σίμωνα
2624 3944 2715 3998 τὸν
2762 3943 3045 4016 Ζηλωτὴν,
3093 3943 3187 3997 καὶ
3229 3943 3430 3997 Ἰούδαν
3474 3944 3567 3998 τὸν
3613 3946 3807 3998 Ἰσκα-

2221 4037 2441 4108 ριώτην,
2483 4036 2574 4091 καί
2607 4054 2667 4090 σε
2712 4037 2808 4089 τὸν
2841 4036 3116 4090 Ματθαῑον
3159 4036 3520 4108 καθεζόμενον
3563 4037 3660 4089 ἐπὶ
3692 4038 3805 4090 τοῦ

2218 4128 2469 4181 τελωνίου
2499 4128 2753 4192 ἐκάλεσα,
2790 4130 2882 4182 καὶ
2909 4127 3275 4198 ἠκολούθησάς
3317 4146 3423 4199 μοι.
3470 4129 3647 4199 ’Υμᾶς
3694 4127 3809 4184 οὖν

2220 4218 2479 4290 βούλομαι
2525 4214 2664 4272 εἶναι
2702 4216 2926 4271 δεκαδύο
2970 4217 3316 4283 ἀποστόλους,
3357 4220 3438 4280 εἰς
3486 4217 3812 4289 μαρτύριον

546 4306 847 4375 baptizans,
890 4310 945 4358 et
980 4304 1227 4381 exierant
1260 4301 1325 4357 ad
1362 4317 1488 4357 eum
1531 4299 1814 4373 Pharisaei,
1863 4303 2024 4373 138
2058 4314 2107 4358 et

2214 4310 2308 4363 τοῦ
2354 4309 2589 4381 Ἰσραήλ.
2631 4310 2747 4367 Καὶ
2778 4310 2995 4377 ἐγένετο
3049 4308 3301 4378 Ἰωάννης
3334 4307 3640 4376 βαπτίζων,
3695 4314 3816 4362 καὶ

546 4395 803 4466 haptizati
836 4402 985 4457 sunt,
1025 4404 1080 4449 et
1114 4395 1292 4449 omnis
1328 4391 1723 4464 Hierosolyma.
1767 4394 1887 4463 Ipse
1925 4404 2108 4450 autem

540 4488 777 4541 Joannes
806 4485 1041 4540 habebat
1074 4485 1459 4539 vestimentum
1502 4485 1568 4539 de
1610 4484 1739 4560 pilng
1774 4485 2107 4540 camelorum

538 4588 594 4633 et
629 4593 822 4633 zonam
871 4575 1154 4645 pelliceam
1197 4574 1343 4628 circa
1383 4575 1595 4631 lumbos
1638 4592 1772 4633 suos
1814 4597 1827 4631 :
1863 4585 1918 4633 et
1951 4580 2108 4636 cibus

539 4671 659 4737 ejus
698 4675 816 4723 erat
860 4666 964 4720 mel
1017 4664 1286 4727 silvestre,
1332 4664 1492 4733 cujus
1537 4681 1699 4735 sapor
1738 4680 1855 4724 erat
1896 4687 2109 4728 manna:

543 4759 759 4819 similis,
780 4753 1123 4824 velutlagani
1149 4752 1273 4809 hiat
1293 4769 1414 4808 cum
1439 4757 1576 4811 oleo.
1606 4757 1759 4823 Quod
1788 4776 1853 4816 eo
1875 4760 2103 4827 faciunt.

542 4858 601 4903 ut
627 4847 874 4904 veritatis
907 4859 1214 4902 sermonem
1263 4846 1317 4899 in
1363 4847 1706 4903 mendacium
1746 4864 2104 4919 commutent,

539 4951 593 4999 et
623 4958 723 5013 pro
760 4956 827 4996 eo
855 4939 998 5011 quod
1029 4947 1115 4994 est
1151 4938 1400 5009 ἀκρίδας,
1444 4940 1546 4995 hoc
1588 4950 1672 4996 est
1714 4943 1975 5013 locustas,
2011 4952 2105 5018 ἐγ-

541 5037 752 5107 κρίδας,
787 5035 889 5090 hoe
918 5041 1001 5092 est
1038 5034 1291 5105 epichy:a
1322 5034 1521 5088 mellita
1551 5034 1902 5091 substituant.
1934 5039 2107 5098 Porro

542 5126 892 5195 Evangelium
918 5127 1135 5180 illorum
1171 5126 1252 5180 sic
1287 5122 1751 5194 incipitzFactum
1786 5131 1951 5184 estin
1985 5133 2102 5191 die-

488 5230 505 5253 δ
542 5217 642 5271 bus
676 5215 905 5271 llcrodis
939 5216 1083 5285 regis
1112 5213 1329 5278 Judaaze,
1375 5223 1435 5270 ut
1476 5218 1686 5273 veniret
1727 5219 1966 5278 Joannes
2006 5226 2103 5279 ba-

610 5368 723 5439 (29)
765 5365 846 5423 Οὗ
882 5370 919 5435 ἡ
956 5368 1161 5439 γεῦσις
1197 5365 1275 5439 ἦν
1322 5371 1425 5423 τοῦ
1468 5371 1688 5439 μάννα.
1732 5374 1833 5439 Qui
1867 5382 1973 5428 tam
2012 5379 2105 5430 ah—

541 5437 706 5492 surda
761 5437 1434 5506 interpretationefucum
1471 5437 1609 5505 huic
1664 5437 1782 5498 loco
1834 5445 2104 5503 faciebant

541 5509 798 5578 haeretici,
816 5506 883 5561 ad
904 5521 966 5562 ea
988 5506 1375 5575 respiciebant,
1398 5525 1518 5578 quae
1547 5510 1717 5567 Exod.
1747 5530 1832 5567 xvi
1864 5523 1919 5567 ct
1938 5514 2100 5573 Num.

542 5595 637 5642 xu,
671 5577 737 5634 de
776 5591 976 5634 manna
1012 5578 1259 5648 leguntur
1305 5598 1317 5634 :
1356 5581 1513 5650 cujus
1543 5592 1735 5652 gustus
1767 5583 1939 5641 fuisse
1968 5587 2105 5641 dici-

2214 4403 2435 4473 ἐξῆλθον
2461 4403 2596 4473 πρὸς
2624 4402 2785 4455 αὑτὸν
2800 4402 3100 4471 Φαρισαῖοι,
3119 4400 3213 4453 καὶ
3240 4399 3668 4470 ἐϐαπτίσθησαν,
3696 4405 3814 4455 καὶ

2216 4497 2367 4549 πάσα
2401 4494 2915 4567 ἸεροσόλυμαρΚαὶ
2944 4488 3088 4563 εἶχεν
3107 4496 3135 4546 ὁ
3173 4492 3425 4560 Ἰωάννης
3445 4490 3652 4560 ἔνδυμα
3679 4492 3818 4546 ἀπὸ

2213 4586 2416 4658 τριχῶν
2450 4586 2733 4657 καμήλου,
2774 4586 2866 4639 καὶ
2919 4584 3093 4654 ζώνην
3139 4581 3465 4653 δερματίνην
3514 4582 3643 4652 περὶ
3694 4584 3820 4654 τὴν

2213 4679 2383 4745 ὀσφὺν
2435 4676 2633 4729 αὑτοῦ⁹
2674 4677 2768 4729 καὶ
2811 4677 2869 4728 τὸ
2928 4674 3123 4746 βρῶμα
3182 4672 3381 4735 αὑτοῦ,
3433 4675 3599 4744 φησὶ,
3660 4675 3820 4742 μέλι

2214 4770 2422 4843 ἄγριον,
2460 4764 2521 4843 οῦ
2575 4773 2607 4841 ἡ
2642 4770 2828 4838 γεῦσις
2866 4766 2933 4840 ἦν
2966 4770 3058 4823 τοῦ
3094 4769 3267 4840 μάννα
3299 4768 3431 4838 (29),
3475 4769 3551 4833 ὡς
3597 4772 3823 4843 ἐγκρὶς

2214 4838 2271 4915 ει
2293 4838 2456 4934 ἐλαίῳ
2476 4838 2606 4915 εἶναί
2633 4863 2794 4933 δῆθεν
2830 4838 3242 4933 μεταστρέψωσι
3278 4860 3371 4914 τὸν
3400 4862 3502 4932 τῆς
3529 4838 3824 4931 ἀληθείας

2213 4953 2365 5021 λόγον
2390 4956 2468 5017 είς
2494 4954 2708 5023 ψεῦδος,
2742 4956 2833 5007 καὶ
2858 4955 2977 5006 ἀντὶ
3006 4952 3241 5025 ἀκρίδων
3268 4953 3568 5023 ποιήσωσιν
3602 4955 3827 5026 ἐγκρίο

2211 5044 2304 5119 δας
2334 5046 2390 5097 ἐν
2423 5045 2618 5116 μέλιτι.
2666 5047 2727 5098 Ἦ
2763 5045 2818 5098 δὲ
2852 5046 2995 5115 ἀρχὴ
3026 5045 3117 5097 τοῦ
3155 5046 3284 5119 παρ’
3327 5045 3512 5107 αὐτοῖς
3541 5045 3827 5113 Εὐαγγε-

2210 5118 2325 5185 Hoc
2346 5132 2482 5203 ἔχει,
2507 5136 2587 5187 ὅτι
2645 5135 2893 5203 Ἐγένετο
2929 5138 2987 5187 ἐν
3017 5137 3135 5197 ταῖς
3159 5136 3392 5205 ἡμέραις
3421 5135 3665 5205 Ἡρώδου
3698 5141 3827 5192 τοῦ

2210 5223 2478 5295 βασιλέως
2522 5225 2619 5295 τῆς
2668 5225 2957 5292 Ἰουδαίας,
3000 5222 3162 5297 ἦλθεν
3218 5225 3475 5296 Ἰωάννης
3511 5225 3833 5297 βαπτίζων

2212 5390 2318 5453 tur,
2350 5382 2424 5444 ὡς
2447 5383 2635 5452 ἐγκρὶς
2661 5384 2717 5435 ἐν
2746 5382 2929 5453 ἐλαίῳ.
2962 5383 3065 5439 Sed
3102 5399 3200 5440 nec
3227 5384 3410 5438 minus
3442 5384 3676 5438 ridicule
3713 5403 3841 5441 no—

2211 5452 2309 5504 stri
2358 5453 2644 5532 temporis.
2671 5452 2904 5508 haeretici
2952 5455 3172 5525 quidam
3206 5470 3393 5509 vocem
3430 5454 3660 5526 ἀκρίδας
3702 5458 3843 5515 dc-

2210 5537 2437 5590 pravare
2466 5531 2647 5576 00113“
2684 5531 2830 5576 ευιιι.
