3946 6074
205 172 309 228 429

889 173 1255 235 ADVERSUS
1292 176 1634 233 lleltiiSES
1671 176 1797 231 ΜΒ.
1840 173 1880 231 1.
1922 174 2086 231 TUM.
2127 177 2191 230 II.
2234 208 2305 218 —-
2341 177 2803 237 HERES.XXX.

3370 164 3477 241 ἀει

211 293 505 364 βάπτισμα
563 296 854 365 μετανοίας
903 300 964 351 ὲν
1017 299 1094 370 τῷ
1140 300 1381 373 Ἰορδάνῃ
1441 299 1699 371 ποταμῷ,
1724 298 1806 360 «ὃς

1925 297 2121 366 ptizans
2175 299 2448 369 baptismo
2508 301 2843 370 pmnitentiae
2902 302 2955 355 in
3004 300 3474 366 Jordane'ﬂuvio,

212 384 437 451 ἐλέγετο
480 379 625 438 εἶναι
676 387 740 439 ἐκ
790 388 979 456 γένους
1025 389 1234 462 Ἀαρὼν
1276 391 1371 443 τοῦ
1417 389 1625 460 ίερέως,
1673 391 1801 451 παῖς

215 475 489 545 Ζαχαρίου
526 478 623 530 καὶ
665 473 965 545 Ἐλισάὸετ,
1001 482 1093 533 καὶ
1141 480 1429 552 ἐξήρχοντο
1463 481 1602 551 πρὸς
1640 480 1801 533 αὐτὸν

217 569 441 632 πάντες.
474 570 589 623 Καὶ
637 572 774 642 μετὰ
820 571 880 625 τὸ
932 573 1105 626 εἰπεῖν
1154 574 1342 637 πολλὰ,
1383 573 1653 643 ἐπιφέρει,
1697 573 1797 635 ὅτι,

218 660 327 714 Τοῦ
362 660 492 715 λαοῦ
538 661 951 732 βαπτισθέντος,
986 662 1116 736 ἦλθε
1152 666 1249 719 καὶ
1286 664 1512 735 Ἰησοῦς,
1543 667 1638 718 καὶ
1680 666 1804 716 ἐδα-

221 754 426 825 πτίσθη
462 755 568 808 ὑπὸ
601 755 694 809 τοῦ
746 757 1016 812 Ἰωάννου.
1057 759 1165 811 Καὶ
1201 759 1276 821 ὡς
1308 757 1536 828 ἀνῆλθεν
1576 757 1683 810 ἀπὸ
1708 755 1802 809 τοῦ

225 846 457 909 ὓδατος,
490 848 790 919 ἠνοίγησαν
835 850 882 901 οἱ
926 850 1166 919 οὐρανοὶ,
1207 850 1299 903 καὶ
1334 846 1440 903 εἶδε
1480 850 1541 901 τὸ
1581 834 1804 918 Πνεῦμα

223 939 319 992 τοῦ
350 940 485 992 Θεοῦ
528 940 589 992 τὸ
624 940 779 1008 ἅγιον
824 944 881 994 ὲν
917 940 1047 993 εἴδει
1084 943 1408 1013 περιστερᾶς
1440 940 1805 1009 κατελθούσης

224 1031 322 1083 καὶ
355 1030 705 1102 εἰσελθούσης
731 1037 810 1095 είς
828 1032 1011 1086 αὐτόν.
1042 1033 1154 1086 Καὶ
1186 1035 1335 1103 φωνὴ
1364 1033 1584 1099 ἐγένετο
1616 1034 1679 1085 ἐκ
1709 1032 1804 1084 τοῦ

223 1120 479 1191 οὐρανοῦ,
515 1121 775 1188 λέγουσα·
806 1123 891 1175 Σύ
915 1140 1035 1190 μου
1055 1118 1157 1175 eid
1190 1112 1377 1188 Ϋίὸςό
1396 1122 1807 1191 ἀγαπητὸς,ἐν

226 1214 329 1266 σοὶ
364 1212 715 1280 ηὐδόκησα·
759 1214 851 1267 καὶ
880 1214 1075 1267 πάλιν*
1124 1214 1269 1283 Ἐγὼ
1305 1218 1571 1283 σήμερον
1607 1214 1808 1284 γεγέν-

224 1303 387 1370 νηκά
411 1321 502 1358 σε.
524 1305 634 1357 Καὶ
658 1304 819 1368 εὐθὺς
842 1305 1180 1377 περιέλαμψε
1201 1306 1290 1359 τὸν
1312 1306 1474 1358 τόπον
1502 1306 1616 1373 φῶς
1642 1306 1805 1376 μέγα.

232 1393 302 1447 Ὃ
334 1394 477 1455 ἰδὼν,
520 1397 704 1466 φησιν,
737 1398 766 1450 ό
810 1397 1060 1466 Ἰωάννης
1090 1396 1239 1464 λέγει
1269 1395 1417 1465 αὐτῷ
1436 1412 1450 1426 ’
1506 1395 1590 1448 Σὺ
1618 1396 1710 1460 τίς
1729 1392 1803 1457 εἴ,

230 1486 445 1553 Κύριε;
470 1488 580 1540 Καὶ
610 1486 770 1539 πάλιν
794 1488 944 1558 φωνὴ
975 1488 1032 1553 ἐξ
1061 1486 1291 1558 οὐρανοῦ
1316 1487 1451 1558 πρὸς
1477 1487 1636 1540 αὐτόν
1652 1504 1663 1516 ·
1695 1483 1809 1543 06-

228 1577 334 1642 τός
369 1577 544 1630 ἐστιν
581 1580 613 1632 ό
662 1580 792 1645 Υἱός
813 1597 930 1648 μου
971 1583 1003 1633 ό
1031 1578 1334 1645 ἀγαπητὸς
1356 1618 1370 1641 ,
1409 1579 1499 1646 ἐφ’
1537 1575 1608 1629 ὃνῖ
1632 1578 1810 1645 ηὐδό-

1903 403 2064 457 quem
2101 387 2351 445 ferebmt
2379 407 2443 446 ex
2480 407 2676 460 genere
2715 408 2837 448 esse
2875 393 3108 448 Aaronis
3154 384 3477 457 sacerdotis,

1903 479 2049 534 ﬁlius
2075 479 2356 536 Zachariae
2392 492 2445 536 et
2477 483 2828 547 Elizahethae,
2870 492 2925 539 et
2959 483 3383 553 egrediebantur
3413 484 3481 537 ad

1907 571 2059 625 illum
2082 587 2293 628 omnes.
2334 572 2473 627 Tum
2510 575 2668 645 longe
2706 588 2891 644 postea
2935 575 3255 645 suhjungit:
3295 575 3484 643 Bapti-

1903 670 2025 717 zato
2050 665 2253 733 populo
2284 665 2432 719 venit
2465 673 2517 718 ct
2551 665 2733 730 Jesus,
2767 674 2820 722 et
2860 682 2887 719 a
2930 665 3140 720 Joanne
3172 666 3481 735 baptizatus
3515 673 3551 707 ι
3626 662 3653 690 ί

1902 758 2005 807 est.
2034 751 2283 823 Cumque
2308 756 2650 810 ascendisset
2680 772 2744 810 ex
2770 772 2932 827 aqua,
2966 757 3139 827 aperti
3169 764 3299 811 sunt
3332 757 3479 817 coeli,

1904 853 1959 900 et
1988 846 2117 900 vidit
2149 844 2412 917 Spiritum
2450 846 2542 902 Dei
2576 858 2827 903 sanctum
2857 849 3120 904 columba:
3149 850 3331 919 specie
3383 848 3481 903 de-

1905 937 2224 995 scendentis
2251 948 2304 994 et
2348 940 2611 995 intrantis
2651 941 2706 995 in
2737 922 2877 997 sese.
2912 940 2977 994 Et
3020 957 3123 995 vox
3170 942 3381 997 reddita
3416 940 3486 995 de

1906 1028 2048 1082 ccelo
2096 1028 2287 1083 dicens
2334 1048 2346 1083 :
2399 1029 2479 1082 Tu
2523 1046 2578 1083 es
2627 1028 2802 1083 Filius
2844 1046 2988 1083 meus
3029 1030 3272 1092 dilectus,
3333 1028 3487 1083 in'te

1908 1117 2035 1171 mihi
2061 1120 2376 1187 complacui.
2404 1119 2470 1173 Et
2497 1121 2725 1175 iterum:
2760 1120 2874 1191 Ego
2904 1116 3056 1174 hodie
3088 1122 3241 1190 genui
3274 1130 3341 1173 te.
3372 1119 3488 1172 Sta-

1908 1210 2114 1279 timque
2131 1226 2197 1265 eo
2226 1211 2280 1264 in
2310 1211 2428 1266 loco
2452 1213 2541 1265 lux
2572 1212 2762 1283 ingens
2792 1211 3015 1265 aﬂuisit.
3043 1210 3161 1275 Qua
3191 1217 3488 1279 conspecta

1909 1299 2147 1354 Joannes
2187 1302 2266 1357 sic
2306 1319 2428 1357 eum
2472 1303 2767 1372 alloquitur
2801 1321 2814 1357 :
2860 1302 2937 1355 Tu
2964 1305 3081 1372 quis
3115 1320 3191 1366 es,
3232 1302 3490 1358 Domine!

1911 1389 2257 1462 Rursumque
2273 1394 2423 1462 lapsa
2456 1409 2559 1447 vox
2591 1394 2657 1449 de
2686 1395 2826 1449 cmlo
2852 1411 2863 1447 ;
2899 1394 3001 1448 Hic
3027 1405 3103 1448 est
3134 1393 3312 1448 Filius
3343 1411 3489 1448 metu

1910 1484 2157 1551 dilectus,
2191 1487 2246 1538 in
2276 1502 2377 1555 quo
2409 1486 2537 1540 mihi
2563 1490 2876 1557 eomplacui.
2903 1488 2980 1541 Ad
3009 1487 3123 1541 haec
3150 1486 3390 1541 Joannes
3421 1487 3490 1540 ad

1911 1573 2033 1642 ejus
2059 1574 2222 1643 pedes
2245 1576 2529 1649 accidens:
2563 1576 2776 1645 Quaeso,
2808 1576 3009 1646 inquit,
3043 1575 3286 1640 Domine,
3325 1584 3379 1628 tu
3412 1589 3492 1629 me

230 1683 418 1734 κησα.
446 1670 554 1721 Καὶ
586 1669 728 1734 τότε,
753 1672 936 1740 φησὶν,
961 1672 989 1723 ό
1022 1671 1274 1740 Ἰωάννης
1308 1670 1631 1740 προσπεσὼν
1663 1671 1810 1742 αὐτῷ

1925 1666 2022 1733 ipse
2049 1665 2282 1733 baptiza.
2328 1646 2397 1719 At
2429 1667 2518 1720 ille
2547 1669 2870 1737 prohibebat
2897 1684 3020 1723 eum
3066 1670 3257 1725 dicens
3286 1689 3298 1723 ε
3331 1667 3536 1737 Sine;<

214 1756 387 1836 ﬁla/5
410 1775 424 1787 ·
457 1756 670 1825 Δέομαί
701 1775 816 1811 σου
837 1799 851 1819 ,
877 1760 1075 1827 Κύριε,
1103 1760 1183 1813 σύ
1212 1776 1289 1828 με
1312 1757 1640 1823 βάπτισον.
1674 1759 1731 1811 '0
1755 1761 1812 1813 δὲ

230 1848 475 1901 ἐκώλυεν
500 1848 670 1917 αὐτῷ,
697 1849 869 1919 λέγων
895 1867 909 1880 ·
936 1850 1126 1919 Ἀφες,
1164 1851 1245 1903 ὅτι
1267 1849 1438 1912 οὕτως
1466 1851 1580 1903 ἐστὶ
1603 1852 1811 1921 πρέπον

231 1940 591 2012 πληρωθῆναι
619 1942 818 1997 πάντα.

308 2036 408 2087 1Δ’.
460 2036 598 2106 Ὅρα
637 2035 694 2088 δὲ
739 2036 837 2105 τὴν
882 2036 1011 2106 παρ’
1060 2036 1243 2097 αὐτοῖς
1291 2034 1813 2106 παραπεποιημένην

234 2124 578 2194 πανταχόθεν
607 2124 983 2189 διδασκαλίαν,
1009 2123 1126 2186 πῶς
1150 2125 1325 2178 πάντα
1356 2124 1532 2195 χωλὰ,
1548 2124 1696 2193 λοξὰ,
1722 2127 1816 2179 καὶ

232 2215 499 2284 οὐδεμίαν
527 2204 801 2286 ὀρθότητα
828 2213 1041 2285 ἔχοντα.
1076 2215 1136 2267 '0
1169 2215 1266 2285 μὲν
1293 2214 1401 2286 γὰρ
1415 2214 1687 2285 Κήρινθος
1722 2216 1816 2269 καὶ

235 2305 604 2375 Καρποκρᾶς,
640 2303 718 2374 τῷ
758 2303 908 2374 αὑτῷ
956 2303 1227 2375 χρώμενοι
1269 2303 1429 2373 δῆθεν
1469 2306 1599 2378 παρ’
1635 2305 1817 2367 αὐτοῖς

238 2394 563 2464 Εὑαγγελίῳ
615 2394 724 2447 ἀπὸ
754 2394 853 2463 τῆς
879 2395 1053 2466 ἀρχῆς
1095 2394 1189 2448 τοῦ
1228 2394 1370 2449 κατὰ
1412 2395 1689 2449 Ματθαῖον
1714 2396 1818 2448 Εὐ·-

234 2486 496 2554 αγγελίου
542 2485 631 2539 διὰ
672 2486 767 2556 τῆς
802 2486 1175 2555 γενεαλογίας,
1220 2486 1505 2557 βούλονται
1547 2488 1818 2558 παριστᾷν

236 2583 306 2633 ἐκ
336 2579 652 2649 σπέρματος
688 2578 882 2649 Ἰωσὴφ
912 2579 1006 2632 καὶ
1035 2579 1251 2648 Μαρίας
1277 2575 1416 2633 εἶναι
1447 2580 1538 2633 τὸν
1564 2581 1817 2651 Χριστόν.

238 2663 407 2724 Οὗτοι
434 2671 496 2724 δὲ
537 2670 671 2725 ἄλλα
696 2670 821 2725 τινὰ
863 2669 1215 2724 διανοοῦνται.
1248 2672 1671 2743 Παρακόψαντες
1712 2673 1821 2744 γάρ

236 2765 342 2826 τάς
385 2762 536 2833 παρὰ
575 2761 650 2831 τῷ
705 2760 970 2832 Ματθαίῳ
1010 2762 1379 2831 γενεαλογίας,
1417 2761 1675 2834 ἄρχονται
1722 2763 1821 2835 τὴν

236 2855 420 2927 ἀρχὴν
442 2852 733 2915 ποιεῖσθαι,
753 2853 828 2917 ὡς
855 2855 1133 2924 προεῖπον,
1151 2853 1423 2923 λέγοντες,
1445 2856 1527 2907 ὃτι
1556 2854 1820 2923 Ἐγένετο,

235 2949 431 3019 φησιν,
468 2948 526 2999 ἐν
555 2948 675 3009 ταῖς
718 2946 955 3017 ἡμέραις
997 2945 1232 3018 Ἡρώδου
1269 2946 1531 3016 βασιλέως
1560 2948 1658 3017 τῆς
1696 2946 1824 3000 Ἰου-
1848 2984 1895 3043 c

235 3040 401 3102 δαίας
452 3038 548 3091 ἐπὶ
585 3037 887 3111 ἀρχιερέως
942 3038 1200 3106 Καῖάφα,
1249 3033 1384 3107 ἦλθέ
1432 3048 1518 3101 τις
1572 3038 1823 3110 Ἰωάννης

235 3130 474 3200 ὀνόματι
521 3126 800 3198 βαπτίζων
843 3126 1125 3197 βάπτισμα
1177 3128 1467 3197 μετανοίας
1506 3131 1564 3182 ὲν
1606 3129 1685 3200 τῷ
1729 3147 1826 3183 πο·-

236 3219 406 3291 ταμὶῥ
447 3220 711 3293 Ἰορδάνῃ,
745 3220 842 3274 καὶ
875 3220 948 3273 τὰ
974 3218 1123 3289 ἑξῆς.
1165 3219 1383 3289 Ἐπειδὴ
1412 3220 1521 3292 γὰρ
1549 3220 1825 3290 βούλονται

238 3313 334 3364 τὸν
362 3312 463 3382 μὲν
499 3311 708 3382 Ἰησοῦν
737 3311 905 3374 ὅντως
928 3309 1215 3381 ἄνθρωπον
1242 3308 1400 3375 εἷναι,
1424 3311 1503 3375 ὡς
1542 3315 1823 3383 προεῖπον,

239 3401 481 3473 Χριστὸν
508 3402 567 3454 δὲ
594 3402 652 3454 ὲν
700 3400 849 3472 αὐτῷ
889 3399 1214 3471 γεγενῆσθαι
1244 3402 1335 3454 τὸν
1368 3402 1428 3455 ἐν
1452 3405 1782 3475 περιστερᾶς
1805 3404 1822 3435 ⁸

240 3490 689 3562 καταϐεϐηκότα,
723 3491 976 3562 καθάπερ
1001 3491 1102 3561 ἤδη
1134 3492 1231 3544 καὶ
1270 3494 1399 3564 παρ’
1440 3490 1630 3556 ἄλλαις
1670 3493 1817 3565 αίρέ-

243 3600 398 3637 σεσιν
428 3582 756 3653 εὑρίσκομεν
788 3580 1125 3649 συναφθέντα
1162 3579 1332 3652 αὐτῷ,
1364 3583 1459 3636 καὶ
1499 3578 1639 3661 εἶναι
1665 3584 1828 3639 αὐτὸν

239 3677 335 3728 τὸν
364 3675 602 3748 Χριστὸν
633 3676 698 3727 ὲκ
738 3674 1051 3745 σπέρματος
1083 3673 1277 3744 ἀνδρὸς
1309 3675 1401 3727 καὶ
1444 3677 1704 3743 γυναικὸς
1732 3693 1827 3745 γε-

242 3765 572 3836 γενημένον.
593 3764 763 3817 Πάλιν
789 3764 846 3817 δὲ
872 3762 1161 3834 ἀρνοῦνται
1188 3758 1328 3817 εἶναι
1356 3765 1521 3818 αὑτὸν
1546 3752 1829 3837 ἄνθρωπον

243 3854 408 3925 δῆθεν
475 3853 586 3906 ἀπὸ
636 3853 732 3905 τοῦ
772 3852 952 3921 λόγου,
999 3845 1060 3905 οὗ
1103 3853 1324 3922 εἴρηκεν
1356 3854 1384 3905 ὁ
1423 3853 1611 3925 Σωτὴρ
1654 3857 1712 3907 ὲν
1752 3855 1829 3926 τῷ

242 3946 616 4016 ἀναγγελῆναι
659 3946 841 4011 αὑτὸν,
867 3945 949 3997 ὄτι
986 3945 1133 3999 Ἰδοὺ
1181 3946 1221 4013 ἠ
1244 3943 1443 4014 μήτηρ
1480 3959 1596 4001 σου
1645 3948 1743 4000 καί
1772 3950 1827 4001 οἱ

240 4039 501 4107 ἀδελφοί
558 4053 674 4090 σου
722 4036 838 4100 ἔξω
875 4035 1229 4101 ἑστήκασιν,
1278 4037 1360 4088 ὅτι
1414 4037 1509 4101 Τίς
1547 4053 1667 4104 μου
1699 4037 1828 4090 ἐστὶ

238 4130 442 4202 μήτηρ
487 4130 589 4182 καί
612 4144 733 4197 μου
773 4127 1055 4196 ἀδελφο[;
1096 4124 1207 4179 Καὶ
1253 4126 1525 4193 ἐκτείνας
1550 4126 1645 4180 ἐπὶ
1689 4128 1832 4193 τοὺς

1916 1756 1991 1810 ita
2021 1757 2165 1812 enim
2194 1757 2348 1813 decet
2374 1772 2474 1813 nos
2506 1759 2730 1829 implere
2759 1762 2962 1815 omnia.

1988 2018 2128 2073 XIV.
2172 2021 2308 2077 Vide
2345 2038 2507 2093 quam
2558 2025 2623 2081 sit
2664 2039 2855 2081 eorum
2901 2026 3262 2098 undequaque
3301 2026 3499 2098 depra-

1919 2118 2043 2165 vata
2076 2112 2355 2181 doctrina;
2389 2129 2551 2183 quam
2583 2116 2972 2182 clandicantia,
3008 2117 3349 2188 distortaque
3387 2118 3497 2174 sint

1921 2201 2124 2265 omnia,
2160 2217 2260 2256 nec
2291 2203 2426 2256 recti
2467 2204 2767 2273 quidquam
2812 2206 3154 2260 contineant.
3199 2205 3498 2261 Corinthus

1922 2291 2066 2343 enim
2106 2297 2160 2344 et
2184 2290 2545 2360 Carpocrates
2568 2294 2758 2347 eodem
2784 2291 3042 2354 Matthxi.
3076 2302 3135 2348 ut
3164 2293 3381 2363 quidem
3402 2309 3499 2348 vo-

1923 2380 2065 2444 lunt,
2101 2379 2394 2451 Evangeiio
2423 2381 2570 2447 freti,
2607 2398 2672 2436 ex
2706 2383 2828 2453 ejus
2862 2383 3019 2438 initio
3054 2382 3369 2453 Christique
3405 2399 3500 2454 ge-
3542 2429 3582 2459 ,θ

1924 2474 2172 2545 nealogia
2218 2474 2452 2544 probare
2496 2477 2768 2543 nituntur,
2807 2475 3088 2531 Christum
3124 2492 3154 2531 e
3193 2474 3415 2546 Iosephi
3443 2485 3501 2532 et

1924 2566 2108 2620 Maria:
2152 2568 2363 2621 semine
2408 2581 2532 2622 esse
2585 2574 2955 2636 procreatum.
2996 2566 3076 2620 Ilii
3118 2575 3311 2621 contra
3350 2567 3501 2621 aliud

1923 2659 2150 2713 omnino
2179 2665 2447 2713 statuunt.
2479 2657 2617 2712 Nam
2654 2660 2801 2713 omni
2834 2660 2925 2713 illa
2958 2660 3268 2731 genealogis
3304 2676 3501 2730 ampu-

1923 2757 2055 2814 tata,
2088 2749 2213 2805 inde
2234 2751 2378 2806 unde
2392 2752 2632 2808 diximus
2659 2753 2878 2813 initium
2910 2752 3193 2807 deducunt
3221 2771 3233 2806 :
3271 2750 3499 2805 Factum

1926 2847 2009 2894 est
2053 2840 2108 2893 in
2155 2840 2347 2896 diebus
2391 2840 2623 2897 Herodis
2656 2842 2800 2913 regis
2839 2842 3060 2906 Judzme,
3105 2843 3209 2899 sub
3260 2843 3506 2913 principe

1930 2930 2278 2986 sacerdotum
2328 2931 2559 3004 Caipha,
2616 2941 2676 2989 ut
2708 2934 2922 2989 veniret
2969 2935 3210 3005 quidam,
3264 2917 3504 2989 Joannes

1927 3024 2170 3090 nomine,
2202 3024 2491 3094 baptizans
2524 3026 2798 3096 baptismo
2828 3027 3165 3097 poenitentia:
3187 3027 3241 3081 in
3270 3026 3527 3093 Iordane,

1926 3114 2110 3178 ﬂuvio,
2128 3123 2234 3170 etc.
2251 3115 2699 3186 Quandoquidem
2717 3116 2922 3182 Jesum,
2944 3117 3269 3183 utdiximus,
3292 3128 3503 3172 merum

1926 3207 2204 3263 hominem
2248 3207 2530 3263 exstitisse
2572 3214 2801 3278 putant,
2858 3207 2914 3262 in
2947 3223 3122 3277 eoque
3150 3206 3311 3277 139
3345 3218 3496 3262 rese-

1927 3301 2075 3357 disse
2114 3301 2419 3372 Cpristiim.
2467 3302 2561 3371 qui
2611 3302 2880 3356 columba:
2930 3302 3111 3372 specie
3153 3301 3225 3356 sit
3253 3301 3503 3370 illapsus,

1927 3407 2051 3448 cum
2075 3409 2248 3464 eoque
2270 3394 2638 3465 conjunctus;
2672 3394 2725 3449 id
2745 3395 2889 3465 quod
2922 3394 3046 3448 ali-is
3075 3394 3298 3463 insuper
3327 3393 3505 3446 luere-

1929 3489 2083 3543 sibus
2107 3489 2382 3559 placuisse
2406 3490 2652 3559 reperio;
2677 3490 2751 3542 ita
2771 3487 2957 3544 Jesum
2990 3490 3167 3557 ipsum
3194 3501 3317 3542 esse
3344 3484 3507 3539 Chri-

1928 3588 2074 3635 stum
2093 3594 2159 3635 ex
2178 3580 2465 3650 utriusque
2486 3580 2730 3650 parentis
2752 3581 2958 3635 semine
2989 3582 3337 3650 prognatum.
3366 3573 3511 3630 Rur-

1929 3687 2051 3727 sum
2081 3687 2212 3727 vero
2240 3687 2349 3726 non
2386 3671 2662 3740 hominem
2698 3687 2822 3727 esse
2847 3672 3129 3726 ChriSIUm
3158 3686 3224 3725 ex
3256 3670 3360 3724 hoc
3388 3670 3509 3738 ejus

1930 3777 2200 3833 responso
2228 3762 2512 3830 colligunt,
2553 3762 2720 3831 quod,
2751 3777 2875 3814 cum
2916 3762 3291 3816 renuntiatum
3326 3762 3504 3815 esset:
3564 3758 3573 3771 ’

1932 3855 2066 3908 Ecce
2099 3862 2268 3906 mater
2312 3861 2403 3905 tua
2439 3861 2489 3905 et
2533 3854 2727 3922 fratres
2770 3853 2847 3904 tui
2894 3851 3026 3919 [oris
3072 3860 3234 3911 stant,
3269 3851 3415 3903 hunc
3450 3851 3507 3904 in

1932 3948 2150 4003 modum
2178 3946 2446 4003 reddidit:
2479 3946 2609 4011 Qua:
2633 3954 2706 3999 est
2737 3953 2903 3997 mater
2928 3959 3061 4000 mea.
3085 3952 3132 3995 et
3157 3942 3347 4010 fratres
3371 3942 3471 3995 mei
3483 3946 3508 3998 .’

1931 4044 1979 4093 et
2012 4038 2291 4093 extendens
2319 4053 2530 4090 manum
2556 4037 2609 4089 in
2630 4035 2919 4102 discipulos
2950 4033 3125 4086 dixit:
3148 4032 3218 4084 lii
3241 4041 3359 4085 sunt
3388 4032 3506 4101 [ra—

1934 4139 2037 4183 tres
2073 4130 2193 4194 mei,
2234 4137 2283 4181 et
2316 4139 2483 4181 mater
2516 4143 2651 4192 mea,
2684 4127 2773 4198 qui
2806 4127 3009 4196 faciunt
3046 4125 3366 4177 voluntatem
3399 4123 3510 4177 Pa-

242 4218 516 4293 μαθητὰρ
550 4219 663 4289 τὴν
689 4218 877 4289 χεῖρα,
906 4220 1022 4289 ἔφη
1045 4237 1058 4250 ·
1096 4215 1274 4274 Οὗτοί
1300 4221 1457 4272 εἰσιν
1493 4221 1547 4271 οἱ
1579 4218 1818 4287 ἀδελφοί

1935 4223 2031 4276 tris
2060 4222 2221 4276 mei”.
2258 4219 2397 4275 Hinc
2430 4221 2519 4275 ille
2542 4218 2835 4290 prazstigiis
2867 4220 3172 4272 instructus
3207 4214 3379 4271 Ebion
3414 4232 3511 4269 va-

243 4313 491 4393 μουικαί
530 4314 570 4378 ή
596 4312 816 4383 μήτηρ,
847 4299 901 4365 ὀί
938 4312 1249 4376 ποιοῦντες
1282 4312 1355 4365 τὰ
1389 4311 1691 4380 θελήματα
1724 4311 1818 4365 τοί

1939 4314 2048 4368 rias
2078 4329 2135 4368 se
2180 4313 2234 4366 in
2275 4313 2456 4367 larvas
2497 4318 2659 4380 atque
2688 4310 2891 4379 eﬂigies
2923 4307 3213 4372 deformat,
3250 4312 3306 4361 ut
3340 4324 3404 4362 cx
3442 4306 3508 4361 iis

247 4404 482 4469 Πατρός
509 4419 652 4472 μου.
714 4398 1025 4467 Ἐντεῦθεν,
1063 4400 1137 4464 ὡς
1182 4400 1317 4470 ἔφην
1371 4400 1469 4469 τῆς
1513 4399 1692 4471 πάσης
1734 4417 1831 4453 κυ-

249 4490 405 4551 ϐείας
451 4488 873 4558 μεμεστωμένος
917 4490 945 4541 ὁ
996 4488 1189 4541 Ἐὁίων
1229 4488 1320 4541 διά
1364 4487 1574 4541 πολλῶν
1609 4490 1831 4560 μορφῶν

249 4582 541 4649 ὑποφαίνει
587 4580 804 4633 ἑαυτόν·
851 4582 925 4645 ὼς
958 4577 1095 4635 εἶναι
1130 4583 1413 4653 τεράστιον
1451 4580 1594 4634 κατά
1624 4583 1691 4635 τά
1722 4581 1833 4635 ἄνω

251 4693 343 4745 μοι
379 4673 856 4746 προδεδηλωμένοι.

321 4765 420 4816 lE’.
454 4763 710 4833 Χρῶνται
737 4763 794 4815 δὲ
826 4763 918 4816 καὶ
960 4762 1145 4827 ἄλλαις
1176 4766 1290 4817 τισὶ
1321 4765 1433 4834 (30)
1457 4765 1658 4835 βίόλοις
1694 4806 1708 4830 ,
1737 4765 1829 4833 δῆ-

249 4858 341 4909 θεν
373 4859 492 4918 ταῖς
538 4855 851 4923 Περιόδοιςε
874 4855 1233 4926 καλουμέναις
1291 4855 1545 4923 Πέτρου,
1586 4860 1704 4920 ταῖς
1747 4857 1834 4909 διὰ

249 4948 571 5019 Κλήμεντος
612 4948 937 5017 γραφείσαις
958 4986 973 5010 ,
1023 4947 1373 5010 νοθεύσαντες
1407 4947 1503 5016 μὲν
1536 4947 1604 4999 τὰ
1633 4948 1690 4998 ὲν
1732 4948 1832 5000 αὺ-

245 5042 371 5102 ταῖς
390 5080 405 5101 ,
440 5038 601 5106 ὀλίγα
628 5037 683 5089 δὲ
714 5038 939 5108 ἀληθινὰ
972 5038 1230 5099 ἐάσαντες
1250 5077 1264 5099 ,
1292 5036 1369 5100 ὡς
1397 5036 1558 5100 αὐτὸς
1601 5037 1833 5106 Κλήμης

246 5132 446 5193 αὐτοὺς
482 5128 628 5181 κατὰ
659 5127 837 5180 πάντα
880 5128 1091 5197 ἐλέγχει
1113 5165 1127 5190 ,
1173 5127 1266 5196 ἀφ’
1297 5119 1371 5178 ὧν
1402 5125 1649 5195 ἔγραψεν,
1674 5125 1833 5178 Ἐπι-

324 5288 340 5317 ¹
379 5283 585 5355 Supple
615 5282 766 5336 εῖδει.
842 5284 861 5313 ¹
900 5278 1088 5336 Matth.
1129 5290 1225 5342 ιιι,
1260 5274 1435 5336 47-50.

319 5444 435 5511 (50)
476 5441 745 5511 Χρῶττται
780 5437 847 5511 δέ
888 5439 983 5491 καί
1008 5438 1224 5504 ἄλλαις
1254 5440 1394 5492 τισί.
1436 5437 1510 5491 De
1545 5439 1706 5511 Lbro,
1739 5440 1832 5509 qui

246 5514 522 5582 Περίοδοι
566 5509 793 5576 Πέτρου
827 5510 1121 5577 inscriptus
1162 5518 1325 5582 erat,_
1356 5511 1599 5562 meminit
1633 5510 1831 5582 Athan.

244 5589 297 5639 in
322 5578 471 5653 'Syn.
502 5591 555 5635 et
583 5583 726 5633 inter
758 5584 1061 5649 apocrypha
1094 5596 1215 5633 cum
1262 5580 1383 5633 aliis
1418 5590 1684 5634 recenset.
1720 5578 1834 5635 Vel-

1937 4424 2059 4478 quae
2098 4406 2255 4461 initio
2293 4406 2437 4459 dicta
2471 4412 2599 4459 sunt
2629 4412 2825 4460 tetrum
2857 4414 2910 4460 et
2945 4405 3207 4461 horribile
3235 4400 3509 4475 quoddam

1935 4515 2055 4555 esse
2086 4506 2391 4552 monstrum
2424 4505 2701 4567 appareat.

2006 4747 2120 4809 XV.
2160 4756 2299 4811 Sunt
2329 4763 2381 4810 et
2409 4757 2499 4811 alii
2537 4759 2660 4813 libri
2698 4760 2897 4829 quibus
2930 4768 3182 4824 utuntur,
3224 4761 3370 4815 velut
3412 4758 3514 4815 Pe—

1938 4848 2007 4899 tri
2055 4849 2307 4902 circuitus
2351 4865 2379 4901 a
2427 4849 2702 4905 Clemente
2752 4853 3047 4921 conscripti
3073 4893 3086 4915 ,
3128 4868 3236 4922 quo
3276 4854 3331 4907 in
3360 4854 3510 4909 libro

1938 4941 2125 5007 paucis
2155 4941 2297 4994 veris
2339 4942 2546 4996 relictis
2599 4952 2796 4997 caetera
2841 4954 3249 5011 supposuerunt
3280 4964 3292 4998 :
3320 4961 3514 5013 quem-

1938 5032 2231 5086 admodum
2261 5034 2514 5087 Clemens
2543 5033 2657 5101 ipse
2682 5034 2938 5087 omnibus
2964 5034 3087 5088 illos
3119 5034 3295 5089 modis
3329 5034 3517 5088 redar—

1938 5124 2053 5192 guit
2085 5124 2155 5179 iis
2185 5122 2439 5191 Epistolis
2474 5124 2848 5189 circularibus,
2874 5141 2995 5195 qua:
3029 5126 3098 5181 ab
3126 5140 3191 5180 co
3218 5128 3434 5195 scripta:
3458 5126 3515 5183 in

1942 5441 2017 5495 uti
2048 5448 2173 5511 sunt
2226 5438 2466 5511 Περίοδοι
2504 5440 2730 5511 Πέτρου,
2790 5441 3041 5511 Περίοδοι
3066 5442 3332 5501 Ἰωάννου,
3362 5442 3524 5511 Περί-

1939 5485 2269 5581 omnes:
2277 5485 3041 5581 fﬁs'olﬁé—iiofiizaljéﬁﬁf
3060 5485 3510 5581 Ᾰῶἆῆἇὲτόξτῖζ

1941 5582 2065 5644 λων,
2099 5577 2429 5649 Κλημέντια,
2454 5590 2560 5633 etc.
2598 5578 2756 5650 [Vide
2792 5577 2943 5635 PafrI
2976 5580 3067 5635 Cr.
3098 5592 3137 5633 t.
3179 5577 3280 5634 l"et
3315 5579 3410 5651 IL]
