3980 6086
490 182 584 251 sit

491 406 651 475 longe
697 404 764 458 ab
808 403 875 457 iis
908 416 1030 470 qua:
1060 399 1113 452 in
1151 396 1472 452 Circuitibus
1511 396 1619 450 illis
1648 395 1750 449 sub
1792 395 1910 464 ejus
1963 409 2062 448 no-

492 498 640 551 mine
667 494 977 548 adulterina
1003 498 1242 554 exstant,
1285 488 1433 543 illius
1475 486 1632 541 ﬁdem
1665 501 1728 540 ac
1757 500 2064 540 sermonem

492 586 862 642 abhorruisse.
901 582 1114 637 Etenim
1151 580 1516 650 virginitatem
1547 577 1802 632 Clemens
1825 574 2064 640 edocuit,

494 678 588 732 isti
611 675 902 746 repudiant
936 691 950 727 :
985 672 1076 727 ille
1121 671 1292 724 Eliam
1341 669 1596 724 Davidem
1625 675 1679 722 et
1711 666 2068 736 SampSnnem

495 782 799 836 omnesque
845 763 1142 834 prophetas
1192 761 1575 825 commendat;
1627 758 1894 813 Ebionitze
1920 759 2069 813 dete-

494 862 729 909 stantur.
753 852 936 919 Quare
964 853 1021 907 iu
1053 850 1376 907 Circuitibus
1408 851 1528 905 istis
1558 864 1716 904 suum
1748 849 1818 902 ad
1849 848 2070 904 institu-

495 955 608 1000 tum
657 945 1142 1001 accommodarunt
1174 933 1394 1005 omnia,
1431 957 1494 994 ac
1534 940 1601 994 de
1639 938 1803 994 Petro
1834 939 2068 1010 plurima

495 1034 776 1089 mendacia
799 1034 1204 1090 confinxerunt.
1232 1031 1551 1101 Cujusmodi
1579 1040 1662 1084 est
1684 1032 1822 1087 inter
1851 1042 2066 1096 caetera,

495 1125 738 1194 quotidie
777 1125 930 1179 illum
976 1125 1319 1188 castimoniae
1349 1137 1518 1177 causa
1555 1123 1776 1186 lavisse,
1803 1123 1948 1192 quod
1980 1123 2070 1178 isti
2109 1116 2115 1126 ’

498 1217 679 1273 facere
706 1225 1130 1271 consueverunt.
1159 1215 1296 1269 Tum
1343 1217 1411 1269 ab
1443 1215 1700 1269 animatis
1735 1215 1989 1269 omnibus
2017 1222 2070 1268 et

497 1305 780 1367 carnibus,
801 1304 1116 1373 reliquoque
1141 1303 1312 1365 omni,
1329 1301 1476 1372 quod
1504 1317 1667 1356 carne
1690 1311 1926 1367 constet,
1953 1305 2073 1358 abs-

496 1393 760 1455 tinuisse;
805 1391 1063 1459 quoniam
1114 1391 1182 1444 ab
1225 1391 1293 1444 iis
1346 1398 1456 1443 tam
1499 1389 1672 1444 Ebion
1709 1392 1860 1454 olim,
1909 1407 2070 1459 quam

499 1483 661 1536 hodie
689 1481 955 1533 Ebionitm
987 1494 1180 1534 omnes
1211 1479 1528 1533 abhorrent.
1565 1479 1810 1549 Cumque
1836 1481 2071 1548 aliquem

498 1588 562 1626 ex
587 1572 696 1626 illis
725 1571 1172 1640 interrogaveris,
1196 1586 1295 1624 cur
1321 1569 1541 1623 tandem
1573 1571 1643 1624 ab
1670 1569 1924 1624 animatis
1954 1585 2074 1624 sese

500 1664 801 1728 contineat,
852 1639 1000 1716 aliud
1031 1662 1162 1714 nihil
1197 1668 1394 1732 praeter
1425 1661 1528 1714 hoc
1563 1661 1872 1729 imperitum
1907 1670 1960 1715 et
1991 1661 2074 1714 in-
2107 1639 2148 1693 Β

502 1755 710 1810 sulsum
737 1753 991 1822 excipiet,
1026 1753 1170 1821 quod
1201 1753 1291 1805 illa
1317 1767 1346 1806 e
1374 1766 1667 1820 corporum
1699 1753 1849 1806 coitu
1873 1766 2076 1806 concu-

506 1846 731 1913 bituque
759 1844 1074 1913 gignantur,
1113 1857 1171 1896 se
1207 1843 1414 1896 idcirco
1444 1857 1552 1895 non
1581 1842 1745 1896 vesci.
1772 1840 1850 1896 Ex
1882 1857 1991 1911 quo
2015 1842 2077 1894 il-

509 1935 597 1988 lud
629 1949 976 2004 consequens
1025 1941 1131 1996 est,
1185 1933 1285 1988 bos
1339 1934 1486 2003 ipsos
1521 1936 1614 2004 qui
1654 1949 1720 1988 ex
1751 1933 1941 1989 eodem
1977 1935 2076 1988 viri

511 2024 829 2094 feminzequc
864 2025 1151 2093 complexu
1183 2024 1294 2078 nati
1326 2035 1475 2087 sunt,
1515 2025 1910 2080 abominandos
1932 2041 2073 2090 esse,

512 2117 551 2170 si
584 2130 712 2170 vera
744 2123 873 2170 sunt
915 2131 1036 2185 qua:
1084 2130 1146 2169 ex
1181 2129 1276 2168 ore
1305 2130 1406 2170 suo
1432 2116 1600 2170 stulte
1630 2131 1693 2170 ac
1722 2116 1957 2172 ridicule
1983 2131 2081 2170 vo-

511 2217 780 2261 muerunt.
1998 2268 2018 2277 -

583 2296 717 2351 XVI.
751 2297 1017 2352 Caeterum
1042 2296 1315 2366 baptismo
1342 2314 1561 2368 quoque
1590 2307 1788 2370 praeter
1814 2300 2084 2370 quotidia~

513 2400 641 2437 num
670 2385 824 2439 illum
856 2386 1166 2452 initiantur,
1221 2395 1276 2441 et
1309 2402 1374 2442 ex
1421 2386 1862 2443 Christianorum
1897 2387 2086 2442 Eccle-

513 2475 714 2542 siueque
749 2475 1060 2532 imitatione
1088 2477 1352 2546 mysteria
1383 2476 1632 2546 quaedam
1667 2481 1965 2548 quotannis
1996 2493 2086 2532 ce-

517 2566 751 2631 lebrant,
790 2566 950 2638 140
978 2568 1034 2622 in
1059 2569 1260 2638 quibus
1298 2584 1467 2638 panes
1500 2585 1744 2640 azymos,
1781 2578 1835 2626 et
1858 2569 1924 2624 ad
1953 2570 2087 2625 alte-

517 2673 633 2713 ram
661 2659 905 2730 mysterii
931 2667 1140 2729 partem
1172 2676 1377 2715 meram
1399 2675 1597 2731 aquam
1617 2661 1893 2716 adhibent.
1919 2660 2086 2730 Duos,

518 2759 579 2803 ut
608 2749 718 2818 jam
755 2749 892 2816 dixi,
926 2764 956 2802 a
989 2749 1100 2805 Deo
1131 2752 1464 2807 constitutos
1500 2760 1778 2816 asserunt,
1812 2753 2089 2807 Christum

519 2847 573 2894 et
617 2839 918 2894 diabolum.
972 2839 1218 2906 Quorum
1269 2841 1345 2893 illi
1393 2841 1588 2906 futuri,
1633 2841 1760 2895 huic
1810 2843 2093 2911 praesentis

1826 263 1832 272 '
1892 181 1948 236 S.
1991 180 2328 236 EPIPHANII

399 295 408 303 ’
492 310 861 370 sacrosanctis
895 309 1144 364 ccclesiis
1185 309 1461 378 leguntur.
1492 305 1566 358 Ex
1605 304 1808 374 quibus
1850 311 2066 357 constat

2191 302 2759 370 γτολώνὲγκυκλίων
2803 303 2910 355 τῶν
2967 303 3024 355 ἐν
3065 304 3182 365 ταῖς
3215 301 3395 371 ἁγίαις
3423 301 3738 371 ἐκκλησίαις

3632 185 3737 238 432

2167 395 2684 464 ἀναγινωσκομένων
2704 435 2718 458 ,
2755 395 2836 447 ὅτι
2861 393 3017 447 ἄλλον
3054 392 3166 463 ἔχει
3195 393 3517 465 χαρακτῆρα
3542 395 3575 464 ὴ
3608 395 3739 446 ἐαυ⁹

2165 486 2259 538 τοῦ
2299 486 2481 548 πίστις
2510 488 2604 538 καὶ
2634 487 2662 537 ὁ
2690 485 2846 552 λόγος
2873 483 3023 556 παρά
3062 483 3130 537 τά
3155 483 3261 537 ὑπὸ
3285 483 3488 538 τούτων
3515 486 3595 548 είς
3620 484 3739 536 δνο-

2170 595 2246 648 μα
2273 575 2438 630 αὑτοῦ
2471 578 2528 629 ἐν
2552 579 2674 639 ταῖς
2703 575 3007 645 Περιόδοις
3035 574 3407 645 νενοθευμένα.
3435 574 3604 638 Αὐτὸς
3632 573 3742 646 γὰρ

2168 667 2464 738 παρθενίαν
2502 667 2778 730 διδάσκει,
2813 668 2908 720 καὶ
2959 667 3111 720 αὐτοὶ
3152 668 3214 720 ού
3262 666 3527 737 δέχονται.
3573 667 3743 730 Αὐτὸς

2169 757 2276 829 γὰρ
2314 756 2651 828 ἐγκωμιάζει
2690 757 2876 810 Ἥλίαν
2906 757 3002 810 καὶ
3033 757 3196 810 Δαϐὶδ
3241 757 3336 810 καὶ
3369 757 3606 828 Σαμψὼν
3648 759 3744 811 καὶ

2169 848 2378 912 πάντας
2409 850 2535 912 τοὺς
2565 841 2881 920 προφήτας,
2915 847 3010 911 οὓς
3035 844 3185 902 οὗτοι
3224 846 3614 917 βδελύττονται.
3655 850 3744 903 Ἑν

2167 943 2286 1004 ταῖς
2319 934 2411 993 οῦν
2447 939 2750 1007 Περιόδοις
2775 940 2837 992 τὸ
2871 941 2978 993 πᾶν
3016 940 3097 1004 είς
3138 941 3362 1002 ἑαυτοὺς
3407 941 3746 1011 μετήνεγκαν

2171 1031 2646 1101 καταψευσάμενοι
2691 1029 2897 1102 Πέτρου
2931 1029 3069 1084 κατά
3115 1030 3341 1092 πολλοὺς
3371 1031 3604 1100 τρόπους
3623 1070 3637 1094 ,
3669 1031 3747 1094 ὡς

2172 1120 2337 1172 αὐτοῦ
2370 1117 2488 1172 καθ’
2533 1119 2743 1188 ἡμέραν
2775 1117 3169 1188 βαπτιζομένου
3223 1118 3490 1187 ἁγνισμοῦ
3537 1119 3744 1182 ἕνεκεν,

2173 1211 2420 1280 καθάπερ
2459 1211 2553 1262 καὶ
2573 1202 2738 1261 οὗτοι·
2765 1209 3028 1278 ἐμψύχων
3055 1225 3114 1260 τε
3139 1209 3228 1261 τὸν
3257 1209 3416 1261 αὐτὸν
3447 1207 3749 1279 ἀπέχεσθαι

2173 1303 2267 1356 καὶ
2312 1302 2488 1371 κρεῶν
2510 1341 2524 1365 ,
2577 1301 2652 1364 ὼς
2681 1301 2776 1354 καὶ
2807 1295 2950 1354 οὗτοι
2975 1340 2990 1364 ,
3021 1303 3113 1353 καὶ
3145 1302 3325 1368 πάσης
3353 1300 3518 1371 ἄλλης
3545 1300 3749 1370 ἐδωδῆς

2173 1394 2269 1462 τῆς
2301 1392 2408 1445 ἀπὸ
2437 1391 2655 1461 σαρκῶν
2701 1391 3076 1460 πεποιημένης
3121 1391 3366 1459 λέγουσιν
3391 1432 3405 1454 ,
3451 1392 3749 1463 ἐπειδήπερ

2176 1485 2268 1536 καὶ
2305 1482 2467 1545 αὐτὸς
2503 1482 2694 1535 Ἐὁίων
2729 1484 2823 1536 καὶ
2868 1483 3172 1536 Ἐϐιωνῖται
3211 1482 3487 1544 παντελῶς
3521 1483 3752 1552 ἀπέχον-

2175 1590 2264 1626 ται
2301 1572 2525 1625 τούτων.
2565 1573 2732 1624 Ὅταν
2764 1573 2820 1626 δέ
2849 1575 3132 1644 ἐρωτήσῃς
3163 1573 3258 1627 ἕνα
3293 1573 3399 1626 τῶν
3427 1572 3605 1626 αὐτῶν
3630 1613 3644 1636 ,
3670 1573 3753 1626 τί·
3813 1567 3815 1569 ’

2177 1680 2265 1726 νος
2288 1663 2474 1714 ἕνεκεν
2511 1660 2768 1731 ἐμψύχων
2809 1664 2870 1714 ού
2899 1661 3371 1732 μεταλαμϐάνουσι
3390 1702 3404 1724 ,
3439 1662 3512 1732 μὴ
3538 1660 3753 1731 ἔχοντές

2176 1772 2228 1807 τι
2259 1750 2640 1823 διηγήσασθαι,
2669 1753 3049 1824 ἀποκρίνονται
3083 1755 3374 1816 ἀσυνέτως,
3400 1752 3490 1806 καὶ
3511 1752 3752 1820 λέγουσι,

2178 1843 2275 1896 Διά
2319 1842 2469 1894 τὸέκ
2505 1843 2787 1905 συνουσίας
2831 1843 2923 1894 καὶ
2957 1842 3156 1912 μίξεως
3194 1843 3458 1913 σωμάτων
3494 1837 3631 1895 εἶναι
3658 1841 3756 1895 αύ-

2177 1935 2264 1998 τὰ,
2291 1935 2352 1986 ού
2385 1935 2873 2005 μεταλαμϐάνομεν
2895 1951 2909 1963 ·
2948 1935 3023 1996 ὡς
3053 1931 3193 1988 εἶναι
3222 1935 3418 1996 αὐτοὺς
3445 1933 3599 1996 ὅλους
3625 1933 3754 1995 τοὺς

2181 2027 2288 2078 ἀπὸ
2323 2026 2603 2096 ἐπιμιξίας
2633 2025 2824 2094 ἀνδρός
2862 2041 2922 2077 τε
2969 2024 3063 2078 καὶ
3113 2025 3366 2091 γυναικὸς
3413 2024 3755 2094 βδελυκτοὺς,

2183 2115 2323 2168 κατά
2357 2114 2426 2168 τά
2475 2114 2580 2168 ὑπὸ
2611 2115 2704 2168 τοῦ
2757 2114 3022 2185 στόματος
3070 2115 3249 2168 αὐτῶν
3278 2113 3532 2186 ληρωδῶς
3569 2111 3760 2184 ἐξεμε-

2184 2207 2364 2259 θέντα.

2256 2301 2371 2366 ICI'.
2406 2299 2696 2369 Βάπτισμα
2725 2298 2780 2350 δὲ
2811 2299 2906 2352 καὶ
2945 2299 3098 2351 αὐτοὶ
3130 2297 3461 2368 λαμϐάνουσι
3484 2297 3652 2368 χωρὶς
3684 2290 3762 2351 ὧν

2187 2387 2308 2440 καθ’
2345 2387 2557 2458 ἡμέραν
2612 2385 2979 2457 βαπτίζονται.
3021 2388 3312 2458 Μυστήρια
3359 2387 3416 2438 δὲ
3465 2387 3624 2457 δῆθεν
3672 2405 3762 2442 ze-

2187 2479 2337 2532 λοῦσι
2359 2479 2500 2532 κατὰ
2529 2481 2758 2550 μίμησιν
2789 2479 2898 2533 τῶν
2932 2480 3100 2549 ἁγίων
3130 2482 3186 2532 ἐν
3212 2483 3277 2550 τῇ
3318 2479 3613 2551 Ἐκκλησία
3652 2480 3766 2534 ἀπὸ

2190 2569 2436 2626 ἐνιαυτοῦ
2473 2573 2554 2634 είς
2591 2570 2836 2624 ἐνιαυτὸν
2877 2571 2967 2623 διὰ
3001 2570 3223 2640 ἀζύμων
3252 2612 3267 2634 ,
3299 2571 3478 2624 καὶτὸ
3509 2570 3634 2623 ἄλλο
3658 2571 3763 2642 μέ-

2194 2681 2285 2734 ρος
2331 2664 2425 2716 τοῦ
2467 2663 2764 2734 μυστηρίου
2798 2663 2864 2716 δι’
2899 2662 3090 2726 ὓδατος
3121 2663 3303 2733 μόνου.
3339 2663 3442 2716 Δύο
3489 2663 3546 2716 δέ
3586 2680 3766 2728 τινας,

2192 2755 2266 2818 ὡς
2301 2754 2434 2826 ξφην
2455 2795 2469 2820 ,
2507 2754 2826 2808 συνιστῶσιν
2855 2759 2919 2808 ἐκ
2943 2753 3076 2808 Θεοῦ
3118 2755 3509 2826 τεταγμένους,
3540 2755 3635 2807 ἕνα
3669 2755 3770 2824 μὲν

2194 2849 2283 2902 τὺν
2307 2847 2568 2919 Χριστὸν,
2596 2847 2691 2899 ἕνα
2724 2847 2781 2899 δὲ
2817 2846 2908 2898 τὸν
2943 2845 3184 2898 διάϐολον
3205 2859 3217 2873 ⁶
3252 2846 3345 2898 καὶ
3376 2845 3466 2896 τὸν
3500 2843 3598 2914 μὲν
3626 2843 3772 2916 Χρι-

523 2927 706 2980 saeculi
740 2934 982 2996 potestas
1013 2937 1096 2982 est
1125 2928 1441 2992 commissa,
1475 2928 1639 2998 idque
1669 2929 1805 2984 adeo
1833 2928 2087 3000 Omnipo-

2198 2939 2320 2993 στὸν
2357 2939 2575 3007 λέγουσι
2625 2937 2718 2990 τοῦ
2780 2936 3062 3007 μέλλοντος
3109 2935 3304 2999 αἰῶνος
3356 2935 3631 3005 εἰληφέναι
3681 2935 3776 2988 τὸν

525 3017 692 3071 tentis
726 3017 873 3072 illius
920 3017 1177 3072 mandato
1237 3017 1303 3073 ad
1350 3019 1616 3090 cujusque
1675 3023 2096 3091 postulationem

525 3121 648 3161 esse
675 3106 901 3162 factum.
930 3107 1011 3162 0b
1041 3107 1095 3162 id
1128 3104 1315 3164 Jesum
1345 3125 1412 3165 ex
1442 3111 1588 3166 virili
1637 3112 1845 3168 semine
1894 3114 2097 3182 produ-

526 3206 674 3251 ctum
704 3197 994 3262 allirmant,
1034 3209 1088 3254 et
1117 3201 1346 3255 electura
1376 3219 1390 3267 ;
1438 3203 1619 3273 itaque
1644 3203 1737 3258 Dei
1767 3203 1960 3258 Filium
2005 3221 2098 3275 ap-

529 3289 782 3359 pellatum
831 3290 898 3344 ab
950 3306 1014 3345 eo
1059 3290 1363 3356 Christum,
1415 3294 1508 3363 qui
1539 3295 1592 3348 in
1625 3295 1801 3364 ipsum
1834 3296 2099 3352 columba:

530 3379 702 3450 ﬁgura
730 3380 798 3434 de
825 3381 963 3436 coelo
993 3379 1250 3452 delapsus
1293 3391 1396 3437 est.
1437 3383 1649 3452 Negant
1678 3400 1806 3438 vero
1840 3401 1869 3438 a
1898 3385 2006 3442 Deo
2037 3387 2099 3440 il-

531 3471 640 3525 lum
663 3487 786 3527 esse
817 3471 978 3528 Patre
1003 3475 1268 3543 genitum,
1302 3474 1398 3528 sed
1427 3480 1688 3544 tanquam
1718 3493 1885 3531 unum
1918 3495 1981 3534 ex
2014 3496 2100 3533 ar-

529 3562 807 3632 cbangelis
837 3573 1103 3627 creatum,
1153 3571 1208 3618 et
1261 3565 1328 3620 iis
1377 3574 1556 3620 tamen
1589 3566 1881 3636 majorem;
1919 3569 2012 3638 qui
2047 3578 2099 3625 et

529 3651 774 3719 angelis,
815 3659 867 3705 et
907 3651 1180 3708 universis
1236 3669 1357 3724 qua:
1413 3663 1554 3728 sunt
1598 3656 1666 3710 ab
1717 3655 2101 3728 Omnipotente

534 3740 754 3794 condita
786 3740 1115 3808 dominetur,
1134 3755 1187 3800 et
1207 3746 1259 3798 in
1287 3746 1430 3800 hunc
1461 3726 1647 3802 orbem
1679 3726 1910 3818 venerit,
1937 3760 2100 3822 atque

532 3829 655 3896 hoc,
679 3830 825 3900 quod
859 3841 943 3887 est
985 3833 1041 3887 in
1073 3835 1286 3890 illorum
1315 3835 1628 3908 Evangelio,
1661 3839 1908 3897 docuerit
1932 3841 2096 3913 :Ego,

531 3921 730 3994 inquit,
761 3924 830 3979 ad
867 3925 1180 3996 abroganda
1221 3929 1490 3984 sacriﬁcia
1531 3932 1673 3997 veni,
1707 3940 1762 3987 et
1793 3933 1897 3989 nisi
1927 3937 2100 3990 sacri-

531 4013 693 4066 ﬁcare
719 4009 1016 4078 desieritis,
1049 4014 1142 4069 Dei
1175 4016 1229 4070 in
1256 4032 1352 4072 vos
1381 4018 1461 4070 ira
1495 4033 1606 4072 non
1639 4021 1879 4074 cessabit
1902 4040 1914 4075 :
1935 4021 2097 4090 Ejus-

529 4103 676 4157 modi
697 4119 826 4175 ergo
859 4105 1074 4160 ill0rum
1107 4107 1354 4161 instituta
1387 4117 1535 4163 sunt.
1572 4109 1842 4166 Praeterea
1881 4124 2100 4182 aposto-

531 4193 704 4249 lorum
741 4196 878 4253 alios
907 4197 1078 4254 Actus
1108 4198 1524 4267 circumferunt,
1557 4201 1613 4255 in
1641 4203 1839 4272 quibus
1866 4204 2099 4273 plurima

2199 3032 2397 3103 κλῆρον
2423 3072 2437 3094 ,
2480 3030 2569 3083 τὸν
2611 3029 2668 3082 δὲ
2722 3029 2968 3083 διάϐολον
3025 3027 3212 3082 τοῦτον
3263 3027 3653 3082 πεπιστεῦσθαι
3684 3027 3777 3080 τὸν

2198 3123 2389 3185 αἰῶνα,
2413 3125 2476 3174 ἐκ
2504 3120 2816 3192 προσταγῆς
2848 3119 3006 3190 δῆθεν
3035 3119 3131 3173 τοῦ
3161 3119 3604 3191 Παντοκράτορος
3631 3118 3780 3182 κατά

2198 3210 2414 3282 αἴτησιν
2451 3209 2726 3280 ἑκατέρων
2767 3208 2968 3262 αὐτῶν.
3000 3209 3111 3261 Καὶ
3133 3208 3320 3260 τούτου
3365 3207 3526 3260 ἕνεκα
3565 3207 3781 3277 Ἰησοῦν

2199 3301 2594 3370 γεγεννημένον
2647 3302 2712 3352 ἐκ
2765 3299 3076 3370 σπέρματος
3129 3299 3318 3368 ἀνδρὸς
3367 3298 3624 3367 λέγουσι,
3685 3298 3782 3352 καὶ

2200 3392 2568 3462 ἐπιλεχθέντα,
2595 3394 2688 3445 καὶ⁵
2715 3392 2856 3446 οὕτω
2889 3393 3029 3446 κατά
3067 3393 3296 3463 ἐκλογὴν
3327 3392 3455 3444 Υίὸν
3481 3390 3617 3443 Θεοῦ
3647 3391 3783 3458 κλη-

2201 3483 2395 3545 θέντα,
2439 3484 2548 3537 ἀπὸ
2587 3485 2681 3537 τοῦ
2721 3484 2925 3539 ἄνωθεν
2964 3486 3042 3548 είς
3083 3484 3244 3538 αὑτὸν
3276 3485 3500 3555 ἥκοντος
3538 3483 3780 3553 Χριστοῦ

2201 3579 2256 3630 ἐν
2287 3577 2416 3629 εῖδει
2445 3577 2792 3648 περιστερᾶς.
2830 3577 2902 3630 Ού
2935 3574 3273 3646 φάσκουσιδέ
3302 3577 3364 3628 ἐκ
3403 3574 3537 3627 Θεοῦ
3563 3574 3783 3646 Πατρὸς

2200 3669 2361 3722 αὑτὸν
2388 3669 2778 3739 γεγεννῆσθαι,
2807 3668 2940 3722 ἀλλά
2970 3668 3212 3722 ἐκτίσθαι
3241 3709 3255 3732 ,
3286 3667 3359 3730 ὡς
3384 3667 3478 3720 ἕνα
3504 3668 3619 3720 τῶν
3647 3668 3784 3737 ἀρχ-

2200 3745 2445 3827 αγγέλων
2471 3800 2486 3821 ,
2549 3759 2769 3829 μείζονα
2818 3759 2872 3812 δὲ
2931 3759 3109 3812 αὐτῶν
3154 3759 3281 3813 ὄντα
3313 3775 3326 3789 ο
3377 3758 3536 3810 αὐτὸν
3587 3758 3645 3810 δέ
3689 3776 3785 3811 κυ-

2203 3852 2401 3922 ριεύειν
2440 3850 2534 3903 καὶ
2567 3849 2812 3918 ἀγγέλων
2844 3851 2937 3903 καὶ
2962 3851 3178 3904 πάντων
3211 3849 3314 3902 ὑπὸ
3341 3848 3435 3902 τοῦ
3461 3847 3784 3919 Παντοκρά-

2198 3957 2356 4012 τορος
2389 3941 2794 4012 πεποιημένων,
2833 3942 2925 3994 καὶ
2949 3941 3169 3994 ἐλθόντα
3202 3941 3298 3994 καὶ
3332 3939 3782 4010 ὑφηγησάμενον,

2200 4033 2276 4095 ὼς
2307 4032 2367 4084 τὸ
2401 4033 2530 4105 παρ’
2565 4033 2750 4094 αὐτοῖς
2791 4031 3122 4100 Εὑαγγέλιον
3151 4030 3482 4100 καλούμενον
3510 4030 3782 4101 περιέχει,

2199 4127 2280 4178 ὅτι
2308 4121 2511 4179 ’Ἦλθον
2542 4123 2841 4178 καταλῦσαι
2870 4124 2967 4188 τὰς
2997 4124 3188 4188 θυσίας
3207 4165 3220 4188 ,
3256 4125 3348 4177 καὶ
3384 4124 3478 4177 ἐάν
3513 4123 3592 4194 μὴ
3643 4122 3785 4176 παύ-

2202 4215 2367 4286 σησθε
2421 4213 2514 4268 τοῦ
2548 4214 2730 4280 θύειν,
2765 4215 2826 4267 ού
2882 4214 3150 4268 παύσεται
3195 4217 3289 4283 ἀφ’
3329 4213 3483 4285 ὑμῶν
3527 4216 3564 4286 ὴ
3620 4215 3782 4286 ὀργή.

529 4295 659 4342 sunt
704 4287 1001 4358 impietatis
1044 4291 1260 4346 illorum
1293 4294 1554 4364 vestigia;
1582 4295 1851 4366 bujusque
1877 4297 2087 4366 potissi-

2205 4306 2307 4360 Καὶ
2336 4304 2507 4358 ταῦτα
2537 4307 2630 4358 καὶ
2654 4304 2878 4358 τοιαῦτά
2907 4307 3029 4357 τινά
3057 4306 3170 4357 ἐστι
3195 4305 3263 4357 τὰ
3291 4304 3419 4376 παρ’
3450 4306 3642 4367 αὐτοῖς
3667 4305 3788 4356 ἐπι-

531 4393 679 4432 mum
711 4382 1038 4436 auctoritate
1070 4383 1194 4437 libri
1237 4384 1304 4438 ad
1350 4387 1770 4456 oppugnandam
1820 4387 2100 4443 veritatem

534 4475 844 4524 armantur.
881 4470 1094 4542 Quippe
1125 4484 1304 4531 certos
1335 4475 1449 4532 illic
1479 4479 1701 4547 gradus,
1730 4477 1786 4532 in
1819 4477 1996 4549 iisque
2013 4477 2104 4532 Ja-

535 4558 657 4614 cobi
687 4562 1034 4618 narrationes
1067 4564 1332 4633 quasdam
1362 4568 1656 4636 explicant,
1681 4569 1881 4638 quibus
1909 4569 2103 4624 adver-

536 4663 633 4704 sus
668 4652 930 4721 templum
956 4661 1013 4707 et
1043 4653 1338 4719 sacriﬁcia,
1376 4657 1664 4724 ignemque
1695 4659 1785 4727 qui
1821 4666 1904 4714 est
1937 4659 1991 4712 in
2028 4661 2104 4713 al-

536 4741 640 4794 tari
673 4742 990 4799 declamans
1014 4744 1308 4798 inducitur.

604 5025 891 5084 Accedunt
916 5039 969 5086 et
993 5032 1097 5085 alia
1119 5034 1519 5102 quamplurima
1545 5035 1702 5107 longe
1722 5037 2102 5092 stolidissima.

537 5116 607 5171 Ut
635 5121 718 5175 vel
749 5120 976 5178 Paulum
1010 5124 1188 5195 ipsum
1216 5127 1327 5179 illic
1357 5142 1617 5183 accusare
1646 5144 1754 5182 non
1784 5129 2102 5184 erubuerint

538 5213 977 5269 mendacissimis
1004 5216 1332 5285 quibusdam
1366 5219 1732 5286 sermonibus,
1769 5236 1905 5290 quos
1936 5221 2098 5275 falso-

537 5317 656 5358 rum
681 5321 746 5359 ex
779 5308 871 5364 illo
905 5325 1065 5379 grege
1107 5313 1478 5380 apostolorum
1511 5329 1665 5370 error
1707 5325 1868 5386 atque
1900 5318 2102 5386 impro.

531 5392 676 5450 bitas
711 5397 1060 5467 excogitavit.
1105 5400 1386 5472 Siquidem
1439 5404 1764 5463 Tarsensem
1816 5408 1967 5463 illum
2001 5425 2099 5462 no-

614 5549 628 5577 ⁸
659 5545 772 5604 Del.
811 5546 951 5606 forte
989 5552 1077 5606 τά.

2203 4396 2513 4468 τηδεύματα
2535 4437 2550 4460 ,
2607 4387 2839 4468 Πράξεις
2868 4397 2923 4450 δὲ
2964 4396 3128 4459 ἄλλας
3161 4394 3414 4448 καλοῦσιν
3465 4394 3787 4448 ἀποστόλων

2204 4484 2384 4553 εἶναι,
2419 4489 2476 4541 ἐν
2531 4482 2618 4552 αἷς
2655 4486 2825 4540 πολλὰ
2862 4487 2960 4556 τῆς
3011 4485 3263 4549 ἀσεϐείας
3312 4485 3490 4538 αὐτῶν
3542 4483 3786 4556 ἔμπλεα,

2204 4577 2355 4631 ἔνθεν
2392 4577 2461 4630 τὰ
2494 4580 2507 4609 ⁸
2543 4578 2606 4630 ού
2640 4579 2934 4648 παρέργως
2962 4577 3102 4631 κατά
3127 4578 3225 4647 τῆς
3257 4562 3513 4646 ἀληθείας
3555 4575 3789 4636 ἑαυτοὺς

2203 4667 2467 4722 ὥπλισαν.
2516 4667 2884 4736 Ἀναϐαθμοὺς
2915 4667 3022 4736 γάρ
3049 4683 3200 4728 τινας
3238 4666 3330 4719 καὶ
3363 4665 3673 4736 ύφηγήσεις
3705 4664 3794 4732 δῆ-

2205 4759 2299 4812 θεν
2348 4761 2402 4812 ἐν
2457 4761 2571 4821 τοῖς
2620 4757 2954 4828 ἀναϐαθμοῖς
2996 4756 3252 4810 Ἰακώϐου
3287 4755 3673 4820 ὑποτίθενται,
3715 4756 3790 4815 ὡς

2205 4849 2568 4920 ἐξηγουμένου
2600 4849 2742 4903 κατά
2777 4866 2836 4901 τε
2858 4847 2949 4900 τοῦ
2974 4847 3101 4901 ναοῦ
3129 4853 3220 4900 καὶ
3243 4846 3348 4900 τῶν
3391 4846 3617 4908 θυσιῶν,
3650 4846 3792 4900 κατά

2203 4958 2260 4992 τε
2296 4939 2390 4992 τοῦ
2416 4939 2585 5010 πυρὸς
2620 4939 2712 4993 τοῦ
2742 4941 2798 4991 ἐν
2825 4937 2901 5009 τῷ
2929 4937 3315 5008 θυσιαστηρίῳ.

2274 5031 2384 5082 Καὶ
2423 5029 2558 5083 ἄλλα
2596 5028 2764 5082 πολλὰ
2796 5029 3126 5097 κενοφωνίας
3162 5029 3373 5098 ἔμπλεα
3399 5046 3411 5057 ·
3455 5027 3530 5090 ὼς
3568 5029 3672 5080 καὶ
3702 5024 3792 5080 τοῦ

2205 5119 2416 5181 Παύλου
2479 5121 2712 5174 ἐνταῦθα
2776 5119 3205 5190 κατηγοροῦντες
3275 5121 3376 5172 οὐκ
3437 5119 3793 5188 αίσχύνοντνιι

2205 5214 2559 5278 ἐπιπλάστοις
2625 5216 2735 5268 τισὶ
2796 5215 2894 5285 τῆς
2949 5213 3056 5266 τῶν
3101 5213 3549 5282 ψευδαποστόλων
3610 5212 3793 5267 αὐτῶν

2205 5307 2539 5378 κακουργίας
2554 5308 2647 5360 καὶ
2671 5305 2878 5377 πλάνης
2914 5304 3092 5373 λόγοις
3119 5304 3526 5373 πεποιημένοις
3563 5303 3793 5374 Ταρσέα

2208 5401 2304 5471 μὲν
2337 5402 2521 5464 αὑτὸν,
2551 5399 2625 5463 ὡς
2657 5399 2817 5461 αὐτὸς
2847 5396 3115 5468 ὁμολογεῖ,
3151 5396 3243 5450 καὶ
3270 5397 3369 5450 οὐκ
3393 5397 3671 5468 ἀρνεῖται,
3700 5394 3795 5449 λέο
