3946 6074
155 326 256 385 453

807 323 1175 383 Αυγειιευδ
1213 328 1557 386 ΙΙΕΒΕΞΕΞ
1589 332 1714 387 LIB.
1751 333 1756 385 l

1860 330 1996 386 ΓΟΜ.
2040 332 2190 387 11.--
2228 332 2498 387 ΠΛΕΒΕΞ.
2539 330 2707 389 XXX.

3310 333 3412 387 454

160 459 343 514 γοντες
364 458 381 472 ·
423 441 487 507 ἐξ
534 441 803 512 Ἐλλήνων
828 442 883 495 δὲ
908 444 1068 496 αὐτὸν
1096 446 1459 509 ὑποτίθενται,
1491 449 1744 513 λαϐόντες

1860 451 2104 516 minam;
2150 450 2204 503 id
2250 450 2394 519 quod
2427 449 2545 518 ipse
2577 462 2686 502 non
2720 455 2898 518 negat,
2936 447 3046 502 imo
3076 443 3254 516 palam
3288 461 3416 514 pro-
3478 442 3481 445 ’

162 533 257 605 τὴν
307 532 589 604 πρόφασιν
622 534 687 585 ὲκ
722 532 812 585 τοῦ
860 533 1024 586 τόπου
1068 534 1157 588 διὰ
1205 536 1267 589 τὸ
1309 538 1602 610 φιλάληθες
1653 541 1743 593 ὑπ’

165 624 328 680 αὐτοῦ
373 623 541 695 ῥηθὲν
561 663 577 687 ,
618 622 700 676 ὅτι
745 625 1005 690 Ταρσεύς
1038 627 1154 694 ειμι
1177 666 1192 688 ,
1227 629 1338 682 οὐκ
1371 629 1610 698 ἀσήμου
1640 633 1745 685 πό-

166 720 316 780 λεως
338 712 617 778 πολίτης.
650 707 784 765 Εἶτα
813 712 1111 781 φάσκουσιν
1142 716 1301 771 αὑτὸν
1325 713 1462 771 εἶναι
1490 718 1744 790 Ἕλληνα,

169 804 262 859 καὶ
304 800 611 872 Ἑλληνίδος
648 802 853 873 μητρὸς
894 803 989 856 καὶ
1026 804 1287 875 Ἕλληνος
1321 808 1523 881 πατρὸς
1560 810 1742 866 παῖδα.

184 894 602 965 Ἀναδεϐηκέναι
632 894 689 947 δὲ
726 895 807 957 εἰς
850 894 1230 967 Ἰεροσόλυμα,
1277 900 1372 953 καὶ
1408 901 1596 972 χρόνον
1632 904 1748 956 ἐκεῖ

174 983 542 1056 μεμενηκέναι
575 1001 591 1015 '
654 983 1117 1055 ὲπιτεθυμηκέναι
1192 987 1248 1040 δὲ
1311 989 1582 1062 θυγατέρα
1654 992 1747 1046 τοῦ

172 1073 367 1143 ἱερέως
403 1072 543 1144 πρὸς
590 1072 765 1142 γάμον
814 1071 1115 1140 ἀγαγέσθαι
1144 1115 1158 1139 ,
1210 1076 1303 1128 καὶ
1344 1075 1535 1129 τούτου
1587 1077 1748 1131 ἕνεκα

173 1166 512 1238 προσήλυτον
549 1167 836 1236 γενέσθαι,
874 1168 968 1219 καὶ
1015 1170 1438 1241 περιτμηθῆναι.
1497 1168 1629 1229 Εἶτα
1674 1171 1749 1243 μὴ

169 1259 404 1314 λαὸόντα
458 1259 558 1331 τὴν
590 1259 757 1330 κόρην
794 1258 1095 1329 ὠργίσθαι,
1145 1260 1236 1331 καὶ
1294 1261 1435 1315 κατὰ
1484 1263 1748 1335 ἐπιτομῆς

172 1349 543 1422 γεγραφέναι,
573 1350 667 1404 καὶ
701 1349 842 1403 κατὰ
870 1349 1148 1404 Σαϐϐάτου
1181 1350 1275 1405 καὶ
1306 1352 1641 1423 νομοθεσίας.

240 1530 340 1585 IZ'.
379 1529 540 1584 Ἀλλὰ
573 1531 714 1585 κατὰ
746 1531 921 1585 πάντα
942 1530 1143 1602 τρόπον
1177 1538 1498 1603 συκοφαντεί
1527 1538 1556 1589 ό
1582 1535 1750 1600 δεινὸς

170 1622 293 1691 ὄφις
317 1616 507 1686 οὗτος,
540 1622 636 1675 καὶ
664 1622 875 1692 πτωχὸς
902 1625 968 1693 τῇ
1009 1623 1237 1695 διανοίᾳ.
1281 1625 1474 1678 Ἐὃίων
1501 1625 1611 1696 γὰρ
1637 1626 1748 1696 ἔχει

1847 537 2051 594 litetur.
2082 538 2304 592 Addunt
2339 547 2391 593 et
2436 553 2467 591 a
2496 538 2793 609 gentilibus
2820 536 3110 592 oriundum
3145 551 3290 603 esse,
3318 551 3418 590 cu-

1843 629 2060 698 jusdam
2100 630 2390 684 occasione
2422 629 2550 693 loci,
2596 629 2652 682 in
2685 643 2794 698 quo
2840 628 2958 698 ipse
3003 627 3148 696 quod
3179 641 3268 681 res
3298 634 3421 680 erat

1847 721 2077 789 ingenue
2121 719 2393 789 proponit.
2445 718 2747 782 Tarsensis,
2797 719 2995 787 inquit,
3024 733 3116 786 ego
3147 732 3283 779 sum,
3326 730 3419 769 nec

1847 808 1990 864 urbis
2019 807 2253 863 obscura:
2281 808 2406 863 civis
2437 810 2474 860 ⁸.
2508 808 2588 863 Ex
2616 820 2726 876 quo
2758 807 3012 877 gentilem
3061 805 3232 862 fuisse
3269 806 3421 861 COHI‘.

1846 906 2001 970 gunt,
2029 907 2083 954 et
2111 907 2344 969 utroque
2368 905 2595 967 parente
2615 898 2804 969 gentili
2835 905 3205 967 procreatum.
3252 896 3417 952 Cum-

1846 982 1953 1059 que
1979 989 2419 1060 Ilierosolymum
2448 988 2802 1051 accessisset,
2849 994 2903 1042 et
2936 986 3137 1041 ibidem
3162 985 3409 1054 aliquan~

1846 1079 1939 1133 diu
1979 1079 2292 1141 mansisset,
2351 1078 2627 1148 pontiﬁcis
2672 1078 2837 1135 ﬁliam
2886 1077 3087 1133 ducere
3137 1076 3415 1132 statuisse.

1849 1172 2027 1236 Quare
2073 1169 2407 1240 proselytum
2462 1184 2523 1225 se
2578 1168 2797 1232 fecisse.
2843 1184 2908 1225 ac
2945 1167 3419 1224 circumcisionem

1806 1280 1811 1285 '
1851 1275 2171 1330 usurpasse.
2200 1258 2396 1316 Postea
2435 1259 2581 1328 quod
2629 1259 2697 1313 ab
2725 1274 2788 1314 co
2818 1258 3077 1328 coniugio
3105 1258 3419 1325 excidisset,

1850 1350 2050 1405 iratqu
2095 1350 2362 1406 adversus
2403 1348 2877 1403 eircumcisionem
2908 1357 2961 1403 et
2990 1348 3310 1412 Sabbatum,
3346 1349 3421 1403 le~

1849 1455 2077 1511 geluque
2107 1441 2413 1509 scripsisse.

1923 1528 2083 1584 XVII.
2115 1529 2219 1585 Sed
2247 1539 2487 1600 apertam
2518 1529 2848 1585 calumniam
2890 1530 3057 1585 struit
3073 1529 3421 1585 callidusille

1852 1629 2098 1690 serpens,
2114 1621 2404 1690 animoque
2422 1619 2574 1692 14],
2593 1620 2897 1676 mendicus.
2912 1618 3083 1675 Ebion
3102 1620 3299 1688 quippe
3321 1618 3421 1673 lle—

172 1711 283 1765 άπὺ
308 1710 604 1783 Ἐϐραῖκῆς
632 1713 711 1775 είς
745 1710 967 1765 Ἑλλάδα
984 1711 1165 1783 φωνὴν
1181 1712 1278 1783 τὴν
1300 1715 1593 1784 ἑρμηνείαν
1609 1732 1753 1769 πτω-

1860 1711 2038 1766 braica
2062 1726 2161 1765 vos
2180 1709 2367 1765 Gratea
2390 1711 2571 1781 lingua
2594 1709 2886 1765 ntendieum
2916 1718 3093 1765 sonat.
3129 1708 3222 1764 Est
3242 1704 3420 1763 autem

175 1804 299 1871 κός.
322 1782 547 1871 Πτωχὸς
560 1800 630 1869 γά
637 1820 668 1872 ρ
693 1801 768 1864 ὼς
778 1801 990 1871 άληθῶς
1012 1803 1107 1856 καὶ
1121 1782 1187 1874 τῇ
1202 1782 1407 1875 διανοίᾲ
1420 1782 1513 1857 διαὶ
1528 1808 1592 1875 τῇ
1606 1805 1752 1857 ελπί,

1860 1802 2139 1863 haereticus
2156 1802 2258 1854 iste
2277 1815 2463 1854 revera
2483 1810 2682 1863 mente,
2707 1804 2803 1869 Spe
2828 1800 3093 1869 factisque
3116 1799 3419 1862 mendicus,

172 1894 223 1946 δι
252 1894 350 1947 καὶ
374 1891 454 1963 τῷ
480 1892 645 1963 ἔργῳ,
668 1892 901 1963 Χριστὸν
920 1893 1203 1965 ἄνθρωπον
1218 1893 1372 1960 ψιλὸν
1396 1895 1641 1965 νομίσας,
1660 1896 1753 1948 καὶ

172 1986 346 2050 οὕτως
381 1989 440 2040 ὲν
475 1985 718 2056 πτωχείᾳ
766 1985 997 2049 πίστεως
1042 1985 1137 2056 τὴν
1191 1986 1379 2041 ἐλπίδα
1418 1987 1546 2059 περὶ
1586 1986 1751 2041 αὑτοῦ

177 2075 531 2146 κεκτημένος.
585 2075 748 2128 Αὐτοὶ
795 2075 850 2128 δὲ
883 2076 1043 2147 δῆθεν
1092 2076 1440 2146 σεμνύνονται
1466 2118 1481 2141 ,
1528 2078 1753 2142 ἑαυτοὺς

177 2166 479 2235 φάσκοντες
510 2167 757 2236 πτωχοὺς
776 2206 790 2228 ,
828 2165 917 2220 διὰ
944 2166 1005 2219 τὸ
1024 2207 1038 2230 ,
1069 2169 1230 2236 φασὶν
1255 2210 1269 2234 ,
1311 2170 1367 2221 ὲν
1400 2168 1610 2239 χρόνοις
1647 2169 1753 2221 τῶν

178 2247 493 2310 ἀποστόλων
536 2254 735 2308 πωλεῖν
786 2255 856 2309 τὰ
901 2255 1078 2310 αὐτῶν
1111 2257 1420 2330 ὑπάρχοντα
1443 2299 1457 2324 ,
1490 2258 1585 2312 καὶ
1614 2258 1755 2312 τιθέ-

179 2364 262 2403 ναι
289 2349 446 2420 παρὰ
477 2349 603 2411 τοὺς
648 2349 813 2412 πόδας
845 2349 952 2403 τῶν
986 2350 1296 2405 ἀποστόλων
1320 2390 1336 2414 ,
1378 2352 1471 2405 καὶ
1499 2353 1577 2415 είς
1607 2369 1753 2406 πτω-

180 2440 330 2511 χείαν
378 2441 475 2493 καὶ
518 2437 817 2504 ἁποταξίαν
857 2440 1294 2512 μετεληλυθὲναι.
1334 2444 1442 2495 Καὶ
1471 2443 1557 2495 διὰ
1597 2442 1756 2496 τοῦτο

181 2529 459 2584 καλεῖσθαι
492 2530 601 2583 ὑπὸ
656 2529 871 2585 πάντων
905 2532 1038 2601 φασὶ
1079 2532 1304 2603 πτωχοί.
1338 2533 1472 2585 Οὐδὲ
1500 2532 1657 2586 τοῦτο
1698 2533 1754 2585 δὲ

179 2620 378 2690 ἀληθὲς
429 2620 559 2692 παρ’
613 2621 830 2684 αὐτοῖς,
871 2621 1007 2675 ἀλλὰ
1060 2622 1219 2691 φύσει
1266 2627 1341 2691 τῷ
1395 2621 1507 2675 ὅντι
1567 2622 1755 2676 Ἐϐίων

180 2712 455 2777 ἐκαλεῖτο,
484 2711 623 2766 κατὰ
648 2713 1001 2784 προφητείαν,
1029 2710 1201 2784 οἶμαι,
1235 2715 1263 2767 ό
1302 2711 1513 2783 πτωχὸς
1544 2714 1635 2766 καὶ
1662 2713 1759 2767 τά·

180 2802 311 2865 λας,
345 2800 407 2855 τὸ
451 2800 623 2872 ὄνομα
656 2802 722 2855 ὲκ
758 2802 965 2873 πατρὸς
987 2802 1153 2856 αὐτοῦ
1202 2803 1296 2857 καὶ
1342 2802 1546 2875 μητρὸς
1591 2802 1755 2858 αὑτοῦ

185 2892 620 2964 κεκληρωμένος.
682 2893 830 2950 Πόσα.
875 2892 933 2945 δὲ
988 2892 1122 2946 ἄλλα
1160 2879 1321 2948 ’δεινὰ
1363 2897 1455 2949 καὶ
1505 2913 1755 2967 παραπε-

185 2983 477 3055 ποιημένα,
504 2983 597 3035 καὶ
633 2982 933 3059 μοχθηρῖας
959 2981 1196 3054 γέμοντα
1245 2985 1372 3057 παρ’
1412 2986 1595 3048 αὐτοῖς
1635 2987 1755 3038 ἐπι-

182 3073 460 3145 τηδεύεται
487 3090 500 3137 ;
529 3072 699 3126 Ὀταν
738 3072 848 3144 γάρ
874 3089 958 3137 τις
982 3071 1043 3138 ἐξ
1070 3072 1247 3128 αὐτῶν
1287 3074 1321 3144 ἢ
1360 3076 1501 3146 νόσῳ
1526 3075 1754 3146 περιπέο
1786 3132 1822 3149 η

182 3181 260 3217 σοι
281 3205 301 3231 ,,
322 3162 358 3234 ἢ
387 3162 494 3215 ὑπὸ
519 3160 746 3233 ἑρπετοῦ
779 3162 1002 3233 δηχθείη
1023 3203 1037 3226 ,
1070 3164 1312 3217 κάτεισιν
1350 3167 1428 3228 εἰς
1459 3165 1527 3218 τὰ
1566 3165 1753 3229 ὕδατα,

1806 3304 1811 3307 Α
1858 3266 2028 3321 aquas
2059 3249 2369 3306 descendit.
2392 3247 2470 3304 lbi
2500 3249 2897 3320 appellationes
2944 3261 3157 3311 omnes,
3191 3260 3313 3317 qua:
3347 3243 3438 3300 El-
3473 3269 3485 3279 κ

182 3257 272 3309 καὶ
300 3252 641 3307 ἐπικαλεῖται
667 3252 766 3317 τὰς
792 3254 1106 3326 ἐπωνυμίας
1133 3255 1232 3319 τὰς
1260 3258 1316 3308 ὲν
1340 3256 1417 3326 τῷ
1453 3256 1637 3323 Ἠλξαῒ
1662 3257 1754 3311 τοῦ

178 3364 237 3400 τε
264 3343 500 3416 οὐρανοῦ
534 3345 626 3398 καὶ
654 3344 755 3414 τῆς
780 3345 901 3414 γῆς,
932 3346 1030 3414 τῆς
1059 3362 1117 3398 τε
1149 3346 1271 3409 ἁλὸς
1303 3348 1397 3400 καὶ
1427 3347 1518 3403 τοῦ
1545 3347 1755 3413 ὕδατος,

180 3434 286 3488 τῶν
321 3451 383 3487 τε
412 3435 629 3505 ἀνέμων
657 3435 751 3487 καὶ
788 3434 1034 3503 ἀγγέλων
1062 3434 1159 3504 τῆς
1198 3436 1571 3509 δικαιοσύνης,
1605 3438 1759 3506 φασὶ,

181 3526 276 3579 καὶ
307 3525 404 3578 τοῦ
432 3525 596 3597 ἄρτου
637 3523 732 3577 καὶ
755 3524 959 3579 ἐλαίου.
994 3525 1105 3578 Καὶ
1135 3525 1361 3597 ἄρχεται
1388 3527 1587 3595 λέγειν,
1622 3530 1757 3600 Bone

182 3615 309 3686 θῆτέ
340 3631 452 3686 μοι,
484 3614 578 3667 καὶ
615 3612 959 3678 άπαλλάξατε
990 3613 1083 3666 ἀπ’
1114 3614 1250 3683 ἐμοῦ
1277 3614 1338 3668 τδ
1375 3616 1613 3687 ἄλγημα.

254 3794 398 3865 Ἤδη
418 3794 475 3847 δέ
508 3810 597 3866 μοι
626 3793 717 3847 καὶ
744 3792 999 3864 ἀνωτέρω
1026 3792 1420 3865 προδεδήλωται
1446 3832 1460 3856 ,
1493 3792 1568 3857 ὡς
1591 3794 1760 3847 ταῦτα

180 3888 284 3959 μὲν
318 3885 512 3939 Ἐϐίων
542 3887 643 3940 οὐκ
685 3885 800 3957 ᾔδει
824 3926 840 3949 ,
878 3885 1015 3955 μετὰ
1048 3872 1238 3955 καιρὸν
1276 3884 1331 3936 δὲ
1383 3886 1429 3936 οἱ
1486 3885 1583 3936 σὺν
1614 3883 1761 3954 αὐτῷ

180 3976 547 4046 συναφθέντες
582 3975 662 4046 τῷ
718 3976 902 4043 Ἦλξαῖ
938 3976 1201 4047 ἐσχήκασι
1244 3975 1341 4045 μὲν
1370 3972 1473 4026 τοῦ
1511 3974 1761 4039 Ἐϐίωνος

178 4071 281 4139 τὴν
311 4067 613 4139 περιτομὴν
646 4067 741 4121 καὶ
784 4067 846 4120 τὸ
878 4067 1154 4121 Σάϐϐατον
1200 4067 1294 4120 καὶ
1325 4066 1394 4121 τά
1422 4065 1546 4137 ἔθη·
1588 4066 1681 4119 τοῦ
1706 4067 1763 4120 δὲ

192 4158 385 4224 Ἠλξαῖ
409 4158 507 4231 τὴν
536 4158 834 4227 φαντασίαν
860 4157 1000 4212 ὥστε
1025 4158 1266 4229 νομίζειν
1292 4157 1390 4228 μὲν
1412 4159 1502 4211 τὸν
1531 4158 1763 4229 Χριστὸν

180 4246 323 4304 εἷναί
347 4267 400 4302 τι
425 4248 797 4320 ἁνδροείκελον
828 4249 1137 4320 ὲκτύπωμα,
1168 4248 1397 4319 ἀόρατον
1432 4248 1759 4321 ἀνθρώποις,

183 4341 383 4412 μιλίων
414 4339 799 4410 ὲνενηκονταὲξ
833 4339 892 4392 τὸ
926 4340 1100 4411 μῆκος
1120 4379 1135 4401 ,
1163 4338 1324 4411 δῆθεν
1370 4339 1594 4410 σχοίνων
1624 4342 1765 4393 εἰκο-

180 4429 547 4499 σιτεσσάρων,
575 4429 635 4483 τὸ
662 4428 718 4483 δὲ
748 4429 948 4491 πλάτος
981 4429 1203 4499 σχοίνων
1229 4428 1308 4494 ἐξ,
1343 4429 1535 4500 μιλίων
1564 4431 1765 4483 εἰκοσι-

177 4521 499 4592 τεσσάρωνο
532 4520 592 4574 τὸ
632 4520 804 4590 πάχος
845 4519 901 4573 δὲ
933 4519 1074 4574 κατὰ
1106 4521 1367 4592 μέτρησιν
1400 4520 1566 4592 ἄλλην
1616 4522 1758 4576 τινά.

192 4614 449 4684 ’Δντικρὺ
492 4612 550 4666 δὲ
585 4612 748 4666 αὑτοῦ
778 4611 999 4666 ἑστάναι
1048 4612 1141 4666 καὶ
1174 4613 1234 4666 τὸ
1266 4612 1420 4682 ἅγιον
1448 4613 1673 4684 Πνεῦμα
1706 4617 1763 4666 ὲν

182 4706 320 4758 εῖδει
371 4703 595 4769 θηλείας
635 4703 878 4775 ἀοράτως
902 4720 914 4733 '
949 4703 1044 4756 καὶ
1091 4702 1149 4756 τὸ
1178 4703 1309 4756 αὐτὸ
1339 4703 1430 4757 τοῦ
1470 4703 1633 4758 αὐτοῦ
1671 4704 1765 4775 μέ-

188 4813 345 4866 τρου.
387 4796 498 4849 Καὶ
526 4794 687 4848 πόθεν
708 4834 723 4858 ,
758 4795 942 4865 φησὶν,
977 4795 1147 4863 ἔγνων
1176 4794 1243 4848 τὰ
1274 4796 1486 4867 μέτρα;
1529 4796 1763 4866 Ἐπειδὴ,

190 4886 386 4957 φησὶν,
413 4881 554 4939 εἶδον
580 4884 690 4939 ἀπὸ
712 4886 819 4940 τῶν
847 4886 1037 4957 ὀρέων,
1068 4887 1150 4940 ὅτι
1182 4888 1236 4941 αἱ
1276 4888 1508 4956 κεφαλαὶ
1538 4887 1765 4958 ἔφθανον

188 4977 377 5033 αὐτῶν
401 4994 417 5010 ⁸
449 4978 546 5031 καὶ
575 4976 638 5028 τὸ
670 4975 865 5047 μέτρον
888 4975 983 5030 τοῦ
1010 4976 1168 5048 ὅρους
1195 4977 1526 5048 καταμαθὼν
1549 5020 1564 5045 ,
1598 4978 1770 5048 ἔγνων

181 5066 429 5142 Χριστοῦ
455 5084 517 5123 τε
541 5066 634 5120 καὶ
654 5065 750 5118 τοῦ
774 5066 929 5134 ἁγίου
956 5065 1273 5138 Πνεύματος
1300 5068 1367 5121 τὰ
1398 5067 1593 5140 μέτραι
1627 5068 1766 5139 Ἤδη

177 5162 238 5214 δέ
272 5175 365 5231 μοι
389 5158 518 5230 περὶ
550 5156 761 5212 τούτων
792 5157 1006 5230 εἴρηται
1029 5159 1086 5211 ἐν
1120 5162 1187 5231 τῇ
1213 5158 1357 5213 κατὰ
1393 5159 1654 5214 Ὀσσαίων
1682 5161 1768 5214 αἱ·

183 5251 364 5322 ρέσει.
415 5249 505 5302 Ἐν
533 5247 813 5319 παρεξόδῳ
842 5248 901 5301 δὲ
933 5248 1105 5302 ταῦτα
1149 5249 1456 5321 πεποίημαι
1502 5250 1628 5314 νῦν,
1681 5252 1768 5306 ῐνα

185 5341 264 5412 μὴ
286 5340 359 5393 τά
389 5338 521 5407 παρ’
555 5337 771 5409 ἑκάστῳ
798 5338 940 5392 ἔθνει
972 5357 1031 5393 τε
1062 5341 1152 5394 καὶ
1189 5340 1397 5412 αἱρέσει
1430 5340 1589 5406 ὄντα,
1617 5342 1767 5415 εὑρι-

182 5431 434 5500 σκόμενα
461 5429 519 5483 δὲ
563 5430 657 5484 καὶ
696 5432 823 5501 παρ’
852 5432 1090 5504 ἑτέροις,
1121 5432 1402 5505 νομισθείη
1433 5434 1576 5490 κατὰ
1596 5435 1766 5507 λήθην

180 5520 279 5592 ὐφ’
310 5519 475 5592 ἡμῶν
496 5518 772 5591 εἰρῆσθαι.

264 5723 285 5755 ⁸
314 5725 442 5778 Act.
478 5740 593 5790 ιιι,
619 5725 706 5783 '59.
838 5726 960 5779 Act.
1001 5742 1073 5791 iv,
1115 5727 1203 5782 34.

1852 1901 2037 1962 utpote
2053 1892 2144 1962 qui
2162 1891 2440 1947 Christum
2463 1905 2672 1946 merum
2695 1906 2817 1947 esse
2839 1890 3419 1952 bominemexistimet,

1851 1985 1906 2040 in
1937 2000 2111 2054 eoque
2135 1999 2284 2053 spem
2309 1998 2432 2038 cum
2463 1982 2700 2053 quadam
2732 1982 2852 2038 ﬁdei
2883 1982 3231 2037 mendicitate
3254 1982 3422 2037 cullo-

1851 2056 1957 2133 εει.
1975 2077 2044 2130 At
2058 2075 2206 2131 enim
2230 2075 2318 2129 isti
2344 2075 2410 2131 de
2438 2090 2499 2130 ea
2523 2091 2580 2130 re
2599 2074 2922 2146 gloriantur,
2948 2089 3115 2145 seque
3145 2074 3424 2130 mendicos

1852 2166 2169 2239 praedicant,
2215 2167 2360 2236 quod
2402 2166 2804 2236 apostolorum,
2854 2165 3138 2235 inquiunt,
3185 2175 3427 2234 tempore

1854 2274 1975 2313 mos
1999 2264 2147 2314 esset
2176 2257 2315 2313 bona
2347 2272 2445 2312 sua
2470 2255 2799 2317 distrahere,
2816 2264 2879 2310 et
2909 2255 2973 2309 ad
3009 2255 3223 2309 illorum
3259 2254 3424 2323 pedes

1854 2346 2151 2416 abjicere’.
2178 2343 2367 2415 Itaque
2394 2359 2455 2401 se
2487 2344 2706 2398 illorum
2735 2343 2986 2413 exemplo
3011 2343 3079 2398 ad
3113 2343 3424 2397 mendicita-

1855 2443 1961 2490 tem
1995 2433 2189 2504 redigi,
2217 2448 2282 2487 ac
2309 2433 2468 2488 bonis
2502 2432 2758 2488 omnibus
2790 2431 3065 2495 abdicare,
3091 2430 3427 2502 proindeque

1857 2524 2058 2594 passim
2087 2524 2367 2579 mendicos
2396 2524 2676 2594 appellari.
2711 2521 2816 2579 Sed
2841 2522 2946 2579 hoc
2970 2524 3037 2579 ab
3066 2524 3173 2581 illis
3192 2539 3258 2580 ex
3285 2524 3427 2595 iuge-

1856 2614 1947 2669 nio
1976 2612 2269 2670 conﬁctum
2308 2621 2430 2679 est;
2476 2628 2601 2669 nam
2635 2612 2827 2669 Ebioni
2863 2613 3144 2684 proprium
3176 2613 3279 2669 hoc
3310 2620 3429 2668 erat

1855 2721 2075 2772 nomen,
2106 2720 2215 2760 non
2246 2706 2365 2763 sine
2394 2705 2654 2761 vaticinio
2690 2712 2873 2761 tamen
2902 2704 3111 2775 aliquo,
3137 2720 3246 2776 quo
3275 2719 3430 2761 men-

1856 2798 2011 2853 dicus
2039 2796 2339 2867 infelixque
2371 2795 2482 2851 fore
2505 2795 2931 2868 signiﬁcaretur,
2966 2811 3093 2852 cum
3130 2811 3159 2850 a
3190 2796 3430 2867 parenti-

1858 2887 1959 2942 bus
2008 2886 2063 2941 id
2114 2886 2353 2941 nominis
2387 2887 2712 2957 accepisset.
2748 2885 2923 2952 Quam
2952 2901 3084 2942 vero
3113 2885 3218 2940 alia
3261 2885 3441 2939 multa.

1856 2987 1911 3033 et
1940 2992 2223 3049 perperam
2245 2975 2515 3042 all'ectata,
2546 2964 2888 3032 etscelerata
2916 2991 2978 3031 ac
3007 2974 3216 3032 nefaria
3239 2989 3431 3032 eorum

1860 3068 2113 3126 instituto
2143 3070 2438 3140 geruntur!
2477 3067 2703 3136 Quoties
2731 3066 2878 3124 enim
2904 3067 3104 3139 aliquis
3130 3066 3344 3124 illorum
3376 3069 3431 3123 in

1858 3160 2108 3215 morbum
2152 3159 2365 3231 incidit,
2416 3167 2510 3213 aut
2553 3175 2583 3214 a
2633 3166 2886 3229 serpente
2938 3173 3156 3214 morsus
3209 3165 3312 3221 est,
3364 3157 3433 3212 ad

1858 3343 1944 3397 xai
1976 3341 2292 3413 complexus
2321 3348 2428 3405 est,
2464 3340 2705 3406 invocat,
2730 3339 2857 3411 caeli
2883 3338 3140 3395 videlicet
3161 3352 3225 3392 ac
3255 3345 3433 3401 teme,

1859 3434 1989 3489 salis
2042 3440 2095 3487 et
2120 3448 2297 3503 aquae,
2332 3439 2621 3487 ventorum
2656 3439 2711 3487 et
2757 3431 3095 3501 angelorum,
3131 3436 3189 3483 ut
3217 3434 3435 3491 vocant,

1854 3523 2109 3594 justitize;
2165 3522 2323 3593 panis
2372 3521 2502 3577 item
2553 3530 2608 3577 et
2654 3522 2783 3577 olei.
2816 3520 3035 3577 Deinde-
3067 3521 3310 3577 solemne
3337 3519 3440 3574 hoc

1860 3627 2080 3668 carmen
2114 3612 2356 3683 concipit
2385 3629 2399 3666 :
2428 3612 2630 3668 Adeste
2669 3612 2823 3671 mibi.
2854 3619 2921 3668 et
2937 3611 3085 3666 hunc
3110 3624 3142 3664 a
3164 3625 3251 3666 me
3288 3608 3442 3664 dolo-

1860 3718 1974 3759 rem
2009 3703 2287 3772 depellite.

1929 3791 2047 3847 Jam
2081 3791 2185 3846 hoc
2218 3798 2378 3846 antea
2422 3791 2840 3859 declaravimus,
2870 3792 3057 3846 omnia
3111 3790 3228 3844 haec
3277 3788 3443 3844 Ebio-

1862 3897 1983 3939 nem
2028 3881 2311 3950 nescisse;
2349 3882 2578 3952 ejusque
2628 3880 2932 3951 discipulos
2985 3881 3267 3949 aliquanto
3320 3888 3443 3949 post

1863 3991 1985 4031 cum
2022 3974 2174 4029 Elxai
2218 3975 2589 4031 coalescentes
2619 3975 2690 4032 ab
2719 3973 2927 4029 Ebione
2955 3972 3437 4030 circumeisionem

1864 4080 1930 4120 ac
1974 4064 2298 4133 Sabbatum,
2332 4065 2579 4135 aliosque
2624 4066 2764 4123 ritus
2809 4064 3110 4135 accepisse.
3158 4063 3242 4119 Ab
3289 4062 3440 4117 Elxai

1863 4172 1992 4213 vero
2043 4158 2316 4214 somnium
2374 4154 2527 4222 illud,
2593 4166 2652 4212 ut
2715 4157 2989 4212 Clit-istum
3047 4154 3275 4209 formam
3322 4169 3444 4211 esse

1864 4248 2158 4317 quamdam
2185 4249 2436 4303 humanae
2462 4249 2719 4315 similem,
2751 4263 2926 4318 neque
2950 4247 3265 4305 hominibus
3293 4263 3445 4317 aspe-

1867 4341 2120 4396 ctabilem
2155 4357 2278 4397 esse
2312 4340 2616 4413 ﬁngerent;
2659 4340 2998 4411 longitudine
3040 4340 3271 4396 millium
3295 4355 3439 4405 xcw,

1797 4465 1838 4519 υ
1868 4434 1961 4504 qui
1984 4440 2113 4489 sunt
2137 4431 2350 4488 scbmni
2378 4440 2616 4502 quatuor
2634 4440 2689 4488 et
2712 4431 2938 4503 viginti;
2965 4431 3254 4487 latitudine
3272 4432 3467 4491 solum

1870 4537 2062 4577 norum
2092 4537 2169 4587 vr,
2205 4522 2309 4576 hoc
2340 4529 2425 4577 est
2452 4523 2682 4577 millium
2712 4536 2873 4587 xxiv;
2906 4521 3259 4579 crassitudini
3289 4522 3445 4576 deni-

1869 4628 1976 4682 que
2003 4611 2163 4666 aliam
2195 4627 2511 4669 mensuram
2553 4615 2874 4670 attribuunt.
2912 4611 3087 4683 Prope
3116 4612 3290 4683 ipsum
3316 4626 3446 4668 vero

1871 4714 2015 4758 stare
2058 4699 2323 4773 Spiritum
2355 4716 2605 4763 sanctum
2638 4706 2886 4762 muliebri
2917 4704 3110 4777 ﬁgura,
3140 4706 3214 4761 ita
3262 4712 3444 4761 tamen

1874 4802 1934 4848 ut
1965 4793 2132 4850 videri
2169 4806 2440 4868 nequeat;
2473 4798 2827 4869 ejusdemque
2859 4813 2983 4853 esse
3018 4794 3447 4853 mensurze.‘Ro-

1870 4900 1967 4955 ges
1993 4885 2139 4942 unde
2166 4900 2267 4955 eas,
2291 4904 2581 4945 mensuras
2610 4889 2941 4959 acceperint.
2969 4887 3012 4941 E
3034 4888 3334 4952 montibus,
3361 4887 3448 4941 in-

1869 4976 2086 5046 quiunt,
2120 4979 2441 5036 observatas
2470 4980 2755 5045 habemus,
2790 4994 3024 5049 quorum
3072 4980 3141 5035 ad
3185 4980 3444 5034 verticem

1867 5067 2087 5123 illorum
2119 5070 2297 5141 capita
2328 5071 2745 5144 pertingebant;
2775 5086 2947 5143 quare
2974 5069 3239 5126 montium
3260 5069 3447 5126 altitu-

1867 5155 2054 5215 dinem
2085 5159 2341 5228 dimensi,
2377 5161 2577 5218 Christi
2609 5177 2673 5218 ac
2703 5162 2883 5218 sancti
2910 5160 3146 5232 Spiritus
3172 5160 3445 5233 magnitu-

1871 5248 2054 5305 dinem
2080 5248 2674 5323 comperimus.Verum
2701 5254 2770 5311 de
2800 5253 2885 5310 bis
2912 5253 2969 5309 in
2992 5251 3302 5309 Ossazorum
3336 5254 3446 5310 lia:-

1873 5341 1979 5395 resi
2000 5342 2112 5411 jam
2142 5351 2267 5399 ante
2294 5343 2717 5415 disputavimus.
2752 5344 2820 5400 Et
2847 5359 2995 5400 nunc
3024 5344 3200 5401 obiter
3225 5328 3286 5400 ea
3319 5360 3444 5415 per-

1873 5432 2216 5518 διιίιυιίιιιιιεἆ
2244 5450 2312 5491 ne
2330 5437 2475 5506 quod
2508 5453 2673 5507 penes
2695 5452 3137 5508 unamquamque
3164 5437 3444 5493 nationem

1875 5544 1939 5583 ac
1957 5540 2158 5585 sectam
2178 5529 2466 5601 reperitur,
2485 5530 2538 5585 id
2567 5530 2615 5587 si
2654 5531 2710 5587 in
2729 5531 2849 5588 aliis
2863 5546 3079 5602 quoque
3096 5536 3433 5589 cerneretur,

1868 5619 2046 5675 alieno
2068 5620 2189 5677 loco
2207 5637 2303 5693 per
2328 5622 2653 5681 oblivionem
2681 5631 3163 5681 commemoratum
3198 5633 3437 5691 putares.
