3946 6074
184 272 288 337 437

198 383 389 437 Ἠλίαν
415 385 513 438 καὶ
536 387 791 459 Σαμουὴλ
820 394 913 446 καὶ
961 394 1258 447 Ἐλισσαῖον
1289 393 1381 446 καὶ
1408 394 1533 456 τοὺς
1565 392 1773 456 ἄλλους.

829 278 1197 337 ADVERSUS
1235 280 1575 338 iiIERESES
1613 280 1736 338 LIB.
1780 282 1816 338 l.
1860 280 2021 337 ΤΟΜ.
2066 280 2127 334 il.
2168 309 2238 319 —
2278 277 2547 334 HIERES.
2588 277 2754 333 XXX.

3352 274 3455 330 458

1882 393 2125 464 gloriari.
2158 392 2234 446 Ad
2268 384 2382 447 haec
2409 392 2482 444 ita
2515 389 2848 461 respondent
2879 407 2891 442 :
2934 382 3050 441 Sibi
3093 385 3146 439 id
3177 399 3206 437 a
3237 383 3459 439 Christo

190 474 551 545 patefactum.
601 478 745 549 Ergo
802 483 999 537 bonam
1047 484 1181 555 legis
1238 492 1448 554 partem
1487 487 1879 541 contumeliose
1911 484 2227 547 traducunt,
2252 491 2305 538 et
2371 483 2728 553 Sampsonem
2788 495 2851 535 ac
2913 476 3195 542 Davidem,
3263 476 3458 540 Etiam,

195 565 433 620 Eliseum
473 580 813 642 cmterosque
846 584 1133 645 respuunt.

265 656 366 709 18'.
405 634 737 730 Ἐλέγχεταί
754 662 808 716 δὲ
843 634 1177 736 πανταχόθεν
1206 668 1235 719 6
1266 666 1507 739 ἀγύρτης
1549 668 1653 720 ὑπὸ
1678 666 1773 719 τοῦ

1946 660 2087 714 XIX.
2141 658 2245 714 Sed
2287 674 2315 712 a
2376 657 2595 713 Christo
2640 654 2874 711 Domino
2915 654 3132 724 penitus
3183 654 3463 738 impostor

198 745 467 819 Σωτῆρος,
502 750 802 826 διαρρήδην
838 755 931 807 καὶ
967 756 1041 819 ὡς
1080 758 1136 809 ὲν
1180 757 1452 827 συντόμῳ,
1502 758 1612 811 ἀπὸ
1651 757 1779 828 μιᾶς

202 838 394 904 λέξεως
435 841 499 893 τὸ
540 834 651 896 πᾶν
687 844 852 897 αὐτοῦ
887 846 1199 916 ἐλέγχοντος
1244 849 1343 917 τῆς
1381 848 1663 919 ἀπατηλῆς
1699 849 1778 901 δι-

201 928 529 996 δασκαλίας,
595 935 690 988 καὶ
753 934 1035 1003 λέγοντος·
1101 933 1320 991 Ἦλθεν
1388 938 1659 1006 Ἰωάννης
1691 940 1781 992 ’ἐν

203 1018 318 1083 ὀδῷ
348 1020 462 1091 (55)
507 1022 901 1093 δικαιοσύνης
930 1028 1083 1095 μήτε
1108 1028 1346 1092 ἐσθίων,
1381 1028 1532 1098 μήτε
1569 1032 1778 1093 πίνων,

204 1111 299 1162 καὶ
330 1110 605 1178 λέγουσι,
652 1116 965 1183 Δαιμόνιον
987 1118 1133 1185 ἔχει.
1177 1113 1406 1172 Ἦλθεν
1442 1122 1474 1172 ό
1507 1118 1636 1183 Υἱός
1675 1118 1780 1171 τοῦ

205 1199 521 1268 ἀνθρώπου
546 1204 767 1259 ἐσθίων
801 1207 898 1259 καὶ
932 1208 1143 1259 πίνων.
1181 1209 1290 1261 Καὶ
1330 1209 1391 1261 οὐ
1432 1208 1669 1271 πάντως,
1700 1209 1781 1261 ὅτι

206 1289 306 1343 κᾶν
337 1291 398 1345 τὸ
427 1293 591 1363 τυχὸν
618 1296 716 1348 οὐκ
746 1296 928 1367 ἤσθιεν
972 1300 999 1351 6
1043 1298 1327 1370 Ἰωάννης,
1376 1300 1409 1369 ἢ
1458 1300 1566 1352 πᾶν
1599 1299 1779 1352 ὁτιοῦν

204 1381 394 1451 ἢσθιεν
423 1386 452 1437 6
486 1386 698 1456 Σωτὴρ,
734 1388 820 1440 ἵνα
852 1405 936 1471 τις
973 1389 1229 1443 ὑπολάϐοι
1260 1391 1352 1443 καὶ
1379 1394 1447 1444 τὰ
1471 1391 1780 1462 ἀπηγορευ-

207 1473 365 1542 μένα.
413 1475 476 1527 Ἥ
505 1476 693 1550 Γραφὴ
725 1478 781 1531 δὲ
811 1478 910 1549 τὴν
937 1479 1173 1549 ἔμφασιν
1202 1480 1353 1552 δηλοῖ
1380 1483 1477 1552 τῆς
1505 1482 1777 1553 ἀληθείας.

202 1562 282 1626 ὡς
306 1564 367 1622 τιὸ
396 1566 570 1634 φάγον
611 1568 774 1620 αὑτὸν
814 1564 954 1622 εἶναι
976 1571 1079 1623 καὶι
1097 1572 1381 1641 οἰνοπότην
1418 1572 1567 1627 οὐδὲν
1596 1573 1782 1644 ἕτερόν

202 1656 356 1709 ἐστιν
389 1657 421 1727 ἢ
456 1658 517 1711 τὸ
554 1659 568 1690 ί
606 1650 749 1730 κρέᾶ
790 1660 992 1713 ἐσθίειν
1028 1662 1122 1715 καὶ
1154 1660 1293 1715 οἶνον
1325 1664 1530 1716 πίνειν·
1582 1666 1674 1718 καὶ
1698 1665 1778 1730 τὸ,

206 1746 286 1818 μὴ
323 1747 538 1813 ἐσθίων,
572 1752 707 1822 μήτε
741 1753 930 1816 πίνων,
958 1755 1039 1807 ὃτι
1068 1754 1246 1826 κρεῶν
1275 1756 1336 1808 οὐ
1369 1754 1660 1826 μετείληφε
1690 1756 1783 1809 xui.

201 1837 371 1901 οἴνου,
418 1837 536 1891 ἀλλ’
567 1839 600 1910 ἢ
635 1841 873 1912 ἀκρίδων
911 1842 1086 1913 μόνων
1135 1846 1164 1897 6
1205 1844 1457 1912 Ἰωάννης
1491 1844 1585 1898 καὶ
1629 1843 1781 1913 μέλι-

202 1942 302 1989 τος
336 1927 733 2012 μετελάμϐανε,
782 1931 939 2002 δῆλον
989 1933 1063 1998 δὲ,
1113 1934 1189 1998 ὼς
1233 1934 1326 1987 καὶ
1355 1933 1562 1998 ὓδατος.
1599 1934 1695 1998 Τίς
1725 1935 1781 1987 δὲ

1887 752 1975 806 ille
2005 750 2395 819 manifesteque
2429 747 2714 813 refellitur,
2746 746 2836 816 qui
2869 735 3216 816 depravatam
3244 760 3460 799 omnem

1885 842 2005 911 ejus
2031 841 2337 896 doctrinam
2366 838 2556 910 paucis
2591 836 2769 892 verbis
2797 835 3093 905 redarguit.
3127 849 3251 890 cum
3280 834 3352 888 ita
3378 834 3460 888 lo-

1886 933 2111 1003 quitur:
2146 930 2294 985 Venit
2322 928 2552 983 Joannes
2600 928 2651 981 in
2701 928 2782 980 via
2825 926 3057 995 justitia;
3095 942 3198 978 non
3234 925 3463 977 manda.

1886 1042 2034 1089 cans,
2085 1040 2244 1093 neque
2295 1021 2493 1086 bibens,
2530 1030 2578 1073 et
2645 1019 2847 1080 dicunt,
2902 1016 3231 1070 Dwntonium
3287 1015 3460 1071 habet.

1898 1114 2044 1168 Venit
2076 1112 2250 1167 Filius
2293 1112 2516 1166 hominis
2557 1110 2886 1164 manducans
2938 1117 2988 1163 et
3030 1107 3206 1161 bibens
3228 1110 3269 1162 '.
3306 1106 3463 1172 Quod

1888 1204 2113 1275 perinde
2142 1220 2250 1259 non
2288 1211 2371 1259 est
2402 1202 2778 1274 accipiendum
2828 1216 2892 1255 ac
2963 1201 3007 1256 si
3041 1198 3280 1254 Joannes
3317 1198 3466 1252 nulla

1888 1297 2111 1351 omnino
2138 1312 2217 1362 re,
2251 1295 2503 1351 Christus
2550 1294 2806 1350 omnibus
2844 1293 3175 1362 promiscue,
3221 1290 3466 1359 adeoque

1890 1388 2199 1457 prohibitis,
2225 1394 2556 1443 vescerctur.
2590 1384 2697 1441 Sed
2738 1384 3022 1454 Scriptura
3067 1384 3174 1436 vim
3213 1382 3464 1438 veritatis

1887 1480 2175 1549 expressit,
2199 1487 2277 1542 ut,
2308 1492 2415 1531 non
2436 1479 2771 1531 nnnducans
2788 1482 2841 1530 et
2859 1475 3070 1535 bibens.
3091 1473 3230 1530 idem
3252 1473 3325 1528 sit
3358 1487 3423 1526 ac
3447 1488 3462 1527 :
3513 1518 3521 1526 .

1886 1568 2148 1624 Joannem
2184 1568 2443 1623 carnibus
2470 1568 2705 1636 vinoque
2738 1580 2846 1619 non
2876 1580 3057 1630 usum,
3098 1563 3234 1619 nihil
3268 1571 3467 1633 praeter

1889 1663 2133 1715 locustas
2158 1673 2221 1713 ac
2243 1659 2349 1713 mel
2377 1658 2577 1721 edisse,
2609 1664 2668 1709 ut
2688 1670 2884 1725 aquam
2909 1654 3126 1709 interim
3152 1654 3467 1710 adhibuisse

1890 1751 2161 1807 credatur.
2191 1749 2394 1819 Ecquis
2424 1746 2601 1803 nescit
2638 1744 2913 1801 Christum
2942 1745 3231 1799 Dominum
3261 1746 3468 1800 excita-

1889 1849 2003 1894 tum
2028 1855 2059 1893 a
2091 1837 2320 1893 mortuis
2351 1836 2692 1900 comedisse;
2723 1834 3182 1906 quemadmodum
3221 1834 3467 1889 veritatis

1890 1929 2180 2000 Evangelia
2227 1927 2547 1984 continent?
2579 1925 2830 1982 Oblatum
2879 1925 2927 1980 ei
2968 1942 3156 1996 panem
3199 1940 3260 1978 ac
3310 1925 3466 1993 piscis

201 2014 306 2067 οὐκ
334 2011 441 2069 οἶδε
486 2017 578 2070 τὸν
607 2019 835 2092 Σωτῆρα
866 2021 1172 2076 ἀναστάντα
1219 2024 1284 2077 ὲκ
1321 2023 1530 2094 νεκρῶν
1559 2024 1651 2078 καὶ
1681 2041 1779 2093 φα-

1903 2022 1992 2076 tssi
2018 2020 2359 2090 particulam,
2391 2019 2454 2073 de
2469 2019 2657 2091 quibus
2690 2036 2807 2074 cum
2835 2019 3226 2083 manducasset,
3255 2028 3469 2087 aposto-

204 2102 409 2169 γόντας
458 2105 713 2177 καθάπερ
765 2107 877 2178 ἔχει
910 2107 978 2162 τὰ
1012 2109 1142 2179 ἅγια
1185 2110 1492 2180 Εὐαγγέλια
1530 2112 1628 2183 τῆς
1657 2100 1789 2184 ἀλη-

200 2192 380 2257 θείας,
413 2193 496 2247 ὃτι
543 2194 822 2266 Ἐπεδόθη
857 2197 1016 2264 αὐτῷ
1050 2199 1230 2268 ἄρτος
1257 2201 1354 2257 καὶ
1388 2199 1572 2270 μέρος
1602 2202 1788 2256 ὀπτοῦ

203 2281 445 2349 ιχθύος’
472 2284 569 2338 καὶ
609 2286 799 2341 λαϐὼν
828 2288 1030 2357 ἔφαγε,
1075 2289 1173 2342 καὶ
1217 2289 1406 2343 ἔδωκε
1449 2290 1573 2356 τοῖς
1600 2295 1789 2361 μαθη-

200 2372 374 2439 ταῖς·
409 2374 486 2437 ὡς
526 2377 618 2429 καὶ
647 2378 739 2430 ἐπὶ
776 2377 875 2447 τῆς
905 2380 1179 2451 Θαλάσσης
1207 2381 1306 2450 τῆς
1350 2381 1662 2452 Τιϐεριάδος
1692 2400 1790 2436 πε-

204 2465 434 2535 ποὲηκε,
485 2467 581 2520 καὶ
629 2468 837 2537 φαγὼν,
894 2471 987 2523 καὶ
1020 2470 1252 2535 διαδούς.
1303 2472 1412 2525 Καὶ
1452 2472 1623 2525 πολλὰ
1667 2472 1784 2526 ἔστι

205 2558 338 2627 περὶ
370 2557 560 2610 τούτου
594 2557 795 2627 λέγειν.
840 2563 933 2612 Δεῖ
962 2560 1019 2613 δέ
1054 2576 1129 2631 ’με
1159 2561 1302 2615 κατὰ
1346 2560 1652 2633 λεπτότητα
1704 2564 1781 2626 είς

1888 2114 1953 2168 lis
1988 2115 2097 2167 suis
2139 2113 2390 2183 reliquias
2422 2113 2673 2181 impertiit
2705 2113 2745 2164 ³.
2775 2110 2830 2165 Id
2868 2111 3013 2180 quod
3046 2110 3114 2165 ad
3158 2108 3468 2165 Tiberiadis

1890 2223 2041 2262 mare
2063 2206 2209 2271 fecit,
2249 2206 2384 2270 edit,
2420 2206 2665 2273 inquam,
2688 2218 2751 2257 ac
2774 2203 3056 2259 distribuit
3085 2203 3126 2255 ⁸.
3166 2202 3285 2267 Qua
3320 2202 3388 2256 de
3411 2216 3469 2254 re

1889 2296 2122 2365 plurima
2165 2294 2393 2350 dicenda
2428 2294 2587 2349 nobis
2626 2304 2945 2348 occurrunt.
2986 2292 3092 2347 Sed
3136 2290 3204 2346 ad
3247 2290 3471 2361 putidus

1889 2385 2012 2439 illos
2044 2384 2420 2454 absurdosque
2444 2398 2747 2447 sermones,
2778 2383 2871 2453 qui
2905 2383 2973 2439 ab
3005 2382 3139 2453 ipsis
3166 2382 3470 2437 instituun-
3506 2422 3515 2437 .

1889 2468 1999 2539 iur,
2020 2475 2335 2547 singillatim
2368 2473 2695 2530 rel‘ellendos
2744 2483 2909 2549 atque
2930 2473 3255 2543 evertendos
3282 2480 3464 2528 trans-

1889 2566 2111 2625 ferenda
2146 2568 2304 2622 nobis
2342 2574 2425 2622 est
2457 2567 2652 2621 oratio.

203 2649 301 2703 τὸν
330 2651 536 2705 τούτων
591 2652 697 2706 τῶν
726 2654 982 2724 ῥημάτων
1015 2653 1124 2708 τῶν
1161 2654 1342 2709 ἑώλων
1404 2672 1465 2709 τε
1498 2657 1589 2711 καὶ
1624 2656 1840 2730 σαθρῶν
1881 2665 2010 2735 παρ’
2049 2664 2232 2727 αὐτοῖς
2265 2662 2683 2735 κηρυττομένων
2728 2661 2884 2733 ἥκειν
2938 2660 3178 2733 ἔλεγχον,
3230 2660 3324 2716 καὶ
3368 2660 3467 2730 τὴν

205 2740 390 2793 αὐτῶν
426 2741 696 2795 ποιεῖσθαι
728 2744 1061 2815 ἁνατροπήνε
1304 2813 1309 2818 ,

279 2837 364 2889 Κ’.
409 2837 517 2889 Καὶ
549 2836 766 2908 πρῶτον
822 2840 918 2910 μὲν
968 2839 1095 2912 περὶ
1147 2839 1239 2893 τοῦ
1290 2841 1550 2913 Χριστοῦ,
1594 2842 1679 2898 ὅτι
1727 2842 1789 2895 οὐ

204 2927 361 2996 ψιλὸς
391 2926 679 2998 ἄνθρωπος
715 2928 923 2999 ῥητέον.
960 2931 1031 2984 Οὐ
1060 2929 1281 2983 δύναται
1312 2930 1420 3004 γὰρ
1448 2934 1476 2985 6
1512 2932 1793 3006 γεννηθεὶς

211 3016 357 3068 κατὰ
390 3014 569 3069 πάντα
615 3016 901 3089 ἄνθρωπος
930 3020 1155 3089 σημείου
1186 3021 1348 3075 ἕνεκα
1378 3021 1456 3093 τῷ
1493 3023 1681 3095 κόσμῳ
1709 3024 1795 3077 δο-

208 3104 504 3175 θήσεσθαι·
564 3105 640 3169 ὠς
700 3107 829 3178 περὶ
892 3106 1057 3160 αὑτοῦ
1114 3108 1473 3180 προεθέσπιζε
1530 3110 1591 3163 τὸ
1641 3110 1795 3178 ἅγιον

211 3194 483 3265 Πνεῦμα,
537 3195 627 3248 ὅτε
672 3195 750 3265 τῷ
810 3196 973 3266 Ἀχὰζ
1017 3196 1228 3265 ἔλεγεν·
1264 3196 1513 3265 Αἴτησαι
1564 3198 1798 3264 σεαυτῷ

210 3286 488 3355 σημεῖον.
552 3285 813 3341 Κάκείνου
855 3288 929 3359 μὴ
983 3289 1326 3359 αἰτήσαντος,
1378 3290 1500 3342 τότε
1550 3289 1714 3361 φησὶν
1767 3291 1795 3342 6

215 3378 541 3448 προφήτης·
590 3376 785 3443 Αὐτὸς
833 3378 1046 3445 Κύριος
1094 3376 1270 3431 δώσει
1321 3378 1462 3447 ὑμῖν
1525 3378 1794 3447 σημεῖον·

228 3466 387 3521 Ἰδοὺ
438 3468 478 3533 ἠ
537 3464 835 3533 παρθένος
882 3467 952 3519 ἐν
984 3468 1194 3534 γαστρὶ
1239 3465 1382 3532 ἔξει.
1425 3467 1699 3539 Παρθένος
1742 3468 1798 3521 δὲ

212 3557 280 3608 οὐ
317 3554 566 3608 καλεῖται
601 3552 712 3625 (54)
741 3557 774 3623 ἡ
809 3553 1135 3623 συναφθείσα
1162 3555 1335 3627 ἀνδρὶ,
1366 3556 1459 3608 καὶ
1492 3556 1801 3628 γαμηθεῖσα

212 3650 385 3719 γυνή·
424 3647 693 3719 παρθένος
719 3647 776 3701 δὲ
799 3648 982 3720 ἐκείνη
1010 3647 1217 3719 κυρίως
1256 3648 1454 3718 λέγοιτ’
1487 3650 1552 3702 ἂν
1590 3652 1624 3720 ἠ
1670 3651 1800 3704 ἄνευ

215 3740 411 3812 ἀνδρὸς
443 3740 544 3807 τὴν
588 3739 848 3810 σύλληψιν
879 3742 971 3794 τοῦ
1003 3739 1137 3794 Θεοῦ
1164 3739 1339 3808 Λόγου
1376 3739 1518 3793 κατὰ
1545 3738 1801 3811 ἀλήθειαν

216 3833 490 3901 ἐσχηκυῖα
509 3847 523 3861 ·
556 3830 633 3893 ὡς
662 3833 756 3885 καὶ
784 3832 945 3896 αὐτὸς
983 3833 1213 3896 Ἡσαΐας
1246 3832 1359 3903 (55)
1391 3834 1448 3885 ὲν
1476 3831 1620 3900 ἄλλῳ
1651 3832 1803 3903 τόπῳ

217 3925 386 3994 φησί·
417 3924 593 3992 Φωνὴ
632 3924 897 3992 κραυγῆς
923 3926 990 3978 ἐκ
1024 3928 1277 3993 πόλεως,
1311 3922 1480 3995 φωνὴ
1527 3924 1595 3978 ἐκ
1627 3924 1800 3988 ναοῦ,

215 4017 393 4086 φωνὴ
460 4017 685 4085 Kvplov
754 4016 1212 4086 ἀνταποδόσεως
1230 4014 1279 4083 ,Λ
1298 4014 1807 4082 ἀνταποδιδόντος

217 4109 348 4174 τοῖς
398 4108 849 4177 ἀντικειμένοις.
896 4110 1043 4179 Πρὶν
1091 4111 1130 4178 ἢ
1171 4111 1287 4179 τὴν
1332 4108 1675 4162 ὠδίνουσαν
1713 4125 1805 4161 τε·-

217 4199 374 4262 κεῒν,
403 4200 549 4267 πρὶν
593 4200 632 4267 ἢ
662 4200 859 4255 ἐλθεῖν
894 4201 1002 4254 τὸν
1032 4203 1224 4256 πόνον
1263 4199 1381 4254 τῶν
1422 4200 1668 4266 ὠδίνων,
1712 4199 1807 4265 ἐε-

219 4291 433 4360 ἐφδγε,
485 4291 587 4344 καὶ
622 4291 828 4345 ἔτεκεν
850 4293 1056 4361 ἄρσεν.
1111 4293 1205 4359 Τίς
1246 4294 1476 4362 ἤκουσε
1503 4292 1809 4356 τοιοῦτον;

221 4382 264 4448 ἢ
297 4383 393 4447 τίς
423 4380 648 4449 ἑώρακε
674 4382 915 4436 τοιαῦτα
932 4399 951 4446 ;
982 4386 1050 4438 El
1073 4383 1248 4438 ὤδινε
1272 4383 1345 4454 τῆ
1371 4386 1439 4438 ἐν
1456 4383 1565 4455 μιᾷ
1601 4385 1809 4455 ἡμέρᾳ,

224 4475 325 4526 καὶ
359 4474 566 4527 ἔτεκεν
596 4473 772 4540 ἔθνος
802 4478 889 4538 εἰς
920 4476 1081 4540 ἅπαξ
1101 4491 1119 4539 ;
1168 4476 1255 4529 ὅτι
1287 4476 1459 4531 ὧδινε
1506 4478 1605 4531 καὶ
1647 4476 1814 4530 ἔτεκε

223 4563 386 4618 Σιὼν
414 4565 486 4618 τὰ
510 4563 717 4617 παιδία
737 4565 945 4634 αὐτῆς.
996 4566 1142 4635 Ἐγὼ
1172 4567 1240 4620 δὲ
1266 4566 1458 4622 ἔδωκα
1486 4567 1602 4637 τὴν
1632 4581 1815 4637 προσ-

1971 2840 2086 2894 ΧΧ.
2114 2839 2191 2895 Ae
2237 2840 2472 2911 primum
2502 2838 2569 2896 de
2604 2838 2846 2902 Christo,
2889 2853 3000 2894 non
3048 2854 3259 2895 merum
3302 2841 3465 2897 homi-

1898 2947 2022 2986 nem
2059 2945 2180 2985 esse
2226 2929 2748 2986 demonstrabimus.
2779 2926 2966 2999 Neque
3008 2929 3152 2983 enim
3199 2929 3291 3000 qui
3341 2931 3477 2985 nihil

1900 3021 2124 3076 omnino
2157 3020 2229 3075 sit
2266 3026 2465 3089 praeter
2506 3019 2805 3085 hominem,
2841 3020 2980 3089 signi
3016 3019 3190 3075 instar
3231 3021 3480 3079 exhiberi

1903 3112 2105 3166 mundo
2158 3117 2377 3180 potest:
2421 3109 2566 3179 quod
2603 3108 2842 3181 Spiritus
2890 3118 3114 3166 sanctus
3152 3111 3217 3166 de
3258 3110 3479 3170 Christe

1905 3203 2173 3275 praedixit,
2212 3216 2336 3255 cum
2390 3200 2464 3256 ita
2504 3201 2721 3256 Aehazo
2773 3201 2991 3255 locutus
3035 3209 3165 3257 est:
3210 3201 3335 3256 Pete
3385 3203 3481 3257 tibi

1902 3296 2131 3364 signum.
2166 3292 2264 3347 lllo
2287 3306 2416 3347 vero
2447 3300 2629 3362 petere
2660 3290 3017 3355 detrectante,
3057 3293 3319 3362 propheta
3345 3293 3482 3347 sub-

1895 3387 2027 3455 jecit
2054 3405 2068 3441 :
2101 3382 2220 3453 Ipse
2252 3383 2505 3437 Dominus
2540 3383 2686 3437 dabit
2718 3383 2856 3437 vobis
2893 3385 3099 3454 signum
3127 3400 3143 3438 :
3174 3382 3309 3439 Ecce
3337 3386 3481 3455 virgo

1900 3476 2228 3544 concipiet‘.
2260 3474 2501 3546 Virginis
2553 3489 2717 3545 porro
2763 3475 2981 3529 nomine
3027 3490 3135 3529 non
3171 3490 3235 3530 ea
3284 3477 3482 3530 mulier

1904 3568 2245 3639 sTgniiicatur
2296 3581 2419 3637 qua:
2468 3565 2738 3636 nupserit,
2791 3575 3001 3621 etcum
3030 3566 3148 3621 viro
3191 3566 3482 3635 conjuncta

1904 3660 1995 3720 sit.
2032 3659 2126 3713 sed
2152 3673 2214 3713 ea
2244 3658 2461 3710 demum
2495 3656 2712 3726 proprie
2749 3655 2900 3725 virgo
2930 3656 3151 3719 dicitur,
3187 3671 3307 3725 qua:
3339 3656 3483 3711 divi-

1905 3763 2034 3803 num
2065 3746 2300 3799 Verbum
2337 3745 2390 3797 in
2429 3759 2487 3797 se
2527 3744 2734 3813 absque
2783 3746 2891 3797 ulto
2925 3746 3021 3797 viri
3055 3745 3340 3813 complexu
3389 3761 3483 3814 ge-

1905 3837 2101 3893 nuerit.
2140 3832 2603 3901 Quemadmodum
2643 3831 2802 3902 144
2833 3830 3002 3886 lsaias
3024 3832 3129 3886 alio
3159 3836 3212 3884 in
3243 3832 3361 3886 loco
3405 3846 3485 3886 te—

1907 3941 2080 3987 statur
2112 3948 2124 3981 :
2163 3926 2272 3980 Vox
2298 3926 2318 3955 ⁸
2349 3924 2598 3978 clamoris
2640 3938 2703 3976 ex
2752 3921 2898 3986 urbe,
2935 3937 3031 3975 vox
3069 3938 3096 3976 e
3142 3922 3352 3992 templo,
3386 3940 3483 3979 rex

1912 4019 2123 4077 Domini
2165 4015 2559 4077 retributionis,
2612 4012 2947 4067 retribuentis
3013 4012 3258 4066 inimicis.
3322 4014 3481 4065 Ante-

1908 4128 2065 4182 quam
2117 4108 2417 4181 parturiens
2459 4113 2703 4174 pareret;
2768 4112 3049 4173 antequam
3094 4103 3286 4156 veniret
3330 4101 3485 4157 dolor

1910 4211 2115 4270 partus,
2173 4199 2372 4268 effugit,
2406 4206 2453 4251 et
2506 4196 2699 4264 peperit
2743 4194 3056 4246 masculum.
3110 4194 3242 4259 Quis
3288 4195 3486 4247 audivit

1913 4308 2140 4361 unquam
2166 4290 2309 4343 tale?
2336 4301 2384 4342 et
2413 4287 2528 4357 quis
2557 4285 2682 4339 vidit
2698 4283 2818 4339 huic
2838 4284 3052 4341 simile?
3086 4283 3337 4356 Nunquid
3365 4303 3485 4357 pur-

1916 4383 2062 4435 turiit
2090 4391 2231 4434 terra
2264 4366 2355 4435 die
2384 4393 2491 4431 una
2518 4393 2535 4431 :
2561 4387 2609 4431 et
2652 4375 2844 4447 peperit
2883 4388 3083 4448 gentem
3118 4379 3320 4434 simul?
3362 4381 3488 4455 quia

1915 4471 2196 4541 parturivit
2235 4478 2284 4521 et
2330 4468 2524 4538 peperit
2556 4466 2687 4521 Sion
2719 4468 2860 4537 ﬁlios
2891 4483 3031 4520 suos.
3067 4466 3177 4537 Ego
3216 4484 3333 4521 vero
3366 4469 3487 4521 dedi

1919 4564 2052 4619 hanc
2074 4562 2533 4631 exspectationem,
2562 4569 2735 4615 etnon
2766 4559 3026 4614 recordati
3056 4569 3197 4624 sunt,
3228 4561 3355 4613 dicit
3382 4560 3487 4614 Do-

224 4654 444 4708 δοκίαν
473 4656 721 4724 ταύτην,
762 4657 860 4710 καὶ
892 4660 1003 4712 οὐκ
1053 4658 1470 4727 ἐμνήσθησαν,
1500 4661 1659 4730 λέγει
1691 4660 1795 4713 Κύ-

1915 4658 2106 4711 minus.
2135 4654 2392 4721 Quaenam
2442 4653 2609 4723 igitur
2649 4667 2711 4709 ea
2740 4661 2822 4707 est
2855 4652 3228 4723 exspectatio?
3264 4652 3487 4722 quinam

306 4810 448 4881 ῗγρ.
482 4808 671 4879 κρέας.
747 4815 768 4845 ⁸
797 4812 984 4869 Matth.
1010 4830 1085 4881 ιι,
1121 4814 1299 4879 18,19.
1378 4819 1398 4850 ³
1422 4818 1555 4873 Luc.
1582 4831 1732 4876 ntv.
1762 4819 1795 4872 4

1926 4817 1947 4846 ⁸
1975 4812 2134 4868 Joan.
2158 4809 2317 4876 “1,!
2345 4825 2463 4880 sqq.
2543 4812 2564 4843 ⁸
2593 4810 2693 4863 lsa.
2729 4826 2823 4873 vn,
2852 4810 2916 4864 {0
2947 4827 3066 4881 sqq.
3146 4810 3167 4840 °
3197 4806 3303 4863 lsa.
3339 4824 3483 4877 var,

230 4878 387 4932 6-10.

305 5032 423 5102 (55)
461 5026 682 5085 Ἦλθεν
720 5030 993 5097 Ἰωάννης
1017 5032 1113 5102 per
1164 5030 1300 5095 ὀδῷ.
1345 5029 1470 5086 Βιεο
1531 5031 1696 5086 verba
1752 5033 1810 5102 ὲν

234 5102 348 5171 ὁδῳ
374 5101 740 5171 δικαιοσύνης,
777 5104 856 5155 vel
901 5104 970 5156 ab
1014 5101 1316 5171 Epiphanio
1364 5105 1589 5168 inserta,
1619 5102 1702 5156 vel
1746 5101 1803 5155 li-

236 5172 552 5225 brariorum
584 5173 715 5227 vitio
739 5172 947 5226 intrusa
975 5182 1122 5226 sunt.

315 5243 432 5313 (56)
468 5240 770 5313 Παρθένος
792 5240 860 5313 δὲ
880 5243 951 5313 οὐ
973 5237 1437 5313 καλεῖται-,νῶθ’
1451 5240 1673 5313 omnino
1694 5257 1814 5313 quae

238 5308 460 5370 erudite
505 5308 573 5364 ad
621 5311 770 5364 illum
818 5309 967 5364 Isaia;
1016 5312 1195 5364 locum
1245 5309 1467 5364 disserit
1496 5308 1724 5365 llieron.’
1749 5310 1815 5365 de

240 5411 380 5450 voce
408 5377 662 5455 .‘m'TJJu
690 5406 796 5460 qua
822 5390 1145 5444 calumniari
1171 5389 1343 5445 Judaei
1392 5390 1587 5445 solent.
1621 5389 1725 5444 Sed
1761 5400 1814 5445 et

240 5465 487 5519 Basilius
520 5462 587 5515 ad
624 5458 1399 5531 vn'Isa._eodemrargumento
1432 5460 1693 5531 adversus
1717 5460 1839 5531 ,ιιι--

240 5535 393 5587 dicos
430 5534 623 5595 utitur,
657 5545 764 5598 quo
810 5528 1470 5600 Epiphanrius'Ebionitas
1514 5530 1813 5600 redarguit.

240 5603 430 5669 Quod,
467 5601 573 5654 nisi
606 5598 1193 5669 parituram’virginem
1228 5600 1486 5669 propheta
1520 5598 1819 5669 signiﬁcas-

242 5668 352 5739 set,
387 5673 598 5727 frustra
627 5677 884 5737 tanquam
930 5668 1141 5738 signum
1196 5668 1326 5723 illud
1377 5668 1553 5738 ipsum
1578 5670 1689 5739 regi
1725 5668 1817 5722 de-

1918 5035 2245 5091 nuntiasset.

1991 5105 2103 5175 (55)
2128 5106 2255 5175 ,Ὧς
2284 5105 2380 5158 καὶ
2402 5105 2582 5175 αρτὸς
2615 5104 2872 5175 Ἡσαΐας.
2910 5102 3069 5175 llunc
3105 5101 3256 5157 [sane
3287 5101 3486 5169 locum,

1919 5173 2079 5242 quem
2106 5174 2173 5228 de
2200 5174 2402 5229 Christi
2435 5173 2646 5228 Domini
2681 5174 3051 5242 generatione,
3081 5187 3147 5227 ac
3199 5188 3487 5229 sacrosanv

1920 5252 2020 5298 ctua
2072 5242 2312 5313 Virginis
2358 5252 2514 5313 partu
2563 5242 2808 5312 intelligit
2871 5243 3247 5313 Epiphanius,
3282 5242 3492 5313 Patres

1923 5312 2230 5374 omnes.ad
2277 5311 2576 5381 spiritalem
2629 5311 2885 5367 Ecclesia:
2918 5311 3159 5383 partum
3210 5311 3491 5383 referunt;

1924 5384 2044 5452 (μιεὲ
2073 5384 2191 5437 sine
2224 5384 2335 5438 ullo
2364 5384 2569 5445 dolore,
2603 5398 2739 5451 pene
2770 5381 3043 5451 momento
3076 5382 3317 5438 inﬁnitos
3340 5381 3497 5437 Chri-

1924 5462 2010 5522 sto
2041 5453 2178 5507 ﬁlios
2214 5454 2439 5521 peperit,
2475 5459 2721 5521 paritque
2748 5454 3012 5522 quotidie.
3042 5454 3116 5505 lta
3145 5452 3203 5504 Ι).
3240 5452 3436 5522 Hieron
3477 5492 3485 5501 .

1925 5520 2321 5581 'l‘heodoretns,
2351 5520 2605 5593 Cyrillus,
2638 5520 2835 5579 Euseb.
2864 5526 2933 5558 "'~
2987 5541 3001 5555 η
3050 5522 3222 5557 rent.
3283 5521 3357 5547 νυ.
3440 5538 3443 5541 .

1925 5607 2045 5661 cap.
2076 5593 2133 5658 4,
2158 5594 2355 5662 aliique
2389 5594 2717 5663 complures.
