3946 6074
1358 156 1415 165 η..

434 239 539 295 650

1851 257 1908 313 S.
1952 258 2288 315 EPIPHANII

3587 261 3703 321 ιιο

438 359 487 413 bi
523 358 638 424 lilii,
669 359 775 416 nisi
813 364 958 433 quod
990 367 1124 421 citra
1175 372 1511 439 parturiendi
1559 372 1799 427 laborem
1840 372 2007 446 Virgo

2131 394 2259 441 νος.
2290 376 2424 430 Ποία
2449 377 2503 429 δὲ
2541 377 2857 450 προσδοκία,
2888 378 2981 430 καὶ
3021 380 3149 433 ποῖα
3179 376 3383 433 παιδία.
3412 378 3527 430 ἀλλ’
3567 379 3600 449 ἢ
3633 378 3704 432 τὸ

437 451 728 521 pepererit,
758 455 903 524 quod
956 473 1224 528 nusquam
1259 469 1416 517 antea
1461 464 1804 537 contigerat?
1832 468 2007 537 quotl-

436 542 609 611 queis
632 544 724 614 qui
755 544 903 603 illius
931 556 1013 603 est
1036 564 1202 605 causa
1230 552 1553 622 productus,
1575 554 1816 612 Joannes
1835 574 1900 613 ex
1928 559 2012 613 di-

442 633 564 687 vina
623 634 989 703 promissione
1025 637 1342 698 Elizabetba
1393 652 1691 716 prognatus
1739 647 1831 711 sit,
1885 648 2012 703 licet

442 722 592 775 illum
614 731 903 794 antequam
928 740 1145 796 pareret
1174 740 1349 787 mater
1378 734 1735 804 parturierit?
1765 734 2011 801 Quanam

440 826 568 881 ergo
590 810 768 869 fronte
790 814 997 871 nudum
1030 819 1304 877 hominem
1344 823 1513 879 fuisse
1544 823 1879 881 Salvatorem
1912 843 2013 880 au-

441 900 576 956 dent
601 908 885 962 asserere?
908 910 1055 978 quod
1096 912 1142 968 si
1175 929 1362 969 verum
1402 923 1568 981 esset,
1614 931 1796 975 nonne
1823 919 2012 987 cogni-

444 992 592 1048 tione
616 998 1006 1066 comprehendi
1035 1012 1239 1070 posset,
1280 1014 1471 1060 contra
1497 1021 1659 1076 quam
1691 1007 1760 1063 de
1792 1023 1858 1063 eo
1890 1007 2016 1063 Hie-

444 1084 643 1141 remias
677 1092 940 1144 testetur?
963 1091 1156 1160 Homo,
1182 1096 1377 1166 inquit,
1402 1106 1499 1162 est,
1529 1107 1579 1152 et
1606 1100 1722 1169 quis
1746 1108 2015 1171 cognoscet

442 1174 610 1241 ipsum
642 1176 659 1208 ¹
682 1175 933 1236 iEtenim
964 1182 1032 1237 de
1058 1197 1123 1237 eo
1147 1184 1375 1255 loquens
1397 1186 1661 1256 propheta
1694 1188 1840 1243 istud
1863 1203 2018 1244 usur-

400 1268 405 1277 ’
444 1274 577 1335 pat:
612 1267 744 1335 Quis
774 1283 1045 1343 cognoscet
1067 1276 1276 1343 ipsum?
1309 1274 1473 1347 Atqui
1513 1278 1811 1348 simplicem
1839 1279 1885 1335 si
1915 1281 2016 1333 ho-

444 1361 646 1415 minem
693 1360 978 1434 intelligat,
1008 1365 1234 1421 omnino
1278 1367 1362 1421 vel
1391 1383 1515 1423 eum
1556 1376 1711 1438 pater
1754 1369 1891 1440 ipse,
1934 1370 2017 1424 vel

444 1458 643 1516 mater,
671 1455 998 1526 cognatique
1024 1469 1239 1523 omnes,
1276 1473 1341 1515 ac
1372 1459 1558 1527 vicini,
1583 1468 1697 1515 tum
1727 1462 2021 1517 contuber-

396 1572 404 1581 -
443 1543 596 1599 nales
628 1558 694 1599 ac
718 1545 867 1602 cives
897 1558 1312 1620 cognoscerent.

511 1633 631 1689 1am
668 1650 797 1692 vero
830 1641 1088 1709 quoniam
1125 1640 1202 1695 ita
1247 1640 1430 1699 Maria:
1461 1643 1552 1699 ille
1600 1644 1741 1703 fetus
1785 1645 2019 1707 exstitit,

2112 466 2386 538 Παρθένον
2417 468 2672 538 γεννῆσαι
2711 469 2839 523 ἄνευ
2882 467 3108 529 ὠδίνων,
3152 468 3291 540 ὅπερ
3336 467 3573 538 οὐδαμοῦ
3603 486 3707 536 γε-

2111 558 2370 626 γένηται;
2407 556 2592 609 καὶτὸ
2618 555 2709 609 τὸν
2748 555 2814 608 δι’
2855 555 3017 609 αὑτὸν
3062 554 3172 608 ἀπὸ
3218 554 3502 608 Ἐλισάϐετ
3552 554 3707 608 κατὰ

2113 647 2448 716 ἐπαγγελίαν
2522 646 2852 716 γεννηθέντα
2917 646 3170 715 Ἰωάννην
3229 645 3428 711 παῖδα,
3490 646 3542 698 ei
3601 647 3705 699 καὶ

2127 738 2378 809 Ἰωάννης
2417 736 2483 790 δι’
2518 737 2722 790 ὠδίνων
2753 735 3110 807 γεγέννηται;
3150 735 3276 800 Πῶς
3316 731 3409 789 οὖν
3454 731 3602 790 οὗτοι
3635 737 3705 788 ὲκ

2116 829 2431 899 σπέρματος
2472 828 2623 898 ψιλὸν
2670 827 2954 899 ἄνθρωπον
2986 825 3262 898 ὁρίζονται
3292 827 3386 881 τὸν
3419 827 3657 898 Σωτῆρα
3683 843 3701 891 ;

2116 920 2234 989 πῶς
2270 921 2326 973 δὲ
2357 921 2417 973 οὐ
2464 918 2856 989 γνωσθήσεται,
2884 918 2959 981 ὡς
2987 918 3081 971 καὶ
3131 917 3400 989 Ἱερεμίας
3435 919 3565 989 περὶ
3598 917 3707 971 αὒ-

2112 1010 2209 1064 τοῦ
2239 1010 2350 1082 (56)
2382 1028 2567 1082 φησιν,
2600 1012 2681 1065 ὅτι
2726 1012 3068 1078 Ἄνθρωπός
3107 1011 3260 1077 ἐστι,
3292 1009 3390 1064 καὶ
3419 1011 3514 1078 τίς
3549 1009 3712 1081 τεὼ-

2116 1116 2286 1156 σεται
2322 1103 2544 1168 αὐτόν;
2596 1103 2964 1174 Διηγούμενος
2997 1102 3106 1174 γὰρ
3158 1103 3187 1154 ὁ
3239 1103 3526 1174 προφήτης
3568 1103 3711 1174 περὶ

2117 1193 2283 1247 αὐτοῦ
2318 1193 2499 1261 ἔλεγε·
2539 1194 2633 1259 Τίς
2678 1192 2963 1263 γνώσεται
3009 1194 3229 1258 αὐτόν;
3266 1193 3329 1246 Ei
3354 1192 3412 1246 δὲ
3449 1194 3582 1265 περὶ
3608 1193 3710 1264 ψι-

2118 1283 2209 1337 λοῦ
2243 1284 2427 1353 ἔλεγεν
2468 1281 2778 1354 ἀνθρώπου,
2808 1284 3023 1348 πάντως
3070 1283 3138 1337 ἂν
3171 1284 3263 1338 καὶ
3306 1286 3335 1339 ὁ
3369 1284 3556 1356 πατὴρ
3598 1284 3713 1338 αὐ-

2118 1376 2207 1430 τὸν
2241 1375 2524 1444 ἐγίνωσκε,
2556 1376 2649 1429 καλ⁸
2677 1375 2710 1444 ὴ
2756 1376 2960 1448 μήτηρ,
2992 1378 3275 1444 συγγενεῖς
3305 1393 3364 1430 τε
3395 1376 3490 1430 καὶ
3521 1375 3713 1444 γείτο-

2118 1483 2228 1529 νες,
2267 1464 2525 1536 σύσκηνοι
2553 1481 2610 1518 τε
2643 1465 2738 1519 καὶ
2764 1460 3109 1536 συμπόλίται.

2206 1642 2342 1697 Ἀλλ’
2385 1642 2575 1715 ἐπειδὴ
2618 1643 2682 1696 ὲκ
2736 1641 2955 1713 Μαρίας
3010 1641 3110 1713 μέν
3159 1642 3277 1695 ἐστι
3318 1639 3381 1694 τὸ
3432 1638 3710 1710 γέννημα,

444 1728 585 1783 idem
622 1736 683 1784 ut
705 1727 800 1785 Dei
828 1727 1067 1787 Verbum
1095 1746 1126 1788 e
1154 1733 1293 1789 caelo
1327 1734 1591 1806 prodierit
1620 1754 1633 1790 :
1670 1752 1847 1807 neque
1875 1737 2020 1792 virili

2131 1735 2329 1790 Ξνωθεν
2360 1735 2416 1789 δὲ
2447 1731 2609 1806 ἦλθεν
2646 1736 2675 1788 ό
2715 1734 2848 1797 Θεὸς
2878 1734 3073 1802 Λόγος,
3103 1734 3203 1787 οὐκ
3230 1733 3337 1787 ἀπὸ
3389 1731 3714 1809 σπέρματος

442 1819 511 1874 de
536 1819 764 1883 semine,
806 1820 902 1877 sed
938 1821 1148 1878 ccelesti
1182 1831 1335 1894 patre
1362 1825 1604 1893 genitus,
1633 1827 1753 1883 sine
1780 1835 2022 1898 tempore

447 1910 713 1982 initioque
746 1913 879 1979 ullo,
919 1915 1212 1984 postremis
1244 1918 1582 1987 temporibus
1611 1917 1664 1973 in
1698 1925 1911 1973 uterum
1940 1919 2023 1973 in—

446 2004 669 2060 sinuare
702 2020 761 2061 se
791 2002 1049 2077 Virginis,
1083 2006 1478 2079 {armatamque
1503 2024 1568 2065 ex
1598 2024 1663 2065 ea
1688 2024 1908 2065 carnem
1949 2009 2026 2063 in-

445 2095 615 2153 duere
644 2096 855 2153 voluit:
892 2106 1202 2169 propterea,
1238 2098 1412 2155 Homo
1439 2101 1649 2171 quidem
1669 2110 1767 2167 est,
1803 2102 1899 2167 ait,
1933 2101 2025 2157 sed

443 2187 563 2256 quis
605 2197 877 2258 cognoscet
913 2189 1124 2256 ipsum?
1150 2191 1590 2263 quandoquidem
1634 2191 1777 2249 Deus
1805 2209 1837 2248 c
1884 2195 2026 2250 caelo

442 2273 748 2340 descendit,
803 2276 1038 2348 unigena
1066 2276 1260 2344 Filius,
1308 2294 1373 2335 ac
1424 2279 1567 2338 Deus
1612 2280 1875 2337 Verbum.
1920 2271 2026 2338 Sed

444 2363 783 2421 incredibilis
807 2366 1058 2438 quadam
1084 2375 1169 2424 est
1195 2369 1566 2426 aberrantium
1590 2386 1621 2426 a
1645 2372 1874 2428 veritate
1895 2373 2030 2427 isto-

445 2470 568 2512 rum
616 2456 935 2523 infelicitas,
991 2461 1087 2529 qui
1138 2461 1552 2530 prophetarum,
1599 2464 2029 2533 angelorumque

446 2548 779 2606 testimoniis
802 2549 1008 2606 relictis
1047 2550 1113 2605 ad
1138 2551 1454 2606 haereticum
1478 2550 1741 2609 Ebionem
1783 2553 2031 2608 adhaere-

446 2655 604 2697 scere
626 2640 961 2706 maluerunt,
989 2641 1084 2712 qui
1118 2656 1185 2698 ex
1218 2642 1405 2725 animi‘
1434 2643 1520 2700 sui
1548 2643 1773 2700 libidine
1800 2642 2029 2699 Iudaica

447 2733 703 2790 instituta
731 2733 1051 2804 complexus
1080 2749 1204 2791 sese
1236 2742 1419 2792 tamen
1453 2750 1484 2789 a
1516 2734 1719 2793 Iudaeis
1742 2737 2028 2792 abaliena-

448 2823 545 2878 vit.
578 2822 792 2893 Quippe
820 2822 1041 2895 Gabriel
1070 2838 1194 2879 cum
1244 2824 1499 2878 nuntium
1539 2838 1698 2880 suum
1732 2825 1802 2879 ad
1849 2822 2032 2893 Virgi-

449 2928 572 2970 nem
590 2911 880 2984 perierret,
905 2923 1230 2969 occurrente
1268 2913 1359 2975 illa
1394 2932 1407 2969 :
1438 2913 1714 2983 Quomodo
1743 2915 1833 2985 fiet
1862 2913 2027 2979 istud,

446 3005 697 3075 quoniam
727 3003 894 3057 virum
921 3018 1023 3057 non
1051 3018 1302 3072 cognosco
1327 3004 1353 3059 ?
1376 3016 1486 3074 quo
1520 3002 1803 3060 securitati
1832 3018 2031 3059 consu-

448 3096 585 3152 leret
621 3093 823 3165 adjecit
856 3112 870 3150 :
907 3093 1142 3165 Spiritus
1181 3094 1397 3151 Domini
1430 3098 1753 3165 superveniet
1791 3097 1846 3150 in
1879 3105 1947 3161 te,
1979 3105 2028 3150 et

448 3188 617 3242 virtus
649 3185 919 3241 Altissimi
953 3184 1287 3241 obumbrabit
1323 3196 1372 3241 te
1402 3203 1419 3241 :
1447 3186 1663 3259 ideoque
1693 3187 1904 3259 etquod
1935 3204 2032 3243 na—

448 3285 626 3332 scetur
669 3293 735 3333 ea:
767 3286 816 3332 te
851 3285 1114 3343 sanctum,
1165 3278 1441 3333 vocabitur
1481 3277 1661 3333 Filius
1718 3278 1811 3333 Dei
1844 3282 1886 3335 '.
1927 3278 2031 3335 Ubi

455 3385 553 3440 per
590 3369 706 3425 haec
731 3368 922 3435 verba,
968 3366 1126 3441 155
1165 3368 1305 3439 quod
1335 3378 1602 3431 nascetur,
1652 3368 1721 3424 ab
1765 3362 1884 3440 ipsa
1911 3383 2034 3424 car-

452 3475 602 3525 nem,
634 3468 690 3516 et
742 3459 1012 3532 quidquid
1068 3460 1136 3515 ad
1179 3461 1471 3514 humanam
1529 3468 1785 3516 naturam
1839 3463 2033 3516 attinet

450 3552 677 3610 duxisse
701 3552 976 3623 signiﬁcat
1004 3571 1017 3607 :
1057 3562 1170 3607 tum
1201 3553 1457 3608 virtutem
1498 3551 1784 3620 Altissimi,
1814 3569 1877 3609 ac
1909 3554 2034 3625 Spi-

450 3646 621 3699 ritum
666 3649 919 3698 sanctum
966 3657 997 3698 e
1048 3644 1189 3699 cmlo
1227 3651 1472 3700 sanctam
1507 3642 1786 3716 Virginem
1833 3632 2032 3700 obum-

454 3738 681 3801 brasse;
714 3734 1117 3805 unigenamque
1152 3733 1245 3790 Dei
1278 3733 1473 3789 Filium
1514 3750 1577 3790 ac
1600 3735 1766 3792 Deum
1794 3734 2029 3793 Verbum

454 3828 511 3884 in
541 3835 719 3884 terras
761 3826 1068 3899 delapsum,
1106 3826 1379 3883 hominem
1427 3842 1551 3885 esse
1597 3827 1824 3895 factum,
1860 3843 1925 3884 ac
1965 3829 2033 3884 de

450 3919 610 3975 beata
639 3916 863 3990 Virgine
890 3933 1081 3975 revera
1105 3926 1473 3991 procreatum.
1502 3919 1674 3986 Quam
1703 3920 1872 3974 multa
1904 3928 2033 3976 sunt

452 4010 768 4068 istiusmodi
813 4012 1163 4068 testimonia!
1222 4010 1335 4083 Ego
1391 4026 1520 4068 vero
1572 4012 2031 4083 quemadmodum

451 4103 729 4176 pollicitus
752 4118 897 4170 sum,
931 4118 1000 4159 ne
1032 4103 1245 4174 longior
1286 4102 1389 4158 hoc
1423 4103 1478 4157 in
1511 4117 1675 4173 opere
1703 4118 1826 4159 esse
1847 4118 2029 4174 COgar,

453 4196 618 4253 latius
643 4194 863 4266 evagari
900 4208 1010 4269 non
1036 4192 1206 4250 soleo.

521 4286 668 4344 XXI.
708 4286 885 4345 Venio
910 4301 1059 4342 nunc
1098 4285 1167 4340 ad
1197 4299 1261 4341 ea
1289 4300 1412 4355 quae
1442 4283 1511 4340 de
1535 4281 1698 4339 Petro
1722 4298 1786 4339 ac
1821 4284 2033 4339 caeteris

2124 1827 2335 1899 ἀνδρὸς,
2385 1825 2499 1879 ἀλλ’
2550 1827 2614 1878 ἐκ
2667 1823 2873 1896 πατρὸς
2917 1824 3039 1895 μὲν,
3075 1822 3280 1879 ἄνωθεν
3331 1820 3612 1893 γεννηθεὶς
3648 1822 3714 1873 ἐν

2124 1917 2354 1989 ἀληθείᾳ
2382 1917 2626 1989 ἀχρένως
2660 1916 2754 1970 καὶ
2783 1916 3054 2005 ἀνάρχως,
3094 1916 3181 1967 ἐπ’
3215 1912 3458 1987 ἐσχάτων
3506 1910 3564 1976 δὲ
3596 1909 3714 1963 τῶν

2126 2010 2348 2083 ἡμερῶν
2369 2009 2666 2080 εὐδοκήσας
2693 2009 2750 2060 ἐν
2787 2001 2969 2080 μήτρᾳ
2995 2005 3248 2075 γενέσθαι
3276 2004 3576 2075 Παρθένου,
3612 2001 3717 2056 καὶ

2125 2100 2186 2166 ἐξ
2241 2098 2411 2170 αὐτῆς
2462 2099 2771 2153 ἀναπλάσαι
2818 2100 2898 2162 είς
2950 2098 3141 2151 ἑαυτὸν
3193 2095 3292 2167 τὴν
3348 2096 3549 2165 σάρκα.
3608 2092 3719 2147 Διὰ
3796 2112 3801 2121 ·

2125 2189 2305 2253 τοῦτο,
2342 2189 2497 2259 φησι,
2532 2190 2625 2243 καὶ
2656 2190 2990 2258 Ἀνθρωπος
3013 2189 3128 2258 μέν
3155 2188 3315 2242 ἐστι·
3344 2188 3436 2251 τίς
3466 2184 3535 2238 δὲ
3559 2183 3718 2255 γνοῖ)-

2127 2296 2296 2337 σεται
2333 2279 2553 2344 αὐτόν;
2585 2280 2666 2332 ὃτι
2709 2279 2842 2343 Θεὸς
2880 2278 3086 2333 ἄνωθεν
3111 2273 3294 2349 ἦλθεν,
3334 2278 3364 2329 ὁ
3412 2274 3718 2346 μονογενὴς

2128 2369 2259 2432 Θεὸς
2297 2368 2489 2436 Λόγος.
2525 2366 2702 2439 Πολλὴ
2734 2368 2791 2421 δὲ
2837 2366 3181 2438 ταλαιπωρία
3214 2364 3321 2419 τῶν
3352 2363 3718 2433 πεπλανημὲ-

2128 2458 2398 2529 νωνμτῶν
2437 2457 2879 2527 καταλειψάντων
2925 2457 3024 2527 μὲν
3057 2454 3353 2528 προφητῶν
3401 2453 3715 2525 μαρτυρίας

2130 2552 2225 2605 καὶ
2278 2548 2545 2619 ἀγγέλων,
2596 2548 2691 2602 καὶ
2724 2547 3110 2618 ἀνασχομένων
3174 2544 3425 2609 Ἐὁὶωνος
3476 2543 3570 2598 τοῦ
3604 2558 3716 2596 πε-

2131 2636 2496 2710 πλανημένου,
2530 2635 2623 2689 τοῦ
2656 2635 2755 2707 τὴν
2783 2634 2978 2689 ἑαυτοῦ
3001 2634 3193 2707 ἡδονὴν
3229 2633 3553 2705 βουλομένου
3578 2632 3718 2703 πλη-

2132 2728 2281 2801 ροῦν,
2316 2727 2512 2782 καὶτὰ
2571 2727 2839 2782 Ἰουδαϊκὰ
2874 2726 3415 2801 μεταχειριζομένου,
3462 2726 3556 2779 καὶ
3600 2725 3717 2780 ἀπὸ

2144 2820 2408 2876 Ἰουδαίων
2456 2819 2910 2893 ἠλλοτριωμένου.
2956 2820 3044 2884 Ὠς
3090 2822 3120 2874 ὁ
3164 2819 3261 2891 μὲν
3308 2817 3566 2890 Γασριὴλ,
3618 2818 3717 2872 ὅτε

2131 2918 2197 2987 τῇ
2248 2914 2509 2989 Παρθένῳ
2566 2914 2973 2988 εὐηγγελίζετο,
3022 2915 3193 2986 αὐτῆς
3240 2912 3523 2984 λεγούσης,
3578 2911 3717 2978 Πῶς

2132 3007 2307 3063 ἔσται
2336 3009 2543 3075 ταῦτα,
2581 3008 2672 3063 ὅτι
2701 3007 2890 3077 ἄνδρα
2927 3010 2998 3062 οὐ
3036 3005 3344 3077 τινώσκω;
3373 3006 3433 3060 τὸ
3472 3004 3715 3073 ἀσφαλὲς

2133 3102 2519 3174 ὑποτιθέμενος
2569 3101 2672 3172 ἔφη
2695 3119 2707 3132 ·
2762 3102 3004 3170 Πνεῦμα
3044 3101 3264 3169 Κυρίου
3316 3100 3715 3154 ἐπελεύσεται

2131 3193 2230 3247 ἐπὶ
2278 3196 2372 3256 σε,
2422 3192 2519 3247 καὶ
2571 3193 2823 3263 δύναμις
2867 3195 3161 3262 Ὑψίστου
3201 3190 3542 3248 ἐπισκιάσει
3585 3205 3712 3244 σοι.

2133 3287 2228 3339 Διὸ
2251 3286 2347 3339 καὶ
2384 3284 2449 3338 τὸ
2491 3286 2867 3356 γεννώμενον
2898 3288 2967 3341 ἐκ
3001 3287 3119 3341 σοῦ
3151 3282 3717 3355 ἅγιον-,κληθήσεται

2142 3375 2276 3441 Υἱὸς
2328 3375 2497 3430 Θεοῦ.
2543 3375 2629 3429 Ἐν
2684 3374 2761 3445 τῷ
2809 3376 2917 3447 γὰρ
2965 3377 3139 3429 εἰπεῖν
3190 3375 3258 3429 τὸ
3318 3372 3714 3443 γεννώμενωο,

2133 3466 2301 3531 ἔδειξε
2353 3467 2450 3537 μὲν
2492 3467 2589 3538 τὴν
2641 3468 2820 3539 σάρκα
2869 3468 2964 3522 ἀπ’
3010 3467 3208 3537 αὐτῆς,
3258 3467 3355 3520 καὶ
3399 3466 3500 3537 τὴν
3544 3464 3717 3535 ἄλλην

2133 3556 2565 3628 ὲνανθρώπησιν,
2600 3556 2807 3610 ἄνωθεν
2835 3557 2892 3610 δὲ
2928 3557 3023 3611 ἀπ’
3056 3554 3299 3627 οὐρανῶν
3342 3554 3439 3625 τὴν
3484 3553 3715 3623 δύναμιν

2132 3650 2229 3703 τοῦ
2266 3650 2547 3719 Ὑψίστου,
2600 3649 2785 3704 καὶτὸ
2823 3650 2977 3717 ἅγιον
3006 3647 3232 3717 Πνεῦμα
3279 3644 3600 3699 ὲπισκιάσαι
3642 3645 3713 3714 τῇ

2136 3741 2268 3812 ἁγία
2297 3738 2580 3811 Παρθένῳ,
2612 3739 2706 3791 καὶ
2756 3736 2962 3791 ἄνωθεν
3008 3734 3444 3805 καταϐεϐηκέναι
3478 3732 3567 3786 τὸν
3613 3747 3715 3802 μο-

2133 3830 2322 3900 νογενῆ
2354 3827 2488 3882 Θεοῦ
2522 3826 2654 3880 Θεὸν
2681 3828 2873 3895 Λόγον,
2906 3827 2999 3881 καὶ
3043 3824 3118 3889 ὡς
3162 3821 3572 3895 ἐνηνθρώπησε,
3620 3822 3717 3875 καὶ

2133 3924 2209 3987 ὡς
2235 3923 2328 3975 ἀπ’
2379 3919 2550 3989 αὐτῆς
2596 3920 2656 3972 ὲν
2700 3917 2930 3989 ἀληθεία
2976 3915 3261 3988 ἐγεννήθη.
3313 3915 3460 3968 Πόσα
3492 3913 3550 3967 δὲ
3579 3911 3719 3967 ἄλλα

2136 4013 2253 4067 ἐστὶ
2303 4010 2561 4067 τοιαῦταί
2615 4008 2797 4065 Εῖωθα
2852 4010 2930 4074 δὲ,
2981 4008 3057 4071 ὡς
3105 4006 3446 4077 ὑπεσχόμην,
3497 4003 3573 4073 μὴ
3627 4002 3719 4056 διὰ

2135 4105 2371 4168 πλάτους
2422 4102 2706 4176 φέρεσθαι,
2742 4102 2828 4155 ἵνα
2865 4101 2939 4173 μὴ
2982 4102 3063 4167 είς
3097 4100 3262 4168 ὄγκον
3313 4097 3476 4151 πολὺν
3521 4095 3717 4163 ἀγάγω

2134 4194 2231 4264 τὴν
2260 4192 2657 4265 πραγματείαν.

2208 4290 2338 4342 KA'.
2380 4287 2517 4358 Περὶ
2545 4287 2601 4341 δὲ
2631 4286 2739 4340 τῶν
2779 4285 2953 4340 ἄλλων
3000 4282 3129 4354 ἑξῆς
3166 4282 3517 4354 διηγήσομαι,
3549 4272 3627 4332 ῶν
3653 4294 3715 4331 τε

454 4379 720 4450 apostolis
768 4378 1141 4434 mentiuntur.
1199 4375 1417 4443 Petrus,
1472 4375 1762 4447 inquiunt,
1817 4373 2026 4430 lavabat

2135 4382 2278 4433 κατὰ
2303 4378 2511 4450 Πέτρου
2537 4378 2632 4432 καὶ
2664 4378 2772 4431 τῶν
2807 4376 2984 4431 ἄλλων
3012 4374 3325 4429 ἀποστόλων
3353 4369 3717 4440 καταψεύδον-

453 4467 718 4540 quotidie,
751 4469 1069 4541 priusquam
1106 4467 1291 4524 cibum
1331 4475 1593 4523 sumeret.
1627 4463 1685 4522 In
1716 4480 1827 4537 quo
1854 4465 2032 4520 circu-

454 4562 689 4617 latorum
718 4561 987 4632 ejusmodi
1034 4559 1410 4617 incredibilem
1445 4558 1801 4623 calumniam,
1841 4572 1906 4613 ac
1936 4573 2035 4613 va-

454 4653 736 4711 t‘errimum
772 4655 830 4709 in
861 4668 926 4710 ea
960 4652 1225 4709 tradenda
1260 4650 1552 4722 disciplina
1599 4650 1892 4706 consilium
1947 4647 2030 4703 in-

453 4752 627 4799 tuere.
682 4742 896 4800 Etenim
949 4744 1097 4815 quod
1150 4742 1513 4813 inquinantur
1561 4741 1781 4812 saepius,
1826 4756 1891 4797 ac
1937 4757 2034 4811 per

452 4832 733 4889 lasciviam
759 4833 1017 4905 pleraque
1045 4832 1102 4890 in
1129 4833 1239 4888 vita
1271 4840 1519 4903 peccant,
1551 4846 1662 4904 quo
1688 4831 1792 4888 sibi
1821 4838 2028 4886 certam

453 4937 607 4994 spem
634 4938 699 4981 ac
730 4922 984 4981 ﬁduciam
1016 4923 1329 4989 concilient,
1360 4936 1502 4993 aqua
1533 4921 1740 4993 largius
1773 4922 2023 4986 utuntur,

451 5024 514 5069 ut
543 5014 756 5087 seipsos
794 5013 1092 5087 decipiant,
1124 5013 1254 5070 dum
1278 5012 1527 5085 repetitis
1552 5012 1706 5069 hisce
1733 5012 2025 5068 lavationi-

452 5106 558 5165 bus
588 5124 756 5183 puros
786 5124 851 5166 se
891 5124 1015 5166 esse
1050 5122 1212 5181 posse
1240 5105 1542 5164 conﬁdunt.
1567 5105 1743 5178 Atque
1780 5106 1897 5163 haec
1929 5121 2027 5178 per

528 5263 544 5296 ⁸
578 5261 775 5321 Jerem.
818 5281 954 5334 xvtt,
979 5265 1032 5321 9.
1109 5266 1129 5297 ’
1150 5264 1283 5321 Luc.
1316 5279 1358 5329 ι,
1392 5264 1482 5331 54,
1506 5263 1594 5320 35.

525 5418 638 5493 ('56)
686 5420 795 5493 ﬁo;
821 5421 919 5493 xui
952 5422 1236 5493 Ἱερεμίας
1280 5420 1435 5493 περὶ,
1466 5420 1673 5475 αὑτοῦ.
1714 5417 1913 5493 Neque
1947 5416 2036 5493 hic

458 5489 707 5562 locusad
737 5491 1016 5562 Christum
1050 5489 1270 5561 proprie
1307 5492 1576 5562 pertinet:
1611 5492 1827 5544 tametsi
1866 5489 2032 5562 pleri-

496 5579 562 5618 ne
604 5560 707 5615 PP.
736 5560 805 5615 ad
830 5577 954 5616 eum
986 5558 1208 5617 sensum
1238 5558 1543 5623 traxerint;
1572 5575 1712 5628 quos
1743 5558 2031 5629 reprehen-

496 5580 562 5618 ne
607 5580 707 5615 I’l’.
736 5580 805 5615 an
830 5580 954 5616 eum
986 5580 1208 5617 sensum
1239 5580 1543 5623 traxerint;
1572 5580 1712 5628 quos
1743 5580 2031 5629 reprelien-

452 5580 536 5691 ﬂit
564 5630 945 5706 Hieronymus.
977 5630 1149 5703 Cujus
1172 5631 1395 5703 quidem
1423 5629 1889 5701 interpretationis
1914 5643 2039 5684 cau-

2134 4489 2243 4527 ται.
2282 4472 2429 4533 Ὅτι,
2471 4472 2655 4541 φησιν,
2703 4471 2733 4522 ὁ
2784 4468 2989 4541 Πέτρος
3041 4466 3163 4522 καθ’
3211 4465 3447 4533 ἑκάστην
3501 4461 3716 4532 ἡμέραν

2136 4560 2465 4631 βαπτισμοῖς
2497 4560 2782 4631 ἐκέχρητο,
2820 4558 2949 4628 πρὶν
2990 4556 3024 4629 ἦ
3078 4557 3172 4610 καὶ
3207 4555 3375 4626 ἄρτου
3417 4550 3581 4606 αὐτὸν
3619 4566 3715 4619 με-

2132 4651 2519 4722 ταλαμϐάνειν.
2564 4651 2675 4704 Καὶ
2721 4650 2824 4721 ὅρα
2871 4646 2933 4701 τδ
2964 4646 3144 4701 αὐτῶν
3176 4644 3587 4715 συκοφάντημα,
3619 4640 3718 4695 καὶ

2133 4744 2195 4797 τὺ
2224 4742 2454 4797 ὓπουλον
2475 4742 2575 4811 τῆς
2604 4739 2949 4812 ἀγυρτὼδους
2967 4737 3145 4791 αὐτῶν
3169 4734 3537 4797 διδασκαλίας.
3582 4731 3715 4786 Ἀπὸ

2133 4834 2227 4890 τοῦ
2259 4834 2372 4906 γὰρ
2403 4834 2602 4897 αὐτοὺς
2639 4830 2957 4903 μεμιάνθαι,
2990 4830 3086 4884 καὶ
3112 4828 3486 4899 λαγνεστέρως
3516 4823 3715 4879 πολλά-

2135 4944 2221 4992 κις
2255 4924 2425 4978 πολλὰ
2456 4925 2717 4995 πράττειν
2744 4924 2837 4976 ἐπὶ
2869 4922 2967 4992 τῆς
2995 4922 3119 4993 γῆς,
3163 4922 3243 4984 είς
3276 4917 3579 4988 πεισμονὴν
3613 4914 3715 4986 τῆς

2134 5013 2343 5068 ἑαυτῶν
2369 5013 2741 5085 πληροφορίας
2771 5012 2850 5083 τῷ
2877 5010 3032 5066 ὕδατι
3061 5009 3301 5080 δαψιλῶς
3331 5007 3593 5080 χρῶνται,
3610 5000 3716 5059 ’ἶνα

2132 5104 2291 5178 δῆθεν
2325 5106 2553 5169 ἑαυτοὺς
2580 5105 2925 5176 ἀπατήσωσι,
2964 5102 3052 5157 διὰ
3092 5099 3418 5172 βαπτισμῶν
3447 5097 3591 5168 ἔχειν
3619 5096 3719 5169 τὴν

2134 5430 2249 5469 sam
2279 5412 2459 5466 attulit
2477 5410 2618 5466 LXX
2647 5409 2806 5465 lectio
2862 5426 2874 5462 :
2928 5407 3021 5477 qui
3057 5406 3126 5461 ab
3156 5404 3381 5478 Hebrteo
3407 5416 3457 5462 et
3491 5405 3724 5478 Vulgata

2132 5485 2467 5552 discrepant.
2514 5481 2646 5535 Nam
2684 5476 2957 5533 Hebraica
2993 5492 3096 5531 vox
3132 5476 3274 5575 275:5.
3327 5476 3680 5533 inscrutabile
3710 5518 3728 5544 ,

2128 5592 2243 5717 slive
2274 5588 2596 5711 desperabile
2619 5583 2906 5657 signiﬁcat.
2936 5582 3004 5657 At
3034 5580 3110 5638 illi
3128 5590 3270 5641 W8
3307 5582 3409 5637 hoc
3436 5593 3522 5638 est
3547 5583 3730 5653 homo,

2164 5675 2363 5717 cacrun
2394 5696 2411 5714 .

2164 5675 2411 5733 egerunt.
