3946 6074
247 251 340 306 ιιι

917 259 1290 320 Αῡνειιευδ
1328 245 1672 320 "massas
1710 265 1818 320 LIB

1961 267 2123 322 ΤΟΜ.
2167 269 2312 322 IL—
2354 269 2621 325 ΠΑΕΒΕΞ.
2663 267 2830 324 XXX.

3317 235 3324 240 ’
3393 269 3497 339 iis

248 366 521 436 κάθαρσιν
544 371 876 439 νομίζοντες.
907 376 1017 431 Καὶ
1039 379 1212 433 ταῦτα
1239 383 1318 445 είς
1347 373 1473 446 τοὺς
1499 384 1819 450 ἀποστόλους

1930 403 2196 442 summam
2239 391 2625 444 contumeliam
2658 392 2710 444 in
2746 390 3021 460 apostolos
3065 385 3356 444 transferre
3387 406 3496 446 non

247 460 609 530 ὶμπαροινεῖν
647 465 747 516 οὐκ
797 466 1162 538 αἰσχύνονται.
1222 473 1414 527 Καίτοι
1461 475 1556 528 τοῦ
1615 477 1821 550 Κυρίου

247 550 562 622 ἐλέγχοντος
621 553 800 608 αὐτῶν
835 557 932 628 τὴν
971 563 1360 631 κακοτροπίαν,
1394 565 1452 617 ἐν
1477 563 1554 636 τῷ
1604 567 1694 633 τὸν
1729 567 1826 623 Πέ-

246 657 372 712 τρον
403 643 712 726 εἰρηκέναι,
763 646 851 725 ὅτε
882 642 1013 717 ἦλθε
1057 653 1184 715 τοὺς
1221 654 1388 718 πόδας
1436 655 1600 708 αὐτοῦ
1652 657 1820 725 νίψαι,

245 733 324 784 δτι
359 734 444 786 Οὐ
474 733 563 802 μὴ
594 736 782 806 νίψῃς
816 738 958 805 τοὺς
989 741 1179 808 πόδας
1200 761 1320 813 μου
1355 749 1442 812 εις
1480 747 1586 800 τὸν
1618 745 1822 814 αίῶνα,

247 825 340 878 καὶ
371 826 472 897 τὴν
509 829 892 903 ἀνθυποφοράν
931 834 1037 888 ὑπὸ
1063 835 1155 888 τοῦ
1207 838 1458 909 Σωτῆρος
1488 839 1708 903 ἐξιέναι,
1743 841 1824 893 ὅτι

258 912 393 970 Ἐἆν
413 919 502 988 μὴ
535 922 696 990 νίψω
739 939 856 978 σου
881 926 1028 992 τοὺς
1051 925 1278 995 πόδας,
1307 933 1418 984 οὐκ
1463 933 1622 999 ἔχεις
1642 933 1823 1000 μέρος

241 1011 366 1077 μετ’
407 1011 575 1080 ἐμοῦ.
626 1015 894 1069 Κάκείνου
943 1018 1104 1073 πάλιν
1151 1021 1700 1093 ἀνταποκρινομένου,
1744 1024 1824 1074 ὅτι

249 1104 332 1155 οὐ
357 1104 553 1171 μόνον
601 1106 744 1173 τοὺς
785 1108 996 1176 πόδας,
1037 1112 1197 1166 ἀλλὰ
1236 1113 1333 1166 καὶ
1382 1113 1495 1181 τὴν
1525 1112 1820 1182 κεφαλὴν,

247 1194 409 1263 φησὶν
469 1194 498 1246 ὁ
554 1195 790 1267 Κύριος,
844 1199 926 1252 ὅτι
986 1200 1048 1254 '0
1106 1201 1485 1272 λουσάμενος
1541 1203 1702 1266 ἅπαξ
1751 1205 1824 1257 οὐ

245 1284 454 1352 χρείαν
485 1286 608 1354 ἔχει
640 1288 757 1357 τὴν
789 1292 1086 1359 κεφαλὴν,
1112 1295 1162 1346 εί
1197 1293 1283 1363 μὴ
1310 1295 1451 1361 τοὺς
1489 1295 1678 1361 πόδας
1712 1297 1822 1364 μό-

243 1390 356 1426 νον
382 1391 397 1405 ·
438 1374 572 1429 ἐστι
611 1377 723 1445 γὰρ
773 1380 1033 1448 καθαρὸς
1079 1382 1243 1448 ὅλος.
1309 1382 1549 1448 Ἐδειξεν
1591 1380 1705 1449 οὖν,
1740 1385 1824 1439 ὅτι

243 1461 302 1512 οὐ
332 1460 440 1532 χρὴ
491 1461 820 1536 βαπτισμοῖς
851 1468 1106 1539 χρῆσθαι,
1148 1469 1242 1524 καὶ
1278 1469 1458 1525 ἔθεσιν
1494 1473 1820 1542 ἀνωφελέσι,

243 1553 337 1605 καὶ
391 1553 724 1627 ὲντάλμασιν
779 1558 1102 1629 ἀνθρώπων,
1157 1563 1253 1616 καὶ
1302 1562 1692 1631 διδασκαλίαις,
1747 1564 1824 1628 ὡς

243 1643 337 1696 καὶ
361 1644 422 1697 ὲν
450 1645 623 1718 ἑτέρῳ
648 1649 964 1720 Εὐαγγελίῳ
1001 1651 1211 1722 συνῳδά
1249 1653 1326 1724 τῷ
1354 1657 1608 1727 προφήτῃ
1639 1655 1817 1725 λέγει·

253 1733 316 1788 ⁸0
340 1735 494 1802 λαὸς
520 1733 700 1804 οὗτος
731 1739 854 1806 τοῖς
884 1742 1120 1810 χείλεσι
1144 1761 1222 1812 με
1246 1744 1402 1814 τιμᾷ,
1438 1747 1476 1814 ἠ
1506 1747 1575 1800 δὲ
1602 1749 1817 1816 καρδία
1852 1729 1892 1784 Β

240 1824 443 1878 αὐτῶν
489 1829 684 1896 πόίρω
717 1830 926 1900 ἀπέχει
976 1833 1077 1886 ἀπ’
1123 1835 1289 1903 ἐμοῦ.
1347 1836 1554 1904 Μάτην
1593 1837 1660 1892 δὲ
1713 1839 1814 1893 σέ-

241 1915 449 1988 ϐονταί
473 1934 572 1985 με,
599 1918 992 1988 διδάσκοντες
1021 1922 1439 1991 διδασκαλίας,
1475 1927 1816 1996 ἐντάλματα

239 2006 586 2074 ἀνθρώπιον.
678 2010 830 2064 Ἐπιὶ
887 2013 1030 2067 κατὰ
1090 2016 1246 2068 πδίαν
1303 2017 1480 2070 αἰτίαν
1540 2018 1816 2087 ἐμέμφετο

237 2097 368 2159 τοὺς
405 2097 732 2168 Φαρισαίους
777 2102 866 2154 καὶ
915 2108 1265 2175 γραμματεῖς
1318 2107 1442 2170 τοὺς
1489 2107 1815 2178 βαπτισμοῖς

239 2187 556 2256 χρωμένους
601 2190 800 2255 ξεστων
851 2196 946 2248 ναὶ
996 2195 1269 2267 ποτηρίων
1325 2201 1417 2252 καὶ
1457 2199 1566 2252 τῶν
1615 2200 1814 2264 ἄλλων,

238 2277 333 2328 καὶ
385 2281 579 2350 πυγμῇ
631 2281 730 2344 τὰς
781 2285 970 2355 χεῖρας
1014 2287 1402 2356 νιπτομένους,
1458 2289 1549 2341 καὶ
1599 2288 1818 2353 τελείως

237 2368 619 2437 ἀποφαίνεται,
672 2373 754 2426 ὅτι
798 2375 858 2428 τὸ
902 2376 1198 2442 Ἀνίπτοις
1243 2380 1455 2446 χερσὶν
1483 2380 1709 2433 ἐσθίειν
1745 2383 1816 2434 οὐ

239 2459 440 2513 κοινοῖ
469 2461 577 2514 τὸν
617 2462 969 2532 ἇνθρωπον;
1007 2467 1171 2520 Ὥστε
1216 2470 1276 2521 οὐ
1335 2469 1494 2540 μόνον
1530 2469 1590 2521 τὸ
1624 2469 1817 2539 βαπτί-

1930 479 2278 533 erubescunt.
2340 477 2660 549 Quanquam
2726 479 2985 534 Dominus
3037 481 3248 534 illorum
3307 483 3496 550 nequi-

1929 569 2060 623 tiam
2091 568 2378 625 manifeste.
2428 571 2726 642 redarguit,
2777 586 2900 626 cum
2933 571 2997 624 ad
3043 570 3186 626 Petri
3236 573 3498 627 lavandos

1927 662 2091 730 pedes
2121 658 2408 724 accedens,
2444 674 2510 714 eo
2545 661 2759 716 dicente
2787 680 2799 715 :
2829 661 2949 714 Non
2975 661 3170 716 lavabis
3189 663 3318 715 milli
3344 663 3495 730 pedes

1925 752 1979 803 in
2011 761 2283 812 a'ternum,
2334 750 2564 820 subjecit
2595 752 2740 805 illico
2768 770 2781 805 :
2819 751 2941 806 Nisi
2971 754 3142 806 lavero
3170 753 3320 820 pedes
3357 762 3494 817 tuos,

1931 858 2032 895 non
2068 841 2280 895 habebis
2309 853 2514 911 partem
2538 859 2736 896 mecum
2765 845 2802 896 '.
2840 844 2926 897 Ad
2943 860 3062 913 qua:
3081 843 3242 899 Petro
3265 860 3496 914 respon-

1928 933 2131 988 dente:
2171 933 2292 987 Non
2325 935 2494 988 solun:
2539 935 2713 1004 pedes,
2763 937 2852 989 sed
2897 947 2945 989 et
3003 947 3199 1005 caput;
3233 938 3494 992 Dominus

1925 1024 2125 1093 adjecit
2157 1044 2170 1079 :
2207 1025 2311 1092 Qui
2346 1027 2482 1080 lotus
2512 1036 2590 1080 est
2619 1028 2796 1090 semel,
2832 1044 2933 1080 non
2967 1043 3094 1095 opus
3120 1038 3219 1093 est,
3253 1039 3307 1081 ut
3339 1037 3495 1096 caput

1928 1114 2085 1178 lavet,
2120 1115 2210 1168 sed
2246 1115 2396 1184 pedes
2425 1115 2724 1169 duntaxat:
2757 1118 2991 1172 estenim
3040 1119 3265 1172 mundus
3290 1128 3429 1172 totus
3451 1122 3491 1167 ².

1927 1204 2136 1271 Quibus
2173 1206 2355 1262 verbis
2381 1205 2676 1261 declaravit
2713 1208 3074 1263 lavationibus
3099 1209 3391 1279 ejusmodi,
3433 1224 3496 1262 ac

1925 1298 2347 1368 supervacaneis
2408 1299 2622 1364 ritibus,
2664 1299 3054 1370 hominumque
3100 1301 3372 1354 mandatis
3433 1314 3496 1354 ac

1924 1387 2192 1444 doctrinis
2229 1390 2304 1443 uti
2339 1389 2474 1444 nihil
2516 1391 2767 1445 attinere.
2807 1390 2906 1445 Cui
2943 1392 3158 1461 quidem
3203 1400 3495 1447 consenta-

1924 1493 2023 1533 nea
2047 1487 2197 1545 suut,
2231 1494 2350 1552 quae
2377 1494 2404 1533 a
2431 1480 2664 1550 quodam
2689 1483 2950 1551 propheta
2977 1483 3235 1536 dicuntur
3270 1502 3283 1537 :
3319 1481 3496 1549 Popu-

1925 1571 2008 1626 lus
2034 1572 2132 1625 iste
2162 1571 2320 1626 labiis
2360 1588 2442 1626 me
2469 1573 2714 1637 honorat,
2751 1590 2842 1627 cor
2867 1584 3043 1628 autem
3085 1575 3318 1641 ipsorum
3349 1573 3499 1642 longe

1922 1671 2000 1715 est
2033 1677 2206 1726 ante;
2237 1661 2444 1731 frustra
2483 1678 2601 1717 vero
2643 1664 2822 1718 colunt
2867 1681 2966 1726 me,
3014 1667 3255 1719 docentes
3301 1665 3499 1718 doctri-

1923 1769 2042 1816 nas,
2090 1754 2346 1806 mandata
2403 1752 2672 1807 hominum
2722 1755 2765 1807 ³.
2820 1752 2963 1819 Quid
3009 1762 3094 1809 est
3147 1756 3292 1810 enim
3354 1754 3498 1823 quod

1924 1841 2234 1896 Pharisreos
2283 1857 2346 1896 ac
2399 1842 2610 1898 scribas
2667 1844 2964 1914 arguebat,
3005 1845 3149 1914 quod
3200 1845 3500 1914 baptismos

1923 1933 2246 1990 adhiberent
2279 1951 2566 1991 urceorum
2613 1943 2668 1992 et
2699 1936 2952 2002 calicum,
2987 1951 3050 1990 ac
3097 1945 3412 1990 cmterorum
3447 1934 3499 1989 id

1922 2041 2092 2095 genus
2131 2027 2178 2092 ⁸,
2207 2035 2262 2082 et
2303 2027 2498 2083 crebro
2526 2041 2723 2082 manus
2762 2028 3088 2082 abluerent?
3116 2043 3237 2081 cum
3285 2031 3359 2081 ita
3410 2026 3503 2082 de-

1924 2132 2070 2171 mum
2104 2119 2466 2187 pronuntiat:
2505 2117 2682 2172 Illotis
2735 2117 2976 2172 manibus
3017 2118 3336 2172 manducare
3396 2134 3499 2171 non

1924 2207 2201 2276 inquinare
2225 2207 2484 2263 hominem
2513 2210 2556 2262 ⁸.
2611 2206 2792 2271 Quare
2830 2222 2938 2261 non
2975 2222 3163 2261 eorum
3213 2207 3375 2260 modo
3421 2207 3501 2260 lo-

1924 2295 2101 2349 tiones
2126 2295 2422 2359 damnavit,
2457 2295 2616 2366 156
2645 2295 2739 2350 sed
2788 2304 2841 2350 et
2891 2309 3087 2349 manus
3137 2294 3359 2347 abluere
3401 2308 3496 2346 su-

1921 2401 2318 2457 pervacaneum
2365 2402 2488 2443 esse
2529 2387 2736 2452 docuit,
2781 2401 2958 2456 neque
3019 2385 3193 2439 fraudi
3244 2384 3497 2453 cuiquam

1921 2490 2064 2540 esse,
2102 2475 2246 2546 quod
2276 2491 2472 2532 manus
2505 2476 2640 2530 nolit
2673 2476 2882 2531 eluere.

239 2549 428 2615 ζεσθαι
464 2553 668 2608 τούτων
697 2557 1014 2627 ἀνέτρεψεν,
1047 2559 1183 2613 ἀλλὰ
1220 2561 1313 2614 καὶ
1367 2561 1430 2614 τὸ
1488 2561 1636 2630 νίψαι
1670 2565 1858 2634 χεῖρας
1895 2567 2148 2637 περιττὸν
2195 2563 2332 2620 εἶναι
2379 2567 2576 2633 ἔδειξε,
2620 2570 2715 2621 καὶ
2762 2567 2840 2638 τῷ
2885 2566 3192 2638 βουλομένῳ
3237 2565 3338 2626 τὰς
3385 2564 3502 2633 χεῖ·-

241 2663 343 2715 ρας
378 2647 790 2712 (57)·ιῑπτεσθαι
824 2652 898 2724 μὴ
929 2649 1068 2706 εἶναι
1101 2654 1326 2725 βλάΰην.

310 2738 438 2793 KB'.
482 2740 605 2805 Πῶς
643 2743 698 2796 δὲ
729 2747 854 2813 περὶ
903 2749 1254 2818 κρεωφαγίας
1296 2750 1394 2803 οὐκ
1446 2751 1606 2816 εὐθὺς
1648 2755 1680 2823 ἡ
1717 2754 1815 2805 αὑ-

237 2828 346 2880 τῶν
389 2829 546 2886 ἄνοια
588 2831 1010 2906 ὲλεγχθήσεται;
1066 2839 1284 2910 Πρῶτον
1337 2840 1436 2911 μὲν
1468 2840 1558 2894 τοῦ
1610 2842 1814 2914 Κυρίου

239 2921 512 2988 ἐσθίοντος
560 2926 620 2980 τὸ
662 2921 846 3000 πάσχα
881 2932 988 2984 τῶν
1048 2933 1346 2988 Ἰουδαίων·
1397 2935 1583 3004 πάσχα
1626 2933 1682 2987 δὲ
1709 2935 1816 2987 τῶν

1987 2751 2152 2809 XXII.
2213 2751 2333 2806 Jam
2388 2753 2532 2823 quod
2588 2754 2656 2808 ad
2721 2769 2880 2808 usum
2944 2753 3190 2808 carnium
3257 2759 3492 2822 spectat,

1919 2856 2100 2897 nonne
2127 2858 2317 2898 eorum
2351 2845 2534 2900 statim
2571 2847 2806 2900 amentia
2842 2844 3223 2914 convincitur?
3257 2843 3494 2899 Primum

1923 2931 2073 3001 quod
2096 2930 2363 2995 Dominus
2396 2931 2706 2990 Judaeorum
2743 2935 2955 3004 pascha
3004 2934 3322 2990 comederit.
3356 2933 3501 2988 Con-

255 3015 528 3072 Ἰουδαίων
572 3020 838 3090 πρόϐατον
887 3018 956 3095 ἦν
1000 3025 1094 3078 καὶ
1125 3025 1330 3096 ἄζυμα,
1359 3027 1497 3097 κρέα.
1544 3025 1816 3096 προϐάτου

1924 3022 2101 3076 stabat
2127 3031 2307 3077 autem
2341 3025 2544 3094 pascha
2578 3025 2891 3080 Judteorum
2941 3042 3099 3095 agno,
3141 3041 3202 3080 ac
3243 3025 3360 3080 sine
3393 3023 3501 3078 fer-

239 3105 383 3160 ὀπτὰ
424 3109 558 3180 πυρὶ
601 3111 908 3182 ἐσθιόμενα,
940 3113 1015 3176 ὡς
1043 3115 1138 3184 καὶ
1163 3117 1213 3168 οἱ
1261 3115 1500 3186 μαθηταὶ
1541 3116 1704 3170 αὑτοῦ
1731 3116 1818 3168 λέ-

237 3214 435 3266 γουσι·
488 3200 612 3254 Ποῦ
659 3200 852 3268 θέλεις
897 3203 1304 3273 ἑτοιμάσωμέν
1349 3222 1447 3259 σοι
1499 3206 1713 3276 φαγεῖν
1751 3207 1818 3261 τὸ

237 3289 484 3358 πάσχα;
519 3293 628 3346 Καὶ
661 3293 823 3358 αὐτὸς
863 3296 892 3347 ὁ
922 3289 1124 3366 Κύριος
1151 3295 1300 3364 λέγει
1319 3313 1330 3326 ⁸
1393 3298 1706 3352 ’Λπέλθετε
1733 3301 1819 3365 είς

238 3382 356 3450 τὴν
392 3385 600 3448 πόλιν,
641 3385 740 3439 καί
767 3387 1053 3454 εὑρήσετε
1094 3388 1406 3457 ἄνθρωπον
1439 3390 1819 3453 βαστάζοντα

237 3463 529 3546 κεράμιον
560 3477 798 3545 ὕδατος,
834 3479 933 3532 καὶ
973 3481 1427 3546 ἀκολουθήσατε
1463 3481 1624 3546 αὐτῷ
1665 3483 1818 3537 ὅπου

240 3567 479 3638 ὑπάγει,
511 3569 609 3622 καὶ
659 3571 864 3624 εἴπατε
909 3569 988 3636 τῷ
1034 3571 1468 3641 οἰκοδεσπότῃ·
1517 3574 1642 3628 Ποῦ
1687 3575 1819 3628 ἐστι

243 3659 309 3714 τὸ
333 3660 670 3730 κατάλυμα,
704 3661 856 3716 ὅπου
887 3663 1120 3731 ποιήσω
1161 3665 1226 3717 τὸ
1266 3665 1475 3732 πάσχα
1506 3665 1656 3732 μετὰ
1701 3663 1820 3718 τῶν

237 3749 523 3820 μαθητῶν
546 3770 666 3820 μου
689 3769 708 3816 ;
733 3753 836 3807 Καὶ
869 3752 1052 3817 δείξει
1078 3753 1220 3822 ὑμῖν
1243 3752 1513 3823 ὑπερῷον
1531 3753 1821 3822 ἐστρωμέ-

240 3859 381 3895 νον·
431 3841 564 3920 έκεῖ
605 3844 975 3913 ἑτοιμάσατε.
1028 3845 1197 3899 Πάλιν
1246 3844 1302 3898 δὲ
1350 3845 1510 3908 αὐτὸς
1551 3848 1579 3898 ὁ
1620 3845 1819 3917 Κύριος

237 3932 424 4000 λέγει·
498 3935 807 4002 Ἐπιθυμίᾳ
856 3934 1207 4004 ἐπεθύμησα
1261 3936 1436 3989 τοῦτο
1500 3934 1565 3988 τὸ
1613 3935 1821 4004 πάσχα

235 4023 454 4093 φαγεῖν
490 4025 619 4093 μεθ’
667 4025 852 4093 ὑμῶν.
892 4027 1002 4079 Καὶ
1047 4027 1146 4081 οὐκ
1195 4023 1344 4080 εἶπεν
1389 4025 1576 4090 ἁπλῶς
1612 4026 1816 4096 πάσχα,

240 4115 381 4167 ἀλλά
411 4114 574 4167 τοῦτο
610 4115 670 4167 τὸ
709 4115 914 4185 πάσχα,
945 4116 1031 4168 ἵνα
1063 4118 1137 4187 μή
1161 4134 1247 4180 τις
1286 4117 1580 4187 μεθοδεύσῃ
1611 4117 1691 4179 εἰς
1723 4118 1820 4188 τὴν

235 4205 437 4260 ἑαυτοῦ
470 4205 745 4260 ὑπόνοιαν.
777 4207 968 4276 Πάσχα
999 4207 1057 4260 δὲ
1083 4204 1171 4277 ἦν,
1207 4208 1282 4271 ὡς
1308 4203 1480 4272 εἷπον,
1519 4208 1655 4280 κρέα
1681 4207 1822 4262 ὀπτὰ

238 4298 396 4369 πυρὶ,
430 4298 528 4350 καὶ
560 4297 628 4351 τὰ
662 4297 816 4351 ἄλλα.
853 4298 1016 4351 Αὐτοὶ
1053 4298 1131 4363 δὲ,
1169 4299 1532 4368 ἀφανίσαντες
1569 4301 1665 4370 ἀφ’
1698 4301 1822 4353 ἐαυ-

1920 3119 2105 3165 mento
2164 3112 2407 3169 subactis
2465 3115 2699 3184 panibus
2746 3133 2760 3170 :
2821 3115 2945 3183 agni
3020 3131 3180 3184 porro
3240 3116 3500 3171 carnibus

1917 3203 2066 3258 vesci
2096 3218 2214 3260 mos
2252 3214 2369 3258 erat
2422 3205 2622 3261 assatis
2653 3206 2788 3276 igni,
2822 3207 2965 3275 quod
3016 3213 3070 3260 et
3121 3207 3352 3275 apostoli
3397 3207 3498 3274 ipsi

1920 3303 2208 3350 testantur.
2251 3281 2356 3349 'Ubi
2388 3296 2484 3361 vis,
2511 3296 2784 3366 inquiunt,
2827 3311 3071 3364 paremus
3104 3295 3199 3349 tibi
3227 3295 3499 3349 comedere

1919 3384 2175 3442 Pascha?
2202 3384 2412 3452 Quibus
2444 3385 2706 3440 Dominus
2735 3385 3015 3455 respondit
3049 3404 3061 3440 :
3103 3385 3186 3439 Ite
3220 3387 3270 3438 in
3305 3386 3496 3438 civita-

1920 3486 2056 3542 tem;
2079 3486 2128 3531 et
2162 3478 2432 3532 invenietis
2465 3476 2722 3530 hominem
2753 3476 3062 3543 amphoram
3094 3493 3244 3546 aqua:
3284 3485 3500 3543 portan-

1921 3577 2043 3634 tem,
2077 3569 2354 3638 sequimini
2401 3584 2518 3622 eum
2548 3585 2849 3640 quocunque
2882 3570 3021 3631 ierit,
3057 3578 3106 3622 et
3135 3568 3293 3620 dicite
3319 3567 3489 3635 patri-

1921 3659 2156 3726 familias
2189 3675 2207 3711 :
2243 3657 2342 3712 Ubi
2396 3669 2472 3712 est
2513 3659 2880 3724 diversorium,
2904 3661 2992 3713 ubi
3033 3661 3228 3730 pascha
3267 3675 3384 3712 cum
3411 3659 3468 3710 di
3481 3685 3498 3696 ε

1919 3749 2136 3815 scipulis
2169 3750 2295 3802 meis
2326 3750 2569 3817 faciant?
2614 3750 2682 3803 Et
2724 3751 2959 3804 ostendet
2999 3753 3140 3804 vobis
3172 3750 3498 3804 cwnaculum

1919 3847 2144 3892 stratum
2159 3853 2176 3890 :
2191 3848 2238 3892 et
2251 3838 2323 3891 ibi
2333 3841 2562 3904 parate“.
2583 3839 2891 3908 lterumque
2905 3839 3184 3894 Dominus:
3203 3840 3497 3900 Desiderio,

1921 3928 2017 3991 ait,
2036 3927 2330 3981 desideravi
2346 3928 2442 3982 hoc
2469 3929 2664 3996 pascha
2697 3928 3018 3982 manducare
3041 3928 3302 3981 vobiscum
3327 3929 3367 3980 ".
3393 3926 3497 3980 Ne-

1921 4032 2027 4086 que
2061 4017 2261 4086 pascha
2298 4018 2618 4088 simpliciter
2657 4019 2816 4084 dixit,
2878 4021 2973 4076 sed
3025 4020 3126 4074 hoc
3159 4019 3398 4088 pascha;
3431 4034 3500 4072 ne

1922 4109 2046 4178 quis
2078 4107 2281 4162 dictum
2315 4109 2444 4163 illud
2481 4111 2708 4166 subdole
2738 4111 2804 4164 ad
2852 4111 3163 4180 opinionem
3203 4125 3355 4163 suam
3405 4124 3499 4161 ac-

1923 4203 2313 4256 commodaret.
2369 4203 2446 4256 Ac
2503 4203 2708 4273 pascha
2755 4203 2888 4257 illud
2943 4218 3136 4257 carnes
3185 4208 3363 4260 erant,
3419 4200 3496 4253 uti
3541 4223 3548 4228 -

1923 4293 2185 4358 diximus,
2223 4297 2332 4363 igni
2363 4304 2536 4361 tostae,
2569 4313 2691 4350 cum
2743 4297 2866 4349 aliis
2899 4295 3244 4366 quibusdam.
3297 4297 3365 4348 At
3418 4295 3496 4348 illi

234 4391 345 4443 τῶν
373 4391 476 4462 τὴν
502 4389 604 4460 τῆς
630 4389 888 4460 ἀληθείας
915 4390 1255 4456 ἀκολουθίαν,
1287 4391 1521 4462 ἤλλαξαν
1548 4392 1607 4444 τὸ
1638 4393 1819 4463 ῥητὸν,

1928 4386 2170 4439 veritatis
2215 4386 2358 4441 serie
2408 4401 2475 4440 ex
2522 4388 2741 4457 ingenio
2773 4389 3008 4452 sublata,
3043 4387 3206 4442 verba
3242 4387 3330 4440 illa
3375 4401 3495 4439 mu-

235 4485 377 4554 ὃπερ
432 4483 554 4536 ἐστὶ
608 4484 742 4535 πᾶσι
811 4481 1047 4554 φανερὸν
1097 4484 1162 4535 ὲκ
1213 4482 1322 4534 τῶν
1378 4481 1818 4553 συνεζευγμένων

234 4576 463 4639 λέξεων.
508 4574 621 4627 Kal.
650 4573 914 4644 ἐποίησαν
950 4573 1076 4636 τοὺς
1113 4571 1358 4644 μαθητὰς
1397 4573 1493 4643 μὲν
1527 4572 1814 4640 λέγοντας·

237 4665 365 4719 Ποῦ
399 4662 599 4728 θέλεις
627 4661 1036 4732 ἑτοιμάσωμέν
1067 4677 1168 4716 σοι
1211 4660 1280 4715 τὸ
1321 4661 1531 4732 πάσχα
1572 4661 1820 4731 parsis»;

237 4759 338 4812 καὶ
381 4756 546 4811 αὑτὸν
572 4755 732 4828 δῆθεν
766 4755 1027 4824 λέγοντα·
1077 4753 1170 4825 Μὴ
1204 4754 1468 4825 ἐπιθυμίᾳ
1499 4754 1818 4825 ἐπεθύμησα

239 4850 412 4919 κρέας
441 4846 602 4902 τοῦτο
645 4846 708 4900 τὸ
751 4845 936 4916 πάσχα
964 4847 1158 4914 φαγεῖν
1187 4845 1305 4916 μεθ’
1337 4845 1523 4916 ὑμῶν;
1560 4845 1729 4899 Πόθεν
1764 4846 1820 4898 δὲ

238 4944 304 4996 οὐ
333 4941 724 5012 φωραθήσεται
749 4941 780 5012 ἠ
814 4937 994 4994 αὐτῶν
1017 4938 1351 5010 ῥᾳδιουργίαι,
1381 4938 1478 5008 τῆς
1503 4936 1823 5000 ἀκολουθίας

240 5032 580 5106 κραζούστις,
627 5033 711 5086 ὅτι
756 5031 819 5085 τὸ
865 5032 937 5103 μῦ
983 5033 1077 5087 καὶ
1115 5031 1176 5085 τὸ
1207 5027 1317 5102 ἦτά
1360 5031 1476 5083 ἐστι
1529 5028 1820 5100 προσθετά.

253 5125 402 5179 ’Λντὶ
429 5125 526 5178 τοῦ
553 5123 663 5194 γὰρ
687 5124 881 5186 εἰπεῖν,
937 5121 1249 5191 Ἐπιθυμίᾳ
1273 5122 1641 5189 ἐπεθύμησα,
1671 5119 1823 5171 αὐτοὶ

237 5215 599 5288 προσέθηκαν
629 5213 691 5265 τὸ
708 5211 796 5282 μὴ
829 5212 1132 5286 ἐπίρρημα.
1165 5212 1334 5274 Αὐτὸς
1365 5211 1422 5264 δὲ
1458 5209 1672 5280 ἀληθῶς
1701 5209 1820 5261 ἔλε-

234 5328 358 5380 γεν,
406 5305 718 5375 Ἐπιθυμίᾳ
748 5305 1096 5375 ἐπεθύμησα
1124 5304 1296 5358 τοῦτο
1336 5303 1404 5356 τὸ
1448 5302 1655 5370 πάσχα
1702 5319 1816 5370 φα-

1926 4482 2128 4538 tarunt,
2164 4476 2308 4544 quod
2343 4483 2426 4531 est
2457 4493 2524 4532 ex
2555 4478 2869 4548 conjunctis
2916 4478 3250 4534 dictionibus
3281 4478 3496 4531 unicui-

1925 4582 2032 4638 (Ιυθ
2055 4568 2424 4636 Perspicuum.
2454 4569 2635 4634 Quare
2665 4570 2963 4640 discipulos
2998 4571 3071 4625 ita
3103 4569 3388 4638 loquentes
3420 4567 3496 4618 fa-

1925 4663 2076 4720 ciunt
2102 4683 2114 4719 :
2147 4663 2248 4719 Ubi
2272 4664 2347 4718 vis
2376 4681 2622 4734 paremus
2648 4667 2744 4721 tibi
2774 4667 3040 4721 comedere
3069 4665 3265 4734 pascha
3287 4667 3312 4719 ?
3341 4663 3497 4718 Chri-

1927 4766 2072 4812 stum
2105 4773 2236 4814 vero
2258 4758 2325 4813 ad
2360 4773 2425 4814 ea
2453 4758 2869 4829 respondentem
2897 4778 2909 4813 :
2938 4757 3190 4829 Nunquid
3222 4755 3497 4811 desiderio

1924 4848 2230 4905 desideravi
2260 4851 2546 4905 comedere
2573 4865 2795 4904 carnem
2826 4851 2928 4904 hoc
2953 4851 3151 4920 pascha
3175 4848 3497 4902 vobiscum?

1922 4941 2089 5011 Atqui
2121 4941 2279 4996 facile
2321 4949 2407 4997 est
2445 4941 2766 4997 sceleratam
2801 4941 2941 4995 hanc
2994 4943 3210 4996 illorum
3243 4940 3492 4995 fraudem

1922 5029 2194 5100 detegere,
2232 5046 2356 5086 cum
2391 5045 2453 5084 ea
2489 5045 2610 5100 qua:
2637 5038 2945 5100 sequuntur
2981 5040 3164 5102 aperte
3193 5032 3492 5092 clamitent,

1929 5120 2089 5172 ambo
2115 5134 2240 5174 esse
2269 5119 2538 5185 elementa
2584 5132 2869 5188 perperam
2915 5119 3120 5184 addita,
3154 5119 3404 5174 videlicet
3455 5136 3496 5188 μ

1926 5219 1979 5265 et
2009 5229 2064 5281 η.
2099 5209 2231 5264 Nam
2266 5225 2366 5279 pro
2394 5226 2463 5265 eo
2509 5211 2654 5282 quod
2688 5219 2794 5278 est,
2833 5211 3104 5268 desiderio
3158 5211 3492 5274 desideravi,

1926 5303 2036 5367 isti,
2098 5304 2202 5373 μή,
2263 5303 2316 5357 id
2373 5309 2496 5368 est,
2553 5321 2699 5368 num,
2748 5304 3060 5381 adverbium
3109 5304 3491 5374 adjunxerunt.

311 5469 328 5498 ί
361 5463 523 5518 Joan.
561 5476 681 5522 xm,
712 5459 746 5512 6
773 5475 899 5530 sqq.
936 5460 975 5530 _'
1018 5459 1119 5515 lsa.
1154 5476 1304 5516 χχιι.
1343 5459 1426 5514 15.
1497 5457 1515 5487 ³⁸
1542 5458 1645 5512 lsa.
1677 5473 1826 5525 xxrx,
1861 5459 1963 5526 15;
2000 5458 2185 5514 Matth.
2220 5474 2306 5524 xv,
2341 5459 2393 5523 8,
2421 5460 2474 5515 9.
2535 5457 2744 5518 ‘Marc.
2772 5476 2868 5530 vn,
2901 5460 2954 5515 8.
3007 5463 3028 5494 '
3063 5461 3248 5516 Matth.
3286 5476 3373 5522 xv,
3399 5459 3485 5512 20.

229 5537 253 5567 ⁸
291 5534 486 5589 Matth.
523 5546 676 5592 xxvr,
720 5527 833 5583 ΓΙ(
880 5528 899 5560 ⁷
933 5527 1061 5583 Luc.
1096 5546 1228 5594 χιιι,
1260 5531 1344 5586 15.

308 5643 426 5712 (37)
467 5641 576 5696 Kal
611 5637 692 5703 τῷ
710 5637 1061 5706 ,βουλομένῳ
1084 5641 1188 5708 τὰς
1211 5642 1428 5712 χεῖρας.
1473 5640 1612 5712 Lege
1641 5638 1714 5708 τῷ
1751 5639 1819 5710 μὴ

1924 5641 2178 5712 υλομένῳ.
