3946 6074
476 296 579 353 6ιὸ

1891 296 1946 350 s.
1989 292 2327 375 Epiptmun

3534 299 3545 304 ’
3620 302 3715 358 Md

476 416 728 471 Christus
752 430 918 487 porro
949 416 1230 471 verissime
1259 415 1417 478 dixit,
1449 415 1721 470 Desiderio
1756 415 2055 469 desideravi

2167 404 2284 483 γεῖν
2302 417 2432 484 μεθ’
2464 416 2651 485 ὑμῶν.
2697 418 2857 471 Αὐτοὶ
2882 417 2938 470 δέ
2958 456 2971 479 ,
3003 415 3404 487 ἐπιγράψαντες
3434 415 3494 470 τὸ
3530 418 3713 487 κρέας,

476 507 572 560 hoc
612 508 811 576 pascha
862 507 1181 561 manducare
1232 508 1515 561 vobiscum.
1570 505 1779 575 Quibus
1835 507 2057 576 insuper

480 598 801 652 vocabulum
852 598 980 663 hoc,
1015 615 1247 662 carnem,
1290 598 1642 661 addiderunt,
1697 613 1864 668 seque
1907 598 2056 668 ipsos

482 688 786 743 miserrime
833 689 1186 758 deceperunt,
1228 704 1351 743 cum
1405 705 1501 759 per
1554 703 1830 744 summum
1875 688 2057 743 scelus

489 780 788 836 adulterata
830 781 1110 852 Scriptura
1160 783 1305 837 hunc
1336 783 1391 837 in
1439 783 1659 837 modum
1704 783 2053 838 extulerunt:

487 870 912 927 Numdesiderio
952 874 1248 928 desideravi
1287 876 1383 929 hoc
1420 875 1618 944 pascha
1655 891 1866 928 carnem
1911 891 2058 929 man-

477 961 675 1018 ducare
722 965 1026 1022 vobiscum?
1075 967 1240 1037 Atqui
1295 968 1473 1038 palam
1530 966 1664 1021 illud
1723 965 2054 1032 ostenditur,

476 1048 760 1108 Christum
798 1055 1084 1111 Dominum
1118 1067 1172 1111 et
1220 1058 1420 1126 pascha
1465 1058 1795 1122 celebrasse,
1832 1064 1887 1112 et
1936 1072 2057 1111 car-

479 1158 578 1199 nes
622 1146 826 1210 edisse,
878 1148 1338 1217 quemadmodum
1392 1149 1524 1203 dixi.
1576 1146 1845 1201 Praeterea
1893 1163 1958 1202 ex
1992 1161 2058 1201 eo

479 1236 598 1291 viso
632 1247 866 1308 possunt
899 1242 1170 1308 redargui,
1203 1239 1348 1310 quod
1393 1240 1553 1294 beato
1592 1238 1754 1293 Petro
1784 1248 2058 1295 monstra-

478 1333 595 1380 tum
622 1334 740 1393 est;
775 1342 899 1381 eum
948 1328 1175 1383 linteum
1216 1329 1342 1382 illud
1388 1327 1620 1394 aspexit,
1673 1326 1727 1379 in
1767 1340 1876 1396 quo
1908 1324 2055 1380 fera-

478 1433 598 1470 rum
631 1432 695 1471 ac
732 1419 1003 1486 pecudum
1040 1426 1091 1473 et
1124 1420 1397 1489 reptilium
1449 1433 1513 1472 ac
1541 1418 1821 1471 volucrum
1855 1431 2056 1488 genera

479 1510 663 1563 omnia
696 1510 1138 1566 continebantur.
1175 1512 1488 1566 Secundum
1531 1526 1652 1580 qua:
1695 1510 1789 1565 Dei
1832 1511 1922 1564 illa
1951 1524 2054 1564 vox

476 1610 562 1656 est
611 1603 818 1657 audita.
861 1601 1047 1674 Surge,
1074 1604 1271 1669 occide,
1312 1613 1361 1657 et
1409 1606 1693 1657 manduca.
1750 1602 1904 1673 147
1952 1600 2058 1656 Re-

479 1692 784 1760 spondenle
833 1692 993 1747 Petro
1022 1712 1035 1747 :
1070 1693 1222 1746 Absit
1266 1692 1528 1746 Domine:
1557 1692 1689 1745 nihil
1723 1694 1860 1745 enim
1908 1708 2053 1745 com-

479 1799 635 1837 mune
666 1786 743 1837 vel
768 1783 1098 1837 immundum
1127 1784 1342 1837 intravit
1371 1784 1424 1837 in
1453 1799 1512 1837 os
1543 1798 1748 1845 meum;
1791 1781 2054 1836 Dominus

480 1875 716 1945 subjecit
753 1892 765 1928 :
802 1875 954 1941 Quod
1004 1874 1145 1929 Deus
1194 1875 1517 1944 puriﬁcavit,
1568 1884 1626 1927 tu
1673 1890 1946 1927 commune
1995 1890 2057 1927 ne

479 1966 681 2021 dixeris
708 1968 747 2019 ί.
782 1965 1062 2037 Siquidem
1095 1975 1327 2036 utroque
1363 1966 1526 2021 modo
1556 1965 1870 2022 conﬁrmari
1914 1966 2085 2048 veri-‘

481 2065 568 2111 tas
602 2065 798 2126 potest.
843 2057 970 2112 Sive
990 2055 1148 2111 .enim
1195 2055 1460 2121 dixerint,
1494 2056 1562 2110 ad
1593 2056 1775 2110 omnia
1800 2055 2055 2111 esculen-

481 2153 660 2201 torum
712 2163 909 2215 genera
958 2146 1100 2202 Petri
1147 2147 1355 2201 dictum
1407 2145 1539 2200 illud
1587 2146 1880 2215 pertinere,
1930 2146 2053 2200 cum

479 2235 633 2299 dicit,
676 2235 823 2289 Nihil
849 2253 1076 2307 unquam
1101 2253 1372 2291 commune
1409 2237 1487 2291 vel
1519 2237 1883 2301 immundum;
1916 2244 1975 2291 ut
2003 2244 2057 2292 et

479 2325 669 2392 boves,
718 2343 934 2397 capras,
965 2343 1094 2383 oves
1153 2344 1216 2383 ac
1262 2330 1511 2385 volucres
1562 2344 1883 2386 communes
1934 2343 2058 2386 esse

481 2418 735 2483 voluerit,
765 2422 948 2474 statim
992 2421 1115 2477 illos
1145 2423 1293 2492 prior
1324 2422 1443 2492 ejus
1469 2420 1680 2476 vivendi
1724 2422 1864 2476 ratio
1894 2420 2059 2476 refel-

481 2510 564 2564 lit.
601 2510 771 2564 Dueta
806 2513 1006 2582 quippe
1041 2514 1152 2582 jam
1202 2530 1370 2569 uxore
1397 2529 1520 2570 cum
1566 2523 1619 2570 et
1652 2514 1854 2570 liberos
1891 2514 2059 2569 babe-

484 2610 566 2655 ri-t
596 2609 650 2655 et
699 2617 942 2669 socrum,
993 2619 1024 2657 a
1068 2602 1379 2660 Iudaeorum
1427 2607 1767 2661 caeremoniis
1817 2621 1939 2661 sese
1988 2604 2057 2659 ad

481 2691 758 2747 Christum
793 2696 1122 2765 aggregavit.
1158 2696 1225 2748 At
1249 2694 1419 2750 Judaei
1450 2696 1710 2751 carnibus
1740 2705 2056 2762 vescuntur,

487 2798 584 2839 nec
641 2799 828 2837 earum
887 2801 1022 2840 usus
1074 2786 1216 2854 apud
1269 2786 1389 2841 illos
1437 2786 1793 2841 exsecrabilis
1834 2797 1918 2841 est
1966 2796 2060 2841 aut

487 2872 814 2941 prohibitus.
839 2874 973 2927 Cum
1006 2874 1171 2942 igitur
1194 2872 1351 2929 initio
1381 2875 1637 2931 carnibus
1669 2878 2061 2938 uteretur,sal-

486 2972 592 3015 tem
623 2962 692 3017 ad
727 2963 779 3016 id
813 2980 985 3033 usque
1023 2974 1258 3035 tempus,
1290 2983 1398 3037 quo
1434 2967 1489 3021 in
1539 2967 1819 3024 Christum
1881 2969 2061 3025 Domi-

2159 505 2383 570 ἑαυτοὺς
2415 507 2747 577 ἐπλάνησαν,
2784 509 3274 580 ρᾳδιουργήσαντες
3307 509 3401 562 καὶ
3447 509 3676 574 εἰπόντες
3695 527 3708 542 ·

2157 595 2216 649 Μ
2224 596 2255 663 ὶι
2295 597 2573 668 ἐπιθυμίᾳ
2606 601 2955 669 ἐπεθύμησα
2992 601 3168 654 τοῦτο
3205 600 3271 654 τὸ
3308 600 3519 669 πάσχα
3553 603 3714 670 κρέας

2155 687 2369 756 φαγεῖν
2408 691 2536 757 μεθ’
2572 689 2773 758 ὑμῶγ;
2819 691 3013 758 Σαφῶς
3067 690 3125 743 δέ
3175 691 3467 752 δείκνυται.
3519 694 3597 745 ὃτι
3632 694 3715 747 καὶ

2160 778 2347 847 πάσχα
2378 779 2687 844 ἐπετέλεσε,
2718 782 2812 834 καὶ
2844 783 2983 852 κρέα
3009 781 3307 852 βέϐρωκεν,
3340 782 3416 846 ὼς
3449 786 3712 853 προεῖπον.

2146 867 2328 934 ,Ἀλλά
2389 870 2481 940 καὶ
2529 870 2639 924 ἀπὸ
2686 870 2781 924 τοῦ
2830 873 3106 944 ὁράματος
3172 873 3585 944 ἐλεγχθήσονται
3629 875 3711 928 τοῦ

2157 957 2634 1028 ἀποκαλυφθέντος
2664 958 2740 1032 τῷ
2778 962 2919 1032 ἁγίῳ
2961 963 3154 1033 Πέτρῳ
3182 962 3271 1016 διὰ
3297 966 3396 1034 τῆς
3422 964 3608 1035 ὀθόνης
3629 964 3714 1036 τῆς

2157 1050 2384 1122 ἐχούσης
2414 1051 2590 1104 πάντα
2622 1054 2679 1105 ἐν
2722 1053 2858 1124 αὐτῇ
2893 1053 3058 1125 θηρία
3082 1070 3142 1107 τε
3176 1055 3269 1108 καὶ
3305 1057 3497 1127 κτήνη,
3529 1057 3715 1127 ἐρπετά

2156 1141 2250 1193 καὶ
2299 1141 2543 1206 πετεινὰ,
2591 1143 2686 1196 καὶ
2740 1144 2923 1213 φωνῆς
2966 1145 3170 1216 Κυρίου
3215 1144 3500 1216 λεγούσης,
3565 1146 3716 1201 ’Ata-

2156 1231 2325 1298 στὰς,
2362 1234 2572 1298 θῦσον,
2608 1234 2707 1287 καὶ
2734 1233 2903 1304 φάγε.
2941 1236 3053 1288 Καὶ
3080 1234 3172 1288 τοῦ
3206 1235 3414 1306 Πέτρου
3451 1236 3712 1304 λέγοντος’

2158 1321 2478 1392 Μηδαμῶς,
2501 1325 2680 1392 Κύριε
2702 1340 2719 1357 ⁸
2750 1324 2931 1378 οὐδὲν
2955 1326 3161 1380 κοινόν
3187 1325 3224 1394 ἣ
3246 1327 3583 1394 ἀκάθαρτον
3605 1331 3715 1381 εισ-

2156 1416 2343 1485 ιῆλθεν
2384 1419 2471 1480 εις
2511 1417 2579 1470 τὸ
2624 1418 2819 1485 στόμα
2844 1432 2998 1485 μου·
3049 1418 3212 1488 φησὶν
3242 1418 3271 1470 ό
3300 1417 3538 1487 Κύριος’
3583 1421 3645 1473 Ἃ
3686 1423 3716 1473 ό

2160 1507 2303 1585 Θεὸς
2332 1506 2665 1576 ἐκαθάρισε,
2716 1507 2798 1560 σὺ
2831 1506 2917 1576 μὴ
2959 1509 3187 1561 κοίνου.
3230 1507 3594 1578 Εὑρεθήσεται
3620 1508 3716 1579 γὰρ

2160 1599 2224 1651 ἐκ
2250 1596 2343 1649 δύο
2380 1597 2596 1669 τρόπων
2621 1598 2721 1667 τῆς
2748 1597 3004 1668 ἀληθείας
3032 1600 3065 1668 ἡ
3102 1598 3379 1662 σύστασις.
3409 1598 3473 1651 Ei
3508 1599 3600 1670 μὲν
3621 1601 3717 1670 γὰρ

2159 1685 2342 1756 ἐροῦσι
2378 1686 2516 1739 κατά
2558 1682 2774 1740 πάντων
2825 1686 3130 1758 βρωμάτων
3170 1687 3598 1759 διεξεληλυθέναι
3643 1688 3716 1741 λό·

2158 1792 2253 1844 γον
2282 1776 2373 1829 τὸν
2408 1776 2561 1845 ἅγιον
2592 1778 2816 1847 Πέτρον,
2840 1779 2933 1832 καὶ
2966 1777 3164 1845 λέγειν,
3190 1779 3270 1832 ὅτι
3292 1779 3590 1833 Οὐδέποτε
3612 1796 3717 1832 κοι-

2157 1865 2269 1921 νὸν
2310 1866 2349 1934 ἢ
2397 1866 2755 1937 ἀκάθαρτον,
2803 1868 2879 1931 ὡς
2926 1869 3018 1921 καὶ
3067 1868 3216 1939 βόας,
3257 1869 3352 1922 καὶ
3406 1865 3589 1939 αῐγας,
3638 1871 3719 1923 καὶ

2158 1958 2425 2031 πρόϐατα,
2478 1960 2572 2012 καὶ
2620 1958 2818 2031 ὄρνεις,
2855 1959 3017 2014 κοινὰν
3060 1960 3314 2030 λέγεσθαι
3364 1962 3496 2033 παρ’
3544 1960 3715 2032 αὐτῷ’

2158 2049 2319 2113 εὐθὺς
2350 2049 2767 2122 ἐλεγχθήσονται
2814 2052 2880 2104 ἐκ
2919 2052 3020 2120 τῆς
3068 2053 3339 2124 προτέρας
3386 2054 3552 2108 αὑτοῦ
3597 2056 3719 2108 ἀνα-

2160 2141 2416 2211 στροφῆς.
2460 2140 2614 2195 Μετὰ
2643 2141 2752 2214 γάρ
2780 2141 2840 2195 τὸ
2872 2143 3050 2214 γῆμαι
3087 2144 3182 2197 καὶ
3212 2143 3376 2198 τέκνα
3420 2144 3717 2216 κεκτῆσθαι,

2160 2233 2254 2285 καὶ
2289 2233 2551 2305 πενθερὰν
2599 2234 2763 2305 ἔχειν,
2801 2235 3056 2306 συνέτυχε
3107 2235 3187 2303 τῷ
3231 2237 3448 2309 Σωτῆρι
3495 2237 3557 2303 ἐξ
3605 2238 3721 2290 ἰου-

2161 2326 2326 2379 δαίων
2357 2325 2694 2398 ὁρμώμενος.
2740 2327 2979 2380 Ἰουδαῖοι
3012 2327 3069 2381 δὲ
3103 2328 3197 2381 καὶ
3240 2329 3450 2398 σάρκας
3478 2327 3720 2392 ἐσθίουσι,

2160 2419 2254 2470 καὶ
2303 2417 2622 2489 κρεωφαγία
2672 2418 2800 2489 παρ’
2852 2418 3035 2482 αὐτοῖς
3089 2419 3191 2471 οὐκ
3238 2418 3577 2481 ἐϐδέλυκται,
3615 2418 3723 2471 οὐδε

2160 2510 2552 2581 ἀπηγόρευται.
2625 2510 2767 2581 Ἀρα
2834 2509 2965 2578 γοῦν
3023 2508 3185 2562 αὑτοῦ
3244 2508 3579 2580 βεϐρωκότος
3638 2508 3723 2560 ἀπ’

2161 2599 2355 2671 ἀρχῆς,
2400 2602 2449 2652 εί
2496 2600 2590 2653 καὶ
2636 2599 2741 2663 ἓως
2782 2598 2876 2653 τοῦ
2926 2598 3254 2670 συναντῆσαι
3300 2599 3377 2671 τῷ
3415 2600 3624 2670 Σωτῆρι
3651 2596 3725 2650 εἴ·

2162 2692 2316 2760 ποιμ’
2375 2689 2462 2753 ἂν,
2513 2690 2885 2761 δειχθήσεται,
2933 2691 3014 2744 ότι
3058 2689 3233 2745 οὐδὲν,
3263 2691 3440 2745 κοινὸν
3493 2690 3729 2761 ἡγήσατο

2160 2781 2268 2834 τῶν
2294 2782 2354 2834 οὐ
2380 2780 2576 2835 κοινῶν
2619 2782 2948 2852 λεγομένων.
2983 2783 3092 2835 Καὶ
3124 2782 3233 2853 γὰρ
3257 2783 3314 2835 οὐ
3356 2780 3493 2835 κατά
3519 2781 3728 2833 πάντων

2160 2874 2447 2943 διεξήγαγε
2479 2872 2541 2926 τὸ
2590 2874 2764 2927 κοινὸν
2809 2875 2903 2927 καὶ
2948 2873 3276 2944 ἀκάθαρτον,
3312 2871 3445 2926 ἀλλά
3493 2870 3618 2939 περὶ
3661 2863 3730 2922 ὧν

2164 2965 2346 3034 ἔλεγεν
2394 2966 2422 3018 ό
2464 2964 2628 3036 νόμος
2678 2964 2871 3018 κοινῶν
2920 2964 3015 3019 καὶ
3064 2963 3408 3034 ἀκαθάρτων.
3469 2961 3635 3014 Πάλιν
3677 2960 3730 3013 δὲ

484 3066 616 3106 num
659 3051 867 3117 incidit,
900 3052 1245 3109 manifestum
1274 3063 1357 3109 est
1384 3055 1515 3110 nihil
1543 3057 1717 3121 illum,
1745 3058 1889 3127 quod
1918 3074 2062 3114 com-

2167 3061 2355 3114 τούτου
2392 3060 2717 3131 δειχθέντος,
2753 3061 2834 3113 ὅτι
2883 3059 2944 3112 οὐ
2993 3059 3121 3128 περὶ
3170 3058 3386 3112 πάντων
3427 3057 3532 3109 τῶν
3566 3053 3733 3126 κρέων

485 3159 648 3199 mune
682 3160 790 3199 non
817 3153 986 3210 esset,
1023 3161 1121 3215 pro
1153 3150 1428 3202 communi
1452 3148 1708 3204 habuisse
1738 3168 1752 3203 :
1790 3166 1897 3204 non
1921 3151 2063 3205 enim

484 3250 675 3290 omnes
691 3235 843 3289 cibos
867 3237 1173 3292 communis
1200 3238 1573 3309 immundique
1600 3248 1734 3295 voce
1748 3233 2066 3310 complexus

483 3336 588 3391 est,
622 3327 716 3383 sed
750 3343 888 3397 quos
911 3329 1179 3398 ejusmodi
1206 3345 1328 3386 esse
1347 3331 1433 3385 lex
1455 3330 1572 3400 ipsa
1594 3331 1900 3386 deﬁnierat.
1927 3331 2066 3387 Cum

486 3418 654 3487 igitur
678 3429 911 3483 constet,
931 3436 1037 3474 non
1057 3420 1125 3476 de
1152 3421 1300 3481 omni
1317 3422 1565 3477 carnium
1599 3438 1796 3493 genere
1824 3424 2065 3478 locutum

486 3525 608 3565 esse
628 3509 951 3575 Petrum,-ut
968 3527 1158 3567 omnes
1173 3527 1296 3568 esse
1316 3527 1630 3570 communes
1646 3513 1871 3579 diceret,
1887 3516 1979 3570 sed
2002 3515 2069 3570 de

488 3601 555 3653 iis
579 3616 716 3671 quas
738 3617 861 3657 esse
890 3618 1209 3658 communes
1243 3602 1658 3673 immundasque
1690 3606 1776 3661 Iex
1802 3607 2067 3670 edixerat,

489 3690 634 3747 Deus
650 3700 853 3747 sanctae
867 3694 1070 3750 Christi
1094 3694 1349 3750 Ecclesiae
1370 3705 1553 3751 notam
1577 3695 1917 3770 formamque
1940 3715 2071 3768 pra:-

488 3785 756 3852 scribens,
790 3800 1079 3841 commune
1111 3786 1409 3857 quidquam
1452 3790 1723 3859 appellare
1768 3792 2065 3861 prohibuit.

488 3874 683 3928 Omnia
705 3873 906 3946 quippe
938 3891 1072 3945 pura
1095 3885 1245 3942 sunt,
1276 3879 1321 3932 si
1348 3893 1473 3933 cum
1504 3880 1718 3935 actione
1739 3883 2063 3950 gratiarum,

490 3964 695 4036 Deique
726 3967 1104 4022 benedictione
1130 3978 1438 4023 sumantur.
1459 3968 1603 4035 Quin
1633 3973 1796 4027 etiam
1831 3976 2070 4030 vocatio-

488 4074 611 4112 nem
639 4060 880 4129 gentium
913 4060 1088 4112 visum
1111 4060 1242 4114 illud
1269 4060 1652 4129 adumbrabat,
1700 4079 1768 4118 ne
1803 4068 2065 4134 praeputio

489 4150 745 4219 praeditos
799 4165 1117 4204 communes
1173 4151 1527 4220 impurosque
1581 4163 1849 4210 censeret.
1880 4157 2067 4221 Quan-

2169 3152 2318 3223 αὑτῷ
2359 3152 2564 3221 έλεγεν,
2598 3152 2673 3215 ὡς
2717 3150 2909 3206 κοινῶν
2943 3152 3159 3204 πάντων
3204 3149 3394 3212 ὄντων,
3443 3147 3579 3202 ἀλλά
3611 3147 3732 3216 περὶ

2171 3246 2278 3299 τῶν
2317 3247 2375 3298 ἐν
2426 3244 2505 3316 τῷ
2549 3246 2697 3316 νόμῳ
2726 3244 2921 3297 κοινῶν
2954 3260 3011 3297 τε
3055 3244 3149 3296 καὶ
3180 3242 3527 3314 ἀκαθάρτων,
3555 3242 3583 3292 ό
3611 3239 3734 3300 Θεὸς

2170 3339 2266 3408 τῆς
2298 3338 2459 3407 ἁγίας
2506 3336 2740 3408 Χριστοῦ
2786 3324 3111 3405 Ἐκκλησίας
3156 3335 3248 3388 τὸν
3292 3334 3611 3405 χαρακτῆρα
3639 3346 3732 3385 πα-

2174 3431 2435 3502 ραδιδοὺς,
2468 3429 2650 3497 ἔλεγεν
2682 3426 2830 3497 αὐτῷ
2861 3426 3025 3497 μηδὲν
3060 3425 3235 3480 κοινὸν
3259 3423 3528 3496 ἡγεῖσθαι.
3562 3419 3734 3474 Πάντα

2170 3523 2279 3594 γάρ
2318 3524 2432 3576 ἐστι
2481 3520 2716 3591 καθαρὰ,
2770 3518 2907 3590 μετὰ
2952 3516 3297 3587 εὐχαριστίας
3351 3515 3445 3569 καὶ
3500 3510 3733 3580 εὐλογίας

2171 3612 2305 3666 Θεοῦ
2353 3611 2757 3682 λαμϐανόμενα.
2829 3607 2990 3661 Ἀλλὰ
3044 3608 3136 3660 καὶ
3188 3605 3317 3676 περὶ
3348 3605 3448 3673 τῆς
3506 3604 3734 3673 κλήσεως

2171 3706 2279 3759 τῶν
2312 3703 2478 3757 ἐθνῶν
2510 3703 2571 3755 τὸ
2600 3703 2828 3770 αἴνιγμα
2859 3696 3024 3769 εἶχεν,
3066 3698 3153 3751 ἵνα
3189 3698 3265 3767 μὴ
3301 3696 3580 3767 ἡγήσηται
3622 3692 3736 3751 τοὺς

2173 3799 2230 3850 ἐν
2255 3793 2587 3867 ἀκροϐυστίᾳ
2613 3792 2822 3854 κοινοὺς
2850 3790 2882 3861 ἢ
2912 3788 3273 3861 ἀκαθάρτους.
3294 3788 3485 3857 Ὅμως
3516 3789 3549 3856 ἡ
3578 3785 3733 3853 ἔμφα-

2175 3905 2258 3950 σις
2288 3885 2381 3940 τοῦ
2410 3886 2616 3956 Πέτρου
2652 3884 2710 3937 οὐ
2734 3882 2861 3954 περὶ
2888 3879 3175 3951 ἀνθρώπου
3205 3876 3318 3950 εἶχε
3341 3878 3441 3950 τὴν
3471 3877 3733 3933 ὑπόνοιαν,

2172 3976 2309 4033 ἀλλά
2345 3977 2471 4048 περὶ
2497 3974 2605 4029 τῶν
2635 3976 2692 4028 ἐν
2732 3973 2809 4044 τῷ
2841 3972 2990 4043 νόμῳ
3022 3971 3508 4043 ἀπηγορευμένων,
3551 3968 3622 4030 ὡς
3654 3964 3739 4017 καὶ

2175 4068 2337 4123 παντί
2364 4084 2442 4137 τῳ
2470 4065 2637 4133 σαφὲς
2665 4064 2731 4118 ἂν
2766 4063 2851 4135 εἴη
2873 4079 2885 4092 ·
2920 4062 3301 4126 καὶ’ἐξέπεσεν
3333 4058 3514 4113 αὐτῶν
3551 4070 3737 4109 παντα-

2174 4162 2330 4233 χόθεν
2367 4161 2395 4212 ό
2431 4155 2679 4237 ληρώδης
2707 4155 2882 4219 λόγος.

490 4255 650 4307 quam
680 4238 893 4307 objecta
927 4239 1015 4292 illa
1045 4237 1206 4294 Petro
1221 4240 1432 4310 species
1455 4257 1560 4297 non
1587 4243 1655 4298 ad
1686 4245 2069 4315 signiﬁcandos
2089 4257 2356 4314 homines,
2376 4251 2468 4306 sed
2489 4250 2553 4302 ad
2588 4263 2649 4301 ea
2665 4263 2784 4317 qua:
2816 4247 2930 4317 lege
2946 4253 3101 4298 erant
3128 4241 3419 4296 interdicta
3440 4237 3738 4311 spectabat;

492 4330 545 4383 id
576 4330 727 4400 quod
746 4344 997 4415 constare
1022 4332 1245 4387 cuilibet
1267 4342 1462 4403 potest.
1504 4336 1581 4389 Ita
1614 4339 1852 4409 undique
1882 4350 2170 4415 nugatoria
2201 4363 2264 4401 ac
2308 4344 2442 4398 levis
2476 4342 2694 4395 illorum
2727 4337 2913 4407 upinio
2947 4335 3201 4391 concidat
3234 4347 3461 4387 necesse
3489 4339 3595 4386 est.

564 4426 749 4483 XXIII.
799 4409 962 4483 Iidem
1024 4433 1396 4499 apostolorum
1455 4434 1709 4515 nomina,
1773 4453 1881 4507 quo
1928 4409 2064 4497 idci-

2252 4443 2376 4496 ΚΡ.
2424 4438 2544 4492 Τῶν
2575 4436 2631 4489 δὲ
2666 4433 2976 4489 ἀποστόλων
3020 4431 3089 4484 τὰ
3116 4431 3356 4500 ὀνόματα
3389 4431 3468 4491 εἰς
3515 4428 3611 4497 τὴν
3646 4421 3742 4474 τῶν

492 4523 599 4578 lius
624 4530 920 4579 sectatores
942 4537 1073 4578 suos
1096 4523 1393 4592 pelliciant,
1420 4539 1514 4592 per
1535 4527 1941 4587 simulationem
1975 4534 2073 4588 ad-

494 4618 738 4681 mittunt,
769 4615 969 4685 quibus
1011 4614 1176 4668 etiam
1220 4604 1482 4670 conﬁctos
1520 4620 1783 4687 quosdam
1824 4638 1856 4676 a
1903 4639 1963 4680 se
2007 4625 2074 4679 li-

494 4707 625 4761 bros
658 4705 985 4769 inscribunt,
1040 4705 1189 4759 velut
1226 4719 1257 4757 a
1290 4703 1517 4772 Jacobo,
1548 4707 1821 4778 Matthaao,
1851 4729 1916 4769 ac
1948 4715 2079 4770 reli-

498 4798 623 4867 quis
670 4796 956 4865 discipulis
1004 4795 1202 4850 editos.
1267 4794 1413 4851 Inter
1467 4813 1589 4868 qua:
1632 4798 1860 4858 Joannis
1913 4806 2076 4859 etiam

497 4884 730 4954 apostoli
777 4898 975 4939 nomen
1029 4884 1366 4950 admiscent,
1414 4902 1524 4957 quo
1580 4904 1768 4945 eorum
1826 4894 2079 4948 vecordia

498 4979 669 5046 possit
696 4992 763 5032 ex
805 4977 953 5032 omni
995 4984 1150 5047 parte
1190 4976 1541 5048 deprehendi.
1580 4981 1714 5036 Nam
1752 4999 1860 5039 non
1891 5001 1958 5041 eo
1990 5001 2081 5040 so-

499 5070 610 5123 lum
642 5070 764 5124 illos
795 5071 992 5141 arguit,
1024 5070 1167 5140 quod
1199 5071 1374 5128 dixit:
1414 5072 1481 5128 In
1510 5075 1767 5144 principio
1797 5087 1912 5131 erat
1957 5077 2083 5133 Ver-

503 5159 645 5221 bum,
674 5171 723 5214 et
762 5148 985 5217 Verbum
1016 5175 1132 5219 erat
1159 5167 1300 5237 apud
1332 5165 1518 5226 Deum.
1553 5178 1603 5221 et
1638 5168 1776 5223 Deus
1803 5180 1919 5224 erat
1952 5169 2081 5225 Ver-

504 5249 626 5302 bum
655 5253 675 5282 ¹
714 5271 726 5305 :
766 5269 950 5308 verum
998 5256 1163 5311 etiam
1214 5257 1357 5326 quod
1405 5258 1605 5327 quibus
1642 5258 1801 5332 148
1850 5261 1904 5314 in
1947 5261 2083 5317 locis

506 5344 679 5397 sancti
712 5343 947 5412 Spiritus
984 5347 1244 5403 instinctu
1284 5364 1403 5418 qua:
1433 5364 1464 5403 a
1506 5334 1723 5406 Christo
1757 5350 1987 5407 Domino
2015 5352 2083 5408 de

506 5433 748 5502 quolibet
787 5442 1117 5505 argumento
1139 5440 1347 5510 prolata
1397 5450 1548 5507 sunt,
1596 5449 1850 5499 accurate
1896 5459 2085 5513 prose-

508 5528 735 5598 quitur;
797 5525 1103 5583 divinorum
1158 5531 1546 5602 prophetarum
1601 5533 1929 5590 testimoniis
1980 5535 2086 5590 uti-

584 5687 602 5720 ⁸
632 5687 751 5745 Act.
789 5704 841 5759 ιι,
872 5690 934 5746 I5
960 5706 1080 5763 sqq.
1158 5693 1177 5723 ⁸
1212 5689 1369 5746 Joan.
1405 5706 1443 5756 ι,
1486 5689 1534 5743 I.

2176 4531 2543 4605 ἠπατημένων
2578 4528 2667 4580 ὑπ’
2704 4524 2883 4580 αὐτῶν
2925 4522 3098 4590 πειθὼ
3144 4521 3530 4593 προσποιητῶς
3572 4518 3743 4586 δέχον-

2177 4640 2287 4687 ται,
2321 4622 2535 4693 βίϐλους
2577 4637 2637 4673 τε
2671 4617 2730 4682 ἐξ
2773 4618 3033 4687 ὀνόματος
3076 4613 3253 4668 αὐτῶν
3285 4612 3620 4681 πλασάμενοι
3658 4609 3743 4660 ἀν·

2179 4715 2506 4785 εγράψαντο,
2534 4711 2690 4781 δῆθεν
2719 4709 2827 4764 ἀπὸ
2859 4706 3151 4778 προσώπου
3180 4702 3459 4767 Ἰακώϐου,
3482 4702 3575 4754 καὶ
3605 4701 3746 4785 Ματέ

2182 4784 2369 4869 θαίου,
2402 4803 2496 4855 καὶ
2536 4800 2709 4856 ἄλλων
2740 4789 3029 4870 μαθητῶν.
3064 4796 3152 4849 Ἑν
3188 4790 3267 4858 οἷς
3313 4793 3545 4862 ὀνόμασι
3579 4784 3748 4842 καὶτὸ

2182 4894 2351 4964 ὅνομα
2387 4891 2633 4945 Ἰωάννου
2666 4888 2761 4944 τοῦ
2802 4887 3099 4942 ἀποστόλου
3145 4882 3640 4951 ἐγκαταλέγουσιν,
3671 4876 3751 4929 ἵνα

2186 4984 2519 5054 πανταχόθεν
2550 4981 2779 5053 φωρατὴ
2803 4981 3029 5050 γένηται
3066 4980 3098 5047 ἡ
3137 4974 3316 5030 αὐτῶν
3346 4975 3521 5028 ἄνοια.
3557 4971 3631 5025 Οὐ
3664 4967 3751 5039 μόο

2184 5094 2275 5130 νον
2303 5076 2410 5147 γὰρ
2443 5075 2654 5145 ἐλέγχει
2687 5073 2885 5131 αὐτοὺς
2925 5069 3065 5125 κατὰ
3104 5069 3284 5123 πάντα
3316 5067 3540 5153 τρόπον,
3570 5063 3750 5153 λέγων,

2184 5171 2266 5224 ὃτι
2317 5171 2411 5222 Ἐν
2445 5166 2603 5237 ἀρχῇ
2640 5163 2717 5237 ἦν
2762 5170 2793 5221 o'
2838 5166 3050 5234 Λόγος,
3087 5162 3186 5216 καὶ
3225 5164 3256 5216 ό
3296 5152 3489 5227 Λόγος
3514 5153 3583 5226 ἦν
3617 5152 3754 5221 πρὸς

2186 5261 2293 5314 τὸν
2325 5259 2493 5323 Θεὸν,
2530 5257 2628 5312 καὶ
2660 5257 2800 5322 Θεὸς
2834 5252 2914 5326 ἦν
2943 5258 2989 5341 ό]
3002 5255 3190 5323 Λόγος
3212 5269 3228 5285 θ
3263 5250 3399 5341 ἀλλὰ
3428 5250 3529 5301 καὶ
3561 5247 3641 5341 δτι
3668 5240 3757 5301 τὰς

2190 5351 2296 5404 τῶν
2323 5350 2493 5419 ἁγίων
2524 5349 2819 5422 προφητῶν
2852 5336 3171 5418 μαρτυρίας,
3206 5344 3264 5395 ἐν
3290 5336 3333 5409 ᾧ
3359 5342 3422 5392 ἐκ
3448 5337 3759 5407 Πνεύματος

2193 5441 2347 5509 ἁγίου
2380 5439 2718 5510 ὁρμώμενος,
2750 5439 2842 5492 καὶ
2868 5438 2937 5490 τά
2969 5435 3073 5489 ὑπὸ
3097 5433 3189 5488 τοῦ
3216 5431 3471 5502 Σωτῆρος
3507 5422 3763 5498 εἰρημένα

2195 5533 2373 5591 καλῶς
2408 5531 2838 5603 ἀκοιϐολογήσας
2884 5530 3006 5602 περὶ
3057 5527 3293 5598 ἑκάστης
3335 5523 3647 5581 ὑποθέσεως
3674 5517 3765 5585 τῆς
