3946 6074
292 310 395 365 ιιδ

969 308 1338 365 ADVERSUS
1370 310 1482 364 [le
1502 308 1721 364 RESES
1760 308 1888 363 LIB.
1935 308 1971 363 Ι.
2014 308 2178 362 ΤΟΜ.
2220 308 2282 361 ll.
2324 340 2389 349 -—
2433 310 2704 368 IJERES.
2747 313 2910 372 XXX.

3441 323 3549 381 448

296 429 371 489 εἰς
416 422 657 494 Χριστὸν
694 422 1090 494 πληρωθείσης,
1121 425 1194 487 ὡς
1227 420 1398 488 εἶπον,
1433 425 1532 488 τὰς
1568 424 1864 496 μαρτυρίας

1971 431 2100 485 tur;
2151 439 2286 492 (pios
2336 426 2411 477 illi
2465 441 2492 478 a
2546 428 2742 498 seipsis
2801 428 3204 496 abjndiearunt.
3252 430 3363 486 Hoc
3400 414 3547 490 enim

295 517 540 585 ὲξέθετο’
592 515 686 584 ἀφ’
715 508 788 568 ὦν
832 516 1124 585 προφητῶν
1180 512 1321 570 οὗτοι
1368 518 1590 580 ἑαυτοὺς
1634 517 1871 587 ἀπηλλο-

304 608 552 679 τρίωσαν.
584 605 700 657 Καὶ
732 604 893 667 εὐθυς
939 604 1138 679 ἔδειξεν
1159 646 1173 669 ,
1212 606 1286 669 ὡς
1318 610 1427 669 τοῖς
1458 607 1592 677 πρὸς
1619 607 1872 675 Ἰωάννην

306 700 385 751 τὸν
416 695 733 764 Βαπτιστὴν
768 694 873 747 ὑπὸ
917 695 1026 747 τῶν
1068 697 1377 767 Φαρισαίων
1428 697 1749 766 πεμφθεῖσιν
1778 697 1875 748 αὑ-

299 791 384 852 τὸς
415 788 671 858 Ἰωάννης
700 787 1071 857 ἀποκρίνεται,
1096 785 1290 854 λέγων·
1316 787 1464 856 Ἐγὼ
1487 787 1653 856 φωνὴ
1681 787 1872 852 βοῶν-

299 899 396 945 τος
430 880 500 931 ἐν
542 877 618 945 τῇ
664 876 893 945 ἐρήμῳ*
926 878 1230 930 Εὐθύνατε
1274 877 1387 945 τὴν
1442 878 1585 930 ὁδὸν
1630 879 1869 945 Κιιρίου·

297 968 489 1031 καθὼς
520 963 690 1019 εἶπεν
730 966 972 1029 Ἡσαΐας
1007 967 1040 1016 d
1079 965 1386 1032 προφήτης
1406 1006 1418 1018 .
1443 966 1553 1018 Καὶ
1580 966 1739 1019 πάλιν
1771 966 1868 1018 αὐ-

304 1062 384 1123 τὸς
412 1061 441 1111 6
472 1060 729 1129 Ἰωάννης
761 1057 930 1129 λέγει,
966 1056 1073 1109 ἀπὸ
1103 1056 1211 1109 τῶν
1246 1057 1541 1127 προφητῶν
1570 1056 1747 1110 λαϐὼν
1773 1057 1871 1127 τὴν

298 1150 627 1223 μαρτυρίαν,
665 1149 807 1217 φημὶ
849 1147 904 1199 δὲ
949 1147 1056 1199 ἀπὸ
1088 1147 1180 1200 τοῦ
1229 1147 1409 1208 Δαϐὶδ,
1448 1148 1551 1200 ἤτε
1599 1149 1627 1199 6
1666 1146 1871 1217 Κύριος

294 1243 390 1304 τὰς
447 1239 728 1309 τραπέζας
780 1237 886 1291 τῶν
939 1237 1301 1289 κολλυϐιστῶν
1359 1237 1692 1306 κατέστρεψε
1719 1278 1733 1300 9
1777 1237 1870 1289 καὶ

295 1327 445 1383 εἷπε·
483 1328 580 1395 Μὴ
616 1325 824 1392 ποιῆτε
856 1324 961 1378 τὸν
989 1322 1156 1378 οἶκον
1181 1324 1287 1378 τοῦ
1316 1326 1540 1392 Πατρός
1572 1344 1684 1386 μου
1706 1323 1872 1378 οἷκον

294 1419 584 1488 ἐμπορίου
618 1415 1067 1486 ’³Εμνήςθησαν,
1110 1416 1191 1467 ὅτι
1236 1411 1304 1485 ἦν
1344 1415 1753 1486 γεγραμμένον.
1811 1416 1872 1468 σο

1976 514 2156 568 statim
2217 516 2368 569 initio
2416 517 2768 584 demonstrat,
2816 520 3077 575 Joannem
3132 522 3428 592 Baptistam
3480 526 3549 580 iis

1976 619 2113 673 quos
2133 605 2198 658 ad
2225 621 2282 660 se
2309 604 2564 661 Phariszei
2604 610 3226 682 miserantrespondisse
3258 631 3271 666 :
3309 613 3419 685 Ego
3452 631 3552 669 vos:

1975 695 2255 749 clamantis
2294 698 2346 749 in
2378 696 2579 750 deserto
2603 713 2621 750 :
2656 698 2877 769 Dirigitc
2919 704 3054 755 viam
3117 704 3328 758 Domini
3376 707 3551 760 :sicut

1977 786 2104 839 dicit
2135 786 2310 841 Isaias
2340 788 2588 856 prop/tcta
2619 792 2661 843 '.
2695 788 2895 846 Deinde
2941 793 3132 848 iisdem
3171 811 3235 850 ex
3272 797 3573 865 prophetis

1977 878 2119 931 aliud
2166 880 2534 933 testimonium
2585 878 2821 937 Joannes
2882 884 3121 948 adducit,
3175 886 3433 940 nimirum
3482 903 3549 942 ex

1975 966 2194 1034 Davide,
2214 982 2334 1024 cum
2364 971 2619 1025 Dominus
2640 974 3126 1029 nummulariorum
3146 994 3361 1033 mensas
3392 995 3549 1033 ever-

1977 1059 2060 1123 tit,
2092 1074 2154 1112 ac
2186 1060 2319 1112 dixit
2362 1079 2374 1113 :
2430 1060 2609 1115 Nolite
2651 1063 2824 1132 facere
2851 1065 3063 1118 donmm
3105 1065 3281 1123 Patris
3315 1071 3414 1123 mei
3448 1070 3548 1123 do-

1978 1165 2116 1201 mum
2148 1152 2513 1219 negotiationis
2542 1153 2582 1205 ³.
2620 1153 2932 1233 Meminisse
2976 1157 3118 1210 enim
3166 1158 3239 1210 ait
3276 1161 3551 1227 apostolos

1976 1240 2118 1313 quod
2144 1250 2258 1294 erat
2288 1243 2547 1311 scriptum
2576 1262 2591 1294 :
2621 1242 2777 1297 Zelus
2800 1246 2985 1299 domus
3014 1258 3116 1300 tua:
3139 1250 3360 1301 comedit
3403 1267 3481 1302 me
3504 1250 3547 1302 ⁸.

1976 1330 2054 1384 Ac
2087 1346 2302 1385 rursum
2332 1332 2470 1386 idem
2499 1331 2736 1389 Joannes
2764 1335 2842 1389 sic
2883 1337 3157 1405 loquitur:
3203 1338 3336 1391 Vidit
3377 1336 3551 1393 Isaias

1978 1420 2029 1472 in
2071 1420 2271 1488 Spiritu
2306 1433 2488 1475 sancto
2520 1423 2561 1474 ⁵.

296 1510 476 1579 ζῆλος
502 1506 607 1560 τοῦ
635 1507 804 1559 οἴκου
836 1520 950 1558 σου
985 1504 1275 1574 κατέραγέ
1307 1522 1402 1573 με.
1438 1506 1546 1557 Καὶ
1578 1506 1737 1558 πάλιν
1764 1498 1944 1571 θαὺτὸς
1974 1509 2225 1575 Ἰωάννης
2258 1507 2442 1576 εἶπεν,
2488 1513 2567 1565 ὅτι
2611 1513 2855 1581 Ἡσαΐας
2910 1511 3069 1569 εἶδεν
3125 1516 3209 1570 ὢν
3241 1518 3311 1571 ἐν
3366 1517 3553 1571 Πνεύ-

293 1617 428 1669 ματι
462 1598 628 1666 ἁγίῳ.
1483 1636 1496 1652 .

365 1690 492 1742 KA'.
531 1688 702 1741 Πάλιν
730 1687 785 1739 δὲ
808 1689 844 1738 ο
872 1685 1033 1747 αὐτὸς
1062 1686 1171 1755 (58)
1206 1686 1357 1754 ἅγιος
1386 1688 1637 1758 Ἰωάννης
1668 1687 1864 1759 κηρύτ-

2042 1686 2232 1743 XXIV.
2283 1689 2544 1743 Prmterea
2604 1705 2725 1744 cum
2784 1691 2838 1745 in
2892 1693 3015 1749 Asia
3059 1689 3403 1764 pradicando
3460 1701 3553 1758 Dei

296 1798 403 1835 των
438 1781 496 1832 ἐν
527 1782 593 1849 τῇ
628 1778 785 1847 Ἀσίᾳ
826 1778 1115 1848 ἱστορεῖται
1164 1778 1464 1847 παράδοξον
1496 1778 1653 1849 ἔργον
1687 1797 1739 1832 τι
1771 1797 1869 1832 πε-

299 1870 541 1943 ποιηκὼς
584 1870 665 1932 εἰς
716 1868 1074 1939 ὑπογραμμὸν
1118 1869 1218 1938 τῆς
1266 1870 1540 1939 ἀληθείας.
1593 1869 1871 1923 Πολιτείαν

190 1951 201 1961 ’
294 1961 577 2033 γάριέχων
611 1958 1068 2029 θαυμασιωτάτην
1114 1960 1207 2011 καλ⁸
1246 1960 1668 2031 συμπρέπουσαν
1707 1959 1870 2013 αὑτοῦ

293 2054 372 2126 τῷ
400 2051 673 2121 ἀξιώματι
699 2050 799 2120 τῆς
826 2049 1147 2116 ἀποστολῆς,
1181 2051 1275 2104 καὶ
1318 2051 1441 2122 μηδ’
1473 2052 1607 2116 ὅλως
1648 2051 1871 2123 λουόμε-

295 2162 406 2209 νος,
440 2140 764 2213 ἠναγκάσθη
799 2141 903 2193 ὑπὸ
933 2139 1025 2192 τοῦ
1062 2140 1218 2209 ἁγίου
1245 2142 1560 2213 Πνεύματος
1594 2144 1872 2213 προελθεῖν

295 2235 400 2297 ἕως
427 2250 527 2285 του
558 2230 861 2302 βαλανείου,
896 2229 1093 2294 εἰπὼν,
1126 2231 1206 2284 ὅτι
1243 2231 1461 2286 Addere
1499 2250 1597 2301 μοι
1626 2236 1698 2287 τὰ
1725 2233 1872 2301 πρὸς

291 2321 648 2389 βαλανεῖον.
697 2318 806 2373 Καὶ
863 2320 969 2371 τῶν
1023 2321 1401 2391 συνεπομένων
1451 2318 1867 2393 θαυμαζόντων,

293 2407 457 2482 ἦλθεν
498 2411 581 2473 είς
623 2409 755 2461 αὐτὸ
780 2409 840 2461 τὸ
869 2408 1108 2483 λουτρόν.
1140 2411 1249 2462 Καὶ
1282 2411 1569 2481 γενόμενος
1614 2413 1750 2484 πρὸς
1780 2413 1871 2467 τὸν

296 2503 523 2556 εἰωθότα
574 2499 929 2569 ὑποδέχεσθαι
993 2500 1102 2552 τῶν
1158 2500 1461 2571 λουομένων
1518 2503 1587 2556 τά
1644 2504 1867 2574 ἱμάτια,

293 2597 456 2666 ἧρετο
487 2592 573 2655 τίς
621 2590 767 2643 ἔνδον
800 2592 944 2643 ἐστὶν
984 2592 1043 2644 ἐν
1083 2590 1162 2661 τῷ
1217 2592 1501 2663 βαλανείῳ·
1547 2596 1574 2647 6
1622 2594 1677 2647 δὲ
1721 2595 1872 2649 ὀλεά-

297 2701 409 2754 ριος
434 2683 568 2753 (59),
615 2682 709 2734 ἐπὶ
752 2680 829 2751 τῷ
873 2679 1157 2749 φυλάττειν
1213 2683 1401 2750 ἱμάτια
1448 2685 1871 2756 προσκαρτερῶν

295 2778 374 2847 (ἐν
403 2778 519 2837 τοῖς
553 2774 665 2845 γάρ
693 2774 1014 2843 γυμνασίοις
1054 2773 1211 2843 ἔργον
1254 2773 1409 2826 τοῦτό
1457 2791 1599 2827 τισιν
1634 2776 1870 2845 ὑπάρχει

294 2865 563 2935 πορισμοῦ
595 2865 757 2916 ἕνεκα
788 2864 888 2932 τῆς
913 2864 1188 2933 ἐφημέρου
1220 2865 1469 2935 τροφῆς),
1496 2865 1597 2936 ἔφη
1628 2865 1706 2935 τῷ
1733 2867 1872 2937 ἁγίῳ

306 2957 551 3027 Ἰωάννῃ,
595 2956 676 3007 ὅτι
705 2952 900 3007 Ἐὅίων
943 2953 1088 3005 ἔνδον
1127 2953 1289 3006 ἐστίν.
1330 2953 1582 3024 Ἰωάννης
1606 2954 1683 3014 δὲ,
1712 2956 1870 3019 εὐθὺς

296 3048 472 3110 συνεὶς
494 3017 595 3114 τὴν
615 3045 706 3097 τοῦ
734 3044 888 3112 ἀγίου
916 3042 1229 3114 Πνεύματος
1252 3045 1490 3115 ὁδηγίαν,
1516 3017 1581 3098 δι’
1604 3047 1670 3115 ἢν
1692 3017 1867 3101 αἰτίαν
1898 3017 1940 3075 C

292 3138 674 3211 προῦτρεψατο
724 3137 884 3191 αὑτὸν
928 3136 1033 3199 ἕως
1082 3136 1173 3189 τοῦ
1226 3136 1509 3206 βαλανείου
1567 3139 1741 3207 ἥκειν,
1792 3140 1867 3203 ὠς

292 3232 427 3301 ἔφην
450 3270 463 3294 ,
519 3232 737 3301 μνήμης
781 3227 943 3282 ἕνεκα
980 3228 1073 3281 τοῦ
1119 3229 1435 3281 καταλιπεῖν
1465 3231 1598 3299 ἡμῖν
1642 3230 1738 3301 τὴν
1767 3232 1865 3301 τῆς

290 3322 552 3392 ἀληθείας
581 3320 856 3382 ὑπόθεσιν,
897 3319 980 3371 ὅτι
1020 3319 1164 3380 τίνες
1189 3320 1323 3371 εἰσὶν
1348 3321 1396 3371 ol
1429 3318 1600 3372 δοῦλοι
1628 3320 1863 3391 Χριστοῦ

289 3416 383 3467 καὶ
408 3410 696 3465 ἀπόστολοι
721 3410 814 3462 καὶ
845 3410 952 3461 υἱοὶ
978 3410 1076 3479 τῆς
1100 3410 1267 3477 αὐτῆς
1296 3410 1548 3479 ἀληθείας
1577 3411 1591 3441 ‘
1614 3427 1628 3441 ·
1656 3409 1776 3463 τινα
1806 3410 1865 3463 δέ

289 3507 405 3558 ἐστι
454 3504 523 3557 τά
561 3502 728 3572 σκεύη
768 3501 863 3554 τοῦ
900 3500 1170 3571 πονηροῦ,
1221 3501 1317 3553 καὶ
1363 3503 1548 3555 πύλαι
1594 3502 1740 3569 ᾅδου
1776 3502 1862 3570 μὴ

288 3595 729 3663 κατισχύουσαι
774 3590 885 3658 τῆς
934 3592 1187 3658 πέτρας,
1241 3593 1339 3644 καὶ
1391 3592 1500 3660 τῆς
1541 3594 1632 3645 ἐπ’
1678 3593 1865 3660 αὐτῆς

288 3684 785 3753 οζκοδομηθείσης
836 3683 1008 3750 ἁγίας
1058 3682 1207 3735 Θεοῦ
1263 3682 1659 3749 Ἐκκλησίαςο
1703 3686 1863 3747 εὐθὺς

284 3777 525 3847 ταράξας
558 3774 777 3838 ἑαυτὸν,
825 3774 917 3825 καὶ
950 3771 1190 3842 οἰμώξας
1228 3772 1410 3843 ἡρέμα
1441 3776 1522 3835 εἰς
1564 3775 1625 3826 τὸ
1660 3775 1863 3838 πάντας

284 3866 543 3927 ἀκοῦσαι,
592 3865 673 3925 είς
718 3863 1014 3933 μαρτύριον
1051 3863 1447 3933 παραστάσεως
1482 3864 1750 3933 ἀχράντου
1783 3865 1863 3917 δι-

282 3957 603 4019 δασκαλίας,
655 3956 994 4018 Σπεύσατε,
1040 3954 1312 4021 ἀδελφοὶ,
1361 3953 1494 4024 ἔφη,
1529 3954 1863 4023 ἐξέλθωμεν

281 4048 586 4106 ἐντεῦθεν,
608 4044 693 4113 μὴ
721 4044 876 4112 πέσῃ
910 4046 973 4097 τὸ
997 4044 1348 4108 βαλανεῖον,
1381 4044 1478 4097 καὶ
1511 4044 1863 4114 ἀπολώμεθα

275 4138 429 4207 μετὰ
480 4137 763 4199 Ἐϐίωνος
809 4135 913 4188 τοῦ
960 4134 1143 4188 ἔνδον
1186 4136 1257 4188 ἐν
1301 4134 1381 4200 τῷ
1424 4136 1729 4200 ,ϐαλανείῳ
1764 4136 1861 4190 διὰ

280 4230 400 4296 τὴν
447 4227 638 4281 αὑτοῦ
676 4226 973 4280 ἀσέϐειαν.
1020 4228 1129 4279 Καὶ
1170 4226 1354 4297 μηδεὶς
1399 4226 1723 4296 θαυμαζέτω
1769 4230 1860 4281 ἐπὶ

280 4317 362 4390 τῷ
400 4318 634 4372 ἀκοῦσαι
674 4317 903 4371 Ἐϐίωνα
929 4316 1151 4388 Ἰωάννῃ
1184 4318 1657 4388 συντετυχηκέναι.
1684 4318 1857 4371 Πολυ-
1892 4347 1933 4399 D

282 4411 492 4481 χρόνιος
515 4409 626 4478 γὰρ
652 4408 984 4476 καταμείνας
1013 4408 1088 4476 τῷ
1114 4408 1211 4477 βίῳ
1232 4410 1260 4461 6
1290 4409 1554 4478 μακάριος
1581 4407 1855 4477 Ἰωάννης,

279 4500 570 4569 διήρκεσεν
596 4499 723 4568 ἄχρι
762 4498 859 4566 τῆς
891 4496 983 4549 τοῦ
1020 4497 1286 4567 Τραῖανοῦ
1330 4497 1622 4567 βασιλείας.
1653 4498 1857 4562 Πάντες

279 4591 341 4643 δὲ
366 4592 414 4642 οἰ
458 4588 749 4642 ἀπόστολοι
784 4589 867 4641 ὅτι
901 4588 1317 4658 ἁπαλλοτριοῦσι
1346 4588 1442 4659 τὴν
1484 4589 1578 4641 τοῦ
1602 4589 1854 4651 Ἐὅίωνος

282 4682 466 4735 πίστιν
492 4722 506 4744 ,
544 4680 641 4733 καὶ
674 4678 958 4748 ἀλλοτρίαν
1006 4679 1280 4747 ἡγήσαντο
1324 4678 1418 4730 τοῦ
1466 4678 1644 4730 αὐτῶν
1688 4677 1855 4747 κηρύ-

281 4787 511 4840 γματος,
541 4770 637 4822 καὶ
673 4767 766 4821 τοῦ
812 4768 1169 4821 ἀποστολικοῦ
1198 4769 1561 4839 χαρακτῆρος,
1596 4769 1756 4821 παντί
1780 4787 1856 4839 τῳ

282 4860 438 4929 δῆλόν
469 4861 608 4913 ἐστι.

354 5035 479 5090 KE’.
511 5034 650 5104 Περὶ
674 5034 730 5087 δὲ
752 5034 846 5087 τοῦ
872 5035 1024 5101 ἀγιου
1052 5033 1284 5101 Παύλου,
1309 5035 1383 5097 ὡς
1412 5034 1855 5105 βλασφημοῦντες

1973 1777 2138 1831 verbo
2196 1778 2337 1832 idem
2389 1777 2627 1835 Joannes
2687 1782 2999 1848 insisteret,
3056 1793 3115 1839 ut
3167 1792 3353 1857 quanti
3411 1792 3554 1846 veri-

1974 1874 2057 1921 tas
2109 1868 2225 1922 ﬁeri
2266 1868 2485 1923 deberet
2530 1871 2777 1939 exemplo
2826 1888 2925 1926 suo
2966 1877 3195 1942 posteris
3238 1882 3554 1947 praescribe-

1972 1966 2075 2022 ret,
2124 1952 2319 2012 niirbm
2365 1959 2622 2028 quiddam
2671 1968 2719 2015 et
2766 1961 3086 2018 inusitatum
3135 1966 3309 2036 egisse
3356 1970 3550 2038 prodi-

1971 2056 2080 2103 tur.
2110 2047 2245 2103 Cum
2279 2052 2423 2104 enim
2452 2040 2570 2105 vita:
2595 2051 2901 2107 institutum
2942 2065 3148 2111 teneret
3180 2058 3336 2127 plane
3376 2060 3552 2115 admi-

1972 2140 2184 2204 rabile,
2237 2140 2396 2208 eique
2452 2156 2613 2210 quam
2672 2144 2892 2211 gerebat
2945 2148 3254 2212 apostolicae
3304 2148 3550 2221 dignitati

1972 2236 2431 2284 consentaneum:
2460 2230 2593 2283 adeo
2643 2239 2699 2283 ut
2751 2248 3023 2299 nunquam
3064 2236 3285 2289 omnino
3316 2238 3543 2302 lavaret,

1973 2318 2261 2388 aliquando
2309 2325 2487 2371 tamen
2534 2319 2707 2372 sancti
2756 2318 2991 2389 Spiritus
3038 2322 3271 2392 impulsu
3318 2325 3383 2378 ad
3433 2326 3551 2379 bal-

1971 2424 2103 2465 neas
2134 2409 2391 2479 prodiens
2424 2428 2437 2464 :
2471 2407 2675 2479 Capite,
2709 2410 2884 2479 inquit
2915 2411 2979 2464 ad
3014 2427 3162 2476 suos,
3192 2429 3307 2483 qua:
3334 2414 3404 2467 ad
3432 2401 3576 2468 bal;

1974 2517 2123 2555 nemn
2150 2501 2445 2554 necessaria
2474 2510 2613 2555 sunt.
2653 2501 2975 2557 Mirantibus
3002 2503 3107 2559 illis
3137 2505 3201 2558 ad
3227 2506 3547 2559 lavationem

1972 2595 2226 2663 perrexit.
2268 2591 2404 2646 Tum
2456 2594 2521 2647 ad
2565 2607 2688 2648 eum
2733 2594 2824 2663 qui
2879 2595 3172 2649 lavantium
3222 2598 3547 2653 vestimenta

1973 2681 2222 2736 servabat
2252 2682 2536 2744 accedens,
2565 2683 2686 2752 quis
2725 2683 2867 2736 intra
2906 2684 3155 2739 balneum
3184 2695 3349 2751 esset,
3389 2688 3544 2742 inter-

1974 2773 2199 2841 rogavit.
2236 2773 2301 2825 At
2337 2773 2575 2827 olearius
2622 2774 2870 2842 idemque
2891 2775 3125 2829 vestium
3165 2783 3351 2833 custos
3384 2778 3549 2845 (hanc

1972 2863 2116 2917 enim
2157 2878 2377 2933 operam
2419 2864 2661 2933 plerique
2704 2865 2881 2918 victus
2933 2866 3234 2933 quotidiani
3273 2868 3442 2937 gratia
3493 2870 3547 2921 in

1974 2954 2268 3023 gymnasiis
2302 2954 2577 3025 praestant)
2621 2954 2816 3009 Joanni
2855 2957 3135 3025 respondit
3168 2957 3428 3013 Ebionem
3463 2960 3546 3012 iu—

1974 3050 2061 3095 tus
2095 3057 2234 3097 esse.
2262 3042 2380 3109 Quo
2415 3044 2620 3110 audito,
2654 3045 2837 3097 statim
2880 3045 3144 3101 intellexit
3188 3064 3447 3118 quorsum
3480 3050 3548 3103 il«

1971 3132 2054 3185 lue
2093 3133 2269 3202 ipsum
2311 3132 2547 3202 Spiritus
2583 3146 2808 3192 sanctus
2859 3139 3196 3201 adduxisset,
3240 3148 3290 3195 et
3334 3149 3391 3193 ut
3430 3141 3548 3194 bal-

1968 3239 2097 3278 neas
2130 3225 2303 3278 adiret
2352 3235 2499 3280 esset
2550 3226 2839 3281 hortatus:
2869 3230 3125 3283 nimirum
3161 3232 3226 3283 ad
3265 3246 3547 3285 commen-

1966 3316 2222 3379 dandam,
2259 3327 2313 3371 ut
2358 3316 2491 3383 dixi,
2539 3318 2659 3387 ejus
2703 3320 2781 3373 rei
2830 3321 3192 3387 memoriam;
3230 3335 3293 3374 ac
3328 3323 3545 3377 verissi-

1966 3423 2113 3460 mum
2143 3408 2273 3461 illud
2301 3408 2495 3477 dogma
2522 3409 2937 3479 relinquendum
2966 3427 2981 3475 ;
3014 3419 3075 3464 ut
3112 3412 3331 3479 quinam
3361 3422 3545 3467 essent

1963 3499 2166 3554 Christi
2200 3501 2338 3553 servi
2370 3508 2417 3553 et
2447 3501 2712 3569 apostoli,
2748 3516 2815 3555 ac
2842 3503 3087 3556 veritatis
3115 3502 3206 3556 lilii
3234 3502 3546 3561 discernere

1966 3604 2290 3657 possemus;
2338 3590 2559 3659 quinam
2600 3607 2630 3646 e
2668 3593 2945 3646 contrario
2989 3594 3118 3647 mali
3165 3592 3426 3650 daemonis
3472 3599 3545 3650 in-

1964 3686 2288 3742 strumenta,
2330 3680 2719 3750 inferorumque
2758 3693 2945 3749 portte,
2976 3700 3091 3753 quce
3126 3703 3287 3755 neque
3321 3697 3542 3763 petram,

1963 3784 2122 3836 neque
2167 3770 2221 3821 in
2269 3784 2329 3821 ea
2374 3770 2651 3838 fundatam
2698 3788 2760 3823 ac
2791 3773 3083 3827 stabilitam
3127 3776 3418 3830 Ecclesium
3451 3794 3544 3833 su-

1963 3872 2152 3926 perare
2178 3867 2402 3928 possent
2425 3860 2467 3913 ⁶.
2499 3860 2667 3929 Igitur
2696 3860 2937 3916 Joannes
2987 3875 3210 3934 repente
3247 3869 3543 3923 conturba-

1961 3956 2072 4013 tus,
2105 3958 2265 4019 atque
2300 3952 2659 4021 ingemiscens
2690 3952 2904 4017 leniter,
2940 3961 2995 4007 ut
3047 3956 3116 4008 ab
3157 3957 3410 4011 omnibus
3453 3967 3540 4011 ta-

1962 4055 2082 4093 men
2110 4041 2351 4095 exaudiri
2389 4052 2590 4111 posset,
2620 4042 2783 4112 idque
2824 4043 3045 4113 integra:
3076 4059 3137 4097 ac
3179 4045 3408 4102 sincera:
3439 4049 3538 4103 do-

1960 4129 2147 4183 ctrina:
2167 4130 2540 4184 testimonium
2577 4138 2856 4186 exstaret:
2888 4131 3049 4203 149
3086 4130 3394 4201 Properate,
3426 4137 3539 4204 fra-

1961 4227 2085 4283 trea,
2115 4220 2307 4289 inquit,
2352 4220 2599 4275 abeamus
2631 4222 2770 4287 hinc,
2808 4239 2869 4276 ne
2912 4224 3112 4278 balnea:
3152 4225 3452 4293 concidant,
3489 4238 3539 4281 et

1961 4329 2079 4366 cum
2117 4312 2335 4377 Ebione,
2371 4316 2461 4384 qui
2502 4317 2644 4370 intus
2677 4325 2775 4378 est,
2810 4315 2872 4368 ob
2923 4318 3036 4385 ejus
3084 4319 3402 4389 impietatem
3446 4324 3538 4376 ob-

1963 4420 2203 4458 ruamur.
2230 4402 2414 4473 Neque
2461 4420 2586 4460 vero
2625 4406 2813 4460 mirari
2857 4409 3145 4477 quisquam
3190 4411 3364 4478 debet,
3406 4413 3534 4468 dum

1964 4492 2132 4547 Ebion
2164 4493 2471 4549 occurrisse
2502 4493 2695 4549 Joanni
2736 4495 2953 4552 dicitur.
2989 4498 3085 4555 llic
3117 4501 3261 4555 enim
3300 4503 3392 4557 diu
3440 4505 3535 4558 ad-

1962 4582 2180 4636 modum
2230 4582 2384 4645 vixit,
2439 4591 2492 4637 et
2543 4584 2609 4638 ad
2654 4584 2873 4655 Trajani
2927 4590 3171 4658 pervenit
3224 4591 3531 4659 imperium.

1960 4672 2131 4727 Porro
2171 4690 2277 4728 non
2328 4674 2563 4731 Joannes
2608 4678 2791 4741 modo,
2837 4681 2928 4735 sed
2973 4690 3024 4735 et
3070 4697 3257 4738 omnes
3308 4700 3534 4754 prorsus

1963 4766 2190 4833 apostoli
2224 4764 2447 4821 Ebionis
2478 4768 2634 4821 ﬁdem
2666 4771 2975 4840 repudiant,
3004 4784 3060 4826 et
3096 4787 3125 4825 a
3160 4774 3276 4828 suis
3310 4775 3534 4845 dogma-

1961 4857 2129 4921 tibus,
2153 4866 2313 4927 atque
2347 4861 2645 4929 apostolico
2673 4862 2768 4914 illo
2787 4864 3100 4919 charactere
3128 4844 3355 4920 alienam
3382 4844 3531 4936 judi—

1960 4956 2122 5002 cant:
2159 4947 2211 5001 id
2235 4947 2378 5015 quod
2412 4949 2701 5017 unicuique
2741 4953 3084 5020 perspicuum
3111 4964 3208 5009 est.

2033 5036 2197 5093 XXV.
2229 5037 2383 5103 Quod
2423 5053 2552 5092 vero
2590 5034 2664 5093 ad
2696 5040 2913 5094 beatum
2961 5041 3184 5095 Paulum
3226 5045 3436 5108 attinet,
3474 5046 3526 5100 in

385 5191 400 5220 ¹
432 5206 523 5257 no.
552 5191 655 5259 τῆς
680 5187 954 5251 ἀλτθείας.
1066 5190 1086 5220 ⁸
1111 5188 1266 5244 Joan.
1296 5206 1344 5255 ι,
1379 5190 1467 5243 9.5.
1582 5191 1602 5222 ³
1630 5190 1785 5243 Joan.
1817 5206 1852 5244 ιι

386 5262 522 5311 atth.
561 5274 674 5311 xvr.
718 5224 804 5311 ιέ.
938 5256 943 5265 ’

1969 5190 2011 5243 3.
2118 5190 2140 5222 ⁸
2171 5192 2301 5246 ibid.
2344 5191 2448 5260 l7;
2477 5191 2623 5248 Psal.
2653 5210 2843 5262 vam,
2882 5198 2967 5253 10.
3076 5200 3096 5231 ³
3124 5196 3279 5256 Joan.
3311 5216 3411 5268 xu,
3435 5203 3523 5261 41.

282 5260 306 5292 ⁶
334 5258 522 5313 Matth.
561 5258 674 5321 va,
718 5260 737 5310 l

356 5370 467 5438 (58)
504 5368 697 5438 Hthr
718 5367 786 5420 δὲ
808 5371 839 5421 ὁ
863 5365 1063 5431 αὑτός.
1102 5365 1254 5421 Hanc
1279 5365 1507 5438 Joannis
1535 5367 1844 5430 historiam,

284 5436 457 5504 quam
495 5453 526 5491 a
580 5437 899 5507 Polycarpo
925 5446 1226 5507 acceperat,
1263 5437 1426 5489 refert
1457 5436 1721 5507 lren._lib.
1760 5452 1844 5501 ιιι,

283 5525 408 5573 «νυν.
442 5509 499 5569 5,
528 5515 582 5560 et
616 5504 821 5560 Euseb.
848 5505 941 5559 lib.
975 5520 1034 5558 ιιι
1070 5504 1296 5575 "istan,
1328 5520 1447 5575 cap.
1489 5506 1578 5575 ΞΟ.
1609 5505 1711 5560 Sed
1748 5508 1847 5562 Ce—

280 5578 551 5637 rinthum,
580 5592 688 5628 non
721 5575 976 5627 Ebionem
1010 5574 1314 5627 haereticum
1349 5574 1496 5627 illum
1528 5574 1691 5629 fuisse
1717 5590 1847 5628 con-

282 5648 528 5703 sentiunt
554 5660 762 5698 omnes.
789 5644 935 5709 Qua?
1005 5642 1326 5695 Ἰυνυηνικὸν
1358 5653 1439 5694 ιιϊῑ
1472 5644 1647 5690 σἰάλοι
1718 5642 1844 5685 ""3-

279 5714 470 5787 pbanii
507 5713 699 5766 nostri.

2020 5368 2132 5450 (5.9)
2183 5371 2237 5422 '0
2266 5371 2335 5425 δὲ
2363 5376 2652 5444 ὀλεάριος.
2694 5377 2834 5447 Ergo
2859 5380 3089 5450 olearius
3116 5383 3416 5450 appellatus
3436 5393 3523 5440 est

1945 5441 2388 5518 vestimentorum
2443 5441 2650 5509 custos,
2700 5441 3077 5518 ἱμᾶτιοιρύλαξ.
3128 5441 3208 5505 Ᾰιὶ
3272 5454 3411 5507 idem
3468 5465 3523 5509 et

1943 5510 2120 5562 oleum
2152 5511 2442 5577 pt'aabebat,
2472 5523 2527 5567 et
2552 5510 2871 5571 vestimenta
2899 5510 3190 5573 servabat?
3222 5522 3302 5575 An
3338 5522 3525 5575 σπολί-

1945 5594 2060 5659 ριον
2101 5578 2421 5659 legendum?
2450 5582 2581 5638 Nam
2602 5595 2669 5659 _et
2704 5587 3081 5659 ἀποᾷυτήριον,
3117 5589 3301 5643 Latine
3323 5591 3523 5656 spolia-

1944 5649 2102 5769 ritlclmi
2136 5648 2192 5703 In
2209 5652 2375 5721 veteri
2392 5651 2521 5710 Lex.
2552 5670 2571 5708 :
2598 5653 2885 5725 Spoliaria.
2908 5648 3189 5713 citeriores
3214 5648 3517 5712 balneorum

1947 5733 2001 5769 σε
2049 5733 2076 5769 Ν
2107 5734 2169 5769 ω.

1947 5733 2169 5772 εειιιιιω.
