3946 6074
242 191 342 247 μθ

929 182 1300 240 ADVERSUS
1337 182 1679 241 H.£BESES
1712 182 1840 241 LIB.
1883 182 1927 239 Ι.
1964 179 2128 237 ΤΟΜ.
2163 180 2229 238 Il.
2269 213 2339 225 —
2376 182 2655 245 HERES.
2695 184 2862 240 XXX.

3402 195 3510 253 450

239 306 418 358 τιέων.
451 300 563 356 Καὶ
602 299 714 373 γὰρ
758 300 822 353 ὲκ
868 299 1181 371 σπέρματος
1220 299 1328 353 τῶν
1368 299 1637 373 Ἐλλήνων
1680 299 1827 355 Ἀλέ-

1931 306 2076 353 terra
2122 313 2297 362 genus
2345 300 2620 370 quoddam
2669 316 2794 356 esse
2842 296 3268 372 pro'pagasum'.
3308 304 3442 361 Nam
3476 323 3510 363 ο

240 394 462 465 ξανδρος
510 395 540 446 ὁ
583 391 870 446 Μακεδών.
922 391 1086 444 Ἀλλὰ
1126 392 1417 461 γενόμενος
1462 392 1624 447 πάλιν
1661 394 1718 445 ὲν
1748 390 1829 462 τῷ

239 487 411 557 τόπῳ,
441 486 533 541 διὰ
571 485 666 538 τὸν
710 483 1023 555 ἐμπεσόντα
1062 483 1220 551 λόγον
1248 482 1524 554 διεξῆλθον
1564 484 1664 554 τὴν
1696 483 1827 555 περὶ

237 577 442 633 τούτων
466 575 730 647 ἱστορίαν.
755 572 900 645 Πλὴν
921 574 1004 627 ὅτι
1019 573 1125 627 ἀπὸ
1147 573 1246 644 τῆς
1260 573 1623 644 μετοικήσεως
1647 572 1828 626 πολλοῖ⁵

239 668 404 733 ἄλλας
436 666 623 739 χώρας
662 666 986 736 οἰκήσαντες
1018 663 1113 718 τοῦ
1152 663 1370 736 Ἰσραὴλ
1399 659 1540 736 ἦσαν
1573 665 1826 743 σπέρμα-

237 773 328 819 10;
350 756 493 810 κατά
517 755 788 827 διαδοχήν.
821 753 1100 823 Ἐλέγοντο
1126 753 1235 825 γὰρ
1262 755 1357 808 καὶ
1382 754 1618 826 ἑκάστης
1644 754 1829 825 χώρας

239 849 571 920 πατριῶται·
599 847 677 910 ὡς
710 847 807 901 καὶ
832 847 888 899 αἱ
914 844 1214 916 θυγατέρες
1235 843 1327 898 τοῦ
1354 844 1523 917 Ἰοθὸρ
1551 846 1648 916 τὴν
1679 845 1828 900 ἀντί-

238 940 400 1012 ληψιν
441 939 538 993 τοῦ
577 938 855 1002 Μωῦσέως
898 937 977 1009 τῷ
1006 937 1175 1008 πατρὶ
1201 937 1563 1008 ἀπήγγειλαν,
1590 938 1667 1002 ὡς
1694 940 1827 991 ἀπο-

241 1038 451 1106 στήσας
491 1032 617 1098 τοὺς
653 1033 917 1105 ποιμένας
953 1032 1202 1085 ἐπότισεν
1234 1031 1414 1086 αὐτῶν
1445 1031 1513 1085 τὰ
1556 1032 1824 1103 πρόϐατα,

242 1129 333 1180 καὶ
361 1126 717 1198 πορευθεῖσαι
749 1125 877 1196 περ)⁵
905 1122 1095 1176 τούτου
1127 1122 1434 1193 ὑφηγοῦντο
1461 1122 1538 1193 τῷ
1581 1122 1695 1194 ίδίῳ
1723 1140 1827 1176 παι

239 1217 346 1289 τρί.
377 1217 485 1269 Τοῦ
523 1216 581 1269 δὲ
619 1215 871 1283 λέγοντος
892 1253 907 1276 ,
953 1214 1014 1266 Τί
1054 1213 1383 1282 ὲταχύνατε
1415 1212 1684 1282 σήμερον
1712 1213 1824 1283 (42)

239 1309 350 1364 τοῦ
396 1307 602 1363 ἐλθεῖν
647 1307 741 1360 ἐπ’
787 1307 1009 1369 αὑτόν;
1050 1304 1281 1373 ἔφασαν,
1325 1304 1407 1357 ὅτι
1445 1303 1624 1370 Ἀνὴρ
1652 1305 1828 1372 Αἰγύ-

241 1416 416 1465 πτιος
441 1399 701 1467 ἐρύσατο
743 1395 903 1466 ’ἡμᾶς
939 1396 1058 1449 ἀπὸ
1091 1394 1209 1448 τῶν
1235 1395 1552 1465 ποιμένων,
1587 1396 1685 1449 καὶ
1716 1395 1808 1464 ἦν.

238 1496 468 1558 τλησε,
522 1489 621 1542 καὶ
670 1488 956 1542 ἐπότισεν
1011 1485 1183 1554 ἡμῶν
1226 1486 1299 1539 τὰ
1349 1487 1668 1556 θρέμματα.
1715 1487 1826 1539 Καὶ

240 1581 406 1643 εὐθὺς
429 1581 458 1632 ό
487 1579 649 1642 αὐτὸς
682 1578 786 1649 ἔφη
823 1576 959 1648 πρὸς
991 1576 1191 1639 αὐτάς·
1220 1577 1323 1629 Διὰ
1353 1577 1412 1629 τί
1438 1580 1548 1631 οὐκ
1575 1576 1823 1646 ἠγάγετε

238 1671 430 1726 αὑτὸν
458 1665 597 1731 ὧδε,
625 1671 725 1723 ἵνα
754 1668 912 1738 φάγῃ
942 1667 1161 1737 ἇρτον;
1186 1669 1283 1733 Τίς
1322 1668 1378 1721 δὲ
1412 1668 1512 1722 οὐκ
1552 1663 1712 1728 οἶδεν,
1739 1669 1821 1721 ὅτι

238 1762 487 1832 Μωῦσῆς
532 1761 646 1825 υίὸς
680 1763 775 1832 μὲν
808 1764 1015 1829 γίνεται
1044 1759 1139 1813 τοῦ
1173 1759 1415 1830 Ἀμρὰμ,
1452 1761 1544 1812 καὶ
1584 1760 1683 1829 τῆς
1712 1760 1826 1813 Ἰω-

237 1853 442 1925 χαϐὲτ,
476 1852 700 1925 ’Δμράμ
745 1852 804 1905 δὲ
847 1851 941 1905 τοῦ
990 1850 1168 1915 Καάθ,
1224 1852 1380 1906 Καάθ
1427 1851 1483 1903 δὲ
1529 1849 1623 1903 τοῦ
1672 1850 1822 1912 Λευῒ,

238 1945 374 1999 Λευῖ
403 1945 461 1997 δὲ
487 1943 583 1997 τοῦ
613 1942 832 2007 Ἰακὼϐ,
864 1941 1058 1996 Ἰακὼϐ
1096 1941 1154 1995 δὲ
1185 1941 1279 1995 τοῦ
1309 1939 1517 2006 Ἰσαὰκ,
1553 1940 1740 1993 Ἰσαὰκ
1767 1940 1824 1994 δὲ

238 2036 337 2089 τοῦ
367 2033 793 2107 ’Ᾱϐραάμ;“Καὶ
823 2035 924 2087 οὐκ
956 2034 1066 2087 ἀπὸ
1103 2033 1194 2086 τοῦ
1232 2030 1509 2086 καλεῖσθαι
1539 2032 1630 2085 τὸν
1657 2033 1825 2085 Μωῦ-

239 2127 343 2181 σέα
386 2110 719 2195 Αίγύπτιον,
771 2125 987 2187 πάντως
1034 2125 1068 2195 ἡ
1113 2123 1212 2193 τῆς
1265 2123 1542 2191 εὐγενείας
1585 2123 1679 2176 καὶ
1730 2122 1824 2175 τοῦ

240 2216 556 2289 σπέρματος
589 2216 837 2269 διέπεσεν
865 2214 1175 2268 ἀκολουθία.
1215 2211 1423 2266 Οὐκοῦν
1459 2207 1624 2276 οὗτοι,
1654 2230 1823 2266 κατα-

238 2308 527 2378 λείψαντες
554 2308 654 2379 τὴν
683 2307 822 2369 ὁδὸν,
854 2308 903 2359 oi
933 2306 1041 2360 ἀπὸ
1068 2304 1160 2358 τοῦ
1190 2304 1443 2368 Ἐϐίωνος
1473 2304 1825 2375 πεπλανημέ-

238 2417 352 2463 νοι,
400 2400 496 2452 ἐπὶ
533 2397 735 2462 πολλὰς
782 2395 1221 2469 διεστραμμένας
1264 2398 1414 2461 ὁδοὺς
1481 2398 1573 2449 καὶ
1622 2398 1822 2468 ἀνάντη

237 2492 430 2565 τρίϐον
454 2493 546 2545 τὸν
577 2492 701 2546 νοῦν
736 2490 1116 2545 ὲκδεδώκασιν.

314 2653 463 2734 Rq’.
505 2663 740 2735 Δῦχοῦσι
785 2663 841 2717 δὲ
893 2664 1079 2717 πάλινά
1103 2663 1401 2734 περιτομὴν
1424 2648 1691 2735 Ἔχοντες,
1732 2666 1825 2719 καὶ

243 2759 601 2831 σεμνύνονται
628 2757 787 2827 δῆθεν
815 2751 954 2809 εἶναι
977 2755 1181 2827 ταύτην
1215 2755 1484 2827 σφραγῖδα
1508 2757 1822 2829 ἡγούμενοι,

240 2853 335 2905 καὶ
362 2848 690 2922 χαρακτῆρα
724 2846 831 2900 τῶν
874 2862 934 2899 τε
971 2848 1325 2918 πατριαρχῶν
1350 2848 1442 2901 καὶ
1468 2847 1690 2902 δικαίων
1718 2849 1825 2903 τῶν

1888 412 1891 415 λ
1928 388 2241 444 Graecorum
2272 404 2471 460 genere
2502 392 2812 446 Alexander
2844 400 3024 446 ortum
3065 402 3371 463 acceperat.
3399 394 3508 451 Ve-

1927 486 2049 533 rum
2108 479 2367 549 quoniam
2428 480 2626 535 iterum
2692 480 2984 535 narranda:
3038 481 3204 553 hujus
3264 483 3511 540 historia:

1927 566 2116 624 oblata
2156 569 2319 626 nobis
2365 571 2587 626 occasio
2635 579 2757 636 est,
2817 573 2871 627 in
2925 588 3046 630 eam
3099 589 3218 630 sum
3279 574 3510 633 fortuito

1927 660 2161 718 delatus.
2205 661 2284 718 Eo
2330 677 2461 718 vero
2501 664 2807 734 pertinebat
2854 665 3037 731 istud,
3095 675 3155 722 ut
3194 668 3507 740 complures

1926 752 2343 808 ostenderemus
2387 753 2443 808 in
2491 767 2555 809 ea
2608 754 2934 826 migratione
2979 758 3162 814 varias
3206 773 3507 831 occupasse

1927 842 2107 907 sedes,
2137 844 2230 914 qui
2264 859 2328 898 ex
2374 841 2674 900 lsraelitica
2706 854 2868 916 gente
2901 848 3132 919 originis
3179 859 3337 905 erant
3373 866 3507 907 suc-

1927 932 2179 989 cessione
2204 934 2455 988 derivati.
2490 933 2599 1001 Qui
2621 936 2841 1006 quidem
2873 939 2943 993 ab
2966 952 3030 994 ea
3061 940 3154 994 ubi
3187 932 3510 1001 habitabant

1925 1025 2149 1096 regione
2177 1027 2551 1097 cognominari
2581 1029 2851 1084 solebant.
2884 1028 3353 1096 Quemadmodum
3379 1046 3505 1089 cum

1925 1113 2050 1168 illia:
2075 1112 2264 1170 Jetbro
2307 1115 2525 1170 allatam
2559 1116 2662 1171 sibi
2697 1131 2727 1170 α
2761 1116 2946 1187 Moyse
2977 1132 3134 1188 opem
3169 1122 3383 1190 parenti
3417 1137 3506 1179 re-

1924 1205 2261 1271 nuntiarent,
2294 1215 2694 1276 narrarentque
2735 1207 2979 1279 depulsis
3021 1224 3052 1264 a
3078 1225 3142 1267 se
3168 1213 3508 1282 pastoribus,

1924 1308 2055 1349 suos
2097 1294 2250 1348 illum
2300 1312 2491 1367 greges
2535 1298 2863 1369 adaquassc,
2915 1301 3041 1366 hoc,
3089 1301 3336 1373 inquam,
3381 1320 3508 1361 cum

1924 1383 2150 1438 domum
2197 1401 2431 1442 reversa:
2478 1391 2692 1458 parenti
2736 1390 3024 1459 dixissent,
3072 1396 3391 1451 sciscitante
3418 1396 3510 1452 ni-

1923 1476 2121 1531 mirum
2157 1492 2224 1532 co
2257 1496 2270 1532 :
2302 1476 2413 1535 Cur
2452 1480 2606 1535 hodie
2646 1483 2860 1536 venistis
2912 1483 3138 1538 velocius
3168 1486 3371 1542 solito?
3404 1485 3511 1543 Re-

1924 1567 2267 1635 sponderunt
2306 1588 2319 1623 :
2366 1568 2458 1625 Vir
2490 1570 2778 1641 Egyptius
2821 1573 3061 1629 liberavit
3107 1591 3201 1630 nos
3238 1576 3303 1631 de
3342 1593 3508 1631 manu

1856 1646 1896 1704 Β
1924 1665 2221 1725 pastorum,
2254 1659 2464 1727 insuper
2492 1670 2542 1715 et
2569 1662 2745 1716 hausit
2777 1680 2970 1733 aquam
2992 1706 3007 1729 ,
3044 1676 3327 1738 potumque
3359 1668 3507 1723 dedit

1928 1744 2106 1799 ovibus
2142 1747 2361 1804 nostris.
2404 1748 2708 1819 Statimque
2741 1752 2881 1807 dixit
2916 1754 3023 1807 illis
3055 1770 3068 1806 :
3113 1754 3223 1810 Cur
3258 1774 3362 1811 non
3406 1758 3508 1813 huc

1925 1837 2074 1890 illum
2105 1839 2427 1905 adduxistis,
2458 1850 2516 1896 ut
2545 1842 2834 1897 eomederet
2857 1859 3044 1912 panem
3076 1847 3136 1900 ’?
3161 1846 3297 1913 Quis
3326 1857 3510 1906 autem

1926 1930 2103 1985 nescit
2128 1930 2374 1986 Antrami
2403 1940 2457 1987 et
2494 1930 2810 1990 Jochabetaa
2844 1935 3016 1990 illium
3051 1939 3326 1994 exstitisse
3355 1940 3510 2014 Moy-

1927 2032 2059 2086 sen;
2103 2020 2423 2074 Amramum
2474 2020 2690 2087 Caatbi,
2743 2022 3011 2078 Gaathum
3045 2024 3196 2092 Levi,
3239 2028 3387 2083 hunc
3415 2028 3512 2085 Ja-

1925 2109 2070 2175 cobi,
2101 2110 2259 2180 cujus
2284 2120 2438 2181 pater
2463 2111 2704 2178 lsaacus,
2740 2113 2910 2168 lsaaci
2938 2115 3285 2173 Abrahamus
3312 2117 3514 2175 fuerit?

1922 2199 2111 2272 Neque
2152 2211 2371 2268 tamen,
2420 2220 2521 2275 pro
2568 2220 2635 2260 eo
2681 2206 2829 2276 quod
2873 2207 3166 2279 [Egyptius
3203 2213 3512 2281 appellatur

1926 2289 2160 2362 Moyses,
2197 2291 2322 2347 ideo
2366 2293 2670 2348 nobilitatis
2705 2294 2853 2350 illius
2886 2308 2950 2348 ac
2983 2297 3172 2367 stirpis
3219 2305 3305 2353 est
3338 2299 3510 2357 series

1925 2384 2214 2439 exstincta.
2251 2380 2363 2439 Hoc
2397 2385 2566 2455 igitur
2594 2386 2756 2440 modo
2790 2384 3015 2441 Ebionis
3053 2388 3330 2460 discipuli,
3361 2392 3545 2447 velut.

1926 2473 2245 2530 aberrantes
2278 2489 2341 2530 ac
2366 2476 2529 2542 devii,
2563 2477 2746 2534 varias
2773 2493 2832 2534 se
2859 2479 2912 2533 in
2944 2480 3202 2551 ambages
3234 2497 3300 2537 ac
3328 2481 3504 2542 ﬂexus

1925 2564 2270 2636 abruptaque
2298 2565 2495 2621 itinera
2520 2566 2933 2624 commiserunt.

1995 2652 2185 2710 XXVI.
2232 2655 2450 2711 Atenim
2506 2656 2983 2717 circumcisionem
3030 2656 3155 2730 pra!
3182 2676 3243 2717 se
3285 2661 3505 2731 ferunt;

1923 2761 2097 2816 eaque
2122 2762 2184 2803 re
2209 2748 2502 2819 plurimum
2526 2749 2852 2820 gloriantur,
2880 2761 3064 2821 utpote
3089 2768 3253 2823 quam
3278 2757 3511 2825 patriar-

1925 2837 2151 2892 charum
2171 2877 2188 2902 ,
2218 2840 2562 2910 aliorumque
2593 2841 2686 2911 qui
2733 2841 2869 2912 legis
2911 2851 3154 2913 tempore
3187 2846 3369 2901 vixere
3415 2846 3507 2918 ju-

241 2940 387 2995 κατὰ
424 2942 516 2992 τὸν
548 2939 714 3007 νόμον
757 2937 1262 3006 πεπολιτευμένων,
1295 2938 1361 2990 δι’
1392 2934 1824 3003 όῦξὲξισοῦσθαι

1931 2940 2159 2996 storum,
2190 2930 2343 3001 151
2390 2944 2571 2988 notam
2617 2948 2683 2987 ac
2716 2934 2931 3004 signum
2963 2935 3242 2992 exstitisse
3282 2945 3508 3008 putent;

239 3034 471 3095 ἐκείνοις
498 3030 800 3102 νομίζουσι,
844 3029 939 3083 καὶ
977 3029 1112 3098 δῆτα
1146 3030 1240 3083 ἀπ’
1269 3030 1432 3083 αὑτοῦ
1466 3031 1555 3084 τοῦ
1589 3033 1825 3104 Χριστοῦ

240 3103 339 3194 τῆν
392 3120 648 3175 σύστασιν
690 3118 893 3191 ταύτης
943 3118 1220 3189 βούλονται
1266 3121 1486 3191 φέρειν,
1520 3122 1598 3185 ὡς
1644 3125 1737 3176 καὶ
1778 3125 1828 3177 οἱ

244 3214 376 3285 περὶ
403 3212 699 3283 Κήρινθον.
728 3212 867 3263 Φασὶ
895 3212 1004 3282 γὰρ
1034 3212 1127 3263 καὶ
1155 3204 1299 3264 οὗτοι
1329 3214 1469 3267 κατὰ
1494 3213 1583 3266 τὸν
1606 3215 1830 3268 ἐκείνων

240 3303 459 3376 ληρώδη
492 3303 668 3371 λόγον’
716 3302 994 3369 Ἀρκετὸν
1021 3300 1100 3367 τῷ
1129 3303 1367 3371 μαθητῇ
1390 3300 1541 3357 εἶναι
1572 3305 1653 3370 ὡς
1683 3309 1716 3359 ὀ
1746 3305 1831 3359 δι·

240 3396 576 3461 δὰσκαλος.
611 3394 961 3466 Περιετμήθη
988 3394 1121 3466 γὰρ,
1158 3396 1342 3464 φησὶν,
1375 3397 1404 3448 ὁ
1448 3397 1701 3468 Χριστὸς,
1736 3398 1831 3451 καὶ

245 3489 309 3541 σὺ
345 3485 737 3556 περιτμήθητι.
780 3486 888 3537 Καὶ
920 3485 1004 3537 ἵνα
1033 3485 1174 3539 κατά
1208 3485 1385 3540 πάντα
1411 3488 1611 3558 τρόπον
1639 3505 1829 3541 καταιο

241 3577 505 3649 σχύνηται
537 3577 636 3647 τῆς
677 3574 885 3646 πλάνης
926 3574 995 3627 τὰ
1044 3575 1355 3645 σπέρματα,
1396 3576 1647 3648 καθάπερ
1680 3577 1831 3647 χαλι-

241 3671 331 3735 νὸς
365 3670 478 3740 (45)
506 3671 574 3740 τῇ
622 3667 863 3737 θαλάσσῃ
913 3667 977 3720 ὲκ
1021 3664 1157 3729 Θεοῦ
1203 3666 1440 3737 ὁρισθεὶς
1477 3666 1700 3738 κλεῖθρα
1737 3667 1833 3721 καὶ

242 3758 409 3811 πύλαι
433 3757 664 3827 ψάμμον
688 3756 835 3827 ὅριον
856 3754 898 3817 ¹,
930 3754 1024 3808 καὶ
1059 3753 1383 3825 πρόσταγμα
1410 3754 1491 3815 τὸ,
1516 3750 1670 3820 ’Ἕως
1699 3755 1834 3808 τού-

241 3867 351 3905 του
378 3850 631 3916 ἑλεύσῃ.
661 3846 760 3900 καὶ
803 3847 916 3914 οὐχ
944 3845 1259 3913 ὑπερϐιξσῃ
1285 3860 1301 3875 ο
1330 3845 1491 3899 ἀλλὰ
1516 3846 1586 3899 ἐν
1606 3845 1833 3914 σεαυτῇ

243 3938 763 4009 συντριϐήσονταί
794 3951 911 3990 σου
944 3936 1018 3990 τὰ
1050 3937 1313 4006 κύματα,
1347 3934 1530 4005 φησίν·
1568 3934 1710 3988 οὕτω
1741 3937 1835 3989 καὶ

242 4023 392 4084 οὗτοι
419 4032 480 4083 ἐν
505 4031 721 4091 ἑαυτοῖς
746 4026 1373 4097 καταδαπανηθήσονται.
1406 4023 1566 4077 Ἀλλά
1592 4027 1707 4078 ἐκεῖ
1735 4025 1834 4096 μὲν

242 4123 308 4175 ὲκ
357 4120 509 4174 θείου
557 4118 984 4191 προστάγματος
1035 4118 1115 4180 εἰς
1155 4113 1411 4180 εὐταξίαν
1451 4115 1726 4186 θαλάσσης
1770 4118 1835 4171 ἐκ

240 4211 381 4265 θεοῦ
424 4212 641 4282 είρηται
673 4211 703 4263 ό
732 4208 825 4263 τοῦ
853 4209 979 4280 ὅρου
1019 4207 1205 4276 λόγος’
1242 4206 1475 4261 ἐνταῦθα
1499 4206 1556 4260 δὲ
1580 4207 1674 4277 ἀφ’
1707 4208 1835 4261 ἑαυ-

1929 3036 2038 3090 quo
2071 3021 2235 3076 etiam
2274 3023 2490 3077 nomine
2512 3022 2799 3093 adaquari
2839 3040 2899 3079 se
2929 3040 3052 3079 cum
3096 3025 3204 3083 illis
3235 3029 3509 3084 arbitran-

1929 3120 2066 3165 tur:
2114 3110 2359 3181 adeoque
2403 3112 2605 3168 Christi
2653 3115 2827 3183 ipsius
2876 3117 3186 3186 exemplum
3239 3119 3305 3172 ad
3359 3119 3508 3175 illam

1929 3200 2388 3268 comprobandum
2441 3203 2900 3269 accommodant,
2948 3212 3009 3258 ut
3066 3215 3121 3260 et
3168 3208 3509 3266 Cerintbiani

1929 3290 2158 3345 faciunt.
2193 3289 2437 3357 Quorum
2477 3293 2813 3363 ineptissime
2857 3298 3323 3353 accommodatam
3358 3300 3509 3357 illam

1930 3382 2259 3439 sententiam
2290 3393 2561 3454 usurpant
2599 3402 2612 3437 :
2652 3383 3152 3457 Suﬂicitdisoipulo,
3185 3390 3234 3443 si
3262 3391 3334 3444 sit
3372 3392 3510 3447 sicut

1931 3470 2188 3547 magister
2215 3476 2330 3545 ejus
2373 3475 2416 3532 ⁸.
2443 3472 2701 3533 Christus
2741 3478 2907 3545 enim,
2938 3478 3110 3544 aiunt,
3145 3480 3509 3541 circumcisus

1930 3574 2015 3622 est
2045 3586 2061 3622 :
2094 3577 2149 3622 tu
2182 3568 2349 3638 igitur
2391 3569 2818 3623 circumciditor.
2866 3570 3043 3639 Atque
3083 3579 3143 3625 ut
3183 3573 3391 3628 erroris
3423 3589 3507 3630 se-

1932 3660 2078 3713 mina
2102 3673 2311 3727 ‘magno
2343 3673 2467 3713 cum
2505 3659 2721 3714 illorum
2758 3660 2966 3731 pudore
2997 3662 3371 3734 proﬂigentur,
3400 3681 3510 3722 non

1932 3764 2092 3804 secus
2121 3765 2185 3803 ac
2215 3748 2481 3803 frenando
2514 3750 2652 3803 mari
2693 3752 2842 3805 velut
2884 3754 3141 3833 repagula
3174 3754 3419 3824 quaedam
3449 3770 3512 3812 ac
3582 3764 3586 3769 '

1933 3846 2125 3908 portae,
2156 3853 2445 3894 arenarum
2473 3853 2502 3891 a
2531 3839 2640 3893 Deo
2666 3840 2839 3893 moles
2865 3840 3080 3909 objecta
3105 3850 3213 3907 est,
3245 3845 3513 3913 ejusdem-

1934 3943 2042 3998 que
2093 3928 2411 3982 mandatum
2460 3927 2771 3983 istiusmodi
2812 3942 2826 3979 :
2876 3928 3160 4000 [lucusque
3208 3936 3409 3998 venies,
3462 3946 3512 3990 et

1935 4036 2038 4074 non
2073 4017 2320 4090 procedes
2368 4019 2621 4089 amplius.
2652 4018 2758 4074 Sed
2787 4019 2843 4072 in
2888 4028 2937 4074 te
2972 4021 3369 4093 confringentur
3405 4026 3503 4095 ﬂu-

1936 4119 2051 4164 ctus
2100 4111 2178 4163 tui
2209 4111 2308 4181 (ait
2352 4108 2633 4181 Scriptura
2672 4109 2737 4179 ').
2772 4107 2865 4165 Sic
2896 4112 3060 4165 etiam
3094 4111 3172 4165 illi
3217 4112 3273 4167 in
3318 4125 3500 4171 semet-

1935 4204 2086 4275 ipsos
2113 4203 2312 4273 relapsi
2361 4203 2579 4274 penitus
2611 4208 3024 4257 consumentur.
3056 4201 3378 4274 Quanquam
3411 4204 3512 4262 hoc

241 4303 343 4374 τῆς
372 4303 406 4374 ἡ
436 4301 609 4355 κακία
634 4300 728 4354 καὶ
755 4299 790 4370 ἠ
823 4297 998 4370 πλάνη
1031 4295 1416 4366 τυφλώττουσα
1445 4297 1538 4350 τὸν
1565 4297 1707 4362 νοῦν,
1740 4300 1828 4351 καὶ

1938 4295 2180 4359 interest,
2217 4293 2363 4364 quod
2396 4293 2509 4347 illic
2543 4293 2610 4347 ad
2654 4291 2956 4347 coercenda
2990 4294 3165 4349 maria
3195 4294 3383 4350 divino
3413 4296 3511 4353 im-

239 4396 336 4448 τὺν
362 4391 563 4463 εὐσεϐῆ
603 4389 862 4460 λογισμὸν
893 4387 1371 4464 ἀποστρεφομένη,
1406 4387 1679 4458 προῦλαϐε
1709 4388 1830 4441 καθ’

242 4484 471 4554 ἑαυτῆς,
521 4483 711 4552 ὥσπερ
757 4480 977 4551 κύματα
1019 4480 1326 4551 ἐγείρουσα,
1377 4478 1448 4532 τά
1486 4479 1703 4550 σχέτλια
1726 4479 1833 4533 τῶν

244 4572 857 4648 προαπαγγελλομένων
900 4571 1083 4634 αὐτοῖς
1105 4569 1447 4641 ὐπολήψεων,
1495 4570 1702 4642 ἑτέροις
1733 4570 1834 4623 κύ-

246 4682 415 4738 μασιν
451 4666 619 4735 ὲαυτῇ
656 4663 1055 4734 συγκρούουσα,
1085 4662 1180 4715 καὶ
1214 4663 1273 4714 ὲν
1314 4662 1478 4732 ἑαυτῇ
1506 4663 1590 4714 ἀεὶ
1617 4679 1836 4734 συντρι-

244 4758 449 4829 ϐομὲνη
479 4756 680 4829 ἑαυτὴν
704 4755 1026 4809 διαλύειν¹⁶·
1062 4753 1095 4825 ἧ
1127 4753 1378 4825 καθάπερ
1411 4754 1638 4825 ἑρπετὸν
1665 4754 1834 4808 δεινὸν

244 4847 426 4918 ἐαυτῷ
471 4845 870 4917 λυμαινόμενον
911 4846 1005 4901 καὶ
1048 4843 1534 4915 ἀντιστρεφόμενον
1582 4844 1689 4897 ἀπὸ
1735 4846 1834 4916 τῆς

244 4939 471 5009 κέρκου,
489 4937 589 4990 καὶ
607 4935 767 4988 ἑαυτὸ
799 4935 1101 5001 κατεσθίον,
1130 4934 1262 4989 αὐτὸ
1282 4933 1478 4988 ἑαυτοῦ
1505 4933 1835 4988 ἀναλωτικὺν

243 5029 473 5097 γίνεται.
502 5027 680 5081 Τοῦτο
706 5025 811 5098 γάρ
842 5042 971 5095 φασι
998 5024 1324 5096 γεγενῆσθαι
1352 5024 1529 5096 καιρῷ
1549 5025 1653 5079 ὑπὸ
1675 5025 1837 5081 ἀσπί-

1935 4384 2089 4456 perio
2120 4385 2388 4440 terminus
2423 4385 2513 4439 ille
2540 4384 2873 4451 constitutus
2907 4389 3027 4450 est;
3064 4384 3155 4440 hic
3185 4392 3366 4441 autem
3395 4386 3516 4458 ipsa
3597 4420 3605 4428 -

1935 4490 2035 4546 per
2066 4490 2188 4532 sese
2233 4474 2496 4546 nequitia,
2532 4483 2694 4545 atque
2725 4466 3011 4530 exalzcatae
3058 4478 3257 4534 mentis
3299 4494 3455 4535 error
3482 4493 3515 4536 a

1936 4579 2102 4621 sensu
2160 4563 2379 4634 pietatis
2428 4563 2730 4622 abhorrens
2781 4566 3155 4623 infelicissima
3208 4568 3337 4635 illa,
3394 4586 3516 4641 quae

1938 4664 2065 4712 ante
2085 4657 2434 4728 protulimus,
2461 4658 2734 4729 dogmata,
2766 4660 2916 4714 velut
2950 4660 3218 4730 quosdam
3247 4662 3301 4716 in
3332 4678 3394 4718 se
3419 4662 3517 4718 ilu-

1940 4757 2061 4806 ctus
2103 4750 2361 4805 excitavit
2397 4749 2571 4820 prius,
2613 4763 2678 4805 ac
2719 4753 3016 4808 contrariis
3049 4750 3303 4811 ﬂuctibus
3337 4755 3509 4823 illisit,

1940 4848 1994 4897 et
2025 4842 2375 4912 semetipsum
2410 4841 2463 4895 in
2499 4856 2558 4896 se
2596 4857 2896 4899 conversus
2942 4842 3369 4917 contractusque
3401 4844 3543 4905 dis-5

1940 4933 2157 5003 sipavit.
2210 4933 2319 4986 Aut
2369 4939 2428 4985 ut
2480 4933 2720 4987 exitialis
2780 4949 3008 5004 serpens
3052 4951 3173 4992 sese
3215 4938 3508 4993 conﬁciens

1940 5025 2154 5094 ipsum,
2200 5031 2253 5079 ct
2296 5038 2324 5076 a
2369 5022 2541 5077 cauda
2590 5024 2862 5091 replicans
2911 5040 2975 5079 ac
3024 5027 3308 5082 revolvens
3353 5042 3512 5084 suum

318 5230 333 5259 ⁸
368 5227 428 5282 F.
463 5227 702 5317 ψάμμος
734 5225 897 5297 ὃριον.
978 5228 1015 5257 ι·
1036 5224 1347 5297 Legendum
1376 5225 1600 5278 διαλύει.
1678 5227 1697 5255 ¹
1730 5226 1747 5279 Ι
1776 5226 1826 5280 Μ

1931 5254 1954 5281 π.
1986 5242 2025 5289 l,
2053 5228 2104 5280 l.
2150 5225 2202 5277 ,³
2231 5223 2399 5278 Exod.
2440 5240 2501 5291 ιι,
2541 5225 2607 5278 l8
2635 5241 2757 5296 sqq.
2835 5224 2856 5255 ⁸
2885 5224 3072 5278 Matth.
3104 5241 3161 5287 x,
3191 5224 3281 5281 25.
3340 5227 3380 5317 .'
3408 5224 3515 5282 Job

243 5313 474 5361 xxxvm,
512 5299 573 5350 Η

309 5453 425 5521 (42)
468 5450 537 5504 Τί
563 5447 902 5521 ἐταχύνατε
933 5448 1239 5521 σήμερον.Δ
1261 5445 1432 5521 Exod.
1469 5460 1533 5507 tt,
1567 5459 1710 5521 com.
1744 5446 1835 5521 i8,

238 5515 740 5587 Διότιέταχὺνατε
775 5515 1308 5589 τοῦπαραγενέσθαι
1353 5516 1623 5589 τήμερονς
1678 5517 1834 5589 Apud

236 5584 622 5667 Epiphanium
650 5586 858 5639 voculae
886 5584 1001 5641 istae
1032 5584 1116 5641 ἐπ’
1146 5587 1304 5640 αὐτόν
1337 5584 1680 5640 commodum
1713 5584 1835 5640 nul-

1941 5448 2049 5502 lum
2074 5461 2295 5502 sensum
2311 5445 2571 5516 reddunt,
2584 5445 2691 5501 nisi
2709 5447 2766 5509 ὲς
2783 5446 2945 5501 αὐτὸν
2960 5446 3168 5516 ἔφασαν
3185 5448 3506 5502 substituas.

2011 5516 2123 5589 (45)
2162 5514 2440 5589 Καθάπερ
2482 5517 2750 5589 χαλινός,
2791 5524 2895 5589 etc.
2939 5514 3148 5589 Leviter
3181 5518 3509 5589 depravatae

1941 5583 2029 5642 hic
2056 5583 2213 5642 locus
2241 5592 2344 5640 est.
2376 5583 2632 5642 Fortasse
2664 5588 2948 5658 legendum
2977 5600 3057 5642 est
3089 5583 3319 5659 ὡρίσθη.
3385 5609 3393 5615 ·
