3980 6086
431 183 532 240 481

1806 175 1863 229 S.
1906 173 2247 230 EPIPHANII

3584 167 3691 225 ‘59.

433 290 635 345 corpus
680 273 881 343 adedit,
927 279 982 328 et
1029 272 1283 328 absumit.
1326 270 1387 326 id
1424 270 1570 326 enim
1620 268 1751 323 olim
1796 270 2015 340 aspides

2129 270 2221 323 Ξων
2256 267 2705 337 συγκλεισθεισῶν
2737 268 2793 322 ὲν
2829 267 3025 332 πίθοις,
3061 266 3154 322 καὶ
3180 265 3418 335 ἑκάστης
3440 265 3541 335 τὴν
3573 264 3691 316 ἑτέ-

436 366 632 421 fecisse
656 371 901 423 narrant,
931 376 1182 431 quarum,
1210 375 1333 415 cum
1356 358 1581 413 inclusa:
1614 356 1776 411 doliis
1803 364 2008 421 essent,

435 454 857 510 alteram‘altera
891 452 1187 506 devoravit.
1216 450 1352 503 Tum
1384 464 1505 519 qua:
1535 448 1767 502 ferocior
1796 462 1859 501 ac
1884 463 2013 501 cru-

437 547 612 602 delior
641 554 759 600 erat
785 545 900 600 sola
930 557 1239 603 remanens,
1260 548 1561 609 enectaque
1584 538 1749 604 fame,
1776 538 2014 607 seipsam

438 651 469 691 a
525 637 698 692 cauda
749 636 1014 704 incipiens
1071 633 1330 704 paulatim
1386 630 1730 699 consumpsit
1787 647 1800 681 :
1855 629 2015 698 idque

438 727 616 796 ipsum
669 727 723 778 in
774 724 1007 795 Egypto
1054 723 1348 791 contigisse
1393 737 1421 775 a
1467 720 1781 783 nonnullis,
1822 718 1915 788 qui
1952 718 2018 772 de

439 832 622 872 rerum
668 826 859 869 natura
905 815 1281 885 scripserunt,
1320 812 1591 883 proditum
1634 819 1740 865 est.
1775 808 1931 863 Unde
1964 817 2018 860 et

440 910 512 963 ob
542 908 886 978 Gorgoneum
918 906 1082 960 veluti
1114 913 1298 973 caput,
1335 902 1799 972 Aspidogorgonis
1825 898 2018 966 merito

442 1004 490 1061 ci
527 1012 610 1056 est
642 1016 836 1056 nomen
874 1000 1208 1068 impositum.
1257 997 1518 1052 Similiter
1550 997 1763 1065 ineptus
1802 1008 1867 1047 ac
1907 1001 2020 1047 sto-

440 1094 585 1149 lidus
615 1093 806 1153 Ebion,
842 1090 1175 1160 Ebionisque
1209 1089 1449 1143 fautores
1490 1085 1782 1140 concidere
1808 1085 2018 1152 seipsos

442 1190 874 1246 anteverterunt,
900 1196 1072 1250 eaque
1101 1180 1300 1250 quibus
1332 1178 1677 1248 potissimum
1716 1175 2019 1245 gloriantur

443 1274 601 1328 initio
637 1273 995 1346 sustulerunt.
1023 1271 1141 1325 Non
1169 1270 1313 1326 enim
1355 1269 1629 1333 Christus,
1670 1274 1855 1337 utpote
1892 1280 2018 1319 cum

444 1364 625 1418 infans
692 1363 868 1417 adhuc
917 1372 1085 1426 esset,
1140 1361 1431 1430 semetipse
1476 1358 1845 1413 circumcidit.
1912 1356 2020 1410 Sed

444 1454 751 1509 laudandus
786 1463 1073 1523 propterea
1108 1454 1425 1507 misericors
1456 1451 1719 1505 Dominus
1746 1457 1852 1512 est,
1874 1447 2021 1518 quod

443 1548 520 1600 ita
555 1562 612 1600 se
644 1544 818 1599 Ehiou
864 1545 1183 1614 imprudens
1230 1543 1516 1611 obiecerit,
1552 1550 1609 1595 ιιι
1644 1540 1864 1594 minime
1893 1552 2019 1593 vcra

2117 377 2217 432 ραν
2261 360 2748 430 καταναλωσάσης,
2778 359 2877 429 τὴν
2909 357 2966 411 δὲ
3015 357 3355 429 ίταμωτέραν
3400 356 3493 409 καὶ
3536 354 3693 425 χαλε-

2115 454 2366 525 πωτέραν
2413 454 2493 517 εἰς
2541 450 2764 525 ὕστερον
2813 451 3180 523 μεμενηκέναι
3236 450 3402 521 μόνην
3444 448 3694 503 καταλει-

2117 548 2340 617 φθεῖσαν
2367 587 2382 608 ,
2436 545 2533 599 καὶ
2583 546 2661 608 είς
2704 547 2893 597 πεῖναν
2937 542 3215 607 ἐλθοῦσαν,
3257 542 3363 594 ἀπὸ
3410 541 3509 610 τῆς
3562 540 3695 600 ιδίας

2116 641 2312 709 κέρκου
2338 635 2649 707 ἀρξαμένην
2678 635 2874 705 ἑαυτὴν
2896 633 3395 703 καταϐεϐρωκέναι,
3428 622 3695 701 ἱστοροῦσί

2119 746 2256 791 τινες
2290 727 2595 797 φυσιολόγοι
2629 725 2769 778 κατὰ
2814 725 2911 794 τὴν
2958 724 3268 791 Αἰγυπτίων
3300 721 3503 792 χώραν.
3536 720 3695 773 Ὅθεν

2119 821 2209 872 καὶ
2242 818 2512 888 ἁρμοδίως
2541 817 2599 868 τὸ
2622 817 2789 885 ὄνομα
2819 816 2956 885 αὐτῇ
2988 815 3261 873 ἐπέθεντο,
3289 812 3373 865 διὰ
3401 812 3496 881 τὴν
3531 828 3699 878 κεφα-

2118 905 2213 975 λὴν
2256 906 2351 974 τῆς
2397 905 2654 975 Γοργόνος
2695 904 2787 956 καὶ
2838 902 3042 972 ταύτην
3088 900 3550 970 Ἀσπιδογοργόνα
3600 915 3692 949 κα-

2118 996 2348 1058 λοῦντες.
2384 994 2538 1047 Οὕτω
2567 994 2662 1045 καὶ
2688 996 2716 1046 ὁ
2740 994 3090 1064 ματαιόφρων
3122 992 3336 1055 Ἐϐίων,
3364 994 3457 1043 καὶ
3483 992 3530 1043 οἱ
3560 987 3694 1059 ἀμφ’

2119 1087 2282 1141 αὐτὸν
2315 1085 2615 1155 προῦλαϐον
2648 1085 2871 1146 ἑαυτοὺς
2915 1084 3361 1152 κατατέμνοντες,
3414 1084 3505 1134 καὶ
3548 1083 3703 1135 ἀναι-

2124 1176 2339 1249 ροῦντες
2380 1174 2474 1228 ἀπ’
2516 1174 2689 1243 ἀρχῆς
2734 1176 2935 1235 ἐκεῖνα,
2978 1173 3060 1240 ἐφ’
3091 1167 3170 1235 οἷς
3203 1173 3295 1224 καὶ
3323 1170 3701 1240 σεμνύνονται.

2120 1266 2353 1338 Χριστὸς
2393 1265 2500 1335 γὰρ
2546 1265 2734 1317 ἑαυτὸν
2777 1265 2835 1316 οὐ
2872 1264 3165 1333 περιέτεμε
3187 1256 3214 1292 ·’
3240 1263 3444 1316 παιδίον
3472 1267 3578 1331 γὰρ
3609 1258 3701 1332 ἦν.

2122 1358 2256 1423 Δόξα
2300 1358 2355 1410 δὲ
2398 1356 2475 1426 τῷ
2521 1356 2773 1426 ἐλεήμονι
2813 1355 2949 1424 Θεῷ,
2982 1356 3062 1407 ὅτι
3110 1352 3297 1406 ἑαυτὸν
3344 1353 3648 1424 προῦϐαλεν
3676 1350 3705 1405 ὁ

2126 1448 2335 1513 Ἐϐίων,
2380 1449 2465 1499 ἵνα
2511 1448 2578 1500 τὰ
2623 1447 2853 1515 ἀληθινὰ
2902 1446 2975 1516 μὴ
3011 1446 3341 1516 ὁμολογήσῃ,
3387 1445 3463 1507 είς
3495 1444 3555 1496 τὸ
3599 1444 3698 1496 καὶ

2123 1540 2340 1609 ἔλεγχον
2391 1538 2539 1609 αὐτῷ
2583 1537 2853 1605 γενέσθαι.
2906 1536 2969 1589 Εἰ
3026 1536 3125 1606 μὲν
3168 1537 3275 1606 γὰρ
3309 1536 3491 1601 ἔλεγεν
3541 1535 3704 1588 αὐτὸν

442 1634 753 1698 confessus,
777 1633 1138 1689 convincendi
1168 1634 1253 1687 sui
1282 1647 1473 1687 ansam
1499 1631 1656 1685 nobis
1681 1630 2018 1684 ohtruderet.

2129 1632 2256 1685 Θεὸν
2283 1630 2486 1684 ἄνωθεν
2519 1631 2723 1699 ἥκοντα
2760 1628 3189 1700 περιτετμῆσθαι
3234 1628 3328 1697 τὴν
3362 1628 3706 1696 όκταήμερον

446 1724 503 1781 Si
550 1727 693 1780 enim
745 1724 915 1778 Deum
969 1724 1121 1777 illum
1171 1739 1324 1788 esse,
1369 1723 1695 1791 cmlitusque
1738 1721 2020 1789 delapsum

445 1822 754 1879 assereret,
806 1823 1110 1883 octavoque
1159 1813 1247 1867 die
1291 1827 1323 1867 a
1369 1812 1536 1866 Maria
1592 1811 2018 1873 circumcisum,

398 1900 405 1905 ’
447 1918 558 1961 tum
586 1905 802 1975 quidem
839 1915 1107 1974 quatenus
1135 1914 1187 1958 et
1216 1902 1361 1958 Deus
1395 1902 1553 1965 foret,
1599 1912 1652 1957 et
1689 1901 1743 1956 id
1789 1903 1929 1955 ultro
1959 1915 2023 1955 ac

446 1998 723 2051 voluntate
769 1995 1141 2065 permisisset,
1175 1977 1483 2064 speciosum
1513 1992 1771 2063 quiddam
1809 2008 1873 2047 ac
1901 2006 2027 2062 pro-

450 2089 626 2143 babile
655 2088 722 2143 ad
752 2088 1193 2141 circumcisionis
1232 2084 1759 2139 commendationem
1793 2084 2028 2138 circum-

447 2178 670 2232 foraneo
720 2177 878 2247 152
914 2178 1005 2230 isti
1045 2177 1385 2245 praebuisset.
1428 2173 1552 2231 Jam
1590 2188 1717 2229 vero
1756 2189 1879 2228 cum
1912 2188 2026 2226 me-

451 2283 572 2321 rum
611 2268 763 2320 illum
797 2265 1069 2318 hominem
1098 2280 1240 2328 esse,
1275 2273 1437 2332 atque
1477 2263 1545 2316 ab
1575 2262 1889 2317 hominibus
1918 2263 2027 2315 cir-

446 2358 755 2414 cumcisum
817 2354 988 2409 fuisse
1049 2355 1283 2418 sentiat,
1336 2367 1680 2422 nequaquam
1728 2367 1897 2423 puero
1952 2352 2028 2406 illi

450 2448 602 2502 velut
634 2446 844 2499 auctori
873 2443 1223 2497 tribuendum
1248 2449 1367 2508 est,
1402 2444 1547 2511 quod
1580 2450 1770 2497 octava
1804 2444 1876 2497 sit
1908 2444 2028 2497 luce

450 2536 827 2593 circumcisus.
861 2532 1047 2603 Neque
1074 2535 1220 2587 enim
1250 2535 1603 2603 semetipsum
1635 2532 1901 2601 praecidit,
1932 2534 2026 2588 sed

451 2629 508 2684 id
538 2628 608 2683 ab
640 2628 765 2683 aliis
811 2641 1008 2696 passus
1042 2635 1125 2681 est
1154 2642 1166 2677 :
1194 2624 1341 2695 quod
1389 2624 1495 2680 sibi
1543 2624 1678 2694 ipsis
1719 2624 1872 2694 pueri
1918 2640 2028 2679 non

453 2721 699 2784 faciunt,
748 2732 925 2786 neque
961 2715 1401 2770 circuutcisionis
1449 2720 1704 2768 auctores
1748 2713 1884 2782 ipsi,
1933 2713 2029 2769 sed

2127 1722 2232 1774 ὑπὸ
2257 1722 2352 1790 τῆς
2376 1722 2612 1791 Μαρίας,
2644 1719 2704 1772 τὸ
2730 1718 3049 1789 τηνικαῦτα,
3086 1718 3214 1781 Θεὸς
3239 1717 3333 1778 ὢν,
3364 1717 3457 1769 καὶ
3494 1734 3708 1785 συγχω-

2132 1813 2239 1886 ρῶν
2266 1814 2405 1865 κατά
2432 1812 2566 1864 ἰδίαν
2598 1811 2865 1871 εὐδοκίαν,
2892 1813 3149 1882 παρεῖχεν
3179 1809 3241 1861 ἂν
3271 1808 3348 1878 τῷ
3372 1808 3580 1878 ἀγύρτῃ
3610 1806 3707 1875 τῆς

2131 1902 2428 1976 περιτομῆς
2470 1902 2880 1970 πιθανολογίανο
2928 1903 3088 1956 ὁπότε
3134 1900 3191 1955 δε
3236 1900 3389 1970 ψιλὸν
3421 1900 3708 1970 ἄνθρωπον

2130 1996 2287 2048 αὐτὸν
2328 1994 2653 2064 γεγενῆσθαι
2686 1995 2705 2026 ³
2742 1993 2833 2049 ὑπ’
2878 1994 3177 2066 ἀνθρώπων
3214 1992 3569 2065 παρεισφέρει
3611 2008 3712 2043 πεο

2133 2085 2510 2155 ριτετμῆσθαι,
2540 2084 2721 2138 οὐκέτι
2748 2085 2919 2148 αἴτιός
2949 2087 3095 2138 ἐστιν
3141 2086 3168 2137 ὁ
3209 2085 3356 2147 παῖς,
3389 2084 3437 2136 εί
3481 2084 3576 2136 καὶ
3609 2082 3712 2150 τὴν

2130 2177 2469 2246 ὀκταήμερον
2514 2178 2807 2248 περιτομὴν
2854 2168 3212 2247 περιετμήθη.
3262 2177 3335 2228 Οῦ
3379 2174 3485 2246 γὰρ
3518 2173 3714 2227 ἑαυτὸν

2133 2268 2478 2338 περιέτεμεν,
2523 2268 2636 2322 ἀλλ’
2688 2267 2791 2319 ὑπὸ
2841 2262 3143 2338 ἀνθρώπων
3191 2264 3551 2337 περιετμήθη.
3598 2260 3715 2318 Καὶ

2132 2357 2238 2430 γὰρ
2268 2358 2317 2408 οἱ
2353 2356 2541 2420 παῖδες
2584 2356 2681 2426 οὐχ
2727 2356 2951 2418 ἑαυτοὺς
3001 2352 3412 2426 περιτέμνουσι,
3451 2356 3547 2408 καὶ
3587 2354 3716 2406 οὐδὲ

2135 2447 2294 2501 αἴτιοί
2319 2450 2425 2500 εἰσι
2464 2448 2563 2518 τῆς
2590 2448 2796 2499 ἑαυτῶν
2841 2449 3161 2518 περιτομῆς,
3187 2442 3299 2501 ἀλλ’
3330 2444 3378 2499 οἱ
3410 2444 3588 2499 αὐτῶν
3618 2462 3716 2513 γο-

2134 2541 2265 2597 νεῖς.
2296 2539 2523 2592 Ἐκεῖνοι
2567 2540 2674 2610 γὰρ
2707 2539 2927 2610 βραχεῖς
2971 2538 3142 2603 ὄντες,
3178 2538 3525 2609 νηπιάζουσιν
3552 2537 3724 2605 ἀγνοι

2135 2627 2336 2695 οῦντες,
2369 2630 2463 2682 καὶ
2497 2630 2629 2683 οὐδὲ
2673 2629 2848 2683 οἴδασι
2890 2629 2943 2682 τί
2986 2630 3180 2693 αὐτοῖς’
3217 2630 3320 2683 ὑπὸ
3357 2630 3465 2682 τῶν
3512 2628 3723 2696 γονέων

2136 2719 2364 2786 γίνεται.

453 2827 640 2869 eorum
674 2811 853 2880 potius
887 2813 1145 2876 parentes
1190 2803 1425 2860 habendi
1492 2810 1643 2858 sunt.
1694 2802 1907 2858 Etenim
1958 2808 2216 2875 pusiones
2251 2811 2328 2865 illi
2373 2828 2485 2883 pra:
2535 2813 2765 2870 inﬂantia
2834 2814 2964 2886 quid
3006 2814 3108 2869 sibi
3175 2828 3205 2868 a
3250 2811 3565 2884 parentibus
3625 2810 3726 2864 ﬁat

454 2906 728 2972 ignorant.

527 2992 738 3047 XXVII.
767 2993 837 3046 At
866 3008 967 3046 nos
992 3000 1046 3046 et
1073 2990 1243 3047 Deum
1274 2990 1427 3048 illum
1453 3006 1483 3046 e
1513 2990 1654 3047 cmlo
1686 2991 2025 3047 descendissc

2211 2997 2337 3051 KZ'.
2383 2998 2572 3066 Ἡμεῖς
2599 2995 2655 3050 δὲ
2697 2997 2790 3050 καὶ
2828 2996 2957 3050 Θεὸν
2983 2995 3143 3050 αὐτὸν
3172 2992 3398 3066 λέγομεν
3425 2995 3520 3047 ἀπ’
3549 2990 3727 3064 οὖρα-

455 3086 711 3148 dicinius,
743 3094 796 3139 et
826 3084 881 3137 in
914 3082 1097 3137 Mariae
1126 3080 1367 3152 Virginis
1416 3090 1569 3138 utero
1617 3083 1859 3152 legitimo
1900 3092 2034 3137 tem-

456 3190 588 3245 pore
636 3174 1043 3244 permansisse,
1098 3180 1306 3243 quanto
1361 3173 1566 3228 scilicet
1614 3173 1816 3242 gestari
1856 3172 2038 3227 caeteri

457 3266 744 3319 infantium
780 3265 976 3327 solent,
1009 3264 1183 3317 donec
1210 3280 1275 3317 ex
1310 3263 1403 3318 illo
1443 3262 1681 3332 Virginis
1714 3271 1871 3318 utero
1905 3278 2038 3334 pro—

457 3360 636 3421 fusus,
669 3356 913 3427 perfecto
938 3354 1053 3423 jam
1089 3354 1326 3409 hominis
1360 3354 1507 3424 quod
1556 3354 1808 3409 induerat
1840 3369 2038 3424 corpo-

457 3466 538 3513 re,
584 3458 890 3518 susceptam
927 3462 958 3500 a
1003 3462 1063 3501 se
1109 3445 1305 3501 salutis
1353 3454 1556 3500 nostra:
1599 3446 2035 3515 procurationem

457 3542 679 3611 aggredi
730 3538 989 3593 instituit.
1024 3537 1081 3591 In
1112 3551 1219 3606 qua
1251 3546 1307 3592 et
1342 3536 1410 3591 ad
1453 3536 1598 3593 diem
1638 3544 1893 3593 octavum
1927 3553 2036 3593 non

458 3632 642 3702 specie
692 3641 893 3692 tenus,
943 3629 1038 3684 sed
1095 3629 1274 3699 reipsa
1318 3628 1679 3685 circumcisus
1722 3638 1830 3685 est.
1876 3628 2039 3685 Venit

460 3724 607 3779 enim
653 3730 711 3776 ut
755 3722 925 3791 legem
957 3735 1022 3775 ac
1066 3721 1455 3791 prophetarum
1504 3720 1752 3791 impleret
1793 3722 2034 3786 oracula,

463 3830 569 3867 non
596 3819 861 3867 everteret
889 3811 942 3876 ¹;
974 3818 1138 3880 atque
1171 3820 1230 3865 ut
1254 3811 1488 3866 alienam
1520 3827 1626 3867 non
1659 3810 1831 3867 fuisse
1864 3812 2036 3882 legem

2138 3084 2230 3138 νοῦ
2274 3086 2513 3150 ἐλθόντα,
2560 3088 2654 3141 καὶ
2701 3089 2757 3140 ὲν
2811 3088 2993 3159 μήτρᾳ
3040 3086 3315 3158 Παρθένου
3359 3086 3580 3157 Μαρίας
3630 3084 3729 3139 τὸν

2138 3176 2326 3248 χρόνον
2382 3176 2488 3230 τῶν
2536 3178 3019 3248 ἑγκυμονουμένων
3066 3177 3271 3230 παίδων
3320 3193 3467 3247 παρα
3477 3193 3737 3247 μεμενη-

2074 3317 2087 3321 -
2138 3268 2292 3331 κότα,
2338 3268 2442 3330 ἕως
2482 3267 2701 3331 τελείως
2742 3267 2850 3321 ἀπὸ
2886 3269 2983 3338 τῆς
3024 3266 3353 3338 παρθενικῆς
3381 3268 3595 3340 μήτρας
3626 3266 3735 3341 τὴν

2140 3358 2402 3428 ἐνσαρκον
2442 3357 2853 3431 ὲνανθρώπησιν
2899 3358 3077 3429 ἑαυτῷ
3110 3358 3202 3411 καὶ
3241 3359 3550 3429 οἰκονομίαν
3578 3363 3738 3414 οἰκο-

2139 3452 2371 3521 νομήσῃ,
2400 3454 2458 3505 ἐν
2490 3444 2524 3525 ᾖ
2553 3453 2643 3506 καὶ
2688 3452 3027 3525 περιετμήθη
3072 3452 3377 3524 ἀληθινῶς,
3411 3456 3505 3507 καὶ
3539 3456 3602 3507 οὐ
3634 3455 3737 3507 60-

2139 3544 2295 3613 κήσει
2321 3542 2501 3613 ἡμέρᾳ
2525 3545 2590 3615 τῇ
2618 3544 2794 3615 ὀγδόῃ.
2821 3540 2993 3596 Ἦλθε
3034 3544 3143 3616 γὰρ
3190 3545 3479 3616 πληρῶσαι
3517 3545 3613 3598 τὸν
3640 3547 3741 3599 νό-

2142 3649 2240 3702 μον
2270 3633 2363 3685 καὶ
2395 3634 2521 3696 τοὺς
2565 3635 2878 3704 προφήτας,
2923 3635 3017 3688 καὶ¹
3063 3635 3124 3688 οὐ
3168 3634 3469 3688 καταλῦσαι
3494 3654 3507 3665 ’
3536 3637 3637 3689 καὶ
3669 3638 3741 3691 οὐ

2138 3722 2229 3776 τὸν
2275 3724 2436 3795 νόμον
2489 3724 2762 3796 ἀλλότριον
2794 3726 3091 3796 ἀποφῆναι,
3136 3726 3270 3779 ἀλλὰ
3304 3724 3363 3790 ἐξ
3403 3726 3572 3779 αὑτοῦ
3627 3729 3744 3798 μὲν

2138 3815 2531 3887 δεδωρημένον,
2565 3817 2666 3879 ἕως
2704 3816 2759 3869 δὲ
2803 3817 2968 3870 αὑτοῦ
3012 3821 3069 3871 ὲν
3113 3819 3305 3881 τύποις
3350 3822 3743 3889 μεμενηκότα,

459 3904 791 3969 ostenderet,
824 3902 917 3958 sed
950 3917 979 3954 a
1005 3901 1190 3973 seipse
1222 3917 1542 3958 concessam
1569 3902 1636 3957 ad
1673 3918 1831 3957 suum
1864 3918 2038 3971 usque

459 4005 678 4065 tempus
705 3994 809 4048 sub
837 3993 1168 4062 quibusdam
1203 3992 1502 4062 ﬁgurarum
1526 3993 1675 4048 velut
1705 3993 2039 4047 umbraculis

460 4088 766 4157 perstitisse
800 4100 951 4157 :quo
997 4086 1052 4138 in
1099 4099 1221 4139 sese
1270 4098 1334 4138 ac
1376 4099 1472 4153 per
1516 4099 1637 4140 sese
1677 4084 2040 4154 quodcunque

2138 3906 2285 3968 ὅπως
2308 3908 2363 3958 ἐν
2388 3906 2536 3976 αὐτῷ
2562 3908 2654 3960 καὶ
2675 3907 2740 3959 δι’
2763 3907 2927 3960 αὑτοῦ
2952 3908 3111 3962 πάλιν
3135 3911 3270 3982 ὅπερ
3297 3910 3540 3964 ἐνέλιπεν
3568 3913 3630 3963 ὲν
3659 3913 3751 3982 τῷ

2140 3994 2288 4065 νόμῳ
2322 3996 2603 4067 πληρωθῇ,
2630 3997 2715 4050 ἴνα
2749 3998 2798 4049 οἱ
2822 3997 2981 4050 τύποι
3007 4000 3084 4061 εἰς
3109 4001 3486 4070 πνευματικὴν
3508 4003 3635 4054 τελε
3648 4004 3752 4056 iw-

2142 4101 2224 4136 σιν
2255 4085 2495 4148 ἐλθόντες
2521 4088 2576 4138 ὲν
2606 4086 2851 4158 ἀληθείᾳ,
2888 4089 2979 4144 ὑπ’
3008 4089 3171 4143 αὑτοῦ
3203 4106 3260 4142 τε
3288 4092 3382 4143 καὶ
3414 4090 3522 4143 τῶν
3556 4092 3752 4146 αὑτοῦ

461 4176 561 4245 Ινεὶ
589 4176 774 4229 deerat
799 4181 1076 4243 postremo
1106 4172 1424 4242 suppleret;
1451 4171 1753 4242 eademque
1782 4173 1871 4225 illa
1906 4174 2025 4242 ligu-

2140 4176 2451 4229 ἀποστόλων
2495 4178 2878 4249 κηρυχθῶσιν,
2933 4178 3117 4248 οὐκέτιι
3163 4181 3313 4244 ὄντες
3363 4181 3562 4245 τύποι,
3618 4178 3752 4238 ἀλλὁ

461 4279 648 4317 rarum
685 4264 962 4317 involucra
986 4264 1053 4317 ad
1080 4263 1382 4333 spiritalem
1415 4262 1827 4333 perfectionem,
1862 4279 1925 4317 ac
1956 4280 2025 4318 ve-

2139 4268 2382 4341 ἀλήθεια.
2420 4268 2546 4322 Ἐπὶ
2587 4270 2760 4340 τούτῳ
2804 4272 2910 4343 γὰρ
2942 4271 3245 4343 ἐπληροῦτο
3288 4274 3347 4326 τὸ
3383 4276 3439 4325 ὲν
3470 4275 3550 4344 τῷ
3579 4278 3760 4347 νόμῳ

462 4355 677 4407 ritatem
722 4352 983 4421 perducta
1039 4353 1240 4422 tiguras
1280 4368 1406 4407 esse
1457 4352 1708 4418 desiisse,
1757 4362 1921 4422 atque
1970 4354 2025 4408 ad

2145 4356 2451 4428 εἰρημένον,
2488 4357 2589 4420 ἕως
2631 4358 2932 4412 αὐτοῦτοῦ
2967 4361 3157 4432 χρόνου
3195 4361 3513 4434 διαρκέσαν,
3544 4366 3658 4417 καὶ
3693 4368 3760 4417 ἐν

461 4444 746 4496 veritatem
789 4444 1110 4508 transiisse‘,
1137 4452 1249 4499 tam
1283 4445 1399 4514 ipse
1434 4459 1597 4515 quam
1641 4445 1762 4515 ejus
1805 4446 2025 4514 apostoli

2144 4445 2293 4516 αὐτῷ
2340 4447 2730 4518 ἀφιστάμενον,
2780 4452 2859 4513 είς
2891 4452 3164 4523 πλήρωμα
3201 4452 3256 4506 δὲ
3305 4452 3759 4524 μεθιστάμενον,

461 4532 841 4603 praedicarent.
878 4531 936 4587 ln
972 4533 1068 4586 illo
1112 4535 1310 4604 quippe
1352 4535 1497 4604 quod
1536 4536 1798 4604 scriptum
1835 4547 1952 4590 erat
1983 4536 2025 4588 iu

2142 4540 2278 4610 ὅπερ
2321 4539 2424 4611 ἔφη
2465 4544 2497 4611 ἠ
2545 4543 2815 4613 Σεπφώρει
2846 4543 2976 4614 (44)·
3008 4546 3089 4596 ὅτι
3128 4546 3315 4610 Ἔστη
3353 4545 3415 4597 τὸ
3445 4541 3599 4614 αἷμα
3631 4549 3765 4616 τῆς

463 4626 596 4694 lege,
627 4623 927 4693 perfectum
958 4633 1062 4687 est,
1094 4626 1169 4690 id,
1196 4626 1437 4695 inquam,
1464 4627 1606 4696 quod
1633 4629 1699 4681 ad
1717 4628 1836 4697 ejus
1865 4642 2025 4695 usque

2144 4630 2463 4701 περιτομῆς
2508 4634 2612 4687 τοῦ
2663 4635 2901 4687 παιδίου
2927 4654 3066 4704 μου.
3118 4637 3226 4690 Καὶ
3270 4638 3369 4689 οὐκ
3409 4632 3612 4701 εἶπεν,
3670 4642 3767 4694 ὅτι

461 4725 705 4786 tempora
742 4717 1077 4785 perduravit,
1110 4724 1164 4771 et
1198 4718 1251 4771 in
1282 4719 1403 4787 ipso
1428 4718 1541 4787 jam
1586 4720 1896 4775 absolutum
1936 4720 2025 4773 im-

2139 4722 2470 4792 Περιέτεμόν
2530 4742 2630 4794 μου
2687 4727 2747 4778 τὸ
2812 4727 3043 4780 παιδίον.
3094 4729 3168 4779 υἷι
3213 4727 3321 4799 γὰρ
3372 4728 3673 4800 ᾠκονόμει
3716 4738 3771 4786 .ό

463 4809 778 4877 pletumque
802 4807 985 4869 desiit,
1016 4808 1273 4863 nimirum
1314 4810 1459 4879 quod
1496 4808 1740 4879 Sephora
1769 4811 1984 4866 dicebat
2019 4830 2025 4866 :

2143 4812 2469 4876 ἀποσταλεὶς
2532 4814 2794 4891 ἄγγελος,
2832 4817 2921 4871 ἵνα
2970 4820 3239 4889 περιτομὴ
3289 4820 3538 4888 γένηται·
3604 4824 3772 4877 ἀλλὰ

463 4896 618 4954 Stetit
650 4898 865 4969 sanguis
892 4900 1311 4955 circumcisionis
1342 4901 1443 4969 ﬁlii
1475 4902 1573 4954 mei
1608 4902 1649 4953 '.
1692 4900 1809 4955 Non
1845 4902 1983 4956 dixit
2021 4922 2025 4955 τ

2145 4902 2262 4954 οὐδὲ
2298 4903 2358 4955 τὸ
2392 4896 2528 4973 αἷμα
2567 4906 2668 4975 τῆς
2700 4909 2999 4979 περιτομῆς
3032 4908 3288 4979 φοϐηθεὶς
3318 4911 3562 4979 ἀπέστη·
3608 4916 3777 4969 ἀλλὰ.

460 4986 789 5043 Circumcidi
848 4988 1017 5043 tilium
1059 5005 1258 5045 meum.
1319 4989 1504 5060 Neque
1558 4991 1699 5045 enim
1747 4991 1799 5045 id
1850 4993 2025 5062 agebat

2148 4992 2502 5062 ὑπομνήσεως
2551 4995 2707 5067 χάριν
2755 4997 2848 5051 τοῦ
2895 4999 3179 5068 μέλλοντος
3229 4999 3443 5053 παιδίου
3478 5002 3544 5054 τὸ
3607 5002 3777 5078 αἷμα

463 5078 721 5149 angelus,
774 5082 834 5133 ut
886 5080 1233 5134 circumcisio
1289 5078 1474 5146 ﬁeret,
1526 5096 1702 5151 neque
1757 5081 2025 5151 sanguini:

2148 5081 2246 5150 τῆς
2285 5086 2585 5156 περιτομῆς
2621 5087 2792 5158 ίστᾷψ
2831 5088 2966 5160 ὅπερ
3015 5090 3253 5154 ἀκούσας
3296 5091 3391 5144 καὶ
3436 5094 3780 5170 οἱκονομὴο

533 5231 549 5261 ¹
588 5230 774 5286 Matth.
817 5250 870 5299 ν,
908 5234 993 5288 17.
1069 5236 1088 5266 ¹
1124 5233 1295 5289 Exod.
1333 5250 1405 5298 tv,
1434 5233 1525 5289 25.
1605 5235 1626 5265 ³
1657 5230 1819 5290 Deest
1849 5233 1967 5287 καί.

462 5479 474 5493 ,
516 5407 871 5493 ,μοῇρπερ
906 5409 1033 5493 ,έξξη
1081 5413 1120 5479 ἡ
1164 5411 1473 5493 samem.
1525 5413 1775 5493 hin-inca“
1803 5421 1887 5467 est
1920 5412 2024 5466 loci

462 5482 643 5551 istius
655 5482 1061 5551 interpretatio,
1105 5497 1265 5549 quam
1322 5483 1658 5551 Epiphanius
1698 5482 1872 5541 affert.
1904 5498 2023 5551 quae

460 5566 527 5606 ex
561 5547 702 5602 LXX
751 5548 981 5605 lectione
1028 5547 1257 5620 petitur;
1308 5547 1440 5605 nam
1473 5552 1680 5608 llebrmi
1734 5564 1788 5609 et
1845 5547 2023 5607 Latini

2132 5410 2353 5488 codices
2390 5435 2401 5469 :
2437 5410 2670 5484 Sponsus
2696 5419 3025 5488 sungttt'num'
3052 5431 3105 5472 tu
3132 5417 3260 5473 mihi
3287 5438 3361 5481 es,
3388 5422 3462 5478 ob
3495 5424 3788 5488 circum-

2132 5484 2429 5609 cisitlmem,
2474 5477 2691 5542 habent.
2745 5477 2885 5541 LXX
2937 5506 3065 5545 vero
3113 5493 3271 5562 Iunge
3315 5477 3425 5547 alia

2134 5568 2237 5607 run
2265 5593 2278 5607 .
2556 5580 2567 5589 ν

2134 5568 2278 5607 NH“.
2556 5580 2567 5589 '
