3946 6074
315 121 422 180 453

1075 124 1447 182 ADVERSUS
1483 126 1828 183 HA‘JRESES
1865 128 1892 183 Ι

2025 131 2065 185 1.
2107 128 2270 188 ΤΟΜ.
2310 129 2375 185 ιι.
2414 159 2483 170 -
2523 129 2797 188 ΗΑεῖῐὶΕΒ.
2834 132 2999 189 XXX.
3034 201 3052 219 ο

3472 145 3579 199 454

318 257 418 305 σας
465 240 707 312 ἀπέστη,
742 241 854 296 Καὶ
886 242 1038 296 ποίου
1067 243 1301 307 παιδίου,
1331 245 1517 298 ἄκουε.
1549 243 1688 297 Ἀλλ’
1718 245 1751 316 ἢ
1782 247 1892 318 περ

2012 258 2158 301 metu
2183 247 2430 313 recessit,
2465 248 2561 304 sed
2597 256 2657 303 ut
2685 264 2809 305 eum
2844 249 3128 315 infantem,
3156 266 3185 305 a
3207 268 3317 323 quo
3348 257 3582 312 circum-

317 325 378 390 οὗ
407 329 564 387 εἶπεν
609 337 641 387 6
687 335 1008 406 προφήτης,
1038 335 1127 414 ὅτι
1157 335 1541 402 Θελήσουσιν
1579 339 1633 389 εὶ
1670 336 1906 406 ἐγένον-

319 443 385 479 το
409 425 522 495 (45)
547 427 975 493 πυρίκαυστοι.
1003 426 1132 480 Ὅτι
1165 426 1405 481 παιδίον
1425 428 1718 498 ἐγεννήθη
1739 428 1902 497 ἡμῖν,

322 519 417 572 καὶ
462 518 597 584 υίὸς
627 517 806 585 ἐδόθη
846 517 1014 586 ἡμῖν.
1044 516 1119 571 T6
1148 517 1247 587 μὲν
1276 516 1534 588 γεννηθὲν
1567 518 1779 572 παιδίον
1800 518 1907 572 δει-

321 611 452 673 κνὺς
494 610 554 662 ὲν
598 608 851 680 ἀληθείᾳ,
892 610 1041 672 ὅπως
1087 609 1303 680 σημάνῃ
1331 608 1430 679 τὴν
1464 609 1722 679 ἀληθινὴν
1754 611 1905 663 ἐναν-

322 699 638 772 θρώπησινο
671 699 732 753 τὸ
755 699 841 763 δὲ,
873 699 1003 764 υἱὸς
1038 697 1215 766 ἐδόθη
1257 700 1421 767 ἡμῖν,
1449 702 1595 763 ὅπως
1629 700 1776 772 δείξῃ
1814 703 1904 753 τὸν

318 791 526 845 ἄνωθεν
554 790 692 844 Θεοῦ
727 790 919 858 Λόγον,
955 790 1048 843 καὶ
1084 789 1212 842 rev
1245 790 1379 843 Θεοῦ
1411 791 1573 844 αὐτὸν
1605 792 1901 861 δειχθέντα,

320 883 413 936 καὶ.
462 883 522 934 ὲν
580 882 765 954 μήτρᾳ
798 881 1088 951 γενόμενον
1134 879 1663 951 ἐνανθρωπήσαντα,
1712 879 1903 949 ἔχοντα

318 973 610 1044 ἀμφότερα
639 972 773 1025 Θεὸν
791 971 887 1025 καὶ
916 971 1221 1043 ἄνθρωπον,
1247 970 1409 1023 αὑτὸν
1437 970 1591 1036 Θεὸν,
1625 970 1786 1023 αὐτὸν
1808 971 1902 1025 ἆν-

319 1064 538 1135 θρωπον
558 1103 573 1126 ,
610 1063 771 1117 αὐτὸν
818 1063 932 1116 υἱὸν
966 1062 1171 1117 ἄνωθεν
1205 1062 1454 1126 δοθέντα,
1496 1062 1657 1116 αὐτὸν
1692 1063 1902 1117 παιδίον

318 1140 675 1223 γεννηθέντα.
714 1153 831 1222 Ἐφ’
870 1146 932 1206 οὗ
965 1154 1094 1225 ἔστη
1139 1152 1322 1207 λοιπὸν
1366 1153 1427 1207 τὸ
1456 1148 1597 1223 αἷμα
1622 1154 1717 1223 τῆς
1748 1171 1903 1226 περι-

316 1245 523 1315 τομῆς,
552 1245 629 1308 ὡς
669 1246 764 1299 καὶ
803 1246 861 1300 έν
911 1244 988 1315 τῷ
1031 1244 1348 1316 Εὐαγγελίῳ
1382 1244 1550 1313 λέγει·
1587 1226 1715 1299 Ὅτε
1740 1241 1900 1316 ἦλθον

326 1336 584 1406 Ἕλληνες
642 1335 957 1406 βουλόμενοι
1003 1336 1164 1390 αὐτὸν
1219 1335 1514 1390 θεάσασθαι
1535 1352 1549 1367 ⁸
1599 1338 1690 1389 καὶ
1739 1322 1900 1407 ἦλθον

320 1429 456 1501 πρὸς
488 1428 778 1493 Φίλιππον,
820 1429 916 1481 καὶ
956 1428 1206 1498 λέγουσιν
1236 1429 1404 1499 αὐτῷ,
1439 1428 1621 1495 Δεῖξον
1646 1431 1776 1501 ἡμῖν
1809 1428 1900 1481 τὸν

320 1521 550 1589 Ἰησοῦν·
593 1522 691 1574 καὶ
718 1522 746 1573 6
772 1520 1037 1584 Φίλιππος
1078 1519 1157 1591 τῷ
1179 1520 1421 1591 Ἀνδρέᾳ,
1457 1521 1551 1573 καὶ
1580 1523 1609 1574 6
1644 1519 1897 1591 ’Δνδρέας

2009 332 2232 387 cisionis
2271 348 2436 387 cruor
2485 333 2813 391 inbibendus
2845 345 2998 402 erat,
3032 338 3089 392 in
3125 342 3444 397 memoriam
3490 361 3580 400 re-

2008 431 2245 477 vocaret.
2296 422 2478 489 Quare
2511 440 2633 479 mox
2681 435 2739 480 ut
2773 427 2907 480 illud
2954 429 3162 482 audivit
3204 445 3267 485 ac
3307 434 3577 502 praestitit,

2005 526 2036 566 e
2067 512 2247 567 medio
2281 527 2340 566 se
2371 513 2653 568 subduxit.
2684 514 2751 568 At
2778 517 3030 586 quisnam
3064 518 3153 585 ille
3183 518 3402 576 futurus
3434 531 3580 577 esset

2008 602 2208 665 Infans,
2240 604 2446 673 accipe.
2481 605 2535 659 Is
2571 606 2713 659 enim
2748 620 2865 661 erat
2897 609 2963 662 de
2996 624 3105 677 quo
3138 612 3402 681 pr0plieta
3430 613 3578 666 locu-

2007 701 2093 747 tus
2142 701 2226 747 est
2268 708 2281 745 :
2333 692 2401 746 Et
2451 694 2619 748 volent
2663 713 2775 750 esse
2818 698 2933 767 igne
2979 701 3255 757 combusti.
3316 700 3577 767 Quoniam

2003 786 2250 852 parvulus
2297 797 2451 840 natus
2495 797 2569 840 est
2603 789 2768 852 nobis,
2804 800 2851 842 et
2886 791 3031 858 ﬁlius
3062 792 3220 846 datus
3253 803 3330 846 est
3355 795 3502 848 nobis
3534 796 3573 848 ³.

2006 875 2214 941 Quibus
2252 878 2429 933 verbis
2457 878 2692 948 primum
2723 888 2908 934 natum
2945 897 3132 937 revera
3161 885 3443 952 parvulum
3479 886 3571 939 dc-

2005 969 2348 1032 monStravit,
2395 976 2453 1022 ut
2487 985 2611 1024 vere
2659 981 2969 1040 susceptam
3000 974 3066 1026 ab
3097 980 3161 1026 eo
3199 982 3446 1028 naturam
3478 976 3576 1029 ho-

2004 1057 2167 1113 minis
2201 1060 2549 1129 signiiicaret.
2588 1059 2792 1116 Deinde
2835 1063 3102 1131 subjecit,
3138 1066 3283 1131 ﬁlius
3313 1066 3469 1120 datus
3499 1077 3576 1121 est

2003 1147 2151 1202 nobis
2166 1165 2185 1213 ;
2215 1160 2271 1203 ut
2318 1150 2567 1205 eumdem
2619 1150 2713 1206 Dei
2763 1168 2884 1208 esse
2916 1151 3153 1208 Verbum
3183 1171 3211 1209 e
3244 1157 3383 1210 cmlo
3427 1156 3576 1211 dela-

2002 1258 2181 1313 psum,
2213 1241 2418 1312 Deique
2450 1240 2647 1296 Filium
2682 1244 3015 1299 declaratum
3062 1246 3405 1310 ostenderet,
3435 1256 3487 1301 et
3519 1249 3572 1301 in
3612 1268 3627 1279 κ

2003 1346 2157 1391 utero
2198 1337 2474 1407 genitum,
2523 1337 2905 1407 hominemque
2951 1339 3187 1403 factum,
3219 1339 3289 1392 ita
3325 1340 3481 1410 153
3512 1349 3574 1395 ut

2001 1425 2270 1495 duplicem
2306 1428 2359 1480 iu
2389 1442 2447 1482 se
2480 1434 2751 1490 naturam,
2793 1427 2887 1483 Dei
2920 1430 3192 1495 videlicet,
3227 1431 3572 1501 hominisque

2001 1516 2341 1581 contineret,
2380 1519 2715 1588 proindeque
2747 1518 2913 1574 Deum
2953 1523 3158 1591 pariter
3198 1532 3361 1592 atque
3397 1525 3572 1578 homi-

317 1613 396 1682 τῷ
428 1613 606 1683 Ἰησοῦ
644 1613 775 1686 ἔφη,
810 1613 891 1667 ὃτι
937 1612 1101 1680 Τινὲς
1141 1614 1440 1680 Ἕλληνες
1461 1613 1794 1677 ,βούλονταί
1823 1631 1892 1668 σε

1999 1622 2146 1671 nem,
2180 1616 2234 1660 et
2273 1607 2523 1661 eumdem
2552 1608 2813 1664 divinitus
2846 1611 3085 1665 oblatum
3125 1612 3316 1677 tilium,
3350 1629 3412 1667 ac
3437 1620 3573 1683 pue-

319 1701 670 1758 θεάσασθαι.
718 1704 830 1756 Καὶ
876 1703 1035 1767 εὐθὺς
1072 1706 1100 1757 6
1139 1703 1344 1774 Κύριος
1389 1702 1761 1773 ἀποκρίνεται,
1811 1704 1897 1756 λέ-

317 1808 449 1860 γων·
483 1792 600 1846 Νῦν
622 1793 873 1864 ’ἔφθασεν
902 1797 935 1865 ἡ
966 1794 1091 1861 δόξα
1116 1794 1211 1848 τοῦ
1247 1795 1402 1849 Θεοῦ·
1437 1796 1522 1849 ἵνα
1566 1796 1714 1868 δείξῃ
1744 1812 1899 1866 περι-

317 1882 489 1953 τομὴν
544 1884 645 1953 μὲν
692 1886 1111 1957 παρερχομένην
1152 1885 1250 1956 τὴν
1298 1880 1580 1956 ένσαριών,
1616 1887 1710 1940 καὶ
1741 1885 1896 1957 τύπῳ

318 1972 743 2043 ὑπηρετήσασαν
789 1974 915 2045 ἄχρι
959 1975 1172 2046 χρόνου,
1211 1974 1391 2046 τὴνκδὲ
1430 1977 1487 2028 ὲν
1522 1974 1685 2045 σαρκὶ
1728 1975 1896 2045 ἀκρο-

316 2063 541 2117 6υστίαν
588 2066 648 2117 ὲν
692 2064 963 2135 πνεύματι
1013 2064 1241 2135 ἔχουσαν
1294 2065 1516 2136 μείζονα
1568 2064 1890 2136 περιτομὴν,

319 2155 628 2228 θεωροῦσαν
673 2157 926 2228 Χριστὸν,
972 2157 1066 2211 καὶ
1105 2157 1267 2211 αὑτὸν
1293 2160 1350 2211 ὲν
1383 2155 1610 2225 ἀλςιθεία
1643 2155 1894 2226 κατειλη-

319 2264 500 2313 φυιαν.

1999 1699 2179 1752 rulum
2212 1706 2419 1753 natum.
2448 1699 2505 1751 In
2529 1714 2636 1767 quo
2666 1699 3106 1757 circumcisionis
3132 1703 3388 1773 deinceps
3409 1720 3572 1759 cruor

1999 1791 2180 1854 stetit,
2231 1798 2290 1842 ut
2336 1790 2389 1843 in
2437 1787 2731 1859 Evangelio
2777 1792 2892 1861 ipse
2934 1802 3183 1848 testatur.
3237 1793 3371 1848 Cum
3404 1798 3568 1850 [enim

1997 1882 2229 1951 gentiles
2261 1881 2478 1936 videndi
2509 1884 2628 1952 ejus
2658 1883 2931 1938 desiderio
2974 1884 3341 1940 accessissent
3368 1904 3382 1952 ;
3419 1894 3472 1939 et
3502 1887 3571 1940 ad

2000 1974 2304 2044 Philippum
2341 1976 2607 2030 adeuntes
2654 1975 2921 2030 dixissent
2958 1992 2971 2027 :
3010 1974 3248 2032 Ostende
3280 1977 3438 2030 nobis
3481 1975 3572 2031 .le-

1999 2080 2116 2118 sum
2139 2082 2154 2131 ;
2180 2080 2243 2119 ac
2270 2063 2555 2135 Philippus
2581 2065 2633 2120 id
2668 2066 2916 2129 Andreae,
2955 2067 3198 2122 Andreas
3231 2064 3450 2122 Christo
3483 2082 3567 2121 re-

2001 2158 2213 2212 tulisset
2256 2158 2341 2212 his
2383 2157 2564 2211 verbis
2596 2177 2608 2211 :
2636 2155 2863 2210 Gentiles
2906 2159 3122 2226 quidam
3173 2158 3345 2212 videre
3392 2169 3439 2212 te
3479 2175 3568 2211 cu-

1995 2247 2145 2314 piunt
2192 2245 2233 2309 ⁸,
2273 2244 2535 2301 Dominus
2582 2245 2729 2301 illico
2776 2247 3063 2316 respondit
3092 2246 3284 2303 :Nunc
3323 2250 3569 2317 pervenit

318 2343 490 2411 gloria
537 2342 656 2407 Dei,
708 2351 766 2398 ut
803 2344 1281 2399 circumcisioncm
1328 2357 1514 2397 carnis
1560 2340 1888 2411 praeteriisse
1915 2339 2027 2409 jam
2058 2339 2298 2404 doceret,
2330 2349 2383 2394 et
2419 2338 2487 2393 ad
2515 2346 2723 2394 certum
2781 2349 2993 2410 tempus
3060 2340 3243 2409 figura:
3286 2340 3566 2403 serviisse,

313 2433 500 2486 carnis
562 2448 693 2489 vero
734 2435 1056 2504 praeputium
1105 2433 1377 2503 spirituali
1424 2447 1489 2489 ac
1558 2432 1922 2503 prastantiori
1993 2430 2412 2486 circumcisione
2471 2430 2756 2501 praeditum
2816 2432 3172 2501 contemplari

315 2522 547 2590 ejusque
586 2523 765 2592 reipsa
803 2531 1106 2592 compotem
1149 2522 1284 2577 ﬁeri.

385 2614 520 2668 KH’.
556 2612 621 2664 Et
653 2610 710 2663 δὲ
750 2608 1026 2679 βούλονται
1058 2601 1205 2662 οὗτοι
1233 2608 1431 2678 λέγειν,
1471 2608 1597 2673 Πῶς
1626 2603 1717 2663 οὖν
1752 2609 1889 2680 Χρι-

315 2707 439 2769 στὸς
466 2701 849 2775 περιετμήθη;
883 2701 1246 2766 ἀκούσονται,
1279 2701 1361 2754 ὅτι
1398 2700 1535 2772 Ἤδη
1573 2702 1671 2771 μὲν
1695 2696 1806 2765 οὖν,
1841 2694 1887 2753 ὦ

314 2795 744 2867 πεπλανημένοι,
783 2793 1066 2864 ἐδείξαμεν
1112 2793 1239 2863 ὑμῖν
1287 2791 1353 2845 δι’
1393 2793 1458 2863 ἢν
1495 2791 1673 2845 αἰτίαν
1728 2808 1886 2862 περι-
1918 2830 1959 2888 c

312 2886 550 2959 ετμήθη.
588 2884 934 2955 Περιετμήθη
969 2883 1078 2955 γὰρ
1112 2883 1199 2977 διὰ
1234 2883 1463 2947 πολλοὺς
1489 2883 1741 2954 τρόπους.
1778 2882 1890 2936 Kal.

311 2978 553 3049 πρῶτον,
582 2976 669 3029 ἵνα
708 2974 858 3047 δείξῃ
889 2976 947 3027 ὲν
980 2971 1207 3044 ἀληθείᾳ
1241 2973 1417 3044 σάρκα
1458 2972 1647 3027 ἑαυτὸν
1675 2971 1888 3043 ἀνειλη-

310 3070 493 3138 φέναι,
529 3066 620 3122 διὰ
667 3067 966 3136 Μανιχαῖον
1016 3065 1109 3118 καὶ
1142 3066 1266 3130 τοὺς
1308 3065 1561 3134 λέγοντας
1590 3066 1647 3117 ὲν
1672 3063 1890 3135 δοκήσει

310 3160 646 3231 πεφηνέναι’
695 3157 918 3225 ἔπειτα,
975 3158 1062 3211 ἴνα
1112 3157 1279 3229 δείξῃ,
1315 3158 1391 3221 ὡς
1440 3157 1540 3210 οὐκ
1588 3151 1655 3227 ἦν
1698 3154 1890 3227 ὁμοού-

310 3270 425 3305 σιον
458 3251 572 3321 (46)
605 3250 666 3304 τὸ
699 3248 859 3320 σῶμα
892 3252 960 3320 τῇ
996 3248 1229 3320 θεότητι,
1290 3247 1366 3311 ὡς
1404 3246 1569 3319 φησὶν
1609 3244 1886 3299 Ἀπολινά·

306 3358 456 3413 ςιος·
488 3339 606 3394 ἀλλ’
639 3336 762 3392 οὔτε
794 3337 1001 3392 ἄνωθεν
1038 3336 1171 3390 αὐτὸ
1211 3337 1585 3407 κατενήνοχεν,
1633 3334 1709 3398 ὡς
1740 3333 1889 3403 λέγει

308 3412 663 3496 Manut-Eva;
683 3449 696 3461 ·
728 3430 825 3505 καὶ
848 3430 936 3483 ἴνα
963 3428 1238 3500 βεϐαιώσῃ
1257 3431 1323 3500 ἣν
1353 3428 1521 3482 πάλαι
1541 3427 1706 3480 ἔδωκε
1733 3412 1890 3498 πέρι-

305 3524 483 3595 τομὴν
510 3521 736 3585 δικαίως
760 3519 1184 3590 ὑπηρετήσασαν
1214 3518 1319 3582 ἕως
1348 3519 1447 3589 τῆς
1481 3515 1647 3573 αὐτοῦ
1677 3533 1888 3588 παρου-

306 3617 454 3680 σίας,
482 3616 578 3668 καὶ
607 3613 696 3668 διὰ
728 3613 789 3666 τὸ
815 3611 890 3683 μὴ
921 3610 1069 3680 ἔχειν
1089 3610 1214 3674 τοὺς
1249 3609 1537 3673 Ἰουδαίους
1567 3608 1885 3677 ἀπολογίαν.

306 3710 372 3762 Εἰ
404 3707 515 3779 γὰρ
552 3704 627 3777 μὴ
676 3701 1044 3774 περιετμήθη,
1098 3695 1244 3771 εἶχον
1285 3700 1496 3768 λέγειν·
1543 3700 1657 3753 Οὐκ
1690 3698 1887 3769 ἠδυνά-

308 3776 452 3867 μεθα
483 3776 722 3865 Χριστὸν
743 3791 996 3858 δέξασθαι
1022 3791 1079 3843 ἐν
1105 3788 1457 3860 ἀκροϐυστίᾳ.
1481 3788 1689 3852 ’Ἄλλως
1714 3805 1771 3841 τε
1794 3788 1888 3842 καὶ

303 3888 412 3941 ἔδει
447 3884 611 3940 αὑτὸν
645 3883 1019 3954 ἐντειλάμενον
1049 3881 1126 3952 τῷ
1171 3879 1421 3953 ’Δὸραὰμ
1460 3880 1885 3951 περιτμηθῆναι,

306 3976 607 4049 σφραγῖδος
641 3974 804 4028 ἕνεκα
838 3972 1191 4042 φαινομένης,
1225 3970 1305 4034 εἰς
1332 3969 1501 4023 τύπον
1534 3969 1593 4023 δὲ
1627 3967 1888 4039 ἀληθινῆς

303 4071 400 4122 καὶ
438 4068 671 4141 ἀοράτου
726 4063 1004 4134 δοθείσης,
1052 4060 1148 4115 νῦν
1189 4058 1592 4132 περιτμηθῆναι
1638 4058 1841 4131 ταύτην
1867 4060 1884 4090 ¹

308 4160 632 4232 βεϐαιῶσαι.
666 4157 915 4226 Ἐγένετο
943 4155 1052 4225 γὰρ
1079 4155 1113 4224 ἠ
1148 4152 1445 4241 φαινομένη
1478 4151 1748 4222 περιτομὴ
1766 4151 1886 4241 ξνε-
1916 4172 1961 4227 ι)

308 4269 403 4306 κεν
435 4247 738 4318 δισταγμοῦ
775 4246 870 4300 τοῦ
912 4245 1181 4315 Ἀϐραὰμ,
1225 4245 1312 4297 ὅτε
1347 4238 1499 4296 εἶπεν
1529 4244 1558 4295 6
1599 4238 1884 4310 ἅγιος⁷καὶ

307 4346 517 4407 δίκαιος
554 4342 630 4406 ὡς
667 4344 726 4394 ὲν
758 4338 1068 4409 δισταγμῷ·
1092 4340 1160 4391 El
1188 4336 1265 4403 τῷ
1294 4334 1731 4389 ἑκαιτονταιὲτει¹
1756 4333 1880 4398 υἱὸς

310 4436 668 4505 γενήσεται;
714 4431 812 4486 καὶ
859 4434 912 4484 εὶ
957 4428 1154 4498 Σάρῤα
1183 4429 1221 4495 ἡ
1260 4426 1580 4497 πρεσϐῦτις
1606 4423 1890 4494 γεννήσει

314 4529 483 4589 vldr;
508 4525 620 4579 Kal.
641 4522 801 4586 εὐθὺς
831 4524 860 4575 6
900 4519 1099 4591 Κύριος
1120 4536 1132 4550 ⁸
1172 4516 1325 4573 Λάϐε
1358 4534 1459 4588 μοι
1489 4517 1657 4586 κριὸν
1685 4516 1892 4584 τριετί-

310 4617 481 4676 (crta
509 4615 645 4687 (47),
693 4611 793 4666 καὶ
834 4606 972 4679 αἶγα
1013 4607 1113 4660 καὶ
1154 4606 1434 4676 δάμαλιν,
1478 4606 1572 4658 καὶ
1619 4604 1689 4657 τὰ
1738 4602 1885 4674 ἑξῆς.

306 4708 419 4763 Καὶ
447 4706 580 4775 περὶ
608 4705 722 4773 τὴν
748 4702 854 4757 τοῦ
882 4702 1062 4767 ήλίου
1089 4699 1289 4764 δύσιν,
1317 4698 1396 4763 ὡς
1425 4693 1545 4751 εἶδε
1570 4694 1888 4765 λαμπάδας

380 4868 395 4896 ¹
428 4882 520 4933 γρ.
552 4863 647 4917 καὶ
674 4858 898 4929 ταύτην.
977 4857 996 4886 ⁸
1024 4853 1408 4924 έκατονταέτῃ.

375 4976 500 5048 (4.51
529 4975 652 5048 ’ξΟτι
701 4969 1075 5048 ᾂεείῑῄσρικγιν
1099 4971 1168 5048 νεὶ
1216 4966 1512 5048 ἐγένοντο.
1552 4963 1737 5048 Neque
1788 4964 1878 5048 hic

302 5034 427 5103 cuin
454 5034 686 5100 Hebraeo
714 5034 854 5093 LXX
885 5034 1265 5093 consentiunt.
1289 5034 1515 5105 Vulgata
1545 5044 1733 5087 nostra
1759 5054 1772 5088 :
1807 5034 1877 5087 Et

304 5119 669 5171 vestimentum
702 5111 914 5163 mistum
946 5110 1200 5173 sanguine
1233 5107 1333 5160 erit
1368 5108 1421 5158 in
1445 5105 1874 5173 combuslianem,
1916 5166 1937 5173 ν

302 5198 356 5241 et
385 5186 532 5240 cibus
560 5183 719 5252 ignis.
756 5180 863 5235 Pro
891 5194 999 5248 quo
1031 5171 1228 5240 Graeci,
1262 5176 1355 5229 καὶ
1384 5172 1700 5245 θελήσουσιν
1737 5171 1875 5226 εἶναι

301 5275 380 5310 πυ
421 5257 687 5308 ίκαυστοι.

378 5273 489 5385 (046)
532 5325 775 5375 Ἔπειτα
818 5320 917 5373 ἵνα
943 5317 1134 5385 δείξῃ,
1158 5317 1238 5381 ὡς
1271 5316 1381 5368 οὐκ
1413 5309 1492 5383 ἦν
1531 5314 1873 5381 όμοούσιον.

306 5386 643 5464 Apollinaris
688 5403 905 5445 carnem
939 5389 1141 5464 Christi
1187 5390 1255 5464 ab
1296 5394 1500 5464 anei-ito
1553 5386 1750 5463 tuisse,
1784 5398 1883 5464 nec

304 5451 375 5518 ei
403 5465 653 5532 Virgine_
677 5468 857 5532 natam
904 5460 1157 5532 asseruit,
1193 5454 1417 5532 Crcgor.
1446 5451 1706 5532 Naziaqz.
1739 5462 1880 5532 orat.

309 5549 436 5589 aut
475 5518 933 5588 ευΔιαὸεὸαιοῦται
993 5528 1100 5597 γὰρ
1149 5525 1222 5595 μὴ
1270 5518 1560 5591 ἐπίκτητον
1604 5518 1741 5575 εἶναι
1784 5518 1880 5589 τὴν

1486 4853 1506 4883 ³
1537 4850 1641 4906 lsa.
1675 4867 1749 4916 ix,
1791 4851 1843 4917 5,
1875 4851 1928 4905 6.

3247 2432 3525 2488 Christum
3547 2476 3563 2502 ,

2068 2596 2305 2656 XXVIII.
2348 2586 2507 2667 Quod
2533 2602 2580 2657 si
2626 2602 2770 2656 istud
2806 2603 2966 2659 nobis
2995 2604 3257 2675 objiciant
3282 2627 3295 2663 :
3320 2608 3433 2665 Cur
3461 2612 3566 2683 igi-

1995 2700 2086 2746 tur
2115 2691 2476 2747 circumcisus
2511 2701 2592 2747 est
2625 2692 2918 2750 Christus?
2947 2695 3020 2749 ita
3051 2710 3081 2749 a
3116 2697 3274 2754 nobis
3303 2701 3560 2759 audient:

1993 2781 2320 2837 Jamdudum
2348 2783 2587 2852 quidem,
2607 2798 2641 2839 o
2664 2784 2912 2840 homines
2934 2787 3192 2857 opinione
3219 2788 3354 2846 falsa
3379 2792 3559 2850 ducti!

1994 2889 2217 2930 causam
2254 2875 2409 2931 vobis
2454 2890 2554 2930 cur
2598 2883 2745 2931 esset
2785 2877 3146 2934 circumcisus
3197 2883 3561 2941 ostendimus.

1993 2962 2178 3019 Multis
2211 2962 2356 3017 enim
2387 2962 2441 3017 id
2481 2962 2548 3018 de
2583 2966 2767 3021 causis
2796 2966 3085 3021 sustinuit.
3120 2966 3385 3036 Primum,
3422 2983 3477 3026 ut
3504 2991 3564 3031 se

1990 3050 2215 3108 carnem
2270 3068 2459 3109 revera
2516 3054 2763 3111 induisse
2803 3067 3155 3121 monstraret,
3198 3073 3422 3133 propter
3451 3066 3564 3120 Ma-

1989 3147 2282 3213 nicliaeum,
2317 3153 2675 3217 cazterosque,
2713 3149 2807 3217 qui
2838 3150 3199 3207 similitudine
3232 3158 3468 3223 quadam
3498 3172 3563 3214 ac

1989 3237 2178 3307 specie
2206 3236 2470 3292 duntaxat
2511 3240 2838 3309 apparuisse
2877 3238 3209 3311 docuerunt.
3252 3243 3458 3301 Deinde
3503 3257 3561 3302 ut

1988 3344 2190 3398 corpus
2224 3328 2497 3383 divinitati
2534 3330 3007 3391 consubstantiale
3035 3347 3148 3385 non
3186 3330 3563 3392 esse’dcmofi-

1989 3428 2213 3485 straret,
2246 3429 2305 3475 ut
2339 3420 2674 3492 Apollinaris
2707 3423 3021 3490 existimat;
3053 3438 3155 3480 nec
3185 3440 3215 3481 e
3246 3427 3386 3484 caelo
3413 3428 3561 3484 dela-

1986 3519 2105 3566 tum
2150 3511 2205 3566 in
2261 3520 2459 3576 terras,
2502 3512 2595 3582 qui
2649 3512 2927 3569 Valentini
2969 3529 3127 3570 error
3159 3514 3280 3571 fuit.
3325 3514 3465 3574 Tum
3502 3531 3561 3575 ut

1989 3591 2152 3672 cujus
2196 3603 2325 3657 olim
2378 3603 2825 3659 circumcisionis
2870 3615 3066 3660 auctor
3110 3605 3310 3672 fuerat,
3342 3624 3461 3665 eam
3493 3611 3560 3665 ad

1989 3692 2281 3748 adventum
2328 3706 2504 3760 usque
2550 3707 2711 3746 suum
2752 3694 3095 3749 observatam
3157 3698 3328 3754 fuisse
3363 3702 3561 3756 merito

1988 3781 2409 3852 comprobaret,
2450 3789 2613 3851 atque
2652 3789 2714 3834 ut
2746 3796 2962 3837 omnem
2999 3785 3202 3841 Judaeis
3241 3791 3561 3843 excusatio-
3604 3816 3607 3821 -

1987 3887 2114 3927 nem
2145 3872 2400 3942 eriperet.
2434 3870 2549 3927 Nisi
2575 3871 2721 3925 enim
2754 3871 3120 3928 circumcisus
3151 3874 3312 3938 foret,
3343 3879 3457 3939 hoc
3489 3880 3559 3934 ad

1989 3962 2075 4017 sui
2114 3961 2494 4032 purgationem
2529 3959 2725 4016 aﬂ‘erre
2745 3962 3052 4030 potuissent
3093 3962 3243 4019 :Nos
3274 3964 3557 4021 Christum

1989 4051 2258 4122 praeputio
2286 4051 2575 4120 praeditum
2617 4051 2851 4121 probare
2886 4053 3252 4121 nequivimus.
3291 4054 3557 4112 Praeterea

1987 4159 2117 4199 vero
2146 4158 2271 4198 eum
2298 4146 2612 4213 oportebat,
2646 4143 2735 4212 qui
2781 4142 3094 4197 Abraliamo
3121 4144 3557 4203 circumcidendi

1991 4237 2079 4291 sui
2132 4236 2451 4290 mandatum
2492 4234 2771 4310 ediderat,
2808 4243 2863 4288 ut
2907 4233 2973 4287 ad
3028 4237 3140 4290 veri
3176 4245 3230 4291 et
3273 4248 3558 4307 aspectum

1991 4327 2251 4396 fugientis
2300 4326 2736 4380 adumbrandam
2779 4326 3070 4395 imaginem
3101 4336 3371 4398 apparens
3425 4331 3556 4384 illud

1991 4418 2210 4488 signum
2243 4424 2296 4469 et
2336 4414 2671 4483 aspectabile
2714 4428 2828 4484 prae
2862 4429 2922 4469 se
2964 4414 3154 4480 ferret,
3198 4430 3376 4473 ratum
3423 4420 3557 4475 illud

1989 4524 2089 4565 sua
2114 4506 2536 4563 circumcisione
2560 4506 2758 4562 facere.
2784 4507 2920 4561 Nam
2948 4516 3175 4563 externa
3205 4511 3296 4562 illa
3322 4512 3559 4565 circum-

1989 4601 2125 4657 cisio
2180 4599 2494 4654 Abrahamo
2551 4601 2621 4653 ob
2673 4599 2795 4669 ejus
2836 4599 3235 4655 haesitationem
3300 4603 3557 4671 imposita

1987 4693 2123 4761 fuit;
2170 4709 2293 4747 cum
2325 4694 2408 4747 vir
2457 4700 2684 4747 sanctus
2730 4706 2794 4746 ac
2844 4691 3029 4761 justus
3075 4693 3221 4746 velut
3252 4691 3558 4750 dubitando

2004 4853 2026 4882 ⁸
2051 4849 2209 4906 Joan.
2243 4867 2340 4915 ιιι,
2367 4849 2457 4904 21.

1985 4965 2162 5038 σάρκα
2186 4965 2307 5018 κατ’
2323 4962 2631 5038 οἰκονομίαν
2658 4961 2762 5015 ὑπὸ
2784 4962 2878 5038 τοῦ
2907 4964 3227 5038 μονογενοῦς
3246 4965 3376 5018 Υίοῧ
3393 4983 3558 5038 προσ-

1982 5033 2274 5107 ληφθεζσαν
2328 5034 2426 5107 ἐπὶΔ
2453 5033 2928 5107 μεταστοιχειώσει
2977 5033 3085 5107 τῆς
3121 5035 3334 5107 φύσεως
3379 5033 3555 5107 ἡμῶν,

1982 5102 2096 5177 ἀλλ’
2131 5104 2192 5169 ἐξ
2212 5106 2386 5175 ἀρχῆς
2412 5102 2469 5155 ὲν
2496 5102 2574 5173 τῷ
2606 5103 2717 5173 Υἱῴ
2748 5103 2848 5175 τὴν
2877 5102 3139 5175 σαρκώδη
3157 5105 3371 5177 ἐκείνην
3397 5102 3556 5175 eum

1983 5172 2143 5236 εἶναι,
2175 5172 2281 5230 etc.

2056 5246 2167 5316 (47)
2207 5243 2491 5316 Λάὄβ-ρξρι
2518 5243 2703 5316 τόμον
2743 5242 3003 5316 χάρτουη
3030 5241 3142 5316 Vox
3172 5244 3371 5316 χάρτου
3404 5245 3556 5316 abest

1985 5330 2013 5366 ιι
2062 5310 2277 5383 vulgata
2327 5310 2467 5365 LXX
2516 5311 2872 5383 interpretum
2921 5310 3318 5368 editioncJSed
3347 5317 3400 5367 in
3434 5315 3556 5366 aliis

1987 5386 2138 5455 olim,
2171 5382 2230 5437 ut
2260 5389 2502 5454 apparet,
2539 5382 2695 5436 lecta.
2742 5383 2974 5439 Basilius
3020 5392 3201 5439 autem
3244 5385 3406 5455 τόμον
3438 5399 3555 5437 και-

1988 5454 2078 5508 νοῦ
2116 5456 2370 5525 μεγάλου.
3154 5470 3181 5499 ο
3555 5461 3558 5464 ’
