3946 6074
378 234 493 292 ἰὅὸ

1778 204 1839 261 S.
1880 197 2223 257 ΕΡΙΡΗΔΝΠ

3536 186 3651 244 ιόϐ

384 348 666 407 dixisset:
701 339 785 395 An
844 333 1144 391 centenario
1199 333 1443 383 nascetur
1470 321 1661 394 ﬁlius?
1702 327 1751 375 et
1799 317 1964 375 Sarra
1999 357 2008 387 _.

2112 313 2256 383 υρὸς
2307 308 2407 363 καὶ
2444 308 2753 371 κλίϐανον,
2786 304 2883 359 καὶ
2931 302 3122 359 τάλλα.
3169 300 3354 374 Φήσας
3408 302 3560 375 αὐτῷ
3617 307 3655 359 6

384 456 501 516 Jan:
555 450 689 492 anus
740 431 916 501 ﬁlium
970 421 1240 495 pariet“?
1296 417 1607 485 Statimque
1653 409 1965 466 Dominus:

390 504 573 592 'Sume,
608 522 809 594 inquit,
838 516 970 573 mihi
1018 515 1236 568 arietem
1285 522 1549 563 annorum
1591 504 1774 567 trium,
1802 509 1851 555 et
1882 514 1973 553 ca-

377 614 567 694 pram,
600 626 650 672 et
685 592 921 674 naccam,
948 614 1056 662 etc.
1090 602 1322 670 Cumque
1355 596 1438 653 sol
1478 592 1825 656 occumberet,
1854 604 1973 643 cum

394 683 665 782 lampades
694 705 830 777 ignis
850 711 904 757 et
933 698 1200 755 clibanum
1227 693 1463 757 vidisset,
1490 698 1623 756 etc.,
1656 687 1777 757 ejus
1806 683 1973 741 casti-

395 778 561 875 gandi
599 811 770 854 causa
813 792 958 848 Deus
990 787 1166 846 edixit
1200 803 1216 841 :
1270 782 1619 853 Peregrinum
1658 778 1759 833 erit
1804 791 1979 831 semen

399 869 551 950 tuum
578 893 633 945 in
667 900 810 943 terra
845 884 1044 944 aliena,
1072 888 1128 934 et
1162 876 1440 945 subjicient
1473 889 1560 927 eos
1582 869 1820 926 servituti
1847 885 1980 939 qua-

396 981 687 1053 dringentis
713 977 870 1031 annis
889 977 933 1029 ².
954 968 1323 1039 Quamobrem
1347 961 1662 1020 stabilitatis
1691 957 1979 1030 cujusdam

400 1090 465 1130 ac
497 1046 774 1128 firmitatis
822 1066 1035 1137 gratia,
1091 1074 1192 1133 pro
1224 1055 1386 1135 15E.
1432 1069 1499 1110 eo
1554 1050 1701 1123 quod
1730 1046 1982 1105 nonnihil

402 1164 734 1222 addubitans
754 1158 982 1213 dixisset
1010 1172 1023 1208 :
1044 1151 1097 1206 Ν
1101 1169 1189 1206 um
1215 1146 1512 1204 centenario
1533 1150 1780 1197 nascetur
1796 1140 1939 1210 ﬁlius
1958 1140 1984 1194 7

404 1272 474 1311 ne
513 1254 639 1323 ejus
676 1247 884 1321 posteri
920 1243 1238 1300 infidelibus
1269 1238 1656 1304 idolorumque
1680 1230 1985 1287 cultoribus

406 1343 682 1416 Egyptiis
732 1342 788 1393 in
847 1335 1170 1392 servitutem
1206 1331 1339 1393 dati,
1400 1327 1467 1381 ad
1511 1325 1733 1381 eosdem
1765 1337 1903 1391 quos
1933 1327 1987 1376 et

408 1412 816 1503 illiusmajores
844 1425 1087 1483 venerati
1123 1424 1362 1484 fuerant,
1399 1420 1530 1475 deos
1561 1432 1682 1473 sese
1722 1412 1989 1469 transfer-

406 1536 549 1588 rent,
601 1531 711 1578 tam
756 1520 1074 1575 Abrahamo
1123 1513 1251 1585 ipsi,
1287 1526 1452 1583 quam
1506 1510 1628 1578 ejus
1668 1507 1825 1576 stirpi
1871 1507 1985 1559 cir-

408 1615 807 1672 cumcisionem
844 1610 990 1664 illam
1025 1605 1216 1661 carnis
1261 1602 1484 1667 inussit,
1516 1610 1575 1653 ut
1607 1600 1729 1667 ejus
1766 1602 1988 1667 aspectu

2068 405 2200 468 Θεδς
2229 402 2350 457 κατ’
2382 400 2699 470 ἐπιτίμησιν
2718 413 2733 428 ο
2769 392 3066 466 Πόροικον
3100 392 3273 449 ἔσται
3307 393 3376 447 τὸ
3402 391 3655 463 σπέρμα

2036 487 2044 494 ’
2069 512 2187 551 σου
2211 497 2281 550 ἐν
2305 492 2381 564 τῇ
2413 490 2723 560 ἀλλοτρίᾳ,
2756 488 2857 543 καί
2890 482 3466 541 καταδουλώσουσιν
3488 484 3658 551 αὐτῷ

2071 584 2175 655 ἔτη
2197 584 2573 654 τετρακόσια,
2597 578 2900 650 ἀσφαλείας
2917 577 3083 630 ἓνεκα
3106 575 3196 630 διὰ
3215 574 3310 629 τὸν
3329 576 3654 647 δισταγμὸν,

2072 678 2139 732 δι’
2168 677 2227 730 ὃν
2257 671 2430 737 εἶπεν,
2466 674 2535 726 Ei
2572 668 2653 737 τῷ
2685 666 3082 735 emendet?)
3123 667 3256 733 υίὸς
3296 665 3661 736 Monac;

2076 769 2162 822 ἵνα
2193 766 2269 838 μὴ
2297 760 2700 819 καταδουλωθὲν
2746 759 2808 812 τὸ
2851 757 3075 828 σπέρμα
3098 755 3211 838 ’ὑπὸ
3252 754 3663 827 εἰδωλολατρῶν

2077 857 2174 911 καὶ
2206 855 2450 910 ἀπίστων
2473 849 2784 920 Αἰγυπτίων
2813 847 3136 919 ἐπιλάθηται
3167 844 3306 900 Θεοῦ
3346 846 3457 902 τῶν
3486 845 3667 900 πατὲ-

2084 966 2190 1020 ρων
2216 946 2403 1012 αὐτοῦ,
2437 943 2706 1013 ἐπέθηκεν
2734 940 2885 1011 αὑτῷ
2920 940 3018 993 καὶ
3048 940 3233 1004 αὐτοῖς
3261 939 3363 1011 τὴν
3394 938 3669 1010 Eva-apum:

2081 1036 2405 1113 περιτομὴ),
2437 1034 2526 1087 ἵνα
2556 1031 2790 1102 ὁρῶντες
2817 1028 3341 1099 ὑπομιμνήσκωνται
3360 1067 3376 1091 ,
3405 1026 3503 1080 καὶ
3533 1026 3673 1080 δυσ-

2081 1130 2334 1184 ωπῶνται
2359 1167 2374 1193 ,
2421 1127 2516 1180 καὶ
2557 1124 2632 1196 μὴ
2681 1120 2953 1193 ἀρνῶνται
2993 1119 3176 1173 αὐτόν.
3224 1120 3335 1172 Kal.
3373 1118 3671 1189 διήρκεσεν

2084 1218 2212 1292 ἄχρι
2258 1216 2498 1292 Χριστοῦ
2542 1215 2699 1269 τοῦτο
2721 1231 2734 1244 ·
2781 1215 2876 1268 καὶ
2907 1211 3097 1267 τούτου
3146 1211 3309 1265 ἕνεκα
3362 1210 3456 1264 καὶ
3498 1210 3674 1274 αὐτὸς

2086 1313 2297 1366 εὐδοκεῖ
2348 1306 2752 1381 περιτμηθῆναι
2775 1323 2788 1335 ·
2840 1304 2934 1358 xal.
2991 1303 3278 1374 ἅνθρωπος
3334 1300 3562 1370 γέγονεν
3607 1302 3675 1355 ἐν

2087 1403 2334 1474 ἀληθείᾳ,
2370 1399 2576 1456 ἀνωθεν
2610 1394 2780 1450 ἐλθὼν
2827 1398 2892 1450 ὲκ
2931 1394 3144 1466 Πατρδς
3173 1393 3305 1457 Θεὸς
3344 1394 3537 1462 Λόγος,
3573 1396 3677 1448 καὶ

2089 1495 2190 1547 οὐκ
2224 1491 2557 1561 ἀποθέμενος
2596 1488 2696 1560 τὴν
2743 1486 3003 1557 θἐότητα·
3042 1485 3177 1539 ἀλλά
3215 1486 3393 1557 σάρκα
3430 1484 3680 1557 φορέσας

2090 1588 2150 1641 ὲν
2183 1584 2440 1657 ἀληθείᾳ,
2475 1580 2688 1635 τελείαν
2724 1596 2784 1632 τε
2828 1576 3241 1649 ὲνανθρώπ-ησιν
3274 1577 3415 1647 ἔχων
3449 1576 3680 1648 περιτέο

407 1705 776 1764 commonitos
822 1698 1129 1755 reverentia
1176 1695 1425 1765 quaedam
1472 1691 1717 1745 numinis
1758 1688 1991 1748 subiret,

2111 1694 2324 1747 ινεται,
2364 1674 2435 1728 τὰ
2488 1673 2666 1727 πάντα
2716 1670 3017 1741 οἰκονομῶν
3055 1670 3113 1723 ὲν
3159 1668 3407 1740 ἀληθεία,
3443 1667 3531 1720 ἶνα
3578 1668 3682 1721 καὶ

411 1815 524 1871 quo
572 1797 758 1852 minus
809 1793 1028 1862 eiurare
1075 1787 1210 1842 illud
1260 1784 1546 1839 auderent.
1589 1782 1662 1836 Ea
1706 1793 1871 1852 porro
1927 1777 1995 1833 ad

409 1869 695 1945 Christum
738 1897 917 1954 usque
950 1878 1297 1951 permansit:
1339 1875 1574 1945 ideoque
1604 1880 1657 1928 et
1697 1872 1843 1925 ultro
1885 1869 1996 1924 cir-

413 1978 655 2037 cumcidi
683 1977 800 2048 ipse
822 1973 1019 2037 voluit,
1038 1978 1093 2026 et
1119 1970 1282 2023 homo
1305 1967 1489 2037 reipsa
1519 1965 1699 2019 factus
1721 1971 1826 2028 est,
1855 1960 1997 2015 idem

414 2073 512 2145 qui
551 2080 608 2127 et
642 2069 785 2125 Deus
824 2065 1058 2121 Verbum
1089 2079 1120 2117 a
1150 2061 1313 2115 Patre
1341 2060 1410 2115 de
1432 2059 1575 2113 cmlo
1608 2058 1855 2127 lapsum,
1888 2067 1998 2107 non

414 2143 537 2222 eam
574 2175 739 2233 quam
782 2158 1020 2212 habebat
1045 2152 1388 2208 divinitatem
1425 2147 1705 2220 deposuit,
1747 2143 1841 2200 sed
1871 2158 2000 2197 vere

415 2268 642 2310 carnem
673 2247 932 2312 induens,
967 2254 1134 2315 atque
1161 2258 1228 2297 ex
1262 2241 1507 2312 perfecta
1538 2236 1777 2293 hominis
1803 2242 1999 2291 natura

2108 1769 2348 1823 Ἰουδαῖοι
2370 1806 2385 1830 ,
2406 1766 2499 1828 ὼς
2542 1765 2804 1837 προεῖπον
2828 1802 2843 1827 ,
2892 1759 3286 1829 ἀναπολόγητοι
3338 1758 3521 1823 ὄντες,
3577 1757 3683 1812 καὶ

2095 1861 2408 1931 Μανιχαῖοι,
2447 1857 2544 1910 καὶ
2587 1855 2736 1910 ἄλλοι
2770 1852 3224 1924 ὲλεγχθήσωνται,
3255 1849 3349 1905 καὶ
3385 1850 3474 1904 ἵνα
3515 1865 3685 1921 περι-

2096 1950 2326 2022 τμηθεὶς
2355 1949 2591 2017 εὐλόγως
2618 1947 2897 2017 καταλύσῃ
2918 1945 3017 2016 τὴν
3048 1943 3368 2017 περιτομὴν,
3391 1944 3485 1997 καὶ
3506 1943 3684 2012 ἀλλην

2101 2043 2325 2115 μείζονα
2349 2039 2526 2113 δείξῃ·
2559 2039 2657 2109 οὐχ
2688 2038 2764 2101 ὼς
2802 2037 2876 2108 μὴ
2905 2035 3065 2106 ἔχων,
3092 2037 3186 2089 καὶ
3211 2034 3391 2105 ἑαυτῷ
3423 2034 3688 2088 συνιστά-

2105 2152 2286 2208 μενος,
2319 2133 2455 2188 ἀλλὰ
2495 2132 2633 2204 ἔχων
2670 2131 2790 2203 μὲν,
2824 2131 3037 2193 δεικνὺς
3067 2129 3146 2189 δὲ.
3174 2129 3257 2182 ὅτι
3290 2127 3496 2199 ταύτης
3549 2127 3691 2180 οὑκ-

2103 2229 2186 2282 έτι
2206 2227 2324 2281 ἐστὶ
2354 2225 2533 2297 χρεία,
2559 2223 2695 2278 ἀλλὰ
2720 2222 2820 2292 τῆς
2852 2221 3114 2292 μείζονος.

418 2345 756 2407 coalescens,
797 2338 1281 2396 circumcisionem
1319 2332 1628 2405 usurpavit.
1665 2330 1822 2397 Quod
1850 2336 2025 2384 totum
2064 2340 2130 2380 ex
2173 2323 2253 2377 rei
2292 2322 2523 2375 veritate
2553 2325 2769 2389 gestum
2810 2326 2933 2380 est,
2962 2325 3021 2369 ut
3058 2322 3114 2370 et
3157 2312 3355 2377 Judaei,
3417 2311 3693 2383 quemad-

421 2439 644 2496 modum
712 2435 921 2490 dictum
948 2441 1054 2498 est,
1093 2438 1149 2486 et
1180 2427 1661 2497 Manicbazi,omni
1699 2421 2158 2495 tergiversatione
2196 2416 2438 2481 sublata,
2507 2411 2765 2468 convinci
2837 2410 3099 2465 facillime
3159 2415 3407 2480 possent,
3455 2422 3520 2461 ac
3567 2408 3691 2459 cir-

424 2529 703 2584 cumcisus
742 2528 863 2597 ipse
911 2524 1172 2594 abrogata
1253 2522 1453 2577 merito
1510 2517 1934 2575 circumcisione
1996 2512 2261 2582 majorem
2307 2507 2600 2580 quamdam
2638 2505 2945 2559 induceret.
3018 2500 3138 2556 Non
3163 2502 3322 2571 «μιυεί
3362 2502 3545 2571 priore
3593 2500 3693 2553 illa

424 2631 664 2686 careret,
701 2620 1038 2689 minimeque
1063 2617 1400 2687 suscepisset
1433 2616 1490 2669 in
1521 2628 1678 2679 sese;
1712 2610 1808 2668 sed
1848 2618 1909 2664 ut
1936 2624 2000 2663 ea
2041 2606 2367 2679 perfunctus
2406 2601 2545 2656 nihil
2580 2599 2693 2671 jam
2723 2613 2847 2654 esse
2910 2598 3278 2653 necessariam
3346 2595 3691 2656 ostenderet,
3798 2646 3815 2659 κ

427 2715 525 2773 sed
563 2715 726 2770 aliam
764 2713 925 2781 longe
956 2710 1047 2765 illa
1080 2708 1542 2779 praestantiorem.

504 2803 698 2861 XXIX.
724 2801 885 2868 Quod
916 2807 1099 2855 autem
1122 2796 1361 2852 subinde
1381 2797 1438 2851 in
1458 2794 1636 2849 lucem
1657 2790 1839 2847 editus
1864 2788 2007 2844 Deus

432 2896 622 2956 fuerit,
663 2907 775 2947 non
816 2890 980 2944 homo
1018 2885 1309 2949 duntaxat,
1352 2898 1384 2936 a
1426 2883 1601 2953 magis
1633 2887 1821 2952 aperte
1858 2892 2010 2932 com-

2181 2781 2312 2837 KG’.
2348 2779 2459 2834 Kal.
2490 2779 2571 2832 ὅτι
2623 2777 2721 2849 μὲν
2753 2775 2915 2839 εὐθὺς
2960 2774 3242 2845 γεννηθεὶς
3288 2774 3418 2839 θεὸς
3455 2770 3558 2847 ἦν,
3596 2779 3698 2830 καὶ

2115 2874 2175 2928 οὐ
2204 2872 2357 2943 ψιλὸς
2389 2869 2695 2941 ἄνθρωπος,
2731 2868 2781 2920 oi
2820 2868 2985 2937 μάγοι
3020 2866 3207 2935 σαφῶς
3245 2866 3496 2931 δείξουσι.
3533 2868 3700 2922 Μετά

433 2985 725 3057 probatum
751 2987 857 3036 est.
894 2976 1177 3048 Siquidem
1209 2975 1398 3044 elapso
1431 2972 1543 3042 jam
1584 2969 1829 3032 biennio,
1858 2964 2004 3037 quod

2111 2964 2215 3037 γὰρ
2243 2961 2336 3017 δύο
2364 2959 2500 3015 ἐτῶν
2522 2960 2736 3032 χρόνον,
2766 2959 2843 3023 ὡς
2872 2957 3077 3022 ἔδειξαν
3105 2957 3181 3029 τῷ
3213 2956 3424 3029 Ἦρὼδῃ
3452 2958 3543 3011 τὸν
3566 2959 3701 3030 χρόα

434 3080 616 3147 ipsum
650 3071 822 3128 stella:
843 3078 1060 3140 tempus
1083 3066 1284 3123 Herodi
1315 3063 1713 3136 significarunt,
1734 3076 1764 3114 a
1793 3059 2015 3115 biennio

436 3166 688 3222 videlicet
726 3172 889 3234 atque
941 3159 1157 3228 infra',
1205 3156 1645 3227 Hierosolymam
1688 3152 2011 3214 venientes,

437 3259 953 3326 interrogautesque
979 3249 1147 3319 magi,
1175 3263 1301 3304 cum
1326 3244 1661 3301 Bethlehemi
1684 3240 2019 3296 nascl'Chri-

436 3359 586 3405 stum
634 3353 890 3415 oportere
919 3339 1266 3401 didicissent,
1308 3336 1377 3390 ab
1423 3335 1556 3390 urbe
1590 3332 1825 3402 digressi
1863 3337 2014 3392 sunt,

437 3437 745 3507 eademque
773 3435 914 3489 duce
934 3432 1092 3488 stella
1112 3427 1523 3485 Bethlehemum
1551 3425 1862 3493 aspirarunt
1916 3419 2017 3483 lbi,

441 3536 804 3600 posteaquam
838 3521 1167 3593 introgressi
1200 3525 1353 3582 sunt,
1384 3516 1666 3572 Christum
1694 3530 1817 3569 cum
1852 3510 2021 3566 Maria

442 3626 620 3674 matre
646 3620 972 3685 repererunt
995 3630 1012 3679 ;
1031 3618 1086 3667 et
1110 3608 1458 3681 procidentes
1481 3607 1848 3662 adoraverunt
1871 3618 2019 3667 eum,

443 3710 877 3776 obtuleruntque
929 3717 1176 3759 munera.
1227 3699 1591 3767 Quamobrem
1645 3713 1771 3752 cum
1833 3695 2020 3748 statim

442 3802 703 3858 adoretur
733 3798 828 3870 qui
873 3810 1037 3853 natus
1069 3779 1329 3859 est,'nou
1368 3792 1552 3847 nudus
1596 3798 1680 3846 est
1704 3790 1889 3853 homo,
1926 3786 2023 3844 sed

442 3893 629 3949 Deus:
666 3905 844 3961 neque
888 3896 1013 3958 post
1061 3900 1241 3942 annos
1274 3884 1521 3955 triginta,
1561 3880 1644 3936 vel
1670 3879 2020 3950 baptismum,

443 3982 703 4039 Christus
748 3979 1024 4035 eﬂicitur:
1080 3975 1177 4032 sed
1232 3973 1465 4031 subinde
1494 3973 1749 4027 Christus
1788 3987 1819 4026 e
1856 3968 2023 4023 Maria

449 4071 851 4144 Virgine'Deus
896 4068 1102 4139 pariter
1136 4074 1299 4134 atque
1329 4065 1493 4118 homo
1533 4070 1696 4117 natus
1741 4070 1844 4117 est.
1889 4060 2027 4114 Pro-

418 4173 633 4234 pterea
686 4159 873 4215 statim
922 4155 1102 4227 angeli
1143 4155 1370 4209 cmleste
1410 4166 1630 4206 carmen
1684 4152 2023 4206 coneinunt:

447 4256 633 4312 Gloria
666 4256 722 4308 iu
754 4252 977 4308 excelsis
1007 4248 1142 4313 Deo,
1181 4256 1232 4302 et
1279 4248 1335 4300 in
1370 4254 1513 4309 terra
1553 4258 1681 4312 pax,
1727 4241 2026 4296 hominibus

446 4361 707 4415 propensa
736 4343 982 4396 voluntas
1005 4341 1045 4393 ⁸.
1083 4338 1187 4394 Sed
1227 4345 1282 4394 et
1314 4336 1462 4392 felici
1492 4335 1587 4390 illo
1614 4334 1807 4390 nuntio
1842 4340 2027 4404 pasto-

450 4452 542 4493 res
573 4434 1007 4505 impertiuntur:
1043 4429 1221 4483 Natus
1258 4437 1337 4483 est
1372 4425 1544 4490 nobis,
1568 4426 1843 4496 inquiunt,
1877 4423 2030 4478 hodie

450 4518 699 4584 Christus
743 4521 1005 4576 Dominus
1049 4520 1104 4572 in
1150 4519 1360 4572 civitate
1408 4514 1643 4571 David“.
1691 4513 1880 4584 Neque
1928 4512 2032 4567 hoc

453 4617 670 4679 solum,
706 4612 900 4668 infelix
959 4609 1168 4665 Ebion!
1234 4608 1302 4663 de
1351 4607 1575 4663 Christo
1621 4605 2031 4676 comprobatur,

456 4721 648 4761 verum
690 4703 855 4757 etiam
884 4714 1032 4754 anno
1070 4698 1249 4753 aetatis
1276 4697 1603 4752 duodecimo
1645 4697 1844 4753 sedens
1891 4697 2035 4751 inter

456 4794 773 4853 sacerdotes
800 4807 867 4847 ac
894 4789 1143 4845 seniores
1170 4795 1420 4857 repertus
1443 4795 1549 4851 est,
1579 4802 1704 4841 cum
1737 4801 1832 4842 eos
1861 4786 2035 4841 inter-

456 4894 704 4959 rogaret,
758 4881 916 4955 155
961 4896 1026 4936 ac
1055 4894 1179 4955 cum
1228 4879 1336 4934 illis
1383 4879 1727 4948 inquireret:
1785 4876 1926 4932 adeo
1972 4884 2034 4931 ut

458 4983 792 5038 mirarentur
846 4977 903 5032 in
936 4972 1103 5029 verbo
1134 4973 1360 5044 gratiae,
1404 4970 1549 5041 quod
1598 4969 1930 5041 procedebat
1967 4968 2036 5025 de

457 5086 554 5128 ore
591 5068 874 5138 ειμι-’ΝΜ
908 5066 1016 5121 hoc
1041 5079 1188 5119 anno
1216 5064 1438 5119 demum
1470 5062 1747 5118 tricesimo
1779 5059 2033 5125 faciebat,

460 5171 522 5217 ut
547 5161 730 5217 dicere
754 5159 980 5231 possis,
1024 5173 1091 5214 ex
1139 5171 1250 5226 quo
1266 5153 1519 5225 Spiritus
1557 5155 1612 5209 in
1641 5168 1765 5208 eum
1810 5163 2037 5208 sanctus

463 5253 691 5323 illapsus
728 5261 834 5315 est,
888 5249 1168 5311 Christum
1203 5262 1324 5302 esse
1356 5244 1622 5315 cepisse;
1656 5243 1754 5299 sed
1776 5258 1808 5297 a
1832 5243 2041 5298 duode-

461 5343 608 5399 cimo
645 5342 855 5407 statim,
881 5342 963 5396 uti
994 5339 1258 5401 diximus,
1286 5345 1482 5408 estque
1526 5351 1557 5390 a
1587 5334 1737 5391 Luca
1770 5337 1827 5391 in
1857 5333 2006 5389 Evan

464 5435 608 5506 gelio
643 5432 920 5533 proditum
944 5431 986 5485 ι.
1016 5428 1159 5496 Quin
1189 5428 1354 5485 etiam
1396 5427 1559 5498 paulo
1605 5434 1734 5483 ante
1788 5441 1913 5483 cum
1934 5464 1949 5490 ,
1984 5436 2042 5479 ut

547 5588 565 5622 ί
588 5588 724 5645 Gen.
752 5603 885 5651 xvtl,
927 5586 1015 5643 ιε.
1086 5586 1106 5616 ¹
1143 5582 1277 5640 Gen.
1306 5599 1393 5637 xv.
1424 5582 1489 5636 {2
1517 5596 1636 5651 sqq.
1716 5581 1735 5612 ³
1766 5579 1956 5635 Matth.
1993 5595 2049 5641 ιι,
2082 5577 2143 5631 i6
2167 5595 2263 5649 ειη

2116 3073 2206 3113 νον
2228 3053 2322 3107 τοῦ
2350 3054 2599 3124 ἀστέρος,
2631 3051 2741 3105 ἀπὸ
2772 3047 2979 3112 διετοῦς
3005 3047 3100 3102 καὶ
3131 3049 3424 3118 κατωτέρω
3448 3047 3701 3113 ἐλθόντες

2117 3146 2196 3209 εἰς
2244 3140 2629 3214 Ἰερουσαλὴμ,
2680 3141 2773 3194 καὶ
2807 3141 3181 3212 ἐρωτήσαντες
3213 3141 3262 3192 oi
3312 3140 3465 3192 αὐτοὶ⁸
3504 3139 3698 3210 μάγοι,

2118 3238 2212 3290 καὶ
2240 3234 2478 3303 γνόντες,
2511 3234 2593 3286 ὅτι
2616 3234 2673 3285 ὲν
2706 3231 2952 3303 Βηθλεὲμ
2971 3232 3205 3301 Χριστος
3232 3232 3509 3299 γεννᾶται,
3539 3232 3703 3302 ἐξῆλ-

2119 3327 2210 3381 θον
2242 3326 2402 3380 πάλιν
2433 3324 2525 3377 τοῦ
2565 3324 2792 3393 ἀστέρος
2826 3321 3148 3393 ὁδηγοῦντος
3175 3322 3380 3386 αὐτοῖς,
3413 3325 3507 3376 καὶ
3531 3318 3702 3394 ἦλθον

2120 3418 2228 3471 ἀπὸ
2263 3416 2653 3487 Ἰεροσολύμων
2680 3416 2760 3478 εἰς
2799 3414 3066 3486 Βηθλεέμ.
3102 3415 3211 3468 Καὶ
3249 3414 3582 3479 εἰσελθόντες
3609 3410 3705 3471 εῦ-

2126 3528 2215 3582 ρον
2264 3510 2425 3563 αὑτὸν
2476 3508 2614 3579 μετά
2668 3507 2766 3578 τῆς
2833 3508 3039 3579 μητρὸς
3087 3507 3252 3560 αὑτοῦ
3300 3509 3551 3580 Μαρίαςο
3603 3512 3704 3577 κα).

2124 3603 2381 3666 πεσόντες
2425 3599 2841 3673 προσεκύνησαν
2876 3598 3045 3671 αὐτῷ,
3083 3601 3179 3652 καὶ
3219 3602 3600 3671 προσήνεγκαν
3630 3600 3707 3654 τά

2122 3695 2290 3765 δῶρα.
2317 3694 2380 3747 El
2413 3693 2593 3747 τοίνυν
2620 3692 2781 3755 εὐθὺς
2806 3694 3211 3761 προσκυνεῖται,
3241 3693 3301 3746 οὐ
3317 3693 3470 3762 ψιλὸς
3490 3693 3708 3766 ἀνθρω-

2125 3803 2226 3850 πος
2249 3788 2278 3840 ὁ
2309 3783 2613 3856 γεννηθεὶς,
2653 3784 2791 3837 ἀλλά
2820 3783 2983 3847 Θεόςο
3017 3783 3113 3837 καὶ
3144 3784 3206 3837 οὑ
3245 3784 3384 3856 μετά
3408 3786 3706 3858 τριάκοντα

2126 3876 2245 3948 ἔτη,
2272 3877 2367 3929 καὶ⁸
2391 3876 2451 3929 οὐ
2482 3873 2620 3946 μετά
2651 3874 2713 3927 τὸ
2744 3873 3026 3945 βάπτισμα
3055 3874 3286 3944 Χριστὸς
3320 3875 3545 3944 γίνεται,
3568 3876 3709 3930 ἀλλὰ

2127 3967 2287 4031 εὐθὺς
2319 3967 2552 4039 Χριστὸς
2586 3965 2850 4036 ἐγεννήθη
2888 3967 2994 4020 ἀπὸ
3016 3968 3236 4039 Μαρίας
3263 3967 3541 4040 Παρθένου
3571 3967 3707 4035 Θεὸς

2129 4061 2224 4113 καὶ
2272 4059 2578 4131 ἄνθρωπος.
2625 4058 2720 4112 Διὸ
2760 4060 2853 4113 καὶ
2886 4061 2934 4112 oi
2980 4059 3200 4128 ἄγγελοι
3248 4061 3410 4124 εὐθὺς
3452 4061 3707 4132 ὑμνοῦσι,

2127 4151 2410 4221 λέγοντες·
2459 4151 2616 4217 Δόξα
2663 4152 2734 4204 ἐν
2772 4152 3058 4220 ὑψίστοις
3108 4151 3258 4219 Θεῷ,
3311 4152 3411 4207 καὶ
3461 4154 3560 4207 ἐπὶ
3594 4156 3709 4226 τῆς

2060 4290 2102 4345 D
2128 4243 2361 4345 εἰρήνη,
2385 4244 2455 4345 ἐξ·
2481 4241 2813 4312 ἀνθρώποις
2833 4243 3096 4297 εὐδοκία.
3127 4244 3237 4297 Καὶ
3266 4245 3708 4313 εὐαγγελίζονται

2129 4337 2254 4399 τοὺς
2283 4335 2564 4406 ποιμένας,
2599 4334 2851 4404 λέγοντες
2869 4351 2883 4366 ο
2931 4335 3257 4404 Ἐγεννήθη
3287 4335 3433 4405 ἡμῖν
3453 4337 3711 4405 Χριστὸς

2131 4429 2345 4496 Κύριος
2385 4425 2654 4496 σήμερον
2699 4425 2769 4479 ἐν
2810 4426 2987 4480 πόλει
3032 4425 3227 4480 Δαόιδ.
3278 4427 3388 4479 Καὶ
3429 4427 3492 4480 οὐ
3547 4427 3709 4497 μόνον

2132 4520 2305 4583 τοῦτο,
2329 4512 2374 4571 ὧ
2404 4520 2586 4588 ὴπατη
2596 4517 2724 4587 μένε
2760 4516 2971 4580 Ἑὸίων,
3000 4517 3293 4583 δείκνυται,
3320 4518 3454 4571 ἀλλά
3480 4519 3576 4572 καὶ
3602 4520 3710 4573 ἀπὸ

2133 4607 2496 4673 δωδεκαετοῦς
2542 4608 2856 4685 εὑρίσκεται
2915 4607 3224 4680 καθήμενος
3274 4609 3545 4679 άναμέσον
3600 4610 3711 4663 τῶν

2139 4700 2325 4773 ἱερέων
2354 4698 2447 4753 καὶ
2481 4698 2886 4770 πρεσϐυτέρων,
2916 4699 3135 4770 ἐρωτῶν
3153 4699 3367 4762 αὐτοὺς,
3405 4699 3499 4752 καὶ
3529 4698 3710 4771 ζητῶν

2139 4793 2253 4862 μετ’
2288 4791 2467 4846 αὐτῶν
2487 4811 2502 4824 ο
2526 4792 2620 4844 καὶ
2654 4791 3041 4855 ὲξεπλάττοντο
3069 4792 3161 4844 ἐπὶ
3189 4790 3269 4860 τῷ
3309 4790 3453 4861 λόγῳ
3479 4792 3579 4862 τῆς
3609 4793 3711 4862 χά-

2126 4901 2306 4956 ριτος,
2327 4883 2406 4954 τῷ
2429 4882 2845 4955 ἐκπορευομένῳ
2871 4884 2936 4936 ὲκ
2967 4882 3062 4935 τοῦ
3090 4882 3355 4953 στόματος
3384 4880 3567 4936 αὑτοῦ.
3599 4885 3711 4937 Καὶ

2137 4975 2258 5045 οὐχὶ
2287 4974 2424 5045 μετὰ
2450 4974 2510 5027 τὸ
2535 4976 2854 5045 τριακοστὸν
2877 4974 2995 5038 ἔτος
3024 4974 3195 5026 ἐποίει
3221 4973 3397 5038 τοῦτο,
3419 4975 3507 5027 ἵνα
3525 4973 3710 5047 εἴπῃς,

2138 5064 2241 5128 ὅτι,
2266 5064 2361 5132 ἀφ’
2393 5058 2454 5117 οὗ
2481 5058 2611 5134 ἦλθε
2650 5063 2712 5116 τὸ
2740 5062 2963 5133 Πνεῦμα
2996 5063 3075 5124 είς
3115 5061 3297 5124 αὑτὸν,
3329 5060 3564 5132 Χριστὸς
3591 5061 3707 5131 ἐγέο

2139 5170 2280 5217 νετο,
2309 5152 2444 5206 ἀλλὰ
2474 5153 2635 5216 εὐθὺς
2667 5152 2774 5206 ἀπὸ
2802 5149 3185 5214 δωδεκαετοῦς,
3215 5150 3287 5214 ὡς
3321 5150 3602 5222 προεῖπον,
3637 5152 3714 5215 ὡς

2138 5244 2448 5318 γέγραπται
2478 5247 2536 5299 ὲν
2584 5242 2662 5314 τῷ
2707 5242 2847 5297 κατὰ
2888 5244 3102 5296 Λουκᾶν
3147 5237 3487 5310 Εὑαγγελίῳ.
3552 5240 3713 5295 Ἀλλά

2141 5338 2234 5390 καὶ
2273 5336 2354 5390 ἔτι
2389 5335 2667 5406 ἀνωτέρω,
2694 5336 2783 5388 ὅτε
2825 5333 3181 5405 νηπιάζοντος
3225 5331 3480 5403 ἀνῆλθον,
3525 5333 3722 5403 φησιν,

2139 5429 2188 5479 οἱ
2217 5427 2348 5498 περὶ
2374 5425 2570 5496 Ἰωσὴφ
2598 5425 2695 5480 καὶ
2715 5424 2951 5494 Μαριὰμ
2979 5427 3060 5489 είς
3087 5423 3442 5495 Ἱεοουσαλὴμ
3470 5412 3725 5496 προσκυ-ι

2367 5579 2387 5610 ⁸
2415 5577 2547 5632 Luc.
2587 5592 2647 5641 ιι,
2686 5578 2771 5633 14.
2834 5579 2856 5612 ³
2889 5578 3022 5631 ihid.
3062 5578 3147 5631 il.
3237 5579 3256 5610 ⁶
3288 5577 3423 5634 Luc;
3453 5593 3531 5644 Iv,
3563 5578 3662 5635 22.
