3946 6074
257 280 361 338 457

1011 303 1379 364 ADVERSUS
1421 301 1762 361 ιιΑῑιιΕεεε
1798 302 1838 355 I.

1971 303 2008 356 1.
2054 302 2214 358 ΤΟΜ.
2262 304 2325 360 ll.
2369 339 2433 346 —
2475 307 2750 365 HERES.
2789 311 2956 371 XXX.

3420 319 3527 376 ‘58

257 407 420 476 νῆσαι
457 411 517 462 ἐν
554 415 621 482 τῇ
647 415 828 488 ἑορτῇ,
863 422 953 473 καὶ
979 425 1347 496 ἁνέκαμπτον,
1367 426 1580 497 ἔμεινεν
1605 425 1839 496 Ἰησοῦς⁴

1954 422 2216 479 adorandi
2273 428 2445 496 gratia
2489 427 2923 501 Hierosolymam
2974 433 3110 486 festo
3141 434 3226 484 die
3259 434 3526 501 perrexiso

259 502 353 554 καὶ
387 501 622 573 ἐζήτουν
655 509 818 562 αὑτὸν
853 512 910 563 ἐν
942 519 1006 585 τῇ
1037 517 1333 591 ὁδοιπορίᾳ,
1361 521 1454 572 καὶ
1492 520 1548 571 ἐν
1577 521 1689 581 τοῖς
1722 534 1852 585 συγ-

264 592 474 659 γενέσιν
513 597 718 661 αὐτῶν,
745 603 838 655 καὶ
867 605 965 676 οὐχ
1003 608 1274 679 εὕρισκον.
1316 607 1438 680 Εἶχε
1463 611 1570 681 γὰρ
1604 612 1637 680 ἡ
1665 609 1851 681 Μαρία

263 687 606 754 συγγένειαν.
647 692 1045 766 Ἀνακάμψασα
1071 700 1127 754 δὲ
1155 703 1250 755 καὶ
1283 703 1519 774 εὑροῦσα
1541 703 1721 764 αὑτὸν,
1747 702 1848 773 ἔφη

263 778 446 849 αὐτῷ’
499 783 562 836 Τί
595 784 742 853 ἡμῖν
771 787 1088 856 ἐποίησας,
1115 792 1363 858 τέκνον;
1409 795 1564 850 Ἰδοὺ
1601 793 1716 863 ἐγὼ
1750 795 1848 847 καὶ

262 873 297 925 ὁ
332 873 534 942 πατήρ
563 891 682 931 σου
712 878 1078 950 ὀδυνώμενοι
1107 884 1429 955 ἐζητοῦμέν
1459 901 1553 940 σε.
1589 886 1678 938 Ἐν
1699 886 1849 952 τάξει

263 965 372 1036 γὰρ
419 968 631 1038 πατρὸς
682 971 710 1022 6
755 971 952 1042 Ἰωσὴφ
1009 975 1158 1044 αὐτῷ
1201 977 1475 1047 ὑπῆρχενο
1523 976 1586 1029 οὔ
1630 975 1739 1046 γὰρ
1783 972 1850 1047 ἦν

263 1056 412 1127 αὐτῷ
441 1060 626 1130 πατὴρ
656 1062 798 1116 κατὰ
824 1064 1005 1132 φύσιν.
1030 1062 1162 1120 Εἶτα
1198 1070 1226 1121 6
1259 1068 1464 1139 Κύριος
1488 1068 1623 1140 πρὸς
1643 1068 1815 1138 αὐτήν
1833 1083 1846 1095 ⁸

265 1147 332 1200 Τί
374 1149 467 1203 ὅτι
502 1150 757 1218 ἐζητεῖτέ
793 1172 906 1224 με;
938 1159 1050 1212 οὐκ
1080 1158 1298 1228 ᾔδειτε,
1344 1158 1432 1213 ὅτι
1481 1160 1552 1212 ἐν
1584 1159 1708 1225 τοῖς
1744 1161 1850 1214 τοῦ

262 1240 494 1308 Πατρός
517 1259 634 1310 μου
671 1243 768 1297 δεῖ
806 1243 963 1300 εἶναι
986 1264 1098 1316 ys;
1126 1249 1424 1319 σημαίνων,
1454 1249 1537 1302 ὅτι
1568 1251 1596 1302 6
1624 1248 1748 1312 ναὸς
1771 1250 1850 1312 είς

260 1331 432 1402 ὖνομα
457 1332 594 1386 Θεοῦ
619 1335 833 1408 Πατρδς
871 1338 1216 1410 ᾠκοδομήθη.
1236 1341 1298 1392 El
1320 1340 1500 1393 τοίνυν
1523 1339 1631 1393 ἀπὸ
1652 1339 1847 1410 νηπίου

259 1423 365 1475 οἶδε
400 1423 491 1476 τὸν
520 1425 652 1478 ναὸν
677 1428 772 1504 καὶ
799 1429 889 1481 τὸν
923 1431 1162 1502 Πατέρα.
1193 1433 1293 1484 οὐκ
1323 1433 1432 1504 ἄρα
1458 1433 1612 1501 ψιλὸς
1639 1432 1851 1504 ἄνθρω-

260 1534 361 1581 πος
393 1519 421 1571 6
455 1519 739 1589 γεννηθεὶς
789 1521 1017 1592 Ἰησοῦς,
1065 1524 1186 1577 οὐδὲ
1239 1525 1376 1594 μετὰ
1419 1525 1479 1577 τὸ
1533 1526 1849 1595 τριακοστὸν

260 1607 414 1672 ἔτος,
457 1610 595 1680 μετὰ
627 1609 689 1663 τὸ
729 1611 906 1665 ἐλθεῖν
938 1615 1019 1677 είς
1065 1615 1230 1668 αὐτὸν
1267 1616 1327 1668 τὸ
1375 1614 1512 1680 εἶδος
1556 1617 1657 1686 τῆς
1687 1635 1846 1686 περι-

262 1701 492 1770 στερᾶς,
535 1700 658 1765 Υἱὸς
689 1703 782 1754 καὶ
817 1705 1053 1774 Χριστὸς
1105 1707 1369 1771 ἐκαλεῖτο,
1406 1708 1544 1763 ἀλλὰ
1581 1709 1742 1773 εὐθὺς
1790 1712 1846 1762 ἐν

257 1791 372 1851 τοῖς
414 1787 510 1841 τοῦ
561 1791 774 1862 Πατρὸς
808 1793 973 1846 αὑτοῦ
1013 1794 1122 1848 δεῖν
1162 1797 1325 1850 αὑτὸν
1367 1794 1507 1851 εἶναι
1541 1799 1842 1854 ἐδίδασκεν.
1881 1778 1922 1831 Β

262 1881 384 1933 Ὀτι
413 1881 471 1934 δὲ
496 1884 525 1935 6
554 1883 748 1954 Ἰωσὴφ
781 1884 901 1955 οὐχὶ
934 1887 1116 1958 πατὴρ
1147 1889 1311 1941 αὑτοῦ
1336 1885 1424 1960 ἦν,
1446 1890 1580 1944 ἀλλὰ
1610 1893 1668 1945 ἐν
1696 1891 1846 1957 τάξει

259 1970 487 2041 πατρὸς,
513 1971 678 2025 ἄκουε
712 1972 806 2026 τοῦ
841 1975 1004 2028 αὐτοῦ
1032 1978 1418 2046 εὐαγγελιστοῦ
1447 1978 1717 2047 λέγοντος,
1751 1982 1845 2036 τοῦ

257 2062 567 2132 γράψαντος
604 2063 714 2116 άπὸ
761 2067 1053 2136 προσώπου
1099 2070 1339 2139 Μαρίας,
1376 2070 1460 2123 ὅτι
1497 2072 1644 2140 Ἐγὼ
1687 2074 1783 2126 καὶ
1815 2077 1847 2127 o'

258 2152 452 2221 πατήρ
490 2170 607 2207 σου
638 2154 999 2226 ὀδυνώμενοι
1028 2158 1348 2230 ἐζητοῦμεν
1385 2178 1459 2216 σε
1480 2179 1494 2192 ·
1531 2165 1694 2218 πάλιν
1729 2165 1846 2228 πῶς

256 2244 460 2315 γράφει
523 2246 730 2316 λέγων·
775 2244 886 2304 Ἦν
933 2250 1002 2304 δὲ
1051 2253 1281 2320 Ἰησοῦς
1319 2255 1652 2324 ἀρχόμενος
1694 2254 1846 2311 εἶναι

254 2336 336 2401 ὠς
392 2337 550 2390 ἐτῶν
603 2339 958 2408 τριάκοντα,
1020 2338 1106 2396 ὢν
1162 2345 1326 2411 υίὸς,
1380 2347 1462 2412 ὡς
1514 2331 1842 2417 ἐνομίζετο,

267 2428 514 2498 Ἰωσήφ.
553 2431 642 2484 Ἐν
679 2431 736 2485 δὲ
793 2432 867 2503 τῷ
909 2435 1102 2498 εἰπεῖν,
1138 2437 1218 2502 ὠς
1267 2438 1599 2507 ἐνομίζετο,
1646 2438 1842 2505 ἔδειξεν

253 2519 417 2574 αὑτὸν
461 2521 535 2592 μὴ
563 2517 703 2577 εἶναι
738 2525 904 2578 αὑτοῦ
932 2529 1067 2593 υἱὸν,
1091 2528 1225 2582 ἀλλὰ
1249 2529 1585 2600 νομίζεσθαι.

1953 524 2099 580 sent,
2141 516 2500 575 redeuntibus
2545 521 2673 584 illis,
2715 523 2978 576 remansit
3030 521 3229 587 Jesus;
3263 539 3424 592 quem
3476 526 3529 579 iu

1955 607 2172 672 itinere,
2205 619 2258 663 et
2285 610 2422 678 apud
2468 625 2734 681 cognatos
2772 613 2848 666 illi
2879 614 3264 683 quaeritabant,
3312 629 3413 668 nec
3446 631 3530 669 re-

1956 699 2137 767 perire
2169 707 2448 769 poterant.
2502 701 2671 754 Maria
2706 705 2908 772 quippe
2941 704 3322 772 cognationem
3367 703 3530 757 babe-

1957 789 2070 844 bat.
2122 791 2290 860 Igitur
2324 807 2448 846 eum
2483 793 2548 845 ad
2583 794 2770 858 urbem
2824 795 3159 858 revertisset,
3197 807 3261 847 ac
3310 794 3527 849 tandem

1954 881 2104 934 illttm
2148 881 2499 945 olfendisset,
2543 883 2624 938 sic
2673 898 2798 937 eum
2846 885 3188 954 alloquitur:
3238 883 3368 949 Fili,
3403 883 3529 954 quid

1953 971 2126 1038 fecisti
2154 971 2344 1027 nobis?
2380 971 2512 1026 Ecce
2550 991 2641 1044 ego
2686 983 2735 1027 et
2772 987 2922 1042 pater
2956 986 3075 1029 tuus
3113 976 3346 1030 dolentes
3385 991 3529 1046 quw-

1954 1064 2194 1116 rebamus
2226 1073 2291 1116 te.
2324 1062 2597 1133 Josepltus
2626 1066 2772 1118 enim
2807 1065 2925 1119 loco
2966 1067 3014 1120 ei
3050 1067 3222 1134 patris
3253 1073 3390 1129 erat,
3415 1081 3529 1121 non

1953 1155 2225 1210 naturalis
2251 1164 2424 1225 pater.
2453 1157 2532 1209 Ad
2567 1160 2678 1211 brec
2713 1157 2973 1212 Dominus
2999 1177 3012 1212 :
3039 1158 3180 1226 Quid
3208 1169 3307 1223 est,
3327 1159 3526 1228 inquit,

1950 1247 2088 1316 quod
2149 1247 2467 1317 qua'rebatis
2519 1252 2642 1304 me?
2691 1250 3000 1304 nesciebutis
3039 1250 3177 1320 quod
3214 1252 3270 1304 in
3320 1251 3385 1304 iis
3413 1267 3529 1321 quae

1951 1339 2138 1394 Patris
2186 1341 2287 1394 mei
2331 1351 2454 1395 sunt
2511 1351 2712 1409 oportet
2746 1359 2828 1396 me
2868 1344 3057 1397 esse'?
3100 1343 3220 1410 Quo
3263 1358 3530 1413 responso

1952 1431 2321 1503 signilicabat,
2367 1434 2628 1504 templum
2669 1436 2742 1489 iw
2768 1435 2882 1498 Dei,
2922 1435 3026 1489 hoc
3075 1445 3160 1491 est
3204 1436 3384 1492 Patris
3418 1438 3526 1500 sui,

1952 1540 2152 1579 nomen
2189 1524 2365 1580 fuisse
2395 1533 2800 1580 constructum.
2835 1525 3200 1592 Quamobrem
3237 1528 3282 1582 si
3313 1529 3381 1582 ab
3411 1528 3528 1598 ipsa

1953 1613 2350 1682 propemodum
2384 1612 2620 1669 infantia
2649 1616 2913 1686 templum
2967 1615 3294 1686 Patremque
3325 1633 3531 1688 (εοεηο-

1953 1713 2124 1766 verat,
2154 1697 2348 1773 utique
2375 1719 2486 1758 non
2516 1720 2705 1760 merus
2746 1706 2908 1762 homo
2933 1715 3097 1762 natus
3125 1709 3214 1762 ille
3237 1707 3398 1764 Jesus
3428 1725 3528 1764 ex-

1953 1795 2118 1860 stitit,
2149 1810 2327 1864 neque
2354 1804 2479 1864 post
2511 1810 2717 1849 annum
2763 1795 2984 1851 demum
3031 1813 3161 1854 xxx.
3199 1813 3321 1851 cum
3367 1815 3425 1852 se
3454 1801 3527 1854 -in

1952 1902 2077 1939 cum
2107 1885 2378 1940 columba:
2418 1886 2601 1955 specie
2633 1884 2872 1954 Spiritus
2904 1896 3130 1943 sanctus
3169 1888 3526 1952 insinuasset,

1954 1976 2128 2032 Filius
2162 1992 2226 2031 ac
2255 1976 2512 2032 Christus
2544 1977 2810 2048 appellari
2842 1979 3048 2048 C(Bpit;
3085 1979 3178 2034 sed
3212 1979 3444 2033 subinde
3474 1981 3527 2032 in

1954 2067 2040 2123 his
2077 2083 2199 2137 qum
2254 2067 2319 2120 ad
2371 2066 2587 2122 Patrem
2644 2083 2802 2126 suum
2860 2069 3178 2130 attinerent,
3228 2070 3434 2126 versari
3471 2085 3532 2125 se

1953 2168 2210 2229 oportere
2257 2159 2466 2212 docuit.
2498 2158 2657 2225 Quod
2712 2174 2844 2213 vero
2895 2159 3170 2230 Joseplnts
3219 2177 3328 2216 non
3381 2163 3528 2215 illius

1955 2260 2110 2323 pater
2138 2260 2308 2317 esset,
2348 2254 2444 2308 sed
2474 2255 2646 2308 vicem
2682 2256 2857 2324 patris
2886 2265 3121 2326 gereret,
3161 2257 3287 2309 audi
3328 2272 3394 2312 ex
3437 2258 3529 2310 illo

1949 2345 2141 2399 eodem
2167 2344 2636 2414 evangelista.qui
2666 2344 2887 2398 Mariam
2921 2345 2994 2398 ita
3017 2346 3324 2415 loquentem
3360 2348 3523 2400 facit;

1949 2435 2059 2507 Ego
2083 2445 2133 2490 et
2159 2444 2310 2505 pater
2340 2445 2461 2490 tuus
2490 2434 2725 2490 dolentes
2757 2435 3123 2506 querebamus
3158 2447 3224 2492 te.
3242 2436 3407 2500 Audi,
3441 2438 3526 2490 in-

1943 2524 2270 2597 quam,quid
2301 2525 2410 2578 alio
2435 2527 2556 2580 loco
2577 2526 2903 2596 scripserit:
2942 2526 3077 2580 Erat
3109 2535 3306 2587 autent,
3328 2527 3525 2597 inquit,

248 2611 410 2670 Iesus
441 2617 697 2685 incipiens
727 2634 840 2673 esse
866 2621 1022 2689 quasi
1047 2637 1308 2675 annorum
1342 2637 1476 2684 xxx,
1499 2623 1747 2690 quierat,
1773 2631 1831 2676 ut
1870 2618 2190 2690 putabatur,
2232 2615 2452 2685 Iosephi
2503 2617 2652 2685 ﬁlius
2671 2618 2714 2672 ⁸.
2749 2615 2850 2672 Ubi
2884 2633 3009 2672 cum
3037 2633 3133 2673 eas
3203 2634 3366 2674 voces
3431 2622 3527 2674 ad-

250 2708 416 2775 didit,
439 2716 497 2760 ut
527 2711 842 2776 putabatur,
876 2723 984 2762 non
1020 2709 1196 2780 ipsius
1226 2726 1413 2766 revera
1445 2712 1616 2768 fuisse
1648 2714 1842 2775 lilium,
1883 2709 1978 2765 sed
2015 2708 2090 2761 ita
2125 2705 2396 2759 duntaxat
2433 2705 2677 2761 habitum
2712 2706 2882 2762 fuisse
2915 2707 3284 2765 demonstrat.

323 2802 404 2853 A'.
451 2798 749 2868 Ἐπιλείψει
804 2799 862 2852 δέ
903 2818 991 2871 μοι
1041 2804 1070 2854 6
1121 2803 1311 2875 χρόνος
1365 2805 1708 2877 διηγουμένῳ
1757 2809 1836 2868 εἰς

253 2893 602 2964 παράστασιν
635 2891 736 2962 τῆς
781 2891 1063 2962 ἀληθείας,
1094 2896 1188 2948 καὶ
1229 2897 1308 2960 εἰς
1343 2897 1562 2969 ἔλεγχον
1600 2900 1699 2968 τῆς
1734 2917 1836 2970 μα-

250 2980 652 3053 ταιοφροσύνης
693 2979 966 3047 Ἐϐίωνος,
999 2985 1093 3036 καὶ
1129 2983 1222 3037 τοῦ
1256 2985 1418 3040 αὐτοῦ
1446 3005 1824 3059 ’τιαριιιπείποιη⁸

2000 2797 2160 2870 156
2173 2795 2338 2851 XXX.
2353 2795 2570 2854 Deﬁciet
2583 2813 2668 2852 me
2685 2799 2966 2868 tempus,si
2982 2799 3048 2853 ad
3063 2803 3526 2871 comprobanda.“

1943 2893 2250 2956 veritatem,
2274 2907 2337 2945 ac
2359 2905 2466 2945 tam
2493 2890 2739 2954 Ebionis,
2756 2905 2919 2960 quam
2943 2892 3354 2950 absurdissima:
3379 2898 3526 2954 illius

1946 2983 2148 3038 scholae
2192 2982 2543 3038 refellendam
2591 2984 2908 3047 amentiam,
2950 2985 3202 3054 pluribus
3247 2987 3526 3058 disputare

254 3075 420 3146 μένου
465 3075 862 3146 ματαιόφρονος
907 3076 1279 3131 διδασκαλείου
1306 3081 1344 3132 ί.
1403 3081 1570 3134 Πόθεν
1621 3082 1729 3154 γὰρ
1776 3083 1836 3136 οὐ

1947 3075 2192 3129 voluero.
2230 3073 2368 3140 Quis
2408 3073 2554 3128 cnim
2586 3073 2744 3129 facile
2792 3091 2903 3130 non
2945 3076 3196 3148 intelligit
3227 3077 3523 3151 Josephum

252 3167 424 3236 σαφὲς
459 3167 525 3220 ἂν
552 3167 659 3238 εἴη,
692 3169 773 3220 ὃτι
807 3168 867 3220 οὐ
897 3167 1080 3239 πατὴρ
1105 3164 1172 3240 ἦν
1193 3169 1416 3242 Ἰωσὴφ,
1451 3172 1566 3225 ἀλλ’
1599 3175 1656 3225 ἐν
1687 3173 1839 3240 τάξει

225 3258 463 3329 ’πατρὸς
492 3257 805 3328 ὲνομίζετο;
833 3257 990 3312 Ἰδοὺ
1019 3259 1147 3330 γὰρ,
1180 3262 1365 3330 φησὶν,
1395 3263 1432 3330 ἠ
1455 3263 1749 3330 παρθένος
1771 3263 1840 3314 ἐν

249 3351 465 3418 γαστρὶ
517 3349 662 3414 ἕξει,
720 3351 819 3404 καὶ
872 3350 1102 3414 τέξεται
1144 3355 1294 3407 υἱόν.
1350 3355 1456 3408 Καὶ
1505 3356 1604 3408 οὐκ
1649 3353 1834 3408 εἶπεν·

249 3441 398 3495 Ἰδοὺ
446 3442 487 3509 ἡ
543 3443 720 3512 γυνή.
771 3442 882 3495 Καὶ
937 3442 1099 3496 πάλιν
1130 3445 1187 3496 ὲν
1217 3444 1414 3515 ,ἑτέρῳ
1453 3445 1603 3515 τόπῳ
1652 3445 1834 3513 λέγει·

249 3535 356 3588 Καὶ
392 3534 622 3597 τέξεται
647 3534 685 3600 ἡ
725 3533 996 3604 δάμαλις,
1028 3535 1126 3588 καὶ
1153 3535 1431 3602 ἐροῦσιν·
1465 3541 1546 3592 Οὐ
1577 3538 1834 3591 τέτοκεν.

262 3625 484 3697 Ἐπειδὴ
513 3627 622 3697 γάρ
645 3643 788 3690 τινες
809 3625 916 3679 τῶν
943 3627 1258 3696 Μανιχαίων
1288 3629 1382 3682 καὶ
1405 3630 1837 3701 Μαρκιωνιστῶν

248 3719 502 3789 λέγουσιν
538 3720 704 3774 αὑτὸν
734 3721 811 3792 μὴ
842 3720 1113 3792 τετέχθαι,
1149 3721 1238 3776 διὰ
1270 3723 1429 3776 τοῦτο
1455 3725 1704 3789 τέξεται,
1740 3725 1838 3778 καὶ

247 3813 528 3881 ἐροῦσιν·
568 3815 650 3866 Οὐ
696 3811 975 3866 τέτοκενο
1024 3813 1210 3884 ἐπειδὴ
1244 3815 1304 3867 οὐ
1335 3817 1553 3870 τέτοκεν
1595 3817 1837 3888 ήΜαρία

249 3905 313 3957 ἐκ
363 3903 685 3976 σπέρματος
726 3904 938 3976 ἀνδρός.
979 3905 1090 3957 Καὶ
1131 3898 1274 3958 οὗτοι
1327 3905 1589 3974 μανέντες
1620 3906 1836 3975 λέγουσι

246 3996 459 4066 ψευδῶς
500 3999 567 4050 ὲκ
621 3995 936 4067 σπέρματος
988 3997 1181 4067 ἀνδρὸς
1226 3997 1396 4068 αὐτὴν
1429 3997 1832 4066 γεγεννηκέναι.

250 4091 587 4160 Γεγέννηκεν
633 4084 724 4142 οὖν
759 4091 792 4159 ἡ
835 4089 1065 4160 δάμαλις
1099 4089 1254 4154 Θεὸν,
1286 4090 1572 4160 ἄνθρωπον
1604 4091 1661 4142 ἐν
1701 4090 1834 4160 ἁλη-

249 4181 390 4253 θείᾳ.
432 4183 546 4234 Καὶ
573 4181 776 4252 ὅτιμὲν
813 4181 1044 4252 δάμαλις
1080 4183 1114 4254 ἡ
1140 4181 1416 4254 Παρθένος
1446 4182 1709 4246 καλεῖται,
1741 4183 1836 4236 καὶ

247 4275 307 4327 τὸ
359 4273 569 4344 ταύτης
612 4273 861 4343 λείψανον
892 4274 1231 4346 καθαρισμὺς
1257 4270 1326 4346 ἦν
1357 4274 1467 4327 τῶν
1502 4277 1836 4346 κεκοινωμέ-

246 4385 376 4431 νων,
412 4368 578 4421 ἄκουε
611 4365 706 4419 τοῦ
741 4366 904 4436 νόμου
932 4365 1184 4434 λέγοντος
1207 4384 1222 4398 ⁸
1259 4365 1414 4420 Λάϐε
1445 4385 1543 4436 μοι
1575 4366 1835 4436 δάμαλιν

1945 3167 2172 3221 minime
2204 3167 2352 3222 illius
2388 3173 2691 3236 parentem,
2734 3167 2829 3222 sed
2857 3170 3100 3237 parentis
3132 3171 3249 3227 loco
3279 3173 3524 3229 habitum

1945 3259 2157 3315 fuisse?
2183 3257 2317 3314 Ecce
2346 3260 2510 3322 enim,
2540 3259 2740 3329 inquit,
2777 3260 2924 3330 virgo
2959 3263 3240 3330 concipiet,
3275 3273 3326 3318 et
3353 3267 3524 3333 pariet

1942 3351 2180 3420 ﬁlium‘.
2234 3349 2351 3405 Non
2383 3351 2521 3405 dixit
2553 3369 2566 3406 :
2605 3350 2740 3406 Ecce
2787 3353 2999 3408 mulier.
3035 3354 3112 3408 Ac
3146 3370 3365 3410 rursum
3418 3359 3524 3414 alio

1944 3444 2100 3498 loco:
2141 3442 2209 3496 Et
2240 3445 2409 3513 pariet
2438 3443 2625 3508 vitula,
2655 3453 2705 3498 et
2735 3443 2908 3499 dicent
2936 3462 2954 3501 :
2982 3444 3113 3522 Non
3137 3448 3355 3517 peperit.
3375 3446 3521 3503 Nam

1942 3551 2065 3588 cum
2092 3534 2518 3591 Manicbzeorum
2571 3550 2636 3591 ac
2665 3535 3143 3596 Marcionistarum
3173 3539 3394 3609 quidam
3427 3555 3522 3597 nc—

1940 3637 2067 3694 gent
2104 3627 2254 3681 illum
2299 3635 2459 3696 partu
2508 3629 2560 3681 in
2613 3629 2792 3684 lucem
2831 3631 3064 3696 editum,
3098 3631 3170 3688 ob
3204 3633 3280 3696 id,
3326 3635 3520 3702 pariet,

1943 3720 2139 3789 inquit,
2165 3730 2213 3773 et
2235 3721 2440 3773 dicent:
2467 3722 2586 3774 Non
2601 3723 2820 3790 peperit,
2837 3725 3093 3793 quoniam
3111 3725 3178 3780 de
3195 3726 3297 3780 viri
3315 3727 3519 3783 semine

1944 3809 2109 3863 Maria
2147 3825 2254 3864 non
2295 3811 2524 3880 peperit.
2556 3809 2625 3864 At
2683 3813 2878 3866 furiosi
2935 3814 3026 3868 isti
3075 3814 3142 3869 de
3173 3816 3275 3870 viri
3309 3819 3521 3874 semine

1944 3902 2083 3955 falso
2110 3902 2256 3954 illam
2294 3901 2578 3971 peperisse
2617 3900 2893 3956 dictitant.
2933 3903 3100 3972 Igitur
3131 3903 3299 3958 vitula
3346 3905 3520 3961 homi-

1941 4009 2062 4048 nem
2091 3995 2342 4049 eumdem
2382 4008 2446 4048 ac
2498 3993 2668 4048 Deum
2702 4008 2826 4050 vere
2875 3994 2965 4049 illa
3005 3995 3224 4064 quidem
3269 3999 3515 4068 peperit;

1943 4088 2125 4141 vitula:
2160 4101 2329 4156 porro
2373 4087 2592 4143 nomine
2631 4086 2909 4159 Virginem
2950 4088 3255 4156 nominari,
3289 4091 3518 4162 ejusque

1940 4181 2205 4250 reliquias
2234 4180 2302 4234 ad
2339 4195 2437 4236 eos
2466 4181 2558 4250 qui
2592 4179 2794 4250 impuri
2838 4189 3044 4244 essent,
3080 4181 3384 4254 expiandos
3423 4187 3519 4242 ad-

1940 4270 2114 4325 hiberi
2147 4273 2524 4335 eonsuevisse,
2565 4271 3029 4341 quemadmodum
3071 4274 3154 4328 lex
3198 4275 3316 4347 ipsa
3347 4285 3516 4336 teste-

1941 4370 2054 4425 tur,
2095 4363 2321 4432 accipe:
2382 4360 2559 4426 Sume,
2596 4361 2796 4430 inquit,
2853 4361 3076 4417 vitulam
3126 4365 3306 4435 rufam
3350 4369 3396 4424 ³.
3449 4369 3516 4426 Ut

245 4455 516 4524 xt'ppdr'
553 4457 640 4526 ἕνα
674 4455 825 4528 δείξῃ
850 4455 910 4508 τὸ
943 4456 1198 4508 ἐκλεκτὸν
1235 4455 1428 4520 σκεῦος
1469 4456 1566 4525 τῆς
1593 4456 1831 4526 Μαρίας,

1947 4454 2172 4508 electum
2203 4468 2301 4508 vas
2332 4451 2514 4506 Maria:
2553 4451 2910 4522 signiﬁcaret,
2943 4463 3161 4524 propter
3193 4456 3407 4528 igneam
3459 4461 3512 4516 in

244 4547 334 4602 διὰ
362 4549 424 4601 τὸ
458 4547 740 4618 πυροειδὲς
765 4547 863 4616 τῆς
889 4546 980 4599 τοῦ
1017 4547 1269 4618 Σωτῆρος
1303 4547 1554 4618 θεότητος
1585 4547 1834 4618 χωρηθὲν

245 4642 302 4693 ὲν
338 4643 406 4711 τῇ
452 4638 734 4710 Παρθένῳ.
769 4637 894 4704 Πῦρ
927 4637 1038 4707 γὰρ
1090 4642 1122 4692 ό
1163 4639 1340 4706 Θεὸς,
1405 4640 1567 4712 φησι,
1616 4656 1834 4694 καταν-

243 4733 532 4786 αλίσκον.
552 4733 661 4784 Καὶ
691 4730 854 4802 φησὶν
872 4733 899 4783 ὁ
919 4731 1082 4800 νόμος
1107 4730 1367 4799 δάμαλιν
1390 4732 1645 4800 πιιρῤὰν,
1672 4732 1761 4800 ἐφ’
1793 4732 1830 4800 ᾗ

244 4824 421 4894 ζυγὸς
471 4826 581 4878 οὐκ
642 4823 1010 4890 ἀναϐέϐηκεν
1055 4823 1153 4876 ἐπὶ
1203 4825 1309 4875 τὸν
1358 4823 1693 4892 τράχηλον·
1747 4823 1832 4875 ἵνα

241 4913 394 4987 δείξῃ
447 4913 545 4982 τὴν
601 4911 876 4982 Παρθένον
927 4911 1195 4981 δάμαλιν,
1251 4913 1324 4984 μὴ
1379 4910 1615 4980 γνοῦσαν
1668 4911 1832 4979 ζυγὸν

244 5007 425 5076 γάμου
449 5003 662 5076 ἀνδρός.
703 5003 862 5056 Ἀλλὰ
900 5003 951 5055 τί
992 5021 1081 5074 μοι
1114 5002 1182 5056 τὰ
1207 5003 1435 5056 πλεῖστα
1451 5003 1828 5070 διαλέγεσθαι;

235 5104 316 5161 ὡς
342 5097 506 5150 πάλιν
551 5096 776 5158 Ἡσαΐας
803 5093 906 5166 ἔφη
936 5095 1000 5148 ἐκ
1033 5094 1326 5165 προσώπου
1361 5095 1454 5148 τοῦ
1478 5096 1712 5168 Κυρίου’
1749 5096 1832 5148 ὅτι

245 5189 400 5245 Δὰὄε
447 5204 548 5241 σοι
583 5187 767 5256 τόμον
814 5185 1036 5255 χάρτου
1088 5186 1301 5241 καινοῦ
1333 5184 1601 5255 μεγὰνῖου
1622 5205 1634 5217 ·
1667 5187 1832 5257 τόμον

233 5281 327 5334 διὰ
365 5281 428 5333 τὸ
456 5276 597 5332 εἶναι
633 5278 730 5348 μὲν
754 5275 849 5347 τὴν
877 5277 1154 5348 Παρθένον
1189 5280 1252 5331 ὲκ
1277 5277 1594 5349 σπέρματος
1616 5278 1829 5350 ἀνδρὸς,

234 5371 549 5444 τετμῆσθαι
596 5371 652 5424 δὲ
695 5371 803 5422 ἀπὸ
835 5371 1032 5441 μίξεως
1066 5369 1296 5441 ἀνδρῶν,
1335 5369 1428 5424 καὶ
1466 5370 1524 5422 τὸ
1554 5368 1830 5440 τμηθῆναι

237 5467 350 5518 ἀπὺ
376 5466 478 5534 τῆς
512 5463 622 5516 τῶν
643 5461 943 5532 ἀνθρώπων
973 5464 1112 5516 κατὰ
1145 5463 1308 5532 φύσιν
1338 5461 1650 5532 συνηθείας.
1676 5461 1828 5514 Πάν-

308 5647 326 5678 ‘
363 5641 845 5718 ματαιοφροσύνης
881 5642 1010 5718 διδ.-
1055 5640 1230 5693 ‘Luc.
1264 5654 1324 5718 u_.
1348 5639 1416 5692 48
1455 5654 1579 5708 sqq.
1657 5638 1676 5669 ³
1709 5637 1839 5692 Luc.

1947 5638 2075 5706 ,23.
2154 5638 2175 5670 δ
2212 5637 2316 5695 lsa.
2351 5641 2543 5708 vtt,H.

232 5719 328 5775 29.
365 5711 377 5718 ⁷
407 5718 427 5749 ’
461 5711 626 5769 Num.
659 5727 774 5775 xtx,
802 5711 855 5768 Ξ.
933 5713 954 5744 ⁸
995 5711 1100 5766 lsa.
1133 5725 1252 5775 vtn,
1287 5711 1341 5769 1,

568 5809 841 5869 Pax-nor“
867 5809 982 5869 Gn.
1022 5804 1186 5866 XLI.

1941 4544 2226 4600 Salvatore
2245 4546 2353 4598 vim
2377 4544 2701 4608 divinitatis,
2718 4559 2880 4614 quam
2905 4547 3060 4616 virgo
3079 4550 3348 4619 capiebat.
3377 4552 3513 4608 Deus

1936 4638 2097 4700 enim,
2125 4637 2324 4707 inquit,
2365 4637 2502 4707 ignis
2533 4653 2846 4692 consumens
2883 4646 2961 4692 est
2979 4639 3019 4692 ⁸.
3060 4639 3153 4694 Ait
3205 4641 3373 4712 igitur
3431 4647 3513 4701 lea

1935 4728 2159 4782 vitulam
2197 4728 2376 4798 rufam
2400 4767 2415 4791 ,
2465 4728 2795 4798 cujus'collo
2818 4729 3049 4786 nondum
3095 4733 3399 4802 impositum
3437 4747 3515 4792 est

1925 4821 2116 4891 jugum
2151 4823 2203 4885 7;
2260 4829 2318 4875 ut
2369 4819 2644 4891 Virginem
2709 4823 2856 4876 illam
2915 4839 3038 4879 esse
3069 4825 3292 4880 vitulam
3340 4830 3505 4898 signi-
3607 4901 3627 4907 _

1938 4916 2080 4977 licet,
2115 4929 2234 4980 quae
2282 4915 2595 4982 nuptiarum
2629 4915 2763 4984 jugo
2805 4917 3072 4971 cervicem
3106 4919 3346 4972 nondum
3384 4927 3514 4976 suit-

1939 5005 2169 5059 tniserit.
2195 5003 2393 5058 Verum
2419 5005 2548 5074 quid
2574 5005 2665 5059 hic
2698 5007 2949 5076 pluribus
2975 5008 3258 5078 disputare
3289 5027 3513 5068 necesse

1933 5095 2051 5150 est?
2081 5103 2176 5149 aut
2216 5096 2347 5150 illud
2383 5097 2562 5165 ipsum
2596 5111 3054 5165 commemorare,
3085 5101 3231 5170 quod
3267 5102 3370 5158 sub
3405 5103 3512 5158 Dn-

1934 5187 2066 5240 mini
2093 5202 2325 5256 persona
2350 5189 2488 5242 dixit
2521 5187 2691 5245 Isaias
2717 5209 2729 5244 :
2757 5192 2948 5262 Accipe
2977 5206 3296 5264 segmentum
3316 5197 3514 5253 charta'

1935 5280 2156 5334 recentis
2191 5295 2253 5332 ac
2283 5280 2505 5348 maioris
2529 5282 2587 5335 ’ί
2621 5281 2721 5338 Ubi
2754 5287 3020 5355 segmenti
3063 5303 3199 5344 usus
3241 5298 3322 5343 est
3355 5307 3485 5346 voca

1935 5371 2087 5432 bulo,
2121 5371 2264 5439 quod
2296 5371 2400 5425 etsi
2429 5387 2460 5427 e
2491 5373 2634 5428 virili
2658 5377 2867 5431 semine
2897 5389 3194 5450 propagata
3229 5381 3300 5438 sit
3326 5381 3510 5451 Virgo.

1936 5462 2343 5518 eadem'tamen
2375 5463 2447 5518 sit
2474 5465 2543 5520 ab
2570 5465 2810 5524 humano
2843 5473 3138 5529 concubitu
3167 5476 3508 5546 naturaliqu.

2635 5644 2657 5674 ⁸
2686 5644 2850 5703 Num.
2883 5664 2999 5715 xix,
3029 5649 3083 5702 2.
3165 5650 3185 5679 ‘
3217 5649 3379 5705 llcbr.
3421 5664 3490 5702 κιο

3169 5812 3246 5873 15
