3946 6074
443 195 548 255 467
1548 244 1565 252 -
1820 191 1877 248 S.
1921 191 2263 250 EPIPIIANII
3611 192 3724 249 488

445 330 701 386 magnum
732 324 950 371 vocant.
974 330 1075 371 nec
1113 329 1222 369 non
1259 323 1315 370 et
1345 313 1577 370 alterum
1610 312 1759 383 quod
1796 329 2014 384 parvum

2130 331 2354 368 πτουσιν
2392 310 2553 369 αὗται
2594 316 2652 368 αί
2694 312 2921 386 ἡμέραι,
2961 314 3078 385 ήτοι
3125 313 3184 367 ἒν
3225 313 3459 385 δευτέρᾳ
3498 312 3721 368 Σαϐϐά-

444 409 740 481 appellant.
772 407 997 475 Quoties
1018 407 1185 477 igitur
1204 408 1323 462 dies
1339 406 1608 475 ejusmodi
1642 408 1695 460 in
1728 407 2014 462 secundam

2126 424 2234 461 των
2249 405 2383 476 (55),
2408 406 2441 476 ἢ
2466 409 2524 461 ὲν
2543 406 2725 478 τρίτῃ,
2751 406 2785 478 ἢ
2807 409 2865 460 ὲν
2888 405 3127 478 τετράδι,
3160 405 3438 459 Σάϐϐατον
3462 405 3721 459 καναύτὸ

446 475 570 571 post
596 476 896 557 Sabbatum
929 475 1097 563 diem,
1131 499 1217 554 vel
1252 499 1495 561 tertiam,
1530 506 1624 553 aut
1654 505 1904 569 quartam
1938 500 1992 553 in

2127 500 2310 561 αὐτοῖς
2338 475 2595 566 ὀρίζεταιξ
2743 475 2880 570 μετὰ
2895 475 2995 569 τὴν
3016 498 3126 551 τῶν
3142 495 3393 567 Ἀζύμων
3415 475 3751 566 γενομένη-ιΙ

446 591 658 652 cidunt,
712 589 858 645 istud
911 590 1090 658 ipsum
1138 589 1359 644 illorum
1414 588 1668 644 instituto
1725 587 2014 643 Sabbatun

2129 592 2357 662 ἡμέραν,
2379 592 2471 645 καὶ
2489 590 2796 664 ὁρισθεῖσαν
2818 593 3030 664 ἡμέραν
3045 590 3346 653 Σαϐϐάτου,
3361 589 3440 660 τῷ
3455 588 3678 642 Σαϐϐάτ
3738 598 3745 663 ξ

445 693 721 738 censetur.
757 681 942 750 Quare
971 682 1277 739 secundum
1309 680 1641 749 Azymorum
1678 682 1901 742 festum.
1939 684 2014 736 de

2128 684 2287 752 φύσει
2306 684 2384 755 τῷ
2411 685 2547 755 μετὰ
2567 685 2666 757 τὴν
2698 672 2912 756 ἡμέραν
2939 685 3050 738 τῶν
3062 666 3318 754 ν’Δζύμων
3339 684 3419 746 εἰς
3435 681 3691 735 Σάϐϐατο

445 773 767 844 tinitumque
797 775 1026 831 Sabbati
1049 774 1215 837 diem,
1247 789 1314 830 eo
1356 773 1619 840 Sabbato,
1647 778 1792 848 quod
1821 785 1876 832 et
1903 792 2014 847 pro-

2125 776 2536 849 λελογισμένην,
2566 755 2868 849 εὑρέθησαν
2888 775 3256 839 διαϐαίνοντες
3283 773 3372 829 διὰ
3395 774 3504 827 τῶν
3527 773 3696 841 σπορί
3714 755 3746 812 -’

445 864 562 935 prie
592 866 667 920 ita
711 866 919 923 dictum
965 877 1072 932 est,
1112 880 1166 924 et
1200 867 1531 938 Azymorum
1571 867 1716 922 diem
1750 869 2014 937 sequitur1

2129 886 2266 941 μων,
2292 870 2388 924 καὶ
2421 868 2627 923 ἔτιλλον
2659 868 2919 939 στάχυας,
2967 869 3064 922 καλ⁸
3108 866 3340 936 ἔψωχον.
3374 866 3472 918 καὶ
3505 864 3718 935 ἢσθιον,

444 972 566 1026 qua
582 965 637 1014 et
656 958 774 1029 ipsa
799 975 899 1030 pro
926 958 1168 1015 Sabbato
1186 967 1463 1022 censetur,
1488 959 1628 1014 forte
1655 961 1758 1015 iter
1786 976 1882 1030 per
1905 968 2022 1015 sata

447 1048 717 1115 fecerunt,
743 1067 806 1107 ac
826 1053 1011 1107 vulsas
1039 1054 1223 1122 spicas
1248 1052 1628 1114 all'ricuerunt,
1653 1063 1816 1126 atque.
1845 1070 2026 1110 come-

447 1145 666 1210 derunt,
702 1155 760 1198 ut
800 1146 1016 1201 vincula
1052 1147 1141 1200 illa
1190 1146 1413 1214 Sabbati
1465 1147 1749 1202 sanctione
1797 1148 2022 1202 astricta

447 1239 627 1294 soluta
678 1254 802 1295 esse
852 1248 1227 1295 monstrarent
1277 1242 1456 1310 magni
1510 1241 1661 1296 illius
1708 1241 2024 1296 accessione

341 1398 355 1410 .
446 1329 692 1399 Sabbati,
745 1333 847 1387 hoc
879 1344 964 1387 est
994 1334 1192 1389 Christi
1232 1334 1468 1398 Domini,
1502 1334 1594 1403 qui
1633 1342 1692 1387 ut
1723 1351 1750 1387 a
1784 1334 2024 1404 peccatis

443 1425 652 1480 nostris
681 1424 1094 1494 quiesceremus
1129 1425 1377 1481 indulsit.
1421 1426 1592 1492 Cujus
1624 1427 1846 1490 insuper
1882 1425 2020 1492 ligu-

439 1532 559 1572 ram
595 1516 833 1572 Noetnus
862 1517 991 1570 olim
1047 1518 1306 1588 praetulit.
1359 1519 1406 1572 is
1452 1534 1612 1587 quem
1650 1527 1837 1571 natum
1872 1524 2026 1586 pater

440 1617 501 1665 ut
527 1610 685 1674 vidit,
715 1611 1035 1681 prophetico
1066 1610 1303 1680 quodam
1338 1612 1519 1665 alIIatu
1552 1610 1812 1664 Noemum
1842 1611 2024 1679 appel-

439 1702 543 1758 lari
570 1702 739 1757 voluit
756 1702 1097 1768 tsQuom’am.
1142 1704 1341 1771 inquit,
1368 1705 1479 1771 ipse
1504 1704 1732 1771 requiem
1757 1701 1905 1755 dabit
1941 1719 2027 1756 no-

438 1774 581 1849 bisa
625 1794 852 1862 peccatis
896 1794 1154 1853 nostris‘.
1207 1794 1310 1847 hoc
1355 1802 1439 1847 est
1484 1792 1777 1846 laboriosis
1823 1792 2027 1847 nostris

438 1885 721 1954 operibus.
750 1883 911 1953 Atqui
943 1879 1184 1938 Noemus
1216 1884 1420 1936 nullam
1456 1898 1485 1937 a
1520 1881 1756 1951 peCcatis
1784 1881 2024 1951 requiem

439 1975 646 2038 attulit.
696 1983 755 2030 ut
798 1976 1072 2045 intelligas
1121 1977 1188 2029 de
1233 1974 1454 2029 Christo
1500 1974 1856 2028 vaticinatum
1905 1988 2027 2028 esse

438 2064 795 2131 Lamechum,
827 2067 882 2120 in
913 2081 1073 2136 quem
1101 2066 1265 2120 etiam
1296 2065 1412 2131 ipsa
1448 2065 1684 2119 nominis
1719 2063 1859 2118 ratio
1892 2078 2024 2117 con-

436 2159 606 2214 venit.
632 2158 872 2215 Noenms
897 2159 1042 2214 enim
1069 2159 1298 2228 requiem
1322 2156 1617 2227 signiﬁcat,
1642 2167 1700 2210 ut
1720 2165 1774 2211 et
1797 2155 2019 2215 Sebetb.

434 2266 559 2321 qua:
598 2268 702 2306 vox
739 2261 849 2306 tam
895 2251 1040 2307 istud
1076 2252 1252 2321 ipsum
1298 2264 1461 2320 quam
1511 2247 1804 2303 Sabbatnm
1837 2250 2019 2318 expri-

436 2342 555 2398 mit.
591 2341 748 2408 Quod
782 2344 1029 2414 apprime
1059 2343 1283 2397 Christo
1322 2345 1600 2412 congruit,
1637 2342 1692 2395 in
1719 2352 1829 2412 quo
1860 2340 2021 2395 Pater

334 2468 341 2476 -
432 2448 561 2488 cum
612 2434 825 2503 Spiritu
882 2443 1075 2489 sancto
1134 2434 1464 2503 requiescit;
1525 2432 2021 2502 requievernutqne

435 2526 614 2582 sancti
643 2525 711 2580 ad
737 2542 907 2581 unum
946 2540 1159 2591 omnes,
1212 2533 1566 2596 posteaquam
1609 2539 1639 2577 a
1673 2535 1896 2595 peccato
1919 2507 2020 2576 'de-

433 2618 715 2675 stiterunt.
750 2616 851 2672 llic
878 2624 963 2673 est
987 2632 1242 2687 magnum
1269 2617 1780 2686 sempiternumque
1806 2615 1985 2669 Sabba
2004 2645 2017 2655 ο

432 2717 572 2772 tum.
606 2710 766 2778 cujus
792 2726 1021 2780 parvum
1075 2710 1204 2765 illud
1256 2710 1538 2778 exemplar
1578 2709 1709 2771 fuit;
1753 2708 1819 2761 ad
1870 2707 2017 2763 illius

432 2804 728 2858 adventum
759 2818 935 2872 usque
958 2803 1013 2856 in
1038 2818 1196 2856 usnm
1225 2802 1555 2867 adhibitum,
1582 2811 1635 2856 et
1658 2802 1727 2856 ab
1750 2801 1871 2870 ipso
1901 2811 2016 2870 tege

429 2896 822 2960 constitutum;
863 2895 932 2949 ab
964 2895 1267 2963 eodemque
1300 2895 1562 2959 solutum,
1595 2900 1649 2947 et
1684 2893 1736 2946 in
1773 2892 2014 2961 Evange-

428 2986 505 3041 lio
533 2985 753 3040 demum
786 2986 1086 3056 impletum.
1124 2987 1204 3041 Ita
1233 2985 1378 3040 enim
1411 2984 1672 3040 illc-dixit
1703 3003 1715 3039 :
1756 2983 2011 3039 Dominus
2043 3004 2081 3056 (λ

427 3087 505 3132 est
538 3076 717 3132 Filius
761 3078 989 3131 hominis
1016 3081 1176 3132 etiam
1217 3078 1504 3133 Sabbati'.
1540 3077 1613 3131 Ex
1653 3093 1764 3147 quo
1809 3076 2011 3131 factum

426 3178 533 3236 est,
564 3178 625 3225 ut
647 3169 911 3224 audacter
932 3170 1184 3239 discipuli
1219 3169 1519 3225 Sabbatum
1547 3171 1845 3233 solverent,
1873 3184 2011 3239 pra:-

425 3262 617 3316 sertim
666 3276 792 3316 cum
840 3270 895 3316 et
945 3261 1259 3317 sacerdotes
1292 3273 1417 3317 ante
1459 3262 1583 3316 illos
1625 3262 1765 3315 idem
1801 3259 2012 3315 sarriti—

424 3352 626 3416 cando,
660 3352 1050 3421 oﬂ‘erendoque
1085 3351 1345 3413 facerent,
1380 3367 1449 3405 ne
1478 3350 1609 3419 juge
1656 3348 1787 3403 illud
1826 3349 2008 3418 quoti-

423 3446 758 3516 dianumque
788 3444 1119 3501 sacrilleimn
1166 3443 1612 3506 intermitterent.
1657 3441 1735 3495 Ac
1771 3456 1878 3494 non
1919 3455 2009 3494 sa-

424 3537 676 3591 cerdotes
710 3537 888 3591 solum
928 3537 1031 3590 hoc
1062 3538 1201 3606 ipso.
1233 3534 1379 3605 quod
1415 3549 1484 3588 ne
1513 3533 1753 3588 Sabbato
1786 3531 2004 3602 quidem

422 3635 611 3684 essent
640 3625 844 3690 feriati,
876 3628 1116 3681 solutum
1148 3625 1281 3681 illud
1304 3626 1369 3680 iri
1405 3624 1497 3680 diu
1521 3633 1648 3679 ante
1672 3622 2006 3694 praenuntia-

422 3717 591 3790 bant;
628 3716 722 3772 sed
752 3724 806 3770 et
822 3717 1187 3772 circumcisio
1218 3717 1333 3787 ipsa
1372 3716 1642 3771 solvebat.
1678 3715 1839 3787 160
1866 3714 2001 3770 Cum

419 3808 567 3864 enim
620 3807 863 3864 Sabbato
914 3826 1050 3879 puer
1098 3825 1474 3880 szepenumero
1506 3817 1845 3873 nasceretur,
1881 3808 2003 3878 ejus

419 3899 526 3954 diei
554 3897 872 3970 religionem
908 3899 1261 3955 circumcisio
1291 3900 1550 3967 tollebat;
1579 3907 1743 3968 atque
1774 3900 1848 3952 ita
1874 3899 2003 3954 dua-

416 3992 522 4046 bus
563 3991 671 4047 illis
703 3992 871 4046 rebus
913 3990 1135 4046 Sabbati
1186 3993 1469 4063 abrogatio
1516 3991 1823 4063 signiﬁcata
1874 3999 2000 4045 ante

417 4082 656 4139 videtur.
699 4082 815 4138 Hoc
846 4083 993 4138 enim
1030 4091 1282 4146 constat,
1310 4098 1406 4139 eos
1429 4082 1520 4153 qui
1548 4092 1736 4136 natum
1769 4084 1828 4135 in
1859 4084 1997 4135 Sal:-

417 4177 547 4231 bato
596 4191 824 4246 puerum
881 4175 1365 4238 circumcidet-ent,
1420 4176 1535 4229 sive
1568 4181 1822 4228 octavum
1853 4175 1994 4227 diem

417 4278 675 4325 accurate
726 4271 1023 4324 observare
1067 4269 1288 4330 vellent,
1340 4269 1483 4339 quod
1528 4268 1573 4322 is
1609 4269 1661 4322 in
1698 4264 1993 4320 Sabbatum

2125 960 2451 1024 δεικνύντες,
2504 960 2586 1013 ὅτι
2632 957 2852 1012 λέλυται
2902 959 2933 1011 ὁ
2962 955 3160 1026 δεσμὸς
3187 955 3216 1007 ὁ
3249 955 3306 1008 ὲν
3343 952 3421 1025 τῷ
3454 951 3726 1022 Σαϐϐάτῳ

2125 1055 2458 1127 ὁριζόμενος,
2487 1054 2732 1118 ἐλθόντος
2753 1050 2847 1106 τοῦ
2874 1050 3110 1123 μεγάλου
3142 1049 3444 1115 Σαϐϐάτου,
3467 1047 3724 1101 τουτέστι

2125 1146 2387 1218 Χριστοῦ,
2421 1147 2515 1202 τοῦ
2550 1146 2970 1209 ἀναπαύσαντος
3007 1145 3157 1215 ἡμᾶς
3188 1142 3297 1196 ἀπὸ
3325 1139 3433 1194 τῶν
3462 1141 3723 1211 ἁμαρτη-

2130 1240 2315 1309 μάτων
2344 1239 2520 1310 ήμῶν,
2550 1232 2611 1292 οὗ
2640 1238 2811 1301 τύπος
2835 1233 2904 1309 ἧν
2931 1239 2961 1290 ὁ
2997 1234 3143 1298 Νῶε,
3171 1235 3231 1289 ὃν
3271 1234 3301 1286 ὁ
3334 1231 3519 1304 πατὴρ
3548 1231 3723 1286 αὑτοῦ

2126 1331 2455 1403 γεννηθέντα
2517 1329 2780 1404 ἑωρακὼς
2848 1328 2990 1382 κατὰ
3050 1324 3419 1400 προφητείαν,
3486 1323 3724 1378 ἐπέθετο

2126 1424 2275 1494 αὐτῷ
2319 1424 2491 1495 ὄνομα
2538 1422 2681 1488 Νῶε,
2736 1423 2944 1493 λέγων·
2999 1422 3121 1475 Ὅτι
3153 1416 3334 1488 οὗτος
3371 1419 3721 1474 ἀναπαύσει

2126 1517 2286 1588 ἡμᾶς
2307 1518 2378 1571 ἐκ
2405 1517 2525 1570 τῶν
2548 1514 2847 1585 ἁμαρτιῶν
2876 1514 3068 1584 ἡμῶν,
3092 1515 3215 1585 ἦτοι
3253 1511 3507 1582 σκληρῶν
3534 1510 3722 1582 ἔργων

2128 1610 2305 1682 ήμῶν.
2344 1610 2402 1662 '0
2428 1609 2551 1662 Νῶε
2577 1608 2633 1662 δὲ
2658 1608 2765 1661 άπὸ
2786 1606 3072 1679 ἁμαρτιῶν
3092 1607 3193 1660 οὐκ
3215 1605 3544 1666 ἀνέπαυσεν,
3581 1603 3721 1657 ἀλλὰ

2128 1704 2208 1765 είς
2232 1689 2466 1760 Χοιστὸν
2498 1698 2902 1770 προεφήτευσεν
2929 1696 2958 1748 ὁ
2994 1694 3189 1765 Λάμεχ
3226 1693 3326 1764 τὴν
3373 1691 3721 1763 προφητείαν

2126 1792 2203 1863 τῷ
2227 1793 2248 1825 ³
2279 1792 2868 1865 Νῶενὲρμηνευὸμενον
2897 1790 2955 1841 ἐν
2996 1786 3247 1859 ἀληθείᾳ.
3279 1785 3405 1840 Νῶε
3434 1784 3546 1855 γὰρ
3570 1783 3718 1838 ἀνά-

2126 1898 2352 1949 παυσις
2382 1880 2766 1953 ἑρμηνεύεται,
2792 1881 2887 1934 καὶ
2912 1877 3245 1949 Σεϐὲθ,ὅπερ
3260 1875 3611 1941 ἀνάπαυσις
3623 1876 3717 1927 καὶ

2125 1974 2428 2029 Σάϐϐατον
2452 1972 2835 2046 ἑρμηνεύεται,
2869 1972 2897 2025 ὃ
2926 1968 3308 2041 ὲστιΧριστὸς,
3341 1969 3399 2020 έν
3429 1960 3475 2034 ᾧ
3509 1963 3713 2020 ἀναπέ-

2128 2084 2333 2121 παυται
2377 2068 2405 2119 ὁ
2450 2066 2660 2138 Πατὴρ.
2693 2066 2787 2119 καὶ
2815 2063 2877 2117 τὸ
2905 2063 3059 2132 ἅγιον
3102 2060 3330 2132 Πνεῦμα
3370 2057 3560 2120 αὐτοῦ,
3618 2057 3718 2111 καὶ

2125 2159 2328 2221 πάντες
2370 2160 2515 2227 ἅγιοι
2553 2157 2832 2229 ἄνθρωποι
2865 2158 2924 2210 ὲν
2963 2154 3112 2225 αὐτῷ
3142 2152 3544 2213 ἀνεπαύσαντο,
3575 2167 3717 2203 παυ-

2108 2251 2349 2322 ’σάμενοι
2369 2250 2478 2303 ἀπὸ
2500 2249 2933 2321 ἁμαρτημάτων.
2970 2239 3139 2310 Οὗτός
3168 2246 3283 2298 ἐστι
3311 2244 3374 2296 τὸ
3402 2242 3545 2314 μέγα
3572 2240 3714 2295 Σάϐο

2122 2344 2285 2397 ϐατον
2319 2344 2414 2397 καὶ
2441 2343 2629 2405 ἀΐδιον,
2670 2334 2731 2395 οὗ
2777 2340 2945 2403 τύπος
2986 2335 3055 2410 ἦν
3098 2336 3160 2393 τδ
3205 2336 3399 2409 μικρὸν
3430 2334 3713 2389 Σάϐϐατογ

2120 2433 2627 2504 ὲξυπηρετούμενον
2674 2432 2802 2502 ἄχρι
2828 2432 2929 2500 τῆς
2971 2428 3134 2483 αὑτοῦ
3168 2427 3711 2509 παρουσίαςηπροσ-

2120 2528 2319 2599 ταχθὲν
2356 2528 2448 2580 ὑπ’
2506 2526 2672 2580 αὑτοῦ
2707 2525 2849 2603 κατᾲ
2883 2525 2974 2579 τὸν
3009 2525 3194 2596 νόμον.
3225 2524 3320 2576 καὶ
3352 2525 3407 2576 ἐν
3436 2521 3587 2593 αὐτῷ
3615 2521 3713 2575 λυ-

2120 2617 2234 2682 θὲν,
2287 2620 2383 2671 καὶ
2428 2616 2712 2688 πληρωθὲν
2748 2618 2806 2668 ὲν
2845 2613 2923 2685 τῷ
2976 2613 3315 2685 Εὑαγγελίῳ.
3368 2612 3558 2676 Οὕτως
3596 2614 3714 2684 γάρ

2117 2705 2292 2765 εἶπεν.
2337 2711 2419 2763 ὅτι
2440 2710 2662 2777 Κύριός
2688 2709 2861 2762 ἐστιν
2886 2710 2920 2762 ὁ
2958 2709 3092 2774 Υἱός
3124 2708 3232 2763 τοῦ
3259 2706 3578 2776 ἀνθρώπου
3607 2707 3711 2759 καί

2117 2802 2222 2857 τοῦ
2246 2803 2569 2857 Σίισόἁτου.
2603 2801 2766 2855 Ὅθεν
2805 2799 3121 2871 θαρσαλέως
3158 2802 3204 2854 oi
3239 2800 3478 2872 μαθηταὶ
3511 2800 3710 2855 λύουσι

2115 2894 2177 2946 τὸ
2201 2893 2500 2948 Σάϐϐατον·
2529 2893 2716 2963 ἐπειδὴ
2741 2895 2832 2948 καὶ
2857 2897 2905 2948 oi
2938 2892 3043 2964 πρὸ
3065 2892 3244 2947 αὐτῶν
3274 2894 3436 2964 ἱερεῖς
3463 2891 3624 2945 ἔλυον
3650 2891 3711 2945 τὸ

2117 2965 2390 3038 Σάϐϐατον
2416 2978 2652 3048 θύοντες.
2688 2987 2785 3040 καὶ
2806 2985 2928 3055 Θεῷ
2952 2984 3141 3049 θυσίας
3170 2984 3592 3055 προσφέροντες,
3619 2985 3708 3038 ἵνα

2118 3075 2192 3146 μὴ
2246 3076 2465 3149 ἀργήσῃ
2517 3076 2676 3131 θυσία
2721 3079 2755 3149 ἠ
2811 3076 3116 3149 ἐνδελεχὴς,
3171 3078 3265 3130 καὶ¹
3316 3076 3440 3131 καθ’
3484 3078 3709 3149 ἡμέραν

2115 3169 2553 3239 προσφερομένη.
2581 3170 2654 3224 Ού
2691 3170 2849 3240 μόνον
2875 3169 2929 3223 δὲ
2964 3170 3117 3223 αὐτοὶ
3148 3171 3520 3242 προεφήτευον
3543 3171 3591 3224 οἱ
3624 3171 3706 3225 ἱε-

2115 3264 2227 3331 ρεῖς
2276 3261 2604 3333 λυθήσεσθαι
2658 3262 2720 3315 τὸ
2768 3262 3046 3317 Σάϐϐατον
3091 3262 3180 3317 διὰ
3221 3263 3316 3316 τοῦ
3369 3264 3444 3334 μὴ
3486 3265 3704 3335 ἀργεῖν·

2110 3352 2246 3406 ἀλλὰ
2277 3351 2371 3404 καὶ
2404 3350 2541 3422 αὐτὴ
2567 3354 2600 3422 ἡ
2638 3352 2911 3425 περιτομὴ
2940 3354 3061 3407 ἔλυε
3090 3353 3151 3407 τὸ
3172 3354 3470 3409 Σάϐϐατον.
3503 3356 3706 3426 Γεννω-

2113 3442 2275 3514 μένου
2300 3442 2358 3495 δὲ
2385 3443 2572 3506 παιδὸς
2594 3443 2852 3508 πολλάκις
2874 3446 2931 3497 ἐν
2948 3445 3231 3516 Σαϐϐάτῳ,
3255 3446 3536 3517 ἀναίρεσις
3561 3447 3705 3500 Σαϐ-

2110 3535 2275 3588 ϐάτου
2313 3535 2400 3588 διὰ
2442 3536 2747 3606 περιτομῆς
2769 3536 2995 3604 ἐγίνετο.
3027 3536 3184 3591 Οὕτω
3208 3539 3328 3600 ταῖς
3355 3537 3703 3610 ἀμφοτέραις

2108 3628 2321 3700 ἡλύσις
2359 3627 2805 3699 προεθεσπίζετο.
2851 3630 3133 3683 Δείκνυται
3163 3630 3291 3701 γὰρ,
3323 3629 3406 3682 δτι
3445 3630 3495 3682 οί
3539 3647 3700 3701 περι-

2105 3722 2394 3792 τέμνοντες
2423 3722 2555 3775 αύτὸ
2592 3724 2654 3775 τὸ
2698 3722 2953 3793 γεννηθὲν
2993 3724 3051 3777 ἐν
3090 3723 3371 3794 Σαϐϐάτῳ,
3405 3723 3502 3776 ἐάν
3538 3724 3699 3795 θελή-

2107 3828 2273 3864 σωσιν
2319 3811 2849 3884 ἀκριϐολογήσασθαι
2900 3814 2999 3879 τὴν
3040 3813 3232 3883 ὀγδόην
3266 3813 3502 3884 ἡμέραν,
3543 3816 3699 3887 εὑρί-

2107 3918 2329 3964 σκοντες
2358 3902 2738 3974 ἐμπίπτουσαν
2765 3903 2822 3955 ἐν
2849 3902 3131 3972 Σαϐϐάτῳ,
3167 3902 3260 3955 καὶ
3285 3905 3697 3974 περιτεμὸντες,

2103 3992 2264 4063 ἔργον
2298 3994 2624 4065 εἰργάσαντο
2676 3995 2770 4047 καὶ
2802 3994 2863 4053 τὸ
2897 3993 3171 4047 Σάϐϐατον
3209 3993 3426 4050 ἔλυσαν.
3475 3996 3606 4051 Ἐάν
3639 3997 3696 4051 δὲ

2102 4083 2445 4155 ύπέρθωνται
2474 4084 2564 4139 διὰ
2591 4084 2652 4138 τὸ
2682 4085 2758 4156 μὴ
2788 4086 2946 4141 λῦσαι
2974 4088 3033 4140 τὸ
3064 4088 3360 4147 Σάϐϐατον,
3395 4089 3564 4161 ἐνάτῃ
3585 4089 3697 4143 λοι-

2101 4176 2203 4228 πὸν
2254 4176 2644 4263 περιτέμνουσι
2690 4178 2790 4249 τὴν
2842 4183 3169 4253 περιτομήνο
3220 4182 3316 4258 κα).
3364 4180 3564 4238 ἔλυσαν
3593 4186 3694 4254 τὴν

2101 4265 2424 4336 περιτομὴν,
2476 4267 2569 4320 καὶ
2615 4268 2707 4321 τὸν
2752 4270 2883 4342 περὶ
2927 4271 3098 4341 αὐτῆς
3135 4270 3243 4324 τῶν
3282 4270 3428 4325 ὀκτὼ
3462 4273 3691 4344 ἡμερῶν

417 4360 762 4422 incurrisset,
790 4359 982 4414 eodem
1029 4360 1148 4430 ipso
1189 4359 1628 4421 circumcidisse,
1670 4374 1733 4412 ac
1770 4358 1997 4428 proinde

2117 4358 2226 4427 ὅρον
2251 4357 2344 4410 τοῦ
2377 4360 2820 4431 προστάγματος.

412 4455 597 4525 operis
634 4454 835 4524 aliquid
886 4454 1087 4526 egisse.
1142 4454 1552 4526 Sabbatumque
1586 4456 1843 4510 violasse.
1879 4452 1974 4508 Sin
2012 4454 2307 4524 abrogandi
2347 4452 2566 4508 Sabbati
2610 4464 2754 4511 metu
2803 4456 3105 4525 diderrent,
3159 4475 3303 4514 nono
3341 4460 3563 4517 demum
3604 4464 3691 4517 die

412 4551 889 4627 circumcisiouem
938 4550 1277 4615 adhibuisse,
1329 4563 1493 4622 atque
1558 4550 1723 4622 hujus
1791 4550 1928 4605 adeo
1991 4550 2180 4622 legem,
2236 4551 2705 4621 przcstimtnmquc
2742 4553 2949 4607 dierum
2985 4564 3110 4609 octo
3143 4572 3427 4609 numerum
3462 4559 3691 4613 minimc

411 4645 675 4701 tenuisse.

485 4734 722 4791 XXXIII.
767 4734 874 4792 Sed
907 4752 975 4791 ne
1006 4737 1126 4807 ipsa
1155 4736 1378 4807 quidem
1406 4738 1583 4807 prima
1608 4746 1726 4793 erat
1752 4738 1993 4808 perfecta

2168 4737 2289 4790 ΔΡ,
2346 4736 2506 4789 Ἀλλὰ
2538 4738 2661 4791 οὔτε
2710 4735 2779 4809 ἦν
2823 4739 3002 4795 τελεία
3058 4745 3091 4813 ὴ
3142 4745 3332 4817 πρώτη
3387 4748 3683 4817 περιτομὴ,
3731 4765 3736 4768 ·

410 4827 785 4891 circumcisio,
839 4843 1028 4883 verum
1088 4828 1228 4898 signi
1278 4828 1457 4882 instar
1503 4828 1569 4882 ad
1629 4843 1820 4883 eorum
1873 4844 1994 4898 qnze

2117 4828 2233 4882 ιλλὰ
2262 4829 2487 4899 σημείου
2523 4830 2682 4902 χάριν
2710 4832 2886 4904 ἐδόθη.
2934 4836 3015 4896 εἷς
3052 4853 3112 4889 τε
3154 4837 3459 4910 ὑπόμνησιν
3506 4840 3686 4893 αὐτῶν

414 4928 599 4991 postea
652 4919 1137 4990 consequebantur
1184 4918 1619 4995 recordationem
1679 4934 1985 4975 concessa:

2117 4921 2236 4976 ιετά
2262 4922 2453 4976 ταῦτα·
2491 4924 2586 4977 καὶ
2609 4924 2698 4977 διὰ
2719 4925 2811 4977 τὸν
2839 4924 3138 4997 δισταγμὸν
3163 4928 3257 4982 τοῦ
3301 4930 3579 5001 Ἁϐραάμ,
3608 4932 3683 4995 ὡς

409 5028 474 5068 ac
508 5013 809 5083 praesertim
839 5011 911 5068 ob
931 5012 1253 5075 Abrahami,
1282 5013 1362 5067 uti
1393 5010 1656 5073 diximus,
1694 5011 1992 5067 haesitatio-

2117 5012 2437 5084 τροείρηται,
2474 5015 2911 5086 ὲπιτιμηθέντος,
2946 5020 3039 5071 καὶ
3072 5019 3245 5072 τύπου
3269 5020 3433 5075 ἕνεκα
3457 5023 3560 5093 τῆς
3590 5041 3684 5093 μισ

408 5120 553 5170 nem,
586 5121 710 5158 cum
746 5106 898 5158 illum
946 5103 1091 5159 Dens
1130 5102 1448 5173 redarguit:
1498 5110 1610 5156 tum
1648 5102 1715 5157 ad
1761 5102 1990 5171 majoris

2117 5103 2263 5174 ’άλης
2286 5104 2382 5174 τῆς
2411 5104 2477 5158 τὰ
2516 5104 2689 5159 πάντα
2723 5106 2843 5161 κατ’
2879 5107 3103 5179 ἰσότητα
3135 5109 3450 5182 πληρούσης
3482 5112 3545 5167 ὲν
3568 5116 3682 5178 τοῖς

473 5258 492 5291 ¹
528 5258 663 5313 Gen.
695 5276 747 5323 ν,
779 5259 870 5313 29.
948 5260 969 5289 ¹
1005 5258 1192 5312 Matth.
1228 5274 1326 5324 xli,
1352 5258 1405 5313 8.
1482 5259 1503 5289 ³
1527 5257 1589 5313 F.
1621 5257 1733 5312 τόν.

473 5412 588 5495 ςδβ)
619 5413 777 5495 Ἦεοι
803 5411 1159 5495 ἐὴδευτέρᾳ
1181 5410 1683 5495 Σαϐϐάτιυν.ΛΤιξξε
1710 5413 1975 5495 ςὶιεηιοὴχιις

2117 5418 2220 5495 ιῑεε
2253 5414 2742 5495 arceantu_r._Nam
2773 5419 3313 5495 certorum_dieru_m_
3350 5427 3680 5495 superstitio

404 5480 760 5539 hebdomadis
801 5482 965 5537 ferias
1003 5484 1480 5552 commemoravit,
1510 5482 1575 5546 2,
1610 5482 1644 5536 5
1676 5490 1730 5536 et
1757 5482 1811 5535 4.
1865 5480 1971 5552 ξορα
2082 5482 2192 5544 illa,
2227 5497 2390 5551 quam
2421 5481 2592 5538 Juda-i
2625 5487 2940 5550 observant,
2979 5497 3033 5542 et
3064 5490 3116 5542 in
3145 5488 3249 5546 Jad
3279 5480 3679 5552 Rani'bamiex;

403 5571 509 5608 tina
529 5555 688 5634 etiam
722 5561 948 5636 ceteras
969 5551 1361 5636 συνεκδοχικῶς
1385 5552 1699 5636 complexus
1724 5561 1825 5636 est.
1865 5549 1973 5633 Ne—
2079 5549 2280 5636 posuit,
2329 5553 2465 5608 nihil
2516 5556 2584 5636 ad
2632 5557 2777 5611 hunc
2826 5549 3004 5612 locum
3060 5559 3213 5617 facit.
3263 5561 3339 5619 De
3387 5549 3678 5636 ειιιῆιίεὲσ

399 5639 508 5699 que
538 5624 682 5681 enim
720 5632 804 5681 est
843 5623 950 5678 ulla
984 5622 1145 5689 ratio,
1176 5638 1275 5677 cur
1308 5639 1335 5675 a
1368 5623 1577 5677 ueteris
1608 5637 1685 5678 ea:
1710 5623 1971 5678 solemni-
2078 5623 2431 5679 disseremus.
2559 5628 2569 5638 '
