3980 6086
405 150 503 204 ΠΙ

1814 154 1871 207 s.
1906 153 2252 235 _EPlPHANlI

3546 154 3659 210 879.

407 263 626 319 modum
680 262 889 315 idoneis
940 258 1126 316 multis
1178 261 1408 317 testibus
1464 261 1744 319 evidenter
1797 275 1983 322 osten-

2114 275 2275 343 ίαμεν.
2294 268 2488 336 Ἦλθε,
2514 273 2607 326 καὶ
2625 270 2907 343 ἐπλήρωσε
2932 270 3058 333 δοὺς
3082 270 3179 339 τὴν
3202 268 3412 322 τελείαν
3446 284 3661 341 περιτο-

406 354 608 408 dimus.
642 350 801 407 Venit
827 350 994 412 enim,
1025 356 1371 419 veteremque
1402 352 1711 421 complevit.
1746 353 1983 423 perfecta

406 445 625 517 demum
674 459 770 513 per
809 457 906 498 sua
946 444 1202 514 mysteria
1247 444 1667 498 circumcisione
1706 459 1991 502 concessa.

407 534 584 602 Quam
624 548 732 588 non
768 550 875 588 una
909 533 1157 603 corporis
1197 541 1352 604 parte
1397 533 1613 589 deliniri
1659 536 1848 600 voluit,
1898 537 1992 592 sed

407 623 598 681 cadem
647 632 820 678 totum
869 638 1072 692 corpus
1119 623 1451 694 obsignavit.
1500 633 1662 694 atque
1702 640 1732 678 a
1772 635 1994 696 peccato

409 714 752 771 circumcidit
784 732 798 768 :
831 729 1007 784 neque
1044 729 1205 768 unam
1246 715 1517 769 duntaxat
1550 716 1730 786 populi
1759 725 1989 786 partem,

409 813 542 877 puta
567 805 777 860 virilem
813 820 1026 869 sexum,
1068 805 1164 861 sed
1196 805 1508 860 universam
1548 804 1989 862 Christianorum

409 905 626 969 gentem
678 895 859 966 reipsa
915 896 1181 953 servavit:
1222 897 1377 957 viris.
1417 896 1658 966 inquam,
1696 907 1750 952 et.
1798 898 1991 952 mulie-

410 988 569 1045 ribus
602 989 818 1059 signum
858 987 992 1042 illud
1030 988 1314 1059 impertiit.
1349 987 1559 1057 Quippe
1590 987 1656 1041 ad
1692 990 1842 1058 regni
1877 1004 1992 1044 cte-

386 1079 568 1135 'lestis
626 1078 931 1135 adeundam
977 1080 1346 1135 hereditatem
1403 1079 1676 1134 cumulate
1718 1080 1991 1142 omnibus.

413 1184 525 1224 non
552 1177 781 1242 anguste
803 1170 1046 1224 virorum
1080 1170 1172 1224 nni
1198 1170 1406 1241 generi,
1434 1169 1579 1223 illaut
1611 1169 1781 1238 ipsam
1812 1180 1993 1225 notam

414 1259 643 1330 imponi,
678 1261 828 1315 velut
850 1260 1198 1323 imbecillam,
1230 1260 1440 1315 statuit.
1469 1259 1725 1329 Adeoque
1756 1267 1864 1313 tam
1899 1277 1996 1330 per

414 1366 556 1415 eam,
587 1365 749 1420 quam
785 1366 879 1421 per
916 1350 1174 1406 mandata
1209 1366 1341 1415 sua,
1372 1351 1753 1421 egregiamque
1786 1351 1995 1406 doctri-

415 1457 542 1496 nam
573 1441 796 1498 cmleste
822 1457 1047 1511 regnum
1076 1439 1389 1496 Christiano
1427 1442 1522 1495 toti
1560 1441 1761 1511 populo
1790 1441 1993 1511 patefe-

2096 363 2203 434 μὴν
2241 362 2348 416 τῶν
2383 362 2549 416 αὐτοῦ
2584 360 2925 434 μυστηρίων,
2954 360 3056 414 οὐκ
3087 361 3147 413 ὲν
3193 358 3275 412 ένὶ
3304 359 3454 429 μέλει
3490 358 3663 430 μόνῳ,

2091 453 2206 507 ἀλλ’
2230 453 2351 507 ὅλον
2378 451 2538 523 σῶμα
2557 451 2884 523 σφρατίσας,
2910 450 3006 502 καὶ
3026 447 3338 521 περιτεμὼν
3354 447 3462 501 ἀπὸ
3484 449 3658 518 ἁμαρ⁸

2090 544 2211 605 τίας
2231 557 2244 571 ·
2267 541 2474 611 καὶούχ
2503 540 2563 593 ἓν
2589 539 2751 611 μέρος
2776 538 2909 592 λαοῦ
2937 536 3145 603 σώζων,
3166 536 3442 591 τουτέστιν
3471 536 3668 605 ἄνδρας

2094 633 2306 702 μόνους,
2334 630 2470 685 ἀλλά
2492 630 2587 686 καὶ
2615 630 2734 683 ὅλον
2762 629 2891 684 λαὸν
2914 628 3025 682 τδψ
3035 627 3143 681 τῶν
3166 627 3506 699 Χριστιανῶν
3529 628 3668 679 κατά
3704 686 3711 689 ,

2089 723 2367 796 ἀλήθειαν,
2407 722 2604 793 ἄνδρας
2634 739 2693 775 τε
2726 721 2821 775 καὶ
2860 722 3121 788 γυναῖκας
3156 718 3291 789 ὁμοῦ
3331 717 3667 787 σφραγίζων,

2089 815 2185 868 καὶ
2232 815 2312 877 είς
2351 812 2597 885 οὐρανῶν
2648 810 2922 881 βασιλείας
2976 807 3340 882 κληρονομίαν
3400 806 3669 876 ἀφθόνοις.

2089 904 2186 959 καὶ
2216 904 2316 957 οὐκ
2341 902 2574 967 ἐλλιπῶς
2599 902 2682 957 ἑνὶ
2713 902 2954 972 τάγματι
2972 900 3082 953 τῶν
3113 898 3322 970 ἀνδρῶν
3347 898 3504 969 μόνον
3532 896 3674 977 κατά

2090 994 2375 1049 ἀσθένειαν
2421 993 2519 1066 τὴν
2567 992 2840 1064 σφραγῖδα
2887 991 3164 1063 παρέχων,
3217 989 3354 1044 ἀλλά
3396 988 3511 1059 λαῷ
3558 989 3675 1042 ὁλο-

2090 1085 2236 1139 τελεί
2281 1085 2370 1139 διά
2419 1086 2518 1157 τῆς
2570 1084 2865 1156 σφραγῖδος
2911 1083 3006 1136 καὶ
3053 1081 3280 1136 ἐντολῶν
3327 1082 3421 1134 καὶ
3461 1078 3674 1149 ἀγαθῆς

2090 1176 2439 1241 διδασκαλίας
2496 1176 2595 1245 τὴν
2655 1173 2931 1245 βασιλείαν
2985 1173 3095 1226 τῶν
3152 1171 3398 1245 οὐρανῶν
3461 1172 3672 1224 ἀποκα-

2092 1267 2329 1320 λύπτων.
2370 1266 2431 1319 El
2466 1266 2522 1319 δὲ
2559 1266 2633 1329 ὡς
2670 1267 2700 1318 ὁ
2743 1264 2949 1336 Κύριος
2986 1262 3164 1333 βούλει
3202 1257 3372 1324 εἶναι,
3409 1258 3672 1315 ὁἘϐίων.

2093 1354 2368 1421 τουτέστιν
2409 1354 2485 1419 ὡς
2527 1353 2927 1417 ὁΔιδάσκαλος,
2974 1353 3111 1407 πολύ
3147 1351 3446 1423 ἡπάτησαι.
3486 1348 3593 1419 Μὴ.
3616 1349 3677 1401 ὲν

2092 1449 2160 1517 τῇ
2192 1450 2461 1520 περιτομῇ
2489 1447 2813 1510 ἀπεικάζου.

415 1533 509 1587 cit.
537 1534 615 1587 Ac
643 1533 689 1589 si
721 1540 781 1587 tu
816 1531 1031 1588 Domini
1066 1533 1262 1589 similis
1301 1547 1446 1598 esse,
1488 1532 1591 1588 hoc
1628 1541 1713 1588 est
1752 1533 1994 1605 Magistri
2035 1538 2138 1604 vis,
2167 1539 2372 1596 Ehion!
2404 1541 2754 1597 vehementer
2783 1540 3028 1595 abcrras.
3058 1536 3176 1594 Noli
3236 1538 3381 1592 enim
3439 1534 3678 1588 circum-

332 1657 347 1669 -
416 1625 627 1683 cisione
659 1626 762 1682 ista
794 1625 1205 1682 similitudinem
1236 1625 1382 1679 illius
1410 1627 1735 1695 exprimere.

486 1715 689 1771 Verum
729 1716 959 1786 agedum
991 1729 1021 1768 a
1044 1704 1411 1770 monumento
1443 1714 1709 1770 Lazarum
1744 1730 1993 1778 arcesse.
2028 1725 2070 1779 B

417 1816 513 1860 aut
535 1807 700 1861 alium
730 1806 1037 1876 quempiam
1073 1815 1345 1860 mortuum
1379 1806 1616 1862 excitato
1652 1824 1665 1860 :
1705 1807 1862 1878 162
1902 1818 1998 1863 aut

419 1897 651 1952 infectos
704 1897 848 1966 lepra
894 1911 1163 1967 repurga;
1218 1897 1378 1952 caecis
1436 1897 1650 1959 visum.
1705 1914 1997 1953 nervorum

420 1986 753 2040 resolutione
807 1986 1183 2042 laborantibus
1232 1988 1542 2050 sanitatem,
1575 1988 1621 2055 si
1664 2000 1850 2058 potes,
1912 2005 1999 2044 re-

420 2078 608 2132 stitue.
639 2076 743 2131 Sed
768 2078 889 2135 ideo
918 2093 1026 2132 non
1058 2087 1231 2148 potes,
1262 2080 1405 2149 quod
1431 2079 1767 2146 inﬁdelitate,
1799 2081 2007 2134 carnis-

421 2184 529 2237 que
566 2168 818 2226 vinculis.
868 2182 932 2221 ac
972 2168 1105 2239 legis
1147 2168 1481 2239 imperfectis
1520 2170 1861 2224 caeremoniis
1910 2170 2008 2223 illi-

420 2265 583 2327 gatus
618 2258 893 2312 contraria
934 2258 1011 2313 illi
1045 2258 1231 2313 omnia
1266 2258 1423 2314 facis.
1457 2259 1635 2329 Atque
1662 2268 1723 2314 ut
1748 2269 2008 2330 przestare

423 2349 662 2403 maxime
693 2364 906 2419 posses,
941 2350 992 2404 id
1025 2351 1169 2419 quod
1207 2363 1429 2421 propter
1460 2351 1813 2423 depravatam
1851 2352 2006 2407 (idem

424 2452 570 2493 luunt
625 2441 850 2496 minime
905 2450 1060 2511 potes
1118 2445 1361 2511 assequi.
1416 2458 1523 2497 non
1582 2445 1756 2498 instar
1801 2442 2007 2498 Christi

425 2530 552 2586 dico
634 2533 834 2602 (neque
896 2534 1042 2587 enim
1109 2535 1451 2603 corruptioni
1521 2535 1792 2589 obnoxius
1849 2544 2011 2601 atque

426 2638 614 2677 errore
646 2624 955 2694 implicatus
989 2625 1286 2679 homuncio
1315 2625 1555 2681 conferri
1595 2641 1718 2681 cum
1760 2626 1869 2680 Deo
1910 2643 1978 2695 po

426 2721 569 2781 tes),
604 2713 696 2769 sed
729 2730 905 2783 neque
947 2714 1153 2770 Christi
1182 2731 1380 2769 nomen
1418 2715 1484 2769 ad
1518 2716 1726 2770 edenda
1766 2716 2009 2786 prodigia

432 2814 591 2875 potes
631 2806 912 2869 invocare;
953 2813 1049 2858 aut
1083 2806 1130 2858 si
1178 2812 1362 2858 tamen
1408 2806 1768 2866 invocaveris.
1812 2804 2012 2860 etlicies

435 2895 755 2963 quidquam.
807 2894 913 2949 Sed
952 2898 1055 2950 etsi
1100 2896 1398 2966 paralytico
1446 2896 1764 2951 suscitando
1810 2897 2011 2967 aliquid

430 2983 695 3050 ellicores,
724 2984 867 3039 idem
900 2985 1105 3055 utique,
1131 2986 1223 3056 qui
1258 3002 1353 3056 per
1372 2984 1503 3041 Jesu
1535 3002 1733 3041 nomen
1762 3003 2014 3058 exsurge-

2412 1634 2439 1647 4

2167 1716 2329 1769 Ἀλλά
2386 1716 2613 1771 κάλεσον
2668 1717 2759 1772 τὸν
2820 1717 3071 1790 Λάζαρον
3127 1715 3237 1770 ἀπὸ
3298 1716 3587 1787 μνημείου,
3641 1717 3677 1790 ἢ

2102 1806 2259 1862 ἄλλον
2314 1808 2504 1880 νεκρὸν
2551 1807 2782 1879 ἕγειρον.
2829 1807 3067 1878 λεπροὺς
3114 1805 3449 1878 καθάρισον,
3496 1807 3528 1878 ἢ
3587 1824 3682 1861 τυ-

2101 1903 2252 1969 φλοῖς
2288 1903 2510 1973 χάρισαι
2553 1900 2616 1955 τὸ
2659 1900 2899 1972 βλέπειν,
2943 1900 2977 1972 ἢ
3017 1899 3385 1970 παραλυτικὸν
3419 1899 3589 1964 ίασαι,
3632 1903 3682 1954 εί

2101 1993 2253 2066 δύνῃ.
2283 1994 2357 2047 Οὐ
2383 1993 2516 2064 δύνῃ
2542 1993 2619 2056 δὲ,
2645 1993 2726 2046 ὅτι
2750 1991 3011 2056 ἐναντίως
3027 1992 3286 2062 πράττεις
3307 1991 3537 2061 ἀπιστίᾳ
3552 2009 3685 2046 κατ-

2103 2087 2358 2156 εχόμενος
2383 2125 2397 2146 ,
2463 2086 2561 2138 καὶ
2617 2085 2836 2156 δεσμοῖς
2898 2083 3134 2156 σαρκὸς,
3193 2084 3287 2137 καὶ
3351 2083 3686 2154 δικαιῶμασι

2103 2178 2269 2247 νόμου
2314 2174 2677 2248 ἀπληρώτοις.
2724 2177 2789 2229 Et
2830 2174 2887 2228 δὲ
2922 2175 3095 2249 ταῦτα,
3122 2173 3391 2246 ἠδυνήθης
3439 2175 3686 2246 ποιῆσαι,

2104 2271 2242 2341 ὅπερ
2271 2270 2332 2322 οὐ
2363 2268 2497 2343 δύνῃ
2520 2268 2606 2322 διὰ
2635 2268 2732 2340 τὴν
2758 2264 3118 2322 κακοπιστίαν
3144 2284 3261 2331 σου,
3295 2268 3356 2320 οὐ
3390 2265 3534 2334 λέγω
3555 2266 3631 2330 ὼς
3657 2267 3691 2319 ὁ

2106 2360 2341 2431 Χριστὸς
2366 2362 2447 2430 (οὐ
2475 2361 2584 2432 γὰρ
2608 2360 2741 2434 δύνῃ
2768 2357 3167 2430 ἀπεικασθῆναι
3189 2357 3326 2428 Θεῷ,
3351 2357 3587 2429 φθαρτὸς
3613 2358 3691 2409 ὢν

2108 2449 2389 2521 ἄνθρωπος
2426 2450 2522 2502 καὶ
2581 2448 2995 2518 ἠπατημένος),
3052 2444 3168 2499 ἀλλ’
3228 2444 3350 2498 οὔτε
3404 2445 3465 2498 τὸ
3517 2444 3691 2515 ὄνομα

2106 2541 2344 2612 Χριστοῦ
2370 2541 2464 2593 ἐπὶ
2488 2540 2830 2618 θεοσημείοις
2857 2529 3084 2594 δύνασαι
3113 2535 3555 2591 ἐπικαλέσασθαι·
3587 2536 3692 2589 κάν

2107 2649 2169 2686 τε
2192 2630 2511 2704 ὲπικαλέσῃ,
2529 2631 2631 2684 οὐκ
2655 2633 2741 2684 ὲνε
2750 2631 2994 2702 ργήσεις.
3015 2627 3080 2681 Ei
3101 2627 3158 2682 δὲ
3178 2628 3272 2681 καὶ
3290 2626 3424 2690 ὅλως
3447 2628 3693 2696 ὲνεργείς

2111 2722 2481 2794 παραλυτικὸν
2518 2721 2850 2792 ἀναστῆσαι,
2881 2714 3028 2790 εἶχεν
3061 2719 3158 2782 ἂν,
3189 2718 3279 2772 διὰ
3304 2717 3396 2771 τοῦ
3426 2717 3696 2787 ὀνόματος

2109 2814 2204 2868 τοῦ
2229 2815 2405 2884 Ἰησοῦ
2438 2814 2710 2877 ἀναστὰς,
2745 2814 2841 2867 καὶ
2879 2811 3091 2866 σύνεσιν
3123 2813 3251 2882 παρ’
3282 2809 3441 2864 αὐτοῦ
3470 2808 3694 2861 λαϐεῖν·

2114 2908 2200 2961 ἵνα
2250 2924 2343 2960 σου
2393 2907 2467 2977 μὴ
2514 2907 2815 2976 ἀνάσχηται
2864 2903 3233 2967 σαϐϐατίζειν,
3282 2901 3417 2956 ἀλλά
3463 2901 3552 2955 διὰ
3596 2900 3697 2953 τοῦ

2113 2997 2376 3065 ὀνόματος
2432 2995 2524 3049 τοῦ
2579 2994 2872 3063 ἱασαμένου
2933 2993 3156 3063 μαθεῖν,
3217 2993 3298 3046 ὅτι
3344 2986 3540 3058 ,Ἆρον
3590 2991 3701 3042 τὸν

433 3083 541 3135 ret,
573 3074 641 3129 ab
673 3090 741 3130 eo
774 3075 895 3145 ipso
927 3077 1161 3145 quadam
1195 3087 1380 3147 posset
1415 3078 1697 3149 sapientiae
1730 3081 1848 3134 lucc
1886 3096 2009 3149 per-

2114 3086 2441 3153 κράόϐατόν
2461 3100 2602 3149 σου,
2625 3084 2725 3138 καὶ
2749 3084 3009 3152 πορεύου
3036 3085 3124 3147 είς
3153 3081 3260 3135 τὸν
3286 3078 3455 3135 οἶκόν
3485 3096 3602 3133 σου
3626 3079 3705 3130 ἐν

435 3163 613 3226 fundi,
645 3179 714 3219 ne
749 3179 811 3220 se
841 3172 989 3219 tuam
1039 3166 1106 3221 ad
1164 3164 1388 3223 Sahbati
1436 3168 1874 3223 observationem
1922 3184 2014 3221 ae-

434 3255 804 3311 eommodaret
830 3273 845 3323 ;
886 3271 951 3310 ac
983 3272 1079 3327 per
1106 3258 1228 3325 ejus
1261 3273 1291 3311 a
1325 3274 1436 3327 quo
1461 3269 1609 3316 esset
1641 3268 1887 3317 sanatus.
1921 3277 2019 3315 no-

437 3361 561 3399 men
592 3344 697 3400 hoc
723 3344 960 3401 disceret
995 3366 1009 3400 :
1036 3346 1185 3402 Tolle
1203 3348 1487 3418 grabatum
1519 3360 1686 3413 tuum,
1727 3360 1775 3403 et
1808 3350 1936 3403 vade
1965 3351 2020 3403 in

436 3438 652 3489 domum
687 3446 831 3491 tuam
865 3437 1103 3493 Sabbato
1125 3441 1166 3494 ¹.
1196 3439 1463 3495 Caeterum
1492 3440 1594 3494 hoc
1623 3456 1652 3493 a
1684 3441 1842 3495 nobis
1863 3449 2019 3495 antea

437 3538 925 3582 commemoratum
974 3537 1080 3593 cst,
1136 3530 1231 3600 qui
1283 3545 1348 3585 ex
1403 3531 1494 3585 illa
1550 3541 1699 3586 secta
1737 3540 1887 3597 sunt,
1917 3546 2013 3586 eos

438 3621 590 3674 varie
649 3620 716 3674 de
769 3621 991 3676 Christo
1040 3623 1262 3678 sentire.
1294 3621 1430 3677 Nam
1464 3623 1608 3693 quod
1649 3623 1716 3677 ad
1754 3622 2010 3678 Ehionetn

439 3711 620 3780 ipsum
654 3712 908 3780 pertinet,
945 3728 1153 3769 merum
1189 3715 1337 3769 illum
1373 3715 1647 3771 hominem
1682 3731 1744 3770 cx
1778 3716 2015 3770 humano

441 3801 732 3856 concubitu
761 3810 912 3872 putat
944 3819 1063 3859 esse
1091 3816 1431 3876 prognatum.
1455 3807 1523 3859 At
1553 3806 1645 3876 qui
1678 3804 1918 3860 Ebionaei
1946 3806 2014 3862 de

2114 3171 2409 3237 Σαϐϐάτῳ.
2444 3172 2582 3241 Ἤδη
2604 3171 2661 3224 δέ
2690 3188 2779 3242 μοι
2810 3170 3046 3242 εἴρηται,
3073 3169 3147 3235 ὡς
3166 3169 3437 3242 διαφόρως
3467 3168 3703 3230 ἕκαστος

2115 3262 2298 3318 αὐτῶν
2336 3265 2463 3335 περὶ
2499 3262 2736 3333 Χριστοῦ
2781 3262 3091 3316 ὑποϐάλλειο
3141 3260 3271 3314 ποτὲ
3319 3260 3417 3330 μὲν
3463 3261 3494 3313 ὁ
3532 3258 3705 3322 αὐτδς

2130 3354 2327 3407 Ἐὄίων
2358 3355 2532 3422 λέγων
2566 3356 2632 3409 ὲκ
2665 3354 3011 3427 παρατριὸἦς
3049 3353 3201 3424 ψιλὸν
3216 3354 3503 3422 ἄνθρωπον
3534 3349 3708 3404 αὐτὸν

2117 3443 2472 3513 γεγενῆσθαι·
2514 3445 2702 3500 ἄλλοτε
2733 3446 2790 3499 δὲ
2823 3448 2870 3499 oi
2904 3445 3000 3499 ἀπ’
3033 3445 3197 3499 αὐτοῦ
3225 3445 3557 3507 Ἐὃιωναῖοι,
3588 3443 3710 3495 ἄνω

2117 3532 2344 3602 δύναμιν
2384 3534 2448 3586 ὲκ
2484 3533 2620 3586 Θεοῦ
2658 3534 2958 3605 κεκτῆσθαι
2996 3535 3143 3598 Υίὸν,
3188 3534 3281 3588 καὶ
3320 3532 3508 3586 τοῦτον
3561 3532 3709 3583 κατά

2118 3626 2308 3696 καιρὸν
2352 3626 2442 3678 τὸν
2482 3626 2655 3698 Ἀδάμ
2705 3627 2988 3682 ἐνδύεσθαί
3032 3644 3093 3680 τε
3121 3627 3215 3680 καὶ
3248 3624 3556 3679 ἐκδύεσθαι.
3602 3616 3712 3675 Ἶὶν

2118 3717 2218 3779 τὰς
2266 3715 2557 3787 δια-’φόρους
2610 3717 2836 3789 γνώμας
2896 3718 2955 3771 ὲν
3013 3716 3239 3786 δυνάμει
3289 3712 3424 3767 Θεοῦ
3480 3711 3712 3782 ἀνετρέ-

2118 3807 2323 3877 ψαμεν.

421 3895 536 3974 illo
563 3894 741 3949 vocati
775 3903 924 3961 sunt,
960 3898 1148 3952 nescio
1201 3914 1365 3967 quam
1413 3899 1467 3954 in
1536 3901 1677 3956 Ctelo
1711 3899 1966 3952 virtutem
2033 3898 2296 3954 divinitus
2349 3901 2654 3955 obtinuisse
2688 3900 2879 3962 lilium,
2919 3899 3277 3967 eamdemque
3315 3913 3417 3953 suo
3446 3911 3508 3950 se
3565 3902 3705 3948 tem-

442 4002 573 4055 pore
626 3986 679 4041 in
728 3987 991 4042 Adamum
1042 3989 1371 4055 insinuasse,
1425 3993 1753 4062 exuisseqne
1804 3999 2011 4061 postea.
2053 3990 2297 4056 Quorum
2325 3993 2571 4047 omnium
2601 3994 2976 4061 discrewntes
3006 3994 3304 4046 sententias
3364 3988 3549 4043 divina
3601 4000 3716 4056 ope

443 4079 567 4134 freti
604 4079 868 4133 hactenus
903 4093 1017 4133 cret
1033 4080 1224 4135 timus.
1640 4144 1649 4159 ³

514 4174 875 4238 Quamobrem
907 4172 1037 4243 quid
1070 4189 1171 4243 ego
1196 4175 1401 4229 diutius
1436 4174 1789 4244 importuosis
1821 4175 1929 4229 illis
1961 4174 2014 4228 in

2194 4168 2305 4222 Καὶ
2333 4168 2388 4219 τί
2421 4185 2509 4238 μοι
2541 4167 2620 4221 ἔτι
2636 4168 2929 4239 διατρίϐειν
2975 4168 3032 4220 ἐν
3057 4164 3331 4235 ἀλιμένοις
3367 4163 3461 4216 καὶ
3504 4161 3714 4233 ἀμπώ-

442 4265 582 4319 locis
615 4280 679 4318 ac
718 4266 863 4319 velut
903 4265 1175 4321 testuariis
1211 4281 1543 4329 conunoror,
1587 4280 1707 4335 quae
1762 4263 2010 4318 inttmlari

2123 4275 2238 4312 τεσι
2284 4257 2484 4322 τόποις,
2527 4258 2604 4329 πὴ
2650 4257 2749 4328 μὲν
2790 4256 3251 4328 ὲπικλυζομένοις,
3281 4255 3355 4326 πὴ
3387 4254 3441 4307 δὲ
3466 4254 3716 4326 καταξη-

446 4356 603 4416 alias.
649 4356 783 4410 alias
826 4357 1091 4412 exsiccari
1142 4358 1352 4423 solent;
1404 4373 1468 4412 ac
1524 4357 1750 4427 piscium
1804 4355 2016 4422 cepiam

448 4446 649 4515 sapius
678 4445 733 4498 in
759 4445 913 4501 littus
939 4447 1166 4515 ejicere.
1191 4449 1332 4504 inter
1353 4465 1490 4518 quos
1513 4447 1758 4505 venenati
1776 4448 2016 4517 quidam.

447 4535 756 4604 cuiusmodi
777 4544 905 4592 sunt
925 4536 1241 4605 pastinacae,
1274 4538 1561 4601 dracaeuaa,
1593 4538 1875 4598 caniculae,
1911 4551 2023 4589 mu-

447 4641 630 4691 raena},
670 4642 859 4682 eorum
899 4627 994 4697 qui
1035 4629 1102 4683 ad
1140 4643 1292 4682 oram
1338 4627 1484 4680 illam
1532 4628 1810 4681 ambulant
1860 4626 2022 4695 pedes

447 4719 657 4773 exitiali
718 4734 958 4783 veneno,
1030 4718 1110 4772 uti
1174 4716 1437 4777 diximus.
1506 4717 1803 4772 infestant?
1868 4716 2025 4770 llunc

449 4808 616 4875 igitur
646 4808 823 4863 locum
861 4807 1105 4878 ingentes
1139 4808 1250 4865 Deo
1286 4809 1490 4880 gratias
1522 4824 1687 4879 agens
1716 4809 2024 4880 praeteribo,

451 4900 598 4972 quod
637 4900 753 4957 haec
791 4902 1017 4976 insuper
1053 4918 1084 4958 a
1124 4903 1283 4960 nobis
1319 4902 1632 4974 propulsata
1671 4902 1743 4957 sit
1782 4901 2025 4968 haeresis,

521 5065 539 5097 ²
569 5062 728 5119 Joan.
764 5079 794 5117 v
846 5061 899 5118 8.

531 5219 644 5290 (57)
693 5222 992 5290 Τρυγόνας
1022 5219 1104 5290 -δέ
1147 5236 1316 5287 φημι.
1342 5217 1463 5290 ,καὶ
1507 5217 1850 5290 δρακαίιεας.
1894 5215 2033 5269 Plin.

456 5286 554 5344 lib.
585 5286 665 5350 ut.
696 5286 829 5359 cap.
851 5289 950 5344 £8:
987 5286 1162 5359 «Eque
1188 5286 1491 5359 pestiferum
1539 5287 1740 5359 animal
1768 5294 1994 5339 araneus
2018 5300 2036 5347 ;

460 5362 628 5426 spina:
674 5357 932 5436 ὁμιλίαι-δυ
963 5357 1145 5411 aculeo
1186 5357 1398 5436 noxius.
1445 5357 1549 5410 Sed
1583 5358 1786 5436 nultum
1815 5371 2037 5436 usquam

461 5427 844 5482 arsecrabilius
869 5468 882 5490 ,
913 5444 1073 5493 quam
1118 5426 1301 5481 radius
1355 5442 1509 5495 super
1552 5428 1775 5480 condant
1802 5426 2036 5479 eminens

464 5499 722 5568 trygonis.
765 5514 921 5567 quant
962 5497 1130 5568 nostri
1158 5499 1499 5568 pastinacam
1540 5496 1804 5568 appellant
1828 5536 1843 5561 ,
1870 5495 2037 5568 quin-

464 5561 692 5623 causan
724 5561 1103 5641 magnitudine.
1134 5561 1384 5624 Elianus
1416 5568 1452 5621 ι.
1479 5583 1518 5621 ιι
1552 5561 1630 5621 De
1658 5561 1910 5631 anim.,c.
1944 5563 2032 5629 50,

2127 4349 2484 4422 ραινομένοις·
2514 4348 2573 4413 ἐξ
2602 4342 2782 4419 ὧνπερ
2821 4349 3016 4419 ἰχθύων
3056 4346 3413 4420 έκὸράσματα
3446 4344 3718 4409 πολλάκις

2125 4442 2355 4510 γίνεται,
2398 4442 2491 4495 καὶ
2534 4443 2645 4504 τοῖς
2686 4441 2813 4493 ποσὶ
2855 4441 2966 4501 τοῖς
3011 4437 3108 4500 es;
3152 4436 3315 4507 ὄχθας
3356 4434 3561 4487 τούτων
3585 4453 3718 4505 μετ-

2130 4536 2270 4586 ιοῦσι
2308 4533 2415 4586 τῶν
2442 4534 2645 4596 τόπων,
2678 4534 2742 4586 ὲκ
2771 4531 2864 4587 τοῦ
2923 4530 3196 4601 ἀναμέσον
3223 4528 3331 4580 τῶν
3364 4527 3562 4596 ἰχθύων
3589 4529 3719 4579 τινα

2132 4624 2313 4677 ἱοὸόλα
2344 4620 2514 4682 εἶναι,
2548 4623 2812 4694 τρυγόνας
2843 4621 2900 4675 δέ
2935 4637 3076 4690 φημι
3110 4617 3201 4672 καὶ
3237 4617 3537 4687 δρακαίνας
3573 4616 3663 4684 (57
3701 4656 3719 4679 ,

2131 4717 2225 4770 καὶ
2252 4716 2583 4786 καρχαρίας,
2622 4715 2717 4767 καὶ
2754 4713 3077 4785 σμυραίνας.
3110 4709 3184 4773 ὡς
3216 4709 3315 4780 ἤδη
3349 4707 3682 4778 προείρηται
3704 4746 3719 4762 .

2135 4788 2337 4880 βλάϐην
2394 4808 2656 4877 sumit-:3;
2695 4804 3104 4874 Παρελεύσομαι
3164 4801 3341 4853 τοίνυν
3392 4799 3487 4851 τὸν
3548 4799 3722 4851 τόπον

2135 4898 2310 4964 αὖθις,
2339 4898 2457 4971 Θεῷ
2488 4896 2860 4970 εὐχαριστῶν,
2898 4896 2979 4950 ὅτι
3004 4894 3098 4948 καὶ
3127 4890 3331 4963 ταύτην
3370 4891 3467 4961 τὴν
3500 4890 3722 4961 αἵρεσιν

2140 5222 2437 5268 venenatos
2471 5212 2648 5282 pisces
2683 5214 3093 5270 commemorat,
3121 5204 3358 5282 gobium2
3390 5203 3722 5282 draconem.

2141 5273 2488 5339 hirundinem
2517 5322 2532 5341 .
2563 5297 2795 5351 quorum
2873 5286 3057 5351 tamen
3093 5277 3243 5329 virus
3290 5274 3517 5351 minime
3558 5273 3727 5351 letale

2139 5355 2230 5410 sit.
2283 5354 2353 5407 At
2387 5340 2682 5423 pastinacae
2730 5345 3212 5423 prtesentissimnm
3255 5357 3378 5396 esse
3416 5343 3600 5396 docet.
3647 5340 3727 5390 ὶδσι

2142 5415 2400 5485 muramis
2430 5421 2571 5477 Plin.
2622 5415 2924 5478 lihfxuu,
2961 5432 3083 5483 cap.
3114 5415 3169 5481 4,
3216 5429 3471 5468 murwnw
3510 5426 3726 5466 morsus

2142 5496 2378 5565 ipsarum
2413 5494 2601 5562 capitis
2635 5491 2804 5545 cinere
2831 5495 3107 5542 sanantur.
