3956 6070
247 199 357 256 473

912 164 925 175 λ
1016 196 1383 254 mensus
1421 189 1765 249 [IASRESES
1801 183 1934 242 LIB.
1973 184 2014 241 ι.
2058 185 2223 242 Τοιι.
2260 162 2419 244 ιιέ-
2454 188 2733 245 omnes.
2767 188 2956 246 mu.

3426 190 3534 250 474

247 317 329 380 εἰς
355 316 452 369 τοῦ
467 314 607 371 πίσω
632 317 963 390 ὲτρέψαμεν,
993 318 1054 372 οὗ
1078 318 1394 389 παρέργως,
1438 315 1574 370 ἀλλὰ
1603 315 1695 369 καὶ
1717 294 1839 366 ἔπιέ

1962 326 2114 382 mam
2150 327 2259 367 non
2292 312 2469 369 obiter
2497 314 2697 377 solum,
2729 313 2825 368 sed
2855 328 3069 370 summa
3099 329 3223 368 cum
3252 314 3537 385 diligentis:

252 405 434 478 μελῶς
476 405 817 477 ὲλέγξαντες.
860 410 980 463 Ἐπ’
1023 409 1187 474 ἄλλας
1227 409 1284 463 δὲ
1330 407 1568 479 καθεξῆς
1623 406 1848 469 ἑαυτοὺς

248 495 550 569 ἰπιδῶμεν,
566 500 863 571 ἀγαπητοὶ,
884 501 1016 555 Θεὸν
1034 500 1348 571 αἰτούμενοι
1364 499 1736 571 βοηθὸνῶπως
1748 496 1848 566 τῆς

252 588 593 658 ιπαγγελίας
618 590 682 644 τὸ
700 591 973 663 πλήρωμα
994 592 1157 657 αὐτὸς
1188 591 1258 645 δι’
1287 592 1320 661 ὴ
1328 590 1442 663 μῶν
1460 589 1743 663 τελειώσῃ.

255 727 446 783 ΚΑΤΑ
460 727 956 781 ΟΥΑΛΕΝΤΙΝΩΝ
974 727 1108 797 (58),
1124 726 1263 781 ΤΩΝ
1296 728 1416 782 ΚΑΙ
1437 725 1847 790 ΓΝΩΣΤΙΚΩΝ,

750 842 1081 911 Τριακοστὴ
1108 843 1330 912 πρώτη.

327 959 408 1013 A'.
450 958 608 1013 Μετὰ
639 957 865 1022 τούτους
893 962 1022 1021 τοὺς
1050 957 1425 1021 Ἐὃιωναίους,
1458 956 1849 1028 καλουμένους,

254 1045 332 1105 ῶν
366 1049 469 1124 τὴν
514 1049 816 1122 μοχθηρίαν
858 1047 1253 1116 διοδεύσαντες,
1298 1048 1758 1119 ἐπαγγειλάμενοι
1790 1063 1851 1101 τε

255 1143 396 1197 Θεοῦ
432 1141 662 1213 δυνάμει
696 1141 797 1206 τὰς
829 1140 960 1211 ἑξῆς
1000 1140 1203 1212 ἑτέρων
1248 1140 1434 1213 θηρῶν
1485 1140 1721 1212 μορφὰς,
1760 1139 1854 1193 καὶ

260 1238 374 1300 ἰοὺς
396 1234 665 1308 ἑρπετῶν,
691 1234 949 1305 δήγματά
968 1249 1030 1287 τε
1057 1235 1153 1287 καὶ
1176 1232 1479 1305 δηλητήρια
1503 1234 1753 1303 ἐχούσας,
1776 1231 1853 1296 ῶς

259 1333 319 1385 ἑν
346 1332 468 1393 ταῖς
500 1327 679 1383 αὐτῶν
719 1326 1129 1390 διδασκαλίαις,
1165 1326 1243 1390 ὡς
1279 1326 1388 1380 άπὸ
1413 1327 1694 1397 χάσματος
1726 1327 1853 1381 ἰδεῖν

262 1425 476 1486 ἔνεστι,
510 1419 781 1491 πυρσόλου
822 1418 858 1491 ἢ
906 1404 1354 1490 ἑρπετοῦ-δεινοῦ
1386 1419 1480 1471 καὶ
1536 1417 1851 1488 βασιλίσκου

263 1515 614 1587 κεκυημένας
639 1554 657 1579 ,
722 1512 815 1565 ἐπὶ
876 1511 975 1583 τὴν
1037 1511 1146 1564 τῶν
1211 1510 1580 1565 Οὑαλεντίνων
1641 1510 1853 1581 αἵρεσιν

263 1610 518 1680 διέξειμι,
567 1607 660 1661 τὸν
702 1606 922 1677 ἔλεγχον
965 1605 1145 1659 αὐτῶν
1199 1607 1343 1660 κατὰ
1387 1605 1637 1677 δύναμιν
1665 1605 1852 1660 ποιού-

266 1718 429 1773 μενος
448 1740 465 1766 ,
511 1698 622 1753 τῶν
669 1697 733 1770 δὴ
786 1698 880 1752 καὶ
902 1697 1247 1752 ίΓνωστικῶν
1297 1697 1511 1761 ἑαυτοῖς
1561 1697 1854 1752 ὲπιθέντων

260 1792 431 1863 ὄνομα
450 1831 467 1856 ,
497 1783 573 1845 ὧν
595 1788 852 1860 διαφοραὶ⁹
880 1786 979 1860 μέν
1008 1788 1114 1841 εἰσι
1152 1787 1286 1843 δέκα
1318 1788 1379 1843 ὲν
1411 1789 1510 1860 μιᾷ
1542 1788 1723 1858 πληγῇ
1753 1788 1853 1858 τῆς

260 1884 443 1939 αὐτῶν
483 1881 857 1953 όνειροπολίας
878 1878 1171 1949 ’συζυγιῶν
1211 1898 1272 1934 τε
1308 1881 1404 1934 καὶ
1441 1881 1730 1950 ὀγδοάδων,
1761 1882 1855 1934 καὶ

259 1973 697 2049 άρῤενοθηλειῶν
728 1972 964 2027 αἰωνίων
1002 1974 1018 2005 ¹
1053 1973 1398 2043 ἁλληνάλλως
1430 1973 1736 2046 ἰσορρόπως
1761 1991 1855 2027 πε-

261 2066 615 2139 πληγμένων
639 2065 822 2119 οὐκέτι
848 2064 947 2136 μὲν
967 2064 1109 2118 κατά
1125 2065 1350 2136 χρόνους
1370 2066 1583 2119 τάττων
1601 2065 1855 2136 διαδοχῆς

259 2161 359 2232 τὴν
392 2158 668 2223 σύνταξιν,
703 2157 838 2211 άλλὰ
876 2156 1020 2212 κατά
1063 2156 1364 2229 πρόσϐασιν
1404 2159 1498 2226 ἀφ’
1550 2158 1742 2231 ἑτέρας
1774 2159 1856 2222 εἰς

261 2252 458 2323 ἑτέραν
483 2249 849 2323 διερχόμενος.
883 2248 973 2301 Ἐν
1012 2249 1095 2301 ἑνὶ
1127 2248 1237 2321 γὰρ
1270 2250 1448 2320 χρόνῳ
1481 2244 1624 2303 οὗτοι
1654 2250 1855 2314 πάντες

260 2344 336 2408 ὡς
367 2341 612 2414 μύκητες
644 2342 708 2394 ὲκ
734 2341 837 2410 γῆς
860 2337 1274 2410 ἀνεϐλάστησαν
1295 2382 1308 2401 .
1347 2341 1442 2394 καὶ
1467 2340 1658 2412 ὥσπερ
1684 2341 1853 2394 κακό-

265 2452 436 2507 ρεκτα
467 2434 564 2487 καὶ
591 2432 802 2503 δυσώδη
845 2431 1084 2503 βοτανῶν
1114 2430 1469 2503 βλαστήματα
1490 2474 1506 2497 ,
1537 2434 1633 2487 καὶ
1661 2434 1855 2503 χόρτος

262 2524 607 2597 ἀκανθώδης,
632 2525 727 2578 καὶ
756 2525 832 2589 ὡς
858 2524 1063 2595 φωλεὸς
1085 2523 1298 2577 πολλῶν
1329 2524 1627 2595 σκορπίων.
1650 2523 1710 2589 ἐξ
1738 2524 1857 2588 ἐνὸς

263 2604 681 2688 πάντεςλκαιροῦ
703 2615 782 2687 τῷ
812 2615 913 2686 βίῳ
942 2614 1285 2685 ἐΰλάστησαν
1316 2616 1429 2677 καὶ,
1460 2616 1537 2678 ὡς
1572 2619 1853 2687 προεῖπον,

262 2710 419 2782 δίκην
440 2710 700 2781 μυκήτων
722 2712 788 2780 τῇ
814 2707 1066 2781 ἀμορφία
1086 2708 1191 2761 ὑπὸ
1217 2708 1347 2779 μίαν
1368 2707 1505 2773 θίξιν
1527 2711 1853 2781 πεφήνασιν,

264 2803 342 2867 ὡς
391 2803 490 2856 καὶ
543 2800 625 2873 τῷ
670 2801 959 2872 ἁγιωτάτῳ
1007 2801 1284 2873 Εἰρηναίῳ
1334 2801 1437 2873 ἤδη
1495 2802 1623 2873 περὶ
1677 2801 1857 2855 αὐτῶν

266 2896 612 2967 προείρηται.
652 2893 945 2965 Σύγχρονοι
976 2894 1085 2965 γάρ
1116 2894 1404 2963 γεγόνασιν
1449 2887 1595 2947 οὗτοι
1632 2894 1854 2955 πάντες⁹

265 2990 497 3051 ἕκαστος
548 2987 762 3041 δὲ’άπδ
811 2986 907 3040 τοῦ
963 2987 1150 3057 ἑτέρου
1202 2987 1301 3059 τὴν
1353 2987 1529 3057 κακὴν
1584 2988 1858 3059 πρόφασιν

268 3081 656 3153 ὲρανισάμενοι
675 3122 688 3140 .
746 3080 905 3143 ἄλλος
956 3079 1066 3133 ἀπὸ
1125 3079 1285 3134 άλλου
1337 3080 1416 3134 ἔτι
1475 3080 1859 3151 περισσότερον

268 3175 567 3242 ἑπιδειξίας
592 3173 915 3245 βουλόμενος
946 3173 1127 3245 χάριν,
1162 3172 1341 3244 ἐαυτῷ
1375 3173 1729 3244 προετύπωσε
1749 3174 1863 3227 δια-

270 3269 445 3340 φορὰν
495 3266 675 3336 κακῆς
723 3266 1076 3337 ὲξευρέσεως.
1115 3266 1225 3319 Καὶ
1276 3266 1477 3329 πάντες
1521 3265 1861 3331 Γνωστικοὺς

269 3362 500 3425 ἑαυτοὺς
551 3360 864 3429 ὠνόμασαν.
921 3358 1271 3422 οὐαλεντίνός
1302 3376 1394 3421 τε,
1449 3360 1626 3430 φημὶ,
1675 3359 1770 3413 καὶ
1812 3361 1862 3413 οἱ

270 3454 376 3526 πρὸ
409 3451 579 3507 αὐτοῦ
611 3452 930 3507 Γνωστικοί·
969 3450 1105 3505 ἀλλὰ
1146 3452 1240 3504 καὶ
1275 3450 1610 3522 Βασιλείδης,
1635 3453 1728 3505 καὶ
1756 3452 1862 3506 Σα-

269 3548 533 3630 τορνῖλος,
591 3548 688 3600 καὶ
729 3543 1096 3616 Κολορϐασὸς,
1146 3542 1480 3627 Πτολεμαῖός
1522 3562 1582 3598 τε
1627 3546 1722 3599 καὶ
1760 3546 1858 3599 Σεο

272 3624 512 3702 δίοῦνδος.
567 3638 927 3709 Καρποκρᾶς.
962 3638 1058 3690 καὶ
1101 3635 1251 3689 ἄλλοι
1279 3624 1515 3701 πλείους.
1566 3636 1725 3690 Ἀλλὰ
1762 3637 1861 3700 τὰς

272 3735 455 3798 πάσας
500 3729 732 3784 ἐνταῦθα
771 3729 1138 3799 ὀνομάσαντες
1183 3727 1270 3781 διὰ
1310 3729 1410 3796 τὴν
1452 3730 1511 3781 ὲν
1556 3730 1638 3781 ἑνὶ
1686 3729 1860 3802 καιρῷ

274 3827 531 3898 σὺσχεσιν
567 3823 785 3877 πάντων
824 3822 923 3893 τῆς
970 3820 1298 3883 ἀναδύσεως,
1341 3821 1438 3875 καὶ
1487 3821 1859 3874 κακοὸλάστου

270 3918 406 3989 ὁμοῦ
453 3917 556 3987 τὴν
592 3915 823 3968 ἑκάστου
858 3913 1067 3985 σπορᾶς
1102 3911 1392 3966 κακόνοιαν
1437 3912 1544 3966 ἰδία
1579 3913 1859 3984 ἀφηγησό-

276 4006 432 4077 μεθα.
468 4003 621 4066 Τέως
656 4002 712 4055 δὲ
740 4002 833 4055 ἐπὶ
866 4001 957 4055 τὸν
988 4005 1348 4074 προκείμενον
1376 4002 1731 4074 αἱρεσιάρχην
1766 4005 1861 4058 καὶ

271 4095 677 4171 τραγῳδοποιδν
716 4093 1068 4165 ἐλευσόμεθα⁸
1105 4094 1249 4165 φημὶ
1280 4093 1337 4147 δὲ
1367 4095 1739 4160 Οὐαλεντῖνον,
1766 4098 1862 4151 καὶ

271 4192 368 4261 τὴν
392 4188 563 4245 αὐτοῦ
596 4186 964 4246 διδασκαλίαν,
986 4185 1088 4257 τὴν
1113 4185 1224 4240 ἀπὸ
1253 4186 1351 4259 τῆς
1382 4186 1622 4258 μεγάλης
1656 4189 1859 4261 ταύτης

200 4318 203 4319 ν
273 4281 587 4353 Γνωστικὴν
620 4278 954 4349 ἐπαγγελίας
986 4278 1369 4349 ὑπάρχουσαν.
1404 4284 1860 4355 καταγνωστικῆς

1954 406 2273 461 refellimus.
2294 405 2450 462 Nune
2478 407 2548 461 ad
2570 408 2706 463 alias
2731 416 3100 469 transeamus,
3122 405 3331 461 dilecti.
3355 420 3419 460 ac
3439 404 3534 459 Dei

1953 500 2270 577 praesidium
2303 500 2684 570 imploremus,
2716 487 2939 571 utquod
2973 502 3075 555 hoc
3103 515 3270 571 opere
3284 499 3534 567 suscepi-

1951 607 2075 648 mus
2091 593 2366 647 cumulate
2391 607 2488 662 per
2506 607 2607 648 nos
2636 592 2705 648 ad
2731 595 2936 648 exitum
2952 594 3224 661 linemque
3248 591 3532 663 perducat.

2035 728 2319 787 CONTRA
2353 727 2810 797 VALENTINOS,
2851 730 3007 785 SIVE
3044 726 3449 793 GNOSTICOS,

2382 845 2518 913 Qua:
2543 855 2621 901 est
2652 845 2866 901 limosis
2891 844 2941 899 Χ
2947 843 2997 898 Χ
3001 843 3051 898 Χ
3057 844 3109 899 1.

2027 961 2186 1034 163
2202 960 2242 1019 Ι.
2260 957 2620 1029 Posteaquam
2635 956 3009 1012 Ebionitarum
3027 955 3320 1026 nequitiam
3335 954 3537 1026 impro-

1955 1054 2292 1125 bitatemque
2315 1050 2855 1124 percurrimusteum
2877 1055 3106 1104 caeteras
3125 1047 3373 1120 aliorum
3414 1060 3536 1104 ser-

1954 1149 2200 1221 pentium
2234 1146 2461 1211 formas,
2492 1159 2559 1200 ac
2595 1157 2808 1199 venena
2839 1140 3140 1196 tradituros
3174 1154 3279 1195 nos
3304 1153 3427 1194 esse
3454 1138 3535 1194 si-

1955 1257 2079 1295 mus
2107 1238 2367 1309 polliciti,
2402 1251 2637 1307 quorum
2672 1243 2727 1289 et
2755 1233 3003 1288 exitiales
3033 1238 3162 1287 sunt
3190 1244 3407 1286 morsus
3427 1269 3441 1291 .
3474 1237 3537 1283 ut

1953 1349 2018 1389 ex
2050 1333 2265 1387 illorum
2296 1329 2645 1399 dogmatibus
2672 1328 2820 1383 velut
2847 1327 2987 1380 rictu
3008 1323 3245 1395 quodam
3275 1337 3537 1392 apparere

1956 1434 2156 1497 potest.
2189 1432 2242 1479 et
2273 1424 2425 1493 igniti
2456 1421 2764 1491 cuiusdam,
2795 1418 3170 1488 teterrimique
3197 1415 3392 1488 anguis
3444 1424 3539 1468 aut

1952 1517 2200 1574 basilisci
2235 1518 2407 1572 instar
2443 1514 2573 1568 editi
2614 1521 2764 1576 sunt,
2804 1511 2872 1566 ad
2907 1509 3319 1565 Valentinorum
3354 1506 3449 1577 qui
3481 1522 3541 1560 se

1955 1610 2249 1667 Gnosticos
2278 1608 2583 1680 appellant,
2617 1604 2958 1661 refutandam
2997 1602 3247 1658 haeresim
3277 1614 3366 1655 me
3403 1613 3542 1653 con-

1887 1682 1929 1738 B
1959 1705 2149 1769 feram,
2185 1702 2330 1773 quod
2367 1700 2587 1771 quidem
2632 1714 2730 1769 pro
2776 1696 2921 1752 virili
2960 1702 3116 1766 parte
3153 1694 3400 1750 conabor
3436 1692 3537 1747 eiii

1956 1811 2100 1852 cere.
2134 1794 2337 1848 Horum
2379 1793 2564 1860 itaque
2604 1790 2789 1844 decem
2839 1787 3065 1841 omnino
3107 1784 3341 1840 divortia
3389 1793 3539 1839 sunt.

1959 1886 2064 1941 Sed
2095 1899 2288 1939 omnes
2323 1892 2505 1936 tamen
2539 1895 2650 1934 uno
2688 1878 2834 1932 velut
2868 1877 2978 1932 ictu
3010 1875 3311 1947 proﬂigatis
3350 1876 3543 1931 nescio

1954 1979 2157 2050 quibus
2186 1976 2423 2045 parium,
2453 1983 2508 2028 et
2545 1970 2876 2039 ogdoadum,
2910 1979 3074 2039 atque
3097 1969 3330 2023 marium
3360 1976 3416 2024 et
3470 1965 3544 2022 fe-

1957 2074 2228 2127 minarum
2253 2086 2467 2125 arcuum
2497 2078 2702 2125 temere
2726 2068 2977 2123 conlictis
2999 2066 3233 2123 somniis
3258 2063 3543 2135 mqualiter

1958 2166 2248 2223 feriuntur.
2284 2163 2470 2233 Neque
2505 2177 2633 2217 vero
2666 2164 2720 2215 in
2757 2162 2971 2215 illorum
3004 2152 3357 2215 confutandis
3385 2172 3542 2213 erro-

1956 2260 2113 2315 ribus
2155 2269 2460 2326 temporum
2504 2262 2589 2308 est
2631 2249 2917 2307 retinenda
2960 2249 3276 2313 successio;
3332 2247 3432 2303 sed
3473 2246 3542 2301 ab

1955 2368 2065 2408 una
2097 2348 2349 2420 progredi
2377 2347 2443 2401 ad
2476 2345 2703 2399 alteram
2732 2343 2964 2397 lueresin
2997 2355 3222 2396 necesse
3248 2347 3333 2396 est
3358 2356 3373 2406 ;
3403 2353 3542 2408 quo—

1959 2445 2104 2499 niam
2136 2442 2327 2496 eodem
2350 2455 2380 2494 e
2407 2447 2552 2493 terra
2581 2448 2825 2506 tempore
2844 2449 3035 2490 omnes
3054 2434 3343 2504 fungorum
3367 2432 3543 2486 instar

1957 2544 2277 2608 eruperunt.
2318 2534 2495 2604 Atque
2524 2541 2585 2585 ut
2616 2531 2778 2585 noxia
2814 2530 3110 2597 I‘mtidaque
3139 2526 3388 2598 qtuedam
3419 2524 3546 2581 her-

1957 2630 2149 2685 barum
2179 2626 2447 2697 germina.
2481 2624 2563 2678 vel
2595 2621 2775 2676 dumis
2803 2636 2866 2674 ac
2890 2619 3138 2674 sentibus
3158 2616 3397 2672 obsitum
3420 2629 3547 2686 gra-

1959 2734 2105 2781 men,
2137 2718 2221 2771 vel
2251 2716 2486 2784 denique
2517 2715 2592 2765 uti
2626 2712 2809 2782 plures
2835 2725 2901 2765 ex
2927 2709 3119 2764 eodem
3151 2720 3287 2762 cavo
3314 2704 3540 2775 scorpii,

1961 2814 2033 2867 ita
2059 2812 2135 2866 illi
2161 2826 2352 2865 omnes
2378 2808 2567 2863 eodem
2594 2818 2836 2876 tempore
2861 2806 2913 2858 in
2944 2805 3085 2858 hanc
3112 2802 3281 2857 vitam
3303 2800 3547 2856 elliorue-

1960 2915 2127 2972 runt;
2180 2919 2264 2960 ac.
2312 2902 2456 2971 quod
2504 2901 2666 2971 paulo
2716 2908 2840 2953 ante
2882 2897 3089 2952 dictum
3127 2900 3232 2956 est,
3283 2899 3546 2962 tanquam

1886 3020 1928 3077 ο
1964 2998 2112 3069 fungi
2167 2996 2429 3050 inusitata
2477 2991 2711 3062 quadam
2751 2989 2998 3045 fmditate
3036 2984 3227 3043 eodem
3270 2988 3549 3038 momento

1963 3089 2204 3144 universi
2244 3092 2644 3157 proruperunt.
2680 3079 3141 3152 quemadmodum
3177 3076 3245 3132 de
3277 3076 3387 3131 illis
3418 3074 3549 3128 olim

1962 3182 2201 3238 lrenmus
2221 3180 2477 3250 praeclara
2501 3176 2583 3228 vir
2604 3172 2900 3242 sanctitate
2925 3169 3321 3242 pronuntiavit.
3348 3163 3553 3236 Equa-

1963 3277 2041 3331 les
2092 3274 2237 3330 eiiim
2293 3272 2370 3326 illi
2422 3284 2614 3324 omnes
2658 3267 3008 3325 exstiterunt,
3065 3263 3166 3326 sic,
3209 3268 3270 3315 ut
3319 3257 3555 3329 quilibet

1963 3368 2257 3445 pessimam
2278 3365 2348 3420 ab
2376 3364 2548 3417 altero
2576 3361 3011 3431 disciplinarum:
3039 3356 3239 3426 degma
3270 3361 3553 3407 mutuatus

1962 3461 2157 3526 fuerit;
2195 3458 2355 3524 alius,
2385 3458 2631 3527 inquam,
2669 3456 2819 3508 velut
2851 3460 3079 3505 exortus
3112 3449 3182 3503 ab
3210 3446 3405 3507 altero,
3442 3459 3554 3512 quo

1962 3568 2023 3609 se
2052 3553 2289 3623 amplius
2319 3556 2654 3613 ostentaret,
2687 3544 3069 3603 scelestissimi
3108 3538 3400 3595 commenti
3439 3536 3554 3591 dis-

1963 3653 2281 3716 crepantem
2323 3642 2615 3714 quamdam
2660 3639 2890 3693 formain
2939 3652 3002 3690 ac
3042 3633 3310 3689 rationem
3341 3627 3557 3698 excogi-

1962 3733 2109 3789 tarit.
2138 3731 2240 3798 Qui
2266 3746 2325 3785 se
2352 3745 2545 3785 omnes
2566 3727 2860 3782 GnostiCos
2883 3723 3161 3780 communi
3191 3719 3558 3790 appellatione

1960 3824 2068 3878 dici
2118 3822 2430 3876 voluerunt.
2471 3817 2793 3886 Cujusmodi
2836 3814 3161 3868 Valentinus
3203 3811 3328 3870 fuit,
3366 3816 3419 3862 et
3459 3814 3556 3876 qui

1963 3916 2116 3970 illum
2152 3911 2397 3983 Gnostici
2430 3913 2853 3980 praacesserunt.
2888 3903 3131 3972 Itemque
3163 3899 3428 3954 Basilides
3449 3937 3462 3959 ,
3493 3913 3558 3951 ac

1964 4008 2303 4069 Saturuilus,
2329 4016 2382 4062 et
2420 4003 2778 4063 Colorbasus,
2811 4016 2874 4056 ac
2900 3998 3226 4053 Ptoleuueus
3277 4001 3331 4049 et
3349 3994 3559 4047 Secun-

1962 4102 2091 4163 dus,
2118 4097 2504 4169 tiarpocrates,
2539 4094 2742 4166 aliique
2771 4092 3103 4161 complures.
3138 4087 3351 4154 Quibus
3380 4084 3561 4139 omni-

1933 4195 2067 4250 ‘bus
2109 4191 2297 4255 sectis,
2345 4188 2489 4259 quod
2535 4185 2726 4242 eodem
2775 4184 3027 4255 prodiere
3081 4190 3344 4249 tempore,
3388 4177 3554 4233 simul

1968 4286 2281 4348 recensitis,
2313 4299 2460 4339 nunc
2483 4281 2752 4351 cujusque
2770 4279 2918 4333 velut
2948 4284 3103 4332 satus
3136 4274 3307 4329 labem
3341 4287 3404 4325 ac
3433 4286 3561 4341 per-

271 4374 327 4426 δὲ
350 4370 623 4444 ληρωδὶας
642 4412 657 4433 ,
691 4369 767 4431 ῶς
802 4372 915 4432 τοῖς
947 4371 1185 4433 συνετοῖς
1223 4372 1743 4444 καταγινωσκομένη
1773 4375 1853 4428 εὑ-

1972 4380 2170 4435 niciem
2216 4375 2531 4446 singillatim
2572 4388 2858 4442 expertam.
2909 4369 3016 4424 Sed
3064 4369 3240 4439 ipsum
3292 4366 3345 4419 in
3369 4362 3561 4435 primis

170 4522 177 4529 ,
277 4466 524 4536 ρίσκεται
551 4464 646 4517 καλ⁵
673 4461 1097 4530 καταγέλαστος.

1972 4473 2243 4527 haereseos
2281 4476 2445 4536 caput
2482 4480 2545 4519 ac
2584 4461 2868 4533 tragmdia:
2912 4469 3189 4515 auctorem
3234 4454 3558 4528 aggrediar:

274 4555 623 4611 Valentinum
682 4554 960 4623 intelligo,
1030 4551 1516 4628 Valentiuianaquo
1569 4560 1855 4632 dogmata,
1895 4583 2019 4638 quae
2050 4566 2119 4619 ab
2151 4566 2398 4635 speciosa
2431 4563 2519 4616 illa
2585 4559 2972 4615 Cnosticornm
3024 4553 3365 4628 professione
3405 4548 3566 4622 164.

278 4649 619 4717 prodierunt,
656 4663 793 4716 quas
832 4647 1233 4717 eataguosticas
1276 4651 1459 4719 potius
1516 4670 1712 4722 nugas,
1761 4659 1853 4715 hoc

1966 4661 2322 4721 tdaninatas,
2368 4658 2647 4729 appellare
2681 4656 2840 4719 licet,
2897 4653 2975 4706 uti
3026 4650 3234 4723 pridem
3286 4646 3565 4718 sapientes

279 4755 370 4795 eas
399 4739 858 4800 condeumarunt,
887 4755 951 4793 ac
986 4739 1222 4795 ludibrio
1254 4742 1450 4812 dignas
1480 4745 1808 4811 habuerunt.

346 4830 421 4884 B’.
463 4829 817 4892 Οὐαλεντῖνος
850 4829 950 4900 μὲν
991 4824 1087 4883 οὖν
1146 4825 1298 4894 οὗτος
1358 4833 1533 4906 χρόνῳ
1564 4835 1865 4911 διαδέχεται

279 4924 401 4987 τοὺς
438 4921 548 4994 πρὸ
578 4919 747 4974 αὐτοῦ
788 4921 1284 4994 προτεταγμένους,
1326 4924 1644 4999 Βασιλείδην
1677 4948 1735 4983 τε
1773 4933 1869 4986 καὶ

281 5015 619 5088 Σατορνῖλον,
654 5011 887 5067 Ἐϐίωνά
918 5030 977 5066 τε
1010 5015 1103 5068 καὶ
1139 5016 1410 5087 Κήρινθον
1440 5019 1534 5071 καὶ
1563 5021 1864 5091 Μήρινθον,

282 5104 515 5169 καὶτοὺς
540 5104 681 5175 ἀμφ’
708 5102 921 5167 αὐτούς.
952 5097 1113 5157 Οὗτοι
1141 5104 1247 5178 γὰρ
1274 5108 1472 5171 πάντες
1496 5110 1553 5161 ἐν
1581 5110 1662 5162 ἑνὶ
1691 5112 1870 5183 καιρῷ

285 5194 354 5265 τῷ
382 5196 484 5266 βίῳ
513 5193 705 5258 κακῶς
718 5194 987 5264 ἐφύησαν.
1018 5195 1184 5267 ὀλίγῳ
1209 5197 1267 5250 δὲ
1300 5198 1535 5269 πρόσθεν
1573 5202 1773 5270 μᾶλλον
1816 5206 1868 5257 οἱ

281 5287 408 5358 περὶ
440 5285 714 5358 Κήρινθον
746 5287 840 5339 καὶ
864 5287 1141 5358 Μῆρινθον
1166 5288 1260 5342 καὶ
1288 5288 1538 5346 Ἐδίωνα.
1577 5291 1729 5362 ’Ἀμα
1758 5293 1868 5362 γὰρ

289 5383 388 5446 τοῖς
438 5381 541 5453 ἤδη
587 5397 678 5452 μοι
723 5379 828 5451 πρὸ
871 5382 1049 5436 αὐτῶν
1094 5381 1483 5455 δεδηλωμένοις
1529 5383 1864 5457 ἁνεφύησαν.

354 5482 371 5508 ⁸
408 5477 536 5533 E‘or.
569 5476 801 5531 αἰώνων.

2037 4837 2101 4892 ll.
2156 4836 2328 4909 Igitur
2378 4835 2703 4890 Valentinus
2756 4834 2863 4887 iste
2911 4830 3188 4902 prioribus
3238 4827 3348 4883 illis
3395 4843 3425 4881 ιι
3479 4843 3566 4882 me

1966 4941 2125 4985 antea
2152 4926 2609 4984 commemoratis
2635 4934 2879 4993 tempore
2898 4932 2978 4978 est
3001 4921 3296 4993 posterior,
3329 4917 3566 4974 Basilide

1966 5022 2247 5079 nimirum.
2281 5035 2347 5074 ac
2381 5017 2688 5080 Saturnilo,
2720 5015 2951 5077 Ebioue,
2977 5012 3242 5068 Cerintho
3269 5026 3333 5066 ac
3362 5008 3566 5065 Merio-

1967 5112 2086 5178 tho,
2110 5124 2419 5180 eorumque
2441 5106 2632 5164 sociis.
2665 5104 2953 5176 Siquidem
2975 5118 3166 5158 omnes
3190 5118 3300 5159 uno
3321 5111 3568 5172 tempore

1976 5204 2042 5257 ad
2077 5202 2300 5256 liumaui
2336 5202 2555 5271 generis
2579 5200 2809 5254 exitium
2834 5197 3041 5267 profusi
3069 5204 3226 5259 sunt;
3250 5209 3565 5266 quanquam

1975 5294 2273 5349 Cerintlius
2328 5307 2393 5347 ac
2451 5291 2755 5347 Meriuthus
2795 5299 2849 5345 et
2893 5287 3064 5344 Ebion
3102 5288 3379 5360 paululum
3416 5294 3569 5340 ante-
3642 5346 3654 5354 ,

1974 5387 2149 5459 gressi
2183 5393 2348 5452 sunt;
2390 5402 2456 5441 ac
2492 5399 2618 5439 cum
2654 5383 2744 5452 iis,
2760 5398 2901 5455 quos
2938 5389 3067 5438 ante
3101 5381 3224 5436 illos
3258 5376 3563 5449 percensui,

352 5570 465 5647 _(_58)
510 5569 955 5647 ρίίαιεηζίνων.
991 5569 1095 5647 ἠιξ
1138 5570 1641 5647 Valentinianorum
1698 5574 1860 5647 nugis
1900 5584 2099 5647 praiter
2128 5573 2414 5642 Irenaeum,
2454 5572 2703 5645 aliosque
2730 5578 2966 5637 veteres,
3032 5585 3097 5624 ex
3162 5560 3566 5623 recentioribus

290 5638 705 5709 diligentissime
733 5638 1029 5708 disputavit
1059 5639 1400 5700 Pammelius
1434 5644 1502 5698 ad
1526 5644 1750 5699 Tertull.
