3980 6086
380 264 481 322 479

1736 270 1741 279 ‘
1785 255 1841 308 S.
1891 249 2230 306 EPIPIIANII

3527 238 3633 302 480

378 378 614 440 Ubllvio,
650 376 908 439 Somnus,
957 372 1165 444 Pugna,
1219 372 1540 444 Lysimclcs,
1597 367 1957 433 Contumelia,

2087 371 2159 422 tui.
2197 367 2483 440 βουληθείη
2532 371 2756 439 γνῶναι,
2788 371 2863 434 ὡς
2897 367 3004 423 ἀπὸ
3048 366 3155 420 τῶν
3198 363 3499 434 κοσμικῶν,
3539 364 3636 416 καὶ

380 468 748 539 Euphronius,
780 465 1068 536 Splendor,
1122 465 1394 519 Curarum
1445 463 1720 524 solatium,
1755 450 1957 522 Fraus,

381 559 738 631 Hedymeles,
802 557 912 613 Lis.
965 557 1044 612 Ac
1091 556 1407 626 quicunque
1464 554 1531 609 ad
1562 554 1696 609 'illas
1744 551 1955 607 fabulas

379 653 620 707 animum
658 650 941 719 adiecerit,
982 665 1048 705 ac
1094 662 1424 719 cognoscere
1477 645 1622 702 istud
1686 644 1952 709 voluerit;

380 742 839 814 quemadmodum
872 742 943 796 ab
963 740 1186 806 exteris,
1212 754 1276 794 ac
1308 737 1639 794 Graecanicis'
1672 749 1955 791 commen-

2073 460 2399 531 Ἑλληνικῶν
2435 464 2702 532 ποιήσεων
2722 464 2763 528 ¹,
2787 462 2845 526 ἐξ
2866 454 2940 516 ὧν
2966 456 3111 515 οὗτοι
3144 454 3630 530 ὲνεϐροντήθησαν.

2066 553 2241 621 μάτην
2275 551 2660 616 ἐνθουσιῶντες
2705 553 2740 608 ἃ
2786 553 2861 625 μὴ
2896 553 2996 616 δεῖ,
3037 553 3118 613 εἰς
3158 546 3548 621 ματαιοπονίαν
3579 563 3638 598 τε

2062 642 2156 696 καὶ
2191 643 2435 714 κάματον
2483 646 2766 717 ἀνωφελῆ,
2826 645 2972 717 εῦροι
3028 644 3095 698 ἂν
3152 640 3348 704 αὑτοὺς
3402 637 3639 706 τοσούτῳ

2066 732 2267 801 μᾶλλον
2301 737 2770 809 πεπλανημένους.

381 836 473 901 tis,
501 833 740 890 undeilli
764 832 970 888 frustra
994 831 1233 886 fanatico
1260 831 1407 886 velut
1458 828 1643 883 furore
1671 826 1736 880 ad
1771 826 1992 896 indigna
2020 824 2271 894 quaedam
2306 826 2516 882 incitati
2544 838 2694 892 sunt,
2734 828 2788 881 in
2856 825 3044 880 irritos
3104 830 3354 885 conatus,
3412 823 3646 876 vanissi-

381 941 636 998 mamque
672 925 840 982 animi
862 924 1266 980 contentionem
1299 920 1612 986 inciderint,
1637 919 1795 989 longe
1817 932 1913 973 eos
1951 915 2159 971 Graecis
2179 918 2321 987 ipsis
2363 919 2577 988 turpius
2613 919 2897 974 aberrasse
2926 917 3186 987 reperiet.

451 1041 544 1100 IV.
575 1041 656 1097 Ab
691 1041 757 1096 iis
791 1038 1106 1112 primordiis
1158 1037 1322 1092 altius
1370 1032 1681 1105 indaganda
1732 1031 1959 1092 sublati,

383 1134 530 1189 aliud
560 1129 835 1203 quoddam
898 1142 1073 1199 genus
1132 1125 1276 1197 quod
1339 1122 1682 1195 Hysterema,
1729 1121 1833 1175 hoc
1880 1128 1965 1174 est

383 1227 643 1298 defectum
674 1225 756 1280 vel
779 1223 1065 1293 penuriam
1087 1226 1307 1281 vocant,
1327 1216 1552 1271 furiosis
1578 1215 1694 1270 suis
1727 1213 1963 1284 ingeniis

385 1320 661 1376 invenisse
693 1333 752 1372 se
784 1321 1133 1386 putaverunt.
1175 1312 1331 1366 Hunc
1351 1309 1627 1365 defectum
1661 1310 1799 1362 alias
1828 1305 1961 1361 0m-

384 1413 750 1482 nipotenlem,
781 1415 946 1475 atqne
981 1403 1245 1475 Opiﬁccm
1278 1413 1499 1464 vocant,
1533 1414 1962 1469 naturarumque

389 1502 730 1557 conditorem
762 1512 778 1551 :
812 1512 841 1550 a
865 1512 975 1566 quo
1003 1505 1056 1551 et
1091 1496 1449 1567 posteriorem
1490 1492 1790 1565 ogdoadem
1846 1496 1967 1561 post

388 1603 644 1664 septenos
677 1589 838 1644 orbes
867 1588 990 1643 caeli
1030 1588 1096 1643 ad
1139 1588 1338 1659 prioris
1393 1586 1656 1657 ogdoadis
1691 1581 1961 1653 exemplar

2137 1029 2210 1083 A'.
2250 1030 2413 1085 Ὅθεν
2461 1033 2553 1086 καὶ
2581 1031 2661 1085 ἔτι
2694 1031 3038 1101 ὑψηλοτέρως
3069 1028 3458 1099 ἐξερευνῶντες
3485 1027 3645 1097 δῆθεν

2058 1121 2324 1194 ’ᾠήθησαν
2347 1167 2361 1190 ,
2411 1112 2504 1178 καὶ
2543 1125 2858 1196 ’Υστὲρημα
2893 1122 2970 1194 τῷ
3020 1123 3135 1193 ἰδίῳ
3182 1121 3359 1174 αὑτῶν
3398 1121 3645 1189 δαιμονι-

2067 1213 2249 1268 σθέντι
2298 1214 2619 1285 διανοήματι
2671 1215 2949 1287 ἐξευρεῖν,
2991 1212 3127 1281 ὅπερ
3181 1209 3494 1280 ’Υστέρημα
3551 1209 3647 1260 καὶ

2068 1306 2493 1378 Παντοκράτορα
2525 1307 2619 1360 καὶ
2653 1304 2997 1376 Δημιουργὺν
3026 1302 3272 1373 καλοῦσι,
3298 1301 3393 1353 καὶ
3419 1300 3647 1368 κτίστην

2068 1399 2296 1452 οὑσιῶν·
2324 1401 2415 1467 ἀφ’
2448 1393 2616 1469 οὗπερ
2649 1398 2810 1451 πάλιν
2841 1396 2937 1450 καί⁵
2963 1396 3193 1466 ὑστέραν
3235 1391 3461 1462 ὀγδοάόα
3508 1390 3649 1460 μετὰ

2070 1492 2212 1546 ἑπτὰ
2256 1492 2534 1564 οὑρανοὺᾼ
2563 1490 2787 1544 καλοῦσι
2822 1489 2963 1543 κατά
3001 1487 3096 1559 τὴν
3145 1484 3361 1557 πρώτην
3385 1482 3649 1553 ὐγδοάῑα

2070 1584 2505 1655 άφομοιωθείσαν
2584 1582 2872 1637 ὲκτίσθαι²
2902 1620 2916 1644 .
2985 1578 3150 1633 αὑτοῦ
3227 1578 3379 1640 ὂντος
3459 1578 3517 1628 ὲν
3579 1576 3648 1645 τῇ

386 1685 620 1742 ellictam
650 1688 937 1744 asserunt;
978 1681 1136 1752 167
1160 1696 1282 1734 cum
1319 1681 1372 1734 in
1398 1678 1644 1749 ogdoade
1680 1682 1970 1730 censeatur

2093 1678 2338 1746 Ογδοάδι,
2364 1676 2457 1732 καὶ
2473 1676 2614 1731 ἑπτά
2645 1677 2905 1747 οὐρανοὺς
2927 1675 3043 1744 μετ’
3072 1671 3233 1726 αὑτὸν
3261 1669 3646 1735 πεποιηκότος.

388 1781 524 1853 ipse,
551 1793 615 1833 ac
637 1782 841 1846 septem
856 1784 977 1842 post
1006 1790 1064 1829 se
1084 1774 1222 1827 alios
1246 1771 1407 1827 orbes
1430 1766 1970 1841 produxerit.Eidem

388 1872 752 1944 lIysteremati
792 1872 1067 1927 sincerum
1100 1865 1286 1920 nescio
1304 1879 1464 1933 quem
1487 1877 1716 1925 agonem,
1750 1875 1814 1914 ac
1832 1859 1973 1914 dete-

391 1965 555 2019 rioris
582 1979 746 2019 sexus
774 1969 1050 2031 expertem
1088 1966 1361 2013 conantur
1402 1956 1738 2027 adjungere;
1779 1951 1873 2022 qui
1905 1967 1972 2007 eo

391 2055 460 2109 ad
492 2056 950 2125 complementum
988 2049 1216 2115 venerit,
1256 2056 1313 2103 ut
1346 2049 1586 2102 animam
1640 2044 1965 2116 requireret,

390 2163 515 2218 qum
545 2164 574 2201 a
601 2156 842 2202 materna
879 2142 1156 2215 Sapientia
1188 2156 1251 2195 ex
1285 2140 1395 2193 alto
1426 2137 1804 2193 descenderat.
1849 2132 1968 2189 Jam

392 2251 523 2292 vero
557 2236 723 2289 etiam
757 2229 1063 2287 Achamoth
1093 2230 1219 2283 ficto
1241 2227 1463 2283 nomine
1494 2226 1790 2281 commenti
1822 2232 1970 2288 sunt,

393 2344 553 2395 quem
585 2336 639 2382 et
676 2324 1032 2386 Salvatorem,
1072 2328 1126 2376 rt
1159 2319 1502 2381 Terminum,
1535 2325 1588 2374 et
1620 2316 1891 2388 Crucem,
1920 2324 1975 2370 et

396 2417 714 2480 Finiturcm,
743 2423 797 2469 et
827 2412 1315 2478 Transductorem,
1356 2417 1409 2465 et
1443 2407 1631 2464 Iesum
1673 2406 1972 2478 appellant,

395 2509 486 2571 qui
516 2524 610 2578 per
638 2505 860 2559 Mariam
885 2505 1029 2558 velut
1063 2502 1253 2556 tnbnm
1274 2500 1622 2569 listulamque
1647 2497 1970 2568 permearit.

398 2599 553 2653 liunc
582 2613 705 2654 esse
732 2598 912 2651 lumen
956 2612 985 2650 a
1022 2594 1309 2665 superiore
1330 2590 1552 2647 Christo
1586 2588 1869 2653 diffusum,
1905 2585 1976 2640 ob

399 2692 562 2762 idque
613 2691 792 2761 patrio
842 2689 1065 2744 nomine
1102 2685 1311 2742 Lumen
1361 2684 1433 2740 ob
1476 2681 1608 2737 illud
1642 2676 1977 2736 caaléstenoo

399 2781 617 2848 minari,
653 2796 716 2834 ac
746 2780 814 2834 dc
848 2780 1134 2849 superiore
1180 2776 1402 2832 Christo
1424 2813 1439 2836 ,
1475 2770 1766 2841 Verbaque
1814 2768 1975 2823 Chri-

401 2884 546 2931 stum
567 2874 755 2955 itidem
795 2883 850 2928 et
889 2872 1147 2936 Verbum,
1201 2869 1295 2926 sed
1334 2878 1390 2922 et
1436 2864 1668 2920 Mentem
1690 2870 1973 2934 praetcrea,

401 2983 465 3023 ac
507 2951 845 3021 Salvatorem
898 2962 1105 3018 vocari.
1154 2958 1417 3015 Eumdem
1470 2971 1636 3027 porro
1682 2951 1972 3010 Parentem

2077 1771 2285 1840 Ὥσπερ
2326 1769 2692 1841 ’Υστερήματι
2722 1766 3001 1838 βούλονται
3031 1765 3319 1818 συνάπτειν
3347 1763 3442 1831 μὲν
3470 1761 3648 1828 ἁμιγῆ

2069 1880 2191 1917 τινα
2219 1861 2392 1917 αἰῶνα
2430 1862 2521 1916 καὶ
2557 1860 2881 1932 ἀθήλυντον’
2917 1860 2995 1920 είς
3027 1855 3298 1926 πλήρωμα
3326 1853 3382 1907 δὲ
3415 1850 3655 1905 ἐνταῦθα

2072 1956 2324 2021 ἐλθόντα,
2358 1956 2454 2010 καὶ
2509 1953 2845 2023 ἀναζήτησιν
2872 1950 2892 1981 ³
2934 1950 3032 2020 τῆς
3082 1948 3254 2019 ψυχῆς
3311 1946 3408 2016 τῆς
3441 1942 3656 1999 ἄνωθεν

2071 2049 2179 2102 ἀπὸ
2207 2051 2307 2118 τῆς
2342 2047 2613 2118 μητρικῆς
2655 2045 2855 2113 Σοφίας
2888 2041 3168 2111 ἐλθούσης.
3199 2040 3338 2109 Ἤδη
3365 2038 3459 2091 καὶ
3488 2037 3653 2108 Ἀχα-

2075 2139 2193 2211 μὼθ
2231 2138 2509 2211 βούλονται
2536 2138 2596 2190 τὸ
2621 2137 2791 2206 ὄνομα
2816 2133 3217 2195 ἀνα-τυποῦντες
3249 2131 3338 2185 καὶ
3369 2130 3651 2189 πλάττειν,

2072 2208 2131 2287 δν
2164 2208 2353 2301 δὴνκέὶ
2382 2228 2612 2299 Σωτῆρα
2654 2226 2840 2289 καλεῖ,
2876 2226 2972 2279 καὶ
3005 2225 3172 2290 Ὅρον
3192 2263 3207 2287 ,
3251 2223 3346 2275 καὶ
3385 2220 3650 2290 Σταυρὸν,

2073 2323 2171 2378 καὶ
2204 2319 2514 2393 Ὀροθέτην,
2550 2320 2645 2371 καὶ
2674 2317 3036 2385 Μεταγωγέα,
3071 2316 3166 2368 καὶ
3206 2312 3413 2384 Ἰησοῦν
3442 2313 3530 2365 τὸν
3564 2311 3655 2364 διὰ

2074 2414 2313 2486 Μαρίας,
2334 2413 2408 2476 ὡς
2435 2411 2523 2465 διὰ
2551 2410 2809 2481 σωλῆνος,
2847 2407 3203 2480 παρελθόντα.
3238 2403 3388 2460 Εἶναι
3411 2404 3468 2456 δὲ
3489 2402 3655 2456 αὑτὸν

2076 2506 2192 2577 φῶς
2224 2505 2331 2560 ἀπὸ
2364 2502 2457 2558 τοῦ
2518 2502 2631 2557 ἄνω
2673 2500 2939 2573 Χριστοῦ,
2967 2500 3062 2555 καὶ
3106 2498 3192 2553 διὰ
3238 2496 3395 2551 τοῦτο
3426 2512 3655 2564 πατρω-

2075 2596 2322 2671 νυμικῶς
2368 2590 2649 2651 καλεῖσθαι
2690 2594 2811 2659 Φῶς
2847 2594 2937 2648 διὰ
2967 2593 3029 2646 τὸ
3062 2593 3174 2647 ἄνω
3219 2589 3356 2661 φῶς,
3387 2589 3481 2642 καί⁵
3513 2588 3653 2657 Χρι-

2079 2691 2202 2744 στὸν
2228 2688 2316 2742 διὰ
2352 2687 2444 2741 τὸν
2472 2687 2585 2742 ἄνω
2620 2686 2876 2757 Χριστὸν,
2925 2685 3019 2739 καὶ
3064 2684 3234 2751 Λόγον
3272 2679 3361 2733 διὰ
3406 2679 3498 2731 τὸν
3542 2678 3661 2731 ἄνω

2076 2779 2269 2848 Λόγον,
2302 2778 2395 2832 καὶ
2418 2776 2562 2831 Νοῦν
2585 2776 2848 2841 ὡσαύτως
2878 2775 3106 2845 Σωτῆρα
3144 2771 3415 2842 λέγεσθαι.
3453 2768 3566 2821 Ἀεὶ
3595 2765 3661 2821 δὲ

2079 2869 2430 2941 ὑπερϐαίνειν
2452 2868 2545 2923 τὸν
2573 2867 2739 2923 αὑτοῦ
2764 2867 2997 2938 πατέρα,
3020 2865 3111 2919 τὸν
3134 2862 3472 2936 Δημιουργόν
3491 2878 3505 2891 ⁸
3531 2876 3663 2912 συν-

2079 2961 2372 3031 αναφέρειν
2392 2960 2449 3013 δὲ
2474 2960 2601 3023 τοὺς
2625 2958 2775 3030 αὑτῷ
2803 2957 3158 3029 πειθομένους
3187 2956 3303 3025 ἅμα
3338 2950 3486 3021 αὑτῷ
3520 2949 3661 3021 πρὸς

402 3076 562 3116 suum
586 3100 600 3123 ,
638 3059 742 3113 hoc
776 3066 859 3113 est
892 3055 1243 3111 Conditorem
1298 3048 1729 3106 transcendere:
1778 3060 1843 3100 ac
1886 3044 1979 3114 qui

2087 3053 2188 3116 τὰς
2205 3053 2317 3107 ἄνω
2352 3051 2614 3121 συζυγίας
2643 3051 2736 3104 τοῦ
2774 3049 3158 3121 πληρώματος.
3189 3048 3296 3102 Καὶ
3320 3039 3366 3099 ὦ
3400 3044 3500 3114 τῆς
3529 3041 3659 3095 τούς

403 3152 504 3209 sibi
550 3151 710 3207 iidem
763 3150 1036 3212 habeant,
1087 3145 1153 3200 ad
1208 3157 1466 3214 suprema
1519 3140 1610 3195 illa
1666 3138 1983 3208 pleromatis

403 3244 632 3315 collegia
656 3258 840 3299 secum
871 3241 1121 3296 evehere.
1155 3222 1200 3291 Ο
1221 3251 1396 3307 nugas
1416 3234 1698 3302 anilesque
1733 3228 1978 3282 fabulas!

405 3336 518 3408 Ego
550 3340 681 3392 Vero
711 3333 1070 3389 nihilominus
1089 3344 1176 3392 ea,
1205 3328 1282 3383 uti
1317 3342 1438 3382 sum
1464 3323 1770 3396 pollicitus,
1808 3334 1983 3390 expo-

404 3444 565 3495 nam;
594 3435 763 3496 utque
806 3425 911 3496 ipsi
965 3422 1033 3478 ad
1076 3429 1363 3492 poetarum
1390 3433 1454 3471 ac
1492 3413 1783 3485 gentilium
1835 3426 1986 3466 com-

406 3526 592 3574 menta
631 3516 823 3571 dcliria
859 3531 959 3570 sua
989 3512 1217 3584 propius
1250 3505 1742 3565 accommodarint.
1780 3502 1987 3558 Praeter

406 3610 545 3671 haec,
587 3606 889 3662 secundum
929 3602 1311 3659 Tricenarium
1372 3600 1549 3664 illum,
1582 3596 1824 3652 medium
1869 3593 1987 3648 uni-

408 3715 534 3754 cum
574 3713 771 3755 nomen
827 3710 890 3751 ac
935 3696 1054 3751 sine
1094 3693 1309 3749 feminae
1341 3693 1627 3746 consortio
1679 3686 1987 3744 solitarium

407 3795 818 3863 cxcogitarunt;
848 3798 961 3844 tmn
1006 3788 1169 3842 aliam
1235 3800 1456 3843 rursum
1486 3798 1516 3837 a
1544 3781 1842 3837 Conditore
1872 3794 1993 3851 pro-

408 3884 652 3949 ductam,
682 3897 746 3936 ac
781 3874 1007 3953 perinde
1049 3880 1104 3933 in
1151 3877 1300 3949 paria
1348 3876 1612 3947 digestum
1648 3870 1987 3943 ()gdoadem.

408 3975 584 4047 Cujus
618 3975 737 4030 haec
759 3982 890 4030 sunt
917 3971 1221 4028 vocabula:
1267 3967 1617 4039 Exepaphus,
1655 3963 1988 4035 Porphyrio,

409 4067 647 4130 Clotho,
694 4065 971 4130 Rhuaces,
1023 4062 1308 4126 Lachesis,
1360 4058 1683 4129 Epiphaon,
1734 4055 1990 4124 Atropos,

370 4154 707 4237 "llyperiou,
755 4161 1043 4229 Asterope.
1096 4151 1379 4226 Ejusmodi
1432 4159 1714 4221 poetarum
1762 4147 1991 4202 istorum

411 4265 499 4314 est
528 4270 712 4317 scena,
738 4268 859 4323 quae
894 4259 949 4306 et
978 4249 1114 4303 alias
1153 4242 1587 4317 quamplurimas
1626 4240 1881 4303 deorum,
1936 4247 1995 4293 ut

412 4354 635 4410 vocant,
678 4343 1073 4414 appellationes
1106 4339 1373 4400 continet,
1405 4334 1641 4390 marium
1675 4348 1740 4387 ac
1772 4332 1995 4387 femina-

415 4455 561 4501 rum,
597 4451 719 4507 quae
754 4435 912 4490 aliter
940 4434 1008 4487 ab
1043 4433 1164 4486 aliis
1197 4440 1479 4499 conccptm
1516 4428 1583 4482 ad
1631 4440 1836 4480 cccuv
1874 4438 1994 4494 per-

415 4531 663 4586 veniunt.
692 4527 833 4593 Quin
858 4525 1020 4580 etiam
1063 4523 1129 4577 ad
1162 4522 1394 4576 aliarum
1432 4520 1711 4574 hazrcseon
1737 4531 1856 4587 qum
1890 4514 1993 4569 sibi

417 4621 686 4690 tragicam
721 4612 1032 4673 istiusmodi
1068 4627 1319 4683 pompam
1357 4612 1659 4673 asciscnnt,
1695 4623 1997 4680 propagau-

418 4713 519 4769 das
547 4711 810 4783 origines,
845 4720 985 4762 nova
1012 4704 1260 4775 quaedam
1285 4701 1546 4756 addidere
1582 4701 1816 4756 soumia.
1880 4766 1883 4775 _

479 4827 688 4882 Etenim
700 4831 823 4895 post
831 4822 1114 4893 superiora
1126 4817 1215 4872 illa
1230 4818 1446 4872 nomina
1460 4797 1998 4884 llesiodusﬂrpheus

421 4930 476 4976 ct
489 4916 840 4973 Stesichorus
859 4921 1150 4968 natosesse
1179 4907 1590 4965 dicunttleum
1608 4912 1662 4960 et
1682 4903 1997 4969 Tartarum,

425 5011 723 5066 Saturnum
753 5022 821 5064 ac
839 5005 1070 5072 Rheam,
1115 5001 1302 5059 Jovem
1347 5006 1402 5056 et
1436 4998 1741 5061 lunonem,
1779 4996 2002 5065 Apollo-

424 5114 570 5158 ncm.
605 5097 936 5170 Neptunum,
985 5105 1147 5164 atque
1177 5092 1492 5152 Plutonem,
1527 5088 1810 5156 aliosque,
1858 5100 1998 5153 quos

426 5190 741 5259 singillatim
772 5196 1081 5251 recensent,
1130 5184 1472 5239 innumeros.
1509 5178 1799 5234 Fecundus
1851 5176 1996 5231 enim

429 5279 646 5334 illorum
680 5293 837 5333 error
865 5287 969 5338 est,
1002 5291 1067 5331 ac
1101 5274 1406 5344 multiplex,
1426 5272 1520 5343 qui
1543 5269 1783 5325 absurda
1812 5266 2000 5323 nescio

358 5436 367 5443 .
429 5387 553 5444 qua:
573 5368 960 5424 vocabulorum
995 5375 1240 5421 monstra
1271 5362 1604 5435 parturiens,
1633 5369 1797 5430 atque
1834 5375 2002 5413 exco-

430 5461 636 5533 gitans,
658 5455 928 5510 infinitam
974 5455 1280 5510 fabularum
1304 5464 1541 5526 segetem
1574 5449 1834 5522 profudit.
1858 5447 1991 5515 Qua:

2082 3162 2191 3197 των
2218 3144 2489 3215 ληρῳδίας
2514 3145 2608 3197 καὶ
2633 3142 2901 3214 τοσαύτης
2946 3141 3361 3213 ματαιολογίαςί
3400 3136 3664 3207 Παραθὴ-

2086 3254 2249 3308 σομαι
2278 3237 2356 3296 δὲ.
2380 3236 2457 3301 ὡς
2490 3238 2768 3307 προεῖπον,
2796 3236 2887 3289 καὶ
2915 3235 2991 3299 ὡς
3016 3235 3167 3290 αὑτοὶ
3202 3228 3527 3295 συνέζευξαν
3547 3231 3663 3291 τοῖς

2087 3330 2390 3400 ποιητικοῖς
2453 3328 2547 3382 καὶ
2618 3327 2932 3397 ὲθνομὺθοις
2991 3326 3272 3395 πλάσμασι
3338 3323 3436 3392 τὴν
3485 3319 3667 3374 αὑτῶν

2087 3418 2428 3491 ληρολογίαν.
2467 3418 2625 3473 Μετὰ
2653 3418 2751 3490 τὴν
2795 3417 3168 3490 Τριακοντάδα
3197 3415 3257 3468 δὲ
3291 3414 3352 3467 τὸ
3385 3412 3442 3465 ἓν
3494 3412 3670 3480 ὄνομα

2091 3512 2258 3583 μέσον
2300 3510 2393 3564 καὶ
2444 3509 2775 3575 άθήλυντον,
2836 3509 2930 3562 καὶ
2996 3509 3114 3578 μετ’
3166 3505 3328 3560 αὑτὸν
3374 3504 3473 3574 τὴν
3524 3502 3671 3556 κατὰ

2090 3601 2353 3669 συζυγίαν
2410 3598 2844 3668 πάλινὊγδοάδα
2882 3598 3198 3671 εὑρεθεῖσαν
3247 3596 3355 3651 ἀπὸ
3407 3595 3504 3649 τοῦ
3562 3599 3668 3665 Δη-

2094 3689 2352 3763 μιουργοῦ
2404 3688 2567 3744 πάλιν
2617 3688 2921 3758 δυναμένην
2969 3687 3064 3741 καὶ
3114 3685 3667 3752 οὕτωςσυντίθεσθαι,

2091 3784 2201 3838 Καὶ
2230 3783 2344 3836 ἔστι
2382 3780 2454 3835 τὰ
2475 3781 2711 3852 ὀνόματα
2738 3778 2884 3833 τάδε·
2919 3778 3137 3850 πρῶτος
3167 3778 3493 3848 Ἐξέπαφος,
3529 3779 3674 3847 Πορ-

2093 3875 2320 3948 φυρίων,
2348 3871 2571 3937 Κλωθὼ,
2600 3872 2853 3936 Ῥύακος,
2876 3870 3130 3942 Λάχεσις,
3151 3871 3449 3940 Ἐπιφάων,
3477 3870 3676 3941 Ἀτρο-

2094 3982 2230 4030 πος,
2291 3964 2590 4035 Ὑπερίων.
2622 3962 2952 4032 Ἀστεροπή.
3012 3963 3122 4015 Καὶ
3162 3960 3299 4032 αὕτη
3343 3961 3441 4031 μὲν
3490 3961 3524 4029 ἡ
3566 3959 3678 4012 τῶν

2095 4056 2337 4128 ποιητῶν
2368 4056 2576 4109 τούτων
2625 4053 2799 4126 σκηνὴ
2825 4093 2839 4117 ,
2876 4053 3074 4124 ἔχουσα
3107 4053 3201 4107 καὶ
3255 4052 3421 4116 ἄλλας
3472 4051 3677 4115 πολλὰς

2093 4147 2411 4219 ὀνομασίας,
2436 4145 2573 4199 θεῶν
2607 4145 2734 4218 παρ’
2766 4145 2951 4208 αὑτοῖς
2982 4142 3398 4216 ὀνομαζομένων
3427 4143 3680 4214 άρρένων

2094 4256 2156 4293 τε
2188 4239 2281 4293 καὶ
2313 4235 2563 4308 θηλειῶν,
2600 4235 2770 4299 ἄλλως
2800 4234 2952 4305 παρά
2986 4252 3099 4288 τισι
3143 4234 3472 4305 λεγομένων,
3516 4234 3684 4287 δυνα-

2103 4331 2282 4402 μένων
2312 4329 2537 4399 ποιῆσαι
2584 4329 2679 4382 καὶ
2714 4327 3043 4398 τριακοσίων
3078 4326 3512 4398 ὲξηκονταπέντε
3558 4328 3687 4399 ἀρι-

2104 4422 2261 4492 θμὸν,
2293 4422 2384 4475 καὶ
2410 4421 2489 4474 ἔτι
2518 4420 2600 4484 είς
2625 4420 2896 4491 πρόφασιν
2921 4418 3028 4472 τῶν
3068 4418 3243 4473 ἄλλων
3275 4419 3540 4489 αἱρέσεων
3572 4420 3687 4473 τῶν

2103 4512 2307 4585 ταύτην
2335 4512 2495 4565 πάλιν
2524 4510 2621 4583 τὴν
2646 4510 2913 4583 τραγικὴν
2956 4508 3209 4562 ὑπόθεσιν
3252 4509 3687 4580 ὲνστησαμένων

2103 4603 2555 4675 ὀνειρωττόντων.

2176 4802 2330 4857 Μετὰ
2365 4803 2473 4876 γάρ
2507 4802 2577 4856 τὰ
2604 4799 2976 4873 προειρημένα
3019 4798 3258 4868 ὀνόματα
3287 4795 3453 4867 φασὶν
3476 4797 3526 4849 οί
3558 4798 3695 4868 περὶ

2117 4896 2360 4949 Ἡσίοδον
2377 4895 2472 4947 καὶ
2487 4892 2692 4965 Ὀρφέα
2722 4893 2814 4946 καὶ
2830 4890 3158 4963 Στησίχορον
3175 4886 3538 4958 γεγεννῆσθαι
3576 4888 3659 4942 υὺ
3671 4918 3694 4928 —

2109 4987 2270 5061 ρανόν
2298 5003 2359 5039 τε
2388 4987 2483 5040 καὶ
2512 4984 2815 5056 Τάρταρον,
2835 4984 3039 5056 Κρόνον
3069 4998 3127 5035 τε
3158 4980 3254 5034 καὶ
3289 4980 3466 5046 Ῥέαν,
3495 4980 3598 5033 Δία
3628 4999 3696 5035 τε

2108 5080 2204 5134 καὶ
2232 5080 2429 5151 ”Πραν,
2459 5078 2552 5133 καὶ
2581 5076 2911 5141 Ἀπόλλωνα,
2944 5072 3251 5127 Ποσειδῶνά
3286 5088 3345 5126 τε
3387 5073 3477 5126 καὶ
3515 5073 3702 5126 Πλού-

2108 5188 2279 5231 τωνα.
2310 5172 2406 5225 καὶ
2440 5170 2665 5242 μυρίους
2702 5167 2887 5222 λοιπὸν
2929 5167 3054 5230 τοὺς
3097 5165 3226 5237 παρ’
3271 5166 3453 5230 αὑτοῖς
3488 5165 3704 5235 ὀνομα-

2111 5263 2391 5335 ζομένους.
2427 5262 2603 5332 Πολλὴ
2632 5260 2740 5333 γάρ
2766 5259 2970 5314 τούτων
3002 5262 3035 5330 ἡ
3062 5257 3317 5329 ἁπατηλὴ
3345 5258 3405 5322 ἐξ
3432 5258 3703 5323 ὑπονοίας

2115 5356 2313 5426 πλάνη,
2350 5356 2384 5425 ἤ
2416 5372 2501 5417 τις
2543 5351 2876 5421 κενοφωνίαν
2908 5351 3304 5422 ὲγκισσήσασα,
3336 5350 3432 5403 καὶ
3462 5348 3704 5421 ὲξευρα-

2102 5448 2239 5520 μένη
2274 5446 2503 5510 πολλοὺς
2538 5445 2749 5527 μύθους
2786 5442 3194 5514 ἐποιητεύσατο.
3226 5442 3335 5496 Καὶ
3371 5439 3505 5510 αὓτη
3543 5441 3708 5496 ἐστὶν

513 5663 527 5693 ¹
565 5678 647 5732 rp.
680 5656 934 5730 ποιητῶν.
1012 5659 1029 5689 ¹
1062 5655 1122 5713 ν.
1166 5656 1345 5713 Codex
1379 5654 1620 5709 ἐκτίσθαι
1655 5655 1890 5726 λέγουσι.
1968 5656 1987 5686 ³
2020 5652 2079 5707 F.
2116 5651 2224 5706 ἀπὸ
2258 5650 2621 5722 πληρώματος
2653 5647 2731 5712 δέ,
2765 5655 2817 5703 et
2849 5648 2965 5700 κατ’
3008 5646 3358 5716 ἀναζήτησιν.
