3956 6070
414 298 521 358 ιϐῗ)

1812 297 1873 353 S.
1915 295 2255 353 EPIPHANII

3554 295 3662 359 £86

412 411 484 467 iis
525 411 616 482 qui
648 426 711 465 cx
765 411 885 481 ipso
920 421 973 467 et
1024 412 1077 465 in
1120 425 1241 480 ipso
1283 424 1430 472 sunt,
1461 423 1582 465 sese
1634 408 1980 479 patefaceret.

2087 410 2251 482 θηλυν
2281 410 2566 465 ἀντίτυπον
2596 411 2692 482 τῆς
2723 410 3026 483 προσούσης
3060 412 3075 441 ¹
3105 409 3391 482 Τετράδος,
3436 410 3560 481 ἥτις
3590 405 3660 484 ἦν

414 503 609 558 Postea
667 500 923 557 Veritatis
972 512 1274 556 maternam
1337 499 1641 569 pruniciam
1694 499 1983 570 proferens

414 602 692 666 parentem
751 608 911 648 suum
961 593 1030 648 ad
1072 591 1233 664 169
1275 592 1359 647 sui
1422 606 1662 646 antorem
1696 593 1981 661 pertraxit.

413 683 591 752 Quare
619 682 781 737 ambo
836 681 1154 752 incorrupta
1206 681 1579 751 copulatione,
1606 695 1672 735 ac
1699 695 1985 751 nunquam

414 785 728 833 senescente
761 775 1151 846 conjunctione
1181 775 1460 831 commisti
1507 784 1661 831 sunt.
1692 773 1847 829 Unde
1870 774 1986 843 spi-

414 869 590 933 ritalis
634 867 867 922 marium
928 882 993 922 ac
1038 867 1359 922 feminarum
1439 866 1702 937 quadriga
1760 867 1981 936 prodiit,

414 958 615 1030 prioris
662 959 890 1014 alterius
945 959 1175 1025 similis,
1225 975 1347 1029 qum
1405 960 1472 1014 iis
1500 967 1754 1028 quatuor,
1790 957 1980 1030 Bytlm,

414 1047 560 1119 Sige,
589 1047 771 1111 Patre,
812 1063 875 1102 ac
903 1046 1144 1103 Veritate
1184 1048 1497 1103 conStabat.
1533 1046 1817 1102 Posterior
1853 1063 1985 1102 vero

414 1141 506 1194 illa
557 1156 625 1195 ex
667 1140 828 1197 Patre
880 1156 945 1195 ac
1001 1141 1128 1212 Sige
1172 1140 1434 1211 producta
1473 1140 1585 1193 haec
1629 1146 1745 1193 est:
1788 1138 1980 1203 llomo,

416 1230 695 1297 Ecclesia,
743 1230 979 1295 Sermo,
1036 1230 1180 1285 Vita.
1245 1230 1401 1284 Tune
1462 1231 1984 1309 comprehendentis

412 1323 595 1376 omnia
625 1323 783 1394 Bythi
811 1325 1089 1377 voluntate
1116 1322 1290 1376 Homo
1340 1329 1504 1389 atque
1544 1321 1785 1377 Ecclesia
1804 1334 1983 1392 pater-

412 1428 607 1466 norum
637 1428 953 1468 sermonum
1012 1428 1281 1468 memores
1327 1413 1670 1483 invicemque
1699 1413 1983 1484 congressi

411 1505 771 1558 Prunicorum
821 1505 1054 1563 marium
1120 1520 1183 1559 ac
1258 1504 1580 1559 feminarum
1641 1504 1981 1561 Doderadem

409 1602 768 1664 procrearunt
798 1612 811 1648 :
847 1610 1026 1650 mares
1077 1580 1330 1651 videlicet
1407 1595 1565 1652 istus.
1620 1592 1981 1658 Paracletum,

316 1668 325 1673 ι
410 1685 741 1747 Paternum,
809 1685 1135 1750 Maternum,
1187 1685 1407 1745 Ainum,
1472 1682 1778 1747 Tlieletum,
1839 1686 1983 1754 quod

2086 503 2288 566 Βυθὸς,
2334 503 2495 575 Σιγὴ,
2526 502 2746 573 Πατὴρ,
2776 502 3048 573 Ἀλήθεια.
3096 501 3244 572 Αὕτη
3286 500 3344 554 δὲ
3379 502 3413 572 ἡ
3462 503 3528 556 έκ
3564 501 3658 557 τοῦ

2084 596 2296 666 Πατρὺς
2334 596 2428 649 καὶ
2456 595 2557 665 τῆς
2596 596 2760 666 Σιγῆς
2803 594 3032 667 Τετράς,
3064 593 3403 664 Ἀνθρωπος,
3433 592 3662 665 Ἐκκλη-

2085 688 2193 751 σία,
2229 686 2419 756 Λόγος,
2456 689 2598 757 Ζωή.
2627 687 2758 740 Τότε
2786 686 2879 740 τοῦ
2916 687 3092 740 πάντα
3119 686 3464 757 περιέχοντος
3489 685 3659 740 Βυθοῦ

2085 777 2345 850 θελήματι
2389 780 2418 833 6
2455 778 2771 851 Ἀνθρωπος
2814 778 2909 832 καὶ
2952 780 2987 850 ἡ
3034 776 3329 846 Ἐκκλησία
3378 776 3660 848 πατρικῶν

2088 870 2415 942 μνησθέντες
2442 871 2616 939 λόγων
2642 870 2907 941 συνῄεσαν
2929 869 3161 932 ἑαυτοῖς,
3190 868 3285 922 καὶ
3314 869 3659 922 ἀναδεικνῦσι

2083 962 2366 1017 Δωδεκάδα
2410 961 2750 1034 Προυνείκων
2788 960 3169 1033 ἀρρενόθηλυν.
3203 960 3267 1014 Oi
3313 955 3405 1014 οὖν
3434 959 3661 1033 ἄρῤενές

2085 1054 2191 1105 είσι
2241 1051 2624 1123 Παράκλητος,
2675 1050 2987 1121 Πατρικδς,
3032 1047 3341 1122 Μητρικός.
3392 1048 3661 1113 Ἀείνους,

2083 1142 2336 1214 Θελητὸς,
2372 1144 2401 1196 ὃ
2429 1145 2545 1195 ἐστι
2567 1142 2707 1207 Φῶς,
2739 1139 3240 1212 Ἐκκλησιαστικός.
3275 1140 3341 1192 Ai.
3367 1140 3425 1193 δὲ
3451 1138 3661 1210 θήλειαι

2085 1236 2307 1299 Πίστις,
2337 1235 2523 1295 Ἐλπὶς
2543 1231 2800 1306 ,Ἆγάπη
2822 1275 2836 1299 ,
2876 1234 3127 1296 Σύνεσις,
3166 1231 3437 1302 Μακαρία,
3470 1232 3659 1300 Σοφία.

2088 1326 2379 1397 μετέπειτα
2410 1327 2468 1380 δὲ
2517 1326 2686 1393 Λόγος
2731 1325 2825 1378 καὶ
2871 1326 3014 1393 Ζωή.
3068 1324 3177 1376 Καὶ
3224 1324 3396 1387 αὐτοὶ,
3453 1322 3515 1375 τὸ
3561 1322 3661 1391 τῆς

2084 1418 2341 1481 αἰνέσεως
2385 1417 2794 1481 ἀναπλάσαντες
2838 1415 3068 1487 δώρημα
3087 1457 3100 1479 ,
3132 1416 3344 1477 ἑαυτοῖς
3377 1411 3663 1484 ἐκοινώνη-

2086 1524 2184 1562 σαν
2230 1504 2338 1563 Ἦν
2376 1508 2431 1561 δὲ
2464 1510 2496 1580 ή
2535 1508 2788 1561 κοινωνία
2828 1507 3005 1560 αὐτῶν
3044 1505 3106 1558 τὸ
3132 1504 3363 1576 θέλημα.
3400 1504 3508 1555 Kal.
3540 1519 3663 1555 συν-

2084 1595 2325 1660 ελθόντες
2359 1596 2693 1662 ἁνεδείξαντο
2718 1594 2927 1648 Δεχάδα
2967 1594 3330 1664 Προυνείκων,
3359 1593 3454 1646 καὶ
3483 1591 3663 1645 αὐτῶν

2084 1686 2532 1758 ἀρῤενοθηλειῶν.
2589 1681 2688 1739 Ὧν
2736 1688 2785 1739 οἱ
2836 1686 2935 1756 μὲν
2983 1684 3210 1756 ἀρρενές
3266 1684 3375 1737 είσι
3430 1682 3659 1747 Βύθιος,

409 1777 551 1833 idem
587 1786 671 1833 est
714 1791 777 1832 ac
809 1776 1040 1841 Lumen,
1068 1774 1547 1836 Ecclesiasticum;
1577 1774 1804 1828 feminas
1836 1790 1980 1844 vero,

2087 1778 2416 1850 Ἀγήρατος,
2467 1779 2751 1848 Αὐτοίρυὴς
2769 1819 2784 1840 ,
2815 1777 3145 1848 Μονογενὴς,
3170 1776 3469 1848 Ἀκίνητος.
3502 1768 3661 1830 οὗτοι

408 1866 622 1933 Fidem,
643 1869 828 1946 Spem,
859 1867 1218 1929 Charitatem,
1242 1866 1680 1935 lntelligentiam,
1713 1864 1981 1920 Fortuna-

408 1965 543 2025 tam,
576 1958 932 2030 Sapientiam.
967 1958 1171 2014 Deindc
1202 1955 1395 2012 Sermo
1426 1971 1490 2009 ac
1523 1955 1640 2010 Vita
1670 1957 1834 2012 etiam
1875 1958 1977 2028 ipsi

410 2052 588 2107 laudis
616 2067 814 2106 munus
834 2050 1171 2119 ellingentcs,
1199 2064 1385 2103 secum
1409 2048 1640 2103 invicem
1676 2052 1979 2106 consociati

372 2176 375 2179 η
409 2152 560 2198 sunt.
579 2142 710 2209 Quae
732 2143 950 2212 quidem
968 2142 1306 2197 consociatio
1326 2142 1606 2195 voluntate
1624 2142 1738 2195 sola
1760 2150 1979 2212 peracta

2085 1871 2185 1941 τὴν
2212 1871 2594 1941 προσωνυμίαν
2627 1869 2773 1944 τὴν]
2802 1868 2959 1935 δόξαν
2987 1868 3082 1921 τοῦ
3114 1867 3292 1921 πάντα
3320 1867 3662 1940 περιέχοντος

2090 1964 2429 2033 ἐποιήσαντο.
2469 1964 2531 2014 Δί
2565 1963 2621 2015 δὲ
2659 1962 2889 2032 θήλειαι,
2920 1959 3101 2025 Μίξις,
3127 1960 3379 2023 Ἔνωσις,
3411 1958 3664 2030 Σύγκρα-

2091 2071 2195 2117 σις,
2234 2054 2485 2124 Ἑνότης,
2534 2053 2749 2123 Ἡδονήο
2776 2052 2868 2106 καὶ
2916 2047 3072 2106 αὗται
3125 2049 3223 2121 τὴν
3275 2049 3663 2120 προσωνυμίαν

2089 2145 2168 2207 είς
2203 2144 2360 2211 δόξαν
2387 2144 2486 2214 τῆς
2512 2144 2675 2214 Σιγῆς
2711 2144 3180 2215 περιεποιήσαντο.

407 2244 506 2289 est.
532 2233 672 2302 Ergo
703 2233 846 2287 inter
870 2246 992 2286 sese
1021 2232 1297 2286 commisti
1324 2228 1683 2286 Prunicorum
1716 2230 1976 2286 decadem
2016 2249 2079 2287 ex
2138 2235 2379 2289 maribus
2406 2250 2653 2304 peraque
2691 2249 2753 2289 ac
2787 2234 3005 2289 feminis
3051 2242 3395 2289 constantem
3463 2250 3663 2305 genue-

408 2338 556 2384 runt.
612 2327 784 2397 Cujus
843 2327 895 2381 hi
945 2333 1076 2382 sunt
1130 2341 1347 2391 mares;
1384 2325 1635 2397 Bytliius,
1692 2327 1983 2397 Ageratus,
2023 2327 2658 2401 Autophycs,Unigena,
2711 2324 3121 2382 lunnoltilis.lii
3199 2329 3265 2381 ad
3331 2328 3664 2382 continentis

407 2421 588 2475 omnia
623 2418 1036 2473 contestandam
1069 2418 1296 2488 gloriam
1349 2418 1569 2472 sibimet
1623 2417 1744 2487 ejus
1799 2419 2217 2489 appellationem
2247 2421 2582 2476 indiderunt.
2615 2420 2855 2477 Feminae
2882 2435 3010 2474 vero
3037 2429 3192 2474 sunt:
3227 2420 3407 2476 Mistio
3427 2457 3444 2484 ,
3501 2421 3659 2485 Unio,

409 2508 1022 2582 Temperatio,llnitas,
1056 2508 1343 2580 Voluptas.
1403 2509 1540 2575 Quae
1598 2525 1790 2565 omnes
1848 2511 1914 2566 ad
1967 2510 2231 2567 honorem
2297 2513 2452 2585 Siges
2511 2516 2837 2585 pertinentia
2885 2513 3147 2569 vocabula
3195 2514 3437 2570 similiter
3504 2530 3664 2570 usur-

408 2615 629 2677 parum.

482 2697 567 2755 Vl.
604 2699 741 2753 Cum
764 2698 931 2769 igitur
961 2699 1246 2755 absolutus
1277 2699 1381 2754 hoc
1413 2699 1577 2754 modo
1610 2697 1869 2765 Veritatis
1899 2712 1989 2768 pa-

410 2791 583 2846 rentis
642 2789 997 2847 Tricenarius
1044 2791 1219 2856 foret,
1269 2805 1428 2860 quem
1496 2790 1698 2845 terreni
1743 2789 1990 2844 homines

411 2883 727 2951 ignorantes
768 2888 1059 2936 numerant
1084 2920 1099 2945 ,
1140 2890 1194 2937 et
1227 2897 1351 2937 cum
1377 2860 1470 2936 'ad
1515 2881 1694 2952 ipsum
1729 2894 1991 2953 pervene-

2161 2699 2251 2764 q'.
2282 2675 2831 2768 Τετελειωμένηςόὗν
2860 2696 2958 2767 τῆς
2982 2697 3120 2751 κατὰ
3146 2698 3360 2769 Πατέρα
3383 2698 3663 2770 Ἀληθείας

2092 2786 2409 2860 Τριακάδος,
2447 2791 2512 2859 ἢν
2539 2789 2589 2841 οἱ
2613 2787 2840 2857 ἐπίγειοι
2869 2788 2942 2860 μὴ
2967 2790 3316 2860 ἐπιστάμενοι
3350 2789 3663 2861 ἀριθμοῦσι,

2092 2878 2187 2931 καὶ
2229 2879 2426 2931 ὁπόταν
2463 2878 2688 2931 ἔλθωσιν
2722 2879 2809 2931 ἐπ’
2837 2879 3034 2948 αὐτὴν,
3073 2879 3270 2949 μηκέτι
3307 2878 3540 2950 ἀριθμὸν
3579 2880 3666 2935 εὖ·

407 2973 544 3035 rint,
574 2972 726 3025 nullo
760 2972 994 3043 amplius
1022 2980 1240 3042 reperto
1279 2987 1530 3038 numero,
1570 2972 1765 3028 iterato
1789 2971 1843 3026 in
1870 2985 1982 3027 sese

2098 2963 2415 3040 plcxovrac,
2454 2968 2817 3022 ἀνακυκλοῦσι
2864 2969 3024 3024 πάλιν
3063 2968 3423 3041 ἀριθμοῦντες
3472 2972 3661 3043 αὐτήν.

411 3070 685 3118 τοιθιυηι.
729 3061 1008 3133 Ejusmodi
1043 3072 1225 3120 autem
1271 3063 1361 3120 ille
1393 3073 1515 3120 est:
1547 3064 1788 3136 Bytlius,
1829 3061 1991 3133 Sige,

411 3153 592 3220 Pater,
634 3154 873 3222 Veritas,
919 3154 1111 3216 Homo.
1153 3156 1422 3223 Ecclesia,
1453 3155 1665 3220 Sermo,
1701 3155 1842 3220 Vita,
1885 3153 1992 3209 Pa-

407 3254 624 3309 ternus,
653 3246 955 3310 Maternus,
990 3245 1327 3314 Paracletus,
1365 3243 1862 3313 Ainus,Theletus,
1899 3245 1994 3301 Ec-

405 3338 790 3402 elcsiasticus,
825 3336 1019 3403 Fides,
1052 3336 1223 3409 Spes,
1260 3336 1515 3393 Charitas
1537 3374 1553 3401 ,
1596 3335 1988 3408 lntrlligentia,

411 3429 753 3496 Fortunata,
807 3429 1118 3500 Sapientia,
1164 3429 1412 3501 Bythius,
1465 3428 1762 3499 Ageratus,
1828 3428 1991 3486 Auto-

415 3521 601 3591 phyes,
639 3519 906 3591 Unigena,
937 3520 1262 3583 immobilis,
1302 3518 1497 3584 Mistio,
1529 3517 1801 3588 Cognitio,
1830 3518 1990 3576 Tem-

411 3613 641 3682 peratio,
669 3609 885 3675 Uuitas,
920 3609 1204 3681 Voluptas.
1224 3610 1361 3665 Tum
1382 3612 1475 3682 qui
1500 3611 1754 3667 universa
1778 3625 1987 3667 summa

409 3719 509 3759 sua
532 3704 798 3774 sapientia
832 3704 1072 3758 continet
1103 3701 1411 3775 Ogduadem
1442 3703 1667 3758 alteram
1698 3704 1818 3759 loco
1845 3704 1991 3774 prio-

411 3794 487 3848 ris
518 3793 664 3848 illius
709 3807 772 3847 ac
814 3792 1086 3864 primaria:
1133 3791 1511 3864 appellandam
1548 3808 1671 3849 esse
1706 3799 1985 3857 statuens.

408 3898 530 3955 qua!
559 3883 612 3937 in
647 3882 967 3938 Tricenario
1012 3891 1293 3953 permanet
1331 3883 1530 3953 (neque
1574 3884 1718 3938 enim
1744 3885 1989 3953 ingentes

408 3971 805 4044 Magnitudinis
837 3972 1065 4042 spiritus
1094 3971 1335 4027 coerceri
1368 3973 1481 4026 ullo
1506 3986 1566 4027 se
1588 3988 1818 4027 numero
1841 3972 1988 4027 sine-

409 4066 583 4133 bant).
618 4080 717 4135 pro
744 4064 990 4120 maribus
1028 4077 1206 4118 mares
1234 4063 1371 4117 alios
1415 4062 1728 4130 substituit,
1771 4061 1985 4127 Unum,

407 4159 672 4224 Tertium,
702 4155 990 4223 Quintum,
1008 4154 1346 4225 Septimum:
1373 4154 1709 4225 totidemque
1732 4154 1984 4216 feminas.

409 4246 722 4311 Binarium,
794 4245 1160 4313 Ternarium,
1221 4245 1551 4305 Senarium.
1607 4244 1979 4301 Octonarium.

2099 3060 2254 3113 Ἐστι
2279 3060 2333 3113 δὲ
2362 3059 2551 3123 suam,
2582 3059 2736 3131 Σιγὴ,
2778 3061 2987 3131 Πατὴρ,
3014 3060 3286 3131 Ἀλήθεια,
3321 3060 3661 3134 Ἀνθρωπος,

2093 3150 2407 3222 Ἐκκλησία,
2432 3152 2624 3221 Λόγος,
2656 3150 2799 3222 Ζωὴ,
2832 3150 3123 3222 Πατρικὸς,
3147 3152 3461 3223 Μητρικδς,¹
3481 3155 3667 3226 Παρά-

2094 3244 2310 3315 κλητος,
2336 3244 2592 3310 Ἀείνους,
2623 3242 2876 3315 Θελητδς,
2908 3242 3433 3313 Ἐκκλησιαστικὸς,.
3452 3244 3662 3310 Πίστις,

2093 3334 2302 3400 Ἐλπὶς,
2337 3334 2573 3406 Ἀγάπη,
2613 3333 2858 3399 Σύνεσις,
2901 3334 3194 3406 Μακαρία,
3231 3334 3420 3403 Σοφία,
3450 3335 3660 3400 Βύθιος,

2093 3424 2413 3496 Ἀγήρατος,
2446 3424 2748 3494 Αὐτοφυὴς,
2776 3424 3061 3495 Ὀλογενὴς
3081 3423 3124 3490 ³,
3152 3422 3453 3494 Ἀκίνητος,
3480 3424 3661 3493 Μίξις,

2092 3510 2317 3575 Γνῶσις,
2360 3510 2688 3582 Σύγκρασις,
2729 3512 2970 3583 Ἐνότης,
3017 3511 3229 3584 Ἡδονή.
3262 3513 3396 3567 Τότε
3435 3515 3465 3566 6
3490 3515 3666 3569 πάντα

2090 3604 2360 3676 περιέχων
2403 3604 2616 3658 συνέσει
2664 3607 2729 3676 τῇ
2774 3605 3186 3677 ἀνυπερβλήτῳ,
3231 3605 3567 3677 δογματίσας
3607 3626 3664 3662 τε

2091 3693 2356 3766 κληθῆναι
2385 3696 2578 3768 ἑτέραν
2606 3694 2869 3765 Ὀγδοάδα
2902 3697 3022 3750 ἀντὶ
3045 3696 3146 3767 τῆς
3174 3696 3448 3769 προοὺσης
3473 3699 3665 3753 αὐθεν-

2087 3789 2245 3858 τικῆς
2273 3788 2574 3859 ὀγδοάδος.
2604 3789 2724 3861 ἥτις
2764 3790 2822 3842 ὲν
2863 3788 2940 3859 τῷ
2988 3788 3207 3861 ἀριθμῷ
3242 3790 3342 3861 τῆς
3363 3791 3668 3859 Τριακάδδε

2092 3880 2241 3951 μένει
2290 3882 2371 3951 (οὐ
2422 3881 2531 3954 γὰρ
2572 3876 2642 3954 ἦν
2681 3880 2961 3951 Μεγέθους
3005 3881 3259 3954 φρόνημα
3305 3885 3388 3945 είς
3432 3883 3668 3955 ἀριθμὸν

2088 3970 2350 4042 πίπτειν)⁸
2385 3973 2713 4043 ἀντέστησεν
2758 3972 2880 4026 ἀντὶ
2923 3972 3030 4025 τῶν
3078 3973 3321 4046 ἀρσένων
3347 3974 3477 4039 τοὺς
3508 3976 3667 4047 ἄρσε-

2088 4075 2212 4125 νας,
2258 4062 2468 4126 Μόνον,
2513 4062 2739 4135 Τρίτον,
2783 4063 3073 4135 Πέμπτον,
3115 4062 3413 4133 Ἔθδομον·
3441 4064 3539 4116 καὶ
3566 4064 3665 4128 τὰς

2089 4144 2327 4222 θηλείας,
2367 4133 2573 4217 Δυάδα,
2603 4153 2877 4226 Τετράδα,
2924 4133 3148 4221 ﬁgam,
3193 4154 3471 4223 Ὀγδοάδα.
3499 4156 3664 4227 ,Αὕτη

2086 4240 2179 4297 οὖν
2209 4245 2242 4316 ἡ
2281 4245 2502 4313 Ὀγδοάς
2536 4247 2683 4299 ἐστιν
2710 4249 2742 4318 ή
2777 4246 3160 4317 ἀντικληθεῐσα
3187 4247 3308 4300 ἀντὶ¹
3335 4249 3437 4318 τῆς
3466 4249 3666 4321 προού-

410 4336 571 4407 170
599 4334 724 4389 "38¢
751 4343 834 4389 ρει
878 4336 1093 4407 Ogdoas
1128 4338 1242 4403 illa,
1277 4352 1398 4403 quae
1437 4337 1740 4407 superioris
1768 4335 1982 4406 Ogdoa-

2089 4350 2187 4405 σης
2224 4334 2536 4403 Ὀγδοὰδος·
2575 4336 2765 4402 Βυθοῦ,
2809 4336 3042 4407 Πατρός,
3087 4335 3431 4408 ’Λνθρώπου,
3463 4338 3664 4408 Λόγου,

406 4426 492 4480 dis
519 4442 716 4480 nomen
747 4426 812 4480 ad
856 4441 977 4481 sese
1004 4429 1319 4483 transtulit:
1352 4428 1531 4499 Bythi,
1562 4426 1762 4492 Patris,
1794 4426 1978 4481 licini-

406 4519 513 4579 nis,
557 4516 860 4582 Sermonis,
913 4517 1097 4587 Siges,
1151 4518 1435 4586 Veritatis,
1486 4519 1776 4584 Ecclesiae,
1824 4517 1976 4575 Vitae.

404 4608 537 4677 Quae
569 4610 787 4680 quidem
828 4610 1120 4681 conjuncta
1150 4608 1471 4666 Luminibus
1504 4620 1618 4674 est,
1665 4622 1720 4665 et
1753 4612 1975 4666 absolu-

406 4717 494 4759 tus
522 4704 877 4760 Tricenarius
915 4703 1110 4770 evasit,
1159 4717 1223 4756 ac
1259 4703 1409 4772 prior
1450 4699 1778 4757 Octouarius
1821 4704 1975 4772 quie-

403 4813 586 4861 scens,
607 4814 731 4852 cum
755 4806 810 4853 et
841 4796 1044 4868 Bytlius
1070 4812 1165 4867 per
1187 4794 1571 4866 Maguitndinis
1601 4793 1974 4850 fulcimentum

400 4891 552 4954 exiit,
593 4897 653 4944 ut
695 4905 817 4944 cum
848 4888 1164 4944 Tricenario
1192 4904 1314 4944 sese
1336 4887 1636 4957 copularet.
1670 4886 1804 4943 Vere
1831 4889 1978 4943 enim

397 4989 453 5034 et
475 4980 735 5036 Veritatis
766 4980 929 5037 Pater
974 4964 1105 5036 cum
1140 4980 1384 5034 Ecclesia
1412 4994 1743 5049 congressus
1773 4987 1891 5041 est,
1919 4992 1974 5036 et

401 5070 680 5127 Maternus
707 5069 886 5126 Vitam
933 5071 1163 5126 sortitus
1204 5081 1322 5133 est,
1356 5077 1410 5122 et
1436 5067 1749 5124 Paracletus
1783 5068 1963 5124 Unita—

397 5169 529 5225 tem,
568 5171 623 5214 et
664 5163 859 5217 Unitas
889 5178 1012 5217 cum
1038 5162 1292 5216 Veritatis
1319 5158 1547 5216 Parente
1577 5160 1826 5231 copulata
1866 5171 1968 5224 est,

391 5260 450 5309 ct
487 5266 611 5305 cum
643 5249 770 5322 Sige
804 5251 1064 5307 Veritatis
1101 5253 1189 5308 ille
1218 5251 1422 5308 Parens
1454 5252 1574 5308 fuit.
1604 5254 1674 5307 At
1701 5253 1965 5323 spiritalis

2088 4426 2180 4478 καὶ
2205 4425 2390 4495 Σιγῆς,
2417 4426 2719 4496 Ἀληθείας,
2751 4426 3101 4498 Ἐκκλησίας,
3128 4428 3303 4498 Ζωῆς’
3328 4429 3453 4499 ἥτις
3476 4429 3663 4502 ήνὼθη

2083 4522 2194 4583 τοῖς
2221 4520 2365 4572 Φωσὶ
2402 4520 2548 4590 (68),
2589 4521 2681 4572 καὶ
2719 4520 2937 4588 ἐγένετο
2980 4518 3222 4590 Τριακάς
3251 4520 3663 4592 ἀπηρτισμένη,

2083 4612 2177 4665 καὶ
2210 4614 2242 4684 ή
2278 4612 2521 4685 προοῦσα
2565 4612 2789 4681 Ὀγδοάς
2833 4613 3256 4683 ἀναπαυομένη,
3304 4612 3334 4664 ὅ
3376 4628 3437 4665 τε
3493 4612 3661 4677 Βυθὸς

2082 4700 2269 4772 ἐξῆλθε
2312 4702 2587 4770 Μεγέθους
2631 4701 2961 4774 στηρίγματι
2994 4702 3255 4772 ὲνωθῆναι
3286 4703 3353 4773 τῇ
3395 4702 3665 4774 Τριακάδι

2081 4794 2219 4866 αὑτὴ
2260 4790 2326 4864 ἦν
2354 4795 2394 4847 ⁸.
2430 4795 2508 4866 Τῇ
2539 4793 2648 4866 γὰρ
2694 4793 2922 4868 ἀληθείᾳ
2964 4794 3060 4849 καὶ
3090 4798 3119 4848 6
3147 4794 3335 4866 Πατήρ
3376 4797 3477 4866 τῆς
3505 4796 3669 4867 Ἀλη-

2066 4884 2226 4961 θείας
2263 4886 2562 4956 συνήρχετο
2593 4889 2660 4959 τῇ
2692 4886 3022 4958 Ἐκκλησία,
3053 4885 3149 4940 καὶ
3173 4888 3202 4940 6
3233 4885 3519 4956 Μητρικὸς
3548 4882 3667 4957 εἶχε

2072 4978 2172 5047 τὴν
2202 4976 2372 5048 Ζωὴν,
2399 4978 2495 5031 καὶ
2514 4979 2543 5030 6
2566 4978 2925 5049 Παράκλητος
2950 4979 3049 5050 τὴν
3082 4978 3294 5041 Ἐνάδα,
3319 4978 3415 5031 καὶ
3439 4979 3474 5049 ὴ
3502 4977 3662 5042 Ἐνάς

2069 5068 2263 5139 ήνοῦτο
2294 5068 2371 5140 τῷ
2418 5070 2594 5141 Πατρὶ
2637 5069 2740 5140 τῆς
2763 5070 3083 5141 Ἀληθείας,
3127 5071 3220 5124 καὶ
3247 5072 3275 5123 6
3317 5067 3512 5140 Πατὴρ
3559 5068 3666 5139 τῆς

2069 5160 2347 5231 Ἀληθείας
2370 5157 2441 5235 ἦν
2468 5161 2604 5233 μετά
2627 5161 2726 5232 τῆς
2742 5162 2929 5232 Σιγῆς.
2947 5163 3005 5216 '0
3031 5164 3201 5231 Λόγος
3219 5156 3275 5217 δὲ
3301 5163 3329 5215 6
3358 5178 3666 5234 πνευματι-

2068 5254 2161 5319 κὸς
2174 5255 2445 5308 ἐκοινώνει
2470 5253 2767 5323 Πνεύματι,
2784 5255 2876 5307 καὶ
2894 5254 3157 5325 ἀφθάρτῳ
3174 5254 3477 5325 συγκράσει
3492 5252 3669 5307 ποιῶν

478 5428 495 5460 ¹
526 5424 589 5483 F.
620 5426 915 5501 προούσης.
988 5431 1009 5461 ¹
1045 5426 1106 5486 F.
1142 5431 1224 5495 εἰς
1252 5430 1374 5501 τήν.
1449 5429 1471 5462 ³
1495 5429 1621 5485 Cor.
1656 5428 1982 5501 Μονογενής.

2114 5428 2175 5483 F.
2213 5432 2247 5501 ἡ
2281 5430 2527 5502 Τριακάς
2566 5429 2707 5503 αὕτη
2728 5425 2819 5503 ἦν,
2844 5429 2941 5486 sed
2969 5431 3083 5485 hazc
3115 5436 3396 5496 corrupta.

460 5602 574 5668 (68)
601 5602 761 5681 ᾜτις
794 5601 995 5672 ἠνώθη
1022 5603 1146 5681 τοῖς
1179 5605 1362 5659 Φωσί.
1401 5604 1544 5671 Quid
1595 5608 1640 5662 si
1677 5606 1839 5660 αίῶσι
1877 5621 1977 5677 pro

2087 5609 2156 5661 ισί
2201 5608 2484 5681 legendum
2520 5609 2625 5664 sit?
2666 5607 2779 5665 Sed
2845 5624 2970 5678 quae
3029 5616 3338 5679 sequuntur
3392 5601 3660 5678 perplexa

399 5683 527 5730 sunt
560 5674 875 5744 admodum,
907 5683 963 5731 et
995 5676 1250 5732 obscura.
