3956 6070
222 293 349 349 ’485

880 324 887 329 λ
924 352 931 361 1
991 285 1362 342 ADVERSUS
1402 284 1746 341 IIERESES
1786 283 1912 338 LIB.
1956 283 1995 337 ι.
2036 282 2203 340 ΤΟΜ.
2248 285 2313 338 II.
2353 314 2423 327 —-
2462 283 2739 340 "IERES.
2781 282 2972 339 XXXI.

3449 281 3564 344 586

253 415 317 464 τὸ
335 408 493 473 τέλος
528 406 629 461 τοῦ
656 408 1009 478 Δύτομήτρος
1032 406 1076 471 ¹,
1113 405 1500 478 ἀδιχοτόμητον
1534 406 1632 477 τὴν
1655 403 1849 458 ἑαυτοῦ

1958 404 2151 460 Sermo
2201 420 2326 460 cum
2396 406 2605 477 Spiritu
2661 406 2976 475 incorrupta
3024 401 3263 476 quadam
3315 402 3553 460 commi-

251 500 587 555 ἀνάπαυσιν.
605 498 669 551 Ἣ
693 492 787 551 οὖν
808 495 1074 566 Τριακάς,
1097 496 1448 568 ἀπαρτίσασα
1477 494 1635 567 βύθια
1651 496 1855 567 μυστή-

251 608 362 662 ρια,
399 588 626 654 τελείως
664 590 879 660 ἄγαμον
909 590 930 620 ³
972 590 1032 641 ὲν
1069 588 1367 660 ἀφθάρτοις
1407 588 1659 655 ἀπέδειξε
1700 585 1855 657 φῶτα

253 680 535 752 ἄφθαρτα,
584 679 746 733 ἅτινα
776 677 997 750 Ἐνότης
1021 677 1041 709 ³
1079 678 1477 751 ὠνομάσθησαν
1513 678 1713 743 τέκνα,
1761 679 1856 733 καὶ

248 773 729 845 ἀχαρακτήριστα.
757 766 937 825 Ἶὶσαν
970 765 1063 825 οὖν
1100 770 1298 844 μικροῦ
1336 772 1411 844 μὴ
1444 770 1854 843 παρακειμένου

247 866 405 926 me;
442 864 761 936 φρονήσεως
785 862 1176 935 ἀναπαυόμενα
1220 865 1388 935 χωρὶς
1417 856 1676 928 Ἐννοίας.
1719 863 1856 933 Περὶ

248 958 357 1031 γὰρ
380 953 443 1014 οὗ
461 975 546 1023 τις
562 958 820 1030 πράσσει,
840 957 935 1011 ὲάν
961 957 1035 1029 μὴ
1054 959 1146 1028 νοῇ
1163 956 1489 1023 καθολικῶς,
1510 958 1572 1011 οὐ
1599 956 1853 1028 πράσσει.

249 1053 386 1108 Τότε
407 1051 716 1122 γενομένων
730 1050 840 1104 τῶν
862 1051 1076 1120 φώτων,
1093 1043 1280 1121 ὧντὴν
1294 1049 1696 1121 πολυπλήΟειαν
1718 1049 1856 1121 πρὸς

247 1143 482 1218 ἀριθμὸν
506 1141 741 1208 ἐξειπεῖν
756 1140 857 1195 οὐκ
873 1141 1190 1209 ἀναγκαῖον,
1207 1141 1480 1212 περινοεῖν
1496 1138 1574 1192 δέ·
1598 1138 1855 1207 (ἕκαστον

248 1236 358 1308 γὰρ
376 1235 439 1290 τὸ
477 1234 607 1289 ἴδιον
633 1233 805 1304 ὄνομα
826 1230 1171 1305 κεκλήρωται
1201 1232 1266 1285 δι’
1284 1230 1580 1300 ἐπίγνωσιν
1598 1231 1854 1303 ἀρρήτων

251 1328 622 1400 μυστηρίων·)
649 1329 681 1395 ἡ
715 1320 807 1378 οὖν
835 1322 990 1395 Σιγὴ.
1019 1321 1343 1395 βουληθεῖσα
1362 1324 1442 1386 είς
1464 1320 1692 1391 ἐκλογὴν
1713 1319 1859 1389 γνώ-

250 1437 392 1483 σεως
417 1420 664 1481 ἅπαντας
690 1409 856 1473 ὦσαι.
898 1413 1099 1484 συνῆγε
1144 1416 1210 1483 τῇ
1245 1410 1472 1484 δευτέρᾳ
1509 1410 1853 1483 ἀντιτεθείσῃ

250 1510 498 1578 Ὀγδοάδι
542 1507 805 1579 ἀφθάρτῳ
849 1504 1032 1575 μίξει,
1072 1506 1225 1575 νοῖκῇ
1256 1504 1313 1556 δὲ
1348 1502 1619 1574 βουλήσει.
1655 1497 1764 1554 Ἦν
1795 1501 1852 1554 δὲ

251 1602 432 1672 αὐτῆς
462 1603 496 1672 ἡ
528 1597 682 1671 νοῖκὴ
708 1597 959 1669 βούλησις
981 1595 1205 1666 Πνεῦμα
1222 1594 1284 1647 τὸ
1313 1594 1489 1661 ἅγιον,
1521 1593 1582 1646 τὸ
1611 1594 1668 1648 ὲν
1699 1592 1848 1663 μέσῳ

251 1696 361 1750 τῶν
393 1695 565 1763 ἁγίων
598 1690 957 1759 Ἐκκλησιῶν.
1006 1685 1177 1740 Τοῦτο
1217 1682 1309 1739 οὖν
1339 1687 1419 1750 εἰς
1452 1686 1551 1755 τὴν
1572 1684 1848 1755 ,δευτέραν

1965 497 2143 553 stiooe
2175 497 2505 568 coniunctus
2552 507 2668 562 est,
2710 504 2764 552 et
2795 494 3168 551 Autometoris
3207 492 3405 560 finem,
3440 493 3564 555 hoc

1965 599 2052 647 est
2091 605 2407 661 perennem,
2431 604 2536 645 nec
2573 590 2935 660 interruptam
2963 587 3201 658 quietem
3231 600 3389 643 suam
3420 585 3556 643 effe-

1957 681 2455 761 cit.,Quamobrem
2484 680 2577 736 ubi
2606 679 2961 736 Tricenarius
2992 677 3263 749 profunda
3300 678 3390 734 illa
3436 693 3558 751 my-

1959 771 2130 826 8teria
2163 771 2412 842 peregit,
2458 770 2580 826 sine
2615 771 2741 826 ullis
2772 770 2997 824 omnino
3029 767 3260 840 nuptiis,
3294 769 3557 826 utincor-

1958 871 2120 934 rupto
2164 868 2606 935 sempiternoque
2653 862 2839 935 generi
2892 861 3186 926 convenit,
3231 862 3557 932 incorrupta

1956 952 2142 1010 itidem
2171 955 2395 1020 lumina,
2428 970 2550 1025 quze
2583 951 2775 1009 Unitas
2812 953 3178 1023 appellantur,
3210 960 3468 1025 tanquam
3499 952 3557 1007 θ-

1927 1045 2061 1102 'lios
2092 1047 2371 1119 produxit,
2407 1055 2462 1103 et
2494 1046 2713 1117 quidem
2757 1046 3039 1101 informes.
3085 1043 3350 1101 Jacebaut
3382 1046 3555 1117 igitur

1956 1139 2350 1210 propemodum
2397 1139 2756 1209 intelligentia
2785 1136 2937 1193 omni
2983 1137 3247 1197 destituta
3273 1178 3289 1203 ,
3332 1152 3398 1193 ac
3430 1138 3591 1195 siue’

1957 1234 2068 1288 ulla
2114 1232 2282 1287 animi
2328 1232 2551 1287 notione
2597 1231 2972 1301 quiescebant.
3011 1229 3286 1301 Quidquid
3333 1231 3479 1285 enim
3517 1247 3552 1287 a

1954 1324 2210 1396 quopiam
2254 1324 2469 1396 agitur,
2526 1324 2595 1379 ab
2655 1339 2760 1381 eo.
2804 1323 2914 1379 nisi
2963 1324 3219 1379 universe
3257 1324 3548 1394 intelligat,

1954 1418 2133 1492 agitur
2162 1416 2322 1471 nihil.
2363 1414 2522 1470 Hunc
2558 1416 2611 1469 iu
2639 1413 2861 1471 modum
2893 1416 3199 1485 procreatis
3225 1416 3547 1482 luminibus,

1952 1523 2186 1578 quorum
2217 1507 2627 1563 multitudinem
2658 1506 3002 1562 numerando
3040 1522 3375 1577 percensere
3403 1509 3545 1565 nihil

1956 1614 2183 1655 necesse
2232 1608 2345 1666 est,
2396 1599 2583 1654 animo
2626 1614 2756 1654 vero
2814 1598 3286 1670 comprehendere
3331 1609 3549 1671 oportet

1953 1692 2101 1760 (nam
2137 1691 2567 1761 unumquodque
2618 1705 2775 1745 suam
2827 1690 3246 1761 appellationem
3294 1694 3547 1749 sortitum

252 1786 514 1857 Ὀγδοάδα
541 1784 761 1855 πέμψας
781 1782 824 1843 ⁸,
849 1781 1034 1835 ἔπεισε
1065 1779 1160 1832 καὶ
1190 1779 1360 1849 αὐτὴν
1393 1778 1656 1848 ἐνωθῆναι
1681 1778 1840 1849 αὐτῇ.

1954 1791 2053 1846 est,
2081 1798 2204 1854 quae
2234 1798 2301 1839 ex
2326 1797 2661 1838 arcanorum
2690 1783 3077 1853 mysteriorum
3124 1785 3441 1855 cognitione
3476 1787 3567 1847 de-

253 1880 438 1949 Γάμος
468 1873 561 1931 οῦν
595 1874 894 1929 ἐτελειοῦτο
924 1874 979 1925 ἐν
1009 1873 1123 1934 τοῖς
1149 1870 1250 1940 τῆς
1291 1868 1570 1939 ὐγδοάδος
1600 1870 1842 1940 μέρεσιν,

252 1967 547 2037 ἑνουμένου
589 1963 683 2018 τοῦ
733 1962 886 2032 ἁγίου
934 1960 1252 2031 Πνεῦματος
1295 1959 1372 2029 τῷ
1403 1959 1584 2030 Μὸνῳ,
1622 1950 1717 2012 scil.
1748 1960 1849 2031 τῆς

251 2059 457 2123 Δυάδος
483 2057 562 2128 τῷ
596 2056 797 2127 Τρίτῳ,
829 2054 922 2108 καὶ
948 2052 1042 2107 τοῦ
1074 2051 1271 2124 Τρίτου
1298 2053 1363 2123 τῇ
1406 2049 1605 2116 Ἐξάδι,
1632 2051 1724 2104 καὶ
1749 2052 1847 2121 τῆς

252 2150 543 2220 Ὀγδοάδος
575 2148 655 2219 τῷ
700 2147 943 2219 Ἑϐδόμῳ
962 2188 977 2213 ,
1009 2145 1104 2200 καὶ
1135 2143 1230 2198 τοῦ
1267 2143 1527 2215 Ἑϐδόμου
1558 2145 1623 2215 τῇ
1659 2143 1844 2208 Δυάδι,

253 2247 353 2298 καὶ
406 2243 762 2313 τῆςοἙξάδος
808 2241 886 2313 τῷ
933 2240 1197 2311 Πέμπτῳ.
1250 2238 1388 2308 Ὅλη
1441 2238 1498 2291 δὲ
1543 2238 1576 2307 ή
1625 2234 1848 2302 Ὀγδοὰς

256 2334 488 2406 συνῆλθε
517 2335 655 2405 μετὰ
680 2333 876 2404 ἡδονῆς
912 2332 1191 2403 ἀγηράτου
1211 2331 1306 2384 καὶ
1320 2329 1598 2400 ἀφθάρτου
1627 2327 1845 2399 μίξεως.

256 2429 334 2481 Οὐ
368 2428 477 2499 γάρ
509 2423 577 2498 ἦν
602 2425 883 2497 χωρισμὸς
916 2424 1178 2493 ἀλλήλων·
1208 2418 1276 2491 ἦν
1303 2422 1357 2475 δὲ
1394 2420 1697 2511 σύγκρασις
1728 2418 1845 2490 μεθ’

254 2520 449 2592 ἡδονῆς
494 2517 748 2589 ἀμώμου,
794 2518 889 2570 καὶ
933 2514 1171 2580 ἀνέδειξε
1219 2512 1461 2567 Πεντάδα
1507 2509 1849 2582 Προυνείκων

258 2609 597 2682 ἀθηλύντων,
627 2601 702 2662 ὧν
736 2607 804 2660 τὰ
832 2607 1072 2679 ὀνόματά
1103 2607 1219 2659 ἐστι
1254 2604 1426 2658 ταῦτα
1445 2620 1460 2633 ο
1501 2600 1847 2673 Καρπιστὴς,

270 2701 580 2775 Ὀροθέτης,
610 2700 999 2771 Χαριστήριος,
1035 2698 1266 2767 ’Δφετος
1287 2735 1302 2759 ,
1333 2691 1720 2763 Μεταγωγεύς.
1747 2687 1850 2747 Οὗ-

255 2813 341 2850 τοι
381 2796 483 2867 τῆς
524 2794 837 2863 Μεσότητος
886 2790 1284 2864 ὠνομάσθησαν
1334 2788 1458 2841 υἱοί.
1492 2785 1761 2857 Βούλομαι
1793 2785 1848 2839 δὲ

258 2887 408 2960 ὑμᾶς
441 2887 764 2957 γινώσκειν,
815 2884 1081 2956 Ἀμψίου,
1127 2881 1341 2955 Αὐρὰν,
1382 2878 1655 2944 Κουκουά,
1701 2878 1848 2949 Θαρά

255 2980 436 3046 ϐοτοῦ,
473 2977 813 3044 οὑϐουκουά,
843 2975 1178 3049 θαρδεδδεῖν,
1208 2972 1449 3065 Μερεξά,
1492 2971 1679 3065 ’ᾼτάρμ
1705 2972 1848 3043 Βαρ-

258 3069 329 3123 ϐα
361 3069 416 3133 ⁸,
466 3067 748 3132 Οὐδουκά,
790 3065 1029 3136 Κέστην,
1071 3061 1337 3134 Οὐδουάχ,
1379 3061 1594 3134 Ἐσλὴν,
1648 3062 1845 3133 ’Δμφὲ,

255 3159 597 3230 Ναισουμὲν,
663 3158 954 3223 Οὐανανὶν,
990 3155 1331 3229 Λαμεταρδὲ,
1363 3154 1839 3227 Ἀθαμεσσουμὴν,

256 3251 532 3324 Ἀλλωρὰ,
576 3250 887 3314 Κουϐιαθά,
922 3248 1220 3321 Ναδδαρὶα,
1260 3245 1491 3319 Δαμμὰ,
1524 3245 1706 3318 Ὠρὴν,
1738 3247 1845 3299 Λα-

256 3346 454 3416 ναφὲκ,
498 3344 799 3414 Οὐδανφὲχ,
853 3339 1241 3412 Ἑνφοιθιϐοχὲ,
1270 3338 1843 3411 ΒαρμηἊσσιουαχὲ,

258 3438 451 3507 Βελὶμ,
480 3436 805 3507 Δεξαριχὲμ,
835 3434 1060 3504 Μασέμ.

1951 1874 2240 1945 promitur)
2278 1890 2292 1927 :
2332 1875 2401 1930 ad
2449 1874 2693 1933 scientia:
2742 1873 3014 1930 delectum
3066 1869 3368 1946 perpellere
3419 1880 3546 1933 uni-

1951 1981 2139 2022 versos
2167 1965 2295 2038 Sige
2322 1966 2570 2038 cupiens,
2621 1967 2687 2022 ad
2740 1970 3041 2023 secundam
3074 1970 3548 2041 substitutamque

1951 2056 2101 2111 illam
2145 2058 2263 2111 loco
2296 2058 2522 2113 alterius
2556 2058 2870 2128 Ogdoadem
2919 2059 3167 2128 adjunxit
3190 2101 3205 2125 ,
3236 2062 3547 2132 corruptela

1951 2150 2132 2204 onmis
2164 2160 2384 2220 experte
2423 2149 2856 2220 conjunctione,
2916 2150 3013 2207 sed
3063 2153 3345 2209 voluntate
3397 2154 3547 2224 ejus-

1955 2240 2102 2294 modi
2156 2256 2278 2311 quae
2321 2241 2423 2296 sub
2480 2241 2897 2312 intelligentiam
2947 2241 3187 2298 caderet.
3221 2243 3546 2312 Cuiusmodi

1951 2330 2247 2385 voluntatis
2280 2330 2518 2402 impetus
2554 2331 2799 2402 Spiritus
2828 2340 3055 2386 sanctus
3095 2339 3200 2395 est,
3227 2333 3323 2403 qui
3354 2334 3408 2387 in
3431 2350 3550 2391 me-

1950 2422 2041 2477 dio
2076 2432 2391 2477 sanctarum
2428 2422 2797 2478 Ecclesiarum
2831 2424 3056 2478 residet.
3094 2422 3268 2491 Quem
3301 2441 3428 2480 cum
3459 2441 3549 2482 se-

1910 2550 1915 2553 -
1951 2513 2189 2568 cundam
2224 2512 2290 2567 ad
2314 2510 2626 2584 Ogdoadem
2657 2513 2969 2584 allegasset,
2987 2515 3036 2569 ei
3060 2518 3333 2586 persuasit
3354 2532 3545 2573 secum

1951 2612 2012 2660 ut
2040 2604 2157 2675 ipsa
2190 2606 2562 2676 copularetur.
2603 2603 2873 2671 Quocirca
2921 2607 2974 2661 in
3014 2607 3245 2679 singulis
3273 2606 3552 2680 Ogdoadis

1952 2694 2201 2764 partibus
2229 2695 2522 2750 celebratae
2542 2697 2747 2765 nuptiae
2776 2704 2928 2752 sunt.
2950 2694 3234 2767 Siquidem
3261 2712 3387 2754 cum
3422 2698 3551 2756 Uno

1953 2785 2192 2857 Spiritus
2222 2795 2447 2841 sanctus
2475 2788 2806 2858 conjunctus
2832 2795 2918 2842 est
2952 2806 2966 2842 :
2997 2802 3124 2843 cum
3154 2788 3344 2845 Tertio
3371 2789 3541 2863 Dyas,

1950 2877 2168 2936 Tertius
2198 2870 2322 2935 cum
2358 2877 2576 2935 Hexade
2598 2920 2612 2942 ,
2651 2887 2708 2936 et
2737 2894 2864 2936 cum
2892 2878 3139 2950 Septimo
3169 2879 3410 2954 Ogdoas,
3447 2884 3548 2940 Se-

1951 2972 2158 3042 ptimus
2191 2986 2315 3026 cum
2357 2970 2560 3043 Dyade.
2597 2988 2721 3027 cum
2747 2972 2954 3041 Quinto
2986 2972 3187 3032 ﬂexas.
3215 2974 3295 3030 Ita
3331 2975 3551 3046 Ogdoas

1953 3062 2209 3117 universa
2243 3079 2521 3134 nunquam
2548 3073 2921 3119 marcescente
2952 3067 3251 3138 voluptate,
3275 3077 3439 3141 atque
3465 3071 3549 3125 in-

1878 3136 1920 3195 c
1953 3166 2102 3226 tegra
2162 3155 2590 3227 ineorruptaque
2639 3156 2898 3213 mistione
2946 3136 3553 3231 cetijungitur.'Nttlla

1954 3248 2154 3317 quippe
2202 3245 2271 3299 ab
2311 3246 2545 3302 invicem
2592 3247 2869 3317 separatio
2900 3247 3001 3302 fuit
3028 3264 3045 3300 :
3077 3250 3172 3305 sed
3205 3261 3393 3307 mutua
3425 3268 3552 3308 om-

1951 3337 2103 3391 nium
2129 3352 2254 3391 cum
2276 3336 2666 3393 honestissima
2692 3337 2972 3407 voluptate
3007 3341 3348 3410 temperatio.
3386 3343 3550 3415 171

1954 3427 2029 3482 Et
2069 3442 2177 3498 qua
2218 3427 2582 3483 Prunicorum
2614 3428 2864 3485 muliebri
2891 3445 3026 3487 sexu
3067 3435 3371 3488 carentium
3407 3434 3548 3504 Qui-

260 3533 454 3587 narius
481 3531 764 3592 exoritur,
800 3529 958 3596 cujus
1006 3526 1121 3580 lnec
1151 3531 1281 3579 sunt
1345 3522 1609 3579 vocabula
1645 3542 1658 3577 :
1700 3521 2002 3594 Carpistes,
2070 3520 2439 3586 Horotbetes,
2494 3521 2896 3591 Charisterius,
2936 3525 3216 3597 Aphetus,
3270 3526 3549 3602 Mtthago-

260 3642 423 3697 gens.
454 3625 519 3681 lli
568 3622 961 3680 Mediocritatis
986 3621 1080 3675 lilii
1109 3621 1285 3675 vocati
1309 3627 1459 3675 sunt.
1486 3618 1657 3674 Velim
1685 3628 1867 3692 autem
1907 3633 1935 3671 a
1960 3617 2115 3675 vobis
2142 3618 2424 3689 cognosci,
2450 3618 2702 3689 Ampsiu,
2736 3620 2945 3687 Auran,
3006 3621 3215 3688 Cucua,
3268 3624 3551 3706 'l'ha'rdus,

260 3717 519 3785 ULucua,
552 3714 924 3778 Thardeddin,
954 3712 1378 3788 MerexaaAtar,
1421 3710 1617 3773 Barba,
1647 3708 1858 3774 Uduca,
1903 3707 2125 3773 Cesten,
2156 3707 2422 3772 Uduach,
2485 3706 2686 3774 Eslen,
2728 3710 2961 3781 Amplie,
3007 3712 3318 3782 Naesumen,
3361 3716 3548 3774 Vana-

262 3817 379 3881 uin,
405 3811 750 3877 Lametarde,
796 3810 1256 3866 Athamessumeu
1277 3845 1294 3871 ,
1325 3805 1536 3870 Allora,
1566 3804 1859 3873 Cubiatlia,
1896 3802 2194 3869 Naddaria,
2231 3802 2492 3871 Damma,
2550 3801 2695 3858 Oren
2721 3841 2736 3868 ,
2809 3802 3142 3874 Lanaphec,
3176 3807 3550 3879 Udanphech.

265 3907 769 3984 Emphmthiboehe,
821 3904 1015 3970 Barra,
1049 3901 1411 3967 AsSiovache,
1449 3898 1644 3963 Bclim,
1677 3896 2057 3963 Dexarichem,
2089 3895 2318 3952 Masem.

427 4026 815 4097 Πεπλήρωται
844 4025 917 4079 τὰ
945 4023 1065 4079 ἀπὸ
1088 4022 1208 4077 τῶν
1246 4019 1688 4078 Οὐαλεντίνων.

338 4144 412 4197 Z'.
446 4143 557 4196 Καὶ
593 4138 766 4194 ταῦτα
801 4138 899 4211 μὲν
940 4136 1048 4193 ἀπὸ
1094 4136 1297 4208 μέρους
1339 4134 1448 4188 τῶν
1501 4132 1721 4205 βιϐλίων
1752 4134 1850 4187 αὺ-

262 4238 369 4291 τῶν
400 4232 776 4307 παρατεθέντα
817 4231 923 4295 ἓως
957 4223 1059 4283 ὧδέ
1104 4246 1195 4301 μοι
1231 4226 1490 4298 εἰρήσθω.
1525 4227 1852 4298 Ἐποιήσατο

261 4327 317 4380 δὲ
361 4318 519 4387 οὗτος
559 4321 621 4376 τὸ
666 4322 929 4394 κήρυγμα
958 4319 1053 4374 καὶ
1085 4321 1142 4371 ὲν
1185 4316 1467 4388 Αἰγύπτῳ,
1500 4317 1623 4373 ὅθεν
1663 4316 1728 4388 δὴ
1756 4318 1851 4370 καὶ

264 4420 339 4481 ὡς
365 4416 594 4485 λείψανα
631 4412 843 4485 ἐχίδνης
871 4410 1074 4465 ὀστέων
1104 4408 1188 4462 ἔτι
1219 4410 1278 4463 ὲν
1313 4408 1574 4480 Αἰγύπτῳ
1608 4408 1849 4480 περιλεί-

264 4526 423 4561 πεται
453 4506 644 4559 τούτου
672 4507 705 4576 ἡ
734 4503 932 4576 σπορὰ,
962 4503 1018 4556 ἐν
1039 4519 1098 4555 τε
1127 4502 1205 4577 τῷ
1224 4501 1527 4573 Ἀθριϐίτῃ,
1553 4502 1647 4554 καὶ
1674 4502 1851 4572 Προσ-

264 4597 466 4667 ωπίτῃ,
504 4595 599 4649 καὶ
626 4592 966 4664 Ἀρσενοῒτῃ,
1004 4591 1100 4644 καὶ
1129 4590 1394 4664 Θηϐαἳδῃ,
1423 4591 1519 4644 καὶ
1547 4594 1658 4654 τοῖς
1698 4590 1851 4643 κάτω

268 4687 459 4758 μέρεσι
493 4685 593 4756 τῆς
624 4683 926 4755 παραλίας.
952 4683 1047 4736 καὶ
1071 4680 1656 4754 Ἀλεξανδρειοπολίτῃ.
1687 4681 1866 4736 Ἀλλά

267 4778 355 4830 καὶ
390 4777 449 4828 ὲν
503 4773 693 4848 Ῥώμῃ
734 4771 974 4827 ἀνελθὼν
1019 4773 1344 4844 κεκήρυχεν.
1396 4773 1491 4835 Εἰς
1536 4772 1758 4843 Κύπρον
1792 4772 1848 4825 δὲ

268 4865 560 4938 ἐληλυθὼς,
605 4865 681 4928 ὡς
724 4863 982 4933 ναυάγιον
1027 4863 1275 4927 ὑποστὰς
1312 4863 1471 4933 φύσει
1500 4865 1845 4936 σωματικῶς,

265 4959 359 5030 τῆς
391 4959 632 5020 πίστεως
661 4957 853 5029 ἐξέστη
871 4997 885 5021 ,
914 4956 1009 5011 καὶ
1034 4956 1126 5010 τὸν
1157 4954 1283 5008 νοῦν
1310 4954 1610 5027 ἐξετράπη.
1636 4955 1851 5026 Ἐνομί-

267 5050 385 5115 ζετο
418 5050 528 5122 γὰρ
555 5049 661 5121 πρὸ
682 5048 873 5103 τούτου
903 5049 1066 5120 μέρος
1086 5046 1233 5116 ἔχειν
1255 5046 1538 5111 εὐσεϐείας
1560 5047 1655 5101 καὶ
1683 5046 1851 5118 ὀρθῆς

267 5142 499 5205 πίστεως
550 5143 610 5194 ἐν
656 5142 770 5204 τοῖς
824 5139 1244 5212 προειρημένοις
1287 5138 1495 5201 τόποις.
1554 5138 1641 5190 Ἑν
1685 5137 1741 5191 δὲ
1780 5140 1847 5211 τῇ

269 5235 474 5305 Κύπρῳ
518 5234 708 5288 λοιπὸν
752 5234 834 5297 εἰς
878 5232 1103 5303 ἔσχατον
1154 5230 1409 5295 ἀσεϐείας
1450 5229 1701 5302 ὲλήλακε,
1753 5232 1851 5285 καὶ

267 5326 524 5380 ὲϐἑιθυνεν
561 5326 754 5379 ἑαυτὸν
799 5328 858 5380 ἐν
901 5324 1072 5397 ταύτῃ
1118 5326 1186 5397 τῇ
1231 5323 1709 5399 καταγγελλομένη
1754 5325 1847 5381 ὑπ’

270 5419 329 5471 αὖ
337 5418 426 5472 τοῦ
465 5418 763 5490 μοχθηρίᾳ.

169 5516 179 5522 ’
334 5509 495 5577 Λέγει
524 5508 580 5562 δὲ
611 5508 776 5571 αὐτός
808 5525 868 5561 τε
897 5507 990 5562 καὶ
1022 5508 1074 5561 oi
1119 5505 1290 5560 αὐτοῦ
1319 5505 1412 5559 τὸν
1448 5505 1656 5579 Κύριον
1689 5508 1846 5581 ἡμῶν

270 5599 470 5671 Ἰησοῦν
496 5600 754 5673 Χριστὸν,
780 5600 854 5663 ὡς
883 5598 1038 5670 ἔφην,
1079 5598 1171 5652 καὶ
1197 5597 1425 5669 Σωτῆρα
1454 5598 1551 5655 καὶ
1583 5601 1843 5671 Χριστὸν,

2023 4019 2293 4075 Hactenus
2334 4034 2400 4073 ex
2443 4019 2662 4106 ﬁlerunt
2721 4017 2875 4074 libris
2906 4035 2968 4073 ea
3023 4018 3471 4088 deprompaimus.

2022 4132 2135 4188 Vll.
2161 4132 2432 4189 Przeterea
2454 4132 2506 4187 in
2527 4131 2763 4206 Egypto
2793 4148 3009 4204 qunque
3034 4134 3291 4204 dogmata
3317 4135 3409 4190 illa
3440 4154 3543 4194 sua

1953 4227 2284 4299 prorogavit.
2325 4226 2403 4281 Ex
2442 4242 2553 4297 quo
2602 4234 2887 4298 tempore,
2921 4227 3002 4281 sic
3035 4234 3302 4298 tauquam
3336 4228 3545 4300 viperi-

1955 4311 2150 4373 norum
2182 4317 2394 4373 ossium
2441 4316 2728 4387 reliquite,
2769 4315 3020 4388 quaedam
3070 4317 3185 4372 illic
3226 4320 3441 4374 semina
3475 4320 3545 4376 il-

1886 4446 1925 4500 ο
1957 4412 2062 4466 lius
2096 4408 2286 4465 relicta
2317 4415 2478 4473 sunt,
2511 4409 2816 4477 praesertim
2851 4410 2903 4463 iu
2942 4409 3544 4483 ‘Athribitide,Proso~

1956 4498 2154 4571 pitide,
2190 4496 2576 4560 Arsenoitide,
2614 4512 2678 4552 ac
2704 4496 2983 4554 Thebaide
3034 4500 3400 4570 praefectura;
3437 4518 3543 4559 nec

1956 4606 2064 4643 non
2085 4590 2141 4644 in
2164 4589 2413 4645 inferiori
2447 4604 2513 4644 ac
2546 4591 2842 4653 maritima.
2873 4593 3120 4662 adeoque
3170 4593 3543 4650 Alexandrina
3651 4645 3663 4657 ,

1952 4683 2195 4753 regione.
2257 4680 2401 4749 Quin
2453 4683 2616 4737 etiam
2678 4682 2905 4738 Romam
2961 4681 3243 4754 prolectus
3294 4701 3539 4744 errorem

1953 4791 2113 4831 suum
2154 4777 2209 4831 in
2243 4791 2309 4831 ea
2340 4777 2475 4831 urbe
2506 4777 2817 4846 dissipavit.
2850 4777 2958 4832 Sed
2992 4779 3060 4833 ad
3102 4778 3344 4851 Cyprum
3390 4780 3542 4836 dela‘

1951 4877 2065 4931 tus,
2093 4869 2214 4924 ﬁdei
2246 4870 2625 4940 naufragium,
2667 4871 2813 4923 velut
2847 4872 3099 4941 Corporis
3145 4873 3398 4937 fecisset,
3436 4875 3542 4928 ibi-

1947 4960 2068 5016 dem
2098 4975 2320 5030 passus.
2353 4960 2597 5014 animum
2635 4960 2861 5013 omnino
2892 4959 3230 5030 depravavit.
3256 4961 3538 5031 Siquidem

1949 5054 2215 5107 hactenus
2247 5060 2456 5120 partem
2494 5050 2717 5121 pietatis
2758 5050 3029 5119 aliquam,
3054 5051 3392 5122 sinceraeque
3417 5052 3536 5109 ndei

1946 5139 2184 5195 retinere
2219 5138 2327 5194 illis
2371 5139 2427 5193 in
2467 5139 2603 5195 locis
2646 5138 2951 5194 videbatur.
2994 5139 3052 5193 in
3083 5139 3266 5212 Cypro
3300 5156 3431 5197 vero
3470 5144 3536 5198 ad

1950 5240 2251 5301 extremum
2290 5231 2587 5300 impietatis
2620 5232 2912 5303 prolapsus
2950 5240 3068 5298 est,
3120 5247 3289 5304 seque
3326 5234 3380 5289 in
3416 5250 3537 5289 eam

1952 5338 2115 5395 quam
2169 5330 2353 5377 tuetur
2415 5322 2741 5394 ﬂagitiorum
2792 5323 3144 5396 disciplinam
3203 5325 3376 5382 altius
3432 5327 3535 5380 im-

1954 5417 2161 5474 mersit.

2024 5510 2119 5567 Est
2151 5518 2331 5567 autem
2357 5511 2475 5565 haec
2519 5510 2736 5565 illorum
2772 5512 2959 5583 opinio
2992 5531 3006 5568 :
3036 5511 3225 5570 Iesum
3254 5513 3535 5570 Christdm

1956 5602 2244 5659 Dominum
2296 5612 2548 5660 nostrum
2569 5597 2939 5660 ‘Salvatorem
2974 5620 3119 5667 esse.
3146 5605 3226 5660 uti
3249 5605 3494 5662 diximus
3515 5643 3535 5674 ,

337 5756 354 5789 ¹
383 5753 444 5812 F.
471 5753 884 5826 Δῦτομήτορος.
941 5752 989 5832 ’.⁸,
1016 5750 1079 5809 F.
1107 5749 1441 5809 celerrimum
1473 5753 1670 5833 γάμον.
1751 5758 1771 5789 ³
1797 5756 1860 5814 F.
1901 5759 2201 5833 Ἐνότητος.
2279 5761 2302 5795 ⁸
2327 5758 2390 5815 F.
2438 5758 2724 5832 πέμψασα.
2799 5761 2821 5796 ⁸
2855 5760 2921 5821 V.
2964 5759 3297 5825 ’Δταρϐασάη
