3980 6086
453 365 556 469 ur:

1871 412 1928 466 S.
1973 408 2309 467 EPIPHANII

3614 406 3721 467 488

452 546 516 586 ac
536 530 912 599 Christum,et
939 529 1210 599 Verbum;
1244 548 1306 589 ac
1330 532 1760 601 Tradueturem;
1790 542 1844 589 et
1876 532 2029 588 Fini-

2140 536 2228 589 καὶ
2256 533 2450 603 Λόγον,
2481 534 2575 587 καὶ
2615 531 2875 603 Σταυρδν,
2905 531 2997 584 καὶ
3032 527 3370 598 Μεταγωγέα
3389 568 3403 591 ,
3431 525 3524 579 καὶ
3569 525 3719 597 Ὀρο-

449 628 625 678 torem
645 637 710 677 ac
740 620 1081 677 Terminum.
1113 622 1375 680 Eumdem
1398 640 1599 695 corpus
1644 640 1675 681 e
1699 625 1843 679 emlu
1879 624 2036 681 detu-

452 711 603 777 lisse,
635 727 697 767 ac
723 721 985 782 tanquam
1015 728 1157 783 aqua
1194 730 1290 784 per
1320 716 1560 771 ﬁstulam
1583 755 1598 777 ,
1632 716 1712 772 sic
1750 716 1903 770 illum
1941 731 2038 787 per

451 802 680 858 Mariam
718 805 985 861 transisse
1039 805 1350 877 Virginem,
1403 824 1581 879 neque
1630 808 1929 880 quidquam
1969 823 2038 864 ex

451 897 573 966 ejus
616 906 775 954 utero
814 899 1148 970 sumpsisse,
1189 899 1284 957 sed
1314 917 1345 956 e
1372 902 1514 957 cutio
1548 902 1785 958 traxisse
1808 908 2033 973 corpu‘s.

452 987 643 1061 Neque
677 1005 808 1046 vero
843 991 1076 1062 primum
1117 993 1267 1048 illum
1311 991 1547 1048 Verbum
1612 1009 1736 1049 esse
1781 1001 2034 1058 censent,

454 1099 630 1154 neque
659 1085 964 1155 proximum
992 1086 1061 1141 ab
1080 1103 1146 1143 eo
1182 1087 1461 1143 Christum
1481 1128 1495 1150 .
1533 1090 1625 1159 qui
1658 1088 1713 1143 in
1762 1088 1906 1143 ccelo
1934 1104 2035 1143 su-

455 1189 676 1244 premus
701 1174 843 1230 inter
864 1189 1045 1233 mones
1085 1178 1319 1245 residet;
1361 1177 1454 1234 sed
1505 1179 1627 1250 ejus
1667 1180 1834 1235 unius
1863 1194 2035 1236 causa

416 1252 429 1265 ί
455 1267 777 1336 productum
799 1307 813 1330 ,
849 1275 907 1321 ut
960 1269 1013 1323 in
1058 1277 1234 1325 terras
1270 1270 1524 1342 delapsus
1555 1272 1800 1343 spiritale
1824 1287 1996 1344 genus
2018 1311 2034 1336 ,

454 1358 597 1427 quod
638 1374 667 1413 e
702 1360 841 1413 (mlo
875 1360 1031 1414 duxit
1060 1362 1325 1432 originem
1349 1403 1362 1423 ,
1393 1364 1669 1419 liberaret.
1700 1362 2035 1419 Mortuorum

455 1452 914 1508 resurrectionem
939 1453 1254 1509 inliciantur
1276 1473 1291 1511 :
1318 1456 1385 1511 de
1404 1471 1510 1526 qua
1540 1457 1829 1511 ridiculam
1849 1473 2037 1527 quam-

453 1542 576 1596 dam
612 1542 849 1598 l‘ubulam
893 1552 1118 1614 texunt;
1168 1547 1325 1618 172
1361 1564 1467 1604 non
1500 1548 1603 1604 hoc
1637 1550 1812 1620 ipsqu
1848 1563 2034 1605 resur-

452 1648 581 1704 gere
625 1648 859 1705 corpus,
891 1636 984 1691 sed
1032 1638 1263 1692 alterum
1299 1654 1364 1694 ex
1408 1640 1599 1695 eodem
1642 1649 1854 1706 ortum,
1888 1641 2035 1712 quod

454 1727 699 1795 spiritale
749 1738 1103 1799 nuncupant:
1155 1746 1331 1801 neque
1377 1739 1559 1788 tamen
1605 1734 1885 1797 omnium,
1936 1735 2033 1791 sed

453 1831 642 1871 eorum
692 1817 992 1885 duntaxat,
1038 1835 1179 1890 quos
1218 1822 1295 1875 illi
1350 1823 1625 1892 spiritales
1676 1833 2033 1895 nuncupant,

454 1916 622 1978 atque
646 1923 836 1963 eorum
869 1909 1064 1974 etiam,
1091 1926 1232 1980 quos
1252 1902 1517 1969 animales
1539 1922 1757 1977 vocant.
1783 1913 2035 1970 dummo-

362 2012 367 2016 ‘
454 2000 524 2052 do
553 2000 701 2066 juste
740 2001 1077 2072 honesteque
1111 2020 1169 2058 se
1192 2013 1402 2076 gerant.
1434 2005 1707 2073 Cmteros,
1745 2009 1836 2079 qui
1869 2018 2040 2065 mate-

456 2091 619 2145 riales
663 2092 733 2145 ab
771 2092 878 2156 iis,
937 2101 991 2148 et
1037 2109 1161 2149 eum
1216 2111 1381 2153 carne
1424 2100 1670 2154 concreti
1718 2115 1782 2156 ac
1835 2103 2036 2157 terreni

457 2183 821 2253 appellantur,
860 2185 1085 2241 interire
1119 2186 1387 2253 funditus,
1427 2206 1605 2262 neque
1637 2189 1743 2246 ulla
1774 2193 1856 2248 sui
1885 2200 2039 2263 parte

454 2264 682 2329 servari.
710 2274 885 2330 Porro
902 2285 1154 2332 naturam
1185 2295 1479 2351 quamque,
1498 2296 1563 2337 eo
1589 2283 1731 2338 unde
1750 2283 2035 2354 prodierit,

454 2366 676 2418 reverti.
730 2363 887 2421 Velut
926 2382 1049 2437 qua:
1090 2384 1214 2423 eum
1249 2372 1477 2428 materia
1521 2382 1779 2428 concreta
1824 2381 1944 2438 est,
1984 2375 2037 2430 in

454 2468 574 2507 eam
621 2454 794 2526 ipsam
840 2457 1092 2525 relundi;
1126 2474 1207 2515 ‘ex
1244 2476 1410 2518 carne
1441 2479 1572 2517 vero
1606 2475 1860 2536 terraque
1891 2482 2041 2522 com-

454 2552 668 2615 pactam
696 2547 748 2601 in
774 2556 971 2603 terram
997 2550 1268 2606 recedere.
1286 2551 1495 2608 Etenim
1525 2561 1634 2610 tres
1661 2554 1734 2610 illi
1763 2556 2039 2611 hominum

453 2637 676 2696 ordines
711 2641 1075 2707 constituunt,
1112 2643 1437 2714 spiritalium
1460 2687 1474 2702 .
1501 2647 1848 2713 animalium,
1882 2659 2043 2720 atque

454 2736 778 2789 carnalium.
824 2735 898 2791 Ex
938 2737 1139 2807 quibus
1184 2739 1416 2809 primum
1473 2756 1530 2797 se
1574 2741 1818 2797 ordinem
1866 2742 2042 2799 facere

453 2823 726 2892 dictitant,
753 2826 833 2881 uti
861 2836 916 2883 et
938 2824 1269 2894 Gno-ticos,
1312 2831 1404 2901 qui
1438 2847 1615 2901 neque
1648 2833 1850 2889 laboris
1881 2835 2042 2892 ullius

456 2915 765 2986 indigeant,
812 2927 1175 2988 prrcterquam
1218 2922 1585 2992 cognitionis,
1630 2926 2040 2995 appellationis-

454 3021 561 3077 que
592 3010 977 3079 mysteriorum
999 3051 1014 3076 ,
1039 3026 1162 3082 quae
1204 3027 1370 3083 penes
1405 3015 1527 3071 illos
1553 3028 1682 3072 sunt
1701 3059 1714 3082 ,
1747 3026 1801 3073 et
1826 3020 2044 3091 quidvis

455 3100 678 3170 impune
702 3100 880 3157 facere
918 3118 1018 3173 pro
1054 3104 1284 3160 arbitrio
1324 3107 1551 3177 possint.
1588 3107 1730 3164 Fieri
1758 3113 1901 3167 enim
1935 3130 2042 3169 non

2139 625 2324 696 θέτην,
2359 624 2452 678 καὶ¹
2482 624 2669 697 Ὅρον.
2698 622 2837 675 Φασὶ
2875 621 2934 675 δὲ
2965 618 3175 676 ἄνωθεν
3214 615 3630 687 κατενηνοχέναι
3661 615 3724 668 τὸ

2140 718 2320 791 σῶμα,
2355 717 2451 772 καὶ
2493 717 2570 781 ὡς
2611 715 2699 770 διὰ
2750 713 2990 785 σωλῆνος
3036 711 3203 783 ὕδωρ.
3246 707 3336 763 διὰ
3378 706 3599 780 Μαρίας
3623 707 3724 777 τῆς

2138 809 2417 882 Παρθένου
2449 807 2844 878 διεληλυθέναι.
2892 805 3077 877 Μηδὲν
3125 803 3183 857 δὲ
3227 800 3337 855 ἀπὸ
3377 800 3476 871 τῆς
3519 798 3724 869 παρθε-

2137 901 2292 972 νικῆς
2327 901 2540 972 μήτρας
2563 898 2868 970 εἰληφέναι,
2893 894 3030 950 ἀλλὰ
3053 891 3260 949 ἄνωθεν
3288 890 3350 944 τὸ
3373 890 3533 979 σῶμα
3555 889 3722 960 ἔχειν,

2137 996 2213 1059 ὡς
2245 995 2524 1066 προεῖπον.
2557 990 2649 1063 Μὴ
2691 987 2829 1044 εἶναι
2862 989 2920 1043 δὲ
2951 987 3115 1042 αὐτὸν
3137 985 3229 1040 τδν
3274 985 3491 1056 πρῶτον
3526 985 3724 1052 Λόγον,

2142 1088 2276 1161 μηδὲ
2308 1086 2397 1141 τὸν
2426 1084 2566 1159 μετὰ
2601 1084 2693 1138 τὸν
2735 1084 2907 1152 Λόγον
2945 1078 3214 1152 Χριστὸν,
3239 1078 3330 1132 τὸν
3358 1077 3471 1132 άνω
3498 1076 3631 1130 ὅντα
3666 1077 3726 1130 ἐν

2136 1166 2249 1244 τοῖς
2294 1181 2406 1234 ἄνω
2440 1176 2622 1232 αἰῶσι.
2666 1174 2867 1229 Τοῦτον
2907 1171 2965 1225 δὲ
3003 1172 3271 1242 φάσκουσι
3311 1166 3725 1241 προϐεϐλῆσθαι

2136 1271 2204 1326 δι’
2240 1269 2391 1323 οὐδὲν
2435 1270 2621 1339 ἕτερον
2654 1266 2687 1338 ἢ
2725 1265 2882 1337 μόνον
2929 1264 3009 1326 εἰς
3043 1261 3105 1315 τὸ
3150 1261 3324 1315 ἐλθεῖν
3368 1261 3463 1313 καὶ
3508 1259 3726 1313 ἀνασώ-

2140 1365 2334 1419 σασθαι
2363 1365 2378 1395 ¹
2410 1362 2472 1415 τὺ
2519 1359 2676 1429 γένος
2718 1357 2779 1410 τὸ
2827 1354 3033 1409 ἄνωθεν
3078 1351 3465 1424 πνευματικόν.
3515 1349 3628 1421 Τὴν
3665 1349 3724 1402 δὲ

2137 1455 2244 1509 τῶν
2288 1451 2497 1524 νεκρῶν
2547 1449 2844 1505 ἀνάστασιν
2884 1442 3287 1516 ἁπαρνοῦνται,
3325 1440 3627 1517 φάσκοντές
3669 1456 3724 1492 τι

2142 1544 2385 1619 μυθῶδες
2411 1543 2503 1597 καὶ
2525 1539 2789 1612 ληρῶδες,
2819 1537 2893 1609 μὴ
2916 1535 2978 1589 τὸ
3009 1534 3170 1605 σῶμα
3194 1532 3354 1586 τοῦτο
3374 1528 3723 1592 ἀνίστασθαι,

2138 1639 2252 1695 ἀλλ’
2277 1638 2464 1710 ἕτερον
2497 1635 2596 1705 μὲν
2615 1631 2680 1697 ἐξ
2712 1628 2897 1691 αὑτοῦ,
2921 1628 2950 1682 δ
2975 1627 3039 1699 δὴ
3075 1624 3442 1697 πνευματικὸν
3473 1622 3721 1685 καλοῦσι·

2141 1734 2298 1808 μόνον
2329 1731 2386 1786 δὲ
2419 1729 2640 1784 ἐκείνων
2677 1725 2787 1779 τῶν
2818 1724 2947 1794 παρ’
2979 1722 3165 1783 αὐτοῖς
3197 1716 3603 1789 πνευματικῶν,
3629 1715 3727 1769 καὶ

2136 1828 2244 1883 τῶν
2286 1826 2463 1881 ἄλλων
2490 1820 2737 1893 ψυχικῶν
2771 1816 3155 1888 καλουμένων,
3182 1814 3277 1868 ὲάν
3311 1829 3376 1882 γε
3409 1812 3458 1865 οἱ
3497 1810 3722 1881 ψυχικοὶ

2139 1918 2684 1991 δικαιοπραγήσειαν.
2732 1913 2872 1975 Τοὺς
2914 1909 2971 1963 δὲ
3020 1908 3238 1970 sum;
3283 1905 3379 1960 καὶ
3427 1902 3727 1974 σαρκικοὺς

2142 2014 2237 2069 καὶ
2277 2012 2501 2083 γηίνους
2551 2003 2921 2075 καλουμένους
2976 2000 3324 2054 παντάπασιν
3365 1994 3723 2058 ἀπόλλυσθαι,

2143 2106 2237 2161 καὶ
2266 2103 2386 2175 μηδ’
2418 2101 2552 2164 ὅλως
2591 2096 2882 2163 σώζεσθαι.
2909 2092 3125 2164 Χωρεῖν
3169 2091 3227 2145 δὲ
3271 2090 3505 2161 ἑκάστην
3533 2086 3729 2142 οὐσίαν

2143 2198 2279 2270 πρὸς
2303 2196 2428 2258 τοὺς
2464 2192 2639 2255 ἰδίους.
2669 2188 2843 2259 αὐτῆς
2870 2183 3190 2259 προδολέας,
3226 2182 3324 2255 τὴν
3385 2180 3484 2252 μὲν
3530 2178 3730 2248 ὑλικὴν

2142 2294 2206 2363 τῇ
2241 2288 2341 2361 ὕλη
2375 2282 2745 2355 ὲκδιδομένην,
2789 2279 2884 2333 καὶ
2917 2278 2979 2332 τδ
3010 2274 3270 2348 σαρκικδν
3311 2274 3499 2345 γήινον
3530 2273 3599 2342 τῇ
3625 2271 3725 2341 γῇ.

2143 2362 2281 2455 Τρία
2313 2378 2424 2451 γὰρ
2453 2376 2712 2448 τάγματα
2748 2370 3004 2426 καλοῦσιν
3031 2364 3171 2421 εἶναι
3202 2362 3530 2455 ἀνθρώπων·
3561 2377 3728 2413 πνευ-

2146 2451 2412 2546 ματικῶν,
2446 2463 2714 2538 ψυχικῶν,
2745 2458 3043 2533 σαρκικῶν.
3071 2456 3146 2510 Τὸ
3172 2455 3229 2509 δὲ
3263 2454 3450 2546 τάγμα
3475 2451 3537 2504 τὸ
3562 2466 3732 2546 πνευ-

2146 2542 2374 2638 ματικὸν
2410 2559 2634 2621 ἑαυτοὺς
2677 2554 2952 2624 λέγουσιν,
2986 2549 3176 2621 ὥσπερ
3218 2546 3312 2600 καὶ
3359 2542 3727 2649 Γνωστικοὺς.

2145 2634 2238 2710 καὶ
2274 2655 2410 2726 μήτε
2455 2649 2704 2722 καμάτου
2738 2640 3151 2713 ὲπιδεομένους,
3181 2638 3214 2708 ἢ
3254 2637 3413 2709 μόνον
3445 2634 3544 2704 τῆς

2146 2725 2303 2812 σεως,
2338 2725 2432 2797 καὶ
2459 2741 2566 2794 τῶν
2610 2735 3006 2809 ἐπιρρημάτων
3035 2731 3143 2787 τῶν
3172 2728 3348 2785 αὐτῶν
3385 2725 3726 2799 μυστηρίων.

2145 2842 2261 2895 Πᾶν
2290 2837 2345 2891 δὲ
2375 2833 2553 2889 ὁτιοῦν
2592 2833 2762 2884 ποιεῖν
2789 2826 2958 2891 ἀδεῶς
2992 2826 3222 2879 ἕκαστον
3259 2820 3457 2884 αὐτῶν,
3487 2817 3581 2870 καὶ
3619 2834 3734 2888 μη-

2143 2933 2229 2986 δὲν
2264 2924 2702 3001 πεφροντικέναι.
2733 2919 3066 2988 Ἐξάπαντος
3092 2916 3200 2985 γάρ
3231 2928 3360 2983 φασι
3384 2907 3736 2981 σωθήσεσθαι

2146 3018 2511 3093 πνευματικὸν
2549 3016 2629 3083 δν,
2658 3015 2720 3069 τὸ
2751 3011 2932 3067 αὐτῶν
2963 3010 3171 3080 τάγμα.
3208 3004 3368 3106 Τδδὲ
3405 3001 3737 3106 ἓτερονιτά-

2144 3133 2263 3189 γμα
2287 3113 2396 3169 τῶν
2425 3108 2728 3183 ἀνθρώπων
2758 3107 2815 3159 ὲν
2858 3104 3046 3175 κόσμοι)
3066 3143 3079 3166 ,
3107 3102 3242 3171 ὅπερ
3267 3095 3493 3189 ψυχικὸν
3516 3095 3735 3189 ⁸καλ.οῇ-

455 3206 651 3261 posse,
674 3193 803 3264 quin
839 3194 1064 3249 onmino
1101 3211 1291 3251 eorum
1321 3198 1478 3262 ordo,
1514 3208 1703 3271 utpote
1742 3202 2038 3271 Spiritalis.

2150 3183 2253 3276 σιν,
2286 3205 2378 3275 ἀφ’
2405 3200 2599 3257 ἑαυτοῦ
2626 3196 2893 3263 σώζεσθαι
2932 3193 3006 3266 μὴ
3033 3188 3425 3292 δυνάμενον,.εἱ
3463 3185 3537 3257 μή

454 3283 683 3340 salutem
716 3286 983 3341 obtineat.
1020 3285 1332 3344 Secundum
1361 3290 1641 3346 hominum
1673 3296 1766 3364 qui
1792 3295 1845 3349 in
1878 3312 2040 3350 mun-

451 3376 523 3432 do
557 3385 686 3433 sunt
717 3377 966 3434 ordinem
988 3420 1000 3440 ,
1032 3395 1195 3449 quem
1228 3382 1519 3436 animalem
1545 3396 1763 3449 vocant,
1794 3402 1891 3456 per
1920 3403 2042 3444 sese

452 3471 687 3525 salutem
726 3472 946 3542 assequi
986 3487 1152 3543 posse
1198 3480 1432 3543 negant,
1472 3474 1577 3529 nisi
1616 3476 1925 3541 laboribus,
1952 3495 2039 3535 re-

451 3571 648 3634 cteque
680 3561 838 3617 lactis
871 3563 975 3618 sibi
1024 3579 1144 3618 eam
1176 3563 1438 3619 vindicet.
1477 3566 1547 3619 At
1594 3567 1687 3637 qui
1742 3570 2041 3627 materialis

453 3653 736 3707 hominum
784 3653 921 3708 ordo
951 3654 1175 3719 dicitur,
1207 3671 1329 3710 eum
1358 3672 1532 3727 neque
1554 3671 1808 3729 capacem
1847 3664 2039 3734 cogni-

452 3741 622 3799 tionis
642 3755 767 3796 esse
818 3750 1044 3811 putant;
1100 3760 1276 3815 neque
1325 3749 1543 3803 tametsi
1589 3750 1752 3818 velit,
1797 3752 2041 3825 recipere

452 3845 572 3886 eam
613 3847 773 3903 posse
794 3833 886 3904 qui
918 3850 983 3889 ex
1037 3836 1130 3891 illo
1176 3853 1374 3910 genere
1408 3840 1479 3894 sit
1509 3859 1522 3894 :
1559 3842 1902 3916 proindeque
1929 3854 2039 3902 tam

451 3923 633 3979 anima
677 3940 841 3995 quam
876 3941 1107 3996 corpore
1142 3929 1360 3999 penitus
1398 3930 1647 3987 interire.
1697 3934 1852 4000 Quod
1909 3952 2040 3993 vero

450 4021 653 4072 canum
691 4017 757 4071 ad
792 4033 952 4072 suum
982 4022 1256 4090 pertinet,
1294 4038 1418 4077 cum
1468 4024 1732 4094 spiritalis
1772 4028 1883 4093 sit,
1929 4045 2040 4085 una

450 4123 578 4164 cum
627 4109 804 4164 altero
847 4112 1086 4181 quodam
1121 4113 1367 4168 interiori
1399 4130 1631 4186 corpore
1676 4120 1887 4175 servari
1915 4137 2041 4178 sen-

450 4199 613 4267 tiunt,
651 4200 798 4272 quod
850 4201 955 4272 ipsi
1006 4203 1252 4273 Spiritale
1294 4220 1496 4276 corpus
1532 4207 1681 4263 inani
1712 4212 2042 4280 peruasione

450 4302 794 4365 nuncupant.
836 4295 1117 4351 Animales
1153 4311 1318 4367 porro
1365 4306 1488 4370 post
1531 4300 1851 4358 diuturnam
1885 4320 2043 4361 exer-

452 4386 810 4451 citationem,
854 4387 943 4442 ubi
988 4387 1344 4445 Conditorem
1384 4394 1869 4461 transcenderint,
1912 4412 2041 4453 sur-

451 4492 573 4533 sum
630 4486 850 4535 evectos
902 4482 1111 4553 angelis
1165 4482 1369 4541 Christi
1414 4487 1710 4545 comitibus
1771 4492 2037 4561 attribui,

2144 3274 2377 3373 καμάτῳ
2408 3295 2504 3349 καὶ
2547 3286 2937 3361 δικαιοπραγὶᾳ
2986 3281 3147 3338 έαυτδ
3192 3276 3533 3373 άναᾼσώσειεε
3556 3274 3739 3373 Τδ-δὲ

2144 3369 2325 3449 ὑλικὸν
2353 3369 2543 3458 τάγμα
2571 3382 2677 3438 τῶν
2708 3383 2764 3436 ὲν
2804 3378 2885 3449 τῷ
2913 3377 3101 3447 κόσμῳ
3139 3371 3439 3445 ἀνθρώπων
3470 3371 3607 3442 μήτε
3639 3369 3742 3422 δύο-

2143 3482 2337 3540 νασθαι
2369 3479 2566 3551 χωρεῖν
2596 3472 2693 3545 τὴν
2717 3469 2918 3542 γνῶσίν
2956 3484 3110 3538 φασι,
3145 3467 3281 3536 μήτε
3317 3460 3568 3533 δέχεσθαι
3594 3459 3708 3512 ταύ
3729 3489 3741 3500 α

2141 3594 2262 3650 την,
2294 3550 2401 3627 κᾶν
2424 3568 2567 3623 θέλοι
2595 3568 2623 3619 ὁ
2652 3568 2717 3619 ὲκ
2742 3560 2932 3616 τούτου
2959 3558 3054 3613 τοῦ
3079 3558 3356 3650 τάγματος
3384 3550 3740 3650 ﬁmi-3.3%}:

2144 3642 2477 3723 ἀτὲάλλυσοαι
2523 3658 2581 3712 δὲ
2626 3655 2742 3728 ειμα
2792 3654 2889 3708 σὺν
2932 3650 3077 3722 ψυχῇ
3130 3648 3224 3702 και
3266 3645 3499 3715 σώματι.
3546 3642 3627 3696 re
3674 3642 3745 3696 δε

2146 3757 2352 3815 ἑαυτῶν
2396 3754 2607 3825 τάγμα,
2649 3745 3017 3819 πνευματικὸν
3046 3741 3133 3808 δν,
3177 3737 3443 3804 σώζεσθαι
3487 3737 3586 3790 σὺν
3619 3735 3743 3790 σῶς

2147 3868 2277 3923 ματι
2325 3847 2468 3919 ἄλλῳ
2514 3841 2780 3914 ἐνδοτέρω
2825 3838 2935 3893 τινὶ
2983 3836 3124 3902 ὄντι,
3177 3836 3314 3904 ὅπερ
3359 3830 3515 3885 αὐτοὶ
3562 3829 3750 3923 σῶμα

2144 3920 2514 4013 τινευματικδν
2558 3932 2782 3991 καλοῦσι
2827 3928 3244 4000 φανταζόμενοι,
3278 3924 3416 3987 Τοὺς
3460 3923 3518 3976 δὲ
3564 3920 3748 3993 ψυχι-

2143 4034 2306 4099 κους,
2344 4027 2696 4100 κεκμηκότας
2729 4021 2864 4077 πολὺ
2911 4021 3007 4074 καὶ
3051 4014 3606 4088 ὑπεραναϐεϐηκότας
3639 4013 3752 4068 τὸν

2144 4125 2517 4201 Δημιουργδν,
2563 4122 2675 4178 άνω
2712 4116 2948 4173 δίδοσθαι
2994 4116 3108 4178 τοῖς
3153 4112 3404 4182 ἀγγέλοις
3444 4111 3559 4173 τοῖς
3612 4109 3754 4181 ἅμα

2143 4219 2366 4293 Χριστῷ
2397 4213 2571 4282 οὖσιν,
2611 4212 2764 4269 οὐδέν
2791 4228 2845 4264 τι
2870 4208 2977 4263 τῶν
3009 4204 3277 4291 σωμάτων
3309 4201 3751 4274 κομιζομένους,

2143 4313 2281 4369 ἀλλὰ
2311 4312 2470 4383 μόνον
2497 4310 2598 4373 τὰς
2623 4305 2803 4378 ψυχάς
2836 4305 2893 4357 ὲν
2920 4300 3246 4383 πληρῴματι
3278 4296 3600 4370 εὑρεθείσας
3634 4297 3756 4365 τῆς

2142 4382 2321 4458 αὐτῶν
2358 4399 2635 4472 γνώσεως,
2667 4397 2762 4450 καὶ
2787 4395 2878 4449 τὸν
2910 4382 3249 4465 Δημιουργδν
3281 4388 3761 4462 ὑπερϐεϐηκυίας

2141 4493 2380 4548 δίδοσθαι
2412 4492 2523 4554 τοῖς
2555 4486 2691 4561 μετὰ
2717 4484 2811 4539 τοῦ
2834 4482 3070 4557 Χριστοῦ
3097 4480 3348 4550 ἀγγέλοις
3380 4481 3460 4543 εἰς
3483 4479 3757 4551 νύμφας.

451 4590 629 4645 neque
703 4575 999 4647 quidquam
1054 4594 1281 4634 suorum
1332 4581 1524 4639 ell'erre
1572 4600 1902 4657 corporum,
1955 4590 2052 4645 sed
2095 4590 2308 4645 animas
2359 4587 2507 4643 solas
2555 4583 2868 4639 absolutum
2926 4587 3129 4633 statum
3203 4572 3531 4645 cognitionis
3605 4574 3763 4631 ade-
3822 4596 3837 4603 ι

454 4677 608 4743 ptas,
646 4668 941 4728 Conditore
962 4685 1256 4744 superato,
1287 4676 1489 4733 Christi
1532 4676 1891 4750 stipatoribus
1933 4687 2146 4758 angelis
2181 4686 2235 4741 in
2273 4680 2624 4739 matrimonio
2643 4675 2921 4733 collocari.

523 4761 661 4817 VIII.
694 4763 973 4832 Ejusmodi
1013 4765 1126 4820 fere
1154 4776 1239 4821 est
1269 4767 1488 4825 illorum
1518 4771 1738 4841 fabula;
1767 4777 1870 4834 etsi
1912 4778 2034 4849 plu-

2213 4778 2294 4830 ιιι.
2331 4775 2565 4841 Τοιαύτη
2598 4770 2745 4823 ἐστὶν
2772 4769 2805 4839 ἡ
2828 4765 2947 4820 κατ’
2975 4763 3171 4828 αὐτοὺς
3196 4760 3495 4834 τραγῳδία,
3525 4760 3765 4832 ἔχουσα

452 4850 607 4905 ribus
656 4849 882 4919 insuper
938 4851 1098 4923 nugis
1156 4863 1410 4910 contexta
1474 4857 1566 4915 sit.
1624 4860 1737 4933 Ego
1795 4880 1925 4920 vero
1973 4881 2038 4922 ea

450 4941 717 4997 duntaxat
743 4944 1033 5014 proposui,
1065 4961 1187 5017 quae
1232 4947 1286 5002 in
1317 4949 1555 5006 medium
1605 4954 1839 5022 proferri
1876 4971 2041 5027 opor-

450 5043 566 5090 tere
590 5032 745 5100 duxi,
764 5050 1000 5106 quorum
1022 5037 1089 5092 ad
1129 5053 1232 5094 nos
1260 5040 1455 5095 notitia
1494 5045 1844 5112 pervenerit,
1877 5047 2040 5103 nimi-

451 5144 573 5183 rum
618 5127 893 5185 undenam
940 5131 1209 5189 oriundus
1260 5132 1364 5189 iste
1402 5135 1593 5204 fuerit,
1640 5154 1750 5208 quo
1791 5147 2038 5211 tempore

450 5219 680 5287 vixerit;
708 5220 853 5277 unde
873 5224 1082 5278 erroris
1116 5237 1433 5296 argumenta
1465 5230 1783 5299 sumpserit,
1815 5247 1939 5300 qua:
1966 5231 2038 5286 sit

450 5312 598 5368 illius
633 5311 918 5381 doctrina,
948 5332 1055 5386 qua
1101 5317 1154 5371 in
1199 5333 1258 5372 re
1287 5327 1499 5390 tantum
1539 5323 1739 5377 malum
1765 5332 2038 5378 terrarum

449 5404 569 5458 urbi
606 5404 914 5475 pullularit,
950 5409 1107 5480 173
1152 5409 1247 5466 sed
1285 5413 1433 5482 quod
1467 5416 1534 5470 ad
1570 5416 1880 5472 doctrinam
1906 5431 2038 5487 spe-

449 5502 585 5561 ctat,
612 5511 755 5568 eam,
781 5506 842 5553 ut
873 5499 1079 5556 dictum
1110 5510 1228 5569 est,
1261 5504 1526 5563 duntaxat
1556 5524 1621 5564 ex
1651 5521 1805 5581 parte
1848 5509 2039 5565 deela-

450 5590 730 5653 ravimns;
764 5599 959 5650 caetera
996 5610 1093 5666 per
1127 5612 1213 5652 me
1248 5599 1504 5656 subtilius
1536 5602 1812 5673 explicare
1842 5602 1997 5656 nolui
2024 5645 2038 5669 ,

447 5700 572 5740 cunt
616 5686 882 5743 adversus
919 5687 1232 5745 hzeretieum
1275 5694 1525 5751 eumdem
1573 5696 1951 5749 elucubratam
2004 5710 2034 5749 a

523 5839 653 5914 ίτρ.
681 5840 977 5903 ἀνασῶσαι.
1303 5908 1327 5917 η
1424 5922 1436 5935 ο
1532 5875 1581 5909 τ..

834 6030 869 6039 ...ο

2141 4868 2240 4939 μὲν
2287 4866 2381 4921 καὶ
2429 4863 2600 4920 πλείω
2641 4860 2866 4914 τούτων’
2916 4856 3027 4925 ὲγὼ
3058 4856 3116 4908 δὲ
3153 4856 3319 4940 ,μόνον
3360 4854 3520 4908 ἆτινα
3566 4854 3765 4923 φύσει

2137 4960 2433 5028 ἀναγκαῖον
2481 4952 2619 5009 εἶναι
2669 4950 2964 5023 ἡγησάμην
3014 4950 3091 5011 εις
3146 4945 3455 5017 τούμφανὲς
3507 4944 3718 5002 ἐλθεῖν
3742 4989 3762 5012 ,

2136 5050 2293 5106 ταῦθ’
2324 5048 2704 5120 ὑπηγόρευσα,
2734 5045 2810 5108 ὡς
2847 5045 2881 5115 ἡ
2919 5044 2998 5106 εἰς
3027 5042 3173 5113 ἡμᾶς
3206 5038 3406 5107 γνῶσις
3443 5033 3609 5109 ἦλθε,
3648 5040 3765 5094 τοῦ

2140 5143 2303 5198 πόθεν
2351 5141 2597 5212 ὡρμᾶτο,
2647 5141 2703 5192 ἐν
2752 5135 2923 5197 ποίοις
2974 5132 3030 5187 δὲ
3064 5132 3274 5201 καιροῖς
3322 5130 3562 5199 ὑπῆρχε,
3650 5134 3770 5188 καὶ

2140 5235 2250 5290 ἀπὸ
2284 5232 2453 5287 ποίων
2493 5232 2591 5295 τὰς
2641 5223 3207 5302 προφάσειςοεῐληφε,
3255 5220 3347 5275 καὶ
3374 5219 3459 5283 τίς
3484 5220 3683 5276 αὐτοῦ
3726 5227 3770 5296 ἡ

2135 5324 2489 5389 διδασκαλία,
2536 5322 2654 5393 ἅμα
2691 5337 2751 5374 τε
2788 5318 2928 5372 τίσιν
2957 5315 3257 5387 ἐϐλάστησε
3283 5313 3360 5385 τῷ
3387 5312 3488 5384 βίῳ
3528 5318 3767 5385 κακὸν,

2136 5416 2246 5472 ἀπὸ
2296 5417 2492 5488 μέρους
2529 5430 2623 5478 τε,
2673 5412 2750 5475 ὡς
2794 5410 2959 5481 ἔφην,
3003 5408 3102 5479 τῆς
3139 5405 3330 5461 τούτου
3375 5405 3772 5473 διδασκαλίας

2132 5508 2540 5581 ἐμνημόνευσα.
2587 5503 2669 5557 Τά
2717 5504 2774 5558 δὲ
2819 5500 2981 5557 λοιπά
3014 5501 3114 5572 τῆς
3155 5496 3321 5554 αὐτοῦ
3365 5497 3775 5569 λεπτολογξας

2134 5603 2235 5656 οὐκ
2264 5597 2574 5671 ἠϐουλήθην
2614 5596 2710 5651 ἀπ’
2755 5593 2994 5666 ἐμαυτοῦ
3041 5590 3320 5657 συντάξαι,
3363 5588 3543 5662 εὑρὼν
3582 5597 3778 5669 παρὰ

2134 5694 2211 5766 τῷ
2250 5691 2539 5762 ἁγιωτάτῳ
2569 5687 2848 5760 Εἰρηναίῳ
2892 5686 2969 5758 τῷ
3008 5685 3221 5758 ἀρχαίῳ
3251 5682 3348 5755 τὴν
3390 5681 3511 5737 κατ’
3557 5686 3779 5744 αὑτοῦ

3977 240 3980 289 |

3978 998 3980 1077 l
