3956 6070
212 163 319 222 439

921 162 1294 222 ADVERSUS
1333 161 1677 221 ILERESES
1715 163 1848 222 LIB.
1894 164 1935 219 l.
1974 162 2139 224 TOM.
2185 165 2250 224 ll.
2291 195 2361 209 ο·-
2399 165 2674 226 IIERES.
2710 165 2903 224 XXX].

3364 167 3473 224 ιοο

211 279 597 356 πραγματείαν
630 280 1026 355 γεγενημένην.
1057 283 1202 347 Ἕως
1225 282 1282 336 δὲ
1310 281 1504 338 τούτου
1536 284 1606 337 τὰ
1636 283 1793 354 ὀλίγα

1907 285 2251 341 sanctissimo
2292 283 2497 342 lrenmo
2530 286 2959 357 disputationem
3003 283 3299 340 inveniam.
3336 282 3478 349 Quo-

209 370 382 426 ταῦτα
416 371 734 440 διεξελθὼν,
767 372 838 427 τά
882 373 1009 444 ἑξῆς
1036 374 1146 427 ἀπὸ
1181 373 1292 428 τῶν
1319 374 1417 429 τοῦ
1457 376 1796 450 προειρημέ-

210 480 300 517 νου
327 463 522 534 ἀνδρὸς
551 462 738 518 δούλου
763 462 925 527 Θεοῦ,
953 464 1248 537 Είρηναίου
1277 464 1333 518 δέ
1375 483 1542 538 φημι,
1566 466 1666 541 τὴν
1697 483 1801 522 πα·-

212 553 432 626 ράθεσιν
456 555 760 628 ὁλοσχερῶς
783 555 1099 629 ποιήσομαι.
1129 557 1284 629 Ἔχει
1309 556 1365 612 δὲ
1391 555 1583 623 οὕτως’

447 754 544 809 Ἐκ
578 752 700 809 τῶν
725 754 834 810 τοῦ
865 742 1041 827 ἀνίοι)
1070 752 1183 828 (69)
1213 758 1559 844 ξίρηναίου.

275 870 355 925 Θ’.
381 870 498 923 Ἐπὶ
518 870 619 943 τὴν
633 870 891 943 ἀλήθειαν
912 873 1410 946 παραπεμπόμενοί
1424 893 1587 944 τινες,
1608 878 1796 941 ἐπεισ-

204 959 401 1031 άγουσι
448 960 641 1030 λόγους
678 961 900 1035 ,ψευδεῖς
929 964 1024 1018 καὶ¹
1049 964 1398 1035 γενεαλογίας
1426 970 1683 1039 ματαίας,
1714 972 1798 1027 αί-

206 1069 349 1117 τινες
368 1051 629 1125 ζητήσεις
661 1053 861 1125 μᾶλλον
888 1056 1208 1127 παρέχουσι,
1231 1055 1417 1123 καθὼς
1433 1060 1462 1112 ό
1478 1060 1799 1128 Ἀπόστολός

204 1160 394 1216 φησιν,
428 1142 463 1215 ἢ
494 1143 784 1215 οἰκοδομὴν
812 1142 948 1197 Θεοῦ
980 1144 1081 1215 τὴν
1110 1145 1170 1197 ὲν
1197 1144 1416 1198 πίστει·
1457 1146 1553 1199 καὶ
1583 1147 1671 1202 διά
1697 1149 1795 1222 τῆς

207 1233 539 1305 πανούργως
561 1251 900 1307 συγκεκροτη
909 1235 1081 1306 μένης
1107 1233 1463 1307 πιθανότητος
1490 1238 1800 1309 παράγουσι

199 1328 294 1383 τὸν
323 1327 450 1384 νοῦν
480 1326 591 1382 τῶν
623 1327 1017 1401 ἀπειροτέρων,
1052 1328 1148 1387 καὶ
1175 1327 1674 1400 αἱχμαλωτίζουσιν
1702 1333 1801 1387 αύ-

198 1426 350 1492 τοῦς,
379 1424 831 1498 ρᾳδιουργοῦντες
861 1425 930 1479 τά
958 1425 1115 1495 λόγια
1142 1425 1371 1499 Κυρίου,
1403 1425 1668 1500 ἐξηγηταὶ
1696 1447 1799 1485 κα-

196 1519 289 1571 κοὶ
340 1516 453 1571 τῶν
502 1516 685 1587 καλῶς
723 1518 1032 1590 εἰρημένων
1074 1514 1374 1591 γινόμενοι,
1432 1520 1528 1575 καὶ
1573 1520 1801 1586 πολλοῦς

1894 377 2041 432 circa
2057 377 2247 445 paucis
2267 375 2374 431 huc
2409 391 2582 445 usque
2612 390 2644 428 a
2670 390 2759 431 me
2776 373 3244 439 commemoratis,
3267 372 3478 443 reliqua

1895 482 1962 522 ex
2003 465 2150 522 illius
2198 465 2373 537 ipsius
2426 464 2518 521 Dei
2559 466 2705 521 servi
2748 479 2915 536 opere
2956 472 3272 536 pertexam;
3315 469 3482 532 atque

1895 548 2130 630 ipsamet
2157 555 2345 614 lrenaai
2374 558 2539 614 verba
2559 597 2575 624 ,
2621 573 2691 615 ne
2719 565 2928 614 mutata
2967 556 3189 629 quidem
3230 552 3441 631 syllaba
3461 591 3480 630 ,

1896 650 2206 723 subjiciam.
2232 647 2373 707 Sunt
2396 649 2513 705 haec
2540 650 2812 721 ejusmodi
2848 668 2866 707 :

2391 760 2475 815 Ex
2514 771 2698 816 sancto
2740 760 2775 816 Ι
2774 777 2965 823 reuma.

1967 874 2061 932 IX.
2088 874 2223 932 Cum
2253 874 2503 946 plerique
2532 875 2761 931 veritate
2787 881 3097 946 contempta
3125 873 3290 937 falsas
3313 886 3481 943 quas-

1897 964 2025 1021 dam
2056 968 2404 1025 narrationes
2455 977 2511 1025 et
2551 968 2743 1025 inanes
2774 966 3119 1039 genealogias
3160 965 3479 1027 obtrudaut,

1898 1073 2021 1129 qua:
2036 1059 2365 1129 quaestiones
2389 1068 2657 1131 praestant
2684 1058 2880 1131 magis,
2904 1064 2963 1112 ut
2980 1054 3274 1128 Apostolus
3299 1053 3482 1132 loqui-

1899 1157 1990 1205 tur
2008 1149 2050 1217 δ,
2072 1165 2235 1221 quam
2258 1151 2675 1208 aediﬁcationem
2697 1151 2807 1216 Dei,
2829 1164 2950 1222 qua:
2972 1156 3057 1204 est
3078 1147 3133 1202 in
3149 1145 3286 1202 ﬁde:
3319 1152 3484 1215 atque

1899 1241 2065 1299 iidem
2087 1243 2164 1298 illi
2187 1243 2383 1300 callida
2404 1243 2813 1315 artiﬁciosaque
2834 1242 3081 1305 oratione
3104 1237 3484 1314 imperitorum

1901 1334 2115 1392 animos
2138 1335 2438 1407 decipiant,
2470 1351 2536 1392 ac
2565 1336 2715 1395 velut
2735 1335 2982 1407 captivos
3012 1331 3324 1404 abripiant;
3349 1328 3483 1390 dum

1900 1434 1955 1482 et
1972 1426 2197 1482 oracula
2220 1427 2407 1483 divina
2431 1428 2753 1498 depravaut,
2779 1434 2830 1483 ct
2854 1434 3003 1483 recte
3028 1423 3175 1481 dicta
3199 1434 3485 1495 perperam

1901 1517 2366 1589 interpretantur:
2412 1529 2528 1573 tum
2564 1534 2697 1575 vero
2731 1533 2894 1589 quam
2927 1516 3196 1588 plurimos
3229 1513 3296 1569 ab
3318 1511 3486 1583 hujus

196 1609 605 1682 ἀνατρέπουσιν
649 1609 956 1678 ἀπάγοντες
997 1610 1197 1672 αὐτοὺς
1241 1611 1512 1683 προφάσει
1544 1611 1802 1683 γνώσεως

1907 1608 2145 1667 universi
2165 1611 2450 1667 conditore
2497 1618 2550 1667 ct
2577 1610 2894 1666 ordinatore
2924 1608 3055 1674 Deo,
3085 1607 3219 1663 falsa
3248 1604 3482 1678 quadam

198 1704 312 1758 ἀπὺ
342 1701 439 1757 τοῦ
482 1704 604 1758 τόδε
635 1703 699 1758 τὸ
728 1704 840 1758 πᾶν
871 1702 1285 1776 συστησαμένου
1333 1706 1427 1758 καὶ
1458 1706 1801 1777 κεκοσμηκόο

197 1813 314 1860 τος,
350 1795 429 1859 ὡς
461 1795 795 1868 ὑψηλότερόν
826 1812 902 1859 τι,
931 1793 1027 1848 καὶ
1060 1793 1248 1866 μεῖζον
1285 1793 1501 1865 ἔχοντες
1534 1795 1800 1862 ἐπιδεῖξαι

199 1883 298 1937 τοῦ
328 1882 424 1935 τὸν
449 1882 706 1955 οὐρανὸν,
738 1883 834 1937 καὶ
857 1881 957 1954 τὴν
978 1882 1104 1953 γῆν,
1127 1883 1222 1936 καὶ
1243 1882 1420 1937 πάντα
1440 1883 1510 1940 τὰ
1536 1884 1596 1938 ὲν
1616 1885 1800 1952 αὐτοῖς

198 1973 566 2044 πεποιηκότος
585 1972 720 2027 Θεοῦ
739 1991 752 2004 ·
780 1971 1024 2038 πιθανῶς
1051 1975 1149 2044 μὲν
1164 1973 1496 2047 ἐπαγόμενοι
1516 1977 1605 2032 διά
1626 1977 1800 2048 λόγων

196 2063 401 2136 τέχνης
420 2064 547 2128 τοὺς
566 2064 860 2135 ἀκεραίους
881 2066 961 2130 είς
984 2064 1074 2119 τὸν
1089 2064 1185 2118 τοῦ
1209 2065 1391 2138 ζητεῖν
1412 2068 1637 2139 τρόπον,
1667 2071 1800 2133 ἀπι-

199 2155 383 2219 θάνως
422 2155 481 2208 δὲ
513 2156 846 2221 ἀπολλύντες
887 2157 1086 2221 αὐτοὺς
1127 2159 1185 2214 ἐν
1230 2159 1308 2231 τῷ
1350 2160 1666 2238 βλάσφημον
1706 2164 1802 2220 καὶ

198 2246 380 2317 ἀσεϐῆ
410 2246 510 2319 τὴν
541 2245 771 2320 γνώμην
807 2246 988 2303 αὐτῶν
1008 2249 1438 2316 κατασκευάζειν
1464 2254 1545 2318 είς
1575 2253 1667 2308 τὸν
1691 2257 1800 2326 Δη-

202 2340 488 2413 μιουργδν,
510 2340 644 2411 μηδὲ
664 2340 723 2393 ἐν
743 2340 818 2411 τῷ
833 2340 1130 2412 διακρίνειν
1144 2342 1161 2374 ⁸
1188 2342 1503 2414 δυναμένων
1526 2343 1586 2399 τὸ
1603 2344 1801 2415 ψεῦδος

198 2430 313 2484 ἀπὺ
338 2431 432 2485 τοῦ
468 2430 727 2504 ἀληθοῦς·
771 2434 806 2504 ἡ
856 2431 966 2504 γὰρ
1004 2432 1181 2505 πλάνη
1227 2434 1349 2490 καθ’
1373 2435 1544 2509 αὐτὴν
1576 2438 1676 2510 μὲν
1702 2439 1802 2493 οὐκ

199 2523 592 2591 ἐπιδείκνυται,
611 2525 698 2578 ἵνα
721 2524 797 2597 μὴ
824 2524 1172 2595 γυμνωθεῖσα
1196 2527 1418 2599 γένηται
1445 2529 1797 2602 κατάφωρος

202 2615 422 2687 πιθανῷ
444 2615 503 2670 δὲ
532 2616 903 2689 περιϐλήματι
939 2617 1266 2690 πανούργως
1297 2621 1670 2694 κοσμουμένη,
1709 2623 1804 2679 καὶ

199 2705 381 2775 αὐτῆς
414 2705 513 2777 τῆς
557 2707 816 2778 ἀληθείας
877 2708 1251 2782 ἀληθεστέραν
1295 2711 1496 2783 ἑαυτὴν
1540 2713 1802 2785 παρέχειν

202 2796 497 2867 φαίνεσθαι
517 2799 537 2829 ³
569 2798 661 2852 διὰ
685 2799 785 2869 τῆς
808 2799 1010 2865 ἔξωθεν
1035 2802 1337 2871 φαντασίας
1368 2805 1483 2868 τοῖς
1515 2804 1803 2879 ἀπειροτέ-

203 2904 325 2956 ροις
341 2902 356 2917 ·
381 2884 564 2951 καθὼς
580 2885 687 2941 ὑπὸ
707 2887 802 2941 τοῦ
829 2889 1136 2961 κρείττονος
1158 2892 1192 2963 ἠ
1201 2891 1319 2962 μῶν
1340 2891 1558 2964 εἴρηται
1580 2894 1803 2948 ἐπὶτῶν

201 2979 488 3043 τοιούτων,
523 2979 607 3033 ὅτι
633 2978 796 3034 Λίθον
833 2980 929 3035 τὸν
965 2981 1146 3053 τίμιον
1184 2982 1498 3056 σμάραγδον
1521 2984 1674 3050 ὄντα,
1709 2987 1804 3049 καὶ

203 3073 578 3145 πολυτίμητον
601 3091 742 3127 τισιν
772 3073 935 3138 ὕαλος
963 3074 1266 3147 ἐνυϐρίζειν
1297 3074 1387 3140 διὰ
1411 3075 1605 3153 τέχνης
1628 3094 1800 3149 παρο-

206 3165 535 3238 μοιουμένη,
563 3165 765 3220 ὁπόταν
791 3164 868 3239 μὴ
901 3169 1051 3241 ποιρῇ
1081 3166 1110 3231 ό
1134 3165 1339 3229 σθένων
1365 3168 1677 3240 δοκιμάσαι,
1708 3171 1804 3234 καὶ

201 3257 374 3329 τέχνῃ
395 3255 667 3324 διελέγξαι
701 3255 801 3328 τὴν
835 3255 1162 3327 πανούργως
1210 3256 1535 3329 γενομένην·
1570 3258 1701 3317 ὅταν
1746 3260 1806 3314 δὲ

204 3351 444 3421 ἐπιμιγῇ
473 3350 501 3402 ὁ
545 3347 746 3419 χαλκὸς
788 3348 868 3411 εἰς
905 3346 1001 3401 τὸν
1027 3348 1293 3423 ἄργυρον,
1331 3347 1417 3412 τίς
1447 3347 1683 3416 εὐκόλως
1715 3349 1805 3412 δυ-

202 3442 434 3512 νήσεται
464 3438 654 3503 τοῦτον
677 3438 953 3512 ἀκεραίως
982 3438 1309 3519 δοκιμάσαι,

1901 1700 2170 1758 abductos
2213 1703 2396 1774 specie
2432 1703 2784 1775 cognitionis,
2816 1703 2870 1757 in
2903 1699 3200 1773 perniciem
3230 1698 3484 1769 trahant;

1900 1793 2057 1864 quasi
2096 1794 2385 1851 sublimius
2429 1795 2638 1867 aliquid
2678 1809 2742 1851 ac
2781 1793 2961 1863 majus
2997 1806 3063 1848 eo
3106 1790 3488 1850 demonstrare

1901 1883 2136 1956 possint,
2173 1885 2268 1956 qui
2315 1886 2517 1945 coelum
2569 1894 2902 1957 terramque,
2946 1899 3012 1940 ac
3052 1899 3176 1958 qua:
3208 1884 3276 1945 iis
3303 1883 3487 1943 conti°

1902 1983 2104 2031 nentur
2135 1975 2319 2034 omnia
2362 1977 2704 2048 procrearit:
2760 1976 2899 2034 adeo
2928 1983 2989 2032 ut
3018 1973 3297 2046 simplices
3323 1973 3487 2036 mini-

1902 2083 2101 2145 meque
2133 2068 2307 2125 malos
2352 2070 2604 2126 homines
2634 2070 2835 2126 fucatis
2866 2067 3215 2127 sermonibus
3244 2064 3312 2121 ad
3342 2064 3489 2124 veri-

1904 2160 2031 2216 tatis
2052 2159 2455 2233 indagationem
2479 2162 2679 2218 blande
2700 2161 2999 2239 admodum
3034 2159 3285 2223 illiciant,
3304 2170 3487 2226 neque

1905 2262 2083 2312 tamen
2118 2253 2317 2311 blande
2358 2254 2483 2310 illos
2529 2255 2585 2310 in
2621 2253 2849 2310 exitium
2884 2252 3193 2326 impellant,
3225 2250 3356 2306 dum
3386 2247 3484 2311 ad-

1902 2361 2098 2403 versus
2152 2361 2333 2409 rerum
2378 2346 2626 2423 opiﬁcem
2673 2359 2899 2418 pronam
2941 2344 3011 2400 ad
3050 2340 3488 2403 maledicendum

1903 2439 2236 2511 impiamque
2272 2446 2509 2501 mentem
2549 2438 2824 2510 injiciuat,
2871 2438 3018 2510 quod
3060 2451 3250 2500 verum
3282 2448 3314 2495 β
3350 2433 3490 2498 falso

1903 2530 2218 2589 discernere
2250 2532 2583 2604 quibuscum
2618 2536 2788 2603 agunt
2842 2535 3162 2603 nequeant:
3199 2542 3310 2582 non
3340 2527 3487 2581 cnim

1894 2621 2118 2699 .falsitas
2148 2624 2296 2681 nuda
2345 2639 2412 2681 ac
2442 2624 2675 2694 simplex
2706 2622 3053 2694 proponitur,
3093 2635 3165 2675 ne
3202 2618 3320 2675 suis
3350 2618 3492 2675 inte-

1904 2719 2179 2785 gumentis
2210 2716 2428 2773 evoluta
2457 2715 2795 2788 deprehendi
2820 2714 2980 2771 facile
3003 2713 3209 2785 possit;
3239 2711 3336 2768 sed
3366 2726 3494 2782 spe-

1904 2807 2073 2863 ciosis
2097 2808 2398 2866 involucris
2420 2811 2563 2867 miro
2584 2808 2818 2864 artiﬁcio
2850 2806 3140 2879 perpolita,
3177 2814 3238 2860 ut
3263 2813 3492 2867 externa

1906 2912 2103 2970 pompa
2145 2906 2310 2971 atque
2346 2900 2498 2961 cultu
2530 2900 2760 2958 veritate
2799 2899 2920 2970 ipsa
2950 2893 3359 2971 quodammodo
3399 2909 3496 2950 ve-

1832 3012 1878 3074 C
1908 2989 2110 3046 riorem
2142 3006 2266 3047 sese
2287 2991 2571 3049 radiorum
2602 2991 2780 3048 oculis
2807 2990 3102 3060 subjiciat:
3134 2986 3486 3060 quemadmo-
3530 3038 3533 3041 ,

1905 3082 2035 3137 dum
2059 3081 2129 3137 ab
2151 3083 2336 3154 aliquo
2359 3084 2518 3156 longe
2536 3098 2699 3154 quam
2728 3098 2829 3139 nos
2852 3082 3233 3155 praestantiore
3258 3080 3327 3137 de
3344 3081 3496 3150 ejus-

1907 3172 2054 3230 modi
2085 3175 2505 3245 pronuntiatum
2539 3185 2655 3232 est:
2691 3174 2996 3246 Exquisita:
3014 3187 3246 3245 gemmae
3271 3185 3337 3226 ac
3362 3185 3491 3241 pre-

1903 3258 2214 3320 tiosissimae
2277 3264 2567 3337 smaragdo
2618 3263 2851 3326 similem
2897 3264 2968 3318 ab
3006 3259 3312 3317 artiﬁcibus
3371 3258 3490 3319 ﬁeri

1894 3353 2139 3421 ,vitrcum
2166 3354 2433 3427 lapillum,
2477 3369 2586 3412 non
2627 3354 2749 3411 sine
2780 3352 3020 3425 quadam
3062 3350 3210 3412 illius
3249 3348 3490 3427 injuria;

1909 3444 2015 3500 nisi
2049 3453 2250 3517 praesto
2283 3447 2378 3513 sit,
2412 3447 2504 3518 qui
2536 3445 2886 3503 discernendi
2910 3443 3108 3520 peritia
3138 3443 3338 3508 valeat,
3363 3442 3494 3514 qui-

204 3551 319 3609 que
343 3545 464 3591 arte
507 3550 610 3595 sua
660 3535 834 3594 frctus
877 3535 1242 3595 adulterinam
1295 3535 1442 3590 illam
1492 3550 1762 3608 gemmam
1827 3538 2253 3616 simulatamque
2293 3544 2622 3616 dignoscat:
2657 3544 2756 3602 sed
2776 3558 2903 3601 cum
2967 3558 3043 3602 cs
3108 3548 3340 3616 argento
3388 3539 3496 3606 mi-

206 3635 421 3693 scetur,
456 3628 583 3699 quis
608 3626 714 3689 hoc
743 3626 903 3684 facile
930 3627 1255 3701 sincereque
1282 3627 1610 3685 discernat?

281 3722 403 3783 Ἵνα
440 3716 536 3781 οὖν
572 3719 648 3794 μὴ
692 3719 791 3793 τὴν
820 3720 1097 3793 ἡμετέραν
1133 3720 1312 3775 αίτίαν
1348 3719 1808 3791 συναρπάζωνταί

203 3830 378 3879 τινες,
396 3813 476 3879 ὡς
494 3812 746 3884 πρόϐατα
772 3812 879 3866 ὑπὸ
901 3812 1104 3876 λύκων,
1143 3810 1467 3882 ἀγνοοῦντες
1494 3811 1690 3878 αὐτους
1720 3812 1808 3873 διά

206 3903 312 3977 τὴν
352 3902 560 3970 ἔξωθεν
604 3903 702 3975 τῆς
752 3902 1078 3976 προϐατείου
1119 3902 1282 3974 δορᾶς
1317 3901 1610 3974 ἐπιϐουλὴν
1628 3902 1670 3967 ⁸,
1714 3902 1809 3967 οὒς

206 3997 513 4067 φυλάσσειν
580 3995 965 4068 παρήγγελκεν
1005 3997 1141 4067 ἡμῖν
1177 3997 1206 4049 ὁ
1236 3993 1465 4066 Κύριος,
1505 3994 1667 4066 ὃμοια
1709 3995 1809 4066 μὲν

207 4086 537 4150 λαλοῦντας,
569 4086 802 4157 ἀνόμοια
832 4085 891 4140 δὲ
928 4084 1262 4159 φρονοῦντας
1281 4101 1295 4116 ·
1337 4086 1633 4155 ἀναγκαῖον
1666 4087 1806 4160 ήγη-

211 4183 423 4255 σάμην,
462 4177 700 4251 ἐντυχὼν
726 4180 838 4244 τοῖς
884 4179 1242 4251 ὑπομνήμασι
1269 4179 1400 4244 τῶν,
1434 4179 1511 4245 ὡς
1536 4180 1693 4236 αὐτοὶ
1716 4179 1802 4236 λέμ-

1984 3721 2347 3789 Quamobrem
2381 3734 2451 3776 ne
2481 3720 2575 3790 qui
2603 3720 2767 3791 culpa
2796 3729 2987 3775 nostra
3012 3730 3273 3789 tanquam
3299 3738 3430 3778 oves
3454 3739 3489 3781 α

1912 3808 2078 3880 lupis,
2106 3808 2187 3864 sic
2211 3808 2283 3864 ab
2309 3808 2420 3864 illis
2440 3807 2804 3878 abripiantur,
2836 3809 2996 3881 174
3017 3825 3155 3879 quos
3176 3811 3489 3893 oviumpel-

1890 3900 2057 3969 libus
2103 3906 2278 3955 tectos
2326 3899 2669 3971 ignorarint',
2707 3898 3022 3971 cujusmodi
3055 3900 3329 3957 cavendos
3367 3917 3494 3961 esse

1911 3990 2179 4046 Dominus
2204 3989 2466 4061 praecipit,
2494 4003 2728 4060 quorum
2752 3987 2950 4051 similis
2971 4003 3174 4054 sermo,
3205 3989 3493 4048 dissimilis

1911 4090 1998 4140 est
2024 4083 2275 4146 animus:
2310 4082 2686 4143 necessarium
2718 4082 2925 4154 putavi,
2956 4096 3082 4137 cum
3114 4081 3171 4138 in
3191 4080 3489 4152 Valentini,

1912 4184 1975 4233 ut
2001 4184 2277 4237 asserunt.
2305 4175 2701 4246 discipulorum
2726 4173 3150 4231 commentarios
3175 4174 3489 4243 inciderint,

211 4291 427 4345 γουσιν,
441 4271 796 4331 οὐαλεντίνου
816 4270 1094 4344 μαθητῶν,
1115 4272 1280 4337 ἐνίοις
1299 4272 1344 4326 δ’
1361 4272 1541 4331 αὐτῶν
1554 4272 1650 4329 καὶ
1670 4288 1804 4344 συμ-

1913 4281 2038 4323 cum
2071 4268 2281 4338 aliquot
2319 4266 2487 4322 etiam
2520 4280 2588 4321 ex
2622 4265 2842 4321 illorum
2883 4279 3114 4320 numero
3160 4280 3493 4338 congressus

210 4361 420 4429 ϐαλὼν.
459 4363 557 4416 καὶ
585 4361 1026 4433 καταλαϐόμενος
1059 4359 1161 4434 τὴν
1196 4359 1424 4433 γνώμην
1457 4359 1661 4426 αὐτῶν,
1701 4378 1810 4433 μη-

212 4455 375 4510 νῦσαὶ
394 4472 503 4520 σοι,
523 4454 793 4526 ἀγαπητὲ,
817 4452 887 4508 τὰ
906 4452 1186 4526 τερατώδη
1203 4453 1298 4513 καὶ
1319 4452 1490 4524 βαθέα
1514 4453 1809 4525 μυστήρια,

214 4546 255 4601 ἃ
282 4548 344 4600 ού
382 4546 589 4611 πάντες
615 4544 907 4618 χωροῦσιν,
936 4545 1059 4604 ἐπεὶ
1082 4544 1158 4617 μὴ
1181 4545 1382 4609 πάντες
1400 4544 1491 4598 τὸν
1512 4544 1811 4614 ἐγκέφαλον

217 4636 605 4701 ἑξεπτύκασιν,
655 4636 806 4700 ὅπως
842 4636 938 4699 καὶ
975 4636 1064 4701 σὺ,
1102 4633 1288 4707 μαθὼν
1326 4634 1487 4703 αὐτὰ,
1536 4637 1670 4690 πᾶσι
1696 4636 1811 4700 τοῖς

220 4729 367 4800 μετά
396 4728 493 4783 σοῦ
515 4728 728 4801 φανερὰ
749 4730 1006 4803 ποιήσῃς,
1024 4728 1119 4786 καὶ
1141 4728 1480 4800 παραινέσῃς
1504 4727 1685 4791 αὐτοῖς
1707 4744 1810 4797 φυ-

218 4818 490 4887 λάξασθαι
519 4820 613 4874 τὸν
645 4819 805 4891 βυθὸν
831 4820 933 4890 τῆς
965 4819 1173 4885 ἀνοίας,
1208 4819 1302 4873 καὶ
1328 4817 1430 4888 τῆς
1463 4817 1545 4881 είς
1572 4817 1808 4889 Χριστὸν

222 4911 576 4987 βλασφημίας
598 4928 613 4943 ·
650 4912 764 4979 καὶ,
795 4911 978 4977 καθὼς
1003 4902 1230 4982 δύναμις
1257 4913 1411 4982 ἡμῖν,
1452 4910 1551 4981 τήν
1575 4926 1636 4965 τε
1665 4908 1808 4978 γνῶ,-

225 5021 340 5076 μην
366 5003 547 5063 αὐτῶν
574 5003 684 5058 τῶν
712 4996 807 5060 νῦν
842 5003 1375 5075 παραδιδασκόντων,
1414 5001 1559 5070 λέγω
1597 5001 1662 5073 δὴ
1702 5001 1810 5055 τῶν

220 5112 359 5166 περι
386 5093 746 5166 Πτολεμαῖον,
779 5094 1099 5166 ἀπάνθισμα
1135 5088 1303 5148 οὖσαν
1325 5092 1425 5164 τῆς
1458 5091 1810 5147 Οὐαλεντίνου

298 5232 319 5265 ⁸
353 5228 499 5287 lren.
538 5230 614 5304 μὴ
637 5230 953 5302 διακρίνειν.
1026 5232 1048 5263 ¹
1079 5228 1141 5287 F.
1179 5230 1408 5302 παρέχει
1441 5229 1523 5285 vel
1560 5229 1829 5298 φαίνεται.

301 5346 419 5417 (69)
459 5347 556 5417 Ἐκ
586 5343 707 5399 τῶν
737 5343 845 5399 τοῦ
884 5343 1077 5413 ἁγίου.
1119 5343 1422 5417 Plurimum
1446 5343 1539 5417 vel
1564 5343 1669 5417 hoc
1699 5358 1812 5417 uno

232 5411 459 5486 nomine
480 5416 549 5475 de
575 5417 722 5486 omni
749 5411 1068 5486 posteritate
1091 5415 1323 5486 meritus
1337 5422 1424 5479 est
1445 5411 1804 5486 Epiphanius,

227 5485 387 5562 quod
413 5487 536 5554 ejus
578 5483 765 5549 studio
801 5483 1004 5562 factum
1045 5494 1151 5550 est,
1192 5494 1253 5538 ut
1282 5484 1467 5562 [renati
1492 5483 1799 5562 fragmenta

227 5552 600 5629 qua-dam__ex
646 5562 801 5609 tanto
845 5555 993 5629 illius
1024 5570 1250 5625 operum
1269 5552 1810 5629 naufragio'super-

224 5624 442 5688 essem.
485 5624 601 5681 Nos
629 5639 695 5680 ea
725 5640 849 5686 cum
881 5624 1077 5679 Latina
1115 5624 1283 5681 veteri
1335 5624 1804 5697 interpretatibne,

513 5722 771 5785 Pareat.
826 5720 942 5781 Gn.
970 5720 1106 5785 XLI

1916 4356 2135 4424 fuerim,
2178 4357 2305 4421 tibi,
2341 4371 2375 4415 ο
2400 4355 2745 4421 charissime,
2801 4362 3119 4427 portentosa
3149 4357 3240 4413 illa
3276 4373 3342 4414 ac
3365 4374 3495 4431 pro-

1917 4449 2086 4506 funda
2133 4448 2443 4521 signiﬁcare
2482 4448 2778 4521 mysteria;
2831 4464 2956 4519 quae
3003 4449 3220 4520 quidem
3268 4466 3376 4506 non
3422 4454 3490 4507 ad

1890 4551 2135 4613 captum
2158 4539 2404 4596 omnium
2428 4538 2658 4606 faciunt,
2684 4539 2828 4610 quod
2858 4555 2965 4595 non
2992 4555 3185 4599 omnes
3205 4541 3489 4598 cerebrum

1916 4633 2407 4704 exspuerint,utet
2436 4641 2492 4687 tu
2522 4632 2758 4704 cognitis
2781 4632 3159 4697 iis,universis
3184 4634 3277 4705 qui
3307 4642 3490 4691 tecum

1919 4731 2052 4781 sunt
2096 4723 2286 4780 eadem
2335 4722 2605 4789 declares,
2642 4737 2708 4778 ac
2748 4738 2996 4787 moneas,
3041 4724 3119 4777 uti
3162 4724 3492 4789 altissimum

1916 4818 2067 4878 illum
2105 4816 2351 4874 stultitiae
2394 4825 2558 4887 atque
2589 4815 2645 4869 in
2671 4815 2951 4872 Christum
2991 4816 3343 4887 blasphemiae
3366 4832 3496 4888 gur-

1892 4908 2077 4979 lgitem
2118 4906 2382 4963 dcvitent.
2435 4904 2642 4975 Itaque,
2688 4905 2871 4974 quoad
2918 4905 2973 4959 in
3021 4919 3108 4959 me
3155 4906 3320 4960 situm
3367 4904 3531 4971 erit,‘

1915 5012 2105 5054 eorum
2149 4997 2241 5068 qui
2289 4996 2495 5052 erroris
2539 4995 2703 5050 hodie
2742 4994 2994 5065 magistri
3039 5001 3187 5059 sunt,
3232 4995 3490 5049 nimirum

1915 5089 2225 5154 Ptolemaei,
2272 5088 2506 5160 ejusque
2553 5094 2919 5150 sectatorum,
2975 5086 3068 5158 qui
3112 5102 3177 5149 ex
3220 5084 3491 5143 Valentini

1905 5230 1926 5262 ³
1955 5225 2016 5282 F.
2048 5226 2329 5300 ἐπιϐολήν.
2403 5224 2465 5283 ⁸1
2499 5224 2639 5290 Tim.
2674 5239 2713 5288 l,
2749 5224 2803 5289 4,

1918 5342 2066 5415 quod
2099 5332 2446 5415 olim‘Billius
2481 5340 2708 5415 fecerat,
2735 5340 3024 5415 diligenter
3053 5340 3408 5415 contulimus.
3436 5346 3495 5415 et

1918 5410 2138 5477 nostras
2178 5411 2430 5483 Billiique
2476 5412 2825 5483 conjecturas
2863 5412 2930 5465 ad
2962 5411 3263 5482 marginem
3315 5410 3492 5466 ascri-

1917 5484 2150 5555 psimus.
2200 5482 2380 5566 neque
2419 5482 2729 5566 quidquam
2769 5482 2872 5565 nisi
2918 5498 2981 5536 ex
3032 5490 3273 5562 rete-rum
3326 5494 3488 5545 manu

1915 5552 2265 5612 exaratorum
2292 5552 2404 5611 ﬁde
2433 5552 2488 5610 in
2514 5552 2775 5611 contextu
2808 5553 2929 5623 ipso
2959 5552 3310 5607 mutavimus.

3026 5713 3087 5777 16
