3956 6070
478 201 573 261 691

1848 186 1907 243 S.
1947 181 2286 241 EPIPHANII

3620 178 3729 236 ‘49?

481 320 672 379 schola
690 315 1064 382 eﬂoruerunt,
1086 312 1414 372 sententiam
1443 317 1700 367 accurate
1723 322 1789 365 ac
1813 306 2052 365 breviter

2178 304 2367 377 αολῆς,
2386 303 2665 374 συντόμως
2683 302 2776 357 καὶ
2801 300 2983 372 σαφῶς
3002 296 3442 370 ἀπαγγελοῦμεν,
3458 299 3555 352 καὶ
3570 299 3743 371 ἀφορ-

472 425 790 484 -ex,ponam;
837 416 893 465 et
933 407 1002 462 ad
1033 420 1152 462 eam
1182 402 1530 462 refutandam
1570 400 1767 457 idonea
1799 414 1918 473 ,pro
1951 396 2059 454 mei

484 512 682 576 captus
704 501 997 572 exiguitate
1022 502 1345 568 argumenta
1365 508 1684 565 suggeram:
1711 491 1911 562 quibus
1935 502 2097 568 quae“

492 593 563 649 ab
609 591 716 646 illis
762 588 1026 644 dicuntur
1068 583 1406 656 perabsurda
1454 581 1787 651 minimeque
1842 578 2058 635 veritati

493 686 858 736 consentanea
902 689 1027 731 esse
1068 672 1554 738 demonstrabitur,
1605 669 1826 727 tametsi
1877 684 2060 741 neque

492 768 713 840 scriptis
744 767 1042 838 quidquam
1079 764 1403 831 elucubrare
1441 764 1840 827 consueverim,
1884 777 2060 832 neque

492 861 709 916 dicendi
734 861 857 915 sita
884 874 971 914 me
1000 857 1230 913 facultas
1257 857 1647 913 exercitatione
1667 855 1914 926 quaesita.
1954 853 2062 910 Sed

491 966 581 1007 me
614 950 854 1006 cbaritas
890 949 1162 1012 hortatur,
1211 932 1270 1001 ut
1308 962 1372 1002 ea
1417 946 1515 1001 tibi
1561 947 1781 1016 tuisque
1808 945 2062 1014 dogmata

487 1040 850 1115 patefaciam,
908 1055 1030 1112 quae
1072 1039 1140 1094 ad
1186 1040 1335 1094 hunc
1376 1038 1647 1093 occultata
1690 1036 1833 1092 diem
1877 1037 2063 1095 divina

489 1136 653 1191 modo
673 1133 845 1206 gratia
864 1137 1112 1204 prompta
1133 1132 1387 1188 omnibus
1410 1136 1706 1200 apertaque
1728 1138 1874 1185 sunt.
1910 1127 2062 1185 Nihil

481 1226 631 1280 enim
658 1224 735 1279 est
766 1223 1048 1281 occultum,
1084 1218 1222 1290 quod
1252 1235 1355 1274 non
1382 1217 1662 1285 reveletur,
1698 1229 1747 1274 et
1779 1218 2064 1275 abscondi-

495 1327 625 1380 tum,
660 1313 799 1385 quod
834 1331 938 1377 non
962 1313 1166 1368 sciatur
1185 1312 1224 1367 ί.
1372 1322 1377 1327 '
1606 1368 1615 1377 ,

564 1406 634 1462 X.
658 1406 949 1461 Enimvero
964 1404 1098 1459 nihil
1116 1403 1221 1460 erit
1236 1417 1336 1459 cur
1359 1417 1388 1457 a
1410 1402 1587 1467 nobis,
1605 1402 1697 1474 qui
1723 1403 1862 1458 inter
1882 1400 2080 1457 Gallos-

492 1495 759 1566 degimus,
791 1501 954 1565 atque
973 1495 1027 1550 in
1042 1495 1287 1552 barbarae
1306 1494 1505 1566 linguae
1524 1493 1877 1550 meditatione
1895 1492 2067 1563 pluri-

493 1601 644 1641 mum
677 1586 928 1657 occupati
970 1602 1179 1651 sumus,
1202 1587 1497 1641 oratoriam
1514 1586 1699 1657 exigas
1724 1585 2061 1648 facultatem,

2162 398 2268 469 μὰς
2310 394 2552 466 δώσομεν
2589 394 2725 450 κατά
2766 395 2864 466 τὴν
2908 394 3179 465 ἡμετέραν
3212 391 3561 463 μετριότητα,
3596 390 3735 462 πρὸς

2154 488 2219 542 τὸ
2246 487 2572 559 ἀνατρέπειν
2616 486 2806 557 αὐτὴν,
2859 484 3123 549 ἀλλόκοτα
3168 484 3263 538 καὶ
3308 482 3630 552 ἀνάρμοστα
3665 482 3735 552 τῇ

2115 564 2384 652 ’ἀληθείᾳ
2419 578 2817 642 ἐπιδεικνύντες
2845 577 2914 631 τὰ
2943 577 3034 630 ὑπ’
3068 575 3249 636 αὐτῶν
3274 573 3563 644 λεγόμενα,
3598 572 3737 643 μήτε

2161 672 2495 744 συγγράφειν
2537 670 2849 741 εἰθισμένοι,
2886 671 3025 740 μήτε
3059 668 3232 735 λόγων
3267 666 3462 735 τέχνην
3494 664 3740 734 ἠσκηκό-

2158 781 2247 828 τες
2268 781 2281 795 ο
2311 764 2529 834 ἀγάπης
2552 762 2609 816 δὲ
2629 763 2773 833 ἡμᾶς
2804 758 3253 832 προτρεπομένης
3285 755 3366 810 σοί
3394 771 3453 809 τε
3479 755 3576 808 καὶ
3597 755 3740 808 πᾶσι

2159 857 2273 918 τοῖς
2302 854 2438 925 μετά
2461 851 2553 906 σοῦ
2580 851 2814 923 μηνῦσαι
2834 851 2902 904 τά
2927 849 3086 921 μέχρι
3114 847 3212 911 μὲν
3233 846 3327 901 νῦν
3349 844 3739 918 κεκρυμμένα,

2160 945 2261 1016 ἤδη
2284 944 2341 998 δὲ
2366 942 2506 997 κατὰ
2532 942 2630 1014 τὴν
2659 942 2815 1014 χάριν
2854 940 2946 993 τοῦ
2978 937 3113 993 Θεοῦ
3148 940 3228 1001 είς
3276 935 3509 1008 φανερὸν
3538 935 3736 1006 ἐληλυ-

2163 1036 2292 1089 θότα
2330 1034 2651 1105 διδάγματα.
2714 1030 2902 1086 Οὐδὲν
2937 1032 3047 1100 γάρ
3085 1030 3218 1083 ἐστι
3260 1026 3740 1097 κεκαλυμμένον,

2162 1125 2195 1179 ὃ
2224 1127 2333 1180 οὐκ
2362 1120 2951 1192 ἀποκαλυφθήσεται,
2970 1120 3067 1174 καὶ
3094 1117 3379 1188 κρυπτὸν,
3419 1115 3452 1171 ὃ
3493 1118 3569 1171 οὐ
3591 1133 3745 1186 rru-

2162 1217 2471 1285 (γοήσεται.

2234 1393 2290 1450 1’.
2321 1389 2437 1447 Οὐκ
2469 1387 2818 1461 ἐπιζητήσεις
2839 1387 2895 1441 δὲ
2927 1389 3058 1458 παρ’
3082 1388 3237 1458 ήμῶν
3257 1387 3368 1462 (70)
3391 1389 3500 1444 τῶν
3524 1392 3584 1445 ἐν
3604 1390 3745 1444 Κελ-

2164 1485 2277 1546 τοῖς
2307 1480 2708 1553 διατριϐόντων,
2757 1478 2850 1534 καὶ
2893 1478 3020 1549 περὶ
3065 1476 3338 1551 βάρϐαρον
3378 1480 3658 1536 διάλεκτον
3684 1483 3746 1535 τὸ

2167 1575 2415 1629 πλεῖστον
2447 1569 2853 1642 ἀσχολουμένων
2882 1568 3055 1638 λόγων
3090 1570 3308 1641 τέχνην,
3362 1572 3428 1645 ἣν
3469 1573 3572 1627 οὐκ
3607 1574 3745 1644 ἐμά.

493 1691 658 1749 quam
676 1691 956 1747 nunquam
974 1676 1264 1732 didicimus
1279 1694 1294 1743 ;
1308 1691 1486 1746 neque
1506 1675 1776 1732 scribendi
1794 1674 2063 1745 peritiam,

2178 1669 2351 1740 Ξομεν,
2378 1665 2500 1720 οὔτε
2522 1665 2750 1735 δύναμιν
2772 1662 3154 1734 συγγραφέως,
3180 1664 3248 1734 ἣν
3273 1664 3374 1718 οὐκ
3395 1665 3743 1737 ἠσκήσαμεν,

493 1768 585 1824 cui
605 1783 882 1839 nunquam
902 1767 1239 1841 studuimus;
1265 1782 1441 1836 neque
1457 1767 1712 1823 dictionis
1726 1774 1973 1821 ornatum
2003 1780 2067 1821 ac

496 1859 703 1926 fucum,
737 1872 902 1929 quem
923 1858 1141 1929 penitus
1162 1859 1499 1930 ignoramus.
1527 1858 1667 1923 Quin
1694 1859 1874 1929 potius
1903 1871 2068 1928 quaea

496 1950 658 2005 nobis
691 1935 1032 2018 simpliciter,
1050 1960 1114 2003 ac
1143 1963 1270 2004 vere
1295 1948 1614 2017 vulgarique
1642 1962 1894 2004 sermone
1918 1950 1982 2003 ad
2016 1956 2069 2007 te

504 2054 575 2096 ex
595 2038 862 2094 cbaritate
883 2037 1223 2104 scribuntur,
1266 2052 1331 2094 ea
1362 2054 1428 2094 ex
1476 2039 1746 2094 cbaritate
1778 2041 2067 2110 suscipias,

502 2136 670 2200 atque
708 2135 900 2198 utpote
938 2129 1113 2200 magis
1145 2128 1211 2182 ad
1240 2128 1295 2184 id
1335 2129 1697 2200 praestandum
1718 2131 1965 2195 idoneus,
1989 2132 2070 2188 sic

490 2226 765 2289 tauquam
792 2216 1001 2272 semina
1018 2217 1265 2288 quaedam
1290 2225 1344 2273 et
1366 2218 1520 2273 initia
1542 2234 1573 2273 a
1594 2219 1754 2276 nobis
1770 2224 2068 2291 acceperis,

498 2322 641 2366 nova
673 2306 818 2379 apud
856 2314 913 2362 te
941 2307 1259 2364 accessione
1299 2308 1659 2378 locupletiore
1701 2308 1889 2377 facies,
1928 2319 1982 2368 et
2015 2313 2071 2367 in

497 2399 701 2457 mentis
727 2405 836 2455 tua:
859 2400 1159 2469 spatiosum
1187 2399 1370 2456 sinum
1394 2401 1695 2469 recondita,
1729 2419 1849 2474 qua:
1881 2404 2072 2476 paucis

501 2504 535 2544 a
559 2504 646 2544 me
670 2489 964 2558 perstricta
993 2495 1145 2555 sunt,
1169 2488 1422 2544 uberiore
1446 2488 1627 2546 fructu
1655 2494 2071 2562 compensabis:

502 2592 570 2633 ac
592 2577 832 2649 denique
858 2577 1126 2649 quidquid
1167 2592 1199 2632 a
1230 2593 1317 2633 me
1345 2592 1537 2649 parum
1574 2579 1805 2636 viriliter
1832 2583 2075 2653 explica—
2104 2592 2117 2600 '

503 2673 621 2721 tum
644 2665 829 2732 fuerit,
852 2667 996 2737 apud
1014 2674 1140 2722 tuos
1153 2680 1382 2722 nervose
1406 2666 1724 2738 fortiterque
1745 2668 2070 2740 disputabis.

502 2758 682 2829 Atque
710 2765 771 2814 ut
798 2772 897 2830 ego
922 2758 1019 2813 tibi
1048 2758 1267 2812 illorum
1297 2760 1618 2814 sententiam
1644 2760 1951 2830 perdiscere
1980 2778 2074 2818 cu-

502 2847 698 2918 pienti,
733 2862 842 2902 non
882 2862 1003 2902 eam
1040 2846 1204 2901 modo
1234 2845 1516 2903 declarare
1548 2848 1751 2917 studui,
1792 2851 1950 2922 175
1979 2854 2075 2909 sed

2165 1758 2289 1813 οὔτε
2322 1754 2705 1827 καλλωπισμὸν
2732 1755 2950 1824 λέξεων,
2984 1753 3106 1807 οὔτε
3141 1752 3498 1828 πιθανότητα,
3550 1757 3618 1825 ἢν
3646 1756 3746 1811 οὒκ

2167 1849 2403 1922 οἴδαμεν.
2453 1846 2610 1901 Ἀλλά
2641 1846 2827 1911 ἁπλῶς
2853 1846 2948 1901 καὶ
2990 1848 3204 1921 ἀληθῶς
3232 1851 3325 1904 καὶ
3362 1846 3648 1913 ἰδιωτικῶς
3678 1848 3746 1901 τὰ

2172 1943 2310 2017 μετὰ
2337 1940 2557 2011 ἀγάπης
2594 1957 2674 1993 σοι
2703 1938 3001 2011 γραφέντα,
3048 1937 3185 2007 μετά
3228 1938 3449 2010 ἀγάπης
3479 1939 3545 1992 σὺ
3576 1954 3747 2011 προσ-

2167 2035 2313 2107 δέξῃ,
2336 2031 2429 2087 καὶ
2449 2031 2609 2095 αὐτὸς
2632 2030 2886 2100 αὐξήσεις
2912 2028 3051 2085 αὐτὰ
3072 2029 3221 2103 παρὰ
3248 2027 3477 2101 σεαυτῷ,
3502 2029 3599 2084 ἀτε
3628 2031 3746 2085 lxa-

2169 2124 2398 2195 νώτερος
2424 2121 2580 2193 ἡμῶν
2613 2120 2914 2191 τυγχάνων,
2950 2121 3111 2175 οἱονεὶ
3146 2119 3434 2192 σπέρματα
3450 2120 3546 2174 καὶ
3572 2120 3748 2193 ἀρχὰς

2169 2213 2347 2270 λαϐὼν
2364 2213 2493 2285 παρ’
2505 2213 2538 2282 ή
2545 2210 2682 2283 μῶν,
2695 2210 2787 2263 καὶ
2799 2209 2956 2280 ⁸ἔινξτίξ)
2972 2210 3161 2265 πλάτει
3180 2226 3273 2263 σου
3291 2209 3382 2263 τοῦ
3396 2208 3486 2263 νοῦ
3501 2210 3595 2264 ἐπὶ
3612 2209 3746 2264 πολὺ

2172 2295 2615 2377 καρποφορήσεις
2633 2300 2701 2354 τὰ
2724 2300 2793 2353 δι’
2819 2298 3013 2368 ὀλίγων
3037 2298 3125 2367 ὑφ’
3154 2297 3311 2370 ήμῶν
3338 2298 3625 2370 εἰρημένα,
3657 2298 3750 2352 καὶ

2171 2394 2412 2459 δυνατῶς
2434 2392 2807 2466 παραστήσεις
2846 2392 2956 2453 τοῖς
2988 2389 3125 2460 μετά
3156 2388 3249 2442 σοῦ
3292 2388 3360 2442 τὰ
3392 2388 3632 2452 ἀσθενῶς
3656 2390 3749 2459 ὑφ’

2172 2486 2328 2560 ἡμῶν
2358 2482 2758 2557 ἐπηγγελμένα.
2813 2482 2922 2535 Καὶ
2958 2481 3033 2544 ὡς
3066 2481 3225 2554 ἡμεῖς
3255 2479 3745 2552 έφιλοτιμήθημεν,

2173 2579 2339 2635 πάλαι
2366 2574 2655 2648 ζητοῦντος
2698 2589 2790 2626 σου
2842 2571 3032 2643 μαθεῖν
3064 2570 3164 2643 τὴν
3192 2570 3418 2642 γνώμην
3446 2571 3645 2639 αὐτῶν,
3673 2572 3751 2643 μὴ

2176 2671 2337 2743 μόνον
2384 2684 2466 2720 σοι
2500 2666 2720 2736 ποιῆσαι
2748 2662 3003 2734 φανερὰν,
3056 2661 3191 2717 ἀλλὰ
3220 2663 3313 2716 καὶ
3350 2663 3537 2733 ἐφόδια
3567 2664 3752 2719 δοῦναι

2176 2760 2311 2832 πρὸς
2338 2757 2397 2812 τὸ
2433 2755 2787 2810 ἐπιδεικνύειν
2815 2754 2984 2826 αὐτὴν
3029 2753 3226 2825 ψευδῆ·
3282 2752 3423 2829 οὕτω
3459 2753 3517 2807 δὲ
3550 2754 3651 2808 καί¹
3684 2755 3751 2807 σὺ

2175 2850 2466 2922 φιλοτίμως
2491 2850 2605 2911 τοῖς
2642 2847 2847 2909 λοιποῖς
2876 2845 3238 2917 διακονήσεις,
3268 2844 3406 2900 κατά
3442 2845 3546 2917 τὴν
3589 2845 3752 2918 χάριν

504 2936 702 2991 idonea
731 2949 950 3006 quoque
980 2935 1232 3006 praesidia
1262 2936 1328 2991 ad
1356 2937 1503 2992 illam
1532 2940 1958 2997 convincendam
1992 2951 2075 2998 at-

2178 2945 2275 3016 τὴν
2304 2941 2442 3014 πρὸς
2470 2938 2561 2994 τοῦ
2580 2937 2784 3010 Κυρίου
2810 2953 2891 2991 σοι
2914 2936 3225 3009 δεδομένην,
3250 2939 3330 3001 είς
3349 2937 3410 2990 τὸ
3435 2936 3635 3008 μηκέτι
3651 2955 3753 2991 παι

494 3024 638 3081 ιυιίε
689 3027 763 3082 ita
815 3034 871 3081 et
908 3035 969 3082 tu
997 3041 1099 3099 pro
1125 3041 1187 3082 ea
1215 3042 1338 3097 quae
1364 3036 1542 3085 tecum
1578 3043 1609 3083 a
1637 3028 1749 3086 Deo
1771 3034 2075 3089 communi-

493 3126 629 3175 :cata
661 3112 834 3189 gratia
869 3128 973 3185 est,
1011 3124 1334 3174 caeterorum
1387 3120 1633 3190 impense
1677 3123 1985 3183 rationibus
2021 3136 2076 3183 et

2185 3032 2510 3108 ρασύρεσθαι
2528 3029 2655 3093 τοὺς
2679 3027 2994 3100 ἀνθρώπους
3021 3027 3125 3082 ὑπὸ
3153 3030 3258 3099 τῆς
3282 3024 3506 3082 ἐκείνων
3534 3027 3752 3083 πιθανο-

2179 3126 2365 3198 λογίας
2390 3122 2554 3192 οὔσης
2582 3120 2859 3189 τοιαύτης

507 3213 723 3268 utilitati
744 3210 974 3277 servies,
992 3227 1061 3268 ne
1085 3213 1140 3267 in
1158 3220 1435 3282 posterum
1457 3214 1744 3285 quisquam
1768 3218 1963 3277 blanda
1982 3223 2195 3281 illorum
2221 3221 2466 3279 oratione
2480 3218 2743 3287 capiatur.
2765 3216 2895 3282 Quae
2925 3214 2981 3269 in
3000 3214 3146 3271 hunc
3167 3215 3386 3272 modum
3409 3232 3532 3274 sese
3554 3217 3714 3273 habet
3736 3233 3754 3269 :

574 3305 853 3378 Principio
890 3308 947 3362 in
973 3306 1400 3363 sublimitatibus
1427 3308 1556 3376 illis,
1606 3326 1727 3380 quas
1755 3327 1931 3384 neque
1954 3317 2080 3375 visu

496 3399 735 3472 percipi,
782 3413 959 3469 neque
997 3398 1363 3469 appellatione
1391 3399 1499 3453 ulla
1527 3403 1913 3471 comprehendi
1946 3421 2074 3478 pos—

500 3497 664 3555 sunt,
698 3489 998 3560 perfectum
1024 3490 1203 3545 inesse
1229 3490 1520 3559 quemdam
1546 3491 1779 3549 Eonem
1802 3507 2077 3566 asserunt,

502 3593 676 3649 quem
705 3584 763 3633 et
796 3578 1031 3647 primum
1068 3576 1383 3643 Parentem,
1415 3574 1470 3633 et
1500 3577 1732 3650 Bytbum
1771 3585 2079 3643 nominant.

505 3664 673 3722 Hunc
711 3680 836 3720 cum
876 3665 1027 3720 nullo
1076 3665 1199 3721 loco
1227 3667 1495 3723 contineri
1534 3684 1636 3725 nec
1673 3670 1846 3727 videri
1875 3684 2078 3743 posset,

506 3756 901 3826 sempiternum
933 3769 1035 3811 nec
1062 3756 1302 3827 genitum
1331 3756 1386 3811 in
1420 3758 1604 3828 quiete
1626 3767 1791 3831 atque
1819 3763 1933 3818 otio
1960 3763 2084 3818 inﬁ-

510 3848 648 3903 nitis
687 3860 1068 3918 perseverasse
1134 3848 1368 3903 saeculis.
1411 3850 1657 3917 Quocum
1692 3851 1952 3908 Ennmam
1983 3869 2082 3910 ex-

501 3923 722 3995 stitisse
744 3937 970 4009 pariter,
997 3952 1162 4007 quam
1191 3937 1285 3993 isti
1316 3936 1559 3994 Gratiam
1584 3954 1649 3996 ac
1670 3940 1835 4011 Sigen
1864 3951 2080 3999 vocant.

510 4026 779 4096 Acfuisse
793 4035 1008 4097 tempus
1025 4026 1341 4097 aliquando,
1361 4042 1484 4082 cum
1506 4027 1713 4101 Bythus
1729 4031 1820 4087 ille
1838 4032 2082 4087 omnium

499 4134 582 4176 ex
616 4133 738 4174 sese
767 4116 1067 4187 primordia
1086 4117 1390 4187 producere
1417 4120 1689 4187 voluerit,
1725 4135 1788 4176 ac
1823 4130 2085 4193 tanquam

513 4208 744 4273 semina,
775 4222 898 4278 quae
921 4207 980 4262 in
1001 4206 1164 4279 Sigen
1191 4208 1453 4278 aqualem
1487 4224 1553 4265 ac
1592 4226 1899 4282 comparem
1927 4228 2081 4268 suam

2252 3316 2481 3385 Λέγουσι
2508 3311 2618 3381 γὰρ
2638 3308 2759 3364 τινὰ
2780 3306 2920 3362 εἶναι
2941 3309 2999 3362 ἐν
3024 3309 3276 3380 ἀοράτοις
3302 3310 3394 3362 καὶ
3417 3309 3754 3380 ἀκατονομά-

2182 3423 2327 3470 στοις
2348 3402 2602 3475 ύψὼμασι
2632 3400 2834 3455 τέλειον
2859 3400 3040 3454 Αίῶνα
3062 3401 3295 3471 προόντα
3314 3415 3330 3430 ’
3363 3401 3554 3454 τοῦτον
3576 3401 3633 3454 δέ
3663 3402 3754 3455 καὶ

2180 3497 2506 3571 Προπάτορα
2520 3496 2564 3560 ⁸,
2583 3492 2675 3547 καὶ
2696 3491 2862 3545 Βυθδν
2882 3492 3155 3546 καλοῦσιν.
3173 3492 3519 3563 ’Υπάρχοντα
3535 3492 3582 3546 δ’
3596 3492 3757 3546 αὐτὸν

2181 3582 2461 3654 ἀχώρητον
2506 3579 2601 3633 καὶ
2648 3578 2896 3650 ἀόρατον,
2935 3579 3106 3634 ἀΐδιόν
3136 3596 3196 3632 τε
3218 3580 3314 3634 καὶ
3345 3580 3663 3653 ἀγέννητον,
3699 3583 3757 3636 ἐν

2182 3672 2408 3746 ἠσυχίᾳ,
2460 3669 2553 3724 καὶ
2600 3668 2807 3742 ἠρεμίᾳ
2862 3669 3028 3741 πολλῇ
3078 3669 3359 3739 γεγονέναι
3404 3672 3462 3724 ἐν
3511 3673 3758 3745 ἀπείροις

2190 3762 2350 3817 αἱῶσι
2379 3761 2602 3832 χρόνων.
2648 3759 3020 3831 Συνυπάρχειν
3042 3758 3086 3812 δ’
3108 3761 3257 3831 αὐτῷ
3280 3762 3373 3814 καὶ
3395 3763 3664 3830 Ἐννοιαν,
3689 3766 3758 3838 ἦν

2185 3854 2251 3925 δὴ
2272 3852 2365 3906 καὶ
2392 3852 2586 3921 Χάριν,
2621 3850 2716 3904 καὶ
2735 3850 2902 3919 Σιγὴν
2929 3847 3252 3920 ὀνομάζουσι
3274 3870 3287 3883 ·
3308 3851 3403 3906 καὶ
3436 3853 3757 3927 ὲννοηθῆναί

2188 3961 2318 3998 ποτε
2340 3944 2433 4011 ἀφ’
2463 3940 2655 3995 ἑαυτοῦ
2680 3939 3043 4013 προϐαλέσθαι
3068 3941 3161 3996 τὸν
3182 3942 3350 3998 Βυθδν
3370 3942 3565 3999 τοῦτον
3584 3946 3757 4020 ἀρχὴν

2188 4032 2295 4086 τῶν
2319 4031 2558 4087 πάντων.
2582 4030 2676 4085 καὶ
2701 4028 2952 4101 καθάπερ
2975 4030 3193 4103 σπέρμα
3215 4032 3315 4102 τὴν
3335 4033 3607 4107 προϐολὴν
3630 4035 3759 4089 ταύ-

2187 4139 2306 4192 την,
2349 4122 2416 4192 ἢν
2446 4119 2808 4192 προϐαλέσθαι
2839 4120 3113 4191 ἐνενοήθη,
3150 4123 3245 4176 καὶ
3285 4122 3572 4192 καθέσθαι,
3599 4126 3675 4190 ὡς
3699 4129 3758 4181 ἐν

2191 4213 2374 4282 μήτρᾳ
2405 4210 2538 4281 (71),
2579 4212 2645 4280 τῇ
2684 4209 3100 4283 συνυπαρχούσῃ
3133 4212 3313 4284 ἐαυτῷ
3344 4215 3503 4286 Σιγῇ.
3540 4216 3760 4287 Ταύτην

515 4298 677 4369 quasi
710 4299 991 4354 matricem
1025 4297 1246 4354 infudit.
1285 4298 1416 4354 Eam
1448 4316 1614 4372 porro
1640 4304 1848 4360 semine
1873 4305 1967 4360 illo
1989 4321 2075 4361 ex-

2187 4300 2243 4353 δὲ
2272 4299 2672 4370 ὑποδεξαμένην
2699 4299 2760 4352 τὸ
2782 4299 3003 4370 σπέρμα
3031 4300 3207 4366 τοῦτο,
3241 4303 3333 4357 καὶ
3363 4303 3643 4376 ἐγκύμονα
3665 4322 3761 4375 γε-

510 4396 674 4460 cepto
704 4390 1006 4460 gravidam,
1032 4393 1250 4447 domum
1282 4391 1518 4448 similem
1546 4395 1780 4464 genitori
1805 4395 2086 4464 suo,Nun,

515 4480 889 4550 aqualemque
917 4481 1213 4552 peperisse,
1245 4483 1338 4553 qui
1370 4484 1521 4540 solus
1537 4483 1791 4541 Parentis
1818 4487 2091 4558 magnitu-

506 4570 699 4627 dinem
720 4579 958 4642 caperet.
989 4571 1392 4628 EumdemNun
1407 4575 1569 4629 etiam
1592 4574 1890 4647 Unigenam
1912 4578 2090 4633 nomi-

517 4669 670 4725 nant,
704 4671 768 4717 οι
810 4661 1050 4727 Patrem,
1103 4669 1158 4717 et
1200 4661 1536 4732 Principium
1573 4679 1756 4720 rerum
1801 4669 2089 4735 omnium;

518 4765 753 4821 quocum
783 4766 891 4807 uua
923 4760 1211 4823 procreata
1240 4754 1313 4809 sit
1344 4752 1582 4811 Veritas.
1643 4756 1796 4812 Hanc
1822 4773 1946 4815 esse
1974 4759 2089 4829 pri-

517 4856 662 4896 mam
679 4854 743 4896 ac
762 4843 1059 4914 principem
1084 4843 1235 4898 illam
1250 4842 1727 4917 Pythagoraeorum
1746 4848 2088 4919 quadrigam,

515 4950 679 5009 quam
700 4944 755 4993 et
770 4926 1147 4992 universorum
1171 4936 1409 4999 radicem
1432 4937 1722 5008 appellant.
1749 4939 1886 4993 Sunt
1907 4947 2087 4995 autem

506 5027 721 5103 Bythus
750 5044 813 5084 ac
840 5027 1000 5099 Sige;
1049 5036 1166 5083 tum
1198 5027 1313 5083 Nus
1353 5042 1419 5082 ac
1454 5025 1689 5082 Veritas.
1723 5026 1934 5092 Postea,
1961 5043 2086 5083 cum

518 5118 716 5187 quibus
739 5117 807 5173 de
827 5117 1009 5174 causis
1028 5116 1331 5187 productus
1354 5124 1501 5172 esset
1530 5113 1777 5187 Unigena
1795 5117 2082 5182 sensisset,

2184 4390 2414 4461 νομένην
2442 4391 2753 4461 ἀποκυῆσαι
2785 4391 3137 4462 Νοῦν,ὄμοιόν
3168 4410 3227 4447 τε
3251 4394 3346 4447 καὶ
3372 4393 3489 4449 ἴσον
3519 4396 3600 4467 τῷ
3625 4414 3761 4470 προ-

2186 4481 2418 4543 ϐαλόντι,
2454 4478 2547 4533 καὶ
2578 4479 2737 4551 μόνον
2762 4481 3040 4552 χωροῦντα
3066 4483 3127 4536 τὺ
3156 4483 3383 4555 μέγεθος
3405 4486 3502 4540 τοῦ
3523 4488 3756 4558 Πατρός.

2185 4571 2289 4624 Τὸν
2331 4570 2389 4623 δὲ
2417 4568 2562 4624 Νοῦν
2592 4570 2780 4625 τοῦτον
2821 4572 2914 4626 καὶ
2938 4574 3212 4643 Μονογενῆ
3244 4574 3491 4642 καλοῦσι,
3526 4579 3621 4630 καὶ
3646 4579 3760 4631 Πα-

2183 4661 2339 4732 τέρα,
2371 4661 2465 4714 καὶ
2506 4660 2702 4732 Ἀρχὴν
2729 4661 2836 4716 τῶν
2867 4663 3113 4718 πάντωψ
3156 4667 3673 4737 συμπροϐεϐλῆσθαι
3698 4670 3759 4723 δὲ

2184 4752 2331 4824 αὑτῴ
2345 4750 2643 4823 Ἀλήθειαν.
2661 4754 2771 4807 Καὶ
2786 4751 2924 4808 εἶναι
2943 4755 3145 4825 ταύτην
3172 4755 3388 4826 πρῶτον
3408 4757 3429 4788 ³
3480 4758 3577 4811 καὶ
3595 4758 3761 4829 ἀρχέ-

2185 4859 2341 4912 γονον
2382 4841 2762 4915 Πυθαγορικὴν
2815 4846 3147 4917 τετρακτὺν,
3200 4847 3268 4917 ἣν
3311 4846 3405 4900 καὶ
3449 4847 3608 4918 ῥίζαν
3647 4848 3760 4902 τῶν

2184 4933 2403 4988 πάντων
2427 4932 2700 4988 καλοῦσιν.
2751 4935 2907 4989 Ἐστι
2935 4935 3042 5008 γὰρ
3067 4936 3235 4999 Βυθὸς
3257 4937 3350 4991 καὶ
3368 4938 3540 5008 Σιγὴ,
3568 4936 3760 4992 ἔπειτα

2183 5025 2328 5089 Νοῦς
2354 5026 2446 5079 καὶ
2477 5025 2751 5098 Ἀλήθεια.
2786 5026 3119 5098 Αισθόμενόν
3136 5045 3195 5081 τε
3217 5029 3308 5081 τὸν
3329 5029 3615 5099 Μονογενῆ
3632 5029 3761 5083 τοῦ·

2182 5133 2274 5171 τον
2305 5118 2392 5187 ἐφ’
2429 5113 2512 5182 οἷς
2551 5117 2880 5190 προεϐλήθη,
2921 5119 3210 5190 προϐαλεῖν
3255 5120 3349 5173 καὶ
3398 5120 3565 5173 αὑτὸν
3591 5120 3761 5191 Λόγον

556 5291 575 5324 ¹
611 5288 800 5346 Matth.
828 5305 888 5359 ι,
920 5290 1012 5348 26.
1087 5293 1108 5324 ²
1131 5290 1272 5351 lren.
1301 5294 1394 5347 καὶ
1418 5293 1718 5367 προαρχὴν,
1750 5295 1861 5350 καί.
1930 5295 1949 5326 ³
1973 5297 2055 5351 An

2178 5292 2343 5367 ὒτηνῖ

593 5471 699 5546 βο)
740 5472 863 5527 Οὐκ
897 5472 1267 5542 ἐπιζητήσας
1296 5475 1364 5529 δὲ
1398 5477 1533 5544 παρ’
1560 5474 1744 5545 ἡμῶν.
1773 5475 1927 5542 Quod
1937 5491 2079 5600 ,ρον-

593 5559 700 5597 ram
734 5549 889 5599 antea
920 5544 1140 5600 Δέλφοις
1160 5560 1257 5600 pro
1282 5545 1502 5600 Κελτοῖς
1527 5546 1906 5600 |eaebatur.ex
1986 5563 2066 5600 ea.

519 5544 700 5606 peram
734 5549 889 5599 antea
920 5544 1140 5615 Δέλφοις
1159 5560 1257 5616 pro
1282 5545 1502 5609 Κελτοῖς
1527 5544 1826 5616 legebatur,
1843 5562 1906 5602 ex
1937 5544 2049 5618 Reg

2185 5477 2307 5533 cod.
2341 5479 2664 5534 auctoritate
2699 5480 3043 5536 sustulimus.

2250 5548 2354 5619 (Ἠ)
2404 5550 2506 5603 Kal
2549 5548 2833 5606 καθέσοαι
2870 5550 2950 5616 ὠς
2982 5552 3051 5605 ἐν
3073 5552 3288 5621 μήτρᾳ.
3334 5552 3593 5630 Expung.
3641 5556 3764 5619 καί.
