3956 6070
236 267 337 322 497

940 275 1310 338 ADVERSUS
1349 281 1690 340 IM‘ZRESES
1727 282 1843 339 LIB.

1982 282 2146 340 ΤΟΜ.
2187 281 2252 339 ιι.
2296 316 2363 327 -
2402 287 2680 348 lleRES.
2709 288 2900 348 XXXI.

3393 298 3496 354 498

236 384 507 458 ζητοῦσαν
549 389 651 461 τὴν
693 393 892 459 αίτίαν,
927 397 1022 452 καὶ
1053 399 1234 454 ὅντινα
1273 402 1471 473 τρόπον
1512 403 1821 476 ἀπτοκρυιξιει

1945 422 2175 463 nancam
2239 405 2660 479 inchoatamque
2712 407 3116 479 generationem
3167 408 3352 467 animo
3401 411 3501 466 do-

233 479 294 531 τδ
340 478 516 548 γένος.
551 482 1083 564 Ἐγκαταγενομένην
1124 492 1182 546 δὲ
1225 495 1336 556 τοῖς
1379 493 1576 548 πάθεσι
1628 495 1812 549 λαϐεῖν

234 572 595 645 ἐπιστροφὴν,
628 577 722 630 καὶ
756 578 848 632 ἐπὶ
893 580 984 634 τὸν
1020 583 1231 658 Πατέρα
1259 585 1588 656 ἀναδραμεῖν
1618 603 1812 656 πειραο

237 661 453 731 σθῆναι,
489 665 584 718 καὶ
630 667 792 740 μέχρι
837 670 984 735 τινὸς
1038 671 1380 746 τολμήσασαν
1434 676 1811 746 ὲξασθενῆσαι,

237 753 334 806 καὶ
372 755 541 809 ἱκέτιν
569 757 666 810 τοῦ
699 760 911 832 Πατρὺς
933 763 1206 832 γενέσθαι.
1241 767 1597 839 Συνδεηθῆναι
1629 768 1686 822 δὲ
1715 770 1814 824 αὐ-

236 844 303 912 τῇ
337 844 584 911 καὶτοὺς
616 847 834 914 λοιποὺς
859 854 1094 922 Αίῶνας,
1127 856 1362 926 μάλιστα
1404 857 1460 910 δὲ
1508 858 1602 912 τὸν
1649 859 1812 914 Νοῦν.

252 933 533 991 Ἐντεῦθεν
565 938 784 1008 λέγουσι
814 944 1036 1016 πρώτην
1061 947 1233 1019 ἀρχὴν
1266 950 1559 1020 ἐσχηκέναι
1591 952 1689 1022 τῆν
1723 951 1815 1004 οὐ-

241 1024 364 1079 σίαν
388 1029 455 1082 ὲκ
479 1030 609 1100 τῆς¹
644 1032 887 1102 ἀγνοίας,
925 1037 1019 1089 καὶ
1061 1041 1159 1109 τῆς
1185 1039 1382 1110 λύπης,
1410 1041 1505 1095 καὶ
1528 1040 1623 1094 τοῦ
1651 1042 1816 1112 φόϐου

239 1117 337 1170 καὶ
365 1118 468 1189 τῆς
498 1121 927 1192 ὲκπλήξεως.έ’0
973 1126 1030 1180 δὲ
1079 1129 1264 1201 Πατὴρ
1302 1131 1394 1185 τὸν
1427 1133 1820 1204 προειρημένον

242 1208 411 1280 ὐρον
439 1211 532 1265 ἐπὶ
550 1212 760 1278 τούτοις
785 1216 872 1270 διὰ
897 1218 991 1271 τοῦ
1017 1221 1355 1289 Μονογενοῦς
1382 1223 1745 1294 προϐάλλεται
1763 1227 1820 1278 ὲν

238 1303 411 1356 εἰκόνι
466 1305 573 1377 ἰδία
627 1306 922 1378 ἀσύζυγον,
949 1311 1264 1383 ἀθήλυντον.
1295 1314 1400 1369 Τὸν
1445 1315 1554 1386 γὰρ
1607 1317 1824 1388 Πατέρα

241 1392 376 1444 ποτὲ
404 1393 503 1463 μὲν
526 1394 664 1465 μετά
693 1397 953 1466 συζυγίας
979 1402 1078 1471 τῆς
1106 1403 1292 1473 Σιγῆς,
1323 1405 1451 1457 ποτὲ
1479 1405 1536 1457 δὲ
1567 1405 1661 1459 καὶ
1683 1406 1824 1478 ὑπὲρ

240 1483 434 1555 ἄρρεν,
471 1486 566 1538 καὶ
612 1486 754 1558 ὑπὲρ
799 1488 933 1558 θῆλυ
981 1487 1120 1545 εἶναι
1170 1494 1400 1548 θέλουσι.
1431 1496 1534 1550 Τὸν
1578 1497 1635 1550 δὲ
1659 1497 1825 1568 Ὃρον

241 1569 434 1625 τοῦτον
478 1574 573 1626 καὶ
602 1575 1023 1650 Συλλυτρωτὴν¹
1054 1581 1148 1634 καὶ
1181 1583 1504 1655 Καρπιστὴν
1534 1584 1630 1637 καὶ
1671 1584 1826 1657 Ὀροο

242 1662 408 1734 θέτην
441 1665 534 1717 καὶ
561 1667 906 1736 Μεταγωγέα
936 1670 1177 1726 καλοῦσι.
1202 1673 1298 1726 Διά
1319 1673 1377 1726 δὲ
1395 1674 1489 1726 τοῦ
1514 1675 1682 1747 Ὄρου
1707 1674 1830 1728 τού-

1917 500 2088 556 luisse
2115 519 2128 555 :
2165 507 2281 554 tum
2314 501 2488 556 vereri
2516 501 2771 570 cmpisse,
2805 516 2875 558 ne
2907 503 2994 557 vel
3023 501 3143 572 ipsa
3174 517 3296 559 esse
3323 502 3501 558 omni-

1915 605 1988 645 no
2039 589 2334 647 desineret.
2386 589 2730 660 Proindeque
2789 592 3075 646 attonitam
3137 599 3190 648 et
3247 592 3500 648 haesitan-

1916 691 2023 740 tem
2049 698 2273 740 causam
2304 682 2566 752 indagare
2596 683 2922 751 instituisse,
2955 699 3020 740 ac
3040 685 3498 755 quemadmodum

1880 773 2085 830 .fetum
2119 791 2278 830 suum
2307 776 2586 832 occultare
2615 783 2821 844 posset.
2860 776 3003 847 Ergo
3042 777 3099 831 in
3147 776 3377 847 pristina
3408 777 3500 831 illa

1919 868 2286 924 commotione
2315 873 2758 938 perseverantem
2807 869 3146 926 convertisse
3169 884 3312 935 sese,
3347 876 3403 924 et
3432 868 3500 923 ad

1919 957 2201 1014 Parentem
2237 959 2517 1016 studuisse
2545 974 2846 1016 recurrere.
2881 961 3042 1030 178
3061 959 3217 1026 Quod
3244 975 3368 1014 cum
3401 959 3503 1014 ali-

1920 1060 2126 1122 quanto
2162 1060 2404 1122 tempore
2435 1053 2830 1118 contendisset,
2864 1053 3225 1108 succubuisse
3250 1052 3500 1120 demum,

1923 1149 2087 1212 atque
2129 1142 2194 1197 ad
2239 1143 2526 1200 Parentem
2559 1161 2682 1202 sese
2714 1146 3013 1216 supplicem
3045 1144 3352 1214 abiecisse;
3405 1144 3502 1200 ad-

1924 1230 2096 1287 fuisse
2140 1240 2196 1286 et
2245 1232 2540 1288 advocatos
2582 1232 2790 1290 Eonas
2842 1233 3106 1304 reliquos,
3143 1248 3208 1288 ac
3268 1231 3499 1288 Mentem

1926 1323 1980 1376 in
2012 1322 2222 1392 primis.
2244 1322 2421 1393 Atque
2449 1324 2591 1379 hanc
2622 1326 2854 1395 primam
2881 1325 3202 1380 substantiae
3232 1325 3495 1396 originem

1925 1413 2222 1478 exstitisse,
2254 1430 2375 1483 quae
2399 1431 2463 1470 ex
2496 1415 2825 1486 ignorantia,
2850 1423 2904 1471 et
2937 1416 3144 1483 dolore,
3182 1431 3248 1471 ac
3271 1423 3420 1471 metu
3445 1423 3500 1474 et

1927 1512 2152 1575 stupore
2181 1506 2464 1575 prodierit.
2494 1510 2563 1562 At
2583 1507 2746 1564 Pater
2765 1508 2994 1574 Horum,
3024 1509 3138 1564 sive
3159 1507 3505 1572 Terminum,

1930 1610 2089 1664 quem
2135 1595 2395 1660 diximus,
2422 1605 2545 1666 post
2579 1597 2704 1654 illos
2737 1613 2928 1654 omnes
2956 1613 3110 1654 suam
3160 1597 3228 1652 ad
3276 1596 3501 1667 efﬁgiem

1929 1684 2187 1755 produxit
2206 1686 2481 1756 comparis
2503 1700 2569 1741 ac
2598 1686 2816 1742 feminei
2843 1702 3007 1742 sexus
3025 1695 3325 1756 expertem.
3346 1685 3505 1741 Hunc

241 1769 339 1806 του
370 1755 503 1824 φασὶ
528 1757 862 1829 κεκαθάρθαι
887 1762 981 1815 καὶ
1011 1763 1332 1834 ἐστηρίχθαι
1362 1765 1459 1836 τὴν
1495 1766 1711 1835 Σοφίαν,
1739 1767 1833 1821 καὶ

1945 1773 2081 1828 enim
2131 1755 2650 1843 ipsumParentem
2706 1778 2840 1833 alias
2875 1792 2999 1832 cum
3051 1755 3176 1849 Sige
3226 1777 3503 1848 copulant,

241 1845 763 1919 ἀποκατασταθῆναι
797 1853 864 1921 τῇ
902 1848 1152 1924 συζυγίᾳ.
1188 1855 1565 1926 Χωρισθείσης
1596 1856 1704 1927 γὰρ
1733 1857 1830 1928 τῆς

1945 1863 2068 1917 alias
2097 1877 2259 1932 supra
2294 1865 2462 1921 maris
2493 1879 2558 1918 ac
2585 1864 2800 1920 feminae
2829 1845 3191 1921 conditionem
3213 1845 3504 1922 extollunt.

256 1933 640 2004 Ἐνθυμήσεως
673 1936 768 1990 ἀπ’
801 1939 975 2010 αὐτῆς
1013 1942 1109 1995 σὺν
1137 1941 1215 2012 τῷ
1248 1945 1612 2016 ὲπιγινομένῳ
1635 1944 1828 2016 Π-ἀθει,

240 2027 416 2098 αὐτὴν
441 2031 538 2099 μὲν
571 2030 723 2095 ἐντὸς
752 2032 1114 2105 πληρώματος
1143 2035 1303 2099 εἶναι,
1335 2038 1435 2109 τὴν
1463 2014 1520 2092 δὲ
1566 2014 1834 2111 Ἐνθυμη-

246 2137 334 2172 σιν
369 2121 543 2192 αὐτῆς
574 2124 672 2176 σὺν
699 2124 776 2195 τῷ
805 2126 970 2180 Πάθει
1007 2128 1110 2181 ὑπὸ
1150 2127 1244 2182 τοῦ
1275 2131 1443 2202 Ὀρου
1474 2131 1833 2204 ἀφορισθῆναι

242 2209 344 2262 καὶ
369 2211 846 2285 ἀποστερηθῆναι³
867 2231 880 2246 ο
914 2218 1008 2270 καὶ
1036 2217 1192 2282 ὲκτὸς
1225 2219 1391 2273 αὐτοῦ
1426 2223 1724 2292 γενομένην
1755 2218 1835 2275 εἷ-

244 2318 339 2355 ναι
393 2303 492 2373 μὲν
542 2309 919 2382 πνευματικὴν
962 2311 1172 2376 οὐσίαν,
1199 2313 1437 2385 φυσικήν
1483 2331 1604 2367 τινα
1631 2313 1837 2376 Αἰῶνος
1879 2383 1886 2388 γ

244 2395 429 2464 ὁρμὴν
468 2398 862 2467 τυγχάνουσαν,
899 2402 1144 2473 ἄμορφον
1183 2403 1243 2456 δὲ
1286 2404 1378 2457 καὶ
1405 2405 1639 2458 ἀνείδεον
1663 2405 1750 2458 διὰ
1776 2405 1840 2458 τὸ

253 2486 425 2558 μηδὲν
452 2489 799 2546 καταλαϐεῖν.
836 2493 947 2547 Καὶ
981 2493 1069 2548 διά
1099 2493 1258 2549 τοῦτο
1286 2496 1497 2567 καρπὸν
1518 2497 1716 2569 ἀσθενῆ
1743 2497 1835 2552 καὶ

248 2578 424 2651 θῆλυν
452 2582 616 2637 αὑτὸν
634 2584 878 2654 λέγουσι.

1933 1951 2138 2007 Horum
2170 1967 2299 2009 vero
2334 1955 2498 2009 etiam
2532 1953 2974 2026 Redemptorem,
3014 1971 3079 2012 ac
3121 1957 3429 2028 Carpisten,
3455 1965 3509 2013 et

1936 2042 2289 2112 Horotheten,
2321 2060 2386 2101 ac
2417 2044 2919 2103 Circumduclorem
2953 2057 3168 2103 vocant.
3189 2048 3234 2101 A
3260 2065 3369 2120 quo
3389 2062 3512 2120 per-

1934 2145 2216 2206 purgatam
2279 2150 2346 2189 ac
2403 2135 2783 2191 confirmatam
2815 2137 3150 2206 Sapientiam
3179 2149 3426 2204 narrant,
3456 2146 3513 2195 et

1936 2225 2190 2295 conjugio
2217 2226 2546 2280 restitutam.
2580 2225 2941 2297 Posteaquam
2971 2227 3115 2283 enim
3143 2228 3510 2300 Enthymesis,

1930 2317 2042 2370 hoc
2095 2323 2180 2371 est
2225 2315 2502 2386 cogitatio,
2538 2317 2605 2372 ab
2648 2317 2739 2372 illa
2788 2326 2872 2374 est
2923 2334 3044 2374 cum
3097 2322 3515 2391 superveniente

1931 2404 2312 2460 Commotione
2361 2415 2606 2464 secreta:
2643 2417 2756 2462 tum
2790 2408 2907 2479 ipsa
2935 2408 3153 2479 quidem
3205 2410 3348 2464 intra
3401 2410 3530 2477 ple--

1930 2509 2092 2550 roma
2125 2494 2364 2566 recepta,
2391 2495 2743 2568 Enthymesis
2786 2513 2914 2554 vero
2962 2514 3086 2554 cum
3137 2499 3518 2555 Commotione

1942 2587 2011 2644 ab
2041 2586 2189 2644 Iloro
2214 2589 2474 2660 relegata,
2511 2597 2566 2645 et
2618 2592 2673 2645 in
2723 2607 2887 2648 cruce
2924 2592 3136 2655 sumta,
3165 2601 3331 2664 atque
3363 2600 3516 2648 extra

249 2672 726 2744 Complementum
770 2679 961 2747 procul
995 2681 1288 2738 amandata
1320 2682 1585 2749 constitit,
1622 2690 1684 2738 ut
1711 2680 2018 2739 substantia
2080 2681 2173 2735 illa
2206 2681 2426 2753 quidem
2476 2681 2743 2753 spiritalis
2775 2695 2942 2752 esset,
3003 2694 3194 2756 utpote
3254 2685 3518 2740 naturalis

248 2769 506 2839 quaedam
537 2771 621 2826 vis
644 2771 842 2830 Eonis
873 2784 927 2830 et
968 2777 1223 2848 impetus,
1260 2779 1354 2834 sed
1386 2779 1539 2835 rudis
1566 2778 1756 2834 eadem
1782 2784 1837 2844 et
1871 2775 2147 2842 informis,
2217 2775 2363 2847 quod
2409 2777 2545 2831 nihil
2590 2785 2736 2834 esset
2766 2771 3014 2834 'omnino
3063 2789 3376 2835 consecuta.
3435 2777 3520 2835 Ob

251 2860 422 2929 idque
448 2875 746 2930 pracocem
794 2865 944 2919 illuzn
990 2866 1226 2922 fructum
1278 2876 1441 2940 atque
1472 2868 1824 2933 imbecillum,
1863 2876 1917 2922 et
1947 2866 2228 2921 muliebris
2260 2866 2592 2923 conditionis
2618 2882 2740 2923 esse
2767 2873 3095 2938 memorant;

327 2956 427 3009 11".
468 2957 624 3012 Μετά
664 2958 722 3012 δὲ
773 2960 835 3013 τὸ
875 2961 1234 3035 ἀφορισθῆναι
1287 2963 1490 3036 ταύτην
1536 2963 1690 3026 ὲκτὸς
1743 2961 1838 3016 τοῦ

2016 2959 2154 3014 ΧΙΙΙ.
2197 2959 2465 3016 Caeterum
2499 2961 2590 3016 ubi
2616 2961 2732 3016 haec
2762 2977 2791 3015 a
2811 2961 3118 3018 Pleromate
3158 2960 3386 3032 depulsa
3414 2967 3520 3027 est,

255 3047 629 3120 πληρώματος
661 3050 771 3104 τῶν
795 3051 1036 3117 Αίώνων,
1060 3056 1158 3126 τήν
1185 3072 1245 3108 τε
1275 3035 1503 3127 Μητέρα
1525 3054 1692 3125 αὐτῆς
1712 3054 1843 3106 ἀπο-

1949 3051 2120 3108 Mater
2141 3068 2272 3108 vero
2302 3051 2368 3106 ad
2395 3052 2711 3122 conjugium
2739 3068 2899 3109 suum
2923 3054 3265 3124 postliminio
3281 3060 3520 3118 reversa,

258 3143 671 3214 κατασταθῆναι
699 3146 765 3214 τῇ
800 3143 906 3216 ἰδία
935 3143 1190 3217 συζυγία,
1222 3147 1313 3199 τὸν
1356 3145 1634 3216 Μονογενῆ
1682 3143 1845 3198 πάλιν

259 3234 456 3305 ἑτέραν
495 3234 862 3306 προϐαλέσθαι
903 3235 1164 3305 συζυγίαν
1196 3236 1339 3291 κατὰ
1369 3235 1713 3308 προμήθειαν
1751 3233 1846 3288 τοῦ

262 3327 498 3398 Πατρὸς,
532 3327 620 3381 ἵνα
652 3327 726 3398 μὴ
751 3327 951 3398 ὁμοίως
973 3327 1146 3398 ταύτῃ
1180 3327 1327 3401 πάθῃ
1355 3343 1436 3391 τις
1469 3326 1578 3381 τῶν
1601 3325 1848 3391 Αίώνων,

263 3417 502 3488 Χριστὸν
549 3417 644 3472 καὶ¹
679 3417 904 3488 Πνεῦμα
938 3418 1094 3485 ἅγιον
1123 3419 1202 3481 είς
1231 3417 1392 3489 πῆξιν
1420 3418 1514 3471 καὶ
1578 3415 1850 3489 στηργμὺν

263 3507 362 3562 τοῦ
407 3509 796 3581 πληρώματος,
842 3511 933 3580 ὑφ’
964 3503 1039 3564 ὧν
1071 3509 1500 3582 καταρτισθῆναι
1539 3512 1666 3572 τοὺς
1709 3507 1851 3560 Μῶ-

262 3618 388 3663 νας.
419 3601 524 3654 Τὸν
576 3602 675 3673 μὲν
721 3602 828 3672 γάρ
858 3603 1093 3673 Χριστὸν
1130 3601 1338 3665 διδάξαι
1367 3602 1563 3665 αὐτοὺς
1593 3600 1854 3670 συζυγίας

266 3689 457 3760 φύσιν,
505 3690 796 3762 ἀγεννήτου
835 3690 1138 3760 κατάληψιν
1173 3689 1562 3758 γινώσκοντας,
1601 3689 1855 3753 ἱκανοὺςδ

269 3777 434 3846 εἶναι,
461 3781 824 3852 ἀναγορεῦσαί
850 3799 910 3835 τε
944 3785 1000 3838 ὲν
1036 3783 1219 3844 αὐτοῖς
1246 3781 1345 3852 τὴν
1377 3781 1471 3834 τοῦ
1501 3781 1714 3852 Πατρδς
1736 3780 1857 3834 ἐπί-

271 3891 498 3943 γνωσιν,
527 3875 609 3926 ὅτι
634 3891 694 3927 τε
723 3873 1010 3946 ἀχώρητός
1042 3875 1164 3927 ἐστι
1191 3875 1287 3926 καὶ
1315 3873 1722 3943 ἀκατάληπτος,
1764 3873 1858 3926 καὶ

273 3967 374 4019 οὐκ
397 3965 544 4019 ἔστιν
566 3965 690 4019 οὕτε
723 3967 850 4020 ἰδεῖν
882 3965 1006 4019 οὔτε
1043 3966 1272 4020 ἀκοῦσαι
1305 3965 1484 4027 αὐτὸν,
1517 3965 1549 4036 ἢ
1579 3965 1666 4018 διὰ
1697 3965 1856 4036 μόνου

276 4058 370 4112 τοῦ
399 4059 742 4128 Μονογενοῦς
773 4058 1122 4129 γινώσκεται.
1167 4061 1278 4113 Καὶ
1316 4059 1378 4112 τδ
1406 4057 1505 4129 μὲν
1547 4057 1717 4111 αἴτιον
1761 4059 1861 4129 τῆς

277 4148 503 4202 αἰωνίου
557 4148 819 4218 διαμονῆς
861 4151 975 4212 τοῖς
1028 4149 1237 4214 λοιποῖς
1268 4148 1328 4202 τὸ
1356 4148 1570 4220 πρῶτον
1622 4147 1860 4220 καταλη-

279 4238 413 4292 πτὸν
454 4239 720 4309 ὑπάρχειν
777 4239 888 4311 (75)
927 4238 1021 4293 τοῦ
1080 4240 1292 4312 Πατρὺς
1318 4280 1332 4305 ,
1371 4240 1468 4310 τῆς
1505 4239 1562 4292 δὲ
1599 4240 1864 4310 γενέσεως

280 4330 448 4385 αὑτοῦ
506 4332 602 4384 καί
659 4331 992 4403 μορφώσεως
1047 4332 1108 4385 τὺ
1163 4332 1510 4403 καταληπτὸν
1558 4331 1723 4386 αὑτοῦ
1754 4371 1768 4395 ,
1818 4325 1864 4400 ᾧ

278 4423 346 4493 δὴ
373 4423 394 4453 ⁸
427 4421 539 4486 ἶσος
587 4423 721 4479 ἐστι.
789 4423 900 4477 Καὶ
943 4423 1115 4476 ταῦτα
1150 4424 1245 4494 μὲν
1295 4425 1324 4476 ὁ
1367 4423 1492 4495 ἄρτι
1540 4423 1864 4497 προϐληθεὶς

279 4512 522 4584 Χριστὸς
571 4512 628 4566 ἐν
675 4513 858 4577 αὐτοῖς
903 4513 1332 4586 ἐδημιούργησεο
1375 4515 1435 4568 τὸ
1485 4514 1540 4567 δὲ
1589 4514 1646 4567 ἓν
1699 4513 1870 4568 Πνεῦ-

279 4621 368 4677 μα
412 4604 474 4657 τὸ
517 4603 672 4673 ἅγιον
714 4605 1071 4671 ὲξισωθέντας
1131 4607 1327 4670 αὐτοὺς
1379 4604 1586 4669 πάντας
1643 4606 1868 4679 εὐχαρι-

279 4699 436 4752 στεῖν
483 4697 688 4762 ἐδίδαξε
722 4738 738 4761 ,
783 4700 878 4753 καὶ
920 4699 1019 4771 τὴν
1065 4699 1324 4772 ἀληθινὴν
1376 4700 1683 4754 ἀνάπαυσιν
1725 4701 1866 4772 ἡγή-

279 4808 440 4848 σατο.
468 4790 656 4855 Οὕτως
680 4809 742 4844 τε
775 4795 956 4864 μορφῇ
982 4793 1077 4845 καῖ¹
1105 4791 1297 4864 γνώμῃ
1345 4792 1494 4856 ἴσους
1521 4792 1866 4864 κατασταθῆ-

278 4902 380 4940 ναι
407 4885 534 4949 τοὺς
567 4884 778 4948 Δίὦνας
806 4884 1044 4953 λέγουσι,
1073 4885 1281 4946 πάντας
1333 4883 1656 4954 γενομένους
1698 4883 1865 4948 Νόας,

281 4976 390 5031 καὶ
433 4976 647 5040 πάντας
694 4976 920 5045 Λόγους,
969 4975 1065 5030 καὶ
1123 4974 1328 5038 πάντας
1359 4973 1724 5045 Ἀνθρώπους,
1773 4973 1870 5028 καὶ

282 5067 501 5130 πάντας
548 5065 850 5137 Χριστούςο
888 5065 983 5118 καὶ
1032 5065 1130 5128 τὰς
1187 5063 1404 5136 θηλείας
1442 5065 1643 5133 ὁμοίως
1694 5064 1876 5130 πάσας

295 5155 610 5226 Ἀληθείας,
647 5155 741 5208 καὶ
772 5155 951 5218 πάσας
974 5154 1145 5219 Ζωὰς,
1169 5155 1262 5207 καὶ
1289 5153 1428 5208 Πνεύ
1439 5170 1604 5224 ματα,
1636 5154 1728 5208 καὶ
1752 5155 1876 5209 Ἐκ-

285 5246 545 5318 ιλησίας.
576 5243 942 5316 Στηριχθέντα
975 5244 1032 5298 δὲ
1060 5245 1154 5298 ἐπὶ
1171 5242 1345 5315 τούτῳ
1374 5243 1442 5297 τά
1471 5241 1588 5308 ὅλα,
1621 5244 1714 5297 καὶ
1740 5244 1874 5298 άνα·

1949 3155 2062 3200 tum
2115 3144 2183 3199 de
2230 3142 2478 3200 Parentis
2509 3143 2763 3209 consilio,
2800 3159 2868 3199 ne
2908 3144 3040 3215 quid
3073 3144 3251 3200 simile
3298 3144 3526 3213 posthac

1948 3235 2112 3290 ιλΕοηί
2162 3234 2323 3288 alicui
2373 3235 2748 3306 contingeret,
2802 3233 3096 3300 fulciendo,
3153 3234 3529 3306 ﬁrmandaque

1949 3320 2234 3391 pleromati
2263 3335 2462 3375 novum
2483 3334 2583 3390 par
2612 3319 2796 3374 ferunt
2818 3319 2887 3374 ab
2905 3317 3152 3390 Unigena
3174 3317 3526 3389 productum,

1950 3408 2225 3464 Christum
2257 3424 2320 3464 ac
2348 3407 2613 3479 Spiritum
2644 3419 2892 3465 sanctum
2915 3427 2930 3476 ;
2955 3423 3188 3479 quorum
3215 3423 3381 3479 opera
3399 3407 3530 3462 Aio-

1951 3515 2050 3556 nes
2076 3502 2360 3558 ordinatos
2384 3516 2448 3556 ac
2477 3503 2813 3572 compositos
2842 3516 2984 3558 esse.
3012 3499 3223 3571 Quippe
3251 3498 3527 3556 Christum

1953 3590 2195 3661 conjugii
2229 3598 2423 3644 natura
2470 3600 2634 3661 atque
2663 3590 2896 3663 lngeniti
2929 3591 3419 3662 comprehensione
3447 3606 3533 3646 co-

1955 3681 2103 3752 gnita
2150 3680 2403 3736 docuisse
2450 3689 2740 3737 contentos
2790 3696 2914 3737 esse
2944 3683 3064 3737 illos
3095 3690 3390 3752 oportere:
3423 3681 3532 3735 Pa-

1955 3771 2166 3840 trisque
2215 3770 2358 3825 inter
2400 3771 2522 3825 illos
2567 3771 2896 3840 praedicasse
2951 3773 3230 3839 notitiam;
3273 3773 3535 3828 nimirum

1959 3865 2104 3917 hunc
2130 3876 2305 3932 neque
2340 3861 2718 3917 circumscribi
2745 3861 2984 3917 locorum
3014 3861 3212 3931 spatio,
3233 3877 3409 3932 neque
3436 3877 3534 3916 ρο-

1959 3954 2202 4026 gnitione
2231 3968 2395 4024 posse
2423 3953 2654 4024 percipi,
2686 3969 2749 4009 ac
2801 3969 2870 4009 ne
2900 3953 3019 4009 visu
3056 3952 3276 4024 quidem
3323 3953 3408 4008 vel
3434 3967 3534 4007 au-

1961 4048 2075 4102 ditu
2109 4048 2462 4112 contrectari,
2494 4047 2589 4104 sed
2621 4063 2716 4118 per
2749 4045 3050 4118 Unigenam
3081 4045 3348 4100 duntaxat
3373 4044 3536 4100 intel-

1965 4141 2076 4212 ligi.
2105 4141 2182 4196 Ac
2212 4141 2356 4212 quod
2384 4141 2623 4211 primum
2651 4141 2794 4194 inest
2825 4140 2880 4194 in
2909 4139 3089 4206 Patre,
3117 4137 3263 4207 quod
3297 4150 3540 4206 compre-

1966 4233 2130 4288 hendi
2180 4248 2288 4288 non
2335 4239 2536 4306 potest,
2567 4231 2619 4286 id
2662 4245 2882 4287 causam
2921 4244 3044 4285 esse
3081 4228 3314 4293 caeteris,
3347 4243 3447 4284 cur
3483 4228 3540 4282 in

1967 4327 2358 4395 sempiternum
2386 4332 2598 4395 tempus
2621 4331 3006 4393 permaneant;
3031 4321 3176 4392 quod
3204 4337 3334 4377 vero
3363 4321 3417 4375 in
3449 4319 3541 4374 illo

1970 4415 2092 4486 ipso
2120 4415 2507 4484 comprehendi
2539 4423 2741 4485 potest,
2761 4422 2914 4471 ortus
2944 4429 3136 4470 eorum
3167 4403 3232 4468 ac
3259 4409 3542 4467 formatio-

1969 4510 2056 4565 nis
2106 4521 2230 4562 esse
2258 4511 2520 4574 causam,
2548 4507 2654 4562 hoc
2704 4517 2788 4563 est
2829 4505 3044 4562 Filium.
3080 4504 3206 4560 llaec
3251 4509 3380 4560 sunt
3422 4515 3544 4571 quae

1969 4605 2224 4660 Christus
2274 4619 2468 4660 recens
2500 4605 2555 4659 in
2586 4603 2694 4660 illis
2721 4604 2901 4660 editus
2931 4602 3154 4657 molitus
3178 4605 3282 4655 est.
3318 4597 3388 4650 At
3419 4593 3544 4666 Spi-

1971 4700 2111 4755 ritus
2143 4707 2369 4755 sanctus
2401 4713 2593 4756 omnes
2632 4699 2699 4754 ad
2736 4698 3102 4770 aequalitatem
3142 4694 3396 4749 redactos
3429 4702 3546 4760 gra-

1973 4792 2076 4848 tias
2101 4777 2634 4862 babere’perdocuit,
2654 4806 2718 4846 ac
2743 4805 2924 4846 veram
2943 4787 3104 4858 179
3129 4786 3365 4857 quietem
3395 4795 3545 4836 com-

1974 4885 2318 4940 monstravit.
2344 4884 2423 4938 lta
2448 4885 2666 4938 demum
2700 4881 2943 4952 ejusdem
2974 4887 3028 4933 et
3061 4879 3250 4931 formae
3287 4885 3342 4930 et
3375 4872 3548 4926 animi

1975 4974 2181 5030 Eones
2225 4990 2348 5030 esse
2387 4974 2584 5038 factos,
2615 4982 2676 5028 ut
2716 4973 2958 5026 univerSI
3003 4969 3209 5039 pariter
3252 4972 3308 5019 et
3338 4963 3559 5017 Mentes

1972 5075 2176 5129 essent,
2213 5075 2264 5119 et
2297 5063 2612 5130 Sermones,
2645 5070 2698 5117 et
2725 5060 3003 5124 Homines,
3036 5073 3099 5111 ac
3125 5054 3368 5118 Christi;
3395 5051 3551 5110 simi-

1971 5153 2202 5222 literque
2257 5151 2472 5206 feminae
2526 5165 2717 5204 omnes
2767 5164 2834 5203 ex
2883 5161 3061 5217 aequo,
3093 5155 3147 5200 et
3179 5143 3452 5198 Veritates
3496 5144 3551 5192 et

1971 5243 2109 5300 Vita:
2135 5243 2333 5310 forent,
2386 5256 2451 5297 ac
2502 5239 2760 5312 Spiritus,
2805 5247 2861 5295 et
2901 5235 3175 5293 Ecclesize.
3236 5229 3547 5289 Secundum

368 5427 390 5497 ξ
423 5425 566 5484 lren.
607 5425 707 5497 τῆς
736 5424 892 5494 ὕλης.
964 5425 985 5456 ¹
1014 5421 1076 5477 F.
1106 5424 1336 5496 σταυρὸν
1385 5423 1480 5478 καὶ
1535 5421 1837 5495 λυτρωτὴν.

1963 5421 2025 5477 F.
2079 5419 2590 5490 ἀποσταυρωθῆναι.
2671 5419 2694 5450 ⁵
2729 5417 2872 5474 lrcn.
2907 5413 3153 5477 ἑαυτούς.
3228 5412 3250 5444 ⁸
3278 5405 3550 5476 Romam;

291 5496 435 5561 υἱός.

369 5621 484 5693 (75)
525 5621 596 5676 Τὸ
640 5617 1300 5693 πρᾷον-’καταληπτὸν
1331 5591 1643 5688 ὑπάρχειν.
1697 5617 1773 5673 ita
1820 5618 1843 5674 in

1949 5620 2048 5678 dit.
2079 5617 2245 5674 Basil.
2287 5621 2341 5670 et
2386 5613 2441 5667 in
2468 5608 2658 5682 Begio.
2686 5604 2792 5664 Sed
2825 5600 3208 5673 ἀκατάληπτον
3252 5609 3317 5652 ex
3366 5587 3584 5653 lrcntel,

297 5686 601 5766 interprete
626 5686 692 5748 et
713 5686 942 5743 Tertull.
975 5687 1277 5750 legendum.
