3956 6070
511 342 616 398 Αθθ

1890 328 1946 386 S.
1987 326 2324 384 EPIPHANII

3646 319 3753 377 ὅθι)

513 460 619 516 hoc
667 456 915 515 solidatis
962 453 1442 525 corroboratisque
1483 450 1759 516 omnibus,
1789 465 1853 507 ac
1890 451 2072 522 quiete

2180 450 2499 521 παυσάμενα
2535 447 2735 512 τελέως
2778 446 2914 519 μετὰ
2932 443 3172 517 μεγάλης
3190 443 3367 514 χαρᾶς
3386 456 3551 512 φησιν
3574 438 3750 511 ὑμνῆ-

513 550 738 620 otioque
786 546 1127 607 constituto,
1156 542 1484 600 vehementi
1529 542 1654 599 illos
1705 554 1828 596 cum
1879 539 2075 611 gaudio

515 651 787 695 summum
817 636 1098 691 Parentem
1128 634 1380 689 laudibus
1401 632 1684 699 extulisse,
1710 630 1804 702 qui
1833 645 1900 686 ex
1931 645 1994 686 ea
2017 645 2077 687 re

515 731 786 801 ingentem
817 726 982 781 animi
1013 725 1249 781 fructum
1278 740 1343 779 ac
1374 724 1701 794 voluptatem
1732 721 1955 793 ceperit.
1974 720 2078 791 lgi-

517 828 605 873 tur
631 824 690 872 ut
718 816 769 872 ei
799 816 988 888 gratia:
1017 815 1222 887 aliquid
1252 814 1540 879 referrent,
1564 813 1631 869 de
1655 812 1930 868 communi
1957 826 2075 867 om~

513 911 664 964 nium
702 909 925 965 decreto
969 923 1036 963 ac
1080 908 1369 969 sententia,
1402 905 1728 977 suffragante
1766 904 1984 961 Christo
2014 919 2079 960 ac

515 998 747 1071 Spiritu,
770 998 931 1055 Patre
955 1013 1086 1055 vero
1112 998 1520 1069 comprobante,
1553 996 1776 1061 factum,
1795 1007 1854 1052 ut
1878 995 2079 1066 singuli

516 1089 833 1161 pleromatis
853 1087 1082 1152 Eoues,
1113 1088 1259 1158 quod
1287 1089 1344 1142 in
1377 1102 1436 1142 se
1464 1085 1978 1157 praestantissimum
2013 1098 2076 1140 ac

516 1173 964 1232 florentissimum
997 1175 1278 1240 haberent,
1312 1174 1364 1228 id
1396 1174 1450 1228 in
1473 1173 1706 1228 medium
1737 1171 1992 1227 alierrent
2015 1185 2079 1226 ac

520 1266 949 1322 contribuerent.
978 1264 1186 1332 Quibus
1209 1263 1463 1319 omnibus
1498 1263 1633 1318 scite
1656 1262 1972 1332 compositis
1997 1269 2079 1316 at-

517 1371 625 1425 que
652 1356 927 1426 eleganter
956 1356 1246 1419 contextis,
1272 1369 1472 1409 novum
1503 1354 1786 1423 quemdam
1817 1353 1984 1409 fetum
2011 1353 2080 1407 ad

513 1446 674 1514 Bythi
712 1447 882 1505 decus
910 1454 964 1503 et
998 1447 1226 1519 gloriam
1260 1447 1574 1517 protulisse,
1608 1447 1711 1501 hoc
1750 1458 1835 1502 est
1862 1447 2084 1503 absolu-

512 1538 782 1595 tissimam
810 1537 1292 1608 pulchritudinem,
1322 1553 1387 1593 ac
1419 1538 1592 1605 sidus,
1622 1536 1920 1608 perfectum
1970 1538 2083 1608 ple-

509 1626 737 1682 romatis
762 1625 1026 1694 fructum,
1053 1627 1239 1685 Iesum
1271 1628 1502 1691 scilicet,
1527 1626 1619 1698 qui
1651 1635 1705 1682 et
1739 1625 1991 1682 Salvator
2011 1627 2083 1683 sit

507 1714 713 1780 dictus,
741 1721 797 1771 et
821 1716 1094 1783 Christus,
1115 1724 1170 1770 et
1186 1716 1446 1781 Verbum,
1479 1730 1544 1770 ac
1571 1716 1807 1786 denique
1835 1718 2081 1785 paternis

2183 558 2273 595 σαι
2305 540 2397 594 τὸν
2428 539 2777 612 Προπάτορα,
2814 537 3013 608 πολλῆς
3052 534 3352 607 εὐφρασίας
3388 533 3746 603 μετασχόντα.

2181 628 2286 683 Καὶ
2314 629 2453 700 ὑπὲρ
2488 629 2589 698 τῆς
2619 627 2864 693 εὐποιίας
2890 626 3092 698 ταύτης
3114 625 3274 696 βουλῇ
3306 623 3406 695 μιᾷ
3432 625 3528 678 καὶ⁵
3555 623 3754 696 γνώμῃ

2180 720 2241 774 τὺ
2286 722 2393 775 πᾶν
2433 719 2703 792 πλήρωμα
2745 720 2853 773 τῶν
2896 717 3134 782 Ᾱίώνων,
3171 713 3616 778 συνευδοκοῦντος
3656 715 3753 768 τοῦ

2180 811 2417 883 Χριστοῦ
2465 812 2559 865 καλ⁸
2601 810 2696 865 τοῦ
2746 808 3082 881 Πνεύματος.
3113 806 3205 861 τοῦ
3238 806 3294 859 δὲ
3329 806 3545 877 Πατρὸς
3570 805 3757 858 αὐτῶν

2180 902 2813 973 συνεπισφραγιζομένου
2840 940 2856 964 ,
2905 901 3004 955 ἕνα
3055 899 3281 953 ἕκαστον
3320 897 3429 951 τῶν
3479 895 3710 950 Αἱώνων
3737 938 3754 961 ,

2180 995 2317 1066 ὅπερ
2345 992 2486 1065 εἶχεν
2513 996 2568 1048 ὲν
2593 992 2772 1063 ἑαυτῷ
2795 991 3077 1045 κάλλιστον
3100 991 3192 1044 καὶ
3220 988 3587 1059 ἀνθηρότατον
3624 1004 3755 1040 συν-

2180 1084 2576 1154 ενεγκαμένους
2622 1084 2718 1138 καὶ
2763 1081 3202 1153 ὲρανισαμένους,
3245 1081 3340 1132 καὶ
3372 1077 3758 1148 ταῦτα-ἁρμο-

2180 1178 2306 1243 δίως
2334 1177 2650 1241 πλέξαντας,
2681 1176 2776 1229 καὶ
2817 1172 3071 1245 ἐμμελῶς
3115 1172 3439 1234 ὲνώσαντας,
3482 1170 3763 1242 προδαλὲ-

2183 1269 2307 1323 σθαι
2332 1268 2726 1340 προῦλήματα⁵
2759 1268 2838 1329 είς
2868 1265 3033 1335 τιμὴν
3078 1264 3173 1316 καὶ
3219 1262 3377 1327 δόξαν
3426 1261 3522 1313 τοῦ
3555 1260 3760 1324 Βυθοῦ,

2180 1360 2511 1415 τελειότατον
2559 1358 2754 1421 κάλλος
2791 1374 2850 1410 τε
2891 1357 2986 1409 xal
3012 1356 3210 1425 ἄστρον
3238 1352 3331 1406 τοῦ
3379 1350 3763 1422 Πληρώματος

2180 1450 2385 1505 τέλειον
2416 1450 2627 1521 καρπὸν
2651 1450 2742 1503 τὸν
2774 1447 3004 1520 Ἰησοῦν,
3029 1448 3087 1501 ὃν
3113 1446 3208 1499 καὶ
3230 1446 3458 1516 Σωτῆρα
3480 1461 3762 1517 προσαγο⁴

2184 1540 2464 1614 ρευθῆναι,
2504 1541 2598 1594 καὶ
2644 1540 2897 1611 Χριστὸν,
2932 1539 3023 1591 καὶ
3069 1538 3240 1605 Λόγον
3291 1538 3759 1608 πατρωνυμικῶς,

2184 1632 2278 1685 καὶ
2312 1632 2494 1701 (κατὰ)
2525 1632 2718 1690 πάντα,
2743 1630 2831 1684 διὰ
2864 1630 2926 1683 τὸ
2950 1630 3056 1683 ἀπὸ
3084 1629 3300 1682 πάντων
3333 1623 3493 1692 εἶναι,
3528 1629 3764 1700 δορυφό-

2188 1737 2315 1792 ρους
2348 1737 2409 1774 τε
2439 1721 2617 1774 αὐτῶν
2649 1722 2728 1783 εἰς
2756 1719 2920 1790 τιμὴν
2946 1722 3045 1792 τὴν
3070 1718 3248 1773 αὐτῶν
3275 1721 3558 1790 ὁμογενεῖς
3588 1721 3761 1790 ἀγγέ-

510 1807 754 1866 ΑΕοηοω
800 1812 1046 1868 omnium
1100 1812 1414 1867 nominibus
1466 1811 1777 1880 insignitus,
1818 1810 1962 1881 quod
2015 1812 2079 1866 ah

2182 1812 2306 1876 λους
2339 1809 2874 1883 συμέιροὸεϐλῆσθαι.

511 1901 768 1959 omnibus
793 1904 996 1974 pariter
1020 1905 1091 1959 sit
1115 1904 1169 1957 in
1200 1903 1376 1959 lucem
1406 1903 1604 1960 editus.
1639 1902 1745 1959 Sed
1772 1912 1825 1959 et
1883 1903 2204 1961 honorarios
2266 1905 2386 1976 ejus
2419 1903 2700 1971 satellites,
2732 1902 2976 1972 ejusdem
3009 1917 3133 1958 cum
3156 1902 3249 1958 illo
3309 1902 3523 1973 generis
3585 1917 3758 1974 ange-

510 1998 596 2054 los
617 1994 807 2050 eodem
835 2002 1081 2066 tempore
1106 1995 1423 2065 productos.

578 2082 723 2140 XIV.
760 2083 876 2140 Hoc
906 2086 1068 2156 igitur
1094 2084 1205 2140 fere
1238 2092 1411 2140 totum
1440 2092 1524 2141 est
1550 2085 1778 2141 interius
1800 2085 2075 2142 Pleroma-

507 2174 582 2231 tis
610 2175 1070 2242 instrumentum;
1103 2175 1216 2231 haec
1264 2177 1407 2232 male
1448 2175 1648 2239 affecti,
1677 2191 1740 2231 ac
1785 2191 2073 2247 propemo-

504 2264 640 2322 dum
673 2266 930 2322 exstincti
972 2265 1167 2324 x’Eonis
1197 2266 1504 2333 calamitas,
1535 2265 1665 2321 dum
1691 2265 1747 2320 in
1776 2266 2080 2336 inquisitio-

504 2365 632 2407 nem
660 2366 785 2408 sese
811 2349 989 2407 Patris
1012 2350 1298 2409 intendens
1316 2351 1669 2422 multiplicem
1708 2353 1763 2406 in
1797 2353 2078 2407 materiam

505 2442 859 2514 dispergitur.
888 2440 1013 2498 Hec
1034 2444 1330 2516 sexangula
1358 2443 1621 2509 Termini,
1657 2443 1817 2515 Styli,
1849 2446 2080 2501 Redem—

504 2530 704 2601 ptoris,
735 2528 1020 2600 Carpistte,
1070 2529 1332 2586 Finitoris
1359 2545 1422 2586 ac
1451 2529 1807 2586 Traduct’oris
1857 2546 2084 2601 compa-

506 2619 636 2676 ctio.
671 2620 797 2677 Hac
823 2620 1025 2691 prioris
1053 2620 1254 2677 Christi
1281 2621 1566 2691 sanctique
1600 2618 1837 2691 Spiritus
1877 2636 1941 2676 ex
1975 2635 2083 2690 pm-

508 2713 740 2770 nitentia
784 2711 964 2771 Patris
1018 2715 1227 2770 caeteris
1289 2713 1558 2769 Aﬁonibus
1608 2720 1768 2768 aetate
1814 2713 2085 2782 posterior

508 2801 785 2871 generatio
814 2815 918 2857 :ac
949 2800 1177 2857 secundi
1207 2800 1436 2867 Christi,
1469 2814 1631 2869 quem
1663 2808 1718 2855 et
1746 2797 2081 2856 Salvatorem

506 2890 815 2956 nominant,
857 2906 925 2946 ex
976 2891 1202 2945 collecta
1249 2891 1389 2960 stipe
1431 2890 1662 2945 molitio.
1690 2889 1821 2957 Quae
1867 2892 2069 2957 omnia,

510 2993 612 3050 pro
640 2994 708 3036 eo
730 2980 876 3051 quod
906 2995 1016 3034 non
1050 2994 1240 3037 omnes
1260 2963 1327 3037 ad
1358 2996 1475 3037 cam
1508 2981 1872 3052 cognitionem
1894 2982 2075 3038 idonei

2244 2082 2342 2134 iA'.
2381 2080 2530 2150 Αὕτη
2566 2079 2664 2151 μὲν
2692 2073 2786 2133 οῦν
2814 2080 2962 2133 ἐστιν
3002 2081 3037 2151 ἡ
3081 2079 3234 2144 ἐντὸς
3258 2079 3630 2151 πληρώματος
3660 2084 3759 2137 ὑπ’

2176 2171 2354 2230 αὐτῶν
2399 2170 2663 2242 λεγομένη
2704 2172 3080 2243 πραγματεία,
3108 2172 3203 2225 καλ⁸
3228 2173 3261 2241 ἡ
3290 2170 3384 2225 τοῦ
3424 2174 3761 2240 πεπονθότος

2176 2264 2400 2327 Δίῶνος,
2432 2262 2525 2315 καὶ
2558 2260 2695 2331 μετὰ
2730 2261 2926 2332 μικρὸν
2945 2263 2966 2292 ⁸
2992 2260 3349 2324 ἀπολωλότος,
3381 2260 3459 2325 ὡς
3497 2265 3560 2315 ὲν
3584 2263 3756 2334 πολλῇ

2180 2350 2279 2422 ὕλῃ
2328 2350 2417 2405 διὰ
2464 2350 2690 2422 ζήτησιν
2729 2350 2824 2403 τοῦ
2873 2349 3085 2420 Πατρδς
3129 2350 3403 2422 συμφορά,
3434 2352 3532 2405 καὶ
3572 2355 3605 2422 ὴ
3657 2355 3757 2407 τοῦ

2154 2516 2157 2517 ν
2184 2440 2371 2510 Ὀρου,
2401 2440 2494 2492 καὶ
2536 2438 2757 2499 Στύλου,
2787 2438 2883 2492 καὶ
2931 2437 3242 2508 Λυτρωτοῦ,
3273 2438 3367 2492 καὶ
3412 2437 3755 2512 Κὶρπιστοῦ,

2180 2528 2274 2581 καὶ
2314 2527 2614 2598 Ὀροθέτου,
2651 2529 2744 2581 καὶ
2773 2527 3151 2595 Μεταγωγέως
3176 2528 3286 2596 (76)
3308 2528 3581 2596 ὲξάγωνος
3616 2531 3757 2602 σύμ-

2181 2618 2387 2688 πηξιςτ,
2407 2620 2500 2672 καὶ
2533 2621 2565 2689 ἠ
2591 2619 2684 2672 τοῦ
2725 2617 2940 2689 πρώτου
2970 2618 3205 2688 Χριστοῦ
3236 2621 3333 2674 σὺν
3363 2620 3443 2690 τῷ
3474 2621 3757 2693 Πνεύματι

2177 2707 2256 2778 τῷ
2292 2707 2433 2778 ἁγίῳ
2466 2710 2530 2761 ἐκ
2561 2707 2846 2777 μετανοίας
2879 2706 2983 2765 ὑπὸ
3019 2706 3111 2759 τοῦ
3147 2707 3361 2778 Πατρὸς
3383 2708 3565 2762 αὐτῶν
3597 2727 3760 2778 μετα·

2176 2799 2470 2869 γενεστέρα
2515 2798 2624 2851 τῶν
2662 2798 2879 2852 Αίὼνων
2916 2798 3148 2867 γένεσις,
3179 2799 3270 2851 καὶ
3300 2800 3333 2869 η
3374 2795 3469 2851 τοῦ
3494 2798 3754 2869 δευτέρου

2177 2889 2434 2961 Χριστοῦ,
2457 2890 2515 2943 ὃν
2544 2890 2637 2943 καὶ
2651 2890 2876 2962 Σωτῆρα
2902 2889 3174 2958 λέγουσιν,
3199 2888 3258 2957 ἐξ
3280 2890 3469 2961 ἐράνου
3498 2889 3757 2957 σύνθετος

2180 2983 2514 3051 κατασκευή.
2552 2979 2735 3033 Ταῦτα
2762 2980 2818 3033 δὲ
2848 2979 3096 3050 φανερῶς
3127 2980 3225 3051 μὲν
3261 2981 3335 3052 μὴ
3368 2980 3644 3052 εἰρῆσθαι,
3665 2982 3756 3036 διὰ

510 3067 711 3135 forent,
740 3084 851 3126 non
879 3079 1064 3142 aperte
1093 3070 1415 3142 signiﬁcata,
1443 3072 1537 3127 sed
1560 3073 1793 3128 obscure
1814 3072 2077 3126 duntaxat

2180 3072 2238 3124 τὸ
2288 3071 2361 3143 μὴ
2398 3072 2605 3134 πάντας
2646 3072 2841 3141 χωρεῖν
2872 3068 2969 3141 τὴν
2997 3071 3219 3139 γνῶσιν,
3262 3072 3654 3142 μυστηριωδῶς
3694 3072 3754 3126 δὲ

509 3175 575 3216 ac
597 3176 695 3232 per
718 3162 1004 3234 aenigmata
1038 3162 1105 3218 iis
1136 3164 1227 3233 qui
1258 3164 1555 3234 intelligere
1576 3173 1801 3234 possent
1829 3179 1860 3219 a
1890 3163 2078 3218 Salva-

507 3256 628 3306 tore
676 3251 998 3327 adumbrata
1047 3252 1375 3323 praedicant,
1421 3251 1490 3307 ad
1520 3269 1642 3308 eum
1678 3253 1927 3307 videlicet
1956 3266 2076 3306 mo-

508 3334 661 3395 dum.
691 3339 931 3397 Primum
961 3342 1187 3413 triginta
1220 3343 1343 3397 illos
1381 3340 1585 3399 Eones
1619 3343 1865 3409 totidem,
1897 3349 1958 3396 ut
1995 3342 2080 3394 di-

508 3430 710 3499 ximus,
738 3447 1005 3488 annorum
1047 3432 1276 3488 indicari
1309 3446 1560 3495 numero.
1593 3432 1793 3503 quibus
1823 3431 1956 3486 nihil
1985 3445 2080 3501 pa-

509 3519 616 3574 lam
648 3527 860 3591 gesuim
889 3535 921 3575 a
948 3519 1230 3578 Salvatore
1273 3520 1484 3584 dicunt.
1515 3520 1570 3575 in
1597 3522 1887 3576 vinitorum
1923 3536 2080 3591 para-

509 3608 632 3663 bola
676 3609 1162 3665 demonstratum‘.
1212 3610 1414 3669 Deinde
1459 3611 1684 3667 Paulum
1736 3613 2079 3680 apertissime

507 3697 727 3753 eosdem
760 3699 920 3769 180
957 3699 1080 3755 illos
1104 3699 1327 3767 1E0nes,
1355 3716 1419 3756 ac
1459 3716 1719 3771 persaepe.
1742 3701 2077 3765 nominasse,

510 3792 673 3853 atque
700 3784 788 3840 bis
812 3786 975 3841 etiam
1010 3786 1185 3842 verbis
1212 3802 1401 3841 eorum
1432 3788 1675 3842 ordinem
1700 3802 1949 3844 servasse
1973 3806 1987 3842 :
2012 3785 2077 3841 In

508 3888 686 3927 omnes
739 3877 1095 3944 generationes
1149 3877 1465 3932 saeculorum
1509 3880 1689 3932 δαισαιὶ
1730 3881 1772 3933 ⁸.
1811 3878 2078 3937 Praeterea

510 3976 637 4018 cum
668 3963 723 4018 in
759 3965 1056 4034 gratiarum
1089 3965 1305 4021 actione
1337 3981 1441 4021 nos
1474 3966 1550 4020 ita
1590 3966 1844 4030 dicimus,
1875 3966 1943 4021 In
1972 3984 2079 4021 sa:-

509 4053 633 4109 cula
681 4054 1015 4120 mentorum,
1059 4055 1239 4110 nullos
1283 4056 1419 4111 alios
1465 4056 1670 4114 mones
1722 4058 2074 4128 signiﬁcare:

507 4143 840 4214 omninoque
881 4142 1095 4214 quoties
1139 4141 1284 4198 Eon
1332 4142 1606 4201 Eonesve
1646 4160 2080 4202 commemoran-

510 4244 623 4300 tur,
654 4250 785 4293 suos
825 4237 892 4292 ad
932 4236 1055 4293 illos
1107 4236 1298 4294 referri
1346 4247 1570 4294 censent
1611 4248 1883 4309 Oportere.
1926 4240 2077 4295 Illam

510 4341 642 4382 vero
670 4327 965 4383 dodecadis
992 4327 1230 4384 IEonum
1263 4330 1707 4401 propagationem
1740 4328 2078 4387 duodenario

2180 3162 2284 3215 ὑπὸ
2325 3160 2420 3214 τοῦ
2469 3161 2719 3232 Σωτῆρος
2764 3160 2853 3214 διὰ
2897 3160 3217 3241 παραϐολῶν
3268 3161 3610 3232 μεμηνῦσθαι
3642 3166 3754 3226 τοῖς

2181 3255 2379 3306 ωνιεῖν
2427 3252 2744 3323 δυναμένοις
2786 3249 2978 3314 οὕτως.
3008 3250 3147 3314 Τοὺς
3200 3250 3299 3321 μὲν
3324 3250 3433 3321 γὰρ
3458 3251 3754 3320 τριάκοντα

2177 3344 2389 3408 Αίῶνας
2419 3338 2763 3415 μεμηνύσθαι
2788 3341 2874 3396 διὰ
2897 3341 3004 3395 τῶν
3029 3342 3322 3413 τριάκοντα
3348 3340 3597 3406 ἐτῶν,ώς
3622 3360 3753 3414 προ-

2180 3433 2409 3504 έφαμεν,
2438 3434 2495 3487 ὲν
2534 3426 2614 3495 οἷς
2643 3430 2796 3484 οὐδὲν
2823 3432 2881 3483 ὲν
2910 3430 3126 3502 φανερῷ
3155 3430 3422 3499 φάσκουσι
3452 3434 3752 3505 πεποιηκέ-

2178 3539 2265 3576 ναι
2298 3523 2389 3576 τδν
2415 3521 2663 3592 Σωτῆρα,
2692 3521 2785 3575 καὶ
2804 3520 2894 3574 διὰ
2914 3521 3013 3590 τῆς
3037 3521 3351 3592 παραϐολῆς
3372 3522 3482 3574 τῶν
3506 3524 3752 3595 ἐργατῶν

2178 3612 2271 3665 τοῦ
2303 3611 2642 3683 ἀμπελῶνος.
2670 3611 2778 3664 Καὶ
2796 3610 2889 3663 τὸν
2909 3609 3118 3664 Παῦλον
3148 3610 3506 3681 φανερώτατα
3540 3612 3750 3681 λέγουσι

2178 3703 2366 3756 τούσδε
2418 3702 2626 3766 Αίῶνας
2662 3702 2945 3772 ὀνομάζειν
2979 3702 3257 3767 πολλάκις,
3288 3702 3369 3756 ἔτι
3414 3701 3475 3757 δὲ
3522 3705 3616 3757 καὶ
3653 3705 3750 3775 τὴν

2178 3794 2328 3859 τάξιν
2350 3793 2529 3848 αὐτῶν
2550 3793 2906 3865 τετηρηκέναι
2934 3793 3106 3859 οὕτως
3135 3794 3355 3849 εἰπόντα
3373 3812 3386 3823 ·
3422 3799 3531 3863 Εἰς
3556 3797 3753 3863 πάσας

2179 3885 2286 3950 τὰς
2312 3883 2520 3954 γενεὰς
2541 3883 2660 3937 τῶν
2687 3883 2914 3938 αὶὼνων
2936 3884 3042 3938 τοῦ
3061 3882 3293 3951 αἰῶνος.
3313 3885 3473 3939 Ἀλλὰ
3493 3887 3589 3940 καὶ
3613 3889 3754 3959 ημᾶς

2180 3978 2274 4030 ἐπὶ
2299 3977 2399 4046 τῆς
2437 3975 2786 4046 εὐχαριστίας
2810 3974 3086 4044 λέγοντας,
3114 3979 3217 4043 ΕΙς
3243 3976 3385 4041 τοὺς
3404 3976 3627 4045 αἰῶνας
3647 3977 3753 4032 τῶν

2179 4066 2426 4130 αἰώνων,
2463 4066 2703 4129 ὲκείνους
2732 4066 2858 4129 τοὺς
2895 4065 3106 4131 Αἰῶνας
3136 4067 3440 4137 σημαίνειν.
3479 4070 3592 4122 Καὶ
3622 4070 3753 4122 ὅπου

2178 4159 2323 4214 Αῑὼν
2356 4161 2389 4232 ῆ
2424 4160 2628 4224 Δίῶνες
2655 4159 3027 4229 ὀνομάζονται,
3060 4158 3159 4228 τὴν
3195 4157 3472 4230 ἀναφορὰν
3500 4160 3582 4223 είς
3613 4159 3750 4212 ἐκεί-

2178 4268 2301 4315 νους
2330 4246 2469 4305 εἶναι
2498 4251 2708 4304 θέλουσι
2732 4268 2745 4281 ·
2778 4250 2873 4321 τὴν
2921 4249 2979 4302 δὲ
3007 4249 3107 4319 τῆς
3152 4248 3448 4312 δωδεκάόος
3482 4250 3590 4302 τῶν
3615 4249 3749 4302 Aid:-

2180 4355 2285 4391 νων
2314 4338 2584 4414 προϐολὴν
2622 4337 2917 4409 μηνύεσθαι
2945 4338 3032 4391 διὰ
3055 4336 3148 4392 τοῦ
3174 4336 3477 4408 δωδεκαετῆ
3507 4338 3635 4392 ὅντα
3663 4338 3750 4390 τὸν

510 4431 779 4473 annorum
811 4418 1039 4475 indicari
1070 4435 1320 4487 numero,
1347 4426 1479 4492 quot
1522 4435 1696 4477 annos
1738 4436 1861 4476 cum
1917 4429 2078 4480 natus

2182 4401 2386 4498 Κύριον
2414 4401 2759 4499 διαλεχθῆναι
2777 4430 2889 4492 τοῖς
2913 4427 3403 4498 νομοδιδασκάλοις,
3425 4401 3525 4481 καὶ
3548 4428 3637 4482 διὰ
3655 4430 3747 4501 τῆς

510 4517 658 4567 esset
709 4508 972 4568 Dominus
1013 4527 1138 4567 cum
1190 4513 1323 4584 legis
1355 4512 1670 4568 doctoribus
1701 4511 2075 4582 disputabat’.

507 4595 720 4665 Quibus
765 4605 821 4653 et
867 4601 1240 4669 apostolorum
1272 4601 1541 4655 delectum
1590 4601 1873 4671 adjiciunt,
1905 4603 2076 4672 siqui-

506 4689 628 4745 dem
647 4680 722 4745 ill‘i
744 4689 1031 4745 duodecim
1061 4689 1448 4746 exstiterunt‘.
1479 4689 1737 4761 Reliquos
1759 4707 1921 4762 porro
1943 4692 2076 4748 A30-

507 4793 608 4835 nes
635 4777 1004 4851 duodeviginti
1031 4781 1086 4836 in
1107 4796 1172 4837 eo
1193 4781 1592 4851 reprzcsentari,
1612 4783 1754 4852 quod
1787 4784 1856 4839 ab
1883 4800 2069 4840 resur-

508 4869 750 4926 rectione
777 4885 878 4926 sua
907 4871 1149 4937 totidem,
1188 4880 1247 4927 ut
1279 4882 1553 4941 asserunt,
1587 4890 1804 4931 menses
1832 4892 1957 4932 cum
1988 4877 2093 4934 di-'

480 4950 731 5032 ‘scipulis
789 4971 1157 5021 commoratus
1199 4972 1303 5020 est.
1333 4963 1444 5020 lmo
1502 4973 1557 5021 et
1615 4966 1889 5037 prioribus
1936 4969 2071 5026 dua-

503 5051 607 5109 bus
650 5052 797 5109 illius
842 5055 1078 5111 nominis
1121 5055 1317 5111 litteris
1346 5075 1364 5109 ι
1396 5063 1448 5111 et
1478 5075 1512 5128 η
1546 5058 1833 5115 manifeste
1854 5063 2075 5118 octode-

505 5141 609 5196 cim
636 5142 843 5200 Eones
868 5146 1121 5216 exprimi.
1160 5144 1298 5201 Nam
1329 5147 1478 5202 illam
1529 5148 1765 5204 Eonnm
1815 5152 2073 5210 decadem

504 5229 679 5298 primo
727 5234 965 5290 nominis
997 5235 1267 5291 elemento
1306 5234 1619 5292 adumbrari
1660 5248 1853 5312 putant
1891 5243 2073 5298 :ideo-

578 5381 822 5475 .'..‘.‘f“";
850 5388 1184 5475 ἕξειξαίιε.
1208 5390 1237 5475 .’
1268 5387 1466 5475 Eph“;
1502 5406 1584 5454 ιιιν
1618 5392 1741 5475 εει..
1764 5396 1783 5426 ³
1810 5394 2079 5475 Luc-nu;

2182 5466 2196 5475 _
2225 5399 2260 5475 _‘
2291 5398 2475 5455 Matth.
2543 5418 2597 5470 κ,
2650 5403 2685 5457 2
2732 5419 2850 5475 sqq.

506 5451 722 5524 μικρόν.
794 5452 989 5511 ’lren.
1010 5451 1361 5514 καϊαίώνων.
1404 5451 1580 5531 σύμπζ
1654 5463 1674 5495 ³
1700 5462 1761 5519 i7.
1793 5451 2150 5536 σημαίνεσθαι
2182 5451 2417 5538 λέγουσι,

2181 4516 2290 4571 τῶν
2319 4516 2626 4571 ἀποστόλων
2660 4518 2909 4589 ἐκλογῆς.
2938 4517 3157 4572 Δώδεκα
3182 4517 3292 4589 γὰρ
3316 4518 3625 4575 ἀπόστολοι.
3644 4521 3748 4575 Καὶ

2180 4610 2306 4674 τοὺς
2333 4610 2553 4673 λοιποὺς
2592 4610 2866 4664 δεκαοκτὼ
2898 4610 3109 4674 Λίῶνας
3143 4610 3507 4681 φανεροῦσθαι
3540 4610 3627 4663 διὰ
3656 4609 3747 4665 τοῦ

2184 4696 2319 4768 μετὰ
2351 4698 2450 4769 τὴν
2495 4699 2559 4752 ἐκ
2588 4699 2798 4770 νεκρῶν
2824 4700 3117 4754 ἀνάστασιν
3159 4699 3434 4753 δεκαοκτὼ
3487 4700 3621 4772 μησὶ
3667 4699 3745 4752 λέο

2173 4805 2289 4857 γειν
2335 4790 2733 4863 διατετριφέναι
2781 4791 2942 4845 αὐτὸν
2997 4793 3093 4846 σὺν
3142 4795 3253 4855 τοῖς
3286 4791 3576 4863 μαθηταῖς.
3595 4792 3746 4845 Ἀλλά

2178 4880 2272 4932 καὶ
2303 4878 2390 4932 διὰ
2419 4879 2527 4933 τῶν
2557 4881 2981 4952 προηγουμένων
3021 4881 3115 4934 τοῦ
3153 4881 3413 4952 ὀνόματος
3453 4881 3616 4935 αὐτοῦ
3659 4881 3745 4935 δύο

2177 4970 2538 5041 γραμμάτων,
2574 4972 2667 5026 τοῦ
2694 4990 2753 5025 τε
2811 4973 2943 5028 ίῶτα
2993 4974 3087 5028 καὶ
3132 4973 3226 5026 τοῦ
3269 4968 3396 5044 ἦτα,
3433 4974 3558 5037 τοὺς
3593 4973 3742 5028 δεκα-

2174 5057 2319 5112 οκτὼ
2359 5061 2569 5126 Αίῶνας
2609 5064 2864 5135 εὐσήμως
2922 5064 3240 5135 μηνύεσθαι.
3289 5064 3400 5118 Καὶ
3447 5065 3576 5129 τοὺς
3619 5064 3739 5119 δέκα

2173 5152 2386 5218 Αίῶνας
2415 5156 2675 5220 ὡσαύτως
2715 5157 2802 5212 διὰ
2846 5157 2942 5213 τοῦ
3007 5158 3140 5212 ἰῶτα
3170 5158 3520 5229 γράμματος.
3551 5158 3580 5210 ὃ
3610 5174 3733 5229 προσ

2172 5248 2386 5318 ηγεῖται
2428 5248 2521 5302 τοῦ
2558 5249 2816 5322 ὀνόματος
2862 5251 3055 5305 αὐτοῦ.
3078 5251 3398 5322 σημαίνουσι
3430 5248 3739 5319 λέγεσθαιθο

2946 5404 2967 5436 ⁸
2992 5402 3051 5458 F.
3088 5402 3397 5475 πρόϐλημα.
3468 5406 3493 5437 ⁸
3518 5403 3579 5459 F.
3606 5405 3745 5461 κατὰ

704 5608 1058 5701 η’ξειξπιιζνοε
1085 5612 1409 5701 agninae.
1444 5614 1607 5701 Vetus
1632 5616 2071 5701 lren._i_nterpres

2180 5630 2194 5681 l
2242 5627 2458 5685 Αξώνων
2504 5630 2697 5699 legisse
2762 5628 2992 5685 videtur.
3036 5626 3195 5684 Forte
3222 5627 3329 5696 ἔξω
3352 5628 3465 5683 τῶν
3523 5628 3744 5688 Δὶώνων

504 5676 802 5751 σύμπηξις.
837 5676 970 5737 Nam
997 5676 1064 5740 dc
1093 5676 1552 5756 monibus'paulo
1584 5701 1709 5745 ante
1771 5676 1974 5747 dictum
2022 5676 2134 5748 est.
