3980 6086
458 275 561 334 503

1839 268 1894 325 S.
1939 267 2282 326 EPlPllANll

3625 264 3736 323 5θὸ

409 451 418 476 ι
457 407 574 452 tum
647 406 772 448 cum
820 391 1026 448 diceret
1067 408 1082 445 :
1144 381 1508 444 Ventilabrum
1548 387 1602 440 in
1651 399 1807 441 manu
1843 389 1956 458 ejus
2000 397 2049 442 et

2175 397 2224 444 ἐν
2265 385 2342 459 τῇ
2374 389 2524 460 χειρί
2577 387 2784 454 αὐτοῦ,
2818 387 2914 442 καὶ
2957 381 3323 452 διακαθαιριεῖ
3347 379 3450 450 τὴν
3506 381 3734 444 ἅλωνα,

454 483 701 554 purgabit
747 499 948 546 aream,
999 491 1048 535 et
1092 478 1424 550 congregabit
1472 479 1705 534 triticum
1730 480 1784 533 in
1835 481 2045 548 horrea,

457 574 636 641 paleas
664 583 844 628 autem
865 571 1131 626 comburet
1157 571 1266 641 igni
1289 572 1712 642 iuexstinguibili
1751 573 1792 628 ¹.
1836 572 2048 638 Quibus

462 666 740 736 proprium
766 664 897 720 llori
919 678 1119 719 munus
1144 664 1492 734 exprimitur.
1519 663 1655 718 Nam
1681 664 2045 719 ventilabrum

465 757 598 814 illud
631 774 754 814 esse
787 773 1007 814 crucem
1041 757 1472 828 interpretantur
1507 776 1520 813 :
1561 774 1684 829 quae
1711 775 1899 814 crassa
1931 775 2051 815 om-

467 848 579 911 nia,
602 859 798 904 etcum
817 847 1044 903 materia
1069 854 1348 911 concreta,
1378 848 1527 902 velut
1548 848 1779 918 stipulas
1812 847 2047 916 llamma,

467 937 742 993 consumit
765 955 788 1015 ';
831 952 927 993 eos
971 951 1100 992 vero
1133 935 1225 1006 qui
1267 935 1497 990 salutem
1543 935 1944 1006 adipiscuntur,
1969 935 2051 990 uti

470 1047 682 1086 vannus
713 1029 1010 1093 frumenta,
1049 1035 1366 1099 perpurgat.
1399 1026 1481 1081 Ad
1524 1026 1639 1082 ha‘c
1666 1025 1892 1082 Paulum
1917 1042 2052 1098 quo-

470 1137 578 1192 que
604 1122 673 1178 de
715 1135 780 1177 ea
821 1135 988 1177 cruce
1035 1118 1368 1176 mentionem
1401 1117 1594 1175 fecisse
1633 1119 1725 1174 illo
1781 1119 1899 1176 loco
1927 1134 2054 1174 nar-

474 1221 642 1269 rant:
690 1228 817 1268 nam
868 1211 1050 1268 crucis
1092 1209 1408 1282 praedicatio
1438 1209 1791 1280 pereuntibus
1831 1208 2052 1278 quidem

474 1305 706 1362 stultitia
728 1313 834 1371 est,
866 1305 935 1361 iis
964 1313 1147 1359 autem
1175 1302 1269 1373 qui
1303 1301 1608 1365 salvantur,
1641 1308 1700 1354 ut
1731 1300 1912 1363 nobis,
1945 1301 2055 1354 vir-

478 1411 566 1456 tus
603 1399 696 1456 Dei
720 1402 740 1432 ¹
773 1415 787 1465 ;
823 1412 886 1453 ac
937 1411 1159 1452 rursum
1188 1395 1361 1452 :Mihi
1394 1409 1512 1448 vero
1535 1393 1672 1446 absit
1698 1392 1922 1463 gloriari
1955 1392 2058 1447 nisi

477 1495 532 1547 in
565 1509 716 1547 cruce
737 1489 886 1556 Iesu,
915 1507 1008 1560 per
1025 1505 1186 1560 quem
1217 1487 1347 1542 mihi
1377 1485 1600 1541 mundus
1638 1485 1923 1546 cruciﬁxus
1955 1494 2055 1551 est,

477 1596 527 1640 et
555 1600 648 1656 ego
692 1581 886 1638 mundo
913 1583 954 1639 ³.
1002 1580 1284 1652 Ejusmodi
1329 1587 1462 1634 sunt
1501 1593 1622 1649 qua}
1664 1576 1729 1632 de
1762 1577 2060 1647 pleromate

478 1687 603 1737 suo,
630 1687 695 1726 ac
719 1670 1092 1726 commentitia
1122 1668 1303 1724 fabula
1329 1665 1691 1722 communiter
1713 1666 1782 1720 ab
1802 1666 2058 1721 omnibus

480 1765 814 1830 traduntur;
860 1762 1062 1832 quibus
1106 1760 1341 1831 pessime
1387 1773 1418 1811 ιι
1462 1774 1522 1814 se
1551 1757 1874 1829 excogitatis
1925 1773 2063 1828 pm

479 1858 628 1915 clare
663 1856 733 1910 ab
767 1856 892 1909 aliis
925 1854 1068 1909 dicta
1099 1852 1366 1907 violenter
1397 1849 1838 1905 accommodant.
1874 1847 2064 1918 Neque

479 1963 547 2004 ex
577 1945 910 2018 evangelicis
938 1945 1115 2000 solum
1164 1943 1593 2015 apostolicisque
1624 1941 1782 2012 182
1820 1940 2062 2010 scriptis,

481 2053 720 2108 quorum
774 2037 1257 2108 interpretationes
1318 2035 1684 2104 detorquent,
1744 2048 1810 2089 ac
1868 2045 2065 2088 sensus

483 2130 832 2197 adulteram,
884 2128 1128 2184 rationes
1186 2134 1241 2183 et
1309 2133 1632 2197 argumenta
1687 2126 2064 2198 conquirunt;

485 2235 673 2277 verum
702 2221 868 2277 etiam
895 2235 960 2276 ex
992 2219 1106 2289 lege
1136 2234 1199 2274 ac
1221 2219 1502 2294 prophetis
1531 2228 1842 2283 arcessunt,
1881 2225 2070 2288 utpote

487 2327 721 2382 quorum
776 2311 900 2366 libri
939 2310 1216 2381 parabolis
1255 2319 1310 2366 et
1356 2310 1638 2382 allegoriis
1694 2311 1882 2366 referti
1917 2317 2068 2376 sunt,

487 2416 722 2475 quarum
773 2418 976 2475 anceps
1029 2403 1396 2475 ambiguaque
1439 2403 1710 2460 sententia
1743 2403 1810 2458 ad
1855 2403 2072 2459 diversa

489 2503 669 2567 potest
707 2497 1030 2567 explicando
1060 2497 1316 2552 derivari.
1347 2497 1482 2551 Cum
1513 2498 1730 2552 interim
1757 2499 1846 2552 alii
1879 2498 2072 2554 iisdem

491 2589 598 2643 illis
628 2587 825 2643 callide
854 2603 919 2644 ac
946 2588 1272 2644 veteratorie
1309 2588 1378 2643 ad
1415 2605 1686 2660 nugarum
1718 2606 1944 2645 suarum
1978 2607 2074 2660 pa-

491 2682 782 2736 trocinium
817 2681 1137 2747 abutantur,
1169 2697 1376 2752 eosque
1411 2683 1506 2752 qui
1544 2683 1597 2736 in
1645 2681 1812 2737 Deum
1859 2681 2074 2738 Patrem

491 2775 939 2846 omnipotentem,
972 2781 1026 2830 et
1055 2790 1223 2830 unum
1256 2775 1547 2829 Dominum
1571 2773 1756 2830 Jesum
1796 2775 2074 2830 Christum

493 2865 690 2920 Filium
743 2864 838 2920 Dei
885 2864 1136 2920 stabilem
1188 2863 1509 2934 firmamque
1550 2864 1709 2919 (idem
1751 2880 1862 2920 non
1892 2872 2078 2921 custo-

495 2954 674 3024 diunt,
710 2970 742 3011 a
773 2957 999 3012 veritate
1035 2957 1182 3011 velut
1211 2957 1458 3027 captivos
1492 2965 1760 3014 avertant.

2150 483 2249 537 καί
2276 478 2531 546 συνάξει
2559 483 2666 536 τὸν
2696 481 2870 536 σῖτον
2896 483 2983 545 εἰς
3017 477 3135 546 τὴν
3165 474 3482 543 ἀποθήκην
3509 476 3696 530 αὐτοῦ
3716 494 3732 510 ο

2148 575 2214 628 τὸ
2249 573 2318 627 δὲ
2345 573 2576 644 ἄχυρον
2605 572 2969 626 κατακαύσει
2994 568 3136 636 πυρί
3175 567 3470 630 ἀσϐέστῳ.
3500 567 3608 620 Kal.
3644 565 3734 620 διὰ

2149 667 2342 722 τούτου
2365 667 2463 739 τὴν
2498 666 2777 738 ἐνέργειαν
2805 664 2900 718 τοῦ
2933 665 3101 736 ’Ὀρου
3138 661 3531 733 μεμηνυκέναι.
3561 659 3733 712 Πτύον

2149 761 2260 832 γὰρ
2318 759 2526 813 ἐκεῖνον
2555 763 2577 790 ⁸
2615 759 2707 811 τὸν
2749 751 2978 826 σταυρὸν
3029 753 3422 825 ἑρμηνεύουσιν
3470 745 3629 811 εἶναι,
3681 749 3736 801 δν

2151 853 2216 925 δὴ
2240 852 2336 906 καὶ
2367 850 2677 906 ἀναλίσκειν
2709 849 2779 902 τά
2824 846 2985 902 ὑλικᾶ
3017 846 3218 911 πάντα,
3257 843 3333 907 ὡς
3374 842 3552 914 ἄχυρα
3588 839 3700 910 πῦρ
3720 857 3734 870 ·

2151 945 2434 1015 καθαίρειν
2476 941 2532 997 δὲ
2562 943 2689 1005 τοὺς
2732 939 3092 1010 σωζομένους,
3125 937 3198 1000 ὡς
3232 928 3292 990 τὸ
3337 933 3504 988 πτύον
3529 931 3621 985 τὸν
3659 933 3739 985 σῖ-

2151 1047 2264 1090 τον.
2303 1027 2514 1088 Παῦλον
2558 1032 2614 1086 δὲ
2644 1032 2735 1085 τὸν
2771 1026 3072 1085 ἀπόστολον
3116 1028 3210 1082 καὶ
3235 1022 3398 1080 αὑτὸν
3439 1025 3741 1095 ὲπιμιμνή-

2155 1125 2380 1182 σκεσθαι
2401 1123 2591 1178 τούτου
2609 1122 2702 1176 τοῦ
2728 1119 2959 1192 σταυροῦ
2982 1119 3228 1189 λέγουσιν
3249 1114 3422 1180 οῦτως
3445 1133 3458 1148 ·
3500 1114 3558 1170 '0
3581 1114 3744 1182 λόγος

2155 1219 2265 1292 γὰρ
2311 1220 2340 1272 ὁ
2370 1216 2464 1270 τοῦ
2513 1212 2748 1287 σταυροῦ
2796 1215 2909 1276 τοῖς
2961 1211 3059 1282 μὲν
3112 1205 3505 1280 ἀπολλυμένοις
3561 1205 3744 1278 μωρία

2157 1308 2298 1374 ἐστὶ,
2347 1310 2460 1371 τοῖς
2497 1307 2555 1360 δὲ
2608 1303 2937 1374 σωζομένοις
2985 1303 3116 1372 ⁴ἡμῖν
3168 1299 3398 1371 δύναμις
3435 1297 3603 1352 Θεοῦ·
3649 1296 3744 1350 καὶ

2157 1400 2322 1454 πάλιν
2341 1414 2354 1428 ⁸
2400 1397 2560 1468 Ἐμοὶ
2591 1395 2659 1449 δὲ
2683 1395 2767 1465 μὴ
2796 1393 3026 1464 γένοιτο
3064 1392 3134 1446 ἐν
3155 1390 3372 1462 μηδενὶ
3402 1387 3743 1458 καυχᾶσθαι

2157 1490 2211 1542 εί
2238 1487 2325 1558 μὴ
2362 1487 2434 1540 ἐν
2461 1485 2541 1551 τῷ
2573 1481 2813 1551 σταυρῷ
2850 1483 2960 1537 τοῦ
3004 1481 3222 1550 Ἰησοῦ,
3265 1480 3341 1534 δι’
3369 1475 3442 1535 οὗ
3479 1477 3610 1548 ἐμοὶ
3645 1476 3745 1531 κό-

2160 1597 2315 1652 σμος
2360 1578 2746 1644 ἐσταύρωται,
2779 1573 2941 1644 κάγὼ
2979 1573 3061 1639 τῷ
3114 1576 3338 1642 κόσμῳ.
3378 1569 3616 1624 Τοιαῦτα
3647 1563 3745 1639 μὲν

2161 1672 2255 1729 οὖν
2283 1675 2412 1745 περὶ
2437 1671 2798 1744 πληρώματος
2820 1667 3000 1722 αὐτῶν
3026 1667 3120 1720 καὶ
3142 1663 3236 1718 τοῦ
3271 1663 3584 1734 πλάσματος
3612 1661 3747 1714 πάνυ

2163 1787 2254 1833 τες
2285 1768 2552 1837 λέγουσιν,
2578 1763 2894 1834 ἐφορμίζειν
2918 1761 2939 1793 ⁸
2965 1759 3274 1831 βιαζόμενοι
3295 1757 3363 1810 τὰ
3391 1755 3574 1818 καλῶς
3603 1755 3748 1825 εἰρη-

2169 1860 2306 1932 μένα
2337 1861 2451 1922 τοῖς
2495 1856 2680 1919 κακῶς
2711 1851 3151 1923 ὲπινενοημένοις
3185 1847 3276 1901 ὑπ’
3315 1846 3514 1900 αὐτῶν.
3548 1845 3660 1898 Kal.
3686 1842 3747 1897 οὐ

2170 1951 2331 2022 μόνον
2355 1953 2419 2004 ἐκ
2447 1949 2555 2004 τῶν
2588 1944 2962 2018 εὐαγγελικῶν
2983 1942 3079 1997 καὶ
3104 1942 3212 1995 τῶν
3231 1936 3607 1994 ἀποστολικῶν
3634 1954 3752 1989 πει-

2171 2042 2370 2114 ρῶνται
2399 2042 2498 2104 τὰς
2528 2038 2831 2104 ἀποδείξεις
2862 2036 3152 2098 ποιεῖσθαι,
3188 2029 3628 2104 παρατρέποντες
3655 2025 3754 2090 τάς

2169 2135 2485 2208 ἑρμηνείας,
2519 2135 2614 2189 xal.
2648 2128 3094 2205 ρᾳδιουργοῦντες
3121 2128 3219 2190 τὰς
3260 2123 3582 2196 ὲξηγήσειςυ
3617 2121 3757 2176 ἀλλὰ

2171 2229 2266 2283 καὶ
2295 2231 2359 2282 ὲκ
2381 2214 2544 2298 νόμου
2569 2227 2663 2280 καὶ
2687 2223 3005 2296 προφητῶν,
3036 2218 3131 2274 ἅτε
3173 2217 3383 2272 πολλῶν
3425 2213 3756 2286 παραϐολῶν

2171 2323 2265 2375 καὶ
2295 2316 2634 2392 ἀλληγοριῶν
2663 2316 2989 2388 εἰρημένων,
3021 2312 3115 2367 καὶ
3139 2311 3219 2375 εἰς
3257 2309 3428 2364 πολλὰ
3465 2308 3648 2362 ’ἑλκειν
3668 2307 3760 2360 δυ⁴

2171 2415 2423 2485 ναμένων
2463 2411 2525 2466 τδ
2569 2409 2867 2482 ἀμφίϐολον
2908 2406 2994 2459 διὰ
3024 2405 3124 2476 τῆς
3170 2400 3500 2473 ἐξηγήσεως.
3539 2401 3761 2469 Ἕτεροι

2173 2506 2248 2570 δὲ,
2277 2504 2464 2567 δεινῶς
2511 2501 2588 2574 τῷ
2628 2500 2906 2569 πλάσματι
2938 2495 3116 2550 αὐτῶν
3156 2495 3251 2547 καὶ
3283 2491 3469 2562 δολίως
3516 2488 3760 2561 ὲφαρμὸν

2176 2593 2381 2661 ζοντες,
2417 2591 2908 2664 αίχμαλωτίξουσιν
2947 2586 3054 2641 ἀπὸ
3100 2585 3202 2654 τῆς
3239 2581 3496 2652 ἀληθείας
3524 2581 3652 2643 τοὺς
3683 2578 3764 2650 μὴ

2177 2687 2397 2758 ἑδραίαν
2436 2686 2535 2756 τὴν
2562 2684 2743 2737 πίστιν
2771 2683 2850 2745 εἰς
2885 2681 2983 2733 ἕνα
3025 2677 3156 2731 Θεὸν
3185 2675 3402 2746 Πατέρα
3446 2671 3766 2743 παντοκρά-

2175 2797 2328 2851 τορα,
2355 2777 2450 2831 καὶ
2479 2778 2558 2840 εἰς
2597 2776 2693 2828 ἕνα
2731 2773 2934 2846 Κύριον
2976 2769 3185 2842 Ἰησοῦν
3213 2765 3444 2838 Χριστὸν
3493 2764 3628 2818 Υἱὺν
3669 2762 3766 2816 τοῦ

2178 2869 2313 2924 Θεοῦ
2342 2867 2824 2940 διαφυλάσσοντας.

565 3048 707 3104 XVI.
740 3045 859 3103 Jam
913 3063 1033 3120 qute
1060 3056 1216 3105 extra
1267 3049 1506 3120 pleroma
1543 3057 1670 3106 sunt
1718 3051 1787 3106 ab
1837 3052 1942 3108 illis
1974 3052 2073 3109 hoc

2175 3114 2182 3124 ,
2253 3056 2373 3122 ις’.
2401 3051 2482 3105 Τὰ
2512 3050 2570 3104 δὲ
2615 3047 2771 3112 ἐκτὸς
2809 3044 2902 3099 τοῦ
2951 3043 3314 3114 πληρώματος
3361 3037 3633 3108 λεγόμενα
3672 3035 3768 3088 ὑπ’

499 3141 662 3198 modo
693 3140 1146 3198 constituuntur:
1181 3141 1563 3214 Enlhymesin,
1596 3143 1698 3198 hoc
1731 3152 1815 3199 est
1857 3145 2080 3215 Cogita-

499 3237 726 3300 tionem,
767 3235 1009 3291 caelestis
1044 3235 1191 3292 illius
1243 3235 1536 3306 Sapientia:
1585 3235 1784 3300 ferunt,
1826 3253 1988 3308 quam
2028 3246 2082 3290 et

499 3326 801 3382 Achamoth
832 3335 1173 3398 nuncupant,
1210 3341 1239 3380 a
1280 3327 1580 3396 pleromate
1623 3342 1746 3380 cum
1801 3328 2084 3396 perturba-

499 3419 650 3475 tione
675 3429 1015 3491 segregatum
1047 3419 1103 3474 in
1135 3420 1392 3472 umbrosa
1423 3425 1476 3472 et
1512 3419 1697 3472 inania
1730 3417 1848 3471 loca
1885 3418 2084 3472 violen-

503 3515 586 3570 ter
611 3513 843 3583 ejectam
901 3511 1090 3566 fuisse.
1125 3509 1406 3581 Siquidem
1437 3518 1591 3565 extra
1641 3511 1824 3564 lumen
1865 3525 1930 3564 ac
1966 3512 2082 3580 ple-

503 3615 680 3670 roma,
713 3603 863 3659 velut
893 3603 1121 3658 abortus
1151 3603 1397 3673 quidam,
1429 3600 1680 3657 informis
1713 3609 1876 3672 atque
1910 3602 2086 3672 impo-

506 3695 602 3750 lita
637 3692 982 3756 constiterat,
1037 3690 1187 3762 quod
1231 3691 1365 3745 nihil
1409 3690 1632 3745 omnino
1671 3691 1952 3762 percipere
1987 3705 2086 3760 po-

505 3787 725 3842 tuisset.
753 3778 931 3855 Hujus
961 3782 1338 3838 misericordia
1356 3792 1659 3852 permotum
1692 3782 1992 3847 Christum,
2022 3797 2087 3838 ac
2147 3788 2161 3796 ‘

507 3886 603 3947 per
635 3886 854 3931 crucem
887 3882 1100 3930 suamet
1137 3873 1340 3928 virtute
1370 3882 1707 3944 porrectum,
1738 3889 1858 3930 eam
1888 3884 2086 3930 natura

507 3971 669 4023 tenus
691 3982 801 4022 non
827 3965 1015 4021 itidem
1037 3965 1348 4036 cognitione
1375 3965 1668 4037 ﬁgurasse;
1695 3981 1867 4038 eaque
1893 3983 1951 4022 re
1972 3983 2088 4038 per-

506 4058 672 4123 fecta,
722 4071 788 4112 ac
819 4056 1023 4111 virtute
1070 4066 1170 4110 sua
1215 4062 1522 4120 contracta,
1581 4056 1764 4112 statim
1817 4058 2085 4122 evolasse,

506 4164 632 4205 cum
668 4147 743 4202 ita
770 4161 890 4204 eam
921 4145 1260 4217 reliquisset,
1289 4153 1349 4200 ut
1372 4145 1702 4201 calamitatis
1729 4161 1843 4202 sua:
1863 4163 2086 4203 sensum

508 4239 758 4312 capiens,
791 4237 938 4310 quod
967 4253 998 4292 a
1034 4238 1335 4309 pleromate
1360 4245 1506 4292 esset
1537 4237 1796 4304 extorris,
1824 4250 2090 4309 praestan-

507 4333 715 4387 tiorum
753 4331 1053 4402 cupiditate
1090 4339 1390 4397 teneretur,
1425 4340 1550 4386 cum
1587 4328 1704 4401 jam
1739 4332 1909 4402 odore
1956 4346 2092 4402 quo-

2183 3145 2361 3201 αὐτῶν
2394 3146 2508 3197 ὲστι
2544 3137 2823 3208 Δτοιαῦτα·
2871 3138 2970 3208 τὴν
3011 3135 3337 3204 Ἑνθύμησιν
3381 3131 3481 3201 τῆς
3513 3129 3627 3183 ἄνω
3671 3128 3772 3180 Σο-

2183 3241 2332 3310 φίας,
2368 3238 2434 3308 ἣν
2486 3204 2583 3288 κέλ.
2621 3225 2874 3304 ’Ᾱχαμὼθ
2913 3204 3190 3287 καλοῦσιν,
3236 3221 3628 3294 ἀφορισθεῖσαν
3672 3218 3774 3272 τοῦ

2185 3328 2554 3402 πληρώματος
2611 3326 2708 3378 σὺν
2735 3323 2813 3393 τῷ
2850 3318 3012 3374 πάθει
3064 3317 3314 3385 λέγουσιν
3345 3315 3403 3366 ἐν
3450 3315 3634 3375 σκιαῖς
3679 3313 3774 3365 καὶ

2189 3422 2542 3494 σκηνώματα
2587 3419 2607 3449 ⁸
2653 3416 2838 3478 τόποις
2886 3410 3252 3482 ἐκϐεϐράσθαι
3308 3405 3452 3460 κατὰ
3501 3404 3773 3475 ἀνάγκην.

2191 3514 2336 3579 Ἔξω
2367 3512 2475 3582 γὰρ
2513 3509 2690 3579 φωτὸς
2731 3506 2946 3575 ἐγένετο
2980 3504 3075 3557 καὶ
3116 3497 3481 3571 πληρώματος
3526 3496 3772 3566 ἄμορφος

2187 3605 2282 3660 καὶ
2313 3603 2568 3665 ἀνείδεος,
2603 3599 2792 3670 ῶσπερ
2831 3597 3110 3667 ἒκτρωμα,
3148 3591 3238 3645 διὰ
3275 3591 3336 3644 τὸ
3377 3587 3546 3661 μηδὲν
3591 3603 3772 3639 κατει-

2187 3696 2436 3769 ληφέναι.
2492 3688 2851 3762 Οίκτείραντά
2878 3705 2938 3740 τε
2987 3685 3156 3756 αὐτὴν
3193 3683 3286 3736 τὸν
3313 3679 3551 3753 Χριστὸν
3580 3679 3633 3744 ⁷,
3683 3679 3774 3732 καὶ

2187 3789 2278 3843 διὰ
2313 3786 2407 3842 τοῦ
2442 3781 2676 3855 σταυροῦ
2713 3779 3082 3834 ὲπεκταθέντα
3110 3779 3176 3848 τῇ
3214 3775 3320 3848 ίδίᾳ
3356 3771 3606 3842 δυνάμει,
3647 3787 3774 3842 μορ⁴

2189 3879 2370 3949 φῶσαι
2399 3877 2680 3949 μόρφωσιν
2715 3873 2814 3944 τὴν
2845 3870 2966 3924 κατ’
2995 3867 3183 3921 οὐσίαν
3217 3865 3397 3936 μόνον,
3428 3861 3544 3916 ἀλλ’
3573 3861 3638 3914 οὐ
3680 3861 3777 3930 τὴν

2193 3971 2332 4026 κατά
2354 3967 2557 4038 γνῶσιν
2580 3981 2592 3994 ·
2626 3964 2722 4019 καὶ
2771 3962 3052 4031 πράξαντα
3078 3957 3258 4022 τοῦτο,
3301 3955 3639 4026 ἀναδραμεῖν
3688 3967 3752 4004 συ

2193 4061 2474 4118 στείλαντα
2501 4057 2667 4114 αὑτοῦ
2688 4055 2786 4126 τὴν
2815 4053 3046 4124 δύναμιν
3078 4050 3174 4105 καὶ
3198 4047 3538 4109 καταλιπεῖν,
3563 4045 3717 4108 ὅπως
3736 4044 3780 4110 ⁸,

2195 4153 2494 4224 αἰσθομένη
2533 4149 2627 4202 τοῦ
2662 4147 2792 4218 περὶ
2834 4143 3002 4214 αὐτὴν
3031 4141 3238 4205 πάθους
3275 4139 3364 4194 διὰ
3399 4139 3500 4209 τὴν
3537 4136 3775 4190 ἀπαλλα-

2192 4245 2294 4317 γὴν
2343 4241 2436 4295 τοῦ
2485 4237 2887 4310 πληρώματος,
2944 4231 3143 4304 ὀρεχθῇ
3213 4230 3320 4284 τῶν
3379 4228 3780 4317 διαφερόντων,

2193 4315 2392 4409 ἔχουσά
2416 4348 2535 4384 τινα
2564 4327 2732 4398 ὀδμὴν
2770 4323 3100 4395 ἀφθαρσίας.
3141 4317 3661 4409 ἐγκαταλειφθεῖσαν
3687 4315 3778 4409 air-

509 4420 637 4478 dam
669 4427 816 4480 esset
852 4422 1280 4480 immortalitatis
1307 4423 1507 4487 aillata,
1541 4434 1703 4494 quem
1739 4424 1791 4478 in
1834 4440 1897 4478 ea
1931 4422 2073 4480 Chri:

2193 4407 2292 4504 τῆν
2321 4425 2414 4482 τοῦ
2450 4419 2684 4496 Χριστοῦ
2717 4418 2738 4451 ³
2770 4417 2862 4471 καὶ
2889 4415 2983 4472 τοῦ
3013 4413 3169 4482 ἁγίου
3199 4411 3536 4482 Πνεῦματος.
3567 4407 3664 4462 Διὸ
3689 4407 3782 4461 καὶ

511 4523 634 4571 stus
668 4527 733 4569 ac
754 4513 992 4586 Spiritus
1022 4523 1249 4571 sanctus
1270 4515 1626 4586 reliquerant.
1655 4514 1738 4570 0b
1761 4513 1814 4569 id
1845 4515 2092 4586 utrisljue

511 4605 779 4678 appellari
827 4605 1162 4663 nominibus.
1213 4604 1347 4659 Nam
1393 4614 1446 4660 et
1491 4605 1826 4676 Sapientiam
1864 4613 2091 4678 paterna

512 4700 880 4771 appellatione
916 4697 1048 4766 dici,
1085 4697 1231 4769 quod
1279 4697 1400 4766 ejus
1436 4696 1643 4755 Parens
1679 4697 1958 4770 Sapientia
1994 4715 2092 4754 vo-

512 4799 672 4846 cetur
695 4809 709 4845 :
735 4797 790 4846 et
826 4790 1089 4860 Spiritum
1115 4799 1388 4857 sanctum,
1411 4790 1479 4846 ab
1501 4806 1566 4846 eo
1593 4790 1686 4860 qui
1717 4805 1841 4846 cum
1870 4791 2093 4846 Christo

513 4883 849 4953 conjunctus
879 4889 967 4939 est
998 4879 1223 4952 Spiritu.
1259 4880 1304 4936 A
1333 4882 1534 4950 quibus
1565 4881 1762 4951 eilicta,
1793 4883 2094 4953 intelligen-

515 4978 699 5046 tiaque
728 4973 1009 5040 decorata,
1055 4973 1151 5030 sed
1181 4989 1248 5030 eo
1296 4975 1550 5043 subinde,
1598 4975 1741 5045 quod
1788 4975 1843 5030 in
1874 4976 1965 5030 illa
1994 4989 2096 5031 nec

514 5069 851 5140 aspedabile
885 5069 1079 5135 inerat,
1105 5067 1307 5136 Verbo,
1330 5067 1434 5123 hoc
1461 5077 1546 5124 est
1565 5067 1808 5132 Christo,
1838 5068 2092 5138 spoliata,

516 5163 581 5215 ad
622 5163 845 5219 luminis
877 5162 1026 5217 illius
1049 5161 1195 5232 quod
1219 5168 1517 5216 evanuerat
1548 5160 1956 5230 inquisitionem
1978 5176 2096 5215 om-

523 5269 640 5307 nem
677 5254 941 5324 impetum
971 5253 1306 5318 contulisse;
1338 5252 1434 5308 sed
1465 5253 1536 5307 ab
1582 5251 1729 5307 Hom
1767 5252 2096 5323 prohibitam

521 5342 654 5397 nihil
695 5345 958 5414 consequi
998 5346 1260 5415 potuisse.
1307 5343 1428 5411 Quo
1482 5353 1726 5416 tempore
1767 5344 2084 5415 contigisse,

597 5541 609 5570 “
679 5549 884 5604 Malth.‘
921 5561 1002 5612 ιιι,
1046 5550 1150 5613 12;
1203 5549 1337 5604 Luc.
1371 5565 1452 5611 ιιι,
1515 5548 1601 5602 l6.

1703 5541 1772 5601 "l
1802 5548 1928 5603 Cor.
1979 5562 2018 5611 l,
2047 5546 2139 5601 25.

2189 4501 2359 4596 αῦτὴν
2389 4522 2501 4582 τοῖς
2540 4512 2874 4587 ἀμφοτέροις
2909 4507 3136 4579 ὀνόμασι
3170 4502 3467 4596 καλεῖσθαι,
3494 4501 3698 4596 Samii“
3724 4518 3784 4552 τε

2191 4591 2652 4688 πατρωνυμικῶς,
2679 4607 2708 4659 ό
2729 4603 2838 4674 γὰρ
2867 4599 3056 4670 Πατὴρ
3085 4597 3253 4666 αὐτῆς
3277 4594 3456 4688 Σοφία-
3477 4591 3783 4688 adius-rat,

2191 4709 2286 4764 καὶ
2309 4683 2539 4773 *Πνεῦμα
2565 4699 2716 4768 ἅγιον
2750 4691 2858 4748 ἀπὸ
2887 4690 2980 4746 τοῦ
3001 4689 3128 4760 περὶ
3149 4688 3238 4741 τδν
3268 4684 3504 4757 Χριστὸν
3528 4683 3786 4752 Πνεῦμα-

2192 4817 2303 4862 τος.
2328 4789 2725 4866 Μορφωθεῖσάν
2752 4803 2811 4839 τε
2831 4783 3018 4856 αὐτὴν,
3043 4781 3138 4836 καὶ
3163 4779 3407 4851 ἔμφρονα
3437 4775 3785 4866 γενηθεῖσαν,

2192 4863 2506 4957 παραυτίκα
2537 4879 2595 4933 δὲ
2625 4875 2956 4931 κενωθεῖσαν
2981 4870 3074 4924 τοῦ
3100 4867 3392 4940 ἀοράτου¹⁰
3426 4865 3564 4935 αὐτῇ
3597 4863 3789 4917 συνόν-

2190 4952 2289 5042 τος
2309 4976 2506 5045 Λόγου,
2537 4969 2784 5026 τουτέστι
2809 4965 2904 5018 τοῦ
2934 4961 3200 5035 Χριστοῦ,
3232 4959 3326 5013 ἐπὶ
3354 4958 3582 5028 ζήτησιν
3607 4952 3788 5025 ὁρμῆς-

2195 5087 2286 5124 σαι
2309 5067 2404 5121 τοῦ
2433 5062 2829 5122 καταλιπόντος
2871 5056 3042 5127 αὐτὴν
3073 5052 3272 5124 φωτὸς,
3307 5051 3399 5104 καὶ
3439 5047 3516 5118 μὴ
3547 5045 3788 5116 δυνηθῆσ-

2194 5178 2284 5214 ναι
2337 5155 2666 5212 καταλαϐεῖν
2715 5150 2872 5213 αὐτὸ,
2911 5147 3001 5202 διὰ
3055 5144 3119 5198 τὸ
3167 5140 3476 5209 κωλυθῆναι
3527 5137 3638 5190 ὑπὸ
3695 5134 3802 5188 τοῦ*

2197 5253 2388 5324 "Upon.
2438 5247 2550 5302 Kal.
2584 5233 2821 5300 ἐνταῦθα
2847 5242 2937 5295 τὸν
2967 5241 3132 5309 Ὃρον
3165 5235 3443 5324 κωλύοντα
3479 5229 3784 5324 αὐτ-ην⁸

2214 5318 2293 5408 είς
2331 5337 2710 5412 τοῦμπροσθεν
2751 5334 2928 5408 ὁρμῆς
2973 5331 3149 5384 εἰπεῖν
3193 5323 3517 5461 Ἰαώοίὸθεν
3562 5321 3627 5374 τὸ
3663 5318 3784 5374 Ἱαιζι

2771 5538 2792 5569 ⁸
2849 5535 2915 5589 Ir.
2975 5535 3166 5586 ἐκεῖνο.
3277 5531 3298 5560 ⁸
3333 5526 3392 5582 F.
3429 5522 3787 5597 ἐφαρμόζειν.

2247 5546 2268 5578 ³
2292 5543 2410 5600 Gal.
2463 5557 2540 5609 vl,
2583 5541 2667 5594 Η.

519 5620 706 5676 'lt'en.
741 5593 1074 5692 κενώματός.
1136 5593 1166 5650 ’⁷
1201 5620 1342 5675 ircu.
1394 5593 1485 5674 xliv
1526 5620 1634 5674 ἄνω
1666 5617 1768 5691 Χρ.
1849 5621 1869 5649 ⁸
1900 5617 1967 5672 lr.
2005 5593 2073 5670 ’κ

2175 5593 2540 5685 micis—444'
2589 5593 2703 5664 i'iF.
2757 5608 2890 5679 αὐτῇ
2942 5604 3050 5659 ὑπὸ
3101 5601 3194 5656 τοῦ
3235 5593 3493 5672 Χριστοῦ.
3540 5593 3619 5627 ’(⁸
3643 5593 3791 5654 lrcn.

521 5693 781 5768 πράξεως.
