3980 6086
252 172 359 225 505

939 169 1311 230 ADVERSUS
1349 171 1696 229 Il/ERESES
1735 172 1862 228 LIB.
1905 174 1944 229 Ι.
1991 175 2158 234 TUM.
2201 178 2267 234 11.
2311 209 2375 220 -
2416 137 2691 236 ll.£RES.
2731 180 2916 238 XXXI.

3415 191 3520 249 506

251 289 425 358 ὄνομα
460 286 574 358 (7t!)
611 287 938 360 γεγενῆσθαι
973 290 1262 359 φάσκουσι.
1299 291 1391 362 Μὴ
1437 291 1755 363 δυνηθεῖσαν
1780 292 1820 345 δὲ

1941 302 1999 348 ut
2025 310 2149 350 cum
2180 296 2346 364 illam,
2381 313 2449 353 ne
2481 298 2619 352 ultra
2641 299 3018 366 contenderet,
3054 298 3234 356 llorus
3264 315 3522 363 coercere

250 377 521 432 διοδεῦσαι
542 377 634 432 τὸν
663 379 848 451 Ὀρον,
879 381 968 435 διὰ
999 383 1058 436 τὸ
1095 383 1510 456 συμπεπλέχθαι
1541 385 1618 457 τῷ
1651 385 1832 452 πάθει,

251 469 348 523 καί
396 470 563 542 μόνην
594 470 1015 541 ἀπολειφθεῖσαν
1061 473 1166 540 ἔξω
1209 476 1372 529 παντὶ
1411 477 1566 550 μέρει
1608 476 1702 530 τοῦ
1739 477 1838 532 πά-

249 559 398 623 θους,
430 561 724 613 ὑποπεσεῖν
755 562 1100 634 πολυμεροῦς
1129 567 1222 618 καὶ
1246 564 1628 619 πολυποικίλου
1659 567 1836 638 ὑπάρ-

248 670 455 724 χοντος,
483 654 578 706 καὶ⁵
600 653 795 708 παθεῖν
818 655 994 727 λύπην
1019 657 1139 728 μὲν,
1163 658 1246 712 ὅτι
1270 658 1330 711 ού
1353 658 1644 713 κατέλαϐε·
1672 659 1835 729 φόϐον

245 747 325 812 δὲ,
359 748 434 821 μὴ
461 748 714 821 καθάπερ
739 749 910 822 αὐτὴν
943 752 1002 804 τὸ
1031 752 1166 823 φῶς,
1198 752 1340 807 οὕτω
1371 755 1465 807 καὶ
1492 754 1552 808 τὸ
1585 752 1684 826 ζῇν
1713 757 1833 808 ὲπι-

246 838 400 910 λίπῃ,
429 840 664 912 ἀπορίαν
676 859 734 894 τε
759 843 851 896 ἐπὶ
883 842 1115 908 τούτοις,
1165 846 1224 899 ὲν
1248 846 1441 918 ἀγνοίᾳ
1465 846 1520 899 δὲ
1545 846 1614 900 τὰ
1631 847 1828 913 πάντα,

247 927 344 981 καὶ
364 929 426 981 οὐ
456 930 708 1005 καθάπερ
732 933 748 963 ⁸
775 934 806 1004 ἡ
841 934 1026 1008 μήτηρ
1048 935 1218 1006 αὐτῆς
1248 938 1280 1007 ἡ
1319 936 1509 1009 πρώτη
1540 937 1706 1006 Σοφία
1737 937 1832 992 καὶ

244 1017 408 1084 Αίὼν,
446 1021 756 1092 ἐτεροίωσιν
785 1024 842 1075 ὲν
881 1027 993 1088 τοῖς
1027 1026 1254 1081 πάθεσιν
1301 1024 1464 1099 εῖχεν,
1498 1027 1633 1082 ἀλλὰ
1677 1029 1832 1082 ἐναν-

242 1110 487 1181 τιότητα.
507 1111 1040 1188 Ἐπισυμϐεϐηκέναι
1055 1117 1101 1171 δ’
1118 1119 1254 1192 αὐτῇ
1278 1121 1370 1173 καὶ
1387 1120 1580 1191 ἑτέραν
1591 1120 1829 1174 διάθεσιν

241 1197 344 1268 τὴν
377 1201 476 1271 τῆς
516 1202 852 1275 ἐπιστροφῆς
880 1206 974 1260 ἐπὶ
1012 1207 1104 1261 τὸν
1142 1208 1555 1281 ζωοποιήσαντα
1578 1213 1598 1242 ¹
1625 1211 1828 1282 ταύτην

242 1289 505 1344 σύστασιν
545 1293 636 1346 καὶ
667 1295 855 1349 οὐσίαν
893 1298 990 1369 τῆς
1020 1298 1152 1370 ὕλης
1194 1302 1522 1373 γεγενῆσθαι
1555 1302 1822 1372 λέγουσιν,

239 1379 302 1444 ἐξ
345 1375 414 1453 ἦς
440 1382 527 1436 ὅδε
571 1386 600 1436 ό
645 1386 849 1457 κόσμος
889 1389 1243 1461 συνέστηκεν.
1291 1393 1386 1446 Ἐκ
1441 1393 1540 1464 μὲν
1569 1393 1678 1465 γὰρ
1723 1394 1824 1463 τῆς

237 1473 575 1544 ἐπιστροφῆς
602 1478 700 1548 τὴν
733 1477 827 1531 τοῦ
859 1481 1067 1551 κόσμου
1101 1483 1194 1535 καὶ
1218 1481 1312 1536 τοῦ
1346 1483 1689 1555 Δημιουργοῦ
1721 1485 1823 1538 na.

237 1582 340 1619 σαν
371 1567 390 1597 ³
419 1567 596 1640 ψυχὴν
625 1569 722 1643 τὴν
755 1571 968 1641 γένεσιν
998 1574 1297 1646 εἰληφέναι,
1330 1577 1394 1629 ὲκ
1434 1577 1492 1629 δὲ
1524 1577 1618 1631 τοῦ
1655 1578 1820 1648 φόϐου

1941 387 2122 453 vellet,
2167 387 2262 442 Iao
2293 391 2616 445 vocabulum
2654 393 2955 463 proferret;
2989 409 3051 447 ex
3085 408 3193 463 quo
3222 394 3374 450 vocis
3404 395 3518 450 ori-

1938 479 2118 548 ginem
2160 479 2481 550 profectam.
2530 481 2666 537 Cum
2717 484 2885 555 igitur
2930 500 3281 555 perrumpere
3312 483 3518 541 Horum

1939 572 2250 642 nequisset,
2283 573 2406 628 ideo
2451 573 2597 644 quod
2632 577 3040 644 perturbatione
3071 578 3346 646 implicata
3381 578 3520 634 deti-

1937 651 2180 728 neretur,
2220 664 2378 734 183
2407 680 2471 720 ac
2525 667 2642 721 sola
2672 675 2826 722 extra
2874 669 3250 737 remansisset,
3299 680 3516 739 pertur-

1937 753 2177 810 bationis
2207 755 2373 824 hujus
2413 772 2534 826 qua:
2564 757 2846 828 multiplex
2882 767 3000 814 erat
3033 775 3098 814 ac
3133 760 3303 825 varia,
3340 761 3514 828 parti-

1934 847 2039 903 bus
2108 849 2367 905 omnibus
2432 850 2830 926 succubuisse;
2902 851 3261 921 all‘eetamque
3326 851 3515 908 dolore

1933 939 2194 1010 primum,
2229 940 2375 1010 quod
2415 942 2550 996 nihil
2583 950 2836 999 assecuta
2874 945 2974 1010 sit;
3007 950 3122 997 tum
3152 953 3318 1010 metu,
3347 960 3415 999 ne
3453 953 3514 998 ut

1934 1033 2107 1101 ipsam
2163 1031 2366 1095 lumen,
2415 1033 2486 1086 ita
2530 1035 2638 1088 vita
2695 1033 2998 1090 deﬁceret:
3042 1036 3239 1091 deinde
3295 1037 3510 1093 consilii

1931 1123 2135 1193 inopia,
2185 1139 2249 1177 ac
2300 1127 2516 1178 demum
2548 1125 2870 1196 ignorantia
2905 1127 3126 1198 penitus
3175 1129 3508 1186 immersam.

1928 1213 2119 1285 Neque
2149 1216 2318 1281 enim,
2352 1225 2409 1270 ut
2449 1217 2569 1286 ejus
2619 1217 2792 1272 Mater
2830 1219 3005 1288 prima
3053 1219 3142 1273 illa
3176 1236 3243 1274 ex
3271 1219 3510 1276 Eonum

1927 1309 2162 1378 collegio
2195 1307 2496 1380 Sapientia,
2530 1311 2862 1365 alternorum
2898 1312 3164 1366 duntaxat
3193 1313 3511 1371 diversitate

1924 1407 2203 1465 motuum,
2267 1403 2362 1456 sed
2425 1403 2828 1457 contrariorum
2908 1402 3139 1458 dissidio
3203 1405 3515 1461 laborasse.

1921 1491 2067 1558 Quin
2098 1501 2151 1548 et
2175 1509 2368 1547 novam
2395 1494 2618 1564 insuper
2633 1495 2806 1550 eidem
2827 1493 3164 1550 aﬂ'ectionem
3188 1496 3505 1567 contigisse,

1923 1583 2304 1637 conversionis
2343 1583 2408 1636 ad
2443 1599 2567 1637 eum
2599 1584 2809 1638 scilicet
2851 1586 2940 1654 qui
2977 1585 3081 1642 sibi
3113 1586 3277 1640 vitam
3309 1586 3507 1656 imper-

233 1657 456 1730 καὶτῆς
483 1659 657 1734 λύπης
684 1663 752 1716 τὲ
796 1663 958 1718 λοιπὰ
993 1667 1092 1738 τὴν
1134 1667 1306 1741 ἀρχὴν
1333 1670 1642 1741 ἐσχηκέναι.
1689 1671 1820 1725 Ἀπδ

1927 1675 2106 1728 tierat.
2167 1671 2318 1728 lianc
2355 1689 2486 1728 vero
2529 1677 2769 1730 materiae
2806 1676 3003 1731 molem
3043 1691 3108 1730 ac
3144 1677 3505 1732 substantiam

230 1751 346 1822 γάρ
384 1750 492 1804 τῶν
540 1753 792 1826 δακρύων
826 1757 996 1826 αὐτῆς
1026 1760 1308 1828 γεγονέναι
1361 1762 1542 1816 πᾶσαν
1593 1761 1818 1834 ἕνυγρον

230 1841 458 1896 οὐσίαν·
507 1843 616 1896 ἀπὸ
655 1845 710 1898 δὲ
742 1847 836 1900 τοῦ
869 1848 1105 1917 γέλωτος
1144 1851 1244 1922 τὴν
1275 1853 1542 1924 φωτεινήν
1563 1866 1577 1882 ⁸
1607 1853 1716 1907 ἀπὸ
1760 1854 1818 1908 δὲ

227 1930 334 2000 τῆς
367 1931 545 2002 λύπης
575 1935 669 1986 καὶ
693 1935 794 2005 τῆς
831 1939 1144 2009 ἐκπλήξεως
1172 1940 1241 1994 τὰ
1276 1943 1560 2012 σωματικὰ
1587 1941 1682 1996 τοῦ
1727 1945 1816 1998 κό·

231 2043 374 2096 σμου
400 2031 657 2098 στοιχεῖα.
692 2030 828 2083 Ποτὲ
857 2031 956 2102 μὲν
980 2033 1088 2103 γὰρ
1117 2033 1300 2088 ἔκλαιε
1330 2036 1424 2088 καὶ
1447 2035 1716 2102 ἐλυπεῖτο,
1743 2036 1820 2100 ὡς

224 2114 471 2184 λέγουσι,
497 2116 586 2171 διὰ
609 2119 670 2172 τὸ
694 2119 1114 2190 καταλελεῖφθαι
1139 2122 1308 2194 μόνην
1333 2124 1391 2176 ἐν
1415 2122 1492 2193 τῷ
1523 2123 1700 2176 σκότει
1726 2125 1821 2178 καὶ

225 2206 308 2277 τῷ
343 2207 622 2280 κενώματι
645 2226 659 2242 ο
699 2210 828 2264 ποτὲ
856 2211 912 2265 δὲ
942 2213 1023 2276 είς
1056 2212 1264 2268 ἔννοιαν
1295 2215 1502 2286 ἥκουσα
1523 2216 1615 2269 τοῦ
1645 2235 1819 2271 κατα-

223 2297 478 2363 λιπόντος
523 2301 694 2372 αὐτὴν
743 2303 942 2371 φωτὸς,
976 2303 1203 2374 διεχεῖτο
1242 2305 1336 2358 καὶ
1374 2306 1573 2375 ἐγέλα·
1613 2309 1743 2360 ποτὲ
1769 2307 1816 2361 δ’

225 2386 296 2444 αὖ
339 2391 500 2448 πάλιν
525 2395 797 2462 ἐφοϐεῖτοο
828 2395 1016 2448 ἄλλοτε
1038 2397 1093 2449 δὲ
1122 2397 1391 2468 διηπόρει,
1421 2398 1517 2452 καὶ
1545 2397 1813 2463 ἐξίστατο.

1923 1780 2066 1829 esse,
2094 1781 2160 1819 ex
2190 1780 2298 1835 qua
2345 1765 2584 1822 mundus
2618 1767 2724 1822 iste
2772 1768 2996 1822 coaluit.
3035 1767 3245 1821 Etenim
3279 1784 3342 1823 ex
3389 1769 3507 1838 ipsa

1925 1855 2309 1920 conversione,
2359 1856 2548 1910 mundi
2587 1864 2640 1911 et
2672 1857 3006 1923 Conditoris,
3050 1857 3294 1928 adeoque
3342 1858 3506 1912 aliam

1923 1958 2140 1999 omnem
2189 1946 2426 2000 animam
2457 1962 2579 2002 esse
2617 1949 2887 2018 genitam;
2923 1958 3118 2004 caetera
3151 1965 3213 2004 ex
3264 1957 3412 2003 metu
3441 1965 3505 2003 ac

1923 2035 2111 2091 dolore
2140 2037 2356 2091 initium
2387 2039 2684 2108 accepisse.
2711 2038 2847 2094 Nam
2875 2057 2905 2096 e
2934 2041 3188 2112 Iacrymis
3219 2041 3503 2096 humidum

1916 2141 2098 2192 omne,
2118 2143 2148 2182 e
2178 2128 2294 2182 risu
2325 2129 2635 2196 lucidum,e
2661 2131 2850 2186 dolore
2884 2146 2950 2186 ac
2980 2141 3206 2202 stupore
3235 2147 3501 2202 corporea

1916 2220 2108 2275 mundi
2157 2221 2425 2276 elementa
2472 2237 2749 2279 manasse.
2786 2222 3071 2280 Accidisse
3124 2225 3404 2290 nimirum,
3444 2231 3503 2278 ut

1915 2311 2329 2380 collacrymarct
2362 2311 2634 2366 interdum
2692 2327 2755 2366 ac
2785 2312 3019 2377 doleret,
3049 2312 3197 2383 quod
3232 2329 3291 2369 se
3327 2313 3501 2370 solam

1917 2401 1972 2456 in
2019 2403 2256 2456 tenebris
2291 2410 2345 2455 et
2399 2403 2662 2458 inanitate
2708 2405 2959 2459 relictam
3012 2404 3494 2459 animadverteret.

223 2481 630 2555 Nonnunquam
653 2502 782 2540 vero
814 2503 938 2543 mox
973 2497 1033 2543 ut
1063 2489 1210 2546 illius
1267 2492 1510 2557 luminis,
1542 2495 1688 2564 quod
1723 2509 1846 2550 sese
1882 2497 2201 2566 reliquerat,
2240 2497 2448 2552 veniret
2488 2499 2541 2553 in
2585 2499 2928 2566 memet-iam,
2981 2499 3093 2554 risu
3129 2515 3188 2553 se
3233 2514 3296 2552 ac
3347 2497 3502 2552 volu-

225 2585 378 2648 ptate
425 2576 771 2648 perfudissc;
823 2579 1206 2654 interdumque
1251 2599 1444 2639 rursus
1492 2583 1561 2638 ad
1607 2593 1809 2640 metum
1852 2586 2103 2650 rediisse,
2159 2589 2296 2644 alias
2332 2591 2571 2655 anxiam,
2623 2589 2951 2659 consiliique
3000 2589 3217 2659 in0pem
3252 2597 3306 2643 et
3355 2595 3498 2642 atto-

224 2672 400 2725 nitam
431 2669 623 2727 fuisse.

299 2760 403 2818 η’.
437 2765 548 2818 Καὶ
580 2763 633 2817 τί
680 2765 822 2837 γάρς
859 2768 1151 2839 Τραγῳδία
1199 2769 1366 2840 πολλὴ
1400 2770 1585 2825 λοιπὸν
1629 2766 1697 2843 ἦν
1731 2773 1816 2825 ὲν-

223 2854 376 2915 θάδε.
415 2856 509 2908 καὶ
542 2857 812 2925 φαντασία
845 2858 962 2924 ἐνὸς
1011 2859 1240 2913 ἑκάστου
1287 2861 1489 2927 αὐτῶν,
1519 2863 1692 2927 ἄλλως
1721 2862 1816 2916 καὶ

223 2945 406 3007 ἄλλως
446 2944 695 3016 σοϐαρῶς
745 2945 1168 3019 ἐκδιηγουμένου
1213 2949 1276 3000 ὲκ
1307 2949 1551 3002 ποταποῦ
1585 2948 1812 3011 πάθους,

221 3034 292 3088 ἐκ
328 3034 488 3088 ποίου
531 3037 794 3108 στοιχείου
836 3039 869 3110 ἡ
909 3038 1063 3091 οὐσία
1097 3039 1195 3108 τὴν
1233 3039 1447 3106 γένεσιν
1499 3037 1740 3109 εἴληφεν,
1780 3036 1817 3090 ἂ

222 3127 323 3181 καὶ
365 3127 596 3192 εικάτως
638 3129 855 3182 δοκοῦσί
886 3147 975 3200 μοι
1019 3129 1093 3200 μὴ
1121 3129 1367 3191 ἅπαντας
1393 3128 1568 3182 θέλειν
1607 3129 1666 3181 ὲν
1711 3144 1815 3197 φα-

219 3217 367 3289 νερῷ
398 3217 690 3282 διδάσκειν,
724 3220 839 3273 ἀλλ’
873 3219 906 3291 ἢ
942 3221 1137 3291 μόνους
1171 3220 1413 3282 ἐκείνους
1442 3219 1569 3283 τοὺς
1601 3217 1692 3272 καὶ
1721 3236 1816 3289 με-

213 3309 427 3379 γάλους
458 3305 686 3379 μισθοὺς
722 3311 870 3383 ὑπὲρ
912 3310 1247 3382 τηλικούτων
1297 3310 1612 3382 μυστηρίων
1644 3309 1816 3364 τελεῖν

212 3399 580 3473 δυναμένους.
613 3385 809 3457 Ούδκέτι
839 3403 948 3476 γὰρ
993 3403 1166 3458 ταῦτα
1207 3404 1368 3474 ὅμοια
1411 3403 1661 3466 ἐκείνοις,
1690 3401 1819 3472 περὶ

213 3487 296 3546 ὧν
317 3494 347 3545 ό
374 3493 581 3566 Κύριος
611 3491 767 3570 ἡμῶν
797 3494 1019 3567 εἴρηκεο
1043 3495 1275 3564 Δωρεὰν
1299 3493 1563 3560 ἐλάϐετε,
1592 3493 1818 3560 δωρεὰν

213 3584 394 3640 δότε·
428 3584 563 3640 ἀλλά
586 3585 1071 3657 ἀνακεχωρηκότα,
1093 3587 1188 3639 καὶ
1209 3583 1484 3657 τερατώδη
1522 3586 1617 3638 καὶ
1649 3583 1817 3655 βαθέα

218 3678 509 3750 μυστήρια
559 3677 700 3747 μετὰ
737 3677 932 3731 πολλοῦ
985 3678 1232 3750 καμάτου
1274 3677 1662 3747 περιγινόμενα
1705 3677 1818 3738 τοῖς

215 3769 596 3838 φιλοψευδέσι.
628 3768 724 3833 Τίς
753 3769 859 3842 γὰρ
890 3771 991 3824 οὐκ
1024 3769 1090 3824 ἂν
1115 3767 1508 3840 ἐκδαπανήσειε
1544 3767 1722 3821 πάντα
1750 3766 1819 3822 τὰ

214 3861 540 3930 ὑπάρχοντα
585 3859 774 3925 αὐτοῦ,
811 3861 899 3915 ἵνα
946 3861 1115 3933 μάθῃ,
1152 3863 1233 3916 ὃτι
1275 3858 1384 3914 ἀπὸ
1413 3859 1522 3912 τῶν
1565 3856 1818 3930 δακρύων

212 3948 319 4020 τῆς
358 3950 741 4022 Ἐνθυμήσεως
765 3949 860 4004 τοῦ
905 3950 1235 4016 πεπονθότος
1265 3949 1491 4013 Αίῶνος,
1533 3945 1817 4013 θάλασσαι,

216 4041 319 4095 καὶ
348 4042 545 4112 πηγαὶ,
582 4042 677 4094 καὶ
708 4042 963 4113 ποταμοὶ,
991 4042 1086 4096 καὶ
1113 4043 1264 4096 πᾶσα
1289 4037 1508 4112 ἔνυδρος
1540 4039 1698 4094 οὐσία
1719 4038 1820 4112 τὴν

217 4133 440 4200 γένεσιν
490 4132 736 4205 εἴληφεν,
779 4135 844 4187 ὲκ
875 4133 932 4187 δὲ
979 4133 1073 4187 τοῦ
1103 4133 1340 4203 γέλωτος
1381 4133 1554 4205 αὐτῆς
1589 4132 1651 4185 τὸ
1681 4132 1816 4201 φῶς,

218 4220 320 4276 καὶ
348 4224 416 4276 ὲκ
458 4222 560 4292 τῆς
592 4223 908 4296 ἐκπλήξεως
934 4223 1028 4276 καὶ
1055 4223 1154 4293 τῆς
1184 4221 1495 4293 ἀμηχανίας
1523 4220 1592 4274 τὰ
1634 4237 1818 4291 σωμα-

213 4314 351 4368 τικὰ
369 4313 465 4367 τοῦ
493 4313 698 4384 κόσμου
731 4317 1003 4385 στοιχεῖα;
1027 4314 1296 4384 Βούλομαι
1317 4313 1372 4366 δὲ
1393 4313 1486 4367 καὶ
1508 4313 1668 4375 αὐτὸς
1695 4330 1820 4365 συν-

214 4409 557 4474 εισενεγκεῖν
602 4423 656 4459 τι
689 4408 756 4477 τῇ
820 4405 1169 4477 καρποφορίᾳ
1199 4403 1400 4458 αὐτῶν.
1442 4401 1660 4474 Ἐπειδὴ
1707 4400 1815 4476 γὰρ

213 4499 332 4571 δρῶ
357 4499 428 4551 τὰ
462 4498 563 4568 μὲν
597 4498 802 4566 γλυκέα
833 4498 1002 4552 ὕδατα
1031 4499 1179 4564 δντα,
1213 4491 1325 4551 οἶον
1360 4495 1563 4568 πηγὰς,
1593 4494 1688 4548 καὶ
1717 4512 1816 4548 πυ-

217 4591 450 4660 ταμοίθς,
483 4587 579 4642 καὶ
607 4588 866 4660 ὄμϐρους,
894 4591 990 4643 καὶ
1012 4589 1080 4643 τά
1109 4588 1358 4653 τοιαῦτα,
1389 4588 1459 4642 τά
1491 4588 1548 4642 δὲ
1577 4587 1670 4640 ἐπὶ
1693 4587 1814 4650 ταῖς

221 4685 526 4747 θαλάσσαις
573 4684 822 4758 ἁλμυράο
852 4684 1053 4738 ἐπινοῶ
1105 4683 1180 4756 μὴ
1221 4684 1399 4739 πάντα
1427 4682 1534 4738 ἀπὸ
1573 4681 1680 4735 τῶν
1720 4681 1813 4735 δα·-

225 4773 408 4844 κρύων
441 4775 613 4844 αὐτῆς
644 4775 1071 4848 προϐεϐλῆσθαι,
1105 4775 1239 4829 διότι
1272 4775 1334 4829 τὸ
1365 4775 1599 4847 δάκρυον
1637 4774 1814 4843 ἁλμυ-

220 4867 317 4937 ρὸν
337 4869 404 4937 τῇ
431 4867 674 4938 ποιότητι
702 4868 957 4939 ὑπάρχει.
983 4869 1220 4939 Φανερδν
1246 4865 1360 4932 οὖν,
1384 4870 1466 4922 ὅτι
1493 4867 1562 4921 τὰ
1591 4863 1813 4937 ἁλμυρὰ

217 4955 390 5012 ὕδατα
411 4958 589 5014 ταῦτά
621 4961 739 5012 ἐστι
764 4962 831 5014 τὰ
865 4961 973 5015 ἀπὸ
994 4961 1102 5015 τῶν
1132 4962 1402 5034 δακρύων.
1445 4961 1606 5025 Εἰκὸς
1629 4960 1686 5013 δὲ
1711 4960 1812 5014 αύ-

209 5052 319 5121 τὴν
350 5053 410 5106 ἐν
456 5051 668 5124 ἀγωνία
709 5053 878 5126 πολλῇ
911 5055 1004 5108 καὶ
1051 5056 1334 5127 ἀμηχανίᾳ
1381 5056 1669 5125 γεγονυῖαν
1716 5052 1813 5106 καὶ

210 5143 535 5213 ἱδρωκέναι.
583 5145 869 5200 Ἐντεῦθεν
907 5147 972 5220 δὴ
1011 5146 1154 5203 κατὰ
1192 5147 1291 5218 τὴν
1336 5146 1594 5201 ὑπόθεσιν
1633 5143 1813 5198 αὐτῶν

1992 2764 2156 2820 XVII.
2194 2765 2336 2832 Quid
2371 2773 2483 2820 tum
2529 2765 2690 2820 inde?
2717 2763 2981 2820 Maximas
3009 2764 3266 2835 deinceps
3293 2767 3367 2821 illi
3400 2776 3506 2822 tra-

1922 2858 2130 2929 gazdias
2172 2859 2408 2923 faciunt;
2443 2873 2506 2911 ac
2547 2873 2646 2928 pro
2699 2873 2802 2912 suo
2837 2857 3070 2928 quisque
3117 2857 3293 2926 capite
3345 2859 3504 2914 aliter

1921 2963 2085 3024 atque
2117 2953 2272 3006 aliter
2299 2966 2514 3006 summa
2549 2965 2672 3004 cum
2703 2948 3014 3019 arrogantia
3048 2949 3290 3018 disputat
3322 2970 3335 3005 :
3368 2967 3506 3020 qna-

1919 3055 2045 3095 nam
2080 3055 2144 3094 ex
2176 3037 2603 3108 perturbatione,
2637 3046 2730 3090 aut
2753 3053 2818 3091 ex
2849 3052 3084 3106 quonam
3114 3039 3382 3093 elemento
3413 3055 3505 3094 na-

1919 3139 2041 3184 tura
2078 3128 2416 3200 proﬂuxerit.
2449 3127 2694 3193 Quorum
2720 3127 2852 3181 mihi
2885 3128 3077 3182 merito
3104 3128 3358 3184 videntur
3389 3147 3499 3186 non

1918 3223 2095 3294 palam
2125 3221 2382 3276 omnibus
2411 3219 2756 3289 disciplinam
2809 3219 2946 3274 velle
2985 3220 3327 3274 committere
3360 3239 3372 3274 :
3406 3223 3501 3277 scd

1920 3314 1988 3368 iis
2038 3313 2240 3374 solum,
2291 3312 2384 3382 qui
2441 3311 2773 3365 luculentam
2829 3313 3133 3364 mercedem
3183 3327 3281 3382 pro
3333 3315 3502 3370 tantis

1919 3403 2198 3475 mysteriis
2257 3410 2648 3472 reprmsentare
2683 3400 2914 3471 possint.
2969 3399 3157 3471 Neque
3194 3401 3351 3477 enim
3398 3403 3502 3458 ista

1918 3510 2108 3550 eorum
2144 3494 2346 3549 similia
2387 3501 2539 3558 sunt,
2589 3493 2658 3549 de
2714 3493 2914 3562 quibus
2953 3508 2982 3546 a
3024 3491 3255 3549 Domino
3294 3494 3501 3549 dictum

1919 3594 2048 3642 est:
2092 3583 2272 3638 Gratis
2315 3585 2618 3652 accepistis.
2667 3590 2837 3655 gratis
2883 3585 3086 3642 dale‘:
3117 3587 3210 3641 sed
3245 3587 3316 3641 ab
3354 3587 3503 3645 omni

1919 3687 2128 3731 remota
2164 3691 2351 3738 sensu,
2393 3691 2457 3729 ac
2499 3675 2836 3747 prodigiosa,
2872 3677 3257 3748 profundaquc
3298 3693 3502 3734 arcana
3529 3698 3541 3712 ι

1919 3766 2011 3820 illa
2044 3772 2193 3828 sunt,
2228 3779 2351 3834 quae
2375 3780 2404 3817 a
2438 3763 2692 3821 falsitatis
2718 3767 3060 3821 amatoribus
3090 3781 3287 3837 magno
3319 3768 3503 3822 labore

1919 3867 2330 3928 comparantur.
2364 3857 2497 3924 Quis
2530 3857 2674 3912 enim
2701 3873 2809 3911 non
2837 3857 3022 3912 omnia
3046 3857 3187 3912 bona
3212 3874 3311 3913 sua
3337 3859 3501 3913 liben-

1920 3958 2004 4005 ter
2044 3951 2098 4004 in
2130 3951 2264 4004 illud
2293 3951 2589 4022 impendat,
2619 3957 2680 4004 ut
2717 3948 2912 4013 discat,
2948 3949 3404 4020 quemadmodum
3435 3966 3500 4006 ex

1920 4039 2318 4112 Entliyuteseos
2345 4040 2622 4112 laerymis,
2664 4038 2865 4103 ati‘ecti,
2913 4039 3156 4109 inquam,
3198 4039 3344 4093 illius
3369 4038 3496 4093 Ᾱὶο-

1921 4135 2031 4200 nis,
2077 4133 2269 4199 maria,
2316 4134 2494 4190 fontes
2535 4148 2600 4187 ac
2655 4131 2900 4196 ﬂumina,
2964 4132 3270 4202 humorque
3321 4133 3501 4188 omnis

1921 4227 2229 4306 efﬂuxerit:
2264 4225 2626 4294 similiterque
2653 4232 2707 4278 et
2736 4239 2802 4279 ex
2832 4224 2944 4276 risu
2977 4223 3192 4288 lumen;
3221 4230 3274 4278 et
3301 4238 3366 4278 ex
3393 4230 3498 4277 stn-

1923 4333 2054 4387 pore
2091 4331 2156 4370 ac
2198 4317 2398 4370 mentis
2451 4315 2632 4386 inopia
2686 4329 2951 4385 corporea
3003 4315 3193 4370 mundi
3235 4316 3499 4370 elementa

1846 4380 1893 4439 θ
1924 4380 2166 4477 profecta
2197 4405 2341 4460 sint?
2369 4380 2694 4476 ιεάίγοιο
2723 4380 3256 4476 equidenuionnihil
3285 4406 3499 4460 illorum

1923 4496 2160 4553 inventis
2204 4511 2302 4566 pro
2332 4497 2474 4551 virili
2520 4496 2793 4553 conferre.
2845 4495 3114 4563 Quoniam
3143 4497 3286 4550 enim
3333 4510 3498 4565 aqua-

1919 4607 2041 4645 rum
2076 4590 2264 4646 dulces
2291 4590 2427 4646 alias
2473 4590 2655 4656 video,
2698 4598 2885 4660 utpote
2937 4588 3117 4643 fontes
3163 4597 3216 4642 et
3253 4585 3500 4652 ﬂumina,

1920 4683 2153 4755 pluvias,
2185 4692 2238 4738 et
2267 4683 2319 4737 id
2351 4698 2523 4754 genus
2555 4683 2826 4753 reliquas;
2860 4681 3018 4744 alias,
3062 4680 3207 4735 velut
3234 4679 3497 4744 marinas,

1919 4777 2117 4838 salsas.
2147 4775 2401 4845 suspicor
2435 4789 2542 4830 non
2582 4789 2652 4829 ex
2694 4773 2815 4842 ejus
2864 4773 3124 4844 lacrymis
3155 4786 3346 4825 omnes
3373 4786 3498 4825 cru-

1921 4866 2089 4937 pisse,
2119 4865 2264 4935 quod
2298 4872 2490 4918 natura
2524 4863 2682 4918 salsa:
2710 4863 2821 4915 sint
2859 4861 3132 4931 lacrymae,
3166 4859 3499 4928 proindeque

1921 4959 2098 5014 salsas
2121 4955 2386 5010 duntaxat
2409 4967 2581 5025 aquas
2604 4969 2668 5008 ex
2695 4953 2815 5022 ejus
2845 4951 3101 5022 lacrymis
3133 4957 3324 5004 enatas
3352 4962 3494 5002 esse.

1919 5049 2056 5105 Cum
2081 5047 2302 5103 interim
2338 5054 2765 5102 consentaneum
2799 5043 2890 5108 sit,
2917 5041 3160 5097 eamdem
3193 5039 3497 5093 vehementi

1921 5140 2089 5198 animi
2127 5154 2333 5210 angore
2386 5153 2450 5194 ac
2482 5136 2700 5194 consilii
2742 5135 2924 5206 inopia
2961 5133 3243 5204 praaditam
3297 5129 3499 5186 sudore

294 5299 324 5373 ‘4
344 5298 413 5353 Ir.
445 5301 716 5372 ἀγνοοῦσα
740 5303 797 5358 δὲ
833 5303 904 5359 τά
929 5303 1129 5372 πάντα,
1159 5303 1221 5358 οὐ
1247 5303 1369 5357 καθ.
1449 5304 1470 5335 ³
1496 5301 1627 5358 Post
1658 5300 1820 5366 ζωοπι

1924 5313 2063 5356 ταντα
2095 5294 2562 5370 distinguendum.
2637 5292 2660 5325 ³
2692 5291 2836 5349 lren.
2866 5291 2959 5346 καί
2979 5291 3176 5345 πᾶσαν.
3254 5284 3275 5318 ⁸
3301 5284 3493 5342 Matth.

213 5385 280 5433 ι,
309 5371 364 5424 8.

294 5523 628 5597 (79)__'_'008r
673 5521 736 5574 τὸ
777 5523 915 5597 -Ἰαώ
955 5525 1164 5595 ὄνομα.
1214 5520 1383 5587 Quem
1420 5517 1674 5575 Liberum
1721 5527 1957 5590 patrem,
1990 5528 2044 5577 et
2116 5523 2305 5585 Solem
2362 5524 2564 5582 ctlmici
2605 5521 2901 5593 scriptores
2962 5517 3324 5597 appellarunt.
3358 5503 3503 5583 (ida-

208 5595 378 5652 αοιι.
417 5593 512 5648 lib.
545 5609 583 5659 t,
618 5607 739 5662 Cap.
775 5595 875 5671 16.)
