3980 6086
452 246 554 304 5θῖ

1854 238 1912 293 S.
1954 238 2291 294 EPIPHANII

3588 241 3693 300 508

455 366 732 409 manasse.
758 350 837 406 Ex
865 365 974 421 quo
1003 364 1343 421 consequens
1369 357 1475 413 est,
1506 348 1735 404 fontium
1766 364 1831 404 ac
1857 352 2030 407 ﬂumi-

2141 352 2526 424 ὅπολαμὸάνειν
2561 353 2645 406 δεῖ
2672 352 2853 423 πηγὰς
2898 351 2992 410 καὶ
3025 350 3322 421 ποταμοὺς,
3365 352 3461 406 καὶ
3499 354 3554 408 εῐ
3570 372 3698 412 τινα.

454 460 587 502 num
617 445 873 514 liquores,
910 456 974 496 ac
1011 442 1056 497 si
1083 441 1214 512 quid
1253 443 1403 498 aliud
1443 450 1529 497 est
1559 441 1823 497 dulcioris
1848 458 2023 513 aquae,

457 535 680 591 minime
709 548 777 589 ex
802 532 922 601 ejus
969 532 1226 603 laerymis
1255 530 1501 588 ﬂuxisse.
1530 531 1628 586 Est
1655 532 1801 587 enim
1830 534 2026 604 perab-

406 666 409 673 ρ
456 625 705 688 surdum,
737 638 860 679 eum
887 638 994 677 una
1030 623 1368 692 simplexque
1401 623 1474 677 sit
1499 622 1859 704 laerymarum
1895 635 2061 692 qua--

457 715 603 779 litas,
637 712 841 768 salsum
883 727 991 766 non
1022 712 1207 767 minus
1245 711 1555 773 humorem,
1587 724 1751 779 quam
1790 710 2024 775 dulcem,

458 806 522 860 ad
550 803 797 861 eamdem
825 803 1093 874 originem
1122 801 1357 870 referre;
1388 818 1512 858 eum
1537 803 1706 857 multo
1732 803 1804 857 sit
1832 802 2029 872 proba-

457 896 642 961 bilius,
681 895 946 966 quasdam
977 910 1009 949 e
1050 895 1308 966 lacrymis
1354 909 1600 965 aquas,e
1651 894 1851 949 sudore
1895 893 2029 947 alias

457 988 746 1043 excitatas.
782 985 847 1039 Et
894 985 1152 1056 quoniam
1182 985 1371 1040 calida:
1398 1001 1616 1057 quoque
1649 986 1849 1042 alicubi
1877 992 2027 1051 sunt,

457 1085 512 1136 et
545 1078 734 1142 acidte,
765 1075 1055 1135 videndum
1100 1090 1299 1145 porro,
1330 1077 1468 1148 quid
1496 1092 1664 1148 agens
1698 1077 1810 1141 illa,
1854 1092 2030 1147 quave

457 1184 525 1226 ex
556 1177 709 1239 parte
757 1166 1064 1223 istiusmodi
1096 1182 1267 1237 aquas
1311 1168 1637 1238 profuderit.
1670 1168 1831 1224 Tales
1880 1169 2027 1224 enim

459 1259 819 1332 quaestionum
848 1275 1024 1330 nugae,
1049 1260 1194 1313 velut
1219 1259 1526 1330 dignissimi
1558 1260 1788 1329 fructus,
1812 1261 2028 1315 illorum

459 1352 695 1409 inventis
726 1351 1171 1422 argumentisque
1199 1360 1529 1422 congruunt.

530 1439 639 1495 Sed
703 1448 760 1493 ut
793 1438 861 1492 ad
893 1436 1115 1491 Matrem
1150 1438 1326 1508 ipsam
1357 1438 1595 1505 redeam,
1628 1438 1831 1504 ferunt,
1861 1440 2029 1504 illam,

458 1545 584 1587 cum
619 1531 731 1600 jam
779 1530 959 1584 omnia
986 1530 1457 1600 perturbationum
1487 1545 1686 1592 genera
1726 1533 2033 1602 percurris-

459 1628 563 1684 set,
603 1634 745 1690 aegre
779 1618 999 1673 tandem
1043 1633 1310 1673 emersam
1344 1619 1410 1672 ad
1455 1620 1586 1674 illnd
1637 1621 1840 1686 lumen,
1866 1636 1897 1675 a
1927 1637 2034 1690 quo

2124 443 2258 497 ἄλλα
2288 444 2492 514 γλυκέα
2522 444 2690 498 ὑδατα
2719 444 2970 516 ὑπάρχει,
3004 441 3105 513 τὴν
3126 442 3338 510 γένεσιν
3365 443 3439 515 μὴ
3463 446 3697 518 ἐσχηκέ-

2123 552 2212 588 ναι
2255 534 2364 589 ἀπὸ
2407 535 2515 588 τῶν
2556 533 2802 604 δακρύων
2846 533 3037 602 αὑτῆς.
3081 532 3365 587 Ἀπίθανον
3396 534 3525 607 γὰρ,
3569 540 3700 607 μιᾶς

2124 624 2408 695 ποιότητος
2436 623 2602 694 οὑσης
2630 622 2740 676 τῶν
2781 621 3051 694 δακρύων,
3084 622 3154 675 τά
3204 623 3302 693 μὲν
3347 624 3595 696 ἁλμυρά,
3631 628 3701 680 τα

2124 715 2180 768 δὲ
2204 715 2411 784 γλυκέα
2443 714 2610 768 ὑδατα
2631 713 2691 779 ἐξ
2717 714 2895 769 αὑτῶν
2924 712 3226 786 προελθεῖν.
3264 714 3434 770 Τοῦτο
3454 716 3513 770 δὲ
3535 715 3701 770 πιθα·

2125 805 2377 878 νώτερυν,
2406 806 2478 860 τὰ
2520 806 2619 877 μὲν
2648 801 2786 858 εἶναι
2825 804 2932 858 ἀπὸ
2959 805 3069 857 τῶν
3103 804 3377 875 δακρύων,
3407 806 3477 860 τὰ
3509 807 3567 860 δὲ
3592 807 3702 861 άπὸ

2124 897 2235 952 τῶν
2276 897 2533 970 ἱδρώτων.
2572 896 2787 967 Ἐπειδὴ
2816 897 2832 928 ¹
2858 896 2950 949 κα)⁴
2994 895 3173 967 θερμὰ
3213 897 3308 951 καὶ
3335 897 3532 969 δριμέα
3578 899 3703 953 τινὰ

2127 988 2295 1044 ὕδατά
2313 991 2460 1043 ἐστιν
2480 991 2537 1042 ἐν
2556 989 2634 1060 τῷ
2651 988 2861 1058 κόσμῳ,
2884 988 3024 1040 νοεῖν
3045 986 3302 1056 ὀφείλεις,
3325 987 3379 1040 τί
3405 989 3701 1059 ποιήσασα,

2126 1082 2221 1136 καὶ
2263 1083 2327 1134 ἐκ
2373 1070 2527 1135 ποίου
2574 1081 2762 1153 μορίου
2810 1079 3089 1150 προήκατο
3136 1078 3330 1133 ταῦτα.
3378 1079 3705 1152 ’Δρμόζουσι

2127 1175 2235 1245 γὰρ
2254 1174 2484 1227 τοιοῦτοι
2515 1172 2715 1246 καρποὶ
2741 1173 2808 1243 τῇ
2837 1171 3087 1225 ὑποθέσει
3113 1170 3313 1226 αὑτῶν.

2201 1440 2556 1496 Διοδεύσασαν
2586 1436 2680 1495 οῦν
2726 1442 2835 1494 πᾶν
2881 1440 3053 1505 πάθος
3087 1439 3184 1512 τὴν
3227 1440 3457 1511 Μητέρα
3496 1438 3704 1508 αὐτῶν,

2133 1531 2228 1586 καὶ
2264 1530 2420 1601 μόγις
2463 1528 2881 1600 ὑπερκύψασαν,
2917 1529 3010 1582 ἐπὶ
3051 1528 3257 1582 ἱκεσίαν
3299 1530 3578 1601 τραπῆναι
3609 1531 3707 1584 τοῦ

2135 1620 2523 1682 καταλιπόντος
2567 1618 2737 1689 αὑτὴν
2781 1619 2977 1691 φωτὸς,
3022 1617 3265 1672 τουτέστι
3308 1619 3401 1672 τοῦ
3445 1620 3708 1691 Χριστοῦ,

459 1709 719 1767 destituta
751 1708 1311 1771 fuerat,'exorandnm
1345 1725 1467 1765 sese
1497 1713 1853 1774 convertisse,
1886 1712 2037 1767 vide-

2141 1711 2400 1779 λέγουσιν.
2439 1712 2555 1774 Ὃς,
2601 1708 2837 1763 ἀνελθὼν
2869 1710 2967 1781 μέν
3005 1710 3086 1773 είς
3119 1708 3179 1763 τὸ
3222 1710 3514 1782 πλήρωμα,
3545 1714 3711 1777 αὐτὸς

462 1800 589 1857 licet
609 1800 906 1856 Christum.
934 1798 985 1855 ls
1019 1798 1075 1852 in
1130 1799 1370 1869 pleroma
1414 1802 1809 1866 conscendens,
1838 1816 1902 1856 ac
1940 1803 2036 1857 de-

462 1890 722 1948 scendere
750 1891 866 1960 ipse
894 1889 1074 1945 denuo
1111 1899 1390 1960 gravatus,
1431 1892 1694 1946 vicarium
1742 1893 1846 1948 sibi
1874 1892 2033 1947 Para-

462 1983 661 2038 cletum
699 1981 974 2048 submisit,
1008 1997 1170 2052 quem
1201 1992 1255 2038 et
1287 1983 1622 2038 Salvatorem
1645 1992 1876 2053 vocant;
1909 1999 2033 2040 cum

461 2073 645 2130 omnis
696 2064 762 2128 in
807 2073 985 2144 ipsum
1028 2073 1112 2126 vis
1155 2081 1300 2128 esset
1344 2081 1624 2144 congesta,
1676 2076 2037 2142 universaque

461 2165 705 2237 ejusdem
750 2163 1007 2235 potestati
1037 2170 1147 2216 tam
1189 2179 1219 2218 a
1249 2162 1429 2229 Patre,
1465 2179 1627 2234 quam
1660 2164 1729 2219 ab
1770 2163 2037 2221 1E0nibns

462 2256 775 2320 commissa,
798 2262 855 2318 ut
887 2270 983 2325 per
1006 2255 1182 2325 ipsum
1213 2262 1321 2308 tam
1348 2270 1467 2325 ιιιιιε
1500 2253 1668 2309 videri
1700 2256 1875 2311 oculis
1906 2271 2037 2326 pos-

462 2356 605 2408 sent,
637 2360 800 2415 quam
835 2358 956 2414 quae
982 2344 1153 2397 aciem
1194 2342 1512 2412 ellugerent,
1556 2344 1808 2398 universa
1846 2344 2040 2398 conde-

464 2444 687 2502 rentur;
715 2435 974 2489 nimirum
1008 2433 1213 2498 throni,
1246 2434 1585 2498 divinitatcs,
1612 2433 2035 2491 dominationes.

464 2529 827 2582 Accesserunt
850 2533 904 2578 et
938 2523 1220 2579 Paracleto
1249 2526 1480 2579 comites
1508 2526 1745 2596 aequales
1768 2527 1914 2581 illius
1943 2542 2039 2580 an-

464 2618 590 2692 geli.
618 2616 699 2671 Ad
730 2616 888 2687 cujus
922 2614 1211 2670 adventum
1237 2615 1539 2670 Acbamoth
1575 2616 1779 2686 pudore
1810 2616 2036 2686 perfusa

464 2710 629 2781 capiti
665 2711 841 2765 velum
870 2707 1117 2762 obduxit.
1153 2705 1291 2760 Tum
1321 2707 1411 2762 ubi
1442 2707 1592 2761 illum
1626 2725 1747 2762 cum
1773 2711 1919 2763 omni
1939 2726 2037 2766 suo

465 2812 732 2871 proventu
764 2803 1073 2872 conspexit,
1105 2815 1173 2854 ex
1201 2799 1364 2867 hujus
1394 2799 1682 2867 prmsentia
1718 2804 2038 2865 conllrntata

466 2889 533 2944 ad
566 2905 690 2945 eum
722 2892 981 2944 accurrit.
1000 2891 1046 2942 A
1072 2903 1182 2959 quo
1207 2887 1483 2942 elaborata
1516 2894 1570 2940 et
1593 2885 1766 2941 eﬂicta
1789 2904 1911 2944 cum
1937 2887 2042 2943 for-

468 2996 609 3035 mam
644 2980 991 3051 cognitionis,
1021 2988 1135 3032 tum
1163 2977 1327 3031 animi
1350 2977 1660 3030 morborum
1689 2979 1931 3032 omnium
1961 2993 2039 3033 re-

2139 1802 2239 1873 μέν
2271 1801 2438 1866 είκδς,
2473 1802 2554 1854 ὅτι
2589 1800 2835 1870 ὤκνησεν
2877 1801 2942 1853 ἐκ
2980 1801 3231 1870 δευτέρου
3279 1801 3577 1868 κατελθεῖν,
3616 1804 3715 1858 τὸν

2137 1892 2498 1964 Παράκλητον
2524 1891 2579 1945 δὲ
2608 1890 2914 1961 ἐξέπεμψεν
2942 1891 3110 1962 αὑτὴν
3142 1894 3185 1955 ³,
3214 1891 3457 1945 τουτέστι
3484 1892 3576 1947 τὸν
3599 1894 3715 1948 Σω-

2135 1984 2297 2056 τῆρα,
2333 1981 2573 2046 ἐνδόντος
2605 1983 2751 2054 αὑτῷ
2779 1984 2957 2037 πᾶσαν
2986 1983 3083 2054 τὴν
3105 1981 3330 2053 δύναμιν
3354 1981 3447 2035 τοῦ
3470 1983 3711 2055 Πατρὸς,

2136 2075 2229 2128 καὶ
2269 2075 2376 2127 πᾶν
2424 2074 2515 2127 ὑπ’
2546 2072 2793 2138 ἐξουσίαν
2827 2073 3181 2145 παραδόντος,
3210 2074 3307 2127 καὶ
3339 2072 3445 2128 τῶν
3489 2072 3716 2128 Αίώνων
3792 2108 3797 2115 ο

2135 2164 2386 2235 δεόμενος
2412 2165 2451 2229 ³,
2479 2165 2626 2229 ὅπως
2650 2166 2706 2218 ἐν
2739 2164 2888 2236 αὑτῷ
2914 2165 2983 2219 τὰ
3018 2165 3194 2220 πάντα
3223 2165 3415 2237 κτισθῇ
3441 2165 3509 2219 τά
3538 2166 3719 2236 ὁρατά

2138 2257 2232 2310 καὶ
2258 2256 2327 2308 τὰ
2368 2257 2595 2328 ἀόρατα,
2645 2256 2845 2326 θρόνοι,
2892 2255 3162 2327 θεότητες,
3203 2255 3542 2327 κυριότητες.
3585 2257 3716 2311 Ἐκ-

2139 2344 2413 2414 πέμπεται
2452 2345 2507 2397 δὲ
2538 2345 2675 2415 πρὸς
2716 2344 2885 2415 αὑτὴν
2913 2345 3052 2415 μετά
3079 2345 3187 2399 τῶν
3214 2345 3514 2416 ἡλικιωτῶν
3544 2348 3714 2401 αὑτοῦ

2136 2434 2243 2487 τῶν
2283 2433 2550 2503 ἀγγέλων.
2592 2434 2703 2506 Τὴν
2735 2433 2794 2487 δὲ
2844 2434 3098 2506 Ἀχαμὼθ
3148 2435 3510 2506 ἐντραπεῖσαν
3550 2436 3715 2491 αὑτὸν

2136 2523 2372 2592 λέγουσι,
2404 2526 2618 2595 πρῶτον
2669 2524 2767 2595 μὲν
2818 2524 3079 2596 κάλυμμα
3124 2525 3405 2579 ἐπιθέσθαι
3466 2527 3530 2579 δι’
3554 2526 3714 2590 αίδὼ,

2141 2616 2433 2688 μετέπειτα
2475 2616 2531 2669 δὲ
2578 2615 2789 2669 ἰδοῦσαν
2829 2616 2990 2669 αὑτὸν
3018 2616 3113 2669 σὺν
3154 2616 3251 2689 ὅλῃ
3282 2620 3345 2688 τῇ
3367 2619 3718 2691 καρποφορίᾳ

2138 2706 2324 2767 αὑτοῦ,
2368 2707 2737 2780 προσδραμεῖν
2763 2706 2930 2778 αὑτῷ,
2962 2706 3189 2778 δύναμιν
3221 2707 3486 2761 λαδοῦσαν
3508 2710 3577 2761 ὲκ
3616 2709 3720 2780 τῆς

2138 2798 2457 2866 ἐπιφανείας
2507 2798 2692 2853 αὑτοῦ.
2734 2797 2998 2852 Κάκεῖνον
3046 2798 3326 2870 μορφῶσαι
3372 2797 3542 2869 αὑτὴν
3576 2799 3719 2870 μόρ-

2139 2905 2308 2957 φωσιν
2334 2888 2429 2959 τὴν
2456 2887 2596 2942 κατά
2614 2888 2835 2957 γνῶσιν,
2869 2890 2964 2943 καὶ
2988 2888 3132 2942 ἴασιν
3158 2888 3263 2942 τῶν
3286 2887 3471 2943 παθῶν
3490 2890 3721 2961 ποιήσα-

2140 2979 2263 3033 σθαι
2304 2980 2493 3051 αὑτῆς.
2541 2978 2868 3052 Χωρίσαντα
2912 2980 2957 3032 δ’
2987 2979 3126 3033 αὑτά
3158 2979 3349 3050 αὑτῆς,
3398 2981 3472 3052 μὴ
3510 2979 3722 3051 ἀμελή-

468 3071 643 3126 media
688 3072 948 3142 percepit.
982 3069 1131 3138 Quos
1172 3069 1390 3141 quidem
1442 3069 1664 3123 morbos
1711 3069 1787 3122 ita
1830 3070 1919 3125 ille
1956 3085 2039 3124 se—

2142 3087 2309 3123 σαντα
2334 3070 2390 3122 δὲ
2419 3069 2597 3123 αὐτῶν
2619 3084 2631 3097 ·
2674 3070 2734 3122 ού
2759 3064 2953 3140 γὰρῆν
2999 3068 3200 3124 δυνατά
3225 3068 3603 3138 ἀφανισθῆναι,
3640 3069 3718 3132 ὡς

466 3164 660 3231 crevit,
691 3172 750 3219 ut
779 3179 887 3219 non
917 3165 1133 3234 penitus
1158 3161 1469 3233 negligeret.
1503 3159 1687 3231 Neque
1712 3161 1856 3217 enim
1895 3164 2042 3218 velut

468 3255 668 3327 prioris
718 3256 863 3310 illius
908 3254 1078 3310 deleri
1122 3253 1370 3309 funditus
1415 3261 1690 3323 poterant,
1739 3254 1883 3322 quod
1937 3270 2041 3309 usu

467 3348 774 3403 conﬁrmati
806 3347 1258 3414 eorroboratique
1280 3345 1393 3414 jam
1436 3344 1848 3400 occalluisscnt.
1883 3345 2042 3415 185

470 3440 611 3509 Ergo
636 3439 757 3494 illos
775 3444 1014 3493 secretos
1033 3435 1280 3491 confudit
1296 3450 1358 3489 ac
1380 3434 1648 3495 densavit,
1672 3433 1805 3487 etab
1826 3445 2044 3502 experte

469 3530 717 3599 corporis
745 3526 1031 3581 alfectione
1061 3527 1116 3580 in
1150 3539 1466 3595 corpoream
1495 3524 1775 3578 materiam
1815 3540 2044 3580 conver-

472 3620 559 3672 tit.
594 3617 798 3672 Deinde
843 3623 1098 3670 naturam
1146 3614 1363 3678 indidit,
1411 3614 1767 3684 idoneamque
1802 3614 1948 3681 fecit,
1986 3625 2046 3669 ut

474 3707 701 3763 conﬂari
752 3714 916 3778 atque
960 3707 1241 3776 corporari
1293 3711 1500 3775 posset,
1540 3713 1870 3774 naturasque
1909 3705 2046 3761 duas

470 3799 728 3865 efﬁceret,
761 3797 989 3852 alteram
1031 3795 1377 3850 atl‘ectionum
1421 3794 1636 3857 tnalam,
1673 3796 2046 3851 conversionis

471 3894 720 3956 alteram,
745 3904 976 3959 eamque
999 3888 1412 3959 perturbatione
1446 3884 1750 3956 prieditam.
1777 3884 1948 3951 Quam
1977 3886 2048 3941 ob

474 3996 695 4036 causam
726 3979 1015 4043 Salvatori,
1045 3979 1091 4034 si
1134 3977 1244 4031 vim
1280 3976 1577 4030 {unctionis
1612 3976 1758 4029 illius
1794 3977 2047 4049 conside-

473 4089 585 4140 res,
615 4071 930 4129 Conditoris
964 4080 1145 4142 partes
1191 4068 1520 4124 attribuunt.
1573 4064 1690 4120 Jam
1748 4066 2046 4124 Achamoth

473 4163 542 4218 ab
573 4162 723 4218 omni
753 4159 1165 4232 perturbatione
1209 4158 1399 4221 libera,
1431 4171 1557 4209 cum
1612 4155 1902 4220 luminum,
1927 4171 2048 4226 quze

473 4266 598 4305 cum
629 4253 748 4321 ipso
783 4259 962 4316 erant,
998 4250 1100 4305 hoc
1130 4256 1214 4304 est
1235 4247 1496 4302 comitum
1541 4245 1882 4315 angelorum,
1913 4261 2046 4300 con-

475 4341 881 4412 templationem
930 4357 1055 4396 cum
1086 4341 1289 4410 ingenti
1320 4339 1526 4411 gaudio’
1564 4337 1926 4407 concepisset,
1962 4343 2046 4391 at-

2140 3162 2210 3216 τὰ
2236 3161 2335 3231 τῆς
2362 3161 2654 3232 προτέρας,
2686 3160 2774 3214 διὰ
2792 3162 2852 3214 τὸ
2874 3161 3066 3215 ἐκτικά
3087 3160 3189 3231 ῆδη
3212 3162 3307 3213 καὶ
3334 3160 3532 3214 δυνατά
3553 3156 3715 3214 εἶναι’
3730 3188 3742 3194 -

2140 3250 2276 3304 ἀλλὰ
2310 3251 2680 3323 ἀποκρίναντα
2710 3253 2948 3323 χωρήσει
2985 3250 3080 3304 τοῦ
3111 3250 3338 3322 συγχέαι
3358 3249 3379 3280 ⁸
3401 3253 3494 3304 καὶ
3528 3251 3721 3320 πῆξαι,

2141 3341 2235 3394 καὶ
2282 3339 2340 3407 ἐξ
2376 3340 2665 3410 ἀσωμάτου
2713 3340 2916 3405 πάθους
2958 3343 3038 3404 εἰς
3078 3340 3371 3410 ἀσώματον
3395 3342 3416 3373 ³
3445 3341 3543 3412 τὴν
3584 3340 3725 3412 ὃλην

2145 3431 2467 3503 μεταϐαλεῖν
2504 3432 2661 3488 αὑτά.
2692 3428 2809 3485 Εἶθ’
2839 3431 3010 3495 οὑτως
3043 3432 3453 3504 ἐπιτηδειότητα
3485 3432 3579 3486 καὶ
3621 3431 3726 3501 φύ-

2144 3539 2230 3575 σιν
2263 3524 2693 3593 ὲμπεποιηκέναι
2717 3524 2920 3588 αὑτοῖς,
2961 3523 3102 3577 ὥστε
3131 3525 3211 3587 είς
3252 3524 3597 3596 συγκρίματα
3626 3526 3728 3580 καὶ

2145 3613 2370 3684 σώματα
2422 3614 2596 3667 ἐλθεῖν
2643 3616 2780 3688 πρὸς
2826 3615 2887 3669 τὸ
2935 3615 3186 3684 γενέσθαι
3230 3616 3322 3669 δύο
3366 3616 3576 3684 οὑσίας,
3617 3617 3727 3687 τὴν

2145 3703 2356 3774 φαύλην
2392 3704 2501 3759 τῶν
2529 3705 2737 3772 παθῶν,
2761 3707 2860 3778 τήν
2884 3722 2944 3758 τε
2984 3705 3086 3776 τῆς
3115 3706 3448 3778 ἐπιστροφῆς
3474 3706 3724 3778 ἐμπαθῆ.

2148 3796 2259 3848 Καὶ
2276 3785 2377 3849 ’διὰ
2407 3795 2809 3868 τοῦτο’δυνάμει
2838 3796 2930 3850 τὸν
2957 3796 3185 3869 Σωτῆρα
3204 3798 3729 3871 δεδεμιουργηκέναι

2148 3887 2449 3957 φάσκουσιο
2482 3890 2578 3960 τήν
2605 3906 2664 3941 τε
2708 3889 2962 3962 Ἀχαμὼθ
2992 3876 3147 3953 ἐκτὸς
3176 3890 3377 3953 πάθους
3398 3891 3726 3962 γενομένην,

2146 3979 2239 4032 καὶ
2267 3978 2639 4033 συλλαϐοῦσαν
2668 3981 2733 4052 τῇ
2764 3984 2907 4054 χαρᾷ
2932 3982 3039 4036 τῶν
3074 3985 3131 4037 ἐν
3167 3980 3315 4052 αὑτῷ
3347 3981 3368 4012 ⁸
3403 3979 3596 4051 φώτων
3625 3981 3730 4053 τὴν

2147 4066 2399 4146 θεωρίαν,
2428 4069 2676 4122 τουτέστι
2705 4069 2813 4124 τῶν
2842 4071 3087 4143 ἀγγέλων
3124 4071 3233 4125 τῶν
3264 4072 3379 4143 μετ’
3410 4070 3597 4138 αὑτοῦ,
3628 4073 3732 4125 καὶ

2147 4159 2552 4231 ὲγκισσήσασαν
2586 4161 2806 4226 αὑτοὺς,
2840 4164 3170 4235 κεκυηκέναι
3193 4164 3435 4235 καρποὺς
3459 4163 3602 4217 κατὰ
3624 4164 3732 4235 τὴν

2118 4328 2123 4331 ι
2147 4251 2329 4303 εἰκόνα
2353 4251 2684 4319 διδάσκουσι,
2712 4253 2901 4326 κύημα
2927 4256 3289 4326 πνευματικὸν
3318 4255 3439 4310 καθ’
3464 4254 3743 4327 ὁμοίωσιν

2146 4341 2445 4408 γεγονότως
2479 4342 2500 4372 ⁷
2532 4341 2641 4394 τῶν
2670 4340 2978 4415 δορυφόρων
3010 4343 3104 4397 τοῦ
3144 4346 3396 4417 Σωτῆρος

477 4447 584 4504 que
613 4431 681 4485 ad
730 4430 946 4485 illorum
990 4429 1442 4484 consuetudinem
1468 4427 1788 4508 exarsisset,
1813 4425 1879 4479 ad
1933 4439 2121 4481 eorum
2156 4428 2434 4499 exemplar
2477 4427 2645 4485 fetum
2684 4431 2871 4486 nescio
2908 4445 3069 4502 quem
3111 4431 3407 4501 spiritalem
3443 4433 3737 4505 parturiit,

475 4522 568 4594 qui
603 4522 670 4576 ad
724 4520 1052 4592 stipatorum
1100 4518 1396 4574 Salvatoris
1447 4525 1593 4574 esset
1638 4514 2050 4572 similitudinem
2083 4532 2401 4589 expressus.

543 4635 730 4691 XVIII.
777 4634 1140 4702 Quamobrem
1182 4634 1378 4702 triplici
1410 4634 1522 4702 jam
1570 4633 1872 4689 substantia
1906 4612 2039 4689 Icon-

2215 4637 2323 4691 IH'.
2359 4636 2535 4708 Τριῶν
2563 4631 2655 4691 οὖν
2692 4637 2793 4709 ἤδη
2829 4637 3032 4692 τούτων
3061 4636 3436 4709 ὑποκειμένων
3465 4639 3596 4693 κατ’
3631 4643 3738 4695 αὑ-

475 4728 683 4790 stituta,
719 4727 895 4795 prima
932 4740 1052 4796 quae
1098 4738 1164 4779 ex
1220 4723 1623 4795 perturbatione
1672 4725 1893 4794 prodiit.
1931 4740 2051 4795 qua:

474 4825 560 4874 est
622 4816 897 4885 materia;
978 4814 1217 4872 secunda
1295 4829 1358 4870 ex
1441 4815 1832 4879 conversione,
1907 4816 2052 4887 quod

473 4916 560 4965 est
605 4906 953 4974 animalium;
1000 4906 1160 4963 tertia
1210 4904 1477 4976 spiritali,
1520 4920 1682 4975 quam
1725 4911 2051 4975 postremam

473 5000 725 5073 peperit,
786 5008 903 5055 tum
961 5013 1022 5055 se
1072 4998 1306 5070 denique
1366 4996 1433 5051 ad
1505 4995 1692 5051 eadem
1755 4996 2050 5068 ellingenda

475 5093 724 5149 contulit.
773 5091 1093 5162 Quanquam
1151 5090 1298 5162 quod
1349 5088 1591 5159 spiritale
1652 5097 1809 5157 erat,
1865 5098 2050 5161 utpote

475 5183 717 5253 ejusdem
764 5198 886 5237 cum
934 5184 1051 5253 ipsa
1101 5192 1348 5250 natura,
1398 5182 1630 5254 figurare
1674 5181 1895 5237 minime
1948 5198 2048 5254 po-

478 5276 600 5328 tuit.
646 5272 801 5329 Unde
838 5290 898 5330 se
930 5276 1222 5329 animatam
1270 5274 1337 5329 ad
1375 5274 1773 5338 substantiam,
1811 5288 1931 5342 quae
1981 5256 2049 5327 ex

476 5363 650 5437 ipsius
689 5364 1047 5421 conversione
1091 5364 1333 5436 profecta
1377 5366 1591 5433 fuerat,
1639 5363 2048 5437 perpoliendam

2155 4726 2298 4792 τοὺς,
2330 4724 2424 4778 τοῦ
2460 4725 2559 4795 μὲν
2586 4727 2649 4780 ἐκ
2690 4726 2782 4779 τοῦ
2827 4726 3050 4791 πάθους,
3099 4726 3129 4779 δ
3170 4721 3238 4797 ἦν
3278 4724 3411 4795 ὑλη·
3454 4726 3548 4779 τοῦ
3580 4727 3644 4781 δὲ
3671 4732 3742 4783 ἐκ

2156 4816 2255 4886 τῆς
2279 4817 2630 4887 ἐπιστροφῆς,
2654 4816 2682 4869 ὃ
2708 4812 2776 4890 ἦν
2804 4817 2864 4870 τὸ
2884 4815 3113 4887 ψυχικόν
3132 4832 3146 4847 ·
3170 4815 3261 4870 τοῦ
3282 4817 3337 4870 δὲ
3361 4816 3391 4868 δ
3421 4816 3739 4890 ἀπεκύησε,

2156 4907 2398 4961 τουτέστι
2426 4908 2484 4961 τὸ
2509 4907 2896 4980 πνευματικὸν,
2920 4905 3091 4971 οὑτως
3126 4906 3335 4977 ἐτράπη
3361 4906 3451 4958 ἐπὶ
3475 4906 3572 4977 τὴν
3602 4909 3743 4979 μόρ-

2159 5016 2328 5069 φωσιν
2360 4999 2561 5056 αὑτῶν.
2609 4999 2768 5053 Ἀλλά
2807 4999 2869 5052 τὸ
2915 4998 3014 5070 μὲν
3059 4997 3426 5069 πνευματικὸν
3466 4997 3544 5068 μὴ
3572 4998 3745 5053 δεδυ-

2154 5091 2345 5163 νῆσθαι
2372 5092 2508 5164 αὑτῇ
2538 5092 2560 5124 ⁸
2596 5092 2901 5164 μορφῶσαι,
2936 5088 3123 5161 ἐπειδὴ
3161 5088 3441 5161 όμοούσιον
3480 5087 3746 5161 ὑπῆρχεν

2153 5183 2316 5256 αὑτῇ·
2343 5181 2641 5255 τετράφθαι
2693 5181 2751 5235 δὲ
2796 5180 3001 5252 ἐπὶτὴν
3051 5180 3329 5252 μόρφωσιν
3371 5178 3473 5250 τῆς
3504 5181 3744 5251 γενομέο

2157 5292 2264 5346 μης
2292 5278 2357 5329 ὲκ
2384 5276 2481 5347 τῆς
2511 5273 2844 5344 ὲπαιστ-’ρθφῆς
2890 5274 3060 5346 αὐτῆς
3089 5271 3325 5344 ψυχικῆς
3351 5271 3564 5335 οὐσίας,
3604 5289 3746 5343 προ-

2153 5363 2337 5418 ϐαλεῖν
2374 5381 2433 5418 τε
2477 5361 2547 5418 τὰ
2593 5361 2744 5435 παρὰ
2782 5362 2875 5418 τοῦ
2934 5362 3185 5435 Σωτῆρος
3237 5359 3553 5433 μαθήματα.
3624 5362 3753 5418 Καὶ

552 5540 570 5614 _‘
605 5538 899 5614 Iren._é1:e\_
916 5539 994 5614 et.
1072 5544 1103 5614 '_
1126 5540 1186 5614 ξ’.
1218 5541 1376 5611 αὑτῇ.
1448 5542 1469 5572 ³
1493 5541 1572 5614 _lr.
1608 5541 1663 5614 δέ
1684 5540 1911 5614 epsit-3;,
1941 5553 2039 5609 pro

2141 5538 2349 5613 όμενος.
2426 5541 2449 5574 ⁵
2488 5539 2547 5595 F.
2591 5539 2759 5614 χωρὶς
2819 5537 3063 5611 συγχέαι.
3140 5538 3161 5570 ⁵
3191 5536 3328 5594 lren.
3390 5534 3757 5608 ἐνσώματον.

480 5611 505 5647 θ
542 5610 680 5679 iren.
712 5610 809 5665 σὺν
840 5609 1007 5682 αὑτῷ.
1084 5610 1278 5666 "lrcn.
1315 5609 1558 5678 γεγονός.
1630 5612 1650 5644 ⁸
1682 5609 1741 5665 F;
1769 5609 1957 5680 αὑτήν.
