3956 6070
236 304 342 364 509

952 302 1322 359 ADVERSUS
1361 297 1703 358 HERESES
1740 295 1869 353 [ΑΒ.
1911 295 1954 353 1.
1997 292 2162 351 TOM.
2202 291 2269 349 ll.
2306 320 2377 332 —
2421 283 2693 345 "ARIES.
2727 281 2916 340 XXXI.

3407 281 3511 339 5l0

232 418 455 490 πρῶτον
490 416 916 490 μεμορφωκέναι
955 418 1125 489 αὐτὴν
1161 419 1218 471 ὲκ
1244 420 1344 488 τῆς
1371 415 1610 488 ψυχικῆς
1641 412 1828 476 οὐσίας

1933 407 2216 472 convertit,
2247 404 2315 461 ad
2344 402 2511 474 idque
2534 415 2656 471 qua:
2688 414 2720 454 a
2758 396 3041 454 Salvatore
3062 391 3265 449 tradita
3294 391 3511 448 fuerant

230 510 460 580 λέγουσι
506 509 602 566 τὸν
655 508 874 581 Πατέρα
920 508 1016 563 καὶ
1070 508 1294 579 βασιλέα
1338 507 1578 571 πάντων,
1615 504 1724 559 τῶν
1765 519 1827 557 τε

229 601 542 675 όμοουσεων
572 601 744 673 αὐτῷ,
782 600 1032 654 τουτέστι
1066 598 1175 654 τῶν
1215 599 1484 671 ψυχικῶν,
1520 597 1558 652 ἃ
1587 596 1651 668 δὴ
1680 594 1829 660 δεξιά

235 693 489 755 καλοῦσι,
526 692 759 747 καὶτῶν
790 693 855 745 ὲκ
887 691 981 746 τοῦ
1015 691 1224 755 πάθους
1257 691 1353 745 καὶ
1383 691 1483 762 τῆς
1521 688 1671 757 ὕλης,
1696 686 1733 741 ἃ
1763 685 1828 758 δὴ

236 785 507 858 ἀριστερὰ
555 782 802 838 καλοῦσι.
849 782 1035 837 Πάντα
1076 783 1183 857 γὰρ
1218 782 1289 837 τὰ
1314 784 1434 837 κατ’
1481 768 1645 835 αὑτὸν
1667 779 1683 810 ¹
1722 778 1827 848 φά-

242 894 431 933 σκουσι
483 876 905 947 μεμορφωκέναι
928 917 945 942 ,
996 875 1296 946 λεληθότως
1358 872 1673 944 κινούμενον
1724 868 1831 924 ὑπὸ

238 969 342 1038 τῆς
372 969 618 1039 Μητρὸς,
648 967 770 1021 ὅθεν
798 967 892 1021 καὶ
933 967 1360 1039 Μητροπάπορα,
1400 966 1494 1019 καὶ
1534 962 1827 1033 Ἀπάτορα,

240 1061 337 1114 καὶ
374 1058 718 1131 Δημιουργὸν
767 1058 964 1119 αὐτὸν,
1010 1060 1106 1112 καὶ
1148 1057 1368 1128 Πατέρα
1415 1054 1669 1110 καλοῦσι’
1720 1051 1829 1105 τῶν

243 1151 346 1221 μὲν
389 1148 580 1215 δεξιῶν
629 1150 844 1221 πατέρα
889 1148 1140 1218 λέγοντες
1195 1149 1378 1214 αὐτὸν,
1425 1146 1672 1200 τουτέστι
1719 1142 1830 1197 τῶν

237 1242 510 1313 ψυχικῶν,
533 1240 643 1294 τῶν
665 1240 722 1295 δὲ
747 1239 1074 1312 ἀριστερῶν,
1100 1239 1344 1293 τουτέστι
1367 1238 1474 1292 τῶν
1501 1236 1721 1298 ὐλικῶν,
1736 1234 1831 1304 δη-

242 1329 523 1401 μιουργὸν,
552 1328 881 1400 συμπάντων
911 1328 970 1381 δὲ
996 1328 1238 1398 βασιλέα.
1265 1326 1376 1399 Τὴν
1414 1326 1524 1399 γὰρ
1562 1322 1829 1393 Ἐνθύμη-
1872 1386 1878 1391 .

241 1439 329 1475 σιν
369 1420 596 1492 ταύτην,
629 1419 980 1492 βουληθεῖσαν
1017 1421 1099 1484 εἰς
1134 1417 1299 1491 τιμὴν
1357 1417 1466 1471 τῶν
1500 1413 1721 1470 Δίὠνων
1759 1412 1829 1467 τὰ

240 1513 425 1567 πάντα
453 1510 700 1582 ποιῆσαι,
730 1511 942 1576 εἰκόνας
981 1511 1196 1580 λέγουσι
1233 1507 1592 1578 πεποιηκέναι
1628 1503 1827 1568 αὐτῶν,

242 1601 450 1672 μᾶλλον
485 1600 543 1654 δὲ
581 1599 673 1654 τὸν
712 1601 943 1671 Σωτῆρα
990 1601 1058 1654 δι’
1093 1600 1284 1670 αὐτῆς,
1314 1597 1410 1652 καὶ
1446 1594 1616 1666 αὐτὴν
1653 1594 1751 1665 μὲν
1772 1595 1829 1646 ὲν

237 1691 415 1745 εἰκόνι
437 1692 534 1745 τοῦ
564 1693 798 1765 ἀοράτου
832 1691 1045 1763 Πατρός
1074 1688 1432 1762 τετηρηκέναι
1462 1688 1537 1758 μὴ
1562 1701 1829 1755 γινωσκο-

1928 501 2253 557 documenta
2284 494 2588 552 transtulit.
2628 492 2707 546 Ac
2744 489 2979 561 primum
3017 491 3243 541 narrant
3287 498 3354 540 ex
3394 482 3512 536 ani-

1929 598 2076 648 mata
2104 586 2412 646 substantia
2440 584 2733 639 formatum
2768 580 2835 635 ab
2859 579 2947 633 illa
2970 575 3186 632 Patrem
3213 589 3279 630 ac
3306 572 3508 644 Regem

1930 682 2197 743 omnium,
2225 686 2337 733 tam
2369 690 2560 733 eorum
2593 673 2826 737 scilicet,
2848 685 2970 741 qua:
3010 668 3199 724 eadem
3231 680 3353 721 cum
3390 663 3511 735 ipso
3600 710 3604 715 .

1874 803 1884 811 -
1929 782 2127 827 natura
2181 774 2459 834 constant,
2515 765 2623 820 hoc
2680 769 2766 818 est
2823 761 3207 823 animatorum,
3252 770 3374 827 qua;
3432 753 3510 808 illi

1929 862 2119 919 dextra
2163 864 2507 931 nuncupant,
2550 869 2714 926 quam
2758 868 2945 909 eorum
2984 866 3105 922 quae
3139 865 3205 905 ex
3229 846 3514 902 allectione

1931 950 2277 1015 aemateria
2344 953 2786 1017 componuntur,
2837 956 2957 1013 quae
3016 940 3237 999 sinistra
3292 939 3510 991 vocant.

1928 1039 2066 1095 Nam
2096 1041 2374 1104 universa,
2405 1053 2530 1109 qua:
2569 1043 2693 1108 post
2728 1036 2907 1105 ipsum
2955 1032 3306 1093 exstiterunt,
3335 1027 3403 1083 ab
3449 1041 3513 1081 eo

1930 1131 2121 1188 dicunt
2145 1128 2342 1193 ellicta,
2373 1144 2498 1185 cum
2529 1142 2558 1181 a
2592 1127 2760 1181 Matre
2786 1124 2949 1179 tacite
2969 1124 3033 1179 ad
3060 1123 3111 1177 id
3134 1129 3278 1178 esset
3310 1121 3512 1189 impul-

1932 1235 2066 1276 sus:
2102 1233 2166 1274 ac
2190 1224 2479 1287 propterea
2513 1214 2863 1285 Metropator,
2895 1210 3200 1280 etApator,
3223 1214 3276 1261 et
3312 1204 3516 1260 Condi-

1931 1321 2020 1368 tor
2044 1326 2109 1367 ae
2153 1311 2360 1365 Parens
2407 1309 2731 1381 appellatur.
2788 1304 3111 1360 Dextrorum
3149 1298 3421 1364 videlicet,
3458 1296 3513 1350 id

1930 1410 2014 1460 est
2053 1401 2233 1457 anima
2268 1399 2643 1472 praeditorum,
2681 1396 2924 1461 Parens;
2957 1394 3318 1449 Sinistrorum
3360 1402 3511 1451 vero,
3598 1458 3603 1465 Ι

1929 1495 2035 1551 hoc
2074 1501 2160 1551 est
2200 1499 2580 1554 concretorum
2626 1504 2749 1543 cum
2798 1485 3048 1548 Materia,
3092 1481 3392 1548 Conditor;
3450 1494 3515 1534 ac

1931 1586 2047 1642 Rex
2107 1586 2325 1641 demum
2377 1583 2778 1638 universorum.
2840 1568 3118 1649 Siquidem
3158 1571 3514 1645 Enthymesin

1932 1677 2080 1731 illam
2103 1674 2362 1746 produnt,
2392 1688 2517 1729 cum
2547 1672 2613 1727 ad
2641 1670 2879 1725 Aﬁonum
2912 1670 3170 1723 honorem
3201 1673 3254 1721 et
3286 1663 3513 1735 gloriam

245 1783 420 1854 μένην
463 1783 567 1836 ὑπὸ
600 1752 712 1837 toﬁ.
730 1752 1094 1856 Δημιουργοῢ,
1128 1752 1316 1837 coiret;
1357 1779 1416 1833 δὲ
1458 1752 1552 1832 τοιῖ
1576 1752 1825 1847 ’μονογε-

1933 1767 2103 1823 moliri
2130 1766 2313 1823 omnia
2358 1772 2615 1835 cuperet,
2647 1775 2826 1818 certas
2873 1774 3061 1815 eorum
3098 1756 3361 1826 imagines
3400 1752 3517 1810 edi-

228 1869 372 1939 -νοῦς
401 1875 556 1941 Υἱοῦ,
585 1875 694 1931 τῶν
803 1876 1004 1929 λοιπῶν
1035 1873 1254 1928 Aldiva
1296 1872 1425 1935 τοὺς
1452 1869 1557 1925 ὑπὸ
1579 1866 1782 1922 τούτων
1807 1865 1827 1895 ²

237 1966 535 2036 γεγονότας
555 1966 926 2039 ἀρχαγγέλους
948 1983 1008 2020 τε
1040 1966 1134 2020 καὶ
1154 1965 1439 2034 ἀγγέλους.

1934 1860 2103 1922 disse,
2126 1857 2209 1914 vel
2256 1872 2350 1927 per
2390 1856 2564 1927 ipsam
2604 1853 2787 1923 potius
2842 1851 2894 1905 id
2938 1851 3113 1920 egisse
3156 1845 3514 1911 Salvatorem,
3548 1904 3561 1919 κ

1936 1949 2179 2020 adeoque
2207 1946 2357 2000 illam
2389 1945 2443 2000 in
2469 1942 2643 2015 elﬁgie
2679 1941 2858 1997 Patris
2894 1940 2985 2011 qui
3017 1939 3299 1995 oculorum
3336 1937 3514 1993 visum

237 2058 453 2131 effugit,
482 2060 794 2125 retinuisse,
840 2069 901 2115 ut
935 2074 1055 2115 eam
1088 2031 1313 2113 minime
1352 2055 1620 2112 Conditor
1681 2051 2067 2119 cognosceret;
2135 2041 2282 2095 hunc
2314 2052 2446 2094 vero
2486 2035 2555 2091 ad
2608 2034 2857 2106 unigena:
2890 2031 3010 2087 Filii
3045 2051 3059 2087 :
3095 2031 3163 2086 ad
3197 2038 3515 2086 cancrorum

238 2154 952 2221 Eonum‘similitudinem,
987 2155 1160 2210 factos
1199 2156 1269 2211 ab
1303 2153 1370 2209 iis
1399 2151 1562 2222 186
1597 2142 1958 2214 archangclos
1991 2137 2322 2209 angelosquc
2351 2132 2643 2203 prodiisse.

312 2248 536 2320 Πατέρα
556 2243 648 2303 οὖν
676 2249 772 2303 καὶ⁵
794 2247 924 2302 Θεὸν
957 2246 1204 2317 λέγουσιν
1229 2245 1389 2301 αὐτὸν
1413 2242 1695 2314 γεγονέναι
1714 2236 1824 2291 τῶν

180 2362 189 2375 ν
239 2338 404 2403 ἐκτὸς
424 2336 518 2393 τοῦ
548 2338 931 2412 πληρώματος,
976 2339 1208 2410 ποιητὴν
1249 2337 1378 2391 ὄντα
1421 2336 1639 2389 πάντων
1666 2330 1829 2401 ψυχι-

240 2428 359 2483 κῶν
381 2446 442 2483 τε
468 2430 565 2483 καὶ¹
598 2429 818 2484 ὑλικῶν.
848 2430 1209 2502 Διακριναντα
1235 2431 1347 2501 γὰρ
1383 2425 1485 2490 τὰς
1523 2424 1618 2479 δύο
1643 2422 1830 2484 οὐσίας

244 2520 680 2603 συγκεχυμένας,
719 2522 814 2575 καὶ
851 2520 912 2587 ἐξ
941 2522 1248 2592 ἀσωμάτων
1286 2516 1830 2590 σωματοποιήσαντα,

238 2611 767 2683 δεδημιουργηκέναι
800 2613 872 2669 τὰ
906 2630 967 2667 τε
1008 2613 1236 2685 οὐράνια
1268 2612 1364 2666 καὶ
1399 2611 1469 2665 τὰ
1510 2610 1695 2680 γήϊνα,
1733 2606 1830 2660 καὶ

238 2706 527 2772 γεγονέναι
560 2704 760 2759 ὑλικῶν
804 2706 899 2760 καὶ
936 2704 1203 2779 ψυχικῶν,
1248 2703 1441 2770 δεξιῶν
1478 2702 1574 2756 καὶ
1612 2701 1831 2772 ἀριστε-

2003 2226 2368 2295 Quamobrem
2391 2222 2605 2279 Patrem
2637 2221 2787 2275 illum
2818 2233 2882 2274 ac
2909 2217 3080 2274 Deum
3108 2216 3351 2274 omnium
3380 2229 3485 2269 con
3510 2243 3518 2253 -

1933 2317 2191 2382 stituunt,
2222 2328 2343 2386 qua:
2389 2320 2544 2369 extra
2578 2312 2816 2382 pleroma
2849 2309 3207 2373 collocantur,
3243 2309 3518 2362 omnium-

1934 2423 2040 2480 que
2067 2407 2252 2462 itidem
2277 2404 2459 2460 anima
2478 2403 2563 2459 vel
2590 2403 2814 2456 materia
2840 2400 3211 2471 praeditorum.
3242 2395 3343 2452 Ubi
3369 2396 3515 2452 enim

1920 2499 2072 2571 duas
2092 2499 2215 2555 illas
2235 2506 2460 2552 naturas
2488 2495 2629 2550 inter
2660 2510 2781 2550 sese
2804 2494 3063 2549 confusas
3089 2507 3153 2545 ac
3174 2490 3517 2560 promiseuas

1937 2591 2264 2664 segregavit,
2285 2586 2722 2659 corporibusque
2767 2592 3018 2641 carentes
3050 2581 3258 2652 redegit
3299 2581 3352 2634 in
3394 2595 3518 2633 cor-

1928 2701 2062 2757 pora
2086 2702 2102 2751 ;
2131 2692 2249 2739 tum
2278 2683 2497 2738 demum
2522 2678 2767 2734 ccelestia
2792 2677 2992 2749 pariter
3034 2688 3099 2729 ac
3135 2682 3351 2729 terrena
3385 2686 3519 2727 con-

383 2793 734 2868 δημιουργὸν,
764 2765 983 2866 κούφων
1015 2765 1112 2852 καὶ
1141 2765 1376 2869 βαρέων,
1411 2765 1708 2865 ἀνωφερῶν
1734 2793 1830 2847 καὶ

1933 2776 2157 2840 didisse,
2182 2788 2247 2828 ac
2289 2770 2654 2826 materialium
2694 2778 2747 2824 et
2787 2769 3174 2831 animatorum,
3199 2765 3517 2820 dextrorum

241 2887 599 2959 κατωφερῶν.
655 2888 829 2944 Ἑπτὰ
880 2889 992 2963 γὰρ
1035 2888 1299 2962 οὐρανοὺς
1346 2886 1826 2948 κατεσκευακέναι,

1930 2878 1996 2919 ac
2024 2863 2399 2926 sinistrorum,
2431 2859 2631 2916 levium
2670 2871 2733 2911 ac
2756 2856 3021 2928 gravium,
3056 2868 3245 2909 eorum
3284 2853 3518 2922 denique

241 2967 325 3029 ὧν
603 2978 695 3031 τὸν
746 2945 1559 3051 Δημιουργὸν’εἶναι’λέγουσι·
1602 2976 1699 3029 καὶ
1738 2945 1829 3029 atat

1933 2970 2050 3027 quae
2076 2969 2303 3029 sursum
2341 2959 2436 3006 aut
2487 2950 2741 3007 deorsum
2792 2947 3039 3003 feruntur
3074 2945 3321 3016 opiﬁcem
3348 2945 3520 3001 exsti-

240 3067 408 3122 τοῦτο
436 3068 734 3140 Ἐὅδομὰδα
768 3034 1024 3124 καλοῦσιν
1054 3070 1238 3132 αὐτὸν,
1258 3068 1357 3136 τὴν
1386 3034 1458 3121 ’δὲ
1499 3066 1710 3139 μητέρα
1734 3065 1833 3137 τὴν

1934 3045 2089 3100 tisse.
2131 3042 2399 3114 Septenos
2428 3042 2630 3111 quippe
2676 3038 2930 3095 caelestes
2975 3037 3139 3093 orbes
3178 3034 3516 3091 fabricasse:

254 3159 515 3232 ’Δχαμὼθ
555 3161 805 3230 Ὀγδοάδα
820 3202 837 3225 ,
886 3161 1278 3226 ἀποσώζουσαν
1323 3159 1414 3213 τὸν
1454 3158 1687 3231 ἀριθμὸν
1732 3155 1827 3210 τοῦ

243 3251 545 3323 ἀρχεγόνου
575 3251 618 3315 ³,
656 3252 751 3305 καὶ
790 3253 895 3323 πρὸ
935 3253 1037 3323 τῆς
1077 3252 1169 3305 τοῦ
1210 3250 1576 3323 πληρώματος
1611 3247 1830 3317 ὐγδοά-

242 3343 358 3406 δος.
390 3343 530 3406 Τοὺς
546 3341 605 3395 δὲ
624 3342 766 3396 ἑπτὰ
788 3343 1049 3414 οὐρανοὺς
1068 3342 1092 3375 ’⁸
1119 3343 1218 3396 οὐκ
1237 3339 1374 3395 εἶναι
1394 3339 1617 3413 νοητοὺς
1645 3355 1828 3408 φασιν.

255 3431 555 3501 Ἅγγέλους
581 3432 639 3485 δὲ
665 3433 862 3496 αὐτοὺς
879 3433 1248 3499 ὑποτίθενται,
1271 3432 1475 3487 καὶτὸν
1491 3432 1565 3501 Δη
1574 3428 1833 3501 μιουργδν

244 3522 308 3578 δὲ
337 3523 432 3578 καὶ
459 3522 621 3577 αὐτὸν
645 3523 874 3593 ἄγγελον
899 3522 1017 3594 Θεῷ
1044 3523 1263 3578 ἐοικότα
1283 3539 1296 3553 ·
1320 3523 1395 3586 ὡς
1419 3522 1513 3576 καὶ
1538 3520 1630 3575 τὸν
1657 3521 1836 3592 παρᾶ-

244 3613 426 3668 δεισον
466 3614 605 3684 ὑπὲρ
635 3614 818 3686 τρίτον
851 3614 1075 3686 οὐρανὸν
1110 3614 1260 3679 ὄντα,
1305 3615 1568 3687 τέταρτον
1606 3612 1835 3683 ἄγγελον

247 3705 473 3773 λέγουσι
497 3705 725 3776 δυνάμει
764 3702 1055 3777 Γὑπάρχειν,
1086 3706 1181 3760 καὶ⁸
1205 3705 1315 3759 ἀπὸ
1346 3704 1539 3759 τούτου
1590 3722 1645 3757 τι
1688 3702 1835 3773 εἰλη-

249 3795 414 3865 φέναι
462 3795 556 3849 τὸν
597 3794 1185 3868 ’Δδάμ.διατετριφότα
1245 3795 1304 3849 ὲν
1348 3793 1518 3864 αὐτῷ.
1555 3793 1739 3847 Ταῦτα
1776 3792 1833 3845 δὲ

247 3885 344 3939 τὸν
380 3885 724 3959 Δημιουργδν
769 3885 1066 3957 φᾴσκουσιν
1107 3883 1203 3955 ἀφ’
1238 3881 1435 3938 ἑαυτοῦ
1484 3883 1583 3953 μὲν
1625 3881 1835 3952 ῲῆσθαι

250 3974 707 4041 κατασκευάζειν.
759 3975 1116 4046 πεποιηκέναι
1165 3973 1211 4028 δ’
1257 3973 1416 4029 αὐτὰ.
1443 3972 1545 4041 τῆς
1580 3970 1834 4041 ’Δχαμὼθ

252 4066 695 4139 προϐαλλούσης·
733 4066 958 4138 οὐρανὸν
1004 4064 1364 4137 πεποιηκέναι
1406 4063 1483 4136 μὴ
1534 4064 1709 4119 εἰδότα
1744 4063 1838 4117 τὸν

248 4159 485 4230 οὐρανὸν
504 4176 518 4190 ·
568 4159 664 4213 καὶ¹
703 4158 986 4229 ἄνθρωπον
1025 4157 1364 4213 πεπλακέναι
1417 4157 1493 4229 μὴ
1515 4155 1708 4233 ,εἰδότα
1745 4154 1836 4210 τὸν

248 4250 543 4323 ἄνθρωπον
561 4266 574 4278 ·
626 4250 733 4321 γῆν
764 4268 823 4304 τε
873 4249 1165 4321 δεδειχέναι
1216 4248 1291 4321 μὴ
1341 4248 1701 4320 ἐπιστάμενον
1741 4247 1838 4319 τὴν

250 4341 375 4412 γῆν.
412 4341 525 4396 Καὶ
551 4341 645 4395 ἐπὶ
675 4342 889 4396 πάντων
913 4339 1085 4405 οὕτως
1105 4340 1353 4409 λέγουσιν
1376 4339 1705 4411 ἠγνοηκέναι
1738 4338 1839 4393 αὐ-

1932 3153 2095 3208 supra
2122 3152 2261 3207 quos
2301 3134 2651 3190 Conditorem
2694 3133 3007 3196 collocant;
3061 3137 3224 3201 atque
3268 3130 3339 3185 ob
3379 3130 3522 3183 hanc

1931 3243 2155 3285 causam
2185 3224 2591 3281 Hebdomadem
2632 3238 2756 3279 eum
2805 3222 3129 3277 nominant:
3167 3220 3246 3274 uti
3284 3228 3518 3275 matrem

1930 3319 2257 3383 Achamotb,
2291 3316 2625 3389 Ogdoadem,
2654 3330 2763 3387 quo
2786 3313 3122 3385 primigenia:
3151 3327 3214 3366 ac
3241 3312 3428 3382 prima:
3453 3310 3521 3371 de

1931 3411 2232 3481 pleromatc
2273 3407 2547 3480 Ogdoadis
2580 3420 2868 3461 numerum
2901 3404 3211 3460 observent.
3252 3399 3424 3456 Orbes
3452 3398 3522 3452 il-

1935 3502 2017 3556 los
2044 3514 2173 3555 vero
2216 3506 2423 3569 septem
2462 3496 2733 3566 spiritales
2768 3510 2892 3550 esse
2928 3499 3252 3557 memorant,
3276 3492 3523 3562 adeoque

1934 3591 2177 3662 angelos,
2214 3595 2274 3644 ut
2303 3596 2359 3644 et
2381 3588 2733 3644 Conditorem
2762 3587 2938 3658 ipsum
2968 3585 3218 3656 angelum
3250 3582 3344 3639 Dei
3370 3584 3525 3640 simi-

1936 3684 2040 3738 lem
2067 3681 2310 3746 faciunt;
2332 3695 2395 3734 ac
2418 3678 2732 3749 paradisum
2750 3693 2967 3749 quoque
2991 3677 3085 3748 qui
3109 3691 3271 3747 supra
3301 3674 3524 3730 tertium

1935 3775 2134 3830 cmlum
2159 3771 2381 3835 eminet,
2405 3778 2661 3839 quartum
2689 3770 2742 3823 vi
2772 3770 3008 3836 quadam
3042 3784 3164 3824 esse
3205 3767 3404 3822 coelum
3428 3764 3523 3820 (1ο-

1935 3863 2169 3929 ﬁniunt,
2217 3861 2287 3916 ab
2333 3876 2508 3930 eoque
2554 3859 2802 3915 nonnihil
2853 3858 3154 3923 Adamum,
3204 3872 3331 3912 cum
3376 3857 3523 3926 apud

1936 3953 2115 4022 ipsum
2143 3951 2381 4022 degeret,
2403 3948 2703 4019 accepisse.
2733 3940 3003 4004 Caeterum
3036 3946 3218 4001 omnia
3251 3946 3356 3999 ista
3380 3944 3524 4002 Con-

1936 4044 2168 4099 ditorem
2190 4049 2412 4113 putasse
2431 4041 2481 4095 vi
2511 4055 2570 4096 se
2590 4041 2811 4113 propria
2831 4054 2895 4094 ac
2924 4053 3024 4094 sua
3053 4034 3345 4108 perfecisse
3365 4052 3378 4088 :
3398 4050 3522 4091 cum

1936 4136 2155 4191 interim
2184 4134 2487 4189 Achamnth
2518 4134 2775 4188 universa
2804 4131 3150 4203 produceret,
3175 4128 3264 4183 ille
3288 4142 3418 4183 vero
3448 4126 3526 4182 ita

1938 4228 2138 4284 ccclnm
2187 4227 2493 4291 moliretur,
2524 4233 2595 4281 ut
2624 4225 2821 4280 caelum
2867 4224 3089 4280 omnino
3130 4221 3404 4277 nesciret:
3448 4218 3523 4272 ita

1937 4318 2214 4374 hominem
2254 4316 2535 4381 formaret.
2556 4324 2615 4370 ut
2636 4315 2909 4369 hominem
2936 4313 3248 4382 ignoraret:
3283 4310 3527 4379 ignarus-

249 4400 363 4485 τῶν
387 4432 411 4464 ⁵
439 4431 543 4496 τὰς
591 4432 755 4496 ’ἰδέας
795 4424 872 4486 ὧν
910 4400 1104 4496 ἐποίει,
1138 4400 1232 4487 καὶ
1265 4400 1438 4502 αὐτὴν
1463 4400 1560 4502 τὴν
1588 4428 1833 4499 Μητέρα.

1944 4425 2052 4482 que
2121 4416 2281 4464 terrae
2347 4407 2587 4471 demum,
2618 4413 2819 4462 terram
2854 4403 3211 4459 nihilominus
3256 4400 3524 4463 elliceret;

1941 4510 2104 4572 atque
2134 4500 2237 4554 hoc
2263 4507 2424 4570 pacto
2453 4498 2508 4552 in
2534 4497 2683 4552 omni
2719 4511 2903 4551 rerum
2943 4494 3142 4566 genere
3177 4505 3527 4569 eorum-qua}

1939 4591 2145 4648 faceret
2167 4589 2340 4654 ldeas,
2362 4589 2645 4661 ipsamque
2665 4588 2803 4645 adeo
2827 4588 3052 4643 Matrem
3079 4586 3302 4641 minime
3322 4598 3527 4655 cogno-

1939 4684 2116 4748 visse;
2141 4697 2199 4738 se
2223 4697 2353 4736 vero
2380 4696 2549 4736 unum
2580 4680 2866 4751 complecti
2887 4678 3068 4734 omnia
3092 4690 3412 4749 persuasum
3435 4675 3530 4730 ha-

1938 4774 2145 4832 buisse.
2175 4772 2345 4844 Cujus
2374 4772 2452 4826 illi
2482 4772 2808 4843 arrogantia:
2829 4786 3049 4827 causam
3074 4786 3104 4825 a
3139 4769 3310 4824 Matre
3337 4767 3532 4840 praebi-

250 4523 427 4579 Δὺτδν
464 4522 522 4577 δὲ
554 4523 712 4594 μόνον
733 4522 946 4594 «pacem
976 4523 1153 4577 πάντα
1199 4518 1356 4576 εἶναι.
1391 4521 1579 4576 Αἰτιαν
1614 4520 1661 4574 δ’
1690 4517 1839 4589 αὐτῷ

253 4616 543 4687 γεγονέναι
576 4616 676 4688 τὴν
714 4615 944 4687 Μητέρα
976 4616 1075 4686 τῆς
1107 4616 1337 4687 οἰήσεως
1370 4613 1573 4684 ταύτης
1601 4611 1839 4685 φάσκου-

255 4725 333 4775 σι,
359 4707 474 4785 τὴν⁹
500 4704 644 4760 οὕτω
669 4705 1021 4777 βουληθεῖσαν
1065 4707 1399 4778 προαγαγεῖν
1441 4703 1623 4768 αὐτὸν,
1663 4718 1837 4772 κεφα-
1870 4756 1875 4760 ,

254 4794 354 4867 λὴν
387 4796 488 4867 μὲν
517 4795 612 4848 καὶ
637 4795 814 4866 ἀρχὴν
848 4794 948 4865 τῆς
998 4794 1133 4860 ἰδίας
1176 4794 1385 4858 οὐσίας,
1419 4793 1607 4865 κύριον
1643 4792 1703 4846 δὲ
1737 4792 1837 4862 τῆς

253 4887 387 4959 ὅλης
442 4885 849 4958 πραγματείας.
905 4886 1120 4957 Ταύτην
1186 4885 1244 4939 δὲ
1299 4884 1398 4956 τὴν
1458 4883 1684 4956 Μητέρα
1744 4882 1840 4936 καὶ

269 4948 537 5045 “reader;
568 4948 822 5040 καλοῦσι,
863 4976 957 5029 καὶ
984 4948 1205 5044 Σοςρίαν,
1231 4976 1325 5028 καὶ
1352 4948 1485 5046 Ῠῆν,
1513 4948 1833 5044 καὶ-Ἰερου-

1937 4963 1999 5011 ut
2030 4956 2265 5027 propriae
2281 4961 2488 5009 natura:
2506 4961 2670 5022 caput
2682 4967 2745 5006 ac
2763 4953 3038 5022 princeps,
3056 4952 3333 5019 totiusque
3351 4948 3532 5004 domi-

258 5040 465 5138 σαλὴμ,
518 5067 614 5119 καὶ
663 5066 817 5135 ἅγιον
870 5040 1116 5137 Πνεῦμα,
1150 5067 1244 5120 καὶ
1287 5040 1491 5141 Κύριον
1518 5040 1833 5138 ἀρσενικῶς.

1939 5063 2046 5102 nus
2079 5047 2259 5117 operis
2290 5045 2596 5101 exsisteret.
2638 5042 2898 5097 Eamdem
2943 5043 3171 5112 insuper
3204 5040 3432 5096 Matrem
3475 5046 3533 5097 et

261 5131 448 5229 Ἐχειν
476 5157 534 5212 δὲ
556 5157 651 5211 τὸν
676 5131 777 5228 τῆς
815 5131 1110 5229 μεσότητος
1138 5159 1301 5214 τόπον
1342 5131 1530 5228 αθτὴν,
1560 5131 1669 5211 ’καὶ
1706 5152 1833 5210 εἶναι

1942 5139 2252 5210 Ogdoadem
2306 5143 2522 5201 vocant,
2578 5141 2634 5191 et
2688 5133 3043 5206 Sapientiam,
3088 5139 3144 5189 et
3196 5131 3444 5196 Terram,
3478 5141 3534 5189 et

258 5223 520 5322 ὑπεράνω
571 5248 673 5321 μὲν
714 5223 829 5304 τοῦ⁷
850 5223 1215 5323 Δημιουργοῦ,
1250 5223 1507 5305 ὑποκάτω
1541 5249 1620 5316 δὲ,
1651 5249 1684 5320 ἢ
1736 5249 1833 5317 ἔξω

1947 5230 2309 5295 Hierusalem,
2337 5235 2391 5284 et
2422 5226 2686 5298 Spiritum
2715 5235 2986 5292 sanctum,
3015 5231 3072 5280 et
3106 5223 3412 5280 masculino
3442 5238 3532 5293 ge-

257 5337 351 5392 τοῦ
372 5316 756 5411 ⁷πληρώματος
787 5316 949 5413 μέχρι
978 5316 1305 5404 συντελείας.
1671 5316 1683 5320 ⁷
1782 5316 1785 5317 ν

1946 5339 2077 5379 nere
2101 5322 2409 5377 Dominum.
2444 5319 2545 5375 Cui
2575 5319 2630 5374 in
2665 5317 2846 5374 media
2878 5317 3100 5389 regione
3127 5316 3420 5372 stationem
3445 5321 3531 5368 at-

1950 5415 2220 5476 tribuunt,
2266 5419 2325 5468 ut
2365 5410 2663 5468 Conditorc
2706 5410 3066 5482 superiorem,
3116 5408 3199 5465 sic
3239 5407 3414 5472 infra,
3449 5406 3532 5461 vel

1944 5514 2101 5561 extra
2127 5505 2369 5575 pleroma
2404 5502 2474 5559 ad
2514 5502 2704 5558 mundi
2740 5502 2899 5558 linem
2934 5516 3109 5573 usque
3155 5501 3530 5557 constitutam.

353 5665 372 5699 ¹
384 5666 534 5739 lteri.
593 5668 710 5739 μετ’
780 5668 960 5723 αὐτόν.

264 5665 534 5793 additam
593 5668 710 5739 μετ’
780 5668 960 5723 αὐτόν.
1063 5671 1081 5701 ¹
1106 5668 1408 5749 F._1oérou.
1508 5669 1527 5701 ³
1556 5686 1643 5741 no.
1707 5667 1834 5732 τοὺς
1872 5662 2223 5739 ἀρχεγόνους.
2309 5662 2341 5739 ,⁸
2382 5660 2522 5719 Irelt.
2576 5659 2839 5733 οὐρανοὺς
2872 5657 3034 5716 εἶναι
3089 5656 3331 5731 νοητούς.
3423 5656 3444 5687 ⁵
3468 5652 3531 5717 F,

1943 4877 2051 4923 tam
2071 4864 2262 4930 fuisse,
2295 4878 2418 4935 quae
2450 4863 2553 4917 hoc
2583 4864 2733 4918 illum
2768 4864 2931 4918 modo
2955 4876 3243 4933 procreare
3269 4859 3522 4925 voluerit,
3624 4908 3627 4911 ,
