3980 6086
495 255 591 310 5H
1875 251 1933 307 S.
1979 252 2317 308 EPII‘IIAN"
3659 253 3768 310 512

570 372 706 431 XIX.
756 375 920 446 Igitur
965 369 1403 444 quandoquidem
1464 376 1712 423 naturam
1768 370 1913 425 illam
1957 388 2077 441 qua:
2111 379 2142 434 Α

2252 371 2353 425 ιθο.
2394 370 2545 423 Ἐπεὶ
2599 365 2693 425 οὖν
2739 369 2838 443 τὴν
2891 369 3082 442 ύλικὴν
3125 368 3314 424 οὐσίαν
3350 371 3416 426 ἐκ
3451 370 3620 444 τριῶν
3659 390 3765 427 πα-

493 470 720 523 materia
780 463 1271 533 constat,:triplici
1340 462 1752 532 perturbatione
1807 466 2065 518 contineri

2194 461 2288 515 iiIiv
2319 463 2576 531 συστῆναι
2603 461 2838 530 λέγουσι,
2870 461 3038 532 φόϐου
3074 478 3135 514 τε
3179 461 3274 514 καὶ
3295 460 3471 532 λύπης
3499 463 3596 516 καὶ
3631 463 3766 516 dm-

495 565 772 624 asseruut,
799 563 966 620 metu,
1003 555 1191 610 dolore
1223 569 1288 610 ac
1336 555 1536 610 mentis
1575 554 1786 626 in0pia;
1836 571 1900 611 ex
1930 565 2067 612 metu

2193 552 2321 622 οεας,
2348 553 2413 606 ἐκ
2444 553 2540 624 μὲν
2568 552 2660 606 τοῦ
2709 553 2874 623 φόϐου
2921 554 3017 608 καὶ
3053 554 3153 624 τῆς
3191 554 3528 625 ἐπιστροφῆς
3564 555 3634 609 τὰ
3660 556 3765 626 ψυ-

495 668 558 705 ac
590 649 949 706 conversione
992 648 1248 702 animalia
1291 664 1521 719 quaaque
1559 660 1914 719 componunt.
1940 649 2067 704 Nam

2194 644 2307 714 (ικά
2339 643 2438 715 τὴν
2468 643 2729 698 σύστασιν
2777 645 3078 716 εἰληφέναι,
3121 647 3185 699 ἐκ
3224 646 3323 716 μὲν
3368 647 3469 717 τῆς
3512 645 3766 719 ἐπιστρο-

493 760 559 798 ex
591 743 947 797 conversione
979 740 1327 796 Conditorem
1360 741 1602 811 genitum
1645 757 1710 797 ex
1771 751 1919 797 metu
1950 743 2065 797 reli-

2193 734 2284 804 ρῆς
2318 732 2410 786 τὸν
2448 733 2786 806 Δημιουργὺν
2817 733 3095 804 βούλονται
3140 734 3239 806 τὴν
3280 735 3494 804 γένεσιν
3533 737 3765 809 ἐσχηκέ-

493 846 654 901 quam
690 832 848 902 187
879 846 1094 885 omnem
1139 829 1428 886 animalem
1474 831 1838 887 substantiam
1888 833 2065 886 existi-

2195 841 2285 888 m,
2321 825 2385 877 ἐκ
2414 824 2470 877 δὲ
2503 823 2597 877 τοῦ
2628 823 2794 893 φόϐου
2821 827 2920 896 τὴν
2942 823 3134 896 λοιπὴν
3167 828 3348 880 πᾶσαν
3374 827 3610 900 ψυχικὴν
3639 829 3767 884 ὑπό-

494 931 680 978 mant:
714 921 1020 992 cujusmodi
1045 929 1172 976 sunt
1197 923 1408 976 ratione
1434 923 1736 977 carentium
1757 922 2066 988 bestiarum,

2194 934 2390 982 ττασιν,
2440 919 2516 982 ὼς
2548 919 2726 990 ψυχὰς
2768 918 2978 988 ἀλόγων
3031 918 3207 984 ζώων,
3251 921 3345 974 καὶ
3372 919 3616 992 θηρίων,
3671 922 3766 976 καὶ

491 1021 547 1068 et
574 1013 809 1069 ferarum
841 1023 1004 1084 atque
1047 1014 1327 1069 hominum
1374 1013 1587 1068 animae.
1632 1013 1920 1084 Propterea
1950 1031 2063 1071 cum

2193 1007 2504 1080 hvatbrtwv.
2534 1011 2634 1064 Διά
2676 1010 2833 1064 τοῦτο
2879 1009 3214 1082 ἀτονώτερον
3255 1012 3416 1066 αὑτὸν
3449 1013 3765 1085 ὑπάρχοντα

486 1105 560 1158 ιὰ
594 1105 861 1175 spiritalia
910 1105 1156 1176 quaedam
1206 1105 1581 1176 pernoscciida
1619 1106 1945 1162 imbecillior
1996 1106 2058 1160 to.

2193 1098 2313 1170 πρὸς
2341 1101 2402 1153 τὸ
2427 1100 2716 1169 γινώσκειν
2739 1101 2859 1156 τινὰ
2888 1103 3258 1173 πνευματικὰ,
3287 1103 3450 1157 αὐτὸν
3481 1100 3765 1176 νενομικέ-

491 1202 594 1258 ret,
619 1193 800 1250 solum
843 1210 903 1250 se
935 1210 1058 1250 esse
1091 1193 1259 1249 Deum
1305 1195 1648 1260 arbitratum,
1700 1211 1764 1249 ac
1803 1211 1898 1264 per
1950 1212 2063 1266 pro-

2195 1208 2264 1244 ναι
2302 1192 2463 1261 μόνον
2495 1187 2636 1246 εἶναι
2661 1191 2816 1257 Θεδν,
2845 1194 2939 1247 καὶ
2969 1195 3058 1249 διὰ
3091 1195 3200 1251 τῶν
3230 1197 3523 1268 προφητῶν
3547 1199 3767 1269 εἰρηκέ-

491 1287 684 1354 phetas
711 1287 948 1342 edixisse
985 1305 998 1341 :
1033 1285 1145 1356 Ego
1185 1286 1349 1354 Deus,
1376 1298 1570 1355 prwt'er
1596 1305 1676 1342 me
1717 1289 1897 1344 nullus
1935 1289 2063 1344 aliut

2195 1295 2294 1333 ραι·
2357 1280 2501 1350 Ἐγὼ
2552 1280 2717 1348 Θεὸς,
2769 1281 2937 1350 πλὴν
2977 1281 3125 1351 ἐμοῦ
3167 1283 3388 1349 οὐδείς.
3429 1282 3524 1337 Ἐκ
3564 1283 3625 1336 δὲ
3664 1285 3767 1356 τῆς

488 1387 565 1431 est
604 1379 639 1434 ¹.
673 1377 746 1431 Ex
779 1380 989 1454 reliquo
1019 1394 1182 1450 porro
1209 1380 1680 1448 perturbationum
1711 1397 1929 1453 genere,
1965 1381 2060 1451 spi‘

2191 1370 2368 1440 λοιπῆς
2403 1370 2472 1422 τά
2513 1369 2860 1441 πνευματικὰ
2887 1369 2988 1440 τῆς
3023 1372 3288 1444 πονηρίας
3326 1371 3634 1427 διδάσκουσι
3670 1391 3763 1443 γε-

491 1471 706 1526 ritualia
758 1472 1014 1542 nequitiae
1062 1484 1344 1542 procreata
1381 1494 1394 1530 :
1437 1474 1672 1545 indeque
1709 1482 1763 1530 et
1799 1475 2063 1530 diabolum

2190 1459 2418 1527 γονέναιο
2459 1458 2581 1512 ὅθεν
2624 1459 2716 1512 τὸν
2761 1459 3005 1514 διάϐολον
3045 1459 3144 1532 τὴν
3192 1461 3409 1530 γένεσιν
3447 1461 3762 1534 ἐσχηκέναι,

486 1570 760 1626 exortum,
801 1579 963 1633 quem
1019 1564 1417 1620 moderatorem
1464 1567 1652 1621 mundi
1706 1566 1934 1630 faciunt,
1967 1583 2058 1622 un:

2194 1548 2235 1602 ιν
2263 1551 2358 1602 καὶ
2396 1551 2810 1623 κοσμοκράτορα
2839 1551 3092 1622 καλοῦσιε,
3136 1553 3234 1607 καὶ
3286 1554 3353 1608 τὰ
3383 1553 3638 1625 δαιμόνια
3669 1558 3766 1610 καὶ

486 1667 612 1708 cum
644 1655 928 1710 dmmoniis
958 1663 1010 1709 et
1054 1656 1284 1724 angelis,
1326 1667 1628 1728 czcteraque
1660 1659 1807 1712 omni
1839 1659 2058 1729 Spiritali

2191 1640 2304 1704 τοὺς
2335 1641 2621 1710 ἀγγέλους,
2645 1644 2740 1696 καὶ
2769 1645 2951 1698 πᾶσαν
2988 1644 3088 1716 τὴν
3115 1644 3492 1716 πνευματικὴν
3523 1645 3625 1716 τῆς
3661 1664 3763 1700 πο-

483 1746 745 1816 nequitiae
775 1746 1103 1801 substantia.
1134 1744 1331 1800 Verum
1366 1747 1713 1803 Conditorem
1749 1751 1924 1819 ipsum
1955 1753 2055 1804 ani-

2190 1731 2368 1802 inpia;
2399 1732 2716 1786 ὑπόστασιν.
2764 1733 2926 1788 Ἀλλά
2961 1712 3054 1788 τὸν
3089 1733 3189 1805 μὲν
3221 1712 3718 1806 Δημιουργδνυὶὸν
3742 1738 3762 1767 ¹

485 1841 682 1896 malem
713 1841 902 1896 Matris
929 1841 1092 1896 lilium
1116 1857 1236 1897 esse
1270 1843 1481 1909 dicunt,
1511 1845 1910 1901 moderatorem
1942 1862 2057 1901 verc

2191 1824 2271 1892 τῆς
2312 1823 2532 1894 Μητρὸς
2583 1823 2764 1878 αὐτῶν
2816 1823 3069 1894 λέγουσι’
3117 1824 3211 1878 τὸν
3247 1825 3304 1878 δὲ
3343 1827 3763 1899 κοσμοκράτορα

485 1928 675 1982 uitindi
710 1930 983 1999 quoddam
1019 1946 1156 2002 opus
1199 1930 1535 1990 Conditoris.
1581 1935 1659 1990 Ac
1710 1936 1896 1990 mundi
1938 1952 2057 1992 sane

2188 1911 2378 1982 ιτίσμα
2401 1912 2494 1965 τοῦ
2520 1914 2884 1986 Δημιουργοῦ.
2922 1916 3031 1969 Καὶ
3069 1916 3160 1969 τὸν
3209 1917 3308 1986 μὲν
3338 1919 3760 1990 κοσμοκράτορα

485 2027 752 2075 rectorem
784 2038 904 2092 qua?
935 2040 1099 2095 supra
1132 2042 1192 2082 se
1243 2027 1374 2093 sint,
1411 2034 1597 2098 utpote
1625 2030 1881 2100 nequitiae
1915 2031 2057 2100 spiri-

2192 2003 2461 2072 γινώσκειν
2495 2006 2562 2058 τὰ
2611 2007 2752 2078 ὑπὲρ
2771 2008 2952 2073 αὑτὸν,
2983 2009 3065 2062 ὅτι
3094 2008 3314 2080 πνεῦμά
3359 2012 3474 2064 ἐστι
3504 2012 3604 2082 τῆς
3663 2031 3764 2068 πο-

485 2119 622 2175 tum,
670 2111 1004 2184 intelligere;
1058 2117 1431 2185 Conditorem,
1481 2097 1625 2189 quod
1675 2097 2057 2184 animalis'sit1

2191 2098 2362 2170 μηρίας
2380 2115 2394 2130 ο
2422 2097 2514 2152 τὸν
2546 2099 2603 2153 δὲ
2641 2102 2980 2174 Δημιουργὸν
3003 2104 3216 2171 ἀγνοεῖν
3243 2105 3339 2158 ἆτε
3368 2105 3573 2176 ψυχικά
3590 2110 3633 2138 ³⁸
3663 2107 3763 2161 ὑπ-

487 2202 740 2271 ignorare
783 2203 1100 2278 defendunt.
1143 2207 1386 2275 Quorum
1432 2211 1593 2265 etiam
1636 2210 1862 2283 Matrem
1905 2228 2059 2283 supra

2193 2192 2426 2262 ὶρχοντα.
2460 2193 2645 2245 υξκεῑν
2667 2192 2722 2245 δὲ
2754 2193 2854 2265 τὴν
2887 2193 3100 2266 μητέρα
3141 2195 3322 2250 αὐτῶν
3361 2199 3442 2260 εἰς
3476 2198 3569 2251 τὸν
3596 2199 3765 2271 ὑπερ-

482 2295 683 2350 cmlum
723 2296 969 2353 habitare
1013 2301 1192 2355 medio
1237 2301 1473 2374 quodam
1525 2303 1682 2369 loco;
1718 2302 2054 2375 Conditoreu‘

2189 2282 2422 2352 ivpdvmv
2493 2283 2682 2347 τόπον,
2736 2283 3014 2338 τουτέστιν
3062 2285 3121 2338 ὲν
3167 2289 3232 2357 τῇ
3298 2289 3573 2359 μεσότητι.
3653 2291 3761 2344 Τὸν

481 2402 613 2442 vero
645 2389 698 2442 in
729 2389 847 2459 ipso
874 2392 1032 2458 coelo,
1075 2393 1330 2448 nimirum
1380 2395 1434 2448 in
1471 2395 1830 2452 hebdomade.
1883 2397 2045 2454 Μωιά

2187 2373 2508 2444 δημιουργὸν
2537 2374 2593 2427 δὲ
2611 2375 2690 2438 εἰς
2719 2375 2812 2431 τὸν
2835 2377 3227 2449 ύπερουράνιον
3261 2379 3281 2410 ³
3313 2380 3447 2450 (8υ),
3479 2382 3759 2436 τουτέστιν

483 2484 751 2532 rectorem
784 2478 1020 2550 denique
1060 2483 1112 2535 in
1168 2483 1271 2538 hoc
1311 2483 1570 2540 inferiore
1605 2487 1808 2541 mundo
1850 2497 2055 2542 nostro‘

2186 2481 2226 2517 ιν
2263 2466 2329 2535 τῇ
2365 2464 2653 2535 ἐϐδομάδι’
2696 2464 2787 2519 τὸν
2827 2465 2885 2518 δὲ
2935 2467 3354 2540 παντοκράτορα
3385 2468 3408 2499 ⁸
3437 2471 3495 2522 ἐν
3526 2469 3607 2540 τῷ
3634 2470 3758 2524 καθ’

483 2581 591 2636 que
619 2568 846 2622 versari.
878 2567 997 2622 Jain
1032 2586 1162 2626 vero
1191 2587 1220 2626 e
1251 2580 1474 2642 stupore
1509 2588 1573 2628 ac
1617 2575 1828 2630 consilii
1863 2576 2055 2646 inopia.

2189 2559 2316 2628 ἱμάς
2348 2557 2557 2630 κόσμῳ.
2600 2558 2695 2610 Ἐκ
2724 2558 2782 2611 δὲ
2829 2559 2929 2631 τῆς
2969 2560 3286 2631 ἐκπλήξεως
3335 2562 3429 2616 καὶ
3469 2563 3570 2634 τῆς
3611 2563 3761 2634 ἀμη-

483 2663 741 2728 tanquam
771 2675 834 2714 ex
867 2659 1205 2729 ignobiliore,
1237 2680 1525 2734 corporea,
1560 2674 1618 2720 ut
1647 2677 1774 2722 ante
1804 2667 2055 2735 diximus,

2187 2649 2377 2719 (ανὶας,
2413 2650 2488 2714 ὡς
2516 2652 2581 2703 ἐκ
2609 2650 2704 2704 τοῦ
2737 2652 3079 2724 ἀσημοτέρου
3124 2653 3196 2708 τὰ
3229 2655 3534 2724 σωματικὰ,
3572 2652 3759 2720 καθὼς

483 2749 672 2804 mundi
710 2750 976 2806 elementa
1015 2755 1304 2822 prodiisse.
1351 2756 1426 2810 Ita
1479 2772 1545 2810 ex
1581 2758 1822 2812 attonitae
1868 2761 2055 2816 mentis

2184 2742 2532 2814 προείπαμεν,
2560 2742 2654 2816 τοῦ
2677 2743 2880 2815 κόσμου
2904 2749 3144 2816 στοιχεῖα
3172 2746 3466 2815 γεγονέναι,
3487 2746 3589 2816 τὴν
3616 2747 3756 2819 μέν’

483 2845 627 2892 statu
669 2847 911 2896 terram:
947 2858 1140 2914 aquam
1186 2861 1217 2900 e
1273 2847 1527 2918 lacrymis
1568 2864 1705 2918 quas
1755 2859 1930 2906 metus
1971 2867 2055 2906 et-

2185 2836 2309 2889 ιατά
2331 2835 2430 2906 τῆς
2466 2834 2782 2907 ἐκπλήξεως
2821 2836 3030 2902 στάσιν,
3073 2835 3218 2909 ὕδωρ
3251 2837 3307 2890 δὲ
3342 2836 3486 2890 κατά
3510 2827 3613 2909 τὴν
3659 2837 3757 2892 τοῦ

481 2939 754 2994 cusserat,
785 2947 962 2986 aerem
998 2949 1062 2988 ex
1098 2934 1306 2992 doloris
1346 2938 1717 3006 concretione,
1747 2940 1923 3012 ignem
1963 2942 2053 2997 de-

2183 2925 2334 2994 ρόϐου
2371 2926 2500 2998 (τῶν
2549 2927 2823 3000 δακρύων)
2873 2927 3090 2999 κίνησιν
3115 2968 3132 2994 ,
3175 2928 3313 2999 ἀέρα
3355 2946 3414 2982 τε
3457 2929 3603 2983 κατὰ
3655 2928 3755 3003 τὴν

482 3019 649 3088 niquc
691 3023 948 3080 omnibus
996 3025 1391 3097 ingeneratum,
1426 3030 1575 3084 velut
1627 3043 1853 3087 mortem
1901 3041 2054 3104 atque

2182 3015 2345 3086 ιύπης
2371 3016 2554 3086 πῆξιν.
2589 3017 2662 3069 Τὸ
2689 3016 2746 3069 δὲ
2789 3016 2903 3089 πῦρ
2933 3017 3137 3070 ἅπασιν
3163 3018 3348 3081 αὐτοῖς
3381 3017 3754 3086 ἐκπεφυκέναι

480 3113 731 3182 exitium,
762 3117 986 3186 perinde
1016 3129 1178 3191 atque
1221 3122 1397 3178 tribus
1437 3125 1940 3193 perturbationibus
1979 3130 2052 3184 in-

2183 3106 2396 3162 θάνατον
2436 3108 2531 3162 καὶ
2569 3108 2798 3180 φθορὰν,
2829 3109 2904 3173 ὡς
2947 3110 3042 3163 καὶ
3073 3109 3172 3180 τὴν
3202 3109 3428 3179 ἄγνοιαν
3463 3113 3578 3174 τοῖς
3604 3113 3755 3184 τρισὶ

482 3213 682 3260 scrtam
718 3207 1078 3278 ignorantiam
1110 3213 1327 3268 docent.
1748 3277 1751 3278 ν

1748 3277 1751 3278 ν
2165 3199 2392 3253 πάθεσιν
2425 3199 2800 3272 ἐγκεκρύφθαι
2834 3201 3086 3255 διδάσκου
3095 3218 3165 3254 σι.

549 3296 630 3351 Ad
657 3298 790 3364 lucc,
814 3301 1061 3357 absoluta
1085 3306 1274 3359 mundi
1301 3306 1526 3369 fabrica,
1556 3287 2061 3365 luteum“homiuem

2235 3292 2729 3363 Δημιουργήσαντα
2769 3291 2833 3364 δὴ
2872 3292 2964 3345 τὸν
3002 3292 3204 3362 κόσμον
3253 3292 3613 3366 πεποιηκέναι
3653 3293 3751 3348 καὶ

477 3397 510 3437 a
544 3383 840 3444 Conditore
871 3391 1080 3454 tlctum,
1112 3407 1219 3445 non
1251 3408 1316 3446 ex
1357 3396 1501 3449 sicca
1533 3397 1621 3450 illa
1657 3405 1838 3452 tamen
1875 3400 2049 3454 humo.

2180 3380 2254 3434 τὸν
2301 3381 2587 3453 ἄνθρωπον
2633 3382 2726 3436 τὸν
2772 3382 2986 3454 χοῖκόν·
3019 3383 3121 3436 οὐκ
3166 3383 3275 3437 ἀπὸ
3320 3385 3525 3455 ταύτης
3568 3384 3626 3437 δὲ
3653 3387 3752 3455 τῆς

479 3474 574 3527 sed
606 3490 671 3527 ex
709 3477 884 3531 visum
921 3477 1159 3548 fugiente
1200 3483 1530 3548 substantia,
1586 3501 1710 3540 cum
1765 3503 1831 3543 ex
1865 3487 2051 3544 diiiusa

2180 3473 2337 3546 ξηρᾶς
2383 3474 2509 3544 γῆς,
2550 3475 2666 3529 ἀλλ’
2699 3475 2806 3529 ἀπὸ
2852 3477 2951 3547 τῆς
2993 3476 3225 3548 ἀοράτου
3258 3478 3466 3542 οὐσίας,
3513 3477 3624 3531 ἀπὸ
3657 3477 3752 3531 τοῦ

477 3563 794 3635 liquidaque
846 3569 1089 3624 materia:
1131 3581 1283 3640 parte
1335 3577 1680 3646 sumpsisset,
1729 3586 1782 3633 et
1835 3579 1888 3634 in
1939 3596 2049 3634 eun

2182 3562 2470 3634 ιεχυμένου
2509 3565 2603 3619 καὶ
2637 3565 2866 3637 ῥευστοῦ
2905 3567 3005 3636 τῆς
3056 3566 3188 3638 ὕλης
3233 3567 3485 3630 λαϐόντα,
3533 3568 3630 3622 καὶ
3672 3571 3754 3634 es;

480 3651 756 3709 hominem
804 3656 1090 3713 animalem
1135 3661 1364 3716 alterum
1411 3663 1752 3734 inspirasset.
1800 3665 2052 3738 Huncun

2182 3653 2350 3709 τοῦτον
2383 3657 2698 3728 ἐμφυσῆσαι
2722 3657 2814 3710 τὸν
2843 3655 3073 3727 ψυχικὸν
3107 3658 3454 3730 διορίζονται.
3493 3661 3604 3714 Καὶ
3632 3661 3754 3714 τοῦ-

478 3744 617 3800 adeo
651 3745 827 3816 ipsum
855 3747 1007 3803 illum
1039 3765 1182 3815 esse,
1217 3753 1309 3822 qui
1339 3755 1405 3808 ad
1439 3755 1728 3826 imaginem
1776 3773 1841 3813 ac
1876 3759 2050 3814 simili-

2178 3763 2256 3800 ιον
2303 3743 2442 3802 εἶναι
2481 3748 2574 3802 τὸν
2622 3751 2742 3803 κατ’
2782 3750 2967 3803 εἰκόνα
3014 3751 3108 3804 καὶ
3151 3752 3408 3822 ὁμοίωσιν
3457 3753 3750 3820 γεγονόταο

481 3836 727 3894 tudinem
756 3839 827 3893 sit
850 3854 1161 3910 expressus.
1189 3842 1323 3898 Nam
1367 3845 1434 3900 ad
1471 3847 1758 3920 imaginem
1787 3866 1911 3905 eum
1943 3867 2053 3908 esse

2184 3839 2284 3891 ιατ’
2311 3840 2497 3893 εἰκόνα
2546 3841 2644 3910 μέν
2682 3839 2774 3894 τὸν
2818 3840 3000 3894 ὑλικὸν
3035 3841 3324 3914 ὑπάρχειν,
3365 3843 3756 3916 παραπλήσιον

479 3924 704 3994 factum,
732 3930 825 4001 qui
860 3933 1086 3987 materia
1118 3943 1351 4001 constat,
1378 3938 1582 4008 quique
1615 3939 1688 3993 ita
1735 3939 1833 3993 Dei
1868 3941 2051 3997 similis

2184 3933 2287 3998 ιὲν,
2323 3932 2442 3987 ἀλλ’
2477 3934 2578 4004 οὐχ
2617 3932 2902 4005 ὁμοούσιον
2939 3933 3016 4006 τῷ
3061 3935 3210 4007 Θεῴο
3251 3936 3374 4006 καθ’
3409 3937 3671 4008 ὁμοίωσιν
3698 3937 3756 3992 δὲ

478 4016 572 4082 sit,
598 4025 658 4071 ut
683 4020 927 4075 eamdem
951 4037 1072 4076 cum
1097 4023 1214 4092 ipso
1236 4032 1486 4078 naturam
1519 4028 1739 4083 minime
1761 4031 2025 4085 sortiatur
2046 4051 2050 4095 ;

2185 4026 2255 4080 τὸν
2281 4026 2513 4096 ψυχικόν
2536 4044 2548 4058 ·
2579 4026 2703 4080 ὅθεν
2741 4027 2835 4080 καὶ
2880 4027 3100 4098 πνεῦμα
3137 4028 3284 4100 ζωῆς
3317 4030 3412 4102 τὴν
3439 4030 3629 4084 οὐσίαν
3657 4031 3757 4084 αύ-

479 4105 774 4162 animalcm
820 4124 949 4164 vero
1005 4110 1071 4165 ad
1127 4111 1538 4168 similitudinem
1595 4114 1864 4185 ellictum;
1921 4119 2051 4175 undt

2180 4116 2255 4169 τοῦ
2309 4117 2601 4188 εἰρῆσθαι,
2661 4119 2726 4172 ἐκ
2785 4119 3163 4190 πνευματικῆς
3213 4121 3513 4192 ἀπορροίας
3561 4117 3752 4177 οὖσαν.

479 4197 640 4251 etiam
663 4199 787 4254 vitae
813 4201 1066 4270 spiritum
1091 4203 1211 4273 ejus
1240 4205 1498 4284 appellari
1524 4207 1912 4276 substantiam,
1944 4226 2051 4281 qua

2186 4209 2432 4280 ’Υστερον
2463 4210 2519 4263 δὲ
2548 4211 2954 4282 περιτεθεῖσθαι
2985 4212 3234 4283 λέγουσιν
3259 4213 3407 4285 αύτῷ
3434 4215 3528 4268 τὸν
3548 4215 3758 4286 δερμά-

478 4288 805 4376 exspiritali
843 4293 1077 4361 quadam
1106 4295 1341 4354 tluxione
1373 4301 1614 4370 profecta
1650 4303 1740 4358 sit.
1776 4302 2050 4362 Postremc

2184 4315 2305 4352 :tvov
2359 4299 2583 4368 χιτῶνα.
2627 4299 2799 4354 Τοῦτο
2835 4302 2892 4355 δὲ
2929 4303 2992 4356 τὸ
3039 4303 3296 4376 αἰσθητὸν
3337 4305 3562 4376 σαρκίον
3611 4302 3756 4360 εἶναι

481 4374 763 4442 pelliceam
801 4377 876 4432 illi
909 4384 1173 4451 tunicam,
1205 4386 1308 4442 hoc
1353 4397 1436 4444 est
1463 4405 1686 4448 carnem
1717 4393 1865 4448 illam
1895 4410 2053 4465 quam

2183 4390 2400 4458 ιέγουσι.
2437 4391 2509 4444 Τὸ
2532 4391 2588 4445 δὲ
2616 4391 2806 4463 κύημα
2839 4395 2940 4465 τῆς
2978 4374 3201 4466 Μητρὸς
3240 4374 3420 4466 αὐτῆς
3447 4399 3551 4467 τῆς
3587 4397 3755 4468 ’Δχα-

477 4464 774 4532 cernimus,
812 4483 935 4524 esse
963 4471 1375 4529 circumdatam.
1405 4477 1559 4544 Quod
1603 4497 1731 4537 vero
1771 4484 1836 4537 ad
1871 4464 2049 4541 Matris

2183 4481 2310 4546 ubi),
2340 4481 2370 4534 ὃ
2396 4481 2535 4536 κατὰ
2572 4482 2672 4555 τὴν
2711 4464 2945 4553 θεωρίαν
2977 4464 3085 4539 τῶν
3113 4464 3249 4557 περὶ
3276 4464 3620 4559 eum”
3652 4464 3755 4557 ἀγ-

477 4551 778 4610 Achauioth
827 4557 994 4611 fetum
1037 4561 1200 4614 alium
1236 4565 1491 4632 pertinet,
1529 4585 1691 4637 quem
1728 4586 1790 4625 ex
1841 4575 2049 4644 angelo-

2182 4573 2340 4642 γέλων
2392 4551 2704 4646 ἀπεκύησεν
2728 4615 2742 4641 ,
2798 4551 3084 4647 ὀῖμοούσιον
3134 4551 3379 4649 ὑπάρχον
3430 4581 3497 4649 τῇ
3533 4551 3754 4651 ’.Μητρὶ

477 4658 598 4698 rum
646 4645 946 4704 Salvatoris
999 4653 1256 4706 comitum
1318 4661 1776 4727 contemplatione
1829 4669 2049 4734 peperit.

2181 4665 2556 4738 πνευματικὸν,
2592 4645 2683 4720 καὶ
2717 4645 2879 4722 αύτδν
2910 4645 3366 4742 ἠγνοηκέναι
3405 4645 3753 4743 Δημιουργύν

477 4746 668 4804 estque
698 4737 981 4806 spiritalis,
1008 4747 1170 4812 atque
1197 4742 1440 4814 ejusdem
1477 4761 1600 4802 cum
1631 4749 1800 4807 Matre
1827 4763 2049 4824 naturael

2181 4757 2404 4827 λέγουσι,
2436 4759 2531 4812 καὶ
2563 4759 2864 4832 λεληθότως
2891 4737 3310 4818 κατατεθεῖσθαι
3347 4765 3426 4827 εἰς
3458 4737 3642 4827 αύτὺν,
3667 4737 3753 4835 ⁷μὴ

481 4826 644 4897 188
670 4828 832 4928 etiam
863 4828 1009 4887 hunc
1055 4833 1296 4906 ignotum
1339 4837 1508 4914 fuisse
1537 4841 1815 4898 Conditori
1842 4856 2053 4918 putant,

2180 4849 2573 4920 516610.;016105,
2610 4851 2697 4906 ἵνα
2745 4851 2813 4905 δι’
2844 4853 3011 4906 αὐτοῦ
3057 4855 3141 4919 εἰς
3179 4853 3277 4923 τὴν
3313 4855 3409 4906 ἀπ’
3442 4853 3608 4908 αὑτοῦ
3643 4855 3752 4924 ψυ-

475 4933 539 4970 ac
570 4918 710 4972 clam
741 4918 858 4988 ipso
903 4923 1179 4979 nesciente
1231 4925 1285 4980 in
1325 4928 1577 4984 eumdem
1619 4931 1950 5002 demissum,
1999 4947 2047 4994 ul

2185 4941 2260 5012 [ὴν
2294 4918 2521 5014 σπαρὲν,
2544 4943 2638 4998 καὶ
2667 4944 2747 5008 εἰς
2777 4945 2839 4998 τὺ
2865 4945 3052 4998 ὑλικὸν
3094 4918 3252 4999 τοῦτο
3287 4945 3445 5017 σῶμα
3473 4918 3757 5018 κυοφορη-

476 5021 572 5075 per
607 5007 751 5065 hunc
800 5011 856 5067 in
903 5014 1198 5085 profectam
1250 5020 1317 5075 ab
1345 5036 1410 5075 c0
1450 5023 1685 5079 animam
1725 5041 2048 5099 corpusque,

2185 5007 2250 5086 lé'v
2307 5035 2366 5087 ἐν
2410 5007 2624 5099 τούτοις
2677 5007 2771 5089 καὶ
2828 5035 3084 5108 αύξηθέν,
3133 5007 3621 5109 ἕτοιμον-γένηται
3653 5007 3757 5103 ἐίς

473 5097 619 5163 quod
643 5116 765 5154 cum
797 5106 1024 5160 materia
1054 5119 1366 5165 concretum
1393 5123 1498 5180 est,
1523 5124 1724 5186 satum,
1753 5097 2045 5178 abiisdt-m

2185 5124 2431 5196 ιποδοχὴν
2472 5125 2568 5179 τοῦ
2615 5128 2867 5183 τελείου⁶.
2905 5129 3134 5182 Ἐλαθεν
3174 5125 3266 5183 οὖν
3307 5169 3321 5194 ,
3353 5129 3428 5193 ὦς
3462 5147 3617 5198 φασι,
3660 5129 3757 5183 τὸν

475 5202 582 5255 que
602 5191 748 5244 velut
776 5203 930 5249 utero
952 5204 1223 5266 gestatum
1254 5209 1418 5272 atque
1451 5216 1694 5272 auctum,
1730 5211 1795 5265 ad
1825 5212 1877 5266 id
1912 5215 2047 5283 quod

2183 5191 2506 5288 ιημιουργὸν
2543 5220 2572 5272 ό
2615 5202 3104 5292 συγκατασπαρεὶς
3140 5220 3218 5291 τῷ
3246 5191 3621 5292 ἐμφυσὴματι
3649 5224 3755 5274 αό-

476 5279 778 5348 perl‘ectum
821 5291 904 5340 est
961 5289 1330 5359 recipiendum
1403 5295 1656 5352 idoneum
1712 5279 2048 5358 redderetur.

2193 5279 2256 5360 ού
2297 5279 2402 5361 ὑπδ
2421 5279 2432 5286 ⁷
2458 5309 2559 5380 τῆς
2613 5279 2813 5381 Σοςρὶας
2862 5279 3232 5382 πνεύματικδς
3597 5315 3618 5345 ’
3649 5315 3761 5385 ἆῤ·-

475 5371 648 5444 Igitur
667 5376 971 5435 admirabili
992 5382 1248 5452 quadam,
1281 5384 1453 5456 aiunt,
1479 5391 1816 5459 providentia
1849 5394 2047 5450 factum

2183 5400 2311 5471 Βήτῳ
2357 5371 2583 5474 προνοίᾳ
2611 5403 2651 5458 ³.
2695 5371 2807 5467 ἔας’
2829 5403 2940 5476 γὰρ
3135 5371 3755 5477 μητέραιήγνοηκένάι,

552 5532 963 5635 ἶιξθθξέἐλζξῐῗε
1084 5539 1574 5635 ¹ῖ;.,ξξξλκξξὲγ,.υεδιο
1846 5551 2074 5622 ψυχικόν
2092 5553 2124 5635 ‘-'.

2196 5552 2255 5609 F.
2281 5557 2624 5635 ἐπουράνιον.
2673 5560 2720 5635 ,⁸
2746 5557 2817 5615 lr.
2851 5560 3290 5635 κοσμοκράτορα.
3355 5561 3377 5592 ⁵
3410 5556 3472 5614 1³.
3496 5559 3600 5631 γῆν
3623 5559 3755 5629 μέν,

482 5612 532 5658 et
559 5606 662 5659 del.
689 5605 963 5680 δακρύων⁶
993 5609 1062 5666 lr.
1095 5605 1464 5682 add‘it'aayou.
1543 5618 1563 5648 τ
1598 5617 1659 5674 F.
1700 5605 2036 5691 Ἀνθρωπος.

1861 5605 1872 5622 1
1925 5605 1955 5620 n
2060 5605 2065 5606 ν
2198 5605 2215 5607 τ
2244 5605 2255 5609 -
2284 5605 2623 5628 --ν-νι-ν-τ--η
2747 5605 2817 5615 -··
2854 5605 2972 5630 ""r

1400 5632 1464 5668 δυ.
1543 5618 1563 5648 ⁷
1598 5617 1659 5674 F.
1700 5620 2036 5691 Ἀνθρωπος.
2113 5624 2135 5655 ⁸
2163 5623 2304 5681 lren.
2335 5626 2562 5699 δυνάμει
2602 5630 2696 5684 καὶ
2727 5630 2972 5704 προνοίᾳ.

556 5721 665 5794 (80)
718 5724 826 5780 Τὸν
859 5728 1224 5800 Δημιουργὸν
1247 5730 1322 5805 ,δὲ
1351 5733 1436 5804 εἰς
1462 5733 2052 5810 τύφλίητεροιεράνιον.
2093 5741 2247 5798 Curr.
2290 5744 2630 5817 ἐπουράνιον,
