3956 6070
253 203 359 260 513

903 196 1272 255 ADVERSUS
1311 195 1652 254 [LERESES
1691 195 1820 250 LIB.
1863 195 1904 249 l.
1947 194 2112 251 TOM.
2158 194 2218 250 Il.
2264 225 2332 235 --
2367 193 2643 252 ιιΑῑιιΕε.
2681 194 2879 250 XXXI.

3428 203 3535 260 816

250 318 395 374 οὕτω
423 314 522 372 και
554 314 618 370 τδ
648 314 872 388 σπέρμα
915 317 1108 387 αὐτῆς,
1138 317 1167 370 ὃ
1195 317 1261 388 δὴ
1309 317 1402 371 καὶ
1445 316 1578 371 αὐτὸ
1618 315 1845 386 Ἐκκλη-

1949 323 2051 381 est,
2082 315 2347 386 spiritalis
2371 324 2429 370 ut
2461 315 2624 370 homo
2649 315 2998 371 Conditorem
3026 319 3242 382 lateret,
3274 326 3398 374 cum
3424 337 3533 377 una

254 409 374 463 σίαν
399 404 538 462 εἶναι
567 407 840 476 λέγουσιν,
871 405 1163 460 ἀντίτυπον
1201 406 1300 476 τῆς
1341 405 1456 460 ἀνω
1496 403 1840 475 Ἐκκλησίας.

253 498 363 552 Καὶ
386 497 510 552 τότε
546 491 688 550 εἶναι
725 495 818 548 τὸν
854 495 914 547 ὲν
953 495 1138 558 αὐτοῖς
1177 492 1422 558 ἀξιοῦσιν
1455 493 1495 560 ί,
1523 493 1665 547 ὥστε
1700 493 1844 563 ἔχειν

251 591 448 652 αὐτοὺς
488 587 590 657 τὴν
629 585 730 657 μὲν
762 584 942 656 ψυχὴν
992 583 1100 638 ἀπὸ
1147 584 1242 638 τοῦ
1291 582 1655 656 Δημιουργοῦ,
1688 585 1750 638 τὸ
1787 583 1844 636 δὲ

255 681 415 754 σῶμα
441 681 549 735 ἀπὸ
577 677 673 732 τοῦ
702 678 850 749 χοὸς,
886 678 982 731 καὶ
1009 676 1071 730 τὸ
1117 677 1380 748 σαρκικὸν
1415 676 1524 730 ἀπὸ
1560 676 1660 747 τῆς
1690 676 1844 748 ὕλης,

252 776 343 828 τὸν
373 774 430 827 δὲ
464 769 839 843 πνευματικὸν
883 768 1171 841 ἄνθρωπον
1209 769 1319 825 ἀπὸ
1357 769 1457 840 τῆς
1501 770 1709 842 μητρὸς
1743 769 1845 841 τῆς

268 864 547 938 ’Δχαμώθ.

319 1136 407 1188 Κ¹.
453 1131 635 1206 Τριῶν
667 1124 760 1185 οὖν
793 1130 986 1194 ὄντων,
1041 1129 1104 1183 τὸ
1148 1129 1247 1201 μὲν
1297 1127 1502 1192 ὑλικὸν,
1528 1127 1558 1180 ὃ
1595 1125 1690 1180 καὶ
1719 1126 1842 1197 ἀρι-

255 1224 450 1296 στερὸν
486 1222 733 1287 καλοῦσι,
760 1221 901 1275 κατὰ
929 1220 1177 1290 ἀνάγκην
1203 1219 1537 1274 ἀπόλλυσθαι
1565 1217 1840 1287 λέγουσιν,

258 1319 358 1374 ἅτε
412 1316 683 1389 μηδεμίαν
729 1313 1103 1379 ἐπιδείξασθαι
1144 1314 1164 1343 ³
1194 1311 1361 1384 πνοὴν
1401 1311 1710 1384 ἀφθαρσίας
1751 1312 1844 1366 δυ-

251 1411 518 1480 νάμενον·
563 1411 626 1463 τὸ
671 1406 730 1461 δὲ
765 1404 1017 1477 ψυχικὸν,
1051 1405 1080 1458 ὃ
1119 1405 1217 1458 καὶ
1254 1403 1424 1470 δεξιὸν
1467 1403 1844 1476 προσαγορεύ-

247 1515 426 1562 ουσιν,
469 1495 564 1551 ἆτε
598 1497 762 1567 μέσον
793 1494 852 1548 ὃν
883 1493 978 1547 τοῦ
1012 1511 1073 1547 τε
1103 1492 1476 1564 πνευματικοῦ
1508 1494 1604 1547 καὶ
1634 1493 1842 1563 ύλικοῦ,

247 1593 431 1646 ἐκεῖσε
459 1591 680 1662 χωρεῖν,
713 1589 848 1642 ὅπου
886 1586 953 1641 ἂν
987 1586 1083 1640 καὶ
1122 1587 1220 1658 τὴν
1254 1585 1574 1658 πρόσκλισιν
1610 1587 1845 1658 ποιήση-

1946 423 2044 478 per
2071 409 2191 477 ejus
2221 407 2458 462 amatum
2493 425 2522 462 a
2555 407 2830 479 Sapientia
2857 419 3255 467 consereretur.
3284 408 3355 466 Ut
3385 414 3535 470 enim

1944 498 2127 567 ignota
2171 497 2246 551 illi
2281 496 2450 552 Mater
2484 496 2605 561 fuit.
2640 500 2721 553 sic
2770 498 2933 553 etiam
2984 497 3124 554 fetus
3162 499 3330 567 illius,
3370 517 3535 572 quam

1945 587 2246 643 Ecclesiam
2292 597 2511 654 vocant,
2567 587 2826 644 Ecclesiae
2886 589 3116 647 alterius
3167 605 3233 647 ac
3294 594 3538 652 cmlestis

1943 680 2237 751 imaginem
2269 695 2607 750 expressam.
2639 681 2818 751 Atque
2861 681 3006 735 hunc
3051 683 3227 752 ipsum
3261 685 3536 740 hominem

1945 771 2098 825 illum
2143 786 2267 827 esse
2313 779 2539 826 censent
2582 772 2678 842 qui
2715 772 2768 826 in
2815 772 2949 842 ipsis
2993 773 3222 831 exsistat
3255 793 3268 830 :
3299 776 3436 830 adeo
3479 787 3536 831 ut

1943 864 2180 917 animam
2211 863 2516 929 Conditori,
2546 879 2748 934 corpus
2792 863 2984 931 humo,
3021 879 3244 922 carnem
3273 869 3536 933 materiai,

1943 954 2246 1023 spiritalem
2289 954 2562 1012 hominem
2603 953 2764 1010 Matri
2809 955 3090 1011 Achamoh
3125 965 3410 1028 acceptum
3450 976 3537 1016 rc—

1944 1044 2142 1100 ferant.

2014 1134 2133 1189 XX.
2165 1135 2241 1191 Ex
2292 1135 2361 1192 iis
2403 1136 2602 1204 tribus,
2654 1137 2800 1207 quod
2844 1137 3074 1194 materia
3114 1145 3352 1205 constat,
3400 1139 3537 1194 sini-

1943 1237 2228 1300 strumque
2256 1240 2480 1284 vocatur
2524 1236 2704 1300 perire
2728 1233 3062 1287 'necessario
3092 1231 3413 1303 przedicant,
3446 1238 3538 1285 ut-

1945 1329 2068 1388 pote
2094 1320 2239 1392 quod
2289 1336 2359 1376 ne
2404 1321 2686 1376 minimum
2718 1321 2940 1392 quidem
2988 1302 3421 1376 immortalitatis
3453 1321 3539 1374 af-

1943 1407 2130 1464 ﬂatum
2158 1412 2333 1483 possit
2359 1412 2637 1482 recipere;
2667 1412 2904 1466 animale
2933 1426 3084 1476 vero,
3114 1411 3230 1483 sive
3257 1411 3537 1475 dextrum,

1944 1501 2089 1572 quod
2117 1502 2352 1558 medium
2389 1504 2529 1559 inter
2567 1495 2815 1574 spiritale
2860 1517 2925 1558 ac
2972 1503 3202 1558 materia
3242 1501 3537 1574 praditum
3643 1554 3658 1558 -.
3711 1514 3724 1524 ⁸

1946 1591 2252 1668 interjacet,
2279 1593 2410 1648 illuc
2445 1609 2556 1665 quo
2599 1601 2796 1664 suopte
2838 1603 2972 1647 nutu
3021 1594 3379 1664 propenderit.
3410 1609 3539 1664 pro-

245 1698 374 1737 ται·
403 1681 465 1735 τὸ
501 1681 558 1734 δὲ
597 1677 965 1751 πνευματικὸν
1014 1677 1425 1749 ὲκπεπέμφθαι,
1463 1677 1612 1741 ὅπως
1655 1677 1840 1731 ἐνθάδε

1949 1681 2135 1748 ﬁcisci,
2183 1681 2342 1748 Quod
2386 1691 2569 1739 autem
2611 1684 2859 1754 spiritale
2903 1685 2974 1738 sit
3029 1684 3240 1738 idcirco
3276 1684 3439 1749 mitti,
3475 1691 3540 1738 ut

245 1773 329 1845 τῷ
363 1771 583 1843 ψυχικῷ
635 1769 866 1841 συζυγὲν
914 1771 1200 1842 μορφωθῇ,
1246 1771 1648 1842 συμπαιδευθὲν
1694 1771 1843 1843 αὐτῷ

246 1865 307 1918 ὲν
331 1866 398 1936 τῇ
441 1865 778 1934 ἀναστροφῇ.
827 1863 935 1916 Καὶ
977 1862 1122 1916 τοῦτ’
1153 1857 1293 1916 εἶναι
1330 1861 1548 1932 λέγουσι
1583 1863 1646 1916 τὸ
1684 1863 1839 1930 ἃλας,

247 1959 348 2012 καὶ
378 1957 438 2010 τὸ
473 1956 590 2026 φῶς
627 1955 722 2010 τοῦ
768 1956 998 2027 κόσμου.
1035 1955 1183 2008 Ἔδει
1225 1955 1332 2027 γὰρ
1371 1955 1479 2010 τῶν
1519 1954 1768 2026 ψυχικῶν
1795 1955 1839 2020 ³,

247 2050 348 2103 καὶ
385 2048 662 2120 αἰσθητῶν
688 2049 1096 2120 παιδευμάτων.
1127 2049 1209 2101 Δι’
1240 2042 1316 2102 ὧν
1352 2049 1446 2104 καὶ
1487 2049 1690 2118 κόσμον
1713 2065 1845 2102 κατ-

245 2139 582 2195 εσκευάσθαι
615 2137 856 2208 λέγουσι,
896 2140 992 2194 καὶ⁵
1036 2139 1128 2194 τὸν
1160 2140 1392 2211 Σωτῆρα
1439 2138 1494 2192 δὲ
1539 2139 1634 2192 ἐπὶ
1685 2137 1844 2191 τοῦτο

245 2231 686 2304 παραγεγονέναι
735 2230 796 2284 τὸ
835 2230 1067 2302 ψυχικὸν
1092 2271 1106 2297 ,
1168 2233 1290 2284 ἐπεὶ
1345 2231 1442 2284 καὶ
1495 2229 1842 2296 αὑτεξούσιόν

244 2326 422 2390 ἐστιν,
451 2326 601 2388 ὅπως
632 2323 767 2377 αὐτὸ
799 2321 971 2396 σώσῃ.
1001 2316 1101 2376 Ὧν
1125 2322 1234 2393 γὰρ
1271 2322 1476 2394 ἦμελλε
1503 2321 1720 2386 σώζειν,
1742 2321 1842 2386 τὰς

245 2415 507 2489 ἀπαρχὰς
541 2413 722 2470 αὐτῶν
767 2412 1046 2485 εἰληφέναι
1097 2413 1418 2482 φάσκουσιν,
1445 2412 1554 2465 ἀπὸ
1597 2413 1696 2483 μὲν
1743 2412 1844 2483 τῆς

259 2505 520 2579 Ἀχαμὼθ
562 2506 624 2559 τὸ
654 2503 1047 2575 πνευματικὸν,
1101 2504 1210 2557 ἀπὸ
1261 2503 1319 2556 δὲ
1356 2503 1450 2557 τοῦ
1497 2504 1842 2576 Δημιουργοῦ

246 2597 560 2655 ἐνδεδύσθαι
590 2597 684 2651 τὸν
711 2594 942 2666 ψυχικὸν
976 2596 1232 2667 Χριστὸν,
1272 2595 1380 2648 ἀπὸ
1421 2595 1479 2649 δὲ
1508 2595 1609 2666 τῆς
1637 2597 1843 2649 οἰκονο-

250 2692 385 2766 μίας
409 2690 813 2763 ηριτεθεῖσθαι
849 2689 1011 2761 σῶμα
1045 2687 1284 2759 ψυχικὴν
1313 2687 1435 2758 ἔχον
1466 2687 1674 2750 οὐσίαν,
1713 2705 1845 2741 κατ-

249 2782 654 2854 εσκευασμένον
697 2779 754 2834 δὲ
793 2782 1021 2854 ἀρρήτῳ
1049 2779 1236 2851 τέχνῃ,
1280 2779 1418 2851 πρὸς
1447 2779 1508 2832 τὸ
1539 2780 1634 2833 καὶ
1679 2780 1845 2852 ἀόρα-

247 2894 366 2944 τον,
408 2877 504 2929 καὶ
549 2872 909 2944 ἁψηλάφητον
965 2872 1010 2938 ⁵,
1066 2872 1160 2926 καὶ
1210 2869 1452 2942 παθητὸν
1493 2871 1840 2943 γεγενῆσθαι.

250 2968 364 3024 Καὶ
397 2966 580 3021 ὑλικὸν
612 2965 668 3019 δὲ
694 2965 801 3018 οὐδ’
833 2964 1012 3019 ὁτιοῦν
1041 2963 1318 3034 εἰληφέναι
1353 2962 1604 3032 λέγουσιν
1645 2963 1808 3017 αὐτόν
1830 2981 1842 2993 ·

254 3060 331 3133 μὴ
358 3057 468 3131 γὰρ
499 3052 638 3112 εἶναι
684 3057 786 3129 τὴν
832 3057 965 3128 ὓλην
1009 3055 1260 3127 δεκτικὴν
1306 3057 1598 3127 σωτηρίας.
1647 3054 1756 3126 Τὴν
1787 3055 1844 3109 δὲ

251 3150 566 3206 συντέλειαν
623 3148 840 3202 ἔσεσθαι
861 3187 877 3212 ,
931 3147 1060 3202 ὅταν
1121 3145 1383 3217 μορφωθῇ
1437 3145 1531 3198 καὶ
1581 3145 1841 3217 τελειωθῇ

250 3241 456 3314 γνώσει
487 3242 595 3295 πᾶν
620 3241 682 3293 τὸ
712 3238 1105 3311 πνευματικὸν,
1137 3237 1419 3291 τουτέστιν
1451 3239 1500 3292 οἰ
1549 3255 1846 3311 πνευματι-

252 3336 344 3392 κοὶ
384 3333 683 3406 ἄνθρωποι,
723 3333 774 3385 oi
816 3331 916 3401 τὴν
961 3330 1175 3384 τελείαν
1219 3328 1424 3398 γνῶσιν
1464 3329 1679 3401 ἔχοντες
1717 3330 1848 3402 περὶ

254 3425 390 3481 Θεοῦ
430 3427 526 3479 καὶ
555 3426 656 3496 τῆς
696 3422 972 3495 Ἀχαμώθ.
1019 3421 1425 3493 Μεμυημένους
1467 3420 1527 3475 δὲ
1571 3423 1848 3494 μυστήρια

255 3513 392 3575 εἶναι
429 3515 653 3580 τούτους
690 3515 711 3547 ⁵
743 3513 1111 3568 ὑποτίθενται.
1149 3512 1578 3584 Ἐπαιδεύθησαν
1618 3513 1727 3586 γὰρ
1777 3515 1848 3568 τὰ

251 3608 464 3681 ψυχικὰ
513 3607 564 3659 οἰ
612 3607 834 3677 ψυχικοὶ
881 3604 1180 3676 ἄνθρωποι,
1210 3605 1262 3658 οἰ
1309 3604 1376 3658 δι’
1408 3604 1586 3676 ἔργων
1619 3606 1715 3659 καί⁵
1757 3608 1850 3660 πί-

256 3717 429 3762 στεως
458 3698 620 3770 ψιλῆς
647 3695 1048 3769 βεϐαιούμενοι,
1088 3693 1184 3746 καὶ
1231 3692 1308 3765 μὴ
1347 3692 1446 3764 τὴν
1476 3692 1689 3746 τελείαν
1710 3693 1850 3762 γνῶ-

258 3809 343 3846 σιν
374 3791 614 3862 ἔχοντες.
661 3784 816 3842 Εἶναι
861 3786 918 3840 δὲ
960 3785 1185 3848 τούτους
1224 3783 1333 3838 ἀπὸ
1380 3785 1480 3854 τῆς
1528 3784 1851 3855 Ἐκκλησίας

255 3885 406 3955 ἡμᾶς
434 3882 684 3951 λέγουσι’
713 3879 792 3936 διὸ
825 3878 919 3932 καὶ
946 3879 1080 3949 ἡμῖν
1113 3876 1214 3946 μὲν
1251 3875 1544 3944 ἀναγκαῖον
1575 3869 1714 3928 εἶναι
1751 3875 1850 3946 τὴν

256 3974 471 4046 ἀγαθὴν
512 3972 711 4044 πρᾶξιν
754 3969 1178 4038 ἀποφαίνονται·
1220 3967 1395 4032 ἄλλως
1432 3967 1542 4039 γὰρ
1591 3967 1850 4020 ἀδύνατον

261 4065 536 4137 σιιυθῆνιίιι⁸
586 4064 782 4128 αὐτοὺς
825 4062 883 4118 δὲ
918 4061 992 4133 μὴ
1037 4061 1126 4115 διὰ
1163 4059 1439 4132 πράξεως,
1489 4057 1626 4132 alia
1669 4057 1757 4112 διὰ
1789 4057 1850 4111 τὸ

258 4159 420 4228 φύσει
444 4155 850 4227 πνευματικοὺς
879 4149 1038 4218 εἶναι,
1071 4151 1248 4223 πάντη
1275 4168 1334 4204 τε
1368 4151 1464 4204 καὶ
1490 4150 1708 4214 πάντως
1747 4168 1852 4204 σω·-

259 4249 525 4322 θήσεσθαι
558 4246 991 4318 δογματίζουσιν.
1031 4245 1118 4308 Ὠς
1141 4243 1251 4315 γὰρ
1287 4243 1347 4296 τὸ
1380 4243 1560 4314 χοῖκὺν
1589 4242 1848 4297 ἀδύνατον

1945 1774 2036 1828 hic
2070 1790 2193 1829 cum
2229 1775 2448 1830 animali
2481 1777 2820 1846 copulatum,
2849 1791 2971 1830 cum
3005 1791 3180 1845 eoque
3223 1779 3278 1831 in
3318 1775 3538 1832 vivendi

1943 1865 2156 1921 ratione
2205 1865 2412 1936 pariter
2447 1867 2724 1921 eruditum
2771 1867 2899 1936 ﬁngi
2957 1865 3291 1937 formarique
3339 1867 3534 1937 possit.

1944 1958 2123 2028 Atque
2158 1957 2304 2012 hunc
2338 1957 2560 2013 demum
2609 1959 2780 2014 salem
2831 1957 3004 2023 illum,
3035 1973 3100 2012 ac
3142 1957 3328 2011 mundi
3361 1957 3538 2012 lucem

1945 2061 2069 2102 esse
2115 2047 2416 2102 dictitant:
2459 2048 2528 2103 de
2574 2047 2775 2117 quibus
2814 2047 3108 2117 Evangelia
3155 2045 3454 2117 loquuntur
3491 2050 3537 2111 ",

1945 2139 2146 2194 etenim
2201 2139 2436 2197 animale
2484 2147 2708 2194 externa
2757 2155 3018 2194 sensuum
3063 2141 3351 2210 disciplina
3395 2155 3539 2210 opus

1945 2229 2154 2286 habuit.
2204 2231 2378 2296 Quam
2423 2232 2494 2286 ob
2539 2246 2760 2288 causam
2807 2239 2862 2286 et
2893 2231 3154 2286 mundum
3209 2231 3536 2286 fabricatum

1944 2339 2068 2380 esse
2107 2324 2443 2378 contendunt
2484 2343 2498 2379 :
2535 2332 2700 2395 atque
2730 2325 2798 2380 ad
2829 2325 3062 2378 animale
3091 2324 3257 2383 istud.
3285 2323 3532 2393 quando-

1946 2414 2166 2486 quidem
2198 2416 2446 2472 libertate
2485 2416 2772 2487 prreditum
2805 2423 2913 2483 est,
2952 2430 3060 2486 quo
3107 2416 3155 2470 ei
3191 2415 3422 2470 salutem
3453 2414 3539 2468 af-

1945 2506 2133 2572 ferret,
2166 2507 2502 2564 Salvatorem
2532 2525 2654 2565 esse
2691 2507 3162 2580 delapsum.‘Nam
3197 2523 3384 2562 eorum
3415 2523 3540 2577 quae

1947 2614 2166 2655 servare
2212 2600 2551 2668 decreverat,
2601 2602 2846 2656 omnium
2889 2603 2945 2656 in
2993 2616 3115 2656 sese
3162 2600 3344 2656 ferunt
3383 2600 3538 2655 illum

1946 2688 2204 2747 habuisse
2250 2691 2520 2761 primitias
2554 2710 2567 2746 :
2601 2699 2730 2761 puta
2778 2693 2846 2746 ab
2895 2691 3200 2746 Achamoth
3238 2692 3538 2762 spiritum;

1947 2782 2238 2838 animalem
2266 2799 2295 2836 a
2327 2783 2620 2838 Conditore
2648 2775 2928 2838 ChriStum
2963 2801 2977 2839 :
3010 2799 3075 2838 ac
3107 2784 3405 2840 {unctionis
3426 2799 3542 2840 sua:

1946 2873 2394 2929 administrandae
2425 2877 2600 2945 gratia
2648 2891 2848 2947 corpus
2909 2875 3130 2930 animali
3173 2884 3368 2930 natura
3407 2889 3552 2930 con--

1948 2973 2102 3021 stans
2141 2966 2405 3033 induisse,
2451 2975 2504 3022 et
2541 2967 2757 3038 quidem
2805 2968 3111 3024 incredibili
3153 2967 3385 3037 quadam
3425 2973 3544 3021 arte

1946 3055 2025 3110 sic
2052 3056 2414 3122 elaboratum,
2451 3064 2511 3111 ut
2550 3057 2741 3124 videri,
2782 3058 3110 3112 contrectari
3154 3057 3374 3128 patique
3413 3071 3546 3126 pos-

1946 3154 2050 3202 set.
2101 3146 2284 3212 Quare
2321 3148 2455 3201 nihil
2498 3148 2675 3204 eidem
2721 3163 2846 3202 eum
2895 3148 3123 3203 materia
3176 3148 3344 3204 fuisse
3387 3162 3544 3203 corn-

1945 3252 2156 3293 mune:
2194 3237 2394 3307 quippe
2450 3253 2574 3292 cum
2634 3237 2864 3292 materia
2917 3237 3320 3306 consequendze
3366 3237 3534 3292 saluti

1945 3345 2290 3400 nequaquam
2320 3331 2514 3385 idonea
2537 3330 2629 3386 sit.
2651 3329 2922 3384 Praeterea
2945 3337 3061 3384 tum
3093 3346 3275 3386 rerum
3296 3331 3540 3385 omnium

1946 3425 2108 3479 ﬁnem
2155 3432 2318 3493 atque
2369 3423 2575 3477 exitum
2627 3421 2762 3486 fore,
2816 3437 2939 3476 cum
2985 3421 3248 3492 quidquid
3295 3421 3543 3492 spiritale

1946 3525 2050 3575 est.
2085 3514 2137 3568 id
2163 3522 2248 3570 est
2277 3514 2552 3585 spiritales
2582 3513 2855 3577 homines,
2879 3515 2970 3583 qui
3008 3515 3305 3584 perfectam
3336 3512 3402 3568 de
3428 3511 3541 3567 Deo

1948 3603 2233 3659 scientiam
2261 3603 2484 3669 habent,
2517 3609 2571 3658 et
2603 3603 2673 3657 ab
2695 3602 3002 3656 Acbamoth
3033 3602 3309 3673 mysteriis
3341 3601 3543 3656 initiati

1949 3702 2097 3748 sunt.
2131 3691 2452 3761 Cujusmodi
2492 3707 2552 3746 sc
2590 3706 2714 3747 esse
2759 3693 2910 3762 ipsos
2941 3699 3213 3748 asserunt.
3249 3691 3411 3761 1'89
3443 3690 3542 3745 Et.

1949 3784 2092 3840 enim
2128 3783 2392 3838 animales
2428 3781 2678 3836 homines
2715 3782 2938 3836 animali
2971 3783 3208 3852 quadam
3247 3781 3540 3851 disciplina

1951 3875 2230 3931 institutos
2253 3888 2398 3939 esse,
2429 3873 2519 3944 qui
2549 3873 2766 3946 quidem
2791 3873 3051 3942 operibus
3081 3887 3145 3924 ac
3171 3871 3406 3940 simplici
3435 3870 3541 3926 ﬁde

1951 3968 2334 4034 stabiliuntur,
2405 3981 2583 4036 neque
2645 3963 2943 4036 perfectam
3003 3963 3288 4018 scientiam
3356 3961 3536 4030 adepti

1951 4067 2100 4116 sunt.
2141 4058 2424 4130 Ejusmodi
2454 4073 2556 4114 nos
2584 4072 2724 4121 esse,
2755 4057 2847 4127 qui
2884 4057 2938 4111 in
2968 4055 3222 4110 Ecclesia:
3250 4068 3410 4124 grege
3435 4069 3541 4108 nu-

1952 4169 2258 4218 meramur;
2317 4152 2548 4222 ideoque
2606 4158 2752 4206 recte
2815 4148 2973 4204 factis
3020 4162 3158 4216 opus
3213 4161 3335 4202 esse
3376 4146 3540 4202 nobis

1953 4247 2274 4318 praedicant,
2300 4260 2474 4314 neque
2497 4244 2655 4298 aliter
2679 4257 2839 4312 posse
2867 4256 2968 4295 nos
2999 4240 3227 4295 salutem
3256 4239 3538 4303 obtinere;

260 4341 541 4412 σωτηρίας
586 4339 911 4410 μετασχεῖν·
963 4335 1023 4388 οὐ
1063 4335 1171 4407 γὰρ
1206 4329 1346 4388 εἶναι
1400 4333 1649 4402 λέγουσιν
1697 4334 1846 4388 αὐτοὶ

1955 4354 2015 4395 se
2046 4353 2175 4393 vero
2205 4351 2310 4390 non
2337 4335 2501 4389 ullius
2533 4333 2767 4387 actionis
2815 4330 3097 4399 beneﬁcio,
3147 4327 3242 4384 sed
3273 4327 3419 4399 quod
3451 4345 3544 4384 na-

253 4431 508 4487 ὃεκτικὺν
533 4429 733 4500 αὐτῆς·
764 4427 936 4490 οὕτως
972 4426 1135 4481 πάλιν
1170 4425 1231 4479 τὸ
1261 4425 1635 4497 πνευματικὸν
1667 4425 1853 4480 θέλου-

259 4541 348 4577 σιν
388 4523 440 4576 0i
485 4521 642 4575 αὐτοὶ
673 4521 695 4551 ⁸
723 4515 862 4573 εἶναι
905 4518 1166 4573 ἀδύνατον
1199 4517 1406 4588 φθορὰν
1437 4517 1852 4582 καταδέξασθαι,

258 4615 368 4669 κᾶν
421 4612 641 4675 ὁποίαις
697 4610 1204 4680 συγκαταγένωνται
1259 4609 1543 4680 πράξεσιν.
1597 4612 1694 4663 Ὃν
1743 4609 1854 4681 γὰρ

259 4705 465 4778 τρόπον
494 4703 696 4776 χρυσὸς
729 4703 787 4756 ὲν
818 4701 1062 4776 βορϐόρῳ
1091 4701 1408 4766 κατατεθεὶς
1433 4702 1534 4756 οὐκ
1558 4701 1856 4756 ἀποϐάλλει

269 4797 364 4870 τὴν
400 4795 666 4867 καλλονὴν
696 4793 892 4872 αὐτοῦ,
910 4793 1047 4846 ἀλλᾶ
1073 4794 1170 4864 τὴν
1199 4794 1335 4847 ἰδίαν
1365 4794 1526 4864 φύσιν
1562 4796 1856 4865 διαφυλάτὲ-

261 4905 384 4952 τει,
437 4885 533 4940 τοῦ
588 4885 849 4957 βορϐόρου
903 4884 1071 4958 μηδὲν
1112 4884 1369 4955 ἀδικῆσαι
1421 4885 1720 4957 δυναμένου
1763 4887 1856 4940 τὸν

263 4978 497 5054 χρυσόν·
529 4976 674 5032 οὕτω
712 4977 767 5030 δὲ
805 4977 897 5030 καὶ
933 4975 1131 5039 αὐτοὺς
1174 4975 1410 5045 λέγουσι,
1451 4977 1554 5031 κᾶν
1587 4978 1646 5032 ἐν
1678 4978 1858 5042 ποίαις

265 5072 481 5137 ύλικαῖς
511 5069 748 5144 πράξεσι
775 5069 1202 5138 καταγένωνται,
1235 5069 1402 5140 μηδὲν
1445 5071 1642 5134 αὐτοὺς
1679 5088 1859 5142 παραι-

265 5163 632 5230 6).άπτεσθαι,
663 5161 801 5236 μηδὲ
825 5160 1148 5218 ἀποϐάλλειν
1183 5161 1280 5233 τὴν
1320 5161 1695 5232 πνευματικὴν
1719 5162 1858 5216 ὑπό-

271 5272 482 5313 στασιν.

1955 4436 2079 4482 tura
2115 4426 2388 4496 spiritales
2422 4425 2554 4487 sint,
2600 4423 2824 4476 omnino
2870 4419 3067 4475 salutis
3113 4430 3391 4488 compotes
3427 4417 3543 4474 fore

1956 4517 2257 4572 conﬁdunt.
2311 4513 2445 4566 Nam
2495 4511 2608 4576 uti,
2669 4510 2815 4582 quod
2858 4518 3135 4564 terrenum
3178 4515 3284 4570 est,
3333 4509 3542 4562 servari

1956 4607 2108 4663 nullo
2155 4603 2317 4659 modo
2359 4611 2558 4674 potest,
2594 4618 2771 4672 neque
2825 4609 3020 4656 natura
3061 4601 3126 4655 ad
3177 4600 3231 4655 id
3285 4599 3541 4654 idoneum

1956 4707 2073 4764 est;
2105 4699 2186 4754 sic
2213 4703 2404 4752 contra
2430 4695 2578 4766 quod
2607 4703 2690 4750 est
2710 4695 2974 4765 Spiritale,
2999 4692 3308 4762 cujusmodi
3337 4706 3396 4746 se
3420 4705 3546 4746 esse

1956 4791 2164 4856 volunt,
2190 4796 2464 4859 utcunque
2495 4804 2616 4844 sese
2630 4788 2877 4858 gesserit,
2904 4786 3180 4856 corrumpi
3201 4798 3543 4855 nequaquam

1956 4897 2140 4954 posse.
2191 4881 2262 4934 At
2308 4878 2765 4952 quemadmodum
2806 4893 3000 4932 aurum
3039 4878 3094 4932 in
3146 4891 3363 4932 cwnum
3395 4875 3548 4944 abje-

1958 4983 2105 5032 ctum
2153 4976 2608 5046 pulchritudinem
2649 4990 2757 5029 non
2807 4975 3027 5034 amittit.
3068 4975 3163 5030 sed
3202 4975 3340 5027 citra
3380 4972 3544 5025 ullam

1960 5068 2175 5124 decoris
2226 5069 2484 5140 injuriam
2535 5074 2786 5122 naturam
2839 5067 3075 5131 retinet;
3105 5066 3179 5119 ita
3223 5063 3548 5134 semetipsos

1965 5167 2241 5226 asserunt,
2271 5159 2484 5216 tametsi
2519 5159 2805 5229 quibusvis
2844 5156 2898 5210 in
2942 5155 3271 5219 actionibus,
3303 5154 3548 5222 adeoque

1965 5253 2236 5309 concretis
2262 5269 2387 5310 cum
2417 5253 2664 5337 materia,
2691 5258 2999 5317 versentur,
3023 5249 3230 5304 nullum
3260 5263 3328 5304 ex
3364 5260 3431 5304 eo
3457 5246 3554 5301 de-

271 5355 588 5410 trimentum
644 5362 874 5420 capere,
930 5361 1107 5416 neque
1147 5345 1450 5417 spiritalem
1502 5347 1865 5404 substantiam
1908 5363 2072 5419 posse
2099 5350 2346 5421 perdere.

335 5513 351 5543 ¹
389 5511 530 5568 Iren.
560 5507 663 5578 atati.
687 5503 891 5578 τοῦτονΔ
921 5500 1078 5578 εἶναιΔ
1107 5504 1197 5559 τὸν
1216 5577 1221 5578 γ
1241 5506 1299 5578 έν
1324 5506 1506 5569 αὐτοῖς
1530 5505 1837 5578 ᾄνθρωπον.

1957 5506 2101 5564 lren.
2129 5508 2502 5574 ἐπιδέξασθαι.
2580 5509 2600 5541 ³
2619 5507 2757 5563 lren.
2785 5507 2864 5578 τῷ
2885 5504 3179 5578 ψυχικῷβί
3217 5517 3381 5578 mox.
3405 5569 3426 5578 _
3444 5498 3548 5578 ξιᾷ.

276 5569 455 5663 flren.
507 5573 1230 5663 ρραῖδν,ηιξῃλξξξρητόν.η⁵
1262 5577 1402 5633 lren.
1468 5568 1574 5632 ὑπὸ
1615 5568 1716 5647 τῆς
1793 5579 1990 5650 Ἀχαιμ.
2041 5597 2247 5653 μεμυη.
2286 5568 2352 5634 τὰ
2396 5597 2525 5652 μυσ.
2583 5568 3083 5643 emo-34166::
3160 5577 3181 5608 ‘
3214 5575 3355 5629 lreu.
3401 5569 3432 5624 ὃ
3459 5568 3550 5624 θέ-

270 5654 434 5713 ὶοισιν
473 5643 662 5712 αὐτοί.
764 5644 784 5674 ⁷
819 5643 1090 5706 Mallius.
1126 5645 1214 5702 15.
