3980 6086
508 145 613 202 815

1871 144 1929 204 S.
1969 146 2310 205 EPIPHANII

3666 143 3771 205 MG

577 256 716 313 XXI.
757 254 1023 326 Quocirca
1061 257 1155 329 qui
1192 256 1335 315 inter
1371 257 1494 314 illos
1533 258 1917 329 perfectissimi
1953 277 2082 317 cen-

2254 262 2386 317 ΚΜ.
2422 260 2514 314 Διὸ
2555 258 2621 330 δὴ
2653 259 2748 311 καὶ
2793 256 2862 311 τά
2910 256 3263 329 ἀπειρημένα
3298 256 3480 312 πάντα
3522 257 3699 323 ἀδεῶς
3725 261 3778 315 οι

508 358 735 412 sentur,
785 348 973 405 illicita
1022 351 1239 415 omnia,
1290 351 1610 421 legibusque
1649 352 1816 406 vetita
1863 353 2087 410 licenter

506 448 851 512 perpetrant,
886 440 955 496 de
991 440 1189 511 quibus
1213 440 1430 496 Littera:
1462 456 1633 497 sacrae
1660 452 1960 507 testantur;
1990 461 2086 514 qui

508 530 777 601 ejusmodi
806 531 1171 599 committant,
1202 531 1273 586 ab
1302 532 1619 588 haereditate
1657 535 1809 605 regni
1843 538 2086 593 cmlestis

507 625 757 678 excidere
779 624 819 678 ί.
851 623 1020 693 Igitur
1045 633 1099 679 et
1132 640 1253 695 qua:
1291 625 1451 682 idolis
1476 628 1749 683 immolata
1783 638 1909 683 sunt
1939 631 2087 686 nullo

509 716 825 771 discrimine
841 717 1155 781 comedunt,
1174 718 1417 787 nihilque
1430 734 1493 772 ex
1508 733 1569 773 ea
1586 734 1645 774 re
1662 721 2002 790 contagionis
2020 720 2087 776 ad

508 821 629 862 sese
655 805 890 860 derivari
925 814 1147 875 putant;
1186 813 1240 862 et
1270 806 1334 861 ad
1368 808 1549 861 omnia
1586 790 1865 877 gentilium
1910 808 2083 874 festa,

506 913 628 968 quae
658 899 726 952 ad
758 898 1026 953 idolorum
1060 899 1267 952 cultum
1296 901 1547 954 instituta
1578 908 1740 965 sunt,
1783 901 1943 970 primi
1969 914 2087 957 om-

508 993 658 1047 nium
685 999 982 1045 accurrunt
1020 1007 1033 1041 :
1068 1000 1313 1060 utneque
1343 991 1413 1045 ab
1443 1007 1652 1057 eorum,
1688 993 1781 1062 qui
1820 1008 1945 1047 cum
1994 992 2089 1046 be-

509 1084 628 1139 stiis
647 1083 976 1153 depugnant,
1010 1090 1103 1137 aut
1132 1082 1491 1153 gladiatorum
1517 1084 1680 1139 foedis
1711 1085 1839 1148 illis,
1882 1099 1947 1139 ac
1978 1083 2088 1139 Deo

509 1173 716 1243 pariter
768 1181 931 1242 atque
961 1172 1273 1229 hominibus
1299 1174 1653 1229 exsecrandis
1687 1173 2081 1244 parricidiique

507 1266 683 1337 plenis
710 1266 1041 1337 spectaculis
1089 1265 1311 1336 quidam
1353 1266 1569 1320 illorum
1599 1266 1930 1321 abstineant.
1979 1265 2088 1320 Alii

507 1358 638 1414 dum
669 1359 723 1413 in
754 1358 1129 1428 voluptatibus
1157 1357 1407 1427 corporis
1435 1372 1500 1411 ac
1526 1356 1846 1413 libidinibus
1869 1356 2088 1414 assidue

506 1452 855 1516 volutantur,
891 1449 1135 1504 carnalia
1166 1465 1227 1505 se
1254 1450 1597 1517 carnalibus,
1638 1465 1703 1505 ac
1747 1450 2087 1522 spiritalibus

505 1540 775 1611 spiritalia
825 1539 1088 1605 reddere,
1128 1540 1474 1609 profitentur.
1530 1538 1897 1605 Quamobrem
1948 1554 2086 1595 non-

2187 354 2516 409 τελειότατοι
2565 351 2898 422 πράττουσιν
2949 350 3153 415 αὐτῶν,
3200 350 3332 421 περὶ
3363 345 3442 408 ὧν
3469 352 3525 405 αί
3560 351 3780 423 Γραφα)⁸

2187 439 2645 505 διαϐεϐαιοῦνται,
2675 440 2802 503 τοὺς
2836 439 3126 503 ποιοῦντας
3158 440 3296 493 αὐτὰ
3330 440 3611 511 βασιλείαν
3639 442 3778 497 Θεοῦ

2191 529 2265 600 μὴ
2295 528 2749 600 κληρονομήσειν.
2792 529 2903 582 Καὶ
2934 527 3044 599 γὰρ
3070 529 3416 597 ,εἰδωλόθυτα
3450 531 3729 603 διαφόρως
3758 536 3780 566 ³

2183 623 2448 685 ἐσθίουσι,
2484 622 2618 693 μηδὲ
2645 619 2966 692 μολύνεσθαι
2999 622 3095 676 ὑπ’
3128 623 3311 679 αὐτῶν
3340 624 3661 696 ἡγούμενοι·
3685 626 3784 681 καὶ

2187 716 2279 769 ἐπὶ
2314 717 2491 773 πᾶσαν
2528 714 2854 786 ἑορτάσιμον
2893 715 3003 770 τῶν
3044 715 3215 769 ὲθνῶν
3258 716 3451 787 τέρψιν
3490 719 3575 781 είς
3608 719 3777 791 τιμὴν

2186 808 2295 860 τῶν
2319 806 2552 860 εἰδώλων
2574 806 2867 877 γινομένην
2887 806 3095 877 πρῶτοι
3117 808 3383 874 συνίασιν,
3411 808 3488 871 ὡς
3521 810 3660 880 μηδὲ
3685 810 3782 881 τῆς

2188 898 2338 969 παρὰ
2369 897 2487 968 Θεῷ
2521 898 2615 951 καὶ
2649 896 2958 967 ἀνθρώποις
3003 898 3389 969 μεμισημένης
3418 899 3518 969 τῆς
3545 900 3658 953 τῶν
3690 900 3783 973 θη-

2191 989 2469 1062 ριομάχων
2494 989 2586 1042 καὶ
2611 989 2948 1059 μονομαχίας
2968 989 3296 1060 ἀνδροφόνου
3322 989 3455 1053 θέας
3476 991 3782 1063 ἀπέχεσθαι

2188 1082 2363 1145 ἐνίους
2394 1079 2593 1133 αὐτῶν.
2630 1081 2693 1132 Ol
2722 1080 2778 1132 δὲ
2810 1081 2904 1134 καὶ
2931 1082 3054 1143 ταῖς
3082 1081 3184 1151 τῆς
3210 1081 3414 1151 σαρκὸς
3434 1081 3655 1152 ἡδοναῖς
3679 1100 3783 1136 κα-

2188 1172 2430 1244 τακόρως
2459 1170 2804 1236 δουλεύοντες
2830 1171 2898 1225 τὰ
2935 1172 3177 1244 σαρκικὰ
3202 1176 3318 1237 τοῖς
3347 1176 3658 1245 σαρκικοῖς,
3688 1177 3784 1230 καὶ

2186 1265 2256 1318 τὰ
2302 1263 2651 1335 πνευματικὰ
2704 1264 2817 1326 τοῖς
2859 1267 3252 1334 πνευματικοῖς
3293 1265 3648 1319 ἀποδίδοσθαι
3694 1265 3785 1320 λέ-

2187 1372 2364 1424 γουσι.
2395 1354 2504 1407 Καὶ
2537 1355 2585 1406 oi
2623 1353 2720 1423 μὲν
2752 1352 2934 1406 αὐτῶν
2956 1352 3133 1425 λάθρα
3159 1353 3259 1419 τὰς
3274 1355 3667 1428 διδασκομένας
3689 1360 3784 1413 ὑπ’

2187 1447 2368 1502 αὐτῶν
2408 1448 2508 1518 τὴν
2545 1446 2768 1518 διδαχὴν
2809 1446 3014 1519 ταύτην
3045 1452 3311 1517 γυναῖκας
3347 1450 3780 1524 διαφθείρουσιν,

2188 1538 2263 1597 ὡς
2292 1537 2555 1600 πολλάκις
2580 1537 2672 1590 ὑπ’
2705 1536 2861 1590 ὲνίων
2899 1539 3078 1593 αὐτῶν
3106 1539 3556 1612 ἐξαπατηθεῖσαι.
3590 1544 3785 1599 ἔπειτα

505 1636 641 1690 nulli
675 1636 813 1690 clam
843 1642 1032 1704 stupra
1075 1648 1201 1688 cum
1233 1632 1574 1688 mulierculis
1601 1632 1905 1702 disciplinae
1928 1632 2090 1702 hujus

2197 1623 2594 1695 ἐπιστρέψασαι
2629 1627 2889 1692 γυναῖκες
2911 1626 2993 1690 είς
3013 1626 3114 1697 τὴν
3159 1628 3488 1700 Ἐκκλησίαν
3514 1632 3615 1686 τοῦ
3647 1633 3783 1688 Θεοῦ

506 1740 621 1781 sua:
656 1725 893 1779 alumnis
929 1731 1223 1787 exercent,
1273 1723 1328 1778 id
1361 1724 1505 1793 quod
1549 1724 1820 1792 pleraeque
1858 1724 1990 1778 olim
2022 1726 2090 1778 ab

2194 1712 2290 1765 σὺν
2322 1714 2389 1781 τῇ
2427 1711 2590 1783 λοιπῇ
2624 1713 2824 1785 πλάνῃ,
2861 1713 2959 1767 καὶ
2990 1715 3151 1770 τοῦτο
3179 1716 3687 1791 ἐξωμολογήσαντο.
3720 1726 3783 1778 Οί

506 1819 616 1873 illis
640 1817 903 1887 deceptae,
934 1830 997 1870 ac
1018 1824 1298 1887 postremo
1318 1815 1385 1869 ad
1411 1815 1715 1870 Ecelesiam
1743 1815 1835 1871 Dei
1859 1829 2090 1870 reversae

2194 1802 2249 1856 δὲ
2280 1802 2376 1856 καὶ
2411 1803 2553 1857 κατὰ
2582 1804 2643 1858 τὸ
2665 1805 2899 1877 φανερὸν
2928 1808 3435 1879 ἀπερυθριάσαντες
3462 1806 3539 1866 ὧν
3569 1814 3639 1867 ἂν
3665 1817 3786 1887 ἐρα-

508 1909 651 1964 inter
686 1908 822 1962 alios
854 1921 1072 1963 errores
1107 1920 1350 1977 persaepe
1378 1906 1646 1963 confessa:
1681 1913 1830 1963 sunt.
1864 1904 2006 1960 Sunt
2037 1916 2090 1961 et

2194 1892 2362 1946 σθῶσι
2395 1894 2692 1963 γυναικῶν,
2727 1896 2934 1962 ταύτας
2963 1900 3060 1952 ἀπ’
3094 1900 3306 1971 ἀνδρῶν
3336 1903 3783 1974 ἀποσπάσαντες,

502 2000 600 2071 qui
637 1999 846 2069 pudore
882 1998 1033 2053 omni
1070 1998 1271 2070 posito,
1307 2013 1662 2068 quascunque
1703 1997 1964 2051 mulieres
1994 1996 2089 2050 ad~

505 2090 759 2152 amarint,
793 2090 966 2160 palam
1000 2104 1030 2143 a
1066 2089 1202 2144 viris
1229 2089 1496 2145 abductas
1525 2104 1626 2160 pro
1657 2087 1916 2159 legitimis
1956 2101 2089 2153 uxo-

508 2182 665 2236 ribus
700 2182 923 2236 habent.
984 2179 1089 2235 Sed
1138 2181 1266 2245 alii,
1307 2180 1398 2251 qui
1438 2196 1497 2236 se
1529 2179 1799 2251 principio
1840 2190 2090 2233 sororum

508 2272 631 2328 illas
652 2273 812 2342 190
844 2274 964 2327 loco
994 2271 1281 2327 honestius
1303 2272 1506 2327 habere
1534 2272 1929 2328 simulaverant
1958 2284 2090 2341 pau-

388 2430 395 2437 ,
508 2365 657 2421 latim
691 2364 888 2419 detecti
929 2374 1076 2430 sunt,
1108 2379 1172 2420 ac
1202 2379 1496 2435 praegnans
1545 2364 1781 2433 denique
1821 2377 1981 2418 soror
2020 2376 2090 2417 ex

507 2455 873 2512 contubernio
902 2455 1088 2510 fratris
1119 2455 1361 2511 inventa.
1398 2454 1510 2511 Dici
1545 2470 1653 2509 non
1699 2460 1880 2524 potest
1924 2467 2091 2523 quam

506 2545 674 2615 impia
715 2559 780 2599 ac
804 2543 1126 2599 detestanda
1155 2544 1259 2598 alia
1309 2543 1510 2615 ﬂagitia
1557 2543 1939 2608 committant;
1971 2555 2093 2612 quae

505 2637 636 2716 dum
672 2635 901 2700 faciunt,
944 2651 1046 2691 nos
1086 2636 1333 2701 scilicet,
1381 2636 1475 2706 qui
1513 2649 1625 2706 prae
1661 2634 1755 2688 Dei
1789 2634 1986 2687 timore
2026 2646 2095 2687 ne

506 2730 836 2801 cOgitatione
868 2729 952 2783 vel
1002 2742 1257 2784 sermone
1298 2728 1517 2797 quidem
1569 2727 1751 2783 scelus
1789 2726 1958 2781 ullum
1994 2726 2093 2780 ad-

508 2822 724 2876 mittere
750 2819 1033 2875 studemus
1053 2859 1067 2884 ,
1098 2825 1358 2896 tanquam
1393 2818 1592 2873 idiotas
1621 2825 1784 2888 atque
1814 2817 2095 2887 imperitos

2188 1984 2334 2049 ίδίας
2356 1985 2603 2057 γαμετὰς
2629 1988 2925 2059 ἡγήσαντο.
2957 1990 3141 2044 Ἀλλοι
3170 1991 3227 2044 δὲ
3262 1989 3328 2046 αὖ
3359 1993 3542 2062 πάλιν,
3570 1998 3786 2068 σεμνῶς

2192 2078 2314 2132 κατ’
2346 2078 2519 2149 ἀρχὰς
2553 2078 2630 2143 ὡς
2656 2080 2797 2150 μετὰ
2826 2081 3071 2151 ἀδελφῶν
3105 2085 3570 2157 προσποιούμενοι
3600 2106 3787 2143 συνοι-

2193 2172 2333 2235 κεῖν,
2379 2170 2659 2242 προϊόντος
2689 2171 2783 2224 τοῦ
2826 2172 3021 2244 χρόνου
3068 2174 3431 2248 ήλέγχθησαν,
3477 2179 3785 2252 ὲγκῦμονος

2194 2264 2294 2334 τῆς
2326 2263 2563 2336 ἀδελφῆς
2593 2266 2697 2337 ὑπὸ
2723 2265 2818 2318 τοῦ
2854 2266 3088 2336 ἀδελφοῦ
3117 2268 3461 2342 γενηθείσης.
3498 2273 3613 2326 Καὶ
3647 2274 3788 2329 ἄλλα

2193 2354 2456 2409 δὲιπολλὰ
2490 2356 2709 2428 μυσαρὰ
2750 2358 2846 2410 καὶ
2886 2358 3021 2413 ἄθεα
3071 2361 3428 2430 πράσσοντες,
3479 2365 3642 2436 ήμῶν
3687 2366 3789 2437 μὲν

2191 2445 2279 2499 διὰ
2324 2446 2418 2500 τὸν
2464 2448 2627 2517 φόϐον
2663 2448 2756 2501 τοῦ
2802 2449 2937 2502 Θεοῦ
2984 2449 3413 2523 φυλασσομένων
3444 2454 3541 2509 καὶ
3587 2456 3787 2530 μέχρις

2194 2537 2407 2601 ἑννοίας
2438 2538 2532 2591 καὶ
2554 2539 2711 2606 λόγου
2743 2541 3011 2611 ἁμαρτεῖν
3040 2544 3490 2615 κατατρέχουσιν,
3525 2547 3606 2612 ὡς
3642 2550 3789 2604 ἰδιω-

2194 2628 2337 2693 τῶν,
2388 2630 2482 2682 καὶ
2534 2630 2702 2701 μηδὲν
2754 2632 3171 2702 ἐπισταμένων,
3224 2637 3453 2701 ἑαυτοὺς
3501 2639 3560 2693 δὲ
3617 2642 3795 2713 ὑπερ.

2188 2721 2418 2790 -υψοῦσι,
2448 2721 2685 2786 τελείους
2712 2723 3138 2791 ἀποκαλοῦντες,
3180 2727 3271 2781 καὶ
3304 2728 3601 2798 σπέρματα
3630 2733 3797 2786 ἐκλο-

2196 2814 2320 2885 γῆς.
2368 2814 2547 2883 Ἦμᾶς
2582 2813 2679 2884 μὲν
2710 2813 2820 2886 γὰρ
2855 2817 2912 2868 ὲν
2943 2811 3139 2889 χρήσεῖ
3167 2818 3261 2889 τὴν
3285 2818 3442 2889 χάριν
3478 2818 3796 2891 λαμϐάνειν

509 2911 776 2977 derident,
821 2924 881 2964 se
920 2923 1049 2964 vero
1084 2908 1316 2963 mirifice
1344 2909 1680 2979 praedicant,
1724 2923 1788 2963 ac
1819 2908 2090 2979 perfectos

2197 2902 2434 2971 λέγουσι’
2485 2901 2566 2955 διὸ
2608 2904 2702 2956 καὶ
2742 2904 3212 2977 ἀφαιρεθήσεσθαι
3264 2906 3453 2976 αὐτῆς·
3492 2908 3701 2976 αὐτοὺς
3733 2912 3794 2965 δὲ

508 2999 791 3066 homines,
822 2998 1160 3067 eiectamque
1187 2997 1416 3068 stirpem
1460 2998 1769 3056 nominant.
1802 2996 1914 3065 Nps
1937 2998 2086 3053 enim

2202 2994 2500 3064 ίδιόκτητον
2525 2993 2732 3049 ἄνωθεν
2764 2996 2874 3049 ἀπὸ
2904 2997 3001 3068 τῆς
3024 2999 3266 3070 ἀρρήτου
3296 2999 3391 3051 καὶ
3411 3000 3793 3071 ἀνονομάστου

507 3092 658 3149 velut
710 3098 900 3147 mutuo
951 3090 1182 3162 gratiam
1244 3089 1311 3144 ad
1366 3106 1528 3147 usum
1579 3090 1860 3161 accipere,
1916 3102 2091 3160 eaque

506 3191 794 3255 propterea
832 3181 1147 3253 spoliandos
1182 3180 1490 3248 afﬁrmant;
1533 3182 1636 3238 sibi
1669 3183 1819 3237 velut
1850 3182 2090 3251 peculia-

2198 3085 2459 3155 συζυγίας
2492 3086 3029 3158 συγκατεληλυθυῖαν
3059 3088 3205 3159 ἒχειν
3236 3090 3335 3163 τὴν
3361 3091 3546 3162 χάριν
3578 3091 3677 3147 καὶ
3703 3093 3796 3147 διὰ

2192 3178 2358 3233 τοῦτο
2386 3178 2861 3251 προστεθήσεσθαι
2884 3180 3088 3245 αὐτοῖς.

507 3294 625 3336 rem
659 3278 925 3335 accidisse
966 3278 1401 3349 possessionem,
1432 3293 1554 3348 quae
1618 3277 1688 3333 de
1743 3276 1952 3334 cmlesti
1989 3274 2267 3347 conjugio,
2302 3274 2449 3346 quod
2482 3288 2659 3344 neque
2720 3275 2906 3330 verbis
2961 3274 3225 3345 exprimi,
3290 3290 3470 3345 neque
3512 3278 3795 3335 nominari

507 3382 708 3446 potest,
738 3388 849 3429 una
877 3373 933 3428 in
961 3388 1021 3429 se
1034 3372 1409 3439 descenderit;
1442 3373 1563 3429 ideo
1595 3387 1792 3428 novam
1824 3373 1989 3427 etiam
2019 3371 2089 3427 ad
2126 3386 2245 3427 eam
2289 3386 2456 3441 quam
2482 3370 2689 3425 habent
2715 3370 3090 3425 accessionem
3128 3369 3390 3424 futuram.

579 3466 851 3521 interesse
882 3466 1046 3538 igitur
1076 3479 1176 3522 sua
1203 3465 1520 3536 plurimum,
1554 3475 1615 3520 ut
1642 3479 1970 3535 quacunque
2010 3480 2094 3522 ra-

507 3555 659 3611 tione
692 3563 926 3626 posstmt
958 3555 1200 3626 conjugii
1229 3557 1552 3627 mysterium
1594 3556 1727 3611 illud
1764 3562 2087 3621 exerceant,

508 3649 673 3718 idque
701 3647 879 3717 ipsum
907 3646 1122 3703 stolidis
1144 3647 1464 3703 hominibus
1494 3647 1582 3703 his
1616 3647 1728 3703 fere
1757 3647 1941 3704 verbis
1968 3663 2093 3717 per-

509 3739 761 3796 suadent.
790 3737 1114 3808 Quicunque
1146 3753 1272 3793 cum
1305 3738 1359 3793 in
1402 3737 1610 3794 mundo
1631 3747 1779 3795 esset
1806 3738 2090 3794 mulierem

509 3847 619 3889 non
652 3831 937 3896 amaverit,
970 3837 1032 3886 ut
1069 3845 1188 3886 eam
1218 3830 1286 3885 ad
1316 3846 1558 3889 amorem
1590 3846 1750 3888 suum
1781 3831 2089 3903 pelliceret,

509 3938 544 3980 a
571 3925 803 3980 veritate
840 3923 1054 3978 alienus
1091 3930 1197 3989 est,
1229 3938 1332 3979 nec
1372 3923 1440 3978 ad
1487 3938 1608 3979 eam
1650 3925 1954 3994 perveniet.
1985 3922 2095 3980 Sed

508 4016 761 4089 quisquis
793 4021 951 4069 ortus
989 4029 1020 4069 e
1072 4013 1280 4068 mundo
1323 4014 1580 4069 muliebri
1622 4030 1731 4070 non
1781 4023 1867 4071 est
1908 4031 2096 4071 amore

511 4111 827 4177 correptus,
864 4122 933 4160 ne
972 4104 1090 4175 ipse
1118 4103 1341 4174 quidem
1383 4105 1451 4159 ad
1484 4106 1766 4160 veritatem
1796 4107 2093 4175 perveniet,

509 4199 656 4272 quod
686 4214 795 4253 non
818 4198 1069 4253 mulieris
1092 4196 1395 4267 cupiditate
1428 4195 1758 4267 ﬂagraverit.
1780 4196 1892 4252 Nos
1912 4199 2095 4269 itaque

511 4304 651 4360 quos
680 4288 945 4343 animales
988 4287 1316 4355 nominant,
1357 4301 1591 4357 esseque
1632 4290 1700 4342 de
1735 4288 1943 4343 mundo
1985 4300 2095 4344 sta-

512 4375 1143 4445 tuunt,.temperantia.
1197 4383 1252 4429 et
1303 4375 1549 4431 honestis
1599 4375 1909 4431 actionibus
1954 4376 2096 4432 indi-

512 4484 639 4540 gere
663 4508 678 4533 ,
723 4467 928 4537 quibus
972 4465 1301 4521 mediocrem
1335 4467 1402 4521 ad
1451 4467 1727 4537 regionem
1766 4467 2092 4537 ederamur,

513 4575 637 4614 cum
670 4559 909 4629 ipsimet,
942 4565 1131 4626 utpote
1158 4557 1432 4625 spiritales
1468 4574 1531 4612 ac
1557 4558 1802 4627 perfecti,
1838 4560 1973 4613 nihil
2004 4561 2095 4615 ho-

510 4666 633 4705 rum
688 4650 992 4718 requirant.
1053 4647 1172 4702 Non
1224 4647 1369 4701 enim
1421 4649 1690 4705 actionem
1736 4651 1805 4704 ad
1849 4651 2092 4720 pleroma

513 4741 839 4812 provehere,
874 4740 969 4794 sed
997 4753 1183 4794 semen
1213 4739 1391 4810 ipsum
1419 4779 1435 4802 ,
1469 4742 1616 4812 quod
1650 4743 1802 4799 illinc
1840 4753 2088 4801 tenerum

512 4849 577 4889 ac
603 4834 749 4889 velut
787 4833 972 4915 infans
1002 4834 1326 4904 demissum,
1355 4835 1442 4890 hic
1464 4836 1607 4907 apud
1641 4853 1741 4893 nos
1776 4838 2090 4894 absolutum

513 4925 782 4983 redditur.
827 4926 1006 4998 Atque
1033 4926 1125 4983 ubi
1157 4943 1341 4984 setnen
1382 4943 1544 4984 omne
1576 4928 1877 5000 perfectum
1902 4929 2088 4999 fuerit,

510 5023 628 5070 tum
659 5016 904 5088 ipsorum
942 5016 1168 5074 Matrem
1197 5018 1503 5076 Achamotb
1536 5035 1601 5076 ex
1633 5021 1809 5076 media
1840 5021 1931 5076 illa
1961 5021 2090 5078 sede

513 5108 833 5175 transferri,
881 5118 937 5166 et
973 5110 1117 5165 intra
1155 5110 1396 5181 pleroma
1441 5112 1610 5183 recipi
1659 5121 1913 5183 oportere
1944 5131 1958 5169 :
1988 5127 2091 5170 nec

514 5212 623 5253 non
639 5208 694 5256 et
711 5217 974 5271 sponsum
992 5217 1153 5260 suum
1173 5219 1526 5277 recuperare,
1551 5204 1889 5265 Salvatorem
1916 5208 2090 5272 illum,

432 5326 445 5331 ς
513 5293 643 5363 quia
668 5292 738 5347 ab
762 5293 1035 5351 universis
1061 5296 1115 5350 in
1143 5296 1317 5352 lucem
1341 5306 1426 5354 est
1448 5299 1627 5356 editus
1647 5315 1661 5352 :
1681 5307 1741 5354 ut
1769 5294 2089 5368 Salvatoris,

512 5397 563 5442 et
602 5382 897 5454 Sapientia:
929 5385 1234 5442 Achamoth
1274 5389 1593 5462 coniugium
1624 5393 1964 5449 instituatur.
1998 5392 2088 5447 ld-

2268 3466 2361 3519 Διὸ
2392 3465 2490 3518 καὶ
2519 3464 2584 3516 ὲκ
2614 3462 2815 3527 παντὸς
2855 3464 3058 3537 τρόπου
3105 3464 3215 3517 δεῖν
3253 3463 3455 3526 αὐτοὺς
3479 3463 3568 3517 ἀεὶ
3603 3464 3669 3518 τὸ
3695 3465 3794 3534 τῆς

2200 3555 2462 3625 συζυγίας
2485 3556 2717 3627 μελετᾷν
2743 3556 3058 3627 μυστήριον·
3088 3556 3184 3609 καὶ
3207 3554 3367 3608 τοῦτο
3394 3554 3645 3609 πείθουσι
3665 3558 3795 3618 τοὺς

2197 3648 2458 3719 ἀνοήτους
2491 3646 2683 3710 αὑταῖς
2724 3645 2902 3711 λέξεσι
2951 3645 3203 3715 λέγοντες
3247 3645 3441 3709 οὓτως·
3490 3649 3594 3711 Ὃς
3635 3646 3705 3700 ἂν
3735 3648 3795 3698 ὲν

2198 3739 2390 3811 κόσμῳ
2419 3738 2711 3810 γενόμενος
2743 3741 2977 3809 γυναῖκα
3006 3738 3104 3791 οὐκ
3136 3737 3414 3810 ἐφίλησεν,
3442 3737 3585 3792 ὥστε
3618 3738 3795 3809 αὑτήν

2198 3830 2557 3903 κρατηθῆναι,
2592 3829 2692 3884 οὐκ
2731 3829 2877 3882 ἔστιν
2917 3831 2975 3897 ἐξ
3005 3829 3286 3901 ἀληθείας,
3324 3831 3419 3884 καὶ
3452 3832 3515 3886 οὐ
3545 3834 3794 3903 χωρήσει

2195 3924 2276 3985 είς
2300 3920 2580 3992 ἀλήθειαν.
2624 3919 2682 3973 '0
2714 3920 2771 3973 δὲ
2797 3920 2907 3973 ἀπὸ
2934 3921 3142 3992 κόσμου
3161 3922 3455 3993 γενόμενος
3477 3922 3522 3987 ³,
3553 3922 3631 3995 μὴ
3663 3939 3797 3994 κρα-

2192 4014 2381 4087 τηθεὶς
2411 4013 2652 4083 γυναικὶ,
2684 4013 2745 4065 οὐ
2774 4014 3016 4085 χωρήσει
3058 4015 3138 4077 είς
3166 4013 3449 4085 ἀλήθειαν,
3492 4015 3585 4068 διὰ
3617 4016 3685 4070 τὸ
3715 4016 3792 4086 μὴ

2198 4108 2256 4162 ὲν
2301 4104 2567 4174 ἐπιθυμία
2614 4104 2953 4176 κρατηθῆναι
3006 4107 3283 4175 γυναικός.
3334 4108 3433 4161 Διά
3467 4088 3645 4163 ’τοῦτο
3697 4108 3795 4166 οὖν

2198 4198 2350 4267 ἡμᾶς
2388 4197 2587 4260 καλοὺς
2630 4196 2897 4267 ψυχικοὺς
2919 4198 2941 4229 ⁸
2970 4199 3318 4269 ὀνομάζουσι,
3359 4200 3453 4253 καί
3480 4202 3546 4254 ὲκ
3578 4203 3793 4275 κόσμου

2128 4270 2339 4344 Ι)·εἶναι
2383 4288 2619 4357 λέγουσι,
2655 4289 2749 4343 καὶ
2798 4290 3283 4362 ἀναγκαίαν-ἡμῖν
3325 4291 3424 4363 τὴν
3455 4270 3795 4366 ἐγκράτειαν

2199 4384 2294 4437 καὶ
2319 4380 2527 4453 ἀγαθήν
2550 4380 2768 4453 πρᾶξιν,
2805 4381 2891 4435 ἵνα
2918 4383 2986 4436 δι’
3008 4384 3181 4454 αὐτῆς
3206 4384 3447 4454 ἔλθωμεν
3466 4388 3549 4450 είς
3572 4386 3670 4441 τὸν
3683 4388 3791 4459 τῆς

2200 4476 2498 4547 μεσότητος
2539 4474 2724 4541 τόπον,
2766 4476 2950 4540 αὐτοῖς
2978 4477 3034 4531 δὲ
3066 4479 3459 4548 πνευματικοῖς
3482 4495 3545 4531 τε
3576 4481 3678 4534 καὶ
3701 4498 3795 4534 τε·

2195 4567 2361 4630 λείοις
2390 4566 2746 4636 καλουμένοις
2766 4567 3049 4640 μηδαμῶς.
3073 4570 3146 4622 Οὐ
3177 4569 3286 4640 γὰρ
3313 4568 3515 4641 πρᾶξις
3540 4573 3624 4634 είς
3654 4572 3798 4644 an]-

2198 4674 2354 4730 ρωμα
2408 4657 2638 4726 εἰσάγει,
2690 4659 2828 4712 ἀλλὰ
2874 4659 2936 4713 τὸ
2983 4660 3205 4732 σπέρμα
3248 4661 3309 4714 τὸ
3349 4660 3560 4715 ἐκεῖθεν
3586 4664 3797 4735 νήπιον

2192 4742 2641 4819 ἐκπεμπόμενον,
2687 4750 2874 4805 ἐνθάδε
2916 4751 3312 4823 τελειούμενον.
3361 4753 3535 4807 Ὅταν
3575 4754 3641 4808 δὲ
3682 4759 3795 4810 πᾶν

2191 4840 2254 4893 τὸ
2288 4840 2507 4912 σπέρμα
2533 4841 2821 4914 τελειωθῇ,
2864 4843 2962 4915 τὴν
3005 4844 3104 4915 μὲν
3148 4843 3402 4915 Ἀχαμὼθ
3427 4844 3525 4916 τὴν
3551 4848 3795 4919 Μητέρα

2190 4929 2371 4983 αὐτῶν
2404 4930 2704 5002 μεταϐῆναι
2737 4931 2832 4986 τοῦ
2874 4932 2975 5004 τῆς
3010 4936 3307 5006 μεσότητος
3343 4938 3509 4989 τόπου
3539 4934 3793 5007 λέγουσι,

2198 5025 2292 5077 καλ⁵
2320 5023 2474 5087 ἐντὸς
2507 5023 2875 5097 πληρώματος
2904 5026 3186 5094 εἰσελθεῖν,
3225 5028 3316 5082 καὶ
3353 5028 3662 5086 ἀπολαϐεῖν
3704 5035 3795 5087 τὸν

2190 5115 2422 5187 νυμφίον
2447 5116 2621 5186 αὐτῆς
2642 5116 2734 5169 τὸν
2758 5118 3009 5191 Σωτῆρα,
3037 5119 3130 5171 τὸν
3149 5121 3212 5174 ὲκ
3238 5121 3458 5174 πάντων
3492 5125 3791 5190 γεγονότα·

2192 5207 2279 5262 ἵνα
2309 5206 2539 5274 συζυγία
2565 5208 2788 5281 γένηται
2801 5209 2895 5263 τοῦ
2917 5211 3172 5283 Σωτῆρος
3199 5214 3292 5266 καὶ
3323 5211 3423 5282 τῆς
3446 5213 3660 5284 Σοφίας
3693 5217 3797 5288 τῆς

2204 5301 2479 5374 ’Λχαμώθ.
2504 5302 2616 5358 Καὶ
2634 5304 2794 5359 τοῦτο
2822 5302 2961 5360 εἶναι
2992 5307 3226 5379 νυμφίον
3247 5307 3343 5361 καὶ
3368 5306 3619 5382 νύμφην,
3652 5329 3801 5384 νυμ-

2194 5392 2348 5462 φῶνα
2378 5395 2525 5451 δὲτὸ
2573 5398 2683 5451 πᾶν
2729 5397 3024 5471 πλήρωμα.
3060 5402 3199 5467 Τοὺς
3243 5400 3301 5456 δὲ
3345 5404 3798 5474 πνευματικοὺς,

588 5542 605 5575 ¹
628 5538 788 5597 Rom.
815 5556 853 5609 ι,
876 5540 964 5597 59...
1040 5544 1062 5575 ¹
1094 5541 1232 5599 lren.
1269 5545 1597 5619 ἀδιαφόρως.
1677 5549 1698 5582 ³
1734 5567 1820 5618 γρ.
1861 5548 2090 5604 ἁπδ-κόσ

2194 5548 2323 5606 νῶν.
2406 5551 2588 5607 "lren.
2628 5554 2757 5623 ἡμῖν
2791 5554 2885 5620 οὓς
2910 5536 3044 5630 ψνχ.
