3956 6070
244 172 355 232 517

984 166 1356 224 ADVERSUS
1393 164 1730 225 HERESES
1766 168 1893 228 LIB.
1930 169 1971 227 1.
2015 168 2180 226 ΤΟΜ.
2222 165 2284 224 li.
2323 199 2393 208 —
2433 166 2705 227 HJERES.
2739 168 2927 225 XXXI.

244 284 698 357 ἀποδυσαμένους
739 284 840 348 τὰς
882 284 1061 355 ψυχὰς
1102 285 1197 338 καὶ
1236 287 1523 357 πνεύματα
1556 286 1717 358 νοερὰ
1746 303 1815 356 γει

1940 303 2046 357 que
2093 288 2229 342 adeo
2278 287 2453 342 sacris
2488 287 2542 340 in
2590 285 2810 340 Litteris
2857 300 3121 355 sponsum
3157 296 3219 341 ac
3258 299 3515 356 sponsam

241 377 528 449 νομένους,
569 375 895 447 ἀκρατήτως
928 375 1024 427 καὶ
1060 374 1307 445 ἀοράτως
1352 374 1503 438 ἐντὸς
1531 374 1830 447 πληρώμα-

240 466 727 532 τοςμείσελθόντας,
754 465 975 536 νύμφας
993 463 1428 536 ἀποδοθήσεσθαι
1448 468 1560 530 τοῖς
1590 468 1718 539 περὶ
1738 467 1830 521 τὸν

242 559 479 631 Σωτῆρα
505 557 779 627 ἀγγέλοις.
815 558 920 611 Τὸν
947 557 1005 612 δὲ
1037 557 1378 630 Δημιουργδν
1410 559 1707 630 μεταϐῆναι
1737 563 1831 614 καὶ

1931 377 2242 447 signiﬁcare
2266 420 2281 443 ,
2311 376 2723 445 thalamumque
2770 376 3008 445 pleroma
3055 377 3232 446 ipsum
3272 391 3418 432 esse.
3447 379 3517 433 At

1933 470 2212 539 Spiritales
2246 469 2496 523 homines
2520 506 2536 530 ,
2588 477 2878 537 postquam
2906 469 3118 524 animas
3147 467 3432 534 exuerint,
3461 477 3516 523 et

1934 560 2002 614 ad
2046 560 2338 628 spirituum
2366 597 2381 621 ,
2418 552 2792 628 purarumque
2833 560 3097 614 mentium
3142 558 3513 614 conditionem

1934 651 2237 718 evaserint,
2273 664 2336 703 ac
2372 650 2523 703 nullo
2571 650 2884 715 detinente,
2920 666 3023 706 nec
3062 651 3421 721 aspectabiles
3459 650 3516 704 in

1934 743 2173 811 pleroma
2204 742 2614 810 penetraverint
2658 740 2961 798 Salvatoris
2992 745 3282 799 comitibus
3305 744 3516 814 angelis

241 651 408 705 αὐτὸν
450 650 532 713 είς
563 649 656 702 τὸν
692 651 793 720 τῆς
833 649 1057 721 Μητρὸς
1096 650 1298 718 Σοφίας
1335 649 1519 715 τόπον,
1555 652 1832 705 τουτέστιν

240 742 301 795 ὲν
326 744 396 812 τῇ
430 741 711 813 μεσότητι.
756 740 869 804 Τάς
902 758 961 794 τε
987 741 1094 793 τῶν
1121 741 1346 795 δικαίων
1372 743 1552 814 ψυχὰς
1580 742 1830 796 ἀναπαύ-

242 832 436 887 σεσθαι
471 833 564 887 καὶ
595 831 768 896 αὐτὰς
806 833 867 887 ὲν
898 830 976 902 τῷ
1006 832 1107 903 τῆς
1138 834 1433 905 μεσότητος
1463 835 1632 905 τόπῳ’
1668 834 1815 906 μηδὲη

1935 833 2214 887 collocari.
2249 832 2405 896 Quod
2452 832 2518 886 ad
2559 832 2911 888 Conditorem
2953 844 3192 905 spectat,
3226 850 3351 890 eum
3384 849 3515 904 quo.

240 925 350 994 γὰρ
372 924 605 994 ψυχικὸν
625 923 776 987 ἐντὸς
805 923 1171 995 πληρώματος
1199 928 1414 997 χωρεῖν.

1937 939 2043 993 que
2075 921 2367 991 Sapientia:
2408 920 2600 977 Matris
2637 922 2693 977 in
2730 923 2908 976 locum
2945 937 3331 978 successurum
3355 960 3370 985 ,
3405 936 3515 974 me-

240 1020 497 1090 diamque
563 1020 838 1091 regionem
907 1028 1302 1089 occupaturum
1355 1020 1509 1091 191
1559 1021 1898 1077 existimant.
1936 1017 2252 1087 Eodemque
2294 1016 2416 1073 loco
2467 1016 2745 1087 justorum
2793 1016 3006 1071 animas
3061 1018 3175 1071 otio
3229 1031 3295 1071 ac
3332 1015 3516 1086 quiete

236 1115 513 1181 petituras
551 1130 694 1180 esse,
726 1114 874 1185 quod
907 1114 973 1168 ad
998 1115 1241 1184 pleroma
1265 1114 1400 1168 nihil
1449 1115 1683 1170 animale
1714 1112 2014 1184 perveniat.

306 1209 436 1263 ΚΒ.
468 1208 684 1262 Τούτων
706 1207 762 1261 δὲ
782 1209 1088 1280 γενομένων
1110 1206 1305 1273 οὕτως,
1336 1208 1398 1260 τὸ
1420 1208 1734 1278 ἐμφωλεῦον
1755 1208 1815 1280 et}

2004 1204 2166 1261 XXII.
2218 1205 2316 1261 His
2339 1203 2599 1276 peractis,
2651 1203 2833 1275 ignem
2876 1203 3053 1267 illum,
3083 1202 3177 1273 qui
3222 1201 3279 1256 in
3322 1197 3512 1256 mundi

240 1300 437 1371 κόσμῳ
466 1298 600 1370 πῦρ,
629 1297 916 1370 ὲκλάμψαν
939 1298 1032 1352 καὶ
1058 1298 1324 1368 ἐξαφθὲν,
1365 1299 1458 1352 καὶ¹
1490 1301 1815 1372 κατεργασά-

1932 1298 2161 1353 latebris
2209 1296 2512 1363 delitescit,
2554 1303 2879 1365 erupturum
2932 1308 2999 1348 ac
3045 1293 3512 1363 conﬂagraturum

240 1406 403 1460 μενον
438 1392 620 1444 πᾶσαν
653 1387 827 1465 ὖληνη
858 1387 1393 1460 συναναλωθήσεσθαι
1426 1391 1585 1462 αὐτῇ,
1620 1391 1716 1444 καὶ
1750 1392 1815 1455 είς

1925 1403 2068 1453 esse,
2098 1389 2274 1444 donec
2314 1387 2465 1444 omni
2498 1394 2823 1456 consumpta
2857 1385 3084 1440 materia
3107 1424 3123 1450 ,
3165 1400 3290 1439 cum
3319 1384 3510 1440 eadem

229 1481 293 1536 τὸ
318 1481 511 1554 μηκέτ’
536 1477 677 1536 εἶναι
697 1482 969 1554 χωρήσειν
996 1481 1335 1537 διδάσκουσι.
1363 1481 1467 1536 Τὸν
1484 1482 1540 1536 δὲ
1562 1484 1815 1555 Δημιουρ-

1924 1490 1977 1537 et
2008 1482 2126 1553 ipse
2156 1488 2541 1551 consumptus,
2575 1489 2738 1549 atque
2767 1479 2825 1532 in
2854 1478 3088 1533 nihilum
3118 1476 3377 1533 redactus
3400 1476 3513 1533 fue-

230 1574 331 1644 γδν
378 1574 544 1645 μηδὲν
585 1572 790 1627 τούτων
828 1573 1127 1641 ἐγνωκέναι
1160 1573 1549 1643 ἀποφαίνονται
1588 1574 1694 1646 πρὸ
1724 1575 1825 1645 τῆς

229 1665 325 1719 τοῦ
362 1664 616 1736 Σωτῆρος
645 1663 971 1736 παρουσίας.
1004 1665 1124 1719 Εἰσὶ
1160 1665 1215 1718 δὲ
1253 1667 1301 1719 οἱ
1332 1664 1581 1734 λέγοντες
1616 1664 1825 1736 προδα-

230 1755 423 1810 λέσθαι
451 1756 614 1810 αὐτὸν
645 1756 739 1808 καὶ
773 1755 1009 1826 Χριστὸν
1041 1756 1160 1811 υίὸν
1192 1756 1342 1820 ἴδιον,
1380 1754 1516 1811 ἀλλὰ
1547 1754 1681 1824 (καὶ)
1714 1754 1821 1824 ψυ-

232 1848 408 1920 χικόν.
450 1848 588 1919 Περὶ
621 1847 816 1901 τούτου
861 1847 951 1902 διὰ
991 1848 1099 1903 τῶν
1137 1849 1152 1879 ⁸
1193 1848 1486 1920 προφητῶν
1532 1847 1823 1918 λελαληκέ-

230 1957 343 1994 ναι·
370 1935 510 1994 εἶναι
542 1939 600 1993 δὲ
631 1940 821 1994 τοῦτον
852 1940 946 1995 τὸν
969 1940 1058 1995 διὰ
1086 1941 1310 2013 Μαρίας
1337 1938 1699 2006 διοδεύσαντα,
1730 1957 1824 1993 κα-

232 2031 412 2102 θάπερ
455 2031 601 2103 ὓδωρ
640 2030 729 2086 διὰ
770 2031 1006 2103 σωλῆνος
1036 2032 1228 2099 ὁδεύει,
1262 2032 1356 2086 καὶ
1385 2034 1464 2095 είς
1494 2030 1684 2084 τοῦτον
1727 2030 1821 2084 ἐπὶ

226 2124 322 2179 τοῦ
356 2124 734 2197 βαπτίσματος
761 2125 1041 2179 κατελθεῖν
1072 2126 1278 2179 ἐκεῖνον
1301 2124 1391 2178 τὸν
1422 2126 1530 2180 ἀπὸ
1565 2126 1658 2180 τοῦ
1685 2125 1822 2196 πλη-

230 2217 488 2291 ρώματος
534 2218 598 2270 ὲκ
644 2218 860 2271 πάντων
910 2216 1142 2287 Σωτῆρα
1184 2218 1240 2270 ὲν
1287 2217 1420 2270 είδει
1468 2220 1815 2290 περιστερᾶς.

228 2307 517 2376 Γεγονέναι
542 2307 599 2360 δὲ
623 2307 682 2360 ὲν
708 2305 856 2377 αὐτῷ
876 2307 971 2359 καὶ
989 2306 1051 2359 τὸ
1075 2305 1206 2360 αὐτὸ
1234 2307 1333 2378 τῆς
1367 2306 1623 2378 Ἀχαμὼθ
1652 2308 1820 2379 σπέρ-

232 2414 313 2470 μα
344 2397 739 2469 πνευματικόν.
774 2397 876 2451 Τδν
901 2392 995 2451 οὖν
1029 2397 1233 2469 Κύριον
1263 2396 1417 2468 ἡμῶν
1444 2399 1508 2451 ὲκ
1536 2398 1818 2468 τεσσάρων

230 2488 438 2543 τούτων
478 2487 730 2542 σύνθετον
772 2487 1057 2558 γεγονέναι
1093 2487 1414 2557 φάσκουσιν,
1460 2486 1817 2553 ἀποσώζοντα

228 2582 321 2638 τδν
348 2585 414 2637 τύ
425 2579 640 2653 πον’τῆς
672 2583 970 2657 ἀρχεγόνου
1006 2582 1100 2637 καὶ
1130 2582 1363 2655 πρώτηςε
1381 2584 1728 2656 τετρακτύος,
1752 2584 1817 2639 ἔκ

226 2691 289 2728 τε
317 2674 415 2729 τοῦ
447 2673 840 2745 πνευματικοῦ,
872 2674 901 2727 ὃ
938 2670 1005 2745 ἦν
1047 2675 1156 2727 ἀπὸ
1181 2675 1280 2745 τῆς
1316 2674 1592 2747 Ἀχαμὼθ,
1633 2676 1729 2731 καὶ
1751 2677 1816 2730 ἐκ

225 2766 323 2820 τοῦ
357 2765 613 2836 ψυχικοῦ,
645 2765 674 2818 ὃ
708 2761 776 2836 ἦν
816 2764 924 2818 ἀπὸ
951 2764 1046 2817 τοῦ
1078 2767 1445 2836 Δημιουργοῦ,
1496 2768 1590 2820 καὶ
1625 2769 1689 2821 ὲκ
1717 2768 1815 2839 τῆς

226 2857 563 2928 οἰκονομίας,
588 2857 617 2910 ὃ
636 2852 705 2928 ἦν
728 2857 1233 2927 κατεσκευασμένον
1255 2857 1480 2929 ἀρρήτῳ
1507 2858 1691 2931 τέχνῃ,
1719 2859 1814 2913 καὶ

1927 1566 2017 1622 rit.
2060 1566 2308 1634 Quorum
2360 1568 2604 1624 omnium
2641 1568 2778 1623 nihil
2811 1575 2937 1623 ante
2982 1566 3283 1623 Salvatoris
3310 1566 3508 1623 adven-

1928 1662 2043 1709 tum
2071 1656 2356 1712 Conditori
2387 1656 2559 1712 fuisse
2584 1659 2882 1728 cognitum.
2917 1656 3026 1712 Nec
3054 1656 3277 1721 desunt,
3306 1657 3510 1727 quibus

1933 1749 2168 1819 placeat,
2205 1750 2370 1803 etiam
2399 1748 2469 1803 ab
2502 1748 2597 1803 illo
2624 1749 2957 1819 peculiarem
2991 1747 3159 1801 lilium
3202 1747 3506 1810 Christum,

1924 1838 2021 1895 sed
2058 1840 2347 1894 animalem
2372 1881 2387 1906 ,
2440 1839 2799 1911 productum,
2828 1839 2896 1893 de
2929 1852 3039 1909 quo
3082 1852 3179 1907 per
3209 1837 3507 1908 prophetas

1923 1931 2143 1987 locutus
2171 1931 2262 1987 sit.
2291 1930 2449 1986 Hunc
2481 1931 2635 1986 illum
2662 1945 2784 1986 esse
2820 1929 2916 2001 qui
2955 1931 3035 1985 sic
3075 1936 3335 1999 tanquam
3363 1943 3508 2001 aqua

1922 2038 2019 2094 per
2045 2023 2280 2090 ﬁstulas,
2312 2023 2389 2078 ita
2431 2039 2532 2094 per
2566 2022 2791 2078 Mariam
2836 2022 3146 2089 transierit;
3185 2023 3245 2076 in
3273 2036 3509 2091 eumque

1921 2123 2132 2186 postea,
2156 2131 2282 2171 cum
2315 2116 2707 2186 baptizaretur,
2739 2115 2844 2172 sub
2863 2116 3130 2171 columbae
3152 2114 3508 2172 descendisse

1923 2209 2108 2279 specie
2138 2210 2371 2263 alterum
2411 2209 2563 2263 illum
2603 2205 3011 2277 depleromate
3062 2205 3399 2262 Salvatorem
3436 2221 3504 2262 ex
3583 2256 3587 2260 .

1921 2297 2178 2353 omnibus
2200 2296 2531 2353 conﬂatum:
2556 2298 2667 2353 imo
2682 2296 2845 2352 etiam
2872 2303 2927 2350 et
2945 2295 3118 2350 eidem
3146 2295 3506 2351 Aehamothis

1918 2387 2170 2459 spiritale
2206 2404 2396 2445 semen
2438 2387 2666 2444 insitum
2714 2387 2907 2443 fuisse.
2951 2385 3108 2441 Unde
3152 2393 3393 2455 quatuor
3432 2400 3501 2441 ex

1919 2478 2029 2534 illis
2056 2479 2423 2549 compositum
2453 2495 2577 2535 esse
2603 2478 2892 2533 Dominum
2926 2485 3265 2542 asseverant,
3295 2485 3356 2531 ut
3386 2477 3504 2548 pri-

1918 2568 2108 2624 mariae
2142 2560 2293 2624 illius
2332 2585 2397 2625 ac
2427 2569 2762 2641 primigeniae
2799 2568 3052 2624 Tetradis
3083 2568 3501 2623 similitudinem

1917 2658 2250 2727 exprimeret
2287 2676 2303 2714 :
2342 2658 2602 2714 nimirum
2635 2674 2666 2712 e
2709 2658 2976 2730 spiritali,
3025 2657 3171 2727 quod
3216 2658 3285 2713 ab
3323 2658 3505 2713 Acha-

1916 2748 2101 2805 mothe
2139 2748 2447 2806 derivatum
2476 2757 2594 2818 est,
2635 2765 2701 2806 ex
2736 2750 2980 2815 animali,
3018 2750 3163 2820 quod
3226 2765 3258 2804 a
3301 2750 3504 2819 Condi-

1917 2848 2072 2908 tore,
2107 2856 2175 2897 ex
2221 2842 2601 2898 incarnatione
2622 2881 2637 2907 ,
2671 2842 2818 2912 quod
2850 2841 3221 2912 inexplicabili
3256 2840 3499 2911 quodam

227 2952 292 3003 ὲκ
311 2948 410 3002 τοῦ
431 2949 701 3021 Σωτῆρος,
723 2948 753 3000 δ
772 2944 840 3019 ἦν
856 2948 1194 3002 κατελθοῦσα
1212 2950 1290 3012 είς
1310 2947 1474 3001 αὑτὸν
1491 2950 1809 3021 περιστερά.

1919 2938 2000 2988 est
2023 2933 2256 2990 artiﬁcio
2289 2940 2607 2990 contextum
2633 2947 2647 2984 :
2675 2947 2740 2988 ac
2764 2933 2981 2988 demum
3010 2931 3361 2998 eSalvatore,
3397 2933 3498 2989 hoc

227 3042 339 3096 Kal.
372 3040 531 3094 τοῦτο
554 3041 575 3071 ⁸
626 3040 724 3110 μὲν
762 3039 945 3111 ἀπαθῆ
992 3039 1465 3114 διαμεμενηκέναι·
1500 3041 1563 3093 οὐ
1594 3040 1703 3112 γὰρ
1731 3042 1815 3094 ὲν-

232 3132 450 3203 εόἐχετο
479 3130 674 3185 παθεῖν
714 3131 880 3186 αὐτὸν
921 3133 1231 3204 ἀκρὰτητον
1260 3134 1353 3185 καὶ
1379 3132 1610 3203 ἀόρατον
1642 3134 1816 3206 ὑπάρ-

225 3242 413 3295 χοντα.
436 3225 549 3278 Καὶ
577 3223 669 3277 διὰ
693 3223 853 3277 τοῦτο
884 3217 1053 3295 ἦρθαι
1092 3225 1505 3295 προσαγομένου
1539 3224 1704 3279 αὑτοῦ
1737 3224 1815 3297 τῷ

226 3315 470 3385 Πιλάτῳ,
501 3313 563 3368 τὸ
605 3316 692 3377 είς
737 3314 901 3368 αὐτὸν
948 3313 1242 3366 κατατεθὲν
1280 3313 1505 3385 Πνεῦμα
1547 3313 1808 3385 Χριστοῦ.

238 3403 382 3457 Ἀλλ’
407 3404 530 3457 οὐδὲ
560 3402 623 3457 τὸ
654 3402 763 3458 ἀπὸ
798 3404 901 3472 τῆς
948 3402 1170 3473 Μητρὸς
1220 3402 1442 3474 σπέρμα
1489 3403 1815 3458 πεπονθέναι

224 3495 496 3565 λέγουσιν·
533 3494 745 3558 ἀπαθὲς
776 3494 887 3567 γὰρ
918 3495 1014 3549 καὶ
1045 3493 1177 3546 αὐτὸ
1206 3493 1268 3546 τὺ
1293 3495 1683 3565 πνευματικὸν,
1718 3496 1814 3550 καὶ

226 3587 380 3658 αὐτῷ
410 3586 489 3658 τῷ
530 3585 881 3658 Δημιουργῷ.
914 3584 1124 3638 Ἐπαθε
1159 3584 1217 3637 δὲ
1254 3584 1438 3639 λοιπὸν
1469 3588 1588 3640 κατ’
1618 3588 1815 3652 αὐτοὺς

223 3682 255 3735 ό
292 3679 525 3750 ψυχικὸς
564 3678 815 3751 Χριστὸς,
844 3676 939 3732 καὶ
983 3677 1014 3729 ὀ
1057 3676 1122 3729 ὲκ
1158 3675 1259 3747 τῆς
1323 3676 1638 3748 οἰκονομίας
1679 3694 1811 3731 κατ-

223 3770 631 3840 εσκευασμένος
683 3767 1092 3840 μυστηριωδῶς,
1148 3768 1214 3821 ἶν’
1250 3768 1490 3839 ἐπιδείξῃ
1538 3768 1701 3822 αὐτοῦ
1729 3769 1749 3800 ³
1774 3771 1808 3840 ή

224 3862 431 3933 Μήτηρ
450 3861 542 3916 τὸν
575 3859 743 3914 τύπον
764 3859 858 3913 τοῦ
891 3858 1004 3912 ἄνω
1049 3857 1310 3930 Χριστοῦ,
1350 3860 1560 3911 ἐκείνου
1585 3857 1679 3911 τοῦ
1710 3860 1811 3911 ὲπ-

226 3950 559 4013 εκταθέντος
581 3949 659 4021 τῷ
690 3949 938 4021 Σταυρῷ,
973 3948 1067 4003 καὶ
1100 3946 1488 4020 μορφώσαντος
1514 3950 1613 4020 τὴν
1647 3950 1810 4020 Ἀχα-

229 4039 350 4112 μὼθ
390 4040 673 4111 μόρφωσιν
711 4039 811 4110 τὴν
854 4041 976 4094 κατ’
1021 4039 1232 4093 οὐσίαν⁶
1277 4041 1459 4094 πάντα
1498 4040 1606 4112 γὰρ
1638 4040 1812 4094 ταῦτα

223 4129 433 4194 τύπους
469 4128 692 4183 ἐκείνων
731 4125 870 4183 εἶναι
904 4128 1141 4197 λέγουσι.
1184 4128 1295 4194 Τὰς
1333 4129 1392 4184 δὲ
1428 4131 1725 4202 ἐσχηκυίας
1751 4131 1812 4186 τὸ

225 4224 452 4296 σπέρμα
486 4224 586 4295 τῆς
625 4223 879 4295 Ἀχαμὼθ
904 4223 1084 4294 ψυχὰς
1115 4224 1372 4295 ἀμείνους
1405 4226 1621 4296 λέγουσι
1652 4244 1811 4298 γεγο-

1914 3032 1999 3079 est
2029 3024 2282 3079 columba
2309 3024 2404 3079 illa
2434 3022 2502 3078 de
2529 3023 2667 3079 ccelo
2705 3023 2953 3094 delapsa.
2985 3023 3164 3095 Atque
3193 3025 3342 3080 hunc
3377 3026 3497 3096 qui-

1914 3110 2035 3175 dem
2068 3111 2349 3182 patibilem
2374 3126 2654 3181 nunquam
2687 3112 2880 3180 fuisse,
2912 3115 3171 3184 quoniam
3199 3116 3307 3185 pati
3331 3117 3503 3171 omni-

1913 3217 1986 3257 no
2016 3212 2282 3272 nequeat,
2332 3202 2477 3273 quod
2536 3217 2714 3272 neque
2764 3204 3074 3268 contineri,
3117 3220 3297 3275 neque
3327 3206 3502 3263 oculis

1915 3296 2175 3365 usurpari
2212 3295 2408 3365 possit.
2452 3293 2801 3365 Proindeque
2840 3311 2966 3350 cum
3007 3295 3075 3349 ad
3108 3295 3341 3351 Pilatum
3375 3314 3500 3368 per-

1914 3388 2114 3443 ductus
2135 3395 2242 3454 est,
2265 3387 2566 3443 demissum
2598 3388 2655 3442 in
2686 3402 2809 3443 eum
2845 3387 3050 3444 Chriin
3088 3385 3356 3458 Spiritum
3380 3405 3501 3446 evo-

1913 3479 2078 3536 lasse.
2122 3479 2231 3535 Sed
2266 3494 2442 3548 neque
2468 3489 2779 3536 maternum
2808 3481 2942 3535 illud
2981 3496 3169 3538 semen
3193 3480 3497 3553 quidquam

1913 3585 2037 3626 esse
2077 3585 2399 3641 perpessum
2444 3572 2637 3641 :quod
2689 3571 2866 3628 nihilo
2899 3573 3077 3645 magis
3120 3574 3347 3645 patibile
3393 3576 3497 3642 sit,

1913 3667 2103 3731 utpote
2127 3662 2393 3731 spiritale,
2417 3678 2519 3717 nec
2541 3664 2626 3717 vel
2655 3664 2757 3734 ipsi
2789 3664 3073 3722 Conditori
3096 3666 3316 3738 quidem
3347 3682 3498 3739 aspe-

1913 3750 2136 3805 ctabile.
2164 3751 2363 3825 [Restat
2392 3753 2559 3823 igitur
2593 3761 2652 3808 ut
2684 3755 2902 3810 illorum
2935 3758 3198 3826 opinione
3246 3760 3497 3817 animalis

1912 3839 2004 3895 ille
2025 3839 2281 3898 Christus
2310 3843 2380 3899 sit
2413 3858 2633 3913 passus,
2676 3845 2978 3914 itidemque
3027 3854 3082 3901 et
3116 3848 3254 3903 alter
3294 3853 3389 3919 qui
3424 3865 3492 3906 ex

1911 3932 2290 3990 incarnatione
2320 3935 2587 3999 conﬂatus
2637 3947 2743 3991 εει.
2775 3935 2934 4002 Quod
2969 3952 3081 3992 non
3117 3939 3239 3995 sine
3282 3949 3492 4011 mystee

1910 4025 1996 4078 rio
2027 4022 2334 4095 perfectum
2364 4032 2471 4091 est,
2504 4034 2565 4081 ut
2597 4027 2801 4082 summi
2826 4027 2973 4083 illius
2999 4028 3205 4085 Christi
3238 4045 3334 4100 per
3360 4045 3485 4085 eum

1910 4116 2087 4170 Mater
2119 4116 2407 4187 imaginem
2439 4117 2742 4182 exhiberet,
2783 4119 2874 4190 qui
2911 4119 2968 4173 in
2998 4119 3493 4184 Crucedistentu:

1909 4207 2304 4265 AchamOthem
2359 4211 2684 4267 substantiae
2717 4211 3107 4268 informatione
3141 4214 3431 4284 perpolivit
3471 4231 3490 4270 :

221 4318 378 4372 νέναι
403 4318 514 4370 τῶν
540 4315 766 4369 λοιπῶνο
790 4316 871 4369 διὸ
891 4317 991 4370 καὶ
1017 4315 1202 4371 πλεῖον
1232 4316 1342 4370 τῶν
1373 4317 1551 4372 ἄλλων
1589 4319 1810 4390 ὴγαπῆ-

1919 4300 2027 4355 haec
2054 4300 2200 4355 enim
2230 4301 2412 4355 omnia
2446 4303 2791 4371 superiorum
2822 4301 3041 4357 illorum
3080 4303 3310 4374 figuram
3358 4320 3486 4361 con-

222 4407 358 4463 σθαι
397 4405 503 4461 ὑπὸ
534 4405 630 4460 τοῦ
672 4404 1039 4477 Δημιουργοῦ,
1095 4406 1169 4478 μὴ
1215 4408 1414 4472 εἰδότος
1458 4408 1558 4481 τὴν
1604 4410 1804 4477 αἰτίαν,

220 4499 363 4556 ἀλλὰ
383 4499 515 4571 παρ’
539 4496 707 4553 αὐτοῦ
733 4497 1089 4568 λογιζομένου
1118 4494 1257 4552 εἶναι
1283 4498 1559 4563 τοιαύτας.

1915 4393 2109 4448 tinere.
2153 4391 2286 4457 Quae
2339 4407 2465 4447 vero
2512 4392 2707 4446 animae
2737 4392 3097 4449 Achamothis
3133 4396 3341 4452 semine
3380 4398 3494 4454 sint
3520 4397 3533 4403 ’

1911 4498 2180 4563 aspersa),
2228 4499 2324 4538 eas
2355 4484 2569 4539 caeteris
2622 4500 2745 4540 esse
2784 4487 3057 4554 meliores,
3087 4496 3251 4559 atque
3280 4490 3493 4563 impen-

1818 4635 1823 4639 ς
1906 4560 2030 4635 ,εἴυε
2059 4589 2090 4627 a
2120 4574 2420 4629 Conditore
2448 4575 2601 4645 diligi
2627 4591 2641 4628 :
2666 4577 2761 4648 qui
2784 4577 2906 4647 ejus
2944 4587 3126 4634 tamen
3158 4580 3233 4636 rei
3263 4560 3490 4638 causam

291 4763 387 4818 Διὸ
416 4761 514 4816 καὶ
544 4763 626 4825 εἰς
655 4763 961 4833 προφήτας,
991 4761 1176 4832 φασὶν,
1212 4759 1438 4814 ἔτασσεν
1463 4759 1681 4825 αὐτοὺς,
1715 4761 1808 4814 καὶ

225 4857 413 4931 ἱερεῖς,
446 4853 544 4908 καὶ
578 4853 835 4924 βασιλεῖς⁸
875 4855 969 4908 καὶ
996 4854 1168 4908 πολλὰ
1199 4853 1343 4909 ὑπὸ⁸
1371 4852 1464 4907 τοῦ
1495 4853 1809 4924 σπέρματος

217 4948 410 5003 τούτου
456 4944 715 5018 εἰρῆσθαι
748 4944 838 5002 διὰ
862 4945 972 4999 τῶν
1002 4944 1295 5016 προφητῶν
1326 4943 1669 5015 ἐξηγοῦνται,
1710 4944 1805 4999 ἁτε

218 5037 565 5109 ὑψηλοτέρας
593 5035 807 5105 φύσεως
842 5035 1196 5108 ὑπαρχούσας
1217 5036 1261 5091 ⁸.
1298 5034 1474 5087 Πολλὰ
1505 5032 1562 5086 δὲ
1592 5033 1686 5086 καὶ
1711 5031 1808 5104 τὴν

214 5129 447 5203 Μητέρα
475 5128 609 5200 περὶ
636 5127 747 5182 τῶν
768 5127 1023 5200 ἀνωτέρω
1054 5126 1337 5199 εἰρηκέναι
1366 5126 1636 5195 λέγουσιν,
1668 5125 1808 5180 ἀλλὰ

217 5222 308 5274 καὶ
332 5221 422 5275 διὰ
444 5220 644 5274 τούτου
662 5219 756 5273 καὶ
780 5220 886 5272 τῶν
916 5218 1022 5273 ὑπὸ
1045 5219 1231 5273 τούτου
1260 5217 1563 5289 γενομένων
1595 5215 1803 5287 ψυχῶν.

217 5313 325 5366 Καὶ
354 5311 547 5366 λοιπὸν
579 5309 840 5380 τέμνουσι
869 5311 966 5374 τὰς
993 5308 1350 5381 προφητείας,
1385 5308 1445 5362 τὸ
1478 5307 1576 5379 μέν
1603 5325 1656 5360 τι
1691 5307 1799 5361 ἀπὸ

215 5401 313 5473 τῆς
340 5401 574 5474 Μητρὸς
600 5398 848 5471 εἰρῆσθαι
875 5399 1139 5466 θέλοντες,
1161 5398 1221 5453 τὸ
1238 5398 1294 5453 δέ
1313 5416 1363 5452 τι
1385 5398 1492 5452 ἀπὸ
1515 5396 1606 5451 τοῦ
1631 5398 1798 5469 σιτ-ἐρ⁸

1910 4680 2021 4720 non
2052 4665 2366 4735 intelligens
2412 4682 2480 4722 ex
2529 4683 2652 4724 sese
2680 4669 2802 4724 illas
2834 4670 3102 4739 ejusmodi
3132 4686 3257 4727 esse
3304 4680 3482 4742 putet.

1984 4756 2353 4822 Quamobrem
2373 4759 2668 4829 prophetas
2679 4777 2743 4817 ex
2765 4762 2851 4826 iis,
2871 4762 2954 4818 vel
2974 4763 3310 4830 sacerdotes,
3328 4764 3488 4836 192

1911 4848 1997 4904 vel
2027 4865 2181 4920 reges
2219 4851 2500 4916 instituit;
2545 4867 2610 4905 ac
2657 4855 2918 4925 pleraque
2963 4870 2996 4909 a
3043 4856 3323 4925 prophetis
3362 4872 3490 4927 pro-

1913 4943 2163 4998 nuntiata
2192 4943 2259 4998 de
2293 4943 2401 4998 isto
2440 4943 2649 4997 semine
2679 4944 3135 5014 interpretantur,
3167 4946 3327 5015 quasi
3368 4946 3491 5001 illo-

1916 5048 2040 5088 rum
2090 5034 2285 5088 animae
2319 5042 2532 5088 natura:
2561 5034 2844 5103 cujusdam
2887 5034 3230 5091 sublimioris
3263 5036 3490 5091 exstite.

1912 5126 2043 5179 rint.
2080 5124 2412 5191 Quinetiam
2469 5126 2538 5182 de
2583 5125 2898 5182 coelestibus
2944 5125 3113 5180 multa
3175 5125 3490 5196 disputasse

1915 5216 2160 5282 Matrem,
2189 5217 2364 5288 deque
2396 5218 2595 5274 animis
2623 5232 2762 5289 quos
2790 5219 2873 5272 vel
2907 5218 3018 5283 ille,
3046 5218 3131 5275 vel
3165 5219 3261 5290 qui
3285 5219 3354 5275 ab
3393 5220 3487 5278 illo

1904 5308 2124 5366 oriundi
2162 5318 2292 5365 sunt
2344 5311 2741 5382 produxerunt.
2791 5310 2943 5367 Unde
2988 5320 3042 5368 et
3098 5313 3486 5384 prophetarum

1906 5398 2162 5453 vaticinia
2205 5400 2282 5454 ita
2324 5401 2669 5471 partiuntur,
2706 5400 2955 5471 quaedam
2994 5409 3051 5458 ut
3092 5402 3252 5461 elIata
3300 5401 3482 5459 Matii:

279 5558 300 5591 ⁸
328 5555 394 5612 F.
430 5554 636 5611 τούτου
665 5551 742 5607 δέ.
817 5555 836 5586 ¹
870 5548 1163 5613 Ero-310v.
1237 5556 1257 5587 ³
1283 5552 1420 5609 lren.
1445 5551 1512 5604 δι’
1546 5544 1729 5605 αὐτοῦ.
1810 5550 1815 5574 ¹

1919 5564 1992 5608 or.
2023 5551 2184 5625 ὑπέρ.
2260 5552 2281 5585 ⁸
2303 5552 2445 5611 lren.
2479 5553 2835 5624 ὑπάρχοντος.
