3956 6070
423 157 531 218 ειν

1801 152 1862 209 S.
1903 151 2251 209 FPII‘HAMI

3582 150 3691 209 59.0

423 290 548 332 esse
579 273 776 338 velint,
817 273 922 329 alia
958 273 1028 330 ab
1062 273 1309 339 semine,
1349 272 1454 329 alia
1490 287 1519 327 a
1557 271 1856 329 Conditore
1886 286 2010 344 pro-

2128 293 2304 342 ιατος,
2331 277 2393 332 τὸ
2423 277 2481 331 δέ
2517 294 2573 331 τι
2603 274 2713 332 ἀπὸ
2744 273 2839 330 τοῦ
2875 272 3240 347 Δημιουργσῦ.
3286 270 3447 326 Ἀ)λά
3471 271 3570 326 καὶ
3596 272 3691 326 τδν

428 370 592 426 tecta.
629 363 810 439 Ipsum
845 368 1007 423 etiam
1039 365 1226 422 .Iesum
1261 367 1455 436 partim
1496 379 1529 419 a
1575 365 1856 425 Salvatore
1898 374 2011 419 tra-

427 459 562 521 dita.
588 460 787 518 partim
829 473 857 510 a
887 455 1096 521 Matre;
1139 457 1337 527 partim
1369 456 1606 526 denique
1647 471 1677 509 a
1717 455 2011 510 Conditore

429 552 656 613 dixisse,
693 550 744 604 id
775 549 922 619 quod
958 549 1016 601 in
1059 547 1414 619 sequentibus
1451 546 1825 603 ostendemus.
1865 548 2012 602 Con-

430 645 662 700 ditorem
692 658 818 697 vero
859 657 1049 698 eorum
1081 656 1204 713 qua:
1234 655 1400 712 supra
1432 656 1491 696 se
1523 653 1678 697 erant
1725 642 2007 712 ignarum,

432 739 499 792 iis
525 751 657 793 sane
696 750 816 805 quae
842 735 1389 791 commemoravimus
1430 733 1970 789 fuisse‘commotum
1992 775 2007 799 ,

432 828 526 884 sed
555 827 744 883 eadem
772 827 1172 897 contempsisse
1199 827 1576 895 nihilominus,
1603 836 1656 884 et
1678 829 1816 885 alias
1846 830 2007 884 aliam

431 935 554 976 esse
582 933 806 974 causam
828 958 844 983 ,
889 918 1234 975 existimasse
1254 957 1269 983 ,
1318 919 1436 975 sive
1468 920 1790 990 prophetico
1824 921 2007 976 aﬂlatn

432 1011 719 1083 praeditum
760 1011 1054 1081 Spiritum,
1107 1009 1255 1081 quod
1306 1013 1528 1084 proprio
1568 1014 1805 1082 quodam
1855 1026 2008 1069 motu

360 1170 377 1183 κ
433 1107 643 1172 cietur;
686 1105 801 1159 sive
831 1104 1130 1167 hominem,
1176 1103 1291 1159 sive
1328 1104 1658 1160 deteriorum
1687 1107 2013 1177 complexio-

435 1213 581 1254 nem.
616 1197 675 1252 In
707 1211 882 1267 eaque
911 1196 1097 1251 tandiu
1126 1197 1468 1269 ignoratione
1499 1208 1794 1263 versatum,
1829 1199 2009 1270 quoad

437 1290 701 1346 Dominus
734 1289 1033 1345 advenerit.
1061 1288 1238 1344 Simul
1268 1290 1413 1345 enim
1446 1306 1511 1345 ac
1539 1289 1790 1346 Salvator
1816 1308 2009 1349 acces-

437 1384 530 1444 sit,
564 1380 632 1435 ab
647 1395 712 1435 eo
742 1386 940 1433 cuneta
968 1377 1229 1435 didicisse
1262 1386 1475 1450 putant,
1510 1388 1563 1435 et
1592 1381 1657 1435 ad
1687 1396 1809 1436 eum
1838 1382 2013 1436 liben-

438 1484 522 1527 ter
553 1486 677 1526 cum
715 1472 971 1527 omnibus
1008 1474 1125 1528 suis
1151 1473 1324 1543 copiis
1355 1475 1649 1539 transisse;
1681 1487 1916 1541 eumque
1947 1473 2013 1527 il—

438 1564 548 1617 lum
575 1578 699 1620 esse
724 1563 1097 1618 centurionem
1118 1602 1135 1629 ,
1166 1564 1258 1633 qui
1291 1564 1347 1617 in
1394 1562 1687 1634 Evangelio
1716 1563 1788 1617 ita
1823 1564 2014 1618 Salva-

2122 368 2330 439 Ἱησοῦν
2357 369 2640 433 ὡσαύτως,
2672 368 2735 421 τὸ
2768 367 2868 439 μέν
2904 384 2956 420 τι
2988 365 3098 420 ἀπὸ
3123 363 3219 419 τοῦ
3251 366 3505 435 Σωτῆρος
3539 364 3690 435 εἰρηο

2108 458 2284 523 κέναι,
2326 460 2388 513 τὸ
2431 459 2488 513 δέ
2518 477 2570 512 τι
2612 459 2720 513 ἀπδ
2758 458 2859 529 τῆς
2901 457 3144 530 Μητρὸς,
3191 456 3254 509 τὸ
3280 454 3420 508 δέτι
3455 455 3567 508 ἀπὸ
3596 455 3693 509 τοῦ

2107 550 2475 622 Δημιουργοῦ,
2517 548 2701 614 καθὼς
2731 549 3071 620 ἐπιδείξομεν
3109 549 3392 621 προϊόντος
3431 548 3566 618 ἡμῖν
3598 545 3692 600 τοῦ

2106 639 2290 711 λόγου.
2340 642 2445 695 Τὸν
2485 642 2543 696 δὲ
2591 641 2952 714 Δημιουργδν,
2996 640 3093 695 ἅτε
3123 637 3421 709 ἀγνοοῦντα
3450 639 3520 692 τὰ
3553 638 3693 711 ὑπὲρ

2107 735 2290 801 αὐτὸν,
2334 733 2601 789 κινεῖσθαι
2651 734 2751 806 μὲν
2793 734 2887 788 ἐπὶ
2929 736 3042 797 τοῖς
3072 730 3406 803 λεγομένοις,
3452 746 3696 784 καταπε-

2108 827 2436 900 φρονηκέναι
2458 826 2516 880 δὲ
2540 825 2720 880 αὐτῶν
2752 824 2940 881 ἄλλοτε
2968 824 3133 896 ἀλλην
3166 823 3346 878 αἰτίαν
3369 822 3695 893 νομίσαντα,

2107 919 2141 991 ἢ
2176 919 2236 972 τὸ
2268 917 2495 990 Πνεῦμα
2540 918 2603 972 τὸ
2653 916 2999 990 προφητεῦον
3048 915 3194 985 ἔχον,
3236 914 3331 968 καλ⁵
3375 912 3511 967 αὐτὸ
3560 912 3696 966 ἰδίαν

2106 1012 2230 1065 τινὰ
2258 1011 2494 1082 κίνησιν,
2523 1011 2557 1082 ἢ
2590 1010 2680 1064 τὸν
2706 1010 3012 1080 ἄνθρωπον,
3041 1009 3075 1081 ἢ
3098 1008 3196 1080 τὴν
3219 1006 3570 1079 προσπλοκὴν
3587 1006 3697 1060 τῶν

2108 1103 2308 1177 χειρῶν
2331 1104 2372 1160 ¹.
2418 1104 2528 1158 Καὶ
2566 1103 2740 1167 οὓτως
2771 1101 3072 1172 ἀγνοοῦντα
3102 1098 3532 1153 διατετελεκέναι
3567 1099 3698 1169 ἄχρι

2109 1193 2208 1264 τῆς
2228 1192 2530 1265 παρουσίας
2550 1191 2643 1246 τοῦ
2670 1192 2899 1264 Κυρίου,
2938 1190 3214 1254 Ἐλθόντος
3242 1188 3298 1242 δὲ
3322 1187 3415 1242 τοῦ
3441 1188 3698 1259 Σωτῆρος

2114 1283 2308 1356 μαθεῖν
2339 1283 2502 1338 αὐτὸν
2532 1284 2662 1356 παρ’
2700 1283 2868 1338 αὑτοῦ
2910 1284 3087 1337 πάντα
3114 1281 3354 1350 λέγουσι,
3395 1280 3488 1335 καὶ
3527 1280 3701 1351 ἀσμεο

2111 1393 2201 1430 νον
2233 1375 2382 1447 αύτῷ
2414 1376 2884 1448 προσχωρήσαντα
2913 1372 3052 1446 μετὰ
3083 1372 3265 1444 πάσης
3291 1372 3391 1444 τῆς
3415 1370 3700 1442 δυνάμεως

2111 1466 2302 1531 αὐτοῦ,
2330 1467 2425 1521 καὶ
2452 1467 2614 1521 αὐτὸν
2642 1463 2785 1521 εἶναι
2814 1468 2909 1521 τὸν
2937 1468 2995 1521 ὲν
3023 1466 3103 1538 τῷ
3129 1463 3447 1535 Εύαγγελίῳ
3475 1462 3701 1517 ἑκατόν-

2116 1575 2337 1630 ταρχον,
2380 1558 2607 1629 λέγοντα
2648 1560 2727 1631 τῷ
2768 1560 3003 1632 Σωτῆρι·
3041 1560 3154 1613 Καὶ
3189 1556 3300 1631 γὰρ
3332 1556 3445 1627 ἐγὼ
3466 1557 3575 1610 ὑπὸ
3600 1556 3702 1628 τὴν

435 1659 609 1709 torem
660 1653 957 1723 alloquitur
1002 1671 1015 1707 :
1044 1651 1179 1708 Nam
1211 1660 1265 1708 et
1289 1652 1462 1723 egoin
1487 1633 1603 1707 mea
1622 1660 1889 1722 potestate
1921 1654 2017 1707 lia-

2128 1650 2359 1722 ἐμαυτοῦ
2387 1650 2633 1718 ἐξουσίαν
2663 1639 2772 1722 ἔχω
2800 1649 3139 1723 στρατιώτας
3167 1651 3263 1703 καὶ
3285 1649 3528 1713 δούλους,
3557 1649 3656 1702 καὶ
3674 1648 3705 1701 ὃ

436 1743 541 1799 beo
567 1742 803 1809 milites,
844 1749 898 1796 et
940 1758 1151 1809 servos,
1184 1752 1238 1798 et
1279 1743 1648 1814 quodcunque
1677 1745 2016 1815 imperavero

439 1834 783 1905 perliciunt‘.
814 1835 1034 1890 Addunt
1082 1835 1272 1890 mundi
1318 1835 1470 1890 illum
1520 1837 2016 1907 procurationi'ad

440 1926 694 1983 idoneum
721 1942 895 1997 usque
930 1934 1145 1996 tempus
1191 1926 1571 1997 praefuturum,
1616 1929 1917 1998 praesertim
1945 1930 2018 1985 ob

442 2016 703 2072 Ecclesiae
739 2016 1298 2083 administrationem,
1329 2018 1558 2088 ejusque
1596 2021 1803 2090 prmmii
1830 2024 2018 2093 cogni-

439 2109 678 2173 tionem,
722 2109 868 2180 quod
916 2110 1094 2165 eidem
1137 2119 1222 2166 est
1246 2117 1628 2179 constitutum,
1663 2111 1925 2168 nimirum
1959 2121 2018 2169 ut

439 2200 509 2255 ad
548 2201 735 2256 Matris
760 2201 945 2256 sedem
979 2202 1261 2257 evehatur.

509 2288 698 2345 XXIII.
744 2289 1034 2347 Ilominum
1074 2308 1238 2364 porro
1284 2295 1388 2349 tria
1442 2312 1643 2367 genera
1676 2305 2015 2369 statuuntur,

439 2380 698 2451 spiritale,
737 2388 1041 2448 terrenum,
1079 2385 1333 2449 animale,
1367 2402 1488 2457 qua;
1544 2390 1600 2444 in
1626 2390 1819 2454 Caino,
1852 2392 2019 2448 Abele

441 2487 507 2529 ac
536 2469 704 2526 Setlio
730 2481 1052 2528 cernuntur.
1085 2475 1131 2528 Α
1169 2477 1369 2546 quibus
1403 2479 1630 2535 totidem
1661 2490 1874 2537 natum
1908 2498 2015 2538 non

386 2588 395 2597 κ
437 2562 551 2633 jam
584 2565 638 2617 in
666 2563 918 2633 singulis,
953 2564 1046 2620 sed
1083 2580 1179 2635 per
1198 2564 1394 2638 genera
1422 2581 1729 2642 prepagataa
1762 2582 1909 2631 sunt.
1942 2574 2017 2628 Ex

442 2654 513 2711 iis
541 2666 813 2711 terrenum
856 2659 1210 2727 corruptione
1245 2660 1473 2716 dissolvi
1506 2681 1520 2729 ;
1583 2666 1818 2720 animale
1848 2681 1977 2723 vero
2001 2705 2016 2731 ,

441 2744 566 2801 sise
601 2747 909 2816 potioribus
937 2747 1231 2815 dediderit,
1264 2751 1524 2807 mediocri
1556 2754 1610 2807 in
1641 2755 1862 2824 regione
1886 2770 2021 2809 con.

442 2838 764 2907 quiescere,
797 2839 883 2895 sin
917 2840 1187 2894 deteriora
1232 2842 1427 2910 eligat,
1479 2844 1544 2898 ad
1586 2846 1790 2900 similia
1834 2856 2019 2903 trans-

444 2929 595 2983 ferri.
653 2930 933 3000 Spiritalia
982 2933 1220 3003 denique
1274 2950 1395 3005 qua:
1442 2938 1662 3006 quidem
1713 2937 2017 2994 Acbamoth

444 3022 776 3085 conseverit,
802 3037 867 3077 ex
893 3023 985 3079 illo
1007 3034 1249 3095 tempore
1280 3026 1336 3080 in
1360 3026 1685 3103 hodiernum
1718 3044 1892 3103 usque
1915 3032 2024 3101 pia-

445 3125 567 3165 rum
606 3111 908 3167 animarum
958 3115 1263 3186 disciplinae
1308 3102 1602 3176 commissa
1651 3133 1704 3176 et
1747 3102 1977 3178 educata
2005 3162 2021 3188 ,

443 3203 590 3273 quod
640 3203 819 3259 adhuc
854 3204 1082 3260 infantia
1128 3208 1297 3264 missa
1344 3212 1490 3277 sint;
1541 3221 1731 3282 postea
1777 3215 1865 3268 ubi
1899 3229 2024 3284 per-

447 3292 737 3349 fectionem
771 3295 966 3365 adepta
1016 3296 1252 3365 fuerint,
1304 3298 1608 3357 Salvatoris
1668 3304 1879 3374 angelis
1909 3320 2025 3359 ma-

446 3389 707 3445 trimonio
738 3387 1018 3452 collocari,
1049 3402 1176 3442 cum
1212 3389 1428 3443 interim
1464 3391 1660 3446 anima:
1696 3393 1854 3463 193
1895 3394 2026 3464 ipsae

445 3497 570 3536 cum
599 3481 898 3537 Conditore
940 3482 1254 3538 necessario
1290 3482 1470 3539 medio
1501 3484 1553 3537 in
1589 3485 1709 3541 loco
1738 3501 1859 3541 sese
1890 3502 2024 3565 eon-

447 3576 675 3630 tineant.
712 3574 976 3630 Prmterea
1023 3575 1236 3632 animas
1268 3577 1463 3632 iterum
1516 3579 1619 3635 hoc
1674 3581 1837 3637 modo
1883 3584 2024 3638 divi-

447 3667 606 3721 dunt.
659 3665 933 3737 Quasdam
983 3668 1126 3722 enim
1178 3678 1372 3723 natura
1408 3670 1619 3738 bonas,
1653 3672 1791 3729 alias
1830 3674 2026 3731 natura

447 3756 620 3811 malas
670 3771 814 3812 esse.
875 3755 1054 3813 Bonas
1099 3746 1372 3829 ejusmodi
1404 3778 1566 3831 esse,
1601 3780 1723 3835 qua:
1755 3766 1822 3820 ad
1872 3767 2025 3822 exci-

447 3847 709 3920 piendum
775 3862 962 3903 semen
1020 3849 1233 3907 idonea:
1289 3852 1400 3907 sint
1431 3869 1451 3925 :_
1484 3855 1629 3925 quod
1682 3857 1838 3912 mala:
1874 3858 2027 3915 nullo

448 3940 613 3996 modo
646 3948 880 4010 possunt
910 3945 1219 4014 percipere.

517 4028 709 4087 Χλιν.
747 4031 872 4087 Haec
912 4041 999 4089 est
1045 4034 1264 4103 illorum
1311 4036 1558 4092 doctrina
1582 4080 1598 4107 ,
1650 4054 1813 4110 quam
1850 4055 2029 4112 neque

446 4122 722 4193 propheta!
749 4124 1136 4194 praedicarunt,
1166 4140 1342 4197 neque
1373 4126 1633 4184 Dominus
1661 4130 1904 4197 tradidit,
1930 4146 2030 4187 nec

448 4216 683 4286 apostoli
723 4217 1080 4288 reliquerunt.
1122 4218 1240 4285 Qua
1284 4221 1505 4291 quidem
1562 4222 1785 4276 minime
1824 4224 2027 4296 scripta

2122 1742 2217 1797 ὲάν
2251 1741 2540 1815 προστάξω
2568 1743 2800 1799 ποιοῦσι.
2845 1744 3094 1799 Τελέσειν
3135 1742 3194 1796 δὲ
3221 1742 3382 1797 αὑτὸν
3418 1741 3521 1813 τὴν
3558 1740 3705 1795 κατὰ

2120 1834 2212 1888 τὸν
2240 1834 2442 1905 κόσμον
2468 1835 2779 1908 οἰκονομίαν
2811 1835 2972 1907 μέχρι
2994 1834 3089 1891 τοῦ
3111 1834 3322 1898 δέοντος
3347 1830 3567 1904 καιροῦ,
3600 1832 3705 1902 μά-

2122 1922 2282 1977 λιστα
2320 1924 2378 1978 δὲ
2415 1923 2504 1978 διά
2531 1925 2630 1997 τήν
2657 1925 2755 1997 τῆς
2810 1924 3137 1996 Ἐκκλησίας
3182 1923 3523 1996 ἐπιμέλειαν,
3566 1922 3706 1977 ἀλλὰ

2123 2015 2219 2070 καὶ
2242 2015 2329 2071 διὰ
2352 2016 2453 2089 τὴν
2485 2016 2782 2085 ἐπίγνωσιν
2810 2017 2906 2072 τοῦ
2943 2016 3359 2089 έτοιμασθέντος
3385 2014 3538 2086 αύτῷ
3566 2015 3705 2070 ἐπάι-

2124 2106 2272 2174 θλου,
2301 2108 2383 2165 ὅτι
2410 2109 2491 2174 εἰς
2515 2109 2607 2163 τὸν
2633 2109 2734 2182 τῆς
2759 2109 2982 2183 Μητρὸς
3005 2110 3168 2164 τόπον
3190 2108 3454 2181 χωρήσει.

2194 2289 2322 2344 Kl".
2365 2289 2694 2361 ’Δνθρὼπων
2735 2289 2793 2344 δὲ
2827 2289 2955 2362 τρία
2994 2290 3127 2361 γένη
3159 2288 3507 2359 ὑφίστανται,
3537 2305 3705 2343 πνευ-

2128 2381 2378 2453 ματικὸν,
2424 2382 2642 2467 Idibe,
2696 2381 2948 2453 ψυχικὸν,
3005 2381 3189 2445 καθὼς
3246 2381 3494 2452 ἐγένοντο
3540 2382 3704 2447 Κάῖν,

2129 2473 2315 2540 Ἅϐελ,
2347 2473 2479 2546 Σήθ·
2507 2476 2602 2529 καὶ
2629 2476 2692 2528 ὲκ
2716 2475 2921 2528 τούτων
2948 2473 3047 2538 τάς
3071 2476 3223 2545 τρεῖς
3249 2474 3439 2544 φύσεις
3460 2475 3502 2538 ³,
3524 2474 3706 2528 οὐκέτι

2125 2564 2246 2620 καθ’
2276 2565 2354 2633 ἓν,
2390 2565 2524 2620 ἀλλὰ
2553 2565 2697 2619 κατά
2724 2568 2899 2635 γένος.
2926 2567 3038 2620 Καὶ
3060 2565 3124 2620 τὸ
3147 2567 3246 2638 μὲν
3267 2566 3449 2637 χοῖκὺν
3468 2569 3550 2631 είς
3578 2566 3707 2635 900-

2127 2656 2228 2727 ρὰν
2259 2659 2479 2727 χωρεῖν,
2507 2658 2602 2711 καὶ
2628 2656 2689 2710 τὸ
2718 2657 2968 2728 ψυχικὸν,
2996 2656 3093 2711 ἐὰν
3120 2657 3192 2711 τὰ
3221 2657 3465 2729 βελτίονα
3492 2658 3705 2730 ἕληται,

2126 2750 2186 2801 ὲν
2214 2748 2293 2819 τῷ
2321 2749 2419 2820 τῆς
2448 2748 2743 2819 μεσότητος
2784 2750 2936 2821 τόπῳ
2980 2749 3369 2805 ἀναπαύεσθαυ
3412 2749 3511 2803 έάν
3547 2750 3607 2804 δὲ
3644 2752 3710 2805 τὰ

2125 2840 2318 2912 χείρω,
2368 2840 2639 2911 χωρήσειν
2685 2840 2780 2894 καὶ
2824 2842 2954 2895 αὐτὸ
3000 2841 3138 2913 πρὸς
3182 2840 3251 2896 τὰ
3294 2842 3471 2912 ὅμοια.
3529 2841 3617 2895 Th
3652 2843 3708 2895 δὲ

2128 2933 2493 3005 πνευματικὰ,
2510 2934 2560 2988 .ἀ
2576 2933 2642 2990 ἂν
2669 2933 3060 3008 κατασπείρῃή
3102 2935 3380 3007 Ἀχαμὼθ,
3399 2934 3584 2988 ἔκτοτε
3607 2935 3711 3000 ἓως

2128 3023 2220 3080 τοῦ
2252 3025 2347 3081 νῦν
2373 3025 2609 3090 δικαίαις
2646 3025 2845 3096 ψυχαῖς
2885 3026 3245 3081 παιδευθέντα
3273 3025 3460 3081 ὲνθὰδε
3492 3025 3590 3079 καὶ
3622 3026 3712 3077 ὲκ-

2130 3121 2424 3193 τραφὲντα,
2449 3120 2536 3175 διὰ
2560 3121 2622 3174 τὸ
2643 3121 2812 3193 νήπια
2834 3108 3242 3193 ὲκπειὶέμφθαι,
3272 3120 3498 3192 ὕστερον
3520 3119 3714 3174 τελειό·

2129 3229 2291 3283 τητος
2335 3211 2658 3279 ἀξιωθέντα,
2703 3211 2923 3283 νύμφας
2980 3212 3414 3283 ἀποδοθήσεσθαι
3457 3214 3572 3275 τοῖς
3617 3208 3713 3266 τοῦ

2130 3305 2384 3377 Σωτῆρος
2407 3305 2660 3375 ἀγγέλοις
2682 3305 3089 3376 δογματίζουσι,
3110 3305 3220 3360 τῶν
3238 3305 3425 3377 ψυχῶν
3453 3306 3636 3360 αὐτῶν
3658 3308 3716 3361 ἐν

2134 3397 2393 3468 μεσότητι
2428 3395 2550 3450 κατ’
2575 3396 2825 3468 ἀνάγκην
2871 3397 2949 3468 (ὲν
2996 3396 3277 3468 μεσότητι)
3313 3395 3454 3467 μετά
3483 3397 3580 3468 τρῦ
3606 3399 3714 3468 Δη-

2135 3486 2399 3562 μιουργοῦ
2421 3489 2897 3561 ἀναπαυσαμένων
2922 3489 3003 3552 εἰς
3026 3488 3088 3542 τὸ
3111 3488 3393 3554 παντελές.
3418 3491 3531 3545 Καὶ
3547 3491 3717 3554 αὐτας

2134 3580 2234 3651 μὲν
2260 3578 2362 3642 τὰς
2387 3577 2627 3649 ψυχικὰς
2656 3580 2679 3611 ⁵
2712 3578 2875 3633 πάλιν
2909 3578 3332 3653 ὕπομερίζοντες
3371 3578 3623 3648 λέγουσιν
3649 3579 3714 3643 ἀς

2135 3672 2235 3745 μὲν
2261 3671 2420 3743 φύσει
2444 3670 2676 3740 ἀγαθὰς,
2705 3669 2772 3734 ἃς
2799 3670 2856 3725 δὲ
2886 3670 3046 3740 φύσει
3074 3670 3336 3742 πονηράς·
3364 3670 3461 3723 καὶ
3490 3669 3592 3734 τὰς
3617 3670 3714 3741 μὲν

2131 3762 2342 3833 ἀγαθὰς
2383 3761 2587 3826 ταύτας
2633 3757 2795 3827 εἶναι,
2841 3760 2942 3824 τὰς
2981 3760 3238 3825 δεκτικὰς
3270 3759 3365 3814 τοῦ
3401 3759 3718 3832 σπέρματος

2131 3857 2442 3929 γινομένας·
2478 3855 2578 3921 τὰς
2602 3856 2658 3910 δὲ
2681 3855 2839 3925 φύσει
2871 3855 3113 3927 πονηρὰς
3148 3854 3419 3927 μηδέποτε
3445 3855 3515 3909 ἂν
3539 3854 3720 3910 ἐπιδέ-

2136 3947 2328 4014 ξασθαι
2363 3952 2539 4003 ὲκείνο
2568 3948 2630 4002 τὸ
2656 3948 2897 4019 σπέρμα.

2206 4040 2332 4096 ΚΔ’.
2383 4040 2651 4113 Τοιαύτης
2706 4041 2762 4094 δὲ
2800 4042 2899 4113 τῆς
2948 4040 3256 4104 ὑποθέσεως
3292 4039 3475 4095 αὐτῶν
3529 4039 3718 4110 οὔσης,

2133 4129 2201 4201 ἣν
2231 4128 2354 4183 οὔτε
2382 4129 2654 4200 προφῆται
2686 4128 2987 4199 ἐκήρυξαν,
3017 4127 3141 4182 οὔτε
3172 4129 3200 4182 ὁ
3223 4128 3428 4200 Κύριος
3454 4127 3717 4194 ἐδίδαξεν,

2134 4220 2257 4274 οῦτε
2291 4221 2575 4276 ἀπόστολοι
2633 4220 2975 4293 παρέδωκαν,
3024 4221 3092 4293 ἢν
3133 4222 3261 4294 περὶ
3294 4220 3402 4275 τῶν
3444 4222 3587 4277 ὅλων
3624 4222 3720 4276 αὑ-

448 4322 513 4360 ex
545 4305 825 4362 auditione
851 4309 933 4364 sic
961 4322 1176 4381 arrepta
1201 4351 1215 4376 ,
1251 4321 1310 4366 ut
1344 4312 1487 4382 quod
1523 4313 1574 4368 in
1607 4315 1895 4384 proverbio
1923 4325 2020 4383 est,

2136 4312 2289 4384 χοῦσι
2316 4311 2497 4366 πλεῖον
2521 4313 2630 4365 τῶν
2650 4313 2826 4366 ἄλλων
2852 4313 3167 4381 ἐγνωκέναι,
3203 4312 3261 4379 ἐξ
3294 4312 3561 4384 ἀγράςρων
3590 4314 3720 4371 ἀνα-

452 4395 659 4450 Funem
675 4413 741 4452 ex
763 4415 925 4454 arena
952 4410 1122 4457 texere
1144 4412 1450 4473 conentur;
1477 4404 1607 4477 plus
1623 4422 1682 4462 se
1718 4409 1930 4464 czeteris
1961 4410 2030 4465 de

453 4489 836 4545 universorum
887 4502 1081 4548 natura
1121 4498 1264 4551 scire
1307 4499 1628 4568 gloriantur.
1679 4500 1758 4555 Ad
1793 4517 1855 4556 ea
1900 4517 2028 4558 vero

451 4595 573 4651 qua:
600 4579 837 4637 diximus
866 4585 1273 4653 comprobanda
1301 4628 1314 4650 ,
1366 4591 1608 4658 quaedam
1650 4606 1682 4647 e
1705 4594 1879 4649 sacris
1912 4594 2029 4648 Lit-

453 4674 584 4728 teris
631 4679 1086 4732 accommodant:
1139 4679 1449 4747 cujusmodi
1500 4693 1627 4738 sunt
1681 4698 1954 4756 usurpata:
1998 4704 2029 4744 a

454 4763 687 4820 Domino
719 4766 1023 4835 parabolte,
1076 4777 1170 4823 aut
1216 4772 1546 4841 praplieticaa
1574 4779 1901 4844 sententiae,
1939 4790 2034 4836 aut

454 4858 827 4926 apostolorum
858 4860 1041 4928 verba,
1082 4877 1151 4918 ne
1186 4865 1433 4921 conﬁctae
1462 4867 1530 4923 ab
1560 4868 1627 4923 iis
1657 4868 1853 4927 fabulae
1878 4888 2037 4943 pror-

455 4966 552 5006 sus
582 4951 898 5008 testimonio
943 4969 1131 5011 carere
1181 4956 1490 5016 videantur.
1521 4959 1845 5033 Quanquam
1896 4965 2037 5022 divi-

456 5058 651 5098 norum
674 5045 1021 5101 oraculorum
1061 5049 1306 5104 ordinem
1346 5050 1654 5123 seriemque
1681 5059 2032 5124 conturbant,

457 5151 521 5189 ac
553 5138 731 5206 quoad
761 5138 818 5192 in
850 5138 982 5208 ipsis
1015 5141 1179 5196 situm
1201 5148 1309 5208 est,
1335 5144 1607 5214 veritatis,
1636 5155 1696 5201 ut
1727 5148 1800 5202 ita
1828 5149 2030 5219 dicam,

459 5226 700 5278 membra
728 5227 1054 5284 dissolvunt.
1091 5228 1224 5284 Nam
1266 5232 1321 5285 in
1350 5232 1589 5290 alienum
1637 5236 1817 5291 locum
1850 5246 2034 5295 trans-

459 5315 568 5375 lata
616 5332 681 5373 ac
704 5329 1035 5376 commutata
1080 5325 1374 5395 pleraque,
1414 5334 1468 5382 et
1496 5328 1602 5384 alia
1643 5345 1712 5385 ex
1737 5330 1858 5387 aliis
1888 5330 2030 5386 facta

2136 4403 2494 4474 γινώσκοντες
2517 4444 2533 4468 ,
2587 4403 2681 4458 καὶ¹
2732 4405 2794 4458 τὸ
2846 4404 2911 4475 δὴ
2978 4403 3267 4475 λεγόμενον
3293 4443 3309 4466 ,
3371 4404 3469 4470 Ἐξ
3520 4405 3720 4476 ἄμμου

2137 4498 2378 4567 σχοινία
2426 4495 2677 4551 πλέκειν
2694 4495 3104 4569 ἐπιτηδεύοντες
3132 4538 3148 4563 ,
3188 4496 3519 4562 ἀξιοπίστως
3552 4515 3721 4571 προσ-

2138 4588 2403 4662 αρμόζειν
2467 4589 2765 4667 πειρῶνται
2803 4593 2915 4654 τοῖς
2943 4590 3286 4663 εἰρημένοις,
3318 4591 3437 4663 ήτοι
3471 4591 3714 4665 παραϐο-

2136 4682 2237 4745 λάς
2271 4681 2574 4754 Κυριακάς,
2603 4680 2637 4752 ἢ
2672 4682 2856 4753 ῥήσεις
2890 4681 3234 4753 πῳφητικάς
3254 4722 3268 4746 ,
3300 4681 3549 4752 ἢλόγους
3582 4684 3720 4738 ἀπο·

2140 4770 2416 4835 στολικοὺς
2440 4811 2456 4837 ,
2501 4770 2588 4824 ἵνα
2612 4772 2673 4824 τὸ
2700 4771 2925 4843 πλάσμα
2962 4772 3141 4827 αὐτῶν
3188 4774 3263 4845 μὴ
3292 4774 3617 4847 ἀμάρτυρον
3643 4772 3721 4829 εἶ-

2135 4879 2224 4917 ναι
2255 4861 2418 4933 δοκῇ,
2451 4861 2551 4933 τὴν
2598 4862 2697 4934 μὲν
2740 4861 2892 4928 τάξιν
2930 4866 3025 4918 καὶ
3073 4864 3164 4918 τὸν
3202 4865 3396 4939 είρμδν
3443 4867 3554 4920 τῶν
3587 4868 3726 4940 Γρα-

2137 4955 2252 5025 φῶν
2288 4953 2707 5026 ὑπερϐαίνοντες
2727 4997 2742 5023 ,
2778 4957 2872 5012 καὶ
2898 4958 3023 5011 ὅσον
3054 4958 3138 5027 ἐφ’
3164 4959 3377 5022 ἑαυτοις
3407 4957 3631 5025 λύοντες
3659 4960 3727 5015 τὰ

2142 5046 2277 5119 μέλη
2319 5046 2421 5117 τῆς
2453 5046 2730 5117 ἀληθείας.
2767 5048 3151 5119 Μεταφέρουσι
3188 5049 3247 5102 δὲ
3272 5050 3367 5123 καὶ
3408 5052 3725 5122 μεταπλάτ-

2139 5159 2325 5207 τουσι,
2358 5141 2454 5195 καὶ
2489 5140 2618 5195 ἄλλο
2649 5141 2707 5208 ἐξ
2741 5141 2898 5197 ἄλλου
2929 5141 3209 5207 ποιοῦντες
3247 5142 3567 5209 ἐξαπατῶσι
3602 5144 3727 5199 πολ-

2137 5234 2263 5299 λοὺς
2293 5236 2360 5305 τῇ
2409 5232 2519 5286 τῶν
2560 5232 3020 5306 ὲφαρμοζομένων
3062 5236 3360 5308 Κυριακῶν
3392 5236 3597 5307 λογίων
3629 5254 3730 5290 κα-

2138 5328 2446 5401 κοσυνθέτῳ
2494 5327 2672 5399 σοφίᾳ.
2731 5325 2943 5399 Ὃνπερ
2983 5329 3183 5397 τρόπον
3232 5330 3287 5384 εί
3329 5346 3417 5397 τις
3464 5330 3727 5403 βασιλέως

531 5478 550 5514 ⁸
580 5476 769 5536 Matth.
807 5494 924 5546 vni,
951 5480 1005 5538 9.
1078 5482 1267 5541 '-lren.
1305 5484 1585 5559 χειρόνων.
1664 5490 1684 5522 ³
1708 5489 1849 5552 Ircn.
1884 5490 1971 5551 ἵνα
2000 5492 2020 5547 ἐ

2128 5489 2308 5558 είξωσι
2338 5488 2453 5547 καί.
2527 5486 2550 5520 ⁸
2583 5484 2726 5544 lrcu.
2759 5484 2959 5560 ψυχάς.
