3980 6086
243 154 336 210 εει

909 151 1274 209 ADVERSUS
1317 153 1657 210 ηΑειιεδιεε
1696 152 1835 210 LIB.
1879 153 1922 207 l.
1964 152 2124 207 ΤΟΜ.
2171 153 2233 207 ll.
2275 182 2343 192 —-
2377 127 2652 208 lleRES.
2687 153 2854 210 XXXI

3402 164 3504 218 522

241 271 444 333 εἰκόνος
473 268 642 341 καλῆς
673 270 1183 342 κατεσκευασμένης
1233 273 1298 326 ἐκ
1342 273 1588 343 ψηφίδων
1622 272 1823 344 ἐπισή-

1937 271 2003 327 ;ἱσ
2058 270 2384 340 proferunt,
2435 281 2492 325 ut
2535 273 2840 328 divinarum
2894 276 3321 344 sententiarum,
3367 293 3502 348 quae

241 381 355 433 μων
385 361 490 415 ὑπὸ
516 361 681 430 σοφοῦ
713 361 976 432 τεχνίτου,
1009 362 1176 427 λύσας
1206 364 1305 436 τὴν
1332 365 1706 436 ὑποκειμένην
1732 365 1824 418 τοῦ

241 451 526 522 ἀνθρώπου
563 451 729 516 ἰδέαν,
757 451 1058 523 μετενέγκῃ
1085 452 1182 517 τὰς
1210 453 1446 525 ψηφίδας
1471 457 1695 517 ἐκείνας
1732 455 1828 506 καὶ

241 543 577 615 μεθαρμόσοι
614 544 708 596 καὶ
738 545 954 614 ποιήσει
996 545 1209 615 μορφὴν
1250 545 1411 608 κυνὸς
1439 544 1474 614 ἢ
1515 541 1822 610 ἀλώπεκος,

241 635 331 689 καὶ
361 635 563 706 ταύτην
602 634 821 704 φαύλως
848 618 1390 706 κατεσκευασμένην,
1433 639 1631 692 ἒπειτα
1664 638 1828 708 διορί-

241 724 382 788 ζοιτο
408 764 423 789 ,
465 725 559 778 καὶ
608 723 757 793 λέγοι
808 723 1012 795 ταύτην
1067 720 1206 779 εἶναι
1256 727 1356 796 τὴν
1408 727 1503 779 τοῦ
1567 727 1827 796 βασιλέως

242 816 454 887 ἐκείνην
486 816 670 870 εἰκόνα
706 815 804 888 τὴν
835 816 1026 887 καλὴν,
1061 818 1126 888 ἢν
1155 819 1184 870 ό
1213 819 1373 887 σοφὸς
1405 819 1659 890 τεχνίτης
1700 836 1830 872 κατ-

245 907 536 974 εσκεύασε,
582 907 791 972 δεικνὺς
826 909 925 972 τὰς
967 908 1206 980 ψηφῖδας
1235 909 1332 973 τὰς
1382 910 1568 972 καλῶς
1600 908 1702 962 ὑπὸ
1733 909 1827 962 τοῦ

244 1002 484 1070 τεχνίτου
534 999 629 1053 τοῦ
667 999 883 1070 πρώτου
941 1000 1022 1063 είς
1074 1000 1173 1069 τὴν
1216 999 1309 1053 τοῦ
1346 998 1614 1070 βασιλέως
1644 999 1830 1052 είκόνα

245 1089 592 1154 συντεθείσας
617 1130 632 1155 ,
690 1090 869 1154 καλῶς
921 1089 978 1143 δὲ
1012 1089 1115 1143 ὑπὸ
1145 1089 1239 1143 τοῦ
1294 1089 1520 1162 ὑστέρου
1557 1088 1636 1152 είς
1672 1087 1829 1152 κυνὸς

245 1183 458 1254 μορφὴν
495 1166 945 1252 μετενεχθείσας,
1005 1181 1100 1236 καὶ
1155 1181 1241 1234 διὰ
1290 1180 1389 1250 τῆς
1423 1182 1537 1233 τῶν
1579 1179 1827 1253 ψηφίδων

245 1275 544 1342 φαντασίας
575 1273 849 1345 μεθοδεύοι
877 1273 1001 1337 τοὺς
1035 1272 1452 1344 ὰπειροτέρους,
1491 1273 1622 1337 τοὺς
1660 1275 1826 1327 κατά-

246 1366 404 1436 ληψιν
439 1366 720 1437 βασιλικῆς
780 1366 993 1437 μορφῆς
1026 1366 1126 1421 οὐκ
1174 1366 1428 1437 ἔχοντας,
1473 1364 1570 1419 καὶ
1628 1365 1825 1430 πείθοι,

246 1458 322 1509 Ξτι
347 1455 486 1526 αὕτη
522 1457 554 1526 ἡ
581 1453 766 1525 σαπρὰ
795 1454 894 1525 τῆς
926 1453 1206 1519 ἀλώπεκος
1240 1453 1353 1508 ίδέα
1383 1450 1562 1522 ἐκείνη
1607 1450 1753 1504 ἐστὶν
1793 1453 1826 1522 ἡ

246 1547 382 1618 καλὴ
414 1546 510 1600 τοῦ
541 1545 806 1616 βασιλέως
837 1543 1026 1597 εἰκώνο
1074 1544 1164 1597 τὸν
1209 1542 1372 1598 αὐτὸν
1411 1542 1473 1614 δὴ
1500 1541 1704 1614 τρόπον
1733 1541 1828 1594 καὶ

249 1632 387 1692 δῦτοι
417 1637 604 1708 γραῶν
642 1635 845 1706 μύθους
880 1633 1385 1703 συγκαττύσαντες,
1421 1633 1616 1686 ἔπειτα
1646 1632 1826 1702 ῥήμα-
1862 1618 1902 1671 Β

252 1747 310 1783 τα
341 1729 436 1780 καὶ
480 1726 653 1794 λέξεις
687 1726 780 1780 καὶ
813 1724 1125 1796 παραϐολὰς
1165 1723 1285 1777 ὅθεν
1331 1723 1425 1776 καὶ
1477 1725 1646 1775 πόθεν
1691 1721 1828 1773 ἀπο-

249 1820 523 1881 σπῶντες,
559 1815 890 1888 ἐφαρμόζειν
923 1813 1204 1884 βούλονται
1256 1815 1369 1876 τοῖς
1409 1811 1600 1882 μύθοις
1649 1808 1829 1864 αὐτῶν

252 1909 314 1962 τὲ
348 1895 502 1976 λόγια
540 1905 634 1960 τοῦ
678 1905 834 1959 Θεοῦ.
871 1903 978 1958 Καὶ
1002 1905 1103 1958 ὅσα
1155 1903 1256 1975 μὲν
1288 1905 1346 1956 ἐν
1382 1905 1494 1967 τοῖς
1540 1899 1636 1954 τοῦ
1681 1900 1829 1970 Πλη-

250 2001 502 2074 ρώματος
533 1997 953 2070 ἐφαρμόζουσιν,
985 1997 1302 2068 εἰρήκαμεν.

1929 362 2348 416 accommodant
2370 402 2382 426 ,
2412 365 2610 419 callido
2648 365 2884 435 quodam
2937 367 3344 438 artiticiosoque
3376 384 3498 424 con-

1930 460 2080 508 textu
2114 455 2314 509 multos
2357 455 2410 509 in
2444 471 2685 511 errorem
2719 457 2997 514 inducant.
3041 458 3505 525 Quemadmodum

1928 545 1974 600 si
2006 546 2350 615 imperatoris
2385 548 2563 616 imago
2609 548 2992 617 pulcherrimis
3040 565 3105 604 ex
3141 552 3424 607 tesserulis
3478 567 3505 605 a

1928 637 2100 705 perito
2139 637 2373 706 quodam
2423 637 2635 692 artiﬁce
2675 638 2837 694 fuerit
2890 640 3206 706 elaborata;
3261 656 3325 696 ac
3359 643 3510 711 quis.

1928 729 2094 798 piam,
2127 728 2364 784 hominis
2395 729 2567 800 eﬂigie
2597 730 2882 796 dissoluta,
2912 748 2975 787 ac
3003 734 3370 804 transpositis,
3404 734 3503 787 ali-

1931 831 2119 891 terque
2163 823 2446 877 collocatis
2485 824 2770 880 tesserulis
2798 863 2814 889 ,
2853 825 3007 896 canis
3062 833 3155 879 aut
3208 825 3502 896 vulpecula:

1930 914 2166 984 speciem
2197 915 2508 985 exprimat,
2546 931 2614 970 ne
2639 931 2756 970 eam
2789 889 3009 985 quidgm
3040 923 3187 971 recte
3232 921 3502 987 composi-

1932 1015 2074 1069 tam;
2107 1012 2220 1059 tum
2249 1002 2478 1059 afﬁrmet
2511 1006 2615 1060 hoc
2658 1006 2835 1076 ipsum
2876 1021 2998 1061 esse
3029 1006 3302 1076 egregium
3339 1007 3500 1078 impe-

1931 1098 2132 1152 ratoris
2165 1097 2516 1153 simulacrum
2546 1137 2561 1161 ,
2595 1097 2663 1151 ab
2695 1097 2896 1152 eximio
2940 1098 3149 1153 artiﬁce
3181 1097 3382 1155 aﬁ‘abre
3431 1101 3503 1153 la-

1929 1194 2111 1253 etum;
2145 1186 2397 1243 ostendat
2450 1196 2504 1241 et
2539 1188 2661 1242 illas
2714 1189 2781 1241 ab
2815 1187 3004 1243 eodem
3061 1188 3127 1242 ad
3173 1188 3507 1244 referendam

1917 1269 2192 1347 principis
2218 1276 2443 1348 ﬁguram
2468 1285 2875 1348 coagmentatas
2901 1279 3218 1342 tesserulas,
3247 1292 3276 1331 a
3303 1294 3361 1334 se
3381 1294 3508 1334 vero

1929 1375 2119 1437 postea
2149 1370 2402 1422 caninam
2448 1367 2503 1421 in
2539 1369 2770 1422 formam
2803 1369 3130 1432 translatas,
3163 1376 3328 1438 atque
3359 1369 3505 1438 ejus-

1929 1457 2076 1511 modi
2129 1458 2521 1513 tesserularum
2578 1457 2762 1528 specie
2806 1457 3073 1526 imperitis
3131 1459 3365 1521 illudat,
3414 1459 3505 1527 qui

1930 1547 2195 1617 principis
2241 1547 2531 1618 imaginem
2601 1547 2844 1600 nomium
2902 1550 3085 1601 animo
3136 1548 3508 1617 conceperint,

1929 1638 2366 1707 persuadeatque
2400 1651 2562 1707 quam
2607 1636 2682 1690 illi
2714 1637 2902 1691 vident
2930 1645 3142 1706 turpem
3189 1638 3367 1706 vulpis
3395 1637 3509 1692 tili-

1927 1729 2105 1798 giem,
2142 1728 2462 1800 praeclaram
2498 1727 2645 1781 illam
2690 1728 3038 1797 imperatoris
3076 1742 3201 1782 esse
3249 1736 3507 1783 statuam.

1931 1818 2023 1874 Sic
2053 1820 2146 1876 isti
2177 1818 2244 1872 ad
2280 1817 2544 1874 ridiculas
2595 1819 2878 1888 anilesque
2928 1832 3064 1888 quas
3100 1827 3375 1874 consuunt
3409 1837 3512 1874 nu-

1929 1925 2063 1982 gas,
2097 1916 2384 1980 corrogata
2419 1907 2547 1963 hinc
2588 1917 2641 1962 et
2680 1907 2833 1962 illinc
2881 1910 3081 1972 verba,
3129 1916 3183 1962 et
3225 1910 3514 1978 parabolas

1931 2002 2185 2065 trahunt,
2241 2015 2305 2054 ac
2351 1998 2540 2053 divina
2586 2014 2850 2068 responsa
2897 1999 3097 2054 fabulis
3145 1999 3262 2056 suis
3307 2001 3516 2072 illigare

1931 2079 2296 2149 contendunt.
2329 2091 2406 2147 Ex
2465 2091 2666 2161 quibus
2694 2107 2814 2161 qua:
2841 2091 2908 2145 ad
2948 2091 3197 2146 Pleroma
3241 2093 3517 2163 pertinere

1932 2181 2188 2238 videntur
2215 2182 2378 2253 paulo
2411 2189 2540 2237 ante
2568 2182 2875 2236 retulimus.

318 2268 448 2324 κε’.
480 2268 618 2321 Ὀσα
651 2267 707 2320 δὲ
738 2261 968 2329 καὶτοῖς
1011 2264 1166 2328 ἐκτὸς
1195 2262 1288 2317 τοῦ
1325 2261 1700 2332 Πληρώματος
1731 2260 1830 2314 αὺ-

2007 2273 2168 2345 194
2197 2272 2362 2328 XXV.
2404 2272 2536 2339 Quae
2565 2288 2693 2328 vero
2723 2272 2793 2327 ad
2823 2287 2884 2327 ea
2933 2288 3054 2343 qua:
3085 2281 3237 2328 extra
3265 2271 3515 2327 Pleroma

255 2362 359 2415 τῶν
409 2356 784 2433 προσοικειοῦν
826 2357 1121 2428 πειρῶνται
1169 2357 1234 2408 ἐκ
1275 2354 1383 2408 τῶν
1425 2351 1689 2424 Γραφῶν,
1719 2349 1833 2404 ἔστι

1937 2373 2061 2421 sunt
2088 2364 2262 2421 sacris
2304 2379 2368 2419 ex
2402 2363 2620 2419 Litteris
2655 2364 3088 2432 accommodant,
3109 2364 3375 2434 ejusmodi
3409 2365 3520 2420 fere

254 2454 499 2508 τοιαῦτα.
537 2453 642 2505 Τὸν
687 2450 890 2522 Κύριον
924 2451 982 2502 ἐν
1033 2449 1147 2511 τοῖς
1197 2447 1446 2516 ἐσχάτοις
1481 2441 1584 2526 τοῦ
1629 2443 1835 2512 κόσμου

1937 2463 2088 2512 sunt.
2116 2453 2396 2510 Christum
2432 2452 2721 2509 Dominum
2755 2454 3050 2523 postremis
3084 2454 3272 2508 mundi
3313 2462 3519 2525 tempo-

255 2544 466 2615 χρόνοις
492 2540 580 2595 διὰ
615 2539 771 2594 τοῦτο
807 2535 1128 2608 ἐληλυθέναι
1156 2535 1249 2589 ἐπὶ
1280 2534 1340 2588 τὸ
1364 2533 1535 2597 πάθος
1565 2532 1834 2600 λέγουσιν,

1937 2550 2092 2605 ribus
2144 2548 2383 2620 patiendi
2433 2547 2608 2618 gratia
2644 2546 2931 2600 advenisse
2974 2545 3201 2610 dicunt,
3254 2545 3426 2599 ultimi
3463 2555 3521 2599 ut

255 2635 322 2688 ἶν’
363 2630 605 2704 ἐπιδείξῃ
624 2631 683 2685 τὸ
705 2648 771 2683 πε
781 2630 833 2701 ρὶ
860 2630 950 2683 τὸν
979 2628 1205 2699 ἔσχατον
1231 2625 1340 2679 τῶν
1371 2623 1590 2678 Αἱώνων
1614 2620 1836 2692 γεγονὸς

1941 2641 2137 2697 Ᾱῐοηὶε
2170 2655 2358 2696 casum
2389 2654 2454 2694 ac
2483 2639 2846 2694 calamitatem
2882 2637 3216 2698 ostenderet,
3253 2652 3318 2692 ac
3353 2637 3522 2692 totius

257 2723 431 2787 πάθος
454 2761 470 2788 ,
519 2723 614 2776 καὶ
644 2721 710 2774 δι’
747 2719 911 2774 αὐτοῦ
954 2717 1047 2772 τοῦ
1100 2716 1286 2780 τέλους
1322 2715 1541 2787 ἐμφήνῃ
1591 2714 1652 2768 τὸ
1686 2711 1836 2774 τέλος

1941 2733 2182 2789 Ᾰῑοηιιιη
2235 2731 2440 2801 negotii
2486 2730 2691 2785 exitum
2740 2744 2841 2784 suo
2872 2728 2964 2784 illo
3012 2728 3160 2784 exitu
3196 2729 3520 2783 declararet.

257 2815 360 2886 τῆς
412 2815 540 2884 περὶ
568 2813 692 2876 τοὺς
728 2811 942 2876 Δίῶνας
975 2808 1376 2882 πραγματείας.
1420 2807 1529 2875 Τὴν
1579 2806 1634 2859 δὲ
1681 2804 1836 2860 δωδε-

1943 2823 2149 2880 Deinde
2187 2821 2452 2892 virginem
2501 2819 2649 2874 illam
2705 2817 3123 2888 archisynagogi
3174 2817 3338 2872 ﬁliam
3385 2819 3522 2874 duo-

261 2905 432 2976 καετῆ
467 2903 734 2975 παρθένον
764 2903 978 2973 ἐκείνην
1004 2901 1099 2972 τὴν
1134 2898 1226 2954 τοῦ
1258 2897 1701 2970 ἀρχισυναγώγου
1749 2895 1836 2949 θυ-

1945 2914 2119 2970 decim
2158 2927 2332 2968 annos
2382 2919 2611 2976 natam,
2663 2925 2825 2980 quam
2887 2909 3148 2966 Dominus
3193 2909 3464 2965 accedens
3494 2925 3524 2962 a

261 2993 473 3064 γατέρα
494 3033 508 3056 ,
541 2996 607 3062 ἣν
635 2991 858 3054 ἐπιστὰς
884 2993 912 3044 ὁ
937 2989 1140 3060 Κύριος
1168 2989 1233 3040 ὲκ
1260 2987 1467 3060 νεκρῶν
1494 2987 1684 3058 ἧγειρε
1711 3023 1726 3049 ,
1752 2985 1836 3038 τύ-

1949 3011 2123 3060 morte
2164 3003 2444 3059 revocavit
2482 3003 2503 3033 ²
2528 3043 2544 3068 ,
2579 3000 2935 3056 Achamotbis
2969 3001 3258 3071 imaginem
3301 3003 3524 3059 referre.

264 3101 367 3137 πον
391 3079 531 3136 εἶναι
560 3081 868 3152 διηγοῦνται
905 3083 1001 3152 τῆς
1043 3078 1299 3151 Ἀχαμὼθ
1324 3079 1434 3158 ηῆν
1467 3077 1787 3141 ἐπεκταθεὶς
1818 3079 1836 3131 ἐ

1946 3110 2107 3166 quam
2147 3092 2451 3150 extendens
2500 3105 2623 3146 sese
2663 3089 2879 3144 illorum
2911 3089 3166 3145 Christus
3195 3089 3400 3145 eﬁinxit
3426 3133 3440 3156 ,
3473 3101 3527 3145 et

265 3174 504 3246 Χριστὸς
540 3173 702 3228 αὑτὸν
733 3175 746 3204 ⁸
783 3173 1071 3246 ἐμόρφωσε
1095 3212 1108 3235 ,
1138 3171 1232 3224 καὶ
1279 3171 1358 3233 είς
1389 3169 1637 3241 αἴσθησιν
1671 3170 1845 3240 ἧγαγε

266 3266 362 3319 τοῦ
391 3265 782 3329 καταλιπόντος
812 3264 980 3336 αὐτὴν
1014 3263 1208 3333 φωτός.
1240 3262 1359 3316 Ὅτι
1388 3261 1446 3315 δέ
1474 3262 1612 3333 αὐτῇ
1638 3261 1847 3331 ἐπέφα-

267 3379 358 3417 νεν
389 3362 418 3414 ὁ
435 3360 628 3431 Σωτὴρ
651 3358 806 3424 ἐκτὸς
821 3357 986 3429 οὔσης
1005 3359 1043 3388 ¹⁶
1064 3355 1156 3410 τοῦ
1180 3353 1550 3428 Πληρώματος
1569 3355 1625 3409 ἐν
1645 3353 1850 3426 ἐκτρώ-

271 3471 442 3525 ματος
487 3453 651 3524 μοίρᾳ
675 3493 690 3515 ,
720 3453 810 3506 τὸν
839 3452 1050 3506 Παῦλον
1093 3451 1344 3521 λέγουσιν
1391 3448 1666 3521 εἰρηκέναι
1694 3449 1751 3501 ἐν
1780 3448 1846 3518 τῇ

269 3547 410 3617 πρὸς
441 3545 787 3616 Κορινθίους⁸
840 3547 1146 3614 Ἐσχατον
1176 3544 1244 3598 δὲ
1289 3542 1529 3598 πάντων
1592 3538 1849 3620 ὡσπερεί

265 3636 351 3704 τῷ
378 3637 699 3708 ἐκτρώματι
730 3635 895 3707 ὤφθη
944 3636 1140 3706 κάμοί.
1176 3636 1286 3708 Τήν
1317 3652 1375 3688 τε
1424 3632 1563 3705 μετὰ
1591 3631 1698 3686 τῶν
1732 3629 1849 3702 ἡλι-

265 3729 486 3784 κιωτῶν
513 3729 607 3782 τοῦ
633 3728 884 3799 Σωτῆρος
928 3727 1230 3798 παρουσίαν
1265 3725 1401 3796 πρὸς
1428 3726 1528 3794 τὴν
1593 3721 1847 3793 Ἀχαμὼθ

263 3821 472 3889 ὁμοίως
504 3819 948 3891 πεφανερωκέναι
993 3816 1156 3871 αὑτὸν
1187 3819 1340 3888 ἐνστῇ
1376 3815 1513 3885 αὐτῇ
1563 3813 1846 3883 Ἐπιστολῇ

266 3913 526 3966 εἰπόνταο
586 3913 678 3965 Δεῖ
726 3911 824 3983 τὴν
860 3913 1090 3980 γυναῖκα
1143 3909 1405 3980 κάλυμμα
1435 3907 1578 3977 ἔχειν
1623 3905 1715 3957 ἐπὶ
1748 3905 1850 3974 τῆς

265 4006 514 4076 κεφαλῆς
544 4003 632 4060 διὰ
679 4006 804 4068 τοὺς
837 4003 1118 4072 ἀγγέλους.
1152 4003 1264 4056 Καὶ
1313 4002 1433 4062 ὅτι,
1479 3999 1705 4069 ἥκοντος
1756 3993 1849 4050 τοῦ

141 4091 160 4102 ’
264 4098 523 4168 Σωτῆρος
573 4096 710 4166 πρὸς
737 4095 935 4166 αὐτὴν,
987 4096 1054 4150 δι’
1097 4093 1229 4148 αῐδὼ
1261 4081 1523 4163 κάλυμμα
1561 4089 1786 4144 ἐπέθετο
1814 4089 1848 4159 ἡ

276 4189 538 4262 ’Δχαμὼθ
567 4228 582 4254 ,
620 4190 822 4244 Μωσέα
877 4186 1234 4259 πεποιηκέναι
1272 4183 1503 4256 φανερὸν
1533 4221 1548 4245 ,
1588 4181 1851 4251 κάλυμμα

265 4281 498 4351 θέμενον
531 4278 626 4331 ἐπὶ
662 4277 723 4330 τὸ
778 4277 1067 4348 πρόσωπον
1099 4274 1286 4329 αὑτοῦ.
1337 4273 1450 4328 Καὶ
1485 4270 1555 4366 τὰ
1601 4270 1747 4340 πάθη
1792 4269 1848 4322 δὲ

265 4374 471 4443 αὐτῆς.
502 4371 540 4424 ἃ.
565 4369 799 4434 ἔπαθεν,
851 4366 1347 4438 ἐπισεσημειῶσθαι
1380 4365 1472 4419 τὸν
1494 4362 1714 4436 ’Κύριον
1744 4362 1850 4432 φά-

1951 3186 2171 3242 Iutninis
2222 3183 2368 3256 quod
2417 3198 2538 3239 eam
2574 3181 2898 3237 destituerat
2950 3196 3172 3237 sensum
3211 3181 3423 3236 indidit.
3463 3181 3528 3235 Et

1947 3281 2207 3351 quoniam
2241 3278 2370 3333 huic
2399 3276 2578 3332 adhuc
2626 3281 2780 3330 extra
2833 3271 3079 3328 Pleroma
3115 3273 3306 3343 positae
3329 3313 3344 3339 ,
3376 3272 3528 3328 velut

1948 3372 2197 3428 abortivo
2225 3371 2466 3435 cuidam,
2500 3368 2752 3424 Salvator
2780 3367 3052 3440 apparuit,
3080 3365 3310 3421 Paulum
3336 3374 3529 3436 putant

1948 3459 2018 3513 ad
2047 3458 2364 3514 Corinthios
2397 3457 2727 3513 scribentem
2755 3456 2868 3511 haec
2907 3469 3244 3524 usurpasse:
3289 3453 3532 3509 Novissi-

1951 3567 2030 3606 me
2063 3559 2239 3606 autem
2271 3550 2508 3606 omnium
2534 3547 2672 3602 velut
2706 3548 2943 3602 abortivo
2979 3549 3120 3602 visus
3146 3557 3222 3602 est
3251 3557 3298 3602 et
3329 3547 3455 3601 mihi
3485 3547 3528 3602 ³.

1952 3645 2058 3699 Sed
2087 3651 2142 3700 et
2171 3642 2360 3700 eadem
2381 3643 2437 3696 in
2467 3640 2708 3711 Epistola
2741 3641 3041 3696 Salvatoris
3073 3656 3196 3694 cum
3229 3643 3533 3710 arqualibus

1951 3734 2066 3790 suis
2096 3734 2164 3787 ad
2217 3730 2609 3786 Acbamothem
2651 3746 2934 3786 accessum
2981 3730 3358 3799 signiﬁcasse,
3406 3746 3530 3784 cum

1950 3825 2123 3882 dixit:
2154 3821 2380 3894 Oportet
2409 3821 2692 3877 mulierem
2729 3822 2908 3876 velato
2931 3833 3052 3874 esse
3078 3821 3277 3889 capite,
3309 3830 3532 3890 propter

1951 3913 2171 3986 angelos
2196 3913 2242 3966 ⁸.
2294 3910 2546 3969 Eamdem
2605 3911 2749 3965 illam
2791 3911 3182 3966 Achatnothem
3225 3905 3296 3964 ad
3329 3912 3533 3964 θαι-ιλιι-

1951 4013 2066 4061 tum
2107 4003 2407 4060 Salvatoris
2437 4002 2666 4074 ‘pudore
2709 4001 2955 4057 aﬁ‘ectam
2995 4002 3114 4056 velo
3148 4010 3313 4072 caput
3357 3999 3533 4054 obdu-

1951 4097 2126 4157 xisse,
2159 4091 2492 4148 declaratum
2525 4105 2556 4145 a
2585 4091 2733 4147 Mose
2757 4131 2771 4155 ,
2800 4105 2923 4144 cum
2956 4088 3144 4144 faciem
3178 4089 3455 4160 obtegeret
3485 4090 3527 4142 ⁵.

1951 4182 2086 4240 Nam
2122 4185 2243 4240 illas
2271 4200 2408 4256 quas
2451 4193 2536 4240 est
2577 4198 2836 4253 perpessa
2873 4181 3214 4238 calamitates
3253 4182 3532 4252 animique

1953 4279 2348 4333 commotiones
2406 4275 2693 4329 Dominum
2753 4273 2934 4330 ferunt
2973 4273 3025 4327 in
3077 4289 3239 4329 cruce
3303 4274 3531 4329 demon-

1953 4377 2180 4425 strasse.
2223 4366 2383 4422 Velut
2421 4379 2544 4420 cum
2585 4365 2754 4419 dixit:
2795 4364 2929 4418 Deus
2963 4381 3128 4430 meus,
3163 4383 3326 4436 quare
3343 4365 3533 4420 dereli-

268 4439 491 4520 mtousw
533 4465 589 4518 ἐν
634 4463 713 4534 τῷ
759 4461 999 4532 σταυρῷ.
1036 4461 1144 4514 Καὶ
1179 4461 1236 4513 ἐν
1287 4459 1383 4530 μὲν
1422 4456 1500 4528 τῷ
1534 4457 1706 4509 εἰπεῖν
1734 4495 1748 4517 ,
1793 4455 1836 4507 ’ί

1952 4462 2108 4531 quisti
2142 4474 2222 4512 me
2257 4457 2315 4511 °?
2348 4455 2657 4512 ostendisse
2702 4439 3033 4526 Sapientiam
3058 4473 3088 4510 a
3129 4457 3332 4511 lumine
3362 4457 3533 4512 desti-

268 4561 416 4624 Θεός
442 4574 585 4626 μου,
609 4558 696 4621 εις
726 4556 782 4609 τί
800 4552 1184 4624 ἐγκατέλιπές
1206 4569 1282 4621 με
1304 4568 1323 4616 ;
1359 4548 1728 4622 μεμηνυκέναι
1755 4549 1836 4602 αὐ·

1954 4561 2158 4614 tutam,
2191 4555 2244 4603 et
2279 4547 2346 4602 ab
2387 4546 2531 4602 ﬂoro
2578 4563 2646 4603 ne
2691 4548 2830 4601 ultra
2872 4556 3120 4620 pergeret
3177 4548 3530 4618 prohibitam.

264 4651 356 4702 τὸν
381 4691 396 4714 ,
444 4650 526 4702 δτι
565 4647 868 4717 ἀπελείφθη
922 4646 1031 4700 ἀπὸ
1063 4644 1155 4699 τοῦ
1207 4644 1382 4713 φωτὸς
1436 4644 1469 4713 ἡ
1518 4640 1687 4710 Σοφία
1712 4683 1726 4706 ,
1761 4636 1836 4693 κα

1957 4641 2209 4712 Ejusdem
2245 4655 2374 4695 vero
2399 4640 2640 4695 dolorem
2676 4655 2800 4696 cum
2837 4639 3005 4694 dixit:
3038 4640 3226 4694 Tristis
3249 4651 3324 4694 est
3352 4642 3535 4693 anima

269 4742 522 4812 ἐκωλύθη
551 4742 655 4795 ὑπὸ
683 4740 778 4795 τοῦ
814 4743 980 4811 Ὄρου
1013 4741 1110 4811 τῆς
1141 4740 1221 4802 είς
1250 4736 1624 4808 τοῦμπροσθεν
1653 4735 1836 4806 ὁρμῆς

1951 4750 2069 4789 mea
2107 4749 2268 4802 usque
2296 4731 2365 4785 ad
2404 4742 2622 4786 mortem
2654 4731 2673 4761 ’⁷
2701 4749 2716 4796 ;
2765 4731 3037 4794 timorem,
3069 4747 3190 4786 cum
3223 4733 3296 4786 ita
3320 4730 3533 4784 Patrem

263 4837 370 4905 τὴν
405 4835 465 4888 δέ
492 4834 670 4904 λύπην
699 4833 892 4904 αὐτῆς,
914 4833 970 4884 ἐν
993 4831 1071 4903 τῷ
1098 4832 1288 4883 εἰπεῖν’
1313 4829 1650 4897 Περίλυπός
1683 4827 1836 4880 ἐστο

1953 4825 2220 4880 allocutus
2248 4831 2332 4879 est
2359 4841 2373 4876 :
2411 4822 2594 4885 Pater,
2613 4823 2659 4876 si
2696 4821 2943 4890 possibile
2971 4831 3048 4874 est
3068 4863 3084 4888 ,
3116 4830 3352 4876 transeat
3391 4839 3422 4875 a
3457 4839 3536 4875 me

265 4929 309 4995 ἡ
337 4925 511 4996 ψυχτὶ
540 4943 660 4994 μου
692 4925 803 4991 ἕως
829 4923 1088 4979 θανάτου
1109 4940 1122 4954 ο
1153 4922 1245 4975 τὸν
1268 4921 1324 4974 δέ
1345 4920 1508 4989 φόϐον
1532 4960 1546 4985 ,
1582 4921 1639 4972 ἐν
1669 4917 1747 4988 τῷ
1778 4918 1836 4970 εἰς

1953 4917 2096 4969 calix
2151 4916 2251 4968 iste
2295 4913 2337 4968 '.
2390 4912 2467 4967 Ita
2515 4911 2731 4967 consilii
2784 4911 3019 4980 in0piam
3069 4911 3156 4965 his
3207 4911 3424 4966 verbis:
3467 4910 3535 4964 Et

259 5020 393 5070 πεῖν
411 5034 426 5048 ο
459 5016 673 5083 Πάτερ,
703 5017 755 5068 εί
787 5013 1050 5069 δυνατόν
1073 5053 1086 5077 ,
1119 5013 1454 5081 παρελθέτω
1483 5011 1583 5065 ἀπ’
1613 5008 1758 5079 ἐμοῦ
1790 5027 1836 5062 τι

1954 5004 2078 5076 quid
2109 5003 2287 5057 dicant
2317 5003 2510 5057 nescio.
2550 5001 2704 5068 Quod
2743 5000 2808 5055 ad
2847 5001 2954 5056 tria
3004 5008 3213 5072 Spectat
3249 5002 3534 5056 hominum

256 5109 589 5177 xanimor"
621 5109 714 5161 καὶ
739 5107 838 5178 τὴν
867 5105 1100 5177 ἀπορίαν
1128 5105 1185 5159 δὲ
1207 5104 1486 5167 ὡσαύτως,
1507 5105 1562 5156 ἐν
1593 5101 1670 5174 τῷ
1695 5103 1836 5173 εἰρη‹

1957 5112 2184 5168 genera,
2224 5097 2305 5151 sic
2356 5095 2507 5149 illum
2565 5095 2836 5149 indicasse
2871 5094 3244 5157 contendunt;
3295 5095 3540 5149 materia:

253 5204 426 5259 κέναι
447 5218 462 5231 ·
492 5200 600 5254 Kal
632 5199 686 5252 τί
714 5199 864 5252 εἴπω
887 5200 998 5252 οὐκ
1029 5196 1180 5252 οῖδα.
1209 5195 1347 5266 Τρία
1375 5194 1433 5248 δέ
1465 5193 1596 5264 γένη
1640 5190 1836 5263 ἀνθρώ-

1957 5188 2175 5262 quidem
2210 5186 2451 5253 atﬁxum,
2480 5202 2602 5241 curn
2630 5187 2984 5258 interroganti
3008 5204 3022 5241 :
3065 5185 3206 5240 Num
3231 5195 3278 5240 te
3305 5189 3540 5257 sequar?

249 5314 388 5352 πων
435 5292 583 5347 οὕτω
628 5290 923 5361 δεδειχέναι
971 5288 1309 5342 διδάσκουσιν
1357 5285 1552 5339 αὐτόν’
1612 5284 1702 5337 τὸν
1755 5283 1836 5352 μὲι

1960 5282 2289 5354 respondit:
2356 5278 2481 5334 Non
2532 5279 2684 5334 habet
2737 5279 2912 5335 Filius
2953 5279 3180 5334 hominis
3235 5280 3322 5333 ubi
3381 5289 3539 5347 caput

247 5385 480 5448 ὑλικὸν,
511 5385 570 5435 ἐν
592 5381 668 5453 τῷ
707 5383 876 5435 εἰπεῖν
907 5377 984 5451 τῷ
1029 5379 1362 5450 ἐρωτήσαντι
1385 5392 1398 5404 ο
1441 5374 1836 5440 ’Λκολουοήσο

1965 5375 2173 5428 reclinet
2210 5375 2272 5441 ’;
2313 5371 2602 5455 animalem
2636 5381 2814 5428 autem
2839 5412 2854 5436 ,
2895 5388 3018 5426 cum
3069 5372 3120 5427 ei
3171 5372 3260 5434 qui
3296 5370 3535 5424 dixerat:

348 5503 362 5532 ¹
398 5501 544 5554 Iren.
579 5496 775 5550 αὐτῶν.
855 5499 891 5530 ι’
925 5494 1248 5567 Perusiam.
1350 5495 1370 5524 ²
1394 5491 1535 5567 _l._uc.
1577 5507 1695 5567 rut.
1735 5491 1794 5567 ll
1825 5506 1836 5545 ε

1937 5535 1944 5546 .
2126 5491 2374 5567 Co_r.__x_v_,
2400 5489 2489 5567 8_.A
2561 5490 2619 5567 ‘_l
2643 5492 2780 5567 βυτ.
2817 5506 2895 5557 xt,
3150 5487 3320 5545 Exod.
3355 5497 3538 5546 xxxiv,

247 5574 365 5629 29.
443 5573 465 5601 ⁶
501 5567 691 5627 Matth.
718 5583 878 5635 xxvrt,
912 5570 1014 5635 4.6;
1075 5561 1240 5620 Mare.
1275 5578 1364 5628 xv,
1393 5564 1481 5619 51.
1566 5564 1594 5629 ,⁷
1631 5562 1824 5616 Matth.

1939 5564 2121 5623 ".53.
2201 5561 2515 5620 'ibid.59.
2591 5561 2882 5627 ’1.uc.lx,
2928 5561 3130 5628 57,58.

606 5664 865 5722 Ριτιιοι.
903 5665 1018 5725 Gn.
1063 5663 1117 5722 Χ
1133 5662 1227 5724 LI.

3191 5651 3260 5710 l7
