3956 6070
408 277 520 338 ὸῖδ

414 414 619 483 Sequar
636 416 714 463 te:
730 403 819 462 sed
831 401 1073 473 permitte
1090 395 1217 451 mihi
1238 391 1384 462 prius
1408 398 1465 444 ut
1484 387 1774 445 renuntiem
1798 386 1863 440 iis
1880 399 1998 455 qua:
2030 371 2072 427 Α

415 505 471 558 in
497 479 657 557 domo
681 515 795 554 mea
816 504 936 550 sunt
959 494 975 525 ¹
998 489 1326 558 ;italocutus
1343 490 1456 539 est:
1476 480 1641 535 Nemo
1661 479 1866 532 mittens
1885 492 2000 529 ma-

416 590 625 647 num‘ad
636 596 895 649 aratrum,
910 580 1226 651 etaspieiens
1242 583 1399 640 retro,
1415 582 1565 641 aptus
1580 579 1654 625 est
1674 585 1827 640 regno
1846 566 1974 621 Dei’
1985 608 1998 622 .

421 684 578 739 Hunc
600 680 745 736 enim
766 675 959 732 media:
978 669 1310 728 conditionis
1336 680 1459 721 esse
1487 663 1699 718 dicunt.
1729 658 1888 731 195
1912 657 2002 713 Si-

420 773 627 828 militer
646 781 770 825 eum
791 766 881 837 qui
909 779 968 818 se
990 762 1277 833 plerasque
1300 754 1529 826 iustitiae
1547 760 1730 824 partes
1751 750 2007 820 implesse

423 864 659 926 dixerat,
678 858 775 914 sed
805 828 960 926 sequi
991 828 1265 913 noluerat,
1300 853 1355 901 et
1388 858 1497 914 quo
1525 843 1705 896 minus
1737 828 2015 908 perfectus

420 967 549 1009 esse
584 951 778 1015 vellet,
814 945 1128 1001 divitiarum
1178 936 1475 1008 cupiditate
1509 932 1685 987 fuerat
1720 930 2006 993 infractus,

430 1045 576 1099 hunc
597 1042 777 1113 ipsum
799 1053 865 1094 ex
893 1032 1113 1090 animali
1141 1043 1338 1102 genere
1362 1026 1532 1081 fuisse
1554 1023 1763 1079 volunt.
1781 1019 2011 1090 Spirita-

412 1142 537 1196 .lem
553 1136 771 1192 demum
792 1146 858 1188 eo
874 1132 1019 1187 dicto
1040 1123 1492 1195 comprehensum
1510 1136 1525 1172 :
1540 1117 1667 1174 Sine
1683 1121 1915 1169 mortuos
1935 1126 2015 1164 se-

432 1229 596 1298 pelire
624 1233 860 1280 mortuos
890 1236 1013 1276 suos
1037 1234 1056 1281 ς
1082 1226 1137 1270 ιιι
1167 1222 1340 1268 autem
1354 1211 1530 1266 abiens
1552 1206 1783 1278 prtedica
1802 1217 2014 1274 regnum

438 1292 537 1375 Dei
550 1320 591 1386 ⁸;
612 1320 739 1374 item
757 1330 879 1371 cum
893 1312 1151 1367 Zacelnco
1169 1306 1455 1377 publicano
1468 1301 1621 1358 dixit:
1633 1296 1913 1353 Festinans
1934 1292 2020 1347 de-

440 1410 663 1473 scende,
707 1408 832 1477 quia
869 1402 1023 1457 hodie
1060 1403 1115 1454 in
1165 1399 1321 1454 domo
1377 1407 1472 1449 tua
1523 1399 1723 1463 oportet
1774 1404 1853 1443 me
1900 1402 2020 1440 ma-

442 1520 563 1559 nere
598 1504 638 1557 ⁵.
678 1499 819 1554 Istos
868 1495 1011 1552 enim
1058 1505 1247 1548 omnes
1292 1505 1323 1544 e
1362 1485 1590 1557 spiritali
1620 1496 1818 1555 genere
1855 1478 2025 1534 exsti-

440 1596 578 1651 tisse
606 1596 851 1646 narrant.
869 1584 1011 1651 Quin
1039 1583 1204 1639 etiam
1234 1575 1484 1634 fermenti
1511 1572 1850 1644 parabolam,
1878 1567 2026 1639 quod

445 1680 801 1741 abscondisse
852 1676 1045 1731 tnulier
1071 1675 1123 1727 in
1156 1671 1348 1725 farina:
1379 1667 1514 1722 satis
1559 1666 1734 1719 tribus
1771 1662 1966 1732 legitur
1981 1659 2024 1723 ',

1822 246 1885 303 Β.
1922 245 2268 302 ΕΡιΡιιΑΝιι

3574 229 3691 289 594

2104 380 2202 419 σοι
2222 380 2312 428 ;-
2332 363 2454 417 Οὐκ
2479 361 2603 431 ἔχει
2636 360 2669 415 ό
2695 356 2821 424 Υἱὸς
2854 355 2955 411 τοῦ
2979 350 3292 422 ἀνθρώπου
3314 345 3434 403 ποῦ
3464 343 3577 417 τὴν
3592 361 3693 400 κε-

2106 459 2312 530 φαλὴν
2346 456 2580 512 κλῖναι·
2616 454 2677 508 τὺ
2712 452 2767 506 δὲ
2789 448 3037 524 ψυχικὸν,
3078 449 3136 500 ὲν
3166 445 3245 516 τῷ
3289 440 3571 515 εἰρηκέναι
3609 438 3696 509 τῷ

2109 529 2333 616 εἰπόντι,
2364 547 2778 615 Ἀκολουθήσω
2802 560 2902 600 σοι
2921 562 2935 577 ο
2966 542 3291 608 ἐπίτρεψον
3312 535 3381 590 δέ
3400 551 3502 605 μοι
3532 529 3696 601 πρῶ-

2109 660 2217 697 τον
2251 638 2663 704 ἀποτάξασθαι
2692 634 2816 702 τοῖς
2847 634 2917 687 ἐν
2936 629 3016 696 τῷ
3036 631 3179 693 οἴκῳ
3194 643 3315 697 μου
3340 640 3354 655 ⁸
3380 653 3453 666 —
3479 621 3698 687 οὐδεὶς

2111 734 2205 788 ἐπ’
2233 731 2484 803 ἄροτρον
2519 724 2634 797 τὴν
2665 718 2833 797 χεῖρα
2862 719 3182 782 ἐπιϐαλὼν,
3216 716 3312 771 καί
3340 717 3427 781 εὶς
3458 713 3534 768 τὰ
3565 712 3699 766 σπι-

2113 839 2202 879 σω
2236 802 2520 887 βλέπων,
2554 818 2797 882 εὔθετός
2832 816 3006 869 ἐστιν
3050 810 3122 864 ἐν
3157 807 3231 877 τῇ
3259 806 3553 873 βασιλείᾳ
3579 802 3703 857 τῶν

2116 915 2407 984 οὐρανῶν.
2436 911 2638 966 Τοῦτον
2668 909 2779 980 γὰρ
2817 907 3034 976 λέγουσι
3066 903 3157 958 τὸν
3189 901 3351 970 μέσον
3388 893 3548 953 εἶναι.
3577 898 3703 950 Κά-

2118 1011 2295 1072 κείνον
2342 1005 2400 1058 δὲ
2454 1001 2714 1064 ὡσαύτως
2767 997 2859 1054 τὸν
2914 996 2984 1050 τὰ
3034 993 3259 1048 πλεῖστα
3311 990 3452 1064 μέρη
3488 988 3590 1059 τῆς
3622 987 3705 1042 δι-

2120 1095 2414 1167 καιοσύνης
2442 1091 2850 1166 ὁμολογήσαντα
2883 1085 3262 1156 πεποιηκέναι,
3290 1081 3481 1136 ἔπειτα
3510 1081 3586 1151 μὴ
3613 1078 3705 1132 θε-

2121 1189 2362 1262 λήσαντα
2385 1183 2764 1255 ἀκολουθῆσαι,
2799 1177 2935 1235 ἀλλά
2958 1178 3065 1232 ὑπὸ
3102 1174 3335 1231 πλούτου
3374 1173 3703 1246 ἡττηθέντα,

2125 1280 2261 1351 πρὸς
2287 1276 2349 1331 τδ
2395 1276 2471 1348 μὴ
2507 1274 2708 1328 τέλειον
2739 1268 2991 1342 γενέσθαι
3018 1308 3035 1335 ,
3074 1269 3170 1322 καὶ
3203 1268 3391 1321 τοῦτον
3421 1265 3515 1319 τοῦ
3544 1264 3708 1335 ψυχι-

2126 1369 2225 1427 κοῦ
2252 1370 2442 1440 γένους
2468 1366 2747 1436 γεγονέναι
2778 1362 3009 1418 θέλουσι.
3035 1360 3110 1416 Τὸ
3143 1360 3201 1414 δὲ
3223 1357 3609 1429 πνευματικὴν,
3648 1357 3710 1410 ἐν

2127 1463 2206 1534 τῷ
2245 1462 2417 1515 εἰπεῖν
2436 1472 2452 1489 ⁶
2488 1461 2663 1527 Ἄφες
2697 1455 2839 1521 τοὺς
2878 1451 3128 1524 νεκροὺς
3163 1448 3349 1519 θάψαι
3385 1448 3531 1514 τοὺς
3565 1447 3708 1500 eav-

2130 1551 2251 1607 τῶν
2299 1549 2582 1619 νεκρούς·
2628 1545 2711 1601 σὺ
2765 1545 2834 1599 δὲ
2877 1543 3188 1614 πορευθεὶς
3233 1539 3551 1611 διάγγελλε
3593 1537 3713 1606 τὴν

2129 1641 2458 1710 βασιλείαν
2491 1638 2597 1694 τοῦ
2629 1637 2775 1693 Θεοῦ
2797 1654 2811 1668 ο
2851 1628 2946 1690 καί
2986 1635 3078 1688 ἐπὶ
3115 1632 3386 1703 Ζακχαίου
3414 1629 3509 1684 τοῦ
3541 1627 3714 1682 τελώ-

448 1714 801 1741 Iuauuuuiaau
852 1714 1035 1731 unum...
1071 1714 1123 1727 ...
1157 1714 1348 1725 nu"...
1380 1714 1512 1722 _..--_
1562 1714 1731 1719 νην,
1774 1714 1852 1732 qu
2010 1714 2023 1723 α

448 1775 644 1845 triplex
695 1767 827 1824 illud
885 1778 1056 1836 genus
1109 1761 1372 1816 indicare.
1426 1754 1707 1825 Siquidem
1749 1751 2028 1805 mulierem

2149 1750 2223 1786 mu
2269 1729 2471 1785 εἰπών·
2503 1729 2784 1794 Σπεύσας
2826 1721 3109 1789 κατάϐηθι
3133 1760 3149 1785 ,
3200 1719 3289 1774 ὅτι
3343 1716 3612 1788 σήμερον
3644 1714 3716 1768 ἐν

2182 1827 2209 1841 σν
2285 1827 2307 1845 ν
2354 1841 2385 1845 _-
2442 1840 2545 1845 μη-
2595 1822 2683 1845 3-?
2720 1838 2781 1845 ---
2818 1818 3000 1845 ..-τηρη
3025 1834 3039 1845 .
3074 1814 3300 1845 -.υτ-..ηρ
3328 1813 3437 1845 uim
3465 1826 3714 1845 minus”-

449 1874 608 1927 istam
634 1863 965 1935 Sapientiam
991 1877 1007 1927 ;
1040 1859 1228 1913 farina:
1268 1863 1385 1911 sata
1410 1893 1425 1919 ,
1466 1853 1569 1907 tria
1601 1850 1878 1906 hominum
1910 1861 2031 1901 esse

451 1973 650 2031 genera
680 1995 694 2021 ,
752 1951 999 2024 spiritale
1025 1990 1039 2013 ,
1102 1946 1333 2002 animale
1358 1986 1372 2011 ,
1424 1950 1720 1997 terrenum.
1754 1932 2031 1992 Fermenti

450 2023 617 2124 porro
678 2045 899 2104 nomine
971 2040 1314 2097 Salvatorem
1367 2036 1547 2106 ipsum
1607 2028 1887 2102 appellari.
1944 2023 2036 2080 Sic

453 2143 616 2199 etiam
649 2150 925 2202 terrenos,
960 2131 1225 2187 animales
1257 2143 1322 2183 ac
1365 2123 1638 2197 Spiritales
1665 2137 1696 2175 a
1727 2119 1895 2174 Paulo
1939 2116 2039 2171 ho-

456 2234 634 2288 mines
686 2242 810 2286 esse
868 2227 1360 2282 commemoratos,
1417 2214 1615 2286 partim
1677 2212 1763 2266 his
1812 2208 2034 2264 verbis:

459 2325 650 2393 Qualis
699 2332 968 2380 terrenus,
1014 2312 1144 2367 tales
1204 2319 1253 2363 et
1300 2308 1491 2363 terreni
1526 2306 1597 2369 σς
1646 2301 1843 2373 partim
1879 2298 2036 2354 istis:

459 2389 725 2471 .inimalis
755 2408 908 2463 homo
938 2419 1041 2458 non
1083 2399 1302 2471 percipit
1330 2414 1392 2452 ea
1429 2410 1545 2465 quae
1571 2401 1691 2447 sunt
1724 2390 1943 2461 spiritus
1973 2389 1993 2420 "
2025 2406 2039 2455 ;

457 2506 657 2577 partim
687 2498 921 2569 denique
938 2508 1063 2548 cum
1089 2492 1202 2546 ait:
1229 2486 1505 2559 Spiritalis
1530 2483 1706 2540 omnia
1727 2479 2043 2551 dijudicat'.

460 2575 541 2652 Ex
578 2594 781 2667 quibus
806 2590 1042 2661 primum
1072 2583 1232 2647 illud,
1282 2579 1546 2636 Animaiis
1598 2594 1701 2633 non
1729 2575 1946 2646 percipit
1985 2590 2047 2628 ea

463 2664 611 2759 quae-
637 2692 760 2740 sunt
806 2680 1022 2749 spiritus
1049 2719 1065 2744 ,
1136 2674 1205 2729 ad
1262 2671 1610 2727 Conditorem
1654 2674 1846 2738 putant
1883 2664 2050 2735 perti-

467 2758 627 2835 nere:
662 2775 754 2847 qui
783 2786 909 2828 cum
939 2770 1010 2824 sit
1054 2765 1307 2822 animalis
1335 2804 1349 2826 ,
1382 2776 1559 2830 neque
1593 2758 1817 2813 Matrem
1866 2760 2052 2824 utpote

469 2845 768 2939 spiritalem
809 2857 1131 2930 cognoscit,
1184 2866 1359 2922 neque
1412 2851 1637 2919 stirpem
1694 2845 1866 2917 ipsius
1895 2884 1910 2909 ,
1949 2857 2052 2898 nec

469 2934 675 3017 zi‘lones
698 2953 841 3018 illos,
887 2948 982 3018 qui
1006 2945 1311 3000 Pleromate
1342 2942 1709 2996 continentur.
1753 2934 1909 3003 Quod
1958 2948 2054 2987 au-

470 3064 583 3107 tem
622 3062 844 3108 eorum,
877 3041 1078 3113 quibus
1104 3038 1333 3093 salutem
1369 3041 1487 3090 erat
1528 3033 1792 3086 allaturus
1816 3070 1830 3096 ,
1865 3026 2056 3099 primi-

472 3146 582 3199 tias
614 3138 867 3194 Salvator
894 3098 1217 3200 -susceperit
1237 3169 1252 3194 ,
1283 3126 1353 3181 ob
1392 3124 1448 3179 id
1495 3122 1879 3194 pronuntiasse
1917 3118 2059 3173 Pau-
2084 3098 2129 3160 (ἶ
2160 3122 2229 3160 τοι

477 3237 613 3298 lum,
660 3227 732 3284 Et
755 3229 801 3282 si
826 3223 1077 3297 primitiae
1105 3228 1322 3282 sanctte,
1352 3225 1401 3271 et
1449 3230 1626 3269 massa
1654 3214 1676 3247 ’
1704 3230 1719 3280 ;
1755 3211 1844 3267 ubi
1870 3208 2061 3281 primi-

475 3325 583 3379 tias
629 3320 697 3375 ad
746 3317 801 3393 id
838 3312 983 3387 quod
1012 3318 1097 3369 est
1130 3308 1379 3381 spiritale
1411 3304 1686 3361 referunt:
1720 3316 1955 3356 massam
1990 3299 2059 3354 ad

477 3430 581 3470 nos
607 3452 623 3479 ,
651 3392 881 3467 hoc‘est
928 3402 1217 3460 animalem
1250 3396 1551 3452 Ecclesiam
1579 3411 1594 3460 ;
1628 3392 1787 3463 cujus
1820 3405 2056 3446 massam

481 3506 663 3562 abillo
702 3506 1014 3570 susceptam
1039 3537 1054 3562 ,
1087 3495 1143 3549 in
1173 3493 1374 3561 illoque
1402 3493 1735 3544 contractam
1760 3527 1777 3552 ,
1815 3483 2061 3556 quando-

483 3596 704 3669 quidem
732 3600 850 3648 erat
875 3591 992 3660 ipse
1020 3587 1365 3641 fermentum.

481 3641 719 3758 Et“
733 3641 1034 3749 ξ
1073 3674 1170 3746 τὴν
1237 3670 1472 3743 ψυχικὴν
1496 3667 1835 3749 ⁸Ἐκκλησίαν
1863 3706 1880 3735 ,
1929 3661 1997 3739 ἧς
2038 3664 2099 3718 τὸ
2174 3660 2401 3733 φύραμα
2433 3646 2777 3719 ἀνειληφέναι
2816 3641 3054 3711 λέγουσιν

486 3777 904 3837 συνεσταλκέναι
925 3816 938 3839 ,
972 3770 1158 3840 ἐπειδὴ
1176 3763 1258 3840 ηῆν
1288 3767 1450 3830 αὐτὸς
1471 3764 1637 3837 ζύμη.

553 3870 747 3927 XXVI.
778 3868 852 3922 De
889 3860 1223 3918 Achamotbe
1253 3871 1437 3928 porro,
1483 3871 1604 3912 eam
1633 3863 1787 3912 extra
1814 3853 2064 3910 Pleroma

489 3969 830 4024 aberrantem
862 3973 893 4013 a
918 3955 1139 4012 Christo
1171 3950 1340 4005 fuisse
1363 3947 1671 4011 formatam,
1699 3954 1752 4001 et
1780 3946 1849 4002 ab
1876 3944 2066 4001 eodem

2135 1827 2217 1894 τῷ
2247 1827 2391 1890 οἴκῳ
2429 1840 2545 1880 σου
2588 1822 2683 1877 δεῖ
2706 1838 2781 1891 με
2804 1818 3003 1889 μεῖναι
3025 1834 3039 1848 ο
3074 1814 3300 1878 τούτους
3328 1813 3438 1882 γὰρ
3465 1826 3714 1881 πνευμα-

2138 1915 2291 1971 τικοῦ
2331 1916 2517 1986 γένους
2550 1908 2974 1979 καταγγέλλονσι
3001 1904 3300 1976 γεγονέναι.
3345 1900 3448 1956 Καὶ
3485 1899 3583 1971 τὴν
3616 1898 3717 1968 τῆς

2144 2007 2322 2079 ζύμης
2355 2002 2698 2077 παραϐολὴν,
2731 2001 2799 2071 ἣν
2828 2000 2861 2070 η
2894 1996 3031 2066 γυνὴ
3064 1992 3462 2065 ἐγκεκρυφέναι
3495 1988 3718 2057 λέγεται

2145 2104 2225 2165 είς
2254 2098 2482 2174 ἀλεύρου
2514 2096 2649 2150 σάτα
2676 2093 2824 2166 τρία,
2848 2088 2918 2143 τὰ
2941 2087 3068 2160 τρία
3093 2084 3225 2155 γένη
3254 2079 3447 2152 δηλοῦν
3474 2079 3718 2148 λέγουσι.

2145 2172 2385 2248 Γυναῖκα
2421 2188 2519 2261 μὲν
2548 2185 2656 2258 γὰρ
2684 2184 2783 2255 τὴν
2828 2181 3025 2250 Σοφίαν
3051 2174 3305 2245 λέγεσθαι
3335 2172 3676 2227 διδάσκουσιν
3704 2186 3719 2203 ’

2148 2284 2377 2356 ἀλεύρου
2409 2281 2567 2342 σάτα,
2594 2277 2663 2331 τὰ
2682 2274 2809 2346 τρία
2837 2274 2969 2343 γένη
2988 2271 3095 2325 τῶν
3115 2266 3440 2340 ἀνθρώπων
3478 2280 3724 2335 πνευμα-

2147 2352 2316 2438 τικὸν,
2343 2369 2589 2444 ψυχικὸν,
2625 2366 2825 2438 χοῖκόν.
2866 2361 3050 2434 Ζύμην
3082 2360 3137 2414 δὲ
3170 2356 3331 2412 αύτδν
3357 2355 3469 2409 τὸν’
3495 2352 3726 2421 Σωτῆρα

2151 2464 2402 2539 εἰρῆσθαι
2430 2459 2742 2515 διδάσκουσι
2764 2471 2778 2487 ·
2819 2455 2912 2510 καὶ
2941 2452 3032 2507 τὸν
3074 2448 3285 2505 Παῦλον
3313 2445 3608 2517 διαρρήδην
3652 2444 3727 2496 εί-

2155 2557 2380 2631 ρηκέναι
2431 2552 2648 2626 χοῖκοὺς
2676 2589 2694 2613 ,
2750 2545 3014 2618 ψυχικοὺς
3040 2582 3056 2607 ,
3108 2536 3542 2611 πνευματικούς·
3594 2535 3728 2589 ὅπου

2310 2618 2505 2709 Οἶοςίνό
2539 2638 2744 2711 χοϊκός
2769 2677 2784 2700 ,
2818 2633 3075 2690 τοιοῦτοι
3109 2629 3208 2684 καὶ
3234 2630 3288 2684 οι
3317 2627 3512 2696 χοϊκοί
3535 2643 3548 2656 ’
3595 2618 3729 2678 om

2155 2714 2232 2802 δὲ,
2260 2732 2524 2806 Ψυχικός
2551 2730 2619 2785 δὲ
2641 2727 2950 2798 ἄνθρωπος
2975 2725 3047 2779 οὐ
3072 2721 3305 2801 δέχεται
3324 2718 3396 2773 τὰ
3417 2714 3524 2770 τοῦ
3553 2714 3727 2769 πνεύ-

2151 2840 2368 2900 ματος·
2403 2826 2538 2878 ὅπου
2585 2820 2642 2874 δὲ
2666 2860 2681 2885 ,
2729 2813 3135 2887 Πνευματικύς
3169 2809 3469 2881 ἀνακρίνει
3507 2806 3729 2860 πάντα.

2157 2919 2231 2974 Τὸ
2261 2919 2351 2985 δὲ,

2142 3011 2251 3064 ίὲπὶ
2288 3007 2382 3063 τοῦ
2407 2999 2748 3078 Δημιουργοῦ
2785 3015 2946 3070 φασιν
2984 2994 3234 3069 εἰρῆσθαι
3257 3009 3271 3024 ο
3301 2992 3360 3045 ὃν
3388 2988 3623 3061 ψυχικὸν
3649 2986 3728 3040 δν-

2270 3106 2344 3176 μὴ
2373 3073 2671 3171 ἐγνιοκέναι
2706 3093 2843 3166 μήτε
2873 3089 2971 3162 τὴν
2989 3087 3217 3161 Μητέρα
3242 3080 3616 3155 πνευματικὴν
3647 3073 3733 3132 οὗ.

2165 3172 2283 3264 σαν,
2325 3172 2462 3267 μήτε
2495 3191 2556 3245 τὸ
2589 3187 2809 3259 σπέρμα
2840 3183 3008 3254 αὐτῆς
3027 3222 3041 3246 ,
3072 3180 3209 3251 μήτε
3248 3176 3375 3240 τοὺς
3403 3177 3459 3228 ὲν
3485 3172 3564 3246 τῷ
3589 3174 3733 3243 Πλη-

2165 3262 2628 3363 ρώματινΑίῶνας.
2663 3280 2786 3335 Ὅτι
2819 3274 2940 3331 ἰδὼν
2971 3273 3014 3305 ¹¹
3033 3269 3233 3344 ήμελλε
3265 3268 3458 3333 σώζειν
3481 3267 3510 3319 ὁ
3547 3262 3734 3336 Σωτὴρ

2157 3356 2364 3438 τούτων
2394 3376 2494 3440 τὰς
2526 3370 2778 3445 ἀπαρχὰς
2803 3364 3049 3430 ἀνέλαϐε,
3070 3362 3163 3417 τὸν
3192 3357 3402 3433 Παῦλον
3429 3356 3735 3429 εἰρηκέναι·

2164 3474 2276 3532 Kal
2304 3471 2384 3541 ἢν
2407 3468 2446 3537 ri
2475 3464 2715 3535 ἀπαρχὴ
2748 3461 2887 3531 ἁγία
2906 3497 2920 3522 ,
2950 3455 3049 3511 καὶ
3082 3453 3148 3509 τὸ
3178 3453 3419 3523 φύραμα
3440 3469 3455 3484 ·
3488 3445 3737 3519 ἀπαρχὴν

2170 3569 2269 3640 μὲν
2309 3537 2369 3617 τὸ
2399 3554 2765 3630 πνευματικὸν
2809 3548 3059 3623 εἰρῆσθαι
3097 3544 3469 3607 διδάσκοντες,
3512 3537 3740 3610 φύραμα

3103 3635 3295 3700 αὐτὸν,
3345 3633 3440 3687 καὶ
3488 3632 3550 3684 ὲν
3596 3625 3740 3699 αὐτῷ

2235 3841 2382 3908 Kq'.
2420 3832 2532 3890 Καὶ
2562 3832 2640 3886 ὅτι
2700 3822 2976 3895 ἐπλανήθη
3031 3821 3067 3893 ἡ
3125 3815 3379 3889 Ἀχαμὼθ
3436 3814 3595 3877 ἐκτὸς
3649 3813 3740 3869 τοῦ

2167 3931 2571 4006 Πληρὼμοιτος,
2601 3923 2699 3977 καὶ
2739 3913 3032 3988 ὲμορῳώθη
3071 3911 3176 3965 ὑπὸ
3216 3908 3309 3962 τοῦ
3341 3907 3579 3980 Χριστοῦ
3604 3946 3620 3971 ,
3653 3907 3742 3961 καὶ

490 3998 830 4024 auena-nuu-
862 3998 893 4013 ι-
921 3998 1137 4012 ν---ηην
1173 3998 1338 4005 -.υ---
1365 3998 1671 4011 ---η-μηπη,
1706 3998 1747 4001 _,
1784 3998 1841 4002 -Ὓ
1884 3998 1929 4001 Π

490 4058 794 4131 quaesitam,
831 4050 1123 4121 ipsummet
1151 4039 1478 4104 ostendisse,
1511 4053 1634 4093 cum
1665 4036 1823 4100 dixit,
1854 4034 2044 4090 venisst

2169 3998 2475 4097 ἀνεζητηθη
2508 4015 2612 4071 ὑπὸ
2650 4010 2744 4067 τοῦ
2787 4006 3069 4077 Σωτῆρος,
3104 4001 3325 4074 μηνύειν
3354 3999 3523 4052 αὑτὸν
3557 3998 3738 4068 λέγουο

2290 4115 2303 4131 ς
2336 4128 2343 4131 .
2378 4108 2446 4131 -ε
2493 4106 2664 4131 -ι--ι-..
2697 4097 2856 4131 mna...
2884 4091 3200 4131 ὲἎνιῚιιῆέυηι
3241 4089 3333 4131 ἐπὶ
3373 4088 3435 4131 τὺ
3466 4087 3738 4131 magnum

491 4125 551 4205 se
573 4145 641 4200 ad
684 4156 838 4197 ovem
884 4151 1006 4208 quae
1049 4140 1327 4187 erraverat
1350 4128 1421 4181 ιθ.
1457 4125 1588 4181 Esse
1610 4126 1755 4180 enim
1792 4132 2067 4180 errantem

491 4252 647 4294 ovem
699 4232 924 4288 Matrem
969 4226 1119 4280 illam
1169 4234 1323 4276 suam
1364 4217 1828 4287 interpretantur,
1885 4230 1916 4269 a
1961 4228 2069 4284 qua

491 4338 681 4385 nostra
712 4324 829 4379 haec
852 4315 1104 4374 Ecclesia
1135 4310 1346 4368 consita
1399 4308 1582 4364 fuerit.
1636 4306 1888 4362 Errorem
1919 4319 2066 4370 vero,

493 4417 644 4473 illius
670 4413 812 4467 inter
833 4402 1271 4479 perturbatiOnes
1296 4400 1443 4471 ipsas
1469 4405 1620 4453 extra
1647 4394 1897 4449 Pleroma
1926 4407 2073 4447 com-

496 4450 644 4473 ...ηιυ
835 4450 1269 4479 γ-.-...---------
1299 4450 1440 4471 τη-
1475 4450 1554 4453 __,
1596 4450 1618 4451 η

494 4504 878 4565 morationem,
902 4496 1046 4552 unde
1062 4493 1301 4549 materiae
1322 4492 1585 4562 originem
1613 4495 1918 4543 arcessunt.
1935 4483 2044 4538 Nan

2174 4470 2549 4545 Πληρώματος
2581 4467 2639 4517 ὲν
2670 4463 2784 4524 τοῖς
2814 4457 3010 4512 πάθεσι
3043 4450 3321 4524 διατριϐὴν
3344 4490 3359 4515 ,

495 4599 781 4655 mulierem
818 4589 978 4661 196
1001 4586 1146 4641 illam
1171 4597 1292 4654 qua:
1322 4580 1542 4636 domum
1579 4576 1773 4632 everrit
1796 4615 1810 4639 ,
1851 4582 1906 4628 et
1941 4573 2070 4627 dra-

476 4691 713 4747 ‘chmam
743 4682 951 4740 invenit
969 4678 1036 4732 ad
1058 4668 1336 4731 ccelestem
1360 4668 1692 4739 Sapientiam
1715 4663 2071 4729 transferunt,

499 4792 623 4849 qua:
655 4769 1002 4843 Enthymesin
1045 4779 1209 4835 quam
1252 4761 1509 4816 amiserat
1550 4765 1737 4829 postea
1768 4756 2075 4828 repurgatis

499 4846 755 4923 omnibus
785 4876 882 4934 per
915 4859 1204 4913 adventum
1238 4852 1539 4908 Salvatoris
1580 4848 1954 4920 recuperavit:
2004 4846 2077 4903 ob

502 4958 664 5029 idque
685 4947 973 5009 Pleromati
1000 4950 1226 5001 censent
1248 4956 1371 4998 esse
1394 4940 1722 4997 restitutam.
1763 4935 2074 4991 Simeonem

503 5028 655 5106 illum
708 5050 997 5117 praeterea,
1034 5036 1128 5108 qui
1162 5034 1439 5091 Christum
1485 5031 1541 5086 in
1574 5029 1720 5085 ulnis
1762 5028 2074 5099 gestaverit,

502 5142 658 5211 eique
689 5136 893 5209 gratias
931 5132 1018 5187 his
1048 5128 1229 5185 verbis
1261 5125 1469 5196 egerit:
1504 5120 1661 5176 Nune
1705 5120 1932 5175 dimittis
1962 5135 2075 5175 ser-

505 5249 623 5288 rum
676 5240 861 5294 tuum,
915 5223 1180 5299 Domine,
1228 5216 1511 5274 secundum
1559 5213 1767 5270 verbum
1817 5224 1965 5267 tuum
2018 5213 2073 5267 in

504 5338 633 5394 pace
665 5320 740 5372 ":
774 5313 1090 5372 Conditoris
1152 5308 1441 5377 imaginem
1476 5305 1679 5361 referre
1727 5305 1918 5360 dicunt
1955 5303 2070 5374 qui,

506 5391 824 5467 adveniente
837 5405 1143 5465 Salvatore,
1170 5399 1342 5469 ipsius
1371 5395 1890 5464 transportationem
1928 5391 2072 5448 didi-

577 5559 594 5590 ¹
632 5554 765 5607 Luc.
799 5565 883 5614 ix,
902 5546 992 5602 6|.

508 5606 695 5694 11,15.
759 5606 1077 5694 'ititd.__it.
1171 5606 1641 5694 :BPIIL‘II,J16.

511 5678 824 5766 τέττλανημ.
857 5687 1145 5762 πρόϐατον.
1171 5681 1338 5756 Πρόϐ.
1378 5679 1474 5751 μὲν
1507 5678 1637 5745 γάρ.

1087 5547 1108 5578 ²
1138 5543 1271 5598 ibid.
1302 5540 1391 5595 62.
1467 5539 1489 5570 ⁸
1520 5536 1651 5591 ibid.
1673 5538 1761 5594 60.
1839 5537 1861 5568 ⁸
1888 5535 2022 5590 Luc.
2051 5549 2164 5594 ιιι.
2196 5531 2249 5586 5.

1196 5612 1218 5644 ⁸
1250 5613 1406 5661 Rom.
1441 5624 1518 5661 xi.
1556 5606 1641 5661 16.
1725 5611 1767 5640 ¹ί⁹
1791 5607 1922 5661 Luc.
1956 5622 2045 5661 xv.
2082 5605 2114 5658 4
2154 5617 2249 5661 suo

1748 5612 1767 5635 θ
1791 5612 1922 5662 Luc.
1956 5622 2045 5672 xv,
2082 5612 2114 5658 4
2154 5617 2274 5674 sqq.

2178 4204 2337 4275 μένον
2369 4176 2434 4253 ³³,
2461 4194 2735 4266 Πρόϐατον
2777 4188 2875 4260 μὲν
2901 4186 3010 4256 γὰρ
3051 4180 3462 4251 πεπλανημένον
3493 4176 3595 4250 τὴν
3623 4180 3738 4249 Mn-

2173 4263 2308 4365 τέρα
2338 4263 2525 4346 αὐτῶν.
2557 4281 2875 4355 ἐξηγοῦνται
2901 4271 3185 4343 λέγεσθαι,
3222 4271 3281 4339 ἐξ
3303 4266 3371 4342 ἧς
3400 4270 3500 4341 τὴν
3528 4263 3631 4324 ὧδε
3663 4268 3741 4324 οέ.

2173 4357 2357 4439 λοῦσιν
2401 4374 2671 4447 ὲσπάρθαι
2706 4365 3067 4438 Ἐκκλησίαν
3120 4360 3328 4430 πλάνην
3362 4359 3420 4413 δὲ
3451 4357 3550 4429 τὴν
3595 4358 3741 4421 ἐκτὸς

3396 4448 3457 4514 ἐξ
3486 4443 3564 4503 ὧν
3592 4465 3740 4519 γεγο-

2176 4540 2326 4622 νέναι
2349 4540 2446 4634 τὴν
2471 4560 2602 4629 ὓλην
2628 4553 2989 4610 ὑποτίθενται.
3018 4546 3128 4617 Τὴν
3162 4544 3221 4599 δὲ
3254 4544 3487 4612 γυναῖκα
3526 4540 3625 4613 τὴν
3657 4558 3740 4596 σα-

2180 4658 2378 4733 ροῦσαν
2404 4632 2529 4723 ήτὴν
2561 4646 2769 4711 οἰκίαν,
2802 4642 2898 4697 καὶ
2945 4638 3302 4710 εύρίσκουσαν
3332 4633 3432 4705 τὴν
3476 4632 3742 4704 δραχμὴν,

2176 4723 2277 4818 τὴν
2309 4745 2421 4800 ἄνω
2450 4739 2647 4810 Σοφίαν
2687 4732 2998 4811 διηγοῦνται
3029 4729 3282 4799 λέγεσθαι
3305 4765 3321 4792 ,
3365 4725 3523 4796 ἥτις,
3554 4723 3741 4778 ἀπολέ-

2177 4809 2317 4891 σασα
2345 4832 2443 4904 τὴν
2499 4809 2827 4898 Ἐνθύμησιν
2855 4820 3026 4892 αὐτῆς
3050 4859 3066 4884 ,
3098 4818 3323 4890 ὕστερον
3343 4855 3357 4880 ,
3393 4809 3740 4883 καθαρισθένο

2175 4943 2284 4981 των
2317 4896 2534 4979 πάντων
2559 4918 2647 4973 διὰ
2665 4896 2771 4988 τῆς
2798 4912 2892 4966 τοῦ
2942 4909 3192 4980 Σωτῆρος
3219 4901 3555 4975 παρουσίας,
3601 4896 3739 4970 cupio

2178 5035 2297 5073 σκει
2321 5016 2489 5087 αὑτήν
2507 5031 2522 5048 ·
2547 5010 2628 5065 διὸ
2656 5008 2749 5062 καὶ
2789 5002 2993 5073 ταύτην
3016 4993 3482 5054 ἀποκαθίστασθαι
3516 4992 3636 5044 κατ’
3657 4992 3744 5044 αὺ-

2176 5112 2302 5174 τοὺς
2333 5083 2483 5168 έντδς
2506 5098 2886 5174 πληρώματος.
2915 5091 3176 5164 Συμεῶνα
3203 5089 3294 5143 τδν
3333 5089 3412 5151 είς
3441 5087 3544 5150 τὰς
3580 5083 3741 5156 ἀγκά-

2177 5205 2277 5266 λας
2307 5197 2539 5254 λαϐόντα
2565 5194 2657 5248 τὸν
2680 5188 2933 5262 Χριστὸν,
2964 5184 3059 5238 καὶ
3082 5179 3554 5252 εὐχαριστήσαντα
3582 5175 3742 5246 αύτῷ,

2179 5262 2272 5349 καί
2314 5289 2565 5345 είπὸντα’
2599 5282 2729 5354 Νῦν
2755 5276 3043 5339 ἀπολύεις
3077 5271 3185 5325 τὸν
3212 5268 3440 5322 δοῦλόν
3474 5279 3627 5329 σου,
3656 5262 3746 5317 Δέ-

2179 5398 2378 5441 σποτα
2398 5423 2413 5449 ,
2438 5377 2592 5435 κατὰ
2616 5353 2682 5429 τὸ
2698 5371 2867 5444 ῥῆμά
2898 5382 3015 5422 σου
3045 5364 3115 5418 ἐν
3143 5360 3355 5431 είρήνῃ
3372 5375 3387 5391 ο
3415 5358 3589 5412 τύπον
3614 5353 3745 5410 εἶναι

2964 5510 2986 5542 ⁸
3019 5506 3188 5562 lCor.
3216 5518 3310 5564 xv,
3338 5500 3426 5556 48.
3518 5498 3538 5528 τ
3577 5494 3595 5550 l
3625 5496 3747 5552 Cor.

2349 5528 2369 5560 ⁸
2396 5512 2592 5579 Matth.
2627 5533 2749 5581 sin,
2800 5514 2889 5570 '55.
2964 5512 2986 5542 ⁸
3019 5512 3188 5562 lCor.
3216 5518 3310 5564 xv,
3338 5512 3426 5556 ιδ.
3520 5512 3533 5528 ³
3577 5512 3595 5550 ι
3625 5512 3747 5552 Lor.

2379 5597 2419 5627 ιι
2462 5592 2595 5637 Luc.
2626 5604 2687 5637 ιι.
2713 5587 2805 5637 29.
2910 5582 2954 5615 ¹’
2975 5579 3114 5637 lren.
3139 5575 3221 5629 ὅτι
3243 5572 3299 5626 δὲ
3327 5563 3425 5625 ὧν.
3545 5567 3590 5600 ⁸³
3612 5566 3749 5624 lreu.

2379 5597 2419 5627 ιι
2460 5592 2595 5647 Luc.
2626 5604 2688 5657 ιι,
2713 5587 2805 5642 29.

2404 2913 2670 2984 Ψυχικὸς
2701 2911 2772 2966 οὐ
2819 2908 3055 2978 δέχεται
3097 2904 3170 2959 τὰ
3216 2902 3322 2958 τοῦ
3369 2899 3733 2967 πνεύματος,
3810 2918 3823 2930 ο
