3956 6070
280 224 388 283 525

1030 218 1401 278 ADVERSUS
1436 195 1780 277 HASRESES
1816 214 1945 273 LIB.
1986 215 2026 272 l.
2068 198 2229 273 T05].
2274 215 2336 271 ll.
2362 246 2430 255 —-
2468 213 2740 271 ΠᾸΞΒΕΞ.
2774 208 2965 270 XXXI.

3427 212 3532 268 593

279 332 373 389 τοῦ
408 326 761 405 Δημιουργοῦ
793 330 1040 401 λέγουσιν
1063 370 1079 395 ,
1118 330 1195 396 ὡς
1218 334 1261 394 ί,
1293 324 1537 396 ἐλθόντος
1562 333 1656 386 τοῦ
1680 332 1861 403 Σωτῆο

1979 329 2120 396 :erit,
2156 342 2220 384 ac
2250 328 2422 401 Bytho
2464 328 2666 399 gratias
2696 327 2884 400 egerit.
2926 327 3007 382 Ad
3040 325 3153 381 lunt-
3188 339 3282 396 per
3318 327 3527 381 Annam

276 440 396 493 ρος,
416 420 590 494 ἔμαθε
617 420 716 493 τὴν
742 420 1029 492 μετάθεσιν
1048 421 1236 486 αὐτοῦ,
1268 422 1363 475 καὶ
1388 421 1755 495 ηὖχαρίστησε
1781 422 1860 494 τῷ

280 512 458 584 Βυθῷ.
496 512 612 566 Καὶ
636 511 727 565 διὰ
755 511 950 583 τῆςσὲΝ
985 509 1064 582 τῷ
1100 510 1417 582 Εὐαγγελίῳ
1446 511 1859 585 κηρυσσομένης

278 603 611 677 προφήτιδος
632 640 647 664 ,
676 600 819 655 ἑπτὰ
844 600 940 673 ἔτη
978 600 1116 672 μετὰ
1142 601 1332 673 ἀνδρὸς
1357 600 1616 672 ὲξηκυίας
1635 640 1650 665 ,
1678 602 1771 656 τὸν
1801 603 1859 657 δὲ

275 692 465 747 λοιπὸν
485 692 703 747 ἅπαντα
732 690 921 762 χρόνον
948 691 1125 762 χήρας
1162 689 1430 761 μενούσης
1456 730 1472 756 ,
1495 690 1653 762 ἄχρις
1679 686 1743 746 οὗ
1770 690 1859 745 τὸν

277 783 512 855 Σωτῆρα
539 781 724 836 ἰδοῦσα
749 780 965 849 ἐπέγνω
989 780 1172 845 αὐτὸν,
1195 781 1291 835 καὶ
1316 780 1493 836 ὲλάλει
1530 783 1661 854 περὶ
1695 781 1858 836 αὐτοῦ

276 877 438 941 πᾶσι,
465 870 827 945 φανερώτατα
858 872 956 943 τὴν
990 871 1242 944 ’Λχαμὼθ
1280 873 1579 944 μηνύεσθαι
1603 874 1861 946 διορίζον-

278 983 373 1021 ται
398 983 415 998 ο
465 966 627 1036 ἣτις,
677 961 815 1035 πρὸς
857 962 1038 1032 ὀλίγον
1079 962 1260 1018 ἰδοῦσα
1300 964 1392 1019 τὸν
1434 964 1664 1037 Σωτῆρα
1721 964 1862 1036 μετὰ

279 1057 390 1112 τῶν
435 1056 742 1129 ἡλικιωτῶν
776 1055 967 1123 αὐτοῦ,
1016 1044 1115 1126 θεῷ’
1145 1056 1315 1127 λοιπῷ
1358 1056 1536 1129 χρόνῳ
1569 1059 1732 1113 παντὶ
1763 1058 1861 1129 μὲν

279 1148 418 1207 οὖσα
434 1151 456 1183 ⁸
476 1153 535 1204 ἐν
562 1151 626 1222 τῇ
657 1148 916 1221 μεσότητι
944 1148 1299 1221 προσεδέχετο
1319 1148 1501 1215 αὑτὸν,
1536 1149 1666 1204 πότε
1696 1151 1861 1206 πάλιν

282 1241 595 1307 ἐλεύσεται,
639 1242 735 1295 καὶ
765 1241 1208 1312 ἀποκαταστήσει
1254 1240 1425 1312 αὐτὴν
1454 1244 1521 1313 τῇ
1551 1242 1722 1314 αὐτῆς
1767 1261 1861 1297 au—

284 1334 473 1406 ζυγὶᾳ.
503 1334 614 1389 Καὶ
653 1332 716 1387 τὸ
746 1331 917 1404 ὄνομα
947 1330 1005 1385 δὲ
1039 1332 1211 1403 αὐτῆς
1249 1332 1592 1404 μεμηνῦσθαι
1631 1334 1736 1389 ὑπὸ
1766 1335 1859 1389 τοῦ

285 1425 538 1495 Σωτῆρος
564 1424 622 1476 ἐν
652 1421 732 1492 τῷ
762 1421 1042 1493 εἰρηκέναι
1064 1436 1081 1452 ·
1114 1422 1224 1476 Kal
1257 1422 1570 1491 ἐδικαιώθη
1599 1423 1638 1492 ἠ
1673 1425 1862 1494 σοφία

284 1515 406 1571 ἀπὸ
434 1513 556 1568 τῶν
580 1513 809 1568 τέκνων
843 1510 1055 1581 αὐτῆς.
1097 1512 1208 1567 Καὶ
1229 1512 1337 1567 ὑπὸ
1356 1513 1570 1569 Παύλου
1595 1515 1653 1568 δὲ
1676 1514 1823 1568 οὕτω
1844 1526 1858 1543 ³

287 1604 521 1672 Σοφίαν
554 1601 624 1656 δὲ
675 1600 987 1669 λαλοῦμεν
1023 1601 1096 1655 ἐν
1123 1600 1248 1668 τοῖς
1277 1603 1553 1669 τελείοις.
1580 1602 1717 1670 ,Καὶ
1760 1602 1861 1668 τὰς

1963 420 2110 476 illam
2138 461 2155 488 ,
2204 436 2330 493 qua:
2367 421 2708 492 praphetissa
2759 420 2814 475 in
2851 418 3143 491 Evangelio
3185 417 3535 490 praedicatur,

1962 526 2193 586 quaeque
2218 525 2425 585 septem
2462 528 2635 570 annos
2659 527 2784 568 cum
2806 511 2929 567 viro
2968 511 3197 576 vixisse.
3262 510 3529 580 reliquum

1961 621 2091 662 veru
2120 614 2334 677 tempus
2361 622 2522 663 omne
2553 606 2609 661 in
2645 605 2908 660 viduitate
2952 604 3131 675 egisse
3161 602 3364 658 dicitur
3385 641 3400 666 ,
3430 600 3537 656 do-

1961 712 2065 753 nec
2105 697 2387 753 Salvatore
2435 703 2728 766 conspecto
2769 704 2826 750 et
2873 690 3053 767 ipsum
3100 692 3422 764 agnoverit,
3478 697 3529 746 et

1961 786 2105 857 apud
2132 802 2325 843 omnes
2349 786 2416 843 de
2442 801 2509 842 eo
2537 787 2716 841 locuta
2746 786 2840 851 sit,
2872 784 3322 841 manifestissime
3349 782 3529 837 Acba-

1961 879 2199 935 mothem
2233 877 2545 935 adumbrari
2573 877 2901 934 confirmant
2938 897 2952 933 :
2985 892 3107 948 quae
3154 876 3244 932 ubi
3286 876 3530 932 Salvato-

1962 984 2076 1026 rem
2104 984 2229 1026 cum
2272 970 2394 1039 ejus
2435 969 2736 1041 aequalibus
2772 968 2969 1039 raptim
3010 969 3345 1038 aspexisset,
3377 967 3533 1023 dein—

1961 1076 2091 1133 ceps
2142 1067 2258 1117 toto
2316 1061 2624 1132 insequenti
2673 1069 2915 1130 tempore
2965 1058 3142 1115 media
3201 1058 3259 1114 in
3312 1059 3534 1131 regione

1961 1154 2271 1209 consistens
2298 1152 2426 1207 dum
2451 1153 2646 1208 iterum
2677 1153 2882 1209 rediret
2918 1150 3346 1223 ex‘spectaverit,
3389 1165 3454 1204 ac
3475 1165 3535 1207 se

1961 1244 2219 1318 coniugio
2241 1256 2343 1301 suo
2370 1238 2702 1300 restitueret.
2728 1243 2902 1312 Cujus
2931 1243 3095 1298 etiam
3130 1256 3327 1311 numen
3356 1256 3386 1294 a
3410 1233 3534 1295 Sal-

1961 1347 2151 1393 vatore
2182 1334 2337 1392 hisce
2373 1335 2554 1390 verbis
2588 1348 2941 1405 expressum:
2999 1331 3066 1386 Et
3113 1332 3414 1403 iustiﬁcata
3461 1340 3537 1386 cst

1964 1428 2226 1496 sapientia
2255 1443 2288 1480 a
2317 1424 2447 1494 ﬁliis
2470 1424 2582 1493 ejus
2614 1423 2657 1477 δ.
2683 1423 2842 1480 Velut
2866 1438 2895 1477 a
2919 1421 3091 1477 Paulo
3121 1438 3244 1478 cum
3282 1422 3538 1492 scripsit:

1965 1518 2292 1589 Sapientiam
2322 1516 2589 1587 loquimur
2614 1515 2754 1570 inter
2770 1514 3027 1585 perfectos
3052 1513 3096 1570 ⁸.
3119 1514 3287 1580 Quem
3318 1511 3538 1584 insuper

1965 1606 2343 1678 coniugiorum
2381 1618 2504 1675 qua:
2557 1604 2701 1659 intra
2731 1602 2982 1659 Pleroma
3036 1612 3164 1659 sunt
3212 1606 3539 1658 mentionem

288 1694 548 1763 συζυγίας
585 1692 643 1746 δὲ
665 1691 767 1757 τὰς
795 1691 944 1756 ἐντὸς
968 1690 1338 1763 Πληρὼματος
1366 1692 1457 1746 τὸν
1484 1692 1695 1747 Παῦλον
1719 1695 1872 1766 εἰρηε

1979 1694 2027 1748 in
2059 1707 2170 1748 uno
2218 1691 2451 1757 fecisse,
2483 1707 2609 1746 cum
2643 1692 2713 1747 de
2741 1692 3021 1747 hominum
3051 1692 3191 1747 inter
3211 1707 3273 1747 se
3316 1692 3541 1763 capula-

286 1786 442 1841 κέναι
497 1783 794 1853 φάσκουσιν
840 1784 935 1837 ἐπὶ
983 1782 1097 1846 ἑνὸς
1137 1783 1404 1851 δείξαντα.
1449 1784 1586 1856 Περὶ
1611 1784 1720 1856 γὰρ
1764 1784 1865 1855 τῆς

288 1880 420 1952 περὶ
442 1878 535 1932 τὸν
564 1877 678 1948 βίον
717 1875 977 1944 συζυγίας
999 1875 1228 1946 γράφων
1251 1874 1353 1947 {an
1380 1893 1396 1907 ·
1430 1876 1501 1930 Τὸ
1528 1874 1869 1946 μυστήριον

287 1970 469 2025 τοῦτο
500 1968 654 2039 μέγα
677 1967 852 2022 ἐστίν
875 1984 890 1998 ⁸
917 1966 1034 2036 ἐγὼ
1057 1967 1126 2020 δὲ
1162 1967 1318 2037 λέγω
1358 1970 1445 2035 εἰς
1472 1968 1729 2037 Χριστὸν
1769 1968 1868 2023 καὶ

291 2062 407 2130 τὴν
441 2062 832 2129 Ἐκκλησίαν.

362 2156 490 2208 KZ'.
526 2154 648 2208 Ἔτι
691 2171 750 2207 τε
812 2154 1065 2224 Ἰωάννην
1112 2153 1203 2209 τὸν
1252 2153 1500 2225 μαθητὴν
1534 2152 1629 2206 τοῦ
1663 2155 1868 2225 Κυρίου

288 2244 598 2299 διδάσκουσι
628 2243 729 2315 τὴν
774 2242 996 2316 πρώτην
1046 2245 1302 2314 Ὀγδοάδα
1357 2244 1730 2315 μεμηνυκέναι
1769 2246 1870 2299 αὐ-

289 2338 410 2400 ταῖς
441 2334 654 2400 λέξεσι,
709 2336 957 2404 λέγοντες
1018 2335 1161 2390 οὕτω
1188 2352 1201 2366 ’
1262 2337 1514 2406 Ἰωάννης
1550 2338 1580 2391 ὁ
1622 2336 1871 2409 μαθητὴς

287 2426 388 2480 τοῦ
421 2427 651 2498 Κυρίου,
678 2426 997 2497 βουλόμενος
1023 2428 1197 2481 εἰπῐν
1220 2427 1321 2498 τὴν
1346 2427 1454 2481 τῶν
1479 2428 1615 2482 ὅλων
1637 2428 1869 2497 γένεσιν,

291 2518 416 2573 καθ’
447 2518 515 2588 ἢν
560 2518 630 2572 τὰ
658 2518 839 2572 πάντα
878 2517 1177 2590 προέϐαλεν
1216 2519 1245 2571 ό
1277 2517 1501 2591 Πατὴρ,
1534 2519 1709 2591 ἀρχήν
1752 2536 1874 2574 τινα

292 2608 610 2681 προτίθεται
635 2608 697 2662 τὸ
728 2607 941 2678 πρῶτον
969 2608 1227 2678 γεννηθὲν
1256 2608 1363 2663 ὑπὸ
1388 2608 1483 2662 τοῦ
1520 2608 1655 2662 Θεοῦ
1676 2648 1693 2674 ,
1723 2610 1783 2664 ὃν
1809 2610 1872 2683 δὴ

295 2702 392 2756 καὶ
433 2700 562 2755 Υἱὸν
602 2702 864 2772 μονογενῆ
923 2700 1020 2754 καὶ
1070 2699 1203 2755 Θεδν
1256 2701 1554 2771 κέκληκεν,
1613 2702 1674 2755 ὲν
1721 2693 1767 2770 ᾧ
1804 2701 1875 2755 τὰ

295 2792 476 2847 πάντα
506 2793 536 2845 ό
558 2791 749 2864 Πατὴρ
767 2790 1034 2864 προέϐαλε
1056 2792 1465 2864 σπερμτικῶς.
1506 2793 1639 2847 Ὑπὸ
1670 2793 1726 2848 δὲ
1752 2794 1877 2847 τοῦ-

293 2901 390 2939 του
423 2885 559 2957 φησὶ
587 2883 680 2938 τὸν
705 2883 880 2952 Λόγον
919 2882 1347 2955 προϐεϐλῆσθαι,
1377 2884 1472 2939 καὶ
1507 2885 1565 2938 ὲν
1598 2884 1747 2955 αὐτῴ
1778 2884 1876 2958 τὴν

1970 1783 2121 1838 tione
2158 1781 2305 1837 hunc
2346 1781 2403 1837 in
2448 1781 2669 1837 modum
2707 1782 2959 1852 scripsit:
3011 1780 3411 1837 Sacramentum
3447 1782 3543 1836 hoc

1973 1890 2222 1944 magnum
2260 1882 2368 1929 est:
2397 1890 2493 1945 ego
2529 1889 2647 1929 vero
2670 1873 2788 1929 dico
2814 1874 2870 1928 in
2907 1871 3121 1929 Christo
3150 1884 3199 1929 et
3232 1873 3469 1930 Ecclesia
3498 1877 3541 1926 ⁸.

2042 2143 2253 2199 XXVII.
2304 2144 2568 2201 Joannem
2622 2145 2835 2202 Domini
2910 2147 3240 2218 discipulum
3280 2147 3548 2205 amrmant

1973 2238 2207 2308 primam
2255 2235 2568 2308 Ogdoadem
2620 2238 2939 2309 nominatim
2994 2239 3421 2296 demonstrasse.
3457 2240 3550 2297 Sic

1972 2327 2119 2383 enim
2148 2327 2450 2398 disputant.
2476 2326 2716 2384 Joannes
2739 2327 2954 2383 Domini
2976 2328 3277 2398 discipulus
3303 2331 3548 2388 omnium

1975 2434 2157 2474 rerum
2205 2419 2473 2491 originem
2511 2420 2781 2488 explicare
2826 2419 3092 2490 cupiens,
3142 2434 3249 2491 qua
3306 2436 3337 2475 a
3388 2419 3551 2477 Patre

1976 2510 2228 2566 universa
2259 2516 2546 2581 procreata
2574 2518 2742 2577 sunt,
2789 2510 3116 2583 principium
3159 2511 3349 2567 statuit
3378 2526 3408 2566 a
3444 2514 3552 2568 Deo

1976 2602 2240 2675 genitum,
2270 2617 2431 2673 quem
2462 2612 2517 2657 et
2547 2600 2744 2658 Filium
2791 2603 3130 2675 unigenitum
3159 2614 3213 2659 et
3244 2604 3411 2662 Deum
3453 2620 3552 2678 ap-

1977 2693 2173 2764 pellat,
2203 2707 2302 2763 per
2326 2707 2491 2763 quem
2520 2693 2702 2748 omnia
2732 2692 2894 2750 Pater
2928 2695 3165 2766 quodam
3212 2697 3380 2752 veluti
3430 2708 3554 2753 satu

1978 2786 2318 2861 prepagavit.
2346 2788 2428 2844 Ab
2452 2787 2559 2843 hoc
2585 2788 2910 2859 productum
2935 2784 3057 2847 esse
3070 2790 3307 2848 Verbum
3333 2793 3551 2860 asserit;

1977 2895 2076 2951 per
2099 2882 2247 2936 istud
2278 2895 2410 2937 vero
2438 2888 2608 2937 totam
2633 2881 2870 2939 Eouum
2901 2894 3149 2940 naturam
3182 2901 3344 2959 quam
3376 2887 3553 2957 ipsum

295 2977 425 3046 ὅλην
453 2973 566 3028 τῶν
596 2973 816 3028 Ald)va
851 2974 1069 3039 οὐσίαν,
1119 2973 1188 3046 ἢν
1237 2972 1399 3039 αὐτὸς
1449 2975 1676 3048 ὕστερον
1712 2977 1875 3049 ἐμόρ-

1979 2980 2166 3043 postea
2204 2970 2444 3027 Verbum
2504 2972 2839 3028 informavit.
2872 2973 3008 3029 Cum
3067 2977 3232 3048 igitur
3269 2980 3335 3033 de
3380 2979 3556 3049 prima

292 3082 480 3134 φωπν
529 3066 559 3120 ό
609 3063 801 3133 Λόγος.
852 3062 1006 3118 Ἐπεὶ
1041 3059 1137 3118 οὖν
1185 3063 1315 3136 περὶ
1342 3063 1565 3136 πρώτης
1610 3065 1875 3135 γενέσεως

1980 3063 2332 3136 generatione
2379 3079 2685 3120 sermonem
2730 3066 3027 3132 instituat,
3069 3076 3217 3125 recte
3267 3084 3298 3124 a
3346 3068 3560 3124 Princi—

295 3157 444 3226 λέγει
478 3153 659 3218 καλῶς
692 3154 800 3208 ἀπὸ
825 3153 926 3224 τῆς
956 3153 1134 3225 ἀρχῆς
1152 3194 1170 3221 ,
1207 3155 1455 3209 τουτέστι
1489 3154 1583 3210 τοῦ
1616 3155 1751 3209 Θεοῦ
1784 3156 1880 3210 καὶ

295 3248 392 3305 τοῦ
425 3247 603 3315 Λόγου
623 3287 641 3312 ,
670 3243 770 3316 τὴν
812 3244 1160 3301 διδασκαλίαν
1204 3247 1456 3305 ποιεῖται.
1491 3245 1654 3314 Λέγει
1681 3246 1739 3299 δὲ
1784 3245 1879 3300 οῦ-

294 3354 434 3404 τως·
482 3339 586 3392 ἐν
613 3334 774 3406 ἀρκῆ
802 3331 884 3407 ἦν
910 3337 945 3391 δ
970 3337 1196 3407 Mirer.
1223 3335 1322 3390 καὶ
1355 3338 1389 3391 δ
1416 3338 1608 3407 Λόγος
1628 3332 1709 3408 ἦν
1729 3337 1881 3407 πρὸς

296 3431 405 3487 τὸν
435 3429 587 3485 Θεὸν
614 3470 631 3495 ,
680 3428 784 3484 καὶ
831 3427 977 3494 Θεὸς
1011 3423 1093 3497 ἦν
1120 3431 1156 3482 ὁ
1191 3428 1383 3498 Λόγος
1410 3444 1425 3461 ο
1466 3428 1653 3495 οὕτως
1682 3424 1764 3500 ἦν
1810 3429 1882 3484 ἐν

298 3523 459 3594 ἀρχῇ
496 3522 648 3594 πρὸς
673 3521 778 3577 τὸν
798 3523 966 3577 Θεόν.
990 3522 1261 3595 Πρότερον
1294 3521 1600 3589 διαστείλας
1635 3523 1706 3579 τά
1731 3525 1879 3598 τρία,

298 3615 435 3669 Θεὸν
457 3653 473 3680 ,
517 3614 615 3669 καὶ
658 3612 853 3686 ἀρχὴν,
900 3614 995 3667 καὶ
1028 3613 1220 3682 Λόγον,
1259 3614 1419 3670 πάλιν
1446 3612 1588 3669 αὐτὰ
1617 3616 1759 3682 ἑνοῖ,
1794 3616 1883 3671 ἵνα

300 3705 395 3759 καὶ
410 3705 515 3776 τὴν
536 3703 806 3775 προϐολὴν
825 3704 1104 3776 ἑκατέρων
1128 3704 1309 3760 αὐτῶν
1330 3704 1502 3781 δείξῃ,
1530 3705 1625 3761 τοῦ
1641 3722 1701 3762 τε
1725 3706 1880 3773 Υῑοῦ,

302 3797 398 3852 καὶ
438 3795 536 3852 τοῦ
575 3796 781 3866 Λόγου,
833 3797 928 3850 καὶ
957 3796 1058 3870 τὴν
1111 3796 1248 3868 πρὸς
1296 3796 1557 3870 ἀλλήλους
1590 3797 1707 3869 ἅμα
1732 3837 1748 3862 ,
1791 3800 1886 3853 καὶ

182 3938 185 3945 .
303 3888 399 3960 τὴν
451 3887 591 3959 πρὸς
637 3885 728 3940 τὸν
776 3886 997 3958 Πατέρα
1031 3886 1249 3941 ἕνωσιν.
1313 3887 1402 3940 Ἐν
1436 3886 1546 3959 γάρ
1582 3881 1662 3958 τῷ
1684 3887 1883 3959 Πατρὶ,

305 3981 399 4035 καὶ
444 3981 513 4034 ὲκ
552 3977 649 4032 τοῦ
676 3979 890 4052 Πατρδς
926 3980 959 4051 η
994 3980 1177 4053 ,άρχὴζ
1208 3980 1305 4034 καὶ
1332 3980 1396 4033 ὲκ
1444 3980 1466 4011 ³
1511 3979 1613 4049 τῆς
1653 3980 1830 4052 ἀρχῆς
1855 3983 1885 4035 ό

305 4070 500 4140 Λόγος.
530 4070 727 4134 Καλῶς
757 4066 851 4125 οὖν
893 4066 1080 4126 εἷπεν·
1128 4072 1234 4127 Ἔν
1271 4069 1432 4141 ἀρχῇ
1460 4067 1541 4142 ἦν
1576 4075 1611 4126 ό
1649 4075 1842 4144 Λόγος
1869 4089 1883 4101 ·

304 4158 373 4235 ἦν
426 4163 541 4235 γὰρ
590 4165 651 4217 ὲν
681 4162 759 4235 τῷ
795 4162 946 4235 Υἱῷ·
1003 4163 1112 4219 Kal
1159 4167 1193 4219 ὁ
1236 4166 1430 4235 Λόγος
1458 4160 1540 4237 ἦν
1584 4165 1733 4234 πρὸς
1780 4165 1889 4222 τὸν

308 4257 491 4313 Θεόν·
523 4256 622 4310 καὶ
653 4256 760 4330 γὰρ
789 4259 824 4329 ἡ
854 4259 1030 4329 ἀρχόν
1059 4257 1169 4312 Kal
1197 4258 1342 4326 Θεὸς
1365 4254 1445 4329 ἦν
1473 4258 1729 4328 ὀΛότος,
1759 4259 1888 4314 ἀκο-

310 4348 544 4415 λούθως·
569 4349 631 4404 τὸ
662 4350 772 4423 γὰρ
800 4350 866 4406 ὲκ
889 4350 1026 4405 Θεοῦ
1057 4350 1314 4423 γεννηθὲν
1357 4350 1491 4415 Θεός
1522 4353 1687 4406 ἐστιν.
1717 4346 1889 4418 οὗτος

312 4437 389 4513 ἦν
417 4402 686 4512 sap...“
698 4402 864 4511 ea;
875 4402 985 4497 .13;
1003 4402 1174 4498 ea;
1192 4402 1222 4477 ξ’
1230 4402 1423 4511 aut;
1438 4402 1544 4516 ὲὶυῖ
1559 4402 1659 4515 ἐή,
1675 4402 1891 4514 se;
1919 4402 1964 4457 θ

311 4533 408 4605 λῆς
428 4533 607 4601 τάξιν.
633 4533 835 4589 Πάντα
858 4533 935 4589 δι’
958 4532 1145 4589 αὑτοῦ
1171 4531 1427 4603 ἐγένετο,
1454 4534 1552 4589 καὶ
1577 4534 1757 4605 χωρὶς
1785 4536 1917 4591 ait--

312 4626 419 4681 τοῦ
449 4625 693 4697 ἐγένετο
736 4625 881 4681 οὐδὲ
922 4625 994 4680 ἓν
1030 4642 1046 4658 ο
1103 4625 1236 4681 πᾶσι
1268 4624 1379 4707 γὰρ
1423 4627 1538 4690 τοῖς
1570 4627 1688 4698 μετ’
1728 4624 1890 4681 αὐτὸν

316 4717 483 4773 Λιῶσι
518 4717 733 4789 μορφῆς
765 4718 861 4772 καὶ
888 4718 1157 4787 γενέσεως
1187 4716 1361 4782 αἴτιος
1397 4720 1427 4772 ό
1465 4718 1636 4787 Λόγος
1651 4718 1886 4788 ἐγένετο.

214 4852 219 4855 -
323 4810 512 4877 Ἀλλά,
553 4812 625 4865 '0
652 4810 1204 4882 τέγονενέναύτῷ.
1229 4812 1392 4882 φησι,
1430 4811 1540 4880 ζωή
1573 4812 1778 4880 ἐστιν,
1811 4813 1891 4866 ἐν·

313 4902 441 4958 θάδε
475 4900 572 4954 καὶ
613 4899 873 4970 συζυγίαν
923 4901 1183 4972 ιμήνυσε.
1224 4899 1307 4955 Τὰ
1328 4901 1448 4971 μὲν
1473 4901 1583 4974 γὰρ
1631 4902 1748 4957 ὅλα
1785 4902 1890 4975 ἔφη

312 4994 387 5047 δι’
425 4991 650 5046 ἑαυτοῦ
697 4991 1055 5061 γεγενῆσθαι
1080 5033 1097 5057 ,
1140 4991 1258 5060 τὴν
1288 4992 1360 5046 δὲ
1393 4992 1550 5062 ζωὴν
1592 4993 1662 5048 ἐν
1708 4990 1890 5061 αὐτῷ.

315 5085 466 5157 Αὕτη
498 5080 595 5139 οὖν
634 5086 669 5155 ἡ
715 5084 775 5137 ἑν
802 5083 950 5160 αὐτῷ
975 5084 1241 5157 γενομένη
1285 5085 1592 5157 οἰκειοτέρα
1634 5084 1784 5139 ἐστὶν
1831 5084 1892 5140 ἐν

314 5173 464 5245 αὒτῷ
488 5172 600 5227 τῶν
617 5172 684 5227 δι’
706 5171 872 5226 αὑτοῦ
898 5173 1222 5244 γενομένων.

387 5268 611 5323 Σύνεστι
659 5266 769 5339 γὰρ
824 5264 973 5336 αὐτῷ
992 5304 1007 5329 ,
1062 5267 1158 5320 καὶ
1200 5265 1270 5319 δι’
1311 5265 1476 5320 αὐτοῦ
1529 5265 1887 5337 καρποφορεῖ.

325 5358 549 5441 Escendi)
575 5358 686 5436 γὰρ
709 5355 978 5429 ὲπιφέρει,
1012 5348 1121 5412 Καὶ
1148 5357 1187 5428 ἠ
1218 5354 1333 5427 ζωὴ
1373 5356 1442 5412 τὸ
1478 5353 1604 5427 φῶς
1634 5355 1752 5410 τῶν
1788 5357 1894 5411 ἀν-

394 5540 410 5574 ¹
440 5538 582 5596 lren.
604 5539 683 5612 ὃς.
760 5538 781 5570 '
815 5536 978 5595 Forte
1000 5539 1273 5612 μένουσα..

321 5619 339 5639 '
362 5608 523 5665 Joan.
553 5625 591 5676 ι,
620 5611 641 5663 i
679 5624 804 5680 sqq.

1980 3155 2093 3226 pio,
2119 3155 2223 3211 hoc
2253 3162 2339 3212 est
2372 3154 2517 3221 Deo,
2559 3153 2845 3228 Verboque
2882 3157 3113 3214 docendi
3152 3160 3367 3215 initium
3398 3161 3558 3232 197

1982 3244 2133 3301 fecit.
2174 3244 2253 3301 ita
2292 3261 2458 3318 porro
2495 3247 2688 3303 scribit
2720 3266 2734 3305 :
2772 3246 2837 3304 In
2865 3249 3126 3320 principio
3179 3260 3294 3305 erat
3332 3249 3559 3307 Verbum

1980 3347 2032 3392 et
2072 3336 2298 3393 Verbum
2327 3347 2443 3394 erat
2472 3339 2613 3409 apud
2645 3339 2841 3407 Deum,
2885 3350 2935 3396 et
2963 3339 3105 3396 Deus
3143 3352 3259 3397 erat
3308 3342 3554 3399 Verbum.

1983 3425 2074 3484 Sic
2102 3437 2216 3483 erat
2267 3430 2324 3484 in
2377 3431 2639 3503 principio
2673 3430 2816 3503 apud
2850 3431 3018 3487 Deum
3040 3433 3082 3488 ⁷.
3126 3431 3420 3506 Postquam
3453 3436 3560 3491 tria

1984 3520 2075 3574 illa
2104 3520 2384 3589 discrevit,
2420 3521 2614 3587 Deum,
2653 3522 2987 3596 Principium
3017 3531 3072 3580 et
3101 3522 3338 3582 Verbum
3367 3567 3381 3592 ,
3439 3542 3560 3582 rur-

1984 3624 2082 3667 sus
2116 3611 2171 3666 in
2204 3625 2369 3667 unum
2400 3614 2705 3682 connectit,
2734 3623 2796 3670 ut
2825 3614 3113 3688 utriusque
3146 3614 3271 3674 Filii
3312 3619 3562 3675 videlicet

1985 3716 2050 3757 ac
2079 3699 2272 3767 Verbi,
2321 3702 2737 3772 productionem
2763 3743 2779 3770 ,
2815 3691 3211 3778 amborumque
3250 3724 3374 3765 cum
3419 3710 3563 3767 inter

1984 3806 2064 3857 se,
2105 3798 2221 3847 tum
2259 3807 2383 3847 cum
2410 3791 2571 3848 Patre
2607 3794 3049 3863 coniunctionem
3079 3797 3339 3853 declaret.
3374 3800 3560 3871 Siqui-

1985 3882 2109 3939 dem
2146 3883 2204 3939 in
2240 3881 2437 3948 Patre,
2483 3890 2646 3956 atque
2670 3900 2738 3941 ex
2769 3883 2931 3940 Patre
2966 3885 3298 3958 Principium
3342 3897 3454 3945 est:
3493 3906 3562 3946 ex

1985 3971 2263 4044 Principio
2291 3971 2550 4032 Verbum.
2583 3973 2850 4034 Praeclare
2877 3977 3042 4049 igitur
3068 3975 3244 4034 dixit:
3275 3977 3343 4034 In
3372 3980 3564 4050 princi—

1986 4066 2074 4136 pio
2118 4076 2234 4122 erat
2273 4065 2542 4133 Verbum;
2584 4075 2701 4125 erat
2730 4069 2874 4126 enim
2919 4070 2975 4125 in
3005 4068 3143 4126 Filio
3177 4089 3191 4125 :
3232 4069 3301 4126 Et
3339 4071 3563 4126 Verbum

1986 4171 2103 4215 erat
2138 4161 2281 4230 apud
2304 4160 2504 4228 Deam;
2532 4168 2651 4218 erat
2669 4162 2815 4219 enim
2847 4170 2902 4219 et
2924 4163 3284 4235 principium:
3325 4163 3392 4220 Et
3419 4164 3560 4220 Deus

1987 4260 2104 4306 erat
2153 4249 2401 4307 Verbum.
2438 4252 2819 4310 Consentanee
2857 4255 3081 4311 omnino
3124 4257 3370 4312 dii-tum:
3416 4259 3563 4328 quod

1990 4342 2136 4398 enim
2187 4358 2218 4398 a
2259 4342 2369 4400 Deo
2404 4344 2646 4416 genitum
2682 4352 2806 4411 est,
2861 4345 3008 4404 Deus
3061 4355 3165 4405 est.
3209 4347 3302 4406 Sic
3344 4359 3459 4405 erat
3508 4350 3564 4405 in

1991 4436 2248 4505 principia
2277 4435 2420 4505 apud
2454 4435 2621 4521 Deum
2646 4480 2662 4505 ,
2696 4426 3073 4509 productionis
3101 4441 3347 4497 Ordinem
3377 4450 3563 4498 osten-

1988 4525 2091 4582 dit.
2117 4525 2312 4581 Omnia
2341 4544 2434 4599 per
2460 4529 2633 4599 ipsum
2666 4530 2812 4601 facta
2841 4540 2984 4601 sunt,
3012 4542 3061 4588 et
3088 4534 3201 4588 sine
3227 4535 3338 4602 ipso
3361 4532 3563 4604 factum

1986 4628 2067 4673 est
2097 4617 2267 4685 nihil;
2286 4621 2485 4677 etenim
2507 4619 2738 4679 Verbum
2761 4623 3036 4690 omnibus,
3061 4625 3153 4697 qui
3181 4633 3303 4696 post
3327 4641 3386 4682 se
3414 4637 3561 4694 sunt,

1988 4708 2258 4768 monibus
2308 4712 2714 4773 informationis
2786 4729 2853 4772 ac
2919 4719 3327 4790 propagationis
3375 4728 3566 4775 auctor

1988 4803 2219 4859 exstitit.
2250 4801 2452 4861 Verum
2474 4846 2490 4869 ,
2526 4805 2679 4873 Quod
2709 4806 2912 4878 factum
2949 4819 3061 4877 est,
3101 4811 3312 4884 inquit,
3360 4813 3416 4868 in
3449 4816 3564 4883 ipso

1990 4895 2099 4950 vita
2127 4906 2278 4962 erat;
2319 4897 2411 4953 ubi
2448 4904 2503 4953 et
2557 4898 2874 4969 coniugium
2925 4900 3150 4956 indicat.
3206 4901 3344 4960 Nam
3388 4904 3568 4960 omnia

1989 5002 2084 5056 per
2125 4987 2296 5058 ipsum
2321 4989 2467 5060 facta
2498 5007 2609 5047 esse
2623 4991 2787 5058 dicit;
2812 4992 2973 5046 vitam
2995 5000 3168 5048 autent
3198 4994 3251 5048 in
3272 4996 3403 5063 ipso.
3441 4994 3569 5052 Hinc

1991 5079 2158 5150 igitur
2188 5095 2311 5152 quae
2351 5082 2406 5138 in
2446 5083 2540 5138 illo
2583 5083 2724 5139 facta
2762 5090 2846 5140 est
2876 5125 2892 5147 .
2946 5085 3169 5155 prepius
3216 5087 3285 5142 ad
3320 5089 3472 5143 illum
3511 5089 3569 5146 in

1991 5170 2114 5241 ipso
2140 5172 2398 5242 pertinet,
2426 5188 2590 5244 quam
2620 5190 2683 5230 ea
2705 5190 2825 5246 qua:
2848 5191 2944 5246 per
2972 5177 3149 5248 ipsum
3182 5175 3325 5233 facta
3356 5190 3509 5235 sunt.

2062 5262 2198 5318 Cum
2242 5262 2338 5318 illo
2365 5265 2566 5336 quippe
2600 5274 2873 5333 versatur,
2914 5284 2979 5323 ac
3015 5283 3111 5340 per
3136 5269 3314 5341 ipsum
3355 5269 3569 5329 fructus

1992 5355 2211 5414 emittit.
2242 5354 2379 5413 Nam
2412 5359 2538 5430 quia
2574 5360 2756 5418 statim
2788 5362 3051 5435 subjicit:
3087 5361 3157 5418 Et
3185 5365 3293 5419 vita
3329 5374 3446 5421 erat
3474 5366 3570 5420 tua:

1353 5538 1373 5572 ’
1396 5540 1539 5597 Iren.
1562 5539 1619 5593 ἐν
1647 5539 1788 5611 ἀρχῇ
1824 5538 1875 5594 δὲ

1979 5539 2028 5594 al
2049 5540 2133 5595 ἐκ.
2214 5542 2231 5575 ⁴
2260 5540 2396 5600 Luc.
2423 5558 2521 5610 vn,
2542 5542 2632 5600 53.
2692 5544 2713 5576 '
2742 5543 2762 5599 I
2791 5543 3004 5622 Cornu,
3036 5545 3091 5603 ο.
3134 5548 3154 5578 ⁸
3186 5548 3384 5619 Eplics.
3410 5546 3572 5618 v,52.
