3980 6086
473 187 578 245 521

1817 175 1876 232 S.
1917 171 2260 232 ΕΡῙΡΗΑΝΙΙ

3575 170 3730 228 .528

474 307 766 372 hauriuntur,
815 319 883 362 eo
931 304 1051 374 ipso
1093 300 1238 374 quod
1300 299 1586 356 Hominem
1639 301 2048 361 commemorat,

2154 298 2418 366 θρώπων,
2443 298 2760 374 ’Ἀνθρωπον
2778 299 2949 354 είπὼν
2976 298 3124 372 άρτι,
3154 295 3250 352 καὶ
3267 294 3366 368 τήν
3403 295 3729 368 Ἐκκλησίαν

475 391 667 456 eadem
707 412 840 454 voce
870 405 924 452 et
956 395 1254 450 Ecclesiam
1285 391 1686 462 complectitur,
1721 397 1780 444 ut
1806 388 2046 458 conjugii

476 492 793 547 societatem
827 488 1118 557 intelligas.
1150 483 1286 538 Nam
1310 499 1378 540 ex
1411 481 1588 539 Verbo
1611 480 1844 552 Vitaque
1873 479 2048 534 llomo

477 592 643 656 atque
675 581 917 637 Ecclesia
949 585 1274 634 nascuntur.

546 759 817 814 Caeterum
857 757 1035 812 lucem
1071 755 1354 810 hominum
1403 750 1612 806 idcirco
1655 751 1824 806 vitam
1873 748 2050 804 nomi-

477 844 647 910 navit,
681 844 825 914 quod
857 844 924 898 ab
955 842 1026 898 ea'
1067 842 1143 896 illi
1189 841 1494 896 collustrati
1543 840 1674 903 sint,
1714 837 1857 909 quod
1905 839 2048 893 idem

475 940 561 989 est
605 948 670 988 ac
723 934 942 1006 ﬁgurari
977 940 1031 986 et
1071 931 1426 986 manifestum
1478 930 1615 986 ﬁeri.
1649 929 1802 996 Quod
1845 929 2048 986 Paulus

477 1028 594 1097 ipse
625 1035 889 1083 testatur:
926 1025 1112 1090 Omne,
1149 1023 1349 1094 inquit,
1395 1021 1532 1092 quod
1562 1021 1935 1090 manifestatur
1961 1021 2048 1074 lu-

478 1135 593 1173 men
625 1127 702 1172 est
735 1119 776 1172 ¹.
844 1116 1024 1182 Quare
1057 1131 1179 1171 cum
1209 1115 1504 1170 Hominem
1535 1123 1696 1184 atque
1747 1111 2048 1168 Eeclesiam

463 1209 600 1274 ,Vita
653 1207 973 1279 patefecerit
1043 1222 1109 1262 ac
1162 1206 1430 1278 genuerit,
1483 1205 1678 1259 merito
1731 1204 2048 1260 eorumdem

474 1305 570 1357 lux
600 1295 724 1358 esse
769 1301 990 1356 dicitur.
1028 1299 1296 1366 Quocirca
1343 1299 1628 1370 perspicue
1677 1297 1917 1355 Joannes
1961 1298 2049 1356 his

479 1395 658 1449 verbis
695 1409 824 1448 cum
872 1393 1001 1456 alia,
1035 1399 1151 1446 tum
1185 1390 1416 1446 alterum
1456 1389 1870 1461 quaternionem
1920 1404 2052 1460 ape-

475 1487 609 1548 ruit,
642 1484 880 1541 Verbum
910 1493 963 1539 et
988 1482 1190 1552 Vitam,
1223 1483 1505 1540 Hominem
1527 1489 1691 1552 atque
1721 1479 2048 1538 Ecclesium.

479 1577 588 1634 Nec
625 1578 805 1632 minus
850 1585 1030 1630 tamen
1071 1577 1307 1646 priorem
1358 1575 1771 1646 quaternionem
1824 1575 2047 1629 indicat.

2153 389 2458 462 ὁμωνύμως
2481 390 2560 461 τῷ
2583 373 2854 465 ἀνθρώπῳ
2885 391 3178 462 ἐμήνυσεν,
3203 388 3351 451 ὅπως
3377 387 3463 440 διὰ
3488 387 3580 441 τοῦ
3613 387 3728 451 ἐνὸς

2153 480 2414 551 ὀνόματος
2446 481 2664 556 δηλώσῃ
2700 484 2798 554 τὴν
2827 483 2930 552 τῆς
2974 481 3238 549 συζυγίας
3283 477 3588 532 κοινωνίαν.
3633 479 3729 533 Ἐκ

2152 569 2262 641 γάρ
2297 570 2390 624 τοῦ
2413 572 2586 641 Λόγου
2609 572 2703 626 καὶ
2727 572 2832 649 τῆς
2853 571 3027 642 Ζωῆς,
3059 569 3379 642 ’Ἀνθρωπος
3407 567 3616 638 γίνεται
3637 569 3730 623 καὶ

2167 661 2482 733 Ἐκκλησία.

2223 753 2344 819 Φῶς
2368 755 2426 808 δὲ
2455 750 2576 808 εἷπε
2599 755 2709 810 τῶν
2737 752 3041 827 ἀνθρώπων
3077 737 3176 826 τὴν
3210 752 3374 824 ζωὴν,
3409 751 3498 806 διὰ
3542 749 3605 804 τδ
3633 766 3729 803 πε-

2155 847 2422 916 φωτίσθαι
2456 847 2655 912 αὐτοὺς
2685 847 2776 901 ὑπ’
2811 848 3002 918 αὐτῆς,
3041 846 3072 899 δ
3095 846 3158 916 δή
3192 847 3307 898 ἐστι
3337 843 3730 916 μεμορφῶσθαι

2155 938 2251 991 καὶ
2296 937 2736 1010 πεφανερῶσθαι.
2783 937 2954 992 Τοῦτο
3001 936 3060 991 δὲ
3107 936 3203 990 καὶ
3242 937 3272 988 ὁ
3315 935 3524 998 Παῦλος
3558 934 3729 1002 λέγει·

2154 1028 2285 1085 Πᾶν
2345 1031 2456 1100 γὰρ
2515 1029 2582 1083 τὸ
2631 1030 3080 1099 φανερούμενον
3135 1026 3261 1098 ςοῶς
3322 1026 3511 1080 ἐστιν.
3574 1023 3734 1078 Ἐπεὶ

2154 1121 2331 1176 τοίνυν
2381 1121 2696 1193 ἐφανέρωσε
2742 1121 2838 1176 καὶ
2884 1120 3140 1193 ἐγέννησε
3185 1120 3278 1173 τόν
3317 1135 3377 1172 τε
3413 1117 3733 1190 ’Λνθρωπον

2155 1211 2249 1264 καὶ
2275 1210 2371 1282 τήν
2417 1211 2746 1282 Ἐκκλησίαν
2795 1213 2830 1282 ἡ
2879 1210 3024 1283 Ζωή,
3061 1210 3178 1279 φῶς
3230 1207 3482 1280 εἰρῆσθαι
3525 1207 3730 1261 αὐτῶν.

2155 1301 2350 1370 Σαφῶς
2404 1297 2498 1356 οὖν
2535 1302 2836 1374 δεδήλωκεν
2888 1303 2918 1355 ό
2979 1301 3231 1370 Ἰωάννης
3263 1300 3350 1355 διά
3392 1299 3499 1353 τῶν
3556 1299 3733 1368 λόγων
3807 1320 3815 1326 ·

2154 1393 2360 1446 τούτων
2391 1394 2460 1448 τά
2504 1411 2563 1446 τε
2596 1393 2730 1449 ἄλλα
2777 1394 2874 1448 καὶ
2903 1393 3000 1465 τὴν
3037 1392 3268 1466 τετράδα
3310 1391 3410 1462 τὴν
3447 1389 3731 1462 δευτέραν,

2155 1485 2326 1555 Λόγον
2369 1487 2464 1540 καὶ
2503 1485 2674 1558 Ζωὴν,
2709 1485 3025 1559 Ἄνθρωπον
3052 1486 3146 1540 καὶ⁵
3180 1483 3522 1556 Ἐκκλησίαν.
3567 1483 3730 1537 Ἀλλά

2160 1577 2267 1649 μὴν
2301 1577 2523 1651 καὶοτὴν
2555 1578 2778 1649 πρώτην
2815 1579 3054 1649 ἐμήνυσε
3083 1576 3335 1647 τετράδα.
3367 1573 3730 1646 Διηγούμενος

478 1671 615 1724 Cum
651 1670 795 1724 enim
853 1668 921 1723 de
971 1669 1252 1722 Salvatore
1302 1665 1542 1730 disserit,
1593 1665 1884 1734 omniaque
1929 1680 2049 1734 qua:

2154 1669 2262 1740 γὰρ
2293 1670 2423 1740 περὶ
2463 1668 2558 1722 τοῦ
2589 1669 2862 1740 Σωτῆρος,
2911 1670 3002 1722 καὶ
3048 1668 3222 1738 λέγων
3256 1668 3431 1721 πάντα
3472 1667 3540 1720 τὰ
3572 1666 3731 1730 me;

478 1769 632 1813 extra
665 1757 912 1812 Pleroma
958 1763 1089 1810 sunt
1135 1757 1204 1810 ab
1234 1755 1352 1824 ipso
1399 1771 1522 1811 esse
1555 1753 1785 1810 formata
1837 1755 2049 1819 scribit,

481 1851 647 1904 totius
682 1849 833 1902 illum
867 1846 1188 1902 Pleromatis
1219 1845 1456 1900 fructum
1488 1861 1611 1901 esse
1632 1852 2049 1901 commonstrat.

481 1939 612 1995 Nam
650 1942 800 1994 illum
832 1940 1006 1995 lucem
1037 1954 1159 1994 esse
1190 1937 1348 2004 dixit,
1373 1953 1494 2008 quae
1527 1939 1670 1992 lucet
1694 1937 1748 1992 in
1787 1937 2050 2000 tenebris,

482 2048 581 2088 nec
606 2033 675 2086 ab
705 2031 842 2103 ipsis
870 2030 1384 2101 comprehenditur;
1428 2046 1494 2086 eo
1513 2027 1661 2102 quod
1693 2043 1816 2084 cum
1843 2015 2050 2093 omnia,

479 2139 600 2193 quae
627 2138 695 2177 ex
732 2121 1099 2176 commotione
1131 2127 1312 2174 ortum
1346 2119 1672 2185 habuerant,
1707 2117 2053 2187 composuis-

479 2225 582 2279 set,
619 2217 687 2271 ab
718 2217 826 2272 illis
866 2228 1209 2284 nequaquam
1238 2222 1320 2268 est
1363 2213 1602 2284 agnitus.
1652 2211 1814 2281 198
1861 2209 1966 2265 Sed
1999 2220 2054 2265 et

481 2307 674 2363 Filium
706 2307 957 2364 eumdem
989 2320 1054 2360 ac
1085 2302 1466 2366 Veritatem,et
1503 2302 1701 2370 Vitam,
1731 2311 1786 2358 et
1815 2300 2052 2357 Verbum

479 2400 621 2470 quod
640 2414 769 2454 caro
789 2397 990 2453 factum
1012 2398 1082 2454 sit
1100 2396 1353 2466 appellat.
1379 2394 1567 2465 Cujus,
1598 2395 1795 2464 inquit,
1826 2394 2052 2462 gloriam

481 2491 703 2545 vidimus
732 2497 984 2560 :eralque
1004 2489 1178 2559 gloria
1209 2489 1320 2558 ejus
1344 2487 1498 2558 quasi
1535 2485 1801 2556 Unigem'ti
1830 2485 1996 2540 eidem
2021 2502 2054 2538 a

484 2584 642 2638 Patre
675 2598 944 2645 concessa,
967 2582 1122 2651 plena
1151 2581 1342 2651 gratia:
1372 2587 1422 2632 et
1449 2579 1707 2633 veritatis.
1752 2576 1864 2631 Hoc
1891 2577 2040 2630 enim

479 2677 641 2733 modo
670 2676 864 2733 scribit
896 2691 914 2729 :
947 2673 1017 2728 Et
1058 2672 1282 2728 Verbum
1327 2688 1450 2726 caro
1498 2670 1700 2740 factum
1741 2680 1841 2735 est,
1875 2677 1924 2722 et
1957 2668 2054 2722 ha-

452 2765 663 2820 ,bitavit
711 2765 764 2818 in
792 2763 964 2826 nobis,
1001 2771 1050 2815 et
1096 2762 1320 2815 vidimus
1366 2759 1594 2829 gloriam
1639 2758 1775 2826 ejus,
1820 2757 2049 2832 gloriam

479 2854 634 2922 quasi
667 2851 932 2922 Unigem'tt'
971 2867 1004 2903 a
1039 2847 1221 2914 Patre,
1251 2848 1462 2918 plenum
1490 2848 1679 2918 gratia:
1710 2856 1759 2902 et
1792 2847 2049 2902 veritatis.

2156 1760 2253 1813 τοῦ
2278 1759 2654 1833 Πληρώματος
2680 1762 2746 1814 δι’
2776 1761 2942 1815 αὑτοῦ
2975 1759 3384 1832 μεμορφῶσθαι,
3420 1759 3632 1830 καρπὸν
3655 1755 3733 1811 εἷ-

2151 1852 2242 1905 ναί
2282 1869 2446 1922 φησιν
2476 1853 2638 1905 αὑτὸν
2677 1852 2871 1915 παντὸς
2901 1851 2994 1905 τοῦ
3036 1849 3424 1927 Πληρώματος.
3464 1849 3576 1903 Καὶ
3623 1849 3733 1920 γάρ

2153 1941 2270 2012 φῶς
2300 1945 2522 2014 εἴρηκεν
2549 1943 2710 1997 αὑτὸν
2742 1943 2803 1996 τὸ
2837 1944 2894 1996 ἐν
2930 1945 2998 2014 τῇ
3026 1942 3216 2013 σκοτίᾳ
3253 1940 3597 2011 φαινόμενον,
3635 1938 3732 1992 καὶ

2155 2035 2232 2106 μὴ
2275 2033 2618 2102 καταληφθὲν
2657 2035 2748 2088 ὑπ’
2785 2034 2954 2106 αὐτῆς
2976 2051 2989 2064 ·
3041 2032 3228 2103 ἐπειδὴ
3261 2031 3438 2086 πάντα
3476 2031 3546 2084 τὰ
3578 2031 3732 2099 γενό-

2156 2143 2292 2197 μενα
2333 2127 2398 2178 ἐκ
2445 2126 2539 2179 τοῦ
2588 2125 2792 2190 πάθους
2818 2127 3066 2198 ἁρμόσας
3118 2124 3356 2195 ὴγνοήθη
3397 2123 3487 2177 ὑπ’
3536 2122 3728 2192 αὐτῆς.

2154 2219 2266 2272 Καὶ
2302 2219 2425 2272 Υίὸν
2467 2219 2544 2284 δὲ,
2579 2221 2673 2272 καὶ
2710 2218 3007 2291 Ἀλήθειαν,
3036 2219 3130 2272 καὶ
3178 2219 3332 2289 Ζωὴν
3358 2217 3504 2285 λέγει
3541 2214 3730 2279 αὐτὸν,

2153 2309 2248 2362 καὶ
2273 2308 2445 2376 Λόγον
2473 2309 2650 2379 σάρκα
2681 2309 3002 2380 γενόμενονο
3041 2304 3124 2364 0γῦ
3169 2306 3282 2376 τὴν
3334 2305 3522 2371 δόξαν
3564 2307 3731 2360 wea-

2153 2402 2406 2470 σάμεθα,
2441 2402 2609 2471 φησί·
2674 2401 2773 2455 καὶ
2819 2397 2901 2472 ἦν
2948 2401 2988 2468 ἠ
3031 2400 3181 2465 δόξα
3213 2399 3399 2454 αὑτοῦ
3450 2399 3542 2452 οἵα
3577 2393 3658 2468 ἦν
3688 2397 3728 2466 ἠ

2153 2492 2260 2547 τοῦ
2281 2493 2663 2562 Μονογενοῦς
2683 2493 2721 2561 ἠ
2755 2492 2872 2546 ὑπὸ
2893 2491 3000 2546 τοῦ
3024 2490 3255 2560 Πατρός
3278 2489 3518 2544 δοθεῖσα
3545 2486 3728 2554 αὐτῷ,

2155 2576 2393 2646 πλήρης
2438 2578 2680 2648 χάριτος
2723 2578 2823 2632 καί
2873 2579 3178 2646 ἀληθείας.
3226 2578 3387 2646 Λέγει
3433 2577 3491 2630 δέ
3547 2576 3725 2631 οὕτωσ

2153 2667 2265 2719 Kal
2318 2669 2352 2721 ὁ
2405 2668 2597 2738 Λόγος
2631 2667 2788 2736 σὰρξ
2836 2667 3088 2737 ἐγένετο,
3132 2668 3230 2721 καί
3278 2665 3633 2733 ἐσκήνωσεν
3658 2666 3731 2720 ἐν

2152 2758 2330 2828 ἡμῖν’
2383 2759 2481 2814 καί
2527 2758 2897 2829 ἐθεασάμεθα
2927 2758 3043 2826 τὴν
3080 2758 3270 2824 δόξαν
3303 2758 3506 2822 αὐτοῦ,
3537 2757 3731 2822 δόξαν

2155 2851 2235 2918 ὡς
2276 2849 2658 2922 Μονογενοῦς
2699 2853 2859 2921 παρὰ
2895 2852 3163 2930 Πατρός,
3219 2851 3456 2919 πλήρης
3487 2849 3729 2919 χάριτος

481 2945 600 3010 Quo
641 2943 696 2996 in
745 2944 865 2997 loco
893 2941 1130 3012 primum
1175 2942 1592 3011 qualernionem
1637 2939 2049 2994 accuratissime

2155 2941 2255 2995 καί
2283 2943 2592 3012 ἀληθείας.
2639 2943 2906 3016 Ἀκριϐῶς
2941 2938 3033 2996 οὖν
3075 2943 3168 2997 καὶ
3193 2942 3292 3014 τήν
3330 2940 3552 3013 πρώτην
3587 2941 3726 3012 ἐμή-

479 3034 771 3106 descripsit
805 3053 819 3090 :
854 3049 976 3089 cum
1010 3005 1228 3088 Patrem
1263 3033 1587 3097 nominavit,
1621 3041 1676 3088 et
1703 3031 1969 3096 Gratiam,
2000 3040 2049 3086 et

2157 3049 2283 3086 νυσε
2330 3005 2593 3104 τετράδαο
2652 3005 2900 3104 Πατέρα*
2923 3031 3092 3086 είπὼν
3135 3005 3462 3104 καίΧάριν.
3496 3005 3588 3085 καὶ
3619 3005 3728 3085 ⁷τον

489 3126 858 3198 Unigenitum,
891 3140 955 3181 ac
1008 3124 1326 3181 Veritatem.
1379 3122 1456 3178 lta
1511 3125 1672 3196 plane
1701 3123 1942 3181 Joannes
1986 3125 2055 3181 de

487 3221 686 3292 prima,
717 3220 961 3291 adeoque
996 3227 1171 3274 matre
1207 3218 1451 3272 omnium
1501 3217 1737 3273 Eonutn
1797 3216 2055 3288 Ogdoade

482 3314 699 3368 locutus
747 3318 852 3366 est.
897 3310 1034 3366 Istos
1077 3311 1222 3364 enim
1271 3309 1593 3363 nominatim
1628 3297 1901 3377 concepit,
1950 3308 2048 3362 Pa-

481 3414 644 3470 trem,
674 3401 938 3466 Gratiam,
976 3399 1298 3472 Unigenam,
1331 3396 1645 3477 Veritatem,
1672 3395 1931 3464 Verbum,
1961 3397 2055 3453 Vi-

480 3503 612 3557 tam,
647 3493 955 3558 Hominem,
994 3489 1316 3546 Ecclesium.

551 3582 782 3639 XXVIII.
835 3583 1016 3647 Vides,
1042 3582 1396 3648 eharissime,
1425 3593 1597 3637 artem
1634 3580 1780 3635 illam
1813 3594 1876 3634 ac
1909 3578 2055 3634 l‘rau.

481 3673 624 3736 dem,
673 3688 781 3744 qua
814 3669 1174 3740 sibimetipsis
1206 3669 1442 3724 illudunt
1486 3669 1748 3734 haeretici,
1793 3667 1922 3722 dum
1971 3684 2056 3723 sa-

479 3763 592 3817 cris
623 3761 846 3817 Litteris
877 3776 974 3832 per
1006 3761 1336 3814 calumniam
1385 3761 1703 3822 abutuntur,
1735 3769 1793 3813 ut
1833 3774 1900 3814 ex
1935 3759 2054 3812 illa-

480 3869 600 3908 rum
629 3852 940 3908 testimonio
971 3852 1167 3908 fabulis
1198 3852 1315 3908 suis
1345 3851 1558 3921 pondus
1589 3858 1642 3906 et
1671 3851 2051 3905 auctoritatem

478 3946 792 4000 concilient.
819 3945 1181 4010 Quamobrem
1206 3943 1456 3998 consulto
1477 3943 1695 3997 illorum
1727 3942 1780 3996 in
1814 3942 2051 3996 medium

477 4038 640 4094 verba
699 4037 920 4107 protuli,
974 4042 1033 4088 ut
1093 4034 1384 4088 miriﬁcum
1441 4034 1682 4102 ipsorum
1737 4032 2052 4089 calliditatis

478 4130 767 4184 artiﬁcium
817 4136 980 4198 atque
999 4127 1200 4182 erroris
1223 4126 1543 4196 pravitatem
1567 4123 2047 4184 animadverteres.

478 4221 722 4274 Primum
770 4222 936 4284 enim,
969 4219 1014 4274 si
1063 4216 1260 4272 Joanni
1292 4229 1602 4288 supremam
1649 4214 1795 4270 illam
1838 4213 2052 4285 Ogdoa-

2155 3127 2457 3198 Μονογενῆ,
2494 3127 2588 3180 καὶ
2649 3127 2953 3198 Ἀλήθειαν.
2998 3127 3184 3192 Οὕτως
3225 3129 3254 3182 ό
3299 3127 3549 3197 Ἰωάννης
3599 3128 3728 3198 περὶ

2127 3219 2254 3288 ,τῆς
2289 3217 2510 3289 πρώτης
2539 3217 2634 3272 καὶ
2663 3219 2867 3290 μητρὸς
2897 3219 3008 3272 τῶν
3031 3219 3166 3273 ὅλων
3190 3217 3409 3273 Λίώνων
3449 3219 3728 3288 Ὀγδοάδος

2154 3310 2363 3381 εἴρηκε.
2419 3311 2640 3381 Πατέρα
2685 3309 2794 3381 γὰρ
2841 3311 3029 3382 εἴρηκε
3065 3311 3158 3364 καὶ
3189 3311 3384 3380 Χάριν,
3427 3312 3522 3365 καὶ
3555 3311 3729 3366 Μονο-

2152 3402 2309 3472 γενῆ,
2367 3401 2464 3454 καὶ
2521 3401 2824 3472 Ἀλήθειαν,
2874 3404 2968 3456 καὶ
3017 3402 3210 3472 Λόγον,
3266 3403 3359 3459 καὶ
3407 3402 3583 3474 Ζωὴν,
3635 3403 3730 3457 καὶ

2157 3491 2498 3564 Ἄνθρωπον,
2535 3495 2628 3546 καὶ
2674 3492 3020 3566 Ἐκκλησίαν.

2224 3585 2358 3645 KH'.
2404 3587 2586 3658 Ὁρᾷς,
2609 3585 2882 3658 ἀγαπητὲ,
2909 3585 3006 3658 τήν
3038 3585 3279 3658 μέθοδον,
3379 3585 3428 3637 οί
3455 3582 3730 3655 χρώμενοι

2155 3674 2587 3746 φρεναπατοῦσιν
2635 3677 2880 3740 ἑαυτοὺς,
2911 3674 3310 3747 ἐπηρεάζοντες
3353 3673 3453 3736 τάς
3485 3673 3731 3743 Γραφὰς,

2152 3765 2213 3816 τὸ
2241 3762 2464 3834 πλάσμα
2500 3763 2680 3818 αὐτῶν
2711 3764 2770 3830 ἐξ
2798 3764 2976 3818 αὐτῶν
3009 3763 3345 3817 συνιστάνειν
3374 3760 3731 3832 πειρώμενοι.

2153 3856 2251 3909 Διὰ
2298 3855 2457 3909 τοῦτο
2506 3855 2614 3928 γάρ
2656 3857 2752 3910 καὶ
2811 3856 2971 3920 αὐτὸς
3017 3853 3339 3927 παρεθέμην
3386 3851 3567 3904 αὐτῶν
3631 3853 3734 3916 τάς

2153 3945 2343 4010 λέξεις,
2373 3946 2459 3998 ἴνα
2485 3947 2544 4010 ἐξ
2571 3945 2748 4001 αὐτῶν
2778 3947 3116 4016 κατανοήσῃς
3145 3943 3242 4012 τὴν
3268 3940 3606 4012 πανουργίαν
3630 3943 3735 4014 τῆς

2156 4036 2456 4107 μεθοδείας,
2487 4037 2580 4090 καὶ
2611 4035 2711 4106 τὴν
2762 4035 3026 4106 πονηρίαν
3075 4033 3174 4102 τῆς
3225 4031 3449 4102 πλάνης.
3504 4029 3734 4100 Πρῶτον

2155 4130 2252 4200 μὲν
2304 4130 2412 4199 γάρ
2458 4129 2508 4182 εί
2556 4129 2841 4200 προέκειτο
2894 4127 3114 4197 Ἰωάννῃ
3155 4125 3254 4196 τὴν
3296 4123 3409 4178 ἄνω
3469 4121 3728 4188 Ὀγδοάδα

2155 4222 2435 4292 μηνύσειν,
2488 4219 2585 4291 τὴν
2641 4219 2794 4286 τάξιν
2827 4219 2892 4273 ἂν
2938 4219 3227 4290 τετηρήκει
3278 4217 3378 4287 τῆς
3434 4214 3732 4287 προϐολῆς,

478 4311 600 4365 dem
651 4310 929 4364 declarare
981 4310 1322 4380 propositum
1374 4309 1598 4372 fuisset,
1651 4308 2046 4386 procreationis

2154 4314 2246 4367 καὶ
2273 4314 2371 4384 τὴν
2395 4311 2616 4384 πρώτην
2647 4311 2890 4383 Τετράδα
2925 4309 3371 4380 σεδασμιωτάτην
3403 4302 3591 4369 οὖσαν,
3628 4323 3729 4358 κα-

478 4403 723 4457 ordinem
760 4409 1022 4466 servaret,
1066 4417 1130 4456 ac
1161 4403 1396 4471 priorem
1447 4401 1620 4466 illum,
1655 4397 1733 4454 uti
1765 4386 2040 4464 asserunt,

478 4496 1038 4567 augustissituumque
1075 4496 1514 4564 quaternioncm,
1553 4494 1606 4548 in
1652 4494 1828 4563 prima
1863 4492 2042 4548 nomi~
2093 4556 2104 4567 ο

478 4605 608 4644 num
659 4589 799 4645 serie
848 4589 1172 4651 cullocarel;
1225 4593 1340 4639 tum
1387 4585 1687 4640 secundum
1725 4586 2039 4655 subjiceret,

480 4687 538 4731 ut
588 4693 683 4746 per
729 4678 1116 4731 vocabulorum
1164 4673 1411 4729 ordinem
1463 4673 1738 4745 Ogdoadis
1784 4675 1920 4728 ordo
1952 4675 2045 4730 de-

478 4774 875 4822 monstraretur
905 4783 918 4818 :
954 4779 1128 4833 neque
1155 4773 1306 4818 tanto
1333 4763 1636 4827 intervallo,
1667 4763 1812 4817 velut
1840 4765 2044 4819 oblitus

477 4875 541 4915 ac
580 4857 758 4914 denuo
798 4855 1138 4920 recordatus,
1187 4855 1596 4927 quaternionem
1641 4855 1876 4925 primum
1913 4855 2042 4909 ulti-

477 4969 625 5009 mum
656 4953 711 5007 in
757 4953 936 5006 locum
969 4949 1284 5024 conjiceret.
1319 4947 1522 5006 Deinde
1568 4949 1615 5004 si
1660 4948 2038 5021 coniugiorum

477 5045 806 5101 mentionem
835 5043 1012 5100 facere
1040 5044 1214 5103 vellet.
1251 5057 1529 5113 nunquam
1557 5040 1813 5097 Ecclesiae
1842 5057 2044 5097 nomen

476 5139 930 5204 prmtermitterct.
988 5134 1092 5190 Sed
1133 5135 1220 5190 vel
1267 5135 1476 5190 caeteris
1507 5134 1672 5188 etiam
1718 5132 1772 5187 in
1818 5134 2044 5204 paribus

478 5227 825 5282 recensendis
876 5229 1024 5282 solos
1083 5217 1344 5282 duntaxat
1403 5241 1582 5282 mares
1638 5227 1980 5281 nominasset
2027 5244 2041 5280 :

477 5333 601 5374 cum
645 5326 699 5371 et
739 5319 840 5388 ipsi
872 5319 1122 5373 similiter
1150 5335 1256 5372 una
1303 5319 1527 5390 intelligi
1581 5319 1833 5389 possint;
1891 5329 1948 5372 ut
1987 5318 2044 5372 in

477 5406 733 5461 omnibus
779 5406 1187 5460 similitudinem
1235 5407 1710 5477 aequalitatemque
1780 5416 2042 5464 servaret.

560 5606 576 5639 ⁸
602 5607 798 5682 Eplies.
832 5623 885 5669 γ.
916 5606 1001 5662 15.
1077 5609 1098 5640 ⁸
1133 5606 1256 5661 For.
1287 5605 1319 5673 ἢ
1353 5608 1422 5660 εί.

2151 4404 2258 4467 θὼς
2295 4404 2561 4471 λέγουσιν,
2595 4405 2651 4455 ἐν
2686 4402 2919 4473 πρώτοις
2953 4402 3020 4456 ἂν
3049 4401 3280 4455 τεθείκει
3321 4401 3433 4462 τοῖς
3463 4397 3728 4467 ὀνόμασι·

2149 4497 2244 4549 καὶ
2290 4495 2462 4558 οὓτως
2508 4495 2810 4564 ἐπεζεύχθη
2857 4496 2956 4564 τὴν
3013 4495 3306 4564 δευτέραν,
3357 4493 3444 4546 ἴνα
3483 4490 3575 4544 διὰ
3627 4491 3733 4560 τῆς

2148 4587 2354 4652 τάξεως
2387 4589 2493 4641 τῶν
2520 4587 2798 4658 ὀνομάτων
2823 4589 2857 4657 ή
2882 4587 3034 4651 τάξις
3059 4586 3242 4657 δειχθῇ
3271 4585 3372 4656 τῆς
3408 4583 3695 4652 Ὀγδοάδος
3715 4599 3730 4612 ⁸

2149 4681 2243 4734 καὶ
2300 4681 2400 4734 οὐκ
2444 4680 2510 4734 ἂν
2565 4680 2701 4750 μετὰ
2753 4679 3002 4732 τοσοῦτον
3043 4679 3350 4749 διάστημα,
3400 4675 3475 4738 ὡς
3500 4675 3735 4746 ἐκλελῆ-

2151 4771 2366 4842 σμένος,
2398 4771 2587 4826 ἔπειτα
2618 4771 2980 4844 ἀναμνησθεὶς
3008 4771 3093 4824 ἐπ’
3115 4772 3323 4842 ἐσχάτῳ
3343 4767 3563 4840 πρώτης
3594 4769 3733 4838 ἐμέ-

2153 4879 2322 4935 μνητο
2352 4862 2638 4934 Τετράδος.
2688 4864 2916 4919 Ἔπειτα
2955 4861 3012 4914 δὲ
3059 4861 3154 4914 καὶ
3198 4860 3295 4923 τὰς
3328 4855 3590 4924 συζυγίας
3623 4873 3732 4928 σηο

2129 4949 2320 5025 ¹μᾶναι
2367 4954 2552 5021 θέλων,
2585 4954 2769 5009 καὶτὸ
2801 4955 2900 5025 τῆς
2927 5016 2931 5020 ,
2971 4951 3295 5022 Ἐκκλησίας
3341 4950 3440 5003 οὐκ
3476 4949 3545 5002 ἂν
3577 4964 3731 5020 παρο

2152 5042 2336 5097 έλιπεν
2357 5044 2547 5116 ὄνομα.
2584 5044 2722 5098 Ἀλλ’
2754 5044 2788 5116 ἢ
2821 5043 2916 5098 καὶ
2956 5043 3048 5096 ἐπὶ
3079 5042 3189 5095 τῶν
3217 5041 3418 5095 λοιπῶν
3449 5038 3738 5108 συζυγιῶν

2150 5132 2391 5205 ἠρκέσθη
2421 5137 2486 5204 τῇ
2528 5133 2634 5186 τῶν
2661 5133 2906 5204 ἀρρένων
2939 5131 3301 5202 προσηγορίᾳ,
3326 5128 3526 5199 ὁμοίως
3554 5128 3731 5181 δυνα⁸

2134 5225 2328 5300 ,μένων
2361 5225 2626 5280 κάκείνων
2648 5222 3136 5291 συνυπακούεσθαι,
3154 5223 3241 5276 ἶνα
3263 5220 3358 5292 τήν
3382 5220 3612 5289 ἑνότητα
3641 5219 3740 5274 διὰ

2152 5316 2368 5370 πάντων
2457 5315 2804 5385 πεφυλακὼς,
2831 5317 2880 5368 εἰ
2908 5317 2929 5348 ³
2955 5313 3064 5368 τῶν
3093 5312 3296 5366 λοιπῶν
3333 5312 3429 5374 τὰς
3456 5309 3741 5380 συζύγους

2151 5408 2427 5478 κατέλεγε,
2477 5407 2572 5463 καὶ
2625 5406 2722 5478 τὴν
2767 5404 2859 5461 τοῦ
2923 5403 3236 5479 Ἀνθρώπου
3291 5402 3357 5458 ἂν
3418 5398 3737 5475 με’μηνύκει
