3980 6086
255 134 364 191 59.9

1004 147 1374 206 ADVERSUS
1411 108 1760 207 IUERESES.
1792 147 1920 206 LIB.
1962 149 2004 207 Ι.
2045 150 2207 209 ΤΟΜ.
2250 152 2316 209 Il.
2354 183 2424 197 —
2460 154 2738 214 IlA‘IRES.
2773 108 2966 216 X'XXI.

3412 163 3515 217 550

261 252 513 323 σύζυγον,
542 256 637 310 καὶ
669 259 770 313 οὐκ
805 259 872 314 ἂν
897 261 1108 336 ἀφῆκεν
1133 267 1199 321 ἐκ
1230 271 1486 338 μαντείας
1524 272 1669 342 ἡμᾶς
1694 271 1810 340 λαμι

1939 269 2033 328 Vel
2078 272 2125 328 si
2143 273 2483 346 reliquorum
2511 278 2770 349 coniuges
2800 287 3166 343 enumeraret,
3195 281 3356 335 etiam
3403 279 3515 336 Πο-

256 344 443 398 ϐἀνειν
473 347 709 419 τοῦνομα
740 352 930 424 αὐτῆς.
961 356 1175 429 Φανερά
1207 355 1303 414 οὖν
1329 361 1362 432 ἡ
1389 361 1488 432 τῆς
1524 362 1835 435 ἐξηγήσεως

255 452 409 508 παρα
419 437 649 511 ποίησις.

324 613 430 667 Τοῦ
459 613 570 688 γὰρ
628 618 876 702 Ἰωάννου
917 623 1014 678 ἕνα
1066 625 1198 682 Θεὸν
1249 633 1682 705 παντοκράτορα,
1738 635 1834 688 καὶ

164 699 169 706 ’
249 705 349 796 ἕνα
393 711 657 782 μονογενῆ
707 699 944 784 Χριστὸν
998 717 1203 790 Ἰησοῦν
1253 699 1642 796 κηρύσσοντος,
1669 727 1736 780 δι’
1768 721 1828 782 οὗ

246 794 319 847 τὰ
346 796 524 852 πάντα
554 801 836 870 γεγονέναι
863 802 1032 873 λέγει,
1062 809 1251 864 τοῦτον
1283 811 1420 866 Υιὸν
1449 794 1829 882 Θεοῦ,ήτοῦτον

248 890 581 960 Μονογενῆ,
632 892 820 948 τοῦτον
866 896 1111 952 πάντων
1146 902 1428 973 ποιητὴν,
1472 906 1658 962 τοῦτον
1701 908 1828 978 φῶς

244 979 572 1049 ἀληθινὸν,
623 986 950 1054 φωτίζοντα
1001 991 1197 1048 πάντα
1246 993 1580 1064 ἄνθρωπον,
1637 1001 1825 1055 τοῦτον

245 1071 482 1141 κόσμου
529 1077 807 1145 ποιητὴν,
844 1079 1034 1136 τοῦτον
1081 1085 1170 1149 εἰς
1201 1083 1275 1139 τὰ
1309 1086 1430 1141 ῑδια
1459 1089 1821 1161 ἐληλυθότα,

241 1162 432 1218 τοῦτον
471 1168 660 1222 αὐτὸν
689 1169 888 1238 σάρκα
935 1177 1241 1244 γεγονότα,
1297 1178 1397 1232 καὶ
1436 1181 1824 1250 ἐσκηνωκότα

233 1250 506 1345 arripit»,
534 1250 702 1322 οὗτοι,
731 1262 1176 1334 παρατρέποντες
1207 1267 1348 1322 κατὰ
1380 1269 1441 1322 τὺ
1472 1271 1695 1327 πιθανὸν
1722 1275 1822 1345 τὴν

240 1343 524 1414 ἐξήγησιν,
560 1346 718 1402 ἄλλον
775 1351 874 1421 μὲν
920 1353 1013 1408 τὸν
1060 1357 1340 1431 Μονογενῆ
1388 1360 1630 1416 θέλουσιν
1682 1343 1820 1419 εἶναι

241 1432 382 1486 κατὰ
405 1435 506 1505 τὴν
527 1438 816 1512 προϐολὴν,
854 1443 914 1496 ὃν
942 1444 1005 1517 δὴ
1034 1448 1127 1500 καὶ
1170 1449 1364 1522 Ἀρχὴν
1387 1452 1662 1509 καλοῦσιν.
1694 1455 1822 1510 Ἀλ-

1938 364 2104 420 minis
2135 366 2437 436 attigisset;
2469 383 2646 439 neque
2666 369 2944 424 divinandi
2976 368 3123 425 illius
3149 370 3388 426 nominis
3418 387 3510 425 ne-

1935 455 2248 510 cessitatem
2322 457 2482 513 nobis
2546 459 2842 516 attulisset.
2899 458 2997 516 Est
3061 459 3228 532 igitur
3288 461 3518 519 minimo

1933 546 2171 601 obscura
2201 547 2349 604 illius
2388 548 2855 619 interpretationis
2882 552 3177 610 calumnia.

2002 637 2138 693 Cum
2174 639 2320 694 enim
2362 639 2602 698 Joannes
2640 658 2811 697 unum
2844 643 3011 699 Deum
3056 645 3506 714 omnipotentem,

1931 743 2210 800 unumque
2256 729 2538 787 Christum
2583 731 2771 789 Jesum
2811 733 2962 791 illius
2991 735 3332 807 unigenitum
3368 753 3507 808 pra:-

1928 818 2096 885 dicet,
2126 835 2222 891 per
2246 837 2409 893 quem
2438 823 2581 879 facta
2609 839 2734 880 esse
2770 826 2953 880 omnia
2980 827 3268 882 confirmat
3294 847 3308 884 :
3339 835 3506 900 atque

1928 911 2073 968 hunc
2125 928 2249 970 esse
2313 914 2415 970 Dei
2469 913 2706 984 Filium,
2751 916 2898 972 hunc
2962 917 3278 990 Unigenam,
3355 919 3509 975 hunc

1926 1002 2263 1061 Conditorem
2302 1009 2556 1076 omnium,
2599 1008 2745 1064 hunc
2789 1026 2960 1064 veram
2991 1010 3179 1075 lucem,
3233 1028 3348 1081 quae
3376 1012 3508 1066 illu-

1925 1098 2093 1150 minat
2126 1116 2328 1154 omnem
2360 1100 2640 1168 hominem,
2695 1103 2840 1157 hunc
2887 1103 3074 1157 mundi
3105 1103 3507 1172 fabricatorem,‘

1927 1186 2088 1258 199
2119 1188 2264 1243 hunc
2292 1191 2381 1260 qui
2408 1192 2460 1244 in
2486 1194 2701 1261 propria
2729 1194 2906 1259 venit;
2932 1194 3023 1265 qui
3044 1211 3168 1248 caro
3201 1194 3375 1264 factus
3398 1203 3498 1257 est,

1919 1286 1970 1331 et
2003 1279 2258 1335 habitavit
2298 1283 2355 1335 in
2403 1283 2570 1350 nobis,
2605 1299 2726 1340 esse
2771 1291 3037 1353 testetur;
3085 1285 3178 1342 isti
3212 1286 3407 1340 callida
3432 1300 3500 1341 ac

1921 1370 2190 1426 malitiosa
2223 1371 2674 1445 interpretatione
2713 1374 3127 1447 detorquentes,
3169 1378 3334 1431 alium
3369 1392 3497 1446 pro-

1919 1459 2179 1518 ductione
2202 1465 2414 1535 tingunt
2438 1466 2734 1538 Unigenam
2767 1468 3059 1532 exstitisse,
3092 1468 3236 1537 quod
3267 1477 3319 1523 et
3339 1466 3500 1522 Prin-

238 1524 332 1626 λον
361 1525 419 1578 δὲ
445 1526 537 1580 τὸν
567 1529 798 1603 Σωτῆρα
829 1537 1111 1604 γεγονέναι
1144 1539 1376 1608 θέλουσι,
1417 1545 1510 1599 καὶ
1537 1545 1695 1600 ἄλλον
1727 1549 1810 1602 τὸν

1919 1553 2123 1623 cipium
2154 1524 2372 1621 vocant,
2404 1524 2572 1612 alium
2626 1559 2992 1626 Salvatorem,
3050 1559 3196 1614 aliud
3257 1558 3491 1614 Verbum

237 1616 412 1719 Λόγον
455 1620 571 1674 υἱὸν
603 1621 697 1675 τοῦ
725 1625 1085 1694 Μονογενοῦς,
1134 1633 1230 1686 καὶ
1270 1633 1430 1688 ἄλλον
1458 1635 1550 1689 τὸν
1582 1639 1810 1709 Χριστὸν

1921 1643 2180 1715 Unigena:
2228 1646 2422 1713 ﬁlium,
2452 1649 2618 1702 alium
2649 1649 2929 1704 Christum
2979 1649 3286 1719 corrigendi
3325 1663 3492 1705 causa

362 1711 736 1800 ἐπανόρθωσιν
777 1717 871 1770 τοῦ
923 1719 1296 1793 Πληρώματος
1351 1708 1812 1800 προϐεϐλημένον.

238 1799 362 1891 limi
395 1799 454 1853 ἐν
505 1801 736 1858 ἕκαστον
787 1808 896 1864 τῶν
945 1811 1252 1883 εἰρημένων
1295 1815 1526 1889 ἄραντες
1574 1819 1682 1873 ἀπὸ
1717 1821 1818 1891 τῆς

234 1888 1046 1984 αληθείας,καταχρησάμενοι
1093 1906 1207 1968 τοῖς
1251 1888 1530 1978 ὀνόμασιν,
1587 1912 1668 1975 εἰς
1716 1888 1816 1984 την

237 1981 376 2036 ἰδίαν
431 1983 690 2039 ὑπόθεσιν
744 1991 1103 2061 μετήνεγκαν.
1140 1995 1301 2050 Ὥστε
1356 2001 1478 2053 κατ’
1532 2002 1726 2068 αὐτοὺς
1757 1981 1815 2059 έν

231 2075 359 2166 τοῖς*
373 2075 648 2142 τοσούτοις
674 2079 766 2132 τὸν
808 2081 1062 2156 Ἰωάννην
1092 2086 1188 2140 τοῦ
1223 2089 1428 2161 Κυρίου
1471 2094 1646 2164 Ἰησοῦ
1680 2096 1815 2166 Χρι-

235 2163 362 2257 ατοῦ
393 2167 584 2235 μνείαν
616 2171 632 2201 ¹
669 2173 1051 2230 ποιεῖσθαι.·Εἰ
1083 2177 1192 2251 γὰρ
1222 2181 1444 2254 Πατέρα
1475 2163 1684 2257 εἴρηκε,
1718 2163 1813 2243 {ut

233 2252 429 2346 Χαριν,
483 2258 579 2310 καὶ
629 2259 930 2335 Μονογενῆ,
979 2269 1074 2322 καὶ
1138 2252 1440 2342 Ἀλήθειαν,
1476 2252 1594 2328 καὶ⁷
1616 2277 1809 2346 Λόγον,

231 2345 326 2398 καὶ
357 2346 532 2417 Ζωὴν.
591 2351 685 2403 καὶ
740 2354 1082 2428 Ἄνθρωπον,
1136 2363 1234 2416 καὶ
1275 2363 1620 2436 Ἐκκλησίαν,
1670 2371 1812 2425 κατὰ

227 2437 329 2507 τὴν
361 2439 588 2494 ἐκείνων
637 2442 913 2528 ὐπόθεσιν,
942 2451 1070 2521 περὶ
1119 2452 1220 2524 τῆς
1265 2455 1491 2528 πρώτης
1529 2456 1811 2528 Ὀγδοάδος

228 2528 488 2621 εἴρηκεν,
537 2533 596 2585 ὲν
727 2535 939 2592 οὐδέπω
978 2541 1206 2613 Ἰησοῦς,
1255 2527 1468 2601 οὐδέπω
1512 2549 1745 2621 Χριστὸς
1781 2555 1836 2608 ὰ

225 2620 322 2672 τοῦ
365 2622 613 2678 Ἰωάννου
651 2627 986 2695 διδάσκαλος.
1021 2635 1142 2688 Ὀτι
1173 2636 1230 2689 δὲ
1258 2639 1318 2692 οὐ
1353 2640 1482 2712 περὶ
1510 2620 1620 2697 τῶν
1649 2645 1811 2710 συζυ-

227 2710 375 2808 γιῶν
392 2715 573 2769 αὐτῶν
603 2719 634 2770 ό
691 2720 1013 2789 ’Λπόστολος
1056 2725 1301 2798 εἴρηκεν,
1352 2710 1490 2787 ἀλλὰ
1539 2737 1666 2808 περὶ
1713 2737 1808 2792 τοῦ

227 2803 438 2893 κυρίου
489 2806 647 2877 ἡμῶν
707 2810 882 2881 Ἰησοῦ
933 2815 1193 2885 Χριστοῦ,
1241 2819 1301 2873 ὃν
1359 2822 1456 2875 καὶ
1490 2803 1665 2893 Λόγον
1700 2823 1808 2882 οἶδε

223 2892 320 2946 τοῦ
359 2895 518 3010 Θεοῦ,
559 2901 722 2966 αὐτὸς
758 2905 1024 2978 πεποίηκε
1058 2911 1308 2982 φανερόν.
1351 2892 1803 2986 Ἀνακεφαλαιού-
1833 2951 1876 3010 c

227 3003 392 3088 μενος
433 2989 570 3088 γὰρ-
596 2994 726 3064 περὶ
755 2996 849 3050 τοῦ
879 2999 1174 3070 εἰρημένου
1219 3003 1367 3076 αὐτῷ
1409 3006 1522 3062 ἄνω
1567 3013 1627 3063 ὲν
1658 3013 1801 3088 ἀρχῇ

222 3075 387 3170 λόγου
438 3080 808 3154 ἐπεξηγεῖταιο
858 3089 971 3143 Καὶ
1017 3093 1051 3144 ό
1106 3093 1300 3164 Λόγος
1345 3097 1503 3166 σὰρξ
1544 3075 1803 3170 ἐγένετόξ

225 3169 350 3262 καί
375 3171 736 3243 ἐσκήνωσεν
788 3178 859 3234 ἐκ
903 3181 1066 3250 ἡμῖν.
1119 3185 1277 3240 Κατὰ
1320 3187 1377 3242 δὲ
1428 3190 1528 3262 τὴν
1579 3169 1804 3250 ἐκείνων

221 3261 611 3358 ὐπόθεσινΑούχ
643 3269 672 3320 6
699 3269 869 3338 Λόγος
902 3271 1040 3344 σὰρξ
1073 3276 1310 3343 ἐγένετο,
1340 3280 1400 3343 ὃς
1427 3261 1491 3350 γε
1529 3284 1649 3338 οὐδὲ
1672 3283 1804 3358 ἦλθέ

219 3368 354 3405 me
390 3355 548 3449 εκτὸς
585 3357 977 3449 Πληρῴματος,
1012 3365 1148 3420 ἀλλὰ
1173 3368 1201 3419 6
1227 3369 1326 3441 τῆς
1354 3373 1668 3446 οἰκονομίας
1697 3355 1804 3449 ’με-

216 3446 614 3518 ταγενέστερος
659 3448 753 3502 τοῦ
787 3451 962 3521 Λόγου
999 3455 1211 3528 Σωτήρ.

289 3627 424 3682 ΚΘ¹⁶
467 3629 682 3684 Μάθετε
713 3628 825 3698 οὗν,
853 3635 1093 3707 ἀνόητοι,
1138 3639 1346 3711 Ἰησοῦς
1370 3643 1398 3694 6
1427 3641 1615 3697 παθὼν
1662 3643 1802 3716 ὑπὲρ

215 3718 404 3789 ἡμῶν,
439 3721 469 3772 6
503 3725 931 3796 κατασκηνώσας
951 3729 1008 3780 ὲν
1041 3731 1193 3800 ἡμῖν,
1227 3726 1380 3796 οὗτος
1410 3733 1569 3798 αὐτός
1601 3736 1750 3789 ἐστιν
1776 3738 1804 3789 6

217 3809 393 3877 Λόγος
421 3809 518 3863 τοῦ
549 3812 704 3869 Θεοῦ.
757 3815 818 3870 Εἰ
850 3817 948 3888 μὲν
991 3821 1096 3894 γὰρ
1142 3824 1298 3889 ἄλλος
1329 3845 1412 3889 τις
1442 3827 1551 3881 τῶν
1583 3829 1803 3883 Λίὡνων

217 3902 366 3990 ὐπὲρ
396 3907 498 3974 τῆς
526 3906 683 3976 ἡμῶν
711 3911 891 3968 αὐτῶν
921 3916 1195 3988 σωτηρίας
1227 3917 1366 3990 σὰρξ
1384 3919 1618 3988 ἐγένετο,
1656 3923 1803 3987 εἰκὸς

215 3989 286 4064 ἧν
320 3995 455 4066 περὶ
505 3996 665 4051 ἄλλου
719 4002 994 4075 εἰρηκέναι
1038 4006 1130 4061 τὸν
1183 3989 1534 4065 ’Λπόστολον·
1593 4014 1642 4066 εἰ
1689 4015 1744 4068 δὲ
1773 4017 1802 4070 6

214 4089 394 4156 Λόγος
421 4091 450 4142 6
479 4089 574 4142 τοῦ
622 4093 834 4165 Πατρδς
877 4097 906 4148 6
946 4099 1213 4164 καταϐὰς,
1264 4103 1428 4168 αὐτός
1475 4105 1591 4159 ἐστι
1637 4109 1731 4162 καὶ
1774 4111 1804 4162 6

215 4182 448 4246 ἀναϐὰς,
483 4186 511 4237 6
541 4184 632 4238 τοῦ
670 4187 833 4256 μόνου
861 4188 996 4242 Θεοῦ
1028 4193 1322 4266 μονογενὴς
1351 4195 1480 4260 Υἱὸς
1524 4199 1664 4256 κατὰ
1703 4201 1801 4270 τὴν

1918 1732 2241 1792 Pleromatis
2270 1747 2543 1793 exortum.
2600 1738 2802 1810 Sicque
2851 1755 3040 1796 eorum
3085 1756 3205 1811 quae
3235 1741 3493 1796 dicuntur

1919 1826 2131 1898 singula
2176 1844 2208 1883 a
2245 1830 2476 1885 veritate
2524 1839 2861 1901 promentes,
2914 1847 2978 1886 ac
3024 1833 3337 1890 nominibus
3394 1833 3491 1888 ab-

1918 1926 2153 1985 utentes,
2185 1922 2252 1975 ad
2297 1937 2456 1978 usum
2497 1938 2656 1978 suum
2680 1925 3096 1996 opinionemque
3124 1925 3488 1982 transferunt.

1915 2005 1992 2061 Ex
2031 2024 2138 2078 qua
2190 2010 2409 2065 illorum
2463 2014 2734 2068 sententia
2768 2001 3040 2083 sequitur,
3073 2022 3154 2068 tet
3205 2016 3259 2069 in
3305 2014 3490 2070 verbis

1912 2097 2177 2155 Joannem
2226 2099 2357 2157 Jesu
2409 2102 2614 2158 Christi
2667 2105 3001 2160 mentionem
3034 2121 3103 2161 ne
3137 2106 3316 2161 littera
3368 2105 3493 2175 qui-

1913 2191 2034 2247 dem
2094 2193 2360 2264 attigisse.
2415 2193 2569 2250 Licet
2619 2196 2763 2250 enim
2811 2195 3027 2252 Patrem
3080 2197 3397 2261 nominarit,
3433 2203 3488 2251 et

1912 2281 2183 2349 Gratiam,
2221 2282 2592 2354 Unigenitum,
2641 2294 2697 2342 et
2739 2285 3056 2355 Veritatem,
3105 2301 3170 2342 ac
3220 2286 3482 2350 Verbum,

1911 2371 2115 2436 Vitam,
2148 2372 2434 2430 Hominem
2488 2387 2542 2431 et
2576 2374 2914 2446 Ecclesiam;
2973 2378 3087 2434 haec
3139 2379 3214 2432 illi
3257 2383 3485 2433 censent

1911 2462 1977 2518 de
2015 2465 2189 2535 prima
2222 2464 2481 2536 Ogdoade
2515 2483 2637 2523 esse
2661 2467 2807 2523 dicta
2837 2489 2850 2524 :
2895 2469 2950 2524 in
2983 2485 3090 2541 qua
3121 2470 3360 2525 nondum
3392 2467 3483 2524 Je-

1912 2568 2026 2619 sus,
2061 2555 2304 2610 nondum
2331 2555 2587 2614 Christus
2611 2556 2846 2616 Joannis
2869 2561 3126 2631 magister
3146 2560 3478 2617 continetur.

1911 2644 2111 2702 Verum
2144 2647 2303 2718 longe
2331 2648 2525 2706 abesse
2555 2659 2616 2706 ut
2648 2651 2716 2707 de
2743 2651 3016 2723 conjugiis
3050 2653 3158 2708 illis
3184 2652 3491 2724 Apostolus

1911 2741 2061 2811 loqui
2105 2741 2360 2808 voluerit,
2390 2741 2567 2814 deque
2608 2730 2829 2800 Christo
2876 2744 3004 2800 Jesu
3040 2743 3268 2800 Domino
3294 2753 3492 2800 nostro.

1909 2831 2322 2902 intelligendum
2352 2847 2496 2898 esse,
2520 2833 2666 2904 quod
2694 2842 2750 2889 et
2781 2833 3020 2890 Verbum
3049 2835 3184 2891 solet
3212 2834 3484 2904 appellare

1911 2919 2028 2989 Dei,
2074 2936 2184 2977 non
2235 2923 2468 2979 obscure
2514 2924 2632 2994 ipse
2675 2924 2935 2980 declarat.
2989 2923 3202 2979 Etenim
3244 2939 3369 2979 cum
3417 2925 3492 2981 de

1913 3008 2088 3065 Verbo
2140 3011 2255 3077 illo,
2289 3010 2438 3083 quod
2466 3019 2625 3068 antea
2651 3013 2708 3067 in
2747 3013 3020 3084 principio
3051 3013 3221 3070 fuisse
3249 3013 3490 3084 dixerat,

1907 3099 2222 3156 summatim
2285 3101 2563 3171 disputata
2610 3101 2922 3172 colligeret,
2988 3104 3061 3158 ita
3127 3106 3484 3172 pronuntiare

1905 3190 2116 3262 pergit:
2153 3188 2220 3244 Et
2265 3189 2486 3246 Verbum
2520 3207 2644 3245 caro
2677 3191 2878 3261 factum
2920 3201 3020 3258 est,
3050 3207 3095 3247 et
3125 3194 3380 3246 habitavit
3425 3194 3482 3247 in

1905 3280 2074 3336 nobis.
2106 3281 2176 3335 At
2206 3281 2435 3338 istorum
2461 3283 2720 3354 Opinione
2752 3280 2992 3337 Verbum
3033 3299 3210 3355 neque
3242 3298 3372 3338 caro
3402 3283 3482 3338 fa-

1904 3377 2054 3426 ctum
2082 3381 2189 3438 est,
2240 3389 2420 3446 neque
2465 3390 2704 3445 unquam
2760 3389 2791 3428 a
2845 3373 3150 3431 Pleromate
3200 3367 3479 3438 discessit,

1905 3461 2002 3518 sed
2028 3461 2280 3520 Salvator
2304 3465 2527 3537 quidam
2553 3467 2696 3523 alius
2719 3467 3078 3539 procuranda:
3097 3483 3263 3522 causa
3287 3467 3481 3524 salutis

1903 3555 2106 3619 editus,
2139 3556 2429 3628 Verbaque
2460 3561 2748 3615 recentior.

1975 3645 2168 3700 XXIX.
2231 3647 2600 3714 Quamobrem
2634 3649 2830 3707 discite
2890 3651 3108 3707 tandem
3164 3651 3490 3723 aliquando,

1904 3737 2090 3794 stulti!
2127 3738 2321 3794 discite
2363 3737 2551 3795 Jesnm
2587 3741 2738 3796 illum
2787 3745 2880 3812 qui
2932 3751 3122 3798 nostra
3156 3759 3322 3799 causa
3352 3761 3481 3814 pas-

1903 3845 2000 3885 sus
2034 3838 2138 3895 est,
2185 3831 2277 3901 qui
2327 3831 2590 3886 habitavit
2620 3833 2674 3886 in
2709 3833 2888 3900 nobis,
2923 3834 3175 3888 eumdem
3221 3833 3316 3890 Dei
3357 3852 3480 3891 esse

1906 3922 2166 3978 Verbum.
2212 3921 2347 3977 Nam
2381 3923 2426 3980 si
2456 3923 2594 3980 alius
2624 3940 2688 3979 ex
2738 3923 2976 3979 Eonum
3019 3941 3249 3980 numero
3283 3927 3494 3984 salutis.

1902 4020 2104 4068 nostra:
2149 4015 2324 4083 gratia
2363 4028 2584 4069 carnem
2641 4014 2927 4078 induisset,
2974 4030 3188 4084 mquam
3241 4023 3360 4070 erat
3409 4017 3478 4076 de

1902 4103 2010 4158 alio
2037 4119 2255 4174 quoque
2287 4105 2617 4160 mentionem
2653 4106 2721 4160 ab
2755 4107 3016 4176 Apostolo
3044 4107 3179 4162 tieri.
3217 4106 3490 4165 Silt.idCIIL

1903 4195 2081 4251 Patris
2110 4194 2371 4260 Verbum,
2406 4197 2554 4266 quod
2590 4213 2618 4252 e
2649 4200 2790 4253 coelo
2819 4199 3101 4270 delapsum
3131 4208 3234 4264 est,
3283 4200 3474 4255 eodem

211 4275 310 4327 τοῦ
344 4276 560 4346 Πατρὸς
596 4277 845 4333 εὐδοκίαν
879 4282 1179 4352 σαρκωθεὶς
1210 4284 1351 4356 ὑπὲρ
1387 4287 1708 4359 ἀνθρώπων,
1737 4292 1796 4346 οὐ

1914 4288 2240 4358 postliminio
2290 4289 2473 4354 rediit,
2516 4291 2700 4356 unius,
2725 4293 2969 4362 inquam,
3003 4293 3092 4346 ille
3136 4291 3230 4351 Dei
3280 4293 3474 4350 unicus

212 4367 348 4437 περὶ
397 4366 556 4420 ἄλλου
590 4368 735 4431 τινος
755 4410 768 4431 ,
816 4369 936 4424 οὐδὲ
986 4373 1114 4443 περὶ
1173 4374 1457 4442 Ὀγδοόιδος
1499 4376 1590 4430 τὸν
1640 4377 1796 4448 λόγον

209 4458 612 4529 ὲμπεποίηται,
647 4459 761 4513 ἀλλ’
799 4461 832 4532 ἢ
883 4463 1132 4534 περὶτοῦ
1185 4467 1391 4538 Κυρίου
1453 4468 1626 4539 Ἰησοῦ
1660 4473 1794 4542 Χρι-

209 4550 366 4604 στοῦ.
427 4549 560 4604 Οὐδὲ
611 4551 720 4622 γὰρ
752 4553 781 4605 6
821 4553 992 4623 Λόγος
1040 4557 1161 4608 κατ’
1215 4556 1412 4622 αὐτοὺς
1455 4562 1798 4633 προηγουμέ-

207 4662 322 4710 νως
372 4643 510 4716 σὰρξ
557 4645 770 4714 γέγονε.
816 4645 1047 4714 Λέγουσι
1079 4648 1136 4702 δὲ
1174 4649 1265 4704 τὸν
1310 4651 1538 4724 Σωτῆρα
1570 4653 1796 4709 ἐνδύσα-

208 4736 343 4792 σθαι
372 4736 536 4808 σῶμα
558 4736 788 4807 ψυχικὸν
810 4736 876 4790 ἑκ
898 4738 996 4807 τῆς
1023 4740 1333 4810 οἰκονομίας
1360 4747 1796 4818 κατεσκευασμέ-

207 4844 304 4882 νον
333 4828 561 4899 ἁρρήτῳ
595 4826 842 4898 προνοίᾳ,
881 4827 1017 4896 πρὸς
1047 4827 1110 4881 τὸ
1151 4830 1343 4900 ὁρατὸν
1383 4832 1656 4900 γενέσθαι,
1705 4837 1799 4889 καὶ

204 4918 561 4988 ψηλαφητόν.
597 4917 742 4987 Σὰρξ
765 4918 822 4972 δέ
853 4921 999 4972 ἐστιν
1028 4921 1061 4990 ή
1092 4920 1293 4991 ἀρχαία
1320 4923 1384 4975 ὲκ
1409 4923 1502 4977 τοῦ
1532 4925 1628 4996 χοῦ
1655 4926 1796 4980 κατὰ

206 5011 308 5064 τὸν
346 5010 521 5080 Ἀδὰμ
551 5011 585 5080 ἡ
608 5011 861 5078 γεγονυῖα
891 5011 1090 5076 πλάσις
1123 5013 1228 5066 ὐπὸ
1257 5012 1351 5066 τοῦ
1383 5015 1539 5081 Θεοῦ,
1574 5019 1640 5089 ἢν
1663 5018 1796 5089 ἀλη-

205 5103 326 5167 θῶς
379 5102 666 5170 γεγονέναι
711 5103 806 5157 τὸν
870 5105 1041 5174 Λόγον
1101 5105 1197 5158 τοῦ
1258 5105 1394 5160 Θεοῦ
1454 5109 1721 5180 ἐμήνυσεν
1771 5115 1801 5166 6

218 5196 506 5264 Ἰωάννης.
564 5196 676 5250 Καὶ
721 5196 938 5252 λέλυται
990 5197 1235 5269 αὐτῶνὴ
1283 5198 1471 5271 πρώτη
1507 5200 1601 5253 καὶ
1632 5203 1799 5275 ἀρχέ-

1902 4380 2072 4435 Filius
2103 4395 2168 4434 ex
2205 4380 2464 4435 benevolo
2510 4381 2686 4437 Patris
2734 4385 2930 4438 atl‘ectu
2978 4385 3256 4441 hominum
3305 4401 3472 4442 causa

1901 4486 2067 4525 carne
2097 4471 2351 4534 vestitus,
2402 4487 2510 4526 non
2548 4471 2614 4527 de
2649 4473 2756 4528 alio
2789 4474 3068 4546 quopiam,
3119 4491 3227 4530 non
3270 4476 3337 4530 de
3381 4477 3474 4529 illa

1900 4560 2088 4615 nescio
2119 4575 2226 4630 qua
2256 4558 2530 4630 Ogdoade,
2563 4561 2660 4617 sed
2703 4562 2772 4617 de
2814 4561 2943 4618 Jesu
2989 4564 3206 4620 Christo
3241 4564 3472 4621 Domino

1898 4661 2088 4708 nostro
2140 4667 2448 4708 sermonem
2492 4655 2754 4725 instituit.
2806 4654 2992 4726 Neque
3039 4654 3185 4712 enim
3231 4655 3483 4716 Verbum.

1898 4743 1989 4798 isti
2041 4745 2316 4814 principue
2367 4753 2593 4801 censent
2643 4761 2864 4802 carnem
2910 4762 3035 4802 esse
3083 4747 3307 4802 factum.
3363 4748 3482 4808 Sed.

1898 4835 2239 4891 Salvatorem
2274 4835 2456 4892 ferunt
2488 4837 2724 4892 animale
2763 4837 3038 4910 quoddam
3066 4838 3310 4895 induisse
3345 4854 3468 4893 eor.

1898 4942 2022 4996 pus,
2056 4927 2201 4997 quod
2234 4927 2612 4984 incarnatione
2655 4930 2770 4997 ipsa
2803 4928 3169 5001 tnexplicahili
3201 4939 3479 5000 sapientia

1899 5018 2262 5073 constitutum
2323 5026 2429 5086 est,
2464 5027 2524 5074 ut
2569 5019 2742 5074 videri
2781 5023 3218 5091 contrectarique
3265 5033 3470 5091 possd.

1897 5111 2166 5166 Caeterum
2202 5127 2332 5168 caro
2376 5119 2535 5168 vetus
2564 5112 2693 5166 illud
2726 5127 2864 5182 Opus
2918 5111 3013 5167 Det
3061 5120 3167 5178 est,
3197 5114 3310 5184 jam
3359 5123 3474 5170 tum

1899 5202 1968 5256 ab
2015 5201 2210 5256 Adami
2263 5202 2602 5272 temporibus
2647 5218 2711 5257 ex
2765 5203 2932 5256 humo
2975 5203 3266 5259 formatum
3310 5223 3475 5276 quam

204 5301 374 5350 γονος
418 5285 663 5352 Ὀγδοάς,
711 5286 860 5352 Ἐνὸς
891 5287 1000 5359 γὰρ
1029 5289 1120 5340 καὶ
1149 5287 1241 5340 τοῦ
1266 5287 1432 5341 αὐτοῦ
1455 5289 1800 5360 δεικνυμένου

1914 5293 1996 5349 Dei
2031 5293 2264 5350 Verbum
2306 5294 2468 5364 200
2504 5293 2675 5361 fuisse
2704 5294 2989 5352 verissime
3012 5295 3252 5352 Joannes
3295 5296 3474 5366 prodi-

204 5375 420 5444 Λόγου,
458 5377 553 5428 καὶ
584 5375 938 5447 Μονογενοῦς,
993 5378 1088 5433 καὶ
1131 5377 1302 5449 Ζωῆς,
1349 5379 1441 5432 καὶ
1469 5381 1668 5448 Φωτῦς,
1709 5384 1800 5436 καὶ

1914 5385 1996 5441 Llit.
2042 5384 2121 5441 Ita
2167 5386 2342 5460 prima
2387 5387 2606 5446 illorum
2649 5397 2702 5442 et
2750 5389 3132 5486 antiquissima
3161 5386 3379 5460 Ogdoas
3420 5389 3474 5442 in

292 5531 307 5559 '
339 5527 503 5588 Deest
531 5528 614 5584 οὐ.
