3956 6070
184 182 202 192 κ
309 133 420 190 533

1065 138 1439 198 ADV'EBSUS
1475 140 1822 198 HA‘JRESES
1860 142 1883 197 ί

1986 183 1991 201 ι
2033 146 2076 199 1.
2122 145 2289 251 τηΜ.
2331 145 2474 201 ll.——
2513 146 2792 204 ιιι-ΕΒΕΞ.
2829 148 3020 203 XXXI.

3489 155 3600 213 55st

307 253 602 325 λύτρωσις,
659 252 747 309 ἵνα
793 272 877 318 τις
916 252 1007 309 τὸν
1051 259 1215 329 μῖμον
1253 242 1415 314 αύτδν
1455 257 1770 331 περαιώσας
1805 258 1883 315 τὸν

2002 242 2205 317 fabulae
2251 262 2470 330 exodio,
2498 263 2818 339 dimittendi
2869 271 3083 335 tempus
3131 273 3239 329 est,
3275 266 3591 326 consultum

308 350 756 416 άνασκευάζοντα
779 351 936 421 λόγον
966 354 1284 423 ἐπενεγκεῖν
1307 358 1350 418 ³,
1374 356 1557 422 καλῶς
1615 358 1760 430 ἔχειν
1803 360 1904 412 ύττ-

308 441 585 512 ελάϐομεν
607 440 873 506 ἐπιδεῖξαι
896 441 1182 515 πρότερον,
1219 445 1278 499 ὲν
1304 439 1385 509 οἷς
1414 448 1463 501 oi
1486 447 1723 520 πατέρες
1748 449 1905 506 αὐτοὶ

308 531 462 587 τοῦδε
496 532 594 588 τοῦ
629 532 804 603 θυμοῦ
832 536 852 567 ³
885 533 1235 606 διαφέρονται
1260 537 1399 608 πρὸς
1429 538 1712 610 ἀλλήλους,
1735 541 1811 605 ὡς
1840 543 1903 594 ἐκ

304 623 583 696 διαφόρων
605 622 936 694 πνευμάτων
955 623 1055 695 τῆς
1078 623 1286 696 πλάνης
1301 626 1472 691 ὄντες.
1497 627 1608 681 Καὶ
1628 629 1692 682 ἐκ
1712 627 1900 681 τούτου

305 716 418 788 γὰρ
450 714 699 787 ἀκριϐῶς
733 715 1161 787 συνιδεῖνέσται,
1187 719 1282 774 καὶ
1309 719 1415 791 πρὸ
1439 719 1542 792 τῆς
1574 721 1901 788 ἀποδείξεως

307 807 534 881 βεϐαίαν
550 807 651 879 τὴν
676 806 783 861 ὑπὸ
804 807 905 878 τῆς
947 807 1275 881 Ἐκκλησίας
1321 812 1741 886 κηρυσσομένην
1774 814 1902 886 ἀλή-

306 900 482 966 θειαν,
510 899 606 953 καὶ
638 898 736 970 τὴν
766 897 872 953 ὑπὸ
902 897 1109 953 τούτων
1133 902 1666 975 παραπεποιημένην
1694 902 1898 976 ψευδη-

303 993 516 1065 γορίαν.
550 992 617 1046 Ἦ
656 990 757 1063 μὲν
783 989 895 1064 γὰρ
920 990 1240 1068 Ἐκκλησία,
1273 992 1473 1066 καίπερ
1495 994 1616 1049 καθ’
1645 995 1776 1068 ὅλης
1796 996 1897 1068 τῆς

302 1083 632 1156 οἰκουμένης
660 1082 767 1146 ἓως
791 1066 1045 1154 περάτων
1070 1081 1169 1153 τῆς
1202 1083 1304 1151 γῆς
1323 1066 1896 1159 διεσπαρμένη,νπαρά

299 1175 360 1230 δὲ
382 1175 493 1229 τῶν
534 1173 850 1229 ἀποστόλων
901 1176 997 1229 καὶ
1028 1173 1138 1228 τῶν
1163 1173 1387 1229 ἐκείνων
1423 1175 1682 1249 μαθητῶν
1715 1196 1895 1252 πάροι⁴

301 1266 548 1322 λαϐοῦσα
574 1266 673 1338 τὴν
699 1267 780 1331 είς
807 1265 907 1322 ἕνα
945 1267 1078 1322 Θεὸν
1119 1268 1341 1341 Πατέρα
1363 1269 1780 1343 παντοκράτορα
1802 1272 1892 1326 τὸν

302 1355 648 1429 πεποιηκότα
682 1356 776 1410 τὸν
827 1355 1055 1430 οὐρανὸν
1108 1357 1202 1411 καὶ
1245 1356 1345 1429 τὴν
1375 1357 1502 1427 γῆν,
1539 1358 1632 1411 καὶ
1671 1358 1771 1422 τάς
1797 1357 1892 1412 θα-

298 1450 532 1514 λάσσας,
566 1448 663 1502 καὶ
694 1447 873 1502 πάντα
900 1447 974 1501 τὰ
1002 1448 1060 1501 ὲν
1085 1448 1290 1513 αὐτοῖς,
1328 1450 1534 1517 πίστιν,
1564 1451 1659 1504 καὶ⁴
1685 1452 1767 1514 είς
1794 1451 1891 1505 ἕνα

299 1540 536 1611 Χριστὸν
585 1537 793 1609 Ἰησοῦν
826 1538 916 1594 τὸν
957 1537 1089 1593 Υίὸν
1125 1538 1220 1593 τοῦ
1249 1524 1384 1594 Θεοῦ
1411 1540 1502 1594 τὸν
1536 1540 1891 1613 σαρκωθέντα

2008 356 2123 412 fore
2149 355 2427 420 duximus,
2465 359 2512 413 si
2541 356 2608 411 ad
2653 356 2871 413 illorum
2908 356 3310 414 confutantlum
3344 374 3591 414 errorem

2004 447 2211 521 aliquid
2260 448 2677 517 subjicéremus.
2712 445 2819 503 Sed
2851 447 3006 517 prius
3053 458 3234 505 tamen
3290 451 3582 505 ostenden-

2001 540 2131 596 dum
2163 540 2297 596 illud
2331 552 2436 606 est,
2473 539 2674 611 quibus
2719 541 2774 597 in
2805 541 2969 597 rebus
3000 540 3196 597 fabula:
3232 541 3382 597 illius
3405 551 3599 596 aucto-

2001 646 2091 688 res
2119 646 2152 686 a
2182 647 2244 687 se
2275 631 2515 687 invicem
2555 628 2879 697 dissideant,
2907 647 3046 702 quos
3075 631 3276 687 diversi
3311 632 3460 687 velut
3485 629 3581 685 [ει.

2000 724 2178 781 sitatis
2207 724 2435 795 spiritus
2473 723 2782 778 contrarias
2820 724 2874 779 in
2920 732 3103 794 partes
3137 723 3435 794 abripiunt.
3472 720 3582 779 Hoc

1998 815 2141 871 enim
2170 830 2236 871 ex
2262 815 2441 885 capite
2478 815 2560 870 vel
2609 814 2744 870 citra
2775 815 3151 886 probationem
3182 815 3348 870 ullam
3391 814 3576 869 certis-

2001 906 2138 963 sime
2168 906 2465 971 constabit,
2496 921 2619 961 cum
2644 906 2876 962 sclidam
2911 921 2975 962 ac
3004 906 3257 962 stabilem
3291 921 3413 961 esse
3442 905 3583 975 νοτία

1998 1006 2163 1054 tatem
2202 998 2374 1064 illam,
2407 1003 2572 1069 quam
2620 997 2864 1054 Ecclesia
2895 997 3176 1068 pradicat,
3222 1006 3336 1052 tum
3368 997 3579 1053 adulte-

1996 1091 2174 1145 rinam
2201 1104 2267 1144 ac
2291 1088 2607 1146 mendacem
2635 1090 2852 1145 illorum
2890 1104 3013 1146 esse
3039 1088 3367 1147 doctrinam.
3402 1088 3591 1160 Siqui-

1994 1181 2118 1239 dem
2153 1179 2401 1239 Ecclesia
2462 1189 2577 1237 toto
2611 1181 2739 1237 licet
2791 1181 2926 1237 orbe
2979 1180 3052 1237 ad
3093 1189 3367 1238 extremos
3409 1194 3580 1252 usque

1996 1282 2269 1329 terrarum
2323 1272 2526 1328 limites
2575 1272 2851 1344 dispersa,
2887 1289 3015 1329 cum
3071 1273 3141 1329 ab
3186 1273 3449 1344 apostolis
3485 1289 3575 1330 eu-

1993 1380 2226 1435 rumque
2254 1364 2542 1436 discipulis
2601 1363 2759 1420 [idem
2809 1365 3084 1435 acceperit
3124 1365 3178 1420 in
3213 1380 3382 1420 unum
3412 1364 3577 1421 Deum

1992 1456 2210 1514 Patrem
2257 1457 2714 1530 omnipotentem,
2765 1458 2861 1528 qui
2908 1457 3135 1523 caelum,
3168 1442 3483 1528 terramque
3516 1473 3582 1515 ac

1992 1549 2187 1616 maria,
2248 1564 2373 1605 cum
2432 1550 2707 1606 universis
2767 1564 2889 1621 quae
2942 1550 2999 1605 in
3042 1548 3152 1604 illis
3185 1548 3574 1619 comprehensa

298 1632 442 1703 ὑπὲρ
468 1631 572 1701 τῆς
596 1629 870 1701 ἡμετέρας
901 1629 1198 1701 σωτηρίας,
1243 1630 1337 1684 καὶ
1380 1631 1461 1695 εἰς
1486 1629 1709 1703 Πνεῦμα
1733 1631 1883 1701 ἅγιον

1991 1651 2139 1709 sunt,
2175 1640 2464 1707 condidit;
2492 1650 2548 1696 et
2591 1641 2646 1695 in
2680 1656 2857 1695 unum
2880 1639 3069 1697 Iesum
3105 1639 3302 1696 Filium
3338 1641 3457 1704 Dei,
3487 1642 3577 1717 qui

295 1724 359 1778 τὸ
385 1724 476 1777 διὰ
502 1724 613 1776 τῶν
644 1720 941 1794 προφητῶν
969 1721 1274 1793 κεκηρυχὸς
1300 1722 1400 1788 τὰς
1431 1723 1761 1795 οἰκονομίας,
1789 1726 1887 1779 καὶ⁸

294 1818 398 1881 τὰς
426 1815 688 1878 ὲλεύσεις,
720 1815 816 1868 καὶ
853 1814 953 1886 τὴν
979 1814 1044 1868 ὲκ
1075 1814 1347 1886 παρθένου
1383 1815 1659 1886 γέννησιν,
1699 1815 1795 1870 καὶ
1824 1815 1885 1869 τὸ

294 1908 491 1973 πάθος,
516 1909 613 1962 καὶ
636 1906 735 1978 τὴν
760 1905 979 1977 ἔγερσιν
1011 1907 1076 1960 ἐκ
1098 1905 1330 1978 νεκρῶν,
1367 1908 1463 1963 καὶ
1492 1907 1592 1979 τὴν
1618 1906 1883 1979 ἕνσαρκον

292 2001 376 2064 εἰς
395 2001 521 2062 τοὺς
547 1997 811 2070 οὐρανοὺς
840 1996 1103 2068 ἀνάληψιν
1133 1995 1227 2050 τοῦ
1259 1998 1620 2071 ἠγαπημένον
1643 1997 1881 2071 Χριστοῦ

304 2090 483 2162 Ἰησοῦ
504 2089 598 2144 τοῦ
638 2088 845 2163 Κυρίου
873 2089 1053 2161 ἡμῶν,
1079 2088 1176 2144 καὶ
1205 2089 1303 2161 τὴν
1326 2092 1390 2144 ὲκ
1408 2092 1517 2144 τῶν
1547 2089 1792 2161 οὐρανῶν
1824 2090 1883 2145 ἐν

291 2192 355 2261 τῇ
381 2187 510 2259 δόξῃ
540 2184 635 2240 τοῦ
668 2184 883 2257 Πατρὸς
915 2186 1218 2259 παρουσίαν
1251 2184 1439 2248 αὐτοῦ,
1474 2185 1568 2238 ἐπὶ
1585 2185 1646 2239 τὸ
1679 2186 1881 2265 άνακετ

292 2279 710 2353 φαλαιὼσασθαι
729 2278 799 2334 τὰ
833 2279 1030 2343 πάντα,
1056 2279 1152 2334 καὶ
1172 2278 1473 2348 ἀναστῆσαι
1503 2280 1668 2332 πᾶσιν
1701 2279 1882 2349 σάρκα

291 2374 476 2445 πάσης
506 2371 948 2444 άνθρωπότητος,
990 2371 1078 2425 ῖνα
1122 2370 1346 2443 Χριστῷ
1373 2368 1551 2442 Ἰησοῦ
1580 2368 1657 2441 τῷ
1691 2371 1882 2442 Κυρίῳ

287 2472 322 2540 ἡ
332 2466 475 2539 μῶν,
500 2467 598 2522 καὶ
614 2466 735 2536 Θεῷ
758 2466 851 2520 καὶ
878 2465 1093 2537 Σωτῆρι
1120 2466 1214 2519 καὶ
1244 2463 1454 2535 βασιλεῖ
1488 2462 1630 2519 κατὰ
1668 2464 1767 2536 τὴν
1789 2465 1882 2518 εύ-

288 2560 478 2617 δοκίαν
534 2557 630 2612 τοῦ
682 2558 897 2630 Πατρδς
932 2556 1026 2611 τοῦ
1054 2558 1290 2630 ἀοράτου
1329 2554 1453 2611 πᾶν
1486 2557 1635 2627 γόνυ
1668 2555 1878 2626 κάμψῃ

288 2651 685 2719 ἐπουρανίων,
720 2649 819 2704 καὶ
856 2648 1156 2720 ἐπιγείων,
1183 2648 1283 2703 καὶ
1320 2648 1754 2716 καταχθονίων,
1779 2648 1879 2703 καὶ

220 2749 229 2755 ’
288 2744 461 2801 πᾶσα
492 2741 750 2809 γλῶσσα
796 2739 1315 2811 ἐξομολογήσηται
1346 2738 1527 2806 αὐτῷ,
1577 2740 1671 2794 καὶ
1697 2739 1877 2811 κρίσιν

288 2837 503 2891 δικαίαν
535 2837 595 2888 ὲν
624 2836 737 2898 τοῖς
770 2822 905 2887 πᾶσι
943 2834 1269 2903 ποιήσηται*
1307 2831 1377 2885 τά
1404 2830 1502 2902 μὲν
1530 2832 1878 2902 πνευματικὰ

286 2929 383 2999 τῆς
408 2925 700 2998 πονηρίας,
728 2925 820 2979 καὶ
846 2924 1109 2994 ἀγγέλους
1136 2925 1264 2988 τοὺς
1288 2922 1763 2994 παραϐεϐηκότας,
1783 2924 1879 2978 καὶ

285 3023 344 3074 ὲν
365 3018 677 3090 ἀποστασία
704 3018 1018 3087 γεγονότας,
1070 3017 1164 3071 καὶ
1198 3016 1325 3080 τοὺς
1356 3016 1596 3080 ἀσεϐεῖς,
1632 3016 1725 3070 καὶ
1759 3014 1876 3070 ἀδί-

285 3129 438 3175 κους.
473 3111 570 3165 καὶ
616 3111 871 3180 ἀνόμους,
921 3109 1018 3162 καὶ
1047 3108 1402 3180 βλασφήμους
1429 3107 1539 3162 τῶν
1573 3107 1878 3180 ἀνθρώπων

284 3205 365 3268 είς
383 3202 447 3257 τὺ
473 3203 692 3257 αἰώνιον
713 3200 826 3272 πῦρ
842 3199 1034 3272 πέμψῃ
1057 3216 1071 3230 ο
1092 3202 1203 3263 τοῖς
1225 3199 1283 3253 δὲ
1307 3198 1557 3265 δικαίοις,
1576 3200 1669 3254 καὶ
1686 3200 1895 3265 ὁσίοις,

284 3297 381 3350 καὶ
404 3294 509 3360 τὰς
540 3292 763 3357 ἐντολάς
791 3289 958 3346 αὐτοῦ
999 3292 1353 3364 τετηρηκότι,
1381 3294 1478 3348 καὶ
1499 3294 1557 3347 ὲν
1588 3293 1656 3364 τῇ
1686 3292 1876 3364 ἀγάπῃ

283 3384 455 3440 αὐτοῦ
500 3382 933 3455 διαμεμενηκόσι
987 3384 1101 3445 τοῖς
1150 3382 1247 3437 ἀπ’
1296 3382 1495 3455 ἀρχῆς,
1543 3386 1656 3447 τοῖς
1694 3381 1751 3436 δὲ
1810 3384 1877 3436 ὲκ

287 3476 581 3548 μετανοίας
595 3478 616 3507 ³
635 3473 780 3538 ζωὴν
803 3472 1191 3545 χαρισάμενος,
1215 3473 1527 3544 ἀφθαρσίαν
1539 3473 1876 3546 δωρήσηται,

284 3567 559 3633 καὶδόξαν
593 3562 820 3623 αἰωνίαν
852 3566 1207 3638 περιποιήσῃ.

353 3744 483 3799 AA'.
517 3740 690 3797 Τοῦτο
714 3740 779 3795 τὸ
816 3741 1079 3813 κήρυγμα
1117 3738 1509 3812 παρειληφυῖα,
1550 3740 1643 3793 καὶ
1672 3738 1875 3811 ταύτην

283 3837 381 3907 τὴν
426 3835 634 3900 πίστιν,
666 3833 743 3898 ὡς
788 3832 1128 3907 προέφαμεν,
1162 3834 1196 3903 ἡ
1234 3830 1550 3902 Ἐκκλησία,
1579 3831 1783 3903 καίπερ
1816 3832 1876 3886 ἐν

282 3930 390 4000 ὅλῳ
405 3926 489 3999 τῷ
519 3926 709 3998 κόσμῳ
731 3924 1129 3997 διεσπαρμένη,
1172 3923 1451 3993 ἐπιμελῶς
1480 3920 1892 3995 φυλάσσεικὼς

279 4023 377 4076 ἕνα
412 4014 567 4074 οἷκον
590 4017 838 4072 οἰκοῦσαο
885 4018 977 4071 καὶ
1019 4016 1222 4087 ὁμοίως
1252 4015 1498 4070 πιστεύει
1544 4016 1773 4080 τούτοις,
1799 4015 1875 4081 ὡς

284 4112 413 4185 μίαν
433 4110 615 4182 ψυχὴν
641 4111 734 4164 καὶ
765 4109 865 4183 τὴν
883 4108 1052 4181 αὐτὴν
1089 4108 1291 4181 ἔχουσα
1323 4107 1572 4182 καρδίανσ
1607 4107 1704 4162 καὶ
1738 4124 1875 4180 συμ-

282 4205 478 4274 φώνως
498 4202 675 4258 ταῦτα
701 4201 990 4274 κηρύσσει,
1029 4200 1125 4255 καὶ
1147 4199 1411 4264 διδάσκει,
1444 4198 1539 4255 καὶ
1570 4198 1876 4271 παραδίδω-

282 4314 388 4362 σιν,
446 4296 525 4361 ὡς
573 4295 632 4349 ἓν
688 4296 863 4366 στόμα
890 4296 1225 4371 κεκτημένη.
1258 4286 1369 4348 Καὶ
1398 4292 1507 4365 γάρ
1535 4294 1591 4346 αί
1614 4291 1757 4347 κατὰ
1781 4291 1872 4346 τὸν
1904 4325 1948 4380 D

283 4389 489 4459 κόσμον
513 4386 786 4441 διάλεκτοι
812 4388 1054 4458 ἀνόμοιοι
1074 4404 1089 4419 ’
1111 4385 1225 4442 ἀλλ’
1256 4387 1289 4456 ἡ
1314 4384 1543 4457 δύναμις
1564 4385 1663 4455 τῆς
1689 4400 1870 4455 παρα-

283 4481 483 4546 δόσεως
532 4480 632 4551 μία
660 4479 757 4534 καὶ
796 4480 830 4551 ὴ
873 4480 1010 4552 αὐτή
1036 4495 1051 4509 ⁸
1088 4479 1184 4535 καὶ
1207 4477 1330 4533 οὔτε
1363 4479 1420 4534 αί
1455 4480 1513 4532 ὲν
1542 4477 1874 4549 Γερμανίαις

284 4571 571 4645 ἱδρυμέναι
610 4570 925 4643 Ἐκκλησίαι
957 4570 1133 4636 άλλως
1158 4568 1670 4641 πεπιστεύκασιν,ἢ
1698 4568 1874 4634 ἄλλως

287 4662 695 4735 παραδιδόασιν,
741 4662 866 4717 οὔτε
916 4666 976 4718 ὲν
1023 4666 1143 4729 ταῖς
1172 4661 1448 4735 ’16ερίαις,
1475 4659 1602 4716 οὔτε
1633 4662 1693 4716 ὲν
1732 4660 1875 4716 Κελ-

288 4759 414 4822 τοῖς,
440 4754 565 4812 οὔτε
597 4756 738 4811 κατὰ
755 4756 855 4821 τάς
876 4756 1161 4823 ἀνατολάς,
1191 4756 1316 4811 οῦτε
1345 4755 1718 4827 ἐν’Δίγύπτῳ,
1747 4752 1875 4808 οὔτε

279 4853 343 4905 ὲν
368 4847 571 4920 Λιϐύη,
600 4846 726 4901 οὔτε
752 4849 809 4902 αι
833 4848 975 4925 κατὰ
1011 4848 1154 4920 μέσα
1173 4848 1267 4902 τοῦ
1308 4848 1516 4920 κόσμου
1545 4845 1869 4919 ἱδρυμέναι·

274 4938 398 4992 ἀλλ’
428 4936 622 5011 ὥσπερ
645 4938 843 5008 όῆλιος
883 4939 945 4993 τὸ
969 4939 1176 5011 κτίσμα
1209 4939 1304 4993 τοῦ
1347 4938 1484 4994 Θεοῦ
1534 4940 1594 4992 ὲν
1641 4938 1749 5010 ὅλῳ
1791 4935 1872 5009 τῷ

280 5033 474 5105 κόσμῳ
503 5025 587 5097 εἷς
652 5031 748 5085 καὶ
774 5032 803 5084 ὁ
850 5032 1013 5097 αὐτός
1038 5047 1052 5061 ·
1099 5031 1242 5085 οὕτω
1271 5031 1365 5085 καὶ⁵
1397 5031 1459 5085 τὸ
1488 5031 1750 5103 κήρυγμα
1773 5030 1872 5102 τῆς

278 5123 543 5195 ἀληθείας
558 5124 811 5193 πανταχῆ
834 5122 1032 5193 φαίνει,
1061 5123 1156 5178 καὶ
1168 5121 1392 5193 φωτίζει
1420 5121 1629 5186 πάντας
1657 5116 1873 5192 ἀνθρὼ-

282 5231 419 5280 πους
466 5216 597 5279 τοὺς
636 5214 994 5286 βουλομένους
1029 5216 1110 5279 είς
1156 5215 1452 5284 ἐπίγνωσιν
1480 5213 1742 5287 ἀληθείας
1783 5212 1873 5266 ἐλ-

1992 1751 2091 1806 pro
2125 1745 2316 1792 nostra
2345 1735 2523 1791 salute
2543 1748 2765 1789 carnem
2798 1733 3007 1799 induit;
3040 1733 3273 1805 atquein
3315 1732 3578 1804 Spiritum

1992 1837 2269 1892 sanctum,
2320 1826 2415 1897 qui
2444 1840 2663 1881 onmem
2727 1826 2875 1880 illam
2935 1824 3099 1881 unice
3146 1824 3332 1880 dilecti
3372 1824 3574 1881 Christi

1987 1918 2118 1975 Jesu
2149 1916 2366 1973 Domini
2396 1915 2572 1971 nostri
2596 1914 3155 1980 administrationem,
3183 1921 3238 1971 et
3258 1913 3577 1984 adventum,

1985 2018 2280 2081 ortumque
2318 2007 2387 2064 de
2421 2007 2648 2080 Virgine
2678 2022 2773 2078 per
2806 2007 3104 2078 praphetas
3148 2007 3576 2077 praenuntiavit;

1988 2116 2203 2159 necnon
2236 2106 2291 2157 et
2330 2098 2743 2171 perpessionem
2771 2113 2836 2153 ac
2870 2098 3372 2164 resurrectionem,
3434 2106 3489 2155 et
3522 2098 3576 2154 in

1987 2193 2186 2248 malum
2219 2189 2598 2247 ascensionem
2630 2202 2758 2245 cum
2777 2203 3044 2259 corpore;
3072 2188 3423 2258 futurumque
3444 2188 3574 2244 olim

1987 2282 2230 2341 indidem
2280 2291 2508 2353 paterna
2547 2296 2675 2337 cum
2720 2280 3009 2351 majestate
3037 2281 3385 2348 descensum,
3425 2291 3483 2338 ut
3519 2282 3573 2337 in

1987 2390 2259 2432 summam
2286 2373 2436 2429 velut
2472 2373 2728 2429 universa
2773 2373 3085 2439 contrahat,
3115 2382 3171 2431 et
3199 2376 3446 2432 omnium
3484 2376 3586 2432 1ιο.
3670 2408 3684 2425 ο

1986 2465 2193 2521 minum
2221 2479 2455 2537 corpora
2487 2466 2799 2537 revocetad
2833 2466 3039 2530 vitam;
3068 2473 3233 2538 atque
3264 2475 3323 2523 ut
3354 2465 3575 2524 Christo

1984 2556 2116 2613 Jcsu
2146 2556 2377 2613 Domino
2406 2565 2598 2613 nostro
2626 2572 2691 2612 ac
2722 2556 2833 2613 Deo
2862 2566 2918 2613 et
2946 2556 3221 2615 Salvatori
3252 2556 3481 2632 regique
3505 2562 3574 2620 de

1984 2649 2133 2705 illius
2165 2648 2259 2719 qui
2291 2646 2465 2703 videri
2497 2663 2606 2703 non
2637 2656 2838 2720 potest,
2869 2650 3157 2706 voluntate
3186 2649 3387 2718 Patris,
3415 2670 3572 2709 οιιιηε

1985 2737 2146 2807 208
2191 2754 2324 2807 genu
2369 2737 2617 2806 ﬂectatur
2655 2738 2977 2806 caelestium,
3027 2742 3358 2795 terrestrium
3413 2752 3461 2797 et
3490 2744 3572 2799 in-

1985 2829 2279 2897 fernarum,
2308 2835 2357 2882 et
2395 2828 2565 2882 omnis
2598 2828 2772 2897 ipsum
2809 2829 2991 2899 lingua
3020 2832 3340 2902 conﬁteatur
3369 2832 3428 2902 ις
3464 2834 3572 2889 ιιιὶ-

1983 2933 2091 2988 que
2123 2923 2334 2972 rectum
2366 2916 2421 2971 in
2461 2931 2654 2973 omnes
2683 2917 2955 2989 judicium
3003 2929 3282 2986 exerceat,
3315 2936 3381 2976 ac
3410 2921 3572 2993 spiri-

1981 3007 2110 3064 talia
2155 3006 2433 3078 nequitiaa,
2468 3007 2572 3062 hoc
2625 3017 2713 3064 est
2743 3007 3057 3066 desertores
3102 3011 3328 3083 angelos
3389 3026 3455 3067 ac
3486 3028 3571 3069 re-

1979 3099 2172 3165 belles,
2205 3107 2260 3154 et
2292 3097 2490 3169 impios
2511 3113 2724 3163 omnes,
2754 3114 2819 3153 ac
2854 3101 3175 3168 sceleratos,
3210 3113 3265 3159 et
3295 3102 3571 3160 facinoro-

1980 3206 2096 3256 sos,
2133 3204 2198 3245 ac
2226 3188 2660 3246 contumeliosos
2684 3188 2740 3244 in
2775 3189 2948 3245 Deum
2991 3180 3245 3249 homines
3273 3195 3570 3265 sempiter-

1979 3285 2068 3338 nis
2113 3280 2348 3337 ﬂammis
2394 3279 2642 3349 addicat;
2672 3281 3032 3352 justis‘vero.
3088 3284 3432 3356 sanctisque,
3462 3288 3562 3358 qui

1980 3375 2237 3431 mandata
2293 3388 2395 3430 sua
2441 3372 2735 3444 diligenter
2784 3374 3221 3440 observaverint,
3266 3386 3322 3432 et
3359 3376 3416 3433 in
3448 3376 3571 3448 ejus

1979 3465 2250 3525 cbaritate
2296 3465 2412 3521 sive
2455 3466 2573 3535 jam
2613 3464 2741 3521 inde
2785 3466 2855 3522 ab
2885 3466 3065 3532 initio,
3099 3468 3216 3525 sive
3248 3477 3373 3540 post
3395 3470 3573 3543 poeni-

1978 3558 2208 3614 tentiam
2241 3557 2750 3628 perseveraverint,
2786 3558 2956 3613 vitam
2991 3552 3571 3635 immortalitatemque

1978 3649 2267 3720 largiatur,
2319 3656 2487 3718 atque
2526 3656 2789 3705 aeternam
2839 3651 2947 3707 illis
2979 3653 3211 3724 gloriam
3262 3655 3563 3728 impertiat.

2049 3738 2241 3795 XXXI.
2274 3738 2409 3795 Cum
2439 3739 2605 3809 igitur
2635 3739 2886 3796 Ecclesia
2927 3743 3236 3800 doctrinam
3269 3747 3567 3816 ejusmodi,

1981 3827 2273 3900 ﬁdemque,
2340 3828 2420 3882 uti
2469 3826 2733 3893 diximus,
2789 3830 3084 3899 acceperit,
3137 3846 3256 3886 eam
3303 3835 3388 3889 vel
3434 3837 3570 3894 orbe

1980 3927 2096 3977 toto
2130 3917 2330 3976 diﬂ‘usa
2364 3916 2614 3976 studiose
2654 3926 2966 3983 conservat,
3000 3921 3160 3990 quasi
3194 3921 3250 3975 in
3291 3938 3398 3977 una
3430 3940 3567 3995 qua-

1979 4014 2105 4071 dam
2139 4014 2302 4070 domo
2327 4013 2607 4080 habitans,
2646 4028 2712 4069 ac
2750 4013 3003 4069 similiter
3036 4002 3294 4070 omnibus
3324 4015 3434 4071 illis
3475 4032 3567 4073 asc

1980 4108 2239 4172 sentitur,
2268 4115 2526 4179 tanquam
2548 4108 2731 4162 anima
2751 4121 2880 4173 una,
2911 4106 3215 4178 eodemque
3241 4107 3408 4164 corde’
3427 4125 3564 4179 pra:-

1980 4200 2131 4268 dita;
2159 4200 2460 4271 eademque
2498 4192 2936 4255 condordissiitte
2968 4199 3069 4266 sic,
3106 4198 3265 4270 quasi
3291 4215 3460 4254 unum
3499 4217 3563 4258 us

1979 4291 2200 4358 habeat,
2231 4291 2475 4349 docet‘ac
2492 4291 2772 4361 praedicat.
2800 4288 3011 4345 Etenim
3043 4291 3562 4348 tametsihominum

1979 4366 2178 4455 linguai
2195 4384 2306 4439 sint
2320 4382 2637 4449 dissimiles,
2661 4382 2848 4439 eadem
2866 4390 3047 4439 tamen
3069 4383 3282 4439 tradita:
3301 4384 3563 4440 doctrinas

1970 4474 2057 4532 vis
2082 4480 2167 4530 est
2197 4472 2400 4545 ubique
2434 4491 2448 4527 :
2478 4489 2657 4544 neque
2697 4482 2793 4529 aut
2830 4474 3148 4529 constitutae
3173 4474 3231 4528 in
3269 4473 3560 4531 Germania

1972 4565 2231 4622 Ecclesia:
2282 4563 2516 4621 credunt
2563 4564 2742 4632 aliter,
2786 4579 2852 4621 ac
2895 4578 3027 4619 suos
3070 4563 3401 4636 perdocent;
3463 4573 3558 4619 aut

1972 4673 2094 4730 quae
2119 4656 2472 4729 inHispaniis
2498 4670 2563 4712 ac
2590 4656 2803 4724 Galliis,
2826 4667 2920 4712 aut
2942 4657 3011 4712 ad
3048 4655 3349 4720 Orientem,
3382 4663 3476 4711 aut
3502 4657 3561 4717 in

1974 4749 2234 4823 Egypto,
2299 4749 2384 4805 vel
2418 4748 2612 4821 Lybia,
2668 4748 2919 4829 mediove
2964 4750 3099 4806 orbe
3139 4748 3415 4807 stabilitas.
3450 4747 3559 4807 Sed

1974 4842 2440 4914 quemadmodum
2472 4842 2555 4897 sol
2591 4841 2997 4897 nobilissimum
3041 4840 3136 4897 Dei
3161 4857 3302 4912 opus
3334 4856 3476 4896 unus
3504 4841 3559 4896 in

1970 4942 2088 4991 toto
2133 4933 2342 4990 mundo
2396 4941 2561 5006 atque
2612 4928 2753 4988 idem
2795 4939 2881 4989 est
2921 4948 3172 5003 semper;
3208 4933 3291 4989 sic
3318 4934 3559 4990 veritatis

1972 5026 2286 5098 praedicatio
2308 5026 2510 5097 ubique
2556 5033 2826 5080 terrarum
2863 5023 3137 5080 illucescit
3187 5039 3252 5080 ac
3300 5024 3558 5079 mortales

1970 5135 2162 5177 omnes
2189 5119 2447 5181 illustrat,
2477 5116 2569 5189 qui
2603 5116 2823 5188 quidem
2870 5116 3021 5172 illius
3048 5116 3117 5171 ad
3149 5116 3401 5173 notitiam
3439 5131 3571 5187 per-

1971 5211 2160 5267 venire
2189 5208 2485 5264 voluerint.
2504 5207 2656 5263 Adeo
2689 5214 2747 5263 ut
2781 5222 2958 5279 neque
2988 5207 3037 5264 is
3075 5207 3168 5280 qui
3194 5208 3337 5264 inter
3376 5206 3556 5266 Eccle-

351 5376 365 5407 '
394 5374 437 5429 ιθ
440 5390 524 5430 or.
561 5373 859 5446 ἐπενέγκῃ.
934 5376 956 5406 ¹
982 5372 1109 5430 For.
1142 5372 1235 5428 τοῦ
1259 5361 1543 5445 δὲ’μύθου.
1623 5372 1644 5403 ³
1677 5369 1807 5427 For.
1837 5389 1883 5426 τι

1986 5368 2099 5441 μέν.
2183 5367 2204 5400 ⁸
2231 5365 2467 5437 Philipp.
2502 5383 2560 5436 It,
2596 5365 2683 5432 10,
2719 5367 2805 5422 ll.

276 5502 398 5558 cap.
457 5483 549 5558 £8.
602 5480 716 5538 Nos
764 5491 944 5539 autem
995 5485 1459 5558 aliud_csse_hoc
1488 5484 1707 5558 quidem
1745 5484 1865 5558 loco

275 5554 735 5624 suspicabamur.
772 5570 965 5621 nempe
995 5555 1280 5615 exortlium
1315 5556 1533 5613 tabulae.
1574 5554 1691 5613 Non
1724 5555 1869 5611 enim

1974 5483 2043 5562 de
2071 5479 2446 5608 δὶπολυτρῴσει
2478 5483 2569 5538 illa
2600 5481 2981 5538 ltzcrcticoruut
3012 5480 3245 5537 aliorum
3281 5477 3445 5536 verba
3475 5476 3551 5531 ta.

1981 5560 2056 5608 ett
2122 5567 2353 5608 renatus.

1981 5560 2056 5610 cit
2097 5560 2353 5610 lrcnmus.
