3956 6070
418 216 523 273 535

1822 212 1880 276 S.
1925 217 2271 278 LPIPHANII’

3583 214 3691 274 536

420 340 630 406 siarum
687 330 967 399 antistites
1000 338 1219 397 dicendi
1254 339 1514 397 facultate
1559 341 1745 411 pollet,
1790 341 1860 398 ab
1894 341 2004 399 illis

2109 343 2241 400 θεῖν.
2281 344 2393 399 Καὶ
2443 343 2566 400 οὔτε
2594 347 2624 400 6
2664 344 2805 400 πάνυ
2829 343 3051 408 δυνατὸς
3077 342 3136 398 ὲν
3170 341 3315 414 λόγῳ
3335 339 3446 395 τῶν
3471 340 3531 395 ἐν
3569 341 3721 402 ταῖςο

419 430 638 486 diversa
673 431 1013 502 proﬁteatur.
1043 430 1213 488 Nemo
1245 433 1391 489 enim
1421 441 1508 489 est
1538 441 1871 505 prmeeptore
1898 449 2000 489 suo

422 523 694 592 superior.
724 522 913 594 Neque
941 525 1036 595 qui
1067 523 1250 579 infans
1276 533 1363 580 est
1389 531 1444 579 et
1471 524 1772 580 indisertus
1793 523 1864 581 de
1892 534 2002 579 tra-

421 609 536 664 dita
581 611 686 667 sibi
726 612 1014 683 disciplina
1052 613 1350 685 quidquam
1399 614 1691 670 diminunt.
1723 613 1999 681 Quoniam

421 701 566 756 enim
597 717 703 757 una
730 710 815 758 est
846 705 1144 775 eademque
1180 705 1349 771 ﬁdes;
1381 722 1559 777 neque
1585 705 1680 776 qui
1717 705 1787 761 de
1815 721 1881 762 ea
1914 720 2001 761 co-

422 792 576 862 piose
605 800 788 862 potest
810 793 994 851 dicere
1024 795 1147 867 plus
1184 797 1391 868 aliquid
1424 782 1655 860 obtinet,
1687 811 1863 866 neque
1896 798 2002 852 mi-

422 892 547 949 nus,
579 885 671 955 qui
701 901 877 956 pauca
902 888 1167 945 duntaxat
1198 890 1381 960 eloqui
1412 897 1608 961 potest.
1631 888 1789 957 Quod
1818 895 2002 944 autem

422 977 546 1046 plus
562 978 811 1036 minusve
843 982 1092 1039 nonnulli
1120 983 1483 1055 intelligentia
1519 997 1587 1055 ac
1614 982 1843 1039 scientia
1872 998 2004 1038 cond

424 1078 746 1140 sequantur,
798 1073 936 1129 nihil
980 1074 1086 1130 boe
1134 1075 1202 1131 ad
1252 1073 1649 1130 immntandam
1695 1072 2002 1128 doctrinam

424 1164 660 1232 pertinet
691 1180 703 1215 :
739 1181 917 1236 neque
947 1167 1154 1225 idcirco
1179 1167 1348 1224 Deum
1384 1167 1550 1222 alium
1580 1175 1778 1236 praeter
1810 1166 2003 1222 condi-

424 1261 597 1310 torem
611 1255 947 1326 excogitant,
963 1264 1125 1329 atque
1142 1258 1304 1330 hujus
1320 1255 1697 1312 universitatis
1714 1255 2001 1320 artiﬁcem,

423 1355 477 1402 et
499 1348 747 1413 altorem.
776 1348 935 1418 quasi
975 1349 1199 1405 minime
1248 1350 1358 1405 sint
1387 1349 1562 1405 altero
1592 1348 1687 1403 illo
1716 1348 1958 1404 contenti
1988 1365 2003 1414 ;

424 1454 603 1510 neque
631 1454 796 1509 porro
824 1438 1177 1512 Unigenitum
1207 1441 1398 1497 alium.

495 1530 599 1585 Sed
624 1530 680 1584 in
709 1530 762 1585 id
790 1530 1057 1586 duntaxat
1097 1532 1317 1588 illorum
1358 1533 1607 1590 elaborat
1625 1531 1918 1596 industria,
1947 1539 2009 1587 ut

421 1626 544 1692 qua:
564 1622 911 1694 mnigmatum
942 1625 1271 1696 quibusdam
1297 1625 1598 1682 involucris
1619 1625 1833 1681 obtecta
1858 1631 2007 1692 sunt,

2106 437 2457 509 Ἐκκλησίαις
2485 441 2842 512 προεστώτων
2891 437 3056 508 ἐτερα
3090 434 3296 491 τούτων
3328 435 3480 507 ἐρετ-
3511 433 3690 499 οὐδεὶς

2104 534 2214 606 γάρ
2244 535 2385 607 ὑπὲρ
2414 535 2505 589 τὸν
2533 525 2853 589 διδάσκαλον
2873 552 2887 567 ο
2919 531 3041 588 οὔτε
3064 535 3092 587 6
3116 531 3347 603 ἀσθενής
3366 532 3425 585 ἐν
3441 528 3521 600 τῷ
3542 529 3689 601 λόγῳ

2103 624 2396 681 ἐλαττώσει
2442 627 2544 697 τὴν
2577 625 2875 697 παράδοσιν
2899 642 2913 656 ·
2954 624 3083 696 μιᾶς
3110 621 3221 694 γάρ
3250 620 3347 675 καὶ
3384 620 3485 691 τῆς
3516 620 3689 690 αὐτῆς

2108 720 2343 784 πίστεως
2386 718 2572 790 οὔσης,
2602 717 2724 773 οὔτε
2766 720 2796 772 6
2834 716 2967 772 πολὺ
3012 716 3140 787 περὶ
3181 713 3353 784 αὐτῆς
3390 711 3689 784 δυνάμενος

2107 815 2284 867 εἰπεῖν
2325 812 2670 877 ἐπλεόνασεν,
2720 808 2843 864 οὗτε
2880 810 2909 863 6
2938 808 2999 863 τὸ
3022 802 3199 876 ὄλίγον
3223 804 3577 875 mammae.
3613 803 3688 856 T6

2106 903 2164 959 δὲ
2205 903 2388 957 πλεῖον
2418 903 2453 975 ἢ
2487 902 2705 956 ἔλαττον
2735 899 2879 955 κατά
2922 898 3140 954 σύνεσιν
3169 894 3367 951 εἰδέναι
3396 895 3553 959 τινὰς
3585 894 3688 949 οὐκ

2107 998 2166 1050 ἐν
2211 995 2293 1067 τῷ
2343 996 2445 1067 τὴν
2498 993 2756 1049 ὑπόθεσιν
2804 991 2973 1064 αὐτὴν
3005 989 3295 1044 ἀλλάσσειν
3322 989 3554 1057 γίνεται,
3590 988 3687 1041 καὶ

2106 1086 2264 1143 ἄλλον
2321 1086 2454 1140 Θεὸν
2493 1085 2843 1155 παρεπινοετν
2873 1080 3026 1154 παρὰ
3064 1080 3157 1134 τὸν
3199 1077 3551 1150 δημιουργὸν,
3590 1076 3688 1131 καὶ

2107 1180 2357 1253 ποιητὴν,
2385 1178 2478 1234 καὶ
2502 1177 2705 1251 τροφέα
2731 1176 2885 1231 τοῦδε
2915 1175 3008 1229 τοῦ
3030 1172 3251 1237 παντὸς,
3273 1172 3350 1235 ὼς
3379 1170 3454 1243 μὴ
3483 1172 3688 1242 ἀρκου-

2110 1273 2304 1344 μένους
2355 1270 2580 1337 τούτους
2601 1268 2708 1340 ⁸,,ῆ
2742 1268 2898 1323 ἄλλον
2942 1265 3199 1340 Χριστὸν,
3233 1263 3267 1319 ἢ
3314 1261 3472 1319 ἄλλον
3518 1262 3688 1317 Μονο-

2106 1364 2258 1435 γενῆ.

2177 1541 2337 1599 Ἀλλά
2363 1543 2422 1597 ἐν
2446 1540 2525 1614 τῷ
2573 1541 2644 1597 τὰ
2672 1542 2771 1596 ὅσα
2799 1541 2859 1594 ἐν
2886 1536 3225 1611 παραϐολαῖς
3267 1536 3485 1607 εἴρηται
3515 1549 3683 1604 προσ.

2109 1632 2528 1705 επεργάζεσθαι,
2552 1633 2646 1687 καὶ
2677 1630 2989 1702 οίκειοῦντῇ
3022 1630 3120 1700 τῆς
3140 1628 3374 1690 πίστεως
3404 1623 3681 1678 ὑποθέσεν

422 1716 730 1785 exspoliant
760 1725 923 1788 atque
941 1703 1309 1788 explicent,et
1342 1717 1409 1772 ad
1438 1718 1748 1774 communis
1776 1716 1898 1773 ﬁdei
1924 1717 2004 1769 in-

2110 1697 2291 1780 καίέν
2322 1725 2401 1797 τῷ
2432 1726 2532 1797 τήν
2585 1742 2646 1779 τε
2694 1697 3199 1797 πραγματείαννκαὶ
3237 1716 3549 1789 οἰκονομίαν
3588 1713 3682 1770 τοῦ

423 1806 672 1871 stitutum
699 1808 1148 1873 accommodent;
1179 1809 1294 1864 sive
1319 1817 1381 1863 ut
1407 1808 1567 1879 203
1603 1807 1847 1862 divinum
1869 1805 2003 1862 illud

423 1898 478 1953 in
508 1899 793 1954 hominum
850 1901 1028 1957 salute
1056 1900 1404 1971 procuranda
1438 1901 1741 1972 negotium,
1770 1898 2009 1954 admini-

424 1992 857 2064 strationemque
906 2008 1125 2049 omnem
1155 2003 1463 2064 exponant;
1505 1993 1671 2063 idque
1710 1993 1889 2064 ipsum
1912 1993 2006 2047 de-

423 2082 654 2147 clarent,
678 2082 950 2153 quomodo
1000 2081 1148 2137 illam
1180 2081 1466 2138 rebellium
1511 2082 1804 2153 spirituum
1853 2081 2006 2139 defe-

423 2174 661 2229 ctionem
725 2173 1123 2244 hominumque
1178 2173 1585 2229 contumaciam
1613 2172 1756 2231 Deus
1794 2176 2006 2244 patien-

422 2264 635 2319 tissime
663 2263 849 2320 tulerit
880 2281 895 2330 ;
929 2262 1061 2334 quid
1100 2278 1282 2321 causa:
1316 2265 1411 2334 sit,
1443 2280 1555 2327 cur
1579 2281 1724 2321 unus
1753 2265 2006 2336 idemque

424 2352 569 2410 Deus
621 2354 728 2409 alia
791 2352 1165 2426 temporaria,
1228 2355 1336 2411 alia
1390 2356 1725 2428 sempiterna
1777 2355 2000 2413 fecerit:

420 2444 662 2517 itemque
713 2446 960 2503 ccclestia
1001 2446 1275 2517 quandam,
1328 2447 1436 2503 alia
1489 2457 1751 2515 terrena;
1787 2461 1888 2503 cur
1911 2447 2004 2518 qui

421 2537 600 2591 oculis
642 2536 815 2607 aspici
868 2537 1081 2608 nequit,
1113 2538 1397 2610 prophetis
1425 2552 1537 2594 non
1571 2553 1680 2593 una
1712 2537 1894 2608 specie
1921 2538 2005 2592 vi-

422 2628 654 2683 sendum
681 2643 741 2683 se
768 2629 1084 2700 praebuerit,
1101 2628 1197 2686 sed
1223 2630 1347 2686 aliis
1377 2630 1486 2686 alio
1511 2630 1671 2686 modo
1700 2643 1822 2701 quae
1847 2629 2006 2685 vellet

385 2734 389 2739 ‘
421 2719 830 2792 signiﬁcaverit.
857 2720 969 2777 Cur
999 2719 1350 2777 Testamenta
1371 2722 1528 2792 plura
1557 2722 1668 2777 sint
1689 2718 2005 2775 hominibus

421 2810 664 2876 condita,
704 2825 893 2881 quaeve
940 2809 1230 2880 utriusque
1278 2817 1425 2866 notas
1477 2823 1542 2865 ac
1568 2808 1789 2879 propria
1836 2807 2003 2864 veluti

423 2902 752 2957 lineamenta
773 2902 905 2957 sint.
928 2898 998 2955 Ut
1024 2899 1159 2955 illud
1176 2899 1341 2955 etiam
1373 2899 1677 2971 inquirant,
1696 2914 1795 2955 cur
1819 2897 2004 2955 omnia

2106 1814 2241 1871 Θεοῦ
2269 1814 2366 1887 τὴν
2386 1815 2480 1868 ἐπὶ
2498 1818 2563 1886 τῇ
2591 1814 2969 1886 άνθρωπότητι
2982 1810 3272 1882 γινομένην
3291 1806 3680 1877 ἐκδιηγεῖσθαι,

2106 1908 2202 1962 καὶ
2227 1908 2310 1962 ὅτι
2346 1906 2804 1980 ἐμακροθύμησεν
2840 1908 2869 1960 6
2901 1904 3031 1968 Θεὸς
3064 1903 3155 1957 ἐπί
3182 1919 3242 1956 τε
3276 1904 3343 1974 τῇ
3365 1899 3475 1953 τῶν
3504 1916 3679 1972 παρα-

2107 1999 2419 2072 ϐεϐηκότων
2458 1999 2708 2071 ἀγγέλων
2734 1996 3059 2066 ἀποστασία,
3089 1995 3187 2049 καὶ
3216 1995 3308 2048 ἐπὶ
3333 1996 3400 2065 τῇ
3427 1995 3680 2066 παρακοῇ

2105 2091 2215 2147 τῶν
2269 2089 2569 2164 ἀνθρώπων
2598 2089 2912 2163 σαφηνίζειν
2931 2103 2943 2118 ·
2972 2087 3069 2142 καὶ
3098 2086 3186 2140 διὰ
3206 2084 3259 2139 τί
3286 2084 3355 2138 τὰ
3384 2084 3485 2156 μὲν
3513 2084 3677 2155 πρόσο

2108 2201 2297 2255 καιρα,
2328 2183 2397 2237 τὰ
2434 2183 2491 2237 δὲ
2531 2181 2742 2247 αἰώνια,
2778 2181 2873 2235 καὶ
2898 2179 2968 2235 τά
3001 2178 3101 2251 μὲν
3132 2174 3379 2249 οὐράνια,
3410 2175 3507 2230 καλ⁹
3528 2175 3597 2229 τὰ
3624 2173 3680 2228 δέ

2108 2277 2324 2348 ἐπίγεια
2346 2270 2425 2340 εἷς
2452 2276 2546 2330 καὶ
2569 2277 2598 2330 6
2624 2275 2784 2338 αὐτὸς
2804 2272 2936 2338 856;
2958 2270 3277 2345 πεποίηκεν,
3293 2266 3677 2337 ἀπαγγέλλειν·

2106 2370 2203 2425 καὶ
2227 2369 2316 2424 διὰ
2342 2368 2395 2423 τί
2428 2369 2659 2440 ἀόρατος
2685 2366 2760 2420 ὢν
2794 2366 2966 2437 ἐφάνη
2998 2367 3113 2428 τοῖς
3132 2362 3438 2435 προφήταις
3463 2360 3494 2413 6
3524 2358 3678 2423 Θεὸς,

2103 2460 2203 2514 οὐκ
2236 2461 2293 2513 ἐν
2320 2460 2419 2530 μιᾷ
2450 2457 2579 2529 ἰδέᾳ,
2605 2455 2739 2512 ἀλλὰ
2762 2454 2936 2519 ἄλλως
2982 2453 3181 2518 ἄλλοις,
3209 2453 3432 2506 ωνιεῖν*
3461 2451 3558 2505 καὶ
3594 2448 3681 2503 διὰ

2104 2552 2158 2608 τί
2188 2551 2451 2623 Διαθῆκαι
2489 2549 2705 2614 πλείους
2743 2548 2996 2618 γεγόνασι
3039 2549 3107 2618 τῇ
3145 2545 3544 2617 ἀνθρωπότητι,
3587 2560 3689 2615 μη-

2104 2641 2272 2703 νΰειν.
2317 2642 2413 2695 καὶ
2444 2639 2528 2703 τίς
2575 2638 2815 2709 ἑκάστης
2839 2636 2948 2690 τῶν
2992 2633 3276 2706 Διαθηκῶν
3304 2635 3333 2687 6
3371 2631 3679 2705 χαρακτὴρ,

2103 2733 2377 2789 διδάσκειν
2394 2748 2409 2766 ο
2446 2731 2544 2786 καὶ
2566 2730 2654 2785 διὰ
2677 2730 2731 2783 τί
2759 2729 3068 2784 συνέκλεισε
3092 2727 3270 2782 πάντα
3295 2728 3374 2790 είς
3396 2725 3680 2780 ἀπείθειαν

2103 2825 2133 2879 6
2157 2821 2309 2888 Θεὸς,
2339 2821 2428 2876 ἵνα
2473 2821 2601 2885 τοὺς
2646 2820 2857 2884 πάντας
2881 2819 3100 2890 ἐλεήσῃ,
3128 2817 3433 2890 ἐξερευνᾷν,
3461 2816 3559 2869 καὶ
3594 2813 3680 2868 διὰ

2103 2914 2158 2971 τί
2183 2915 2214 2968 6
2259 2913 2433 2982 Λόγος
2463 2912 2557 2966 τοῦ
2589 2911 2727 2966 Θεοῦ
2775 2911 2910 2984 σὰρξ
2947 2910 3182 2980 ἐγένετο,
3212 2909 3309 2963 καὶ
3334 2905 3560 2969 ἔπαθεν,
3591 2905 3687 2958 add

424 2989 569 3048 Deus
636 2991 1014 3063 perduellione
1063 2990 1421 3053 concluserit,
1454 2998 1516 3045 ut
1555 2990 1803 3045 omnium
1838 2988 2004 3046 mise-

2109 3006 2409 3076 χαριοτεῖνο
2471 3003 2563 3058 καὶ
2611 3002 2702 3056 διὰ
2733 3001 2788 3056 τί
2840 3002 2926 3055 ἐπ’
2974 3001 3219 3071 ἐσχάτων
3253 2997 3362 3051 τῶν
3402 2995 3610 3068 καιρῶν
3647 2996 3680 3066 ή

426 3084 530 3139 reri
557 3091 764 3156 posSet;
787 3090 954 3155 atque
981 3083 1052 3139 ob
1094 3083 1148 3138 id
1183 3082 1409 3153 insuper
1421 3083 1627 3155 gratias
1646 3089 1831 3153 agant,
1859 3080 2004 3152 quod

2110 3094 2383 3167 παρουσία
2409 3093 2503 3148 τοῦ
2532 3092 2661 3147 Υίοῦ
2695 3091 2789 3146 τοῦ
2831 3090 2989 3157 Θεοῦ,
3018 3091 3296 3145 τουτέστιν
3322 3092 3381 3145 ἐν
3412 3089 3492 3160 τῷ
3515 3088 3680 3150 τέλει.

428 3171 664 3229 Verbum
688 3171 784 3229 Dei
815 3187 945 3228 caro
969 3170 1193 3238 factum,
1216 3187 1281 3227 ac
1310 3171 1586 3242 supplicio
1608 3177 1693 3227 est
1713 3169 2004 3227 allectum:

424 3264 559 3319 illud
594 3264 761 3320 etiam
784 3262 1114 3331 edisserant,
1126 3278 1237 3344 cur
1259 3263 1315 3318 in
1343 3272 1590 3319 extrema
1620 3270 1865 3333 tempora
1883 3259 2007 3316 Filii

426 3349 522 3413 Dei
583 3356 852 3413 adventus
881 3356 1161 3421 inciderit,
1195 3355 1301 3410 hoc
1348 3361 1434 3410 est
1478 3369 1579 3410 cur
1607 3355 1855 3408 omnium
1887 3367 2009 3409 sese

426 3429 784 3519 Principium.
812 3447 869 3503 in
926 3447 1051 3505 ﬁne-
1091 3445 1420 3520 prodiderit.
1460 3444 1544 3503 Ad
1570 3445 1686 3501 haec
1717 3446 1785 3503 de
1814 3445 2005 3501 mundi

423 3541 593 3605 exitu,
623 3539 933 3610 futurisque
954 3539 1122 3596 rebus
1158 3552 1500 3611 quaecunque
1529 3537 1703 3595 sacris
1722 3538 2007 3609 reperiun—

426 3640 518 3687 tur
547 3633 601 3686 in
626 3631 1158 3702 Libris,excutiant;
1184 3649 1287 3691 nec
1320 3632 1456 3690 illud
1490 3639 1731 3699 taceant,
1757 3648 1859 3689 cur
1909 3634 2007 3691 de-

425 3729 657 3793 speratae
680 3722 831 3793 prius
846 3729 1038 3794 gentes
1065 3724 1120 3779 in
1152 3724 1295 3781 idem
1326 3739 1450 3779 cum
1480 3726 1688 3782 sanctis
1711 3725 1805 3796 jus
1834 3724 2007 3782 hatre-

422 3811 635 3877 ditatis,
658 3826 723 3866 ac
747 3812 919 3868 veluti
948 3826 1153 3885 corpus
1177 3821 1233 3870 et
1252 3814 1571 3870 societatem
1602 3829 1634 3869 a
1661 3813 1774 3871 Deo
1803 3814 2006 3871 fuerint

424 3903 630 3958 ascitaa.
665 3901 769 3970 Qui
806 3902 926 3958 ﬁeri
961 3905 1157 3974 possit,
1192 3913 1255 3960 ut
1285 3905 1535 3962 mortalis
1564 3906 1672 3960 ista
1705 3907 2006 3962 caruncula

426 3995 891 4052 immortalitatem
921 4005 977 4052 et
1009 3998 1425 4069 incorruptibile
1476 3998 1582 4054 hoc
1632 3997 2010 4070 incorruptioi

424 4104 544 4145 nem
567 4088 761 4169 induat
789 4107 806 4156 ;
839 4096 934 4144 aut
963 4090 1428 4160 quemadmodum
1457 4090 1709 4147 dicturus
1730 4092 1841 4147 sit:
1878 4090 2006 4147 Non

419 4182 641 4251 populus
674 4180 899 4250 populus
928 4182 1053 4247 erit;
1093 4192 1144 4237 et
1181 4198 1284 4238 non
1317 4181 1533 4249 dilecta,
1559 4181 1754 4237 dilecta
1787 4185 1828 4251 ';
1867 4197 2007 4253 quo-

421 4274 586 4329 modo
612 4274 791 4344 plures
807 4272 1050 4341 desertae,
1078 4291 1235 4346 quam
1262 4275 1434 4329 virum
1453 4274 1691 4331 habentis
1706 4275 1811 4329 sint
1833 4275 1937 4345 ﬁlii
1957 4277 2000 4332 ⁸.

2108 3186 2279 3259 ἐφάνη
2308 3187 2341 3257 ή
2364 3185 2506 3258 ἀρχὴ
2520 3186 2563 3252 ⁸,
2580 3183 2942 3254 ἀπαγγέλλειν
2960 3183 3083 3238 ’καὶ
3108 3182 3239 3253 περὶ
3257 3180 3356 3235 τοῦ
3381 3180 3571 3246 τέλους
3591 3180 3684 3234 καὶ

2107 3277 2217 3332 τῶν
2248 3276 2571 3348 μελλόντων,
2590 3277 2691 3329 ὅσα
2722 3291 2781 3328 τε
2813 3276 2991 3328 κεῖται
3019 3274 3078 3327 ἐν
3109 3273 3230 3336 ταῖς
3260 3271 3525 3343 Γραφαῖς,
3557 3270 3679 3324 ἀνα-

2109 3365 2369 3420 πτύσσειν
2395 3381 2411 3398 ⁸
2438 3366 2535 3420 καὶ
2561 3365 2616 3419 τί
2643 3365 2726 3420 ὅτι
2750 3364 2818 3419 τὰ
2847 3361 3246 3433 ἀπεγνωσμένα
3280 3360 3409 3432 ἔθνη
3444 3358 3677 3431 συγκληο

2113 3457 2315 3533 ρονόμα
2342 3457 2438 3513 καὶ
2465 3457 2747 3528 σύσσωμα.
2778 3455 2874 3512 καὶ
2911 3454 3227 3528 συμμέτοχα
3252 3452 3362 3507 τῶν
3386 3453 3561 3522 ἁγίων
3589 3469 3682 3505 πε-

2108 3550 2336 3624 ποίηκεν
2360 3551 2388 3605 6
2412 3549 2566 3615 Θεὸς,
2595 3548 2671 3622 μή
2701 3551 2942 3621 σιωπᾷν·
2974 3548 3068 3602 καὶ
3088 3546 3204 3629 πῶς
3221 3545 3284 3600 τὸ
3311 3545 3505 3615 θνητὸν
3527 3544 3685 3599 τοῦτο

2111 3644 2332 3717 σαρκίον
2353 3642 2632 3699 ἐνδύσεται
2662 3641 2981 3708 ἀθανασίαν,
3004 3641 3099 3696 καὶ
3125 3639 3187 3694 τὺ
3211 3638 3449 3712 φθαρτὸν
3472 3637 3682 3711 ἀφθαρ-

2108 3735 2249 3801 σίαν,
2277 3735 2639 3806 διαγγέλλεινο
2657 3734 2775 3799 πῶς
2806 3751 2866 3788 τε
2887 3735 3022 3805 ἐρεῖ,
3054 3733 3105 3786 '0
3131 3734 3204 3787 οὐ
3218 3731 3368 3798 λαὸς
3380 3729 3553 3795 λαὸς,
3586 3729 3682 3784 καὶ

2106 3825 2146 3894 ἠ
2174 3826 2285 3881 οὐκ
2306 3824 2662 3895 ἠγαπημένη
2699 3823 3056 3896 ἠγαπημένη
3075 3839 3090 3854 ο
3122 3823 3218 3877 καὶ
3267 3821 3386 3886 πῶς
3430 3822 3684 3876 πλείονα

2105 3914 2219 3985 τῆς
2265 3914 2490 3986 ἐρήμου
2514 3918 2588 3971 τὰ
2608 3914 2789 3970 τέκνα
2805 3911 3048 3985 μᾶλλον
3082 3912 3122 3983 ἢ
3167 3912 3278 3982 τῆς
3293 3912 3563 3983 ἐχούσης
3583 3912 3685 3966 τὸν

2107 4008 2315 4077 ἄνδρα,
2334 4008 2652 4081 κηρύσσειν.
2670 4007 2794 4062 Ἐπὶ
2810 4006 3013 4061 τούτων
3029 4006 3140 4079 γὰρ
3150 4004 3243 4059 καὶ
3256 4003 3470 4058 ἐπὶτῶν
3484 4004 3686 4076 ὁμοίων

2107 4101 2292 4165 αὐτοῖς
2330 4101 2627 4173 ἐπεϐόησεν
2662 4103 2691 4156 6
2731 4101 3051 4165 ’Δπόστολος
3076 4116 3092 4132 ο
3121 4098 3391 4166 Ὢβὰθος
3416 4097 3687 4154 πλούτου

2108 4192 2204 4246 καί
2234 4193 2456 4264 σοφίας
2483 4194 2584 4248 καὶ
2620 4192 2896 4265 γνώσεως
2926 4192 3114 4249 Θεοῦί
3144 4193 3224 4261 ὡς
3250 4190 3685 4260 ἁνεξερεύνητο

2107 4284 2179 4339 τὰ
2194 4286 2449 4356 κρίματα
2466 4286 2675 4355 αὐτοῦ,
2719 4287 2819 4342 καὶ
2860 4286 3309 4356 ἀνεξιχνίαστοι
3341 4286 3402 4338 αἱ
3432 4282 3566 4338 ὁδοί
3590 4285 3694 4338 αὐ-

420 4362 557 4417 Nam
602 4365 670 4420 de
727 4365 814 4421 his
852 4379 916 4419 ac
945 4366 1222 4423 similibus
1260 4367 1536 4423 exclamat
1572 4367 1873 4438 Apostolus
1907 4387 1921 4423 :
1958 4367 2004 4425 0

2109 4376 2236 4431 τοῦ.
2270 4376 2434 4431 Ἀλλὰ
2461 4377 2562 4432 οὐκ
2588 4379 2645 4432 ἐν
2665 4376 2742 4450 τῷ
2770 4377 2912 4448 ὑπὲρ
2930 4376 3023 4431 τὸν
3049 4376 3274 4448 κτίστην
3302 4374 3395 4429 καὶ
3417 4376 3684 4446 Δημιουρ-

422 4451 653 4507 altitudo
703 4453 1014 4507 divitiarum
1060 4471 1124 4510 ac
1180 4457 1477 4525 sapientior,
1524 4465 1574 4511 et
1609 4458 1844 4513 scientia:
1869 4455 2029 4513 Dei!

421 4559 580 4613 quam
608 4543 1150 4614 incomprehensibilia
1195 4557 1320 4602 sunt
1357 4547 1569 4617 judicia
1608 4549 1749 4619 ejus,
1790 4551 2006 4607 elinve-

422 4634 692 4705 stigabiles
719 4638 815 4692 via:
840 4637 955 4708 ejus
986 4638 1038 4692 'l
1075 4637 1195 4694 Non
1215 4636 1281 4693 ‘id
1316 4647 1496 4695 autem
1534 4650 1722 4712 agunt,
1752 4653 1813 4699 ut
1836 4659 2002 4717 supra

422 4725 740 4783 Creatorem
789 4743 856 4783 ae
883 4729 1257 4795 Conditorem,
1288 4730 1486 4786 horum
1516 4731 1765 4801 Matrem,
1792 4753 1856 4793 ac
1878 4738 2003 4809 vagi

424 4816 622 4874 Eonis
647 4818 1042 4891 Cogitationem
1074 4823 1215 4878 male
1250 4824 1764 4892 comminiscantur,
1798 4843 1863 4884 ac
1893 4838 2003 4884 tam

424 4908 694 4980 insignem
728 4908 842 4966 Deo
894 4913 1281 4969 contumeliam
1319 4912 1555 4982 faciant;
1599 4932 1779 4988 neque
1805 4926 1865 4974 ut
1891 4918 2007 4976 Ple-

426 5013 577 5054 roma
614 5002 802 5058 nescio
827 5002 974 5073 quod
1012 5003 1104 5059 illa
1140 5006 1395 5077 superius
1427 5006 1590 5063 modo
1611 5024 1718 5063 xxx
1738 5007 2006 5067 duntaxat

421 5092 692 5152 Eonibus
738 5096 1021 5164 deﬁniant,
1063 5098 1226 5154 modo
1256 5098 1525 5154 inlinitam
1566 5098 1787 5165 illorum
1822 5102 2001 5157 natio-

2109 4467 2206 4538 τὸν
2234 4468 2463 4542 Μητέρα
2489 4471 2694 4525 τούτων
2726 4471 2770 4535 ⁸,
2799 4471 2896 4525 καὶ
2922 4468 3087 4524 αὐτοῦ
3114 4466 3446 4538 Ἐνθύμησιν
3483 4464 3686 4527 Αἰῶνος

2109 4559 2549 4639 πεπλανημένου.
2575 4565 2950 4636 παρεπινοεῖν,
3003 4562 3099 4616 καὶ
3128 4561 3208 4624 είς
3253 4556 3509 4612 τοσοῦτον
3533 4557 3693 4629 ήκειν

2111 4648 2463 4723 βλασφημίας
2483 4666 2500 4684 ·
2527 4651 2649 4706 οὐδὲ
2677 4652 2739 4706 τὸ
2784 4652 2924 4725 ὑπὲρ
2955 4652 3160 4723 ταύτην
3195 4649 3356 4717 πάλιν
3386 4647 3693 4720 Πλήρωμαν

2105 4741 2168 4793 τὸ
2208 4740 2306 4812 μὲν
2342 4741 2439 4795 ἕνα
2487 4741 2531 4807 ⁷,
2576 4740 2672 4796 νῦν
2703 4740 2762 4795 δὲ
2795 4739 3100 4814 ἀνήριθμον
3123 4737 3289 4809 φῦλον
3313 4728 3547 4790 ΔΑίώνων
3576 4735 3694 4786 ἐπι-

2104 4831 2418 4902 ψεύδεσθαι,
2452 4831 2634 4893 καθὼς
2687 4832 2937 4902 λέγουσιν
2981 4827 3126 4886 οὗτοι
3158 4830 3209 4883 οι
3255 4816 3473 4899 άληθῶς
3495 4824 3715 4909 ἔρημοι¹

2106 4921 2257 4988 θείας
2301 4923 2574 4988 συνέσεως
2615 4923 2960 4988 διδάσκαλοι,
3006 4923 3105 4993 τῆς
3151 4919 3320 4990 οὖσης
3361 4914 3692 4986 Ἐκκλησίας

2107 5015 2291 5086 πάσης
2317 5016 2447 5086 μίαν
2482 5015 2578 5070 καὶ
2601 5014 2700 5087 τὴν
2735 5014 2906 5086 αὐτὴν
2928 5013 3112 5067 πίστιν
3144 5010 3376 5082 ἐχούσης
3402 5008 3485 5071 είς
3512 5005 3691 5060 πάντα

2105 5106 2198 5159 τὸν
2224 5107 2449 5178 κόσμον,
2477 5105 2660 5171 καθὼς
2688 5105 3028 5177 προέφαμεν.

426 5205 548 5246 nem
581 5193 941 5261 constituant,
977 5201 1037 5249 ut
1062 5195 1266 5266 egregii
1315 5196 1394 5251 illi
1427 5196 1680 5267 magistri
1723 5212 1788 5252 ac
1812 5196 1998 5254 divina
2037 5202 2199 5273 plane
2231 5205 2461 5262 scientia
2486 5204 2735 5262 destituti
2757 5202 2967 5259 faciunt
3005 5218 3018 5254 :
3063 5216 3188 5257 cum
3219 5214 3330 5254 una
3393 5196 3686 5267 eademque

425 5281 518 5347 sit,
551 5290 608 5336 ut
649 5280 911 5350 diximus,
946 5292 1065 5340 toto
1097 5285 1232 5340 orbe
1248 5301 1520 5354 germana-
1554 5286 1814 5343 Ecclesia:
1848 5286 2001 5345 ﬁdes.

494 5370 711 5428 XXXII.
773 5375 888 5445 Age
947 5390 1077 5431 vero
1127 5377 1407 5434 videamus
1458 5378 1623 5435 modo
1675 5387 1881 5451 quanta
1924 5381 1997 5438 sit

2176 5382 2300 5436 AB'.
2338 5382 2567 5456 Ἵδωμεν
2598 5382 2694 5437 νῦν
2725 5380 2819 5436 καὶ
2843 5380 2942 5452 τήν
2975 5342 3179 5433 τούτων
3206 5378 3440 5434 ἄστατον
3466 5374 3684 5449 γνώμην

543 5548 749 5633 θεοιι,
782 5549 970 5633 illa"
1002 5550 1106 5633 lsa.
1149 5566 1258 5633 Liv,
1292 5538 1343 5606 ἱ.
1474 5551 1633 5608 Rom.
1663 5571 1741 5625 xl,
1768 5556 1857 5614 55.
1937 5556 1958 5591 ἰ
1993 5555 2004 5612 l

2109 5599 2118 5613 .
2146 5556 2338 5633 τούτῳ.
2418 5561 2437 5594 ³
2477 5559 2617 5618 lrcn.
2651 5560 2743 5615 καὶ
2776 5558 2875 5613 οὐκ
2908 5558 2966 5612 ἐν
2997 5556 3159 5631 ἀρχῇ.
3238 5555 3258 5587 ⁵
3290 5554 3415 5611 lrcn
3468 5552 3653 5609 τούτου

430 5623 523 5679 καὶ
559 5621 753 5681 αὐτῶν.
829 5623 848 5654 ⁷
885 5619 1011 5680 For.
1046 5621 1166 5676 τότε
1202 5624 1298 5694 μὲν
1318 5623 1630 5695 τριάκοντα.
