3956 6070
230 223 334 282 537

980 205 1349 285 ao‘vensus
1387 230 1729 291 umnssss
1769 236 1808 292 L

1937 237 1979 294 l.
2021 236 2186 295 TOM.
2229 236 2378 293 Il.~—
2421 231 2700 292 HERES.
2733 231 2928 289 XXXI.

3389 234 3497 291 538

231 343 324 398 δύο
349 359 450 396 που
466 341 562 395 καὶ
591 340 761 412 τριῶν
787 341 981 404 ὄντων,
1007 344 1126 410 πῶς
1160 362 1226 398 πε
1236 347 1288 417 ρὶ
1318 347 1426 402 τῶν
1451 351 1629 404 αὐτῶν
1653 353 1715 406 οὐ
1749 353 1808 408 τὰ

1920 357 2154 411 duorum
2185 357 2269 412 vel
2324 355 2492 411 trium
2529 356 2757 410 istorum
2797 354 3190 418 inconstantia,
3231 359 3396 422 atque
3426 354 3498 407 de

232 433 369 486 αὐτὰ
400 431 676 500 λέγουσιν,
702 429 836 486 ἀλλὰ
862 434 974 495 τοῖς
995 435 1284 505 πράγμασι
1310 439 1405 490 καὶ
1426 442 1535 504 τοῖς
1557 442 1814 514 ὀνόμασιν

231 525 449 578 ἐναντία
491 523 911 592 ἀποφαίνονται.
951 525 1010 578 '0
1064 526 1162 596 μὲν
1191 527 1301 599 γὰρ
1341 531 1555 602 πρῶτος
1587 535 1696 588 ἀπὸ
1717 537 1814 608 τῆς

230 613 531 685 λεγομένης
578 615 890 683 Γνωστικῆς
921 616 1190 687 αἱρέσεως
1217 620 1314 683 τὰς
1344 621 1520 692 ἀρχὰς
1563 626 1643 689 εἱς
1684 626 1813 680 ἴδιον

230 707 558 777 χαρακτῆρα
611 705 981 760 διδασκαλείου
1013 709 1029 738 ⁸
1067 709 1419 780 μεθαρμόσας
1469 715 1814 782 Οὐαλεντῖνος

228 796 402 860 οὕτως
461 796 870 869 ὲξηροςρόρησεν
910 798 1044 869 (8'2),
1085 799 1410 871 ὁρισάμενος
1447 800 1586 857 εἶναι
1635 807 1813 862 Δυάδα

228 886 621 956 ἀνονόμαστον,
669 882 737 958 ἦς
785 887 846 940 τὸ
879 887 978 957 μέν
1014 905 1068 940 τι
1117 888 1400 945 καλεῖσθαι
1431 895 1723 966 Ἀρρητον,
1752 898 1814 952 τὸ

228 977 286 1032 δὲ
317 978 504 1048 Σιγήν.
534 979 764 1032 Ἔπειτα
797 979 862 1032 ὲκ
889 979 1093 1051 ταύτης
1118 981 1318 1046 Δυάδος
1346 984 1610 1058 δευτέραν
1637 989 1814 1044 Δυάδα

231 1070 659 1143 προϐεϐλῆσθαι,
693 1066 762 1144 ἧς
789 1072 851 1124 τὸ
891 1073 990 1142 μέν
1022 1091 1074 1126 τι
1114 1075 1335 1146 Πατέρα
1365 1077 1639 1149 ὀνομάζει,
1667 1081 1730 1134 τὸ
1757 1082 1812 1135 δὲ

231 1163 534 1234 Ἀλήθειαν.
571 1165 668 1216 Ἐκ
711 1164 768 1217 δὲ
823 1164 923 1234 τῆς
968 1166 1234 1238 Τετράδος
1281 1169 1483 1240 ταύτης
1531 1189 1812 1244 καρποφο-

234 1255 445 1324 ρεῖσθαι
480 1254 652 1324 Λόγγον
677 1255 769 1308 καὶ
792 1254 965 1326 Ζωὴν,
995 1257 1312 1328 Ἀνθρωπον
1335 1261 1430 1312 καὶ
1462 1262 1809 1334 Ἐκκλησίαν.

231 1344 387 1400 Εἶναί
423 1364 482 1400 τε
515 1347 1007 1418 ταύτην”ογδοάδα
1041 1349 1283 1422 πρώτην.
1314 1353 1424 1405 Καὶ
1455 1355 1562 1407 ἀπὸ
1589 1355 1690 1424 μὲν
1716 1357 1810 1410 τοῦ

230 1434 408 1507 Λόγου
434 1439 528 1492 καὶ
549 1439 646 1510 τῆς
679 1440 834 1510 Ζωῆς
861 1439 991 1494 δέκα
1031 1441 1288 1513 δυνάμεις
1321 1444 1469 1513 λέγει
1503 1447 1810 1520 προϐεϐλῆ·

229 1533 374 1598 σθαι,
407 1527 590 1598 καθὼς
640 1536 1048 1606 προειρήκαμεν
1076 1553 1090 1568 ο
1125 1538 1233 1590 ἀπὸ
1266 1539 1323 1592 δὲ
1359 1539 1454 1592 τοῦ
1496 1541 1809 1611 Ἀνθρώπου

227 1625 325 1677 καὶ
355 1624 457 1692 τῆς
491 1623 820 1697 Ἐκκλησίας
849 1625 1074 1691 δώδεκα,
1105 1621 1180 1682 ὧν
1211 1628 1340 1699 μίαν
1371 1632 1685 1685 ἀποστᾶσαν
1713 1633 1810 1704 τὴν

227 1713 425 1785 λοιπὴν
455 1715 838 1786 πραγματείαν
864 1718 1212 1787 πεποιῆσθαι.
1241 1721 1443 1790 Ὄρους
1473 1740 1529 1775 τε
1572 1723 1664 1775 δύο
1705 1723 1810 1776 ὑπ-

226 1803 404 1872 έθετο,
437 1807 531 1860 ἕνα
564 1807 662 1877 μὲν
720 1809 922 1879 μεταξῦ
967 1809 1061 1862 τοῦ
1115 1810 1288 1865 Βυθοῦ
1333 1814 1427 1866 καὶ
1480 1814 1574 1867 τοῦ
1618 1814 1806 1870 λοιποῦ

227 1896 620 1967 Πληρώματος,
651 1898 950 1971 διορίζοντα
975 1901 1101 1965 τοὺς
1143 1905 1431 1973 γεννητοὺς
1461 1905 1673 1969 Λίῶνας
1700 1905 1808 1958 ἀπὸ

223 1986 319 2040 τοῦ
365 1989 662 2060 ἀγεννήτου
715 1991 948 2062 Πατρὸς,
997 1991 1182 2062 ἕτερον
1227 1994 1283 2047 δὲ
1332 1995 1424 2048 τὸν
1481 1996 1808 2067 ἀφορίζονται

224 2080 378 2150 αὐτῷ
412 2084 432 2112 ’
459 2080 556 2152 τὴν
611 2081 842 2154 Μητέρα
882 2083 990 2137 ἀπὸ
1016 2082 1111 2136 τοῦ
1147 2083 1540 2156 Πληρώματος.
1576 2088 1684 2140 Καὶ
1713 2088 1806 2142 τὸν

221 2171 464 2244 Χριστὸν
490 2172 545 2225 δὲ
579 2173 678 2226 οὐκ
710 2173 817 2227 ἀπὸ
854 2174 961 2228 τῶν
1009 2177 1068 2228 ἐν
1095 2175 1173 2246 τῷ
1221 2177 1556 2249 Πληρώματι
1597 2179 1806 2234 αἰώνων

225 2261 804 2333 προϐεϐλῆσθαι,ἀλλὰ
837 2261 940 2317 ὑπὸ
973 2265 1073 2335 τῆς
1103 2265 1325 2337 Μητρὸς
1366 2266 1470 2333 ἔξω
1506 2268 1807 2339 γενομένης

224 2353 367 2406 κατά
384 2353 486 2424 τὴν
502 2351 728 2425 γνώμην
750 2354 856 2408 τῶν
879 2356 1205 2428 κρειττόνων
1226 2358 1638 2428 ἀποκεκυῆσθαι
1665 2358 1806 2430 μετὰ

225 2447 387 2508 σκιᾶς
419 2462 584 2508 τινος.
623 2445 732 2500 Καὶ
777 2445 936 2499 τοῦτο
967 2447 1067 2517 μὲν
1113 2447 1208 2501 ἅτε
1256 2450 1460 2521 ἄρρενα
1492 2450 1806 2521 ὑπάρχοντα

221 2536 579 2606 ἀποκόψαντα
604 2538 696 2606 ἀφ’
722 2537 914 2591 ἑαυτοῦ
943 2537 1040 2610 τὴν
1065 2541 1242 2604 σκιάν,
1278 2541 1612 2612 ἀναδραμεῖν
1637 2542 1719 2605 είς
1743 2541 1806 2594 τὸ

223 2627 510 2698 Πλήρωμα
535 2646 549 2659 ’
585 2629 686 2700 τὴν
729 2629 786 2683 δὲ
835 2630 1066 2702 Μητέρα
1092 2631 1508 2702 ὑπολειφθεῖσαν
1546 2632 1684 2705 μετά
1703 2633 1805 2704 τῆς

225 2724 405 2785 σκιᾶς,
424 2721 807 2792 κεκενωμένην
826 2739 884 2774 τε
907 2723 1006 2789 τῆς
1031 2726 1406 2796 πνευματικῆς
1431 2725 1801 2790 ὑποστάσεως,

220 2816 411 2884 ἓτερον
459 2814 572 2867 υίὸν
623 2816 1093 2886 προενέγκασθαι·
1136 2817 1230 2870 καὶ
1277 2817 1464 2871 τοῦτον
1525 2813 1664 2871 εἶναι
1711 2817 1805 2871 τὸν

221 2911 295 2977 Ar,
307 2907 590 2977 μιουργὸν,
617 2907 676 2961 ὃν
705 2909 797 2962 καὶ
828 2911 1240 2986 παντοκράτορα
1280 2910 1430 2980 λέγει
1449 2911 1558 2965 τῶν
1579 2911 1804 2964 ὑποκει-

226 2997 407 3068 μένων
453 2999 494 3052 ³.
545 2999 1070 3072 Συμπροϐεϐλῆσθαι
1123 3001 1180 3054 δὲ
1207 3001 1356 3072 αὑτῷ
1395 3003 1486 3056 καὶ
1537 3001 1805 3073 ἀριστονδ

221 3089 462 3160 ἄρχοντα
517 3090 876 3160 ἐδογμάτισεν
903 3092 1106 3163 ὁμοίως
1138 3095 1251 3156 τοῖς
1289 3093 1688 3165 ῥηθησομένοις
1715 3093 1805 3161 ὑφ’

219 3179 382 3249 ἡμῶν
406 3179 775 3252 ψευδωνύμως
803 3181 1148 3246 Γνωστικοῖς.
1187 3183 1298 3236 Καὶ
1321 3182 1412 3236 τὸν
1445 3182 1651 3254 Ἰησοῦν
1677 3199 1808 3235 ποτε

224 3273 326 3342 μὲν
344 3271 454 3325 ἀπὸ
472 3273 568 3326 τοῦ
597 3275 949 3338 συσταλέντος
981 3274 1089 3328 ἀπὸ
1114 3273 1216 3345 τῆς
1234 3275 1456 3348 Μητρὸς
1481 3277 1660 3330 αὐτῶν
1684 3293 1810 3329 συν-

221 3360 586 3432 αναχυθέντος
607 3366 718 3426 τοῖς
744 3363 886 3428 ὅλοις
927 3364 1331 3438 προϐεϐλῆσθαι
1373 3383 1525 3437 φασι,
1561 3366 1809 3420 τουτέστι

219 3451 316 3505 τοῦ
349 3451 587 3523 Θελητοῦ
608 3469 621 3482 ·
674 3455 804 3508 ποτὲ
845 3455 902 3509 δὲ
946 3457 1054 3510 ἀπὸ
1086 3456 1180 3510 τοῦ
1212 3458 1616 3531 ἀναδραμόντος
1645 3458 1723 3520 είς
1749 3456 1810 3511 τὸ

222 3545 526 3616 Πλήρωμα,
587 3547 836 3600 τουτέστι
873 3547 970 3601 τοῦ
1003 3549 1238 3621 Χριστοῦ
1261 3567 1275 3581 ·
1308 3552 1440 3604 ποτὲ
1468 3551 1525 3604 δὲ
1562 3551 1670 3604 ἀπὸ
1710 3549 1803 3603 τοῦ

233 3636 550 3706 Ἀνθρώπου
580 3639 675 3691 καὶ
691 3639 790 3709 τῆς
820 3632 1176 3712 Ἒκκλησίας.
1197 3641 1303 3696 Καὶ
1329 3644 1390 3696 τὸ
1417 3642 1640 3712 Πνεῦμα
1660 3641 1717 3695 δὲ
1742 3639 1803 3694 τὸ

220 3727 376 3797 ἅγιον
429 3729 535 3783 ὑπὸ
585 3733 684 3801 τῆς
711 3732 1038 3805 Ἐκκλησίας
1094 3735 1228 3804 φησὶ
1267 3732 1672 3805 προϐεϐλῆσθαι
1721 3733 1802 3795 εἰς

1916 445 2108 502 iisdem
2156 461 2265 501 non
2293 445 2484 502 eadem
2531 444 2923 514 pronuntient;
2961 443 3053 499 sed
3083 451 3137 499 et
3170 441 3334 497 rebus
3358 442 3497 511 ipsis

1913 546 1968 595 et
1995 539 2277 594 vocabulis
2322 553 2353 592 a
2383 553 2443 594 se
2492 535 2724 591 invicem
2767 535 3121 595 dissentiant.
3157 535 3372 590 Etenim
3397 537 3493 607 qui

1913 645 1946 686 a
1995 630 2378 686 Gnosticorum
2429 626 2622 681 haeresi
2665 625 2984 697 deprompta
3038 624 3201 697 204
3247 624 3495 695 quaadam

1913 722 2069 778 initia
2097 722 2304 792 primus
2328 716 2622 790 peculiaris
2647 715 2714 769 ad
2747 723 2910 771 secta:
2929 716 3159 770 formam
3189 715 3492 776 transtulit,

1917 813 2240 868 Valentinus
2305 811 2380 866 ita
2427 807 2658 864 definiit.
2714 806 3001 861 Biuarium
3032 806 3327 876 quemdam
3374 805 3496 861 sine

1913 905 2135 961 nomine
2172 902 2480 965 constituit,
2508 915 2572 954 ex
2600 898 2834 953 Arrheto
2874 905 2929 954 et
2961 898 3090 968 Sige
3125 905 3494 953 constantem.

1913 997 1998 1053 Ab
2029 997 2133 1052 hoc
2155 995 2456 1052 secundum
2497 997 2856 1063 propagatum
2894 1005 3018 1045 esse
3048 990 3353 1056 Binarium,
3385 1005 3498 1062 quo

1913 1087 2096 1151 Pater,
2131 1102 2195 1141 ac
2248 1084 2462 1140 Veritas
2491 1082 2824 1138 continetur.
2859 1079 2998 1135 Tum
3036 1096 3105 1136 ex
3140 1082 3496 1151 quaternario

1914 1179 2152 1235 Verbum
2209 1187 2263 1234 et
2315 1177 2516 1243 Vitam,
2573 1175 2882 1241 Hominem,
2927 1172 3343 1243 Ecclesiamque
3368 1191 3498 1243 pro-

1914 1270 2080 1326 diisse
2105 1288 2119 1324 :
2152 1251 2293 1324 hanc
2316 1283 2440 1324 esse
2457 1267 2686 1338 primam
2717 1264 3047 1336 Ogdoadem.
3069 1262 3199 1320 Inde
3222 1281 3287 1319 ex
3316 1263 3498 1320 Verbo

1913 1379 1978 1419 ac
2023 1363 2144 1419 Vita
2208 1363 2396 1418 decem
2459 1359 2788 1432 proﬂuxisse
2839 1358 3092 1424 virtutes,
3143 1373 3281 1428 quas
3335 1367 3494 1412 antea

1913 1455 2221 1510 retulimus.
2248 1453 2326 1507 Ab
2357 1452 2586 1506 I-lomine
2609 1459 2663 1506 et
2689 1449 2930 1504 Ecclesia
2965 1448 3251 1504 duodecim
3275 1467 3289 1516 ;
3317 1465 3346 1503 a
3375 1449 3498 1518 qui-

1913 1544 2017 1600 bus
2057 1560 2164 1598 una
2191 1543 2472 1605 deficiens,
2509 1541 2868 1610 ordinemque
2911 1538 3173 1594 deserens
3219 1539 3493 1609 reliquum

1913 1647 2074 1686 omne
2095 1646 2233 1701 opus
2264 1630 2518 1685 absolvit.
2549 1629 2834 1698 Adjecitet
2861 1628 3038 1684 lloros
3052 1627 3227 1683 duos:
3259 1629 3493 1683 alterum

1841 1706 1884 1760 Β
1912 1725 2004 1794 qui
2039 1716 2269 1793 Bythum
2308 1721 2450 1775 inter
2480 1735 2544 1774 ac
2568 1719 2818 1774 Pleroma
2861 1720 3130 1790 reliquum
3183 1721 3494 1785 intercedit,

1910 1821 1964 1870 et
1991 1811 2205 1884 genitos
2265 1811 2471 1866 Eonas
2501 1811 2570 1865 ab
2599 1809 2841 1881 ingenito
2873 1809 3034 1866 Patre
3069 1811 3302 1878 dirimit;
3358 1813 3495 1868 alte-

1909 1921 2030 1961 rum
2077 1903 2170 1974 qui
2234 1901 2460 1956 Matrem
2522 1901 2804 1956 illoruma
2870 1899 3181 1958 Pleromate
3235 1903 3494 1960 secernit.

1907 1997 2187 2054 Christum
2222 2009 2386 2065 porro
2417 2009 2523 2048 non
2562 2009 2592 2047 a
2613 1993 2936 2050 Pleromatis
2963 1993 3236 2050 Eonibus
3266 1996 3495 2059 editum,

1908 2090 2004 2146 sed
2039 2089 2108 2142 ab
2136 2085 2340 2142 extorri
2369 2083 2539 2139 Matre
2558 2099 2624 2139 ex
2658 2084 2946 2140 meliorum
2973 2085 3349 2141 recordatione
3371 2101 3497 2141 cum

1907 2179 2142 2250 quadam
2166 2178 2357 2232 umbra
2389 2183 2757 2248 procreatum.
2785 2175 3179 2246 Eumdemque,
3208 2193 3333 2232 cum
3351 2188 3497 2232 esset

1908 2269 2208 2333 masculus,
2244 2267 2458 2338 ahjeeta
2484 2283 2512 2322 a
2535 2274 2708 2324 semet
2735 2267 2926 2322 umbra
2946 2267 3012 2320 ad
3038 2265 3289 2322 Pleroma
3318 2283 3503 2322 recur-

1906 2360 2076 2425 risse;
2113 2357 2339 2414 Matrem
2383 2373 2514 2413 vero
2545 2372 2670 2412 cum
2704 2357 2898 2412 umbra
2936 2358 3204 2424 relictam,
3239 2373 3303 2413 ac
3332 2359 3499 2429 spiri-

1907 2453 1999 2505 tali
2026 2443 2337 2506 substantia
2367 2449 2713 2514 exhaustam,
2747 2448 2912 2503 alium
2949 2463 3271 2518 procreasse
3301 2449 3494 2513 illium,

1905 2540 2158 2594 videlicet
2201 2537 2576 2602 Conditorem,
2620 2538 2706 2592 cui
2759 2538 2814 2592 in
2867 2538 3075 2602 omnia,
3117 2554 3240 2608 qua:
3275 2538 3497 2607 quidem

1905 2632 2009 2703 ipsi
2023 2629 2264 2700 subjecta
2289 2639 2435 2695 sunt,
2450 2630 2786 2685 dominatum
2804 2644 2867 2684 ac
2888 2638 3207 2700 potestatem
3226 2630 3496 2686 tribuunt.

1906 2723 2040 2779 Cum
2071 2723 2176 2777 hoc
2205 2732 2259 2778 et
2287 2723 2454 2776 alium
2477 2723 2800 2792 productum
2830 2739 2954 2780 esse
2976 2725 3260 2780 sinistrum
3296 2724 3497 2794 princi-

1907 2830 2028 2886 pem
2053 2815 2353 2870 arbitratus
2374 2821 2458 2869 cst
2478 2830 2493 2866 :
2514 2816 2740 2885 perinde
2772 2821 2831 2870 ut
2848 2815 3093 2870 Gnostici
3119 2816 3218 2882 illi,
3255 2816 3391 2870 falso
3420 2816 3497 2870 ita

1908 2907 2063 2972 dicti,
2093 2907 2161 2962 de
2195 2907 2394 2979 quibus
2422 2912 2612 2976 pestea
2641 2907 2906 2962 dicemus.
2943 2907 3128 2962 Jesum
3162 2924 3326 2978 porro
3357 2924 3498 2963 non-

1910 3014 2195 3070 nunquam
2253 3014 2284 3052 a
2335 2997 2561 3052 Theleto
2595 2997 2690 3052 illo
2733 2999 2976 3069 genitum
3013 2999 3266 3063 aflirmat,
3303 2999 3395 3070 qui
3428 3000 3502 3054 ab

1911 3095 2155 3166 ipsorum
2185 3091 2354 3146 Matre
2377 3097 2716 3154 contractus,
2745 3106 2966 3160 unaque
2991 3106 3114 3145 cum
3133 3089 3502 3145 Universitate

1913 3187 2174 3260 profusus
2207 3195 2324 3252 est;
2378 3183 2654 3240 interdum
2701 3184 2770 3238 ab
2799 3199 2885 3248 eo,
2919 3185 3010 3254 qui
3059 3199 3118 3239 se
3147 3184 3214 3238 ad
3247 3183 3500 3239 Pleroma

1913 3278 2207 3350 receperit,
2264 3275 2477 3332 scilicet
2530 3273 2777 3330 Christo.
2815 3273 2967 3329 Alias
3005 3288 3034 3326 a
3063 3273 3288 3328 Christo
3313 3281 3370 3328 et
3400 3276 3502 3331 Ee-

1916 3367 2103 3423 eIesia.
2136 3365 2402 3437 Spiritum
2437 3363 2673 3435 denique
2713 3372 2967 3420 sanctum
3005 3363 3074 3418 ab
3107 3361 3353 3418 Ecclesia
3387 3363 3500 3416 ori-

1915 3459 2093 3529 ginem
2124 3457 2361 3513 traxisse
2394 3462 2568 3526 putat,
2593 3466 2646 3511 et
2679 3455 2745 3510 ad
2791 3453 3189 3510 examinandos
3220 3469 3284 3509 ac
3312 3454 3498 3508 fecun-

1914 3547 2086 3602 ditate
2130 3544 2420 3601 donandos
2473 3543 2683 3600 IEonas
2729 3544 2959 3610 editum,
3001 3560 3124 3600 cum
3165 3545 3222 3599 in
3269 3545 3392 3600 illus
3424 3545 3499 3598 ita

1911 3639 2193 3698 subiisset,
2225 3645 2284 3690 ut
2324 3636 2497 3705 aspici
2537 3636 2690 3691 nullo
2717 3637 2878 3692 modo
2913 3646 3134 3708 posset;
3167 3638 3327 3710 cujus
3362 3636 3498 3692 adeo

1907 3729 2011 3798 ipsi
2039 3727 2302 3784 beneﬂcio
2326 3727 2573 3783 veritatis
2602 3728 2802 3796 stirpes
2837 3731 3115 3784 emittunt.

220 3822 511 3894 ἀνάκρισιν
569 3825 659 3878 καὶ
715 3827 1094 3899 καρποφορίαν
1131 3827 1242 3882 τῶν
1277 3825 1522 3894 Αῑώνων,
1575 3825 1824 3897 ἀοράτως
1885 3824 1965 3894 είς
2020 3813 2443 3884 αὺτοῦςέίσιὸν·
2475 3817 2543 3872 δι’
2586 3811 2647 3872 οὗ
2699 3820 2826 3884 τοὺς
2874 3820 3088 3884 Αῑῶνας
3131 3821 3500 3892 καρποφορεῖν

219 3919 288 3973 τὰ
321 3918 468 3989 φυτὰ
495 3921 597 3991 τῆς
627 3919 901 3994 ἀληθείας.

219 4037 654 4105 Πεπλήρωνται
705 4007 778 4091 td
803 4038 1126 4108 Εἰρηναίου
1173 4041 1325 4094 κατὰ
1368 4038 1804 4094 Οὑαλεντίνων.

289 4145 414 4202 ΛΓ.
440 4148 744 4222 καὶταῦτα
766 4151 864 4221 μὲν
888 4151 1072 4206 καὶτὰ
1090 4150 1316 4207 τοιαῦτα
1342 4153 1371 4206 ὁ
1400 4149 1808 4224 προειρημένος

219 4242 360 4312 ἀνὴρ
384 4241 698 4315 πρεσϐύτης
747 4245 1056 4315 Εἰρηναῖος,
1079 4247 1108 4298 ὁ
1133 4245 1275 4299 κατά
1317 4245 1499 4300 πάντα
1524 4246 1590 4298 ὲκ
1634 4242 1806 4298 Πνεῦ-

2092 4017 2365 4076 Hactenus
2393 4017 2633 4075 Irenwus
2662 4027 2848 4074 contra
2899 4018 3320 4076 Valentinianos.

1984 4138 2224 4204 XXXIII.
2260 4137 2385 4192 Ilaec
2407 4144 2574 4208 atque
2605 4137 2691 4192 his
2710 4135 2907 4192 similia
2948 4137 3188 4206 optimus
3220 4137 3309 4193 ille
3330 4154 3496 4194 senex

1913 4231 2153 4288 Irenaeus
2195 4231 2423 4285 totidem
2463 4229 2644 4285 verbis
2676 4229 2745 4284 de
2779 4228 3093 4292 vanissimis
3130 4229 3345 4284 illorum
3383 4232 3494 4301 Opi-

221 4347 392 4400 ματος
417 4329 574 4399 ἁγίου
595 4335 1030 4405 κεκοσμημένος,
1065 4333 1142 4398 ώς
1160 4337 1406 4404 γενναῖος
1429 4333 1670 4405 ἀθλητὴς
1700 4333 1806 4388 ὑπὸ

1913 4324 2171 4380 nionibus
2195 4322 2476 4387 disseruit,
2512 4320 2672 4391 205
2702 4321 2787 4375 vir
2807 4321 3034 4376 omnino
3059 4320 3296 4392 Spiritus
3323 4323 3496 4378 sancti

225 4418 312 4472 τοῦ
365 4419 576 4489 Κυρίου
626 4421 1088 4494 προϐεϐλημένος,
1146 4426 1242 4477 καὶ
1294 4423 1644 4493 ὲπαλειφθεὶς
1695 4425 1808 4486 τοῖς

220 4508 564 4579 ἐπουρανίοις
585 4511 887 4582 χαρίσμασι
909 4514 1020 4576 τοῖς
1047 4511 1187 4566 κατά
1208 4513 1306 4584 τὴν
1338 4513 1596 4584 ἀληθινὴν
1625 4513 1807 4566 πίστιν

221 4600 314 4655 καὶ
336 4599 563 4668 γνῶσιν,
613 4602 1029 4666 καταπαλαίσας
1060 4621 1120 4656 τε
1160 4604 1254 4656 καὶ
1294 4605 1808 4675 καταγωνισάμενος

219 4693 316 4764 τὴν
347 4693 536 4746 πᾶσαν
593 4693 773 4747 αὐτῶν
807 4693 1022 4766 ληρώδη
1057 4695 1335 4764 ὑπόθεσιν,
1384 4695 1630 4767 διεξῆλθε
1665 4694 1810 4750 κατά

219 4785 375 4854 λόγον
398 4785 469 4838 τά
501 4784 594 4837 ὑπ’
621 4785 797 4839 αὐτῶν
855 4789 1328 4858 κενοφωνούμενα.
1395 4789 1698 4861 Ἀκρότατα
1751 4789 1809 4842 δὲ

219 4878 415 4940 αὐτοὺς
432 4879 492 4931 ὲν
518 4895 594 4948 τῳ
621 4877 748 4948 ἑξῆς
769 4879 1004 4952 δευτέρῳ
1021 4880 1181 4934 αὑτοῦ
1214 4881 1357 4953 λόγῳ
1383 4883 1477 4936 καὶ⁸
1498 4884 1612 4946 τοῖς
1631 4882 1811 4946 ἄλλοις

219 4967 468 5038 διήλεγξε
516 4968 938 5039 περιττοτέρως,
969 4969 1290 5042 βουλόμενός
1342 4989 1460 5036 πως
1497 4972 1589 5026 τὸν
1633 4974 1810 5044 χαμαὶ⁸

221 5058 472 5128 ῥιφέντα,
508 5059 603 5112 καὶ
630 5059 709 5122 είς
727 5055 896 5132 ἧτταν
925 5062 1207 5132 τραπέντα
1239 5061 1422 5136 σῦραι,
1453 5065 1547 5118 καὶ
1579 5065 1810 5119 ἐνώπιον

221 5151 442 5203 πάντων
489 5146 856 5219 θριαμϐεῦσαί
914 5169 975 5204 τε
1025 5153 1120 5206 καὶ
1144 5152 1396 5224 φωρᾶσαι
1436 5153 1536 5224 τὴν
1571 5155 1628 5207 ὲν
1661 5154 1812 5226 αὐτῷ

229 5239 296 5311 τῷ
345 5239 560 5311 ῥιφέντι
610 5240 964 5310 ἀναίσχυντόν
995 5259 1054 5294 τε
1087 5243 1179 5295 καὶ
1223 5243 1422 5314 ἀσθενῆ
1476 5243 1812 5317 προΰκλησιν

226 5329 725 5402 ματαιοφροσύνης.
783 5332 974 5403 Ἡμεῖς
1040 5332 1126 5398 δὲ,
1180 5333 1540 5405 ἀρκεσθέντες
1591 5338 1702 5401 τοῖς
1747 5353 1806 5391 τε

1912 4419 2074 4474 donis
2121 4416 2606 4481 instructissimus,
2657 4431 2721 4470 ac
2774 4423 3033 4486 tanquam
3082 4416 3239 4473 fortis
3298 4418 3496 4473 athleta

1913 4511 2215 4582 productus
2259 4523 2290 4562 a
2327 4506 2580 4572 Domino,
2614 4514 2669 4562 et
2695 4507 3018 4563 coelestibus
3044 4509 3404 4572 ornamentis,
3440 4519 3497 4563 ut

1913 4604 1984 4658 ita
2009 4601 2262 4664 dixerim,
2295 4599 2362 4655 ad
2419 4609 2699 4655 certamen
2741 4608 3068 4670 perunctus;
3116 4601 3208 4672 qui
3265 4601 3496 4656 sincerae

1914 4693 2038 4750 ﬁdei
2066 4709 2131 4749 ac
2156 4693 2399 4750 scientia:
2439 4692 2709 4763 praesidiis
2742 4693 2966 4746 illorum
2996 4692 3296 4762 prostravit
3336 4707 3496 4746 ever-

1917 4791 2092 4859 titque
2120 4788 2426 4843 mendacia.
2463 4785 2619 4862 Quod
2642 4786 2696 4839 in
2722 4783 2966 4840 secundo
3000 4785 3140 4858 libro
3173 4801 3238 4840 ac
3265 4800 3497 4856 sequen-

1913 4882 2061 4938 tibus
2121 4881 2241 4937 aliis
2304 4879 2649 4953 potissimum
2678 4877 2926 4948 perfecit,
2963 4877 3056 4932 ubi
3101 4878 3225 4932 illos
3249 4877 3495 4934 uberiore

1913 4973 2054 5043 stylo
2079 4971 2381 5028 confutavit
2412 4986 2427 5022 :
2462 4984 2586 5024 cum
2621 4969 2767 5022 velut
2793 4968 2944 5022 humi
2984 4968 3256 5038 abjectum
3317 4983 3381 5022 ac
3405 4983 3495 5023 su-

1913 5071 2162 5134 peratum
2226 5062 2608 5120 adversarium
2672 5059 2915 5123 trahere,
2973 5074 3037 5113 ac
3091 5058 3496 5130 quodammodo

1916 5154 2258 5224 triumphare
2309 5155 2462 5209 visus
2517 5160 2602 5208 est
2627 5153 2787 5217 velle,
2817 5160 2871 5207 et
2903 5151 3176 5223 profligati
3217 5152 3499 5222 nugatoris

1918 5246 2287 5317 impudentem
2321 5250 2496 5315 magis
2550 5259 2712 5314 quam
2748 5243 2940 5300 fortem
2982 5245 3049 5300 ad
3095 5243 3496 5315 provocandum

1914 5335 2200 5392 audaciam
2224 5335 2404 5405 palam
2435 5333 2692 5390 omnibus
2717 5333 2990 5405 detegere.
3025 5331 3134 5391 Nos
3163 5341 3343 5390 autem
3366 5348 3497 5407 par-

296 5487 478 5543 ‘Iren.
507 5485 739 5557 ἀρχαίας
769 5486 1140 5552 διδασκαλίας.
1219 5490 1240 5520 ²
1265 5489 1408 5546 Ircn.
1444 5489 1644 5545 αὐτῶν.
1724 5491 1745 5523 ³
1779 5491 1808 5546 1η

1913 5532 1924 5547 .
1957 5491 2220 5562 ἀποκειμ.
2255 5489 2426 5562 αὐτῷ.
2506 5489 2690 5568 “Iron.
2717 5491 3022 5564 ἀριστερόν.

296 5649 406 5722 (8‘2)
451 5647 653 5714 Οὕτως
673 5645 1142 5718 ἑξηροεςόρησεν.
1163 5648 1430 5721 Corrupla
1458 5667 1580 5719 vox,
1616 5650 1668 5709 in
1692 5667 1800 5722 qua

1913 5651 2234 5708 vinatiouem
2265 5651 2499 5716 experiri
2539 5667 2648 5710 non
2681 5659 2856 5707 vacat.
