3956 6070
389 208 508 268 539'

1783 208 1840 264 S.
1883 205 2226 264 EPlPllANll

3561 213 3680 269 διο

390 319 489 372 tim
523 315 613 384 iis,
636 331 758 387 qua:
787 332 818 374 ο
850 315 1007 372 nobis
1036 314 1273 374 breviter
1303 327 1430 374 sunt
1451 319 1754 390 disputata,
1779 320 1974 392 partim

2090 323 2211 392 παρ’
2245 324 2406 394 ἡμῶν
2438 322 2706 403 λεχθεῖσιν
2737 323 2960 392 ὀλίγοις,
2997 323 3092 378 καὶ
3141 325 3253 387 τοῖς
3287 322 3392 375 ὑπὸ
3423 322 3534 375 τῶν
3570 327 3678 393 τῆς

314 441 318 446 -
391 426 515 481 qua:
556 409 626 464 ab
675 409 799 465 aliis
831 409 1065 463 sinceris
1101 409 1153 462 id
1189 425 1364 479 genus
1396 412 1764 482 scriptoribus
1793 415 1983 469 elucu-

394 503 548 556 brata
605 508 754 562 sunt,
800 498 1064 562 contenti,
1107 513 1232 552 cum
1287 502 1585 558 nonnullos
1626 518 1849 574 quoque
1893 504 1980 559 vi-

391 592 618 645 deamus
643 592 709 646 de
730 590 834 644 hoc
873 597 1197 658 argumento
1226 591 1544 660 scripsisse,
1569 595 1984 666 praesertimque

393 684 744 746 Clementem,
773 683 1032 738 lrenaaum
1088 689 1142 736 et
1168 681 1538 756 llippolytum,
1558 686 1803 757 aliosque
1832 703 1984 743 com-

394 777 603 846 plures,
656 775 750 846 qui
803 774 1110 829 admirabili
1152 775 1391 846 quadam
1447 777 1711 835 facultate
1763 780 1982 836 illorum

394 869 651 936 dogmata
700 866 1035 932 refutarunt,
1068 883 1178 922 non
1210 869 1440 922 multum
1474 870 1529 924 in
1563 887 1652 934 eo,
1690 880 1748 925 ut
1775 872 1983 928 dictum

394 959 844 1023 cst,_elaborare.
889 959 1226 1023 studuimus,
1255 959 1393 1014 satis
1438 975 1716 1031 superque
1764 962 1980 1018 illorum

394 1066 560 1121 opera
599 1049 802 1104 factum
833 1050 1077 1104 arbitrati
1107 1069 1119 1103 :
1154 1051 1316 1121 idque
1347 1050 1526 1120 ipsum
1562 1053 1705 1124 apud
1738 1071 1838 1111 nos
1868 1057 1984 1112 exi-

397 1144 704 1208 stimantes,
750 1141 1021 1196 neminem
1068 1156 1191 1196 esse
1247 1142 1525 1212 paululum
1569 1145 1981 1218 intelligentem,

397 1235 484 1292 cui
526 1233 608 1287 vel
636 1249 702 1288 ex
761 1231 896 1302 ipsis
929 1229 1148 1286 illorum
1197 1232 1355 1286 libris
1391 1248 1455 1287 ac
1489 1233 1838 1305 dogmatibus
1872 1251 1984 1291 non

395 1341 457 1379 ea
491 1324 647 1382 facile
673 1334 986 1392 occurrant,
1015 1339 1137 1396 quze
1178 1321 1246 1378 ad
1278 1323 1399 1380 illos
1431 1325 1757 1383 refcllendos
1790 1327 1984 1383 idonea

397 1421 527 1475 sint.

466 1509 708 1566 XXXIV.
746 1509 804 1565 In
833 1510 1025 1581 primis
1057 1511 1202 1582 quod
1235 1511 1557 1582 opinionum
1593 1526 1622 1566 a
1653 1527 1712 1568 se
1746 1510 1982 1567 invicem

399 1605 661 1660 varietate
683 1605 1041 1670 dissentiant,
1067 1606 1317 1674 alterque
1352 1605 1581 1660 alterius
1607 1603 1826 1658 decreta
1850 1619 1982 1658 con-

398 1694 601 1750 vellere
651 1711 772 1751 sese
816 1697 1157 1764 profiteatur.
1211 1672 1416 1749 deinde
1465 1693 1612 1763 quod
1667 1694 1808 1748 tales
1868 1694 1979 1748 sint
2015 1672 2053 1726 Β

399 1785 619 1842 illorum
667 1785 886 1851 fabulae,
918 1793 977 1839 ut
1024 1785 1301 1840 cohaerere
1356 1783 1508 1838 nullo
1541 1783 1702 1838 modo
1747 1783 1978 1853 possint,

397 1894 520 1932 cum
553 1893 732 1948 neque
770 1878 826 1932 in
873 1879 1050 1934 sacris
1088 1876 1340 1943 Litteris,
1386 1893 1489 1933 nec
1527 1879 1582 1932 in
1639 1877 1807 1934 Musis
1844 1878 1978 1948 lege,

398 1985 575 2039 neque
631 1970 773 2040 apud
826 1968 976 2025 Mose
1020 1969 1358 2025 recentiores
1409 1970 1706 2039 prophetas
1762 1967 1980 2024 illarum

399 2070 580 2117 exstet
615 2063 724 2116 ulla
765 2063 1000 2126 mentio;
1049 2077 1226 2130 neque
1260 2076 1290 2114 a
1325 2059 1614 2116 Salvatore
1655 2060 1979 2130 quidquam,

398 2155 482 2208 vel
515 2153 637 2222 ejus
671 2153 1047 2224 evangelistis,
1074 2159 1170 2206 aut
1202 2150 1438 2220 denique
1464 2151 1730 2220 apostolis
1756 2151 1824 2205 de
1848 2150 1983 2206 iisce

398 2246 472 2299 sit
525 2244 834 2314 proditum:
895 2258 1023 2298 nam
1092 2243 1138 2299 si
1190 2243 1411 2299 veritati
1469 2243 1560 2296 illa
1613 2251 1983 2297 consentanea

399 2336 601 2400 forent,
628 2345 775 2390 certe
809 2335 1094 2398 Dominus,
1117 2333 1211 2403 qui
1241 2332 1308 2386 ad
1337 2331 1759 2387 illuminandum
1792 2331 1982 2386 orbem

399 2437 644 2490 venerat,
674 2436 731 2482 et
765 2436 891 2482 ante
925 2427 1080 2481 illum
1111 2423 1414 2495 prepbetaa,
1449 2431 1564 2478 tum
1600 2423 1854 2493 apostoli,
1888 2423 1981 2494 qui

400 2521 664 2576 falsorum
724 2517 954 2574 deorum
1007 2516 1482 2586 superstitionem,
1533 2530 1597 2570 ac
1647 2515 1983 2586 flagitiorum

400 2612 784 2679 scelertnnque
807 2625 981 2679 genus
1004 2623 1166 2661 omne
1190 2607 1610 2677 redarguerunt,
1632 2621 1732 2660 nec
1763 2606 1984 2676 impiam

399 2719 617 2757 onmem
649 2701 1100 2769 contrariamque
1127 2698 1434 2754 doctrinam
1460 2697 1685 2766 scriptis
1714 2696 1830 2750 suis
1859 2709 1987 2764 pro-

399 2793 585 2864 ﬂigare
619 2800 748 2848 sunt
777 2790 931 2845 veriti
963 2805 980 2852 ;
1010 2788 1112 2850 illi,
1163 2788 1410 2856 inquam,
1466 2791 1653 2853 aperte
1693 2783 1852 2838 nobis
1892 2784 1986 2837 illa

401 2872 858 2951 significassent,
904 2876 1211 2946 praisertim
1261 2891 1386 2929 cum
1442 2871 1699 2927 Salvator
1749 2872 1820 2926 ita
1871 2873 1988 2942 ipse

399 2953 667 3027 dixiSset:
703 2969 922 3026 Ctt'teris
953 2968 1163 3038 quidem
1200 2968 1252 3021 in
1287 2965 1583 3036 parabolis,
1620 2964 1762 3020 vobis
1811 2974 1986 3019 autent

2083 410 2338 483 ἀληθείας
2383 415 2743 486 συγγραφέων
2800 415 3008 469 τούτων
3060 413 3295 484 λεχθεῖσί
3327 430 3388 466 τε
3423 414 3519 468 καὶ
3554 432 3676 468 συν-

2081 505 2342 575 ταχθεῖσι,
2374 507 2467 561 καὶ
2504 507 2758 578 ὁρῶντες,
2811 510 2894 562 ὅτι
2927 507 3074 562 ἄλλοι
3112 508 3476 577 πεπονήκασι,
3522 506 3676 576 φημὶ

2079 595 2136 650 δὲ
2169 596 2402 668 Κλήμης
2443 597 2538 652 καὶ
2569 599 2854 670 Εἰρηναῖος
2883 598 2980 652 καὶ
3025 597 3362 662 Ἱππόλυτος,
3401 598 3498 651 καὶ
3518 598 3674 653 ἄλλοι

2083 688 2320 753 πλείους,
2367 690 2417 742 οἳ
2471 690 2565 744 καὶ
2611 689 2940 761 θαυμαστῶς
2991 690 3088 760 τὴν
3150 690 3271 743 κατ’
3330 691 3510 744 αὐτῶν
3569 707 3676 745 πε-

2083 781 2334 850 ποίηνται
2373 781 2707 853 ἀνατροπὴν,
2744 782 2806 835 οὑ
2861 770 3002 836 πάνυ
3049 798 3100 834 τι
3129 779 3207 851 τῷ
3239 780 3473 851 καμάτῳ
3503 797 3678 851 προσο

2083 870 2277 935 θεῖναι,
2307 873 2384 936 ῶς
2419 875 2700 944 προεῖπον,
2735 872 3104 945 ἠθελήσαμεν,
3162 872 3519 936 ίκανωθέντες
3559 875 3679 936 τοῖς

2083 964 2502 1037 προειρημένοις
2530 965 2780 1036 ἀνδράσι,
2811 963 2902 1017 καὶ
2931 965 3062 1018 αὐτὸ
3089 963 3248 1017 τοῦτο
3271 963 3676 1034 διανοηθέντες,

2081 1057 2163 1111 ὅτι
2192 1056 2368 1110 ’παντὶ
2397 1056 2602 1128 συνετῷ
2633 1057 2728 1111 καὶ
2759 1055 2815 1123 ἐξ
2846 1056 3025 1110 αὐτῶν
3051 1056 3160 1109 τῶν
3181 1057 3239 1109 ὲν
3266 1059 3377 1119 τοῖς
3405 1055 3678 1125 διδάγμα-

2085 1165 2169 1202 σιν
2197 1149 2378 1204 αὐτῶν
2407 1149 2580 1218 λόγων
2609 1149 2642 1220 ἡ
2679 1148 2961 1221 ἀνατροπὴ
2995 1147 3173 1202 αὐτῶν
3207 1149 3327 1202 κατ’
3354 1146 3534 1201 αὐτῶν
3565 1163 3678 1216 φας

2083 1239 2329 1309 νησεται.

2155 1500 2274 1555 AA’.
2301 1498 2520 1571 Πρῶτον
2545 1498 2642 1570 μὲν
2663 1499 2743 1552 ἔτι
2766 1497 2998 1569 διάφορα
3020 1498 3149 1568 παρ’
3172 1497 3354 1562 αὐτοῖς
3375 1497 3443 1552 τὰ
3466 1499 3676 1570 φρονή-

2088 1608 2251 1662 ματα,
2277 1591 2371 1645 καὶ
2394 1591 2579 1661 ἕτερος
2601 1587 2670 1642 τὰ
2691 1588 2784 1642 τοῦ
2807 1589 2995 1658 ἑτέρου
3023 1587 3314 1641 καταλύειν
3335 1589 3677 1658 ἐπαγγέλλε-

2082 1699 2198 1737 ται·
2216 1683 2465 1755 δεύτερον
2483 1683 2560 1748 δὲ,
2574 1683 2656 1736 ὅτι
2676 1681 2956 1736 ἀσύστατα
2975 1680 3043 1735 τὰ
3061 1682 3190 1751 παρ’
3208 1681 3390 1744 αὐτοῖς
3411 1679 3680 1752 μυθοποι-

2083 1777 2115 1846 ἡ
2125 1792 2290 1846 ματα,
2308 1775 2432 1828 οὔτε
2457 1792 2561 1828 που
2591 1774 2813 1846 Γραφῆς
2836 1772 3116 1845 εἰπούσης,
3136 1771 3259 1827 οὔτε
3281 1773 3374 1826 τοῦ
3393 1774 3677 1839 Μωῦσέως

2082 1867 2270 1936 νόμου,
2300 1865 2423 1920 οὔτε
2455 1866 2601 1931 τινὸς
2630 1867 2912 1939 προφήτου
2941 1866 3049 1920 τῶν
3100 1865 3240 1936 μετὰ
3267 1867 3526 1932 Μωῦσέα,
3555 1868 3681 1920 ἀλλ’

2081 1956 2206 2010 οὔτε
2245 1955 2338 2010 τοῦ
2381 1958 2666 2029 Σωτῆρος,
2705 1956 2830 2010 οὔτε
2863 1956 2971 2010 τῶν
3013 1956 3180 2010 αὑτοῦ
3227 1957 3636 2026 εὐαγγελιστῶν
3660 2001 3677 2024 ,

2083 2048 2198 2102 ἀλλ’
2226 2047 2349 2102 οὔτε
2386 2049 2494 2121 μὴν
2523 2049 2631 2102 τῶν
2661 2049 2994 2104 ἀποστόλων.
3021 2050 3083 2102 Εἰ
3112 2048 3221 2121 γὰρ
3243 2050 3417 2104 ταῦτα
3441 2051 3676 2122 ἀληθινὰ

2083 2141 2350 2213 ὑπῆρχεν,
2388 2144 2418 2195 ὁ
2462 2141 2630 2196 ἐλθὼν
2663 2142 2894 2212 φωτίσαι
2933 2141 3029 2213 τὴν
3076 2143 3400 2214 οἰκουμένην
3445 2142 3676 2215 Κύριος,

2083 2231 2180 2284 καὶ
2209 2231 2314 2304 πρὸ
2346 2231 2512 2286 αὐτοῦ
2543 2232 2593 2284 οἱ
2633 2232 2931 2303 προφῆται,
2967 2229 3158 2286 ἔπειτα
3205 2232 3263 2285 δὲ
3297 2232 3391 2286 καὶ
3435 2234 3486 2285 οἱ
3531 2234 3678 2287 ἀπό-

2085 2322 2260 2377 στολοι
2304 2325 2354 2376 οἱ
2383 2323 2700 2392 ὲλέγξαντες
2743 2321 2843 2394 τὴν
2891 2322 3366 2396 είδωλολατρείαν,
3401 2324 3580 2378 πᾶσαν
3610 2342 3678 2380 τε

2084 2415 2403 2488 παράνομον
2425 2415 2646 2487 πρᾶξιν,
2671 2415 2765 2468 καὶ
2789 2415 2864 2486 μὴ
2885 2414 3253 2480 δειλιάσαντες
3275 2416 3506 2488 γράφειν
3530 2418 3680 2471 κατὰ

2085 2507 2266 2578 πάσης
2303 2508 2622 2580 παρανόμου
2657 2507 3004 2572 διδασκαλίας
3034 2508 3126 2561 καὶ
3155 2509 3549 2580 ἐναντιότητος,
3577 2527 3679 2562 σα-

2085 2598 2203 2668 φῶς
2234 2597 2300 2652 ἂν
2342 2599 2409 2652 τὰ
2447 2598 2672 2653 τοιαῦτα
2701 2599 2831 2670 ἡμῖν
2863 2597 3234 2670 κατήγγελλον
3253 2615 3266 2629 ·
3311 2600 3421 2676 καί⁸
3440 2599 3680 2671 μάλιστα

2087 2690 2250 2744 αὐτοῦ
2285 2689 2379 2744 τοῦ
2411 2691 2662 2762 Σωτῆρος
2707 2690 2980 2759 λέγοντος,
3016 2691 3100 2744 ὃτι
3134 2689 3261 2757 Τοῖς
3299 2691 3418 2760 μὲν
3443 2692 3561 2756 ἔξω
3604 2692 3682 2745 ἐν

2087 2782 2476 2851 παραϐολαῖς,
2511 2783 2654 2852 ὑμῖν
2681 2782 2750 2836 δὲ
2777 2783 2878 2849 τὰς
2904 2784 3250 2852 παραϐολὰς
3277 2786 3364 2850 εὶς
3383 2784 3680 2838 ἐπίλυσιν

2082 2875 2408 2942 ,βασιλείας
2437 2872 2712 2942 οὐρανῶν
2747 2874 2988 2943 ῥητέον.
3023 2874 3191 2938 Ὅσας
3223 2873 3352 2942 γοῦν
3397 2877 3455 2928 ὲν
3494 2875 3682 2942 Εὐαγ-

2088 2965 2290 3035 γελίοις
2316 2965 2631 3038 παραϐολὰς
2659 2966 2900 3036 εἴρηκεν,
2921 2965 3084 3030 εὐθὺς
3112 2966 3371 3029 ἐπιλύσας
3400 2966 3677 3036 φαίνεται.

399 3061 671 3132 purabola:
695 3063 763 3114 ad
795 3061 939 3131 regni
962 3058 1187 3113 cmlestis
1217 3059 1612 3112 enarrationem
1637 3056 1984 3112 edisserendas

2099 3025 2316 3129 ;Ap.é)tst
2345 3025 2439 3112 καὶ
2483 3025 2628 3121 τίςό
2669 3025 3001 3121 κόκκος-τοῦ
3040 3025 3462 3123 σινάπεωςξκαὶ
3504 3058 3590 3122 τίς
3643 3059 3680 3130 ἡ

399 3166 522 3212 sunt
550 3156 589 3208 ¹.
611 3154 883 3222 Quocirca
902 3167 1244 3223 quaecunque
1285 3151 1341 3206 in
1387 3149 1988 3222 Evangelioparabolze

398 3247 468 3303 ab
495 3261 561 3301 eo
591 3245 888 3316 proposita:
926 3250 1081 3308 sunt,
1108 3243 1295 3298 statim
1338 3243 1556 3296 illarum
1598 3256 1823 3297 sensum
1863 3255 1989 3310 ape-

400 3341 583 3398 ruisse
617 3338 856 3394 videtur.
893 3337 1058 3407 206
1086 3334 1223 3389 Nam
1254 3344 1310 3390 et
1341 3349 1574 3404 granum
1620 3332 1832 3402 sinapis
1857 3332 1987 3402 quid

401 3432 506 3487 sibi
538 3431 700 3487 vellet
731 3431 1009 3502 exposuit,
1034 3427 1168 3499 quid
1200 3426 1551 3489 fermentum,
1580 3441 1770 3496 quaeve
1794 3425 1989 3480 mulier

402 3534 550 3580 esset
578 3523 690 3586 illa,
715 3538 836 3592 quae
867 3521 920 3575 in
950 3521 1055 3573 tria
1088 3513 1282 3573 farina.-
1315 3527 1433 3572 sata
1463 3517 1788 3572 fermentum
1812 3517 1991 3570 immi-

403 3612 566 3682 serit;
599 3613 730 3685 quid
768 3614 860 3666 illa
899 3613 1048 3674 vitis,
1085 3627 1150 3666 ac
1185 3611 1361 3676 licus;
1411 3608 1540 3679 quis
1575 3609 1665 3664 ille
1693 3609 1786 3679 qui
1828 3607 1991 3663 semi-

404 3717 519 3772 nat,
568 3719 759 3775 quave
811 3703 1018 3772 Optima
1083 3702 1154 3756 sit
1200 3709 1366 3756 terra.
1411 3700 1596 3770 Itaque
1645 3698 1854 3754 frustra
1909 3697 1988 3753 illi

402 3815 549 3855 caeco
573 3797 840 3854 daemonis
870 3797 1078 3866 impetu
1110 3793 1312 3848 conciti
1343 3792 1667 3862 rapiuntur;
1695 3793 1761 3846 de
1789 3789 1989 3861 quibus

405 3892 604 3947 tnerito
653 3899 879 3944 sanctus
928 3887 1132 3942 Paulus
1182 3886 1255 3940 ita
1304 3885 1548 3956 loquitur
1588 3902 1600 3937 :
1669 3881 1988 3937 Novissimis

400 3985 720 4054 temporibus
756 3989 988 4037 averterit
1017 3996 1070 4034 se
1104 3979 1320 4049 quidam
1356 3995 1389 4030 a
1415 3977 1682 4039 doctrina,
1718 3976 1989 4029 intenden-

399 4090 477 4134 tes
505 4077 705 4148 fabulis
745 4085 793 4130 et
828 4073 1086 4127 doctrinis
1131 4071 1430 4138 dieinonum
1455 4070 1498 4120 ‘.
1527 4066 1628 4121 Cui
1658 4077 1712 4122 et
1748 4064 1990 4120 Iacobus

398 4171 758 4240 astipulatur,
804 4167 871 4222 de
911 4163 1186 4235 ejusmodi
1222 4161 1574 4233 dogmatibus
1613 4161 1688 4214 ita
1726 4160 1985 4229 loquens:

402 4261 532 4317 Non
569 4271 646 4316 est
686 4261 827 4315 enim
868 4259 973 4313 ista
1016 4256 1278 4326 sapientia
1323 4255 1602 4308 desursum
1636 4249 1990 4317 descendens;

2089 3150 2235 3222 ζύμη
2259 3167 2271 3178 ·
2309 3151 2402 3204 καὶ
2431 3149 2514 3213 τίς
2546 3149 2784 3220 βαλοῦσα
2808 3152 2908 3222 τὴν
2943 3147 3123 3222 ζύμην
3145 3151 3225 3214 εἰς
3253 3149 3324 3202 τὰ
3355 3150 3482 3222 τρία
3513 3136 3677 3215 σάτα,

2087 3244 2170 3307 τίς
2203 3245 2231 3296 ό
2282 3241 2576 3315 ἀμπελὼν,
2618 3241 2703 3306 τίς
2737 3245 2772 3316 ή
2823 3243 2994 3314 συκῆ,
3035 3243 3120 3306 τίς
3155 3243 3184 3294 ὁ
3215 3243 3470 3314 σπορεὺς,
3522 3242 3607 3306 τίς
3645 3245 3681 3315 ἡ

2090 3335 2350 3407 καλλίστη
2393 3335 2488 3406 γῆ.
2543 3336 2653 3388 Καὶ
2701 3336 2878 3407 μάτην
2933 3329 3083 3389 οὗτοι
3133 3334 3517 3389 ὲνθουσιῶνται
3570 3335 3684 3388 ὑπὸ

2088 3427 2359 3498 δαιμόνων
2393 3427 2741 3498 ἐλαυνόμενοι
2761 3445 2775 3460 ·
2829 3428 2960 3499 περὶ
2989 3421 3064 3482 ὧν
3103 3444 3269 3498 φησιν
3300 3429 3329 3482 ὁ
3371 3427 3684 3496 ἁγιώτατος

2089 3516 2386 3582 ἀπόστολος
2421 3517 2632 3583 Παῦλος
2653 3536 2666 3549 ⁸
2700 3521 2805 3574 Ἐν
2830 3518 3114 3588 ὑστέροις
3146 3519 3374 3589 καιροῖς
3411 3520 3676 3586 ἀποστήο

2089 3609 2303 3674 σονταί
2334 3627 2492 3675 τινες
2524 3609 2636 3680 τῆς
2670 3610 3091 3678 διδασκαλίας,
3130 3611 3539 3682 προσέχοντες
3561 3615 3682 3682 μύ-

2091 3701 2216 3765 θοις
2267 3699 2366 3754 καὶ
2421 3699 2842 3768 διδασκαλίαις
2891 3701 3211 3772 δαιμόνων.
3269 3703 3382 3756 Καὶ
3428 3703 3592 3757 πάλιν
3652 3703 3684 3756 ὁ

2091 3791 2245 3860 ἆγιος
2287 3791 2544 3856 Ἰάκωϐος
2595 3793 2770 3863 λέγων
2819 3795 2949 3867 περὶ
2993 3795 3092 3864 τῆς
3139 3794 3393 3865 τοιαύτης
3432 3793 3685 3850 διδασκα-

2091 3884 2231 3950 λίας,
2268 3885 2350 3938 ὅτι
2377 3888 2499 3940 Οὐκ
2532 3886 2704 3940 ἔστιν
2736 3886 2967 3943 ἄνωθεν
2997 3887 3035 3954 ἡ
3076 3887 3230 3956 αὐτὴ
3260 3887 3449 3957 σοφία
3467 3903 3681 3956 κατερ·

2091 3979 2344 4050 χομένη,
2381 3981 2520 4035 ἀλλ’
2546 3981 2829 4052 ἐπίγειος,
2864 3980 3125 4050 ψυχικὴ,
3153 3979 3564 4050 δαιμονιώδης.
3611 3978 3683 4036 Ἶι

2091 4071 2159 4125 δὲ
2196 4073 2424 4128 ἄνωθεν
2441 4074 2628 4143 σοφία
2672 4074 2908 4142 πρῶτον
2927 4074 3044 4142 μὲν
3081 4073 3234 4144 ἁγνή
3257 4075 3444 4135 ἐστιν,
3472 4074 3685 4127 ἔπειτα

2091 4162 2398 4231 εἰρηνικὴ,
2449 4163 2760 4232 εὐπειθὴς,
2803 4165 3165 4234 ἀδιάκριτος,
3203 4163 3399 4234 μεστὴ
3443 4164 3681 4230 ἐλέους,

2093 4255 2190 4308 καὶ
2237 4254 2484 4324 καρπῶν
2515 4255 2787 4326 ἀγαθῶν,
2831 4257 2925 4312 καὶ
2971 4257 3040 4311 τὰ
3095 4258 3243 4326 ἑξῆς.
3273 4251 3380 4320 Ἦς
3431 4256 3551 4309 οὐδὲ
3599 4253 3684 4320 εἷς

342 4415 350 4422 _
406 4353 496 4406 sed
529 4361 758 4412 terrena,
793 4349 1066 4414 animalis,
1096 4347 1383 4401 diabolica.
1430 4344 1562 4412 Qua:
1592 4353 1769 4398 autem
1799 4342 1984 4397 desur-

2093 4346 2307 4418 καρπὸς
2345 4350 2402 4401 ὲν
2442 4350 2558 4412 τοῖς
2602 4350 3022 4421 προειρημένοις
3052 4351 3385 4422 εὑρίσκεται.
3419 4350 3555 4422 Παρ’
3585 4351 3683 4403 αὖα

406 4456 523 4494 sunt
544 4448 621 4492 est
651 4439 912 4507 sapientia
937 4439 1166 4506 primum
1198 4435 1412 4506 quidem
1435 4432 1631 4502 pudica
1662 4441 1763 4494 est,
1799 4431 1987 4487 deinde

410 4529 648 4604 paci/ica,
681 4528 941 4592 modesta,
962 4527 1267 4590 suadibilis,
1292 4527 1440 4580 bonis
1469 4524 1987 4593 consentiens,plena

414 4623 775 4677 misericordia
837 4631 887 4675 et
950 4619 1210 4690 fructibus
1257 4619 1410 4671 bonis
1441 4618 1496 4682 ³,
1539 4625 1668 4679 etc.,
1722 4619 1882 4686 cujus
1919 4633 1989 4672 ne

410 4712 670 4767 miniatus
723 4711 944 4780 quidem
999 4710 1053 4763 in
1106 4707 1191 4764 his
1243 4722 1382 4776 quos
1441 4707 1991 4764 commemoravimus

409 4802 622 4857 fructus
677 4802 944 4857 cernitur.
991 4801 1205 4871 Quippe
1254 4799 1399 4870 apud
1453 4799 1577 4855 illos
1623 4799 1991 4856 inconstantia

403 4911 472 4950 ac
515 4895 725 4953 nefaria
769 4896 954 4951 omnia
1006 4895 1285 4959 facinora,
1339 4893 1762 4963 daamonumque
1807 4892 1989 4958 fetus,

2093 4443 2205 4503 τοῖς
2231 4440 2341 4511 γὰρ
2371 4439 2772 4504 ἀκαταστασία,
2806 4441 2902 4494 καὶ
2937 4442 3045 4495 πᾶν
3084 4441 3396 4513 παράνομον
3423 4442 3684 4512 πρᾶγμα,

2094 4530 2362 4600 δαιμόνων
2410 4547 2470 4583 τε
2501 4532 2787 4602 κυήματα,
2836 4535 2930 4587 καὶ
2977 4535 3292 4606 συρίγματα
3333 4532 3684 4605 δρακόντων,

2095 4621 2284 4678 ἄλλοτε
2329 4623 2506 4688 ἄλλως
2541 4625 2637 4678 καὶ
2671 4624 2810 4698 ,ἄλλο
2867 4626 3099 4680 ἑκάστου
3143 4626 3322 4680 αὐτῶν
3368 4625 3682 4692 λαλοῦντος.

2097 4713 2234 4784 Παρ⁸
2266 4707 2346 4778 οἷς
2377 4713 2478 4768 οὐκ
2511 4715 2680 4780 ἔλεος,
2705 4717 2806 4770 οὐκ
2831 4715 3009 4783 οἶκτος
3034 4719 3372 4791 εὑρίσκεται,
3403 4719 3542 4772 ἀλλὰ
3566 4718 3682 4773 51a-

2098 4804 2308 4876 κρίσεις
2338 4806 2435 4861 καὶ
2459 4807 2737 4880 διαφοραὶ,
2779 4808 2876 4862 καὶ
2904 4809 3141 4880 οὐδαμοῦ
3170 4811 3402 4878 ἁγνεῖαι,
3438 4809 3684 4880 οὐδαμοῦ

2098 4897 2313 4968 εἰρήνη,
2354 4899 2592 4970 οὐδαμοῦ
2624 4901 2914 4955 ἐπιείκεια.

404 4997 461 5045 et
489 4998 802 5061 serpentum
839 4991 984 5046 sibili
1026 4989 1395 5061 reperiuntur.
1429 4987 1602 5042 Aliter
1627 4986 1750 5042 aliis
1778 4990 2140 5060 temporibus,
2176 4999 2343 5063 atque
2371 4994 2521 5049 aliud
2573 4995 2955 5065 unusquisque
3008 4995 3290 5065 praedicat.
3353 4994 3513 5049 Nulla
3575 4996 3695 5051 illic

409 5079 815 5144 misericordia,
884 5081 969 5136 vel
1010 5079 1336 5145 clementia,
1383 5078 1481 5134 sed
1525 5077 1902 5136 dissensiones
1953 5095 2019 5136 ac
2057 5081 2380 5151 discordiis;
2424 5087 2575 5141 nulla
2631 5102 2862 5158 usquam
2911 5088 3273 5152 castimonia,
3320 5088 3472 5142 nulla
3543 5102 3687 5159 pax,

411 5173 637 5244 Bqttitas
669 5174 838 5228 animi
872 5175 1045 5229 nulla.
1918 5230 1920 5232 ,

483 5264 699 5322 XXXV.
717 5267 795 5322 Ac
813 5268 944 5322 mihi
964 5284 1098 5323 sane
1114 5269 1268 5334 libet,
1285 5269 1544 5339 quoniam
1559 5268 1626 5323 ad
1647 5268 1697 5324 id
1718 5269 1992 5324 sermonis

409 5364 463 5410 et
481 5360 784 5426 argumenti
807 5374 894 5413 me
912 5361 1215 5415 necessitas
1235 5361 1482 5430 impellit,
1501 5361 1715 5416 tametsi
1741 5361 1902 5417 finem
1921 5361 1996 5414 fa-

411 5458 538 5501 cere
557 5447 972 5514 constitueram,
996 5465 1166 5519 pauca
1181 5465 1246 5506 ex
1272 5450 1490 5506 illorum
1505 5451 1742 5506 decretis
1763 5451 1828 5504 ad
1846 5449 1988 5506 refu-

489 5608 506 5639 ⁸
534 5607 665 5664 Luc.
703 5624 820 5670 vin,
866 5610 942 5664 l0.
1025 5611 1230 5666 'l'fim
1279 5629 1352 5672 tv.
1387 5612 1432 5667 Ι.
1516 5609 1673 5667 3Jac.
1703 5627 1786 5672 Ill.
1823 5609 2000 5667 lii-l7.

2164 5268 2290 5324 ΑΒ.
2333 5270 2605 5341 Βούλομαι
2650 5269 2706 5324 δὲ
2752 5271 2912 5324 πάλιν
2965 5270 3412 5340 ἀναγκαζόμενος
3454 5272 3562 5326 ὑπὸ
3595 5278 3693 5331 τοῦ

2093 5359 2280 5429 λόγου,
2317 5362 2364 5414 εἰ
2397 5361 2489 5414 καὶ
2541 5360 2854 5415 παύσασθαι
2898 5361 3248 5433 ὑπεσχόμην,
3299 5361 3501 5431 ὀλίγων
3556 5365 3692 5438 παρ’

2097 5451 2279 5517 αὐτοῖς
2323 5449 2630 5524 εἰρημένων
2668 5453 3048 5532 μνημονεύσας
3093 5453 3416 5526 ἀνατρέψαι.
3456 5456 3536 5511 υύ
3583 5459 3700 5529 γὰρ
