3980 6086
242 137 339 194 541

983 138 1354 196 ADVERSUS
1393 139 1739 197 ΙιΑειιΕεεδ
1776 141 1906 200 LIB.
1948 144 1968 197 Ι
2008 143 2172 200 ΤΟΜ.
2215 145 2278 200 ll.
2322 177 2390 186 -—
2428 142 2709 203 HERES.
2744 147 2937 202 XXXI.

3398 147 3506 203 542

243 257 335 310 τοῦ
367 254 508 309 κατά
535 255 728 328 τέχνην
761 273 850 327 μοι
887 255 1045 326 λόγου
1080 261 1252 329 μέλει,
1297 258 1433 314 ἀλλὰ
1463 263 1564 331 τῆς
1603 259 1709 315 τῶν
1739 262 1828 316 ἐν·

1938 263 2158 319 tandum
2189 264 2438 335 seligere.
2463 265 2648 338 Neque
2676 268 2822 323 enim
2851 265 3118 323 orationis
3136 266 3385 331 artiﬂcio,
3407 267 3504 324 sed

243 347 619 420 τυγχανόντων
651 346 939 416 ὠφελείας.
989 348 1221 416 Λέγουσι
1252 349 1451 418 τοίνυν,
1501 351 1584 404 ὅτι
1614 351 1643 402 6
1671 350 1825 406 δωδέ-

246 457 408 503 κατος
430 437 573 492 Λὶὼν
606 440 634 492 6
660 442 719 492 ἐν
746 439 1086 510 ὑστερήματι
1112 440 1402 511 γενόμενος
1433 441 1711 505 παντελῶς
1732 443 1826 495 τοῦ

244 530 482 603 ἀριθμοῦ
519 530 627 584 τῶν
668 529 875 584 δώδεκα
898 529 1153 596 ἐξέπεσε,
1183 532 1278 584 καὶ
1310 531 1610 586 ἀπόλλυται
1651 534 1678 585 6
1708 532 1829 602 ἀρι-

245 624 378 694 θμὸς
407 620 787 686 ό,δωδέκατος.
821 620 991 676 Τοῦτο
1025 622 1083 675 δέ
1125 640 1256 692 φασι
1280 624 1607 693 γεγενῆσθαι
1632 623 1710 694 τῷ
1738 624 1827 677 τὸν

260 717 458 770 Ἰούδαν
486 715 616 769 ὄντα
643 715 943 768 δωδέκατον
971 715 1406 780 ἐκπεπτωκέναι,
1437 718 1532 770 καὶ
1564 715 1708 769 οὕτω
1734 719 1829 770 τὸν

243 809 544 863 δωδέκατον
575 806 807 879 ἀριθμὸν
843 806 1157 877 ἠφανίσθαι.
1203 808 1434 879 Ὁμοίως
1463 808 1521 862 δέ
1562 809 1656 862 καὶ
1699 807 1829 878 περὶ

244 899 344 968 τῆς
375 897 802 971 αἱμορῤοούσης,
844 899 940 950 καὶ
981 899 1082 969 τῆς
1118 897 1216 969 τὴν
1245 898 1373 968 μίαν
1423 898 1674 971 δραχμὴν
1720 897 1828 952 ἀπὸ

243 990 352 1044 τῶν
385 989 518 1043 δέκα
560 989 818 1061 δραχμῶν
865 988 1228 1060 ἀπολεσάσης.
1285 989 1570 1044 Δείκνυται
1619 989 1704 1053 δὲ,
1746 990 1827 1042 δτι

167 1115 184 1128 ο
242 1079 364 1134 οὔτε
394 1081 422 1133 6
454 1079 752 1142 δωδέκατος
778 1078 922 1133 Αίὼν
965 1079 1255 1151 πρόσωπον
1286 1081 1458 1135 Ἰούδα
1491 1079 1636 1150 ἐχειν
1672 1080 1829 1151 δυνή-

246 1189 420 1236 σεται,
458 1172 532 1236 ὡς
557 1171 635 1242 τῷ
671 1171 960 1240 ἁγιωτάτῳ
988 1172 1264 1243 Εἰρηναίῳ
1298 1172 1658 1243 προείρηται·
1689 1172 1826 1226 Ἰού-

242 1262 338 1325 δας
375 1262 474 1332 μὲν
506 1259 614 1332 γὰρ
646 1258 924 1322 παντελῶς
949 1259 1224 1314 ἀπόλωλεν
1247 1277 1260 1290 ·
1295 1262 1324 1313 6
1350 1260 1650 1326 δωδέκατος
1675 1262 1823 1330 λεγό-

246 1370 408 1425 μενος
444 1350 590 1404 Αίὼν
639 1351 880 1404 κατὰτὸ
923 1351 1102 1404 αὐτῶν
1143 1351 1368 1422 πλάσμα
1400 1353 1501 1406 ούκ
1547 1353 1825 1424 ἐκενώθηθ

242 1443 376 1514 ἔστη
407 1443 516 1514 γάρ
545 1441 775 1496 ἐνώπιον
813 1441 980 1496 αὑτοῦ
1017 1442 1046 1494 6
1071 1444 1457 1512 Μεταγωγεὺς,
1487 1444 1521 1516 ἢ
1548 1447 1576 1498 6
1611 1446 1827 1516 '0900é-

241 1552 363 1606 της,
393 1537 572 1606 φήσας
603 1536 738 1607 πρὸς
781 1535 966 1600 αὐτὸν,
1006 1533 1196 1590 Ἰαώτσ
1234 1535 1499 1599 ὡσαύτως
1542 1537 1698 1606 φασὶ,
1735 1539 1828 1592 καὶ

1935 357 2204 412 lectorum
2239 357 2462 412 utilitati
2496 359 2626 412 mihi
2659 359 3006 414 serviendum
3037 359 3295 414 arbitror.
3340 359 3508 415 Aiunt

1931 449 2103 519 igitur
2133 449 2516 508 duodecimum
2550 450 2806 516 (Eonem,
2830 468 2954 508 cum
2979 451 3292 516 defecisset,
3313 468 3342 506 a
3372 453 3509 508 duo-

1933 539 2160 595 denario
2215 541 2310 595 illo
2355 556 2588 596 numero
2635 544 2854 612 penitus
2899 544 3190 608 excidisse,
3227 555 3390 615 atque
3432 547 3508 600 ita

1933 627 2322 684 duodecimum
2376 630 2523 686 hunc
2561 647 2846 688 numerum
2880 649 3004 688 esse
3050 635 3347 690 sublatum.
3391 632 3508 689 Hoc

1931 713 2114 773 autem
2149 728 2262 774 tum
2291 721 2608 792 contigisse,
2627 737 2752 777 cum
2781 721 2950 780 Judas
2977 726 3348 795 apostolorum
3378 725 3510 780 duo-

1934 806 2184 864 decimus
2207 810 2468 867 exclusus
2491 818 2606 876 est;
2639 812 2828 882 sicque
2861 813 3214 871 duodecimus
3243 830 3507 870 numerus

1932 897 2023 952 ille
2060 899 2241 969 periit.
2286 898 2550 956 Similiter
2580 908 2634 956 et
2663 903 2718 957 in
2752 903 2978 959 muliere
3006 905 3118 968 illa,
3145 920 3265 975 quae
3292 905 3508 976 sangui-

1931 987 2018 1043 nis
2056 986 2322 1056 proﬂuvio
2364 989 2671 1057 laborabat,
2702 1001 2756 1047 et
2810 992 2864 1046 in
2904 993 3032 1056 alia,
3066 1009 3187 1064 qua:
3213 995 3398 1050 decem
3437 1011 3505 1051 ex

1931 1079 2230 1144 drachmis,
2250 1095 2413 1135 unam
2439 1082 2772 1152 perdiderat.
2795 1084 2960 1154 Atqui
2976 1085 3340 1140 demonstrari
3372 1087 3504 1142 illud

1930 1178 2131 1242 potest,
2167 1171 2399 1230 Aﬁouem
2434 1174 2588 1229 illum
2623 1175 3006 1232 duodecimum
3033 1177 3187 1233 Iudae
3217 1193 3506 1248 personam

1934 1264 2160 1320 minime
2215 1281 2379 1337 posse
2435 1268 2745 1333 sustinere;
2799 1271 3000 1325 etenim
3044 1269 3214 1327 Judas
3261 1272 3508 1326 funditus

1931 1355 2130 1425 periit;
2165 1357 2526 1416 duodecimus
2584 1369 2764 1416 autem
2808 1367 2954 1417 Λεοη
2999 1363 3108 1428 ille,
3151 1363 3236 1418 vel
3277 1372 3335 1417 ut
3379 1364 3512 1433 ipsi-

1929 1454 2040 1502 met
2073 1447 2212 1504 ﬁctis
2244 1449 2381 1505 iisce
2420 1450 2622 1507 fabulis
2655 1452 2877 1519 docent,
2918 1469 3028 1508 non
3062 1454 3280 1524 penitus
3303 1455 3512 1508 exstin-

1930 1545 2053 1593 ctus
2083 1547 2190 1594 est.
2226 1537 2389 1595 Stetit
2421 1541 2588 1608 enim,
2613 1543 2789 1610 aiunt,
2825 1558 2893 1598 ex
2926 1543 3047 1613 ejus
3076 1543 3308 1599 adverso
3338 1543 3509 1598 Meta-

242 1626 416 1690 οὖτως
441 1625 748 1697 ἐστερεώθη
767 1642 779 1654 ·
815 1625 940 1680 οὕτε
971 1627 1003 1697 ἡ
1026 1625 1234 1680 δώδεκα
1261 1626 1438 1680 ἐτεσιν
1461 1628 1830 1699 αἱμορροοῦσα

1938 1644 2160 1698 gugeus,
2197 1629 2304 1684 hoc
2335 1639 2421 1686 est
2454 1631 2757 1696 traductor,
2788 1634 2882 1702 qui
2916 1643 2970 1688 et
3020 1633 3341 1697 Horothcta,
3396 1635 3510 1689 sive

241 1716 321 1786 τῷ
361 1715 540 1770 αὐτῶν
582 1715 820 1787 δράματι
866 1717 1296 1787 ὁμοιωθήσεται·
1335 1716 1511 1789 ἐσώθη
1547 1718 1654 1789 γάρ
1687 1719 1827 1790 μετά

241 1807 452 1861 δώδεκα
495 1806 612 1877 ἐτη,
640 1808 697 1859 ἐν
727 1801 808 1869 οἷς
848 1807 925 1879 τῷ
960 1807 1150 1877 αἵματι
1178 1806 1280 1877 τῆς
1315 1807 1523 1878 ῥύσεως
1565 1809 1823 1881 ἐφέρετοο

242 1899 443 1970 οὐγὰρ
485 1899 542 1950 ἐν
589 1901 704 1962 τοῖς
735 1898 927 1953 ἕνδεκα
980 1899 1154 1953 ἐτεσιν
1193 1898 1410 1972 ἀπαθὴς
1439 1900 1683 1968 διετέλει,
1731 1903 1826 1957 καὶ

243 1989 302 2040 ἐν
344 1986 423 2059 τῷ
469 1986 756 2058 δωδεκάτῳ
801 1986 858 2042 δὲ
906 1987 1207 2041 σέσωσται*
1272 1986 1396 2041 οὔτε
1445 1991 1479 2060 ἡ
1537 1988 1635 2054 τάς
1695 1990 1827 2044 δέκα

241 2079 493 2151 δραχμὰς
521 2080 835 2152 κεκτημένη
861 2080 1112 2138 ἀπώλεσε
1137 2080 1235 2153 τὴν
1268 2081 1396 2152 μίαν
1424 2083 1505 2146 είς
1533 2082 1705 2150 τέλος,
1741 2083 1828 2136 ἵνα

242 2175 271 2226 6
300 2171 447 2226 Δίὼν
484 2173 581 2243 τῆς
615 2171 748 2243 ὕλης
777 2170 1074 2234 ἀπολωλὼς
1106 2171 1408 2243 μυθεύηται
1447 2174 1579 2246 παρ’
1618 2174 1824 2238 αὐτοῖς.

243 2262 390 2338 Ἦψε
416 2267 528 2339 γάρ
554 2269 647 2322 τὸν
671 2268 884 2338 λύχνον,
909 2265 1004 2320 καὶ
1039 2262 1172 2338 ηὗρε
1201 2266 1298 2338 τὴν
1330 2267 1604 2338 δραχμήν.

1937 1716 2205 1774 Deﬂnitor
2236 1718 2460 1784 dicitur,
2505 1731 2558 1776 et
2606 1721 2674 1775 ad
2719 1737 2845 1776 eum
2876 1721 3000 1776 Jaot
3033 1723 3355 1788 inclamans,
3407 1724 3512 1778 hac

1933 1809 2090 1864 illum
2118 1825 2251 1866 voce
2299 1811 2557 1867 ﬁrmavit.
2587 1809 2774 1884 Neque
2820 1829 2952 1868 vero
2986 1812 3370 1869 duodecimum
3397 1814 3510 1885 jam

1934 1916 2137 1956 annum
2171 1903 2438 1972 sanguine
2471 1902 2651 1960 ﬂuens
2681 1905 2878 1960 mulier
2907 1905 2976 1960 ad
3005 1905 3237 1962 istorum
3272 1905 3514 1960 fabulam

1933 1995 2221 2062 convenit;
2263 2011 2383 2064 qua?
2414 2005 2660 2052 vertente
2707 1997 2926 2054 demum
2966 2013 3112 2053 anno
3159 1997 3510 2060 duodecimo,

1931 2093 2226 2155 postquam
2288 2092 2404 2141 toto
2454 2087 2552 2142 illo
2595 2094 2839 2158 tempore
2896 2087 3167 2158 proﬂuvio
3225 2086 3514 2157 sanguinis

1931 2177 2268 2244 laborasset,
2329 2187 2554 2248 repente
2608 2179 2920 2236 consanuit.
2974 2179 3135 2248 207
3193 2176 3312 2231 Non
3365 2176 3512 2230 enim

1931 2270 2190 2327 undecim
2230 2273 2391 2328 annis
2438 2286 2636 2342 expers
2686 2272 2886 2337 morbi,
2929 2271 3255 2327 duodecimo
3287 2268 3512 2324 demunt

243 2363 536 2417 sanitatem
595 2362 852 2416 obtinuit.
908 2363 989 2416 Ac
1044 2376 1220 2431 neque
1278 2362 1476 2417 mulier
1527 2361 1659 2426 illa,
1709 2377 1832 2432 qua;
1869 2363 2042 2423 denas
2110 2367 2410 2424 drachmas
2445 2367 2698 2434 habebat,
2757 2383 2923 2422 unam
2955 2383 3019 2422 ex
3061 2366 3130 2423 iis
3169 2364 3355 2421 amisit
3389 2378 3512 2418 om-

246 2457 398 2520 nino,
431 2472 542 2526 quo
569 2455 979 2513 commentitius
1012 2457 1100 2512 ille
1133 2471 1198 2511 ac
1242 2457 1484 2521 materia:
1528 2465 1827 2513 concretus
1867 2457 2010 2513 ᾹΞοιι
2077 2468 2341 2518 constare
2379 2464 2579 2532 possit.
2619 2462 2883 2518 Accendit
2945 2462 3090 2516 enim
3127 2461 3430 2524 lucernam,
3458 2467 3515 2515 et

243 2547 563 2605 drachmam
597 2550 824 2620 reperit.

312 2643 456 2708 AC’.
500 2641 596 2694 Ἐκ
631 2641 812 2694 τοίνυν
845 2639 950 2694 τῶν
991 2639 1084 2694 δύο
1129 2640 1302 2710 λόγων
1345 2639 1548 2694 τούτων
1590 2640 1622 2712 ἢ
1661 2640 1830 2713 τριῶν

243 2733 312 2786 τά
343 2733 524 2787 πάντα
565 2731 746 2786 αὐτῶν
788 2731 949 2794 εὐθὺς
983 2731 1305 2802 ἐλεγχθέντα
1341 2729 1829 2802 καταλειφθήσεται

243 2825 810 2897 δραματουργήματα,
855 2823 950 2877 καὶ
995 2823 1222 2894 ἀδρανῆ,
1259 2823 1355 2876 καὶ
1391 2822 1536 2876 ἐωλα
1571 2824 1682 2886 τοῖς
1727 2821 1828 2892 τῆς

2012 2637 2254 2694 XXXVI.
2288 2639 2656 2706 Quamobrem
2683 2639 2902 2696 duobus
2932 2639 3083 2696 hisce
3117 2639 3365 2696 tribusve
3391 2656 3515 2697 vero

1941 2730 2025 2786 bis
2064 2731 2285 2785 illorum
2311 2731 2569 2788 discussa
2600 2731 2816 2787 somnia
2846 2746 3011 2802 quam
3045 2732 3234 2802 putida
3265 2740 3319 2787 et
3351 2733 3516 2789 imbe-

1935 2824 2062 2878 cilla
2107 2822 2237 2887 sint,
2302 2822 2460 2878 facile
2514 2823 2754 2895 prudens
2799 2823 3059 2893 quilibet,
3093 2831 3147 2878 et
3197 2832 3401 2879 sanctae
3451 2839 3516 2880 ac

246 2916 564 2987 φρονήσεως
589 2917 724 2977 υἱοῖς
753 2915 845 2968 καὶ
876 2914 1086 2978 τέκνοις
1117 2916 1229 2976 τοῖς
1251 2914 1350 2985 τῆς
1379 2913 1538 2982 ἁγίας
1571 2911 1664 2966 τοῦ
1691 2912 1825 2967 Θεοῦ

1938 2914 2224 2970 catholicae
2274 2913 2370 2970 Dei
2418 2914 2678 2971 Ecclesiae
2729 2915 2875 2971 ﬂlius
2923 2916 3341 2972 animadvertet.
3391 2914 3514 2970 Jam

247 3007 543 3078 καθολικῆς
567 3004 913 3077 Ἐκκλησίας.
944 3006 1064 3058 Ἵνα
1095 3005 1205 3077 γάρ
1239 3004 1314 3076 μὴ
1345 3004 1484 3058 κατά
1513 3003 1620 3058 τῶν
1651 3004 1832 3059 αὐτῶν

247 3100 552 3174 φερόμενος
567 3100 646 3161 είς
673 3099 844 3169 μῆκος
865 3097 1090 3168 ἄπειρον
1116 3097 1292 3151 ἐλάσω
1313 3097 1410 3168 τὴν
1432 3096 1832 3167 πραγματείαν,

247 3193 352 3255 ἕως
385 3190 487 3260 τῆς
526 3188 758 3242 ἐνταῦθα
796 3189 1125 3260 ὑφηγήσεως
1169 3188 1534 3259 ποιησάμενος
1569 3188 1668 3257 τὴν
1703 3187 1836 3240 ὑπό-

253 3300 472 3354 μνησιν,
504 3283 598 3336 καὶ
622 3279 829 3344 ἐπιθεὶς
859 3281 1032 3352 πέρας
1062 3283 1127 3351 τῇ
1155 3279 1393 3354 τοσαύτῃ
1417 3278 1594 3333 αὐτῶν
1629 3278 1836 3350 μοχθη-

255 3375 382 3446 ρία,
416 3375 512 3426 ἐπὶ
552 3373 654 3439 τὰς
705 3372 832 3444 ἐξῆς
872 3371 1188 3442 βαδιοῦμαι,
1235 3371 1365 3425 Θεὸν
1411 3370 1838 3441 ἐπικαλούμενος

256 3465 452 3536 όδηγόν
471 3482 532 3518 τε
559 3465 654 3518 καὶ⁵
685 3464 977 3537 ἐπίκουρον
1015 3463 1114 3534 τῆς
1145 3461 1302 3534 ήμῶν
1343 3461 1649 3527 ἀσθενείας,
1679 3463 1759 3526 είς
1777 3461 1840 3515 τὸ

255 3557 504 3628 σωθῆναι
519 3559 627 3611 ἀπὸ
659 3556 859 3628 ταύτης
877 3557 968 3610 καὶ
990 3555 1097 3608 τῶν
1119 3555 1531 3627 προειρημένων
1550 3554 1836 3628 αἱρέσεων,

255 3649 347 3702 καὶ
371 3649 484 3702 τῶν
511 3647 818 3720 μελλουσῶν
839 3646 1255 3702 ἀναδείκνυσθαι
1269 3649 1382 3710 τοῖς
1403 3645 1726 3716 φιλολόγοις,
1745 3647 1840 3700 καὶ

258 3741 604 3812 βουλομένοις
629 3741 696 3794 τά
721 3740 926 3811 ἀκριϐῆ
950 3739 1147 3793 εἰδέναι
1167 3739 1274 3792 τῶν
1306 3740 1363 3791 ἐν
1388 3736 1468 3808 τῷ
1483 3737 1670 3809 κόσμῳ
1689 3755 1841 3791 κενο-

257 3833 474 3904 φωνιῶν
511 3850 570 3887 τε
621 3834 716 3886 καὶ
767 3834 1083 3888 ἀσυστάτων
1131 3831 1438 3902 δογμάτων.
1473 3831 1568 3892 Εἰς
1614 3828 1839 3892 πολλοὺς

254 3927 361 3998 γάρ
392 3921 550 3989 οὗτος
576 3927 674 3998 τὴν
707 3925 900 3980 ἑαυτοῦ
928 3924 1301 3996 όνειροπολίαν
1327 3922 1675 3994 ἐπισπείρας,
1704 3922 1842 3975 Γνω-

257 4020 438 4073 στικὸν
469 4019 663 4074 ἑαυτὸν
692 4019 931 4082 καλέσας
950 4057 966 4082 ,
1000 4017 1228 4080 πολλοὺς
1247 4057 1261 4081 ,
1315 4017 1391 4080 ὡς
1424 4017 1630 4082 εἰπεῖν,
1675 4031 1838 4086 σκορ-

258 4106 412 4171 πίους
436 4105 515 4170 ὡς
560 4105 689 4176 μίαν
737 4105 926 4159 ἅλυσιν
957 4104 1269 4177 συνέδησεν,
1305 4105 1382 4168 ώς
1429 4106 1462 4175 ή
1507 4104 1712 4158 παλαιά
1749 4104 1842 4158 καὶ

253 4198 495 4270 ἐναργὴς
554 4197 840 4272 παραδολὴ
891 4199 1161 4270 ὑπάρχει,
1212 4198 1328 4262 ὅτι,
1379 4196 1569 4252 ἅλυσίν
1613 4213 1736 4249 τινα
1790 4197 1842 4250 οἱ

1936 3008 2082 3064 enim
2115 3007 2326 3062 veritus
2371 3022 2493 3078 ego,
2541 3023 2610 3063 ne
2661 3008 2708 3062 si
2748 3007 2998 3077 pluribus
3047 3010 3102 3062 in
3142 3023 3263 3063 eam
3307 3017 3516 3064 sectam

1937 3100 2185 3154 invectus
2224 3097 2403 3164 fuero,
2437 3099 2492 3153 in
2526 3098 2802 3153 inﬁnitum
2836 3098 2992 3154 abeat
3035 3101 3234 3165 oratio,
3267 3100 3336 3154 ad
3371 3101 3517 3154 hunc

1938 3207 2114 3262 usque
2150 3192 2332 3247 locum
2383 3205 2708 3262 progressus
2759 3191 2979 3245 modum
3029 3190 3302 3246 adhibebo
3350 3189 3518 3246 refel-

1937 3282 2111 3338 lendae
2145 3283 2364 3338 illorum
2399 3281 2682 3352 nequitiae,
2714 3297 2910 3352 meque
2957 3281 3025 3336 ad
3063 3290 3291 3337 caeteras
3325 3282 3518 3337 redar-

1937 3374 2186 3444 guendas
2218 3372 2520 3428 conferam.
2560 3372 2667 3428 Sed
2720 3374 2954 3443 primum
2991 3373 3091 3428 viae
3122 3374 3254 3428 mihi
3297 3373 3514 3437 ducem,

1938 3475 1994 3520 et
2025 3465 2424 3520 imbecillitatis
2473 3463 2783 3536 adjutorem
2827 3481 2964 3522 mea:
3005 3464 3176 3522 Deum
3224 3466 3516 3528 invocabo,

1941 3558 2021 3613 uti
2059 3572 2144 3612 me
2169 3564 2224 3612 et
2255 3558 2323 3612 ab
2347 3558 2513 3628 hujus
2544 3567 2728 3624 secta),
2759 3559 3217 3630 superiorumque
3247 3559 3517 3623 omnium,

1939 3653 1994 3703 et
2035 3646 2105 3701 ab
2161 3646 2576 3716 insequentium
2635 3648 2965 3716 contagione
3017 3647 3240 3710 liberet,
3274 3660 3412 3715 quas
3462 3646 3518 3698 in

1939 3735 2282 3792 eruditorum
2319 3735 2604 3790 hominum
2637 3735 2892 3804 gratiam,
2941 3735 3034 3804 qui
3068 3734 3304 3789 absurda
3343 3733 3433 3786 illa
3463 3740 3519 3788 et

1941 3829 2127 3883 inania
2165 3828 2454 3898 dogmata,
2496 3842 2619 3897 quae
2674 3827 2730 3880 in
2781 3826 2928 3880 hunc
2966 3826 3153 3880 orbem
3193 3832 3515 3893 eruperunt,

1941 3920 2260 3977 accuratius
2294 3920 2582 3991 explorare
2615 3918 2874 3982 student,
2915 3917 3176 3988 deinceps
3219 3931 3516 3986 perseque-

1941 4030 2085 4070 mur.
2137 4012 2418 4085 Siquidem
2461 4011 2784 4068 Valentinus
2823 4011 2928 4067 iste
2973 4010 3090 4066 suis
3131 4009 3185 4064 in
3227 4009 3518 4079 quamplu-

1943 4105 2114 4161 rimos
2136 4105 2350 4161 diﬂusis
2380 4103 2913 4172 communicatisque
2953 4101 3204 4166 somniis,
3237 4116 3362 4155 cum
3395 4115 3518 4156 sese

1942 4200 2264 4256 Gnosticum
2294 4198 2556 4270 appellari
2590 4197 2890 4262 maluisset,
2925 4195 3146 4258 multos,
3177 4203 3236 4249 ut
3264 4195 3336 4248 ita
3366 4194 3520 4248 dixe-

256 4292 512 4362 σκορπίοι
547 4290 657 4360 (85)
691 4290 798 4344 ἀπὸ
845 4291 962 4354 ἐνὸς
998 4292 1078 4352 είς
1111 4290 1202 4342 τὸν
1243 4289 1430 4361 ἕτερον
1479 4287 1832 4359 δεσμοῦντες.

1945 4291 2085 4355 rim,
2147 4290 2396 4360 scorpios
2444 4289 2500 4342 in
2547 4301 2712 4341 unam
2761 4293 3010 4340 catenam
3059 4283 3418 4350 constrinxit;
3463 4281 3518 4336 id

253 4384 358 4447 Eu;
397 4383 536 4437 δέκα
588 4383 624 4453 ἢ
681 4383 774 4436 καὶ
821 4383 1035 4446 πλείους
1095 4381 1202 4435 ἀπὸ
1263 4380 1462 4451 στέγης
1507 4380 1540 4451 ἢ
1588 4378 1836 4450 δώματος

253 4475 484 4537 ἑαυτοὺς
526 4472 753 4545 χαλῶσι,
810 4473 904 4526 καὶ
932 4473 1106 4535 οὓτως
1153 4471 1291 4543 μετὰ
1333 4471 1486 4525 δόλου
1521 4471 1622 4542 τὴν
1659 4469 1838 4541 λύμην

252 4572 366 4632 τοῖς
398 4567 709 4640 ἀνθρώπωις
738 4567 1084 4637 ἐργάζονται.
1104 4563 1290 4627 Οὕτως
1325 4563 1420 4617 καὶ
1451 4557 1626 4627 οὗτός,
1665 4562 1759 4616 καὶ
1788 4563 1836 4616 οί

251 4659 420 4715 αὑτοῦ
464 4657 789 4729 καλούμενοι
833 4658 1130 4711 Γνωστικοὶ
1157 4658 1256 4729 τῆς
1285 4655 1492 4726 πλάνης
1533 4655 1837 4726 ἀρχηγέται

259 4753 534 4822 γεγόνασι,
559 4751 652 4804 acati.
680 4749 809 4823 παρ’
831 4748 992 4804 αὑτοῦ
1014 4747 1112 4811 τὰς
1131 4749 1430 4820 προφάσεις
1452 4747 1834 4816 ὑπειληφότες,

250 4847 440 4919 ἕτερος
476 4847 565 4914 ὑφ’
604 4846 792 4916 ἐτέρου
827 4842 1184 4914 μαθητευθεὶς
1213 4841 1350 4912 μετά
1385 4840 1475 4895 τὸν
1517 4839 1837 4894 διδάσκαλον

253 4937 583 5009 προσθήκην
614 4937 712 5008 τῆς
752 4935 960 5005 πλάνης
990 4934 1307 5006 εἰργάσατο,
1344 4934 1436 4986 καὶ
1465 4933 1658 5004 ἑτέραν
1685 4932 1836 5002 αἴρε-

251 5046 348 5081 σιν
379 5030 736 5100 εἰσηγήσατο,
765 5028 1030 5099 ἐχομένης
1059 5029 1076 5060 ³
1109 5026 1210 5096 τῆς
1241 5026 1530 5098 προτέρας.
1555 5024 1667 5077 Καὶ
1694 5023 1838 5077 οὕτω

250 5123 401 5175 κατὰ
440 5122 540 5192 τὴν
579 5120 832 5191 διαδοχὴν
875 5121 956 5184 εἰς
993 5119 1279 5190 διαφόρους
1320 5118 1562 5189 αἱρέσεις
1601 5117 1755 5170 αὐτοὶ
1787 5118 1836 5170 οἱ

239 5213 548 5284 κληθέντες
590 5213 887 5266 Γνωστικοὶ
937 5212 1340 5284 ἐμερίσθησανο
1398 5209 1552 5283 παρά
1602 5209 1836 5265 υύαλεν-

349 5370 362 5400 ⁸
394 5366 519 5422 For.
553 5367 837 5439 ἐχομένην.

1941 4381 2089 4453 quod
2115 4389 2297 4446 vetus,
2321 4395 2387 4434 ac
2419 4386 2616 4434 testata
2637 4377 2936 4433 similitudo
2964 4376 3225 4432 declarat.
3249 4374 3519 4430 Nimirum

1944 4475 2194 4544 scorpios
2225 4472 2295 4527 ad
2328 4473 2517 4529 decent
2554 4471 2806 4542 pluresve
2834 4478 3042 4525 catenae
3075 4468 3250 4524 instar
3279 4467 3419 4522 alios
3451 4465 3520 4520 ab

1946 4567 2069 4623 aliis
2099 4581 2404 4637 suspensos
2431 4579 2553 4620 sese
2581 4579 2648 4619 ex
2689 4570 2833 4619 tecto
2863 4576 2928 4616 ac
2973 4559 3178 4616 solario
3208 4557 3518 4620 demittere,

1946 4656 2136 4726 sicque
2160 4672 2228 4712 ex
2262 4655 2480 4712 insidiis
2517 4654 2764 4710 homines
2806 4651 3134 4722 opprimere.
3168 4648 3258 4704 Sic
3283 4647 3392 4714 ille,
3420 4661 3518 4718 po-

1943 4749 2188 4820 sterique
2211 4748 2332 4819 ejus
2347 4763 2538 4803 omnes
2561 4744 2807 4802 Gnostici
2828 4744 2951 4798 falsi
2976 4741 3245 4813 dogmatis
3265 4747 3522 4793 auctores

1941 4842 2236 4906 exstitere,
2284 4847 2340 4895 et
2390 4838 2462 4893 ab
2489 4837 2583 4894 illo
2626 4836 2834 4890 erroris
2881 4840 3202 4903 argumenta
3247 4829 3414 4891 nacti,
3455 4843 3520 4882 ac

1943 4931 2299 4990 successione
2327 4931 2569 5001 quadam
2602 4927 2835 4984 invicem
2877 4925 3078 4989 educti,
3105 4923 3171 4977 ad
3205 4936 3326 4976 eam
3354 4934 3521 4990 quam

1945 5041 1976 5080 a
2006 5026 2272 5095 magistro
2311 5029 2598 5094 acceperat
2629 5035 2784 5078 suam
2829 5019 3059 5092 quilibet
3085 5016 3398 5087 opinionem
3427 5012 3528 5067 ad-

1942 5117 2097 5188 jecit,
2146 5132 2452 5186 novamque
2491 5124 2701 5176 sectam
2747 5127 2872 5167 cum
2930 5111 3112 5182 priore
3159 5107 3529 5163 cohaerentem

1950 5208 2180 5267 invexit.
2204 5209 2322 5278 Qua
2352 5223 2409 5264 re
2446 5207 2651 5264 factum
2681 5213 2788 5275 est,
2819 5214 2879 5261 ut
2906 5202 3152 5271 Gnostici
3173 5199 3323 5256 varia
3353 5199 3535 5255 hiero-

341 5547 455 5611 (33i
500 5550 619 5602 ’Ὁτι
676 5548 892 5610 ἅλυσίν
945 5567 1076 5611 τινα
1136 5549 1188 5604 οἱ
1247 5547 1541 5610 σκορπίοι.
1609 5542 1826 5600 Λξιὶιηιιι

1943 5541 1994 5600 b.
2033 5557 2082 5600 γι
2123 5543 2297 5611 ΙΙὶδίη
2329 5556 2418 5595 an.
2458 5538 2577 5596 19.3.
