3956 6070
433 215 537 270 SL3

1821 217 1878 274 S.
1921 217 2263 275 EPlPﬂANIl

3593 215 3697 269 5N

434 327 566 384 seon'
593 328 827 384 divortia
859 331 1123 402 paulatim
1155 331 1390 389 fecerint
1412 350 1426 398 ;
1450 332 1542 403 qui
1578 333 1799 402 quidem
1824 348 2016 390 omnes

2141 334 2266 388 :ivou
2297 335 2502 406 μέντοι,
2535 335 2612 398 ὡς
2644 333 2802 405 ἔφην,
2835 334 2928 387 καὶ
2955 331 3062 386 τῶν
3092 330 3196 401 πρὸ
3222 327 3390 383 αὐτοῦ
3421 321 3520 391 τὰς
3562 344 3691 398 προ-

435 434 463 473 a
510 415 827 484 Valentino,
888 431 947 475 ιιι
985 422 1249 485 diximus.
1285 425 1465 493 iisque
1520 424 1768 494 insuper,
1816 425 1910 495 qui
1950 440 2018 480 eo

435 512 752 580 superiores
802 514 1156 576 exstiterant,
1207 513 1424 568 initium
1477 524 1829 586 acceperunt.
1859 513 2018 570 Nunc

438 599 709 654 universa:
764 600 972 668 pariter
1020 602 1272 658 veritatis
1317 602 1571 658 doctrina
1620 611 1912 674 prostrata:
1951 619 2019 660 ac

439 687 766 756 proculcata?
795 689 1192 757 prtetereunda:
1231 699 1385 758 sunt,
1416 708 1527 763 quo
1557 693 1750 750 eadem
1782 692 1879 750 Dei
1915 709 2020 766 ope

437 793 502 831 ac
535 777 736 832 virtute
768 777 891 832 freti
921 779 1167 849 reliquas
1193 790 1631 851 perscrutemur.

669 891 836 961 208
873 891 1245 948 ADVERSUS
1284 892 1785 962 SECUNDIANOS,
1863 969 1866 974 _

436 1003 521 1056 Ad
547 1021 674 1075 quos
708 1021 819 1059 sese
851 989 1872 1082 Epiphanes__e_t_lsidorgsggpfjcarunt,
1905 1025 2022 1082 qua:

779 1085 856 1128 est
888 1075 1104 1130 haeresis
1133 1075 1250 1131 XII
1279 1079 1384 1131 sive
1424 1075 1674 1132 XXXII.

509 1162 548 1217 ι.
570 1163 930 1236 Posteaquam
950 1164 1326 1223 Yalentiniana
1344 1169 1536 1224 haeresi
1551 1169 1790 1225 defuncti
1809 1186 2021 1240 sumus,

439 1265 494 1312 et
531 1259 586 1311 in
617 1257 739 1327 ejus
771 1257 1006 1313 dumetis
1034 1274 1099 1313 ac
1139 1262 1397 1330 vepribus
1429 1277 1762 1332 magnopere
1807 1263 2025 1319 labora-

440 1352 645 1413 vimus,
679 1348 938 1420 deinceps
975 1350 1285 1406 incredibili
1321 1367 1446 1407 cum
1491 1359 1693 1409 sudore
1732 1370 1797 1410 ac
1834 1356 2023 1426 cujus-

440 1440 566 1494 dam
619 1442 767 1495 velut
814 1444 1165 1513 agricultura:
1208 1444 1457 1501 molestia
1493 1445 1561 1500 ad
1599 1447 1843 1516 reliquas
1876 1449 2026 1504 illius

441 1532 753 1589 cvellendas
781 1534 991 1603 spinas,
1026 1551 1091 1590 ac
1120 1545 1292 1591 tetras
1321 1545 1635 1606 serpentum
1665 1539 1867 1609 effigies
1895 1555 2026 1608 pro-

2123 426 2317 494 φάσεις
2364 425 2682 496 εἰληφότες,
2735 426 2884 497 ὅμως
2929 423 2986 477 αι
3045 419 3440 492 προειρημέναι
3485 418 3584 472 σὺν
3633 419 3701 489 τῇ

2120 518 2312 571 τούτου
2339 518 2435 571 τοῦ
2466 517 2815 571 Οὐαλεντίνου
2847 517 2913 587 τῇ
2938 513 3040 585 τῆς
3082 511 3342 583 ἀληθείας
3380 508 3706 579 διδασκαλίᾳ

2124 610 2595 679 καταπατηθεῖσαι
2625 611 2715 680 ὑφ’
2756 609 2912 681 ἡμῶν
2957 605 3360 679 παρείσθωσαν.
3404 604 3596 674 Ἦμεϊς
3647 601 3704 656 δὲ

2123 703 2222 769 τάς
2251 703 2376 774 ἑξῆς
2401 704 2459 757 ὲν
2485 705 2553 774 τῇ
2581 701 2673 756 τοῦ
2701 701 2836 756 Θεοῦ
2866 699 3090 770 δυνάμει
3119 698 3595 770 διασκοπήσωμεν.

2510 896 2702 963 nam
2752 891 3310 959 ΣΕΚΟΥΝΔΙΑΝΩΝ,

2125 1005 2233 1075 Οἷς
2259 1007 2543 1079 συνῆφθη
2562 1007 2894 1078 Ἐπιςεάνης
2917 1007 3014 1062 καὶ
3035 1007 3359 1079 Ἰσίδωρος,
3381 1005 3704 1076 δωδεκάτη,

2501 1081 2541 1148 ἡ
2578 1080 2675 1134 καὶ
2701 1077 3028 1148 τριακοστὴ
3062 1077 3331 1147 δευτέρα.

2196 1171 2275 1227 A'.
2328 1171 2699 1244 Παρελθόντες
2723 1171 2781 1224 δὲ
2808 1171 2906 1243 τὴν
2943 1170 3037 1224 τοῦ
3077 1168 3430 1224 οὑαλεντίνου
3473 1169 3708 1240 αἵρεσιν,

2126 1264 2222 1318 καὶ
2281 1264 2452 1318 πολλά
2515 1263 2885 1334 μοχθήσαντες
2941 1264 2998 1315 ὲν
3057 1265 3124 1333 τῇ
3174 1260 3474 1316 ἀκανθώδει
3541 1260 3710 1315 αὑτοῦ

2128 1357 2327 1427 σπορᾷ,
2355 1355 2444 1408 διά
2478 1352 2693 1418 πολλοῦ,
2730 1353 2804 1417 ὡς
2837 1353 3032 1416 εἰπεῖν,
3060 1353 3310 1423 καμάτου
3342 1352 3437 1405 καὶ
3469 1368 3710 1422 γεωργι-

2129 1449 2231 1518 κῆς
2265 1446 2648 1524 ,κακοπαθείας
2701 1445 2794 1499 ἐπὶ
2839 1443 2907 1498 τά
2956 1443 3186 1514 λείψανα
3234 1444 3333 1515 τῆς
3365 1443 3714 1505 ἀκανθώδους

2128 1538 2290 1593 αὐτοῦ
2327 1540 2534 1610 σπορᾶς
2586 1538 2682 1591 καὶ
2725 1536 3062 1609 ὲρπετὼδους
3100 1535 3264 1589 αὐτοῦ
3313 1534 3712 1609 θηριομορφίας

443 1620 708 1692 fligandas
751 1622 1057 1678 veniemus.
1105 1623 1210 1678 Sed
1253 1625 1307 1678 in
1333 1625 1526 1695 primis
1569 1623 1809 1694 Spiritus
1849 1627 2024 1680 sancti

2141 1630 2505 1702 ἐλευσόμεθα,
2558 1629 2618 1682 τὸ
2663 1631 2815 1699 ἆγιον
2873 1629 3099 1701 Πνεῦμα
3143 1628 3501 1700 αἰτησάμενοι
3562 1629 3713 1700 παρά

442 1729 600 1784 opem
629 1730 658 1768 a
687 1713 912 1769 Christo
944 1715 1368 1784 postulabimus,
1393 1726 1455 1768 ut
1483 1717 1647 1783 hujus
1679 1715 1831 1769 illum
1859 1717 2030 1771 inter-

2141 1724 2394 1797 Χριστοῦ,
2429 1725 2509 1786 είς
2549 1722 2610 1776 τὸ
2648 1723 2715 1776 δι’
2745 1721 2909 1776 αὐτοῦ
2934 1720 3234 1774 ὲπισπάσαι
3267 1723 3387 1783 ταῖς
3414 1718 3618 1789 ψυχαῖς
3646 1722 3712 1791 τῇ

443 1811 610 1858 ventu
650 1819 746 1874 per
785 1805 1068 1859 caelestem
1126 1803 1434 1860 doctrinam
1483 1806 1882 1876 religiososque
1916 1823 2030 1864 ser-

445 1910 635 1950 mones
683 1897 738 1949 in
766 1896 1050 1950 hominum
1091 1897 1307 1953 animos
1335 1897 1557 1962 elicere,
1592 1899 1660 1952 ab
1703 1899 1899 1969 iisque,
1934 1900 2028 1970 qui

423 1988 502 2052 ‘id
527 1988 671 2042 ultro
699 1988 992 2055 voluerint,
1035 1989 1355 2059 pestiferum
1385 1991 1538 2046 virus
1567 1991 1858 2048 extrahere
1904 2007 2030 2063 pos-

446 2078 644 2134 simus.
677 2077 886 2150 Sequar
912 2095 1043 2135 vero
1076 2082 1132 2135 in
1166 2081 1232 2137 iis
1259 2082 1600 2151 exponendis
1632 2092 1852 2137 aetatum
1879 2084 2030 2139 ordio

449 2185 597 2233 nem,
627 2186 691 2225 ac
731 2173 892 2242 cujus
921 2175 1155 2244 quisque
1184 2189 1479 2245 successor
1516 2174 1791 2231 exstiterit
1826 2175 1881 2229 in
1923 2176 2031 2231 illis

448 2263 802 2318 recensendis
835 2265 1098 2333 aperiam,
1134 2264 1228 2335 qui
1275 2265 1344 2320 ab
1390 2266 1486 2320 illo
1530 2265 1766 2337 profecti
1812 2265 2031 2323 diversa

446 2353 695 2424 quaedam
727 2354 992 2411 doctrinae
1024 2357 1234 2412 semina
1261 2364 1608 2427 sparserunt.

518 2445 727 2502 Horum
766 2447 934 2518 igitur
961 2463 991 2503 e
1038 2463 1272 2504 numero
1313 2447 1602 2504 Secundus
1647 2448 1868 2519 quidam
1903 2448 2030 2514 fuit,

448 2538 542 2610 qui
571 2539 694 2608 plus
743 2539 950 2608 aliquid
985 2553 1150 2609 quam
1194 2539 1374 2594 caeteri
1411 2553 1605 2610 sapere
1649 2540 1896 2606 studens,
1929 2539 2034 2594 etsi

449 2631 639 2687 eadem
667 2624 788 2706 qua:
812 2629 1156 2688 Valentinus.
1184 2632 1382 2688 asserit
1415 2632 1620 2699 omnia,
1650 2632 1914 2702 ampliore
1951 2640 2035 2686 ta-

451 2739 576 2779 men
609 2724 792 2779 sonitu
847 2723 1187 2779 furiosorum
1216 2738 1380 2779 aures
1407 2724 1666 2794 opplevit.
1711 2722 1812 2777 Hic
1841 2723 2032 2778 eodem

451 2828 562 2883 quo
595 2805 919 2871 Valentinus
955 2822 1199 2884 tempore
1231 2815 1487 2870 eumdem
1532 2815 1712 2884 ipsum
1757 2829 1900 2869 novo
1931 2813 2035 2868 ali-

451 2920 563 2975 quo
599 2902 822 2960 invento
862 2920 1125 2975 superare
1156 2906 1419 2976 gestiens,
1451 2904 1684 2976 primam
1720 2904 2032 2977 Ogdoadem

452 3012 520 3052 ex
550 2995 790 3052 Tetrade
823 2995 1017 3052 dextra
1055 3012 1122 3052 ac
1147 2998 1377 3065 sinistra
1407 2998 1635 3053 conflari
1665 2999 1874 3064 docuit,
1899 3015 2035 3071 qua.

457 3105 576 3144 rum
627 3089 854 3144 alteram
903 3088 1134 3158 Lumen,
1173 3090 1452 3146 Tenebras
1499 3091 1725 3146 alteram
1775 3091 2036 3162 appellari

453 3181 648 3236 voluit.
677 3180 797 3237 Jam
841 3197 970 3238 vero
1011 3181 1281 3239 Virtutem
1313 3183 1462 3238 illam
1504 3199 1626 3254 quae
1656 3182 1948 3248 defecisse,
1985 3191 2039 3238 et

456 3273 524 3328 ad
558 3273 798 3344 inepiam
830 3271 1005 3330 fuisse
1043 3274 1268 3330 redacta
1310 3273 1538 3339 dicitur,
1579 3280 1742 3343 negat
1780 3288 1848 3328 ex
1877 3272 2040 3327 trice-

457 3362 614 3416 nario
648 3363 741 3416 illo
772 3378 1001 3418 numero
1031 3361 1273 3417 IEonum
1303 3363 1608 3428 exstitisse,
1632 3361 1730 3417 sed
1757 3361 2038 3416 inferioris

457 3452 752 3524 cujusdam
783 3454 1019 3519 ordinis,
1051 3469 1115 3508 ex
1152 3453 1344 3508 eorum
1376 3453 1633 3508 videlicet
1654 3469 1815 3524 grege
1847 3453 2036 3517 fuisse,

457 3547 550 3616 qui
583 3544 726 3600 infra
764 3547 927 3600 aliam
965 3543 1281 3616 Ogdoadem
1311 3544 1672 3600 collocantur.
1713 3543 1789 3599 De
1819 3543 2040 3599 Christo

459 3638 693 3706 aliisque
733 3637 1082 3708 dogmatibus
1110 3638 1300 3694 eadem
1327 3653 1451 3693 cum
1487 3645 1710 3693 auctore
1734 3636 1927 3694 veneni
1954 3637 2041 3692 sui

461 3747 524 3787 ac
554 3732 932 3787 ministratore
959 3731 1246 3786 Valentino
1276 3731 1487 3786 statuit.
1520 3731 1704 3796 Quare
1730 3747 1853 3787 cum
1893 3730 2040 3786 haud

420 3877 424 3880 ,
461 3824 535 3877 ita
571 3823 744 3878 multa
776 3823 886 3878 sint
915 3823 984 3878 ab
1028 3825 1136 3879 isto
1165 3822 1399 3878 diversis
1437 3837 1502 3877 ac
1535 3823 1835 3893 peregrinis
1867 3824 2042 3895 expli-

459 3923 582 3969 cata
633 3913 878 3980 vocibus,
909 3929 1082 3984 pauca
1128 3914 1243 3968 haec
1283 3929 1404 3984 qua:
1448 3913 1594 3968 dicta
1625 3922 1755 3970 sunt
1797 3914 2044 3970 sufﬁcere

461 4005 669 4077 putavi,
703 4019 824 4074 quae
861 4018 960 4074 per
997 4003 1177 4074 seipsa
1220 4003 1357 4057 satis
1392 4002 1457 4056 ad
1495 4002 1852 4057 refellendum
1885 4018 2045 4073 argu-

461 4103 771 4152 mentorum
803 4094 1175 4165 suppeditant.
1222 4091 1329 4146 Sed
1365 4092 1432 4146 de
1466 4091 1560 4146 illo
1587 4101 1766 4147 tamen
1806 4091 2043 4148 breviter

459 4203 678 4259 quoque
729 4186 1124 4258 disputandum
1171 4192 1287 4249 est,
1338 4199 1408 4239 ne
1459 4184 1621 4250 ideo,
1669 4185 1816 4254 quod
1853 4193 2045 4240 contra

461 4281 640 4350 ipsum
670 4278 864 4334 atl‘erre
897 4279 1035 4334 nihil
1070 4292 1380 4349 possemus,
1409 4275 1827 4347 praetermisisse
1855 4276 2045 4332 videa-

2131 1821 2188 1872 ὲν
2220 1815 2339 1888 Θεῷ
2370 1815 2692 1887 διδασκαλίᾳ
2738 1815 2834 1868 καὶ
2879 1813 3060 1884 σεμνῷ
3100 1812 3265 1883 λόγῳ,
3304 1813 3398 1866 xui.
3429 1813 3556 1876 τοὺς
3602 1812 3714 1875 ἰοὺς

2132 1909 2444 1963 ἀνασπάσαι
2500 1907 2795 1978 δυνηθῆναι
2842 1906 2950 1960 ἀπὸ
3021 1905 3131 1960 τῶν
3185 1904 3328 1959 οὓτω
3376 1905 3714 1976 προειρημέ-

2132 2020 2239 2057 νων
2265 2001 2399 2073 (84).
2432 2001 2701 2072 Ἀρξομαι
2732 2000 2788 2052 δὲ
2823 1998 2950 2072 περὶ
2981 1999 3188 2051 τούτων
3223 1997 3404 2066 λέγειν
3434 1997 3575 2050 κατά
3603 1997 3714 2051 δια-

2132 2092 2327 2163 δοχὴν,
2374 2092 2459 2156 τίς
2487 2092 2631 2154 τίνος
2660 2090 2901 2160 διάδοχος
2948 2089 3239 2159 γεγένηται
3284 2087 3393 2140 τῶν
3436 2087 3496 2154 ἐξ
3548 2084 3714 2140 αὑτοῦ

2133 2183 2490 2255 ὁρμωμένων,
2539 2183 2636 2237 καὶ¹
2675 2181 2867 2253 ἑτέραν
2919 2180 3069 2252 παρά
3091 2179 3212 2252 ’τὴν
3241 2179 3448 2233 ἐκείνου
3503 2177 3718 2250 σπορὰν

2133 2273 2513 2327 διδασκόντων.

2208 2449 2498 2514 Σεκοῦνδος
2525 2449 2702 2504 τοίνυν
2731 2467 2816 2514 τις
2846 2449 2905 2518 ἐξ
2933 2448 3113 2504 αὐτῶν
3141 2447 3236 2512 ὣν,
3263 2447 3359 2502 καλ⁹
3395 2448 3718 2521 περισσότε-

2141 2540 2231 2613 ρόν
2261 2557 2315 2593 τι
2343 2539 2661 2610 βουλόμενος
2691 2541 2976 2612 φρονῆσαι,
3014 2541 3193 2596 πάντα
3228 2540 3326 2611 μὲν
3360 2539 3428 2593 τά
3458 2540 3602 2594 κατά
3629 2541 3720 2594 τὸν

2138 2630 2489 2684 Οὐαλεντῖνον
2543 2631 2818 2701 ἐξηγεῖται
2842 2671 2858 2696 ,
2919 2631 3305 2703 περισσότερον
3351 2629 3408 2682 δὲ
3457 2624 3592 2700 ἦχον
3641 2631 3720 2693 είς

2138 2721 2308 2785 ἀκοάς
2351 2721 2461 2775 τῶν
2493 2721 3014 2794 ὲμσεόροντημένων
3065 2722 3351 2793 ὲξήχησεν.
3395 2715 3570 2785 Οὗτος
3613 2721 3720 2794 γάρ

2139 2812 2280 2866 κατά
2311 2811 2663 2866 Οὐαλεντῖνον
2695 2810 2790 2876 ὢν,
2816 2811 2892 2876 ὡς
2918 2813 3199 2883 προεῖπον,
3229 2811 3370 2882 ὑπὲρ
3394 2809 3449 2862 δὲ
3478 2809 3722 2863 Οὐαλεν-

2138 2907 2282 2958 τῖνον
2323 2903 2556 2975 φρονῶν,
2590 2903 2738 2972 λέγει
2769 2897 2910 2957 εἶναι
2943 2902 3043 2974 τὴν
3077 2901 3300 2974 πρώτην
3332 2901 3593 2970 Ὀγδοάδα
3623 2902 3722 2954 Τε-

2140 2996 2312 3069 τράδα
2337 2995 2542 3063 δεξιάν,
2575 2995 2672 3050 καὶ
2699 2994 2946 3067 Τετράδα
2995 2993 3323 3066 ἀριστεράν
3364 2992 3508 3047 οὕτω
3538 3010 3719 3065 παρα-

2137 3091 2312 3156 διδοὺς
2347 3089 2628 3144 καλεῖσθαι
2660 3087 2758 3158 τὴν
2811 3088 2912 3159 μὲν
2945 3088 3074 3160 μίαν
3117 3088 3272 3152 Φῶς,
3317 3086 3418 3159 τὴν
3462 3086 3521 3140 δὲ
3555 3086 3722 3157 ἀλλην

2139 3183 2338 3247 Σκότος
2359 3200 2374 3215 ο
2417 3182 2519 3256 τὴν
2559 3180 2618 3235 δὲ
2650 3179 2968 3234 ἀποστᾶσάν
2991 3196 3053 3234 τε
3097 3180 3191 3234 καὶ
3223 3180 3605 3250 ὑστερήσασαν
3633 3178 3722 3232 δύ-

2139 3293 2304 3348 ναμιν
2359 3273 2448 3347 μὴ,
2482 3269 2622 3327 εῖναι
2656 3263 2766 3326 ἀπὺ
2811 3270 2919 3325 τῶν
2952 3271 3242 3344 τριάκοντα
3286 3269 3544 3336 Αἰώνων,
3588 3271 3723 3324 ἀλλὰ

2142 3370 2279 3441 μετὰ
2307 3369 2433 3430 τοὺς
2461 3367 2753 3439 τριάκοντα
2785 3365 3017 3429 Αίῶνας,
3041 3366 3117 3430 ὼς
3137 3359 3274 3419 εἶναι
3303 3365 3410 3418 ἀπὸ
3433 3363 3541 3417 τῶν
3585 3364 3724 3434 μετᾶ

2138 3458 2237 3531 τὴν
2268 3459 2526 3529 Ὀγδοάδα
2551 3458 2650 3529 τὴν
2676 3456 2844 3528 ἄλλην
2877 3458 3170 3529 κατωτέρω
3195 3457 3525 3528 γενομένων.
3559 3457 3641 3510 Τά
3668 3456 3724 3509 δὲ

2142 3553 2318 3608 πάντα
2355 3552 2482 3624 περὶ
2504 3551 2742 3624 Χριστοῦ
2767 3551 2862 3605 xa‘t
2894 3549 3003 3604 τῶν
3030 3550 3204 3604 ἄλλων
3228 3549 3517 3621 δογμάτων
3547 3549 3725 3603 ὡσαύ-

2140 3663 2249 3710 τως
2286 3645 2363 3716 τῷ
2399 3645 2514 3716 ἰδίῳ
2543 3643 2765 3716 χορηγῷ
2804 3643 2879 3714 τῷ
2921 3642 2999 3696 ίοῦ
3049 3644 3140 3696 καὶ
3183 3643 3369 3713 δοτῆρι
3429 3643 3524 3696 τοῦ
3559 3643 3724 3714 δηληο

2140 3739 2331 3811 τηρίου
2372 3737 2709 3808 Οὑαλεντίνῳ
2730 3735 3066 3807 δογματίζει.
3100 3736 3190 3804 Μὴ
3221 3734 3430 3788 πολλῶν
3464 3735 3521 3788 δὲ
3555 3736 3724 3789 ὄντων

2140 3831 2249 3884 τῶν
2299 3829 2406 3884 ὑπὸ
2453 3828 2640 3882 τούτου
2689 3826 2963 3898 διαφόρως
2999 3825 3512 3898 ξενολεκτουμένων,
3560 3828 3725 3898 ἀρκει-

2145 3923 2337 3994 σθῆναι
2367 3923 2465 3994 μὲν
2491 3921 2786 3995 ἡγησάμην
2811 3921 2920 3974 δεῖν
2943 3923 3056 3984 τοῖς
3080 3920 3518 3992 προειρημένοις,
3542 3920 3725 3990 ἔχουσι
3807 3958 3810 3960 ν

2144 4013 2239 4065 καὶ
2261 4013 2356 4080 ἀφ’
2383 4013 2592 4066 ἑαυτῶν
2615 4014 2714 4084 τὴν
2743 4011 3075 4083 ἀνατροπὴν,
3106 4011 3256 4079 ὅμως
3281 4009 3325 4062 δ’
3356 4004 3447 4064 οῦν
3476 4011 3572 4063 καὶ
3602 4012 3728 4082 περὶ

2146 4103 2313 4157 αὐτοῦ
2357 4103 2514 4173 ὀλίγα
2559 4103 2720 4170 λέξω,
2755 4104 2840 4158 ἵνα
2895 4102 2970 4175 μὴ
3027 4103 3093 4156 δι’
3140 4103 3374 4174 ἀπορίαν
3421 4103 3726 4174 παρεληλυ-

2147 4191 2299 4246 θέναι
2331 4211 2384 4246 τι
2436 4194 2554 4247 κατ’
2591 4192 2753 4246 αὐτὸν
2800 4191 2956 4258 δόξω.
3006 4191 3069 4244 Et
3105 4190 3214 4262 γάρ
3257 4190 3526 4260 Τετράδες
3559 4190 3729 4254 δεξιαὶ

2149 4287 2245 4341 καὶ
2276 4284 2543 4356 εὐώνυμοι
2576 4287 2708 4357 παρ’
2735 4285 2918 4349 αὐτοῖς
2945 4273 3257 4346 τάσσονται,
3292 4282 3650 4355 εὐρεθήσεταί
3678 4299 3728 4336 τι

463 4388 606 4426 mur.
645 4372 816 4441 Igitur
847 4372 893 4426 si
920 4370 1185 4427 Tetrades
1209 4387 1274 4426 ex
1309 4371 1525 4424 illorum
1559 4369 1816 4440 opinione
1841 4370 2034 4425 dextra

2150 4373 2483 4446 ζητούμενον
2504 4373 2666 4446 μέσον
2687 4373 2782 4427 τοῦ
2799 4391 2856 4426 τε
2873 4373 3049 4439 δεξιοῦ
3065 4373 3158 4427 καὶ
3175 4373 3265 4426 τοῦ
3285 4372 3600 4446 ἀριστεροῦ·
3626 4375 3729 4426 πᾶν

464 4471 600 4519 sunt
625 4478 689 4518 ac
736 4463 996 4527 sinistrtr,
1041 4463 1281 4518 medium
1315 4463 1458 4518 inter
1484 4477 1581 4518 eas
1609 4462 1867 4532 quiddam
1906 4463 2049 4518 assi—

463 4555 619 4626 gnari
675 4559 926 4623 oportet,
973 4561 1262 4626 propterea
1313 4551 1458 4622 quod
1500 4553 1768 4622 quidquid
1823 4553 2046 4609 dextros

464 4647 628 4702 habet
659 4662 724 4700 ac
759 4646 1018 4702 sinistros
1049 4644 1294 4708 ordines,
1335 4647 1390 4698 in
1427 4658 1618 4698 eorum
1652 4644 1835 4700 medio
1868 4645 2043 4700 collo-

471 4739 587 4792 cari
617 4752 858 4792 necesse
885 4744 1007 4802 est;
1055 4734 1220 4805 209
1246 4750 1422 4805 neque
1458 4733 1648 4790 dextra
1686 4737 1770 4791 vel
1817 4737 2039 4793 sinistra

465 4829 678 4900 uspiam
721 4843 846 4884 esse
895 4833 1159 4897 possunt,
1213 4827 1322 4882 nisi
1375 4843 1443 4883 ex
1486 4825 1775 4898 interjecto
1813 4843 2044 4900 corpore

468 4923 754 4994 utriusque
799 4921 974 4994 partis
1021 4919 1318 4976 discrimen
1369 4927 1605 4993 petatur.
1652 4919 2040 4989 Quamobrem,

466 5018 823 5075 stolidissime
861 5015 1176 5071 mortalium
1232 5000 1524 5082 Secunde,
1569 5029 1774 5085 vosque
1829 5013 2042 5071 Secun-

465 5111 611 5166 diani
641 5127 854 5177 omnes,
888 5109 1129 5166 medium
1159 5109 1265 5164 erit
1299 5124 1468 5163 unum
1504 5109 1728 5180 aliquid,
1767 5110 1856 5164 cui
1907 5111 2043 5166 sini-

469 5211 581 5257 stra
613 5202 913 5272 dextraque
946 5217 1066 5272 qua:
1097 5201 1362 5256 dicuntur
1393 5202 1636 5272 subjecta
1678 5202 1790 5257 sint
1816 5221 1830 5258 :
1866 5219 2045 5275 neque

469 5295 542 5349 ab
579 5309 687 5348 uno
720 5295 812 5350 illo
850 5294 1088 5354 alienum
1122 5293 1178 5347 id
1219 5308 1344 5349 esse
1390 5295 1614 5364 poterit,
1648 5294 1792 5364 quod
1829 5295 1878 5350 ei
1913 5296 2046 5352 sub-

2147 4467 2257 4538 γὰρ
2300 4464 2479 4519 ὁτιοῦν
2513 4464 2692 4530 δεξιὰς
2726 4464 2848 4535 ἔχον
2876 4465 2972 4518 καὶ
3005 4463 3320 4534 εὐωνύμους
3350 4461 3534 4527 τάξεις
3569 4463 3729 4536 μέσον

2147 4560 2346 4629 ἕστηκε
2375 4557 2484 4613 τῶν
2515 4557 2814 4629 εὐωνύμων
2858 4557 3022 4611 αὐτοῦ
3061 4558 3153 4610 καὶ
3188 4556 3375 4624 δεξιῶν
3397 4569 3411 4584 °
3443 4557 3538 4609 καὶ
3574 4557 3729 4611 οὐδα-

2150 4647 2253 4721 μοῦ
2285 4632 2574 4720 δυνήσεται
2596 4645 2900 4711 εἷναιδεξιά
2926 4648 3260 4719 ἢάριστερά,
3294 4647 3342 4698 εί
3374 4647 3448 4718 μή
3471 4650 3535 4698 ’τι
3571 4648 3640 4700 ἂν
3665 4649 3728 4701 ἐκ

2152 4737 2578 4809 μεσολαϐοῦντος
2606 4736 2857 4809 σώματος
2888 4737 3147 4809 ἑκατέρου
3167 4737 3418 4809 μέρουςὴ
3454 4736 3730 4810 διάκρισις

2148 4821 2396 4900 γένηται.
2433 4829 2576 4900 Ἀρα
2608 4823 2722 4894 οὖν,
2750 4827 2944 4898 ἀνόητε
2983 4826 3265 4893 Σεκοῦνδε,
3303 4829 3396 4881 καὶ
3418 4828 3467 4879 οί
3488 4828 3600 4881 ἀπὸ
3630 4825 3723 4881 σοῦ

2148 4924 2514 4997 ⁴Ιγτιατημένοι,
2543 4921 2606 4976 τὸ
2637 4922 2981 4994 μεσαίτατον,
3005 4921 3098 4991 ἀφ’
3123 4917 3297 4993 οὗπερ
3326 4922 3418 4974 καὶ
3463 4919 3729 4993 ἀριστερᾶ

2151 5017 2247 5070 καὶ
2284 5015 2435 5084 δεξιά
2473 5015 2895 5078 ὑποπίπτουσιν,
2930 5013 3081 5067 ἔσται
3129 5013 3188 5066 ἓν
3218 5030 3296 5074 τι,
3325 5013 3419 5066 καὶ
3459 5012 3522 5065 οὺ
3577 5013 3731 5084 δυνή-

2152 5127 2307 5163 σεται
2359 5108 2635 5180 ἀλλότριον
2682 5104 2820 5161 εἶναι
2865 5105 2960 5160 τοῦ
2999 5105 3117 5170 ἑνός
3144 5107 3304 5169 ’τινος
3344 5104 3405 5157 τὸ
3455 5104 3516 5169 ἐξ
3566 5105 3726 5159 αὐτοῦ

2151 5200 2456 5255 ὑποπίπτον
2481 5198 2654 5263 δεξιόν
2687 5216 2747 5251 τε
2791 5197 2885 5252 καὶ
2932 5195 3212 5267 εὐώνυμον
3234 5212 3248 5226 ⁸
3280 5196 3375 5249 καὶ
3423 5196 3729 5267 ἐξάνάγκης

2157 5293 2522 5364 ἀναχθήσεται
2563 5290 2626 5344 τδ
2656 5291 2763 5343 πᾶν
2795 5290 2876 5352 είς
2907 5289 2968 5342 τὸ
3014 5288 3072 5342 ἓν
3104 5287 3183 5349 ὃν,
3211 5280 3271 5339 οῦ
3305 5284 3583 5341 ἀνώτατον
3616 5287 3728 5341 οὐδὲ

469 5385 656 5455 jicitur
685 5384 940 5438 dextrum
977 5391 1072 5437 aut
1099 5383 1387 5439 sinistrum
1419 5404 1432 5440 :
1475 5395 1640 5454 atque
1677 5385 1750 5439 ita
1784 5385 1854 5439 ad
1883 5402 2034 5440 unan‘

2156 5389 2214 5440 ἓν
2252 5389 2418 5447 ἐστιν,
2450 5381 2570 5436 οὔτε
2615 5381 2983 5453 ὑποϐεὸηκδς,
3031 5379 3155 5434 οὔτε
3191 5379 3526 5445 κατώτατον,
3563 5382 3614 5433 εί
3659 5381 3727 5452 μὴ

373 5550 383 5564 .
467 5476 758 5548 quamdam
789 5483 1040 5530 naturam
1089 5475 1347 5532 universa
1391 5478 1717 5545 referentur,
1758 5495 1867 5550 qua
1913 5481 2028 5535 nihi

2157 5479 2222 5534 τὰ
2257 5477 2348 5530 ὑπ’
2374 5476 2542 5531 αὑτοῦ
2593 5475 2917 5546 ἐκτισμένα·
2956 5474 3048 5528 καὶ
3087 5472 3236 5529 ἔσται
3290 5472 3449 5526 τοῦτο
3502 5471 3728 5545 φανερὸν

541 5634 652 5704 (84)
708 5632 848 5692 Ἀ.τό
894 5633 1010 5688 τῶν
1050 5635 1200 5691 οὕτω
1249 5637 1698 5707 προειρημένων.
1734 5635 1859 5694 Cor.
1905 5634 2320 5710 προῃρημένων.
