3956 6070
249 189 356 246 545

975 188 1345 266 ADVERSUS
1383 187 1727 244 HERESES
1766 187 1896 244 LIB.
1939 187 1983 247 1.
2028 186 2192 244 ΤΟΜ.
2234 185 2389 243 ll.—
2427 185 2700 248 llASRES.
2737 186 2954 245 XXX".

3405 192 3512 247 546

247 303 356 366 τοῖς
405 301 508 373 τὴν
558 299 821 372 ἀλήθειαν
869 303 1405 374 καταμανθάνουσιν,
1439 303 1521 356 ὅτι
1567 296 1648 367 εἷς
1695 302 1826 368 Θεός

1937 316 2110 372 neque
2159 300 2420 372 superius
2455 301 2564 366 sit,
2618 317 2801 372 neque
2863 302 3120 367 inferius,
3173 304 3510 375 intimumvc,

246 395 415 458 ἑστιν,
446 395 475 447 ὁ
507 393 720 466 Πατὴρ,
753 393 847 448 καὶ
879 394 1027 458 Υἱὸς,
1064 395 1160 448 καὶ
1199 395 1352 464 ἅγιον
1396 396 1640 466 Πνεῦμα.
1677 397 1740 448 Ei
1771 395 1827 448 δὲ

245 481 328 550 εἷς
366 485 501 550 Θεός
545 487 716 546 ἐστιν,
754 486 816 550 ἐξ
856 479 918 538 οῦ
963 485 1034 539 τὰ
1075 486 1272 550 πάντα,
1302 485 1426 540 οὔτε
1463 505 1516 540 τι
1544 487 1829 559 ἀριστερόν

244 581 396 632 ἐστιν
425 577 484 630 ὲν
520 577 694 646 αὐτῷ,
731 576 855 630 οὔτε
895 577 1183 648 ἐλάττωμα
1215 579 1424 650 ἕτερον,
1455 577 1579 632 οὔτε
1613 596 1666 632 τι
1699 580 1832 632 ὑπο-

244 669 484 741 ϐεϐηκὸς
508 711 523 734 ,
565 669 706 741 πλὴν
758 669 866 722 τῶν
913 669 1006 723 ὑπ’
1047 670 1213 724 αὐτοῦ
1259 671 1614 742 ὲκτισμένων.
1648 669 1730 724 Τὰ
1774 669 1831 724 δὲ

246 760 394 832 μετὰ
438 759 681 832 Πατέρα,
729 759 823 813 καὶ
869 760 1018 824 Υίὸν,
1052 761 1147 813 καὶ
1197 759 1352 844 ἅγιον
1384 759 1609 832 Πνεῦμα
1653 758 1832 814 πάντα
1877 830 1879 832 η

245 852 432 917 καλῶς
465 851 782 923 ἐκτισμένα,
822 851 918 905 καὶ¹
953 849 1039 917 ,εἰς
1075 852 1334 908 σύστασιν
1356 853 1447 907 ὑπ’
1474 849 1638 906 αὑτοῦ
1664 850 1832 922 ἀφθό-

249 962 360 1009 νως
389 939 448 999 εὖ
478 941 909 1016 προεληλυθότα.

318 1213 396 1268 B'.
438 1212 502 1265 El
533 1209 590 1264 δὲ
623 1210 718 1264 καὶ
749 1208 909 1263 πάλιν
941 1209 1058 1282 ἐρεῖ
1101 1209 1129 1262 ὁ
1172 1205 1414 1270 τοιοῦτος
1453 1208 1584 1280 ἡμῖν
1630 1206 1827 1279 προελ-

246 1305 358 1358 θὼν
389 1305 574 1376 ἕτερος
614 1302 757 1372 ὄφις,
794 1303 877 1355 ὅτι
920 1301 990 1355 τὰ
1023 1300 1120 1372 μὲν
1152 1299 1300 1364 δεξιά
1343 1301 1438 1353 καὶ
1479 1297 1734 1370 εὐώνυμα
1768 1301 1832 1352 ὲκ

243 1395 342 1450 τοῦ
377 1395 496 1459 ἑνὸς
522 1393 779 1465 ὑπάρχει,
811 1390 972 1455 αὐτὸς
1000 1390 1056 1444 δὲ
1089 1389 1414 1460 μεσαίτατός
1436 1389 1572 1452 ἐστι,
1596 1389 1690 1442 καὶ
1713 1389 1835 1441 ἐαυ-

247 1491 328 1561 τῷ
363 1491 460 1561 μὲν
492 1489 827 1560 προσάγεται
856 1485 925 1538 τὰ
959 1483 1129 1549 δεξιὰ,
1159 1483 1253 1536 καὶ
1278 1483 1457 1554 χαίρει
1493 1481 1723 1544 τούτοις,
1747 1482 1833 1534 δε-

247 1581 342 1648 ξιὰ
371 1581 429 1634 δὲ
463 1579 618 1633 καλεῖ
659 1578 753 1631 καὶ
785 1575 899 1646 φῶς
919 1593 932 1606 ·
961 1575 1031 1628 τὰ
1064 1575 1120 1628 δὲ
1161 1573 1416 1644 εὐώνυμα
1461 1573 1537 1637 ὡς
1580 1573 1832 1643 άλλὰτρια

1930 400 2294 464 praeterquam
2330 406 2450 460 quae
2481 392 2550 446 ab
2573 407 2640 446 eo
2679 392 2899 447 condita
2925 401 3083 459 sunt;
3124 394 3338 464 eritque
3367 396 3513 449 veri-

1931 485 2062 540 tatis
2119 484 2308 555 gnaris
2363 483 2509 538 haud
2567 484 2888 551 obscurum,
2923 500 3091 538 unum
3154 483 3322 540 Deum
3367 499 3512 549 esse,

1931 574 2172 641 Patrem,
2207 574 2408 630 Filium
2442 584 2498 630 et
2529 573 2801 646 Spiritum
2832 585 3108 631 sanctum.
3134 575 3255 630 Jam
3288 577 3335 631 si
3369 593 3513 632 unus

1932 665 2077 722 Deus
2098 675 2204 731 est,
2228 681 2258 720 a
2291 681 2401 737 quo
2427 677 2556 721 sunt
2580 668 2798 722 omnia:
2831 668 2963 722 nihil
2990 684 3169 738 neque
3202 669 3509 734 sinistrum,

1931 772 2110 827 neque
2143 757 2250 810 alia
2283 758 2496 812 ratione
2518 757 2778 812 deﬁciens
2808 759 2970 813 inerit
3005 759 3131 830 ipsi,
3157 776 3333 831 neque
3373 761 3510 816 infe-

1931 849 2049 904 rius
2100 858 2296 920 praeter
2339 851 2431 904 illa
2470 864 2592 919 quae
2631 851 2962 921 procreavit.
3009 852 3216 908 Caetera
3251 863 3375 922 post
3418 852 3519 906 Pa-

1932 950 2072 996 trem
2108 941 2345 1008 Filium,
2397 941 2774 1014 Spiritumque
2824 952 3076 999 sanctum
3127 947 3390 1015 pra-clare
3443 946 3514 999 ab

1931 1045 1998 1086 eo
2033 1031 2301 1101 producta
2339 1041 2490 1097 sunt,
2525 1048 2589 1088 ac
2634 1034 2775 1089 citra
2802 1035 2967 1089 ullam
2997 1035 3258 1090 invidiam
3296 1037 3511 1107 egregie

1931 1121 2256 1177 constituta.

2003 1211 2070 1266 ll.
2098 1211 2254 1277 Quod
2283 1212 2329 1268 si
2355 1212 2625 1282 ejusmodi
2647 1214 2867 1283 quidam
2899 1214 3059 1270 nobis
3082 1215 3356 1270 elatebris
3379 1215 3514 1270 edu-

1932 1316 2054 1360 ctus
2087 1321 2313 1376 serpens
2340 1306 2582 1376 objiciat,
2615 1307 2683 1361 ab
2712 1323 2820 1362 uno
2850 1323 2973 1363 esse
3000 1308 3190 1364 dextra
3223 1309 3427 1378 pariter
3459 1315 3514 1361 ct

1934 1395 2181 1463 sinistra,
2212 1397 2355 1466 quod
2393 1397 2570 1467 ipsum
2602 1399 2658 1452 in
2694 1414 2882 1453 eorum
2913 1401 3094 1455 medio
3128 1408 3396 1465 versetur,
3433 1401 3510 1455 sio

1933 1483 2098 1554 hique
2130 1501 2250 1554 quat
2301 1485 2494 1540 dextra
2539 1495 2667 1542 sunt
2710 1489 2978 1552 asciscat,
3040 1489 3216 1558 iisque
3257 1493 3514 1560 gaudeat,

1932 1583 1987 1630 et
2023 1576 2212 1629 eadem
2253 1575 2570 1633 dextrorum
2619 1589 2682 1630 ac
2716 1578 2939 1632 luminis
2977 1579 3213 1648 appellet
3258 1579 3514 1641 nomine,

247 1670 444 1732 αὐτοῦ,
471 1671 566 1725 κα)⁵
599 1669 692 1722 ὲ.πὶ
718 1666 980 1739 ἀριστερὰ
1005 1664 1232 1735 κείμενα
1263 1664 1565 1718 ἀπωθεῖται
1587 1679 1601 1692 ·
1627 1663 1831 1732 λεγέτω

1937 1673 2125 1720 contra
2158 1680 2288 1720 vero
2321 1665 2545 1720 sinistra
2574 1674 2831 1736 tanquam
2865 1683 2895 1721 a
2937 1683 2995 1723 se
3026 1669 3222 1733 aliena,
3262 1676 3316 1722 et
3345 1669 3397 1721 in
3426 1669 3515 1721 lae-

251 1779 346 1833 μοι
373 1760 535 1815 πόθεν
567 1757 833 1830 λαμϐάνει
859 1755 1063 1828 ταύτην
1089 1755 1188 1826 τὴν
1213 1755 1580 1826 γεωμετρίαν,
1612 1755 1699 1808 ῐνα
1727 1771 1827 1807 κα-

247 1853 361 1917 λῶς
405 1851 643 1924 ῥυθμίσῃ
687 1848 1062 1921 ἀμετάστατον
1089 1845 1266 1914 δεξιάν
1297 1863 1357 1899 τε
1388 1846 1480 1899 καὶ
1525 1845 1824 1916 εὐώνυμον.

250 1948 390 2020 Παρ⁹
405 1949 538 2018 ἡμῖν
560 1946 668 2016 γὰρ
688 1941 838 2010 δεξιὰ
857 1941 1081 2006 εἰκότως
1105 1941 1448 2011 ὀνομάζεται,
1475 1941 1592 2012 ἦτοι
1614 1941 1830 2010 ἀριστε-

251 2039 344 2106 ρὰ,
383 2039 492 2092 ἀπὸ
533 2037 642 2090 τῶν
671 2038 728 2090 ὲν
761 2034 837 2107 τῷ
866 2033 1080 2105 σώματι
1128 2033 1495 2104 πεπηγμένων
1544 2032 1741 2103 μελῶν,
1771 2032 1829 2084 ὲν

244 2125 328 2194 οἷς
358 2128 608 2183 οὐδέποτε
629 2125 896 2198 ὲναλλαγὴ
917 2126 1144 2196 γίνεται.
1175 2124 1256 2178 Τὰ
1279 2124 1334 2177 δὲ
1363 2123 1519 2187 ἐκτὸς
1549 2122 1708 2194 ἡμῶν
1740 2122 1830 2175 δύ-

246 2237 406 2275 ναται
432 2216 571 2273 εἶναι
598 2219 728 2272 ποτὲ
765 2219 864 2290 μὲν
908 2216 1076 2283 δεξιὰ,
1117 2216 1248 2269 ποτὲ
1270 2216 1326 2269 δὲ
1353 2213 1630 2286 εὐώνυμα.
1661 2215 1830 2268 Παντῖ¹

250 2314 355 2386 μὲν
384 2313 490 2385 γὰρ
516 2311 593 2383 τῷ
617 2311 812 2383 ὁρῶντι
833 2311 972 2364 κατὰ
993 2309 1257 2381 ἀνατολὴν
1284 2309 1456 2372 νότος,
1487 2308 1583 2361 εἴτ’
1606 2303 1698 2361 οῦν
1735 2324 1830 2377 με·

249 2403 522 2478 σημϐρία,
552 2403 705 2468 δεξιὰ
732 2401 1097 2474 κληθήσεταιο
1131 2401 1193 2454 τὸ
1219 2399 1390 2470 κλίμα
1413 2399 1470 2452 δὲ
1501 2399 1563 2452 τὸ
1599 2397 1828 2470 βόρειον,

247 2498 370 2569 ἦτοι
399 2494 666 2567 άρκτῷον,
698 2493 1002 2566 ἀριστερόν.
1041 2492 1114 2546 Τὸ
1139 2492 1196 2545 δὲ
1224 2491 1494 2545 ἀνάπαλιν
1517 2491 1610 2543 ἐπὶ
1650 2491 1718 2542 τὰ
1741 2489 1832 2541 δυ-

247 2585 379 2641 τικά
413 2586 552 2657 μέρη
581 2585 1016 2658 άναστραφέντος
1039 2582 1330 2656 ἀνθρώπου
1349 2581 1514 2648 τινὸς,
1542 2580 1832 2654 εὑρεθήσε-

247 2694 342 2731 ται
375 2674 731 2747 ἑτερωνύμως
755 2676 823 2729 τὰ
851 2673 1108 2745 κλίματα,
1139 2674 1276 2745 ὅπερ
1319 2673 1428 2745 πρὸ
1469 2672 1616 2744 ὥρας
1659 2669 1832 2736 δεξιὸν

250 2769 484 2839 ὑπῆρχε,
509 2768 682 2822 νότιόν
728 2783 790 2820 τε
841 2764 1230 2838 μεσημϐρινὸν,
1259 2766 1340 2829 εἰς
1386 2763 1651 2836 ἀριστερὰ
1677 2759 1832 2827 αὖθις

252 2858 722 2932 μεταϐαλλόμενον
744 2875 757 2889 ⁸
788 2858 882 2912 καὶ
924 2857 986 2911 τὸ
1019 2857 1099 2920 είς
1131 2855 1396 2929 ἀριστερὰ
1432 2855 1526 2910 τοῦ
1569 2873 1712 2920 τινος
1740 2873 1834 2910 κε.

250 2951 511 3023 κλιμένον
558 2948 866 3022 ἀνθρώπου,
896 2950 994 3003 εἰτ’
1021 2945 1115 3002 οὖν
1165 2947 1435 3020 ἁρκτῷον,
1478 2947 1578 3000 εἰτ’
1613 2943 1706 3002 οὖν
1740 2947 1831 3018 βό-

1929 1774 1995 1811 va
2013 1763 2165 1827 parte
2184 1756 2449 1812 collocata
2480 1756 2742 1828 repudiet;
2763 1758 2931 1822 dicat,
2960 1773 3165 1827 quaeso,
3194 1761 3338 1814 unde
3363 1759 3514 1813 illam

1931 1849 2281 1919 geometriam
2307 1847 2575 1912 hauserit,
2603 1857 2661 1902 ut
2689 1848 2935 1903 dextram
2976 1850 3365 1921 sinistramque
3395 1853 3515 1906 sine

1929 1941 2039 1995 ulla
2075 1940 2376 1995 mutatione
2405 1947 2746 1995 constantem
2767 1940 3052 1997 commode
3073 1942 3345 1997 metiatur.
3377 1943 3515 1999 Nam

1930 2031 2074 2101 apud
2124 2047 2226 2087 nos
2276 2032 2468 2086 dextra
2523 2031 2820 2087 sinistrave
2881 2037 3241 2103 quorumdam
3301 2038 3516 2093 ratione

1929 2123 2324 2188 membrorum,
2357 2139 2479 2193 qua:
2513 2123 2620 2176 lixa
2657 2131 2806 2188 sunt,
2848 2125 3044 2179 merito
3078 2135 3362 2194 vocantur,
3393 2145 3515 2199 qua:

1930 2213 2230 2282 permutari
2264 2213 2495 2268 invicem
2548 2224 2846 2284 nequeunt.
2889 2214 3022 2281 Quae
3053 2233 3184 2272 vero
3219 2227 3372 2273 extra
3413 2236 3516 2276 nos

1931 2313 2082 2368 sunt,
2114 2306 2252 2360 alias
2284 2304 2474 2360 dextra
2508 2304 2674 2370 ﬁunt,
2719 2306 2855 2361 alias
2895 2306 3139 2362 sinistra.
3174 2309 3384 2363 Etenim
3420 2313 3514 2380 qui

1930 2412 1990 2452 se
2012 2396 2079 2451 ad
2112 2398 2379 2452 orientem
2409 2397 2728 2461 obverterit,
2760 2397 2849 2453 hic
2868 2399 2937 2453 ad
2957 2398 3238 2454 dexteram
3266 2412 3514 2457 austrum

1930 2488 2044 2545 sive
2070 2490 2350 2544 meridiem
2385 2489 2626 2554 habebit,
2667 2490 3070 2560 septentriones
3104 2491 3171 2546 ad
3203 2494 3507 2549 sinistram.

1933 2577 2028 2635 Sin
2059 2582 2400 2636 occidentem
2439 2597 2634 2638 versus
2663 2598 2784 2638 sese
2833 2585 3182 2649 converterit,
3211 2586 3399 2641 mundi
3437 2589 3514 2642 illi

1920 2671 2187 2728 cardines
2247 2671 2482 2728 diversis
2537 2673 2856 2728 nominibus
2906 2672 3242 2741 adicientur;
3286 2693 3516 2748 quaeque

1931 2763 2095 2834 paulo
2113 2771 2240 2818 ante
2267 2762 2458 2818 dextra
2484 2762 2662 2818 fuerat
2685 2763 2961 2830 meridies,
2993 2764 3048 2819 in
3083 2767 3363 2822 sinistram
3390 2783 3515 2821 mu-

1931 2855 2184 2910 tabitur:
2227 2869 2348 2924 quae
2399 2855 2468 2909 ad
2511 2854 2792 2911 sinistram
2839 2871 3061 2928 vergere
3093 2857 3379 2913 dicebatur
3412 2859 3516 2914 ho-

1935 2944 2100 3000 minis
2136 2944 2474 3014 aquilonaris
2500 2945 2674 3016 regio,
2709 2945 2778 3000 ad
2815 2945 3095 3000 dexteram
3125 2963 3250 3003 esse
3281 2948 3515 3008 dicetur.

253 3061 400 3114 ρειον
447 3042 638 3114 κλίμα,
671 3043 752 3107 είς
783 3041 962 3109 δεξιὰν
994 3039 1162 3094 αὐτοῦ
1193 3037 1679 3110 μεταϐαλλόμενον.
1719 3038 1830 3093 Ποῦ

1937 3036 2168 3092 Ubinam
2206 3051 2338 3106 ergo
2374 3045 2648 3092 veterator
2674 3038 2776 3093 iste
2805 3055 2961 3094 suam
3005 3041 3152 3095 illam
3186 3042 3517 3099 modulanda

247 3131 433 3191 τοίνυν
454 3135 483 3188 ὁ
502 3131 757 3200 ἀπατεὼν
786 3132 1012 3204 ἐφεῦρεν
1047 3129 1224 3202 ἑαυτῷ
1257 3130 1354 3202 τὴν
1379 3129 1520 3185 κατά
1543 3130 1677 3184 Θεὸν
1698 3147 1837 3198 γεω-

254 3228 524 3302 μετρίαν;
557 3227 668 3282 Καὶ
713 3226 759 3280 ὣ
801 3228 900 3297 τῆς
943 3224 1196 3296 τοιαύτης
1244 3224 1446 3295 πολλῆς
1493 3223 1833 3297 ληρολογίας,

251 3323 356 3394 τῆς
377 3320 447 3374 τὰ
473 3320 650 3374 πάντα
693 3318 1053 3390 συγχεούσηςί
1088 3319 1290 3372 Φάσκει
1327 3317 1383 3370 δὲ
1415 3316 1554 3387 μετὰ
1590 3315 1651 3370 τδ
1681 3315 1839 3369 ὑστέ-

256 3429 414 3484 ρημα
438 3409 550 3481 (85)
579 3409 674 3463 τοῦ
705 3410 997 3481 τριάκοντα
1017 3414 1034 3443 ⁸
1065 3411 1270 3475 Αἰῶνος
1295 3409 1642 3482 γεγενῆσθαι.
1663 3409 1836 3464 Πόθεν

253 3507 368 3580 ἄρα
393 3507 492 3578 τὴν
519 3505 612 3560 τοῦ
638 3491 1013 3578 ὑστερήματος
1041 3507 1199 3578 φύσιν
1219 3507 1571 3577 κατείληφας,
1593 3499 1640 3559 ὧ
1658 3500 1834 3568 οὗτος,

252 3600 288 3671 ἢ
322 3599 641 3653 ἀποστᾶσαν
661 3597 910 3669 δύναμιν,
929 3599 1055 3666 λέγε
1075 3615 1090 3664 ;
1112 3599 1174 3652 Ei
1198 3598 1297 3670 μὲν
1325 3597 1435 3670 γὰρ
1459 3590 1617 3667 εὗρες
1631 3596 1835 3666 ταύτην

255 3689 369 3744 ἀπὸ
403 3687 782 3759 βλαπήματος
812 3685 921 3740 τῶν
947 3686 1080 3750 ἄνω,
1105 3687 1165 3739 οὐ
1198 3685 1442 3755 κτιστὴν,
1475 3681 1610 3737 ἀλλὰ
1644 3699 1836 3753 γεννη-

253 3781 379 3852 τὴν,
415 3778 600 3850 ἐπειδὴ
627 3777 708 3830 σοί
739 3794 800 3830 τε
828 3777 1020 3848 καὶτῷ
1046 3794 1140 3830 σου
1174 3775 1438 3848 ἐπιστάτῃ
1461 3774 1561 3828 οὐκ
1583 3772 1836 3843 ἐκτισμέ-

250 3887 324 3926 να
349 3870 419 3926 τὰ
446 3871 640 3926 κτιστὰ
670 3870 934 3942 ὁρίζεται,
959 3868 1094 3923 ἀλλὰ
1120 3867 1382 3938 γεννητά·
1415 3867 1510 3921 καὶ
1553 3865 1661 3920 ἀπὸ
1704 3883 1835 3937 μετ-

183 3957 186 3961 ’
253 3962 443 4026 ουσίας
476 3962 714 4034 ἑκάστης
756 3960 970 4031 φύσεως
1015 3962 1142 4033 παρ’
1173 3960 1409 4029 ἑκάστης
1457 3957 1726 4028 λαϐούσης
1768 3958 1836 4012 τὰ

257 4047 414 4113 αὖθις
455 4049 772 4121 γεννώμενα
815 4047 1180 4118 άναφῦναι.Ἀ
1192 4065 1260 4120 ρα
1290 4064 1353 4116 γε
1387 4045 1530 4101 κατὰ
1554 4047 1644 4099 τὸν
1672 4046 1836 4100 αὑτοῦ

256 4143 416 4212 λόγον
445 4142 588 4196 κατὰ
618 4125 818 4196 σαυτοῦ
844 4139 1061 4213 ὁπλίζῃ.
1098 4141 1162 4192 Εἰ
1193 4139 1300 4211 γὰρ
1326 4138 1434 4192 ἀπὸ
1459 4137 1566 4192 τῶν
1597 4138 1708 4193 ἄνω
1741 4138 1836 4192 καὶ

254 4235 291 4305 ἠ
326 4234 530 4306 ὑστέρα
573 4232 821 4303 δύναμις,
866 4233 962 4284 καὶ
990 4233 1024 4302 ή
1057 4229 1364 4284 ἀποστασία
1392 4229 1701 4300 γεγένηται,
1734 4227 1835 4298 ἔφυ

255 4327 336 4391 δὲ,
367 4327 443 4388 ὡς
470 4327 668 4388 εἰπεῖν,
696 4324 791 4377 καλ¹
834 4323 1163 4394 ἐϐλάστησε·
1195 4321 1410 4392 μετέχει
1450 4321 1557 4392 ἄρα
1584 4321 1694 4374 τῶν
1722 4322 1834 4376 ἄνω
1867 4363 1910 4418 D

256 4417 644 4489 χαρισμάτωνι
692 4415 876 4487 ἐπειδὴ
917 4416 1258 4468 ἐπικοινωνεῖ
1299 4413 1376 4486 τῷ
1423 4413 1758 4484 Πληρώματι
1800 4414 1834 4484 ἡ

258 4505 483 4576 ὑστέρα,
510 4504 605 4556 καὶ
631 4503 692 4556 τὸ
716 4503 999 4576 Πλήρωμα
1023 4505 1090 4574 τῇ
1116 4502 1345 4574 ὑστέρᾳ·
1376 4501 1470 4557 καὶ
1489 4503 1642 4557 οὐδὲν
1665 4520 1836 4575 προσ-

259 4596 614 4666 ενεχθήσεται
644 4594 798 4648 τοῦτο
830 4595 968 4666 πρὸς
997 4596 1190 4660 έκεῖνο,
1219 4593 1342 4648 οὔτε
1362 4597 1535 4649 tum
1563 4593 1698 4666 πρὸς
1717 4592 1838 4647 τοῦ·

259 4704 339 4752 το,
369 4687 648 4758 ἑκατέρων
678 4685 819 4752 κατὰ
865 4685 934 4740 τὰ
971 4685 1219 4758 τέρματα
1259 4685 1509 4757 ἀλλήλοις
1554 4687 1840 4739 ἐπικοινω-

259 4776 516 4832 νοῦντων.
544 4777 656 4830 Καὶ
705 4778 770 4831 ὲκ
819 4776 1022 4841 παντὸς
1051 4777 1210 4846 λόγου
1239 4777 1594 4850 διελεγχθήσῃ
1621 4776 1684 4845 ἐξ
1712 4779 1836 4831 ὲπι-

263 4871 472 4942 σπορᾶς
498 4870 752 4940 δαίμονος
773 4867 910 4940 ἔχων
929 4870 1028 4941 τὴν
1056 4870 1154 4941 τῆς
1181 4869 1389 4942 πλάνης
1417 4887 1510 4923 σου
1543 4869 1836 4943 κόσμησιν,

261 4959 482 5013 πάντων
513 4957 764 5013 ἐλεεινῶν
792 4958 1150 5013 ὲλεεινότατει
1382 4951 1384 4953 “

331 5137 406 5190 1".
445 5136 568 5190 Ἵνα
599 5134 657 5188 δὲ
693 5134 767 5205 μὴ
801 5133 1221 5206 παραλείψωμαί
1245 5151 1298 5187 τι
1319 5132 1428 5187 τῶν
1452 5133 1605 5206 παρά
1627 5151 1733 5187 τισι
1753 5150 1838 5203 γι·

264 5229 504 5300 νομένων
525 5243 588 5281 τε
621 5225 716 5280 καῖ
743 5225 1071 5297 λεγομένων,
1103 5225 1205 5280 κάν
1233 5241 1294 5278 τε
1330 5225 1389 5279 ὲν
1420 5224 1623 5297 ἑκάστῃ
1654 5224 1839 5280 πολλοὶ

331 5384 349 5415 ¹
380 5381 508 5438 For.
537 5379 720 5446 τοῦτο,
755 5387 810 5436 et
845 5398 859 5436 :
885 5377 980 5434 τοῦ
999 5379 1064 5435 ὲκ
1085 5379 1194 5434 τῶν
1223 5397 1406 5452 τριακ.

1937 3127 2048 3184 Deo
2097 3128 2452 3199 geometriam
2502 3129 2744 3199 reperit?
2777 3127 2822 3184 Ο
2856 3131 3231 3187 incredibilem
3289 3134 3528 3190 {utilita-

1935 3228 2067 3284 tem,
2087 3229 2250 3292 atque
2268 3221 2522 3277 universa
2547 3221 2866 3277 miscentem
2889 3224 2901 3276 l
2931 3222 3085 3289 Quod
3111 3241 3237 3280 vero
3259 3235 3383 3296 post
3411 3232 3516 3282 tri-

1936 3314 2085 3385 ginta
2107 3315 2232 3369 illos
2257 3312 2461 3370 Eonas
2480 3312 2750 3369 defectum
2771 3316 3047 3372 exstitisse
3065 3325 3273 3385 narrat,
3300 3319 3431 3381 libet
3449 3321 3517 3376 de

1937 3421 2003 3460 eo
2031 3406 2300 3462 sciscitari
2329 3421 2342 3458 :
2366 3406 2529 3476 210
2549 3405 2696 3463 l-leus
2715 3415 2772 3462 tu
2793 3409 2806 3462 Ξ
2827 3407 2990 3466 Potes
3007 3410 3188 3465 dicere
3207 3412 3350 3468 unde
3366 3413 3517 3470 illius

1935 3493 2183 3551 defectus
2215 3503 2466 3550 naturam
2497 3511 2562 3551 ac
2598 3497 2991 3555 desciscentem
3025 3501 3279 3558 virtutem
3313 3518 3518 3575 cogno-

1935 3587 2116 3640 veris?
2141 3586 2198 3640 Si
2225 3589 2370 3642 enim
2405 3602 2434 3641 a
2466 3591 2840 3658 superioribus
2864 3593 3164 3662 pullulasse
3195 3595 3368 3662 dicas,
3405 3613 3516 3653 non

1936 3686 2197 3745 creatam,
2225 3679 2320 3735 sed
2347 3680 2582 3748 genitam
2620 3699 2634 3736 :
2667 3696 2812 3748 cum,
2845 3699 2912 3738 ex
2935 3692 3028 3738 tua
3055 3700 3119 3740 ac
3155 3690 3402 3757 magistri
3435 3689 3516 3744 tul

1938 3770 2208 3826 sententia
2234 3813 2250 3837 ,
2285 3785 2406 3840 quae
2451 3770 2670 3824 condita
2712 3780 2863 3838 sunt,
2904 3790 3012 3828 non
3045 3784 3228 3831 creata
3275 3777 3512 3846 fuerint,

1939 3863 2034 3920 sed
2075 3864 2256 3934 genita
2302 3882 2316 3918 :
2353 3876 2418 3917 ac
2468 3863 2676 3932 quaevis
2720 3871 2914 3919 natura
2959 3868 3191 3936 quadam
3239 3870 3306 3924 ab
3344 3872 3514 3928 altera

1938 3954 2435 4010 communicatione
2485 3953 2825 4011 transfusum
2877 3956 2931 4011 id
2973 3960 3122 4028 quod
3157 3960 3316 4015 habet
3355 3977 3514 4018 acce-

1936 4047 2102 4115 perit,
2146 4055 2308 4116 atque
2363 4046 2418 4101 in
2466 4046 2642 4102 lucem
2679 4047 2974 4117 prodierit;
3016 4050 3128 4119 jam
3159 4052 3275 4122 ipse
3302 4053 3514 4125 confes-

1939 4137 2095 4194 sione
2133 4145 2228 4192 tua
2276 4137 2526 4194 induaris
2554 4144 2790 4208 oportet.
2832 4138 3042 4194 Etenim
3072 4142 3118 4194 si
3151 4157 3180 4195 a
3216 4144 3516 4214 superiori-

1937 4229 2042 4284 bus
2071 4228 2340 4299 posterior
2372 4227 2462 4281 illa
2491 4227 2664 4282 virtus
2686 4242 2750 4281 ac
2778 4227 3028 4282 defectus
3056 4231 3345 4296 exstiterit,
3371 4233 3515 4289 inde~

1938 4331 2064 4387 que,
2100 4326 2156 4371 ut
2187 4317 2260 4371 ita
2299 4316 2515 4386 loquar,
2547 4315 2850 4386 pullularit,
2904 4319 3007 4371 erit
3025 4319 3184 4388 plane
3212 4321 3559 4395 cmlesﬁump

1942 4415 2391 4463 ornamentorum
2423 4407 2728 4477 particeps,
2760 4409 3198 4480 quandoquidem
3231 4428 3518 4471 commune

1944 4499 2150 4570 aliquid
2187 4514 2314 4554 cum
2359 4499 2664 4556 Pleromate
2690 4501 2850 4556 habet
2880 4502 2968 4556 illa
2997 4504 3287 4572 posterior,
3317 4516 3516 4560 etcum

1945 4591 2259 4663 posteriore
2293 4591 2544 4648 Pleroma
2573 4610 2589 4659 ;
2625 4609 2800 4665 neque
2843 4595 2991 4650 aliud
3034 4595 3102 4650 ab
3131 4597 3305 4652 altero
3349 4598 3519 4652 dissi;

1945 4682 2117 4748 debit,
2149 4699 2272 4738 cum
2305 4693 2535 4755 utraque
2566 4688 2949 4743 communibus
2989 4688 3222 4744 invicem
3270 4689 3521 4745 terminis

1946 4773 2293 4843 capulentur.
2345 4774 2708 4842 Quamobrem
2773 4777 3053 4832 hominum
3108 4779 3516 4836 infelicissima!

1947 4877 2058 4916 non
2085 4863 2306 4918 aliunde
2341 4879 2504 4934 quam
2535 4880 2601 4919 ex
2631 4865 2894 4920 dmmonis
2921 4868 3186 4922 instinctu
3232 4878 3404 4924 totam
3453 4871 3522 4924 il-

1946 4953 2055 5008 lam
2103 4968 2355 5010 errorum
2413 4955 2666 5012 hausisse
2712 4963 3045 5012 structuram
3076 4959 3224 5013 omni
3255 4974 3322 5014 ex
3366 4969 3524 5030 parte

1944 5056 2312 5100 εοιινιιιεθτιε.

2014 5134 2108 5192 Ill.
2165 5135 2269 5192 Sed
2306 5153 2374 5193 ne
2407 5139 2537 5210 quid
2582 5155 2613 5194 a
2653 5141 2812 5198 nobis
2862 5142 3332 5213 praetermittatur,
3374 5147 3518 5213 quod

1948 5241 1979 5282 a
2017 5243 2294 5300 quoquam
2327 5229 2545 5288 dicatur
2575 5242 2669 5288 aut
2699 5233 2814 5304 ﬁat,
2837 5251 2961 5291 cum
2993 5237 3294 5303 praesertim
3338 5239 3521 5309 plures

334 5538 443 5610 (85’)
479 5537 708 5617 φάσκει
733 5533 800 5588 δὲ
817 5533 967 5617 itan
987 5533 1054 5588 τὸ
1076 5533 1401 5617 ὑστέρημα.
1463 5533 1870 5617 omnino,
1911 5541 2105 5613 φάσκει
2144 5543 2202 5599 δὲ
2273 5541 2345 5617 τὸ,
2377 5543 2661 5616 ὑστέρημα
2713 5543 2852 5615 μετὰ
2902 5547 3026 5609 τοὺς
3069 5545 3251 5617 τριάκ.
3291 5541 3514 5606 αἰῶνας.

268 5604 592 5665 ιιυιωευιω
623 5606 858 5664 Secundi
892 5604 1062 5661 fuisse
1098 5606 1420 5661 sententiam
1448 5604 1636 5662 docuit
1680 5625 1736 5664 ιι.
1782 5610 1834 5664 1.
