3956 6070
453 239 552 294 517

1847 233 1903 289 S.
1947 231 2286 289 Ei‘IPHANll
2341 273 2346 278 .

3605 231 3716 283 548

453 353 566 408 sint
596 352 650 406 in
681 350 870 408 eadem
904 361 1052 409 secta
1092 353 1393 424 principes,
1419 353 1512 423 qui
1539 352 1773 410 diversis
1802 355 2030 409 concin-

2147 350 2244 407 ιῐεν
2268 355 2314 408 οἱ
2336 353 2572 425 ἕξαρχοι,
2599 353 2691 406 καὶ¹
2713 351 3004 423 αὐχοῦντες
3029 350 3190 423 ἔτερα
3213 348 3325 403 ἀνθ’
3347 347 3551 419 ἐτέρων
3573 347 3715 419 ὑπὲρ

453 445 649 499 nandis
688 442 890 498 fabulis
913 445 1199 513 magistros
1228 445 1391 499 etiam
1437 444 1585 513 ipsos
1630 459 1889 514 superare
1913 461 2033 502 sese

453 533 779 604 gloriantur,
818 535 943 588 volo
972 534 1027 588 in
1069 535 1137 590 iis
1173 537 1694 602 commemorandis,
1735 538 1828 608 qui
1858 539 1913 592 in
1943 553 2034 594 ea-

454 625 577 680 dem
621 626 810 680 haresi
855 635 1016 690 sunt,
1065 627 1160 682 sed
1212 628 1316 681 alia
1347 631 1595 696 quadam
1628 629 1852 700 insuper
1884 645 2034 686 asse-

457 727 602 781 runt,
639 717 915 787 paulisper
947 719 1249 774 immorari.
1292 719 1632 792 Epiphanem
1679 723 2035 793 alquelsido-

455 823 574 860 rum
600 809 843 878 intelligo
880 827 893 862 :
935 809 1028 878 qui
1053 811 1497 866 cuhortatiouum
1534 827 1599 867 ac
1629 819 2029 882 praceptorum

455 899 638 967 specie
669 899 720 953 in
756 899 1164 970 profundiorem
1195 917 1316 959 sese
1350 903 1690 960 infelicitatis
1718 905 2030 975 voraginem

456 991 746 1046 immersit.
774 993 840 1046 Et
875 1007 1001 1047 cum
1029 1009 1059 1047 a
1089 993 1420 1064 Carpocrate
1448 1004 1674 1064 parente
1708 1011 1808 1051 suo
1848 1010 2035 1062 revera

456 1077 580 1134 falsi
615 1080 885 1151 dogmatis
915 1082 1134 1137 initium
1164 1086 1460 1154 acceperit,
1493 1086 1557 1139 ad
1585 1084 1823 1142 Secundi
1852 1093 2034 1141 tamen

456 1172 747 1240 opiniones
805 1173 1063 1238 adhasit,
1121 1183 1174 1229 et
1212 1177 1281 1229 ad
1329 1175 1711 1232 Secundianos
1763 1177 2036 1252 ascriptus

457 1271 559 1317 est.
595 1261 652 1316 In
678 1263 871 1333 primis
900 1267 1043 1319 enim
1074 1281 1268 1336 magna
1298 1274 1382 1322 est
1403 1267 1774 1323 aberrantium
1809 1269 2034 1324 istorum

457 1353 738 1406 hominum
770 1368 801 1406 a
837 1370 897 1409 se
928 1354 1156 1410 invicem
1188 1356 1483 1424 dissensio,
1515 1366 1572 1412 et
1596 1359 1932 1414 inanissima
1965 1358 2038 1412 lo-

456 1444 754 1514 quacitatis
795 1444 1072 1499 incondita
1113 1447 1359 1516 quadam
1403 1463 1467 1502 ac
1500 1449 1818 1518 perturbata
1858 1449 2039 1503 varie-

459 1518 562 1590 tas:
603 1535 760 1600 Nam,
786 1545 846 1589 ut
885 1537 953 1591 ab
988 1537 1269 1609 Epiphane
1297 1539 1517 1605 ordiar,
1558 1539 1906 1609 Carpocratis
1937 1541 2039 1594 istc

458 1628 636 1691 filius,
668 1643 733 1682 ex
771 1629 1098 1684 Alexandria
1145 1640 1324 1686 matre
1350 1671 1365 1693 .
1421 1631 1527 1686 hoc
1556 1633 1702 1686 enim
1752 1632 1802 1686 ei
1838 1646 2035 1686 nomen

2135 447 2258 509 τοὺς
2278 445 2456 499 αὐτῶν
2474 445 2824 507 διδασκάλους
2852 443 3281 515 μυθοποιείσθαι,
3303 442 3383 495 ἔτι
3405 441 3680 511 ἐπιμένων
3697 443 3712 471 ¹

2136 535 2512 607 ὑφηγούμενος
2545 536 2671 599 τοὺς
2702 536 2760 588 ἐν
2787 535 2923 605 αὐτῇ
2981 536 3046 605 τῇ
3100 532 3310 603 αἱρέσει
3340 533 3520 594 δντας,
3549 530 3715 600 ἕτερα

2133 627 2190 680 δὲ
2236 627 2387 700 παρὰ
2427 627 2630 680 τούτων
2659 626 2933 696 λέγοντας,
2964 624 3107 694 φημὶ
3136 623 3192 676 δὲ
3236 623 3363 694 περὶ
3387 622 3714 690 Ἐπιφάνους

2133 717 2227 772 τοῦ
2256 717 2528 789 ’ῐσιδώρον
2560 721 2622 771 ἐκ
2656 718 2981 789 προφάσεως
3011 715 3410 788 παραινετικῶν
3453 714 3714 785 ῥημάτων

2134 809 2324 864 ἑαυτὸν
2354 809 2434 863 ἔτι
2454 812 2534 872 είς
2556 815 2940 881 περισσότερον
2966 806 3125 878 βυθὸν
3167 805 3542 877 ταλαιπωρίας
3582 821 3711 857 κατ-

2135 903 2451 970 αγαγόντος.
2487 901 2709 967 Τὰλτθῆ
2743 901 2843 968 μὲν
2885 895 3000 964 οὖν,
3023 900 3130 953 ἀπὸ
3159 897 3593 976 Καρποκράτους
3619 895 3711 949 τοῦ

2138 995 2268 1048 ίδίου
2313 995 2518 1067 πατρὸς
2559 995 2698 1049 κατὰ
2742 1000 2917 1066 σάρκα
2951 994 3235 1065 εἰληφότος
3262 991 3359 1054 τὰς
3390 992 3713 1063 προφάσεις.

2139 1086 2485 1157 συνημμένου
2519 1086 2577 1139 δὲ
2600 1087 2666 1157 τῇ
2697 1087 2904 1153 αἱρέσει
2933 1083 3027 1138 τοῦ
3057 1083 3455 1156 προειρημένου
3484 1082 3714 1135 Σεκούν-

2135 1173 2245 1238 δου,
2282 1175 2377 1227 καὶ
2407 1174 2572 1229 αὐτοῦ
2601 1174 2706 1228 τῶν
2731 1173 3126 1228 Σεκουνδιανῶν
3156 1174 3510 1244 ὑπάρχοντος.
3540 1169 3715 1243 Πολλὴ

2136 1267 2245 1337 γὰρ
2274 1265 2505 1320 ἑκάστου
2530 1265 2636 1319 τῶν
2667 1265 3098 1336 πεπλανημένων
3121 1268 3254 1336 ’πρὸς
3277 1264 3368 1318 τὸν
3393 1263 3581 1333 ἕτερον
3599 1263 3715 1316 δια-

2137 1357 2300 1428 φορὰ,
2334 1357 2429 1410 καὶ
2463 1355 2837 1428 συρφετώδης,
2877 1357 2954 1420 ὡς
2994 1359 3186 1419 εἰπεῖν,
3220 1353 3514 1425 πολυμιξία
3559 1351 3716 1407 κενὸ-

2140 1447 2365 1519 φωνίας.
2399 1441 2564 1512 Οὗτος
2611 1449 2719 1519 γὰρ
2745 1450 2773 1502 6
2799 1447 3101 1519 Ἐπιφὰνης
3135 1447 3266 1516 (86),
3300 1446 3376 1509 ὼς
3409 1446 3568 1516 ἔφην,
3602 1445 3714 1508 υίὸς

2139 1539 2215 1592 ὣν
2261 1539 2713 1611 Καρποκράτους,
2769 1539 2975 1610 μητρὸς
3019 1539 3076 1592 δὲ
3121 1536 3531 1608 Ἀλεξανδρείας
3577 1535 3716 1588 οὕτω

2141 1631 2499 1701 καλουμένης,
2538 1628 2767 1693 τούτοις,
2801 1630 2874 1691 ὡς
2907 1632 3186 1701 προεῖπον,
3222 1628 3574 1690 συνάπτεται,
3612 1626 3718 1680 ἀπὸ

457 1719 580 1784 fuit,
611 1723 678 1777 ad
730 1723 876 1789 illos,
909 1724 985 1776 uti
1014 1724 1275 1787 diximus,
1319 1731 1660 1794 aggregatur,
1687 1723 1778 1793 qui
1829 1732 1896 1777 ex
1932 1722 2037 1776 Ce-

2147 1721 2516 1793 Κεφαλληνίας
2547 1721 2646 1792 μὲν
2672 1721 2735 1774 τὸ
2765 1721 2900 1790 πρὸς
2925 1720 3128 1790 πατρὸς
3151 1715 3305 1789 γένος
3330 1719 3421 1779 ὢν,
3451 1719 3716 1771 ἑπτακαι-

457 1812 727 1881 phallenia
772 1823 999 1883 paterno
1049 1830 1248 1884 genere
1292 1815 1596 1879 oriundus,
1629 1829 1756 1868 cum
1803 1813 1871 1868 ad
1922 1827 2033 1867 xv"

455 1904 640 1959 atatis
671 1920 874 1959 annum
917 1907 1280 1975 pervenisset,
1307 1907 1596 1960 immatura
1627 1915 1802 1962 morte
1838 1922 2039 1977 prare-

464 2005 592 2064 plus
623 2004 729 2051 est.
756 1997 1024 2050 Nimirum
1054 1998 1360 2052 sceleratos
1385 1998 1630 2053 homines
1653 1997 1795 2054 Deus
1823 1999 1901 2054 sic
1916 2006 2040 2052 tan-

459 2101 620 2153 quam
653 2087 840 2156 spinas
869 2088 1096 2151 evulsit,
1123 2087 1469 2158 humanoque
1496 2089 1679 2158 generi
1716 2090 1910 2145 melius
1939 2089 2040 2144 ali-

458 2178 586 2247 quid
624 2178 881 2248 providit.
918 2178 1048 2232 Post
1083 2179 1230 2233 illius
1260 2178 1468 2231 obitum
1503 2178 1571 2234 iis
1609 2179 1702 2249 qui
1739 2180 1807 2233 ab
1840 2195 1906 2234 eo
1945 2179 2041 2236 de-

457 2271 598 2339 cepti
633 2269 848 2322 fuerant
878 2269 1036 2340 plaga
1077 2269 1165 2322 illa
1195 2269 1372 2324 letalis
1411 2269 1660 2324 adhasit.
1700 2268 1766 2322 Et
1804 2270 1858 2324 in
1900 2271 2040 2324 hanc

460 2377 632 2431 usque
645 2362 788 2416 diem
808 2361 861 2415 in
883 2361 1061 2416 insula
1081 2360 1244 2415 Samo
1261 2360 1460 2414 divinis
1477 2360 1775 2415 honoribus
1788 2360 2038 2416 adicitur.

459 2451 596 2507 Nam
634 2453 826 2508 incola
866 2452 1126 2522 templum
1157 2452 1206 2507 ei
1239 2451 1641 2516 condiderunt,
1675 2452 1831 2520 211
1870 2460 1923 2507 et
1959 2453 2042 2507 in-

459 2555 623 2601 eunte
650 2560 836 2601 mense
873 2559 1031 2600 sacra
1057 2544 1303 2614 diradam
1329 2558 1393 2598 ac
1414 2545 1769 2599 caeremonias
1792 2545 1996 2598 obeunt
2023 2560 2037 2598 :

461 2651 560 2691 nec
595 2650 704 2690 non
739 2644 885 2690 artes
913 2643 967 2690 et
998 2649 1247 2689 muscum
1284 2633 1353 2688 ad
1393 2633 1704 2689 detestandi
1751 2633 1900 2687 illius
1951 2649 2045 2686 no-

460 2729 626 2784 minis
668 2728 989 2784 memoriam
1033 2733 1469 2790 consecrarunt;
1506 2723 1806 2795 Epiphanis
1842 2724 2044 2795 quippe

461 2819 706 2873 Museum
747 2819 1045 2888 appellant.
1077 2815 1443 2884 Cephallenii,
1474 2814 1719 2883 inquam,
1749 2827 1815 2867 eo
1855 2827 2045 2866 vecor-

460 2909 562 2964 dia
587 2907 864 2977 progressi
894 2914 1043 2969 sunt,
1081 2912 1142 2958 ut
1169 2912 1225 2958 et
1268 2903 1316 2958 ei
1348 2903 1618 2958 sacriﬁcia
1651 2917 1715 2956 ac
1754 2903 2040 2958 libationes

460 2994 710 3056 offerant,
747 3001 802 3049 et
862 2993 918 3048 in
987 2993 1114 3048 fano
1174 2993 1322 3049 illius
1377 2992 1595 3062 epulum
1659 2991 1957 3062 prabeant,
1991 3000 2044 3048 et

463 3052 775 3154 hymnos'in
816 3083 937 3152 ejus
967 3083 1227 3138 honorem
1259 3052 1572 3138 conci-nant.
1595 3052 1796 3137 Habuit
1819 3052 1954 3138 vero
1977 3083 2044 3138 ad
2072 3052 2119 3115 ο

433 3177 712 3234 .iufelices
745 3177 867 3231 illos
891 3175 1278 3244 decipiendos,
1329 3190 1396 3230 ac
1444 3191 1554 3230 non
1608 3173 1772 3229 modo
1816 3174 1883 3229 ad
1921 3189 2042 3229 eam

461 3278 693 3334 sectam,
733 3268 830 3325 sed
876 3274 931 3324 et
964 3267 1032 3321 ad
1072 3267 1220 3322 aliud
1249 3283 1422 3338 genus
1454 3266 1682 3329 erroris,
1715 3266 1818 3321 hoc
1863 3279 1946 3322 est
1974 3268 2042 3322 si-

461 3363 828 3418 mulacrorum
883 3359 1330 3429 superstitionem
1381 3356 1747 3412 traducendos
1786 3371 2038 3425 magnam

462 3453 773 3510 illecebram
804 3451 1074 3522 exquisita
1104 3448 1356 3520 quadam
1403 3448 1641 3505 hominis
1679 3448 1916 3504 eruditio
1936 3490 1952 3516 ,
1985 3457 2040 3504 et

463 3559 588 3599 cum
612 3543 665 3596 in
690 3543 839 3598 omni
868 3541 1227 3595 humanitatis
1254 3553 1472 3610 genere,
1508 3547 1622 3592 tum
1655 3538 1708 3592 in
1745 3537 2039 3594 Platonicis

463 3635 812 3706 dogmatibus
841 3633 1085 3703 apprime
1127 3629 1501 3697 versatam—Qui
1541 3631 1761 3701 quidem
1805 3630 2040 3702 Epipha-

2141 1815 2368 1886 δεκαέτη
2400 1813 2601 1884 βιώσας
2629 1813 2839 1885 χρόνον,
2873 1813 3066 1866 Θᾶττον
3090 1811 3180 1866 τὸν
3217 1810 3714 1882 βίονκατέστρεψε,

2139 1905 2233 1958 τοῦ
2268 1903 2473 1974 Κυρίου
2507 1902 2698 1973 ὥσπερ
2724 1902 2968 1972 ἀκάνθας
3010 1902 3136 1964 τοὺς
3181 1900 3418 1971 φαύλους
3443 1900 3716 1954 ἀπαλλάσ-

2141 2013 2342 2061 σοντος,
2366 1997 2611 2069 κρεῖττόν
2635 2015 2686 2050 τι
2714 1997 2844 2068 περὶ
2869 1997 2966 2067 τῆς
2987 1998 3310 2070 οἰκουμένης
3339 1995 3715 2070 προνοοῦντος.

2139 2088 2293 2141 Μετὰ
2324 2088 2381 2141 δὲ
2409 2088 2506 2159 τὴν
2539 2088 2702 2142 αὐτοῦ
2725 2089 2984 2160 τελευτὴν
3017 2090 3066 2142 οἱ
3098 2089 3234 2158 πρὸς
3253 2087 3416 2143 αὑτοῦ
3445 2088 3718 2157 πεπλανη-

2145 2180 2296 2250 μένοι
2322 2182 2418 2252 τῆς
2442 2181 2538 2236 ἀπ’
2559 2181 2722 2236 αὐτοῦ
2754 2181 2967 2254 πληγῆς
2991 2183 3089 2236 οὐκ
3109 2182 3426 2252 ἀπέσχοντο.
3445 2180 3534 2233 Ἐν
3556 2180 3718 2249 Σάμῳ

2141 2271 2250 2341 γὰρ
2281 2269 2356 2334 ὡς
2397 2271 2515 2335 Θεὸς
2547 2271 2658 2338 (87)
2689 2270 2768 2324 ἔτι
2796 2271 2888 2323 καὶ
2916 2272 2996 2335 είς
3021 2270 3178 2342 δεῦρο
3209 2271 3460 2340 τιμᾶται.
3485 2269 3716 2339 Τέμενος

2139 2363 2248 2432 γὰρ
2277 2361 2424 2429 αὐτῷ
2457 2360 2772 2432 ἱδρύσαντες
2802 2363 2852 2415 οί
2883 2361 3188 2433 ἐπιχώριοι,
3218 2361 3408 2424 θυσίας
3451 2362 3548 2413 καὶ
3574 2359 3721 2412 τελε-

2140 2451 2240 2514 τὰς
2258 2451 2564 2505 ἐπιτελοῦσι
2589 2452 2727 2506 κατὰ
2748 2453 3057 2524 νεομηνίαν,
3085 2453 3301 2524 βωμοὺς
3319 2452 3374 2505 δέ
3395 2451 3546 2522 αὐτῷ
3567 2451 3717 2522 ἐστη-

2146 2557 2266 2605 σαν,
2292 2542 2386 2594 καὶ
2415 2545 2662 2613 μουσεῖον
2706 2545 2786 2606 εἰς
2823 2543 2994 2614 ὄνομα
3024 2544 3188 2598 αὑτοῦ
3220 2545 3587 2615 περίπτυστον
3628 2543 3715 2596 ἀν-

2144 2633 2461 2702 εστήσαντο,
2493 2634 2554 2686 τὸ
2598 2633 2661 2704 δὴ
2693 2635 3022 2702 Ἐπιφὰνους
3073 2637 3322 2705 μουσεῖον
3364 2634 3714 2704 καλούμενον.

2143 2721 2341 2777 Θύουσι
2371 2724 2482 2795 γὰρ
2514 2725 2661 2796 αὐτῷ
2693 2727 2741 2780 οἱ
2771 2726 3123 2797 Κεφαλλῆνες
3163 2729 3243 2791 είς
3273 2727 3542 2798 τοσαύτην
3589 2726 3714 2780 nid-

2144 2830 2242 2884 νην
2288 2814 2629 2887 ἐληλακότες,
2659 2816 2753 2869 καὶ
2801 2817 3103 2883 σπένδουσι,
3141 2819 3235 2872 καὶ
3268 2819 3323 2870 ἐν
3345 2817 3422 2888 τῷ
3455 2818 3716 2889 ἱδρυμένῳ

2145 2907 2309 2962 αὑτοῦ
2357 2908 2575 2979 τεμένει
2621 2894 2982 2981 εὐωχοῦνται*
3019 2909 3222 2981 ὕμνους
3245 2910 3300 2963 δὲ
3333 2909 3481 2980 αὐτῷ
3515 2909 3714 2980 ᾅδουσι.

2148 3000 2226 3051 Δι’
2254 2998 2559 3071 ὑπερϐολὴν
2590 3000 2647 3054 δὲ
2689 3000 2790 3070 τῆς
2833 3002 3039 3054 ἐκείνου
3074 3000 3321 3063 παιδείας
3343 2999 3636 3069 ἐγκυκλίου
3662 3016 3718 3052 τε

2149 3090 2242 3143 καὶ
2270 3091 2619 3162 Πλατωνικῆς
2655 3092 2688 3162 ή
2721 3093 2869 3146 πᾶσα
2900 3093 3012 3156 τοῖς
3045 3091 3469 3164 προειρημένοις
3494 3091 3638 3144 κατά
3664 3107 3719 3143 τε

2147 3181 2248 3252 τὴν
2277 3179 2486 3252 αἵρεσιν
2515 3183 2608 3235 καὶ
2637 3182 2777 3236 κατὰ
2801 3183 2900 3254 τὴν
2937 3183 3129 3254 ἑτέραν
3171 3181 3402 3252 πλάνην,
3443 3180 3590 3249 λέγω
3629 3180 3721 3251 τὴν

2147 3274 2228 3336 είς
2257 3273 2646 3344 είδωλομανίαν
2676 3275 2804 3338 τοὺς
2833 3274 3159 3345 ἐπιχωρίους
3185 3273 3481 3346 τρέψασαν,
3504 3273 3720 3342 γέγονεν

2147 3363 2240 3416 ἀπ’
2265 3365 2430 3418 αὐτοῦ
2471 3366 2675 3435 ἀπάτη.
2706 3366 2996 3420 Συνείπετο
3022 3365 3152 3435 γοῦν
3178 3362 3332 3430 οὗτος
3360 3369 3390 3420 6
3421 3365 3721 3435 Ἐπιφάνης

2146 3455 2423 3527 Σεκούνδῳ
2455 3456 2550 3511 καὶ
2580 3460 2691 3521 τοῖς
2719 3457 2856 3528 ἀμφ’
2879 3457 3061 3512 αὐτόν.
3093 3458 3206 3530 Τὴν
3238 3458 3347 3530 γὰρ
3384 3457 3555 3511 αὑτοῦ
3590 3457 3724 3511 [060-

2145 3544 2265 3598 λίαν
2302 3545 2643 3617 ἀπεμάξατο,
2676 3547 2818 3618 λέγω
2840 3548 2941 3620 τὴν
2984 3548 3086 3619 τῆς
3133 3548 3472 3621 ἐρπετώδους
3521 3547 3723 3618 φθορᾶς

2147 3639 2575 3708 περιττολογίαν.

465 3748 561 3787 nes
587 3731 654 3786 ad
684 3728 995 3785 Secundum
1023 3743 1083 3783 se
1109 3736 1271 3798 atque
1292 3727 1413 3795 ejus
1449 3725 1694 3782 fautores
1752 3727 2079 3797 applicavit;
2116 3730 2371 3805 illiusque
2421 3735 2476 3790 in
2525 3751 2586 3792 se
2624 3737 2799 3804 virus,
2844 3737 2951 3794 hoc
2994 3745 3079 3794 est
3126 3736 3389 3794 imbutam
3459 3741 3722 3791 venenata

463 3821 696 3895 quadam
731 3826 881 3890 peste
909 3817 1294 3887 loquacitatem
1325 3813 1616 3884 expressit.

530 3915 621 3970 lV.
671 3913 940 3970 lsidorum
981 3927 1111 3967 vero
1159 3917 1386 3964 narrant
1421 3908 1749 3979 quibusdam
1780 3909 2048 3968 Cohorta-

463 4009 670 4063 tionum
700 4005 856 4062 libris
883 4004 1142 4074 nequitia
1163 4018 1277 4058 sua
1307 4001 1655 4056 fundamenta
1675 4003 1898 4072 jecisse.
1937 4004 2046 4061 Sed

464 4109 646 4154 utrum
687 4097 878 4153 eadem
921 4096 968 4150 is
1008 4110 1071 4150 ex
1109 4101 1292 4156 secta,
1341 4100 1504 4162 atque
1546 4092 1740 4147 iisdem
1774 4096 2047 4164 opinioni-

463 4191 565 4246 bus
595 4187 890 4252 exstiterit,
921 4200 989 4240 an
1022 4201 1089 4240 ex
1123 4183 1579 4256 philosophorum
1619 4183 1910 4254 disciplina
1951 4200 2046 4240 co-

2219 3913 2292 3966 A'.
2334 3912 2606 3984 Ἰσίδωρον
2626 3911 2683 3966 δέ
2709 3912 3009 3981 φάσκουσιν
3027 3911 3140 3983 (88)
3166 3915 3223 3967 ἐν
3247 3915 3610 3985 παραινέσεσι
3630 3919 3723 3991 τῆς

2147 4001 2315 4056 αὐτοῦ
2353 4001 2651 4073 μοχθηρίας
2680 4000 2850 4056 αἴτιον
2879 4003 3227 4074 γεγενῆσθαι.
3263 4005 3326 4059 Et
3357 4005 3412 4058 δὲ
3443 4009 3539 4060 καὶ
3568 4008 3721 4073 αὺτδς

2147 4096 2214 4149 τὰ
2241 4096 2330 4148 ῐσα
2359 4095 2592 4166 φρονῶν,
2628 4096 2722 4148 καὶ
2762 4092 2822 4159 ἐξ
2855 4094 3032 4149 αὐτῶν
3061 4093 3380 4166 ὁρμώμενος
3407 4097 3720 4169 ἐτύγχανεν,

2144 4187 2179 4258 ἢ
2217 4189 2282 4239 ἐκ
2314 4186 2618 4254 φιλοσόφων
2655 4185 2842 4257 μαθὼν
2875 4187 3262 4258 παραινετικός
3292 4205 3376 4251 τις
3427 4191 3522 4242 καὶ
3569 4192 3719 4256 αὐτὸς

463 4279 836 4334 hortationum
867 4273 1064 4330 artifex
1107 4288 1232 4328 esse
1261 4271 1552 4337 didicerit,
1598 4270 1738 4325 certi
1781 4273 1918 4326 nihil
1947 4288 2038 4328 ex-

2147 4277 2414 4346 ὑπῆρχεν,
2445 4276 2504 4328 οὐ
2549 4275 2694 4328 πάνυ
2725 4275 2913 4344 σαφῶς
2942 4276 3070 4347 περὶ
3096 4275 3192 4330 τοῦ
3223 4275 3497 4349 Ίσιδώρου
3528 4281 3723 4349 γνῶναι

459 4370 678 4439 plorare
706 4366 1014 4420 docuimus.
1063 4363 1352 4434 Utcunque
1385 4380 1443 4420 se
1487 4380 1574 4422 res
1600 4365 1820 4430 habeat,
1853 4365 1908 4419 in
1941 4378 2038 4420 eo-

464 4460 586 4514 dem
625 4472 816 4514 omnes
845 4455 1166 4512 consuendo
1197 4456 1450 4526 dogmate
1479 4464 1796 4513 versantur.

535 4550 592 4604 In
617 4549 808 4621 primis
844 4547 1156 4618 Epiphanes
1198 4545 1330 4601 illud
1354 4561 1479 4601 cum
1509 4547 1672 4603 Patre
1691 4588 1706 4612 ,
1738 4546 2041 4618 eodemque

455 4643 690 4699 'l;arcsis
719 4640 1006 4696 conditore
1029 4641 1362 4708 Carpocrate
1395 4639 1659 4708 decrevit,
1693 4642 2039 4711 promiscuae

539 4795 704 4853 ‘For.
741 4795 1004 4872 ἐπιμενῷ.
1038 4793 1196 4849 Addo
1229 4793 1468 4851 καὶτοῦ.

535 4962 646 5032 (86)
690 4957 877 5028 Οὗτος
905 4959 1016 5032 γὰρ
1050 4962 1082 5014 ὀ
1116 4957 1458 5032 imprime.
1488 4956 1563 5013 Ex
1592 4956 1856 5032 Clement.
1880 4958 2037 5015 Alex.

469 5047 524 5086 ιιι
545 5027 758 5088 ’διὶοηι
798 5027 922 5088 hac
954 5027 1231 5100 descripta
1266 5035 1435 5100 sunt;
1469 5027 1687 5100 tametsi
1720 5027 1795 5100 ab
1814 5036 2040 5100 auctore

469 5103 586 5170 ipso
634 5107 846 5160 diversa
893 5098 1501 5172 quadamitradiderit;
1534 5099 1834 5172 Clementis
1864 5099 2036 5172 verba

471 5163 781 5230 necessario
813 5163 1215 5227 hic'attexenda
1246 5176 1375 5224 sunt
1403 5187 1416 5223 :
1443 5167 1748 5237 Ἑπιφᾴνης
1779 5163 1952 5232 οὗτος,
1976 5165 2038 5223 οὗ

471 5185 781 5230 necessario
813 5185 900 5227 hic
925 5185 1215 5226 attexenaa
1246 5185 1375 5224 sunt
1403 5187 1416 5223 :
1450 5185 1677 5237 bmzpav
1718 5185 1748 5232 ς
1779 5185 1952 5232 ουτος,
1976 5185 2038 5223 ου

466 5242 560 5292 καὶ
585 5244 649 5295 τὰ
681 5244 1084 5316 συγγράμματα
1111 5239 1411 5316 κομίζεται,
1449 5239 1565 5316 Υἱὸς
1607 5185 2038 5316 ἧνᾯαρποκρᾴ-

467 5308 963 5392 ﬂagitatam;pr
988 5308 1362 5392 ’ᾼλεξανδρςας
1385 5308 1659 5392 τοῦνομα,
1673 5309 1741 5360 τὰ
1903 5308 2038 5392 πρὸς

473 5327 609 5373 τους,
635 5327 728 5366 και
760 5327 963 5434 {impne
994 5327 1362 5380 Αλεςανοριας
1385 5327 1642 5379 τουνομα,
1673 5327 1741 5360 τα
1772 5327 1872 5429 μεν
1903 5327 2038 5392 προς

473 5382 767 5465 πατρὸςᾳςΛ
801 5382 1126 5465 εξανδρεὺςι
1145 5379 1262 5465 ἀπὸ.
1281 5380 1337 5433 δὲ
1375 5379 1578 5465 μητρὸς
1614 5381 1774 5465 Κεφα
1810 5378 2000 5465 ληξψευς
2020 5394 2038 5412 ο

470 5448 627 5519 ἔζησε
668 5453 726 5506 δὲ
771 5453 840 5508 τὰ
881 5448 1059 5504 πάντα
1101 5449 1196 5519 ἔτη
1242 5448 1628 5512 ἑπτακαίδεκα,
1676 5449 1769 5519 καὶ
1809 5448 1930 5519 Θεὸς
1979 5450 2037 5519 ἐν

471 5491 626 5604 Σῗὰμῃ
658 5527 756 5612 τὴς
781 5491 1017 5590 ’Κεφαλλ
1058 5491 1514 5588 νίαςιτετίμηται·
1545 5491 1672 5572 ἔνθα
1711 5518 1860 5588 αὐτῷ
1894 5491 2036 5590 ἱερὸν

471 5594 644 5643 ὁυτων
674 5594 856 5643 λίθων.
892 5538 1063 5643 Βωμᾶ
1085 5630 1100 5643 .
1133 5589 1334 5643 τεμένη
1359 5628 1374 5643 .
1418 5591 1663 5643 μουσεῖον
1689 5587 2035 5643 ὼκοδόμηταί

471 5583 644 5674 ῥυτῶν
674 5583 856 5674 λίθων,
891 5583 1063 5662 βωμοὶ
1085 5630 1100 5652 ,
1133 5583 1335 5674 τεμένῆ
1359 5583 1391 5674 ,ν’
1418 5591 1663 5674 μουσεῖον
1689 5583 2035 5674 ιξικοδὸμηταί

2143 4363 2511 4436 ἠδυνήθημεν.
2542 4363 2689 4436 Πλὴν
2731 4358 2875 4418 οὗτοι
2911 4363 3113 4428 πάντες
3150 4364 3440 4420 καττύονσι
3475 4368 3576 4438 τὴν
3608 4370 3719 4441 ίσην

2147 4457 2548 4528 πραγματείαν.

2217 4547 2439 4621 Πρῶτον
2484 4549 2582 4619 μὲν
2611 4547 2693 4601 ὅτι
2719 4545 3028 4618 ἐνομοθέτει
3049 4547 3211 4612 αὐτὸς
3233 4550 3262 4602 6
3291 4548 3601 4622 Ἐπιφανὴς
3634 4553 3723 4605 σὺν

2144 4639 2223 4711 τῷ
2281 4639 2447 4695 αὐτοῦ
2496 4639 2667 4711 πατρί
2713 4655 2775 4693 τε
2819 4639 2913 4694 καὶ
2939 4640 3294 4712 πρωτοστάτῃ
3332 4642 3433 4712 τῆς
3460 4644 3721 4716 αἱρέσεως

2147 4957 2497 5031 Κεφαλλῆνες
2535 4956 2679 5014 κατὰ
2716 4961 3046 5031 νουμηνίαν,
3093 4958 3370 5027 γενέθλιον
3408 4960 3734 5031 ᾲάποθέωσιν

2148 5028 2713 5102 θύουσινξἙπιφάνει,
2765 5028 3048 5102 σπένδουσί
3097 5047 3178 5092 τε,
3223 5029 3596 5102 εὐωχοῦνται,
3639 5031 3736 5082 καί

2149 5098 2308 5185 ὕμνοι
2338 5098 2586 5185 λέγονται
2609 5117 2622 5130 ·
2653 5098 2955 5185 ἐπαιδεύθη.
2986 5099 3084 5185 μέν
3104 5101 3271 5185 ¹’παρὰ
3317 5098 3396 5172 τῷ
3430 5103 3730 5185 πατρὶ-τήν

2146 5166 2207 5222 τε
2249 5166 2539 5238 ἐγκύκλιον
2585 5169 2826 5232 παιδίαν,
2868 5166 3058 5222 καὶτὰ
3104 5166 3416 5234 Πλάτωνος,
3454 5166 3564 5227 etc:
3607 5166 3732 5226 Hac

2148 5239 2258 5294 ille.
2302 5240 2372 5292 At
2423 5239 2772 5311 Epiphanius
2812 5254 2841 5291 a
2883 5247 3038 5309 patre
3073 5241 3490 5311 Cephalleniam
3535 5242 3724 5306 fuisse.

2142 5325 2248 5363 non
2283 5308 2712 5364 Alexandrinum
2742 5308 2920 5363 docet.

2178 5380 2326 5461 ,(8⁷)
2378 5381 2483 5434 Ἐν
2507 5378 2682 5448 Σάμῳ
2713 5378 2823 5448 γὰρ
2847 5379 2930 5444 ὡς
2957 5381 3112 5444 θεός.
3146 5381 3301 5446 .Qna
3347 5390 3402 5438 et
3447 5381 3613 5438 Same
3645 5380 3724 5436 di.

2142 5459 2287 5502 citur
2326 5469 2341 5503 :

2210 5519 2646 5590 Dulychiumque,
2677 5517 2934 5590 Sameque
2962 5527 3012 5572 et
3043 5517 3262 5576 Neritos
3295 5522 3473 5577 ardua
3507 5521 3676 5577 saxis.

2229 5587 2340 5660 (88)
2394 5587 2701 5657 Ἰσίδωρον
2732 5587 2815 5660 δὲί
2840 5587 3215 5660 φάσκουσιν.
3255 5590 3572 5660 Πεγιείἁοτο
3623 5607 3722 5650 me

472 5645 528 5718 τε
559 5665 650 5719 καὶ
678 5645 1058 5723 καθιέρωται*
1089 5645 1212 5713 ’καί
1239 5645 1511 5719 συνιόντες
1556 5660 1637 5720 είς
1678 5645 1739 5711 τὸ
1791 5645 1942 5734 ἱερὸν
1982 5658 2032 5712 οί

2147 5645 2294 5715 minit
2324 5645 2470 5716 idem
2509 5645 2761 5715 Clemens
2790 5645 3055 5715 Alexand.
3089 5659 3185 5715 lib.
3221 5677 3275 5716 vr
3308 5645 3514 5717 Stram.
