3956 6070
252 247 359 307 559

1058 252 1427 310 ADVERSUS
1468 252 1808 310 HAERESES
1846 252 1972 311 LIB.
2013 254 2056 312 ι.
2096 252 2262 312 TOM.
2305 255 2370 314 11.
2410 256 2773 318 —ll.£RES.
2811 261 3024 319 XXXII.

3426 269 3532 326 550

254 362 653 436 Καρποκράτει
703 362 796 419 καὶ
842 367 955 431 τοῖς
1000 360 1138 439 ἀμφ’
1164 369 1328 423 αὐτὸν
1354 370 1539 434 κοινὰς
1568 365 1709 425 εἶναι
1749 370 1833 435 τὰς

1950 384 2074 425 esse
2116 369 2377 443 conjuges
2414 383 2706 444 oportere;
2747 379 2945 448 partim
2977 378 3123 448 quod
3164 377 3237 433 ita
3288 377 3441 436 Plato
3476 384 3534 439 in

249 450 360 504 τῶν
388 450 697 524 ἀνθρώπων
726 458 1014 524 γυναῖκας,
1053 458 1117 512 ἐκ
1146 477 1205 513 τε
1238 460 1332 515 τοῦ
1364 461 1650 526 Πλάτωνος
1681 465 1852 518 Πολι.

250 540 431 596 τειῶν
486 545 762 616 πρόφασιν
806 547 1030 614 λαϐὼν,
1078 552 1175 605 καὶ
1220 552 1320 625 τὴν
1371 553 1508 608 ίδίαν
1555 554 1850 627 ἐπιθυμίαν

252 633 515 689 ἐκτελῶν.
533 636 817 693 Ἐντεῦθεν
844 640 902 693 δὲ
929 641 1029 713 τὴν
1058 642 1233 714 ἀρχὴν
1261 646 1514 707 ποιεῖται,
1545 645 1740 716 λέγων,
1772 647 1849 712 ὡς

253 724 313 776 ἑν
343 722 424 795 τῷ
458 724 778 800 Εὐαγγελίῳ
803 730 1104 802 ἐμφέρεται
1133 733 1230 787 τοῦ
1261 736 1513 807 Σωτῆρος
1548 738 1848 806 φάσκοντος

252 817 408 885 τρεῖς
431 815 531 886 μὲν
557 817 846 889 εὐνούχους
875 816 1035 885 εἶναι,
1057 822 1148 875 τόν
1170 840 1228 876 τε
1251 822 1312 888 ἐξ
1337 826 1434 880 ἀνθ
1444 826 1639 898 ρώπων
1666 828 1849 882 εὐνου-

253 906 566 978 χιζόμενον,
603 911 696 964 καὶ
726 901 819 964 τὸν
843 912 907 966 ὲκ
928 914 1175 986 γενετῆς,
1206 916 1300 968 καὶ
1326 916 1419 969 τὸν
1452 917 1597 972 κατὰ
1622 918 1719 991 τὴν
1750 919 1847 988 βα-

255 995 465 1051 σιλείαν
494 998 603 1053 τῶν
632 1000 877 1072 οὐρανῶν
902 1003 1095 1057 ἑαυτὸν
1125 1007 1389 1071 ἑκουσίως
1434 1009 1842 1081 εὐνουχίσαντα.

253 1089 369 1143 Καί
399 1108 563 1163 φησιν
586 1110 601 1122 υ
638 1094 702 1146 Ol
734 1093 915 1147 τοίνυν
954 1094 1097 1150 κατὰ
1127 1097 1372 1170 ἀνάγκην
1400 1100 1460 1153 οὐ
1497 1102 1639 1155 κατά
1684 1101 1844 1171 λόγον

252 1181 500 1254 εὐνοῦχοι
527 1182 787 1253 γίνονται.
820 1186 882 1240 Οί
906 1186 963 1239 δὲ
991 1186 1154 1242 ἕνεκα
1179 1188 1280 1261 τῆς
1310 1190 1587 1261 βασιλείας
1618 1192 1727 1246 τῶν
1750 1194 1843 1248 οὐ-

253 1274 439 1345 ρανῶν
488 1276 717 1342 ἑαυτοὺς
761 1279 1172 1350 εὐνουχίσαντες
1201 1281 1289 1337 διὰ
1330 1283 1399 1336 τᾶ
1444 1285 1510 1337 ἐκ
1539 1284 1634 1338 τοῦ
1661 1285 1841 1358 γάμου

253 1385 319 1422 συ
328 1367 629 1440 μϐαίνοντά
657 1387 791 1439 φασι
832 1370 925 1424 τὸν
950 1370 1303 1444 ἐπιλογισμὸν
1330 1374 1346 1404 ¹
1376 1372 1484 1427 τῶν
1520 1373 1842 1442 ἐπιτηδείων

248 1459 511 1530 ἀσχολίαν
540 1459 790 1523 δεδιότες.
818 1460 1070 1515 Βέλτιον
1098 1461 1365 1533 γαμῆσαι
1400 1462 1439 1532 ἢ
1480 1465 1839 1533 πυροῦσθαι,

251 1551 331 1622 μὴ
359 1552 440 1614 είς
463 1549 576 1623 πῦρ
601 1550 847 1624 ἐμϐάλῃς
875 1551 975 1624 τὴν
1008 1553 1188 1626 ψυχήν
1219 1572 1334 1619 σου,
1365 1557 1498 1629 φησὶ
1525 1555 1702 1626 λέγειν
1748 1556 1841 1613 τδν

262 1643 610 1706 Ἀπόστολον,
643 1642 858 1715 ἡμέρας
886 1643 979 1698 καὶ
1001 1644 1195 1709 νυκτὸς
1227 1646 1488 1717 ἀντέχων,
1522 1648 1614 1701 καὶ
1645 1648 1840 1718 φοϐού-

1952 461 2106 517 libris
2142 462 2218 517 De
2258 465 2527 533 republica
2572 469 2894 536 statuisset,
2930 470 3128 541 partim
3167 479 3224 524 ut
3263 473 3531 542 privatam
3604 506 3607 509 λ

1951 553 2235 610 libidinem
2269 556 2536 626 expleret.
2571 557 2677 617 Sed
2704 560 2830 617 inde
2859 561 3174 633 disputandi
3205 550 3420 619 initium
3452 565 3536 620 fa-

1950 644 2046 699 cit.
2082 643 2209 699 Tria
2237 648 2614 704 cunuchorum
2647 666 2772 708 esse
2822 669 3043 725 genera.
3090 657 3234 727 quod
3278 671 3307 710 a
3339 654 3535 712 Salva-
3602 686 3605 699 ~

1951 742 2066 789 tore
2093 734 2298 789 dictum
2333 735 2624 808 Evangelia
2652 755 2807 796 sacra
2849 751 3122 799 testantur
3146 746 3168 776 ⁸
3194 761 3208 796 :
3233 761 3357 799 nam
3391 748 3532 806 alios

1948 841 2073 883 esse
2104 827 2196 897 qui
2237 828 2305 883 ab
2331 828 2651 888 hominibus
2675 833 2879 889 essecti
2913 844 3062 899 sunt,
3097 837 3235 893 alios
3267 838 3339 891 ita
3371 853 3401 892 a
3433 855 3533 894 na-

1948 927 2076 973 tura
2110 918 2308 988 factos,
2347 923 2484 978 alios
2521 927 2614 994 qui
2653 925 2897 982 cmlestis
2935 929 3088 999 regni
3129 931 3303 1000 gratia
3338 941 3533 1002 sponte

1949 1024 2071 1065 sese
2099 1016 2439 1067 castrarunt.
2465 1012 2570 1080 Qui
2597 1015 2787 1086 igitur,
2824 1017 3000 1085 aiunt,
3034 1019 3171 1074 tales
3202 1021 3533 1077 necessitate

1949 1110 2081 1157 sunt
2115 1101 2269 1167 lacti,
2297 1119 2404 1161 non
2439 1106 2491 1161 id
2532 1116 2683 1165 certo
2714 1110 2949 1166 consilio
2995 1127 3060 1166 ac
3094 1113 3305 1169 ratione
3332 1131 3528 1171 susce-

1946 1203 2163 1263 perunt.
2189 1195 2291 1262 Qui
2325 1213 2383 1253 se
2414 1214 2545 1254 vero
2576 1209 2797 1273 pr0pter
2825 1203 3050 1259 caeleste
3074 1220 3297 1276 regnum
3323 1218 3530 1263 castra-

1943 1292 2179 1349 verunt,
2219 1285 2273 1339 id
2316 1286 2382 1340 ad
2416 1287 2773 1346 declinandas
2813 1292 3055 1364 coniugii
3086 1295 3370 1353 molestias
3403 1312 3530 1368 ego—

1944 1378 2093 1437 runt,
2136 1374 2282 1443 quod
2316 1375 2449 1429 illud
2501 1381 2859 1448 procurandae
2903 1383 2979 1437 rei
3028 1383 3317 1441 familiaris
3345 1402 3528 1451 onus,

1944 1477 2009 1518 ac
2034 1465 2463 1523 sollicitudinem
2489 1471 2764 1530 timerent.
2799 1472 2991 1529 Melius
3021 1486 3097 1531 est
3123 1476 3333 1539 nubere,
3367 1495 3525 1547 quam

1943 1558 2028 1611 uri
2061 1557 2123 1610 ἐ
2160 1561 2389 1629 proinde
2426 1576 2557 1617 cave
2591 1564 2828 1620 animam
2863 1574 3011 1622 tuam
3041 1570 3095 1623 in
3128 1573 3299 1641 ignem
3325 1569 3530 1624 immit-

1944 1655 2030 1704 tas
2060 1650 2162 1719 (sic
2190 1652 2334 1707 enim
2364 1653 2434 1708 ab
2463 1654 2727 1725 Apostolo
2767 1669 3098 1730 praeceptum
3125 1677 3249 1716 esse
3283 1662 3521 1730 dicunt).

248 1749 416 1804 μενος
465 1732 540 1804 μὴ
592 1735 691 1804 τῆς
737 1733 1067 1805 ἐγκρατείας
1098 1735 1403 1808 ἀποπέσῃς.
1439 1738 1581 1809 Πρὸς
1621 1740 1731 1812 γὰρ
1777 1739 1833 1792 τὸ

1942 1738 2071 1794 dum
2106 1750 2300 1801 noctes
2329 1744 2558 1816 diesque
2599 1748 2838 1815 resistis,
2874 1765 2938 1805 ac
2971 1767 3039 1807 ne
3063 1768 3092 1806 a
3111 1754 3364 1810 castitate
3385 1754 3527 1811 exci-

247 1826 498 1896 ἀντέχειν
528 1825 788 1896 γινομένη
818 1824 966 1897 ψυχὴ
1009 1826 1293 1898 μερίζεται
1333 1829 1433 1900 τῆς
1469 1828 1837 1893 ὲλπίδο,ς.Ἆν⁸

244 1916 400 1991 έχου
426 1917 655 1985 τοίνυν,
690 1917 772 1984 ὡς
794 1914 912 1986 ἤδη
942 1918 1248 1987 προεῖπον,
1278 1917 1388 1987 τῆς
1410 1922 1834 1989 παραινέσεως,

244 2010 327 2072 είς
365 2007 529 2081 μέσον
563 2006 744 2080 φέρων
773 2007 863 2060 τὸν
892 2005 1070 2076 λόγον,
1100 2007 1234 2077 φησὶ
1284 2008 1430 2062 κατὰ
1468 2007 1614 2073 λέξιν
1650 2009 1679 2063 ὁ
1706 2009 1837 2062 Ἰσί-

241 2082 425 2175 δωρος
448 2103 506 2154 ὲν
535 2104 647 2164 τοῖς
683 2098 935 2166 Ἠθικοῖς
965 2140 980 2166 ,
1002 2101 1269 2170 μαχίμης
1303 2098 1605 2171 γυναικὸς,
1632 2100 1835 2171 ἵναμὴ

240 2190 659 2261 ἀποσπασσῇς
709 2190 823 2259 τῆς
872 2189 1117 2259 χάριτος
1160 2190 1268 2245 τοῦ
1318 2189 1486 2246 Θεοῦ.
1535 2190 1677 2245 Τότε
1716 2191 1834 2259 πῦρ

239 2284 787 2355 ἁποσπερματίσας
814 2281 1257 2349 εὐσυνειδήτως
1284 2283 1835 2353 προσεύχου.Ὅταν

238 2375 334 2440 δὲ,
382 2376 575 2448 φησὶν,
613 2375 651 2443 ἡ
680 2374 1031 2446 εὐχαριστία
1059 2388 1176 2429 σου
1202 2377 1289 2441 είς
1324 2375 1569 2443 αἴτησιν
1610 2376 1836 2431 ὑποπέ-

238 2483 364 2533 σοι,
392 2467 490 2520 καί
522 2465 679 2535 στῆς
699 2466 767 2520 τὸ
797 2466 1034 2530 λοιπὸν,
1060 2467 1133 2520 οὐ
1157 2464 1539 2535 κατορθώσας
1568 2468 1653 2538 μὴ
1679 2485 1835 2538 σφα-

236 2557 449 2626 λῆναι,
472 2602 479 2606 .
503 2556 801 2628 γάμησον.
854 2554 985 2611 Εἶτα
1018 2557 1181 2611 πάλιν
1214 2557 1405 2630 φησίν·
1466 2557 1644 2614 Ἀλλὰ
1693 2560 1833 2629 νέος

238 2669 335 2719 τις
358 2651 397 2720 ἧ
431 2651 622 2719 πένης
655 2649 847 2715 ἐστίν,
874 2648 912 2719 ἢ
939 2649 1300 2720 καταφερὴς,
1325 2650 1638 2706 τουτέστιν
1656 2651 1833 2707 ἀσθε-

233 2744 379 2813 νὴς,
408 2744 509 2798 καὶ
551 2746 624 2798 οὺ
672 2743 828 2799 θέλει
867 2742 1049 2815 γῆμαι
1087 2744 1238 2798 κατὰ
1278 2742 1385 2797 τὸν
1419 2744 1627 2814 λόγον,
1653 2741 1831 2813 οὗτος

235 2836 351 2891 τοῦ
367 2835 636 2903 ἀδελφοῦ
654 2834 741 2906 μὴ
771 2833 1124 2904 χωριζέσθω,
1152 2833 1393 2905 Ᾱίσχρὰς
1434 2834 1491 2888 δέ
1525 2852 1675 2898 τινας
1692 2835 1833 2889 ὐπο-

233 2929 388 2992 νοίας
441 2926 620 2999 ἐαυτῷ
679 2926 1181 2998 προσ-ποριζόμενος
1204 2926 1602 2999 δραματουργεὶ
1655 2929 1684 2981 ὁ
1728 2928 1825 2983 τά-

230 3020 358 3084 λας.
403 3018 668 3090 Λεγέτω,
704 3020 838 3090 φησὶ
866 3016 1088 3082 τοίνυν,
1142 3017 1231 3072 ὅτι
1278 3018 1667 3085 Είσελήλυθα
1713 3020 1827 3089 ἐγὼ

231 3114 324 3179 είς
363 3111 432 3165 τὰ
458 3085 615 3180 ἅγια,
645 3085 827 3164 οὐδέν
854 3108 1108 3178 δύναμαι
1159 3108 1382 3165 παθεῖν.
1400 3110 1540 3165 Ἐὶιν
1578 3109 1647 3163 δὲ
1679 3085 1826 3167 ὑπιό-
1855 3085 1896 3143 C

228 3218 410 3258 νοιαν
446 3201 583 3271 ἔχῃ,
615 3200 869 3255 εἰπάτω.
947 3198 1209 3270 Ἀδελφέ,
1239 3199 1442 3268 ἐπίθες
1482 3218 1587 3270 μοι
1633 3200 1820 3269 χεῖρα,

229 3296 337 3351 ἵνα
357 3292 445 3365 μὴ
478 3292 821 3364 ἁμαρτήσω,
849 3291 947 3346 καί
975 3292 1235 3362 λήψεται
1257 3292 1570 3360 βοήθειαν,
1606 3293 1704 3350 καί
1730 3295 1821 3347 αι-

229 3385 496 3457 σθητὴν,
524 3385 624 3439 καὶ
649 3383 897 3453 νοητήν.
936 3381 1256 3452 Θελησάτω
1279 3383 1475 3453 μόνον
1495 3384 1822 3453 ἀπαρτίσαι

227 3476 299 3532 τὸ
334 3476 659 3542 καλῶνται
683 3473 1074 3539 ἐπιτεύξεται.
1094 3468 1225 3528 Εἶτα
1254 3473 1415 3528 πάλιν
1448 3474 1643 3546 φησίν·
1689 3474 1821 3528 Ἐνο

228 3570 358 3623 late
391 3568 474 3636 τῷ
495 3567 615 3638 μὲν
651 3568 903 3637 στόματι
934 3564 1211 3637 λέγομεν,
1241 3567 1314 3621 οὐ
1346 3564 1602 3636 θέλομεν
1637 3565 1823 3636 ἁμαρ-

226 3660 439 3731 τῆσαι,
464 3663 502 3729 ἡ
539 3661 608 3715 δὲ
643 3660 878 3715 διάνοια
916 3660 1176 3731 ἔγκειται
1216 3661 1305 3725 είς
1337 3657 1405 3712 τὸ
1435 3658 1819 3728 ἁμαρτάνειν.

236 3753 297 3807 '0
332 3750 600 3818 τοιοῦτος
623 3751 721 3806 διὰ
747 3752 936 3821 φόϐον
971 3751 1044 3804 οὐ
1070 3748 1231 3802 ποιεῖ
1250 3748 1283 3802 ὃ
1322 3747 1503 3812 θέλει,
1536 3748 1639 3804 ἵνα
1662 3747 1750 3818 μὴ
1777 3749 1817 3818 ἡ

225 3844 487 3912 κόλασις
531 3842 694 3910 αὐτῷ
729 3839 1078 3914 ἐλλογισθῇ·
1109 3840 1148 3909 ἠ
1180 3838 1249 3893 δὲ
1284 3839 1673 3908 ἀνθρωπότης
1691 3840 1816 3908 ἔχει

222 3937 528 4010 ἀναγκαῖὰ
558 3955 694 3991 τινα
734 3935 835 3990 καὶ
884 3934 1116 4005 φυσικὰ
1156 3935 1346 4002 μόναο
1370 3931 1495 4000 ἔχει
1534 3929 1603 3984 τὸ
1651 3946 1815 3999 περι-

224 4010 563 4085 ϐάλλεσθαι
602 4027 670 4082 τὸ
702 4026 1029 4098 ἀναγκαῖον
1064 4024 1164 4081 καί
1198 4022 1495 4095 φυσικόν*
1546 4023 1815 4093 φυσικὸν

222 4121 296 4175 δὲ
325 4119 395 4174 τὸ
425 4119 545 4175 τῶν
566 4116 953 4189 ἀφροδισίων.

1935 1831 2035 1888 das
2084 1836 2451 1905 pertimescis.
2490 1838 2772 1910 Siquidem
2801 1843 3262 1912 animus'noster,
3292 1846 3422 1902 dum
3463 1848 3518 1901 in

1935 1925 2292 1995 repugnando
2318 1929 2748 2003 obsistendoque
2781 1940 2930 1990 totus
2961 1942 3045 1992 cst
3082 1952 3111 1990 a
3152 1951 3251 2008 spe
3275 1954 3373 1994 sua
3407 1939 3522 1994 dis-

1934 2012 2168 2083 sipatus,
2205 2012 2569 2073 abstraliitur.
2596 2019 2872 2075 Patientcr
2919 2023 3083 2093 igitur
3133 2025 3228 2079 tibi
3275 2034 3332 2078 ut
3360 2026 3522 2095 paulo

1935 2115 2056 2159 ante
2094 2107 2421 2170 cohortando
2446 2106 2611 2181 212
2638 2113 2819 2166 monui
2842 2112 2980 2185 (haec
3004 2114 3058 2169 in
3091 2113 3296 2171 Ethicis
3324 2116 3521 2173 lsidori

1933 2197 2097 2252 verba
2120 2200 2271 2268 sunt)
2293 2203 2616 2256 contumacis
2635 2205 2817 2258 uxoris
2840 2220 3008 2259 mores
3036 2208 3331 2260 sustinendi
3352 2219 3477 2263 sunt
3499 2251 3513 2273 ,

1933 2304 1996 2341 ne
2028 2285 2129 2343 Dei
2174 2293 2406 2361 gratiam
2452 2294 2670 2347 amittas
2717 2310 2985 2364 :cumque
3030 2311 3134 2348 una
3173 2312 3290 2348 cum
3320 2280 3518 2351 semine

1934 2378 2169 2434 libidinis
2212 2381 2488 2451 flammam
2543 2383 2789 2453 ejeceris,
2836 2395 2947 2438 tum
2998 2395 3048 2440 te
3098 2386 3298 2455 optima
3350 2387 3519 2455 fretus

1914 2472 2253 2526 ‘conscientia
2287 2473 2356 2526 ad
2389 2475 2648 2528 orandum
2672 2485 2929 2529 converte.
2958 2474 3062 2529 Sed
3086 2492 3205 2528 cum
3252 2478 3307 2530 in
3338 2487 3522 2546 postu-

1933 2559 2181 2616 lationem
2212 2565 2504 2634 gratiarum
2538 2568 2677 2620 actio
2706 2575 2795 2620 tua
2834 2566 3052 2635 delapsa
3074 2567 3256 2635 fuerit,
3289 2584 3352 2622 ac
3377 2570 3521 2624 deiti-

1931 2664 2046 2717 σερε
2075 2659 2217 2705 stare
2250 2655 2483 2718 coeperis.
2507 2672 2669 2726 neque
2696 2656 2750 2709 id
2776 2665 2948 2711 tamen
2971 2658 3284 2726 obtinueris,
3310 2669 3366 2713 ut
3398 2660 3512 2715 labi

1928 2754 2146 2807 prorsus
2195 2759 2259 2797 ac
2309 2745 2540 2799 titubare
2577 2746 2789 2801 desinas
2844 2750 2915 2802 ad
2968 2750 3180 2818 nuptias
3217 2750 3511 2821 confugite.

1929 2830 2111 2904 Pergit
2135 2834 2330 2891 deinde
2357 2855 2371 2891 :
2398 2835 2501 2892 Sed
2524 2836 2733 2908 juvenis
2757 2849 2848 2893 aut
2874 2855 3072 2909 pauper
3092 2849 3170 2895 est
3205 2841 3400 2912 aliquis
3423 2852 3517 2896 aut

1926 2925 2241 2992 proclivior,
2273 2926 2372 2981 hoc
2419 2937 2498 2983 est
2531 2930 2845 2994 imbecillus,
2879 2948 3041 3003 neque
3096 2947 3162 2987 ea:
3217 2933 3512 3002 apostolico

1934 3026 2194 3085 pra'cepto
2232 3020 2422 3074 ducere
2448 3021 2496 3075 ei
2529 3016 2653 3076 libet
2688 3038 2905 3078 uxorem
2925 3065 2941 3090 ,
2976 3025 3062 3078 hic
3093 3041 3125 3077 a
3158 3025 3328 3093 fratre
3357 3027 3515 3099 mini-
3582 3043 3591 3049 ·

1932 3123 2012 3163 me
2055 3108 2315 3166 discedat.
2365 3111 2502 3167 Tum
2543 3113 3006 3171 exsecrandorum
3054 3115 3381 3188 ﬂagitiorum
3421 3134 3512 3174 ex-

1929 3201 2197 3273 cogitatas
2222 3203 2463 3261 rationes
2498 3204 2754 3271 allerens,
2799 3207 2967 3262 miras
2997 3198 3186 3263 infelix
3213 3211 3514 3280 tragmdias

1926 3291 2077 3350 facit.
2109 3293 2288 3360 Dicat,
2321 3297 2537 3369 inquit:
2580 3296 2856 3370 Ingressus
2889 3317 3006 3355 sum
3056 3302 3357 3368 in'sancta,
3386 3305 3507 3372 pati

1927 3385 2061 3440 nihil
2086 3402 2325 3456 possum.
2374 3388 2531 3456 Quod
2570 3391 2619 3445 si
2655 3391 2906 3461 cogitatio
2937 3407 3057 3446 eum
3089 3393 3273 3462 aliqua
3304 3394 3510 3460 subeat,

1923 3477 2067 3533 dicat
2102 3496 2122 3534 :
2161 3478 2379 3548 Frater,
2412 3483 2619 3553 impone
2657 3483 2788 3537 mihi
2814 3500 3052 3550 manum,
3079 3501 3145 3539 ne
3190 3501 3431 3554 peccem;
3460 3496 3510 3542 et

1927 3570 2201 3639 confestim
2227 3583 2541 3642 prementem
2591 3589 2710 3627 cum
2761 3573 2816 3628 in
2867 3590 3083 3643 corpore
3123 3577 3237 3645 ipso
3261 3618 3276 3643 ,
3309 3587 3419 3630 tum
3457 3592 3512 3632 tn

1925 3671 2100 3716 mente
2129 3679 2279 3731 opem
2327 3665 2642 3734 experietur.
2687 3664 2822 3720 Velit
2852 3667 3006 3722 modo
3051 3668 3190 3738 quod
3233 3670 3510 3724 honestum

1921 3761 1999 3806 est
2043 3754 2325 3822 perﬁcere,
2355 3764 2405 3808 et
2452 3756 2558 3809 voti
2601 3772 2811 3825 compos
2838 3760 3077 3813 exsistet.
3118 3757 3250 3813 Post
3286 3759 3400 3815 [nec
3433 3759 3509 3814 ita

1923 3841 2167 3914 loquitur
2206 3862 2221 3899 :
2255 3842 2653 3917 Nonnunquam
2694 3863 2783 3901 ore
2805 3855 2951 3903 tenus
2981 3848 3208 3903 dicimus
3233 3889 3248 3914 ,
3294 3866 3510 3918 peccare

1920 3936 2188 4001 nolumus,
2216 3935 2306 3991 sed
2336 3937 2545 3991 animus
2570 3938 2632 3991 in
2655 3948 2869 4009 peccata
2898 3940 3202 4007 propendet.
3241 3939 3346 4005 Qui
3364 3940 3510 4009 ejus-

1920 4025 2201 4088 modi'est.
2232 4021 2372 4100 quod
2414 4027 2524 4083 vult
2566 4041 2778 4099 propter
2814 4040 3010 4085 metum
3044 4046 3147 4083 non
3170 4030 3324 4105 facit,
3358 4047 3421 4085 ne
3457 4033 3508 4086 ei

1917 4132 2073 4186 paena
2123 4120 2508 4174 constituatur.
2563 4121 2636 4175 At
2680 4120 2951 4175 hominum
2997 4121 3173 4192 generi
3206 4123 3507 4176 necessaria

220 4213 473 4282 quwdam
503 4221 629 4266 sunt
659 4228 721 4265 ac
768 4209 1045 4265 naturalia
1081 4208 1367 4264 duntaxat.
1406 4205 1552 4261 Nam
1583 4205 1811 4262 restibus
1849 4211 1935 4269 uti
1982 4211 2228 4268 naturale
2258 4213 2419 4269 simul
2463 4230 2527 4269 ac
2575 4214 2932 4270 necessarium
2976 4223 3094 4281 est;
3135 4214 3398 4268 naturalis
3425 4229 3504 4271 est

224 4322 447 4363 venerea
486 4306 750 4373 voluptas.

294 4398 723 4468 Ε’.Ἀναγκαίως
740 4398 797 4452 δὲ
808 4395 1013 4461 ταύτας
1031 4395 1142 4467 (89)
1157 4394 1479 4468 παρεθέμην
1492 4393 1595 4459 τὰς
1607 4392 1812 4465 φωνὰς,

1990 4389 2056 4446 ν.
2101 4389 2228 4447 Haec
2275 4392 2494 4447 illorum
2552 4392 2608 4448 in
2666 4393 2908 4449 medium
2945 4393 3143 4452 εποντο
3171 4398 3338 4455 verba
3377 4416 3499 4457 sum

219 4492 252 4546 ὁ
276 4491 420 4545 κατὰ
449 4488 657 4544 τούτων
686 4489 902 4561 γράψας
945 4489 1187 4560 ἔλεγχον,
1224 4486 1299 4559 μὴ
1332 4486 1594 4558 βιούντων
1639 4483 1817 4557 ὀρθῶς

1933 4492 2168 4549 :oactus,
2205 4491 2267 4539 ut
2311 4500 2408 4540 eos
2438 4485 2820 4558 redarguerem
2851 4487 3151 4544 sceleratos
3176 4488 3425 4547 homines
3445 4500 3500 4548 et

223 4582 322 4637 καὶ
366 4578 808 4645 Βασιλειδιανῶν,
858 4579 954 4633 καὶ
995 4576 1527 4650 Καρποκρατιανῶν,
1566 4573 1662 4629 καὶ
1707 4572 1816 4627 τῶν

1939 4576 2138 4646 mpios,
2164 4575 2554 4643 Basilidianos,
2576 4577 2827 4649 inquam,
2855 4585 2909 4633 et
2927 4577 3408 4649 Carpocratianos,
3434 4597 3499 4636 ac

224 4670 337 4724 ἀπὸ
367 4668 744 4733 Οὐαλεντίνου,
781 4668 875 4723 καὶ
902 4666 1010 4722 τῶν
1034 4666 1366 4736 Ἐπιφάνους
1393 4665 1750 4736 καλουμένου,
1770 4656 1814 4732 ᾧ

1933 4666 2190 4723 Valentini
2216 4667 2625 4741 Epiplianisque
2654 4669 2976 4741 discipulos,
3003 4668 3071 4724 ad
3101 4685 3265 4741 quem
3295 4668 3499 4727 Secuno

223 4762 290 4831 δὴ
325 4760 573 4833 συνήφθη
598 4758 887 4823 Σεκοῦνδος
917 4759 946 4811 ὁ
976 4756 1430 4831 προτεταγμένος.
1449 4754 1542 4821 Ἐξ
1564 4753 1810 4826 ἀλλήλων

1933 4756 2019 4815 lus
2052 4759 2259 4830 priusa
2304 4760 2465 4816 nobis
2502 4768 2965 4817 commemoratus
3020 4761 3360 4832 adjungitur.
3402 4760 3498 4817 Et-

221 4854 333 4925 γὰρ
359 4852 593 4916 ἕκαστος
619 4852 739 4923 ἦτοι
777 4845 934 4915 οὗτος
965 4850 1158 4921 ἐκείνῳ
1194 4848 1476 4920 μεταδοὺς,
1518 4846 1552 4918 ἢ
1603 4848 1810 4909 ἐκεῖνος

1933 4849 2059 4906 inim
2097 4848 2237 4904 illia
2273 4864 2334 4906 se
2371 4850 2604 4906 invicem
2648 4852 2928 4922 propagati
2968 4868 2983 4904 :
3019 4852 3136 4909 sive
3164 4853 3271 4909 iste
3310 4854 3491 4915 alteri.

219 4945 396 5017 τούτῳ
417 4943 488 4997 τὰ
516 4943 665 4997 δεινὰ
691 4943 1199 5014 ἁπεμπολήσαντες,
1235 4940 1330 4993 καὶ
1357 4940 1436 5002 είς
1463 4955 1518 4993 τι
1549 4937 1686 5010 πρὸς
1714 4937 1809 4991 ἀλ-

1933 4940 2031 4995 tive
2069 4941 2209 4996 alter
2257 4941 2349 4997 isti
2381 4942 2527 4997 velut
2575 4943 2751 4997 malas
2784 4955 2997 4997 merces
3018 4982 3033 5008 ,
3066 4943 3140 4996 ita
3175 4943 3493 5014 pestiferam

217 5034 417 5107 λήλους
460 5034 866 5105 διαφερόμενοι,
909 5033 1059 5104 ὅμως
1094 5033 1153 5086 ὲν
1190 5032 1290 5102 μιᾷ
1324 5030 1536 5103 αἱρέσει
1580 5029 1810 5093 taurea;

1933 5029 2223 5086 loctrinam
2259 5032 2807 5087 communicavcrint.
2848 5032 2928 5088 Ac
2970 5031 3098 5088 licet
3132 5032 3312 5103 aliqua
3346 5033 3402 5088 in
3432 5048 3495 5088 re

218 5128 517 5184 κατέθεντο
535 5143 551 5159 ο
576 5125 719 5180 ὥστε
749 5125 845 5180 καὶ
868 5125 1012 5197 ἔχειν
1038 5123 1286 5190 ἐξουσίαν
1313 5122 1697 5194 ὲδογμάτισαν,
1714 5119 1809 5175 καὶ

1933 5117 2247 5189 lissideant,
2291 5122 2346 5177 in
2395 5121 2585 5178 eadem
2616 5129 2804 5179 tamen
2832 5122 3045 5179 haesere
3086 5130 3271 5190 secta;
3315 5132 3375 5179 ut
3404 5126 3490 5181 vel

288 5286 307 5317 ⁸
342 5283 422 5356 Ex
477 5279 944 5356 Clem._Alex.iti
977 5279 1193 5356 strenu
1223 5278 1312 5356 ita
1368 5275 1682 5356 legendum,
1732 5273 1828 5331 τὸν

1933 5274 2015 5330 ιιλ.
2055 5275 2246 5332 τοῦτον
2289 5277 2683 5350 λαμϐάνουσιν,
2749 5280 2851 5354 τὴν
2899 5280 3029 5356 περὶ
3076 5281 3169 5335 τὸν
3218 5283 3492 5356 πορισμὸν

214 5354 327 5410 τῶν
353 5355 504 5408 ὲπιτ.
583 5353 606 5383 ²
638 5350 830 5406 Matth.
855 5365 973 5419 xu,
1003 5350 1096 5405 12.
1170 5347 1195 5381 ⁸
1221 5347 1242 5403 l
1270 5348 1403 5404 Cor.
1426 5345 1526 5413 ἱίι,
1556 5345 1612 5401 9.
1892 5386 1897 5389 .

288 5512 399 5585 (89)
452 5508 811 5588 Ἀναγκαίως
838 5507 909 5588 δέ
945 5507 1181 5575 (αὐτος.
1207 5504 1592 5588 _Apud-Clem.
1640 5502 1797 5588 A‘lex.

1934 5502 2126 5588 λεγχον
2147 5500 2257 5556 τῶν
2286 5501 2362 5575 μὴ
2397 5501 2657 5588 βιούντων
2683 5503 2861 5588 δρθιῖις
2891 5503 3332 5588 Βασιλὲινιανῶν..
3375 5511 3483 5588 etc.

219 5573 328 5638 han
376 5573 506 5637 cum
564 5573 1016 5655 praecedentibus
1058 5573 1314 5655 copulata
1368 5577 1442 5655 ita
1500 5576 1796 5655 leguntur:
1906 5573 2093 5655 Neque
2122 5573 2580 5655 tamentantare
2609 5573 2908 5655 quidquam
2952 5576 3005 5655 in
3052 5574 3358 5655 Epiphanio
3387 5587 3487 5626 no-

216 5654 450 5726 fuotxbv
474 5641 653 5726 ,δι’τδ
691 5647 812 5726 θεῶν.
846 5641 1196 5726 ἀφροδισίων,
1237 5647 1338 5701 οὐκ
1377 5641 1679 5726 αναγκαῖον
1714 5643 1795 5726 δέ.

1933 5641 2024 5726 ne
2054 5644 2218 5697 volui.
2273 5641 2652 5726 Fieriquippc
2681 5641 2886 5726 potest,
2927 5653 2986 5700 ut
3036 5641 3241 5713 aliquid
3273 5644 3342 5698 de
3378 5655 3486 5697 suo

216 5720 352 5779 Tum
397 5722 670 5786 subiicit:
703 5714 941 5780 Ταύτας
968 5716 1287 5786 παρεθέμην
1332 5717 1433 5779 τὰς
1478 5714 1662 5784 φωνὰς
1719 5715 1798 5777 εἰς

1937 5716 2089 5771 ciens
2112 5729 2177 5771 ac
2205 5714 2397 5772 volens
2425 5714 2742 5772 inseruerit.
