3956 6070
452 216 552 274 551

1824 200 1885 259 8.
1927 199 2273 267 ΕΡΙῙἮΑΝΠ

3622 205 3730 261 552

453 336 680 395 peccare
726 317 831 378 sibi
871 326 1097 392 propter
1138 318 1265 374 vita:
1299 316 1695 389 perfectionem
1737 317 1905 373 licere
1946 319 2032 374 di-

2160 322 2200 374 τὸ
2227 317 2562 394 ἁμαρτάνειν
2585 318 2673 372 διὰ
2702 317 2799 386 τὴν
2833 308 3218 389 τελειότητα,ᾖ
3242 314 3459 370 πάντων
3489 284 3554 383 γε
3573 316 3589 348 ί
3625 335 3743 371 σωκ

454 422 644 471 cercnt
674 431 687 468 :
712 430 778 470 ex
808 429 915 485 qua
952 412 1028 479 fit,
1064 420 1143 478 ut,
1175 411 1528 482 quantumvis
1576 410 1741 466 modo
1788 410 2037 483 delique-

455 506 590 569 rint,
614 513 794 560 tamen
825 502 972 574 quod
1008 502 1326 557 naturaliter
1355 501 1421 556 ad
1456 500 1900 572 consequendam
1936 516 2039 557 sa—

457 597 626 650 lutem
676 593 870 650 delecti
925 593 1073 657 sint,
1121 591 1288 647 insita
1327 591 1563 663 quadam
1604 591 1757 661 ipsos
1785 598 2040 661 oporteat

456 686 791 742 necessitate
840 683 1073 740 servari.
1107 680 1297 754 Neque
1338 698 1473 739 vero
1516 680 1679 753 primi
1719 682 2039 752 dogmatum

450 776 743 831 architecti
791 775 1109 832 eorumdem
1154 776 1647 846 perpetrandorum
1692 774 1829 846 ipsis
1880 782 2038 845 pote-

451 873 650 924 statem
672 865 899 921 faciunt.

527 954 636 1012 Sed
666 964 727 1010 ut
756 956 822 1010 ad
846 955 974 1013 illos
998 962 1265 1023 revertar,
1287 956 1421 1011 dum
1448 970 1509 1012 se
1535 955 1601 1011 ad
1626 954 1680 1011 id
1698 944 1845 1027 quod
1868 954 2043 1011 subli-

458 1050 603 1105 mius
628 1057 793 1120 atque
822 1047 880 1104 in
916 1048 1246 1119 Cognitione
1276 1048 1369 1123 illa
1400 1063 1499 1104 sua
1545 1048 1898 1119 praestantius
1935 1055 2040 1115 est,

458 1144 646 1200 acrius
676 1141 1112 1208 contenderunt,
1166 1139 1398 1211 primam
1443 1139 1700 1194 videlicet
1725 1138 2039 1204 Tetradem,

460 1236 536 1289 ita
588 1234 871 1305 disputant
900 1251 914 1288 :
947 1233 1084 1286 Ante
1112 1232 1289 1285 omnia
1317 1232 1549 1298 primum
1581 1240 1692 1295 est,
1745 1232 2040 1301 inquiunt,

2148 411 2463 483 θησομένων
2505 410 2749 481 φυσικῶν
2771 411 2814 472 ²,
2839 407 2941 461 κάν
2982 423 3045 460 τε
3073 405 3169 460 νῦν
3200 407 3489 479 ἁμάρτωσι
3519 406 3606 461 διὰ
3630 408 3732 481 τὴν

2146 505 2390 576 ἔμφυτον
2429 503 2680 574 ἐκλογήν.
2707 500 2860 554 Ἐπεὶ
2893 500 3027 571 μηδὲ
3059 498 3127 553 τὰ
3154 498 3295 552 αὐτὰ
3331 498 3515 562 αὐτοῖς
3559 500 3731 570 πράτ-

2146 610 2260 647 τειν
2299 593 2672 667 συγχωροῦσιν
2695 593 2744 646 οἱ
2771 591 3118 664 προπάτορες
3151 588 3259 644 τῶν
3286 588 3577 661 δογμάτων
3608 590 3728 643 τού-

2145 701 2276 739 των.

2218 951 2356 1005 Φασὶ
2387 950 2446 1005 δὲ
2478 951 2571 1004 καὶ
2596 942 2741 1005 οὗτοι
2774 949 2907 1021 (90),
2936 949 3012 1015 ὡς
3039 951 3131 1004 ἐπὶ
3170 949 3232 1005 τὸ
3274 950 3607 1023 ὑψηλότερον
3639 954 3733 1007 καὶ

2148 1043 2596 1116 γνωπικὼτερον
2619 1043 3058 1116 ὲπεκτεινόμενοι
3077 1042 3176 1116 τὴν
3207 1043 3431 1116 πρώτην
3461 1047 3729 1117 Τετράδα,

2147 1138 2349 1202 οὕτως’
2384 1137 2551 1191 Ἔστι
2595 1153 2682 1202 τις
2709 1135 2820 1205 πρὸ
2847 1134 3088 1190 πάντων
3117 1136 3417 1205 προαρχὴ,
3438 1151 3732 1205 προανεν-

2148 1231 2385 1297 νόητος,
2434 1226 2693 1296 ἄρρητός
2741 1244 2807 1280 τε
2855 1226 2955 1280 καὶ
2997 1226 3435 1296 ἁνονόμαοντος,
3493 1227 3577 1295 ἦν
3620 1229 3735 1298 ἐγὼ

463 1321 795 1392 Principium
869 1321 1171 1393 quoddam,
1243 1322 1575 1390 primumque
1636 1322 2042 1393 intelligentiam

2160 1319 2449 1387 μανότητα
2478 1316 2723 1387 ἀριθμῶ.
2759 1318 2949 1386 Ίαύτῃ
2984 1316 3060 1386 τῇ
3095 1318 3381 1388 μονότητι
3417 1318 3734 1389 συνυπάρ-

461 1429 665 1468 omnem
696 1428 972 1483 superans,
1004 1410 1143 1482 quod
1184 1427 1277 1465 nec
1304 1410 1563 1481 explicari
1591 1411 1782 1476 verbis,
1818 1427 1909 1465 nec
1947 1425 2044 1480 ap-

2160 1425 2241 1477 κει
2274 1408 2549 1477 δύναμις,
2582 1406 2664 1474 ἢν
2690 1406 2788 1461 καὶ
2817 1406 3012 1476 αὐτὴν
3040 1408 3301 1477 ὀνομάζω
3328 1408 3605 1478 ἑνότητα.
3628 1410 3737 1465 Λῦ-

459 1505 747 1574 pellatione
776 1503 1044 1557 declarari
1076 1511 1269 1572 potest,
1306 1518 1469 1574 quam
1512 1518 1605 1573 ego
1645 1503 1904 1557 unitatem
1944 1518 2045 1556 nu-

2160 1518 2220 1570 ιή
2254 1501 2293 1570 ἡ
2321 1500 2555 1568 ἑνότης,
2593 1499 2631 1567 ἢ
2664 1516 2731 1554 τε
2752 1500 3018 1570 μονότης
3038 1499 3105 1554 τὸ
3131 1499 3202 1555 ἐν
3224 1496 3408 1556 οὖσαι
3430 1502 3737 1571 προήκαν-

460 1610 623 1647 mero.
678 1591 810 1648 Cum
862 1592 954 1647 ltac
997 1590 1179 1645 Virtus
1231 1591 1473 1673 quaedam
1508 1592 1749 1659 exstitit,
1792 1607 1952 1662 quam
1992 1599 2043 1644 et

2160 1609 2239 1655 το,
2288 1591 2375 1661 μὴ
2426 1590 2745 1661 προέμεναι
2788 1590 2988 1662 ἀρχὴν
3050 1591 3148 1646 ἐπὶ
3218 1592 3463 1647 πάντων
3510 1595 3739 1663 νοητὴν

460 1685 891 1758 singularitatem
933 1685 1096 1755 213
1114 1702 1258 1739 voco.
1290 1684 1476 1739 Ambte
1523 1699 1684 1753 porro
1726 1700 1846 1737 cum
1876 1699 2046 1739 unum

2160 1682 2485 1753 ὶτέννητόν
2532 1698 2598 1735 τε
2642 1681 2739 1735 καὶ
2775 1681 3052 1751 ἀόρατον,
3086 1680 3167 1750 ἢν
3206 1682 3421 1753 Ἀρχὴν
3462 1687 3497 1738 ὀ
3553 1685 3741 1754 λόγος
3806 1692 3813 1695 “

460 1790 619 1849 atque
637 1779 779 1832 idem
798 1774 1282 1845 sinthPrincipium
1303 1774 1569 1845 quoddam
1588 1774 1825 1827 omnium
1842 1789 2042 1840 rerum,

461 1870 600 1940 quod
628 1868 977 1939 intelligentia
1005 1867 1123 1921 sola
1148 1868 1451 1936 percipitur,
1491 1883 1653 1937 neque
1681 1867 1911 1937 genitum
1944 1875 2044 1932 est,

462 1970 555 2015 aut
578 1958 919 2030 aspectabile,
942 1958 1079 2011 citra
1101 1955 1500 2029 productionem
1531 1955 1702 2009 ullam
1731 1953 2047 2010 ediderunt:

463 2047 604 2121 quod
654 2046 985 2116 Principium
1031 2046 1087 2099 in
1134 2045 1305 2099 sacris
1345 2043 1562 2098 Litteris
1598 2041 1788 2098 Unitas
1831 2043 2047 2098 dicitur.

463 2139 598 2196 Cum
625 2139 725 2193 hac
763 2138 966 2191 unitate
995 2136 1232 2206 ejusdem
1276 2135 1592 2191 substantia:
1623 2134 1735 2188 alia
1760 2135 1926 2199 virtus
1952 2150 2049 2189 ea:-

2150 1772 2397 1830 Μονὰδα
2426 1772 2616 1828 καλεῖ.
2647 1772 2838 1840 Ταύτῃ
2855 1770 2933 1841 τῇ
2952 1771 3171 1842 μονάδι
3206 1772 3589 1843 συνυπάρχει
3639 1774 3739 1829 δύο

2150 1883 2331 1938 ναμις
2360 1867 2683 1937 όμοούσιος
2709 1866 2889 1934 αὐτῇ,
2916 1864 2998 1934 ῆν
3019 1865 3119 1921 καὶ
3150 1866 3348 1934 αὐτὴν
3377 1866 3644 1937 ὀνομάζω
3674 1864 3743 1922 τὸ

2153 1958 2242 2013 ἓν.
2270 1953 2458 2014 Αὗται
2479 1961 2539 2013 αἱ
2560 1957 2865 2027 δυνάμεις,
2890 1956 2929 2026 ἢ
2968 1973 3032 2011 τε
3065 1958 3331 2028 μονότης
3365 1958 3467 2013 καὶ
3501 1960 3735 2042 ἑνότης,

2151 2046 2345 2119 μονάς
2375 2064 2438 2101 τε
2463 2047 2561 2101 καὶ
2597 2046 2663 2101 τὸ
2686 2046 2756 2101 ἐν
2779 2043 3122 2116 προήκαντο
3162 2046 3269 2114 τὰς
3290 2047 3511 2115 λοιπὰς
3536 2050 3740 2117 apoco-

2153 2138 2270 2205 Jdc
2307 2135 2426 2191 τῶν
2456 2136 2717 2193 ΑῙώνων.
3338 2200 3349 2205 Α
3412 2170 3417 2173 Ἴ

463 2230 637 2295 stitit,
681 2244 839 2301 quam
871 2237 920 2283 et
957 2200 1129 2298 ipsam
1176 2243 1340 2281 unum
1386 2226 1616 2297 appello.
1656 2227 1788 2294 Qua:
1834 2227 2043 2298 quidem
2081 2200 2323 2299 virtutes,
2378 2231 2580 2297 unitas,
2608 2231 2858 2302 inquam,
2903 2241 2954 2286 et
3008 2200 3394 2303 singularitas,
3426 2247 3639 2299 manas,
3690 2229 3741 2285 et

462 2336 627 2375 unum
668 2334 686 2371 :
711 2317 943 2389 reliquas
975 2314 1214 2370 Δίοηιιηι
1244 2317 1470 2387 origines
1495 2324 1879 2387 propagarunt.

534 2412 622 2470 Vl.
640 2415 840 2471 Verum
865 2427 1029 2484 quam
1058 2410 1173 2467 haec
1195 2412 1466 2468 averitate
1483 2412 1817 2469 abhorreant
1840 2413 2051 2484 omnia,

464 2507 667 2580 egregii
690 2506 911 2579 quidam
944 2506 1242 2577 scriptores
1265 2503 1431 2562 editis
1481 2506 1748 2563 adversus
1784 2522 1879 2563 eos
1898 2522 2051 2563 com-

465 2593 749 2651 mentariis
802 2594 1273 2659 demonstrarunt,
1308 2595 1584 2668 praecipue
1628 2611 1760 2653 vero
1796 2596 2053 2653 Clemens

464 2683 886 2748 Alexandrinus,
918 2699 1082 2754 quem
1131 2682 1523 2742 Atheniensem
1574 2686 1668 2742 alii
1723 2687 1953 2754 faciunt,
1986 2701 2052 2743 ac

465 2783 695 2832 sanctus
753 2776 1022 2831 Irenaaus:
1053 2776 1147 2846 qui
1192 2784 1482 2847 postquam
1525 2777 1649 2835 illos
1683 2778 1894 2845 derisit,
1945 2789 2055 2835 tra-

466 2867 640 2938 sicam
681 2866 828 2921 illam
862 2867 1318 2923 exclamationem
1346 2868 1571 2936 subjicit
1592 2886 1618 2925 λ
2013 2858 2019 2867 ’

538 2957 687 3015 lleul
721 2959 858 3015 heu!
894 2959 1074 3015 Proh!
1107 2961 1271 3032 proh!
1301 2962 1498 3018 merito
1529 2962 1799 3034 siquidem
1824 2962 1957 3020 illud
1985 2964 2054 3021 de

2230 2413 2322 2480 ς’.
2354 2407 2487 2466 Εἶτα
2530 2412 2579 2465 οἱ
2611 2410 2794 2477 καλῶς
2832 2411 3299 2485 συγγραψάμενοι,
3344 2415 3441 2470 καὶ
3485 2415 3740 2489 ἀλήθειαν

2156 2502 2359 2557 τούτων
2387 2505 2443 2557 ὲν
2470 2505 2584 2567 τοῖς
2613 2503 2763 2574 σιρῶν
2806 2504 2988 2558 αὐτῶν
3024 2506 3452 2578 συγγράμμασιν
3485 2505 3737 2579 ἤλεγξαν,

2155 2594 2391 2667 Κλήμης
2416 2612 2498 2660 τε,
2537 2597 2597 2650 ὃν
2645 2595 2778 2666 φασί
2820 2613 2968 2662 τινες
3007 2597 3362 2670 Ἀλεξανδρέα
3389 2599 3528 2670 (91),
3567 2601 3741 2674 ἕτεροι

2151 2686 2207 2740 δι
2242 2682 2528 2758 Ἀθηναῖον
2550 2702 2564 2717 ⁵
2588 2687 2724 2741 ἀλλὰ
2758 2688 2850 2741 καὶ
2877 2690 2905 2742 ὁ
2935 2688 3080 2761 ἱερὸς
3106 2689 3394 2761 Εἰρηναῖος
3422 2693 3742 2761 καταγελῶν

2153 2777 2335 2833 αὐτῶν
2366 2777 2427 2831 τὸ
2462 2779 2727 2850 τραγικὸν
2762 2781 2959 2847 ἐκεῖνο,
2992 2781 3021 2835 ὃ
3051 2781 3145 2835 ἐπὶ
3177 2782 3291 2847 τοῖς
3321 2785 3740 2856 προειρημένοις

2153 2870 2234 2934 εις
2267 2868 2432 2941 μέσον
2466 2869 2647 2941 φέρων
2678 2865 2814 2943 ἦκεν
2837 2886 2852 2902 °

2239 2963 2365 3029 Ἰοὺ,
2400 2962 2480 3015 ἰού
2500 2978 2514 2994 ’
2546 2962 2643 3017 καὶ
2666 2964 2788 3032 φεῦ,
2833 2963 2936 3035 φεῦ
2962 2964 3073 3038 (92)
3094 2981 3109 2996 '
3140 2965 3201 3020 τὸ
3231 2966 3493 3039 τραγικὸν
3514 2968 3646 3039 γὰρ,
3669 2967 3738 3031 ὡς

467 3068 630 3109 scena
670 3053 1053 3124 depromptum
1103 3054 1170 3108 ad
1200 3070 1321 3110 eam
1356 3055 1644 3112 transferri
1678 3056 2048 3113 calamitatem

2160 3056 2366 3129 ἰληθῶς
2395 3057 2642 3110 ἐπειπεῖν
2669 3055 2837 3121 ἔστιν,
2882 3058 2975 3110 ἐπὶ
3002 3060 3067 3140 τῇ
3096 3058 3320 3133 τοιαύτῃ
3354 3062 3612 3131 συμφορᾷ
3635 3059 3741 3115 τῶν

467 3152 667 3215 potest,
695 3159 858 3215 quam
892 3147 1227 3216 portentosis
1270 3146 1521 3211 vocibus,
1556 3160 1623 3202 ac
1655 3156 1764 3202 tam
1788 3147 2054 3204 effrenata

468 3236 695 3292 audacia
720 3252 990 3308 nugarum
1010 3238 1085 3292 illi
1115 3239 1415 3311 scriptores
1448 3238 1743 3307 invehunt;
1775 3240 1870 3311 qui
1902 3255 2055 3295 men-

468 3328 641 3385 daciis
678 3331 794 3385 suis
825 3329 950 3383 ﬁcta
976 3314 1223 3400 quaedam
1267 3330 1489 3384 nomina
1516 3329 1860 3399 impudenter
1887 3329 2055 3384 aliin—

468 3423 620 3484 gunt.
655 3414 791 3470 Nam
852 3432 978 3472 cum
1043 3419 1118 3473 ita
1167 3418 1401 3473 scribit:
1435 3418 1572 3471 Ante
1613 3420 1793 3473 omnia
1823 3421 2054 3489 primum

469 3504 736 3573 quoddam
760 3517 838 3560 est
872 3508 1214 3577 principium,
1247 3524 1309 3561 ac
1338 3509 1593 3578 primum,
1642 3509 2053 3579 intelligentiam

470 3613 677 3651 omnem
723 3614 1001 3668 superans,
1044 3599 1181 3671 quod
1241 3618 1334 3672 ego
1378 3601 1659 3656 monadem
1716 3603 2052 3673 appello;ac

472 3703 751 3754 rursum;
788 3689 923 3743 tium
968 3691 1068 3745 liae
1101 3694 1326 3749 monade
1351 3695 1517 3750 virtus
1541 3695 1770 3764 exsistit,
1815 3711 1973 3767 quam
2002 3706 2053 3751 et

473 3781 649 3850 ipsam
679 3783 1110 3853 singularitatem
1155 3801 1279 3841 voco
1299 3801 1319 3851 ;
1345 3787 1638 3844 manifeste
1676 3787 1899 3857 fatetur,
1931 3804 2054 3845 esse

471 3872 591 3929 haec
635 3888 758 3945 qua:
795 3875 1071 3946 proposita
1121 3884 1251 3932 sunt.
1293 3878 1519 3934 omnino
1573 3877 1842 3945 conficta,
1886 3895 2058 3950 seque

473 3965 671 4021 fabulae
705 3966 831 4021 huic
879 3966 1205 4037 imposuisse
1259 3970 1500 4035 nomina,
1541 3986 1666 4040 qua:
1709 3971 1780 4026 ab
1839 3972 2059 4028 nemine

472 4058 740 4115 hactenus
798 4071 1061 4132 usurpata
1132 4061 1372 4117 fuerant.
1417 4061 1777 4134 {Proindeque
1852 4064 2069 4119 nemins

470 4151 698 4207 dubibm
728 4163 833 4217 εει,
864 4154 998 4224 quin
1018 4153 1132 4212 haec
1166 4155 1256 4209 ille
1272 4154 1507 4224 primum
1536 4154 1815 4217 indiderit,
1852 4170 1918 4210 ac
1949 4155 2058 4212 nisi

475 4243 596 4314 ipse
648 4245 705 4299 in
761 4244 867 4300 vita
924 4246 1224 4303 exstitisset
1248 4246 1562 4317 aliquando,
1604 4247 1812 4303 veritas
1870 4248 2059 4319 utique

544 4394 561 4425 ¹
597 4392 769 4452 Clem.
804 4393 838 4465 ἢ
866 4393 1105 4460 πάντως.
1177 4396 1387 4458 'Clem.
1422 4397 1606 4469 φύσει.

2153 3148 2222 3202 τὰ
2238 3146 2499 3219 γελοιώδη
2513 3146 2687 3200 ταῦτα
2708 3148 3062 3220 γεγραφότων
3085 3150 3187 3219 τῆς
3210 3149 3469 3221 τοιαύτης
3489 3151 3742 3223 ὀνοματο-

2154 3238 2337 3303 ποιίας
2363 3238 2459 3292 καὶ
2496 3240 2565 3308 τῇ
2594 3236 2834 3310 τοσαύτῃ
2880 3238 3076 3312 τόλμῃ,
3106 3238 3181 3304 ὡς
3225 3240 3641 3314 ἁπερυθριάσας
3667 3243 3741 3315 τῷ

2152 3333 2430 3405 ψεύσματι
2461 3333 2649 3399 αὐτοῦ,
2677 3332 2849 3405 ὄνομα
2878 3333 3143 3387 τέθεικεν.
3186 3335 3275 3388 Ἐν
3305 3335 3414 3408 γὰρ
3438 3336 3516 3407 τῷ
3540 3336 3738 3407 λέγειν,

2158 3423 2335 3479 Ἔστι
2362 3442 2453 3491 τις
2486 3424 2757 3494 προαρχὴ
2791 3423 2905 3493 πρὸ
2948 3424 3190 3479 πάντων
3231 3429 3739 3497 προανεννόητος,

2155 3513 2243 3583 ἣν
2268 3513 2386 3585 ἐγὼ
2417 3513 2652 3584 μονάδα
2696 3514 2882 3580 καλῶ,
2914 3516 3010 3569 καὶ
3055 3516 3249 3571 πάλινο
3294 3520 3486 3587 Ταύτῃ
3518 3518 3596 3589 τῇ
3634 3537 3740 3591 μο-

2154 3606 2293 3662 νάδι
2321 3605 2702 3676 συνυπάρχει
2729 3606 3003 3678 δύναμις,
3034 3607 3114 3677 ἣν
3140 3608 3239 3663 καὶ
3264 3610 3461 3679 αὐτὴν
3490 3612 3740 3681 ἑνότητα

2157 3697 2448 3769 ὀνομάζω·
2482 3699 2815 3769 σαφέστατα,
2841 3700 2923 3753 ὅτι
2962 3716 3024 3753 τε
3066 3697 3293 3770 πλάσμα
3320 3700 3488 3755 αὑτοῦ
3522 3703 3641 3755 ἐστι
3678 3701 3741 3756 τὰ

2158 3791 2444 3863 εἰρημένα,
2470 3790 2813 3864 ὡμολόγηκε,
2840 3792 2937 3845 καὶ
2964 3791 3045 3845 ὅτι
3075 3791 3237 3856 αὐτὸς
3264 3791 3507 3863 ὀνόματα
3531 3793 3740 3848 τέθεικε

2155 3883 2235 3956 τῷ
2257 3884 2535 3955 πλάσματι
2558 3884 2663 3938 ὑπὸ
2688 3883 2915 3956 μηδενὸς
2948 3884 3213 3957 πρότερον
3238 3883 3400 3939 ἄλλου
3428 3885 3737 3957 τεθειμένα.

2157 3975 2268 4028 Kal.
2302 3975 2472 4046 σαφές
2497 3976 2665 4042 ἐστιν,
2697 3976 2778 4029 ὃτι
2801 3975 2961 4039 αὐτὸς
2981 3974 3154 4029 ταῦτα
3180 3975 3514 4047 τετόλμηκεν
3546 3978 3734 4051 ὀνομα-

2156 4067 2442 4137 τοποιῆσαι
2461 4084 2475 4097 ·
2505 4068 2601 4121 καὶ
2628 4068 2677 4120 εἰ
2703 4066 2779 4138 μὴ
2817 4066 3000 4138 παρῆν
3024 4065 3104 4137 τῷ
3144 4066 3243 4139 βίῳ
3270 4068 3453 4134 αὐτὸς,
3494 4070 3598 4124 οὐκ
3621 4072 3738 4143 ἄνη

2155 4157 2384 4229 ἀλήθεια
2428 4151 2575 4228 εἶχεν
2621 4156 2812 4229 ὄνομα.
2863 4158 3030 4211 Οὐδὲν
3067 4153 3160 4212 οὖν
3208 4157 3407 4212 κωλύει
3450 4158 3547 4213 καὶ
3587 4160 3739 4215 ἄλλον

2157 4249 2280 4303 τινὰ
2312 4250 2406 4302 ἐπὶ
2430 4249 2529 4320 τῆς
2564 4247 2735 4319 αὐτῆς
2777 4246 3086 4313 ὑποθέσεως
3112 4247 3285 4313 οὕτως
3315 4248 3605 4322 ὁρίσασθαι
3630 4251 3740 4305 ὀνό-

548 4550 658 4622 (90)
697 4550 851 4630 ξασὶ
882 4551 956 4630 de
976 4553 1090 4630 sta!
1111 4548 1299 4630 οζξτοι.
1334 4552 1573 4630 Tertull.
1598 4554 1694 4630 lib.
1726 4564 1917 4630 contra
1950 4554 2049 4610 Va-

2162 4563 2277 4611 tum
2323 4555 2488 4630 etiam
2526 4556 2926 4630 Atheniensem
2962 4574 2993 4613 a
3043 4559 3346 4630 majoribus
3391 4563 3734 4617 nominatum

474 4621 601 4677 lent.
634 4637 685 4677 c.
726 4622 1050 4692 57zAccipe
1109 4624 1220 4677 alia
1270 4625 1479 4692 ingenia
1526 4626 1727 4679 cicuria
1778 4624 2051 4689 Enniana,

475 4692 784 4765 insignioris
816 4694 955 4765 apud
985 4709 1072 4747 eos
1099 4694 1376 4765 magistri;
1398 4695 1496 4765 qui
1526 4709 1590 4747 ex
1629 4696 1923 4765 pontiﬁcali
1956 4713 2058 4751 sua

477 4762 793 4814 auctoritate
815 4762 872 4814 in
898 4763 1035 4815 hunc
1068 4763 1280 4816 modum
1308 4762 1532 4829 censuit,
1557 4762 1665 4818 etc.

547 4830 635 4899 (91
645 4834 669 4902 ὶ
684 4830 951 4902 ,Κλήμης
983 4849 1077 4897 τε,
1126 4832 1200 4886 ὄν
1247 4833 1401 4902 φασι
1438 4851 1593 4900 τινες
1647 4831 2035 4901 Ἀλεξανδρέα

475 4898 581 4968 Qui
633 4898 966 4973 Clementem
1018 4905 1192 4973 patria
1233 4898 1624 4959 Atheniensem
1669 4918 1793 4958 esse
1846 4898 2055 4961 diceret

477 4979 676 5043 praeter
740 4971 1105 5041 Epiphaniutn
1154 4988 1223 5029 ex
1270 4974 1546 5029 veteribus
1593 4973 1701 5028 vidi
1753 4974 2052 5029 neminem.

478 5046 800 5111 Quanquam
841 5044 996 5115 neris
1035 5043 1255 5115 quidem
1304 5043 1566 5115 affirmat;
1608 5043 1706 5100 sed
1745 5047 2055 5101 contrarias

478 5115 744 5185 duntaxat
785 5113 1074 5183 opiniones
1121 5115 1299 5185 affert.
1344 5113 1542 5185 Mirum
1594 5115 1762 5185 igitur
1789 5120 1901 5178 est,
1942 5130 2053 5184 quo

480 5182 651 5237 fretus
701 5182 926 5238 auctore
982 5186 1068 5238 vir
1116 5184 1367 5241 eruditus
1432 5182 1764 5240 Clementem
1820 5182 2052 5240 Athenis

478 5251 815 5324 oriundum,
847 5253 1139 5324 sedquod
1169 5253 1512 5309 Alexandria:
1547 5255 1737 5324 perdiu
1781 5253 2052 5319 docuerit,

477 5322 904 5392 Alexandrinum
952 5322 1121 5378 fuisse
1180 5332 1291 5377 tam
1335 5322 1716 5379 asseveranter
1747 5324 2050 5392 scripserit.

477 5390 581 5456 Qui
612 5391 689 5462 ob
722 5406 841 5462 eam
866 5405 1097 5462 causam
1146 5392 1297 5461 addit
1345 5408 1375 5446 a
1415 5394 1716 5462 majoribus
1748 5396 1831 5462 (ut
1859 5390 2053 5449 auctor

476 5469 562 5543 est
611 5460 983 5543 Epiphanius)
1027 5460 1828 5543 tumAlexandrinum,‘tum
1883 5464 2049 5543 etiam

400 5556 407 5561 ν
475 5532 864 5587 Atheniensem
895 5547 1017 5587 esse
1049 5532 1422 5604 nominatum.
1472 5533 1635 5604 Atqui
1671 5548 1940 5604 nusquam
1972 5535 2047 5601 id,

476 5604 622 5667 quod
674 5604 766 5659 ille
811 5610 994 5672 putat,
1047 5601 1382 5671 Epiphanius
1433 5601 2047 5671 tum'Alexan'drinum,

2158 4641 2282 4699 esse
2345 4628 2688 4699 Clementem
2758 4629 2988 4699 asserit,
3047 4628 3193 4699 quad
3256 4631 3483 4686 Athenis
3550 4642 3735 4696 ortus,

2154 4695 2499 4771 Alexandria:
2530 4697 2831 4771 docuisset.
2869 4696 2975 4754 Sed
3008 4695 3082 4755 de.
3106 4699 3280 4771 patria
3302 4700 3571 4756 duntaxat
3592 4704 3738 4757 varie

2159 4766 2422 4837 quosdam
2454 4768 2695 4837 sensisse
2729 4774 2937 4822 narrat.
3014 4778 3019 4781 ·

2228 4836 2338 4908 (9‘2)
2386 4836 2695 4908 Ἰοὺ,ὶορ,
2729 4839 2829 4891 xui
2861 4837 3011 4908 φεῦ,
3057 4838 3193 4908 φεῦ.
3249 4838 3331 4908 Aid
3376 4839 3495 4894 hmc
3551 4840 3735 4897 lrenm'

2151 4905 2325 4980 verba
2347 4907 2584 4980 respexit
2620 4905 3009 4980 Tertullgqun
3039 4905 3231 4980 s'cltolis
3269 4907 3733 4980 Carthaginiensi-

2153 4975 2250 5029 bus
2292 4975 2393 5044 fuit
2430 4976 3044 5047 quidamArigidissimus
3075 4979 3251 5033 rhetor
3292 4975 3541 5042 Latinus,
3572 4981 3736 5035 Plias-

2150 5049 2346 5118 phorus
2383 5044 2611 5118 nomine.
2636 5044 2770 5101 Cum
2802 5049 2973 5101 virum
2999 5049 3188 5118 fortem
3211 5060 3483 5118 peroraret
3502 5068 3522 5105 :
3552 5049 3731 5114 Venio,

2153 5115 2344 5186 inquit,
2381 5116 2450 5169 ad
2480 5132 2593 5180 vos,
2633 5118 2816 5185 optimi
2847 5115 3007 5183 cives,
3037 5118 3102 5172 de
3140 5115 3326 5187 prielio
3366 5135 3487 5171 cum
3519 5122 3734 5177 rictoria

2153 5203 2307 5257 mea,
2358 5202 2478 5240 cum
2522 5187 2776 5257 felicitate
2822 5196 3031 5252 vestra,
3073 5188 3397 5257 ampliatus,
3447 5191 3732 5257 gloriosus,

2152 5256 2501 5327 fortunatus,
2546 5258 2846 5327 maximus,
2899 5256 3256 5327 triumphalis.
3304 5257 3374 5310 Et
3417 5259 3736 5313 Scholastici

2152 5325 2336 5397 statim
2384 5328 2609 5397 familiae
2657 5325 2953 5395 Phosphori
3000 5325 3102 5397 φεῦ
3148 5327 3448 5381 acclamant
3478 5332 3734 5383 :Audisti

2157 5396 2538 5463 Fortunatam,
2560 5407 2609 5451 et
2638 5396 2927 5461 Hedonem,
2948 5407 2996 5453 et
3016 5396 3326 5458 )tcinetum.
3358 5410 3408 5452 et
3444 5398 3684 5453 Teletnm
3715 5416 3735 5454 :

2156 5470 2395 5541 acclama
2416 5468 2639 5541 familia:
2663 5466 2939 5541 Rtolemwi
2960 5468 3083 5541 ξεύ.
3106 5466 3434 5541 Quanquam
3468 5470 3574 5538 φεῦ
3595 5470 3735 5541 apud

2157 5486 2395 5521 acetama
2416 5486 2639 5537 (anima:
2663 5486 2937 5523 ιιιοιεηιίει
3002 5486 3083 5522 ευ.
3106 5486 3434 5538 Quanquam
3468 5487 3574 5538 φευ
3595 5486 3735 5541 apud

2157 5538 2298 5593 lt'ett.
2336 5534 2758 5608 σχετλιαστικόν,
2785 5538 2928 5609 apud
2959 5486 3189 5593 δῖωιηιυιι.
3222 5537 3604 5610 θαυμαστικύν
3634 5555 3736 5599 cit.
