3956 6070
183 305 300 364 555

917 305 1291 364 ADVERSUS
1329 299 1677 362 HA'LRESES
1713 303 1843 359 LIB.
1887 302 1927 357 I.
1968 298 2134 361 ΤΟΜ.
2175 301 2239 360 II.
2281 334 2350 346 —
2391 297 2666 360 IIIERES.
2700 303 2915 361 XXXII.

3377 303 3488 362 555

183 436 362 491 ματα.
398 413 532 473 Εἶτα
556 418 742 474 λοιπὸν
771 420 854 485 είς
884 421 1057 476 ταῦτα
1099 422 1262 486 αὐτὸς
1290 425 1318 476 ὁ
1353 423 1622 494 μακάριος
1659 423 1775 475 ἐπί-

1893 423 2116 496 proprio
2151 423 2372 477 nomine
2416 423 2658 477 caritura
2727 424 2910 479 fuerit.
2958 421 3104 489 Quid
3147 421 3311 491 igitur
3357 436 3488 493 pro-

187 527 400 575 σκοπος
429 512 745 583 Εἰρηναῖος,
785 511 862 576 ὥς
891 529 953 580 γε
999 514 1362 585 προείπαμεν,
1396 513 1657 584 γελοιὼδη
1689 514 1785 585 pf;-

183 623 341 678 ματα
383 607 480 660 καὶ
521 607 686 670 αὐτὸς
720 610 1004 678 προεῖπεν,
1038 608 1412 679 ἑτερωνυμίαν
1439 607 1531 676 ἀφ’
1568 605 1785 671 ἑαυτοῦ,

180 697 259 762 ὡς
303 699 534 764 ἀντάξια
579 698 680 768 τῆς
730 697 910 752 αὐτῶν
964 699 1236 770 ληρῳδίας
1284 698 1783 770 χαριεντιζόμενος,

182 791 442 844 ’πεπόνων
473 791 626 860 γένη,
657 790 752 843 καὶ
783 789 1008 855 σικύων,
1043 791 1136 844 καὶ
1168 791 1529 855 κολοκυνθῶν,
1568 791 1643 854 ὡς
1687 792 1782 844 ἐπὶ

182 883 567 954 ὑποκειμένων
597 883 757 936 τινῶν
802 883 1264 954 ὲτπιπλασάμενος,
1305 885 1383 948 ὼς
1418 887 1530 948 τοῖς
1570 883 1781 953 φιλολό-

179 992 302 1040 γοις
333 977 505 1046 σαφὲς
541 977 606 1030 ἂν
635 978 721 1048 εἴη
747 976 840 1046 ἀφ’
867 970 944 1030 ὧν
967 976 1410 1048 προανέγνωσαν.

1894 517 2046 571 hibet
2094 515 2261 569 alium
2316 515 2618 586 quemlibet
2675 517 2730 571 in
2780 516 2970 572 eadem
3039 515 3268 571 materia
3328 523 3485 570 certa

1891 607 2158 662 vocabula
2229 607 2606 662 constituere?
2659 605 2841 674 Quare
2909 614 3134 664 sanctus
3191 605 3488 677 episcopus

1891 699 2152 765 Irenzeus,
2180 707 2238 754 ut
2272 699 2536 766 diximus,
2565 699 2799 755 ridicula
2835 701 3086 771 quaedam
3142 699 3388 761 nomina,
3422 713 3487 751 ac

1891 791 2194 862 perjoeum
2235 807 2266 845 a
2311 792 2494 861 seipso
2542 793 2847 863 composita
2911 791 3159 863 subiicit,
3219 799 3485 862 tanquam

1887 884 2106 940 illorum
2133 883 2296 954 nugis
2330 891 2740 939 consentanea:
2789 884 3098 952 cujusmodi
3151 892 3280 938 sunt
3319 897 3488 954 pepo-

1886 989 2016 1029 num
2049 988 2114 1027 ac
2173 973 2606 1036 cucurbitarum,
2643 979 2736 1027 aut.
2773 973 3223 1045 colocyntbarum
3258 988 3483 1044 genera,

180 1081 420 1137 quorum
479 1069 870 1138 aplellationes
909 1069 1075 1124 certis
1142 1069 1306 1124 rebus
1345 1068 1630 1125 attribuit:
1679 1067 1731 1122 id
1763 1067 1909 1138 quod
1961 1065 2160 1122 eruditi
2184 1063 2612 1121 bominesl’aeile
2644 1080 2711 1119 ex
2760 1065 2827 1120 iis
2867 1079 2989 1134 qua:
3028 1071 3189 1120 antea
3224 1064 3484 1135 legerint.

180 1160 644 1217 animadvertent.

252 1275 327 1328 Z'.
362 1273 548 1354 Ἄλλοι
572 1274 629 1327 δὲ
661 1275 823 1329 πάλιν
846 1276 1024 1332 αὐτῶν
1047 1277 1144 1349 τὴν
1178 1277 1403 1350 ’πρώτην
1425 1275 1520 1332 καὶ
1544 1277 1776 1350 ἀρχέγο-

179 1385 273 1422 νον
317 1367 576 1435 Ὁγδοάδα
607 1367 817 1433 τούτοις
848 1373 960 1433 τοῖς
989 1370 1214 1441 ὀνόμασι
1257 1372 1561 1443 κεκλήκασι
1581 1388 1593 1401 ·
1629 1371 1779 1442 πρῶ-

177 1470 274 1511 τον
305 1457 620 1530 Προαρχὴν,
649 1459 842 1513 ἔπειτα
885 1460 1223 1531 Ἀνενόητον·
1253 1462 1352 1533 τὴν
1373 1463 1430 1516 δὲ
1465 1462 1656 1534 τρίτην
1681 1461 1780 1532 ἄῤ-

182 1550 372 1618 ῥητον,
417 1549 510 1601 καὶ
549 1549 647 1620 τὴν
688 1550 958 1621 τετάρτην
999 1551 1260 1622 ἀόρατονο
1309 1553 1404 1605 καὶ
1430 1553 1496 1604 ἐκ
1531 1552 1629 1623 μὲν
1677 1552 1778 1621 τῆς

180 1637 410 1712 πρώτης
443 1641 734 1712 Προαρχῆς
761 1642 1164 1712 προϐεϐλῆσθαι
1190 1642 1390 1714 πρὼτῷ
1413 1643 1509 1697 καὶ
1543 1643 1779 1715 πέμπτῳ

1959 1269 2074 1330 ΠΙ.
2107 1273 2378 1330 Caeterum
2435 1273 2682 1327 nonnulli
2735 1288 2803 1328 ex
2864 1271 2972 1329 illis
3025 1271 3258 1343 primam
3317 1279 3485 1343 atque

1887 1368 2326 1439 antiquissimam
2388 1364 2700 1436 Ogdoadem
2744 1365 2880 1422 iisce
2948 1365 3269 1420 nominibus
3341 1365 3484 1420 insi-

1885 1461 2100 1532 gniunt.
2136 1457 2376 1512 Primam
2393 1457 2540 1512 enim
2574 1473 2698 1513 esse
2727 1464 2976 1513 statuunt
3005 1455 3344 1520 Pruarchen,
3375 1457 3484 1512 hoc

1886 1557 2216 1624 estprimum
2249 1553 2483 1606 omnium
2522 1551 2850 1620 Principium
2879 1566 2900 1616 ,'
2935 1559 3050 1606 tum
3076 1553 3483 1616 Ancnnoetum,

1885 1648 2003 1702 sive
2053 1644 2194 1716 quod
2250 1643 2598 1714 intelligentia
2643 1645 2762 1712 capi
2814 1659 2915 1696 non
2967 1653 3192 1711 potest;
3253 1643 3482 1698 tertium

178 1731 357 1802 ἀρχὴν
391 1734 430 1797 ¹,
467 1735 532 1786 ὲκ
560 1733 616 1786 δὲ
652 1735 772 1806 (τῆς
801 1735 977 1806 ἀρχῆς
999 1733 1140 1807 [95])
1170 1735 1269 1806 τῆς
1316 1736 1630 1806 Ἀνενοήτου
1656 1735 1775 1789 δευ-

1886 1736 2304 1808 inexplicabile;
2337 1743 2592 1804 quartum
2637 1735 2923 1801 Acratum,
2971 1735 3026 1789 id
3073 1746 3159 1792 est
3206 1747 3481 1804 aspectum

176 1823 326 1894 τέρῳ
340 1825 433 1876 καὶ
450 1824 594 1896 ἕκτῳ
618 1825 768 1897 τόπῳ
798 1827 1204 1896 ἀκατάληπτον.
1228 1827 1318 1880 Ἐκ
1334 1827 1517 1902 ’δὲίτῆς
1541 1829 1784 1900 ἀρρήτου

177 1917 355 1987 τρίτῳ
401 1918 498 1972 καὶ
552 1918 770 1990 ἑϐδόμῳ
818 1919 971 1990 τόπῳ
1021 1917 1420 1990 ἀνονόμαστονο
1469 1921 1534 1974 ὲκ
1577 1921 1634 1974 δὲ
1685 1921 1785 1993 τῆς

192 2008 456 2080 Ἀοράτου
473 2009 791 2080 Ἀγέννητον
849 2010 1120 2082 πλήρωμα
1142 2011 1240 2082 τῆς
1268 2009 1491 2082 πρώτης
1516 2013 1535 2043 ³
1566 2011 1785 2080 Ὀγδοά-

176 2099 290 2162 δος.
335 2099 553 2163 Ταύτας
605 2099 886 2170 βούλονται
937 2101 1036 2164 τὰς
1089 2101 1348 2173 δυνάμεις
1405 2102 1782 2174 προῦπὰρχειν

177 2193 272 2246 τοῦ
305 2191 480 2245 Βυθοῦ
507 2193 600 2246 xa'l.
624 2179 724 2264 τῆς
753 2194 940 2264 Σιγῆς,
975 2195 1060 2247 ἵνα
1087 2194 1308 2249 τελείων
1339 2195 1663 2268 τελειότεροι
1689 2214 1783 2266 φα-

177 2284 348 2336 νῶσιν
397 2282 568 2348 ὄντες,
615 2282 708 2336 καὶ
753 2282 1070 2351 γνωστικῶν
1123 2282 1592 2355 γνωστικώτεροι·
1645 2284 1783 2355 πρὸς

177 2376 272 2441 οὓς
304 2377 532 2440 δικαίως
564 2375 630 2430 ἄν
672 2393 757 2439 τις
799 2377 1194 2448 ὲπιφωνήσειεν
1215 2394 1227 2406 ο
1265 2372 1335 2428 Ὠ
1367 2375 1649 2448 ληρολόγοι
1691 2393 1782 2428 σο-

178 2469 405 2539 φισταίί
439 2469 549 2523 Καὶ
590 2468 700 2540 γὰρ
741 2469 870 2540 περ)⁵
909 2469 1074 2534 αὐτοῦ
1104 2469 1200 2524 τοῦ
1246 2468 1420 2521 Βυθοῦ
1459 2468 1650 2522 πολλαὶ
1686 2470 1780 2522 καῖ⁵

175 2563 429 2630 διάφοροι
449 2562 667 2632 γνῶμαι
697 2563 826 2632 παρ’
860 2562 1042 2626 αὐτοῖς
1067 2579 1080 2594 ο
1105 2563 1154 2614 οἱ
1188 2561 1287 2632 μὲν
1317 2560 1426 2632 γὰρ
1462 2561 1624 2615 αὑτὸν
1644 2560 1778 2624 ἄζυ-

177 2671 276 2723 γον
303 2653 546 2722 λέγουσι,
585 2655 724 2724 μήτε
758 2653 984 2724 ἄρρενα,
1026 2655 1162 2724 μήτε
1195 2651 1437 2723 θήλειαν,
1474 2653 1611 2723 μήτε
1643 2650 1779 2716 ὅλως

175 2749 309 2802 ὄντα
336 2764 421 2800 τι·
451 2747 602 2802 ἄλλοι
642 2747 699 2800 δὲ
739 2746 1106 2818 ἀρῤενόθηλυν
1146 2746 1308 2799 αὐτὸν
1333 2745 1583 2814 λέγουσιν
1609 2739 1772 2810 εἶναι,

177 2838 583 2911 ἑρμαφροδίτου
631 2838 794 2908 φύσιν
839 2837 990 2907 αὐτῷ
1036 2835 1450 2906 περιάπτοντες.
1502 2835 1668 2906 Σιγὴν
1719 2835 1777 2888 δὲ

178 2932 344 2986 πάλιν
375 2930 526 2984 ἄλλοι
563 2929 876 2982 συνευνέτιν
911 2927 1060 2999 αὐτῷ
1096 2926 1522 2998 προσάπτουσιν,
1561 2925 1648 2979 ἵνα
1681 2924 1776 2994 γέ-

175 3043 340 3094 νηται
385 3021 576 3094 πρώτη
613 3021 864 3090 συζυγία,
893 3020 988 3072 καὶ
1031 3020 1094 3072 ὲκ
1125 3017 1314 3072 τούτου
1354 3018 1448 3071 καὶ
1485 3019 1547 3070 ὲκ
1570 3017 1772 3088 ταύτης

1887 1829 2117 1899 fugiens.
2176 1825 2296 1880 3am
2341 1842 2372 1880 a
2418 1825 2697 1882 Proarche
2745 1827 2956 1898 primo,
3000 1842 3066 1881 ac
3097 1828 3290 1898 quinto
3330 1829 3478 1893 loco.

1874 1918 2052 1991 ,214
2091 1919 2417 1990 principium
2453 1926 2727 1974 exortum.
2766 1919 2808 1972 A
2831 1921 3103 1991 principio
3136 1937 3289 1988 vero,
3328 1922 3477 1992 quod

1883 2009 2266 2064 Anennoctum
2299 2016 2518 2076 vocant,
2575 2010 2822 2065 secundo
2873 2019 3138 2083 sextoque
3178 2013 3305 2068 loco
3353 2029 3483 2085 pro-

1884 2100 2109 2156 ductum
2140 2102 2542 2172 Acataleptum,
2580 2101 2685 2156 hoc
2707 2110 2792 2158 est
2822 2099 3372 2174 incompre/tensibile.
3395 2107 3481 2164 Ab

1882 2189 2252 2260 inexplicabili
2281 2190 2478 2245 deinde
2513 2192 2676 2246 tertio
2719 2191 2840 2246 loco
2868 2207 2934 2247 ac
2968 2194 3203 2263 septimo
3241 2196 3475 2251 Anono-

1883 2291 2157 2350 mastum,
2213 2285 2328 2339 sive
2394 2284 2796 2339 iunominabite.
2846 2285 3072 2340 llemum
3142 2288 3212 2342 ab
3270 2290 3478 2343 Aorato

1880 2379 2247 2447 Agennetum,
2297 2376 2412 2431 sive
2446 2376 2755 2448 Ingenitum
2796 2376 3072 2446 prodiisse
3103 2379 3292 2449 prima:
3325 2379 3477 2437 illius

1881 2465 2156 2536 Ogdoadis
2221 2466 2706 2535 complementum.
2747 2463 2861 2520 llas
2919 2465 2997 2518 illi
3049 2467 3282 2522 virtutes
3341 2474 3473 2522 ante

1879 2555 2095 2630 Bytbon
2153 2571 2218 2611 ac
2273 2555 2438 2627 Sigen
2476 2555 2754 2612 exstitisse
2793 2565 3042 2620 censent,
3101 2564 3159 2610 ut
3209 2558 3476 2628 perfectis

1878 2645 2262 2718 perfectiores,
2325 2655 2490 2718 atque
2551 2647 2983 2718 intelligentibus
3022 2648 3475 2720 intelligentiores

1877 2754 2003 2796 esse
2054 2737 2365 2796 videantur.
2416 2738 2461 2794 Ο
2500 2739 2858 2810 nugacissimi
2920 2739 3320 2812 vanissimique
3382 2756 3477 2796 so-

1880 2832 2108 2903 phistae!
2157 2831 2250 2886 Sic
2301 2831 2452 2886 enim
2528 2845 2624 2886 eos
2672 2831 2796 2901 jure
2843 2831 3121 2904 quispiam
3205 2832 3472 2904 appellet.

1877 2923 2014 2978 Nam
2037 2931 2091 2978 et
2117 2922 2184 2978 de
2210 2921 2383 2994 Bytho
2417 2921 2599 2993 plures
2634 2929 2764 2978 sunt
2789 2921 2934 2993 apud
2971 2921 3098 2979 illos
3150 2923 3378 2994 alioqui,
3407 2938 3476 2979 ae

1878 3015 2261 3086 discrepantes
2329 3013 2630 3078 sententiae.
2684 3013 2920 3080 Quidam
2997 3013 3146 3070 enim
3222 3015 3472 3087 injugcm

175 3120 247 3172 τὰ
276 3115 582 3171 κατάλοιπα
603 3112 750 3166 οὓτω
777 3113 1329 3184 δραματουργήσωσι.
1361 3111 1472 3164 Καὶ
1493 3108 1662 3180 πολλή
1693 3125 1775 3172 τις

1886 3111 2033 3164 illum
2072 3123 2194 3164 esse
2221 3107 2513 3171 dctlniunt,
2547 3122 2648 3162 nec
2681 3121 2889 3162 marem
2921 3107 3157 3170 scilicet,
3185 3123 3288 3163 nec
3313 3107 3468 3164 femi-

177 3211 237 3263 ὲν
265 3209 451 3271 αὐτοῖς
478 3209 510 3279 ή
543 3208 622 3271 είς
653 3204 820 3258 ὕπνον
850 3203 1018 3274 βαθὺν
1054 3203 1144 3255 τὸν
1171 3202 1295 3256 νοῦν
1321 3201 1500 3255 αὐτῶν
1532 3201 1774 3270 καταφέ-

181 3322 275 3377 ρου
285 3320 354 3357 σα
381 3302 446 3372 λη
457 3301 675 3373 ρολόγος
706 3297 1068 3369 όνειροπολία.

1883 3216 2033 3268 nam,
2051 3215 2229 3270 neque
2253 3197 2480 3254 omnino
2497 3197 2723 3252 alterius
2743 3197 2961 3267 generis
2981 3198 3128 3253 aliud
3145 3199 3469 3270 quidquam.

1886 3292 1994 3346 Alii
2028 3299 2323 3359 utrumque
2356 3289 2406 3343 ei
2441 3303 2633 3343 sexum
2677 3286 3020 3351 attribuunt,
3077 3295 3133 3342 et
3183 3287 3463 3358 Androgy.

178 3417 314 3456 num
338 3397 574 3453 faciunt.
615 3395 781 3466 Sigcn
812 3409 976 3464 porro
1014 3392 1103 3448 alii
1142 3391 1432 3462 coniugem
1461 3389 1607 3444 illius
1645 3401 1770 3444 esse
1807 3385 2018 3449 dicunt,
2051 3391 2110 3437 ut
2169 3383 2273 3437 hoc
2298 3397 2397 3453 par
2455 3381 2526 3437 sit
2565 3379 2813 3434 omnium
2881 3377 3361 3449 antiquissimum:
3403 3394 3470 3435 ex

175 3507 290 3562 quo
318 3499 516 3546 caetera
548 3487 616 3544 ad
649 3503 774 3542 eum
811 3485 1032 3541 modum
1086 3486 1229 3540 velut
1288 3485 1564 3538 scenicam
1607 3480 1849 3535 fabulam
1913 3484 2226 3548 pertexunt.
2289 3475 2368 3528 lta
2423 3487 2638 3528 summa
2684 3478 2772 3526 est
2809 3471 2953 3542 apud
3007 3471 3156 3540 ipsos
3196 3483 3470 3540 nugarum

176 3602 244 3642 ac
271 3585 612 3642 somniorum
646 3582 887 3645 licentia,
911 3580 1111 3651 quibus
1151 3594 1339 3635 cormn
1360 3594 1517 3634 mens
1560 3577 1833 3633 altissimo
1857 3573 2097 3645 quodam
2128 3578 2352 3626 veterno
2387 3584 2452 3623 ac
2481 3583 2678 3640 sopore
2705 3566 2997 3622 detinetur.

249 3697 364 3751 Kal.
387 3695 442 3748 τί
481 3711 569 3766 μοι
598 3693 690 3748 ἐπὶ
732 3693 792 3746 τὸ
834 3692 968 3746 πολὺ
1016 3689 1464 3762 κατατρίϐεσθαι,
1513 3689 1775 3760 φωρατῆς

175 3786 348 3858 οὔσης
374 3787 474 3858 τῆς
504 3787 626 3838 κατ’
665 3784 861 3847 αὐτοὺς
891 3782 1220 3846 ὑποθέσεως,
1255 3781 1350 3835 καὶ
1385 3779 1478 3833 τοῦ
1527 3782 1646 3832 κατ’
1678 3780 1775 3832 αὑ-

174 3880 304 3942 τοὺς
335 3877 560 3947 ἐλέγχου
589 3875 683 3928 καὶ
723 3873 1035 3945 ἀνατροπῆς
1073 3871 1178 3925 ἀπὸ
1206 3869 1314 3925 τῶν
1359 3867 1774 3940 προειρημένων

177 3972 347 4026 παντὶ
368 3970 448 4042 τῷ
478 3969 786 4040 βουλομένῳ
810 3968 907 4038 τῆς
933 3966 1078 4036 ζωῆς
1107 3962 1273 4016 αὑτοῦ
1300 3960 1541 4033 ἔχεσθαι,
1571 3960 1667 4014 καὶ
1697 3959 1772 4030 μὴ

176 4062 497 4119 ἀπατᾶσθαι
518 4064 695 4124 κενοῖς
729 4060 915 4131 μύθοις
940 4077 954 4124 ;
1000 4055 1159 4109 Ἀλλὰ
1184 4054 1358 4108 ταῦτά
1389 4069 1477 4124 μοι
1504 4051 1630 4122 περὶ
1651 4049 1773 4103 τού-

177 4175 289 4210 των
339 4155 600 4226 εξρήσθω.
654 4150 947 4224 Παρελθὼν
993 4151 1048 4204 δὲ
1093 4147 1318 4219 ταύτην,
1361 4146 1454 4199 ἐπὶ
1499 4145 1597 4209 τὰς
1646 4142 1774 4214 ἑξῆς

176 4249 553 4320 διασκοπήσω,
590 4246 708 4301 ὁδὸν
743 4243 964 4316 ἐμαυτῷ
999 4240 1216 4311 ἀσφαλῆ
1247 4240 1342 4293 καὶ
1379 4238 1566 4310 τρίϐον
1598 4236 1769 4301 λείαν,

177 4345 350 4406 ὅπως,
380 4342 478 4404 τὰς
511 4341 715 4393 τούτων
749 4337 1048 4410 μοχθηρίας
1071 4333 1280 4398 διεξιών
1303 4351 1362 4385 τε
1387 4334 1480 4385 καὶ
1511 4331 1770 4400 ἐλέγχων,

1952 3683 2278 3753 Quanquam
2315 3681 2446 3752 quid
2496 3681 2585 3734 hic
2621 3693 2723 3750 ego
2761 3679 2970 3733 diutius
3005 3678 3298 3742 immorer;
3340 3689 3466 3729 cum

1882 3778 2062 3848 ipsum
2117 3790 2212 3844 per
2239 3788 2362 3828 sese
2405 3773 2626 3825 illorum
2675 3779 3057 3838 argumentum
3119 3782 3280 3821 omne
3310 3766 3470 3822 facile

1881 3866 2165 3938 prodatur,
2211 3870 2580 3933 appareatque
2621 3859 2706 3914 vel
2747 3874 2810 3912 ex
2873 3858 2941 3912 iis
2972 3872 3094 3927 quae
3151 3857 3296 3910 dicta
3338 3866 3468 3911 sunt

1881 3956 2342 4030 quemadmodum
2403 3954 2575 4010 everti
2616 3950 2985 4020 convincique
3039 3948 3249 4019 possit?
3295 3948 3377 4002 Sit
3421 3949 3468 4002 is

1881 4051 2045 4106 modo
2100 4049 2394 4120 quiSpiam,
2454 4046 2549 4118 qui
2595 4046 2861 4100 inlizcrere
2913 4042 3036 4097 vita:
3087 4039 3302 4110 cupiat,
3365 4055 3466 4094 nec

1881 4144 2222 4200 inanissiinis
2251 4142 2414 4212 nugis
2461 4155 2524 4195 ac
2553 4137 2858 4194 mendaciis
2892 4135 3093 4206 decipi.
3144 4132 3250 4189 Sed
3297 4132 3367 4187 de
3398 4133 3465 4186 iis

1881 4242 2170 4295 hactenus.
2209 4237 2319 4291 Nos
2358 4235 2461 4289 hac
2506 4233 2701 4288 haeresi
2753 4229 3140 4300 praetermissa,
3174 4233 3349 4279 tutum
3394 4224 3464 4278 ad

1882 4341 2108 4386 caeteras
2150 4331 2270 4393 iter,
2315 4341 2379 4380 ac
2419 4324 2640 4395 planmn
2685 4319 3109 4392 prospiciemus,
3145 4325 3203 4371 ut
3241 4315 3296 4369 in
3345 4314 3437 4369 illo

178 4434 420 4506 ἐμαυτόν
450 4451 508 4486 τε
539 4433 632 4485 καὶ
663 4433 787 4495 τοὺς
820 4429 1116 4491 ἀκούοντας
1141 4429 1197 4480 ἐν
1227 4429 1290 4496 τῇ
1332 4423 1426 4477 τοῦ
1451 4422 1585 4476 Θεοῦ
1613 4421 1766 4475 δυνὰ-

1886 4438 2002 4477 rum
2076 4417 2410 4476 recensenda
2492 4414 2936 4482 confutandaquc
3017 4409 3260 4480 nequitia
3333 4421 3457 4461 cum

181 4543 273 4597 μει
305 4525 572 4598 διασώσων
597 4524 684 4576 διὰ
727 4524 826 4592 τῆς
852 4522 946 4576 τοῦ
1000 4519 1202 4589 Κυρίου
1239 4517 1395 4588 ἡμῶν
1428 4515 1774 4578 διδασκαλίας

179 4619 273 4671 καὶ
300 4615 564 4687 ἀληθινῆς
590 4615 840 4685 θεωρίας,
865 4613 941 4676 ὡς
988 4610 1252 4678 Μύαγρον
1295 4606 1497 4677 ταύτην
1530 4605 1628 4676 τὴν
1658 4603 1771 4674 ἐχι-

177 4711 328 4776 δναν,
369 4709 467 4780 τὴν
497 4708 718 4771 πολλαῖς
747 4705 961 4776 ἑτέραις
992 4703 1225 4774 ἐχίδναις
1243 4702 1504 4764 ἐοικυῖαν,
1529 4696 1607 4767 τῷ
1641 4697 1772 4750 ὑπο-

176 4801 436 4870 δείγματι
464 4800 484 4830 ³
505 4799 599 4852 τοῦ
632 4796 963 4867 Εὐαγγελίου
994 4793 1105 4862 (94)
1136 4791 1641 4859 καταπατήσαντες,
1671 4784 1769 4848 τὰς

179 4892 308 4963 ἑξῆς
338 4891 819 4961 διασκοπήσωμεν.
1021 4888 1040 4894 ’

1884 4512 2326 4583 nobismetipsis,
2371 4517 2486 4562 tum
2520 4508 2642 4561 aliis
2696 4520 2917 4576 quoque
2967 4503 3154 4558 divina
3205 4515 3308 4570 ope
3339 4498 3462 4554 freti

1883 4605 2170 4662 consulere
2222 4604 2519 4674 possimus.
2554 4599 2728 4665 Quam
2763 4598 2830 4652 ad
2865 4611 2980 4652 rem
3025 4593 3240 4648 Domini
3283 4589 3459 4645 nostri

1881 4699 2188 4755 doctrinam
2220 4712 2284 4750 ac
2303 4695 2646 4751 notissimam
2672 4693 2919 4748 veritatis
2945 4686 3461 4758 contemplationem

1881 4790 2291 4854 adhibebimus,
2345 4795 2404 4843 ut
2464 4788 2612 4842 illam
2679 4785 2939 4857 Myagron
3001 4784 3284 4854 viperam,
3341 4798 3464 4851 qua:

1881 4879 2238 4950 plurimarum
2289 4873 2520 4932 aliarum
2569 4876 2769 4930 similis
2804 4885 2909 4937 est,
2956 4875 3103 4928 velut
3146 4873 3462 4943 evangelii-0

1874 4970 2059 5024 calceo
2079 4969 2484 5040 proculcantes,
2505 4973 2735 5019 caeteras
2771 4962 3174 5035 aggrediamur.

253 5187 424 5241 ‘Iren.
458 5187 609 5254 τόπῳ
642 5185 762 5254 ἁρχ.
804 5183 926 5238 llam:
958 5189 1140 5236 autem
1167 5181 1288 5250 (τῆς
1312 5176 1507 5248 ἀρχῆς)
1541 5175 1642 5244 τῆς
1681 5175 1773 5228 om

1886 5175 2002 5244 ῇτου
2055 5185 2163 5226 ιιοη
2199 5170 2386 5225 habet.
2467 5172 2487 5200 ’
2514 5169 2657 5224 Iren.
2679 5167 2942 5237 τετάρτῳ,
2975 5164 3067 5218 καὶ⁸
3092 5161 3263 5233 ὀγδόῳ
3287 5159 3456 5232 τόπῳ.

181 5263 201 5293 ⁸
237 5259 298 5314 ιτ.
333 5256 665 5329 ὑποδήματι.

251 5461 364 5534 (93)
417 5462 520 5513 Ἐκ
546 5457 614 5510 δὲ
636 5456 746 5524 τῆς
767 5455 979 5534 ἀρχῆς..
1011 5453 1141 5534 Leg_.
1174 5455 1236 5534 ἐκ
1258 5451 1442 5534 δὲ’-τῆς
1473 5449 1758 5534 ὰνενοητου

179 5519 439 5611 δευτέρῳ,
468 5540 606 5608 etc...
639 5519 886 5611 μιαρὸ.έὲ
911 5519 1038 5590 illae,
1071 5519 1410 5611 ﬁgam;
1448 5519 1761 5611 parenthesi

180 5589 706 5656 incluszé'ascititire
747 5589 1052 5650 videantur.
1099 5589 1662 5664 Cujn's"cont'rarium
1697 5589 1759 5664 ab

179 5675 365 5742 operis
394 5680 480 5724 est
519 5670 722 5742 l_'actu_m
755 5676 861 5742 tam
903 5669 955 5721 in
989 5660 1268 5742 contextu.
1303 5665 1486 5742 ipson
1504 5675 1668 5742 quam
1713 5660 1765 5742 in

180 5731 392 5814 p'aginm
423 5740 620 5796 limite.
647 5737 704 5789 Si
738 5737 951 5806 quidem
988 5736 1222 5790 Irenazus
1253 5731 1401 5787 ἐκδὲ
1429 5733 1523 5803 τῆς
1550 5731 1774 5800 ἀνενοήο

552 5853 828 5914 Ρηιιοι.
861 5853 976 5913 Gn.
1013 5850 1178 5911 XLI.

1864 5463 1957 5500 του
2000 5443 2146 5500 legit.

1939 5461 2180 5585 ἷθίιῗειλῖ)
2207 5513 2593 5585 ὑποδείγματι
2628 5509 2742 5585 τοῦ.
2763 5509 3153 5585 Εὐαγγελίο-υ.
3181 5505 3452 5585 ροηῇίοἰετ

1869 5575 1992 5642 ham
2031 5575 2349 5654 ’ὑποδήματι
2380 5575 2840 5654 ίείἶὺδιίιυειιίιυίῐη
2888 5575 3030 5654 esse.
3075 5577 3230 5654 Quod
3273 5577 3318 5632 si
3350 5575 3454 5654 cui

1871 5667 2085 5725 recepta
2116 5647 2232 5724 jau'i
2268 5653 2429 5708 lectio
2465 5654 2638 5722 magis
2683 5651 2964 5725 arriserit_;
2993 5650 3306 5725 Δὑπόδειγμα
3348 5647 3452 5700 hoc

1874 5718 2131 5798 loco'pi‘o
2161 5725 2415 5781 mandato
2445 5730 2497 5780 et
2533 5718 2805 5795 praecepto
2835 5718 3214 5790 accipiendum
3252 5725 3360 5771 est.

3053 5831 3127 5892 18
