3956 6070
154 252 255 319 587

817 240 825 247 ’
871 247 1243 313 λονΕιιευε.
1282 246 1632 310 "massas
1671 238 1773 303 nu

1875 288 1884 301 .
1926 237 2093 302 'l'OM.
2136 244 2204 304 II.
2248 275 2315 287 -—
2342 239 2615 304 HIERES.
2645 240 2882 302 XXXIII.

3335 242 3441 300 558

153 377 299 433 τοῦθ’
331 374 596 449 amomi.
631 367 886 445 ἦθέλησε,
916 373 1077 427 τοῦτο
1104 371 1451 443 ἐννοούμενος
1482 370 1511 423 ὃ
1539 369 1633 422 καὶ
1664 365 1753 419 θέ-

1875 371 2065 449 ictum
2091 364 2338 436 cogitans
2369 379 2491 451 cqm
2543 365 2663 419 vult
2705 364 3005 433 volensque
3045 375 3172 415 cum
3214 360 3441 429 cogitat.

161 472 239 522 λει
267 470 310 532 ¹,
337 467 436 521 καὶ
461 466 585 525 τότε
634 465 804 519 θέλων
827 465 917 517 ὅτε
966 465 1250 527 ἐννοεῖται,
1278 461 1398 524 ὅλος
1432 461 1611 515 ἔννοια
1656 456 1753 521 ὢν,

160 560 277 623 ὅλος
314 557 554 628 θέλημα,
580 555 701 620 ὅλος
736 555 882 620 νοῦς,
929 554 1051 618 ὅλος
1084 553 1385 624 ὀφθαλμὸς,
1420 551 1541 614 ὅλος
1595 546 1755 619 ἀκοὴ,

159 653 278 717 ὅλος
305 650 458 723 πηγὴ
503 649 723 703 πάντων
755 649 864 701 τῶν
905 646 1147 716 ἀγαθῶν,
1185 645 1281 699 καὶ
1311 643 1525 706 οὐδενὸς
1568 643 1759 695 ἰσοπα-

162 743 289 808 θοῦς
318 747 340 776 ²
369 742 708 814 περιέχεται.
750 740 885 804 Θεὸς
920 739 1051 809 γὰρ,
1091 738 1188 791 καὶ
1217 737 1278 791 οὐ
1308 734 1627 808 φροντίζων,
1664 733 1759 787 καὶ

161 834 385 907 ἀπορῶν
411 836 487 898 ὡς
504 823 696 897 Βυθδς,
726 832 845 904 ἦτοι
865 834 892 885 ό
914 833 1069 897 Ζεὺς,
1095 841 1161 883 πε
1171 830 1223 902 ρ“ι
1242 823 1303 884 οῦ
1321 828 1550 898 λέγοντα
1578 823 1760 896 ’Όμη-

164 945 257 999 ρον
291 927 460 982 Πτολε
466 929 626 998 μαῖος
650 926 783 996 περὶ
808 924 983 977 Βυθοῦ
1018 922 1195 991 λέγων
1218 921 1548 992 ἐμιμήσατο.
1585 917 1680 981 Εἰς
1702 915 1759 969 δὲ

165 1019 557 1091 περισσότερον
587 1018 808 1088 ἔλεγχον
832 1012 927 1069 τοῦ
955 1014 1268 1077 ἀπατεῶνος
1307 1011 1429 1067 καθ’
1463 1011 1590 1081 έξῆς
1622 1010 1759 1063 ὑπο-

164 1110 356 1177 τάξας,
390 1111 782 1182 παραθήσομαι
813 1106 884 1161 τά
911 1108 1003 1161 ὑπ’
1031 1104 1197 1160 αὐτοῦ
1238 1103 1397 1173 φύσει
1423 1100 1759 1172 Πτολεμαίου

166 1204 361 1275 Φλώρᾳ
382 1204 490 1257 τινὶ⁵
518 1202 738 1272 γυναικὶ
766 1199 1069 1273 γραφέντα,
1101 1195 1369 1267 ἐπαγωγά
1386 1212 1446 1248 τε
1479 1195 1574 1248 καὶ
1597 1193 1761 1265 δηλησ-

167 1299 332 1370 τῇρια
370 1297 612 1367 ῥήματα,
654 1292 743 1347 ἴνα
778 1293 851 1364 μή
881 1308 967 1355 τις
999 1290 1270 1361 νομίσειεν
1316 1289 1464 1359 ἡμᾶς
1492 1285 1550 1352 ἐξ
1589 1285 1758 1355 ἀκοῆς

173 1391 330 1460 μόνον
356 1390 449 1443 τὸν
472 1385 769 1443 ἀπατεῶνα
805 1385 1072 1455 ἐλέγχειν,
1107 1383 1181 1454 μὴ
1217 1381 1483 1454 πρότερον
1509 1378 1759 1447 ἐντυχόν-

168 1500 264 1546 τας
290 1486 357 1554 τῇ
381 1482 513 1553 παρ’
536 1478 701 1535 αὐτοῦ
727 1475 1226 1550 παραπεποιημένῃ
1253 1471 1589 1542 διδασκαλίᾳ.
1614 1468 1760 1541 Πρὸς

168 1577 279 1647 γὰρ
309 1576 423 1637 τοῖς
451 1572 766 1645 εἰρημένοις
802 1570 894 1623 καὶ
932 1567 1024 1622 τὸν
1069 1568 1232 1639 νόμον
1258 1565 1351 1619 τοῦ
1384 1563 1521 1618 Θεοῦ
1547 1563 1638 1617 τὸν
1674 1561 1761 1616 διὰ

168 1667 453 1730 Μωῦσέως
504 1661 845 1736 βλασφημῶν
880 1661 983 1714 οὐκ
1023 1658 1375 1730 αἰσχύνεταιο
1434 1656 1470 1710 ἀ
1498 1654 1593 1709 καὶ⁵
1644 1653 1760 1707 ἔστι

167 1759 367 1816 ταῦτα’
402 1832 417 1841 κ

537 1867 910 1938 Πτολεμαίου
934 1863 1087 1934 πρὸς
1114 1860 1383 1931 Φλώραν.

239 1965 281 2017 Γ
282 1972 315 2019 ἰ
355 1963 461 2017 Τὸν
487 1961 577 2016 διὰ
610 1962 889 2022 Μωῦσεως
929 1955 1151 2011 τεθέντα
1189 1954 1373 2026 νόμον,
1412 1951 1613 2023 ἀδελφή
1660 1967 1761 2021 μου

165 2056 309 2129 καλὴ
364 2054 581 2124 ψλὼρα,
638 2054 722 2107 ὅτι
759 2052 835 2121 μὴ
859 2049 1044 2104 πολλοὶ
1085 2046 1576 2121 προκατελάϐοντο,
1627 2046 1765 2117 μήτε

166 2148 259 2201 τὸν
298 2146 551 2216 θεμέλιον
580 2141 743 2198 αὐτὸν
781 2140 1105 2210 ἐγνωκότες,
1140 2142 1277 2211 μήτε
1307 2137 1407 2202 τὰς
1440 2136 1763 2208 προστάξεις

172 2237 375 2303 αὐτῶν,
405 2235 649 2308 ἀκριϐῶς
673 2233 914 2306 ἡγοῦμαι
941 2233 1035 2286 καὶ¹
1074 2233 1157 2285 σοὶ
1187 2230 1515 2297 εὐσύνοπτον
1544 2228 1762 2281 ἔσεσθαι

171 2332 456 2403 μαθούσης
479 2332 500 2363 ³
533 2333 632 2395 τὰς
668 2329 1044 2401 διαφωνούσας
1066 2328 1291 2401 γνώμας
1319 2330 1449 2400 περὶ
1476 2327 1663 2381 αὑτοῦ.
1701 2325 1765 2378 υἱ

172 2425 272 2495 μὲν
307 2423 421 2495 γὰρ
450 2422 556 2476 ὑπὸ
602 2420 697 2475 τοῦ
741 2420 878 2475 Θεοῦ
914 2422 1006 2475 καὶ
1047 2421 1262 2492 Πατρός
1309 2416 1765 2489 νενομοθετῆσθαι

166 2516 382 2579 τούτοις
403 2514 684 2583 λέγουσιν’
716 2513 892 2585 ἕτεροι
925 2512 981 2565 δὲ
1013 2511 1223 2575 τούτοις
1256 2509 1353 2581 τὴν
1380 2507 1626 2562 ἐναντίαν
1650 2506 1765 2560 ὁδὸν

167 2607 495 2680 τραπέντες,
539 2607 645 2660 ὑπὸ
673 2604 767 2658 τοῦ
805 2602 1182 2674 ἀντικειμένου
1228 2599 1549 2673 φθοροποιοῦ
1580 2596 1796 2652 δια6ό-’

167 2702 262 2754 λου
296 2698 572 2753 τεθεῖσθαι
622 2696 810 2750 τοῦτον
859 2694 1244 2767 ἰσχυρίζονται,
1289 2693 1366 2757 ὡς
1396 2692 1491 2747 καὶ
1538 2689 1636 2763 τὴν
1671 2689 1767 2744 τοῦ

171 2794 384 2864 κόσμου
436 2790 845 2861 προσάπτουσιν
896 2787 1047 2859 αὐτῷ
1094 2785 1491 2865 δημιουργίαν,
1543 2782 1767 2855 Πατέρα

171 2889 269 2940 καὶ
328 2883 571 2956 Ποιητὴν
611 2883 799 2937 τοῦτον
855 2880 1108 2951 λέγοντες
1158 2877 1316 2935 εἶναι.
1356 2878 1527 2933 Τοῦτο
1569 2877 1627 2930 δὲ
1671 2876 1766 2930 τοῦ

173 2972 381 3035 παντὸς
402 2971 719 3025 διέπταισαν
747 2962 894 3023 οῦτοι
923 2968 1193 3032 διαδόντες
1224 2966 1495 3039 ἀλλήλοις,
1524 2967 1618 3019 καὶ
1642 2965 1771 3018 έκά-

1856 444 2125 511 Nimirum
2166 466 2316 513 totus
2358 444 2475 528 ipse
2512 458 2773 528 cogitatio
2811 465 2918 523 est,
2974 463 3123 510 totus
3162 452 3442 514 voluntas.

1856 555 2008 604 totus
2038 563 2217 612 mens,
2248 557 2401 603 totus
2428 549 2635 611 lumen,
2669 557 2819 604 totus
2857 547 3071 611 oculus,
3098 553 3246 601 totus
3286 542 3474 597 audio!

1858 649 1966 706 tus,
1995 649 2144 698 totus
2178 641 2449 696 honorum
2494 642 2742 695 omnium
2788 640 2932 704 fons,
2986 650 3336 709 prorsusque
3377 634 3448 687 ab

1858 732 2008 788 omni
2050 733 2465 804 perturbatione
2504 740 2784 799 remotus;
2831 746 2941 787 non
2995 730 3290 792 sollicitus,
3332 742 3445 780 nun

1860 824 2079 889 anxius,
2123 824 2270 880 velut
2298 822 2507 895 Bythus
2547 824 2660 892 ille,
2701 823 2786 879 vel
2828 821 3063 893 Jupiter,
3083 821 3152 877 de
3175 835 3285 891 quo
3319 832 3445 889 qua:

1861 916 1929 970 ab
1960 915 2195 970 Homero
2243 916 2449 986 scripta
2495 925 2646 982 sunt,
2696 913 3022 970 Ptolemaeus
3086 912 3154 967 ad
3209 911 3440 983 Bythum

1861 1005 2163 1062 transtulit.
2182 1006 2360 1078 Atque
2378 1014 2437 1060 ut
2465 1005 2908 1077 improbissimus
2938 1005 3026 1059 hic
3039 1003 3255 1075 planius
3272 1002 3447 1072 magis

1860 1099 2145 1171 magisque
2183 1098 2483 1164 refellatur,
2518 1098 2674 1169 juvat
2732 1098 2839 1153 hoc
2884 1098 3010 1152 loco
3058 1110 3121 1151 ea
3145 1095 3444 1164 subjicere.

1862 1205 1985 1262 quae
2028 1189 2098 1245 ad
2143 1188 2362 1245 Floram
2421 1192 2709 1262 quamdam
2776 1189 3153 1245 mulierculam
3201 1185 3448 1256 scripsit,

1866 1281 2023 1351 plena
2058 1282 2149 1336 illa
2186 1281 2406 1352 quidem
2470 1282 2741 1339 illecebrae
2784 1280 2851 1336 ad
2885 1278 3349 1352 persuadendum,
3379 1291 3449 1332 ac

1867 1372 2148 1444 pestifera,
2182 1389 2252 1429 ne
2281 1374 2409 1445 quis
2429 1374 2660 1431 forsitan
2693 1381 2865 1446 putet,
2901 1388 2988 1428 me
3014 1388 3082 1427 ex
3110 1371 3300 1426 auditu
3332 1370 3452 1425 solo

1822 1496 1835 1507 κ
1866 1474 2058 1520 contra
2096 1465 2424 1522 nebulonem
2470 1467 2618 1522 hunc
2656 1467 2857 1537 egisse,
2887 1466 3214 1535 nullumque
3253 1462 3449 1532 depra-

1864 1567 2001 1613 vatae
2029 1558 2151 1628 ejus
2180 1559 2448 1614 doctrinae
2479 1559 2773 1630 vestigium
2815 1569 2977 1614 antea
3030 1556 3355 1629 pervidisse.
3387 1551 3455 1608 Et

1863 1647 2080 1719 quidem
2100 1658 2296 1720 praeter
2308 1665 2369 1705 ea
2388 1665 2509 1721 quae
2524 1649 3084 1716 diximus,l\losaicam
3102 1649 3265 1703 etiam
3280 1648 3455 1718 legem

1792 1723 1835 1778 Β
1865 1739 2168 1798 maledictis
2182 1741 2431 1797 incessit.
2452 1740 2546 1797 Est
2569 1748 2749 1797 autem
2772 1740 3048 1809 ejusmodi
3069 1740 3182 1795 haec
3198 1740 3451 1810 epistola:

2040 1924 2045 1929 _
2210 1854 2489 1912 Plolemm’
2534 1856 2604 1910 ad
2637 1853 2860 1910 Florum
2899 1855 3144 1925 epistola.

1934 1944 2020 2003 Ill.
2048 1947 2248 2019 Legem
2289 1948 2437 2002 illam
2474 1963 2595 2019 quae
2630 1963 2661 2001 a
2687 1945 2838 2004 Muse
2895 1946 3100 2002 tradita
3133 1954 3241 2012 est,
3294 1943 3457 2001 Flora

1867 2053 2027 2096 soror
2050 2041 2459 2106 amantissima,
2478 2056 2657 2112 neque
2690 2048 3035 2112 perspectam
3060 2038 3247 2096 haberi
3264 2054 3458 2111 quam-

1865 2134 2157 2204 plurimos,
2194 2150 2373 2206 neque
2420 2132 2544 2204 ejus
2585 2135 2734 2190 velut
2790 2132 3149 2190 fundamenta
3182 2135 3270 2189 vel
3317 2147 3486 2203 prae:

1867 2226 2071 2295 scripta
2105 2240 2460 2296 cognoscere,
2483 2225 2644 2281 facile
2670 2232 2727 2281 te
2750 2226 3156 2281 intellecturam
3172 2224 3454 2288 existimo,

1867 2320 1911 2375 si
1943 2333 2105 2389 quam
2138 2318 2301 2373 varia:
2334 2318 2402 2373 de
2425 2318 2516 2372 illa
2549 2318 2661 2375 sint
2687 2318 2977 2389 opiniones
3005 2317 3288 2373 didiceris.
3315 2314 3459 2370 Sunt

1867 2410 2014 2465 enim
2036 2409 2132 2481 qui
2162 2409 2310 2463 illam
2341 2423 2370 2463 a
2401 2407 2512 2464 Deo
2554 2418 2749 2480 putant
2779 2424 2843 2463 ac
2869 2409 3030 2466 Patre
3054 2409 3225 2465 fuisse
3251 2408 3460 2464 consti-

1869 2509 2067 2559 tutam.
2088 2501 2193 2555 Alii
2210 2500 2546 2557 contrariam
2580 2501 2727 2556 viam
2750 2502 3005 2574 ingressi,
3027 2501 3097 2557 ab
3117 2502 3239 2572 ejus
3258 2500 3459 2556 aemulo

1868 2593 2081 2650 nefario
2102 2594 2351 2650 daemone
2372 2594 2538 2649 latam
2572 2591 2867 2659 allirmant,
2909 2609 2941 2648 a
2971 2610 3082 2666 quo
3105 2603 3159 2651 et
3191 2592 3460 2648 mundum

1870 2684 2198 2759 fabricatum
2250 2693 2528 2752 asserunt,
2588 2693 2645 2765 et
2692 2684 2943 2742 eumdem
2999 2686 3351 2743 Conditorem
3392 2701 3459 2741 ae

1869 2776 2088 2834 Patrem
2139 2793 2266 2835 esse
2320 2776 2604 2834 dictitant.
2647 2774 2851 2834 Verum
2899 2780 2999 2844 illi,
3046 2779 3141 2851 qui
3189 2779 3463 2851 ejusmodi

1870 2871 2125 2944 dogmata
2154 2872 2260 2927 sibi
2295 2872 2532 2928 invicem
2572 2872 3074 2938 eommunicarunt,
3108 2872 3463 2929 vehementer

1873 2967 2190 3024 h‘allucinati
2225 2976 2373 3035 sunt,
2418 2969 2560 3024 etab
2591 2984 2657 3024 eo
2697 2984 2859 3039 quem
2887 2969 2991 3025 sibi
3035 2974 3460 3039 proposuerant,

172 3083 323 3138 τεροι
372 3063 553 3117 αὐτῶν
597 3061 990 3134 διαμαρτόντες
1028 3060 1181 3134 παρά
1225 3060 1405 3129 σφίσιν
1450 3060 1635 3124 αὐτοῖς
1669 3060 1770 3130 τῆς

1875 3075 2046 3130 scopo
2077 3060 2682 3117 veritatisaberraruut.
2714 3061 2846 3115 Nam
2874 3077 2977 3117 nec
3009 3076 3038 3116 ο
3073 3061 3320 3133 perfecto
3349 3059 3461 3115 Deo

174 3155 271 3210 τοῦ
306 3146 673 3226 προκειμένου
703 3152 961 3224 ἀληθείας
982 3165 995 3179 ⁶
1023 3150 1146 3205 οὗτε
1178 3150 1288 3223 γὰρ
1321 3151 1425 3205 ὑπὸ
1451 3150 1546 3205 τοῦ
1567 3150 1772 3205 τελείου

173 3247 314 3301 Θεοῦ
354 3247 452 3301 καὶ
480 3245 693 3317 Πατρὸς
728 3245 977 3315 φαίνεται
1012 3244 1200 3297 τοῦτον
1238 3244 1543 3298 τεθεῖσθαι·
1574 3244 1774 3315 ἑπόμε-

175 3359 268 3405 νος
303 3340 325 3371 ⁸
348 3339 463 3412 γάρ
511 3341 690 3392 ἐστιν’
721 3336 884 3408 ἀτελῆ
916 3354 977 3390 τε
1029 3336 1179 3403 ὄντα,
1221 3337 1317 3391 καὶ
1363 3336 1458 3389 τοῦ
1511 3336 1774 3407 σφετέρου

175 3433 543 3508 πληρωθῆναι
576 3432 688 3503 (96)
720 3426 895 3501 ἐνδεῆ,
936 3430 1129 3501 ἔχοντά
1161 3447 1223 3484 τε
1270 3429 1594 3502 προστάξεις
1628 3430 1775 3483 ἀνοι-

177 3529 335 3592 κείας
358 3529 426 3598 τῇ
456 3524 550 3578 τοῦ
576 3523 817 3578 τοιούτου
844 3523 979 3577 Θεοῦ
1013 3523 1172 3594 φῦσει
1200 3540 1261 3576 τε
1293 3522 1387 3576 καὶ
1407 3521 1629 3595 γνώμῃ·
1664 3520 1776 3576 οὔτ’

177 3615 246 3675 αὖ
292 3618 457 3673 πάλιν
484 3620 551 3689 τῇ
599 3615 696 3670 τοῦ
747 3614 1126 3686 ἀντικειμένου
1173 3615 1360 3686 ἀδικίᾳ
1402 3614 1565 3686 νόμον
1604 3630 1777 3686 προσ-

179 3716 379 3768 άπτειν
412 3713 433 3744 ⁸
465 3711 669 3765 ἀδικεῖν
709 3707 1012 3782 αἱροῦντος,
1069 3709 1176 3762 τῶν
1205 3725 1265 3762 τε
1300 3708 1430 3778 ἑξῆς
1461 3708 1512 3761 τί
1544 3707 1622 3779 μὴ
1654 3723 1778 3760 συν-

180 3806 443 3878 ορώντων
477 3803 546 3857 τὰ
570 3802 677 3856 ὑπὸ
696 3801 790 3857 τοῦ
810 3803 1062 3875 Σωτῆρος
1094 3802 1380 3873 εἰρημένα.
1417 3800 1577 3853 Οίκία
1596 3800 1706 3870 γὰρ
1743 3798 1777 3870 ἢ

178 3898 340 3960 πόλις
375 3892 700 3966 μερισθεῖσα
725 3892 808 3962 ἐφ’
835 3892 1056 3965 ἑαυτὴν,
1086 3892 1171 3945 ὅτι
1204 3892 1278 3963 μὴ
1308 3890 1532 3945 δύναται
1564 3890 1778 3962 στῆναι,

179 3992 208 4044 ό
238 3987 435 4059 Σωτὴρ
483 3984 644 4056 ἡμῶν
679 3985 1014 4057 ἀπεφήνατο.
1045 3984 1167 4037 Ἔτι
1201 4000 1264 4052 γε
1305 3982 1404 4053 τὴν
1436 3981 1539 4035 τοῦ
1570 3982 1778 4054 κόσμου

180 4077 547 4152 δημιουργίαν
571 4075 707 4129 ἰδίαν
756 4075 904 4143 λέγει
937 4068 1075 4128 εἶναι
1107 4074 1143 4128 ἆ
1166 4090 1225 4127 τε
1261 4071 1283 4103 ⁸
1308 4072 1486 4127 πάντα
1506 4070 1574 4125 δι’
1614 4071 1780 4125 αὐτοῦ

183 4172 494 4241 γεγονέναι,
545 4170 641 4223 καὶ
683 4169 852 4240 χωρὶς
903 4166 1067 4222 αὺτοῦ
1110 4166 1331 4236 γέγονεν
1373 4165 1544 4232 οὐδὲν,
1584 4166 1614 4220 ὁ
1643 4164 1781 4219 ἁπό-

188 4266 376 4328 στολος
405 4263 896 4336 προαποστερήσας
917 4260 1029 4331 (97)
1053 4260 1150 4331 τὴν
1172 4259 1280 4313 τῶν
1300 4257 1783 4331 ψευδηγορούντων

1879 3168 1943 3210 ac
1970 3152 2134 3209 Patre
2178 3154 2421 3210 stabilita
2454 3138 2700 3220 videtur,
2745 3166 2935 3228 utpote
2986 3158 3172 3211 minus
3197 3155 3461 3227 perfecta,

1876 3254 1931 3302 et
1963 3247 2032 3301 ad
2057 3247 2144 3303 sui
2174 3247 2575 3304 absolutionem
2634 3253 2792 3320 plura
2850 3248 3173 3304 desiderans
3207 3261 3271 3302 ac
3308 3262 3468 3302 man-

1876 3340 2004 3394 data
2038 3341 2286 3411 quaedam
2322 3342 2639 3408 continens,
2669 3358 2791 3412 qua:
2821 3341 2913 3397 Dei
2936 3348 3132 3396 natura
3157 3356 3223 3396 ac
3244 3340 3468 3397 decreto

1879 3441 2007 3488 sunt
2048 3433 2248 3489 aliena.
2279 3432 2467 3505 Neque
2498 3451 2628 3491 vero
2653 3435 2953 3492 adversarii
2990 3434 3154 3505 217
3201 3433 3469 3505 improbi

1878 3522 2292 3581 tati‘trihuenda
2322 3526 2409 3582 lex
2446 3536 2551 3593 est,
2584 3529 2747 3598 cujus
2811 3529 3099 3599 proprium
3158 3528 3233 3583 sit
3278 3526 3470 3597 iniquo

1879 3616 2094 3681 facere;
2119 3619 2324 3688 quique
2352 3622 2424 3673 ita
2473 3627 2745 3686 statuunt,
2768 3636 2890 3691 quae
2924 3635 2955 3673 a
3003 3619 3288 3675 Salvatore
3318 3617 3470 3673 dicta

1880 3717 2014 3766 sunt
2065 3724 2414 3779 nequaquam
2453 3710 2915 3766 animadvertunt.
2959 3709 3034 3763 Ita
3064 3711 3208 3765 enim
3239 3711 3326 3765 ille
3343 3725 3472 3779 pro-

1882 3801 2186 3865 nuntiavit,
2221 3807 2371 3855 stare
2409 3800 2635 3855 domum
2666 3800 2752 3855 vel
2788 3800 3069 3854 civitatem
3120 3816 3229 3854 non
3284 3814 3468 3870 posse.

1883 3909 2006 3965 qua:
2047 3894 2102 3948 in
2135 3893 2374 3963 seipsam
2427 3892 2605 3950 divisa
2665 3893 2738 3949 sit
2767 3894 2810 3948 ⁷.
2847 3890 3117 3947 Praeterea
3144 3892 3407 3946 mundum
3440 3908 3472 3946 a

1884 4002 1943 4043 se
1970 3980 2299 4042 fabricatum
2332 3987 2571 4054 asserit;
2623 3985 2920 4057 omniaque
2954 4000 3049 4056 per
3088 3985 3267 4056 ipsum
3307 3983 3469 4045 facta.

1882 4086 1937 4135 et
1963 4081 2082 4135 sine
2114 4080 2235 4151 ipso
2271 4079 2408 4134 nihil
2447 4094 2572 4135 esse
2592 4078 2843 4134 factum".
2880 4076 3093 4144 Quibus
3125 4075 3307 4131 verbis
3339 4090 3475 4143 apo.

1883 4171 2062 4226 stolus
2084 4170 2640 4227 mendacissimorum
2672 4170 2954 4225 hominum
2986 4167 3213 4222 minime
3240 4166 3474 4221 solidam

1885 4262 2210 4333 sapientiam
2237 4261 2459 4328 refellit,
2525 4277 2628 4318 nec
2676 4260 2937 4333 pestifero
2994 4260 3158 4315 alicui
3214 4257 3344 4326 Deo,
3377 4260 3474 4315 sed

184 4358 567 4412 ἀνυπόστατον
608 4354 824 4425 σοφίαν,
863 4353 955 4407 καὶ
981 4353 1042 4406 οὐ
1088 4349 1412 4424 φθοροποιοῦ
1448 4350 1606 4416 Θεοῦ,
1644 4349 1773 4404 ἀλλά

1882 4353 2053 4425 justo,
2087 4361 2141 4410 et
2176 4353 2544 4425 improbitatis
2584 4353 2763 4408 omnis
2796 4351 3019 4407 inimico
3047 4352 3262 4407 illarum
3290 4366 3475 4407 rerum

186 4448 397 4504 δικαίου
426 4448 522 4502 καὶ
566 4447 954 4519 μισοπονήρου.
1002 4445 1380 4517 Ἀπρονοήτων
1417 4444 1473 4498 δέ
1512 4446 1660 4498 ἐστιν
1688 4445 1782 4498 ἀν-

190 4538 426 4609 θρώπων
472 4540 573 4609 τῆς
619 4537 893 4609 προνοίας,
923 4534 1017 4589 τοῦ
1071 4534 1418 4608 Δημιουργοῦ
1475 4535 1550 4607 μὴ
1601 4536 1782 4589 αἰτίαν

189 4631 646 4702 λαμϐανομένων,
695 4631 789 4684 καὶ
825 4629 899 4701 μὴ
936 4630 1095 4701 μόνον
1133 4628 1194 4683 τὸ
1225 4629 1326 4700 τῆς
1371 4628 1550 4701 ψυχῆς
1605 4628 1781 4701 ὄμμα,

190 4721 330 4776 ἀλλά
365 4722 461 4775 καὶ
495 4721 558 4774 τὸ
589 4720 684 4773 τοῦ
722 4719 973 4790 σώματος
1017 4720 1455 4793 πεπηρωμένων.
1493 4712 1653 4775 Οὗτοι
1686 4721 1785 4791 μὲν

191 4811 285 4868 οὖν
319 4816 399 4879 ὡς
441 4814 852 4886 διημαρτήκασι
884 4815 985 4884 τῆς
1023 4813 1303 4886 ἀληθείας,
1333 4814 1491 4885 δῆλόν
1524 4814 1606 4867 σοί
1638 4816 1785 4868 ἐστιν

192 4908 258 4959 ἐκ
282 4906 393 4959 τῶν
423 4906 752 4978 εἰρημένων.
795 4905 1098 4961 Πεπόνθασι
1130 4906 1187 4963 δὲ
1214 4904 1372 4959 τοῦτο
1419 4904 1560 4968 ἰδίοις
1590 4906 1783 4960 ἑκάτε-

201 5016 288 5067 ρος
314 4998 521 5062 αὐτῶν,
555 4999 604 5051 οἱ
624 4996 730 5068 μὲν
754 4996 841 5051 ait
869 4996 930 5049 τὸ
959 4998 1172 5065 ἀγνοεῖν
1197 4997 1289 5049 τὸν
1318 4995 1415 5068 τῆς
1437 4997 1783 5070 δῖκαιοσύνης

269 5156 284 5185 ²
315 5152 462 5208 Iron.
491 5152 615 5205 τότε
646 5154 783 5205 ἐννο.
815 5152 901 5205 ὅτε
936 5150 1095 5205 θέλει.
1176 5154 1195 5183 ¹
1226 5149 1286 5205 F.
1321 5151 1453 5206 εἴσω
1481 5152 1708 5217 πάθους.

196 5225 269 5278 τά
295 5242 378 5278 τε.
458 5225 479 5255 ⁷
514 5222 705 5277 Matth.
737 5238 834 5287 xu,
863 5222 952 5277 25.
1031 5224 1051 5255 ⁸
1083 5220 1241 5278 Joan.
1272 5239 1313 5288 ι,
1340 5224 1392 5278 5.

273 5384 384 5454 (96)
426 5382 540 5457 Kal
580 5382 691 5436 τοῦ
732 5381 1026 5457 οζφετέρου
1056 5383 1463 5457 πληρωθῆναι.
1502 5382 1796 5457 Utcunque

206 5452 405 5510 sensus
450 5455 522 5508 iis
550 5469 620 5509 ex
661 5452 993 5524 verbis_erui
1021 5455 1217 5523 possit,
1253 5456 1400 5524 quod
1433 5455 1653 5509 nonnisi
1679 5452 1796 5509 v'io-

204 5526 381 5579 lenter
432 5525 551 5579 fieri
595 5530 796 5595 potest.
844 5522 1037 5595 Longe
1060 5523 1191 5595 mihi
1226 5522 1409 5595 aptius
1438 5526 1653 5579 videtur
1706 5528 1800 5579 καὶ

202 5600 299 5666 ῖοῠ
345 5597 437 5666 ὑφ’
480 5591 1097 5666 ἑτέρουᾼπληρωθῆναι.
1137 5591 1484 5651 Nec-dubito
1527 5596 1659 5665 quin
1700 5596 1804 5650 hoc

204 5662 903 5736 Epiphanius‘scripserit.
978 5662 985 5664 ἡ
1148 5710 1149 5713 η

280 5732 389 5808 (97)
441 5736 497 5790 '0
546 5732 910 5807 ἀπόσπολος
956 5736 1511 5807 προαποστερήσας.
1563 5735 1812 5806 Apostuli

1814 5156 1834 5187 ³
1861 5154 1922 5211 F.
1966 5155 2235 5229 μαθούσῃ.

1888 4447 2266 4501 auctoritatem
2317 4445 2585 4502 concedit.
2614 4443 2719 4500 Sed
2754 4444 3166 4500 temerariorum
3193 4443 3481 4499 hominum

1888 4537 1980 4593 illa
2027 4537 2235 4606 judicia
2291 4545 2454 4603 sunt,
2509 4551 2691 4608 neque
2757 4536 3073 4594 Conditoris
3121 4537 3481 4608 providentiae

1891 4646 2088 4688 causas
2124 4632 2566 4704 intelligentium,
2597 4634 2800 4704 quique
2821 4647 2932 4688 non
2961 4631 3346 4698 animisolum,
3383 4632 3481 4689 sed

1890 4724 2052 4781 etiam
2071 4726 2321 4796 corporis
2352 4726 2527 4781 oculis
2560 4725 2851 4780 videantur
2887 4740 3009 4782 esse
3041 4724 3207 4796 capti.
3234 4725 3480 4790 Quanto-

1895 4829 2023 4885 pere
2055 4816 2222 4885 igitur
2278 4815 2356 4871 illi
2399 4831 2430 4870 a
2462 4799 2694 4872 veritate
2753 4813 3077 4884 dissideant,
3117 4831 3183 4871 ex
3246 4817 3315 4871 iis
3363 4832 3491 4887 qua:

1897 4907 2042 4962 dicta
2069 4918 2199 4964 sunt
2232 4907 2447 4966 abunde
2488 4915 2644 4979 potes
2703 4921 3055 4978 cognoscere.
3092 4906 3198 4963 Sed
3221 4916 3489 4978 utrosque

1898 5002 2179 5071 proprium
2213 5002 2472 5072 quiddam
2508 5017 2572 5058 ac
2600 5001 2876 5072 peculiare
2914 5000 2984 5056 ad
3026 4999 3101 5054 ita
3137 4998 3484 5057 sentiendum

2338 5158 2360 5191 ‘
2392 5156 2454 5212 F.
2492 5157 2778 5229 ἑπόμενον.
2899 5157 2921 5189 ⁸
2958 5155 3119 5215 Deest
3158 5157 3288 5231 χρή.
3369 5157 3391 5189 ⁸
3417 5154 3482 5214 F.

1894 5386 2118 5442 nomine
2162 5386 2428 5441 Joannem
2482 5384 2787 5456 intelligere
2835 5384 3076 5450 videtur,
3129 5391 3189 5439 ut
3222 5383 3304 5456 _ad
3335 5383 3487 5454 λέγει

1896 5459 2063 5529 paulo
2088 5466 2212 5512 ante
2243 5453 2804 5529 positumgreferatur,
2836 5455 2940 5512 hoc
2964 5472 3131 5514 sensu
3164 5474 3175 5511 :
3214 5453 3487 5529 Printerea

1904 5526 2159 5581 nnmdum
2209 5532 2275 5582 ab
2321 5531 2434 5597 ipso
2476 5527 2829 5596 fabricatum;
2880 5529 3160 5598 omniaque
3186 5526 3483 5598 per-ipsum

1905 5599 2070 5666 facta,
2097 5609 2144 5651 et
2171 5600 2284 5652 sine
2312 5595 2426 5665 ipso
2456 5595 2587 5651 nihil
2616 5615 2729 5669 esse
2764 5598 2966 5669 factum
3002 5595 3230 5652 testatur
3259 5595 3484 5666 Aposto-

1907 5670 2019 5735 lus;
2047 5685 2109 5723 ac
2141 5669 2666 5725 mendacissimorum
2693 5668 2985 5739 hominum,
3011 5675 3118 5729 etC.
3146 5710 3153 5718 -
