3956 6070
1394 192 1406 219 1

466 245 571 301 $59

1814 234 1873 292 ὃ.
1915 231 2265 291 ΕΡΙΡΠΑΝΙΙ

3640 230 3744 290 560

465 359 700 418 induxit.
724 334 874 414 Allos
896 355 1140 428 quidem,
1157 350 1307 424 quod
1338 345 1862 419 auctoremjustitize
1893 345 2055 403 Deum

2162 345 2315 411 Θεὸν,
2342 346 2392 400 oi
2423 345 2477 400 δὲ
2508 346 2598 400 διά
2645 346 2705 400 τὸ
2733 345 2946 416 ἀγνοεῖν
2986 346 3076 401 τὸν
3112 349 3221 403 τῶν
3248 349 3384 405 ὅλων
3418 348 3660 427 Πατέρα,
3685 349 3747 402 ὃν

465 454 807 524 ignorarent,
846 450 989 503 alios
1015 445 1160 518 quod
1198 444 1578 498 universorum
1608 447 1887 510 parentem
1936 453 2060 509 per-

462 560 619 615 atque
651 542 949 604 nescirent,
983 553 1144 608 quem
1172 536 1275 609 ille_
1294 533 1445 590 solus
1467 531 1763 587 adveniens
1788 529 1881 599 qui
1909 528 2060 585 solus

466 643 629 689 norat
678 633 913 704 aperuit.
944 629 1116 685 Nobis
1172 641 1303 683 vero
1363 623 1565 696 quibus
1631 630 1931 692 utrumque
1966 618 2060 675 Dei

463 725 730 783 beneﬁcio
796 723 1074 795 cognitum
1104 727 1211 784 est,
1254 718 1527 788 reliquum
1561 712 1696 769 illud
1742 719 1847 776 est,
1872 747 1883 753 ς
1908 716 1968 765 ut
1993 708 2061 766 de

464 804 584 887 lege
604 816 738 872 certi
769 814 976 886 aliquid
1008 809 1390 883 exploratique
1411 800 2055 873 doeeamus,cujusmodi

464 907 718 964 videlicet
747 906 837 962 illa
877 906 971 972 sit,
1006 912 1061 961 et
1101 919 1131 958 a
1163 916 1402 974 quonam
1462 898 1775 969 legislatore
1810 897 2052 951 sancita:

464 1000 540 1055 ita
571 1009 753 1056 tamen
781 1008 842 1054 ut
869 998 1183 1070 quidquida
1210 994 1372 1052 nobis
1412 993 1634 1046 allatum
1651 988 1836 1053 fuerit,
1856 988 1906 1044 id
1945 1002 2052 1042 non

2162 440 2322 509 μόνος
2360 436 2531 491 ἐλθὼν
2559 440 2587 491 6
2618 438 2776 509 μόνος
2812 438 2965 501 εἰδὼς
3000 439 3332 511 ἐφανέρωσε.
3364 438 3746 512 Περιλείπεται

2156 530 2213 584 δέ
2242 532 2372 602 ἡμῖν
2410 529 2688 597 ἀξιωθεῖσί
2712 547 2772 583 τε
2803 532 2902 603 τῆς
2931 531 2951 562 ⁸
2992 530 3318 604 ἀμφοτέρων
3344 532 3551 586 τούτων
3580 532 3750 602 ἐκφῆ-

2157 621 2245 677 ναί
2283 637 2365 676 σοι
2398 626 2492 676 καὶ
2531 621 2838 694 ἀκριϐὦσαι
2875 622 3039 676 αὐτόν
3065 640 3126 676 τε
3155 624 3247 678 τὸν
3283 624 3469 695 νόμον,
3507 623 3747 687 ποταπός

2156 730 2242 777 τις
2270 714 2378 785 είη,
2426 714 2521 767 καὶ
2548 713 2641 767 τὸν
2671 713 2762 783 ὑφ’
2792 708 2854 768 οὗ
2882 713 3123 771 τέθειται
3154 715 3246 770 τὸν
3291 715 3617 787 νομοθέτην,
3659 717 3751 786 ῥη-

2161 804 2478 876 θησομένων
2506 806 2640 876 ἡμῖν
2668 804 2768 869 τάς
2809 804 3114 871 ἀποδείξεις
3152 807 3218 860 ἐκ
3244 806 3354 860 τῶν
3376 805 3471 860 τοῦ
3502 806 3753 876 Σωτῆρος

2158 895 2317 967 ἡμῶν
2337 895 2509 965 λόγων
2541 896 2937 968 παριστῶντες,
2966 896 3034 950 δι’
3066 884 3143 951 ὧν
3183 897 3342 968 μόνον
3379 897 3528 952 ἐστιν
3552 898 3752 953 ἀπταί-

2164 1002 2301 1051 στως
2333 988 2427 1040 ἐπὶ
2451 986 2549 1055 τὴν
2585 986 2891 1059 κατάληψιν
2914 988 3022 1042 τῶν
3049 987 3578 1059 δντωνόδηγεῖσθαι.

462 1091 686 1157 aliunde
714 1106 877 1161 quam
928 1106 995 1145 ex
1038 1089 1173 1160 ipsis
1223 1083 1522 1140 Salvatoris
1552 1081 1737 1136 verbis
1776 1080 2060 1149 probetur.
2101 1074 2198 1132 His
2223 1078 2367 1132 enim
2399 1078 2533 1135 solis
2574 1078 2723 1134 velut
2782 1079 2996 1138 itineris
3046 1080 3282 1136 ducibus
3333 1081 3616 1147 adhibitis,
3692 1080 3753 1137 ad

461 1200 650 1241 rerum
679 1184 1047 1256 cognitionem
1069 1182 1202 1237 sine
1230 1193 1415 1234 errore
1432 1175 1804 1248 perducimur.

534 1277 621 1333 IV.
658 1277 712 1331 In
743 1278 932 1347 primis
982 1264 1159 1346 igitur
1222 1272 1507 1329 sciendum
1564 1280 1669 1336 est,
1740 1272 1829 1326 uni
1869 1283 2051 1324 ersam

469 1369 620 1424 illam
654 1371 849 1440 legem,
880 1384 1001 1438 qua:
1029 1367 1273 1438 quinque
1303 1366 1468 1423 Musis
1506 1363 1877 1421 voluminibus
1918 1376 2049 1415 con-

464 1464 693 1526 tinetur,
734 1478 839 1516 nun
901 1462 969 1516 ab
1029 1477 1137 1516 uno
1187 1476 1308 1518 esse
1366 1461 1677 1531 legislature
1728 1456 2052 1528 proiectam,

462 1554 580 1611 solo
609 1553 860 1608 videlicet
896 1551 1039 1619 Deo;
1074 1552 1168 1608 sed
1213 1552 1448 1608 admista
1480 1548 1726 1621 quredam
1768 1548 2052 1602 hominum

459 1658 585 1699 esse
640 1644 916 1705 mandata,
985 1650 1066 1707 ut,
1135 1640 1594 1711 quemadmodum
1650 1639 1900 1693 Salvator
1941 1638 2056 1706 ipse

2232 1265 2304 1319 Δ’.
2348 1265 2570 1337 Πρῶτον
2604 1261 2697 1320 οὖν
2736 1265 3030 1337 μαθητέον,
3078 1263 3159 1319 ὅτι
3200 1266 3229 1318 6
3275 1265 3499 1336 σύμπας
3547 1268 3753 1334 ἐκεῖνος

2158 1354 2323 1426 νόμος
2367 1357 2395 1409 ὁ
2441 1355 2832 1427 περιεχόμενος
2880 1358 2948 1427 τῇ
2990 1355 3235 1418 Μωσέως
3280 1356 3639 1428 Πεντατεύχῳ
3691 1359 3751 1413 οὐ

2160 1447 2297 1518 πρὸς
2330 1448 2449 1512 ἐνός
2494 1467 2640 1513 τινος
2685 1448 3129 1520 νενομοθέτηται,
3166 1448 3312 1517 λέγω
3355 1448 3441 1521 δὴ,
3498 1450 3597 1520 οὐκ
3650 1452 3753 1505 ὑπὸ

2162 1541 2326 1612 μόνου
2368 1540 2527 1606 Θεοῦ,
2560 1541 2676 1596 ἀλλ’
2719 1542 2826 1595 εἰσί
2874 1558 3017 1605 τινες
3069 1539 3249 1594 αὐτῶν
3286 1541 3615 1615 προστάξεις
3661 1545 3755 1598 καὶ

2158 1630 2250 1683 ὑπ’
2285 1629 2591 1702 ἀνθρώπων
2629 1630 2893 1698 τεθεῖσαι,
2943 1629 3039 1684 καὶ
3085 1630 3248 1702 τριχῆ
3293 1630 3479 1685 τοῦτον
3530 1632 3755 1704 διαιρεῖ-

461 1732 669 1804 docuit,
696 1733 963 1787 trifariam
999 1733 1082 1787 lex
1123 1732 1196 1786 sit
1225 1731 1406 1786 omnis
1438 1730 1756 1784 distributa.
1789 1726 2050 1795 Quaedam

2162 1723 2285 1777 σθαι
2312 1725 2363 1776 οἱ
2387 1723 2482 1777 τοῦ
2517 1724 2770 1796 Σωτῆρος
2799 1723 2948 1793 λόγοι
2991 1722 3335 1778 διδάσκουσιν
3359 1726 3529 1796 ἡμᾶς.
3567 1725 3664 1789 Εἰς
3694 1744 3754 1780 τε

461 1824 608 1879 enim
649 1824 717 1878 ad
752 1824 931 1893 ipsum
954 1822 1122 1878 Deum
1156 1823 1387 1893 ejusque
1404 1823 1720 1877 sanctiones
1752 1820 2056 1891 pertinent;

463 1916 568 1970 alia
599 1914 735 1969 Mosi
789 1912 1082 1969 tribuenda
1140 1919 1290 1978 sunt,
1349 1926 1456 1968 non
1510 1912 1730 1982 quidem
1789 1919 2060 1981 quatenus

461 2006 670 2077 aliquid
703 2022 731 2060 ιι
774 2005 883 2062 Deo
915 2007 1063 2062 illius
1098 2006 1408 2060 interventu
1468 2004 1745 2058 decretmn
1797 2011 1902 2066 est,
1963 2001 2056 2057 sed

460 2109 734 2169 quatenus
776 2113 871 2169 per
898 2113 1019 2154 sese
1058 2112 1123 2153 ac
1154 2104 1349 2166 suapte
1390 2104 1586 2167 sponte
1625 2095 1891 2150 nonnulla
1922 2110 2057 2148 con-

460 2191 674 2256 stituit;
710 2190 943 2244 aliorum
986 2189 1223 2259 denique
1290 2188 1539 2242 seniores
1601 2186 1693 2256 qui
1741 2186 1793 2240 in
1858 2187 2060 2255 populo

454 2287 617 2334 erant
673 2289 931 2336 auctores
979 2281 1348 2345 exstiterunt,
1391 2294 1455 2333 ac
1511 2277 1672 2348 primi
1722 2276 1799 2330 illi
1848 2276 2059 2345 privata

464 2370 713 2441 quaedam
741 2382 1013 2444 praecepta
1048 2372 1288 2427 inserere
1336 2379 1464 2426 sunt
1505 2371 1645 2424 ausi.
1681 2367 1838 2434 Quod
1872 2385 2061 2438 quem-

461 2463 759 2517 admodum
790 2480 912 2519 sese
967 2464 1188 2528 habeat,
1238 2479 1302 2517 ex
1366 2463 1500 2532 ipsis
1526 2460 1827 2516 Salvatoris
1881 2461 2060 2516 verbis

462 2555 759 2626 intelliges.
793 2553 893 2609 llic
933 2555 1077 2610 enim
1106 2555 1343 2624 quodam
1403 2553 1458 2607 in
1517 2554 1636 2606 loco
1669 2552 1735 2604 ad
1768 2568 1862 2605 ezs
1896 2551 2058 2606 verba

461 2646 691 2707 faciens.
727 2647 822 2718 qui
860 2646 927 2701 de
958 2646 1170 2717 repudii
1208 2646 1393 2699 libello
1426 2660 1611 2700 secum
1671 2642 2057 2711 disputabant,

460 2738 604 2809 quod
642 2739 1008 2808 permissione
1036 2736 1171 2807 legis
1210 2736 1432 2797 licebat,
1471 2736 1553 2791 sic
1606 2734 1730 2788 illus
1787 2734 2061 2790 allocutus

462 2838 545 2885 est
576 2848 588 2883 :
629 2829 841 2900 Moyses
867 2829 937 2882 ad
971 2828 1231 2881 duritiam
1260 2829 1439 2884 cordis
1464 2830 1624 2884 vestri
1649 2829 1885 2899 permisit
1918 2828 2060 2883 vobis

461 2921 728 2973 dimittere
777 2935 969 2974 uxores
1007 2931 1228 2977 vestras.
1276 2921 1355 2975 Ab
1416 2922 1570 2976 initio
1604 2932 1781 2976 autem
1834 2923 2061 2992 nonfuit

465 3013 592 3066 sic”.
627 3013 794 3083 218
815 3012 957 3068 Deus
982 3015 1153 3078 enim,
1195 3016 1395 3086 inquit,
1427 3015 1743 3086 coniugium
1775 3016 1875 3069 hoc
1893 3032 2063 3086 copu-

2160 1813 2270 1886 γὰρ
2303 1814 2468 1868 αὑτὸν
2503 1814 2594 1868 τὸν
2642 1814 2794 1875 Θεὸν.
2836 1815 2930 1868 καὶ
2979 1815 3081 1886 τὴν
3142 1813 3333 1869 τούτου
3396 1815 3751 1886 νομοθεσίαν·
3802 1852 3809 1857 -

2160 1905 2450 1978 διαιρεῖται
2495 1906 2552 1960 δέ
2580 1907 2695 1961 ’καὶ
2735 1910 2814 1972 είς
2853 1906 2946 1961 τὸν
2971 1908 3198 1971 Μωσέα,
3228 1907 3289 1961 οὐ
3324 1907 3449 1961 καθ’
3476 1907 3610 1963 αὐτὸ
3640 1909 3663 1941 ⁸
3686 1908 3753 1963 δι’

2161 1997 2327 2051 αὐτοῦ
2362 1997 2647 2070 νομοθετεῖ
2690 2001 2718 2053 6
2763 1998 2918 2063 Θεὸς,
2953 1998 3089 2053 ἀλλά
3138 1998 3284 2054 καθά
3313 1999 3420 2054 ἀπὸ
3468 2000 3572 2071 τῆς
3619 2000 3757 2066 ιδίας

2160 2090 2369 2154 ἐννοίας
2399 2090 2723 2163 ὁρμώμενος
2750 2092 2844 2146 καὶ
2875 2095 2904 2146 6
2947 2093 3154 2164 Μωσῆς
3203 2092 3568 2165 ἐνομοθέτησέ
3596 2110 3720 2148 τινα
3739 2111 3755 2125 ⁸

2161 2182 2253 2236 καὶ
2279 2183 2360 2246 είς
2392 2182 2519 2247 τοὺς
2554 2183 2963 2256 πρεσϐυτέρους
3006 2183 3102 2238 τοῦ
3135 2183 3266 2238 λαοῦ
3310 2184 3623 2257 διαιρεῖται,
3663 2188 3759 2241 καὶ

2163 2271 2369 2343 πρῶτοι
2421 2272 2764 2343 εὑρίσκονται
2816 2272 3038 2337 ἐντολάς
3080 2290 3235 2338 τινας
3290 2274 3543 2340 ἐνθέντες
3597 2276 3754 2341 ίδίας.

2163 2364 2287 2428 Πῶς
2329 2361 2424 2417 οὖν
2465 2364 2625 2419 τοῦτο
2676 2364 2850 2430 οὕτως
2902 2364 3026 2437 ἔχον
3077 2367 3143 2422 ἐκ
3199 2367 3307 2421 τῶν
3354 2366 3450 2420 τοῦ
3503 2367 3759 2440 Σωτῆρος

2159 2455 2438 2511 δείκνυται
2482 2444 2677 2526 λόγων,
2728 2456 2923 2529 μάθοις
2972 2457 3018 2511 δ’
3062 2457 3129 2512 ἂν
3180 2458 3301 2529 ἤδη.
3360 2458 3771 2531 Διαλεγόμενός

2162 2566 2265 2602 που
2298 2551 2326 2603 6
2359 2549 2551 2620 Σωτὴρ
2597 2549 2736 2622 πρὸς
2783 2550 2909 2614 τοὺς
2945 2551 3073 2623 περὶ
3123 2550 3217 2605 τοῦ
3270 2552 3610 2607 ἀποστασίου
3658 2570 3758 2607 συ-

2162 2637 2457 2710 ζητοῦντας
2499 2641 2670 2712 αὐτῷ,
2706 2641 2734 2693 ὃ
2766 2640 2831 2712 δὴ
2883 2642 3214 2696 ἀποστάσιον
3257 2643 3461 2711 ἐξεῖναι
3508 2647 3762 2716 ἐνενομοο

2162 2732 2374 2805 θέτητο,
2409 2734 2514 2805 ἔφη
2544 2735 2750 2800 αὐτοῖς,
2796 2736 2880 2788 ὅτι
2915 2735 3179 2805 Μωῦσῆς
3212 2737 3362 2805 πρὸς
3394 2738 3514 2804 τὴν
3559 2743 3759 2807 (7qu-

2152 2825 2483 2894 ροκαρδΙαν
2511 2826 2621 2897 (98)
2654 2826 2823 2897 ὑμῶν
2870 2827 3164 2898 ἐπέτρεψε
3205 2827 3271 2881 τὸ
3298 2829 3600 2883 ἀπολύειν
3643 2832 3761 2898 τὴν

2162 2918 2418 2987 γυναῖκα
2449 2920 2659 2975 αὐτοῦ.
2707 2921 2752 2975 Ἀ
2763 2920 3026 2991 π’ἀρχῆς
3040 2921 3151 2991 γὰρ
3173 2924 3244 2975 οὐ
3274 2923 3533 2995 γέγονεν
3546 2922 3760 2989 οὕτως.

2162 3009 2294 3074 Θεὸς
2330 3010 2460 3084 γὰρ,
2505 3012 2659 3083 φησι,
2718 3012 3005 3080 συνέζευξε
3054 3014 3260 3086 ταύτην
3306 3013 3405 3086 τὴν
3457 3014 3760 3085 συζυγίαν·

461 3104 595 3159 lavit
624 3122 637 3170 ;
662 3115 755 3160 et:
792 3103 947 3170 Quod
974 3104 1115 3161 Deus
1149 3107 1424 3177 conjunxit
1452 3107 1606 3160 homo
1644 3123 1747 3160 non
1782 3106 2045 3174 separet’.

2162 3104 2264 3168 mi,
2293 3105 2354 3156 ’Ὁ
2382 3104 2794 3170 συνέζευξενό
2813 3108 3048 3174 Κύριος,
3081 3106 3392 3176 ἄνθρωπος
3415 3107 3504 3178 μὴ
3526 3106 3765 3176 χωριζέ-

463 3195 566 3251 Ubi
602 3196 763 3250 aliam
793 3211 918 3252 esse
963 3196 1054 3253 Dei
1104 3196 1275 3269 legem
1308 3197 1571 3262 ostendit,
1619 3211 1742 3266 quae
1777 3211 1998 3250 uxorem
2024 3211 2054 3250 a

460 3289 581 3341 viro
622 3287 835 3358 seiungi
891 3289 1199 3358 prohibeat,
1252 3288 1416 3343 aliam
1457 3289 1646 3349 Musis,
1675 3289 1767 3358 qui
1797 3288 1868 3342 ob
1902 3288 2054 3342 duri—

459 3380 589 3437 tiem
626 3381 811 3436 cordis
835 3396 937 3446 par
970 3382 1100 3436 illud
1132 3381 1424 3438 dissociari
1469 3380 1763 3450 permittat.

534 3563 588 3616 In
617 3577 727 3633 quo
754 3561 930 3618 Moses
963 3563 1223 3634 quiddam
1286 3563 1397 3619 Deo
1444 3563 1785 3618 contrarium
1827 3563 1972 3628 tulit,
2005 3562 2055 3619 ei

460 3656 672 3710 scilicet
697 3656 965 3720 contioni,
1000 3672 1108 3727 qua
1139 3657 1368 3713 dissolvi
1404 3657 1752 3713 matrimonia
1783 3664 2047 3712 vetuerat.

466 3747 573 3803 Sed
603 3747 648 3803 si
688 3748 1018 3818 Iegislatoris
1054 3750 1233 3820 ipsius
1267 3760 1522 3814 mentem,
1552 3766 1658 3820 qua
1693 3748 1760 3803 ad
1800 3749 1931 3804 illud
1963 3749 2049 3805 de-

460 3840 795 3895 cernendum
826 3841 1087 3896 inductus
1121 3850 1224 3905 est,
1261 3849 1527 3895 accurate
1593 3839 2050 3905 consideremus;

460 3933 807 3989 inveniemus
836 3935 1027 4003 procul
1052 3934 1222 3988 dubio
1245 3949 1353 3988 non
1384 3932 1447 4009 id.
1467 3948 1591 3987 eum
1611 3941 1804 4001 sponte
1823 3946 1943 3997 sua,
1960 3932 2056 3987 sed

460 4028 788 4081 necessitate
830 4025 1057 4081 iecisse:
1085 4042 1195 4097 quo
1221 4040 1411 4081 eorum
1438 4026 1639 4095 quibus
1671 4026 2057 4095 prmscribebat

460 4117 830 4172 imbecillitati
866 4116 1200 4173 eonsulet'et.
1237 4115 1344 4183 Qui
1368 4132 1491 4171 eum
1520 4102 1764 4171 divinum
1796 4115 1928 4171 illud
1961 4117 2056 4172 dc-

460 4217 670 4263 erctum
708 4207 776 4264 de
798 4190 1111 4265 retinendis
1174 4208 1442 4263 uxoribus
1499 4210 1615 4265 suis
1674 4208 1910 4263 tolerare
1944 4223 2053 4263 non

2162 3211 2261 3258 τω,
2283 3194 2408 3266 ἔφη.
2427 3196 2691 3250 Ἐνταῦθα
2706 3196 2893 3269 ἕτερον
2913 3199 3014 3268 μὲν
3035 3196 3128 3252 τοῦ
3151 3198 3285 3252 Θεοῦ
3307 3199 3550 3254 δείκνυσι
3570 3201 3762 3271 νόμον,

2160 3285 2252 3339 τὸν
2297 3286 2576 3340 κωλύοντα
2619 3286 2949 3358 χωρίζεσθαι
2995 3294 3229 3358 γυναῖκα
3274 3290 3381 3344 ἀπὸ
3427 3290 3522 3345 τοῦ
3563 3291 3762 3363 ἀνδρὸς

2157 3378 2541 3450 αὑτῆς,ἓτερον
2557 3378 2614 3431 δὲ
2644 3380 2735 3432 τὸν
2767 3378 2863 3433 τοῦ
2887 3381 3187 3446 Μωῦσέως,
3224 3381 3317 3435 τὸν
3343 3382 3432 3436 διὰ
3471 3384 3570 3457 τὴν
3596 3384 3763 3456 σκληο

2156 3471 2450 3543 ροκαρδίαν
2479 3470 2845 3542 ἐπιτρέποντα
2885 3472 3213 3544 χωρίζεσθαι
3246 3474 3407 3529 τοῦτο
3447 3476 3510 3530 τὸ
3546 3476 3757 3546 ζεῦγος.

2232 3563 2343 3617 Καὶ
2375 3563 2438 3635 δὴ
2485 3566 2627 3617 κατά
2677 3564 2835 3620 τοῦτο
2878 3567 3092 3620 ἐναντία
3130 3566 3206 3639 τῷ
3239 3568 3358 3640 Θεῷ
3397 3570 3684 3640 νομοθετεῖ
3733 3571 3762 3623 6

2160 3654 2386 3724 Μωσῆς.
2450 3654 2723 3708 Ἐναντίον
2775 3656 2885 3728 γάρ
2933 3656 3048 3710 ἐστι
3101 3658 3178 3729 τῷ
3229 3660 3304 3731 μὴ
3352 3658 3756 3728 διαζευγνύναι.

2172 3743 2298 3796 Ἐἀν
2327 3743 2511 3814 μέντοι
2537 3744 2630 3797 καὶ
2661 3743 2762 3816 τὴν
2789 3745 2883 3798 τοῦ
2936 3745 3212 3811 Μωῦσέως
3254 3746 3503 3818 γνώμην,
3535 3747 3661 3801 καθ’
3691 3751 3758 3820 ἢν

2156 3834 2317 3888 τοῦτο
2351 3835 2763 3909 ἐνομοθέτησεν,
2801 3835 3168 3910 ἐξετάσωμεν,
3206 3842 3568 3913 εὑρεθήσεται
3598 3843 3759 3899 τοῦτο

2158 3928 2220 3981 οὐ
2252 3928 2392 3981 κατά
2423 3929 2740 4001 προαίρεσιν
2771 3930 3007 4002 ποιήσας
3048 3933 3148 4003 τὴν
3185 3931 3400 3999 ἑαυτοῦ,
3430 3934 3573 3988 ἀλλά
3616 3939 3758 3991 κατὰ

2159 4021 2407 4094 ἀνάγκην
2447 4021 2536 4075 διὰ
2586 4021 2683 4093 τὴν
2731 4022 2839 4077 τῶν
2889 4025 3406 4097 νενομόθετημένων
3441 4027 3754 4086 ἀσθένειαν.
3804 4096 3819 4101 “

2169 4114 2324 4167 Ἐπεὶ
2349 4113 2457 4186 γὰρ
2495 4114 2594 4187 τὴν
2629 4115 2722 4168 τοῦ
2749 4115 2886 4169 Θεοῦ
2920 4115 3146 4188 γνώμην
3175 4117 3465 4187 φυλάττειν
3496 4123 3599 4175 οὐκ
3626 4123 3753 4193 ἡδύ-

2157 4222 2319 4259 ναντο
2346 4199 2512 4267 οὗτοι,
2548 4210 2606 4260 ἐν
2634 4206 2713 4278 τῷ
2742 4208 2818 4280 μὴ
2858 4207 3057 4275 ἐξεῖναι
3103 4210 3285 4275 αὐτοῖς
3328 4212 3617 4268 ἐκϐάλλειν
3654 4216 3757 4281 τὰς

463 4286 713 4368 possent,
736 4313 801 4352 ae
824 4300 1055 4356 moleste
1094 4299 1541 4380 quidanrearum
1577 4300 1856 4355 consortia
1888 4300 2053 4355 susti-

2162 4299 2416 4365 γυναῖκας
2463 4296 2663 4363 αὐτῶν,
2695 4299 2898 4364 αἵτινες
2932 4300 2952 4332 ³
2988 4299 3168 4354 αὐτῶν
3218 4301 3401 4374 ἀηδῶς
3446 4304 3751 4376 συνῴκουν,

462 4396 678 4453 nerent,
718 4390 1023 4460 periculum
1056 4402 1115 4445 ut
1154 4399 1320 4458 esset,
1343 4407 1413 4447 ne
1444 4406 1506 4469 ea
1537 4408 1596 4447 se
1620 4392 1913 4448 occasione
1937 4408 2055 4463 gra-

366 4547 383 4557 .
461 4482 706 4539 vioribus
735 4483 1039 4538 sceleribus
1069 4485 1489 4556 obstringerint,
1522 4485 1722 4556 quibus
1748 4493 2050 4541 extremam

462 4574 517 4628 in
542 4574 838 4644 perniciem
866 4584 1109 4637 ruerent,
1141 4582 1199 4628 ut
1224 4574 1329 4629 hoc
1360 4575 1765 4631 incommodum
1790 4578 2056 4633 devitaret

464 4664 709 4737 Moyses,
766 4667 911 4736 quod
958 4667 1025 4719 ad
1094 4667 1312 4720 illorum
1373 4667 1654 4721 interitum
1734 4669 2051 4740 spectabat,

465 4758 765 4812 secundam
807 4757 1101 4827 quamdam
1123 4758 1334 4829 repudii
1376 4757 1549 4829 legem
1588 4760 1797 4830 privata
1866 4768 2057 4814 aucto-

466 4850 627 4903 ritate
661 4849 981 4915 eonstituit;
1016 4849 1312 4921 minusque
1343 4865 1409 4905 ex
1435 4864 1497 4905 ea
1525 4830 1822 4906 occasione
1852 4852 2053 4905 malum

464 4957 589 4996 cum
629 4942 839 5013 majore
892 4946 1310 5014 compensavit,
1363 4950 1423 4997 ut
1475 4944 1519 4997 si
1579 4943 1762 4999 minus
1815 4943 2053 5015 priorem

467 5031 614 5087 illam
651 5050 875 5091 servare
895 5036 1126 5107 possint,
1157 5036 1299 5091 hanc
1322 5035 1514 5091 saltem
1551 5036 1841 5103 retineant,
1877 5051 2056 5107 neque

467 5127 813 5197 seinllagitia
850 5130 1171 5200 sceleraque
1218 5129 1592 5193 committant,
1622 5142 1719 5198 per
1759 5144 1883 5199 quae
1919 5129 2053 5182 ulti-

538 5336 555 5369 ¹
592 5335 781 5394 Matth.
813 5355 925 5407 xxx,
958 5340 1010 5395 8.
1089 5342 1109 5371 ²
1136 5340 1265 5397 ibid.
1299 5340 1353 5397 6.
1430 5341 1451 5373 ⁸
1486 5340 1647 5399 Deest
1670 5339 1947 5410 γνώσεωςο

532 5512 653 5587 (98)
690 5513 814 5569 Ὅτι
865 5512 1128 5587 Μωρᾳῆς
1171 5515 1323 5585 πρὸς
1355 5515 1479 5587 τὴν
1510 5512 2044 5587 σκληροκαρδίαν.

467 5584 718 5655 Quonam
767 5594 927 5657 pacto
976 5584 1299 5657 Moyses’id
1332 5585 1552 5657 ,Judaais
1603 5586 2050 5657 permiseriLLCt

466 5665 740 5728 quatenus
769 5655 1118 5713 Christianis
1142 5656 1441 5714 divortium
1473 5655 1653 5713 facere
1697 5656 1879 5724 liceat,
1924 5656 2049 5727 plu-

2024 5338 2136 5394 ⁴’ῐεῖ

2160 4389 2255 4442 καὶ
2307 4388 2648 4443 ἐκινδύνευον
2701 4391 2766 4443 ἐκ
2822 4391 3009 4446 τούτου
3057 4393 3418 4465 ἐκτρέπεσθαι
3474 4395 3634 4452 πλέον
3676 4399 3757 4463 εἰς

2160 4480 2397 4544 ἀδικίαν,
2435 4483 2529 4536 καὶ
2559 4478 2623 4536 ἐκ
2644 4483 2849 4557 ταύτης
2880 4487 2961 4550 είς
2986 4485 3283 4553 ἀπώλειαν,
3316 4488 3378 4542 τὸ
3409 4491 3577 4559 ἀηδές
3595 4492 3759 4545 τοῦτο

2161 4573 2482 4645 βουλόμενος
2533 4575 2761 4646 ἐκκόψαι
2808 4577 2988 4631 αὐτῶν
3038 4581 3066 4632 6
3121 4579 3384 4650 Μωῦσῆς,
3428 4580 3497 4634 δι’
3545 4577 3608 4637 οὗ
3663 4585 3758 4636 καὶ

2158 4665 2492 4741 ἀπόλλυσθαι
2542 4667 2916 4735 ἐκινδύνευον,
2962 4671 3216 4743 δεύτερόν
3273 4689 3392 4725 τινα
3456 4673 3533 4738 ὡς
3613 4666 3777 4730 κατῖ

2159 4754 2480 4827 περίστασιν
2512 4753 2675 4830 ἦττον
2709 4760 2877 4815 κακὸν
2901 4762 3021 4815 ἀντὶ
3050 4761 3293 4833 μείζονος
3319 4764 3756 4819 ἀντικαταλλασ-

2161 4851 2404 4921 σόμενος,
2435 4851 2527 4904 τὸν
2559 4851 2652 4905 τοῦ
2696 4854 3025 4908 ἀποστασίου
3068 4855 3233 4927 νόμον
3273 4856 3368 4927 ἀφ’
3409 4860 3608 4914 ἑαυτοῦ
3639 4863 3760 4914 ἐνο-

2161 4941 2459 5015 μοθέτησεν
2493 4944 2709 5009 αὐτοῖς’
2742 4947 2852 5009 ἵνα,
2893 4946 2986 5000 ὲάν
3013 4948 3221 5001 ἐκεῖνον
3249 4950 3322 5020 μὴ
3353 4949 3620 5003 δύνωνται
3649 4969 3756 5020 φυ-

2158 5034 2390 5099 λάττειν,
2417 5035 2521 5090 κάν
2548 5035 2738 5090 τοῦτόν
2770 5054 2832 5106 γε
2864 5036 3161 5107 φυλάξωσι,
3195 5039 3290 5093 καὶ
3322 5040 3397 5111 μὴ
3422 5043 3503 5104 εἰς
3533 5041 3756 5105 ἀδικίας

2157 5128 2251 5181 καὶ
2325 5129 2523 5194 κακίας
2602 5130 2942 5203 ἐκτραπῶσι,
3006 5131 3073 5184 δι’
3145 5125 3222 5186 ὧν
3266 5131 3517 5187 ἀπώλεια
3566 5135 3755 5198 αὐτοῖς

2170 5340 2229 5393 ού
2263 5339 2405 5394 καθά
2440 5318 2621 5401 αὐτός.
2699 5342 2721 5372 ⁵
2755 5339 2814 5395 F.
2842 5339 2930 5406 αἷς
2960 5358 3126 5396 τινες.

2158 5514 2314 5591 ribus
2352 5514 2607 5569 catholici
2639 5518 2967 5587 interpretes
2994 5515 3065 5591 at!
3100 5514 3304 5573 Matth.
3334 5534 3428 5574 xIx
3460 5520 3761 5591 disputare

2156 5585 2335 5711 Bellen:
2369 5601 2383 5637 :
2415 5600 2647 5657 quorum
2698 5585 3123 5645 commentarios
3167 5590 3464 5647 consulere
3511 5585 3765 5669 quisque

2157 5671 2227 5712 no
2252 5671 2310 5712 es
2340 5697 2352 5710 .

2157 5671 2352 5727 peteSt.
