3956 6070
481 211 587 269 563

1842 220 1899 276 S.
1942 221 2287 279 EPiPHANII

3671 210 3795 272 564

485 322 601 381 Iam
651 340 784 382 vero
820 342 957 399 pura
999 328 1097 385 illa
1134 330 1461 402 sinceraque
1500 331 1587 388 lex
1645 331 1743 389 Dei
1793 348 1899 389 nec
1942 352 2065 390 (τιιιη

2193 339 2371 408 ξείρονι
2401 337 2540 409 αὐτὴ
2571 337 2604 408 ὴ
2637 334 2961 405 Δεκάλογος,
2990 333 3040 389 oi
3086 332 3221 388 δέκα
3258 330 3409 401 λόγοι
3445 328 3676 392 ἐκεῖνοι,
3729 328 3788 381 oi

482 417 756 475 deteriore
782 420 1101 490 conjuncta,
1128 422 1429 494 Decalogus
1457 433 1542 479 est
1570 425 1709 495 ipse,
1727 425 1843 481 sive
1875 417 2064 485 decem

482 512 573 567 illa
604 521 871 582 praecepta
932 513 1150 570 duabus
1199 515 1461 571 distincta
1490 517 1716 583 tabulis,
1746 519 1949 590 quibus
1974 529 2069 575 aut

486 606 735 659 cavenda
768 605 1261 675 prohibentur,aut
1296 606 1546 664 facienda
1578 610 2071 678 mandantur.Quae

480 695 585 750 etsi
612 710 747 764 pura
779 696 891 779 sint
912 712 977 752 ac
1019 697 1247 768 liquida,
1280 706 1464 755 tamen
1495 701 1643 770 quod
1675 702 1921 756 nondum
1947 719 2072 773 per-

482 784 625 839 fecta
653 786 782 851 sint,
818 786 1044 859 impleri.
1068 805 1098 844 a
1125 788 1413 848 Salvatore
1466 793 1790 851 debuerant.
1819 794 1901 849 Ad
1938 794 2072 850 illud

478 891 612 933 vero
649 893 843 948 genus,
872 882 1020 952 quod
1062 881 1353 952 injustitize
1412 868 1624 956 aliquid
1685 887 1872 953 habet,
1926 887 2073 957 leges

481 970 591 1027 illa:
615 974 1086 1044 referendasunt,
1133 979 1337 1049 quibus
1368 979 1699 1051 injuriarum
1734 981 2070 1052 persecutio,

484 1084 791 1140 eorumque
817 1070 912 1141 qui
948 1070 1165 1141 priores
1197 1088 1301 1128 nos
1316 1072 1581 1137 laeserint,
1616 1073 1913 1131 vindicatio
1936 1089 2075 1145 prae-

492 1164 779 1220 scribitur.
826 1162 987 1220 Velut
1024 1178 1148 1218 cum
1199 1165 1421 1220 oculum
1458 1181 1560 1235 pro
1617 1167 1799 1231 oculo,
1856 1169 2073 1222 dentem

489 1250 647 1305 evelli
676 1265 776 1321 pro
806 1250 1025 1313 dente‘,
1055 1265 1118 1304 ac
1149 1250 1352 1306 eaedem
1385 1252 1535 1306 caede
1571 1253 1912 1324 compensari
1946 1268 2078 1324 prae-

491 1345 644 1413 cipit.
676 1343 865 1413 Neque
894 1343 1039 1399 enim
1081 1343 1276 1422 'minus
1312 1343 1523 1413 injuste
1566 1347 1702 1415 agit,
1734 1347 1827 1417 qui
1860 1347 1912 1401 id
1953 1354 2077 1417 post

494 1436 726 1511 alterum
776 1439 1095 1503 perpetrat,
1148 1447 1277 1488 cum
1328 1434 1502 1492 solius
1565 1437 1777 1493 ordinis
1833 1439 2076 1501 intersit.

492 1532 654 1596 atque
683 1525 827 1580 idem
868 1526 1096 1583 omnino
1130 1524 1353 1582 facinus
1380 1529 1708 1585 committat.
1770 1527 1875 1584 Sed
1941 1530 2077 1585 illud

2171 432 2230 484 ἐν
2277 433 2401 494 ταῖς
2430 431 2553 485 δυσὶ
2597 430 2761 496 πλαξὶ
2807 427 3205 500 δεδιχασμένοι,
3254 425 3337 490 εἷς
3381 440 3443 477 τε
3483 421 3788 491 ἀναίρεσιν

2169 522 2279 577 τῶν
2319 523 2646 593 ἀφθέγκτων
2678 523 2700 555 δ
2731 522 2827 577 καὶ
2870 523 2952 585 εἰς
2987 519 3287 592 πρόσταξιν
3329 515 3441 570 τῶν
3472 514 3784 584 ποιητέων,

2171 614 2244 681 οἳ,
2274 614 2479 686 καίπερ
2536 611 2786 684 καθαρὰν
2836 610 3052 682 ἔχοντες
3091 610 3192 681 τὴν
3257 605 3620 678 νομοθεσίαν.
3700 601 3788 672 μὴ

2173 706 2387 778 ἔχοντες
2414 706 2470 759 δὲ
2489 706 2551 759 τὸ
2576 704 2804 768 τέλειον,
2832 703 3042 757 ἐδέοντο
3069 701 3170 772 τῆς
3200 697 3355 769 παρά
3388 695 3484 750 τοῦ
3517 693 3785 763 Σωτῆρος

2174 796 2542 870 πληρώσεως·
2591 799 2621 850 ό
2666 796 2722 851 δέ
2769 798 2886 849 ὲστι
2935 790 3428 867 συμπεπλεγμένος
3450 789 3518 858 τῇ
3562 784 3783 855 ἀδικίᾳ,

2174 883 2329 955 οὗτος
2355 893 2383 945 ὁ
2408 889 2550 945 κατά
2573 889 2673 960 τὴν
2700 888 2913 959 ἄμυναν
2941 885 3038 940 καὶ
3067 882 3425 938 ἀνταπόδοσιν
3485 877 3598 932 τῶν
3634 893 3785 946 προ-

2175 983 2549 1056 αδικησάντων
2599 980 2850 1051 κείμενος
2878 1019 2894 1043 ,
2950 974 3230 1047 ὀφθαλμόν
3283 972 3408 1027 ἀντὶ
3460 968 3783 1040 ὀφθαλμοῦ,

2176 1078 2271 1132 καὶ
2346 1076 2537 1130 ὀδόντα
2596 1075 2720 1128 ἀντὶ
2797 1072 3010 1135 ὀδόντος
3068 1064 3438 1122 ὲκκόπτεσθαι
3507 1060 3783 1125 κελεύων,

2177 1170 2274 1224 καὶ
2312 1168 2472 1239 φόνον
2526 1167 2648 1222 ἀντὶ
2706 1165 2871 1234 φόνου
2906 1160 3240 1234 ἀμύνασθαι.
3268 1156 3437 1211 Οὐδὲν
3469 1155 3583 1225 γὰρ
3610 1149 3785 1225 ἦττον

2178 1258 2274 1312 καὶ
2299 1260 2327 1312 ὁ
2353 1254 2603 1327 δεύτερος
2646 1253 2849 1311 ἀδικῶν
2879 1251 3074 1315 ἀδικεῖ,
3115 1252 3183 1320 τῇ
3219 1247 3368 1311 τάξει
3416 1246 3579 1317 μόνον
3622 1243 3783 1297 διαλο

2178 1351 2413 1417 λάσσων,
2446 1349 2508 1403 τὺ
2540 1348 2671 1403 αὐτὸ
2701 1344 3066 1419 ἐργαζόμενος
3096 1340 3276 1413 ἔργον.
3308 1336 3482 1391 Τοῦτο
3512 1336 3570 1389 δὲ
3599 1335 3785 1407 πρόσ-

2180 1458 2373 1513 ταγμα
2432 1441 2642 1494 δίκαίον
2694 1439 2791 1510 μὲν
2821 1435 2996 1499 ἄλλως
3025 1433 3121 1488 καὶ
3147 1427 3216 1503 ἦν
3250 1430 3343 1485 καὶ
3372 1430 3513 1495 ἐστι,
3556 1428 3651 1481 διὰ
3679 1427 3786 1496 τὴν

2181 1533 2470 1588 ἀσθένειαν
2520 1530 2630 1584 τῶν
2676 1524 3146 1600 νομοθετηθέντων
3196 1523 3254 1575 ὲν
3303 1517 3651 1600 παρεκϐάσει
3681 1516 3783 1570 τοῦ

493 1623 824 1687 praeceptum
858 1616 1065 1694 alioqui
1095 1617 1307 1687 justum
1355 1627 1498 1684 erat,
1534 1627 1589 1675 et
1619 1622 1924 1687 est'modo,
1961 1638 2081 1692 pro-

2193 1623 2426 1694 καθαροῦ
2467 1622 2634 1694 νόμου
2675 1597 2850 1685 τεθὲν,
2913 1597 3181 1671 ἀνοίκειον
3239 1614 3297 1667 δὲ
3327 1615 3394 1684 τῇ
3430 1610 3529 1665 τοῦ
3560 1597 3786 1681 Πατρός

494 1715 617 1775 pter
643 1723 834 1762 eorum
860 1688 1261 1773 inﬁrmitatem,
1294 1712 1499 1781 quibus
1539 1713 1750 1767 editum
1798 1712 1924 1780 fuit,
1955 1730 2078 1771 cum

2193 1716 2290 1772 τῶν
2330 1717 2467 1771 ὅλων
2508 1715 2667 1786 φύσει
2703 1730 2763 1767 τε
2798 1711 2892 1766 καὶ
2927 1707 3260 1779 ἀγαθότητι·
3315 1706 3448 1768 ἴσως
3499 1704 3558 1758 δὲ
3621 1701 3788 1755 τοῦτο

497 1802 569 1857 sit
596 1802 862 1858 adversus
901 1800 1222 1857 sincerioris
1251 1802 1387 1873 legis
1428 1804 1782 1859 violatiouem
1832 1810 2083 1876 przescri-

497 1903 673 1965 ptum,
703 1894 828 1949 licet
853 1907 884 1947 a
918 1893 1230 1948 communis
1274 1895 1522 1949 omnium
1580 1898 1828 1966 parentis
1857 1909 2079 1962 natura,

499 1998 564 2039 ac
599 1982 845 2041 bonitate
893 1983 963 2039 sit
1002 1982 1278 2041 alienum:
1315 1984 1401 2040 vel
1435 1995 1862 2044 consentaneum
1898 1993 2082 2061 potius

499 2083 606 2139 cst,
635 2075 731 2131 sed
770 2076 1100 2131 necessitate
1132 2075 1370 2146 quadam
1408 2093 1752 2149 expressum.
1808 2082 1944 2138 Nam
1989 2087 2082 2155 qui

500 2170 587 2225 vel
610 2170 833 2227 unicum
856 2168 1214 2227 homicidium
1242 2180 1391 2228 vetat
1416 2171 1554 2239 ﬁeri,
1586 2172 1716 2228 dum
1744 2175 1817 2229 ita
1839 2179 2039 2247 statuit
2063 2196 2076 2231 :

502 2258 627 2312 Non
650 2258 855 2312 occides
878 2259 923 2323 ²,
954 2273 1079 2313 cum
1107 2265 1296 2329 postea
1328 2261 1493 2316 caulis
1517 2272 1799 2319 auctorem
1832 2266 2078 2323 vicissim

505 2349 742 2404 interﬁci
782 2348 958 2419 jubet,
992 2363 1057 2402 ac
1092 2348 1388 2409 secundam
1442 2350 1613 2423 legem
1669 2352 1851 2412 ferens
1899 2357 2081 2428 dupli-

508 2454 626 2493 cem
669 2437 873 2492 caulem
907 2437 1161 2507 imperat,
1185 2438 1281 2508 qui
1318 2454 1483 2493 unam
1517 2442 1895 2512 prohibuerat,
1922 2448 1988 2502 ad
2019 2464 2083 2504 ea

501 2531 833 2591 necessitate
857 2540 1083 2589 coactus
1128 2541 1182 2589 et
1215 2533 1534 2605 imprudens
1588 2538 1901 2598 decurrisse
1939 2544 2090 2599 vide-

504 2633 614 2678 tur.
640 2629 816 2694 Atque
845 2623 966 2679 ideo
988 2625 1193 2683 missus
1229 2627 1297 2681 ab
1324 2628 1417 2682 illo
1436 2627 1611 2685 Filius
1639 2646 1760 2688 eam
1794 2634 1928 2705 legis
1960 2652 2088 2706 par-

503 2729 611 2777 tem
660 2719 991 2790 antiquavit,
1022 2736 1187 2790 quam
1247 2722 1468 2793 quidem
1492 2740 1522 2779 a
1554 2724 1666 2781 Deo
1693 2726 1862 2781 latam
1887 2737 1940 2782 et
1973 2730 2090 2801 ipse

2184 1810 2541 1881 κατάλληλον,
2586 1807 2903 1874 ἐπάναγκες
2934 1804 2991 1856 δὲ
3041 1801 3263 1873 μᾶλλον.
3312 1799 3373 1852 Ὁ
3412 1797 3523 1868 γὰρ
3557 1795 3786 1849 καὶςτὸν

2184 1905 2281 1959 ἕνα
2318 1903 2477 1973 φόνον
2507 1902 2569 1955 ού
2608 1898 2934 1971 βουλόμενος
2976 1893 3193 1948 ἔσεσθαι
3234 1893 3292 1945 ὲν
3333 1890 3409 1962 τῷ
3440 1890 3647 1958 λέγειν,
3699 1889 3786 1941 Οὐ

2187 1997 2531 2068 φονεύσεις,
2584 1990 2901 2065 προστάξας
2946 1987 3038 2041 τὸν
3086 1985 3252 2057 φονέα
3305 1982 3785 2054 ἀντιφονεύεσθαι,

2184 2087 2439 2159 δεύτερον
2473 2085 2637 2156 νόμον
2662 2079 2991 2153 νομοθετῶν,
3015 2078 3108 2132 καὶ
3133 2077 3254 2130 δυσί
3282 2076 3463 2145 φόνοις
3495 2075 3787 2147 βραϐεύων

2186 2180 2214 2233 ὁ
2242 2178 2334 2231 τὸν
2362 2176 2459 2230 ἕνα
2489 2172 2898 2245 ἀπαγορεύσας,
2931 2168 3121 2223 ἔλαθεν
3163 2168 3354 2222 ἑαυτὸν
3394 2167 3488 2220 ὑπ’
3533 2167 3787 2236 ἀνάγκης

2188 2266 2439 2331 κλαπείς.
2483 2265 2574 2319 Διὸ
2602 2263 2667 2335 δὴ
2704 2266 2732 2317 ὁ
2778 2264 2872 2316 ἀπ’
2908 2261 3114 2316 ἐκείνου
3148 2259 3602 2332 παραγενόμενος
3656 2259 3789 2322 Υἱὸς

2188 2363 2347 2418 τοῦτο
2373 2362 2436 2415 τὸ
2468 2361 2634 2432 μέρος
2662 2358 2755 2411 τοῦ
2786 2358 2949 2429 νόμου
2988 2355 3285 2428 ἀνῄρηκεν,
3314 2353 3664 2425 ὁμολογήσας
3690 2352 3789 2407 καὶ

2191 2456 2353 2520 αὐτὸς
2379 2450 2516 2508 εἶναι
2543 2451 2640 2506 τοῦ
2669 2451 2824 2517 Θεοῦ,
2853 2450 2910 2503 ἐν
2940 2464 3001 2502 τε
3046 2451 3158 2512 τοῖς
3204 2447 3384 2510 ἄλλοις
3422 2446 3790 2518 καταριθμεῖι

2191 2567 2280 2602 ται
2312 2544 2387 2619 (2)
2435 2550 2503 2618 τῇ
2551 2546 2757 2616 παλαιᾷ
2800 2542 3032 2615 αἱρέσει,
3086 2540 3181 2594 καὶ
3211 2541 3270 2593 ὲν
3321 2535 3404 2602 οἷς
3443 2537 3549 2610 ἔφη
3583 2539 3613 2591 ὁ
3652 2537 3788 2601 Θεὸς

2193 2639 2397 2695 εἰπὼν·
2451 2640 2513 2692 '0
2552 2634 2902 2707 κακολογῶν
2949 2633 3173 2703 πατέρα
3200 2634 3239 2702 ἡ
3277 2632 3510 2702 μητέρα
3548 2631 3790 2694 θανάτῳ

2192 2731 2543 2788 τελευτάτω.

505 2814 795 2872 confessus
819 2824 934 2881 est;
970 2831 1090 2887 quae
1143 2832 1268 2871 cum
1322 2819 1376 2872 in
1432 2820 1646 2876 caeteris
1691 2822 1760 2876 ad
1802 2826 2083 2896 antiquam
2121 2830 2355 2886 Iucresin
2388 2828 2706 2894 ascribitur,
2733 2835 2847 2881 tum
2877 2824 2931 2880 in
2961 2824 3029 2880 iis
3069 2836 3193 2895 quae
3248 2820 3393 2879 Deus
3434 2821 3589 2877 hisce
3606 2820 3790 2879 verbis

506 2912 730 2967 statuit:
765 2911 870 2978 Qui
910 2910 1241 2967 maledixerit
1267 2916 1407 2981 patri
1433 2916 1512 2970 vel
1543 2919 1722 2983 matri,
1750 2928 1915 2975 morte
1944 2926 2207 2980 moriatur
2231 2928 2272 2981 ³.

576 3001 659 3057 Ad
691 3001 826 3059 illud
858 3017 989 3058 vero
1016 3020 1190 3075 genus
1236 3008 1381 3076 quod
1430 3010 1698 3081 typicum,
1753 3016 1868 3070 sive
1900 2997 2088 3072 adum-

2269 3022 2343 3076 Τὸ
2384 3021 2442 3075 δέ
2486 3022 2602 3073 ἐστι
2637 3018 2803 3091 μέρος
2834 3015 3001 3071 αὐτοῦ
3046 3015 3295 3078 τυπικὺν,
3326 2996 3392 3073 τὸ
3424 3012 3546 3065 κατ’
3602 3010 3792 3063 εἰκόνα

506 3097 726 3157 bratum
767 3098 991 3167 dicitur,
1024 3101 1078 3156 id
1114 3116 1277 3159 omne
1317 3106 1575 3175 pertinet,
1606 3108 1770 3178 220
1802 3113 1945 3180 quod
1978 3114 2092 3184 spi-

506 3192 749 3251 ritalium
772 3201 939 3265 atque
959 3196 1346 3253 excellentium
1378 3215 1562 3255 rerum
1596 3202 1796 3272 ﬁguras
1818 3207 2089 3276 continet;

505 3285 813 3356 cujusmodi
830 3295 959 3341 sunt
975 3302 1262 3344 sacrorum
1291 3288 1696 3346 oll‘erendorum
1717 3296 2087 3364 emremouiae,

506 3378 880 3445 circumcisio,
925 3376 1248 3445 Sabbatum,
1275 3380 1574 3451 jejunium,
1608 3382 1844 3449 Pascha.
1880 3401 2093 3458 azyma,

508 3471 725 3546 aliaque
780 3472 982 3529 similia
1014 3473 1132 3544 lege
1191 3476 1535 3545 praescripta.
1573 3475 1705 3542 Quae
1753 3478 1938 3532 omnia
1968 3495 2092 3534 cum

510 3567 650 3621 nihil
700 3567 849 3622 aliud
884 3576 1085 3637 [taeter
1119 3570 1319 3638 tigna-as
1372 3577 1537 3640 atque
1575 3572 1843 3643 imagines
1895 3573 2094 3638 forent,

511 3658 783 3729 patefacta
812 3660 1040 3715 veritate
1069 3661 1334 3715 translata
1360 3668 1486 3716 sunt
1508 3663 1651 3730 ;imo
1683 3679 1813 3720 vero
1856 3664 2003 3735 quod
2029 3664 2097 3719 ad

511 3762 792 3808 externam
821 3752 1058 3822 speciem
1081 3753 1296 3819 attinet,
1328 3770 1597 3824 usumque
1619 3770 1943 3825 corporeum
1971 3756 2100 3811 sub-

513 3846 646 3906 lata.
675 3846 906 3917 spiritali
945 3846 1181 3929 quadam
1217 3846 1431 3902 ratione
1488 3855 1700 3904 retenta
1724 3855 1872 3906 sunt.
1901 3847 2097 3905 Iisdem

513 3937 715 4007 quippe
766 3936 1119 3993 manentibus
1149 3936 1331 3993 adhuc
1380 3939 1717 4004 nominibus.
1775 3955 1959 3995 rerum
2012 3945 2101 3995 est

514 4026 659 4087 facta
693 4029 947 4085 mutatio.
971 4028 1108 4083 Nam
1141 4029 1340 4085 oﬁ‘erre
1377 4030 1600 4100 quidem
1642 4045 1799 4085 sacra
1833 4030 2102 4085 Dominus

514 4121 793 4177 instituit:
823 4129 881 4176 at
909 4136 1019 4177 non
1056 4130 1333 4176 mutarum
1382 4122 1678 4192 pecudum,
1710 4129 1804 4176 aut
1845 4122 1896 4177 id
1924 4137 2099 4192 genus

516 4212 837 4282 snﬁituum',
875 4212 973 4269 sed
1007 4213 1274 4293 spiritalis
1311 4213 1492 4283 potius
1535 4212 1715 4268 laudis
1738 4228 1800 4266 ac
1836 4212 2102 4282 pra-dira-

2193 3113 2303 3168 τῶν
2342 3109 2751 3181 πνευματικῶν,
2785 3108 2881 3162 καὶ
2928 3106 3293 3179 διαφερόντως
3337 3106 3359 3136 ⁸
3411 3104 3686 3172 κείμενον,
3729 3101 3792 3154 τὸ

2195 3206 2254 3259 ὲν
2296 3204 2653 3275 προσφοραῖς,
2699 3199 2864 3268 λέγω,
2894 3198 2988 3252 καὶ
3039 3198 3329 3271 περιτομῇ,
3364 3195 3459 3252 καὶ
3497 3192 3789 3259 Σαϐϐάτῳ,

2196 3294 2291 3346 καὶ
2340 3292 2602 3364 νηστείᾳ,
2644 3289 2738 3343 καὶ
2794 3286 3019 3359 Πάσχα,
3078 3285 3172 3340 καὶ
3219 3283 3481 3354 ἀζύμοις,
3531 3282 3628 3336 καὶ
3677 3284 3792 3342 τοῖς

2197 3385 2458 3448 τοιούτοις
2488 3381 2940 3454 νομοθετηθέντα.
2990 3379 3176 3434 Πάντα
3215 3378 3325 3449 γὰρ
3368 3374 3544 3431 ταῦτα
3585 3375 3792 3434 εἰκόνες

2199 3478 2292 3532 καὶ
2357 3474 2602 3546 σύμϐολα
2660 3472 2822 3538 ὄντα,
2882 3470 2985 3541 τῆς
3036 3466 3295 3540 ἀληθείας
3352 3464 3789 3536 φανερωθεισης.

2202 3568 2497 3642 μετετέθη·
2528 3566 2671 3620 κατά
2719 3565 2819 3637 μὲν
2846 3563 2908 3618 τὸ
2953 3560 3277 3632 φαινόμενον
3320 3559 3414 3612 καὶ
3460 3553 3792 3627 σωματικῶς

2200 3659 2534 3714 ἐκτελεῖσθαι
2569 3656 2828 3730 ἀνῃρέθη,
2861 3654 3003 3723 κατά
3028 3652 3084 3707 δὲ
3115 3651 3177 3705 τὸ
3192 3648 3567 3721 πνευματικὸν
3598 3646 3791 3717 ἀνελή-

2202 3751 2311 3823 φθη
2332 3766 2347 3781 ·
2402 3750 2512 3804 τῶν
2566 3749 2665 3821 μὲν
2749 3747 3032 3818 ὀνομάτων
3092 3742 3201 3797 τῶν
3257 3741 3438 3797 αὐτῶν
3496 3739 3789 3810 μενόντων,

2202 3842 2618 3915 ἐνηλλαγμένων
2659 3840 2715 3893 δὲ
2767 3838 2873 3893 τῶν
2908 3835 3267 3916 πραγμάτων.
3318 3832 3428 3886 Καὶ
3474 3834 3584 3905 γὰρ
3627 3846 3793 3902 προσο

2204 3933 2375 4006 φορὰς
2422 3931 2754 4005 προσφέρειν
2800 3927 3134 4001 προσέταξεν
3163 3928 3296 3998 ἡμῖν
3332 3927 3362 3978 ὁ
3396 3924 3626 3994 Σωτήρ·
3678 3921 3790 3975 ἀλλ’

2202 4023 2325 4093 ούχὶ
2360 4021 2456 4085 τὰς
2482 4021 2549 4075 δι’
2580 4020 2790 4089 ἀλόγων
2815 4018 2991 4084 ζώων,
3035 4017 3068 4087 ἢ
3109 4015 3316 4069 τούτων
3357 4014 3467 4067 τῶν
3508 4011 3791 4083 θυμιαμά-

2203 4128 2334 4177 των,
2378 4111 2516 4171 ἀλλὰ
2553 4110 2641 4165 διὰ
2684 4107 3069 4180 πνευματικῶν
3104 4106 3289 4171 αῖνων,
3339 4104 3435 4157 καὶ
3462 4103 3652 4167 δοξῶν,
3699 4100 3790 4155 καὶ

2205 4204 2575 4278 εὐχαριστίας,
2606 4202 2700 4265 καὶ
2734 4201 2821 4255 διά
2849 4200 2948 4272 τῆς
2975 4201 3053 4264 εἰς
3080 4200 3206 4262 τοὺς
3236 4196 3464 4268 πλησίον
3510 4194 3793 4256 κοινωνίας

518 4307 720 4367 tionis.
756 4315 811 4362 et
860 4288 1243 4374 eucharistiaz;
1303 4314 1419 4360 tum
1476 4305 1530 4359 in
1581 4305 1864 4359 hominum
1929 4320 2088 4375 genus

2207 4298 2301 4351 καὶ
2347 4294 2617 4359 εὐποιίας.
2656 4293 2786 4346 ‘Kai.
2834 4293 3106 4363 περιτομῇ
3161 4286 3600 4361 περιτετμῆσθαι
3649 4287 3790 4358 ἡμᾶς

519 4397 864 4453 liberalitatis
903 4412 969 4453 ac
992 4371 1388 4454 beneﬁcentiae.
1435 4394 1582 4459 idem
1607 4371 2088 4468 circumcidivpraa-

2211 4388 2483 4462 βούλεται,
2512 4387 2627 4442 ἀλλ’
2660 4386 2782 4457 ούχὶ
2804 4385 2903 4457 τῆς
2927 4383 3293 4463 ἀκροϐυστίας
3320 4382 3418 4453 τῆς
3448 4378 3791 4451 σωματικῆς,

520 4495 667 4542 tcrca
688 4501 795 4541 non
820 4489 1088 4557 corporis,
1121 4488 1217 4543 sed
1240 4488 1425 4545 cordis
1454 4489 1737 4560 animique
1768 4490 2098 4564 pra'putium

520 4582 691 4650 iubet.
724 4579 966 4651 itemque
988 4581 1197 4636 servari
1232 4579 1556 4640 Sabbatum,
1584 4591 1696 4636 uta
1732 4581 1914 4652 pravis
1973 4581 2107 4637 dun-

522 4680 675 4727 taxat
733 4671 1046 4727 actionibus
1110 4669 1389 4725 l‘eriemur.
1450 4669 1709 4739 Jejunare
1767 4687 1933 4741 porro
1981 4688 2105 4733 cum

526 4766 779 4834 imperat,
814 4777 922 4817 non
963 4762 1111 4817 illam
1168 4760 1418 4831 corporis
1473 4761 1732 4827 inediam,
1792 4763 1889 4818 sed
1937 4762 2106 4819 animi

520 4853 945 4924 temperantiam
994 4853 1265 4919 decernit,
1302 4860 1363 4907 ut
1391 4869 1421 4907 a
1455 4852 1677 4925 ﬂagitiis
1703 4855 1962 4912 omnibus
1993 4855 2111 4910 abs-

511 4953 817 5006 tineamus.
887 4945 1211 5018 Quanquam
1275 4960 1307 4999 a
1374 4945 1579 5002 nostris
1647 4946 1924 5001 exercitiis
1976 4946 2109 5002 illud

515 5055 744 5114 quoque
766 5038 1039 5111 jejunium
1062 5038 1372 5101 adhibetur,
1398 5045 1669 5108 quatenus
1703 5038 1769 5093 ad
1798 5038 2108 5094 animorum

525 5138 829 5190 utilitatem
842 5132 1059 5187 confert
1078 5131 1306 5201 aliquid,
1340 5130 1388 5186 si
1409 5144 1535 5185 cum
1562 5132 1780 5185 ratione
1812 5131 2108 5201 suscipias;

529 5241 634 5279 non
668 5226 918 5281 imitandi
948 5224 1277 5299 cujusquam
1304 5223 1510 5289 studio,
1537 5238 1649 5279 non
1674 5224 2107 5291 consuetudine,

2211 4481 2346 4536 ἀλλά
2398 4480 2621 4551 καρδίας
2667 4478 2768 4549 τῆς
2806 4477 3215 4550 πνευματικῆς·
3270 4475 3364 4529 καὶ
3409 4473 3470 4529 τὸ
3519 4473 3793 4527 Σάϐϐατον

2214 4575 2541 4645 φυλάσσειν·
2590 4573 2779 4644 ἀργεῖν
2813 4570 2923 4643 γὰρ
2967 4570 3110 4623 θέλει
3149 4570 3297 4640 ἡμᾶς
3329 4566 3439 4622 ἀπὸ
3483 4566 3593 4620 τῶν
3621 4567 3793 4639 ἔργων

2214 4666 2324 4721 τῶν
2365 4664 2650 4737 πονηρῶν·
2701 4664 2795 4716 καὶ
2839 4660 3121 4733 νηστεύειν
3166 4659 3244 4720 δὲ,
3289 4658 3405 4714 ἀλλ’
3442 4658 3502 4711 ού
3548 4658 3646 4729 τὴν
3693 4674 3794 4710 σω»

2218 4756 2454 4832 ματικὴν
2510 4753 2756 4827 βούλεται
2806 4753 3063 4829 νηστείαν
3110 4752 3262 4826 ἡμᾶς
3313 4750 3614 4820 νηστεύειν,
3666 4747 3796 4802 ἀλλὰ

2213 4851 2313 4921 τὴν
2362 4846 2767 4919 πνευματικὴν,
2817 4847 2875 4899 ὲν
3002 4845 3149 4897 ἐστιν
3194 4841 3374 4913 ἀποχὴ
3414 4839 3649 4913 πάντων
3693 4838 3795 4891 τῶν

2217 4941 2458 5012 φαύλων.
2494 4939 2831 4993 Φυλάσσεται
2863 4937 3049 5009 μέντοι
3088 4952 3152 5004 γε
3181 4935 3275 4989 καὶ
3320 4933 3471 5005 παρά
3518 4935 3633 4996 τοῖς
3664 4934 3794 5003 ἠμε-

2217 5035 2398 5106 τέροις
2449 5034 2483 5105 ἡ
2540 5031 2684 5087 κατά
2738 5031 2800 5085 τὸ
2852 5029 3174 5100 φαινόμενον
3230 5026 3486 5098 νηστεία·
3533 5025 3658 5077 ἐπεὶ
3708 5026 3795 5077 καὶ

2217 5128 2362 5200 ψυχῇ
2411 5145 2464 5180 τι
2511 5122 2913 5197 συμϐάλλεσθαι
2959 5121 3180 5176 δύναται
3212 5118 3393 5191 ἀύτη,
3458 5119 3598 5190 μετά
3642 5117 3791 5185 λόγου

2219 5220 2509 5290 γινομένη·
2554 5217 2714 5271 ὁπότε
2747 5214 2881 5287 μηδὲ
2929 5213 3017 5267 διὰ
3058 5212 3157 5284 τὴν
3198 5212 3334 5282 πρός
3377 5227 3532 5275 τινας
3570 5210 3791 5282 μίμησιν

598 5404 614 5435 ⁸
639 5402 814 5461 Lavit.
850 5418 999 5467 χειν,
1032 5404 1121 5458 20.
1203 5404 1223 5434 ²
1256 5402 1427 5458 Exod.
1462 5419 1552 5467 xx,
1588 5402 1673 5457 l5.
1752 5404 1772 5436 ³
1795 5403 1969 5458 Levit.
1997 5418 2086 5467 xx,

2242 5402 2262 5433 ⁵
2291 5398 2351 5453 F.
2386 5398 2684 5471 ἀφεκτέων.
2762 5397 2782 5429 ⁸
2812 5394 2873 5450 F.
2901 5392 3288 5466 διαφερόντων.

600 5590 679 5661 (2)
724 5590 834 5644 Ἓν
861 5604 923 5650 τε
956 5586 1077 5661 τοῖς
1100 5584 1312 5650 ἄλλοις
1341 5581 1796 5661 καταριθμεῖται.
1846 5579 1971 5637 Haec
2007 5580 2088 5635 Mil

2215 5580 2463 5653 expedita
2498 5592 2559 5631 ac
2627 5573 2835 5648 liquida
2880 5574 3010 5629 mihi
3078 5572 3333 5630 videntur
3389 5586 3402 5623 :

530 5654 748 5737 cunque
779 5657 1105 5717 sententiam
1143 5654 1535 5728 expressimus.
1578 5682 1591 5703 ι

3468 5572 3684 5629 tametsi
3714 5579 3798 5631 ut—
