3956 6070
250 174 441 234 565.

992 171 1366 264 ADVERSDS
1403 178 1754 238 HERESES
1788 179 1919 238 LIB.
1960 180 2004 238 Ι.
2046 178 2212 237 ΤῡΜ.
2256 180 2399 237 ll.—
2442 179 2722 238 lH‘ZRES.
2758 181 3000 241 XXXIII.

250 297 486 366 γίνεται,
519 290 656 364 μήτε
699 290 786 345 διὰ
809 289 869 345 τὸ
897 289 1039 357 ἔθος,
1076 295 1212 366 μήτε
1241 296 1329 350 διὰ
1374 298 1472 371 τὴν
1504 301 1738 374 ἡμέραν,
1766 300 1843 365 ὡς

1962 314 2059 357 ton
2092 308 2385 358 certarum'
2406 301 2621 357 dierum
2660 300 2948 373 religione,
2980 301 3066 358 vel
3103 302 3328 360 delinito
3355 306 3545 378 aliquo

252 385 575 459 ὡρισμένης
619 383 780 439 τοῦτο
806 383 1021 455 ἡμέρας
1064 384 1178 456 (5)·
1226 387 1342 460 ἅμα
1387 389 1445 443 δὲ
1478 393 1570 445 καὶ
1615 395 1695 458 εἰς
1720 393 1852 448 ἀνά-

255 493 458 549 μνησιν
500 476 599 545 τῆς
630 473 892 545 ἀληθινῆς
930 476 1209 546 νηστείας,
1242 478 1328 532 ἵνα
1355 481 1405 533 οἱ
1451 482 1676 552 μηδέπω
1705 484 1851 540 ἐκεί.

252 585 354 639 νην
383 567 679 637 δυνάμενοι
708 565 992 636 νηστεύειν
1023 568 1131 624 ἀπὸ
1167 569 1265 641 τῆς
1305 575 1448 627 κατά
1490 573 1552 628 τὸ
1592 576 1852 647 φαινόμε-

251 676 346 713 νον
400 659 658 729 νηστείας
704 657 867 728 ἔχωσι
914 659 1014 730 τὴν
1044 659 1349 733 ἀνάμνησιν
1384 665 1577 736 αὐτῆς.
1634 667 1743 722 Καὶ
1791 667 1852 721 τὸ

250 752 452 823 Πάσχα
494 752 553 806 δὲ
580 751 809 823 ὁμοίως,
844 750 945 805 καὶ
972 751 1041 804 τά
1069 751 1276 824 ἄζυμα,
1322 756 1407 809 ὅτι
1439 757 1644 823 εἰκόνες
1686 755 1848 831 ἦσαν,

246 843 407 914 δηλοῖ
430 843 525 896 καὶ
559 842 772 907 Παῦλος
799 844 827 896 6
855 841 1153 907 ἀπόστολος
1174 859 1188 874 ’
1228 844 1298 899 Τὸ
1322 845 1395 899 δὲ
1415 848 1628 919 Πάσχα
1660 849 1848 919 ήμῶν,

247 935 497 1004 λέγεται,
518 934 698 1001 ἐτύθη
728 934 1009 1002 Χριστός·
1034 935 1150 1001 καὶ,
1180 935 1307 990 Ἵνα
1338 933 1464 1007 ἦτε.
1497 941 1683 1010 φησὶν,
1719 940 1853 1002 ἄζυ-

241 1044 377 1096 μοι,
409 1025 497 1095 μὴ
542 1025 902 1095 μετέχοντες
929 1023 1115 1095 ζύμης
1150 1026 1351 1099 (ζύμην
1381 1047 1438 1083 τε
1466 1030 1562 1089 νῦν
1608 1032 1706 1104 τὴν
1757 1051 1853 1089 διας»

250 1117 384 1170 κίαν
407 1115 602 1186 λέγει),
630 1116 768 1170 ἀλλ’
793 1112 901 1185 ἦτε
929 1114 1073 1170 νέον
1091 1118 1355 1187 φύραμα.

326 1214 419 1280 ς’.
437 1204 608 1275 Οὗτος
622 1208 753 1280 γοῦν
772 1211 865 1265 καί⁵
880 1211 1044 1275 αὐτὸς
1070 1214 1099 1265 6
1114 1211 1207 1266 τοῦ
1226 1212 1363 1267 Θεοῦ
1388 1209 1528 1269 εἶναι
1544 1217 1705 1287 νόμος
1722 1219 1749 1271 6
1756 1236 1852 1289 μο-

245 1302 590 1373 λογούμενος
631 1302 714 1365 εἰς
751 1300 875 1373 τρία
916 1300 1233 1373 διαιρεῖται,
1284 1302 1367 1367 εἷς
1404 1322 1463 1357 τε
1506 1306 1568 1359 τὸ
1607 1306 1849 1379 πληρού-

250 1410 418 1464 μενον
472 1392 582 1445 ἀπὸ
624 1391 725 1447 τοῦ
771 1393 1059 1464 Σωτῆρος·
1103 1392 1169 1447 τὸ
1205 1393 1337 1466 γὰρ,
1373 1399 1456 1451 Οὐ
1508 1400 1849 1467 φονεύσεις,

241 1486 334 1538 Οὐ
376 1484 750 1554 μοιχεύσεις,
799 1484 922 1537 Οὐκ
971 1483 1392 1553 ἐπιορκήσεις,
1455 1489 1511 1540 ἐν
1563 1488 1664 1559 τῷ,
1698 1489 1849 1559 Μηδ⁹

246 1574 633 1645 ὀργισθῆναι,
679 1574 836 1644 μηδὲ
879 1575 1277 1646 ἐπιθυμήσεις
1312 1580 1329 1610 ¹
1361 1618 1377 1644 ,
1432 1581 1846 1654 περιείληπται·

246 1669 547 1741 διαιρεῖται
589 1668 647 1723 δὲ
685 1670 779 1724 καὶ
817 1669 996 1733 είς“τὸ
1046 1670 1437 1743 ἀναιρούμενον
1484 1653 1726 1740 τελείως.
1780 1679 1853 1731 Τὸ
1886 1653 1926 1707 Β

245 1767 385 1834 γὰρ,
422 1762 767 1832 Ὀφθαλμὸν
792 1762 926 1817 ἀντί
960 1763 1296 1835 ὀφθαλμοῦ,
1332 1768 1430 1820 καὶ
1469 1767 1689 1823 ὀδόντα
1719 1770 1853 1825 ἀντί

247 1857 544 1924 ὀδόντος,
606 1856 1101 1927 συμπεπλεγμένον
1157 1860 1225 1929 τῇ
1289 1858 1507 1931 ἀδικίᾳ,
1569 1861 1664 1914 καὶ
1723 1863 1854 1916 αὐτὸ

248 1949 418 2020 ἔργον
444 1948 549 2019 τῆς
592 1947 808 2011 ἀδικίας
862 1948 1006 2020 ἕχον,
1055 1948 1297 2021 ἀνῃρέθη
1331 1950 1437 2003 ὑπὸ
1477 1950 1572 2003 τοῦ
1601 1952 1854 2024 Σωτῆρος

246 2042 345 2095 διὰ
401 2040 512 2094 τῶν
565 2041 844 2094 ἐναντίων.
905 2041 986 2094 Τὰ
1036 2040 1092 2097 δὲ
1151 2042 1369 2095 ἐναντία
1415 2042 1660 2114 ἀλλήλων
1715 2046 1854 2100 εἰσὶν

249 2132 601 2201 ἁναιρετικά.
656 2131 805 2201 Ἐγὼ
843 2133 956 2202 γὰρ
999 2132 1156 2202 λέγω
1188 2133 1331 2202 ὑμῖν
1362 2134 1450 2203 μὴ
1496 2134 1853 2205 ἀντιστῆναι

172 2219 190 2229 ’
249 2223 415 2288 ἅλως
440 2221 521 2289 τῷ
559 2220 823 2290 πονηρῷ,
858 2222 1019 2277 ἀλλὰ
1039 2220 1149 2280 ἐάν
1177 2222 1271 2289 τίς
1299 2236 1372 2276 σε
1396 2225 1650 2294 ραπίσῃ,
1682 2226 1854 2293 στρέ-

249 2318 382 2385 ψον
410 2314 574 2379 αὐτῷ
602 2313 700 2368 καί
734 2313 850 2383 τὴν
878 2313 1079 2382 ἄλλην
1106 2316 1381 2385 σιαγόνα.
1445 2316 1853 2389 Ἀλληγορείται

248 2408 313 2462 δὲ
363 2407 461 2461 καὶ
492 2408 572 2471 εἰς
611 2406 673 2459 τὸ
732 2405 1049 2477 μετατεθὲν,
1100 2407 1193 2460 καὶ
1253 2407 1548 2476 ὲναλλαγὲν
1601 2409 1707 2463 ἀπὸ
1754 2408 1850 2465 τοῦ

253 2497 582 2571 σωματικοῦ
610 2499 705 2553 ἐπὶ
738 2498 801 2551 τὸ
828 2499 1202 2569 πνευματικὸν
1228 2499 1289 2552 τὸ
1314 2500 1642 2571 συμϐολικὸν
1673 2501 1849 2566 τοῦτο,

252 2591 379 2649 κατ’
421 2590 610 2644 εἰκόνα
658 2589 767 2643 τῶν
805 2590 1173 2661 διαῳερόντων
1220 2591 1736 2663 νενομοθετημένον.
1785 2598 1851 2650 Αἰ

256 2682 371 2752 γὰρ
406 2681 615 2745 εἰκόνες
641 2680 830 2735 καὶτὰ
860 2680 1126 2751 σύμϐολα,
1146 2683 1533 2752 παραστατικά
1573 2683 1703 2737 ὄντα
1737 2686 1854 2739 ἑτέ-

256 2786 373 2842 ρων
395 2768 737 2840 πραγμάτων
765 2768 986 2833 ,καλῶς
1034 2770 1278 2837 ἐγίνοντο
1334 2771 1496 2843 μέχρι
1543 2772 1618 2844 μὴ
1671 2775 1852 2846 παρῆν

251 2859 509 2932 ἀλήθεια.
540 2859 831 2931 Παρούσης
852 2859 909 2913 δὲ
936 2862 1034 2931 τῆς
1057 2860 1338 2931 ἀληθείας,
1372 2861 1440 2915 τὰ
1467 2862 1566 2933 τῆς
1596 2863 1855 2935 ἀληθείας

250 2953 338 3008 δεῖ
368 2956 560 3014 ποιεῖν,
604 2954 664 3006 οὐ
710 2952 777 3006 τὰ
803 2953 901 3024 τῆς
932 2953 1165 3017 εἰκόνος.
1213 2953 1402 3009 Ταῦτα
1441 2955 1497 3008 δὲ
1528 2956 1623 3009 καὶ
1654 2958 1704 3010 οί
1753 2976 1855 3029 μα-

252 3045 423 3117 θηταὶ
479 3045 665 3109 αὐτοῦ,
739 3046 834 3103 καὶ
879 3046 908 3099 6
949 3046 1245 3111 ἀπόστολος
1285 3047 1458 3114 ἔδειξε
1508 3050 1750 3115 Παύλοςο
1797 3054 1858 3106 τὸ

255 3138 360 3207 μὲν
389 3136 502 3193 τῶν
550 3138 797 3204 εἰκόνων,
829 3137 906 3201 ὼς
956 3138 1055 3210 ήδη
1116 3138 1364 3211 εἴπομεν,
1397 3141 1489 3194 διὰ
1517 3139 1613 3194 τοῦ
1664 3142 1857 3213 Πάσχα

254 3230 356 3287 καὶ
420 3228 533 3283 τῶν
574 3227 801 3300 ἀζύμων
838 3228 1017 3296 δείξας
1051 3229 1118 3283 δι’
1152 3232 1337 3301 ἡμᾶς·
1376 3232 1438 3285 τὸ
1482 3232 1539 3285 δὲ
1583 3232 1677 3285 τοῦ
1725 3250 1860 3304 συμ-

254 3320 645 3391 πεπλεγμένου
678 3320 845 3392 νόμου
878 3323 944 3391 τῇ
981 3321 1185 3394 ἀδικίᾳ,
1220 3322 1391 3375 εἰπὼν
1419 3322 1511 3376 τὸν
1556 3324 1719 3395 νόμον
1750 3323 1860 3378 τῶν

256 3411 493 3466 ἐντολῶν
527 3414 586 3467 έν
627 3411 861 3483 δόγμασι
888 3411 1307 3484 κατηργῆσθαι·
1340 3414 1403 3467 τὸ
1437 3413 1494 3467 δὲ
1544 3412 1638 3467 τοῦ
1683 3414 1861 3485 ἀσυμ-

256 3505 466 3558 πλόκου
505 3503 584 3575 τῷ
637 3504 864 3575 χείρονι,
931 3505 993 3557 '0
1021 3503 1140 3574 μὲν
1182 3506 1386 3575 νόμος,
1433 3505 1625 3571 εἰπὼν,
1668 3505 1858 3577 ἅγιος,

256 3596 359 3655 καί
387 3598 427 3665 ἡ
452 3596 675 3664 ἐντολὴ
704 3596 866 3667 ἁγία,
900 3596 998 3650 καὶ
1035 3596 1239 3653 δικαία
1282 3597 1381 3651 καὶ
1415 3597 1631 3668 ἀγαθή.

330 3690 408 3743 Z’.
442 3688 534 3751 Ὠς
569 3688 669 3759 μὲν
698 3682 789 3742 οὖν
824 3688 1103 3759 συντόμως
1148 3687 1296 3741 ἐστιν
1329 3691 1522 3753 εἰπεῖν,
1568 3689 1859 3760 αὐτάρκως

256 3775 418 3849 οἶμαι
450 3796 533 3833 σοι
561 3778 849 3849 δεδεῖχθαι,
887 3780 981 3833 καὶ
1009 3778 1107 3851 τὴν
1137 3779 1195 3845 ἐξ
1223 3779 1527 3851 ἀνθρώπων
1560 3780 1859 3852 παρεισδύ-

261 3888 439 3928 σασαν
483 3864 824 3941 νομοθεσίαν,
861 3872 955 3925 καὶ
1012 3872 1177 3926 αὑτὸν
1224 3871 1314 3924 τὸν
1363 3872 1456 3923 τοῦ
1509 3870 1645 3924 Θεοῦ
1699 3871 1861 3941 νόμον

259 3966 426 4036 τριχῆ
472 3963 883 4035 διαιρούμενον·
928 3963 1302 4035 περιλείπεται
1352 3963 1408 4017 δὲ
1461 3964 1595 4034 ἡμῖν
1630 3964 1684 4016 τί
1730 3965 1861 4017 ποτέ

260 4059 412 4111 ἐστιν
446 4049 604 4120 οὗτος
642 4058 671 4111 6
707 4056 840 4120 Θεὸς
882 4056 911 4108 6
954 4056 1048 4111 τὸν
1094 4056 1257 4128 νόμον
1297 4055 1540 4130 θέμενος.
1584 4056 1743 4110 Ἀλλὰ
1768 4057 1862 4111 καὶ

261 4150 421 4205 τοῦτο
457 4147 701 4222 ἡγοῦμαί
733 4167 812 4204 σοι
844 4148 1108 4220 δεδεῖχθαι
1142 4149 1233 4203 ἐπὶ
1271 4148 1378 4203 τῶν
1420 4148 1858 4220 προειρημένων,

263 4246 313 4297 εἰ
354 4242 636 4314 ἐπιμελῶς
671 4243 936 4314 ἀκήκοας.
983 4243 1046 4296 Εἰ
1091 4240 1200 4312 γὰρ
1250 4241 1390 4312 μήτε
1431 4241 1524 4294 ὑπ’
1557 4239 1724 4296 αὐτοῦ
1774 4259 1862 4295 τε-

1954 400 2229 463 tempore:
2279 391 2582 462 praesertim
2644 406 2771 446 cum
2822 391 2939 446 veri
2984 390 3182 462 jejunii
3213 394 3539 449 memoriam

1952 482 2196 547 refricet,
2222 491 2283 538 ut
2312 483 2404 554 qui
2433 483 2676 538 nondum
2712 481 2846 551 illud
2905 484 3149 539 assecuti
3211 483 3438 548 fuerint,
3472 487 3541 542 ab

1951 575 2227 631 exteriore
2260 573 2705 637 eommonefacti,
2743 573 2970 631 alterius
3024 575 3416 633 recordentur.
3452 575 3541 629 Si-

1953 667 2156 723 militer
2173 673 2227 722 et
2251 665 2481 730 Pascha,
2506 680 2806 737 azymaque
2841 666 3045 737 ﬁguras
3075 667 3355 724 exstitisse
3373 670 3541 739 quas-

1952 756 2077 812 dam
2134 756 2340 811 Paulus
2370 757 2487 826 ipse
2511 754 2787 811 declarat:
2826 755 3272 828 Pascha,inquit,
3298 768 3541 813 nostrum

1952 850 2260 904 immolatus
2282 856 2359 903 est
2385 846 2631 907 Christus
2649 849 2705 913 ¹;
2734 856 2788 903 et
2812 869 2825 902 :
2856 847 2923 902 Ut
2952 849 3096 913 sitis,
3124 850 3219 914 ait,
3244 852 3546 921 azyminon

1952 941 2199 999 habentes
2264 941 2582 1010 fermentum
2664 939 3017 1011 (fermentum
3065 958 3196 998 vero
3272 943 3540 1000 malitiam

1953 1032 2232 1104 appellat),
2270 1031 2359 1087 sed
2386 1032 2505 1086 sitis
2534 1047 2665 1086 nova
2698 1033 3001 1100 conspersio
3036 1033 3077 1086 ³.

2024 1206 2114 1266 Vl.
2147 1208 2239 1265 Sic
2273 1209 2438 1281 igitur
2473 1211 2555 1266 lex
2590 1210 2730 1282 ipsa,
2767 1223 2934 1280 quam
2968 1223 2997 1263 a
3030 1208 3143 1265 Deo
3175 1224 3431 1266 manasse
3463 1209 3546 1263 fa-

1955 1310 2140 1358 tentur
2178 1318 2390 1369 onmes,
2418 1302 2693 1358 trifariam
2722 1288 3016 1357 dividitur:
3050 1302 3107 1357 in
3168 1317 3286 1357 eam
3333 1313 3541 1372 partem

1952 1410 2116 1467 quam
2143 1394 2393 1451 Salvator
2412 1395 2674 1467 implevit.
2696 1394 2819 1449 llmc
2847 1396 2991 1449 enim
3019 1395 3226 1460 omnia,
3254 1394 3304 1448 Ν
3310 1397 3543 1451 on-occi-

1952 1486 2066 1552 des,
2099 1504 2203 1541 non
2237 1487 2599 1552 mae/iuberis,
2641 1503 2751 1541 non
2772 1487 3034 1557 pejerabis
3056 1487 3079 1518 ⁸
3103 1525 3119 1551 ,
3169 1488 3224 1542 in
3253 1488 3387 1543 iisce
3409 1504 3545 1543 cou-

1955 1581 2216 1646 tinentur,
2246 1579 2366 1634 Non
2405 1581 2676 1645 irasceris,
2718 1597 2825 1634 non
2879 1582 3269 1650 concupisces“.
3329 1579 3389 1634 In
3421 1596 3544 1636 eam

1955 1687 2077 1742 quae
2104 1673 2325 1742 penitus
2348 1673 2566 1727 sublata
2586 1682 2691 1728 est.
2730 1671 2827 1726 His
2856 1672 3002 1727 enim
3046 1673 3365 1744 praeceptis,
3398 1672 3545 1729 Ocu-

1955 1762 2064 1817 lum
2091 1778 2188 1831 pro
2214 1764 2389 1827 oculo,
2434 1763 2642 1818 dentem
2689 1780 2786 1832 pro
2826 1762 2981 1818 dente
3007 1765 3051 1828 ⁸,
3086 1779 3212 1835 quae
3237 1779 3362 1818 cum
3396 1764 3544 1835 inju-

1954 1855 2102 1910 stitia
2139 1855 2398 1925 permista
2424 1862 2574 1919 sunt,
2602 1855 2835 1926 ejusque
2852 1869 3043 1910 secum
3068 1855 3275 1925 aliquid
3294 1855 3543 1925 trahunt,

1954 1944 2252 1999 contrariis
2311 1943 2525 2013 legibus
2554 1944 2851 2015 derogatur
2874 1961 2888 1997 :
2915 1943 3198 1999 contraria
3226 1959 3394 2014 porro
3423 1960 3547 2002 sese

1954 2035 2186 2091 invicem
2214 2038 2490 2106 perimunt
2521 2059 2534 2090 .
2558 2036 2717 2105 221
2741 2035 2853 2106 Ego
2883 2036 3023 2090 enim
3054 2035 3173 2090 dico
3200 2034 3345 2091 vobis
3377 2037 3549 2092 omni-

1925 2144 2021 2184 .no
2066 2144 2170 2179 non
2234 2128 2477 2182 resistere
2510 2129 2671 2182 male.
2709 2128 2811 2183 Sed
2840 2131 2886 2182 si
2918 2130 3036 2199 quis
3063 2139 3111 2183 te
3137 2130 3456 2198 percusserit
3491 2130 3548 2183 iit

1958 2219 2260 2284 maxillam,
2286 2220 2462 2289 pra'be
2509 2219 2594 2273 illi
2628 2230 2677 2274 et
2706 2220 2997 2277 alterum".
3028 2222 3187 2287 Quod
3220 2223 3443 2292 quidem
3475 2221 3546 2276 ad

1954 2312 2336 2366 excellentium
2381 2327 2564 2367 rerum
2586 2311 3019 2368 adumbraudam
3064 2317 3303 2383 speciem
3334 2313 3546 2368 consti-

1957 2411 2154 2469 tutum,
2186 2412 2243 2459 et
2290 2420 2319 2458 a
2348 2404 2631 2476 corporeis
2664 2405 2730 2459 ad
2788 2404 3059 2475 spiritalia
3104 2407 3435 2460 translatum
3481 2420 3545 2461 ac

1959 2505 2227 2551 mutatum
2258 2513 2354 2568 per
2376 2498 2698 2568 allegoriam
2728 2498 3045 2567 exponitur.
3073 2497 3289 2553 Etenim
3342 2495 3547 2568 eﬂigies

1961 2603 2025 2641 ac
2055 2590 2211 2657 signa
2234 2588 2356 2642 aliis
2383 2589 2549 2643 rebus
2580 2587 2930 2643 declarandis
2988 2588 3236 2642 adhibita
3273 2588 3547 2658 tantisper

1960 2681 2423 2751 opportunitatem
2480 2681 2812 2745 habuerunt,
2848 2679 3032 2751 quoad
3073 2681 3315 2735 nondum
3344 2681 3548 2737 veritas

1956 2774 2257 2830 aliulserat.
2316 2773 2434 2841 Qua
2477 2775 2827 2841 succedente,
2861 2789 2969 2829 non
2996 2788 3119 2844 quae
3158 2773 3404 2844 imagini,
3450 2773 3547 2827 sed

1957 2882 2079 2938 qua:
2137 2866 2356 2923 veritati
2430 2872 2743 2938 congruunt
2804 2865 2985 2920 facere
3043 2866 3319 2920 convenit.
3376 2864 3546 2937 quue

1887 2999 1929 3057 ϐ
1965 2962 2144 3031 ipsum
2176 2976 2300 3016 cum
2343 2960 2536 3031 reliqui
2572 2975 2763 3016 omnes
2789 2958 3071 3030 discipuli,
3106 2966 3220 3013 tum
3262 2959 3549 3029 apostolus
3644 3024 3647 3027 _

1966 3051 2166 3107 Paulus
2191 3050 2453 3108 ostendit.
2480 3050 2583 3117 Qui
2619 3050 2912 3121 ﬁguratum
2950 3048 3085 3107 illud
3110 3065 3286 3120 genus
3326 3060 3550 3122 propter

1961 3158 2086 3207 nos,
2119 3151 2179 3198 ut
2209 3142 2473 3207 diximus,
2510 3142 2566 3196 in
2594 3140 2865 3196 Paschate
2936 3140 3259 3212 azymisque
3316 3139 3550 3197 demon-

1962 3243 2122 3290 strat.
2144 3234 2219 3290 De
2248 3235 2423 3291 altero
2457 3248 2588 3290 vero
2615 3231 2762 3303 quod
2786 3231 3124 3303 implicatum
3152 3231 3424 3302 injustitia
3442 3241 3549 3297 est,

1963 3326 2367 3397 loquitur,cum
2404 3326 2575 3395 legent
2600 3321 2984 3378 mandatorum
3009 3322 3090 3375 ait
3114 3322 3167 3377 in
3198 3323 3550 3393 dogmatibus

1961 3419 2276 3489 abrogatam
2300 3418 2341 3473 ⁸.
2376 3417 2452 3471 De
2475 3417 2636 3472 tertio
2678 3414 2938 3485 denique,
2970 3414 3117 3484 quod
3148 3414 3440 3470 deterioris
3466 3423 3554 3471 est

1962 3525 2195 3582 expers:
2229 3508 2358 3572 Lex,
2393 3508 2593 3581 inquit,
2637 3516 2825 3561 sancta
2850 3516 2949 3569 est,
2974 3513 3024 3559 et
3068 3503 3385 3559 mandatum
3417 3522 3547 3562 san-

1962 3611 2128 3665 ctum,
2159 3613 2207 3655 et
2243 3600 2443 3667 iustum
2471 3607 2520 3652 et
2550 3588 2807 3652 bbnum".
3464 3650 3475 3654 _

2038 3690 2150 3747 Vll.
2188 3689 2555 3757 Quamobrem
2591 3689 2725 3745 satis
2779 3704 3055 3759 superque
3111 3689 3235 3756 tibi,
3282 3698 3554 3760 quantum

1962 3785 2201 3842 breviter
2231 3781 2623 3853 comprehendi
2665 3788 2866 3854 potest,
2907 3781 3216 3839 declaratas
3271 3799 3367 3839 eas
3406 3785 3555 3855 leges

1964 3879 2222 3943 arbitror,
2256 3891 2377 3947 quae
2406 3890 2472 3930 ex
2501 3873 2827 3928 auctoritate
2857 3873 3141 3927 hominum
3175 3873 3553 3943 irrepserunt;

1966 3970 2251 4041 ipsamque
2281 3966 2372 4021 Dei
2404 3966 2574 4037 legem
2600 3964 2870 4019 trifariam
2910 3979 3032 4021 esse
3054 3963 3309 4020 divisam.
3349 3964 3555 4036 Super-

1963 4070 2141 4118 estut
2183 4059 2307 4131 quis
2365 4058 2455 4114 ille
2514 4058 2588 4117 sit
2620 4055 2764 4112 Deus
2817 4056 2951 4127 legis
3008 4062 3203 4113 auctor
3255 4055 3554 4114 dicendum

1964 4155 2233 4211 videatur.
2269 4151 2434 4222 Atqui
2490 4149 2637 4206 istud
2669 4149 2834 4205 etiam
2874 4166 2943 4204 ex
2969 4148 3057 4213 iis,
3097 4163 3220 4220 qua:
3281 4149 3553 4213 hactenus

1965 4247 2242 4317 disputata
2264 4251 2415 4309 sunt,
2447 4242 2492 4299 si
2520 4248 2725 4297 attente
2759 4240 3019 4308 audieris,
3046 4248 3179 4312 puto
3212 4241 3309 4298 tibi
3328 4242 3555 4298 demon-

262 4334 411 4388 λείου
445 4333 583 4387 Θεοῦ
616 4333 850 4387 τέθειται
893 4325 1068 4398 οὗτος,
1098 4332 1175 4397 ὡς
1204 4332 1546 4404 ἐδιδάξαμεν,
1581 4334 1718 4406 μήτε
1753 4335 1855 4406 μὴν

1967 4344 2220 4393 stratum.
2273 4334 2408 4389 Nam
2440 4333 2486 4389 si
2520 4348 2697 4403 neque
2724 4347 2754 4385 a
2785 4330 3028 4402 perfecto
3082 4333 3177 4389 illo
3231 4334 3343 4397 Deo
3372 4335 3554 4406 posita

264 4426 373 4479 ὑπὸ
403 4424 502 4478 τοῦ
540 4423 808 4490 διαϐόλου,
839 4424 868 4477 ὃ
899 4424 1035 4497 μηδὲ
1080 4423 1301 4494 θεμιτόν
1332 4426 1479 4478 ἐστιν
1507 4425 1681 4479 εἰπεῖν
1702 4441 1715 4455 ·
1743 4424 1863 4479 ἓτε-

266 4518 361 4591 ρός
390 4517 476 4580 τίς
512 4520 628 4570 ἐστι
660 4516 810 4588 παρὰ
838 4517 1061 4580 τούτους
1099 4512 1256 4581 οὗτος
1304 4519 1333 4570 6
1375 4516 1601 4588 θέμενος
1641 4517 1735 4572 τὸν
1776 4518 1865 4572 νό-

267 4628 391 4682 μον.
441 4601 613 4673 Οὖτος
662 4607 719 4661 δὲ
763 4608 1096 4680 δημιουργὸς
1140 4610 1235 4662 καὶ
1286 4608 1518 4680 ποιητὴς
1566 4608 1721 4662 τοῦδε
1769 4610 1862 4663 τοῦ

266 4704 471 4766 παντός
515 4702 632 4754 ἐστι
674 4701 904 4772 κόσμου,
940 4702 1034 4755 καὶ
1076 4700 1185 4753 τῶν
1233 4702 1290 4754 ὲν
1343 4700 1514 4772 αὐτῷ,
1561 4700 1750 4772 ἕτερος
1787 4699 1862 4755 ὣν

268 4791 422 4864 παρά
467 4790 572 4855 τὰς
609 4790 814 4845 τούτων
853 4790 1061 4855 οὐσίας,
1113 4790 1280 4863 μέσος
1323 4791 1527 4846 τούτων
1580 4790 1861 4856 καθεστὼς

266 4883 516 4947 ἐνδίκως,
547 4883 643 4937 καὶ
671 4883 732 4937 τὸ
755 4886 856 4955 τῆς
885 4884 1180 4956 μεσότητος
1209 4884 1381 4957 ὄνομα
1409 4885 1743 4956 ἀποφέροιτο
1770 4885 1856 4939 ἄν.

266 4976 381 5030 Καὶ
410 4978 459 5030 εἰ
493 4976 523 5028 6
559 4975 761 5039 τέλειος
788 4975 919 5040 Θεὸς
947 4976 1150 5045 ἀγαθός
1196 4976 1312 5030 ἐστι
1362 4975 1502 5031 κατὰ
1534 4976 1634 5048 τὴν
1664 4973 1860 5029 ἑαυτοῦ

269 5067 454 5137 φύσιν,
479 5067 676 5138 ὥσπερ
703 5067 798 5122 καὶ
832 5068 980 5123 ἐστιν
1000 5070 1128 5142 (ἕνα
1163 5069 1271 5140 γὰρ
1310 5069 1467 5141 μόνον
1495 5065 1635 5124 εἶναι
1664 5068 1864 5139 ἀγαθὸν

1966 4426 2050 4482 lex
2074 4433 2179 4492 est,
2221 4424 2303 4478 uti
2329 4422 2661 4487 docuimus;
2700 4437 2876 4493 neque
2902 4437 3034 4478 vero
3073 4438 3103 4477 a
3135 4424 3373 4493 diabolo,
3408 4425 3556 4497 quod

1965 4518 2113 4573 dictu
2140 4515 2304 4571 etiam
2353 4513 2509 4570 nefas
2548 4521 2673 4581 est;
2711 4515 2852 4570 alius
2898 4515 2970 4571 sit
3023 4525 3260 4587 oportet,
3302 4520 3395 4589 qui
3432 4535 3554 4575 eam

1966 4608 2137 4678 legem
2176 4604 2488 4661 stabilierit.
2542 4602 2640 4660 Hic
2685 4612 2770 4661 est
2807 4605 2973 4677 igitur
3025 4608 3194 4665 totius
3226 4604 3318 4665 ille
3362 4610 3557 4665 mundi

1966 4714 2269 4770 eorumque
2299 4713 2419 4769 quas
2459 4698 2515 4753 in
2567 4714 2633 4754 eo
2674 4700 3028 4755 continentur
3054 4701 3247 4757 artifex
3276 4710 3331 4757 et
3359 4704 3560 4760 condi-
3600 4748 3605 4753 .

1971 4799 2078 4855 tor,
2119 4790 2433 4846 ab'illorum
2463 4798 2662 4845 natura
2693 4791 2969 4857 diversus,
2991 4800 3047 4847 et
3068 4792 3123 4848 in
3152 4809 3341 4849 eorum
3373 4795 3564 4851 medio

1971 4897 2072 4938 suo
2094 4881 2219 4951 jure
2251 4879 2634 4936 collocandus:
2671 4896 2776 4950 qua
2797 4896 2863 4937 ex
2887 4881 3268 4937 mediocritate
3297 4882 3408 4953 peti
3435 4881 3558 4951 ejus

1970 4974 2264 5045 appellatio
2299 4978 2496 5045 potest.
2529 4971 2685 5038 Quod
2732 4973 2780 5028 si
2837 4971 3115 5043 perfectus
3158 4972 3251 5027 ille
3278 4972 3422 5028 Deus
3457 4988 3559 5029 na-

1974 5074 2099 5120 tura
2135 5080 2235 5121 sua
2267 5065 2448 5120 bonus
2481 5071 2584 5131 est,
2610 5071 2667 5118 ut
2709 5073 2794 5119 est
2852 5078 3040 5119 revera
3072 5063 3265 5129 (unum
3292 5065 3437 5120 enim
3456 5065 3556 5122 bo-

346 5225 362 5256 ¹
385 5223 515 5295 Cor.
561 5223 923 5295 ἐπιθυμῆσαι.
990 5221 1221 5295 i‘Al_Co,r.
1249 5240 1303 5290 ν,
1339 5224 1404 5295 7.
1469 5224 1489 5255 ³
1516 5223 1657 5295 ibid.
1734 5225 1755 5256 "
1784 5222 1855 5278 Ex

1984 5238 2079 5287 xx,
2108 5221 2208 5295 55,
2236 5221 2326 5285 lt,
2354 5220 2540 5295 l6.u'
2568 5217 2759 5275 Matth.
2797 5234 2853 5287 v,
2885 5218 2976 5286 22,
3011 5219 3105 5281 28.
3183 5221 3204 5254 ⁸
3227 5221 3403 5283 Exod.
3436 5218 3555 5295 xxi,

212 5354 217 5359 ,
268 5294 378 5363 24;
420 5294 597 5351 Levit.
636 5289 904 5357 mmo.
979 5294 999 5325 ⁷
1037 5289 1226 5349 Matth.
1258 5289 1312 5362 vi,
1345 5292 1437 5348 59.
1511 5294 1758 5364 l’Ephes.
1803 5311 1855 5360 ιι,

1962 5328 1981 5347 η.
2056 5295 2077 5327 ν
2107 5291 2266 5347 Rom.
2313 5307 2405 5357 vu,
2436 5289 2523 5345 12.

345 5455 420 5525 (5)
449 5453 549 5518 Ὠς
582 5447 925 5525 ὡρισμένης
943 5449 1126 5525 ’τοῦτο
1148 5450 1390 5525 ἡμέρας.
1421 5449 1549 5525 ιος.
1581 5451 1662 5525 εἰς
1681 5449 1859 5505 τοῦτο.

265 5517 554 5602 Cancrum
594 5517 824 5602 videant
846 5517 1033 5602 hujus.
1070 5517 1333 5602 temporis
1359 5517 1639 5602 haeretici,
1666 5536 1862 5602 quem-

268 5608 398 5652 nam
450 5593 558 5649 sibi
600 5593 1068 5661 pervicacissimi,
1103 5605 1165 5648 ac
1194 5593 1482 5650 vanissimi
1510 5593 1717 5648 erroris
1748 5605 1867 5647 ma-

1972 5432 2206 5520 gistrum
2237 5453 2619 5520 achpatronum
2645 5447 2982 5504 asciverint-:
3020 5434 3152 5520 dum
3189 5446 3558 5520 jejunia__sta-

1971 5516 2044 5575 t'is
2076 5516 2420 5589 temporibus
2450 5518 2679 5588 indicta,
2713 5532 2777 5574 ac
2800 5525 3078 5578 certorum
3101 5516 3313 5576 dierum
3339 5516 3558 5589 religio-

1971 5603 2098 5646 nem
2131 5587 2414 5645 damnant.
3450 5587 3458 5589 “
3546 5613 3560 5626 ο

3435 178 3653 250 566‘
