3956 6070
287 167 517 230 .567

1790 166 1850 223 S.
1893 166 2237 225 EPIPHANII

3596 160 3705 218 568

404 307 541 348 num
574 305 702 349 esse
745 272 916 349 Deum
946 305 1014 347 ac
1043 298 1325 363 parentem
1348 302 1507 347 suum
1564 287 1817 345 Salvator
1850 304 2001 347 asse-

2106 291 2238 345 Θεὸν
2263 290 2357 344 τὸν
2390 285 2584 343 ἑαυτοῦ
2616 285 2838 359 Πατέρα
2879 285 2908 339 ὁ
2942 283 3133 356 Σωτὴρ
3161 284 3195 352 ή
3205 282 3320 354 μῶν
3356 282 3707 355 ἀπεφήνατο,

406 386 581 450 ruit‘,
622 400 786 457 quem
809 395 867 442 et
898 385 1216 442 hominibus
1267 382 1577 455 patefecit);
1594 390 1681 440 est
1717 391 1900 439 autem
1943 393 1998 439 et

407 479 690 534 contraria
737 484 935 533 natura
966 477 1249 549 praeditus,
1282 477 1463 531 malus
1484 474 1740 532 videlicet
1770 491 1837 532 ac
1862 491 1995 547 pra-

407 584 533 636 vus,
559 570 653 640 qui
679 569 948 641 injustitia
976 570 1128 625 velut
1156 569 1379 643 propria
1419 578 1550 625 nota
1580 569 1997 625 circumscribi-

408 676 533 734 tnr;
565 667 833 737 qui‘iuter
867 666 1061 722 ambos
1090 664 1218 722 illos
1242 664 1568 734 interjectus
1592 672 1700 729 est,
1725 671 1783 718 ut
1814 678 1997 734 neque

386 758 617 845 ibonus,
676 772 855 827 neque
906 756 1087 812 malus
1146 756 1217 812 sit
1277 763 1373 811 aut
1416 756 1680 827 injustus,
1733 753 1999 825 peculiari

406 851 643 919 quadam
678 849 896 906 ratione
940 848 1130 920 justus
1159 849 1422 921 appellari
1483 857 1682 920 potest,
1719 854 2000 919 quatenus

403 941 639 1012 justitiae
668 957 834 1012 quam
866 941 1032 997 habet
1085 940 1464 997 moderatione
1508 939 1776 1010 fungitur.
1820 938 2000 1009 Atque

407 1042 463 1089 et
490 1033 734 1104 perfecto
767 1033 877 1089 Deo
917 1034 1119 1098 minor,
1169 1041 1225 1088 et
1258 1032 1487 1102 justitiaz
1521 1032 1671 1088 illius
1720 1032 1899 1103 impar
1928 1031 2001 1087 sit

407 1125 551 1180 idem
587 1125 677 1181 ille
697 1124 839 1181 Deus
859 1132 1099 1195 oportet,
1118 1132 1304 1196 utpote
1324 1139 1433 1179 non
1453 1123 1756 1195 ingenitus,
1778 1122 1874 1179 sed
1905 1138 2000 1194 ge-

407 1219 693 1271 neratione
712 1216 1033 1287 productus.
1063 1214 1215 1271 Unus
1236 1222 1324 1272 est
1350 1215 1497 1271 enim
1522 1215 1796 1287 ingenitus
1816 1213 1999 1277 Pater,

409 1304 573 1374 222
609 1320 640 1359 a
668 1322 778 1376 quo
818 1305 1039 1376 proprie
1085 1312 1215 1360 sunt
1275 1304 1537 1361 universa
1562 1346 1576 1371 ,
1640 1318 1770 1360 eum
1824 1306 1894 1359 ab
1935 1317 2003 1359 eo

409 1408 538 1465 apta
579 1396 691 1451 sint
728 1404 782 1451 et
812 1410 1117 1466 suspensa:
1152 1396 1257 1451 erit
1310 1402 1495 1450 tamen
1558 1393 1876 1450 adversario
1908 1394 2003 1449 illo

408 1474 582 1542 altero
617 1488 792 1557 major
835 1503 901 1542 ac
951 1487 1329 1559 praestantior,
1356 1487 1578 1542 tametsi
1616 1486 1898 1541 diversam
1930 1486 2004 1542 sit

408 1577 481 1632 ab
504 1585 740 1649 utroque
770 1585 1024 1634 naturam
1069 1578 1549 1647 substantiamque
1578 1577 1830 1633 sortitus.
1863 1574 2000 1630 Nam

2099 384 2160 438 δν
2187 382 2350 448 αὐτὸς
2392 379 2788 453 ἑφανέρωσεν)·
2830 378 2947 432 ἐστι
2984 375 3043 431 δὲ
3084 376 3180 430 καὶ
3214 376 3244 427 ὀ
3273 375 3375 447 τῆς
3407 373 3505 428 τοῦ
3544 375 3704 431 ἀντι-

2099 473 2353 545 κειμένου
2398 471 2613 542 φύσεως
2658 469 2828 532 κακός
2867 484 2927 521 τε
2976 466 3071 521 καὶ
3121 465 3379 537 πονηρὸς,
3426 467 3487 518 ἐν
3515 465 3706 539 ἀδικία

2099 562 2660 638 χαρακτηριζόμενος.
2689 560 2910 616 Τούτων
2946 559 3003 613 δὲ
3046 553 3143 613 οῦν
3180 558 3345 629 μέσον
3392 557 3701 624 καθεστὼς,

2098 658 2194 710 καὶ
2223 656 2360 727 μήτε
2398 653 2603 723 ἀγαθὸς
2626 652 2723 717 ὢν,
2759 652 2895 722 μήτε
2932 648 3039 721 μὴν
3081 648 3273 712 κακὸς,
3318 648 3461 718 μήτε
3492 648 3703 714 ἄδικος,

2103 748 2248 812 ἰδίως
2276 765 2337 801 τε
2369 746 2588 818 λεχθείη
2615 746 2682 800 ἂν
2708 745 2938 808 δίκαιος,
2977 743 3080 813 τῆς
3120 743 3243 796 κατ’
3286 742 3451 795 αὐτὸν
3495 741 3705 795 δικαιο-

2101 841 2270 914 σύνης
2294 838 2370 893 ὢν
2414 838 2740 912 βραδευτής.
2777 836 2887 891 Καὶ
2938 835 3092 889 ἔσται
3135 835 3235 907 μὲν
3273 834 3705 905 καταδεέστερος

2096 935 2194 989 τοῦ
2223 934 2430 989 τελείου
2462 931 2621 996 Θεοῦ,
2663 929 2883 1001 καὶτῆς
2916 928 3131 982 ἐκείνου
3165 927 3517 999 δικαιοσύνης
3543 926 3704 980 ὲλάτ-

2098 1043 2209 1080 των
2231 1020 2388 1090 οὗτος
2428 1025 2458 1079 ὁ
2501 1021 2657 1088 Θεὸς,
2694 1021 2790 1076 ἆτε
2824 1021 2889 1093 δὴ
2928 1020 3025 1075 καὶ
3055 1019 3314 1092 γεννητὸς
3350 1018 3447 1083 ὢν,
3480 1019 3577 1072 καὶ
3609 1016 3704 1072 οῦν

2100 1117 2395 1189 ἀγέννητος
2431 1109 2537 1186 (εἷς
2575 1115 2686 1186 γάρ
2719 1115 2868 1167 ἐστιν
2915 1111 3212 1184 ἀγέννητος
3240 1113 3269 1164 ὁ
3298 1111 3511 1182 Πατὴρ,
3549 1109 3612 1174 ὲξ
3640 1101 3703 1162 οῦ

2100 1210 2170 1265 τὰ
2198 1210 2375 1263 πάντα
2400 1208 2563 1273 ἰδίως,
2597 1206 2708 1261 τῶν
2737 1204 2954 1259 πάντων
2983 1203 3311 1275 ἠρτημένων
3351 1203 3447 1256 ἀπ’
3476 1200 3697 1269 aia-toﬁ)-

2108 1303 2315 1375 μείζων
2358 1301 2414 1354 δὲ
2459 1300 2554 1354 καὶ
2598 1296 2937 1371 κυριώτερος
3000 1295 3095 1351 τοῦ
3140 1293 3558 1364 ἀντικειμένου,
3606 1292 3704 1346 καὶ

2101 1394 2298 1465 ἑτέρας
2340 1392 2531 1457 οὐσίας
2578 1409 2639 1446 τε
2693 1390 2790 1446 καὶ
2840 1389 3058 1461 φύσεως
3096 1386 3359 1457 πεφυκὼς
3404 1385 3561 1456 παρά
3599 1385 3704 1457 τὴν

2102 1487 2380 1559 ἑκατέρων
2404 1485 2612 1540 τούτων
2648 1485 2859 1538 οὐσίαν.
2885 1482 2991 1537 Τοῦ
3028 1483 3127 1554 μὲν
3169 1480 3280 1553 γὰρ
3316 1476 3707 1548 ἀντικειμένου

2103 1580 2251 1635 ἐστὶν
2282 1583 2317 1652 ἡ
2348 1580 2527 1644 οὐσία,
2557 1578 2736 1649 φθορά
2757 1595 2819 1631 τε
2844 1579 2937 1632 καὶ
2955 1574 3172 1635 σκότος·-
3195 1571 3378 1636 ὑλικδς
3404 1570 3515 1644 γὰρ
3544 1562 3702 1634 οὗτος

406 1672 718 1727 adversarii
773 1681 972 1727 natura
1007 1672 1294 1741 corruptio
1344 1679 1431 1727 est
1468 1684 1533 1725 ac
1583 1670 1844 1734 tenebrae,
1876 1684 2001 1724 cum

2107 1675 2200 1727 καὶ
2230 1672 2587 1745 πολυσχεδήςο
2625 1670 2725 1725 τοῦ
2753 1670 2809 1724 δὲ
2840 1668 3056 1741 Πατρὸς
3083 1666 3192 1720 τῶν
3230 1664 3368 1719 ὅλων
3408 1661 3505 1716 τοῦ
3534 1662 3701 1729 ἀγενς

407 1764 641 1819 materia
691 1764 894 1835 quippe
923 1772 1215 1820 concretus
1249 1770 1335 1819 est
1364 1778 1429 1817 ac
1467 1762 1773 1832 multiplex.
1804 1763 1869 1815 At
1893 1760 1997 1814 Pa-

409 1852 581 1907 rentis
636 1853 882 1907 omnium
936 1852 1164 1923 ingeniti
1217 1860 1415 1906 natura
1473 1850 1858 1921 corruptionis
1912 1857 1999 1906 est

407 1960 630 2015 expers,
665 1945 869 2016 luxque
897 1945 1017 2015 ipsa
1076 1960 1175 2015 per
1222 1952 1396 2001 semet
1422 1945 1717 2011 exsistens,
1767 1944 1997 2014 simplex

409 2045 465 2090 ct
492 2037 823 2093 uniusmodi.
861 2036 1066 2091 llorum
1101 2045 1298 2091 natura
1334 2036 1607 2107 duplicem
1642 2052 1778 2093 sane
1808 2035 1998 2091 Virtu-

410 2136 519 2181 tem
544 2130 785 2198 peperit;
810 2127 907 2184 sed
953 2126 1219 2181 Conditor
1259 2135 1441 2181 tamen
1476 2128 1593 2198 ipse
1650 2128 1829 2198 imago
1859 2141 1999 2197 prae-

410 2218 696 2273 stantioris
718 2227 821 2274 est.
853 2216 1046 2289 Neque
1080 2232 1211 2273 vero
1237 2232 1299 2274 ea
1325 2224 1376 2274 te
1401 2234 1491 2274 res
1518 2221 1821 2289 perturbet,
1855 2218 1997 2275 scire

408 2310 743 2380 cupientem,
783 2310 1063 2381 quomodo
1091 2325 1218 2365 cum
1262 2326 1436 2366 unum
1468 2312 1562 2377 sit,
1591 2320 1792 2367 etesse
1820 2310 1984 2366 fatea-

408 2416 536 2459 mur
587 2415 654 2456 ac
713 2403 1046 2466 credamus,
1094 2418 1280 2458 rerum
1333 2396 1579 2458 omnium
1658 2402 1995 2473 Principium

406 2494 782 2563 generationis
804 2508 963 2564 aeque
993 2508 1057 2548 ac
1086 2496 1463 2565 corruptionis
1491 2509 1711 2566 expers,
1743 2494 2000 2564 idemque

408 2586 641 2649 bonum,
673 2584 849 2640 amba:
877 2588 961 2641 hae
987 2593 1200 2643 naturae
1225 2594 1482 2643 constare
1533 2587 1839 2658 potuerint,
1875 2602 1997 2641 cor-

406 2676 679 2745 ruptionis
698 2676 980 2741 nimirum,
1002 2684 1059 2733 et
1092 2677 1283 2734 mediae
1312 2677 1600 2746 cujusdam
1641 2678 1997 2738 conditionis.

410 2781 537 2836 quae
564 2780 598 2822 a
631 2780 687 2823 se
716 2766 952 2822 invicem
1011 2776 1207 2822 natura
1238 2768 1578 2837 discrepent,
1613 2783 1740 2823 cum
1760 2767 1814 2822 id
1854 2767 2001 2823 bono

407 2858 634 2915 insitum
684 2861 780 2924 sit,
839 2869 899 2915 ut
952 2859 1058 2916 sibi
1091 2876 1257 2931 quam
1293 2862 1594 2926 simillima,
1644 2861 2002 2934 ejusdemque

409 2967 600 3010 secum
634 2962 847 3010 naturae
891 2954 1082 3027 gignat
1111 2968 1178 3009 ac
1208 2955 1477 3027 proferat.
1508 2954 1590 3011 Tu
1621 2957 1791 3025 enim,
1816 2958 2001 3029 opitu.

2099 1768 2262 1839 νήτου
2293 1768 2327 1838 ὴ
2365 1765 2523 1818 οὐσία
2563 1765 2714 1818 ἐστὶν
2755 1760 3036 1833 ἀφθαρσία
3082 1775 3145 1813 τε
3190 1757 3285 1813 καὶ
3319 1753 3438 1825 φῶς
3481 1752 3697 1819 αὑτόον,

2099 1859 2305 1915 ἁπλοῦν
2338 1876 2397 1912 τε
2435 1859 2529 1912 καὶ
2571 1856 2864 1929 μονοειδές.
2909 1854 2971 1908 Ἦ
2994 1852 3052 1906 δὲ
3075 1850 3283 1904 τούτων
3318 1847 3479 1902 οὐσία
3513 1844 3703 1917 διττὴν

2103 1954 2202 2059 μέν
2224 1970 2350 2059 τινα
2376 1952 2608 2059 δύναμιν
2640 1952 2997 2059 ἔροηγαγενέ
3036 1946 3202 2051 mare;
3232 1945 3291 2049 δὲ
3320 1943 3415 2059 τοῦ
3449 1941 3697 2059 κρξίττο·

2099 2046 2191 2110 νός
2221 2047 2368 2098 ἐστιν
2414 2033 2596 2097 εἰκῶν.
2640 2041 2787 2114 Μηδὲ
2830 2058 2891 2094 σε
2932 2040 3003 2094 τὰ
3046 2039 3142 2093 νῦν
3178 2037 3337 2091 τοῦτο
3370 2033 3701 2107 θορυδείτω,

2100 2137 2360 2191 θέλουσαν
2393 2134 2605 2206 μαθεῖν,
2634 2133 2754 2196 πῶς
2785 2131 2894 2185 ἀπὸ
2926 2131 3056 2202 μιᾶς
3087 2128 3264 2202 ἀρχῆς
3290 2126 3402 2181 τῶν
3435 2124 3576 2179 ὅλων
3601 2122 3697 2176 οῦ-

2101 2247 2203 2299 σης
2259 2228 2353 2282 καὶ
2396 2226 2838 2299 ὀμολογουμένης
2879 2225 3044 2297 ἡμῖν,
3090 2225 3185 2276 καὶ
3225 2216 3695 2307 πεπιστευμένης,

2097 2321 2193 2377 τοῦ
2226 2324 2247 2353 ²
2274 2322 2571 2392 ἀγεννήτου
2596 2360 2611 2383 ,
2653 2319 2749 2372 xui.
2794 2316 3095 2388 ἀφθάρτου,
3143 2313 3239 2369 καὶ
3283 2310 3520 2382 ἀγαθῆς,
3570 2326 3697 2363 συν-

2099 2412 2337 2486 έστησαν
2379 2411 2475 2465 καὶ
2517 2402 2678 2464 αὗται
2711 2409 2768 2462 αἱ
2807 2408 3019 2477 φύσεις,
3060 2405 3096 2474 ἦ
3130 2421 3191 2459 τε
3224 2403 3326 2473 τῆς
3351 2400 3562 2472 φθορᾶς
3598 2396 3697 2452 καὶ

2099 2506 2199 2577 τῆς
2240 2504 2536 2576 μεσότητος
2572 2498 2925 2573 ἀνομοοῦσιαι
2970 2493 3128 2552 αὗται
3166 2494 3549 2557 καθεστῶσαι,
3599 2489 3698 2544 τοῦ

2101 2593 2308 2663 ἀγαθοῦ
2338 2593 2498 2663 φύσιν
2532 2591 2749 2662 ἔχοντος
2772 2588 2841 2643 τὰ
2885 2590 3050 2659 ὃμοια
3080 2585 3272 2642 ἑαυτοῦ
3313 2584 3409 2638 καὶ
3433 2581 3700 2654 ὀμοοῦσια

2100 2686 2295 2756 γεννᾷν
2328 2701 2386 2738 τε
2422 2684 2517 2737 καὶ⁸
2548 2681 2868 2755 προφέρειν.
2903 2679 3142 2751 Μαθήσῃ
3181 2678 3313 2750 γὰρ,
3349 2674 3485 2729 Θεοῦ
3526 2673 3699 2728 διδόν-

2100 2795 2212 2842 τος,
2256 2777 2384 2847 ἑξῆς
2426 2777 2520 2830 καὶ
2563 2776 2664 2847 τὴν
2705 2772 2896 2828 τούτου
2940 2772 3116 2844 ἀρχήν
3170 2788 3232 2825 τε
3276 2769 3370 2823 καὶ
3414 2766 3699 2837 γέννησιν,

2103 2868 2398 2939 ἀξιουμένη
2422 2866 2522 2938 τῆς
2555 2863 2917 2936 ἀποστολικῆς
2962 2861 3334 2935 παραδόσεως,
3367 2860 3434 2930 ἢν
3478 2859 3549 2913 ὲκ
3581 2859 3702 2913 δια-

2102 2961 2265 3031 δοχῆς
2298 2960 2392 3014 καὶ
2415 2960 2577 3041 ἡμεῖς
2605 2956 3049 3029 παρειλήφαμεν,
3087 2952 3227 3026 μετά
3272 2951 3367 3006 καὶ
3406 2948 3503 3004 τοῦ
3541 2966 3706 3003 κανο-

410 3045 561 3101 lante
586 3044 718 3115 Deo,
748 3046 917 3118 hujus
946 3047 1279 3118 principium
1296 3064 1362 3105 ac
1377 3048 1787 3121 generationem
1818 3050 2001 3104 animo

2107 3053 2255 3106 νίσαι
2294 3055 2503 3114 πάντας
2530 3050 2659 3114 τοὺς
2696 3048 2889 3118 λόγους
2922 3050 2989 3120 τῇ
3030 3046 3125 3101 τοῦ
3160 3045 3414 3116 Σωτῆρος
3444 3041 3708 3095 διδασκα-

408 3138 705 3208 percipies,
764 3138 857 3195 ubi
918 3139 1177 3194 traditam
1251 3141 1548 3211 quamdam
1616 3140 1686 3195 ab
1733 3140 2001 3212 apostolis

2109 3144 2217 3215 λίᾳ.
2246 3142 2435 3197 Ταῦτά
2465 3159 2571 3201 σοι.
2597 3135 2643 3195 ὦ
2674 3140 2879 3211 ἀδελφή
2915 3157 3017 3211 μου
3059 3137 3274 3209 Φλώρα,
3298 3135 3366 3190 δι’
3403 3135 3602 3203 ὀλίγων
3629 3133 3710 3185 εί-

412 3230 719 3286 doctrinam
754 3231 1022 3297 audieris,
1051 3247 1215 3304 quam
1246 3247 1351 3288 nos
1373 3233 1731 3288 successione
1758 3233 1997 3304 quadam

2111 3254 2180 3309 ρη
2190 3236 2326 3307 μένα
2351 3235 2451 3288 οὐκ
2473 3233 2715 3306 ὴτόνησα
2741 3232 2838 3304 (4),
2866 3232 2962 3286 καὶ
3007 3230 3069 3284 τδ
3097 3231 3196 3300 τῆς
3243 3226 3541 3300 συντομίας
3572 3241 3710 3296 προ-

417 3322 489 3377 ad
517 3339 622 3380 nos
643 3340 819 3395 usque
847 3335 1205 3396 propagatam
1242 3327 1591 3396 accepimus:
1624 3340 1750 3381 cum
1785 3341 1849 3382 eo
1875 3327 1999 3397 qui-

2109 3328 2355 3401 έγραψα·
2392 3328 2506 3399 ἅμα
2558 3327 2657 3399 μὲν
2687 3327 2749 3379 τὸ
2792 3326 3152 3399 προκείμενον
3199 3320 3566 3393 ἀποχρώντως
3621 3316 3712 3382 ὲξο

415 3414 541 3470 dem
577 3423 639 3469 ut
654 3414 920 3486 quidquid
949 3414 1208 3470 aii'eretur
1261 3413 1319 3471 in
1340 3415 1602 3476 medium.
1627 3415 1681 3470 id
1716 3416 1785 3473 ad
1816 3415 2001 3471 Salva-

2115 3420 2311 3491 έφηνα,
2349 3419 2385 3473 ἀ
2424 3419 2518 3472 καὶ
2559 3420 2639 3481 εἰς
2676 3417 2744 3471 τὰ
2794 3418 2922 3486 ἑξῆς
2973 3417 3043 3469 τὰ
3074 3413 3311 3486 μέγιστά
3364 3429 3450 3466 σοι
3500 3410 3712 3481 συμϐαο

417 3506 555 3561 toris
580 3505 889 3561 doctrinam
910 3508 1061 3563 velut
1083 3506 1330 3577 regulam
1374 3507 1648 3578 erigatur.
1686 3505 1815 3562 Haec
1858 3509 2001 3579 apud

2114 3513 2308 3580 λεϊται,
2354 3513 2447 3567 ἐάν
2484 3529 2570 3582 γε.
2614 3512 2691 3575 ὡς
2752 3510 2891 3583 καλὴ
2934 3511 3005 3580 γῆ
3058 3509 3154 3564 καὶ
3206 3506 3407 3577 ἀγαθὴ,
3466 3503 3712 3575 γονίμων

420 3604 496 3662 te,
526 3594 689 3650 Flora
720 3610 880 3651 soror
924 3596 1275 3661 charissima,
1310 3597 1503 3667 paucis
1545 3599 2001 3668 comprehendere

2116 3606 2450 3679 σπερμάτων
2506 3604 2764 3677 τυχοῦσα,
2798 3604 2892 3657 τὸν
2948 3602 3018 3656 δι’
3072 3600 3252 3656 αὐτῶν
3303 3598 3520 3671 καρπὸν
3576 3597 3711 3650 ἀνα·

416 3702 485 3743 ac
530 3686 816 3758 disputare
862 3688 1038 3759 potui,
1097 3690 1524 3761 summatimque
1548 3692 1864 3764 praescripsi
1894 3694 2007 3749 :ita
2113 3697 2315 3772 δείξῃς.

420 3789 603 3836 tamen
647 3788 706 3835 ut
752 3780 901 3852 quod
943 3791 1061 3837 erat
1103 3784 1489 3854 propositum,
1542 3793 1811 3857 quantum
1861 3789 1998 3844 satis
2035 3801 2203 3855 esset,
2239 3792 2583 3863 expiicarim.
2650 3790 2823 3863 Quam
2877 3805 2990 3844 rem
3036 3787 3298 3856 deinceps
3359 3797 3564 3855 magno
3612 3780 3714 3836 tibi

418 3872 543 3928 usui
576 3870 695 3928 fore
720 3870 975 3929 conﬁdo:
1007 3872 1056 3928 si
1086 3873 1267 3941 modo,
1334 3877 1564 3946 perinde
1621 3892 1687 3933 ac
1749 3878 1928 3937 bonus
1973 3895 2103 3952 ager
2141 3891 2193 3937 et
2235 3883 2538 3948 fecundus,
2590 3891 2817 3952 excepta
2874 3879 3086 3936 semina
3135 3879 3410 3933 fructuum
3461 3876 3716 3932 ubertate

416 3980 768 4038 compenses.

624 4082 896 4140 Hactenus
923 4084 1200 4141 Ptolemaei
1230 4086 1299 4139 ad
1325 4084 1548 4142 Florum
1583 4089 1829 4160 epistola.

492 4216 628 4272 Vill.
664 4216 801 4285 Quis
832 4216 1104 4287 ejusmodi
1133 4217 1450 4282 verborum,
1483 4233 1549 4273 ac
1581 4218 2011 4292 circumforanei

2195 4089 2623 4159 Πεπλήρωνται
2656 4087 2728 4141 τὰ
2760 4085 3135 4155 Πτολεμαίου
3167 4084 3321 4153 πρὸς
3356 4082 3631 4153 Φλώραν.

2180 4225 2265 4278 H’.
2300 4222 2397 4287 Τίς
2420 4223 2477 4276 δὲ
2517 4221 2721 4276 τούτων
2743 4221 2854 4275 τῶν
2892 4220 3175 4294 ῥημάτων,
3202 4218 3298 4273 καὶ
3325 4218 3428 4289 τῆς
3448 4216 3556 4273 τοῦ
3586 4216 3716 4288 γόηο

422 4309 611 4380 hujus,
648 4309 1102 4381 asseclarumque
1144 4308 1288 4379 ejus,
1340 4310 1693 4367 Ptolenueum
1731 4328 1798 4367 ac
1825 4314 2001 4369 socios

2115 4333 2208 4379 τος
2238 4314 2450 4374 τούτου,
2485 4315 2703 4386 καὶτῆς
2734 4316 2844 4369 τῶν
2878 4316 2977 4369 σὺν
3019 4312 3170 4385 αὐτῷ
3206 4310 3456 4377 ἀνέξεται
3517 4329 3715 4382 φρενο-

422 4402 694 4473 inteiligo,
720 4391 1012 4457 'vesaniam
1065 4405 1242 4474 possit
1269 4406 1569 4473 sustinere,
1599 4406 1694 4477 qui
1723 4407 2009 4478 ineptissi‘

423 4508 545 4550 mas
578 4491 793 4549 fabulas
819 4494 894 4548 ita
921 4493 1269 4551 confundunt
1293 4511 1359 4551 ac
1386 4498 1702 4553 consuunt?
1721 4496 1840 4552 Non
1860 4499 2008 4559 enim

422 4587 721 4658 quisquam
752 4602 819 4643 ex
848 4587 1096 4658 antiquis
1121 4589 1231 4644 illis
1283 4588 1678 4659 tragoediarum
1720 4590 2010 4660 scriptori-

424 4680 552 4745 bus,
584 4687 678 4735 aut
702 4695 770 4735 ex
795 4680 1198 4751 posterioribus
1235 4680 1441 4744 mimis,
1495 4682 1678 4752 qualis
1727 4681 2005 4751 Philistio,

424 4782 483 4828 et
531 4770 802 4841 Diogenes
863 4770 986 4837 fuit,
1043 4768 1139 4840 qui
1184 4770 1524 4830 incredibilia
1569 4773 1820 4843 scripsit:
1853 4788 2011 4832 aute

426 4864 658 4934 reliquis
742 4864 1000 4920 omnibus
1062 4865 1376 4922 fabularum
1436 4878 1531 4923 aut
1589 4868 2007 4939 rhapsodiarum

426 4956 770 5021 auctoribus,
830 4963 939 5012 tam
1005 4957 1267 5014 immania
1318 4959 1666 5015 comminisci
1724 4960 2007 5016 mendacia

398 5035 746 5119 ipotuerunt,
778 5049 941 5121 “3
961 5051 1147 5122 qualia
1178 5052 1482 5108 nebulones
1513 5052 1602 5108 isti
1633 5054 1913 5123 propriam
1953 5053 2008 5106 in

426 5141 723 5208 perniciem
753 5143 1117 5199 exsecrabilis
1164 5144 1549 5217 horrendaque
1612 5145 1956 5200 fabricarunt
1987 5164 1999 5198 :

425 5229 628 5303 quibus
643 5240 977 5289 sectatorum
991 5235 1204 5293 animos
1222 5237 1568 5294 stuitissimis
1583 5238 2005 5312 qua-stionibus,

502 5407 518 5441 '
555 5405 749 5463 Matth.
781 5422 896 5471 xix,
941 5409 1023 5466 l7.
1097 5412 1117 5441 '
1139 5410 1267 5468 Cor.
1296 5414 1413 5482 τῆς.

2117 4408 2395 4472 ϐλαϐείας.
2426 4408 2763 4479 Πτολεμαίου
2794 4425 2874 4470 τε.
2903 4408 3068 4480 φημὶ,
3101 4407 3195 4461 καὶ
3224 4405 3334 4460 τῶν
3372 4408 3511 4475 ἀμφ’
3550 4405 3717 4458 αὑτὸν

2112 4502 2193 4564 εἰς
2221 4501 2473 4553 τοσοῦτον
2518 4497 2814 4553 κυκώντων
2848 4499 2943 4552 καὶ.
2987 4496 3330 4551 καττυόντων
3374 4497 3714 4566 “Magiam;

2116 4592 2254 4647 υῦτε
2285 4590 2395 4663 γὰρ
2438 4590 2545 4651 τῶν
2595 4589 2841 4644 παλαιιῖιν
2874 4587 3294 4661 τραγῳδοποιῶν
3337 4604 3444 4651 τις,
3483 4586 3611 4641 οὔτε
3662 4586 3715 4638 oi

2115 4685 2349 4756 καθεξῆς
2403 4683 2633 4756 μιμηλοὶ
2680 4683 2771 4737 τὸν
2820 4683 3041 4755 τρόπον,
3081 4684 3131 4736 ei
3180 4680 3309 4752 περὶ
3357 4680 3711 4740 Φιλιστίωνα.

2116 4778 2211 4833 καὶ
2252 4776 2501 4847 Διογένη,
2544 4776 2638 4828 τὸν
2684 4774 2752 4830 τὰ
2793 4775 3000 4830 ἄπιστα
3043 4773 3355 4845 γράψαντα,
3394 4772 3427 4844 ἢ
3469 4774 3519 4825 οἱ
3564 4771 3715 4827 ἄλλοι

2119 4872 2341 4933 πάντες,
2389 4872 2438 4923 oi
2482 4869 2608 4932 τοὺς
2651 4868 2855 4939 μύθους
2902 4867 3354 4938 ἀναγεγραφότες
3418 4866 3514 4920 καὶ
3573 4864 3713 4936 ῥαψ-

2115 4959 2443 5032 ῳδήσαντες,
2461 4959 2714 5013 τοσοῦτον
2760 4957 2955 5029 ψεῦδος
2991 4957 3339 5029 ἠδυνήθησαν
3371 4955 3712 5019 ὲκτυπῶσαι,

2114 5053 2191 5116 ὡς
2214 5044 2362 5106 οὗτοι
2390 5051 2681 5124 τολμηρῶς
2709 5051 3021 5123 φερόμενοι,
3030 5049 3170 5121 μετά
3202 5049 3304 5120 τῆς
3329 5049 3540 5104 ἑαυτῶν
3567 5049 3714 5120 ζωῆς

2113 5145 2263 5200 δεινὰ
2292 5146 2506 5213 ἑαυτοῖς
2539 5147 2972 5211 κατεσκεύασαν,
3010 5145 3103 5198 καὶ
3126 5145 3218 5199 τὸν
3243 5143 3367 5199 νοῦν
3391 5144 3504 5197 τῶν
3528 5141 3713 5196 πειθο-

2119 5235 2293 5308 μένων
2337 5238 2519 5302 αῦτοῖς
2559 5237 2861 5310 ἀνθρώπων
2899 5239 2978 5302 είς
3020 5236 3210 5310 μωρὰς
3251 5236 3513 5308 ζητήσεις
3558 5248 3712 5306 περι-

498 5560 579 5635 (5)
618 5561 698 5618 Δί’
728 5518 945 5635 άὶίγων
980 5564 1259 5632 εἰρημένα
1287 5569 1396 5620 οὐκ
1438 5568 1724 5639 ἠτίνησα.
1766 5568 1925 5625 Forte
1965 5567 2257 5641 ἐφθόνησα.
