3956 6070
1297 31 1431 57 π’.-
1450 46 1459 51 -

627 44 1343 78 ;_______________...

222 267 318 326 869

960 257 1332 316 ADVERSUS
1371 251 1714 314 HA‘JBESES
1750 250 1877 307 LIB.
1921 251 1962 309 Ι.
2003 253 2164 308 ΤΟΜ.
2207 251 2272 309 ll.
2310 284 2377 297 -—
2417 249 2692 307 IUERES.
2727 249 2971 307 XXXIII.

3364 250 3470 310 570

223 380 427 441 έόαλον.
466 378 564 434 καὶ
603 375 956 447 γενεαλογίας
998 376 1370 446 ἀπεράντους,
1411 375 1568 430 αὐτοὶ
1602 373 1673 428 τὰ
1730 373 1788 427 ἐν

1915 391 1957 429 ιο
1972 370 2305 443 genealogiis
2345 369 2883 426 interminabilibus‘
2938 367 3311 438 implicarunt,
3341 382 3469 423 cum

222 471 368 544 χερσὶ
399 468 476 540 μὴ
504 467 876 539 ἐπιστάμενοι,
911 466 1005 521 καὶ
1033 465 1103 521 τὰ
1127 456 1426 540 ἐπουράνια
1459 460 1791 534 ἐπαγγελλό-

227 577 367 635 μενοι
416 558 636 630 μέτροις
665 559 805 612 τισὶν
833 558 1125 630 όροθετείν,
1160 557 1253 612 καί
1290 574 1450 611 τινων
1481 552 1792 627 μαιωτικῶν

228 647 464 724 μητρῶν,
494 648 570 712 ὡς
595 647 931 720 ἐπουρανίων
959 647 1201 719 μητρῶν,
1236 646 1312 711 ὡς
1355 644 1712 718 ὑπαρχουσῶν
1748 644 1789 706 ¹,

225 740 528 811 ἐπιστήμας
554 739 955 810 ἀναδεχόμενοι.
1007 738 1269 802 Ἀκούσας
1301 737 1355 792 δέ
1384 755 1466 801 τις
1492 734 1642 808 παρὰ
1665 733 1791 788 τού-

224 849 346 899 των,
375 832 424 883 εἰ
458 830 556 908 μὲν
585 829 693 883 τῶν
719 816 1132 900 ἀφρονεστάτων
1160 827 1268 900 εἴη,
1312 826 1389 899 τῷ
1424 827 1607 898 ψεύδει
1643 825 1796 896 νομί·

228 921 313 987 ζον
353 939 407 974 τι
437 922 458 952 ⁹
501 921 631 991 παρ’
668 919 851 982 αὐτοῖς
895 919 1183 989 μετάρσιον
1225 916 1554 988 ἐγνωκέναι,
1600 915 1796 989 ῥᾳδίως

228 1013 620 1084 ὕπαχθήσεταιο
654 1011 777 1063 Ὅτι
815 1008 941 1065 πᾶν
988 1009 1198 1078 ὄρνεον
1244 1008 1393 1063 κατὰ
1432 1007 1605 1079 γένος
1648 1024 1797 1062 συν·

226 1106 440 1176 ἄγεται,
473 1103 573 1158 καί
612 1102 693 1169 τῷ
724 1102 905 1173 ὁμοίῳ
939 1099 1384 1168 κολληθήσεται
1426 1099 1601 1168 ἀνὴρ,
1634 1099 1797 1171 φησὶν

227 1198 261 1269 ὴ
292 1196 501 1268 Γραφή.
534 1196 597 1248 Ei
633 1193 691 1246 δέ
732 1210 814 1260 τις
868 1191 1021 1264 τύχοι
1058 1194 1242 1257 αὐτοῖς
1272 1191 1383 1246 τῶν
1419 1191 1674 1255 συνετῶν,
1704 1192 1800 1245 καὶ

228 1289 313 1342 τὸν
333 1287 554 1355 εύλογον
589 1285 850 1357 λογισμὸν
893 1284 1266 1356 κεκτημένων,
1310 1283 1666 1354 καταγελάσει
1702 1282 1799 1353 μὲν

227 1378 322 1450 τῆς
346 1378 617 1451 τοσαύτης
642 1376 935 1449 ληρῳδίας,
964 1377 1057 1430 ἀπ’
1085 1376 1256 1446 αὐτῆς
1282 1375 1339 1430 δὲ
1365 1377 1462 1447 τῆς
1494 1375 1801 1438 ὑποθέσεως

228 1469 330 1524 τῶν
359 1470 489 1539 παρ’
521 1468 700 1530 αὐτοῖς
737 1466 1042 1537 λεγομένων
1086 1464 1183 1536 τὴν
1227 1465 1536 1537 ἀνατροπὴν
1576 1465 1797 1518 εἵσεται.

242 1559 579 1629 Ἑλέγχονται
605 1558 711 1629 γάρ
743 1551 886 1611 οὗτοι
917 1557 1226 1613 παντάπασι
1256 1556 1377 1610 καθ’
1405 1556 1612 1611 ἐαυτῶν
1646 1555 1801 1610 ὁπλι-

230 1650 439 1721 ζόμενοι
470 1648 540 1702 τά
576 1646 745 1718 ψεύδη
776 1647 875 1720 τῆς
909 1646 1087 1704 αὐτῶν
1117 1647 1528 1718 ματαιοπονίας.

297 1923 469 1980 Πόθεν
493 1922 602 1994 γὰρ
631 1923 780 1990 ὑμῖν,
815 1915 860 1975 ὦ
887 1916 1031 1979 οὗτοι
1057 1920 1378 1992 Πτολεμαῖοί
1405 1937 1464 1974 τε
1495 1919 1588 1974 καὶ
1615 1918 1807 1977 Πτολε-

236 2020 408 2089 μαῑαι,
456 2015 551 2069 τοῦ
595 2014 764 2069 Βυθοῦ
805 2013 874 2068 τὰ
921 2014 1113 2087 μέτρα,
1158 2014 1252 2073 καὶ
1297 2015 1365 2066 αίι
1395 2012 1656 2086 μαιώσεις
1703 2014 1805 2068 τῶν

172 2162 175 2165 λ
233 2108 488 2173 τοκετῶν,
528 2110 623 2162 καὶ
654 2107 983 2178 γεννητικῶν
1023 2106 1328 2161 ὑποθέσεων
1368 2108 1400 2178 ἡ
1439 2106 1675 2176 γνῶσις;
1718 2108 1805 2172 Ὧς

236 2201 341 2273 γὰρ
374 2200 658 2273 παρόντες,
689 2200 782 2253 καὶ
819 2199 925 2253 τῶν
962 2198 1295 2271 ἐπουρανίων
1326 2200 1425 2263 τὰς
1465 2199 1655 2268 φύσεις
1686 2200 1811 2253 θεα-

239 2294 482 2364 σάμενοι,
520 2292 614 2345 καὶ
645 2291 720 2356 ὡς
747 2291 899 2345 αὐτοὶ
938 2292 1192 2362 προόντες
1228 2291 1322 2345 τοῦ
1365 2292 1495 2364 παρ’
1522 2291 1674 2362 ὑμῶν
1709 2291 1833 2348 Βυ-·

246 2382 337 2438 θοῦ
370 2373 727 2453 καλουμένου,
759 2381 1157 2451 ἐπαγγέλλεσθε
1176 2383 1273 2454 τὴν
1302 2381 1506 2453 εἴδησιν
1530 2383 1662 2453 ἡμῖν
1690 2382 1813 2435 ὑπο·

236 2475 287 2531 δε
302 2475 527 2536 ίκνυναι,
556 2474 767 2568 οὐδενὸς
801 2472 1017 2526 πώποτε
1048 2472 1158 2527 τῶν
1204 2472 1498 2545 προφητῶν
1538 2472 1698 2526 τοῦτο
1737 2474 1815 2533 εί-

240 2566 489 2643 ρηκότος,
519 2566 619 2619 οὐκ
644 2562 807 2619 αὐτοῦ
836 2565 1132 2630 Μωῦσέως,
1168 2566 1229 2619 οὐ
1254 2564 1364 2619 τῶν
1395 2565 1499 2637 πρὸ
1531 2562 1715 2626 αὐτοῦ,
1752 2565 1813 2617 ού

239 2657 344 2710 τῶν
369 2656 487 2729 μετ’
510 2657 668 2711 αὑτὸν
687 2697 701 2721 ,
733 2658 791 2712 ού
822 2657 931 2711 τῶν
974 2657 1393 2727 εύαγγελιστῶν,
1433 2658 1495 2710 ού
1539 2656 1643 2711 τῶν
1683 2658 1817 2715 ἀπο-

243 2748 471 2802 στόλων⁸
525 2749 575 2801 εί
621 2748 699 2820 μὴ
740 2748 849 2819 ἄρα
888 2748 956 2801 τὰ
994 2748 1264 2819 ἐθνόμυθσ.
1314 2750 1595 2820 ποιήματα
1640 2747 1819 2811 εἴποις

241 2840 348 2893 τῶν
399 2838 528 2909 περὶ
580 2839 780 2910 Ὀρφέα
831 2856 891 2892 τε
947 2839 1042 2895 καὶ
1083 2838 1322 2893 Ἡσίοδον
1347 2878 1362 2903 ,
1418 2838 1512 2892 καὶ
1563 2838 1818 2909 Στησίχοο

244 2946 336 3004 ρον
381 2928 491 3001 (5),
548 2930 676 3001 παρ’
706 2927 786 2994 οἷς
826 2932 881 2984 αἱ
935 2930 1044 2983 τῶν
1099 2931 1400 3004 ἀνθρώπων
1454 2932 1639 3000 γενεαὶ
1694 2949 1823 3001 μετ-

242 3020 577 3093 εποιήθησαν
608 3024 688 3085 είς
722 3020 857 3074 θεῶν
887 3021 1222 3093 ἐπωνυμίας,
1266 3022 1360 3075 καὶ
1391 3021 1460 3075 τά
1512 3022 1570 3074 ἐν
1610 3020 1821 3092 ἀνθρὼ-

242 3128 364 3176 ποις
405 3111 763 3182 τετελεσμένα
804 3111 1098 3183 ποιητικῶς
1138 3111 1651 3185 ἐδραματουργήθη.
1700 3114 1807 3173 K6:-

243 3200 410 3256 κεῖνοι
445 3204 553 3273 γάρ
581 3202 750 3266 οὓτως
787 3202 1063 3273 ἐνόμισαν,
1100 3203 1481 3268 ἐκθειάσαντες
1515 3204 1642 3268 τοὺς
1692 3204 1821 3276 περὶ

244 3294 364 3359 Δία,
398 3295 496 3348 καὶ
536 3294 713 3356 Ῥέαν.
754 3296 847 3348 καὶ
869 3295 1066 3367 ’Ἠραν,
1094 3298 1189 3350 καὶ
1228 3296 1480 3368 ’Δθηνᾶν,
1507 3297 1603 3350 καί
1633 3296 1823 3351 ’Λπόλη

243 3384 409 3451 λωνα,
444 3384 540 3437 καὶ
577 3385 912 3457 Ἀφροδίτην,
942 3387 1035 3439 καὶ
1061 3385 1159 3451 τὰς
1181 3386 1384 3442 τούτων
1413 3386 1824 3457 κακίας³γονὰς

245 3479 596 3549 τιμήσαντες,
626 3478 705 3542 είς
744 3478 1041 3546 φαντασίαν
1086 3479 1373 3545 πολυθεϊας
1411 3481 1506 3535 καὶ
1542 3480 1825 3536 εἰδωλολα-

240 3570 430 3638 τρείας
463 3567 554 3620 τὸν
578 3567 780 3635 κόσμον
818 3567 1088 3623 ἐνέϐαλον.
1129 3569 1287 3623 Ἀλλὰ
1314 3571 1495 3625 οὐκέτι
1528 3588 1619 3642 μοι
1652 3570 1823 3642 πολλή
1862 3639 1877 3651 Ι

243 3676 331 3721 τις
358 3659 514 3729 χρεία
555 3660 842 3730 γενήσεται
870 3660 948 3724 είς
976 3661 1081 3732 τήν
1112 3677 1226 3725 σου,
1260 3655 1306 3715 ὦ
1345 3662 1670 3731 Πτολεμαῖε,
1698 3663 1828 3716 ἀνα-

246 3752 457 3823 τροπήν
501 3767 562 3803 τε
611 3752 705 3804 καὶ
746 3751 985 3823 ἔλεγχον,
1020 3753 1113 3806 καὶ
1158 3754 1266 3806 τῶν
1300 3754 1441 3808 κατὰ
1473 3756 1551 3819 σὲ,
1581 3756 1691 3827 ήδη
1719 3755 1828 3810 τῶν

252 3841 364 3893 σῶν
396 3841 757 3913 προπατόρων
784 3844 874 3896 τὸν
910 3843 1127 3917 ἔλεγχον
1159 3843 1357 3908 ἱκανῶς
1388 3845 1705 3917 εἰληφότων.
1733 3846 1829 3900 Διὰ

246 3932 359 3985 τῶν
395 3933 809 4003 προειρημένων
843 3934 942 4005 τὴν
971 3935 1111 3989 κατὰ
1135 3935 1229 3989 σοῦ
1265 3936 1525 4007 αἰσχύνην
1558 3939 1829 4009 συστησά-

252 4041 437 4095 μενος,
468 4023 695 4094 διέξειμι
722 4023 820 4096 τὴν
849 4025 956 4077 τῶν
987 4025 1189 4097 ἐτέρων
1217 4027 1445 4098 πλάνην,
1479 4026 1610 4080 Θεὸν
1638 4029 1832 4082 ἐπικα-

248 4116 515 4187 λούμενος
563 4116 847 4188 ἐπίκουρον
895 4116 996 4188 τῆς
1052 4117 1210 4187 ἡμῶν
1258 4119 1640 4190 μετριότητος,
1684 4120 1832 4186 ὅπως

250 4208 356 4279 τὴν
400 4209 534 4280 παρ’
579 4209 793 4280 ἑκάστῳ
828 4208 969 4262 ἔθνει
1007 4209 1192 4273 κακῶς
1233 4212 1653 4285 ἐπινενοημένην
1698 4214 1831 4268 ὑπό-

254 4296 407 4352 θεσιν
441 4298 680 4370 φωράσω
720 4316 779 4353 τε
815 4300 910 4352 καὶ
959 4297 1331 4369 θριαμϐεύσω,
1367 4301 1458 4354 ἐπὶ
1495 4304 1559 4372 τῇ
1600 4303 1834 4372 ἐπαγγε-

251 4388 345 4460 λίᾳ
382 4387 486 4455 τῆς
519 4387 754 4457 σπουδῆς
784 4387 932 4458 παρὰ
957 4387 1092 4442 Θεοῦ
1126 4388 1444 4460 αἰτούμενος
1464 4390 1562 4462 τὴν
1588 4391 1769 4462 χάριν.

1890 479 1961 520 ne
1993 480 2054 520 ea
2076 464 2295 535 quidem
2323 463 2549 529 scirent,
2580 477 2701 533 qua:
2724 463 2782 517 in
2809 462 3061 516 manibus
3109 468 3237 516 sunt
3269 460 3471 530 posita,

1891 567 1945 614 et
1976 557 2145 629 certis
2167 554 2385 611 interim
2416 556 2699 627 mensuris
2729 554 2973 609 coelestia
2999 568 3058 608 se
3097 551 3326 607 delinire
3346 565 3474 621 pro-

1892 648 2197 713 ﬁterentur,
2234 655 2398 717 atque
2444 645 2921 701 obstetricantium
2964 643 3327 715 quorumdam
3348 648 3471 696 ute-

1894 756 2081 796 rorum
2133 739 2284 795 velut
2326 738 2632 793 caelestium
2672 736 2993 798 ‘matricum,
3033 736 3114 791 rei
3142 734 3301 805 plane
3322 747 3472 788 com-

1893 834 2175 897 mentitiaa,
2210 832 2292 888 sic
2346 839 2607 899 tanquam
2678 843 2821 883 vera:
2851 826 3147 897 solidasque
3190 824 3473 880 scientiam

1894 942 2005 998 pra:
2032 941 2091 981 se
2114 923 2337 980 ferrent.
2390 921 2713 992 Cujusmodi
2766 923 2860 991 qui
2909 921 2978 975 ab
3018 920 3127 975 illis
3180 916 3386 980 audiat,
3423 913 3472 968 si

1896 1020 2059 1089 paulo
2086 1016 2434 1087 insipientior
2487 1016 2580 1081 sit,
2619 1014 2855 1070 sublime
2903 1011 3162 1082 quiddam
3210 1025 3271 1065 se
3327 1004 3471 1077 apud

1899 1110 2020 1165 illos
2057 1109 2316 1164 didicisse
2343 1114 2521 1171 ratus,
2582 1105 2741 1163 facile
2797 1101 3207 1158 mendaciorum
3257 1096 3471 1152 lenoci-

1898 1203 2011 1257 niis
2042 1201 2333 1256 inducetur
2359 1218 2372 1253 :
2403 1199 2668 1265 Quoniam
2692 1197 2801 1252 avis
2828 1195 2998 1250 omnis
3017 1190 3296 1247 secundum
3313 1203 3475 1259 genus

1899 1310 2052 1347 suum
2086 1298 2456 1361 congregatur,
2485 1298 2533 1342 et
2563 1288 2731 1341 omnis
2784 1288 2937 1339 homo
2969 1281 3136 1337 simili
3167 1279 3253 1334 sui
3301 1277 3475 1331 socia-

1901 1384 2062 1445 bitnr,
2094 1384 2170 1437 ait
2198 1380 2480 1450 Scriptura
2502 1379 2547 1434 ⁸.
2577 1379 2671 1431 Sin
2705 1377 2868 1447 paulo
2925 1371 3317 1442 intelligenlior
3368 1366 3472 1420 ali-

1899 1472 2046 1541 quis,
2085 1486 2151 1525 ac
2196 1476 2347 1523 recto
2391 1467 2600 1536 judicio
2656 1465 2916 1534 praeditus
2972 1466 3248 1519 occurrat,
3301 1470 3479 1526 nugas

1903 1562 2024 1617 illas
2053 1559 2381 1616 deridendas
2422 1557 2654 1628 putabit,
2707 1563 2872 1625 atque
2901 1570 2966 1610 ex
3008 1553 3118 1607 illis
3171 1551 3302 1619 ipsis
3354 1562 3480 1615 quin

1903 1649 2655 1724 disputantquemadmodum
2691 1647 2914 1701 refutari
2948 1645 3158 1714 possint
3193 1639 3475 1712 perspicit.

1832 1732 1874 1787 Β
1905 1742 1961 1798 Si
1991 1742 2210 1812 quidem
2230 1741 2346 1794 suis
2380 1738 2483 1807 ipsi
2508 1737 2826 1792 vanissimis
2864 1734 3164 1790 mendaciis
3185 1740 3378 1787 contra
3416 1743 3479 1784 se

1907 1829 2103 1884 armaii
2131 1843 2255 1882 esse
2281 1826 2500 1896 penitus
2526 1831 2850 1893 arguuntur.

1977 1939 2112 1994 νυιο
2133 1939 2277 1994 enim
2309 1936 2443 1995 mihi
2478 1935 2880 2004 respondeatis,
2912 1948 2945 1987 ο
2973 1932 3246 1988 Ptolemaei
3289 1945 3482 1987 omnes

1907 2047 1972 2088 ac
2016 2032 2356 2087 Ptolemaeis!
2414 2027 2560 2084 unde
2588 2028 2692 2082 illae
2727 2028 2884 2083 vobis
2913 2027 3073 2098 Bytbi
3106 2039 3395 2089 mensurae,
3420 2037 3485 2076 ac

1909 2130 2166 2196 partuum
2224 2121 2728 2182 obstetricatioues,
2762 2127 2817 2173 et
2859 2120 3138 2172 variarum
3172 2114 3487 2186 generatio-

1909 2231 2041 2271 num
2069 2213 2328 2284 cognitio.
2364 2210 2455 2265 Sic
2484 2211 2629 2266 enim
2692 2220 2951 2278 tanquam
2979 2213 3278 2275 praesentes
3305 2204 3483 2258 inter-

1910 2306 2149 2366 fueritis,
2183 2319 2248 2359 ac
2276 2302 2582 2357 caelestium
2650 2306 2901 2354 naturam
2931 2294 3283 2364 contemplati
3333 2294 3485 2356 sitis,

1913 2395 2026 2450 imo
2057 2392 2288 2464 Bythum
2328 2389 2481 2443 illum
2522 2395 2765 2443 vestrum
2808 2382 3238 2442 antecesseritis.
3287 2394 3481 2435 earum

1916 2483 2075 2539 nobis
2107 2496 2289 2537 rerum
2346 2479 2634 2535 scientiam
2677 2475 2989 2545 ostenditis.
3023 2473 3189 2542 Atqui
3225 2471 3409 2526 nullus
3432 2468 3488 2527 id

1916 2589 2157 2645 unquam
2192 2571 2625 2643 eprophetarum
2662 2582 2890 2624 numero
2917 2567 3082 2621 dixit:
3127 2579 3236 2619 non
3273 2562 3490 2634 Moyses

1918 2668 2074 2738 ipse;
2101 2681 2210 2720 non
2265 2663 2450 2734 Moyse
2500 2662 2652 2732 prior
2695 2660 2897 2730 aliquis
2926 2659 3011 2713 vel
3042 2656 3343 2727 posterior,
3382 2669 3493 2709 non

1919 2755 2407 2826 cvangelistarum,
2426 2768 2535 2807 non
2553 2751 2924 2820 apustolorum
2940 2747 3178 2817 denique
3195 2744 3490 2815 quispiam.

1919 2848 2034 2904 Nisi
2062 2847 2200 2901 forte
2238 2843 2307 2900 ad
2346 2844 2625 2914 gentilium
2658 2849 2905 2911 poemata
2963 2837 3271 2907 confugias,
3311 2835 3495 2905 qualia

1922 2951 2055 2996 sunt
2083 2937 2309 3009 Orphei,
2345 2935 2588 2999 Hesiodi,
2615 2931 2940 2996 Stesichori,
2967 2931 3111 3001 apud
3146 2943 3286 3000 quos
3312 2926 3496 2981 homi-

1924 3049 2053 3089 num
2087 3031 2464 3103 generationes
2510 3028 2579 3084 ad
2619 3026 2848 3082 deorum
2897 3022 3288 3095 appellationes
3309 3028 3496 3073 trans-

1923 3125 2045 3182 lata)
2104 3129 2252 3186 sunt,
2287 3134 2462 3190 eaque
2489 3133 2610 3189 quae
2636 3117 2781 3172 inter
2805 3116 3064 3170 mortales
3087 3120 3239 3183 gesta
3269 3109 3494 3166 fuerant

1920 3216 2137 3288 poetico
2177 3227 2329 3268 more
2354 3210 2714 3267 conformata.
2740 3207 2865 3264 Fuit
2911 3207 3055 3263 enim
3112 3203 3493 3275 hujuscemodi

1922 3309 2141 3365 illorum
2198 3304 2406 3376 opinio,
2435 3318 2561 3359 cum
2611 3299 2823 3367 Jovem,
2861 3314 2926 3353 ac
2978 3297 3207 3359 Rheam,
3240 3303 3294 3351 et
3323 3293 3500 3348 Juno-

1923 3414 2091 3463 nem,
2144 3395 2447 3461 Palladem,
2509 3393 2814 3464 Apollinem
2874 3389 3250 3457 Veneremque
3300 3383 3502 3440 divinis

1924 3489 2225 3546 honoribus
2253 3491 2665 3545 consecrantes,
2686 3495 2989 3550 eorumque
3015 3477 3308 3550 pessimam
3335 3474 3504 3529 sobo-

1926 3583 2031 3639 lem
2071 3574 2338 3645 venerati,
2380 3585 2553 3633 totum
2611 3575 2797 3630 orbem
2831 3573 3106 3628 variorum
3176 3568 3403 3624 deorum
3440 3579 3505 3618 ac

1928 3670 2349 3726 simulacrorum
2380 3665 2627 3721 inanium
2669 3663 2954 3720 erroribus
2993 3660 3329 3716 imbuerunt.
3373 3654 3504 3710 Mihi

1927 3777 2056 3816 vero
2085 3760 2155 3814 ad
2184 3765 2351 3823 tuam,
2383 3771 2418 3810 ο
2443 3755 2731 3811 Ptolemaee
2752 3796 2767 3820 ,
2795 3762 3126 3820 tuorumque
3165 3747 3493 3805 confutatio-

1930 3866 2052 3907 nem
2080 3849 2215 3903 nihil
2244 3846 2449 3900 idcirco
2469 3858 2797 3914 magnopere
2815 3843 3204 3910 requirendum
3237 3843 3342 3897 est,
3360 3835 3505 3904 quod

1930 3942 2169 4011 majores
2201 3946 2324 3992 tuos
2351 3933 2567 3990 abunde
2620 3933 2734 4002 jam
2780 3931 3104 3987 refellimus.
3152 3927 3334 3994 Quare
3379 3936 3505 3978 'cum

1931 4049 1997 4088 ex
2028 4031 2095 4086 iis
2129 4045 2248 4099 quae
2275 4026 2423 4081 dicta
2460 4031 2610 4087 sunt,
2644 4038 2807 4094 quam
2863 4018 3118 4092 pudenda
3161 4019 3272 4073 sint
3295 4024 3389 4070 tua
3419 4015 3510 4069 illa

1933 4124 2184 4193 dogmata
2212 4120 2548 4176 declaratum
2585 4115 2773 4178 fuerit,
2800 4113 3087 4183 implorata
3137 4106 3302 4180 224
3350 4107 3506 4177 prius

1933 4231 2035 4284 ope
2058 4212 2330 4278 Numinis,
2362 4213 2443 4265 uti
2466 4224 2600 4265 mea:
2630 4205 2885 4264 tenuitati
2918 4213 3226 4262 succurrat.
3253 4201 3322 4255 ad
3361 4199 3503 4253 aliu-

1934 4319 2055 4359 rum
2085 4300 2459 4358 discutiendos
2505 4311 2722 4353 errores
2763 4310 2850 4349 me
2883 4292 3191 4358 conferam,
3213 4298 3273 4349 ut
3303 4302 3426 4363 qua:
3455 4290 3510 4344 in

1874 4391 1921 4448 D
1947 4406 2277 4464 unaquaque
2307 4397 2465 4461 gente
2484 4387 2756 4458 pestifera:
2783 4384 3073 4459 opiniones
3094 4384 3330 4443 inventa:
3350 4393 3507 4448 sunt,

251 4496 352 4537 eas
399 4481 685 4550 detegam;
756 4495 822 4536 ac
856 4481 924 4536 de
982 4484 1234 4540 omnibus
1267 4485 1670 4554 quodammodo
1713 4488 2061 4561 triumpbem.
2094 4487 2252 4553 Quod
2306 4485 2623 4542 institutum
2678 4502 2711 4541 a
2757 4501 2845 4542 me
2891 4485 3348 4555 propositumque
3393 4490 3517 4538 stu—

254 4574 412 4629 dium
447 4585 503 4629 ut
532 4589 836 4646 exsequar,
891 4576 1169 4634 caelestem
1226 4578 1360 4633 mihi
1422 4578 1661 4637 favorem
1705 4585 2050 4653 gratiamque
2077 4578 2394 4652 postulabo.

327 4694 408 4747 8’.
452 4692 572 4747 Ἵνα
599 4693 654 4746 δὲ
684 4693 758 4765 μὴ
804 4694 1138 4750 ἀϐασάνιστα
1253 4695 1321 4751 τά
1361 4699 1488 4769 τρία
1533 4716 1626 4753 σου
1669 4700 1841 4765 λεξεί-

2013 4702 2104 4757 IX.
2144 4700 2344 4757 Verum
2378 4706 2437 4754 ut
2466 4712 2639 4770 pauca
2662 4698 2757 4753 illa
2790 4697 2957 4753 verba
2985 4695 3209 4751 interim
3235 4692 3516 4765 expcnda-
3555 4702 3560 4711 '

255 4785 369 4848 δια,
408 4782 446 4838 ἃ
498 4782 565 4854 δὴ
617 4783 754 4854 πρὸς
820 4783 1042 4856 Φλώραν
1105 4785 1165 4837 τὸ
1219 4786 1440 4852 γύναιον
1510 4789 1813 4845 ἐπιστέλλω·

1945 4809 2090 4858 mus,
2117 4810 2239 4865 quae
2262 4792 2329 4847 ad
2348 4790 2565 4847 Floram
2596 4790 2802 4862 ingenti
2832 4805 2955 4845 cum
2984 4786 3126 4844 fas.u
3173 4786 3518 4857 arrogantia-

257 4874 586 4946 ἐκομπάσω,
628 4869 675 4928 ὦ
717 4876 1017 4948 Πτολεμαῖε
1060 4878 1167 4948 (ἀεὶ
1191 4878 1300 4948 γάρ
1337 4879 1394 4932 ai
1426 4878 1673 4946 όφιώδεις
1694 4882 1811 4935 διδα

1944 4900 2052 4955 que
2116 4883 2388 4954 scripsisti
2468 4881 2669 4952 (solent
2752 4882 2897 4936 enim
2972 4885 3185 4933 onustae
3278 4877 3522 4948 peccatis

267 4965 490 5019 τκαλίαι
542 4966 867 5038 γυναικάρια
921 4968 1305 5038 σεσωρευμένα
1355 4969 1646 5040 ἁμαρτίαις
1694 4974 1813 5028 ἀπα

1947 4976 2283 5032 mulierculae
2310 5015 2327 5041 ,
2365 4981 2424 5029 ut
2472 4974 2550 5028 ait
2581 4971 2877 5042 Apostolus
2906 4972 2950 5033 ⁸,
2986 4969 3218 5040 vipereis
3249 4966 3521 5036 ejusmodi

266 5059 420 5124 τῶσι,
449 5060 592 5113 κατὰ
624 5059 715 5112 τὸν
739 5059 832 5112 τοῦ
865 5060 1186 5115 Ἀποστόλου
1219 5060 1424 5133 λόγον),
1456 5064 1549 5116 καὶ
1578 5063 1748 5128 αὑτὰς
1776 5066 1813 5119 δέ

1946 5066 2292 5136 dogmatibus
2323 5065 2544 5135 decipi);
2563 5072 2687 5118 tuas
2710 5060 3202 5133 ipsas,Ptolemae,
3228 5072 3386 5113 voces
3420 5057 3524 5111 hoc

267 5150 362 5215 τὰς
398 5150 574 5216 λέξεις
615 5150 820 5215 κυοίως
862 5152 1092 5206 ἐνταῦθα
1136 5153 1554 5226 παραθήσομαι,
1604 5158 1696 5209 καὶ
1743 5157 1809 5228 τὴ

1948 5157 2067 5211 loco
2096 5170 2417 5226 proponam,
2443 5169 2647 5225 easque
2686 5152 3015 5208 necessitate
3044 5159 3291 5214 coactus,
3326 5164 3396 5203 ne
3417 5163 3523 5218 qua

340 5355 357 5386 ³
386 5353 444 5409 F.
496 5358 601 5411 οὐκ
628 5356 828 5409 οὐσῶν.

937 5356 957 5385 ²
993 5353 1054 5407 F.
1089 5353 1322 5425 νομίζων
1338 5371 1406 5407 τι.

274 5438 357 5488 ιιι,
384 5423 437 5477 6.

1510 5354 1533 5386 ⁸
1565 5355 1691 5427 Reg.
1720 5373 1813 5410 κα)

1915 5375 1918 5384 π
1954 5353 2139 5428 μονάς.
2248 5351 2270 5383 ⁸
2303 5353 2318 5406 Ι
2346 5353 2486 5408 Tim.
2518 5370 2555 5417 ι,
2589 5353 2645 5408 4.
2703 5350 2725 5383 '
2755 5352 2931 5409 Eccle.
2962 5366 3083 5419 xm,
3105 5349 3194 5406 9.0.
3272 5350 3293 5381 ‘
3327 5347 3526 5406 ll'l‘im.

273 5590 575 5729 phgﬁzignl.
609 5585 1003 5654 Στησίχορον.
1062 5581 1410 5640 Stesichorus
1474 5585 1749 5641 fabulosas
1810 5587 2037 5647 deorum
2087 5589 2373 5661 prosapi-as
2416 5590 2818 5661 descripserat,
2869 5602 2927 5647 ut
2961 5591 3091 5647 alibi
3157 5589 3361 5645 indicat
3399 5584 3519 5655 Epi-
