3956 6070
396 198 494 256 B71

1784 187 1843 245 S.
1883 185 2237 247 EPIPHANII

3565 177 3677 237 579

396 291 638 373 infelicis
662 315 779 372 lolii
815 315 973 374 radix
1002 316 1266 390 supersit,
1309 317 1558 389 congruo
1586 313 1783 372 ordine
1810 312 1978 371 refel-

2093 310 2261 366 ιὺτῶν
2289 309 2603 383 ἀνατροπὴν
2632 304 2936 378 ἀναγκαίαν
2969 298 3156 371 οὖσαν,
3197 300 3276 365 είς
3302 299 3365 355 τὸ
3401 297 3480 371 μὴ
3503 314 3675 390 κατα.

397 410 528 466 lam.

469 594 666 667 Legem
705 595 910 652 asseris
938 593 1210 650 trifariam
1239 608 1364 649 esse
1386 588 1642 656 divisam,
1674 596 1734 646 ut
1782 588 1979 660 partim

399 701 429 740 a
463 686 594 749 Deo,
617 688 813 757 partim
838 701 869 740 a
895 685 1101 758 Moyse,
1128 686 1333 758 partim
1363 700 1393 739 a
1427 682 1743 740 senioribus
1785 694 1982 734 mana-

400 774 491 830 rit.
520 775 593 831 De
631 776 944 833 senioribus
993 791 1159 848 porro
1190 790 1291 831 cur
1320 776 1396 830 ita
1430 774 1662 838 sentias,
1713 771 1871 837 nihil,
1923 777 1982 825 ut

401 873 646 935 apparet,
692 866 888 923 afferre
942 877 1099 939 potes
1156 868 1214 921 in
1269 865 1571 937 Scripturis
1635 878 1977 934 expressum.

391 951 680 1025 Nusquam
724 956 871 1011 enim
914 957 972 1011 in
1032 956 1150 1027 lege
1201 954 1404 1009 tradita
1458 953 1549 1006 illa
1596 965 1626 1006 a
1673 950 1981 1007 senioribus

397 1045 624 1102 decreta
687 1056 1085 1102 memorantur.
1160 1044 1267 1101 Sed
1343 1058 1626 1100 sacrorum
1694 1040 1982 1097 Librorum

400 1148 656 1204 peraeque
713 1150 779 1191 ac
831 1135 1079 1191 veritatis
1140 1134 1364 1204 ignarus
1413 1130 1740 1186 calumniari
1801 1128 1984 1185 sciens

399 1227 671 1293 instituis,
720 1234 1099 1294 accurataeque
1147 1224 1488 1295 singulorum
1535 1223 1743 1277 notitiae
1783 1235 1983 1278 conse-

402 1318 687 1388 quentiam
739 1334 848 1373 non
906 1317 1085 1372 vides.
1136 1316 1272 1370 Nam
1327 1315 1605 1372 seniorum
1661 1313 1985 1369 traditiones

399 1408 758 1481 δευτερώσεις
814 1424 844 1463 a
893 1407 1097 1465 Iudaeis
1124 1415 1415 1463 vocantur.
1481 1406 1731 1472 Quatuor
1802 1410 1986 1458 autem

406 1501 624 1555 illarum
652 1508 780 1557 sunt
808 1516 1028 1572 genera.
1061 1501 1308 1557 Primum
1352 1507 1458 1564 est,
1504 1498 1653 1570 quod
1685 1497 1790 1553 sub
1820 1495 1988 1552 Mosis

404 1594 629 1650 nomine
685 1592 1085 1649 circumferunt
1119 1610 1135 1661 ;
1166 1591 1468 1648 secundum
1500 1598 1607 1655 est,
1637 1588 1786 1659 quod
1807 1585 1986 1642 Rabbi

2079 402 2368 473 λειφθῆναι
2395 400 2553 475 ῥίζαν
2596 400 2695 471 τῆς
2736 396 3085 465 ζιζανιώδους
3126 411 3221 448 σου
3266 392 3498 462 σπορᾶς,
3541 386 3674 459 ἑξῆς

2080 492 2392 558 ἀκολούθως
2422 491 2742 565 ποιήσομαι.
2778 528 2781 529 ν

2151 588 2386 651 Φάσκεις
2419 585 2548 659 γὰρ,
2576 580 2622 640 ὧ
2656 578 2831 651 οὗτος,
2854 570 2946 638 τὸν
2972 581 3135 653 νόμον
3170 580 3332 653 τριχῆ
3357 576 3668 650 διῃρῆσθαι,

2083 678 2177 733 καὶ
2213 678 2274 732 τὸ
2309 678 2407 751 μὲν
2440 677 2585 750 ἔχειν
2603 695 2657 731 τι
2694 681 2759 731 ὲκ
2784 666 3066 740 τοῦΘεοῦ,
3099 673 3161 725 τὸ
3190 671 3247 725 δὲ
3274 671 3339 723 ὲκ
3366 668 3667 736 Μωῦσέως,

2082 772 2142 825 τὸ
2184 774 2264 828 δὲ·
2290 774 2357 826 ὲκ
2394 772 2503 826 τῶν
2558 767 2968 843 πρεσϐυτέρων.
3011 764 3123 821 Καὶ
3165 765 3249 819 ὃτι
3292 764 3391 836 μὲν
3443 764 3510 816 ὲκ
3563 762 3679 816 τῶν.

2083 867 2471 944 πρεσϐυτέρων
2512 864 2636 930 οἴει,
2670 859 3054 933 γεγραμμένον
3091 857 3192 911 οὐκ
3227 856 3372 927 ἔχεις
3406 854 3503 908 τοῦ
3547 856 3672 909 ἀπο-

2082 959 2273 1027 δεῖξαι,
2307 956 2468 1012 τοῦτό
2508 956 2625 1010 ἐστι
2654 952 2831 1024 δῆλον.
2870 947 3123 1021 Οὑδαμοῦ
3161 949 3271 1020 γὰρ
3311 948 3371 1000 ὲν
3399 946 3551 1017 νόμῳ
3579 947 3671 999 ὲκο

2085 1055 2341 1126 φέρονται
2391 1052 2447 1105 αί
2504 1048 2613 1103 τῶν
2678 1043 3065 1119 πρεσϐυτέρων
3123 1039 3470 1112 παραδόσεις.
3512 1036 3673 1093 Ἀλλά

2085 1145 2297 1216 ἀγνοῶν
2343 1143 2440 1198 καὶ
2480 1142 2578 1207 τὰς
2633 1140 2845 1213 βίϐλους
2868 1177 2883 1203 ,
2944 1137 3037 1191 καὶ¹
3076 1133 3176 1205 τὴν
3223 1131 3481 1204 ἀληθείαν
3536 1146 3672 1199 τραν-

2086 1239 2225 1311 τάζῃ
2252 1236 2621 1306 συκοφαντῶν,
2660 1232 2755 1287 καὶ
2798 1231 2896 1295 τάς
2942 1227 3261 1291 ἀκολουθίας
3292 1223 3505 1294 ἀγνοιῖιν
3543 1223 3674 1277 ἑκά-

2089 1347 2221 1402 στης
2279 1327 2541 1400 ἀκριϐοῦς
2588 1324 2866 1396 είδήσεως.
2921 1321 2987 1375 Δί
3031 1320 3140 1390 γὰρ
3194 1316 3523 1389 παραδόσεις
3565 1315 3676 1369 τῶν

2088 1419 2494 1496 πρεσϐυτέρων,
2535 1414 2891 1488 δεπερώσεις
2928 1411 3077 1484 παρὰ
3111 1412 3223 1474 τοῖς
3277 1407 3552 1470 Ἰουδαίοις
3586 1406 3676 1461 λέ-

2087 1528 2296 1583 γονται.
2332 1511 2456 1565 Εἰσὶ
2497 1508 2555 1563 δὲ
2595 1500 2756 1563 αῦται
2788 1505 3053 1577 τέσσαρες
3083 1502 3193 1573 (6)·
3233 1502 3333 1574 μία
3375 1501 3495 1571 μὲν,
3526 1501 3563 1571 ἡ
3595 1499 3677 1563 είς

2087 1604 2258 1675 ὄνομα
2274 1600 2552 1664 Μωῦσέως
2583 1597 2892 1672 φερομένηο
2921 1594 3151 1681 δευτέρα
3180 1593 3259 1660 δὲ,
3291 1594 3325 1664 ή
3352 1590 3449 1645 τοῦ
3481 1590 3678 1645 καλου-

402 1684 593 1740 Akibae
649 1685 921 1750 tribuunt,
958 1683 1183 1739 tertium
1215 1680 1406 1745 Addas,
1450 1679 1569 1735 sive
1601 1676 1776 1741 Iudae,
1816 1688 1985 1745 quar-

2093 1660 2254 1767 μένου
2295 1660 2693 1748 Ῥαϐϐιακιϐἀ”
2724 1660 2941 1762 ’τρίτηί
2962 1660 3151 1750 ’Ᾰδδά,
3184 1660 3540 1757 ἦτοι-Ἰούδα·
3587 1699 3678 1735 τε-

404 1785 522 1832 tum
579 1775 648 1831 ad
700 1774 1008 1830 Asamonaei
1052 1772 1193 1829 ﬁlios
1253 1771 1510 1827 refertur.
1583 1768 1732 1825 Cedo
1795 1768 1983 1839 igitur,

403 1871 571 1925 homo
625 1867 1129 1925 contentiosissime
1183 1879 1249 1920 ac
1301 1863 1618 1929 levissime,
1657 1875 1896 1932 quonam
1930 1861 1987 1916 in

404 1960 761 2017 Pentateucbi
801 1959 1108 2028 divinaeque
1145 1957 1283 2028 legis
1314 1955 1592 2012 volumine
1642 1955 1790 2011 illam
1833 1961 1991 2026 potes

406 2054 784 2108 demonstrare
829 2049 1178 2122 sententiam,
1229 2062 1394 2118 quam
1434 2047 1489 2101 in
1517 2044 1812 2117 Evangelio
1835 2046 1993 2102 Chri-

334 2172 345 2177 σ
405 2155 528 2202 stus
569 2145 787 2200 attulit:
822 2144 927 2210 Qui
946 2142 1143 2196 dixerit
1175 2140 1319 2207 patri
1347 2155 1444 2193 suo
1476 2135 1711 2202 Corban,
1751 2136 1889 2208 quod
1911 2147 1989 2193 est

404 2238 624 2301 donum,
658 2236 791 2290 nihil
839 2234 941 2305 ipsi
979 2232 1274 2302 proderit‘,
1314 2230 1460 2302 quod
1515 2228 1651 2283 mihi
1708 2244 1989 2299 nunquam

404 2328 684 2399 ostendes.
719 2326 1088 2394 Quamobrem
1152 2323 1314 2394 friget
1373 2322 1465 2377 illa
1519 2327 1612 2375 tua
1656 2320 1985 2390 disputatio,

405 2419 531 2476 cum
564 2421 616 2475 id
642 2419 793 2474 nullo
820 2414 1180 2473 Pentateucbi
1200 2415 1321 2469 loco
1371 2412 1641 2482 scriptum
1670 2417 1888 2478 exstet;
1925 2425 1991 2466 ac

404 2513 619 2569 miserae
673 2510 753 2565 illi
808 2507 1150 2564 mulierculae
1205 2490 1578 2576 nequidquam
1652 2501 1987 2574 imposuisti.

403 2605 676 2661 Caeterum
706 2617 830 2674 quae
867 2612 899 2655 a
926 2600 1075 2656 Mose
1120 2599 1336 2656 sancita
1368 2603 1519 2659 sunt,
1552 2610 1583 2650 a
1607 2594 1719 2651 Deo
1763 2594 1991 2650 minime

406 2706 535 2755 sunt
567 2696 764 2758 aliena.
796 2710 827 2749 a
862 2708 996 2765 quo,
1047 2693 1233 2763 Moyse
1292 2697 1579 2757 sequestre
1637 2695 1802 2756 atque
1828 2688 1991 2743 inter-

403 2798 582 2860 prete,
604 2787 805 2843 tradita
842 2793 1001 2843 sunt:
1032 2784 1177 2854 quod
1205 2793 1259 2839 et
1303 2781 1482 2851 ipsum
1512 2778 1817 2835 Salvatoris
1839 2779 1990 2849 judi-

406 2883 555 2937 cium
586 2879 869 2935 evidenter
926 2876 1217 2947 approbat,
1260 2871 1508 2944 adeoque
1564 2873 1765 2944 quibus
1816 2872 1989 2930 uteris

407 2971 763 3034 testimoniis,
807 2984 873 3025 ea
930 2975 1124 3025 contra
1176 2966 1529 3037 temetipsum
1563 2965 1864 3037 protulisti.
1895 2964 1988 3020 Sic

2090 1787 2291 1859 τάρτη,
2334 1785 2443 1840 τῶν
2469 1783 2600 1838 υἱῶν
2644 1780 3041 1853 Ἀσαμωναίου.
3079 1777 3230 1832 Ἐπεὶ
3255 1776 3357 1831 ποῦ
3396 1776 3563 1846 ἔχεις,
3586 1792 3678 1844 ιρι-

2087 1880 2295 1935 λόνεικε
2323 1878 2419 1933 καλ⁸
2445 1875 2790 1933 ἀκατάστατε
2831 1872 2933 1945 τὴν
2970 1870 3220 1942 γνώμην,
3261 1869 3431 1937 δεῖξαι
3468 1870 3525 1923 ὲν
3557 1871 3680 1938 ταῖς

2090 1971 2253 2026 πέντε
2284 1970 2488 2041 βίϐλοις
2507 1970 2608 2041 τῆς
2626 1965 3002 2037 Πεντατεύχου
3031 1964 3126 2019 καὶ
3159 1960 3297 2015 Θεοῦ
3329 1960 3674 2032 νομοθεσίας,

2089 2044 2183 2117 δτξ
2200 2060 2406 2133 ἐρρήθη
2449 2060 2478 2111 ὁ
2517 2057 2696 2128 λόγος,
2735 2058 2765 2111 ὁ
2804 2053 2954 2126 παρά
2990 2051 3065 2124 τῷ
3101 2050 3315 2121 Σωτῆρι
3354 2047 3675 2120 εἰρημένος·

2050 2176 2058 2181 α
2091 2153 2114 2185 ⁸
2140 2153 2295 2222 Ἐρεῖ
2314 2149 2394 2219 τῷ
2418 2150 2595 2219 πατρὶ
2626 2146 2815 2203 αὐτοῦ
2842 2146 3093 2214 Κορϐάν,
3112 2143 3147 2196 ὅ
3166 2142 3305 2196 ἐστι.
3333 2138 3549 2207 δῶρον,
3567 2138 3679 2192 οὐκ

2089 2243 2547 2314 ὠφεληθήσεται
2574 2259 2631 2296 τι
2664 2239 2734 2306 ἐξ
2760 2236 2986 2301 αὐτοῦ;
3019 2235 3159 2291 Ἀλλ’
3187 2236 3286 2289 οὐκ
3314 2234 3456 2304 ἔχεις
3476 2233 3679 2298 δεῖξαι.

2027 2381 2032 2385 .
2095 2339 2241 2411 Ἀρα
2261 2335 2391 2407 γοῦν
2423 2332 2646 2403 ὲξέπεσέ
2671 2350 2764 2387 σου
2790 2330 3011 2400 ὁλόγος,
3032 2328 3128 2383 τοῦ
3159 2329 3405 2400 ῥήματος
3438 2324 3680 2397 οὐδαμοῦ

2018 3022 2060 3081 C

2088 2431 2156 2501 τῇ
2181 2425 2537 2497 Πεντατεύχῳ
2562 2421 2964 2496 ὲμφερομένου,
2988 2420 3083 2475 καὶ
3111 2419 3290 2492 μάτην
3322 2418 3422 2490 τὴν
3452 2417 3559 2471 ὑπὸ
3585 2415 3680 2470 σοῦ

2092 2520 2452 2593 ὴπατημένην
2486 2517 2711 2589 Φλώραν
2756 2514 3090 2585 ὲφάντασας.
3135 2510 3219 2565 Τὰ
3262 2509 3319 2564 δὲ
3364 2509 3471 2563 ὑπὸ
3510 2510 3680 2565 Maii}-

2095 2614 2232 2676 σέως
2264 2613 2366 2666 οὐκ
2411 2610 2568 2674 ἐκτὸς
2616 2608 2711 2663 τοῦ
2755 2606 2891 2661 Θεοῦ
2946 2606 3043 2660 καὶ
3098 2603 3249 2658 αὐτὼ
3292 2601 3681 2674 ἐνομοθετήθη,

2092 2704 2228 2759 ἀλλά
2257 2705 2322 2757 ὲκ
2349 2701 2443 2757 τοῦ
2474 2699 2611 2755 Θεοῦ
2642 2699 2731 2754 διὰ
2756 2698 3058 2763 Μωῦσέως,
3087 2697 3116 2751 ὃ
3149 2696 3243 2750 καὶ
3286 2694 3347 2761 ἐξ
3382 2694 3554 2765 αὐτῆς
3581 2693 3694 2763 τῆς

2090 2795 2187 2850 τοῦ
2207 2795 2457 2866 Σωτῆρος
2470 2793 2799 2865 ἐπικρίσεως
2823 2792 3117 2846 δείκνυται.
3137 2789 3318 2852 nare;
3334 2787 3442 2859 γὰρ
3455 2787 3522 2851 ἃς
3542 2804 3684 2858 παρ-

2093 2888 2299 2959 ήγαγες
2341 2883 2671 2956 μαρτυρίας,
2702 2883 2843 2938 κατᾶ
2887 2879 3084 2936 σαυτοῦ
3122 2880 3546 2950 ὲπισυνήγαγες.
3576 2877 3683 2930 Φά-

2096 2996 2215 3033 σκει
2255 2976 2364 3050 γὰρ
2401 2979 2430 3030 ὁ
2466 2975 2669 3048 Κύριος
2717 2977 2775 3029 ὲν
2812 2974 2891 3045 τῷ
2926 2972 3260 3043 Εὐαγγελίῳ,
3297 2972 3380 3025 ὅτι
3424 2966 3694 3039 Μωϋσῆς⁴

406 3067 552 3125 enim
582 3066 635 3121 in
662 3061 960 3135 Evangelio
1010 3058 1275 3116 Dominus
1322 3058 1597 3129 loquitur:
1632 3060 1843 3129 Moyses
1881 3057 1988 3113 hac

2094 3069 2319 3143 ἕπραψε
2352 3068 2503 3122 κατὰ
2532 3066 2649 3136 τὴν
2672 3064 3165 3136 σκληροκαρδίαν
3187 3061 3375 3133 ὑμῶν.

408 3157 618 3223 scripsit
643 3153 715 3210 ad
744 3153 996 3208 duritiem
1024 3150 1199 3209 cordis
1221 3151 1381 3205 vestri
1410 3151 1452 3205 '.

476 3245 596 3303 Jam
616 3246 775 3318 quod
804 3245 1019 3317 Moyses
1045 3243 1291 3314 scripsit,
1321 3256 1430 3297 non
1449 3240 1588 3297 citra
1618 3238 1710 3296 Dei
1739 3240 1990 3295 volunta-

410 3348 518 3394 tem
542 3339 801 3409 scripsit;
839 3336 932 3392 sed
966 3342 1161 3391 sancto
1219 3332 1428 3402 Spiritu
1482 3332 1794 3402 impellente
1827 3331 1989 3402 225

408 3429 714 3484 constituit.
749 3426 871 3482 Mox
887 3426 1033 3482 enim
1068 3424 1319 3479 Salvator
1349 3422 1403 3476 in
1425 3420 1615 3477 eodem
1650 3421 1947 3491 Evangelio
1968 3464 1983 3490 ,

411 3518 565 3586 Quod
596 3517 761 3583 Deus,
791 3517 990 3587 inquit,
1047 3515 1343 3585 conjunxit,
1406 3514 1562 3569 homo
1614 3531 1720 3569 non
1763 3525 1987 3584 separet.

409 3608 895 3679 Quemadmodum.
926 3623 1057 3663 vero
1109 3607 1482 3677 conjunxerit,
1537 3608 1707 3663 verba
1752 3608 1898 3679 ipsa,
1930 3618 1989 3664 ut

409 3703 866 3774 intelligeremus,
903 3700 1106 3771 adjecit
1133 3718 1145 3755 :
1182 3699 1409 3771 Propter
1432 3699 1532 3755 hoc
1552 3700 1806 3772 relinquet
1836 3701 1990 3757 homo

414 3806 623 3868 patrem
648 3810 825 3860 suum,
855 3803 906 3850 et
938 3792 1229 3850 adluerebit
1263 3794 1421 3849 uxori
1453 3810 1587 3858 suae,
1622 3803 1671 3849 et
1700 3804 1855 3850 erunt
1884 3796 1990 3851 duo

410 3893 465 3945 in
487 3907 700 3946 carnem
726 3906 907 3944 unam.
928 3888 1072 3943 Tum
1104 3868 1303 3944 infert:
1335 3887 1489 3956 Quod
1526 3904 1649 3959 ergo
1703 3888 1842 3944 Deus
1866 3906 1992 3943 con-

403 3986 609 4057 junxit,
663 3984 819 4040 homo
875 4000 979 4039 non
1018 3964 1247 4052 separet.
1294 3980 1461 4052 Atqui
1519 3996 1798 4051 nunquam
1858 3982 1990 4039 illud

410 4078 695 4144 Dominus,
724 4091 848 4132 cum
877 4075 1146 4130 Adamum
1198 4072 1477 4143 Evamque
1510 4071 1793 4138 formaret,
1827 4089 1990 4127 usur-

408 4182 570 4238 passe
595 4166 823 4237 legitur;
853 4163 950 4221 sed
980 4163 1085 4218 hoc
1126 4163 1338 4218 solum:
1379 4160 1669 4215 Faciamus
1705 4163 1752 4216 ei
1776 4162 1993 4232 adjuto-

408 4261 547 4313 rium
586 4258 756 4311 simile
778 4255 938 4311 sibi':
974 4254 1120 4311 istud
1151 4268 1280 4309 vero
1308 4253 1377 4308 ab
1410 4252 1627 4333 Adamo‘
1652 4252 1856 4307 dictum
1883 4261 1989 4317 cst,

2168 3252 2233 3306 Ὃ
2254 3250 2310 3304 δὲ
2349 3249 2556 3321 ἔγραψε
2588 3248 2849 3320 Μωῦσῆς,
2878 3248 2979 3301 οὐκ
3010 3244 3167 3309 ἐκτὸς
3208 3242 3516 3315 βουλήσεως
3547 3240 3700 3295 Θεοῦ.

2092 3342 2363 3415 ἐγραψενδ
2411 3341 2547 3396 ἀλλὰ
2598 3343 2663 3395 ὲκ
2715 3339 3035 3410 Πνεύματος
3086 3336 3242 3407 ἀγίου
3297 3335 3684 3407 ἐνομοθέτησε.

2092 3436 2254 3503 Λέγει
2289 3433 2398 3506 γὰρ
2445 3435 2473 3488 ὁ
2520 3432 2726 3504 Κύριος
2775 3432 2833 3485 ὲν
2872 3430 2950 3502 τῷ
2988 3427 3339 3499 Εὐαγγελίῳ·
3374 3428 3444 3480 Ὃ
3474 3429 3508 3481 ὁ
3544 3427 3690 3494 Θεὸς

2092 3524 2480 3589 συνέζευξεν,
2534 3522 2846 3593 ἄνθρωπος
2897 3521 2983 3591 μὴ
3035 3518 3337 3591 χωριζέτω·
3398 3520 3514 3573 καὶ
3568 3518 3701 3583 πῶς

2094 3613 2401 3684 συνέζευξε,
2446 3613 2690 3686 διεξῆλθε
2722 3613 2783 3667 τὸ
2824 3613 2993 3684 ῥῆμα,
3028 3613 3114 3665 ἵνα
3153 3611 3437 3683 μάθωμεν,
3478 3611 3686 3679 λέγων·

2105 3707 2265 3762 Ἀντί
2298 3707 2514 3761 τούτου
2560 3705 2915 3775 καταλείψει
2959 3703 3272 3772 ἄνθρωπος
3315 3703 3424 3756 τὸν
3461 3703 3694 3772 πατέρα

2093 3798 2305 3862 αὑτοῦ,
2342 3799 2440 3853 καὶ
2476 3797 2921 3867 κολληθήσεται
2959 3795 3034 3865 τῇ
3067 3795 3308 3867 γυναικί
3342 3795 3556 3863 αὐτοῦ,
3589 3798 3689 3851 καί

2093 3890 2337 3945 ἔσονται
2377 3892 2432 3944 οἱ
2473 3889 2582 3944 δύο
2634 3892 2722 3955 εἰς
2762 3887 2963 3958 σάρκα
3001 3888 3168 3959 μίαν.
3217 3885 3350 3942 Εἶτα
3393 3889 3695 3961 ἐπιφέρει,

2093 3981 2267 4050 λέγων
2286 3996 2300 4010 ο
2326 3983 2403 4034 -Ὃ
2429 3976 2543 4035 οὖν
2565 3982 2597 4034 ό
2620 3978 2764 4045 Θεὸς
2810 3978 3193 4044 συνέζευξεν,
3252 3979 3566 4047 ἅνθρωπος
3600 3978 3691 4049 μὴ

2094 4071 2377 4142 χωριζέτω
2396 4089 2407 4101 ·
2425 4070 2599 4126 καίτοι
2626 4088 2689 4140 γε
2706 4070 2941 4142 οὐδαμοῦ
2965 4071 3059 4125 τοῦ
3100 4073 3307 4144 Κυρίου
3345 4069 3507 4124 τοῦτο
3538 4073 3693 4142 είρη-

2094 4165 2270 4228 κότος,
2318 4164 2554 4234 ὁπηνίκα
2596 4163 2687 4218 τὸν
2731 4163 2901 4235 Ἀδὰμ
2947 4164 3038 4218 καὶ
3081 4163 3182 4234 τὴν
3234 4162 3375 4216 Εῦαν
3430 4161 3697 4225 ἔπλασεν,

2094 4257 2128 4327 ἢ
2173 4257 2366 4326 μόνον·
2420 4254 2776 4326 Ποιήσωμεν
2821 4254 2981 4322 αὐτῷ
3028 4256 3157 4310 κατ’
3203 4253 3391 4309 αὐτὸν
3432 4254 3689 4322 βοηθόν.

409 4350 501 4420 qui
531 4365 561 4402 a
606 4361 802 4402 somno
876 4344 1313 4417 expergefactus,
1354 4342 1469 4397 Hoc
1522 4358 1659 4397 nunc
1683 4361 1762 4409 os,
1796 4344 1893 4410 ait,
1928 4358 1988 4398 ex

2112 4346 2272 4401 Ἀλλά
2298 4347 2457 4402 τοῦτο
2501 4348 2607 4402 ὑπὸ
2638 4349 2733 4403 τοῦ
2775 4348 2959 4419 Ἀδὰμ¹
2983 4348 3225 4421 εἴρηται·
3262 4347 3344 4400 ὅτι
3385 4346 3585 4417 ἀνέστη
3627 4347 3693 4400 ὲκ

409 4436 616 4492 ossibus
639 4435 789 4502 meis,
811 4442 859 4489 et
891 4450 1016 4489 curo
1069 4435 1133 4490 de
1182 4451 1341 4489 carne
1382 4451 1498 4489 mea
1518 4451 1536 4488 :
1568 4434 1679 4489 haec
1711 4435 1988 4489 vocabitur

2099 4438 2192 4495 τοῦ
2223 4439 2414 4506 ὕπνου,
2443 4441 2536 4501 κα),
2594 4437 2746 4495 εἶπε·
2800 4440 2980 4497 Τοῦτο
3023 4440 3140 4495 νῦν
3184 4437 3411 4494 ὀστοῦν
3454 4438 3525 4493 ἐκ
3572 4438 3692 4493 τῶν
3800 4444 3807 4457 '

408 4532 611 4600 virago,
638 4529 764 4599 quia
819 4541 885 4581 ea:
928 4527 1043 4581 uiro
1093 4536 1305 4595 sumpta
1357 4537 1456 4581 est.
1487 4526 1673 4597 Pergit
1736 4525 1985 4583 deinde:

2100 4532 2299 4587 ὀστῶν
2325 4551 2466 4603 μου,
2496 4534 2590 4588 καί
2631 4533 2789 4602 σὰρξ
2830 4534 2900 4588 ἐκ
2924 4530 3035 4603 τῆς
3072 4531 3299 4601 σαρκός
3339 4547 3494 4599 μου*
3538 4530 3690 4599 αὕτη

411 4618 637 4689 Propter
670 4617 766 4673 hoc
795 4617 1051 4688 relinquet
1083 4618 1238 4671 homo
1296 4627 1500 4685 patrem
1550 4627 1600 4670 et
1648 4628 1895 4681 matrem,
1942 4629 1988 4674 et

2100 4625 2468 4693 κληθήσεται
2494 4625 2673 4721 ⁸ξυνὴ,
2706 4625 2795 4679 ὅτι
2832 4626 2902 4679 ἐκ
2955 4625 3058 4680 τοῦ
3078 4622 3299 4692 ἀνδρὸς
3326 4620 3521 4690 αὐτῆς
3551 4623 3691 4692 ἐλή-
3715 4634 3725 4721 1

411 4709 700 4763 adltwrebit
733 4710 889 4763 uxori
928 4724 1063 4771 suat,
1104 4718 1152 4762 et
1181 4716 1337 4761 erunt
1369 4706 1475 4761 duo
1502 4708 1555 4760 in
1580 4724 1791 4764 carnem
1809 4727 1992 4767 unam.

2101 4721 2220 4787 φθη
2259 4716 2433 4784 αὕτη.
2465 4712 2599 4770 Εἶτά
2644 4732 2840 4787 φησιν·
2882 4716 3041 4771 Ἀντί
3080 4714 3296 4768 τούτου
3338 4713 3692 4781 καταλείψει

411 4800 551 4855 Cum
578 4800 745 4871 igitur
796 4815 907 4854 non
942 4800 1048 4855 hoc
1078 4798 1241 4865 Deus,
1281 4800 1375 4856 sed
1413 4798 1657 4855 Adamus
1690 4801 1909 4869 dixerit,
1941 4812 1988 4859 el

2096 4808 2406 4876 ἅνθρωπος
2441 4808 2550 4863 τὸν
2573 4808 2799 4877 πατέρα
2830 4808 3017 4862 αὐτοῦ
3048 4805 3144 4860 καὶ
3174 4804 3291 4874 τὴν
3314 4803 3550 4875 μητέρα
3583 4808 3691 4858 ai)-

413 4909 478 4948 ca
510 4893 625 4964 ipsa
641 4900 823 4947 tamen
855 4889 949 4947 Dei
979 4905 1102 4946 esse
1130 4892 1297 4949 verba
1326 4890 1594 4947 Dominus
1624 4892 1678 4946 in
1702 4888 1988 4966 Evangelia

2097 4897 2224 4959 τοῦ,
2274 4896 2375 4951 καὶ
2423 4898 2869 4968 κολληθήσεται
2918 4896 2992 4965 τῇ
3037 4895 3275 4966 γυναικὶ
3328 4893 3542 4962 αὑτοῦ,
3589 4893 3690 4947 καὶ

414 4994 664 5049 testetur,
718 4983 853 5041 satis
902 4997 991 5040 res
1040 4983 1158 5054 ipsa
1209 4982 1477 5051 declarat,
1507 4991 1622 5039 tum
1660 4984 1774 5040 haec
1800 4985 1988 5041 Adami

2097 4989 2340 5044 ἔσονται
2368 4992 2424 5045 οἱ
2444 4989 2552 5044 δύο
2576 4993 2663 5055 εις
2691 4988 2891 5058 σάρκα
2910 4988 3078 5058 μίαν.
3127 4988 3204 5041 Οὐ
3225 4985 3321 5041 τοῦ
3349 4984 3487 5040 Θεοῦ
3511 4984 3691 5041 τοίνυν

492 5141 506 5171 ¹
538 5141 704 5197 Marc.
735 5156 830 5206 vn,
863 5140 951 5197 ll.
1024 5143 1045 5173 ¹
1084 5139 1281 5198 Matth.
1315 5156 1430 5207 XIX,
1456 5140 1490 5196 8
1516 5157 1638 5213 sqq.
1714 5142 1736 5174 ³
1760 5139 1899 5199 Gen.
1939 5159 1988 5209 u1

2108 5160 2231 5216 sqq.
2307 5146 2331 5181 κ
2362 5146 2523 5203 Deest
2552 5147 2632 5211 ὃς.

488 5254 564 5325 (6)
606 5256 742 5311 Elol
766 5255 835 5309 δὲ
864 5250 1040 5327 αὗται
1072 5256 1387 5327 τέσσαρες.
1420 5257 1667 5322 Quatuor
1697 5258 1843 5327 apud
1891 5256 1999 5314 lle-

416 5324 594 5381 lirieos
640 5324 1059 5399 Aeutspdmwv,
1094 5326 1213 5399 sive
1252 5326 1607 5399 traditionum
1639 5324 1857 5399 ειξιιίενιι⁸
1876 5344 2001 5399 per—

419 5404 609 5468 censet
643 5396 751 5468 τί-
776 5395 862 5468 est
898 5395 1044 5468 quod
1094 5395 1266 5468 Moysi
1315 5395 1677 5468 inscribitur;
1730 5398 1767 5451 2
1825 5395 2001 5453 nam

421 5466 631 5531 Akiba;
662 5467 696 5521 5
731 5465 798 5520 R.
834 5464 1010 5535 Adda,
1072 5464 1201 5521 sivc'
1229 5465 1368 5520 .luda
1393 5483 1408 5530 ;
1434 5467 1468 5521 4
1499 5469 1998 5525 Λεειιηιοηιιιονωη.

423 5535 668 5605 Fingunt
716 5544 898 5591 autem
942 5534 1161 5607 Moysen
1190 5537 1259 5590 40
1310 5538 1417 5591 illis
1459 5537 1672 5600 diebus,
1709 5538 1910 5607 quibus
1947 5540 2002 5593 in

423 5619 607 5666 monte
647 5607 934 5675 constitit,
966 5616 1163 5679 praeter
1192 5608 1362 5679 legem
1389 5647 1403 5673 ,
1437 5608 1568 5680 legis
1600 5608 2002 5678 interpretatio-

2100 5276 2225 5317 nem
2257 5261 2554 5329 accepisse,
2586 5274 2815 5330 eamque
2844 5257 2992 5330 LXX,
3018 5258 3390 5330 Senioribus,
3409 5256 3515 5330 bos
3547 5257 3687 5328 [pro-

2102 5332 2322 5413 pinetis,
2355 5327 2455 5387 hes
2482 5327 2780 5413 Synagogke
2819 5329 3134 5413 tradidisse.
3177 5327 3335 5413 lianc
3378 5328 3513 5413 legis
3555 5327 3688 5413 ¹(ξονς

2102 5396 2372 5473 ruptelam
2427 5396 2658 5472 potius:
2677 5396 2843 5471 q'uam
2875 5396 3688 5473 interpretationemappellant

2106 5472 2183 5553 HD
2219 5477 2381 5557 Evam
2416 5501 2583 5554 mm,
2623 5492 2782 5562 legem
2808 5505 2927 5562 qua:
2964 5506 3054 5543 ore
3084 5474 3286 5562 tradita
3316 5472 3410 5550 sit:
3439 5489 3693 5559 tantique

2103 5565 2311 5621 facumt
2342 5604 2354 5629 ,
2408 5571 2467 5617 ut
2500 5563 2605 5634 ipsi
2641 5558 2733 5617 Dei
2765 5558 2929 5617 verbo
2970 5558 3366 5630 pra-ferendam
3402 5558 3694 5616 censeant.
