3956 6070
285 190 393 246 573

1009 198 1378 262 ADVERSUS
1417 204 1765 281 HEBESES
1798 210 1928 268 LIB.
1969 213 2010 273 I.
2057 213 2223 271 TOM.
2264 216 2330 273 Il.
2371 248 2440 260 -
2479 217 2756 279 IIIERES.
2792 222 3034 282 XXXIII.

3476 232 3585 291 574

285 307 448 362 τοῦτο
479 307 751 383 εἰπόντος,
786 308 881 365 τοῦ
913 311 970 366 δὲ
1015 315 1188 389 Ἀδὰμ
1225 318 1529 391 εἰρηκότος,
1550 322 1647 377 τοῦ
1677 325 1875 397 Κυρίοι

1988 328 2214 402 quidem
2243 346 2360 398 ore,
2383 333 2480 390 sed
2496 334 2593 391 Dei
2618 351 2742 394 esse
2763 340 3044 397 voluntate
3060 344 3295 413 prolata.
3316 345 3582 405 Similiter

282 399 345 452 δὲ
395 399 902 474 ἐπιμαρτυροῦντος
958 406 1017 459 ὲν
1061 406 1140 478 τῷ
1192 407 1511 483 Εύαγγελίῳ
1556 414 1693 468 Θεοῦ
1746 412 1888 471 εῖναι

283 490 347 544 τὸ
391 491 566 562 ῥῆμα,
615 493 680 546 τὸ
718 494 809 549 διὰ
849 497 944 550 τοῦ
991 496 1166 570 Ἀδὰμ
1213 501 1524 572 εἰρημένον,
1568 504 1668 558 ἀπ’
1714 507 1889 580 αὐτῆς

281 582 386 653 τῆς
424 582 739 650 ὑποθέσεως
779 586 1004 656 ἔδειξεν,
1044 591 1129 644 ὅτι
1161 592 1280 646 ἐκεῖ
1329 594 1428 664 μὲν
1469 596 1642 669 Ἀδὰμ
1674 598 1887 671 εἴρηκε,

280 671 423 727 Θεοῦ
453 673 511 727 δὲ
539 672 792 748 βούλησις
822 678 1141 749 ἐφθέγγετο.
1168 682 1281 736 Καὶ
1305 677 1407 738 ὦδε
1437 687 1467 739 6
1496 687 1739 759 Μωῦσῆς
1771 689 1887 742 ἑνο-

285 764 580 837 μοθέτησε,
620 767 756 822 Θεοῦ
819 770 971 841 αύτῷ
1018 774 1482 842 καταγγείλαντος
1529 778 1630 850 τὴν
1663 778 1888 849 νομοθε-

283 855 430 910 σίαν.
458 857 572 911 Καὶ
594 853 757 914 αὗται
785 861 886 932 μὲν
910 861 1014 933 ἤδη
1063 864 1124 918 αἰ
1162 864 1258 918 δύο
1289 883 1382 921 σου
1410 866 1584 933 λέξεις
1612 868 1883 939 διέπεσον,

280 949 378 1003 καὶ
402 950 463 1003 οὐ
492 950 798 1024 πόρρωθεν,
837 952 976 1007 ἀλλά
1014 955 1109 1008 ἀπ’
1139 956 1313 1028 αὐτῆς
1340 957 1442 1029 τῆς
1474 961 1744 1032 χρήσεως.
1773 962 1886 1016 Καὶ

279 1038 366 1093 ὃτι
422 1041 522 1110 μὲν
555 1042 850 1113 νομοθεσία
899 1044 1036 1100 Θεοῦ
1075 1047 1213 1112 ἐστι,
1257 1048 1420 1103 τοῦτο
1456 1050 1638 1122 δῆλον.
1670 1054 1885 1109 Παντα-

280 1131 381 1203 χοῦ
410 1132 467 1186 δὲ
497 1132 630 1199 Θεὸς
658 1135 1036 1207 νομοθετείτά
1073 1140 1172 1211 μὲν
1209 1142 1290 1205 εἰς
1327 1143 1575 1215 χρόνους,
1605 1144 1673 1199 τὰ
1708 1145 1765 1199 δὲ
1803 1147 1885 1210 εἰς

278 1224 508 1291 τύπους,
554 1229 627 1283 τά
662 1229 723 1283 δὲ
766 1233 847 1296 εἰς
889 1233 1237 1306 ἀποκάλυψιν
1274 1236 1382 1292 τῶν
1424 1238 1729 1311 μελλόντων
1763 1240 1877 1295 ἔσει

279 1320 409 1375 σθαι
439 1322 685 1391 ἀγαθῶν,
720 1318 797 1377 ὧν
826 1324 998 1381 ἐλθὼν
1022 1328 1050 1380 6
1075 1327 1281 1401 Κύριος
1315 1331 1473 1401 ἡμῶν
1515 1331 1720 1404 Ἰησοῦς
1750 1334 1882 1407 Χρι-

279 1416 408 1480 στὸς
439 1416 607 1482 ἔδειξε
629 1417 730 1489 τὴν
757 1417 1038 1490 πλήρωσιν
1062 1420 1122 1475 ὲν
1148 1421 1228 1494 τῷ
1255 1424 1595 1496 Εὐαγγελίῳ.

350 1510 409 1563 I'.
452 1502 534 1564 Τά
581 1510 640 1564 δὲ
676 1511 776 1583 τῆς
834 1515 989 1587 παρά
1030 1516 1113 1570 σοὶ
1152 1516 1349 1589 ἑτέρας
1393 1519 1531 1573 θεῶν
1558 1521 1881 1595 διαιρέσεως

274 1601 443 1674 τριχῆ
514 1602 677 1657 πάλιν
742 1605 1108 1679 διαιρεθείσης
1167 1609 1544 1679 ὲπαναλαὸὼν,
1593 1614 1690 1667 καὶ
1737 1615 1876 1670 αύτά
1918 1665 1924 1671 ,

1993 429 2047 479 et
2064 422 2281 496 Moyses
2305 425 2479 497 legem
2510 428 2706 496 edidit,
2734 447 2924 502 quam,
2943 433 3191 492 dictante
3221 437 3470 507 Domino,
3501 440 3582 495 di-

1986 513 2220 573 dicerat.
2255 515 2439 584 Quare
2467 520 2579 576 duo
2635 523 2727 577 illa
2780 531 2962 595 tamen
2999 530 3161 586 verba
3214 546 3322 586 non
3380 533 3576 602 procul
3628 516 3635 527 ’

1989 605 2276 663 arcessitis
2331 609 2665 677 rationibus,
2720 613 2816 669 sed
2858 630 2960 670 usu
2993 620 3389 689 propemodum
3429 622 3574 693 ipso,

1990 709 2055 751 ac
2080 697 2385 767 prolatione
2423 702 2804 763 conciderunt.
2841 706 3052 763 Etenim
3082 710 3231 765 illam
3258 727 3288 767 a
3309 711 3421 768 Deo
3444 729 3580 785 pro-

1990 786 2191 845 fectam
2247 806 2374 849 esse
2443 792 2618 865 legem
2688 799 2894 854 nemini
2953 802 3248 858 obscurum
3308 805 3574 862 arbitror.

1990 880 2139 938 ldem
2174 883 2265 940 ille
2294 900 2426 942 vero
2465 887 2668 959 ubique
2696 889 2994 950 decernere
3025 895 3183 961 solet,
3218 899 3416 966 partim
3449 915 3576 970 qua)

1989 976 2333 1045 temporibus
2386 986 2721 1049 congruunt,
2774 983 2974 1053 partim
3025 1002 3148 1059 qua:
3198 989 3367 1047 certis
3408 992 3609 1050 rebus

1988 1065 2386 1126 adumbrandis
2428 1072 2935 1143 serviunt,.partin.
2970 1079 3173 1147 quibus
3209 1079 3394 1138 futura
3427 1086 3574 1142 bona

1989 1158 2377 1227 declarantur;
2410 1179 2533 1233 qum
2587 1164 2640 1219 in
2694 1166 2992 1239 Evangelia
3049 1172 3270 1227 demum
3333 1177 3569 1235 adventu

1988 1265 2088 1306 suo
2118 1250 2374 1309 Christus
2399 1252 2841 1313 JcsusDominus
2866 1267 3055 1316 noster
3084 1263 3351 1336 implevit.

2050 1515 2121 1575 X.
2160 1516 2332 1575 Venio
2363 1519 2476 1589 jam
2524 1521 2589 1576 ad
2626 1522 2854 1579 alteram
2896 1524 3045 1581 illam
3098 1527 3404 1585 institutam
3448 1546 3477 1586 a
3520 1538 3579 1588 te

1980 1606 2203 1664 deorum
2229 1610 2498 1681 triplicem
2527 1612 2911 1683 diﬂerentiam,
2944 1634 3107 1688 quam
3136 1621 3325 1677 eadem
3359 1623 3575 1679 ratione

274 1694 438 1759 δείξω
471 1696 623 1766 παρά
663 1697 747 1750 σοὶ
797 1703 1347 1773 σεσυκοφαντημένα,
1386 1706 1480 1759 καὶ
1511 1706 1612 1760 οὐκ
1652 1706 1780 1762 ἄλλο
1814 1724 1868 1762 τι

1984 1701 2313 1759 :alumniose
2376 1704 2665 1772 conﬁctam
2718 1723 2875 1774 esse,
2935 1720 3097 1781 teque
3141 1713 3195 1767 id
3238 1715 3384 1784 quod
3423 1717 3572 1787 plani

274 1786 335 1841 δν
361 1786 498 1841 ἀλλά
526 1787 723 1860 γόητος
755 1789 816 1843 τὸ
841 1789 1022 1862 ἔργον.
1051 1793 1209 1857 Ποῖος
1228 1793 1335 1864 γάρ
1366 1798 1497 1867 ἡμῖν
1529 1797 1708 1869 τρίτος
1737 1799 1869 1863 Θεὸς

274 1878 565 1951 πάρεστιν,
601 1880 666 1952 ἐκ
725 1878 819 1934 δύο
848 1882 1136 1949 συσταθεὶς
1173 1886 1550 1959 όμοιομάτων,
1609 1889 1702 1943 καὶ
1754 1888 1866 1943 οὗθ’

271 1969 463 2041 ἕτερος
494 1967 570 2023 ὢν
593 1969 700 2023 τῶν
727 1969 842 2036 δύο,
859 1970 983 2025 οὔτε
1008 1973 1107 2044 τὴν
1123 1973 1322 2030 κακίαν
1347 1974 1487 2047 ἔχων
1513 1977 1605 2032 κα)⁸
1631 1977 1864 2044 ἀδικίαν,

271 2059 350 2124 ὡς
380 2060 540 2130 ἔφης,
570 2060 695 2115 οὔτε
753 2062 853 2135 τὴν
886 2064 1204 2138 ἀγαθότητ“α
1230 2068 1325 2122 καὶ
1364 2069 1628 2141 φωτεινὴν
1656 2054 1865 2136 ούσίαν,

276 2154 607 2224 μεσαίτατος
631 2155 688 2209 δὲ
716 2154 792 2210 ὢν
821 2157 1063 2229 δίκαιος;
1089 2160 1201 2213 Καὶ
1217 2161 1325 2233 γάρ
1352 2160 1568 2233 ἀληθῶς
1591 2163 1868 2236 ἀλλότριος

272 2244 351 2299 ὢν
384 2246 568 2318 πάσης
591 2246 960 2320 δικαιοσύνης,
991 2250 1218 2317 εἰκότως
1261 2253 1481 2321 ἀγνοείς
1503 2253 1556 2307 τί
1587 2255 1719 2308 ποτέ
1751 2257 1867 2308 ὲστι

269 2338 611 2411 δικαιοσύνη,
636 2340 829 2413 ἑτέραν
855 2343 1026 2416 αὐτὴν
1060 2344 1212 2416 παρά
1242 2344 1340 2418 τὴν
1365 2346 1680 2418 ἀγαθότητα
1710 2348 1866 2419 νομί-

274 2430 405 2495 ζων.
450 2431 593 2486 Πολὺ
643 2433 701 2487 δὲ
729 2434 1054 2507 ἐλεγχθήσῃ,
1086 2429 1132 2491 ὧ
1172 2438 1462 2510 ρᾳδιουργὲ
1493 2441 1588 2493 καὶ
1623 2439 1867 2510 ἀλλότριε

271 2523 375 2592 τῆς
400 2522 680 2594 ἀληθείας.
708 2526 1020 2599 Οὐδαμόθεν
1047 2528 1156 2602 γὰρ
1182 2530 1391 2600 γίνεται
1408 2531 1470 2586 τὸ
1495 2532 1724 2597 δίκαιον,
1752 2532 1866 2586 ἀλλ’

273 2617 334 2681 ἐξ
353 2617 695 2690 ἀγαθότητος
711 2636 725 2652 ³
761 2622 858 2675 καὶ
874 2623 994 2676 οὐδὲ
1024 2624 1199 2687 ἄλλως
1220 2643 1302 2690 τις
1325 2627 1609 2697 γενήσεται
1643 2626 1866 2696 ἀγαθὸς,

272 2708 323 2760 εἰ
357 2705 491 2783 μὴῇ
526 2708 754 2775 δίκαιος.
792 2712 958 2767 Ὅθεν
1000 2714 1095 2769 καὶ
1127 2714 1347 2787 Κύριος,
1386 2715 1624 2770 ἐπαινῶν
1658 2715 1757 2788 τὴν
1792 2734 1870 2771 νο-

277 2798 540 2869 μοθεσίαν
560 2802 656 2854 καὶ
682 2802 811 2867 τοὺς
849 2804 1019 2876 αὐτῆς
1051 2806 1317 2874 δικαίους,
1359 2808 1513 2877 ἔλεγε
1535 2826 1549 2841 ο
1577 2810 1870 2880 Κοσμεῒτε

271 2891 420 2957 τοὺς
456 2891 685 2962 τάφους
722 2893 842 2948 τῶν
879 2898 1221 2967 προφητῶν,
1266 2902 1364 2955 καὶ
1410 2901 1772 2972 οἰκοδομεῖτε
1797 2903 1871 2958 τὰ

265 2983 532 3053 μνημεῖα
570 2984 688 3041 τῶν
725 2985 989 3056 δικαίων,
1026 2991 1127 3045 καί
1161 2995 1217 3046 οἰ
1252 2993 1501 3063 πατέρες
1567 2994 1728 3065 ὑμῶν
1756 2997 1869 3051 ἀπ-

1976 1790 2217 1849 hominis
2265 1807 2330 1849 ac
2378 1793 2671 1852 nebulonis
2725 1806 2812 1853 est
2846 1799 3026 1869 egisse
3081 1805 3371 1873 perspicue
3419 1821 3573 1861 com-

1975 1883 2240 1955 probabo.
2291 1883 2495 1955 Ecquis
2541 1888 2685 1942 enim
2731 1889 2925 1946 tertius
2972 1892 3067 1948 ille
3114 1894 3275 1950 nobis
3308 1896 3445 1952 deus
3491 1911 3578 1955 est

1975 1976 2180 2046 duplici
2202 1991 2269 2032 ex
2299 1977 2660 2036 similitudine
2691 1980 2981 2049 conﬂatus,
3024 1985 3116 2056 qui
3146 2001 3247 2041 nec
3279 1988 3418 2043 alter
3447 1990 3519 2043 sit
3546 2005 3578 2045 e

1975 2067 2210 2135 duobus,
2239 2085 2341 2126 nec
2362 2069 2671 2129 iul‘uscatus
2699 2075 2927 2141 malitia,
2952 2077 3038 2133 vel
3060 2077 3349 2147 injuslitia,
3383 2089 3441 2135 ut
3471 2083 3575 2149 ais,
3617 2109 3633 2128 ι

1976 2161 2114 2227 ulla,
2145 2177 2327 2233 neque
2369 2162 2650 2230 bonitate,
2695 2165 2986 2238 lucidaque
3035 2179 3233 2226 natura
3278 2176 3573 2244 praeditus,

1978 2250 2073 2308 sed
2119 2253 2285 2307 medii
2314 2253 2605 2323 cujusdam
2653 2256 2727 2312 sit
2759 2257 2973 2314 ordinis
3008 2258 3234 2329 justus?
3260 2263 3340 2318 Ac
3376 2268 3576 2322 merito

1976 2352 2037 2398 tu
2082 2344 2303 2414 quidem
2357 2347 2428 2401 ab
2459 2347 2611 2402 omni
2658 2358 2906 2406 remotus
2952 2351 3169 2421 justitia
3212 2356 3343 2425 quid
3394 2372 3458 2411 ea
3501 2357 3575 2413 sit

1978 2432 2232 2506 ignoras,
2281 2450 2408 2491 cum
2450 2437 2593 2493 hanc
2626 2440 2803 2509 ipsam
2850 2456 2881 2496 a
2914 2441 3163 2499 bonitate
3208 2447 3475 2516 sejungis.
3514 2447 3573 2501 tu

1976 2539 2107 2594 quo,
2133 2524 2415 2580 hominum
2461 2528 2817 2597 nequissime,
2855 2544 2919 2585 ac
2950 2532 3198 2589 veritatis
3244 2536 3573 2590 inimicissi-

1977 2617 2098 2671 me!
2143 2615 2418 2672 manifesti
2468 2618 2678 2675 erroris
2724 2622 2995 2691 argueris.
3025 2621 3143 2678 Non
3172 2624 3318 2679 enim
3352 2625 3575 2681 aliunde

1977 2721 2142 2778 quam
2182 2723 2250 2763 ex
2278 2708 2525 2765 bonitate
2565 2709 2713 2781 quod
2739 2711 2952 2780 justum
2984 2714 3327 2784 appellamus
3362 2716 3572 2784 oritur;

1979 2815 2155 2871 neque
2192 2801 2483 2872 quisquam
2508 2841 2523 2866 ,
2564 2802 2672 2858 nisi
2706 2804 2848 2859 idem
2902 2806 3080 2862 bonus
3106 2807 3212 2871 sit,
3260 2807 3426 2879 226
3451 2822 3576 2862 esse

1973 2892 2159 2964 justus
2194 2895 2414 2965 poterit.
2464 2894 2703 2966 Ideoque
2744 2896 3011 2954 Dominus
3042 2899 3209 2972 Mosis
3259 2900 3434 2970 legem
3471 2914 3575 2955 suo

1980 2985 2255 3057 praeconio
2303 2986 2698 3042 commendans
2759 2987 2941 3043 aiebat
2990 3007 3003 3044 :
3054 2988 3276 3045 Ornatis
3333 2988 3574 3057 sepulcra

267 3079 553 3132 ἐκτείνειν
584 3080 831 3148 αὐτούς.
870 3081 1044 3137 Πόθεν
1073 3083 1130 3138 δὲ
1162 3084 1421 3155 γεγόνασι
1461 3064 1741 3159 προφῆται
1773 3088 1867 3141 καὶ

1984 3076 2340 3146 arophetarum
2382 3085 2433 3131 et
2479 3076 2761 3155 adiﬁcutis
2805 3080 3130 3134 monimenta
3177 3080 3490 3150 justorum,
3521 3086 3574 3133 et

267 3170 474 3223 δίκαιοι
496 3169 611 3224 ἀλλ’
650 3170 684 3243 ἢ
714 3172 823 3226 ἀπὸ
858 3172 959 3243 τῆς
988 3174 1083 3229 τοῦ
1113 3176 1326 3249 Πατρδς
1362 3177 1728 3250 ἁγαθότητος;
1759 3177 1869 3232 1ςαί⁷

1984 3179 2144 3224 intres
2172 3170 2327 3224 vestri
2359 3169 2659 3223 occiderunt
2682 3169 2803 3225 illos
2830 3172 2869 3224 ‘.
2898 3170 3052 3226 Unde
3084 3171 3252 3242 igitur
3274 3171 3571 3242 prophetat,

269 3261 362 3314 ἵνα
401 3260 573 3335 δείξῃ,
603 3262 686 3316 ὃτι
719 3264 776 3315 ὲν
797 3262 876 3336 τῷ
908 3265 1065 3336 μέρει
1103 3268 1202 3338 τῆς
1235 3267 1570 3340 ἀγαθότητος
1605 3270 1635 3322 6
1665 3268 1869 3332 δίκαιος

270 3350 526 3423 ἕστηκεν,
551 3351 768 3422 ἐλεγενο
813 3354 1035 3425 Ὅμοιοι
1070 3357 1319 3427 γένεσθε
1357 3357 1439 3426 τῷ
1480 3359 1665 3429 Πατρί
1703 3358 1871 3430 ὑμῶν

270 3446 353 3512 τῷ
374 3448 447 3500 ἐν
472 3447 602 3514 τοῖς
631 3450 929 3518 οὐρανοῖς,
962 3451 1053 3507 ὅτι
1071 3454 1388 3510 ἀνατέλλει
1416 3456 1523 3511 τὸν
1556 3456 1735 3526 ἣλιον
1762 3460 1870 3512 αὐ-

272 3540 383 3593 τοῦ
433 3539 535 3593 ἐπὶ
576 3540 838 3610 ἀγαθοὺς
884 3544 983 3598 καί
1028 3539 1353 3615 πονηροὺς,
1401 3546 1500 3602 καί
1520 3547 1731 3617 βρέχει
1771 3549 1898 3602 ἐπὶ.

272 3631 552 3698 δικαίους
591 3631 690 3685 καὶ
725 3632 974 3701 ἀδίκους
993 3651 1006 3666 ⁸
1043 3635 1130 3691 ἵνα
1155 3634 1306 3710 δείξῃ
1334 3636 1396 3690 τὸ
1420 3637 1625 3692 δίκαιον
1649 3638 1870 3707 ἀγαθὸν,

273 3724 373 3778 καὶ
422 3723 482 3776 τὸ
539 3722 745 3793 ἀγαθὸν
774 3724 1004 3792 δίκαιον,
1035 3727 1132 3783 καὶ
1163 3728 1225 3782 τὸ
1254 3729 1491 3801 πονηρὸν
1537 3730 1743 3798 ἄδικον,
1782 3732 1876 3785 καὶ

273 3817 336 3869 τὸ
368 3818 554 3871 ἄδικον
585 3817 842 3890 πονηρόν.

346 3910 392 3962 Τ
395 3908 460 3979 ὴν
513 3908 573 3962 δὲ
629 3908 929 3982 ἐπιπλοκὴν
951 3910 1017 3981 ἣν
1054 3911 1192 3982 ἔφης
1221 3912 1315 3966 τοῦ
1343 3913 1529 3985 νόμου,
1559 3915 1619 3968 ού
1649 3914 1875 3970 δύνασαι

275 4000 582 4066 ἀποδεῖξαι.
645 4002 848 4066 Ἑάλως
885 4003 997 4077 γὰρ
1026 4005 1378 4075 συκοφαντῶν
1404 4007 1497 4060 τὸν
1531 4006 1718 4079 νόμον,
1754 4009 1876 4061 ἐπι-

274 4094 487 4164 πλοκήν
518 4109 644 4146 τινα
692 4092 843 4165 αὐτῷ
883 4095 1234 4167 προσάπτων,
1269 4094 1359 4150 διὰ
1388 4096 1450 4150 τὸ
1481 4098 1757 4169 εἰρηκέναι
1786 4099 1878 4154 τὸν

274 4184 475 4255 νόμον
532 4182 868 4254 Ὀφθαλμὸν
920 4185 1056 4239 ἀντὶ
1108 4186 1456 4257 ὀφθαλμοῦ,
1516 4188 1609 4245 καὶ
1663 4188 1880 4244 ὀδόντα

273 4276 408 4329 ἀντὶ
435 4275 722 4343 όδόντοςτ
781 4277 877 4331 καὶ
941 4277 1129 4349 ἐπειδὴ
1171 4278 1385 4346 φονεύει
1414 4282 1442 4334 ό
1472 4280 1636 4351 νόμος
1666 4281 1756 4335 τὸν
1782 4299 1880 4350 φο-

273 4367 492 4438 νευτήν.
536 4366 700 4422 Ἀλλά
726 4366 785 4435 ἐξ
814 4368 986 4439 αὐτῆς
1015 4370 1113 4440 τῆς
1145 4370 1240 4424 τοῦ
1266 4372 1473 4444 Κυρίου
1503 4373 1660 4444 ἡμῶν
1701 4374 1874 4446 Ἰησοῦ
1908 4408 1952 4464 D

274 4459 518 4531 Χριστοῦ
545 4460 928 4531 πραγματείας
957 4461 1327 4532 δειχθήσεται,
1351 4464 1433 4517 ὅτι
1465 4465 1565 4518 οὐκ
1599 4464 1868 4536 ὲπιπλοκή

272 4569 357 4616 τις
386 4548 476 4624 ἦν,
508 4551 624 4605 ἀλλ’
656 4554 691 4623 ἡ
728 4552 867 4625 αὑτὴ
889 4548 960 4625 ἦν
997 4553 1310 4626 νομοθεσία,
1344 4557 1441 4610 καὶ
1477 4557 1539 4610 τὸ
1562 4557 1695 4610 αὐτὸ
1720 4558 1872 4629 ἐνερ-

275 4646 362 4712 γεῖ
388 4645 456 4714 τῇ
498 4642 606 4695 ὑπὸ
641 4641 734 4695 τοῦ
760 4643 1013 4715 Σωτῆρος
1040 4645 1308 4721 εἰρημένῃ
1345 4647 1555 4719 ἐντολῇ,
1605 4648 1688 4711 τὺ,
1736 4647 1872 4701 Ἐάν

275 4737 368 4802 τίς
394 4749 471 4788 σε
497 4733 777 4804 τυπτήσῃ
810 4736 898 4801 εἰς
928 4735 1043 4804 τὴν
1065 4737 1273 4801 δεξιὰν
1301 4738 1573 4808 σιαγόνα,
1600 4737 1870 4807 στρέψον

276 4823 440 4891 αὐτῷ
506 4825 609 4879 καὶ
653 4823 771 4893 τὴν
830 4824 1053 4895 ἄλλην.
1095 4828 1207 4883 Καὶ
1237 4830 1266 4882 6
1293 4828 1458 4900 νόμος
1490 4828 1657 4897 πάλαι
1715 4828 1873 4881 τοῦτο

277 4916 672 4983 κατεσκεύαζε,
732 4917 940 4988 λέγων’
982 4920 1318 4990 Ὀφθαλμὸν
1357 4921 1491 4977 ἀντὶ
1538 4919 1871 4990 ὀφθαλμοῦ,

279 5008 529 5066 τουτέστι
551 5007 783 5079 στρέψον
838 5010 989 5081 αύτῷ
1040 5011 1141 5084 τὴν
1197 5011 1437 5081 σιαγόνα.
1473 5013 1591 5066 ἰνα
1618 5013 1728 5083 γὰρ
1754 5012 1872 5065 δια-

283 5100 447 5169 φύγοι
490 5100 530 5155 ἀ
589 5100 754 5155 πάθοι
794 5102 884 5167 ἂν,
914 5103 963 5156 εἰ
994 5102 1208 5175 πλήξει,
1251 5107 1477 5176 παρεῖχε
1512 5104 1611 5175 τὴν
1652 5104 1874 5173 σιαγόνα

281 5193 360 5262 τῷ
384 5191 664 5256 τύπτοντι,
699 5192 992 5261 εἰδιὶις,ὃτι,
1022 5197 1072 5249 εἰ
1098 5195 1287 5266 ἀφέλοι
1312 5195 1611 5267 ὀφθαλμόν,
1644 5196 1713 5249 τὰ
1740 5196 1879 5250 αὐτὰ

288 5282 535 5337 πείσεται
568 5282 661 5337 διά
687 5283 781 5337 τόν
808 5284 990 5356 νόμον.

354 5462 458 5519 IA'.
482 5452 595 5527 ’Ὡς
620 5463 731 5535 γὰρ
758 5465 788 5517 ὁ
808 5466 997 5539 Πατὴρ
1017 5467 1265 5539 βούλεται
1292 5471 1571 5525 παιδεύειν
1596 5488 1663 5526 τα
1689 5471 1876 5536 τέκνα,

362 5620 381 5659 ⁸
408 5620 605 5681 Matth.
637 5637 795 5692 χχιιι,
833 5622 920 5681 29.

1965 3261 2213 3332 iustique
2244 3262 2350 3317 nisi
2379 3276 2408 3316 a
2442 3261 2679 3316 Parente
2714 3261 2977 3317 bonitatis
3004 3263 3375 3318 exstiterunt?
3398 3264 3575 3332 Atque

1974 3361 2033 3408 ut
2065 3353 2402 3424 intelligercs
2447 3352 2660 3422 justum
2711 3355 2765 3408 in
2817 3354 3082 3409 bonitatis
3112 3363 3268 3426 parte
3306 3354 3519 3410 versari
3554 3372 3567 3409 :

1974 3443 2211 3509 Similes,
2237 3445 2333 3509 ait,
2363 3448 2529 3500 estote
2567 3443 2725 3498 Patri
2766 3456 2938 3500 vestro
2970 3446 3061 3516 qui
3091 3447 3145 3500 in
3175 3446 3319 3501 caelis
3341 3456 3448 3509 est,
3482 3448 3573 3517 qui

1974 3538 2105 3592 oriri
2132 3537 2265 3607 facit
2291 3537 2455 3592 solem
2479 3553 2634 3591 suum
2669 3554 2825 3608 super
2851 3538 3013 3593 bonos
3044 3549 3094 3593 et
3127 3539 3297 3593 malos
3318 3579 3334 3604 ,
3361 3548 3411 3593 et
3441 3537 3577 3607 pluit

1974 3647 2133 3700 super
2173 3630 2352 3699 justo:
2379 3639 2428 3684 et
2470 3629 2701 3699 injuste:
2730 3632 2749 3663 ³
2776 3649 2789 3686 :
2820 3639 2879 3686 ut
2929 3638 2984 3687 et
3020 3631 3272 3701 justum,
3322 3646 3447 3687 esse
3477 3631 3578 3686 bo-

1975 3736 2138 3785 num,
2178 3728 2233 3775 et
2254 3720 2458 3775 bonum
2486 3721 2700 3791 justum
2721 3760 2737 3787 ,
2762 3730 2818 3776 et
2850 3721 3162 3790 improbum
3197 3721 3487 3790 injustum,
3521 3729 3577 3775 et

1977 3812 2243 3881 injustum
2275 3813 2584 3882 improbum
2611 3826 2735 3866 esse
2757 3819 3116 3866 monstraret.

2047 3899 2184 3954 Nam
2229 3901 2375 3970 quod
2418 3900 2755 3970 implicatam
2795 3906 2849 3954 et
2867 3900 3189 3969 perplexam
3237 3900 3408 3970 legem
3453 3915 3578 3957 esse

1978 3993 2298 4057 contendis,
2332 3992 2386 4047 id
2426 3992 2653 4048 omnino
2701 3991 3085 4047 demonstrare
3123 4007 3234 4046 non
3282 4000 3436 4062 potes
3469 4009 3483 4046 :
3512 4007 3578 4047 ac

1979 4099 2077 4157 per
2133 4080 2401 4140 summam
2446 4092 2506 4138 ut
2566 4092 2851 4155 appareret
2894 4084 3226 4138 calumniam
3313 4084 3454 4138 hanc
3524 4083 3573 4140 ci

1979 4177 2156 4234 labem
2217 4179 2465 4249 aspergis
2516 4194 2582 4233 ex
2648 4193 2714 4234 eo
2756 4178 2901 4248 quod
2971 4178 3048 4232 ita
3099 4179 3187 4250 les
3243 4178 3572 4249 praecipiat:

1984 4269 2212 4326 Oculum
2241 4286 2336 4339 pro
2359 4271 2534 4335 oculo,
2561 4270 2769 4324 dentem
2799 4286 2895 4338 pro
2930 4271 3083 4325 dente
3116 4271 3174 4339 ³;
3209 4271 3376 4326 simul
3408 4271 3574 4325 etiam

1982 4366 2127 4437 quod
2163 4365 2669 4435 parricidamjubet
2699 4364 2955 4419 interﬁci.
3006 4363 3209 4421 Verum
3249 4379 3434 4436 quaea
3473 4362 3579 4418 Do-

1979 4460 2131 4513 mino
2156 4457 2287 4514 Jesu
2314 4458 2444 4512 dum
2474 4458 2681 4513 viveret
2701 4468 2876 4530 gesta,
2904 4458 3400 4529 administralaque
3421 4466 3575 4522 sunt,

1977 4547 2425 4606 manifestissime
2458 4548 2859 4613 demonstrant,
2891 4548 3027 4602 nihil
3061 4549 3115 4603 in
3146 4550 3265 4620 lege
3294 4564 3421 4605 esse
3450 4564 3581 4618 per-

1977 4641 2195 4713 plexum
2226 4646 2322 4694 aut
2350 4639 2678 4710 implicitum
2728 4640 2786 4695 in
2833 4654 2986 4706 sese,
3020 4640 3274 4711 idemque
3315 4650 3580 4711 praestare

1978 4748 2204 4805 prorsus
2254 4734 2399 4805 quod
2447 4733 2539 4788 illa
2581 4734 2883 4790 Salvatoris
2940 4735 3027 4790 lex
3081 4733 3299 4790 ellicit':
3353 4734 3413 4787 Si
3460 4735 3579 4805 quis
3684 4806 3691 4811 _

1976 4827 2293 4897 percusserit
2326 4834 2373 4880 te
2407 4828 2461 4880 in
2489 4824 2736 4880 dextram
2769 4826 3262 4895 maxillam,prazbe
3278 4826 3362 4881 illi
3377 4836 3425 4880 et
3445 4826 3581 4880 alle-

1981 4936 2094 4974 ram
2130 4919 2168 4972 δ.
2201 4919 2357 4985 Quod
2384 4919 2563 4989 ipsum
2600 4918 2684 4972 lex
2718 4918 2848 4973 olim
2876 4919 3126 4973 obtinere
3150 4919 3425 4985 studebat,
3451 4934 3578 4972 cum

1980 5010 2056 5067 ita
2099 5012 2420 5081 praeciperet
2462 5028 2476 5064 :
2528 5008 2756 5065 Oculum
2794 5024 2891 5077 pro
2926 5009 3099 5077 acuto,
3136 5017 3268 5074 ctc.,
3312 5009 3419 5065 hoc
3461 5016 3577 5075 est,

1982 5104 2163 5177 praebe
2199 5103 2273 5156 illi
2315 5102 2613 5156 maxillam.
2642 5099 2777 5155 Nam
2806 5108 2868 5154 ut
2911 5116 3006 5157 eas
3041 5115 3236 5171 pinnas
3284 5100 3578 5173 eﬂ‘ugeret,

1988 5196 2058 5251 ob
2099 5209 2238 5265 quas
2283 5194 2331 5248 si
2373 5200 2684 5263 percuteret
2716 5192 2869 5248 luere
2907 5202 3217 5263 oporteret,
3264 5193 3578 5249 verberanti

1989 5285 2264 5341 maxillam
2294 5283 2528 5355 praebuit
2559 5302 2571 5338 :
2605 5284 2748 5340 haud
2787 5285 3011 5356 ignarus
3050 5284 3093 5341 si
3145 5285 3365 5341 oculum
3397 5285 3580 5342 eruis-

1988 5387 2093 5440 set,
2127 5376 2267 5432 idcm
2304 5379 2405 5434 sibi
2429 5393 2495 5433 ex
2530 5378 2647 5448 lege
2675 5392 2797 5434 esse
2828 5376 3237 5435 sustinendum.

2060 5470 2147 5525 XI.
2182 5472 2361 5543 Atque
2415 5483 2472 5529 ut
2522 5472 2682 5527 Pater
2735 5472 2936 5527 liberos
2975 5471 3055 5526 sic
3098 5471 3372 5537 instituit,
3411 5475 3469 5523 ut
3505 5464 3575 5523 ad

998 5628 1015 5657 ⁸
1043 5625 1230 5682 Matth.
1267 5643 1318 5693 ν,
1347 5626 1437 5683 45.
1515 5629 1533 5661 ³
1564 5625 1737 5684 Exod.
1772 5644 1875 5696 mu1

1984 5628 2025 5698 i;
2063 5626 2239 5685 chit.
2283 5644 2434 5699 χειν,
2466 5627 2555 5685 20.
2636 5628 2656 5659 ⁸
2685 5626 2874 5684 Matth.
2910 5643 2961 5694 v,
2992 5625 3083 5691 59.
