4078 6074
288 186 393 244 επ

1327 175 1702 235 λονεῐιδυε
1738 162 2088 231 ΗᾸΞΒΕΞΕΞ
2127 171 2259 229 UB.
2305 172 2349 228 1.
2395 167 2563 231 τΟΜ.
2604 171 2699 228 Ill.

3479 179 3588 243 678

288 303 486 376 ἔφερες
513 303 666 372 ἡμῖν,
704 300 904 368 μᾶλλον
925 299 980 353 δὲ
1009 266 1191 371 σαυτῷ
1220 299 1314 352 καὶ
1346 301 1459 363 τοῖς
1488 298 1595 351 ὑπὸ
1628 296 1721 352 σοῦ
1744 297 1889 367 ἠπα-

2012 300 2155 358 aato,
2186 292 2469 348 caeterisve
2511 291 2777 362 disputat.
2814 290 2996 364 Atque
3047 293 3261 350 utinam
3297 297 3589 356 veritatem

290 394 551 466 τημένοις
581 395 593 446 l

364 658 466 711 lB’.
497 656 725 729 Νομίζω
756 656 814 711 δὲ
836 656 929 711 καὶ
960 658 1019 711 ὲν
1041 654 1120 728 τῷ
1150 654 1382 728 παρόντι
1415 653 1615 718 ἱκανῶς
1632 655 1773 726 πρὸς
1791 654 1891 721 τάς

292 768 388 806 σου
414 749 620 817 λέξεις,
665 742 711 804 ὧ
757 747 995 821 ἀγύρτα,
1051 746 1328 820 εἰρῆσθαι.
1375 740 1478 799 Ὧν
1521 747 1757 818 ποιήσας
1799 746 1892 801 τὸν

291 840 537 911 ἔλεγχον,
577 839 673 892 Earl
706 836 805 902 τὰς
838 836 967 909 ἑξῆς
992 836 1234 911 αἱρέσεις
1270 834 1580 907 βαδιοῦμαι,
1606 835 1699 890 τὸν
1731 834 1894 889 αὑτίν

292 930 428 985 Θεὸν
478 930 726 1002 συνήθως
770 928 1204 1000 ἐπικαλούμενος
1241 927 1604 1000 ἐπικουρῆσαι
1627 929 1695 999 τῇ
1733 925 1894 998 ἡμῶν

296 1022 634 1096 μετριότητι,
664 1023 744 1087 είς
780 1020 840 1076 τὸ
878 1020 1134 1094 φωρᾶσαι
1158 1021 1400 1096 ἑκάστης
1425 1020 1693 1093 αἱρέσεως
1727 1035 1921 1090 παραί

294 1095 676 1186 πεποιημένης
698 1113 789 1166 τὸν
831 1111 1076 1183 ἔλεγχον.
1123 1112 1248 1165 Ὀτι
1292 1095 1391 1183 μὲν
1421 1110 1530 1183 γὰρ
1563 1110 1895 1183 συρίγμασιν

293 1204 517 1271 ἑαυτοῦ,
542 1204 617 1270 ῶς
649 1204 758 1260 ἀπὸ
781 1203 1063 1277 θαλάσσης
1086 1203 1328 1258 ἀνελθὼν
1343 1203 1421 1277 (8)
1450 1202 1775 1275 καρχαρίας,
1801 1204 1897 1257 καὶ

295 1297 514 1370 ἔχιδναν
538 1295 1019 1369 προσκαλούμενος
1068 1295 1165 1368 τὴν
1188 1293 1415 1367 Φλώραν
1458 1294 1547 1349 διὰ
1572 1294 1682 1347 τῶν
1710 1311 1897 1365 γραμα

298 1392 507 1465 μάτων,
534 1391 707 1462 αὐτήν
735 1406 797 1442 τε
826 1390 923 1444 καὶ
953 1388 1149 1454 ἄλλους
1199 1389 1298 1442 σὺν
1333 1390 1474 1462 αὐτῇ
1513 1389 1787 1459 ὴπάτησε,
1812 1387 1898 1441 δὲ-

295 1487 509 1541 δεικται
557 1486 615 1537 ἐν
661 1484 777 1548 τοῖς
823 1470 1174 1555 εἰρημένοις
1205 1483 1262 1536 ὲν
1299 1482 1357 1537 δὲ
1408 1485 1470 1555 τῇ
1512 1482 1613 1552 τῆς
1638 1479 1899 1552 ἀληθείας

300 1580 540 1651 σαγήνῃ.
586 1570 654 1650 ἦς
690 1577 751 1630 τὸ
793 1576 1023 1647 αἴνιγμα
1051 1578 1080 1630 ὁ
1127 1574 1330 1647 Κύριος
1364 1576 1423 1628 ἐν
1470 1573 1549 1646 τῷ
1579 1571 1899 1643 Εὑαγγελίῳ

1991 386 2050 441 in
2074 385 2333 441 omnibus
2378 384 2681 448 retineres,
2714 398 2893 454 neque
2935 385 3158 442 tertium
3191 388 3384 445 nescio
3421 405 3588 459 quem

1991 478 2155 534 deum
2182 492 2247 532 ac
2286 475 2525 533 medium
2546 517 2564 544 ,
2589 476 2683 548 qui
2716 476 2901 532 nullus
2930 484 3017 533 est
3043 478 3228 546 nobis,
3251 480 3337 537 vel
3368 480 3466 537 tibi
3490 494 3590 551 po—

1989 570 2102 626 tius
2137 583 2201 624 ac
2229 568 2344 624 tuis
2378 568 2733 624 obtruderesl

2064 660 2232 732 228
2261 657 2376 716 ΧΗ.
2410 659 2520 715 Sed
2553 658 2988 731 impurissimam
3020 658 3172 716 illam
3214 670 3364 716 tuam
3396 675 3587 716 vocem

1993 756 2130 810 satis
2163 753 2218 808 in
2260 751 2609 823 praesentiam
2661 767 3038 823 compressam
3072 753 3338 819 arbitrer,
3377 753 3595 824 impru-

1994 845 2318 902 dentissime
2351 845 2591 901 nebulo!
2641 843 2819 916 Cujus
2865 845 3123 901 convicta
3162 844 3410 902 falsitate
3438 853 3597 900 ante—

1994 954 2159 1007 quam
2187 938 2431 1010 reliquas
2463 938 2533 993 ad
2586 936 2829 994 haereses
2877 938 3320 1009 progrediamur,
3349 937 3594 993 divinam

1996 1048 2098 1105 pro
2127 1047 2193 1089 eo
2223 1047 2290 1087 ac
2310 1031 2579 1096 solemus,
2615 1045 2776 1102 opem
2807 1029 3252 1102 implorabimus,
3284 1036 3348 1084 ut
3377 1028 3447 1085 ad
3474 1029 3597 1083 illas

1991 1124 2325 1197 jugulandas
2356 1123 2615 1178 tenuitati
2650 1127 2858 1178 nostra:
2896 1122 3042 1178 vires
3077 1119 3415 1191 suppeditet.
3449 1118 3600 1174 Satis

1996 1217 2143 1272 enim
2190 1231 2255 1272 ex
2288 1215 2357 1271 iis
2389 1230 2511 1286 quae
2546 1214 2792 1270 diximus
2826 1213 3168 1271 intellectum
3197 1212 3399 1283 opinor
3425 1253 3442 1280 ,
3470 1210 3601 1268 Pto-

1998 1309 2283 1373 lemamm,
2320 1307 2518 1363 marini
2553 1306 2711 1362 canis
2766 1306 2964 1371 instar,
3018 1304 3114 1376 qui
3163 1320 3196 1361 e
3239 1303 3436 1376 pelago
3469 1318 3601 1375 pro-

2000 1401 2191 1457 siliens
2230 1400 2478 1470 viperam
2528 1399 2707 1455 sibilis
2753 1398 2874 1454 suis
2922 1396 3258 1461 evocat,sic
3286 1395 3444 1450 illum
3475 1392 3604 1450 Flo-

1998 1508 2116 1549 ram
2148 1493 2348 1548 litteris
2382 1490 2657 1548 excivisse
2678 1531 2695 1558 ,
2729 1505 2794 1545 ac
2828 1497 2940 1545 tam
2980 1503 3136 1554 eam,
3172 1501 3339 1556 quam
3369 1492 3603 1541 caeteros

2001 1583 2058 1637 in
2087 1582 2336 1637 fraudem
2368 1581 2678 1651 impulisse.
2715 1577 2827 1636 Nos
2850 1586 3033 1634 autem
3061 1586 3420 1651 posteaquam
3455 1574 3604 1629 veri-

298 1669 585 1742 βασιλείαν
638 1668 886 1741 οὐρανῶν
944 1668 1299 1739 ἀπεφήνατο,
1352 1665 1752 1739 ὲνειλήσαντες,
1802 1669 1899 1723 καὶ

2012 1676 2130 1730 tatis
2182 1674 2328 1730 buuc
2357 1689 2596 1744 sagena,
2644 1672 2807 1743 cujus
2867 1671 3230 1727 similitudine
3264 1669 3497 1725 cmleste
3545 1668 3605 1723 in

297 1762 408 1816 τῶν
436 1761 691 1833 πονηρῶν
724 1759 924 1831 ἰχθύων
971 1758 1068 1812 ἕνα
1094 1757 1226 1813 ὅντα
1254 1757 1419 1811 αὑτὸν
1452 1757 1794 1826 ἐλέγξαντες,
1821 1758 1900 1830 τῷ

2012 1768 2298 1839 Evangelia
2344 1782 2575 1838 regnum
2627 1765 2896 1821 Dominus
2949 1764 3258 1835 expressit,
3326 1763 3603 1820 irretitum

299 1854 371 1909 τὰ
408 1852 662 1925 μοχθηρά
712 1854 937 1925 ῥήματα
966 1850 1132 1905 αὐτοῦ
1165 1849 1395 1923 φωρατὰ
1435 1850 1680 1920 ποιῆσαι,
1707 1853 1773 1920 τῇ
1804 1851 1903 1922 τῆς

2012 1856 2290 1912 tenuimus
2310 1897 2325 1918 .
2370 1865 2539 1928 atque
2583 1870 2615 1912 e
2644 1856 2917 1911 malorum
2950 1854 3185 1925 piscium
3219 1869 3343 1909 esse
3370 1866 3606 1908 numero

302 1945 539 2019 ἀληθοῦς
568 1944 807 2008 πίστεως
859 1943 1182 2014 διδασκαλίᾳ
1230 1943 1533 2015 ᾐτήσαμεν.
1578 1941 1667 1995 Ἐν
1690 1944 1759 2014 τῇ
1806 1941 1901 1995 τοῦ

2012 1948 2543 2015 demonstravimus,
2594 1946 2727 2003 dum
2763 1946 2996 2003 sincerae
3049 1943 3173 1999 iidei
3222 1943 3475 1998 doctrina
3502 1941 3608 1995 im-

303 2037 441 2093 Θεοῦ
503 2037 685 2091 τοίνυν
728 2034 960 2107 δυνάμει
1017 2033 1412 2107 συντρίψαντες
1474 2033 1685 2098 τοῦτον,
1747 2032 1902 2088 αὐτοὶ

312 2131 417 2203 μὲν
439 2128 559 2200 Θεῷ
588 2129 1103 2202 εὐχαριστήσωμεν,
1151 2126 1243 2179 ἐπὶ
1285 2125 1341 2179 δὲ
1370 2125 1473 2189 τὰς
1515 2124 1643 2197 ἑξῆς
1675 2124 1897 2197 ὁμοίως,

303 2222 382 2288 ὡς
406 2224 690 2294 προεῖπον,
743 2217 1111 2293 προέρχεσθαι
1135 2216 1544 2289 ἐπιϐαλώμεθα.

2008 2054 2177 2110 puras
2210 2038 2361 2095 illius
2404 2052 2570 2094 voces
2620 2036 2904 2104 elisimus;
2946 2035 3158 2091 obtrito
3189 2032 3285 2090 Dei
3336 2048 3443 2106 Ope
3477 2047 3608 2103 pro-

2009 2128 2302 2200 ﬂigatoque
2342 2135 2624 2195 monstro,
2659 2129 2895 2199 primum
2924 2126 3003 2181 illi
3033 2132 3274 2196 quantas
3311 2136 3609 2195 possumus

2007 2222 2213 2292 gratias
2263 2222 2568 2288 habemus;
2619 2220 2819 2277 deinde
2873 2218 2943 2274 ad
2988 2225 3218 2274 caeteras
3256 2215 3496 2282 eodem,
3545 2218 3609 2270 ut

2006 2314 2278 2379 diximus,
2316 2313 2456 2385 pede
2478 2312 2710 2385 gradum
2743 2310 3031 2367 faciemus.
3268 2318 3272 2323 '

334 2582 3585 2629 Μ

1084 2743 1252 2815 229
1284 2745 1505 2798 TAAE
1540 2741 1886 2797 ΕΝΕΣΤΙ
1938 2743 2058 2796 ΕΝ
2108 2742 2205 2812 Τῼ
2275 2739 2536 2811 ΤΡΙΤῼ
2603 2740 2826 2809 ΤΟΜῼ

1586 2860 1725 2913 ΤΟΥ
1754 2857 2031 2913 ΠΡΩΤΟΥ
2062 2858 2362 2923 ΒῙΒΛΙΟΥ,

1447 2976 1553 3032 Ἑν
1594 2968 1644 3043 ᾧ
1672 2989 1839 3030 εισιν
1871 2972 2137 3042 αἱρέσεις
2172 2971 2500 3041 δεκατρεῖς.

671 3200 1068 3262 IVDICULUS
1117 3200 1548 3263 HERESEON
1596 3201 1769 3289 Οἱ]λὲ
1825 3202 1905 3264 IN
1956 3201 2040 3263 III
2091 3197 2299 3260 TOMO
2356 3195 2567 3256 LIBRI
2613 3194 2643 3256 Ι
2698 3190 3259 3270 CONTINENTUR,

1634 3347 1879 3397 SUNTQUE
1924 3346 2142 3387 NUIERO
2179 3346 2233 3385 XI
2243 3345 2279 3385 ll
2289 3371 2302 3385 .

390 3594 757 3665 Μαρκὼσιοι.
784 3593 1014 3667 Μάρκος
1068 3613 1150 3660 τις
1197 3596 1489 3669 γεγένηται
1558 3599 1910 3671 Κολορϐάσου

2085 3599 2367 3656 Marcus-ii.
2393 3594 2611 3650 Marcus
2627 3593 2849 3665 quidam
2874 3588 3382 3650 exstititColorbasi
3398 3588 3623 3650 condis-

318 3688 721 3762 συμφοιτητὴς,
755 3687 849 3741 δύο
864 3687 1041 3760 ἀρχὰς
1065 3691 1160 3744 καὶ
1176 3690 1338 3753 αὐτὸς
1363 3691 1733 3761 παρεισάγων.
1766 3693 1917 3748 Ἀθε-

314 3787 406 3839 es?
446 3784 505 3838 δὲ
567 3783 781 3855 νεκρῶν
816 3784 1131 3840 ἀνάστασιν.
1172 3786 1492 3850 ⁵Φαντασίοις
1544 3786 1601 3840 δέ
1645 3806 1800 3854 τινας
1846 3790 1914 3844 δι’

318 3876 673 3947 ἐκπωμάτων
718 3874 777 3941 ἐξ
800 3875 1056 3948 ὲπαοιδῆς
1080 3878 1158 3940 είς
1184 3878 1411 3931 κυάνεον
1440 3877 1635 3949 χρῶμα
1657 3880 1752 3933 καὶ
1786 3898 1919 3954 πορ-

318 3968 529 4040 φῦρεον
591 3966 949 4040 μεταϐαλὼν,
995 3966 1380 4039 ἐμυσταγώγει
1410 3969 1508 4032 τὰς
1552 3972 1920 4043 ἀπατωμένας

317 4063 613 4130 γυναῖκας.
657 4059 766 4112 Καὶ
810 4058 973 4121 αὐτὸς
1048 4056 1105 4110 δὲ
1144 4057 1251 4112 τῶν
1283 4060 1741 4133 εἰκοσιτεσσάρων
1777 4080 1921 4118 στοι-

319 4155 494 4226 χείων
513 4152 762 4224 βούλεται
780 4150 847 4204 τὰ
860 4150 1039 4203 πάντα
1056 4149 1307 4221 ἡγεῖσθαι
1338 4149 1539 4221 ὁμοίως
1562 4152 1918 4227 Οὐαλεντίνῳ.

404 4332 818 4402 Κολορΰάσιοι.
842 4332 950 4385 Καὶ
967 4323 1121 4393 οὗτος
1149 4332 1177 4384 ὁ
1199 4330 1547 4401 Κολόρϐασος
1571 4331 1833 4396 ὡσαύτως
1857 4337 1926 4391 τὰ

318 4426 476 4483 αὑτὰ
506 4424 885 4497 διηγούμενος,
915 4424 1056 4477 κατά
1082 4440 1134 4476 τι
1158 4422 1215 4477 δὲ
1236 4423 1626 4497 διαφερόμενος
1658 4425 1794 4495 πρὸς
1829 4426 1927 4491 τὰς

318 4518 502 4581 ἄλλας
527 4516 799 4587 αἱρέσεις,
839 4515 983 4585 φημὶ
1021 4515 1077 4569 δὲ
1106 4515 1242 4587 πρὸς
1275 4515 1375 4579 τὰς
1411 4516 1540 4587 περὶ
1574 4508 1799 4586 Μάρῖιον
1834 4520 1927 4572 καὶ

318 4611 713 4677 Οὑαλεντῖνον,
746 4609 847 4674 τὰς
873 4609 1146 4683 προϐολὰς
1210 4610 1305 4663 καὶ
1348 4612 1636 4681 Ὀγδοάδας
1666 4612 1886 4684 ἑτέρους
1910 4611 1925 4641 ⁸

316 4701 565 4767 ἐδίδαξε.
1828 4691 1843 4705 ’

419 4793 892 4864 Ἠριιιιλειιηοῒται.
926 4795 1037 4848 Καὶ
1067 4794 1222 4848 αὐτοὶ
1259 4797 1324 4866 τῇ
1357 4794 1463 4848 τῶν
1508 4796 1806 4865 Ὀγδοάδων
1836 4796 1932 4866 φέ-

322 4902 527 4959 ρονται
554 4867 851 4956 μυσολογίᾳ
871 4902 883 4914 ·
914 4884 1114 4955 ἑτέρως
1151 4883 1206 4935 δὲ
1246 4881 1398 4953 παρὰ
1428 4876 1520 4937 τὸν
1554 4883 1802 4955 Μάρκον,
1838 4881 1932 4936 καὶ

318 4978 678 5047 Πτολεμαῖον
705 5016 719 5040 ,
775 4977 872 5031 καὶ
922 4975 1272 5030 Οὐαλεντϊνον
1311 5013 1326 5039 ,
1389 4976 1482 5028 καὶ
1537 4975 1662 5039 τοὶς
1716 4974 1929 5038 ἄλλους.

336 5069 517 5124 Ἀλλὰ
547 5070 642 5123 καὶ
688 5068 825 5140 πρὸς
857 5069 923 5141 τῇ
963 5067 1186 5138 τελευτῇ
1213 5067 1340 5130 τοὺς
1372 5066 1501 5138 παρ’
1534 5068 1715 5131 αὐτοῖς
1744 5066 1932 5120 τελευ-

417 5293 434 5325 ¹
468 5291 603 5364 Leg.
636 5292 866 5365 ἑτέρως.

415 5454 494 5524 (8)
525 5453 620 5518 Ὠς
651 5450 775 5524 ἀπὸ
797 5451 1118 5524 ᾂαλὰσσης
1161 5446 1449 5524 ἀνορθῶν.
1486 5446 1809 5524 Καρχαρίας
1838 5445 1948 5505 lle-

310 5517 507 5609 qui.
564 5517 650 5578 est
700 5520 1201 5609 θαλάττιοςνκύων.
1225 5517 1633 5609 ,ϐοηοιιιυνεινο
1669 5517 1943 5572 marinum

312 5588 570 5666 viperis
613 5607 841 5666 evocare
881 5588 1100 5657 sibilis,
1150 5596 1247 5644 aut
1292 5604 1417 5643 cum
1466 5588 1535 5643 iis
1577 5603 1943 5666 consuescere

314 5658 633 5737 ndnqiiam
684 5664 806 5735 legi.
857 5665 999 5729 Sane
1052 5673 1330 5722 muraenas
1392 5673 1421 5713 a
1475 5659 1823 5729 serpentibus
1869 5658 1938 5715 ad

2017 3691 2316 3765 cipulus.ls
2345 3691 2455 3745 duo
2482 3688 2739 3744 similiter
2766 3685 3032 3756 principia
3052 3683 3358 3741 constituit.
3373 3683 3615 3741 Mortuo-

2019 3802 2139 3841 rum
2158 3781 2617 3839 resurrectionem
2632 3777 2884 3848 negabat;
2904 3776 3158 3831 utebatur
3176 3775 3623 3847 prmstigiisejus-

2019 3878 2189 3945 modi,
2224 3884 2283 3932 ut
2317 3875 2484 3931 certis
2516 3871 2856 3930 carminibus
2893 3870 3215 3940 poculorum
3254 3870 3521 3941 liquorem
3564 3872 3621 3926 in

2022 3970 2313 4027 caeruleum
2342 3978 2783 4040 purpureumque
2852 3963 3091 4018 colorem
3124 3969 3392 4042 \jerteret:
3423 3963 3623 4033 quibus

2025 4063 2201 4118 sacris
2244 4059 2494 4117 infelices
2540 4056 2899 4113 mulierculas
2940 4054 3160 4110 initiare
3209 4054 3439 4110 solebat.
3474 4052 3623 4110 ldcm

2025 4156 2091 4210 ad
2142 4169 2270 4209 xxrv
2331 4153 2601 4210 elementa
2640 4149 2864 4221 perinde
2898 4162 2965 4202 ac
3005 4145 3329 4202 Valentinus
3363 4145 3623 4202 universa

2026 4261 2287 4303 revocare
2312 4244 2528 4299 nititur.

2098 4338 2416 4394 Colorbasii.
2443 4328 3008 4392 Colorbasuseasdém
3044 4330 3159 4386 fere
3177 4329 3465 4401 Opiniones
3499 4344 3622 4383 am-

2022 4433 2207 4503 plexus
2221 4427 2440 4485 est.$cd
2460 4426 2721 4482 nonnulla
2734 4433 2918 4480 tamen
2942 4433 3094 4486 sunt.
3121 4424 3175 4479 in
3194 4422 3395 4495 quibus
3415 4421 3483 4477 ab
3498 4422 3624 4479 aliis

2030 4522 2333 4580 lneresibus
2356 4521 2657 4592 discrepat,
2683 4518 2851 4574 Marci
2871 4533 2935 4574 ac
2959 4516 3232 4572 Valentini
3253 4516 3621 4588 potissimum.

2031 4613 2319 4685 Siquidem
2364 4613 2790 4686 propagationes
2827 4610 3065 4668 AEonum
3099 4618 3154 4665 et
3190 4608 3479 4680 Ogdoadas
3515 4607 3626 4661 alio

2033 4706 2195 4762 modo
2227 4706 2467 4763 tradidit.

2107 4799 2518 4855 Heracleonitw.
2552 4798 2730 4853 Etiam
2767 4800 2855 4855 isti
2898 4796 3307 4855 commentitias
3338 4792 3628 4867 Ogdoadas

1965 4916 2007 4971 ι)
2038 4893 2400 4948 retinuerunt.
2441 4891 2494 4947 ln
2532 4891 2731 4963 quibus
2763 4892 3163 4962 cxplicandisa
3197 4889 3384 4953 Marci,
3414 4896 3469 4944 et
3496 4884 3629 4941 Pto-

2042 4983 2238 5049 lema-i,
2272 4999 2335 5039 ac
2372 4982 2647 5039 Valentini
2673 4990 3113 5053 czeterorumque
3138 4980 3397 5051 opinione
3419 4978 3630 5036 disces.

2042 5081 2254 5130 serunt.
2291 5071 2433 5129 Suos
2460 5088 2627 5145 porro
2657 5072 2760 5130 sub
2789 5073 2967 5140 ipsum
3008 5070 3128 5127 vitae
3162 5069 3370 5127 exitum
3405 5069 3633 5141 perinde

2056 5445 2269 5503 coitum
2300 5444 2519 5501 evocari
2562 5444 2743 5501 sibilis
2785 5442 2978 5498 scribit
3011 5439 3155 5495 Plin.
3191 5454 3363 5501 xxxii,
3401 5430 3658 5513 cam-3}

2057 5515 2135 5571 01:
2193 5501 2266 5575 id
2291 5516 2448 5574 sibilo
2485 5532 2517 5570 a
2559 5513 2913 5587 piscatoribus
2936 5521 3255 5587 ,__ta.nquam
3294 5501 3672 5587 εενρικιὶίξιξ-Σξ

2050 5595 2292 5660 evocari,
2326 5598 2372 5644 et
2401 5587 2536 5653 capi.
2559 5575 2894 5660 ’Καρχαρίαν
2920 5579 3068 5660 aliud
3098 5575 3221 5638 esse
3256 5591 3420 5649 quam
3448 5575 3679 5628 canem

2050 5657 2157 5714 hoc
2201 5661 2434 5742 quidem
2465 5660 2585 5716 loco
2618 5657 2845 5717 necesse
2869 5659 2973 5709 cst.
