  <div class='ocr_page' id='page_1' title='image "/cluster/home/n/w/nwhite01/storage/ocr_20150623/41/hvd.32044073501868/311.png"; bbox 0 0 3956 6070; ppageno 0'>
   <div class='ocr_carea' id='block_1_1' title="bbox 355 245 1952 332">
    <p class='ocr_par' dir='ltr' id='par_1_1' title="bbox 355 252 1952 332">
     <span class='ocr_line' id='line_1_1' title="bbox 355 252 1952 332; baseline -0.006 -11"><span class='ocrx_word' id='word_1_1' title='bbox 355 264 461 321; x_wconf 72' lang='lat' dir='ltr'><strong>ras</strong></span> <span class='ocrx_word' id='word_1_2' title='bbox 1773 257 1833 332; x_wconf 64' lang='grc' dir='ltr'>δ.</span> <span class='ocrx_word' id='word_1_3' title='bbox 1876 252 1952 312; x_wconf 78' lang='lat' dir='ltr'><strong>EF</strong></span> 
     </span>
    </p>
   </div>
   <div class='ocr_carea' id='block_1_2' title="bbox 2068 245 3662 332">
    <p class='ocr_par' dir='ltr' id='par_1_2' title="bbox 2068 245 3662 312">
     <span class='ocr_line' id='line_1_2' title="bbox 2068 245 3662 312; baseline 0.001 -3"><span class='ocrx_word' id='word_1_4' title='bbox 2068 251 2223 310; x_wconf 78' lang='lat' dir='ltr'><strong>lANli</strong></span> <span class='ocrx_word' id='word_1_5' title='bbox 2834 245 2849 255; x_wconf 79' lang='lat'><em>’</em></span> <span class='ocrx_word' id='word_1_6' title='bbox 3554 245 3662 312; x_wconf 79' lang='lat' dir='ltr'><strong>‘ssa</strong></span> 
     </span>
    </p>
   </div>
   <div class='ocr_carea' id='block_1_3' title="bbox 359 344 1952 452">
    <p class='ocr_par' dir='ltr' id='par_1_3' title="bbox 359 344 1952 452">
     <span class='ocr_line' id='line_1_3' title="bbox 359 344 1952 452; baseline -0.005 -12"><span class='ocrx_word' id='word_1_7' title='bbox 359 401 426 442; x_wconf 81' lang='lat' dir='ltr'><strong>ac</strong></span> <span class='ocrx_word' id='word_1_8' title='bbox 451 385 673 442; x_wconf 72' lang='lat' dir='ltr'><strong>Marcus</strong></span> <span class='ocrx_word' id='word_1_9' title='bbox 702 381 964 451; x_wconf 84' lang='lat' dir='ltr'><strong>instituit,</strong></span> <span class='ocrx_word' id='word_1_10' title='bbox 1022 378 1165 447; x_wconf 87' lang='lat' dir='ltr'><strong>oleo.</strong></span> <span class='ocrx_word' id='word_1_11' title='bbox 1201 378 1579 452; x_wconf 78' lang='lat' dir='ltr'><strong>opobalsama,</strong></span> <span class='ocrx_word' id='word_1_12' title='bbox 1614 344 1845 447; x_wconf 47' lang='lat' dir='ltr'><strong>et&#39;aqua</strong></span> <span class='ocrx_word' id='word_1_13' title='bbox 1876 375 1952 432; x_wconf 89' lang='lat' dir='ltr'><strong>lu-</strong></span> 
     </span>
    </p>
   </div>
   <div class='ocr_carea' id='block_1_4' title="bbox 2068 344 3662 452">
    <p class='ocr_par' dir='ltr' id='par_1_4' title="bbox 2068 367 3662 447">
     <span class='ocr_line' id='line_1_4' title="bbox 2068 367 3662 447; baseline -0.001 -17"><span class='ocrx_word' id='word_1_14' title='bbox 2068 374 2271 439; x_wconf 85' lang='grc' dir='ltr'>τῶντας</span> <span class='ocrx_word' id='word_1_15' title='bbox 2323 374 2525 446; x_wconf 84' lang='grc' dir='ltr'>ὁμοίως</span> <span class='ocrx_word' id='word_1_16' title='bbox 2572 372 2650 446; x_wconf 78' lang='grc' dir='ltr'>τῷ</span> <span class='ocrx_word' id='word_1_17' title='bbox 2704 367 2919 447; x_wconf 80' lang='grc' dir='ltr'>Μάρκῳ</span> <span class='ocrx_word' id='word_1_18' title='bbox 2968 368 3293 446; x_wconf 78' lang='grc' dir='ltr'>λυτροῦνται</span> <span class='ocrx_word' id='word_1_19' title='bbox 3342 372 3407 427; x_wconf 77' lang='grc' dir='ltr'>δι’</span> <span class='ocrx_word' id='word_1_20' title='bbox 3456 372 3662 441; x_wconf 77' lang='grc' dir='ltr'>ἐλαίου,</span> 
     </span>
    </p>
   </div>
   <div class='ocr_carea' id='block_1_5' title="bbox 360 462 1952 559">
    <p class='ocr_par' dir='ltr' id='par_1_5' title="bbox 360 468 1952 559">
     <span class='ocr_line' id='line_1_5' title="bbox 360 468 1952 559; baseline -0.006 -25"><span class='ocrx_word' id='word_1_21' title='bbox 360 486 569 559; x_wconf 77' lang='lat' dir='ltr'><strong>stratos</strong></span> <span class='ocrx_word' id='word_1_22' title='bbox 599 492 654 543; x_wconf 83' lang='lat' dir='ltr'><strong>tn</strong></span> <span class='ocrx_word' id='word_1_23' title='bbox 684 478 918 533; x_wconf 75' lang='lat' dir='ltr'><strong>salutem</strong></span> <span class='ocrx_word' id='word_1_24' title='bbox 937 481 1230 540; x_wconf 86' lang='lat' dir='ltr'><strong>asserunt;</strong></span> <span class='ocrx_word' id='word_1_25' title='bbox 1259 478 1478 544; x_wconf 81' lang='lat' dir='ltr'><strong>unaque</strong></span> <span class='ocrx_word' id='word_1_26' title='bbox 1515 484 1679 526; x_wconf 87' lang='lat' dir='ltr'><strong>voces</strong></span> <span class='ocrx_word' id='word_1_27' title='bbox 1694 468 1952 541; x_wconf 88' lang='lat' dir='ltr'><strong>quasdam</strong></span> 
     </span>
    </p>
   </div>
   <div class='ocr_carea' id='block_1_6' title="bbox 2068 462 3665 559">
    <p class='ocr_par' dir='ltr' id='par_1_6' title="bbox 2068 462 3665 554">
     <span class='ocr_line' id='line_1_6' title="bbox 2068 462 3665 554; baseline -0.002 -33"><span class='ocrx_word' id='word_1_28' title='bbox 2068 465 2475 538; x_wconf 76' lang='grc' dir='ltr'>ὀποϐαλσάμου,</span> <span class='ocrx_word' id='word_1_29' title='bbox 2508 466 2606 554; x_wconf 75' lang='grc' dir='ltr'>καὶ</span> <span class='ocrx_word' id='word_1_30' title='bbox 2634 465 2825 529; x_wconf 78' lang='grc' dir='ltr'>ὓδατος</span> <span class='ocrx_word' id='word_1_31' title='bbox 2850 507 2866 533; x_wconf 89' lang='grc'><strong>,</strong></span> <span class='ocrx_word' id='word_1_32' title='bbox 2900 463 3221 534; x_wconf 80' lang='grc' dir='ltr'><strong>ἐπικλήσεις</strong></span> <span class='ocrx_word' id='word_1_33' title='bbox 3247 462 3403 527; x_wconf 86' lang='grc' dir='ltr'>τινὰς</span> <span class='ocrx_word' id='word_1_34' title='bbox 3447 462 3665 535; x_wconf 73' lang='grc' dir='ltr'>Ἐϐραῖ-</span> 
     </span>
    </p>
   </div>
   <div class='ocr_carea' id='block_1_7' title="bbox 313 561 1890 639">
    <p class='ocr_par' dir='ltr' id='par_1_7' title="bbox 313 561 1890 639">
     <span class='ocr_line' id='line_1_7' title="bbox 313 561 1890 639; baseline -0.008 -14"><span class='ocrx_word' id='word_1_35' title='bbox 313 637 316 639; x_wconf 21' lang='grc' dir='ltr'>λ</span> <span class='ocrx_word' id='word_1_36' title='bbox 361 569 660 627; x_wconf 82' lang='lat' dir='ltr'><strong>llebraicas</strong></span> <span class='ocrx_word' id='word_1_37' title='bbox 691 568 749 623; x_wconf 91' lang='lat' dir='ltr'><strong>in</strong></span> <span class='ocrx_word' id='word_1_38' title='bbox 781 567 903 639; x_wconf 83' lang='lat' dir='ltr'><strong>ejus</strong></span> <span class='ocrx_word' id='word_1_39' title='bbox 922 566 1017 638; x_wconf 86' lang='lat' dir='ltr'><strong>qui</strong></span> <span class='ocrx_word' id='word_1_40' title='bbox 1048 565 1301 636; x_wconf 74' lang='lat' dir='ltr'><strong>expiatur</strong></span> <span class='ocrx_word' id='word_1_41' title='bbox 1326 568 1495 635; x_wconf 87' lang='lat' dir='ltr'><strong>caput</strong></span> <span class='ocrx_word' id='word_1_42' title='bbox 1519 561 1890 617; x_wconf 82' lang='lat' dir='ltr'><strong>insusurrant.</strong></span> 
     </span>
    </p>
   </div>
   <div class='ocr_carea' id='block_1_8' title="bbox 436 738 1960 819">
    <p class='ocr_par' dir='ltr' id='par_1_8' title="bbox 436 738 1960 819">
     <span class='ocr_line' id='line_1_8' title="bbox 436 738 1960 819; baseline -0.009 -12"><span class='ocrx_word' id='word_1_43' title='bbox 436 750 665 819; x_wconf 76' lang='lat' dir='ltr'><strong>Ophilw.</strong></span> <span class='ocrx_word' id='word_1_44' title='bbox 696 747 761 802; x_wconf 86' lang='lat' dir='ltr'><strong>Hi</strong></span> <span class='ocrx_word' id='word_1_45' title='bbox 801 753 1115 818; x_wconf 92' lang='lat' dir='ltr'><strong>serpentem</strong></span> <span class='ocrx_word' id='word_1_46' title='bbox 1152 751 1490 801; x_wconf 82' lang='lat' dir='ltr'><strong>venerantur</strong></span> <span class='ocrx_word' id='word_1_47' title='bbox 1524 757 1588 797; x_wconf 88' lang='lat' dir='ltr'><strong>ac</strong></span> <span class='ocrx_word' id='word_1_48' title='bbox 1620 738 1960 813; x_wconf 67' lang='lat' dir='ltr'><strong>praedicant;</strong></span> 
     </span>
    </p>
   </div>
   <div class='ocr_carea' id='block_1_9' title="bbox 359 833 1962 914">
    <p class='ocr_par' dir='ltr' id='par_1_9' title="bbox 359 833 1962 914">
     <span class='ocr_line' id='line_1_9' title="bbox 359 833 1962 914; baseline -0.006 -17"><span class='ocrx_word' id='word_1_49' title='bbox 359 856 595 912; x_wconf 89' lang='lat' dir='ltr'><strong>eumque</strong></span> <span class='ocrx_word' id='word_1_50' title='bbox 638 855 764 897; x_wconf 87' lang='lat' dir='ltr'><strong>esse</strong></span> <span class='ocrx_word' id='word_1_51' title='bbox 801 839 1087 896; x_wconf 81' lang='lat' dir='ltr'><strong>Christum</strong></span> <span class='ocrx_word' id='word_1_52' title='bbox 1128 845 1405 895; x_wconf 84' lang='lat' dir='ltr'><strong>asserunt.</strong></span> <span class='ocrx_word' id='word_1_53' title='bbox 1444 835 1529 893; x_wconf 89' lang='lat' dir='ltr'><strong>Ob</strong></span> <span class='ocrx_word' id='word_1_54' title='bbox 1567 836 1622 892; x_wconf 88' lang='lat' dir='ltr'><strong>id</strong></span> <span class='ocrx_word' id='word_1_55' title='bbox 1661 848 1854 914; x_wconf 85' lang='lat' dir='ltr'><strong>verum</strong></span> <span class='ocrx_word' id='word_1_56' title='bbox 1906 833 1962 888; x_wconf 89' lang='lat' dir='ltr'><strong>in</strong></span> 
     </span>
    </p>
   </div>
   <div class='ocr_carea' id='block_1_10' title="bbox 358 935 1378 1017">
    <p class='ocr_par' dir='ltr' id='par_1_10' title="bbox 358 935 1378 1017">
     <span class='ocr_line' id='line_1_10' title="bbox 358 935 1378 1017; baseline -0.006 -28"><span class='ocrx_word' id='word_1_57' title='bbox 358 935 499 991; x_wconf 87' lang='lat' dir='ltr'><strong>cista</strong></span> <span class='ocrx_word' id='word_1_58' title='bbox 533 938 845 1004; x_wconf 84' lang='lat' dir='ltr'><strong>serpentem</strong></span> <span class='ocrx_word' id='word_1_59' title='bbox 877 937 1186 987; x_wconf 87' lang='lat' dir='ltr'><strong>asservant.</strong></span> <span class='ocrx_word' id='word_1_60' title='bbox 1362 992 1378 1017; x_wconf 38' lang='grc' dir='ltr'><strong>η</strong></span> 
     </span>
    </p>
   </div>
   <div class='ocr_carea' id='block_1_11' title="bbox 430 1016 1961 1095">
    <p class='ocr_par' dir='ltr' id='par_1_11' title="bbox 430 1016 1961 1095">
     <span class='ocr_line' id='line_1_11' title="bbox 430 1016 1961 1095; baseline -0.005 -14"><span class='ocrx_word' id='word_1_61' title='bbox 430 1025 646 1081; x_wconf 82' lang='lat' dir='ltr'><strong>Caiani.</strong></span> <span class='ocrx_word' id='word_1_62' title='bbox 693 1023 948 1081; x_wconf 81' lang='lat' dir='ltr'><strong>Veterem</strong></span> <span class='ocrx_word' id='word_1_63' title='bbox 993 1023 1202 1095; x_wconf 78' lang='lat' dir='ltr'><strong>legem,</strong></span> <span class='ocrx_word' id='word_1_64' title='bbox 1240 1030 1293 1077; x_wconf 89' lang='lat' dir='ltr'><strong>et</strong></span> <span class='ocrx_word' id='word_1_65' title='bbox 1331 1016 1454 1076; x_wconf 84' lang='lat' dir='ltr'><strong>eum</strong></span> <span class='ocrx_word' id='word_1_66' title='bbox 1494 1018 1589 1091; x_wconf 85' lang='lat' dir='ltr'><strong>qui</strong></span> <span class='ocrx_word' id='word_1_67' title='bbox 1631 1018 1781 1075; x_wconf 90' lang='lat' dir='ltr'><strong>illius</strong></span> <span class='ocrx_word' id='word_1_68' title='bbox 1825 1016 1961 1089; x_wconf 93' lang='lat' dir='ltr'><strong>legis</strong></span> 
     </span>
    </p>
   </div>
   <div class='ocr_carea' id='block_1_12' title="bbox 359 1110 1960 1188">
    <p class='ocr_par' dir='ltr' id='par_1_12' title="bbox 359 1110 1960 1188">
     <span class='ocr_line' id='line_1_12' title="bbox 359 1110 1960 1188; baseline -0.004 -17"><span class='ocrx_word' id='word_1_69' title='bbox 359 1125 610 1188; x_wconf 87' lang='lat' dir='ltr'><strong>tempore</strong></span> <span class='ocrx_word' id='word_1_70' title='bbox 665 1117 884 1172; x_wconf 87' lang='lat' dir='ltr'><strong>locutus</strong></span> <span class='ocrx_word' id='word_1_71' title='bbox 938 1122 1057 1179; x_wconf 86' lang='lat' dir='ltr'><strong>est,</strong></span> <span class='ocrx_word' id='word_1_72' title='bbox 1118 1112 1429 1184; x_wconf 88' lang='lat' dir='ltr'><strong>repudiant.</strong></span> <span class='ocrx_word' id='word_1_73' title='bbox 1480 1110 1960 1167; x_wconf 81' lang='lat' dir='ltr'><strong>Resurrectionem</strong></span> 
     </span>
    </p>
   </div>
   <div class='ocr_carea' id='block_1_13' title="bbox 360 1203 1958 1279">
    <p class='ocr_par' dir='ltr' id='par_1_13' title="bbox 360 1203 1958 1279">
     <span class='ocr_line' id='line_1_13' title="bbox 360 1203 1958 1279; baseline -0.004 -16"><span class='ocrx_word' id='word_1_74' title='bbox 360 1209 551 1264; x_wconf 89' lang='lat' dir='ltr'><strong>carnis</strong></span> <span class='ocrx_word' id='word_1_75' title='bbox 620 1208 938 1279; x_wconf 87' lang='lat' dir='ltr'><strong>abnegant,</strong></span> <span class='ocrx_word' id='word_1_76' title='bbox 1001 1206 1235 1263; x_wconf 90' lang='lat' dir='ltr'><strong>Cainum</strong></span> <span class='ocrx_word' id='word_1_77' title='bbox 1306 1203 1723 1271; x_wconf 88' lang='lat' dir='ltr'><strong>commendant;</strong></span> <span class='ocrx_word' id='word_1_78' title='bbox 1796 1218 1958 1274; x_wconf 84' lang='lat' dir='ltr'><strong>quem</strong></span> 
     </span>
    </p>
   </div>
   <div class='ocr_carea' id='block_1_14' title="bbox 361 1295 1953 1369">
    <p class='ocr_par' dir='ltr' id='par_1_14' title="bbox 361 1295 1953 1369">
     <span class='ocr_line' id='line_1_14' title="bbox 361 1295 1953 1369; baseline -0.002 -17"><span class='ocrx_word' id='word_1_79' title='bbox 361 1301 759 1368; x_wconf 80' lang='lat' dir='ltr'><strong>praestantioris</strong></span> <span class='ocrx_word' id='word_1_80' title='bbox 811 1299 1103 1369; x_wconf 84' lang='lat' dir='ltr'><strong>cujusdam</strong></span> <span class='ocrx_word' id='word_1_81' title='bbox 1147 1297 1371 1352; x_wconf 86' lang='lat' dir='ltr'><strong>virtutis</strong></span> <span class='ocrx_word' id='word_1_82' title='bbox 1420 1295 1592 1352; x_wconf 83' lang='lat' dir='ltr'><strong>fuisse</strong></span> <span class='ocrx_word' id='word_1_83' title='bbox 1631 1295 1953 1367; x_wconf 81' lang='lat' dir='ltr'><strong>praedicant.</strong></span> 
     </span>
    </p>
   </div>
   <div class='ocr_carea' id='block_1_15' title="bbox 362 1387 1958 1463">
    <p class='ocr_par' dir='ltr' id='par_1_15' title="bbox 362 1387 1958 1463">
     <span class='ocr_line' id='line_1_15' title="bbox 362 1387 1958 1463; baseline -0.003 -15"><span class='ocrx_word' id='word_1_84' title='bbox 362 1390 473 1448; x_wconf 88' lang='lat' dir='ltr'><strong>Sed</strong></span> <span class='ocrx_word' id='word_1_85' title='bbox 495 1399 560 1463; x_wconf 85' lang='lat' dir='ltr'><strong>_et</strong></span> <span class='ocrx_word' id='word_1_86' title='bbox 582 1390 797 1460; x_wconf 63' lang='lat' dir='ltr'><strong>Judam</strong></span> <span class='ocrx_word' id='word_1_87' title='bbox 830 1391 1032 1447; x_wconf 83' lang='lat' dir='ltr'><strong>divinis</strong></span> <span class='ocrx_word' id='word_1_88' title='bbox 1060 1390 1363 1446; x_wconf 87' lang='lat' dir='ltr'><strong>honoribus</strong></span> <span class='ocrx_word' id='word_1_89' title='bbox 1410 1387 1688 1456; x_wconf 80' lang='lat' dir='ltr'><strong>alliciunt;</strong></span> <span class='ocrx_word' id='word_1_90' title='bbox 1741 1403 1958 1444; x_wconf 88' lang='lat' dir='ltr'><strong>necnon</strong></span> 
     </span>
    </p>
   </div>
   <div class='ocr_carea' id='block_1_16' title="bbox 359 1478 1683 1549">
    <p class='ocr_par' dir='ltr' id='par_1_16' title="bbox 359 1478 1683 1549">
     <span class='ocr_line' id='line_1_16' title="bbox 359 1478 1683 1549; baseline -0.002 -12"><span class='ocrx_word' id='word_1_91' title='bbox 359 1491 414 1537; x_wconf 87' lang='lat' dir='ltr'><strong>et</strong></span> <span class='ocrx_word' id='word_1_92' title='bbox 440 1481 604 1549; x_wconf 89' lang='lat' dir='ltr'><strong>Core,</strong></span> <span class='ocrx_word' id='word_1_93' title='bbox 634 1480 870 1548; x_wconf 87' lang='lat' dir='ltr'><strong>Dathan,</strong></span> <span class='ocrx_word' id='word_1_94' title='bbox 904 1488 959 1537; x_wconf 89' lang='lat' dir='ltr'><strong>et</strong></span> <span class='ocrx_word' id='word_1_95' title='bbox 983 1480 1214 1547; x_wconf 81' lang='lat' dir='ltr'><strong>Abiron,</strong></span> <span class='ocrx_word' id='word_1_96' title='bbox 1253 1494 1319 1537; x_wconf 92' lang='lat' dir='ltr'><strong>ac</strong></span> <span class='ocrx_word' id='word_1_97' title='bbox 1346 1478 1683 1536; x_wconf 81' lang='lat' dir='ltr'><strong>Sodomitas.</strong></span> 
     </span>
    </p>
   </div>
   <div class='ocr_carea' id='block_1_17' title="bbox 428 1661 1953 1739">
    <p class='ocr_par' dir='ltr' id='par_1_17' title="bbox 428 1661 1953 1739">
     <span class='ocr_line' id='line_1_17' title="bbox 428 1661 1953 1739; baseline -0.009 -12"><span class='ocrx_word' id='word_1_98' title='bbox 428 1666 594 1739; x_wconf 79' lang='lat'><strong>230</strong></span> <span class='ocrx_word' id='word_1_99' title='bbox 652 1665 922 1722; x_wconf 81' lang='lat' dir='ltr'><strong>Sethiani.</strong></span> <span class='ocrx_word' id='word_1_100' title='bbox 979 1663 1048 1719; x_wconf 84' lang='lat' dir='ltr'><strong>Hi</strong></span> <span class='ocrx_word' id='word_1_101' title='bbox 1104 1663 1332 1721; x_wconf 88' lang='lat' dir='ltr'><strong>Setbum</strong></span> <span class='ocrx_word' id='word_1_102' title='bbox 1389 1663 1644 1719; x_wconf 79' lang='lat' dir='ltr'><strong>laudibus</strong></span> <span class='ocrx_word' id='word_1_103' title='bbox 1702 1661 1953 1718; x_wconf 68' lang='lat' dir='ltr'><strong>efferunt.</strong></span> 
     </span>
    </p>
   </div>
   <div class='ocr_carea' id='block_1_18' title="bbox 2066 540 3673 629">
    <p class='ocr_par' dir='ltr' id='par_1_18' title="bbox 2066 540 3673 629">
     <span class='ocr_line' id='line_1_18' title="bbox 2066 540 3673 629; baseline -0.001 -15"><span class='ocrx_word' id='word_1_104' title='bbox 2066 562 2191 624; x_wconf 83' lang='grc' dir='ltr'>καϊς</span> <span class='ocrx_word' id='word_1_105' title='bbox 2227 558 2435 624; x_wconf 78' lang='grc' dir='ltr'><strong>λέξεσιν</strong></span> <span class='ocrx_word' id='word_1_106' title='bbox 2471 540 2820 627; x_wconf 81' lang='grc' dir='ltr'>ἐπίλέγοντες</span> <span class='ocrx_word' id='word_1_107' title='bbox 2852 556 2948 609; x_wconf 76' lang='grc' dir='ltr'><strong>ἐπὶ</strong></span> <span class='ocrx_word' id='word_1_108' title='bbox 2985 557 3053 627; x_wconf 78' lang='grc' dir='ltr'>τῇ</span> <span class='ocrx_word' id='word_1_109' title='bbox 3087 556 3301 629; x_wconf 79' lang='grc' dir='ltr'>κεφαλῇ</span> <span class='ocrx_word' id='word_1_110' title='bbox 3354 556 3451 610; x_wconf 80' lang='grc' dir='ltr'>τοῦ</span> <span class='ocrx_word' id='word_1_111' title='bbox 3505 555 3673 628; x_wconf 79' lang='grc' dir='ltr'>δῆθεν</span> 
     </span>
    </p>
   </div>
   <div class='ocr_carea' id='block_1_19' title="bbox 2065 650 2450 724">
    <p class='ocr_par' dir='ltr' id='par_1_19' title="bbox 2065 650 2450 724">
     <span class='ocr_line' id='line_1_19' title="bbox 2065 650 2450 724; baseline -0.005 -19"><span class='ocrx_word' id='word_1_112' title='bbox 2065 651 2259 724; x_wconf 86' lang='grc' dir='ltr'>λυτρου</span> <span class='ocrx_word' id='word_1_113' title='bbox 2267 650 2450 722; x_wconf 81' lang='grc' dir='ltr'>μένου.</span> 
     </span>
    </p>
   </div>
   <div class='ocr_carea' id='block_1_20' title="bbox 2135 738 3669 810">
    <p class='ocr_par' dir='ltr' id='par_1_20' title="bbox 2135 738 3669 810">
     <span class='ocr_line' id='line_1_20' title="bbox 2135 738 3669 810; baseline 0 -16"><span class='ocrx_word' id='word_1_114' title='bbox 2135 739 2387 810; x_wconf 68' lang='grc' dir='ltr'>Ὀφῗται.</span> <span class='ocrx_word' id='word_1_115' title='bbox 2431 739 2645 809; x_wconf 82' lang='grc' dir='ltr'>Ὀφῖταί</span> <span class='ocrx_word' id='word_1_116' title='bbox 2670 740 2808 793; x_wconf 78' lang='grc' dir='ltr'>εἰσιν</span> <span class='ocrx_word' id='word_1_117' title='bbox 2836 740 2886 792; x_wconf 79' lang='grc' dir='ltr'>οἱ</span> <span class='ocrx_word' id='word_1_118' title='bbox 2910 738 3003 793; x_wconf 88' lang='grc' dir='ltr'>τὸν</span> <span class='ocrx_word' id='word_1_119' title='bbox 3028 738 3153 808; x_wconf 78' lang='grc' dir='ltr'>ὅφιν</span> <span class='ocrx_word' id='word_1_120' title='bbox 3174 738 3493 807; x_wconf 78' lang='grc' dir='ltr'><strong>δοξάζοντες</strong></span> <span class='ocrx_word' id='word_1_121' title='bbox 3510 779 3527 805; x_wconf 85' lang='grc'><strong>,</strong></span> <span class='ocrx_word' id='word_1_122' title='bbox 3575 740 3669 794; x_wconf 76' lang='grc' dir='ltr'>καὶ</span> 
     </span>
    </p>
   </div>
   <div class='ocr_carea' id='block_1_21' title="bbox 2062 830 3668 903">
    <p class='ocr_par' dir='ltr' id='par_1_21' title="bbox 2062 830 3668 903">
     <span class='ocr_line' id='line_1_21' title="bbox 2062 830 3668 903; baseline 0.001 -18"><span class='ocrx_word' id='word_1_123' title='bbox 2062 831 2252 887; x_wconf 82' lang='grc' dir='ltr'>τοῦτον</span> <span class='ocrx_word' id='word_1_124' title='bbox 2288 830 2379 886; x_wconf 76' lang='grc' dir='ltr'>τὸν</span> <span class='ocrx_word' id='word_1_125' title='bbox 2412 831 2649 903; x_wconf 87' lang='grc' dir='ltr'>Χριστὸν</span> <span class='ocrx_word' id='word_1_126' title='bbox 2679 831 2972 903; x_wconf 81' lang='grc' dir='ltr'>ἡγούμενοι</span> <span class='ocrx_word' id='word_1_127' title='bbox 2997 845 3012 859; x_wconf 88' lang='grc'><strong>·</strong></span> <span class='ocrx_word' id='word_1_128' title='bbox 3055 831 3273 902; x_wconf 74' lang='grc' dir='ltr'>ἔχοντες</span> <span class='ocrx_word' id='word_1_129' title='bbox 3314 833 3373 887; x_wconf 81' lang='grc' dir='ltr'>δὲ</span> <span class='ocrx_word' id='word_1_130' title='bbox 3406 832 3570 903; x_wconf 82' lang='grc' dir='ltr'>φύσει</span> <span class='ocrx_word' id='word_1_131' title='bbox 3607 833 3668 888; x_wconf 83' lang='grc' dir='ltr'>τὸ</span> 
     </span>
    </p>
   </div>
   <div class='ocr_carea' id='block_1_22' title="bbox 2063 921 2722 996">
    <p class='ocr_par' dir='ltr' id='par_1_22' title="bbox 2063 921 2722 996">
     <span class='ocr_line' id='line_1_22' title="bbox 2063 921 2722 996; baseline -0.002 -20"><span class='ocrx_word' id='word_1_132' title='bbox 2063 922 2297 995; x_wconf 83' lang='grc' dir='ltr'>ἐρπετὸν</span> <span class='ocrx_word' id='word_1_133' title='bbox 2327 922 2386 977; x_wconf 86' lang='grc' dir='ltr'><strong>ἐν</strong></span> <span class='ocrx_word' id='word_1_134' title='bbox 2413 921 2575 996; x_wconf 80' lang='grc' dir='ltr'>κίστῃ</span> <span class='ocrx_word' id='word_1_135' title='bbox 2598 926 2722 976; x_wconf 88' lang='grc' dir='ltr'>τινί.</span> 
     </span>
    </p>
   </div>
   <div class='ocr_carea' id='block_1_23' title="bbox 2132 1012 3660 1091">
    <p class='ocr_par' dir='ltr' id='par_1_23' title="bbox 2132 1012 3660 1091">
     <span class='ocr_line' id='line_1_23' title="bbox 2132 1012 3660 1091; baseline 0.003 -22"><span class='ocrx_word' id='word_1_136' title='bbox 2132 1012 2398 1069; x_wconf 83' lang='grc' dir='ltr'>Κατανοι.</span> <span class='ocrx_word' id='word_1_137' title='bbox 2433 1012 2544 1066; x_wconf 75' lang='grc' dir='ltr'><strong>Καὶ</strong></span> <span class='ocrx_word' id='word_1_138' title='bbox 2571 1014 2798 1067; x_wconf 71' lang='grc' dir='ltr'>Καῖανοὶ</span> <span class='ocrx_word' id='word_1_139' title='bbox 2819 1013 3083 1079; x_wconf 79' lang='grc' dir='ltr'><strong>ὡσαύτως</strong></span> <span class='ocrx_word' id='word_1_140' title='bbox 3103 1014 3222 1086; x_wconf 78' lang='grc' dir='ltr'>ἅμα</span> <span class='ocrx_word' id='word_1_141' title='bbox 3250 1013 3360 1069; x_wconf 86' lang='grc' dir='ltr'><strong>τῶν</strong></span> <span class='ocrx_word' id='word_1_142' title='bbox 3387 1017 3660 1091; x_wconf 80' lang='grc' dir='ltr'>πρότερον</span> 
     </span>
    </p>
   </div>
   <div class='ocr_carea' id='block_1_24' title="bbox 2059 1104 3656 1179">
    <p class='ocr_par' dir='ltr' id='par_1_24' title="bbox 2059 1104 3656 1179">
     <span class='ocr_line' id='line_1_24' title="bbox 2059 1104 3656 1179; baseline 0.003 -20"><span class='ocrx_word' id='word_1_143' title='bbox 2059 1104 2151 1159; x_wconf 75' lang='grc' dir='ltr'><strong>τὸν</strong></span> <span class='ocrx_word' id='word_1_144' title='bbox 2176 1104 2342 1176; x_wconf 89' lang='grc' dir='ltr'>νόμον</span> <span class='ocrx_word' id='word_1_145' title='bbox 2364 1144 2379 1170; x_wconf 92' lang='grc'><strong>,</strong></span> <span class='ocrx_word' id='word_1_146' title='bbox 2415 1104 2509 1158; x_wconf 72' lang='grc' dir='ltr'><strong>καὶ</strong></span> <span class='ocrx_word' id='word_1_147' title='bbox 2539 1104 2630 1159; x_wconf 84' lang='grc' dir='ltr'><strong>τὸν</strong></span> <span class='ocrx_word' id='word_1_148' title='bbox 2673 1104 2984 1176; x_wconf 84' lang='grc' dir='ltr'>λαλήσαντα</span> <span class='ocrx_word' id='word_1_149' title='bbox 3023 1107 3083 1160; x_wconf 82' lang='grc' dir='ltr'><strong>ἐν</strong></span> <span class='ocrx_word' id='word_1_150' title='bbox 3130 1107 3281 1179; x_wconf 84' lang='grc' dir='ltr'>νόμῳ</span> <span class='ocrx_word' id='word_1_151' title='bbox 3310 1107 3656 1175; x_wconf 78' lang='grc' dir='ltr'>ἀθετοῦντες,</span> 
     </span>
    </p>
   </div>
   <div class='ocr_carea' id='block_1_25' title="bbox 2063 1197 3660 1270">
    <p class='ocr_par' dir='ltr' id='par_1_25' title="bbox 2063 1197 3660 1270">
     <span class='ocr_line' id='line_1_25' title="bbox 2063 1197 3660 1270; baseline 0.003 -20"><span class='ocrx_word' id='word_1_152' title='bbox 2063 1197 2264 1270; x_wconf 82' lang='grc' dir='ltr'>σαρκός</span> <span class='ocrx_word' id='word_1_153' title='bbox 2296 1214 2357 1250; x_wconf 86' lang='grc' dir='ltr'><strong>τε</strong></span> <span class='ocrx_word' id='word_1_154' title='bbox 2385 1197 2681 1252; x_wconf 85' lang='grc' dir='ltr'><strong>ἀνάστασιν</strong></span> <span class='ocrx_word' id='word_1_155' title='bbox 2711 1197 3071 1269; x_wconf 88' lang='grc' dir='ltr'>ἀρνούμενοι,</span> <span class='ocrx_word' id='word_1_156' title='bbox 3103 1198 3196 1253; x_wconf 80' lang='grc' dir='ltr'>τὸν</span> <span class='ocrx_word' id='word_1_157' title='bbox 3231 1199 3372 1253; x_wconf 87' lang='grc' dir='ltr'>Κάῖν</span> <span class='ocrx_word' id='word_1_158' title='bbox 3406 1201 3660 1265; x_wconf 78' lang='grc' dir='ltr'>δοξάζου-</span> 
     </span>
    </p>
   </div>
   <div class='ocr_carea' id='block_1_26' title="bbox 2062 1285 3653 1364">
    <p class='ocr_par' dir='ltr' id='par_1_26' title="bbox 2062 1285 3653 1364">
     <span class='ocr_line' id='line_1_26' title="bbox 2062 1285 3653 1364; baseline 0.003 -21"><span class='ocrx_word' id='word_1_159' title='bbox 2062 1308 2115 1343; x_wconf 93' lang='grc' dir='ltr'><strong>σι</strong></span> <span class='ocrx_word' id='word_1_160' title='bbox 2137 1329 2152 1351; x_wconf 85' lang='grc'><strong>.</strong></span> <span class='ocrx_word' id='word_1_161' title='bbox 2181 1290 2433 1358; x_wconf 84' lang='grc' dir='ltr'>λέγοντες</span> <span class='ocrx_word' id='word_1_162' title='bbox 2454 1289 2621 1344; x_wconf 83' lang='grc' dir='ltr'>αὐτὸν</span> <span class='ocrx_word' id='word_1_163' title='bbox 2652 1289 2750 1360; x_wconf 84' lang='grc' dir='ltr'>τῆς</span> <span class='ocrx_word' id='word_1_164' title='bbox 2787 1290 3140 1362; x_wconf 78' lang='grc' dir='ltr'><strong>ἰσχυροτέρας</strong></span> <span class='ocrx_word' id='word_1_165' title='bbox 3170 1285 3310 1344; x_wconf 75' lang='grc' dir='ltr'>εἶναι</span> <span class='ocrx_word' id='word_1_166' title='bbox 3348 1291 3653 1364; x_wconf 81' lang='grc' dir='ltr'>δυνάμεως.</span> 
     </span>
    </p>
   </div>
   <div class='ocr_carea' id='block_1_27' title="bbox 2064 1379 3655 1453">
    <p class='ocr_par' dir='ltr' id='par_1_27' title="bbox 2064 1379 3655 1453">
     <span class='ocr_line' id='line_1_27' title="bbox 2064 1379 3655 1453; baseline 0.004 -20"><span class='ocrx_word' id='word_1_167' title='bbox 2064 1381 2214 1452; x_wconf 77' lang='grc' dir='ltr'>Ἅμα</span> <span class='ocrx_word' id='word_1_168' title='bbox 2242 1381 2299 1434; x_wconf 81' lang='grc' dir='ltr'>δὲ</span> <span class='ocrx_word' id='word_1_169' title='bbox 2328 1381 2423 1435; x_wconf 74' lang='grc' dir='ltr'><strong>καὶ</strong></span> <span class='ocrx_word' id='word_1_170' title='bbox 2451 1379 2542 1435; x_wconf 79' lang='grc' dir='ltr'><strong>τὸν</strong></span> <span class='ocrx_word' id='word_1_171' title='bbox 2593 1379 2795 1435; x_wconf 89' lang='grc' dir='ltr'>Ἰούδαν</span> <span class='ocrx_word' id='word_1_172' title='bbox 2835 1382 3209 1447; x_wconf 74' lang='grc' dir='ltr'>ἐκθειάζουσιν</span> <span class='ocrx_word' id='word_1_173' title='bbox 3234 1423 3252 1451; x_wconf 87' lang='grc'><strong>,</strong></span> <span class='ocrx_word' id='word_1_174' title='bbox 3283 1382 3422 1453; x_wconf 78' lang='grc' dir='ltr'>ὁμοῦ</span> <span class='ocrx_word' id='word_1_175' title='bbox 3456 1401 3515 1437; x_wconf 87' lang='grc' dir='ltr'><strong>τε</strong></span> <span class='ocrx_word' id='word_1_176' title='bbox 3562 1386 3655 1439; x_wconf 82' lang='grc' dir='ltr'>καὶ</span> 
     </span>
    </p>
   </div>
   <div class='ocr_carea' id='block_1_28' title="bbox 2060 1468 3655 1547">
    <p class='ocr_par' dir='ltr' id='par_1_28' title="bbox 2060 1468 3655 1547">
     <span class='ocr_line' id='line_1_28' title="bbox 2060 1468 3655 1547; baseline 0.003 -23"><span class='ocrx_word' id='word_1_177' title='bbox 2060 1471 2186 1534; x_wconf 79' lang='grc' dir='ltr'>τοὺς</span> <span class='ocrx_word' id='word_1_178' title='bbox 2214 1471 2341 1547; x_wconf 72' lang='grc' dir='ltr'>περὶ</span> <span class='ocrx_word' id='word_1_179' title='bbox 2369 1468 2509 1542; x_wconf 87' lang='grc' dir='ltr'>Κορέ</span> <span class='ocrx_word' id='word_1_180' title='bbox 2551 1471 2646 1523; x_wconf 80' lang='grc' dir='ltr'><strong>καὶ</strong></span> <span class='ocrx_word' id='word_1_181' title='bbox 2691 1469 2869 1525; x_wconf 85' lang='grc' dir='ltr'>Δαθάν</span> <span class='ocrx_word' id='word_1_182' title='bbox 2904 1472 2998 1525; x_wconf 80' lang='grc' dir='ltr'>καὶ</span> <span class='ocrx_word' id='word_1_183' title='bbox 3041 1468 3318 1546; x_wconf 76' lang='grc' dir='ltr'>Ἀϐειρὼμ</span> <span class='ocrx_word' id='word_1_184' title='bbox 3340 1512 3356 1534; x_wconf 86' lang='grc'><strong>,</strong></span> <span class='ocrx_word' id='word_1_185' title='bbox 3393 1468 3533 1529; x_wconf 84' lang='grc' dir='ltr'><strong>ἀλλά</strong></span> <span class='ocrx_word' id='word_1_186' title='bbox 3562 1475 3655 1531; x_wconf 59' lang='grc' dir='ltr'><strong>καί⁸</strong></span> 
     </span>
    </p>
   </div>
   <div class='ocr_carea' id='block_1_29' title="bbox 2058 1562 3365 1634">
    <p class='ocr_par' dir='ltr' id='par_1_29' title="bbox 2058 1562 3365 1634">
     <span class='ocr_line' id='line_1_29' title="bbox 2058 1562 3365 1634; baseline 0.008 -19"><span class='ocrx_word' id='word_1_187' title='bbox 2058 1562 2186 1627; x_wconf 81' lang='grc' dir='ltr'>τοὺς</span> <span class='ocrx_word' id='word_1_188' title='bbox 2216 1562 2535 1634; x_wconf 81' lang='grc' dir='ltr'><strong>Σοδομίτας.</strong></span> <span class='ocrx_word' id='word_1_189' title='bbox 3360 1590 3365 1605; x_wconf 66' lang='grc' dir='ltr'><strong>ο</strong></span> 
     </span>
    </p>
   </div>
   <div class='ocr_carea' id='block_1_30' title="bbox 2126 1653 3652 1729">
    <p class='ocr_par' dir='ltr' id='par_1_30' title="bbox 2126 1653 3652 1729">
     <span class='ocr_line' id='line_1_30' title="bbox 2126 1653 3652 1729; baseline 0.001 -17"><span class='ocrx_word' id='word_1_190' title='bbox 2126 1656 2430 1723; x_wconf 79' lang='grc' dir='ltr'>Σηθιανοί.</span> <span class='ocrx_word' id='word_1_191' title='bbox 2452 1653 2610 1711; x_wconf 79' lang='grc' dir='ltr'>Οὗτοι</span> <span class='ocrx_word' id='word_1_192' title='bbox 2631 1657 2792 1711; x_wconf 86' lang='grc' dir='ltr'>πάλιν</span> <span class='ocrx_word' id='word_1_193' title='bbox 2820 1658 2911 1710; x_wconf 73' lang='grc' dir='ltr'><strong>τὸν</strong></span> <span class='ocrx_word' id='word_1_194' title='bbox 2928 1656 3037 1729; x_wconf 84' lang='grc' dir='ltr'><strong>Σὴθ</strong></span> <span class='ocrx_word' id='word_1_195' title='bbox 3066 1655 3373 1726; x_wconf 78' lang='grc' dir='ltr'>δοξάζουσι,</span> <span class='ocrx_word' id='word_1_196' title='bbox 3411 1658 3652 1729; x_wconf 80' lang='grc' dir='ltr'>φάσκον-</span> 
     </span>
    </p>
   </div>
   <div class='ocr_carea' id='block_1_31' title="bbox 357 1741 1952 1827">
    <p class='ocr_par' dir='ltr' id='par_1_31' title="bbox 357 1754 1951 1827">
     <span class='ocr_line' id='line_1_31' title="bbox 357 1754 1951 1827; baseline -0.004 -16"><span class='ocrx_word' id='word_1_197' title='bbox 357 1756 532 1823; x_wconf 77' lang='lat' dir='ltr'><strong>Quem</strong></span> <span class='ocrx_word' id='word_1_198' title='bbox 562 1773 593 1812; x_wconf 90' lang='lat' dir='ltr'><strong>a</strong></span> <span class='ocrx_word' id='word_1_199' title='bbox 621 1770 877 1827; x_wconf 88' lang='lat' dir='ltr'><strong>suprema</strong></span> <span class='ocrx_word' id='word_1_200' title='bbox 904 1754 1136 1810; x_wconf 89' lang='lat' dir='ltr'><strong>Parente</strong></span> <span class='ocrx_word' id='word_1_201' title='bbox 1170 1760 1520 1824; x_wconf 87' lang='lat' dir='ltr'><strong>procreatum</strong></span> <span class='ocrx_word' id='word_1_202' title='bbox 1561 1760 1790 1823; x_wconf 89' lang='lat' dir='ltr'><strong>putant;</strong></span> <span class='ocrx_word' id='word_1_203' title='bbox 1825 1766 1951 1806; x_wconf 89' lang='lat' dir='ltr'><strong>cum</strong></span> 
     </span>
    </p>
   </div>
   <div class='ocr_carea' id='block_1_32' title="bbox 2068 1741 3651 1827">
    <p class='ocr_par' dir='ltr' id='par_1_32' title="bbox 2068 1742 3651 1825">
     <span class='ocr_line' id='line_1_32' title="bbox 2068 1742 3651 1825; baseline 0.005 -26"><span class='ocrx_word' id='word_1_204' title='bbox 2068 1762 2148 1811; x_wconf 82' lang='grc' dir='ltr'><strong>τες</strong></span> <span class='ocrx_word' id='word_1_205' title='bbox 2174 1746 2336 1801; x_wconf 83' lang='grc' dir='ltr'>αὐτὸν</span> <span class='ocrx_word' id='word_1_206' title='bbox 2381 1742 2522 1801; x_wconf 79' lang='grc' dir='ltr'>εἶναι</span> <span class='ocrx_word' id='word_1_207' title='bbox 2554 1751 2619 1802; x_wconf 81' lang='grc' dir='ltr'><strong>ἐκ</strong></span> <span class='ocrx_word' id='word_1_208' title='bbox 2645 1749 2745 1820; x_wconf 82' lang='grc' dir='ltr'>τῆς</span> <span class='ocrx_word' id='word_1_209' title='bbox 2769 1748 2880 1803; x_wconf 82' lang='grc' dir='ltr'><strong>ἄνω</strong></span> <span class='ocrx_word' id='word_1_210' title='bbox 2901 1746 3126 1823; x_wconf 80' lang='grc' dir='ltr'>Μητρὸς</span> <span class='ocrx_word' id='word_1_211' title='bbox 3154 1751 3651 1825; x_wconf 81' lang='grc' dir='ltr'>μεταμεληθείσης,</span> 
     </span>
    </p>
   </div>
   <div class='ocr_carea' id='block_1_33' title="bbox 310 1842 1953 1921">
    <p class='ocr_par' dir='ltr' id='par_1_33' title="bbox 310 1842 1953 1921">
     <span class='ocr_line' id='line_1_33' title="bbox 310 1842 1953 1921; baseline 0 -22"><span class='ocrx_word' id='word_1_212' title='bbox 310 1892 317 1899; x_wconf 79' lang='lat'><strong><em>,</em></strong></span> <span class='ocrx_word' id='word_1_213' title='bbox 357 1862 479 1903; x_wconf 86' lang='lat' dir='ltr'><strong>eam</strong></span> <span class='ocrx_word' id='word_1_214' title='bbox 510 1846 819 1918; x_wconf 66' lang='lat' dir='ltr'><strong>paeniteret,</strong></span> <span class='ocrx_word' id='word_1_215' title='bbox 850 1843 1260 1921; x_wconf 87' lang='lat' dir='ltr'><strong>quodCainum</strong></span> <span class='ocrx_word' id='word_1_216' title='bbox 1286 1843 1571 1900; x_wconf 87' lang='lat' dir='ltr'><strong>edidisset.</strong></span> <span class='ocrx_word' id='word_1_217' title='bbox 1606 1842 1726 1910; x_wconf 90' lang='lat' dir='ltr'><strong>Quo</strong></span> <span class='ocrx_word' id='word_1_218' title='bbox 1756 1843 1953 1914; x_wconf 77' lang='lat' dir='ltr'><strong>ejecto,</strong></span> 
     </span>
    </p>
   </div>
   <div class='ocr_carea' id='block_1_34' title="bbox 358 1933 1956 2009">
    <p class='ocr_par' dir='ltr' id='par_1_34' title="bbox 358 1933 1956 2009">
     <span class='ocr_line' id='line_1_34' title="bbox 358 1933 1956 2009; baseline -0.003 -17"><span class='ocrx_word' id='word_1_219' title='bbox 358 1938 641 2009; x_wconf 84' lang='lat' dir='ltr'><strong>Abcloque</strong></span> <span class='ocrx_word' id='word_1_220' title='bbox 689 1934 982 1992; x_wconf 81' lang='lat' dir='ltr'><strong>interfecto</strong></span> <span class='ocrx_word' id='word_1_221' title='bbox 1024 1948 1151 1989; x_wconf 89' lang='lat' dir='ltr'><strong>cum</strong></span> <span class='ocrx_word' id='word_1_222' title='bbox 1196 1947 1413 1990; x_wconf 88' lang='lat' dir='ltr'><strong>summo</strong></span> <span class='ocrx_word' id='word_1_223' title='bbox 1458 1933 1619 1989; x_wconf 88' lang='lat' dir='ltr'><strong>Patre</strong></span> <span class='ocrx_word' id='word_1_224' title='bbox 1658 1948 1956 2005; x_wconf 86' lang='lat' dir='ltr'><strong>congressa</strong></span> 
     </span>
    </p>
   </div>
   <div class='ocr_carea' id='block_1_35' title="bbox 361 2022 1957 2098">
    <p class='ocr_par' dir='ltr' id='par_1_35' title="bbox 361 2022 1957 2098">
     <span class='ocr_line' id='line_1_35' title="bbox 361 2022 1957 2098; baseline -0.004 -13"><span class='ocrx_word' id='word_1_225' title='bbox 361 2029 637 2086; x_wconf 88' lang='lat' dir='ltr'><strong>sinceram</strong></span> <span class='ocrx_word' id='word_1_226' title='bbox 665 2028 915 2098; x_wconf 89' lang='lat' dir='ltr'><strong>stirpem,</strong></span> <span class='ocrx_word' id='word_1_227' title='bbox 938 2025 1194 2083; x_wconf 83' lang='lat' dir='ltr'><strong>videlicet</strong></span> <span class='ocrx_word' id='word_1_228' title='bbox 1220 2022 1471 2090; x_wconf 87' lang='lat' dir='ltr'><strong>Sethum,</strong></span> <span class='ocrx_word' id='word_1_229' title='bbox 1503 2024 1730 2095; x_wconf 89' lang='lat' dir='ltr'><strong>protulit</strong></span> <span class='ocrx_word' id='word_1_230' title='bbox 1754 2043 1766 2079; x_wconf 91' lang='lat'><strong>:</strong></span> <span class='ocrx_word' id='word_1_231' title='bbox 1793 2039 1822 2078; x_wconf 92' lang='lat' dir='ltr'><strong>a</strong></span> <span class='ocrx_word' id='word_1_232' title='bbox 1846 2038 1957 2095; x_wconf 89' lang='lat' dir='ltr'><strong>quo</strong></span> 
     </span>
    </p>
   </div>
   <div class='ocr_carea' id='block_1_36' title="bbox 362 2115 1957 2191">
    <p class='ocr_par' dir='ltr' id='par_1_36' title="bbox 362 2115 1957 2191">
     <span class='ocr_line' id='line_1_36' title="bbox 362 2115 1957 2191; baseline -0.003 -14"><span class='ocrx_word' id='word_1_233' title='bbox 362 2122 682 2177; x_wconf 83' lang='lat' dir='ltr'><strong>universum</strong></span> <span class='ocrx_word' id='word_1_234' title='bbox 740 2135 916 2191; x_wconf 88' lang='lat' dir='ltr'><strong>genus</strong></span> <span class='ocrx_word' id='word_1_235' title='bbox 979 2118 1267 2174; x_wconf 85' lang='lat' dir='ltr'><strong>hominum</strong></span> <span class='ocrx_word' id='word_1_236' title='bbox 1330 2117 1596 2172; x_wconf 85' lang='lat' dir='ltr'><strong>manavit.</strong></span> <span class='ocrx_word' id='word_1_237' title='bbox 1665 2115 1957 2172; x_wconf 86' lang='lat' dir='ltr'><strong>Postremo</strong></span> 
     </span>
    </p>
   </div>
   <div class='ocr_carea' id='block_1_37' title="bbox 360 2209 1957 2283">
    <p class='ocr_par' dir='ltr' id='par_1_37' title="bbox 360 2209 1957 2283">
     <span class='ocr_line' id='line_1_37' title="bbox 360 2209 1957 2283; baseline -0.003 -16"><span class='ocrx_word' id='word_1_238' title='bbox 360 2213 663 2283; x_wconf 88' lang='lat' dir='ltr'><strong>principia,</strong></span> <span class='ocrx_word' id='word_1_239' title='bbox 710 2219 766 2268; x_wconf 86' lang='lat' dir='ltr'><strong>et</strong></span> <span class='ocrx_word' id='word_1_240' title='bbox 798 2218 1132 2282; x_wconf 86' lang='lat' dir='ltr'><strong>potestates,</strong></span> <span class='ocrx_word' id='word_1_241' title='bbox 1175 2214 1486 2279; x_wconf 74' lang='lat' dir='ltr'><strong>caeteraquc</strong></span> <span class='ocrx_word' id='word_1_242' title='bbox 1531 2217 1593 2263; x_wconf 90' lang='lat' dir='ltr'><strong>ut</strong></span> <span class='ocrx_word' id='word_1_243' title='bbox 1642 2209 1734 2265; x_wconf 85' lang='lat' dir='ltr'><strong>alii</strong></span> <span class='ocrx_word' id='word_1_244' title='bbox 1772 2209 1957 2264; x_wconf 83' lang='lat' dir='ltr'><strong>omnia</strong></span> 
     </span>
    </p>
   </div>
   <div class='ocr_carea' id='block_1_38' title="bbox 359 2310 629 2360">
    <p class='ocr_par' dir='ltr' id='par_1_38' title="bbox 359 2310 629 2360">
     <span class='ocr_line' id='line_1_38' title="bbox 359 2310 629 2360; baseline -0.007 0"><span class='ocrx_word' id='word_1_245' title='bbox 359 2310 629 2360; x_wconf 84' lang='lat' dir='ltr'><strong>statuunt.</strong></span> 
     </span>
    </p>
   </div>
   <div class='ocr_carea' id='block_1_39' title="bbox 429 2486 1954 2562">
    <p class='ocr_par' dir='ltr' id='par_1_39' title="bbox 429 2486 1954 2562">
     <span class='ocr_line' id='line_1_39' title="bbox 429 2486 1954 2562; baseline 0.005 -22"><span class='ocrx_word' id='word_1_246' title='bbox 429 2487 762 2542; x_wconf 81' lang='lat' dir='ltr'><strong>Archontici.</strong></span> <span class='ocrx_word' id='word_1_247' title='bbox 801 2486 997 2546; x_wconf 85' lang='lat' dir='ltr'><strong>Plures</strong></span> <span class='ocrx_word' id='word_1_248' title='bbox 1028 2489 1119 2545; x_wconf 88' lang='lat' dir='ltr'><strong>isti</strong></span> <span class='ocrx_word' id='word_1_249' title='bbox 1156 2488 1224 2545; x_wconf 86' lang='lat' dir='ltr'><strong>ad</strong></span> <span class='ocrx_word' id='word_1_250' title='bbox 1260 2488 1539 2562; x_wconf 90' lang='lat' dir='ltr'><strong>principes</strong></span> <span class='ocrx_word' id='word_1_251' title='bbox 1574 2492 1828 2549; x_wconf 85' lang='lat' dir='ltr'><strong>universa</strong></span> <span class='ocrx_word' id='word_1_252' title='bbox 1858 2506 1954 2548; x_wconf 88' lang='lat' dir='ltr'><strong>re-</strong></span> 
     </span>
    </p>
   </div>
   <div class='ocr_carea' id='block_1_40' title="bbox 360 2579 1959 2653">
    <p class='ocr_par' dir='ltr' id='par_1_40' title="bbox 360 2579 1959 2653">
     <span class='ocr_line' id='line_1_40' title="bbox 360 2579 1959 2653; baseline 0.002 -21"><span class='ocrx_word' id='word_1_253' title='bbox 360 2579 621 2643; x_wconf 83' lang='lat' dir='ltr'><strong>ferentes,</strong></span> <span class='ocrx_word' id='word_1_254' title='bbox 654 2594 997 2653; x_wconf 81' lang='lat' dir='ltr'><strong>quaecunque</strong></span> <span class='ocrx_word' id='word_1_255' title='bbox 1044 2581 1187 2637; x_wconf 86' lang='lat' dir='ltr'><strong>l‘acta</strong></span> <span class='ocrx_word' id='word_1_256' title='bbox 1228 2588 1357 2638; x_wconf 89' lang='lat' dir='ltr'><strong>sunt</strong></span> <span class='ocrx_word' id='word_1_257' title='bbox 1392 2582 1461 2637; x_wconf 92' lang='lat' dir='ltr'><strong>ab</strong></span> <span class='ocrx_word' id='word_1_258' title='bbox 1496 2582 1605 2637; x_wconf 90' lang='lat' dir='ltr'><strong>illis</strong></span> <span class='ocrx_word' id='word_1_259' title='bbox 1656 2591 1777 2637; x_wconf 86' lang='lat' dir='ltr'><strong>orta</strong></span> <span class='ocrx_word' id='word_1_260' title='bbox 1825 2584 1959 2642; x_wconf 78' lang='lat' dir='ltr'><strong>deli.</strong></span> 
     </span>
    </p>
   </div>
   <div class='ocr_carea' id='block_1_41' title="bbox 358 2672 1990 2753">
    <p class='ocr_par' dir='ltr' id='par_1_41' title="bbox 358 2672 1990 2753">
     <span class='ocr_line' id='line_1_41' title="bbox 358 2672 1990 2753; baseline 0.002 -23"><span class='ocrx_word' id='word_1_261' title='bbox 358 2674 538 2730; x_wconf 85' lang='lat' dir='ltr'><strong>niunt.</strong></span> <span class='ocrx_word' id='word_1_262' title='bbox 586 2672 803 2729; x_wconf 83' lang='lat' dir='ltr'><strong>Habent</strong></span> <span class='ocrx_word' id='word_1_263' title='bbox 838 2682 893 2731; x_wconf 86' lang='lat' dir='ltr'><strong>et</strong></span> <span class='ocrx_word' id='word_1_264' title='bbox 936 2675 1259 2733; x_wconf 63' lang='lat' dir='ltr'><strong>foedissima:</strong></span> <span class='ocrx_word' id='word_1_265' title='bbox 1291 2674 1567 2747; x_wconf 88' lang='lat' dir='ltr'><strong>quoddam</strong></span> <span class='ocrx_word' id='word_1_266' title='bbox 1601 2676 1845 2735; x_wconf 86' lang='lat' dir='ltr'><strong>libidinis</strong></span> <span class='ocrx_word' id='word_1_267' title='bbox 1873 2693 1990 2753; x_wconf 50' lang='grc' dir='ltr'>εον</span> 
     </span>
    </p>
   </div>
   <div class='ocr_carea' id='block_1_42' title="bbox 358 2765 1973 2845">
    <p class='ocr_par' dir='ltr' id='par_1_42' title="bbox 358 2765 1973 2845">
     <span class='ocr_line' id='line_1_42' title="bbox 358 2765 1973 2845; baseline 0.004 -23"><span class='ocrx_word' id='word_1_268' title='bbox 358 2782 485 2824; x_wconf 90' lang='lat' dir='ltr'><strong>nus.</strong></span> <span class='ocrx_word' id='word_1_269' title='bbox 520 2765 722 2823; x_wconf 89' lang='lat' dir='ltr'><strong>Carnis</strong></span> <span class='ocrx_word' id='word_1_270' title='bbox 747 2769 1213 2823; x_wconf 85' lang='lat' dir='ltr'><strong>resurrectionem</strong></span> <span class='ocrx_word' id='word_1_271' title='bbox 1248 2775 1538 2837; x_wconf 89' lang='lat' dir='ltr'><strong>respuunt.</strong></span> <span class='ocrx_word' id='word_1_272' title='bbox 1572 2766 1744 2825; x_wconf 81' lang='lat' dir='ltr'><strong>Vetus</strong></span> <span class='ocrx_word' id='word_1_273' title='bbox 1774 2769 1973 2845; x_wconf 21' lang='lat' dir='ltr'><strong>Testa-l</strong></span> 
     </span>
    </p>
   </div>
   <div class='ocr_carea' id='block_1_43' title="bbox 359 2859 1959 2931">
    <p class='ocr_par' dir='ltr' id='par_1_43' title="bbox 359 2859 1959 2931">
     <span class='ocr_line' id='line_1_43' title="bbox 359 2859 1959 2931; baseline 0.004 -17"><span class='ocrx_word' id='word_1_274' title='bbox 359 2870 605 2916; x_wconf 85' lang='lat' dir='ltr'><strong>mentum</strong></span> <span class='ocrx_word' id='word_1_275' title='bbox 630 2860 975 2916; x_wconf 88' lang='lat' dir='ltr'><strong>calumniose</strong></span> <span class='ocrx_word' id='word_1_276' title='bbox 1001 2860 1279 2931; x_wconf 89' lang='lat' dir='ltr'><strong>rejiciunt.</strong></span> <span class='ocrx_word' id='word_1_277' title='bbox 1314 2859 1640 2931; x_wconf 85' lang='lat' dir='ltr'><strong>Quanquam</strong></span> <span class='ocrx_word' id='word_1_278' title='bbox 1666 2868 1721 2917; x_wconf 89' lang='lat' dir='ltr'><strong>et</strong></span> <span class='ocrx_word' id='word_1_279' title='bbox 1743 2862 1869 2929; x_wconf 91' lang='lat' dir='ltr'><strong>hoc,</strong></span> <span class='ocrx_word' id='word_1_280' title='bbox 1904 2873 1959 2921; x_wconf 89' lang='lat' dir='ltr'><strong>et</strong></span> 
     </span>
    </p>
   </div>
   <div class='ocr_carea' id='block_1_44' title="bbox 354 2948 1960 3023">
    <p class='ocr_par' dir='ltr' id='par_1_44' title="bbox 354 2948 1960 3023">
     <span class='ocr_line' id='line_1_44' title="bbox 354 2948 1960 3023; baseline 0.005 -18"><span class='ocrx_word' id='word_1_281' title='bbox 354 2948 511 3005; x_wconf 70' lang='lat' dir='ltr'><strong>Novo</strong></span> <span class='ocrx_word' id='word_1_282' title='bbox 533 2950 761 3020; x_wconf 88' lang='lat' dir='ltr'><strong>insuper</strong></span> <span class='ocrx_word' id='word_1_283' title='bbox 787 2965 1183 3023; x_wconf 90' lang='lat' dir='ltr'><strong>nonnunquam</strong></span> <span class='ocrx_word' id='word_1_284' title='bbox 1220 2960 1446 3007; x_wconf 81' lang='lat' dir='ltr'><strong>utantur</strong></span> <span class='ocrx_word' id='word_1_285' title='bbox 1474 2969 1487 3006; x_wconf 89' lang='lat'><strong>:</strong></span> <span class='ocrx_word' id='word_1_286' title='bbox 1524 2966 1591 3007; x_wconf 83' lang='lat' dir='ltr'><strong>ex</strong></span> <span class='ocrx_word' id='word_1_287' title='bbox 1617 2952 1820 3023; x_wconf 81' lang='lat' dir='ltr'><strong>quibus</strong></span> <span class='ocrx_word' id='word_1_288' title='bbox 1844 2957 1960 3013; x_wconf 90' lang='lat' dir='ltr'><strong>sin-</strong></span> 
     </span>
    </p>
   </div>
   <div class='ocr_carea' id='block_1_45' title="bbox 2059 1833 3653 1918">
    <p class='ocr_par' dir='ltr' id='par_1_45' title="bbox 2059 1833 3653 1918">
     <span class='ocr_line' id='line_1_45' title="bbox 2059 1833 3653 1918; baseline 0.007 -28"><span class='ocrx_word' id='word_1_289' title='bbox 2059 1839 2145 1909; x_wconf 76' lang='grc' dir='ltr'><strong>ἐφ’</strong></span> <span class='ocrx_word' id='word_1_290' title='bbox 2171 1833 2240 1911; x_wconf 79' lang='grc' dir='ltr'>ἦς</span> <span class='ocrx_word' id='word_1_291' title='bbox 2260 1841 2278 1871; x_wconf 87' lang='grc'>¹</span> <span class='ocrx_word' id='word_1_292' title='bbox 2321 1841 2449 1904; x_wconf 80' lang='grc' dir='ltr'>τοὺς</span> <span class='ocrx_word' id='word_1_293' title='bbox 2496 1842 2624 1914; x_wconf 75' lang='grc' dir='ltr'>περὶ</span> <span class='ocrx_word' id='word_1_294' title='bbox 2670 1841 2763 1896; x_wconf 80' lang='grc' dir='ltr'><strong>τὸν</strong></span> <span class='ocrx_word' id='word_1_295' title='bbox 2786 1841 2922 1898; x_wconf 79' lang='grc' dir='ltr'><strong>Κάῖν</strong></span> <span class='ocrx_word' id='word_1_296' title='bbox 2951 1843 3283 1915; x_wconf 79' lang='grc' dir='ltr'>προεϐάλετο</span> <span class='ocrx_word' id='word_1_297' title='bbox 3305 1860 3321 1876; x_wconf 76' lang='grc' dir='ltr'><strong>ο</strong></span> <span class='ocrx_word' id='word_1_298' title='bbox 3365 1840 3488 1900; x_wconf 75' lang='grc' dir='ltr'>εἶτα</span> <span class='ocrx_word' id='word_1_299' title='bbox 3517 1847 3653 1918; x_wconf 82' lang='grc' dir='ltr'><strong>μετά</strong></span> 
     </span>
    </p>
   </div>
   <div class='ocr_carea' id='block_1_46' title="bbox 2059 1930 3654 2010">
    <p class='ocr_par' dir='ltr' id='par_1_46' title="bbox 2059 1930 3654 2010">
     <span class='ocr_line' id='line_1_46' title="bbox 2059 1930 3654 2010; baseline 0.004 -26"><span class='ocrx_word' id='word_1_300' title='bbox 2059 1931 2151 1985; x_wconf 74' lang='grc' dir='ltr'><strong>τὸν</strong></span> <span class='ocrx_word' id='word_1_301' title='bbox 2180 1931 2200 1962; x_wconf 81' lang='grc'>¹</span> <span class='ocrx_word' id='word_1_302' title='bbox 2235 1930 2370 1986; x_wconf 89' lang='grc' dir='ltr'>Κάῖν</span> <span class='ocrx_word' id='word_1_303' title='bbox 2409 1931 2782 2006; x_wconf 61' lang='grc' dir='ltr'>ἀποϐληθεῖψαι</span> <span class='ocrx_word' id='word_1_304' title='bbox 2805 1974 2820 2001; x_wconf 90' lang='grc'><strong>,</strong></span> <span class='ocrx_word' id='word_1_305' title='bbox 2853 1936 2947 1989; x_wconf 58' lang='grc' dir='ltr'><strong>καὶ⁵</strong></span> <span class='ocrx_word' id='word_1_306' title='bbox 2981 1934 3072 1990; x_wconf 80' lang='grc' dir='ltr'><strong>τὸν</strong></span> <span class='ocrx_word' id='word_1_307' title='bbox 3109 1934 3284 1989; x_wconf 72' lang='grc' dir='ltr'>’Ἅϐελ</span> <span class='ocrx_word' id='word_1_308' title='bbox 3314 1937 3654 2010; x_wconf 80' lang='grc' dir='ltr'>ἀποκτανθῆ-</span> 
     </span>
    </p>
   </div>
   <div class='ocr_carea' id='block_1_47' title="bbox 2059 2023 3652 2103">
    <p class='ocr_par' dir='ltr' id='par_1_47' title="bbox 2059 2023 3652 2103">
     <span class='ocr_line' id='line_1_47' title="bbox 2059 2023 3652 2103; baseline 0.004 -27"><span class='ocrx_word' id='word_1_309' title='bbox 2059 2040 2183 2088; x_wconf 91' lang='grc' dir='ltr'>ναι,</span> <span class='ocrx_word' id='word_1_310' title='bbox 2221 2023 2582 2097; x_wconf 80' lang='grc' dir='ltr'>συνελθούσης</span> <span class='ocrx_word' id='word_1_311' title='bbox 2604 2026 2682 2097; x_wconf 82' lang='grc' dir='ltr'>τῷ</span> <span class='ocrx_word' id='word_1_312' title='bbox 2709 2027 2822 2081; x_wconf 85' lang='grc' dir='ltr'><strong>άνω</strong></span> <span class='ocrx_word' id='word_1_313' title='bbox 2849 2028 3025 2099; x_wconf 63' lang='grc' dir='ltr'><strong>Πατρ)⁵</strong></span> <span class='ocrx_word' id='word_1_314' title='bbox 3052 2067 3067 2093; x_wconf 90' lang='grc'><strong>,</strong></span> <span class='ocrx_word' id='word_1_315' title='bbox 3091 2029 3187 2082; x_wconf 71' lang='grc' dir='ltr'><strong>καὶ</strong></span> <span class='ocrx_word' id='word_1_316' title='bbox 3212 2028 3455 2103; x_wconf 75' lang='grc' dir='ltr'>καθαρὸν</span> <span class='ocrx_word' id='word_1_317' title='bbox 3486 2032 3652 2101; x_wconf 73' lang='grc' dir='ltr'>σπέρ-</span> 
     </span>
    </p>
   </div>
   <div class='ocr_carea' id='block_1_48' title="bbox 2063 2112 3651 2193">
    <p class='ocr_par' dir='ltr' id='par_1_48' title="bbox 2063 2112 3651 2193">
     <span class='ocr_line' id='line_1_48' title="bbox 2063 2112 3651 2193; baseline 0.005 -26"><span class='ocrx_word' id='word_1_318' title='bbox 2063 2130 2139 2184; x_wconf 89' lang='grc' dir='ltr'><strong>μα</strong></span> <span class='ocrx_word' id='word_1_319' title='bbox 2173 2114 2264 2168; x_wconf 83' lang='grc' dir='ltr'><strong>τὸν</strong></span> <span class='ocrx_word' id='word_1_320' title='bbox 2288 2112 2395 2186; x_wconf 81' lang='grc' dir='ltr'>Σὴθ</span> <span class='ocrx_word' id='word_1_321' title='bbox 2432 2116 2739 2189; x_wconf 84' lang='grc' dir='ltr'>ποιησάσης</span> <span class='ocrx_word' id='word_1_322' title='bbox 2758 2134 2772 2150; x_wconf 89' lang='grc'><strong>·</strong></span> <span class='ocrx_word' id='word_1_323' title='bbox 2805 2118 2864 2185; x_wconf 83' lang='grc' dir='ltr'><strong>ἐξ</strong></span> <span class='ocrx_word' id='word_1_324' title='bbox 2891 2113 3063 2192; x_wconf 74' lang='grc' dir='ltr'>οὗπερ</span> <span class='ocrx_word' id='word_1_325' title='bbox 3091 2118 3280 2174; x_wconf 82' lang='grc' dir='ltr'>λοιπὸν</span> <span class='ocrx_word' id='word_1_326' title='bbox 3314 2120 3569 2193; x_wconf 82' lang='grc' dir='ltr'><strong>κατήχθη</strong></span> <span class='ocrx_word' id='word_1_327' title='bbox 3593 2118 3651 2175; x_wconf 83' lang='grc' dir='ltr'>τὸ</span> 
     </span>
    </p>
   </div>
   <div class='ocr_carea' id='block_1_49' title="bbox 2061 2204 3651 2285">
    <p class='ocr_par' dir='ltr' id='par_1_49' title="bbox 2061 2204 3651 2285">
     <span class='ocr_line' id='line_1_49' title="bbox 2061 2204 3651 2285; baseline 0.006 -26"><span class='ocrx_word' id='word_1_328' title='bbox 2061 2204 2281 2260; x_wconf 88' lang='grc' dir='ltr'>πάντων</span> <span class='ocrx_word' id='word_1_329' title='bbox 2312 2207 2613 2280; x_wconf 73' lang='grc' dir='ltr'>ἀνθρώπιον</span> <span class='ocrx_word' id='word_1_330' title='bbox 2667 2209 2842 2279; x_wconf 84' lang='grc' dir='ltr'>γένος.</span> <span class='ocrx_word' id='word_1_331' title='bbox 2886 2210 2996 2264; x_wconf 74' lang='grc' dir='ltr'>Καὶ</span> <span class='ocrx_word' id='word_1_332' title='bbox 3026 2211 3180 2266; x_wconf 77' lang='grc' dir='ltr'>αὐτοὶ</span> <span class='ocrx_word' id='word_1_333' title='bbox 3221 2211 3280 2265; x_wconf 82' lang='grc' dir='ltr'>δὲ</span> <span class='ocrx_word' id='word_1_334' title='bbox 3317 2213 3524 2285; x_wconf 76' lang='grc' dir='ltr'>ἀρχάς,</span> <span class='ocrx_word' id='word_1_335' title='bbox 3560 2216 3651 2268; x_wconf 68' lang='grc' dir='ltr'>καὶ</span> 
     </span>
    </p>
   </div>
   <div class='ocr_carea' id='block_1_50' title="bbox 2060 2298 3647 2377">
    <p class='ocr_par' dir='ltr' id='par_1_50' title="bbox 2060 2298 3647 2377">
     <span class='ocr_line' id='line_1_50' title="bbox 2060 2298 3647 2377; baseline 0.006 -25"><span class='ocrx_word' id='word_1_336' title='bbox 2060 2298 2342 2366; x_wconf 78' lang='grc' dir='ltr'>ἐξουσίας,</span> <span class='ocrx_word' id='word_1_337' title='bbox 2377 2306 2468 2355; x_wconf 82' lang='grc' dir='ltr'><strong>καὶ</strong></span> <span class='ocrx_word' id='word_1_338' title='bbox 2510 2303 2609 2356; x_wconf 82' lang='grc' dir='ltr'>ὅσα</span> <span class='ocrx_word' id='word_1_339' title='bbox 2660 2304 2708 2356; x_wconf 76' lang='grc' dir='ltr'><strong>οἱ</strong></span> <span class='ocrx_word' id='word_1_340' title='bbox 2748 2302 2898 2358; x_wconf 76' lang='grc' dir='ltr'>ἄλλοι</span> <span class='ocrx_word' id='word_1_341' title='bbox 2930 2304 3351 2377; x_wconf 78' lang='grc' dir='ltr'>δογματίζουσιν</span> <span class='ocrx_word' id='word_1_342' title='bbox 3371 2346 3387 2373; x_wconf 91' lang='grc'><strong>,</strong></span> <span class='ocrx_word' id='word_1_343' title='bbox 3420 2304 3647 2377; x_wconf 84' lang='grc' dir='ltr'>ἐδογμά-</span> 
     </span>
    </p>
   </div>
   <div class='ocr_carea' id='block_1_51' title="bbox 2034 2409 2235 2457">
    <p class='ocr_par' dir='ltr' id='par_1_51' title="bbox 2034 2409 2235 2457">
     <span class='ocr_line' id='line_1_51' title="bbox 2034 2409 2235 2457; baseline 0.015 -13"><span class='ocrx_word' id='word_1_344' title='bbox 2034 2409 2235 2457; x_wconf 60' lang='grc' dir='ltr'>,τισαν.</span> 
     </span>
    </p>
   </div>
   <div class='ocr_carea' id='block_1_52' title="bbox 2144 2480 3649 2563">
    <p class='ocr_par' dir='ltr' id='par_1_52' title="bbox 2144 2480 3649 2563">
     <span class='ocr_line' id='line_1_52' title="bbox 2144 2480 3649 2563; baseline 0.002 -21"><span class='ocrx_word' id='word_1_345' title='bbox 2144 2488 2525 2558; x_wconf 81' lang='grc' dir='ltr'>Ἀρχοντικοί.</span> <span class='ocrx_word' id='word_1_346' title='bbox 2562 2480 2721 2543; x_wconf 70' lang='grc' dir='ltr'>Οὗτοι</span> <span class='ocrx_word' id='word_1_347' title='bbox 2743 2488 2905 2543; x_wconf 87' lang='grc' dir='ltr'>πάλιν</span> <span class='ocrx_word' id='word_1_348' title='bbox 2930 2490 3011 2553; x_wconf 84' lang='grc' dir='ltr'><strong>είς</strong></span> <span class='ocrx_word' id='word_1_349' title='bbox 3047 2490 3277 2555; x_wconf 75' lang='grc' dir='ltr'>πολλοὺς</span> <span class='ocrx_word' id='word_1_350' title='bbox 3292 2492 3562 2563; x_wconf 74' lang='grc' dir='ltr'>ἄρχοντας</span> <span class='ocrx_word' id='word_1_351' title='bbox 3591 2492 3649 2545; x_wconf 75' lang='grc' dir='ltr'>τὸ</span> 
     </span>
    </p>
   </div>
   <div class='ocr_carea' id='block_1_53' title="bbox 2060 2579 3649 2653">
    <p class='ocr_par' dir='ltr' id='par_1_53' title="bbox 2060 2579 3649 2653">
     <span class='ocr_line' id='line_1_53' title="bbox 2060 2579 3649 2653; baseline 0.003 -21"><span class='ocrx_word' id='word_1_352' title='bbox 2060 2579 2169 2633; x_wconf 84' lang='grc' dir='ltr'>πᾶν</span> <span class='ocrx_word' id='word_1_353' title='bbox 2197 2579 2563 2652; x_wconf 85' lang='grc' dir='ltr'>ἀναφέρουσι,</span> <span class='ocrx_word' id='word_1_354' title='bbox 2593 2581 2687 2635; x_wconf 73' lang='grc' dir='ltr'><strong>καὶ</strong></span> <span class='ocrx_word' id='word_1_355' title='bbox 2720 2581 2789 2635; x_wconf 85' lang='grc' dir='ltr'><strong>τὰ</strong></span> <span class='ocrx_word' id='word_1_356' title='bbox 2829 2582 3095 2653; x_wconf 83' lang='grc' dir='ltr'>γενόμενα</span> <span class='ocrx_word' id='word_1_357' title='bbox 3139 2584 3203 2636; x_wconf 83' lang='grc' dir='ltr'><strong>ἐκ</strong></span> <span class='ocrx_word' id='word_1_358' title='bbox 3250 2584 3460 2638; x_wconf 88' lang='grc' dir='ltr'>τούτων</span> <span class='ocrx_word' id='word_1_359' title='bbox 3494 2601 3649 2653; x_wconf 85' lang='grc' dir='ltr'>γεγε-</span> 
     </span>
    </p>
   </div>
   <div class='ocr_carea' id='block_1_54' title="bbox 2059 2669 3647 2746">
    <p class='ocr_par' dir='ltr' id='par_1_54' title="bbox 2059 2669 3647 2746">
     <span class='ocr_line' id='line_1_54' title="bbox 2059 2669 3647 2746; baseline 0 -21"><span class='ocrx_word' id='word_1_360' title='bbox 2059 2671 2254 2744; x_wconf 84' lang='grc' dir='ltr'>νῆσθαι</span> <span class='ocrx_word' id='word_1_361' title='bbox 2283 2669 2552 2740; x_wconf 84' lang='grc' dir='ltr'>λέγουσιν.</span> <span class='ocrx_word' id='word_1_362' title='bbox 2597 2672 2934 2727; x_wconf 86' lang='grc' dir='ltr'>Ἀλίσκονται</span> <span class='ocrx_word' id='word_1_363' title='bbox 2968 2673 3025 2726; x_wconf 86' lang='grc' dir='ltr'>δὲ</span> <span class='ocrx_word' id='word_1_364' title='bbox 3073 2674 3169 2727; x_wconf 75' lang='grc' dir='ltr'>καὶ</span> <span class='ocrx_word' id='word_1_365' title='bbox 3205 2673 3298 2727; x_wconf 76' lang='grc' dir='ltr'><strong>ἐπὶ</strong></span> <span class='ocrx_word' id='word_1_366' title='bbox 3329 2674 3647 2746; x_wconf 74' lang='grc' dir='ltr'>αἰσχρότητί</span> 
     </span>
    </p>
   </div>
   <div class='ocr_carea' id='block_1_55' title="bbox 2059 2763 3647 2837">
    <p class='ocr_par' dir='ltr' id='par_1_55' title="bbox 2059 2763 3647 2837">
     <span class='ocr_line' id='line_1_55' title="bbox 2059 2763 3647 2837; baseline 0.001 -20"><span class='ocrx_word' id='word_1_367' title='bbox 2059 2781 2183 2819; x_wconf 88' lang='grc' dir='ltr'>τινι.</span> <span class='ocrx_word' id='word_1_368' title='bbox 2240 2764 2451 2837; x_wconf 85' lang='grc' dir='ltr'>Σαρκὸς</span> <span class='ocrx_word' id='word_1_369' title='bbox 2496 2763 2554 2818; x_wconf 87' lang='grc' dir='ltr'><strong>δέ</strong></span> <span class='ocrx_word' id='word_1_370' title='bbox 2603 2765 2905 2820; x_wconf 83' lang='grc' dir='ltr'>ἀνάστασιν</span> <span class='ocrx_word' id='word_1_371' title='bbox 2938 2765 3230 2830; x_wconf 82' lang='grc' dir='ltr'>άθετοῦσι,</span> <span class='ocrx_word' id='word_1_372' title='bbox 3273 2767 3369 2821; x_wconf 75' lang='grc' dir='ltr'><strong>καὶ</strong></span> <span class='ocrx_word' id='word_1_373' title='bbox 3402 2768 3647 2822; x_wconf 79' lang='grc' dir='ltr'>Παλαιὰν</span> 
     </span>
    </p>
   </div>
   <div class='ocr_carea' id='block_1_56' title="bbox 2059 2856 3647 2930">
    <p class='ocr_par' dir='ltr' id='par_1_56' title="bbox 2059 2856 3647 2930">
     <span class='ocr_line' id='line_1_56' title="bbox 2059 2856 3647 2930; baseline 0.002 -22"><span class='ocrx_word' id='word_1_374' title='bbox 2059 2856 2339 2928; x_wconf 83' lang='grc' dir='ltr'>Διαθήκην</span> <span class='ocrx_word' id='word_1_375' title='bbox 2391 2856 2761 2911; x_wconf 76' lang='grc' dir='ltr'>διαϐάλλουσι.</span> <span class='ocrx_word' id='word_1_376' title='bbox 2819 2858 3133 2930; x_wconf 84' lang='grc' dir='ltr'>Κέχρηνται</span> <span class='ocrx_word' id='word_1_377' title='bbox 3185 2857 3243 2911; x_wconf 83' lang='grc' dir='ltr'><strong>δὲ</strong></span> <span class='ocrx_word' id='word_1_378' title='bbox 3292 2858 3387 2912; x_wconf 76' lang='grc' dir='ltr'><strong>καὶ</strong></span> <span class='ocrx_word' id='word_1_379' title='bbox 3436 2859 3647 2929; x_wconf 77' lang='grc' dir='ltr'>Παλαιᾷ</span> 
     </span>
    </p>
   </div>
   <div class='ocr_carea' id='block_1_57' title="bbox 2059 2950 3645 3025">
    <p class='ocr_par' dir='ltr' id='par_1_57' title="bbox 2059 2950 3645 3025">
     <span class='ocr_line' id='line_1_57' title="bbox 2059 2950 3645 3025; baseline 0.001 -22"><span class='ocrx_word' id='word_1_380' title='bbox 2059 2950 2153 3003; x_wconf 73' lang='grc' dir='ltr'><strong>καὶ</strong></span> <span class='ocrx_word' id='word_1_381' title='bbox 2170 2950 2286 3021; x_wconf 73' lang='grc' dir='ltr'><strong>Νέᾳ</strong></span> <span class='ocrx_word' id='word_1_382' title='bbox 2314 2951 2558 3025; x_wconf 77' lang='grc' dir='ltr'>Διαθήκῃ</span> <span class='ocrx_word' id='word_1_383' title='bbox 2576 2988 2590 3015; x_wconf 89' lang='grc'><strong>,</strong></span> <span class='ocrx_word' id='word_1_384' title='bbox 2621 2951 2858 3022; x_wconf 81' lang='grc' dir='ltr'>ἑκάστην</span> <span class='ocrx_word' id='word_1_385' title='bbox 2889 2950 3034 3019; x_wconf 75' lang='grc' dir='ltr'>λέξιν</span> <span class='ocrx_word' id='word_1_386' title='bbox 3060 2952 3141 3015; x_wconf 81' lang='grc' dir='ltr'><strong>εἰς</strong></span> <span class='ocrx_word' id='word_1_387' title='bbox 3167 2950 3259 3005; x_wconf 80' lang='grc' dir='ltr'><strong>τὸν</strong></span> <span class='ocrx_word' id='word_1_388' title='bbox 3285 2950 3497 3006; x_wconf 75' lang='grc' dir='ltr'>ἑαυτῶν</span> <span class='ocrx_word' id='word_1_389' title='bbox 3526 2951 3645 3005; x_wconf 80' lang='grc' dir='ltr'>νοῦν</span> 
     </span>
    </p>
   </div>
   <div class='ocr_carea' id='block_1_58' title="bbox 358 3039 1952 3148">
    <p class='ocr_par' dir='ltr' id='par_1_58' title="bbox 358 3042 1952 3113">
     <span class='ocr_line' id='line_1_58' title="bbox 358 3042 1952 3113; baseline 0.008 -17"><span class='ocrx_word' id='word_1_390' title='bbox 358 3042 517 3113; x_wconf 78' lang='lat' dir='ltr'><strong>gulas</strong></span> <span class='ocrx_word' id='word_1_391' title='bbox 556 3043 787 3100; x_wconf 80' lang='lat' dir='ltr'><strong>voculas</strong></span> <span class='ocrx_word' id='word_1_392' title='bbox 826 3042 1027 3102; x_wconf 86' lang='lat' dir='ltr'><strong>callide</strong></span> <span class='ocrx_word' id='word_1_393' title='bbox 1062 3046 1131 3102; x_wconf 85' lang='lat' dir='ltr'><strong>ad</strong></span> <span class='ocrx_word' id='word_1_394' title='bbox 1170 3053 1410 3103; x_wconf 88' lang='lat' dir='ltr'><strong>mentem</strong></span> <span class='ocrx_word' id='word_1_395' title='bbox 1446 3059 1602 3102; x_wconf 87' lang='lat' dir='ltr'><strong>suam</strong></span> <span class='ocrx_word' id='word_1_396' title='bbox 1643 3060 1952 3108; x_wconf 86' lang='lat' dir='ltr'><strong>accommo-</strong></span> 
     </span>
    </p>
   </div>
   <div class='ocr_carea' id='block_1_59' title="bbox 2068 3039 2461 3148">
    <p class='ocr_par' dir='ltr' id='par_1_59' title="bbox 2068 3039 2461 3113">
     <span class='ocr_line' id='line_1_59' title="bbox 2068 3039 2461 3113; baseline -0.003 -18"><span class='ocrx_word' id='word_1_397' title='bbox 2068 3039 2461 3113; x_wconf 82' lang='grc' dir='ltr'>μεθοδεύοντες.</span> 
     </span>
    </p>
   </div>
   <div class='ocr_carea' id='block_1_60' title="bbox 357 3133 518 3192">
    <p class='ocr_par' dir='ltr' id='par_1_60' title="bbox 357 3133 518 3192">
     <span class='ocr_line' id='line_1_60' title="bbox 357 3133 518 3192; baseline 0.025 -5"><span class='ocrx_word' id='word_1_398' title='bbox 357 3133 518 3192; x_wconf 83' lang='lat' dir='ltr'><strong>dant.</strong></span> 
     </span>
    </p>
   </div>
   <div class='ocr_carea' id='block_1_61' title="bbox 426 3224 1956 3309">
    <p class='ocr_par' dir='ltr' id='par_1_61' title="bbox 426 3224 1956 3309">
     <span class='ocr_line' id='line_1_61' title="bbox 426 3224 1956 3309; baseline 0.008 -27"><span class='ocrx_word' id='word_1_399' title='bbox 426 3224 773 3285; x_wconf 80' lang='lat' dir='ltr'><strong>Cerdoniani.</strong></span> <span class='ocrx_word' id='word_1_400' title='bbox 823 3229 873 3284; x_wconf 76' lang='grc' dir='ltr'><strong>Δ</strong></span> <span class='ocrx_word' id='word_1_401' title='bbox 913 3229 1165 3287; x_wconf 90' lang='lat' dir='ltr'><strong>Cerdone</strong></span> <span class='ocrx_word' id='word_1_402' title='bbox 1210 3233 1315 3287; x_wconf 90' lang='lat' dir='ltr'><strong>orti</strong></span> <span class='ocrx_word' id='word_1_403' title='bbox 1354 3243 1503 3303; x_wconf 86' lang='lat' dir='ltr'><strong>sunt,</strong></span> <span class='ocrx_word' id='word_1_404' title='bbox 1545 3238 1639 3309; x_wconf 89' lang='lat' dir='ltr'><strong>qui</strong></span> <span class='ocrx_word' id='word_1_405' title='bbox 1684 3253 1845 3308; x_wconf 90' lang='lat' dir='ltr'><strong>quem</strong></span> <span class='ocrx_word' id='word_1_406' title='bbox 1886 3239 1956 3294; x_wconf 89' lang='lat' dir='ltr'><strong>ab</strong></span> 
     </span>
    </p>
   </div>
   <div class='ocr_carea' id='block_1_62' title="bbox 358 3321 1951 3386">
    <p class='ocr_par' dir='ltr' id='par_1_62' title="bbox 358 3321 1951 3386">
     <span class='ocr_line' id='line_1_62' title="bbox 358 3321 1951 3386; baseline 0.006 -10"><span class='ocrx_word' id='word_1_407' title='bbox 358 3321 613 3379; x_wconf 81' lang='lat' dir='ltr'><strong>Heraclio</strong></span> <span class='ocrx_word' id='word_1_408' title='bbox 651 3338 898 3380; x_wconf 89' lang='lat' dir='ltr'><strong>errorem</strong></span> <span class='ocrx_word' id='word_1_409' title='bbox 940 3325 1205 3381; x_wconf 89' lang='lat' dir='ltr'><strong>hauserat</strong></span> <span class='ocrx_word' id='word_1_410' title='bbox 1244 3328 1402 3383; x_wconf 85' lang='lat' dir='ltr'><strong>novis</strong></span> <span class='ocrx_word' id='word_1_411' title='bbox 1434 3329 1673 3386; x_wconf 79' lang='lat' dir='ltr'><strong>inventis</strong></span> <span class='ocrx_word' id='word_1_412' title='bbox 1708 3331 1951 3386; x_wconf 83' lang='lat' dir='ltr'><strong>adauxit.</strong></span> 
     </span>
    </p>
   </div>
   <div class='ocr_carea' id='block_1_63' title="bbox 354 3412 1954 3493">
    <p class='ocr_par' dir='ltr' id='par_1_63' title="bbox 354 3412 1954 3493">
     <span class='ocr_line' id='line_1_63' title="bbox 354 3412 1954 3493; baseline 0.007 -28"><span class='ocrx_word' id='word_1_413' title='bbox 354 3414 434 3466; x_wconf 84' lang='lat' dir='ltr'><strong>Ac</strong></span> <span class='ocrx_word' id='word_1_414' title='bbox 483 3428 610 3468; x_wconf 89' lang='lat' dir='ltr'><strong>cum</strong></span> <span class='ocrx_word' id='word_1_415' title='bbox 657 3412 891 3468; x_wconf 84' lang='lat' dir='ltr'><strong>Romam</strong></span> <span class='ocrx_word' id='word_1_416' title='bbox 940 3430 973 3470; x_wconf 89' lang='lat' dir='ltr'><strong>e</strong></span> <span class='ocrx_word' id='word_1_417' title='bbox 1017 3413 1177 3487; x_wconf 79' lang='lat' dir='ltr'><strong>Syria</strong></span> <span class='ocrx_word' id='word_1_418' title='bbox 1224 3416 1507 3486; x_wconf 80' lang='lat' dir='ltr'><strong>profectus</strong></span> <span class='ocrx_word' id='word_1_419' title='bbox 1554 3427 1721 3485; x_wconf 82' lang='lat' dir='ltr'><strong>esset,</strong></span> <span class='ocrx_word' id='word_1_420' title='bbox 1757 3420 1954 3493; x_wconf 79' lang='lat' dir='ltr'><strong>Hygini</strong></span> 
     </span>
    </p>
   </div>
   <div class='ocr_carea' id='block_1_64' title="bbox 356 3503 1955 3578">
    <p class='ocr_par' dir='ltr' id='par_1_64' title="bbox 356 3503 1955 3578">
     <span class='ocr_line' id='line_1_64' title="bbox 356 3503 1955 3578; baseline 0.008 -22"><span class='ocrx_word' id='word_1_421' title='bbox 356 3518 511 3574; x_wconf 54' lang='lat' dir='ltr'><strong>papa}</strong></span> <span class='ocrx_word' id='word_1_422' title='bbox 547 3503 890 3573; x_wconf 87' lang='lat' dir='ltr'><strong>temporibus</strong></span> <span class='ocrx_word' id='word_1_423' title='bbox 938 3520 1039 3560; x_wconf 90' lang='lat' dir='ltr'><strong>sua</strong></span> <span class='ocrx_word' id='word_1_424' title='bbox 1081 3506 1339 3578; x_wconf 80' lang='lat' dir='ltr'><strong>dogmata</strong></span> <span class='ocrx_word' id='word_1_425' title='bbox 1384 3508 1786 3567; x_wconf 90' lang='lat' dir='ltr'><strong>disseminavit.</strong></span> <span class='ocrx_word' id='word_1_426' title='bbox 1838 3511 1955 3569; x_wconf 90' lang='lat' dir='ltr'><strong>Duo</strong></span> 
     </span>
    </p>
   </div>
   <div class='ocr_carea' id='block_1_65' title="bbox 358 3594 1956 3678">
    <p class='ocr_par' dir='ltr' id='par_1_65' title="bbox 358 3594 1956 3678">
     <span class='ocr_line' id='line_1_65' title="bbox 358 3594 1956 3678; baseline 0.008 -29"><span class='ocrx_word' id='word_1_427' title='bbox 358 3609 524 3666; x_wconf 88' lang='lat' dir='ltr'><strong>porro</strong></span> <span class='ocrx_word' id='word_1_428' title='bbox 563 3594 834 3666; x_wconf 86' lang='lat' dir='ltr'><strong>principia</strong></span> <span class='ocrx_word' id='word_1_429' title='bbox 872 3598 1152 3655; x_wconf 87' lang='lat' dir='ltr'><strong>contraria</strong></span> <span class='ocrx_word' id='word_1_430' title='bbox 1200 3599 1434 3655; x_wconf 79' lang='lat' dir='ltr'><strong>invicem</strong></span> <span class='ocrx_word' id='word_1_431' title='bbox 1485 3601 1737 3658; x_wconf 80' lang='lat' dir='ltr'><strong>aiiirmat.</strong></span> <span class='ocrx_word' id='word_1_432' title='bbox 1779 3603 1956 3678; x_wconf 87' lang='lat' dir='ltr'><strong>Negat</strong></span> 
     </span>
    </p>
   </div>
   <div class='ocr_carea' id='block_1_66' title="bbox 354 3688 1952 3760">
    <p class='ocr_par' dir='ltr' id='par_1_66' title="bbox 354 3688 1952 3760">
     <span class='ocr_line' id='line_1_66' title="bbox 354 3688 1952 3760; baseline 0.008 -16"><span class='ocrx_word' id='word_1_433' title='bbox 354 3688 635 3744; x_wconf 87' lang='lat' dir='ltr'><strong>Christum</strong></span> <span class='ocrx_word' id='word_1_434' title='bbox 682 3703 807 3745; x_wconf 86' lang='lat' dir='ltr'><strong>esse</strong></span> <span class='ocrx_word' id='word_1_435' title='bbox 846 3690 1112 3760; x_wconf 91' lang='lat' dir='ltr'><strong>genitum.</strong></span> <span class='ocrx_word' id='word_1_436' title='bbox 1171 3690 1517 3751; x_wconf 81' lang='lat' dir='ltr'><strong>Mortuorum</strong></span> <span class='ocrx_word' id='word_1_437' title='bbox 1560 3694 1952 3756; x_wconf 80' lang='lat' dir='ltr'><strong>excitationem</strong></span> 
     </span>
    </p>
   </div>
   <div class='ocr_carea' id='block_1_67' title="bbox 353 3778 1311 3856">
    <p class='ocr_par' dir='ltr' id='par_1_67' title="bbox 353 3778 1311 3856">
     <span class='ocr_line' id='line_1_67' title="bbox 353 3778 1311 3856; baseline 0.004 -20"><span class='ocrx_word' id='word_1_438' title='bbox 353 3795 482 3836; x_wconf 91' lang='lat' dir='ltr'><strong>cum</strong></span> <span class='ocrx_word' id='word_1_439' title='bbox 513 3779 709 3837; x_wconf 84' lang='lat' dir='ltr'><strong>Vetere</strong></span> <span class='ocrx_word' id='word_1_440' title='bbox 729 3778 1085 3840; x_wconf 84' lang='lat' dir='ltr'><strong>Testamento</strong></span> <span class='ocrx_word' id='word_1_441' title='bbox 1110 3783 1311 3856; x_wconf 85' lang='lat' dir='ltr'><strong>rejicit.</strong></span> 
     </span>
    </p>
   </div>
   <div class='ocr_carea' id='block_1_68' title="bbox 425 3962 1953 4043">
    <p class='ocr_par' dir='ltr' id='par_1_68' title="bbox 425 3962 1953 4043">
     <span class='ocr_line' id='line_1_68' title="bbox 425 3962 1953 4043; baseline 0.007 -25"><span class='ocrx_word' id='word_1_442' title='bbox 425 3963 812 4020; x_wconf 74' lang='grc' dir='ltr'>Ματοὶοηίιιω.</span> <span class='ocrx_word' id='word_1_443' title='bbox 854 3962 1062 4020; x_wconf 82' lang='lat' dir='ltr'><strong>Marcio</strong></span> <span class='ocrx_word' id='word_1_444' title='bbox 1096 3966 1369 4024; x_wconf 89' lang='lat' dir='ltr'><strong>oriundus</strong></span> <span class='ocrx_word' id='word_1_445' title='bbox 1392 3984 1456 4024; x_wconf 84' lang='lat' dir='ltr'><strong>ex</strong></span> <span class='ocrx_word' id='word_1_446' title='bbox 1479 3968 1658 4025; x_wconf 89' lang='lat' dir='ltr'><strong>Ponto</strong></span> <span class='ocrx_word' id='word_1_447' title='bbox 1690 3970 1953 4043; x_wconf 89' lang='lat' dir='ltr'><strong>episcopo</strong></span> 
     </span>
    </p>
   </div>
   <div class='ocr_carea' id='block_1_69' title="bbox 354 4058 1953 4134">
    <p class='ocr_par' dir='ltr' id='par_1_69' title="bbox 354 4058 1953 4134">
     <span class='ocr_line' id='line_1_69' title="bbox 354 4058 1953 4134; baseline 0.005 -21"><span class='ocrx_word' id='word_1_448' title='bbox 354 4068 510 4130; x_wconf 80' lang='lat' dir='ltr'><strong>patre</strong></span> <span class='ocrx_word' id='word_1_449' title='bbox 540 4066 701 4114; x_wconf 89' lang='lat' dir='ltr'><strong>natus</strong></span> <span class='ocrx_word' id='word_1_450' title='bbox 727 4066 813 4113; x_wconf 86' lang='lat' dir='ltr'><strong>est</strong></span> <span class='ocrx_word' id='word_1_451' title='bbox 846 4077 858 4113; x_wconf 91' lang='lat'><strong>:</strong></span> <span class='ocrx_word' id='word_1_452' title='bbox 894 4072 923 4111; x_wconf 90' lang='lat' dir='ltr'><strong>a</strong></span> <span class='ocrx_word' id='word_1_453' title='bbox 959 4072 1069 4128; x_wconf 89' lang='lat' dir='ltr'><strong>quo</strong></span> <span class='ocrx_word' id='word_1_454' title='bbox 1102 4058 1176 4113; x_wconf 94' lang='lat' dir='ltr'><strong>ob</strong></span> <span class='ocrx_word' id='word_1_455' title='bbox 1201 4060 1429 4131; x_wconf 85' lang='lat' dir='ltr'><strong>virginis</strong></span> <span class='ocrx_word' id='word_1_456' title='bbox 1460 4071 1709 4132; x_wconf 87' lang='lat' dir='ltr'><strong>stuprum</strong></span> <span class='ocrx_word' id='word_1_457' title='bbox 1744 4064 1953 4134; x_wconf 90' lang='lat' dir='ltr'><strong>ejectus</strong></span> 
     </span>
    </p>
   </div>
   <div class='ocr_carea' id='block_1_70' title="bbox 353 4148 1950 4227">
    <p class='ocr_par' dir='ltr' id='par_1_70' title="bbox 353 4148 1950 4227">
     <span class='ocr_line' id='line_1_70' title="bbox 353 4148 1950 4227; baseline 0.003 -21"><span class='ocrx_word' id='word_1_458' title='bbox 353 4165 420 4206; x_wconf 84' lang='lat' dir='ltr'><strong>ex</strong></span> <span class='ocrx_word' id='word_1_459' title='bbox 468 4150 713 4211; x_wconf 85' lang='lat' dir='ltr'><strong>Ecclesia</strong></span> <span class='ocrx_word' id='word_1_460' title='bbox 756 4148 986 4204; x_wconf 78' lang='lat' dir='ltr'><strong>Romam</strong></span> <span class='ocrx_word' id='word_1_461' title='bbox 1027 4149 1259 4222; x_wconf 80' lang='lat' dir='ltr'><strong>aufugit.</strong></span> <span class='ocrx_word' id='word_1_462' title='bbox 1303 4150 1406 4206; x_wconf 89' lang='lat' dir='ltr'><strong>Ubi</strong></span> <span class='ocrx_word' id='word_1_463' title='bbox 1446 4168 1571 4207; x_wconf 90' lang='lat' dir='ltr'><strong>cum</strong></span> <span class='ocrx_word' id='word_1_464' title='bbox 1619 4155 1690 4210; x_wconf 86' lang='lat' dir='ltr'><strong>ab</strong></span> <span class='ocrx_word' id='word_1_465' title='bbox 1728 4156 1820 4221; x_wconf 91' lang='lat' dir='ltr'><strong>iis,</strong></span> <span class='ocrx_word' id='word_1_466' title='bbox 1856 4157 1950 4227; x_wconf 90' lang='lat' dir='ltr'><strong>qui</strong></span> 
     </span>
    </p>
   </div>
   <div class='ocr_carea' id='block_1_71' title="bbox 356 4242 1949 4317">
    <p class='ocr_par' dir='ltr' id='par_1_71' title="bbox 356 4242 1949 4317">
     <span class='ocr_line' id='line_1_71' title="bbox 356 4242 1949 4317; baseline 0.004 -20"><span class='ocrx_word' id='word_1_467' title='bbox 356 4250 470 4297; x_wconf 88' lang='lat' dir='ltr'><strong>tum</strong></span> <span class='ocrx_word' id='word_1_468' title='bbox 500 4242 762 4298; x_wconf 64' lang='lat' dir='ltr'><strong>Ecclesiae</strong></span> <span class='ocrx_word' id='word_1_469' title='bbox 790 4250 1081 4313; x_wconf 61' lang='lat' dir='ltr'><strong>praeerant,</strong></span> <span class='ocrx_word' id='word_1_470' title='bbox 1112 4244 1493 4314; x_wconf 74' lang='lat' dir='ltr'><strong>paenitentiam</strong></span> <span class='ocrx_word' id='word_1_471' title='bbox 1524 4245 1729 4303; x_wconf 81' lang='lat' dir='ltr'><strong>frustra</strong></span> <span class='ocrx_word' id='word_1_472' title='bbox 1757 4257 1949 4317; x_wconf 92' lang='lat' dir='ltr'><strong>postu-</strong></span> 
     </span>
    </p>
   </div>
   <div class='ocr_carea' id='block_1_72' title="bbox 356 4335 1945 4408">
    <p class='ocr_par' dir='ltr' id='par_1_72' title="bbox 356 4335 1945 4408">
     <span class='ocr_line' id='line_1_72' title="bbox 356 4335 1945 4408; baseline 0.004 -19"><span class='ocrx_word' id='word_1_473' title='bbox 356 4335 883 4400; x_wconf 82' lang='lat' dir='ltr'><strong>lasset,catholicam</strong></span> <span class='ocrx_word' id='word_1_474' title='bbox 903 4336 1062 4391; x_wconf 84' lang='lat' dir='ltr'><strong>[idem</strong></span> <span class='ocrx_word' id='word_1_475' title='bbox 1098 4352 1416 4408; x_wconf 85' lang='lat' dir='ltr'><strong>oppugnare</strong></span> <span class='ocrx_word' id='word_1_476' title='bbox 1449 4338 1710 4396; x_wconf 90' lang='lat' dir='ltr'><strong>instituit.</strong></span> <span class='ocrx_word' id='word_1_477' title='bbox 1746 4339 1945 4407; x_wconf 83' lang='lat' dir='ltr'><strong>Quam-</strong></span> 
     </span>
    </p>
   </div>
   <div class='ocr_carea' id='block_1_73' title="bbox 2127 3225 3645 3299">
    <p class='ocr_par' dir='ltr' id='par_1_73' title="bbox 2127 3225 3645 3299">
     <span class='ocr_line' id='line_1_73' title="bbox 2127 3225 3645 3299; baseline -0.001 -18"><span class='ocrx_word' id='word_1_478' title='bbox 2127 3226 2545 3296; x_wconf 74' lang='grc' dir='ltr'>Κερδωνιανοί.</span> <span class='ocrx_word' id='word_1_479' title='bbox 2600 3228 2664 3279; x_wconf 80' lang='grc' dir='ltr'><strong>υἱ</strong></span> <span class='ocrx_word' id='word_1_480' title='bbox 2702 3225 2811 3280; x_wconf 86' lang='grc' dir='ltr'><strong>ἀπὸ</strong></span> <span class='ocrx_word' id='word_1_481' title='bbox 2854 3226 3141 3299; x_wconf 83' lang='grc' dir='ltr'>Κέρδωνος</span> <span class='ocrx_word' id='word_1_482' title='bbox 3168 3226 3278 3280; x_wconf 82' lang='grc' dir='ltr'><strong>ἀπὸ</strong></span> <span class='ocrx_word' id='word_1_483' title='bbox 3322 3226 3645 3298; x_wconf 80' lang='grc' dir='ltr'>Ἡρακλείου</span> 
     </span>
    </p>
   </div>
   <div class='ocr_carea' id='block_1_74' title="bbox 2057 3300 3647 3390">
    <p class='ocr_par' dir='ltr' id='par_1_74' title="bbox 2057 3300 3647 3390">
     <span class='ocr_line' id='line_1_74' title="bbox 2057 3300 3647 3390; baseline -0.001 -19"><span class='ocrx_word' id='word_1_484' title='bbox 2057 3316 2340 3388; x_wconf 80' lang='grc' dir='ltr'>δεξάμενοι</span> <span class='ocrx_word' id='word_1_485' title='bbox 2377 3316 2398 3347; x_wconf 88' lang='grc'><em>³</em></span> <span class='ocrx_word' id='word_1_486' title='bbox 2445 3300 2546 3390; x_wconf 75' lang='grc' dir='ltr'><strong>τήν</strong></span> <span class='ocrx_word' id='word_1_487' title='bbox 2603 3316 2836 3388; x_wconf 81' lang='grc' dir='ltr'>μετοχὴν</span> <span class='ocrx_word' id='word_1_488' title='bbox 2888 3317 2987 3388; x_wconf 78' lang='grc' dir='ltr'><strong>τῆς</strong></span> <span class='ocrx_word' id='word_1_489' title='bbox 3032 3316 3277 3388; x_wconf 83' lang='grc' dir='ltr'>πλάνης,</span> <span class='ocrx_word' id='word_1_490' title='bbox 3319 3317 3647 3389; x_wconf 78' lang='grc' dir='ltr'>προσθέντος</span> 
     </span>
    </p>
   </div>
   <div class='ocr_carea' id='block_1_75' title="bbox 2056 3408 3646 3482">
    <p class='ocr_par' dir='ltr' id='par_1_75' title="bbox 2056 3408 3646 3482">
     <span class='ocr_line' id='line_1_75' title="bbox 2056 3408 3646 3482; baseline 0.001 -20"><span class='ocrx_word' id='word_1_491' title='bbox 2056 3408 2114 3462; x_wconf 85' lang='grc' dir='ltr'><strong>δέ</strong></span> <span class='ocrx_word' id='word_1_492' title='bbox 2141 3412 2207 3481; x_wconf 78' lang='grc' dir='ltr'>τῇ</span> <span class='ocrx_word' id='word_1_493' title='bbox 2241 3408 2447 3482; x_wconf 85' lang='grc' dir='ltr'>ἀπάτῃ.</span> <span class='ocrx_word' id='word_1_494' title='bbox 2486 3409 2617 3472; x_wconf 79' lang='lat' dir='ltr'><strong>&#39;O;,-</strong></span> <span class='ocrx_word' id='word_1_495' title='bbox 2637 3409 2749 3462; x_wconf 83' lang='grc' dir='ltr'><strong>ἀπὸ</strong></span> <span class='ocrx_word' id='word_1_496' title='bbox 2781 3409 2879 3481; x_wconf 80' lang='grc' dir='ltr'>τῆς</span> <span class='ocrx_word' id='word_1_497' title='bbox 2916 3409 3118 3481; x_wconf 80' lang='grc' dir='ltr'>Συρίας</span> <span class='ocrx_word' id='word_1_498' title='bbox 3149 3410 3230 3473; x_wconf 89' lang='grc' dir='ltr'><strong>είς</strong></span> <span class='ocrx_word' id='word_1_499' title='bbox 3265 3409 3486 3481; x_wconf 80' lang='grc' dir='ltr'>Ῥώμην</span> <span class='ocrx_word' id='word_1_500' title='bbox 3522 3428 3646 3482; x_wconf 79' lang='grc' dir='ltr'>μετ-</span> 
     </span>
    </p>
   </div>
   <div class='ocr_carea' id='block_1_76' title="bbox 2056 3500 3645 3574">
    <p class='ocr_par' dir='ltr' id='par_1_76' title="bbox 2056 3500 3645 3574">
     <span class='ocr_line' id='line_1_76' title="bbox 2056 3500 3645 3574; baseline -0.001 -17"><span class='ocrx_word' id='word_1_501' title='bbox 2056 3501 2322 3567; x_wconf 76' lang='grc' dir='ltr'>αναστὰς,</span> <span class='ocrx_word' id='word_1_502' title='bbox 2375 3502 2437 3555; x_wconf 83' lang='grc' dir='ltr'>τὸ</span> <span class='ocrx_word' id='word_1_503' title='bbox 2491 3501 2755 3573; x_wconf 87' lang='grc' dir='ltr'>κήρυγμα</span> <span class='ocrx_word' id='word_1_504' title='bbox 2808 3501 2974 3555; x_wconf 77' lang='grc' dir='ltr'>αὐτοῦ</span> <span class='ocrx_word' id='word_1_505' title='bbox 3025 3500 3240 3574; x_wconf 78' lang='grc' dir='ltr'>ἐξέθετο</span> <span class='ocrx_word' id='word_1_506' title='bbox 3321 3501 3380 3555; x_wconf 88' lang='grc' dir='ltr'><strong>ἐν</strong></span> <span class='ocrx_word' id='word_1_507' title='bbox 3435 3503 3645 3574; x_wconf 78' lang='grc' dir='ltr'>χρόνοις</span> 
     </span>
    </p>
   </div>
   <div class='ocr_carea' id='block_1_77' title="bbox 2070 3573 3645 3665">
    <p class='ocr_par' dir='ltr' id='par_1_77' title="bbox 2070 3573 3645 3665">
     <span class='ocr_line' id='line_1_77' title="bbox 2070 3573 3645 3665; baseline -0.001 -16"><span class='ocrx_word' id='word_1_508' title='bbox 2070 3594 2287 3664; x_wconf 83' lang='grc' dir='ltr'>Ὑγίνου</span> <span class='ocrx_word' id='word_1_509' title='bbox 2331 3594 2651 3647; x_wconf 86' lang='grc' dir='ltr'>ἐπισκόπου.</span> <span class='ocrx_word' id='word_1_510' title='bbox 2689 3592 2793 3646; x_wconf 90' lang='grc' dir='ltr'>Δύο</span> <span class='ocrx_word' id='word_1_511' title='bbox 2848 3594 2905 3647; x_wconf 85' lang='grc' dir='ltr'>δὲ</span> <span class='ocrx_word' id='word_1_512' title='bbox 2956 3573 3133 3665; x_wconf 68' lang='grc' dir='ltr'>ἀρχάς</span> <span class='ocrx_word' id='word_1_513' title='bbox 3178 3592 3441 3664; x_wconf 78' lang='grc' dir='ltr'>κηρύττει</span> <span class='ocrx_word' id='word_1_514' title='bbox 3493 3590 3645 3658; x_wconf 78' lang='grc' dir='ltr'>οὗτος</span> 
     </span>
    </p>
   </div>
   <div class='ocr_carea' id='block_1_78' title="bbox 2056 3684 3648 3760">
    <p class='ocr_par' dir='ltr' id='par_1_78' title="bbox 2056 3684 3648 3760">
     <span class='ocr_line' id='line_1_78' title="bbox 2056 3684 3648 3760; baseline -0.001 -19"><span class='ocrx_word' id='word_1_515' title='bbox 2056 3688 2306 3752; x_wconf 80' lang='grc' dir='ltr'>ἐναντίας</span> <span class='ocrx_word' id='word_1_516' title='bbox 2346 3687 2624 3759; x_wconf 85' lang='grc' dir='ltr'>ἀλλήλαις.</span> <span class='ocrx_word' id='word_1_517' title='bbox 2658 3685 2750 3756; x_wconf 81' lang='grc' dir='ltr'><strong>Μὴ</strong></span> <span class='ocrx_word' id='word_1_518' title='bbox 2798 3684 2937 3740; x_wconf 79' lang='grc' dir='ltr'>εἶναι</span> <span class='ocrx_word' id='word_1_519' title='bbox 2983 3686 3039 3740; x_wconf 84' lang='grc' dir='ltr'><strong>δέ</strong></span> <span class='ocrx_word' id='word_1_520' title='bbox 3069 3686 3158 3740; x_wconf 82' lang='grc' dir='ltr'><strong>τὸν</strong></span> <span class='ocrx_word' id='word_1_521' title='bbox 3185 3686 3422 3757; x_wconf 80' lang='grc' dir='ltr'>Χριστὸν</span> <span class='ocrx_word' id='word_1_522' title='bbox 3454 3705 3648 3760; x_wconf 79' lang='grc' dir='ltr'>γεννη-</span> 
     </span>
    </p>
   </div>
   <div class='ocr_carea' id='block_1_79' title="bbox 2054 3778 3645 3851">
    <p class='ocr_par' dir='ltr' id='par_1_79' title="bbox 2054 3778 3645 3851">
     <span class='ocr_line' id='line_1_79' title="bbox 2054 3778 3645 3851; baseline 0.001 -18"><span class='ocrx_word' id='word_1_523' title='bbox 2054 3780 2166 3833; x_wconf 82' lang='grc' dir='ltr'>τόν.</span> <span class='ocrx_word' id='word_1_524' title='bbox 2216 3780 2448 3850; x_wconf 85' lang='grc' dir='ltr'>Ὁμοίως</span> <span class='ocrx_word' id='word_1_525' title='bbox 2496 3795 2556 3833; x_wconf 91' lang='grc' dir='ltr'><strong>τε</strong></span> <span class='ocrx_word' id='word_1_526' title='bbox 2593 3778 2802 3851; x_wconf 80' lang='grc' dir='ltr'>νεκρῶν</span> <span class='ocrx_word' id='word_1_527' title='bbox 2851 3779 3149 3833; x_wconf 83' lang='grc' dir='ltr'>ἀνάστασιν</span> <span class='ocrx_word' id='word_1_528' title='bbox 3195 3778 3413 3847; x_wconf 80' lang='grc' dir='ltr'>ἀθετεῖ,</span> <span class='ocrx_word' id='word_1_529' title='bbox 3456 3781 3551 3834; x_wconf 79' lang='grc' dir='ltr'><strong>καὶ</strong></span> <span class='ocrx_word' id='word_1_530' title='bbox 3579 3782 3645 3835; x_wconf 70' lang='grc' dir='ltr'><strong>τά</strong></span> 
     </span>
    </p>
   </div>
   <div class='ocr_carea' id='block_1_80' title="bbox 2056 3872 2911 3945">
    <p class='ocr_par' dir='ltr' id='par_1_80' title="bbox 2056 3872 2911 3945">
     <span class='ocr_line' id='line_1_80' title="bbox 2056 3872 2911 3945; baseline -0.002 -16"><span class='ocrx_word' id='word_1_531' title='bbox 2056 3874 2198 3929; x_wconf 86' lang='grc' dir='ltr'><strong>κατά</strong></span> <span class='ocrx_word' id='word_1_532' title='bbox 2225 3873 2323 3945; x_wconf 80' lang='grc' dir='ltr'><strong>τὴν</strong></span> <span class='ocrx_word' id='word_1_533' title='bbox 2348 3872 2593 3928; x_wconf 81' lang='grc' dir='ltr'>Παλαιὰν</span> <span class='ocrx_word' id='word_1_534' title='bbox 2616 3872 2911 3945; x_wconf 83' lang='grc' dir='ltr'>Διαθήκην.</span> 
     </span>
    </p>
   </div>
   <div class='ocr_carea' id='block_1_81' title="bbox 2126 3962 3645 4036">
    <p class='ocr_par' dir='ltr' id='par_1_81' title="bbox 2126 3962 3645 4036">
     <span class='ocr_line' id='line_1_81' title="bbox 2126 3962 3645 4036; baseline -0.002 -17"><span class='ocrx_word' id='word_1_535' title='bbox 2126 3963 2593 4032; x_wconf 71' lang='grc' dir='ltr'>Μαρκιωνιστταί.</span> <span class='ocrx_word' id='word_1_536' title='bbox 2610 3964 2875 4035; x_wconf 86' lang='grc' dir='ltr'>Μαρκίων</span> <span class='ocrx_word' id='word_1_537' title='bbox 2902 3964 2930 4016; x_wconf 85' lang='grc' dir='ltr'>ὁ</span> <span class='ocrx_word' id='word_1_538' title='bbox 2962 3963 3070 4017; x_wconf 73' lang='grc' dir='ltr'>ἀπὸ</span> <span class='ocrx_word' id='word_1_539' title='bbox 3089 3962 3290 4018; x_wconf 83' lang='grc' dir='ltr'>Πόντου</span> <span class='ocrx_word' id='word_1_540' title='bbox 3319 3963 3645 4036; x_wconf 81' lang='grc' dir='ltr'>ὁρμώμενος</span> 
     </span>
    </p>
   </div>
   <div class='ocr_carea' id='block_1_82' title="bbox 2056 4052 3644 4129">
    <p class='ocr_par' dir='ltr' id='par_1_82' title="bbox 2056 4052 3644 4129">
     <span class='ocr_line' id='line_1_82' title="bbox 2056 4052 3644 4129; baseline 0.001 -19"><span class='ocrx_word' id='word_1_541' title='bbox 2056 4057 2360 4111; x_wconf 78' lang='grc' dir='ltr'>ἐπισκόπου</span> <span class='ocrx_word' id='word_1_542' title='bbox 2397 4056 2497 4127; x_wconf 81' lang='grc' dir='ltr'>μὲν</span> <span class='ocrx_word' id='word_1_543' title='bbox 2560 4052 2628 4127; x_wconf 86' lang='grc' dir='ltr'>ἦν</span> <span class='ocrx_word' id='word_1_544' title='bbox 2663 4055 2806 4119; x_wconf 82' lang='grc' dir='ltr'>υίός’</span> <span class='ocrx_word' id='word_1_545' title='bbox 2846 4056 3074 4128; x_wconf 73' lang='grc' dir='ltr'>φθείρας</span> <span class='ocrx_word' id='word_1_546' title='bbox 3106 4056 3164 4109; x_wconf 81' lang='grc' dir='ltr'>δὲ</span> <span class='ocrx_word' id='word_1_547' title='bbox 3202 4057 3471 4129; x_wconf 80' lang='grc' dir='ltr'>παρθένον</span> <span class='ocrx_word' id='word_1_548' title='bbox 3536 4060 3644 4112; x_wconf 85' lang='grc' dir='ltr'>ἀπ-</span> 
     </span>
    </p>
   </div>
   <div class='ocr_carea' id='block_1_83' title="bbox 2054 4149 3644 4227">
    <p class='ocr_par' dir='ltr' id='par_1_83' title="bbox 2054 4149 3644 4227">
     <span class='ocr_line' id='line_1_83' title="bbox 2054 4149 3644 4227; baseline 0.004 -24"><span class='ocrx_word' id='word_1_549' title='bbox 2054 4150 2183 4220; x_wconf 85' lang='grc' dir='ltr'>έδρα</span> <span class='ocrx_word' id='word_1_550' title='bbox 2203 4190 2217 4214; x_wconf 92' lang='grc'><strong>,</strong></span> <span class='ocrx_word' id='word_1_551' title='bbox 2258 4150 2346 4204; x_wconf 83' lang='grc' dir='ltr'>διὰ</span> <span class='ocrx_word' id='word_1_552' title='bbox 2375 4151 2436 4204; x_wconf 85' lang='grc' dir='ltr'>τὸ</span> <span class='ocrx_word' id='word_1_553' title='bbox 2464 4149 2727 4218; x_wconf 84' lang='grc' dir='ltr'>ἐξεῶσθαι</span> <span class='ocrx_word' id='word_1_554' title='bbox 2759 4152 2863 4205; x_wconf 82' lang='grc' dir='ltr'><strong>ὑπὸ</strong></span> <span class='ocrx_word' id='word_1_555' title='bbox 2895 4153 2987 4207; x_wconf 74' lang='grc' dir='ltr'><strong>τοῦ</strong></span> <span class='ocrx_word' id='word_1_556' title='bbox 3020 4154 3150 4208; x_wconf 79' lang='grc' dir='ltr'>ἰδίου</span> <span class='ocrx_word' id='word_1_557' title='bbox 3172 4154 3379 4227; x_wconf 84' lang='grc' dir='ltr'>πατρὸς</span> <span class='ocrx_word' id='word_1_558' title='bbox 3413 4156 3523 4209; x_wconf 82' lang='grc' dir='ltr'><strong>ἀπὺ</strong></span> <span class='ocrx_word' id='word_1_559' title='bbox 3547 4158 3644 4227; x_wconf 75' lang='grc' dir='ltr'>τῆς</span> 
     </span>
    </p>
   </div>
   <div class='ocr_carea' id='block_1_84' title="bbox 2067 4240 3642 4318">
    <p class='ocr_par' dir='ltr' id='par_1_84' title="bbox 2067 4240 3642 4318">
     <span class='ocr_line' id='line_1_84' title="bbox 2067 4240 3642 4318; baseline 0.004 -23"><span class='ocrx_word' id='word_1_560' title='bbox 2067 4241 2413 4313; x_wconf 86' lang='grc' dir='ltr'>Ἑκκλησίας.</span> <span class='ocrx_word' id='word_1_561' title='bbox 2471 4240 2735 4296; x_wconf 86' lang='grc' dir='ltr'>Ἀνελθών</span> <span class='ocrx_word' id='word_1_562' title='bbox 2765 4259 2824 4295; x_wconf 86' lang='grc' dir='ltr'><strong>τε</strong></span> <span class='ocrx_word' id='word_1_563' title='bbox 2868 4244 2949 4308; x_wconf 84' lang='grc' dir='ltr'><strong>είς</strong></span> <span class='ocrx_word' id='word_1_564' title='bbox 2990 4243 3243 4317; x_wconf 80' lang='grc' dir='ltr'>Ῥώμην,</span> <span class='ocrx_word' id='word_1_565' title='bbox 3284 4246 3377 4300; x_wconf 74' lang='grc' dir='ltr'><strong>καὶ</strong></span> <span class='ocrx_word' id='word_1_566' title='bbox 3410 4249 3642 4318; x_wconf 73' lang='grc' dir='ltr'>αἰτήσας</span> 
     </span>
    </p>
   </div>
   <div class='ocr_carea' id='block_1_85' title="bbox 2057 4335 3639 4411">
    <p class='ocr_par' dir='ltr' id='par_1_85' title="bbox 2057 4335 3639 4411">
     <span class='ocr_line' id='line_1_85' title="bbox 2057 4335 3639 4411; baseline 0.004 -24"><span class='ocrx_word' id='word_1_567' title='bbox 2057 4335 2344 4406; x_wconf 85' lang='grc' dir='ltr'>μετάνοιαν</span> <span class='ocrx_word' id='word_1_568' title='bbox 2376 4336 2503 4399; x_wconf 84' lang='grc' dir='ltr'>τοὺς</span> <span class='ocrx_word' id='word_1_569' title='bbox 2533 4336 2654 4389; x_wconf 87' lang='grc' dir='ltr'>κατ’</span> <span class='ocrx_word' id='word_1_570' title='bbox 2697 4339 2875 4391; x_wconf 82' lang='grc' dir='ltr'>ἐκεῖνο</span> <span class='ocrx_word' id='word_1_571' title='bbox 2914 4337 3140 4410; x_wconf 65' lang='grc' dir='ltr'><strong>καιροίἷ⁸</strong></span> <span class='ocrx_word' id='word_1_572' title='bbox 3184 4338 3276 4393; x_wconf 73' lang='grc' dir='ltr'><strong>καὶ</strong></span> <span class='ocrx_word' id='word_1_573' title='bbox 3320 4338 3399 4411; x_wconf 80' lang='grc' dir='ltr'>μὴ</span> <span class='ocrx_word' id='word_1_574' title='bbox 3438 4342 3639 4411; x_wconf 82' lang='grc' dir='ltr'>τυχὼν,</span> 
     </span>
    </p>
   </div>
   <div class='ocr_carea' id='block_1_86' title="bbox 355 4427 1952 4514">
    <p class='ocr_par' dir='ltr' id='par_1_86' title="bbox 355 4430 1951 4514">
     <span class='ocr_line' id='line_1_86' title="bbox 355 4430 1951 4514; baseline 0.003 -28"><span class='ocrx_word' id='word_1_575' title='bbox 355 4430 541 4486; x_wconf 85' lang='lat' dir='ltr'><strong>obrcm</strong></span> <span class='ocrx_word' id='word_1_576' title='bbox 585 4431 692 4484; x_wconf 90' lang='lat' dir='ltr'><strong>tria</strong></span> <span class='ocrx_word' id='word_1_577' title='bbox 722 4444 847 4486; x_wconf 86' lang='lat' dir='ltr'><strong>esse</strong></span> <span class='ocrx_word' id='word_1_578' title='bbox 895 4432 1167 4514; x_wconf 85' lang='lat' dir='ltr'><strong>principia</strong></span> <span class='ocrx_word' id='word_1_579' title='bbox 1206 4434 1363 4499; x_wconf 81' lang='lat' dir='ltr'><strong>dixit,</strong></span> <span class='ocrx_word' id='word_1_580' title='bbox 1400 4433 1626 4501; x_wconf 89' lang='lat' dir='ltr'><strong>bonum,</strong></span> <span class='ocrx_word' id='word_1_581' title='bbox 1656 4434 1865 4504; x_wconf 90' lang='lat' dir='ltr'><strong>justum</strong></span> <span class='ocrx_word' id='word_1_582' title='bbox 1896 4444 1951 4491; x_wconf 90' lang='lat' dir='ltr'><strong>ct</strong></span> 
     </span>
    </p>
   </div>
   <div class='ocr_carea' id='block_1_87' title="bbox 2068 4427 3640 4514">
    <p class='ocr_par' dir='ltr' id='par_1_87' title="bbox 2068 4427 3640 4503">
     <span class='ocr_line' id='line_1_87' title="bbox 2068 4427 3640 4503; baseline 0.002 -21"><span class='ocrx_word' id='word_1_583' title='bbox 2068 4427 2316 4500; x_wconf 64' lang='grc' dir='ltr'>ἐπαρθεὶς</span> <span class='ocrx_word' id='word_1_584' title='bbox 2346 4428 2488 4483; x_wconf 86' lang='grc' dir='ltr'><strong>κατά</strong></span> <span class='ocrx_word' id='word_1_585' title='bbox 2526 4428 2627 4499; x_wconf 82' lang='grc' dir='ltr'><strong>τῆς</strong></span> <span class='ocrx_word' id='word_1_586' title='bbox 2671 4429 2906 4493; x_wconf 88' lang='grc' dir='ltr'>πίστεως</span> <span class='ocrx_word' id='word_1_587' title='bbox 2925 4469 2940 4495; x_wconf 86' lang='grc'><strong>,</strong></span> <span class='ocrx_word' id='word_1_588' title='bbox 2971 4430 3295 4500; x_wconf 87' lang='grc' dir='ltr'>ἐδογμάτισε</span> <span class='ocrx_word' id='word_1_589' title='bbox 3316 4469 3331 4495; x_wconf 91' lang='grc'><strong>,</strong></span> <span class='ocrx_word' id='word_1_590' title='bbox 3362 4433 3514 4501; x_wconf 84' lang='grc' dir='ltr'>τρεῖς</span> <span class='ocrx_word' id='word_1_591' title='bbox 3540 4432 3640 4503; x_wconf 88' lang='grc' dir='ltr'>ἀρ-</span> 
     </span>
    </p>
   </div>
   <div class='ocr_carea' id='block_1_88' title="bbox 354 4518 1944 4596">
    <p class='ocr_par' dir='ltr' id='par_1_88' title="bbox 354 4518 1944 4596">
     <span class='ocr_line' id='line_1_88' title="bbox 354 4518 1944 4596; baseline 0.006 -23"><span class='ocrx_word' id='word_1_592' title='bbox 354 4521 583 4574; x_wconf 87' lang='lat' dir='ltr'><strong>malum.</strong></span> <span class='ocrx_word' id='word_1_593' title='bbox 606 4518 820 4575; x_wconf 86' lang='lat' dir='ltr'><strong>Novum</strong></span> <span class='ocrx_word' id='word_1_594' title='bbox 853 4519 1266 4577; x_wconf 88' lang='lat' dir='ltr'><strong>Testamentum</strong></span> <span class='ocrx_word' id='word_1_595' title='bbox 1301 4538 1332 4577; x_wconf 94' lang='lat' dir='ltr'><strong>a</strong></span> <span class='ocrx_word' id='word_1_596' title='bbox 1365 4522 1560 4580; x_wconf 86' lang='lat' dir='ltr'><strong>Vetere</strong></span> <span class='ocrx_word' id='word_1_597' title='bbox 1584 4525 1944 4596; x_wconf 85' lang='lat' dir='ltr'><strong>ejusdemque</strong></span> 
     </span>
    </p>
   </div>
   <div class='ocr_carea' id='block_1_89' title="bbox 356 4614 1944 4675">
    <p class='ocr_par' dir='ltr' id='par_1_89' title="bbox 356 4614 1944 4675">
     <span class='ocr_line' id='line_1_89' title="bbox 356 4614 1944 4675; baseline 0.004 -8"><span class='ocrx_word' id='word_1_598' title='bbox 356 4622 580 4669; x_wconf 89' lang='lat' dir='ltr'><strong>auctore</strong></span> <span class='ocrx_word' id='word_1_599' title='bbox 604 4614 845 4669; x_wconf 84' lang='lat' dir='ltr'><strong>alienum</strong></span> <span class='ocrx_word' id='word_1_600' title='bbox 875 4629 998 4672; x_wconf 88' lang='lat' dir='ltr'><strong>esse</strong></span> <span class='ocrx_word' id='word_1_601' title='bbox 1021 4614 1227 4671; x_wconf 89' lang='lat' dir='ltr'><strong>docuit.</strong></span> <span class='ocrx_word' id='word_1_602' title='bbox 1255 4617 1451 4673; x_wconf 84' lang='lat' dir='ltr'><strong>Carnis</strong></span> <span class='ocrx_word' id='word_1_603' title='bbox 1484 4620 1944 4675; x_wconf 88' lang='lat' dir='ltr'><strong>resurrectionem</strong></span> 
     </span>
    </p>
   </div>
   <div class='ocr_carea' id='block_1_90' title="bbox 355 4704 1943 4776">
    <p class='ocr_par' dir='ltr' id='par_1_90' title="bbox 355 4704 1943 4776">
     <span class='ocr_line' id='line_1_90' title="bbox 355 4704 1943 4776; baseline 0.001 -15"><span class='ocrx_word' id='word_1_604' title='bbox 355 4705 600 4761; x_wconf 83' lang='lat' dir='ltr'><strong>sustulit.</strong></span> <span class='ocrx_word' id='word_1_605' title='bbox 636 4704 758 4760; x_wconf 89' lang='lat' dir='ltr'><strong>Non</strong></span> <span class='ocrx_word' id='word_1_606' title='bbox 796 4722 966 4760; x_wconf 91' lang='lat' dir='ltr'><strong>unum</strong></span> <span class='ocrx_word' id='word_1_607' title='bbox 1007 4707 1279 4776; x_wconf 89' lang='lat' dir='ltr'><strong>baptisma</strong></span> <span class='ocrx_word' id='word_1_608' title='bbox 1317 4707 1605 4774; x_wconf 77' lang='lat' dir='ltr'><strong>duntaxat,</strong></span> <span class='ocrx_word' id='word_1_609' title='bbox 1648 4710 1741 4765; x_wconf 87' lang='lat' dir='ltr'><strong>sed</strong></span> <span class='ocrx_word' id='word_1_610' title='bbox 1779 4711 1943 4764; x_wconf 89' lang='lat' dir='ltr'><strong>etiam</strong></span> 
     </span>
    </p>
   </div>
   <div class='ocr_carea' id='block_1_91' title="bbox 356 4796 1944 4870">
    <p class='ocr_par' dir='ltr' id='par_1_91' title="bbox 356 4796 1944 4870">
     <span class='ocr_line' id='line_1_91' title="bbox 356 4796 1944 4870; baseline 0.004 -19"><span class='ocrx_word' id='word_1_611' title='bbox 356 4797 461 4851; x_wconf 86' lang='lat' dir='ltr'><strong>tria</strong></span> <span class='ocrx_word' id='word_1_612' title='bbox 504 4803 628 4866; x_wconf 89' lang='lat' dir='ltr'><strong>post</strong></span> <span class='ocrx_word' id='word_1_613' title='bbox 678 4797 941 4852; x_wconf 89' lang='lat' dir='ltr'><strong>delictum</strong></span> <span class='ocrx_word' id='word_1_614' title='bbox 992 4796 1257 4870; x_wconf 88' lang='lat' dir='ltr'><strong>indulget.</strong></span> <span class='ocrx_word' id='word_1_615' title='bbox 1302 4798 1408 4856; x_wconf 89' lang='lat' dir='ltr'><strong>Pro</strong></span> <span class='ocrx_word' id='word_1_616' title='bbox 1455 4802 1686 4857; x_wconf 89' lang='lat' dir='ltr'><strong>mortuis</strong></span> <span class='ocrx_word' id='word_1_617' title='bbox 1728 4803 1944 4857; x_wconf 90' lang='lat' dir='ltr'><strong>illorum</strong></span> 
     </span>
    </p>
   </div>
   <div class='ocr_carea' id='block_1_92' title="bbox 354 4887 1946 4964">
    <p class='ocr_par' dir='ltr' id='par_1_92' title="bbox 354 4887 1946 4964">
     <span class='ocr_line' id='line_1_92' title="bbox 354 4887 1946 4964; baseline 0.004 -20"><span class='ocrx_word' id='word_1_618' title='bbox 354 4887 767 4945; x_wconf 89' lang='lat' dir='ltr'><strong>catechumenis</strong></span> <span class='ocrx_word' id='word_1_619' title='bbox 824 4888 1156 4959; x_wconf 89' lang='lat' dir='ltr'><strong>baptismum</strong></span> <span class='ocrx_word' id='word_1_620' title='bbox 1218 4892 1306 4947; x_wconf 87' lang='lat' dir='ltr'><strong>alii</strong></span> <span class='ocrx_word' id='word_1_621' title='bbox 1366 4893 1693 4964; x_wconf 87' lang='lat' dir='ltr'><strong>suscipiunt.</strong></span> <span class='ocrx_word' id='word_1_622' title='bbox 1755 4895 1946 4950; x_wconf 87' lang='lat' dir='ltr'><strong>Mulie-</strong></span> 
     </span>
    </p>
   </div>
   <div class='ocr_carea' id='block_1_93' title="bbox 353 4979 1947 5058">
    <p class='ocr_par' dir='ltr' id='par_1_93' title="bbox 353 4979 1947 5058">
     <span class='ocr_line' id='line_1_93' title="bbox 353 4979 1947 5058; baseline 0.006 -23"><span class='ocrx_word' id='word_1_623' title='bbox 353 4980 507 5035; x_wconf 88' lang='lat' dir='ltr'><strong>ribus</strong></span> <span class='ocrx_word' id='word_1_624' title='bbox 531 4979 785 5037; x_wconf 83' lang='lat' dir='ltr'><strong>conferre</strong></span> <span class='ocrx_word' id='word_1_625' title='bbox 806 4980 1141 5053; x_wconf 80' lang='lat' dir='ltr'><strong>baptismum</strong></span> <span class='ocrx_word' id='word_1_626' title='bbox 1195 4983 1315 5040; x_wconf 87' lang='lat' dir='ltr'><strong>sine</strong></span> <span class='ocrx_word' id='word_1_627' title='bbox 1342 4986 1452 5041; x_wconf 89' lang='lat' dir='ltr'><strong>ullo</strong></span> <span class='ocrx_word' id='word_1_628' title='bbox 1473 4985 1794 5044; x_wconf 89' lang='lat' dir='ltr'><strong>discrimine</strong></span> <span class='ocrx_word' id='word_1_629' title='bbox 1822 5003 1947 5058; x_wconf 91' lang='lat' dir='ltr'><strong>per-</strong></span> 
     </span>
    </p>
   </div>
   <div class='ocr_carea' id='block_1_94' title="bbox 358 5070 1452 5131">
    <p class='ocr_par' dir='ltr' id='par_1_94' title="bbox 358 5070 1452 5131">
     <span class='ocr_line' id='line_1_94' title="bbox 358 5070 1452 5131; baseline 0.008 -9"><span class='ocrx_word' id='word_1_630' title='bbox 358 5070 543 5124; x_wconf 82' lang='lat' dir='ltr'><strong>mittit.</strong></span> <span class='ocrx_word' id='word_1_631' title='bbox 1446 5124 1452 5131; x_wconf 89' lang='lat'><strong>.</strong></span> 
     </span>
    </p>
   </div>
   <div class='ocr_carea' id='block_1_95' title="bbox 426 5159 1942 5239">
    <p class='ocr_par' dir='ltr' id='par_1_95' title="bbox 426 5159 1942 5239">
     <span class='ocr_line' id='line_1_95' title="bbox 426 5159 1942 5239; baseline 0.009 -26"><span class='ocrx_word' id='word_1_632' title='bbox 426 5159 766 5219; x_wconf 72' lang='lat' dir='ltr'><strong>Lucianistw.</strong></span> <span class='ocrx_word' id='word_1_633' title='bbox 829 5163 1108 5221; x_wconf 88' lang='lat' dir='ltr'><strong>Lucianus</strong></span> <span class='ocrx_word' id='word_1_634' title='bbox 1162 5165 1248 5221; x_wconf 88' lang='lat' dir='ltr'><strong>his</strong></span> <span class='ocrx_word' id='word_1_635' title='bbox 1296 5167 1593 5239; x_wconf 90' lang='lat' dir='ltr'><strong>antiquior,</strong></span> <span class='ocrx_word' id='word_1_636' title='bbox 1646 5185 1756 5226; x_wconf 90' lang='lat' dir='ltr'><strong>non</strong></span> <span class='ocrx_word' id='word_1_637' title='bbox 1803 5171 1942 5228; x_wconf 88' lang='lat' dir='ltr'><strong>alter</strong></span> 
     </span>
    </p>
   </div>
   <div class='ocr_carea' id='block_1_96' title="bbox 355 5249 1940 5328">
    <p class='ocr_par' dir='ltr' id='par_1_96' title="bbox 355 5249 1940 5328">
     <span class='ocr_line' id='line_1_96' title="bbox 355 5249 1940 5328; baseline 0.009 -22"><span class='ocrx_word' id='word_1_638' title='bbox 355 5249 448 5308; x_wconf 88' lang='lat' dir='ltr'><strong>ille</strong></span> <span class='ocrx_word' id='word_1_639' title='bbox 478 5253 572 5322; x_wconf 91' lang='lat' dir='ltr'><strong>qui</strong></span> <span class='ocrx_word' id='word_1_640' title='bbox 598 5252 961 5311; x_wconf 90' lang='lat' dir='ltr'><strong>Constantino</strong></span> <span class='ocrx_word' id='word_1_641' title='bbox 999 5256 1303 5328; x_wconf 88' lang='lat' dir='ltr'><strong>imperante</strong></span> <span class='ocrx_word' id='word_1_642' title='bbox 1342 5257 1549 5326; x_wconf 83' lang='lat' dir='ltr'><strong>ﬂoruit,</strong></span> <span class='ocrx_word' id='word_1_643' title='bbox 1587 5262 1640 5318; x_wconf 93' lang='lat' dir='ltr'><strong>in</strong></span> <span class='ocrx_word' id='word_1_644' title='bbox 1682 5264 1940 5321; x_wconf 89' lang='lat' dir='ltr'><strong>omnibus</strong></span> 
     </span>
    </p>
   </div>
   <div class='ocr_carea' id='block_1_97' title="bbox 356 5341 1941 5426">
    <p class='ocr_par' dir='ltr' id='par_1_97' title="bbox 356 5341 1941 5426">
     <span class='ocr_line' id='line_1_97' title="bbox 356 5341 1941 5426; baseline 0.011 -29"><span class='ocrx_word' id='word_1_645' title='bbox 356 5341 652 5400; x_wconf 78' lang='lat' dir='ltr'><strong>Marcionis</strong></span> <span class='ocrx_word' id='word_1_646' title='bbox 689 5347 938 5419; x_wconf 85' lang='lat' dir='ltr'><strong>vestigiis</strong></span> <span class='ocrx_word' id='word_1_647' title='bbox 978 5349 1216 5405; x_wconf 68' lang='lat' dir='ltr'><strong>inhaesit.</strong></span> <span class='ocrx_word' id='word_1_648' title='bbox 1261 5350 1376 5409; x_wconf 88' lang='lat' dir='ltr'><strong>Etsi</strong></span> <span class='ocrx_word' id='word_1_649' title='bbox 1444 5355 1773 5426; x_wconf 90' lang='lat' dir='ltr'><strong>quibusdam</strong></span> <span class='ocrx_word' id='word_1_650' title='bbox 1842 5359 1941 5415; x_wconf 93' lang='lat' dir='ltr'><strong>ad-</strong></span> 
     </span>
    </p>
   </div>
   <div class='ocr_carea' id='block_1_98' title="bbox 348 5435 1592 5512">
    <p class='ocr_par' dir='ltr' id='par_1_98' title="bbox 348 5435 1592 5512">
     <span class='ocr_line' id='line_1_98' title="bbox 348 5435 1592 5512; baseline 0.009 -20"><span class='ocrx_word' id='word_1_651' title='bbox 348 5435 515 5508; x_wconf 86' lang='lat' dir='ltr'><strong>jectis</strong></span> <span class='ocrx_word' id='word_1_652' title='bbox 545 5437 877 5498; x_wconf 85' lang='lat' dir='ltr'><strong>cumulatius</strong></span> <span class='ocrx_word' id='word_1_653' title='bbox 905 5441 1109 5512; x_wconf 86' lang='lat' dir='ltr'><strong>aliquid</strong></span> <span class='ocrx_word' id='word_1_654' title='bbox 1136 5443 1335 5502; x_wconf 90' lang='lat' dir='ltr'><strong>docere</strong></span> <span class='ocrx_word' id='word_1_655' title='bbox 1363 5448 1592 5503; x_wconf 89' lang='lat' dir='ltr'><strong>studuit.</strong></span> 
     </span>
    </p>
   </div>
   <div class='ocr_carea' id='block_1_99' title="bbox 436 5701 1757 5799">
    <p class='ocr_par' dir='ltr' id='par_1_99' title="bbox 436 5701 1757 5799">
     <span class='ocr_line' id='line_1_99' title="bbox 436 5701 1757 5799; baseline 0.003 -34"><span class='ocrx_word' id='word_1_656' title='bbox 436 5704 538 5766; x_wconf 80' lang='lat' dir='ltr'><strong>’F.</strong></span> <span class='ocrx_word' id='word_1_657' title='bbox 569 5707 639 5780; x_wconf 78' lang='grc' dir='ltr'><strong>ἐφ</strong></span> <span class='ocrx_word' id='word_1_658' title='bbox 684 5701 787 5775; x_wconf 75' lang='grc' dir='ltr'>οἷς.</span> <span class='ocrx_word' id='word_1_659' title='bbox 864 5711 885 5745; x_wconf 84' lang='grc'>¹</span> <span class='ocrx_word' id='word_1_660' title='bbox 915 5708 977 5766; x_wconf 81' lang='lat' dir='ltr'><strong>F.</strong></span> <span class='ocrx_word' id='word_1_661' title='bbox 1010 5707 1074 5765; x_wconf 79' lang='grc' dir='ltr'>τὺ</span> <span class='ocrx_word' id='word_1_662' title='bbox 1091 5709 1205 5767; x_wconf 81' lang='grc' dir='ltr'>τόν.</span> <span class='ocrx_word' id='word_1_663' title='bbox 1283 5712 1303 5747; x_wconf 89' lang='grc'><strong><em>³</em></strong></span> <span class='ocrx_word' id='word_1_664' title='bbox 1331 5712 1393 5770; x_wconf 62' lang='grc' dir='ltr'><strong>ιτ.</strong></span> <span class='ocrx_word' id='word_1_665' title='bbox 1442 5710 1757 5799; x_wconf 48' lang='grc' dir='ltr'>δεξαμένου.</span> 
     </span>
    </p>
   </div>
   <div class='ocr_carea' id='block_1_100' title="bbox 2051 4519 3644 4593">
    <p class='ocr_par' dir='ltr' id='par_1_100' title="bbox 2051 4519 3644 4593">
     <span class='ocr_line' id='line_1_100' title="bbox 2051 4519 3644 4593; baseline 0.003 -20"><span class='ocrx_word' id='word_1_666' title='bbox 2051 4519 2152 4590; x_wconf 81' lang='grc' dir='ltr'><strong>χάς</strong></span> <span class='ocrx_word' id='word_1_667' title='bbox 2179 4520 2646 4592; x_wconf 74' lang='grc' dir='ltr'>εἰσηγησάμενος,</span> <span class='ocrx_word' id='word_1_668' title='bbox 2674 4520 2877 4589; x_wconf 86' lang='grc' dir='ltr'>ἀγαθόν</span> <span class='ocrx_word' id='word_1_669' title='bbox 2906 4538 2966 4573; x_wconf 92' lang='grc' dir='ltr'><strong>τε</strong></span> <span class='ocrx_word' id='word_1_670' title='bbox 3000 4522 3094 4575; x_wconf 70' lang='grc' dir='ltr'><strong>καὶ</strong></span> <span class='ocrx_word' id='word_1_671' title='bbox 3123 4520 3328 4574; x_wconf 87' lang='grc' dir='ltr'>δίκαιον</span> <span class='ocrx_word' id='word_1_672' title='bbox 3364 4528 3461 4575; x_wconf 64' lang='grc' dir='ltr'><strong>καὶ</strong></span> <span class='ocrx_word' id='word_1_673' title='bbox 3509 4522 3644 4593; x_wconf 60' lang='lat' dir='ltr'><strong>gas}-</strong></span> 
     </span>
    </p>
   </div>
   <div class='ocr_carea' id='block_1_101' title="bbox 2052 4608 3643 4686">
    <p class='ocr_par' dir='ltr' id='par_1_101' title="bbox 2052 4608 3643 4686">
     <span class='ocr_line' id='line_1_101' title="bbox 2052 4608 3643 4686; baseline 0.003 -21"><span class='ocrx_word' id='word_1_674' title='bbox 2052 4611 2141 4667; x_wconf 92' lang='grc' dir='ltr'><strong>λον</strong></span> <span class='ocrx_word' id='word_1_675' title='bbox 2166 4630 2181 4643; x_wconf 72' lang='grc' dir='ltr'><strong><em>ο</em></strong></span> <span class='ocrx_word' id='word_1_676' title='bbox 2216 4608 2355 4666; x_wconf 83' lang='grc' dir='ltr'>εἶναί</span> <span class='ocrx_word' id='word_1_677' title='bbox 2387 4630 2446 4666; x_wconf 89' lang='grc' dir='ltr'><strong>τε</strong></span> <span class='ocrx_word' id='word_1_678' title='bbox 2499 4612 2703 4686; x_wconf 83' lang='grc' dir='ltr'>Καινὴν</span> <span class='ocrx_word' id='word_1_679' title='bbox 2741 4613 3020 4686; x_wconf 88' lang='grc' dir='ltr'>Διαθήκην</span> <span class='ocrx_word' id='word_1_680' title='bbox 3058 4613 3348 4686; x_wconf 84' lang='grc' dir='ltr'>ἀλλοτρίαν</span> <span class='ocrx_word' id='word_1_681' title='bbox 3383 4616 3485 4686; x_wconf 79' lang='grc' dir='ltr'>τῆς</span> <span class='ocrx_word' id='word_1_682' title='bbox 3529 4618 3643 4669; x_wconf 75' lang='lat'><strong>111-</strong></span> 
     </span>
    </p>
   </div>
   <div class='ocr_carea' id='block_1_102' title="bbox 2052 4705 3642 4779">
    <p class='ocr_par' dir='ltr' id='par_1_102' title="bbox 2052 4705 3642 4779">
     <span class='ocr_line' id='line_1_102' title="bbox 2052 4705 3642 4779; baseline 0.002 -21"><span class='ocrx_word' id='word_1_683' title='bbox 2052 4705 2209 4769; x_wconf 79' lang='grc' dir='ltr'>λαιᾶς</span> <span class='ocrx_word' id='word_1_684' title='bbox 2234 4708 2328 4759; x_wconf 77' lang='grc' dir='ltr'><strong>καὶ</strong></span> <span class='ocrx_word' id='word_1_685' title='bbox 2347 4705 2441 4760; x_wconf 84' lang='grc' dir='ltr'>τοῦ</span> <span class='ocrx_word' id='word_1_686' title='bbox 2464 4708 2521 4760; x_wconf 86' lang='grc' dir='ltr'><strong>ἐν</strong></span> <span class='ocrx_word' id='word_1_687' title='bbox 2548 4707 2685 4779; x_wconf 82' lang='grc' dir='ltr'>αὐτῇ</span> <span class='ocrx_word' id='word_1_688' title='bbox 2714 4707 3069 4779; x_wconf 80' lang='grc' dir='ltr'>λαλήσαντος.</span> <span class='ocrx_word' id='word_1_689' title='bbox 3094 4707 3417 4762; x_wconf 86' lang='grc' dir='ltr'>Ἀνάστασιν</span> <span class='ocrx_word' id='word_1_690' title='bbox 3441 4710 3642 4778; x_wconf 64' lang='grc' dir='ltr'>σαρκός</span> 
     </span>
    </p>
   </div>
   <div class='ocr_carea' id='block_1_103' title="bbox 2053 4797 3642 4870">
    <p class='ocr_par' dir='ltr' id='par_1_103' title="bbox 2053 4797 3642 4870">
     <span class='ocr_line' id='line_1_103' title="bbox 2053 4797 3642 4870; baseline 0 -17"><span class='ocrx_word' id='word_1_691' title='bbox 2053 4799 2254 4853; x_wconf 82' lang='grc' dir='ltr'>ἀθετεῖ.</span> <span class='ocrx_word' id='word_1_692' title='bbox 2310 4797 2603 4870; x_wconf 86' lang='grc' dir='ltr'>Βάπτισμα</span> <span class='ocrx_word' id='word_1_693' title='bbox 2638 4798 2854 4853; x_wconf 88' lang='grc' dir='ltr'>δίδωσιν</span> <span class='ocrx_word' id='word_1_694' title='bbox 2909 4799 2971 4852; x_wconf 82' lang='grc' dir='ltr'>οὐ</span> <span class='ocrx_word' id='word_1_695' title='bbox 3010 4799 3169 4870; x_wconf 89' lang='grc' dir='ltr'>μόνον</span> <span class='ocrx_word' id='word_1_696' title='bbox 3215 4798 3308 4864; x_wconf 84' lang='grc' dir='ltr'><strong>ἒν,</strong></span> <span class='ocrx_word' id='word_1_697' title='bbox 3365 4798 3503 4853; x_wconf 84' lang='grc' dir='ltr'><strong>ἀλλά</strong></span> <span class='ocrx_word' id='word_1_698' title='bbox 3549 4802 3642 4853; x_wconf 70' lang='grc' dir='ltr'>καὶ</span> 
     </span>
    </p>
   </div>
   <div class='ocr_carea' id='block_1_104' title="bbox 2053 4888 3641 4962">
    <p class='ocr_par' dir='ltr' id='par_1_104' title="bbox 2053 4888 3641 4962">
     <span class='ocr_line' id='line_1_104' title="bbox 2053 4888 3641 4962; baseline 0.001 -20"><span class='ocrx_word' id='word_1_699' title='bbox 2053 4889 2181 4961; x_wconf 86' lang='grc' dir='ltr'>τρία</span> <span class='ocrx_word' id='word_1_700' title='bbox 2210 4888 2349 4960; x_wconf 85' lang='grc' dir='ltr'><strong>μετά</strong></span> <span class='ocrx_word' id='word_1_701' title='bbox 2394 4889 2454 4943; x_wconf 85' lang='grc' dir='ltr'>τὸ</span> <span class='ocrx_word' id='word_1_702' title='bbox 2486 4893 2846 4962; x_wconf 86' lang='grc' dir='ltr'>παραπεσεῖν.</span> <span class='ocrx_word' id='word_1_703' title='bbox 2894 4889 3066 4961; x_wconf 78' lang='grc' dir='ltr'>’Υπὲρ</span> <span class='ocrx_word' id='word_1_704' title='bbox 3093 4890 3150 4944; x_wconf 81' lang='grc' dir='ltr'>δὲ</span> <span class='ocrx_word' id='word_1_705' title='bbox 3193 4890 3304 4944; x_wconf 81' lang='grc' dir='ltr'><strong>τῶν</strong></span> <span class='ocrx_word' id='word_1_706' title='bbox 3326 4890 3641 4945; x_wconf 84' lang='grc' dir='ltr'>τεθνεώτων</span> 
     </span>
    </p>
   </div>
   <div class='ocr_carea' id='block_1_105' title="bbox 2051 4981 3641 5055">
    <p class='ocr_par' dir='ltr' id='par_1_105' title="bbox 2051 4981 3641 5055">
     <span class='ocr_line' id='line_1_105' title="bbox 2051 4981 3641 5055; baseline 0.001 -20"><span class='ocrx_word' id='word_1_707' title='bbox 2051 4999 2292 5053; x_wconf 85' lang='grc' dir='ltr'>κατηχου</span> <span class='ocrx_word' id='word_1_708' title='bbox 2300 4982 2477 5053; x_wconf 81' lang='grc' dir='ltr'>μένων</span> <span class='ocrx_word' id='word_1_709' title='bbox 2499 4981 2648 5037; x_wconf 79' lang='grc' dir='ltr'>ἄλλοι</span> <span class='ocrx_word' id='word_1_710' title='bbox 2677 4983 2809 5055; x_wconf 77' lang='grc' dir='ltr'>παρ’</span> <span class='ocrx_word' id='word_1_711' title='bbox 2831 4983 3012 5047; x_wconf 81' lang='grc' dir='ltr'>αὐτοῖς</span> <span class='ocrx_word' id='word_1_712' title='bbox 3036 4983 3410 5054; x_wconf 76' lang='grc' dir='ltr'>βαπτίζονται.</span> <span class='ocrx_word' id='word_1_713' title='bbox 3447 4983 3641 5047; x_wconf 79' lang='grc' dir='ltr'>’Δδεῶς</span> 
     </span>
    </p>
   </div>
   <div class='ocr_carea' id='block_1_106' title="bbox 2051 5074 3534 5149">
    <p class='ocr_par' dir='ltr' id='par_1_106' title="bbox 2051 5074 3534 5149">
     <span class='ocr_line' id='line_1_106' title="bbox 2051 5074 3534 5149; baseline 0.002 -21"><span class='ocrx_word' id='word_1_714' title='bbox 2051 5074 2109 5129; x_wconf 79' lang='grc' dir='ltr'>δὲ</span> <span class='ocrx_word' id='word_1_715' title='bbox 2137 5076 2231 5128; x_wconf 76' lang='grc' dir='ltr'><strong>καὶ</strong></span> <span class='ocrx_word' id='word_1_716' title='bbox 2266 5074 2822 5149; x_wconf 71' lang='grc' dir='ltr'>γυναιξὶν.ἐτιιτρέπει</span> <span class='ocrx_word' id='word_1_717' title='bbox 2850 5075 3011 5147; x_wconf 76' lang='grc' dir='ltr'>δῆθεν</span> <span class='ocrx_word' id='word_1_718' title='bbox 3049 5075 3275 5147; x_wconf 77' lang='grc' dir='ltr'>λουτρὸν</span> <span class='ocrx_word' id='word_1_719' title='bbox 3310 5075 3534 5131; x_wconf 81' lang='grc' dir='ltr'>διδόναι.</span> 
     </span>
    </p>
   </div>
   <div class='ocr_carea' id='block_1_107' title="bbox 2117 5168 3642 5241">
    <p class='ocr_par' dir='ltr' id='par_1_107' title="bbox 2117 5168 3642 5241">
     <span class='ocr_line' id='line_1_107' title="bbox 2117 5168 3642 5241; baseline 0.001 -18"><span class='ocrx_word' id='word_1_720' title='bbox 2117 5171 2574 5225; x_wconf 79' lang='grc' dir='ltr'>Αουκιανισταί.</span> <span class='ocrx_word' id='word_1_721' title='bbox 2608 5170 2906 5233; x_wconf 86' lang='grc' dir='ltr'>Λουκιανός</span> <span class='ocrx_word' id='word_1_722' title='bbox 2941 5186 3025 5233; x_wconf 87' lang='grc' dir='ltr'><strong>τις</strong></span> <span class='ocrx_word' id='word_1_723' title='bbox 3057 5170 3317 5241; x_wconf 83' lang='grc' dir='ltr'>ἀρχαῖος,</span> <span class='ocrx_word' id='word_1_724' title='bbox 3349 5170 3449 5240; x_wconf 78' lang='grc' dir='ltr'>οὐχ</span> <span class='ocrx_word' id='word_1_725' title='bbox 3482 5172 3511 5223; x_wconf 86' lang='grc' dir='ltr'>ὁ</span> <span class='ocrx_word' id='word_1_726' title='bbox 3546 5168 3642 5225; x_wconf 72' lang='grc' dir='ltr'>νῦν</span> 
     </span>
    </p>
   </div>
   <div class='ocr_carea' id='block_1_108' title="bbox 2054 5260 3642 5333">
    <p class='ocr_par' dir='ltr' id='par_1_108' title="bbox 2054 5260 3642 5333">
     <span class='ocr_line' id='line_1_108' title="bbox 2054 5260 3642 5333; baseline -0.002 -17"><span class='ocrx_word' id='word_1_727' title='bbox 2054 5265 2112 5317; x_wconf 86' lang='grc' dir='ltr'><strong>ἐν</strong></span> <span class='ocrx_word' id='word_1_728' title='bbox 2167 5262 2381 5333; x_wconf 82' lang='grc' dir='ltr'>χρόνοις</span> <span class='ocrx_word' id='word_1_729' title='bbox 2427 5261 2836 5316; x_wconf 82' lang='grc' dir='ltr'>Κωνσταντίνου</span> <span class='ocrx_word' id='word_1_730' title='bbox 2889 5262 3182 5333; x_wconf 85' lang='grc' dir='ltr'>γενόμενος</span> <span class='ocrx_word' id='word_1_731' title='bbox 3205 5302 3220 5327; x_wconf 86' lang='grc'><strong>,</strong></span> <span class='ocrx_word' id='word_1_732' title='bbox 3269 5261 3452 5315; x_wconf 87' lang='grc' dir='ltr'>πάντα</span> <span class='ocrx_word' id='word_1_733' title='bbox 3501 5260 3642 5315; x_wconf 84' lang='grc' dir='ltr'><strong>κατά</strong></span> 
     </span>
    </p>
   </div>
   <div class='ocr_carea' id='block_1_109' title="bbox 2052 5351 3637 5427">
    <p class='ocr_par' dir='ltr' id='par_1_109' title="bbox 2052 5351 3637 5427">
     <span class='ocr_line' id='line_1_109' title="bbox 2052 5351 3637 5427; baseline -0.003 -17"><span class='ocrx_word' id='word_1_734' title='bbox 2052 5354 2356 5426; x_wconf 88' lang='grc' dir='ltr'>Μαρκίωνα</span> <span class='ocrx_word' id='word_1_735' title='bbox 2395 5354 2739 5426; x_wconf 82' lang='grc' dir='ltr'>ἐδογμάτισε.</span> <span class='ocrx_word' id='word_1_736' title='bbox 2798 5353 2941 5427; x_wconf 72' lang='grc' dir='ltr'>Πρὸς</span> <span class='ocrx_word' id='word_1_737' title='bbox 2974 5352 3031 5406; x_wconf 82' lang='grc' dir='ltr'>δὲ</span> <span class='ocrx_word' id='word_1_738' title='bbox 3075 5351 3301 5417; x_wconf 86' lang='grc' dir='ltr'>τούτους</span> <span class='ocrx_word' id='word_1_739' title='bbox 3336 5354 3435 5407; x_wconf 75' lang='grc' dir='ltr'>καὶ</span> <span class='ocrx_word' id='word_1_740' title='bbox 3480 5354 3637 5426; x_wconf 76' lang='grc' dir='ltr'>ἒτερά</span> 
     </span>
    </p>
   </div>
   <div class='ocr_carea' id='block_1_110' title="bbox 2050 5445 3643 5521">
    <p class='ocr_par' dir='ltr' id='par_1_110' title="bbox 2050 5445 3643 5521">
     <span class='ocr_line' id='line_1_110' title="bbox 2050 5445 3643 5521; baseline -0.002 -19"><span class='ocrx_word' id='word_1_741' title='bbox 2050 5466 2170 5503; x_wconf 90' lang='grc' dir='ltr'>τινα</span> <span class='ocrx_word' id='word_1_742' title='bbox 2197 5446 2349 5521; x_wconf 81' lang='grc' dir='ltr'><strong>παρά</strong></span> <span class='ocrx_word' id='word_1_743' title='bbox 2381 5448 2473 5503; x_wconf 86' lang='grc' dir='ltr'>τὸν</span> <span class='ocrx_word' id='word_1_744' title='bbox 2511 5445 2848 5518; x_wconf 86' lang='grc' dir='ltr'>Μαρκίωνα,</span> <span class='ocrx_word' id='word_1_745' title='bbox 2892 5446 2988 5501; x_wconf 71' lang='grc' dir='ltr'>καὶ</span> <span class='ocrx_word' id='word_1_746' title='bbox 3025 5445 3187 5511; x_wconf 80' lang='grc' dir='ltr'>αὐτὸς</span> <span class='ocrx_word' id='word_1_747' title='bbox 3236 5446 3401 5519; x_wconf 83' lang='grc' dir='ltr'>δῆθεν</span> <span class='ocrx_word' id='word_1_748' title='bbox 3447 5463 3643 5519; x_wconf 81' lang='grc' dir='ltr'>περισ-</span> 
     </span>
    </p>
   </div>
   <div class='ocr_carea' id='block_1_111' title="bbox 2053 5539 2652 5616">
    <p class='ocr_par' dir='ltr' id='par_1_111' title="bbox 2053 5539 2652 5616">
     <span class='ocr_line' id='line_1_111' title="bbox 2053 5539 2652 5616; baseline -0.008 -21"><span class='ocrx_word' id='word_1_749' title='bbox 2053 5540 2173 5596; x_wconf 85' lang='grc' dir='ltr'><strong>σοτέ</strong></span> <span class='ocrx_word' id='word_1_750' title='bbox 2179 5558 2289 5614; x_wconf 88' lang='grc' dir='ltr'>ρως</span> <span class='ocrx_word' id='word_1_751' title='bbox 2319 5539 2652 5616; x_wconf 77' lang='grc' dir='ltr'>δογματίζει.</span> 
     </span>
    </p>
   </div>
  </div>
