3956 6070
227 275 329 337 881

909 270 1281 333 ADVERSUS
1318 266 1826 333 IlIERESES'LIB.
1866 277 1907 334 1.
1949 272 2113 334 ΤΟΜ.
2158 272 2245 332 lll.
2287 310 2355 321 —
2394 277 2669 335 llAiRES.
2703 276 2943 336 XXXIV.

3404 280 3515 339 582

266 367 279 377 ’
310 393 723 462 Ἆπελληανοι.
765 393 877 448 Καὶ
924 388 1079 459 οὗτος
1130 396 1160 448 ὁ
1211 393 1478 465 ’Δπελλῆς
1530 394 1598 449 τὰ
1651 396 1812 467 ὃμοια

1920 472 1935 484 Ι
1979 396 2410 468 231Apelliani
2419 438 2431 453 .
2448 374 2664 470 Apelles
2677 397 2932 454 similiter
2944 403 3107 468 atque
3122 395 3328 453 Marcio
3337 406 3391 454 et
3404 398 3512 455 ιιι.

228 486 518 560 Μαρκίωνι
550 485 648 539 καὶ
672 483 958 555 Λουκιανῷ
985 481 1204 548 κακίζει
1233 484 1332 555 τὴν
1370 486 1552 540 πᾶσαν
1577 486 1817 558 ποίησιν,

229 581 323 635 καὶ
367 579 460 632 τὸν
504 578 865 649 πεποιηκότα.
904 578 1017 648 οὐχ
1060 577 1259 649 ὁμοίως
1304 577 1362 631 δὲ
1412 577 1623 643 τούτοις
1674 581 1865 651 τρεῖς.

228 667 400 741 ἀρχὰς
428 668 767 738 εἰσηγήσατο
791 706 806 732 ,
854 666 992 720 ἀλλά
1041 668 1170 738 μίαν
1203 668 1302 739 μὲν
1342 668 1519 740 ἀρχὴν
1547 708 1562 735 ,
1600 670 1695 723 καὶ⁵
1725 670 1823 724 ἕνα

227 758 357 813 Θεὸν
400 757 533 814 ὄντα
574 756 851 812 ἀνώτατον
893 759 989 812 καὶ
1021 759 1465 830 ἀκατονόμαστον
1495 778 1511 795 ο
1563 761 1725 816 αὑτὸν
1764 762 1822 816 δὲ

225 849 316 905 τὸν
362 849 460 903 ἕνα
513 850 876 920 πεποιηκέναι
910 849 1091 905 ἄλλον.
1151 849 1256 905 Καὶ
1289 846 1446 915 οὗτος
1500 854 1529 906 ό
1558 853 1819 923 γεγονὼς,

226 942 460 1014 πονηρὸς
511 942 793 1014 εὑρεθεὶς,
833 942 1091 1013 ἐποίησεν
1121 943 1179 996 ὲν
1223 945 1288 1014 τῇ
1327 941 1493 997 αὑτοῦ
1523 943 1821 1015 φαυλότητι

225 1035 315 1089 τὸν
346 1033 577 1105 κόσμον.

290 1127 669 1196 Σευτιριανοι.
704 1125 944 1197 Σευῆρος
972 1126 1134 1181 πάλιν
1185 1142 1269 1190 τις
1300 1125 1379 1197 τῷ
1414 1127 1646 1200 ’Δπελλῇ
1692 1146 1819 1182 συν-

223 1218 512 1289 επόμενος,
544 1218 637 1272 τὸν
674 1218 774 1289 μὲν
813 1212 957 1272 οἶνον
996 1219 1360 1274 ἀποϐάλλεται
1389 1221 1481 1274 καὶ
1512 1222 1612 1294 τὴν
1640 1223 1821 1294 ἀμπε-

222 1310 310 1364 λον
334 1351 349 1375 ,
389 1310 454 1364 ἐκ
504 1327 568 1364 τε
613 1309 710 1363 τοῦ
740 1311 1182 1383 δρακοντοειδοῦς
1203 1314 1419 1368 Σατανᾶ
1452 1314 1547 1368 καὶ
1576 1314 1688 1386 Γῆς
1720 1332 1821 1387 μυ·-

224 1401 455 1471 θολογῶν
506 1404 848 1473 πεφυκέναι,
906 1404 1269 1460 συνελθόντων
1304 1405 1577 1477 ἀλλήλοις.
1620 1408 1732 1478 Τήν
1758 1424 1819 1461 τε

222 1497 449 1564 γυναῖκα
480 1498 877 1567 παραιτεῖται,
921 1497 1147 1565 φάσκων
1199 1498 1497 1569 ἀριστερᾶς
1533 1496 1819 1568 δυνάμεως

222 1585 383 1658 αὐτὴν
410 1586 706 1658 ὑπάρχειν.
754 1588 1083 1658 Ὀνομασίας
1116 1590 1174 1642 τέ
1208 1608 1356 1653 τινας
1395 1589 1697 1661 ἀρχόντων,
1725 1591 1818 1644 καὶ

224 1679 430 1751 βίϐλους
459 1680 620 1743 τινὰς
652 1680 1006 1751 ἀποκρύφους
1046 1683 1395 1752 παρεισάγει.
1426 1682 1511 1736 Τά
1556 1684 1714 1753 ὃμοια
1764 1681 1817 1735 δὲ

1920 489 2116 545 cianus
2162 489 2430 559 quidquid
2468 489 2749 545 conditum
2779 498 2863 545 est
2900 503 3026 544 cum
3066 489 3187 559 ipso
3217 487 3513 547 Conditore

1919 581 2211 653 vituperat.
2269 579 2390 635 Non
2441 589 2625 636 tamen
2672 582 2777 636 tria
2830 591 2889 636 ut
2934 581 3010 636 illi
3064 581 3357 652 principia,
3415 586 3511 639 sed

1920 689 2090 729 unum
2137 680 2353 729 tantum
2396 673 2606 729 invexit
2640 690 2652 726 :
2690 674 2992 745 itidemque
3034 672 3201 730 Deum
3242 689 3411 729 unum
3446 688 3512 728 ac

1921 781 2268 837 supremum,
2310 774 2365 823 et
2402 767 2642 823 nominis
2680 775 2991 837 expertem,
3038 769 3130 838 qui
3174 766 3509 837 singularem

1920 860 2151 915 alterum
2212 862 2602 930 procreaverit.
2657 859 2760 928 Qui
2811 875 2936 915 cum
2991 860 3170 915 malus
3218 858 3509 927 evasisset,

1920 951 2185 1006 mundum
2215 966 2314 1007 sua
2345 951 2438 1007 illa
2473 952 2824 1022 improbitate
2851 951 3120 1006 condidit.

1993 1126 2285 1183 Seueriani.
2322 1128 2558 1185 Severus
2589 1128 2679 1185 hic
2706 1127 2949 1200 Appellis
2977 1126 3189 1183 assecla
3225 1126 3412 1181 vinum
3445 1141 3511 1182 ac

1919 1220 2085 1277 vitem
2121 1223 2340 1292 penitus
2367 1223 2608 1277 damnat.
2641 1221 2775 1289 Quae
2806 1237 2875 1277 ex
2913 1219 3130 1276 Satanae
3163 1220 3435 1289 serpentis
3454 1226 3513 1276 et

1920 1312 2106 1369 Terrae
2145 1329 2445 1385 congressu
2476 1321 2775 1386 pr0pagata
2808 1313 2981 1385 fingit.
3021 1311 3341 1367 Muliebrem
3376 1327 3513 1381 quo-

1919 1420 2027 1475 que
2052 1420 2250 1467 sexum
2293 1404 2580 1476 repudiat,
2626 1403 2772 1475 quod
2808 1405 2875 1459 ad
2925 1403 3205 1459 sinistram
3240 1400 3511 1456 Virtutem

1919 1498 2210 1567 pertineat.
2240 1497 2554 1567 Principum
2584 1494 2851 1550 vocabula
2877 1492 3147 1565 quaedam,
3191 1499 3356 1562 atque
3379 1504 3512 1561 apo-

1918 1590 2157 1660 cryphos
2231 1589 2405 1645 libros
2468 1589 2701 1643 inducit.
2778 1587 2837 1642 ln
2910 1594 3251 1641 mortuorum
3323 1596 3511 1637 resur-

1918 1684 2184 1748 rectione,
2255 1681 2550 1751 Veterique
2607 1680 2959 1736 Testamento
3024 1673 3322 1734 refellendo
3383 1688 3509 1729 cum

223 1773 336 1835 ταῖς
370 1770 564 1834 ἄλλαις
601 1770 700 1843 τὴν
738 1772 941 1844 σαρκὸς
983 1773 1280 1828 ἀνάστασιν
1329 1772 1552 1841 ἀθετεῖ,
1584 1774 1679 1827 καὶ
1706 1774 1813 1827 Πα-

1924 1774 2044 1831 aliis
2076 1775 2379 1831 haeresibus
2411 1773 2706 1829 consentit.

222 1856 375 1918 λαιὰν
404 1862 716 1935 Διαθήκην.

297 1956 588 2012 Tartarei.
629 1949 799 2020 Οὗτος
854 1956 1206 2027 συνήκμασεν
1248 1956 1520 2027 Ἰουστίνῳ
1554 1955 1634 2028 τῷ
1669 1957 1811 2030 μάρ-

224 2066 360 2120 τυρι,
372 2048 448 2121 τῷ
460 2048 607 2120 ἀγίῳ
624 2050 720 2102 καὶ
738 2048 1033 2120 φιλοσόφῳ.
1058 2042 1213 2103 Μετά
1233 2048 1289 2101 δὲ
1302 2048 1400 2120 τὴν
1417 2048 1511 2101 τοῦ
1536 2049 1811 2122 μάρτυρος

237 2140 512 2195 ’1ουστίνου
538 2140 827 2212 τελευτὴν,
862 2140 956 2195 τοῦ
985 2140 1082 2195 καὶ
1116 2140 1427 2210 φιλοσόφου,
1451 2140 1809 2213 προσεφθάρη

224 2233 329 2294 τοῖς
359 2230 452 2285 τοῦ
481 2233 819 2306 Μαρκίωνος
848 2232 1106 2302 δόγμασι,
1140 2230 1505 2302 μαθητευθεὶς
1534 2231 1611 2302 τῷ
1640 2231 1808 2304 αὐτῷ,

226 2320 291 2374 τά
314 2339 370 2375 τε
404 2325 491 2376 ἴσα
516 2323 671 2395 αὐτῷ
704 2324 1057 2393 ἐδογμάτισε,
1086 2324 1178 2377 καὶ
1203 2322 1368 2393 ’ἐτερα
1388 2323 1648 2394 προσθεὶς
1682 2325 1815 2395 παρ’

227 2414 441 2469 ἐκεῖνον.
498 2416 754 2486 Ἐλέγετο
781 2415 839 2470 δὲ
874 2415 983 2470 ἀπὸ
1016 2413 1446 2485 Μεσοποταμίας
1479 2414 1775 2486 ὁρμᾶσθαι.

255 2572 352 2592 ἡ

1998 1958 2232 2012 Tatiani.
2284 1956 2547 2012 Tatianus
2591 1955 2828 2027 primum
2884 1967 3010 2007 eum
3052 1957 3245 2008 sancto
3290 1948 3510 2005 Justino

1918 2057 2162 2121 martyre
2200 2062 2266 2103 ac
2305 2046 2630 2118 philosopho
2675 2043 2877 2101 ﬂoruit.
2924 2042 3057 2098 Post
3096 2041 3257 2113 cujus
3300 2040 3513 2096 obitum

1920 2141 2246 2211 contagione
2278 2138 2572 2195 Marcionis
2631 2136 2948 2207 dogmatum
2988 2133 3239 2200 alllatus,
3277 2132 3398 2202 ejus
3427 2128 3512 2183 dio

1920 2232 2166 2302 scipulns
2200 2231 2329 2298 fuit;
2381 2228 2448 2283 ad
2498 2242 2670 2298 eaque
2689 2242 2811 2297 quae
2862 2240 2988 2280 cum
3026 2239 3093 2279 eo
3144 2220 3511 2277 communiter

1915 2324 2091 2378 tenuit
2120 2330 2265 2376 ’nova
2297 2322 2524 2390 insuper
2556 2318 2785 2373 addidit.
2825 2314 3030 2372 Ferunt
3060 2329 3091 2369 e
3118 2309 3533 2382 MeSOpotamia‘

1916 2411 2202 2470 orimdum
2226 2413 2374 2469 hunc
2400 2412 2589 2469 fuisse.

3333 2557 3489 2580 -4

764 2687 1148 2776 ΤΟΜΟΣ
1200 2685 1592 2772 ΤΡΙΤΟΣ
1648 2687 1876 2773 ΤΟΥ
1944 2683 2402 2773 ΠΡΩΤΟΥ
2511 2681 2984 2768 ΒΙΒΛΙΟΥ.

1290 2892 1618 2981 LIBRI
1702 2889 1733 2974 Ι
1814 2883 2222 2978 TOMUS
2299 2884 2487 2971 ΙΙΙ.

693 3121 886 3176 ΚΑΤΑ
919 3121 1346 3189 ΜΑΡΚΩΣΙΩΝ,

229 3234 859 3306 Τεσσαρεσκαιδεκάτη
878 3274 894 3300 ,
934 3237 974 3306 ἡ
1010 3236 1108 3291 καὶ
1153 3238 1481 3310 τριακοστὴ
1528 3238 1797 3309 τετάρτη.
1828 3247 1871 3306 C

287 3347 361 3400 A'.
375 3346 604 3417 Μάρκος
624 3344 683 3399 δέ
700 3361 806 3408 τις,
829 3344 923 3414 ἀφ’
944 3338 1116 3418 οὗπερ
1132 3346 1181 3398 oi
1195 3344 1519 3419 Μαρκώσιοι
1537 3346 1811 3418 καλούμε-

226 3452 334 3500 νοι,
371 3436 477 3490 ἀπὺ
505 3434 722 3489 τούτων
760 3432 1116 3505 ὁρμώμενος,
1154 3435 1251 3489 καὶ
1281 3435 1448 3508 ἔτερα
1500 3436 1654 3510 παρὰ
1692 3436 1809 3491 τού-

224 3546 338 3594 τους
366 3531 681 3604 τολμήσας,
724 3530 874 3584 κακά
915 3530 992 3601 τῷ
1035 3531 1226 3604 κόσμῳ
1268 3531 1526 3605 ἐξήμεσε.
1574 3534 1810 3600 Τούτους

224 3621 322 3693 γὰρ
344 3623 656 3695 διαδέχεται
686 3621 818 3686 τοὺς
859 3624 989 3694 περὶ
1014 3623 1337 3690 Σεκοῦνδον,
1369 3626 1467 3680 καὶ
1511 3624 1804 3699 Ἐπιφάνη,

223 3714 311 3767 καὶ
341 3716 682 3787 Πτολεμαῖον
701 3753 716 3779 ,
746 3714 842 3767 καὶ
879 3715 1232 3770 Οὑαλεντῖνον
1250 3733 1264 3747 ’
1289 3717 1371 3781 είς
1412 3719 1809 3791 περισσοτέραν

220 3805 274 3860 δὲ
310 3808 597 3880 ἀγυρτώδη
655 3806 1004 3878 συνάθροισιν
1038 3806 1274 3879 ἐπήρθη.
1312 3808 1516 3864 Γύναια
1564 3810 1674 3882 γὰρ
1716 3811 1811 3865 καὶ

217 3894 406 3969 ἀνδρας
435 3898 527 3951 ὑπ’
561 3895 736 3953 αὐτοῦ
770 3896 1166 3969 πεπλανημένα
1200 3914 1261 3951 τε
1315 3899 1409 3952 καὶ
1456 3899 1812 3972 πεπλανημέ-

219 4005 333 4053 νους
357 3991 700 4062 ἐπηγάγετο,
731 3989 1064 4060 ὑποληφθεὶς
1090 3992 1119 4043 ό
1147 3989 1380 4055 ἐλεεινὸς
1408 3990 1703 4064 διορθωτὴς
1732 3988 1811 4046 εἷ-

220 4097 301 4134 ναι
331 4083 437 4138 τῶν
469 4083 901 4157 προειρημένων
932 4083 1267 4137 ἀπατεώνων
1288 4121 1303 4145 ,
1351 4084 1594 4155 μαγικῆς
1635 4084 1814 4156 ὑπάρ-

219 4190 321 4244 χων
339 4176 569 4241 κυϐείας
602 4174 1020 4247 ἐμπειρότατος.
1062 4175 1378 4248 Ἀπατήσας
1404 4174 1461 4228 δὲ
1482 4175 1610 4240 τοὺς
1635 4193 1814 4246 προει-

220 4267 480 4337 ρημένους
510 4268 731 4331 πάντας
764 4267 859 4321 καὶ
895 4266 995 4332 τὰς
1048 4266 1454 4339 προειρημένας
1480 4309 1495 4333 ,
1526 4268 1813 4340 προσέχειν

214 4358 356 4430 αὑτῷ
386 4362 402 4392 ί
434 4361 513 4425 ὡς
543 4358 1009 4431 γνωστικωτάτῳ,
1042 4361 1138 4413 καὶ
1163 4358 1393 4431 δύναμιν
1415 4359 1515 4431 τὴν
1549 4358 1814 4431 μεγίστην

218 4447 319 4502 ἀπὸ
338 4451 446 4505 τῶν
475 4452 738 4524 ἀοράτων
771 4450 867 4504 καὶ
895 4451 1359 4523 ἀκατονομάστων
1391 4452 1574 4505 τόπων
1612 4450 1808 4521 ἔχοντι,

216 4539 286 4605 ώς
315 4544 634 4616 πρόδρομος
670 4543 745 4597 ὢν
797 4543 1012 4614 ἀληθῶς
1053 4543 1147 4598 τοῦ
1207 4544 1578 4616 Ἀντιχρίστου
1618 4543 1813 4598 ἀποδέ-

2235 3115 2397 3186 232
2436 3111 2716 3170 CONTRA
2756 3112 3173 3185 MARCOSIOS,

2260 3225 2494 3280 lla'resis
2523 3222 2609 3277 X1
2624 3223 2687 3290 V,
2717 3224 2823 3278 sive
2853 3222 3125 3277 XXXIV.

1981 3337 2024 3392 ι.
2059 3336 2283 3393 Marcus
2315 3351 2446 3392 vero
2470 3337 2718 3408 quidam,
2741 3350 2769 3389 a
2795 3349 2905 3407 quo
2932 3331 3329 3388 Marcosiorum
3360 3342 3511 3389 seeta

1911 3432 2218 3502 pullulavit,
2269 3446 2297 3485 a
2339 3430 2619 3501 prioribus
2664 3430 2774 3485 illis
2821 3427 3123 3500 profectus,
3177 3441 3241 3481 ac
3291 3424 3512 3481 diversa

1910 3527 2159 3600 quaedam
2187 3526 2255 3581 ab
2277 3526 2397 3583 illis:
2416 3526 2680 3589 sentiens,
2707 3524 3026 3595 pestiferum
3057 3523 3112 3576 in
3137 3521 3327 3577 orbem
3357 3519 3510 3589 virus

1910 3620 2169 3675 evomuit.
2222 3617 2325 3673 llic
2374 3618 2517 3674 enim
2582 3616 2857 3683 Secundo,
2903 3624 3069 3688 atque
3111 3612 3414 3685 Epiphanio
3458 3622 3514 3666 et

1909 3710 2237 3777 Ptolemaeo,
2284 3708 2683 3779 Valentinoque
2724 3709 3048 3771 succedens,
3089 3707 3399 3762 insaniores
3441 3702 3509 3759 ad

1912 3820 2112 3875 nugas,
2161 3817 2227 3858 ac
2271 3802 2417 3857 velut
2464 3802 2858 3857 circulatorum
2914 3800 3130 3856 fabulas
3182 3799 3511 3856 asserendas

1912 3911 2240 3970 progressus
2283 3901 2390 3950 est.
2460 3892 2528 3947 Et
2569 3893 2790 3964 quidem
2841 3890 3197 3949 mulierculas
3248 3891 3511 3961 virosque

1914 3987 2202 4044 fraudibus
2243 3987 2360 4043 suis
2417 3987 2824 4042 circumventos
2869 3983 3106 4048 induxit,
3161 3982 3510 4053 superiorum

1914 4081 2131 4137 illorum
2161 4079 2520 4150 impostorum
2547 4090 2827 4133 corrector
2849 4076 3092 4141 habitus,
3119 4089 3244 4130 cum
3270 4075 3513 4145 magica-

1913 4155 2238 4230 rumOesset
2287 4174 2488 4227 artium
2539 4172 2785 4245 apprime
2831 4171 3061 4243 peritus.
3119 4167 3510 4239 Compluribus

1914 4268 2082 4341 igitur
2120 4266 2409 4336 utriusque
2448 4282 2613 4323 sexus
2658 4281 2718 4321 se
2764 4274 2821 4319 ut
2865 4263 3211 4336 potissimum
3257 4262 3511 4318 audirent

1914 4363 2212 4432 persuasit,
2241 4370 2431 4433 utpote
2462 4359 2915 4423 scientissimum,
2946 4359 3296 4428 maximaque
3324 4372 3389 4412 ex
3417 4370 3512 4410 no-

1913 4454 2062 4509 mine
2096 4454 2415 4509 carentibus
2487 4454 2776 4523 visumque
2814 4451 3149 4523 fugientibus
3183 4450 3320 4505 locis
3354 4457 3509 4521 pote-

1917 4553 2061 4603 state
2089 4544 2415 4617 prteditum;
2454 4561 2521 4602 ex
2560 4560 2670 4616 quo
2710 4559 2897 4601 revera
2916 4559 2975 4600 se
3009 4542 3332 4598 Antichristi
3368 4557 3512 4612 pra!-

216 4612 435 4691 δεικται.
458 4612 556 4690 ⁷Τά
598 4636 713 4709 γάρ
756 4612 1074 4702 Ἀναξιλάου
1109 4635 1186 4707 (9}
1220 4612 1449 4706 παίγνια
1490 4640 1557 4708 τῇ
1589 4636 1699 4691 τῶν
1727 4637 1813 4690 λε-

1920 4652 2201 4693 cursorem
2231 4636 2499 4695 ostendit.
2528 4637 2779 4693 Auaxilai
2815 4635 3024 4691 ludicra
3058 4634 3260 4706 quippe
3293 4632 3511 4689 somnia

213 4728 451 4798 γομένων
512 4729 713 4802 μάγων
775 4728 1081 4800 πανουργίᾳ
1130 4727 1409 4799 συμμίξας
1441 4769 1457 4795 ,
1510 4728 1577 4782 δι’
1629 4727 1809 4782 αὐτῶν

214 4820 505 4886 φαντάζων
525 4838 589 4875 τε
623 4821 718 4874 καὶ
754 4819 1034 4890 μαγεύων,
1072 4820 1152 4882 είς
1186 4818 1447 4890 ἔκπληξιν
1480 4820 1607 4884 τοὺς
1635 4820 1808 4891 ὀρῶν-

209 4910 302 4975 τάς
328 4930 388 4965 τε
414 4913 514 4966 καὶ
548 4912 912 4980 πειθομένους
954 4911 1102 4983 αὐτῷ
1131 4910 1482 4982 περιέϐαλεν·
1520 4912 1595 4976 ὡς
1626 4913 1719 4966 καὶ
1757 4912 1808 4966 οἱ

212 4998 295 5052 ὑπ’
320 5002 487 5056 αὑτοῦ
521 5002 607 5057 ἐτι
651 5005 744 5056 καὶ
782 5004 862 5067 είς
908 5001 1069 5073 δεῦρο
1108 5001 1268 5055 τοῦτο
1313 5000 1671 5058 ἐπιτελοῦσιν.
1738 5004 1801 5057 Οί

209 5086 263 5141 δὲ
312 5091 382 5145 τά
430 5093 545 5155 ἀπὸ
600 5092 922 5163 περιεργίας
965 5090 1237 5163 ὁρῶντες,
1277 5090 1495 5147 δοκοῦσι
1541 5093 1802 5165 δυνάμεις

279 5205 295 5234 ¹
326 5204 492 5262 Deest
519 5205 776 5277 ἐποίησε,
804 5213 898 5260 aut
927 5204 1101 5259 ἕπτει.

276 5322 477 5394 (9)]’ὰ
522 5324 637 5394 γὰρ
687 5323 1038 5388 Ἀναξιλάου
1080 5323 1343 5394 παίγνια.
1390 5323 1650 5391 Quanam
1700 5327 1808 5382 ista

207 5391 414 5449 ludter‘a
448 5391 609 5457 sitit,
633 5396 872 5465 sparsim
907 5395 1114 5465 indieat
1141 5391 1383 5459 Plinius,
1415 5405 1476 5449 ut
1512 5396 1607 5449 lib.
1642 5412 1808 5463 xxxv,

209 5479 324 5536 cap.
365 5467 436 5522 15
464 5484 481 5541 :_
514 5464 679 5541 Lusii
707 5475 756 5519 et
784 5464 1088 5541 anaxilaus
1110 5482 1170 5520 eo
1203 5466 1289 5535 (de
1325 5466 1594 5541 sulphure
1626 5466 1811 5541 loqui-

211 5535 313 5605 tur)
341 5538 583 5592 carulens
630 5539 685 5589 in
711 5535 891 5607 _calice
926 5552 1080 5600 novo,
1127 5552 1401 5607 prunaque
1418 5535 1671 5606 subjecta
1700 5535 1816 5594 'cir-

208 5608 502 5676 cumferens
546 5605 948 5661 exardescemis
977 5622 1285 5675 repercussu
1317 5605 1579 5676 pallorem
1610 5609 1811 5673 dirum,

207 5679 338 5732 velut
388 5680 812 5750 defunctorum,
869 5677 1176 5746 oﬂ'undente
1229 5678 1506 5733 conviviis.
1576 5677 1816 5753 Scripsit

1916 4745 2043 4785 cum
2081 4745 2297 4796 eorum,
2337 4745 2478 4802 quos
2520 4745 2709 4802 magos
2750 4728 3059 4795 nominant,
3098 4728 3336 4783 versutia
3377 4740 3512 4781 con-

1911 4820 2149 4892 jungens
2172 4861 2185 4886 ,
2217 4828 2383 4893 atque
2408 4820 2541 4876 iisce
2574 4821 2866 4892 praestigiis
2899 4830 2954 4877 et
2987 4820 3197 4875 artibus
3230 4817 3465 4874 illudens
3488 4856 3507 4884 ,

1916 4924 2257 4987 spectatores
2302 4932 2493 4973 omnes
2538 4929 2601 4969 ac
2656 4914 2898 4968 fautores
2949 4928 3081 4968 suos
3124 4911 3177 4965 in
3226 4920 3510 4981 stuporem

1911 5006 2443 5078 admirationemque
2475 5006 2747 5062 convertit
2788 5019 2802 5056 :
2839 5003 3001 5075 233
3034 5002 3179 5074 quod
3222 5002 3400 5073 ipsum
3441 5000 3513 5056 ad

1910 5095 2235 5152 hodiernam
2290 5112 2466 5168 usque
2520 5096 2664 5151 diem
2720 5101 3023 5151 sectatores
3075 5092 3226 5149 illius
3275 5090 3506 5147 iaciunt.

1913 5328 2036 5391 iste,
2072 5326 2178 5381 nisi
2222 5325 2405 5391 fallor,
2430 5324 2525 5379 'de
2568 5324 2789 5378 arcanis
2824 5320 3157 5391 quibusdam
3188 5330 3404 5376 natura:
3443 5335 3511 5377 ac

1912 5399 2069 5453 miris
2103 5398 2389 5468 operibus,
2424 5404 2483 5468 ut
2519 5410 2584 5451 ex
2613 5396 2806 5450 eodem
2839 5393 3509 5468 Pliniolicetueolligere,

1912 5468 2009 5525 lib.
2040 5464 2169 5532 κη’,
2197 5481 2317 5537 cap.
2355 5468 2405 5531 l,
2452 5467 2546 5521 lib.
2582 5482 2754 5522 xxvm
2778 5503 2794 5527 ,
2854 5464 3052 5537 capp”
3089 5473 3143 5519 et
3182 5464 3278 5518 lib.
3309 5477 3509 5527 χχχιιι,

1913 5554 2034 5610 cap.
2069 5540 2155 5594 10.
2202 5535 2348 5605 Quin
2381 5545 2435 5594 et
2484 5543 2687 5611 saepius
2724 5537 2868 5595 libro
2902 5535 3084 5611 primo
3124 5537 3180 5592 in
3219 5540 3509 5590 auctorum

1915 5610 2159 5667 indiculo
2190 5612 2412 5666 citatur.
