3956 6070
330 236 335 245 ’
408 278 520 341 εδδ

1824 267 1886 325 S.
1924 256 2275 323 EPIPHANII

3587 253 3697 314 εει

403 390 732 464 Cuiusmodi
760 388 986 461 magica:
1015 388 1151 445 artis
1185 386 1435 443 fallacias
1468 385 1563 458 qui
1596 386 1806 449 vident,
1849 389 1911 437 ut
1940 381 1996 437 al

2110 378 2261 443 τινας
2315 379 2374 432 ἐν
2428 373 2617 449 χερσὶν
2666 370 2832 431 αὐτοῦ
2886 370 3255 428 ἐπιτελεῖσθαι
3291 368 3390 426 καὶ
3417 371 3529 428 τῶν
3565 367 3702 449 παρ’

408 479 506 539 illo
530 482 809 555 quondam
831 481 962 535 dum
989 480 1216 541 viveret,
1251 479 1335 535 sic
1365 478 1435 533 ab
1459 478 1608 533 illius
1633 474 1797 531 modo
1823 483 2002 531 secta-

409 575 622 631 toribus
646 570 914 626 miracula
944 567 1061 622 fieri
1084 567 1447 622 arbitrantur.
1477 565 1613 622 Cum
1643 564 1790 621 enim
1820 569 2004 619 mente

408 664 572 719 etiam
602 662 707 731 ipsi
739 659 884 729 capti
911 658 1042 723 sint,
1073 664 1134 711 ut
1160 656 1267 712 ista
1292 654 1612 711 discernere
1642 652 1869 708 omnino
1902 664 2003 706 ne-

408 758 636 822 queant,
664 748 893 820 magicis
926 745 1277 801 cantionibus
1310 744 1546 808 ludicra,
1588 749 1648 797 ut
1689 756 1799 796 uno
1835 738 2003 794 verbo

409 843 610 902 dicam,
635 839 906 909 ejusmodi
931 838 1217 893 tribuenda
1251 851 1358 891 non
1384 835 1589 891 vident.
1618 824 1779 888 Falsa
1803 831 2005 902 quippe

408 934 667 1007 opinione
704 931 917 1001 decepti
950 929 1174 986 hebetes
1212 937 1378 999 atque
1414 924 1633 981 attoniti
1672 923 2000 981 redduntur.

409 1024 618 1081 Ferunt
658 1022 803 1079 enim
847 1023 952 1076 tria
990 1020 1135 1091 apud
1180 1020 1305 1075 illos
1342 1017 1735 1075 candidissimo
1767 1032 1836 1071 ex
1863 1015 2005 1072 vitro

409 1131 535 1171 vasa
563 1113 893 1185 comparari,
923 1114 983 1167 in
1009 1127 1131 1183 quae
1155 1112 1338 1167 album
1365 1112 1551 1166 vinum
1576 1107 1843 1174 infusum,
1871 1106 2004 1163 dum

409 1207 560 1263 illam
592 1221 757 1276 quam
790 1211 985 1275 putant
1014 1203 1445 1272 Eucharistiam,
1480 1216 1672 1259 revera
1705 1208 1887 1257 autem
1914 1202 1999 1256 in-

408 1301 791 1359 cantamenta,
858 1299 1159 1364 peragunt,
1211 1292 1393 1348 subito
1446 1297 1820 1348 commutatur
1869 1308 1883 1345 :
1944 1295 2006 1345 ut

409 1382 901 1454 aliudsanguinei,
935 1383 1199 1453 purpurei
1228 1383 1399 1448 aliud,
1432 1382 1583 1438 aliud
1607 1381 1822 1438 caerulei
1852 1380 2005 1438 colo-

408 1477 488 1532 ris
510 1481 796 1546 appareat.

480 1562 594 1634 Ego
628 1578 779 1627 vero,
807 1577 877 1617 ne
897 1569 1085 1617 actum
1107 1577 1272 1634 agere
1329 1563 1520 1619 videar
1547 1563 1689 1619 satis
1718 1577 1843 1621 esse
1869 1562 2004 1621 mihi

409 1655 689 1728 persuasi,
723 1655 770 1711 si
802 1656 873 1710 iis
908 1664 1093 1711 uterer
1141 1670 1263 1726 quae
1295 1667 1491 1711 contra
1525 1655 1775 1711 Marcum
1828 1655 2001 1720 hunc,

2104 472 2291 535 αὐτοῖς
2331 468 2505 524 ταῦτα
2545 467 2863 522 ποιούντων.
2914 465 3020 520 Τὸν
3070 464 3183 537 γάρ
3225 464 3351 519 νοῦν
3402 466 3500 520 καὶ
3545 466 3702 522 αὐτοὶΙ

2104 560 2472 623 ἀπολέσαντες
2490 600 2506 626 ,
2537 558 2636 628 οὐχ
2667 557 2837 628 ὁρῶσι
2869 554 2944 626 μὴ
2974 553 3339 624 γινώσκοντες
3378 554 3699 628 δοκιμάσαι,

2104 653 2188 707 ὅτι
2237 653 2346 708 ἀπὺ
2400 651 2632 725 μαγείας
2671 652 2705 722 ὴ
2741 647 3000 711 σύστασις
3031 647 3127 702 τοῦ
3177 648 3308 721 παρ’
3358 646 3528 701 αὐτοῦ
3574 665 3702 702 παι-

2105 744 2258 813 γνίου
2278 783 2294 810 ,
2341 743 2419 808 ὡς
2450 742 2581 806 έπος
2625 742 2832 805 εἰπεῖν,
2877 736 3233 794 ἐπιτελεῖταιέ
3260 739 3427 792 Αὐτοὶ
3453 739 3565 813 γὰρ
3598 744 3699 813 ἐμ-

2106 836 2391 909 6ρόντητοι
2440 834 2757 890 παντάπασι
2799 831 3087 901 γεγόνασιν
3115 869 3132 896 ,
3183 830 3523 902 ὑπαχθέντες
3553 839 3698 907 κακῇ

2103 936 2212 981 τινι
2260 923 2507 996 ὑπονοίᾳ.
2536 923 2675 978 Φασὶ
2701 920 2810 993 γάρ
2840 921 2969 993 τρία
3016 921 3257 993 ποτήρια
3288 921 3491 992 λευκῆς
3534 923 3700 980 ὑάλου

2106 1017 2239 1089 παρ’
2271 1016 2454 1079 αὐτοῖς
2489 1011 2874 1085 ἑτοιμάζεσθαι
2894 1053 2909 1079 ,
2942 1012 3260 1084 κεκραμένα
3298 1012 3482 1082 λευκῷ
3527 1014 3660 1085 οἴνῳ
3683 1030 3697 1044 ·

2107 1112 2202 1166 καὶ
2227 1112 2287 1167 έν
2312 1113 2379 1182 τῇ
2409 1107 2805 1180 ἐπιτελουμένη
2838 1104 2968 1178 παρ’
2999 1104 3164 1159 αὑτοῦ
3193 1105 3398 1178 ἐπωδῇ,
3428 1107 3500 1179 τῇ
3541 1124 3699 1178 νομι-

2105 1200 2310 1276 ζομένῃ
2322 1200 2679 1274 Εὐχαριστίᾳ,
2706 1195 3140 1270 μεταϐάλλεσθαι
3167 1196 3330 1261 εὐθὺς
3355 1197 3418 1252 τὸ
3443 1198 3545 1269 μὲν
3570 1200 3700 1271 ἐρυθ

2107 1290 2236 1364 θρὸν
2259 1291 2337 1356 ὡς
2364 1284 2530 1363 αἷμα,
2555 1289 2617 1344 τὸ
2634 1288 2693 1346 δὲ
2720 1286 3052 1361 πορφύρεον.
3077 1287 3140 1341 τὸ
3159 1287 3216 1341 δὲ
3244 1289 3493 1344 κυάνεον.

2187 1528 2332 1601 Ἐγὼ
2354 1528 2555 1596 τοίνυν,
2588 1527 2674 1584 ἱνα
2703 1528 2778 1601 μὴ
2819 1530 2899 1594 εἰς
2930 1526 3179 1601 δεύτερον
3218 1528 3466 1601 κάματον
3496 1523 3696 1589 ἑαυτὸν

2107 1620 2298 1689 ἐπιδῶ,
2333 1619 2669 1694 άρκεσθῆναι
2700 1619 2810 1673 δεῖν
2839 1620 3137 1693 ἡγησάμην
3165 1622 3279 1685 τοῖς
3309 1619 3419 1674 άπὸ
3456 1621 3554 1675 τοῦ
3588 1640 3694 1693 μα·-

408 1708 643 1817 ejusque
690 1746 1004 1815 disciplinae
1043 1708 1327 1801 studiosos
1366 1760 1398 1799 a
1451 1746 1829 1812 sanctissimo,
1867 1745 1996 1801 bea-

2106 1710 2446 1781 καριωτάτου
2470 1709 2564 1763 καὶ
2601 1708 2909 1779 άγιωτάτου
2942 1710 3233 1782 Εἰρηναίου
3265 1712 3387 1765 κατ’
3407 1712 3575 1766 αὑτοῦ
3602 1712 3694 1767 τοῦ

412 1839 745 1908 tissimoque
781 1835 987 1890 lrenaeo
1037 1833 1323 1904 disputata
1380 1836 1639 1906 leguntur
1673 1854 1687 1890 :
1720 1850 1842 1905 quae
1873 1835 2000 1906 qui-

410 1930 538 1987 dem
569 1929 636 1984 ad
659 1929 888 1984 verbum
921 1926 1014 1980 hic
1050 1926 1375 1982 ascribenda
1399 1927 1614 1982 censui.
1652 1925 1792 1982 Sunt
1820 1935 2000 1983 autem

414 2020 715 2093 ejusmodi,
746 2034 870 2091 quae
898 2018 955 2073 in
986 2018 1205 2072 illorum
1253 2017 1611 2073 recensendis
1654 2017 2001 2096 dogmatibus

411 2112 711 2185 pertexuit.

918 2285 1006 2341 Ea:
1034 2299 1217 2342 sancto
1241 2288 1266 2341 1
1274 2303 1459 2345 renaro.

364 2429 372 2432 έ
481 2397 552 2455 ll.
578 2397 783 2455 Pocula
837 2398 970 2453 vino
1018 2406 1340 2469 temperata,
1371 2397 1675 2470 gratiarum
1728 2399 2000 2455 actionem

411 2492 711 2559 simulans,
746 2499 802 2547 et
845 2491 1149 2547 solemnem
1182 2492 1520 2562 precationis
1551 2491 1843 2548 formulam
1880 2493 1999 2548 lon-

412 2575 626 2656 giore’m
694 2582 985 2648 adhibens,
1044 2599 1322 2655 purpurea
1375 2585 1655 2656 rubraque
1704 2596 1763 2642 ut
1829 2600 2000 2656 appaw

411 2680 569 2729 reant
594 2673 795 2742 eilicit‘;
829 2672 966 2729 adeo
995 2683 1055 2728 ut
1084 2690 1378 2745 supernam
1406 2664 1581 2742 illam,
1606 2677 1997 2747 cmlestemque

410 2767 649 2836 gratiam
689 2766 755 2821 ad
788 2765 910 2836 ejus
948 2765 1352 2822 invocationem
1391 2752 1583 2822 suum;
1612 2769 1666 2822 in
1720 2768 1811 2822 illa
1867 2783 1995 2824 vasa

411 2857 741 2929 sanguinem
773 2857 1047 2913 instillare
1076 2868 1270 2928 putes;
1301 2867 1468 2930 atque
1498 2861 1796 2916 astantium
1835 2874 1995 2916 nemo

413 2948 508 3016 sit,
548 2949 644 3020 qui
703 2964 817 3005 non
850 2950 1142 3020 {liquorem
1196 2950 1343 3005 bunc
1392 2961 1613 3022 gustare
1645 2952 1996 3008 vehementer

412 3052 656 3119 appetat,
686 3060 797 3116 quo
830 3044 952 3115 cjus
980 3043 1226 3099 animum
1257 3044 1439 3099 divina
1470 3046 1582 3111 illa,
1612 3061 1774 3117 quam
1804 3061 1997 3118 magus
2026 3071 2068 3129 ε

416 3139 692 3209 implorat,
724 3137 902 3210 gratia
934 3135 1211 3197 uberrime
1239 3136 1553 3208 perfundat.
1581 3137 1846 3195 Praeterea
1879 3155 1999 3194 mu-

417 3230 650 3286 lieribus
704 3235 1010 3299 temperata
1060 3228 1152 3283 illa
1189 3242 1321 3284 vasa
1362 3228 1671 3298 porrigens,
1719 3244 1908 3283 coram
1942 3245 2001 3285 se

414 3321 741 3378 benedicere
769 3319 944 3390 jubet.
972 3317 1115 3373 Tum
1146 3317 1296 3372 aliud
1324 3318 1580 3387 poculum
1613 3333 1679 3372 eo
1712 3319 1803 3372 cui
1834 3317 2002 3372 bene-

411 3413 710 3468 dictionem
763 3411 962 3465 mulier
1011 3410 1280 3480 impertiit
1307 3410 1467 3478 longe
1513 3410 1775 3479 capacius
1819 3408 2003 3480 profe-

412 3519 568 3567 rens,
596 3510 653 3558 et
694 3501 828 3555 inid
852 3517 884 3556 e
914 3501 1128 3555 minore
1169 3500 1264 3553 illo
1297 3498 1718 3565 transfundens,
1753 3500 1827 3555 ita
1863 3515 2002 3570 prte-

415 3595 595 3648 fatur:
621 3589 813 3646 Gratia
844 3592 960 3657 Dei,
992 3609 1110 3663 quae
1143 3602 1266 3647 ante
1293 3595 1473 3647 omnia
1502 3602 1601 3658 est,
1632 3610 1796 3664 neque
1817 3596 2000 3650 animo

413 3685 641 3753 concipi,
671 3692 765 3738 aut
792 3685 1054 3753 explicari
1080 3694 1276 3754 potest,
1310 3686 1618 3740 interiorem
1653 3696 1801 3740 tuum
1830 3685 2002 3739 homi-

413 3795 530 3835 nem
575 3778 858 3855 compleat,
894 3794 957 3831 ac
995 3795 1151 3833 suam
1201 3779 1256 3833 in
1305 3788 1354 3832 te
1393 3781 1750 3849 cognitionem
1784 3788 1996 3848 augeat,

410 3883 637 3940 granum
651 3868 869 3939 synapis
889 3867 943 3921 in
964 3867 1157 3922 bonam
1178 3878 1377 3923 terram
1403 3870 1703 3926 demittens.
1727 3871 1821 3929 llis
1837 3875 2001 3948 234

411 3958 604 4023 dictis,
638 3960 828 4015 statim
859 3956 1137 4014 infelicem
1173 3961 1321 4015 illam
1356 3961 1412 4014 in
1445 3962 1686 4018 furorem
1727 3966 1913 4027 vertit,
1945 3976 2000 4021 et

413 4052 814 4122 praestigiarum
844 4065 904 4106 se
927 4050 1193 4107 artiﬁcem
1214 4053 1559 4122 comprobat.
1587 4053 1833 4125 Repente
1851 4058 1998 4112 eiiim

413 4143 598 4213 majus
627 4141 765 4196 illud
800 4140 1083 4212 poculum,
1114 4141 1169 4195 in
1204 4139 1351 4211 quod
1388 4140 1572 4198 minus
1598 4141 1851 4198 defusum
1888 4153 1997 4212 est,

413 4235 493 4290 sic
524 4236 784 4305 repletur,
814 4242 874 4289 ut
903 4245 1026 4290 sese
1053 4234 1237 4303 liquor
1274 4234 1657 4303 superfundat.
1696 4234 1823 4291 Haec
1844 4246 1898 4292 et
1932 4237 1998 4293 iis

413 4326 613 4381 similia
635 4326 895 4397 pleraque
927 4326 1138 4383 faciens
1166 4327 1548 4397 compluribus
1584 4328 1783 4392 illusit,
1822 4343 1887 4383 ac
1909 4344 1999 4384 se-

2103 1802 2340 1874 Μάρκου
2380 1801 2475 1854 καὶ
2512 1800 2624 1854 τῶν
2651 1799 2712 1866 ἐξ
2754 1798 2922 1854 αὐτοῦ
2961 1800 3301 1872 ὁρμωμένων
3334 1818 3694 1874 πραγματευ-

2104 1891 2311 1946 θεῖσιν·
2358 1890 2516 1944 ἆτινα
2558 1888 2796 1944 ἐνταῦθα
2830 1888 2967 1960 πρὸς
3011 1889 3141 1952 ἔπος
3190 1888 3446 1943 ἐκθέσθαι
3498 1890 3697 1945 ἐσπού-

2101 1983 2240 2038 δασα
2259 1997 2272 2011 ·
2307 1982 2403 2035 καὶ
2430 1980 2545 2035 ἐστι
2587 1981 2736 2035 τάδε.
2783 1980 2987 2035 Φάσκει
3011 1979 3121 2052 γὰρ
3148 1980 3333 2045 αὐτοῖς
3353 1981 3369 2012 ¹
3403 1981 3694 2053 Εἰρηναῖος

2102 2076 2132 2129 ὁ
2179 2074 2333 2143 ἆγιος
2383 2075 2442 2127 ὲν
2470 2072 2550 2145 τῷ
2584 2072 2905 2143 ὑποφαίνειν
2944 2071 3014 2126 τὰ
3054 2071 3147 2126 ὑπ’
3179 2072 3359 2128 αὐτῶν
3399 2073 3691 2146 λεγόμενα,

2102 2164 2279 2235 λέγων
2310 2164 2505 2229 οὔτως·

2495 2279 2601 2333 Ἐκ
2621 2277 2726 2333 τοῦ
2764 2278 2937 2349 ἁγίου
2975 2275 3323 2347 Είρηναίου.

2174 2393 2251 2446 B'.
2290 2393 2537 2464 Ποτήρια
2564 2391 2694 2463 οῐνῳ
2735 2392 3055 2464 κεκραμένα
3086 2392 3198 2464 (l0)
3230 2393 3694 2466 προσποιούμενος

2102 2485 2481 2557 εὐχαριστεῖν,
2542 2485 2638 2539 καὶ
2694 2485 2787 2539 ἐπὶ
2840 2484 3003 2540 πλέον
3068 2486 3325 2541 ἐκτείνων
3382 2487 3477 2541 τὸν
3539 2488 3693 2557 λόγον

2101 2575 2204 2646 τῆς
2231 2575 2596 2647 ἐπικλήσεως,
2633 2573 2922 2646 πορφύρεα
2936 2574 3029 2628 καὶ
3064 2574 3272 2647 ἐρυθρά
3304 2575 3694 2646 ἀναφαίνεσθαι

2102 2672 2279 2723 ειτοιεῖ⁸
2330 2669 2408 2732 ὡς
2439 2668 2615 2722 δοκεῖν
2652 2667 2752 2740 τὴν
2800 2668 2908 2722 ἀπὸ
2937 2667 3046 2722 τῶν
3094 2668 3236 2739 ὑπὲρ
3281 2667 3350 2722 τά
3394 2667 3494 2722 ὅλα
3533 2669 3691 2741 χάριν

2103 2755 2243 2831 αἷμα
2286 2758 2347 2814 τὸ
2375 2759 2576 2830 ἑαυτῆς
2622 2760 2842 2825 στάζειν
2883 2760 2943 2814 ἐν
2989 2760 3066 2832 τῷ
3096 2762 3290 2834 ἐκείνῳ
3320 2763 3570 2836 ποτηρίῳ
3605 2763 3691 2818 διὰ

2102 2853 2203 2924 τῆς
2254 2851 2595 2923 ἐπικλήσεως
2650 2851 2847 2917 αὑτοῦ,
2899 2854 2995 2908 καὶ
3044 2854 3502 2926 ὑπεριμείρεσθαι
3566 2857 3691 2921 τοὺς

2105 2948 2379 3019 παρόντας
2402 2947 2461 3013 ἐξ
2490 2947 2697 3002 ἐκείνου
2729 2948 3029 3017 γεύσασθαι
3054 2950 3148 3004 τοῦ
3184 2951 3448 3022 πόματος,
3480 2952 3569 3007 ἵνα
3598 2951 3691 3006 καὶ

2102 3041 2185 3104 εἰς
2218 3040 2417 3105 αὐτοὺς
2448 3040 2776 3115 ἐπομϐρήσῃ
2806 3042 2839 3113 ἡ
2864 3041 2953 3096 διὰ
2981 3041 3075 3096 τοῦ
3117 3044 3296 3115 μάγου
3316 3044 3510 3099 τούτου
3537 3045 3689 3117 κληῖ-

2104 3130 2304 3203 ζομένη
2345 3132 2524 3204 χάρις.
2560 3132 2732 3188 Πάλιν
2759 3131 2816 3187 δὲ
2848 3133 3097 3204 γυναιξὶν
3136 3135 3355 3200 ἐπιδοὺς
3386 3136 3695 3208 ἐκπώματα

2102 3222 2445 3295 κεκραμένα,
2470 3223 2651 3288 αὑτάς
2665 3224 3008 3297 εὐχαριστεῖν
3030 3226 3379 3296 ὲγκελεύεται
3404 3229 3693 3301 παρεστῶ-

2100 3332 2194 3379 τος
2224 3314 2410 3369 αὐτοῦ.
2446 3316 2558 3369 Καὶ
2592 3315 2786 3370 τούτου
2813 3318 3131 3389 γενομένου.
3162 3319 3326 3383 ᾶὺτὺς
3360 3319 3489 3374 ἄλλο
3521 3323 3690 3395 ποτή-

2084 3423 2219 3478 εριον
2244 3406 2423 3478 πολλῷ
2463 3407 2650 3479 μεῖξον
2679 3408 2910 3475 ἐκείνου,
2934 3402 2997 3463 οὗ
3035 3411 3069 3482 ἠ
3100 3402 3493 3482 ὲξηπατημένη
3523 3414 3690 3484 ηὐχα-

2105 3498 2329 3570 ρίστησε
2350 3538 2364 3563 ,
2412 3495 2800 3568 προσενεγκὼν
2822 3538 2837 3563 ,
2886 3498 2980 3552 καὶ
3027 3500 3416 3571 μετακενώσας
3453 3502 3564 3555 ἀπὸ
3596 3500 3689 3555 τοῦ

2106 3588 2432 3662 μικροτέρου
2467 3589 2561 3643 τοῦ
2607 3590 2713 3644 ὑπὸ
2758 3591 2859 3663 τῆς
2900 3592 3161 3660 γυναικὸς
3211 3593 3689 3664 ηὑχαριστημένου

2101 3683 2182 3745 εἰς
2213 3682 2275 3735 τὸ
2310 3682 2401 3736 ὑπ’
2429 3682 2595 3737 αὐτοῦ
2625 3686 3039 3756 κεκοσμημένον
3055 3687 3097 3747 ’,
3133 3684 3401 3755 ἐπιλέγων
3450 3687 3572 3756 ἅμα
3603 3685 3691 3739 οὖ-

2101 3793 2240 3841 τως·
2282 3776 2350 3831 ’11
2374 3776 2488 3846 πρὸ
2517 3776 2635 3845 ζῶν
2661 3776 2842 3845 ὅλων,
2882 3779 2921 3847 ἡ
2960 3779 3327 3846 ἀνεννόητος
3365 3778 3467 3831 καὶ
3508 3778 3690 3848 dmin-

2101 3886 2203 3935 τος
2228 3868 2401 3939 χάρις
2428 3868 2744 3939 πληρώσαι
2781 3886 2899 3925 σου
2934 3871 3042 3931 τὸν
3073 3872 3194 3926 ἔσω
3220 3870 3561 3939 ἇνθρωπεν,
3592 3872 3689 3926 καὶ

2106 3965 2412 4032 πληθύναι
2462 3964 2535 4018 ἐν
2587 3964 2686 4018 σοι
2738 3962 2854 4032 τὴν
2897 3964 3126 4034 γνῶσιν
3172 3963 3386 4033 αὐτῆς.
3435 3965 3681 4035 ἐγκατα-

2101 4056 2442 4123 σπειζοουσα
2490 4055 2599 4110 τὸν
2650 4057 2876 4110 κόκκον
2919 4057 3028 4111 τοῦ
3080 4055 3382 4122 σινάπεως
3436 4058 3526 4121 είς
3573 4057 3687 4123 τὴν

2099 4146 2334 4217 ἀγαθὴν
2363 4146 2500 4219 γῆν.
2526 4150 2638 4204 Καὶ
2663 4148 2892 4204 τοιαῦτά
2914 4168 3035 4204 τινα
3066 4147 3257 4215 εἰπὼν,
3282 4150 3378 4203 καὶ⁹
3408 4148 3687 4221 ἐξοιστρή-

2103 4257 2201 4305 σας
2248 4241 2349 4313 τὴν
2389 4242 2777 4315 ταλαίπωρον,
2827 4242 3231 4315 θαυματοποιὸς
3276 4243 3554 4314 ἀνεφάνη,
3590 4242 3683 4296 τοῦ

2105 4331 2343 4401 μεγάλου
2367 4333 2746 4406 πληρωθέντος
2770 4335 2835 4390 ἐκ
2867 4335 2963 4389 τοῦ
2995 4335 3192 4408 μικροῦ
3226 4334 3513 4405 ποτηρίου,
3542 4334 3682 4387 ὥστε

413 4432 538 4471 cum
579 4415 826 4470 abduxit.
876 4416 1150 4473 Credibile
1204 4428 1290 4474 est
1348 4419 1544 4475 adesse
1577 4418 1657 4473 illi
1687 4420 1990 4476 daemonem

2104 4423 2193 4475 καὶ
2221 4423 2643 4495 ὑπερεκχεῖσθαι
2673 4426 2734 4490 ἐξ
2768 4427 2959 4482 αὑτοῦ.
2986 4428 3098 4481 Καὶ
3135 4427 3272 4481 ἄλλα
3313 4426 3438 4481 τινὰ
3468 4426 3683 4490 τούτοις

485 4574 501 4604 ⁸
534 4571 595 4628 F.
629 4572 809 4635 αὑτός.
886 4572 907 4643 Ἴ
938 4572 1355 4643 κεκομισμένον.

485 4734 595 4801 (1οὶ
634 4730 895 4801 Ποτήρια
938 4728 1455 4807 οἴνῳ-κεκραμνα.
1495 4728 1748 4807 veterem
1793 4732 1979 4788 lrenaei
2087 4722 2275 4807 epocp-lj'
2316 4733 2455 4803 αὐτὴ
2505 4732 2753 4807 καλεῖται
2789 4734 2944 4807 παρ’
2995 4737 3126 4807 ἡμῖν
3189 4736 3549 4807 Εὑχαριστία.
3621 4735 3682 4790 Ρι

413 4803 771 4873 interpretem
795 4809 1020 4857 secutus
1051 4801 1392 4873 εὐχαριστεῖν
1423 4802 1626 4871 gratias
1654 4818 1842 4873 agere,
1874 4820 1984 4858 non

411 4870 720 4929 consecrare
751 4870 945 4927 Latine
984 4870 1215 4927 reddidi.
1252 4870 1575 4943 Quanquam
1610 4870 1706 4925 ille
1726 4874 1860 4943 ipsis
1901 4874 1985 4928 in-

413 4956 623 5016 terpres
672 4959 863 5014 parum
923 4942 1208 5016 commode
1250 4959 1261 4994 :
1303 4942 1416 5016 Pro
1461 4942 1621 4995 calice
1673 4942 1812 4996 enim
1868 4944 1987 4997 vino

411 5012 568 5069 milito
601 5012 802 5085 ﬁngens
831 5030 886 5069 se
921 5015 1125 5085 gratias
1159 5030 1329 5085 agere.
1372 5012 1572 5085 Nostro
1602 5021 1986 5085 autemsensu

412 5096 536 5154 post
572 5083 1268 5157 ⁸κεκριιι.ι.έναἡιψροιιειιίίιι
1316 5084 1601 5157 distinctio
1648 5093 1751 5138 est.
1803 5083 1991 5155 Neque

412 5171 543 5208 vero
570 5154 712 5227 Βιιιιι
746 5154 897 5227 ratio"
920 5154 1102 5212 minus
1136 5158 1347 5227 placet;
1382 5154 1833 5227 quiabxapto’rsi'v
1854 5154 1988 5210 cou—

411 5225 664 5279 secrandi
725 5225 1187 5296 significationem
1229 5227 1431 5280 habere
1477 5226 1583 5296 huc
1630 5228 1750 5279 loco
1801 5234 1984 5295 putat;

413 5310 540 5367 nam
570 5305 625 5367 et
649 5309 712 5367 ea
748 5295 969 5367 natione
987 5297 1131 5367 apud
1164 5295 1442 5367 Iustinum
1473 5296 1526 5348 in
1546 5295 1711 5367 Apol.
1746 5296 1986 5367 sumitur

412 5365 616 5435 insigni
662 5366 753 5417 illo
780 5366 836 5419 in
867 5368 1006 5428 loco,
1026 5365 1133 5436 qui
1176 5367 1399 5421 bazresis
1430 5366 1705 5436 hodiernae
1733 5366 1987 5436 jugulum

412 5438 546 5507 petit
570 5454 582 5488 :
604 5435 1109 5507 Εὐχαριστήσᾳντος
1132 5437 1201 5507 δὲ
1224 5437 1316 5490 τοῦ
1342 5435 1683 5507 προεστῷτος
1702 5437 1796 5489 καὶ
1811 5435 1991 5507 ἐπευτ

413 5505 769 5579 ξρημήσαντος
820 5505 1020 5579 παντὸς
1059 5506 1154 5579 τοῦ
1194 5506 1323 5579 λαοῦ
1349 5550 1363 5573 ,
1390 5505 1455 5579 ὀἱ
1490 5506 1813 5579 καλούμενοι
1855 5506 1987 5579 παρ’

412 5575 545 5649 ἡμῖν
571 5576 805 5649 διάκονοι
836 5575 1070 5649 διδόασιν
1114 5577 1327 5649 ἑκάστῳ
1363 5576 1473 5649 τῶν
1508 5575 1789 5649 παρόντων
1820 5575 1987 5649 μετα-

411 5645 597 5701 λαϐεῖν
638 5648 746 5701 ἀπὸ
785 5645 879 5700 τοῦ
923 5645 1406 5718 εὐχαριστηθέντος
1445 5645 1643 5716 ἄρτου.
1678 5648 1774 5700 καὶ
1816 5645 1984 5710 οἴνου,

413 5720 507 5773 καὶ
549 5718 764 5787 ὓδατος,
814 5718 908 5775 καὶ
938 5716 1358 5788 τοῖςπαροῦσιν
1396 5718 1770 5789 ἀποφέρουσι*
1817 5718 1910 5772 καὶ
1951 5720 1985 5791 ἠ

2091 4806 2254 4875 paulo
2288 4813 2411 4878 post
2444 4822 2457 4858 :
2493 4805 2569 4878 ρὺ
2614 4806 2724 4878 γάρ
2769 4805 2844 4868 ὡς
2888 4805 3300 4878 κοινὸνάρτονζ
3334 4805 3465 4878 ωδε
3507 4807 3684 4860 κοινὸν

2092 4874 2244 4949 πόμα
2285 4874 2458 4927 ταῦτα
2496 4874 2892 4949 λαμδιὶινομενΣ
2914 4876 3028 4949 ἀλλ’
3059 4874 3364 4949 ὂνίτρὸπον
3395 4877 3483 4949 διὰ
3526 4878 3681 4944 λόγον

2092 4944 2227 5020 Θεοῦ
2262 4944 2684 5020 σαρκοποιηθεζς
2724 4944 2927 5020 Ἰησους
2974 4944 3208 5020 Χριστος
3234 4951 3263 5001 ὁ
3289 4946 3480 5020 Σωτῌὴρ
3504 4948 3682 5020 ,ἡμῶν

2094 5018 2187 5089 καὶ
2240 5012 2738 5089 σάρκα-καὶλαῖμα
2782 5012 2923 5089 ὕπερ
2973 5012 3248 5089 σωτηρίας
3304 5012 3460 5089 ἡμῶν
3498 5012 3678 5088 ἔσχεν,

2092 5085 2237 5139 οὕτω
2263 5085 2360 5159 καὶ
2391 5085 2488 5157 τὴν
2515 5086 2581 5139 δι’
2616 5085 2799 5159 εὐχῆς
2827 5085 2987 5159 λέγον
3015 5085 3137 5159 -τοῦ
3154 5089 3285 5158 παρ’
3311 5085 3479 5142 αἶ)τοῦ
3510 5085 3680 5157 εὖχαο

2094 5152 2815 5229 ριστηθεῖσαν’τροφὴν’ζ’ὲξ
2860 5152 2928 5228 ἦς
2977 5152 3116 5228 αἷμα
3148 5152 3247 5213 καῖ
3282 5159 3486 5229 σάρκες
3539 5152 3681 5212 κᾶτά

2138 5226 2396 5299 εταὸολὴν
2427 5226 2716 5299 τρέφονται
2755 5230 2786 5299 ὴ
2797 5226 2932 5298 μῶν,
2968 5226 3185 5299 ἐκείνου
3214 5228 3309 5282 τοῦ
3343 5226 3678 5299 σαρκοποιηο

2138 5244 2396 5296 εταοολην
2427 5244 2716 5297 τρέφονται
2797 5246 2932 5298 μων,
2968 5244 3180 5282 εκεινου
3214 5245 3309 5282 του
3343 5246 3678 5299 σαρκοποιηο

2093 5244 2540 5371 δῖέντοςςιησοῦᾐ
2580 5299 2675 5353 καὶ
2727 5244 2938 5367 σάρκα,
2988 5301 3083 5353 καὶ
3121 5294 3261 5371 αἷμα
3319 5299 3679 5371 ἐδιδάχθημεν

2092 5362 2248 5441 εἶναι.
2290 5365 2383 5422 Sic
2411 5362 2582 5441 paulo
2615 5378 2739 5441 post
2767 5362 3111 5441 εὖχαριστείν
3137 5362 3200 5423 τδ
3232 5362 3503 5441 ποτήριον
3526 5362 3679 5441 (reite-

2091 5436 2266 5492 dicere
2323 5436 2546 5508 poculo,
2600 5436 2745 5508 quod
2799 5436 2942 5494 idem
2996 5442 3082 5495 cst
3135 5436 3487 5496 consecrare.
3540 5438 3677 5495 Nam

2096 5507 2238 5581 idem
2268 5507 2354 5564 est
2386 5511 2545 5581 apud_
2562 5507 2834 5579 Evangelii
2879 5510 3177 5581 scriptores
3221 5511 3499 5579 εὐλογεῖν,
3531 5510 3678 5581 quod
3712 5568 3721 5575 ,

2097 5578 2594 5704 εὐχαριστξῗν.ίιῡθ
2643 5596 2754 5651 quo
2808 5578 3023 5636 erudite
3072 5581 3307 5637 Maldon.
3361 5578 3563 5638 noster
3611 5581 3681 5636 ad

2097 5665 2146 5704 Ο.
2192 5667 2315 5704 XXVI
2411 5663 2460 5704 ιιι
2508 5667 2545 5703 1.

2095 5665 2146 5707 Ο.
2192 5667 2315 5705 XXVI
2358 5659 2545 5706 Μιιιιιι.
