3956 6070
290 229 399 284 5‘33

930 235 1298 295 ADVERSUS
1341 228 1685 299 IIERESES
1732 244 1863 304 LIB.
1909 249 1951 306 l.
1994 246 2152 304 ΤΟΜ.
2194 248 2371 303 lll.-—
2411 251 2684 308 lMiRES.
2724 253 2963 311 XXXIV.

3454 264 3556 319 596

287 342 384 440 καὶ
416 341 492 403 Ψ,
534 339 719 411 ὤμους
754 343 868 416 ἅμα
897 349 1053 419 χερσὶ¹
1100 351 1141 403 Γ
1168 352 1263 407 καὶ
1294 354 1361 419 Χ,
1414 355 1593 428 στήθη
1616 360 1655 410 Δ
1686 359 1782 413 καὶ
1803 362 1840 413 Φ

1975 363 2015 414 Γ
2042 372 2095 418 et
2117 364 2163 416 X
2184 406 2197 428 ,
2231 373 2457 435 pcctora
2496 370 2534 419 Δ
2568 378 2621 423 et
2648 370 2717 433 Φ,
2755 377 2968 440 septum
3016 380 3388 429 transversum
3435 377 3474 429 Ε
3503 394 3558 434 et

284 435 610 505 διάφραγμα
640 436 679 488 Ε
698 437 792 490 καὶ
820 438 884 503 Υ,
916 441 1083 496 νῶτον
1105 445 1143 497 Ζ
1166 445 1259 498 καὶ
1274 446 1338 510 Τ,
1375 448 1584 502 κοιλίαν
1613 450 1659 502 Η
1690 452 1782 511 καὶ
1814 454 1872 517 Σ,

287 527 498 598 μηροὺς
539 524 589 579 Θ
610 526 707 580 καὶ
738 528 802 592 Ρ,
847 530 1050 598 γόνατα
1080 535 1102 586 Ι
1139 536 1232 589 καὶ
1264 539 1331 603 Π,
1364 540 1583 611 κνήμας
1615 542 1663 595 Κ
1687 544 1782 597 καὶ
1808 545 1871 609 0,

1981 454 2060 520 Υ,
2109 456 2331 510 dorsum
2363 460 2401 511 Ζ
2446 468 2496 513 et
2523 460 2587 524 Τ,
2627 473 2872 517 ventrem
2924 462 2971 515 H
3001 471 3054 517 ct
3086 465 3155 530 Σ,
3203 464 3408 519 femora
3437 467 3481 520 Θ
3505 476 3560 523 et

1978 548 2040 611 P,
2073 565 2248 618 genua
2272 553 2291 604 l
2317 559 2370 605 et
2401 553 2480 615 Π,
2517 554 2680 609 tibias
2709 556 2756 608 K
2790 562 2845 609 et
2870 556 2911 610 Ο
2932 599 2945 619 ,
2974 557 3113 613 talos
3139 558 3184 612 Λ
3213 568 3266 613 et
3297 557 3359 624 Ξ,
3389 559 3557 630 pedes

282 621 469 692 σφυρὰ
492 622 535 673 Λ
566 620 661 673 καὶ
687 621 749 687 Ξ,
781 622 947 688 πόδας
970 626 1026 678 Μ
1054 627 1148 679 καὶ
1174 627 1241 683 Ν.
1277 629 1447 683 Τοῦτό
1475 634 1591 686 ἐστι
1616 634 1678 687 τὸ
1714 634 1840 705 σῶμ

1975 641 2032 694 Μ
2060 648 2114 695 et
2143 643 2209 695 N.
2266 642 2581 713 Ejusmodi,
2630 654 2698 699 ut-
2717 661 2906 716 magus
2939 649 3027 703 ille
3079 650 3264 721 ﬁngit,
3298 620 3556 708 Veritatis

277 716 380 783 τῆς
408 712 563 798 ’κατὰ
600 712 691 766 τὸν
724 715 899 784 μάγον
928 716 1231 790 Ἀληθείας.
1262 722 1434 777 Τοῦτο
1467 724 1533 778 τὸ
1556 727 1741 798 σχῆμα
1775 728 1868 782 τοῦ

279 799 574 873 στοιχείου,
592 799 743 869 οὗτος
756 807 784 858 6
800 809 1087 881 χαρακτὴρ
1104 812 1197 864 τοῦ
1215 813 1566 899 γράμματος.
1588 820 1698 871 Καὶ
1715 820 1872 873 καλεί

276 894 347 946 τὸ
370 896 635 965 στοιχεῖον
663 895 821 950 τοῦτο
852 897 1172 970 Ἄνθρωπον
1192 919 1206 933 ο
1238 894 1378 958 εἷναί
1406 923 1466 959 τε
1496 909 1680 981 πηγὴν
1703 929 1868 983 φησιν

275 987 411 1041 αὐτὸ
456 988 660 1052 παντὸς
698 988 884 1059 λόγου,
950 993 1044 1045 καὶ
1083 996 1260 1067 ἀρχὴν
1298 998 1479 1070 πάσης
1520 1002 1723 1072 φωνῆς.
1772 1005 1867 1058 καὶ

274 1079 483 1142 παντὸς
525 1080 763 1152 άῤῥὴτου
806 1082 984 1152 ῥῆσιν,
1028 1085 1121 1137 καὶ
1164 1089 1263 1157 τῆς
1302 1091 1666 1163 σιωπωμένης
1699 1094 1866 1164 Σιγῆς

275 1171 456 1242 στόμα
512 1171 613 1226 Καὶ
643 1174 799 1227 τοῦτο
822 1174 922 1244 μὲν
941 1176 1001 1229 τὸ
1030 1176 1188 1248 σῶμα
1212 1181 1403 1252 αὐτῆς.
1435 1183 1507 1236 Σὺ
1541 1183 1619 1248 δὲ,
1655 1188 1863 1258 μετάρο

274 1282 391 1328 σιον
432 1266 652 1337 ἐγείρας
688 1267 923 1330 διανοίας
962 1270 1159 1341 νόημα,
1228 1273 1319 1326 τὸν
1363 1274 1524 1329 αὑτὸν
1561 1280 1863 1352 γεννήτορα

270 1358 371 1410 καὶ
410 1357 818 1430 πατροδότορα¹
856 1361 1047 1430 Λόγον,
1096 1364 1204 1417 ἀπὸ
1247 1367 1531 1437 στομάτων
1578 1370 1862 1442 Ἀληθείας

269 1450 463 1511 ἄκουε.

344 1539 438 1607 CI‘.
488 1539 672 1596 Ταῦτα
720 1542 776 1596 δὲ
828 1543 1032 1617 ταύτης
1078 1548 1373 1622 εἰπούσης,
1435 1555 1858 1627 προσϐλέψασαν

267 1630 423 1702 αὐτῷ
466 1632 564 1702 τὴν
619 1632 922 1704 Ἀλήθειαν.
970 1638 1260 1705 ἀνοίξασαν
1303 1642 1364 1696 τὸ
1405 1646 1579 1713 στόμα
1624 1646 1854 1719 λαλῆσαι

264 1723 472 1791 Λόγον·
515 1724 605 1776 τὸν
642 1724 698 1778 δὲ
728 1727 895 1795 Λόγον
932 1728 1103 1800 ὄνομα
1130 1733 1405 1800 γενέσθαι,
1452 1737 1547 1790 καὶ
1593 1739 1656 1793 τὸ
1685 1739 1856 1811 ὄνομα

264 1814 520 1883 γενέσθαι
548 1816 729 1883 τοῦτο,
750 1818 779 1871 ὃ
804 1819 1144 1894 γινώσκομεν
1176 1824 1270 1877 καὶ
1305 1824 1592 1899 λαλοῦμεν,
1620 1831 1855 1903 Χριστὸν

278 1907 491 1977 Ἰησοῦν
515 1926 528 1938 ·
559 1909 587 1962 δ
615 1911 708 1963 καὶ
729 1912 1075 1983 ὀνομάσασαν
1094 1916 1264 1987 αὐτὴν
1293 1921 1423 1991 παρ’
1446 1921 1583 1993 αὐτῇ
1605 1923 1704 1977 καὶ
1730 1942 1856 1978 σιω-

267 1995 379 2065 πήν
395 1998 528 2069 (l5).
555 2001 966 2072 Προσδοκῶντος
988 2005 1045 2059 δέ
1068 2006 1160 2060 τοῦ
1183 2009 1409 2080 Μάρκου
1434 2012 1616 2065 πλεῖόν
1637 2032 1689 2067 τι
1723 2015 1855 2085 μέλ-

260 2088 378 2141 λειν
412 2090 582 2162 αὐτὴν
621 2091 822 2161 λέγειν,
862 2095 1083 2169 πάλινὴ
1124 2099 1460 2172 Τετρακτὺς,
1503 2103 1853 2175 παρελθοῦσα

256 2181 344 2243 εἰς
367 2180 429 2234 τὸ
453 2183 636 2252 μέσον,
668 2186 852 2256 φησίν.
914 2188 1000 2252 Ὠς
1030 2190 1509 2265 εὐκαταφρόνητον
1535 2197 1730 2268 ἡγήσω
1758 2198 1850 2253 τὸν

258 2272 443 2341 λόγον,
470 2274 530 2328 ὃν
561 2276 670 2329 ἀπὸ
700 2278 983 2349 στομάτων
1014 2283 1112 2350 τῆς
1152 2284 1433 2354 Ἀληθείας
1464 2288 1735 2358 ἦκουσαςί
1773 2292 1848 2345 Οὐ

256 2364 408 2419 τοῦθ’
447 2365 583 2437 ὅπερ
621 2363 768 2431 οἶδας
805 2370 899 2423 καὶ
942 2370 1154 2437 δοκοῖς¹
1201 2375 1429 2429 παλαιόν
1472 2378 1619 2431 ἐστιν
1655 2379 1844 2451 ὄνομα.

253 2457 449 2530 Φωνὴν
470 2457 578 2531 γάρ
608 2460 767 2530 μόνον
784 2460 931 2533 ἔχεις
954 2463 1142 2530 αὐτοῦ,
1165 2465 1261 2538 τὴν
1286 2467 1340 2520 δὲ
1365 2467 1595 2539 δύναμιν
1611 2471 1844 2540 ἀγνοεῖς.

268 2551 481 2621 Ἰησοῦς
507 2552 608 2623 μὲν
639 2554 748 2625 γάρ
778 2556 925 2608 ἐστιν
955 2557 1224 2629 ἐπίσημον
1252 2559 1442 2632 ὄνομα,
1475 2560 1534 2628 ἒξ
1563 2561 1636 2615 ὢν
1663 2565 1845 2637 γράμ-

257 2658 430 2713 ματα,
463 2644 565 2696 ὑπὸ
602 2644 821 2700 πάντων
856 2647 963 2702 τῶν
994 2650 1094 2721 τῆς
1125 2651 1385 2725 κλήσεως.
1409 2658 1842 2729 γινωσκόμενονο

252 2733 317 2786 τὸ
363 2734 420 2786 δὲ
456 2735 608 2809 παρὰ
644 2742 758 2802 τοῖς
793 2740 962 2800 Aiebat
1002 2743 1094 2799 τοῦ
1132 2744 1508 2819 Πληρώματος
1540 2749 1847 2825 πολυμερὲς

251 2825 524 2897 τυγχάνον
560 2829 728 2900 ἄλλης
766 2833 882 2887 ἐστὶ
918 2835 1135 2905 μορφῆς
1176 2836 1270 2890 καὶ⁹
1301 2839 1489 2912 ἐτέρου
1531 2840 1724 2908 τύπου,
1755 2861 1843 2913 γι-

251 2921 601 2991 νωσκόμενον
635 2924 726 2975 ὑπ’
758 2924 980 2981 ἐκείνων
1009 2928 1118 2980 τῶν
1149 2932 1449 3000 συγγενῶν,
1479 2926 1587 2988 ὧν³
1636 2936 1705 2990 τὰ
1744 2954 1842 3007 με-

1973 738 2059 786 est
2108 748 2344 803 corpus;
2394 735 2507 789 haec
2535 737 2787 792 elementi
2825 739 3031 810 ﬁgura;
3066 741 3153 795 hic
3188 742 3380 798 litterae
3419 743 3554 797 cha-

1973 834 2170 882 racter.
2189 826 2353 897 239
2384 827 2490 882 Sed
2517 828 2844 884 elementum
2868 833 3044 900 ipsum
3065 832 3340 888 hominem
3368 843 3547 899 vocat,

1930 920 2285 989 -l‘outentque
2338 921 2611 975 sermonis
2665 923 2845 978 omnis
2898 937 3021 979 esse
3067 924 3232 985 dicit,
3290 940 3353 980 ac
3397 926 3552 982 vocis

1969 1012 2147 1065 omnis
2189 1012 2550 1083 principium,
2597 1020 2653 1067 ct
2700 1012 2822 1082 ejus
2860 1015 3040 1068 omnis
3089 1016 3233 1083 quod
3285 1017 3550 1086 explicari

1969 1102 2147 1159 verbis
2176 1112 2429 1174 nequeat,
2456 1103 2744 1158 dictionem
2782 1103 3070 1174 taciteque
3106 1104 3261 1177 Siges
3292 1121 3353 1162 os
3377 1108 3550 1177 quod-

1965 1195 2111 1250 dam.
2145 1196 2222 1251 Ac
2257 1197 2361 1252 tale
2386 1194 2783 1266 quidem-illius
2816 1213 3017 1267 corpus
3045 1198 3369 1253 exstitit.Tu
3394 1216 3545 1267 vero,

1962 1288 2139 1359 inquit
2172 1288 2292 1353 illa,
2320 1289 2519 1343 mentis
2543 1295 2650 1343 tua:
2684 1288 3068 1359 Cogitationem
3120 1305 3338 1343 sursum
3388 1291 3550 1345 attul-

1962 1381 2081 1437 lens
2140 1383 2225 1436 sui
2296 1381 2469 1450 ipsius
2524 1381 2822 1450 genitorem
2900 1379 3189 1451 Patrisque
3258 1380 3546 1447 datorem,

1960 1472 2199 1529 Verbum
2239 1473 2491 1536 scilicet,
2525 1488 2590 1526 ex
2618 1487 2712 1526 ore
2750 1470 3013 1528 Veritatis
3044 1473 3255 1530 audias.

2031 1565 2119 1620 Vl.
2152 1566 2283 1632 Quae
2311 1582 2434 1621 cum
2464 1565 2714 1627 dixisset,
2739 1573 2852 1619 tum
2878 1566 3031 1620 illum
3066 1564 3278 1621 Veritas
3303 1567 3543 1631 intuens,

1960 1669 2013 1714 et
2033 1674 2095 1713 os
2116 1659 2366 1727 aperiens
2384 1656 2622 1712 Verbum
2646 1658 2959 1726 eloquitur;
2989 1659 3093 1712 hoc
3118 1659 3315 1714 deinde
3343 1674 3543 1715 nomen

1889 1721 1928 1773 Β
1960 1721 2197 1815 factum;
2228 1764 2449 1813 nomen,
2484 1748 2720 1818 idipsum
2753 1721 2896 1818 quod
2926 1721 3332 1818 cognoscimus,
3371 1749 3545 1820 loqui~

1956 1854 2205 1909 murque,
2249 1835 2527 1893 Christum
2569 1835 2755 1892 Jesum
2783 1855 2796 1890 :
2825 1851 2986 1906 quem
3028 1850 3152 1890 cum
3181 1835 3541 1900 nominasset,

1958 1932 2047 1986 illa
2085 1938 2307 2002 repente
2337 1930 2622 1986 conticuit.
2659 1927 2843 1983 Marco
2873 1942 3002 1982 vero
3034 1928 3187 1998 plura
3240 1936 3298 1982 ut
3330 1929 3538 1984 diceret

1954 2032 2339 2094 exspectante,
2380 2037 2601 2078 rursum
2633 2019 2921 2093 Tetractys
2971 2022 3023 2074 in
3072 2022 3309 2075 medium
3349 2036 3541 2092 proce-

1952 2120 2089 2174 dens
2128 2137 2140 2172 :
2178 2114 2350 2182 Quam
2386 2114 2577 2184 parvi,
2615 2113 2829 2182 inquit,
2862 2127 3170 2167 sermonem
3207 2127 3331 2167 eum
3373 2112 3538 2174 facis,

1952 2223 2112 2280 quem
2152 2207 2220 2260 ab
2269 2221 2365 2261 ore
2398 2203 2660 2260 Veritatis
2699 2201 2921 2257 audisti.
2948 2199 3065 2256 Non
3097 2208 3182 2256 est
3227 2200 3358 2255 illud
3391 2201 3538 2268 quod

1953 2298 2118 2365 nosti,
2173 2303 2268 2351 aut
2309 2296 2508 2351 habere
2544 2303 2596 2349 te
2638 2303 2802 2364 putas
2841 2307 3039 2347 nomen
3075 2293 3382 2361 antiquum.
3429 2289 3538 2343 Vo-

1950 2407 2069 2448 crm
2128 2391 2272 2446 enim
2338 2389 2485 2444 illius
2542 2388 2805 2443 duntaxat
2852 2388 3120 2458 percipis,
3190 2387 3299 2440 vim
3353 2393 3535 2440 autem

1951 2483 2192 2553 ignoras.
2244 2479 2453 2552 Ἰησοῦς
2499 2480 2700 2552 quippe
2742 2480 3001 2535 eximium
3056 2486 3395 2543 nomen'est,
3439 2492 3534 2533 sex

1950 2575 2144 2629 litteris
2171 2556 2666 2644 comprehensum,
2715 2572 2860 2643 quod
2903 2571 3077 2626 vocati
3129 2586 3157 2623 a
3194 2570 3304 2625 Deo
3342 2583 3534 2624 omnes

1949 2665 2280 2735 intelligunt.
2299 2641 2464 2719 “Illud
2506 2678 2637 2719 vero
2671 2641 2816 2734 quod
2841 2664 2984 2734 apud
3037 2662 3360 2718 Pleromatis
3394 2660 3534 2716 [Eo—

1947 2774 2081 2825 nas,
2115 2758 2400 2829 multiplex
2430 2765 2542 2826 est,
2574 2759 2799 2813 alterius
2835 2770 2918 2812 est
2951 2758 3157 2819 for-mre.
3194 2757 3533 2825 diversaeque

1946 2848 2152 2920 ﬁgurae,
2180 2848 2327 2919 quod
2353 2850 2570 2919 cognati
2596 2849 2740 2903 illius
2774 2849 3119 2919 intelligunt,
3148 2863 3380 2919 quorum
3408 2863 3531 2902 ma-

1945 2940 2257 3012 gnitudines
2292 2940 2432 3009 apud
2481 2940 2658 3010 ipsum
2682 2942 2953 3012 perpetuo
2979 2947 3130 2995 sunt.
3157 2938 3529 3005 Quamobrem

248 3011 390 3081 γὲθη
424 3017 554 3085 παρ’
580 3015 759 3069 αὐτῶν
779 3017 802 3049 ⁸
827 3019 939 3072 ἐστι
967 3019 1277 3086 διαπαντός.
1314 3023 1478 3079 Ταῦτ’
1500 3021 1593 3081 οῦν
1618 3026 1688 3081 τὰ
1710 3029 1840 3099 παρ’

1947 3033 2133 3105 viginti
2175 3043 2413 3102 quatuor
2454 3042 2667 3089 vestras
2712 3035 2925 3089 litteras
2971 3033 3113 3089 scito
3159 3033 3531 3087 derivationes

248 3105 383 3174 ὑμῖν
414 3106 833 3181 εἰκοσιτέσσαρα
877 3110 1184 3181 γράμματα
1229 3115 1529 3186 ἀπορροίας
1569 3117 1837 3189 ὑπάρχειν

245 3194 487 3267 γίνωσκε
522 3197 632 3250 τῶν
675 3200 843 3270 τριῶν
875 3195 1158 3274 δυνάμέων
1202 3208 1499 3272 εἰκονικὲς,
1542 3208 1652 3262 τῶν
1675 3185 1834 3283 περι-

246 3289 493 3357 εχουσῶν
518 3290 609 3346 τὸν
641 3291 759 3347 ὅλον
787 3293 898 3349 τῶν
927 3296 1039 3351 ἄνω
1062 3298 1340 3368 στοιχείων
1369 3300 1460 3353 τὸν
1489 3302 1739 3375 ἀριθμόν·
1768 3302 1836 3358 τά

250 3381 350 3453 μὲν
382 3382 491 3455 γὰρ
523 3383 717 3455 ἄφωνα
747 3388 1053 3459 γράμματα
1076 3390 1231 3444 ἐννέα
1264 3393 1485 3464 νόμισον
1534 3390 1698 3459 εἶναι,
1738 3395 1833 3450 τοῦ

246 3472 462 3543 Πατρὸς
498 3478 594 3529 καὶ
635 3476 737 3547 τῆς
781 3479 1081 3551 Ἀληθείας,
1125 3481 1211 3537 διὰ
1249 3484 1309 3538 τὸ
1347 3485 1596 3555 ἀφώνους
1637 3489 1834 3554 αὐτοὺς

244 3561 408 3630 εἶναι,
454 3568 731 3633 τουτέστιν
758 3572 1030 3648 ἀρρήτους
1078 3576 1170 3628 καὶ
1201 3576 1600 3650 ἀνεκλαλήτους
1620 3597 1633 3610 ·
1676 3580 1746 3635 τὰ
1774 3579 1833 3633 δὲ

242 3658 505 3732 ἡμίφωνα
527 3659 672 3719 ὀκτὼ
696 3660 826 3715 ὄντα
861 3663 954 3716 τοῦ
983 3666 1157 3734 Λόγου
1189 3669 1283 3721 καὶ
1321 3670 1419 3739 τῆς
1449 3671 1623 3742 Ζωῆς,
1655 3671 1742 3726 διὰ
1770 3673 1833 3727 τὸ

246 3751 394 3819 μέσα
419 3750 609 3825 ὥσπερ
639 3753 907 3826 ὑπάρχειν
952 3756 1061 3810 τῶν
1104 3774 1162 3811 τε
1189 3757 1420 3827 ἀφώνων
1452 3762 1545 3815 καὶ
1584 3762 1691 3817 τῶν
1716 3780 1831 3832 cpe)-

242 3842 482 3914 νηὲντων
497 3859 510 3871 °
546 3845 641 3898 καὶ
660 3845 1015 3918 ἀναδέχεσθαι
1037 3848 1144 3902 τῶν
1168 3849 1266 3920 μὲν
1286 3849 1520 3924 ὕπερθεν
1539 3851 1638 3924 τὴν
1654 3854 1829 3927 ἀπόρ-

243 3935 419 4011 ροιαν,
459 3935 565 3988 τῶν
597 3936 641 3988 δ’
667 3937 807 4009 ὑπὲρ
828 3937 1031 4010 αὑτὴν⁸
1064 3941 1163 4012 τὴν
1188 3940 1467 4013 ἀναφοράν
1487 3960 1499 3972 ·
1543 3943 1610 3997 τὰ
1634 3942 1688 3996 δὲ
1718 3962 1829 4013 φω-

240 4025 441 4094 νήεντα
480 4024 577 4078 καὶ
616 4025 756 4080 αὐτὰ
802 4026 943 4080 ἑπτὰ
978 4026 1107 4082 ὄντα
1127 4027 1220 4081 τοῦ
1261 4028 1575 4100 Ἀνθρώπου
1609 4030 1701 4084 καὶ
1729 4031 1829 4103 τῆς

240 4116 592 4191 Ἐκκλησίας,
608 4118 729 4173 ἐπεὶ
756 4117 844 4172 διὰ
867 4118 961 4172 τοῦ
980 4118 1293 4192 Ἀνθρώπου
1316 4121 1473 4194 φωνὴ,
1490 4121 1827 4193 προελθοῦσα

237 4212 532 4285 ἐμόρφωσε
574 4212 646 4268 τά
673 4213 790 4271 ὅλα.
854 4214 914 4267 Ὀ
944 4213 1055 4284 γὰρ
1087 4208 1221 4284 ἦχος
1258 4214 1361 4287 τῆς
1391 4214 1576 4285 φωνῆς
1612 4217 1826 4299 μορφὴν

236 4307 425 4371 αὐτοῖς
457 4306 865 4379 περιεποίησεν.
897 4374 902 4379 _

1940 3143 2062 3185 esse
2090 3128 2389 3198 quasdam,
2436 3143 2501 3181 ac
2542 3129 2707 3181 trium
2752 3125 3016 3196 imagines
3064 3124 3372 3190 Virtutum,
3403 3140 3530 3202 qua:

1939 3228 2112 3287 totum
2164 3218 2506 3288 superiorum
2551 3218 2944 3272 elementorum
3005 3231 3294 3269 numerum
3350 3215 3528 3268 conti-

1938 3321 2090 3383 nent.
2150 3310 2327 3367 Mutus
2389 3310 2535 3366 enim
2578 3309 2789 3365 litteras
2837 3323 3030 3363 novem
3072 3307 3137 3362 ad
3196 3307 3408 3360 l’atrem
3463 3323 3526 3362 ac

1937 3410 2216 3470 veritatem
2267 3405 2539 3477 pertinere
2594 3419 2658 3459 ex
2695 3419 2759 3459 eo
2784 3412 2973 3474 putare
3002 3403 3194 3467 debes,
3226 3402 3367 3470 quod
3404 3416 3526 3455 mu—

1937 3505 2004 3553 tae
2027 3508 2186 3565 sunt,
2225 3497 2331 3552 hoc
2372 3504 2456 3552 est
2509 3493 2686 3551 eﬂerri
2731 3494 3183 3566 pronuntiarique
3226 3501 3522 3564 nequeant.

1938 3588 2303 3644 Semivocales
2335 3595 2460 3643 octo
2495 3585 2702 3650 Verbo,
2731 3584 2974 3657 Vitteque
3014 3586 3316 3642 tribuenda:
3360 3597 3520 3647 sunt,

1934 3695 1999 3735 eo
2018 3678 2171 3749 .quod
2212 3679 2373 3732 modii
2410 3676 2697 3747 cujusdam
2730 3679 2947 3748 generis
2978 3686 3136 3739 sunt,
3173 3686 3353 3731 mutas
3378 3678 3524 3730 inter

1934 3787 1999 3826 ac
2040 3771 2257 3825 vocales
2291 3784 2305 3822 :
2340 3754 2509 3839 atque
2557 3778 2609 3823 et
2644 3771 2990 3838 superiorum
3028 3768 3434 3838 proﬂuentiam,
3465 3777 3523 3823 et

1931 3859 2250 3917 inferiorum
2287 3858 2661 3913 habitudinem
2706 3858 2770 3912 ad
2816 3873 2939 3914 sese
2969 3860 3259 3927 recipiunt.
3288 3857 3519 3914 Vocales

1931 3951 2125 4007 deinde
2154 3961 2359 4022 septem
2385 3949 2558 4006 "omo
2585 3958 2748 4019 atque
2789 3947 3031 4003 Ecclesia
3063 3948 3165 4002 sibi
3212 3946 3515 4013 vindicant,

1931 4041 2189 4114 quoniam
2229 4034 2330 4099 vox
2361 4044 2430 4100 ab
2485 4041 2713 4097 Homine
2748 4041 3004 4113 prodiens
3046 4042 3297 4114 universa
3329 4040 3504 4095 limit.

1930 4137 2095 4195 Vocis
2116 4139 2449 4217 enintﬁsonus
2474 4148 2673 4194 certam
2699 4137 2779 4192 eis
2812 4134 3038 4202 formam
3069 4133 3319 4188 attribuit

310 4398 502 4451 Ἔστιν
525 4399 554 4451 6
580 4397 679 4468 μὲν
698 4398 870 4466 Λόγος
886 4399 906 4429 ⁸
936 4397 1076 4473 ἔχων
1093 4400 1185 4454 καὶ
1209 4401 1242 4472 ἠ
1267 4400 1390 4473 Zeti)
1420 4401 1488 4456 τὰ
1520 4401 1686 4478 ὀκτῲ,
1712 4402 1742 4455 6
1769 4402 1825 4456 δὲ

2004 4400 2171 4470 [gitur
2201 4406 2325 4454 octo
2358 4398 2539 4454 Verbo
2590 4406 2644 4454 et
2698 4397 2831 4467 Vita:
2872 4398 3243 4461 conveniunt,
3286 4395 3509 4454 Homini

238 4487 566 4560 ’Ἀνθρωπος
591 4488 685 4542 καὶ
709 4490 742 4561 ἡ
783 4488 1077 4561 Ἐκκλησία
1106 4490 1175 4545 τὰ
1196 4492 1356 4556 ἔπτὰ,
1386 4494 1414 4547 6
1439 4492 1496 4546 δὲ
1514 4492 1704 4565 Πατὴρ
1730 4493 1825 4546 καὶ

232 4581 268 4648 ἡ
312 4579 567 4651 Ἀλήθεια
581 4580 651 4635 τὰ
677 4580 850 4637 ἐννέα.
890 4582 1109 4654 Ἐπειδὴ
1139 4584 1262 4638 τοῦ⁷
1294 4585 1820 4657 ὑστερήσαντοςμϐ)

232 4675 465 4745 Λόγουνὸ
486 4674 847 4745 άιρεδρασθεὶς
868 4677 927 4730 ἐν
946 4675 1024 4748 τῷ
1052 4678 1229 4749 Πινιτρ)⁵
1258 4677 1514 4750 κατῆλθε,
1548 4677 1820 4749 πεμφθεὶς

230 4767 327 4819 ἐπὶ
352 4765 446 4819 τὸν
474 4766 570 4836 ἀφ’
594 4754 657 4820 οῦ
686 4766 956 4839 ἐχωρίσθη
979 4768 1072 4821 ἐπὶ
1101 4767 1384 4840 διορθώσει
1412 4767 1523 4822 τῶν
1549 4768 1821 4841 πραχθένο

231 4873 361 4923 των,
404 4854 496 4910 ἵνα
529 4857 563 4926 ἠ
594 4857 703 4911 τῶν
733 4858 1124 4931 Πληρωμάτων
1150 4859 1340 4932 ἑνότης
1375 4861 1592 4933 ἰσότητα
1624 4860 1821 4931 ἔχουσα

1932 4502 2094 4562 atque
2139 4489 2395 4547 Ecclesiae
2433 4499 2674 4562 septem,
2720 4491 2868 4545 Patri
2905 4507 2968 4545 ac
3008 4490 3240 4547 Veritati
3293 4505 3508 4546 novem.

1930 4582 2086 4651 Quod
2129 4592 2310 4639 autem
2355 4586 2495 4639 ratio
2552 4600 2661 4640 nor.
2711 4585 2847 4641 satis
2879 4592 3191 4647 constaret,
3237 4584 3284 4639 is
3337 4583 3508 4653 quiin

1928 4675 2086 4731 Patre
2132 4676 2404 4735 stabilitas
2446 4684 2563 4732 erat
2608 4675 2866 4747 delapsus
2912 4683 3031 4738 est,
3069 4675 3136 4730 ad
3174 4689 3446 4746 eumque,
3478 4688 3509 4729 a

1931 4784 2039 4838 quo
2069 4770 2351 4839 sejunctus
2386 4770 2584 4830 fuerat.
2616 4787 2804 4827 eorum
2834 4789 2956 4843 quae
2989 4770 3129 4826 facta
3151 4777 3336 4826 essent
3368 4784 3502 4824 con-

1931 4864 2332 4919 stituemlormn
2376 4864 2548 4935 gratia
2590 4865 2880 4930 dimissus,
2926 4864 3089 4939 240
3135 4871 3194 4917 ut
3235 4865 3508 4934 pleroma-

307 5018 321 5048 ³
360 5015 963 5088 ῐτθηίαρτογεννήτορα
1000 5025 1054 5071 et
1079 5016 1487 5088 ,πατροδότορῳ
1516 5028 1571 5088 et
1621 5032 1760 5088 mox_
1779 5033 1839 5069 στ

1947 5033 2064 5088 ίτος.
2143 5018 2163 5047 ¹
2193 5016 2332 5088 Ireu.
2364 5017 2548 5088 §oxsiq
2578 5017 2741 5088 ἔχειν.
2820 5017 2841 5049 ³
2869 5015 3009 5072 lreu.
3064 5034 3283 5086 συγγεν.
3316 5016 3504 5072 αὐτοῦ.

231 5088 254 5118 ⁸
286 5088 427 5141 lren.
457 5084 630 5157 αὐτῷ.
684 5083 727 5117 ⁷⁸
768 5083 908 5143 1νέηᾷ
941 5088 1031 5139 ὑπ’
1063 5083 1225 5150 αὑτά,
1299 5088 1319 5118 ⁸
1344 5083 1486 5141 lren.
1525 5086 1673 5139 ἐστιν
1702 5083 1817 5140 οὖν.

1949 5085 2091 5141 lt‘en.
2118 5088 2183 5139 ἐκ
2212 5087 2268 5141 δὲ
2294 5085 2411 5141 τοῦ.

304 5266 419 5335 (15)
462 5265 608 5333 Παρ’
641 5263 797 5333 αὐτῇ
846 5264 945 5319 καὶ
988 5264 1242 5332 σιωπήν.
1288 5265 1449 5335 Lego.
1477 5282 1601 5321 cum
1650 5265 1809 5322 Billio

230 5354 293 5392 ex
314 5336 439 5392 Vet.
479 5337 781 5407 interprete
802 5336 1127 5407 gzatpauvitca
1164 5337 1455 5407 σιωπῆσαι.

303 5412 319 5476 (
335 5408 420 5475 I6)
446 5404 693 5469 Ἔπειδή
722 5402 828 5459 τοῦ
856 5402 1631 5475 ὑστερήσαντος.’1ί.ιρινρι“οε
1647 5406 1818 5462 lren.:

233 5478 319 5535 Ea:
373 5478 571 5532 minori
612 5484 796 5528 autem
824 5476 1215 5545 computatione
1242 5478 1332 5545 qui
1370 5487 1483 5530 erat
1525 5476 1664 5543 apud
1711 5476 1818 5531 Pa-

235 5559 367 5603 trem
414 5546 689 5616 descgﬁndit
733 5546 957 5616 entissus
1012 5545 1142 5601 illuc
1183 5546 1323 5600 unde
1381 5546 1555 5616 fuerat
1601 5561 1817 5616 separa-

235 5628 340 5679 tus,
388 5626 512 5687 etc,
538 5613 619 5687 Ex
667 5614 868 5687 quibus
921 5624 1069 5687 recte
1111 5613 1439 5684 conjiciebat
1481 5613 1672 5672 Billius
1709 5617 1811 5687 leg.

236 5690 298 5739 ἐκ
323 5688 381 5741 δὲ
417 5685 515 5740 τοῦ
551 5685 966 5755 ὑστερήσαντος.
1003 5685 1158 5755 Cum,
1188 5687 1384 5757 inquit,
1414 5687 1556 5743 ratio
1583 5702 1692 5744 non
1721 5685 1781 5742 si

1917 5267 1987 5323 tis
2018 5273 2332 5339 constaret;
2365 5267 2471 5324 hoc
2501 5277 2585 5323 est
2614 5283 2739 5323 cum
2784 5283 2885 5339 par
2915 5267 2968 5322 in
3003 5266 3315 5339 tribusnon
3354 5266 3502 5324 incs-

1925 5343 2008 5392 set
2042 5337 2345 5408 litterarum
2392 5354 2689 5405 numerus;
2737 5337 3022 5408 propterea
3066 5338 3212 5406 quod
3245 5338 3416 5407 Λόγος
3450 5349 3502 5394 et

1935 5406 2233 5481 Ἐκκλησία
2267 5422 2363 5481 vui
2411 5406 2990 5481 litteris__cotrstarent;
3029 5406 3349 5481 Ἀνθρωπος
3389 5409 3501 5481 ‘Ex;

1922 5475 2263 5547 xknaéa'vu,
2306 5475 2469 5533 Pater
2503 5487 2559 5534 et
2608 5477 2827 5535 Veritas
2859 5494 2950 5545 Ix;
3007 5488 3120 5534 tum
3157 5475 3374 5534 demum
3421 5477 3499 5532 uti

1959 5546 2070 5602 aria
2131 5546 2415 5614 facerent,
2473 5548 2541 5605 de
2601 5564 2795 5606 novem
2859 5548 3070 5616 Patris,
3130 5558 3185 5604 et
3238 5548 3498 5604 Veritatis

1939 5617 2115 5673 itteris
2171 5634 2276 5673 una
2318 5619 2385 5674 ad
2433 5618 2680 5677 Hominis
2732 5627 2787 5678 et
2817 5618 3077 5678 Ecclesize
3129 5625 3334 5688 septem
3375 5616 3498 5670 illas

1918 5688 2171 5745 accessit.
