3956 6070
202 228 303 283 ΞΠ

809 227 1181 285 Αονειιευε
1216 229 1564 287 ιιΑειιΕεεε
1601 230 1727 287 ue.
1769 226 1804 319 ιτ

1914 229 2020 286 ΟΜ.
2065 228 2154 285 ill.
2194 262 2263 270 —
2304 230 2572 287 HASRES.
2619 230 2858 286 XXXIV.

3387 229 3490 295 598

205 345 279 414 μή
290 359 437 412 ματα
457 342 589 395 ὄντα
617 342 730 396 τῶν
758 343 1050 413 ἀμιμήτων
1071 342 1171 415 τὴν
1196 342 1525 417 Ἑνθύμησιν
1550 345 1649 417 τῆς
1678 346 1799 416 Μη-

1914 346 2066 411 lium,
2108 343 2437 415 Cagitationi
2486 344 2676 401 Matris
2727 340 2996 403 Serviunt.
3029 344 3220 416 itaque
3254 348 3490 416 primum

199 434 350 506 τρός.
394 433 504 487 Καὶ
527 435 555 487 ὁ
593 418 692 504 μὲν
728 431 944 504 πρῶτος
980 432 1209 503 οὐρανὸς
1252 432 1550 503 φθέγγεται
1581 435 1643 489 τὸ
1679 436 1743 489 Λ.
1769 436 1797 487 ὁ

200 527 263 592 δὲ
293 523 432 593 μετᾶ
457 522 648 578 τοῦτον
685 523 747 578 τὺ
774 524 838 589 Ε,
862 523 891 575 ὁ
914 522 971 576 δὲ
996 523 1181 597 τρίτος
1209 525 1256 578 Η
1276 542 1289 555 ο
1327 525 1589 598 τέταρτος
1618 526 1675 579 δὲ
1706 527 1798 578 καὶ

204 619 373 690 μέσος
412 617 519 672 τῶν
564 617 706 672 ἑπτὰ
747 617 846 691 τήν
884 616 977 672 τοῦ
1014 618 1035 670 Ι
1078 617 1307 687 δύναμιν
1359 621 1614 689 ὲκφωνείο,
1667 622 1695 672 ὁ
1742 619 1799 679 δὲ.

202 714 457 782 πέμπτος
483 711 545 763 τὸ
587 711 651 774 0,
681 710 840 775 ἕκτος
866 711 924 765 δὲ
953 708 1016 766 τὸ
1047 712 1096 766 Υ
1119 730 1133 744 ·
1159 712 1388 783 ἓόδομος
1416 712 1509 765 καὶ¹
1540 712 1799 784 τέταρτος

202 805 314 859 ἀπὸ
356 803 585 875 μὲρους¹
616 802 678 857 τὸ
703 804 745 856 Ω
777 807 1040 874 στοιχεῖον
1067 803 1253 873 ἐκϐοᾷ,
1294 803 1478 868 καθὼς
1510 806 1542 874 ή
1568 804 1796 875 Μάρκου

203 895 384 967 Σιγὴ(
403 897 437 966 ή
478 893 651 948 πολλά
686 896 783 965 μὲν
813 895 1150 968 φλυαροῦσα,
1195 896 1361 968 μηδὲν
1390 896 1447 949 δὲ
1485 896 1685 967 ἀληθὲς
1713 894 1800 949 λέ-

201 1005 405 1058 γουσα,
438 987 866 1042 διαϐεϐαιοῦται.
911 989 1121 1052 Δῖτινες
1142 988 1422 1058 δυνάμεις,
1446 988 1604 1060 ὁμοῦ,
1638 988 1793 1060 φησὶ,

202 1082 380 1135 πᾶσαι
415 1082 497 1145 εἰς
528 1079 768 1152 ἀλλήλας
806 1080 1238 1151 συμπλακεῖσαι,
1274 1080 1467 1151 ἠχοῦσι
1510 1080 1603 1133 καὶ
1638 1080 1798 1143 δοξά-

202 1176 390 1239 ζουσιν
420 1176 648 1239 ἐκεῖνον,
682 1174 771 1242 ὑφ’
794 1166 856 1226 οὗ
887 1172 1330 1244 προεϐλήθησαν.
1373 1173 1436 1225 Ἦ
1461 1172 1517 1227 δὲ
1547 1172 1673 1239 δόξα
1695 1173 1795 1243 τῆς

203 1266 349 1336 ἠχῆς
368 1264 750 1335 ἀναπέμπεται
776 1265 856 1327 εἰς
870 1263 959 1317 τὸν
988 1263 1339 1336 Προπάτορα.
1373 1261 1589 1334 Ταύτης
1613 1262 1797 1333 μέντοι

204 1357 310 1428 τῆς
337 1356 644 1427 δοξολογίας
674 1356 767 1410 τὸν
799 1352 932 1427 ἦχον
960 1358 1039 1420 εἰς
1070 1356 1167 1428 τὴν
1198 1357 1302 1427 γῆν
1320 1355 1619 1427 φερόμενόν
1645 1371 1796 1427 ,φησι

206 1449 458 1519 πλάστην
485 1448 762 1518 γενέσθαι,
791 1450 883 1503 καὶ
905 1452 1204 1521 γεννήτορά
1244 1448 1354 1502 τῶν
1400 1448 1496 1501 ἐπὶ
1530 1448 1631 1519 τῆς
1670 1449 1793 1519 γῆς.

206 1541 323 1612 Τήν
341 1540 397 1595 δὲ
414 1539 688 1605 ἀπόδειξιν
711 1540 867 1612 ιρέρει
884 1540 991 1593 ἀπὸ
1010 1540 1119 1593 τῶν
1139 1539 1265 1610 ἄρτι
1292 1538 1649 1609 γεννωμένων
1672 1537 1798 1610 βρε-

205 1634 350 1704 φῶν,
391 1626 467 1687 ὧν
507 1631 614 1704 ἠχὴ
642 1631 759 1702 ἅμα
789 1630 869 1703 τῷ
914 1632 979 1685 ὲκ
1028 1631 1243 1702 μήτρας
1288 1629 1571 1703 προελθεῖν
1602 1627 1797 1700 ἐπιδοᾷ

201 1700 327 1791 ἐνὸς
364 1700 734 1781 ἑκάστουῖτῶν
764 1700 1041 1796 στοιχείων
1061 1700 1382 1779 τοάτωντον
1407 1719 1561 1795 ἦχον,
1596 1721 1795 1787 Καθὼς
1829 1700 1870 1754 Β

202 1815 300 1874 οὖν
338 1820 395 1873 αἰ
444 1816 604 1883 ἑπτὰ,
650 1818 805 1889 φησὶ,
846 1817 1106 1889 δυνάμεις
1156 1815 1435 1881 δοξάζουσι
1476 1815 1568 1869 τὸν
1598 1815 1792 1884 Λόγον,

202 1908 352 1972 οὕτω
376 1911 472 1962 καὶ
503 1911 536 1981 ή
569 1908 716 1980 ψυχὴ
738 1909 797 1962 ὲν
824 1910 934 1971 τοῖς
964 1903 1214 1979 βρέφεσι,
1242 1904 1503 1959 κλαίουσα
1531 1904 1628 1959 καὶ
1667 1903 1798 1977 θρη-

205 2002 374 2056 νοῦσα
399 2002 648 2073 Μάρκον,
678 2001 887 2066 δοξάζει
916 1999 1101 2054 αὐτόν.
1149 1998 1248 2051 Διά
1286 1996 1445 2051 τοῦτο
1493 1997 1549 2051 δὲ
1581 1998 1674 2050 καὶ
1706 1996 1797 2050 τὸν

205 2095 375 2150 Δαόὶδ
398 2095 681 2167 εἰρηκέναι
699 2112 714 2126 ο
782 2095 882 2148 Ἐκ
903 2092 1195 2163 στόματος
1228 2093 1463 2159 νηπίων
1483 2090 1581 2144 καὶ
1614 2092 1798 2158 θηλα-

203 2186 429 2247 ὢντων
454 2186 791 2255 κατηρτίσω
816 2181 988 2239 αἶνον
1009 2202 1021 2215 ·
1075 2184 1171 2238 καὶ
1216 2183 1382 2238 πάλιν
1402 2202 1414 2213 ·
1450 2186 1513 2236 Οἱ
1553 2180 1797 2251 οὐρανοὶ

206 2274 350 2347 (τῶν
376 2275 669 2347 οὐρανῶν)
690 2278 711 2307 ³
759 2274 1106 2344 διηγοῦνται
1136 2274 1326 2340 δόξαν
1353 2273 1521 2328 Θεοῦ.
1564 2274 1674 2326 Καὶ
1709 2272 1799 2325 διὰ

203 2368 368 2422 τοῦτο
399 2370 456 2422 ἓν
486 2386 543 2421 τε
570 2368 751 2431 πόνοις
789 2368 884 2421 καὶ
917 2366 1317 2437 ταλαιπωρίαις
1348 2364 1494 2437 ψυχὴ
1527 2363 1796 2435 γενομένη

205 2466 290 2528 εἰς
319 2461 600 2532 διυλισμὸν
629 2460 800 2530 αὐτῆς
833 2461 1098 2529 ὲπιφωνεϊ
1126 2460 1187 2513 τὸ
1218 2461 1259 2512 Ω
1284 2460 1366 2523 εἰς
1390 2460 1615 2528 σημεῖον
1651 2457 1799 2511 αἰνέ-

207 2571 349 2617 σεως
366 2553 502 2625 (20),
545 2553 652 2615 ἵνα,
688 2551 1006 2622 γνωρίσασα
1039 2553 1073 2621 ή
1108 2550 1222 2604 ἄνω
1251 2549 1399 2621 ψυχὴ
1443 2550 1503 2603 τὸ
1534 2549 1796 2618 συγγενὲς

206 2647 380 2717 αὐτῆς
410 2644 603 2716 βοηθὸν
626 2645 764 2713 αὑτὴ
795 2642 1154 2715 καταπέμψῃ.

283 2736 365 2794 H'.
407 2738 517 2790 Καὶ
550 2738 678 2810 περὶ
711 2737 807 2807 μὲν
835 2735 929 2790 τοῦ
981 2734 1179 2798 παντὸς
1211 2733 1472 2805 ὀνόματος
1505 2732 1800 2803 τριάκοντα

208 2829 731 2902 ὖντος.γραμμάτων
750 2827 963 2893 τούτου,
988 2827 1083 2881 καὶ
1107 2825 1200 2881 τοῦ
1234 2824 1398 2897 βυθοῦ
1423 2824 1516 2879 τοῦ
1544 2824 1800 2889 αὔξοντος

210 2925 277 2975 ὲκ
305 2921 416 2974 τῶν
445 2921 632 2975 τούτου
659 2921 1022 2993 γραμμάτων,
1044 2919 1126 2975 ἔτι
1158 2936 1218 2972 τε
1251 2919 1353 2989 τῆς
1388 2917 1670 2988 Ἀληθείας
1696 2916 1800 2986 oti;-

214 3029 385 3084 ματος
404 3011 813 3083 δωδεκαμελοῦς
835 3014 899 3065 ὲκ
919 3010 1013 3067 δύο
1033 3010 1375 3083 γραμμάτων
1400 3008 1731 3073 συνεστῶτος
1755 3010 1797 3073 ⁸,

214 3107 310 3159 καὶ
337 3105 438 3176 τῆς
466 3105 651 3175 φωνῆς
679 3104 871 3176 αὐτῆς,
901 3105 966 3174 ἣν
996 3102 1449 3176 προσομιλήσασα
1479 3101 1524 3168 ⁵,
1559 3102 1654 3155 καὶ
1677 3103 1806 3173 περὶ

214 3196 314 3266 τῇς
345 3196 645 3260 ἐπιλύσεως
674 3195 769 3249 τοῦ
799 3195 875 3267 μὴ
900 3195 1224 3265 λαληθέντος
1252 3194 1535 3266 ὀνόματος.
1563 3194 1657 3248 καὶ
1678 3193 1808 3266 περὶ

215 3290 314 3361 τῆς
341 3288 438 3343 τοῦ
485 3289 692 3360 κόσμου
719 3289 899 3361 ψυχῆς
936 3289 1031 3343 καὶ
1079 3287 1390 3360 ἀνθρώπου,
1438 3287 1580 3343 καθά
1623 3288 1807 3359 ἔχουσι

217 3382 320 3452 τὴν
360 3382 480 3435 κατ’
512 3382 699 3436 εἰκόνα
748 3383 1083 3454 οἰκονομίαν,
1132 3382 1305 3447 οὕτως
1347 3383 1644 3455 ἐλήρησεν
1683 3377 1810 3452 ἑξῆς

218 3472 274 3527 δὲ
297 3473 376 3538 ὡς
408 3473 517 3527 ἀπὸ
547 3474 656 3529 τῶν
686 3474 965 3549 ὀνομάτων
1018 3475 1306 3549 ἰσάριθμον
1336 3476 1574 3547 Δύναμιν
1604 3474 1812 3528 ἐπέδει-

220 3567 310 3633 ξεν
347 3568 381 3639 ή
434 3567 748 3639 Τετρακτὺς
797 3568 947 3641 αὐτῷ
1002 3568 1456 3640 ἀπαγγελοῦμεν·
1506 3568 1594 3622 ἵνα
1646 3566 1812 3639 μηδὲν

220 3657 360 3730 λάθῃ
401 3675 460 3712 σε
490 3658 599 3712 τῶν
627 3661 706 3724 εἰς
735 3661 881 3732 ἡμᾶς
919 3662 1012 3715 ὑπ’
1058 3660 1221 3715 αὑτοῦ
1269 3659 1580 3731 λεγομένων
1615 3659 1809 3731 ἐληλυ-

221 3752 426 3820 θότων,
472 3753 744 3825 ἀγαπητὶ,
801 3753 985 3823 καθὼς
1035 3752 1293 3815 πολλάκις
1346 3752 1636 3823 ἀπῄτησας
1680 3754 1819 3825 παρ’·

223 3843 401 3916 ἠμῶνι

296 4110 483 4174 οὕτως
519 4103 615 4163 οὖν
645 4108 978 4180 ἀπαγγέλλει
1005 4113 1039 4184 ή
1072 4112 1344 4181 πάνσοφος
1372 4112 1520 4182 αὐτῷ
1556 4111 1689 4182 Σιγὴ
1719 4111 1817 4182 τὴν

227 4201 440 4271 γένεσιν
472 4199 583 4253 τῶν
620 4202 1077 4273 εἰκοσιτεσσάρων
1125 4202 1425 4272 στοιχείων,
1465 4204 1529 4273 τῇ
1564 4200 1817 4273 μονότητι

230 4293 599 4365 συνυπάρχειν
639 4294 851 4365 ὲνότητι
892 4295 933 4350 ⁸.
974 4293 1061 4362 Ἐξ
1089 4286 1164 4349 ὧν
1216 4293 1309 4347 δύο
1352 4293 1634 4365 προϐολαὶ,
1678 4294 1819 4349 καθὰ

1901 436 2101 491 caelum
2117 436 2160 488 A
2182 436 2535 506 pronuntiat;
2562 437 2863 492 secundum
2887 438 2949 504 E;
2980 438 3207 499 tertium
3230 438 3300 505 ﬂ;
3331 454 3493 509 quar-

1901 536 2013 581 tum
2055 535 2108 582 et
2145 528 2382 583 medium
2412 529 2618 583 vocalis
2651 531 2671 583 ῐ
2704 531 2811 585 vim
2865 530 3053 596 effert;
3101 530 3353 601 quintum
3397 530 3477 597 Ο,

1901 629 2116 676 sextum
2169 621 2242 688 Υ;
2281 621 2575 691 septimum
2620 630 2673 677 et
2713 632 2971 693 quartum
3011 623 3341 686 elementum
3392 626 3434 676 Ω
3461 639 3490 676 c

1901 713 2081 767 medio
2114 714 2448 783 proclamat,
2478 715 2555 768 ait
2593 713 2869 769 Marciana
2907 714 3068 786 Sige,
3110 731 3233 786 quae
3264 731 3489 787 magnas

1900 821 2077 877 nugas
2127 805 2382 861 etiutiens
2430 805 2543 861 veri
2577 806 2715 865 nihil
2748 807 3048 877 eloquitur.
3096 805 3337 861 Virtutes
3386 807 3492 861 illa:

1900 914 2067 969 porro
2102 900 2265 953 simul
2300 913 2493 954 omnes
2528 899 2760 954 invicem
2794 907 3062 955 consertae
3086 891 3380 961 'resonant,
3407 899 3490 953 in-

1899 993 2039 1063 quit,
2071 1005 2135 1046 ac
2160 992 2458 1063 praedicant
2487 1006 2632 1057 eum,
2656 1007 2685 1045 a
2707 1007 2818 1063 quo
2837 991 3118 1061 productae
3146 999 3297 1047 sunt.
3317 991 3491 1061 Cujus

1900 1084 2116 1140 sonitus
2140 1082 2469 1143 collaudatio
2503 1084 2739 1155 primum
2765 1086 2817 1140 in
2839 1081 3130 1140 Parentem
3157 1070 3442 1143 confertur
3471 1099 3488 1139 :

1900 1177 2156 1247 idemque
2204 1192 2374 1233 sonus
2421 1178 2635 1235 delatus
2688 1177 2743 1230 in
2800 1185 3042 1240 terram,
3075 1177 3321 1230 omnium
3370 1190 3533 1246 qua:-

1900 1274 2029 1321 sunt
2062 1265 2115 1319 in
2142 1280 2206 1319 ea
2239 1264 2393 1323 fictor
2419 1281 2483 1327 ac
2519 1273 2835 1336 procreatur
2869 1274 2953 1321 est
2996 1265 3196 1325 factus.
3237 1265 3395 1333 Quod
3422 1279 3491 1320 ex

1898 1356 2276 1413 recenseditis
2325 1356 2634 1413 infantibus
2682 1356 3070 1413 demonstrare
3120 1358 3342 1424 nititur,
3395 1357 3491 1428 qui

1899 1449 2063 1503 simul
2090 1457 2251 1519 atque
2285 1450 2477 1505 matris
2504 1465 2569 1505 ex
2598 1458 2754 1529 utejo
2785 1450 3143 1520 prodierunt,
3170 1451 3355 1521 vagitu
3388 1464 3491 1505 suo

1903 1543 2341 1613 uniuscujusque
2369 1544 2764 1597 elementorum
2804 1543 3037 1597 istorum
3070 1558 3268 1598 sonum
3303 1543 3490 1612 expri-

1904 1643 2078 1691 munt.
2112 1633 2183 1689 Ut
2205 1634 2372 1706 igitur
2403 1641 2641 1704 septena?
2669 1632 2917 1691 Virtutes
2938 1676 2952 1695 .
2976 1635 3072 1701 ait,
3104 1633 3342 1704 Verbum
3373 1635 3492 1689 lau-

1902 1728 2065 1784 dibus
2100 1725 2377 1782 eﬂ‘erunt:
2415 1726 2489 1780 ita
2534 1735 2588 1781 et
2644 1724 2888 1791 marcum
2941 1725 3119 1796 ipsum
3165 1727 3388 1796 plorans
3432 1723 3533 1785 in,

1905 1818 2207 1875 infantibus
2236 1833 2301 1873 ac
2326 1831 2566 1875 mmrens
2595 1817 2776 1871 anima
2802 1816 3083 1886 praedicat.
3112 1818 3238 1874 Ideo
3267 1835 3488 1892 quoque

1904 1910 2073 1965 David
2101 1909 2342 1964 cecinit:
2374 1907 2458 1962 Ea:
2484 1925 2574 1963 ore
2609 1907 2898 1977 infantium
2925 1918 2974 1962 et
3019 1908 3329 1977 faetentium
3372 1928 3488 1983 per-

1901 2004 2074 2072 [ecisti
2115 2002 2324 2057 laudem
2358 2003 2412 2065 ';
2452 2016 2515 2056 ac
2559 2015 2776 2055 rursum
2818 2018 2830 2055 :
2874 1998 3008 2055 Cwli
3042 2002 3295 2057 calorum
3329 2020 3491 2058 enar-

1901 2106 2023 2161 rgnt
2052 2095 2279 2165 gloriam
2316 2092 2414 2146 Dei
2439 2093 2482 2147 ⁷.
2516 2091 2655 2146 llinc
2687 2099 2773 2147 est
2820 2091 2965 2161 quod
3003 2092 3145 2147 inter
3173 2093 3394 2150 labores
3429 2101 3485 2150 et

1901 2204 2174 2245 aerumnas
2197 2227 2212 2253 ,
2243 2193 2303 2241 ut
2341 2187 2411 2240 sit
2458 2184 2862 2255 quodammodo
2904 2183 3225 2239 defaecatior
3263 2188 3446 2241 anima
3470 2225 3484 2252 ,

1902 2282 2138 2335 litteram
2175 2297 2221 2341 ω
2263 2277 2608 2348 pronuntiat,
2655 2274 2803 2346 quod
2842 2284 2928 2331 est
2968 2274 3301 2330 laudationis
3342 2277 3487 2331 indi-

1901 2372 2079 2435 cium,
2119 2379 2178 2423 ut
2224 2367 2494 2432 cmlestis,
2517 2366 2700 2419 anima
2744 2364 2890 2434 quod
2924 2364 3028 2420 sibi
3071 2371 3363 2435 cognatum
3401 2372 3487 2420 est

1903 2477 2209 2534 agnoscens
2240 2460 2628 2522 onitulatorem
2670 2455 2974 2525 submittat.

1976 2726 2111 2781 Vlli.
2165 2726 2241 2780 De
2282 2732 2397 2779 toto
2449 2725 2612 2795 igitur
2655 2725 2744 2779 ille
2786 2724 3039 2786 nomine,
3080 2723 3226 2794 quod
3274 2739 3383 2791 xxx
3417 2738 3489 2780 ex

1905 2819 2102 2875 litteris
2134 2817 2512 2888 componitur;
2548 2816 2719 2888 Bytlto
2752 2816 2846 2886 qui
2886 2816 3021 2872 iisce
3054 2832 3119 2871 ex
3163 2816 3358 2871 litteris
3397 2816 3487 2870 in-

1905 2921 2243 2966 crementum
2294 2908 2474 2978 capit;
2525 2924 2628 2963 nec
2681 2923 2788 2962 non
2842 2916 2898 2963 et
2953 2906 3213 2963 Veritatis
3261 2922 3492 2978 corpore

1908 2988 2172 3057 membris
2194 3007 2482 3055 constante
2505 2998 2816 3062 duodecim,
2850 3013 3084 3068 quorum
3111 2999 3325 3070 singula
3352 2999 3491 3054 dua-

1912 3090 2013 3150 bus
2047 3108 2078 3149 e
2113 3091 2311 3147 litteris
2347 3089 2583 3146 conﬂata
2628 3099 2792 3157 sunt;
2828 3092 3111 3162 ipsiusque
3143 3107 3279 3147 voce
3327 3107 3492 3161 quam

1910 3184 2135 3239 minime
2162 3183 2428 3253 eloquens
2457 3189 2537 3237 est
2574 3183 2790 3237 elocuta
2823 3200 2836 3237 :
2867 3192 2979 3237 tum
3010 3184 3078 3238 de
3110 3184 3333 3238 minime
3365 3199 3495 3254 pro-

1911 3274 2008 3330 lati
2041 3275 2380 3332 resolutione
2417 3274 2691 3342 nominis;
2726 3289 2791 3329 ac
2821 3274 2889 3331 de
2928 3275 3117 3329 mundi
3162 3283 3218 3331 et
3259 3276 3498 3330 hominis

1912 3365 2118 3429 anima,
2153 3374 2426 3435 quatenus
2466 3361 2533 3417 ad
2569 3364 2978 3420 similitudinem
3014 3378 3276 3434 expressa
3311 3366 3499 3435 provi-

1912 3457 2113 3513 dentiae
2174 3458 2747 3528 administrationique
2803 3458 3179 3528 respondent;
3237 3458 3342 3513 hoc
3409 3458 3501 3513 ille

1912 3548 2077 3603 modo
2122 3556 2358 3619 nugatus
2384 3558 2490 3604 est.
2542 3548 2701 3620 242
2750 3546 3217 3615 Quemadmodum
3262 3564 3392 3605 vero
3433 3564 3497 3603 ex

1916 3640 2230 3696 nominibus
2258 3641 2522 3710 :equalem
2554 3656 2784 3696 numero
2813 3639 3082 3697 Virtutem
3122 3642 3172 3696 ei
3213 3640 3502 3713 Tetractys
3557 3648 3569 3670 ⁸

1914 3733 2242 3796 ostenderit,
2276 3733 2538 3802 deinceps
2568 3732 2966 3801 explicabimus
2999 3752 3012 3787 :
3046 3748 3114 3789 ne
3145 3733 3277 3803 quid
3307 3748 3502 3789 eorum

1917 3834 1990 3889 te.
2018 3825 2366 3888 charissime,
2389 3824 2575 3889 lateat,
2610 3838 2733 3893 qua:
2762 3823 2830 3877 ab
2862 3824 2957 3878 illo
2982 3823 3127 3878 dicta
3157 3823 3225 3877 ad
3257 3832 3503 3879 nostram

1919 3917 2238 3971 memoriam
2294 3921 2699 3987 pervenerunt,
2758 3913 2812 3967 id
2868 3912 3017 3984 quod
3068 3928 3099 3967 a
3152 3914 3311 3969 nobis
3361 3929 3503 3984 sape

1919 4008 2229 4082 postulasti.

1990 4103 2011 4135 ⁸
2047 4101 2161 4156 lloc
2206 4102 2388 4173 itaque
2435 4100 2597 4156 modo
2642 4099 3046 4170 sapientissima
3078 4096 3205 4169 Sige
3233 4112 3361 4151 xxiv
3390 4100 3504 4153 ele-

1923 4202 2231 4249 mentorum
2296 4192 2373 4247 illi
2430 4192 2834 4263 generatiunem
2900 4190 3170 4260 exposuit.
3237 4188 3503 4243 Nimirum

1923 4301 2047 4355 cum
2086 4284 2468 4355 singularitate
2508 4283 2769 4337 unitatem
2819 4282 3108 4338 exsistere.
3151 4280 3233 4335 Ab
3275 4280 3342 4336 iis
3385 4294 3510 4351 pro-

232 4385 575 4458 προείρηται,
611 4388 780 4457 μονάς
810 4405 869 4441 τε
908 4388 1000 4441 καὶ
1032 4387 1096 4441 τὸ
1137 4387 1194 4441 ἓν
1234 4386 1453 4441 ὲπὶίδύο
1497 4382 1652 4439 οὖσαι
1689 4386 1804 4440 τέσ·

1926 4386 2118 4448 pagata
2162 4378 2293 4441 duo,
2348 4376 2634 4430 monadem
2680 4385 2842 4445 atque
2897 4389 3063 4428 unum
3115 4380 3353 4443 quatuor
3405 4372 3509 4426 im-

232 4492 373 4547 σαρα
401 4477 672 4544 ἐγένοντο.
710 4478 802 4541 Δὶς
830 4477 940 4549 γὰρ
973 4476 1066 4532 δύο
1095 4478 1378 4549 τέσσαρες.
1421 4478 1532 4530 Καὶ
1565 4475 1727 4531 πάλιν
1759 4479 1818 4531 αἱ

230 4566 323 4621 δύο
356 4568 449 4621 καὶ
478 4568 745 4641 τέσσαρες
785 4571 865 4633 εἰς
890 4569 951 4623 τὸ
977 4570 1109 4624 αὐτὸ
1144 4569 1481 4623 συντεθεῖσαι
1516 4569 1605 4623 τὸν
1628 4569 1736 4623 τῶν
1760 4569 1820 4637 ἒξ

235 4658 584 4732 ἐφανέρωσαν
627 4660 881 4733 ἀριθμόν.
930 4655 1089 4716 Οὗτοι
1134 4661 1190 4715 δὲ
1239 4663 1287 4716 οἱ
1340 4660 1400 4727 ἒξ
1420 4660 1823 4737 τετραπλασια-

238 4749 451 4813 σῗέντες
479 4751 578 4816 τὰς
612 4755 784 4807 εἴκοσι
803 4753 1074 4826 τέσσαρας
1095 4754 1427 4825 ἀπεκύησανν
1448 4755 1678 4826 μορφάς.
1700 4753 1818 4807 Καὶ

233 4841 299 4893 τά
332 4841 435 4913 μὲν
464 4842 567 4913 τῆς
620 4842 841 4916 πρώτης
881 4843 1151 4916 Τετράδος
1192 4846 1434 4917 ὀνόματα
1468 4848 1599 4916 ἅγια
1647 4846 1819 4915 ἁγίων

235 4932 518 5003 νοούμενα,
548 4932 643 4987 καὶ
693 4934 769 5005 μὴ
817 4934 1091 5007 δυνάμενα
1137 4935 1414 5009 λεχθῆναι,
1456 4935 1822 5006 γινώσκεσθαι

237 5022 340 5075 ὑπὸ
374 5022 541 5095 μόνου
589 5023 685 5078 τοῦ
719 5025 851 5079 Υἱοῦ
872 5043 884 5056 ·
916 5025 961 5081 ά,
984 5028 1014 5081 ὁ
1045 5026 1234 5100 Πατὴρ
1270 5025 1379 5082 οἶδε
1412 5028 1542 5095 τίνα,
1578 5029 1726 5097 ἐστί’
1756 5028 1826 5083 τὰ

237 5112 293 5182 δὲ
326 5115 504 5186 σεμνά
537 5116 631 5185 καὶ
662 5117 801 5188 μετά
838 5118 1075 5183 πίστεως
1116 5121 1493 5192 ὀνομαζόμενα
1520 5123 1649 5193 παρ’
1676 5118 1827 5192 αὺτῷ

239 5206 353 5260 ἐστι
379 5206 558 5263 ταῦτα
578 5225 592 5239 σ
622 5210 893 5281 Ἀρρητος
927 5211 1020 5266 ml.
1048 5211 1203 5284 Σιγὴ,
1238 5213 1431 5283 Πατήρ
1456 5229 1518 5266 τε
1540 5213 1633 5265 καὶ
1667 5210 1827 5282 Ἀλή-

314 5363 328 5394 ¹
364 5361 505 5418 lrcn.
539 5362 649 5418 ἀπὸ
682 5363 869 5435 μέσου.
952 5365 971 5397 ’
1003 5365 1145 5420 Iren.
1182 5366 1291 5428 τῶν
1325 5364 1573 5438 οὐρανῶν
1603 5380 1710 5420 non
1745 5365 1804 5419 lia

333 5434 746 5489 προσωμίλησε.
805 5443 859 5489 et
906 5433 1248 5489 ἀναλύσεως.
1292 5450 1403 5489 non
1444 5435 1767 5489 ἐπιλύσεως.

1916 5405 1929 5420 .
2009 5364 2029 5396 ³
2067 5360 2209 5418 iren.
2245 5360 2600 5415 ἑκάστουσυν.
2683 5362 2700 5390 ⁸
2725 5359 2868 5415 lren.
2905 5360 2938 5430 ἥ

1928 5433 2068 5489 Iren.
2108 5433 2352 5489 ἑνότητα.
2454 5432 2474 5463 ⁶
2506 5430 2651 5487 Psal.
2709 5445 2830 5489 vm.
2858 5430 2913 5485 5.

1952 5450 2068 5492 ren.
2108 5448 2352 5502 ενοτητα.

240 5432 746 5558 πῳσωμξέησε,
805 5443 859 5489 et
906 5433 1248 5499 ἀναλύσεως,
1292 5432 1404 5490 non
1444 5435 1767 5498 ἐπιλύσεως.

316 5520 431 5558 ren.
464 5519 517 5558 c.
636 5542 649 5557 .

316 5520 431 5559 ren.
464 5519 517 5558 ϐ.
565 5519 649 5557 12.

1927 4472 2126 4542 plesse.
2157 4470 2248 4524 Bis
2280 4469 2425 4523 enim
2459 4468 2569 4524 duo
2597 4476 2835 4537 quatuor
2866 4466 3123 4521 cﬂieinnt.
3164 4464 3514 4536 Rursumque

1929 4563 2039 4617 duo
2062 4562 2357 4630 conjuncta
2392 4576 2516 4615 cum
2547 4568 2787 4629 quatuor
2815 4561 3093 4615 senarium
3133 4560 3510 4614 ostenderunt.

1932 4654 2029 4709 Hic
2063 4662 2257 4727 quater
2305 4654 2357 4707 in
2399 4667 2520 4708 sese
2552 4653 2751 4707 ductus
2798 4667 2924 4705 xxiv
2962 4649 3166 4706 formas
3204 4650 3400 4705 effecit.
3437 4649 3515 4706 Ac

1933 4746 2119 4817 prima:
2147 4746 2364 4816 quidem
2406 4743 2657 4799 Tetradis
2700 4744 2922 4797 numina
2960 4744 3309 4798 sanctissima
3337 4783 3352 4808 ,
3395 4755 3516 4813 qua:

1931 4839 2287 4912 intelligentia
2330 4838 2445 4895 sola
2481 4837 2688 4908 percipi
2729 4843 2990 4907 possunt,
3036 4836 3216 4892 verbis
3255 4833 3514 4907 explicari

1936 4950 2046 4989 non
2083 4940 2347 5005 possunt;
2384 4931 2485 4987 soli
2521 4939 2676 4999 putat
2707 4927 2848 4983 Filio
2890 4930 3139 4999 cognita,
3176 4945 3298 4999 quae
3327 4929 3517 4997 cujus~

1934 5024 2083 5079 modi
2134 5024 2245 5080 sint
2289 5022 2452 5078 Pater
2489 5019 2761 5090 intelligit.
2803 5020 2936 5087 Quae
2983 5034 3112 5074 vero
3156 5020 3238 5075 sic
3288 5028 3519 5091 augusta

1937 5124 2089 5182 sunt,
2115 5122 2175 5169 ut
2195 5129 2319 5169 cum
2348 5113 2450 5168 fide
2477 5110 2822 5184 pronuntiari
2871 5111 3119 5181 possint,
3154 5111 3299 5165 hunc
3324 5112 3377 5165 in
3404 5124 3523 5166 mo»

1936 5210 2066 5263 dum
2107 5215 2373 5262 recenset.
2411 5206 2701 5267 Arrbetus,
2728 5212 2783 5261 et
2831 5201 3012 5275 Seige.
3030 5202 3192 5260 Pater
3211 5213 3266 5258 et
3284 5202 3517 5261 Veritas.

2943 5376 2971 5411 ν
3024 5360 3522 5484 ςπβέἔῗμέἴςῖῖῖασέ

2454 5432 2474 5463 ⁸
2506 5430 2651 5494 Psal.
2709 5445 2830 5494 Vin,
2858 5430 2913 5485 ὅ.
3024 5431 3043 5464 ²
3072 5430 3219 5487 Psal.
3259 5430 3415 5495 xvm,
3467 5430 3519 5484 2.

320 5623 451 5707 (9.02,
474 5622 577 5701 Εἰς
624 5615 883 5707 inuisior
924 5612 1226 5681 αἰνέσεως.
1283 5613 1541 5686 Legeram
1592 5614 1804 5674 ἀνέσειιιι

1914 5634 1990 5707 τι]κ
1997 5618 2275 5686 αἰνέσεως,
2324 5619 2419 5676 sed
2453 5618 2777 5676 laudationis
2841 5633 2944 5691 pro
2973 5616 3319 5673 relaxationis
3376 5612 3521 5669 malo

250 5705 372 5761 cum
412 5692 530 5747 Vet.
564 5691 881 5771 interprete.
