3956 6070
450 224 554 283 603

1879 225 1934 281 S.
1977 221 2315 279 EPll’il'A-Nll
2381 221 2392 231 ’

3628 209 3741 271 0M

450 353 560 397 tem
613 343 774 412 item,
824 355 877 399 ct
933 343 1268 409 Ecclesiam,
1336 342 1626 413 Vitamque
1682 344 2010 413 conlprehen

2150 343 2387 415 Ορωπον,
2439 340 2599 393 αὐτόν
2633 356 2692 391 τε
2736 338 2826 391 τὸν
2858 336 3052 406 Λόγον,
3100 332 3195 388 καὶ
3240 331 3330 385 τὸν
3364 330 3610 396 Πατέρα,
3638 328 3736 382 καὶ

451 435 620 489 disse.

524 615 613 670 Kl.
659 614 789 681 Qua:
830 629 1021 670 omnes
1071 615 1289 669 illorum
1339 613 1536 668 fabula:
1576 613 1846 684 ejusmodi
1888 622 2037 677 sunt,

454 718 514 761 ut
549 709 616 762 iis
646 704 1000 779 deplorandis
1034 707 1241 761 nullum
1274 707 1376 759 heu
1407 708 1420 760 !
1457 707 1594 762 heu!
1630 706 1712 760 vel
1746 706 1910 776 proh!
1947 722 2041 761 ne-

452 815 559 871 que
599 799 711 853 ulla
755 815 984 870 prorsus
1028 800 1233 870 tragica
1280 815 1384 853 vox
1422 815 1485 854 ac
1518 799 1834 853 lamentatio
1868 803 2043 869 possit

451 894 719 949 sullicere.
748 893 883 960 Quis
906 893 1051 949 enim
1094 909 1203 948 non
1236 892 1425 946 talium
1459 891 1868 946 mendaciorum
1900 891 2039 947 infc-

450 987 608 1042 licem
656 987 923 1041 artiﬁcem
975 986 1175 1050 olerit,
1222 1001 1345 1040 cum
1411 983 1706 1038 \eritatem
1758 984 1931 1053 ipsam
1983 985 2039 1039 in

450 1079 614 1134 inane
651 1079 1011 1134 simulacrum
1046 1084 1084 1131 ‘a
1119 1076 1304 1132 Marco
1338 1076 1694 1131 deformatam
1735 1076 1948 1144 videat;
1990 1086 2042 1133 et

450 1168 598 1239 quod
682 1170 902 1240 gravius
967 1177 1088 1233 est,
1163 1168 1436 1238 alphabeti
1509 1167 1703 1222 litteris
1779 1176 2039 1239 tanquam

451 1259 800 1329 stigmatibus
857 1260 1093 1313 inustam
1140 1276 1154 1313 :
1209 1264 1267 1311 ut
1319 1256 1465 1327 quod
1527 1272 1702 1328 nuper
1745 1258 2037 1326 admodum

449 1360 615 1420 atque
648 1351 785 1412 heri,
821 1358 880 1403 ut
910 1349 1083 1412 aiunt,
1110 1358 1163 1404 et
1196 1348 1599 1403 nudiustertius
1628 1349 1849 1413 accidit,
1882 1349 2038 1419 quasi

443 1442 557 1511 jam
586 1450 699 1496 tum
733 1443 861 1498 olim
888 1442 1212 1507 exstitisset,
1244 1443 1526 1498 venditare
1552 1441 1844 1498 studuerit.
1866 1444 2037 1497 Graeci

443 1534 666 1605 quidem
702 1550 792 1588 xv:
838 1549 868 1587 a
911 1533 1119 1589 Cadmo
1150 1534 1362 1590 litteras
1396 1534 1635 1605 primum
1670 1538 1950 1605 accepisse
1980 1550 2040 1590 se

447 1633 790 1691 memorant;
835 1634 948 1679 tum
989 1641 1020 1679 a
1062 1641 1121 1681 se
1170 1626 1652 1699 progredientibus
1700 1626 2038 1695 temporibus

2143 434 2235 486 τὸν
2269 434 2562 505 Ἀρρητον,
2598 430 2691 484 καὶ
2713 428 2813 500 τὴν
2842 428 3028 498 Σιγὴν,
3046 425 3140 480 καὶ
3169 423 3267 494 τὴν
3313 418 3614 491 Ἀλήθειαν.
3639 417 3733 472 καὶ

2159 524 2508 594 Ἐκκλησίαν,
2549 522 2644 577 καὶ
2674 522 2845 593 Ζωήν.
2998 548 3008 556 -
3066 593 3070 598 .
3440 528 3441 531 ‘

2222 613 2320 667 lA’.
2357 612 2541 666 Ταῦτα
2570 611 2633 682 δὴ
2666 612 2805 682 ὑπὲρ
2834 610 2893 663 τὸ
2926 607 3033 662 leti!
3068 607 3163 659 καὶ
3202 605 3264 658 τὸ
3284 604 3436 685 ipso!
3463 602 3559 657 καὶ
3593 601 3731 674 ὑπὲρ

2145 703 2206 757 τὸ
2230 704 2411 757 πᾶσαν
2447 702 2713 775 τραγικὴν
2763 700 3004 770 φώνησιν
3024 700 3039 729 ¹
3071 696 3163 751 καὶ
3195 693 3558 766 σχετλιασμόν
3593 694 3727 746 ἐστι.

2147 797 2242 860 Τίς
2268 795 2377 868 γὰρ
2402 796 2501 849 οὐκ
2526 794 2592 847 ἂν
2633 794 2880 865 μισήσειε
2908 790 3014 843 τῶν
3043 787 3377 860 τηλικούτων
3398 787 3729 857 ψευσμάτων

2146 887 2542 942 κακοσύνθετον
2566 884 2816 957 ποιητὴν,
2847 883 2944 955 τὴν
2969 883 3066 955 μὲν
3113 880 3394 954 Ἀλήθειαν
3415 879 3560 951 δρῶν
3591 878 3735 933 εῐδωτ

2144 977 2234 1031 λον
2269 976 2374 1030 ὑπὸ
2403 977 2629 1049 Μάρκου
2652 977 2966 1045 γεγονυῖαν,
2999 973 3093 1027 καὶ
3121 972 3278 1026 τοῦτο
3304 973 3417 1036 τοῖς
3436 969 3530 1023 τοῦ
3561 969 3728 1039 ἄλφα⁶

2144 1068 2311 1140 δήτου
2349 1067 2641 1139 γράμμασι
2677 1063 3109 1135 κατεστιγμένην
3137 1059 3332 1115 νεωστὶ
3360 1057 3496 1128 πρὸς
3537 1057 3599 1110 τὸ
3634 1057 3729 1109 ἀπ’

2145 1160 2320 1234 ἀρχῆς
2352 1158 2487 1230 (28),
2513 1159 2575 1212 τὸ
2600 1159 2664 1231 δὴ
2686 1156 2978 1227 λεγόμενον
3006 1154 3133 1225 χθὲς
3163 1153 3256 1206 καὶ
3281 1149 3500 1224 πρώην;
3535 1148 3728 1218 ’Ἐλλη-

2143 1269 2230 1316 νες
2252 1249 2602 1323 ὁμολογοῦσιν
2629 1249 2736 1303 ἀπὸ
2752 1247 2973 1318 Κάδμου
2995 1243 3207 1317 πρῶτον
3230 1239 3291 1306 ἓξ
3315 1240 3410 1294 καὶ
3425 1240 3560 1293 δέκα
3587 1254 3729 1309 παρ-

2141 1345 2457 1418 ειληςρέναι·
2518 1340 2638 1397 εἶτα
2679 1340 2973 1415 μετέπειτα
3022 1333 3424 1410 προϐαινόντων
3457 1331 3566 1386 τῶν
3600 1331 3728 1413 χρό-

2142 1458 2248 1494 νων
2280 1439 2433 1493 αὐτοὶ
2458 1435 2813 1510 ἐξευρηκέναι
2840 1432 2970 1489 ποτὲ
3004 1432 3100 1503 μὲν
3121 1428 3189 1483 τά
3216 1427 3404 1489 δασέα,
3432 1425 3560 1479 ποτὲ
3584 1424 3640 1479 δὲ
3660 1425 3727 1478 τὰ

2141 1532 2328 1587 διπλᾶ.
2355 1532 2624 1601 Ἐσχατον
2654 1528 2711 1581 δὲ
2742 1526 2960 1581 πάντων
2993 1519 3328 1592 Παλαμήδην
3363 1517 3498 1586 φασὶ
3520 1515 3589 1568 τά
3625 1531 3728 1586 μα-

2142 1623 2250 1695 κρά
2278 1633 2299 1663 ί
2324 1623 2532 1686 τούτοις
2578 1617 3043 1693 προστεθεικέναι.
3080 1611 3194 1684 Πρὸ
3232 1609 3326 1663 τοῦ
3372 1604 3467 1662 οὖν
3501 1606 3739 1677 Ἕλλησι.

446 1718 584 1774 alias
618 1718 915 1789 aspiratas,
945 1718 1082 1773 alias
1113 1719 1359 1789 duplices
1397 1718 1664 1773 inventas.
1699 1717 1980 1774 Postremo
2006 1734 2030 1773 a

2139 1715 2309 1768 ταῦτα
2340 1711 2615 1783 γενέσθαι,
2656 1711 2756 1764 οὐκ
2783 1705 2850 1780 ἦν
2888 1706 3159 1779 Ἀλήθεια,
3196 1702 3270 1758 Τὸ
3295 1703 3407 1775 γὰρ
3439 1701 3600 1771 σῶμα
3628 1700 3725 1759 αὑ-

440 1808 734 1866 Palamede
799 1810 1037 1881 majores
1097 1810 1405 1881 adjunctus.
1478 1810 1658 1877 Quare
1714 1812 2032 1883 priusquam

443 1900 651 1957 Graecis
675 1902 764 1955 illa
809 1903 1178 1968 traderentur,
1225 1918 1493 1973 nusquam
1536 1902 1750 1960 Veritas
1779 1920 1901 1960 esse
1939 1921 2035 1975 po-

444 1994 572 2049 tuit.
603 1992 818 2064 Corpus
852 1994 997 2049 enim
1035 1994 1231 2064 ipsius,
1260 2002 1319 2048 ut
1345 1995 1447 2059 ais,
1473 1994 1672 2063 Marce,
1698 1995 1903 2050 Cadmo
1928 2002 2032 2060 est,

444 2088 622 2158 iisque
644 2090 735 2155 qui
770 2089 920 2141 illum
953 2094 1372 2143 antecesserunt
1398 2089 1695 2162 recentius,
1714 2089 2036 2158 cietur-isque

442 2182 579 2233 aleo
595 2180 684 2247 qui
704 2179 969 2233 elementa
984 2181 1193 2249 reliqua
1210 2190 1552 2250 repererunt,
1570 2196 1633 2234 ac
1647 2188 1698 2235 te
1710 2182 1873 2234 etiam
1892 2181 2030 2250 ipso.

439 2268 604 2341 255
633 2269 713 2324 Tu
742 2273 886 2325 enim
910 2272 1061 2328 solus
1085 2287 1227 2335 eam,
1248 2288 1410 2341 quam
1442 2269 1739 2326 Veritatem
1769 2271 2030 2341 appellas,

443 2360 630 2414 nescio
681 2360 827 2430 quod
888 2362 943 2416 in
1005 2361 1366 2418 simulacrum
1423 2360 1732 2416 detraxisti.
1792 2358 2030 2430 Ecquem

378 2494 385 2501 .
442 2466 579 2531 vero,
616 2461 778 2523 putas
824 2462 974 2507 tuam
1024 2455 1174 2510 illam
1219 2469 1397 2524 usque
1441 2470 1505 2509 eo
1540 2454 1826 2524 loquacem
1869 2452 2032 2524 Sigen

441 2559 603 2612 posse
649 2547 942 2611 sustinere,
991 2562 1113 2617 quae
1157 2562 1281 2601 eum
1327 2547 1596 2609 nominet,
1629 2546 1722 2616 qui
1757 2546 2032 2601 nominari

440 2647 695 2706 nequeat,
726 2644 779 2691 et
810 2637 1247 2708 inexplicabilem
1304 2638 1559 2707 explicet,
1616 2644 1670 2692 et
1722 2637 1814 2707 qui
1868 2638 2032 2693 nullis

441 2728 689 2798 vestigiis
737 2727 1071 2797 deprehendi
1115 2736 1315 2799 potest,
1366 2729 1689 2800 investiget?
1715 2728 1853 2794 Quid
1887 2728 2030 2799 quod

439 2823 719 2892 aperuisse
752 2820 888 2897 dicit
918 2837 983 2876 os
1011 2821 1183 2888 illum,
1211 2837 1371 2891 quem
1400 2833 1457 2876 tu
1494 2822 1674 2877 omnis
1701 2829 1755 2877 et
1785 2823 2033 2893 corporis

436 2923 738 2985 expertem,
789 2921 844 2969 et
895 2913 1080 2985 ﬁgurae
1131 2914 1428 2985 praedicas;
1468 2930 1894 2986 sermonemque
1950 2915 2032 2970 sic

436 3013 700 3076 tanquam
750 3006 1113 3076 compositum
1162 3006 1456 3077 quodpiam
1507 3007 1710 3062 animal
1748 3007 2032 3063 edidisse?

2137 1805 2239 1875 τῆς
2283 1803 2426 1859 κατά
2476 1803 2557 1868 σὲ,
2597 1802 2815 1874 Μάρκε,
2863 1796 3318 1872 μεταγενέστερον
3365 1792 3464 1864 μὲν
3498 1791 3724 1861 Κάδμου

2137 1896 2233 1949 καὶ
2266 1895 2371 1949 τῶν
2404 1895 2509 1966 πρὸ
2536 1892 2722 1956 αὑτοῦ,
2754 1889 3210 1963 μεταγενέστερον
3242 1885 3299 1939 δὲ
3327 1883 3435 1938 τῶν
3465 1885 3535 1937 τὰ
3564 1881 3729 1936 λοιπά

2138 1987 2600 2061 προστεθεικότων
2625 1987 2882 2056 στοιχεῖα,
2910 1980 3370 2054 μεταγενέστερον
3402 1976 3460 2031 δὲ
3485 1978 3579 2030 καὶ
3604 1992 3726 2028 σαυ·

2136 2080 2251 2134 τοῦ.
2293 2082 2365 2134 Σὺ
2418 2078 2527 2153 γάρ
2582 2079 2742 2150 μόνον
2796 2075 3014 2129 εἴδωλον
3048 2074 3069 2105 ³
3107 2074 3423 2144 κατήγαγες
3474 2070 3573 2140 τὴν
3624 2070 3727 2122 dab

2138 2170 2232 2226 σοῦ
2285 2170 2586 2242 λεγομένην
2640 2169 2942 2241 Ἀλήθειαν.
2978 2166 3074 2229 Τίς
3113 2165 3157 2219 δ’
3187 2163 3438 2231 ἀνέξεταί
3491 2178 3585 2215 σου
3627 2161 3743 2232 τὴν,

2135 2265 2372 2320 τοσαῦτα
2408 2264 2753 2337 φλυαροῦσαν
2801 2261 2988 2332 Σιγὴν,
3018 2259 3052 2331 ἦ
3095 2259 3184 2313 τὸν
3216 2257 3582 2327 άνονόμαστον
3613 2255 3728 2306 ὀνο-

2140 2356 2323 2427 μάζει,
2350 2358 2446 2411 καὶ
2481 2357 2572 2410 τὸν
2609 2354 2848 2427 ἄρρητον
2878 2352 3172 2423 ἐξηγεῖται,
3196 2348 3293 2403 καὶ
3309 2348 3399 2402 τὸν
3430 2347 3730 2418 ἀνεξιχνία-

2138 2467 2262 2505 στον
2321 2450 2621 2522 ἐξιστορεῖ;
2680 2448 2790 2501 Καὶ
2853 2444 3129 2518 ¹Ιγνοιχέναι
3193 2443 3254 2496 τὸ
3317 2442 3494 2514 στόμα
3563 2439 3730 2510 φησὶν

2134 2546 2266 2598 αὐτὸ
2290 2544 2334 2609 ’⁵,
2378 2545 2438 2599 ὃν
2475 2543 2765 2614 ἀσώματον
2808 2540 2902 2595 καὶ
2941 2539 3177 2594 ἀνείδεον
3215 2538 3427 2606 λέγεις’
3462 2537 3559 2591 καὶ
3596 2551 3733 2606 προ.

2135 2638 2461 2706 ενέγκασθαι
2488 2636 2662 2705 λόγον,
2692 2634 2768 2701 ὡς
2804 2634 2863 2688 ἒν
2892 2651 2942 2686 τι
2972 2633 3080 2685 τῶν
3110 2631 3380 2686 συνθέτων
3419 2629 3606 2697 ζώων·
3642 2630 3753 2687 τάν.

2134 2747 2193 2783 τε
2223 2728 2393 2797 λόγον.
2417 2726 2581 2781 αὐτοῦ
2616 2727 2801 2797 ὅμοιον
2826 2725 2955 2779 ὄντα
2988 2723 3066 2797 τῷ
3093 2722 3441 2797 προῦαλόντι,
3475 2721 3572 2774 κοιλ⁵
3596 2738 3732 2790 μορ-

2136 2817 2243 2894 ςρὴν
2279 2821 2376 2875 τοῦ
2405 2822 2636 2893 ἀοράτου
2664 2820 2945 2890 γεγονότα,
2976 2820 3255 2890 στοιχείων
3283 2817 3381 2888 μὲν
3413 2812 3555 2869 εἶναι
3578 2816 3737 2887 τριάο

2136 2933 2323 2981 κοντα,
2357 2914 2638 2969 συλλαϐῶν
2672 2914 2728 2967 δὲ
2758 2914 3078 2985 τεσσάρωνς
3113 2912 3309 2964 Ἔσται
3335 2904 3426 2963 οὖν
3460 2909 3606 2963 κατὰ
3632 2907 3749 2977 τὴν,

2133 3009 2427 3080 ὁμοιότητα
2473 3006 2570 3062 τοῦ
2605 3008 2780 3076 Λόγου
2809 3009 2838 3061 ό
2868 3006 3060 3078 Πατὴρ
3104 3004 3213 3058 τῶν
3256 3003 3499 3064 πάντων,
3534 3002 3612 3065 ὡς
3666 3002 3733 3053 σὺ

437 3099 607 3166 Quem
636 3100 799 3155 etiam
837 3098 1157 3154 Sermonem
1194 3102 1337 3169 ejus,
1376 3114 1406 3153 a
1438 3115 1550 3170 quo
1583 3099 1886 3171 productus
1915 3108 2022 3167 est,

2138 3102 2263 3174 φῂς,
2302 3101 2582 3172 στοιχείων
2642 3100 2743 3171 μὲν
2796 3100 3129 3172 τριάκοντα,
3173 3095 3452 3150 συλλαϐῶν
3507 3093 3563 3147 δὲ
3614 3110 3747 3152 τεσο⁵

437 3193 691 3257 similem,
726 3192 1065 3265 efﬁgiemque
1102 3208 1205 3248 nec
1234 3193 1587 3262 aspectabilis
1626 3192 1879 3250 Parentis
1916 3195 2028 3249 ele-

2135 3196 2338 3267 σάρων.

438 3296 740 3341 mentorum
768 3286 1012 3356 triginta,
1041 3285 1371 3357 syllabarum
1398 3278 1633 3354 quatuor
1655 3299 1779 3339 esse
1803 3283 2012 3340 docuit.
2055 3284 2422 3352 Quamobrem
2452 3283 2834 3341 universorum
2873 3297 3071 3353 parens
3099 3281 3209 3344 ille,
3238 3275 3467 3353 perinde
3501 3292 3566 3332 ac
3603 3274 3751 3331 Sero-

437 3391 549 3438 mo.
581 3385 641 3430 ut
685 3378 910 3440 asseris,
960 3376 1189 3430 tricenis
1235 3375 1521 3430 elementis
1572 3388 1638 3428 ac
1677 3373 1901 3442 syllabis
1932 3385 2167 3445 quatuor
2190 3375 2487 3431 constabit.

508 3468 643 3534 Quis
694 3466 826 3520 illud
879 3483 1008 3523 vero
1058 3467 1331 3536 patienter
1390 3465 1560 3531 ferat,
1611 3466 1671 3520 in
1715 3466 1918 3537 ﬁguras
1966 3483 2032 3525 ac

440 3572 718 3621 numeros,
765 3558 900 3613 alias
941 3558 1187 3629 triginta,
1239 3558 1378 3613 alias
1426 3574 1589 3621 xxiv,
1636 3572 2032 3627 nonnunquam

438 3664 528 3713 vr,
574 3648 911 3704 conditorem
957 3649 1237 3717 omnium,
1287 3656 1341 3704 et
1383 3648 1645 3704 artiﬁcem
1738 3648 2033 3705 fabricato-

438 3756 663 3811 remque
697 3739 788 3796 Dei
844 3740 1164 3798 Sermonem
1200 3757 1232 3795 a
1278 3751 1331 3798 te
1360 3742 1662 3807 redactum,
1702 3751 1867 3813 atque
1887 3759 2036 3799 con-

434 3833 721 3899 strictum;
761 3832 892 3888 dum
935 3833 1081 3887 hunc
1128 3831 1181 3886 in
1223 3832 1461 3904 syllabas
1506 3849 1595 3898 tv,
1641 3834 1865 3903 triginta
1899 3849 2031 3889 vero

431 3927 700 3982 elementa
736 3926 1019 3983 concidis?
1047 3925 1151 3993 Qui
1191 3924 1482 3981 Dominum
1533 3928 1778 3982 omnium
1801 3967 1816 3993 ,
1852 3943 1884 3983 a
1918 3943 2029 3998 quo

432 4022 684 4077 cmlestes
732 4022 808 4076 illi
856 4020 1018 4075 orbes
1060 4018 1272 4075 fundati
1326 4027 1493 4083 sunt,
1545 4021 1599 4074 in
1645 4035 2028 4077 ncccuxxvnt

430 4128 720 4189 numerum
763 4112 1019 4178 includis,
1054 4112 1214 4183 quasi
1257 4112 1493 4168 similem
1539 4112 1814 4183 alphabeti
1856 4123 2021 4169 natu-

430 4220 548 4259 ram
577 4206 842 4260 obtineat.
875 4203 981 4272 Qui
1013 4220 1288 4261 summum
1317 4204 1628 4272 Parentem,
1661 4221 1691 4260 a
1725 4222 1835 4277 quo
1867 4223 2021 4263 com-

433 4297 850 4367 prehenduntur
895 4298 1078 4351 omnia
1122 4313 1248 4353 cum
1297 4312 1325 4351 a
1361 4297 1580 4353 nemine
1619 4297 1738 4367 ipse
1770 4313 2020 4369 compre-

2206 3469 2279 3522 Ἦ
2312 3468 2473 3522 πάλιν
2502 3470 2587 3534 τίς
2612 3468 2862 3535 ἀνέξεταί
2925 3485 3016 3522 σου
3051 3467 3132 3531 εἰς
3172 3465 3429 3538 σχήματα
3464 3480 3562 3527 και
3601 3464 3726 3534 ἀρι-

2136 3561 2336 3632 θμοὺς,
2370 3562 2502 3616 ποτὲ
2550 3563 2649 3634 μὲν
2680 3563 2992 3636 τριάκοντα,
3035 3560 3167 3614 ποτὲ
3187 3559 3245 3614 δὲ
3283 3560 3737 3627 εἰκοσιτέσσαρα,

2133 3653 2264 3706 ποτὲ
2292 3653 2347 3708 δὲ
2386 3653 2446 3721 ἒξ
2480 3653 2641 3726 μόνον
2694 3654 3066 3724 συγκλείοντας
3101 3653 3194 3707 τὸν
3219 3651 3326 3706 τῶν
3368 3650 3590 3704 πάντων
3623 3649 3736 3703 κτε-

2136 3761 2288 3816 στην,
2322 3745 2419 3798 καὶ
2455 3744 2812 3819 δημιουργὸν,
2852 3742 2946 3801 καὶ
2975 3744 3205 3817 ποιητὴν
3244 3743 3419 3814 Λόγον
3446 3743 3544 3796 τοῦ
3569 3742 3732 3806 Θεοῦ,

2134 3837 2703 3909 κατακερματίζοντος
2724 3839 2887 3893 αὑτὸν
2909 3840 2990 3903 εἰς
3014 3834 3286 3901 συλλαϐάς
3308 3836 3407 3908 μὲν
3428 3835 3733 3907 τέσσαρας,

2133 3932 2378 3999 στοιχεῖα
2413 3930 2471 3985 δὲ
2506 3930 2823 4003 τριάκοντα,
2865 3932 2960 3985 καὶ
3003 3930 3095 3984 τὸν
3135 3930 3353 3985 πάντων
3395 3928 3608 4000 Κύριον
3640 3927 3734 3982 τὸν

2130 4020 2503 4093 ἑστερεωκότα
2542 4023 2672 4087 τοὺς
2726 4024 2990 4096 οὐρανοὺς
3043 4025 3124 4088 εἰς
3154 4024 3196 4076 Ω
3230 4023 3276 4076 Π
3308 4020 3371 4075 H’
3392 4022 3733 4090 κατάγοντος

2128 4112 2384 4185 ἀριθμὸν,
2428 4114 2629 4185 ὁμοίως
2679 4114 2756 4186 τῷ
2822 4113 3119 4188 ἀλφαϐήτῳ
3170 4114 3332 4169 αὑτὸν
3392 4115 3659 4184 γεγονότα
3685 4116 3733 4179 ⁵,

2134 4205 2313 4259 πάντα
2338 4205 2619 4277 χωροῦντα
2649 4208 2888 4280 Πατέρα,
2918 4207 3204 4281 άχὼρητον
3225 4208 3283 4261 δὲ
3305 4208 3626 4280 ὑπάρχοντα
3647 4210 3735 4273 εἰς

2127 4298 2386 4370 τετράδα,
2418 4300 2512 4353 καὶ
2532 4300 2780 4369 ὀγδοάδα,
2806 4300 2900 4354 καὶ
2927 4300 3148 4365 δεκάδα,
3174 4302 3266 4355 καὶ
3292 4301 3573 4356 δωδεκάδα
3595 4303 3743 4356 ὑποον

433 4364 724 4453 bendatur,
772 4389 827 4442 in
863 4389 1149 4454 tetradem,
1183 4391 1508 4461 ogdoadem.
1553 4364 1812 4446 decadem
1852 4364 2021 4447 dede-

2138 4391 2485 4464 μερίζοντος;
2517 4394 2629 4448 Καὶ
2661 4393 2749 4447 διὰ
2781 4394 2887 4449 τῶν
2927 4395 3183 4450 τοιούτων
3218 4396 3730 4468 πολυπλασιασμῶν

428 4480 729 4551 eademque
761 4480 1078 4551 distinguis.
1112 4481 1327 4551 Quique
1365 4482 1467 4537 hac
1509 4481 1911 4552 utitltiplicandi
1952 4483 2019 4537 li-

428 4570 609 4625 centia
643 4571 748 4626 hoc
778 4571 981 4641 ipsum,
1017 4572 1165 4640 quod
1201 4573 1258 4626 in
1286 4571 1448 4629 Patre
1474 4588 1578 4628 nec
1606 4576 1872 4645 explicari
1898 4593 2019 4633 ver-

430 4660 535 4727 bis,
572 4678 673 4717 nec
715 4664 901 4717 animo
950 4663 1162 4733 concipi
1218 4679 1380 4733 posse
1430 4667 1714 4736 praedicas,
1769 4668 2017 4725 oratione

430 4752 715 4819 declaras;
747 4760 803 4808 et
837 4769 1000 4825 quem
1033 4757 1281 4826 corporis
1308 4766 1627 4830 naturaque
1662 4759 1800 4816 facis
1827 4776 2020 4831 exper-

429 4851 575 4910 tem,
614 4845 734 4917 ejus
772 4854 827 4902 et
870 4853 1125 4901 naturam
1160 4856 1213 4903 et
1257 4850 1623 4906 substantiam
1657 4854 1907 4923 pluribus
1950 4870 2017 4909 ex

429 4936 607 5001 lineis.
642 4953 875 5010 quarum
924 4940 1045 4995 aliae
1080 4956 1148 4997 ex
1201 4942 1324 4998 aliis
1362 4944 1679 5015 gignantur.
1730 4961 2018 5019 coagmen-

430 5032 533 5087 tari
578 5031 826 5102 disputas
862 5054 876 5090 :
911 5034 965 5089 in
997 5050 1107 5106 quo
1158 5051 1427 5107 supremae
1470 5038 1703 5094 virtutis
1736 5040 1884 5095 illius
1915 5040 2016 5096 fal-

428 5123 707 5179 sissimum
750 5134 805 5182 te
848 5126 1124 5183 Daedalum
1179 5144 1244 5185 ac
1290 5130 1593 5200 pessimum
1628 5132 2015 5189 fabricatorem

427 5229 551 5271 esse
576 5228 997 5276 commonstras.
1021 5221 1122 5289 Qui
1138 5223 1383 5280 eamdem
1402 5226 1674 5291 virtutem,
1696 5241 1860 5298 quam
1875 5227 2015 5283 indi-

2128 4484 2188 4537 τὺ
2216 4484 2457 4557 ἄρρητον
2490 4486 2584 4540 καὶ
2628 4488 2967 4559 ἀνεννόητον,
2993 4487 3068 4551 ὡς
3102 4490 3165 4543 σὺ
3196 4488 3321 4561 φῂς,
3366 4486 3462 4540 τοῦ
3510 4488 3730 4560 Πατρὶς

2128 4578 2573 4651 ὲκδιηγουμένου,
2606 4580 2699 4635 καὶ
2729 4580 2788 4634 ὃν
2811 4581 3102 4652 ἀσώματον
3131 4582 3226 4635 καὶ
3250 4580 3504 4637 άνούσιον
3525 4583 3747 4652 ὀνομάο-

2128 4672 2262 4738 (sic,
2288 4672 2389 4742 τὴν
2415 4671 2606 4727 τούτου
2633 4673 2819 4727 οὐσίαν
2844 4676 2944 4728 καὶ
2973 4675 3073 4746 τὴν
3098 4675 3399 4729 ὑπόστασιν
3421 4675 3487 4728 ὲκ
3512 4674 3731 4728 πολλῶν

2128 4765 2475 4837 γραμμάτων
2514 4766 2717 4839 ἐτέρων
2766 4765 2827 4832 ἐξ
2883 4768 3087 4840 ἐτέρων
3138 4768 3506 4838 γεννωμένων
3554 4784 3729 4822 κατα-

2129 4855 2433 4922 σκευάζεις,
2466 4858 2640 4933 αὐτὸς.
2660 4859 2918 4923 Δαίδαλος
2935 4859 3159 4932 ψευδὴς,
3194 4862 3288 4914 καὶ
3315 4859 3528 4914 τέκτων
3556 4861 3730 4924 κακὸς

2126 4949 2416 5019 γενόμενος
2460 4952 2559 5023 τῆς
2597 4953 3122 5025 προπανυπερτάτου
3171 4952 3476 5023 δυνάμεως,
3519 4954 3617 5007 καὶ
3657 4953 3739 5022 ἣν

2126 5042 2419 5115 ἀμέριστον
2465 5044 2571 5116 φῂς
2604 5040 2746 5098 εἶναι
2794 5048 2876 5109 εἰς
2909 5044 3180 5115 ἀφώνους,
3229 5046 3321 5099 καὶ
3377 5047 3727 5116 φωνήεντας,

2125 5134 2220 5189 καὶ
2254 5135 2564 5208 ήμιφώνους
2604 5135 2877 5208 φθόγγους
2911 5137 3262 5210 ὑπομερίζων
3290 5137 3352 5192 τὺ
3376 5139 3594 5207 ἄφωνον
3625 5141 3730 5193 αὐ-

2124 5228 2234 5281 τῶν
2261 5228 2341 5301 τῷ
2372 5228 2481 5282 τῶν
2515 5230 2733 5285 πάντων
2766 5231 2964 5303 Πατρὶ,
2993 5230 3085 5284 γνιὶ
3109 5233 3175 5302 τῇ
3206 5230 3301 5285 τοῦ
3337 5231 3465 5285 rio-3
3494 5232 3515 5262 ⁸
3544 5232 3732 5304 ἐννοίᾳ

501 5373 532 5458 ί,
554 5369 676 5461 For.
702 5375 1035 5465 έκφῴνησιν.
1109 5381 1131 5411 ¹
1161 5398 1248 5452 πρ.
1286 5383 1477 5465 μικρά.
1553 5385 1574 5417 ³
1587 5384 1742 5465 _lren:
1773 5386 1933 5457 μόνος
1999 5405 2024 5441 ε

2138 5389 2337 5446 ῐδωλον.
2404 5394 2425 5423 ⁸
2454 5390 2592 5446 lren.
2626 5390 2810 5445 αὐτόν.
2887 5391 2911 5423 ⁸
2940 5389 3082 5447 lren.
3106 5391 3406 5465 ἀλφαϐήτῳ
3433 5394 3730 5465 γεγονότα.

430 5443 544 5497 Καί
595 5444 759 5499 αὐτὸν
787 5443 879 5502 τὸν
917 5443 1092 5503 ῖπάντα
1122 5443 1257 5525 χίιῖρ.
1286 5443 1299 5455 ’
1335 5455 1356 5485 ⁸
1390 5443 1530 5511 lren.
1552 5459 1624 5515 τῆ
1651 5443 1860 5519 φύτόυ.

502 5597 626 5691 ρβ)
657 5602 918 5691 ,Νεωστξγ
945 5604 1093 5691 ἀγρὸς
1161 5605 1226 5691 τιὸ
1274 5607 1576 5691 ἀπαρχῆς,
1625 5606 1746 5665 \‘et.
1796 5611 2030 5691 iutcrprg

2138 5612 2303 5689 :gisse
2345 5613 2574 5669 videtur.
2611 5612 2688 5678 ὡς
2718 5613 2779 5668 τὸ
2812 5615 2935 5682 am,
2984 5616 3077 5673 sed
3120 5631 3189 5672 ne
3217 5617 3297 5673 sic
3326 5619 3550 5691 quidem
3586 5623 3732 5677 satis

426 5671 705 5743 explicata
773 5671 1078 5732 sententia
1122 5685 1244 5744 est,
1299 5671 1473 5747 quam
1504 5671 1792 5750 utcunque
1837 5671 2244 5754 perpolivimiis.
