3956 6070
440 237 542 290 607

1876 237 1932 293 S.
1978 234 2315 299 El‘lPllANll,

3609 227 3731 284 603‘

510 354 616 409 Sed
664 364 718 409 et
764 356 922 411 aliter
970 356 1081 413 ista
1129 357 1433 426 declarant,
1480 359 1628 429 quod
1678 375 1786 415 non
1825 359 2026 431 pigebit

2148 392 2153 398 -
2201 356 2646 428 Ούκόκνήσωδέ
2676 373 2756 409 σοι
2783 354 2876 410 καὶ
2914 353 3087 415 ἄλλως
3127 347 3502 420 ἐξηγουμένων
3534 348 3735 401 αύτῶνι

437 461 714 516 cxponere
734 489 748 512 ,
774 457 832 502 ut
856 449 1167 517 cujusmodi
1193 451 1264 505 sit
1293 452 1512 506 illorum
1547 452 1759 508 fructus
1787 467 1854 507 ex
1878 453 2026 506 onmi

441 546 597 608 parte
645 553 968 609 cognoscas.
1025 543 1241 597 Etenim
1273 542 1335 596 θ’
1363 546 1697 600 elementum
1740 560 1863 599 cum
1909 546 2027 616 epi-

443 644 616 695 semo,
672 632 1017 686 octonarium
1068 649 1193 689 esse
1239 638 1458 699 volunt,
1501 636 1645 707 quod
1697 646 1951 693 octavum
1997 653 2027 691 a

445 722 619 791 prima
672 723 851 778 littera
905 726 1086 794 locum
1150 727 1334 783 habet.
1387 728 1520 785 Inde
1575 730 1784 784 omisso
1833 744 2028 785 rursus

442 814 708 884 episemo,
755 828 801 870 et
849 804 1101 887 ipsorum
1137 820 1532 876 elementorum
1566 820 1727 892 247
1758 816 2029 877 subducto

446 923 676 963 numero
716 917 880 979 atque
919 912 1227 981 composito
1267 930 1440 983 usque
1485 914 1552 968 ad
1599 922 1743 979 octo,
1794 915 2031 970 tricena-

446 1000 586 1054 rium
614 1002 920 1072 perliciunt.
952 1001 1088 1056 Nam
1121 1005 1212 1073 qui
1238 1006 1307 1060 ab
1331 1007 1387 1058 A'
1420 1006 1669 1075 cmperit,
1692 1013 1746 1059 ct
1775 1006 1829 1059 in
1862 1006 1907 1058 Η
1934 1006 2030 1060 de:-

448 1094 624 1159 sierit,
654 1095 924 1149 elementa
961 1099 1327 1161 numerando,
1361 1098 1577 1168 dempta
1607 1106 1787 1153 tamen
1825 1097 2027 1154 senarii

447 1190 601 1245 nota,
637 1198 701 1238 ac
732 1184 1039 1241 litterarum
1070 1188 1124 1241 in
1155 1205 1323 1243 unum
1362 1190 1750 1260 progressione
1770 1189 2025 1256 conﬂata,

446 1273 673 1344 triginta
718 1278 971 1347 reperiet.
1004 1277 1278 1345 Quoniam
1312 1280 1380 1334 ad
1411 1282 1462 1333 E'
1500 1296 1679 1351 usque
1706 1299 1776 1337 xv
1805 1298 2031 1339 consur-

448 1373 604 1432 gunt.
629 1366 725 1421 His
756 1368 1015 1437 adjuncta
1041 1386 1135 1429 vn.
1170 1387 1279 1426 χχιι
1312 1370 1542 1428 faciunt.
1575 1370 1784 1439 Quibus
1810 1375 1893 1438 H',
1926 1374 2030 1428 hoc

448 1459 534 1507 est
559 1466 702 1517 octo,
725 1457 770 1510 si
803 1460 1161 1526 accesserint,
1191 1460 1566 1518 admirabilem
1598 1462 1750 1516 illum
1791 1464 2029 1524 tricena-

451 1547 588 1600 rium
644 1550 964 1619 implebunt.
1025 1552 1163 1609 Hinc
1214 1554 1453 1609 ΑΞοιιιιιιι
1516 1556 1738 1625 triginta
1801 1564 2027 1612 matrem

447 1637 759 1708 Ogdoadrm
794 1645 1158 1699 constituunt.
1189 1645 1256 1699 Et
1289 1648 1546 1717 quoniam
1596 1648 1773 1703 tribus
1801 1647 2025 1703 Virtuti—

448 1730 551 1784 bus
603 1733 932 1789 tricenarius
981 1738 1353 1806 componitur,
1419 1747 1502 1792 ter
1544 1738 1598 1791 in
1659 1754 1781 1794 sese
1829 1739 2028 1797 ductus

447 1820 745 1893 nonaginta
769 1824 1043 1894 producit.
1066 1827 1175 1880 Ter
1204 1829 1349 1882 enim
1377 1828 1600 1898 triginta
1632 1830 1699 1885 ad
1731 1831 2028 1903 nonaginta

446 1913 790 1980 perveniunt.
835 1912 937 1970 Sed
968 1924 1023 1970 et
1060 1917 1334 1972 ternarias
1380 1933 1600 1989 quoque
1628 1920 1828 1976 duCtus
1868 1922 1923 1976 in
1970 1937 2030 1978 se

446 2019 639 2059 novem
684 2006 864 2061 cilicit.
910 2006 1001 2063 Sic
1030 2007 1246 2078 Ogdoas
1295 2025 1416 2065 xCIx
1459 2027 1750 2068 numerum
1796 2015 1937 2084 apud
1974 2015 2032 2070 iL

444 2092 528 2146 los
583 2094 811 2163 peperit.
859 2094 1107 2167 Cumque
1161 2097 1523 2157 duodecimus
1561 2100 1709 2159 Ᾰίοιι
1770 2104 2030 2161 deficiens

446 2199 667 2239 sursum
712 2202 765 2240 χι
801 2188 1105 2258 reliquerit,
1157 2191 1209 2244 in
1244 2192 1441 2261 Λόγου,
1494 2193 1599 2250 hoc
1631 2205 1715 2252 est
1744 2195 1928 2263 Verbi,
1964 2200 2030 2254 ﬁ-

442 2291 578 2344 gura
627 2287 1055 2334 conscntancam
1098 2282 1403 2338 litterarum
1457 2282 1691 2341 formam
1728 2288 2029 2345 adhibitam

445 2375 659 2437 putant.
700 2354 909 2425 Etenim
947 2372 1238 2429 undecima
1274 2377 1468 2434 ordine
1493 2380 1800 2435 litterarum
1844 2389 1928 2438 est
1961 2384 2027 2448 A,

444 2461 537 2526 qui
586 2463 914 2519 tricenarius
960 2475 1043 2521 est
1074 2483 1358 2535 numerus,
1394 2480 1448 2525 et
1491 2472 1560 2527 ad
1596 2476 1876 2545 exemplar
1917 2491 2033 2532 cm-

451 2552 601 2605 lestis
638 2554 995 2622 providentia:
1040 2559 1239 2628 posita.
1279 2559 1735 2634 Quandoquidem
1777 2567 1821 2621 si
1871 2574 1941 2623 ab
1971 2568 2030 2621 A'

445 2645 509 2698 ad
537 2642 594 2697 A’
628 2662 822 2716 usque,
857 2649 1079 2720 dempto
1117 2659 1297 2706 tamen
1342 2656 1608 2724 episemo,
1641 2659 1905 2713 continua
1944 2661 2032 2714 lit-

446 2747 682 2793 terarum
717 2741 996 2796 additione
1028 2759 1318 2798 numerum
1354 2761 1545 2801 earum
1590 2748 1838 2819 colligas,
1882 2766 2032 2805 com-

447 2825 718 2892 prehenso
750 2830 913 2884 simul
942 2831 988 2883 Λ
1019 2833 1316 2904 nonaginta
1356 2850 1549 2891 novem
1589 2837 1883 2907 prodeunt.
1913 2842 2030 2897 Ca:-

444 2924 621 2970 tcrum
661 2921 705 2971 Λ
764 2920 941 2989 ipsum
983 2923 1129 2992 quod
1179 2925 1373 2982 ordine
1414 2936 1499 2985 est
1540 2929 1913 2999 undecimum,
1963 2936 2029 2989 ad

2130 451 2482 519 ἀπαγγεῖλαι,
2520 433 2617 502 ἵνα
2635 446 2974 518 πανταχόθεν
3009 443 3352 513 κατανοήσῃς
3375 440 3467 493 τὸν
3499 440 3718 509 καρπὸν

2130 542 2329 596 αὐτῶν.
2372 541 2444 594 Τὸ
2474 541 2582 613 γὰρ
2613 542 2874 611 στοιχεῖον
2903 538 2963 591 τὸ
2993 538 3038 590 Η
3071 535 3179 605 (50)
3215 536 3311 587 σὺν
3355 533 3452 603 μὲν
3481 532 3561 602 τῷ
3594 533 3718 585 ἐπι-

2131 636 2290 704 σήμῳ
2313 632 2540 701 ὀγδοάδα
2572 627 2709 685 εἶναι
2737 629 2982 682 θέλουσιν
3015 627 3123 679 ἀπὸ
3158 625 3246 678 τοῦ
3277 622 3495 698 πρώτου
3526 622 3715 690 ὀγδόου

2131 725 2382 794 κείμενον
2408 722 2573 776 τόπου
2599 724 2637 776 ¹.
2672 718 2807 775 Εἶτα
2834 719 2997 773 πάλιν
3030 717 3165 771 ἄνευ
3194 715 3288 769 τοῦ
3314 715 3587 785 ἐπισήμου
3615 710 3721 781 ψη.

2131 817 2379 887 φίζοντες
2410 818 2501 871 τὸν
2536 814 2769 886 ἀριθμὸν
2799 811 2979 866 αὐτῶν
3005 810 3113 864 τῶν
3141 808 3443 878 στοιχείων,
3480 805 3575 858 καὶ
3601 805 3715 856 tm-

2132 907 2414 966 συνθέντες
2436 907 2595 978 μέχρι
2617 905 2709 959 τού
2737 905 2819 963 H'.
2843 903 2940 974 τὴν
2961 900 3324 974 τριακοντάδα
3346 894 3718 951 ἐπιδεικνύου-

2132 1017 2235 1054 σιν.
2268 999 2598 1072 Ἀρξάμενος
2616 1000 2725 1070 γὰρ
2749 995 2857 1050 ἀπὸ
2877 994 2972 1047 τοῦ
2999 994 3199 1062 Ἄλφα,
3229 990 3324 1043 καὶ
3342 987 3716 1052 τελευτῶν,εἱς

2128 1092 2191 1144 τὸ
2217 1092 2284 1155 Η,
2325 1091 2403 1162 τῷ
2444 1088 2665 1162 ἀριθμῷ
2694 1088 2803 1141 τῶν
2834 1084 3133 1157 στοιχείων,
3165 1079 3633 1152 ὑπεξαιρούμενος
3659 1078 3717 1130 δὲ

2130 1184 2191 1236 τὸ
2230 1182 2522 1253 ἐπίσημον,
2569 1183 2664 1236 καὶ
2714 1178 3081 1240 ὲπισυντιθεὶς
3125 1174 3225 1246 τὴν
3268 1170 3568 1241 ἐπαύξησιν
3608 1168 3717 1222 τῶν

2133 1253 2495 1347 γραμμάτων,
2552 1272 2776 1343 εὑρήσει
2825 1269 2917 1323 τὸν
2963 1268 3072 1321 τῶν
3114 1265 3413 1339 τριάκοντα
3460 1261 3714 1333 ἀριθμόν.

2131 1365 2309 1437 Μέχρι
2336 1364 2446 1436 γὰρ
2475 1365 2566 1417 τοῦ
2593 1363 2650 1416 θ’
2673 1365 2692 1393 ²
2721 1361 2985 1432 στοιχείου
3019 1357 3408 1412 πεντεκαίδεκα
3451 1353 3713 1423 γίνονται.

2136 1458 2367 1510 Ἔπειτα
2405 1454 2725 1528 προστεθεὶς
2760 1454 2943 1516 αὐτοῖς
2976 1454 3004 1505 ὁ
3036 1451 3144 1504 τῶν
3173 1450 3316 1503 ἑπτὰ
3365 1445 3622 1518 ἀριθμὸς,
3662 1444 3719 1495 B‘

2134 1552 2229 1604 καὶ
2251 1551 2313 1603 K'
2349 1548 2662 1603 ἀπετέλεσε.
2709 1542 3028 1618 Προσελθὼν
3058 1540 3268 1603 τούτοις
3297 1539 3358 1593 τὸ
3380 1540 3470 1601 11',
3503 1538 3532 1590 ὅ
3570 1539 3716 1589 ἐστιν

2132 1640 2297 1703 ὀκτὼ,
2329 1641 2427 1712 τὴν
2461 1639 2921 1710 θαυμασιωτάτην
2945 1634 3306 1709 τριακοντάδα
3336 1631 3713 1702 ἀνεπλήρωσε.

2132 1733 2239 1787 Καὶ
2270 1730 2525 1786 ἐντεῦθεν
2553 1729 2967 1785 ἀποδεικνύουσι
2998 1727 3095 1799 τὴν
3120 1725 3349 1796 ὀγδοάδα
3375 1722 3587 1794 μητέρα
3608 1720 3718 1773 τῶν

2129 1825 2422 1896 τριάκοντα
2448 1820 2681 1877 αἰώνων.
2716 1820 2868 1874 Ἐπεὶ
2890 1815 2982 1874 οὖν
3009 1820 3066 1871 ὲν
3086 1817 3378 1889 τριάκοντα
3392 1814 3412 1844 ³
3433 1812 3719 1881 δυνάμεων

2131 1912 2337 1982 ἥνωται
2358 1913 2386 1963 ὁ
2409 1911 2516 1964 τῶν
2545 1909 2602 1964 Λ⁸
2631 1909 2882 1982 ἀριθμὸς,
2911 1909 3063 1980 τρεῖς
3083 1907 3100 1938 ⁸
3129 1905 3293 1969 αὐτὸς
3317 1902 3629 1973 γενόμενος,
3650 1900 3719 1959 τὰ

2134 2004 2450 2074 ἐνενήκοντα
2477 2003 2719 2074 ἐποίησε.
2746 2003 2907 2073 Τρεῖς
2928 2001 2998 2070 γὰ
3007 2017 3037 2071 ρ
3060 1998 3351 2072 τριάκοντα
3372 1996 3715 2065 ἐνενήκοντα.

2132 2095 2243 2148 Καὶ
2271 2094 2409 2168 αὐτὴ
2436 2095 2493 2149 δὲ
2527 2097 2559 2166 ἠ
2588 2095 2768 2167 τριὰς,
2804 2095 2887 2163 ἐφ’
2931 2091 3135 2162 ἑαυτῆς
3181 2088 3522 2150 συντεθεῖσα,
3563 2085 3720 2148 ἐννέα

2133 2187 2445 2258 ἐγέννησεν.
2477 2186 2633 2240 Οὕτω
2660 2186 2716 2239 δὲ
2755 2187 2788 2257 ἡ
2835 2185 3027 2255 ὀγδοὰς
3053 2184 3152 2254 τῆς
3195 2183 3304 2235 τῶν
3341 2179 3541 2233 ὲννέα⁸
3586 2176 3720 2251 mp?

2132 2281 2316 2343 αὐτοῖς
2363 2278 2677 2349 ἀπεκύησεν
2721 2277 2974 2352 ἀριθμόν.
3022 2276 3131 2330 Καὶ
3178 2273 3301 2335 ἐπεὶ
3344 2275 3373 2326 ὁ
3418 2271 3722 2337 δωδέκατος

2132 2369 2278 2426 Λίὼν
2311 2371 2556 2434 ἀποστὰς
2585 2368 2872 2439 κατέλειψε
2901 2368 3026 2432 τοὺς
3055 2366 3167 2421 ἄνω
3202 2366 3223 2397 ⁸
3259 2362 3475 2426 ἕνδεκα,
3516 2364 3722 2417 uti)...

2132 2464 2294 2536 ληλον
2322 2464 2540 2533 λέγουσι
2565 2463 2654 2516 τὸν
2676 2461 2846 2516 τύπον
2874 2460 2983 2515 τῶν
3007 2458 3354 2531 γραμμάτων
3375 2457 3453 2529 τῷ
3479 2458 3724 2529 σχήματι

2133 2555 2227 2609 τοῦ
2260 2557 2436 2626 Λόγου
2476 2555 2709 2611 κεῖσθαι.
2757 2554 3070 2609 Ἐνδέκατον
3101 2552 3213 2625 γὰρ
3243 2550 3353 2604 τῶν
3377 2550 3726 2620 γραμμάτων

2134 2650 2311 2702 κεῖται
2345 2648 2407 2700 τὸ
2433 2649 2512 2713 A',
2539 2648 2567 2700 ὃ
2590 2648 2735 2700 ἐστιν
2763 2645 2995 2718 ἀριθμὸς
3025 2644 3134 2696 τῶν
3159 2642 3238 2704 A’,
3268 2643 3363 2695 καὶ
3392 2642 3514 2695 κατ’
3538 2641 3728 2695 εἰκόνα

2134 2740 2368 2799 κεῖσθαι.
2401 2742 2499 2811 τῆς
2517 2739 2629 2793 ἄνω
2653 2738 2986 2808 οἰκονομίας.
3033 2735 3251 2807 Ἐπειδὴ
3286 2734 3395 2789 ἀπὸ
3419 2733 3515 2787 τοῦ
3547 2732 3729 2799 Ἄλφα

2134 2830 2304 2902 χωρὶς
2326 2828 2419 2883 τοῦ
2440 2830 2713 2900 ἐπισήμου
2741 2828 2919 2883 αὐτῶν
2942 2827 3048 2882 τῶν
3062 2825 3416 2909 γραμμάτων
3434 2827 3463 2878 ὁ
3488 2824 3729 2896 ἀριθμὸς

2133 2923 2239 2984 ἓως
2268 2921 2361 2976 τοῦ
2405 2920 2463 2975 Λ¹
2496 2920 2878 2990 συντιθέμενος
2917 2918 3060 2974 κατὰ
3096 2917 3193 2990 τὴν
3227 2915 3580 2989 παραύξησιν
3617 2914 3730 2975 τῶν

447 3010 804 3077 quaerendum
830 3012 917 3067 sui
948 3014 1128 3070 simile
1149 3016 1521 3085 descendisse,
1554 3032 1613 3077 ut
1643 3024 2028 3081 duodecimum

2136 3014 2481 3087 γραμμάτων
2513 3014 2609 3068 σὺν
2636 3011 2786 3082 αύτῷ
2807 3012 2885 3082 τῷ
2907 3012 2964 3065 A’
2984 3011 3075 3065 τὸν
3104 3010 3212 3064 τῶν
3241 3009 3731 3081 ἐνενηκονταεννέα

445 3099 694 3168 impleret
723 3119 735 3155 :
769 3101 933 3172 idque
971 3119 1037 3159 eo
1069 3114 1287 3177 reperto
1322 3122 1681 3169 consecutum
1716 3131 1860 3180 esse,
1891 3118 2028 3172 satis

444 3189 616 3259 ipsam
662 3193 919 3249 elementi
944 3196 1170 3267 llguram
1208 3214 1461 3271 arguere.
1500 3202 1712 3276 Quippe
1745 3209 1791 3261 A
1827 3209 1895 3263 ad
1940 3211 2028 3265 sui

443 3282 643 3337 similis
674 3283 1085 3355 inquisitionem
1115 3284 1434 3356 adveniens,
1465 3311 1587 3350 cum
1621 3298 1754 3353 illud
1788 3301 2028 3358 invenis.

443 3381 547 3436 set,
578 3385 631 3427 et
658 3375 725 3429 ad
757 3393 879 3433 sese
920 3380 1217 3450 rapuisset,
1248 3383 1560 3441 duodecimi
1606 3388 1788 3444 locum
1835 3392 2029 3463 imple-

444 3467 542 3519 vit.
577 3465 733 3523 Unde
772 3478 825 3524 et
857 3470 907 3523 M
954 3482 1211 3528 asserunt
1249 3489 1312 3529 ex
1345 3476 1551 3547 duplici
1585 3481 1680 3535 AA
1724 3497 1849 3549 esse
1895 3500 2029 3541 con-

444 3564 673 3610 textum.
718 3557 1122 3631 Preptereaque
1172 3565 1471 3635 nonaginta
1520 3582 1717 3624 novem
1750 3571 2025 3642 regionem

446 3649 595 3716 ipsos
621 3650 930 3718 cognitione
968 3650 1174 3724 fugere,
1211 3654 1484 3712 deiectum
1526 3658 1759 3728 scilicet,
1792 3676 1856 3717 ac
1886 3662 2025 3717 sini—

446 3747 573 3794 strae
603 3757 797 3799 manus
832 3743 1095 3813 ﬁguram:
1131 3762 1311 3802 unum
1344 3764 1474 3805 vero
1511 3754 1845 3819 consectari,
1879 3755 2024 3825 quod

445 3834 511 3886 :ul
541 3848 663 3889 xmx
701 3836 944 3891 additum
986 3838 1234 3895 dextram
1269 3841 1417 3911 ipsos
1443 3842 1510 3898 ad
1533 3859 1754 3901 manum
1783 3854 2028 3903 transtu-

447 3928 588 3983 let'it.

520 4194 653 4250 Xlll.
695 4196 828 4251 Cum
884 4208 941 4254 tu
979 4200 1105 4267 ista,
1162 4202 1523 4263 cbarissime!
1559 4223 1869 4278 percurres,
1914 4227 2024 4269 non

2135 3110 2370 3160 ποιεῖται
2404 3105 2658 3178 ἀριθμόν.
2691 3106 2814 3159 ’Ότι
2842 3105 2899 3158 δὲ
2919 3105 2981 3158 τὸ
3003 3107 3067 3159 A'
3088 3104 3373 3158 ἑνδέκατον
3402 3102 3462 3157 ὃν
3484 3105 3551 3174 τῇ
3574 3102 3729 3170 τάξει

2133 3200 2228 3253 ἐπὶ
2254 3199 2352 3271 τὴν
2382 3198 2475 3253 τοῦ
2506 3199 2695 3269 ὁμοίου
2732 3196 2898 3252 αὐτοῦ
2929 3196 3166 3267 κατῆλθε
3194 3195 3448 3269 ζήτησιν,
3479 3196 3569 3250 ἵνα
3597 3198 3730 3253 ἁνα-

2140 3289 2399 3362 πληρώσῃ
2433 3290 2525 3343 τὸν
2557 3290 2859 3344 δωδέκατον
2901 3289 3154 3361 ἀριθμὸν,
3198 3288 3294 3342 καὶ
3330 3288 3492 3360 εύρὸν
3539 3287 3728 3348 αὑτὸν,

2134 3382 2449 3454 ἐπληρώθη,
2482 3384 2714 3455 φανερὸν
2743 3379 2883 3437 εἶναι
2914 3382 2973 3449 ἐξ
2999 3382 3165 3436 αὑτοῦ
3189 3382 3286 3435 τοῦ
3322 3383 3608 3453 σχήματος
3629 3383 3727 3436 τοῦ

2137 3476 2422 3545 στοιχείου.
2456 3476 2527 3528 Τὸ
2551 3476 2658 3546 γὰρ
2684 3478 2742 3530 Λ¹
2765 3475 2955 3549 ὥσπερ
2983 3475 3076 3529 ἐπὶ
3102 3475 3200 3546 τὴν
3230 3474 3323 3528 τοῦ
3355 3473 3547 3546 ὁμοίου
3576 3475 3729 3545 αύτῴ

2138 3569 2366 3640 ζήτησιν
2413 3569 2881 3640 παραγενόμενον,
2928 3568 3022 3621 καὶ
3062 3566 3243 3638 εὑρὸν,
3291 3566 3388 3619 καὶ
3420 3568 3504 3631 εἰς
3531 3567 3730 3621 ἑαυτὴν

2135 3660 2390 3731 ἁρπάσαν
2415 3659 2597 3723 αὐτὸν,
2630 3659 2729 3730 τὴν
2765 3657 2860 3712 τοῦ
2896 3656 3202 3712 δωδεκάτου
3236 3656 3599 3729 ἀνεπλήρωσε
3620 3656 3730 3728 χώ-

2138 3769 2258 3824 ραν,
2286 3752 2378 3805 τοῦ
2403 3753 2469 3805 Μ’
2512 3751 2775 3822 στοιχείου
2801 3751 2865 3805 ὲκ
2887 3749 2981 3805 δύο
3003 3748 3060 3803 Λ’
3097 3749 3479 3821 συγκειμένου,
3515 3750 3611 3804 Διὸ
3634 3750 3731 3804 καὶ

2134 3844 2357 3913 φεύγειν
2387 3843 2553 3899 αὑτοῦ
2575 3846 2594 3875 ⁷
2618 3843 2706 3898 διὰ
2734 3844 2836 3914 τῆς
2854 3840 3108 3912 γνώσεως
3129 3841 3226 3913 τὴν
3249 3841 3360 3895 τῶν
3405 3842 3492 3911 ιιθο
3517 3842 3725 3915 χώραν.

2131 3936 2378 4007 τουτέστι
2412 3936 2473 3989 τὸ
2506 3934 2790 4007 ὑστέρημα
2819 3934 2930 4005 (3|)
2962 3934 3133 3991 τύπον
3174 3935 3475 4006 ἀριστερᾶς
3518 3938 3727 4006 χειρύςο

2138 4003 2573 4100 μεταὼθκεινδὲ
2595 4003 2656 4080 τδ
2783 4026 2813 4079 ὃ
2841 4003 3139 4098 προστεθὲν
3158 4003 3271 4090 rei;
3300 4003 3731 4096 ἐνενηκονταεν-

2133 4121 2249 4186 νέα,
2281 4123 2362 4185 εἰς
2393 4122 2489 4193 τὴν
2521 4119 2703 4187 δεξιὰν
2726 4119 2891 4174 αὑτοῦ
2912 4120 2935 4152 ⁸
2964 4122 3121 4191 χεῖρα
3148 4120 3474 4190 μετέστησε.

2207 4211 2307 4266 ll".
2350 4214 2423 4268 Σὺ
2463 4213 2562 4283 μὲν
2587 4212 2760 4267 ταῦτα
2790 4211 3158 4283 διερχόμενος,
3183 4211 3457 4282 ἀγαπητὲ,
3489 4208 3552 4267 εὖ
3586 4210 3727 4273 οῖδα,

445 4290 636 4343 dubito
677 4290 808 4360 quin
856 4292 1021 4349 hasce
1067 4297 1397 4354 vanissimas
1426 4300 1660 4372 ineptias
1697 4319 2027 4375 magnopere

2136 4305 2219 4359 ὅτι
2252 4304 2504 4374 γελάσεις
2552 4304 2721 4358 πολλὰ
2755 4304 2853 4375 τὴν
2894 4302 3152 4375 τοιαύτην
3190 4303 3371 4358 αὐτῶν
3408 4305 3730 4377 οἱησίσοςρον

519 4449 535 4478 ί
570 4447 706 4524 Iren.
741 4451 909 4524 ὀγδόῳ
934 4453 1099 4524 τόπῳ.
1187 4455 1209 4485 ²
1236 4454 1375 4511 lren.
1415 4456 1509 4511 τοῦ
1547 4459 1622 4512 E'.

1703 4460 1724 4491 ³
1762 4459 1903 4516 lren.
1941 4460 2128 4531 τριῶν.

2202 4462 2224 4493 ⁸
2256 4459 2392 4516 lren.
2428 4459 2567 4530 τρίς.
2663 4460 2684 4492 ⁸
2716 4457 2868 4530 Iren._
2902 4460 3223 4529 ἐνενήκοντα
3281 4460 3461 4517 ἐννέα.
3538 4462 3561 4493 ⁸
3584 4461 3726 4521 lren.

446 4518 558 4572 ἄνω
589 4520 733 4584 τούς.
763 4521 827 4575 Ει
856 4518 980 4577 mox
1040 4518 1395 4598 καταλλήλως
1414 4534 1471 4609 et
1500 4530 1559 4581 ὲν
1594 4529 1672 4601 τῷ
1708 4533 1881 4603 σχήμ.
1959 4518 2027 4585 ’Ἰ

2139 4574 2151 4588 .
2185 4530 2402 4595 αὐτούς.
2466 4518 2492 4563 ³
2527 4518 2677 4588 Ἰι-εῐι.
2709 4528 2927 4593 αὐτούς.

522 4700 631 4784 (50)
678 4701 747 4754 Τὸ
789 4702 899 4770 γὰρ
944 4703 1248 4784 στοιχεῑρν
1286 4704 1352 4784 τι)
1376 4704 1764 4784 lll._lns_i_g_nis,
1798 4708 1916 4784 hoc
1943 4718 2028 4766 est

448 4771 721 4839 ἐπίσημος
758 4788 1039 4848 numerus.
1067 4771 1150 4829 εει
1178 4772 1257 4838 ’νι,
1296 4778 1411 4831 sive
1452 4779 1543 4845 ς’.
1583 4771 1850 4848 Siciapnd
1874 4780 2022 4836 Hier.

448 4843 839 4915 cutntnent._ad
858 4845 998 4911 psal.
1039 4860 1244 4909 Lxxvn,
1280 4862 1439 4915 quem
1470 4843 1645 4903 locum
1678 4843 1883 4904 Fronto
1933 4852 2033 4904 Dn-

450 4926 596 4988 rfetts
627 4912 696 4964 ad
730 4911 875 4988 Iren.
909 4918 1105 4970 attulit.
1142 4911 1406 4988 Scriptum
1432 4929 1530 4981 est,
1574 4920 1772 4988 inqtnt,
1803 4921 1856 4973 in
1883 4920 2021 4974 Mat-

452 4980 637 5057 ιέιιιιοΑ,Δ
661 4993 708 5038 et
749 4982 986 5050 Joanne,
1030 4986 1167 5057 quod
1194 4980 1467 5045 Dominus
1514 4980 1691 5044 nostér
1717 4980 1850 5044 hera
1878 5003 2030 5046 sexta

451 5052 741 5133 cruciﬁxus
779 5057 867 5110 sit.
920 5052 1539 5133 Rursumscripmmest
1580 5061 1635 5113 in
1666 5059 1874 5122 Marco.
1904 5064 2028 5133 quia

454 5121 584 5197 liora
601 5120 774 5180 tertia
799 5130 1088 5197 cruciﬁxus
1116 5130 1204 5183 sit.
1239 5120 1353 5181 ll'oc
1376 5120 1581 5183 videtur
1610 5148 1722 5185 esse
1745 5120 2030 5195 diversum,

454 5194 540 5270 send
577 5207 689 5270 non_
725 5206 800 5250 est
836 5194 1120 5253 dive—rsum.
1162 5197 1338 5270 Error
1359 5200 1674 5268 scriptorum
1716 5202 1839 5270 fuit.
1885 5203 1950 5255 Et
1982 5194 2035 5257 in

457 5259 642 5339 {lurco
668 5264 798 5319 Itora
822 5281 969 5323 seua
998 5271 1119 5337 fuit.
1148 5268 1251 5323 Sed
1274 5271 1427 5323 multi
1464 5259 1749 5339 episcnmm
1793 5273 2037 5327 Cra’cum

457 5332 513 5396 CI
543 5332 1250 5411 putarerunt‘esse'I‘,_sicut
1290 5350 1338 5393 et
1364 5340 1435 5393 ibi
1467 5332 1617 5396 error
1663 5343 1763 5407 fuit
1807 5345 2039 5411 scripto-

456 5416 596 5467 rum,
621 5414 677 5457 ut
727 5421 820 5474 pro
847 5407 1055 5476 Asuph,
1094 5408 1298 5463 Isaiam
1331 5411 1632 5465 scriberent.
1664 5413 1783 5467 Jam
1820 5414 1862 5467 si
1898 5407 2040 5471 litte-

457 5487 549 5525 ras
569 5489 768 5554 pnines
806 5478 998 5554 ordine
1042 5494 1387 5554 percenseas,
1438 5497 1514 5536 cae
1548 5482 1615 5535 ad
1653 5485 1697 5536 Η
1721 5500 1895 5554 usque
1930 5500 2035 5539 xxx

455 5544 787 5623 conticiqgt,
834 5544 1071 5623 θεομυεᾲ
1103 5548 1353 5606 videlicet
1404 5569 1478 5616 ς,
1527 5568 1649 5623 qua:
1693 5561 1778 5609 est
1807 5544 2035 5608 'senarii

458 5623 588 5688 nota
622 5633 635 5667 :
668 5618 714 5671 Η
740 5631 904 5688 porro
934 5620 988 5674 in
1040 5619 1341 5675 litterarum
1384 5624 1524 5678 serie
1546 5618 1817 5678 'octavum
1856 5624 2034 5679 locum

458 5682 688 5754 obtinet,
724 5682 773 5745 si
820 5707 859 5755 ς
894 5688 1159 5763 adieceris
1180 5731 1194 5759 ,
1223 5690 1444 5763 dempto
1475 5708 1540 5749 eo
1572 5694 1885 5763 septimum.
1921 5694 2031 5751 Sed

2137 4721 2195 4766 ut
2223 4712 2289 4766 ad
2318 4712 2621 4780 cpisemum
2656 4708 2909 4771 redeam;
2943 4710 3161 4782 proprie
3197 4710 3472 4782 ἐπίσημον
3511 4708 3731 4778 insigne

2131 4792 2259 4846 est,
2306 4784 2421 4837 sive
2462 4791 2585 4834 ιοιίι
2618 4782 2821 4836 senarii
2858 4784 3107 4843 muneri,
3143 4781 3246 4833 hoc
3277 4780 3362 4834 est
3394 4780 3569 4851 ligura
3614 4784 3731 4851 ipsa

2134 4870 2201 4919 ς’
2255 4853 2321 4908 de
2371 4869 2479 4923 quo
2513 4851 2636 4923 vide
2669 4868 2791 4920 quae
2827 4850 3070 4921 Scaliger
3125 4851 3381 4904 observat
3430 4853 3485 4903 in
3532 4850 3731 4905 Euseb.

2131 4940 2185 4994 p.
2235 4924 2354 4978 105.
2392 4921 2473 4976 Ἀι
2522 4921 2761 4978 [renitens
2814 4923 3087 4994 ἐπίσημον
3136 4936 3429 4994 numerum
3490 4924 3733 4992 appellat

2130 4991 2349 5062 ipsum.
2403 4994 2551 5063 quod
2599 4995 2863 5062 episemon
2911 4991 3079 5047 vetus
3133 4992 3405 5060 interpres
3466 4994 3730 5074 reddidit.

2128 5063 2238 5119 Nos
2288 5067 2548 5135 insignem
2596 5066 3278 5143 nominare-possumus5
3335 5076 3464 5142 natu
3524 5064 3734 5134 insigne

2136 5144 2320 5189 nolam
2363 5133 2426 5190 ac
2474 5133 3015 5211 tiguranrsigniﬂcat
3042 5151 3059 5211 :_
3088 5133 3230 5186 unde
3263 5133 3500 5211 insignis
3536 5150 3734 5187 nume-

2137 5222 2261 5271 rus,
2312 5208 2402 5276 qui
2440 5205 2673 5275 insigni,
2714 5205 2815 5259 ltoc
2846 5212 2931 5259 est
2976 5205 3246 5274 episetnu,
3306 5205 3423 5255 sive
3462 5213 3591 5258 nota
3628 5220 3731 5258 cx—

2178 5277 2297 5330 tinii
2327 5277 2488 5331 solet.

2140 5293 2646 5415 pllglll)b?§:izécrn
2694 5343 2760 5397 τὸ
2805 5343 3143 5415 ῠσινέρηλιιᾳ,Δ
3184 5341 3310 5395 Haec
3358 5359 3424 5396 cx
3473 5341 3615 5415 Beda
3659 5341 3735 5415 De

2141 5412 2346 5486 loquela
2376 5433 2468 5487 per
2508 5425 2711 5491 gestum
2759 5415 3046 5482 intelliges.
3087 5412 3186 5491 Ubi
3216 5427 3431 5491 veteres
3462 5414 3621 5466 docet
3662 5413 3734 5466 ad

2141 5485 2264 5542 XCIX
2339 5485 2512 5556 usque
2572 5485 2810 5564 sinistra:
2879 5500 3074 5564 manus
3125 5485 3325 5564 digitis
3374 5498 3736 5564 numerasse;

2143 5567 2361 5612 centum
2388 5554 2515 5610 vero
2541 5554 2891 5624 reliquosque
2917 5554 3174 5624 deinceps
3207 5555 3561 5611 ccntcnarios
3603 5554 3739 5608 dex-

2141 5636 2224 5682 tra
2258 5633 2622 5697 computasse.
