3956 6070
258 267 379 321 ’609

819 317 822 319 .
877 261 1247 317 Αυνεῐιευε
1284 261 1628 319 HASRESES
1664 218 1793 320 ΜΘ.
1836 264 1876 320 1.
1919 263 2081 323 ΤΟΒΙ.
2125 265 2214 321 lll.
2256 298 2323 308 —
2363 266 2636 324 ILJERES.
2680 268 2918 325 XXXIV.

3427 274 3546 329 ’6ἷο

281 379 515 454 μωρίαν.
555 376 729 442 "Aiaci
756 375 813 428 δὲ
839 375 1065 440 πένθους
1093 378 1142 430 οἱ
1170 378 1504 452 τηλικαύτην
1531 379 1861 448 θεοσέϐειαν,

1966 383 2238 438 deridcas.
2288 381 2395 439 Sed
2461 383 2782 455 deplorandi
2831 386 3189 443 nihilominus
3241 397 3400 452 sunt,
3453 392 3545 459 qui

276 473 371 526 καὶ
397 470 462 523 τὸ
492 467 723 539 μέγεθος
755 467 856 539 τῆς
884 470 1125 542 ἀρρήτου
1153 469 1454 541 δυνάμεως,
1489 472 1584 539 καὶ
1614 473 1713 538 τὰς
1740 491 1865 528 τοσ-

276 563 449 627 αύτας
496 559 808 631 οἰκονομίας
841 560 934 613 τοῦ
974 559 1131 624 Θεοῦ,
1170 561 1260 615 διὰ
1288 563 1384 616 τοῦ
1412 563 1612 633 Ἀλφα,
1647 565 1742 618 καὶ
1769 565 1862 620 τοῦ

280 656 460 727 Βῆτα,
501 653 596 707 καὶ
627 652 696 706 δι’
721 650 974 725 ἀριθμῶν
1004 651 1148 707 οὑτω
1185 652 1408 723 ψυχρῶς
1445 653 1540 706 καλ⁹
1573 652 1865 726 βεϐιασμέ-

278 760 384 808 νως
424 742 798 812 διασύροντες.
844 743 1000 797 Ὅσοι
1044 743 1102 797 δὲ
1134 743 1468 812 ἀφίστανται
1496 744 1599 815 τῆς
1640 745 1867 817 Ἐκκλη-

279 837 424 901 σίας,
468 836 566 890 καὶ
594 834 809 898 τού-τοίς
857 837 973 898 τοῖς
1010 834 1284 907 γραώδεσι
1328 835 1520 906 μύθοις
1563 836 1861 904 πείθονται,

276 927 498 998 ἀληθῶς
542 927 1016 997 αὐτοκατάκριτοι·
1065 926 1160 991 οὓς
1199 928 1229 981 ὀ
1271 928 1480 992 Παῦλος
1512 928 1865 998 ὲγκελεὺεται

276 1021 414 1089 ἡμῖν
439 1017 581 1089 μετά
604 1018 733 1089 μίαν
754 1020 847 1082 καὶ
871 1019 1130 1092 δευτέραν
1154 1023 1436 1076 νουθεσίαν
1458 1022 1860 1094 παραιτεῖσθαι.

291 1108 546 1180 Ἰωάννης
570 1107 629 1161 δὲ
657 1109 686 1161 ὀ
714 1108 805 1162 τοῦ
836 1109 1043 1180 Κυρίου
1078 1110 1326 1181 μαθητὴς
1365 1112 1606 1165 ἐπέτεινε
1634 1114 1733 1183 τὴν
1766 1131 1866 1167 κα-

277 1201 505 1270 ταδίκην
539 1201 740 1265 αὐτῶν,
775 1202 912 1273 μηδὲ
950 1201 1162 1274 χαίρειν
1189 1204 1374 1267 αὑτοῖς
1405 1204 1496 1273 ὑφ’
1525 1203 1678 1274 ὑμῶν
1713 1204 1867 1273 λέγε-

281 1295 405 1348 σθαι
436 1292 742 1363 βουληθείς.
775 1294 827 1347 '0
852 1295 960 1365 γὰρ
980 1294 1177 1365 λέγων
1201 1295 1426 1361 αὐτοῖς,
1450 1297 1605 1367 φησὶ,
1634 1298 1866 1367 χαίρειν

278 1383 561 1439 κοινωνεῖ
594 1384 721 1451 τοῖς
759 1385 958 1455 ἔργοις
998 1385 1198 1441 αὐτῶν
1234 1386 1360 1452 τοῖς
1401 1388 1705 1455 πονηροῖς.
1756 1388 1865 1441 Καὶ

277 1477 526 1540 εἰκότως.
562 1478 683 1530 Οὐκ
709 1477 841 1531 ἔστι
874 1478 986 1547 γὰρ
1008 1478 1241 1546 χαίρειν
1267 1477 1392 1544 τοῖς
1417 1477 1685 1542 ἀσεϐέσι,
1704 1479 1864 1548 λέγει

278 1568 508 1640 Κύριος.
555 1568 798 1632 ’Δσεϐεῖς
832 1568 893 1621 δὲ
935 1569 1073 1641 ὑπὲρ
1122 1571 1300 1623 πᾶσαν
1339 1569 1589 1623 ἀσέϐειαν
1621 1564 1785 1635 οὗτοι,
1815 1575 1865 1625 οἱ

277 1662 369 1715 τὸν
407 1661 640 1732 ποιητὴν
671 1660 901 1732 ούρανοῦ
932 1661 1027 1714 καὶ
1061 1662 1164 1732 γῆς
1205 1662 1363 1733 μόνον
1392 1662 1524 1715 Θεὸν
1553 1665 1861 1735 παντοκρά-

1968 483 2075 529 tam
2112 483 2522 531 sacrosanctam
2549 477 2891 549 religionem,
2924 493 3160 549 vereque
3185 479 3545 549 inexplicabi-

1966 565 2035 620 lis
2067 565 2323 635 potentia:
2357 566 2807 636 magnitudinem,
2847 574 3050 621 tantam
3097 566 3333 637 denique
3375 567 3544 622 divini

1966 653 2217 708 Numinis
2252 654 2648 724 providentiam
2693 672 2788 726 per
2817 657 2949 712 illud
2990 673 3150 712 suum
3185 658 3367 727 alpha,
3398 658 3542 721 beta,

1967 755 2305 816 caeterosque
2343 762 2605 802 numeros
2646 754 2754 800 tam
2797 748 2994 819 frigide
3027 748 3402 819 violenterque
3438 757 3547 802 tra-

1968 837 2190 892 ducant.
2222 840 2301 892 Ac
2342 840 2657 909 quicunque
2692 857 2750 896 se
2776 841 2941 913 248
2971 843 3039 896 al)
3080 841 3323 895 Ecclesia
3361 856 3544 911 segre-

1968 938 2119 1000 gant,
2148 938 2207 984 ut
2245 931 2310 986 ad
2344 932 2516 987 aniles
2544 930 2709 987 hasce
2741 934 2954 989 fabulas
2989 934 3382 999 adhaerestant,
3412 949 3545 989 sane

1970 1021 2289 1091 suometipsi
2321 1022 2530 1091 judicio
2568 1024 2810 1078 damnati
2851 1033 3020 1078 sunt:
3050 1041 3189 1093 quos
3241 1024 3541 1079 secundum

1966 1129 2131 1169 unam
2181 1115 2521 1186 alteramque
2573 1118 2974 1188 correptionem
3046 1117 3285 1171 devitarc
3341 1116 3544 1171 Paulus

1968 1201 2221 1257 hortatus
2260 1201 2650 1259 est‘Joannes
2684 1220 2812 1260 vero
2842 1203 3050 1260 Christi
3090 1205 3393 1275 discipulus
3437 1221 3547 1259 ma-

1961 1292 2082 1363 jore
2129 1294 2253 1349 illos
2315 1309 2475 1364 pcena
2531 1289 2935 1359 condemnavit,
2992 1312 3116 1352 cum
3188 1312 3254 1351 ne
3311 1296 3542 1353 salutari

1965 1385 2184 1455 quidem
2224 1401 2253 1440 a
2281 1388 2443 1443 nobis
2478 1387 2736 1457 patiatur.
2769 1386 2870 1453 Qui
2886 1390 3053 1453 enim,
3076 1388 3275 1459 inquit,
3309 1404 3400 1442 ave
3431 1388 3543 1442 illis

1966 1477 2197 1543 diruit,
2248 1479 2601 1533 communicat
2663 1478 2907 1548 operibus
2966 1479 3180 1533 illorum
3230 1478 3477 1548 malignis
3497 1478 3541 1532 ⁸.

1965 1567 2160 1623 Merito
2197 1584 2349 1623 sane.
2396 1569 2576 1639 Neque
2598 1572 2741 1623 enim
2768 1586 2876 1639 pax
2908 1581 2986 1624 est
3030 1570 3228 1638 impiis,
3262 1568 3395 1623 dicit
3424 1567 3545 1621 Do-

1968 1659 2150 1713 minus
2173 1660 2214 1711 ⁶.
2262 1659 2331 1711 At
2372 1659 2606 1713 istorum
2647 1660 2904 1729 impietas
2946 1660 3278 1730 impietatem
3325 1673 3541 1715 omnem

279 1769 437 1824 τορα,
466 1751 608 1824 ὑπὲρ
629 1751 689 1803 ὃν
716 1750 874 1817 ἄλλος
903 1751 1035 1816 Θεὸς
1056 1753 1160 1806 οὑκ
1187 1753 1355 1817 ἔστιν,
1388 1754 1447 1818 ἐξ
1469 1757 1861 1827 ὑστερήματος,

1969 1757 2191 1818 superat
2223 1768 2235 1803 :
2263 1751 2353 1819 qui
2384 1750 2507 1803 caeli
2541 1760 2806 1820 terraeque
2837 1750 3244 1814 fahricatorem,
3276 1766 3338 1804 ae
3366 1751 3541 1806 solum

278 1844 380 1897 xui.
420 1843 586 1897 αὑτοῦ
625 1842 686 1908 ἐξ
713 1841 875 1897 ἄλλου
906 1843 1286 1915 ὑστερήματος
1316 1846 1619 1913 γεγονότος,
1665 1846 1864 1917 προϐε-

274 1932 517 2003 ϐλῆσθαι
537 1932 808 2003 λέγοντες
838 1932 994 1987 ὥστε
1011 1936 1133 1988 κατ’
1160 1935 1359 1999 αὐτοὺς
1382 1932 1519 1989 εἶναι
1543 1937 1708 1990 αὑτὸν
1736 1956 1867 2009 προ-

268 2024 445 2096 ϐολὴν
472 2024 656 2096 τρίτου
682 2025 1080 2098 ὑστερήματος.
1124 2027 1224 2081 Ἢν
1254 2025 1480 2097 γνώμην
1510 2026 1678 2091 ὅντως
1705 2045 1868 2081 κατα-

272 2118 653 2186 ,φυσήσαντας,
680 2117 773 2170 καὶ
807 2115 1376 2187 καταθεματισαντας,
1399 2117 1517 2170 δέον
1542 2118 1732 2189 πόρρω
1762 2136 1863 2172 που

279 2206 505 2278 μακρὰν
555 2209 746 2277 φυγεῖν
791 2208 889 2262 ἀπ’
923 2206 1136 2274 αὐτῶν,
1185 2207 1279 2262 καὶ
1402 2207 1564 2261 πλέον
1597 2208 1865 2281 διισχυρί-

277 2297 488 2361 ζονται.
518 2299 613 2353 καὶ
645 2298 929 2370 χαίρουσιν
959 2299 1053 2353 ἐπὶ
1084 2301 1195 2365 τοῖς
1223 2300 1637 2371 παρευρέμασιν
1663 2300 1862 2365 αὐτῶν,

273 2389 453 2462 ταύτῃ
482 2390 683 2461 μᾶλλον
714 2391 914 2445 εἰδέναι
945 2391 1109 2445 πλέον
1141 2392 1340 2455 αὐτοὺς
1376 2391 1720 2463 ἐνεργεῖσθαι
1760 2393 1866 2446 ὑπὸ

273 2480 380 2552 τῆς
411 2481 662 2551 ὀγδοάδος
693 2482 801 2536 τῶν
846 2483 1098 2554 πονηρῶν
1140 2483 1488 2554 πνευμάτων·
1526 2483 1779 2556 καθάπερ
1815 2486 1865 2538 οἱ

275 2573 357 2635 είς
392 2572 669 2643 φρενίτιδα
699 2572 942 2629 διάθεσιν
975 2573 1330 2645 ἐμπεσόντες,
1367 2568 1401 2646 ᾖ
1443 2573 1606 2627 πλέον
1641 2573 1862 2643 γελῶσι,

278 2666 376 2718 καὶ
399 2664 604 2735 ἰσχύειν
625 2664 897 2729 δοκοῦσιν,
920 2667 1016 2721 καὶ
1038 2666 1113 2730 ὡς
1138 2665 1475 2735 ὑγιαίνοντες
1498 2666 1675 2720 πάντα
1700 2665 1867 2737 πράτ-

276 2773 457 2823 τουσι,
495 2756 611 2810 ένια
644 2757 701 2811 δὲ
738 2758 835 2811 καὶ
865 2758 1101 2833 ὑπὲρλτὸ
1132 2759 1422 2827 ὑγιαίνειν,
1460 2756 1634 2830 ταύτῃ
1665 2757 1865 2829 μᾶλλον

278 2848 468 2912 κακῶς
488 2848 724 2919 ἔχουσιν.
763 2850 996 2920 Ὁμοίως
1016 2850 1074 2904 δὲ
1095 2851 1191 2904 καὶ
1220 2842 1446 2922 οὗτοι.
1474 2848 1673 2920 μᾶλλον
1697 2850 1867 2921 ὑπερ-

276 2939 498 3006 φρονεῖν
532 2936 770 3003 δοκοῦσι,
820 2938 913 2992 καὶ
955 2938 1361 3011 ὲκνευρίζουσιν
1400 2938 1650 3006 ἑαυτοὺς,
1695 2942 1865 3014 ὑπέρ-

274 3042 406 3080 τονα
455 3028 800 3096 τοξεύοντες,
860 3028 1035 3102 ταύτῃ
1093 3030 1294 3101 μᾶλλον
1348 3034 1411 3086 ού
1471 3031 1861 3105 σωφρονοῦσιν.

285 3117 535 3184 Ἐξελθὸν
582 3119 693 3192 γὰρ
736 3121 797 3174 τὸ
839 3120 1153 3193 ἀκάθαρτον
1198 3124 1417 3194 πνεῦμα
1466 3126 1568 3196 τῆς
1616 3117 1860 3194 ἀγνοίας,
1890 3158 1935 3219 c

274 3211 469 3267 ἔπειτα
499 3214 873 3286 σχολάζοντας
901 3218 1102 3281 αὑτοὺς
1133 3218 1194 3272 οὑ
1226 3219 1367 3290 Θεῷ,
1412 3220 1548 3276 ἀλλά
1572 3226 1864 3292 κοσμικαῖς

232 3347 236 3350 .
273 3305 569 3376 ζητήσεσιν
613 3307 796 3379 εὐρὺν,
846 3308 1311 3381 προσπαραλαϐὸν
1354 3311 1525 3384 ἕτερα
1577 3311 1863 3382 πνεύματα

266 3397 414 3452 ἐπτᾶ
447 3400 790 3472 πονηρότερα
825 3401 1044 3466 ἑαυτοῦ,
1093 3402 1186 3456 καὶ
1224 3403 1511 3474 χαυνῶσαν
1547 3405 1728 3459 αὐτῶν
1764 3404 1862 3475 τὴν

270 3491 522 3561 γνώμην,
551 3490 627 3556 ὡς
654 3492 968 3563 δυναμένων
990 3494 1057 3547 τὰ
1087 3494 1228 3567 ὑπὲρ
1248 3494 1339 3548 τὸν
1366 3494 1498 3549 Θεὸν
1523 3499 1743 3562 ἐννοεῖν,
1768 3497 1863 3549 καλ⁸

271 3580 583 3654 ἐπιτήδειον
628 3585 710 3648 είς
752 3585 1226 3657 ὑπερέκκρουσιν¹
1274 3588 1718 3651 κατασκευάσαν,
1762 3588 1861 3659 τὴν

270 3669 501 3740 ὀγδοάδα
547 3673 649 3743 τῆς
692 3674 922 3738 ἀνοίας·
947 3674 1056 3749 τῶν
1110 3675 1365 3748 πονηρῶν
1415 3679 1741 3748 πνευμάτων
1783 3678 1862 3740 είς

271 3762 472 3829 αὐτοὺς
504 3765 835 3836 ἐνεθήκωσε.

332 4047 441 4100 JA’.
474 4045 756 4117 Βούλομαι
788 4047 845 4101 δέ
903 4065 987 4101 σοι
1053 4049 1148 4102 καὶ
1199 4048 1273 4114 ὡς
1333 4048 1500 4120 αὐτὴν
1552 4047 1652 4119 τὴν
1684 4048 1860 4102 κτίσιν

269 4139 392 4192 κατ’
421 4138 611 4191 εἰκόνα
658 4137 767 4191 τῶν
816 4139 1063 4211 ἀοράτων
1102 4140 1206 4194 ὑπὸ
1234 4139 1329 4193 τοῦ
1368 4140 1708 4213 Δημιουργοῦ
1734 4179 1749 4204 ,
1786 4140 1861 4204 ὡς

270 4227 597 4296 ἀγνοοῦντος
636 4228 835 4292 αὑτοῦ,
879 4230 1315 4285 κατεσκευάσθαι
1361 4230 1451 4284 διὰ
1492 4231 1590 4302 τῆς
1640 4231 1860 4303 Μητρὸς

270 4319 524 4388 λέγουσι,
592 4319 971 4390 διηγήσασθαι.
1032 4321 1255 4393 Πρῶτον
1318 4323 1415 4393 μὲν
1478 4322 1545 4375 τὰ
1620 4321 1859 4392 τέσσαρα

274 4411 521 4481 στοιχεῖά
572 4428 725 4480 φασι,
768 4410 898 4483 πῦρ,
946 4410 1108 4484 ὕδωρ,
1148 4414 1274 4484 γῆν,
1310 4415 1468 4485 ἀέρα,
1500 4414 1682 4467 εἰκόνα
1724 4430 1859 4484 προ-

1968 1842 2392 1909 omnipotentem
2433 1839 2623 1904 Deum.
2666 1856 2830 1911 supra
2866 1858 3027 1912 quem
3063 1843 3246 1898 nullus
3278 1842 3420 1897 alius
3459 1850 3544 1897 est

1969 1930 2133 1995 Deus,
2174 1947 2241 1986 ex
2282 1930 2520 1999 deiectu,
2565 1932 2657 2002 qui
2698 1940 2752 1986 et
2792 1933 2907 2000 ipse
2935 1948 3000 1988 ex
3038 1933 3145 1988 alio
3168 1935 3245 1988 sit
3271 1941 3427 1988 ortus
3451 1933 3547 1987 de-

1968 2022 2144 2085 t‘cctu,
2190 2022 2494 2077 derivatum
2549 2023 2895 2089 existimant,
2944 2032 3004 2077 ut
3052 2040 3119 2079 ex
3168 2024 3385 2079 illorum
3430 2025 3547 2094 opi-

1969 2115 2133 2169 nione
2164 2114 2327 2168 tertio
2351 2114 2587 2184 quodam
2618 2130 2684 2169 ex
2715 2115 2927 2170 deiectu
2961 2115 3243 2186 prodierit.
3272 2115 3395 2181 Qua
3424 2116 3548 2185 qui-

1966 2202 2088 2258 dem
2116 2203 2341 2272 explosa
2374 2203 2739 2273 damnataque
2772 2205 3042 2260 sententia
3063 2242 3077 2267 ,
3115 2206 3303 2274 procul
3339 2204 3408 2258 ab
3438 2203 3546 2257 illis

1966 2295 2283 2365 fugiendum
2315 2302 2400 2350 est
2432 2314 2446 2349 :
2480 2309 2543 2349 ac
2583 2303 2789 2365 quanto
2829 2303 2957 2351 sunt
2991 2296 3045 2348 in
3085 2310 3273 2349 errore
3301 2294 3548 2363 pertina-

1965 2385 2164 2460 ciores,
2199 2384 2547 2454 inventisque
2567 2385 2830 2454 pessimis
2860 2386 3162 2456 impensius
3183 2386 3542 2451 delectantur,

1965 2481 2118 2529 tanto
2148 2490 2243 2530 eos
2276 2476 2448 2544 magis
2483 2475 2779 2545 putandum
2813 2485 2897 2531 est
2926 2478 2993 2530 ab
3019 2477 3544 2532 scelestissimorum

1965 2565 2269 2618 dmmonum
2310 2564 2565 2635 Ogdeade
2589 2565 2878 2620 concitari.
2912 2563 2998 2620 Uti
3033 2566 3366 2636 phreneticis
3395 2567 3544 2621 acci-

1965 2656 2065 2716 dit,
2091 2657 2183 2726 qui
2212 2671 2320 2726 quo
2344 2656 2581 2726 amplius
2610 2655 2809 2720 rident,
2846 2672 2910 2712 ac
2944 2666 3131 2729 vegeto
3159 2673 3280 2713 esse
3317 2672 3547 2727 corpore

1964 2745 2240 2812 videntur,
2282 2746 2574 2816 omniaque
2609 2761 2708 2801 ceu
2745 2747 2988 2803 valentes
3024 2763 3089 2801 ac
3127 2749 3269 2814 sani,
3306 2763 3376 2802 ac
3410 2763 3548 2802 non-

1965 2838 2113 2892 nulla
2143 2838 2304 2893 etiam
2340 2838 2645 2908 aliquanto,
2672 2855 2841 2910 quam
2876 2840 2922 2896 si
2987 2843 3105 2896 sani
3140 2849 3344 2902 essent.
3385 2841 3549 2895 robu-

1965 2930 2105 2985 stius
2144 2939 2362 3002 gerunt,
2406 2946 2471 2987 eo
2487 2945 2610 2987 sese
2637 2932 2879 2988 deterius
2913 2932 3135 2988 habent.
3168 2933 3426 2989 Similiter
3455 2936 3548 2990 isti

1965 3037 2074 3093 quo
2103 3023 2480 3079 vehementius
2506 3039 2703 3095 sapere
2728 3027 2999 3089 ridentur,
3025 3043 3198 3097 seque
3222 3028 3368 3097 ipsos
3397 3042 3548 3083 ener-

1967 3122 2115 3177 vant,
2150 3114 2280 3169 dum
2311 3115 2521 3171 intento
2552 3117 2697 3171 velut
2736 3117 2914 3172 acrius
2954 3134 3086 3172 arcu
3119 3121 3355 3187 sagittas
3388 3121 3550 3174 emit-

1967 3213 2106 3269 tunt,
2141 3221 2205 3261 eo
2237 3209 2444 3275 majore
2482 3208 2704 3261 vesania
2745 3216 3020 3263 tenentur.
3063 3209 3314 3280 lmpuius
3348 3212 3550 3280 quippe

1963 3297 2288 3366 ignorantiae
2317 3298 2545 3367 spiritus
2565 3298 2856 3370 egrediens
2877 3340 2893 3366 ,
2924 3314 3128 3370 eosque
3154 3315 3261 3354 non
3295 3299 3423 3367 Deo,
3452 3302 3549 3356 sed

1964 3389 2210 3458 profanis
2254 3391 2651 3459 quaastionibus
2696 3389 3004 3462 implicatos
3072 3393 3351 3462 reperiens
3386 3434 3399 3456 ,
3452 3393 3549 3447 ad-

1960 3474 2151 3534 hihitis
2192 3490 2397 3550 septem
2426 3481 2548 3537 aliis
2569 3483 2749 3552 seipso
2782 3482 3140 3553 nequioribus
3161 3483 3202 3548 ',
3245 3482 3550 3554 inllatisque

1962 3582 2102 3622 vana
2151 3570 2509 3637 persuasione
2549 3571 2765 3625 illorum
2812 3571 3032 3635 animis,
3065 3572 3222 3642 quasi
3263 3573 3343 3627 vel
3383 3587 3549 3642 Supra

1967 3656 2132 3712 Deum
2176 3658 2356 3729 ipsum
2408 3661 2655 3716 attollere
2704 3677 2763 3716 se
2806 3664 3118 3732 cognitione
3162 3665 3403 3733 possint;
3457 3663 3547 3718 ubi

1964 3748 2191 3804 idoneos
2229 3758 2681 3820 opportunosque
2721 3751 3008 3808 fraudibus
3032 3756 3174 3808 ’suis
3228 3755 3546 3824 rtddiderlt,

1964 3839 2253 3910 quamdam
2285 3841 2606 3896 stoliditatis
2634 3842 3003 3913 improborum
3028 3844 3313 3913 spirituum
3333 3843 3517 3916 Ogtloa
3535 3873 3550 3885 ~

1962 3930 2085 3986 dem
2122 3930 2175 3985 in
2213 3932 2335 3987 illos
2369 3931 2636 3987 immittit.

2033 4046 2171 4103 XIV.
2215 4049 2326 4120 Age
2355 4065 2482 4105 vero
2518 4051 2647 4105 illud
2687 4052 2912 4119 insuper
2949 4066 3311 4121 exponamus,
3354 4065 3550 4120 quem-

1961 4140 2249 4193 admodum
2277 4152 2489 4195 creatas
2523 4157 2607 4196 res
2636 4156 2825 4196 omnes
2866 4140 2930 4195 ad
2972 4154 3183 4203 eorum,
3218 4156 3339 4209 quae
3372 4139 3547 4193 videri

1962 4239 2262 4302 nequeunt,
2298 4232 2709 4286 similitudinem
2749 4248 2775 4284 a
2816 4230 3100 4285 conditore
3133 4231 3211 4286 sic
3248 4229 3546 4299 productas

1961 4331 2234 4386 asserunt,
2284 4331 2342 4376 ut
2391 4338 2456 4377 eo
2502 4323 2634 4392 quid
2672 4329 2865 4389 ageret
2913 4322 3213 4399 nesciente,
3252 4319 3545 4383 ,henclicio

1963 4412 2149 4468 Matris
2175 4413 2510 4467 exstiterint.
2555 4412 2831 4482 Principio
2858 4414 3125 4467 elementa
3160 4413 3247 4466 illa
3285 4420 3544 4481 quatuor,

271 4503 572 4575 ϐεϐλῆσθαι
604 4504 701 4575 τῆς
734 4504 846 4558 ἄνω
884 4504 1107 4577 πρώτης
1150 4506 1438 4576 Τετράδος.
1470 4506 1580 4569 Τάς
1612 4524 1670 4559 τε
1709 4507 1860 4577 ἐνερ-

1965 4507 2164 4577 ignem,
2190 4520 2415 4574 aquam,
2458 4514 2682 4567 terram,
2724 4521 2927 4568 aerem,
2955 4505 3029 4557 ad
3067 4519 3293 4558 summa:
3328 4503 3547 4573 prima:-

270 4597 428 4666 γείας
468 4593 648 4648 αὐτῶν
705 4594 1240 4666 οηδναριομουμένας,
1280 4590 1390 4648 οἷον
1430 4594 1630 4667 θερμόν
1665 4612 1724 4647 τε
1764 4596 1859 4648 καὶ

270 4688 503 4759 ψυχρὸν,
540 4687 703 4758 ξηρόν
749 4704 806 4739 τε
861 4687 954 4740 καὶ
992 4686 1175 4759 ὑγρὸν,
1222 4686 1465 4758 ἀκριϐῶς
1512 4685 1858 4753 ἐξεικονίζειν

269 4780 372 4851 τὴν
427 4778 705 4847 Ὀγδοάδα.
762 4778 918 4849 Ἑξῆς
958 4778 1089 4831 δέκα
1131 4778 1390 4850 δυνάμεις
1440 4777 1582 4830 οὑτω
1630 4794 1849 4849 καταρι-

271 4869 526 4941 θμοῦσιν,
565 4870 703 4923 ἑπτὰ
735 4871 834 4939 μὲν
873 4869 1159 4940 σωματικά
1183 4870 1203 4900 ³
1231 4869 1540 4938 κυκλοειδῆ,
1581 4868 1618 4924 ἀ
1653 4871 1747 4923 καὶ
1773 4869 1863 4921 οὑ-

274 4965 471 5032 ρανοϋς
502 4962 779 5016 καλοῦσιν·
816 4961 1009 5015 ἔπειτα
1037 4962 1126 5014 τὸν
1161 4962 1506 5031 περιεκτικὸν
1542 4960 1719 5015 αὑτῶν
1759 4960 1858 5014 κύ-

272 5056 423 5121 κλον,
451 5055 511 5109 ὃν
539 5054 635 5108 καὶ
658 5054 840 5123 ὄγδοον
861 5053 1088 5125 οὐρανὸν
1111 5051 1376 5122 όνομάζου
1386 5067 1459 5104 σι·
1485 5051 1620 5121 πρὸς
1644 5051 1700 5105 δὲ
1725 5050 1853 5105 τού-

268 5165 386 5211 τοις
434 5147 589 5219 ἥλιόν
630 5163 692 5199 τε
738 5146 833 5200 καὶ
878 5145 1125 5217 σελήνην.
1170 5142 1375 5206 Ταῦτα,
1419 5144 1553 5196 δέκα
1592 5142 1720 5196 ὄντα
1762 5142 1855 5197 τὸν

270 5241 529 5314 ἀριθμὸν,
573 5239 790 5302 εἰκόνας
818 5238 1064 5307 λέγουσιν
1097 5233 1234 5290 εἶναι
1267 5236 1368 5306 τῆς
1403 5236 1636 5308 ἀοράτου
1683 5235 1855 5289 Δεκά-

267 5334 358 5397 δος
392 5334 495 5405 τῆς
532 5331 643 5386 ἀπὸ
682 5330 857 5398 Λόγου
892 5330 985 5383 καὶ
1019 5329 1171 5399 Ζωῆς
1222 5327 1609 5398 προελθούσης·
1655 5326 1754 5399 τὴν
1797 5326 1854 5380 δὲ

268 5423 549 5485 δωδεκάδα
591 5423 892 5495 μηνύεσθαι
920 5421 1009 5476 διὰ
1039 5421 1133 5475 τοῦ
1161 5419 1425 5485 ζωδιακοῦ
1457 5417 1549 5472 τοῦ
1580 5417 1853 5489 καλουμέ-

345 5609 359 5637 ¹
387 5605 516 5659 For.
552 5601 941 5671 ὑπέκκρουσιν.
1018 5600 1204 5657 "lren.
1246 5600 1484 5671 ἀγνοίας.

272 5676 293 5693 ’
321 5676 512 5733 Hatth.
552 5690 650 5732 xu.
676 5675 768 5728 45.

1566 5601 1586 5633 ³
1612 5599 1750 5654 lren.
1784 5598 2028 5671 σώματα.

1959 4610 2067 4664 que
2094 4592 2347 4648 Tetradis
2376 4594 2603 4664 eﬂigiem
2650 4610 2773 4649 esse
2795 4602 3090 4650 consttuta
3122 4606 3363 4647 narrant.
3393 4591 3544 4658 Quo-

1960 4700 2081 4739 rum
2118 4685 2182 4738 ad
2224 4685 2493 4754 agendum
2525 4688 2914 4751 ellicacitates,
2963 4695 3091 4756 puta
3133 4686 3406 4749 calorem,
3451 4685 3549 4737 fri-

1960 4793 2086 4849 gus,
2132 4778 2456 4841 siccitatem,
2503 4787 2557 4831 et
2614 4778 2921 4842 humorem,
2976 4788 3223 4834 exactam
3274 4777 3549 4846 ngloadis

1962 4871 2256 4942 imaginem
2303 4871 2527 4925 referre.
2567 4869 2703 4924 Tum
2746 4872 2931 4925 decem
2974 4872 3075 4925 hoc
3116 4873 3276 4926 modo
3319 4873 3547 4928 virtutes

1964 4970 2311 5017 enumerant.
2343 4963 2584 5015 Primum
2617 4971 2822 5030 Stptem
2853 4976 3148 5031 Corporeos
3169 4965 3349 5021 orhes,
3383 4962 3548 5035 2&9

1961 5068 2101 5122 quos
2139 5053 2312 5106 cmlns
2351 5052 2647 5121 appellant.
2690 5051 2897 5106 Deinde
2939 5050 3199 5119 majorem
3234 5052 3385 5105 illum
3418 5054 3545 5106 reli-

1961 5158 2102 5214 quos
2132 5142 2485 5208 ambientem,
2517 5143 2661 5212 quod
2702 5151 2950 5197 octavum
2995 5143 3193 5196 cwlum
3236 5143 3548 5200 nominant.

1962 5235 2228 5289 Prmterea
2260 5235 2433 5288 solem
2464 5244 2515 5288 et
2549 5234 2752 5287 lunam.
2782 5233 2917 5299 Qua:
2944 5234 3124 5286 omnia
3153 5234 3380 5288 denario
3406 5250 3547 5289 eomv

1959 5326 2229 5397 prehensa
2260 5341 2489 5380 numero
2520 5325 2749 5380 Decadis
2779 5325 2948 5388 illius,
2979 5340 3099 5393 qua:
3126 5340 3155 5378 a
3189 5322 3370 5379 Verbo
3398 5324 3550 5378 Vita-

1959 5433 2065 5489 que
2104 5433 2206 5473 nec
2243 5408 2599 5487 aspect-abitis
2630 5414 2907 5486 proﬂuxit,
2951 5414 3179 5484 ligurum
3220 5430 3342 5471 esse
3383 5414 3550 5468 dicti-

2133 5602 2151 5633 ⁸⁵
2192 5601 2297 5657 Tit.
2329 5617 2418 5669 Ill,
2459 5603 2537 5657 l0.
2616 5602 2636 5633 ⁸
2673 5600 2713 5655 ll
2744 5599 2899 5657 Jonn.
2945 5599 3027 5654 ll.
3107 5599 3128 5628 θ
3156 5597 3238 5651 lsa
3298 5612 3426 5658 un,
3453 5596 3543 5653 21.
