3956 6070
235 151 360 220 τις

880 163 1249 223 emensus
1289 138 1627 223 umnasn’s
1671 164 1804 225 mu.

1950 170 2094 226 ΓΟΜ.
2139 171 2225 226 Ill.
2267 202 2333 211 -—
2369 170 2642 229 ILERES.
2685 171 2927 227 XXXIV.

3431 176 3544 235 015

250 277 439 349 ςασίν,
462 276 761 347 ἀρχόμενος
805 278 904 349 τῆς
936 280 1077 332 κατὰ
1110 279 1207 350 τὴν
1252 280 1425 334 κτίσιν
1463 283 1844 354 πραγματείας

1950 286 2261 340 testimonia
2306 287 2505 352 solent,
2535 286 3015 343 commemoranda
3053 288 3314 360 primum,
3338 294 3542 351 deinde

255 369 415 432 εὐθὺς
444 370 503 441 ὲν
536 369 679 441 ἀρχῇ
708 369 806 441 τὴν
839 371 1069 442 Μητέρα
1107 371 1215 423 τῶν
1257 371 1393 425 ὅλων
1431 373 1726 439 ἐπέδειξεν,
1771 377 1847 429 εἰ-

253 459 370 514 πὼν
394 476 406 489 ·
457 460 563 513 Ἐν
588 459 749 529 ἀρχῇ
774 460 1070 528 ἐποίησεν
1089 465 1122 515 ὁ
1149 463 1297 529 Θεὸς
1321 464 1427 518 τὸν
1455 465 1718 534 οὐρανὸν
1748 468 1849 529 καὶ

253 548 370 615 τὴν
397 548 533 617 γῆν.
589 548 845 621 Τέσσαρα
885 544 977 603 οὖν
1020 549 1193 603 ταῦτα
1228 552 1523 622 ὀνομάσας,
1568 554 1723 616 Θεὸν,
1753 554 1846 607 καὶ

239 638 448 711 ’ἀρχῆνν
486 637 736 711 οὐρανὸν.
774 639 868 692 καὶ
908 640 1032 711 γῆν,
1060 640 1159 712 τὴν
1182 642 1503 713 Τετρακτὺν
1530 643 1731 707 αὐτῶν,
1771 644 1846 707 ὡς

252 732 407 786 αὐτοὶ
425 732 663 799 λέγουσι,
706 731 1031 786 διετύπωσε.
1072 734 1183 787 Καὶ
1218 733 1311 789 τὸν
1345 735 1579 807 ἀόρατον
1613 736 1626 767 ¹
1667 735 1724 788 δὲ
1754 735 1847 788 καὶ

242 824 346 877 τὸν
374 824 689 895 ἀπόκρυφον
719 822 892 894 αὐτῆς
924 823 1201 894 μηνύοντα
1221 827 1397 880 εἰπεῖν
1415 844 1428 856 ·
1471 828 1532 882 Ἠ
1566 826 1636 881 δὲ
1664 826 1738 897 γῆ
1769 822 1849 895 ἦν

236 916 506 984 ἀόρατος
530 914 628 967 καὶ
686 915 1246 983 ἀκατασκεόαστος.
1308 916 1419 989 Τὴν
1464 916 1724 989 δευτέραν
1746 919 1847 971 Τε-

251 1007 446 1079 τράδα,
493 1006 740 1077 γέννημα
778 1006 1005 1078 πρώτης
1055 1008 1346 1079 Τετράδος,
1385 1008 1558 1073 οὓτως
1586 1009 1751 1063 αὐτὸν
1778 1012 1848 1063 εἰ·

232 1099 481 1170 ’ρηκέναι
525 1097 793 1162 θέλουσιν,
826 1098 1097 1151 Ἀϐυσσον
1127 1099 1461 1169 ὀνομάζοντα
1501 1101 1596 1154 καὶ
1650 1102 1847 1165 Σκότος

232 1194 310 1244 «ὲν
342 1191 526 1259 σφίσιν
561 1190 581 1220 ¹
616 1190 801 1253 αὐτοῖς
847 1190 940 1243 καί
978 1190 1182 1262 ’λ’δωρ,
1224 1192 1317 1245 καὶ
1357 1193 1418 1245 τὸ
1451 1194 1848 1267 ἐπιφερόμενον

192 1294 195 1295 ⁷
250 1284 328 1355 τῷ
358 1282 510 1338 ὕδατι
536 1283 782 1353 11νεῦμα”
813 1276 930 1354 μεθ’
960 1285 1026 1360 ἣν
1060 1284 1157 1355 τῆς
1189 1284 1411 1351 δεκάδος
1444 1287 1849 1360 μνημονεύοντα

252 1377 369 1444 φῶς
427 1376 607 1444 λέγειν
658 1376 752 1428 καὶ
787 1356 1002 1448 ἡμέραν
1047 1378 1140 1430 καὶ
1190 1378 1383 1443 νύκτα,
1454 1380 1744 1452 στερέωμά
1789 1399 1847 1435 τε

237 1471 348 1522 ικαὶ
397 1469 657 1540 ἑσπέραν.
696 1470 791 1522 καὶ
840 1469 867 1521 ὖ
910 1469 1157 1522 καλεῖται
1198 1469 1380 1542 πρωῒ,
1433 1468 1604 1543 ξηράν
1643 1491 1701 1526 τε
1755 1476 1849 1528 καὶ⁹

251 1561 564 1625 Θάλασσαν,
620 1560 700 1614 ἔτι
743 1578 803 1614 τε
846 1560 1112 1631 βοτάνην,
1158 1563 1252 1615 καὶ
1301 1561 1513 1634 δεκάτῳ
1562 1564 1714 1635 τόπῳ
1757 1564 1847 1629 ξύ-

1948 374 2245 429 refellenda
2274 384 2424 430 sunt.
2467 374 2681 448 Moyses
2707 377 2876 439 enim,
2904 376 3160 447 inquiunt
3189 377 3242 431 in
3275 377 3397 448 ipso
3427 388 3539 435 sta-

1949 468 2042 518 tim
2072 466 2255 535 operis
2287 466 2458 528 aditu,
2489 483 2599 538 quo
2630 469 2697 522 de
2729 482 2913 522 rerum
2957 468 3238 524 creatione
3268 469 3538 541 disputat,

1948 558 2191 611 omnium
2231 557 2457 613 Matrem
2491 567 2906 623 commemorat,
2940 559 3026 615 his
3052 560 3233 615 verbis
3259 560 3356 617 εἴη
3390 564 3541 632 prin-

1948 648 2084 715 cipio
2122 650 2318 702 creavit
2350 647 2488 703 Deus
2516 649 2705 702 caelum
2737 659 2786 702 et
2822 659 3020 702 terram
3048 649 3223 706 ’.‘Ubi
3253 664 3375 704 cum
3403 665 3541 721 qua-

1950 753 2076 795 tuor
2114 742 2214 795 ista
2258 741 2578 809 nominarit,
2612 740 2807 807 Deum,
2839 743 3199 823 principium.
3231 744 3434 798 cmlum
3472 758 3537 797 ac

1952 842 2175 897 terram,
2214 850 2368 888 suam
2402 844 2656 888 asserunt
2707 836 3159 905 comprehensam
3190 851 3314 891 esse
3353 834 3540 890 Tetra-

1951 924 2092 980 dem.
2126 924 2282 991 Quod
2317 910 2494 979 autem
2542 925 2756 978 occulta
2785 924 2974 980 eadem
3018 926 3109 979 illa
3152 941 3253 980 nec
3299 933 3541 996 aspecta-

1949 1017 2076 1072 bilis
2105 1018 2195 1082 sit,
2233 1016 2284 1071 id
2316 1016 2673 1086 sequentibus
2712 1017 2892 1072 verbis
2922 1017 3167 1088 attigisse
3188 1034 3206 1071 τ
3232 1016 3397 1071 Terra
3437 1034 3537 1071 au-

1953 1121 2054 1165 tem
2076 1110 2503 1165 erat‘invisibilis
2530 1119 2576 1164 et
2608 1109 2875 1175 informis.
2915 1107 3225 1164 Secundam
3275 1124 3404 1165 vero
3434 1107 3539 1163 Te-

1951 1203 2182 1268 tradem,
2216 1203 2307 1271 qui
2342 1202 2545 1272 prioris
2589 1209 2671 1255 est
2710 1202 2886 1264 fetus,
2943 1200 3024 1255 sic
3054 1199 3277 1271 Moysen
3318 1216 3536 1270 expres-

1953 1287 2093 1349 sisse
2120 1292 2398 1347 declarant
2454 1307 2577 1346 eum
2606 1291 2889 1358 abyssum,
2912 1298 2967 1346 et
2998 1290 3290 1353 tenebras;
3314 1306 3536 1361 aquam.

1954 1396 2116 1456 atque
2144 1386 2490 1441 incubantem
2514 1385 2673 1455 aquis
2704 1376 2971 1454 spiritum
2990 1383 3294 1437 nominavit
3313 1404 3323 1437 :
3344 1392 3538 1453 postea

1954 1480 2184 1534 Decadis
2207 1493 2423 1549 quoque
2453 1478 2785 1532 mentionem
2824 1476 3026 1530 ibidem
3075 1475 3189 1529 tieri
3211 1516 3225 1537 ,
3254 1491 3378 1530 cum
3423 1476 3536 1540 lux,

1952 1571 2071 1625 dies
2117 1577 2172 1625 et
2211 1585 2340 1633 nox,
2385 1570 2811 1629 ﬁrmamentum,
2844 1581 3098 1637 vespera,
3134 1581 3316 1625 mane,
3357 1565 3533 1627 arida,

248 1656 361 1709 λον.
416 1652 574 1707 θύτω
630 1653 687 1707 δὲ
730 1653 820 1707 διὰ
876 1652 985 1706 τῶν
1039 1653 1169 1707 δέκα
1225 1654 1508 1725 ὀνομάτων
1545 1656 1670 1721 τοὺς
1710 1656 1843 1711 δέκα

1952 1676 2136 1724 mare,
2168 1661 2369 1721 herba,
2408 1674 2471 1712 ac
2514 1657 2728 1712 decimo
2756 1657 2971 1711 tandem
3010 1656 3130 1710 loco
3165 1656 3369 1725 lignum
3410 1671 3537 1726 pro-

251 1746 467 1810 Δξῶνας
508 1745 900 1817 μεμηνυκέναι.
942 1736 1053 1817 Τῆς
1083 1745 1140 1799 δὲ
1167 1746 1482 1811 δυοδεκάδος
1503 1748 1677 1812 οὕτως
1703 1747 1842 1813 ἐξει-⁴

228 1838 496 1892 ·κονίσθαι
533 1839 664 1910 παρ’
693 1837 845 1908 αύτῷ
879 1837 977 1909 τὴν
1017 1837 1268 1908 δύναμιν.
1288 1839 1488 1893 »Ἥλιον
1520 1841 1628 1912 γὰρ
1662 1842 1842 1911 λέγειν

233 1934 343 1987 ’καὶ
386 1932 633 2003 σελήνην,
670 1930 905 2002 ἀστέρας
958 1948 1016 1984 τε
1052 1930 1146 1983 καὶ
1173 1932 1422 2002 καιροὺς,
1478 1933 1759 1998 ἐνιαυτούς
1781 1951 1842 1988 τε

246 2025 342 2077 καὶ
374 2024 537 2094 κήτη,
580 2021 768 2092 ἰχθύας
804 2021 898 2075 καὶ
932 2021 1158 2091 ἑρπετά,
1212 2022 1433 2075 πετεινὰ
1491 2023 1583 2074 καὶ
1647 2023 1844 2095 τετρά-

246 2111 406 2173 ποδα,
437 2111 602 2182 θηρία
648 2127 704 2163 τε
753 2110 846 2164 καὶ
892 2109 1139 2181 (πετεινά
1167 2126 1274 2185 ςπου
1310 2113 1423 2175 τοῖς
1446 2111 1489 2180 ⁸)
1525 2111 1845 2167 δυοδέκατον

243 2204 336 2256 τὸν
382 2203 689 2275 ἄνθρωτον.
752 2200 939 2266 υύτως
1002 2202 1109 2256 ὑπὸ
1178 2200 1273 2255 τοῦ
1336 2198 1661 2273 Πνεύματος
1743 2206 1844 2277 τὴν

234 2296 538 2367 τριάκοντα
580 2295 600 2325 ⁵
623 2294 710 2349 διά
734 2294 1015 2358 Μωῦσέως
1053 2294 1308 2367 εἰρῆσθαι
1338 2294 1703 2351 διδάσκουσιν.
1734 2296 1846 2352 Ἀλ-

230 2389 314 2443 id!
351 2389 460 2460 μὴν
500 2388 596 2441 καὶ
637 2388 727 2440 τὸν
762 2386 999 2441 πλαστὸν
1048 2386 1335 2458 ἄνθρωπον
1367 2388 1488 2441 κατ’
1529 2389 1713 2444 εἰκόνα
1744 2390 1845 2465 τῆς

230 2489 362 2544 ’ἄνω
395 2490 682 2560 δυνάμεως
717 2488 860 2559 ἔχειν
890 2491 949 2542 ὲν
991 2487 1142 2560 αὐτῷ
1175 2488 1272 2560 τὴν
1302 2489 1410 2543 ἀπὸ
1436 2489 1536 2561 τῆς
1579 2493 1708 2563 μιᾶς
1740 2512 1846 2567 πη-

230 2582 354 2652 ⁴γῆν
388 2582 429 2635 ³.
478 2581 746 2654 Ὶδρῦσθαι
768 2581 821 2634 δὲ
861 2579 1035 2637 ταῦτα
1073 2582 1130 2634 ὲν
1157 2579 1236 2652 τῷ
1256 2581 1397 2635 κατὰ
1429 2582 1518 2635 τὸν
1544 2584 1845 2655 ἐγκέφαλον

245 2676 432 2745 τόπῖρ·
501 2675 593 2741 ἀφ’
648 2668 717 2745 ἧς
765 2673 1032 2746 ἀπορρεῖν
1082 2672 1341 2745 δυνάμεις
1386 2674 1679 2747 τέσσαρας,
1724 2695 1828 2731 κατ

247 2766 435 2820 εἰκόνα
460 2765 559 2835 τῆς
579 2764 691 2820 ἄνω
726 2764 998 2836 Τετράδος
1031 2764 1373 2836 καλουμένας
1395 2783 1407 2795 ο
1441 2767 1539 2839 τὴν
1588 2768 1686 2838 μὲν
1713 2769 1831 2842 δρα-

1950 1754 2193 1823 ponitur.
2227 1750 2324 1807 llis
2360 1750 2503 1805 enim
2545 1748 2826 1803 vocabulis
2855 1747 3044 1802 decem
3078 1748 3302 1803 tetidem
3327 1746 3536 1803 Aﬂoncs

1949 1844 2200 1915 intelligi.
2233 1841 2363 1897 Nam
2392 1841 2695 1898 Dodecadis
2720 1843 2826 1896 vim
2862 1844 2964 1899 hoc
2997 1842 3146 1897 illum
3180 1843 3538 1898 adnmbrasso

1952 1936 2113 1993 modo
2165 1938 2429 1993 sentiunt.
2477 1935 2698 2007 Quippe
2737 1935 2906 1990 solem
2956 1945 3010 1991 et
3058 1936 3279 1998 lunam,
3315 1936 3535 1998 sidera,

1953 2037 2327 2099 tempestates,
2361 2044 2557 2091 annos,
2594 2038 2733 2093 cete,
2766 2029 2967 2099 pisces,
2997 2027 3535 2098 reptiiia,‘volucres.

1951 2120 2356 2192 quadrupedes,
2382 2121 2524 2175 feras
2555 2135 2568 2171 :
2606 2135 2669 2173 ac
2692 2127 2971 2189 postremo
3000 2119 3121 2173 ideo
3151 2118 3535 2172 duodecimum

1954 2212 2228 2268 hominem
2262 2213 2654 2284 proposuisse;
2691 2196 2867 2281 eoque
2916 2207 3460 2265 modo'trieenarium
3497 2224 3528 2263 a

1946 2305 2137 2377 Moyse
2166 2312 2654 2363 commemoratum
2685 2303 3024 2357 existimant.
3055 2300 3340 2357 Hominem
3370 2316 3537 2372 porro

1952 2400 2017 2455 ad
2045 2412 2313 2469 suprema:
2357 2397 2587 2457 Virtutis
2628 2396 2906 2467 exemplar
2934 2394 3190 2457 ellietum.
3218 2405 3530 2449 manantem

1953 2492 2024 2548 ab
2050 2510 2159 2548 uno
2191 2489 2340 2545 fonte
2363 2489 2471 2544 vim
2511 2491 2565 2543 in
2597 2504 2718 2543 sese
2748 2488 3051 2544 continere.
3088 2486 3332 2559 Eamque
3361 2488 3415 2541 in
3445 2501 3536 2542 ce-

1948 2584 2110 2638 rebro
2162 2581 2487 2636 collocatam
2523 2594 2680 2643 esse,
2721 2593 2749 2632 a
2799 2595 2907 2650 quo
2959 2579 3246 2635 facultates
3299 2588 3536 2651 quatuor

1950 2676 2210 2750 profectae
2265 2673 2545 2728 cmlestem
2619 2672 2766 2727 illam
2827 2672 3117 2728 Tetradem
3186 2674 3534 2729 adnmhrant.

1953 2769 2093 2825 Sunt
2119 2777 2301 2823 autem
2326 2767 2443 2823 hzcc
2468 2784 2481 2822 :
2511 2764 2699 2831 Visus,
2721 2765 2964 2835 auditus,
2991 2766 3223 2821 oll‘actus
3243 2773 3297 2821 et
3318 2775 3532 2837 gustus.

249 2879 356 2927 σιν,
382 2861 480 2932 τὴν
514 2859 569 2914 δὲ
597 2860 785 2930 ἀκοὴν,
838 2859 936 2932 τὴν
963 2860 1037 2914 δὲ
1075 2860 1273 2933 τρίτην
1304 2862 1593 2935 ὄσφρησιν,
1620 2865 1717 2918 καὶ
1744 2866 1844 2938 τὴν
1880 2868 2146 2938 τετάρτην
2169 2864 2374 2934 γεῦσιν.

322 2953 435 3023 Τὴν
459 2952 516 3005 δὲ
559 2951 817 3019 Ὀγδοάδα
846 2951 979 3022 φασὶ
1022 2951 1325 3024 μηνύεσθαι
1361 2953 1448 3007 διὰ
1486 2953 1580 3007 τοῦ
1636 2955 1844 3024 ἀνθρώ-

2023 2955 2335 3025 Ogdoadem
2371 2970 2501 3010 vero
2546 2954 2625 3009 sic
2662 2952 2938 3009 hominem
2989 2949 3195 3007 referre
3234 2956 3487 3006 statuunt
3519 2969 3533 3006 :

251 3062 354 3099 που
410 3044 586 3108 οὕτως
609 3060 623 3075 ·
674 3046 844 3110 ἀκοὰς
878 3044 978 3116 μὲν
999 3043 1095 3098 δύο
1133 3044 1356 3117 ἔχοντας
1389 3045 1429 3109 ⁸,
1457 3047 1551 3100 καὶ
1575 3047 1845 3112 τοσαύτας

246 3137 492 3209 ὁράσεις,
543 3135 624 3190 ἔτι
666 3154 725 3190 τε
761 3137 1063 3208 όσφρήσεις
1092 3136 1211 3202 δύο,
1262 3136 1357 3191 καὶ
1400 3137 1596 3207 διπλῆν
1633 3137 1842 3208 γεῦσιν,

246 3230 452 3302 πικροῦ
495 3248 554 3285 τε
616 3230 712 3301 καὶ
757 3230 1030 3300 γλυκέως.
1083 3230 1242 3285 Ὅλον
1312 3230 1369 3283 δὲ
1419 3231 1510 3284 τὸν
1561 3230 1845 3303 ἄνθρωπον

234 3327 433 3378 σπεῖσαν
454 3323 556 3396 τὴν
585 3322 767 3378 εἰκόνα
802 3322 899 3395 τῆς
932 3322 1335 3394 Τριακοντάδος
1375 3320 1551 3387 οὕτως
1582 3321 1726 3393 ἔχειν
1763 3324 1840 3378 δι-

238 3414 563 3470 δάσκουσιν.
595 3415 683 3467 Ἐν
717 3413 814 3484 μὲν
838 3417 968 3478 ταῖς
998 3414 1156 3486 χερσὶ
1183 3413 1270 3467 διὰ
1297 3412 1408 3467 τῶν
1439 3412 1717 3469 δακτύλων
1745 3415 1845 3487 τὴν

228 3509 461 3562 σΔεκάδα
498 3507 786 3578 βαστάζειν
808 3526 819 3538 ·
859 3508 917 3561 ἐν
946 3507 1052 3579 ὅλῳ
1084 3506 1140 3560 δὲ
1163 3506 1240 3579 τῷ
1265 3506 1477 3580 σώματι
1506 3511 1586 3573 εἰς
1619 3508 1847 3564 δεκαδύο

253 3603 392 3674 μέλη
422 3601 790 3672 διαιρουμένῳ
827 3601 926 3673 τὴν
957 3600 1271 3655 Δωδεκάδα.
1303 3599 1583 3672 Διαιροῦσι
1614 3600 1669 3655 δὲ
1714 3601 1847 3656 αὐτὸ

234 3695 509 3767 καθάπερ
539 3695 599 3747 τὺ
625 3695 723 3765 τῆς
756 3694 1013 3765 ἀληθείας
1040 3693 1295 3766 διῄρηται
1317 3694 1450 3766 παρ’
1475 3695 1659 3759 αὐτοῖς
1691 3694 1844 3769 (τοῖς)

250 3788 522 3857 σώμασι,
581 3786 709 3855 περί
740 3786 757 3813 ⁷
827 3779 888 3839 οὗ
954 3787 1392 3859 προειρήκαμεν.
1456 3786 1568 3858 Τήν
1642 3802 1700 3839 τε
1754 3782 1846 3841 οὖν

261 3877 547 3947 Ὀγδοάδα,
606 3878 843 3950 ἄρῤητόν
869 3896 930 3931 τε
986 3879 1082 3933 καὶ
1122 3878 1357 3951 ἀόρατον
1389 3875 1589 3946 οὖσαν,
1639 3880 1697 3934 ὲν
1735 3882 1847 3944 τοῖς

238 3971 591 4043 ’σπλάγχνοις
625 3966 973 4043 κρυΰομένην
999 3969 1261 4025 νοεῖσθαι.

321 4065 442 4131 ις’.
483 4061 673 4116 Ἥλιον
721 4062 785 4115 δὲ
839 4062 1001 4117 πάλιν
1044 4062 1137 4116 τὸν
1164 4063 1350 4134 ,μέγαν
1385 4057 1651 4135 φωστῆρα
1684 4064 1741 4116 ἐν
1777 4065 1844 4136 τῇ

242 4154 492 4226 τετάρτῃ
530 4151 637 4208 τῶν
662 4152 884 4226 ἡμερῶν
917 4152 1203 4224 γεγονέναι
1231 4151 1321 4206 διὰ
1349 4152 1441 4205 τὸν
1462 4152 1846 4225 τῆςΤετράδος

124 4268 141 4281 ~
236 4244 488 4318 ἀριθμὸν
516 4244 806 4315 φάσκουσι.
834 4245 948 4316 Τῆς
979 4262 1037 4300 τε
1067 4244 1273 4316 σκηνῆς
1309 4243 1410 4315 τῆς
1430 4244 1536 4299 ὑπὸ
1565 4232 1846 4310 Μωῦσέως

1949 3046 2091 3116 quod
2147 3054 2201 3100 et
2246 3060 2408 3099 aures
2448 3044 2588 3098 duas
2645 3042 2879 3101 habeat.
2935 3043 3237 3111 oculosque
3266 3041 3534 3107 totidem,

1940 3154 2109 3193 nares
2155 3137 2281 3191 item
2318 3136 2384 3190 ad
2414 3135 2786 3190 olfaciendum
2822 3133 2982 3198 duas,
3024 3149 3088 3188 ac
3124 3134 3400 3203 duplicem
3435 3148 3538 3204 gu-

1949 3239 2117 3289 stum.
2142 3227 2315 3282 amari
2346 3226 2601 3283 videlicet
2631 3242 2695 3282 ac
2725 3226 2936 3292 dulcis,
2985 3242 3112 3281 nam
3162 3225 3322 3296 251
3358 3233 3533 3281 totum

1947 3322 2125 3392 ipsum
2152 3320 2430 3376 hominem
2455 3320 2767 3375 universam
2787 3316 3089 3374 Tricenarii
3112 3317 3533 3374 similitudinem

1949 3409 2097 3465 hunc
2142 3409 2198 3464 in
2232 3407 2454 3465 modum
2487 3409 2812 3481 exprimere.
2852 3407 3097 3464 Primum
3128 3409 3182 3463 in
3213 3408 3399 3478 digitis
3435 3406 3535 3466 De-

1946 3500 2140 3555 cadcm
2183 3499 2564 3557 circumferre.
2606 3499 2745 3555 Tum
2787 3499 2841 3555 in
2873 3516 3105 3572 corpore
3137 3510 3253 3556 toto
3286 3499 3533 3557 Dodeca-

1946 3590 2094 3654 dem,
2132 3592 2279 3662 quod
2332 3607 2410 3645 xu
2455 3591 2511 3646 in
2557 3594 2802 3648 membra
2832 3594 3114 3649 dividitur.
3146 3591 3226 3647 ita
3257 3593 3402 3647 enim
3433 3592 3537 3648 hoc

1940 3683 2332 3750 distribuunt,
2379 3691 2439 3737 ut
2488 3691 2543 3735 et
2586 3683 2844 3740 Veritatis
2877 3700 3099 3755 corpus,
3135 3684 3203 3740 de
3235 3701 3345 3756 quo
3376 3695 3534 3740 antea

1944 3774 2212 3835 diximus.
2261 3773 2574 3847 Ogdoadem
2627 3776 2895 3847 denique,
2950 3793 3072 3848 quae
3121 3792 3224 3832 nec
3272 3779 3535 3846 explicari

1947 3884 2238 3934 sermone,
2286 3884 2387 3924 nec
2423 3869 2600 3925 oculis
2632 3876 2810 3941 potest
2858 3869 3063 3940 percipi
3087 3910 3102 3936 ,
3136 3868 3192 3922 in
3222 3869 3533 3926 visceribus

1954 3957 2217 4013 latentem
2259 3957 2510 4028 intelligi.

2021 4047 2164 4105 XVI.
2193 4048 2394 4105 Praeter
2420 4050 2537 4105 haec
2565 4049 2757 4116 solem,
2786 4048 3057 4106 luminare
3088 4049 3222 4107 illud
3251 4066 3532 4122 magnum,

1945 4141 2020 4198 ad
2055 4140 2411 4197 indicandum
2448 4140 2702 4199 Tctradis
2738 4158 3028 4198 numerum
3062 4152 3260 4213 quarto
3287 4143 3377 4199 die
3405 4159 3535 4215 pro-

1951 4243 2196 4291 creatum
2250 4242 2462 4304 putant.
2497 4233 2655 4301 Quod
2703 4238 2881 4305 ipsum
2931 4234 3154 4290 Μοεοίοἰ
3190 4237 3531 4293 tabernaculi

246 4336 794 4409 κατασκευασθείσης
824 4339 880 4391 αὶ
903 4336 1084 4401 αὐλαὶ,
1107 4339 1169 4391 ὲκ
1186 4336 1412 4410 βύσσου,
1440 4338 1534 4393 καὶ
1561 4338 1839 4405 ὑακίνθου,

1950 4330 2120 4384 aulaea
2145 4330 2594 4399 repi‘msenta'sse,
2627 4343 2694 4382 ex
2717 4328 2905 4398 bysso,
2934 4327 3256 4404 hyacintho,
3290 4346 3533 4401 purpura

248 4428 350 4483 καὶ
391 4426 700 4499 πορφύρας,
758 4428 854 4481 καὶ
895 4428 1152 4481 κοκκίνου
1204 4430 1506 4497 γεγονυῖαι,
1541 4427 1641 4499 τὴν
1673 4428 1844 4500 αὐτὴν

248 4518 385 4590 παρ’
417 4517 601 4581 αὐτοῖς
625 4517 908 4585 ἐπέδειξαν
933 4517 1136 4572 εἰκόνα.
1163 4517 1267 4571 Τόν
1297 4534 1355 4570 τε
1390 4516 1487 4571 τοῦ
1528 4517 1719 4591 ἰερέως
1750 4535 1848 4572 πο-

234 4612 416 4683 δήρη,
462 4610 725 4684 τέσσαρσι
764 4609 1052 4681 στοιχείοις
1092 4609 1113 4641 ⁸
1153 4608 1315 4663 λίθων
1344 4608 1654 4663 πολυτελῶν
1683 4625 1844 4662 κεκο-

248 4701 558 4774 σμημένον,
600 4700 699 4774 τὴν
744 4701 990 4773 Τετράδα
1034 4699 1319 4772 σημαίνειν
1355 4698 1719 4772 διορίζονται·
1750 4699 1843 4753 καὶ

240 4796 305 4848 εἴ
337 4811 464 4850 τινα
508 4793 735 4848 τοιαῦτα
778 4796 954 4848 κεῖται
982 4794 1040 4846 ὲν
1061 4795 1181 4857 ταῖς
1210 4792 1476 4865 Γραφαῖς,
1503 4793 1584 4857 εἰς
1616 4790 1707 4845 τὸν
1732 4790 1865 4845 τῶν’

247 4887 539 4959 τεσσάρων
591 4885 863 4958 δυνάμενα
917 4883 1149 4955 ἄγεσθαι
1206 4885 1439 4957 ἀριθμὸν
1476 4883 1563 4938 διὰ
1593 4885 1696 4957 τὴν
1734 4883 1840 4937 Τε-

245 4979 494 5049 τρακτὺν
534 4975 716 5031 αὐτῶν
767 4992 901 5046 φασι
954 4975 1259 5045 γεγονέναι.
1306 4975 1418 5048 Τὴν
1462 4975 1520 5029 δὲ
1579 4974 1840 5045 Ὀγδοάδα

248 5069 416 5124 πάλιν
443 5066 753 5121 δείκνυσθαι
798 5067 993 5131 οὕτως·
1020 5068 1137 5121 ’Ἔν
1169 5068 1237 5139 τῇ
1277 5066 1440 5141 ὀγδόῃ
1469 5066 1581 5121 τῶν
1614 5065 1840 5138 ἡμερῶν

248 5160 565 5216 πεπλάσθαι
595 5160 915 5230 λέγουσιτὸν
938 5160 1247 5234 ἄνθρωπον.
1275 5161 1415 5215 Ποτὲ
1434 5161 1533 5233 μὲν
1554 5160 1664 5233 γὰρ
1678 5158 1844 5214 αὐτὸν

242 5257 315 5326 τῇ
347 5254 486 5327 ῑκτῃ
527 5253 808 5324 βούλονται
864 5254 1169 5323 γεγονέναι,
1216 5255 1345 5308 ποτὲ
1390 5255 1448 5308 δὲ
1485 5256 1552 5326 τῇ
1588 5253 1772 5326 ὀγδόῃ,
1794 5253 1843 5305 εἰ

251 5346 328 5419 μὴ
363 5346 458 5401 τὸν
490 5347 591 5418 μὲν
617 5346 799 5417 χοῖκὺν
815 5348 872 5399 ὲν
897 5349 963 5417 τῇ
987 5345 1122 5418 ἕκτη
1154 5345 1263 5400 τῶν
1287 5344 1514 5418 ἡμερῶν
1534 5343 1721 5417 ἐροῦσι
1744 5361 1843 5397 πε-

1951 4435 2231 4492 coccoque
2277 4427 2536 4474 contexta
2557 4419 2624 4474 ¹⁶.
2643 4412 2949 4490 Itidemque
2974 4422 3280 4477 sacerdotis
3304 4425 3533 4478 talarem

1953 4509 2194 4564 tunicam
2223 4516 2464 4579 quatuor
2488 4507 2797 4579 lapillorum
2811 4511 3097 4567 ordinibus
3123 4512 3440 4568 distinctam
3468 4515 3533 4570 ¹¹.
3605 4502 3626 4509 ’

1951 4602 2030 4657 Ac
2064 4603 2110 4658 si
2147 4617 2255 4672 qua
2283 4609 2413 4658 sunt
2434 4600 2854 4673 eiusdemmodi,
2894 4620 3016 4675 quae
3056 4605 3111 4660 in
3149 4607 3326 4663 sacris
3357 4605 3534 4663 Litte-

1950 4694 2029 4748 ris
2071 4693 2136 4749 ad
2166 4696 2584 4766 quaternarium
2615 4712 2907 4751 numerum
2943 4698 3355 4754 accommodari
3401 4715 3533 4772 pos-

1951 4792 2123 4854 sunt,
2183 4802 2338 4843 suam
2388 4787 2457 4842 ad
2512 4785 2803 4843 Tetradem
2856 4791 3132 4860 pertinere
3183 4793 3531 4848 confirmant.

1949 4877 2263 4950 Ogdoadem
2292 4895 2490 4936 rursus
2534 4880 2640 4935 hoc
2688 4880 2800 4936 fere
2830 4882 2992 4938 modo
3018 4884 3411 4942 demonstrari.
3452 4885 3538 4942 Et-

1948 4971 2092 5040 enim
2154 4979 2350 5027 octavo
2403 4971 2492 5027 die
2541 4972 2836 5027 formatum
2898 4974 3177 5031 hominem
3234 4985 3534 5047 asserunt,

1948 5079 2110 5135 quem
2166 5064 2304 5119 alias
2355 5071 2511 5121 sexto
2551 5065 2735 5136 potius
2773 5066 3104 5136 productum
3153 5068 3377 5138 volunt;
3427 5071 3534 5128 nisi

1951 5159 2092 5214 forte
2136 5165 2453 5214 terrestrem
2491 5159 2767 5216 hominem
2803 5167 2988 5227 sexto,
3018 5162 3300 5218 carnalem
3338 5171 3538 5221 octavo

1948 5251 2040 5307 die
2095 5250 2420 5306 fabricatum
2481 5253 2814 5326 intelligunt.
2862 5252 2991 5308 Haec
3029 5254 3177 5309 enim
3228 5256 3374 5328 apud
3411 5258 3536 5317 illos

1954 5344 2213 5420 distincta
2268 5342 2582 5401 sunt.‘Sed
2630 5345 2878 5402 nonnulli
2935 5345 3213 5407 diversum
3265 5331 3416 5405 illum
3450 5348 3535 5404 fa-

321 5508 337 5538 ¹
372 5507 515 5563 lren.
544 5503 763 5581 cbﬁdp.
792 5514 873 5571 et,
903 5504 962 5558 τὸ
1192 5507 1214 5536 '
1242 5505 1479 5581 lren._év
1508 5501 1587 5570 οἷς
1620 5505 1726 5581 εἰσι
1763 5490 1844 5560 καλ

1950 5507 1973 5581 i_.
2047 5505 2068 5537 ³
2089 5506 2233 5581 iret).
2270 5505 2364 5559 ἐπὶ
2402 5507 2537 5581 fciet
2582 5506 2809 5581 τούτοις.
2892 5506 3107 5568 ⁸1ι·θη..
3159 5509 3532 5581 Τριάκοντάδα

247 5575 270 5605 ⁸
300 5577 438 5633 lren.
484 5575 673 5646 πηγῆς
709 5576 956 5645 δύναμιν.
1007 5578 1123 5630 510x

244 5647 267 5677 ¹
297 5647 431 5703 Gen.
471 5664 510 5711 ι,
545 5648 600 5700 λεί.
693 5646 732 5676 ¹⁰
763 5646 928 5700 Exod.
968 5663 1111 5709 sxw.
1153 5649 1198 5702 l.

1164 5593 1261 5646 pro
1288 5647 1291 5648 ν
1323 5577 1515 5639 ταῦτα,
1578 5576 1811 5648 ταύτην.
1885 5577 1906 5607 ⁸
1934 5574 1973 5631 Ρ
1978 5592 2059 5632 or.
2086 5576 2322 5648 ἔχοντος.

2402 5578 2422 5609 ⁷
2460 5579 2600 5635 lrcn.
2640 5579 2800 5650 σῶμα
2840 5583 2987 5652 περί.
3043 5582 3064 5612 ⁸
3097 5578 3233 5635 lren.
3278 5578 3531 5649 στοίχοις.

1283 5647 1319 5679 "
1356 5648 1523 5702 Exod.
1562 5647 1754 5713 nvru,
1794 5647 1821 5702 4
1860 5665 1980 5718 sqq.
