3956 6070
240 234 345 294 617

239 356 423 414 αὐτῶν
455 356 547 412 διά
585 357 696 414 τῶν
728 360 987 418 τοιούτων
1017 361 1382 421 ἐπιδεικνύναι
1414 366 1837 439 φιλεριστοῢσιν.

889 241 1264 302 ADVERSUS
1302 202 1647 305 HERESES
1686 248 1815 305 LIB.
1859 250 1898 305 l.
1942 249 2107 309 TUM.
2149 252 2237 308 Ill.
2279 283 2348 292 -—-
2389 247 2659 307 ILERES.
2702 250 2944 307 XXXIV.

3429 255 3533 311 GIS

1950 380 2337 444 aggregarunt.
2388 370 2562 439 Quam
2595 376 2758 430 etiam
2807 374 2879 429 ob
2917 387 3143 430 causam
3176 373 3403 446 triginta
3432 392 3533 432 eu»
3599 378 3604 382 ’

242 451 392 508 bitos
422 452 769 510 tabernaculi
804 456 1085 529 longitudo
1113 461 1308 530 patuit.
1339 463 1421 517 Ac
1469 466 1517 520 si
1560 479 1668 535 qua
1724 473 1856 523 sunt
1896 468 2001 522 alia
2049 470 2168 540 pari
2225 468 2625 540 comprehensa
2660 484 2929 537 numero,
2999 484 3158 526 suum
3190 471 3257 527 ad
3296 472 3532 529 tricena-

239 548 387 603 rium
423 550 895 608 accommodanda
926 568 1050 609 esse
1078 555 1349 613 acerrime
1378 562 1741 616 contendunt.

312 644 424 697 ιη’.
481 644 806 713 Ἀναγκαῖον
865 649 878 679 ⁸
933 649 1228 722 ἡγησάμην
1626 611 1812 713 τούτοι

1943 669 1950 675 ·
2016 611 2206 705 XVIII.
2247 646 2460 717 Quibus
2514 648 2772 707 omnibus
2829 650 3176 723 adiungenda
3231 634 3531 729 scripturae

237 735 337 790 καὶ
366 737 469 791 ὅσα
505 738 637 809 περὶ
681 739 775 794 τοῦ
809 742 1166 815 Προπάτορος
1215 746 1415 814 αὐτῶν,
1456 748 1516 813 ὃς
1557 751 1837 820 ἄγνωστος

236 823 307 900 ἦν
331 831 609 893 τοῖς.πᾶσι
647 831 755 903 πρὸ
791 833 891 904 τῆς
917 833 1012 887 τοῦ
1048 837 1285 907 Χριστοῦ
1316 842 1640 914 παρουσίας,
1678 843 1835 899 ὲκλέο

236 936 434 989 γοντες
461 924 526 976 ἐκ
550 923 659 977 τῶν
695 924 933 996 Γραφῶν
961 926 1171 982 πείθειν
1194 932 1585 1004 ἐπιχειροῦσιν,
1616 936 1682 989 ἵν’
1716 938 1833 989 ἐπι-

234 1012 457 1081 δείξωσι
488 1013 582 1068 τὸν
614 1012 815 1088 Κύριον
855 1018 888 1089 ή
898 1016 1015 1089 μῶν
1049 1019 1208 1075 ἄλλον
1235 1026 1674 1094 καταγγέλλοντα
1724 1029 1837 1082 Πα-

235 1102 374 1175 τέρα
408 1103 564 1175 παρά
590 1105 684 1160 τὸν
713 1108 944 1180 ποιητὴν
977 1109 1129 1163 τοῦδε
1158 1111 1252 1165 τοῦ
1286 1116 1490 1182 παντός
1509 1131 1522 1145 ·
1547 1118 1626 1185 ὃν,
1650 1118 1835 1184 καθὼς

236 1196 583 1269 προέφαμεν,
635 1199 958 1266 ἀσεϐοῦντες
981 1243 997 1268 ,
1048 1193 1423 1277 ὑστερήματος
1453 1210 1662 1282 καρπον
1691 1206 1832 1266 εἶναι

234 1287 479 1358 λέγουσι.
538 1289 645 1345 Τόν
707 1292 839 1362 γοῦν
904 1296 1190 1368 προφήτην
1273 1299 1503 1356 Ἡσαΐαν
1566 1304 1828 1368 εἰπόντα,

247 1381 500 1451 Ἰσραὴλ
529 1382 598 1436 δέ
615 1400 694 1452 με
730 1385 844 1438 οὐκ
876 1384 1052 1454 ἔγνω,
1083 1387 1184 1441 καὶ
1216 1391 1249 1443 ό
1283 1392 1434 1458 λαός
1453 1410 1530 1463 με
1571 1398 1645 1452 οὐ
1677 1412 1830 1453 συν-

233 1472 372 1541 ῆκε,
424 1475 526 1545 τὴν
569 1474 666 1528 τοῦ
710 1476 946 1549 ἀοράτου
993 1479 1168 1534 Βυθοῦ
1219 1484 1498 1553 ἀγνωσίαν
1547 1490 1830 1561 εἰρηκέναι

236 1565 670 1638 μεθαρμόζουσι.
723 1563 837 1622 Kal.
875 1569 964 1625 διά
1027 1572 1186 1644 Ὠσηὲ
1234 1576 1296 1630 τὸ
1346 1578 1658 1651 εἰρημένον,
1707 1584 1830 1639 Οὐκ

229 1656 494 1712 ἐστινέν
519 1658 727 1727 αὐτοῖς
756 1660 1012 1730 ἀλήθεια
1037 1652 1181 1719 οὐδὲ
1200 1666 1528 1739 ἐπίγνωσις
1555 1672 1724 1738 Θεοῦ,
1748 1675 1830 1739 εἰς

206 1749 292 1817 ,τὸ
343 1750 480 1803 αὐτὸ
536 1750 833 1806 συντείνειν
878 1752 1177 1824 βιάζονται.
1223 1760 1355 1821 Καὶ,
1410 1764 1532 1817 Οὐκ
1579 1764 1756 1818 ἐστιν
1793 1768 1828 1820 ὀ

231 1840 484 1908 συνιὼν,
527 1842 568 1910 ἦ
599 1841 863 1911 ἐκζητῶν
891 1845 1002 1901 τὸν
1025 1849 1192 1904 Θεόν.
1212 1851 1447 1917 Πάντες
1474 1853 1822 1923 ἐξέκλιναν,

229 1933 353 2003 ἅμα
414 1934 856 2004 ἠχρειώθησαν,
903 1938 997 1992 ἐπὶ
1036 1939 1139 2011 τῆς
1182 1942 1278 1996 τοῦ
1329 1944 1504 2017 Βυθοῦ
1547 1948 1825 2016 ἀγνωσίας

226 2026 507 2081 τάττουσι.
533 2026 647 2081 Καὶ
675 2026 738 2082 τὸ
769 2026 858 2082 διὰ
883 2031 1165 2097 Μωῡσέως
1191 2033 1249 2087 δὲ
1269 2036 1582 2108 εἰρημένον,
1612 2040 1824 2107 Οὐδεὶς

225 2119 441 2189 ὄψεται
474 2119 585 2175 τὸν
612 2121 787 2185 Θεὸν,
804 2122 905 2177 καί
924 2122 1185 2194 ζήσεται,
1204 2128 1286 2192 εἰς
1304 2130 1510 2184 ἐκεῖνον
1533 2130 1678 2202 ἔχειν
1707 2132 1824 2187 πεί-

225 2210 381 2266 θουσι
404 2211 506 2283 τὴν
543 2212 845 2287 ἀναφοράν.
876 2214 980 2268 Τὸν
1015 2217 1113 2287 μὲν
1139 2218 1249 2290 γὰρ
1271 2220 1512 2291 Ποιητὴν
1543 2222 1825 2293 ἐπιψευδό-

226 2319 382 2374 μενοι
438 2303 546 2357 ὑπὸ
585 2304 695 2358 τῶν
726 2307 1023 2377 προφητῶν
1065 2308 1343 2379 ἑωρᾶσθαι
1370 2309 1623 2380 λέγουσι’
1647 2312 1711 2367 τὸ
1740 2313 1835 2379 δὲ,

227 2394 443 2462 Οὐδεὶς
494 2396 707 2466 ὄψεται
747 2398 858 2455 τὸν
887 2400 1065 2465 Θεὸν,
1107 2399 1207 2453 καί
1250 2399 1509 2467 ζήσεται,
1554 2403 1684 2476 περί
1724 2402 1820 2458 τοῦ

222 2487 464 2559 ἀοράτου
498 2489 766 2560 μεγέθους
801 2490 895 2543 καὶ
919 2488 1203 2559 ἀγνώστου
1238 2494 1350 2556 τοῖς
1374 2495 1540 2547 πᾶσιν
1565 2495 1819 2567 εἰρῆσθαι

1940 742 2260 801 testimonia
2331 742 2559 813 putavi,
2608 743 2812 814 quibus
2857 759 2958 799 sua
3009 745 3103 800 illa
3165 746 3233 803 de
3265 765 3528 822 supremo

1937 830 2173 889 Parente
2205 833 2418 887 somnia
2474 829 2723 888 stabilire
2755 843 3063 902 conantur,
3091 838 3183 907 qui
3227 849 3525 912 antequam

1938 923 2194 980 Christus
2226 924 2526 990 adveniret,
2549 925 2805 981 omnibus
2828 933 2946 981 erat
2971 929 3210 998 ignotus.
3244 930 3359 989 IIoc
3380 935 3524 991 enim
3584 982 3587 983 ν

1937 1015 2316 1072 demonstrare
2343 1014 2563 1071 student
2592 1032 2604 1067 :
2635 1014 2852 1073 Patrem
2879 1019 3068 1086 alium,
3098 1037 3259 1093 quam
3284 1028 3523 1084 universi

1936 1107 2308 1172 conditorem,
2339 1122 2370 1161 a
2398 1106 2624 1164 Christo
2659 1106 2887 1166 Domino
2917 1109 3091 1168 fuisse
3117 1115 3470 1185 praedicatum
3507 1138 3522 1187 ;

1935 1214 2097 1269 quem
2128 1200 2317 1265 etiam,
2351 1208 2411 1253 ut
2447 1207 2576 1255 ante
2609 1200 2881 1268 diximus,
2914 1218 2980 1259 ex
3011 1203 3225 1262 defectu
3265 1218 3523 1282 tanquam

1935 1291 2173 1348 fructum
2214 1291 2521 1349 efﬂoruisse
2571 1295 2933 1352 contendunt.
2977 1297 3138 1370 253
3192 1299 3348 1367 Quod
3378 1304 3522 1358 enim

1933 1383 2106 1443 Isaias
2138 1388 2404 1459 propheta
2436 1386 2574 1443 dixit
2605 1403 2618 1439 :
2654 1386 2831 1443 Israel
2861 1407 2980 1446 vero
3010 1408 3090 1469 me
3121 1410 3224 1448 non
3253 1399 3519 1468 cognovit,

1931 1485 1981 1531 et
2001 1477 2227 1547 populus
2258 1493 2338 1531 me
2371 1492 2475 1531 non
2510 1474 2771 1530 intellexit
2794 1476 2837 1541 δ,
2864 1476 2916 1532 id
2943 1479 3009 1534 ad
3039 1479 3188 1535 illius
3216 1480 3397 1553 Bythi,
3427 1485 3519 1555 qui

1931 1565 2173 1623 discerni
2203 1566 2383 1623 oculis
2414 1567 2621 1637 nequit,
2648 1565 3050 1637 ignorationem
3076 1573 3517 1629 accommodant.

1932 1659 2072 1714 Tum
2108 1659 2265 1723 illud,
2299 1658 2445 1729 quod
2474 1667 2558 1714 est
2588 1660 2730 1731 apud
2759 1658 2957 1716 OSeam
2991 1679 3004 1715 :
3041 1661 3167 1718 Non
3196 1665 3353 1719 estin
3386 1667 3520 1737 ipsis

1931 1750 2161 1816 veritas,
2205 1765 2366 1820 nequc
2410 1750 2639 1819 cognitio
2683 1749 2783 1805 Dei
2826 1752 2884 1817 ³,
2927 1752 3120 1808 eodem
3168 1754 3517 1811 referendum

1929 1839 2267 1897 existimant.
2302 1838 2435 1895 Item
2470 1856 2483 1892 :
2518 1839 2643 1896 Non
2677 1848 2757 1896 est
2784 1843 2875 1913 qui
2909 1842 3192 1915 intelligat,
3222 1854 3315 1900 aut
3339 1848 3519 1918 requi-

1929 1942 2016 1987 rat
2047 1932 2234 1988 Deum.
2269 1930 2461 1988 Omnes
2494 1932 2910 1999 declinaverunt,
2945 1935 3105 1988 simul
3142 1937 3357 1993 inutiles
3384 1939 3517 2009 farti

1927 2036 2049 2079 sunt
2073 2025 2124 2092 ⁶;
2157 2025 2224 2080 ad
2247 2025 2496 2081 eamdem
2528 2023 2686 2096 Bytlti
2721 2024 3123 2096 ignorationem
3150 2027 3514 2085 transferunt.

1927 2113 2065 2170 Illud
2093 2116 2321 2185 insuper
2343 2131 2409 2170 eo
2440 2115 2713 2185 pertinere
2736 2123 2984 2182 censent,
3017 2115 3162 2185 quod
3187 2116 3330 2188 apud
3361 2118 3543 2193 Μοῖρ’

1927 2220 2023 2262 sen
2049 2206 2247 2276 legitur
2277 2223 2290 2258 :
2328 2204 2497 2261 Nemo
2529 2205 2719 2260 videbit
2748 2203 2938 2271 Deum,
2968 2214 3017 2260 et
3057 2208 3187 2262 vivet
3219 2209 3262 2264 ⁷.
3302 2208 3513 2267 Etenim

1925 2297 2280 2355 Conditorem
2321 2297 2398 2352 illi
2436 2298 2704 2353 duntaxat
2750 2312 2780 2351 a
2819 2298 3102 2368 prophetis
3150 2310 3510 2372 conspectum

1926 2386 2101 2445 fuisse
2139 2402 2428 2459 perperam
2464 2387 2676 2443 volunt.
2707 2386 2857 2443 Istud
2890 2403 3023 2443 vero
3057 2403 3070 2440 :
3106 2387 3276 2444 Nemo
3317 2391 3513 2449 videbit

1925 2481 2131 2548 Deum,
2187 2492 2235 2538 et
2266 2484 2394 2538 vivet
2418 2523 2433 2548 ,
2487 2483 2554 2539 de
2596 2481 2887 2553 majestate
2923 2482 3013 2537 illa
3044 2500 3165 2556 qua:
3199 2500 3303 2543 nec
3336 2488 3509 2559 aspici

224 2580 459 2635 θέλουσι.
490 2581 603 2635 Kal.
650 2582 733 2635 ὅτι
782 2582 879 2652 μὲν
906 2580 1158 2654 περὶτοῦ
1200 2584 1433 2654 ἀοράτου
1475 2564 1686 2658 Πατρὸς
1727 2588 1817 2642 καὶ

1924 2574 2122 2644 possit,
2158 2564 2213 2630 et
2257 2575 2446 2646 ignota
2493 2577 2566 2632 sit
2609 2575 2872 2631 omnibus
2916 2579 3333 2645 pronuntiatum
3365 2579 3511 2636 amr-

223 2669 454 2743 ποιητοῦ
504 2670 615 2725 τῶν
665 2670 805 2726 ὅλων
860 2672 1075 2743 εἴρηται
1106 2671 1188 2737 τὸ,
1224 2673 1434 2740 Οὐδεὶς
1475 2674 1686 2744 ὄψεται
1710 2676 1827 2731 τὸν

225 2764 397 2829 Θεὸν,
440 2766 611 2819 πᾶσιν
643 2766 777 2836 ἡμῖν
829 2764 1062 2836 φανερόν
1101 2765 1284 2819 ἐστιν’
1311 2767 1395 2820 ὅτι
1439 2767 1497 2821 δὲ
1544 2768 1665 2822 οὐδὲ
1688 2768 1819 2840 περὶ

222 2855 316 2910 τοῦ
358 2856 495 2911 ἑπὶ²
527 2855 733 2910 τούτων
763 2857 1268 2930 παρεπινοουμένου
1297 2858 1492 2926 Βυθοῦ,
1521 2862 1658 2916 ἀλλά
1689 2864 1819 2936 περί

221 2948 317 3003 τοῦ
374 2949 743 3023 Δημιουργοῦ,
795 2950 889 3004 καὶ⁵
927 2950 1089 3015 αὐτός
1135 2952 1282 3005 ἐστιν
1317 2953 1347 3005 ό
1381 2951 1613 3026 ἀόρατος
1661 2954 1814 3022 Θεὸς,

220 3040 568 3112 δειχθήσεται
593 3040 687 3095 τοῦ
735 3040 896 3109 λόγου
930 3041 1232 3112 προϊόντος,
1276 3043 1388 3097 Καὶ
1416 3042 1508 3097 τὸν
1540 3045 1740 3117 Δανιὴλ
1759 3046 1816 3100 δὲ

219 3131 282 3186 τὸ
300 3131 435 3186 αὐτὸ
454 3132 614 3185 τοῦτο
642 3131 929 3203 σημαίνειν
966 3133 1026 3186 ἐν
1058 3132 1135 3204 τῷ
1159 3134 1438 3206 ἐπερωτᾷν
1470 3134 1561 3189 τὸν
1589 3136 1816 3206 ἄγγελον

221 3226 320 3290 τὰς
355 3224 637 3289 ὲπιλύσεις
664 3225 772 3279 τῶν
799 3223 1147 3296 παραϐολῶν,
1181 3225 1258 3289 ὼς
1298 3226 1373 3296 μὴ
1424 3227 1618 3282 εἰδότα.
1657 3229 1817 3285 Ἀλλά

1924 2672 2097 2720 mant.
2134 2666 2338 2722 Verum
2377 2667 2446 2727 de
2495 2683 2714 2735 summo
2750 2668 2866 2732 illo,
2899 2668 2995 2738 qui
3044 2670 3216 2724 videri
3253 2686 3363 2726 non
3410 2689 3509 2743 po-

1923 2750 2053 2822 test,
2082 2755 2245 2813 Patre
2273 2772 2339 2813 ac
2370 2759 2666 2815 Conditore
2691 2761 2935 2819 omnium
2964 2758 3096 2816 illud
3142 2763 3321 2832 ipsum
3352 2780 3522 2819 usur—

1922 2850 2041 2920 pari
2071 2866 2083 2902 :
2117 2848 2290 2906 Nemo
2318 2852 2509 2906 uidebit
2535 2851 2725 2918 Deum,
2753 2851 2916 2910 facile
2939 2870 3134 2911 omnes
3173 2855 3508 2928 intelligunt.

1921 2941 2068 3000 Idem
2097 2960 2227 3002 vero
2260 2961 2370 3002 non
2403 2944 2472 3001 ad
2506 2947 2803 3003 conﬁciunt
2829 2948 2981 3003 illum
3002 2949 3071 3004 ab
3096 2948 3220 3005 istis
3245 2949 3471 3021 Byllttmt
3493 2993 3510 3015 ,

1922 3036 2017 3092 sed
2064 3035 2133 3089 ad
2188 3052 2372 3092 rerum
2407 3038 2654 3091 omnium
2685 3039 2940 3109 opiﬁcem
2981 3042 3314 3105 convenire,
3353 3057 3509 3097 eum-

1920 3139 2027 3196 que
2075 3139 2178 3180 nec
2223 3125 2608 3195 aspectabilem
2638 3142 2761 3183 esse
2808 3126 2980 3183 Deum
3003 3171 3018 3195 ,
3048 3144 3078 3183 a
3109 3129 3270 3185 nobis
3319 3141 3508 3202 postea

1921 3216 2415 3274 demonstrabitur.
2446 3216 2673 3273 Addunt
2718 3218 2773 3273 id
2812 3219 2977 3274 etiam
3028 3221 3371 3292 signiﬁcasse
3400 3223 3509 3277 Dn-

220 3318 318 3371 καὶ
348 3317 443 3371 τὸν
474 3316 708 3386 ἄγγελον
737 3317 1224 3390 ἀποκρυπτόμενον
1250 3320 1344 3372 ἀπ’
1374 3319 1538 3373 αὑτοῦ
1572 3319 1634 3374 τὺ
1666 3322 1810 3394 μέγα

1924 3309 2142 3375 nielem,
2174 3324 2298 3365 cum
2331 3309 2398 3365 ab
2429 3309 2629 3381 angelo
2666 3309 3054 3380 parabolarum
3095 3313 3508 3382 interpretatio-

224 3410 524 3482 μυστήριον
550 3408 646 3463 τοῦ
687 3409 861 3464 Βυθοῦ
904 3412 1080 3465 εἰπεῖν
1109 3409 1258 3483 αὐτῷ
1278 3425 1291 3438 ·
1348 3411 1678 3483 Ἀπότρεχε,
1703 3417 1812 3469 Δα-

220 3502 396 3567 νιήλ·
434 3498 603 3560 οὗτοι
638 3502 750 3572 γὰρ
806 3506 860 3558 oi
904 3504 1076 3573 λόγοι
1113 3503 1594 3574 ἐμπεφραγμένοι
1631 3506 1810 3570 εἰσὶν,

217 3594 326 3662 ἕως
353 3597 409 3649 οἱ
430 3593 748 3661 συνιέντες
792 3593 1073 3659 συνιῶσι,
1097 3594 1194 3649 καί
1218 3597 1273 3649 ol
1304 3596 1512 3651 λευκοὶ
1549 3600 1811 3652 λευκαν-

217 3685 511 3758 θῶσι(57)
537 3703 553 3718 ο
589 3687 685 3741 καί
727 3687 926 3754 αὐτοὺς
971 3682 1267 3752 εἶναιτοὺς
1303 3688 1564 3757 λευκοὺς,
1607 3694 1700 3747 καὶ
1749 3687 1808 3747 εὖ

219 3778 502 3843 συνιέντας
532 3778 599 3832 αὐ
606 3778 781 3850 χοῦσι.

286 3961 435 4034 Πρὸς
482 3962 540 4016 δὲ
591 3961 814 4028 τούτους
874 3963 1153 4038 ἀμύθητον
1209 3964 1415 4038 πλῆθος
1474 3966 1810 4039 ἀποκρύφων

216 4054 314 4110 καὶ
338 4038 508 4110 νόθων
533 4055 781 4127 γραφῶν,
799 4055 866 4120 ἀς
882 4058 1038 4112 αὐτοὶ
1065 4058 1326 4125 ἔπλασαν,
1352 4038 1811 4132 παρεισφέρουσιν

216 4149 298 4212 εἰς
327 4147 672 4219 κατάπληξιν
711 4147 821 4202 τῶν
855 4150 1123 4221 ἀνοήτων,
1177 4152 1273 4205 καὶ
1319 4150 1391 4204 τὰ
1414 4151 1515 4221 τῆς
1551 4150 1810 4223 ἀληθείας

219 4241 298 4313 μὴ
352 4240 735 4312 ἐπισταμένων
788 4241 1114 4313 γράμματα.
1165 4241 1810 4315 Προσπαραλαμϐἀνουσι

212 4333 274 4388 ἃ
304 4335 389 4397 εἰς
432 4334 593 4388 τοῦτο
621 4335 842 4389 κάκεῖνο
892 4335 955 4389 τὸ
1005 4334 1406 4408 ῥᾳδιούργημα.
1451 4335 1527 4399 ὼς
1564 4334 1660 4388 τοῦ
1699 4336 1810 4389 Ku-

218 4425 337 4497 ρίου
369 4424 439 4479 τά
472 4425 561 4480 διά
590 4425 685 4480 τοῦ
713 4426 1035 4484 διδασκάλου
1066 4429 1086 4458 ³
1113 4427 1263 4498 αὐτῷ
1300 4428 1594 4498 φήσαντος,
1626 4427 1808 4492 καθὼς

215 4516 338 4581 ἔθος
363 4517 533 4582 ἐστὶν,
561 4517 698 4571 Εἰπὲ
725 4517 890 4587 ἄλφα,
919 4518 1321 4591 ἀποκρίνασθαι
1350 4519 1412 4573 τὸ
1442 4518 1608 4588 ἀλφα.
1640 4520 1811 4574 Πάλιν

214 4627 275 4664 τε
306 4609 372 4663 τὸ
402 4608 543 4680 βῆτα
569 4610 664 4664 τοῦ
698 4610 1021 4667 διδασκάλου
1052 4609 1408 4676 κελεύσαντος
1441 4613 1641 4677 εἰπεῖν,
1675 4614 1810 4667 ἀπο-

1921 3415 2046 3457 nem
2102 3401 2250 3457 velut
2294 3400 2519 3472 ignarus
2570 3402 2830 3474 postulat.
2884 3402 3150 3475 Angelum
3199 3420 3332 3461 vero
3387 3424 3508 3463 ma-

1917 3509 2083 3561 gnum
2122 3494 2281 3568 Bythi
2318 3496 2639 3569 mysterium
2687 3497 2867 3554 celare
2916 3498 3227 3571 cupientem
3276 3501 3351 3555 ita
3418 3518 3507 3558 res

1900 3588 2242 3658 *spondisse:
2279 3589 2444 3657 Vade,
2468 3590 2689 3655 Daniel;
2710 3593 2833 3663 quia
2865 3592 3031 3647 rlaus:
3056 3594 3507 3665 sunt,signatique

1916 3670 2220 3746 sermones,
2247 3698 2516 3752 quousque
2556 3682 2907 3753 intelligentes
2943 3685 3281 3756 intelligant,
3310 3697 3359 3741 et
3393 3688 3504 3743 albi

1919 3772 2233 3827 dealbentur
2262 3773 2304 3825 ⁸.
2346 3772 2417 3829 Se
2475 3773 2621 3829 enim
2658 3775 2814 3830 albos
2863 3776 2986 3831 illos
3031 3785 3085 3833 et
3137 3778 3505 3851 intelligentes

1914 3878 2039 3920 esse
2067 3861 2397 3934 gloriantur.

1983 3957 2435 4031 Apocrypharum
2464 3964 2750 4029 praeterea,
2784 3963 2840 4013 et
2875 3956 3302 4015 adulterinarum
3351 3962 3505 4017 scri—

1914 4060 2236 4123 pturarum,
2285 4066 2423 4122 quas
2472 4050 2693 4122 ipsimet
2744 4052 3042 4106 commenti
3100 4062 3249 4117 sunt.
3315 4055 3495 4110 inlini-

1914 4151 2027 4200 tam
2078 4143 2483 4200 multitudinem
2526 4143 2846 4213 obtrudunt,
2890 4144 3093 4214 quibus
3146 4146 3415 4217 imperitis
3439 4162 3503 4203 ac

1915 4250 2301 4308 germanarum
2343 4235 2753 4308 Scripturarum
2798 4236 3004 4305 ignaris
3041 4244 3321 4309 stuporem
3356 4240 3501 4311 obji-

1915 4328 2084 4385 ciant.
2125 4328 2267 4395 Quin
2310 4327 2442 4383 illud
2483 4328 2749 4384 scelerate
2780 4327 3073 4384 conﬁctum
3115 4329 3404 4400 proferunt
3447 4333 3500 4388 in

1914 4420 2154 4477 medium
2198 4419 2546 4483 :Christum,
2600 4435 2732 4490 puer
2797 4434 2922 4476 cum
2961 4430 3147 4487 esset,
3180 4423 3503 4497 litterasque

1914 4507 2174 4578 disceret,
2206 4511 2444 4584 iubenti,
2475 4522 2535 4568 ut
2565 4513 2790 4580 assolet,
2817 4516 3165 4586 praeceptori,
3185 4517 3283 4572 Dic
3311 4518 3499 4590 alpha,

1914 4605 2118 4677 Alpha,
2143 4605 2515 4676 respondisse.
2554 4604 2797 4662 Rursum
2824 4614 2882 4660 ut
2911 4607 3036 4663 beta
3062 4604 3269 4664 diceret
3304 4613 3502 4680 prreci-

214 4700 505 4773 κρίνασθαι
524 4700 618 4755 τὸν
648 4701 852 4774 Κύριον
878 4718 893 4734 ο
926 4701 1000 4756 Σύ
1043 4720 1134 4775 μοι
1159 4702 1425 4776 πρότερον
1459 4703 1579 4758 εἰπὲ
1613 4703 1667 4758 τί
1691 4707 1809 4758 ἐστι

1924 4700 2123 4772 pienti,
2175 4698 2535 4770 respondisse
2593 4698 2924 4755 Dominum:
2961 4698 3042 4755 Tu
3083 4701 3217 4756 mihi
3260 4703 3497 4773 primum

213 4793 272 4846 τὸ
292 4793 463 4863 ἄλφα,
495 4793 591 4847 καὶ
612 4792 733 4847 τότε
761 4811 844 4849 σοι
872 4793 979 4865 ipsi
1009 4794 1061 4847 τί
1091 4795 1209 4848 ἐστι
1234 4794 1296 4849 τὸ
1323 4793 1478 4866 βῆτα.
1511 4795 1623 4851 Kal.
1645 4794 1806 4851 τοῦτο

213 4883 558 4955 ἐξηγοῦνται,
577 4884 868 4950 ,ὡςἀύτοῦ
903 4884 1069 4955 μόνου
1094 4884 1155 4938 τδ
1185 4884 1464 4954 ἄγνωστον
1499 4887 1804 4958 ἐπισταμὲ-

213 4995 326 5042 νου,
357 4978 386 5031 ὅ
426 4978 777 5049 ἐφανέρωσεν
818 4979 877 5032 ὲν
914 4978 993 5050 τῷ
1023 4977 1180 5048 τύπῳ
1225 4977 1320 5033 τοῦ
1367 4978 1533 5049 ἄλφα.
1567 4981 1724 5034 Ἕνια
1746 4979 1803 5033 δὲ

215 5072 308 5125 καὶ
349 5069 461 5123 τῶν
496 5071 557 5123 ἑν
594 5069 672 5142 τῷ
701 5069 1020 5142 Εύαγγελίῳ
1064 5071 1336 5142 κειμένων
1378 5073 1459 5136 εἰς
1490 5071 1680 5126 τοῦτον
1713 5071 1806 5126 τὸν

213 5162 542 5236 χαρακτῆρα
586 5161 1058 5235 μεθαρμόζουσιν*
1118 5162 1196 5227 ὡς
1244 5162 1342 5234 τὴν
1381 5164 1519 5236 πρᾲς
1555 5165 1654 5236 τὴν
1701 5183 1805 5237 μη-

213 5254 345 5327 τέρα
381 5253 550 5333 αὐτοῦ
594 5254 958 5320 δωδεκαετοῦς
1000 5255 1153 5319 ὄντος
1204 5255 1497 5330 ἀπόκρισιν
1523 5272 1536 5286 ⁸
1575 5259 1696 5312 Οὐκ
1719 5257 1809 5312 οἷ-

290 5433 484 5489 ‘Adde
507 5433 599 5507 δέ.
702 5435 899 5507 ’_Ircn.
945 5436 1008 5489 ού
1054 5436 1182 5507 περὶ
1227 5433 1345 5507 τοῦ*
1373 5435 1498 5490 ὑπό.

219 5500 491 5571 θάνοντος,
521 5506 615 5558 καὶ
664 5505 759 5559 τοῦ
798 5506 968 5562 διδασ.
1049 5507 1069 5539 ⁸
1104 5500 1209 5562 lsa.
1246 5521 1285 5571 ι,
1320 5505 1374 5562 ὅ.
1448 5507 1472 5540 ³
1497 5504 1624 5562 Ose.
1659 5500 1815 5571 ιν,’1“.

1913 4793 2047 4865 quid
2087 4793 2161 4849 sit
2196 4793 2359 4864 alpha
2416 4792 2611 4855 dicito,
2643 4800 2759 4848 tum
2798 4808 2898 4865 ego
2946 4794 3076 4865 quid
3121 4794 3195 4852 sit
3239 4796 3364 4853 beta
3408 4814 3499 4854 re-

1914 4885 2221 4957 spondebo.
2253 4886 2412 4952 Quod
2446 4885 2524 4941 illi
2548 4882 2630 4942 sic
2670 4884 3127 4957 interpretantur,
3155 4889 3314 4960 quasi
3346 4891 3499 4948 solus
3566 4930 3573 4933 -

1915 4978 2070 5049 quod
2121 4984 2243 5034 erat
2297 4978 2544 5048 ignotum
2578 4975 2933 5046 intelligeret;
2962 4975 3130 5046 idque
3174 4978 3277 5033 sub
3305 4978 3503 5041 littera:

1914 5069 2079 5140 alpha
2138 5067 2322 5140 specie
2376 5068 2662 5132 declarare
2706 5067 2891 5123 vellet.
2952 5065 3225 5124 Nonnulla
3275 5084 3500 5142 quoque

1915 5177 2038 5233 quae
2082 5162 2138 5216 in
2188 5160 2819 5234 ErangelioJeguntur,
2864 5159 2932 5215 ad
2972 5159 3217 5218 eamdem
3266 5161 3498 5219 formam
3544 5166 3551 5167 “

1920 5256 2217 5327 applicant.
2263 5255 2425 5311 Velut
2455 5254 2599 5328 quod
2653 5254 2818 5310 matri
2863 5269 2978 5311 sua:
3008 5254 3296 5312 duodecim
3335 5264 3499 5313 natus

1610 5434 1630 5466 ³
1661 5433 1734 5490 Su
1742 5436 1817 5517 p97

1924 5435 2161 5517 ltitn‘ex
2227 5435 2370 5517 Iren.
2414 5438 2813 5517 παιδὸς-ὄντος,
2867 5441 2983 5517 καθ,Δ
3010 5428 3318 5517 γράμιματα
3362 5457 3498 5517 μαΥ.

1903 5508 1924 5539 ⁸
1948 5504 2096 5564 Psal.
2132 5522 2254 5573 xm,
2286 5508 2340 5564 5.
2416 5512 2435 5544 τ
2482 5508 2651 5567 Exod.
2692 5504 2883 5577 xxrtltt,
2921 5504 3065 5569 20."
3090 5504 3279 5569 “'Dan.
3311 5504 3412 5575 ιιιί,
3438 5512 3493 5567 9.

283 5710 399 5784 (37)
442 5710 558 5767 Kal
602 5714 656 5767 ot
700 5715 912 5773 λευκοί
961 5713 1366 5775 devitat-06m.
1401 5712 1460 5773 In
1502 5714 1691 5771 Graeco
1729 5721 1813 5773 est

1924 5714 1957 5768 ιί
1987 5712 2413 5796 ἐκλευκανθῶσι.

422 5807 699 5870 Puram.
734 5807 850 5869 Gn.
886 5811 1026 5873 XLI

3051 5804 3130 5863 20
