3956 6070
475 181 578 237 619

1883 177 1940 232 s.
1984 177 2324 240 armum
2397 159 2422 169 ’

3623 183 3723 248 6‘20

475 273 650 366 annos
678 301 963 374 respondit
1000 321 1014 356 :
1051 299 1381 366 Nesciebatis
1409 298 1547 369 quod
1590 299 1645 358 in
1675 298 1743 353 iis
1774 314 1891 370 qua:
1922 297 2033 352 Pa-

2141 300 2299 365 δατε,
2339 301 2426 355 ὅτι
2467 300 2537 360 ἐν
2579 301 2702 370 τοῖς
2740 301 2845 356 τοῦ
2873 301 3104 377 Πατρός
3138 320 3259 376 μου
3303 303 3393 360 δεῖ
3418 320 3498 376 με
3537 301 3723 366 circa;

475 398 571 450 tris
604 397 703 451 mei
732 404 876 460 sunt,
921 401 1122 465 oportet
1150 409 1232 446 me
1259 407 1371 446 esse
1401 391 1455 444 ‘?
1493 389 1657 474 254
1685 388 1858 455 Quem
1894 389 2040 446 enim

475 487 812 550 nesciebant,
839 484 1118 555 inquiunt,
1140 480 1354 536 Patrem
1382 479 1491 536 illis
1514 481 1824 536 nuntiabat.
1847 481 2046 546 Quam-

473 581 660 635 obrem
689 586 749 633 ut
780 579 1023 648 ignotum
1056 575 1322 631 hactenus
1377 573 1596 628 Patrem
1645 572 2040 644 pradicarent,

474 670 758 726 duodecim
791 669 860 724 ad
893 668 1069 723 tribus
1111 666 1332 722 misisse
1364 665 1516 720 illum
1549 664 1848 735 discipulos
1890 678 2042 720 asse-

471 769 619 816 runt.
655 759 861 816 Deinde
885 774 1011 814 cum
1063 759 1224 824 alius,
1260 757 1565 828 Prteceptor
1589 755 1752 830 bone!
1789 754 2039 821 dixisset,

471 869 594 911 eum
628 853 721 924 qui
771 868 898 923 vere
955 853 1134 908 bonus
1163 857 1249 906 est
1285 849 1454 905 Deum
1499 849 1700 905 diserte
1727 848 2040 910 confessum

471 943 660 1004 fuisse.
694 943 834 1010 Quid
873 959 974 1009 me,
1003 941 1202 1012 inquit.
1236 941 1368 996 dicis
1401 939 1634 996 bonum?
1667 939 1811 995 Unus
1841 950 1919 994 est
1950 940 2040 994 bo-

470 1053 593 1100 nus,
619 1035 782 1096 Pater
829 1037 919 1106 qui
964 1035 1018 1090 in
1068 1034 1208 1089 caelis
1237 1042 1314 1088 est
1358 1034 1400 1086 ¹.
1449 1031 1725 1088 (Σωιοτυηι
1755 1046 1920 1102 porro
1948 1047 2043 1088 no-

470 1129 619 1183 mine
659 1125 870 1183 Eonas
907 1125 1072 1186 modo
1119 1123 1465 1196 accipiendos
1501 1138 1642 1180 esse.
1676 1122 1832 1189 Quod
1861 1131 2039 1179 autem

470 1222 923 1293 percontantibus
957 1239 969 1276 :
1001 1219 1065 1274 In
1106 1237 1210 1291 qua
1265 1227 1520 1290 potestate
1578 1218 1675 1272 hoc
1702 1217 1836 1288 facis
1869 1218 1923 1272 "i
1951 1233 2035 1274 re-

469 1315 685 1384 spondit
714 1313 880 1379 nihil,
904 1310 998 1368 sed
1011 1312 1170 1366 aliam
1193 1310 1313 1380 ejus
1335 1309 1689 1381 quazstionem
1719 1308 2038 1380 pr0posuit;

459 1408 806 1478 declaratum
842 1403 974 1462 illud
1015 1419 1081 1458 eo
1111 1401 1327 1458 silentio
1361 1407 1577 1472 putant,
1627 1415 1898 1457 summum
1932 1399 2040 1454 Pa-

467 1509 603 1552 trem
644 1496 808 1551 nullis
849 1510 1013 1566 posse
1057 1493 1238 1550 verbis
1269 1494 1553 1564 explicari.
1581 1493 1743 1550 Velut
1772 1495 1934 1550 etiam
1963 1495 2038 1558 ita

457 1604 587 1644 cum
611 1588 829 1642 locutus
861 1592 944 1642 est
976 1602 988 1638 :
1020 1584 1170 1654 Swpe
1193 1602 1285 1656 ego
1325 1585 1626 1640 desideravi
1647 1603 1808 1640 unum
1831 1602 1897 1641 ea:
1926 1587 2035 1641 illis

2148 393 2243 445 Ὃν
2268 393 2368 446 οὐκ
2391 393 2634 464 ᾔδεισαν,
2660 393 2813 462 φασὶ,
2844 393 3065 466 Πατέρα
3106 395 3474 468 κατήγγελλεν
3505 397 3690 459 αὐτοῖς
3708 415 3722 426 ο

2141 483 2235 538 καὶ
2271 483 2358 537 διὰ
2387 483 2544 538 τοῦτο
2595 485 2876 556 ἐκπέμψαι
2917 485 3045 549 τοὺς
3079 485 3328 556 μαθητὰς
3361 486 3444 550 εἰς
3489 485 3590 550 τὰς
3621 486 3723 540 δώ·-

2141 574 2272 629 δεκα
2301 574 2493 644 φυλὰς,
2523 576 2900 648 κηρύσσοντας
2929 574 3020 628 τὸν
3043 576 3322 644 ἄγνωστον
3356 575 3542 638 αὐτοῖς
3571 575 3717 629 Θεόν.

2140 665 2248 720 Καὶ
2271 665 2347 737 τῷ
2378 667 2584 721 εἰπόντι
2607 667 2776 738 αὐτῷ,
2804 666 3143 728 Διδάσκαλε
3164 667 3369 737 ἀγαθὲ,
3392 667 3483 720 τὸν
3509 667 3721 738 ἀληθῶς

2141 757 2344 827 ἀγαθὸν
2394 758 2527 813 Θεὸν
2577 757 3022 830 ὡμολογηκέναι,
3077 758 3319 812 εἰπόνταο
3352 758 3414 811 Tl
3427 774 3507 826 με
3530 757 3720 828 λέγεις

2139 831 2399 918 ἀγαθόν,⁶
2423 842 2706 914 Εῖςέστιν
2738 847 2982 918 ἀγαθὸς,
3017 849 3051 900 ὁ
3075 846 3280 914 Πατὴρ
3299 847 3370 900 ἐν
3397 845 3529 912 τοῖς
3547 849 3718 916 οὐραῖ-

2139 939 2286 1004 γοῒς.
2317 939 2592 1010 Οὑρανοὺς
2617 939 2674 992 δὲ
2700 938 2794 993 νῦν
2815 939 2942 1003 τοὺς
2965 938 3179 1001 Αἰῶνας
3207 939 3457 1010 εἰρῆσθαι
3481 939 3719 1008 λέγουσι.

2140 1029 2250 1082 Καὶ
2274 1028 2364 1082 διὰ
2390 1030 2452 1083 τὸ
2479 1029 2553 1102 μὴ
2593 1029 2960 1102 ἀποκριθῆναι
2987 1032 3102 1093 τοῖς
3139 1030 3383 1084 εἰποῦσιν
3412 1030 3582 1101 αὐτῷ,
3629 1031 3722 1083 Ἐν

2140 1121 2283 1188 ποίᾳ
2320 1119 2570 1190 δυνάμει
2600 1121 2777 1176 τοῦτο
2809 1121 3038 1187 eratsic;
3066 1119 3201 1174 ἀλλὰ
3237 1123 3304 1192 τῇ
3343 1120 3720 1192 ἀντεπερωτή-

2142 1230 2224 1268 σει
2252 1213 2525 1286 ἀπορῆσαι
2555 1215 2753 1279 αὐτοὺς
2794 1216 2837 1278 9,
2884 1213 2947 1268 τὸ
2993 1215 3236 1288 ἄρρητον
3278 1213 3372 1267 τοῦ
3400 1210 3634 1285 Πατρὸς,
3662 1212 3720 1267 ἐν

2139 1304 2216 1376 τῷ
2240 1307 2414 1359 εἰπεῖν
2443 1307 2506 1372 ⁸ο,
2544 1307 2840 1377 δεδειχέναι
2871 1306 3030 1360 αὐτὸν
3063 1305 3406 1378 ἐξηγοῦνται.
3445 1305 3606 1360 Ἀλλά
3628 1302 3719 1360 καὶ

2139 1395 2197 1448 ὲν
2238 1394 2315 1465 τῷ
2343 1394 2640 1466 εἰρηκέναι,
2670 1393 2975 1461 Πολλάκις
3015 1395 3367 1463 ἐπεθύμησα
3395 1393 3509 1466 (58)
3538 1395 3715 1449 ἀκοῦ-

2139 1501 2242 1541 σαι
2271 1487 2382 1542 ἕνα
2429 1486 2548 1541 τῶν
2577 1489 2775 1557 λόγων
2813 1487 3057 1553 τούτων,
3101 1486 3200 1540 καί
3238 1488 3349 1541 οὐκ
3385 1486 3580 1557 ἔσχον
3613 1488 3719 1542 τὸν

2139 1577 2411 1646 ἐροῦντα,
2461 1578 2826 1649 ’ὲμφαίνοντός
2869 1595 3001 1647 φασι
3057 1577 3166 1630 δεῖν
3209 1576 3305 1635 διὰ
3341 1577 3436 1631 τοῦ
3475 1577 3596 1642 ἑνὸς
3627 1577 3715 1631 τὸν

464 1677 788 1734 sermonibus
814 1675 1018 1742 audire,
1046 1650 1138 1728 nec
1162 1650 1252 1745 qui
1271 1673 1469 1731 diceret
1497 1673 1680 1740 habui,
1714 1683 1920 1745 aperte,
1943 1674 2032 1728 in-

2135 1668 2346 1739 ἀληθῶς
2392 1669 2488 1723 ἕνα
2526 1669 2679 1734 Θεὸν,
2724 1668 2784 1723 ὃν
2831 1669 2932 1721 οὐκ
2981 1667 3337 1737 ὲγνώκεισαν.
3373 1668 3494 1721 Ἔτι
3541 1668 3601 1720 ἐν
3642 1669 3714 1738 τῷ

461 1772 683 1839 quiunt,
717 1782 888 1822 unum
927 1765 1165 1823 ostendit
1197 1781 1321 1822 esse
1361 1765 1569 1830 Deum,
1604 1781 1766 1837 quem
1811 1765 2034 1821 minime

465 1861 540 1916 illi
572 1866 928 1930 cognoscent.
971 1856 1052 1912 Ad
1087 1857 1202 1911 haec
1230 1871 1355 1911 cum
1385 1854 1727 1912 Hierusalem
1769 1857 2034 1913 accedens

465 1951 602 2019 ﬂevit
628 1966 781 2018 super
834 1965 972 2012 eam,
1000 1955 1050 2002 et
1083 1947 1220 2000 dixit
1257 1963 1275 2001 :
1321 1946 1382 2004 Si
1412 1948 1741 2017 cognovisses
1788 1959 1838 2003 et
1869 1957 1924 2003 tu
1946 1992 1960 2014 ,
1990 1963 2036 2002 et

465 2042 671 2115 quidem
715 2046 775 2097 in
819 2042 916 2096 hac
945 2039 1047 2105 die,
1095 2056 1212 2111 qua:
1241 2037 1308 2093 ad
1340 2052 1522 2107 pacem
1556 2048 1679 2094 sunt
1714 2039 1806 2093 tibi
1839 2055 1857 2094 :
1894 2057 2030 2096 nunc

463 2147 638 2190 autem
695 2133 1008 2188 abscondita
1041 2140 1164 2185 sunt
1216 2130 1311 2184 tibi
1336 2130 1358 2162 ⁸
1388 2147 1402 2183 :
1431 2131 1692 2188 vocabulo
1732 2130 1873 2196 isto,
1916 2129 2035 2184 abs-

460 2223 674 2278 condita
705 2232 848 2290 sunt,
888 2220 1156 2276 occultam
1198 2218 1356 2291 Bythi
1400 2229 1652 2274 naturam
1692 2220 2036 2276 abstrusam-

459 2331 565 2385 que
590 2313 1011 2370 demonstravit.
1041 2310 1509 2378 Quemadmodum
1536 2318 1589 2366 et
1625 2311 1776 2368 hisce
1809 2310 1986 2367 verbis
2013 2327 2027 2364 :

469 2408 648 2463 Venite
675 2407 743 2461 ad
771 2424 850 2461 me
893 2393 1076 2462 omnes.
1139 2406 1229 2477 qui
1257 2404 1535 2470 laboratis,
1569 2413 1618 2461 et
1641 2405 1847 2460 onerati
1880 2405 2029 2468 estis,

375 2529 382 2534 ι
455 2509 504 2554 et
527 2517 617 2572 ego
636 2499 871 2570 reﬁciant
900 2515 988 2552 vos
1017 2498 1037 2530 '
1060 2516 1075 2566 ;
1115 2505 1170 2553 et
1197 2517 1209 2552 :
1234 2495 1432 2552 Discite
1451 2515 1481 2552 a
1500 2516 1578 2554 me
1601 2500 1641 2563 ⁸,
1664 2511 1793 2565 etc.,
1813 2494 2031 2572 Verita-

457 2595 525 2648 tis
549 2591 835 2648 Parentem
862 2591 1133 2646 indicasse
1148 2587 1494 2662 conﬁrmant.
1518 2589 1674 2657 Quod
1697 2590 1842 2645 enim
1874 2591 2031 2662 igno-

453 2684 671 2748 rabant,
702 2683 978 2754 inquiunt,
1010 2683 1114 2738 hoc
1165 2697 1225 2739 se
1268 2660 1394 2739 illos
1440 2683 1762 2738 edocturum
1795 2660 2022 2753 recepit.

455 2777 740 2834 Postremo
786 2776 928 2832 hanc
982 2776 1130 2832 velut
1179 2792 1360 2832 arcem
1407 2776 1747 2848 probationis
1805 2791 1918 2831 sua:
1962 2791 2027 2832 ac

458 2865 734 2935 fastigium
793 2863 1109 2935 proferunt,
1146 2864 1292 2934 quod
1317 2864 1494 2938 “idem
1544 2865 1808 2920 Dominus
1840 2865 1977 2921 dixit
2011 2885 2023 2923 :

453 2957 719 3027 Conﬁteor
750 2955 865 3022 tibi,
901 2954 1062 3008 Pater
1084 2953 1308 3009 Domine
1322 2955 1438 3009 caeli
1455 2970 1518 3008 ac
1547 2963 1722 3020 term,
1749 2956 1874 3025 quia
1902 2957 2026 3012 abs-
2051 2989 2094 3048 Ο

461 3049 688 3104 condisti
740 3065 773 3102 a
836 3045 1160 3118 sapientibus
1199 3058 1248 3101 et
1291 3045 1660 3116 prudentibus,
1690 3056 1738 3100 et
1777 3048 2020 3103 revelasti

460 3159 521 3196 ea
554 3140 807 3209 paruulis.
837 3137 946 3206 Ita,
975 3136 1157 3201 Pater,
1175 3137 1423 3207 quoniam
1453 3153 1632 3191 caram
1662 3145 1709 3191 te
1738 3136 2024 3207 beneplaci-

454 3243 563 3286 tum
587 3241 664 3286 est
690 3230 838 3284 mihi.
874 3230 1066 3285 Omnia
1083 3229 1212 3282 mihi
1235 3228 1435 3282 tradita
1457 3238 1578 3282 sunt
1610 3245 1643 3281 a
1673 3227 1838 3284 Patre
1866 3246 1978 3283 meo
2007 3245 2025 3284 :

454 3333 504 3377 et
549 3338 698 3376 nemo
729 3323 868 3375 nouit
908 3319 1126 3384 Patrem
1181 3320 1286 3373 nisi
1317 3317 1517 3382 Filius,
1565 3326 1614 3371 et
1645 3317 1845 3371 Filium
1877 3335 2028 3374 nemo

453 3415 590 3468 novit
609 3415 711 3467 nisi
730 3412 891 3466 Pater
912 3420 962 3466 et
993 3411 1078 3465 cui
1109 3410 1326 3466 uoluerit
1364 3409 1540 3463 Filius
1575 3409 1861 3464 revelare’.
1901 3408 2030 3476 Qui-

454 3507 556 3560 bus
587 3505 764 3559 verbis
806 3503 1087 3558 evidenter
1124 3502 1228 3556 hoc
1260 3501 1328 3556 ab
1357 3501 1452 3555 illo
1481 3499 1819 3556 declaratum
1847 3501 2031 3557 existi-

455 3605 625 3660 mant,
658 3609 818 3666 quem
871 3593 976 3664 ipsi
1015 3592 1276 3650 Veritatis
1312 3592 1604 3649 Parentem
1636 3602 1844 3650 temere
1872 3609 2026 3650 com-

455 3687 628 3742 menti
661 3695 824 3753 sunt,
858 3685 1005 3740 hunc
1039 3692 1329 3755 antequam
1357 3683 1612 3755 Christus
1649 3686 1888 3743 venisset
1927 3700 2025 3741 ne-

452 3778 587 3834 mini
647 3777 816 3833 l'uisse
850 3775 1164 3848 cognitum;
1203 3786 1396 3831 contra
1443 3791 1574 3832 vero
1623 3776 1769 3832 istud
1802 3778 2021 3849 colligi,

445 3869 800 3926 Conditorem
857 3881 920 3922 ac
977 3866 1294 3923 Creatorem
1348 3874 1618 3938 perpetuo
1666 3868 2022 3925 manifestum

2132 1761 2437 1832 προσγόντα
2464 1761 2625 1815 αὐτὸν
2653 1764 2720 1832 τῇ
2763 1759 3136 1832 Ἰερουσαλὴμ,
3169 1759 3466 1829 δακρῦσαι
3490 1761 3584 1814 ἐπ’
3616 1764 3716 1815 αὺ-

2131 1852 2256 1917 τὸν,
2294 1851 2392 1907 καὶ
2440 1851 2660 1906 εἰπεῖν·
2707 1854 2776 1906 Εἰ
2828 1853 3018 1922 ἔγνως
3059 1852 3159 1906 καὶ
3207 1853 3289 1908 σὺ
3329 1851 3598 1921 σήμερον
3648 1853 3714 1905 τὰ

2133 1943 2278 2012 πρὸς
2332 1943 2608 2014 εἰρήνηνο
2648 1943 2866 2012 ἐκρύϐη
2897 1943 2963 1997 δέ
3006 1959 3123 1998 σου
3150 1944 3214 2009 ίί,
3247 1943 3335 1998 διὰ
3375 1944 3470 1997 τοῦ
3497 1943 3713 2011 ἐκρύόη

2135 2034 2375 2104 ῥήματος
2406 2035 2467 2088 τὸ
2499 2035 2820 2107 ἀπόκρυφον
2854 2035 2948 2089 τοῦ
2989 2035 3162 2090 Βυοοῦ
3193 2035 3579 2108 δεδηλωκέναι.
3607 2035 3714 2088 Καὶ

2133 2124 2293 2178 πάλιν
2323 2125 2566 2180 εἰπόντα·
2597 2126 2774 2181 Δεῦτε
2800 2128 2950 2195 πρός
2973 2143 3068 2197 με,
3096 2126 3380 2192 πάντεςοί
3392 2125 3711 2191 κοπιῶντες

2132 2215 2232 2270 καὶ
2255 2217 2725 2287 πεφορτισμένοι,
2746 2217 2908 2287 κάγὼ
2927 2217 3256 2273 ἀναπαύσω
3273 2215 3447 2286 ὑμᾶς·
3463 2216 3580 2283 καὶ,
3593 2215 3711 2271 Μά-

2132 2306 2262 2360 θετε
2281 2307 2380 2361 ἀπ’
2412 2307 2580 2377 ἐμοῦ,
2602 2305 2696 2364 καί
2729 2307 2797 2361 τά
2821 2307 2969 2378 ἑξῆς·
2988 2307 3079 2362 τὸν
3099 2308 3196 2379 τῆς
3219 2307 3476 2379 ἀληθείας
3499 2305 3710 2376 Πατέρα

2131 2400 2587 2472 κατηγγελκέναι.
2625 2402 2691 2456 Ὃ
2715 2401 2826 2473 γὰρ
2853 2402 2953 2455 οὐκ
2980 2402 3221 2474 ᾔδεισαν,
3251 2400 3407 2471 φησὶ,
3433 2400 3596 2454 τοῦτο
3614 2399 3708 2453 ab.

2127 2497 2240 2558 τοῖς
2269 2493 2554 2565 ὑπέσχετο,
2585 2491 2814 2558 διδάξειν
2845 2495 2888 2528 ¹²
2911 2493 3080 2566 δὲτὴν
3108 2493 3390 2548 ἀνωτάτω.
3414 2493 3526 2546 Καὶ
3552 2491 3710 2548 οἱονεὶ

2133 2586 2398 2658 κορωνίδα
2452 2587 2554 2657 τῆς
2613 2589 2923 2653 ὑποθέσεως
2986 2588 3166 2643 αὐτῶν
3219 2587 3446 2660 φέρουσι
3501 2587 3707 2642 ταῦτα’

2142 2679 2688 2749 Ἐξομολογήσομαί
2712 2696 2835 2746 σοι,
2865 2682 3059 2750 Πάτερ
3091 2682 3271 2750 Κύριε
3302 2680 3422 2735 τῶν
3442 2679 3708 2750 οὐρανῶν

2129 2771 2228 2826 καί
2253 2769 2361 2840 τῆς
2391 2772 2525 2841 ⁴Γῆς,
2549 2772 2638 2825 ὅτι
2662 2771 3019 2842 ἀπέκρυψας
3048 2772 3170 2830 ἀπὸ
3197 2770 3408 2841 σοφῶν
3428 2773 3528 2827 καὶ
3559 2787 3707 2827 συν-

2127 2863 2297 2927 ετῶν,
2346 2863 2444 2918 καί
2493 2863 2895 2933 ἀπεκάλυψας
2935 2863 3088 2918 αὐτὰ
3128 2864 3384 2932 νηπίοις.
3431 2863 3475 2895 ¹³
3512 2863 3636 2918 Οὐὰ
3677 2864 3709 2916 ὀ

2126 2951 2328 3022 Πατήρ
2356 2972 2497 3024 μου,
2528 2954 2618 3008 ὅτι
2650 2954 2993 3025 ἔμπροσθέν
3029 2971 3146 3010 σου
3185 2955 3434 3010 εὐδοκία
3460 2973 3566 3026 μοι
3590 2955 3710 3025 ἐγέ-

2125 3063 2280 3102 νετο.
2314 3046 2517 3103 Πάντα
2539 3066 2640 3118 μοι
2659 3048 2956 3118 παρεδόθη
2995 3049 3116 3103 ὑπὸ
3157 3048 3263 3103 τοῦ
3298 3051 3533 3116 Πατρός
3569 3066 3704 3117 μου·

2127 3139 2223 3193 καὶ
2243 3141 2443 3207 οὐδεὶς
2469 3141 2622 3211 ἔγνω
2664 3141 2774 3196 τὸν
2800 3141 3031 3210 Πατέρα
3056 3143 3108 3196 εἰ
3125 3141 3211 3212 μὴ
3242 3144 3276 3196 ὁ
3305 3141 3456 3207 Υἱὸς,
3482 3141 3580 3194 καὶ
3608 3141 3710 3194 τόν

2131 3233 2269 3288 Υἰὸν
2294 3235 2347 3286 εἰ
2373 3233 2459 3303 μὴ
2485 3237 2518 3288 ό
2543 3233 2768 3302 Πατὴρ,
2809 3231 2908 3288 καὶ
2931 3226 2980 3300 ᾧ
3001 3233 3081 3288 ἂν,
3105 3237 3138 3288 ὁ
3167 3235 3299 3300 Υἱὸς
3317 3234 3704 3302 ἀποκαλύψῃ.

2137 3323 2225 3378 Ἐν
2270 3323 2483 3387 τούτοις
2533 3325 2833 3398 διαρρήδην
2890 3325 3024 3394 φασὶ
3071 3325 3364 3396 δεδειχέναι
3413 3323 3600 3390 αὐτὸν,
3635 3326 3706 3388 ὡς

2126 3413 2216 3466 τὸν
2243 3414 2335 3467 ὑπ’
2373 3415 2534 3468 αὑτὸν
2562 3415 2606 3457 ιδ
2639 3415 3115 3488 παρεξευρημένον
3163 3416 3385 3487 Πατέρα
3427 3415 3708 3486 ’Δληϐείας

2130 3506 2236 3579 πρὸ
2261 3505 2362 3578 τῆς
2398 3508 2702 3579 παρουσίας
2746 3508 2912 3563 αὐτοῦ
2952 3508 3177 3580 μηδενὸς
3209 3507 3428 3570 πώποτε
3467 3509 3705 3577 ἐγνωκό-

2124 3614 2243 3664 τος·
2281 3601 2374 3653 καὶ
2407 3602 2837 3667 κατασκευάζειν
2890 3601 3156 3666 Θέλουσινς
3199 3598 3276 3665 ὼς
3331 3599 3427 3653 τοῦ
3471 3602 3705 3671 Ποιητοῧ

2125 3689 2220 3742 καὶ
2265 3688 2493 3744 Κτίστου
2523 3690 2610 3744 ἀεὶ
2639 3692 2744 3745 ὑπὸ
2772 3691 2988 3746 πάντων
3019 3690 3382 3762 ἐγνωσμένου.
3400 3691 3514 3745 Καὶ
3536 3692 3707 3746 ταῦτα

2123 3781 2212 3834 τὸν
2243 3781 2438 3858 Κύριον
2477 3784 2756 3856 εἰρηκέναι
2808 3785 2934 3858 περὶ
2965 3783 3056 3838 τοῦ
3102 3784 3382 3853 ἀγνώστου
3427 3787 3540 3850 τοῖς
3574 3787 3705 3840 πᾶσι

2123 3855 2448 3944 Πατρὸςδόν
2473 3855 2626 3930 αὐτοὶ
2657 3855 3104 3946 καταγγέλλουσι.

447 3963 705 4018 omnibus
729 3958 921 4016 fuisse.
949 3957 1077 4014 Haec
1099 3959 1244 4014 enim
1276 3959 1461 4014 omnia
1509 3959 1576 4015 de
1608 3959 1804 4030 ignoto
1829 3961 1923 4017 illo
1970 3959 2229 4032 Parente,
2259 3980 2421 4036 quem
2487 3965 2588 4036 ipsi
2628 3968 2946 4038 praedicant,
2991 3984 3023 4023 a
3077 3967 3298 4026 Christo
3344 3968 3702 4040 pronuntiata

445 4069 555 4108 non
595 4052 869 4107 dubitant.

523 4147 668 4204 XIX.
701 4148 721 4180 ⁸
757 4143 914 4213 Quod
954 4153 1138 4201 autem
1170 4143 1240 4200 ad
1266 4142 1719 4216 Redemptionem
1750 4146 2016 4215 pertinet,

2190 4146 2290 4202 16'.
2321 4143 2432 4216 Τὴν
2471 4145 2529 4200 δὲ
2555 4147 2656 4216 τῆς
2695 4145 3148 4220 Ἀπολυτρὼσεως
3179 4148 3361 4214 αὐτοῖς
3403 4152 3704 4224 παράδοσιν

445 4253 566 4295 eam
592 4253 770 4308 neque
793 4237 986 4308 aspici,
1013 4251 1192 4308 neque
1215 4235 1604 4307 comprehendi
1627 4236 1810 4291 animo
1858 4251 2022 4306 posse

2135 4237 2472 4309 συμϐέϐηκεν
2523 4238 2752 4310 ἀόρατον
2805 4234 2944 4292 εἶναι
2998 4239 3093 4295 καὶ
3129 4240 3553 4311 ἀκατάληπτον,
3608 4245 3701 4298 au

446 4329 757 4395 deﬁniunt;
789 4336 997 4398 utpote,
1035 4343 1158 4399 qua
1189 4343 1379 4384 eorum
1416 4334 1590 4382 mater
1614 4327 1706 4390 sit,
1743 4342 1863 4396 quae
1891 4343 2018 4398 pcr-

2135 4327 2226 4381 τῶν
2265 4328 2589 4400 ἀκρατήτων
2630 4327 2724 4381 καὶ
2765 4327 3013 4400 ἀοράτων
3057 4327 3270 4401 μητέρα
3322 4329 3698 4401 ὑπάρχουσαν.

446 4436 599 4492 mque
635 4419 903 4476 contineri
950 4434 1015 4474 ac
1040 4420 1212 4474 videri
1240 4427 1534 4490 nequeant.
1567 4420 1748 4486 Quare
1773 4435 1896 4475 cum
1928 4420 2018 4474 in-

2135 4421 2228 4475 Καὶ
2251 4420 2340 4473 διὰ
2364 4420 2522 4474 τοῦτο
2548 4421 2778 4476 ἄστατον
2807 4415 2992 4486 οὖσαν,
3023 4421 3123 4492 οὐχ
3151 4419 3356 4486 ἁπλῶς,
3388 4421 3512 4475 οὐδὲ
3542 4423 3626 4477 ἑνὶ
3657 4423 3700 4468 ’ἓ

447 4518 707 4566 constans
732 4519 895 4584 atque
922 4507 1200 4563 instabilis
1227 4509 1320 4574 sit,
1349 4524 1457 4562 non
1487 4509 1760 4563 unaillam
1791 4524 1856 4564 ac
1881 4509 2017 4566 sim-

2135 4513 2260 4583 tbyq)
2291 4513 2618 4582 ἀπαγγεῖλαι
2648 4513 2762 4567 ἐστι
2794 4513 2882 4574 διὰ
2907 4513 2970 4567 τὸ
3000 4513 3059 4567 ἓν
3074 4514 3302 4568 ἕκαστον
3328 4513 3532 4578 αὐτῶν,
3570 4516 3699 4572 καο-

447 4601 569 4672 plex
598 4599 776 4656 oratio
803 4599 1088 4668 complecti
1121 4605 1336 4666 potest;
1365 4597 1624 4666 quoniam
1657 4598 1726 4654 ab
1763 4615 2014 4670 unoquo-

2135 4605 2191 4669 ὓς
2221 4605 2374 4660 αὐτοὶ
2414 4603 2726 4674 βούλονται,
2773 4604 3127 4675 παραδιδόναι
3161 4604 3354 4676 αὑτήν.
3401 4604 3563 4669 Ὅσοι
3592 4605 3696 4675 γάρ

447 4709 552 4762 que
607 4692 827 4746 illorum
861 4704 962 4759 pro
1006 4704 1107 4744 suo
1153 4694 1290 4741 nutu
1332 4702 1396 4741 ac
1434 4687 1718 4745 voluntate
1757 4691 2014 4749 traditur.

2135 4695 2227 4748 εἰσι
2251 4692 2454 4764 ταύτης
2498 4692 2600 4763 τῆς
2641 4692 2867 4764 γνώμης
2906 4693 3274 4763 μυσταγωγοὶ.
3315 4692 3578 4748 τοσαῦται
3607 4693 3698 4749 καὶ

445 4780 606 4852 255
623 4780 765 4846 Quot
785 4779 929 4834 enim
951 4785 1077 4833 sunt
1101 4777 1246 4832 illius
1263 4776 1530 4848 dogmatis
1551 4793 1613 4832 ac
1633 4781 2020 4850 mysteriorum

2135 4782 2540 4854 ὶπολυτρὼσεις.
2570 4783 2680 4836 Καὶ
2712 4783 2791 4835 ὅτι
2822 4782 2919 4852 μὲν
2947 4783 3030 4846 εἰς
3055 4782 3343 4853 ἑξάρνησιν
3369 4782 3466 4836 τοῦ
3508 4783 3698 4854 βαπτί-

387 4891 392 4894 ·
446 4865 740 4935 antistites,
760 4868 983 4925 totidem
997 4877 1051 4923 et
1067 4868 1468 4940 redemptiones
1479 4883 1598 4924 esse
1615 4869 1824 4925 dicunt.
1841 4870 2020 4926 Enim-

2135 4891 2328 4947 σματος
2358 4873 2460 4944 τῆς
2508 4875 2588 4936 εἰς
2630 4871 2762 4934 Θεὸν
2788 4872 3220 4943 ἀναγεννησεως,
3261 4871 3360 4928 καὶ
3397 4874 3580 4943 πάσης
3603 4873 3697 4943 τῆς

449 4979 574 5020 vero
614 4972 782 5020 totam
817 4961 963 5016 illam
1002 4961 1236 5032 speciem
1287 4967 1450 5031 atque
1479 4975 1731 5032 pompam
1767 4962 2017 5033 ejurandi

2135 4965 2359 5027 πίστεως
2404 4961 2687 5026 ἀπόθεσιν,
2738 4960 3100 5031 ὑποϐέβληται
3128 4960 3190 5014 τὸ
3217 4955 3357 5034 εἶδος
3398 4960 3493 5019 τοῦ
3527 4961 3571 4992 ⁸³
3597 4962 3698 5016 ὑπὸ

444 5055 789 5125 baptismatis
837 5053 1149 5124 iteratzeque
1199 5053 1346 5108 illius
1399 5065 1430 5106 a
1488 5052 1600 5108 Deo
1653 5056 2020 5124 generationis

2135 5057 2219 5107 τοῦ
2245 5054 2480 5118 Σατανᾶ,
2509 5051 2822 5122 ἐλέγχοντες
2860 5050 3057 5124 αὐτοὺς
3075 5049 3498 5121 ἀπαγγελοῦμεν
3532 5050 3595 5113 ἐν
3623 5048 3698 5118 τῷ

446 5149 640 5216 gratia,
671 5160 726 5204 et
751 5146 1068 5219 abjiciendae
1100 5145 1223 5201 ﬁdei
1258 5160 1287 5199 a
1323 5143 1526 5200 Satana
1550 5146 1844 5202 conﬁctam
1870 5163 2015 5214 esse,

2135 5146 2456 5217 προσήκοντι
2479 5143 2650 5215 τόπῳ.
2681 5143 2913 5213 Λέγουσι
2939 5140 2996 5196 δὲ
3032 5141 3202 5213 αὐτὴν
3233 5140 3540 5218 ἀναγκαίαν
3562 5137 3694 5198 εἷναι

529 5287 543 5316 ¹
578 5279 801 5348 Ι.ιιο.ἰι,
836 5285 923 5338 42.
997 5289 1016 5318 ³
1047 5285 1235 5340 Matth.
1267 5301 1381 5345 nx,
1412 5283 1499 5340 ΓΙ.
1575 5285 1596 5318 ³
1627 5285 1760 5342 Luc.
1795 5304 1886 5348 xx.
1915 5287 1972 5342 2.

2135 5301 2220 5342 uc.
2246 5302 2358 5352 XIX,
2390 5285 2480 5341 42.
2556 5287 2577 5319 '
2601 5285 2788 5341 Matth.
2830 5301 2907 5350 χι,
2935 5285 3024 5340 28.
3131 5285 3151 5317 ‘
3181 5285 3311 5341 ibid.
3342 5285 3432 5343 29.
3510 5287 3532 5318 ⁷
3560 5285 3687 5342 Luc.

449 5372 500 5440 ξ,
531 5355 622 5418 2|,
865 5355 1006 5440 Iron.
1278 5356 1299 5386 '
1329 5353 1462 5440 For:
1493 5355 1628 5440 πρὸς
1660 5359 1749 5414 αὐ.
1770 5428 1807 5440 η
1828 5357 2033 5440 'ilren‘.

2135 5374 2146 5428 ι
2175 5357 2366 5440 eiecit.
2451 5358 2492 5440 ξι
2520 5355 2794 5440 Ιιεηερπὸ
2823 5355 2974 5437 σοῦ.-
3009 5357 3050 5386 ¹’
3072 5353 3212 5412 It‘en.
3245 5357 3515 5430 ὑπέσχετο
3551 5356 3688 5412 διδά-

447 5427 579 5488 ξειν.
668 5423 982 5488 Ἀπόδειξιν.
1090 5424 1133 5455 ’³
1168 5423 1345 5480 Lucas
1375 5426 1464 5478 ναί
1512 5421 1692 5482 habet.
1770 5428 1813 5461 “
1841 5427 1902 5484 F.
1961 5425 2030 5500 αὖ

2135 5421 2160 5482 Γ.
2236 5421 2280 5465 ⁸⁸
2324 5421 2386 5482 F.
2451 5427 2566 5482 ἕνα.
2647 5427 2690 5458 ⁸⁸
2730 5425 2860 5504 Leg.
2883 5425 3060 5482 τοῦτο.
3387 5421 3422 5430 ”
3487 5445 3504 5454 ί

515 5592 624 5666 (38)
666 5586 964 5654 Πολλάκις
994 5586 1361 5657 ἐπεθύμησα.
1411 5588 1688 5661 Nusquam
1737 5591 1851 5647 inec
1893 5598 2033 5646 sentt

2135 5606 2161 5644 a
2191 5591 2244 5645 in
2276 5591 2448 5647 sacris
2479 5588 2699 5646 Litteris
2729 5580 3016 5662 reperitur.
