4078 6074
508 264 616 321 823

1929 254 1987 311 s.
2026 238 2393 333 EPIPHANli

3682 256 3784 312 6'15

506 380 769 450 Spiritum
810 376 1028 443 bonum,
1059 384 1108 431 et
1150 374 1330 431 Vitam
1373 387 1623 445 quamam
1665 373 1723 429 in
1764 388 1982 445 corpore
2018 391 2084 429 re-

2203 375 2601 447 ἐπικαλοῦμαι
2629 375 2759 443 Φῶς
2780 343 3237 446 ύνομαζόμενον,
3264 370 3363 427 καὶ
3380 371 3624 443 Πνεῦμα
3647 372 3788 445 ἀνα-

502 472 706 546 gnasti.
738 469 971 537 Quidam
995 468 1160 540 256
1179 468 1255 523 ita
1285 466 1721 537 redemptionem
1750 465 2086 538 concipiunt.

504 566 779 620 Arcanum
823 569 879 617 et
915 560 1198 617 occultum
1235 558 1306 614 ab
1334 556 1484 613 omni
1511 555 1799 612 divinitate
1842 556 2094 612 domina-

502 672 671 731 tuque
719 669 785 712 ac
814 653 1046 710 veritate
1088 665 1311 717 nomen,
1365 648 1510 721 quod
1554 645 1718 705 Iesus
1770 647 2092 704 Nazarenus

503 750 707 815 induit,
743 748 801 803 in
847 746 977 802 vitis
1021 741 1251 799 luminis
1293 740 1525 809 Christi,
1576 740 1806 806 Christi,
1845 742 2091 812 inquam,

502 839 739 897 viventis
778 851 876 907 per
915 833 1183 906 Spiritum
1230 836 1506 895 sanctum,
1556 830 1611 884 in
1661 830 2091 900 redemptionem

500 930 826 1005 angelicam,
870 939 1072 982 nomen
1119 918 1809 986 restitutioniszdlessias,
1838 920 2088 991 uphareg,

499 1034 967 1091 namempsteman,
1012 1013 1317 1079 chatdwan,
1358 1011 1751 1077 mosomedaca,
1791 1013 2090 1081 arpltrame,

496 1132 690 1189 psaua,
717 1112 849 1167 Jesu
893 1109 1140 1165 nazaria.
1182 1106 1314 1174 Quae
1359 1104 1463 1160 hoc
1525 1104 1694 1161 modo
1736 1103 2091 1175 interpretari

499 1220 834 1281 possumus:
862 1200 988 1256 Non
1033 1197 1212 1254 divido
1242 1196 1522 1266 Spiritum,
1562 1194 1691 1263 Cor,
1734 1194 2092 1266 Virtutemque

497 1302 627 1356 acto
666 1296 1050 1362 sublimiorem,
1086 1288 1480 1347 misericordem
1501 1305 1522 1344 :
1542 1298 1713 1343 macte
1743 1288 1846 1342 sim
1880 1288 2092 1341 nomine

498 1406 609 1461 tuo,
634 1391 886 1448 Salvator
901 1385 1160 1443 veritatis.
1187 1382 1314 1440 Haec
1342 1384 1473 1438 dum
1499 1381 1568 1437 ab
1592 1380 1936 1437 antistitibus
1960 1394 2091 1451 pro-

495 1485 607 1543 lata
642 1476 794 1548 sunt,
826 1489 945 1536 tum
989 1479 1086 1551 qui
1133 1477 1310 1534 sacris
1348 1475 1596 1533 initiatur
1631 1474 1707 1529 ita
1749 1475 2087 1545 respondet:

495 1577 857 1649 Conﬁrmata:
903 1589 1045 1638 sum,
1086 1589 1151 1626 ac
1185 1570 1482 1641 redemptus
1511 1584 1530 1623 :
1559 1579 1611 1623 et
1637 1568 1818 1622 animo
1862 1583 1980 1621 mea
2022 1564 2088 1621 ob

493 1666 599 1728 Itoc'
621 1670 818 1726 strequ
850 1666 1195 1737 omnibusque
1227 1680 1347 1735 qua:
1372 1661 1437 1717 ab
1459 1678 1520 1717 eo
1546 1670 1691 1726 sunt,
1729 1660 2010 1715 redimitur
2034 1660 2087 1713 in

2198 467 2327 532 θὸν,
2352 468 2449 523 λαὶ
2480 467 2653 536 Ζωήν
2674 481 2691 497 ⁸
2726 467 2817 523 ὅτι
2844 467 2916 522 ἐν
2942 464 3172 536 σώματι
3193 465 3621 534 ἐϐασίλευσας.
3658 466 3785 520 ’Λλ-

2197 557 2279 612 λοι
2323 558 2379 612 δὲ
2433 558 2596 613 πάλιν
2634 558 2733 631 τὴν
2769 558 3037 629 λύτρωσιν
3081 555 3430 625 ἐπιλέγουσιν
3472 555 3646 621 οὕτως
3671 572 3685 588 ·
3727 557 3786 610 τὸ

2195 652 2366 723 δνομα
2401 650 2464 705 τὸ
2498 650 2992 722 ἀποκεκρυμμένον
3018 648 3126 704 ἀπὸ
3165 648 3350 721 πάσης
3382 647 3659 720 θεότητος,
3694 652 3787 705 καὶ

2196 743 2538 815 κυριότητος,
2568 744 2664 796 καὶ
2692 741 2973 813 ἀληθείας,
3009 740 3039 794 ὃ
3064 740 3354 796 ἐνεδύσατο
3389 740 3596 812 Ἰησοῦς
3618 743 3648 795 ὁ
3673 743 3781 797 Να-

2186 832 2429 904 ζαρηνὸς
2455 834 2512 886 ἐν
2545 835 2665 897 ταῖς
2692 832 2858 898 ζωαῖς
2881 831 2976 885 τοῦ
3012 832 3197 896 Φωτδς
3224 831 3318 887 τοῦ
3352 832 3613 905 Χριστοῦ,
3652 835 3782 906 Χρι-

2186 924 2323 979 στοῧ
2356 924 2558 990 ζῶντος
2581 925 2670 980 διά
2712 924 3030 997 Πνεύματος
3067 924 3225 994 ἁγίου
3262 926 3345 989 εἰς
3382 925 3656 998 λύτρωσιν
3683 927 3784 997 ἀγ-

2192 1014 2436 1088 γελικὴν,
2482 1015 2655 1089 ὄνομα
2701 1016 2764 1069 τὸ
2807 1016 2910 1088 τῆς
2955 1017 3474 1082 ἀποκαταστάσεως.
3517 1020 3782 1083 Hecales,

2192 1107 2464 1178 οὐφαρὲγ
2488 1107 2621 1179 (ιο),
2644 1108 3103 1178 ναμεμψαιμὰν,
3156 1101 3481 1177 itu/Ibatur,
3513 1125 3787 1181 μοσομη-

2190 1197 2340 1253 δαέα
2359 1239 2375 1265 ,
2428 1199 2725 1268 ἁκφραναὶ
2741 1239 2757 1266 ,
2813 1201 3017 1270 ψαούα
3034 1241 3051 1269 ,
3108 1201 3313 1271 Ἰησοῦ
3360 1202 3624 1273 ναζαρία.
3670 1206 3787 1260 Καὶ

2189 1290 2396 1345 τούτων
2432 1291 2489 1346 δέ
2528 1293 2561 1364 ἡ
2603 1294 2869 1366 ἑρμηνεία
2899 1294 3017 1348 ἐστὶ
3040 1294 3295 1368 τοιαύτη·
3339 1297 3421 1351 Οὐ
3468 1295 3676 1365 διαιρῶ
3716 1297 3785 1352 τὸ

2175 1382 2470 1465 Πνεῦμα,
2508 1383 2626 1453 τὴν
2679 1385 2977 1455 Καρδίαν,
3025 1385 3127 1441 καὶ
3176 1387 3291 1454 τὴν
3343 1387 3787 1457 ὑπερουράνισν

2191 1475 2476 1545 Δύναμιν,
2505 1473 2622 1545 τὴν
2649 1476 3023 1547 οἰκτίρμονα·
3056 1478 3315 1547 δναίμην
3353 1479 3459 1533 τοῦ
3490 1479 3786 1548 ὀνόματός

2190 1580 2329 1631 σου,
2360 1567 2566 1637 Σωτὴρ
2591 1569 2899 1639 ἀληθείας.
2947 1571 3059 1624 Καὶ
3097 1570 3271 1625 ταῦτα
3309 1571 3408 1643 μὲν
3438 1572 3785 1642 ἐπιλέγουσιν

2192 1664 2243 1717 οἱ
2269 1666 2423 1721 αὐτοὶ
2454 1667 2765 1735 τελοῦντες·
2801 1672 2832 1724 ὁ
2869 1670 2927 1725 δὲ
2962 1670 3346 1742 τετελεσμένος
3385 1670 3748 1743 ἀποκρίνεται
3766 1688 3784 1705 ·

494 1762 705 1820 nomine
730 1759 856 1828 Jao,
876 1758 967 1830 qui
990 1756 1158 1825 ipsius
1181 1753 1400 1811 redemit
1430 1752 1669 1806 anintam
1694 1750 1751 1804 in
1775 1749 2084 1818 redemptio-

2200 1754 2604 1830 Ἐστήριγμαι,
2633 1761 2733 1816 καί
2764 1750 3156 1832 λελύτρωμαι,
3189 1739 3291 1816 καὶ
3313 1739 3644 1832 λυτροῦξιαι
3670 1762 3785 1832 τὴν

461 1871 614 1921 ,κεηι
652 1854 709 1908 in
745 1850 959 1908 Christo
990 1850 1208 1904 vivente.
1255 1846 1338 1903 Ad
1390 1845 1507 1901 haec
1547 1834 1846 1928 praesentes
1894 1857 2085 1902 omnes

494 1946 823 2018 subjiciunt:
846 1943 964 1999 Pas:
979 1939 1222 1997 omnibus
1235 1938 1490 2010 inquibus
1509 1953 1695 1993 nomen
1718 1936 1862 1990 istud
1879 1937 2085 2007 requie-

493 2039 617 2093 scit.
649 2034 857 2093 Deinde
884 2033 1241 2106 opobalsamo
1270 2032 1546 2088 initiatum
1572 2038 1906 2101 perungunt,
1938 2029 2087 2100 quod

496 2128 760 2202 unguenti
787 2141 959 2200 genus
981 2122 1407 2196 ﬂagrantissimi
1444 2122 1593 2177 illius
1627 2121 1838 2189 odoris,
1863 2121 1957 2192 qui
1993 2137 2087 2178 su-

495 2237 593 2293 pra
618 2220 803 2277 omnia
825 2226 931 2284 est,
963 2217 1259 2289 imaginem
1290 2229 1413 2271 esse
1447 2220 1696 2270 censent.

2187 1850 2401 1920 ψυχήν
2418 1868 2539 1921 μου
2570 1852 2690 1908 ἀπὸ
2713 1851 2822 1907 τοῦ
2869 1851 3087 1919 αῑῶνος
3128 1854 3345 1909 τούτου
3389 1852 3491 1908 καὶ
3538 1855 3786 1908 πάντων

2187 1941 2308 1996 τῶν
2331 1942 2469 2013 παρ’
2500 1943 2689 1999 αὐτοῦ
2716 1944 2787 1998 ἐν
2819 1943 2900 2010 τῷ
2943 1945 3190 2014 ὀνόματι
3230 1944 3340 2000 τοῦ
3373 1943 3525 2010 Ἰαὼ,
3546 1943 3622 2011 ὃς
3644 1945 3785 1999 ἐλυ-

2188 2033 2455 2101 τρώσατο
2500 2036 2618 2107 τὴν
2655 2038 2871 2108 ψυχὴν
2911 2037 3099 2095 αὐτοῦ
3137 2039 3226 2103 εὶς
3256 2037 3685 2106 ἀπολύτρωσιν
3713 2038 3785 2092 ἐν

2187 2124 2268 2190 τῷ
2292 2126 2525 2195 Χριστῷ
2555 2128 2638 2194 τῷ
2670 2127 2857 2190 ζῶντι.
2886 2125 3002 2183 Εἶτ’
3036 2129 3377 2199 ἐπιλέγουσιν
3398 2131 3447 2183 oi
3476 2129 3748 2201 παρόντες
3765 2143 3785 2161 ·

2184 2214 2406 2285 Εἰρήνη
2436 2217 2645 2286 πᾶσιν,
2675 2220 2770 2289 ἐφ’
2816 2220 2925 2286 οὓς
2973 2219 3042 2275 τὸ
3092 2221 3279 2290 ὄνομα
3332 2219 3509 2274 τοῦτο
3556 2220 3787 2273 ἐπανα-

491 2317 763 2372 παύεται.
816 2315 1047 2369 Ἔπειτα
1098 2310 1384 2383 μυριζουσι
1440 2307 1532 2363 τὸν
1587 2308 1970 2379 τετελεσμένον
2021 2305 2099 2379 τῷ
2156 2307 2277 2382 ὀπῷ
2347 2310 2427 2383 τῷ
2469 2312 2576 2368 ἀπὸ
2614 2313 2892 2388 βαλσάμου
2924 2315 3075 2389 ’(41).
3131 2315 3204 2369 Τὸ
3251 2315 3361 2388 γάρ
3410 2315 3579 2387 μύρον
3625 2314 3789 2371 τοῦτο

492 2412 662 2468 τύπον
697 2411 799 2483 τῆς
829 2410 971 2483 ὑπὲρ
999 2407 1067 2462 τὶ
1092 2406 1189 2462 ὅλα
1220 2405 1449 2468 εὐωδίας
1481 2401 1621 2459 εἶναι
1649 2404 1921 2473 λέγουσιν.

502 2512 535 2553 .‘
563 2505 680 2563 Non
722 2506 924 2563 desunt
955 2504 1100 2560 inter
1123 2503 1269 2570 illos,
1310 2501 1403 2573 qui
1456 2500 1524 2555 ad
1557 2514 1754 2571 aquam
1782 2498 2087 2570 perducere

499 2611 972 2671 supervacaneum
1016 2594 1388 2658 arbitrantur;
1413 2591 1510 2648 sed
1543 2592 1725 2647 oleum
1760 2604 1901 2660 aqua
1943 2598 2087 2644 tem-

495 2696 745 2761 peratum
801 2702 928 2744 cum
991 2685 1331 2743 solemnibus
1378 2682 1653 2753 ejusmodi
1706 2681 2084 2747 carminibus,

494 2782 679 2854 qualia
716 2795 819 2837 nos
851 2780 1016 2851 paulo
1056 2783 1183 2834 ante
1213 2775 1521 2839 retulimus,
1556 2773 1898 2827 initiatorum
1937 2772 2088 2843 capi-

495 2874 644 2930 tibus
671 2872 990 2944 inspergant
1019 2887 1035 2923 :
1062 2868 1227 2938 idque
1257 2866 1481 2921 demum
1513 2863 1946 2935 redemptionem
1988 2877 2086 2919 no-

2268 2500 2440 2554 Ἔνιοι
2467 2501 2513 2556 δ’
2541 2502 2718 2557 αὑτῶν
2748 2503 2810 2557 τὸ
2852 2502 2951 2575 μὲν
2987 2504 3141 2574 ἄγειν
3198 2502 3293 2558 ἐπὶ
3321 2503 3384 2557 τὸ
3416 2503 3558 2576 ὕδωρ
3589 2524 3786 2577 περισ-

2193 2590 2287 2645 σὸν
2317 2587 2454 2646 εἶναι
2503 2594 2806 2664 φάσκουσι·
2861 2592 3114 2665 μίξαντες
3164 2594 3222 2648 δὲ
3263 2593 3441 2649 ἔλαιον
3490 2595 3586 2648 καὶ
3640 2596 3788 2671 ὕδωρ

2192 2684 2483 2739 ἐπιτοαυτὸ
2515 2688 2633 2756 μετ’
2659 2687 3004 2759 ἐπιρῥήσεων
3041 2687 3432 2759 ὁμοιοτρόπων,
3469 2683 3561 2753 αἷς
3595 2707 3789 2763 προει-

2197 2778 2465 2849 ρήκαμεν,
2496 2778 2849 2834 ἐπιεάλλουσι
2875 2783 2944 2853 τῇ
2985 2782 3196 2852 κεφαλῇ
3228 2781 3336 2834 τῶν
3361 2783 3783 2854 τελειουμένων.

2194 2867 2305 2921 Καὶ
2329 2868 2474 2921 τοῦτ’
2499 2864 2640 2923 εἶναι
2668 2870 2767 2942 τὴν
2792 2869 3171 2939 ἀπολύτρωσιν
3204 2867 3435 2922 θέλουσι.
3472 2869 3791 2942 Μυρίζουσι

495 2966 741 3031 minent;
788 2974 1105 3033 quanquam
1148 2958 1397 3014 balsamo
1440 2956 1546 3029 ipsi
1586 2956 1752 3013 etiam
1791 2957 2082 3028 inungunt.

2191 2958 2250 3013 δὲ
2284 2959 2379 3012 καὶ
2417 2959 2570 3014 αὑτοὶ
2604 2960 2682 3032 τῷ
2731 2960 3017 3032 βαλσάμῳ.
3046 2960 3227 3015 Ἀλλοι
3273 2960 3351 3028 δὲ,
3393 2960 3572 3015 ταῦτα
3605 2963 3789 3017 πάντα

492 3057 599 3113 Alii
631 3060 827 3111 contra
856 3051 1160 3124 repudiatis
1194 3048 1263 3104 iis
1293 3048 1551 3105 omnibus
1591 3054 1792 3119 negant
1819 3047 1945 3118 ejus
1972 3046 2086 3101 vir-

494 3148 649 3214 tutis,
686 3161 809 3219 qua:
849 3160 953 3202 nec
989 3141 1166 3199 oculis
1191 3141 1367 3208 cerni,
1397 3154 1500 3196 nec
1528 3154 1780 3195 sermone
1816 3138 2087 3194 declarari

496 3241 694 3315 possit,
712 3238 1041 3312 mysterium
1065 3252 1164 3308 per
1193 3233 1563 3306 aspectabiles
1586 3231 2089 3303 corruptibilesque

492 3342 778 3391 creaturas
795 3346 955 3405 posse
975 3328 1164 3402 perﬁci
1187 3340 1432 3394 ;eorum,
1458 3325 1704 3396 inquam,
1729 3338 1851 3394 qua:
1878 3322 2088 3394 cogita-

495 3427 699 3483 tionem
729 3438 946 3481 omnem
973 3421 1212 3492 fugiunt,
1260 3416 1619 3487 corporisque
1658 3422 1788 3471 sunt
1817 3413 2083 3485 expertia,

492 3514 563 3569 ad
588 3527 652 3567 ea
681 3527 804 3583 qua:
824 3510 1080 3567 sensibus
1105 3505 1503 3577 percipiuntur,
1532 3518 1909 3577 corporeaque
1930 3511 2085 3571 sunt,

491 3611 750 3677 oportere
796 3600 1030 3657 demitti.
1067 3595 1379 3655 Perfectam
1420 3595 1604 3668 itaque
1655 3595 2086 3667 redemptionem

493 3698 669 3769 ipsam
721 3710 846 3752 esse
902 3692 1299 3766 magnitudinis
1350 3688 1755 3761 inexplicabilis
1811 3687 2084 3743 notitiam.

491 3792 629 3849 Cum
657 3772 814 3848 enim
844 3788 1093 3845 deiectus
1120 3786 1303 3843 omnis
1346 3794 1402 3841 et
1443 3781 1784 3855 perturbatio
1828 3780 1897 3837 ab
1925 3780 2086 3852 ignoo

492 3882 675 3937 rantia
704 3878 1112 3952 proﬁciscatur,
1146 3874 1413 3948 quidquid
1448 3889 1513 3930 ex
1546 3888 1611 3930 ea
1641 3870 1937 3954 conilatum
1978 3878 2084 3938 est,

491 3975 831 4033 illaratione
859 3972 1095 4036 destrui,
1132 3972 1270 4028 adeo
1297 3978 1360 4026 ut
1404 3967 1647 4040 cognitio
1691 3966 1975 4023 interioris
2012 3966 2087 4023 sit

491 4069 734 4125 hominis
780 4065 1092 4136 redemptio
1126 4082 1141 4119 :
1174 4078 1243 4119 ac
1302 4076 1483 4134 neque
1520 4074 1789 4131 corporea
1834 4058 1927 4124 sit,
1968 4073 2085 4114 cor-

493 4175 595 4231 pus
638 4159 786 4215 enim
839 4154 1214 4228 corruptionis
1253 4167 1424 4225 capax
1472 4157 1559 4208 est
1598 4168 1612 4206 :
1646 4164 1748 4205 nec
1797 4148 2080 4216 animalis,

491 4252 639 4323 quod
677 4253 859 4307 anima
893 4267 961 4307 ex
1002 4247 1218 4306 defectu
1264 4244 1552 4318 prodierit,
1585 4242 1769 4313 sitque
1786 4241 1943 4305 velut
1970 4243 2081 4295 Pa-

2191 3052 2686 3125 παραιτησάμενοι,
2731 3052 3001 3125 φάσκουσι
3044 3057 3117 3128 μὴ
3156 3056 3264 3110 δεῖν
3304 3054 3366 3109 τὸ
3406 3055 3505 3127 τῆς
3538 3056 3787 3127 ἀρρήτου

2191 3144 2289 3199 καὶ⁸
2340 3145 2571 3220 ἀοράτου
2612 3145 2898 3218 δυνάμεως
2950 3150 3248 3221 μυστήριον
3310 3149 3380 3202 δι’
3430 3148 3645 3220 ὁρατῶν
3689 3149 3791 3203 καὶ

2191 3235 2449 3308 φθαρτῶν
2504 3237 2867 3292 ἐπιτελεῖσθαι
2927 3238 3276 3310 κτισμάτων,
3325 3238 3419 3292 καὶ
3468 3237 3579 3291 τῶν
3628 3239 3791 3291 ἀνενη

2189 3330 2396 3401 νοήτων
2439 3330 2534 3384 καὶ
2573 3330 2882 3402 ἀσωμάτων
2910 3329 2976 3383 δι’
3003 3330 3275 3401 αἰσθητῶν
3304 3331 3397 3385 καὶ
3423 3329 3784 3400 σωματικῶν.

2188 3415 2345 3476 Εἶναι
2372 3421 2429 3475 δέ
2464 3420 2677 3477 τελείαν
2701 3421 3087 3495 ,ἀπολύτρωσιν
3125 3420 3298 3492 αὑτὴν
3334 3422 3433 3492 τὴν
3480 3421 3789 3489 ἐπίγνωσιν

2188 3512 2281 3565 τοῦ
2319 3513 2559 3584 ἀρρήτου
2588 3512 2871 3585 μεγέθους.
2912 3512 3035 3565 ’Υπ⁹
3073 3512 3295 3580 ἀγνοίας
3319 3513 3427 3581 γὰρ
3463 3509 3788 3580 ὑστερήμα-

2187 3622 2279 3669 τος
2314 3605 2409 3659 καὶ
2437 3606 2642 3670 πάθους
2666 3607 2969 3675 γεγονότων
2992 3604 3081 3659 διὰ
3106 3603 3383 3674 γνώσεως,
3412 3601 3787 3656 καταλύεσθαι

2189 3700 2371 3753 πᾶσαν
2409 3698 2506 3771 τὴν
2539 3701 2605 3753 ἐκ
2629 3700 2733 3771 τῆς
2762 3698 2986 3768 ἀγνοίας
3014 3697 3304 3762 σύστασιν·
3340 3692 3482 3747 ὥστε
3512 3686 3656 3746 εἶναι
3681 3692 3787 3762 τὴν

2186 3790 2389 3861 γνῶσιν
2419 3792 2796 3863 ἀπολύτρωσιν
2838 3789 2932 3843 τοῦ
2973 3789 3121 3843 ἔνδον
3150 3783 3464 3863 ἀνθρώπου·
3503 3783 3601 3838 καὶ
3640 3783 3786 3854 μήτε

2189 3884 2509 3957 σωματικὴν
2531 3862 2799 3957 ὑπάρχειν
2836 3883 3005 3953 αὐτήν
3026 3898 3041 3914 ·
3076 3862 3316 3952 φθαρτὺν
3343 3875 3454 3950 γάρ
3479 3874 3540 3930 τὸ
3579 3874 3742 3946 σῶμα
3763 3891 3783 3906 ·

2189 3976 2330 4047 μήτε
2370 3975 2643 4048 ψυχικήν·
2674 3973 2797 4028 ἐπεὶ
2839 3972 2935 4026 καὶ
2983 3972 3019 4043 ἡ
3068 3968 3216 4041 ψυχὴ
3257 3966 3318 4032 ἐξ
3362 3966 3781 4036 ὑστερήματος·

2186 4068 2281 4122 καὶ
2309 4066 2422 4123 ἐστι
2452 4067 2545 4121 τοῦ
2569 4066 2783 4139 Πατρὸς
2807 4064 2995 4137 ῶσπερ
3018 4062 3353 4134 οἰκητήριον.
3385 4057 3782 4128 Πνευματικὴν

2184 4156 2279 4215 οὖν
2315 4161 2507 4215 δεῖκαὶ
2533 4159 2631 4233 τὴν
2668 4160 2935 4231 λύτρωσιν
2968 4157 3259 4228 ὑπάρχειν.
3287 4150 3632 4224 Λυτροῦσθαι
3666 4148 3780 4222 γὰρ

2185 4253 2274 4308 διὰ
2316 4254 2598 4317 Μωῦσέως
2638 4252 2731 4306 τὸν
2767 4251 2875 4305 ἔσω
2922 4249 3210 4323 ἄνθρωπον
3242 4248 3334 4303 τὸν
3384 4242 3774 4315 πνευματικόν.

491 4342 666 4399 rentia
717 4341 1081 4397 domicilium.
1121 4340 1306 4408 Quare
1363 4347 1421 4396 ct
1470 4336 1737 4410 spiritalis
1773 4333 2081 4406 redemptio

2187 4344 2298 4399 Καὶ
2337 4342 2627 4415 ἀρκεῖσθαι
2658 4341 2859 4405 αὑτοὺς
2888 4343 2955 4413 τῇ
2997 4341 3107 4394 τῶν
3138 4338 3276 4394 ὅλων
3312 4334 3642 4404 ἐπιγνώσει·
3679 4333 3780 4388 καὶ

493 4435 566 4492 sit
609 4440 848 4505 oportet.
884 4433 1100 4489 Etenim
1143 4448 1242 4504 per
1268 4430 1492 4503 Moysen
1532 4428 1762 4486 interior
1809 4426 1974 4482 homo
2019 4439 2086 4481 ac

493 4522 760 4594 spiritalis
800 4521 1113 4579 redimitur.
1145 4518 1382 4574 Proinde
1429 4517 1814 4574 universorum
1859 4528 1920 4570 se
1960 4527 2085 4569 esse

492 4615 686 4671 dicunt
734 4613 1046 4686 cognitione
1095 4612 1426 4676 contentos;
1478 4621 1709 4679 eamque
1766 4616 2083 4678 germanam

494 4704 925 4775 redemptionem
953 4700 1252 4772 appellant.
1272 4697 1551 4755 Hactenus
1580 4698 1843 4754 Irenaeus.

520 4784 523 4789 ’
560 4793 727 4866 257
763 4791 907 4848 XXI.
950 4790 1104 4847 Hanc
1133 4790 1487 4848 beatissimus
1520 4790 1612 4845 ille
1646 4803 1810 4845 senex
1840 4789 2077 4844 lrenaeus

491 4885 700 4942 erroris
753 4884 917 4941 istius
967 4889 1286 4939 accuratam
1335 4880 1752 4953 inquisitionem
1809 4877 2074 4943 instituit,

491 4991 822 5048 omnemque
865 4973 1232 5031 commentitii
1258 4971 1531 5046 dogmatis
1557 4971 1757 5029 seriem
1792 4971 2073 5028 ordinem-

491 5088 595 5144 que
668 5069 976 5144 proposuit.
1052 5067 1419 5135 Quamobrem
1452 5106 1469 5133 ,
1525 5074 1587 5120 ut
1639 5064 1798 5122 initio
1855 5062 2070 5137 praefati

560 5228 583 5261 ί
611 5227 679 5285 V.
707 5228 768 5284 C.
801 5227 994 5282 ταῦτα.

562 5385 677 5458 (40)
715 5384 957 5458 Mso'qia
978 5379 1269 5458 οῠφαρργ.
1313 5377 1464 5458 Nova
1495 5379 1706 5458 iterant
1721 5390 1914 5432 vocum
1948 5389 2074 5446 pro-

490 5448 670 5529 digia,
714 5450 1007 5527 inquibus
1051 5448 1376 5529 coriilit:ta_ri_
1408 5466 1583 5529 neque
1616 5448 1845 5529 Aotium,
1898 5460 2074 5514 neque

492 5520 672 5600 op'erae
719 5520 962 5600 pretium
1002 5530 1107 5578 est.
1138 5522 1314 5600 _Apud
1359 5520 1926 5600 lren.’_‘interprctem‘
1960 5529 2072 5600 non

491 5586 681 5656 eodem
714 5586 877 5667 atque
911 5593 1001 5667 hic
1029 5586 1489 5667 modo'leguntur.
1519 5588 1597 5667 ΕΞ
1630 5586 1739 5659 quo
1770 5586 2073 5667 supplenda

490 5670 632 5740 apud
685 5658 1048 5740 Epipltanium
1092 5658 1294 5740 vocula
1337 5662 1512 5740 est
1543 5658 1740 5740 pm?
1784 5659 2073 5740 ver'bouum

493 5725 956 5813 interpretatione.
985 5733 1181 5790 Scribe
1221 5734 1407 5806 igitur,
1436 5731 1511 5786 Οὐ
1540 5728 1733 5801 διαιρῶ
1757 5727 1818 5781 τὸ
1848 5725 2075 5799 Πνεῦμα

2185 4434 2391 4508 ταύτην
2438 4431 2579 4492 εἶναι
2628 4434 2898 4508 λύτρωσιν
2941 4432 3137 4506 ἀληθῆ.
3187 4431 3333 4495 Ἕως
3376 4423 3481 4484 ῶδε
3541 4427 3611 4482 rit
3671 4425 3779 4481 ὑπὺ

2186 4526 2498 4601 Εἰρηναίου.

2255 4789 2387 4845 KA'.
2429 4787 2647 4862 Ταύτην
2679 4788 2779 4861 τὴν
2811 4788 2989 4843 πᾶσαν
3022 4786 3227 4858 ἀκριϐῆ
3260 4784 3487 4858 ἔρευναν
3526 4784 3555 4837 ὁ
3588 4783 3777 4855 μακά·

2184 4898 2299 4954 ριος
2339 4880 2651 4954 πρεσϐύτης
2688 4882 2977 4953 Εἰρηναῖος
3032 4880 3326 4952 ἐποιήσατο
3350 4919 3367 4943 ,
3402 4875 3525 4930 καθ’
3575 4873 3779 4946 εἱρμὸν

2185 4972 2284 5044 μὲν
2332 4972 2510 5028 πάντα
2551 4972 2568 5045 ἕ
2607 4971 2896 5040 ἐνθέμενος
2926 4972 3025 5045 τῆς
3063 4970 3244 5026 αὑτῶν
3289 4969 3469 5040 πάσης
3513 4982 3779 5038 παραπε-

2180 5063 2485 5139 ποιημένης
2508 5064 2877 5131 διδασκαλίας.
2906 5065 3105 5136 Διόπερ
3144 5063 3210 5135 δὴ
3234 5102 3249 5128 ,
3283 5061 3360 5127 ὡς
3397 5060 3491 5115 καὶ
3522 5058 3628 5130 ἤδη
3679 5073 3778 5131 μοι

2168 5379 2719 5516 ΧῆὶὍοἌυρίζουσι
2751 5441 2821 5497 δὲ
2992 5440 3164 5496 αὐτοὶ
3203 5438 3288 5516 τῷ
3319 5434 3791 5516 ,ᾒαᾼσςὶμῳκεχ

2171 5507 2430 5573 Ecclesiae
2483 5507 2772 5572 catholica:
2828 5514 2961 5578 ritu,
3011 5525 3176 5583 quem
3223 5510 3369 5583 simii
3421 5508 3511 5583 isti
3572 5507 3798 5563 retine~

2173 5588 2339 5651 bant,
2387 5603 2514 5644 nam
2558 5593 2687 5659 post
2733 5579 3067 5658 baptismum
3119 5579 3313 5653 inungi
3346 5580 3599 5638 solebant
3641 5592 3801 5635 neo—

2174 5660 2346 5732 pliyti.
