4078 6074
116 140 131 149 ⁸
211 190 313 248 ses

805 184 1171 244 ADVERSUS
1209 182 1552 242 HERESES
1585 182 1716 240 LIB.
1756 182 1797 240 l.
1837 180 2003 242 TOM.
2039 179 2130 238 ΙΙΙ.
2167 208 2237 220 --
2274 176 2548 235 HERES.
2588 175 2827 235 XXXIV.

3356 170 3465 228 628

210 305 637 382 προδεδήλωται,
668 305 751 361 ὅτι
770 345 788 373 ,
842 306 955 370 τοῖς
990 306 1084 359 ὑπ’
1111 299 1297 359 αὑτοῦ
1331 300 1785 374 ἐσπουδασμένοις

1888 313 2102 365 sumus,
2133 297 2202 354 iis
2235 294 2504 361 contenti,
2529 309 2652 366 qua
2678 293 2753 350 ab
2780 291 2875 348 illo
2900 303 3105 363 magno
3120 288 3303 347 studio
3329 298 3459 346 sunt

212 395 567 469 ἀρκεσθέντες
590 433 607 460 ,
648 394 844 450 πάντα.
859 394 998 465 πρὸς
1028 393 1158 457 ἔπος
1213 393 1289 457 ὡς
1330 392 1459 463 παρ’
1490 390 1652 462 αύτῷ.
1679 391 1781 461 ἐμ-

213 488 473 560 φέρεται,
534 486 949 558 παρεθήκαμεν.
1016 483 1521 556 Ἀνατραπήσονται
1568 481 1675 553 γάρ
1724 481 1784 546 ἐξ

210 576 388 631 αὑτῶν
412 576 521 631 τῶν
552 566 706 647 παρά
736 574 830 629 τοῦ
866 574 1022 644 ἁγίου
1050 573 1244 642 ἀνδρὸς
1279 574 1358 635 είς
1386 571 1659 627 ἀντίθεσιν
1686 571 1785 643 τῆς

209 669 388 723 αὐτῶν
418 668 723 740 μοχθηρίας
760 667 1082 738 εἰρημένων.
1146 664 1337 735 Ἡμεῖς
1386 665 1493 736 γάρ
1534 663 1785 718 πιστεύο-

211 776 344 831 μεν,
375 758 451 822 ὡς
491 758 668 829 πάντη
696 759 732 830 ἡ
766 757 993 829 ἀλήθεια
1024 758 1344 826 ὑποφαίνει,
1385 757 1479 812 καὶ
1507 759 1536 810 ό
1567 755 1787 826 εὔλογος

208 849 465 921 λογισμὸς
497 850 848 914 ὑποτίθεται,
891 850 985 903 καὶ
1029 849 1108 920 τῷ
1146 850 1246 921 τῆς
1291 848 1571 914 εὐσεϐείας
1603 848 1786 903 κανόνι

209 941 663 1014 συμπεφώνηται,
690 941 768 1013 τῷ
796 958 856 995 τε
882 941 1032 1013 νόμῳ
1059 941 1155 996 καὶ
1181 944 1294 1006 τοῖς
1323 942 1662 1014 προφήταις,
1692 941 1787 995 καὶ

206 1034 318 1097 τοῖς
346 1032 460 1088 ἀπὸ
505 1033 615 1087 τῶν
659 1032 921 1087 ἀνέκαθεν
973 1032 1340 1104 πατριάρχαις
1387 1033 1530 1088 κατά
1561 1032 1789 1087 όικολου⁴

206 1124 349 1186 θίαν,
380 1126 447 1195 τῇ
481 1141 540 1177 τε
564 1123 731 1178 αὑτοῦ
760 1123 854 1177 τοῦ
884 1125 1134 1196 Σωτῆρος
1169 1124 1356 1196 διδαχῇ
1383 1166 1416 1191 ,_
1434 1124 1529 1179 ml.
1555 1125 1663 1179 τῶν
1687 1126 1785 1179 αύ-

205 1213 300 1267 τοῦ
332 1214 646 1268 ἀποστόλων
681 1212 867 1283 σαφῶς
894 1215 1040 1285 ἡμᾶς
1076 1212 1433 1268 διδασκόντων
1476 1214 1571 1268 ἕνα
1597 1214 1788 1286 ὁμολοο

204 1307 322 1373 γεῖν
351 1303 483 1358 Θεὸν
509 1304 763 1375 Πατέρα,
796 1304 1211 1376 παντοκράτορα
1242 1303 1352 1357 τῶν
1384 1304 1541 1369 ὅλων,
1575 1305 1669 1358 καὶ
1694 1305 1786 1358 τὸν

204 1395 412 1465 Κύριον
449 1393 608 1465 ἡμῶν
648 1393 855 1464 Ἰησοῦν
884 1395 1118 1465 Χριστὸν
1142 1436 1156 1461 ,
1209 1394 1304 1448 καὶ
1340 1394 1401 1448 τὸ
1434 1395 1588 1463 ἆγιον
1620 1394 1785 1448 αὑτοῦ

203 1485 431 1556 Πνεῦμα
452 1526 470 1552 ,
522 1485 649 1556 μίαν
690 1483 852 1552 ἁγίαν
887 1483 1095 1555 Τριάδα
1125 1484 1380 1540 ἀκτιστον
1402 1526 1417 1550 ,
1469 1482 1579 1537 τῶν
1611 1483 1786 1540 ἄλλων

203 1576 461 1630 ἀπάντων
509 1574 570 1641 ἐξ
598 1575 698 1629 οὐκ
726 1575 895 1630 όντων
920 1574 1225 1645 γενομένων
1269 1574 1409 1646 μετὰ
1440 1574 1659 1647 Πατέρα
1691 1576 1786 1637 καὶ

1886 390 2190 454 elaborata,
2231 394 2439 444 cuncta
2461 385 2703 458 proutin
2744 384 2867 455 eius
2905 398 3071 455 opere
3106 381 3458 439 continentur

1893 480 1963 536 ad
1992 478 2216 535 verbum
2250 475 2669 547 exscripsimus.
2715 472 2900 530 Facile
2945 472 3095 527 enim
3125 486 3192 527 ex
3223 471 3311 539 iis,
3343 486 3466 542 quae

1893 582 1925 622 a
1961 566 2318 623 sanctissimo
2356 564 2474 619 viro
2515 564 2583 618 ad
2631 562 2780 620 illius
2814 559 3169 618 refellendam
3205 560 3469 632 improbi-

1885 668 2051 717 tatem
2076 659 2293 732 prodita
2319 664 2470 721 sunt,
2521 657 2692 712 everti
2740 653 3125 727 profligarique
3184 660 3464 724 poterunt.

1884 751 1996 809 Nos
2026 752 2172 807 enim
2211 750 2265 806 id
2301 749 2447 821 quod
2484 748 2690 805 veritas
2721 748 2839 820 ipsa
2860 762 2972 819 pra:
3000 762 3059 803 se
3088 745 3314 802 omnino
3339 742 3463 810 fert,

1886 843 2142 915 quodque
2190 849 2246 897 et
2290 842 2534 914 prudens
2589 841 2730 895 ratio
2776 837 3087 911 persuadet,
3126 847 3181 894 et
3218 837 3465 894 veritatis

1883 936 2087 1007 regulae
2142 943 2574 991 consentaneum
2619 939 2724 999 est,
2775 932 2900 1004 legi,
2954 946 3020 988 ac
3072 930 3375 1003 prophetis,
3408 940 3465 985 et

1884 1024 2251 1095 patriarchis,
2303 1024 2398 1095 qui
2446 1022 2553 1079 sibi
2602 1022 2843 1078 invicem
2887 1029 3311 1085 successerunt,
3362 1036 3465 1077 nec

1886 1129 2001 1170 non
2060 1122 2173 1170 tam
2236 1114 2541 1171 Salvatoris
2594 1114 2811 1185 ipsius,
2874 1129 3038 1185 quam
3095 1112 3465 1184 apostolorum

1886 1207 2154 1262 doctrina:
2183 1206 2463 1262 credimus
2489 1228 2505 1262 :
2541 1220 2573 1259 a
2598 1205 2800 1277 quibus
2828 1194 3119 1261 manifeste
3152 1203 3464 1269 didicimus,

1889 1312 2061 1352 unum
2110 1296 2361 1352 confiteri
2412 1297 2583 1351 Deum
2637 1298 3022 1352 universorum
3050 1296 3265 1352 Patrem
3287 1296 3468 1368 omni-

1886 1396 2188 1460 potentem,
2227 1404 2290 1444 ac
2318 1387 2610 1444 Dominum
2644 1395 2897 1444 nostrum
2926 1387 3113 1445 Jesum
3140 1387 3423 1452 Christum
3445 1426 3462 1451 ,

1886 1488 1943 1536 et
1975 1481 2245 1553 Spiritum
2277 1488 2553 1544 sanctum,
2586 1495 2751 1535 unam
2783 1487 3030 1535 sanctam
3061 1480 3466 1550 increatamque

1887 1571 2209 1627 Trinitatem
2242 1610 2258 1635 ,
2308 1587 2435 1626 eum
2487 1580 2685 1626 caetera
2720 1579 2844 1642 post
2884 1557 3125 1634 Patrem,
3159 1579 3213 1625 et
3241 1568 3461 1637 Filium,

203 1667 334 1723 Υίὸν
357 1667 452 1721 καὶ
480 1666 635 1736 ἆγιον
658 1665 905 1737 Πνεῦμα.
944 1665 1133 1730 Οὑτως
1161 1683 1220 1720 τε
1249 1666 1400 1741 παρὰ
1433 1666 1649 1721 πάντων
1675 1667 1784 1720 τῶν

1886 1670 1941 1717 et
1975 1661 2241 1733 Spiritum
2275 1675 2526 1720 sanetum
2553 1678 2620 1719 ex
2653 1663 2827 1717 nihilo
2850 1661 3119 1732 producta
3160 1661 3292 1718 sint.
3332 1660 3464 1729 Quae

201 1758 619 1831 προειρημένων
646 1757 813 1826 ἁγίων
848 1757 1142 1828 προφητῶν
1170 1775 1229 1811 τε
1260 1759 1354 1811 καὶ
1384 1757 1784 1828 εὐαγγελιστῶν

201 1850 298 1904 καὶ
329 1849 642 1904 ἀποστόλων
686 1847 871 1918 σαφῶς
901 1848 1337 1921 ὡμολογημένων
1362 1851 1456 1903 καὶ
1488 1867 1784 1903 πεπιστευ-

204 1940 385 2014 μένων
409 1982 425 2006 ,
478 1940 579 1993 οὑκ
610 1938 676 1994 ἂν
705 1938 957 2010 δυνηθείη
992 1939 1286 2012 κυϐευτική
1325 1956 1411 2004 τις
1454 1939 1664 1995 ἐπίνοια
1692 1942 1786 1995 ἀν-

200 2035 407 2104 τισχεῖν
446 2032 582 2104 πρὸς
608 2031 707 2102 τὴν
746 2032 940 2084 ἀκτῖνα
971 2030 1073 2101 τῆς
1101 2031 1357 2104 ἀληθείας
1382 2048 1395 2061 ·
1425 2030 1500 2096 ὥς
1543 2049 1607 2101 γε
1652 2034 1783 2103 ἡμῖν

200 2124 463 2188 πολλάκις
516 2122 659 2177 κατὰ
698 2122 897 2185 πλάτος
935 2122 1148 2194 εἴρηται
1179 2126 1236 2178 ἐν
1267 2128 1335 2197 τῇ
1376 2124 1512 2196 πρὸς
1545 2124 1784 2195 ἑκάστην

199 2217 415 2288 αἵρεσιν
453 2216 728 2270 ὑποθέσει.
767 2215 853 2280 Ὦς
882 2214 1180 2282 ἐξάπαντος
1214 2215 1503 2287 φωρᾶσθαι
1532 2216 1628 2269 καὶ
1654 2214 1783 2269 τοῦ·

196 2324 293 2361 τον
322 2308 567 2380 άγύρτην
595 2308 688 2361 καὶ
720 2306 1070 2360 θανατοποιὸν
1099 2305 1365 2371 ίσοτύπως
1392 2309 1510 2370 ταῖς
1532 2323 1786 2378 προειρη-

203 2397 398 2467 μέναις
419 2438 436 2464 ,
472 2395 784 2462 ἐπιδείξεως
828 2394 989 2473 χάριν
1022 2396 1118 2450 καὶ
1153 2396 1472 2469 περιεργίας
1503 2395 1572 2450 τὰ
1614 2396 1785 2467 μεγά-

198 2485 269 2540 λα
296 2485 472 2541 ταῦτα
496 2486 839 2540 καττύσαντά
866 2503 925 2539 τε
964 2486 1056 2540 καὶ
1087 2487 1560 2561 μηχανησάμενον.

269 2751 403 2805 ΚΒ¹.
436 2749 807 2822 Παρελθόντες
840 2749 896 2804 δὲ
950 2752 1045 2806 καὶ
1086 2750 1185 2822 τὴν
1221 2750 1411 2804 τούτου
1454 2748 1778 2822 μοχθηρίαν,

195 2845 296 2897 καὶ
336 2844 448 2897 τῶν
481 2845 581 2897 ἀπ’
600 2844 765 2897 αὑτοῦ
810 2843 1155 2917 Μαρκωσίων
1181 2842 1488 2914 λεγομένων
1512 2884 1526 2909 ,
1565 2844 1658 2898 ἐπὶ
1683 2843 1785 2908 τὰς

197 2934 331 3003 ἑξῆς
370 2933 699 3005 σπεύσωμεν
723 2974 737 3000 ,
786 2927 832 2987 ὦ
872 2934 1226 3006 ἐπιπόθητοι,
1272 2935 1371 2998 τὰς
1410 2932 1589 2990 αὑτῶν
1628 2933 1785 3006 ῥίζας

195 3025 368 3079 πάλιν
399 3025 794 3097 ἀνερευνῶντες
822 3065 838 3092 ,
896 3025 991 3080 καὶ
1038 3024 1149 3079 τῶν
1194 3025 1425 3098 καρπῶν
1462 3024 1640 3080 αὐτῶν
1683 3024 1784 3097 τὴν

196 3114 428 3187 πικρίαν
457 3115 843 3193 ἀφανίζοντες,
870 3116 971 3187 τήν
1005 3132 1064 3169 τε
1097 3115 1406 3189 ἀνατροπὴν
1439 3116 1534 3170 καὶ
1567 3115 1639 3170 τὸ.
1665 3116 1784 3170 κατ’

195 3209 402 3270 αὐτοὺς
447 3207 626 3261 πάντα
669 3207 1069 3272 ἐπιδεικνύντες
1094 3247 1109 3273 ,
1144 3209 1245 3262 οὑκ
1296 3210 1377 3273 είς
1427 3207 1632 3280 βλάϐην
1675 3207 1786 3263 τῶν

196 3297 638 3368 ἐντυγχανόντων
659 3340 674 3365 ,
707 3298 843 3354 ἀλλά
889 3302 970 3364 είς
1017 3300 1334 3374 ἀποτροπὴν
1358 3341 1373 3367 ,
1420 3301 1557 3373 πρὸς
1603 3301 1665 3356 τὸ
1708 3301 1784 3374 μὴ

195 3392 501 3462 πλησιάσαι
530 3393 629 3463 μιᾷ
674 3391 784 3446 τῶν
824 3393 1236 3465 προειρημένων
1265 3393 1529 3466 αἱρέσεων
1550 3435 1566 3461 ,
1595 3393 1630 3467 ἢ
1676 3394 1785 3450 τῶν

197 3479 534 3548 μετέπειταο
575 3479 711 3534 ἀλλά
757 3481 1088 3549 ἀναγνόντας
1139 3480 1208 3536 τά
1256 3485 1620 3555 γεγραμμένα
1654 3485 1784 3556 παρ’

194 3568 388 3631 αὐτοῖς
409 3607 424 3631 ,
468 3570 567 3622 καὶ
613 3570 840 3639 γνόντας
876 3570 946 3624 τά
975 3571 1241 3643 ᾀδόμενα,
1274 3573 1367 3627 καὶ
1417 3574 1789 3644 καταγνόντας

192 3662 300 3729 τῆς
323 3659 563 3731 ἑκάστης
587 3660 766 3714 αὐτῶν
786 3660 993 3734 πλάνης
1020 3676 1079 3716 τε
1101 3663 1194 3717 καὶ
1219 3662 1558 3735 ἐρπετώδους
1583 3663 1786 3736 μοχθη-

196 3753 327 3823 ρίας
345 3793 362 3817 ,
396 3751 731 3821 ἀποφεύγειν
772 3770 832 3807 τε
857 3753 977 3819 καὶ,
1006 3754 1082 3819 ὡς
1115 3749 1266 3809 εἷπον
1290 3794 1305 3820 ,
1334 3754 1409 3826 μὴ
1442 3754 1781 3824 πλησιάζειν.

192 3842 415 3913 Διψάδα
458 3842 568 3916 γάρ
597 3862 719 3898 τινα
748 3843 956 3917 ἐχιδνάν
986 3862 1150 3915 φασιν
1187 3846 1235 3899 οἱ
1268 3846 1652 3917 ἱστορήσαντες
1703 3844 1783 3899 ίοῦ

193 3934 384 4006 λύμην
428 3936 637 3991 τοιάνδε
674 3938 942 4006 ἐμποιεῖν.
994 3937 1081 3990 Ἐν
1114 3937 1300 4001 τόποις
1333 3937 1442 4009 γάρ
1476 3953 1617 3991 τισιν
1649 3936 1782 3990 ὅπου

194 4026 393 4079 πύελοι
421 4029 481 4082 ἐν
518 4029 638 4091 ταῖς
686 4027 978 4101 πέτραιςῆ
1021 4028 1236 4093 λιϐάδες
1283 4029 1393 4082 alat"
1442 4030 1634 4102 μικραὶ
1675 4029 1784 4084 ἀπὸ

195 4119 423 4188 πετρῶν
460 4122 719 4192 χεόμεναι
762 4124 843 4187 είς
873 4123 1139 4195 ὑποδοχήν
1176 4141 1314 4188 τινα,
1357 4125 1390 4196 ἡ
1431 4124 1571 4195 αὑτὴ
1604 4125 1782 4195 διψάς,

196 4210 349 4285 ὓδωρ
376 4213 730 4284 εὑρίσκουσα,
759 4213 855 4268 καὶ
884 4212 1103 4283 πιοῦσα,
1132 4213 1222 4269 τὸν
1252 4214 1328 4269 ίδν
1361 4215 1619 4287 ἐμϐάλλει
1647 4216 1786 4287 μετά

194 4304 260 4359 τὺ
292 4306 442 4358 πιεῖν
473 4306 555 4368 είς
580 4304 681 4369 τάς
719 4304 1122 4378 προειρημένας
1157 4307 1374 4370 στάσεις
1409 4306 1518 4362 τῶν
1549 4306 1779 4372 ὑδάτων,

196 4394 345 4450 ὥστε
376 4398 488 4450 πᾶν
518 4394 657 4460 ζῶον
690 4396 1024 4468 πλησιάσαν,
1055 4398 1149 4452 καὶ
1180 4397 1344 4452 ποτοῦ
1381 4399 1636 4471 κορεσθὲν
1659 4440 1673 4465 ,
1700 4399 1785 4454 δο-

195 4492 323 4543 κεῖν
375 4489 477 4560 μὲν
524 4487 851 4558 ὠφελεῖσθαι
884 4489 949 4542 ἐκ
983 4489 1078 4543 τοῦ
1120 4489 1471 4562 μεταλαϐεῖν,
1523 4489 1684 4555 εὐθὺς
1729 4490 1785 4545 δὲ

202 4580 360 4653 παρά
382 4581 447 4635 τὸ
477 4579 736 4651 ὑποδόχον
756 4579 866 4634 τῶν
899 4579 1126 4646 ὑδάτων,
1167 4582 1231 4635 ἐκ
1265 4580 1358 4635 τοῦ
1389 4581 1469 4635 ίοῦ
1498 4582 1594 4654 τῆς
1626 4580 1785 4652 διψά-

204 4673 294 4738 δος
333 4670 755 4744 ὑποδεξάμενον,
790 4673 1152 4727 καταπίπτειν
1188 4673 1284 4729 καὶ
1315 4673 1587 4745 θνήσκειν.
1628 4672 1790 4727 Ἀλλά

201 4767 298 4821 καὶ
332 4766 387 4820 cf
418 4782 541 4819 τινα
576 4762 825 4835 πλήξειεν
860 4767 894 4836 ἡ
931 4764 1067 4835 αὑτὴ
1093 4765 1278 4835 διψάς,
1316 4765 1425 4820 ἀπὸ
1449 4764 1543 4819 τοῦ
1596 4782 1788 4837 περισ-

196 4854 444 4924 ωτέρως
469 4854 527 4906 ἐν
548 4848 683 4926 ἂὺτῇ
722 4852 1018 4908 καυστικοῦ
1059 4853 1139 4908 ίοῦ
1169 4854 1262 4908 ἐπὶ
1302 4854 1481 4925 ὑρεξιν
1502 4854 1662 4926 δίψης
1692 4854 1787 4909 καὶ

196 4944 453 5015 πόματος
496 4944 855 5016 προτρέποιτο
889 4947 1054 5013 πάθος
1081 4947 1179 5019 τῆς
1212 4946 1520 5018 ἀλγηδόνος,
1550 4947 1787 5019 προσφὲο

198 5036 396 5109 ρεσθαί
429 5054 491 5091 τε
542 5037 630 5092 ἀεὶ
669 5039 765 5093 καὶ
801 5039 976 5093 πίνειν
1020 5038 1303 5111 ἐρεθίζειν.
1344 5037 1575 5110 Νομίζει
1623 5038 1681 5093 δέ
1732 5055 1785 5092 τι

188 5129 532 5201 ὠφελεῖσθαι
562 5130 702 5203 πρὸς
735 5131 835 5203 τὴν
861 5130 1039 5203 λύμην
1081 5132 1111 5185 ό
1156 5129 1384 5203 πληγεὶς
1407 5171 1423 5197 ,
1469 5130 1661 5195 ὁσάκις
1685 5130 1787 5201 τῆς

186 5222 464 5295 τοιαύτης
496 5222 875 5295 θανατηφόρου
908 5222 1199 5295 ἀλγηδόνος
1226 5222 1513 5295 λαμϐάνει.
1547 5222 1706 5277 Ἀλλά
1722 5224 1787 5278 ἐν

186 5312 354 5385 αὐτῷ
387 5313 469 5386 τῷ
494 5313 647 5385 τόπῳ
674 5313 1057 5386 πληρωθείσης
1097 5313 1196 5385 τῆς
1237 5305 1506 5385 γθαστρὺς,
1548 5312 1642 5367 καὶ
1677 5330 1784 5383 μη-

192 5403 325 5458 κέτι
352 5405 785 5478 ὑποδεχομένης,
823 5403 1047 5477 ὓστερον
1075 5404 1171 5460 σὺν
1193 5404 1271 5476 τῷ
1302 5404 1504 5476 πόματι
1532 5402 1592 5457 τὸ
1623 5402 1786 5457 πνεῦ-

1810 2996 1880 3055 ρ,

1884 1753 2105 1824 quidem
2150 1755 2336 1823 omnia
2359 1769 2489 1811 cum
2530 1754 2619 1819 iis,
2675 1769 2816 1824 quos
2856 1753 3303 1818 commemoravi,
3336 1768 3465 1809 san-

1885 1843 2150 1900 ctissimis
2197 1846 2353 1913 viris,
2399 1844 2700 1916 prophetis,
2732 1843 3091 1916 evangelistis
3120 1851 3174 1899 et
3202 1843 3469 1914 apostolis

1886 1937 2006 1994 sine
2062 1939 2171 1993 ulla
2213 1939 2567 2010 ambiguitate
2605 1935 2815 1992 credita
2858 1934 3220 2006 confessaque
3240 1934 3463 1999 fuerint,
3548 1978 3558 1986 .

1884 2033 2045 2088 nulla:
2071 2031 2344 2103 ejusmodi
2377 2037 2540 2086 erunt
2571 2037 2717 2085 artes
2755 2042 2821 2083 ac
2854 2028 3161 2099 praestigiae,
3212 2043 3332 2101 qya:
3370 2043 3467 2084 ve-

1883 2126 2066 2181 ritatis
2100 2125 2211 2181 luci
2250 2139 2315 2180 ac
2345 2122 2629 2195 splendori
2671 2122 2905 2193 possint
2936 2122 3242 2188 obsistere;
3274 2137 3465 2193 quem-

1884 2215 2174 2273 admodum
2224 2215 2281 2270 in
2319 2213 2565 2284 singulis
2616 2210 2923 2269 refutandis
2964 2212 3265 2267 haeresibus
3320 2227 3464 2281 saepe

1884 2323 1950 2363 ac
2003 2310 2226 2380 copiose
2267 2306 2720 2369 monstravimus.
2757 2303 2909 2361 Adeo
2940 2312 2999 2360 ut
3023 2305 3214 2360 eadem
3256 2318 3364 2375 qua
3397 2304 3459 2361 in

1884 2400 2099 2455 caeteris
2141 2400 2356 2454 ratione
2395 2396 2668 2453 detectum
2716 2396 2809 2461 sit,
2849 2396 3179 2452 nebulonem
3210 2395 3365 2455 illum
3396 2409 3463 2450 ac

1882 2490 2211 2562 pestiferum
2259 2489 2539 2544 hominem
2587 2488 2705 2544 sola
2744 2487 3117 2544 ostentatione
3155 2485 3242 2540 sui
3273 2498 3337 2539 ac
3365 2497 3462 2539 cu-.

1890 2582 2135 2637 riositate
2177 2580 2402 2635 ductum
2455 2579 2524 2634 ad
2581 2587 2690 2633 tam
2744 2578 3009 2634 immania
3055 2587 3310 2648 portenta
3358 2574 3460 2631 fin-

1885 2672 2061 2743 genda
2098 2672 2528 2741 fabricandaque
2557 2672 2792 2729 venisse.
3068 2676 3073 2679 '

1898 2764 1905 2769 ’
1959 2761 2123 2817 XXII.
2192 2761 2349 2817 Nunc
2395 2763 2544 2820 illius
2576 2777 2642 2818 ac
2723 2760 3118 2816 Marcosiorum
3180 2760 3463 2832 impietate

1883 2855 2182 2926 praeterita,
2215 2853 2285 2910 ad
2312 2854 2452 2912 alias
2479 2862 2862 2920 transeamus;
2901 2866 3201 2922 earumque
3232 2859 3287 2907 et
3316 2851 3463 2909 evel-

1885 2948 2061 3003 lamus
2102 2946 2338 3011 radices,
2386 2954 2440 3001 et
2483 2944 2860 3001 amarissimos
2906 2943 3119 2998 fructus
3147 2942 3405 2997 tollamus
3431 2957 3464 2998 e

1888 3038 2090 3105 medio,
2144 3051 2209 3092 ac
2240 3036 2698 3108 quemadmodum
2732 3035 2908 3090 refelli
2955 3034 3187 3105 possint,
3234 3047 3464 3105 quaeque

1888 3125 1958 3191 ad
2007 3124 2162 3195 ipsos
2208 3124 2484 3196 pertinent
2541 3123 2800 3178 universa
2845 3120 3190 3188 referamus;
3250 3136 3363 3176 non
3403 3130 3464 3176 ut

1884 3214 2191 3288 legentibus
2238 3213 2416 3270 fraudi
2462 3217 2567 3270 ista
2621 3213 2754 3279 sint,
2803 3213 2897 3270 sed
2930 3219 2990 3267 ut
3014 3213 3084 3269 ab
3118 3211 3228 3268 illis
3265 3212 3464 3267 abhor-

1885 3314 2044 3362 reant
2072 3323 2087 3373 ;
2120 3322 2299 3378 neque
2340 3305 2408 3362 ad
2451 3321 2617 3362 unam
2662 3306 2901 3377 aliquam
2936 3307 3158 3370 ’earum,
3199 3318 3339 3376 quas
3368 3319 3465 3361 ex-

1884 3398 2210 3469 posuimus,
2274 3406 2370 3453 aut
2420 3396 2828 3468 insequentium
2887 3396 3180 3463 accedant;
3226 3394 3324 3451 sed
3367 3394 3463 3451 ubi

1885 3504 2007 3560 quae
2056 3489 2126 3545 ab
2176 3489 2286 3545 illis
2328 3476 2537 3560 scripta
2578 3496 2708 3545 sunt
2749 3489 3005 3561 legerint,
3029 3489 3342 3560 saepiusque
3369 3487 3462 3544 de-

1888 3587 2107 3636 cantata
2140 3581 2521 3652 cognoverint,
2567 3579 2789 3635 illorum
2834 3580 3138 3644 erroribus,
3189 3593 3256 3636 ac
3293 3578 3463 3637 vene-

1884 3680 2010 3726 nata
2035 3670 2393 3741 improbitate
2426 3669 2688 3724 damnata
2724 3669 2937 3739 fugiant
2968 3670 3179 3741 procul,
3212 3669 3378 3741 358
3398 3686 3463 3727 ac

1883 3761 2110 3832 propius
2129 3775 2189 3817 se
2209 3758 2459 3818 conferre
2490 3767 2810 3815 vereantur.
2845 3758 3137 3830 Dipsadem
3166 3760 3462 3831 quamdam
3500 3788 3505 3794 ι

1883 3866 1915 3908 e
1962 3851 2273 3921 viperarum
2315 3865 2517 3923 genere
2549 3863 2672 3905 esse
2709 3848 2990 3905 memoriae
3029 3846 3305 3920 proditum
3354 3857 3459 3916 est,

1883 3958 2004 4015 quae
2035 3941 2347 4000 istiusmodi
2381 3943 2533 3999 virus
2566 3942 2844 3999 immittat.
2884 3940 3023 3997 Cum
3054 3941 3199 3997 enim
3228 3955 3456 3997 excava-

1886 4036 1955 4090 tis
1993 4034 2049 4089 in
2081 4035 2334 4106 rupibus,
2361 4051 2482 4106 quae
2511 4035 2807 4092 stillantem
2832 4048 2864 4091 e
2893 4032 3043 4091 saxis
3069 4032 3335 4104 liquorem
3361 4046 3455 4088 ex-

1881 4125 2112 4197 cipiunt,
2152 4141 2349 4196 aquam
2399 4134 2560 4183 nacta
2612 4125 2839 4195 biberit,
2883 4138 3009 4180 eam
3034 4132 3221 4195 postea
3248 4138 3457 4180 veneno

1885 4232 1987 4273 suo
2026 4218 2110 4273 sic
2159 4217 2355 4285 inficit,
2387 4226 2448 4274 ut
2494 4217 2541 4276 si
2579 4216 2725 4289 quod
2751 4204 2960 4272 animal
2994 4216 3253 4286 deinceps
3292 4230 3360 4273 ex
3393 4229 3458 4272 ea

1813 4340 1859 4398 Β
1887 4309 2177 4379 potaverit,
2202 4324 2327 4365 cum
2361 4309 2544 4379 juvari
2565 4322 2628 4363 ac
2655 4307 2806 4363 sitim
2837 4307 3082 4366 relevare
3118 4307 3297 4363 visum
3343 4306 3458 4363 fue-

1888 4400 1983 4464 rit,
2029 4400 2095 4455 ad
2146 4407 2474 4455 venenatum
2523 4399 2703 4469 ipsum
2745 4413 2899 4470 aquae
2934 4399 3338 4470 receptaculum
3365 4415 3456 4455 su-

1888 4491 2005 4547 bito
2031 4490 2298 4545 moriatur
2322 4504 2386 4545 ac
2412 4490 2686 4547 concidat.
2733 4489 2891 4557 Quod
2937 4490 2987 4547 si
3025 4505 3190 4562 quem
3228 4490 3318 4546 illa
3347 4505 3457 4546 mo-

1889 4582 2179 4649 morderit,
2223 4582 2384 4653 ignea
2423 4582 2616 4639 veneni
2658 4582 2739 4639 vis
2780 4582 3158 4639 vehementius
3199 4596 3458 4654 grassans

1888 4675 2167 4744 ingentem
2229 4674 2379 4731 sitim
2442 4673 2634 4744 aﬂert,
2694 4683 2748 4731 et
2791 4674 2859 4730 ad
2898 4673 3118 4731 assidue
3162 4673 3462 4745 potandum

1888 4765 2220 4822 intolerabili
2245 4780 2371 4821 cum
2398 4765 2585 4823 dolore
2613 4766 2908 4836 compellit.
2947 4766 3048 4827 Cui
3085 4765 3305 4837 quidem
3334 4765 3458 4822 leti-

1888 4853 2005 4912 fero
2035 4855 2211 4911 dolori
2242 4854 2372 4912 dum
2397 4855 2472 4911 ita
2521 4872 2581 4913 se
2627 4855 2855 4912 remedii
2882 4854 3078 4912 afferre
3104 4854 3309 4928 aliquid
3338 4857 3454 4913 exi—

1887 4949 2095 5012 stimat,
2127 4948 2183 5002 in
2208 4947 2398 5004 eodem
2427 4947 2549 5003 loco
2580 4953 2770 5005 ventre
2800 4945 3057 5008 distento.
3087 4961 3189 5002 nec
3214 4946 3465 5004 humoris
3532 4956 3535 4959 '
3594 4979 3605 4990 -

1885 5038 2182 5111 quidquam
2228 5039 2464 5109 amplius
2505 5038 2775 5109 capiente,
2823 5051 2948 5093 cum
2987 5046 3120 5108 potu
3166 5052 3295 5096 mox
3335 5038 3461 5093 ani-

1888 5146 2033 5186 mam
2061 5128 2356 5201 profundit.
2391 5128 2482 5185 Sic
2512 5129 2603 5185 ille
2627 5144 2751 5184 cum
2782 5128 3113 5186 inexhausta
3146 5136 3311 5201 potus
3342 5131 3461 5187 avi-

1882 5221 2055 5278 ditate
2119 5221 2237 5278 suis
2295 5221 2523 5279 exitium
2584 5220 2899 5280 consciscit.
2953 5219 3062 5277 Sed
3114 5235 3216 5277 nos
3281 5221 3352 5277 ab
3395 5237 3468 5281 eo

1883 5328 2092 5370 veneno
2141 5312 2326 5371 divina
2379 5328 2482 5385 ope
2535 5314 2769 5383 liberati,
2803 5312 3049 5385 reliquas
3099 5312 3169 5369 ad
3225 5312 3463 5370 haereses

1881 5410 2251 5462 transeamus.

190 5517 287 5570 μα
318 5501 567 5572 ἀφίησιν.
598 5500 755 5556 οὑτω
786 5501 880 5556 καὶ
911 5491 1066 5565 οὗτος
1096 5500 1201 5554 ὑπὸ
1247 5500 1488 5571 πόματος
1548 5498 1640 5553 τὸν
1692 5497 1919 5554 θάνατον
1959 5504 2073 5562 τοῖς
2132 5505 2267 5576 παρ’
2316 5500 2478 5559 αὑτοῦ
2539 5501 2915 5577 ἡπατημένοις
2952 5498 3321 5572 ἐξεργάζεται.
3363 5488 3462 5553 Οῧο

184 5608 315 5663 περ
349 5591 430 5647 ίοῦ
479 5594 539 5646 ἐν
579 5591 805 5664 δυνάμει
837 5590 972 5647 Θεοῦ
1012 5588 1301 5661 ῥυσθέντες
1323 5628 1337 5654 ,
1389 5589 1481 5644 ἐπὶ
1525 5588 1623 5653 τὰς
1656 5588 1781 5655 ἑξῆς
1813 5586 1996 5659 ἴωμεν.
