4078 6074
528 256 635 315 627
1196 262 1199 269 '
1506 276 1523 293 ο

909 361 1188 418 CONTRA
1228 353 1731 419 CGLORBASIOS,

776 472 908 539 Qua:
941 481 1019 528 est
1046 472 1259 526 [neruis
1304 468 1430 536 XV,
1471 470 1579 523 sive
1622 462 1859 521 XXXV.

608 586 649 642 i.
688 584 948 656 Sequitur
971 582 1321 649 Coiorbasus,
1351 581 1445 652 qui
1475 579 1544 635 ab
1570 576 1758 633 iisdem
1783 574 1950 655 Marci
1980 586 2113 645 pra:-

540 678 721 746 stigiis
751 654 882 731 suas
929 675 1167 744 ineptias
1210 670 1544 743 corrogavit.
1572 668 1714 736 Quin
1745 674 1799 722 et
1822 654 1893 720 exi
1928 661 2114 718 Ptole-

542 770 663 825 nnei
704 768 984 823 radicibus
1034 768 1267 823 sentium
1308 779 1373 819 ac
1415 764 1696 835 spinarum
1729 761 1903 815 instar
1930 771 2115 813 erum-

544 876 677 931 pens
704 876 876 917 novas
900 860 1165 932 quasdam
1187 858 1473 929 opiniones
1498 859 1837 910 commentus
1866 859 1971 913 est,
2001 847 2119 918 qui-

543 952 645 1005 bus
675 951 820 1007 velut
852 951 1058 1006 aculeis
1090 950 1342 1004 homines
1374 946 1682 1005 infestaret,
1720 941 1851 997 dum
1883 939 2116 1007 majores

543 1058 718 1112 nugas
774 1058 838 1098 ac
889 1043 1101 1098 somnia
1159 1044 1306 1096 velut
1338 1056 1367 1095 e
1408 1039 1546 1094 cmio
1591 1036 1848 1105 delapsus
1899 1029 2113 1085 eiiutlit.

544 1130 669 1190 Fuit
712 1133 763 1189 ei
804 1132 1039 1203 primum
1087 1140 1212 1186 cum
1257 1129 1440 1184 Marco
1489 1127 1725 1182 societas
1772 1122 2119 1193 dogmatum-

545 1243 653 1296 que
699 1226 1013 1289 consensio,
1068 1230 1127 1277 ut
1176 1236 1367 1277 eorum
1415 1229 1588 1283 secta,
1639 1225 1898 1286 tanquam
1934 1213 2123 1281 biCeps

547 1318 763 1389 anguis,
808 1315 1063 1386 bipartita
1107 1308 1402 1369 videretur.
1454 1310 1650 1365 Postea
1691 1309 1837 1363 velut
1883 1308 2047 1375 caput
2091 1315 2123 1355 a

548 1408 818 1478 serpentis
850 1420 1078 1472 corpore
1107 1405 1403 1469 divulsum,
1438 1417 1502 1456 ac
1530 1402 1745 1470 spirans
1774 1397 1974 1460 adhuc,
2005 1392 2125 1464 plu-

550 1499 704 1553 rimis
752 1498 923 1553 exitio
964 1495 1102 1562 fuit;
1141 1510 1265 1550 cum
1311 1492 1491 1562 majus
1521 1489 1779 1563 quiddam
1821 1498 1929 1542 non
1963 1483 2126 1539 modo

549 1589 851 1659 aequalibus
897 1588 1035 1653 suis,
1077 1586 1173 1642 sed
1215 1596 1267 1640 et
1311 1584 1635 1654 majoribus,
1690 1596 1755 1633 ac
1794 1578 2010 1633 doctius
2042 1573 2126 1628 af—

552 1683 695 1738 ferre
732 1681 1066 1737 crederetur.
1099 1676 1412 1748 Ogdoadem
1462 1674 1605 1729 enim
1652 1678 1837 1726 censet
1866 1685 1974 1724 non
2005 1682 2128 1738 gra-
2158 1697 2202 1757 Β

552 1774 723 1829 datim
767 1772 932 1826 unius
966 1769 1164 1825 Aionis
1198 1768 1268 1822 ab
1301 1767 1474 1820 altero
1504 1763 1884 1835 procreatione
1928 1774 2129 1832 pr0pa-

553 1875 732 1937 gatam
795 1863 1000 1929 fuisse;
1049 1861 1145 1917 sed
1197 1875 1293 1915 sex
1344 1858 1587 1927 reliquos
1644 1853 1856 1910 Eonas
1900 1852 2126 1924 pariter,

555 1960 856 2028 eodemque
905 1962 1178 2010 momento
1232 1968 1263 2005 a
1325 1962 1581 2020 supremo
1620 1947 1872 2012 Parente,
1927 1954 1981 2000 et
2011 1944 2130 2013 ejus

556 2046 721 2121 259
753 2048 984 2112 Ennaea,
1007 2047 1110 2101 hoc
1144 2052 1228 2100 est
1276 2042 1628 2113 cogitatione,
1673 2052 1948 2101 manasse,
1986 2032 2131 2105 quod

557 2144 663 2199 iste
694 2142 776 2198 sic
806 2148 1066 2210 tanquam
1093 2134 1402 2192 obstetricis
1431 2140 1612 2204 partes
1632 2131 1855 2202 egisset,
1880 2126 2129 2183 allirmat.

557 2231 741 2298 Quare
793 2246 905 2285 non
950 2240 1009 2283 ut
1051 2227 1139 2282 alii
1169 2242 1199 2282 e
1236 2223 1409 2281 Verbo
1448 2222 1701 2294 Vltaque,
1759 2219 2046 2275 Hominem
2081 2223 2135 2272 et

557 2319 897 2389 Ecclesiam;
938 2330 1031 2377 aut
1068 2337 1135 2377 ex
1175 2317 1426 2383 Homine,
1466 2326 1525 2372 ut
1557 2312 1884 2386 quibusdam
1937 2311 2134 2380 placet,

558 2423 613 2470 et
639 2413 883 2470 Ecclesia
927 2410 1168 2467 Verbum
1211 2424 1274 2464 ac
1317 2404 1498 2461 Vitam
1543 2404 1815 2477 prodiisse
1843 2417 1967 2456 cum
2019 2399 2138 2455 suis

561 2509 652 2561 ille
709 2508 921 2561 statuit.
968 2503 1075 2558 Sed
1120 2501 1172 2556 id
1222 2501 1328 2554 alia
1369 2498 1582 2553 ratione
1637 2497 1901 2553 deﬁniunt
1933 2511 1945 2547 :
1980 2491 2141 2546 nimi-

565 2612 685 2650 rum
717 2595 874 2667 ,qnod
916 2608 1206 2665 supremus
1248 2593 1337 2646 ille
1367 2603 1567 2662 parens
1604 2586 1906 2657 producere
1933 2582 2140 2652 cogita-

566 2692 665 2755 vit,
706 2690 811 2745 boc
863 2687 1131 2743 vocabulo
1175 2683 1353 2739 Patris
1395 2682 1747 2753 appellatum.
1795 2675 1937 2730 Idem
1980 2686 2142 2743 porro

565 2781 783 2836 Veritas
827 2795 953 2834 cum
1002 2784 1172 2839 esset,
1224 2772 1487 2829 Veritatis
1530 2768 1851 2839 insignitum
1900 2764 2141 2818 nomine.

568 2870 933 2939 Quamobrem
967 2881 1090 2921 cum
1129 2871 1410 2920 ostentare
1444 2876 1503 2916 se
1544 2859 1726 2923 vellet,
1767 2856 2003 2925 idipsum
2038 2852 2146 2907 Ho-

572 2962 774 3016 minem
831 2957 1194 3012 nominatum.
1234 2952 1383 3019 Quos
1428 2959 1608 3006 autem
1636 2956 1778 3004 cum
1820 2945 2147 3016 produceret

1938 239 1999 296 ὃ.
2040 234 2382 297 ΕΡΙΡΗΔΜΙ

2135 356 2183 417 Α
2296 386 2301 391 ,

3675 216 3780 273 69.8

2627 344 2821 399 ΚΔΤΔ
2850 337 3330 399 ΚΟΛΟΡΒΔΣΙΩΝ
3348 377 3367 402 ι

2277 456 2785 527 Πεντεκαιδεκὰτη
2810 498 2823 525 ,
2868 456 2908 526 ἡ
2952 453 3050 510 καὶ
3088 449 3413 524 τριακοστὴ
3453 447 3709 517 πέμπτη.

2280 569 2359 628 Λ’.
2392 570 2739 642 Κολόρϐασος
2767 568 2976 632 τούτοις
2992 569 3202 631 ἕπεται,
3228 564 3338 618 ἀπὸ
3363 563 3462 632 τῆς
3488 559 3582 614 τοῦ
3613 575 3792 631 προει-

2215 664 2450 738 ρημένου
2479 664 2707 735 Μάρκου
2750 660 3002 732 γοητείας
3042 660 3134 713 τὸν
3172 656 3363 729 ἔρανον
3404 653 3789 724 ποιησάμενος.

2225 755 2386 810 Ἀλλὰ
2412 755 2505 808 καὶ
2537 755 2647 808 ἀπὸ
2677 753 2778 823 τῆς
2808 751 2901 805 τοῦ
2936 751 3271 823 Πτολεμαίου
3321 747 3477 819 ῥίζης
3513 743 3793 799 σκολόπων

2213 847 2368 919 δίκην
2401 845 2682 916 ἀναφύσας
2702 884 2718 909 ,
2750 844 2916 916 ἕτερα
2943 843 3103 896 πάλιν
3133 840 3286 913 παρὰ
3318 838 3526 900 τούτοις
3558 835 3796 905 ἐνοχλεῖν

2214 937 2293 1009 τῷ
2343 938 2532 1008 κόσμῳ
2580 937 2821 1008 κέντρων
2872 935 3027 1005 δίκην
3066 932 3351 1002 ἐπενόησε,
3390 930 3550 1000 δῆθεν
3575 926 3798 998 μείζονα

2218 1029 2517 1101 φαντασίαν
2537 1071 2551 1095 ,
2581 1029 2657 1091 ὡς
2683 1027 2886 1083 ἄνωθεν
2914 1026 3064 1096 ῆκων
3088 1065 3103 1090 ,
3137 1022 3526 1096 μηχανώμενος
3549 1037 3563 1049 ·
3590 1020 3688 1073 καὶ
3732 1018 3802 1072 τὰ

2223 1124 2320 1194 μὲν
2366 1121 2558 1194 πρῶτα
2607 1106 2705 1173 οὖν
2749 1118 2830 1189 τῷ
2874 1118 3085 1188 Μάρκῳ
3119 1114 3378 1185 ὑπάρχων
3406 1109 3803 1183 δμοιογνὼμονι

2220 1208 2371 1280 αὐτῷ
2391 1248 2405 1274 ,
2439 1209 2595 1280 δίκην
2623 1207 2913 1276 δικεφάὶου
2945 1204 3294 1275 ὑπαρχούσης
3313 1203 3415 1272 τῆς
3448 1199 3626 1254 αὐτῶν
3652 1199 3805 1271 αἱρέ-

2224 1319 2361 1367 σεως
2388 1317 2402 1331 ·
2436 1301 2663 1372 ὕστερον
2694 1300 2748 1352 δὲ
2780 1299 2856 1360 ὡς
2888 1295 3097 1367 κεφαλὴ
3144 1294 3254 1348 ἀπὸ
3288 1293 3539 1363 σώματος
3568 1289 3804 1362 ἑρπετοῦ

2221 1393 2493 1465 τμηθεῖσα
2521 1431 2538 1456 ,
2589 1390 2683 1444 καὶ
2735 1388 2816 1441 ἔτι
2856 1387 3169 1453 ἐμπνέουσα
3198 1424 3214 1449 ,
3256 1383 3483 1453 πολλοὺς
3533 1381 3807 1451 ἀφανίσας

2223 1484 2502 1556 ἠδίκησεν,
2527 1482 2602 1543 ὡς
2628 1480 2786 1551 δῆθεν
2823 1478 3004 1549 μεῖζόν
3036 1494 3089 1530 τι
3118 1474 3213 1529 καὶ
3235 1474 3626 1546 ἐμπειρότερον
3656 1471 3809 1545 παρὰ

2227 1575 2334 1630 τῶν
2367 1576 2383 1606 ί
2420 1575 2516 1627 σὺν
2563 1571 2710 1643 αὐτῷ
2761 1570 2854 1625 καί
2905 1572 3031 1633 τοὺς
3080 1568 3332 1641 πρώτους
3380 1564 3612 1628 δεικνύς.
3643 1563 3809 1631 Λέγει

2229 1668 2340 1740 γὰρ
2371 1666 2470 1739 τὴν
2500 1665 2723 1739 πρώτην
2770 1662 3029 1731 Ὀγδοάδα
3072 1662 3133 1715 οὐ
3174 1659 3295 1714 καθ’
3328 1657 3593 1712 ὑπόϐασιν
3633 1655 3810 1710 ἄλλων

2231 1759 2337 1811 ὑπὸ
2369 1743 2530 1813 ἄλλου
2571 1755 2752 1810 Δίῶνα
2801 1751 3241 1826 προϐεϐλῆσθαι,
3282 1749 3397 1803 ἀλλ’
3426 1746 3561 1818 ὁμοῦ
3598 1746 3694 1800 καὶ
3731 1746 3812 1810 είς

2229 1848 2376 1915 ἅπαξ
2404 1848 2502 1921 τὴν
2530 1848 2638 1901 τῶν
2679 1847 2739 1912 ἐξ
2769 1844 2990 1900 Λίώνων
3014 1847 3035 1877 ³
3074 1842 3345 1915 προϐολὴν
3385 1840 3489 1893 ὑπὸ
3534 1837 3630 1891 τοῦ
3669 1840 3813 1909 Προ-

2231 1940 2467 2012 πάτορος
2492 1940 2588 1994 καὶ
2620 1940 2718 2012 τῆς
2755 1938 2994 2001 Ἐννοίας
3031 1936 3195 1991 αὐτοῦ
3219 1933 3509 2004 τετέχθαι,
3541 1932 3618 1996 ὡς
3648 1930 3815 1994 αὐτὸς

2237 2033 2644 2105 μαιωσάμενος,
2694 2029 3115 2085 διαϐεϐαιοῦται.
3154 2027 3264 2081 Καὶ
3305 2026 3487 2079 οὐκέτι
3535 2024 3600 2077 ὲκ
3637 2022 3813 2090 Λόγου

2235 2128 2330 2179 καὶ
2345 2126 2498 2196 Ζωῆς
2526 2124 2846 2195 Ἄνθρωπον
2868 2122 2962 2176 καὶ
2993 2118 3340 2190 Ἐκκλησίαν,
3371 2118 3464 2172 καὶ
3490 2115 3549 2183 ἐξ
3584 2112 3818 2187 ’Λνθρώ-

2236 2239 2339 2279 που
2361 2260 2375 2287 ,
2407 2220 2483 2283 ὡς
2510 2218 2559 2273 0i
2590 2217 2773 2280 ἄλλοι,
2800 2215 2894 2269 καὶ
2939 2211 3263 2285 Ἐκκλησίας
3283 2252 3298 2277 ,
3334 2210 3504 2279 Λόγον
3537 2209 3634 2262 καὶ
3661 2208 3818 2276 Ζωήν

2239 2331 2371 2387 φασι
2398 2294 2646 2383 τετέχθαι
2677 2308 2838 2372 abab;
2882 2307 2977 2361 καὶ
3003 2307 3050 2358 οί
3083 2303 3245 2360 αὐτοῦ
3271 2322 3287 2338 ·
3322 2302 3454 2357 ἀλλὰ
3494 2301 3666 2372 ἑτέρῳ
3690 2299 3819 2370 τρό-

2240 2424 2327 2478 πῳ
2356 2405 2513 2459 τοῦτο
2544 2403 2794 2473 λέγουσιν
2816 2418 2830 2432 ⁸
2878 2401 2977 2478 an
2996 2403 3133 2472 ὅπερ
3166 2393 3420 2469 ὲνενοήθη
3465 2391 3759 2465 προϐαλεῖν
3790 2391 3822 2444 6

2241 2474 2769 2570 Προπάτωρ,’τοῦτο
2806 2474 2995 2564 Πατὴρ
3034 2490 3258 2560 ἐκλήθη.
3302 2484 3454 2541 Ἐπεὶ
3485 2485 3542 2539 δὲ
3577 2481 3820 2555 προεϐά-

2241 2589 2363 2643 λετο
2404 2586 2655 2658 Ἀλήθεια
2700 2585 2801 2656 ῆν,
2846 2583 3005 2637 τοῦτο
3058 2579 3309 2651 Ἀλήθεια
3338 2573 3651 2646 ὠνομάσθη.
3689 2572 3825 2625 Ὅτε

2242 2676 2334 2735 οὖν
2371 2678 2634 2749 ἠθέλησεν
2680 2674 2946 2740 ἐπιδεῖξαι
2998 2673 3160 2728 αὑτὸν
3183 2713 3198 2737 ,
3236 2670 3394 2724 τοῦτο
3446 2667 3772 2738 Ἀνθρωπος
3802 2664 3825 2696 ³

2246 2770 2459 2840 ἐλέχθη.
2490 2769 2596 2832 Οὓς
2645 2768 2704 2823 δὲ
2748 2766 3138 2840 προελογίσατο
3170 2765 3259 2818 ὅτε
3306 2760 3575 2831 προέϐαλε
3599 2800 3615 2823 ,
3666 2755 3827 2811 τοῦτο

2259 2859 2554 2930 Ἐκκλησία
2580 2858 2871 2929 ὠνομάσθη
2895 2872 2910 2886 ’
2944 2856 3037 2910 καὶ⁵
3075 2854 3104 2907 ό
3136 2852 3448 2923 ’Ἄνθρωπος
3485 2847 3580 2901 τὸν
3612 2848 3787 2915 Λόγον
3808 2861 3824 2877 ·

2248 2945 2400 3015 οὗτός
2427 2951 2573 3004 ἐστιν
2606 2949 2635 3000 ὁ
2667 2949 3008 3020 πρωτότοκος
3050 2943 3197 3008 Υἱός.
3246 2936 3632 2995 Ἐπακολουθεί
3666 2937 3725 2989 δὲ
3749 2932 3832 3006 τῷ

573 3052 731 3123 prius
774 3049 956 3104 animo
994 3052 1294 3119 reputarat,
1339 3044 1425 3100 bis
1463 3040 1724 3097 Ecclesiae
1754 3053 1954 3093 nomen
1985 3034 2146 3089 attri-

2248 3042 2409 3111 Λόγῳ
2447 3040 2614 3111 καὶιὴ
2649 3040 2794 3111 Ζωή.
2836 3037 2947 3092 Καὶ
2987 3035 3159 3100 οὕτως
3205 3030 3399 3106 πρώτη
3440 3027 3666 3098 Ὀγδοὰς
3707 3044 3835 3081 συν-

577 3146 787 3201 butum.
839 3140 1011 3196 Homo
1064 3154 1194 3195 vero
1239 3136 1475 3194 Verbum
1529 3133 1820 3205 produxit;
1864 3137 2027 3200 atque
2056 3127 2146 3180 hic

575 3231 972 3308 primogenitus
1022 3237 1108 3285 est
1143 3225 1335 3283 Filius.
1389 3226 1494 3279 Sed
1528 3223 1767 3279 Verbum
1798 3219 1920 3274 Vita
1951 3230 2149 3271 conse-

575 3326 791 3397 quitur.
818 3324 999 3393 Atque
1028 3321 1103 3375 ita
1135 3320 1354 3390 Ogdoas
1386 3318 1560 3387 prima
1592 3313 1898 3369 coniicitur.

648 3412 820 3471 Porro
854 3429 1052 3485 magna
1083 3419 1167 3468 est
1198 3412 1341 3466 inter
1374 3409 1497 3462 illos
1525 3407 1593 3461 de
1623 3405 1906 3460 Salvatore
1936 3400 2152 3455 dissen-

577 3507 683 3564 sio.
734 3506 968 3571 Quidam
1014 3504 1161 3559 enim
1207 3516 1277 3557 ex
1318 3499 1574 3554 omnibus
1618 3493 1912 3551 conﬂatum
1963 3491 2154 3547 existi-

580 3604 971 3665 mantzatque
1026 3593 1149 3648 ideo
1196 3591 1559 3648 Eudocetum.
1614 3588 1716 3641 hoc
1760 3592 1845 3640 est
1897 3583 2154 3653 benepla-

583 3697 792 3744 contem
833 3692 1110 3747 vocatum,
1148 3681 1293 3754 quod
1339 3695 1464 3736 eum
1511 3677 1763 3734 Pleroma
1807 3688 1968 3730 omne
2002 3685 2157 3727 com-

583 3778 734 3832 muni
781 3776 854 3831 sit
893 3773 1090 3830 affectu
1122 3788 1186 3827 ac
1216 3768 1594 3827 benevolentia
1642 3774 2014 3837 prosecutum.
2050 3763 2155 3818 Alii

584 3868 720 3926 solis
740 3882 805 3924 ex
834 3864 1105 3924 Aionibus
1119 3863 1332 3928 decem,
1350 3861 1443 3931 qui
1476 3875 1505 3912 a
1530 3852 1711 3914 Verbo
1735 3855 1967 3925 Vitaque
2011 3854 2159 3909 deri-

583 3962 698 4017 Vati
728 3967 877 4022 sunt.
932 3957 1237 4029 profectum
1284 3955 1437 4010 illum
1488 3959 1766 4017 asserunt,
1804 3957 2094 4014 eteorum,
2127 3961 2159 4003 ι

583 4051 784 4123 quibus
808 4056 990 4105 ortum
1022 4048 1256 4116 accepit,
1295 4042 1592 4099 retinuisse
1621 4044 1862 4097 nomina.
1896 4039 2035 4094 Sunt
2065 4039 2160 4109 qui

583 4140 872 4198 duodecim
899 4152 965 4194 ex
994 4135 1265 4195 Alanibus
1286 4175 1301 4201 ,
1332 4148 1473 4205 quos
1505 4131 1681 4187 Homo
1710 4144 1773 4185 ac
1806 4129 1931 4185 Vita
1956 4145 2163 4201 genue-

584 4237 716 4299 rint,
757 4230 1082 4306 proﬂuxisse
1120 4228 1358 4284 sentiant
1390 4244 1403 4281 :
1440 4224 1509 4280 ob
1557 4224 1718 4294 idque
1756 4222 1926 4277 lilium
1977 4218 2162 4276 Homio

586 4329 675 4389 nis
704 4324 913 4388 vocari,
951 4324 1108 4397 quasi
1137 4318 1388 4376 Hominis
1421 4325 1693 4388 nepotem.
1723 4312 2017 4371 Nonnullis
2047 4312 2163 4382 pla-

586 4426 675 4474 cet
700 4416 949 4474 eumdem
982 4430 1013 4468 a
1039 4413 1258 4468 Christo
1288 4421 1340 4467 et
1367 4400 1571 4479 Spiritu
1613 4415 1805 4464 sancto
1834 4405 1903 4460 ad
1941 4411 2161 4459 susten-
2193 4399 2238 4455 Ι)

588 4511 810 4566 tandum
859 4506 1108 4562 Pleroma
1159 4505 1441 4576 genitum:
1476 4501 1708 4572 ideoque
1753 4500 2028 4555 Christum
2061 4509 2159 4565 ap-

540 4619 551 4640 ι
588 4602 871 4673 pellatum,
904 4605 966 4653 ut
997 4596 1140 4667 ejus,
1170 4610 1202 4650 a
1229 4609 1339 4665 quo
1390 4602 1569 4648 ortum
1610 4596 1917 4660 acceperat,
1963 4596 2162 4642 nomen

588 4693 880 4746 obtineret.
921 4688 1028 4743 Alii
1073 4701 1139 4741 ex
1196 4685 1413 4739 illorum
1464 4695 1716 4745 numero,
1756 4688 1816 4735 ut
1844 4681 1918 4734 ita
1952 4677 2155 4744 dicam,

592 4782 850 4852 rlizipsodi
904 4792 1178 4836 summum
1254 4774 1635 4830 universorum
1705 4770 2028 4838 Parentem,
2096 4784 2162 4825 ac

595 4877 826 4947 primum
863 4870 1221 4941 Principium,
1259 4868 1603 4940 primumque
1630 4863 1960 4936 cogitatione
1989 4863 2167 4932 majus

593 4967 881 5024 Hominem
919 4964 1104 5020 vocari
1132 4961 1432 5029 definiunt;
1477 4958 1642 5029 idque
1669 4970 1922 5027 magnum
1952 4954 2085 5010 illud
2112 4962 2166 5009 et

594 5072 853 5116 arcanum
892 5070 1016 5115 esse
1045 5057 1387 5128 mysterium,
1422 5050 1570 5123 quod
1601 5051 1691 5104 illa
1719 5048 1936 5105 caeteris
1985 5046 2165 5102 omni-

595 5151 696 5209 bus
753 5150 1091 5206 antecellens
1161 5147 1457 5217 omniaque
1510 5143 1799 5234 continens
1829 5140 2009 5194 virtus
2056 5136 2165 5190 Ποο

595 5241 759 5297 minis
802 5241 1162 5311 appellatione
1211 5226 1551 5301 censeatur';
1605 5242 1660 5289 et
1715 5230 1925 5287 idcirco
1976 5226 2164 5283 Salva-

595 5340 768 5387 torem
799 5332 1150 5400 semetipsum
1186 5328 1434 5384 Hominis
1472 5325 1759 5382 nominare
1794 5322 1985 5376 lilium.

664 5423 730 5478 il.
771 5421 1052 5492 Ejusmodi
1082 5429 1166 5476 est
1201 5421 1379 5490 inepta
1428 5417 1519 5472 illa
1559 5430 1622 5471 ae
1665 5412 2014 5471 commentita
2054 5410 2161 5466 Co-

594 5515 799 5579 lorbasi
848 5513 1121 5578 doctrina,
1174 5527 1336 5586 quam
1372 5525 1568 5583 magno
1603 5508 1893 5565 verborum
1925 5504 2157 5576 strepitu

671 5676 688 5711 ⁵
718 5672 779 5732 Γ.
812 5670 959 5737 τούς.
991 5671 1011 5704 ³
1040 5668 1163 5726 Cor.
1195 5668 1253 5737 se
1278 5664 1407 5722 Αἰὼ.
1482 5666 1501 5698 ³
1522 5664 1583 5722 F.
1621 5667 1961 5739 Ἄνθρωπον.

2248 3132 2520 3204 ετελέσθη.

2323 3410 2499 3483 Πολλὴ
2530 3410 2587 3464 δὲ
2618 3409 2767 3482 μάχη
2795 3409 2926 3480 παρ’
2957 3407 3137 3471 αὐτοῖς
3167 3403 3261 3459 καὶ
3292 3403 3423 3473 περὶ
3441 3401 3534 3456 τοῦ
3557 3401 3837 3472 Σωτῆρος.

2254 3508 2316 3561 υἱ
2346 3506 2445 3577 μὲν
2484 3504 2593 3575 γὰρ
2622 3504 2783 3557 αὑτὸν
2812 3504 2876 3555 ὲκ
2898 3501 3115 3556 πάντων
3142 3496 3423 3567 γεγονέναι
3453 3495 3675 3563 λέγουσι
3694 3535 3711 3559 ,
3759 3493 3841 3546 διδ

2255 3598 2348 3654 καὶ
2370 3593 2673 3667 nosam;sz
2702 3594 3004 3658 καλεῖσθαι,
3034 3593 3115 3645 ὅτι
3143 3591 3251 3643 πᾶν
3278 3589 3339 3641 τὸ
3365 3588 3653 3658 Πλήρωμα
3681 3585 3843 3657 ηὑδόο

2255 3703 2456 3761 κησεν·
2498 3686 2548 3739 οἱ
2596 3684 2653 3738 δὲ
2693 3686 2758 3738 ἐκ
2810 3684 2985 3755 μόνων
3033 3680 3139 3734 τῶν
3172 3679 3304 3733 δέκα
3334 3677 3555 3730 Αίώνων
3587 3676 3702 3729 τῶν
3734 3673 3843 3728 ἀπὸ

2256 3780 2431 3849 Λόγου
2472 3778 2568 3833 καὶ
2619 3776 2775 3847 Ζωῆς
2820 3772 3223 3846 προϐεϐλῆσθαι
3273 3770 3436 3825 αὐτὸν
3471 3769 3695 3839 λέγουσι
3719 3809 3736 3835 ,
3774 3766 3847 3821 τὰ

2259 3868 2556 3942 προγονικὰ
2591 3851 2832 3938 ὀνόματα
2866 3864 2979 3938 [τὰ]
3009 3863 3339 3929 διασώζοντα
3360 3879 3375 3893 ·
3405 3864 3454 3915 οἱ
3507 3861 3567 3914 δὲ
3622 3862 3691 3913 ὲκ
3733 3860 3845 3913 τῶν

2258 3962 2483 4020 δεκαδύο
2528 3961 2752 4017 Αἱώνων
2803 3960 2912 4014 τῶν
2964 3961 3029 4014 ἐκ
3058 3959 3168 4013 τῶν
3219 3958 3315 4013 τοῦ
3374 3955 3692 4029 Ἀνθρώπου
3749 3954 3846 4009 καὶ

2260 4056 2415 4125 Ζωῆς
2467 4052 2772 4123 γενομένων
2808 4067 2823 4082 ·
2877 4050 2970 4105 καὶ⁵
3014 4048 3104 4103 διὰ
3155 4048 3317 4102 τοῦτο
3364 4047 3477 4101 υἱὸν
3526 4043 3846 4115 Ἀνθρώπου

2260 4145 2545 4218 ὁμολογεῖ,
2588 4142 2790 4197 ὡσανεὶ⁸
2825 4141 3092 4209 ἀπόγονον
3143 4137 3476 4211 Ἀνθρώπου.
3523 4139 3588 4190 Ol
3631 4134 3692 4188 δὲ
3738 4134 3847 4188 ὑπὸ

2262 4237 2356 4293 τοῦ
2380 4234 2640 4309 Χριστοῦ,
2680 4236 2775 4289 καὶ
2804 4234 2898 4288 τοῦ
2931 4233 3087 4302 ἁγίου
3117 4232 3257 4287 Πνεύ
3266 4248 3433 4302 ματος
3463 4231 3544 4292 είς
3565 4230 3851 4299 στήριγμα

2262 4326 2356 4382 τοῦ
2389 4324 2764 4397 Πληρώματος
2791 4324 3072 4392 γεγονέναι
3110 4321 3358 4391 λέγουσιν
3389 4319 3550 4374 αὐτόν
3579 4333 3594 4346 ’
3626 4318 3724 4370 καὶ
3758 4316 3852 4369 διὰ

2266 4419 2427 4474 τοῦτο
2463 4418 2697 4489 Χριστὸν
2742 4414 2996 4484 λέγεσθαι
3026 4414 3184 4468 αὑτὸν
3218 4414 3319 4483 τὴν
3347 4411 3439 4464 τοῦ
3475 4409 3722 4479 Πατρὺς,
3754 4409 3853 4479 ἀφ’

2266 4505 2329 4568 οὗ
2358 4507 2673 4583 προεϐλήθη
2697 4546 2712 4571 ,
2742 4505 3078 4569 διασώζοντα
3125 4502 3514 4575 προσηγορίανι
3551 4498 3740 4554 ’Διλλοι
3770 4499 3856 4564 δὲ,

2268 4602 2345 4678 ὡς
2374 4600 2548 4659 εἰπεῖν
2572 4639 2587 4664 ,
2619 4596 2765 4660 τινὲς
2808 4596 2867 4662 ἐξ
2912 4593 3090 4647 αὐτῶν
3122 4591 3356 4663 ῥαψῳδοὶ
3385 4590 3475 4642 τὸν
3518 4589 3860 4660 Προπᾶτορα

2266 4690 2375 4746 τῶν
2408 4691 2546 4744 ὅλων
2570 4728 2584 4752 ,
2617 4693 2711 4741 καὶ⁵
2749 4686 3033 4759 προάρχην
3055 4724 3070 4751 ,
3115 4684 3210 4739 καὶ
3260 4681 3685 4752 προανεννόητον
3730 4680 3863 4731 Ἀν-

2271 4783 2488 4855 θρωπον
2531 4780 2751 4849 λέγουσι
2779 4776 3061 4833 καλεῖσθαι
3086 4793 3101 4806 ’
3138 4775 3231 4829 καὶ
3255 4774 3400 4828 τοῦτ’
3432 4768 3575 4826 εἶναι
3617 4770 3684 4825 τὸ
3713 4769 3865 4841 μέγα

2271 4876 2363 4930 καὶ
2388 4875 2708 4947 ἀπόκρυφον
2741 4873 3065 4944 μυστήριον*
3096 4870 3177 4924 ὅτι
3219 4870 3253 4941 ἡ
3304 4868 3443 4940 ὑπὲρ
3477 4866 3548 4920 τὰ
3574 4865 3677 4919 ὅλα
3699 4862 3867 4918 δύνα-

2274 4985 2365 5038 μις
2388 4968 2480 5022 καὶ
2504 4964 2906 5038 ὲμπεριεκτικὴ
2935 4962 3044 5019 τῶν
3072 4962 3292 5017 πάντων
3326 4960 3647 5031 Ἄνθρωπος
3676 4956 3869 5012 καλεί-

2270 5076 2359 5113 ται
2383 5075 2399 5091 '
2431 5060 2525 5113 καὶ
2544 5059 2631 5115 διὰ
2659 5057 2820 5117 τοῦτο
2842 5057 2955 5115 υἱὸν
2990 5052 3304 5128 ’Δνθρὼπου
3337 5051 3525 5108 ἑαυτὸν
3563 5049 3749 5120 λέγειν
3774 5048 3872 5104 τὸν

2272 5150 2526 5223 Σωτῆρα.

2268 5449 2278 5459 .
2341 5411 2415 5465 B'.
2464 5409 2610 5482 Αὕτη
2659 5361 2817 5482 καὶῆ
2858 5408 2963 5477 τοὶ
2997 5404 3348 5478 Κολορϐἀσου
3389 5404 3621 5476 μάταιος
3656 5399 3737 5472 τῷ
3769 5400 3883 5472 βίῳ

2273 5503 2366 5558 καὶ
2394 5500 2767 5576 φαντασιὼδης
2794 5501 2885 5557 διὰ.
2910 5497 3256 5574 ψοξημάτων
3289 5493 3598 5566 κενοφωνία
3616 5511 3631 5525 ο
3664 5494 3734 5567 ἢν
3774 5492 3887 5548 ἐὰν
