3956 6070
196 234 303 293 629

810 233 1182 292 ADVERSUS
1227 233 1572 290 ιιιεῐιεεεε
1611 232 1740 288 LIB.
1795 231 1836 287 1.
1879 231 2042 288 TUM.
2086 231 2176 287 Ill.
2217 246 2288 274 —-‘-
2327 231 2604 290 HERES.
2631 233 2847 292 XXXV.

195 349 506 428 καταμάθοι
543 371 630 420 τις
649 395 664 422 ,
697 356 905 412 εἴσεται
932 360 997 412 ὲκ
1029 339 1139 411 τών
1169 355 1276 436 πρὸ
1307 355 1472 410 αὑτοῦ
1495 396 1510 422 ,
1545 355 1622 419 ώς
1643 369 1794 425 φιλο-

1897 353 2061 423 ειηυε
2093 366 2291 423 pompa
2322 350 2376 407 i‘n
2403 349 2655 409 Itemines
2688 350 2918 408 invexit.
2959 349 3134 419 Quam
3163 350 3211 408 si
3242 352 3368 423 quis
3398 352 3484 409 di-

192 447 353 520 τιμία
383 441 502 501 ἐστὶ
529 447 630 520 τῆς
661 443 895 503 ἑκάστου
929 449 1134 503 τούτων
1163 449 1441 513 ὑπονοίας.
1475 447 1786 514 Κενοδοξῶν

190 540 305 612 γὰρ
332 539 560 605 ἕκαστος
583 581 597 603 ,
634 542 730 595 καὶ
757 540 1078 612 βουλόμενος
1110 541 1291 613 ἑαυτῷ
1325 541 1578 610 συνάγειν
1601 540 1786 612 ἅθροιο

193 631 345 702 σμα.
376 630 518 684 ὥστε
565 630 716 702 αὺτῷ
751 629 1017 696 ἕπεσθαι,
1049 631 1087 686 ἃ
1130 633 1425 705 ὑπεισῆλθε
1474 635 1541 704 τῇ
1590 631 1786 687 ἑαυτοῦ

193 723 376 794 ἐννοίᾳ
414 723 840 796 ἐψευδολόγησεν
867 763 881 787 ,
916 723 1040 777 οὗτε
1073 725 1217 779 κατὰ
1248 727 1588 798 προφητείαν
1615 719 1820 796 (piis-f5

189 809 424 885 τῦμενος
448 814 528 885 (οὐ
562 814 672 888 γὰρ
702 812 927 886 Πνεῦμα
961 815 1115 884 ἅγιον
1148 816 1409 887 ἐλάλησεν
1449 817 1506 870 ὲν
1541 816 1784 888 αὐτοῖς),

189 908 321 962 οὔτε
352 907 471 973 ἀπὸ,
509 907 608 978 τῆς
651 906 761 960 τῶν
802 907 1098 980 προφητῶν
1151 909 1247 962 καὶ
1278 908 1628 978 Εὐαγγελίων
1652 909 1788 981 άλη-

189 997 347 1062 Θείας
405 998 510 1054 κᾶν
557 1000 688 1070 μίαν
725 998 993 1072 πρόφασιν
1045 999 1314 1072 ἐσχηκώς.
1373 1001 1677 1073 Ἀνατροπὴ
1730 1001 1789 1058 δὲ

191 1089 405 1143 τούτων
431 1089 650 1143 πάντων
693 1089 806 1142 τῶν
838 1090 936 1161 τῆς
961 1088 1317 1163 ψευδωνύμου
1348 1091 1603 1160 γνώσεως
1632 1093 1660 1144 6
1691 1090 1790 1144 αὐ-

191 1180 286 1241 τὸς
319 1177 578 1250 ἀληθείας
614 1179 755 1233 κατά
788 1180 897 1233 τῶν
950 1179 1182 1252 πρώτων
1233 1170 1418 1254 ῥηθεὶς
1464 1181 1642 1251 λόγος.
1677 1182 1788 1253 Τῆς

192 1263 307 1338 γάρ
338 1266 692 1321 Οὐαλεντίνου
737 1269 932 1340 σχολῆς
984 1270 1078 1322 καὶ
1128 1270 1237 1324 τῶν
1271 1271 1378 1340 πρὸ
1429 1272 1594 1325 αὑτοῦ
1645 1267 1790 1326 οὗτοι

195 1357 401 1422 πάντες
452 1361 822 1432 ὑπάρχοντες,
889 1365 983 1417 καὶ
1032 1363 1123 1418 τὸν
1171 1362 1294 1418 νοῦν
1333 1364 1539 1418 ἐκεῖνον
1581 1366 1596 1396 ¹
1632 1361 1789 1431 ἄλλος

191 1451 376 1516 ἄλλως
423 1451 822 1524 ἐξηγησάμενοι
851 1497 866 1521 ,
910 1454 1009 1527 τὴν
1048 1454 1170 1526 ἴσην
1225 1457 1409 1521 αὐτοῖς
1463 1449 1791 1529 ὀφλήσουσιν

192 1544 481 1616 αίσχύνην.
511 1545 772 1618 Μεγάλην
793 1547 903 1620 γάρ
935 1549 1066 1620 ἡμῖν
1093 1548 1312 1620 ἀπάτην
1335 1551 1668 1620 κενοφωνίας
1697 1551 1792 1603 καὶ

193 1626 355 1699 οὗτος
387 1638 416 1690 6
465 1635 809 1708 Κολόρδασος
849 1634 952 1711 ἧκε
988 1639 1190 1711 φέρων.
1227 1642 1472 1710 Ἐξέθετο
1519 1643 1628 1714 γὰρ
1659 1641 1790 1715 ἡμῖν

1901 444 2134 516 ligenter
2188 441 2610 509 animadvertat,
2662 441 2824 500 facile
2853 445 2920 501 εὶ
2954 443 3336 515 superioribus
3372 447 3483 501 ha:-

1890 535 2076 593 reiicis'
2093 535 2378 606 intelliget,
2404 536 2621 591 omnem
2650 534 2798 589 illam
2821 535 3140 607 opinionum
3165 533 3481 593 ‘varietatem

1891 629 1960 684 ab
2039 625 2342 682 ambitidne
2404 628 2832 699 arrogantiaque
2891 627 3214 699 profectam.
3268 621 3479 684 Eteniu-

1890 721 2272 792 unusquisque
2318 721 2505 794 gloriae
2541 723 2722 779 Studio
2744 725 3068 792 succensus,
3103 737 3167 778 ac
3187 716 3485 779 sectatores

1891 814 2019 879 sibi,
2053 815 2203 871 velut
2235 815 2568 886 peculiarem
2601 815 2892 886 quemdam
2918 825 3159 888 gregem,
3188 813 3485 871 conciliare

1891 909 2144 980 Cupiens,
2169 907 2444 979 quidquid
2470 903 2884 966 mehdaCiorum
2908 911 2965 964 in
2992 911 3236 965 animum
3270 903 3482 973 incidit,

1891 1008 2099 1056 temere
2149 1001 2307 1070 quasi
2365 1000 2688 1055 vaticinium
2738 999 3014 1072 quoddam
3083 1011 3138 1057 et
3198 1002 3482 1056 oraculum

1893 1091 2058 1163 260
2104 1089 2371 1161 profudit.
2417 1088 2606 1161 Neque
2655 1093 2801 1147 enim
2840 1090 3080 1162 Spiritus
3121 1099 3349 1147 'sanctus
3391 1106 3494 1162 per-

1891 1198 1988 1240 eos
2017 1182 2241 1238 locutus
2269 1189 2392 1250 est;
2439 1181 2620 1254 neque
2654 1199 2723 1240 ex
2752 1179 3057 1256 prophetis,
3102 1183 3196 1238 aut
3237 1183 3483 1239 veritatis

1893 1265 2204 1348 Evangeliis
2255 1278 2342 1332 vel
2394 1277 2733 1333 levissimam
2781 1283 2974 1334 ansam
3027 1265 3082 1332 ei
3134 1275 3482 1331 Occasionem

1893 1368 2037 1423 nacti
2068 1376 2220 1424 sunt.
2269 1365 2351 1422 Ad
2401 1369 2634 1423 istorum
2681 1381 2814 1425 vero
2863 1368 3056 1424 falsam
3087 1367 3373 1423 scientiam
3403 1381 3484 1421 re-

1894 1453 2188 1513 fellendam
2238 1458 2478 1528 pertinet
2514 1457 2606 1513 illa
2652 1471 2682 1512 a
2715 1467 2802 1514 me
2835 1452 3029 1513 contra
3067 1458 3284 1528 priores
3324 1456 3486 1511 insti-

1895 1549 2012 1604 tuta
2034 1551 2317 1607 verissima
2348 1551 2684 1623 disputatio.
2737 1550 2874 1606 Nam
2904 1566 2935 1607 e
2965 1546 3240 1606 Valentini
3295 1548 3487 1604 Valen-

1829 1705 1834 1710 t
1895 1640 2123 1711 tianue
2169 1642 2519 1711 superiorum
2555 1641 2940 1698 haereticorum
2972 1641 3158 1697 schola
3186 1651 3377 1697 omnes
3408 1641 3482 1696 illi
3517 1658 3521 1661 ·

193 1728 666 1800 ποιητευσάμενος
715 1730 792 1802 τῷ
825 1731 1229 1806 ἀκαταλήπτῳ,
1265 1737 1358 1790 καὶ
1402 1737 1619 1810 ἀοράτῳ
1643 1780 1656 1803 ,
1699 1737 1794 1791 καὶ

1897 1731 2153 1803 profecti,”
2201 1734 2283 1787 sic
2325 1743 2384 1788 ut
2419 1733 2568 1789 illius
2611 1741 2851 1788 mentem
2899 1732 2993 1788 alii
3041 1734 3200 1787 aliter
3229 1735 3486 1803 interpre-

193 1817 341 1891 ἁγίῳ
363 1820 483 1892 Θεῷ
510 1821 589 1891 τῷ
613 1823 790 1895 [lat-pi
816 1824 924 1878 τῶν
946 1825 1085 1880 ὅλων
1113 1827 1285 1899 ὄνομα
1313 1829 1443 1882 "AvO
1454 1843 1633 1900 ρωπος
1658 1847 1674 1862 ο
1703 1831 1791 1884 ἵνα

196 1913 434 1985 συζεύξη
469 1917 534 1986 τῇ
580 1915 774 1970 ἑαυτοῦ
829 1918 1006 1990 πλάνῃ
1045 1919 1137 1974 τὸν
1180 1919 1275 1974 τοῦ
1317 1909 1569 1993 Σωτῆρος
1610 1922 1787 1992 λόγον,

194 2004 503 2073 φάσκοντος
555 2007 748 2060 ἑαυτὸν
785 2005 913 2063 Υἰὸν
959 2009 1273 2082 ’Λνθρώπου
1302 2053 1317 2078 ,
1349 2014 1443 2066 καὶ
1502 2015 1790 2086 μεταγάγῃ

196 2095 293 2167 τὴν
324 2097 564 2152 διάνοιαν
595 2097 704 2152 τῶν
732 2098 883 2172 αὑτῷ
914 2103 1276 2173 χρησαμένων
1322 2104 1430 2158 ἀπὸ
1456 2105 1554 2176 τῆς
1597 2105 1791 2176 ἀληθι-

197 2188 292 2258 νῆς
322 2189 418 2242 καὶ
453 2191 858 2262 ἐναργεστάτης
884 2193 977 2247 τοῦ
1009 2193 1244 2266 Χριστοῦ
1292 2195 1420 2268 περὶ
1458 2196 1620 2249 αὐτοῦ
1661 2199 1791 2268 ὁμο-

196 2281 386 2351 λογίας
407 2323 422 2349 ,
453 2284 534 2346 είς
581 2283 894 2354 ἀμηχανίαν
944 2285 1038 2339 καὶ
1089 2289 1424 2358 κενοφωνίαν
1459 2287 1552 2342 τοῦ
1585 2280 1790 2360 ζητεῖν,

196 2375 688 2447 ὑπολαμϐάνοντας
723 2380 780 2434 ἐν
804 2381 916 2443 τοῖς
943 2381 1288 2452 ἐπουρανίοις
1315 2379 1454 2435 εἶναι
1481 2381 1510 2434 6
1543 2381 1617 2453 μὴ
1651 2382 1785 2437 ἐστι.

195 2468 390 2540 Δῶμεν
429 2469 537 2542 γὰρ
574 2470 757 2536 αὐτὸν,
789 2471 879 2526 διά
897 2472 958 2526 τὸ
983 2471 1078 2526 τδν
1098 2473 1264 2527 αὑτοῦ
1291 2463 1511 2544 Πατέρα
1547 2474 1793 2546 Ἀνθρωέ

197 2580 299 2616 πον
329 2562 649 2632 καλεῖσθαι,
678 2565 806 2618 Υίον
869 2565 1180 2638 Ἀνθρώπου
1239 2566 1430 2620 ἑαυτὸν
1481 2565 1789 2637 ὀνομάζειν,

198 2655 292 2707 καὶ
331 2655 432 2708 οὐκ
470 2655 578 2708 ἀπὸ
626 2656 720 2726 τῆς
759 2657 996 2728 σαρκὸς,
1028 2652 1096 2730 ἧς
1147 2658 1339 2713 ἐλαϐεν
1387 2659 1498 2712 ἀπὸ
1535 2661 1793 2732 παρθενι-

199 2747 302 2816 xii;
337 2747 584 2818 μήτρας,
617 2749 896 2802 τουτέστιν
932 2750 1040 2803 ἀπὸ
1083 2742 1304 2820 Μαρίας
1339 2750 1439 2821 τῆς
1478 2751 1637 2819 άγίας
1670 2763 1793 2821 γεν-

201 2835 384 2907 νηθεὶς
429 2837 519 2889 διά
547 2837 864 2908 Πνεῦματος
900 2839 1055 2909 ἁγίου
1085 2880 1099 2904 ,
1131 2839 1273 2893 κατὰ
1317 2840 1408 2894 τὸν
1433 2841 1526 2895 τοῦ
1555 2839 1791 2896 ἐλεεινοῦ

201 2927 546 2998 Κολορϐάσου
575 2928 762 2982 τούτου
787 2928 944 2997 λόγον
968 2947 981 2960 ο
1011 2929 1064 2982 τί
1106 2928 1170 2984 ἂν
1200 2931 1342 2984 εἴποι
1377 2931 1504 3003 περὶ
1541 2925 1602 2986 οὗ
1631 2934 1660 2985 6
1692 2933 1790 2985 αὺέ

205 3022 291 3084 r6;
342 3020 548 3092 Κύριος
594 3008 751 3091 ἡμῶν
793 3021 1000 3092 Ἰησοῦς
1032 3019 1267 3093 Χριστος
1319 3039 1483 3096 φησιν
1509 3065 1523 3089 ,
1572 3024 1647 3088 ώς
1676 3027 1791 3088 τοῖς
1817 3053 1856 3096 ,ε

210 3109 486 3172 Ἰουδαίοις
528 3110 717 3178 ἐλεγεο
770 3110 902 3163 Νῦν
951 3103 1019 3164 δέ
1054 3128 1132 3180 με
1178 3111 1396 3179 ζητεῖτε
1438 3113 1786 3169 ἀποκτεῖναι

201 3201 518 3270 ἄνθρωπον
541 3241 555 3264 ,
591 3200 660 3269 ὃς
689 3199 804 3271 τὴν
831 3203 1124 3272 ἀλήθεια-ν
1154 3203 1295 3275 ὑμῖν
1317 3205 1633 3274 λελάληκα
1659 3247 1674 3271 ,
1704 3204 1787 3275 ἢν·

201 3281 442 3357 ἤκουσα
463 3289 622 3360 παρὰ
649 3290 756 3344 τοῦ
777 3289 1004 3360 Πατρός
1023 3309 1181 3362 μου;
1213 3293 1322 3348 Καὶ
1345 3294 1528 3350 οὐκέτι
1553 3294 1790 3351 ἐνταῦθα

201 3377 324 3435 εἷπε
350 3422 366 3445 ,
419 3383 512 3435 τοῦ
555 3379 871 3454 Ἀνθρώπου
920 3381 1134 3457 Πατρός
1182 3400 1316 3457 μου⁶
1351 3386 1488 3440 ἀλλὰ
1520 3388 1654 3460 περ).Δ
1687 3388 1787 3458 μὲν

202 3473 416 3544 [ἰατρὸς
448 3474 726 3544 ὁμολογῶν
749 3514 765 3538 ,
815 3472 945 3528 Θεὸν
993 3476 1086 3528 τὸν
1140 3475 1251 3529 τῶν
1303 3476 1440 3532 ὅλων
1499 3479 1744 3548 ἐσήμανε
1770 3495 1785 3510 ο

201 3566 333 3637 περὶ
361 3565 418 3618 δὲ
452 3567 645 3620 ἑαυτοῦ
669 3610 684 3634 ,
711 3568 792 3621 ὅτι
821 3569 1240 3642 ὲνηνθρώπησεν
1265 3609 1279 3634 ,
1322 3573 1379 3624 ἐν
1431 3570 1659 3645 ἀληθείᾳ
1687 3573 1785 3627 ἄνθ

200 3657 425 3729 θρωπον
455 3659 646 3712 ἑαυτὸν
676 3656 934 3730 ἔφασκεν,
970 3663 1045 3725 ὡς
1076 3663 1172 3716 καὶ
1202 3665 1251 3716 οἱ
1277 3664 1566 3718 ἁπόστολοί
1601 3683 1788 3735 φασιν,

200 3748 291 3801 ίνα
343 3749 376 3820 ἠ
418 3749 649 3821 ἀλήθεια
702 3751 1040 3824 πανταχόθεν
1080 3753 1356 3825 συσταθῇ,
1393 3755 1487 3807 καὶ
1536 3755 1789 3827 γνωσθῇ,

202 3839 372 3893 πόθεν
402 3841 517 3894 ἐστὶ
549 3842 618 3895 τὰ
650 3843 728 3911 τῷ
766 3843 954 3916 Κυρίῳ
988 3844 1228 3916 ὀνόματα
1260 3844 1602 3914 συναφθέντα
1625 3863 1638 3876 ·
1689 3847 1762 3915 Ἰη

201 3931 365 3984 σοῦν
415 3931 605 4000 ἄνδρα
639 3934 1143 4006 ἀποδεδειγμένον
1185 3940 1274 4003 εἰς
1316 3935 1476 4006 ἡμᾶς
1517 3939 1791 4008 σημείοις

201 4023 303 4078 καὶ
337 4023 575 4094 τέρασι,
612 4026 710 4080 καὶ
731 4027 800 4082 τὰ
825 4027 972 4099 ἑξῆς.

1555 4125 1614 4138 .I'"

277 4331 344 4384 Τί
373 4329 554 4384 τοίνυν
588 4328 725 4401 πρὸς
754 4329 926 4384 ταῦτα
953 4331 1119 4403 φαίης
1143 4330 1231 4397 ἂν,
1259 4325 1304 4385 ὣ
1336 4331 1554 4387 πάντων
1583 4331 1796 4400 ἀνθρώ·
1831 4341 1873 4396 D

205 4431 329 4475 πων
358 4419 724 4494 ἐλεεινότατεί
763 4421 950 4492 ἐπειδὴ
983 4420 1188 4474 ἄνωθεν
1239 4422 1396 4491 ἥκεις
1442 4420 1623 4491 φέρων
1662 4422 1797 4491 ἡμῖν

181 4511 408 4574 -καινάς
431 4510 727 4579 ρνομασίας
747 4551 762 4575 ,
795 4510 888 4563 καὶ⁸
923 4512 1160 4582 σεμνύνῃ
1187 4549 1202 4575 ,
1232 4511 1317 4580 ἐφ’
1350 4504 1431 4573 οἷς
1457 4511 1518 4564 τὸ
1538 4508 1632 4563 τοῦ
1677 4511 1800 4564 Ἀν-

206 4603 434 4676 θρώπου
465 4601 636 4672 ὄνομα
660 4603 810 4675 αὐτῷ
838 4601 948 4655 τῶν
975 4603 1194 4656 πάντων
1220 4601 1466 4673 Δεσπότῃ
1497 4602 1589 4655 καὶ
1623 4601 1800 4672 Πατρὶ

202 4696 318 4750 τῶν
343 4697 482 4750 ὅλων
523 4697 800 4768 προσάψαι
830 4696 1136 4769 ἐτόλμησαν
1165 4698 1220 4763 ’;
1260 4698 1346 4760 Ὠς
1384 4699 1447 4749 ὲκ
1474 4695 1664 4749 τούτου
1699 4712 1800 4748 κα·-

204 4787 422 4843 λείσθαι
451 4789 544 4842 τὸν
577 4789 781 4861 Κύριον
813 4789 941 4842 Υἱὸν
979 4786 1316 4860 Ἀνθρώπου,
1362 4787 1448 4841 διὰ
1476 4787 1536 4840 τὸ
1559 4787 1652 4841 τὸν
1691 4787 1804 4840 Πα-

204 4878 346 4950 τέρα
378 4877 700 4949 Ἀνθρωπον
719 4878 1021 4934 καλεῖσθαι.
1039 4879 1180 4949 Εὑρὲ
1210 4880 1341 4950 ἡμῖν
1371 4877 1462 4931 καί
1492 4893 1613 4931 τινα
1639 4877 1804 4948 ἄλλην

207 4970 590 5041 προσηγορίαν
620 4970 698 5041 τῷ
727 4970 904 5043 Πατρδ⁹
937 4971 1302 5044 ἁρμόζουσαν,
1325 4970 1406 5035 τδ,
1438 4960 1628 5038 ἄνδρα
1653 4971 1802 5024 ἀπο-

206 5060 621 5132 δεδειγμένον.
663 5063 800 5117 Ἀλλ’
830 5065 930 5118 οὐκ
961 5064 1026 5118 ἂν
1064 5063 1244 5135 εὕροις
1276 5063 1425 5117 ποτέ.
1462 5065 1526 5117 Εἰ
1555 5063 1664 5136 γὰρ
1710 5063 1805 5118 καὶ

209 5155 356 5228 ἀνὴρ
388 5154 676 5227 ἅνθρωπός
729 5157 885 5222 ἐστι,
927 5157 1021 5211 καὶ
1075 5157 1213 5229 πρὸς
1245 5156 1653 5228 άντιδιαστολὴν
1701 5157 1802 5227 τῆς

207 5249 472 5316 γυναικὸς
512 5248 606 5302 τὸν
636 5247 921 5320 ἄνθρωπον
953 5249 1120 5322 ἄνδρα
1160 5249 1433 5319 καλοῦμεν
1458 5289 1473 5314 ,
1522 5250 1673 5320 ὅμως
1705 5249 1808 5302 οὐκ

211 5339 280 5391 ἂν
313 5339 411 5393 καὶ
459 5341 516 5392 ἐν
551 5338 727 5410 τούτῳ
763 5341 1179 5412 μηχανήσασθαί
1209 5359 1261 5394 τι
1289 5340 1594 5412 δυνηθείης.
1643 5342 1805 5394 ’Ἄνευ

209 5431 322 5502 γάρ
375 5431 678 5502 σχημάτων
729 5431 822 5484 καὶ
871 5432 1046 5502 μελῶν
1065 5474 1079 5498 ,
1109 5433 1357 5505 κρυφίων
1384 5449 1444 5484 τε
1473 5433 1567 5486 καὶ
1596 5431 1809 5505 ὁρατῶν

213 5522 353 5594 ἀνὴρ
383 5523 445 5574 οὐ
491 5521 784 5590 δυνήσεται
813 5521 1111 5576 καλεῖσθαι.
1155 5522 1404 5593 Λέγομεν
1432 5522 1541 5591 γὰρ
1579 5521 1674 5575 καὶ
1709 5522 1810 5594 τὴν

1894 1829 2165 1889 terentur,
2208 1827 2328 1894 pari
2376 1839 2568 1881 omnes
2600 1823 2902 1896 ignominia
2936 1823 3166 1881 notandi
3195 1835 3346 1882 sunt.
3377 1823 3484 1882 Sed

1894 1913 2043 1968 haud
2088 1914 2396 1969 medioeres
2443 1925 2577 1970 sane
2607 1915 2674 1970 ad
2702 1914 3067 1970 cavillandum
3097 1923 3271 1986 nugas
3293 1915 3486 1972 Color-

1893 2004 2062 2060 basu‘s
2114 2005 2220 2060 iste
2275 2006 2436 2060 nobis
2492 2006 2700 2062 attulit.
2757 2002 3041 2075 Siquidem
3083 2009 3300 2076 poetico
3334 2022 3486 2062 more

1892 2097 2089 2152 ludens
2119 2095 2344 2152 Parcnti
2373 2097 2618 2151 omnium
2655 2099 2719 2152 ac
2749 2098 2860 2153 Deo
2906 2099 3284 2164 sanctissimo,
3321 2115 3483 2170 quem

1891 2194 2055 2242 nemo
2091 2188 2558 2259 comprehendere
2597 2199 2692 2244 aut
2732 2205 3004 2261 usurpare
3053 2192 3243 2246 oculis
3282 2199 3482 2262 potest,

1897 2279 2151 2336 Hominis
2190 2297 2389 2338 nomen
2421 2281 2650 2351 afﬁnxit,
2695 2292 2754 2338 ut
2791 2283 2858 2338 ad
2896 2287 3141 2338 errorem
3173 2299 3332 2338 suum
3371 2282 3485 2338 Sal-

1891 2371 2106 2428 vatorls
2139 2381 2454 2429 sermonem
2491 2375 2833 2447 adjungeret,
2870 2374 2961 2445 qui
2995 2389 3054 2429 se
3093 2373 3262 2428 filium
3295 2372 3484 2430 Homi-

1891 2462 1980 2516 nis
2034 2473 2161 2518 esse
2209 2458 2383 2530 dixit;
2426 2471 2490 2518 ac
2540 2463 2896 2518 familiarium
2946 2467 3174 2518 suorum
3202 2464 3417 2520 animos
3452 2479 3482 2518 a

1893 2553 2112 2611 sincera
2143 2563 2196 2610 et
2225 2553 2520 2627 perspicua
2557 2555 2766 2613 Christi
2806 2558 2874 2612 de
2913 2557 3097 2628 Seipso
3135 2555 3484 2612 confessione

1892 2648 1960 2703 ad
1984 2648 2271 2719 perplexas
2299 2657 2352 2703 et
2379 2648 2688 2720 implicatas
2726 2651 2962 2722 ineptias
2993 2647 3273 2705 conferret
3304 2668 3318 2705 :
3352 2649 3480 2705 dum

1891 2742 1946 2796 in
2001 2743 2322 2798 cmiestibus
2380 2744 2486 2797 illis
2539 2744 2674 2798 locis
2731 2757 2796 2799 ea
2843 2759 2964 2816 qua:
3018 2749 3292 2814 nusquam
3345 2753 3476 2800 sunt

1893 2833 1998 2890 Sibi
2036 2843 2160 2890 esse
2205 2833 2560 2904 perSuadent.
2603 2833 2672 2889 Ut
2714 2836 2861 2890 enim
2906 2835 3101 2893 demus
3130 2835 3286 2904 illud,
3319 2853 3386 2892 ex
3417 2853 3482 2893 eu

1891 2923 2043 2996 quod
2075 2923 2242 2993 hujus
2274 2932 2430 2993 pater
2457 2923 2633 2980 Homo
2667 2927 2738 2982 sit
2767 2927 2973 2992 dictus,
3012 2925 3268 2983 Hominis
3313 2939 3484 2984 semet

1892 3015 2198 3086 appellasSe
2244 3014 2434 3082 illium,
2474 3031 2584 3071 non
2632 3018 2702 3074 ob
2745 3027 2866 3073 eam
2919 3021 3169 3084 carnem,
3213 3036 3374 3090 quam
3417 3036 3482 3076 ex

1900 3113 2057 3162 utero
2108 3103 2351 3176 Virginis
2403 3108 2635 3178 accepit,
2681 3110 2785 3164 hoc
2831 3118 2918 3182 est
2968 3111 3145 3166 beata:
3172 3111 3379 3178 Mariae,
3419 3129 3482 3168 ex

1897 3214 2006 3271 qua
2033 3214 2131 3270 per
2160 3199 2426 3270 Spiritum
2479 3210 2731 3257 sanctum
2788 3212 2952 3258 natus
2998 3211 3103 3270 est,
3165 3213 3220 3259 ut
3282 3205 3484 3261 infelici

1901 3293 2205 3350 Colorhaso
2232 3294 2472 3366 placuit;
2519 3296 2648 3368 quid
2696 3295 2762 3352 de
2805 3298 2978 3352 altero
3030 3297 3122 3352 illo
3174 3297 3320 3353 dicet
3370 3314 3485 3354 scr.

1904 3401 2068 3442 mone
2104 3385 2346 3452 Domini,
2380 3403 2506 3443 cum
2553 3388 2634 3445 sic
2675 3387 2894 3444 Judecos
2951 3387 3148 3444 allatus
3171 3389 3294 3445 est?
3329 3388 3486 3444 Nunc

1905 3494 1988 3534 me
2011 3481 2251 3550 queritis
2281 3481 2598 3552 interﬁcere,
2630 3482 2896 3537 hominem
2921 3484 3011 3554 qui
3038 3483 3309 3537 ueritatem
3343 3484 3486 3538 vobis

1897 3574 2104 3627 locutus
2133 3585 2278 3640 sum,
2310 3589 2468 3643 quam
2502 3575 2684 3629 audivi
2709 3591 2742 3629 a
2775 3574 2942 3630 Patre
2971 3592 3084 3630 meo
3111 3575 3154 3630 ⁸.
3192 3575 3312 3630 Non
3339 3577 3484 3631 enim

1897 3666 1968 3721 ah
2019 3665 2252 3724 Homine
2305 3668 2466 3725 Patre
2522 3668 2644 3725 meo
2697 3669 2856 3735 dixit,
2907 3670 3004 3728 sed
3047 3671 3268 3727 Patrem
3326 3687 3485 3728 suum

1898 3759 2226 3830 praedicans,
2280 3764 2664 3819 universorum
2714 3763 2887 3819 Deum
2951 3766 3179 3821 indicat.
3238 3764 3308 3821 Se
3336 3781 3486 3832 vero,

1897 3849 1996 3920 qui
2041 3858 2299 3907 naturam
2344 3854 2586 3910 hominis
2633 3855 2992 3925 suscepisset,
3044 3871 3168 3911 vere
3209 3856 3486 3911 hominem

1897 3945 2169 4013 appellat,
2224 3953 2284 4000 ut
2338 3954 2394 4002 ct
2443 3947 2677 4018 apostoli
2712 3951 3023 4016 testantur;
3073 3963 3187 4018 quo
3239 3947 3487 4018 undique

1893 4036 2100 4094 veritas
2160 4040 2593 4106 corroboretur,
2670 4039 3119 4112 intelligaturque
3187 4040 3334 4096 unde
3388 4042 3480 4094 illa

1901 4131 2132 4190 Domino
2166 4143 2295 4192 sunt
2331 4137 2595 4191 attributa
2625 4137 2948 4206 cognomina
2983 4157 2996 4192 :
3028 4134 3234 4202 Jesum,
3289 4137 3485 4208 inquit,

1897 4231 2067 4284 uirum
2123 4228 2473 4298 approbatum
2503 4230 2556 4283 in
2594 4246 2689 4308 .vos
2726 4230 2892 4300 signis
2922 4247 2984 4284 ac
3028 4226 3281 4302 prodigiis
3306 4231 3347 4299 ⁸,
3379 4240 3484 4287 etc.

1971 4324 2113 4392 Quid
2144 4323 2212 4378 ad
2253 4323 2368 4379 haec
2407 4308 2619 4379 hiscere
2648 4321 2900 4388 audebis,
2930 4322 3310 4382 infelicissime
3350 4341 3488 4381 mor-

1897 4415 2131 4472 talium!
2175 4415 2266 4484 qui
2299 4429 2440 4469 nova
2488 4415 2736 4483 quaedam
2789 4415 3038 4472 inaudita
3084 4417 3306 4472 nomina
3342 4417 3490 4470 velut

1898 4522 1929 4561 c.
1980 4506 2123 4559 cwlo
2177 4503 2335 4557 nobis
2388 4501 2551 4557 allata
2615 4501 2911 4569 venditas,
2967 4512 3130 4575 teque
3188 4505 3491 4559 insolenter

1898 4596 2184 4655 ostentus?
2241 4594 2486 4663 Quorum
2549 4595 2945 4650 vocabulorum
3003 4597 3178 4668 gratia
3239 4593 3494 4651 Hominis

1901 4706 2101 4746 nomen
2149 4688 2380 4744 Domino
2431 4689 2678 4744 omnium
2725 4704 2790 4744 ac
2843 4688 3060 4746 Parenti
3094 4689 3338 4746 tribuere
3377 4707 3512 4744 non.

1902 4784 2122 4840 dubitas
2147 4800 2160 4839 :
2189 4784 2350 4854 quasi
2397 4781 2662 4836 Dominus
2708 4782 2916 4837 idcirco
2945 4781 3117 4839 Filius
3147 4783 3386 4837 hominis
3417 4782 3488 4838 sit

1903 4876 2109 4942 dictus,
2165 4876 2322 4947 quod
2354 4876 2476 4946 ejus
2522 4875 2690 4930 l’ater
2720 4875 2896 4930 llomo
2934 4877 3303 4947 nuncupetur.
3347 4872 3492 4929 Doce

1902 4978 1956 5025 et
1986 4971 2216 5024 alteram
2255 4967 2702 5038 appellationem,
2755 4965 2936 5020 Virum
2967 4968 3250 5036 probatum
3289 5007 3303 5032 ,
3342 4966 3490 5020 Patri

1903 5067 2228 5133 congruere.
2261 5057 2420 5132 261
2458 5057 2627 5130 Atqui
2681 5065 2963 5129 utinquam
3020 5059 3150 5113 illud
3209 5058 3491 5115 ostendes.

1902 5153 2145 5210 Tametsi
2185 5155 2332 5208 enim
2381 5154 2466 5208 vir
2503 5154 2684 5210 omnis
2730 5154 2896 5207 homo
2934 5153 3026 5220 sit,
3077 5151 3491 5222 hominemque,

1906 5258 1966 5304 ut
1993 5263 2024 5301 a
2051 5245 2280 5302 muliere
2303 5244 2670 5309 discernatur,
2698 5246 3035 5318 appellemus
3057 5245 3257 5311 virum,
3287 5245 3492 5300 nullam

1904 5339 2033 5395 inde
2087 5338 2286 5394 tamen'
2311 5338 2686 5393 calumniandi
2741 5355 2933 5395 ansam
2984 5345 3165 5412 potest
3226 5339 3490 5410 arripere.

1905 5429 2124 5486 Etenim
2173 5432 2294 5486 sine
2340 5438 2490 5486 certa
2544 5431 2730 5503 specie
2782 5433 3085 5505 habituque
3130 5431 3379 5504 corporis
3429 5447 3492 5485 ac

1910 5524 2112 5594 partim
2155 5523 2413 5591 occultis,
2447 5524 2646 5597 partim
2683 5526 3003 5598 patentibus
3047 5526 3311 5582 membris
3352 5538 3493 5578 nun-

286 5682 300 5713 ¹
329 5678 397 5738 F.
428 5677 667 5734 ἐκείνου.
746 5680 765 5710 ³
806 5675 865 5733 ι’.
907 5677 1230 5751 ἐτόλμησας.
1296 5679 1315 5711 ⁸
1343 5676 1498 5734 Joan.
1532 5693 1650 5750 νιιι,
1685 5678 1773 5737 ιο.

1897 5677 2019 5735 Act.
2054 5695 2112 5740 11,.
2147 5677 2237 5733 τε.

3381 240 3482 294 0'50
3555 254 3557 256 '
