3956 6070
489 171 579 228 831

1914 183 1969 240 S.
2004 132 2345 242 EPIPHAt‘llI

3659 195 3771 251 632

489 308 653 363 quam
699 294 880 352 virum
929 301 1298 359 nominamus.
1338 300 1551 363 Mulieri
1594 317 1762 374 porro
1805 318 1913 358 non
1952 305 2066 372 viri,

2178 317 2412 385 γυναῖκα
2440 315 2749 389 ἄνθρωπον,
2771 314 2885 370 ἀλλ’
2915 314 3016 369 οὐκ
3045 312 3235 385 ἄνδρα.
3262 312 3354 367 Διὸ
3381 312 3474 367 καὶ
3496 313 3527 368 ὁ
3550 312 3770 384 ἀνθρω-

490 385 589 441 sed
618 386 861 446 hominis
905 407 1096 449 vocem
1142 394 1458 451 tribuimus.
1494 393 1677 462 Quare
1718 404 1953 468 utroque
1983 413 2066 469 ge-

2177 424 2279 472 πος
2307 385 2576 480 λέγομεν,
2633 408 2727 463 καὶ
2771 409 2805 480 ὴ
2851 400 3161 479 ἄνθρωπος.
3213 404 3565 477 Διαιροῢντες
3601 405 3661 459 δὲ
3704 405 3768 459 τὸ

490 492 622 535 nere
666 480 756 536 hic
795 490 849 537 et
889 483 1006 539 haec
1054 485 1217 541 homo
1255 487 1505 556 proferre
1540 488 1807 545 solemus.
1842 489 1948 546 Sed
1983 491 2076 547 ubi

489 587 750 640 generum
811 583 896 630 est
951 576 1342 649 distinguenda
1410 580 1754 651 proprietas,
1815 583 2075 640 feminam

488 664 758 729 mulieris,
786 679 993 721 marem
1021 668 1127 723 viri
1148 669 1373 726 nomine
1408 671 1777 729 declaramus.
1809 672 1906 729 His
1928 675 2076 730 enim

487 755 705 813 duobus
750 758 1073 826 vocabulis,
1122 756 1384 834 generum
1436 764 1758 821 habitudine
1798 775 2072 837 separata,

487 864 656 906 sexus
704 851 995 922 utriusque
1038 854 1331 913 diversitas
1355 858 1705 927 exprimitur.
1738 858 1808 914 At
1833 861 2074 919 hominis

2174 500 2331 570 γένος
2365 500 2707 565 ἰδιαζόντως,
2751 500 2848 572 τὴν
2890 500 2988 571 μὲν
3026 500 3249 570 θήλειαν
3281 500 3517 567 γυναῖκα
3564 497 3768 552 καλοῦ-

2179 609 2279 663 μεν
2298 631 2313 657 ,
2354 593 2446 647 τὸν
2473 592 2529 645 δὲ
2553 593 2757 664 ἄρρενα
2785 592 2976 666 ἄνδρα.
3004 591 3155 663 Δῦτη
3199 590 3309 662 γάρ
3333 590 3606 663 διάκρισίς
3644 594 3763 644 ἐστι
3847 584 3851 595 ’

2173 684 2269 740 τοῦ
2299 683 2492 754 γένους
2516 684 2749 757 ἄρρενος
2794 686 2888 739 καὶ
2918 684 3159 757 θηλείας,
3202 684 3265 737 τὸ
3298 682 3438 753 ἀνὴρ
3472 682 3568 737 καὶ
3595 682 3760 754 γυνὴ,

2174 775 2558 848 διαιρουμένης
2593 777 2691 847 τῆς
2715 776 2825 831 τῶν
2856 776 3030 846 γενῶν
3058 774 3319 847 σχέσεως.
3364 772 3763 845 Ὀμωνυμικῶς

2174 866 2234 923 δὲ
2261 865 2547 940 ἄνθρωπος
2569 869 2665 923 καὶ
2693 870 2722 922 ὁ
2757 867 2898 941 ἀνὴρ
2921 868 3019 922 καὶ
3047 869 3081 938 ἡ
3113 866 3251 937 γυνὴ
3280 865 3545 922 καλεῖται.

484 957 590 996 vox
619 943 843 1000 nonnisi
883 945 1194 1019 ὁμωνύμως
1242 956 1298 1005 et
1331 949 1586 1021 ambigue
1640 951 1822 1007 virum
1857 967 1923 1008 ac
1948 969 2073 1009 mu-
2188 1003 2203 1010 -

484 1032 676 1090 lierem
706 1037 1118 1108 complectitur.

558 1124 647 1180 Ill.
666 1124 799 1193 Quae
828 1144 953 1183 cum
990 1129 1066 1184 ita
1087 1146 1148 1188 se
1174 1130 1434 1201 habeant,
1460 1133 1668 1199 adeste,
1698 1151 1907 1207 quaaso,
1926 1139 2071 1195 servi

485 1213 581 1271 Dei
620 1233 816 1275 omnes
860 1227 915 1275 et
952 1221 1193 1277 veritatis
1226 1230 1538 1284 amatores;
1570 1224 1798 1295 planum
1846 1227 1998 1283 illum
2019 1238 2073 1286 et

485 1307 817 1363 nebulonem
851 1308 1215 1366 Colorhasum
1246 1312 1630 1372 vehementius
1690 1317 1959 1386 deridete,
1984 1321 2072 1376 vel

484 1401 664 1470 lugete
699 1401 884 1471 potius
928 1417 1024 1459 eos
1076 1403 1168 1472 qui
1220 1403 1432 1477 decepti
1490 1418 1638 1475 sunt,
1674 1423 1799 1464 cum
1837 1412 2070 1482 seipsos,

482 1498 600 1542 tum
628 1489 766 1544 alios
795 1505 960 1561 quam
996 1492 1263 1562 plurimos
1302 1496 1679 1566 perdiderunt.
1736 1498 1851 1557 Nos
1885 1509 2069 1558 autem

479 1579 594 1636 Deo
631 1582 841 1653 gratias
877 1598 1127 1655 agamus,
1186 1588 1335 1656 quod
1375 1588 1747 1647 mediocribus
1801 1593 2069 1665 simplici-

479 1673 693 1744 husque
728 1676 913 1732 verbis
954 1678 1099 1735 filios
1150 1695 1284 1736 suos
1337 1682 1539 1739 veritas
1573 1693 1782 1740 rectam
1827 1687 1883 1741 in
1922 1689 2068 1744 viam

408 1779 413 1784 ’
480 1769 659 1823 soleat
687 1768 1001 1839 deducere;
1027 1780 1221 1827 contra
1254 1789 1385 1830 vero
1424 1777 1628 1832 misera
1671 1779 1764 1833 illa
1800 1795 2069 1854 arrogan-

480 1859 679 1929 tiaaque
709 1860 871 1930 plena
891 1860 1168 1933 dogmata,
1197 1872 1252 1920 et
1278 1868 1555 1936 exquisito
1581 1869 1766 1926 fucata
1794 1873 2067 1932 lenocinio

480 1951 732 2021 dissipet,
773 1967 840 2009 ac
868 1964 1062 2026 pacate
1112 1958 1422 2031 leniterque
1452 1964 1818 2033 progrediens
1852 1976 2066 2025 evertat

478 2040 728 2099 funditus
766 2054 820 2101 et
849 2049 1196 2120 exstinguat;
1240 2060 1299 2107 ut
1337 2068 1405 2108 ex
1438 2055 1721 2125 propheta:
1747 2059 2067 2116 testimonio

480 2136 773 2193 manifeste
796 2139 1101 2210 colligitur.
1142 2142 1249 2209 Qui
1299 2147 1788 2220 nonnullosimpia
1812 2152 2065 2222 quaedam

475 2228 755 2285 curiosius
808 2231 1229 2301 adsciscentes,
1279 2251 1345 2292 ac
1392 2239 1657 2295 scelerata
1711 2242 1902 2298 nescio
1944 2260 2067 2315 quae

475 2335 634 2376 suam
675 2321 746 2377 ad
768 2321 1021 2381 fraudem
1052 2329 1433 2400 excogitantes
1488 2332 1572 2388 sic
1605 2335 1927 2406 alloquitur:
1954 2337 2064 2394 Pro

474 2429 534 2467 eo
563 2414 706 2484 quod
729 2415 999 2485 abjecistis
1028 2436 1224 2490 aquam
1266 2421 1431 2487 Siloe,
1464 2442 1583 2496 qua:
1615 2427 1759 2483 vadit
1776 2446 1896 2486 cum
1910 2432 2067 2488 silm-

480 2502 577 2567 tio,
611 2503 841 2560 adducet
875 2524 1032 2578 super
1068 2527 1158 2566 vos
1187 2512 1446 2570 Dominus
1470 2533 1666 2588 aquam
1687 2520 1859 2589 ﬂuvii,
1893 2539 2065 2594 regem

474 2594 876 2665 Assyriorum’.
902 2598 1038 2656 Nam
1067 2618 1265 2674 aquam
1333 2606 1481 2664 Siloe
1536 2609 1689 2687 Missi
1754 2614 2064 2672 doctrinam

475 2688 829 2778 interpretari
862 2693 1011 2750 licet.
1054 2696 1191 2763 Quis
1240 2699 1331 2755 ille
1372 2717 1504 2757 vero
1534 2704 1675 2759 alius
1722 2714 1808 2761 est
1865 2717 2066 2778 praeter

472 2776 664 2833 .lcsum
698 2779 993 2837 Dominum
1027 2793 1282 2842 nostrum
1307 2804 1337 2842 a
1370 2788 1481 2845 Deo
1515 2790 1677 2849 Patre
1721 2776 1978 2863 missum,
2010 2810 2066 2856 et

475 2869 699 2938 quidem
752 2873 1145 2947 quietezquod
1190 2866 1327 2933 nihil
1360 2880 1608 2940 insolens
1666 2895 1762 2942 aut
1813 2888 2062 2948 fucatum

2244 1129 2317 1184 I".
2358 1129 2576 1184 Τούτων
2628 1130 2804 1184 τοίνυν
2864 1127 3041 1194 οὕτως
3095 1128 3358 1200 ἐχόντων,
3420 1126 3587 1199 ἧκετέ
3630 1144 3759 1198 μοι,

2173 1224 2373 1288 πάντες
2418 1223 2554 1278 Θεοῦ
2587 1223 2804 1289 δοῦλοι,
2853 1226 2902 1277 οἱ
2948 1224 3048 1295 τῆς
3078 1222 3337 1293 ἀληθείας
3368 1222 3601 1294 ἐρασταί
3622 1238 3639 1254 ·
3667 1222 3762 1276 καὶ

2171 1316 2438 1386 γελάσατε
2474 1315 2566 1371 τὸν
2607 1314 2903 1370 ἀπατεῶνα
2948 1315 3042 1370 καὶ
3085 1315 3189 1384 ἀγύ
3200 1331 3331 1386 ρτην
3377 1313 3755 1387 Κολόρϐασον*

2176 1410 2375 1482 μᾶλλον
2395 1408 2452 1462 δὲ
2478 1407 2781 1479 πενθήσατε
2808 1407 2934 1471 τοὺς
2957 1405 3359 1478 ἀπατηθέντας,
3386 1405 3482 1458 καὶ
3508 1404 3756 1468 ἑαυτοὺς,

2172 1502 2268 1556 καὶ
2298 1500 2525 1564 πολλοὺς
2558 1499 2950 1562 ἀπολέσαντας.
2991 1498 3156 1551 Αὐτοὶ
3185 1496 3245 1552 δὲ
3278 1495 3400 1567 Θεῷ
3426 1496 3758 1567 εὐχαριστή-

2178 1610 2382 1664 σωμεν,
2411 1592 2487 1656 ὡς
2513 1590 2603 1645 διά
2652 1590 2864 1664 μικρῶν
2898 1590 2995 1644 καὶ
3043 1588 3232 1664 ἀπλῶν
3264 1588 3438 1659 λόγων
3466 1589 3501 1659 ἡ
3530 1587 3759 1659 ἀλήθεια

2098 1673 2141 1728 Β
2168 1685 2293 1750 τοὺς
2326 1684 2528 1755 ἑαυτῆς
2559 1686 2639 1748 είς
2678 1683 2796 1737 ὁδὸν
2829 1682 3045 1737 εὐθεῖαν
3089 1682 3307 1754 ὁδηγεῖν
3337 1679 3498 1734 εἴωθε
3518 1695 3533 1709 ’
3570 1679 3668 1733 καὶ
3691 1677 3760 1731 τά

2173 1776 2392 1849 σχέτλια
2417 1777 2513 1831 καὶ
2540 1775 2888 1847 πολύκομπα,
2916 1757 3241 1844 διάπολλῆς
3266 1773 3517 1845 μηχανῆς

2171 1868 2434 1924 πισθέντα
2457 1908 2471 1931 ,
2509 1868 2954 1922 διασκεδάννυσιν
2979 1906 2994 1931 ,
3029 1864 3327 1938 ἀνατρέπει
3362 1863 3458 1918 καὶ
3501 1862 3756 1933 ἀφανίζει

2169 1961 2346 2033 ἡσυχῆ
2380 1958 2667 2029 βαίνουσα·
2700 1958 2774 2022 ὡς
2810 1956 2998 2027 σαφῶς
3025 1955 3172 2010 ἔστιν
3203 1955 3332 2009 ίδεῖν
3362 1953 3472 2008 ἀπὸ
3497 1951 3595 2006 τοῦ
3624 1969 3757 2024 προ-

2170 2052 2399 2125 φητικοῦ
2450 2051 2633 2120 λόγου.
2669 2049 2952 2119 Ἐγκαλῶν
2989 2048 3099 2120 γὰρ
3145 2049 3175 2101 ὁ
3207 2046 3495 2119 προφήτης
3541 2046 3656 2106 10E;
3688 2042 3760 2097 τά

2167 2144 2316 2200 δεινά
2347 2141 2887 2216 περιεργαζομένοις,
2923 2128 3017 2194 καὶ
3042 2140 3065 2171 ⁸
3096 2137 3393 2209 πολύφημα
3422 2136 3754 2203 ἐπινοοῦσιν,

2169 2239 2249 2301 είς
2283 2235 2488 2291 ἑαυτῶν
2516 2235 2733 2305 ἀπάτην
2757 2275 2772 2300 ,
2807 2233 2993 2302 ἐλεγεο
3022 2231 3125 2285 Διὰ
3150 2230 3216 2284 τὸ
3243 2229 3328 2300 μὴ
3360 2229 3563 2284 θέλειν
3600 2226 3757 2297 ὑμᾶς

2167 2328 2232 2382 τὸ
2266 2327 2422 2396 ὕδωρ
2455 2313 2560 2381 τῖνῦ
2590 2326 2826 2395 Σιλωὰμ
2851 2324 2919 2379 τὸ
2945 2323 3354 2393 πορευόμενον
3384 2319 3620 2391 ἡσυχῆ,
3649 2320 3756 2375 ἀν·

2166 2420 2295 2489 άγει
2331 2419 2422 2489 ἐφ’
2456 2416 2614 2488 ὑμᾶς
2643 2419 2858 2487 Κύριος
2881 2416 2949 2471 τὸ
2987 2414 3145 2483 ὕδωρ
3177 2413 3284 2469 τοῦ
3320 2413 3615 2483 ποταμοῦ,
3650 2411 3759 2465 τόν

2160 2511 2430 2577 βασιλέα
2469 2511 2589 2566 τῶν
2620 2509 2979 2578 Ἀσσυρίων.
3009 2502 3194 2582 ’Υδωρ
3227 2507 3335 2580 γάρ
3358 2504 3605 2576 Σιλωὰμ,
3638 2504 3757 2558 ἐστὶ

2165 2603 2484 2659 διδασκαλία
2513 2602 2608 2657 τοῦ
2643 2602 3079 2674 ἀπεσταλμένου.
3133 2603 3230 2667 Τίς
3275 2602 3322 2656 δ’
3364 2601 3431 2656 ἂν
3479 2602 3569 2672 εἴη
3602 2594 3757 2665 οὗτος

2166 2695 2283 2750 ἀλλ’
2315 2695 2349 2766 ἢ
2382 2695 2410 2747 ὁ
2443 2694 2648 2767 Κύριος
2674 2676 2834 2765 ἡμῶν
2864 2691 3105 2764 Ἰησοῦς,
3140 2694 3168 2745 ὁ
3211 2693 3320 2747 ἀπὸ
3344 2691 3439 2746 τοῦ
3474 2691 3611 2751 Θεοῦ
3643 2693 3756 2746 Πα-

2164 2786 2292 2859 τρὸς
2330 2784 2495 2840 αὐτοῦ
2544 2782 2994 2855 ἀπεσταλμένος,
3037 2782 3216 2857 ἡσυχῆ
3260 2783 3316 2836 δὲ
3361 2783 3450 2836 διὰ
3480 2784 3542 2837 τὸ
3592 2782 3758 2854 μηδὲν

2166 2878 2523 2948 καινόφωνον,
2571 2879 2709 2949 μήτε
2755 2876 3110 2943 ἐπίπλαστον,
3159 2876 3275 2930 ἀλλ’
3307 2878 3364 2929 ὲν
3392 2872 3629 2947 ἀληθείᾲ
3655 2876 3757 2946 τὴν

477 2968 825 3034 perstrepat;
884 2967 983 3022 sed
1037 2984 1166 3025 vere
1232 2986 1299 3028 ac
1366 2975 1584 3033 sincere
1647 2983 2061 3041 sanctissimam

2168 2973 2329 3043 ἁγίαν
2359 2971 2524 3027 αὑτοῦ
2558 2969 2778 3043 νύμφην
2811 2971 2910 3043 τὴν
2936 2973 3066 3044 παρ’
3091 2971 3258 3026 αὐτοῦ
3296 2970 3630 3043 περιστερὰν
3662 2988 3759 3023 κα-

476 3055 749 3125 Sponsam
777 3058 1025 3128 edoceat,
1055 3077 1221 3133 quam
1241 3065 1294 3121 in
1326 3064 1639 3126 Salomonis
1667 3071 1914 3133 Canticis
1970 3096 2068 3137 co-

474 3148 718 3206 lumbam
741 3152 810 3206 ob
841 3154 1098 3213 animalis
1137 3156 1553 3229 simplicitatem
1591 3171 1648 3217 et
1680 3174 2067 3229 mansuetudi-

473 3257 600 3297 nem
650 3245 1060 3319 puritatemque
1120 3253 1476 3321 cognominat
1511 3255 1574 3308 ³⁸3
1631 3255 1716 3321 Ει,
1784 3265 1930 3330 quod
1985 3276 2071 3324 est

473 3335 837 3396 admiratione
857 3340 1096 3412 dignius,
1111 3343 1284 3414 ,262
1310 3345 1548 3415 reliquas
1564 3363 1778 3419 omnes,
1797 3369 1920 3424 quae
1940 3374 2068 3416 cum

472 3430 669 3486 aliena:
706 3432 839 3496 sint,
878 3449 1078 3490 nomen
1105 3435 1279 3506 ipsius
1312 3449 1601 3507 usurpant,
1636 3447 1976 3507 concubinas
2004 3466 2069 3508 ac

474 3524 695 3590 reginas
756 3525 1028 3594 appellat,
1057 3528 1130 3583 ob
1172 3528 1384 3599 regium
1408 3529 1617 3589 Christi
1644 3551 1868 3606 nomen,
1920 3545 2068 3614 quod

475 3628 821 3685 unaquaeque
849 3616 959 3672 sibi
989 3618 1292 3677 insolenter
1314 3636 1576 3695 arrogare
1609 3633 1916 3689 contendit.
1954 3635 2066 3694 Sed

473 3708 579 3763 etsi
619 3709 942 3768 concubinae
997 3712 1109 3769 sint
1162 3714 1446 3786 octoginta
1471 3759 1487 3785 ,
1532 3720 1637 3777 hoc
1675 3730 1762 3779 est
1790 3725 2063 3798 hereses;

475 3811 615 3869 tum,
642 3802 833 3871 puella:
862 3821 1109 3874 quarum,
1153 3807 1353 3879 inquit,
1387 3827 1493 3865 non
1541 3822 1622 3868 est
1658 3832 1931 3888 numerus,
1958 3799 2068 3877 uno

473 3907 656 3951 tamen
680 3905 759 3953 est
796 3898 1044 3955 columba
1090 3919 1227 3968 mea,
1287 3904 1521 3974 perfecta
1576 3911 1762 3966 mea':
1804 3913 2064 3973 nimirum

473 3998 672 4044 sancta
696 3998 762 4044 et
782 3990 1062 4048 catholica
1102 3992 1368 4051 Ecclesia.
1395 3997 1529 4062 Qua:
1559 4001 1815 4059 columba
1838 4007 2063 4077 quidem

472 4089 584 4146 est,
616 4089 679 4137 ut
708 4082 974 4153 diximus,
1012 4086 1084 4140 ob
1136 4085 1305 4156 hujus
1338 4088 1459 4144 avis
1498 4095 1978 4153 mansuetudinem
2011 4106 2068 4154 et

470 4172 846 4229 innocentiam
890 4190 957 4230 ac
1005 4175 1416 4246 sinceritatem;
1445 4181 1688 4249 perfecta
1712 4200 1866 4249 vero,
1907 4188 2062 4258 quod

473 4263 775 4341 perfectam
806 4279 838 4319 a
866 4265 978 4323 Deo
1006 4267 1320 4334 scientiam,
1350 4271 1777 4347 absolutamque
1825 4278 1895 4333 ab
1941 4279 2064 4349 ipso

2170 3065 2458 3137 λουμένην,
2493 3064 2585 3119 διά
2622 3064 2684 3118 τὸ
2716 3065 2922 3120 ἄκακον
2952 3064 3043 3119 καὶ
3070 3064 3278 3136 ἥμερον
3312 3064 3408 3117 καὶ
3431 3063 3759 3133 καθαρώτα-

2169 3175 2260 3212 τον
2293 3157 2387 3210 τοῦ
2416 3156 2575 3223 ζὼου,
2627 3159 2684 3211 ὲν
2708 3160 2822 3222 τοῖς
2853 3155 3096 3228 ’ᾼσμασι
3121 3154 3216 3209 τοῦ
3248 3153 3602 3226 Σολομῶνος;
3644 3155 3759 3209 Καὶ

2170 3250 2284 3304 ἔστι
2308 3249 2587 3321 θαυμάσαι
2619 3250 2661 3316 ⁸,
2693 3248 2793 3314 τάς
2830 3250 2927 3321 μὲν
2960 3248 3128 3312 ἀλλας
3169 3249 3245 3321 μὴ
3260 3247 3429 3312 οὔσας
3445 3246 3637 3312 αὐτοῦ,
3664 3247 3757 3300 ἐπὶ

2167 3342 2225 3396 δὲ
2257 3341 2335 3413 τῷ
2357 3342 2583 3413 ὀνόματι
2611 3341 2776 3397 αὐτοῦ
2805 3341 3003 3406 ἑαυτὰς
3034 3341 3369 3413 κεκληκυίας
3394 3341 3754 3405 παλλακίδας,

2167 3434 2421 3506 ὠνόμασε
2466 3436 2560 3489 καὶ
2597 3434 2914 3506 βασιλίσσας
2948 3434 3038 3489 διὰ
3076 3434 3139 3488 τὸ
3178 3433 3463 3505 βασιλεῦον
3495 3434 3690 3506 ὄνομα,
3727 3433 3757 3487 ὁ

2168 3525 2373 3599 ἑκάστη
2424 3528 2659 3600 Χριστὸν
2705 3526 3122 3599 ἐπιγραφομένη
3183 3528 3353 3598 ἑαυτῇ
3404 3527 3751 3598 σεμνύνεται.

2178 3620 2317 3675 Ἀλλ’
2355 3622 2405 3675 εί
2435 3621 2531 3675 καὶ
2552 3620 2886 3692 ὀγδοήκοντά
2914 3623 3019 3676 είσι
3046 3619 3347 3685 παλλακαὶ,
3374 3620 3584 3686 αἵτινές
3618 3624 3757 3675 εἰσιν

2166 3716 2224 3770 αἱ
2268 3715 2545 3786 αἱρέσειςο
2593 3714 2787 3769 ἔπειτα
2836 3711 3220 3780 δὲ,νεάνιδες
3244 3752 3260 3777 ,
3293 3706 3383 3767 ὧν
3430 3714 3545 3767 οὐκ
3583 3713 3756 3768 ἔστιν

2164 3805 2428 3876 ἀριθμὸς,
2447 3806 2610 3878 φησὶ,
2623 3807 2732 3876 μία
2751 3805 2883 3860 ἐστὶ
2904 3804 3224 3876 περιστερά
3239 3821 3381 3874 μου,
3398 3806 3605 3860 τελεία
3612 3822 3730 3875 μου

2164 3900 2443 3977 τουτέστιν
2464 3899 2602 3971 αὐτὴ
2626 3899 2759 3968 ἀγεα
2779 3898 2990 3971 νύμφη,
3023 3901 3119 3955 καὶ
3142 3899 3402 3970 καθολικὴ
3427 3897 3751 3970 Ἐκκλησία.

2164 3993 2473 4065 Περιστερά
2509 3991 2631 4064 μὲν,
2654 3992 2729 4056 ὡς
2756 3992 2913 4063 ἔφην,
2939 3991 3027 4062 διὰ.
3054 3993 3115 4045 τὸ
3142 3993 3372 4063 ἥμερον,
3391 3992 3489 4045 καὶ
3523 3992 3751 4054 ἀκακον,

2164 4084 2260 4138 καὶ
2289 4081 2530 4153 καθαρὸν
2551 4080 2646 4135 τοῦ
2684 4080 2825 4145 ζώου
2846 4098 2859 4112 ο
2889 4079 3073 4134 τελεία
3102 4079 3181 4144 δὲ,
3206 4079 3297 4135 διά
3315 4079 3377 4133 τὸ
3407 4080 3508 4151 τὴν
3540 4078 3753 4134 τελείαν

2164 4176 2230 4229 ὲκ
2278 4171 2414 4228 Θεοῦ
2464 4172 2650 4227 λαϐεῖν
2684 4172 2867 4244 χάριν,
2888 4171 2983 4227 καὶ
3020 4171 3223 4241 γνῶσιν
3263 4172 3397 4243 παρ’
3444 4171 3613 4225 αὑτοῦ
3657 4168 3753 4224 τοῦ

2165 4266 2419 4339 Σωτῆρος
2450 4264 2538 4319 διά
2561 4264 2880 4336 Πνεύματος
2899 4261 3080 4332 ἁγίου.
3115 4262 3287 4328 Αὐτὸς
3314 4258 3410 4316 οὖν
3443 4265 3473 4317 ὁ
3499 4262 3749 4335 νυμφίος,

476 4356 761 4412 Salvatore
828 4374 925 4428 per
1000 4358 1265 4431 Spiritum
1342 4374 1595 4420 sanctum
1690 4369 2062 4439 cognitionem

2167 4361 2197 4414 ὁ
2240 4356 2722 4428 Ἀπεσταλμένος
2754 4356 3214 4428 ἑρμηνευόμενος,
3241 4354 3491 4409 τουτέστι
3508 4353 3753 4424 Σιλωὰμ,

473 4449 671 4520 adepta
699 4450 792 4508 sit.
812 4451 981 4523 Igitur
1003 4469 1241 4524 sponsus
1298 4456 1436 4527 ipse,
1458 4474 1622 4528 quem
1638 4458 1867 4516 Missum
1895 4463 2068 4518 inter-

473 4542 680 4612 pretari
710 4543 859 4609 licet,
888 4544 995 4601 hoc
1027 4554 1115 4602 est
1164 4546 1392 4614 Siloam,
1426 4565 1624 4620 aquam
1674 4554 1838 4610 habet
1867 4555 2065 4612 leniter

468 4637 891 4706 scaturientem,
925 4637 1238 4695 doctrinam
1271 4640 1485 4697 scilicet
1530 4658 1643 4697 non
1692 4644 1900 4715 ingenti
1934 4663 2063 4703 cum

469 4727 704 4798 strepitu
770 4744 836 4784 ac
910 4729 1129 4800 fragore
1205 4732 1569 4803 praecipitem,
1629 4750 1734 4791 nec
1784 4738 1936 4793 inani
1999 4755 2062 4796 se

470 4834 675 4891 pompa
699 4828 755 4877 et
787 4821 1087 4878 ambitione
1118 4822 1443 4894 jactantem.
1474 4825 1651 4895 Cujus
1672 4842 1879 4897 sponsa
1905 4834 2058 4889 mitis

470 4913 650 4970 instar
686 4913 954 4972 columba:
980 4931 1193 4974 veneno
1224 4926 1416 4983 caret;
1452 4932 1630 4989 neque
1659 4920 1897 4978 molares
1922 4923 2061 4979 den-

468 5017 556 5064 tes
576 5017 672 5065 aut
701 5011 924 5067 aculeos
955 5012 1117 5083 gerit,
1178 5010 1492 5082 cujusmodi
1532 5020 1820 5084 serpentes
1854 5014 2061 5071 habent

472 5099 565 5153 isti
595 5100 688 5170 qui
715 5117 924 5160 veneno
955 5112 1186 5167 scatent,
1225 5117 1460 5173 quorum
1493 5104 1691 5175 singuli
1718 5105 2059 5177 praecipuum

468 5190 697 5261 aliquod
730 5196 1047 5250 mortalium
1092 5195 1282 5267 generi
1319 5194 1472 5250 virus
1503 5204 1784 5252 conantur
1845 5196 2058 5252 immit-

469 5288 624 5345 tere.
681 5297 747 5338 ac
774 5293 1080 5343 sectatores
1128 5302 1264 5343 SUOS
1302 5303 1684 5358 corrumpere.
1731 5288 1975 5355 Quorum
2027 5302 2061 5344 θ

471 5385 704 5428 numero
731 5373 823 5430 ille
842 5383 927 5433 est
951 5376 1088 5447 ipse,
1110 5392 1272 5447 quem
1304 5376 1492 5433 divino
1516 5376 1713 5441 verbo,
1735 5377 2060 5447 caelestique

469 5464 730 5535 praesidio
764 5466 937 5526 fretus
962 5470 1215 5541 detegere
1246 5469 1452 5533 studui,
1474 5487 1539 5527 ac
1565 5470 1849 5543 phalangii
1881 5470 2059 5527 instar

2168 4450 2311 4522 ὕδωρ
2337 4450 2451 4520 ἔχει
2479 4449 2846 4520 πορευόμενον
2873 4448 3050 4520 ἡσυχῆ
3077 4488 3093 4512 ,
3129 4446 3375 4502 τουτέστι
3404 4444 3754 4502 διδασκαλίαν

2162 4542 2428 4604 ἀδουπον,
2470 4541 2563 4594 καὶ
2614 4539 2982 4611 ἀψοφοποιόν,
3018 4540 3111 4595 καὶ
3155 4540 3620 4605 ἀφαντασίωτον,
3654 4536 3755 4591 καὶ

2162 4635 2534 4705 ἀκόμπαστον.
2591 4633 2656 4687 Ἦ
2703 4632 2762 4686 δὲ
2796 4632 2962 4686 αὐτοῦ
2999 4632 3187 4705 νύμφη
3238 4631 3334 4686 καὶ
3377 4632 3521 4705 αὐτὴ
3554 4634 3756 4704 ἥσυχος

2161 4727 2490 4800 περιστερά,
2546 4727 2687 4799 μήτε
2722 4726 2799 4780 ίὸν
2844 4726 3042 4797 ἔχουσα
3066 4721 3087 4790 ,’
3135 4727 3273 4798 μήτε
3319 4724 3755 4798 μυλοστομίόας,

2162 4824 2300 4894 μήτε
2332 4821 2554 4892 κέντρα,
2590 4820 2666 4885 ὡς
2698 4814 2845 4876 οὗτοι
2878 4819 3083 4885 πάντες
3113 4821 3162 4874 οί
3194 4820 3620 4893 ἑρπετόμορφοι,
3650 4817 3757 4872 καὶ

2162 4915 2241 4969 ἱὸν
2287 4913 2814 4979 ἀναὸλυστάνοντες,
2847 4913 3081 4977 ἕκαστος
3120 4912 3621 4985 φιλοτιμησάμενος
3649 4912 3757 4982 δη·-

2158 5003 2415 5077 λητήριόν
2433 5021 2487 5057 τι
2514 5003 2593 5076 τῷ
2616 5002 2808 5075 κόσμῳ
2833 5002 3264 5068 κατασκευάσαι,
3290 5005 3383 5057 καὶ
3405 5003 3756 5076 λυμήνασθαι

2141 5082 2286 5161 ’τοὺς
2316 5094 2467 5167 αύτῷ
2499 5095 2854 5160 πεισθένταςσ
2886 5089 2961 5150 ὧν
2998 5095 3094 5149 καὶ
3122 5090 3279 5159 οὗτος
3310 5089 3392 5160 εἷς
3438 5095 3517 5149 ῶν
3547 5094 3757 5165 τυγχά-

2144 5182 2264 5255 νει,
2295 5191 2324 5244 ὁ
2354 5188 2591 5244 ἐνταῦθά
2626 5207 2715 5261 μοι
2742 5188 3101 5253 σπουδασθεὶς
3138 5188 3459 5262 φωραθῆναι
3481 5189 3572 5243 διά
3601 5187 3753 5242 θείου

2140 5270 2317 5352 ξλόγου
2346 5284 2442 5338 καὶ
2475 5282 2729 5355 βοηθείας
2762 5282 2863 5354 τῆς
2905 5282 3131 5347 ἀνωθεν,
3161 5282 3257 5335 καὶ
3288 5282 3634 5356 συντριϐῆναι
3670 5279 3757 5334 δί·

2144 5394 2261 5459 ¹κην
2296 5375 2599 5446 φαλαγγίου
2631 5373 2999 5447 τετραγνάθου
3040 5373 3272 5445 ἑρπετοῦ
3316 5374 3677 5446 καλουμένου,
3717 5373 3756 5446 ἢ

2157 5467 2233 5532 ὡς
2263 5467 2372 5522 ἀπὸ
2397 5466 2770 5540 ἀμφισϐαίνης
2797 5467 2896 5539 τῆς
2928 5465 3219 5536 δικεφάλου
3237 5465 3457 5538 ἐχίδνης
3476 5462 3759 5537 τμηθεῖσα

440 5702 444 5707 .
544 5625 564 5656 ³
591 5624 698 5683 ιω.
736 5641 854 5696 vm,
886 5627 939 5682 6.
1010 5631 1029 5661 ²
1064 5625 1222 5683 Cant.
1250 5642 1309 5693 ιι,
1354 5627 1438 5694 10,
1482 5627 1580 5696 ίιίς
1617 5644 1669 5694 ν,
1704 5629 1776 5697 9ης
1818 5644 1890 5697 νιν
1916 5626 1997 5690 ⁸ο.
2030 5629 2066 5707 ,³

2166 5637 2256 5688 iul.
2282 5646 2356 5696 γι,
2391 5628 2445 5699 7,
2470 5626 2522 5681 8.
2590 5600 2623 5658 ἶ
2652 5626 2714 5683 1".
2739 5627 3095 5700 παλίμφημα.
3174 5629 3193 5659 ⁵
3222 5625 3383 5683 Deest
3430 5624 3524 5691 ὡς.
