3956 6070
284 181 391 239 633

901 180 1272 240 ADVERSUS
1308 181 1648 239 HIERESES
1681 182 1810 239 LIB.
1846 179 1886 236 l.
1922 179 2089 238 ΤΟΜ.
2128 178 2308 237 111.-
2333 179 2610 237 ΒίΕΒΕδ.
2652 178 2896 237 XXXVI.

3427 178 3533 238 δει

282 286 505 369 κεφαλὴ
545 296 607 352 ὲν
663 299 927 370 συντομία
974 299 1439 371 κατακλασθῆναι.
1482 284 1773 373 Παρελθὼν
1804 300 1850 354 δὲ

1962 298 2247 363 obterere,
2323 291 2472 367 quod
2530 295 2958 368 tetragnatbum,
3011 292 3118 351 hoc
3163 300 3250 351 est
3305 303 3532 361 quatuor

279 389 477 441 τοῦτον
527 386 731 452 πάλινς·
762 386 861 451 τὰς
917 387 1045 459 ἑξῆς
1095 388 1471 461 διασκοπήσω·
1516 389 1613 443 καὶ
1658 388 1860 453 ταύτας

172 524 175 525 ,
280 477 517 546 διεξιὼν,
561 479 628 532 δι’
658 479 825 550 εὐχῆς
852 480 1081 550 αἰτήσω,
1116 479 1184 533 τά
1230 478 1330 550 μὲν
1357 481 1479 535 κατ’
1510 479 1681 544 αὑτὰς
1717 479 1859 535 κατὰ

286 570 545 655 αλῄθειαν
571 569 806 637 ἐξειπεῖν
829 609 845 635 ,
878 569 1079 641 μηδένα
1106 570 1162 623 δὲ
1184 567 1387 645 βλάψαι
1409 607 1424 635 ,
1457 569 1491 641 ἢ
1524 568 1689 636 αὐτὸς
1725 568 1854 641 βλα-

279 664 462 733 ϐῆναι.

1960 388 2119 444 malis
2159 385 2442 457 prwditum
2499 396 2731 443 vocant:
2771 395 2886 462 aut
2943 387 3092 443 velut
3150 384 3532 456 amphisbaenas
3631 414 3640 418 -

1956 478 2199 549 bicipitis
2224 479 2426 550 viperas
2480 478 2758 535 desectum
2809 485 2974 550 caput
3031 477 3396 549 confringere.
3424 473 3531 528 Sed

1956 569 2061 625 hoc
2083 569 2291 626 omisso
2312 570 2555 640 reliquas
2586 571 3175 641 persequamur.-Quod
3197 570 3323 624 dum
3350 581 3533 638 aggre-

1956 659 2097 726 dior,
2116 663 2343 733 supplex
2371 676 2402 715 a
2432 662 2544 717 Deo
2577 665 2815 732 postulo,
2849 671 2912 718 ut
2936 678 3057 733 quae
3084 661 3152 717 ad
3186 662 3306 717 illas
3360 658 3530 729 perti-

282 731 439 820 nent,
470 755 545 810 ita
595 769 664 809 ex
717 753 798 810 rei
845 752 1077 809 veritate
1131 753 1426 825 proferam,
1487 753 1637 809 nulla
1694 755 1757 807 ut
1797 731 1857 807 in
1883 731 2394 823 quemquamatque
2413 751 2548 806 adeo
2573 731 2839 822 meipsum
2863 766 2932 806 ex
2954 731 3023 806 eo
3078 749 3228 806 fraus
3285 763 3349 802 ac
3406 760 3529 818 per-

285 846 459 902 nicies
492 844 783 902 redundet.

670 957 861 1013 ΚΑΤΑ
904 959 1469 1026 ΗΡΑΚΛΕΩΝΙΤΩΝ,

473 1062 923 1141 Ἐεκαιδεκάτη,
962 1071 1003 1139 ἠ
1040 1070 1139 1126 καὶ
1176 1070 1498 1141 τριακοστὴ
1513 1072 1678 1142 ἕκτη.

2282 954 2563 1016 CONTRA
2607 955 3202 1021 HERACLEONITAS,

2167 1066 2300 1133 Qum
2344 1077 2427 1123 est
2463 1068 2678 1124 latratis
2705 1069 2756 1122 Χ
2774 1064 2867 1134 VI,
2907 1068 2986 1122 uel
3025 1064 3297 1120 XXXVI.

2022 1203 2063 1260 l.
2093 1205 2392 1262 Colorbaso
2416 1206 2660 1264 succedit
2684 1206 3007 1269 Heracleon,
3028 1220 3060 1260 a
3097 1218 3207 1275 quo
3248 1201 3530 1259 Heraclio~

278 1291 374 1361 ἀφ’
406 1283 580 1362 οὗπερ
607 1293 655 1344 οἱ
684 1291 1106 1363 Ἡρακλεωνίται
1135 1292 1480 1365 καλούμενοι,
1508 1295 1662 1349 οὐδὲν
1687 1289 1850 1365 ἦττον

1957 1294 2187 1350 nitarum
2226 1302 2376 1352 secta
2428 1298 2760 1361 nominatur,
2820 1294 3197 1365 nihilominus
3228 1307 3392 1362 quam
3419 1305 3527 1346 cae-

275 1382 380 1453 τῆς
439 1382 592 1453 παρὰ
629 1381 817 1437 τοῦτον
862 1384 1190 1453 κενοφωνίας
1221 1386 1551 1455 ἠσκημένος.
1603 1386 1714 1439 Καὶ
1750 1387 1850 1440 ὅσα

1957 1380 2060 1434 teri
2090 1381 2254 1452 nugis
2280 1396 2345 1436 ac
2370 1382 2670 1439 mendaciis
2700 1383 3021 1438 instructus.
3066 1380 3340 1451 Quidquid
3380 1380 3526 1435 enim

278 1476 380 1546 μὲν
419 1475 617 1528 ἐκεῖνοι
651 1474 889 1543 λέγουσι,
920 1476 1013 1528 καὶ
1055 1470 1205 1539 οὗτος
1236 1473 1476 1546 ὁρίζεται
1506 1476 1645 1530 κατὰ
1673 1477 1849 1532 πάντα

1957 1472 2025 1527 ab
2054 1472 2163 1528 illis
2209 1474 2498 1542 asseritur,
2556 1475 2646 1530 hic
2701 1481 2884 1529 tuetur
2921 1489 2985 1528 ac
3017 1471 3259 1528 defendit
3303 1474 3577 1528 omnia:~

272 1565 501 1637 τρόπον,
530 1561 619 1619 οἷα
640 1565 705 1637 δὴ
737 1565 795 1630 ἐξ
826 1565 1007 1619 αὐτῶν
1031 1566 1365 1638 ὁρμώμενος,
1394 1568 1488 1622 καὶ
1513 1570 1642 1640 παρ’
1670 1568 1849 1623 αὐτῶν

1957 1569 2139 1631 utpote
2165 1563 2257 1633 qui
2291 1563 2360 1617 ab
2385 1563 2492 1618 illis
2512 1574 2689 1618 ortum
2721 1563 2925 1633 pariter
2959 1577 3022 1617 ac
3039 1570 3361 1617 venenatam
3380 1562 3525 1616 luem

274 1654 367 1708 τὸν
406 1654 484 1707 ίὺν
515 1653 956 1725 άπομαξάμενος,
989 1656 1372 1728 περισσότερον
1418 1657 1473 1710 δὲ
1520 1657 1679 1728 δῆθεν
1720 1659 1850 1731 ὑπὲρ

1962 1653 2212 1709 traxerit.
2255 1652 2364 1708 Sed
2408 1654 2670 1708 nonnulla
2719 1662 2900 1709 tamen
2940 1669 2970 1707 a
3019 1669 3079 1709 se
3132 1652 3441 1723 excogitata
3474 1660 3529 1707 et

347 1199 422 1255 A’.
442 1194 753 1272 Ἡρακλέων
767 1218 852 1264 τις
865 1199 1051 1255 τοῦτον
1070 1200 1156 1255 τὸν
1170 1201 1516 1273 Κολόρϐασον
1532 1203 1850 1276 διαδέχεται,

273 1744 523 1809 ἐκείνους
559 1745 618 1800 ὲν
664 1745 844 1817 ἑαυτῷ
876 1746 1372 1819 άνατυπωσάμενός
1418 1765 1560 1825 τινα,
1609 1748 1850 1820 βούλεται

1959 1748 2191 1803 conl‘lcta
2229 1748 2296 1801 ad
2339 1761 2529 1803 eorum
2581 1746 2867 1816 opiniones
2921 1744 3205 1814 adjiciens,
3267 1758 3528 1813 superare

270 1834 521 1899 ἐκείνους
575 1835 929 1908 ὑπεραίρειν,
989 1837 1077 1891 Eva
1132 1838 1228 1893 καὶ
1292 1838 1472 1909 ἑαυτῷ
1538 1840 1858 1911 συναγωγὴν

271 1926 574 1998 ποιήσηται
605 1927 713 1981 τῶν
741 1928 1124 2000 ἠπατημένων.
1166 1925 1323 1984 Οὗτοι
1366 1931 1473 2002 γάρ
1520 1931 1737 1996 πάντες,
1777 1933 1858 1995 είς

271 2018 777 2087 ἐκατοντακέφαλον
810 2019 1035 2083 ἑαυτοὺς
1086 2019 1537 2085 άνατυπώσαντες
1586 2021 1777 2092 σῶμα,
1820 2022 1853 2094 ἢ

270 2108 758 2178 ἐκατοντάχειρον,
800 2109 892 2162 τόν
942 2126 1072 2163 ποτε
1129 2109 1498 2181 μυθευόμενον
1551 2110 1702 2182 παρὰ
1741 2114 1855 2176 τοῖς

270 2198 380 2250 τῶν
417 2197 688 2270 Ἐλλήνων
721 2202 974 2271 ποιηταῖς
1016 2202 1356 2274 ἐμιμήσαντο
1390 2201 1595 2256 Κόττον
1622 2203 1655 2273 ἢ
1690 2203 1854 2274 Βριά-

149 2294 163 2302 ’
273 2306 438 2360 ρεων,
469 2290 530 2343 ὃν
573 2291 668 2344 καὶ
697 2290 985 2360 Αἰγαίωνα
1000 2293 1275 2357 καλοῦσιν,
1299 2293 1331 2365 ἢ
1352 2293 1551 2365 Γύγην,
1578 2294 1610 2366 ἢ
1639 2294 1730 2347 τὸν
1755 2313 1855 2349 κα-

269 2380 533 2450 λούμενον
563 2382 763 2453 ’Δργον
800 2382 890 2436 τὸν
924 2382 1360 2454 πολυόφθαλμον,
1391 2382 1535 2448 οἴους
1565 2385 1762 2437 ἐκεῖνοι
1795 2385 1854 2438 ἐν

266 2474 393 2535 ταῖς
416 2469 630 2525 ἑαυτῶν
658 2471 955 2542 ραψῳδίαις
978 2472 1384 2545 τερατεύονται,
1416 2458 1849 2546 ποιητευόμενοι,

270 2561 369 2613 καὶ
398 2561 652 2630 λέγοντες
683 2561 827 2632 ἔχειν
856 2562 948 2617 τὸν
993 2563 1094 2633 μὲν
1137 2563 1330 2617 ἑκατὸν
1360 2551 1564 2636 χεῖρας,
1596 2565 1691 2618 καὶ
1722 2564 1853 2618 ποτὲ

272 2653 410 2722 μὲν¹
460 2655 800 2725 πεντήκοντα
840 2656 1099 2725 κεφαλάς,
1133 2656 1261 2709 ποτὲ
1309 2655 1366 2708 δὲ
1413 2656 1602 2709 ἑκατόν
1624 2672 1637 2685 ο
1671 2656 1763 2710 τὸν
1793 2655 1851 2709 δὲ

269 2744 469 2799 ἑκατὸν
509 2738 835 2816 ὀφθαλμούς.
866 2747 978 2800 Καὶ
999 2746 1189 2800 τούτου
1223 2748 1385 2800 ἕνεκα
1421 2749 1554 2817 φασὶ
1598 2747 1687 2801 τὸν
1731 2748 1851 2819 Ἑρ·-

272 2835 386 2905 μῆν
426 2834 710 2890 καλεῖσθαι
736 2837 1147 2911 ’Δργειφόντην,
1174 2839 1249 2903 ὠς
1275 2838 1367 2892 τὸν
1397 2840 1599 2911 Ἀργον
1622 2839 1713 2891 τὸν
1754 2856 1851 2892 πο-

270 2924 619 2998 λυόφθαλμον
651 2930 1037 2998 πεφονευκότα.
1065 2930 1221 2986 Οὕτω
1244 2932 1338 2985 καὶ
1368 2931 1572 2985 τούτων
1596 2932 1847 2995 ἕκαστος,

274 3017 605 3090 βουλόμενος
652 3022 828 3092 ἑαυτῷ
874 3022 1049 3094 ἀρχὴν
1101 3022 1549 3096 προστήσασθαι,
1603 3022 1844 3093 κεφαλὴν

269 3111 558 3181 ὠνόμασεν
592 3112 802 3175 ἑαυτὸν,
834 3112 997 3185 ἕτερα
1029 3114 1376 3186 ύπεισφέρων
1416 3114 1569 3187 παρὰ
1610 3115 1710 3186 τὴν
1736 3114 1844 3168 τῶν

270 3202 607 3257 διδασκάλων
649 3203 814 3257 αὐτοῦ
862 3205 1249 3276 ματαιοπονίαν
1279 3206 1372 3259 καὶ
1421 3203 1663 3277 μανιώδη
1702 3207 1848 3261 διδα-

1956 1842 2101 1905 illos,
2132 1855 2197 1895 ac
2225 1841 2503 1910 propriam
2560 1841 2664 1895 sibi
2692 1839 2936 1895 scholam
2969 1837 3249 1892 vindicare
3293 1837 3524 1894 studuit.

1956 1934 2171 1990 Etenim
2209 1949 2402 1991 omnes
2428 1933 2518 1989 isti
2545 1933 2823 2003 centiceps
2848 1946 2908 1987 se
2942 1930 2995 1984 in
3035 1944 3236 1999 corpus
3258 1942 3322 1984 ac
3350 1927 3529 1983 centi-

1956 2041 2176 2080 manum
2234 2022 2716 2087 transformantes,
2789 2023 3060 2094 gigantem
3116 2021 3279 2075 .illum
3340 2020 3529 2074 nescio

1955 2131 2116 2188 quem
2167 2131 2198 2172 e
2253 2114 2568 2170 Graecorum
2618 2113 2819 2168 fabulis
2862 2113 3173 2182 exprimere
3215 2111 3526 2176 voluerunt,

1955 2207 2173 2262 Cottum
2208 2207 2425 2276 opinor,
2469 2213 2562 2260 aut
2621 2205 2932 2261 Briareum:
2987 2219 3153 2274 quem
3193 2212 3247 2258 et
3282 2202 3530 2273 Egeona

1953 2298 2245 2362 dixerunt,
2289 2304 2382 2351 aut
2437 2295 2645 2368 Gygen,
2698 2304 2792 2350 aut
2830 2295 3034 2366 Argum
3086 2294 3312 2350 inﬁnitis
3363 2293 3526 2364 263

1953 2387 2127 2443 oculis
2153 2385 2471 2457 praeditum,
2513 2385 2822 2455 cujusmodi
2865 2384 3276 2455 portentasuis
3304 2383 3383 2437 illi
3409 2397 3530 2437 car-

1953 2478 2193 2534 minibus
2220 2478 2397 2533 solent
2424 2477 2755 2542 describere,
2781 2485 2841 2532 ut
2878 2485 3098 2531 centum
3131 2476 3287 2532 alteri
3303 2490 3523 2541 manus,

1952 2585 2076 2626 cum
2107 2570 2525 2641 quinquaginta,
2557 2570 2643 2625 vel
2676 2570 2841 2624 etiam
2888 2570 3142 2626 centenis
3205 2568 3525 2640 capitibus;

1952 2667 2169 2714 centum
2212 2660 2403 2715 oculos
2451 2659 2608 2714 alteri
2662 2659 2929 2714 tribuant.
2988 2657 3163 2726 Quam
3194 2659 3264 2715 ob
3303 2673 3528 2714 causam

1953 2750 2281 2807 Mercurium
2311 2750 2493 2806 ferunt
2528 2751 2914 2821 Argipltontem
2954 2766 3077 2808 esse
3122 2751 3348 2815 dictum,
3382 2750 3527 2822 quod

1956 2842 2144 2897 multis
2170 2841 2471 2897 luminibus
2512 2840 2796 2911 praeditum
2851 2841 3055 2912 Argum
3105 2841 3387 2897 occiderit.
3435 2838 3529 2897 Sic

1956 2936 2171 2991 illorum
2225 2934 2452 3005 quilibet
2503 2934 2868 3005 principatum
2927 2933 3226 2998 aliectaus,
3284 2933 3526 3002 seipsum
3614 2974 3625 2985 κ

1955 3034 2117 3097 caput
2136 3027 2393 3096 appellat,
2429 3033 2485 3081 et
2505 3040 2535 3079 a
2554 3033 2951 3097 praeceptorum
2972 3024 3189 3081 insanis
3210 3037 3273 3079 ac
3308 3023 3532 3079 furiosis

1948 3115 2293 3186 dogmatibus
2326 3114 2541 3169 diversa
2575 3113 2821 3183 quaedam
2876 3115 3170 3185 excogitat.
3212 3112 3415 3169 Verum
3461 3129 3533 3170 ne

1948 3207 2005 3262 in
2045 3204 2323 3277 praefanda
2356 3206 2458 3261 sim
2499 3207 2738 3278 longior,
2760 3205 2826 3260 ad
2854 3221 2968 3261 rem
2997 3206 3170 3276 ipsam
3214 3206 3526 3276 aggrediar.

274 3300 525 3355 σκαλίαν.
557 3302 674 3356 Ἵνα
705 3301 763 3355 δὲ
815 3301 890 3374 μὴ
931 3303 1009 3366 είς
1036 3301 1169 3357 πολὺ
1216 3305 1389 3375 μῆκος
1429 3303 1606 3358 ἐλάσω
1651 3304 1747 3360 τού
1795 3305 2083 3379 προοιμίου
2121 3303 2219 3375 τὴν
2255 3301 2542 3369 σύνταξιν,
2588 3302 2879 3375 ἐλεύσομαι
2920 3303 2999 3367 είς
3036 3303 3097 3356 τὸ
3150 3303 3527 3375 προκείμενον.

344 3417 422 3472 B'.
452 3416 768 3486 ’Πρακλέων
783 3418 963 3471 τοίνυν
984 3413 1158 3482 οὗτος,
1184 3418 1278 3471 καὶ
1301 3419 1349 3471 οἱ
1377 3417 1472 3470 ἀπ’
1497 3416 1660 3472 αὑτοῦ
1687 3419 1849 3489 Ἦρα-

270 3510 582 3571 κλεωνῖται,
611 3508 684 3573 ὡς
710 3513 989 3581 προεῖπον,
1011 3509 1213 3580 ὁμοίως
1239 3509 1448 3581 Μάρκῳ
1481 3509 1574 3563 καί
1595 3527 1704 3564 τισι
1738 3510 1846 3564 τῶν

272 3599 383 3671 πρὸ
428 3600 595 3655 αὑτοῦ
635 3601 763 3672 περὶ
802 3599 912 3654 τῶν
965 3601 1261 3670 Ὀγδοάδων
1308 3601 1548 3672 φάσκει,
1590 3601 1691 3671 τῆς
1733 3602 1845 3656 ἄνω

273 3693 420 3764 φημὶ
444 3693 537 3745 καὶ
563 3693 662 3762 τῆς
681 3691 851 3746 κάτω.
883 3692 1112 3745 Ἔπειτα
1133 3692 1190 3746 δὲ
1215 3693 1308 3745 καὶ
1336 3690 1434 3754 τὰς
1455 3690 1716 3760 συζυγίας
1736 3690 1845 3745 τῶν

268 3784 569 3856 τριάκοντα
610 3782 829 3839 Αίώνων
872 3782 1003 3847 ἴσως
1040 3782 1269 3849 δοξάζει.
1305 3782 1625 3854 ’Ἄνθρωπον
1657 3782 1713 3836 δὲ
1750 3784 1845 3837 καὶ

270 3875 438 3940 αὐτὸς
467 3876 663 3945 φάσκει
688 3870 826 3928 εἶναι
849 3875 940 3928 τὸν
968 3874 1080 3928 άνω
1106 3874 1212 3928 τῶν
1236 3872 1371 3927 ὅλων
1394 3872 1633 3944 Πατέρα,
1660 3872 1718 3928 δν
1751 3874 1845 3928 καὶ

268 3966 446 4020 Βυθὸν
490 3966 917 4037 προσηγόρευσε.
968 3965 1327 4027 Βούλεταιβὲ
1368 3964 1531 4019 αὑτὸν
1563 3964 1658 4018 καὶ
1685 3964 1847 4029 αὐτὸς

2016 3416 2082 3473 ll.
2109 3416 2407 3473 Heracleon
2443 3416 2610 3487 igitur
2632 3431 2753 3472 cum
2785 3416 2923 3481 suis,
2955 3422 3014 3470 ut
3037 3414 3297 3481 diximus,
3320 3416 3511 3472 eadem

1947 3518 2071 3561 cum
2109 3494 2316 3576 Marco,
2367 3509 2599 3580 aliisque
2654 3509 2747 3579 qui
2797 3506 3040 3564 Marcum
3080 3516 3519 3572 antecesserunt,

1945 3599 2013 3654 de
2050 3599 2423 3671 Ogdoa‘dibus,
2457 3601 2742 3670 superiore
2800 3602 3059 3656 nimirum
3116 3608 3170 3656 et
3229 3599 3512 3665 inferiore,

1944 3691 2132 3747 sentit.
2162 3690 2367 3747 Deinde
2384 3690 2605 3763 triginta
2627 3691 2868 3746 IEonum
2906 3693 3059 3762 paria
3107 3691 3249 3747 baud
3286 3691 3525 3748 absimili

1945 3781 2161 3837 ratione
2215 3781 2519 3837 constituit.
2573 3779 2860 3836 Hominem
2926 3796 3147 3852 quoque
3202 3797 3521 3851 supremum

1950 3872 2196 3929 omnium
2266 3870 2556 3928 Parentem
2615 3870 2952 3943 pronuntiat,
3000 3887 3161 3941 quem
3201 3880 3256 3926 et
3297 3871 3527 3941 Bytbum

1951 3962 2216 4020 nominat.
2268 3960 2530 4018 Eumdem
2560 3976 2663 4017 nec
2692 3976 2899 4017 marem
2945 3976 3070 4018 esse
3118 3975 3220 4015 nec
3268 3960 3528 4016 fetutiuam

268 4058 455 4127 λέγειν
485 4059 621 4130 μήτε
647 4057 813 4129 ἄρρεν
845 4058 980 4128 μήτε
1006 4056 1141 4127 θῆλυ
1161 4071 1175 4086 ο
1225 4055 1282 4122 ἐξ
1307 4054 1471 4110 αὑτοῦ
1494 4055 1551 4109 δὲ
1584 4051 1722 4108 εἶναι
1751 4055 1849 4127 τὴν

1957 4060 2130 4126 putat,
2169 4068 2201 4109 a
2228 4068 2339 4125 quo
2383 4054 2763 4111 universorum
2787 4061 2961 4109 mater
2986 4053 3237 4120 exsistat,
3277 4066 3440 4122 quam
3474 4060 3529 4107 et

270 4126 382 4206 τῶν
421 4126 558 4222 ὅλων
595 4126 808 4222 μητέρα
828 4126 1064 4220 ,καὶ
1099 4147 1264 4220 Σιγὴν
1293 4147 1547 4219 ὀνομάζει
1575 4126 1849 4218 καὶ-ΑΔλή-

1959 4144 2146 4218 Sigen,
2187 4155 2242 4204 et
2286 4146 2585 4204 Veritatem
2643 4147 2897 4218 appellat.
2954 4146 3037 4201 Ab
3076 4145 3179 4201 bac
3229 4145 3527 4202 secundam

272 4243 447 4296 θειαν.
480 4243 604 4295 Ἀπ’
632 4242 801 4313 αὐτῆς
833 4240 889 4293 δὲ
917 4235 1056 4293 εῖναι
1088 4239 1185 4310 τὴν
1214 4238 1474 4309 δευτέραν
1518 4237 1729 4308 μητέρα
1755 4237 1854 4309 τὴν

273 4341 332 4391 ὲν
360 4334 503 4407 λήθῃ
538 4334 866 4406 γενομένην,
911 4333 979 4403 ἢν
1022 4333 1117 4385 καὶ
1151 4329 1406 4402 Ἀχαμὼθ
1437 4331 1532 4383 καὶ
1565 4328 1854 4394 αὐτὸςκα-

270 4427 388 4481 λεῖ·
423 4426 484 4491 ἐξ
511 4425 578 4496 ἧς
606 4424 788 4479 λοιπὸν
832 4423 901 4477 τὰ
934 4424 1109 4478 πάντα
1137 4424 1194 4475 ὲν
1223 4422 1560 4493 ύστερήματι
1591 4419 1850 4490 κατέστη.

273 4517 534 4571 Βούλεται
565 4515 623 4570 δὲ
650 4514 869 4569 πλείονα
896 4514 1006 4568 τῶν
1028 4512 1134 4584 πρὸ
1157 4511 1320 4567 αὐτοῦ
1343 4511 1439 4565 καὶ
1464 4503 1619 4574 οὗτος
1647 4510 1849 4579 λέγειν,

256 4608 439 4675 ,ἅτινά
469 4608 585 4661 ἐστι
619 4606 777 4660 τάδε·
825 4595 964 4670 Τοῧς
989 4602 1356 4667 τελευτῶντας
1395 4603 1489 4656 ἀπ’
1520 4601 1718 4668 αὐτῶν,
1758 4601 1855 4655 καὶ

270 4703 367 4755 ἐπὶ
398 4700 573 4772 αὐτὴν
595 4700 695 4770 τὴν
738 4698 915 4764 ἔξοδον
944 4696 1278 4766 φθάνοντας,
1321 4695 1431 4750 ἀπὸ
1459 4693 1554 4748 τοῦ
1594 4709 1855 4765 προειρη-

276 4792 443 4865 μένου
480 4791 710 4862 Μάρκου
740 4789 841 4854 τάς
866 4789 1166 4861 προφάσεις
1197 4787 1433 4859 εἰληφὼς
1458 4827 1474 4854 ,
1510 4787 1694 4842 οὐκέτι
1731 4786 1853 4841 κατ’

274 4874 485 4939 ἐκεῖνον
527 4878 818 4953 λυτροῦται
843 4920 859 4945 ,
894 4879 1031 4934 ἀλλά
1085 4879 1258 4944 άλλως
1286 4871 1442 4942 οὗτος
1476 4876 1852 4950 μεταχειρίζε-

272 4995 362 5032 ται
384 5018 402 5041 ,
436 4974 803 5047 λυτρούμενος
833 4972 992 5044 δῆθεν
1027 4973 1137 5045 (42)
1172 4972 1309 5044 πρὸς
1352 4974 1418 5042 τῇ
1464 4971 1688 5042 τελευτῇ
1727 4972 1852 5034 τοὺς

274 5070 366 5122 ὑπ’
418 5063 588 5121 αὐτοῦ
635 5064 1031 5136 ἀπατηθέντας.
1078 5062 1215 5117 Ποτὲ
1245 5062 1354 5133 γάρ
1382 5078 1525 5127 τινες
1555 5061 1615 5127 ἐξ
1646 5060 1849 5127 αὐτῶν,

275 5159 453 5213 ἔλαιον
486 5156 644 5212 ὕδατι
688 5155 938 5228 μίξαντες
957 5194 971 5220 ,
1015 5154 1366 5210 ἐπιϐάλλουσι
1407 5155 1473 5214 τῇ
1509 5152 1716 5225 κεφαλῇ
1752 5152 1847 5207 τοῦ

1955 4246 2223 4305 matrem,
2271 4255 2392 4311 qua:
2449 4241 2504 4295 in
2541 4239 2815 4295 oblivione
2858 4238 3034 4310 posita
3087 4247 3205 4302 est,
3260 4238 3527 4309 originem

1958 4332 2211 4396 traxisse,
2235 4348 2397 4403 quam
2427 4333 2729 4388 Acbamoth
2758 4330 2981 4402 perinde
3017 4336 3075 4385 ut
3101 4329 3193 4384 alii
3227 4336 3525 4401 nuncupat,

1954 4437 1984 4476 a
2016 4438 2121 4493 qua
2160 4422 2416 4491 deinceps
2472 4423 2527 4476 in
2570 4422 2786 4478 'del‘ectu
2823 4422 3123 4478 constituta
3152 4429 3279 4477 sunt
3321 4421 3525 4476 omnia.

1959 4511 2061 4566 Sed
2095 4512 2330 4581 amplius
2365 4510 2624 4581 quiddam
2678 4528 2841 4583 quam
2885 4512 3196 4582 superiores
3232 4526 3423 4567 omnes
3471 4510 3527 4565 in

1958 4603 2214 4673 opinione
2251 4618 2349 4658 sua
2386 4602 2590 4674 posuit.
2650 4602 2863 4659 Etenim
2900 4604 2994 4673 qui
3021 4618 3086 4657 ex
3138 4617 3328 4657 eorum
3366 4615 3529 4672 grege

1957 4694 2207 4750 morituri
2260 4704 2410 4761 sunt,
2451 4696 2799 4752 occasionem
2849 4703 3046 4751 nactus
3090 4710 3122 4749 a
3164 4693 3376 4760 Marco,
3418 4709 3527 4749 non

1956 4787 2145 4844 eodem
2182 4798 2364 4843 tamen
2416 4803 2526 4859 quo
2584 4788 2690 4844 iste
2744 4790 2906 4844 modo
2959 4788 3205 4856 redimit;
3242 4786 3336 4844 sed
3367 4787 3526 4841 aliam

1957 4879 2249 4951 quamdam
2287 4877 2562 4949 ejusmodi
2604 4878 2659 4932 in
2695 4878 2930 4934 salutem
2986 4877 3301 4933 vindicandi
3356 4876 3543 4931 ratio-‘

1957 4983 2083 5024 nem
2146 4968 2421 5024 observat.
2478 4967 2619 5023 Sunt
2683 4967 2828 5023 enim
2872 4981 2939 5021 ex
2997 4967 3132 5035 ipsis
3183 4966 3374 5036 aliqui,
3432 4965 3526 5034 qui

1956 5060 2136 5115 oleum
2164 5074 2305 5130 aqua
2335 5069 2691 5131 temperatum
2715 5058 2881 5129 capiti
2898 5057 3182 5113 morientis
3195 5066 3524 5129 aspergunt;

1957 5161 2293 5223 unguentum
2357 5154 2468 5220 alii,
2533 5151 2678 5224 quod
2735 5151 3146 5223 opobalsamum
3204 5158 3418 5217 vocant,
3472 5159 3527 5207 et

348 5362 367 5394 ¹
390 5358 749 5432 Transposita
777 5358 882 5414 ista
903 5367 1048 5417 sunt.
1085 5358 1226 5431 Lege
1253 5360 1458 5431 χεῖρας.
1487 5358 1578 5413 τὸν
1602 5358 1657 5412 δὲ
1680 5358 1850 5413 ὲκατδ·

1957 5359 2044 5431 φθ.
2070 5359 2162 5413 καὶ
2186 5357 2315 5412 ποτὲ
2344 5358 2471 5429 μέν.

347 5580 460 5651 (4‘).)
504 5526 919 5646 Δἱνιιοούμιενος
958 5575 1158 5646 δῆθεν.
1188 5575 1469 5649 Λύτρωσις
1505 5576 1594 5633 illa
1631 5577 1850 5653 baptisn:

1967 5583 2084 5635 erat
2117 5579 2195 5643 είς
2227 5575 2493 5650 λύτρωσιν
2524 5577 2825 5650 ἁμαρτιῶν.
