  <div class='ocr_page' id='page_1' title='image "/cluster/home/n/w/nwhite01/storage/ocr_20150623/41/hvd.32044073501868/339.png"; bbox 0 0 4078 6074; ppageno 0'>
   <div class='ocr_carea' id='block_1_1' title="bbox 487 232 585 289">
    <p class='ocr_par' dir='ltr' id='par_1_1' title="bbox 487 232 585 289">
     <span class='ocr_line' id='line_1_1' title="bbox 487 232 585 289; baseline 0.01 -1"><span class='ocrx_word' id='word_1_1' title='bbox 487 232 585 289; x_wconf 71' lang='lat'><strong>6&#39;55</strong></span> 
     </span>
    </p>
   </div>
   <div class='ocr_carea' id='block_1_2' title="bbox 1900 218 2343 281">
    <p class='ocr_par' dir='ltr' id='par_1_2' title="bbox 1900 218 2343 281">
     <span class='ocr_line' id='line_1_2' title="bbox 1900 218 2343 281; baseline -0.009 0"><span class='ocrx_word' id='word_1_2' title='bbox 1900 226 1959 281; x_wconf 89' lang='lat' dir='ltr'><strong>S.</strong></span> <span class='ocrx_word' id='word_1_3' title='bbox 1996 218 2343 277; x_wconf 80' lang='lat' dir='ltr'><strong>EPIPHANH</strong></span> 
     </span>
    </p>
   </div>
   <div class='ocr_carea' id='block_1_3' title="bbox 3656 219 3760 279">
    <p class='ocr_par' dir='ltr' id='par_1_3' title="bbox 3656 219 3760 279">
     <span class='ocr_line' id='line_1_3' title="bbox 3656 219 3760 279; baseline -0.029 0"><span class='ocrx_word' id='word_1_4' title='bbox 3656 219 3760 279; x_wconf 69' lang='lat' dir='ltr'><strong>U36</strong></span> 
     </span>
    </p>
   </div>
   <div class='ocr_carea' id='block_1_4' title="bbox 478 324 2065 423">
    <p class='ocr_par' dir='ltr' id='par_1_4' title="bbox 478 324 2065 423">
     <span class='ocr_line' id='line_1_4' title="bbox 478 324 2065 423; baseline -0.008 -16"><span class='ocrx_word' id='word_1_5' title='bbox 478 365 704 423; x_wconf 77' lang='lat' dir='ltr'><strong>aquam,</strong></span> <span class='ocrx_word' id='word_1_6' title='bbox 733 351 1080 408; x_wconf 87' lang='lat' dir='ltr'><strong>invocatione</strong></span> <span class='ocrx_word' id='word_1_7' title='bbox 1108 349 1332 422; x_wconf 86' lang='lat' dir='ltr'><strong>quidem</strong></span> <span class='ocrx_word' id='word_1_8' title='bbox 1386 324 1575 404; x_wconf 68' lang='lat' dir='ltr'><strong>eadem</strong></span> <span class='ocrx_word' id='word_1_9' title='bbox 1607 351 1861 409; x_wconf 88' lang='lat' dir='ltr'><strong>utuntur,</strong></span> <span class='ocrx_word' id='word_1_10' title='bbox 1900 354 2065 415; x_wconf 83' lang='lat' dir='ltr'><strong>quam</strong></span> 
     </span>
    </p>
   </div>
   <div class='ocr_carea' id='block_1_5' title="bbox 2167 324 3756 423">
    <p class='ocr_par' dir='ltr' id='par_1_5' title="bbox 2173 333 3756 409">
     <span class='ocr_line' id='line_1_5' title="bbox 2173 333 3756 409; baseline 0.002 -20"><span class='ocrx_word' id='word_1_11' title='bbox 2173 336 2517 404; x_wconf 69' lang='grc' dir='ltr'><strong>ὲξελθόντοςυ</strong></span> <span class='ocrx_word' id='word_1_12' title='bbox 2543 335 2595 391; x_wconf 77' lang='grc' dir='ltr'><strong>οἱ</strong></span> <span class='ocrx_word' id='word_1_13' title='bbox 2626 334 2685 391; x_wconf 70' lang='grc' dir='ltr'><strong>δὲ</strong></span> <span class='ocrx_word' id='word_1_14' title='bbox 2718 353 2890 409; x_wconf 88' lang='grc' dir='ltr'><strong>μυρον</strong></span> <span class='ocrx_word' id='word_1_15' title='bbox 2907 377 2922 404; x_wconf 95' lang='grc'><strong>,</strong></span> <span class='ocrx_word' id='word_1_16' title='bbox 2944 335 3007 391; x_wconf 72' lang='grc' dir='ltr'><strong>τὸ</strong></span> <span class='ocrx_word' id='word_1_17' title='bbox 3032 336 3325 408; x_wconf 80' lang='grc' dir='ltr'><strong>λεγόμενον</strong></span> <span class='ocrx_word' id='word_1_18' title='bbox 3357 333 3756 407; x_wconf 80' lang='grc' dir='ltr'><strong>ὀποϐάλσαμον,</strong></span> 
     </span>
    </p>
   </div>
   <div class='ocr_carea' id='block_1_6' title="bbox 478 437 2067 510">
    <p class='ocr_par' dir='ltr' id='par_1_6' title="bbox 478 437 2067 510">
     <span class='ocr_line' id='line_1_6' title="bbox 478 437 2067 510; baseline -0.004 -14"><span class='ocrx_word' id='word_1_19' title='bbox 478 452 533 496; x_wconf 88' lang='lat' dir='ltr'><strong>et</strong></span> <span class='ocrx_word' id='word_1_20' title='bbox 564 440 806 497; x_wconf 75' lang='lat' dir='ltr'><strong>Marcum</strong></span> <span class='ocrx_word' id='word_1_21' title='bbox 824 442 1143 497; x_wconf 84' lang='lat' dir='ltr'><strong>adhibuisse</strong></span> <span class='ocrx_word' id='word_1_22' title='bbox 1173 439 1488 505; x_wconf 84' lang='lat' dir='ltr'><strong>docuimus,</strong></span> <span class='ocrx_word' id='word_1_23' title='bbox 1527 437 1879 510; x_wconf 84' lang='lat' dir='ltr'><strong>paucissimis</strong></span> <span class='ocrx_word' id='word_1_24' title='bbox 1901 450 2067 492; x_wconf 85' lang='lat' dir='ltr'><strong>voca-</strong></span> 
     </span>
    </p>
   </div>
   <div class='ocr_carea' id='block_1_7' title="bbox 479 526 2067 603">
    <p class='ocr_par' dir='ltr' id='par_1_7' title="bbox 479 526 2067 603">
     <span class='ocr_line' id='line_1_7' title="bbox 479 526 2067 603; baseline -0.003 -16"><span class='ocrx_word' id='word_1_25' title='bbox 479 532 624 589; x_wconf 81' lang='lat' dir='ltr'><strong>bulis</strong></span> <span class='ocrx_word' id='word_1_26' title='bbox 655 531 954 600; x_wconf 76' lang='lat' dir='ltr'><strong>adiunctis.</strong></span> <span class='ocrx_word' id='word_1_27' title='bbox 1012 531 1089 586; x_wconf 83' lang='lat' dir='ltr'><strong>Ea</strong></span> <span class='ocrx_word' id='word_1_28' title='bbox 1135 546 1301 603; x_wconf 90' lang='lat' dir='ltr'><strong>porro</strong></span> <span class='ocrx_word' id='word_1_29' title='bbox 1334 541 1420 587; x_wconf 88' lang='lat' dir='ltr'><strong>est</strong></span> <span class='ocrx_word' id='word_1_30' title='bbox 1463 528 1821 601; x_wconf 70' lang='lat' dir='ltr'><strong>huiusmodi:</strong></span> <span class='ocrx_word' id='word_1_31' title='bbox 1872 526 2067 598; x_wconf 78' lang='lat' dir='ltr'><strong>Mesia,</strong></span> 
     </span>
    </p>
   </div>
   <div class='ocr_carea' id='block_1_8' title="bbox 479 620 2083 698">
    <p class='ocr_par' dir='ltr' id='par_1_8' title="bbox 479 620 2083 698">
     <span class='ocr_line' id='line_1_8' title="bbox 479 620 2083 698; baseline -0.001 -22"><span class='ocrx_word' id='word_1_32' title='bbox 479 623 669 691; x_wconf 81' lang='lat' dir='ltr'><strong>upltar,</strong></span> <span class='ocrx_word' id='word_1_33' title='bbox 717 639 1099 695; x_wconf 77' lang='lat' dir='ltr'><strong>egnamempste</strong></span> <span class='ocrx_word' id='word_1_34' title='bbox 1152 621 1522 690; x_wconf 81' lang='lat' dir='ltr'><strong>menchaldia,</strong></span> <span class='ocrx_word' id='word_1_35' title='bbox 1594 638 1860 688; x_wconf 86' lang='lat' dir='ltr'><strong>nossome,</strong></span> <span class='ocrx_word' id='word_1_36' title='bbox 1914 620 2083 698; x_wconf 42' lang='lat' dir='ltr'><strong>duce,</strong></span> 
     </span>
    </p>
   </div>
   <div class='ocr_carea' id='block_1_9' title="bbox 479 711 2071 785">
    <p class='ocr_par' dir='ltr' id='par_1_9' title="bbox 479 711 2071 785">
     <span class='ocr_line' id='line_1_9' title="bbox 479 711 2071 785; baseline 0 -18"><span class='ocrx_word' id='word_1_37' title='bbox 479 715 792 783; x_wconf 74' lang='lat' dir='ltr'><strong>nep/tarum,</strong></span> <span class='ocrx_word' id='word_1_38' title='bbox 824 730 1068 785; x_wconf 82' lang='lat' dir='ltr'><strong>epseuva,</strong></span> <span class='ocrx_word' id='word_1_39' title='bbox 1106 713 1238 770; x_wconf 75' lang='lat' dir='ltr'><strong>Iesu</strong></span> <span class='ocrx_word' id='word_1_40' title='bbox 1277 715 1530 770; x_wconf 77' lang='lat' dir='ltr'><strong>nazaria.</strong></span> <span class='ocrx_word' id='word_1_41' title='bbox 1574 715 1709 781; x_wconf 69' lang='grc' dir='ltr'><strong>ρυω</strong></span> <span class='ocrx_word' id='word_1_42' title='bbox 1752 711 1978 784; x_wconf 84' lang='lat' dir='ltr'><strong>quidem</strong></span> <span class='ocrx_word' id='word_1_43' title='bbox 2002 725 2071 768; x_wconf 90' lang='lat' dir='ltr'><strong>eo</strong></span> 
     </span>
    </p>
   </div>
   <div class='ocr_carea' id='block_1_10' title="bbox 477 804 2070 879">
    <p class='ocr_par' dir='ltr' id='par_1_10' title="bbox 477 804 2070 879">
     <span class='ocr_line' id='line_1_10' title="bbox 477 804 2070 879; baseline 0.001 -20"><span class='ocrx_word' id='word_1_44' title='bbox 477 806 715 860; x_wconf 85' lang='lat' dir='ltr'><strong>consilio</strong></span> <span class='ocrx_word' id='word_1_45' title='bbox 771 804 1001 871; x_wconf 79' lang='lat' dir='ltr'><strong>iaciunt,</strong></span> <span class='ocrx_word' id='word_1_46' title='bbox 1040 815 1101 863; x_wconf 90' lang='lat' dir='ltr'><strong>ut</strong></span> <span class='ocrx_word' id='word_1_47' title='bbox 1150 807 1246 879; x_wconf 88' lang='lat' dir='ltr'><strong>qui</strong></span> <span class='ocrx_word' id='word_1_48' title='bbox 1299 807 1405 863; x_wconf 89' lang='lat' dir='ltr'><strong>sub</strong></span> <span class='ocrx_word' id='word_1_49' title='bbox 1452 808 1660 863; x_wconf 84' lang='lat' dir='ltr'><strong>exitum</strong></span> <span class='ocrx_word' id='word_1_50' title='bbox 1693 806 1820 861; x_wconf 76' lang='lat' dir='ltr'><strong>vitae</strong></span> <span class='ocrx_word' id='word_1_51' title='bbox 1865 804 2070 862; x_wconf 89' lang='lat' dir='ltr'><strong>talibus</strong></span> 
     </span>
    </p>
   </div>
   <div class='ocr_carea' id='block_1_11' title="bbox 477 898 2071 968">
    <p class='ocr_par' dir='ltr' id='par_1_11' title="bbox 477 898 2071 968">
     <span class='ocr_line' id='line_1_11' title="bbox 477 898 2071 968; baseline 0.001 -17"><span class='ocrx_word' id='word_1_52' title='bbox 477 898 1016 967; x_wconf 89' lang='lat' dir='ltr'><strong>comprecationibus</strong></span> <span class='ocrx_word' id='word_1_53' title='bbox 1057 900 1324 956; x_wconf 88' lang='lat' dir='ltr'><strong>instructi</strong></span> <span class='ocrx_word' id='word_1_54' title='bbox 1371 898 1751 968; x_wconf 70' lang='lat' dir='ltr'><strong>fuerintcum</strong></span> <span class='ocrx_word' id='word_1_55' title='bbox 1808 911 1951 968; x_wconf 88' lang='lat' dir='ltr'><strong>aqua</strong></span> <span class='ocrx_word' id='word_1_56' title='bbox 2016 905 2071 953; x_wconf 87' lang='lat' dir='ltr'><strong>et</strong></span> 
     </span>
    </p>
   </div>
   <div class='ocr_carea' id='block_1_12' title="bbox 476 988 2070 1061">
    <p class='ocr_par' dir='ltr' id='par_1_12' title="bbox 476 988 2070 1061">
     <span class='ocr_line' id='line_1_12' title="bbox 476 988 2070 1061; baseline 0 -17"><span class='ocrx_word' id='word_1_57' title='bbox 476 989 619 1052; x_wconf 90' lang='lat' dir='ltr'><strong>oleo,</strong></span> <span class='ocrx_word' id='word_1_58' title='bbox 685 990 802 1045; x_wconf 85' lang='lat' dir='ltr'><strong>sive</strong></span> <span class='ocrx_word' id='word_1_59' title='bbox 850 999 1130 1061; x_wconf 87' lang='lat' dir='ltr'><strong>unguento</strong></span> <span class='ocrx_word' id='word_1_60' title='bbox 1189 990 1541 1057; x_wconf 88' lang='lat' dir='ltr'><strong>commistis,</strong></span> <span class='ocrx_word' id='word_1_61' title='bbox 1599 1003 1629 1043; x_wconf 90' lang='lat' dir='ltr'><strong>a</strong></span> <span class='ocrx_word' id='word_1_62' title='bbox 1691 988 2070 1059; x_wconf 84' lang='lat' dir='ltr'><strong>superioribus</strong></span> 
     </span>
    </p>
   </div>
   <div class='ocr_carea' id='block_1_13' title="bbox 390 1075 2072 1151">
    <p class='ocr_par' dir='ltr' id='par_1_13' title="bbox 390 1075 2072 1151">
     <span class='ocr_line' id='line_1_13' title="bbox 390 1075 2072 1151; baseline 0.002 -21"><span class='ocrx_word' id='word_1_63' title='bbox 390 1148 397 1151; x_wconf 20' lang='grc' dir='ltr'><strong>Α</strong></span> <span class='ocrx_word' id='word_1_64' title='bbox 478 1075 876 1147; x_wconf 74' lang='lat' dir='ltr'><strong>principatibus</strong></span> <span class='ocrx_word' id='word_1_65' title='bbox 937 1088 1002 1134; x_wconf 85' lang='lat' dir='ltr'><strong>ac</strong></span> <span class='ocrx_word' id='word_1_66' title='bbox 1046 1078 1414 1149; x_wconf 84' lang='lat' dir='ltr'><strong>petestatibus</strong></span> <span class='ocrx_word' id='word_1_67' title='bbox 1479 1077 1724 1133; x_wconf 87' lang='lat' dir='ltr'><strong>coerceri</strong></span> <span class='ocrx_word' id='word_1_68' title='bbox 1789 1076 2072 1148; x_wconf 83' lang='lat' dir='ltr'><strong>viderique</strong></span> 
     </span>
    </p>
   </div>
   <div class='ocr_carea' id='block_1_14' title="bbox 476 1172 2070 1245">
    <p class='ocr_par' dir='ltr' id='par_1_14' title="bbox 476 1172 2070 1245">
     <span class='ocr_line' id='line_1_14' title="bbox 476 1172 2070 1245; baseline 0 -19"><span class='ocrx_word' id='word_1_69' title='bbox 476 1179 780 1244; x_wconf 87' lang='lat' dir='ltr'><strong>nequeant;</strong></span> <span class='ocrx_word' id='word_1_70' title='bbox 832 1181 998 1245; x_wconf 89' lang='lat' dir='ltr'><strong>atque</strong></span> <span class='ocrx_word' id='word_1_71' title='bbox 1051 1182 1114 1230; x_wconf 91' lang='lat' dir='ltr'><strong>ut</strong></span> <span class='ocrx_word' id='word_1_72' title='bbox 1163 1174 1394 1230; x_wconf 85' lang='lat' dir='ltr'><strong>interior</strong></span> <span class='ocrx_word' id='word_1_73' title='bbox 1433 1172 1683 1245; x_wconf 88' lang='lat' dir='ltr'><strong>ipsorum</strong></span> <span class='ocrx_word' id='word_1_74' title='bbox 1737 1173 1905 1229; x_wconf 81' lang='lat' dir='ltr'><strong>homo</strong></span> <span class='ocrx_word' id='word_1_75' title='bbox 1937 1188 2070 1229; x_wconf 76' lang='lat' dir='ltr'><strong>sur-</strong></span> 
     </span>
    </p>
   </div>
   <div class='ocr_carea' id='block_1_15' title="bbox 475 1263 2072 1338">
    <p class='ocr_par' dir='ltr' id='par_1_15' title="bbox 475 1263 2072 1338">
     <span class='ocr_line' id='line_1_15' title="bbox 475 1263 2072 1338; baseline 0.002 -21"><span class='ocrx_word' id='word_1_76' title='bbox 475 1278 602 1318; x_wconf 90' lang='lat' dir='ltr'><strong>sum</strong></span> <span class='ocrx_word' id='word_1_77' title='bbox 666 1263 843 1335; x_wconf 88' lang='lat' dir='ltr'><strong>possit</strong></span> <span class='ocrx_word' id='word_1_78' title='bbox 878 1280 911 1319; x_wconf 87' lang='lat' dir='ltr'><strong>a</strong></span> <span class='ocrx_word' id='word_1_79' title='bbox 959 1265 1182 1323; x_wconf 84' lang='lat' dir='ltr'><strong>nemine</strong></span> <span class='ocrx_word' id='word_1_80' title='bbox 1242 1273 1577 1336; x_wconf 83' lang='lat' dir='ltr'><strong>conspectus</strong></span> <span class='ocrx_word' id='word_1_81' title='bbox 1619 1264 1873 1323; x_wconf 87' lang='lat' dir='ltr'><strong>evadere.</strong></span> <span class='ocrx_word' id='word_1_82' title='bbox 1906 1264 2072 1338; x_wconf 59' lang='grc' dir='ltr'><strong>αα</strong></span> 
     </span>
    </p>
   </div>
   <div class='ocr_carea' id='block_1_16' title="bbox 476 1344 2071 1428">
    <p class='ocr_par' dir='ltr' id='par_1_16' title="bbox 476 1344 2071 1428">
     <span class='ocr_line' id='line_1_16' title="bbox 476 1344 2071 1428; baseline 0.001 -19"><span class='ocrx_word' id='word_1_83' title='bbox 476 1354 690 1426; x_wconf 77' lang='lat' dir='ltr'><strong>Quippe</strong></span> <span class='ocrx_word' id='word_1_84' title='bbox 753 1344 1082 1428; x_wconf 72' lang='lat' dir='ltr'><strong>corporibus</strong></span> <span class='ocrx_word' id='word_1_85' title='bbox 1142 1357 1266 1414; x_wconf 83' lang='lat' dir='ltr'><strong>istis</strong></span> <span class='ocrx_word' id='word_1_86' title='bbox 1364 1363 1594 1414; x_wconf 82' lang='lat' dir='ltr'><strong>censent</strong></span> <span class='ocrx_word' id='word_1_87' title='bbox 1669 1372 1794 1413; x_wconf 85' lang='lat' dir='ltr'><strong>eum</strong></span> <span class='ocrx_word' id='word_1_88' title='bbox 1858 1356 2071 1427; x_wconf 75' lang='lat' dir='ltr'><strong>reliqua</strong></span> 
     </span>
    </p>
   </div>
   <div class='ocr_carea' id='block_1_17' title="bbox 478 1447 2068 1519">
    <p class='ocr_par' dir='ltr' id='par_1_17' title="bbox 478 1447 2068 1519">
     <span class='ocr_line' id='line_1_17' title="bbox 478 1447 2068 1519; baseline -0.002 -14"><span class='ocrx_word' id='word_1_89' title='bbox 478 1449 630 1505; x_wconf 89' lang='lat' dir='ltr'><strong>omni</strong></span> <span class='ocrx_word' id='word_1_90' title='bbox 681 1455 939 1504; x_wconf 84' lang='lat' dir='ltr'><strong>creatura</strong></span> <span class='ocrx_word' id='word_1_91' title='bbox 995 1447 1241 1517; x_wconf 81' lang='lat' dir='ltr'><strong>relictis,</strong></span> <span class='ocrx_word' id='word_1_92' title='bbox 1285 1447 1570 1504; x_wconf 87' lang='lat' dir='ltr'><strong>evolantes</strong></span> <span class='ocrx_word' id='word_1_93' title='bbox 1629 1448 1760 1503; x_wconf 89' lang='lat' dir='ltr'><strong>hinc</strong></span> <span class='ocrx_word' id='word_1_94' title='bbox 1821 1447 2068 1519; x_wconf 85' lang='lat' dir='ltr'><strong>ipsorum</strong></span> 
     </span>
    </p>
   </div>
   <div class='ocr_carea' id='block_1_18' title="bbox 477 1538 2065 1621">
    <p class='ocr_par' dir='ltr' id='par_1_18' title="bbox 477 1538 2065 1621">
     <span class='ocr_line' id='line_1_18' title="bbox 477 1538 2065 1621; baseline 0.001 -27"><span class='ocrx_word' id='word_1_95' title='bbox 477 1538 692 1597; x_wconf 83' lang='lat' dir='ltr'><strong>animas</strong></span> <span class='ocrx_word' id='word_1_96' title='bbox 720 1538 1009 1595; x_wconf 86' lang='lat' dir='ltr'><strong>Conditori</strong></span> <span class='ocrx_word' id='word_1_97' title='bbox 1026 1538 1120 1609; x_wconf 90' lang='lat' dir='ltr'><strong>qui</strong></span> <span class='ocrx_word' id='word_1_98' title='bbox 1142 1539 1200 1594; x_wconf 87' lang='lat' dir='ltr'><strong>in</strong></span> <span class='ocrx_word' id='word_1_99' title='bbox 1221 1538 1441 1596; x_wconf 82' lang='lat' dir='ltr'><strong>defectu</strong></span> <span class='ocrx_word' id='word_1_100' title='bbox 1480 1548 1758 1621; x_wconf 74' lang='lat' dir='ltr'><strong>versatur,</strong></span> <span class='ocrx_word' id='word_1_101' title='bbox 1783 1540 2065 1611; x_wconf 78' lang='lat' dir='ltr'><strong>assistere,</strong></span> 
     </span>
    </p>
   </div>
   <div class='ocr_carea' id='block_1_19' title="bbox 478 1628 2064 1701">
    <p class='ocr_par' dir='ltr' id='par_1_19' title="bbox 478 1628 2064 1701">
     <span class='ocr_line' id='line_1_19' title="bbox 478 1628 2064 1701; baseline 0.003 -18"><span class='ocrx_word' id='word_1_102' title='bbox 478 1629 793 1700; x_wconf 75' lang='lat' dir='ltr'><strong>ibidemque</strong></span> <span class='ocrx_word' id='word_1_103' title='bbox 841 1629 988 1701; x_wconf 85' lang='lat' dir='ltr'><strong>apud</strong></span> <span class='ocrx_word' id='word_1_104' title='bbox 1037 1631 1193 1686; x_wconf 87' lang='lat' dir='ltr'><strong>illum</strong></span> <span class='ocrx_word' id='word_1_105' title='bbox 1218 1630 1570 1687; x_wconf 86' lang='lat' dir='ltr'><strong>commorari.</strong></span> <span class='ocrx_word' id='word_1_106' title='bbox 1610 1628 1719 1687; x_wconf 87' lang='lat' dir='ltr'><strong>Sed</strong></span> <span class='ocrx_word' id='word_1_107' title='bbox 1743 1630 2064 1688; x_wconf 83' lang='lat' dir='ltr'><strong>interiorem</strong></span> 
     </span>
    </p>
   </div>
   <div class='ocr_carea' id='block_1_20' title="bbox 477 1720 2064 1794">
    <p class='ocr_par' dir='ltr' id='par_1_20' title="bbox 477 1720 2064 1794">
     <span class='ocr_line' id='line_1_20' title="bbox 477 1720 2064 1794; baseline 0.001 -20"><span class='ocrx_word' id='word_1_108' title='bbox 477 1720 780 1787; x_wconf 85' lang='lat' dir='ltr'><strong>hominem,</strong></span> <span class='ocrx_word' id='word_1_109' title='bbox 816 1722 912 1791; x_wconf 89' lang='lat' dir='ltr'><strong>qui</strong></span> <span class='ocrx_word' id='word_1_110' title='bbox 941 1722 1125 1777; x_wconf 88' lang='lat' dir='ltr'><strong>anima</strong></span> <span class='ocrx_word' id='word_1_111' title='bbox 1154 1721 1276 1794; x_wconf 85' lang='lat' dir='ltr'><strong>ipsa</strong></span> <span class='ocrx_word' id='word_1_112' title='bbox 1328 1737 1670 1794; x_wconf 88' lang='lat' dir='ltr'><strong>corporeque</strong></span> <span class='ocrx_word' id='word_1_113' title='bbox 1708 1723 1886 1794; x_wconf 82' lang='lat' dir='ltr'><strong>magis</strong></span> <span class='ocrx_word' id='word_1_114' title='bbox 1931 1723 2064 1778; x_wconf 86' lang='lat' dir='ltr'><strong>inti-</strong></span> 
     </span>
    </p>
   </div>
   <div class='ocr_carea' id='block_1_21' title="bbox 479 1810 2070 1884">
    <p class='ocr_par' dir='ltr' id='par_1_21' title="bbox 479 1810 2070 1884">
     <span class='ocr_line' id='line_1_21' title="bbox 479 1810 2070 1884; baseline 0.003 -19"><span class='ocrx_word' id='word_1_115' title='bbox 479 1825 604 1867; x_wconf 86' lang='lat' dir='ltr'><strong>mus</strong></span> <span class='ocrx_word' id='word_1_116' title='bbox 640 1819 749 1874; x_wconf 85' lang='lat' dir='ltr'><strong>est,</strong></span> <span class='ocrx_word' id='word_1_117' title='bbox 771 1810 940 1868; x_wconf 84' lang='lat' dir='ltr'><strong>altius</strong></span> <span class='ocrx_word' id='word_1_118' title='bbox 984 1810 1206 1879; x_wconf 83' lang='lat' dir='ltr'><strong>eﬂ&#39;erri;</strong></span> <span class='ocrx_word' id='word_1_119' title='bbox 1232 1828 1398 1883; x_wconf 85' lang='lat' dir='ltr'><strong>quem</strong></span> <span class='ocrx_word' id='word_1_120' title='bbox 1442 1828 1512 1869; x_wconf 79' lang='lat' dir='ltr'><strong>ex</strong></span> <span class='ocrx_word' id='word_1_121' title='bbox 1552 1812 1825 1884; x_wconf 85' lang='lat' dir='ltr'><strong>superiori</strong></span> <span class='ocrx_word' id='word_1_122' title='bbox 1885 1812 2070 1869; x_wconf 85' lang='lat' dir='ltr'><strong>Plero-</strong></span> 
     </span>
    </p>
   </div>
   <div class='ocr_carea' id='block_1_22' title="bbox 480 1901 1349 1959">
    <p class='ocr_par' dir='ltr' id='par_1_22' title="bbox 480 1901 1349 1959">
     <span class='ocr_line' id='line_1_22' title="bbox 480 1901 1349 1959; baseline 0.005 -4"><span class='ocrx_word' id='word_1_123' title='bbox 480 1909 628 1957; x_wconf 85' lang='lat' dir='ltr'><strong>mate</strong></span> <span class='ocrx_word' id='word_1_124' title='bbox 667 1901 978 1957; x_wconf 82' lang='lat' dir='ltr'><strong>derivatum</strong></span> <span class='ocrx_word' id='word_1_125' title='bbox 1002 1903 1349 1959; x_wconf 75' lang='lat' dir='ltr'><strong>existimant.</strong></span> 
     </span>
    </p>
   </div>
   <div class='ocr_carea' id='block_1_23' title="bbox 546 1990 2060 2065">
    <p class='ocr_par' dir='ltr' id='par_1_23' title="bbox 546 1990 2060 2065">
     <span class='ocr_line' id='line_1_23' title="bbox 546 1990 2060 2065; baseline 0.003 -20"><span class='ocrx_word' id='word_1_126' title='bbox 546 1990 636 2047; x_wconf 84' lang='lat' dir='ltr'><strong>lli.</strong></span> <span class='ocrx_word' id='word_1_127' title='bbox 676 1990 948 2047; x_wconf 66' lang='lat' dir='ltr'><strong>Caeterum</strong></span> <span class='ocrx_word' id='word_1_128' title='bbox 974 2009 1115 2065; x_wconf 87' lang='lat' dir='ltr'><strong>quos</strong></span> <span class='ocrx_word' id='word_1_129' title='bbox 1137 1995 1206 2050; x_wconf 89' lang='lat' dir='ltr'><strong>ad</strong></span> <span class='ocrx_word' id='word_1_130' title='bbox 1240 2011 1367 2051; x_wconf 90' lang='lat' dir='ltr'><strong>eum</strong></span> <span class='ocrx_word' id='word_1_131' title='bbox 1396 1994 1619 2052; x_wconf 88' lang='lat' dir='ltr'><strong>modum</strong></span> <span class='ocrx_word' id='word_1_132' title='bbox 1650 1995 1950 2064; x_wconf 88' lang='lat' dir='ltr'><strong>illuserint,</strong></span> <span class='ocrx_word' id='word_1_133' title='bbox 1982 1996 2060 2051; x_wconf 89' lang='lat' dir='ltr'><strong>ita</strong></span> 
     </span>
    </p>
   </div>
   <div class='ocr_carea' id='block_1_24' title="bbox 478 2085 2069 2160">
    <p class='ocr_par' dir='ltr' id='par_1_24' title="bbox 478 2085 2069 2160">
     <span class='ocr_line' id='line_1_24' title="bbox 478 2085 2069 2160; baseline 0.003 -21"><span class='ocrx_word' id='word_1_134' title='bbox 478 2085 759 2141; x_wconf 81' lang='lat' dir='ltr'><strong>cohortari</strong></span> <span class='ocrx_word' id='word_1_135' title='bbox 807 2087 1005 2143; x_wconf 87' lang='lat' dir='ltr'><strong>solent.</strong></span> <span class='ocrx_word' id='word_1_136' title='bbox 1055 2085 1182 2152; x_wconf 84' lang='lat' dir='ltr'><strong>Ubi,</strong></span> <span class='ocrx_word' id='word_1_137' title='bbox 1220 2087 1501 2158; x_wconf 81' lang='lat' dir='ltr'><strong>inquiunt,</strong></span> <span class='ocrx_word' id='word_1_138' title='bbox 1529 2089 1599 2144; x_wconf 85' lang='lat' dir='ltr'><strong>ad</strong></span> <span class='ocrx_word' id='word_1_139' title='bbox 1642 2088 1984 2160; x_wconf 77' lang='lat' dir='ltr'><strong>principatus</strong></span> <span class='ocrx_word' id='word_1_140' title='bbox 2012 2097 2069 2145; x_wconf 90' lang='lat' dir='ltr'><strong>et</strong></span> 
     </span>
    </p>
   </div>
   <div class='ocr_carea' id='block_1_25' title="bbox 479 2177 2067 2247">
    <p class='ocr_par' dir='ltr' id='par_1_25' title="bbox 479 2177 2067 2247">
     <span class='ocr_line' id='line_1_25' title="bbox 479 2177 2067 2247; baseline 0.003 -18"><span class='ocrx_word' id='word_1_141' title='bbox 479 2183 780 2244; x_wconf 90' lang='lat' dir='ltr'><strong>potestates</strong></span> <span class='ocrx_word' id='word_1_142' title='bbox 812 2188 935 2247; x_wconf 90' lang='lat' dir='ltr'><strong>post</strong></span> <span class='ocrx_word' id='word_1_143' title='bbox 976 2177 1189 2233; x_wconf 92' lang='lat' dir='ltr'><strong>obitum</strong></span> <span class='ocrx_word' id='word_1_144' title='bbox 1231 2178 1491 2242; x_wconf 82' lang='lat' dir='ltr'><strong>evolaris,</strong></span> <span class='ocrx_word' id='word_1_145' title='bbox 1532 2187 1807 2236; x_wconf 87' lang='lat' dir='ltr'><strong>memento</strong></span> <span class='ocrx_word' id='word_1_146' title='bbox 1846 2179 1963 2234; x_wconf 66' lang='lat' dir='ltr'><strong>haec</strong></span> <span class='ocrx_word' id='word_1_147' title='bbox 1988 2179 2067 2234; x_wconf 77' lang='lat' dir='ltr'><strong>uti</strong></span> 
     </span>
    </p>
   </div>
   <div class='ocr_carea' id='block_1_26' title="bbox 477 2265 2070 2342">
    <p class='ocr_par' dir='ltr' id='par_1_26' title="bbox 477 2265 2070 2342">
     <span class='ocr_line' id='line_1_26' title="bbox 477 2265 2070 2342; baseline 0.003 -22"><span class='ocrx_word' id='word_1_148' title='bbox 477 2265 643 2322; x_wconf 83' lang='lat' dir='ltr'><strong>verba</strong></span> <span class='ocrx_word' id='word_1_149' title='bbox 672 2266 920 2337; x_wconf 75' lang='lat' dir='ltr'><strong>proferas</strong></span> <span class='ocrx_word' id='word_1_150' title='bbox 953 2287 966 2323; x_wconf 89' lang='lat'><strong>:</strong></span> <span class='ocrx_word' id='word_1_151' title='bbox 993 2268 1105 2340; x_wconf 84' lang='lat' dir='ltr'><strong>Ego</strong></span> <span class='ocrx_word' id='word_1_152' title='bbox 1145 2269 1290 2339; x_wconf 78' lang='lat' dir='ltr'><strong>ﬁlius</strong></span> <span class='ocrx_word' id='word_1_153' title='bbox 1319 2286 1353 2323; x_wconf 91' lang='lat' dir='ltr'><strong>a</strong></span> <span class='ocrx_word' id='word_1_154' title='bbox 1382 2269 1571 2337; x_wconf 88' lang='lat' dir='ltr'><strong>Patre,</strong></span> <span class='ocrx_word' id='word_1_155' title='bbox 1611 2279 1747 2326; x_wconf 87' lang='lat' dir='ltr'><strong>eteo</strong></span> <span class='ocrx_word' id='word_1_156' title='bbox 1777 2269 1959 2335; x_wconf 81' lang='lat' dir='ltr'><strong>Patre,</strong></span> <span class='ocrx_word' id='word_1_157' title='bbox 1979 2270 2070 2342; x_wconf 70' lang='lat' dir='ltr'><strong>qui</strong></span> 
     </span>
    </p>
   </div>
   <div class='ocr_carea' id='block_1_27' title="bbox 478 2361 2066 2433">
    <p class='ocr_par' dir='ltr' id='par_1_27' title="bbox 478 2361 2066 2433">
     <span class='ocr_line' id='line_1_27' title="bbox 478 2361 2066 2433; baseline 0.002 -21"><span class='ocrx_word' id='word_1_158' title='bbox 478 2369 601 2414; x_wconf 82' lang='lat' dir='ltr'><strong>ante</strong></span> <span class='ocrx_word' id='word_1_159' title='bbox 631 2373 809 2414; x_wconf 84' lang='lat' dir='ltr'><strong>omnes</strong></span> <span class='ocrx_word' id='word_1_160' title='bbox 846 2362 1076 2428; x_wconf 73' lang='lat' dir='ltr'><strong>exsistit,</strong></span> <span class='ocrx_word' id='word_1_161' title='bbox 1113 2378 1175 2416; x_wconf 78' lang='lat' dir='ltr'><strong>ac</strong></span> <span class='ocrx_word' id='word_1_162' title='bbox 1211 2363 1460 2431; x_wconf 66' lang='lat' dir='ltr'><strong>prasenti</strong></span> <span class='ocrx_word' id='word_1_163' title='bbox 1494 2372 1725 2433; x_wconf 85' lang='lat' dir='ltr'><strong>tempore</strong></span> <span class='ocrx_word' id='word_1_164' title='bbox 1753 2362 1899 2431; x_wconf 78' lang='lat' dir='ltr'><strong>ﬁlius</strong></span> <span class='ocrx_word' id='word_1_165' title='bbox 1928 2361 2066 2426; x_wconf 71' lang='lat' dir='ltr'><strong>veni,</strong></span> 
     </span>
    </p>
   </div>
   <div class='ocr_carea' id='block_1_28' title="bbox 479 2451 2068 2524">
    <p class='ocr_par' dir='ltr' id='par_1_28' title="bbox 479 2451 2068 2524">
     <span class='ocr_line' id='line_1_28' title="bbox 479 2451 2068 2524; baseline 0.003 -22"><span class='ocrx_word' id='word_1_166' title='bbox 479 2458 537 2502; x_wconf 86' lang='lat' dir='ltr'><strong>ut</strong></span> <span class='ocrx_word' id='word_1_167' title='bbox 565 2451 745 2505; x_wconf 84' lang='lat' dir='ltr'><strong>omnia</strong></span> <span class='ocrx_word' id='word_1_168' title='bbox 800 2458 910 2505; x_wconf 81' lang='lat' dir='ltr'><strong>tam</strong></span> <span class='ocrx_word' id='word_1_169' title='bbox 952 2452 1149 2514; x_wconf 86' lang='lat' dir='ltr'><strong>aliena.</strong></span> <span class='ocrx_word' id='word_1_170' title='bbox 1180 2468 1339 2524; x_wconf 86' lang='lat' dir='ltr'><strong>quam</strong></span> <span class='ocrx_word' id='word_1_171' title='bbox 1384 2454 1595 2522; x_wconf 83' lang='lat' dir='ltr'><strong>privata</strong></span> <span class='ocrx_word' id='word_1_172' title='bbox 1637 2468 1925 2518; x_wconf 81' lang='lat' dir='ltr'><strong>cernerem,</strong></span> <span class='ocrx_word' id='word_1_173' title='bbox 1975 2467 2068 2506; x_wconf 85' lang='lat' dir='ltr'><strong>nec</strong></span> 
     </span>
    </p>
   </div>
   <div class='ocr_carea' id='block_1_29' title="bbox 479 2540 2064 2614">
    <p class='ocr_par' dir='ltr' id='par_1_29' title="bbox 479 2540 2064 2614">
     <span class='ocr_line' id='line_1_29' title="bbox 479 2540 2064 2614; baseline 0.004 -25"><span class='ocrx_word' id='word_1_174' title='bbox 479 2540 898 2596; x_wconf 77' lang='lat' dir='ltr'><strong>utunino&#39;tamen</strong></span> <span class='ocrx_word' id='word_1_175' title='bbox 926 2541 1142 2607; x_wconf 82' lang='lat' dir='ltr'><strong>aliena;</strong></span> <span class='ocrx_word' id='word_1_176' title='bbox 1180 2542 1274 2597; x_wconf 84' lang='lat' dir='ltr'><strong>sed</strong></span> <span class='ocrx_word' id='word_1_177' title='bbox 1305 2541 1375 2597; x_wconf 83' lang='lat' dir='ltr'><strong>ad</strong></span> <span class='ocrx_word' id='word_1_178' title='bbox 1404 2543 1697 2599; x_wconf 81' lang='lat' dir='ltr'><strong>Achamoth</strong></span> <span class='ocrx_word' id='word_1_179' title='bbox 1726 2543 2064 2614; x_wconf 78' lang='lat' dir='ltr'><strong>pertinentia,</strong></span> 
     </span>
    </p>
   </div>
   <div class='ocr_carea' id='block_1_30' title="bbox 478 2632 2067 2704">
    <p class='ocr_par' dir='ltr' id='par_1_30' title="bbox 478 2632 2067 2704">
     <span class='ocr_line' id='line_1_30' title="bbox 478 2632 2067 2704; baseline 0.001 -20"><span class='ocrx_word' id='word_1_180' title='bbox 478 2647 595 2701; x_wconf 78' lang='lat' dir='ltr'><strong>qua:</strong></span> <span class='ocrx_word' id='word_1_181' title='bbox 610 2648 727 2686; x_wconf 80' lang='lat' dir='ltr'><strong>cum</strong></span> <span class='ocrx_word' id='word_1_182' title='bbox 756 2634 955 2702; x_wconf 77' lang='lat' dir='ltr'><strong>femina</strong></span> <span class='ocrx_word' id='word_1_183' title='bbox 980 2635 1072 2698; x_wconf 77' lang='lat' dir='ltr'><strong>sit,</strong></span> <span class='ocrx_word' id='word_1_184' title='bbox 1102 2632 1206 2689; x_wconf 80' lang='lat' dir='ltr'><strong>sibi</strong></span> <span class='ocrx_word' id='word_1_185' title='bbox 1231 2635 1335 2690; x_wconf 84' lang='lat' dir='ltr'><strong>ista</strong></span> <span class='ocrx_word' id='word_1_186' title='bbox 1364 2634 1672 2704; x_wconf 80' lang='lat' dir='ltr'><strong>fabricavit.</strong></span> <span class='ocrx_word' id='word_1_187' title='bbox 1714 2633 1877 2704; x_wconf 87' lang='lat' dir='ltr'><strong>Origo</strong></span> <span class='ocrx_word' id='word_1_188' title='bbox 1906 2647 2067 2703; x_wconf 78' lang='lat' dir='ltr'><strong>porro</strong></span> 
     </span>
    </p>
   </div>
   <div class='ocr_carea' id='block_1_31' title="bbox 479 2723 2069 2797">
    <p class='ocr_par' dir='ltr' id='par_1_31' title="bbox 479 2723 2069 2797">
     <span class='ocr_line' id='line_1_31' title="bbox 479 2723 2069 2797; baseline 0.001 -22"><span class='ocrx_word' id='word_1_189' title='bbox 479 2739 595 2778; x_wconf 81' lang='lat' dir='ltr'><strong>mea</strong></span> <span class='ocrx_word' id='word_1_190' title='bbox 615 2732 694 2779; x_wconf 84' lang='lat' dir='ltr'><strong>est</strong></span> <span class='ocrx_word' id='word_1_191' title='bbox 726 2723 793 2778; x_wconf 88' lang='lat' dir='ltr'><strong>ab</strong></span> <span class='ocrx_word' id='word_1_192' title='bbox 820 2740 880 2780; x_wconf 87' lang='lat' dir='ltr'><strong>eo</strong></span> <span class='ocrx_word' id='word_1_193' title='bbox 913 2724 1095 2792; x_wconf 84' lang='lat' dir='ltr'><strong>ducta,</strong></span> <span class='ocrx_word' id='word_1_194' title='bbox 1124 2727 1216 2797; x_wconf 87' lang='lat' dir='ltr'><strong>qui</strong></span> <span class='ocrx_word' id='word_1_195' title='bbox 1260 2735 1382 2780; x_wconf 85' lang='lat' dir='ltr'><strong>ante</strong></span> <span class='ocrx_word' id='word_1_196' title='bbox 1413 2742 1593 2781; x_wconf 86' lang='lat' dir='ltr'><strong>omnes</strong></span> <span class='ocrx_word' id='word_1_197' title='bbox 1623 2726 1858 2790; x_wconf 68' lang='lat' dir='ltr'><strong>exsistit,</strong></span> <span class='ocrx_word' id='word_1_198' title='bbox 1904 2738 2069 2793; x_wconf 72' lang='lat' dir='ltr'><strong>eoque</strong></span> 
     </span>
    </p>
   </div>
   <div class='ocr_carea' id='block_1_32' title="bbox 478 2813 2068 2888">
    <p class='ocr_par' dir='ltr' id='par_1_32' title="bbox 478 2813 2068 2888">
     <span class='ocr_line' id='line_1_32' title="bbox 478 2813 2068 2888; baseline 0.003 -22"><span class='ocrx_word' id='word_1_199' title='bbox 478 2826 714 2879; x_wconf 80' lang='lat' dir='ltr'><strong>rursum,</strong></span> <span class='ocrx_word' id='word_1_200' title='bbox 754 2815 892 2871; x_wconf 84' lang='lat' dir='ltr'><strong>unde</strong></span> <span class='ocrx_word' id='word_1_201' title='bbox 914 2826 1061 2871; x_wconf 83' lang='lat' dir='ltr'><strong>ortus</strong></span> <span class='ocrx_word' id='word_1_202' title='bbox 1101 2832 1242 2883; x_wconf 73' lang='lat' dir='ltr'><strong>sum,</strong></span> <span class='ocrx_word' id='word_1_203' title='bbox 1262 2818 1551 2888; x_wconf 82' lang='lat' dir='ltr'><strong>regredior.</strong></span> <span class='ocrx_word' id='word_1_204' title='bbox 1592 2816 1725 2883; x_wconf 65' lang='lat' dir='ltr'><strong>Quae</strong></span> <span class='ocrx_word' id='word_1_205' title='bbox 1753 2831 1879 2871; x_wconf 91' lang='lat' dir='ltr'><strong>cum</strong></span> <span class='ocrx_word' id='word_1_206' title='bbox 1912 2813 2068 2871; x_wconf 78' lang='lat' dir='ltr'><strong>dixe-</strong></span> 
     </span>
    </p>
   </div>
   <div class='ocr_carea' id='block_1_33' title="bbox 478 2904 2064 2979">
    <p class='ocr_par' dir='ltr' id='par_1_33' title="bbox 478 2904 2064 2979">
     <span class='ocr_line' id='line_1_33' title="bbox 478 2904 2064 2979; baseline 0.003 -22"><span class='ocrx_word' id='word_1_207' title='bbox 478 2905 570 2967; x_wconf 87' lang='lat' dir='ltr'><strong>rit,</strong></span> <span class='ocrx_word' id='word_1_208' title='bbox 589 2904 822 2960; x_wconf 84' lang='lat' dir='ltr'><strong>subinde</strong></span> <span class='ocrx_word' id='word_1_209' title='bbox 861 2920 892 2959; x_wconf 91' lang='lat' dir='ltr'><strong>e</strong></span> <span class='ocrx_word' id='word_1_210' title='bbox 923 2906 1285 2975; x_wconf 83' lang='lat' dir='ltr'><strong>potestatibus</strong></span> <span class='ocrx_word' id='word_1_211' title='bbox 1310 2916 1577 2979; x_wconf 86' lang='lat' dir='ltr'><strong>ereptum,</strong></span> <span class='ocrx_word' id='word_1_212' title='bbox 1606 2906 1674 2962; x_wconf 88' lang='lat' dir='ltr'><strong>ad</strong></span> <span class='ocrx_word' id='word_1_213' title='bbox 1689 2906 2064 2974; x_wconf 86' lang='lat' dir='ltr'><strong>Conditorem,</strong></span> 
     </span>
    </p>
   </div>
   <div class='ocr_carea' id='block_1_34' title="bbox 2173 426 3760 503">
    <p class='ocr_par' dir='ltr' id='par_1_34' title="bbox 2173 426 3760 503">
     <span class='ocr_line' id='line_1_34' title="bbox 2173 426 3760 503; baseline 0 -18"><span class='ocrx_word' id='word_1_214' title='bbox 2173 431 2269 485; x_wconf 77' lang='grc' dir='ltr'><strong>καὶ</strong></span> <span class='ocrx_word' id='word_1_215' title='bbox 2309 426 2478 502; x_wconf 61' lang='grc' dir='ltr'><strong>ὕδωρδ</strong></span> <span class='ocrx_word' id='word_1_216' title='bbox 2521 428 2621 502; x_wconf 77' lang='grc' dir='ltr'><strong>τὴν</strong></span> <span class='ocrx_word' id='word_1_217' title='bbox 2653 428 2836 501; x_wconf 80' lang='grc' dir='ltr'><strong>μέντοι</strong></span> <span class='ocrx_word' id='word_1_218' title='bbox 2864 429 3154 502; x_wconf 75' lang='grc' dir='ltr'><strong>ἐπικλήσιν</strong></span> <span class='ocrx_word' id='word_1_219' title='bbox 3195 429 3381 503; x_wconf 75' lang='grc' dir='ltr'><strong>κοινὴν</strong></span> <span class='ocrx_word' id='word_1_220' title='bbox 3409 429 3653 503; x_wconf 70' lang='grc' dir='ltr'><strong>ἔχοντες,</strong></span> <span class='ocrx_word' id='word_1_221' title='bbox 3685 433 3760 498; x_wconf 83' lang='grc' dir='ltr'><strong>ώς</strong></span> 
     </span>
    </p>
   </div>
   <div class='ocr_carea' id='block_1_35' title="bbox 2141 514 3760 602">
    <p class='ocr_par' dir='ltr' id='par_1_35' title="bbox 2141 514 3760 602">
     <span class='ocr_line' id='line_1_35' title="bbox 2141 514 3760 602; baseline 0.001 -23"><span class='ocrx_word' id='word_1_222' title='bbox 2141 599 2145 602; x_wconf 16' lang='grc' dir='ltr'>ν</span> <span class='ocrx_word' id='word_1_223' title='bbox 2169 514 2235 596; x_wconf 74' lang='grc' dir='ltr'><strong>δὴ</strong></span> <span class='ocrx_word' id='word_1_224' title='bbox 2262 520 2356 578; x_wconf 74' lang='grc' dir='ltr'><strong>καῖ</strong></span> <span class='ocrx_word' id='word_1_225' title='bbox 2378 525 2407 577; x_wconf 81' lang='grc' dir='ltr'><strong>ὁ</strong></span> <span class='ocrx_word' id='word_1_226' title='bbox 2428 522 2536 594; x_wconf 79' lang='grc' dir='ltr'><strong>πρὸ</strong></span> <span class='ocrx_word' id='word_1_227' title='bbox 2559 518 2727 577; x_wconf 78' lang='grc' dir='ltr'><strong>αὐτοῦ</strong></span> <span class='ocrx_word' id='word_1_228' title='bbox 2743 522 2971 596; x_wconf 83' lang='grc' dir='ltr'><strong>Μάρκος</strong></span> <span class='ocrx_word' id='word_1_229' title='bbox 2996 524 3256 590; x_wconf 76' lang='grc' dir='ltr'><strong>ἐποιεῖτο,</strong></span> <span class='ocrx_word' id='word_1_230' title='bbox 3284 524 3422 596; x_wconf 79' lang='grc' dir='ltr'><strong>μετὰ</strong></span> <span class='ocrx_word' id='word_1_231' title='bbox 3446 520 3760 599; x_wconf 69' lang='grc' dir='ltr'><strong>προσθήκης</strong></span> 
     </span>
    </p>
   </div>
   <div class='ocr_carea' id='block_1_36' title="bbox 2169 606 3761 690">
    <p class='ocr_par' dir='ltr' id='par_1_36' title="bbox 2169 606 3761 690">
     <span class='ocr_line' id='line_1_36' title="bbox 2169 606 3761 690; baseline 0.002 -20"><span class='ocrx_word' id='word_1_232' title='bbox 2169 608 2334 671; x_wconf 82' lang='grc' dir='ltr'><strong>τινῶν</strong></span> <span class='ocrx_word' id='word_1_233' title='bbox 2367 606 2674 687; x_wconf 77' lang='grc' dir='ltr'><strong>ὀνομάτων.</strong></span> <span class='ocrx_word' id='word_1_234' title='bbox 2714 606 2781 670; x_wconf 77' lang='grc' dir='ltr'><strong><em>Ἥ</em></strong></span> <span class='ocrx_word' id='word_1_235' title='bbox 2812 615 2871 669; x_wconf 79' lang='grc' dir='ltr'><strong>δὲ</strong></span> <span class='ocrx_word' id='word_1_236' title='bbox 2905 615 3198 687; x_wconf 74' lang='grc' dir='ltr'><strong>ἐπίκλησις</strong></span> <span class='ocrx_word' id='word_1_237' title='bbox 3242 615 3391 671; x_wconf 76' lang='grc' dir='ltr'><strong>ἐστιν</strong></span> <span class='ocrx_word' id='word_1_238' title='bbox 3433 617 3612 690; x_wconf 68' lang='grc' dir='ltr'><strong>αὕτη*</strong></span> <span class='ocrx_word' id='word_1_239' title='bbox 3649 621 3761 673; x_wconf 81' lang='grc' dir='ltr'><strong>Με-</strong></span> 
     </span>
    </p>
   </div>
   <div class='ocr_carea' id='block_1_37' title="bbox 2169 692 3757 780">
    <p class='ocr_par' dir='ltr' id='par_1_37' title="bbox 2169 692 3757 780">
     <span class='ocr_line' id='line_1_37' title="bbox 2169 692 3757 780; baseline 0.003 -19"><span class='ocrx_word' id='word_1_240' title='bbox 2169 706 2279 762; x_wconf 81' lang='grc' dir='ltr'><strong>σία</strong></span> <span class='ocrx_word' id='word_1_241' title='bbox 2300 745 2317 771; x_wconf 90' lang='grc'><strong>,</strong></span> <span class='ocrx_word' id='word_1_242' title='bbox 2348 705 2544 777; x_wconf 72' lang='grc' dir='ltr'><strong>οὑφὰρ</strong></span> <span class='ocrx_word' id='word_1_243' title='bbox 2566 746 2583 774; x_wconf 90' lang='grc'><strong>,</strong></span> <span class='ocrx_word' id='word_1_244' title='bbox 2628 707 2981 778; x_wconf 73' lang='grc' dir='ltr'><strong>ἐγγαμεμψὰ</strong></span> <span class='ocrx_word' id='word_1_245' title='bbox 2999 748 3015 774; x_wconf 95' lang='grc'><strong>,</strong></span> <span class='ocrx_word' id='word_1_246' title='bbox 3036 692 3407 780; x_wconf 43' lang='lat' dir='ltr'><strong>paria/161a,</strong></span> <span class='ocrx_word' id='word_1_247' title='bbox 3445 710 3724 780; x_wconf 80' lang='grc' dir='ltr'><strong>νοσσομὴ</strong></span> <span class='ocrx_word' id='word_1_248' title='bbox 3741 753 3757 778; x_wconf 88' lang='grc'><strong>,</strong></span> 
     </span>
    </p>
   </div>
   <div class='ocr_carea' id='block_1_38' title="bbox 2170 790 3760 873">
    <p class='ocr_par' dir='ltr' id='par_1_38' title="bbox 2170 790 3760 873">
     <span class='ocr_line' id='line_1_38' title="bbox 2170 790 3760 873; baseline 0.004 -22"><span class='ocrx_word' id='word_1_249' title='bbox 2170 798 2317 852; x_wconf 77' lang='grc' dir='ltr'><strong>δαὲκ</strong></span> <span class='ocrx_word' id='word_1_250' title='bbox 2335 836 2351 862; x_wconf 91' lang='grc'><strong>,</strong></span> <span class='ocrx_word' id='word_1_251' title='bbox 2379 790 2659 869; x_wconf 72' lang='grc' dir='ltr'><strong>ἁκφαρὰν</strong></span> <span class='ocrx_word' id='word_1_252' title='bbox 2680 840 2696 867; x_wconf 90' lang='grc'><strong>,</strong></span> <span class='ocrx_word' id='word_1_253' title='bbox 2727 790 3261 869; x_wconf 73' lang='grc' dir='ltr'><strong>ἐψευούα,-’Ῐησοῦ</strong></span> <span class='ocrx_word' id='word_1_254' title='bbox 3288 799 3553 873; x_wconf 78' lang='grc' dir='ltr'><strong>ναζαρία.</strong></span> <span class='ocrx_word' id='word_1_255' title='bbox 3589 800 3760 859; x_wconf 74' lang='grc' dir='ltr'><strong>Τοῦτο</strong></span> 
     </span>
    </p>
   </div>
   <div class='ocr_carea' id='block_1_39' title="bbox 2170 888 3760 968">
    <p class='ocr_par' dir='ltr' id='par_1_39' title="bbox 2170 888 3760 968">
     <span class='ocr_line' id='line_1_39' title="bbox 2170 888 3760 968; baseline 0.004 -25"><span class='ocrx_word' id='word_1_256' title='bbox 2170 889 2227 943; x_wconf 83' lang='grc' dir='ltr'><strong>δὲ</strong></span> <span class='ocrx_word' id='word_1_257' title='bbox 2258 888 2526 959; x_wconf 80' lang='grc' dir='ltr'><strong>ποιοῦσιν,</strong></span> <span class='ocrx_word' id='word_1_258' title='bbox 2567 891 2656 945; x_wconf 82' lang='grc' dir='ltr'><strong>ἴνα</strong></span> <span class='ocrx_word' id='word_1_259' title='bbox 2693 890 2854 962; x_wconf 84' lang='grc' dir='ltr'><strong>δῆθεν</strong></span> <span class='ocrx_word' id='word_1_260' title='bbox 2880 892 2930 946; x_wconf 82' lang='grc' dir='ltr'><strong>οἱ</strong></span> <span class='ocrx_word' id='word_1_261' title='bbox 2960 892 3332 964; x_wconf 85' lang='grc' dir='ltr'><strong>λαμϐάνοντες</strong></span> <span class='ocrx_word' id='word_1_262' title='bbox 3362 888 3455 948; x_wconf 74' lang='grc' dir='ltr'><strong>ἐπὶ</strong></span> <span class='ocrx_word' id='word_1_263' title='bbox 3494 897 3561 967; x_wconf 81' lang='grc' dir='ltr'><strong>τῇ</strong></span> <span class='ocrx_word' id='word_1_264' title='bbox 3596 895 3760 968; x_wconf 78' lang='grc' dir='ltr'><strong>ἐξόδῳ</strong></span> 
     </span>
    </p>
   </div>
   <div class='ocr_carea' id='block_1_40' title="bbox 2171 979 3760 1057">
    <p class='ocr_par' dir='ltr' id='par_1_40' title="bbox 2171 979 3760 1057">
     <span class='ocr_line' id='line_1_40' title="bbox 2171 979 3760 1057; baseline 0.006 -23"><span class='ocrx_word' id='word_1_265' title='bbox 2171 979 2378 1046; x_wconf 79' lang='grc' dir='ltr'><strong>ταύτας</strong></span> <span class='ocrx_word' id='word_1_266' title='bbox 2431 983 2534 1047; x_wconf 84' lang='grc' dir='ltr'><strong>τὰς</strong></span> <span class='ocrx_word' id='word_1_267' title='bbox 2579 982 2938 1056; x_wconf 76' lang='grc' dir='ltr'><strong>ἐπικλήσεις,</strong></span> <span class='ocrx_word' id='word_1_268' title='bbox 2983 983 3083 1050; x_wconf 82' lang='grc' dir='ltr'><strong>τὰς</strong></span> <span class='ocrx_word' id='word_1_269' title='bbox 3118 986 3259 1057; x_wconf 78' lang='grc' dir='ltr'><strong>μετὰ</strong></span> <span class='ocrx_word' id='word_1_270' title='bbox 3299 983 3395 1040; x_wconf 78' lang='grc' dir='ltr'><strong>τοῦ</strong></span> <span class='ocrx_word' id='word_1_271' title='bbox 3434 986 3630 1052; x_wconf 76' lang='grc' dir='ltr'><strong>ὓδατος</strong></span> <span class='ocrx_word' id='word_1_272' title='bbox 3666 991 3760 1043; x_wconf 73' lang='grc' dir='ltr'><strong>καὶ</strong></span> 
     </span>
    </p>
   </div>
   <div class='ocr_carea' id='block_1_41' title="bbox 2171 1070 3761 1149">
    <p class='ocr_par' dir='ltr' id='par_1_41' title="bbox 2171 1070 3761 1149">
     <span class='ocr_line' id='line_1_41' title="bbox 2171 1070 3761 1149; baseline 0.006 -26"><span class='ocrx_word' id='word_1_273' title='bbox 2171 1070 2354 1125; x_wconf 71' lang='grc' dir='ltr'><strong>ἐλαίου</strong></span> <span class='ocrx_word' id='word_1_274' title='bbox 2374 1098 2393 1136; x_wconf 57' lang='grc' dir='ltr'><strong><em>ε</em></strong></span> <span class='ocrx_word' id='word_1_275' title='bbox 2421 1071 2542 1143; x_wconf 70' lang='grc' dir='ltr'><strong>ἦτοι</strong></span> <span class='ocrx_word' id='word_1_276' title='bbox 2573 1071 2771 1145; x_wconf 75' lang='grc' dir='ltr'><strong>μύρου,</strong></span> <span class='ocrx_word' id='word_1_277' title='bbox 2807 1073 3294 1147; x_wconf 67' lang='grc' dir='ltr'><strong>ἀναμεμιγμένων,</strong></span> <span class='ocrx_word' id='word_1_278' title='bbox 3327 1075 3630 1149; x_wconf 80' lang='grc' dir='ltr'><strong>ἁκράτητοι</strong></span> <span class='ocrx_word' id='word_1_279' title='bbox 3667 1079 3761 1147; x_wconf 74' lang='grc' dir='ltr'><strong>γέ-</strong></span> 
     </span>
    </p>
   </div>
   <div class='ocr_carea' id='block_1_42' title="bbox 2170 1163 3759 1239">
    <p class='ocr_par' dir='ltr' id='par_1_42' title="bbox 2170 1163 3759 1239">
     <span class='ocr_line' id='line_1_42' title="bbox 2170 1163 3759 1239; baseline 0.005 -22"><span class='ocrx_word' id='word_1_280' title='bbox 2170 1179 2392 1230; x_wconf 77' lang='grc' dir='ltr'><strong>νωνται,</strong></span> <span class='ocrx_word' id='word_1_281' title='bbox 2424 1163 2519 1217; x_wconf 69' lang='grc' dir='ltr'><strong>καὶ</strong></span> <span class='ocrx_word' id='word_1_282' title='bbox 2552 1163 2773 1235; x_wconf 78' lang='grc' dir='ltr'><strong>ἀόρατοι</strong></span> <span class='ocrx_word' id='word_1_283' title='bbox 2801 1167 2923 1229; x_wconf 71' lang='grc' dir='ltr'><strong>ταῖς</strong></span> <span class='ocrx_word' id='word_1_284' title='bbox 2957 1165 3073 1220; x_wconf 80' lang='grc' dir='ltr'><strong>άνω</strong></span> <span class='ocrx_word' id='word_1_285' title='bbox 3098 1166 3296 1239; x_wconf 73' lang='grc' dir='ltr'><strong>ἀρχαῖς</strong></span> <span class='ocrx_word' id='word_1_286' title='bbox 3335 1169 3431 1223; x_wconf 71' lang='grc' dir='ltr'><strong>καὶ</strong></span> <span class='ocrx_word' id='word_1_287' title='bbox 3452 1169 3759 1237; x_wconf 73' lang='grc' dir='ltr'><strong>ἐξουσίαις,</strong></span> 
     </span>
    </p>
   </div>
   <div class='ocr_carea' id='block_1_43' title="bbox 2171 1254 3757 1336">
    <p class='ocr_par' dir='ltr' id='par_1_43' title="bbox 2171 1254 3757 1336">
     <span class='ocr_line' id='line_1_43' title="bbox 2171 1254 3757 1336; baseline 0.007 -28"><span class='ocrx_word' id='word_1_288' title='bbox 2171 1256 2251 1320; x_wconf 79' lang='grc' dir='ltr'><strong>εἰς</strong></span> <span class='ocrx_word' id='word_1_289' title='bbox 2274 1254 2337 1309; x_wconf 77' lang='grc' dir='ltr'><strong>τὸ</strong></span> <span class='ocrx_word' id='word_1_290' title='bbox 2361 1256 2667 1328; x_wconf 82' lang='grc' dir='ltr'><strong>ὑπερϐῆναι</strong></span> <span class='ocrx_word' id='word_1_291' title='bbox 2698 1257 2948 1331; x_wconf 79' lang='grc' dir='ltr'><strong>ἀοράτως</strong></span> <span class='ocrx_word' id='word_1_292' title='bbox 2988 1259 3082 1314; x_wconf 75' lang='grc' dir='ltr'><strong>τὸν</strong></span> <span class='ocrx_word' id='word_1_293' title='bbox 3107 1259 3216 1315; x_wconf 72' lang='grc' dir='ltr'><strong>ἔσω</strong></span> <span class='ocrx_word' id='word_1_294' title='bbox 3241 1261 3422 1315; x_wconf 84' lang='grc' dir='ltr'><strong>αὐτῶν</strong></span> <span class='ocrx_word' id='word_1_295' title='bbox 3446 1261 3757 1336; x_wconf 81' lang='grc' dir='ltr'><strong>ἄνθρωπον,</strong></span> 
     </span>
    </p>
   </div>
   <div class='ocr_carea' id='block_1_44' title="bbox 2173 1338 3759 1426">
    <p class='ocr_par' dir='ltr' id='par_1_44' title="bbox 2173 1338 3759 1426">
     <span class='ocr_line' id='line_1_44' title="bbox 2173 1338 3759 1426; baseline 0.008 -27"><span class='ocrx_word' id='word_1_296' title='bbox 2173 1346 2359 1416; x_wconf 76' lang='grc' dir='ltr'><strong>φασὶν,</strong></span> <span class='ocrx_word' id='word_1_297' title='bbox 2387 1347 2464 1412; x_wconf 81' lang='grc' dir='ltr'><strong>ὡς</strong></span> <span class='ocrx_word' id='word_1_298' title='bbox 2489 1338 2600 1404; x_wconf 82' lang='grc' dir='ltr'><strong>τῶν</strong></span> <span class='ocrx_word' id='word_1_299' title='bbox 2623 1349 2894 1421; x_wconf 84' lang='grc' dir='ltr'><strong>σωμάτων</strong></span> <span class='ocrx_word' id='word_1_300' title='bbox 2922 1350 3126 1406; x_wconf 81' lang='grc' dir='ltr'><strong>τούτων</strong></span> <span class='ocrx_word' id='word_1_301' title='bbox 3173 1353 3243 1408; x_wconf 83' lang='grc' dir='ltr'><strong>ὲν</strong></span> <span class='ocrx_word' id='word_1_302' title='bbox 3273 1356 3339 1426; x_wconf 78' lang='grc' dir='ltr'><strong>τῇ</strong></span> <span class='ocrx_word' id='word_1_303' title='bbox 3372 1352 3548 1409; x_wconf 79' lang='grc' dir='ltr'><strong>κτίσει</strong></span> <span class='ocrx_word' id='word_1_304' title='bbox 3586 1372 3759 1411; x_wconf 84' lang='grc' dir='ltr'><strong>κατα-</strong></span> 
     </span>
    </p>
   </div>
   <div class='ocr_carea' id='block_1_45' title="bbox 2171 1436 3759 1517">
    <p class='ocr_par' dir='ltr' id='par_1_45' title="bbox 2171 1436 3759 1517">
     <span class='ocr_line' id='line_1_45' title="bbox 2171 1436 3759 1517; baseline 0.006 -26"><span class='ocrx_word' id='word_1_305' title='bbox 2171 1436 2621 1509; x_wconf 76' lang='grc' dir='ltr'><strong>λιμπανομένωψ</strong></span> <span class='ocrx_word' id='word_1_306' title='bbox 2653 1440 2755 1512; x_wconf 82' lang='grc' dir='ltr'><strong>τῆς</strong></span> <span class='ocrx_word' id='word_1_307' title='bbox 2805 1436 2864 1495; x_wconf 81' lang='grc' dir='ltr'><strong>δὲ</strong></span> <span class='ocrx_word' id='word_1_308' title='bbox 2891 1439 3073 1513; x_wconf 70' lang='grc' dir='ltr'>ψυχῆς</span> <span class='ocrx_word' id='word_1_309' title='bbox 3122 1443 3302 1498; x_wconf 80' lang='grc' dir='ltr'><strong>αὐτῶν</strong></span> <span class='ocrx_word' id='word_1_310' title='bbox 3345 1445 3759 1517; x_wconf 81' lang='grc' dir='ltr'><strong>παρισταμένης</strong></span> 
     </span>
    </p>
   </div>
   <div class='ocr_carea' id='block_1_46' title="bbox 2171 1528 3756 1608">
    <p class='ocr_par' dir='ltr' id='par_1_46' title="bbox 2171 1528 3756 1608">
     <span class='ocr_line' id='line_1_46' title="bbox 2171 1528 3756 1608; baseline 0.007 -26"><span class='ocrx_word' id='word_1_311' title='bbox 2171 1528 2250 1601; x_wconf 83' lang='grc' dir='ltr'><strong>τῷ</strong></span> <span class='ocrx_word' id='word_1_312' title='bbox 2305 1530 2637 1604; x_wconf 80' lang='grc' dir='ltr'><strong>Δημιουργῷ</strong></span> <span class='ocrx_word' id='word_1_313' title='bbox 2687 1532 2797 1587; x_wconf 80' lang='grc' dir='ltr'><strong>ἄνω</strong></span> <span class='ocrx_word' id='word_1_314' title='bbox 2850 1533 2931 1604; x_wconf 83' lang='grc' dir='ltr'><strong>τῷ</strong></span> <span class='ocrx_word' id='word_1_315' title='bbox 2981 1534 3040 1589; x_wconf 85' lang='grc' dir='ltr'><strong>ὲν</strong></span> <span class='ocrx_word' id='word_1_316' title='bbox 3088 1528 3433 1608; x_wconf 74' lang='grc' dir='ltr'><strong>ὑστερήματι</strong></span> <span class='ocrx_word' id='word_1_317' title='bbox 3484 1538 3756 1607; x_wconf 84' lang='grc' dir='ltr'><strong>γεγονότι,</strong></span> 
     </span>
    </p>
   </div>
   <div class='ocr_carea' id='block_1_47' title="bbox 2171 1619 3761 1701">
    <p class='ocr_par' dir='ltr' id='par_1_47' title="bbox 2171 1619 3761 1701">
     <span class='ocr_line' id='line_1_47' title="bbox 2171 1619 3761 1701; baseline 0.008 -26"><span class='ocrx_word' id='word_1_318' title='bbox 2171 1619 2313 1675; x_wconf 76' lang='grc' dir='ltr'><strong>ὥστε</strong></span> <span class='ocrx_word' id='word_1_319' title='bbox 2346 1621 2442 1677; x_wconf 69' lang='grc' dir='ltr'><strong>καὶ</strong></span> <span class='ocrx_word' id='word_1_320' title='bbox 2476 1624 2655 1678; x_wconf 73' lang='grc' dir='ltr'><strong>ἐκεῖσε</strong></span> <span class='ocrx_word' id='word_1_321' title='bbox 2702 1625 3028 1697; x_wconf 81' lang='grc' dir='ltr'><strong>καταμένειν</strong></span> <span class='ocrx_word' id='word_1_322' title='bbox 3068 1629 3201 1701; x_wconf 85' lang='grc' dir='ltr'><strong>παρ’</strong></span> <span class='ocrx_word' id='word_1_323' title='bbox 3246 1628 3418 1701; x_wconf 79' lang='grc' dir='ltr'><strong>αὐτῷ.</strong></span> <span class='ocrx_word' id='word_1_324' title='bbox 3457 1630 3761 1701; x_wconf 78' lang='grc' dir='ltr'><strong>’Υπερανα-</strong></span> 
     </span>
    </p>
   </div>
   <div class='ocr_carea' id='block_1_48' title="bbox 2171 1708 3760 1790">
    <p class='ocr_par' dir='ltr' id='par_1_48' title="bbox 2171 1708 3760 1790">
     <span class='ocr_line' id='line_1_48' title="bbox 2171 1708 3760 1790; baseline 0.005 -27"><span class='ocrx_word' id='word_1_325' title='bbox 2171 1708 2379 1767; x_wconf 76' lang='grc' dir='ltr'><strong>ϐαίνειν</strong></span> <span class='ocrx_word' id='word_1_326' title='bbox 2409 1708 2503 1779; x_wconf 87' lang='grc' dir='ltr'><strong>δὲ,</strong></span> <span class='ocrx_word' id='word_1_327' title='bbox 2536 1713 2613 1778; x_wconf 81' lang='grc' dir='ltr'><strong>ὡς</strong></span> <span class='ocrx_word' id='word_1_328' title='bbox 2649 1712 2829 1787; x_wconf 73' lang='grc' dir='ltr'><strong>ἔφην,</strong></span> <span class='ocrx_word' id='word_1_329' title='bbox 2861 1715 2954 1771; x_wconf 80' lang='grc' dir='ltr'><strong>τὸν</strong></span> <span class='ocrx_word' id='word_1_330' title='bbox 3004 1716 3114 1771; x_wconf 73' lang='grc' dir='ltr'><strong>ἔσω</strong></span> <span class='ocrx_word' id='word_1_331' title='bbox 3158 1717 3446 1788; x_wconf 81' lang='grc' dir='ltr'><strong>ἄνθρωπον</strong></span> <span class='ocrx_word' id='word_1_332' title='bbox 3490 1716 3760 1790; x_wconf 75' lang='grc' dir='ltr'><strong>ἐσώτερον</strong></span> 
     </span>
    </p>
   </div>
   <div class='ocr_carea' id='block_1_49' title="bbox 2169 1801 3759 1881">
    <p class='ocr_par' dir='ltr' id='par_1_49' title="bbox 2169 1801 3759 1881">
     <span class='ocr_line' id='line_1_49' title="bbox 2169 1801 3759 1881; baseline 0.006 -26"><span class='ocrx_word' id='word_1_333' title='bbox 2169 1801 2348 1874; x_wconf 76' lang='grc' dir='ltr'><strong>ψυχῆς</strong></span> <span class='ocrx_word' id='word_1_334' title='bbox 2386 1804 2482 1858; x_wconf 76' lang='grc' dir='ltr'><strong>καὶ</strong></span> <span class='ocrx_word' id='word_1_335' title='bbox 2521 1803 2809 1877; x_wconf 76' lang='grc' dir='ltr'><strong>σώματος’</strong></span> <span class='ocrx_word' id='word_1_336' title='bbox 2848 1806 2909 1861; x_wconf 78' lang='grc' dir='ltr'><strong>ὃν</strong></span> <span class='ocrx_word' id='word_1_337' title='bbox 2955 1807 3021 1881; x_wconf 76' lang='grc' dir='ltr'><strong>δὴ</strong></span> <span class='ocrx_word' id='word_1_338' title='bbox 3074 1807 3299 1867; x_wconf 72' lang='grc' dir='ltr'><strong>θέλουσι,</strong></span> <span class='ocrx_word' id='word_1_339' title='bbox 3328 1809 3509 1880; x_wconf 80' lang='grc' dir='ltr'><strong>λέγειν</strong></span> <span class='ocrx_word' id='word_1_340' title='bbox 3555 1811 3635 1865; x_wconf 81' lang='grc' dir='ltr'><strong>ὲκ</strong></span> <span class='ocrx_word' id='word_1_341' title='bbox 3666 1809 3759 1864; x_wconf 77' lang='grc' dir='ltr'><strong>τοῦ</strong></span> 
     </span>
    </p>
   </div>
   <div class='ocr_carea' id='block_1_50' title="bbox 2169 1891 3261 1969">
    <p class='ocr_par' dir='ltr' id='par_1_50' title="bbox 2169 1891 3261 1969">
     <span class='ocr_line' id='line_1_50' title="bbox 2169 1891 3261 1969; baseline 0.005 -20"><span class='ocrx_word' id='word_1_342' title='bbox 2169 1891 2376 1949; x_wconf 78' lang='grc' dir='ltr'><strong>ἄνωθεν</strong></span> <span class='ocrx_word' id='word_1_343' title='bbox 2404 1893 2783 1967; x_wconf 82' lang='grc' dir='ltr'><strong>Πληρώματος</strong></span> <span class='ocrx_word' id='word_1_344' title='bbox 2813 1897 3261 1969; x_wconf 79' lang='grc' dir='ltr'><strong>κατεληλυθέναι.</strong></span> 
     </span>
    </p>
   </div>
   <div class='ocr_carea' id='block_1_51' title="bbox 2240 1986 3762 2066">
    <p class='ocr_par' dir='ltr' id='par_1_51' title="bbox 2240 1986 3762 2066">
     <span class='ocr_line' id='line_1_51' title="bbox 2240 1986 3762 2066; baseline 0.005 -28"><span class='ocrx_word' id='word_1_345' title='bbox 2240 1986 2314 2040; x_wconf 82' lang='lat'><strong>1&quot;.</strong></span> <span class='ocrx_word' id='word_1_346' title='bbox 2368 1987 2780 2056; x_wconf 79' lang='grc' dir='ltr'><strong>Ἐγκελεύονται</strong></span> <span class='ocrx_word' id='word_1_347' title='bbox 2823 1989 2882 2043; x_wconf 76' lang='grc' dir='ltr'><strong>δὲ</strong></span> <span class='ocrx_word' id='word_1_348' title='bbox 2931 1991 3046 2055; x_wconf 82' lang='grc' dir='ltr'><strong>τοῖς</strong></span> <span class='ocrx_word' id='word_1_349' title='bbox 3082 1989 3226 2045; x_wconf 77' lang='grc' dir='ltr'><strong>οὕτω</strong></span> <span class='ocrx_word' id='word_1_350' title='bbox 3262 1992 3397 2063; x_wconf 83' lang='grc' dir='ltr'><strong>παρ’</strong></span> <span class='ocrx_word' id='word_1_351' title='bbox 3428 1992 3614 2058; x_wconf 65' lang='grc' dir='ltr'><strong>αὐτοῖς</strong></span> <span class='ocrx_word' id='word_1_352' title='bbox 3663 1993 3762 2066; x_wconf 75' lang='grc' dir='ltr'><strong>εμ-</strong></span> 
     </span>
    </p>
   </div>
   <div class='ocr_carea' id='block_1_52' title="bbox 2170 2078 3760 2157">
    <p class='ocr_par' dir='ltr' id='par_1_52' title="bbox 2170 2078 3760 2157">
     <span class='ocr_line' id='line_1_52' title="bbox 2170 2078 3760 2157; baseline 0.005 -25"><span class='ocrx_word' id='word_1_353' title='bbox 2170 2078 2595 2150; x_wconf 82' lang='grc' dir='ltr'><strong>πεπαιγμένοις,</strong></span> <span class='ocrx_word' id='word_1_354' title='bbox 2635 2080 2719 2133; x_wconf 81' lang='grc' dir='ltr'><strong>ὅτι</strong></span> <span class='ocrx_word' id='word_1_355' title='bbox 2746 2081 2912 2152; x_wconf 79' lang='grc' dir='ltr'><strong>φησιν</strong></span> <span class='ocrx_word' id='word_1_356' title='bbox 2931 2099 2945 2112; x_wconf 93' lang='grc'>·</span> <span class='ocrx_word' id='word_1_357' title='bbox 2973 2082 3102 2135; x_wconf 76' lang='grc' dir='ltr'><strong>Ἐάν</strong></span> <span class='ocrx_word' id='word_1_358' title='bbox 3127 2082 3291 2155; x_wconf 71' lang='grc' dir='ltr'><strong>ἔλθῃς</strong></span> <span class='ocrx_word' id='word_1_359' title='bbox 3320 2084 3415 2137; x_wconf 73' lang='grc' dir='ltr'><strong>ἐπὶ</strong></span> <span class='ocrx_word' id='word_1_360' title='bbox 3445 2084 3547 2149; x_wconf 83' lang='grc' dir='ltr'><strong>τὰς</strong></span> <span class='ocrx_word' id='word_1_361' title='bbox 3584 2086 3760 2157; x_wconf 79' lang='grc' dir='ltr'>ἀρχὰς</span> 
     </span>
    </p>
   </div>
   <div class='ocr_carea' id='block_1_53' title="bbox 2171 2170 3761 2249">
    <p class='ocr_par' dir='ltr' id='par_1_53' title="bbox 2171 2170 3761 2249">
     <span class='ocr_line' id='line_1_53' title="bbox 2171 2170 3761 2249; baseline 0.004 -25"><span class='ocrx_word' id='word_1_362' title='bbox 2171 2170 2266 2224; x_wconf 77' lang='grc' dir='ltr'><strong>καὶ</strong></span> <span class='ocrx_word' id='word_1_363' title='bbox 2314 2171 2596 2239; x_wconf 74' lang='grc' dir='ltr'><strong>ἐξουσίας,</strong></span> <span class='ocrx_word' id='word_1_364' title='bbox 2630 2170 2720 2244; x_wconf 69' lang='grc' dir='ltr'><strong>ἔχε</strong></span> <span class='ocrx_word' id='word_1_365' title='bbox 2765 2174 2824 2227; x_wconf 81' lang='grc' dir='ltr'><strong>ὲν</strong></span> <span class='ocrx_word' id='word_1_366' title='bbox 2860 2175 3053 2248; x_wconf 80' lang='grc' dir='ltr'><strong>μνήμῃ</strong></span> <span class='ocrx_word' id='word_1_367' title='bbox 3092 2175 3220 2229; x_wconf 84' lang='grc' dir='ltr'><strong>τάδε</strong></span> <span class='ocrx_word' id='word_1_368' title='bbox 3270 2177 3445 2230; x_wconf 77' lang='grc' dir='ltr'><strong>εἰπεῖν</strong></span> <span class='ocrx_word' id='word_1_369' title='bbox 3490 2176 3632 2248; x_wconf 82' lang='grc' dir='ltr'><strong>μετά</strong></span> <span class='ocrx_word' id='word_1_370' title='bbox 3659 2177 3761 2249; x_wconf 81' lang='grc' dir='ltr'><strong>τὴν</strong></span> 
     </span>
    </p>
   </div>
   <div class='ocr_carea' id='block_1_54' title="bbox 2171 2252 3763 2338">
    <p class='ocr_par' dir='ltr' id='par_1_54' title="bbox 2171 2252 3763 2338">
     <span class='ocr_line' id='line_1_54' title="bbox 2171 2252 3763 2338; baseline 0.005 -22"><span class='ocrx_word' id='word_1_371' title='bbox 2171 2261 2422 2317; x_wconf 71' lang='grc' dir='ltr'><strong>ἐντεῦθεν</strong></span> <span class='ocrx_word' id='word_1_372' title='bbox 2443 2252 2757 2337; x_wconf 52' lang='grc' dir='ltr'><strong>τελευτήνδ</strong></span> <span class='ocrx_word' id='word_1_373' title='bbox 2774 2264 2923 2336; x_wconf 71' lang='grc' dir='ltr'><strong>Ἐγὼ</strong></span> <span class='ocrx_word' id='word_1_374' title='bbox 2943 2267 3074 2334; x_wconf 82' lang='grc' dir='ltr'><strong>υιὸς</strong></span> <span class='ocrx_word' id='word_1_375' title='bbox 3102 2267 3221 2322; x_wconf 79' lang='grc' dir='ltr'><strong>ἀπὸ</strong></span> <span class='ocrx_word' id='word_1_376' title='bbox 3248 2267 3501 2337; x_wconf 77' lang='grc' dir='ltr'><strong>Πατρός,</strong></span> <span class='ocrx_word' id='word_1_377' title='bbox 3530 2269 3763 2338; x_wconf 80' lang='grc' dir='ltr'><strong>Πατρός</strong></span> 
     </span>
    </p>
   </div>
   <div class='ocr_carea' id='block_1_55' title="bbox 2169 2356 3762 2432">
    <p class='ocr_par' dir='ltr' id='par_1_55' title="bbox 2169 2356 3762 2432">
     <span class='ocr_line' id='line_1_55' title="bbox 2169 2356 3762 2432; baseline 0.004 -22"><span class='ocrx_word' id='word_1_378' title='bbox 2169 2358 2464 2425; x_wconf 77' lang='grc' dir='ltr'><strong>προόντος</strong></span> <span class='ocrx_word' id='word_1_379' title='bbox 2486 2397 2502 2422; x_wconf 94' lang='grc'><strong>,</strong></span> <span class='ocrx_word' id='word_1_380' title='bbox 2526 2357 2658 2424; x_wconf 67' lang='grc' dir='ltr'><strong>υἱὸς</strong></span> <span class='ocrx_word' id='word_1_381' title='bbox 2685 2356 2756 2411; x_wconf 82' lang='grc' dir='ltr'><strong>δὲ</strong></span> <span class='ocrx_word' id='word_1_382' title='bbox 2793 2358 2865 2413; x_wconf 74' lang='grc' dir='ltr'><strong>ἐν</strong></span> <span class='ocrx_word' id='word_1_383' title='bbox 2906 2356 2987 2425; x_wconf 87' lang='grc' dir='ltr'><strong>τῷ</strong></span> <span class='ocrx_word' id='word_1_384' title='bbox 3014 2359 3265 2427; x_wconf 73' lang='grc' dir='ltr'><strong>παρόντι</strong></span> <span class='ocrx_word' id='word_1_385' title='bbox 3285 2399 3301 2425; x_wconf 95' lang='grc'><strong>,</strong></span> <span class='ocrx_word' id='word_1_386' title='bbox 3335 2357 3530 2432; x_wconf 75' lang='grc' dir='ltr'><strong>ἦλθον</strong></span> <span class='ocrx_word' id='word_1_387' title='bbox 3561 2360 3762 2416; x_wconf 78' lang='grc' dir='ltr'><strong>πάντα</strong></span> 
     </span>
    </p>
   </div>
   <div class='ocr_carea' id='block_1_56' title="bbox 2175 2446 3760 2522">
    <p class='ocr_par' dir='ltr' id='par_1_56' title="bbox 2175 2446 3760 2522">
     <span class='ocr_line' id='line_1_56' title="bbox 2175 2446 3760 2522; baseline 0.004 -20"><span class='ocrx_word' id='word_1_388' title='bbox 2175 2447 2323 2502; x_wconf 70' lang='grc' dir='ltr'><strong>ἰδεῖν</strong></span> <span class='ocrx_word' id='word_1_389' title='bbox 2353 2446 2428 2501; x_wconf 82' lang='grc' dir='ltr'><strong>τὰ</strong></span> <span class='ocrx_word' id='word_1_390' title='bbox 2461 2448 2752 2518; x_wconf 73' lang='grc' dir='ltr'><strong>ἀλλότρια</strong></span> <span class='ocrx_word' id='word_1_391' title='bbox 2783 2449 2883 2504; x_wconf 79' lang='grc' dir='ltr'><strong>και</strong></span> <span class='ocrx_word' id='word_1_392' title='bbox 2915 2450 2989 2505; x_wconf 85' lang='grc' dir='ltr'><strong>τὰ</strong></span> <span class='ocrx_word' id='word_1_393' title='bbox 3014 2450 3169 2505; x_wconf 68' lang='grc' dir='ltr'><strong>ιδιαθ</strong></span> <span class='ocrx_word' id='word_1_394' title='bbox 3193 2452 3293 2505; x_wconf 72' lang='grc' dir='ltr'><strong>καὶ</strong></span> <span class='ocrx_word' id='word_1_395' title='bbox 3315 2454 3430 2508; x_wconf 81' lang='grc' dir='ltr'><strong>οὐκ</strong></span> <span class='ocrx_word' id='word_1_396' title='bbox 3466 2453 3760 2522; x_wconf 65' lang='grc' dir='ltr'><strong>ἀλλότρια</strong></span> 
     </span>
    </p>
   </div>
   <div class='ocr_carea' id='block_1_57' title="bbox 2169 2538 3763 2615">
    <p class='ocr_par' dir='ltr' id='par_1_57' title="bbox 2169 2538 3763 2615">
     <span class='ocr_line' id='line_1_57' title="bbox 2169 2538 3763 2615; baseline 0.006 -22"><span class='ocrx_word' id='word_1_397' title='bbox 2169 2538 2240 2593; x_wconf 81' lang='grc' dir='ltr'><strong>δὲ</strong></span> <span class='ocrx_word' id='word_1_398' title='bbox 2266 2538 2577 2608; x_wconf 70' lang='grc' dir='ltr'><strong>παντελῶς</strong></span> <span class='ocrx_word' id='word_1_399' title='bbox 2594 2583 2610 2609; x_wconf 90' lang='grc'><strong>,</strong></span> <span class='ocrx_word' id='word_1_400' title='bbox 2647 2541 2810 2596; x_wconf 66' lang='grc' dir='ltr'><strong>ἀλλὰ</strong></span> <span class='ocrx_word' id='word_1_401' title='bbox 2833 2541 2945 2611; x_wconf 83' lang='grc' dir='ltr'><strong>τῆς</strong></span> <span class='ocrx_word' id='word_1_402' title='bbox 2986 2544 3045 2597; x_wconf 82' lang='grc' dir='ltr'><strong>Ἀ</strong></span> <span class='ocrx_word' id='word_1_403' title='bbox 3050 2544 3256 2615; x_wconf 79' lang='grc' dir='ltr'><strong>χαμὼθ</strong></span> <span class='ocrx_word' id='word_1_404' title='bbox 3275 2585 3291 2610; x_wconf 97' lang='grc'><strong>,</strong></span> <span class='ocrx_word' id='word_1_405' title='bbox 3322 2545 3457 2613; x_wconf 78' lang='grc' dir='ltr'><strong>ἣτις</strong></span> <span class='ocrx_word' id='word_1_406' title='bbox 3483 2545 3617 2600; x_wconf 69' lang='grc' dir='ltr'><strong>ἐστὶ</strong></span> <span class='ocrx_word' id='word_1_407' title='bbox 3641 2545 3763 2614; x_wconf 78' lang='grc' dir='ltr'><strong>σή·-</strong></span> 
     </span>
    </p>
   </div>
   <div class='ocr_carea' id='block_1_58' title="bbox 2169 2632 3761 2706">
    <p class='ocr_par' dir='ltr' id='par_1_58' title="bbox 2169 2632 3761 2706">
     <span class='ocr_line' id='line_1_58' title="bbox 2169 2632 3761 2706; baseline 0.005 -20"><span class='ocrx_word' id='word_1_408' title='bbox 2169 2635 2339 2699; x_wconf 73' lang='grc' dir='ltr'><strong>λεια,</strong></span> <span class='ocrx_word' id='word_1_409' title='bbox 2394 2632 2494 2686; x_wconf 74' lang='grc' dir='ltr'><strong>καὶ</strong></span> <span class='ocrx_word' id='word_1_410' title='bbox 2540 2632 2730 2687; x_wconf 84' lang='grc' dir='ltr'><strong>ταῦτα</strong></span> <span class='ocrx_word' id='word_1_411' title='bbox 2755 2634 2942 2704; x_wconf 77' lang='grc' dir='ltr'><strong>ἑαυτῇ</strong></span> <span class='ocrx_word' id='word_1_412' title='bbox 2978 2637 3251 2705; x_wconf 81' lang='grc' dir='ltr'><strong>ἐποίησε.</strong></span> <span class='ocrx_word' id='word_1_413' title='bbox 3289 2636 3536 2706; x_wconf 80' lang='grc' dir='ltr'><strong>Κατὰγω</strong></span> <span class='ocrx_word' id='word_1_414' title='bbox 3585 2637 3655 2692; x_wconf 75' lang='grc' dir='ltr'><strong>δὲ</strong></span> <span class='ocrx_word' id='word_1_415' title='bbox 3691 2639 3761 2694; x_wconf 84' lang='grc' dir='ltr'><strong>τὸ</strong></span> 
     </span>
    </p>
   </div>
   <div class='ocr_carea' id='block_1_59' title="bbox 2170 2723 3761 2799">
    <p class='ocr_par' dir='ltr' id='par_1_59' title="bbox 2170 2723 3761 2799">
     <span class='ocr_line' id='line_1_59' title="bbox 2170 2723 3761 2799; baseline 0.005 -21"><span class='ocrx_word' id='word_1_416' title='bbox 2170 2723 2347 2795; x_wconf 78' lang='grc' dir='ltr'><strong>γένος</strong></span> <span class='ocrx_word' id='word_1_417' title='bbox 2372 2725 2441 2779; x_wconf 80' lang='grc' dir='ltr'><strong>ἐκ</strong></span> <span class='ocrx_word' id='word_1_418' title='bbox 2466 2724 2573 2779; x_wconf 87' lang='grc' dir='ltr'><strong>τοῦ</strong></span> <span class='ocrx_word' id='word_1_419' title='bbox 2600 2727 2893 2795; x_wconf 76' lang='grc' dir='ltr'><strong>προόντος</strong></span> <span class='ocrx_word' id='word_1_420' title='bbox 2917 2767 2934 2796; x_wconf 89' lang='grc'><strong>,</strong></span> <span class='ocrx_word' id='word_1_421' title='bbox 2964 2726 3063 2781; x_wconf 81' lang='grc' dir='ltr'><strong>καὶ</strong></span> <span class='ocrx_word' id='word_1_422' title='bbox 3095 2729 3418 2799; x_wconf 78' lang='grc' dir='ltr'><strong>πορεύομαι</strong></span> <span class='ocrx_word' id='word_1_423' title='bbox 3445 2729 3638 2785; x_wconf 67' lang='grc' dir='ltr'><strong>πάλιν</strong></span> <span class='ocrx_word' id='word_1_424' title='bbox 3672 2734 3761 2798; x_wconf 80' lang='grc' dir='ltr'><strong>εις</strong></span> 
     </span>
    </p>
   </div>
   <div class='ocr_carea' id='block_1_60' title="bbox 2171 2815 3763 2887">
    <p class='ocr_par' dir='ltr' id='par_1_60' title="bbox 2171 2815 3763 2887">
     <span class='ocr_line' id='line_1_60' title="bbox 2171 2815 3763 2887; baseline 0.004 -16"><span class='ocrx_word' id='word_1_425' title='bbox 2171 2817 2245 2871; x_wconf 81' lang='grc' dir='ltr'><strong>τὰ</strong></span> <span class='ocrx_word' id='word_1_426' title='bbox 2282 2815 2437 2881; x_wconf 83' lang='grc' dir='ltr'><strong>Ζδια,</strong></span> <span class='ocrx_word' id='word_1_427' title='bbox 2470 2816 2934 2887; x_wconf 64' lang='grc' dir='ltr'><strong>ὅθενυὲλήλυθα.</strong></span> <span class='ocrx_word' id='word_1_428' title='bbox 2981 2821 3091 2873; x_wconf 73' lang='grc' dir='ltr'><strong>Καὶ</strong></span> <span class='ocrx_word' id='word_1_429' title='bbox 3142 2819 3312 2875; x_wconf 75' lang='grc' dir='ltr'><strong>ταῦτα</strong></span> <span class='ocrx_word' id='word_1_430' title='bbox 3345 2820 3605 2887; x_wconf 70' lang='grc' dir='ltr'><strong>εἰπόντα,</strong></span> <span class='ocrx_word' id='word_1_431' title='bbox 3644 2822 3763 2878; x_wconf 68' lang='grc' dir='ltr'><strong>διαε-</strong></span> 
     </span>
    </p>
   </div>
   <div class='ocr_carea' id='block_1_61' title="bbox 2173 2909 3762 2984">
    <p class='ocr_par' dir='ltr' id='par_1_61' title="bbox 2173 2909 3762 2984">
     <span class='ocr_line' id='line_1_61' title="bbox 2173 2909 3762 2984; baseline 0.004 -22"><span class='ocrx_word' id='word_1_432' title='bbox 2173 2909 2399 2979; x_wconf 80' lang='grc' dir='ltr'><strong>φεύγειν</strong></span> <span class='ocrx_word' id='word_1_433' title='bbox 2425 2909 2527 2976; x_wconf 84' lang='grc' dir='ltr'><strong>τὰς</strong></span> <span class='ocrx_word' id='word_1_434' title='bbox 2561 2910 2833 2978; x_wconf 77' lang='grc' dir='ltr'><strong>ἐξουσίας,</strong></span> <span class='ocrx_word' id='word_1_435' title='bbox 2856 2911 3114 2984; x_wconf 77' lang='grc' dir='ltr'><strong>ἔρχεσθαι</strong></span> <span class='ocrx_word' id='word_1_436' title='bbox 3148 2913 3206 2967; x_wconf 81' lang='grc' dir='ltr'><strong>δὲ</strong></span> <span class='ocrx_word' id='word_1_437' title='bbox 3228 2914 3321 2969; x_wconf 69' lang='grc' dir='ltr'><strong>ἐπὶ</strong></span> <span class='ocrx_word' id='word_1_438' title='bbox 3346 2915 3473 2981; x_wconf 66' lang='grc' dir='ltr'><strong>τοὺς</strong></span> <span class='ocrx_word' id='word_1_439' title='bbox 3507 2917 3641 2984; x_wconf 69' lang='grc' dir='ltr'><strong>περὶ</strong></span> <span class='ocrx_word' id='word_1_440' title='bbox 3667 2916 3762 2970; x_wconf 81' lang='grc' dir='ltr'><strong>τὸν</strong></span> 
     </span>
    </p>
   </div>
   <div class='ocr_carea' id='block_1_62' title="bbox 402 2994 2065 3077">
    <p class='ocr_par' dir='ltr' id='par_1_62' title="bbox 402 2994 2061 3069">
     <span class='ocr_line' id='line_1_62' title="bbox 402 2994 2061 3069; baseline 0.002 -19"><span class='ocrx_word' id='word_1_441' title='bbox 402 3040 423 3055; x_wconf 67' lang='lat'><strong>..</strong></span> <span class='ocrx_word' id='word_1_442' title='bbox 478 2994 710 3064; x_wconf 85' lang='lat' dir='ltr'><strong>ejusque</strong></span> <span class='ocrx_word' id='word_1_443' title='bbox 767 2996 1064 3066; x_wconf 79' lang='lat' dir='ltr'><strong>stipatores</strong></span> <span class='ocrx_word' id='word_1_444' title='bbox 1129 2995 1378 3068; x_wconf 85' lang='lat' dir='ltr'><strong>adusque</strong></span> <span class='ocrx_word' id='word_1_445' title='bbox 1436 2999 1671 3069; x_wconf 87' lang='lat' dir='ltr'><strong>primam</strong></span> <span class='ocrx_word' id='word_1_446' title='bbox 1747 2996 2061 3069; x_wconf 89' lang='lat' dir='ltr'><strong>Ogdoadem</strong></span> 
     </span>
    </p>
   </div>
   <div class='ocr_carea' id='block_1_63' title="bbox 2167 2994 3763 3077">
    <p class='ocr_par' dir='ltr' id='par_1_63' title="bbox 2171 2999 3763 3077">
     <span class='ocr_line' id='line_1_63' title="bbox 2171 2999 3763 3077; baseline 0.006 -25"><span class='ocrx_word' id='word_1_447' title='bbox 2171 2999 2515 3072; x_wconf 81' lang='grc' dir='ltr'><strong>Δημιουργὸν</strong></span> <span class='ocrx_word' id='word_1_448' title='bbox 2550 3000 2665 3055; x_wconf 74' lang='grc' dir='ltr'><strong>ἄνω</strong></span> <span class='ocrx_word' id='word_1_449' title='bbox 2701 3002 2833 3074; x_wconf 76' lang='grc' dir='ltr'><strong>περὶ</strong></span> <span class='ocrx_word' id='word_1_450' title='bbox 2877 3003 2977 3074; x_wconf 79' lang='grc' dir='ltr'><strong>τὴν</strong></span> <span class='ocrx_word' id='word_1_451' title='bbox 3024 3004 3247 3077; x_wconf 81' lang='grc' dir='ltr'><strong>πρώτην</strong></span> <span class='ocrx_word' id='word_1_452' title='bbox 3298 3008 3579 3074; x_wconf 79' lang='grc' dir='ltr'><strong>’ογδοάδα.</strong></span> <span class='ocrx_word' id='word_1_453' title='bbox 3629 3008 3763 3062; x_wconf 80' lang='grc' dir='ltr'><strong>Βού-</strong></span> 
     </span>
    </p>
   </div>
   <div class='ocr_carea' id='block_1_64' title="bbox 478 3082 2062 3156">
    <p class='ocr_par' dir='ltr' id='par_1_64' title="bbox 478 3082 2062 3156">
     <span class='ocr_line' id='line_1_64' title="bbox 478 3082 2062 3156; baseline 0.002 -16"><span class='ocrx_word' id='word_1_454' title='bbox 478 3082 685 3141; x_wconf 76' lang='lat' dir='ltr'><strong>eli‘erri.</strong></span> <span class='ocrx_word' id='word_1_455' title='bbox 717 3083 1003 3155; x_wconf 80' lang='lat' dir='ltr'><strong>Siquidem</strong></span> <span class='ocrx_word' id='word_1_456' title='bbox 1056 3092 1183 3156; x_wconf 90' lang='lat' dir='ltr'><strong>post</strong></span> <span class='ocrx_word' id='word_1_457' title='bbox 1239 3085 1557 3143; x_wconf 87' lang='lat' dir='ltr'><strong>Creatorem</strong></span> <span class='ocrx_word' id='word_1_458' title='bbox 1591 3087 1757 3143; x_wconf 84' lang='lat' dir='ltr'><strong>etiam</strong></span> <span class='ocrx_word' id='word_1_459' title='bbox 1793 3086 1887 3142; x_wconf 89' lang='lat' dir='ltr'><strong>isti</strong></span> <span class='ocrx_word' id='word_1_460' title='bbox 1917 3085 2062 3143; x_wconf 76' lang='lat' dir='ltr'><strong>infe-</strong></span> 
     </span>
    </p>
   </div>
   <div class='ocr_carea' id='block_1_65' title="bbox 480 3175 2063 3249">
    <p class='ocr_par' dir='ltr' id='par_1_65' title="bbox 480 3175 2063 3249">
     <span class='ocr_line' id='line_1_65' title="bbox 480 3175 2063 3249; baseline 0.003 -18"><span class='ocrx_word' id='word_1_461' title='bbox 480 3175 682 3232; x_wconf 85' lang='lat' dir='ltr'><strong>riorem</strong></span> <span class='ocrx_word' id='word_1_462' title='bbox 733 3191 857 3233; x_wconf 84' lang='lat' dir='ltr'><strong>esse</strong></span> <span class='ocrx_word' id='word_1_463' title='bbox 923 3177 1117 3232; x_wconf 75' lang='lat' dir='ltr'><strong>volunt</strong></span> <span class='ocrx_word' id='word_1_464' title='bbox 1185 3177 1617 3244; x_wconf 88' lang='lat' dir='ltr'><strong>hebdomadem,</strong></span> <span class='ocrx_word' id='word_1_465' title='bbox 1668 3178 1959 3249; x_wconf 85' lang='lat' dir='ltr'><strong>ipsumque</strong></span> <span class='ocrx_word' id='word_1_466' title='bbox 2007 3180 2063 3235; x_wconf 91' lang='lat' dir='ltr'><strong>in</strong></span> 
     </span>
    </p>
   </div>
   <div class='ocr_carea' id='block_1_66' title="bbox 480 3252 2062 3338">
    <p class='ocr_par' dir='ltr' id='par_1_66' title="bbox 480 3252 2062 3338">
     <span class='ocr_line' id='line_1_66' title="bbox 480 3252 2062 3338; baseline 0 -16"><span class='ocrx_word' id='word_1_467' title='bbox 480 3266 796 3338; x_wconf 81' lang='lat' dir='ltr'><strong>septenario</strong></span> <span class='ocrx_word' id='word_1_468' title='bbox 850 3274 1101 3329; x_wconf 84' lang='lat' dir='ltr'><strong>octavum</strong></span> <span class='ocrx_word' id='word_1_469' title='bbox 1132 3282 1276 3333; x_wconf 89' lang='lat' dir='ltr'><strong>esse,</strong></span> <span class='ocrx_word' id='word_1_470' title='bbox 1326 3267 1422 3324; x_wconf 88' lang='lat' dir='ltr'><strong>sed</strong></span> <span class='ocrx_word' id='word_1_471' title='bbox 1459 3267 1516 3321; x_wconf 92' lang='lat' dir='ltr'><strong>in</strong></span> <span class='ocrx_word' id='word_1_472' title='bbox 1551 3252 1768 3323; x_wconf 76' lang='lat' dir='ltr'><strong>defectu</strong></span> <span class='ocrx_word' id='word_1_473' title='bbox 1801 3275 1857 3322; x_wconf 90' lang='lat' dir='ltr'><strong>et</strong></span> <span class='ocrx_word' id='word_1_474' title='bbox 1903 3269 2062 3338; x_wconf 84' lang='lat' dir='ltr'><strong>igno-</strong></span> 
     </span>
    </p>
   </div>
   <div class='ocr_carea' id='block_1_67' title="bbox 480 3354 2067 3427">
    <p class='ocr_par' dir='ltr' id='par_1_67' title="bbox 480 3354 2067 3427">
     <span class='ocr_line' id='line_1_67' title="bbox 480 3354 2067 3427; baseline 0.003 -16"><span class='ocrx_word' id='word_1_475' title='bbox 480 3357 658 3412; x_wconf 87' lang='lat' dir='ltr'><strong>rantia</strong></span> <span class='ocrx_word' id='word_1_476' title='bbox 716 3359 1099 3413; x_wconf 89' lang='lat' dir='ltr'><strong>constitutum.</strong></span> <span class='ocrx_word' id='word_1_477' title='bbox 1125 3355 1331 3413; x_wconf 82' lang='lat' dir='ltr'><strong>Jubent</strong></span> <span class='ocrx_word' id='word_1_478' title='bbox 1359 3357 1526 3427; x_wconf 85' lang='lat' dir='ltr'><strong>igitur</strong></span> <span class='ocrx_word' id='word_1_479' title='bbox 1555 3372 1704 3423; x_wconf 89' lang='lat' dir='ltr'><strong>eum,</strong></span> <span class='ocrx_word' id='word_1_480' title='bbox 1730 3354 1825 3427; x_wconf 87' lang='lat' dir='ltr'><strong>qui</strong></span> <span class='ocrx_word' id='word_1_481' title='bbox 1854 3374 1920 3413; x_wconf 80' lang='lat' dir='ltr'><strong>ex</strong></span> <span class='ocrx_word' id='word_1_482' title='bbox 1962 3359 2067 3415; x_wconf 87' lang='lat' dir='ltr'><strong>bac</strong></span> 
     </span>
    </p>
   </div>
   <div class='ocr_carea' id='block_1_68' title="bbox 479 3444 2062 3517">
    <p class='ocr_par' dir='ltr' id='par_1_68' title="bbox 479 3444 2062 3517">
     <span class='ocr_line' id='line_1_68' title="bbox 479 3444 2062 3517; baseline 0.003 -17"><span class='ocrx_word' id='word_1_483' title='bbox 479 3444 593 3500; x_wconf 86' lang='lat' dir='ltr'><strong>vita</strong></span> <span class='ocrx_word' id='word_1_484' title='bbox 620 3445 957 3511; x_wconf 87' lang='lat' dir='ltr'><strong>discesserit,</strong></span> <span class='ocrx_word' id='word_1_485' title='bbox 988 3446 1307 3503; x_wconf 86' lang='lat' dir='ltr'><strong>Creatorem</strong></span> <span class='ocrx_word' id='word_1_486' title='bbox 1365 3446 1595 3517; x_wconf 79' lang='lat' dir='ltr'><strong>ejusque</strong></span> <span class='ocrx_word' id='word_1_487' title='bbox 1649 3447 1882 3504; x_wconf 87' lang='lat' dir='ltr'><strong>comites</strong></span> <span class='ocrx_word' id='word_1_488' title='bbox 1916 3449 2062 3505; x_wconf 77' lang='lat' dir='ltr'><strong>hunc</strong></span> 
     </span>
    </p>
   </div>
   <div class='ocr_carea' id='block_1_69' title="bbox 481 3534 2062 3613">
    <p class='ocr_par' dir='ltr' id='par_1_69' title="bbox 481 3534 2062 3613">
     <span class='ocr_line' id='line_1_69' title="bbox 481 3534 2062 3613; baseline 0.004 -23"><span class='ocrx_word' id='word_1_489' title='bbox 481 3537 538 3590; x_wconf 89' lang='lat' dir='ltr'><strong>in</strong></span> <span class='ocrx_word' id='word_1_490' title='bbox 556 3537 778 3591; x_wconf 92' lang='lat' dir='ltr'><strong>modum</strong></span> <span class='ocrx_word' id='word_1_491' title='bbox 810 3538 1053 3608; x_wconf 83' lang='lat' dir='ltr'><strong>alloqui:</strong></span> <span class='ocrx_word' id='word_1_492' title='bbox 1093 3534 1203 3593; x_wconf 80' lang='lat' dir='ltr'><strong>Vas</strong></span> <span class='ocrx_word' id='word_1_493' title='bbox 1235 3553 1337 3608; x_wconf 89' lang='lat' dir='ltr'><strong>ego</strong></span> <span class='ocrx_word' id='word_1_494' title='bbox 1382 3553 1505 3593; x_wconf 79' lang='lat' dir='ltr'><strong>sum</strong></span> <span class='ocrx_word' id='word_1_495' title='bbox 1538 3538 1836 3609; x_wconf 74' lang='lat' dir='ltr'><strong>prctidsum</strong></span> <span class='ocrx_word' id='word_1_496' title='bbox 1868 3542 2062 3613; x_wconf 84' lang='lat' dir='ltr'><strong>magis,</strong></span> 
     </span>
    </p>
   </div>
   <div class='ocr_carea' id='block_1_70' title="bbox 482 3626 2059 3700">
    <p class='ocr_par' dir='ltr' id='par_1_70' title="bbox 482 3626 2059 3700">
     <span class='ocr_line' id='line_1_70' title="bbox 482 3626 2059 3700; baseline 0.006 -21"><span class='ocrx_word' id='word_1_497' title='bbox 482 3636 646 3697; x_wconf 72' lang='lat' dir='ltr'><strong>Quam</strong></span> <span class='ocrx_word' id='word_1_498' title='bbox 701 3626 905 3683; x_wconf 83' lang='lat' dir='ltr'><strong>femina</strong></span> <span class='ocrx_word' id='word_1_499' title='bbox 952 3628 1044 3683; x_wconf 88' lang='lat' dir='ltr'><strong>illa</strong></span> <span class='ocrx_word' id='word_1_500' title='bbox 1079 3644 1202 3700; x_wconf 83' lang='lat' dir='ltr'><strong>quae</strong></span> <span class='ocrx_word' id='word_1_501' title='bbox 1242 3644 1340 3684; x_wconf 92' lang='lat' dir='ltr'><strong>vos</strong></span> <span class='ocrx_word' id='word_1_502' title='bbox 1394 3628 1658 3684; x_wconf 82' lang='lat' dir='ltr'><strong>condidit.</strong></span> <span class='ocrx_word' id='word_1_503' title='bbox 1694 3626 1752 3685; x_wconf 90' lang='lat' dir='ltr'><strong>Si</strong></span> <span class='ocrx_word' id='word_1_504' title='bbox 1816 3634 2059 3688; x_wconf 89' lang='lat' dir='ltr'><strong>radicem</strong></span> 
     </span>
    </p>
   </div>
   <div class='ocr_carea' id='block_1_71' title="bbox 483 3721 2067 3796">
    <p class='ocr_par' dir='ltr' id='par_1_71' title="bbox 483 3721 2067 3796">
     <span class='ocr_line' id='line_1_71' title="bbox 483 3721 2067 3796; baseline 0.004 -22"><span class='ocrx_word' id='word_1_505' title='bbox 483 3732 638 3774; x_wconf 89' lang='lat' dir='ltr'><strong>suam</strong></span> <span class='ocrx_word' id='word_1_506' title='bbox 673 3728 856 3775; x_wconf 87' lang='lat' dir='ltr'><strong>vestra</strong></span> <span class='ocrx_word' id='word_1_507' title='bbox 885 3727 1058 3777; x_wconf 86' lang='lat' dir='ltr'><strong>mater</strong></span> <span class='ocrx_word' id='word_1_508' title='bbox 1117 3721 1353 3793; x_wconf 84' lang='lat' dir='ltr'><strong>ignorat,</strong></span> <span class='ocrx_word' id='word_1_509' title='bbox 1374 3736 1475 3793; x_wconf 83' lang='lat' dir='ltr'><strong>ego</strong></span> <span class='ocrx_word' id='word_1_510' title='bbox 1514 3722 1640 3778; x_wconf 89' lang='lat' dir='ltr'><strong>novi</strong></span> <span class='ocrx_word' id='word_1_511' title='bbox 1667 3739 1753 3779; x_wconf 89' lang='lat' dir='ltr'><strong>me</strong></span> <span class='ocrx_word' id='word_1_512' title='bbox 1781 3724 1981 3796; x_wconf 90' lang='lat' dir='ltr'><strong>ipsum,</strong></span> <span class='ocrx_word' id='word_1_513' title='bbox 2011 3732 2067 3781; x_wconf 87' lang='lat' dir='ltr'><strong>et</strong></span> 
     </span>
    </p>
   </div>
   <div class='ocr_carea' id='block_1_72' title="bbox 482 3808 2060 3887">
    <p class='ocr_par' dir='ltr' id='par_1_72' title="bbox 482 3808 2060 3887">
     <span class='ocr_line' id='line_1_72' title="bbox 482 3808 2060 3887; baseline 0.005 -24"><span class='ocrx_word' id='word_1_514' title='bbox 482 3808 629 3864; x_wconf 89' lang='lat' dir='ltr'><strong>unde</strong></span> <span class='ocrx_word' id='word_1_515' title='bbox 659 3808 763 3864; x_wconf 90' lang='lat' dir='ltr'><strong>sim</strong></span> <span class='ocrx_word' id='word_1_516' title='bbox 794 3809 947 3876; x_wconf 89' lang='lat' dir='ltr'><strong>scio;</strong></span> <span class='ocrx_word' id='word_1_517' title='bbox 975 3816 1171 3882; x_wconf 75' lang='lat' dir='ltr'><strong>atque</strong></span> <span class='ocrx_word' id='word_1_518' title='bbox 1197 3809 1575 3882; x_wconf 86' lang='lat' dir='ltr'><strong>incorruptam</strong></span> <span class='ocrx_word' id='word_1_519' title='bbox 1606 3814 1935 3887; x_wconf 90' lang='lat' dir='ltr'><strong>sapientiam</strong></span> <span class='ocrx_word' id='word_1_520' title='bbox 1972 3817 2060 3871; x_wconf 89' lang='lat' dir='ltr'><strong>in-</strong></span> 
     </span>
    </p>
   </div>
   <div class='ocr_carea' id='block_1_73' title="bbox 480 3896 2065 3973">
    <p class='ocr_par' dir='ltr' id='par_1_73' title="bbox 480 3896 2065 3973">
     <span class='ocr_line' id='line_1_73' title="bbox 480 3896 2065 3973; baseline 0.008 -24"><span class='ocrx_word' id='word_1_521' title='bbox 480 3910 639 3961; x_wconf 89' lang='lat' dir='ltr'><strong>voco,</strong></span> <span class='ocrx_word' id='word_1_522' title='bbox 681 3911 803 3968; x_wconf 65' lang='lat' dir='ltr'><strong>qua:</strong></span> <span class='ocrx_word' id='word_1_523' title='bbox 833 3898 976 3953; x_wconf 87' lang='lat' dir='ltr'><strong>inest</strong></span> <span class='ocrx_word' id='word_1_524' title='bbox 1006 3899 1060 3953; x_wconf 91' lang='lat' dir='ltr'><strong>in</strong></span> <span class='ocrx_word' id='word_1_525' title='bbox 1088 3896 1271 3963; x_wconf 85' lang='lat' dir='ltr'><strong>Patre,</strong></span> <span class='ocrx_word' id='word_1_526' title='bbox 1312 3902 1618 3973; x_wconf 81' lang='lat' dir='ltr'><strong>matrisque</strong></span> <span class='ocrx_word' id='word_1_527' title='bbox 1662 3912 1862 3961; x_wconf 71' lang='lat' dir='ltr'><strong>vestra:</strong></span> <span class='ocrx_word' id='word_1_528' title='bbox 1890 3913 2065 3962; x_wconf 86' lang='lat' dir='ltr'><strong>mater</strong></span> 
     </span>
    </p>
   </div>
   <div class='ocr_carea' id='block_1_74' title="bbox 480 3989 2063 4069">
    <p class='ocr_par' dir='ltr' id='par_1_74' title="bbox 480 3989 2063 4069">
     <span class='ocr_line' id='line_1_74' title="bbox 480 3989 2063 4069; baseline 0.008 -26"><span class='ocrx_word' id='word_1_529' title='bbox 480 3996 585 4054; x_wconf 89' lang='lat' dir='ltr'><strong>est,</strong></span> <span class='ocrx_word' id='word_1_530' title='bbox 609 3989 732 4061; x_wconf 86' lang='lat' dir='ltr'><strong>ejus</strong></span> <span class='ocrx_word' id='word_1_531' title='bbox 770 4007 893 4062; x_wconf 73' lang='lat' dir='ltr'><strong>quae</strong></span> <span class='ocrx_word' id='word_1_532' title='bbox 931 4000 1160 4047; x_wconf 88' lang='lat' dir='ltr'><strong>matrem</strong></span> <span class='ocrx_word' id='word_1_533' title='bbox 1197 4009 1308 4049; x_wconf 89' lang='lat' dir='ltr'><strong>non</strong></span> <span class='ocrx_word' id='word_1_534' title='bbox 1339 3995 1523 4057; x_wconf 79' lang='lat' dir='ltr'><strong>habet.</strong></span> <span class='ocrx_word' id='word_1_535' title='bbox 1557 4011 1623 4050; x_wconf 91' lang='lat' dir='ltr'><strong>ac</strong></span> <span class='ocrx_word' id='word_1_536' title='bbox 1654 4012 1723 4052; x_wconf 91' lang='lat' dir='ltr'><strong>ne</strong></span> <span class='ocrx_word' id='word_1_537' title='bbox 1768 3994 2063 4069; x_wconf 71' lang='lat' dir='ltr'><strong>coniugem</strong></span> 
     </span>
    </p>
   </div>
   <div class='ocr_carea' id='block_1_75' title="bbox 481 4080 2064 4154">
    <p class='ocr_par' dir='ltr' id='par_1_75' title="bbox 481 4080 2064 4154">
     <span class='ocr_line' id='line_1_75' title="bbox 481 4080 2064 4154; baseline 0.008 -19"><span class='ocrx_word' id='word_1_538' title='bbox 481 4080 707 4151; x_wconf 86' lang='lat' dir='ltr'><strong>quidem</strong></span> <span class='ocrx_word' id='word_1_539' title='bbox 771 4098 1014 4152; x_wconf 86' lang='lat' dir='ltr'><strong>marem;</strong></span> <span class='ocrx_word' id='word_1_540' title='bbox 1055 4083 1150 4140; x_wconf 91' lang='lat' dir='ltr'><strong>sed</strong></span> <span class='ocrx_word' id='word_1_541' title='bbox 1195 4100 1228 4142; x_wconf 90' lang='lat' dir='ltr'><strong>c</strong></span> <span class='ocrx_word' id='word_1_542' title='bbox 1262 4085 1476 4154; x_wconf 84' lang='lat' dir='ltr'><strong>_l&#39;emina</strong></span> <span class='ocrx_word' id='word_1_543' title='bbox 1535 4092 1662 4141; x_wconf 88' lang='lat' dir='ltr'><strong>nata</strong></span> <span class='ocrx_word' id='word_1_544' title='bbox 1708 4088 1908 4146; x_wconf 62' lang='lat' dir='ltr'><strong>fetutiua</strong></span> <span class='ocrx_word' id='word_1_545' title='bbox 1968 4104 2064 4149; x_wconf 85' lang='lat' dir='ltr'><strong>vos</strong></span> 
     </span>
    </p>
   </div>
   <div class='ocr_carea' id='block_1_76' title="bbox 478 4173 2063 4252">
    <p class='ocr_par' dir='ltr' id='par_1_76' title="bbox 478 4173 2063 4252">
     <span class='ocr_line' id='line_1_76' title="bbox 478 4173 2063 4252; baseline 0.008 -25"><span class='ocrx_word' id='word_1_546' title='bbox 478 4173 773 4244; x_wconf 81' lang='lat' dir='ltr'><strong>produxit,</strong></span> <span class='ocrx_word' id='word_1_547' title='bbox 814 4176 1009 4233; x_wconf 86' lang='lat' dir='ltr'><strong>matris</strong></span> <span class='ocrx_word' id='word_1_548' title='bbox 1049 4177 1239 4251; x_wconf 86' lang='lat' dir='ltr'><strong>ignara</strong></span> <span class='ocrx_word' id='word_1_549' title='bbox 1291 4194 1439 4245; x_wconf 65' lang='lat' dir='ltr'><strong>suae,</strong></span> <span class='ocrx_word' id='word_1_550' title='bbox 1488 4196 1657 4252; x_wconf 87' lang='lat' dir='ltr'><strong>seque</strong></span> <span class='ocrx_word' id='word_1_551' title='bbox 1714 4197 1840 4239; x_wconf 88' lang='lat' dir='ltr'><strong>esse</strong></span> <span class='ocrx_word' id='word_1_552' title='bbox 1885 4183 2063 4240; x_wconf 88' lang='lat' dir='ltr'><strong>solam</strong></span> 
     </span>
    </p>
   </div>
   <div class='ocr_carea' id='block_1_77' title="bbox 478 4265 2064 4344">
    <p class='ocr_par' dir='ltr' id='par_1_77' title="bbox 478 4265 2064 4344">
     <span class='ocr_line' id='line_1_77' title="bbox 478 4265 2064 4344; baseline 0.008 -25"><span class='ocrx_word' id='word_1_553' title='bbox 478 4265 825 4322; x_wconf 84' lang='lat' dir='ltr'><strong>existimans.</strong></span> <span class='ocrx_word' id='word_1_554' title='bbox 851 4269 922 4323; x_wconf 75' lang='lat' dir='ltr'><strong>At</strong></span> <span class='ocrx_word' id='word_1_555' title='bbox 963 4284 1063 4341; x_wconf 87' lang='lat' dir='ltr'><strong>ego</strong></span> <span class='ocrx_word' id='word_1_556' title='bbox 1107 4277 1340 4327; x_wconf 88' lang='lat' dir='ltr'><strong>matrem</strong></span> <span class='ocrx_word' id='word_1_557' title='bbox 1394 4271 1515 4343; x_wconf 85' lang='lat' dir='ltr'><strong>ejus</strong></span> <span class='ocrx_word' id='word_1_558' title='bbox 1571 4273 1803 4344; x_wconf 80' lang='lat' dir='ltr'><strong>appello.</strong></span> <span class='ocrx_word' id='word_1_559' title='bbox 1850 4272 2064 4342; x_wconf 82' lang='lat' dir='ltr'><strong>Quibus</strong></span> 
     </span>
    </p>
   </div>
   <div class='ocr_carea' id='block_1_78' title="bbox 2170 3092 3761 3172">
    <p class='ocr_par' dir='ltr' id='par_1_78' title="bbox 2170 3092 3761 3172">
     <span class='ocr_line' id='line_1_78' title="bbox 2170 3092 3761 3172; baseline 0.007 -27"><span class='ocrx_word' id='word_1_560' title='bbox 2170 3092 2355 3146; x_wconf 86' lang='grc' dir='ltr'><strong>λονται</strong></span> <span class='ocrx_word' id='word_1_561' title='bbox 2376 3092 2486 3165; x_wconf 84' lang='grc' dir='ltr'><strong>γὰρ</strong></span> <span class='ocrx_word' id='word_1_562' title='bbox 2512 3096 2607 3150; x_wconf 81' lang='grc' dir='ltr'><strong>καὶ</strong></span> <span class='ocrx_word' id='word_1_563' title='bbox 2630 3095 2786 3150; x_wconf 78' lang='grc' dir='ltr'><strong>αὐτοὶ</strong></span> <span class='ocrx_word' id='word_1_564' title='bbox 2821 3097 2959 3167; x_wconf 75' lang='grc' dir='ltr'><strong>μετὰ</strong></span> <span class='ocrx_word' id='word_1_565' title='bbox 2983 3097 3075 3152; x_wconf 78' lang='grc' dir='ltr'><strong>τὸν</strong></span> <span class='ocrx_word' id='word_1_566' title='bbox 3112 3099 3460 3172; x_wconf 78' lang='grc' dir='ltr'><strong>Δημιουργδν</strong></span> <span class='ocrx_word' id='word_1_567' title='bbox 3492 3100 3646 3155; x_wconf 69' lang='grc' dir='ltr'><strong>κάτω</strong></span> <span class='ocrx_word' id='word_1_568' title='bbox 3676 3098 3761 3155; x_wconf 77' lang='grc' dir='ltr'><strong>εἶ-</strong></span> 
     </span>
    </p>
   </div>
   <div class='ocr_carea' id='block_1_79' title="bbox 2169 3182 3763 3265">
    <p class='ocr_par' dir='ltr' id='par_1_79' title="bbox 2169 3182 3763 3265">
     <span class='ocr_line' id='line_1_79' title="bbox 2169 3182 3763 3265; baseline 0.007 -27"><span class='ocrx_word' id='word_1_569' title='bbox 2169 3200 2256 3238; x_wconf 85' lang='grc' dir='ltr'><strong>ναι</strong></span> <span class='ocrx_word' id='word_1_570' title='bbox 2281 3183 2552 3255; x_wconf 79' lang='grc' dir='ltr'><strong>ἑϐδομάδα</strong></span> <span class='ocrx_word' id='word_1_571' title='bbox 2576 3202 2589 3215; x_wconf 92' lang='grc'><strong>·</strong></span> <span class='ocrx_word' id='word_1_572' title='bbox 2634 3186 2799 3241; x_wconf 76' lang='grc' dir='ltr'><strong>αὑτὸν</strong></span> <span class='ocrx_word' id='word_1_573' title='bbox 2825 3186 2881 3240; x_wconf 78' lang='grc' dir='ltr'><strong>δὲ</strong></span> <span class='ocrx_word' id='word_1_574' title='bbox 2912 3182 3052 3243; x_wconf 75' lang='grc' dir='ltr'><strong>εἶναι</strong></span> <span class='ocrx_word' id='word_1_575' title='bbox 3090 3190 3150 3244; x_wconf 81' lang='grc' dir='ltr'><strong>ὲν</strong></span> <span class='ocrx_word' id='word_1_576' title='bbox 3180 3189 3259 3262; x_wconf 77' lang='grc' dir='ltr'><strong>τῷ</strong></span> <span class='ocrx_word' id='word_1_577' title='bbox 3288 3191 3502 3265; x_wconf 74' lang='grc' dir='ltr'><strong>ἑϐδόμῳ</strong></span> <span class='ocrx_word' id='word_1_578' title='bbox 3545 3193 3763 3263; x_wconf 73' lang='grc' dir='ltr'><strong>ὃγδοον,</strong></span> 
     </span>
    </p>
   </div>
   <div class='ocr_carea' id='block_1_80' title="bbox 2171 3277 3764 3355">
    <p class='ocr_par' dir='ltr' id='par_1_80' title="bbox 2171 3277 3764 3355">
     <span class='ocr_line' id='line_1_80' title="bbox 2171 3277 3764 3355; baseline 0.009 -26"><span class='ocrx_word' id='word_1_579' title='bbox 2171 3277 2228 3329; x_wconf 76' lang='grc' dir='ltr'><strong>ἐν</strong></span> <span class='ocrx_word' id='word_1_580' title='bbox 2279 3277 2616 3350; x_wconf 79' lang='grc' dir='ltr'><strong>ὑστερήματι</strong></span> <span class='ocrx_word' id='word_1_581' title='bbox 2662 3278 2720 3333; x_wconf 78' lang='grc' dir='ltr'><strong>δὲ</strong></span> <span class='ocrx_word' id='word_1_582' title='bbox 2753 3281 2848 3334; x_wconf 69' lang='grc' dir='ltr'><strong>καὶ</strong></span> <span class='ocrx_word' id='word_1_583' title='bbox 2880 3281 3158 3355; x_wconf 76' lang='grc' dir='ltr'><strong>άγνωσίᾳο</strong></span> <span class='ocrx_word' id='word_1_584' title='bbox 3194 3285 3292 3339; x_wconf 68' lang='grc' dir='ltr'><strong>καὶ</strong></span> <span class='ocrx_word' id='word_1_585' title='bbox 3322 3284 3505 3354; x_wconf 79' lang='grc' dir='ltr'><strong>λέγειν</strong></span> <span class='ocrx_word' id='word_1_586' title='bbox 3548 3289 3613 3341; x_wconf 78' lang='grc' dir='ltr'><strong>ὲκ</strong></span> <span class='ocrx_word' id='word_1_587' title='bbox 3648 3286 3764 3343; x_wconf 85' lang='grc' dir='ltr'><strong>τῶν</strong></span> 
     </span>
    </p>
   </div>
   <div class='ocr_carea' id='block_1_81' title="bbox 2167 3367 3764 3450">
    <p class='ocr_par' dir='ltr' id='par_1_81' title="bbox 2167 3367 3764 3450">
     <span class='ocr_line' id='line_1_81' title="bbox 2167 3367 3764 3450; baseline 0.008 -29"><span class='ocrx_word' id='word_1_588' title='bbox 2167 3367 2264 3421; x_wconf 78' lang='grc' dir='ltr'><strong>τοῦ</strong></span> <span class='ocrx_word' id='word_1_589' title='bbox 2295 3368 2413 3439; x_wconf 80' lang='grc' dir='ltr'><strong>βίου</strong></span> <span class='ocrx_word' id='word_1_590' title='bbox 2443 3368 2728 3434; x_wconf 79' lang='grc' dir='ltr'><strong>ἐξελθόντα</strong></span> <span class='ocrx_word' id='word_1_591' title='bbox 2751 3374 2865 3439; x_wconf 83' lang='grc' dir='ltr'><strong>τοῖς</strong></span> <span class='ocrx_word' id='word_1_592' title='bbox 2888 3375 3018 3446; x_wconf 78' lang='grc' dir='ltr'><strong>περὶ</strong></span> <span class='ocrx_word' id='word_1_593' title='bbox 3041 3377 3131 3429; x_wconf 75' lang='grc' dir='ltr'><strong>τὸν</strong></span> <span class='ocrx_word' id='word_1_594' title='bbox 3152 3377 3499 3450; x_wconf 78' lang='grc' dir='ltr'><strong>Δημιουργόν</strong></span> <span class='ocrx_word' id='word_1_595' title='bbox 3520 3395 3535 3409; x_wconf 72' lang='grc'><strong><em>⁸</em></strong></span> <span class='ocrx_word' id='word_1_596' title='bbox 3555 3379 3764 3444; x_wconf 73' lang='grc' dir='ltr'><strong>Σκεῦδς</strong></span> 
     </span>
    </p>
   </div>
   <div class='ocr_carea' id='block_1_82' title="bbox 2169 3458 3761 3544">
    <p class='ocr_par' dir='ltr' id='par_1_82' title="bbox 2169 3458 3761 3544">
     <span class='ocr_line' id='line_1_82' title="bbox 2169 3458 3761 3544; baseline 0.009 -33"><span class='ocrx_word' id='word_1_597' title='bbox 2169 3458 2285 3530; x_wconf 78' lang='grc' dir='ltr'><strong>εἰμι</strong></span> <span class='ocrx_word' id='word_1_598' title='bbox 2302 3458 2538 3530; x_wconf 72' lang='grc' dir='ltr'><strong>ἔντιμον,</strong></span> <span class='ocrx_word' id='word_1_599' title='bbox 2563 3461 2763 3532; x_wconf 72' lang='grc' dir='ltr'><strong>μᾶλλον</strong></span> <span class='ocrx_word' id='word_1_600' title='bbox 2791 3464 2943 3536; x_wconf 77' lang='grc' dir='ltr'><strong>παρὰ</strong></span> <span class='ocrx_word' id='word_1_601' title='bbox 2967 3471 3066 3537; x_wconf 79' lang='grc' dir='ltr'><strong>τὴν</strong></span> <span class='ocrx_word' id='word_1_602' title='bbox 3089 3466 3308 3539; x_wconf 73' lang='grc' dir='ltr'><strong>θήλειαν</strong></span> <span class='ocrx_word' id='word_1_603' title='bbox 3326 3469 3425 3540; x_wconf 83' lang='grc' dir='ltr'><strong>τὴν</strong></span> <span class='ocrx_word' id='word_1_604' title='bbox 3453 3472 3761 3544; x_wconf 79' lang='grc' dir='ltr'><strong>ποιήσασαν</strong></span> 
     </span>
    </p>
   </div>
   <div class='ocr_carea' id='block_1_83' title="bbox 2169 3546 3757 3634">
    <p class='ocr_par' dir='ltr' id='par_1_83' title="bbox 2169 3546 3757 3634">
     <span class='ocr_line' id='line_1_83' title="bbox 2169 3546 3757 3634; baseline 0.008 -30"><span class='ocrx_word' id='word_1_605' title='bbox 2169 3549 2333 3621; x_wconf 76' lang='grc' dir='ltr'><strong>ὑμᾶς.</strong></span> <span class='ocrx_word' id='word_1_606' title='bbox 2369 3546 2432 3604; x_wconf 82' lang='grc' dir='ltr'>Εἰ</span> <span class='ocrx_word' id='word_1_607' title='bbox 2470 3553 2504 3623; x_wconf 88' lang='grc' dir='ltr'><strong>ή</strong></span> <span class='ocrx_word' id='word_1_608' title='bbox 2538 3554 2723 3626; x_wconf 83' lang='grc' dir='ltr'><strong>μήτηρ</strong></span> <span class='ocrx_word' id='word_1_609' title='bbox 2752 3555 2905 3627; x_wconf 79' lang='grc' dir='ltr'><strong>ὑμῶν</strong></span> <span class='ocrx_word' id='word_1_610' title='bbox 2952 3558 3139 3626; x_wconf 81' lang='grc' dir='ltr'><strong>ἀγνοεῖ</strong></span> <span class='ocrx_word' id='word_1_611' title='bbox 3179 3561 3279 3632; x_wconf 81' lang='grc' dir='ltr'><strong>τὴν</strong></span> <span class='ocrx_word' id='word_1_612' title='bbox 3321 3560 3527 3632; x_wconf 76' lang='grc' dir='ltr'><strong>ἑαυτῆς</strong></span> <span class='ocrx_word' id='word_1_613' title='bbox 3576 3561 3757 3634; x_wconf 77' lang='grc' dir='ltr'><strong>ῥίζαν,</strong></span> 
     </span>
    </p>
   </div>
   <div class='ocr_carea' id='block_1_84' title="bbox 2170 3636 3761 3723">
    <p class='ocr_par' dir='ltr' id='par_1_84' title="bbox 2170 3636 3761 3723">
     <span class='ocr_line' id='line_1_84' title="bbox 2170 3636 3761 3723; baseline 0.009 -29"><span class='ocrx_word' id='word_1_614' title='bbox 2170 3639 2280 3710; x_wconf 79' lang='grc' dir='ltr'><strong>ἐγὼ</strong></span> <span class='ocrx_word' id='word_1_615' title='bbox 2307 3636 2423 3696; x_wconf 73' lang='grc' dir='ltr'><strong>οἶδα</strong></span> <span class='ocrx_word' id='word_1_616' title='bbox 2451 3638 2708 3714; x_wconf 76' lang='grc' dir='ltr'><strong>ἐμαυτὸν,</strong></span> <span class='ocrx_word' id='word_1_617' title='bbox 2738 3647 2834 3700; x_wconf 74' lang='grc' dir='ltr'><strong>καὶ</strong></span> <span class='ocrx_word' id='word_1_618' title='bbox 2859 3647 3115 3716; x_wconf 82' lang='grc' dir='ltr'><strong>γινώσκω</strong></span> <span class='ocrx_word' id='word_1_619' title='bbox 3144 3649 3266 3706; x_wconf 77' lang='grc' dir='ltr'><strong>ὅθεν</strong></span> <span class='ocrx_word' id='word_1_620' title='bbox 3296 3652 3413 3723; x_wconf 75' lang='grc' dir='ltr'><strong>εἰμι</strong></span> <span class='ocrx_word' id='word_1_621' title='bbox 3434 3670 3449 3684; x_wconf 89' lang='grc'><strong>·</strong></span> <span class='ocrx_word' id='word_1_622' title='bbox 3499 3653 3598 3707; x_wconf 79' lang='grc' dir='ltr'><strong>καὶ</strong></span> <span class='ocrx_word' id='word_1_623' title='bbox 3637 3657 3761 3709; x_wconf 82' lang='grc' dir='ltr'><strong>ἐπι-</strong></span> 
     </span>
    </p>
   </div>
   <div class='ocr_carea' id='block_1_85' title="bbox 2170 3730 3759 3820">
    <p class='ocr_par' dir='ltr' id='par_1_85' title="bbox 2170 3730 3759 3820">
     <span class='ocr_line' id='line_1_85' title="bbox 2170 3730 3759 3820; baseline 0.008 -31"><span class='ocrx_word' id='word_1_624' title='bbox 2170 3730 2443 3808; x_wconf 71' lang='grc' dir='ltr'><strong>καλοῦμαι</strong></span> <span class='ocrx_word' id='word_1_625' title='bbox 2481 3736 2581 3810; x_wconf 78' lang='grc' dir='ltr'><strong>τὴν</strong></span> <span class='ocrx_word' id='word_1_626' title='bbox 2618 3737 2892 3811; x_wconf 77' lang='grc' dir='ltr'><strong>ἄφθαρτον</strong></span> <span class='ocrx_word' id='word_1_627' title='bbox 2924 3741 3162 3812; x_wconf 73' lang='grc' dir='ltr'><strong>Σοςρίαν,</strong></span> <span class='ocrx_word' id='word_1_628' title='bbox 3219 3744 3341 3816; x_wconf 80' lang='grc' dir='ltr'><strong>ἥτις</strong></span> <span class='ocrx_word' id='word_1_629' title='bbox 3381 3746 3530 3799; x_wconf 75' lang='grc' dir='ltr'><strong>ἐστὶν</strong></span> <span class='ocrx_word' id='word_1_630' title='bbox 3568 3748 3629 3802; x_wconf 80' lang='grc' dir='ltr'><strong>ἐν</strong></span> <span class='ocrx_word' id='word_1_631' title='bbox 3675 3747 3759 3820; x_wconf 78' lang='grc' dir='ltr'><strong>τῷ</strong></span> 
     </span>
    </p>
   </div>
   <div class='ocr_carea' id='block_1_86' title="bbox 2165 3827 3760 3911">
    <p class='ocr_par' dir='ltr' id='par_1_86' title="bbox 2165 3827 3760 3911">
     <span class='ocr_line' id='line_1_86' title="bbox 2165 3827 3760 3911; baseline 0.008 -12"><span class='ocrx_word' id='word_1_632' title='bbox 2165 3827 2364 3900; x_wconf 66' lang='grc' dir='ltr'><strong>Πατρὶν</strong></span> <span class='ocrx_word' id='word_1_633' title='bbox 2398 3830 2583 3902; x_wconf 84' lang='grc' dir='ltr'><strong>μήτηρ</strong></span> <span class='ocrx_word' id='word_1_634' title='bbox 2623 3831 2681 3885; x_wconf 81' lang='grc' dir='ltr'><strong>δὲ</strong></span> <span class='ocrx_word' id='word_1_635' title='bbox 2719 3832 2819 3903; x_wconf 84' lang='grc' dir='ltr'><strong>τῆς</strong></span> <span class='ocrx_word' id='word_1_636' title='bbox 2858 3833 3065 3906; x_wconf 73' lang='grc' dir='ltr'><strong>μητρὸς</strong></span> <span class='ocrx_word' id='word_1_637' title='bbox 3091 3834 3244 3907; x_wconf 75' lang='grc' dir='ltr'><strong>ὑμῶν</strong></span> <span class='ocrx_word' id='word_1_638' title='bbox 3273 3839 3375 3908; x_wconf 79' lang='grc' dir='ltr'><strong>τῆς</strong></span> <span class='ocrx_word' id='word_1_639' title='bbox 3406 3838 3481 3909; x_wconf 79' lang='grc' dir='ltr'><strong>μὴ</strong></span> <span class='ocrx_word' id='word_1_640' title='bbox 3519 3839 3760 3911; x_wconf 67' lang='grc' dir='ltr'><strong>ἐχούσης</strong></span> 
     </span>
    </p>
   </div>
   <div class='ocr_carea' id='block_1_87' title="bbox 2168 3919 3765 4000">
    <p class='ocr_par' dir='ltr' id='par_1_87' title="bbox 2168 3919 3765 4000">
     <span class='ocr_line' id='line_1_87' title="bbox 2168 3919 3765 4000; baseline 0.008 -26"><span class='ocrx_word' id='word_1_641' title='bbox 2168 3921 2410 3992; x_wconf 81' lang='grc' dir='ltr'><strong>μητέρα,</strong></span> <span class='ocrx_word' id='word_1_642' title='bbox 2465 3920 2581 3976; x_wconf 79' lang='grc' dir='ltr'><strong>ἀλλ’</strong></span> <span class='ocrx_word' id='word_1_643' title='bbox 2625 3919 2750 3976; x_wconf 79' lang='grc' dir='ltr'><strong>οὔτε</strong></span> <span class='ocrx_word' id='word_1_644' title='bbox 2778 3922 3010 3994; x_wconf 79' lang='grc' dir='ltr'><strong>σύζυγον</strong></span> <span class='ocrx_word' id='word_1_645' title='bbox 3058 3925 3296 3998; x_wconf 79' lang='grc' dir='ltr'><strong>ἄῤῥενα’</strong></span> <span class='ocrx_word' id='word_1_646' title='bbox 3336 3926 3525 4000; x_wconf 85' lang='grc' dir='ltr'><strong>θήλεια</strong></span> <span class='ocrx_word' id='word_1_647' title='bbox 3552 3930 3610 3984; x_wconf 78' lang='grc' dir='ltr'><strong>δὲ</strong></span> <span class='ocrx_word' id='word_1_648' title='bbox 3649 3932 3765 3986; x_wconf 62' lang='grc' dir='ltr'><strong>ὑπὸ</strong></span> 
     </span>
    </p>
   </div>
   <div class='ocr_carea' id='block_1_88' title="bbox 2167 4011 3777 4095">
    <p class='ocr_par' dir='ltr' id='par_1_88' title="bbox 2167 4011 3777 4095">
     <span class='ocr_line' id='line_1_88' title="bbox 2167 4011 3777 4095; baseline 0.006 -30"><span class='ocrx_word' id='word_1_649' title='bbox 2167 4011 2388 4085; x_wconf 77' lang='grc' dir='ltr'><strong>θηλείας</strong></span> <span class='ocrx_word' id='word_1_650' title='bbox 2412 4013 2681 4087; x_wconf 79' lang='grc' dir='ltr'><strong>γενομένη</strong></span> <span class='ocrx_word' id='word_1_651' title='bbox 2718 4015 2975 4088; x_wconf 67' lang='grc' dir='ltr'><strong>ἐποίησεν</strong></span> <span class='ocrx_word' id='word_1_652' title='bbox 3002 4017 3180 4087; x_wconf 83' lang='grc' dir='ltr'><strong>ὑμᾶς,</strong></span> <span class='ocrx_word' id='word_1_653' title='bbox 3222 4017 3494 4088; x_wconf 79' lang='grc' dir='ltr'><strong>ἀγνοοῦσα</strong></span> <span class='ocrx_word' id='word_1_654' title='bbox 3523 4021 3619 4076; x_wconf 76' lang='grc' dir='ltr'><strong>καὶ</strong></span> <span class='ocrx_word' id='word_1_655' title='bbox 3653 4023 3777 4095; x_wconf 75' lang='grc' dir='ltr'><strong>τὴν.</strong></span> 
     </span>
    </p>
   </div>
   <div class='ocr_carea' id='block_1_89' title="bbox 2169 4104 3761 4185">
    <p class='ocr_par' dir='ltr' id='par_1_89' title="bbox 2169 4104 3761 4185">
     <span class='ocr_line' id='line_1_89' title="bbox 2169 4104 3761 4185; baseline 0.006 -27"><span class='ocrx_word' id='word_1_656' title='bbox 2169 4104 2383 4177; x_wconf 82' lang='grc' dir='ltr'><strong>μητέρα</strong></span> <span class='ocrx_word' id='word_1_657' title='bbox 2410 4106 2605 4179; x_wconf 77' lang='grc' dir='ltr'><strong>αὐτῇς,</strong></span> <span class='ocrx_word' id='word_1_658' title='bbox 2632 4107 2727 4161; x_wconf 73' lang='grc' dir='ltr'><strong>καὶ</strong></span> <span class='ocrx_word' id='word_1_659' title='bbox 2752 4107 2987 4163; x_wconf 81' lang='grc' dir='ltr'><strong>δοκοῦσα</strong></span> <span class='ocrx_word' id='word_1_660' title='bbox 3010 4108 3208 4182; x_wconf 80' lang='grc' dir='ltr'><strong>ἑαυτὴν</strong></span> <span class='ocrx_word' id='word_1_661' title='bbox 3230 4106 3370 4166; x_wconf 73' lang='grc' dir='ltr'><strong>εἶναι</strong></span> <span class='ocrx_word' id='word_1_662' title='bbox 3398 4111 3589 4183; x_wconf 81' lang='grc' dir='ltr'><strong>μόνην.</strong></span> <span class='ocrx_word' id='word_1_663' title='bbox 3608 4112 3761 4185; x_wconf 81' lang='grc' dir='ltr'><strong>Ἐγὼ</strong></span> 
     </span>
    </p>
   </div>
   <div class='ocr_carea' id='block_1_90' title="bbox 2163 4194 3769 4275">
    <p class='ocr_par' dir='ltr' id='par_1_90' title="bbox 2163 4194 3769 4275">
     <span class='ocr_line' id='line_1_90' title="bbox 2163 4194 3769 4275; baseline 0.009 -23"><span class='ocrx_word' id='word_1_664' title='bbox 2163 4194 2222 4252; x_wconf 73' lang='grc' dir='ltr'><strong>δὲ</strong></span> <span class='ocrx_word' id='word_1_665' title='bbox 2252 4196 2620 4270; x_wconf 72' lang='grc' dir='ltr'><strong>ἐπικαλοῦμαι</strong></span> <span class='ocrx_word' id='word_1_666' title='bbox 2657 4199 2828 4269; x_wconf 80' lang='grc' dir='ltr'><strong>αὐτῆς</strong></span> <span class='ocrx_word' id='word_1_667' title='bbox 2858 4199 2959 4259; x_wconf 81' lang='grc' dir='ltr'><strong>τὴν</strong></span> <span class='ocrx_word' id='word_1_668' title='bbox 2995 4202 3228 4275; x_wconf 84' lang='grc' dir='ltr'><strong>μητέρα.</strong></span> <span class='ocrx_word' id='word_1_669' title='bbox 3257 4204 3525 4270; x_wconf 80' lang='grc' dir='ltr'><strong>Τούτους¹</strong></span> <span class='ocrx_word' id='word_1_670' title='bbox 3548 4206 3604 4260; x_wconf 82' lang='grc' dir='ltr'><strong>δὲ</strong></span> <span class='ocrx_word' id='word_1_671' title='bbox 3625 4211 3769 4273; x_wconf 75' lang='grc' dir='ltr'><strong>τοὺς,</strong></span> 
     </span>
    </p>
   </div>
   <div class='ocr_carea' id='block_1_91' title="bbox 2166 4289 3761 4373">
    <p class='ocr_par' dir='ltr' id='par_1_91' title="bbox 2166 4289 3761 4373">
     <span class='ocr_line' id='line_1_91' title="bbox 2166 4289 3761 4373; baseline -0.001 -28"><span class='ocrx_word' id='word_1_672' title='bbox 2166 4289 2298 4362; x_wconf 75' lang='grc' dir='ltr'><strong>περὶ</strong></span> <span class='ocrx_word' id='word_1_673' title='bbox 2329 4290 2422 4345; x_wconf 77' lang='grc' dir='ltr'><strong>τὸν</strong></span> <span class='ocrx_word' id='word_1_674' title='bbox 2450 4292 2793 4364; x_wconf 80' lang='grc' dir='ltr'><strong>Δημιουργὸν</strong></span> <span class='ocrx_word' id='word_1_675' title='bbox 2838 4292 3177 4359; x_wconf 80' lang='grc' dir='ltr'><strong>ἀκούσαντας</strong></span> <span class='ocrx_word' id='word_1_676' title='bbox 3220 4297 3425 4368; x_wconf 84' lang='grc' dir='ltr'><strong>σφόδρα</strong></span> <span class='ocrx_word' id='word_1_677' title='bbox 3474 4301 3761 4373; x_wconf 49' lang='lat' dir='ltr'><strong>capulos}-</strong></span> 
     </span>
    </p>
   </div>
   <div class='ocr_carea' id='block_1_92' title="bbox 481 4355 2065 4460">
    <p class='ocr_par' dir='ltr' id='par_1_92' title="bbox 481 4355 2062 4439">
     <span class='ocr_line' id='line_1_92' title="bbox 481 4355 2062 4439; baseline 0.008 -29"><span class='ocrx_word' id='word_1_678' title='bbox 481 4355 688 4413; x_wconf 90' lang='lat' dir='ltr'><strong>auditis</strong></span> <span class='ocrx_word' id='word_1_679' title='bbox 715 4359 994 4417; x_wconf 79' lang='lat' dir='ltr'><strong>Creatoris</strong></span> <span class='ocrx_word' id='word_1_680' title='bbox 1025 4362 1319 4420; x_wconf 77' lang='lat' dir='ltr'><strong>factionem</strong></span> <span class='ocrx_word' id='word_1_681' title='bbox 1345 4380 1675 4437; x_wconf 80' lang='lat' dir='ltr'><strong>magnopere</strong></span> <span class='ocrx_word' id='word_1_682' title='bbox 1724 4367 2062 4439; x_wconf 87' lang='lat' dir='ltr'><strong>perturbari,</strong></span> 
     </span>
    </p>
   </div>
   <div class='ocr_carea' id='block_1_93' title="bbox 2167 4355 3761 4460">
    <p class='ocr_par' dir='ltr' id='par_1_93' title="bbox 2169 4355 3761 4460">
     <span class='ocr_line' id='line_1_93' title="bbox 2169 4355 3761 4460; baseline 0.008 -23"><span class='ocrx_word' id='word_1_683' title='bbox 2169 4355 2278 4448; x_wconf 74' lang='grc' dir='ltr'><strong>ναι,</strong></span> <span class='ocrx_word' id='word_1_684' title='bbox 2310 4384 2404 4438; x_wconf 79' lang='grc' dir='ltr'><strong>καὶ</strong></span> <span class='ocrx_word' id='word_1_685' title='bbox 2428 4355 2772 4453; x_wconf 71' lang='grc' dir='ltr'><strong>καταγνώναι</strong></span> <span class='ocrx_word' id='word_1_686' title='bbox 2801 4384 2981 4439; x_wconf 75' lang='grc' dir='ltr'><strong>αὐτῶν</strong></span> <span class='ocrx_word' id='word_1_687' title='bbox 3001 4386 3102 4457; x_wconf 82' lang='grc' dir='ltr'><strong>τῆς</strong></span> <span class='ocrx_word' id='word_1_688' title='bbox 3124 4355 3298 4459; x_wconf 51' lang='lat' dir='ltr'><strong>(Sitne,</strong></span> <span class='ocrx_word' id='word_1_689' title='bbox 3324 4355 3417 4445; x_wconf 59' lang='grc' dir='ltr'><strong>καὶ</strong></span> <span class='ocrx_word' id='word_1_690' title='bbox 3438 4355 3761 4460; x_wconf 40' lang='grc' dir='ltr'><strong>τοΰιγέυνοές</strong></span> 
     </span>
    </p>
   </div>
   <div class='ocr_carea' id='block_1_94' title="bbox 479 4450 2057 4533">
    <p class='ocr_par' dir='ltr' id='par_1_94' title="bbox 479 4450 2057 4533">
     <span class='ocr_line' id='line_1_94' title="bbox 479 4450 2057 4533; baseline 0.01 -31"><span class='ocrx_word' id='word_1_691' title='bbox 479 4456 646 4521; x_wconf 87' lang='lat' dir='ltr'><strong>atque</strong></span> <span class='ocrx_word' id='word_1_692' title='bbox 673 4450 941 4523; x_wconf 81' lang='lat' dir='ltr'><strong>originem</strong></span> <span class='ocrx_word' id='word_1_693' title='bbox 971 4470 1152 4521; x_wconf 89' lang='lat' dir='ltr'><strong>suam,</strong></span> <span class='ocrx_word' id='word_1_694' title='bbox 1180 4458 1484 4529; x_wconf 86' lang='lat' dir='ltr'><strong>matrisque</strong></span> <span class='ocrx_word' id='word_1_695' title='bbox 1534 4460 1799 4517; x_wconf 86' lang='lat' dir='ltr'><strong>damnare</strong></span> <span class='ocrx_word' id='word_1_696' title='bbox 1848 4477 2057 4533; x_wconf 89' lang='lat' dir='ltr'><strong>genus;</strong></span> 
     </span>
    </p>
   </div>
   <div class='ocr_carea' id='block_1_95' title="bbox 479 4539 2056 4625">
    <p class='ocr_par' dir='ltr' id='par_1_95' title="bbox 479 4539 2056 4625">
     <span class='ocr_line' id='line_1_95' title="bbox 479 4539 2056 4625; baseline 0.01 -31"><span class='ocrx_word' id='word_1_697' title='bbox 479 4539 658 4611; x_wconf 88' lang='lat' dir='ltr'><strong>ipsum</strong></span> <span class='ocrx_word' id='word_1_698' title='bbox 687 4558 817 4598; x_wconf 88' lang='lat' dir='ltr'><strong>vero</strong></span> <span class='ocrx_word' id='word_1_699' title='bbox 850 4544 945 4615; x_wconf 88' lang='lat' dir='ltr'><strong>qui</strong></span> <span class='ocrx_word' id='word_1_700' title='bbox 977 4546 1082 4601; x_wconf 89' lang='lat' dir='ltr'><strong>ista</strong></span> <span class='ocrx_word' id='word_1_701' title='bbox 1112 4545 1336 4614; x_wconf 78' lang='lat' dir='ltr'><strong>dixerit,</strong></span> <span class='ocrx_word' id='word_1_702' title='bbox 1364 4548 1596 4619; x_wconf 84' lang='lat' dir='ltr'><strong>abjectis</strong></span> <span class='ocrx_word' id='word_1_703' title='bbox 1626 4552 1866 4610; x_wconf 85' lang='lat' dir='ltr'><strong>vinculis</strong></span> <span class='ocrx_word' id='word_1_704' title='bbox 1917 4555 2056 4625; x_wconf 87' lang='lat' dir='ltr'><strong>suis,</strong></span> 
     </span>
    </p>
   </div>
   <div class='ocr_carea' id='block_1_96' title="bbox 477 4637 2058 4712">
    <p class='ocr_par' dir='ltr' id='par_1_96' title="bbox 477 4637 2058 4712">
     <span class='ocr_line' id='line_1_96' title="bbox 477 4637 2058 4712; baseline 0.01 -23"><span class='ocrx_word' id='word_1_705' title='bbox 477 4642 533 4690; x_wconf 90' lang='lat' dir='ltr'><strong>et</strong></span> <span class='ocrx_word' id='word_1_706' title='bbox 563 4637 778 4708; x_wconf 85' lang='lat' dir='ltr'><strong>angelo,</strong></span> <span class='ocrx_word' id='word_1_707' title='bbox 825 4637 943 4695; x_wconf 85' lang='lat' dir='ltr'><strong>sive</strong></span> <span class='ocrx_word' id='word_1_708' title='bbox 991 4640 1195 4707; x_wconf 87' lang='lat' dir='ltr'><strong>anima,</strong></span> <span class='ocrx_word' id='word_1_709' title='bbox 1229 4644 1509 4712; x_wconf 90' lang='lat' dir='ltr'><strong>propriam</strong></span> <span class='ocrx_word' id='word_1_710' title='bbox 1559 4644 1615 4700; x_wconf 91' lang='lat' dir='ltr'><strong>in</strong></span> <span class='ocrx_word' id='word_1_711' title='bbox 1640 4647 1827 4703; x_wconf 89' lang='lat' dir='ltr'><strong>sedem</strong></span> <span class='ocrx_word' id='word_1_712' title='bbox 1875 4655 2058 4705; x_wconf 87' lang='lat' dir='ltr'><strong>trans-</strong></span> 
     </span>
    </p>
   </div>
   <div class='ocr_carea' id='block_1_97' title="bbox 479 4722 2061 4809">
    <p class='ocr_par' dir='ltr' id='par_1_97' title="bbox 479 4722 2061 4809">
     <span class='ocr_line' id='line_1_97' title="bbox 479 4722 2061 4809; baseline 0.011 -30"><span class='ocrx_word' id='word_1_713' title='bbox 479 4722 630 4781; x_wconf 82' lang='lat' dir='ltr'><strong>ferri.</strong></span> <span class='ocrx_word' id='word_1_714' title='bbox 694 4724 1027 4784; x_wconf 77' lang='lat' dir='ltr'><strong>Existimant</strong></span> <span class='ocrx_word' id='word_1_715' title='bbox 1054 4731 1201 4787; x_wconf 90' lang='lat' dir='ltr'><strong>enim</strong></span> <span class='ocrx_word' id='word_1_716' title='bbox 1267 4736 1572 4791; x_wconf 87' lang='lat' dir='ltr'><strong>secundum</strong></span> <span class='ocrx_word' id='word_1_717' title='bbox 1616 4751 1820 4809; x_wconf 89' lang='lat' dir='ltr'><strong>corpus</strong></span> <span class='ocrx_word' id='word_1_718' title='bbox 1850 4746 1904 4795; x_wconf 88' lang='lat' dir='ltr'><strong>et</strong></span> <span class='ocrx_word' id='word_1_719' title='bbox 1934 4739 2061 4795; x_wconf 89' lang='lat' dir='ltr'><strong>ani-</strong></span> 
     </span>
    </p>
   </div>
   <div class='ocr_carea' id='block_1_98' title="bbox 477 4819 2059 4904">
    <p class='ocr_par' dir='ltr' id='par_1_98' title="bbox 477 4819 2059 4904">
     <span class='ocr_line' id='line_1_98' title="bbox 477 4819 2059 4904; baseline 0.013 -35"><span class='ocrx_word' id='word_1_720' title='bbox 477 4831 624 4871; x_wconf 86' lang='lat' dir='ltr'><strong>mam</strong></span> <span class='ocrx_word' id='word_1_721' title='bbox 652 4819 873 4875; x_wconf 89' lang='lat' dir='ltr'><strong>tertium</strong></span> <span class='ocrx_word' id='word_1_722' title='bbox 915 4820 1176 4892; x_wconf 90' lang='lat' dir='ltr'><strong>quiddam</strong></span> <span class='ocrx_word' id='word_1_723' title='bbox 1228 4824 1285 4880; x_wconf 90' lang='lat' dir='ltr'><strong>in</strong></span> <span class='ocrx_word' id='word_1_724' title='bbox 1321 4825 1546 4883; x_wconf 86' lang='lat' dir='ltr'><strong>homine</strong></span> <span class='ocrx_word' id='word_1_725' title='bbox 1574 4830 1827 4901; x_wconf 88' lang='lat' dir='ltr'><strong>reperiri.</strong></span> <span class='ocrx_word' id='word_1_726' title='bbox 1874 4830 2059 4904; x_wconf 66' lang='lat' dir='ltr'><strong>Atque</strong></span> 
     </span>
    </p>
   </div>
   <div class='ocr_carea' id='block_1_99' title="bbox 477 4909 2059 4994">
    <p class='ocr_par' dir='ltr' id='par_1_99' title="bbox 477 4909 2059 4994">
     <span class='ocr_line' id='line_1_99' title="bbox 477 4909 2059 4994; baseline 0.013 -33"><span class='ocrx_word' id='word_1_727' title='bbox 477 4909 594 4964; x_wconf 70' lang='lat' dir='ltr'><strong>haec</strong></span> <span class='ocrx_word' id='word_1_728' title='bbox 629 4919 920 4984; x_wconf 78' lang='lat' dir='ltr'><strong>sunt,qua:</strong></span> <span class='ocrx_word' id='word_1_729' title='bbox 954 4912 1022 4971; x_wconf 91' lang='lat' dir='ltr'><strong>de</strong></span> <span class='ocrx_word' id='word_1_730' title='bbox 1058 4914 1280 4973; x_wconf 85' lang='lat' dir='ltr'><strong>illorum</strong></span> <span class='ocrx_word' id='word_1_731' title='bbox 1332 4919 1712 4992; x_wconf 87' lang='lat' dir='ltr'><strong>redemptione</strong></span> <span class='ocrx_word' id='word_1_732' title='bbox 1747 4924 2059 4994; x_wconf 89' lang='lat' dir='ltr'><strong>comperire</strong></span> 
     </span>
    </p>
   </div>
   <div class='ocr_carea' id='block_1_100' title="bbox 477 5004 775 5074">
    <p class='ocr_par' dir='ltr' id='par_1_100' title="bbox 477 5004 775 5074">
     <span class='ocr_line' id='line_1_100' title="bbox 477 5004 775 5074; baseline 0.013 -16"><span class='ocrx_word' id='word_1_733' title='bbox 477 5004 775 5074; x_wconf 89' lang='lat' dir='ltr'><strong>potuimus.</strong></span> 
     </span>
    </p>
   </div>
   <div class='ocr_carea' id='block_1_101' title="bbox 550 5095 2058 5176">
    <p class='ocr_par' dir='ltr' id='par_1_101' title="bbox 550 5095 2058 5176">
     <span class='ocr_line' id='line_1_101' title="bbox 550 5095 2058 5176; baseline 0.012 -26"><span class='ocrx_word' id='word_1_734' title='bbox 550 5095 639 5153; x_wconf 83' lang='lat' dir='ltr'><strong>IV.</strong></span> <span class='ocrx_word' id='word_1_735' title='bbox 668 5095 842 5155; x_wconf 89' lang='lat' dir='ltr'><strong>Porro</strong></span> <span class='ocrx_word' id='word_1_736' title='bbox 872 5101 1125 5174; x_wconf 89' lang='lat' dir='ltr'><strong>quisquis</strong></span> <span class='ocrx_word' id='word_1_737' title='bbox 1153 5105 1369 5176; x_wconf 83' lang='lat' dir='ltr'><strong>judicio</strong></span> <span class='ocrx_word' id='word_1_738' title='bbox 1386 5106 1550 5174; x_wconf 86' lang='lat' dir='ltr'><strong>valet,</strong></span> <span class='ocrx_word' id='word_1_739' title='bbox 1584 5107 1677 5165; x_wconf 88' lang='lat' dir='ltr'><strong>ubi</strong></span> <span class='ocrx_word' id='word_1_740' title='bbox 1702 5109 2058 5169; x_wconf 88' lang='lat' dir='ltr'><strong>inauissimas</strong></span> 
     </span>
    </p>
   </div>
   <div class='ocr_carea' id='block_1_102' title="bbox 480 5186 2060 5270">
    <p class='ocr_par' dir='ltr' id='par_1_102' title="bbox 480 5186 2060 5270">
     <span class='ocr_line' id='line_1_102' title="bbox 480 5186 2060 5270; baseline 0.015 -30"><span class='ocrx_word' id='word_1_741' title='bbox 480 5186 644 5244; x_wconf 80' lang='lat' dir='ltr'><strong>hasce</strong></span> <span class='ocrx_word' id='word_1_742' title='bbox 670 5206 846 5262; x_wconf 89' lang='lat' dir='ltr'><strong>nugas</strong></span> <span class='ocrx_word' id='word_1_743' title='bbox 875 5194 1133 5264; x_wconf 84' lang='lat' dir='ltr'><strong>audierit,</strong></span> <span class='ocrx_word' id='word_1_744' title='bbox 1175 5197 1257 5253; x_wconf 89' lang='lat' dir='ltr'><strong>sic</strong></span> <span class='ocrx_word' id='word_1_745' title='bbox 1288 5207 1548 5270; x_wconf 87' lang='lat' dir='ltr'><strong>tanquam</strong></span> <span class='ocrx_word' id='word_1_746' title='bbox 1586 5201 1786 5260; x_wconf 89' lang='lat' dir='ltr'><strong>mimos</strong></span> <span class='ocrx_word' id='word_1_747' title='bbox 1813 5202 2060 5262; x_wconf 78' lang='lat' dir='ltr'><strong>fabulas-</strong></span> 
     </span>
    </p>
   </div>
   <div class='ocr_carea' id='block_1_103' title="bbox 479 5281 2059 5369">
    <p class='ocr_par' dir='ltr' id='par_1_103' title="bbox 479 5281 2059 5369">
     <span class='ocr_line' id='line_1_103' title="bbox 479 5281 2059 5369; baseline 0.013 -37"><span class='ocrx_word' id='word_1_748' title='bbox 479 5294 587 5348; x_wconf 89' lang='lat' dir='ltr'><strong>que</strong></span> <span class='ocrx_word' id='word_1_749' title='bbox 625 5281 849 5338; x_wconf 82' lang='lat' dir='ltr'><strong>ridebit.</strong></span> <span class='ocrx_word' id='word_1_750' title='bbox 877 5284 995 5341; x_wconf 87' lang='lat' dir='ltr'><strong>Hoc</strong></span> <span class='ocrx_word' id='word_1_751' title='bbox 1031 5289 1177 5344; x_wconf 87' lang='lat' dir='ltr'><strong>enim</strong></span> <span class='ocrx_word' id='word_1_752' title='bbox 1209 5290 1428 5349; x_wconf 86' lang='lat' dir='ltr'><strong>illorum</strong></span> <span class='ocrx_word' id='word_1_753' title='bbox 1460 5294 1697 5366; x_wconf 86' lang='lat' dir='ltr'><strong>quisque</strong></span> <span class='ocrx_word' id='word_1_754' title='bbox 1721 5298 1975 5369; x_wconf 88' lang='lat' dir='ltr'><strong>suscipit,</strong></span> <span class='ocrx_word' id='word_1_755' title='bbox 1997 5306 2059 5354; x_wconf 91' lang='lat' dir='ltr'><strong>ut</strong></span> 
     </span>
    </p>
   </div>
   <div class='ocr_carea' id='block_1_104' title="bbox 481 5370 2059 5460">
    <p class='ocr_par' dir='ltr' id='par_1_104' title="bbox 481 5370 2059 5460">
     <span class='ocr_line' id='line_1_104' title="bbox 481 5370 2059 5460; baseline 0.015 -36"><span class='ocrx_word' id='word_1_756' title='bbox 481 5370 552 5426; x_wconf 91' lang='lat' dir='ltr'><strong>ab</strong></span> <span class='ocrx_word' id='word_1_757' title='bbox 576 5371 805 5429; x_wconf 91' lang='lat' dir='ltr'><strong>aliorum</strong></span> <span class='ocrx_word' id='word_1_758' title='bbox 841 5374 1095 5447; x_wconf 85' lang='lat' dir='ltr'><strong>dogmate</strong></span> <span class='ocrx_word' id='word_1_759' title='bbox 1131 5378 1410 5441; x_wconf 87' lang='lat' dir='ltr'><strong>diversum</strong></span> <span class='ocrx_word' id='word_1_760' title='bbox 1453 5388 1713 5459; x_wconf 85' lang='lat' dir='ltr'><strong>quiddam</strong></span> <span class='ocrx_word' id='word_1_761' title='bbox 1746 5404 1846 5460; x_wconf 87' lang='lat' dir='ltr'><strong>pro</strong></span> <span class='ocrx_word' id='word_1_762' title='bbox 1868 5391 2059 5447; x_wconf 81' lang='lat' dir='ltr'><strong>volun-</strong></span> 
     </span>
    </p>
   </div>
   <div class='ocr_carea' id='block_1_105' title="bbox 478 5465 2055 5557">
    <p class='ocr_par' dir='ltr' id='par_1_105' title="bbox 478 5465 2055 5557">
     <span class='ocr_line' id='line_1_105' title="bbox 478 5465 2055 5557; baseline 0.015 -38"><span class='ocrx_word' id='word_1_763' title='bbox 478 5465 610 5521; x_wconf 89' lang='lat' dir='ltr'><strong>tatis</strong></span> <span class='ocrx_word' id='word_1_764' title='bbox 633 5482 747 5524; x_wconf 77' lang='lat' dir='ltr'><strong>sua:</strong></span> <span class='ocrx_word' id='word_1_765' title='bbox 772 5468 1001 5528; x_wconf 88' lang='lat' dir='ltr'><strong>libidine</strong></span> <span class='ocrx_word' id='word_1_766' title='bbox 1025 5475 1264 5543; x_wconf 85' lang='lat' dir='ltr'><strong>sentiat;</strong></span> <span class='ocrx_word' id='word_1_767' title='bbox 1292 5494 1394 5536; x_wconf 88' lang='lat' dir='ltr'><strong>nec</strong></span> <span class='ocrx_word' id='word_1_768' title='bbox 1426 5482 1535 5538; x_wconf 85' lang='lat' dir='ltr'><strong>ulla</strong></span> <span class='ocrx_word' id='word_1_769' title='bbox 1564 5499 1652 5542; x_wconf 85' lang='lat' dir='ltr'><strong>res</strong></span> <span class='ocrx_word' id='word_1_770' title='bbox 1679 5482 1840 5557; x_wconf 74' lang='lat'><strong>265</strong></span> <span class='ocrx_word' id='word_1_771' title='bbox 1876 5484 2055 5557; x_wconf 84' lang='lat' dir='ltr'><strong>ipsum</strong></span> 
     </span>
    </p>
   </div>
   <div class='ocr_carea' id='block_1_106' title="bbox 560 5624 1464 5709">
    <p class='ocr_par' dir='ltr' id='par_1_106' title="bbox 560 5624 1464 5709">
     <span class='ocr_line' id='line_1_106' title="bbox 560 5624 1464 5709; baseline 0.013 -26"><span class='ocrx_word' id='word_1_772' title='bbox 560 5627 574 5659; x_wconf 77' lang='grc'><strong><em>⁸</em></strong></span> <span class='ocrx_word' id='word_1_773' title='bbox 605 5624 668 5686; x_wconf 80' lang='lat' dir='ltr'><strong>F.</strong></span> <span class='ocrx_word' id='word_1_774' title='bbox 695 5628 905 5687; x_wconf 83' lang='grc' dir='ltr'><strong>τούτου.</strong></span> <span class='ocrx_word' id='word_1_775' title='bbox 982 5634 1002 5667; x_wconf 84' lang='grc'><strong><em>⁸</em></strong></span> <span class='ocrx_word' id='word_1_776' title='bbox 1036 5631 1192 5691; x_wconf 82' lang='lat' dir='ltr'><strong>Corr.</strong></span> <span class='ocrx_word' id='word_1_777' title='bbox 1224 5636 1464 5709; x_wconf 72' lang='grc' dir='ltr'><strong>ἐλήλυθε.</strong></span> 
     </span>
    </p>
   </div>
   <div class='ocr_carea' id='block_1_107' title="bbox 2164 4475 3760 4559">
    <p class='ocr_par' dir='ltr' id='par_1_107' title="bbox 2164 4475 3760 4559">
     <span class='ocr_line' id='line_1_107' title="bbox 2164 4475 3760 4559; baseline 0.008 -31"><span class='ocrx_word' id='word_1_778' title='bbox 2164 4475 2266 4547; x_wconf 81' lang='grc' dir='ltr'><strong>τῆς</strong></span> <span class='ocrx_word' id='word_1_779' title='bbox 2320 4475 2554 4549; x_wconf 63' lang='grc' dir='ltr'><strong>μητρόςξ</strong></span> <span class='ocrx_word' id='word_1_780' title='bbox 2591 4475 2754 4532; x_wconf 80' lang='grc' dir='ltr'><strong>αὑτὸν</strong></span> <span class='ocrx_word' id='word_1_781' title='bbox 2802 4477 2860 4532; x_wconf 72' lang='grc' dir='ltr'><strong>δὲ</strong></span> <span class='ocrx_word' id='word_1_782' title='bbox 2907 4478 3239 4552; x_wconf 77' lang='grc' dir='ltr'><strong>πορευθῆναι</strong></span> <span class='ocrx_word' id='word_1_783' title='bbox 3271 4483 3353 4546; x_wconf 74' lang='grc' dir='ltr'><strong>εἰς</strong></span> <span class='ocrx_word' id='word_1_784' title='bbox 3395 4481 3465 4536; x_wconf 72' lang='grc' dir='ltr'><strong>τά</strong></span> <span class='ocrx_word' id='word_1_785' title='bbox 3495 4478 3625 4553; x_wconf 71' lang='grc' dir='ltr'><strong>ἴδια,</strong></span> <span class='ocrx_word' id='word_1_786' title='bbox 3670 4486 3760 4559; x_wconf 78' lang='grc' dir='ltr'><strong>ῥί-</strong></span> 
     </span>
    </p>
   </div>
   <div class='ocr_carea' id='block_1_108' title="bbox 2164 4566 3759 4643">
    <p class='ocr_par' dir='ltr' id='par_1_108' title="bbox 2164 4566 3759 4643">
     <span class='ocr_line' id='line_1_108' title="bbox 2164 4566 3759 4643; baseline 0.009 -23"><span class='ocrx_word' id='word_1_787' title='bbox 2164 4567 2346 4637; x_wconf 79' lang='grc' dir='ltr'><strong>ψαντα</strong></span> <span class='ocrx_word' id='word_1_788' title='bbox 2380 4567 2473 4622; x_wconf 75' lang='grc' dir='ltr'><strong>τὸν</strong></span> <span class='ocrx_word' id='word_1_789' title='bbox 2499 4566 2696 4639; x_wconf 80' lang='grc' dir='ltr'><strong>δεσμὸν</strong></span> <span class='ocrx_word' id='word_1_790' title='bbox 2725 4568 2914 4635; x_wconf 80' lang='grc' dir='ltr'><strong>αὑτοῦ,</strong></span> <span class='ocrx_word' id='word_1_791' title='bbox 2955 4571 3050 4625; x_wconf 79' lang='grc' dir='ltr'><strong>καὶ</strong></span> <span class='ocrx_word' id='word_1_792' title='bbox 3081 4572 3175 4625; x_wconf 82' lang='grc' dir='ltr'><strong>τὸν</strong></span> <span class='ocrx_word' id='word_1_793' title='bbox 3206 4572 3460 4643; x_wconf 75' lang='grc' dir='ltr'><strong>ἄγγελον,</strong></span> <span class='ocrx_word' id='word_1_794' title='bbox 3499 4579 3759 4634; x_wconf 80' lang='grc' dir='ltr'><strong>τουτέστι</strong></span> 
     </span>
    </p>
   </div>
   <div class='ocr_carea' id='block_1_109' title="bbox 2164 4655 3775 4744">
    <p class='ocr_par' dir='ltr' id='par_1_109' title="bbox 2164 4655 3775 4744">
     <span class='ocr_line' id='line_1_109' title="bbox 2164 4655 3775 4744; baseline 0.007 -33"><span class='ocrx_word' id='word_1_795' title='bbox 2164 4656 2266 4744; x_wconf 59' lang='grc' dir='ltr'><strong>τῂν</strong></span> <span class='ocrx_word' id='word_1_796' title='bbox 2300 4655 2507 4729; x_wconf 73' lang='grc' dir='ltr'><strong>ψυχήν.</strong></span> <span class='ocrx_word' id='word_1_797' title='bbox 2535 4657 2753 4713; x_wconf 73' lang='grc' dir='ltr'><strong>Οῐονται</strong></span> <span class='ocrx_word' id='word_1_798' title='bbox 2793 4660 2894 4732; x_wconf 85' lang='grc' dir='ltr'><strong>μὲν</strong></span> <span class='ocrx_word' id='word_1_799' title='bbox 2932 4661 3041 4733; x_wconf 80' lang='grc' dir='ltr'><strong>γὰρ</strong></span> <span class='ocrx_word' id='word_1_800' title='bbox 3083 4664 3221 4734; x_wconf 77' lang='grc' dir='ltr'><strong>μετὰ</strong></span> <span class='ocrx_word' id='word_1_801' title='bbox 3251 4665 3410 4737; x_wconf 84' lang='grc' dir='ltr'><strong>σῶμα</strong></span> <span class='ocrx_word' id='word_1_802' title='bbox 3447 4669 3543 4728; x_wconf 77' lang='grc' dir='ltr'><strong>καὶ</strong></span> <span class='ocrx_word' id='word_1_803' title='bbox 3569 4669 3775 4744; x_wconf 69' lang='grc' dir='ltr'><strong>ψυχὴν.</strong></span> 
     </span>
    </p>
   </div>
   <div class='ocr_carea' id='block_1_110' title="bbox 2164 4742 3760 4836">
    <p class='ocr_par' dir='ltr' id='par_1_110' title="bbox 2164 4742 3760 4836">
     <span class='ocr_line' id='line_1_110' title="bbox 2164 4742 3760 4836; baseline 0.012 -36"><span class='ocrx_word' id='word_1_804' title='bbox 2164 4742 2305 4801; x_wconf 78' lang='grc' dir='ltr'><strong>εἶναί</strong></span> <span class='ocrx_word' id='word_1_805' title='bbox 2332 4766 2385 4802; x_wconf 88' lang='grc' dir='ltr'><strong>τι</strong></span> <span class='ocrx_word' id='word_1_806' title='bbox 2418 4748 2514 4803; x_wconf 82' lang='grc' dir='ltr'><strong>καὶ</strong></span> <span class='ocrx_word' id='word_1_807' title='bbox 2546 4749 2733 4824; x_wconf 68' lang='grc' dir='ltr'><strong>ἕτερον</strong></span> <span class='ocrx_word' id='word_1_808' title='bbox 2780 4754 2837 4806; x_wconf 80' lang='grc' dir='ltr'><strong>ὲν</strong></span> <span class='ocrx_word' id='word_1_809' title='bbox 2869 4751 3162 4827; x_wconf 80' lang='grc' dir='ltr'><strong>ἀνθρώπῳ.</strong></span> <span class='ocrx_word' id='word_1_810' title='bbox 3195 4749 3307 4812; x_wconf 77' lang='grc' dir='ltr'><strong>Καὶ</strong></span> <span class='ocrx_word' id='word_1_811' title='bbox 3349 4760 3480 4833; x_wconf 82' lang='grc' dir='ltr'><strong>περὶ</strong></span> <span class='ocrx_word' id='word_1_812' title='bbox 3512 4761 3615 4834; x_wconf 77' lang='grc' dir='ltr'><strong>μὲν</strong></span> <span class='ocrx_word' id='word_1_813' title='bbox 3649 4742 3760 4836; x_wconf 68' lang='grc' dir='ltr'><strong>τῆς</strong></span> 
     </span>
    </p>
   </div>
   <div class='ocr_carea' id='block_1_111' title="bbox 2164 4836 3760 4931">
    <p class='ocr_par' dir='ltr' id='par_1_111' title="bbox 2164 4836 3760 4931">
     <span class='ocr_line' id='line_1_111' title="bbox 2164 4836 3760 4931; baseline 0.014 -41"><span class='ocrx_word' id='word_1_814' title='bbox 2164 4836 2597 4931; x_wconf 68' lang='grc' dir='ltr'><strong>ἀπολυτρώσεως</strong></span> <span class='ocrx_word' id='word_1_815' title='bbox 2635 4840 2810 4899; x_wconf 80' lang='grc' dir='ltr'><strong>ταῦτά</strong></span> <span class='ocrx_word' id='word_1_816' title='bbox 2842 4842 2992 4899; x_wconf 77' lang='grc' dir='ltr'><strong>ἐστιν</strong></span> <span class='ocrx_word' id='word_1_817' title='bbox 3023 4846 3123 4901; x_wconf 84' lang='grc' dir='ltr'><strong>ὅσα</strong></span> <span class='ocrx_word' id='word_1_818' title='bbox 3156 4849 3235 4913; x_wconf 72' lang='grc' dir='ltr'><strong>εἰς</strong></span> <span class='ocrx_word' id='word_1_819' title='bbox 3265 4850 3415 4922; x_wconf 69' lang='grc' dir='ltr'><strong>ἡμᾶς</strong></span> <span class='ocrx_word' id='word_1_820' title='bbox 3458 4854 3760 4928; x_wconf 79' lang='grc' dir='ltr'><strong>συνεληλύ-</strong></span> 
     </span>
    </p>
   </div>
   <div class='ocr_carea' id='block_1_112' title="bbox 2162 4929 2389 5003">
    <p class='ocr_par' dir='ltr' id='par_1_112' title="bbox 2162 4929 2389 5003">
     <span class='ocr_line' id='line_1_112' title="bbox 2162 4929 2389 5003; baseline 0.004 -19"><span class='ocrx_word' id='word_1_821' title='bbox 2162 4930 2332 5003; x_wconf 87' lang='grc' dir='ltr'><strong>θαμεν</strong></span> <span class='ocrx_word' id='word_1_822' title='bbox 2348 4929 2389 4985; x_wconf 77' lang='grc'><strong>⁸.</strong></span> 
     </span>
    </p>
   </div>
   <div class='ocr_carea' id='block_1_113' title="bbox 2232 5107 3759 5198">
    <p class='ocr_par' dir='ltr' id='par_1_113' title="bbox 2232 5107 3759 5198">
     <span class='ocr_line' id='line_1_113' title="bbox 2232 5107 3759 5198; baseline 0.015 -33"><span class='ocrx_word' id='word_1_823' title='bbox 2232 5112 2308 5171; x_wconf 73' lang='grc' dir='ltr'><strong>Δθ.</strong></span> <span class='ocrx_word' id='word_1_824' title='bbox 2343 5107 2406 5168; x_wconf 78' lang='lat' dir='ltr'><strong>0i</strong></span> <span class='ocrx_word' id='word_1_825' title='bbox 2431 5113 2489 5167; x_wconf 80' lang='grc' dir='ltr'><strong>δὲ</strong></span> <span class='ocrx_word' id='word_1_826' title='bbox 2518 5116 2766 5184; x_wconf 74' lang='grc' dir='ltr'><strong>συνετοὶ,</strong></span> <span class='ocrx_word' id='word_1_827' title='bbox 2801 5121 3383 5197; x_wconf 63' lang='grc' dir='ltr'><strong>κατακούσαντεςπτῆς</strong></span> <span class='ocrx_word' id='word_1_828' title='bbox 3429 5131 3759 5198; x_wconf 76' lang='grc' dir='ltr'><strong>περισσοτέ-</strong></span> 
     </span>
    </p>
   </div>
   <div class='ocr_carea' id='block_1_114' title="bbox 2164 5207 3754 5292">
    <p class='ocr_par' dir='ltr' id='par_1_114' title="bbox 2164 5207 3754 5292">
     <span class='ocr_line' id='line_1_114' title="bbox 2164 5207 3754 5292; baseline 0.009 -31"><span class='ocrx_word' id='word_1_829' title='bbox 2164 5223 2266 5280; x_wconf 78' lang='grc' dir='ltr'><strong>ρας</strong></span> <span class='ocrx_word' id='word_1_830' title='bbox 2305 5207 2490 5263; x_wconf 78' lang='grc' dir='ltr'><strong>αὐτῶν</strong></span> <span class='ocrx_word' id='word_1_831' title='bbox 2528 5209 2758 5285; x_wconf 84' lang='grc' dir='ltr'><strong>χλεύης,</strong></span> <span class='ocrx_word' id='word_1_832' title='bbox 2791 5215 3212 5285; x_wconf 82' lang='grc' dir='ltr'><strong>καταγελάσειεν</strong></span> <span class='ocrx_word' id='word_1_833' title='bbox 3243 5210 3345 5290; x_wconf 78' lang='grc' dir='ltr'><strong>τῆς</strong></span> <span class='ocrx_word' id='word_1_834' title='bbox 3380 5219 3754 5292; x_wconf 77' lang='grc' dir='ltr'><strong>μιμολογεας,</strong></span> 
     </span>
    </p>
   </div>
   <div class='ocr_carea' id='block_1_115' title="bbox 2159 5297 3752 5385">
    <p class='ocr_par' dir='ltr' id='par_1_115' title="bbox 2159 5297 3752 5385">
     <span class='ocr_line' id='line_1_115' title="bbox 2159 5297 3752 5385; baseline 0.009 -32"><span class='ocrx_word' id='word_1_835' title='bbox 2159 5297 2237 5363; x_wconf 86' lang='grc' dir='ltr'><strong>ώς</strong></span> <span class='ocrx_word' id='word_1_836' title='bbox 2270 5299 2501 5367; x_wconf 73' lang='grc' dir='ltr'><strong>ἕκαστος</strong></span> <span class='ocrx_word' id='word_1_837' title='bbox 2527 5301 2709 5358; x_wconf 81' lang='grc' dir='ltr'><strong>αὐτῶν</strong></span> <span class='ocrx_word' id='word_1_838' title='bbox 2731 5304 2895 5378; x_wconf 74' lang='grc' dir='ltr'><strong>ἕτερα</strong></span> <span class='ocrx_word' id='word_1_839' title='bbox 2923 5308 3075 5381; x_wconf 84' lang='grc' dir='ltr'><strong>παρὰ</strong></span> <span class='ocrx_word' id='word_1_840' title='bbox 3102 5309 3197 5364; x_wconf 78' lang='grc' dir='ltr'><strong>τὸν</strong></span> <span class='ocrx_word' id='word_1_841' title='bbox 3224 5309 3411 5382; x_wconf 74' lang='grc' dir='ltr'><strong>ἕτερον</strong></span> <span class='ocrx_word' id='word_1_842' title='bbox 3439 5311 3752 5385; x_wconf 79' lang='grc' dir='ltr'><strong>νομοθετεῖ,</strong></span> 
     </span>
    </p>
   </div>
   <div class='ocr_carea' id='block_1_116' title="bbox 2160 5393 3759 5475">
    <p class='ocr_par' dir='ltr' id='par_1_116' title="bbox 2160 5393 3759 5475">
     <span class='ocr_line' id='line_1_116' title="bbox 2160 5393 3759 5475; baseline 0.01 -28"><span class='ocrx_word' id='word_1_843' title='bbox 2160 5393 2238 5459; x_wconf 81' lang='grc' dir='ltr'>ὡς</span> <span class='ocrx_word' id='word_1_844' title='bbox 2281 5393 2530 5461; x_wconf 82' lang='grc' dir='ltr'><strong>βούλεται</strong></span> <span class='ocrx_word' id='word_1_845' title='bbox 2554 5436 2571 5463; x_wconf 92' lang='grc'><strong>,</strong></span> <span class='ocrx_word' id='word_1_846' title='bbox 2608 5399 2701 5455; x_wconf 71' lang='grc' dir='ltr'><strong>καὶ</strong></span> <span class='ocrx_word' id='word_1_847' title='bbox 2730 5398 3067 5475; x_wconf 64' lang='grc' dir='ltr'><strong>τῆξτόλμης</strong></span> <span class='ocrx_word' id='word_1_848' title='bbox 3094 5402 3288 5458; x_wconf 78' lang='grc' dir='ltr'><strong>ἑαυτοῦ</strong></span> <span class='ocrx_word' id='word_1_849' title='bbox 3312 5400 3416 5459; x_wconf 75' lang='grc' dir='ltr'><strong>οὐκ</strong></span> <span class='ocrx_word' id='word_1_850' title='bbox 3437 5403 3759 5462; x_wconf 78' lang='grc' dir='ltr'><strong>ἀνακόπτε-</strong></span> 
     </span>
    </p>
   </div>
   <div class='ocr_carea' id='block_1_117' title="bbox 2161 5484 3758 5559">
    <p class='ocr_par' dir='ltr' id='par_1_117' title="bbox 2161 5484 3758 5559">
     <span class='ocr_line' id='line_1_117' title="bbox 2161 5484 3758 5559; baseline 0.008 -20"><span class='ocrx_word' id='word_1_851' title='bbox 2161 5501 2252 5539; x_wconf 80' lang='grc' dir='ltr'><strong>ται</strong></span> <span class='ocrx_word' id='word_1_852' title='bbox 2273 5500 2286 5516; x_wconf 75' lang='grc'><strong>⁸</strong></span> <span class='ocrx_word' id='word_1_853' title='bbox 2319 5484 2457 5541; x_wconf 81' lang='grc' dir='ltr'><strong>ἀλλὰ</strong></span> <span class='ocrx_word' id='word_1_854' title='bbox 2480 5487 2691 5559; x_wconf 78' lang='grc' dir='ltr'><strong>ὅσαπερ</strong></span> <span class='ocrx_word' id='word_1_855' title='bbox 2719 5485 2947 5547; x_wconf 82' lang='grc' dir='ltr'><strong>δύναται</strong></span> <span class='ocrx_word' id='word_1_856' title='bbox 2974 5491 3207 5558; x_wconf 72' lang='grc' dir='ltr'><strong>ἕκαστος</strong></span> <span class='ocrx_word' id='word_1_857' title='bbox 3237 5495 3471 5549; x_wconf 57' lang='lat' dir='ltr'><strong>{nivosis</strong></span> <span class='ocrx_word' id='word_1_858' title='bbox 3492 5494 3605 5550; x_wconf 76' lang='grc' dir='ltr'><strong>Καὶ</strong></span> <span class='ocrx_word' id='word_1_859' title='bbox 3635 5495 3758 5552; x_wconf 76' lang='grc' dir='ltr'><strong>τῶν</strong></span> 
     </span>
    </p>
   </div>
  </div>
