3956 6070
261 132 370 187 (537

941 136 1311 196 ADVERSUS
1334 138 1677 198 HERESES
1710 139 1841 196 [ΑΒ.

1966 140 2119 199 [ΟΜ.
2155 140 2322 198 111.--
2345 140 2617 200 ΗΕΒΕὸ.
2659 143 2893 202 XXXVI.

261 241 345 296 ἔτι
372 242 453 334 είς
479 239 640 334 δεῦρο
666 247 1021 318 γεννωμένων
1053 252 1184 322 παρ’
1216 252 1399 317 αὐτοῖς
1431 254 1526 308 καὶ
1554 254 1849 326 ἐπιφυομέ-

1966 268 1985 309 ι
2016 262 2168 311 tanta
2190 255 2499 312 temeritate
2515 254 2820 327 deterreat;
2853 256 2951 314 sed
2968 266 3311 330 quacunque
3339 273 3517 334 potest

261 348 371 386 νων
390 333 443 387 oi
471 332 595 388 καθ’
629 336 843 409 ἡμέραν
874 339 1186 412 εὑρίσκουσί
1217 360 1270 398 τι
1304 345 1492 402 καινὸν
1523 349 1718 413 εἰπεῖν,
1751 347 1847 402 καὶ

264 427 538 496 φαντάσαι
566 429 696 494 τοὺς
727 431 1122 504 ἐπαγομένους,
1153 435 1391 506 χαλεπόν
1417 437 1533 492 ἐστι
1560 439 1739 494 πάντα
1774 437 1849 493 τὰ

263 519 472 605 τούτων
506 518 797 595 ζητῆσαιῆ
827 522 1082 588 ἐξειπεῖν.
1111 526 1274 582 Ὅθεν
1305 530 1713 602 ἀρκεσθήσομαι
1744 529 1851 584 πά-

264 608 353 664 λιν
384 613 497 675 τοῖς
529 612 625 666 καὶ
669 614 798 685 περὶ
835 613 1039 687 ταύτης
1066 617 1168 687 τῆς
1206 620 1472 690 αἱρέσεως
1504 619 1847 693 εἰρημένοις,

267 700 429 755 ἅτινα
473 701 568 753 καὶ
604 700 685 765 είς
725 702 873 773 ἡμᾶς
900 699 1064 775 ἦλθεν
1098 704 1392 774 ὑποδεῖξαι.
1438 709 1502 761 Ἦ
1533 708 1589 762 δὲ
1624 708 1847 781 τοιαύτη

265 789 584 844 διδασκαλία
609 790 713 845 τίνι
735 792 835 846 οὐκ
868 793 934 848 ἂν
962 794 1141 868 σαφὴς
1164 796 1272 869 εἴη,
1301 799 1376 864 ὡς
1413 798 1582 869 μῦθός
1609 802 1725 854 ἐστι
1754 800 1849 856 καὶ

266 880 436 952 χλεύη
478 880 540 934 τὸ
575 883 717 948 trav;
749 881 921 937 Πόθεν
951 886 1061 957 γὰρ
1083 925 1098 950 ,
1146 881 1192 940 ὦ
1245 884 1401 953 οὗτος
1445 893 1508 944 σὺ
1530 930 1545 955 ,
1575 890 1611 961 ἢ
1652 892 1705 944 οἱ
1747 891 1851 962 πρὸ

270 968 390 1035 σοῦ,
420 972 483 1025 τὸ
510 971 671 1043 σῶμα
710 972 967 1045 είλὴφατε
990 992 1006 1042 ;
1033 976 1133 1048 τὴν
1158 978 1215 1032 δὲ
1245 978 1423 1051 ψυχὴν
1453 976 1645 1049 πόθεν;
1675 982 1768 1035 τὸν
1793 981 1851 1035 δὲ

268 1062 541 1116 ἐσώτατόν
574 1080 666 1115 σου
697 1063 981 1136 ἄνθρωπον
1028 1066 1229 1134 πόθεν;
1265 1071 1376 1126 Καὶ
1405 1074 1453 1126 εί
1500 1073 1600 1143 μὲν
1646 1073 1852 1143 ᾄνωθεν

267 1154 383 1207 ἀπὸ
413 1154 506 1207 τοῦ
536 1154 647 1209 ἀνω
679 1155 1070 1226 πνευματικοῦ,
1090 1157 1167 1223 ὡς
1191 1159 1368 1229 λέγεις
1393 1140 1850 1237 δραματούργῶν,

268 1243 368 1298 καὶ
397 1242 698 1316 ἐπαγγελίᾳ
728 1243 941 1310 ἐλπίδος
964 1247 1263 1317 κεπφώσας
1293 1252 1421 1317 τοὺς
1448 1253 1557 1307 ὑπὸ·
1586 1254 1680 1308 σοῦ
1716 1256 1854 1325 ὴπα.

264 1333 562 1407 τημένους,
593 1334 681 1387 ἵνα
705 1333 891 1406 σκοπῷ
919 1350 1026 1389 τινι
1054 1338 1383 1412 ἐπαρθέντες
1410 1341 1724 1416 ὑποσύρωσι
1744 1344 1760 1376 ¹
1782 1346 1850 1415 τῇ

269 1428 340 1496 σῇ
378 1424 783 1497 γεγοητευμένῃ
815 1425 1227 1501 δραματουργία
1249 1447 1264 1464 ο
1299 1429 1448 1499 λέγε,
1483 1432 1570 1496 τίς
1600 1434 1634 1505 ἡ
1664 1450 1853 1487 κοινω-

250 1516 363 1570 νία
403 1515 495 1569 τοῦ
527 1516 640 1569 ἄνω
679 1514 1047 1586 πνευματικοῦ
1081 1519 1219 1589 πρὸς
1251 1518 1311 1573 τὺ
1339 1520 1565 1588 ύλικόν;
1601 1522 1685 1588 τίς
1714 1522 1774 1577 δὲ
1815 1524 1850 1595 ἡ

264 1604 369 1658 τοῦ
411 1602 598 1658 ὐλικοῦ
642 1605 778 1676 πρὸς
816 1605 879 1658 τὸ
904 1604 1168 1677 ψυχικόν;
1211 1608 1329 1674 πῶς
1355 1610 1413 1663 δὲ
1440 1611 1470 1663 ό
1511 1612 1852 1684 Δημιουργὺς
1882 1595 1924 1650 Β

265 1696 342 1749 τὰ
376 1695 453 1767 μὴ
483 1695 676 1749 ἐαυτοῦ
709 1695 1094 1769 ἐδημιούργει;
1127 1697 1244 1763 πῶς
1283 1700 1339 1753 δὲ
1371 1703 1399 1753 ό
1444 1698 1557 1756 ἄνω
1588 1702 1684 1775 τὴν
1721 1705 1852 1776 παρ’

268 1785 443 1841 αὐτοῦ
487 1785 713 1858 δύναμιν
762 1787 1141 1860 πνευματικὴν
1191 1790 1433 1863 παρέσχε
1462 1792 1542 1864 τῷ
1573 1794 1650 1864 μὴ
1678 1793 1856 1859 καλῶς

270 1876 635 1949 ἐργασαμένῳ
679 1874 1040 1949 Δημιουργῷς
1081 1877 1254 1933 Πόθεν
1299 1879 1358 1933 δὲ
1420 1882 1449 1934 ὁ
1494 1883 1855 1954 Δημιουργὸς,

268 1961 633 2040 ἀναμίξαςτθ
682 1966 875 2021 ἐαυτοῦ
913 1969 1143 2039 ψυχικὸν
1189 1969 1327 2040 μετά
1373 1971 1468 2028 τοῦ
1519 1972 1743 2037 ύλικοῦ,
1788 1975 1854 2045 τῇ

271 2058 379 2132 ὕλη
411 2058 610 2130 μᾶλλον
636 2057 899 2131 ἠθέλησεν
928 2058 1297 2130 ἐγκαταδῆσαι
1331 2059 1431 2132 τὴν
1458 2061 1651 2114 ἑαυτοῦ
1696 2060 1858 2116 δύνα-

273 2167 409 2222 μιν;
435 2151 497 2204 Εί
514 2148 571 2204 δὲ
597 2149 695 2221 τὴν
719 2148 913 2204 ἐαυτοῦ
937 2148 1166 2221 δύναμιν
1190 2149 1437 2221 βούλεται
1465 2151 1852 2223 έγκαταμίξαι,
1874 2210 1883 2213 _

269 2244 379 2296 οὐκ
439 2242 548 2313 ἄρα
598 2239 849 2311 ἀλλοτρία
881 2240 915 2309 ἡ
959 2237 1081 2312 ὕλη.
1118 2239 1182 2293 Εἰ
1238 2240 1296 2293 δὲ
1356 2241 1451 2295 καὶ
1508 2240 1654 2295 ἐστιν
1702 2240 1859 2294 ἀλλο·
1916 2240 1919 2245 ⁴

270 2332 427 2405 τρία,
456 2332 538 2397 τίς
566 2331 712 2404 αύτῷ
737 2330 840 2402 τῆς
868 2331 1001 2402 ὕλης
1034 2333 1274 2405 παρέσχε
1304 2333 1402 2406 τὴν
1435 2335 1715 2402 ἐξουσίαν;
1750 2333 1862 2387 Καὶ

272 2424 499 2496 πρῶτον
540 2422 664 2492 λέγε
707 2439 835 2495 μοι,
870 2416 916 2478 ὦ
960 2423 1213 2478 ἀπατεὼν
1238 2466 1252 2493 ,
1285 2425 1515 2497 πότερον
1552 2425 1725 2496 μισῶν
1762 2425 1862 2496 τὴν

272 2516 462 2588 ψυχὴν
493 2514 788 2589 κατέδησεν
820 2516 989 2588 αὐτὴν
1020 2517 1085 2587 τῇ
1120 2515 1243 2587 illa,
1272 2513 1304 2586 ἢ
1338 2514 1548 2584 ἀγνοῶν
1580 2514 1641 2568 τὸ
1677 2514 1864 2585 ἐσόμε-

275 2626 393 2662 νον.
430 2607 568 2661 Ἀλλ’
605 2603 744 2675 οἶδα,
788 2608 871 2661 ὅτι
920 2606 1201 2679 οὐδέτερον
1246 2606 1452 2659 τούτων
1493 2606 1657 2678 ἐρεῖς.
1692 2604 1863 2676 Ὕλην

279 2700 397 2771 γὰρ
426 2701 487 2753 ού
520 2698 748 2771 λέγομεν
774 2698 835 2753 τὸ
866 2697 1023 2770 σῶμα
1042 2737 1057 2764 ,
1091 2698 1168 2770 μὴ
1200 2698 1416 2766 γένοιτο
1441 2697 1453 2752 !
1489 2696 1611 2749 οὐδὲ
1642 2695 1742 2759 τὰς
1768 2692 1863 2747 τοῦ

279 2789 423 2844 Θεοῦ
455 2791 680 2855 κτίσεις.
733 2789 897 2845 Ἀλλὰ
937 2790 1070 2862 ὓλην
1098 2788 1223 2843 τινὰ
1259 2784 1398 2843 οἶδεν
1430 2790 1463 2859 ἡ
1507 2787 1697 2860 Γραφὴ
1728 2785 1867 2858 μετά

276 2883 488 2954 ταύτην
518 2882 616 2954 τὴν
647 2881 877 2954 φαύλην,
905 2883 986 2945 είς
1010 2881 1068 2935 δὲ
1096 2879 1442 2942 κατασκευὰς
1469 2880 1674 2953 ἑκάστῃ
1701 2879 1864 2953 τέχνῃ

284 2975 382 3031 καὶ
415 2973 681 3047 ἐργασίας
710 2974 1049 3047 προκειμένη
1066 2973 1113 3040 ⁸,
1147 2971 1314 3045 ἄλλην
1337 2971 1478 3039 τινά,
1508 2970 1651 3041 λέγω
1672 2970 1736 3043 δὴ
1764 2970 1863 3043 τὴν

281 3071 352 3123 ἐκ
382 3066 619 3130 διανοίας
654 3066 929 3137 φυομένην
981 3065 1234 3137 ῥυπαρὰν
1265 3062 1582 3136 ἐνθύμησιν,
1614 3064 1710 3117 καὶ
1736 3062 1865 3135 βορ-

284 3157 544 3233 εορώδεις
582 3156 873 3229 λογισμοὺς
917 3156 1019 3224 τῆς
1059 3156 1352 3228 ἁμαρτίας.
1384 3157 1611 3210 Φύονται
1654 3156 1761 3229 γὰρ
1789 3157 1866 3221 ὡς

282 3255 395 3310 ἀπὸ
426 3250 602 3326 πηλοῦ
640 3251 969 3323 δυσοδμίας⁸
1009 3268 1069 3305 τε
1112 3251 1206 3305 καὶ
1246 3249 1550 3323 ἀκάθαρτος
1593 3250 1864 3322 ἀποφορὰ,

283 3345 557 3418 λοιμώδης
598 3360 658 3398 τε
696 3344 789 3398 καὶ
812 3338 1180 3415 βορϐορώδης·
1211 3343 1286 3406 ὡς
1314 3344 1342 3395 ὁ
1373 3341 1643 3413 μακάριος
1674 3342 1862 3409 Δαὸὶδ,

284 3436 619 3507 διωκόμενος
656 3434 751 3487 κα)⁸
791 3432 1209 3504 διαϐαλλόμενος
1253 3430 1398 3504 [ὼς]
1451 3432 1556 3490 ὑπὸ
1614 3431 1865 3504 πονηρῶν

287 3531 388 3586 ἀνθ
398 3528 594 3603 ρώπων
604 3570 619 3595 ,
631 3527 816 3596 ἔλεγεν
834 3543 846 3559 ο
865 3524 1194 3596 Ἐνεπὰγην
1206 3527 1293 3590 εις
1307 3524 1330 3556 ⁸
1348 3524 1507 3592 ὕλην
1527 3522 1636 3594 (45)
1644 3522 1864 3588 βυθοῦ,

290 3623 390 3675 καὶ
414 3620 485 3675 τὰ.
514 3619 665 3689 ἑξῆς.

1949 347 2173 418 impune
2201 345 2739 411 comminiscitur.Ac
2765 364 2890 404 cum
2917 349 2975 405 in
2996 348 3320 407 hodiernum
3348 370 3521 425 usque

1949 438 2096 494 diem
2122 439 2191 493 ab
2225 437 2337 493 illis
2354 438 2524 493 multa
2553 438 2919 509 proferantur,
2953 448 3363 513 nascanturque
3388 460 3519 514 por-

1949 536 2123 596 tenta,
2153 528 2249 600 qui
2292 528 2537 599 quotidie
2562 530 2687 584 novi
2704 531 2908 601 aliquid
2930 530 2999 586 ad
3016 532 3324 591 illudendos
3341 535 3520 590 homi-

1950 636 2048 677 nes
2084 619 2428 691 contingunt,
2462 618 2688 700 .dillicile
2743 628 2830 678 est
2887 623 3156 679 exlricare
3203 616 3408 691 omnia,
3431 626 3520 683 vel

1951 712 2202 768 oratione
2272 711 2584 778 complecti.
2653 711 2832 778 Quare
2876 726 3000 783 quas
3053 715 3120 770 de
3171 716 3275 772 hac
3325 717 3518 775 heresi

1950 801 2230 873 disputata
2260 808 2410 868 sunt,
2454 804 2526 858 iis
2553 805 2798 858 contenti
2836 816 2960 860 esse
2986 804 3271 872 debemus,
3306 823 3427 878 quae
3450 807 3520 864 ad

1950 901 2197 949 nostram
2264 892 2585 949 memoriam
2667 903 3056 964 pervenerunt.
3125 896 3307 967 Atque
3376 899 3521 954 hanc

1951 996 2168 1037 omnem
2205 980 2420 1035 illorum
2472 980 2780 1036 doctrinam
2837 982 2962 1052 quis
3005 998 3119 1037 non
3172 997 3354 1039 meras
3394 999 3520 1041 esse

1951 1073 2164 1129 fabulas
2200 1088 2266 1129 ac
2286 1062 2521 1129 ludibria
2553 1073 2880 1144 perspiciat?
2898 1073 3045 1131 Cedo
3064 1075 3233 1140 enim,
3254 1075 3392 1132 heus
3421 1083 3479 1131 tu
3501 1077 3517 1130 ι

1952 1166 2296 1235 maioresque
2351 1164 2468 1229 tui,
2530 1163 2677 1219 unde
2745 1179 2947 1234 corpus
2994 1165 3327 1235 accepistis?
3378 1166 3525 1222 unde

1952 1251 2222 1306 animam?
2260 1251 2407 1307 unde
2456 1252 2774 1308 interiorem
2827 1254 2983 1309 illum
3037 1253 3354 1309 hominem?
3389 1252 3449 1310 Si
3490 1269 3525 1310 a

1954 1342 2235 1414 superiore
2277 1343 2384 1398 ‘illo
2443 1343 2796 1414 nescioquo
2844 1358 2910 1398 ac
2960 1345 3192 1414 spiritali
3231 1345 3431 1401 habere
3472 1352 3527 1402 te

1954 1433 2180 1499 dixeris,
2211 1448 2308 1505 pro
2332 1448 2399 1489 eo
2437 1448 2502 1489 ac
2538 1435 2759 1490 mentiri
2788 1435 2957 1499 soles,
2989 1442 3043 1489 et
3074 1433 3190 1505 spei
3234 1434 3525 1504 cujusdam

1954 1524 2271 1581 ostensione
2308 1525 2502 1581 illusos
2528 1539 2558 1578 a
2584 1531 2636 1580 te
2659 1524 2914 1581 homines
2961 1522 3154 1579 inﬂare
3173 1562 3189 1589 ,
3241 1538 3350 1594 quo
3373 1523 3527 1594 ejus-

1954 1614 2101 1669 modi
2147 1613 2428 1685 proposito
2448 1613 2554 1670 sibi
2581 1628 2749 1683 scopo
2802 1624 2927 1669 tuas
2966 1614 3035 1668 ad
3063 1613 3373 1685 praestigias
3394 1630 3527 1685 pro-

1954 1706 2259 1774 lectentur;
2285 1705 2669 1770 dic,ohsecro,
2698 1719 2820 1775 qua:
2868 1705 2940 1760 sit
2982 1705 3224 1760 ctelestis
3271 1705 3420 1762 illius
3464 1721 3530 1763 ac

1954 1796 2220 1866 spiritalis
2253 1810 2378 1850 cum
2409 1794 2652 1850 materiae
2672 1801 2933 1851 concreto
2962 1795 3220 1859 societas,
3246 1802 3339 1849 aut
3362 1796 3530 1866 hujus

1956 1900 2084 1941 cum
2120 1885 2385 1955 animali;
2412 1893 2506 1941 aut
2549 1901 2658 1956 quo
2696 1885 2917 1942 tandem
2962 1895 3124 1957 pacto
3144 1885 3372 1942 (lreator
3410 1901 3533 1958 qua:

1956 1977 2027 2033 ad
2056 1992 2117 2033 se
2140 1977 2486 2048 pertinebant
2533 1977 2672 2033 nihil
2708 1976 3037 2033 condiderit.
3070 1977 3182 2032 Cur
3233 1992 3528 2048 supremus

1957 2069 2054 2125 ille
2092 2069 2391 2141 spiritalem
2445 2083 2603 2124 suam
2649 2068 2759 2124 vim
2819 2068 3138 2132 Conditori,
3194 2069 3290 2139 qui
3349 2068 3535 2125 minus

1959 2168 2109 2217 recte
2133 2160 2359 2215 molitus
2379 2165 2519 2223 erat,
2547 2157 2881 2214 attribuerit.
2933 2157 3047 2213 Cur
3084 2157 3227 2213 idem
3257 2158 3349 2213 ille
3372 2157 3523 2212 Con-

1961 2252 2109 2308 ditor
2152 2252 2388 2307 animale
2437 2265 2601 2306 suum
2646 2265 2773 2306 cum
2836 2249 3103 2304 materiali
3162 2248 3533 2303 commiscens

1963 2342 2207 2398 materiae
2232 2356 2396 2412 quam
2428 2340 2661 2396 habebat
2688 2340 2799 2395 vim
2827 2339 3039 2411 illigare
3070 2338 3345 2395 maluerit.
3369 2337 3529 2404 Quod

1965 2432 2014 2488 si
2031 2432 2138 2487 vim
2178 2432 2268 2487 ille
2297 2446 2455 2487 suam
2499 2430 2813 2486 immiscere
2854 2430 3032 2501 cupit,
3059 2443 3168 2484 non
3197 2430 3303 2485 erit
3353 2430 3565 2489 aliena.

1964 2523 2215 2579 materia.
2253 2521 2351 2577 Sin
2386 2533 2470 2579 est
2498 2522 2717 2588 aliena,
2769 2522 2896 2592 quis
2936 2520 2986 2577 ei
3011 2520 3107 2591 jus
3152 2520 3209 2575 in
3247 2521 3534 2576 materiam

1966 2621 2400 2684 potestatemque
2432 2612 2749 2669 concessit?
2796 2611 2876 2667 Ac
2920 2611 3157 2682 primum
3215 2610 3351 2665 illud
3403 2610 3535 2665 volo

1966 2705 2103 2761 mihi
2134 2705 2309 2768 dicas,
2328 2705 2613 2773 impostor,
2666 2711 2850 2757 utrum
2881 2703 3079 2757 animas
3108 2700 3362 2757 inductus
3387 2702 3536 2763 odio,

1968 2812 2039 2852 an
2099 2796 2247 2867 quod
2313 2795 2558 2850 futurum
2604 2802 2723 2850 erat
2767 2793 3047 2863 ignorans,
3114 2790 3343 2845 materia
3389 2788 3540 2844 illam

1969 2888 2307 2944 astrinxerit.
2338 2886 2457 2941 Non
2489 2885 2681 2942 dubito
2728 2884 2862 2955 quin
2892 2883 3088 2938 horum
3121 2895 3371 2938 asserere
3404 2896 3541 2936 neu-

1967 2983 2110 3032 trum
2135 2974 2356 3033 audeas.
2381 2973 2578 3030 Procul
2629 2971 2774 3029 enim
2804 2972 2969 3039 absit,
3000 2971 3281 3027 materiam
3313 2976 3368 3025 ut
3403 2984 3532 3026 cor-

1966 3082 2071 3138 pus
2099 3065 2453 3136 appellemus,
2479 3070 2572 3117 aut
2601 3078 2690 3118 res
2728 3078 2756 3115 a
2794 3061 2906 3117 Deo
2953 3061 3225 3117 conditas.
3262 3059 3370 3116 Sed
3400 3060 3541 3116 alte-

1965 3156 2084 3212 rius
2129 3153 2431 3225 cujusdam
2468 3153 2715 3209 matcrim
2772 3152 3059 3222 Scriptura
3117 3150 3366 3206 meminit
3416 3159 3545 3220 post

1968 3247 2136 3302 vilem
2157 3244 2299 3299 hanc
2318 3250 2373 3299 et
2413 3242 2705 3313 abjectam,
2734 3257 2857 3313 quae
2888 3241 3114 3297 cuilibet
3144 3239 3250 3294 arti
3278 3241 3545 3310 operique

1966 3338 2315 3410 proponitur.
2338 3334 2666 3406 Cuiusmodi
2691 3345 2775 3391 est
2796 3336 2907 3400 ille,
2928 3334 3023 3406 qui
3047 3349 3112 3389 ex
3136 3334 3320 3389 animo
3360 3333 3543 3403 pullu-

1970 3432 2072 3497 lat,
2109 3429 2429 3501 inquinatus
2469 3426 2638 3482 animi
2684 3434 2888 3490 motus,
2926 3441 2992 3481 ac
3022 3426 3305 3482 lutulenta:
3331 3423 3547 3495 peccati

1970 3520 2361 3593 cogitationes:
2435 3533 2559 3589 quae
2606 3533 2675 3574 ex
2728 3517 3055 3574 fetidissimo
3138 3531 3333 3585 coeno,
3397 3513 3549 3570 velut

1970 3612 2283 3669 tcterrimus
2352 3623 2520 3678 vapor
2578 3624 2643 3663 ac
2688 3611 2953 3679 pestilens
2996 3610 3247 3680 spiritus,
3307 3605 3545 3662 exhalat.

290 3716 468 3785 Quam
493 3712 564 3768 ob
597 3727 820 3768 causam
876 3710 1070 3766 beatus
1132 3706 1224 3762 ille
1269 3703 1462 3769 David,
1506 3718 1631 3758 cum
1670 3718 1795 3758 eum
1852 3702 2218 3760 conscelerati
2277 3700 2529 3756 homines
2592 3706 3060 3770 persequerentur
3131 3713 3199 3753 ac
3259 3695 3550 3752 calumniis

291 3806 666 3870 incesserent,
720 3802 930 3873 Inﬁxus
957 3816 1096 3865 sum,
1144 3799 1344 3869 inquit,
1371 3798 1425 3850 in
1449 3800 1672 3850 materia
1696 3796 1948 3867 profundi
1970 3798 2015 3865 ⁸,
2036 3805 2144 3853 etc.

364 3901 443 3953 E'.
497 3895 713 3967 Ἐπειδὴ
750 3895 808 3950 δέ
857 3911 939 3948 σοι
984 3892 1147 3956 δοκεῖ,
1162 3889 1495 3962 Ἡρακλέων,
1527 3888 1686 3943 τοῦτο
1711 3889 1865 3959 λέγε-

297 3991 422 4047 σθαι
471 3987 623 4059 ὓλην,
650 3985 758 4039 τῶν
806 3981 1106 4056 ἀνθρώπων
1138 3979 1205 4035 τὰ
1240 3979 1488 4052 σώματα,
1515 3980 1611 4033 καὶ
1639 3980 1731 4034 τὸν
1776 3983 1865 4035 ἐν-

297 4082 424 4139 θάδε
476 4079 678 4151 κόσμον
731 4078 973 4132 ἆπαντα’
1009 4074 1103 4129 ἐπὶ
1144 4073 1281 4146 ποίῳ
1309 4071 1495 4144 σκοπῷ
1525 4072 1625 4144 τὴν
1671 4071 1867 4127 ἐαυτοῦ

296 4173 477 4244 ψυχὴν
507 4174 536 4226 ὁ
562 4168 900 4243 Δημιουργδς
931 4170 997 4239 τῇ
1045 4166 1147 4239 ὕλῃ
1171 4163 1557 4237 ὲγκατέμιξεν;
1586 4164 1650 4218 Ei
1691 4164 1787 4236 μὲν
1808 4164 1871 4268 τὸ
1905 4213 1948 4268 D

298 4264 537 4336 πονηρὸν
569 4262 800 4331 ἀγνοῶν,
829 4261 890 4314 οὺ
920 4258 1143 4313 δύναται
1170 4257 1521 4329 δημιουργεῖν
1555 4257 1584 4310 ὁ
1614 4254 1690 4327 μὴ
1713 4253 1875 4324 γινώ-

303 4348 449 4410 σκων
486 4354 515 4408 ὃ
549 4352 795 4425 βούλεται
838 4349 1264 4423 δημιουργῆσαι.
1298 4347 1434 4401 Οὔτε
1467 4347 1576 4419 γὰρ
1622 4348 1783 4418 ἡμεῖς
1821 4363 1873 4399 τι

301 4449 616 4520 πράττομεν
667 4444 786 4499 καθ’
817 4443 1055 4513 ἑκάστην
1109 4441 1304 4511 τέχνην
1333 4437 1708 4509 ἐργαζόμενοι,
1738 4437 1872 4508 ὅπερ

302 4539 361 4591 οὐ
411 4534 660 4606 νοοῦμεν.
712 4533 823 4588 Καὶ
869 4528 1355 4604 προενθυμούμεθα
1382 4528 1489 4600 γὰρ
1536 4526 1566 4580 δ
1612 4525 1877 4582 ἐπιτελεῖν

305 4629 632 4702 βουλόμεθα,
662 4628 760 4681 καὶ
803 4626 1024 4696 οἴδαμεν
1057 4624 1186 4696 πρὶν
1229 4622 1453 4692 ποιῆσαι
1496 4619 1525 4673 δ
1568 4617 1878 4673 ἐπιτελέσαι

306 4720 690 4797 προῃρήμεθα.
720 4719 913 4774 Καίτοι
957 4734 1022 4786 γε
1066 4717 1249 4788 ἡμεῖς
1276 4712 1519 4776 ἀσθενεῖς
1568 4711 1742 4773 ὄντες,
1785 4709 1879 4762 καὶ

308 4814 482 4871 πολλὰ
506 4812 822 4875 ἀποδέοντες
856 4809 955 4882 τῆς
973 4806 1066 4862 τοῦ
1094 4805 1229 4861 Θεοῦ
1253 4804 1532 4876 δυνάμεως
1554 4820 1567 4834 '
1596 4801 1684 4857 διὰ
1700 4801 1758 4855 δὲ
1778 4802 1877 4873 τῆς

308 4901 603 4961 ὐπ’-αὐτοῦ
638 4900 1035 4974 κεχαρισμένης
1077 4895 1342 4959 συνέσεως
1393 4894 1504 4959 τοῖς
1545 4892 1871 4965 ἀνθρώποις,

308 5000 531 5070 οἴδαμεν
572 4996 668 5050 καὶ
714 4993 962 5065 νοοῦμεν.
1012 4990 1335 5062 Συμδέσηκε
1382 4988 1439 5042 δέ
1478 5004 1583 5053 σοι,
1634 4978 1681 5039 ὧ
1719 4984 1883 5055 Ἦρα-

311 5090 505 5154 κλέων,
534 5091 571 5160 ἡ
608 5090 674 5141 ἐκ
705 5085 840 5140 Θεοῦ
887 5083 1100 5146 σύνεσις
1142 5084 1223 5146 είς
1255 5079 1458 5151 βλάϐην
1478 5096 1495 5113 ο
1520 5079 1603 5133 ὅτι
1639 5077 1714 5150 μὴ
1746 5076 1888 5131 κατά

311 5182 443 5236 Θεὸν
469 5178 641 5252 αὐτὴν
670 5174 1053 5251 πραγματεύῃ,
1077 5172 1214 5228 ἀλλά
1253 5171 1394 5227 κατὰ
1436 5168 1677 5242 πονηρὰν
1700 5168 1888 5238 ἐπιτή-

2054 3887 2119 3943 ν.
2156 3886 2360 3943 Verum
2410 3882 2881 3957 quandoquidem,
2934 3896 2969 3937 o
3020 3878 3285 3936 Heracleo
3311 3919 3326 3946 ,
3372 3879 3550 3951 placet

1972 3980 2074 4038 tibi
2126 3977 2412 4035 materiam
2451 3976 2737 4034 hominum
2785 3989 2911 4033 esse
2955 3987 3218 4043 corpora,
3271 3980 3552 4041 totumque

1973 4072 2122 4130 istud
2168 4072 2485 4128 universum
2520 4089 2535 4125 :
2569 4083 2756 4142 quaero
2791 4068 2891 4123 abs
2929 4074 2983 4122 te
3035 4065 3234 4137 quibus
3271 4063 3337 4118 de
3370 4062 3552 4119 causis

1975 4165 2141 4239 εδδ
2181 4165 2430 4224 animam.
2460 4177 2617 4218 suam
2671 4159 2914 4217 materia;
2964 4158 3193 4213 Creator
3238 4153 3548 4211 inseruerit.

1979 4255 2039 4313 Si
2073 4256 2275 4312 malum
2300 4255 2572 4326 ignoravit
2597 4291 2612 4317 ,
2636 4252 2729 4323 qui
2757 4251 2904 4321 quod
2937 4248 3117 4305 moliri
3157 4247 3275 4305 vult
3303 4246 3551 4317 ignorat,

1977 4345 2187 4403 ellicere
2233 4346 2460 4401 omnino
2506 4343 2646 4400 nihil
2693 4349 2894 4413 potest.
2934 4340 3120 4412 Neque
3165 4339 3311 4396 enim
3346 4352 3449 4397 nos
3497 4336 3554 4390 in

1978 4436 2209 4509 singulis
2247 4436 2456 4492 artibus
2495 4435 2753 4490 molimur
2799 4433 3077 4505 quidpiam
3097 4473 3113 4500 ,
3145 4430 3292 4502 quod
3325 4446 3434 4485 non
3466 4427 3557 4483 ius

1981 4528 2296 4601 telligimus.
2343 4525 2621 4599 Quidquid
2657 4533 2842 4582 autem
2878 4524 3140 4596 perlicere
3180 4522 3464 4587 volumus,
3498 4517 3552 4573 id

1982 4620 2077 4676 diu
2118 4628 2243 4675 ante
2296 4619 2632 4675 meditantur
2674 4626 2730 4675 et
2772 4618 2922 4689 quod
2966 4615 3275 4672 iaciendum
3308 4610 3556 4681 suscepi-

1983 4728 2129 4780 mus,
2156 4712 2339 4767 animo
2366 4720 2492 4768 ante
2511 4719 2568 4766 et
2595 4711 2907 4783 cognitione
2933 4706 3364 4787 complectimur.
3389 4702 3555 4773 Atqui

1982 4802 2281 4859 imbecilles
2312 4801 2419 4872 ipsi
2457 4816 2678 4867 sumus,
2705 4808 2760 4856 et
2790 4801 2950 4870 longe
2983 4814 3014 4852 a
3047 4798 3231 4872 divina
3290 4800 3558 4866 potestate

1979 4892 2289 4959 vincimur;
2332 4870 2397 4947 et
2449 4898 2630 4945 tamen
2669 4904 2770 4960 pro
2803 4889 2969 4944 insita
3016 4888 3084 4941 ab
3121 4870 3215 4941 illo
3249 4884 3431 4955 generi
3461 4882 3557 4938 hu-

1982 4994 2148 5037 mano
2169 4981 2390 5038 solertia
2423 4981 2676 5036 novimus
2712 4978 2859 5034 istud
2894 4985 2949 5033 et
2981 4982 3160 5032 mente
3202 4972 3555 5044 percipimus.

1986 5072 2110 5129 Tibi
2140 5080 2321 5128 autem
2343 5072 2628 5137 nimirum,
2666 5070 2962 5135 Heracleo,
2996 5080 3261 5123 concessa
3294 5065 3385 5120 illa
3416 5062 3557 5121 divi-

1990 5166 2140 5223 nitus
2159 5164 2517 5236 intelligentia
2543 5162 2720 5219 fraudi
2752 5160 2875 5228 fuit,
2898 5159 3045 5233 quod
3073 5176 3185 5216 non
3209 5173 3279 5216 ex
3298 5157 3392 5213 Dei
3418 5172 3560 5229 prae-

387 5341 405 5372 ³
432 5336 593 5394 Corr.
614 5330 948 5406 ὑποσυρῶσι.
1023 5334 1044 5364 ³
1061 5327 1216 5386 Corr.
1244 5323 1629 5399 προκειμένην.
1705 5321 1727 5353 ⁸
1743 5316 1805 5377 F.
1828 5320 1862 5373 δ⁴

1966 5318 2109 5391 Sylla.
2188 5318 2210 5350 ⁸
2235 5316 2377 5374 LXX
2410 5317 2524 5373 ίλύν
2553 5317 2912 5388 scripserunt.
2981 5318 3003 5351 ⁸
3036 5316 3180 5374 Psal.
3214 5331 3403 5379 ιινιιι,
3432 5316 3477 5370 5.

325 5591 458 5647 ἰλύν.

384 5515 505 5592 (ιό)
555 5513 894 5586 Ἐνεπὰγην
936 5513 1020 5581 εις
1069 5512 1240 5581 ὕλην.
1274 5508 1485 5567 Vitioso
1525 5504 1713 5562 codice
1756 5519 1858 5562 usu

1966 5512 2015 5561 st
2045 5502 2310 5574 Epiphan.
2348 5500 2484 5558 Nam
2532 5502 2663 5576 ὓλην
2702 5500 2838 5558 haud
2878 5499 3042 5559 dubie
3100 5503 3413 5567 corruptum
3455 5501 3558 5565 pro
