4078 6074
457 217 561 275 639

1888 211 1948 268 S.
1980 211 2318 271 EPIPHANII

3589 201 3692 260 διο

458 328 701 398 scripto,
736 325 831 383 sed
868 340 934 381 ex
971 324 1209 396 pessimo
1239 324 1403 379 animi
1441 322 1519 378 tui
1560 321 1744 379 studio
1776 338 2029 381 exercere

2143 326 2456 383 5ευσιν.Ἔτι
2498 325 2554 380 δὲ
2596 324 2756 380 πάλιν
2788 320 2918 396 ἐρῶ,
2952 319 3116 377 πόθεν
3146 317 3301 392 ἢτοῦ
3324 318 3693 390 πνευματικοῦ

458 419 608 473 illam
651 419 989 475 institueris!
1037 416 1151 471 Hoc
1194 431 1361 470 unum
1410 415 1637 485 insuper
1683 416 1840 470 velim
1896 416 2029 472 mihi

458 509 815 578 respondeas,
839 509 1110 563 undenam
1149 505 1418 576 spiritalis
1455 505 1604 561 illius
1624 546 1639 570 ,
1662 522 1822 576 quem
1853 513 1910 561 tu
1945 508 2030 561 iu-

458 601 713 655 teriorem
750 599 1020 653 hominem
1059 613 1248 663 vocas,
1283 611 1407 651 cum
1441 597 1663 650 animali
1691 612 1753 651 ac
1785 599 2032 652 materia-

458 690 532 755 li,
568 693 685 745 sive
718 690 962 745 secundo
1011 703 1075 742 ac
1118 688 1315 751 tertio,
1353 687 1720 757 exteriorique
1751 686 1889 741 adeo
1929 687 2029 741 ho-

444 780 606 835 .mine
637 779 937 847 conjuncti,
970 780 1046 835 sit
1078 779 1219 833 facta
1249 778 1550 833 concretio.
1583 778 1641 831 Si
1670 777 1737 832 de
1765 792 2031 847 suprema:

456 869 705 933 virtutis,
739 870 842 924 hoc
883 878 971 925 est
1008 869 1258 925 Parentis
1292 870 1564 932 omnium,
1605 883 1765 938 quem
1797 869 2030 940 Bythum

457 960 625 1013 etiam
655 974 823 1016 vocas
844 999 859 1021 ,
890 961 1174 1014 voluntate
1202 968 1415 1030 gestum
1452 958 1692 1021 dixeris,
1728 974 1836 1013 non
1872 967 2034 1015 erunt

459 1044 655 1118 igitur,
702 1058 764 1103 ut
800 1049 1009 1105 dictum
1026 1061 1142 1113 est,
1178 1058 1381 1105 creatae
1422 1051 1541 1105 ista:
1579 1049 1913 1121 inﬁrmaque
1944 1066 2034 1107 res

458 1142 641 1195 omnis
693 1155 818 1195 cum
872 1141 1251 1211 superioribus
1296 1142 1701 1197 communionis
1745 1150 2031 1212 expertes;

457 1232 807 1301 idipsumque
856 1232 924 1287 de
958 1233 1195 1301 supremi
1231 1230 1479 1287 Parentis
1511 1233 1775 1296 consilio,
1830 1248 1894 1287 ac
1924 1248 2038 1288 ca:-

462 1322 594 1377 litns
640 1322 862 1393 delapsa
914 1324 1005 1376 illa
1062 1323 1297 1378 scintilla
1351 1333 1795 1392 consequentur;
1831 1325 1922 1394 qui
1953 1333 2037 1380 est

462 1410 689 1467 intimus
738 1414 829 1468 ille
865 1412 1125 1483 opinione
1160 1422 1251 1466 tua
1304 1427 1367 1468 ac
1416 1414 1679 1483 spiritalis
1718 1415 1899 1468 homo.
1938 1414 2035 1470 Sin

461 1500 814 1559 Conditorem
854 1504 1027 1558 mavis
1078 1504 1133 1558 in
1168 1504 1385 1558 defectu
1425 1514 1589 1574 atque
1631 1512 1872 1572 egestate
1901 1518 2035 1559 con-

460 1592 747 1656 stitutum,
796 1602 891 1647 aut
930 1594 1052 1663 ejus
1091 1601 1320 1648 matrem
1345 1632 1359 1657 ,
1404 1608 1567 1663 quam
1596 1594 1895 1647 Achamoth
1938 1609 2038 1648 no-

2131 417 2278 489 μῖξις
2325 416 2403 488 τῷ
2448 415 2664 487 ψυχικῷ
2687 433 2747 470 τε
2784 416 2876 468 καὶ
2904 412 3093 483 ὑλικῷ,
3125 411 3154 465 ὃ
3182 411 3401 481 λέγεται
3432 411 3582 482 παρά
3608 412 3693 466 σοὶ

2130 508 2237 563 ἔσω
2279 507 2582 580 ἄνθρωπος,
2612 507 2691 578 τῷ
2721 507 2954 577 δευτέρῳ
2982 505 3076 559 καὶ
3096 503 3264 575 τρίτῳ
3295 502 3399 567 ἔξω
3424 500 3695 573 ἀνθρώπῳ

2135 600 2464 671 συνημμένῳ
2486 602 2528 665 ³,
2547 601 2688 669 φημὶ
2717 599 2781 669 δὴ
2813 598 2956 668 ψυχῇ
2988 596 3081 650 κα)⁸
3106 596 3347 666 σώματι;
3379 592 3491 647 Καὶ
3515 595 3564 646 εἰ
3599 593 3695 663 μὲν

2131 694 2195 745 ὲκ
2226 691 2562 762 βουλήματος
2594 691 2693 760 τῆς
2720 691 2831 744 ἀνω
2857 690 3138 758 δυνάμεως
3168 685 3262 740 τοῦ
3293 685 3402 738 τῶν
3428 684 3565 738 ὅλων
3586 684 3698 737 Πα-

2130 784 2279 855 τρδς,
2301 784 2445 854 φημὶ⁸
2471 782 2529 835 δὲ
2560 781 2654 835 τοῦ
2689 782 2831 836 κατὰ
2865 782 2925 834 σὲ
2953 777 3145 841 Βυθοῦ,
3179 778 3287 849 ἀρα
3322 793 3387 845 γε
3421 775 3523 829 οὐκ
3548 776 3699 829 ἀκοι-

2131 872 2367 943 νώνητος
2414 876 2525 937 τοῖς
2570 873 2701 934 ἄνω,
2731 872 2806 935 ῶς
2854 870 3010 941 ἔφην,
3041 871 3076 938 ἡ
3109 866 3341 921 ἐνταῦθα
3388 866 3516 936 περὶ
3551 866 3698 936 ἡμᾶς

2131 961 2309 1025 κτίσις
2350 959 2905 1030 συγκαταμιγνυμένη
2949 957 3039 1010 διά
3070 957 3168 1026 τῆς
3208 955 3303 1009 τοῦ
3342 954 3554 1025 Πατρδς
3588 954 3699 1007 ἀνω

2132 1049 2379 1115 εὐδοκίας
2405 1051 2500 1103 καὶ
2519 1050 2614 1103 τοῦ
2638 1049 2842 1104 ἀνωθεν
2868 1050 2997 1121 παρ’
3026 1046 3187 1101 αὐτοῦ
3214 1044 3700 1116 καταπεμφθέντος

2135 1141 2429 1212 σπινθῆρος
2447 1158 2462 1172 ·
2490 1142 2519 1194 6
2546 1143 2693 1195 ἐστιν
2712 1144 2739 1194 6
2768 1139 3133 1210 πνευματικὸς
3159 1137 3298 1191 κατά
3344 1137 3403 1190 σὲ
3438 1136 3533 1190 καὶ
3564 1135 3700 1189 ἑ.σώ-

2132 1248 2293 1295 τατος
2356 1231 2673 1305 ἀνθρωποςο
2706 1234 2754 1284 ει
2797 1229 2855 1284 δὲ
2902 1229 3081 1298 λέγεις
3118 1228 3207 1282 τὸν
3239 1225 3581 1298 Δημιουργὸν
3608 1225 3698 1278 τὸν

2135 1323 2193 1391 ὲν
2238 1319 2575 1390 ὲλαττώματι
2626 1320 2720 1372 xal.
2767 1316 3180 1390 ὕστερήματι,ἦ
3225 1316 3324 1385 τὴν
3373 1314 3603 1385 μητέρα,
3631 1313 3699 1385 ῆν

2134 1410 2310 1478 λέγεις
2323 1407 2597 1480 ’Δχαμὼθ,
2624 1407 2901 1479 εἰληφέναι
2933 1407 3137 1462 ἄνωθεν
3171 1406 3418 1475 δύναμιν,
3454 1404 3699 1457 τουτέστι

2134 1501 2195 1554 τὸ
2236 1500 2629 1571 πνευματικόν·
2683 1500 2865 1553 οὐκέτι
2918 1501 2973 1552 ὲν
3019 1501 3354 1570 ὑστερήματι
3386 1499 3479 1551 καὶ
3513 1498 3703 1568 ἀγνοίᾳ

2135 1592 2281 1645 ἐστὶν
2306 1594 2333 1645 6
2358 1593 2560 1663 Δημιου
2571 1592 2716 1661 ργὺς,
2744 1589 2867 1643 οὔτε
2895 1592 2929 1660 ἡ
2965 1590 3104 1643 κατά
3132 1589 3191 1642 σὲ
3226 1590 3406 1660 μήτηρ
3434 1588 3704 1658 καλουμέ-

460 1683 677 1746 minas,
731 1683 843 1736 vim
900 1683 1048 1736 illam
1087 1682 1341 1738 hausisse
1384 1683 1452 1737 de
1486 1681 1655 1746 coelo,
1708 1683 1809 1736 hoc
1855 1682 2033 1752 ipsum

2143 1699 2220 1753 νη.
2248 1682 2371 1746 Πῶς
2396 1680 2504 1752 γάρ
2528 1681 2592 1735 ἀν
2623 1698 2707 1745 τις
2732 1681 2789 1733 ὲν
2823 1678 3015 1749 ἀγνοίᾳ
3047 1679 3131 1750 εῐη
3169 1678 3378 1742 τούτου,
3409 1672 3469 1731 οὗ
3511 1676 3703 1729 ἐπιθυ-

460 1772 713 1827 videlicet
765 1773 910 1842 quod
966 1774 1212 1843 spiritale
1240 1780 1352 1837 est,
1386 1773 1636 1842 sequitur
1677 1788 1853 1842 neque
1888 1771 2033 1826 Con-

460 1863 730 1925 ditorem,
763 1879 942 1933 neque
968 1880 1131 1936 quam
1174 1873 1229 1916 tu
1276 1864 1507 1918 matrem
1536 1864 1682 1919 illius
1715 1879 2031 1932 nuncupas,

462 1955 519 2008 in
548 1955 760 2009 defectu
794 1955 1027 2024 amplius
1058 1955 1475 2026 ignorantiaque
1500 1955 1725 2007 versari.
1760 1953 1865 2020 Qui
1891 1954 2034 2008 enim

461 2045 719 2115 ignorare
770 2046 968 2115 aliquis
1012 2053 1189 2114 potest
1220 2045 1379 2114 cujus
1430 2044 1734 2115 cupiditate
1780 2045 2040 2099 ducitur?

2138 1776 2244 1843 μεῖ.
2276 1773 2339 1826 Εἰ
2366 1772 2474 1843 γὰρ
2514 1772 2651 1834 ὅλως
2698 1769 2791 1824 τοῦ
2832 1769 3138 1842 κρείττονος
3187 1768 3459 1838 ὀρέγεται,
3487 1762 3595 1819 οἶδε
3644 1766 3707 1819 τὸ

2135 1864 2300 1917 καλὸν
2350 1863 2443 1916 καὶ
2482 1862 2704 1931 ἀγαθόν.
2738 1861 2848 1915 Καὶ
2897 1863 2925 1914 6
2968 1860 3029 1913 τὸ
3076 1859 3279 1929 ἀγαθὸν
3323 1858 3703 1928 ἐπιστάμενος,

2138 1957 2232 2009 καὶ
2279 1956 2352 2028 μὴ
2396 1955 2606 2024 στυγῶν
2654 1955 2831 2019 τοῦτο,
2864 1953 2999 2007 ἀλλά
3037 1954 3382 2026 ὀρεγόμενος,
3414 1952 3517 2005 οὐκ
3557 1949 3706 2003 ἔστιν

2139 2046 2416 2118 ἀλλότριος
2436 2048 2529 2101 τοῦ
2562 2045 2784 2116 ἀγαθοῦ.

462 2134 599 2188 Nam
652 2136 698 2190 si
745 2136 1003 2198 omnino,
1066 2134 1211 2203 quod
1247 2135 1598 2204 praestantius
1637 2142 1721 2189 est
1770 2134 2079 2201 desiderat,
2121 2137 2265 2205 quod
2301 2137 2590 2191 honestum
2633 2144 2717 2191 est
2761 2136 3073 2203 bonumque
3110 2130 3409 2203 cognoscit.
3450 2128 3561 2196 Qui
3607 2143 3709 2185 au-

464 2235 571 2279 tem
622 2234 677 2279 et
708 2225 911 2279 bonum
958 2222 1269 2295 cog’nitione
1302 2226 1482 2294 capit,
1517 2239 1693 2295 neque
1725 2226 1839 2279 odit
1867 2225 1998 2280 illud
2019 2267 2034 2291 ,
2077 2227 2171 2283 sed
2208 2228 2430 2298 appetit,
2462 2242 2490 2280 a
2518 2227 2661 2282 bono
2700 2240 3042 2295 nequaquam
3075 2223 3280 2278 alienus
3310 2228 3418 2276 est.

532 2318 620 2373 Vl.
652 2318 762 2373 Sed
796 2334 864 2373 ne
905 2320 957 2373 in
992 2321 1390 2390 persequendis
1424 2322 1719 2391 importuni
1769 2322 1918 2376 illius
1950 2337 2045 2377 ne-

463 2410 684 2463 bulonis
721 2408 1009 2465 fraudibus
1054 2410 1262 2465 diutius
1292 2412 1526 2466 haaream
1546 2451 1560 2476 ,
1596 2413 1664 2467 iis
1692 2428 1812 2483 qua:
1840 2427 2043 2483 propo-

466 2501 570 2553 sita
598 2506 728 2552 sunt
761 2513 859 2553 ero
889 2504 1201 2555 contentus.
1233 2501 1367 2554 Cum
1396 2503 1690 2571 pmsertim
1728 2502 1809 2556 vel
1835 2518 1899 2557 ex
1936 2502 2040 2556 hoc

468 2604 576 2643 uno
612 2590 762 2645 illius
800 2600 1131 2645 evanescant
1163 2591 1400 2657 somnia,
1436 2591 1583 2662 quod
1613 2608 1771 2648 nemo
1800 2601 1884 2648 est
1912 2594 2044 2664 quin

468 2687 850 2735 universorum
897 2680 1184 2736 Dominum
1238 2683 1438 2737 bonum
1491 2699 1614 2740 esse
1656 2686 1947 2755 omniaque
1984 2694 2038 2740 et

468 2772 785 2842 praevidere,
809 2784 863 2828 et
894 2774 1072 2827 moliri
1108 2789 1271 2843 posse
1306 2775 1525 2836 sentiat,
1551 2785 1826 2846 totamque
1854 2792 2035 2830 rerum

469 2872 719 2919 naturam
758 2865 828 2919 ab
876 2866 968 2920 illo
996 2865 1271 2921 conditam
1326 2866 1586 2936 praeclare
1620 2867 1843 2921 omnino
1867 2866 2036 2920 fabri-

2209 2322 2281 2375 Σ’.
2321 2323 2432 2376 Kal.
2472 2323 2560 2376 ἵνα
2607 2321 2680 2392 μὴ
2718 2318 3129 2391 κατατρίϐωμαι
3167 2317 3295 2389 περὶ
3324 2317 3425 2379 τὰς
3460 2314 3711 2385 μηχανὰς

2137 2413 2230 2465 τοῦ
2285 2412 2519 2484 ἀγύρτου
2566 2411 2979 2482 ἀσχολούμενος,
3024 2409 3232 2470 τούτοις
3273 2404 3708 2476 ἀρκεσθήσομαι.

2139 2505 2296 2558 Πᾶσα
2320 2504 2428 2573 γάρ
2449 2502 2613 2556 αὐτοῦ
2641 2502 2835 2554 ἔπεσεν
2862 2502 2895 2572 ἡ
2925 2497 3162 2570 ληρῳδία
3185 2496 3295 2579 aut;
3321 2495 3416 2548 τοῦ
3443 2495 3553 2549 τῶν
3574 2495 3712 2548 πάν·

2140 2613 2246 2649 των
2270 2597 2544 2665 Δεσπότην
2571 2595 2704 2647 πᾶσι
2733 2592 2914 2661 σαφῶς
2940 2587 3335 2661 ὁμολογηθῆναι
3354 2586 3554 2655 ἀγαθὸν
3580 2586 3711 2638 ὄντα

2143 2691 2234 2743 καὶ
2264 2686 2723 2760 προγινώσκοντα.
2760 2686 2852 2739 καὶ
2879 2684 3169 2755 δυνάμενον
3202 2682 3271 2735 τά
3297 2681 3472 2735 πάντα
3500 2682 3674 2733 ποιεῖν
3691 2694 3706 2709 ’

2142 2780 2236 2833 καὶ
2271 2779 2345 2841 ὡς
2374 2778 2462 2831 ὑπ’
2491 2777 2653 2830 αὑτοῦ
2684 2779 2835 2830 nisa
2859 2776 3017 2846 φύσις
3044 2773 3363 2845 ὑπάρχουσα
3395 2770 3587 2838 κτιστὴ
3608 2786 3710 2821 κα-

2142 2869 2249 2932 λῶς
2292 2870 2602 2938 γεγένηται.
2631 2867 2767 2920 Οὔτε
2799 2866 2907 2937 γάρ
2931 2865 3149 2919 δυνατὸν
3191 2863 3319 2917 ἄνευ
3359 2860 3450 2914 τοῦ
3491 2858 3630 2912 Θεοῦ
3657 2876 3711 2913 τι

472 2963 649 3009 ratam
671 2956 964 3011 existimet.
992 2955 1132 3010 Nihil
1160 2959 1306 3011 enim
1330 2956 1536 3027 absque
1562 2955 1670 3012 Deo
1700 2964 1875 3027 potest
1896 2957 2044 3012 exsi-

2150 2956 2306 3024 εἶναι,
2336 2960 2505 3031 ἀλλ’ἢ
2535 2960 2692 3031 μόνον
2719 2960 2751 3029 ἡ
2780 2956 3021 3029 ἁμαρτία
3064 2956 3163 3009 οὐκ
3203 2954 3400 3025 ἔχουσα
3423 2951 3599 3023 ἀρχὴν
3631 2951 3715 3022 ρε-

386 3106 395 3117 ,
472 3057 637 3112 stere,
683 3056 1042 3117 praeterquam
1078 3055 1362 3117 peccatum
1384 3087 1399 3111 ,
1427 3048 1588 3117 cujus
1615 3048 1769 3101 radix
1797 3056 1850 3104 et
1887 3050 2042 3119 origo

471 3141 742 3212 principio
791 3145 982 3205 caret;
1044 3154 1223 3210 neque
1270 3145 1534 3209 perpetuo
1585 3147 1802 3203 manet,
1844 3140 1940 3197 sed
1986 3139 2043 3194 in

474 3230 778 3301 nobisipsis
795 3230 1148 3285 adventitium
1170 3231 1375 3286 iuestet
1393 3230 1734 3285 extrinsecus
1748 3230 2040 3295 adscitum,

475 3323 636 3393 267
685 3330 739 3378 et
767 3337 796 3376 a
838 3322 995 3377 nobis
1050 3337 1268 3376 rursum
1312 3321 1474 3375 habet
1520 3328 1578 3374 ut
1625 3335 1750 3376 esse
1793 3304 2043 3387 desinat,

476 3414 933 3483 quemadmodum
971 3430 1095 3468 cum
1141 3413 1460 3484 singillatim
1499 3411 1763 3467 adversus
1812 3412 2046 3469 haereses

476 3506 815 3575 disputarem
880 3506 1082 3575 ubique
1118 3506 1437 3569 ,monstravi
1493 3524 1506 3560 :
1558 3502 1736 3559 Unum
1795 3505 2047 3559 videlicet

478 3610 603 3649 esse
652 3594 856 3658 Deum,
900 3610 927 3648 a
975 3609 1082 3664 quo
1138 3594 1279 3648 facta
1328 3594 1655 3665 conditaque
1691 3593 1801 3649 sint
1835 3593 2044 3659 omnia,

482 3685 698 3740 Patrem
749 3684 962 3739 Domini
1015 3686 1188 3741 nostri
1222 3685 1351 3741 Jesu
1396 3685 1829 3753 Christi;unum
1861 3684 2046 3740 itidem

480 3794 604 3835 esse
646 3775 842 3833 Filium
888 3777 1008 3848 ejus
1051 3777 1400 3850 Unigenitum
1428 3779 1714 3834 Dominum
1760 3785 2045 3841 nostrum,

485 3869 827 3925 Salvatorem
858 3882 921 3922 ac
952 3867 1152 3935 Deum;
1178 3884 1344 3923 unum
1374 3883 1593 3939 quoque
1624 3866 1884 3939 Spiritum
1925 3883 2050 3923 san-

483 3970 631 4015 ctum
650 3978 665 4027 ;
684 3967 1137 4022 unanrsanctam,
1160 3958 1789 4029 consubstantialemque
1810 3958 1853 4012 Τ
1860 3961 2019 4013 rinita
2037 3987 2050 3998 -

484 4059 628 4115 tem,
683 4066 713 4105 a
761 4066 869 4122 qua
917 4058 1069 4106 recte
1107 4057 1237 4103 sunt
1277 4050 1531 4104 universa
1576 4058 1906 4119 procreata:
1942 4066 2048 4104 non

484 4147 663 4216 aliqua
688 4145 851 4209 mala,
874 4144 967 4201 sed
995 4142 1214 4197 omnino
1239 4142 1402 4202 bona,
1425 4150 1586 4210 prout
1611 4142 1873 4196 bonitatis
1905 4143 2051 4197 illius

483 4237 736 4291 voluntas
766 4236 910 4289 tulit.
942 4233 1142 4290 Eadem
1166 4246 1327 4303 porro
1367 4247 1398 4287 e
1437 4231 1609 4286 nihilo
1642 4241 1701 4285 ut
1730 4240 1914 4286 essent
1949 4232 2051 4285 ali-

2146 3052 2265 3124 ζης,
2297 3052 2417 3106 οὐδὲ
2466 3054 2546 3115 εἰς
2571 3051 2721 3116 τέλος
2755 3050 3008 3121 μένουσα,
3037 3049 3092 3100 ὲν
3117 3048 3247 3116 ἡμῖν
3284 3045 3341 3097 δὲ
3372 3044 3715 3107 ὲπεισάκτως

2144 3143 2425 3215 γινομένη,
2475 3145 2569 3197 κα)⁵
2616 3144 2710 3212 ἀφ’
2744 3142 2900 3215 ἡμῶν
2950 3139 3110 3193 πάλιν
3156 3136 3459 3206 παυομένη.
3499 3134 3576 3197 ὡς
3618 3135 3715 3187 καὶ

2145 3235 2417 3307 πανταχοῦ
2444 3235 2584 3290 κατά
2626 3234 2812 3288 πασῶν
2840 3232 2947 3287 τῶν
2979 3230 3241 3303 αἱρέσεων
3272 3226 3592 3298 ποιούμενος
3624 3225 3716 3278 τὸν

2143 3326 2299 3395 λόγον
2346 3323 2628 3390 ἀπέδειξαο
2676 3326 2757 3378 ὅτι
2804 3320 2884 3388 εἷς
2933 3325 3077 3376 ἐστιν
3120 3321 3149 3374 6
3193 3318 3326 3381 Θεὸς
3370 3318 3399 3369 6
3443 3316 3513 3370 τά
3540 3315 3718 3368 πάντα

2145 3420 2377 3489 ποιήσας
2419 3418 2513 3471 καὶ
2557 3416 2988 3487 δημιουργήσας,
3048 3416 3077 3466 6
3124 3410 3314 3482 Πατὴρ
3360 3408 3454 3461 τοῦ
3508 3406 3715 3477 Κυρίου

2146 3511 2302 3583 ἡμῶν
2338 3506 2832 3579 Ἰησοῦ’Χριστοῦ’
2880 3507 2975 3559 xal.
3025 3499 3103 3568 εἷς
3137 3504 3166 3556 6
3211 3494 3507 3574 μονογενὴς
3551 3495 3715 3551 αὐτοῦ

2149 3602 2305 3666 Παῖς,
2335 3602 2364 3653 6
2386 3598 2589 3669 Κύριος
2619 3596 2776 3667 ἡμῶν
2800 3597 2892 3650 καὶ
2921 3595 3111 3665 Σωτὴρ
3138 3593 3231 3646 καὶ
3258 3591 3387 3654 Θεός
3408 3606 3421 3620 ·
3455 3589 3552 3642 καὶ
3566 3588 3625 3640 ἒν
3658 3586 3719 3640 τὸ

2148 3692 2303 3759 ἅγιον
2332 3686 2496 3742 αὑτοῦ
2520 3684 2740 3755 Πνεῦμα
2761 3703 2775 3716 ο
2812 3685 2911 3756 μία
2939 3684 3105 3756 Τριάς
3134 3682 3263 3750 ἀγία
3291 3680 3384 3734 καὶ
3408 3677 3716 3750 ὁμοούσιος,

2149 3780 2210 3846 ἐξ
2234 3776 2301 3853 ἦς
2331 3780 2400 3833 τὰ
2430 3779 2610 3833 πάντα
2651 3776 2830 3841 καλῶς
2862 3774 3177 3846 ἐκτισμένα,
3212 3772 3272 3825 οὐ
3319 3768 3535 3841 πονηρά
3573 3785 3717 3831 τινα,

2150 3865 2285 3921 ἀλλά
2318 3864 2517 3935 ἀγαθὰ.
2548 3864 2686 3919 κατά
2718 3863 2815 3935 τὴν
2847 3862 3019 3929 οὕτως
3054 3861 3421 3929 εὖδοκήσασαν
3451 3856 3720 3927 ἀγαθότη-

2147 3974 2243 4022 τα,
2265 3956 2323 4023 ἐξ
2351 3958 2450 4011 οὐκ
2475 3956 2643 4009 ὄντων
2674 3954 2984 4025 κεκλημένα
3018 3955 3097 4015 εἰς
3129 3952 3190 4005 τὸ
3219 3944 3454 4020 εἷναι.ᾯ
3486 3948 3608 4019 Θεῷ
3637 3947 3721 4000 δό-

2152 4048 2235 4115 ξα,
2271 4048 2365 4102 καὶ
2396 4048 2550 4119 τιμὴ,
2582 4046 2677 4099 καὶ
2706 4045 2904 4117 κράτος
2937 4045 3111 4115 Πατρὶ
3135 4045 3191 4097 ἐν
3226 4041 3359 4111 Υἱῷ,
3390 4039 3506 4110 Υξῷ
3533 4042 3590 4093 ὲν
3612 4039 3724 4091 Πα-

2150 4139 2259 4210 τρὶ,
2290 4140 2384 4191 σὺν
2404 4138 2541 4209 ἁγίῳ
2567 4135 2842 4207 Πνεύματι
2875 4137 2954 4199 εἰς
2982 4135 3105 4198 τοὺς
3134 4133 3333 4197 αἰῶνας
3353 4131 3463 4185 τῶν
3484 4129 3719 4186 αἰώνων.

2164 4230 2220 4283 Ἀ
2230 4230 2357 4300 μήν.

485 4326 617 4396 quid
656 4334 878 4380 evocata
939 4333 1088 4381 sunt.
1132 4323 1233 4379 Cui
1256 4320 1475 4394 quidem
1509 4321 1618 4377 Deo
1656 4322 1851 4393 gloria,
1910 4324 2084 4377 honor
2121 4330 2175 4378 et
2225 4320 2511 4391 imperium
2570 4319 2675 4385 sit,
2716 4317 2865 4373 Patri
2915 4319 2970 4373 in
3008 4316 3179 4382 Filio,
3221 4314 3362 4370 Filio
3435 4313 3488 4367 in
3529 4311 3725 4379 Patre,

486 4434 611 4475 cum
670 4415 872 4487 Spiritu
931 4426 1153 4482 sancto,
1208 4417 1263 4471 in
1317 4418 1517 4472 saecula
1568 4416 1912 4473 saeculorum.
1973 4417 2164 4470 Amen.

559 4511 670 4565 llac
698 4511 861 4581 igitur
884 4510 1075 4565 heresi
1105 4510 1295 4580 paucis
1330 4510 1383 4563 in
1409 4510 1555 4564 hunc
1586 4511 1802 4565 modum
1834 4526 2045 4573 eversa,

2219 4507 2435 4579 Ταύτης
2461 4507 2517 4560 δὲ
2559 4505 2717 4559 πάλιν
2755 4505 3119 4574 ποιησάμενος
3161 4501 3258 4573 τὴν
3290 4499 3608 4571 ἀνατροπὴν
3638 4497 3724 4552 διά

486 4602 556 4656 ad
589 4602 826 4671 reliquas
855 4599 1187 4671 pergendum
1228 4618 1243 4654 :
1273 4615 1409 4669 quas
1442 4601 1763 4671 singillatim
1797 4614 1957 4671 prout
2000 4601 2053 4655 in

489 4693 646 4746 nobis
675 4692 838 4746 situm
862 4691 987 4752 erit,
1010 4689 1336 4750 refellemus,
1364 4704 1426 4744 ac
1447 4689 1920 4758 perniciosissima-
1936 4690 2053 4742 illa-

488 4800 612 4840 rum
666 4784 920 4852 nequitiae
969 4782 1189 4835 modum
1251 4779 1655 4836 adhibebimus.
1715 4779 1850 4847 Seps
1909 4780 2053 4833 enim

489 4873 685 4929 merito
731 4873 820 4928 ille
874 4871 1144 4927 nominari
1202 4879 1395 4942 potest.
1448 4869 1602 4936 Quod
1651 4869 1841 4924 bestiae
1886 4883 2057 4936 genus

488 4981 597 5023 non
627 4975 737 5021 tam
762 4978 991 5036 serpens
1008 4979 1197 5036 ,quam
1220 4964 1412 5035 reptile
1440 4958 1752 5034 quadrupes
1778 4969 1889 5024 est,
1921 4961 2052 5016 stel-

604 5136 665 5178 r.
691 5122 1058 5194 συνημμένου.
1131 5122 1153 5155 ⁸
1187 5119 1250 5175 F.
1278 5120 1419 5189 ὄφις,
1454 5126 1507 5175 et
1537 5134 1661 5174 mox
1690 5118 2011 5189 τετράπουν.

562 5236 677 5304 (ιι)
718 5237 857 5305 Σὴψ
877 5239 988 5306 γὰρ
1009 5232 1185 5303 οὗτος
1210 5237 1286 5290 ἂν
1312 5233 1564 5304 λέγοιτο.
1612 5233 1748 5306 Seps
1776 5235 1914 5306 alius
1941 5247 2060 5306 ser-

492 5303 666 5375 pens,
692 5303 831 5360 alius
864 5303 1087 5375 lacerta.
1131 5303 1406 5360 Posterior
1432 5303 1796 5369 Ch:tleis,‘vel
1829 5303 2062 5357 Chalci-

496 5374 655 5439 diea;
687 5375 833 5445 quod
881 5374 1207 5445 quihusdam
1246 5375 1407 5429 lineis
1442 5377 1567 5430 atris
1600 5375 2063 5445 speeiern_ger_en-

498 5446 643 5498 libus
678 5442 1068 5513 distinguatur.
1096 5444 1169 5497 De
1197 5445 1297 5497 hoc
1326 5459 1525 5513 genere
1555 5442 1794 5513 loquitur
1826 5442 2061 5513 Epiphaf

502 5528 643 5567 ltlllS.
681 5510 836 5583 Unde
858 5510 1082 5583 ίχαλκέα
1127 5528 1225 5566 vox
1263 5510 1352 5566 aut
1385 5515 1452 5566 ab
1482 5510 1695 5568 erudito
1726 5510 1969 5583 quodam
1998 5510 2066 5563 ad

474 5574 652 5637 κονίην
693 5574 909 5636 codicis
939 5581 1195 5635 adnotata
1217 5621 1230 5635 .
1266 5590 1358 5636 aut
1383 5596 1483 5637 suo
1512 5584 1630 5639 loco
1660 5574 1823 5638 tne-ta.
1858 5581 2065 5638 θοι-ἰείη

2154 4599 2418 4672 βραχέων,
2446 4597 2663 4677 ἐπὶιτάς
2692 4595 2815 4667 ἑξῆς
2844 4594 3149 4666 βαδιοῦμαι,
3177 4594 3267 4646 τὸν
3306 4592 3443 4663 πρδς
3484 4591 3724 4661 ἑκάστην

2153 4688 2294 4741 κατὰ
2317 4687 2546 4756 δύναμιν
2582 4685 2902 4755 ποιούμενος
2931 4683 3170 4753 ἔλεγχον,
3211 4681 3304 4735 καὶ
3334 4679 3506 4743 οὕτως
3541 4683 3726 4733 ἐπιτε-

2152 4780 2256 4833 λῶν
2303 4777 2401 4849 τὴν
2446 4776 2755 4848 ἀνατροπὴν
2797 4775 2898 4845 τῆς
2940 4773 3118 4827 αὐτῶν
3150 4774 3487 4844 λυμαντικῆς
3518 4772 3726 4844 μοχθη-

2154 4871 2295 4942 ρίας.
2328 4868 2444 4941 Σὴψ
2475 4867 2584 4939 γάρ
2611 4863 2765 4929 οὗτος
2798 4868 2863 4921 ἂν
2896 4866 3119 4935 λέγοιτο·
3141 4865 3251 4932 (Η)
3281 4864 3529 4929 δικαίως,
3567 4867 3597 4918 6
3627 4865 3728 4920 οῦκ

2150 4961 2389 5032 ὀφοε“ις²,
2414 4959 2526 5013 ἀλλ’
2551 4957 2627 5024 ῶς
2655 4976 2807 5028 φασι,
2840 4956 3090 5030 [χαλκέα,
3118 4955 3214 5029 ὃς]
3242 4958 3357 5009 ἐστι
3388 4954 3728 5027 τετραπλοῦν

2158 5229 2377 5315 auidae
2410 5215 3729 5315 .ερεξιεΑρεταιίίὶτξὶεε-ἓἎι,οτ.τξξξξξρῦ.ιηὲ³ηηές.,ίξξίξξξὲ

2160 5288 2496 5370 Epiphanius
2530 5295 2726 5351 asserit
2751 5334 2794 5370 ,Α
2816 5308 3056 5347 morsum
3106 5288 3245 5370 haud
3279 5288 3415 5343 adeo
3448 5288 3727 5370 exitialem

2160 5358 2301 5433 esse,
2329 5369 2422 5424 sed
2463 5374 2625 5437 sputo
2659 5362 3099 5437 egonlirere,.cum
3131 5361 3198 5413 iis
3228 5371 3470 5437 pugnare
3493 5358 3728 5421 videtur,

2161 5429 2297 5510 qtae
2325 5429 2552 5510 Aristot.
2591 5435 2801 5510 scribit,
2839 5446 3022 5510 morsu
3052 5446 3153 5510 suo
3180 5430 3262 5510 vel
3298 5429 3617 5510 interimere
3645 5441 3730 5510 se-

2162 5496 2281 5579 pas,
2323 5509 2404 5562 vel
2453 5507 2783 5579 acerrimum
2831 5501 3072 5557 dolorem
3130 5497 3389 5569 inﬂigere.
3443 5496 3517 5552 De
3567 5505 3731 5565 sputo

2164 5573 2296 5634 nihil
2330 5575 2467 5647 apud
2501 5576 2661 5629 alium
2695 5573 2817 5643 legi.
