  <div class='ocr_page' id='page_1' title='image "/cluster/home/n/w/nwhite01/storage/ocr_20150623/41/hvd.32044073501868/342.png"; bbox 0 0 4078 6074; ppageno 0'>
   <div class='ocr_carea' id='block_1_1' title="bbox 219 185 441 262">
    <p class='ocr_par' dir='ltr' id='par_1_1' title="bbox 219 185 441 262">
     <span class='ocr_line' id='line_1_1' title="bbox 219 185 441 262; baseline -0.005 -21"><span class='ocrx_word' id='word_1_1' title='bbox 219 185 317 241; x_wconf 75' lang='grc' dir='ltr'><strong>ιιι</strong></span> <span class='ocrx_word' id='word_1_2' title='bbox 432 254 441 262; x_wconf 39' lang='grc'><strong>,</strong></span> 
     </span>
    </p>
   </div>
   <div class='ocr_carea' id='block_1_2' title="bbox 854 186 2846 258">
    <p class='ocr_par' dir='ltr' id='par_1_2' title="bbox 854 186 2846 258">
     <span class='ocr_line' id='line_1_2' title="bbox 854 186 2846 258; baseline 0.008 -16"><span class='ocrx_word' id='word_1_3' title='bbox 854 186 1223 247; x_wconf 79' lang='lat' dir='ltr'><strong>ADVERSUS</strong></span> <span class='ocrx_word' id='word_1_4' title='bbox 1259 189 1599 247; x_wconf 65' lang='lat' dir='ltr'><strong>H£RESES</strong></span> <span class='ocrx_word' id='word_1_5' title='bbox 1636 190 1762 248; x_wconf 84' lang='lat' dir='ltr'><strong>LIB.</strong></span> <span class='ocrx_word' id='word_1_6' title='bbox 1800 193 1843 252; x_wconf 88' lang='lat' dir='ltr'><strong>l.</strong></span> <span class='ocrx_word' id='word_1_7' title='bbox 1886 191 2049 249; x_wconf 83' lang='lat' dir='ltr'><strong>TOM.</strong></span> <span class='ocrx_word' id='word_1_8' title='bbox 2083 193 2168 253; x_wconf 83' lang='grc' dir='ltr'><strong>ΙΙΙ.</strong></span> <span class='ocrx_word' id='word_1_9' title='bbox 2200 195 2544 255; x_wconf 64' lang='lat' dir='ltr'><strong>—-ll.ERES.</strong></span> <span class='ocrx_word' id='word_1_10' title='bbox 2588 198 2846 258; x_wconf 79' lang='lat' dir='ltr'><strong>XXXVII.</strong></span> 
     </span>
    </p>
   </div>
   <div class='ocr_carea' id='block_1_3' title="bbox 3375 210 3478 265">
    <p class='ocr_par' dir='ltr' id='par_1_3' title="bbox 3375 210 3478 265">
     <span class='ocr_line' id='line_1_3' title="bbox 3375 210 3478 265; baseline 0.019 -2"><span class='ocrx_word' id='word_1_11' title='bbox 3375 210 3478 265; x_wconf 63' lang='lat' dir='ltr'><strong>6H</strong></span> 
     </span>
    </p>
   </div>
   <div class='ocr_carea' id='block_1_4' title="bbox 217 302 1784 385">
    <p class='ocr_par' dir='ltr' id='par_1_4' title="bbox 217 302 1784 383">
     <span class='ocr_line' id='line_1_4' title="bbox 217 302 1784 383; baseline 0.003 -23"><span class='ocrx_word' id='word_1_12' title='bbox 217 304 474 379; x_wconf 69' lang='grc' dir='ltr'>ἑρπετὸν,</span> <span class='ocrx_word' id='word_1_13' title='bbox 509 302 876 379; x_wconf 81' lang='grc' dir='ltr'>ἁσκαλαϐώτῃ</span> <span class='ocrx_word' id='word_1_14' title='bbox 916 307 1110 373; x_wconf 73' lang='grc' dir='ltr'>ἐοικώς</span> <span class='ocrx_word' id='word_1_15' title='bbox 1131 324 1144 338; x_wconf 90' lang='grc'><strong>·</strong></span> <span class='ocrx_word' id='word_1_16' title='bbox 1167 304 1228 364; x_wconf 82' lang='grc' dir='ltr'><strong>οῦ</strong></span> <span class='ocrx_word' id='word_1_17' title='bbox 1256 311 1289 381; x_wconf 82' lang='grc' dir='ltr'><strong>ἡ</strong></span> <span class='ocrx_word' id='word_1_18' title='bbox 1327 318 1424 381; x_wconf 76' lang='grc' dir='ltr'>μὲν</span> <span class='ocrx_word' id='word_1_19' title='bbox 1462 311 1554 366; x_wconf 86' lang='grc' dir='ltr'><strong>τοῦ</strong></span> <span class='ocrx_word' id='word_1_20' title='bbox 1588 312 1784 383; x_wconf 85' lang='grc' dir='ltr'>δήγμα-</span> 
     </span>
    </p>
   </div>
   <div class='ocr_carea' id='block_1_5' title="bbox 1884 302 3477 385">
    <p class='ocr_par' dir='ltr' id='par_1_5' title="bbox 1902 311 3477 385">
     <span class='ocr_line' id='line_1_5' title="bbox 1902 311 3477 385; baseline 0.006 -20"><span class='ocrx_word' id='word_1_21' title='bbox 1902 311 2065 369; x_wconf 90' lang='lat' dir='ltr'><strong>lionis</strong></span> <span class='ocrx_word' id='word_1_22' title='bbox 2093 313 2301 383; x_wconf 86' lang='lat' dir='ltr'><strong>specie;</strong></span> <span class='ocrx_word' id='word_1_23' title='bbox 2347 316 2439 385; x_wconf 87' lang='lat' dir='ltr'><strong>qui</strong></span> <span class='ocrx_word' id='word_1_24' title='bbox 2473 330 2597 371; x_wconf 91' lang='lat' dir='ltr'><strong>cum</strong></span> <span class='ocrx_word' id='word_1_25' title='bbox 2642 333 2829 373; x_wconf 91' lang='lat' dir='ltr'><strong>morsu</strong></span> <span class='ocrx_word' id='word_1_26' title='bbox 2862 318 3001 373; x_wconf 80' lang='lat' dir='ltr'><strong>nihil</strong></span> <span class='ocrx_word' id='word_1_27' title='bbox 3038 318 3331 375; x_wconf 85' lang='lat' dir='ltr'><strong>admodum</strong></span> <span class='ocrx_word' id='word_1_28' title='bbox 3379 338 3477 376; x_wconf 78' lang='lat' dir='ltr'><strong>nu-</strong></span> 
     </span>
    </p>
   </div>
   <div class='ocr_carea' id='block_1_6' title="bbox 219 396 1798 474">
    <p class='ocr_par' dir='ltr' id='par_1_6' title="bbox 219 396 1798 474">
     <span class='ocr_line' id='line_1_6' title="bbox 219 396 1798 474; baseline 0.007 -25"><span class='ocrx_word' id='word_1_29' title='bbox 219 413 309 460; x_wconf 88' lang='grc' dir='ltr'><strong>τος</strong></span> <span class='ocrx_word' id='word_1_30' title='bbox 356 396 527 468; x_wconf 80' lang='grc' dir='ltr'>βλάϐη</span> <span class='ocrx_word' id='word_1_31' title='bbox 575 398 656 460; x_wconf 76' lang='grc' dir='ltr'><strong>εἰς</strong></span> <span class='ocrx_word' id='word_1_32' title='bbox 702 396 854 451; x_wconf 83' lang='grc' dir='ltr'>οὐδὲν</span> <span class='ocrx_word' id='word_1_33' title='bbox 897 398 1193 468; x_wconf 80' lang='grc' dir='ltr'>λογίζεται,</span> <span class='ocrx_word' id='word_1_34' title='bbox 1223 399 1284 455; x_wconf 80' lang='grc' dir='ltr'>τὸ</span> <span class='ocrx_word' id='word_1_35' title='bbox 1310 402 1366 455; x_wconf 87' lang='grc' dir='ltr'>δὲ</span> <span class='ocrx_word' id='word_1_36' title='bbox 1399 402 1643 473; x_wconf 88' lang='grc' dir='ltr'>πτύσμα,</span> <span class='ocrx_word' id='word_1_37' title='bbox 1674 404 1707 474; x_wconf 84' lang='grc' dir='ltr'>ἢ</span> <span class='ocrx_word' id='word_1_38' title='bbox 1740 404 1798 460; x_wconf 84' lang='grc' dir='ltr'>ὲν</span> 
     </span>
    </p>
   </div>
   <div class='ocr_carea' id='block_1_7' title="bbox 216 478 1798 560">
    <p class='ocr_par' dir='ltr' id='par_1_7' title="bbox 216 478 1798 560">
     <span class='ocr_line' id='line_1_7' title="bbox 216 478 1798 560; baseline 0.005 -22"><span class='ocrx_word' id='word_1_39' title='bbox 216 485 489 560; x_wconf 83' lang='grc' dir='ltr'>βρώματι,</span> <span class='ocrx_word' id='word_1_40' title='bbox 524 485 559 557; x_wconf 81' lang='grc' dir='ltr'><strong>ἦ</strong></span> <span class='ocrx_word' id='word_1_41' title='bbox 599 488 658 540; x_wconf 77' lang='grc' dir='ltr'>ὲν</span> <span class='ocrx_word' id='word_1_42' title='bbox 688 486 837 557; x_wconf 86' lang='grc' dir='ltr'>ποτῷ</span> <span class='ocrx_word' id='word_1_43' title='bbox 878 488 1213 557; x_wconf 85' lang='grc' dir='ltr'>άκοντισθὲν,</span> <span class='ocrx_word' id='word_1_44' title='bbox 1249 490 1478 545; x_wconf 85' lang='grc' dir='ltr'>Θάνατον</span> <span class='ocrx_word' id='word_1_45' title='bbox 1501 491 1663 557; x_wconf 81' lang='grc' dir='ltr'>εὐθὺς</span> <span class='ocrx_word' id='word_1_46' title='bbox 1684 478 1798 557; x_wconf 75' lang='grc' dir='ltr'>τοῖς</span> 
     </span>
    </p>
   </div>
   <div class='ocr_carea' id='block_1_8' title="bbox 218 576 1798 653">
    <p class='ocr_par' dir='ltr' id='par_1_8' title="bbox 218 576 1798 653">
     <span class='ocr_line' id='line_1_8' title="bbox 218 576 1798 653; baseline 0.004 -22"><span class='ocrx_word' id='word_1_47' title='bbox 218 576 617 649; x_wconf 80' lang='grc' dir='ltr'>μεταλαϐοῦσιν</span> <span class='ocrx_word' id='word_1_48' title='bbox 643 576 937 649; x_wconf 74' lang='grc' dir='ltr'><strong>ἐργάζεται</strong></span> <span class='ocrx_word' id='word_1_49' title='bbox 955 595 971 611; x_wconf 66' lang='grc' dir='ltr'>θ</span> <span class='ocrx_word' id='word_1_50' title='bbox 999 581 1086 643; x_wconf 79' lang='grc' dir='ltr'>οἷα</span> <span class='ocrx_word' id='word_1_51' title='bbox 1115 584 1207 633; x_wconf 77' lang='grc' dir='ltr'>καὶ</span> <span class='ocrx_word' id='word_1_52' title='bbox 1249 582 1282 653; x_wconf 78' lang='grc' dir='ltr'><strong>ἠ</strong></span> <span class='ocrx_word' id='word_1_53' title='bbox 1329 583 1517 637; x_wconf 87' lang='grc' dir='ltr'>τούτου</span> <span class='ocrx_word' id='word_1_54' title='bbox 1541 585 1798 638; x_wconf 88' lang='grc' dir='ltr'>διδασκα-</span> 
     </span>
    </p>
   </div>
   <div class='ocr_carea' id='block_1_9' title="bbox 215 667 1794 748">
    <p class='ocr_par' dir='ltr' id='par_1_9' title="bbox 215 667 1794 748">
     <span class='ocr_line' id='line_1_9' title="bbox 215 667 1794 748; baseline 0.005 -27"><span class='ocrx_word' id='word_1_55' title='bbox 215 667 327 723; x_wconf 90' lang='grc' dir='ltr'>λία.</span> <span class='ocrx_word' id='word_1_56' title='bbox 345 668 507 723; x_wconf 80' lang='grc' dir='ltr'>Ἀλλά</span> <span class='ocrx_word' id='word_1_57' title='bbox 532 669 626 725; x_wconf 72' lang='grc' dir='ltr'>καὶ</span> <span class='ocrx_word' id='word_1_58' title='bbox 653 669 843 724; x_wconf 86' lang='grc' dir='ltr'>τούτου</span> <span class='ocrx_word' id='word_1_59' title='bbox 872 671 962 725; x_wconf 81' lang='grc' dir='ltr'>τὸν</span> <span class='ocrx_word' id='word_1_60' title='bbox 987 671 1064 725; x_wconf 79' lang='grc' dir='ltr'>ἰὸν</span> <span class='ocrx_word' id='word_1_61' title='bbox 1091 672 1464 745; x_wconf 81' lang='grc' dir='ltr'><strong>φωράσαντες,</strong></span> <span class='ocrx_word' id='word_1_62' title='bbox 1488 675 1583 729; x_wconf 70' lang='grc' dir='ltr'>καὶ</span> <span class='ocrx_word' id='word_1_63' title='bbox 1610 678 1675 748; x_wconf 79' lang='grc' dir='ltr'>τῇ</span> <span class='ocrx_word' id='word_1_64' title='bbox 1701 674 1794 729; x_wconf 89' lang='grc' dir='ltr'><strong>τοῦ</strong></span> 
     </span>
    </p>
   </div>
   <div class='ocr_carea' id='block_1_10' title="bbox 214 763 1795 840">
    <p class='ocr_par' dir='ltr' id='par_1_10' title="bbox 214 763 1795 840">
     <span class='ocr_line' id='line_1_10' title="bbox 214 763 1795 840; baseline 0.001 -20"><span class='ocrx_word' id='word_1_65' title='bbox 214 764 424 835; x_wconf 79' lang='grc' dir='ltr'><strong>Κυρίου</strong></span> <span class='ocrx_word' id='word_1_66' title='bbox 457 763 684 835; x_wconf 79' lang='grc' dir='ltr'><strong>δυνάμει</strong></span> <span class='ocrx_word' id='word_1_67' title='bbox 716 765 827 818; x_wconf 75' lang='grc' dir='ltr'><strong>ἀπὸ</strong></span> <span class='ocrx_word' id='word_1_68' title='bbox 859 765 1159 837; x_wconf 79' lang='grc' dir='ltr'><strong>φαρύγγων</strong></span> <span class='ocrx_word' id='word_1_69' title='bbox 1190 766 1223 837; x_wconf 79' lang='grc' dir='ltr'>ἢ</span> <span class='ocrx_word' id='word_1_70' title='bbox 1253 767 1477 838; x_wconf 82' lang='grc' dir='ltr'><strong>χειλέων</strong></span> <span class='ocrx_word' id='word_1_71' title='bbox 1525 768 1635 821; x_wconf 84' lang='grc' dir='ltr'><strong>τῶν</strong></span> <span class='ocrx_word' id='word_1_72' title='bbox 1668 769 1795 840; x_wconf 85' lang='grc' dir='ltr'>μελ-</span> 
     </span>
    </p>
   </div>
   <div class='ocr_carea' id='block_1_11' title="bbox 212 862 1794 939">
    <p class='ocr_par' dir='ltr' id='par_1_11' title="bbox 212 862 1794 939">
     <span class='ocr_line' id='line_1_11' title="bbox 212 862 1794 939; baseline 0.005 -24"><span class='ocrx_word' id='word_1_73' title='bbox 212 862 416 917; x_wconf 85' lang='grc' dir='ltr'>λόντων</span> <span class='ocrx_word' id='word_1_74' title='bbox 457 862 789 934; x_wconf 86' lang='grc' dir='ltr'>βλάπτεσθαι</span> <span class='ocrx_word' id='word_1_75' title='bbox 827 864 1231 937; x_wconf 76' lang='grc' dir='ltr'>άπομάξαντες,</span> <span class='ocrx_word' id='word_1_76' title='bbox 1265 867 1362 932; x_wconf 78' lang='grc' dir='ltr'>τὰς</span> <span class='ocrx_word' id='word_1_77' title='bbox 1407 867 1534 939; x_wconf 78' lang='grc' dir='ltr'><strong>ἑξῆς</strong></span> <span class='ocrx_word' id='word_1_78' title='bbox 1575 868 1794 923; x_wconf 84' lang='grc' dir='ltr'>διέλθω-</span> 
     </span>
    </p>
   </div>
   <div class='ocr_carea' id='block_1_12' title="bbox 215 952 1792 1028">
    <p class='ocr_par' dir='ltr' id='par_1_12' title="bbox 215 952 1792 1028">
     <span class='ocr_line' id='line_1_12' title="bbox 215 952 1792 1028; baseline 0.004 -21"><span class='ocrx_word' id='word_1_79' title='bbox 215 971 342 1024; x_wconf 87' lang='grc' dir='ltr'>μεν,</span> <span class='ocrx_word' id='word_1_80' title='bbox 376 952 453 1017; x_wconf 83' lang='grc' dir='ltr'>ὡς</span> <span class='ocrx_word' id='word_1_81' title='bbox 477 955 760 1024; x_wconf 84' lang='grc' dir='ltr'>προεῖπον,</span> <span class='ocrx_word' id='word_1_82' title='bbox 804 954 905 1026; x_wconf 84' lang='grc' dir='ltr'>τῆς</span> <span class='ocrx_word' id='word_1_83' title='bbox 940 955 1123 1009; x_wconf 80' lang='grc' dir='ltr'>αὐτῶν</span> <span class='ocrx_word' id='word_1_84' title='bbox 1156 955 1360 1028; x_wconf 78' lang='grc' dir='ltr'>βλάϐης</span> <span class='ocrx_word' id='word_1_85' title='bbox 1391 957 1669 1024; x_wconf 88' lang='grc' dir='ltr'>ποιοῦντες</span> <span class='ocrx_word' id='word_1_86' title='bbox 1700 959 1792 1015; x_wconf 79' lang='grc' dir='ltr'><strong>τὸν</strong></span> 
     </span>
    </p>
   </div>
   <div class='ocr_carea' id='block_1_13' title="bbox 212 1043 460 1115">
    <p class='ocr_par' dir='ltr' id='par_1_13' title="bbox 212 1043 460 1115">
     <span class='ocr_line' id='line_1_13' title="bbox 212 1043 460 1115; baseline 0.012 -19"><span class='ocrx_word' id='word_1_87' title='bbox 212 1043 460 1115; x_wconf 74' lang='grc' dir='ltr'>ἔλεγχον.</span> 
     </span>
    </p>
   </div>
   <div class='ocr_carea' id='block_1_14' title="bbox 740 1156 1256 1225">
    <p class='ocr_par' dir='ltr' id='par_1_14' title="bbox 740 1156 1256 1225">
     <span class='ocr_line' id='line_1_14' title="bbox 740 1156 1256 1225; baseline 0.002 -14"><span class='ocrx_word' id='word_1_88' title='bbox 740 1156 928 1212; x_wconf 81' lang='grc' dir='ltr'><strong>ΚΑΤΑ</strong></span> <span class='ocrx_word' id='word_1_89' title='bbox 978 1158 1226 1214; x_wconf 80' lang='grc' dir='ltr'><strong>ΟΦΙΤΩΝ</strong></span> <span class='ocrx_word' id='word_1_90' title='bbox 1242 1201 1256 1225; x_wconf 92' lang='grc'><strong>,</strong></span> 
     </span>
    </p>
   </div>
   <div class='ocr_carea' id='block_1_15' title="bbox 334 1246 1671 1323">
    <p class='ocr_par' dir='ltr' id='par_1_15' title="bbox 334 1246 1671 1323">
     <span class='ocr_line' id='line_1_15' title="bbox 334 1246 1671 1323; baseline 0.006 -22"><span class='ocrx_word' id='word_1_91' title='bbox 334 1246 859 1317; x_wconf 76' lang='grc' dir='ltr'>Ἐπτακαιδεκᾴτη,</span> <span class='ocrx_word' id='word_1_92' title='bbox 887 1251 925 1319; x_wconf 79' lang='grc' dir='ltr'>ἡ</span> <span class='ocrx_word' id='word_1_93' title='bbox 949 1251 1049 1305; x_wconf 77' lang='grc' dir='ltr'>καὶ</span> <span class='ocrx_word' id='word_1_94' title='bbox 1071 1250 1392 1321; x_wconf 76' lang='grc' dir='ltr'>τριακοστὴ</span> <span class='ocrx_word' id='word_1_95' title='bbox 1431 1252 1671 1323; x_wconf 79' lang='grc' dir='ltr'>ἑϐδόμη.</span> 
     </span>
    </p>
   </div>
   <div class='ocr_carea' id='block_1_16' title="bbox 236 1355 1786 1438">
    <p class='ocr_par' dir='ltr' id='par_1_16' title="bbox 236 1355 1786 1438">
     <span class='ocr_line' id='line_1_16' title="bbox 236 1355 1786 1438; baseline 0.005 -25"><span class='ocrx_word' id='word_1_96' title='bbox 236 1388 244 1411; x_wconf 84' lang='grc' dir='ltr'><strong>ι</strong></span> <span class='ocrx_word' id='word_1_97' title='bbox 281 1360 365 1415; x_wconf 79' lang='grc' dir='ltr'><strong>Δ⁸.</strong></span> <span class='ocrx_word' id='word_1_98' title='bbox 415 1361 505 1424; x_wconf 83' lang='grc' dir='ltr'>Ὠς</span> <span class='ocrx_word' id='word_1_99' title='bbox 534 1355 629 1414; x_wconf 72' lang='grc' dir='ltr'>οὖν</span> <span class='ocrx_word' id='word_1_100' title='bbox 661 1363 727 1433; x_wconf 78' lang='grc' dir='ltr'>τῇ</span> <span class='ocrx_word' id='word_1_101' title='bbox 756 1362 850 1415; x_wconf 88' lang='grc' dir='ltr'><strong>τοῦ</strong></span> <span class='ocrx_word' id='word_1_102' title='bbox 877 1362 1010 1416; x_wconf 90' lang='grc' dir='ltr'>Θεοῦ</span> <span class='ocrx_word' id='word_1_103' title='bbox 1046 1364 1273 1435; x_wconf 84' lang='grc' dir='ltr'>δυνάμει</span> <span class='ocrx_word' id='word_1_104' title='bbox 1310 1365 1786 1438; x_wconf 79' lang='grc' dir='ltr'>ἐπαγγειλάμενοι,</span> 
     </span>
    </p>
   </div>
   <div class='ocr_carea' id='block_1_17' title="bbox 209 1447 1788 1529">
    <p class='ocr_par' dir='ltr' id='par_1_17' title="bbox 209 1447 1788 1529">
     <span class='ocr_line' id='line_1_17' title="bbox 209 1447 1788 1529; baseline 0.006 -25"><span class='ocrx_word' id='word_1_105' title='bbox 209 1447 350 1504; x_wconf 85' lang='grc' dir='ltr'>Θεοῦ</span> <span class='ocrx_word' id='word_1_106' title='bbox 396 1447 737 1520; x_wconf 83' lang='grc' dir='ltr'>βοηθοῦντος.</span> <span class='ocrx_word' id='word_1_107' title='bbox 765 1452 858 1506; x_wconf 81' lang='grc' dir='ltr'>καὶ</span> <span class='ocrx_word' id='word_1_108' title='bbox 885 1454 950 1523; x_wconf 79' lang='grc' dir='ltr'>τῇ</span> <span class='ocrx_word' id='word_1_109' title='bbox 996 1452 1124 1524; x_wconf 78' lang='grc' dir='ltr'><strong>ἑξῆς</strong></span> <span class='ocrx_word' id='word_1_110' title='bbox 1163 1454 1366 1526; x_wconf 84' lang='grc' dir='ltr'>ταύτης</span> <span class='ocrx_word' id='word_1_111' title='bbox 1394 1457 1788 1529; x_wconf 85' lang='grc' dir='ltr'>ύφηγησόμεθα</span> 
     </span>
    </p>
   </div>
   <div class='ocr_carea' id='block_1_18' title="bbox 209 1542 1788 1621">
    <p class='ocr_par' dir='ltr' id='par_1_18' title="bbox 209 1542 1788 1621">
     <span class='ocr_line' id='line_1_18' title="bbox 209 1542 1788 1621; baseline 0.007 -27"><span class='ocrx_word' id='word_1_112' title='bbox 209 1543 333 1604; x_wconf 83' lang='grc' dir='ltr'>ταῖς</span> <span class='ocrx_word' id='word_1_113' title='bbox 360 1542 623 1613; x_wconf 85' lang='grc' dir='ltr'>πρότερον</span> <span class='ocrx_word' id='word_1_114' title='bbox 649 1542 1092 1615; x_wconf 78' lang='grc' dir='ltr'>ἁκολουθήσασαν</span> <span class='ocrx_word' id='word_1_115' title='bbox 1121 1547 1612 1618; x_wconf 84' lang='grc' dir='ltr'>ματαιοφροσύναις</span> <span class='ocrx_word' id='word_1_116' title='bbox 1636 1551 1788 1621; x_wconf 75' lang='grc' dir='ltr'><strong>Ὀφι-</strong></span> 
     </span>
    </p>
   </div>
   <div class='ocr_carea' id='block_1_19' title="bbox 1899 407 3474 480">
    <p class='ocr_par' dir='ltr' id='par_1_19' title="bbox 1899 407 3474 480">
     <span class='ocr_line' id='line_1_19' title="bbox 1899 407 3474 480; baseline 0.006 -23"><span class='ocrx_word' id='word_1_117' title='bbox 1899 411 2040 467; x_wconf 88' lang='lat' dir='ltr'><strong>ceat,</strong></span> <span class='ocrx_word' id='word_1_118' title='bbox 2075 414 2295 474; x_wconf 92' lang='lat' dir='ltr'><strong>sputum</strong></span> <span class='ocrx_word' id='word_1_119' title='bbox 2323 407 2501 476; x_wconf 91' lang='lat' dir='ltr'><strong>ipsum</strong></span> <span class='ocrx_word' id='word_1_120' title='bbox 2533 408 2578 463; x_wconf 89' lang='lat' dir='ltr'><strong>si</strong></span> <span class='ocrx_word' id='word_1_121' title='bbox 2608 407 2664 462; x_wconf 91' lang='lat' dir='ltr'><strong>in</strong></span> <span class='ocrx_word' id='word_1_122' title='bbox 2688 408 2872 463; x_wconf 87' lang='lat' dir='ltr'><strong>cibum</strong></span> <span class='ocrx_word' id='word_1_123' title='bbox 2901 417 2995 464; x_wconf 88' lang='lat' dir='ltr'><strong>aut</strong></span> <span class='ocrx_word' id='word_1_124' title='bbox 3025 419 3213 480; x_wconf 85' lang='lat' dir='ltr'><strong>potum</strong></span> <span class='ocrx_word' id='word_1_125' title='bbox 3243 411 3474 476; x_wconf 89' lang='lat' dir='ltr'><strong>eliserit,</strong></span> 
     </span>
    </p>
   </div>
   <div class='ocr_carea' id='block_1_20' title="bbox 1898 495 3449 565">
    <p class='ocr_par' dir='ltr' id='par_1_20' title="bbox 1898 495 3449 565">
     <span class='ocr_line' id='line_1_20' title="bbox 1898 495 3449 565; baseline 0.006 -19"><span class='ocrx_word' id='word_1_126' title='bbox 1898 508 2140 562; x_wconf 69' lang='lat' dir='ltr'><strong>praesens</strong></span> <span class='ocrx_word' id='word_1_127' title='bbox 2186 495 2254 548; x_wconf 92' lang='lat' dir='ltr'><strong>iis</strong></span> <span class='ocrx_word' id='word_1_128' title='bbox 2295 496 2389 565; x_wconf 91' lang='lat' dir='ltr'><strong>qui</strong></span> <span class='ocrx_word' id='word_1_129' title='bbox 2429 496 2782 552; x_wconf 89' lang='lat' dir='ltr'><strong>adhibuerint</strong></span> <span class='ocrx_word' id='word_1_130' title='bbox 2827 498 3057 553; x_wconf 81' lang='lat' dir='ltr'><strong>exitium</strong></span> <span class='ocrx_word' id='word_1_131' title='bbox 3106 499 3299 557; x_wconf 76' lang='lat' dir='ltr'><strong>afferre</strong></span> <span class='ocrx_word' id='word_1_132' title='bbox 3342 501 3449 556; x_wconf 89' lang='lat' dir='ltr'><strong>dici</strong></span> 
     </span>
    </p>
   </div>
   <div class='ocr_carea' id='block_1_21' title="bbox 1899 586 3475 666">
    <p class='ocr_par' dir='ltr' id='par_1_21' title="bbox 1899 586 3475 666">
     <span class='ocr_line' id='line_1_21' title="bbox 1899 586 3475 666; baseline 0.008 -28"><span class='ocrx_word' id='word_1_133' title='bbox 1899 593 2008 647; x_wconf 81' lang='lat' dir='ltr'><strong>tur,</strong></span> <span class='ocrx_word' id='word_1_134' title='bbox 2038 586 2318 656; x_wconf 78' lang='lat' dir='ltr'><strong>Ejusmodi</strong></span> <span class='ocrx_word' id='word_1_135' title='bbox 2346 596 2431 643; x_wconf 91' lang='lat' dir='ltr'><strong>est</strong></span> <span class='ocrx_word' id='word_1_136' title='bbox 2472 589 2620 644; x_wconf 89' lang='lat' dir='ltr'><strong>illius</strong></span> <span class='ocrx_word' id='word_1_137' title='bbox 2649 590 2922 645; x_wconf 75' lang='lat' dir='ltr'><strong>doctrina.</strong></span> <span class='ocrx_word' id='word_1_138' title='bbox 2955 590 3066 648; x_wconf 87' lang='lat' dir='ltr'><strong>Nos</strong></span> <span class='ocrx_word' id='word_1_139' title='bbox 3100 602 3282 649; x_wconf 88' lang='lat' dir='ltr'><strong>autem</strong></span> <span class='ocrx_word' id='word_1_140' title='bbox 3309 595 3475 666; x_wconf 86' lang='lat' dir='ltr'><strong>hujus</strong></span> 
     </span>
    </p>
   </div>
   <div class='ocr_carea' id='block_1_22' title="bbox 1897 679 3470 754">
    <p class='ocr_par' dir='ltr' id='par_1_22' title="bbox 1897 679 3470 754">
     <span class='ocr_line' id='line_1_22' title="bbox 1897 679 3470 754; baseline 0.008 -26"><span class='ocrx_word' id='word_1_141' title='bbox 1897 689 2115 746; x_wconf 89' lang='lat' dir='ltr'><strong>quoque</strong></span> <span class='ocrx_word' id='word_1_142' title='bbox 2149 693 2358 732; x_wconf 90' lang='lat' dir='ltr'><strong>veneno</strong></span> <span class='ocrx_word' id='word_1_143' title='bbox 2383 679 2654 748; x_wconf 90' lang='lat' dir='ltr'><strong>patefacto</strong></span> <span class='ocrx_word' id='word_1_144' title='bbox 2675 720 2690 745; x_wconf 91' lang='lat'><strong>,</strong></span> <span class='ocrx_word' id='word_1_145' title='bbox 2711 695 2774 735; x_wconf 92' lang='lat' dir='ltr'><strong>ac</strong></span> <span class='ocrx_word' id='word_1_146' title='bbox 2803 680 2985 736; x_wconf 88' lang='lat' dir='ltr'><strong>divina</strong></span> <span class='ocrx_word' id='word_1_147' title='bbox 3009 699 3113 754; x_wconf 92' lang='lat' dir='ltr'><strong>ope</strong></span> <span class='ocrx_word' id='word_1_148' title='bbox 3139 700 3206 739; x_wconf 82' lang='lat' dir='ltr'><strong>ex</strong></span> <span class='ocrx_word' id='word_1_149' title='bbox 3228 685 3470 750; x_wconf 91' lang='lat' dir='ltr'><strong>illorum,</strong></span> 
     </span>
    </p>
   </div>
   <div class='ocr_carea' id='block_1_23' title="bbox 1895 768 3472 839">
    <p class='ocr_par' dir='ltr' id='par_1_23' title="bbox 1895 768 3472 839">
     <span class='ocr_line' id='line_1_23' title="bbox 1895 768 3472 839; baseline 0.008 -18"><span class='ocrx_word' id='word_1_150' title='bbox 1895 768 2095 837; x_wconf 90' lang='lat' dir='ltr'><strong>quibus</strong></span> <span class='ocrx_word' id='word_1_151' title='bbox 2123 768 2351 839; x_wconf 89' lang='lat' dir='ltr'><strong>jamjam</strong></span> <span class='ocrx_word' id='word_1_152' title='bbox 2376 772 2687 826; x_wconf 89' lang='lat' dir='ltr'><strong>nociturum</strong></span> <span class='ocrx_word' id='word_1_153' title='bbox 2717 780 2856 839; x_wconf 88' lang='lat' dir='ltr'><strong>erat,</strong></span> <span class='ocrx_word' id='word_1_154' title='bbox 2891 772 3143 831; x_wconf 80' lang='lat' dir='ltr'><strong>faucibus</strong></span> <span class='ocrx_word' id='word_1_155' title='bbox 3172 787 3265 831; x_wconf 87' lang='lat' dir='ltr'><strong>aut</strong></span> <span class='ocrx_word' id='word_1_156' title='bbox 3297 776 3472 833; x_wconf 84' lang='lat' dir='ltr'><strong>labris</strong></span> 
     </span>
    </p>
   </div>
   <div class='ocr_carea' id='block_1_24' title="bbox 1894 862 3468 935">
    <p class='ocr_par' dir='ltr' id='par_1_24' title="bbox 1894 862 3468 935">
     <span class='ocr_line' id='line_1_24' title="bbox 1894 862 3468 935; baseline 0.005 -19"><span class='ocrx_word' id='word_1_157' title='bbox 1894 862 2164 926; x_wconf 89' lang='lat' dir='ltr'><strong>absterso,</strong></span> <span class='ocrx_word' id='word_1_158' title='bbox 2200 863 2266 917; x_wconf 89' lang='lat' dir='ltr'><strong>ad</strong></span> <span class='ocrx_word' id='word_1_159' title='bbox 2299 869 2527 917; x_wconf 79' lang='lat' dir='ltr'><strong>caeteras</strong></span> <span class='ocrx_word' id='word_1_160' title='bbox 2560 872 3003 926; x_wconf 88' lang='lat' dir='ltr'><strong>transeamus.et</strong></span> <span class='ocrx_word' id='word_1_161' title='bbox 3025 881 3142 935; x_wconf 89' lang='lat' dir='ltr'><strong>eas,</strong></span> <span class='ocrx_word' id='word_1_162' title='bbox 3174 875 3234 923; x_wconf 93' lang='lat' dir='ltr'><strong>ut</strong></span> <span class='ocrx_word' id='word_1_163' title='bbox 3263 868 3468 924; x_wconf 91' lang='lat' dir='ltr'><strong>dictum</strong></span> 
     </span>
    </p>
   </div>
   <div class='ocr_carea' id='block_1_25' title="bbox 1891 954 2883 1020">
    <p class='ocr_par' dir='ltr' id='par_1_25' title="bbox 1891 954 2883 1020">
     <span class='ocr_line' id='line_1_25' title="bbox 1891 954 2883 1020; baseline -0.002 -8"><span class='ocrx_word' id='word_1_164' title='bbox 1891 963 1999 1020; x_wconf 90' lang='lat' dir='ltr'><strong>est,</strong></span> <span class='ocrx_word' id='word_1_165' title='bbox 2030 956 2276 1011; x_wconf 90' lang='lat' dir='ltr'><strong>oratione</strong></span> <span class='ocrx_word' id='word_1_166' title='bbox 2302 958 2490 1011; x_wconf 83' lang='lat' dir='ltr'><strong>nostra</strong></span> <span class='ocrx_word' id='word_1_167' title='bbox 2518 954 2883 1011; x_wconf 85' lang='lat' dir='ltr'><strong>confutemus.</strong></span> 
     </span>
    </p>
   </div>
   <div class='ocr_carea' id='block_1_26' title="bbox 2290 1153 3045 1221">
    <p class='ocr_par' dir='ltr' id='par_1_26' title="bbox 2290 1153 3045 1221">
     <span class='ocr_line' id='line_1_26' title="bbox 2290 1153 3045 1221; baseline 0.003 -13"><span class='ocrx_word' id='word_1_168' title='bbox 2290 1153 2661 1211; x_wconf 79' lang='lat' dir='ltr'><strong>ADVERSUS</strong></span> <span class='ocrx_word' id='word_1_169' title='bbox 2729 1154 3045 1221; x_wconf 80' lang='lat' dir='ltr'><strong>OPHITAS,</strong></span> 
     </span>
    </p>
   </div>
   <div class='ocr_carea' id='block_1_27' title="bbox 2071 1245 3284 1315">
    <p class='ocr_par' dir='ltr' id='par_1_27' title="bbox 2071 1245 3284 1315">
     <span class='ocr_line' id='line_1_27' title="bbox 2071 1245 3284 1315; baseline 0.002 -14"><span class='ocrx_word' id='word_1_170' title='bbox 2071 1247 2204 1312; x_wconf 80' lang='lat' dir='ltr'><strong>Qua:</strong></span> <span class='ocrx_word' id='word_1_171' title='bbox 2245 1254 2323 1301; x_wconf 79' lang='lat' dir='ltr'><strong>est</strong></span> <span class='ocrx_word' id='word_1_172' title='bbox 2365 1246 2579 1301; x_wconf 68' lang='lat' dir='ltr'><strong>ha&#39;resis</strong></span> <span class='ocrx_word' id='word_1_173' title='bbox 2633 1246 2827 1315; x_wconf 81' lang='lat' dir='ltr'><strong>XVII,</strong></span> <span class='ocrx_word' id='word_1_174' title='bbox 2876 1250 2951 1303; x_wconf 80' lang='lat' dir='ltr'><strong>vel</strong></span> <span class='ocrx_word' id='word_1_175' title='bbox 2975 1245 3284 1303; x_wconf 75' lang='lat' dir='ltr'><strong><em>XXXVII.</em></strong></span> 
     </span>
    </p>
   </div>
   <div class='ocr_carea' id='block_1_28' title="bbox 1960 1358 3467 1433">
    <p class='ocr_par' dir='ltr' id='par_1_28' title="bbox 1960 1358 3467 1433">
     <span class='ocr_line' id='line_1_28' title="bbox 1960 1358 3467 1433; baseline 0.002 -18"><span class='ocrx_word' id='word_1_176' title='bbox 1960 1360 2001 1415; x_wconf 84' lang='grc' dir='ltr'><strong>Ι.</strong></span> <span class='ocrx_word' id='word_1_177' title='bbox 2030 1359 2186 1426; x_wconf 86' lang='lat' dir='ltr'><strong>Quod</strong></span> <span class='ocrx_word' id='word_1_178' title='bbox 2214 1360 2381 1430; x_wconf 89' lang='lat' dir='ltr'><strong>igitur</strong></span> <span class='ocrx_word' id='word_1_179' title='bbox 2408 1359 2597 1414; x_wconf 87' lang='lat' dir='ltr'><strong>divino</strong></span> <span class='ocrx_word' id='word_1_180' title='bbox 2631 1358 2755 1414; x_wconf 88' lang='lat' dir='ltr'><strong>freti</strong></span> <span class='ocrx_word' id='word_1_181' title='bbox 2795 1361 3053 1429; x_wconf 64' lang='lat' dir='ltr'><strong>praesidio</strong></span> <span class='ocrx_word' id='word_1_182' title='bbox 3085 1362 3431 1433; x_wconf 85' lang='lat' dir='ltr'><strong>suscepimus</strong></span> <span class='ocrx_word' id='word_1_183' title='bbox 3451 1403 3467 1427; x_wconf 89' lang='lat'><strong>,</strong></span> 
     </span>
    </p>
   </div>
   <div class='ocr_carea' id='block_1_29' title="bbox 1890 1450 3469 1522">
    <p class='ocr_par' dir='ltr' id='par_1_29' title="bbox 1890 1450 3469 1522">
     <span class='ocr_line' id='line_1_29' title="bbox 1890 1450 3469 1522; baseline 0.001 -14"><span class='ocrx_word' id='word_1_184' title='bbox 1890 1450 2210 1522; x_wconf 87' lang='lat' dir='ltr'><strong>Ophitarum</strong></span> <span class='ocrx_word' id='word_1_185' title='bbox 2240 1451 2472 1506; x_wconf 58' lang='lat' dir='ltr'><strong>haeresin</strong></span> <span class='ocrx_word' id='word_1_186' title='bbox 2492 1490 2507 1514; x_wconf 92' lang='lat'><strong>,</strong></span> <span class='ocrx_word' id='word_1_187' title='bbox 2536 1466 2658 1521; x_wconf 83' lang='lat' dir='ltr'><strong>quae</strong></span> <span class='ocrx_word' id='word_1_188' title='bbox 2711 1451 3087 1521; x_wconf 86' lang='lat' dir='ltr'><strong>superioribus</strong></span> <span class='ocrx_word' id='word_1_189' title='bbox 3117 1453 3227 1509; x_wconf 87' lang='lat' dir='ltr'><strong>illis</strong></span> <span class='ocrx_word' id='word_1_190' title='bbox 3257 1454 3469 1509; x_wconf 87' lang='lat' dir='ltr'><strong>insanis</strong></span> 
     </span>
    </p>
   </div>
   <div class='ocr_carea' id='block_1_30' title="bbox 1890 1541 3469 1615">
    <p class='ocr_par' dir='ltr' id='par_1_30' title="bbox 1890 1541 3469 1615">
     <span class='ocr_line' id='line_1_30' title="bbox 1890 1541 3469 1615; baseline 0.001 -16"><span class='ocrx_word' id='word_1_191' title='bbox 1890 1541 2212 1612; x_wconf 88' lang='lat' dir='ltr'><strong>stolidisque</strong></span> <span class='ocrx_word' id='word_1_192' title='bbox 2268 1541 2435 1596; x_wconf 86' lang='lat' dir='ltr'><strong>sectis</strong></span> <span class='ocrx_word' id='word_1_193' title='bbox 2485 1543 2728 1611; x_wconf 83' lang='lat' dir='ltr'><strong>proxima</strong></span> <span class='ocrx_word' id='word_1_194' title='bbox 2798 1551 2904 1607; x_wconf 88' lang='lat' dir='ltr'><strong>est,</strong></span> <span class='ocrx_word' id='word_1_195' title='bbox 2936 1544 3299 1615; x_wconf 76' lang='lat' dir='ltr'><strong>aggredimur.</strong></span> <span class='ocrx_word' id='word_1_196' title='bbox 3336 1545 3469 1611; x_wconf 68' lang='lat' dir='ltr'><strong>Quae</strong></span> 
     </span>
    </p>
   </div>
   <div class='ocr_carea' id='block_1_31' title="bbox 206 1631 1784 1722">
    <p class='ocr_par' dir='ltr' id='par_1_31' title="bbox 206 1631 1784 1713">
     <span class='ocr_line' id='line_1_31' title="bbox 206 1631 1784 1713; baseline 0.007 -27"><span class='ocrx_word' id='word_1_197' title='bbox 206 1632 340 1700; x_wconf 85' lang='grc' dir='ltr'>τῶν,</span> <span class='ocrx_word' id='word_1_198' title='bbox 372 1631 442 1687; x_wconf 80' lang='grc' dir='ltr'><strong>τά</strong></span> <span class='ocrx_word' id='word_1_199' title='bbox 487 1634 588 1705; x_wconf 82' lang='grc' dir='ltr'>μὲν</span> <span class='ocrx_word' id='word_1_200' title='bbox 629 1634 773 1689; x_wconf 84' lang='grc' dir='ltr'>κατὰ</span> <span class='ocrx_word' id='word_1_201' title='bbox 820 1635 890 1690; x_wconf 83' lang='grc' dir='ltr'><strong>τά</strong></span> <span class='ocrx_word' id='word_1_202' title='bbox 918 1635 1057 1690; x_wconf 74' lang='grc' dir='ltr'>αὐτὰ</span> <span class='ocrx_word' id='word_1_203' title='bbox 1088 1638 1415 1711; x_wconf 81' lang='grc' dir='ltr'>φερομένην,</span> <span class='ocrx_word' id='word_1_204' title='bbox 1445 1639 1517 1694; x_wconf 78' lang='grc' dir='ltr'><strong>τά</strong></span> <span class='ocrx_word' id='word_1_205' title='bbox 1546 1641 1784 1713; x_wconf 62' lang='grc' dir='ltr'>δὲκδιηλ-</span> 
     </span>
    </p>
   </div>
   <div class='ocr_carea' id='block_1_32' title="bbox 1884 1631 3471 1722">
    <p class='ocr_par' dir='ltr' id='par_1_32' title="bbox 1890 1634 3471 1706">
     <span class='ocr_line' id='line_1_32' title="bbox 1890 1634 3471 1706; baseline 0.002 -17"><span class='ocrx_word' id='word_1_206' title='bbox 1890 1634 2110 1705; x_wconf 88' lang='lat' dir='ltr'><strong>quidem</strong></span> <span class='ocrx_word' id='word_1_207' title='bbox 2141 1634 2342 1704; x_wconf 89' lang='lat' dir='ltr'><strong>partim</strong></span> <span class='ocrx_word' id='word_1_208' title='bbox 2386 1648 2510 1688; x_wconf 91' lang='lat' dir='ltr'><strong>cum</strong></span> <span class='ocrx_word' id='word_1_209' title='bbox 2552 1634 2660 1689; x_wconf 88' lang='lat' dir='ltr'><strong>illis</strong></span> <span class='ocrx_word' id='word_1_210' title='bbox 2691 1636 2985 1702; x_wconf 80' lang='lat' dir='ltr'><strong>convenit,</strong></span> <span class='ocrx_word' id='word_1_211' title='bbox 3018 1636 3214 1706; x_wconf 88' lang='lat' dir='ltr'><strong>partim</strong></span> <span class='ocrx_word' id='word_1_212' title='bbox 3259 1637 3471 1693; x_wconf 82' lang='lat' dir='ltr'><strong>discre-</strong></span> 
     </span>
    </p>
   </div>
   <div class='ocr_carea' id='block_1_33' title="bbox 207 1721 1781 1802">
    <p class='ocr_par' dir='ltr' id='par_1_33' title="bbox 207 1721 1781 1802">
     <span class='ocr_line' id='line_1_33' title="bbox 207 1721 1781 1802; baseline 0.006 -25"><span class='ocrx_word' id='word_1_213' title='bbox 207 1721 507 1795; x_wconf 79' lang='grc' dir='ltr'>λαγμένην.</span> <span class='ocrx_word' id='word_1_214' title='bbox 531 1723 755 1794; x_wconf 81' lang='grc' dir='ltr'>Λεγέτω</span> <span class='ocrx_word' id='word_1_215' title='bbox 789 1724 847 1778; x_wconf 82' lang='grc' dir='ltr'>δὲ</span> <span class='ocrx_word' id='word_1_216' title='bbox 868 1725 884 1756; x_wconf 76' lang='grc'>³</span> <span class='ocrx_word' id='word_1_217' title='bbox 920 1727 1031 1791; x_wconf 77' lang='grc' dir='ltr'>τοῖς</span> <span class='ocrx_word' id='word_1_218' title='bbox 1063 1726 1216 1799; x_wconf 71' lang='grc' dir='ltr'>ἤθεσι</span> <span class='ocrx_word' id='word_1_219' title='bbox 1245 1728 1340 1782; x_wconf 78' lang='grc' dir='ltr'>καὶ</span> <span class='ocrx_word' id='word_1_220' title='bbox 1387 1731 1629 1802; x_wconf 77' lang='grc' dir='ltr'>σχήμασι</span> <span class='ocrx_word' id='word_1_221' title='bbox 1673 1733 1781 1788; x_wconf 84' lang='grc' dir='ltr'>τῶν</span> 
     </span>
    </p>
   </div>
   <div class='ocr_carea' id='block_1_34' title="bbox 206 1805 1784 1893">
    <p class='ocr_par' dir='ltr' id='par_1_34' title="bbox 206 1805 1784 1893">
     <span class='ocr_line' id='line_1_34' title="bbox 206 1805 1784 1893; baseline 0.008 -29"><span class='ocrx_word' id='word_1_222' title='bbox 206 1814 510 1885; x_wconf 78' lang='grc' dir='ltr'>χρωμένων</span> <span class='ocrx_word' id='word_1_223' title='bbox 537 1805 673 1886; x_wconf 64' lang='grc' dir='ltr'>αὐτῇ</span> <span class='ocrx_word' id='word_1_224' title='bbox 694 1831 708 1844; x_wconf 78' lang='grc' dir='ltr'><strong>ο</strong></span> <span class='ocrx_word' id='word_1_225' title='bbox 739 1815 824 1868; x_wconf 81' lang='grc' dir='ltr'>ἵνα</span> <span class='ocrx_word' id='word_1_226' title='bbox 861 1815 973 1869; x_wconf 77' lang='grc' dir='ltr'><strong>ἀπὸ</strong></span> <span class='ocrx_word' id='word_1_227' title='bbox 1010 1818 1109 1888; x_wconf 81' lang='grc' dir='ltr'>τῆς</span> <span class='ocrx_word' id='word_1_228' title='bbox 1139 1817 1411 1891; x_wconf 84' lang='grc' dir='ltr'>μετεώρου</span> <span class='ocrx_word' id='word_1_229' title='bbox 1448 1820 1654 1893; x_wconf 85' lang='grc' dir='ltr'>πλάνης</span> <span class='ocrx_word' id='word_1_230' title='bbox 1684 1822 1784 1893; x_wconf 86' lang='grc' dir='ltr'>τῆς</span> 
     </span>
    </p>
   </div>
   <div class='ocr_carea' id='block_1_35' title="bbox 206 1904 1784 1986">
    <p class='ocr_par' dir='ltr' id='par_1_35' title="bbox 206 1904 1784 1986">
     <span class='ocr_line' id='line_1_35' title="bbox 206 1904 1784 1986; baseline 0.006 -29"><span class='ocrx_word' id='word_1_231' title='bbox 206 1905 417 1959; x_wconf 86' lang='grc' dir='ltr'>τούτων</span> <span class='ocrx_word' id='word_1_232' title='bbox 444 1904 740 1976; x_wconf 77' lang='grc' dir='ltr'>διαφωνίας</span> <span class='ocrx_word' id='word_1_233' title='bbox 771 1906 934 1960; x_wconf 84' lang='grc' dir='ltr'>παντί</span> <span class='ocrx_word' id='word_1_234' title='bbox 958 1925 1037 1979; x_wconf 83' lang='grc' dir='ltr'>τῳ</span> <span class='ocrx_word' id='word_1_235' title='bbox 1060 1908 1219 1980; x_wconf 80' lang='grc' dir='ltr'>δῆλον</span> <span class='ocrx_word' id='word_1_236' title='bbox 1240 1908 1450 1982; x_wconf 74' lang='grc' dir='ltr'>ἐσηται,</span> <span class='ocrx_word' id='word_1_237' title='bbox 1484 1913 1566 1966; x_wconf 85' lang='grc' dir='ltr'>ὅτι</span> <span class='ocrx_word' id='word_1_238' title='bbox 1608 1913 1784 1986; x_wconf 81' lang='grc' dir='ltr'>πλάνῃ</span> 
     </span>
    </p>
   </div>
   <div class='ocr_carea' id='block_1_36' title="bbox 205 1995 1786 2075">
    <p class='ocr_par' dir='ltr' id='par_1_36' title="bbox 205 1995 1786 2075">
     <span class='ocr_line' id='line_1_36' title="bbox 205 1995 1786 2075; baseline 0.005 -25"><span class='ocrx_word' id='word_1_239' title='bbox 205 1995 461 2064; x_wconf 76' lang='grc' dir='ltr'>ἄγονται,</span> <span class='ocrx_word' id='word_1_240' title='bbox 491 1996 585 2050; x_wconf 77' lang='grc' dir='ltr'><strong>καὶ</strong></span> <span class='ocrx_word' id='word_1_241' title='bbox 606 1996 705 2050; x_wconf 81' lang='grc' dir='ltr'>οὐκ</span> <span class='ocrx_word' id='word_1_242' title='bbox 722 1996 969 2069; x_wconf 74' lang='grc' dir='ltr'>ἀληθείᾳ.</span> <span class='ocrx_word' id='word_1_243' title='bbox 988 1998 1373 2071; x_wconf 78' lang='grc' dir='ltr'>Φωραθήσεται</span> <span class='ocrx_word' id='word_1_244' title='bbox 1403 2002 1459 2056; x_wconf 86' lang='grc' dir='ltr'>δὲ</span> <span class='ocrx_word' id='word_1_245' title='bbox 1484 2002 1579 2057; x_wconf 91' lang='grc' dir='ltr'><strong>νῦν</strong></span> <span class='ocrx_word' id='word_1_246' title='bbox 1604 2002 1682 2075; x_wconf 71' lang='grc' dir='ltr'>τῷ</span> <span class='ocrx_word' id='word_1_247' title='bbox 1704 2003 1786 2057; x_wconf 88' lang='grc' dir='ltr'>λό-</span> 
     </span>
    </p>
   </div>
   <div class='ocr_carea' id='block_1_37' title="bbox 205 2085 1493 2162">
    <p class='ocr_par' dir='ltr' id='par_1_37' title="bbox 205 2085 1493 2162">
     <span class='ocr_line' id='line_1_37' title="bbox 205 2085 1493 2162; baseline 0.008 -23"><span class='ocrx_word' id='word_1_248' title='bbox 205 2103 291 2159; x_wconf 85' lang='grc' dir='ltr'><strong>γῳ</strong></span> <span class='ocrx_word' id='word_1_249' title='bbox 328 2087 424 2142; x_wconf 75' lang='grc' dir='ltr'>καὶ</span> <span class='ocrx_word' id='word_1_250' title='bbox 467 2085 851 2160; x_wconf 79' lang='grc' dir='ltr'>ἐλεγχθήσεται</span> <span class='ocrx_word' id='word_1_251' title='bbox 883 2091 918 2162; x_wconf 80' lang='grc' dir='ltr'>ἡ</span> <span class='ocrx_word' id='word_1_252' title='bbox 944 2090 1063 2144; x_wconf 87' lang='grc' dir='ltr'>κατ’</span> <span class='ocrx_word' id='word_1_253' title='bbox 1088 2091 1253 2146; x_wconf 81' lang='grc' dir='ltr'>αὑτοῦ</span> <span class='ocrx_word' id='word_1_254' title='bbox 1271 2093 1292 2123; x_wconf 82' lang='grc'>¹</span> <span class='ocrx_word' id='word_1_255' title='bbox 1320 2093 1493 2149; x_wconf 79' lang='grc' dir='ltr'>ἄνοια.</span> 
     </span>
    </p>
   </div>
   <div class='ocr_carea' id='block_1_38' title="bbox 274 2267 1783 2342">
    <p class='ocr_par' dir='ltr' id='par_1_38' title="bbox 274 2267 1783 2342">
     <span class='ocr_line' id='line_1_38' title="bbox 274 2267 1783 2342; baseline 0.003 -21"><span class='ocrx_word' id='word_1_256' title='bbox 274 2267 342 2321; x_wconf 82' lang='grc' dir='ltr'><strong>Οἱ</strong></span> <span class='ocrx_word' id='word_1_257' title='bbox 371 2269 586 2337; x_wconf 69' lang='grc' dir='ltr'>Ὀςρῖται</span> <span class='ocrx_word' id='word_1_258' title='bbox 632 2268 732 2340; x_wconf 86' lang='grc' dir='ltr'>μὲν</span> <span class='ocrx_word' id='word_1_259' title='bbox 763 2268 891 2341; x_wconf 80' lang='grc' dir='ltr'>γὰρ,</span> <span class='ocrx_word' id='word_1_260' title='bbox 915 2268 992 2333; x_wconf 84' lang='grc' dir='ltr'><strong>ὡς</strong></span> <span class='ocrx_word' id='word_1_261' title='bbox 1034 2271 1316 2341; x_wconf 85' lang='grc' dir='ltr'>προεῖπον,</span> <span class='ocrx_word' id='word_1_262' title='bbox 1348 2269 1446 2334; x_wconf 81' lang='grc' dir='ltr'><strong>τὰς</strong></span> <span class='ocrx_word' id='word_1_263' title='bbox 1483 2269 1783 2342; x_wconf 82' lang='grc' dir='ltr'>προφάσεις</span> 
     </span>
    </p>
   </div>
   <div class='ocr_carea' id='block_1_39' title="bbox 201 2360 1779 2432">
    <p class='ocr_par' dir='ltr' id='par_1_39' title="bbox 201 2360 1779 2432">
     <span class='ocr_line' id='line_1_39' title="bbox 201 2360 1779 2432; baseline 0.002 -19"><span class='ocrx_word' id='word_1_264' title='bbox 201 2360 491 2431; x_wconf 74' lang='grc' dir='ltr'>εἰλήφασιν</span> <span class='ocrx_word' id='word_1_265' title='bbox 541 2360 648 2414; x_wconf 84' lang='grc' dir='ltr'><strong>ἀπὸ</strong></span> <span class='ocrx_word' id='word_1_266' title='bbox 697 2361 794 2432; x_wconf 84' lang='grc' dir='ltr'>τῆς</span> <span class='ocrx_word' id='word_1_267' title='bbox 837 2360 931 2415; x_wconf 84' lang='grc' dir='ltr'><strong>τοῦ</strong></span> <span class='ocrx_word' id='word_1_268' title='bbox 975 2361 1263 2426; x_wconf 86' lang='grc' dir='ltr'>Νικολάου,</span> <span class='ocrx_word' id='word_1_269' title='bbox 1305 2360 1400 2415; x_wconf 77' lang='grc' dir='ltr'>καὶ</span> <span class='ocrx_word' id='word_1_270' title='bbox 1441 2362 1779 2429; x_wconf 87' lang='grc' dir='ltr'>Γνωστικῶν,</span> 
     </span>
    </p>
   </div>
   <div class='ocr_carea' id='block_1_40' title="bbox 204 2451 1781 2525">
    <p class='ocr_par' dir='ltr' id='par_1_40' title="bbox 204 2451 1781 2525">
     <span class='ocr_line' id='line_1_40' title="bbox 204 2451 1781 2525; baseline 0 -17"><span class='ocrx_word' id='word_1_271' title='bbox 204 2455 304 2508; x_wconf 75' lang='grc' dir='ltr'>καὶ</span> <span class='ocrx_word' id='word_1_272' title='bbox 331 2451 442 2506; x_wconf 82' lang='grc' dir='ltr'>τῶν</span> <span class='ocrx_word' id='word_1_273' title='bbox 475 2452 582 2524; x_wconf 80' lang='grc' dir='ltr'>πρὸ</span> <span class='ocrx_word' id='word_1_274' title='bbox 604 2451 808 2507; x_wconf 91' lang='grc' dir='ltr'>τούτων</span> <span class='ocrx_word' id='word_1_275' title='bbox 838 2452 1100 2525; x_wconf 78' lang='grc' dir='ltr'>αἱρέσεων</span> <span class='ocrx_word' id='word_1_276' title='bbox 1119 2468 1133 2482; x_wconf 88' lang='grc'><strong>·</strong></span> <span class='ocrx_word' id='word_1_277' title='bbox 1160 2454 1375 2523; x_wconf 83' lang='grc' dir='ltr'>Ὀφῖται</span> <span class='ocrx_word' id='word_1_278' title='bbox 1406 2453 1462 2507; x_wconf 85' lang='grc' dir='ltr'>δὲ</span> <span class='ocrx_word' id='word_1_279' title='bbox 1496 2454 1781 2518; x_wconf 81' lang='grc' dir='ltr'>καλοῦνται</span> 
     </span>
    </p>
   </div>
   <div class='ocr_carea' id='block_1_41' title="bbox 201 2541 1782 2620">
    <p class='ocr_par' dir='ltr' id='par_1_41' title="bbox 201 2541 1782 2620">
     <span class='ocr_line' id='line_1_41' title="bbox 201 2541 1782 2620; baseline 0.001 -21"><span class='ocrx_word' id='word_1_280' title='bbox 201 2545 273 2599; x_wconf 85' lang='grc' dir='ltr'><strong>δι’</strong></span> <span class='ocrx_word' id='word_1_281' title='bbox 303 2545 366 2598; x_wconf 76' lang='grc' dir='ltr'>ὃν</span> <span class='ocrx_word' id='word_1_282' title='bbox 412 2543 727 2609; x_wconf 73' lang='grc' dir='ltr'>δοξάζουσιν</span> <span class='ocrx_word' id='word_1_283' title='bbox 775 2544 1139 2614; x_wconf 68' lang='grc' dir='ltr'>διριν.¹Ἀτοπα</span> <span class='ocrx_word' id='word_1_284' title='bbox 1181 2545 1290 2617; x_wconf 74' lang='grc' dir='ltr'>γὰρ</span> <span class='ocrx_word' id='word_1_285' title='bbox 1323 2546 1415 2600; x_wconf 73' lang='grc' dir='ltr'><strong>καὶ</strong></span> <span class='ocrx_word' id='word_1_286' title='bbox 1453 2541 1597 2600; x_wconf 83' lang='grc' dir='ltr'>οῦτοι</span> <span class='ocrx_word' id='word_1_287' title='bbox 1628 2547 1782 2620; x_wconf 77' lang='grc' dir='ltr'>ἐρεύο</span> 
     </span>
    </p>
   </div>
   <div class='ocr_carea' id='block_1_42' title="bbox 202 2635 1782 2709">
    <p class='ocr_par' dir='ltr' id='par_1_42' title="bbox 202 2635 1782 2709">
     <span class='ocr_line' id='line_1_42' title="bbox 202 2635 1782 2709; baseline 0.001 -18"><span class='ocrx_word' id='word_1_288' title='bbox 202 2654 417 2706; x_wconf 87' lang='grc' dir='ltr'>γονται,</span> <span class='ocrx_word' id='word_1_289' title='bbox 444 2637 520 2700; x_wconf 86' lang='grc' dir='ltr'>ὡς</span> <span class='ocrx_word' id='word_1_290' title='bbox 550 2637 659 2689; x_wconf 81' lang='grc' dir='ltr'>άπὸ</span> <span class='ocrx_word' id='word_1_291' title='bbox 680 2636 779 2708; x_wconf 82' lang='grc' dir='ltr'>τῆς</span> <span class='ocrx_word' id='word_1_292' title='bbox 809 2635 1213 2709; x_wconf 84' lang='grc' dir='ltr'>προειρημένης</span> <span class='ocrx_word' id='word_1_293' title='bbox 1243 2635 1498 2709; x_wconf 85' lang='grc' dir='ltr'>βρώσεως</span> <span class='ocrx_word' id='word_1_294' title='bbox 1529 2636 1627 2708; x_wconf 86' lang='grc' dir='ltr'>τῆς</span> <span class='ocrx_word' id='word_1_295' title='bbox 1652 2638 1782 2692; x_wconf 90' lang='grc' dir='ltr'>δυσ-</span> 
     </span>
    </p>
   </div>
   <div class='ocr_carea' id='block_1_43' title="bbox 200 2725 1781 2799">
    <p class='ocr_par' dir='ltr' id='par_1_43' title="bbox 200 2725 1781 2799">
     <span class='ocr_line' id='line_1_43' title="bbox 200 2725 1781 2799; baseline 0.001 -19"><span class='ocrx_word' id='word_1_296' title='bbox 200 2725 400 2798; x_wconf 83' lang='grc' dir='ltr'>οδμίας</span> <span class='ocrx_word' id='word_1_297' title='bbox 442 2726 886 2797; x_wconf 75' lang='grc' dir='ltr'>ἐμπεπλησμένοι</span> <span class='ocrx_word' id='word_1_298' title='bbox 907 2743 921 2757; x_wconf 88' lang='grc'><strong>·</strong></span> <span class='ocrx_word' id='word_1_299' title='bbox 969 2727 1062 2779; x_wconf 71' lang='grc' dir='ltr'>καὶ</span> <span class='ocrx_word' id='word_1_300' title='bbox 1098 2726 1173 2790; x_wconf 85' lang='grc' dir='ltr'><strong>ὡς</strong></span> <span class='ocrx_word' id='word_1_301' title='bbox 1202 2727 1335 2780; x_wconf 86' lang='grc' dir='ltr'>κενὰ</span> <span class='ocrx_word' id='word_1_302' title='bbox 1361 2727 1616 2799; x_wconf 86' lang='grc' dir='ltr'>δαιμόνια</span> <span class='ocrx_word' id='word_1_303' title='bbox 1637 2728 1781 2781; x_wconf 87' lang='grc' dir='ltr'>ἀπα-</span> 
     </span>
    </p>
   </div>
   <div class='ocr_carea' id='block_1_44' title="bbox 200 2814 1778 2891">
    <p class='ocr_par' dir='ltr' id='par_1_44' title="bbox 200 2814 1778 2891">
     <span class='ocr_line' id='line_1_44' title="bbox 200 2814 1778 2891; baseline 0 -18"><span class='ocrx_word' id='word_1_304' title='bbox 200 2818 466 2891; x_wconf 78' lang='grc' dir='ltr'>τηθέντες</span> <span class='ocrx_word' id='word_1_305' title='bbox 514 2814 662 2871; x_wconf 79' lang='grc' dir='ltr'>οῦτοι</span> <span class='ocrx_word' id='word_1_306' title='bbox 713 2817 804 2871; x_wconf 83' lang='grc' dir='ltr'>τὸν</span> <span class='ocrx_word' id='word_1_307' title='bbox 856 2818 998 2888; x_wconf 78' lang='grc' dir='ltr'>ὅφιν,</span> <span class='ocrx_word' id='word_1_308' title='bbox 1029 2817 1105 2882; x_wconf 84' lang='grc' dir='ltr'><strong>ὡς</strong></span> <span class='ocrx_word' id='word_1_309' title='bbox 1152 2821 1433 2889; x_wconf 84' lang='grc' dir='ltr'>προεῖπον,</span> <span class='ocrx_word' id='word_1_310' title='bbox 1477 2817 1778 2883; x_wconf 81' lang='grc' dir='ltr'>δοξάζουσι.</span> 
     </span>
    </p>
   </div>
   <div class='ocr_carea' id='block_1_45' title="bbox 199 2909 1780 2983">
    <p class='ocr_par' dir='ltr' id='par_1_45' title="bbox 199 2909 1780 2983">
     <span class='ocr_line' id='line_1_45' title="bbox 199 2909 1780 2983; baseline -0.002 -17"><span class='ocrx_word' id='word_1_311' title='bbox 199 2914 318 2966; x_wconf 76' lang='grc' dir='ltr'><strong>Καὶ</strong></span> <span class='ocrx_word' id='word_1_312' title='bbox 361 2913 466 2983; x_wconf 83' lang='grc' dir='ltr'>ὅρα</span> <span class='ocrx_word' id='word_1_313' title='bbox 498 2912 579 2976; x_wconf 72' lang='grc' dir='ltr'>εἰς</span> <span class='ocrx_word' id='word_1_314' title='bbox 609 2911 741 2982; x_wconf 79' lang='grc' dir='ltr'>ὅσην</span> <span class='ocrx_word' id='word_1_315' title='bbox 786 2909 992 2981; x_wconf 77' lang='grc' dir='ltr'>προέϐη</span> <span class='ocrx_word' id='word_1_316' title='bbox 1027 2909 1437 2980; x_wconf 85' lang='grc' dir='ltr'>κακομηχανίαν</span> <span class='ocrx_word' id='word_1_317' title='bbox 1486 2911 1515 2963; x_wconf 97' lang='lat'><strong>6</strong></span> <span class='ocrx_word' id='word_1_318' title='bbox 1558 2910 1780 2974; x_wconf 84' lang='grc' dir='ltr'>τούτους</span> 
     </span>
    </p>
   </div>
   <div class='ocr_carea' id='block_1_46' title="bbox 1883 1725 3469 1806">
    <p class='ocr_par' dir='ltr' id='par_1_46' title="bbox 1883 1725 3469 1806">
     <span class='ocr_line' id='line_1_46' title="bbox 1883 1725 3469 1806; baseline 0.001 -23"><span class='ocrx_word' id='word_1_319' title='bbox 1883 1736 2000 1806; x_wconf 74' lang='lat' dir='ltr'><strong>pat,</strong></span> <span class='ocrx_word' id='word_1_320' title='bbox 2048 1741 2148 1797; x_wconf 89' lang='lat' dir='ltr'><strong>pro</strong></span> <span class='ocrx_word' id='word_1_321' title='bbox 2196 1739 2388 1786; x_wconf 88' lang='lat' dir='ltr'><strong>eorum</strong></span> <span class='ocrx_word' id='word_1_322' title='bbox 2428 1725 2523 1794; x_wconf 90' lang='lat' dir='ltr'><strong>qui</strong></span> <span class='ocrx_word' id='word_1_323' title='bbox 2573 1725 2724 1781; x_wconf 88' lang='lat' dir='ltr'><strong>illam</strong></span> <span class='ocrx_word' id='word_1_324' title='bbox 2781 1727 2952 1783; x_wconf 86' lang='lat' dir='ltr'><strong>secuti</strong></span> <span class='ocrx_word' id='word_1_325' title='bbox 3006 1735 3169 1793; x_wconf 89' lang='lat' dir='ltr'><strong>sunt,</strong></span> <span class='ocrx_word' id='word_1_326' title='bbox 3220 1730 3469 1784; x_wconf 90' lang='lat' dir='ltr'><strong>moribus</strong></span> 
     </span>
    </p>
   </div>
   <div class='ocr_carea' id='block_1_47' title="bbox 1885 1816 3468 1889">
    <p class='ocr_par' dir='ltr' id='par_1_47' title="bbox 1885 1816 3468 1889">
     <span class='ocr_line' id='line_1_47' title="bbox 1885 1816 3468 1889; baseline 0.001 -13"><span class='ocrx_word' id='word_1_327' title='bbox 1885 1820 2187 1889; x_wconf 88' lang='lat' dir='ltr'><strong>habituque</strong></span> <span class='ocrx_word' id='word_1_328' title='bbox 2219 1816 2497 1882; x_wconf 86' lang='lat' dir='ltr'><strong>dissimili,</strong></span> <span class='ocrx_word' id='word_1_329' title='bbox 2528 1824 2586 1872; x_wconf 94' lang='lat' dir='ltr'><strong>ut</strong></span> <span class='ocrx_word' id='word_1_330' title='bbox 2616 1818 2700 1873; x_wconf 88' lang='lat' dir='ltr'><strong>vel</strong></span> <span class='ocrx_word' id='word_1_331' title='bbox 2731 1818 2911 1875; x_wconf 89' lang='lat' dir='ltr'><strong>inanis</strong></span> <span class='ocrx_word' id='word_1_332' title='bbox 2950 1819 3042 1873; x_wconf 86' lang='lat' dir='ltr'><strong>illa</strong></span> <span class='ocrx_word' id='word_1_333' title='bbox 3087 1829 3144 1876; x_wconf 90' lang='lat' dir='ltr'><strong>et</strong></span> <span class='ocrx_word' id='word_1_334' title='bbox 3184 1821 3468 1877; x_wconf 84' lang='lat' dir='ltr'><strong>erroribus</strong></span> 
     </span>
    </p>
   </div>
   <div class='ocr_carea' id='block_1_48' title="bbox 1883 1907 3469 1983">
    <p class='ocr_par' dir='ltr' id='par_1_48' title="bbox 1883 1907 3469 1983">
     <span class='ocr_line' id='line_1_48' title="bbox 1883 1907 3469 1983; baseline 0 -16"><span class='ocrx_word' id='word_1_335' title='bbox 1883 1911 2160 1981; x_wconf 85' lang='lat' dir='ltr'><strong>implicata</strong></span> <span class='ocrx_word' id='word_1_336' title='bbox 2215 1907 2494 1964; x_wconf 87' lang='lat' dir='ltr'><strong>discordia</strong></span> <span class='ocrx_word' id='word_1_337' title='bbox 2565 1923 2767 1980; x_wconf 79' lang='lat' dir='ltr'><strong>magno</strong></span> <span class='ocrx_word' id='word_1_338' title='bbox 2824 1910 3080 1967; x_wconf 90' lang='lat' dir='ltr'><strong>omnibus</strong></span> <span class='ocrx_word' id='word_1_339' title='bbox 3140 1920 3469 1983; x_wconf 81' lang='lat' dir='ltr'><strong>argumento</strong></span> 
     </span>
    </p>
   </div>
   <div class='ocr_carea' id='block_1_49' title="bbox 1885 1988 3467 2065">
    <p class='ocr_par' dir='ltr' id='par_1_49' title="bbox 1885 1988 3467 2065">
     <span class='ocr_line' id='line_1_49' title="bbox 1885 1988 3467 2065; baseline 0.001 -8"><span class='ocrx_word' id='word_1_340' title='bbox 1885 2001 1981 2065; x_wconf 85' lang='lat' dir='ltr'><strong>sit,</strong></span> <span class='ocrx_word' id='word_1_341' title='bbox 2008 1999 2250 2056; x_wconf 80' lang='lat' dir='ltr'><strong>falsitate</strong></span> <span class='ocrx_word' id='word_1_342' title='bbox 2284 1999 2410 2054; x_wconf 91' lang='lat' dir='ltr'><strong>illos</strong></span> <span class='ocrx_word' id='word_1_343' title='bbox 2446 2014 2570 2055; x_wconf 91' lang='lat' dir='ltr'><strong>esse</strong></span> <span class='ocrx_word' id='word_1_344' title='bbox 2603 2014 2711 2054; x_wconf 88' lang='lat' dir='ltr'><strong>non</strong></span> <span class='ocrx_word' id='word_1_345' title='bbox 2738 2000 2969 2055; x_wconf 82' lang='lat' dir='ltr'><strong>veritate</strong></span> <span class='ocrx_word' id='word_1_346' title='bbox 2994 1988 3283 2059; x_wconf 81' lang='lat' dir='ltr'><strong>subnixos.</strong></span> <span class='ocrx_word' id='word_1_347' title='bbox 3309 2002 3467 2058; x_wconf 89' lang='lat' dir='ltr'><strong>Nunc</strong></span> 
     </span>
    </p>
   </div>
   <div class='ocr_carea' id='block_1_50' title="bbox 1883 2089 3466 2163">
    <p class='ocr_par' dir='ltr' id='par_1_50' title="bbox 1883 2089 3466 2163">
     <span class='ocr_line' id='line_1_50' title="bbox 1883 2089 3466 2163; baseline 0.004 -19"><span class='ocrx_word' id='word_1_348' title='bbox 1883 2089 2069 2162; x_wconf 85' lang='lat' dir='ltr'><strong>itaque</strong></span> <span class='ocrx_word' id='word_1_349' title='bbox 2120 2105 2312 2146; x_wconf 90' lang='lat' dir='ltr'><strong>eorum</strong></span> <span class='ocrx_word' id='word_1_350' title='bbox 2358 2090 2608 2145; x_wconf 89' lang='lat' dir='ltr'><strong>oratione</strong></span> <span class='ocrx_word' id='word_1_351' title='bbox 2640 2097 2831 2145; x_wconf 89' lang='lat' dir='ltr'><strong>nostra</strong></span> <span class='ocrx_word' id='word_1_352' title='bbox 2883 2090 3187 2163; x_wconf 86' lang='lat' dir='ltr'><strong>detegenda</strong></span> <span class='ocrx_word' id='word_1_353' title='bbox 3217 2108 3283 2149; x_wconf 90' lang='lat' dir='ltr'><strong>ac</strong></span> <span class='ocrx_word' id='word_1_354' title='bbox 3330 2109 3466 2150; x_wconf 69' lang='grc' dir='ltr'>ιόιιι</span> 
     </span>
    </p>
   </div>
   <div class='ocr_carea' id='block_1_51' title="bbox 1882 2180 2536 2237">
    <p class='ocr_par' dir='ltr' id='par_1_51' title="bbox 1882 2180 2536 2237">
     <span class='ocr_line' id='line_1_51' title="bbox 1882 2180 2536 2237; baseline -0.002 0"><span class='ocrx_word' id='word_1_355' title='bbox 1882 2181 2154 2237; x_wconf 86' lang='lat' dir='ltr'><strong>vincenda</strong></span> <span class='ocrx_word' id='word_1_356' title='bbox 2181 2180 2406 2237; x_wconf 84' lang='lat' dir='ltr'><strong>vesania</strong></span> <span class='ocrx_word' id='word_1_357' title='bbox 2430 2189 2536 2236; x_wconf 90' lang='lat' dir='ltr'><strong>est.</strong></span> 
     </span>
    </p>
   </div>
   <div class='ocr_carea' id='block_1_52' title="bbox 1953 2271 3462 2345">
    <p class='ocr_par' dir='ltr' id='par_1_52' title="bbox 1953 2271 3462 2345">
     <span class='ocr_line' id='line_1_52' title="bbox 1953 2271 3462 2345; baseline 0.004 -19"><span class='ocrx_word' id='word_1_358' title='bbox 1953 2272 2120 2345; x_wconf 71' lang='lat'><strong>268</strong></span> <span class='ocrx_word' id='word_1_359' title='bbox 2143 2271 2278 2327; x_wconf 88' lang='lat' dir='ltr'><strong>Nam</strong></span> <span class='ocrx_word' id='word_1_360' title='bbox 2325 2271 2573 2342; x_wconf 70' lang='lat' dir='ltr'><strong>Ophitze,</strong></span> <span class='ocrx_word' id='word_1_361' title='bbox 2618 2271 3083 2343; x_wconf 85' lang='lat' dir='ltr'><strong>quemadmodum</strong></span> <span class='ocrx_word' id='word_1_362' title='bbox 3117 2274 3396 2339; x_wconf 76' lang='lat' dir='ltr'><strong>diximus.</strong></span> <span class='ocrx_word' id='word_1_363' title='bbox 3432 2291 3462 2331; x_wconf 88' lang='lat' dir='ltr'><strong>a</strong></span> 
     </span>
    </p>
   </div>
   <div class='ocr_carea' id='block_1_53' title="bbox 1862 2354 3464 2435">
    <p class='ocr_par' dir='ltr' id='par_1_53' title="bbox 1862 2354 3464 2435">
     <span class='ocr_line' id='line_1_53' title="bbox 1862 2354 3464 2435; baseline 0.004 -17"><span class='ocrx_word' id='word_1_364' title='bbox 1862 2354 2128 2429; x_wconf 28' lang='lat' dir='ltr'><strong>hNicolao,</strong></span> <span class='ocrx_word' id='word_1_365' title='bbox 2159 2372 2212 2419; x_wconf 91' lang='lat' dir='ltr'><strong>et</strong></span> <span class='ocrx_word' id='word_1_366' title='bbox 2237 2364 2540 2428; x_wconf 86' lang='lat' dir='ltr'><strong>Gnostieis,</strong></span> <span class='ocrx_word' id='word_1_367' title='bbox 2570 2378 2634 2419; x_wconf 89' lang='lat' dir='ltr'><strong>ac</strong></span> <span class='ocrx_word' id='word_1_368' title='bbox 2668 2364 2946 2435; x_wconf 87' lang='lat' dir='ltr'><strong>prioribus</strong></span> <span class='ocrx_word' id='word_1_369' title='bbox 2968 2365 3093 2420; x_wconf 90' lang='lat' dir='ltr'><strong>aliis</strong></span> <span class='ocrx_word' id='word_1_370' title='bbox 3134 2368 3300 2422; x_wconf 88' lang='lat' dir='ltr'><strong>sectis</strong></span> <span class='ocrx_word' id='word_1_371' title='bbox 3317 2368 3464 2423; x_wconf 83' lang='lat' dir='ltr'><strong>elllo—</strong></span> 
     </span>
    </p>
   </div>
   <div class='ocr_carea' id='block_1_54' title="bbox 1883 2452 3465 2525">
    <p class='ocr_par' dir='ltr' id='par_1_54' title="bbox 1883 2452 3465 2525">
     <span class='ocr_line' id='line_1_54' title="bbox 1883 2452 3465 2525; baseline 0.001 -17"><span class='ocrx_word' id='word_1_372' title='bbox 1883 2464 2129 2510; x_wconf 87' lang='lat' dir='ltr'><strong>ruerunt.</strong></span> <span class='ocrx_word' id='word_1_373' title='bbox 2161 2453 2310 2520; x_wconf 84' lang='lat' dir='ltr'><strong>Quos</strong></span> <span class='ocrx_word' id='word_1_374' title='bbox 2344 2452 2594 2525; x_wconf 88' lang='lat' dir='ltr'><strong>Opliitas,</strong></span> <span class='ocrx_word' id='word_1_375' title='bbox 2632 2454 2734 2507; x_wconf 89' lang='lat' dir='ltr'><strong>hoc</strong></span> <span class='ocrx_word' id='word_1_376' title='bbox 2772 2463 2855 2509; x_wconf 80' lang='lat' dir='ltr'><strong>est</strong></span> <span class='ocrx_word' id='word_1_377' title='bbox 2903 2458 3187 2524; x_wconf 80' lang='lat' dir='ltr'><strong>anguineos</strong></span> <span class='ocrx_word' id='word_1_378' title='bbox 3209 2495 3224 2522; x_wconf 92' lang='lat'><strong>,</strong></span> <span class='ocrx_word' id='word_1_379' title='bbox 3262 2456 3331 2510; x_wconf 89' lang='lat' dir='ltr'><strong>ab</strong></span> <span class='ocrx_word' id='word_1_380' title='bbox 3362 2471 3465 2510; x_wconf 82' lang='lat' dir='ltr'><strong>an-</strong></span> 
     </span>
    </p>
   </div>
   <div class='ocr_carea' id='block_1_55' title="bbox 1883 2536 3463 2616">
    <p class='ocr_par' dir='ltr' id='par_1_55' title="bbox 1883 2536 3463 2616">
     <span class='ocr_line' id='line_1_55' title="bbox 1883 2536 3463 2616; baseline 0.002 -18"><span class='ocrx_word' id='word_1_381' title='bbox 1883 2560 1988 2616; x_wconf 83' lang='lat' dir='ltr'><strong>gue</strong></span> <span class='ocrx_word' id='word_1_382' title='bbox 2037 2546 2132 2599; x_wconf 92' lang='lat' dir='ltr'><strong>illo</strong></span> <span class='ocrx_word' id='word_1_383' title='bbox 2188 2561 2348 2615; x_wconf 90' lang='lat' dir='ltr'><strong>quem</strong></span> <span class='ocrx_word' id='word_1_384' title='bbox 2402 2545 2715 2608; x_wconf 85' lang='lat' dir='ltr'><strong>celebrant,</strong></span> <span class='ocrx_word' id='word_1_385' title='bbox 2782 2536 3060 2613; x_wconf 80' lang='lat' dir='ltr'><strong>appellare</strong></span> <span class='ocrx_word' id='word_1_386' title='bbox 3105 2545 3304 2600; x_wconf 80' lang='lat' dir='ltr'><strong>solent.</strong></span> <span class='ocrx_word' id='word_1_387' title='bbox 3358 2546 3463 2601; x_wconf 85' lang='lat' dir='ltr'><strong>Sed</strong></span> 
     </span>
    </p>
   </div>
   <div class='ocr_carea' id='block_1_56' title="bbox 1882 2636 3464 2713">
    <p class='ocr_par' dir='ltr' id='par_1_56' title="bbox 1882 2636 3464 2713">
     <span class='ocr_line' id='line_1_56' title="bbox 1882 2636 3464 2713; baseline 0.002 -23"><span class='ocrx_word' id='word_1_388' title='bbox 1882 2636 2154 2692; x_wconf 87' lang='lat' dir='ltr'><strong>horrenda</strong></span> <span class='ocrx_word' id='word_1_389' title='bbox 2186 2651 2318 2713; x_wconf 78' lang='lat' dir='ltr'><strong>sane</strong></span> <span class='ocrx_word' id='word_1_390' title='bbox 2346 2645 2473 2692; x_wconf 91' lang='lat' dir='ltr'><strong>sunt</strong></span> <span class='ocrx_word' id='word_1_391' title='bbox 2502 2637 2902 2709; x_wconf 69' lang='lat' dir='ltr'><strong>quazhomines</strong></span> <span class='ocrx_word' id='word_1_392' title='bbox 2930 2637 3041 2701; x_wconf 89' lang='lat' dir='ltr'><strong>isti,</strong></span> <span class='ocrx_word' id='word_1_393' title='bbox 3065 2645 3127 2691; x_wconf 87' lang='lat' dir='ltr'><strong>ut</strong></span> <span class='ocrx_word' id='word_1_394' title='bbox 3155 2638 3230 2693; x_wconf 85' lang='lat' dir='ltr'><strong>ita</strong></span> <span class='ocrx_word' id='word_1_395' title='bbox 3260 2638 3464 2701; x_wconf 85' lang='lat' dir='ltr'><strong>dicam.</strong></span> 
     </span>
    </p>
   </div>
   <div class='ocr_carea' id='block_1_57' title="bbox 1882 2728 3464 2798">
    <p class='ocr_par' dir='ltr' id='par_1_57' title="bbox 1882 2728 3464 2798">
     <span class='ocr_line' id='line_1_57' title="bbox 1882 2728 3464 2798; baseline 0.001 -14"><span class='ocrx_word' id='word_1_396' title='bbox 1882 2737 2153 2796; x_wconf 88' lang='lat' dir='ltr'><strong>eructant,</strong></span> <span class='ocrx_word' id='word_1_397' title='bbox 2192 2746 2256 2784; x_wconf 81' lang='lat' dir='ltr'><strong>ex</strong></span> <span class='ocrx_word' id='word_1_398' title='bbox 2288 2730 2380 2784; x_wconf 93' lang='lat' dir='ltr'><strong>illo</strong></span> <span class='ocrx_word' id='word_1_399' title='bbox 2414 2745 2511 2784; x_wconf 89' lang='lat' dir='ltr'><strong>esu</strong></span> <span class='ocrx_word' id='word_1_400' title='bbox 2545 2730 2688 2784; x_wconf 86' lang='lat' dir='ltr'><strong>velut</strong></span> <span class='ocrx_word' id='word_1_401' title='bbox 2723 2739 2866 2784; x_wconf 90' lang='lat' dir='ltr'><strong>tetro</strong></span> <span class='ocrx_word' id='word_1_402' title='bbox 2901 2731 3138 2798; x_wconf 89' lang='lat' dir='ltr'><strong>quodam</strong></span> <span class='ocrx_word' id='word_1_403' title='bbox 3174 2728 3345 2785; x_wconf 88' lang='lat' dir='ltr'><strong>odore</strong></span> <span class='ocrx_word' id='word_1_404' title='bbox 3377 2746 3464 2785; x_wconf 83' lang='lat' dir='ltr'><strong>rc-</strong></span> 
     </span>
    </p>
   </div>
   <div class='ocr_carea' id='block_1_58' title="bbox 1884 2816 3464 2888">
    <p class='ocr_par' dir='ltr' id='par_1_58' title="bbox 1884 2816 3464 2888">
     <span class='ocr_line' id='line_1_58' title="bbox 1884 2816 3464 2888; baseline 0.001 -18"><span class='ocrx_word' id='word_1_405' title='bbox 1884 2816 2028 2872; x_wconf 88' lang='lat' dir='ltr'><strong>ferti.</strong></span> <span class='ocrx_word' id='word_1_406' title='bbox 2074 2816 2393 2887; x_wconf 75' lang='lat' dir='ltr'><strong>Serpentem</strong></span> <span class='ocrx_word' id='word_1_407' title='bbox 2428 2818 2630 2888; x_wconf 86' lang='lat' dir='ltr'><strong>quippe</strong></span> <span class='ocrx_word' id='word_1_408' title='bbox 2677 2818 2803 2872; x_wconf 84' lang='lat' dir='ltr'><strong>novi</strong></span> <span class='ocrx_word' id='word_1_409' title='bbox 2832 2817 3120 2886; x_wconf 87' lang='lat' dir='ltr'><strong>cujusdam</strong></span> <span class='ocrx_word' id='word_1_410' title='bbox 3147 2818 3323 2871; x_wconf 89' lang='lat' dir='ltr'><strong>instar</strong></span> <span class='ocrx_word' id='word_1_411' title='bbox 3358 2834 3464 2872; x_wconf 80' lang='lat' dir='ltr'><strong>nu-</strong></span> 
     </span>
    </p>
   </div>
   <div class='ocr_carea' id='block_1_59' title="bbox 1884 2907 3466 2977">
    <p class='ocr_par' dir='ltr' id='par_1_59' title="bbox 1884 2907 3466 2977">
     <span class='ocr_line' id='line_1_59' title="bbox 1884 2907 3466 2977; baseline 0.003 -16"><span class='ocrx_word' id='word_1_412' title='bbox 1884 2907 2047 2962; x_wconf 88' lang='lat' dir='ltr'><strong>minis</strong></span> <span class='ocrx_word' id='word_1_413' title='bbox 2086 2917 2433 2962; x_wconf 84' lang='lat' dir='ltr'><strong>venerantur.</strong></span> <span class='ocrx_word' id='word_1_414' title='bbox 2480 2908 2557 2962; x_wconf 78' lang='lat' dir='ltr'><strong>Ac</strong></span> <span class='ocrx_word' id='word_1_415' title='bbox 2607 2907 2727 2963; x_wconf 81' lang='lat' dir='ltr'><strong>vide</strong></span> <span class='ocrx_word' id='word_1_416' title='bbox 2773 2908 2994 2977; x_wconf 87' lang='lat' dir='ltr'><strong>quantis</strong></span> <span class='ocrx_word' id='word_1_417' title='bbox 3046 2922 3142 2964; x_wconf 88' lang='lat' dir='ltr'><strong>eos</strong></span> <span class='ocrx_word' id='word_1_418' title='bbox 3180 2907 3466 2965; x_wconf 80' lang='lat' dir='ltr'><strong>fraudibus</strong></span> 
     </span>
    </p>
   </div>
   <div class='ocr_carea' id='block_1_60' title="bbox 198 2996 1784 3077">
    <p class='ocr_par' dir='ltr' id='par_1_60' title="bbox 198 2999 1781 3077">
     <span class='ocr_line' id='line_1_60' title="bbox 198 2999 1781 3077; baseline -0.002 -18"><span class='ocrx_word' id='word_1_419' title='bbox 198 3006 496 3077; x_wconf 82' lang='grc' dir='ltr'>ἀπατήσας</span> <span class='ocrx_word' id='word_1_420' title='bbox 536 3000 679 3073; x_wconf 74' lang='grc' dir='ltr'>ὄφις.</span> <span class='ocrx_word' id='word_1_421' title='bbox 707 3003 972 3074; x_wconf 85' lang='grc' dir='ltr'>Καθάπερ</span> <span class='ocrx_word' id='word_1_422' title='bbox 998 3003 1108 3074; x_wconf 83' lang='grc' dir='ltr'><strong>γὰρ</strong></span> <span class='ocrx_word' id='word_1_423' title='bbox 1130 2999 1190 3067; x_wconf 76' lang='grc' dir='ltr'><strong>ἐξ</strong></span> <span class='ocrx_word' id='word_1_424' title='bbox 1214 3003 1464 3074; x_wconf 83' lang='grc' dir='ltr'>ὑπαρχῆς</span> <span class='ocrx_word' id='word_1_425' title='bbox 1495 3002 1621 3067; x_wconf 80' lang='grc' dir='ltr'>τοὺς</span> <span class='ocrx_word' id='word_1_426' title='bbox 1653 3003 1781 3076; x_wconf 76' lang='grc' dir='ltr'>περὶ</span> 
     </span>
    </p>
   </div>
   <div class='ocr_carea' id='block_1_61' title="bbox 1884 2996 3467 3077">
    <p class='ocr_par' dir='ltr' id='par_1_61' title="bbox 1884 2996 3467 3067">
     <span class='ocr_line' id='line_1_61' title="bbox 1884 2996 3467 3067; baseline 0.002 -16"><span class='ocrx_word' id='word_1_427' title='bbox 1884 2996 2004 3062; x_wconf 88' lang='lat' dir='ltr'><strong>ille,</strong></span> <span class='ocrx_word' id='word_1_428' title='bbox 2047 3012 2078 3051; x_wconf 91' lang='lat' dir='ltr'><strong>a</strong></span> <span class='ocrx_word' id='word_1_429' title='bbox 2109 3013 2219 3067; x_wconf 87' lang='lat' dir='ltr'><strong>quo</strong></span> <span class='ocrx_word' id='word_1_430' title='bbox 2248 2998 2608 3052; x_wconf 89' lang='lat' dir='ltr'><strong>circumventi</strong></span> <span class='ocrx_word' id='word_1_431' title='bbox 2646 3007 2805 3061; x_wconf 89' lang='lat' dir='ltr'><strong>sunt,</strong></span> <span class='ocrx_word' id='word_1_432' title='bbox 2838 3013 3065 3067; x_wconf 88' lang='lat' dir='ltr'><strong>serpens</strong></span> <span class='ocrx_word' id='word_1_433' title='bbox 3110 2998 3355 3055; x_wconf 88' lang='lat' dir='ltr'><strong>irretitos</strong></span> <span class='ocrx_word' id='word_1_434' title='bbox 3388 3008 3467 3054; x_wconf 85' lang='lat' dir='ltr'><strong>te-</strong></span> 
     </span>
    </p>
   </div>
   <div class='ocr_carea' id='block_1_62' title="bbox 204 3092 1783 3167">
    <p class='ocr_par' dir='ltr' id='par_1_62' title="bbox 204 3092 1783 3167">
     <span class='ocr_line' id='line_1_62' title="bbox 204 3092 1783 3167; baseline -0.002 -16"><span class='ocrx_word' id='word_1_435' title='bbox 204 3096 357 3152; x_wconf 76' lang='grc' dir='ltr'>Εῦαν</span> <span class='ocrx_word' id='word_1_436' title='bbox 406 3097 503 3150; x_wconf 75' lang='grc' dir='ltr'>καὶ</span> <span class='ocrx_word' id='word_1_437' title='bbox 549 3095 639 3150; x_wconf 78' lang='grc' dir='ltr'><strong>τὸν</strong></span> <span class='ocrx_word' id='word_1_438' title='bbox 673 3095 846 3167; x_wconf 80' lang='grc' dir='ltr'>Ἀδὰμ</span> <span class='ocrx_word' id='word_1_439' title='bbox 875 3095 1177 3166; x_wconf 69' lang='grc' dir='ltr'>ἠπάτησεν,</span> <span class='ocrx_word' id='word_1_440' title='bbox 1207 3093 1348 3149; x_wconf 76' lang='grc' dir='ltr'>οὕτω</span> <span class='ocrx_word' id='word_1_441' title='bbox 1386 3094 1482 3148; x_wconf 79' lang='grc' dir='ltr'>καὶ</span> <span class='ocrx_word' id='word_1_442' title='bbox 1513 3092 1609 3148; x_wconf 92' lang='grc' dir='ltr'><strong>νῦν</strong></span> <span class='ocrx_word' id='word_1_443' title='bbox 1651 3094 1783 3166; x_wconf 86' lang='grc' dir='ltr'>κρύ-</span> 
     </span>
    </p>
   </div>
   <div class='ocr_carea' id='block_1_63' title="bbox 203 3183 1783 3257">
    <p class='ocr_par' dir='ltr' id='par_1_63' title="bbox 203 3183 1783 3257">
     <span class='ocr_line' id='line_1_63' title="bbox 203 3183 1783 3257; baseline -0.003 -16"><span class='ocrx_word' id='word_1_444' title='bbox 203 3204 361 3241; x_wconf 85' lang='grc' dir='ltr'>πτων</span> <span class='ocrx_word' id='word_1_445' title='bbox 395 3185 585 3240; x_wconf 68' lang='grc' dir='ltr'>ἑαυτὸν</span> <span class='ocrx_word' id='word_1_446' title='bbox 610 3184 670 3239; x_wconf 82' lang='grc' dir='ltr'>ἕν</span> <span class='ocrx_word' id='word_1_447' title='bbox 709 3200 767 3238; x_wconf 89' lang='grc' dir='ltr'><strong>τε</strong></span> <span class='ocrx_word' id='word_1_448' title='bbox 792 3183 870 3255; x_wconf 84' lang='grc' dir='ltr'>τῷ</span> <span class='ocrx_word' id='word_1_449' title='bbox 903 3184 1129 3257; x_wconf 83' lang='grc' dir='ltr'>παρόντι</span> <span class='ocrx_word' id='word_1_450' title='bbox 1150 3184 1244 3237; x_wconf 83' lang='grc' dir='ltr'><strong>καὶ</strong></span> <span class='ocrx_word' id='word_1_451' title='bbox 1277 3187 1335 3237; x_wconf 83' lang='grc' dir='ltr'>ὲν</span> <span class='ocrx_word' id='word_1_452' title='bbox 1358 3183 1436 3254; x_wconf 85' lang='grc' dir='ltr'>τῷ</span> <span class='ocrx_word' id='word_1_453' title='bbox 1476 3185 1651 3255; x_wconf 79' lang='grc' dir='ltr'>χρόνῳ</span> <span class='ocrx_word' id='word_1_454' title='bbox 1675 3183 1783 3237; x_wconf 85' lang='grc' dir='ltr'><strong>τῶν</strong></span> 
     </span>
    </p>
   </div>
   <div class='ocr_carea' id='block_1_64' title="bbox 213 3269 1784 3357">
    <p class='ocr_par' dir='ltr' id='par_1_64' title="bbox 213 3269 1784 3357">
     <span class='ocr_line' id='line_1_64' title="bbox 213 3269 1784 3357; baseline -0.003 -25"><span class='ocrx_word' id='word_1_455' title='bbox 213 3278 511 3341; x_wconf 83' lang='grc' dir='ltr'>Ἰουδαίων,</span> <span class='ocrx_word' id='word_1_456' title='bbox 534 3277 663 3349; x_wconf 78' lang='grc' dir='ltr'>ἄχρι</span> <span class='ocrx_word' id='word_1_457' title='bbox 686 3279 786 3349; x_wconf 82' lang='grc' dir='ltr'>τῆς</span> <span class='ocrx_word' id='word_1_458' title='bbox 809 3273 1164 3349; x_wconf 83' lang='grc' dir='ltr'>τοῦΧριστοῦ</span> <span class='ocrx_word' id='word_1_459' title='bbox 1188 3275 1509 3357; x_wconf 80' lang='grc' dir='ltr'>παρουσίας.</span> <span class='ocrx_word' id='word_1_460' title='bbox 1533 3269 1668 3330; x_wconf 79' lang='grc' dir='ltr'>Εἶτα</span> <span class='ocrx_word' id='word_1_461' title='bbox 1682 3275 1784 3357; x_wconf 80' lang='grc' dir='ltr'>καὶ</span> 
     </span>
    </p>
   </div>
   <div class='ocr_carea' id='block_1_65' title="bbox 201 3356 1782 3442">
    <p class='ocr_par' dir='ltr' id='par_1_65' title="bbox 201 3356 1782 3442">
     <span class='ocr_line' id='line_1_65' title="bbox 201 3356 1782 3442; baseline -0.001 -19"><span class='ocrx_word' id='word_1_462' title='bbox 201 3369 609 3442; x_wconf 77' lang='grc' dir='ltr'>προϐαινόντων</span> <span class='ocrx_word' id='word_1_463' title='bbox 632 3367 743 3421; x_wconf 84' lang='grc' dir='ltr'>τῶν</span> <span class='ocrx_word' id='word_1_464' title='bbox 762 3368 969 3440; x_wconf 89' lang='grc' dir='ltr'>χρόνων</span> <span class='ocrx_word' id='word_1_465' title='bbox 995 3366 1206 3438; x_wconf 81' lang='grc' dir='ltr'>λίχνους</span> <span class='ocrx_word' id='word_1_466' title='bbox 1227 3366 1387 3431; x_wconf 74' lang='grc' dir='ltr'>ὄντας</span> <span class='ocrx_word' id='word_1_467' title='bbox 1417 3356 1543 3431; x_wconf 76' lang='grc' dir='ltr'>τοὺς</span> <span class='ocrx_word' id='word_1_468' title='bbox 1571 3356 1782 3439; x_wconf 83' lang='grc' dir='ltr'>ἀνθρώ-</span> 
     </span>
    </p>
   </div>
   <div class='ocr_carea' id='block_1_66' title="bbox 201 3455 1786 3532">
    <p class='ocr_par' dir='ltr' id='par_1_66' title="bbox 201 3455 1786 3532">
     <span class='ocr_line' id='line_1_66' title="bbox 201 3455 1786 3532; baseline -0.005 -17"><span class='ocrx_word' id='word_1_469' title='bbox 201 3477 345 3524; x_wconf 88' lang='grc' dir='ltr'>πους</span> <span class='ocrx_word' id='word_1_470' title='bbox 376 3463 445 3532; x_wconf 75' lang='grc' dir='ltr'>τῇ</span> <span class='ocrx_word' id='word_1_471' title='bbox 476 3459 543 3513; x_wconf 81' lang='grc' dir='ltr'>δι’</span> <span class='ocrx_word' id='word_1_472' title='bbox 581 3457 746 3512; x_wconf 77' lang='grc' dir='ltr'>αὐτοῦ</span> <span class='ocrx_word' id='word_1_473' title='bbox 785 3459 850 3511; x_wconf 80' lang='grc' dir='ltr'>ἐκ</span> <span class='ocrx_word' id='word_1_474' title='bbox 891 3457 990 3529; x_wconf 81' lang='grc' dir='ltr'>τῆς</span> <span class='ocrx_word' id='word_1_475' title='bbox 1035 3457 1320 3531; x_wconf 83' lang='grc' dir='ltr'>παρακοῆς</span> <span class='ocrx_word' id='word_1_476' title='bbox 1346 3455 1615 3529; x_wconf 83' lang='grc' dir='ltr'>ληφθείσῃ</span> <span class='ocrx_word' id='word_1_477' title='bbox 1645 3455 1786 3528; x_wconf 79' lang='grc' dir='ltr'>βρώ-</span> 
     </span>
    </p>
   </div>
   <div class='ocr_carea' id='block_1_67' title="bbox 203 3546 1784 3619">
    <p class='ocr_par' dir='ltr' id='par_1_67' title="bbox 203 3546 1784 3619">
     <span class='ocr_line' id='line_1_67' title="bbox 203 3546 1784 3619; baseline -0.004 -13"><span class='ocrx_word' id='word_1_478' title='bbox 203 3570 316 3615; x_wconf 77' lang='grc' dir='ltr'>σει,</span> <span class='ocrx_word' id='word_1_479' title='bbox 346 3550 428 3605; x_wconf 77' lang='grc' dir='ltr'>ἔτι</span> <span class='ocrx_word' id='word_1_480' title='bbox 467 3548 807 3605; x_wconf 86' lang='grc' dir='ltr'>ὑπονοθεύων</span> <span class='ocrx_word' id='word_1_481' title='bbox 841 3548 936 3602; x_wconf 81' lang='grc' dir='ltr'>καὶ</span> <span class='ocrx_word' id='word_1_482' title='bbox 966 3546 1247 3619; x_wconf 72' lang='grc' dir='ltr'>ἐρεθίζων,</span> <span class='ocrx_word' id='word_1_483' title='bbox 1279 3549 1359 3610; x_wconf 79' lang='grc' dir='ltr'><strong>εἰς</strong></span> <span class='ocrx_word' id='word_1_484' title='bbox 1393 3547 1784 3619; x_wconf 81' lang='grc' dir='ltr'>περισσοτέραν</span> 
     </span>
    </p>
   </div>
   <div class='ocr_carea' id='block_1_68' title="bbox 197 3638 1783 3717">
    <p class='ocr_par' dir='ltr' id='par_1_68' title="bbox 197 3638 1783 3717">
     <span class='ocr_line' id='line_1_68' title="bbox 197 3638 1783 3717; baseline -0.006 -16"><span class='ocrx_word' id='word_1_485' title='bbox 197 3647 426 3717; x_wconf 84' lang='grc' dir='ltr'>ἀπάτην</span> <span class='ocrx_word' id='word_1_486' title='bbox 468 3644 580 3698; x_wconf 82' lang='grc' dir='ltr'>άπὸ</span> <span class='ocrx_word' id='word_1_487' title='bbox 627 3641 719 3697; x_wconf 89' lang='grc' dir='ltr'><strong>τοῦ</strong></span> <span class='ocrx_word' id='word_1_488' title='bbox 764 3641 917 3705; x_wconf 71' lang='grc' dir='ltr'>ὄντος</span> <span class='ocrx_word' id='word_1_489' title='bbox 958 3638 1094 3694; x_wconf 82' lang='grc' dir='ltr'>Θεοῦ</span> <span class='ocrx_word' id='word_1_490' title='bbox 1142 3640 1425 3710; x_wconf 83' lang='grc' dir='ltr'>ἀφίστησι,</span> <span class='ocrx_word' id='word_1_491' title='bbox 1476 3639 1644 3693; x_wconf 78' lang='grc' dir='ltr'>πολλὰ</span> <span class='ocrx_word' id='word_1_492' title='bbox 1686 3639 1783 3710; x_wconf 79' lang='grc' dir='ltr'>μὲν</span> 
     </span>
    </p>
   </div>
   <div class='ocr_carea' id='block_1_69' title="bbox 199 3729 1785 3806">
    <p class='ocr_par' dir='ltr' id='par_1_69' title="bbox 199 3729 1785 3806">
     <span class='ocr_line' id='line_1_69' title="bbox 199 3729 1785 3806; baseline -0.006 -15"><span class='ocrx_word' id='word_1_493' title='bbox 199 3734 642 3806; x_wconf 72' lang='grc' dir='ltr'>ὑπισχνούμενος</span> <span class='ocrx_word' id='word_1_494' title='bbox 673 3733 787 3797; x_wconf 70' lang='grc' dir='ltr'><strong>⁸ἀεὶ,</strong></span> <span class='ocrx_word' id='word_1_495' title='bbox 817 3731 892 3795; x_wconf 83' lang='grc' dir='ltr'><strong>ὡς</strong></span> <span class='ocrx_word' id='word_1_496' title='bbox 936 3731 1030 3784; x_wconf 76' lang='grc' dir='ltr'>καὶ</span> <span class='ocrx_word' id='word_1_497' title='bbox 1075 3731 1133 3797; x_wconf 77' lang='grc' dir='ltr'><strong>ἐξ</strong></span> <span class='ocrx_word' id='word_1_498' title='bbox 1182 3730 1357 3800; x_wconf 80' lang='grc' dir='ltr'>ἀρχῆς</span> <span class='ocrx_word' id='word_1_499' title='bbox 1377 3741 1393 3758; x_wconf 75' lang='grc'><strong>⁸</strong></span> <span class='ocrx_word' id='word_1_500' title='bbox 1424 3729 1518 3783; x_wconf 75' lang='grc' dir='ltr'>καὶ</span> <span class='ocrx_word' id='word_1_501' title='bbox 1551 3729 1659 3800; x_wconf 80' lang='grc' dir='ltr'><strong>γὰρ</strong></span> <span class='ocrx_word' id='word_1_502' title='bbox 1690 3729 1785 3783; x_wconf 78' lang='grc' dir='ltr'>καὶ</span> 
     </span>
    </p>
   </div>
   <div class='ocr_carea' id='block_1_70' title="bbox 197 3818 1787 3899">
    <p class='ocr_par' dir='ltr' id='par_1_70' title="bbox 197 3818 1787 3899">
     <span class='ocr_line' id='line_1_70' title="bbox 197 3818 1787 3899; baseline -0.006 -16"><span class='ocrx_word' id='word_1_503' title='bbox 197 3830 329 3883; x_wconf 79' lang='grc' dir='ltr'>τότε</span> <span class='ocrx_word' id='word_1_504' title='bbox 350 3827 624 3899; x_wconf 76' lang='grc' dir='ltr'>ἡπάτησε,</span> <span class='ocrx_word' id='word_1_505' title='bbox 642 3824 817 3894; x_wconf 78' lang='grc' dir='ltr'>λέγων</span> <span class='ocrx_word' id='word_1_506' title='bbox 835 3841 849 3857; x_wconf 77' lang='grc' dir='ltr'><strong>ο</strong></span> <span class='ocrx_word' id='word_1_507' title='bbox 874 3825 1132 3878; x_wconf 85' lang='grc' dir='ltr'>Ἕσεσθε</span> <span class='ocrx_word' id='word_1_508' title='bbox 1153 3823 1234 3888; x_wconf 84' lang='grc' dir='ltr'>ὡς</span> <span class='ocrx_word' id='word_1_509' title='bbox 1254 3823 1378 3877; x_wconf 84' lang='grc' dir='ltr'>θεοί</span> <span class='ocrx_word' id='word_1_510' title='bbox 1398 3839 1412 3853; x_wconf 66' lang='grc' dir='ltr'><strong><em>υ</em></strong></span> <span class='ocrx_word' id='word_1_511' title='bbox 1436 3818 1554 3875; x_wconf 76' lang='grc' dir='ltr'>εἶτα</span> <span class='ocrx_word' id='word_1_512' title='bbox 1576 3821 1787 3892; x_wconf 85' lang='grc' dir='ltr'>προῖόν-</span> 
     </span>
    </p>
   </div>
   <div class='ocr_carea' id='block_1_71' title="bbox 196 3911 1784 3989">
    <p class='ocr_par' dir='ltr' id='par_1_71' title="bbox 196 3911 1784 3989">
     <span class='ocr_line' id='line_1_71' title="bbox 196 3911 1784 3989; baseline -0.006 -16"><span class='ocrx_word' id='word_1_513' title='bbox 196 3936 316 3973; x_wconf 80' lang='grc' dir='ltr'><strong>των</strong></span> <span class='ocrx_word' id='word_1_514' title='bbox 342 3916 452 3973; x_wconf 83' lang='grc' dir='ltr'><strong>τῶν</strong></span> <span class='ocrx_word' id='word_1_515' title='bbox 472 3916 697 3989; x_wconf 85' lang='grc' dir='ltr'>χρόνων,</span> <span class='ocrx_word' id='word_1_516' title='bbox 724 3914 825 3987; x_wconf 81' lang='grc' dir='ltr'>τὴν</span> <span class='ocrx_word' id='word_1_517' title='bbox 852 3913 1202 3984; x_wconf 83' lang='grc' dir='ltr'>πολύμορφον</span> <span class='ocrx_word' id='word_1_518' title='bbox 1224 3911 1318 3966; x_wconf 76' lang='grc' dir='ltr'>καὶ</span> <span class='ocrx_word' id='word_1_519' title='bbox 1345 3911 1623 3984; x_wconf 79' lang='grc' dir='ltr'>τερατώδη</span> <span class='ocrx_word' id='word_1_520' title='bbox 1649 3928 1784 3980; x_wconf 78' lang='grc' dir='ltr'>φαν-</span> 
     </span>
    </p>
   </div>
   <div class='ocr_carea' id='block_1_72' title="bbox 197 4003 1785 4080">
    <p class='ocr_par' dir='ltr' id='par_1_72' title="bbox 197 4003 1785 4080">
     <span class='ocr_line' id='line_1_72' title="bbox 197 4003 1785 4080; baseline -0.006 -12"><span class='ocrx_word' id='word_1_521' title='bbox 197 4012 402 4067; x_wconf 80' lang='grc' dir='ltr'>τασίαν</span> <span class='ocrx_word' id='word_1_522' title='bbox 433 4011 616 4073; x_wconf 79' lang='grc' dir='ltr'>αὐτοῖς</span> <span class='ocrx_word' id='word_1_523' title='bbox 659 4006 1034 4080; x_wconf 76' lang='grc' dir='ltr'>ἐξειργάσατο.</span> <span class='ocrx_word' id='word_1_524' title='bbox 1052 4005 1185 4059; x_wconf 83' lang='grc' dir='ltr'><strong>Ἀπὸ</strong></span> <span class='ocrx_word' id='word_1_525' title='bbox 1231 4003 1340 4077; x_wconf 82' lang='grc' dir='ltr'><strong>γὰρ</strong></span> <span class='ocrx_word' id='word_1_526' title='bbox 1387 4003 1481 4058; x_wconf 88' lang='grc' dir='ltr'><strong>τοῦ</strong></span> <span class='ocrx_word' id='word_1_527' title='bbox 1534 4005 1652 4069; x_wconf 78' lang='grc' dir='ltr'>ἑνὸς</span> <span class='ocrx_word' id='word_1_528' title='bbox 1690 4005 1785 4060; x_wconf 74' lang='grc' dir='ltr'>καὶ</span> 
     </span>
    </p>
   </div>
   <div class='ocr_carea' id='block_1_73' title="bbox 198 4095 1782 4173">
    <p class='ocr_par' dir='ltr' id='par_1_73' title="bbox 198 4095 1782 4173">
     <span class='ocr_line' id='line_1_73' title="bbox 198 4095 1782 4173; baseline -0.005 -15"><span class='ocrx_word' id='word_1_529' title='bbox 198 4102 301 4158; x_wconf 85' lang='grc' dir='ltr'><strong>τοῦ</strong></span> <span class='ocrx_word' id='word_1_530' title='bbox 352 4099 609 4173; x_wconf 80' lang='grc' dir='ltr'>ἀληθινοῦ</span> <span class='ocrx_word' id='word_1_531' title='bbox 663 4096 797 4152; x_wconf 88' lang='grc' dir='ltr'>Θεοῦ</span> <span class='ocrx_word' id='word_1_532' title='bbox 842 4097 1155 4169; x_wconf 81' lang='grc' dir='ltr'>ἀποστήσας</span> <span class='ocrx_word' id='word_1_533' title='bbox 1204 4095 1424 4161; x_wconf 77' lang='grc' dir='ltr'>αὐτοὺς,</span> <span class='ocrx_word' id='word_1_534' title='bbox 1468 4095 1782 4167; x_wconf 76' lang='grc' dir='ltr'>ἐνεκίσσησε</span> 
     </span>
    </p>
   </div>
   <div class='ocr_carea' id='block_1_74' title="bbox 199 4187 1782 4264">
    <p class='ocr_par' dir='ltr' id='par_1_74' title="bbox 199 4187 1782 4264">
     <span class='ocr_line' id='line_1_74' title="bbox 199 4187 1782 4264; baseline -0.004 -14"><span class='ocrx_word' id='word_1_535' title='bbox 199 4194 376 4250; x_wconf 79' lang='grc' dir='ltr'>πάλαι</span> <span class='ocrx_word' id='word_1_536' title='bbox 422 4193 525 4264; x_wconf 77' lang='grc' dir='ltr'>τὴν</span> <span class='ocrx_word' id='word_1_537' title='bbox 567 4194 667 4264; x_wconf 81' lang='grc' dir='ltr'>τῆς</span> <span class='ocrx_word' id='word_1_538' title='bbox 718 4187 1160 4260; x_wconf 81' lang='grc' dir='ltr'>είδωλολατρείας</span> <span class='ocrx_word' id='word_1_539' title='bbox 1207 4188 1301 4242; x_wconf 73' lang='grc' dir='ltr'>καὶ</span> <span class='ocrx_word' id='word_1_540' title='bbox 1333 4187 1621 4252; x_wconf 81' lang='grc' dir='ltr'>πολυθεῖας</span> <span class='ocrx_word' id='word_1_541' title='bbox 1652 4187 1782 4258; x_wconf 83' lang='grc' dir='ltr'>βλά-</span> 
     </span>
    </p>
   </div>
   <div class='ocr_carea' id='block_1_75' title="bbox 202 4275 1779 4358">
    <p class='ocr_par' dir='ltr' id='par_1_75' title="bbox 202 4275 1779 4358">
     <span class='ocr_line' id='line_1_75' title="bbox 202 4275 1779 4358; baseline -0.006 -18"><span class='ocrx_word' id='word_1_542' title='bbox 202 4303 424 4358; x_wconf 76' lang='grc' dir='ltr'>σφημον</span> <span class='ocrx_word' id='word_1_543' title='bbox 449 4282 800 4352; x_wconf 83' lang='grc' dir='ltr'>κενοφωνίαν.</span> <span class='ocrx_word' id='word_1_544' title='bbox 832 4279 1096 4335; x_wconf 73' lang='grc' dir='ltr'>Οὐδέποτε</span> <span class='ocrx_word' id='word_1_545' title='bbox 1125 4279 1235 4351; x_wconf 84' lang='grc' dir='ltr'><strong>γὰρ</strong></span> <span class='ocrx_word' id='word_1_546' title='bbox 1267 4275 1405 4351; x_wconf 81' lang='grc' dir='ltr'>ἦσαν</span> <span class='ocrx_word' id='word_1_547' title='bbox 1430 4277 1565 4344; x_wconf 77' lang='grc' dir='ltr'>θεοὶ,</span> <span class='ocrx_word' id='word_1_548' title='bbox 1590 4278 1779 4350; x_wconf 80' lang='grc' dir='ltr'>ὥσπερ</span> 
     </span>
    </p>
   </div>
   <div class='ocr_carea' id='block_1_76' title="bbox 198 4370 1595 4438">
    <p class='ocr_par' dir='ltr' id='par_1_76' title="bbox 198 4370 1595 4438">
     <span class='ocr_line' id='line_1_76' title="bbox 198 4370 1595 4438; baseline -0.01 -7"><span class='ocrx_word' id='word_1_549' title='bbox 198 4375 327 4431; x_wconf 73' lang='grc' dir='ltr'>οὐδὲ</span> <span class='ocrx_word' id='word_1_550' title='bbox 351 4372 654 4438; x_wconf 73' lang='grc' dir='ltr'>είσὶν,ἁλλὰ</span> <span class='ocrx_word' id='word_1_551' title='bbox 673 4374 702 4426; x_wconf 86' lang='lat'><strong>6</strong></span> <span class='ocrx_word' id='word_1_552' title='bbox 725 4370 878 4434; x_wconf 80' lang='grc' dir='ltr'>Θεὸς.</span> <span class='ocrx_word' id='word_1_553' title='bbox 1586 4394 1595 4399; x_wconf 69' lang='grc' dir='ltr'><strong><em>ο</em></strong></span> 
     </span>
    </p>
   </div>
   <div class='ocr_carea' id='block_1_77' title="bbox 1881 3084 3464 3150">
    <p class='ocr_par' dir='ltr' id='par_1_77' title="bbox 1881 3084 3464 3150">
     <span class='ocr_line' id='line_1_77' title="bbox 1881 3084 3464 3150; baseline -0.001 -9"><span class='ocrx_word' id='word_1_554' title='bbox 1881 3097 2025 3143; x_wconf 82' lang='lat' dir='ltr'><strong>neat.</strong></span> <span class='ocrx_word' id='word_1_555' title='bbox 2068 3086 2203 3141; x_wconf 86' lang='lat' dir='ltr'><strong>Nam</strong></span> <span class='ocrx_word' id='word_1_556' title='bbox 2238 3097 2295 3141; x_wconf 90' lang='lat' dir='ltr'><strong>ut</strong></span> <span class='ocrx_word' id='word_1_557' title='bbox 2326 3087 2491 3140; x_wconf 85' lang='lat' dir='ltr'><strong>Evam</strong></span> <span class='ocrx_word' id='word_1_558' title='bbox 2550 3086 2679 3139; x_wconf 89' lang='lat' dir='ltr'><strong>olim</strong></span> <span class='ocrx_word' id='word_1_559' title='bbox 2709 3093 2764 3140; x_wconf 91' lang='lat' dir='ltr'><strong>et</strong></span> <span class='ocrx_word' id='word_1_560' title='bbox 2810 3086 3079 3139; x_wconf 87' lang='lat' dir='ltr'><strong>Adamum</strong></span> <span class='ocrx_word' id='word_1_561' title='bbox 3113 3084 3303 3140; x_wconf 80' lang='lat' dir='ltr'><strong>fefellit</strong></span> <span class='ocrx_word' id='word_1_562' title='bbox 3333 3102 3348 3150; x_wconf 88' lang='lat'><strong>;</strong></span> <span class='ocrx_word' id='word_1_563' title='bbox 3391 3086 3464 3140; x_wconf 83' lang='lat' dir='ltr'><strong>ita</strong></span> 
     </span>
    </p>
   </div>
   <div class='ocr_carea' id='block_1_78' title="bbox 1881 3175 3463 3257">
    <p class='ocr_par' dir='ltr' id='par_1_78' title="bbox 1881 3175 3463 3257">
     <span class='ocr_line' id='line_1_78' title="bbox 1881 3175 3463 3257; baseline 0 -24"><span class='ocrx_word' id='word_1_564' title='bbox 1881 3179 2042 3234; x_wconf 88' lang='lat' dir='ltr'><strong>modo</strong></span> <span class='ocrx_word' id='word_1_565' title='bbox 2073 3179 2312 3249; x_wconf 87' lang='lat' dir='ltr'><strong>seipsum</strong></span> <span class='ocrx_word' id='word_1_566' title='bbox 2345 3188 2531 3248; x_wconf 80' lang='lat' dir='ltr'><strong>tegens</strong></span> <span class='ocrx_word' id='word_1_567' title='bbox 2552 3193 2616 3233; x_wconf 90' lang='lat' dir='ltr'><strong>ac</strong></span> <span class='ocrx_word' id='word_1_568' title='bbox 2638 3177 3018 3257; x_wconf 81' lang='lat' dir='ltr'><strong>dissimulans,</strong></span> <span class='ocrx_word' id='word_1_569' title='bbox 3034 3175 3281 3247; x_wconf 84' lang='lat' dir='ltr'><strong>adeoque</strong></span> <span class='ocrx_word' id='word_1_570' title='bbox 3301 3186 3463 3233; x_wconf 84' lang='lat' dir='ltr'><strong>antea</strong></span> 
     </span>
    </p>
   </div>
   <div class='ocr_carea' id='block_1_79' title="bbox 1880 3265 3464 3338">
    <p class='ocr_par' dir='ltr' id='par_1_79' title="bbox 1880 3265 3464 3338">
     <span class='ocr_line' id='line_1_79' title="bbox 1880 3265 3464 3338; baseline -0.001 -16"><span class='ocrx_word' id='word_1_571' title='bbox 1880 3265 2192 3324; x_wconf 69' lang='lat' dir='ltr'><strong>Judazorum</strong></span> <span class='ocrx_word' id='word_1_572' title='bbox 2240 3269 2582 3338; x_wconf 86' lang='lat' dir='ltr'><strong>temporibus</strong></span> <span class='ocrx_word' id='word_1_573' title='bbox 2605 3304 2620 3330; x_wconf 90' lang='lat'><strong>,</strong></span> <span class='ocrx_word' id='word_1_574' title='bbox 2659 3268 2725 3322; x_wconf 87' lang='lat' dir='ltr'><strong>ad</strong></span> <span class='ocrx_word' id='word_1_575' title='bbox 2753 3266 3045 3321; x_wconf 85' lang='lat' dir='ltr'><strong>adventum</strong></span> <span class='ocrx_word' id='word_1_576' title='bbox 3082 3282 3256 3336; x_wconf 87' lang='lat' dir='ltr'><strong>usque</strong></span> <span class='ocrx_word' id='word_1_577' title='bbox 3301 3266 3464 3321; x_wconf 87' lang='lat' dir='ltr'><strong>Chri-</strong></span> 
     </span>
    </p>
   </div>
   <div class='ocr_carea' id='block_1_80' title="bbox 1882 3348 3467 3430">
    <p class='ocr_par' dir='ltr' id='par_1_80' title="bbox 1882 3348 3467 3430">
     <span class='ocr_line' id='line_1_80' title="bbox 1882 3348 3467 3430; baseline -0.001 -15"><span class='ocrx_word' id='word_1_578' title='bbox 1882 3361 1975 3425; x_wconf 89' lang='lat' dir='ltr'><strong>sti,</strong></span> <span class='ocrx_word' id='word_1_579' title='bbox 2002 3348 2332 3416; x_wconf 81' lang='lat' dir='ltr'><strong>mortalibus</strong></span> <span class='ocrx_word' id='word_1_580' title='bbox 2358 3360 2638 3430; x_wconf 85' lang='lat' dir='ltr'><strong>imposuit.</strong></span> <span class='ocrx_word' id='word_1_581' title='bbox 2666 3358 2804 3413; x_wconf 90' lang='lat' dir='ltr'><strong>Tum</strong></span> <span class='ocrx_word' id='word_1_582' title='bbox 2831 3359 3308 3429; x_wconf 80' lang='lat' dir='ltr'><strong>progredientibus</strong></span> <span class='ocrx_word' id='word_1_583' title='bbox 3334 3368 3467 3413; x_wconf 62' lang='lat' dir='ltr'><strong>reta-</strong></span> 
     </span>
    </p>
   </div>
   <div class='ocr_carea' id='block_1_81' title="bbox 1882 3438 3463 3522">
    <p class='ocr_par' dir='ltr' id='par_1_81' title="bbox 1882 3438 3463 3522">
     <span class='ocr_line' id='line_1_81' title="bbox 1882 3438 3463 3522; baseline -0.002 -15"><span class='ocrx_word' id='word_1_584' title='bbox 1882 3453 2029 3509; x_wconf 89' lang='lat' dir='ltr'><strong>tibus</strong></span> <span class='ocrx_word' id='word_1_585' title='bbox 2058 3467 2186 3508; x_wconf 83' lang='lat' dir='ltr'><strong>esca</strong></span> <span class='ocrx_word' id='word_1_586' title='bbox 2215 3453 2330 3517; x_wconf 87' lang='lat' dir='ltr'><strong>illa,</strong></span> <span class='ocrx_word' id='word_1_587' title='bbox 2362 3467 2526 3522; x_wconf 88' lang='lat' dir='ltr'><strong>quam</strong></span> <span class='ocrx_word' id='word_1_588' title='bbox 2554 3459 2747 3507; x_wconf 88' lang='lat' dir='ltr'><strong>contra</strong></span> <span class='ocrx_word' id='word_1_589' title='bbox 2782 3451 2875 3506; x_wconf 90' lang='lat' dir='ltr'><strong>Dei</strong></span> <span class='ocrx_word' id='word_1_590' title='bbox 2908 3438 3261 3506; x_wconf 81' lang='lat' dir='ltr'><strong>interdictum</strong></span> <span class='ocrx_word' id='word_1_591' title='bbox 3298 3465 3463 3506; x_wconf 83' lang='lat' dir='ltr'><strong>usur-</strong></span> 
     </span>
    </p>
   </div>
   <div class='ocr_carea' id='block_1_82' title="bbox 1882 3544 3467 3614">
    <p class='ocr_par' dir='ltr' id='par_1_82' title="bbox 1882 3544 3467 3614">
     <span class='ocr_line' id='line_1_82' title="bbox 1882 3544 3467 3614; baseline 0.001 -17"><span class='ocrx_word' id='word_1_592' title='bbox 1882 3558 2015 3614; x_wconf 88' lang='lat' dir='ltr'><strong>pare</strong></span> <span class='ocrx_word' id='word_1_593' title='bbox 2063 3544 2182 3599; x_wconf 91' lang='lat' dir='ltr'><strong>ausi</strong></span> <span class='ocrx_word' id='word_1_594' title='bbox 2223 3544 2459 3609; x_wconf 81' lang='lat' dir='ltr'><strong>fuerant,</strong></span> <span class='ocrx_word' id='word_1_595' title='bbox 2510 3545 2843 3614; x_wconf 88' lang='lat' dir='ltr'><strong>prolectatos</strong></span> <span class='ocrx_word' id='word_1_596' title='bbox 2876 3544 3159 3608; x_wconf 87' lang='lat' dir='ltr'><strong>homines,</strong></span> <span class='ocrx_word' id='word_1_597' title='bbox 3192 3552 3248 3600; x_wconf 92' lang='lat' dir='ltr'><strong>et</strong></span> <span class='ocrx_word' id='word_1_598' title='bbox 3289 3544 3467 3599; x_wconf 88' lang='lat' dir='ltr'><strong>avidi-</strong></span> 
     </span>
    </p>
   </div>
   <div class='ocr_carea' id='block_1_83' title="bbox 1882 3635 3466 3706">
    <p class='ocr_par' dir='ltr' id='par_1_83' title="bbox 1882 3635 3466 3706">
     <span class='ocr_line' id='line_1_83' title="bbox 1882 3635 3466 3706; baseline 0.001 -17"><span class='ocrx_word' id='word_1_599' title='bbox 1882 3643 1993 3690; x_wconf 88' lang='lat' dir='ltr'><strong>tate</strong></span> <span class='ocrx_word' id='word_1_600' title='bbox 2034 3646 2317 3705; x_wconf 83' lang='lat' dir='ltr'><strong>eorreptos</strong></span> <span class='ocrx_word' id='word_1_601' title='bbox 2369 3635 2438 3689; x_wconf 89' lang='lat' dir='ltr'><strong>ab</strong></span> <span class='ocrx_word' id='word_1_602' title='bbox 2485 3637 2757 3706; x_wconf 90' lang='lat' dir='ltr'><strong>obsequio</strong></span> <span class='ocrx_word' id='word_1_603' title='bbox 2808 3637 2904 3693; x_wconf 82' lang='lat' dir='ltr'><strong>Dei</strong></span> <span class='ocrx_word' id='word_1_604' title='bbox 2938 3639 3314 3695; x_wconf 86' lang='lat' dir='ltr'><strong>callidioribus</strong></span> <span class='ocrx_word' id='word_1_605' title='bbox 3332 3653 3466 3701; x_wconf 77' lang='lat' dir='ltr'><strong>ma-</strong></span> 
     </span>
    </p>
   </div>
   <div class='ocr_carea' id='block_1_84' title="bbox 1881 3725 3464 3791">
    <p class='ocr_par' dir='ltr' id='par_1_84' title="bbox 1881 3725 3464 3791">
     <span class='ocr_line' id='line_1_84' title="bbox 1881 3725 3464 3791; baseline 0.002 -9"><span class='ocrx_word' id='word_1_606' title='bbox 1881 3726 2061 3782; x_wconf 87' lang='lat' dir='ltr'><strong>chinis</strong></span> <span class='ocrx_word' id='word_1_607' title='bbox 2080 3726 2367 3791; x_wconf 56' lang='lat' dir='ltr'><strong>abstraxit,</strong></span> <span class='ocrx_word' id='word_1_608' title='bbox 2402 3725 2781 3783; x_wconf 85' lang='lat' dir='ltr'><strong>vehementius</strong></span> <span class='ocrx_word' id='word_1_609' title='bbox 2828 3726 3121 3783; x_wconf 87' lang='lat' dir='ltr'><strong>identidem</strong></span> <span class='ocrx_word' id='word_1_610' title='bbox 3144 3728 3464 3785; x_wconf 89' lang='lat' dir='ltr'><strong>adullerans</strong></span> 
     </span>
    </p>
   </div>
   <div class='ocr_carea' id='block_1_85' title="bbox 1881 3802 3463 3887">
    <p class='ocr_par' dir='ltr' id='par_1_85' title="bbox 1881 3802 3463 3887">
     <span class='ocr_line' id='line_1_85' title="bbox 1881 3802 3463 3887; baseline 0 -13"><span class='ocrx_word' id='word_1_611' title='bbox 1881 3826 1936 3874; x_wconf 88' lang='lat' dir='ltr'><strong>et</strong></span> <span class='ocrx_word' id='word_1_612' title='bbox 1965 3818 2271 3887; x_wconf 80' lang='lat' dir='ltr'><strong>instigans,</strong></span> <span class='ocrx_word' id='word_1_613' title='bbox 2313 3831 2377 3871; x_wconf 89' lang='lat' dir='ltr'><strong>ac</strong></span> <span class='ocrx_word' id='word_1_614' title='bbox 2414 3802 2709 3874; x_wconf 85' lang='lat' dir='ltr'><strong>multarum</strong></span> <span class='ocrx_word' id='word_1_615' title='bbox 2759 3832 2939 3872; x_wconf 90' lang='lat' dir='ltr'><strong>rerum</strong></span> <span class='ocrx_word' id='word_1_616' title='bbox 2976 3833 3129 3887; x_wconf 91' lang='lat' dir='ltr'><strong>spem</strong></span> <span class='ocrx_word' id='word_1_617' title='bbox 3154 3858 3169 3880; x_wconf 89' lang='lat'><strong>,</strong></span> <span class='ocrx_word' id='word_1_618' title='bbox 3215 3828 3275 3873; x_wconf 91' lang='lat' dir='ltr'><strong>ut</strong></span> <span class='ocrx_word' id='word_1_619' title='bbox 3304 3820 3463 3875; x_wconf 87' lang='lat' dir='ltr'><strong>initio</strong></span> 
     </span>
    </p>
   </div>
   <div class='ocr_carea' id='block_1_86' title="bbox 1882 3906 3464 3977">
    <p class='ocr_par' dir='ltr' id='par_1_86' title="bbox 1882 3906 3464 3977">
     <span class='ocr_line' id='line_1_86' title="bbox 1882 3906 3464 3977; baseline 0 -14"><span class='ocrx_word' id='word_1_620' title='bbox 1882 3906 2118 3971; x_wconf 85' lang='lat' dir='ltr'><strong>fecerat,</strong></span> <span class='ocrx_word' id='word_1_621' title='bbox 2162 3906 2482 3963; x_wconf 86' lang='lat' dir='ltr'><strong>ostendens.</strong></span> <span class='ocrx_word' id='word_1_622' title='bbox 2522 3906 2657 3962; x_wconf 87' lang='lat' dir='ltr'><strong>Nam</strong></span> <span class='ocrx_word' id='word_1_623' title='bbox 2703 3914 2757 3961; x_wconf 92' lang='lat' dir='ltr'><strong>et</strong></span> <span class='ocrx_word' id='word_1_624' title='bbox 2790 3914 2923 3962; x_wconf 90' lang='lat' dir='ltr'><strong>tunc</strong></span> <span class='ocrx_word' id='word_1_625' title='bbox 2969 3908 3043 3960; x_wconf 89' lang='lat' dir='ltr'><strong>ita</strong></span> <span class='ocrx_word' id='word_1_626' title='bbox 3075 3907 3201 3962; x_wconf 89' lang='lat' dir='ltr'><strong>illos</strong></span> <span class='ocrx_word' id='word_1_627' title='bbox 3247 3907 3464 3977; x_wconf 81' lang='lat' dir='ltr'><strong>decepit</strong></span> 
     </span>
    </p>
   </div>
   <div class='ocr_carea' id='block_1_87' title="bbox 1883 3996 3463 4067">
    <p class='ocr_par' dir='ltr' id='par_1_87' title="bbox 1883 3996 3463 4067">
     <span class='ocr_line' id='line_1_87' title="bbox 1883 3996 3463 4067; baseline -0.003 -12"><span class='ocrx_word' id='word_1_628' title='bbox 1883 4014 2007 4055; x_wconf 91' lang='lat' dir='ltr'><strong>cum</strong></span> <span class='ocrx_word' id='word_1_629' title='bbox 2036 3998 2241 4054; x_wconf 84' lang='lat' dir='ltr'><strong>diceret</strong></span> <span class='ocrx_word' id='word_1_630' title='bbox 2272 4016 2286 4053; x_wconf 86' lang='lat'><strong>:</strong></span> <span class='ocrx_word' id='word_1_631' title='bbox 2327 3996 2496 4053; x_wconf 76' lang='lat' dir='ltr'><strong>Eritis</strong></span> <span class='ocrx_word' id='word_1_632' title='bbox 2539 3999 2677 4053; x_wconf 78' lang='lat' dir='ltr'><strong>sicut</strong></span> <span class='ocrx_word' id='word_1_633' title='bbox 2715 3997 2793 4051; x_wconf 79' lang='lat' dir='ltr'><strong>dii</strong></span> <span class='ocrx_word' id='word_1_634' title='bbox 2822 3999 2862 4054; x_wconf 91' lang='grc'><strong>³.</strong></span> <span class='ocrx_word' id='word_1_635' title='bbox 2890 3996 3028 4053; x_wconf 85' lang='lat' dir='ltr'><strong>Tum</strong></span> <span class='ocrx_word' id='word_1_636' title='bbox 3061 3999 3322 4067; x_wconf 85' lang='lat' dir='ltr'><strong>paulatim</strong></span> <span class='ocrx_word' id='word_1_637' title='bbox 3366 4014 3463 4052; x_wconf 85' lang='lat' dir='ltr'><strong>va-</strong></span> 
     </span>
    </p>
   </div>
   <div class='ocr_carea' id='block_1_88' title="bbox 1882 4090 3460 4161">
    <p class='ocr_par' dir='ltr' id='par_1_88' title="bbox 1882 4090 3460 4161">
     <span class='ocr_line' id='line_1_88' title="bbox 1882 4090 3460 4161; baseline -0.001 -16"><span class='ocrx_word' id='word_1_638' title='bbox 1882 4091 1996 4147; x_wconf 89' lang='lat' dir='ltr'><strong>rias</strong></span> <span class='ocrx_word' id='word_1_639' title='bbox 2022 4105 2086 4145; x_wconf 85' lang='lat' dir='ltr'><strong>ac</strong></span> <span class='ocrx_word' id='word_1_640' title='bbox 2118 4091 2351 4161; x_wconf 90' lang='lat' dir='ltr'><strong>portenti</strong></span> <span class='ocrx_word' id='word_1_641' title='bbox 2386 4091 2695 4148; x_wconf 84' lang='lat' dir='ltr'><strong>simillimas</strong></span> <span class='ocrx_word' id='word_1_642' title='bbox 2720 4092 2801 4146; x_wconf 91' lang='lat' dir='ltr'><strong>eis</strong></span> <span class='ocrx_word' id='word_1_643' title='bbox 2830 4091 3041 4161; x_wconf 85' lang='lat' dir='ltr'><strong>species</strong></span> <span class='ocrx_word' id='word_1_644' title='bbox 3068 4091 3289 4160; x_wconf 83' lang='lat' dir='ltr'><strong>objecit.</strong></span> <span class='ocrx_word' id='word_1_645' title='bbox 3323 4090 3460 4145; x_wconf 89' lang='lat' dir='ltr'><strong>Cum</strong></span> 
     </span>
    </p>
   </div>
   <div class='ocr_carea' id='block_1_89' title="bbox 1882 4185 3465 4257">
    <p class='ocr_par' dir='ltr' id='par_1_89' title="bbox 1882 4185 3465 4257">
     <span class='ocr_line' id='line_1_89' title="bbox 1882 4185 3465 4257; baseline -0.001 -16"><span class='ocrx_word' id='word_1_646' title='bbox 1882 4187 2026 4241; x_wconf 89' lang='lat' dir='ltr'><strong>enim</strong></span> <span class='ocrx_word' id='word_1_647' title='bbox 2060 4187 2129 4242; x_wconf 86' lang='lat' dir='ltr'><strong>ab</strong></span> <span class='ocrx_word' id='word_1_648' title='bbox 2177 4202 2288 4241; x_wconf 90' lang='lat' dir='ltr'><strong>uno</strong></span> <span class='ocrx_word' id='word_1_649' title='bbox 2322 4202 2562 4257; x_wconf 85' lang='lat' dir='ltr'><strong>veroque</strong></span> <span class='ocrx_word' id='word_1_650' title='bbox 2616 4185 2726 4241; x_wconf 84' lang='lat' dir='ltr'><strong>Deo</strong></span> <span class='ocrx_word' id='word_1_651' title='bbox 2771 4187 2895 4241; x_wconf 89' lang='lat' dir='ltr'><strong>illos</strong></span> <span class='ocrx_word' id='word_1_652' title='bbox 2930 4186 3254 4251; x_wconf 80' lang='lat' dir='ltr'><strong>avertisset,</strong></span> <span class='ocrx_word' id='word_1_653' title='bbox 3291 4186 3465 4241; x_wconf 88' lang='lat' dir='ltr'><strong>idolo-</strong></span> 
     </span>
    </p>
   </div>
   <div class='ocr_carea' id='block_1_90' title="bbox 1885 4277 3463 4348">
    <p class='ocr_par' dir='ltr' id='par_1_90' title="bbox 1885 4277 3463 4348">
     <span class='ocr_line' id='line_1_90' title="bbox 1885 4277 3463 4348; baseline -0.001 -16"><span class='ocrx_word' id='word_1_654' title='bbox 1885 4278 2043 4332; x_wconf 84' lang='lat' dir='ltr'><strong>latria</strong></span> <span class='ocrx_word' id='word_1_655' title='bbox 2097 4278 2595 4348; x_wconf 81' lang='lat' dir='ltr'><strong>multipliciumque</strong></span> <span class='ocrx_word' id='word_1_656' title='bbox 2640 4277 2872 4332; x_wconf 90' lang='lat' dir='ltr'><strong>deorum</strong></span> <span class='ocrx_word' id='word_1_657' title='bbox 2911 4277 3275 4347; x_wconf 85' lang='lat' dir='ltr'><strong>ineptissimis</strong></span> <span class='ocrx_word' id='word_1_658' title='bbox 3333 4277 3463 4332; x_wconf 88' lang='lat' dir='ltr'><strong>reli-</strong></span> 
     </span>
    </p>
   </div>
   <div class='ocr_carea' id='block_1_91' title="bbox 1889 4367 3460 4441">
    <p class='ocr_par' dir='ltr' id='par_1_91' title="bbox 1889 4367 3460 4441">
     <span class='ocr_line' id='line_1_91' title="bbox 1889 4367 3460 4441; baseline -0.001 -17"><span class='ocrx_word' id='word_1_659' title='bbox 1889 4369 2142 4441; x_wconf 83' lang='lat' dir='ltr'><strong>gionibus</strong></span> <span class='ocrx_word' id='word_1_660' title='bbox 2200 4368 2348 4424; x_wconf 86' lang='lat' dir='ltr'><strong>velut</strong></span> <span class='ocrx_word' id='word_1_661' title='bbox 2397 4367 2507 4425; x_wconf 84' lang='lat' dir='ltr'><strong>fetu</strong></span> <span class='ocrx_word' id='word_1_662' title='bbox 2555 4369 2796 4441; x_wconf 88' lang='lat' dir='ltr'><strong>quodam</strong></span> <span class='ocrx_word' id='word_1_663' title='bbox 2856 4370 3123 4440; x_wconf 88' lang='lat' dir='ltr'><strong>implevit.</strong></span> <span class='ocrx_word' id='word_1_664' title='bbox 3179 4369 3460 4438; x_wconf 86' lang='lat' dir='ltr'><strong>Siquidem</strong></span> 
     </span>
    </p>
   </div>
   <div class='ocr_carea' id='block_1_92' title="bbox 200 4462 2468 4538">
    <p class='ocr_par' dir='ltr' id='par_1_92' title="bbox 200 4462 2468 4538">
     <span class='ocr_line' id='line_1_92' title="bbox 200 4462 2468 4538; baseline -0.003 -13"><span class='ocrx_word' id='word_1_665' title='bbox 200 4470 280 4525; x_wconf 86' lang='lat' dir='ltr'><strong>dii</strong></span> <span class='ocrx_word' id='word_1_666' title='bbox 311 4481 600 4538; x_wconf 82' lang='lat' dir='ltr'><strong>nunquam</strong></span> <span class='ocrx_word' id='word_1_667' title='bbox 659 4464 1025 4532; x_wconf 78' lang='lat' dir='ltr'><strong>exstiterunt,</strong></span> <span class='ocrx_word' id='word_1_668' title='bbox 1069 4463 1151 4519; x_wconf 85' lang='lat' dir='ltr'><strong>uti</strong></span> <span class='ocrx_word' id='word_1_669' title='bbox 1199 4476 1301 4519; x_wconf 90' lang='lat' dir='ltr'><strong>nec</strong></span> <span class='ocrx_word' id='word_1_670' title='bbox 1341 4462 1619 4520; x_wconf 74' lang='lat' dir='ltr'><strong>exsistunt</strong></span> <span class='ocrx_word' id='word_1_671' title='bbox 1649 4462 1849 4530; x_wconf 85' lang='lat' dir='ltr'><strong>modo,</strong></span> <span class='ocrx_word' id='word_1_672' title='bbox 1882 4463 1977 4519; x_wconf 89' lang='lat' dir='ltr'><strong>sed</strong></span> <span class='ocrx_word' id='word_1_673' title='bbox 2010 4462 2151 4519; x_wconf 90' lang='lat' dir='ltr'><strong>Deus</strong></span> <span class='ocrx_word' id='word_1_674' title='bbox 2183 4462 2468 4520; x_wconf 82' lang='lat' dir='ltr'><strong>duntaxat.</strong></span> 
     </span>
    </p>
   </div>
   <div class='ocr_carea' id='block_1_93' title="bbox 271 4570 1784 4655">
    <p class='ocr_par' dir='ltr' id='par_1_93' title="bbox 271 4577 1774 4655">
     <span class='ocr_line' id='line_1_93' title="bbox 271 4577 1774 4655; baseline -0.005 -16"><span class='ocrx_word' id='word_1_675' title='bbox 271 4580 664 4655; x_wconf 71' lang='grc' dir='ltr'>Προεκίσσαδὲ</span> <span class='ocrx_word' id='word_1_676' title='bbox 716 4578 815 4652; x_wconf 76' lang='grc' dir='ltr'>τὴν</span> <span class='ocrx_word' id='word_1_677' title='bbox 850 4577 1255 4649; x_wconf 81' lang='grc' dir='ltr'>είδωλομανίαν,</span> <span class='ocrx_word' id='word_1_678' title='bbox 1310 4578 1403 4632; x_wconf 73' lang='grc' dir='ltr'>καὶ</span> <span class='ocrx_word' id='word_1_679' title='bbox 1462 4577 1774 4643; x_wconf 57' lang='grc' dir='ltr'>πολυθεων,</span> 
     </span>
    </p>
   </div>
   <div class='ocr_carea' id='block_1_94' title="bbox 1884 4570 3460 4655">
    <p class='ocr_par' dir='ltr' id='par_1_94' title="bbox 1951 4570 3460 4645">
     <span class='ocr_line' id='line_1_94' title="bbox 1951 4570 3460 4645; baseline 0.003 -12"><span class='ocrx_word' id='word_1_680' title='bbox 1951 4570 2152 4633; x_wconf 74' lang='lat' dir='ltr'><strong>Verum</strong></span> <span class='ocrx_word' id='word_1_681' title='bbox 2178 4578 2432 4633; x_wconf 88' lang='lat' dir='ltr'><strong>insanum</strong></span> <span class='ocrx_word' id='word_1_682' title='bbox 2457 4579 2878 4636; x_wconf 88' lang='lat' dir='ltr'><strong>simulacrorum</strong></span> <span class='ocrx_word' id='word_1_683' title='bbox 2901 4579 3131 4645; x_wconf 89' lang='lat' dir='ltr'><strong>cultum,</strong></span> <span class='ocrx_word' id='word_1_684' title='bbox 3156 4594 3220 4635; x_wconf 91' lang='lat' dir='ltr'><strong>ac</strong></span> <span class='ocrx_word' id='word_1_685' title='bbox 3235 4579 3460 4637; x_wconf 89' lang='lat' dir='ltr'><strong>deorum</strong></span> 
     </span>
    </p>
   </div>
   <div class='ocr_carea' id='block_1_95' title="bbox 199 4664 1783 4745">
    <p class='ocr_par' dir='ltr' id='par_1_95' title="bbox 199 4664 1783 4745">
     <span class='ocr_line' id='line_1_95' title="bbox 199 4664 1783 4745; baseline -0.008 -10"><span class='ocrx_word' id='word_1_686' title='bbox 199 4680 301 4735; x_wconf 72' lang='grc' dir='ltr'>καὶ</span> <span class='ocrx_word' id='word_1_687' title='bbox 342 4673 635 4745; x_wconf 71' lang='grc' dir='ltr'>ἀπατηλήν</span> <span class='ocrx_word' id='word_1_688' title='bbox 675 4671 935 4726; x_wconf 87' lang='grc' dir='ltr'>διάνοιαν.</span> <span class='ocrx_word' id='word_1_689' title='bbox 999 4669 1113 4723; x_wconf 80' lang='grc' dir='ltr'>Οὐκ</span> <span class='ocrx_word' id='word_1_690' title='bbox 1167 4664 1236 4740; x_wconf 62' lang='grc' dir='ltr'>ἦν</span> <span class='ocrx_word' id='word_1_691' title='bbox 1289 4668 1345 4722; x_wconf 86' lang='grc' dir='ltr'>δὲ</span> <span class='ocrx_word' id='word_1_692' title='bbox 1402 4670 1573 4733; x_wconf 75' lang='grc' dir='ltr'>αἴτιος</span> <span class='ocrx_word' id='word_1_693' title='bbox 1620 4669 1783 4740; x_wconf 87' lang='grc' dir='ltr'>μόνος</span> 
     </span>
    </p>
   </div>
   <div class='ocr_carea' id='block_1_96' title="bbox 196 4759 1782 4842">
    <p class='ocr_par' dir='ltr' id='par_1_96' title="bbox 196 4759 1782 4842">
     <span class='ocr_line' id='line_1_96' title="bbox 196 4759 1782 4842; baseline -0.011 -17"><span class='ocrx_word' id='word_1_694' title='bbox 196 4775 229 4826; x_wconf 87' lang='lat'><strong>6</strong></span> <span class='ocrx_word' id='word_1_695' title='bbox 270 4768 599 4842; x_wconf 70' lang='grc' dir='ltr'>φαινόμενος</span> <span class='ocrx_word' id='word_1_696' title='bbox 635 4763 755 4817; x_wconf 83' lang='grc' dir='ltr'>τότε</span> <span class='ocrx_word' id='word_1_697' title='bbox 806 4765 948 4833; x_wconf 77' lang='grc' dir='ltr'>ὄφις.</span> <span class='ocrx_word' id='word_1_698' title='bbox 992 4760 1127 4815; x_wconf 78' lang='grc' dir='ltr'>ἀλλὰ</span> <span class='ocrx_word' id='word_1_699' title='bbox 1157 4761 1186 4813; x_wconf 93' lang='lat'><strong>6</strong></span> <span class='ocrx_word' id='word_1_700' title='bbox 1236 4759 1417 4831; x_wconf 78' lang='grc' dir='ltr'>ἐντῷ</span> <span class='ocrx_word' id='word_1_701' title='bbox 1467 4760 1588 4831; x_wconf 78' lang='grc' dir='ltr'>ὄφει</span> <span class='ocrx_word' id='word_1_702' title='bbox 1659 4762 1782 4831; x_wconf 74' lang='grc' dir='ltr'>ὄφις</span> 
     </span>
    </p>
   </div>
   <div class='ocr_carea' id='block_1_97' title="bbox 198 4852 1779 4935">
    <p class='ocr_par' dir='ltr' id='par_1_97' title="bbox 198 4852 1779 4935">
     <span class='ocr_line' id='line_1_97' title="bbox 198 4852 1779 4935; baseline -0.009 -16"><span class='ocrx_word' id='word_1_703' title='bbox 198 4864 481 4935; x_wconf 77' lang='grc' dir='ltr'>λαλήσας,</span> <span class='ocrx_word' id='word_1_704' title='bbox 528 4856 673 4928; x_wconf 72' lang='grc' dir='ltr'>φημὶ</span> <span class='ocrx_word' id='word_1_705' title='bbox 718 4855 777 4909; x_wconf 71' lang='grc' dir='ltr'>δὲ</span> <span class='ocrx_word' id='word_1_706' title='bbox 819 4853 1064 4917; x_wconf 79' lang='grc' dir='ltr'>διάδολος</span> <span class='ocrx_word' id='word_1_707' title='bbox 1083 4892 1099 4918; x_wconf 88' lang='grc'><strong>,</strong></span> <span class='ocrx_word' id='word_1_708' title='bbox 1162 4854 1256 4907; x_wconf 78' lang='grc' dir='ltr'>καὶ</span> <span class='ocrx_word' id='word_1_709' title='bbox 1319 4852 1416 4923; x_wconf 82' lang='grc' dir='ltr'>τὴν</span> <span class='ocrx_word' id='word_1_710' title='bbox 1465 4854 1634 4927; x_wconf 79' lang='grc' dir='ltr'>ἀκοὴν</span> <span class='ocrx_word' id='word_1_711' title='bbox 1685 4854 1779 4910; x_wconf 80' lang='grc' dir='ltr'><strong>τοῦ</strong></span> 
     </span>
    </p>
   </div>
   <div class='ocr_carea' id='block_1_98' title="bbox 205 4944 1778 5023">
    <p class='ocr_par' dir='ltr' id='par_1_98' title="bbox 205 4944 1778 5023">
     <span class='ocr_line' id='line_1_98' title="bbox 205 4944 1778 5023; baseline -0.003 -17"><span class='ocrx_word' id='word_1_712' title='bbox 205 4952 492 5023; x_wconf 66' lang='grc' dir='ltr'>ἄνθρώπου</span> <span class='ocrx_word' id='word_1_713' title='bbox 543 4946 786 5019; x_wconf 77' lang='grc' dir='ltr'>ταράξας</span> <span class='ocrx_word' id='word_1_714' title='bbox 848 4944 937 4999; x_wconf 85' lang='grc' dir='ltr'><strong>διὰ</strong></span> <span class='ocrx_word' id='word_1_715' title='bbox 990 4944 1092 5015; x_wconf 83' lang='grc' dir='ltr'>τῆς</span> <span class='ocrx_word' id='word_1_716' title='bbox 1147 4944 1430 5013; x_wconf 89' lang='grc' dir='ltr'>γυναικός.</span> <span class='ocrx_word' id='word_1_717' title='bbox 1496 4946 1607 5000; x_wconf 71' lang='grc' dir='ltr'><strong>Καὶ</strong></span> <span class='ocrx_word' id='word_1_718' title='bbox 1658 4946 1778 5001; x_wconf 77' lang='grc' dir='ltr'>οὐδὲ</span> 
     </span>
    </p>
   </div>
   <div class='ocr_carea' id='block_1_99' title="bbox 200 5034 1780 5112">
    <p class='ocr_par' dir='ltr' id='par_1_99' title="bbox 200 5034 1780 5112">
     <span class='ocr_line' id='line_1_99' title="bbox 200 5034 1780 5112; baseline -0.015 -11"><span class='ocrx_word' id='word_1_719' title='bbox 200 5046 264 5100; x_wconf 79' lang='grc' dir='ltr'>τὸ</span> <span class='ocrx_word' id='word_1_720' title='bbox 298 5044 458 5111; x_wconf 79' lang='grc' dir='ltr'>ξύλον</span> <span class='ocrx_word' id='word_1_721' title='bbox 489 5037 561 5112; x_wconf 75' lang='grc' dir='ltr'>ἦν</span> <span class='ocrx_word' id='word_1_722' title='bbox 599 5037 863 5110; x_wconf 81' lang='grc' dir='ltr'>ἁμαρτία.</span> <span class='ocrx_word' id='word_1_723' title='bbox 890 5034 1024 5100; x_wconf 82' lang='grc' dir='ltr'>Θεὸς</span> <span class='ocrx_word' id='word_1_724' title='bbox 1059 5034 1169 5107; x_wconf 81' lang='grc' dir='ltr'><strong>γὰρ</strong></span> <span class='ocrx_word' id='word_1_725' title='bbox 1208 5035 1362 5090; x_wconf 79' lang='grc' dir='ltr'>οὐδὲν</span> <span class='ocrx_word' id='word_1_726' title='bbox 1405 5036 1641 5110; x_wconf 76' lang='grc' dir='ltr'>πονηρὸν</span> <span class='ocrx_word' id='word_1_727' title='bbox 1680 5055 1780 5107; x_wconf 79' lang='grc' dir='ltr'><strong>φυ-</strong></span> 
     </span>
    </p>
   </div>
   <div class='ocr_carea' id='block_1_100' title="bbox 202 5122 1778 5196">
    <p class='ocr_par' dir='ltr' id='par_1_100' title="bbox 202 5122 1778 5196">
     <span class='ocr_line' id='line_1_100' title="bbox 202 5122 1778 5196; baseline -0.006 -7"><span class='ocrx_word' id='word_1_728' title='bbox 202 5136 372 5191; x_wconf 81' lang='grc' dir='ltr'>τεύει.</span> <span class='ocrx_word' id='word_1_729' title='bbox 406 5131 614 5186; x_wconf 80' lang='grc' dir='ltr'>Γνῶσιν</span> <span class='ocrx_word' id='word_1_730' title='bbox 642 5128 697 5182; x_wconf 73' lang='grc' dir='ltr'>δὲ</span> <span class='ocrx_word' id='word_1_731' title='bbox 719 5125 1001 5196; x_wconf 69' lang='grc' dir='ltr'>ἐνεποίησε</span> <span class='ocrx_word' id='word_1_732' title='bbox 1020 5123 1083 5177; x_wconf 79' lang='grc' dir='ltr'>τὸ</span> <span class='ocrx_word' id='word_1_733' title='bbox 1106 5123 1260 5191; x_wconf 81' lang='grc' dir='ltr'>ξύλον</span> <span class='ocrx_word' id='word_1_734' title='bbox 1286 5122 1379 5177; x_wconf 89' lang='grc' dir='ltr'><strong>τοῦ</strong></span> <span class='ocrx_word' id='word_1_735' title='bbox 1410 5124 1606 5179; x_wconf 76' lang='grc' dir='ltr'>ειδέναι</span> <span class='ocrx_word' id='word_1_736' title='bbox 1636 5125 1778 5195; x_wconf 78' lang='grc' dir='ltr'>ἁγα-</span> 
     </span>
    </p>
   </div>
   <div class='ocr_carea' id='block_1_101' title="bbox 203 5214 1781 5290">
    <p class='ocr_par' dir='ltr' id='par_1_101' title="bbox 203 5214 1781 5290">
     <span class='ocr_line' id='line_1_101' title="bbox 203 5214 1781 5290; baseline -0.006 -11"><span class='ocrx_word' id='word_1_737' title='bbox 203 5225 295 5279; x_wconf 77' lang='grc' dir='ltr'><strong>θόν</strong></span> <span class='ocrx_word' id='word_1_738' title='bbox 327 5241 390 5278; x_wconf 82' lang='grc' dir='ltr'><strong>τε</strong></span> <span class='ocrx_word' id='word_1_739' title='bbox 435 5222 532 5277; x_wconf 75' lang='grc' dir='ltr'><strong>καὶ</strong></span> <span class='ocrx_word' id='word_1_740' title='bbox 567 5218 790 5290; x_wconf 82' lang='grc' dir='ltr'>φαῦλον.</span> <span class='ocrx_word' id='word_1_741' title='bbox 822 5216 933 5270; x_wconf 82' lang='lat' dir='ltr'><strong>Kal.</strong></span> <span class='ocrx_word' id='word_1_742' title='bbox 976 5215 1098 5287; x_wconf 79' lang='grc' dir='ltr'>οὐχὶ</span> <span class='ocrx_word' id='word_1_743' title='bbox 1128 5215 1216 5269; x_wconf 81' lang='grc' dir='ltr'>διὰ</span> <span class='ocrx_word' id='word_1_744' title='bbox 1240 5215 1302 5269; x_wconf 77' lang='grc' dir='ltr'><strong>τδ</strong></span> <span class='ocrx_word' id='word_1_745' title='bbox 1331 5214 1529 5269; x_wconf 76' lang='grc' dir='ltr'>ειδέναι</span> <span class='ocrx_word' id='word_1_746' title='bbox 1556 5217 1585 5269; x_wconf 90' lang='lat'><strong>6</strong></span> <span class='ocrx_word' id='word_1_747' title='bbox 1615 5214 1781 5271; x_wconf 85' lang='grc' dir='ltr'>θάνα-</span> 
     </span>
    </p>
   </div>
   <div class='ocr_carea' id='block_1_102' title="bbox 203 5306 1780 5382">
    <p class='ocr_par' dir='ltr' id='par_1_102' title="bbox 203 5306 1780 5382">
     <span class='ocr_line' id='line_1_102' title="bbox 203 5306 1780 5382; baseline -0.005 -12"><span class='ocrx_word' id='word_1_748' title='bbox 203 5333 315 5381; x_wconf 82' lang='grc' dir='ltr'>τος,</span> <span class='ocrx_word' id='word_1_749' title='bbox 344 5314 484 5369; x_wconf 77' lang='grc' dir='ltr'>ἀλλὰ</span> <span class='ocrx_word' id='word_1_750' title='bbox 535 5312 624 5367; x_wconf 81' lang='grc' dir='ltr'>διὰ</span> <span class='ocrx_word' id='word_1_751' title='bbox 666 5310 768 5382; x_wconf 77' lang='grc' dir='ltr'>τὴν</span> <span class='ocrx_word' id='word_1_752' title='bbox 812 5306 1114 5380; x_wconf 79' lang='grc' dir='ltr'>παρακοήν.</span> <span class='ocrx_word' id='word_1_753' title='bbox 1149 5306 1260 5360; x_wconf 81' lang='grc' dir='ltr'><strong>Καὶ</strong></span> <span class='ocrx_word' id='word_1_754' title='bbox 1290 5306 1401 5379; x_wconf 83' lang='grc' dir='ltr'><strong>γὰρ</strong></span> <span class='ocrx_word' id='word_1_755' title='bbox 1433 5308 1467 5379; x_wconf 81' lang='grc' dir='ltr'>ἠ</span> <span class='ocrx_word' id='word_1_756' title='bbox 1501 5309 1651 5361; x_wconf 81' lang='grc' dir='ltr'>πᾶσα</span> <span class='ocrx_word' id='word_1_757' title='bbox 1683 5307 1780 5362; x_wconf 80' lang='grc' dir='ltr'><strong>τοῦ</strong></span> 
     </span>
    </p>
   </div>
   <div class='ocr_carea' id='block_1_103' title="bbox 207 5400 1781 5484">
    <p class='ocr_par' dir='ltr' id='par_1_103' title="bbox 207 5400 1781 5484">
     <span class='ocr_line' id='line_1_103' title="bbox 207 5400 1781 5484; baseline -0.006 -19"><span class='ocrx_word' id='word_1_758' title='bbox 207 5409 400 5484; x_wconf 65' lang='grc' dir='ltr'>ἐχθροῦ</span> <span class='ocrx_word' id='word_1_759' title='bbox 430 5407 555 5462; x_wconf 77' lang='grc' dir='ltr'>τότε</span> <span class='ocrx_word' id='word_1_760' title='bbox 590 5403 828 5477; x_wconf 80' lang='grc' dir='ltr'>συσκευὴ</span> <span class='ocrx_word' id='word_1_761' title='bbox 857 5403 955 5475; x_wconf 83' lang='grc' dir='ltr'>οὐχ</span> <span class='ocrx_word' id='word_1_762' title='bbox 987 5401 1173 5456; x_wconf 71' lang='grc' dir='ltr'>ἕνεκεν</span> <span class='ocrx_word' id='word_1_763' title='bbox 1193 5400 1288 5455; x_wconf 86' lang='grc' dir='ltr'><strong>τοῦ</strong></span> <span class='ocrx_word' id='word_1_764' title='bbox 1317 5400 1604 5474; x_wconf 84' lang='grc' dir='ltr'>βρώματος</span> <span class='ocrx_word' id='word_1_765' title='bbox 1631 5404 1781 5472; x_wconf 82' lang='grc' dir='ltr'>γέγο-</span> 
     </span>
    </p>
   </div>
   <div class='ocr_carea' id='block_1_104' title="bbox 287 5583 1487 5660">
    <p class='ocr_par' dir='ltr' id='par_1_104' title="bbox 287 5583 1487 5660">
     <span class='ocr_line' id='line_1_104' title="bbox 287 5583 1487 5660; baseline -0.007 -13"><span class='ocrx_word' id='word_1_766' title='bbox 287 5591 303 5623; x_wconf 91' lang='grc'>¹</span> <span class='ocrx_word' id='word_1_767' title='bbox 326 5590 483 5660; x_wconf 58' lang='lat' dir='ltr'><strong>Erro</strong></span> <span class='ocrx_word' id='word_1_768' title='bbox 518 5589 598 5644; x_wconf 82' lang='grc' dir='ltr'><strong>δέ.</strong></span> <span class='ocrx_word' id='word_1_769' title='bbox 674 5592 694 5623; x_wconf 79' lang='grc'><strong><em>⁸</em></strong></span> <span class='ocrx_word' id='word_1_770' title='bbox 726 5586 787 5645; x_wconf 84' lang='lat' dir='ltr'><strong>F.</strong></span> <span class='ocrx_word' id='word_1_771' title='bbox 819 5586 1033 5652; x_wconf 72' lang='grc' dir='ltr'>αὐτούς.</span> <span class='ocrx_word' id='word_1_772' title='bbox 1112 5583 1132 5617; x_wconf 85' lang='grc'><strong><em>³</em></strong></span> <span class='ocrx_word' id='word_1_773' title='bbox 1166 5584 1302 5643; x_wconf 82' lang='lat' dir='ltr'><strong>Gen.</strong></span> <span class='ocrx_word' id='word_1_774' title='bbox 1326 5600 1409 5654; x_wconf 90' lang='grc' dir='ltr'>ιιι,</span> <span class='ocrx_word' id='word_1_775' title='bbox 1435 5586 1487 5642; x_wconf 81' lang='grc'><strong>5.</strong></span> 
     </span>
    </p>
   </div>
   <div class='ocr_carea' id='block_1_105' title="bbox 1883 4671 3462 4745">
    <p class='ocr_par' dir='ltr' id='par_1_105' title="bbox 1883 4671 3462 4745">
     <span class='ocr_line' id='line_1_105' title="bbox 1883 4671 3462 4745; baseline 0.002 -19"><span class='ocrx_word' id='word_1_776' title='bbox 1883 4671 2285 4727; x_wconf 87' lang='lat' dir='ltr'><strong>multitudinem</strong></span> <span class='ocrx_word' id='word_1_777' title='bbox 2312 4712 2327 4738; x_wconf 93' lang='lat'><strong>,</strong></span> <span class='ocrx_word' id='word_1_778' title='bbox 2368 4681 2423 4728; x_wconf 86' lang='lat' dir='ltr'><strong>et</strong></span> <span class='ocrx_word' id='word_1_779' title='bbox 2458 4672 2804 4729; x_wconf 87' lang='lat' dir='ltr'><strong>fraudulenta</strong></span> <span class='ocrx_word' id='word_1_780' title='bbox 2835 4673 3285 4729; x_wconf 88' lang='lat' dir='ltr'><strong>consiliadudum</strong></span> <span class='ocrx_word' id='word_1_781' title='bbox 3316 4673 3462 4745; x_wconf 89' lang='lat' dir='ltr'><strong>apud</strong></span> 
     </span>
    </p>
   </div>
   <div class='ocr_carea' id='block_1_106' title="bbox 1882 4762 3460 4836">
    <p class='ocr_par' dir='ltr' id='par_1_106' title="bbox 1882 4762 3460 4836">
     <span class='ocr_line' id='line_1_106' title="bbox 1882 4762 3460 4836; baseline 0.004 -19"><span class='ocrx_word' id='word_1_782' title='bbox 1882 4777 1940 4819; x_wconf 86' lang='lat' dir='ltr'><strong>se</strong></span> <span class='ocrx_word' id='word_1_783' title='bbox 1969 4772 2322 4834; x_wconf 86' lang='lat' dir='ltr'><strong>conceperat.</strong></span> <span class='ocrx_word' id='word_1_784' title='bbox 2356 4762 2545 4835; x_wconf 86' lang='lat' dir='ltr'><strong>Neque</strong></span> <span class='ocrx_word' id='word_1_785' title='bbox 2576 4780 2706 4819; x_wconf 90' lang='lat' dir='ltr'><strong>vero</strong></span> <span class='ocrx_word' id='word_1_786' title='bbox 2731 4767 2880 4821; x_wconf 92' lang='lat' dir='ltr'><strong>solus</strong></span> <span class='ocrx_word' id='word_1_787' title='bbox 2906 4765 2995 4820; x_wconf 89' lang='lat' dir='ltr'><strong>ille</strong></span> <span class='ocrx_word' id='word_1_788' title='bbox 3019 4805 3034 4832; x_wconf 93' lang='lat'><strong>,</strong></span> <span class='ocrx_word' id='word_1_789' title='bbox 3069 4766 3162 4836; x_wconf 90' lang='lat' dir='ltr'><strong>qui</strong></span> <span class='ocrx_word' id='word_1_790' title='bbox 3188 4766 3460 4823; x_wconf 77' lang='lat' dir='ltr'><strong>extrinse-</strong></span> 
     </span>
    </p>
   </div>
   <div class='ocr_carea' id='block_1_107' title="bbox 1879 4856 3461 4926">
    <p class='ocr_par' dir='ltr' id='par_1_107' title="bbox 1879 4856 3461 4926">
     <span class='ocr_line' id='line_1_107' title="bbox 1879 4856 3461 4926; baseline 0.004 -17"><span class='ocrx_word' id='word_1_791' title='bbox 1879 4869 1979 4911; x_wconf 91' lang='lat' dir='ltr'><strong>cus</strong></span> <span class='ocrx_word' id='word_1_792' title='bbox 2009 4856 2340 4926; x_wconf 87' lang='lat' dir='ltr'><strong>apparebat,</strong></span> <span class='ocrx_word' id='word_1_793' title='bbox 2377 4871 2602 4926; x_wconf 89' lang='lat' dir='ltr'><strong>serpens</strong></span> <span class='ocrx_word' id='word_1_794' title='bbox 2638 4857 2774 4911; x_wconf 89' lang='lat' dir='ltr'><strong>tanti</strong></span> <span class='ocrx_word' id='word_1_795' title='bbox 2809 4857 2935 4910; x_wconf 88' lang='lat' dir='ltr'><strong>mali</strong></span> <span class='ocrx_word' id='word_1_796' title='bbox 2985 4872 3210 4911; x_wconf 88' lang='lat' dir='ltr'><strong>causam</strong></span> <span class='ocrx_word' id='word_1_797' title='bbox 3242 4858 3461 4925; x_wconf 88' lang='lat' dir='ltr'><strong>attulit;</strong></span> 
     </span>
    </p>
   </div>
   <div class='ocr_carea' id='block_1_108' title="bbox 1877 4946 3465 5018">
    <p class='ocr_par' dir='ltr' id='par_1_108' title="bbox 1877 4946 3465 5018">
     <span class='ocr_line' id='line_1_108' title="bbox 1877 4946 3465 5018; baseline 0.001 -17"><span class='ocrx_word' id='word_1_798' title='bbox 1877 4946 1971 5001; x_wconf 85' lang='lat' dir='ltr'><strong>sed</strong></span> <span class='ocrx_word' id='word_1_799' title='bbox 2003 4947 2093 5016; x_wconf 87' lang='lat' dir='ltr'><strong>qui</strong></span> <span class='ocrx_word' id='word_1_800' title='bbox 2127 4961 2224 5016; x_wconf 91' lang='lat' dir='ltr'><strong>per</strong></span> <span class='ocrx_word' id='word_1_801' title='bbox 2254 4962 2377 5001; x_wconf 92' lang='lat' dir='ltr'><strong>eum</strong></span> <span class='ocrx_word' id='word_1_802' title='bbox 2412 4946 2738 5018; x_wconf 84' lang='lat' dir='ltr'><strong>loquebatur</strong></span> <span class='ocrx_word' id='word_1_803' title='bbox 2762 4946 2904 5002; x_wconf 90' lang='lat' dir='ltr'><strong>alius</strong></span> <span class='ocrx_word' id='word_1_804' title='bbox 2935 4960 3164 5015; x_wconf 88' lang='lat' dir='ltr'><strong>serpens</strong></span> <span class='ocrx_word' id='word_1_805' title='bbox 3187 4985 3204 5011; x_wconf 88' lang='lat'><strong>,</strong></span> <span class='ocrx_word' id='word_1_806' title='bbox 3241 4947 3347 5001; x_wconf 91' lang='lat' dir='ltr'><strong>hoc</strong></span> <span class='ocrx_word' id='word_1_807' title='bbox 3378 4959 3465 5004; x_wconf 89' lang='lat' dir='ltr'><strong>est</strong></span> 
     </span>
    </p>
   </div>
   <div class='ocr_carea' id='block_1_109' title="bbox 1883 5037 3462 5110">
    <p class='ocr_par' dir='ltr' id='par_1_109' title="bbox 1883 5037 3462 5110">
     <span class='ocr_line' id='line_1_109' title="bbox 1883 5037 3462 5110; baseline -0.001 -17"><span class='ocrx_word' id='word_1_808' title='bbox 1883 5037 2169 5101; x_wconf 90' lang='lat' dir='ltr'><strong>diabolus,</strong></span> <span class='ocrx_word' id='word_1_809' title='bbox 2211 5039 2305 5110; x_wconf 91' lang='lat' dir='ltr'><strong>qui</strong></span> <span class='ocrx_word' id='word_1_810' title='bbox 2356 5038 2604 5093; x_wconf 90' lang='lat' dir='ltr'><strong>auditum</strong></span> <span class='ocrx_word' id='word_1_811' title='bbox 2652 5037 2754 5093; x_wconf 89' lang='lat' dir='ltr'><strong>viri</strong></span> <span class='ocrx_word' id='word_1_812' title='bbox 2809 5037 3055 5092; x_wconf 90' lang='lat' dir='ltr'><strong>mulieris</strong></span> <span class='ocrx_word' id='word_1_813' title='bbox 3107 5052 3244 5092; x_wconf 89' lang='lat' dir='ltr'><strong>usus</strong></span> <span class='ocrx_word' id='word_1_814' title='bbox 3298 5053 3462 5108; x_wconf 81' lang='lat' dir='ltr'><strong>opera</strong></span> 
     </span>
    </p>
   </div>
   <div class='ocr_carea' id='block_1_110' title="bbox 1885 5129 3462 5203">
    <p class='ocr_par' dir='ltr' id='par_1_110' title="bbox 1885 5129 3462 5203">
     <span class='ocr_line' id='line_1_110' title="bbox 1885 5129 3462 5203; baseline -0.001 -17"><span class='ocrx_word' id='word_1_815' title='bbox 1885 5130 2245 5202; x_wconf 88' lang='lat' dir='ltr'><strong>perturbavit.</strong></span> <span class='ocrx_word' id='word_1_816' title='bbox 2291 5129 2478 5201; x_wconf 87' lang='lat' dir='ltr'><strong>Neque</strong></span> <span class='ocrx_word' id='word_1_817' title='bbox 2529 5131 2736 5203; x_wconf 88' lang='lat' dir='ltr'><strong>lignum</strong></span> <span class='ocrx_word' id='word_1_818' title='bbox 2768 5131 2945 5202; x_wconf 90' lang='lat' dir='ltr'><strong>ipsum</strong></span> <span class='ocrx_word' id='word_1_819' title='bbox 2994 5138 3277 5200; x_wconf 85' lang='lat' dir='ltr'><strong>peccatum</strong></span> <span class='ocrx_word' id='word_1_820' title='bbox 3316 5129 3462 5199; x_wconf 88' lang='lat' dir='ltr'><strong>fuit;</strong></span> 
     </span>
    </p>
   </div>
   <div class='ocr_carea' id='block_1_111' title="bbox 1884 5221 3467 5293">
    <p class='ocr_par' dir='ltr' id='par_1_111' title="bbox 1884 5221 3467 5293">
     <span class='ocr_line' id='line_1_111' title="bbox 1884 5221 3467 5293; baseline 0.001 -16"><span class='ocrx_word' id='word_1_821' title='bbox 1884 5221 2023 5277; x_wconf 90' lang='lat' dir='ltr'><strong>nihil</strong></span> <span class='ocrx_word' id='word_1_822' title='bbox 2050 5222 2196 5278; x_wconf 90' lang='lat' dir='ltr'><strong>enim</strong></span> <span class='ocrx_word' id='word_1_823' title='bbox 2231 5238 2261 5278; x_wconf 90' lang='lat' dir='ltr'><strong>a</strong></span> <span class='ocrx_word' id='word_1_824' title='bbox 2306 5222 2415 5278; x_wconf 91' lang='lat' dir='ltr'><strong>Deo</strong></span> <span class='ocrx_word' id='word_1_825' title='bbox 2463 5224 2591 5278; x_wconf 89' lang='lat' dir='ltr'><strong>mali</strong></span> <span class='ocrx_word' id='word_1_826' title='bbox 2629 5223 2869 5287; x_wconf 88' lang='lat' dir='ltr'><strong>seritur,</strong></span> <span class='ocrx_word' id='word_1_827' title='bbox 2923 5222 3018 5279; x_wconf 86' lang='lat' dir='ltr'><strong>sed</strong></span> <span class='ocrx_word' id='word_1_828' title='bbox 3062 5222 3188 5277; x_wconf 89' lang='lat' dir='ltr'><strong>boni</strong></span> <span class='ocrx_word' id='word_1_829' title='bbox 3225 5222 3467 5293; x_wconf 79' lang='lat' dir='ltr'><strong>malique</strong></span> 
     </span>
    </p>
   </div>
   <div class='ocr_carea' id='block_1_112' title="bbox 1885 5312 3463 5387">
    <p class='ocr_par' dir='ltr' id='par_1_112' title="bbox 1885 5312 3463 5387">
     <span class='ocr_line' id='line_1_112' title="bbox 1885 5312 3463 5387; baseline -0.002 -18"><span class='ocrx_word' id='word_1_830' title='bbox 1885 5313 2256 5385; x_wconf 89' lang='lat' dir='ltr'><strong>cognitionem</strong></span> <span class='ocrx_word' id='word_1_831' title='bbox 2309 5315 2519 5387; x_wconf 86' lang='lat' dir='ltr'><strong>lignum</strong></span> <span class='ocrx_word' id='word_1_832' title='bbox 2575 5315 2711 5371; x_wconf 87' lang='lat' dir='ltr'><strong>illud</strong></span> <span class='ocrx_word' id='word_1_833' title='bbox 2762 5314 2963 5369; x_wconf 86' lang='lat' dir='ltr'><strong>attulit.</strong></span> <span class='ocrx_word' id='word_1_834' title='bbox 3016 5312 3086 5368; x_wconf 82' lang='lat' dir='ltr'><strong>At</strong></span> <span class='ocrx_word' id='word_1_835' title='bbox 3134 5328 3244 5368; x_wconf 91' lang='lat' dir='ltr'><strong>non</strong></span> <span class='ocrx_word' id='word_1_836' title='bbox 3282 5328 3347 5369; x_wconf 79' lang='lat' dir='ltr'><strong>ex</strong></span> <span class='ocrx_word' id='word_1_837' title='bbox 3396 5329 3463 5367; x_wconf 84' lang='lat' dir='ltr'><strong>ea</strong></span> 
     </span>
    </p>
   </div>
   <div class='ocr_carea' id='block_1_113' title="bbox 1886 5400 3461 5476">
    <p class='ocr_par' dir='ltr' id='par_1_113' title="bbox 1886 5400 3461 5476">
     <span class='ocr_line' id='line_1_113' title="bbox 1886 5400 3461 5476; baseline -0.003 -16"><span class='ocrx_word' id='word_1_838' title='bbox 1886 5403 2118 5461; x_wconf 86' lang='lat' dir='ltr'><strong>scientia</strong></span> <span class='ocrx_word' id='word_1_839' title='bbox 2152 5422 2302 5465; x_wconf 85' lang='lat' dir='ltr'><strong>mors</strong></span> <span class='ocrx_word' id='word_1_840' title='bbox 2322 5412 2425 5474; x_wconf 88' lang='lat' dir='ltr'><strong>est,</strong></span> <span class='ocrx_word' id='word_1_841' title='bbox 2452 5405 2549 5465; x_wconf 86' lang='lat' dir='ltr'><strong>sed</strong></span> <span class='ocrx_word' id='word_1_842' title='bbox 2571 5422 2636 5464; x_wconf 75' lang='lat' dir='ltr'><strong>ex</strong></span> <span class='ocrx_word' id='word_1_843' title='bbox 2663 5405 3011 5464; x_wconf 84' lang='lat' dir='ltr'><strong>contumacia</strong></span> <span class='ocrx_word' id='word_1_844' title='bbox 3040 5403 3301 5476; x_wconf 66' lang='lat' dir='ltr'><strong>profecta.</strong></span> <span class='ocrx_word' id='word_1_845' title='bbox 3324 5400 3461 5456; x_wconf 85' lang='lat' dir='ltr'><strong>Nam</strong></span> 
     </span>
    </p>
   </div>
  </div>
