3956 6070
450 259 560 320 διε

1836 250 1899 306 S.
1938 244 2282 307 EPIPHANII

3603 249 3715 307 ω

453 384 569 432 tota
603 373 778 432 hostis
809 373 902 431 illa
930 370 1201 431 calliditas
1228 382 1339 427 non
1374 367 1444 429 ad
1473 379 1656 424 escam
1682 365 2027 443 pertinebat;

2147 382 2243 429 θεν,
2270 363 2385 420 ἀλλ’
2412 363 2602 417 ἕνεκεν
2650 362 2744 418 τοῦ
2787 363 3126 438 ἐργάσασθαι
3169 367 3356 435 αὐτοῖς
3395 332 3498 443 τὴν
3524 387 3716 444 παρα.

456 467 552 524 sed
578 481 645 523 eo
669 464 1015 537 potissimum
1045 460 1349 531 spectabat,
1378 466 1439 517 ut
1467 458 1588 515 illos
1621 461 1689 513 ad
1714 456 2032 517 violandum

454 557 548 614 Dei
578 556 890 615 mandatum
923 553 1244 623 impelleret.
1280 549 1360 604 Ex
1389 565 1500 620 quo
1534 556 1669 611 tunc
1706 547 1944 614 accidit,
1975 555 2035 607 ιιι

453 650 572 719 lege
614 651 924 715 contempta
975 658 1005 697 e
1044 642 1302 715 paradiso
1339 641 1694 713 pellerentur,
1727 639 2035 709 meritoque

453 738 874 807 castigarentur,
925 748 1035 795 non
1080 732 1210 789 odio
1254 732 1396 795 ullo,
1445 729 1547 789 sed
1592 730 1688 785 Dei
1732 744 1865 799 erga
1911 728 2035 785 illos

454 841 584 883 cura
629 824 1078 896 providentiaque
1126 821 1409 892 singulari.
1436 820 1527 875 Sic
1578 819 1725 881 enim
1771 817 2036 879 Dominus

454 917 603 987 ipsos
632 915 929 985 alloquitur
956 932 968 968 :
999 913 1164 973 Terra
1193 928 1247 975 es
1267 951 1282 981 ,
1309 921 1357 967 et
1388 912 1440 969 in
1466 920 1662 971 terram
1692 910 1961 971 reverteris
1991 908 2032 965 ί.

457 1007 738 1078 Siquidem
780 1006 977 1062 rationi
1017 1015 1446 1065 consentaneum
1497 1004 1623 1066 fuit,
1652 1012 1711 1058 ut
1749 1003 1840 1061 ille
1870 1014 2035 1057 verus

456 1102 650 1157 artifex
673 1141 688 1165 ,
737 1100 881 1172 ﬁguli
932 1100 1129 1164 instar,
1175 1097 1357 1167 operis
1390 1096 1515 1165 ejus
1551 1109 1615 1147 ac
1663 1093 1852 1159 vasis,
1889 1089 2036 1161 quod

457 1193 712 1246 manibus
765 1191 1014 1254 ﬁnxerat,
1059 1202 1249 1247 curam
1284 1200 1500 1258 gerens,
1537 1184 1775 1254 ldipsum
1804 1199 1871 1238 ex
1897 1197 2037 1252 pra:-

459 1279 600 1349 cepti
634 1278 928 1335 violatione
957 1275 1328 1337 immunitum,
1354 1271 1598 1343 quandiu
1625 1270 1786 1326 molle
1818 1268 1997 1323 adhuc
2018 1308 2035 1335 ,

460 1373 624 1445 269
651 1380 708 1426 ut
746 1374 820 1425 ita
849 1369 1110 1433 dixerim,
1156 1368 1331 1421 lutum
1354 1375 1504 1432 erat,
1549 1376 1712 1436 atque
1740 1379 1804 1419 ex
1840 1361 2037 1419 fissura

459 1462 690 1534 quadam
723 1474 786 1514 ac
826 1459 965 1513 rima
996 1457 1265 1529 perﬂuere
1311 1464 1578 1528 (πωροι-δι,
1612 1471 1721 1510 non
1763 1454 1837 1507 ita
1864 1452 2038 1507 desti-

462 1559 673 1614 tueret,
705 1550 800 1606 sed
848 1550 903 1603 in
946 1549 1235 1619 pristinam
1275 1562 1513 1602 massam
1549 1545 1849 1615 redigeret,
1894 1543 2038 1598 utin

460 1641 761 1697 instaurata
815 1638 907 1693 illa
952 1637 1339 1708 generatione,
1402 1635 1506 1689 hoc
1557 1642 1643 1688 est
1696 1638 2039 1689 mortuorum

459 1733 826 1796 excitatione,
866 1745 966 1786 vas
1018 1728 1154 1783 illud
1202 1728 1440 1799 priorem
1483 1725 1549 1779 ad
1581 1721 2039 1794 pulchritudinem
2071 1715 2113 1777 Β

460 1826 807 1893 nitoremque
844 1830 1160 1884 revocaret;
1210 1819 1319 1872 imo
1355 1817 1558 1887 aliquid
1594 1816 1644 1870 ei
1692 1814 1917 1884 insuper
1947 1812 2045 1866 ad-

460 1914 674 1984 jiceret.
725 1911 882 1977 Quod
928 1911 996 1966 de
1041 1925 1229 1965 eorum
1290 1897 1615 1979 corporibus
1665 1904 2043 1977 accipiendum

463 2013 569 2067 est,
598 2004 692 2074 qui
723 2011 847 2074 post
871 2001 1145 2057 horrenda
1178 2000 1388 2056 scelera
1423 1998 1742 2070 pcenitentia
1779 1997 1951 2061 ducti,
1990 2002 2046 2050 et

465 2109 496 2148 a
526 2094 743 2151 delictis
781 2095 1019 2150 revocati
1043 2134 1058 2157 ,
1084 2094 1140 2147 in
1178 2092 1312 2148 Jesu
1353 2091 1561 2147 Christi
1612 2089 1825 2144 Domini
1870 2087 2045 2144 nostri

464 2187 777 2257 cognitione
812 2184 1039 2257 perfecti
1075 2192 1234 2251 sunt,
1266 2192 1327 2238 ut
1353 2185 1446 2238 illa
1471 2184 1539 2238 de
1564 2191 1710 2238 terra
1735 2195 1914 2237 massa
1941 2180 2039 2238 de-
2067 2164 2074 2170 ’

462 2287 576 2326 nuo
619 2280 900 2343 resurgat,
950 2272 1155 2343 argillae
1195 2271 1400 2337 instar,
1443 2286 1566 2343 quae
1608 2270 1838 2325 artiﬁcis
1874 2284 2040 2324 manu

2133 454 2454 526 κοήν.”06εν
2480 453 2924 530 παρακούσαντες
2946 456 3092 522 τότε,
3119 457 3216 515 τοῦ
3253 459 3352 530 μὲν
3368 461 3712 534 Humi”;

2133 546 2332 613 ἔξωθεν
2368 546 2629 616 γίνονται,
2657 546 3074 618 ἑπιτιμηθέντες
3103 548 3438 616 δικαιότατα,
3471 552 3536 607 οὐ
3565 552 3715 611 κατά

2137 641 2316 709 μῖσος,
2364 637 2502 694 ἀλλὰ
2545 637 2686 692 κατά
2720 638 3035 709 ὶπιμέλειαν
3085 638 3182 692 τοῦ
3230 640 3388 702 Θεοῦ.
3426 643 3569 714 Φησὶ
3600 644 3714 715 γὰρ

2135 729 2274 803 πρὸς
2325 729 2522 796 αὐτοὺς
2572 732 2601 784 ὁ
2644 728 2878 802 Κύριοςο
2915 728 3005 798 Γῆ
3043 726 3120 797 εί,
3175 732 3275 787 καὶ
3322 736 3409 799 sic
3433 733 3555 804 γῆν
3595 735 3715 793 ἀπ-

2135 822 2537 890 ελεύσῃ.Ἔδει
2554 821 2661 893 γὰρ
2686 821 2776 876 τὸν
2802 821 2969 886 ὅντως
2990 821 3120 879 ὄντα
3138 824 3406 895 τεχνίτην,
3423 825 3716 897 κεραμέως

2134 913 2289 983 δίκην
2317 912 2709 983 ἐπιμελόμενον
2735 912 2829 969 τοῦ
2856 912 2985 969 ἰδίου
3018 914 3107 969 διὰ
3160 915 3358 989 χειρῶν
3393 916 3716 987 πεπλασμὸ-

2135 1021 2227 1057 νου
2255 1002 2418 1057 αὐτοῦ
2453 1002 2768 1074 πλάσματός
2801 1020 2860 1059 τε
2904 1002 3000 1072 καὶ
3041 1004 3266 1071 ἀγγους,
3300 1004 3457 1058 τοῦτο
3485 1004 3718 1079 ὕστερον

2136 1095 2195 1150 ἐν
2236 1092 2577 1165 ὲλαττώματι
2618 1094 2840 1163 γεγονὸς
2888 1092 2979 1147 διὰ
3026 1096 3126 1165 τῆς
3155 1096 3462 1166 παρακοῆς,
3491 1096 3609 1155 καὶ.
3639 1096 3718 1161 ὡς

2137 1186 2331 1249 εἰπεῖν,
2364 1185 2444 1239 ἔτι
2474 1184 2649 1257 πηλοῦ
2683 1180 2855 1251 eme,
2889 1186 2984 1245 καὶ
3010 1186 3086 1251 ὠς
3111 1186 3215 1242 ὑπὸ
3240 1187 3451 1258 ραγὰδα
3472 1186 3716 1258 ἀπόρρυ-

2140 1293 2217 1346 μα
2237 1279 2258 1308 ⁸
2290 1275 2572 1345 γεγονότος
2623 1274 2717 1329 τοῦ
2765 1277 2986 1345 ἀγγους,
3026 1277 3099 1348 μὴ
3145 1278 3301 1331 ἐάσαι
3348 1276 3546 1342 οὕτως,
3579 1278 3717 1333 ἀλλὰ

2140 1366 2463 1438 μεταϐαλεῖν
2491 1368 2577 1431 είς
2600 1367 2660 1421 τὺ
2688 1368 2913 1439 ἀρχαῖον
2944 1368 3199 1442 φύραμαο
3232 1368 3318 1422 ἵνα
3350 1363 3508 1432 αὖθις
3554 1368 3613 1420 ὲν
3645 1368 3710 1438 τῇ

2139 1456 2901 1535 παλιγγενεσίᾳ“ἀνασκευάσῃ
2929 1458 2989 1513 τὺ
3019 1460 3188 1529 ἄγγος
3217 1462 3275 1514 ὲν
3302 1462 3387 1532 τῇ
3419 1459 3715 1513 ἀναστάσει

2104 1608 2109 1611 _
2138 1547 2218 1610 είς
2249 1546 2348 1618 τὴν
2378 1548 2610 1620 ἀρχαίαν
2653 1549 3002 1621 φαιδρότητα,
3035 1551 3131 1604 καὶ
3182 1550 3262 1603 ἔτι
3312 1550 3711 1621 περιττότερον·

2142 1639 2385 1694 τουτέστι
2412 1641 2481 1695 τά
2508 1641 2736 1713 σώματα
2773 1643 2881 1697 τῶν
2918 1643 2987 1698 τά
3029 1643 3339 1699 ἀδικώτατα
3366 1643 3713 1714 πραξάντων,

2141 1731 2235 1785 καὶ
2267 1734 2731 1805 μετανοησάντων,
2747 1736 2841 1788 καὶ
2862 1736 3214 1790 ἀποστάντων
3243 1734 3352 1788 τῶν
3380 1735 3526 1789 ἰδίων
3548 1735 3718 1805 σφαλ-

2143 1821 2347 1893 μάτων,
2384 1827 2478 1879 καὶ
2526 1826 2582 1879 ἐν
2623 1827 2689 1897 τῇ
2735 1825 2933 1895 γνώσει
2976 1824 3070 1880 τοῦ
3116 1826 3325 1899 Κυρίου
3356 1825 3513 1898 ἡμῶν
3538 1824 3714 1896 Ἰησοῦ

2139 1911 2374 1984 Χριστοῦ
2421 1914 2847 1999 τελειωθέντων·
2879 1916 2967 1971 ἵνα
2994 1916 3218 1988 γένηται
3258 1917 3351 1971 τοῦ
3393 1918 3715 1991 φυράματος

2141 2002 2176 2071 ἡ
2204 2000 2499 2067 ἀνάστασις
2526 2004 2592 2057 ἐκ
2619 2005 2718 2076 τῆς
2750 2005 2875 2076 γῆς,
2906 2007 2980 2070 ὡς
3005 2007 3232 2081 φύραμα
3264 2006 3539 2078 μαλαχθὲν
3565 2006 3715 2078 παρὰ

2141 2091 2234 2145 τοῦ
2259 2093 2524 2164 τεχνίτου,
2560 2096 2653 2149 καὶ
2685 2092 2841 2161 αὖθις
2865 2098 2944 2161 είς
2968 2098 3067 2175 τὴν
3095 2098 3348 2170 ἀρχαίαν,
3377 2099 3473 2153 καὶ
3499 2099 3582 2152 ἔτι
3607 2097 3718 2168 βελ-

2143 2185 2241 2238 τίω
2282 2184 2629 2243 ἀνατύπωσιν
2674 2187 3121 2259 κατασκευασθῇ.
3151 2186 3386 2259 Τοιαύτη
3435 2187 3535 2258 μὲν
3584 2182 3653 2257 ἦν
3677 2187 3715 2256 ἡ

2144 2276 2402 2351 ἐπιϐουλὴ
2435 2279 2530 2334 τοῦ
2563 2280 2739 2351 όφεως
2772 2282 2911 2353 πρὸς
2937 2280 3034 2353 τὴν
3063 2279 3228 2335 Εῦαν.

463 2365 703 2423 mollitur
783 2378 849 2420 ac
932 2365 1243 2435 subigitur;
1301 2380 1479 2437 eoque
1542 2364 1708 2420 modo
1762 2365 1819 2420 in
1891 2363 2175 2435 antiquam
2240 2373 2325 2429 vel
2397 2376 2564 2430 etiam
2631 2374 3067 2445 praestantiorem
3138 2373 3379 2445 speciem
3453 2368 3718 2426 reforme-

464 2487 575 2536 tur.
619 2478 779 2535 Tales
818 2478 1082 2535 adversus
1103 2477 1270 2534 Evam
1309 2477 1464 2535 fu‘ere
1495 2477 1767 2550 serpentis
1803 2474 2043 2534 insidite.

538 2637 605 2694 ll.
650 2638 863 2695 Etenim
901 2640 1016 2711 jam
1054 2651 1167 2699 tum
1212 2637 1281 2692 ab
1324 2635 1484 2691 initio
1530 2641 1728 2693 natura
1771 2631 2052 2689 hominum

466 2730 728 2785 novitatis
784 2731 978 2801 cupida
1002 2770 1019 2798 ,
1065 2730 1222 2786 vanis
1245 2726 1560 2797 dogmatum
1601 2723 1831 2779 somniis
1856 2720 2055 2785 ctrina-

468 2822 631 2878 uibus
684 2822 975 2892 promissis
1022 2823 1161 2877 solet
1218 2817 1413 2888 abripi.
1457 2815 1523 2869 Et
1545 2816 1760 2885 quidem
1783 2810 2052 2883 principio

2220 2629 2297 2681 B'.
2340 2625 2431 2691 Ἐξ
2456 2626 2634 2697 ἀρχῆς
2656 2626 2765 2697 γὰρ
2794 2624 3029 2696 λίχνοςή
3064 2620 3379 2694 ἀνθρωπεία
3407 2619 3591 2691 φύσις,
3623 2620 3722 2673 καὶ

2149 2716 2467 2788 ὑπαγομένη
2496 2717 2582 2770 ἀεὶ
2600 2719 2714 2780 τοῖς
2737 2717 2834 2787 τῆς
2870 2713 3201 2784 κενοφωνίας
3235 2713 3469 2784 δόγμασι
3504 2713 3600 2767 καὶ
3625 2728 3721 2765 κε-

2148 2810 2265 2870 ναῖς
2315 2806 2658 2876 ὑποσχέσεσι.
2702 2806 2814 2863 Καὶ
2867 2804 3033 2860 πάλαι
3065 2804 3165 2875 μὲν
3205 2802 3656 2875 κρυπταζόμενος
3691 2803 3723 2856 ό

470 2912 645 2969 latens
678 2914 768 2969 ille
813 2928 878 2968 ac
922 2913 1129 2969 sensim
1168 2910 1459 2980 obrepens,
1497 2906 1641 2961 ictus
1672 2901 1919 2960 venenati
1942 2900 2049 2957 exi-

2147 2899 2309 2962 αὐτὸς
2363 2899 2462 2955 οὐκ
2511 2897 2701 2968 ἐδήλου
2740 2897 2839 2968 τῆς
2887 2895 3053 2951 αὐτοῦ
3119 2895 3351 2959 ἰοεολίας
3393 2894 3458 2947 τὸ
3511 2893 3723 2965 πέραςο

468 3011 585 3059 tum
610 3003 1013 3060 dissimulabat.
1060 3001 1259 3057 Postea
1306 3012 1431 3053 cum
1482 2993 1733 3049 Salvator
1765 3002 2049 3063 assumpto

2149 2990 2374 3063 ὕστερον
2404 2989 2460 3043 δὴ
2505 2990 2645 3061 μετὰ
2691 2987 2790 3061 τὴν
2825 2988 3087 3061 ἔνσαρκον
3132 2985 3371 3058 Χριστοῦ
3418 2984 3724 3056 παρουσίαν

469 3108 700 3166 corpore
728 3094 989 3160 venisset,
1016 3093 1165 3148 virus
1190 3105 1365 3147 omne.
1397 3101 1556 3144 suum
1603 3099 1667 3141 ac
1704 3084 1899 3166 nefarii
1929 3097 2041 3139 sce-

2147 3080 2240 3153 ὲξή
2251 3081 2383 3152 μεσέ
2407 3096 2467 3134 τε
2507 3081 2598 3145 καὶ
2634 3079 2914 3139 ἀπέπτυσε
2942 3078 3039 3151 τὴν
3068 3079 3246 3133 πᾶσαν
3267 3075 3434 3137 αὑτοῦ
3475 3076 3603 3148 ίὼδη
3628 3076 3724 3130 καὶ

470 3162 601 3242 leris
625 3186 1029 3257 improbitatem
1053 3198 1303 3240 evomere
1320 3195 1385 3235 ac
1413 3180 1682 3249 despuere
1704 3162 1889 3247 cmpit.
1908 3174 2049 3228 Nam

472 3279 826 3349 semetipsum
859 3275 1162 3332 infelicium
1195 3275 1412 3329 illorum
1444 3271 1720 3325 mentibus
1749 3267 1843 3322 Dei
1875 3268 2050 3321 instar

473 3368 785 3423 habendum
841 3366 1338 3434 celebrandumque
1387 3360 1694 3432 proposuit.
1748 3356 1855 3413 Sed
1902 3357 2045 3412 idem

475 3472 724 3527 serpens,
771 3457 867 3527 qui
917 3471 1015 3526 per
1062 3455 1316 3507 alumnos
1355 3449 1661 3520 disciplinae
1692 3461 1805 3502 suae
1842 3455 2047 3516 postea,

474 3549 603 3602 olim
659 3563 754 3617 per
800 3546 1187 3616 aspectabilem
1238 3542 1389 3597 illum
1433 3549 1765 3611 serpentem,
1800 3538 2051 3593 homines

476 3638 864 3703 circumvenit;
911 3624 1190 3690 diabolum
1234 3634 1383 3689 enim
1430 3620 1712 3703 Scriptura
1747 3641 2050 3701 serpentem

475 3729 756 3795 nominat;
791 3742 899 3782 non
928 3726 1071 3797 quod
1103 3740 1164 3789 ea
1191 3726 1264 3779 sit
1287 3725 1408 3793 ejus
1439 3725 1610 3794 llgura
1629 3764 1644 3790 ,
1685 3723 1781 3779 sed
1811 3722 1955 3794 quod
1984 3736 2050 3776 ex

392 3819 407 3835 ⁸
476 3821 733 3877 omnibus
780 3818 972 3875 bestiis
1023 3817 1094 3873 sit
1147 3816 1240 3872 ille
1291 3816 1752 3883 tortuosissimus,
1797 3814 2053 3885 quodque

475 3913 707 3985 primam
748 3909 992 3967 omnium
1031 3906 1276 3963 fraudem
1314 3907 1421 3963 sub
1460 3907 1729 3978 serpentis
1769 3906 2053 3963 involucro

477 4006 700 4062 molitus
733 4002 916 4059 fuerit.
953 4000 1318 4068 Quamobrem
1349 4000 1493 4070 apud
1523 4013 1641 4065 eos,
1669 3999 1763 4070 qui
1803 3998 2053 4054 veritatis

476 4097 626 4154 haud
659 4095 837 4169 ignari
869 4102 1021 4158 sunt,
1060 4091 1355 4148 ridiculum
1391 4100 1476 4148 est
1508 4091 1657 4147 illius
1688 4090 1905 4162 dogma,
1938 4102 2051 4145 non

479 4188 665 4243 minus
722 4200 885 4256 quam
941 4182 1037 4255 qui
1094 4181 1273 4238 eidem
1338 4180 1749 4251 acquiescentes
1808 4180 2053 4236 numinis

480 4269 657 4333 instar
681 4282 989 4345 serpentem
1019 4272 1225 4329 colunt.
1261 4270 1522 4327 Diabolus
1550 4270 1782 4342 quippe,
1813 4284 1937 4326 cum
1968 4270 2053 4325 vi-

2151 3171 2431 3246 μοχθηρὰν
2476 3172 2718 3226 ὶπίνοιαν
2758 3172 2862 3243 τῆς
2888 3170 3196 3235 κακονοίας.
3229 3164 3399 3234 οὗτος
3444 3169 3554 3242 γὰρ
3586 3184 3725 3239 προ-

2148 3265 2374 3320 εϐάλετο
2397 3264 2589 3327 ἑαυτὸν
2616 3267 2673 3318 ὲν
2701 3267 2767 3335 τῇ
2798 3263 2907 3318 τῶν
2928 3263 3296 3336 ἠπατημένων
3328 3260 3542 3332 διανοίᾳ
3576 3260 3725 3326 δοξαν

2150 3355 2337 3438 ζεσίὶαι
2378 3355 2454 3419 ὡς
2501 3354 2634 3419 θεὸς
2661 3356 2757 3408 καὶ
2799 3355 3142 3426 προνοεῖσθαι
3172 3355 3207 3408 ⁸.
3247 3352 3577 3409 Γινώσκεται
3610 3352 3666 3405 δὲ
3695 3353 3725 3405 6

2148 3448 2311 3511 αὐτὸς
2338 3448 2458 3519 ὄφις
2521 3448 2610 3503 διά
2657 3466 2719 3503 τε
2760 3450 2859 3521 τῆς
2903 3447 3071 3502 αὑτοῦ
3108 3446 3305 3518 σχολῆς
3359 3444 3584 3517 ταύτης,
3629 3444 3726 3507 καὶ

2149 3540 2218 3593 δι’
2246 3539 2422 3608 ὄφεως
2453 3538 2549 3600 τοῦ
2572 3539 2828 3611 αἰσθητοῦ
2874 3540 2973 3610 τὴν
3012 3538 3226 3607 ἀπάτην
3264 3535 3533 3608 ἐμποιῶν.
3566 3535 3727 3604 Ὄφιν

2149 3630 2207 3684 δὲ
2239 3631 2401 3702 δῆθεν
2431 3633 2467 3702 ἢ
2490 3630 2610 3685 θεία
2652 3631 2841 3703 Γραφὴ
2869 3631 3026 3691 καλεῖ
3059 3631 3152 3685 τὸν
3183 3628 3451 3696 διάϐολον,
3492 3628 3556 3681 οὐ
3590 3626 3727 3680 πάνυ

2150 3742 2257 3789 τως
2303 3723 2434 3777 ὄντα
2461 3722 2698 3783 τοιοῦτον
2735 3725 2800 3794 τῇ
2847 3724 3049 3793 μορφῇ,
3099 3720 3239 3775 ἀλλά
3280 3721 3368 3774 8ιά
3416 3721 3513 3774 τὸν
3541 3720 3728 3791 φαινὸ-

2154 3832 2313 3888 μενον
2333 3818 2445 3880 τοῖς
2470 3812 2776 3887 ἀνθρώποις
2803 3812 3178 3878 σκολιώτατον,
3204 3812 3300 3866 καὶ
3325 3812 3387 3865 τὸ
3407 3814 3466 3871 ὲν
3490 3811 3730 3886 πρώτοις

2151 3909 2211 3962 ὲν
2229 3908 2350 3979 ὕφει
2374 3907 2666 3982 ἐνεργηθὲν
2693 3909 2792 3978 τῆς
2814 3906 3030 3979 ἀπάτης
3052 3904 3401 3977 σκευώρημα.
3429 3905 3591 3978 Παρὰ
3616 3908 3731 3970 τοῖς

2149 4001 2328 4059 τοίνυν
2370 4000 2471 4072 τὴν
2528 3999 2786 4071 ἀλήθειαν
2840 3998 3259 4067 ἐπιγινώσκωσι
3321 3997 3729 4068 καταγέλαστον

2151 4090 2342 4146 τούτου
2386 4092 2449 4145 τὸ
2475 4090 2673 4162 δόγμα,
2716 4091 2811 4145 καὶ
2855 4091 2905 4144 oi
2948 4090 3099 4162 αὐτῷ
3138 4089 3589 4163 προσανέχοντες,
3633 4090 3731 4143 τὸν

2151 4181 2275 4253 ὅφιν
2310 4183 2384 4247 ὡς
2422 4181 2555 4236 Θεὸν
2595 4180 2930 4247 δοξάζοντες.
2964 4181 3179 4254 Μηκέτι
3225 4182 3333 4253 γὰρ
3370 4182 3668 4252 δυνάμενος
3696 4183 3729 4233 ὁ

2151 4273 2397 4336 διάϐολος
2420 4273 2520 4344 τὴν
2559 4273 2812 4346 ἀνδρείαν
2844 4273 3083 4347 διάνοιαν
3115 4272 3217 4344 τὴν
3238 4272 3347 4332 ἀπὸ
3382 4272 3479 4326 τοῦ
3519 4271 3727 4345 Κυρίου

477 4366 635 4420 rilem
662 4365 901 4418 animum
928 4362 1178 4418 veritatis
1202 4377 1232 4416 a
1263 4360 1373 4417 Deo
1392 4361 1704 4437 cognitione
1733 4361 2049 4416 roboratum

2152 4365 2423 4421 λαϐοῦσαν
2454 4362 2553 4436 τὴν
2578 4363 2804 4435 δύναμιν
2844 4366 2945 4438 τῆς
2971 4363 3227 4435 ἀληθείας
3256 4365 3494 4435 ἀπατᾷν,
3526 4363 3729 4435 1911:;—

479 4456 730 4526 deciperc
772 4469 879 4510 non
926 4462 1133 4523 posset,
1180 4452 1250 4509 ad
1290 4454 1574 4519 mulierem
1615 4468 1737 4510 sese
1767 4454 2055 4517 convertit,

479 4545 763 4602 hominum
803 4545 1050 4600 videlicet
1092 4544 1491 4615 ignorantiam;
1529 4552 1584 4599 et
1615 4545 1873 4614 quoniam
1906 4542 2061 4598 forti-

482 4637 587 4694 bus
617 4636 850 4711 ingeniis
878 4636 1070 4711 nequit
1099 4634 1351 4701 illudere,
1382 4650 1478 4699 eos
1505 4635 1707 4709 quibus
1741 4636 2059 4707 ignorantiae

483 4727 704 4783 caecitas
736 4725 969 4781 obducta
997 4733 1105 4797 est,
1141 4724 1211 4781 ad
1239 4740 1359 4782 sese
1391 4733 1624 4780 conatur
1650 4726 1890 4784 allicere.
1922 4726 2057 4782 Nam

483 4816 848 4873 muliebribus
896 4823 1160 4895 perpetuo
1211 4815 1635 4888 cogitationibus
1688 4816 2054 4883 adhaerescit,

484 4906 751 4978 voluptati
778 4906 1038 4966 nimirum
1062 4913 1117 4962 et
1144 4905 1467 4978 cupiditati,
1496 4905 1601 4960 hoc
1631 4912 1715 4962 est
1739 4905 2059 4965 effeminata:

484 4998 545 5057 in
574 4998 884 5063 hominibus
918 4998 1272 5070 ignorantia;
1306 4997 1461 5054 firma
1494 5012 1625 5052 vero
1655 5012 1719 5055 ac
1749 5002 2061 5063 constantia

484 5092 702 5165 ingenia
744 5090 1099 5158 reformidat,
1130 5105 1253 5161 quae
1282 5103 1463 5149 rerum
1495 5088 1738 5165 omnium
1771 5099 2060 5148 εοιιεεηιει-

484 5162 644 5247 neam
692 5196 758 5241 ac
796 5196 1100 5253 congruam
1143 5180 1392 5237 notitiam
1437 5162 1758 5253 informant,
1790 5195 1855 5243 ac
1886 5180 2058 5241 Deum

488 5272 666 5341 ipsum
714 5284 783 5325 ex
829 5281 1041 5326 natura:
1067 5270 1184 5339 lege
1225 5268 1567 5325 discernunt.
1602 5268 1883 5327 Christum
1912 5271 2057 5329 enim

488 5376 548 5418 se
579 5361 793 5419 illorum
814 5375 938 5417 esse
961 5374 1188 5430 serpens
1210 5358 1503 5429 praedicat;
1529 5361 1697 5437 310
1723 5361 1805 5419 vel
1835 5361 2059 5419 minime

489 5452 606 5523 ipse
625 5450 869 5523 quidem,
901 5465 1077 5521 neque
1108 5450 1256 5509 enim
1290 5450 1437 5537 loqui
1472 5436 1688 5524 potest;
1722 5452 1816 5509 sed
1848 5453 1940 5524 qui
1976 5461 2055 5509 ta.

561 5607 579 5642 ³
607 5575 743 5663 den.
775 5619 857 5676 ut,
884 5603 971 5660 19.
1047 5606 1083 5675 ¹,
1106 5601 1167 5660 F.
1195 5603 1286 5656 καὶ
1311 5603 1472 5674 ἀπορ.
1549 5605 1569 5637 ³
1589 5603 1653 5661 F.
1692 5604 2123 5676 προσκυνεῖσθαι.

2151 4473 2240 4512 ται
2269 4455 2361 4509 ἐπὶ
2376 4455 2436 4508 τὸ
2463 4453 2618 4526 θῆλυ,
2637 4455 2883 4509 τουτέστι
2911 4454 3007 4527 τὴν
3035 4454 3142 4508 τῶν
3161 4454 3463 4527 ἀνθρώπων
3482 4456 3728 4525 ἄγνοιαν,

2153 4548 2248 4603 καὶ
2279 4545 2456 4600 πείθει
2489 4546 2616 4611 τοὺς
2650 4546 2709 4601 ιν
2735 4549 2803 4619 τῇ
2827 4546 3042 4619 ἀγνοίᾳ,
3079 4546 3266 4618 turdi)
3293 4547 3356 4600 οὐ
3388 4547 3733 4607 advocat-aeu

2155 4637 2372 4711 στερεὸν
2414 4602 2670 4709 λογισμὸν
2701 4602 3007 4709 dit-getiam:
3028 4602 3299 4709 θηλυκοῖς
3335 4637 3445 4710 γὰρ
3478 4602 3577 4693 (ἀεὶ
3610 4638 3729 4703 διαο

2153 4730 2389 4801 νοήμασι
2415 4727 2800 4800 προσπελάζει,
2828 4728 2988 4801 ἡδονῇ
3025 4745 3085 4791 τε
3113 4730 3206 4790 καὶ
3244 4728 3538 4801 ἐπιθυμίᾳ,
3571 4745 3732 4784 τουτ-

2159 4818 2275 4872 έστι
2300 4819 2455 4890 ea,“
2496 4818 2803 4890 ἀνθρώποις
2842 4818 3204 4891 Θηλυνομένῃ,
3233 4820 3329 4873 καὶ
3351 4820 3476 4892 οὐχὶ
3506 4820 3588 4892 τῷ
3612 4838 3735 4875 στε-

2161 4904 2558 4982 ρεῷλογισμῷ,
2578 4910 2657 4981 τῷ
2674 4910 2910 4979 εὐλόγως
2934 4909 3006 4965 τὰ
3029 4910 3208 4969 πάντα
3238 4910 3473 4981 νοοῦντι,
3482 4912 3582 4968 καὶ
3597 4912 3732 4967 Θεὸν

2157 4997 2264 5051 ἀπὸ
2290 4996 2384 5053 τοῦ
2413 4998 2553 5052 κατά
2585 4998 2745 5070 φύσιν
2773 5000 2941 5070 νόμου
2956 4997 3400 5070 ἐπιγινώσκοντι.
3427 4999 3597 5070 Λέγει
3622 5001 3733 5074 γὰρ

2159 5086 2353 5153 ἑαυτὸν
2379 5082 2519 5144 εἶναι
2551 5089 2789 5160 Χριστὸν
2818 5091 2847 5142 ό
2872 5090 3003 5159 παρ’
3018 5089 3204 5155 αὐτοῖς
3242 5088 3365 5159 ὄφις
3388 5104 3402 5117 ’
3441 5089 3645 5159 μᾶλλον
3670 5089 3732 5143 δὲ

2157 5179 2257 5240 οὐκ
2278 5177 2441 5242 αὐτὸς
2513 5180 2594 5251 (οὗ
2622 5179 2736 5253 γὰρ
2763 5179 2985 5235 δύναται
3022 5178 3607 5251 φθέγξασθαι),ἀλλάό
3634 5179 3731 5251 τὴν

2158 5270 2337 5327 αὐτῶν
2369 5270 2576 5327 ἔννοιαν
2599 5259 2743 5327 οὕτω
2766 5273 2988 5344 φρονεῖν
3013 5272 3731 5342 παρασκευάσαςδιωολος.

2159 5362 2253 5429 Τίς
2273 5363 2469 5431 τοίνυν,
2488 5362 2610 5419 ἰδὼν
2631 5363 2723 5416 τὸν
2744 5362 2885 5433 ὅφιν,
2908 5363 3008 5417 οὐκ
3029 5362 3394 5432 ἐπιγνώσεται
3409 5363 3503 5419 τὸν
3519 5362 3733 5435 ἐχθρὸν,

2160 5455 2252 5510 καὶ
2277 5454 2528 5526 φεύξεται
2548 5472 2563 5523 ;
2587 5453 2789 5507 Τούτου
2818 5452 2926 5525 γὰρ
2947 5453 3132 5513 ἕνεκεν
3157 5453 3251 5508 καὶ
3281 5456 3313 5509 ό
3573 5453 3735 5510 αὐτὶν
