3932 6064
483 216 585 275 647

1898 213 1969 270 S.’
1997 208 2347 270 EPIPIIANII

3620 208 3771 271 »648

483 350 607 401 qua:
638 341 691 387 et
723 329 999 387 Prunicus
1048 328 1376 401 appellatur,
1431 310 1700 384 adversus
1746 325 2065 385 Jaldabaoth

2178 324 2373 398 ϐουλὴν
2400 324 2457 379 δὲ
2488 324 2580 379 τοῦ
2620 322 2945 378 ’Ῑαλδαϐαὼθ
2979 322 3145 395 ήᾶνω
3178 322 3360 396 μήτηρ
3386 323 3422 394 ἡ
3452 319 3764 400 καλουμένη

486 427 595 482 tale
635 424 767 496 quid
812 438 935 479 esse
985 421 1376 484 machinatam,
1406 426 1463 473 ut
1496 420 1546 475 ei
1580 420 1688 475 vim
1722 420 1870 474 illam
1904 436 2067 491 quam

485 516 660 573 cidem
684 514 1043 586 impertierat,
1084 510 1366 567 auferret:
1406 509 1641 581 ideoque
1670 511 1723 565 in
1757 510 2066 576 Hominem,

485 624 647 680 quem
691 608 840 663 illius
895 604 1052 661 liberi
1102 604 1396 671 tinxerant,
1435 604 1545 658 vim
1577 603 1751 674 ipsius
1786 601 2068 660 transfun-

485 702 634 764 dere,
681 713 747 753 ac
786 697 1081 756 scintillam
1112 696 1432 767 quamdam,
1460 695 1567 751 hoc
1600 704 1685 753 est
1717 695 1956 750 animam
1986 695 2070 749 in-

485 794 711 850 fundere
756 791 1022 848 voluisse.
1075 788 1264 853 Tunc,
1316 788 1606 860 inquiunt,
1664 787 1895 859 pedibus
1953 789 2069 843 suis

483 883 658 941 Homo
692 883 961 946 constitit,
1006 889 1171 950 atque
1212 886 1340 934 octo
1377 878 1633 934 caelestes
1667 877 1829 933 orbes
1862 877 2070 948 cogita-

483 978 634 1035 tione
662 972 1086 1037 transcendens,
1130 968 1346 1026 Patrem
1388 971 1539 1025 illum
1584 968 1942 1024 Jaldabaothe
1977 985 2069 1025 su-

481 1071 755 1145 periorem
804 1067 1048 1136 agnovit,
1093 1079 1159 1120 ac
1203 1063 1459 1120 laudibus
1509 1062 1723 1118 extulit.
1768 1063 1838 1115 At
1882 1059 2068 1115 Jalda-

482 1165 649 1222 baotb
695 1176 839 1233 aegre
891 1160 1074 1216 ferens
1117 1172 1182 1213 ea
1228 1173 1350 1228 quae
1398 1171 1563 1227 supra
1600 1171 1659 1211 se
1697 1162 1853 1210 erant
1883 1154 2071 1224 cujus-

483 1269 650 1326 quam
680 1253 749 1307 ad
778 1251 1027 1306 notitiam
1073 1245 1411 1319 pervenisse,
1460 1244 1725 1299 stomachi
1767 1244 1962 1314 plenus
2002 1242 2068 1297 ad

482 1346 726 1402 materiae
770 1344 957 1398 famem
1006 1339 1225 1397 demisit
1255 1338 1465 1404 oculos,
1497 1346 1554 1393 et
1587 1336 1840 1391 virtutem
1879 1349 2071 1405 quam-

481 1440 605 1495 dam
639 1439 911 1507 serpentis
949 1434 1130 1505 specie
1159 1432 1369 1503 genuit,
1404 1445 1568 1501 quem
1608 1429 1730 1498 ejus
1767 1428 1937 1482 ﬁlium
1971 1441 2070 1480 vo-

481 1538 634 1595 cant;
688 1528 941 1596 idemque
995 1527 1077 1580 sic
1119 1524 1404 1579 immissus
1454 1521 1623 1575 Evam
1668 1519 1879 1575 fefellit.
1932 1518 2070 1574 Huic

479 1616 626 1672 enim
668 1616 990 1671 auscultans
1034 1613 1126 1667 illa
1174 1621 1439 1681 tanquam
1486 1609 1584 1664 Dei
1628 1609 1760 1675 ﬁlio,
1805 1610 1964 1666 facile
2010 1616 2071 1664 ut

479 1707 548 1764 de
577 1708 772 1764 arbore
794 1705 1041 1762 scientiae
1063 1714 1381 1760 vesceretur
1406 1703 1463 1757 in
1494 1703 1735 1769 animum
1762 1702 1996 1757 induxit.

555 1883 621 1940 ν.
648 1883 853 1941 Deinde
881 1892 1173 1954 postquam
1201 1880 1371 1939 aniles
1400 1882 1535 1936 istas
1557 1896 1731 1952 nugas
1752 1894 1815 1935 ac
1843 1878 2074 1934 ridicule

482 1980 763 2037 aﬁectatas
792 1976 1006 2032 fabulas
1036 1976 1139 2029 hoc
1169 1973 1333 2029 modo
1356 1980 1776 2044 proposuerunt,
1803 1972 2072 2041 tragicum

482 2071 773 2144 quemdam
811 2065 1125 2126 istiusmodi
1158 2075 1367 2132 actum,
1407 2064 1526 2120 sive
1563 2063 1838 2119 comicum
1886 2064 2073 2134 potius

480 2163 835 2218 instituemes
854 2200 869 2223 ,
905 2156 1170 2213 nonnulla
1212 2155 1279 2210 ad
1309 2156 1467 2210 ﬁctos
1499 2154 1624 2210 illos
1652 2154 1786 2211 deos
1814 2169 2072 2224 compro-

477 2250 692 2307 bandos
715 2251 769 2305 in
804 2248 1045 2305 medium
1087 2246 1340 2303 aﬁ'erunt.
1364 2245 1579 2314 Nonne,
1604 2248 1880 2318 inquiunt,
1899 2255 1955 2302 et
1987 2247 2073 2302 in-

476 2344 681 2402 testina
714 2350 925 2409 nostra,
956 2341 1160 2414 quibus
1188 2342 1423 2398 vivimus
1452 2351 1507 2397 et
1543 2341 1763 2409 alimur,
1796 2338 2072 2412 serpentis

476 2434 708 2507 eﬁigiem
739 2420 1025 2492 referunt?
1056 2435 1280 2490 Addunt
1310 2444 1365 2490 et
1405 2434 1510 2489 alia
1540 2434 1820 2505 pleraque,
1853 2450 1975 2506 qua:
2003 2433 2072 2489 ad

477 2544 728 2585 errorum
780 2544 846 2584 ac
893 2528 1213 2584 deliriorum
1267 2541 1494 2583 suorum
1546 2526 1853 2583 faciendam
1906 2528 2069 2584 ﬁdem

479 2621 850 2677 sectatoribus
906 2620 1022 2677 suis
1077 2619 1365 2690 objiciunt.
1417 2617 1711 2688 Propterea
1761 2621 1931 2691 enim,
1987 2622 2072 2677 in-

479 2713 712 2783 quiunt,
745 2720 1054 2785 serpentcm
1088 2711 1359 2777 colimus,
1393 2714 1541 2783 quod
1575 2713 1719 2771 Deus
1750 2714 1857 2769 iste
1887 2713 2072 2768 multi-

479 2806 657 2861 tudini
709 2806 993 2862 hominum
1032 2805 1278 2862 scientiae
1306 2821 1371 2860 ac
1400 2790 1699 2877 cognitioni
1730 2821 1955 2863 causam
1984 2815 2069 2861 at-

479 2900 625 2955 tulit.
678 2897 1005 2953 Jaldabaoth
1036 2913 1308 2968 supremae
1342 2897 1533 2955 Matris
1563 2913 1629 2954 ac
1663 2898 1917 2955 Parentis
1950 2915 2069 2955 me-

480 2992 715 3047 moriam
767 2991 934 3062 272
990 2990 1319 3049 exstinctam
1352 2990 1495 3047 inter
1527 2991 1782 3048 homines
1816 3007 1937 3049 esse
1967 3007 2067 3048 cu-

479 3084 684 3156 piebat.
720 3081 827 3139 Sed
857 3085 925 3140 iis
956 3084 1234 3155 persuasit
1265 3100 1513 3156 serpens,
1548 3100 1612 3140 ac
1640 3084 1926 3141 scientiam
1968 3084 2071 3138 im-
2098 3062 2140 3120 δ

479 3177 738 3247 portavit,
793 3182 1075 3246 totamque
1115 3177 1252 3232 adeo
1308 3177 1624 3233 divinorum
1680 3176 2070 3246 mysteriorum

478 3268 847 3340 cognitionem
877 3283 1002 3323 cum
1027 3268 1148 3322 viro
1172 3282 1236 3321 ac
1261 3268 1488 3337 muliere
1508 3266 1953 3322 communicavit.
1989 3263 2072 3319 Ob

478 3360 534 3417 id
578 3362 752 3418 iratus
784 3360 948 3417 Pater
979 3358 1329 3426 Jaldabaotb,
1373 3375 1438 3414 ac
1484 3360 1786 3414 derivatam
1840 3359 1898 3414 in
1948 3358 2072 3413 illos

476 3452 749 3524 ejusmodi
800 3453 1091 3509 scientiam
1144 3452 1337 3523 iniquo
1392 3451 1574 3505 animo
1624 3450 1827 3514 ferens,
1860 3464 1891 3506 e
1929 3450 2071 3505 caelo

479 3537 631 3598 illum
662 3542 938 3598 deturbat.
972 3543 1105 3599 Inde
1159 3558 1343 3615 regem
1392 3558 1423 3599 e
1469 3543 1609 3598 cmlo
1640 3542 1922 3612 delapSum
1952 3557 2069 3597 scr-

479 3642 696 3707 pentem
741 3649 867 3690 esse
913 3634 1169 3689 dictitant
1206 3634 1266 3700 ii,
1298 3633 1392 3705 qui
1419 3648 1527 3689 non
1567 3633 1795 3690 alterius
1816 3648 1875 3689 se
1901 3648 2066 3704 quam

478 3729 752 3799 serpentis
784 3728 1034 3799 partibus
1064 3725 1411 3783 addixerunt.
1471 3725 1645 3797 Igitur
1673 3734 1896 3799 propter
1925 3727 2068 3783 hanc

477 3822 547 3878 ab
578 3822 671 3877 illo
706 3835 1031 3877 concessam
1063 3819 1349 3876 scientiam
1386 3823 1633 3877 venerari
1657 3835 1717 3876 se
1751 3827 2065 3892 serpentem

477 3912 735 3979 fatentur,
780 3914 943 3984 eique
983 3926 1183 3983 panem
1230 3911 1457 3982 insuper
1506 3912 1817 3981 objiciunt:
1861 3910 2065 3968 Verum

474 4007 677 4078 quippe
712 4010 1022 4076 serpentem
1062 4002 1120 4058 in
1156 4002 1297 4059 cista
1319 4003 1613 4070 rmtriunt;
1658 4017 1823 4073 quem
1856 4010 2064 4074 myste-

473 4097 680 4152 riorum
715 4102 962 4166 tempore
988 4093 1206 4165 stipatis
1239 4092 1308 4147 ad
1329 4092 1452 4164 ejus
1477 4107 1772 4149 cavernam
1794 4094 1850 4148 in
1874 4109 2064 4151 mensa

474 4187 712 4258 panibus
738 4186 990 4242 invitant.
1044 4186 1202 4257 Isque
1240 4193 1432 4255 aperto
1481 4184 1752 4242 foramine
1777 4201 1809 4240 e
1839 4185 2064 4242 latebris

473 4276 733 4345 erumpit.
784 4274 961 4345 Atque
989 4275 1084 4330 ubi
1113 4289 1214 4345 pro
1243 4289 1343 4330 sua
1373 4273 1672 4331 calliditate
1702 4275 2061 4332 stoliditatem

475 4366 694 4422 illorum
722 4367 964 4437 agnovit.
1008 4382 1254 4424 mensam
1281 4369 1682 4437 conscendens,
1719 4369 1929 4425 circum
1958 4384 2060 4441 pa-

473 4472 572 4515 nes
610 4457 944 4529 implicatur.
996 4458 1149 4515 Haec
1200 4461 1674 4519 absolutissimum
1718 4479 1843 4520 esse
1881 4463 2059 4519 sacri-

457 4550 658 4605 .ﬁcium
705 4559 953 4606 censent.
1007 4548 1165 4607 Unde
1207 4560 1266 4606 ut
1303 4567 1336 4607 a
1382 4554 1619 4624 quodam
1675 4556 1885 4627 accepi,
1944 4571 2056 4612 non

472 4642 636 4697 modo
655 4656 824 4711 panes
844 4641 1004 4707 istos,
1022 4641 1221 4712 quibus
1242 4643 1677 4703 circumvolutus
1695 4654 1782 4703 est
1807 4663 2055 4720 serpens,

474 4730 734 4803 frangunt
774 4747 840 4787 ac
861 4732 1231 4802 distribuunt;
1264 4736 1361 4793 sed
1384 4737 1550 4793 etiam
1576 4738 1807 4809 quilibet
1835 4739 2056 4797 admoto

471 4839 567 4881 ore
588 4833 896 4897 serpentem
921 4826 1290 4893 exosculatur,
1317 4831 1433 4886 sive
1454 4831 1802 4888 cantionibus
1823 4834 2056 4907 quibus-

468 4918 593 4975 dam
639 4920 709 4976 ad
739 4922 1220 4979 mansuetudinem
1260 4924 1435 4981 bestia
1477 4924 1743 4991 mollitur,
1785 4927 1900 4983 sive
1943 4928 2053 4983 alio

378 5052 387 5061 .
468 5011 730 5070 daemonis
763 5016 999 5073 artiﬁcio
1032 5016 1270 5073 innocua
1318 5016 1591 5083 redditur.
1647 5017 1802 5075 Hanc
1829 5020 2052 5091 quidem

442 5104 700 5170 .adorant
723 5109 935 5176 miseri,
968 5118 1023 5167 et
1049 5110 1451 5169 Eucharistiam
1479 5122 1701 5179 vocant,
1728 5130 1852 5171 cum
1878 5131 2050 5187 appo-
2100 5154 2107 5161 η

470 5195 606 5254 sitos
641 5215 812 5270 panes
840 5204 1108 5261 tortuosis
1149 5204 1403 5270 ﬂexibus.
1445 5222 1509 5262 ac
1537 5208 2048 5266 circumvolutioni-

470 5288 574 5348 bus
605 5294 877 5350 ambierit.
908 5296 987 5351 Ac
1020 5298 1239 5354 demum
1289 5317 1606 5372 supremum
1638 5303 1924 5360 Parentem
1950 5320 2048 5376 per

541 5472 558 5503 ⁸
582 5470 646 5528 F.
677 5471 1060 5547 διανοουμένη.
1139 5477 1159 5507 ¹
1187 5475 1307 5534 Vet.
1341 5478 1619 5536 ὑπόθεσιν.

2177 416 2827 491 Προύνεικος,βουλομένη
2840 416 3074 471 κενῶσαι
3092 417 3183 469 τδν
3199 415 3528 471 Ἰαλδαϐαὼθ
3542 419 3652 473 ἀπὸ
3668 420 3763 491 τῆς

2176 507 2347 577 αὑτῆς
2375 507 2655 579 μετέσχεν,
2682 508 2984 577 ἐνήργησεν
3000 506 3056 558 ἐν
3078 504 3227 573 αὑτῷ
3244 507 3322 568 εἰς
3339 505 3429 559 τὸν
3447 505 3765 579 ’Ἄνθρωπον

2175 602 2267 655 τὸν
2287 601 2393 654 ἀπὸ
2421 600 2529 653 τῶν
2555 599 2760 653 τέκνων
2784 596 2950 652 αὑτοῦ
2989 597 3373 668 πεπλασμένον
3402 598 3644 652 κενῶσαι
3669 600 3763 673 τὴν

2177 694 2342 747 αὑτοῦ
2374 694 2622 764 δύναμιν,
2668 693 2762 746 καὶ
2808 689 3128 745 ἀποστεῖλαι
3157 691 3252 743 ἀπ’
3282 690 3448 744 αὑτοῦ
3496 691 3761 763 σπινθῆρα

2177 786 2272 840 ἐπὶ
2315 785 2406 839 τὸν
2436 785 2745 857 ἄνθρωπον,
2788 784 2887 856 τὴν
2925 783 3105 854 ψυχὴν
3138 782 3300 853 δῆθεν
3326 782 3696 854 διανοούμενοι
3718 787 3756 839 ⁸.

2176 879 2289 934 Καὶ
2317 878 2463 942 τότε,
2490 878 2678 949 φησὶν,
2713 875 2842 946 ἔστη
2875 877 2904 929 6
2943 875 3231 947 ἄνθρωπος
3270 875 3366 929 ἐπὶ
3404 876 3534 939 τοὺς
3576 876 3757 941 πόδας,

2177 972 2275 1026 καὶ
2313 969 2662 1043 ὑπερϐέϐηκε
2683 972 2749 1040 τῇ
2778 967 2984 1040 διανοίᾳ
3020 967 3149 1031 τοὺς
3177 966 3328 1021 ὀκτὼ
3356 969 3647 1039 οὐρανοὺς,
3672 972 3761 1025 καὶ

2176 1063 2410 1132 ἐπέγνω,
2438 1062 2533 1116 καὶ
2578 1062 2738 1133 ᾔνεσε
2772 1060 2863 1113 τὸν
2903 1061 3015 1115 ἄνω
3053 1059 3274 1131 Πατέρα
3323 1060 3415 1114 τὸν
3445 1062 3633 1116 ἐπάνω
3671 1063 3761 1118 τοῦ

2191 1153 2539 1210 Ἰαλδαϐαώθ.
2564 1153 2676 1207 Ka‘t
2697 1153 2817 1206 τότε
2844 1153 2873 1204 6
2905 1150 3255 1217 Ἰαλδαϐαὼθ,
3275 1152 3423 1223 πόνῳ
3443 1155 3759 1225 φερόμενος,

2175 1246 2264 1301 διὰ
2304 1246 2366 1298 τὸ
2408 1243 2815 1314 ἐπιγνωσθῆναι
2843 1244 2912 1297 τὰ
2960 1242 3211 1298 ἀνώτατα
3261 1245 3448 1308 αὑτοῦ,
3500 1246 3758 1318 ἑπέϐλεῷε

2177 1339 2328 1393 κάτω
2356 1340 2416 1391 ὲν
2448 1332 2641 1409 πικρίᾳ
2675 1335 2813 1408 πρὸς
2844 1334 2943 1407 τὴν
2969 1335 3327 1407 ὑποστάθμην
3352 1338 3453 1408 τῆς
3488 1337 3640 1408 ὕλης,
3673 1341 3763 1393 καὶ

2176 1429 2472 1501 γεγέννηκε
2500 1428 2728 1499 δύναμιν
2749 1427 3083 1499 ὀφιόμορφον
3112 1427 3286 1481 εἰδέαν
3309 1427 3560 1499 ἔχουσαν⁴
3595 1431 3655 1483 ὃν
3675 1433 3761 1485 καὶ

2177 1518 2292 1571 υἱὸν
2312 1515 2477 1571 αὑτοῦ
2495 1515 2721 1571 καλοῦσι
2739 1534 2753 1546 ο
2770 1515 2863 1569 καὶ
2892 1515 3063 1580 οὕτως
3085 1511 3260 1583 οὗτος,
3282 1520 3468 1589 φησιν,
3485 1520 3760 1593 ἀπεστάλη

2176 1609 2271 1663 καὶ
2310 1608 2562 1681 ήπάτησε
2613 1608 2712 1681 τὴν
2753 1609 2918 1665 Εὕαν.
2955 1610 3023 1664 Ἦ
3061 1610 3119 1664 δὲ
3163 1611 3399 1681 ἤκουσεν
3449 1613 3644 1678 αὑτοῦ,
3674 1616 3762 1669 καὶ

2100 1711 2145 1768 Β
2172 1699 2400 1770 ἐπείσθη
2437 1699 2514 1763 ὡς
2541 1698 2646 1770 υἱῷ
2675 1700 2836 1769 Θεοῦ,
2865 1702 2960 1756 καὶ
2983 1700 3269 1756 πεισθεῖσα
3300 1702 3509 1773 ἔφαγεν
3537 1704 3645 1759 ἀπ’)
3673 1706 3759 1760 τοῦ

2175 1791 2332 1857 ξύλου
2362 1791 2462 1861 τῆς
2490 1791 2763 1861 γνώσεως.

2245 1885 2322 1938 Ε’.
2352 1879 2483 1938 Εἶτα
2505 1886 2632 1939 ὅταν
2656 1884 2859 1955 ταύτην
2889 1885 2988 1956 τὴν
3014 1886 3225 1959 μωρίαν
3254 1887 3650 1961 διηγήσωνται,
3673 1892 3762 1946 καὶ

2173 1974 2235 2028 τὸ
2267 1974 2476 2042 γελοῖον
2508 1976 2606 2047 τῆς
2638 1975 3059 2047 ἐπιτηδεύσεως,
3104 1976 3310 2048 ταύτην
3349 1977 3451 2051 τὴν
3474 1981 3760 2054 τραγικὴν,

2175 2066 2251 2130 ὡς
2279 2067 2476 2130 εἰπεῖν,
2504 2066 2864 2138 ποιησάμενοι
2888 2068 3205 2138 συμφωνίαν
3234 2071 3275 2135 ⁹,
3311 2071 3407 2124 καὶ
3432 2071 3496 2125 τὸ
3524 2076 3761 2144 κωμικὸν

2173 2156 2332 2212 τοῦτο
2361 2158 2565 2230 δρᾶμα,
2601 2158 2861 2231 ἄρχονται
2885 2176 3006 2213 τινα
3022 2159 3073 2231 ’ἡ
3084 2163 3174 2232 μῖν
3200 2161 3522 2232 ὑποφαίνειν
3556 2167 3636 2229 εἰς
3659 2184 3762 2220 πα-

2178 2248 2440 2331 ράστασιν
2469 2248 2578 2307 τῶν
2622 2253 2751 2323 παρ’
2778 2252 2961 2318 αὑτοῖς
3005 2253 3313 2325 λεγομένων
3342 2256 3557 2326 ψευδῶν
3605 2257 3762 2311 θεῶν.

2176 2343 2297 2399 Ὅτι
2326 2343 2446 2415 οὐχὶ
2497 2343 2589 2398 καὶ⁵
2634 2344 2702 2398 τὰ
2751 2344 2956 2415 ἔγκατα
2997 2346 3173 2418 ἡμῶν,
3208 2347 3277 2401 δι’
3312 2340 3388 2403 ὧν
3423 2348 3630 2421 ζῶμεν,
3673 2354 3765 2405 καὶ

2171 2435 2523 2507 τρεφόμεθα,
2579 2437 2819 2508 όφιοειδῆ
2871 2438 3139 2511 ὑπάρχεις
3190 2438 3362 2495 Ἀλλα
3405 2441 3464 2495 δὲ
3510 2442 3612 2497 ὃτα
3653 2447 3764 2508 τοῖς

2174 2528 2549 2600 ὴπατημένοις
2575 2531 3034 2603 παρεισφέρουσιν
3070 2534 3151 2597 είς
3177 2534 3277 2608 τὴν
3303 2535 3516 2591 ἑαυτῶν
3556 2537 3765 2606 πλάνην

2174 2619 2270 2674 καὶ
2297 2618 2516 2691 ληρώδη
2557 2621 2832 2676 ὑπόνοιαν.
2865 2623 2965 2677 Διὰ
3001 2624 3258 2698 τοιαύτην
3286 2627 3342 2680 δὲ
3376 2629 3582 2694 αἰτίαν,
3611 2631 3763 2700 φασὶ,

2172 2710 2263 2789 τὸν
2292 2711 2418 2780 ὅφιν
2465 2711 2784 2785 δοξάζομεν,
2809 2715 2889 2769 ὃτι
2925 2719 2953 2770 6
2998 2716 3130 2782 Θεὸς
3159 2719 3328 2782 αίτιος
3372 2722 3474 2790 τῆς
3510 2720 3767 2788 γνώσεως

2173 2803 2464 2876 γεγένηται
2488 2804 2566 2877 τῷ
2602 2807 2816 2879 πλήθει.
2871 2808 2928 2863 ’0
2956 2809 3014 2863 δὲ
3050 2808 3391 2877 Ἰαλδαϐαὼθ,
3437 2814 3634 2880 φασιν,
3670 2817 3768 2869 οὐκ

2173 2895 2334 2967 ἤθελε
2366 2899 2672 2971 μνησθῆναι
2702 2900 2800 2972 τὴν
2834 2900 2946 2955 ἄνω
2978 2903 3226 2975 Μητέρα,
3255 2902 3377 2957 οὒτε
3410 2905 3505 2959 τὸν
3537 2908 3769 2976 ’Πατέρα

2172 2992 2286 3054 τοῖς
2308 2990 2634 3063 ἀνθρώποις.
2668 2993 2893 3047 Ἕπεισε
2919 2995 2974 3048 δὲ
3004 2996 3032 3047 6
3059 2996 3201 3065 ὄφις,
3228 2998 3325 3051 καὶ
3364 3000 3571 3067 γνῶσιν
3602 3003 3766 3073 ἠνεγ-

2174 3098 2291 3147 κεν,
2327 3081 2534 3173 ἐδίδαξέ
2575 3102 2634 3137 τε
2677 3085 2770 3138 τὸν
2808 3085 3097 3159 ἄνθρωπον
3140 3090 3239 3143 καὶ
3269 3091 3371 3163 τὴν
3400 3098 3636 3162 γυναῖκα
3656 3098 3768 3149 τιίν

2172 3174 2286 3228 ἄνω
2331 3175 2645 3247 μυστηρίων
2687 3177 2748 3230 τὸ
2783 3180 2893 3232 πᾶν
2925 3181 3026 3251 τῆς
3078 3183 3354 3251 γνώσεως.
3389 3187 3485 3239 Διὸ
3510 3188 3538 3240 6
3576 3190 3767 3260 Πατὴρ

2173 3265 2471 3335 ὀργισθεὶς,
2519 3268 2799 3322 τουτέστιν
2830 3272 2858 3324 6
2903 3272 3249 3342 Ἰαλδαϐαὼθ,
3292 3278 3360 3332 δι’
3411 3283 3472 3352 ἣν
3520 3262 3777 3349 ὑπέδειξε

2170 3359 2283 3419 τοῖς
2321 3356 2632 3429 ἀνθρώποις
2671 3360 2896 3429 γνῶσιν,
2940 3365 3241 3421 κατέϐαλεν
3270 3369 3435 3423 αὑτὸν
3482 3372 3578 3426 ἀπ’
3605 3374 3771 3444 οὐρα-

2171 3446 2287 3501 νοῦ.
2320 3449 2433 3502 Καὶ
2466 3450 2618 3504 ἔνθεν
2654 3451 2879 3523 βασιλέα
2916 3456 3006 3511 τὸν
3034 3457 3158 3528 ὅφιν
3192 3461 3287 3514 ἀπ’
3316 3462 3550 3533 οὐρανοῦ
3579 3464 3769 3534 λέγου-

2171 3555 2255 3592 σιν
2278 3542 2327 3593 οί
2357 3541 2458 3613 τὴν
2493 3543 2684 3614 μερίδα
2708 3544 2804 3599 τοῦ
2840 3547 3015 3618 ὄφεως
3046 3552 3140 3605 καὶ
3167 3552 3322 3606 οὐδὲν
3346 3554 3540 3627 ἕτερον
3566 3575 3768 3631 κεκτη-

2173 3630 2345 3700 μένοι.
2374 3632 2822 3711 Δοξάζουσινοοῦν
2852 3638 3013 3693 αὑτὸν
3047 3639 3137 3694 διὰ
3167 3643 3271 3715 τὴν
3292 3646 3575 3719 τοιαύτην,
3609 3630 3765 3720 φησι,

2169 3721 2390 3790 γνῶσιν,
2422 3726 2516 3779 καὶ
2554 3726 2720 3799 ἄρτον
2755 3728 2903 3799 αὑτῷ
2934 3733 3357 3805 προσφέρουσιν.
3390 3738 3619 3809 Ἔχουσι
3656 3741 3768 3813 γὰρ

2169 3813 2329 3906 φύσει
2364 3817 2489 3887 ὅφιν
2508 3818 2801 3891 τρέφοντες
2829 3823 2885 3875 ὲν
2911 3823 3072 3896 κίστῃ
3104 3826 3229 3891 τινὶ,
3259 3826 3318 3882 ὃν
3335 3829 3475 3902 πρὸς
3488 3831 3591 3904 τὴν
3614 3833 3769 3906 ὥραν

2167 3905 2277 3959 τῶν
2294 3908 2473 3963 αὐτῶν
2498 3911 2832 3983 Μυστηρίων
2850 3913 2945 3967 τοῦ
2968 3914 3178 3985 φωλεοῦ
3211 3921 3648 3993 προσφέροντες,
3673 3927 3769 3979 καὶ

2168 3996 2516 4063 στιϐάζοντες
2536 3999 2630 4053 ἐπὶ
2658 4000 2941 4075 τραπέζης
2962 4006 3181 4078 ἄρτους,
3206 4012 3650 4080 προσκαλοῦνται
3671 4019 3769 4072 τὸν

2165 4083 2311 4155 ὅφιν.
2351 4087 2718 4161 Ἀνοιχθέντος
2740 4093 2797 4147 δὲ
2817 4094 2912 4148 τοῦ
2936 4097 3431 4170 φωλεοῦ,·πρόεισι.
3457 4106 3572 4161 Καὶ
3589 4106 3769 4174 οὕτως

2166 4177 2406 4233 ἀνελθὼν
2454 4182 2595 4235 κατὰ
2628 4184 2726 4255 τὴν
2773 4186 2940 4239 αὑτοῦ
2987 4189 3249 4262 φρόνησιν
3284 4194 3314 4246 6
3362 4193 3490 4264 ὄφις
3530 4198 3628 4251 καὶ
3660 4216 3770 4253 πα-

2164 4270 2422 4341 νουργίαν
2449 4273 2549 4345 ἤδη
2581 4275 2865 4344 γινώσκων
2890 4279 3001 4351 (46)
3026 4281 3126 4354 τὴν
3151 4284 3331 4338 αὑτῶν
3354 4289 3596 4361 μωρίαν,
3624 4293 3769 4348 ἄνειο

2165 4377 2260 4457 σινΔ
2298 4362 2524 4457 ὲπιτὴν
2576 4369 2876 4439 τράπεζαν,
2909 4375 3004 4429 καὶ
3047 4376 3334 4434 ὲνειλείται
3386 4384 3503 4447 τοῖς
3548 4384 3762 4457 ἄρτοις.

2164 4453 2274 4508 Καὶ
2304 4456 2510 4530 ταύτην
2543 4460 2708 4530 φασὶν
2756 4460 2896 4520 εἶναι
2934 4469 3145 4524 τελείαν
3179 4470 3391 4529 θυσίαν.
3431 4453 3603 4531 Ὅθεν
3640 4481 3763 4543 καὶ,

2163 4544 2240 4641 de;
2268 4548 2379 4641 ὁιπό
2409 4567 2554 4616 τινος
2579 4554 2809 4625 ἀκήκοα,
2848 4556 2916 4610 οὐ
2957 4560 3119 4630 μόνον
3159 4562 3330 4617 κλῶσι
3370 4566 3502 4632 τοὺς
3534 4570 3761 4641 ἄρτους.

2253 4634 2335 4703 οἷς
2355 4640 2385 4692 ὀ
2416 4642 2578 4708 αὐτὸς
2603 4644 2728 4715 ὄφις
2760 4646 2972 4721 εἱληθη,
3005 4652 3101 4704 καὶ
3130 4653 3435 4710 ἐπιδιδόασι
3613 4634 3764 4733 λαμ.

2164 4728 2452 4785 ὄάνουσιν·
2487 4733 2622 4788 ἀλλὰ
2665 4737 2758 4791 καὶ
2789 4737 3021 4803 ἕκαστος
3062 4742 3374 4809 ἀσπάζεται
3414 4748 3507 4801 τὸν
3537 4749 3664 4819 ὅφιν
3687 4728 3765 4805 ⁷ἐκ

2166 4821 2454 4913 στόματος,
2476 4826 2603 4913 ¹ἤτοι
2635 4832 2861 4903 γοητείᾳ
2903 4835 3013 4888 τινὶ
3049 4836 3387 4907 ὲπᾳσθὲντος
3435 4841 3532 4896 τοῦ
3578 4843 3763 4913 δφεως

2158 4911 2239 5005 εἰς
2258 4911 2601 5005 Ῠήμερότητα,
2634 4918 2666 4989 ἥ
2695 4918 2754 4984 ἐξ
2795 4921 2989 4994 ἑτέρας
3025 4924 3312 4998 ἐνεργείας
3335 4929 3586 4984 διαϐόλου
3617 4911 3761 5005 πρὶς

2159 5004 2376 5075 ἀπάτην
2417 5008 2623 5066 τούτων
2668 5013 3129 5087 ὑποκοριζομένου
3162 5018 3275 5073 τοῦ.
3302 5018 3466 5085 ζώου.
3503 5004 3755 5095 Προσάιυυ

2159 5094 2311 5151 νοῦσι
2336 5097 2393 5152 δὲ
2420 5100 2514 5155 τὸν
2552 5103 2813 5172 τοιοῦτον,
2841 5108 2934 5161 καὶ
2983 5109 3340 5183 εὐχαριστίαν
3380 5094 3592 5187 ταύτην
3628 5120 3759 5173 ἑπι-

2157 5205 2479 5277 φημίζουσι,
2513 5211 2612 5284 τὴν
2637 5213 2705 5295 δι’
2744 5214 2910 5270 αὑτοῦ
2950 5217 3323 5291 ὲνειληθέντος
3350 5224 3756 5297 γεγενημένην.

2155 5314 2264 5369 Καὶ
2293 5312 2449 5380 αὖθις
2477 5314 2544 5370 δι’
2579 5317 2764 5384 αὑτοῦ,
2801 5318 2877 5384 ὣς
2919 5336 3075 5389 φασι,
3106 5322 3187 5394 τῷ
3218 5324 3334 5381 am
3377 5328 3552 5400 Πατρὶ
3583 5328 3759 5400 ὕμνον

533 5660 646 5732 αὖ)
681 5660 792 5717 Kal
836 5662 1207 5735 πανουργίαν
1263 5665 1589 5737 γινώσκων.
1641 5668 1797 5726 Corr.
1859 5669 2004 5725 κατὰ
2032 5672 2169 5727 πᾶν.
