3932 6064
233 266 341 323 649

850 264 1224 322 ADVERSUS
1262 263 1603 320 HASRESES
1641 262 1771 320 LIB.
1812 260 1856 318 l.
1895 259 2062 318 TOM.
2104 260 2190 317 lll.
2235 291 2302 301 -
2343 260 2615 316 names.
2655 260 2920 319 XXXVII.

3402 269 3512 326 650

241 374 680 446 ἀναπέμποντες,
739 373 912 440 οὕτως
965 377 1034 431 τὰ
1091 379 1366 448 μυστήρια
1416 377 1594 431 αὐτῶν
1649 379 1831 431 ἐπιτεο

1939 375 2123 438 illum,
2177 360 2453 438 ut'aiunt,
2500 374 2859 439 celebrantes,
2905 375 3164 444 mysteria
3218 391 3315 430 sua
3353 382 3510 448 perti—

238 466 330 520 λοῦ
344 483 414 519 τι.

310 556 402 625 ς’.
433 557 664 629 Μωρίαν
688 559 744 612 δὲ
789 561 932 614 εἴποι
971 578 1054 625 τις
1081 561 1149 614 ἂν
1193 563 1284 616 κοιλ⁵
1314 561 1509 635 χλεύης
1535 562 1786 634 ἔμπλεων
1811 580 1824 593 ·

237 650 336 704 καὶ
361 649 485 704 οὔτε
528 652 843 722 ἀνατροπῆς
877 653 986 707 ἀπὸ
1023 655 1173 718 θείας
1214 655 1435 727 Γραφῆς
1467 656 1829 727 ἐπιζητουμέ-

235 759 336 812 νης
370 743 450 805 είς
502 741 682 805 τοῦτο,
733 743 850 796 ἀλλ’
897 745 1030 798 αὐτὸ
1060 745 1184 799 καθ’
1245 747 1406 800 ἑαυτὸ
1439 746 1518 818 τῷ
1557 747 1651 800 τὸν
1704 746 1829 800 νοῦν

234 832 417 902 ἔχοντι
451 835 764 906 ἐρρωμένον
796 835 940 889 κατά
967 835 1101 890 Θεὸν
1135 838 1421 906 γελοιῶδες
1463 837 1826 908 δειχθήσεται.

236 924 420 987 Εὐθὺς
447 925 558 996 γὰρ
587 927 737 979 πᾶσα
763 929 795 998 ἡ
817 927 996 981 αὐτῶν
1030 931 1338 1000 κενοφωνία
1362 928 1610 1002 ληρώδης
1637 948 1722 994 τις
1748 930 1832 983 εὑ-

149 1035 158 1038 -
235 1016 553 1087 ρεθήσεται.
597 1018 659 1070 Εἰ
685 1018 794 1090 γὰρ
844 1019 1172 1090 Προύνεικόν
1197 1039 1361 1092 φασιν
1398 1012 1559 1086 εἶναι,
1593 1022 1710 1086 πῶς
1735 1023 1830 1076 ἀπ’

236 1109 406 1164 αὐτοῦ
438 1109 531 1164 τοῦ
561 1111 826 1181 ὀνόματος
846 1113 906 1165 οὐ
939 1112 1002 1166 τὸ
1038 1114 1236 1186 σαθρὸν
1259 1115 1357 1186 τῆς
1386 1114 1624 1179 διανοίας
1651 1115 1830 1170 αὐτῶν

237 1201 652 1274 φωραθήσεται,
680 1203 756 1265 ὡς
795 1204 896 1276 ’ήδη
929 1207 1228 1277 προεῖπον;
1277 1207 1392 1260 Πάν
1428 1207 1538 1278 γὰρ
1566 1207 1626 1260 τὸ
1664 1223 1832 1278 πρου-

237 1295 648 1365 νεικευόμενον,
683 1293 975 1367 ἄχρηστον.
1005 1297 1136 1351 Είδὲ
1163 1297 1456 1370 ἄχρηστον,
1487 1299 1581 1352 καὶ
1624 1299 1682 1351 ἐν
1719 1301 1830 1364 τοῖς

237 1384 592 1457 προκριτέοις
645 1387 892 1464 τακτέον.
949 1387 1057 1441 Καὶ
1117 1388 1232 1451 πῶς
1290 1391 1572 1445 ἐπαινετὸν
1631 1392 1716 1464 εἴη
1769 1391 1832 1446 τὸ

237 1478 553 1548 ἄχρηστον;
586 1475 713 1540 Πῶς
759 1462 816 1530 δὲ
863 1477 988 1549 οὐχὶ
1039 1479 1286 1551 μυθῶδες
1323 1482 1386 1536 τὸ
1433 1481 1633 1552 λέγειν,
1672 1462 1754 1537 ὅτι
1795 1485 1829 1554 ή

240 1568 576 1639 Προύνεικος
621 1569 714 1623 τὸν
747 1568 1073 1625 ’ῐαλδαὸαὼθ
1106 1564 1362 1642 ἐκένωσε,
1407 1575 1500 1631 καὶ
1528 1578 1558 1630 ὁ
1597 1576 1829 1650 σπινθὴρ

240 1662 326 1726 είς
352 1659 423 1714 τά
454 1661 606 1715 κάτω
651 1661 921 1732 κατῆλθεν
952 1663 1063 1718 ἀπὸ
1089 1663 1186 1718 τοῦ
1231 1665 1600 1732 κενωθέντος;
1647 1668 1736 1721 Ἐν
1772 1669 1830 1722 δέ

237 1754 322 1826 τῷ
355 1754 469 1808 ἀνω
511 1753 753 1823 γεγονὼς
783 1754 996 1824 ἐπέγνω
1027 1755 1120 1810 τὸν
1161 1757 1434 1831 ἀνώτερον
1463 1758 1557 1812 τοῦ
1597 1774 1835 1813 κεκενω-

241 1845 432 1916 μένου.
470 1846 580 1898 Καὶ
612 1845 798 1917 θαῦμα
842 1846 1118 1917 μέγιστον,
1151 1848 1226 1912 ώς
1251 1851 1280 1903 ὁ
1320 1849 1627 1920 ἄνθρωπος,
1657 1851 1713 1902 ἐν
1737 1843 1781 1917 ᾧ
1804 1851 1834 1903 ὀ

235 1936 525 2006 ἐλάχιστος
551 1934 808 2006 σπινθὴρ,
840 1936 1194 2004 ἐπιγινώσκει
1227 1937 1368 2009 ὑπὲρ
1401 1939 1529 2001 τοὺς
1556 1936 1832 1992 πεπλακό-

233 2044 341 2089 τας
362 2025 628 2095 ἀγγέλους
650 2028 664 2080 l
697 2028 760 2079 Οί
789 2026 898 2098 γὰρ
922 2028 1283 2099 πεποιηκότες
1308 2029 1400 2082 τὸν
1421 2028 1708 2102 ἀνθρωπον
1735 2030 1833 2098 ἀγ-

234 2118 412 2188 γελοι,
445 2117 623 2171 εῐτουν
657 2118 761 2171 υἱοὶ
782 2118 876 2171 τοῦ
920 2116 1270 2183 Ἰαλδαόαὼθ,
1297 2120 1396 2172 οὐκ
1419 2119 1736 2188 ἐπέγνωσαν
1763 2119 1832 2173 τά

235 2208 429 2263 ἐπάνω
461 2207 555 2261 τοῦ
594 2207 940 2264 Ἰαλδαϐαώθ.
985 2210 1043 2263 '0
1068 2208 1125 2262 δὲ
1152 2209 1244 2261 ὑπ’
1275 2208 1440 2262 αὐτοῦ
1469 2210 1832 2279 γεγενημένος

233 2299 328 2353 διὰ
351 2299 447 2354 τοῦ
481 2300 775 2372 σπινθῆρος
801 2300 1034 2370 ἐπέγνω.
1059 2301 1225 2354 Αὐτοὶ
1253 2299 1433 2354 τοίνυν
1459 2302 1683 2364 ἑαυτοὺς
1707 2303 1833 2355 ἀνα-

235 2389 501 2461 τρέπουσι
530 2391 617 2444 διά
667 2391 776 2444 τῶν
811 2392 958 2446 ίδίων
987 2392 1292 2463 δογμάτων,
1343 2392 1422 2462 πῆ
1456 2393 1553 2462 μὲν
1589 2394 1682 2461 τὸν
1709 2392 1830 2462 ὄφιν

235 2482 575 2549 δοξάζοντες,
622 2485 700 2555 πῆ
743 2485 801 2538 δὲ
840 2484 1118 2556 ἀπατηλὸν
1164 2485 1325 2540 αὐτὸν
1357 2485 1493 2556 πρὸς
1541 2485 1640 2558 τὴν
1689 2484 1831 2540 Εὔαν

237 2576 608 2647 γεγενημένον
634 2578 958 2646 φάσκοντες,
987 2580 1046 2631 ἐν
1075 2576 1152 2647 τῷ
1176 2578 1349 2630 εἰπεῖν
1371 2591 1384 2604 '
1432 2575 1708 2646 Ἦπάτησε
1732 2578 1832 2649 τὴν

238 2666 416 2718 Εὔανο
454 2665 549 2718 καὶ
589 2666 665 2736 πῆ
698 2667 796 2737 μὲν
822 2666 1054 2738 Χριστὸν
1079 2666 1242 2720 αὑτὸν
1271 2663 1723 2734 καταγγέλλουσι,
1753 2667 1830 2738 πῆ

237 2756 298 2811 δέ
324 2757 416 2810 τὸν
448 2757 562 2810 υἱὸν
585 2757 679 2811 τοῦ
714 2759 990 2831 ἀνωτέρου
1027 2756 1496 2822 Ἰα).δα6αὼθ,τοῦ
1530 2759 1658 2823 τοὺς
1680 2758 1832 2822 uicit;

239 2847 620 2920 ἀδικήσαντος,
666 2849 724 2900 ἐν
750 2847 829 2919 τῷ
862 2847 1185 2903 ἀποκλεῖσαι
1223 2849 1318 2902 ἀπ’
1351 2848 1531 2903 αὐτῶν
1576 2851 1676 2921 τὴν
1718 2849 1832 2904 ἀνω

239 2943 465 3011 γνῶσιν,
484 2922 593 2996 ’καὶ
639 2943 742 3014 τὴν
782 2944 996 3016 μητέρα
1033 2943 1418 3014 ἀθετήσαντος,
1454 2945 1548 2996 καὶ
1585 2943 1678 2997 τὸν
1720 2943 1832 2998 ἀνω

241 3033 485 3106 Πατέρα,
514 3035 595 3098 είς
615 3034 676 3087 τὸ
700 3033 775 3105 μὴ
801 3035 896 3105 ἐᾷν
915 3031 1158 3100 δοξάζειν
1187 3034 1313 3097 τοὺς
1342 3034 1434 3086 ὑπ’
1456 3031 1621 3087 αὑτοῦ
1648 3049 1833 3100 γεγεν-

1936 469 2109 523 ciunt.

2008 559 2092 614 Vl.
2136 559 2284 627 Quas
2316 559 2534 632 quidem
2569 561 2804 632 ineptias
2832 562 3164 620 vanissimas
3193 580 3338 632 esse,
3372 566 3515 621 ludi-

1939 649 2167 720 brioque
2190 651 2544 722 dignissimas
2575 667 2737 706 nemo
2767 667 2877 708 non
2908 654 3146 709 dixerit:
3182 672 3358 726 neque
3386 673 3515 713 vero

1937 743 2139 799 divinis
2178 759 2246 799 ex
2273 742 2556 815 Scriptura
2591 746 2928 816 depromptis
2968 749 3300 804 testimoniis
3333 749 3519 804 acrius

1939 835 2295 904 refellendas;
2327 851 2451 892 cum
2475 853 2574 908 per
2596 853 2717 895 sese
2740 839 2983 908 cuilibet,
3038 840 3130 910 qui
3158 842 3230 896 sit
3254 843 3519 897 nonnullo

1939 925 2156 997 ingenio
2189 927 2471 998 praeditus,
2517 944 2682 999 quam
2727 929 3025 985 ridiculum
3055 932 3129 986 sit
3163 939 3335 986 totum
3388 932 3518 986 illud

1939 1018 2238 1087 negotium,
2285 1019 2652 1076 demonstrari
2695 1021 2889 1090 possit.
2956 1020 3102 1076 Nihil
3137 1023 3282 1078 enim
3325 1037 3520 1094 praeter

1938 1111 2436 1181 contemptissimas
2476 1111 2685 1170 fabulas
2715 1129 2778 1168 ac
2819 1113 3010 1170 deliria
3045 1114 3330 1171 continere
3359 1118 3519 1171 facile

1937 1199 2386 1270 deprehenditur.
2423 1203 2554 1257 Nam
2582 1205 2628 1260 si
2662 1203 2962 1260 Prunicum
2993 1221 3116 1262 esse
3141 1207 3377 1278 aliquam
3401 1209 3522 1262 exi-

1938 1291 2185 1356 stimant,
2220 1300 2344 1363 quis
2366 1309 2431 1350 ex
2465 1294 2582 1365 ipso
2612 1295 2799 1350 statim
2829 1298 3097 1354 vocabulo
3128 1313 3236 1354 non
3273 1295 3516 1354 animad-

1939 1390 2135 1447 vertat,
2169 1399 2332 1454 quam
2368 1384 2699 1441 imbecillum
2724 1402 2788 1442 ac
2827 1389 2943 1444 leve
2967 1389 3060 1456 sit,
3095 1391 3241 1459 quod
3267 1390 3355 1446 isti
3390 1405 3522 1460 pro-

1940 1473 2182 1540 ﬁtentur,
2225 1485 2284 1530 ut
2318 1477 2431 1546 jam
2468 1478 2830 1536 ostendimus.
2869 1479 3150 1551 Quidquid
3200 1483 3346 1536 enim
3374 1481 3518 1537 Pru-

1915 1565 2122 1621 'nicum
2159 1566 2277 1622 ﬁeri
2308 1567 2533 1632 dicitur,
2565 1570 2620 1624 id
2646 1571 2844 1626 inutile
2873 1581 2995 1637 cst;
3027 1572 3271 1644 adeoque
3297 1575 3524 1630 minimo

1938 1657 2081 1712 inter
2109 1658 2311 1714 eximia
2345 1661 2767 1717 numerandum.
2797 1662 2900 1729 Qui
2925 1663 3071 1718 enim
3099 1665 3312 1720 laudari
3348 1673 3524 1735 potest

1873 1753 1913 1808 Β
1942 1749 2087 1818 quod
2133 1749 2328 1805 inutile
2365 1750 2473 1805 sit?
2519 1750 2692 1817 Quam
2731 1764 2814 1808 est
2861 1762 3122 1823 praeterea
3158 1756 3439 1821 stolidum,
3489 1776 3520 1811 ιι
3569 1749 3574 1754 ’

1940 1837 2178 1894 Prunico
2218 1840 2545 1895 exhaustum
2577 1857 2700 1898 esse
2741 1842 3156 1900 Jaldabaothcm
3184 1887 3200 1912 ,
3252 1847 3322 1902 ab
3350 1863 3520 1918 eoque

1941 1929 2236 1984 scintillam
2265 1929 2333 1984 ad
2364 1929 2548 1984 inﬁma
2587 1932 2678 1986 illa
2708 1949 2998 1991 excussam
3034 1936 3326 1994 arbitrari!
3359 1936 3519 1995 [tent-

1939 2037 2068 2092 que,
2098 2022 2192 2091 qui
2215 2021 2270 2076 in
2305 2023 2527 2079 sublimi
2555 2026 2856 2084 collocatus
2883 2037 3052 2094 esset,
3087 2045 3212 2084 eum
3235 2032 3523 2101 agnovisse:

1939 2117 2032 2186 qui
2078 2116 2349 2172 exhausto
2391 2126 2540 2174 esset
2590 2120 2683 2174 illo
2712 2121 2873 2190 273
2897 2123 3170 2191 superior.
3235 2122 3524 2181 Enimvero

1939 2209 2100 2277 quale
2126 2209 2257 2264 illud
2285 2211 2612 2266 miraculum
2645 2221 2752 2278 est,
2786 2221 2844 2268 ut
2872 2214 3036 2268 homo
3074 2215 3164 2269 cui
3188 2217 3512 2272 tenuissima

1941 2302 2187 2370 quaedam
2229 2302 2301 2356 sit
2339 2317 2563 2372 aspersa
2602 2302 2870 2368 scintilla,
2911 2303 3172 2374 majorem
3216 2306 3326 2362 illis
3365 2307 3518 2376 ipsis.

1940 2407 1970 2445 a
1993 2391 2194 2462 quibus
2217 2393 2522 2462 productus
2543 2403 2647 2460 est,
2672 2394 2881 2464 angelis
2903 2393 3270 2465 cognitionem
3297 2395 3525 2466 adeptus

1940 2482 2132 2538 fuerit!
2169 2482 2226 2539 Si
2254 2484 2474 2555 quidem
2509 2495 2764 2542 auctores
2794 2487 2881 2542 isti
2915 2487 3156 2542 hominis
3185 2503 3250 2543 ae
3283 2487 3518 2544 fabrica-

1939 2585 2090 2632 tores
2115 2577 2316 2648 angeli,
2348 2579 2463 2634 sive
2483 2576 2859 2635 Jaldabaothis
2891 2579 2987 2634 lilii
3021 2596 3143 2652 qua:
3161 2579 3522 2637 Jaldabaothe
3627 2622 3636 2632 .

1939 2665 2224 2747 superiora
2249 2679 2408 2726 erant
2438 2671 2780 2742 ignorarunt.
2819 2673 2920 2738 Qui
2957 2681 3141 2739 autem
3169 2673 3240 2728 ab
3271 2673 3380 2729 illis
3410 2673 3518 2728 [οι--

1940 2770 2122 2819 matus
2145 2770 2252 2829 est,
2283 2763 2537 2818 scintillae
2559 2762 2825 2818 beneficio
2849 2764 3124 2834 cognovit.
3157 2763 3521 2831 Quamobrem
3620 2770 3622 2772 '

1940 2852 2058 2908 suis
2102 2851 2178 2906 illi
2221 2867 2280 2908 se
2318 2852 2670 2922 dogmatibus
2710 2851 2944 2906 induunt
2990 2861 3042 2908 et
3081 2862 3355 2919 evertunt,
3397 2869 3522 2909 cum

1938 2946 2136 3015 partim
2154 2956 2459 3016 serpentem
2489 2945 2736 3000 venerari
2766 2945 3088 3012 instituant;
3130 2946 3328 3016 partim
3356 2944 3522 3000 Evam

1939 3037 2086 3093 illius
2137 3036 2504 3092 fraudulentia
2559 3037 2842 3108 deceptam
2896 3036 3240 3103 existiment;
3322 3037 3522 3109 partim

241 3127 513 3198 νημένους
535 3128 686 3190 υἱοὺς
711 3127 804 3179 τὸν
835 3125 1106 3197 ἀνώτερον
1131 3125 1298 3178 αὑτοῦ
1323 3125 1562 3195 Πατέρα.
1596 3124 1720 3187 Πῶς
1742 3119 1831 3177 οῦν

1939 3127 2216 3184 Christum
2257 3127 2508 3182 eumdem
2559 3143 2681 3183 esse
2723 3129 2925 3194 velint;
2975 3127 3174 3198 partim
3216 3128 3522 3199 superioris

241 3217 500 3289 βασιλεὺς
539 3218 861 3288 ἐπουράνιος
888 3219 917 3269 ὁ
948 3217 1091 3287 δφις,
1121 3218 1279 3289 εἰπερ
1323 3219 1464 3271 κατά
1484 3216 1576 3270 τοῦ
1619 3216 1832 3288 Πατρὸς

239 3313 538 3382 ἐγήγερται
559 3327 574 3377 ;
631 3311 756 3374 Πῶς
777 3310 855 3375 δὲ,
895 3311 944 3364 εί
965 3311 1064 3383 τὴν
1087 3310 1288 3380 γνῶσιν
1311 3309 1547 3372 δίδωσιν,
1574 3310 1632 3363 ἐν
1653 3310 1839 3380 ἀπάτῃ

240 3402 668 3472 καταγγέλλεται
701 3403 1043 3475 ὴπατηκέναι
1064 3402 1162 3475 τὴν
1180 3401 1323 3456 Εὕαν
1345 3419 1359 3468 ;
1383 3403 1442 3456 '0
1457 3401 1513 3454 δέ
1531 3401 1599 3455 δι’
1621 3401 1838 3471 ἀπάτης

238 3495 445 3564 γνῶσιν
481 3495 657 3559 ἐνθεὶς
685 3497 870 3550 οὐκέτι
897 3495 1101 3564 γνῶσιν
1127 3495 1362 3559 δίδωσιν,
1386 3493 1524 3548 ἀλλά
1553 3494 1674 3548 ἀντὶ
1697 3491 1836 3561 γνώ-

239 3602 381 3650 σεως
407 3587 704 3655 ἀγνωσίαν.
749 3587 838 3650 Ὠς
861 3587 954 3640 καὶ
985 3585 1187 3656 ἀληθές
1207 3585 1356 3640 ἐστιν
1395 3585 1544 3648 ἰδεῖν,
1575 3584 1656 3636 ὃτι
1679 3583 1836 3636 τοῦτο

241 3680 300 3731 ἐν
329 3680 516 3744 αὐτοῖς
538 3679 862 3734 τελειοῦται.
906 3679 1208 3748 Ἀγνωσίαν
1233 3678 1343 3749 γάρ
1372 3677 1608 3748 ἔχοντες,
1633 3675 1835 3744 γνῶσιν

243 3770 452 3842 ταύτην
477 3771 810 3842 νομίζουσιν,
843 3772 903 3826 ἐν
938 3769 1112 3841 τούτῳ
1133 3767 1509 3840 ἀληθεύοντες,
1543 3767 1602 3819 ἐν
1622 3765 1701 3836 τῷ
1735 3765 1834 3837 τὴν

245 3861 460 3916 ἑαυτῶν
493 3863 711 3934 ἀπάτην
743 3863 837 3917 καὶ
867 3861 1146 3932 ἀγνωσίαν
1171 3861 1374 3931 γνῶσιν
1399 3859 1598 3929 λέγειν.

1939 3219 2086 3274 illius
2111 3216 2488 3272 Jaldahaothis
2515 3217 2707 3281 tilium,
2741 3218 2833 3288 qui
2874 3218 3173 3274 interclusa
3213 3220 3522 3275 caelestium

1941 3311 2402 3383 contemplatione
2449 3326 2720 3367 summam
2754 3311 2939 3367 liberis
2975 3311 3094 3367 suis
3124 3311 3382 3383 injuriain
3417 3314 3512 3368 im-

1938 3404 2144 3473 posuit,
2168 3410 2398 3460 matrem
2424 3403 2730 3474 repudiavit
2749 3417 2813 3459 ae
2837 3404 3316 3473 contempsit,non
3340 3405 3521 3462 minus

1935 3511 2100 3566 quam
2136 3511 2450 3566 supremum
2481 3494 2792 3564 Parentem,
2825 3512 2988 3568 quem
3033 3497 3102 3552 ab
3141 3496 3208 3552 iis
3251 3511 3392 3568 quos
3427 3513 3525 3568 ge-

1933 3598 2131 3645 nuerat
2179 3591 2286 3644 coli
2329 3605 2392 3644 ac
2435 3591 2722 3660 praedicari
2773 3591 2999 3646 minime
3035 3592 3107 3646 sit
3141 3605 3359 3662 passus.
3415 3590 3520 3658 Qui

1931 3695 2061 3736 vero
2090 3690 2400 3750 serpentem
2429 3665 2686 3736 convenit
2712 3681 2990 3737 caelestem
3013 3697 3137 3737 esse
3160 3698 3366 3753 regem,
3395 3697 3520 3737 cum

1932 3769 2201 3824 adversus
2238 3763 2524 3839 parentem
2567 3769 2964 3824 insui-rexerit?
3014 3771 3122 3824 Aut
3147 3771 3446 3840 quomodo,
3475 3773 3520 3827 si

1929 3860 2298 3931 cognitionem
2354 3859 2666 3929 impertiat,
2731 3859 2854 3915 Eva:
2900 3861 3231 3929 imposuisse
3281 3863 3520 3916 dicitur!

242 3951 381 4006 Nam
430 3953 525 4024 qui
580 3953 770 4010 fraude
817 3955 1003 4026 aliqua
1057 3955 1344 4011 scientiam
1393 3951 1570 4017 all'ert,
1623 3967 1731 4007 non
1785 3951 1834 4008 is
1869 3952 2178 4018 scientiam,
2230 3949 2327 4008 sed
2370 3966 2470 4022 pro
2535 3966 2599 4006 ea
2647 3950 3046 4022 ignorationem
3124 3951 3516 4007 communicat.

239 4043 399 4112 Quod
443 4045 552 4100 illis
597 4046 849 4103 accidere
890 4046 1201 4102 certissima
1243 4044 1461 4100 ratione
1509 4044 1822 4100 coniicitur.
1866 4044 2005 4099 Cum
2034 4044 2181 4101 enim
2209 4060 2426 4101 summa
2454 4045 2510 4100 in
2537 4045 2752 4100 inscitia
2777 4049 3086 4107 versentur,
3129 4058 3251 4098 eam
3315 4043 3516 4100 nihilo-

242 4142 426 4196 minus
457 4142 742 4197 scientiam
764 4157 886 4198 esse
909 4150 1124 4213 putant.
1153 4139 1271 4208 Qua
1297 4141 1352 4195 in
1388 4156 1446 4195 re
1478 4141 1830 4199 vehementer
1860 4141 2292 4206 hallucinantur,
2347 4141 2476 4196 dum
2513 4154 2757 4196 errorem
2793 4153 2954 4195 suum
3021 4152 3085 4193 ac
3149 4138 3516 4208 ignorantiam

242 4238 492 4294 scientiae
528 4238 902 4309 appellatione
930 4238 1307 4295 dissimulant.

311 4335 386 4387 Z'.
419 4331 647 4404 Φέρουσι
674 4332 732 4386 δέ
763 4333 856 4387 καὶ
891 4332 1056 4396 ἄλλας
1099 4333 1405 4405 μαρτυρίας
1443 4333 1716 4400 λέγοντες,
1747 4332 1830 4384 ὅτι

2014 4331 2120 4386 VII.
2161 4330 2268 4386 Sed
2300 4330 2404 4384 alia
2439 4326 2687 4398 quaedam
2728 4325 2954 4395 insuper
2993 4322 3308 4379 testimonia
3337 4323 3514 4393 profe-
3543 4345 3550 4348 -

242 4425 335 4478 καὶ
392 4423 633 4494 Μωῦσῆς
691 4425 750 4478 ἐν
802 4427 868 4497 τῇ
919 4425 1115 4497 ἐρήμῳ
1171 4425 1262 4478 τὸν
1309 4425 1435 4495 δφιν
1479 4425 1570 4477 τὸν
1597 4425 1831 4496 χαλκοῦν

1940 4432 2106 4490 runt;
2144 4422 2308 4477 veluti
2361 4419 2582 4490 Moysen
2627 4432 2836 4473 aeneum
2875 4423 3184 4487 serpentem
3216 4416 3271 4470 in
3302 4415 3518 4471 deserto

243 4517 449 4587 ῦψωσε,
497 4517 982 4590 προστησάμενος,
1028 4518 1116 4571 ἵνα
1167 4519 1304 4590 ῐαμα
1361 4521 1475 4583 τοῖς
1514 4519 1619 4571 ὑπὸ
1656 4518 1831 4587 ὄφεως

241 4609 594 4680 δακνομένοις
625 4611 871 4683 γένηται.
921 4607 1074 4666 Εἶναι
1101 4610 1211 4682 γὰρ
1251 4609 1406 4665 τοῦτο
1427 4611 1490 4664 τὸ
1523 4607 1662 4674 εἶδος
1697 4612 1834 4664 ἰατιο

242 4699 337 4753 κδν
378 4698 472 4752 τοῦ
526 4700 805 4772 δήγματος
857 4701 1096 4771 λέγουσι.
1148 4701 1320 4755 Πάλιν
1365 4703 1424 4756 δὲ
1469 4702 1591 4757 καθ’
1623 4699 1832 4755 ἐαυτῶν

242 4791 414 4845 ταῦτα
439 4790 732 4863 ὁρίζονται.
773 4793 835 4846 Ei
867 4793 978 4865 γὰρ
1004 4791 1180 4863 ὄφεων
1205 4790 1272 4866 ἦν
1296 4793 1367 4847 τά
1389 4794 1664 4866 δήγματα,
1707 4792 1833 4863 βλα-

243 4884 378 4957 ϐερά
403 4883 460 4936 δέ
497 4883 671 4938 ταῦτα
695 4901 707 4914 ·
732 4885 840 4957 ἄρα
873 4885 902 4938 ὁ
941 4884 1064 4955 ὄφις
1100 4885 1200 4938 οὐκ
1246 4885 1470 4954 ἀγαθόν.
1503 4884 1576 4938 Τὸ
1601 4884 1658 4937 δέ
1689 4883 1834 4954 ὑψω-

246 4973 334 5028 θὲν
359 4975 468 5027 ὑπὸ
498 4976 776 5040 Μωῦσέως
817 4977 962 5042 τότε,
1011 4977 1103 5030 διά
1154 4977 1253 5048 τῆς
1289 4975 1522 5049 θεωρίας
1551 4976 1651 5048 τὴν
1687 4977 1829 5030 ἴασιν

248 5067 499 5130 ἐποιεῖτο,
530 5067 590 5120 οὐ
626 5067 716 5120 διά
740 5068 840 5139 τὴν
874 5067 967 5122 τοῦ
1009 5068 1186 5138 ὄφεως
1216 5067 1399 5138 φύσιν,
1449 5067 1586 5122 ἀλλά
1609 5067 1707 5138 τὴν
1735 5066 1828 5121 τοῦ

245 5157 378 5212 Θεοῦ
414 5158 686 5223 εὐδοκίαν,
713 5159 781 5213 δι’
809 5160 987 5230 ὄφεως
1029 5159 1221 5230 ῶσπερ
1264 5159 1536 5214 ἀντίδοτον
1565 5161 1680 5222 τοῖς
1705 5159 1829 5212 τότε

243 5251 591 5323 δεδηγμένοις
644 5253 1034 5324 ἐργαζομένου.
1087 5253 1253 5307 Οὐδὲν
1303 5251 1362 5305 δέ
1411 5251 1723 5324 θαυμαστὸν
1737 5252 1820 5306 ὅτι

244 5345 307 5398 δι’
337 5339 415 5398 ὧν
441 5361 527 5408 τις
561 5343 789 5414 ἐόλάϐη,
824 5345 909 5399 διὰ
947 5343 1149 5399 τούτων
1183 5343 1477 5416 θεραπείας
1507 5345 1684 5414 ἔτυχε.
1718 5343 1826 5397 Καὶ

248 5437 317 5508 μή
356 5455 442 5501 τις
469 5437 742 5499 κακιζέτω
771 5436 869 5508 τὴν
899 5436 991 5490 τοῦ
1018 5436 1152 5490 Θεοῦ
1182 5436 1378 5491 κτίσιν.
1407 5437 1482 5499 ώς
1514 5435 1662 5490 ἄλλοι
1691 5436 1824 5488 πλαο

245 5529 472 5599 νώμενοι
503 5529 662 5583 πάλιν
687 5528 921 5596 λέγουσι.
954 5527 1333 5598 Προετυποῦτο
1357 5528 1412 5581 δὲ
1442 5527 1598 5582 τοῦτο
1625 5531 1735 5590 τοῖς
1766 5531 1822 5581 ἐν

321 5677 526 5736 'h'um.
573 5697 686 5741 xxi.
722 5679 756 5733 8
785 5697 904 5752 sqq.

524 5775 798 5832 ΡΑτιιοι..
839 5779 955 5834 (in.
998 5775 1158 5835 XLI.

1933 4516 2247 4579 sustulisse,
2294 4512 2582 4584 palamque
2619 4509 2993 4581 proposuisse,
3026 4516 3088 4564 ut
3127 4508 3235 4564 illis
3273 4507 3516 4563 remedio

1934 4617 2100 4672 esset,
2129 4623 2266 4678 quos
2299 4623 2526 4680 serpens
2543 4608 2907 4666 momorderat
2943 4609 2981 4663 ¹.
3015 4607 3130 4663 Hoc
3159 4607 3304 4662 enim
3339 4607 3515 4676 ipsum

1936 4711 2258 4772 praesentem
2316 4702 2424 4758 vim
2471 4711 2661 4758 contra
2716 4711 3016 4758 venenatos
3051 4715 3268 4755 morsus
3318 4699 3516 4754 habere

1929 4793 2209 4862 jactitant.
2246 4794 2351 4850 Sed
2381 4795 2462 4850 vel
2486 4795 2617 4849 illud
2649 4803 2838 4850 contra
2865 4809 2923 4849 se
2953 4791 3245 4872 manifeste
3268 4807 3515 4862 pronun-

1934 4888 2095 4942 tiant.
2136 4887 2191 4942 Si
2217 4888 2362 4943 enim
2395 4903 2612 4943 morsus
2638 4887 2714 4940 illi
2751 4885 3087 4957 serpentium
3113 4892 3292 4948 erant,
3327 4882 3515 4938 iidem-

1937 4993 2046 5046 que
2104 4977 2419 5048 perniciosi,
2472 4977 2828 5046 consequitur
2885 4974 3112 5030 minime
3158 4974 3361 5028 bonum
3393 4986 3516 5026 esse

1937 5080 2269 5140 serpentem.
2319 5068 2477 5136 Quod
2525 5084 2656 5124 vero
2705 5078 2816 5122 tum
2853 5082 2885 5122 a
2915 5065 3101 5138 Moyse
3131 5071 3216 5120 est
3247 5071 3514 5127 erectum,

1935 5160 2052 5217 sola
2099 5159 2184 5215 sui
2245 5158 2708 5230 contemplatione
2771 5155 3088 5211 medebatur
3125 5171 3138 5207 :
3171 5169 3280 5209 non
3328 5153 3518 5251 utiq‘ue

1935 5254 2078 5326 quod
2109 5254 2182 5307 ita
2213 5252 2483 5322 serpentis
2514 5259 2708 5306 natura
2757 5248 2958 5317 ferret;
2987 5248 3082 5305 sed
3122 5247 3266 5320 quod
3297 5247 3372 5302 ita
3407 5245 3512 5300 D'eo

1932 5345 2110 5400 visum
2161 5353 2328 5407 esset,
2389 5343 2481 5414 qui
2531 5359 2668 5412 quos
2723 5352 3004 5413 serpentes
3041 5347 3404 5412 pupugerant,
3449 5337 3511 5391 iis

1933 5452 2032 5507 per
2093 5443 2403 5504 serpentem
2446 5435 2571 5489 mali
2619 5435 2918 5490 remedium
2971 5444 3277 5504 paraverat.
3323 5432 3509 5501 Neque

1929 5540 2060 5582 vero
2095 5525 2292 5580 mirum
2316 5540 2438 5583 esse
2465 5527 2716 5598 cuiquam
2739 5534 2972 5598 oportet,
2997 5528 3043 5582 si
3069 5527 3213 5583 unde
3241 5526 3508 5596 quispiam

3094 5767 3163 5826 21
