3932 6064
399 219 514 277 ’651
575 221 586 231 ⁷

1839 220 1909 286 ’8.
1954 220 2300 282 EPIPHANII

413 336 586 394 ἔκδυε
621 336 821 403 fuerat,
883 336 1009 394 inde
1058 337 1386 394 medicinam
1423 337 1718 409 acceperit.
1766 337 1881 395 Nec
1923 352 1997 396 est

2117 347 2184 415 τῇ
2220 344 2414 416 ἐρήμῳ
2445 343 2533 398 διὰ
2575 344 2672 416 τὴν
2710 345 2912 412 αἰτίαν,
2941 347 3010 420 ἣν
3049 346 3219 404 ἐλθὼν
3251 347 3282 401 ὁ
3313 344 3520 414 Κύριος
3562 346 3720 415 λέγει

412 429 563 502 quod
586 431 796 486 idcirco
829 431 1064 486 conditae
1090 447 1180 487 res
1218 445 1248 484 a
1288 430 1400 486 Deo
1422 431 1824 502 vituperemur,
1863 434 2008 503 quod

416 523 666 578 nonnulli
727 537 922 578 rursus
975 521 1288 578 incredibili
1347 537 1538 578 errore
1587 522 1818 578 faciunt.
1875 523 2010 578 Illud

415 613 559 668 enim
587 613 774 684 ﬁgura:
804 613 981 668 instar
1010 611 1218 670 Judaeis
1252 614 1310 668 in
1347 614 1648 671 solitudine
1681 614 2011 686 degentibus

341 731 343 733 ι
400 710 696 759 ostensum
753 711 876 771 est;
940 705 1012 760 ob
1044 719 1167 760 eam
1215 705 1391 775 ipsam
1426 705 1721 773 rationem,
1752 721 1914 776 quam
1952 706 2010 760 in

408 792 706 864 Evangelio
726 794 892 868 274
917 793 1181 853 Dominus
1198 796 1487 867 expressit.
1509 795 1778 852 Nimirum
1816 820 1827 854 :
1858 797 2010 852 Sicut

406 884 667 940 exultavit
705 885 917 957 Moyses
963 897 1255 958 serpentem
1297 889 1356 943 in
1384 889 1612 957 deserto,
1646 891 1724 944 ita
1777 890 2011 944 exaltari

404 986 612 1047 oportet
650 978 852 1033 Filium
884 979 1112 1035 hominis
1133 982 1173 1047 ⁸,
1199 981 1344 1052 quod
1375 991 1564 1052 postea
1586 982 1836 1052 contigit.
1872 981 2008 1037 Nam

409 1068 585 1125 Judaei
622 1070 902 1128 Christum
931 1071 1222 1128 Dominum
1260 1073 1410 1129 velut
1433 1080 1740 1142 serpentem
1768 1073 1998 1143 ignomi-

411 1161 570 1218 niose
595 1169 916 1227 tractantes,
948 1163 1168 1234 ipsimet
1193 1165 1467 1235 serpentis
1495 1165 1731 1224 insidiis.
1784 1164 1889 1220 hoc
1925 1173 2010 1220 est

413 1253 642 1318 diaboli,
662 1255 1028 1312 vehementer
1055 1254 1248 1311 oll‘ensi
1281 1267 1428 1312 sunt.
1455 1256 1562 1313 Sed
1587 1265 1644 1311 ut
1673 1264 1858 1312 erecto
1884 1271 2006 1311 ser-

414 1353 598 1415 pente,
631 1346 683 1400 aii
709 1347 800 1416 qui
853 1361 1040 1403 morsu
1067 1358 1228 1404 erant
1255 1349 1503 1420 appetiti,
1543 1355 1766 1419 repente
1797 1348 2006 1404 liberati

413 1445 543 1494 sunt
567 1458 579 1493 :
599 1437 694 1504 ita,
728 1437 950 1495 Christo
979 1439 1034 1494 in
1063 1455 1284 1496 crucem
1313 1442 1552 1506 sublato,
1584 1441 1781 1495 anima:
1810 1449 2008 1496 nostra:

411 1546 442 1584 ιι
468 1533 677 1602 peccati
705 1532 982 1590 morsibus
999 1542 1128 1589 sunt
1148 1542 1432 1606 exemptae.
1453 1535 1630 1605 Atque
1652 1535 1794 1590 hanc
1826 1534 2004 1604 ipsam

409 1623 626 1680 Domini
647 1626 988 1680 sententiam
1028 1625 1096 1680 ad
1121 1627 1330 1686 erroris
1357 1628 1443 1684 sui
1467 1627 1834 1697 patrocinium
1871 1625 2005 1680 all‘e-

2112 439 2168 490 ὲν
2211 435 2289 507 τῷ
2338 437 2657 509 Εὐαγγελίῳ
2682 479 2696 504 ,
2774 439 2856 492 ὅτι
2899 439 2999 506 Ὠς
3051 441 3266 509 ὕψωσε
3307 437 3571 506 Μωῦσῆς
3605 440 3721 493 τὸν

2111 532 2252 602 ὄφιν
2279 533 2349 587 ὲν
2376 532 2450 601 τῇ
2479 533 2701 604 ἐρήμῳ,
2733 535 2921 600 οὕτως
2958 533 3276 604 ὑψωθῆναι
3299 532 3395 588 δεῖ
3416 531 3528 588 τὸν
3570 535 3718 588 rte:-

2111 625 2216 679 τοῦ
2253 624 2594 694 ἀνθρώπου,
2621 626 2651 680 ὃ
2672 628 2765 681 καὶ
2798 627 3009 696 γέγονε.
3056 628 3227 697 Δίκην
3255 627 3367 698 γὰρ
3389 627 3569 698 ὄφεως
3594 627 3713 680 ἀτι-

2114 717 2387 788 μάσαντες
2410 717 2503 772 τὸν
2531 719 2759 791 Σωτῆρα
2780 759 2795 785 ,
2817 718 2925 772 ἀπὸ
2959 718 3253 790 ἐπιϐουλῆς
3277 719 3376 789 τῆς
3399 717 3496 772 τοῦ
3531 719 3712 788 ὄφεως

2110 807 2409 877 ἠδικοῦντο,
2447 809 2590 882 φημὶ
2617 808 2673 862 δὲ
2697 808 2791 862 τοῦ
2813 809 3082 863 διαϐόλου.
3123 809 3235 862 Καὶ
3251 809 3508 882 καθάπερ
3541 809 3599 861 ὲν
3625 807 3706 879 τῷ

2110 898 2366 970 ύψιίιματι
2399 899 2493 953 τοῦ
2519 899 2698 970 ὄφεως
2733 901 2879 964 ῐασις
2914 901 3162 970 ἐγίγνετο
3192 901 3307 964 τοῖς
3326 898 3706 971 δεδηγμένοις,

2107 987 2282 1056 οὕτως
2310 991 2406 1044 ἐπὶ
2443 994 2509 1063 τῇ
2570 991 2664 1046 τοῦ
2693 991 2933 1064 Χριστοῦ
2966 990 3273 1064 σταυρώσει
3302 990 3475 1062 λύτρα
3510 992 3706 1060 γέγονε

2106 1083 2228 1147 ταῖς
2271 1084 2427 1154 ἡμῶν
2493 1083 2696 1154 ψυχαῖς
2747 1085 2857 1139 ἀπὸ
2908 1084 3019 1138 τῶν
3089 1085 3148 1138 ὲν
3199 1085 3334 1155 ἡμῖν
3390 1083 3707 1153 γενομένων

2107 1171 2401 1244 δηγμάτων
2443 1172 2541 1243 τῆς
2574 1173 2870 1246 ἁμαρτίας.
2901 1173 3132 1246 Φέρουσι
3171 1173 3230 1229 δὲ
3266 1172 3362 1226 καί
3390 1171 3522 1226 αὐτὸ
3546 1170 3709 1225 τοῦτο

2106 1264 2168 1316 τὸ
2196 1264 2356 1336 ρητδν
2393 1265 2532 1338 πρὸς
2569 1266 2879 1338 μαρτυρίαν
2908 1268 2956 1318 οἱ
2983 1265 3140 1319 αὐτοὶ
3169 1264 3442 1333 λέγοντες,
3474 1264 3556 1317 ὅτι
3588 1265 3706 1335 Ούχ

2105 1359 2258 1429 ὁρᾷς,
2325 1357 2402 1422 ὼς
2456 1354 2609 1412 εἶπεν
2670 1361 2700 1412 ό
2761 1357 2976 1430 Σωτὴρ,
3036 1361 3140 1412 Ὃν
3196 1357 3423 1426 τρόπον
3491 1356 3706 1425 ὕψωσε

2107 1447 2376 1518 Μωυσῆς
2407 1450 2519 1522 τὸν
2546 1449 2686 1520 ὄφιν
2720 1450 2792 1504 ἐν
2817 1449 2891 1520 τῇ
2906 1449 3128 1519 ἐρήμῳ,
3152 1449 3349 1515 οὕτως
3381 1449 3702 1518 ὑψωθῆναι

2105 1531 2213 1590 δεῖν
2231 1536 2341 1590 τὸν
2381 1531 2520 1592 Υἷὸν
2557 1537 2662 1592 τοῦ
2711 1538 3063 1607 ἀνθρώπους
3086 1538 3198 1592 Καὶ
3229 1537 3317 1591 διὰ
3337 1536 3497 1591 τοῦτο
3525 1537 3620 1591 καὶ
3643 1539 3704 1592 ὲν

2106 1628 2251 1699 ἄλλῳ
2268 1629 2439 1700 τόπῳ,
2479 1629 2637 1699 φασὶ,
2669 1629 2816 1699 λέγει
2843 1631 2863 1662 ⁸
2887 1670 2902 1696 ,
2935 1630 3017 1684 ὅτι
3050 1630 3306 1685 Γίνεσθε
3331 1629 3703 1700 φρόνιμοιὼς

355 1708 363 1719 ’
409 1725 559 1773 runt.
591 1717 781 1774 Nonne
806 1720 978 1784 vides,
1010 1721 1286 1790 inquiunt,
1311 1720 1386 1774 ita
1428 1720 1814 1788 pronuntiasse
1841 1717 1997 1773 Chri-

2107 1721 2140 1774 ὀ
2179 1719 2335 1789 ὄφις,
2406 1721 2508 1778 καὶ
2555 1719 2822 1790 ἀκέραιοι
2856 1721 2938 1787 ὡς
2975 1720 3340 1790 περιστεραί.
3371 1721 3485 1774 Kal.
3523 1720 3591 1774 τὰ
3622 1721 3700 1783 εἰς

411 1817 558 1866 stum
598 1815 747 1878 :Quo
785 1811 941 1866 modo
973 1813 1224 1866 exultavit
1256 1811 1468 1881 Moyses
1513 1819 1803 1881 serpentem
1833 1811 1886 1864 in
1909 1809 2005 1864 de-

409 1916 574 1970 serto,
633 1903 711 1956 ita
735 1903 984 1957 exaltari
1031 1913 1232 1971 oportet
1295 1902 1497 1958 Filium
1543 1904 1770 1957 hominis
1801 1904 1834 1959 Τ
1867 1905 2007 1958 Pro—

411 2003 596 2064 pterea
623 2003 678 2050 et
727 1995 835 2049 alio
883 1996 1004 2050 loco
1041 1996 1122 2051 sic
1152 1995 1398 2066 praecipit
1435 2014 1448 2049 :
1483 1995 1666 2049 Estote
1718 1994 2000 2062 prudentes

2107 1807 2350 1879 σύμϐολα
2393 1809 2741 1873 διδασκαλίας
2798 1811 2862 1863 ὲκ
2923 1809 3059 1863 Θεοῦ
3123 1809 3307 1874 καλῶς
3361 1810 3698 1880 τεταγμένα,

2111 1892 2260 1953 οῦτοι
2334 1901 2413 1965 είς
2468 1900 2567 1974 τὴν
2628 1900 2836 1955 ἑαυτῶν
2892 1902 3135 1956 ἐπίνοιαν
3195 1902 3297 1975 τὴν
3335 1903 3699 1976 ⁴ιιπινπημένειιν

2112 1992 2391 2063 φέρουσιν.

411 2096 469 2140 ut
497 2095 779 2157 serpentes,
809 2096 860 2140 et
875 2087 1138 2156 simplices
1168 2088 1306 2140 sicut
1339 2085 1595 2140 columba:
1629 2089 1671 2139 '.
1708 2084 1800 2140 Sic
1835 2087 2003 2156 igitur
2038 2085 2128 2142 isti
2160 2101 2298 2156 quas
2327 2084 2596 2156 imagines
2625 2099 2690 2140 ac
2715 2086 2872 2158 signa
2903 2086 3184 2142 caelestem
3254 2087 3324 2143 ad
3387 2086 3695 2144 doctrinam

410 2180 672 2247 praeclare
700 2178 841 2232 Deus
874 2177 1176 2244 transtulit,
1197 2193 1260 2232 ea
1300 2177 1368 2232 ad
1401 2178 1718 2249 dogmatum
1762 2193 1989 2234 suorum
2029 2175 2322 2235 falsitatem
2388 2177 2741 2232 asserendam
2775 2179 3122 2249 impudenter
3147 2180 3588 2236 accommodant.

482 2271 617 2326 VIII.
649 2270 931 2342 Siquidem
979 2271 1142 2327 Jesus
1183 2272 1446 2328 Christus
1491 2273 1753 2329 Dominus
1787 2281 1996 2337 noster,

409 2361 664 2432 idemque
694 2361 835 2418 Deus
873 2361 1136 2427 Verbum,
1168 2378 1198 2418 a
1223 2363 1388 2420 Patre
1413 2374 1542 2420 ante
1575 2367 1775 2421 saecula
1814 2368 1999 2423 omnia

407 2454 528 2508 sine
562 2452 834 2524 principio
874 2460 1204 2524 ac-tempore
1236 2455 1350 2509 ullo
1377 2456 1616 2527 genitus,
1650 2472 1996 2528 nequaquam

406 2552 498 2600 est
525 2560 774 2616 serpens,
811 2545 1002 2617 procul
1023 2546 1168 2602 absit
1195 2547 1343 2601 utita
1367 2549 1691 2615 sentiamus,
1737 2550 1830 2605 sed
1864 2566 1998 2604 con-

408 2649 492 2693 tra
536 2649 845 2710 serpentem
901 2638 1141 2694 advenit.
1171 2639 1282 2706 'Qui
1320 2641 1366 2695 si
1393 2641 1722 2712 quandoque
1747 2642 1947 2716 dixerit
1979 2657 1992 2693 :

407 2731 592 2787 Estote
615 2732 896 2802 prudentes
930 2743 988 2784 ut
1029 2744 1312 2802 serpentes,
1345 2743 1393 2787 et
1428 2732 1692 2802 simplices
1734 2733 1871 2787 sicut
1903 2749 1992 2786 co-

408 2823 620 2888 lumbw,
654 2824 782 2878 illud
805 2825 1144 2894 interrogare
1170 2839 1290 2886 nos,
1316 2840 1728 2896 accognosccre
1753 2840 1852 2896 par
1884 2833 1988 2889 est,

407 2931 509 2970 cur
528 2916 618 2970 illa
645 2915 774 2980 duo,
797 2915 1106 2970 columbam
1138 2917 1349 2973 scilicet
1378 2933 1442 2972 ac
1473 2925 1802 2989 serpentem,
1831 2917 1991 2974 nobis

407 3005 727 3062 erudiendis
760 3008 1122 3077 proposuerit.
1173 3007 1394 3062 Nullum
1426 3009 1570 3063 enim
1612 3009 1668 3063 in
1712 3015 1987 3078 serpente,

408 3106 608 3167 praeter
632 3097 834 3168 duplex
881 3097 1035 3167 illud,
1069 3100 1373 3170 prudentiae
1400 3101 1677 3171 specimen
1717 3108 1942 3172 apparet
1976 3117 1988 3152 :

406 3191 644 3261 primum
693 3190 840 3260 quod
892 3192 1166 3261 appetitus
1192 3193 1260 3246 ab
1311 3193 1517 3262 aliquo,
1552 3207 1678 3246 cum
1725 3192 1778 3245 in
1818 3191 1996 3262 capite

403 3283 570 3336 vitam
621 3297 841 3338 omnem
913 3297 1069 3337 suam
1113 3282 1357 3337 residere
1402 3283 1623 3344 sentiat,
1655 3283 1803 3336 velut
1826 3283 1998 3336 inter-

402 3373 612 3426 dictum
648 3372 782 3426 illud
835 3372 1066 3436 veritus,
1101 3371 1247 3440 quod
1297 3378 1520 3440 propter
1545 3371 1821 3426 hominem
1851 3370 1996 3428 Deus

403 3463 531 3517 olim
562 3463 619 3518 in
653 3479 776 3518 sese
801 3463 1214 3533 pronuntiavit:
1240 3461 1415 3533 Caput
1443 3461 1509 3516 ab
1542 3462 1663 3533 ipso
1696 3463 1994 3528 custodies,

403 3555 495 3610 ille
525 3570 556 3608 a
580 3562 634 3609 te
652 3555 970 3608 calcaneum
999 3554 1020 3584 ³
1049 3571 1062 3608 :
1089 3559 1208 3606 toto
1235 3553 1288 3607 in
1319 3561 1484 3623 caput
1519 3552 1845 3623 complicato
1879 3568 1996 3608 cor-

402 3660 560 3715 pore,
602 3643 846 3715 illudque
891 3653 1178 3716 protegens
1217 3651 1271 3700 et
1307 3645 1614 3712 occultans,
1641 3660 1856 3700 summa
1883 3645 1997 3701 cal-

403 3737 620 3791 liditate
652 3736 924 3807 reliquum
959 3751 1161 3807 corpus
1202 3737 1447 3807 opponit.
1486 3737 1578 3792 Sic
1625 3753 1726 3794 nos
1758 3739 1994 3808 unigena

402 3825 499 3883 Dei
549 3826 723 3883 Filius
769 3843 799 3881 a
846 3826 1008 3884 Patre
1064 3843 1414 3899 progressus,
1466 3829 1583 3886 sive
1630 3829 1785 3885 hoste
1810 3844 1993 3900 perse-

401 3931 627 3993 quente,
681 3923 819 3986 sive,
870 3922 1067 3992 quavis
1122 3921 1414 3993 ingruente
1467 3922 1801 3986 calamitate,
1836 3921 1992 3990 jubet

403 4026 588 4071 nostra
617 4017 802 4069 omnia
833 4014 980 4070 ferro
1032 4028 1095 4068 ac
1127 4013 1362 4069 ﬂammis
1393 4016 1992 4086 exponere,solumque

405 4109 572 4164 tutari
617 4117 804 4179 caput,
860 4107 966 4162 hoc
995 4115 1081 4163 est
1127 4107 1353 4162 minime
1389 4107 1662 4178 abnegare
1682 4107 1986 4162 Christum.

403 4200 673 4267 Quoniam
705 4209 870 4271 caput
913 4199 1095 4256 omnis
1125 4199 1228 4254 viri
1275 4209 1358 4254 est
1386 4199 1661 4262 Christus,
1697 4199 1781 4252 vir
1806 4207 1987 4253 autem

401 4292 650 4346 mulieris
710 4299 874 4361 caput
926 4301 1034 4355 est,
1087 4298 1251 4361 caput
1299 4304 1428 4344 vero
1475 4289 1679 4343 Christi
1725 4287 1890 4354 Deus,
1927 4296 1987 4342 ut

2178 2274 2261 2328 H'.
2300 2270 2358 2328 '0
2384 2273 2495 2344 γὰρ
2528 2272 2727 2345 Κύριος
2743 2273 2902 2344 ἡμῶν
2936 2274 3141 2347 Ἰησοῦς
3170 2276 3406 2348 Χριστὸς
3437 2275 3533 2331 καὶ
3563 2275 3698 2340 Θεὸς

2105 2365 2298 2433 Λόγος,
2329 2366 2358 2417 ὁ
2380 2365 2450 2417 ὲκ
2480 2365 2694 2436 Πατρός
2734 2365 2842 2437 πρὸ
2886 2365 3104 2420 πάντων
3127 2365 3238 2420 τῶν
3275 2366 3490 2422 αἰώνων
3524 2367 3697 2440 ἀνάρο

2103 2476 2214 2529 χως
2249 2457 2345 2513 καὶ
2391 2457 2639 2530 ἀχρόνως
2661 2456 2966 2529 γεννηθεὶς,
3015 2457 3117 2510 ούκ
3147 2456 3292 2526 δφις,
3342 2457 3418 2529 μὴ
3447 2457 3687 2525 γένοιτοί

2102 2549 2238 2604 ἀλλὰ
2279 2550 2425 2604 κατὰ
2452 2549 2545 2604 τοῦ
2610 2551 2788 2620 ὕφεως
2844 2549 3008 2612 αὐτὸς
3039 2543 3224 2620 ἦλθεν.
3271 2548 3399 2602 Ἐὰν
3436 2548 3498 2602 δὲ
3540 2548 3695 2622 εῑπῃο

2102 2641 2360 2694 Γίνεσθε
2396 2641 2673 2710 φρόνιμοι
2721 2642 2802 2706 ὠς
2838 2643 2870 2695 ὀ
2915 2639 3072 2710 ὄφις,
3103 2638 3202 2692 καὶ
3227 2637 3494 2707 ἀκέραιοι
3523 2639 3605 2704 ὡς
3633 2640 3697 2693 al

2051 2794 2060 2806 θ
2097 2732 2473 2800 περιστεραί·
2519 2731 2600 2785 δεῖ
2635 2733 2786 2804 ἡμᾶς
2816 2733 3027 2804 ἐρωτᾷν
3061 2732 3156 2787 καὶ
3189 2730 3505 2800 γινώσκειν,
3528 2730 3618 2784 διὰ
3639 2731 3694 2783 τί

2095 2825 2165 2879 τὰ
2195 2825 2288 2879 δύο
2315 2824 2487 2880 ταῦτα
2517 2824 2786 2897 πρόσωπα
2815 2826 2945 2896 ἡμῖν
2970 2825 3052 2888 εἱς
3088 2822 3439 2878 διδασκαλίαν
3462 2827 3694 2894 trapeto-

2098 2918 2297 2989 ἡγαγε,
2348 2920 2447 2991 τῆς
2485 2933 2545 2972 τε
2582 2919 2915 2989 περιστερᾶς
2943 2918 3039 2972 καὶ
3067 2915 3161 2970 τοῦ
3188 2903 3381 2985 ὄφεως.
3424 2915 3596 2969 Οὐδὲν
3631 2914 3689 2968 δὲ

2097 3011 2157 3064 ὲν
2194 3009 2272 3082 τῷ
2300 3010 2421 3080 δφει
2451 3007 2714 3081 φρόνιμον
2758 3009 2899 3082 πλὴν
2931 3007 3026 3063 δύο
3059 3007 3302 3062 τούτων’
3362 3007 3447 3060 ὅτι
3495 3008 3555 3060 ὲν
3614 3005 3694 3078 τῷ

2096 3100 2387 3155 διώκεσθαι
2414 3099 2721 3169 γινώσκων,
2755 3098 2838 3153 ὅτι
2867 3100 2926 3152 ὲν
2945 3101 3014 3170 τῇ
3034 3095 3244 3168 κεφαλῇ
3277 3095 3447 3150 αὐτοῦ
3478 3098 3512 3167 ὴ
3539 3097 3692 3150 πᾶσα

2098 3193 2213 3263 ζωὴ
2246 3191 2415 3246 αὑτοῦ
2443 3191 2724 3262 τυγχάνει,
2753 3190 2849 3245 καὶ
2891 3187 3078 3253 δεδιὼς
3105 3189 3205 3260 τὴν
3238 3187 3521 3260 ἀνωτέραν
3556 3187 3689 3260 πρὸς

2097 3285 2259 3341 αὐτὸν
2323 3285 2623 3356 εἰρημένην
2673 3282 2783 3337 ἀπὸ
2835 3281 2930 3336 τοῦ
2958 3279 3097 3342 Θεοῦ
3141 3281 3231 3335 διὰ
3263 3281 3358 3334 τὸν
3401 3279 3694 3350 ἄνθρωπον

2097 3373 2436 3448 προσταγὴν,
2471 3375 2554 3427 δτι
2593 3371 2852 3439 Φυλάξεις
2884 3372 3052 3427 αὐτοῦ
3104 3371 3368 3443 κεφαλὴν,
3422 3371 3587 3435 αὐτὸς
3627 3369 3689 3424 δέ

2098 3484 2191 3520 σου
2222 3466 2486 3538 πτέρναν·
2518 3466 2639 3519 ὅλον
2666 3465 2726 3518 τὸ
2751 3464 2912 3536 σῶμα
2939 3464 3229 3534 ὲνειλήςας.
3256 3464 3351 3517 ἐπὶ
3389 3462 3489 3534 τὴν
3513 3479 3686 3532 κεφαο

2095 3557 2192 3630 λὴν
2216 3557 2403 3621 αὑτοῦ,
2429 3556 2663 3629 κρύπτει
2718 3555 2819 3628 μὲν
2845 3556 2906 3610 τδ
2943 3555 3170 3628 κρανίον
3195 3553 3415 3617 ἑαυτοῦ,
3457 3554 3688 3626 παραδί-

2093 3649 2225 3705 δωσι
2256 3650 2389 3704 δὲτὸ
2418 3650 2546 3706 ἄλλο
2569 3649 2731 3721 σῶμα
2761 3650 2820 3704 ὲν
2839 3649 3116 3722 ὑπερϐολῇ
3141 3648 3504 3719 πανουργίας.
3532 3646 3687 3700 Οὕτω

2094 3743 2239 3797 θέλει
2276 3744 2426 3816 ἡμᾶς
2455 3745 2484 3798 ό
2517 3741 2810 3815 μονογενὴς
2835 3742 2968 3807 Θεὸς
2999 3743 3028 3796 ό
3056 3744 3122 3796 ὲκ
3151 3739 3365 3812 [ἰατρὸς
3405 3738 3685 3813 προελθὼν

2093 3837 2152 3888 ὲν
2176 3835 2354 3908 καιρῷ
2383 3835 2627 3907 διωγμοῦ
2661 3835 2758 3889 καὶ
2787 3836 2844 3888 ὲν
2865 3833 3044 3906 καιρῷ
3067 3830 3378 3903 πειρασμοῦ
3404 3831 3474 3884 τὰ
3508 3832 3687 3885 πάντα

2093 3927 2252 3999 ἡμῶν
2279 3924 2633 4000 παραδιδόναι
2669 3927 2918 3999 μαχαίρᾳ
2968 3941 3030 3978 τε
3061 3924 3156 3980 καὶ
3201 3921 3360 3992 πυρὶ,
3393 3922 3689 3990 φυλάττειν

2092 4019 2150 4072 δὲ
2183 4018 2392 4073 ἑαυτῶν
2422 4018 2522 4090 τὴν
2550 4017 2817 4089 κεφαλὴν,
2850 4017 3098 4071 τουτέστι
3127 4015 3362 4088 Χριστὸν
3405 4013 3487 4086 μὴ
3515 4015 3689 4085 ἀρνεῖ⁸

2093 4110 2239 4167 σθαι.
2283 4109 2613 4182 Ἐπειδήπερ
2642 4110 2852 4180 κεφαλὴ
2875 4108 3076 4172 παντὸς
3102 4107 3395 4181 ἀνθρώπου
3425 4106 3686 4179 Χριστὸς,

2091 4197 2307 4268 κεφαλὴ
2327 4198 2383 4252 δὲ
2397 4197 2653 4265 γυναικὸς
2681 4200 2710 4252 ὁ
2733 4199 2895 4271 ἀνὴρ,
2916 4197 3129 4268 κεφαλὴ
3143 4197 3198 4250 δὲ
3214 4195 3454 4268 Χριστοῦ
3483 4199 3514 4249 ό
3532 4195 3685 4259 Θεὸς,

2093 4291 2233 4346 κατὰ
2263 4289 2354 4344 τὸν
2382 4290 2723 4344 Ἀπόστολον.
2753 4291 2984 4361 Ἕτερον
3009 4289 3172 4343 πάλιν
3195 4289 3306 4360 ἔχει
3340 4287 3689 4360 φρονιμώτα-

3612 231 3726 286 652
3795 212 3804 220 ’

2088 4400 2182 4438 τον
2213 4383 2325 4454 (47)
2366 4385 2396 4438 ὁ
2433 4384 2574 4453 ὄφις,
2609 4383 2683 4448 ὣς
2714 4401 2876 4454 φασιν
2913 4384 2963 4437 oi
2987 4382 3304 4454 ,φυσιολόγοι
3337 4382 3470 4453 περὶ
3490 4381 3684 4434 τούτου

401 4383 699 4452 Apostolus
752 4383 992 4452 loquitur
1024 4382 1064 4436 ‘.
1097 4380 1244 4437 Inest
1289 4397 1415 4438 vere
1447 4391 1500 4436 et
1526 4380 1760 4436 alterum
1791 4382 1847 4435 in
1875 4396 1988 4437 ser-

2088 4475 2183 4530 τοῦ
2222 4451 2387 4541 triton.
2425 4451 2596 4531 Ὅταν
2621 4451 2737 4546 γὰρ
2763 4474 2993 4546 διψήσας
3010 4451 3137 4528 duo
3170 4451 3264 4526 τϐῦ
3299 4451 3514 4541 φωλεοῦ
3550 4488 3687 4542 προ-

399 4484 564 4546 pente
595 4475 899 4546 prudentiae
933 4491 1126 4546 genus,
1159 4483 1220 4528 ut
1251 4475 1318 4530 de
1338 4489 1407 4529 eo
1441 4473 1743 4545 physiologi
1785 4481 1983 4530 testan-

401 4581 514 4628 tur.
544 4569 684 4626 Cum
721 4570 866 4625 enim
915 4584 946 4624 e
990 4582 1154 4624 cavea
1191 4567 1384 4623 sitiens
1422 4567 1490 4622 ad
1520 4583 1718 4638 aquam
1763 4566 1984 4623 bibendi

2102 4569 2235 4622 ἐλΟοι
2269 4569 2360 4621 ἐπί
2382 4585 2433 4621 τι
2469 4567 2614 4638 ὕδωρ
2649 4568 2736 4620 ἶνα
2774 4566 2894 4637 πίῃ,
2920 4565 2981 4619 ού
3009 4562 3550 4636 συμπαραλαμϐάνει
3575 4562 3688 4628 λὸν

399 4663 576 4731 gratia
630 4663 893 4732 prorepit,
936 4662 1088 4715 virus
1135 4673 1320 4714 secum
1358 4674 1465 4713 non
1493 4658 1657 4728 275
1687 4657 1862 4723 ell'ert,
1890 4658 1984 4715 sed

2102 4658 2172 4732 [δν
2207 4656 2328 4728 μεθ’
2363 4655 2578 4720 ἑαυτοῦ,
2607 4654 2742 4708 ἀλλὰ
2795 4655 2854 4708 ὲν
2891 4653 2970 4724 τῷ
3015 4652 3208 4724 φωλεῷ
3245 4652 3684 4724 καταλιμπάνειν

400 4752 630 4807 latibulo
658 4752 910 4821 relinquit
935 4767 950 4811 ;
983 4751 1166 4820 itaque
1191 4749 1258 4805 ad
1287 4757 1475 4820 potum
1504 4749 1804 4820 egreditur.

2102 4747 2192 4801 καὶ
2222 4745 2396 4809 οὕτως
2423 4744 2592 4799 ἐλθὼν
2622 4744 2891 4817 λαμϐάνει
2921 4743 3160 4814 τὸ,πόμα
3192 4743 3301 4795 τῶν
3322 4742 3558 4797 ὑδάτων.

472 4843 631 4911 Quod
663 4845 879 4914 quidem
933 4843 1092 4898 nobis
1136 4841 1459 4897 imitandum
1506 4841 1832 4911 proponitur
1874 4859 1888 4896 :
1931 4849 1991 4894 ut

2160 4840 2272 4894 Καὶ
2290 4839 2443 4894 αὐτοὶ
2468 4834 2561 4893 οῦν
2591 4837 2750 4892 τοῦτο
2785 4834 3180 4910 μιμησὼμεθα,
3219 4835 3327 4900 ἵνα,
3356 4836 3488 4888 ὅταν
3515 4836 3688 4908 ὲρχὼ-

398 4953 525 4993 cum
563 4936 632 4992 ad
685 4945 932 4994 sanctam
969 4935 1064 4992 Dci
1101 4936 1406 4992 Ecclesiam
1448 4933 1643 4989 orandi
1674 4934 1872 5004 gratia,
1903 4934 1988 4988 vel

2102 4931 2233 5004 μεθα
2258 4931 2352 4984 ἐπὶ
2386 4931 2486 5003 τὴν
2533 4931 2693 4999 ἁγίαν
2721 4929 2814 4984 τοῦ
2850 4927 2987 4982 Θεοῦ
3039 4928 3389 4998 Ἐκκλησίαν,
3414 4928 3451 4998 ἢ
3482 4930 3562 4990 εἰς
3595 4927 3689 4979 εὑ-

400 5031 470 5084 ad
504 5029 822 5101 usurpanda
903 5029 999 5084 Dei
1055 5029 1316 5100 mysteria
1360 5026 1743 5089 convenimus,
1774 5025 1985 5081 nullum

2102 5025 2207 5096 (ὴν,
2242 5024 2276 5094 ἢ
2307 5025 2386 5088 είς
2407 5024 2478 5076 τὰ
2517 5023 2614 5078 τοῦ
2655 5022 2792 5078 Θεοῦ
2819 5022 3116 5094 μυστήρια,
3151 5019 3226 5092 μὴ
3274 5020 3537 5092 φέρωμεν
3564 5019 3687 5091 μεθ’

399 5121 691 5209 nobiscum
733 5123 938 5190 scelus,
980 5123 1314 5192 voluptatein
1362 5120 1591 5186 nullam,
1642 5117 1822 5175 nullas
1855 5132 1980 5173 cum

2102 5115 2294 5171 ;αυτῶν
2323 5116 2544 5184 κακίαν,
2575 5116 2608 5188 ἢ
2659 5115 2872 5187 ἡδονὴν,
2918 5114 2953 5184 ἢ
2998 5112 3219 5185 ἔχθραν,
3254 5113 3289 5184 ἡ
3317 5129 3373 5165 τι
3404 5112 3595 5183 ἕτερον
3624 5117 3686 5165 ὲν

400 5204 673 5286 quoquam
705 5216 1031 5276 simultates.
1065 5212 1277 5270 uallum
1305 5213 1542 5284 denique
1575 5212 1630 5267 in
1655 5211 1855 5266 animis
1882 5224 1983 5264 no-

2102 5212 2200 5274 ςαῖς
2227 5209 2489 5274 διανοίαις
2517 5208 2718 5263 αὐτῶν.
2758 5208 2913 5262 Ἐπεὶ
2941 5206 3059 5270 ruit;
3086 5205 3153 5260 ἂν
3185 5204 3404 5276 ἔχωμεν
3441 5204 3685 5267 δυνατῶς

2018 4431 2061 4484 D

479 5370 494 5400 ¹
520 5371 680 5428 Joan.
711 5389 792 5440 ιιι,
823 5375 910 5430 14.
989 5376 1010 5407 ²
1041 5373 1232 5429 Matth.
1265 5391 1319 5440 x,
1351 5373 1438 5429 16.
1515 5375 1536 5406 ⁸
1563 5371 1698 5428 Gen.
1732 5388 1819 5438 ιιι,
1858 5369 1948 5426 16.

2124 5373 2251 5426 Cor.
2278 5387 2358 5437 ιι,
2385 5372 2468 5427 15.
2550 5371 2572 5404 ⁸
2609 5389 2699 5442 γρ.
2734 5370 2883 5440 λέγει
2913 5367 3097 5439 φασίν.

473 5533 584 5603 (47)
625 5531 870 5601 Ἕτερον
903 5531 1089 5588 πάλιν
1112 5532 1251 5603 -ἕχει
1287 5531 1750 5603 φρονιμώτητος.
1778 5528 1966 5585 Ambr.

2102 5529 2283 5584 ’ontem
2319 5529 2510 5603 evomit
2538 5544 2787 5603 venenum
2814 5546 2992 5603 suum,
3021 5539 3073 5584 et
3095 5540 3281 5601 postea
3319 5530 3476 5583 bibit.
3501 5528 3600 5603 lto
3632 5540 3687 5585 et

399 5599 576 5660 serm.
617 5604 672 5660 in
711 5599 811 5675 fer.
857 5620 894 5658 ιι
940 5611 1062 5674 post
1106 5599 1263 5657 Dom.
1290 5599 1519 5675 τουπ.
1553 5603 1811 5675 :Serpens
1851 5616 1969 5654 cum
2077 5599 2174 5675 nos
2205 5600 2417 5671 quando
2438 5601 2507 5653 ad
2538 5600 2709 5655 altare
2735 5601 2829 5654 Dei
2861 5599 3314 5656 communicatur:
3350 5599 3683 5672 accedimus,

399 5677 591 5732 venerit
616 5675 686 5733 ad
710 5670 989 5750 bibendum
1026 5690 1239 5746 aquam,
1265 5673 1574 5744 priusquam
1611 5671 1775 5739 bibat,
1815 5681 1969 5728 extra
2077 5670 2399 5741 deponamus
2437 5687 2684 5744 venenum
2720 5678 3030 5740 pessimum.
3058 5683 3167 5728 etc.
