4078 6074
269 176 378 234 655
484 145 488 150 ’

878 169 1251 228 ΑογΕιιδυε
1289 167 1634 225 HERESES
1673 166 1803 223 LIB.
1844 165 1883 223 1.
1925 164 2091 222 TOM.
2127 164 2216 220 Ill.
2258 197 2328 206 —
2369 163 2647 221 HA‘IRES.
2689 165 2973 223 XXXVIII.

3450 169 3561 225 εει

271 291 367 345 καὶ
394 291 496 362 τὴν
534 285 868 360 περιστερὰν
901 283 1270 357 μιμήσασθαι,
1302 286 1378 357 μὴ
1405 285 1564 350 ἐκτὸς
1586 285 1868 356 γενόμενοι

1983 283 2106 339 stris
2178 282 2547 352 improbitatis
2601 282 2893 352 vestigium
2970 279 3282 337 etl'eramus.
3345 282 3563 354 Alioqui

274 382 466 446 κακίας
487 399 501 445 ;
534 380 712 436 καίτοι
733 395 797 448 γε
834 377 930 431 τοῦ
956 378 1147 446 γένους
1171 377 1270 447 τῆς
1294 379 1623 449 περιστερᾶς
1641 378 1702 430 ὲν
1731 375 1871 429 πολν

273 477 383 540 λοῖς
404 474 729 547 πράγμασιν
781 472 883 525 οὐκ
926 473 1148 524 ὲπαινου
1158 470 1342 542 μένου.
1404 469 1726 523 ’Λκὸλαστον
1761 467 1870 539 γὰρ

273 565 432 634 γένος
473 563 830 636 περιστερᾶς,
876 562 972 615 καὶ
1014 558 1342 631 πολυμιξίας
1383 559 1458 630 μὴ
1493 558 1873 628 ἀνακοπτόμε-

280 673 388 717 ιον,
417 655 614 723 λάγνον
655 670 716 706 τε
765 652 862 706 καὶ
891 651 1013 707 καθ’
1046 649 1199 722 ὤραν
1236 649 1398 721 ἡδονῇ
1436 649 1872 721 προσανακείμεο

271 765 388 806 νον.
434 746 581 819 Πρὸς
606 745 664 799 δὲ
696 744 908 808 τούτοις
940 743 1130 800 ἄτονον
1159 745 1256 797 καὶ
1299 741 1550 814 βληχρόν.
1584 739 1698 800 Διὰι
1726 741 1784 795 δὲ
1811 743 1872 794 τὸ

279 844 490 900 ἄκακον
509 837 606 891 καὶ
642 835 1002 909 μακρόθυμον
1047 835 1141 889 καὶ
1174 834 1555 906 ἀμνησίκακον
1579 833 1673 902 τοῦ
1706 833 1867 899 ζὼου,

264 933 360 991 ,ἔτι
394 931 502 1004 μὴν
528 931 624 984 καὶ
648 930 735 984 διὰ
767 928 830 983 τὸ
880 929 938 983 ὲν
961 927 1099 981 ἐἴδει
1143 927 1474 999 περιστερᾶς
1511 925 1782 995 πεφάνθαι
1812 924 1871 978 τὸ

278 1023 436 1091 ἅγιον
487 1019 736 1092 Πνεῦμα,
775 1019 1116 1091 μιμήσασθαι
1163 1019 1311 1090 ἡμᾶς
1355 1017 1602 1089 βούλεται
1646 1019 1676 1070 ὀ
1728 1017 1871 1082 θεῖος

276 1114 438 1182 λόγος
475 1113 570 1168 τοῦ
623 1113 780 1182 ἁγίου
816 1113 1135 1184 Πνεῦματος
1177 1112 1277 1184 τὴν
1327 1111 1600 1183 βούλησιν,
1644 1111 1739 1165 καὶ
1769 1110 1870 1182 τῆς

279 1206 494 1260 ἀκάκου
548 1205 881 1277 περιστερᾶς
923 1204 1025 1275 τὴν
1063 1202 1320 1268 ἀκακίαν,
1369 1202 1530 1267 δντας
1577 1201 1676 1274 μὲν
1720 1204 1870 1274 ἡμᾶς

280 1297 584 1370 φρονίμους
620 1298 701 1360 είς
731 1296 793 1349 τὸ
823 1293 1048 1364 ἀγαθὸν,
1073 1292 1365 1363 ἀκεραίους
1397 1291 1453 1345 δὲ
1477 1293 1558 1355 είς
1587 1291 1648 1344 τὸ
1674 1292 1865 1345 κακόν.

279 1393 396 1448 Κῖιὶ
431 1393 652 1446 λέλυται
693 1393 729 1462 ἡ
770 1390 974 1444 τούτων
1021 1389 1172 1443 πᾶσα
1211 1387 1644 1461 δραματουργία.
1692 1385 1869 1451 Εὐθὺς

279 1487 394 1559 γὰρ
430 1487 459 1540 ὁ
484 1485 638 1554 ἅγιος
678 1482 998 1546 Ἀπόστολος
1025 1482 1086 1535 τὸ
1115 1480 1420 1551 πανοῦργον
1452 1480 1545 1532 καὶ
1585 1478 1868 1532 ἐπίϐουλον

279 1579 382 1648 οὐχ
405 1577 647 1650 ὁρίζεται
677 1572 1105 1646 περισσοτέρως,
1148 1569 1287 1624 ἀλλὰ
1327 1570 1466 1624 κατὰ
1499 1569 1592 1623 τοῦ
1621 1569 1866 1626 διαϐόλου

1981 374 2255 445 quomodo
2275 374 2582 429 columbam
2612 374 2972 437 imitabimur,
3004 375 3107 430 nisi
3143 374 3362 430 malitia!
3389 375 3564 430 simus

1979 473 2270 544 expertes?
2298 470 2620 540 Quanquam
2651 487 2825 542 genus
2860 470 2992 526 illud
3040 472 3221 525 avium
3271 485 3383 526 non
3415 472 3561 525 omni

1977 580 2043 618 ex
2093 572 2247 635 parte
2294 563 2569 618 laudabile
2598 563 2689 618 sit.
2723 562 2820 619 Est
2865 563 3011 618 enim
3050 563 3380 633 propensius
3408 563 3464 617 in
3499 563 3560 617 li-

1938 724 1946 735 .
1977 655 2240 722 bidinem,
2263 671 2328 710 ae
2357 655 2506 710 coitu
2531 653 2874 724 frequentius
2893 655 3086 718 utitur,
3122 661 3310 724 utpote
3335 653 3560 710 salacis-

1978 749 2178 803 simum
2237 756 2290 803 et
2329 747 2717 817 voluptuosum
2764 748 2989 804 animal.
3040 747 3561 818 Addejmhecillum

1977 848 2031 893 et
2082 840 2360 910 ignavum.
2413 838 2520 895 Sed
2549 840 2694 909 quod
2742 839 2881 896 idem
2934 840 3158 897 minime
3193 841 3395 896 malum
3421 854 3558 909 ,pa-

1978 932 2230 1002 tiensque
2260 931 2352 996 sit,
2385 947 2483 987 nec
2509 931 2726 1001 injuria:
2749 933 3077 996 meminerit,
3107 941 3220 988 tum
3259 931 3559 1004 vero’quod

1976 1021 2242 1076 columbae
2258 1022 2440 1091 specie
2454 1020 2691 1091 Spiritus
2713 1029 2940 1079 sanctus
2963 1022 3307 1093 apparuerit;
3327 1023 3558 1092 idipsum

1976 1112 2122 1182 quod
2160 1111 2387 1183 Spiritui
2415 1123 2611 1169 sancto
2640 1121 2854 1184 gratum
2889 1129 2953 1168 ac
2999 1112 3304 1183 jucundum
3340 1118 3446 1178 est,
3479 1113 3555 1166 in-

1975 1205 2228 1261 nocentis
2279 1205 2546 1261 columbae
2604 1205 3012 1276 simplicitatem
3065 1205 3268 1260 imitari
3317 1220 3419 1262 nos
3469 1203 3560 1261 Dei

1976 1294 2216 1353 Verbum
2255 1297 2562 1362 admonuit,
2599 1309 2658 1354 ut
2689 1299 2834 1370 quod
2861 1298 2930 1352 ad
2963 1299 3165 1354 bonum
3193 1299 3407 1355 attinet.
3433 1315 3562 1369 pru-

1976 1390 2166 1448 dentes
2191 1398 2244 1447 et
2268 1392 2474 1456 callidi,
2507 1391 2575 1447 ad
2612 1393 2820 1447 malum
2854 1407 2985 1448 vero
3017 1392 3295 1462 simplices
3322 1408 3447 1449 esse
3482 1393 3552 1446 vi-

1975 1483 2223 1538 deamur.
2249 1482 2369 1550 Qua
2391 1485 2604 1540 ratione
2637 1485 2818 1539 omnis
2839 1483 3058 1539 illorum
3085 1483 3420 1538 machinatio
3450 1483 3561 1539 dis-

1977 1575 2229 1630 solvitur.
2291 1574 2426 1628 Nam
2451 1584 2505 1630 et
2552 1575 2848 1645 Apostolus
2874 1576 3257 1631 veteratoriam
3295 1575 3562 1630 callidita-

282 1671 382 1724 καὶ
405 1668 497 1724 τοῦ
531 1668 730 1738 δφεως,
752 1667 929 1735 λέγων
951 1683 965 1696 ’
997 1665 1294 1734 Φοϐοῦμαι
1325 1663 1394 1717 δὲ
1434 1663 1520 1734 μή
1562 1679 1706 1730 πως,
1733 1664 1813 1730 ὡς
1843 1668 1875 1719 ό

1983 1671 2087 1720 tem
2115 1675 2168 1720 et
2194 1664 2456 1718 malitiam
2491 1664 2946 1730 abundantiorem
2981 1666 3116 1720 nulli
3146 1680 3309 1736 quam
3344 1664 3562 1720 diabolo

283 1763 425 1833 ὄφις
475 1759 794 1830 ἠπάτησεν
833 1759 1021 1823 Εὔαν,
1060 1757 1130 1811 ἐν
1173 1756 1248 1825 τῇ
1298 1757 1634 1826 πανουργίᾳ
1659 1756 1869 1822 αὑτοῦ,

283 1851 489 1923 φθαρῇ
515 1851 589 1906 τὰ
620 1851 892 1921 νοήματα
908 1847 1078 1919 ὑμῶν
1104 1847 1224 1903 ἀπὸ
1268 1847 1380 1915 τῆς
1412 1847 1753 1915 ἁπλότητος
1775 1848 1874 1900 καὶ

280 1944 532 2014 ἁγνείας
563 1942 822 2012 Χριστοῦ
851 1941 950 1996 καὶ
971 1941 1382 2008 δικαιοσύνης.
1427 1939 1609 2011 Ὁρᾷς,
1640 1939 1716 2003 ὡς
1750 1937 1874 2008 φθο-

287 2033 394 2105 ράν
417 2015 708 2106 άπέφηνεν
737 2035 766 2088 ὁ
810 2032 1156 2098 Ἀπόστολος,
1182 2033 1277 2086 καὶ
1307 2031 1642 2102 πανουργίαν
1669 2031 1871 2104 δεινὴν,

285 2126 386 2179 καὶ
407 2125 630 2196 ἀπάτην
686 2123 754 2178 τὰ
782 2124 888 2179 ὑπὸ
939 2123 1033 2179 τοῦ
1078 2125 1256 2195 ὄφεως
1306 2124 1444 2196 πρὸς
1476 2125 1576 2197 τὴν
1598 2123 1742 2179 Εὔαν
1773 2143 1864 2178 πεο

284 2216 782 2288 πραγματευμένα,
806 2216 901 2271 καὶ
925 2215 1025 2270 οὐκ
1050 2215 1335 2270 ἐπαινετόν
1349 2233 1402 2269 τι
1418 2215 1570 2287 παρὰ
1591 2216 1683 2270 τοῦ
1707 2212 1872 2270 αὐτοῦ

285 2309 658 2380 γεγενημένον
694 2308 940 2375 ὑπέδειξε
962 2326 978 2375 ;

359 2397 437 2452 ϐ’.
470 2399 808 2471 Πανταχόθεν
826 2399 1006 2454 τοίνυν
1039 2399 1266 2470 φωρατὴ
1305 2401 1400 2454 καὶ
1433 2400 1711 2472 ἔκδηλοςή
1751 2402 1877 2455 τούα

285 2508 400 2545 των
429 2491 583 2545 ἄνοιά
602 2492 720 2544 ἐστι
750 2493 914 2546 παντὶ
961 2491 1037 2564 τῷ
1069 2492 1378 2564 βουλομένῳ
1420 2492 1619 2546 εἰδέναι
1653 2492 1750 2564 τὴν
1779 2494 1876 2564 τῆς

285 2582 548 2654 ἀληθείας
578 2583 948 2647 διδασκαλίαν,
979 2584 1074 2636 καὶ
1118 2582 1433 2654 Πνεῦματος
1465 2582 1620 2651 ἁγίου
1651 2582 1873 2652 γνῶσιν.

288 2675 416 2730 ’Ὶνα
437 2675 492 2729 δὲ
530 2675 604 2747 μὴ
635 2674 911 2729 ἀναλίσκω
937 2675 1146 2745 χρόνον,
1179 2675 1273 2729 καὶ
1306 2675 1508 2747 ταύτην
1528 2675 1880 2748 διασεισάμε-

288 2785 383 2832 νος
416 2767 513 2839 τὴν
541 2768 785 2839 χαλεπὴν
813 2767 909 2820 καὶ
942 2766 1209 2820 δύσπλουν
1246 2765 1341 2840 τοῦ
1380 2767 1648 2836 πελάγους
1684 2767 1876 2840 ζάλην,

288 2861 387 2914 ἐπὶ
429 2859 528 2922 τὰς
577 2857 770 2929 ἑτέρας
817 2856 1136 2920 θαλαττίους
1180 2856 1538 2928 ποντοπορίας
1578 2856 1638 2910 τὸ
1675 2856 1906 2927 σκάφος,

288 2950 608 3021 δπλίσομαι,
641 2948 916 3020 ἐπιμελῶς
939 2949 1065 3012 τοὺς
1094 2947 1328 3019 αὐχένας
1355 2947 1573 3020 κρατῶν
1599 2949 1657 3001 ὲν
1686 2951 1750 3020 τῇ
1785 2934 1878 3002 τοῦ

1979 1769 2046 1810 ac
2074 1755 2314 1826 serpenti
2361 1755 2554 1811 tribuit
2591 1755 2836 1822 :Timeo,
2867 1756 3066 1826 inquit,
3088 1773 3152 1810 ne
3186 1757 3324 1810 sicut
3356 1771 3567 1834 serpens

1985 1847 2148 1902 Evam
2170 1847 2376 1904 seduxit
2399 1853 2599 1904 astutia
2638 1865 2758 1915 sua,
2806 1850 2880 1904 ita
2929 1857 3341 1919 corrumpantur
3384 1833 3566 1903 sensus

1983 1939 2158 2002 vestri,
2190 1948 2238 1992 et
2271 1937 2518 1993 excidant
2542 1957 2575 1993 a
2607 1940 2971 2011 simplicitate,
3002 1950 3050 1994 et
3081 1940 3328 1994 castitate
3370 1937 3568 1994 Christi

1982 2047 2045 2084 ac
2062 2030 2282 2100 justitia
2316 2031 2355 2084 ⁸.
2391 2029 2526 2086 Vide
2579 2040 2636 2086 ut
2666 2047 2787 2103 quae
2819 2039 3013 2087 contra
3047 2033 3216 2087 Evam
3254 2047 3284 2086 a
3319 2041 3568 2102 serpente

1983 2129 2191 2179 structa
2216 2133 2365 2187 sunt,
2412 2124 2782 2194 corruptelam
2807 2136 2862 2178 et
2890 2124 3283 2194 nequissimam
3312 2124 3567 2178 aStutiam

1983 2227 2047 2267 ac
2077 2213 2322 2269 fraudem
2356 2213 2655 2283 Apostolus
2675 2227 2801 2268 esse
2835 2213 3172 2283 pronuntiet,
3215 2228 3392 2282 neque
3411 2195 3570 2266 laude

1983 2305 2208 2374 dignum
2243 2304 2523 2378 quidpiam
2547 2304 2616 2359 ab
2655 2303 2749 2358 illo
2777 2311 3149 2374 perpetratum
3175 2303 3418 2358 definiat.

2055 2393 2144 2448 IX.
2172 2393 2443 2461 Quocirca
2474 2394 2625 2450 omni
2645 2411 2711 2449 ex
2739 2403 2894 2466 parte
2926 2395 3142 2449 illorum
3174 2396 3570 2467 constringitur

1985 2502 2049 2542 ac
2077 2488 2387 2543 declaratur
2421 2488 2657 2544 amentia
2679 2532 2694 2556 ,
2730 2489 2774 2545 si
2805 2489 2930 2560 quis
2955 2488 3205 2545 veritatis
3237 2490 3570 2551 doctrinam,

1984 2582 2050 2634 'ac
2077 2579 2317 2652 Spiritus
2347 2580 2522 2635 sancti
2548 2581 2835 2636 scientiam
2871 2581 2998 2637 velit
3025 2582 3322 2652 percipere.
3363 2579 3470 2636 Sed
3504 2598 3572 2636 ne

1987 2678 2204 2739 tempus
2237 2670 2379 2726 ultra
2403 2678 2708 2739 conteram,
2743 2672 2846 2727 hac
2893 2673 3041 2727 velut
3090 2671 3292 2728 ditlicili
3334 2687 3395 2727 ac
3425 2674 3571 2744 peri-

1987 2758 2176 2814 culosa
2217 2760 2389 2832 pelagi
2432 2768 2756 2832 tempestate
2804 2761 3148 2832 perfunctus,
3198 2764 3456 2835 scapham
3503 2766 3570 2818 ad

1989 2851 2125 2908 alios
2147 2853 2550 2924 navigationum
2575 2869 2772 2911 cursus
2802 2853 3114 2924 expediam:
3137 2856 3273 2911 adeo
3304 2866 3364 2911 ut
3389 2856 3574 2913 fauces

1989 2946 2134 3016 ipsas
2156 2943 2400 3000 studiose
2431 2952 2667 3014 teneam,
2698 2947 2879 3001 divina
2902 2947 2975 3015 vi,
3007 2962 3070 3002 ac
3102 2957 3416 3003 sanctorum
3448 2965 3572 3020 prc-

287 3041 433 3096 Θεοῦ
461 3042 688 3113 δυνάμει
727 3041 820 3094 καὶ
859 3041 1043 3112 εὐχαῖς
1070 3040 1262 3109 ἁγίων,
1293 3041 1441 3106 ὅπως
1473 3025 1879 3111 παραπλέοντες

1986 3038 2143 3094 cibus
2181 3037 2444 3105 conﬁsus,
2480 3048 2539 3093 ut
2559 3047 2614 3094 et
2640 3039 2990 3097 vehementes
3009 3041 3131 3095 irati
3160 3042 3328 3096 maris
3355 3043 3572 3107 (luctus,

289 3131 758 3202 κατοπτεύσωμεν
775 3130 885 3184 τῶν
914 3129 1121 3202 ἀγρίων
1159 3129 1418 3200 κυμάτων
1454 3129 1554 3200 τὴν
1588 3129 1881 3200 κύρτωσιν,

289 3225 516 3281 καὶτῶν
544 3225 600 3279 ὲν
614 3227 725 3290 τοῖς
756 3224 1017 3292 πελάγεσι
1045 3221 1252 3294 θηρίων
1276 3222 1496 3277 ἰοϐόλων
1524 3222 1624 3288 τὰς
1643 3225 1881 3294 μορφάς.

294 3319 603 3390 Ἀπληκτοι
650 3318 708 3372 δὲ
739 3316 847 3371 ἀπὸ
897 3315 1306 3390 σμυραινώδους
1343 3315 1422 3370 ίοῦ
1458 3318 1554 3370 καὶ
1601 3317 1882 3389 τρυγόνος,

290 3409 393 3463 καὶ
409 3407 725 3480 δρακαίνης,
747 3408 843 3462 καὶ
875 3407 1200 3479 καρχαρίου,
1233 3407 1327 3462 καὶ
1352 3407 1688 3480 σκορπαίνης
1713 3408 1886 3480 περάο

296 3517 413 3567 σαι,
455 3499 549 3554 καὶ
583 3499 680 3554 τοῦ
731 3499 906 3555 εὐδίου
947 3499 1048 3570 τῆς
1079 3499 1337 3570 ἀληθείας
1371 3499 1592 3572 λιμένος
1618 3500 1684 3553 δι’
1717 3500 1886 3572 εὐχῆς

294 3594 395 3647 καὶ
426 3594 637 3661 ἱκεσίας
662 3595 940 3664 ἐπιτυχεῖν
962 3593 1353 3665 δυνηθείημεν
1386 3592 1768 3664 πληρουμένου
1792 3595 1887 3648 καὶ

292 3687 358 3738 ὲν
401 3685 534 3756 ἡμῖν
583 3683 680 3738 τοῦ
714 3684 902 3755 ρητοῦ,
931 3684 1048 3748 τοῦ,
1085 3687 1149 3738 Ol
1190 3683 1651 3750 καταϐαίνοντες
1670 3686 1758 3751 είς
1781 3683 1885 3739 θά-

292 3779 568 3844 λασσαν,
583 3775 690 3843 τὰς
705 3773 921 3845 ἀρετὰς
935 3775 1046 3830 τοῦ
1072 3774 1294 3843 Κυρίου
1320 3773 1730 3844 διηγήσονται.
1769 3777 1884 3846 Ἐφ’

293 3867 494 3938 ἑτέραν
513 3866 690 3922 τοίνυν
709 3867 917 3940 ταύτην
951 3867 1183 3940 καθεξῆς
1207 3865 1306 3937 τὴν
1334 3867 1560 3939 πορείαν
1589 3870 1885 3940 ποιήσομαι

294 3960 438 4031 πρὸς
467 3961 738 4034 διήγησιν.

836 4075 1026 4129 ΚΑΤΑ
1056 4074 1390 4138 ΚΑῙΑΝΩΝ,

431 4187 956 4260 Ὀκτωκαιδεκάτη,
978 4191 1018 4259 ἡ
1058 4189 1156 4244 καί
1195 4186 1521 4258 τριακοστὴ
1551 4187 1758 4260 ὀγδόη.

370 4305 450 4357 Α⁹.
486 4303 716 4358 Καῖανοί
739 4319 884 4366 τινες
898 4299 1276 4373 ὀνομάζονται,
1305 4301 1415 4355 ἀπὸ
1444 4301 1538 4354 τοῦ
1580 4302 1718 4356 Κάῖν
1744 4301 1888 4372 είλη-

1987 3138 2454 3186 etvenenatarum
2505 3131 2707 3187 ibidem
2752 3131 3052 3188 bestiarum
3099 3134 3312 3203 species
3352 3143 3574 3206 praster-

1987 3222 2169 3278 eundo
2208 3221 2492 3278 videamus
2534 3241 2548 3278 :
2595 3222 2838 3294 nihilque
2873 3224 3031 3279 nobis
3051 3223 3270 3280 interim
3297 3241 3573 3281 muraena-

1988 3330 2132 3380 rum,
2161 3322 2255 3368 aut
2320 3315 2638 3386 pastinacze,
2673 3323 2767 3370 aut
2816 3316 3102 3383 drarmnre,
3147 3327 3240 3373 aut
3280 3321 3572 3384 carcharii,

1988 3409 2072 3463 vel
2123 3422 2420 3478 seorpzenae
2468 3407 2620 3463 virus
2669 3408 2821 3464 exitii
2873 3407 3065 3464 aﬂerat
3096 3425 3200 3466 :ac
3245 3411 3463 3468 demum
3507 3415 3574 3469 ad

1992 3500 2204 3556 felicem
2256 3501 2504 3569 veritatis
2555 3509 2776 3571 portum
2829 3502 3087 3572 precibus
3128 3511 3184 3559 et
3229 3505 3575 3561 orationibus

1989 3591 2114 3648 freti
2153 3591 2428 3662 navigium
2468 3593 2846 3662 appellamus;
2899 3603 2958 3649 ut
2999 3595 3111 3650 hac
3164 3597 3219 3652 in
3253 3598 3414 3655 nobis
3451 3615 3576 3654 vera

1987 3684 2154 3755 276
2212 3684 2284 3739 sit
2337 3682 2634 3755 Scripturze
2657 3687 2925 3741 sententia
2958 3706 2972 3741 :
3002 3688 3107 3754 Qui
3133 3692 3380 3761 navigant
3411 3709 3577 3755 mare,

1988 3778 2208 3831 uirtutes
2261 3775 2476 3830 Domini
2519 3786 2742 3830 narrant
2772 3777 2813 3830 ’.
2843 3777 2924 3833 Ad
2963 3779 3189 3834 alteram
3223 3782 3389 3852 igitur
3423 3783 3577 3838 deiu-

1989 3885 2139 3939 ceps,
2180 3875 2238 3922 ut
2264 3867 2316 3922 id
2352 3883 2579 3922 narrare
2617 3869 2915 3940 possimus,
2943 3869 3339 3941 profectionem
3395 3875 3578 3928 aeriu-

1990 3973 2188 4028 gttlllll‘.

2415 4069 2787 4133 ADVERSUS
2826 4071 3141 4138 CAIANOS,

2167 4181 2299 4250 Qua:
2323 4195 2401 4242 est
2433 4186 2646 4241 hwresis
2684 4185 2888 4244 XVIII
2915 4190 3018 4243 sive
3058 4188 3214 4246 XXX
3234 4189 3395 4244 I’lll.

2063 4301 2100 4355 I.
2138 4300 2243 4368 Qui
2273 4300 2462 4356 Caiani
2503 4301 2664 4373 vulgo
2702 4311 3110 4374 nuncupantur,
3150 4305 3380 4363 haeresin
3418 4322 3572 4364 suam

292 4395 463 4465 φότες
513 4393 614 4466 τὴν
665 4393 983 4466 ἐπωνυμίαν
1018 4393 1120 4464 τῆς
1151 4394 1437 4466 αἱρέσεως.
1467 4387 1626 4448 οὗτοι
1655 4393 1766 4465 γὰρ
1795 4393 1879 4446 τὸν

1995 4409 2024 4448 a
2063 4393 2237 4450 Caino
2266 4393 2747 4465 cognominarunt.
2791 4393 2950 4452 llune
2991 4399 3134 4453 enim
3171 4401 3489 4470 praedicant,
3520 4411 3575 4456 et

291 4488 442 4541 Κάῖν
473 4485 780 4549 ἐπαινοῦσι,
813 4485 907 4539 καὶ
926 4485 1140 4555 πατέρα
1159 4474 1372 4540 ἑαυτῶν
1397 4485 1587 4541 τοῦτον
1610 4486 1888 4552 τάττουσι,

290 4579 396 4633 καὶ
411 4578 588 4642 αὐτοὶ,
623 4577 700 4640 ὡς
715 4577 914 4642 εἰπεῖν,
941 4577 1017 4640 ὡς
1046 4577 1156 4631 ἀπὸ
1187 4577 1451 4648 διαφορᾶς
1469 4577 1891 4642 ἐπαναστάσεως

291 4670 563 4742 κυμάτων
600 4666 933 4741 ὁρμώμενοι,
961 4669 1063 4722 οὐκ
1101 4667 1206 4736 ἔξω
1232 4667 1386 4732 ὄντες
1407 4668 1503 4722 τοῦ
1537 4669 1702 4722 αὐτοῦ
1727 4668 1891 4722 σάλου
1922 4703 1934 4717 .

293 4765 395 4819 καὶ
419 4762 693 4826 κλύδωνος
712 4778 726 4794 ο
752 4761 849 4816 καὶ
889 4761 967 4825 ὡς
1011 4760 1121 4815 ἀπὸ
1139 4760 1487 4826 ἀκανθώδους
1520 4761 1652 4832 ὕλης
1687 4759 1893 4832 προκύ-

287 4859 520 4929 ψαντες,
553 4855 655 4910 οὐκ
693 4853 850 4918 ἐκτὸς
866 4853 1019 4917 ὄντες
1043 4852 1243 4916 παντὸς
1263 4851 1356 4905 τοῦ
1375 4851 1552 4924 σωροῦ
1578 4852 1688 4906 τῶν
1723 4853 1893 4906 ἀκαν-

289 4954 432 5017 οῶν,
467 4953 517 5005 εί
543 4951 638 5004 καὶ
663 4949 910 5020 διάφοροι
937 4946 1018 5018 τῷ
1037 4945 1263 5018 ὀνόματί
1297 4947 1455 5003 εἰσιν.
1485 4946 1764 5001 Ἀκανθῶν
1793 4946 1892 5018 μὲν

289 5047 409 5118 γὰρ
432 5045 570 5114 γένη
599 5042 792 5108 πολλὰ,
821 5043 971 5113 ὅμως
990 5043 1048 5094 ὲν
1077 5039 1325 5096 ἂπασιτὸ
1354 5038 1626 5112 μοχθηρὸν
1649 5041 1749 5113 τῆς
1771 5059 1884 5095 κεν⁹

287 5137 541 5208 τρώδους
568 5134 784 5199 ἀδικίας
809 5134 1042 5188 ἔνεστιν.

369 5227 529 5287 Οὗτοί
560 5245 694 5300 φασι
718 5227 809 5281 τὸν
839 5226 980 5280 Κάῖν
1007 5227 1072 5279 ὲκ
1105 5225 1207 5296 τῆς
1233 5223 1586 5295 ίσχυροτέρας
1606 5224 1886 5296 δυνάμεως

286 5325 570 5395 ὕπάρχειν
609 5321 703 5376 καὶ
733 5319 834 5396 τῆς
875 5317 1082 5374 ἄνωθεν
1129 5317 1448 5380 αὐθεντίας·
1491 5315 1628 5370 ἀλλὰ
1665 5317 1759 5370 καὶ
1794 5315 1885 5369 τδν

297 5413 504 5480 ⁸11σαῦ,
545 5413 785 5476 καὶτοὺς
823 5411 952 5481 περὶ
980 5409 1146 5480 Κορὲ,
1168 5410 1260 5463 καὶ
1291 5409 1417 5473 τοὺς
1443 5407 1761 5478 Σοδομίταςο
1794 5406 1884 5461 τὸν

383 5597 462 5652 ιιι
487 5597 617 5655 Cor.
653 5615 727 5666 xi,
763 5600 796 5653 5
898 5600 916 5630 ¹
946 5597 1115 5656 Eceli.
1146 5613 1298 5664 XLIII,
1324 5596 1418 5652 26.

1990 4493 2269 4557 parentem
2319 4501 2479 4542 suum
2534 4487 2828 4558 appellant.
2881 4489 2984 4556 Qui
3017 4491 3236 4562 quidem
3279 4494 3471 4560 variis,
3515 4507 3574 4550 ut

1994 4579 2069 4633 ita
2107 4577 2310 4640 dicam,
2341 4595 2372 4635 e
2413 4577 2679 4634 ﬂuctuum
2712 4580 3110 4650 jactatiouibus
3129 4585 3349 4652 emersi,
3382 4588 3571 4642 eodem

1993 4669 2048 4724 in
2082 4668 2199 4724 salo
2229 4675 2283 4724 et
2307 4670 2546 4739 procella
2591 4669 3018 4739 conflictantur;
3056 4689 3118 4730 ac
3160 4679 3307 4731 velut
3338 4693 3367 4733 e
3401 4680 3575 4746 spinis

1993 4773 2047 4816 et
2103 4761 2362 4832 vepribus
2423 4762 2764 4828 eminentes,
2808 4780 3025 4836 unaque
3077 4769 3366 4838 spinarum
3423 4779 3577 4826 strue

1991 4852 2373 4923 comprehensi
2424 4852 2688 4908 duntaxat
2742 4857 3205 4926 appellationibus
3235 4861 3575 4933 discrepant.

1993 4943 2126 4998 Nam
2173 4944 2456 5015 spinarum
2512 4955 2709 5016 genera
2741 4944 2960 5016 quidem
2999 4948 3147 5002 varia
3172 4958 3338 5018 sunt;
3377 4953 3472 5007 sed
3507 4956 3575 5008 ad

1992 5034 2340 5106 pungendum
2375 5035 2790 5108 nocendumque
2816 5037 2897 5094 vis
2935 5040 3191 5098 omnibus
3219 5051 3303 5098 est
3331 5059 3567 5100 commu-

1994 5131 2137 5184 niter
2167 5129 2353 5185 insita.
2871 5139 2876 5142 '

2067 5221 2235 5292 Igitur
2262 5223 2453 5278 Caiani
2491 5239 2520 5279 a
2547 5225 2839 5297 potentiori
2874 5226 3110 5297 quadam
3138 5229 3342 5286 virtute
3371 5245 3433 5285 ae
3461 5245 3583 5284 cm.-

1993 5315 2116 5369 Iesti
2143 5317 2474 5374 auctoritate
2509 5318 2815 5374 derivatum
2859 5335 2982 5376 esse
3004 5321 3232 5376 Cainum
3259 5322 3583 5393 praedicant,

1994 5397 2211 5467 necnon
2250 5421 2302 5472 et
2333 5409 2499 5479 Esau,
2532 5421 2586 5469 ct
2634 5412 2772 5470 Core
2799 5428 2923 5468 cum
2969 5415 3105 5479 suis,
3135 5415 3370 5484 Itemque
3405 5412 3592 5466 Sodo-
