4078 6074
452 249 561 306 εδδ

1863 237 1932 296 S.
1969 237 2320 297 ΕΡΙΡΙΙΑΝΙΙ

3609 233 3718 290 656

454 373 646 430 uittas;
679 361 905 418 Abelum
933 376 1060 418 vero
1083 361 1152 417 ab
1168 359 1507 416 imbecilliori
1527 356 2027 428 virtuteprodiisse.

2135 359 2190 412 δὲ
2225 358 2391 412 Ἀὁελ
2423 358 2488 412 ὲκ
2518 355 2618 429 τῆς
2658 354 3051 428 ἀσθενεστέρας
3097 349 3380 424 δυνάμεως
3429 349 3715 424 ὑπάρχειν.

455 455 819 522 Quamobrem
874 455 995 510 illos
1027 468 1221 509 omnes
1269 451 1529 523 opinione
1575 465 1674 508 sua
1709 450 2032 513 laudandos,

455 561 520 600 ac
546 561 731 601 secum
758 543 1162 600 necessitudine
1203 543 1528 612 conjunctos
1555 549 1833 606 asserunt,
1858 541 2035 611 deque

465 636 735 705 ejusmodi
783 651 906 690 cum
952 634 1123 689 Caino
1154 641 1208 689 et
1237 631 1555 700 Sodomitis,
1602 633 1744 688 Core
1796 639 1851 687 et
1887 632 2033 687 Esau

456 727 780 796 cOguatione
831 725 1158 796 gloriantur,
1211 739 1277 779 ac
1311 722 1568 796 perfecta:
1619 723 2036 791 sublimiorique

445 801 697 874 scientiae.
730 819 854 873 illos
881 816 1187 872 ascribunt.
1221 815 1347 870 Ideo
1373 813 1560 870 mundi
1590 813 1754 884 hujus
1784 812 2032 884 opiﬁcem

455 917 666 978 putant,
697 923 823 964 ctum
876 908 944 962 ad
983 923 1078 964 eos
1119 907 1371 963 funditus
1404 904 1771 976 prolligandos
1816 905 2032 960 incum-

454 1002 627 1064 beret,
666 1015 864 1056 nocere
893 1001 1028 1054 nihil
1061 1001 1286 1056 omnino
1313 999 1576 1070 potuisse.
1607 998 1693 1054 Ab
1723 1013 1790 1053 eo
1832 998 2034 1068 quippe

453 1091 778 1160 semetipsos
805 1091 1134 1155 occultasse,
1152 1097 1205 1144 ct
1230 1089 1286 1144 in
1314 1104 1630 1160 supremum
1658 1087 1886 1144 Eonem
1912 1103 2035 1145 esse

453 1190 821 1236 conimutatos
851 1181 1042 1236 :«unde
1090 1189 1155 1236 et
1207 1181 1507 1236 fortissima
1559 1179 1649 1235 illa
1696 1181 1872 1235 virtus
1905 1187 2031 1235 .cst.

452 1269 587 1324 Nam
624 1273 746 1326 illos
777 1272 843 1327 ad
877 1287 1002 1328 sese
1028 1270 1318 1342 Sapientia
1354 1281 1541 1341 utpote
1573 1272 1916 1326 necessarios
1939 1271 2036 1326 ad-

454 1360 621 1414 misit.
676 1359 966 1430 Propterca
1004 1358 1198 1414 Judam
1239 1369 1496 1415 accurate
1543 1361 1732 1414 omnia
1782 1361 1897 1414 haec
1938 1360 2035 1414 ha-

455 1451 639 1506 buisse
671 1460 953 1521 perspecta
987 1460 1313 1506 memorant.
1363 1450 1534 1518 Quem
1570 1450 1791 1522 quidem
1820 1450 2031 1506 aliinem

451 1555 572 1594 osse
617 1555 776 1595 suum
805 1540 1080 1608 jactitant,
1111 1540 1398 1610 eidemque
1443 1541 1798 1596 excellentem
1835 1557 2034 1612 quam-

450 1630 575 1684 dam
610 1631 716 1683 vim
748 1630 1080 1701 cognitionis
1119 1631 1449 1684 attribuunt.
1485 1629 1638 1696 Quod
1690 1645 1868 1701 usque
1897 1631 2034 1686 adeo

2137 447 2290 504 Εἶναι
2317 451 2372 505 δὲ
2400 451 2623 515 τούτους
2653 451 2860 513 πάντας
2893 449 3022 519 παρ’
3045 448 3232 524 αὐτοῖς⁴
3251 445 3591 510 ἐπαινετοὺς,
3622 447 3717 500 καὶ

2134 545 2234 615 τῆς
2273 544 2453 599 αύτῶν
2504 545 2844 614 συγγενείας.
2897 541 3260 612 Σεμνύνονται
3293 541 3404 612 γάρ
3434 545 3722 610 συγγενεῖς

2138 632 2277 690 εἶναι
2319 637 2415 690 τοῦ
2453 637 2614 701 nam,
2657 637 2753 692 καὶ
2787 636 2897 689 τῶν
2914 634 3240 705 Σοδομιτῶν,
3272 635 3366 687 καὶ⁵
3406 633 3600 700 Ἠσαῦ,
3625 635 3719 688 καί

2116 728 2283 799 ’Κορέ
2303 745 2316 759 ο
2348 728 2444 782 καὶ
2473 723 2642 792 οὗτοι,
2673 727 2859 798 φασὶν,
2881 727 2988 780 εἰσὶ
3024 727 3122 796 τῆς
3148 723 3362 788 τελείας
3391 725 3486 778 καὶ
3513 723 3721 796 ἀνωθεν

2137 815 2411 885 γνώσεως.
2459 817 2551 870 Διὸ
2599 817 2694 872 καὶ
2741 816 2832 871 τόν
2883 815 3113 886 ποιητὴν
3155 813 3248 868 τοῦ
3293 815 3501 884 κόσμου
3527 814 3719 869 τούτου

2137 908 2292 977 φησι,
2324 907 2450 980 περὶ
2479 908 2579 978 τὴν
2616 907 2821 961 τούτων
2863 905 3122 960 ἀνάλυσιν
3156 903 3512 975 ὲσχολακότα,
3552 907 3722 976 μηδὲν

2131 997 2448 1068 δεδυνῆσθαι
2472 999 2668 1061 αὐτοὺς
2685 997 2904 1068 βλάψαι.
2935 994 3279 1067 Ἐκρύὸησαν
3303 994 3413 1066 γὰρ
3441 995 3534 1049 ἀπ’
3552 995 3720 1049 αὑτοῦ

2133 1091 2228 1142 καὶ
2265 1090 2674 1162 μετεϐλήθησαν
2708 1090 2788 1153 είς
2814 1089 2906 1142 τὸν
2931 1088 3043 1143 ἀνω
3063 1085 3264 1152 Αίῶνα,
3292 1087 3414 1140 ὅθεν
3451 1088 3485 1158 ἡ
3523 1088 3722 1158 ισχυρὰ

2131 1181 2362 1252 δύναμίς
2411 1184 2544 1236 ἐστι.
2603 1182 2748 1254 Πρὸς
2801 1179 2999 1251 ἑαυτὴν
3050 1179 3161 1251 γὰρ
3212 1181 3245 1251 ἡ
3301 1179 3470 1248 Σοφία
3522 1181 3720 1242 αὐτοὺς

2136 1274 2469 1345 προσήκατο,
2508 1273 2670 1336 ἰδίους
2720 1271 2891 1342 αὐτῆς
2936 1271 3116 1333 ὄντας.
3156 1269 3266 1323 Καὶ
3295 1268 3484 1323 τούτου
3531 1269 3719 1323 ἕνεκεν

2132 1363 2224 1417 τὸν
2280 1363 2477 1418 Ἰούδαν
2515 1363 2758 1435 ἀκριϐῶς
2821 1363 2890 1416 τὰ
2928 1362 3057 1432 περὶ
3093 1361 3296 1416 τούτων
3348 1361 3716 1429 ἐπεγνωκέναι

2134 1453 2374 1522 λέγουσι.
2434 1455 2545 1506 Καὶ⁷
2589 1453 2776 1507 τοῦτον
2837 1452 2946 1524 γὰρ
2993 1451 3239 1504 θέλουσιν
3298 1445 3439 1505 εἶναι
3481 1451 3715 1521 συγγενῆ

2134 1545 2364 1611 ἑαυτῶν,
2417 1546 2512 1599 καὶ
2550 1547 2607 1599 ὲν
2647 1545 2902 1615 γνώσεως
2947 1536 3238 1615 ὑπερϐολῇ
3253 1544 3344 1596 τὸν
3379 1543 3542 1598 αὐτὸν
3587 1561 3720 1596 κατ-

2135 1637 2650 1709 αριθμοῦσιν.Ὥστε
2683 1637 2776 1690 καὶ
2806 1635 3204 1709 συνταγμάτιόν
3224 1653 3278 1688 τι
3301 1635 3486 1706 φέρειν
3515 1636 3574 1702 ἐξ
3597 1637 3714 1689 ὀνό-

450 1722 773 1786 dcl‘endunt,
828 1732 888 1778 ut
914 1723 1051 1793 ejus
1085 1723 1306 1777 nomine
1349 1722 1672 1792 inscriptum
1709 1723 2029 1792 opusculum

2139 1702 2308 1798 ματος
2337 1728 2524 1794 αὑτοῦ,
2555 1729 2583 1782 δ
2618 1727 2950 1796 Εὐαγγέλιον
2986 1702 3080 1780 ac
3123 1702 3572 1779 ‘toasa'xaxoam.
3604 1725 3717 1778 Καὶ

450 1813 864 1879 circumferant,
914 1815 1058 1884 quod
1107 1813 1266 1868 Judre
1324 1803 1680 1884 Evangelium
1733 1814 2030 1883 appellant.

449 1905 550 1959 Cui
606 1905 805 1960 similia
871 1904 1115 1975 quaedam
1168 1905 1272 1958 alia
1315 1903 1592 1958 volumina
1649 1903 2037 1958 conﬁnxerunt

450 1998 712 2053 adversus
765 1995 1073 2068 Hystcram,
1126 1997 1228 2050 boc
1263 2005 1348 2050 est
1384 2005 1598 2050 uterum
1627 2013 1641 2050 :
1673 2010 1784 2064 quo
1814 1995 2036 2053 nomine

452 2088 622 2144 totius
657 2087 1055 2149 universitatis,
1090 2085 1196 2140 hoc
1224 2093 1308 2141 est
1339 2087 1462 2141 coeli
1497 2094 1764 2157 terraeque
1804 2086 2038 2142 fabrica-

450 2185 622 2230 torem
687 2183 909 2230 vocant.
974 2174 1388 2245 Νοεοιιιλροττο
1417 2173 1635 2229 liberari
1683 2175 1826 2232 ullos
1852 2191 2034 2245 posse,

450 2266 556 2320 nisi
618 2281 714 2335 per
762 2266 946 2320 omnia
996 2265 1337 2331 transierint,
1370 2264 1517 2336 quod
1569 2271 1623 2322 et
1675 2265 2036 2336 Carpocrates

365 2411 370 2416 .
449 2358 706 2428 opinatus
729 2366 834 2412 est.

520 2449 682 2519 277
733 2449 798 2504 ll.
836 2447 1070 2515 Quilibet
1105 2449 1249 2502 enim
1285 2447 1501 2504 illorum
1536 2448 1700 2520 hujus
1748 2449 2037 2504 occasione

449 2538 719 2609 dogmatis
751 2538 958 2593 nefaria
986 2538 1230 2609 quaedam
1261 2549 1597 2611 ,perpetrans
1619 2580 1632 2605 ,
1673 2556 1843 2611 seque
1881 2557 2038 2597 exse-

449 2631 670 2685 crandis
710 2630 764 2684 in
805 2631 1122 2686 libidinibus
1161 2645 1226 2686 ac
1269 2631 1595 2701 ﬂagitiorum
1643 2647 1839 2703 genere
1886 2633 2034 2687 omni

452 2723 720 2786 volutans,
757 2723 1095 2793 singulorum
1136 2723 1452 2792 angelorum
1480 2725 1696 2777 nomina
1727 2763 1744 2791 ,
1787 2733 1895 2778 tam
1943 2739 2034 2779 ve-

449 2832 634 2870 rorum
655 2856 670 2879 ,
711 2829 874 2885 quam
907 2815 974 2869 ab
1007 2813 1142 2883 ipsis
1181 2813 1538 2868 conﬁctorum
1570 2814 1830 2869 invocans
1851 2856 1867 2880 ,
1908 2815 2033 2870 uni-

449 2909 646 2978 cuique
676 2906 1054 2962 detcstandum
1085 2905 1304 2974 aliquod
1342 2905 1554 2960 facinus
1581 2949 1594 2968 .
1627 2921 1690 2961 ac
1720 2918 2030 2978 peccatum,

337 3001 346 3012 '
450 3001 596 3054 velut
648 2997 978 3068 praecipuum
1016 2997 1297 3050 attribuit:
1345 3012 1409 3051 ac
1453 2998 1830 3070 qualecunque
1869 3016 2030 3056 suum

449 3094 628 3150 scelus
667 3091 802 3146 certi
832 3090 1135 3160 cujuspiam
1171 3089 1236 3144 ad
1279 3091 1454 3160 angeli
1493 3106 1692 3147 nomen
1723 3106 2033 3147 accommo~

447 3187 560 3240 «lat.
590 3185 726 3239 Cum
750 3184 893 3238 enim
921 3183 1188 3252 ejusmodi
1224 3181 1430 3252 aliquid
1469 3183 1853 3249 committunt,
1887 3185 2032 3240 hunc

448 3279 504 3333 in
536 3277 752 3333 modum
792 3273 1008 3346 praefari
1037 3274 1216 3329 solent
1243 3288 1255 3324 :
1291 3274 1334 3327 Ο
1363 3273 1679 3346 οιιμΙοΝ..
1709 3284 1859 3329 tuum
1894 3291 2032 3345 opus

447 3387 696 3428 exerceo.
733 3370 778 3426 0
811 3376 1054 3440 potestas
1083 3369 1149 3421 Ν.
1174 3409 1189 3432 ,
1225 3366 1438 3420 actione
1478 3374 1569 3420 tua
1607 3365 1819 3436 fungar.
1855 3367 2032 3439 Atque

436 3465 592 3529 jstud
620 3465 796 3534 ipsum
828 3469 944 3524 est,
974 3458 1118 3529 quod
1151 3460 1218 3512 ab
1251 3459 1358 3513 illis
1385 3458 1632 3512 absoluta
1675 3459 1914 3529 cognitio
1943 3459 2030 3513 di-

447 3557 628 3620 citur;
666 3551 1104 3624 quandoquidem
1154 3560 1212 3603 ut
1245 3564 1347 3618 per
1385 3548 1617 3604 nefanda
1663 3551 1847 3604 omnia
1882 3549 2032 3622 ﬂagi-

447 3648 646 3700 tiorum
668 3658 868 3715 genera
899 3643 1118 3711 impune
1143 3641 1216 3694 ita
1248 3640 1558 3707 volitarcnt,
1590 3656 1620 3696 a
1650 3642 2028 3712 superioribus

447 3736 612 3791 seetis
647 3734 794 3789 velut
821 3732 1141 3803 parentibus
1164 3771 1178 3795 ,
1213 3729 1598 3785 Gnosticorum
1643 3733 1929 3799 videlicet,
1964 3748 2030 3789 ac

443 3826 676 3890 Nicolai,
708 3825 881 3894 iisque
913 3819 1149 3875 amnium
1179 3819 1682 3876 Valentinianorum
1714 3829 1770 3876 et
1822 3822 2030 3894 Carpo-

445 3919 612 3974 cratis
640 3915 985 3986 dogmatibus
1012 3913 1356 3968 occasionem
1389 3913 1533 3966 nacti
1569 3919 1718 3970 sunt.

514 4007 764 4064 Pervenit
791 4015 844 4062 et
868 4006 934 4059 ad
960 4020 1060 4059 nos
1094 4015 1278 4059 certus
1299 4002 1614 4058 eorumdem
1651 4003 1808 4067 liber,
1837 4003 1890 4057 in
1916 4019 2025 4074 quo

443 4100 867 4158 sceleratissima
895 4097 1082 4152 nescio
1111 4111 1233 4166 quae
1256 4094 1516 4150 vocabula
1548 4095 1842 4149 commenti
1877 4106 2025 4162 sunt,

446 4195 500 4248 in
533 4209 705 4264 eoque
733 4192 838 4246 ista
867 4189 1240 4243 continentur.
1275 4183 1374 4238 llic
1405 4193 1508 4248 est,
1542 4184 1738 4253 inquit,
1780 4187 2026 4256 angelus,

445 4301 476 4338 a
520 4300 630 4354 quo
659 4282 870 4353 Moyses
898 4286 1204 4336 excaecatus
1239 4285 1324 4332 est
1349 4315 1365 4340 ,
1393 4277 1546 4348 iique
1582 4277 1758 4348 angeli
1789 4287 1950 4343 sunt,
1993 4294 2025 4334 a

2137 1819 2272 1872 ἄλλα
2299 1819 2421 1872 τινὰ
2462 1819 2870 1891 συγγράμματα
2921 1817 3184 1880 ὡσαύτως
3213 1817 3536 1873 πλάττονται
3576 1818 3716 1871 κατά

2135 1913 2235 1981 τῆς
2277 1909 2540 1984 ⁹Υστέρας
2560 1927 2573 1942 ο
2608 1911 2675 1981 ἣν
2732 1909 2998 1980 ’Υστέραν
3019 1909 3108 1962 τὸν
3134 1908 3363 1980 ποιητὴν
3394 1906 3488 1961 τοῦ
3517 1907 3717 1970 παντδς

2135 2001 2326 2055 τούτου
2385 2001 2478 2056 τοῦ
2519 2001 2738 2066 κύτους,
2779 2000 3010 2074 ούρανοῦ
3065 2018 3126 2054 τε
3171 2002 3268 2055 καὶ
3307 2001 3430 2072 γῆς,
3467 1998 3710 2052 καλοῦσι.

2138 2093 2246 2146 Καί
2282 2091 2355 2164 μὴ
2376 2091 2636 2146 δύνασθαί
2674 2107 2804 2162 φασι
2855 2090 3195 2162 σωθήσεσθαί
3221 2107 3363 2153 τινα,
3397 2087 3492 2142 ὲάν
3527 2088 3601 2158 μὴ
3627 2087 3712 2160 διὰ

2138 2183 2357 2237 πάντων
2385 2183 2729 2257 χωρήσωσιν,
2761 2182 2837 2247 ὡς
2861 2182 2958 2236 καὶ
2985 2184 3013 2236 ὁ
3044 2181 3450 2254 Καρποκράτης
3475 2179 3643 2248 λέγει.

2208 2444 2282 2499 B'.
2325 2444 2592 2509 Ἕκαστος
2625 2444 2733 2517 γὰρ
2762 2444 2944 2500 αὐτῶν
2969 2446 3128 2519 δῆθεν
3171 2445 3258 2501 διὰ
3297 2447 3396 2519 τὴν
3443 2447 3713 2519 πρόφασιν

2075 2535 2338 2606 ςταύτην
2387 2536 2601 2606 ἄρρητα
2639 2534 2829 2599 ποιῶν,
2879 2537 2972 2589 καὶ
3019 2537 3414 2608 αἰσχρουργίας
3431 2536 3711 2597 ἐπιτελῶν,

2137 2627 2512 2698 ἁμαρτήματά
2539 2644 2596 2680 τε
2630 2627 2728 2680 ὅσα
2753 2627 2870 2680 ἐστὶ
2911 2627 3186 2698 πράττων,
3217 2626 3550 2680 ἐπικαλεῖται
3585 2627 3716 2680 έκὰο

2133 2712 2263 2795 στου
2313 2719 2544 2787 ἀγγέλου
2599 2718 2789 2788 ὄνομα,
2825 2718 2934 2771 τῶν
2982 2736 3040 2772 τε
3084 2720 3251 2772 όντων
3300 2718 3568 2787 ἀγγέλων,
3621 2718 3716 2772 καὶ

2134 2811 2243 2863 τῶν
2272 2813 2398 2882 παρ’
2432 2812 2614 2876 αὐτοῖς
2643 2812 2897 2875 πλαστῶς
2932 2811 3267 2880 λεγομένων·
3304 2811 3395 2863 καὶ
3423 2810 3662 2863 ἑκάστου
3695 2813 3714 2843 ⁸

2135 2899 2344 2954 τούτων
2381 2902 2687 2972 προσάπτει
2731 2921 2781 2957 τι
2814 2901 2972 2974 ἔργον
3024 2902 3280 2974 ἀθέμιτον
3330 2901 3437 2954 τῶν
3487 2903 3582 2954 ἐπὶ
3613 2903 3714 2971 γῆς

2137 2992 2571 3063 ἁμαρτημάτων,
2626 2993 2724 3064 τὴν
2777 2995 2976 3066 πρᾶξιν
3003 2995 3100 3064 τὴν
3153 2994 3285 3047 ἰδίαν
3331 2994 3410 3058 είς
3454 2993 3625 3064 ὄνομα
3654 2991 3715 3048 οὗ

2137 3084 2384 3156 βούλεται
2419 3085 2648 3154 ἀγγέλου
2678 3087 2986 3157 ἀναφέρων.
3020 3087 3129 3140 Καὶ
3161 3086 3288 3140 ὅταν
3333 3086 3507 3140 ταῦτα
3538 3088 3713 3156 πράτ-

2133 3194 2319 3242 τωσιν,
2356 3178 2499 3231 οὕτω
2565 3177 2844 3247 λέγουσιν·
2893 3180 2950 3231 '0
2993 3178 3138 3231 δεῖνα
3169 3177 3386 3247 ἄγγελε,
3427 3177 3713 3248 καταχρῶ-

2137 3269 2233 3338 μαί
2274 3287 2365 3322 σου
2417 3269 2479 3322 τὸ
2527 3268 2720 3341 ἔργονο
2772 3272 2805 3341 ἡ
2859 3270 3005 3323 δεῖνα
3035 3268 3291 3335 ἐξουσία,
3336 3270 3560 3341 πράττω
3618 3288 3710 3323 σου

2132 3363 2230 3431 τὴν
2283 3360 2500 3433 πρᾶξιν.
2558 3360 2662 3414 Καὶ
2704 3361 2860 3414 τοῦτο
2907 3359 3106 3429 γνῶσις
3138 3359 3317 3413 τελεία
3357 3363 3486 3432 παρ’
3526 3362 3712 3425 αὐτοῖς

2132 3453 2248 3506 ἐστι
2305 3452 2628 3524 λεγόμενονο
2681 3453 2868 3523 ἐπειδὴ
2910 3451 3081 3515 ἀδεῶς
3136 3453 3227 3504 ἐπὶ
3273 3451 3371 3515 τὰς
3419 3451 3714 3523 ἀθεμίτους

2133 3545 2526 3617 αἰσχρουργίας
2569 3547 2744 3617 ὁρμᾷν
2777 3545 2876 3608 τὰς
2923 3545 3225 3615 προφάσεις
3256 3545 3415 3615 δῆθεν
3466 3545 3574 3598 ἀπὺ
3601 3547 3711 3599 τῶν

2132 3637 2544 3709 προειρημένων
2571 3637 2825 3708 μητέρων
2855 3638 2948 3691 καὶ
2975 3639 3226 3710 πατέρων
3253 3637 3536 3710 αἱρέσεων,
3568 3639 3711 3707 φημὶ

2131 3729 2452 3782 Γνωστικῶν
2477 3729 2573 3782 καὶ
2605 3729 2893 3792 Νικολάου,
2930 3729 3022 3783 καὶ
3052 3730 3159 3784 τῶν
3194 3731 3291 3784 σὺν
3318 3731 3502 3793 αὐτοῖς
3565 3731 3708 3784 Οὐα-

2130 3819 2367 3874 λεντίνου
2401 3838 2460 3874 τε
2496 3821 2588 3875 καὶ
2616 3822 3070 3893 Καρποκράτους,
3106 3823 3422 3894 ἐσχήκασιν.

2204 3997 2344 4068 Ἤδη
2369 3997 2427 4050 δὲ
2459 3993 2673 4067 διῆλθεν
2705 3998 2784 4061 είς
2808 3997 2956 4069 ἡμᾶς
2989 3997 3083 4051 καὶ
3113 3996 3335 4068 βιϐλίον,
3385 3998 3443 4051 ὲν
3467 3990 3512 4067 ᾦ
3541 3999 3714 4056 ἐπλά-

2129 4104 2291 4140 σαντο
2326 4087 2548 4159 ῥήματά
2573 4105 2696 4142 τινα
2731 4089 2960 4160 ἀνομίας
2992 4089 3194 4160 πλήρη,
3243 4088 3384 4143 οὕτω
3415 4090 3673 4161 περιέχον
3693 4109 3707 4122 ο

2127 4180 2231 4243 ὅτι,
2262 4181 2446 4251 φησὶν,
2487 4175 2655 4244 Οὗτός
2709 4181 2856 4233 ἐστιν
2904 4183 2932 4234 ὁ
2979 4180 3270 4250 ἀγγελοςρ
3318 4180 3409 4234 τὸν
3467 4181 3710 4236 Μωῡσέα

2127 4274 2436 4346 τυφλώσας,
2476 4275 2572 4327 καὶ
2613 4266 2759 4327 οὗτοί
2801 4276 2940 4327 εἰσιν
2982 4274 3030 4326 oi
3067 4273 3286 4342 ἄγγελοι
3317 4275 3366 4327 oi
3401 4275 3530 4338 τοὺς
3574 4277 3708 4346 περὶ

443 4377 646 4446 quibus
677 4372 818 4427 Core
839 4410 854 4435 ,
897 4371 1105 4423 Datban
1149 4376 1206 4423 ct
1254 4369 1460 4440 Abiron
1480 4409 1495 4432 ,
1523 4384 1821 4440 eorumque
1849 4379 2025 4426 secta-

2128 4369 2292 4441 Κορὲ.
2325 4367 2420 4422 καὶ
2449 4367 2648 4430 Δαθάν,
2679 4366 2774 4420 καὶ
2813 4364 3074 4439 Ἀσειρὼν
3106 4365 3432 4436 κρύψαντες,
3473 4365 3568 4420 καὶ
3606 4383 3704 4436 με·

445 4478 591 4521 tores
620 4461 876 4519 occultati
907 4461 1281 4530 subtractique
1311 4466 1458 4515 sunt.
1490 4459 1633 4526 Quin
1670 4461 1835 4514 alium
1869 4462 2023 4516 insu-

445 4571 540 4624 per
578 4551 729 4606 Pauli
779 4550 1011 4622 apostoli
1068 4549 1288 4605 nomine
1334 4549 1574 4604 libellum
1625 4554 2024 4622 excogitarunt.

445 4653 773 4716 praepostera
801 4643 1024 4698 libidine
1049 4640 1333 4707 refertum,
1361 4656 1522 4710 quem
1549 4649 1601 4696 et
1627 4642 1684 4705 ii,
1712 4659 1851 4712 quos
1878 4642 2027 4700 Gno-

443 4737 613 4790 sticos
643 4743 858 4797 vocant,
896 4733 1162 4788 adbibere
1187 4731 1396 4796 solent,
1427 4733 1571 4804 quod
1620 4731 1772 4788 Pauli
1805 4737 2019 4791 Anaba-

442 4830 608 4883 ticum
632 4835 827 4881 vocant
851 4845 863 4880 :
896 4823 1055 4894 cujus
1081 4825 1415 4894 supposititii
1449 4827 1632 4895 operis
1652 4841 1842 4882 ansam
1876 4844 2025 4885 exeo

441 4927 738 4991 ceperunt,
772 4919 917 4990 quod
950 4920 1239 4989 Apostolus
1283 4918 1399 4988 ipse
1437 4925 1707 4981 testetur,
1738 4933 1799 4974 se
1828 4920 1882 4974 in
1917 4929 2026 4976 ter-

439 5013 572 5066 tium
609 5027 782 5084 usque
814 5009 1206 5066 conscendisse
1239 5009 1462 5070 coelum,
1485 5015 1540 5062 et
1580 5021 1778 5063 arcana
1823 5010 2022 5066 ibidem

439 5105 657 5160 audisse
689 5104 850 5159 verba
876 5145 891 5169 ,
921 5118 1042 5174 quae
1092 5119 1202 5157 non
1233 5101 1358 5156 licet
1395 5099 1600 5154 homini
1642 5101 1788 5170 loqui
1823 5104 1862 5159 ⁸.
1897 5102 2021 5158 Haec

439 5203 640 5258 autem,
675 5196 964 5265 inquiunt,
996 5209 1196 5249 arcana
1229 5193 1318 5247 illa
1347 5190 1511 5246 verba
1551 5199 1699 5247 sunt.
1731 5191 1863 5259 Quae
1893 5196 2018 5265 qui-

435 5285 560 5341 dem
596 5287 800 5349 omnia.
831 5286 1006 5354 iisque
1037 5285 1235 5341 similia
1270 5284 1376 5347 ita,
1413 5283 1871 5352 quemadmodum
1903 5302 2020 5340 mo-

435 5379 655 5433 nuimus
680 5416 696 5440 ,
730 5375 946 5441 docent,
985 5383 1043 5429 ut
1069 5384 1124 5429 et
1155 5375 1313 5429 malis
1353 5373 1612 5430 honorem
1657 5375 1892 5432 habeant
1919 5417 1934 5443 ,
1967 5387 2022 5433 et

436 5472 608 5526 bonos
643 5466 950 5539 repudient.
994 5465 1127 5521 Nam
1161 5466 1390 5522 Cainum
1442 5463 1685 5526 fortioris
1725 5469 2016 5542 cujusdam

508 5655 523 5688 ¹
555 5649 596 5707 ιε
623 5651 749 5706 Cor.
784 5664 884 5717 ιιι,
924 5649 976 5705 ι.
1056 5652 1076 5683 ⁸
1115 5647 1244 5705 Cor.
1279 5647 1521 5720 ἑκάστῳ.

2123 4466 2514 4535 ταστήσαντες.
2553 4459 2719 4514 Πάλιν
2753 4461 2810 4513 δὲ
2838 4459 2967 4514 ἄλλο
2996 4460 3393 4529 συνταγμάτων
3433 4458 3707 4512 πλάττου-

2127 4573 2210 4610 σιν
2239 4555 2298 4622 ἐξ
2339 4555 2602 4626 ὀνόματος
2630 4553 2842 4607 Παύλου
2905 4551 2999 4605 τοῦ
3042 4551 3363 4613 ἀποστόλου,
3399 4552 3707 4623 ἀρῤητουρ-

2123 4648 2249 4716 γίας
2281 4647 2554 4717 ἔμπλεων,
2583 4638 2626 4713 ᾧ
2655 4645 2748 4698 καὶ
2783 4646 2831 4697 oi
2873 4644 2912 4695 Γ
2914 4644 3168 4696 νωστικοὶ
3201 4641 3482 4712 λεγόμενοι
3527 4640 3706 4711 χρῶνο

2121 4757 2233 4802 ται,
2263 4739 2292 4792 ὃ
2331 4737 2682 4792 ’Λναϐατικδν
2734 4735 2944 4790 Παύλου
2980 4734 3228 4799 καλοῦσι,
3278 4734 3378 4804 τὴν
3427 4734 3704 4804 πρόφασιν

2121 4833 2372 4901 εὑρόντες
2402 4832 2509 4885 ἀπὸ
2539 4830 2631 4885 τοῦ
2663 4829 2841 4899 λέγειν
2873 4829 2964 4882 τὸν
3007 4827 3328 4881 Ἀπόστολον
3373 4824 3706 4895 ἀναϐεϐηκέ-

2121 4943 2208 4978 ναι
2246 4924 2351 4987 ’ἐως
2378 4924 2560 4996 τρίτου
2601 4922 2854 4994 ούρανοῦ,
2885 4921 2978 4974 καὶ
3007 4918 3301 4990 ἀκηκοέναι
3351 4918 3568 4990 ἄρρητα
3599 4918 3704 4987 pq-

2123 5034 2287 5088 ματα,
2322 5015 2358 5070 ἃ
2404 5016 2504 5068 οὑκ
2553 5015 2671 5081 ἐξὸν
2718 5012 2989 5085 ἀνθρώπῳ
3036 5011 3288 5082 λαλῆσαι.
3341 5011 3451 5064 Καὶ
3505 5008 3701 5072 ταῦτα,

2119 5108 2302 5178 φασὶν,
2339 5108 2457 5162 ἐστὶ
2486 5107 2554 5161 τὰ
2579 5107 2795 5178 ἄρρητα
2822 5106 3062 5177 ῥήματα.
3097 5102 3416 5156 Διδάσκουσι
3445 5101 3502 5154 δὲ
3531 5099 3704 5154 ταῦτα

2117 5203 2212 5256 καὶ
2255 5201 2322 5254 τά
2353 5200 2596 5260 τοιαῦτα,
2649 5200 2776 5267 τοὺς
2820 5197 3088 5268 πονηροὺς
3121 5196 3410 5266 τιμῶντες,
3448 5195 3544 5247 καὶ
3576 5195 3704 5257 τοὺς

2116 5293 2354 5361 ἀγαθοὺς
2401 5292 2857 5363 ἀπαγορεύοντες.
2911 5284 3065 5344 Εἶναι
3099 5287 3228 5359 γὰρ,
3283 5286 3359 5351 ὼς
3413 5289 3700 5358 προεῖπον,

2116 5380 2208 5432 τὸν
2251 5381 2390 5433 Κάῐν
2421 5379 2520 5451 τῆς
2551 5377 2905 5450 ἰσχυροτέρας
2951 5376 3255 5448 δυνάμεως,
3287 5377 3380 5429 καὶ
3409 5375 3502 5428 τὸν
3536 5375 3705 5428 Ἅϐελ

2115 5470 2216 5541 τῆς
2248 5470 2658 5543 ἀσθενεστέρας.
2696 5471 2910 5534 Ταύτας
2938 5468 2996 5522 δὲ
3040 5468 3140 5533 τὰς
3180 5466 3437 5538 δυνάμεις
3478 5469 3544 5537 τῇ
3588 5465 3705 5538 Εὕα
