3932 6064
269 197 369 255 657

770 213 783 219 “
874 206 1243 267 ADVERSUS
1275 209 1617 270 HERESES
1653 202 1781 272 LIB.
1820 216 1861 272 1.
1903 216 2068 276 ΤΟΜ.
2107 210 2286 276 HL—
2322 217 2600 282 HERES.
2645 224 2949 284 XXXVIII;

272 321 717 417 προσπλακείσας
774 330 1169 402 γεγεννηκέναι
1240 333 1335 388 τὸν
1403 336 1545 390 Κάῑν
1609 336 1705 392 καὶ
1768 337 1856 393 τὸν

1961 354 2081 397 esse
2114 341 2356 411 virtutis,
2396 352 2450 402 et
2479 346 2709 404 Abelum
2737 346 3056 405 inﬁrmioris
3082 348 3346 405 sentiunt.
3392 348 3539 417 Quas

276 411 437 466 ⁶Ἀϐελ
455 428 471 444 ο
500 414 596 468 καὶ
630 410 771 470 εἶναι
792 417 893 489 τῆς
916 421 1017 492 μὲν
1040 423 1131 477 τὸν
1152 422 1307 490 Κάῖν,
1338 427 1436 499 τῆς
1457 427 1521 488 δὲ,
1542 427 1635 482 τὸν
1664 428 1850 485 Ἅϐελ.

274 500 422 560 Εἶναι
454 507 513 561 δὲ
541 506 634 561 τὸν
681 508 852 582 Ἀδὰμ
888 514 982 566 καὶ
1008 515 1109 586 τὴν
1146 514 1293 570 Εὕαν
1325 510 1436 572 ἀπὸ
1465 519 1574 573 τῶν
1593 515 1855 574 τοιούτων

271 597 570 669 δυνάμεων,
624 600 805 656 εῐτουν
832 603 1081 672 ἀγγέλων
1114 608 1571 680 γεγεννημένους·
1609 611 1855 676 καὶτοὺς

272 691 631 763 γεννηθέντας
663 696 880 761 παῖδας,
913 697 1053 753 Κάῖν
1087 699 1151 753 τέ
1181 719 1325 774 φημι
1377 704 1470 758 καὶ
1502 704 1689 771 ⁸Ἅϐελ,
1737 705 1854 778 ἐρίσ-

274 798 359 838 σαι
392 784 530 855 πρὸς
555 785 837 859 ἀλλήλους,
870 789 962 844 καὶ
1001 791 1093 846 τὸν
1124 796 1522 867 γεγεννημένον
1549 797 1660 852 ἀπὸ
1708 799 1856 870 ἰσχυ-

275 885 367 949 ρᾶς
416 878 702 951 δυνάμεως
751 883 1151 952 πεφονευκέναι
1197 886 1291 943 τὸν
1336 888 1445 944 ἀπὸ
1487 893 1588 962 τῆς
1633 891 1855 963 ἥττονος

271 970 550 1044 δυνάμεως
583 972 679 1028 καὶ
702 973 1120 1048 ἀσθενεστέρας.

340 1144 412 1199 Γ⁷.
456 1144 538 1200 Τά
569 1145 626 1200 δὲ
674 1146 815 1204 αύτά
866 1150 1225 1225 μυθώδηεκαὶ⁵
1258 1147 1403 1211 οὗτοι
1439 1160 1857 1231 παραπλέκουσι

268 1238 332 1307 τῇ
364 1240 492 1310 περὶ
523 1240 633 1294 τῶν
669 1241 851 1297 αὐτῶν
880 1245 1223 1319 δηλητηρίων
1251 1250 1350 1321 τῆς
1388 1252 1662 1321 ἀγνωσίας
1687 1253 1852 1321 δόσει,

270 1329 379 1392 τοῖς
447 1330 793 1402 πειθομένοις
841 1337 1305 1406 ἐπιϐουλεύοντεςο
1360 1342 1489 1398 Ὀτι
1526 1344 1623 1399 ’δεῖ
1675 1348 1856 1402 πάντα

268 1419 559 1492 ἄνθρωπον
593 1425 775 1497 ἑαυτῷ
802 1427 1021 1485 ἑλέσθαι
1060 1432 1160 1504 τὴν
1195 1435 1550 1509 ἰσχυροτέραν
1602 1438 1858 1511 δύναμιν,

270 1513 361 1567 καὶ
389 1514 494 1585 τῆς
524 1517 746 1588 ἥττονος
778 1523 873 1576 καὶ
899 1524 1091 1579 ἀτόνου
1119 1528 1579 1601 ἀποχωρίζεσθαι,
1610 1533 1855 1586 τουτέστι

269 1605 365 1675 τῆς
398 1604 494 1659 τὸν
518 1607 749 1680 οὐρανὸν
783 1613 1113 1686 ποιησάσης,
1144 1617 1238 1671 καὶ
1263 1618 1362 1690 τὴν
1396 1620 1596 1692 σάρκα,
1642 1620 1736 1675 καὶ
1762 1621 1856 1676 τὸν

1958 432 2106 502 ipsas
2141 436 2371 494 virtutes
2418 454 2543 494 cum
2590 439 2701 496 Eva
2739 456 3068 512 congressas
3117 449 3412 515 utrumque
3449 457 3541 513 ge-

1956 527 2144 582 nuisse
2178 527 2259 583 sic
2296 528 2595 597 alﬁrmant,
2639 540 2698 587 ut
2741 533 2969 589 alterius
3006 532 3208 588 Abelns
3259 533 3370 597 sit,
3415 531 3542 587 Cai-

1956 633 2062 675 nus
2086 620 2332 677 alterius.
2361 623 2506 690 Quin
2556 624 2824 682 Adamum
2857 638 3017 698 atque
3044 625 3212 682 Evam
3265 626 3458 683 iisdem
3509 641 3542 680 a

1954 710 2273 778 virtutibus,
2309 715 2425 771 sive
2458 717 2666 788 angelis
2689 719 2955 790 originem
2984 721 3255 776 traxisse:
3293 735 3542 791 quosque

1955 817 2191 874 genuere
2213 815 2401 875 postea
2427 807 2651 875 liberos,
2668 806 2922 875 Cainum,
2950 813 3195 883 inquam,
3212 823 3266 869 et
3286 813 3538 878 Abelum,

1956 910 2141 951 secum
2172 897 2406 954 invicem
2438 899 2645 957 rixatos
2672 917 2815 966 esse,
2861 912 2915 960 et
2949 906 3289 975 qui'i‘ortiori
3324 906 3393 961 ab
3429 905 3542 961 vir;-
3624 902 3633 909 ’

1955 992 2070 1043 tute
2114 996 2446 1060 propagatus
2500 989 2681 1047 fuerat
2730 990 3010 1051 inférioris
3054 994 3540 1067 imbecilliorisque

1956 1078 2199 1134 sobolem
2234 1081 2524 1138 occidisse.

2016 1171 2192 1243 2'78
2222 1172 2310 1230 lll.
2353 1173 2481 1230 Haec
2530 1175 2713 1230 omnia
2745 1176 3167 1239 mendaciorum,
3195 1186 3447 1250 portenta
3483 1180 3542 1236 in

1954 1265 2233 1322 tradendis
2278 1266 2553 1339 pestiferis
2603 1269 2926 1340 ignorantiae
2974 1287 3089 1327 sum
3139 1273 3417 1344 mysteriis
3470 1273 3539 1326 ad

1953 1364 2286 1414 sectatorum
2317 1361 2611 1430 perniciem
2644 1369 2965 1432 aspergunt,
2993 1361 3158 1433 idque
3199 1364 3536 1418 admonent:

1954 1449 2152 1509 debere
2179 1452 2474 1522 quemlibet
2503 1453 2785 1510 fortiorem
2824 1454 2929 1511 sibi
2968 1455 3231 1527 adoptare
3256 1457 3547 1521 virtutem,

1953 1549 2119 1613 atque
2144 1543 2214 1599 ab
2248 1544 2493 1617 inferiori
2531 1555 2586 1601 et
2615 1547 2957 1603 imbecilliori
2994 1548 3249 1616 secerni,
3287 1564 3352 1603 ea
3388 1547 3540 1605 \id8'°

1953 1632 2098 1696 licet,
2126 1648 2248 1703 quae
2271 1643 2326 1688 et
2350 1636 2550 1690 cmlum
2584 1645 2640 1693 et
2660 1652 2907 1706 carnem,
2933 1647 2986 1696 et
3015 1639 3279 1694 mundum
3312 1638 3544 1695 fabrica;

268 1696 500 1798 κόσμον·
559 1702 656 1755 καὶ
701 1703 1053 1777 ὑπερϐαίνειν
1098 1709 1179 1774 εἰς
1224 1708 1295 1765 τὰ
1336 1710 1587 1766 ἀνώτατα
1632 1711 1724 1766 διὰ
1753 1712 1853 1784 τῆς

1961 1724 2129 1780 verit:
2160 1726 2350 1797 sicque
2373 1728 2440 1782 ad
2466 1729 2753 1799 superiora
2795 1746 2891 1801 per
2918 1729 3122 1788 Christi
3161 1733 3380 1787 evolare
3405 1748 3541 1804 sup-

267 1787 357 1878 τοῦ
402 1790 646 1862 Χριστοῦ
698 1797 1078 1867 σταυρώσεως.
1125 1801 1226 1857 Διά
1257 1803 1367 1876 γὰρ
1412 1803 1602 1873 τοῦτο,
1663 1806 1851 1878 φησιν,

266 1874 426 1952 ἦλθεν
493 1882 736 1951 ἀνωθεν,
793 1888 879 1944 ενα
934 1894 994 1947 ὲν
1047 1894 1197 1967 αὐτῷ
1247 1874 1568 1971 ἐπιτελεσθῇ
1624 1874 1856 1971 δύναμις

268 1974 491 2046 ισχυρὰ,
545 1976 687 2031 κατά
736 1976 1262 2060 τῆξάσθενεστέρας
1314 1990 1595 2063 δυνάμεως
1629 1993 1694 2047 τὸ
1729 1994 1856 2066 τρό-

269 2083 423 2120 παιον
480 2067 747 2135 λαϐοῦσα,
784 2074 878 2129 καὶ
935 2076 998 2131 τὸ
1045 2079 1205 2152 σῶμα
1255 2083 1594 2154 παραδοῦσα.
1646 2086 1757 2139 Kal.
1803 2088 1854 2142 οἱ

269 2159 366 2251 μεν
412 2161 601 2217 αὐτῶν
649 2164 810 2221 τοῦτο
860 2168 1130 2239 λέγουσιν,
1182 2172 1332 2228 ἄλλοι
1363 2173 1421 2228 δὲ
1451 2176 1606 2233 ἄλλα.
1656 2179 1721 2232 Οἱ
1756 2180 1854 2251 μὲν

267 2249 372 2322 γὰρ
415 2251 660 2327 λέγουσι,
710 2257 799 2312 διὰ
852 2261 913 2315 τὸ
968 2264 1205 2336 πονηρὸν
1247 2261 1388 2322 εἷναι
1444 2268 1538 2323 τὸν
1594 2249 1855 2342 Χριστὸν,

268 2343 640 2416 παραδοθῆναι
683 2349 847 2421 αὑτὸν
889 2353 994 2407 ὑπὸ
1017 2354 1112 2409 τοῦ
1160 2357 1352 2423 Ἰούδα,
1385 2359 1709 2432 βουλόμενον
1740 2363 1855 2418 δια-

269 2434 525 2504 στρέφειν
559 2438 629 2492 τὰ
677 2441 820 2496 κατὰ
867 2444 958 2498 τὸν
1013 2446 1196 2518 νόμον.
1255 2451 1567 2507 Ἐπαινοῦσι
1618 2454 1729 2525 γὰρ
1762 2455 1854 2511 τὸν

268 2526 402 2580 Κάῖν
434 2530 534 2584 καὶ
570 2531 663 2585 τὸν
704 2533 924 2604 Ἰούδαν,
960 2538 1037 2602 ὡς
1064 2537 1225 2613 ἔφην,
1248 2542 1342 2597 καὶ
1377 2542 1629 2614 λέγουσι⁹
1662 2546 1854 2602 τούτου

265 2619 450 2676 ἕνεκεν
483 2625 873 2696 παραδέδωκεν
915 2631 1098 2698 αὐτὸν,
1152 2635 1340 2708 ἐπειδὴ
1391 2637 1652 2709 ἠϐούλετο
1687 2656 1856 2695 κατα-

162 2796 169 2801 ἱ
267 2711 411 2770 λύειν
442 2716 513 2770 τά
551 2718 735 2783 καλῶς
765 2721 1138 2796 δεδιδαγμένα.
1174 2728 1357 2782 Ἀλλοι
1388 2731 1446 2784 δὲ
1485 2729 1639 2805 [τῶν]
1670 2732 1853 2789 αὐτῶν

263 2806 381 2878 ούχί
413 2826 607 2878 φασιν,
646 2811 784 2887 ἀλλά
814 2816 1018 2884 ἀγαθὸν
1048 2819 1212 2874 αὑτὸν
1238 2819 1366 2875 ὄντα
1394 2823 1681 2896 παρέδωκε
1712 2824 1854 2880 κατά

265 2896 359 2969 τὴν
402 2900 734 2971 ἐπουράνιον
783 2906 1004 2974 γνῶσιν.
1061 2910 1347 2979 Ἐγνωσαν
1388 2912 1517 2985 γὰρ,
1568 2914 1753 2987 φησιν,
1802 2916 1855 2970 οἱ

262 2991 547 3061 ἄρχοντες,
603 2994 686 3048 ὅτι
749 2995 845 3051 ἐὰν
899 3000 928 3052 ὁ
979 3000 1213 3071 Χριστὸς
1267 3004 1549 3076 παραδοθῇ
1609 3005 1851 3079 σταυρῷ,

1956 1814 2202 1886 plicium.
2236 1816 2387 1875 Hanc
2435 1820 2581 1875 enim
2621 1820 2792 1879 fuisse
2832 1836 3055 1878 causam
3104 1824 3325 1889 volunt,
3381 1839 3482 1879 cur
3512 1842 3547 1881 c

1955 1910 2097 1965 coelo
2125 1910 2383 1983 delapsus
2416 1913 2526 1981 sit;
2557 1914 2816 1969 nimirum
2852 1923 2910 1969 ut
2951 1914 3114 1972 fortis
3150 1917 3204 1971 in
3246 1917 3368 1989 ipso
3411 1918 3549 1973 soli-

1956 2002 2185 2074 diorque
2218 2005 2391 2062 virtus
2417 2005 2792 2077 perﬁceretur,
2829 2024 2895 2064 ac
2930 2007 2999 2063 de
3024 2008 3325 2063 inﬁrmiore
3349 2009 3546 2063 trium-

1956 2095 2122 2166 phum
2159 2095 2389 2153 referret
2415 2136 2432 2161 ,
2476 2112 2785 2168 corpusque
2834 2099 3092 2157 traderet.
3134 2099 3261 2157 Htec
3293 2100 3543 2156 nonnulli

1955 2203 2021 2243 ex
2070 2183 2252 2258 ipsis,
2301 2188 2394 2242 alii
2434 2203 2566 2244 vero
2614 2189 2731 2263 alia
2766 2190 3084 2260 praedicant.
3118 2190 3352 2258 Quidam
3395 2191 3542 2246 enim

1954 2277 2257 2343 Christum,
2294 2279 2438 2351 quod
2474 2280 2650 2336 malus
2680 2289 2846 2344 esset,
2881 2297 2946 2336 ac
2975 2282 3110 2352 legis
3143 2282 3395 2338 instituta
3426 2283 3543 2337 vio-

1954 2369 2069 2425 lare
2094 2371 2354 2435 auderet,
2384 2387 2415 2425 a
2458 2368 2596 2427 luda
2626 2372 2909 2443 proditum
2946 2373 3290 2430 existimant.
3312 2373 3541 2430 Cainqu

1953 2463 2129 2530 enim,
2164 2472 2224 2518 ut
2260 2464 2528 2530 diximus,
2564 2463 2873 2536 Judamque
2898 2474 3231 2521 venerantur
3261 2481 3276 2532 ;
3312 2466 3544 2535 ejusque

1955 2554 2033 2609 rei
2069 2554 2266 2624 gratia,
2303 2554 2576 2626 inquiunt,
2607 2557 2759 2611 illum
2789 2556 3052 2628 prodidit,
3085 2556 3235 2628 quod
3276 2557 3548 2628 praeclara

1955 2645 2153 2701 tradita
2195 2647 2483 2718 antiquare
2514 2650 2694 2705 vellet.
2749 2650 2855 2704 Alii
2903 2665 3034 2705 vero
3074 2650 3232 2705 aliter
3275 2649 3542 2715 sentiunt,

1955 2747 2015 2792 ut
2048 2739 2264 2793 tametsi
2294 2739 2471 2796 bonus
2504 2749 2692 2808 esset,
2727 2756 2793 2797 ex
2826 2741 3036 2798 crelesti
3075 2741 3310 2812 quadam
3355 2741 3545 2813 cogni-

1954 2829 2100 2884 tione
2131 2828 2205 2885 sit
2234 2829 2505 2900 proditus.
2545 2830 2754 2886 Norant
2802 2832 2970 2896 enim,
3012 2832 3189 2896 aiunt,
3242 2830 3542 2902 principes,

1953 2921 1999 2974 si
2042 2919 2296 2977 Christus
2326 2921 2383 2977 in
2430 2937 2651 2979 erucem
2704 2922 2985 2979 tolleretur
3010 2963 3025 2989 ,
3062 2925 3304 2994 ipsorum
3333 2922 3542 2977 exhau-

1954 3018 2097 3066 stum
2129 3013 2196 3067 iri
2227 3014 2527 3084 potentiam
2557 3030 2808 3081 omnem;
2868 3015 3015 3085 quod
3064 3029 3190 3070 cum
3218 3012 3390 3069 Judas
3431 3029 3551 3073 non

265 3082 515 3176 κενοῦται
578 3085 758 3141 αὐτῶν
802 3091 835 3159 ἡ
889 3090 1161 3165 (ἀσθενὴς)
1213 3093 1462 3166 δύναμις.
1508 3096 1621 3151 Καὶ
1674 3098 1856 3164 τοῦτο,

1961 3103 2260 3173 ignoraret,
2292 3106 2619 3168 maturavit,
2653 3120 2981 3175 omnemque
3006 3106 3223 3176 lapiden
3265 3107 3451 3169 movit,
3486 3114 3546 3160 ut

262 3174 413 3242 φησι,
443 3176 617 3245 γνοὺς
648 3179 677 3231 ὸ
719 3177 918 3244 Ἰούδας
943 3182 1197 3249 ἔσπευσε,
1226 3185 1322 3239 καὶ
1365 3186 1545 3241 πάντα
1580 3187 1851 3260 ἐκίνησεν,

263 3262 402 3320 ὥστε
438 3269 783 3343 παραδοῦναι
810 3274 993 3339 αὐτὸν,
1019 3276 1224 3345 ἀγαθὸν
1254 3277 1417 3351 ἔργον
1457 3280 1689 3353 ποιήσας
1722 3283 1857 3353 ἡμῖν

262 3356 341 3421 εἰς
370 3361 675 3433 σωτηρίαν.
714 3364 824 3417 Καὶ
846 3363 927 3418 δεῖ
957 3367 1105 3437 ἡμᾶς
1129 3368 1392 3436 ἐπαινεῖν,
1425 3370 1518 3423 καὶ
1546 3369 1855 3425 ἀποδιδόναι

263 3451 410 3524 αὐτῷ
442 3453 538 3507 τὸν
578 3454 825 3521 ἔπαινον,
857 3458 939 3513 ὅτι
983 3459 1050 3513 δι’
1083 3461 1251 3515 αὐτοῦ
1285 3461 1698 3535 κατεσκευάσθη
1726 3463 1856 3534 ἡμῖν

263 3545 295 3614 ἡ
342 3546 437 3600 τοῦ
492 3548 740 3620 σταυροῦ
784 3551 1051 3624 σωτηρία,
1096 3556 1191 3609 καὶ
1225 3557 1259 3626 ἡ
1308 3556 1398 3610 διὰ
1450 3556 1549 3629 τῆς
1602 3554 1858 3629 τοιαύτης

263 3636 579 3705 ὑποθέσεως
613 3640 726 3696 τῶν
752 3644 865 3698 ἀνω
893 3645 1256 3717 ἀποκάλυψις.

329 3732 489 3788 Κατὰ
521 3736 709 3791 πάντα
738 3736 796 3793 δὲ
823 3739 1026 3809 τρόπον
1053 3735 1196 3795 οὗτοι
1230 3739 1561 3814 ήπάτηνται,
1591 3744 1692 3798 οὐκ
1719 3744 1859 3814 ἀγα-

262 3823 351 3879 θόν
390 3844 517 3882 τινα
542 3826 825 3900 ¹τιμῶντες
854 3830 887 3902 ἢ
919 3831 1283 3909 ἐπαινοῦντες.
1338 3833 1507 3906 Δῆλον
1553 3834 1633 3901 δὲ,
1661 3836 1744 3889 ὅτι
1792 3839 1858 3891 ἐκ

260 3915 354 3971 τοῦ
416 3919 680 3975 διαϐόλου
739 3921 925 3987 αὐτοῖς
981 3921 1156 3986 ταῦτα
1200 3922 1581 3997 ὑπέσπαρται,
1636 3926 1708 3981 τὰ
1760 3930 1860 3999 τῆς

258 4012 485 4080 ἀγνοίας
520 4012 677 4084 λέγω
715 4014 811 4070 καὶ
844 4015 1080 4087 ἀπάτης.
1112 4004 1424 4089 Πληροῦται
1460 4018 1518 4073 δὲ
1554 4020 1860 4085 ἐπ’θαὺτοῖς

259 4104 319 4160 τὸ
371 4108 775 4181 γεγραμμένον
799 4126 814 4142 υ
874 4110 1021 4165 Οὐαὶ
1058 4110 1185 4178 τοῖς
1232 4110 1485 4182 λέγουσι
1538 4113 1623 4189 tdw
1669 4113 1862 4169 καλὸν

258 4201 558 4271 πονηρὸν,
595 4203 699 4257 καὶ
757 4203 825 4258 τὸ
876 4204 1147 4275 πονηρὸν
1196 4192 1459 4277 ἀγαθον-ο
1507 4210 1563 4262 οι
1599 4206 1862 4275 τιθέντες

258 4293 325 4347 τὸ
356 4296 591 4363 σκότος
627 4296 775 4366 φῶς,
807 4292 1008 4354 καὶτὸ
1040 4297 1167 4369 φῶς
1198 4300 1456 4367 σκότος·
1497 4302 1556 4355 ol
1577 4300 1862 4371 ,λέγοντες

260 4386 324 4440 τὸ
355 4375 562 4471 γλυκὺ
618 4390 860 4459 πικρὸν,
905 4391 1007 4446 καὶ
1039 4393 1108 4446 τὸ
1149 4392 1367 4461 πικρὸν
1403 4394 1618 4463 γλυκύ.
1674 4393 1859 4465 Πάντη

1957 3210 2082 3250 eum
2115 3194 2320 3251 ludatis
2355 3196 2612 3252 traderet.
2643 3196 2762 3265 Qua
2796 3198 2851 3252 in
2886 3213 2945 3252 re
2975 3198 3192 3268 egregie
3235 3199 3401 3252 saluti
3441 3214 3543 3253 no-

1958 3298 2086 3344 strae
2123 3290 2420 3346 consuluit.
2451 3290 2529 3345 Ae
2568 3300 2853 3361 propterea
2900 3290 3154 3346 laudibus
3192 3306 3317 3346 eum
3358 3306 3542 3346 remu-

1957 3382 2141 3436 nerari
2170 3396 2270 3438 nos
2300 3390 2536 3452 oportet,
2579 3382 2738 3453 cujus
2769 3398 2933 3452 opera
2963 3382 3144 3438 crucis
3184 3383 3348 3439 nobis
3393 3384 3560 3440 salus.

1957 3481 2042 3528 est
2096 3472 2189 3528 illa
2234 3481 2580 3546 .comparata
2613 3514 2629 3539 ,
2697 3490 2912 3530 necnon
2970 3474 3278 3530 caelestium
3359 3491 3558 3532 rerum.

1957 3565 2147 3622 eadem
2180 3580 2248 3623 ex
2269 3567 2560 3624 occasione
2587 3568 2998 3623 communicata
3026 3567 3290 3640 cognitio.

2032 3747 2139 3804 Sed
2171 3764 2295 3805 cum
2337 3748 2427 3804 isti
2469 3747 2693 3804 minime
2732 3749 2936 3804 bonum
2973 3749 3211 3817 aliquem
3245 3747 3454 3802 honore
3484 3761 3550 3800 ac

1958 3840 2122 3896 laude
2157 3847 2578 3911 prosequantur,
2618 3847 2733 3894 toto
2771 3840 2913 3894 coelo
2938 3878 2954 3903 ,
2984 3840 3131 3909 quod
3166 3839 3357 3902 aiunt,
3391 3838 3551 3892 aber-

1959 3939 2104 3986 rant.
2144 3930 2332 4002 Neque
2381 3930 2683 3987 obscurum
2723 3929 2857 3984 illud
2895 3938 2979 3984 est
3003 3968 3020 3996 ,
3072 3930 3188 3983 haec
3225 3927 3587 4008 ignorantiae.

1961 4024 2282 4095 fraudisque
2309 4023 2521 4080 semina
2564 4021 2701 4094 ipsis
2740 4036 2771 4076 a
2816 4020 3035 4077 diabolo
3070 4034 3295 4091 aspersa
3353 4018 3545 4073 fuisse.
3579 4020 3592 4031 “

1959 4116 2018 4172 In
2048 4111 2249 4188 quibus
2296 4114 2432 4171 illud
2461 4122 2547 4171 est
2578 4131 2610 4174 e
2644 4114 2930 4185 Scriptura
2972 4110 3299 4184 profectum.
3340 4110 3431 4165 Va:
3457 4110 3551 4180 qui

1959 4209 2142 4264 dicunt
2180 4208 2371 4263 bonum
2412 4208 2613 4262 malum
2637 4247 2653 4272 ,
2708 4215 2758 4262 et
2807 4204 3007 4260 malum
3041 4207 3234 4258 bonum
3259 4218 3279 4257 :
3329 4204 3419 4275 qui
3449 4218 3546 4272 po-

1962 4313 2092 4358 nant
2119 4303 2360 4358 tenebras
2392 4301 2596 4367 lucem,
2630 4310 2680 4356 et
2711 4299 2879 4354 lucem
2909 4297 3149 4354 tenebras
3176 4314 3196 4354 :
3226 4297 3316 4370 qui
3363 4298 3548 4373 dicunt

1961 4395 2115 4450 dulce
2155 4410 2402 4448 amarunt
2457 4400 2509 4448 et
2543 4408 2788 4446 amarum
2827 4390 2979 4446 dulce
3025 4392 3066 4447 ¹.
3101 4388 3236 4445 Nam
3272 4390 3328 4445 in
3365 4386 3549 4445 Veteri

258 4477 367 4552 γάρ
391 4481 646 4551 ἐκφωνεῖ
692 4481 907 4538 Παλαιά
949 4484 1045 4538 καὶ
1072 4484 1249 4557 Καινὴ
1283 4485 1547 4569 Διαθηκη,
1581 4485 1676 4539 τοῦ
1719 4485 1856 4541 Κάῖν

1963 4495 2018 4544 et
2042 4485 2192 4541 Novo
2221 4484 2570 4541 Testamento
2600 4482 2756 4540 Caini
2794 4484 3045 4555 impietas
3075 4488 3261 4553 aperta
3300 4495 3364 4535 ac
3398 4480 3551 4535 clara

258 4569 353 4642 τὴν
399 4573 675 4629 ἀσέϐειαν
721 4575 1254 4648 ὲπικηρυκευομένη.
1287 4569 1447 4631 Οὗτοι
1477 4577 1558 4643 δὲ,
1601 4576 1698 4632 τοῦ
1728 4577 1857 4632 σκό-

254 4674 383 4723 τους
435 4659 602 4725 ὄντες
649 4660 908 4733 ἐρασταὶ,
944 4663 1040 4719 καὶ
1084 4664 1196 4720 τῶν
1225 4665 1537 4721 κακοποιῶν
1588 4668 1858 4739 μιμηταὶ,

255 4750 347 4803 τὸν
389 4752 566 4806 Ἀϐελ
601 4751 848 4824 μισοῦσι,
898 4754 990 4809 τὸν
1040 4755 1097 4810 δὲ
1145 4756 1283 4814 Κάίν
1336 4757 1613 4829 ἀγαπῶσι,
1647 4760 1742 4814 καὶ
1782 4759 1862 4832 τῷ

163 4907 165 4910 γ
268 4841 447 4915 Ἰούδᾳ
490 4844 591 4898 τὸν
627 4842 852 4900 ἔπαινον
899 4845 1125 4903 διδόασι.
1174 4848 1512 4922 Φθοριμαξαν
1557 4851 1615 4905 δὲ
1662 4851 1866 4921 γνῶσιν

256 4936 468 5008 ἔχουσι,
522 4937 625 4993 δύο
676 4939 962 5005 τάττοντες
1007 4939 1303 5013 δυνάμεις,
1352 4944 1747 5017 ἀσθενεστέραν
1803 4961 1863 4999 τε

255 5032 349 5086 καὶ
410 5032 829 5107 δυνατωτέραν,
884 5035 1328 5108 ἀντιμαχομένας
1387 5037 1445 5092 δὲ
1508 5038 1649 5119 πρδς
1694 5039 1865 5111 ἀλλή-

252 5121 369 5189 λας,
403 5123 688 5187 ποιούσας
718 5124 777 5179 δὲ
805 5126 865 5180 ὲν
890 5124 970 5196 τῷ
1002 5127 1193 5199 κόσμῳ
1222 5128 1285 5182 οὐ
1312 5128 1539 5202 γνώμης
1557 5131 1862 5198 ἀλλοίωσιν,

248 5221 387 5276 ἀλλὰ
432 5221 553 5275 τῶν
590 5222 1011 5294 γεγενημένων,
1044 5227 1172 5289 τοὺς
1219 5227 1318 5298 μὲν
1366 5227 1507 5282 κατὰ
1540 5228 1702 5299 φύσιν
1754 5230 1865 5285 ἀπὸ

247 5315 450 5381 κακίας
496 5315 605 5389 τὴν
658 5315 862 5370 οὐσίαν
892 5316 1057 5387 ἔχειν,
1106 5318 1233 5384 τοὺς
1276 5319 1333 5374 δὲ
1364 5320 1473 5375 ἀπὸ
1504 5321 1861 5394 ἀγαθὸτητος.

240 5405 447 5460 υύδένα
491 5407 553 5462 δὲ
602 5406 768 5461 κατὰ
805 5406 1030 5487 γνώμην
1054 5409 1258 5481 ἀγαθὸν
1286 5411 1319 5483 ῆ
1346 5408 1555 5482 ὶραῦλον
1590 5412 1859 5483 λέγουσιν,

242 5501 383 5556 ἀλλὰ
408 5500 565 5556 κατὰ
602 5498 805 5569 φύειν.

331 5687 343 5718 ⁸
379 5682 490 5741 lsa.
528 5699 585 5743 v.
618 5680 716 5737 20.

1963 4593 2098 4635 voce
2119 4574 2572 4650 praedicatur.'llli
2623 4584 2806 4633 autem
2857 4577 3208 4633 tenebrarum
3248 4580 3545 4640 amatores,

1966 4691 2032 4733 ac
2060 4674 2433 4732 maleﬁcorum
2464 4670 2767 4727 imitatores
2797 4669 3027 4726 Abelum
3058 4669 3313 4731 oderunt,
3347 4674 3402 4723 et
3432 4664 3550 4721 Cai-

1965 4784 2096 4824 nurn
2158 4773 2379 4832 amant,
2433 4770 2488 4819 et
2526 4759 2722 4817 ludam
2774 4761 3051 4832 praeconio
3107 4775 3210 4818 suo
3247 4759 3564 4815 celebrant.

1965 4857 2073 4915 Sed
2110 4866 2164 4914 et
2188 4853 2657 4929 perniciosissime
2685 4853 2953 4921 sentiunt,
2991 4852 3122 4908 dum
3152 4850 3407 4906 virtutem
3443 4842 3549 4904 du-

1965 4953 2161 5024 plicem
2184 4946 2559 5008 constituunt,
2590 4942 2919 4999 imbecillam
2940 4984 2957 5011 ,
2985 4952 3039 4999 et
3062 4942 3357 4997 tirmiorem
3378 4979 3393 5004 ,
3425 4955 3563 5012 quae.

1963 5055 2150 5099 secum
2189 5037 2423 5094 invicem
2456 5032 2796 5096 dissideant,
2830 5046 2896 5086 ac
2934 5048 3045 5086 nun
3095 5031 3437 5087 voluntatum
3490 5029 3549 5087 in

1967 5132 2173 5191 mundo
2208 5130 2525 5184 varietatem
2557 5124 2827 5180 inferant:
2868 5122 3035 5194 279
3066 5121 3161 5178 sed
3208 5120 3340 5176 illud
3386 5119 3547 5192 perﬁ-

1969 5227 2153 5291 ciant,
2199 5222 2383 5292 utqui
2433 5220 2488 5274 in
2540 5219 2719 5273 lucem
2770 5217 3078 5287 prodeunt,
3128 5214 3221 5269 alii
3252 5214 3482 5285 primam
3517 5228 3547 5266 a

1971 5320 2116 5377 malo
2143 5323 2355 5373 natura:
2382 5311 2671 5383 originem,
2700 5309 2795 5364 alii
2831 5325 2862 5364 a
2899 5309 3042 5365 bono
3078 5307 3377 5365 derivatam
3405 5306 3546 5360 acci-

1972 5414 2143 5484 piant.
2177 5406 2458 5463 Neminem
2514 5403 2659 5458 enim
2695 5403 2773 5457 illi
2820 5417 2885 5457 ex
2938 5401 3107 5457 animi
3153 5398 3546 5484 deliberatione

1974 5482 2177 5562 bonum
2216 5512 2338 5555 esse
2376 5496 2456 5553 vel
2488 5495 2711 5563 malum,
2752 5492 2845 5550 sed
2876 5501 3070 5549 natura
3112 5493 3231 5564 ipsa
3258 5482 3545 5546 deﬁniunt.

3430 233 3537 288 ess
3654 211 3662 218 ’
