4078 6074
436 188 538 241 653
648 168 655 173 ’

1830 199 1887 257 5.
1931 200 2272 260 EPlPllANll

3588 204 3694 260 660

504 309 593 365 ιν.
631 310 735 368 εει]
769 315 835 370 de
870 315 1042 371 Caino
1074 318 1322 388 primum,
1343 318 1472 389 quid
1510 318 1704 376 Vetere
1734 322 1790 377 in
1818 319 2014 378 Testa-

2186 329 2260 404 ΔΩ
2304 330 2415 385 Καὶ
2446 330 2661 403 πρῶτον
2700 331 2898 404 ἴδωμεν
2925 332 3051 403 περὶ
3085 329 3179 384 τοῦ
3216 329 3375 394 Κάῖν,
3402 327 3477 390 ὼς
3529 328 3564 397 ἡ
3596 326 3699 396 μὲν

434 413 619 459 mento
647 408 909 477 scriptum
942 412 1011 464 sit
1038 412 1413 480 inspiciamus.
1442 412 1785 480 Maledictus,
1809 416 2008 487 inquit,

431 501 536 555 eris
561 520 591 555 a
624 509 786 569 terra,
812 521 928 575 qua!
954 508 1157 573 aperuit
1181 524 1238 563 os
1269 525 1444 573 suum,
1475 521 1524 565 et
1550 513 1775 581 suscepit
1799 516 2012 585 sangui—

433 608 550 646 nem
582 590 770 663 fratris
803 598 879 649 tui
906 596 969 652 de
1001 616 1161 654 manu
1184 612 1276 655 tua
1294 618 1313 656 :
1342 602 1478 673 (47‘)
1505 604 1709 674 erisque
1731 621 1937 676 gemens
1961 617 2011 662 et

436 692 660 741 tremens
690 704 845 757 super
875 699 1072 745 terram
1099 695 1138 747 ⁸.
1166 693 1376 759 Quibus
1405 710 1467 751 ea
1490 698 1861 761 consentiunt,
1889 716 2012 770 quas

436 775 500 829 de
529 777 717 831 eodem
754 776 1017 837 Dominus
1040 782 1094 836 in
1120 781 1410 855 Evangelia
1439 784 1680 855 loquitur
1706 827 1720 851 ,
1754 802 1878 841 cum
1917 786 2013 843 Ju-

437 864 535 919 daei
576 865 876 935 dixissent,
909 868 1128 927 Patrem
1157 874 1407 930 habemus
1440 875 1607 931 Deum
1633 878 1677 931 ³.
1720 868 1812 934 Sic
1864 880 2011 934 enim

436 955 698 1013 Dominus
731 962 1012 1018 occurrit:
1056 964 1156 1020 Vos
1195 967 1300 1036 ﬁlii
1334 970 1460 1023 estis
1496 969 1665 1037 patris
1692 970 1851 1024 vestri
1894 971 2013 1025 dia-

435 1048 562 1114 boli,
589 1053 837 1121 quoniam
867 1055 1093 1110 mendax
1121 1068 1233 1123 est;
1262 1061 1510 1130 quoniam
1543 1072 1695 1129 pater
1725 1062 1838 1130 ejus
1866 1080 2011 1117 men-

434 1140 544 1195 dax
571 1152 670 1199 est.
712 1142 814 1198 Ille
836 1146 1101 1203 homicida
1149 1151 1251 1218 [uit
1284 1151 1350 1204 ab
1397 1152 1547 1205 initio
1568 1191 1582 1217 ,
1616 1162 1665 1206 et
1713 1154 1768 1207 in
1795 1155 2013 1208 veritate

436 1253 537 1291 non
583 1238 745 1293 stetit.
782 1239 914 1295 Cum
945 1241 1196 1309 loquitur,
1238 1243 1567 1298 mendacium
1604 1262 1667 1300 ex
1695 1248 1907 1316 proprio
1939 1250 2015 1302 lo-

435 1331 652 1398 quitur,
692 1334 942 1403 quoniam
996 1345 1046 1389 et
1103 1346 1253 1405 pater
1309 1337 1426 1407 ejus
1480 1339 1705 1393 mendax
1740 1349 1878 1395 erat.
1936 1339 2014 1395 Ex

436 1436 545 1489 quo
574 1429 627 1475 et
659 1424 1034 1480 haereses’aliae
1066 1442 1189 1482 cum
1220 1428 1359 1483 hanc
1387 1445 1573 1486 vocem
1613 1432 1880 1500 audiunt,
1918 1432 2012 1488 Ju-

435 1512 675 1567 daeorum
705 1523 913 1584 patrem
956 1506 1229 1575 diabolum
1265 1537 1389 1579 esse
1413 1523 1631 1586 dicunt,
1664 1524 1750 1578 cui
1790 1532 1844 1579 et
1874 1525 2015 1581 alius

434 1604 507 1658 sit
532 1614 706 1674 pater,
727 1602 961 1680 huicque
988 1612 1173 1667 itidem
1200 1614 1359 1669 alius.
1387 1612 1492 1669 Sed
1519 1625 1786 1671 excaecata
1812 1624 2012 1683 mente,

2119 400 2333 478 Παλαιά
2373 400 2614 497 Διαθῄκη
2663 400 2860 498 φησίν·
2926 400 3391 490 Ἐπικατάρατος
3442 416 3523 507 σὺ
3576 416 3731 507 ἀπὸΙ

2118 511 2229 581 τῆς
2260 512 2394 584 τῆς,
2430 512 2563 581 ἣτις
2601 514 2782 583 exure
2822 514 2889 568 τὸ
2936 514 3131 582 στόμα
3175 510 3367 579 αὐτῆς
3407 505 3696 573 δέξασθαι

2118 604 2185 658 τὸ
2223 600 2367 675 alita
2418 606 2524 660 τοῦ
2555 606 2821 676 ἀδελφοῦ
2860 621 2977 659 σου
3031 605 3099 657 ἐκ
3146 602 3259 671 τῆς
3312 600 3505 669 χειρός
3556 612 3693 652 σου·

2120 692 2215 745 καὶ
2279 693 2471 748 πάλιν·
2554 694 3015 763 Ἐπικατάρατος
3064 693 3147 748 σὺ
3204 693 3274 746 ἐν
3324 691 3447 758 τοῖς
3501 690 3698 760 ἔργοις

2119 800 2258 852 σου,
2288 785 2386 840 καὶ
2416 787 2531 856 ἔσῃ
2568 786 2800 842 στένων
2840 786 2939 841 καί
2988 786 3214 856 τρέμων
3254 785 3353 840 ἐπί
3401 783 3512 851 τῆς
3562 782 3695 852 τῆς.

2122 878 2337 949 Συνῳδά
2365 879 2422 932 δὲ
2451 882 2516 951 τῇ
2543 880 2758 952 Παλαιᾷ
2787 879 3029 951 Διαθήκῃ
3057 880 3085 932 ὀ
3108 878 3312 948 Κύριος
3334 878 3392 929 ὲν
3414 874 3493 945 τῷ
3519 875 3700 943 Εὐαγ-

2118 971 2284 1042 γελίῳ
2345 973 2467 1043 περὶ
2519 972 2711 1025 τούτου
2760 973 2928 1041 λέγει,
3006 973 3097 1025 ὅτε
3173 965 3412 1025 Ἰουδαῖοι
3477 969 3696 1037 ἔλεγον*

2133 1064 2323 1134 Ἡμεῖς
2351 1064 2583 1135 Πατέρα
2627 1064 2846 1134 ἔχομεν
2889 1064 2995 1117 τὸν
3047 1064 3213 1118 Θεόν.
3274 1063 3332 1116 Ὀ
3385 1062 3442 1115 δὲ
3496 1061 3699 1133 Κύριος

2122 1155 2258 1227 πρὸς
2297 1155 2495 1218 αὐτοὺς
2543 1155 2675 1225 ἔφη·
2722 1153 2920 1223 Ὑμεῖς
2976 1155 3095 1208 υἱοί
3124 1155 3267 1207 ἐστε
3317 1151 3425 1206 τοῦ
3477 1151 3700 1221 πατρὸς

2121 1247 2287 1318 ὑμῶν
2332 1248 2436 1303 τοῦ
2468 1248 2752 1302 διαϐόλου
2776 1286 2791 1312 ,
2832 1246 2923 1301 ὅτι
2971 1247 3246 1316 ψεύστης
3288 1245 3480 1299 ἐστίν·
3538 1243 3629 1297 ὅτι
3667 1244 3701 1297 d

2122 1340 2316 1410 πατὴρ
2366 1339 2554 1395 αὐτοῦ
2590 1341 2866 1408 ψεύστης
2915 1332 3013 1409 ἦν.
3076 1338 3342 1404 Ἐκεῖνος
3394 1337 3699 1406 ἀνθρωπο-

2123 1432 2337 1496 κτόνος
2367 1426 2467 1500 ἦν,
2497 1429 2595 1484 καὶ
2620 1427 2782 1497 ἐντῇ
2811 1428 3063 1496 ἀληθείᾳ
3083 1429 3194 1480 οὐκ
3225 1425 3487 1494 ἔμεινεν.
3526 1424 3701 1474 Ὅταν

2121 1522 2317 1586 λαλεῖ,
2350 1522 2418 1576 τὸ
2450 1520 2679 1590 ⁴ψεῦδος
2706 1520 2775 1573 ἐκ
2815 1519 2935 1573 τῶν
2965 1518 3135 1572 ἰδίων·
3183 1516 3360 1571 λαλεῖ
3379 1532 3392 1545 ·
3420 1515 3508 1568 ὅτι
3540 1512 3638 1567 καὶ
3668 1515 3703 1566 ό

2123 1614 2320 1682 πατὴρ
2352 1611 2539 1667 αὐτοῦ
2570 1612 2844 1680 ψεύστης
2872 1606 2972 1678 ἦν.
3006 1608 3169 1661 Ὅθεν
3201 1604 3295 1661 καὶ
3336 1607 3394 1660 αἱ
3430 1604 3584 1659 ἄλλαι
3615 1605 3703 1656 αἱ⁸

433 1693 805 1771 cﬂ’renataque
858 1701 1044 1771 lingua
1107 1702 1210 1757 ista
1271 1705 1550 1772 jactitant.
1605 1704 1885 1775 Siquidem
1951 1707 2018 1761 ad

2125 1706 2324 1778 ρέσεις,
2369 1703 2665 1757 ἀκούουσαι
2691 1701 2753 1755 τὸ
2787 1702 2941 1773 ῥῆμα
2986 1699 3165 1766 τοῦτο,
3216 1695 3427 1768 πατέρα
3462 1695 3561 1767 μὲν
3592 1693 3703 1747 τῶν

437 1788 815 1844 universorum
844 1790 1156 1857 Dominum,
1186 1809 1249 1849 ac
1273 1794 1619 1862 Judazorum,
1665 1804 1719 1851 et
1752 1796 2020 1852 Christia-

437 1894 655 1946 norum,
693 1882 938 1952 adeoque
978 1884 1220 1938 omnium
1252 1885 1421 1941 Deum
1453 1887 1599 1943 illius
1635 1888 2020 1958 cognationem

439 1970 722 2028 referunt:
770 1990 1006 2045 eumque
1045 1986 1251 2045 patrem
1284 1993 1408 2033 esse
1445 1979 1687 2049 parentis
1735 1980 1887 2037 illius
1917 1997 2018 2052 pu-

435 2072 573 2130 tant,
604 2066 698 2135 qui
741 2064 912 2140 Moysi
938 2066 1117 2143 legem
1149 2073 1580 2141 prmscripserit,
1613 2086 1678 2126 ac
1709 2080 1819 2127 tam
1851 2075 2020 2129 multa

437 2156 684 2228 prodigia
718 2162 1034 2230 patraverit.
1069 2160 1176 2217 Sed
1228 2162 1384 2234 longe
1413 2180 1472 2219 se
1517 2179 1605 2220 res
1635 2165 1792 2220 aliter
1835 2165 2019 2232 habet,

436 2263 471 2303 ο
523 2249 868 2306 charissime.
937 2252 1071 2307 Nam
1117 2255 1352 2311 subinde
1406 2255 1670 2313 Dominus
1727 2257 1903 2313 nostri
1965 2256 2021 2310 in

436 2341 694 2399 omnibus
746 2360 935 2399 curam
966 2362 1192 2417 gerens,
1245 2365 1315 2405 ue
1352 2364 1453 2419 pro
1503 2349 1625 2406 aliis
1659 2351 1764 2405 alia
1792 2350 2022 2407 subdole

439 2431 769 2503 ﬁngeremus
795 2477 810 2502 ,
842 2446 936 2491 aut
973 2437 1188 2493 illorum
1236 2449 1444 2510 patrem
1493 2456 1681 2498 revera
1738 2441 2021 2521 existima-

439 2540 624 2581 remus
654 2542 777 2584 esse
807 2524 1083 2585 diabolum
1104 2570 1120 2596 ,
1154 2531 1229 2585 ita
1273 2532 1575 2604 discipulos
1605 2549 1736 2591 suos
1784 2535 2020 2605 alloqui-

438 2623 566 2672 tur:
603 2608 792 2674 Nonne
836 2622 1106 2675 duodecim
1146 2639 1234 2678 vos
1267 2622 1437 2695 elegi,
1475 2634 1526 2679 et
1569 2641 1706 2679 unus
1761 2640 1827 2680 ex
1876 2624 2020 2679 vobis

435 2708 680 2765 diabolus
706 2713 869 2767 est’?
901 2730 1010 2769 non
1039 2730 1163 2770 eum
1196 2723 1392 2770 natura
1425 2756 1442 2781 ,
1481 2716 1577 2774 sed
1621 2718 1805 2773 animo
1830 2716 2021 2771 diabo-

437 2802 549 2855 lum
595 2819 717 2860 esse
754 2805 1097 2876 signiﬁcans.
1148 2806 1349 2861 lterum
1389 2808 1499 2863 alio
1543 2809 1597 2862 in
1639 2808 1804 2863 loco:
1857 2808 2021 2863 Pater

440 2888 661 2948 Domine
687 2898 803 2949 casti
839 2914 901 2950 ac
930 2907 1083 2952 terra:
1112 2938 1128 2963 ,
1158 2915 1306 2953 serva
1349 2916 1436 2954 eos
1466 2918 1596 2972 quos
1644 2899 1839 2956 dedisti
1869 2902 2015 2957 mihi.

2136 1796 2402 1852 Ἰουδαίων
2459 1796 2760 1864 φάσκουσιν
2811 1788 2952 1847 εἶναι
3003 1792 3097 1846 τὸν
3145 1789 3411 1851 διάϐολον,
3456 1786 3600 1858 ἔχειν
3642 1802 3701 1839 τε

2123 1890 2336 1960 πατέρα
2362 1887 2540 1950 ἄλλον,
2579 1886 2673 1940 καὶ
2697 1885 2790 1939 τὸν
2818 1882 2983 1937 αὑτοῦ
3016 1881 3228 1953 πατέρα
3270 1878 3433 1933 πάλιν
3468 1876 3699 1947 πατέρα.

2135 1980 2298 2035 Ἀλλὰ
2339 1974 2765 2050 ἀθυρογλώττως
2816 1975 3165 2045 φθέγγονται,
3209 1971 3309 2043 τὴν
3340 1969 3580 2024 διάνοιαν
3610 1984 3704 2019 τυ-

2124 2072 2475 2143 φλώττοντες.
2510 2070 2619 2124 Καὶ
2642 2069 2752 2141 γὰρ
2781 2069 2874 2122 ἐπὶ
2899 2067 2990 2120 τὸν
3012 2066 3230 2119 πάντων
3252 2061 3551 2132 Δεσπότην,
3568 2059 3700 2113 Θεὸν

2135 2164 2405 2219 Ἰουδαίων
2430 2180 2490 2215 τε
2519 2163 2614 2217 καὶ
2657 2159 3000 2232 Χριστιανῶν
3038 2157 3133 2212 καὶ
3164 2155 3404 2220 πάντων,
3436 2151 3537 2223 τὴν
3575 2168 3705 2219 συγ-

2110 2252 2337 2325 γένειαν
2363 2255 2557 2325 ἐκείνῳ
2589 2255 2608 2287 ⁷
2639 2254 2924 2321 ἀνάγουσι,
2956 2249 3141 2304 τοῦτον
3187 2246 3406 2316 Πατέρα
3437 2243 3532 2297 τοῦ
3562 2243 3703 2296 ὲκεί-

2124 2368 2216 2406 νου
2266 2348 2479 2421 Πατρὸς
2530 2345 2666 2400 εἶναι
2701 2345 2967 2414 λέγοντες,
3003 2342 3096 2396 τὸν
3139 2340 3575 2412 νομοθετήσαντα
3616 2336 3703 2391 διὰ

2124 2440 2425 2502 Μωῦσέως,
2457 2438 2551 2491 καὶ
2583 2434 2824 2490 τοσαῦτα
2874 2433 3150 2503 θαυμάσια
3184 2429 3544 2501 πεποιηκότα.
3590 2427 3703 2480 Οὐκ

2123 2531 2238 2587 ἐστι
2270 2531 2327 2584 δὲ
2350 2529 2527 2592 τοῦτο,
2569 2523 2614 2582 ὧ
2646 2526 2971 2597 ἀγαπητέ’⁸.
3005 2525 3181 2588 Αὐτὸς
3208 2523 3316 2597 γὰρ
3349 2522 3509 2586 εὐθύς
3541 2537 3706 2592 φησιν

2122 2626 2151 2678 ὁ
2194 2622 2420 2694 Κύριος,
2466 2622 2523 2675 ὲν
2569 2621 2772 2675 ἅπασιν
2812 2616 2972 2690 ήμῶν
3009 2617 3106 2688 τὴν
3156 2616 3476 2687 ἐπιμέλειαν
3520 2611 3704 2669 notati-

2126 2732 2307 2787 μενος,
2346 2716 2434 2770 ἵνα
2463 2713 2537 2785 μὴ
2566 2714 2623 2767 ἐν
2658 2710 2997 2783 παρεκϐάσει
3047 2708 3333 2781 γενώμεθα
3361 2707 3452 2761 τοῦ
3483 2722 3707 2771 προκειο

2127 2810 2315 2881 μένου,
2346 2808 2511 2879 ἕτερα
2556 2804 2671 2859 ἀνθ’
2706 2805 2908 2875 ἑτέρων
2948 2802 3291 2873 σοφιζόμενοι
3331 2800 3423 2854 καὶ
3460 2796 3707 2852 διανοού-

2126 2917 2295 2972 μενοι,
2329 2898 2497 2967 λέγει,
2538 2897 2749 2967 πατέρα
2777 2889 3138 2948 αὑτῶν-εἷναι
3179 2893 3273 2946 τὸν
3316 2889 3579 2955 διάϐολον,
3621 2888 3708 2941 λέ-

436 2982 569 3036 Cum
609 3001 758 3037 erant
804 3002 921 3039 cum
970 2989 1432 3056 ipsis,servabam
1480 3008 1605 3057 eos,
1657 3001 1707 3047 et
1756 3009 1907 3047 nemo
1952 3007 2018 3047 ex

2125 3009 2235 3061 γων
2268 2991 2403 3062 πρὸς
2431 2990 2558 3053 τοὺς
2605 2987 2887 3090 μαθητνάς·
2929 2988 3075 3057 Οὐχί
3097 2986 3251 3090 τοὺς
3287 2983 3519 3090 δέδξέια

436 3075 547 3132 illis
574 3079 869 3145 periit,nisi
900 3081 1045 3149 ﬁlius
1070 3082 1378 3150 perditionis
1408 3084 1449 3139 ⁸.
1469 3086 1616 3143 Alias
1644 3088 1772 3142 item
1798 3104 1811 3142 :
1843 3085 2015 3155 Opor-

438 3178 507 3220 tet
553 3165 752 3224 Filium
782 3172 1010 3228 hominis
1047 3175 1210 3239 tradi,
1250 3177 1387 3231 sicut
1432 3181 1689 3248 scriptum
1726 3188 1805 3233 est
1840 3178 1903 3233 de
1933 3194 2015 3234 eo.

446 3259 536 3315 Vae
565 3272 740 3317 autem
766 3266 814 3319 ei
847 3282 939 3335 per
974 3284 1126 3337 quem
1169 3267 1431 3325 tradetur.
1474 3270 1682 3325 Bonum
1719 3271 1857 3324 enim
1902 3279 2019 3325 erat

433 3352 501 3416 ei,
534 3353 582 3406 si
614 3365 772 3409 natus
808 3372 913 3410 non
944 3357 1129 3426 fuisset
1164 3360 1317 3412 homo
1341 3360 1431 3413 ille
1462 3361 1505 3423 ⁵,
1546 3368 1601 3414 ct
1635 3370 1851 3415 caetera.

2123 3077 2519 3147 ἐξελεξάμην,
2587 3078 2687 3131 καὶ
2737 3072 2825 3143 εἷς
2880 3076 2950 3141 ἐξ
3001 3076 3170 3146 ὑμῶν
3215 3075 3531 3140 διὰϐολοςς
3584 3075 3706 3144 ούχὶ

2125 3170 2370 3234 διάϐολος
2407 3168 2581 3239 λέγων
2612 3169 2791 3239 φύσει,
2822 3168 2958 3223 ἀλλὰ
2986 3168 3126 3223 κατὰ
3161 3167 3403 3240 γνώμην.
3456 3167 3624 3221 Πάλιν
3650 3166 3708 3219 δὲ

2127 3264 2186 3317 ὲν
2232 3261 2404 3333 ἑτέρῳ
2444 3261 2598 3331 τόπῳ
2639 3261 2820 3330 λέγει·
2866 3260 3079 3329 Πάτερ,
3099 3262 3276 3330 Κύριε
3312 3260 3586 3330 οὐρανοῦ
3609 3258 3707 3312 καί

2127 3352 2261 3426 γῆς,
2324 3350 2595 3420 τήρησον
2642 3352 2896 3419 τούτους
2943 3351 3051 3419 οὓς
3108 3351 3374 3418 δέδωκάς
3420 3369 3543 3422 μοι.
3579 3351 3711 3404 Ὅτε

434 3441 597 3514 ἤμην
634 3449 762 3517 μετ’
808 3450 1025 3518 αὐτῶν,
1079 3453 1352 3522 ἐφύλαξα
1389 3453 1633 3521 αὐτοὺς,
1667 3454 1766 3507 καὶ
1819 3454 2019 3519 οὐδεὶς
2055 3451 2124 3517 ἐξ
2188 3447 2387 3503 αὐτῶν
2420 3448 2715 3515 ἀπώλετο,
2750 3447 2905 3518 εἰμὴ
2940 3451 2973 3503 ό
3026 3447 3156 3515 υἱὸς
3195 3447 3302 3517 τῆς
3350 3448 3672 3513 ἀπωλείας.

433 3538 603 3591 Πάλιν
641 3540 829 3595 ἄλλοτε
873 3544 1045 3613 λέγει,
1110 3548 1193 3600 ὃτι
1238 3547 1341 3601 Δεῖ
1360 3547 1467 3601 τὸν
1530 3550 1666 3603 Υίὸν
1708 3550 1814 3604 τοῦ
1880 3547 2198 3617 ἀνθρώπου
2264 3541 2679 3611 παραδοθῆναι
2746 3543 2897 3598 κατὰ
2960 3543 3027 3598 τὸ
3088 3545 3492 3614 γεγραμμένον
3540 3542 3673 3611 napi

434 3629 642 3683 αὐτοῦ.
698 3632 843 3686 Οὐαὶ
870 3633 938 3686 δὲ
970 3636 1044 3688 δι’
1085 3633 1157 3693 οὗ
1188 3639 1687 3710 παραδοθήσεται.
1723 3641 2024 3711 Συνέφερε
2061 3640 2171 3711 γὰρ
2201 3637 2361 3702 αὺτῷ
2391 3639 2444 3691 εὶ
2472 3638 2584 3691 οὐκ
2622 3636 2936 3707 ἐγεννήθη.
2965 3636 3059 3690 καὶ
3087 3637 3154 3690 τὰ
3185 3636 3330 3707 ἑξῆς·

505 3719 672 3791 280
712 3719 826 3777 Hoc
865 3724 1032 3795 igitur
1068 3728 1359 3785 manifeste
1384 3732 1741 3800 cognovimus
1785 3732 1851 3789 de
1881 3731 2022 3787 Juda

437 3810 773 3870 intellexisse
817 3831 942 3871 cum
986 3818 1191 3877 Iudaeis
1246 3822 1582 3893 loqueretur.
1635 3828 1679 3880 A
1731 3843 1840 3899 quo
1878 3828 2022 3883 enim

439 3901 668 3973 quisque
693 3917 985 3978 superatus
1019 3917 1123 3977 est,
1158 3911 1322 3983 hujus
1350 3921 1404 3969 et
1433 3930 1627 3973 servus
1655 3926 1778 3983 est;
1814 3931 1878 3971 ac
1908 3918 2026 3972 eui-

436 4007 653 4063 cunque
689 3994 887 4065 aliquis
944 3984 1308 4069 obsequitur,
1368 4003 1513 4059 hunc
1573 4014 1627 4060 et
1674 4006 1847 4076 patris
1903 4007 2027 4062 loco

438 4080 638 4149 habet,
670 4092 725 4140 et
770 4089 1021 4158 obsequii
1076 4091 1163 4145 sui
1210 4102 1495 4149 auctorem
1525 4097 1793 4166 agnoscit.
1843 4095 2026 4163 Quare

436 4176 559 4232 ideo
610 4179 742 4234 iisce
784 4181 963 4236 verbis
1008 4180 1273 4241 Dominus
1320 4187 1524 4243 utitur:
1580 4186 1683 4243 Vos
1721 4189 1821 4259 ﬁlii
1852 4191 2023 4257 patris

438 4266 599 4320 vestri
616 4267 819 4323 diaboli
839 4272 985 4335 estis,
1016 4274 1159 4343 quod
1180 4272 1333 4330 Iuda)
1347 4274 1551 4332 Christi
1575 4277 1694 4332 loco
1719 4278 2023 4348 paruerint,

2201 3728 2344 3799 Ἀρα
2366 3728 2497 3797 γοῦν
2529 3727 2830 3793 ὲξάπαντος
2862 3728 3129 3798 ἔγνωμεν,
3153 3727 3229 3791 ὡς
3259 3725 3504 3799 περὶτοῦ
3540 3725 3711 3778 Ἰούδα

2126 3821 2279 3890 ἔλεγε
2324 3823 2437 3885 τοῖς
2482 3821 2791 3884 Ἰουδαίοιςο
2844 3813 2889 3888 ᾧ
2942 3820 3051 3892 γάρ
3110 3828 3194 3883 τις
3237 3820 3485 3890 ἥττηται,
3537 3818 3713 3889 τούτῳ

2127 3920 2222 3972 καὶ
2254 3916 2575 3971 δεδούλωται
2595 3933 2607 3947 ·
2641 3916 2735 3969 καὶ
2766 3907 2811 3983 ᾧ
2853 3932 2936 3978 τις
2967 3914 3232 3977 πείθεται,
3263 3912 3452 3966 τοῦτον
3496 3913 3713 3983 πατέρα

2129 4012 2351 4082 ἔσχηκε,
2386 4009 2481 4064 καὶ
2518 4007 2762 4079 ἀρχηγὸν
2798 4007 2896 4077 τῆς
2933 4004 3099 4059 αὐτοῦ
3135 4003 3373 4068 πειθοῦς.
3412 4002 3583 4075 Φησὶν
3617 3999 3714 4057 οὖν

2130 4103 2158 4154 ὁ
2185 4101 2387 4173 Κύριος
2407 4116 2421 4131 ·
2464 4098 2662 4168 Ὑμεῖς
2699 4097 2817 4152 υἱοὶ
2844 4097 2951 4151 τοῦ
2992 4094 3218 4164 πατρὸς
3253 4093 3422 4164 ὑμῶν
3452 4093 3561 4149 τοῦ
3588 4095 3715 4149 δια-

2132 4194 2314 4247 ϐόλου
2358 4191 2533 4246 ἐστέ·
2579 4190 2767 4261 ἐπειδὴ
2800 4191 2925 4244 ἀντὶ
2973 4190 3068 4243 τοῦ
3117 4188 3357 4261 Χριστοῦ
3406 4187 3485 4259 τῷ
3545 4187 3716 4258 Ἰούδᾳ,

2131 4282 2485 4353 ἐπείσθησαν,
2523 4279 2777 4349 καθάπερ
2805 4279 2912 4333 ἀπὸ
2942 4278 3075 4333 Θεοῦ
3107 4279 3399 4333 ὲκκλίνασα
3427 4280 3460 4348 ἡ
3497 4278 3613 4331 Εὔα
3639 4278 3714 4348 τῷ

438 4359 897 4428 quemadmodum
930 4365 1059 4419 olim
1102 4366 1210 4423 Eva
1245 4384 1275 4422 a
1313 4368 1542 4426 Domino
1569 4371 1883 4428 desciscens
1910 4388 2019 4427 ser-

2129 4372 2248 4441 δφει
2286 4351 2355 4438 ἐξ.
2383 4370 2558 4443 ἀρχῆς
2591 4369 2839 4442 ἐπείσθη.
2882 4371 3113 4425 Ἔπειτα
3142 4371 3224 4425 ὅτι
3249 4370 3345 4424 καὶ
3376 4368 3621 4438 ψεύστης
3646 4363 3714 4439 ἦν

442 4451 585 4519 penti
634 4468 841 4508 morem
873 4457 1061 4526 gessit.
1104 4459 1311 4518 Deinde
1338 4464 1484 4535 quod
1515 4480 1625 4520 non
1658 4465 1835 4521 solum
1868 4480 2023 4520 men-

440 4540 546 4596 dax
573 4552 740 4611 esset,
770 4547 864 4603 sed
896 4555 951 4604 et
986 4552 1151 4607 etiam
1184 4555 1303 4616 fur;
1347 4570 1446 4624 pro
1469 4570 1535 4611 eo
1567 4565 1732 4626 atque
1759 4556 1814 4610 in
1844 4555 2024 4611 Evan-

436 4638 578 4707 gelio
618 4640 850 4711 legimus
880 4642 902 4674 ⁸
938 4661 953 4698 :
989 4642 1072 4699 οι)
1122 4646 1177 4701 id
1236 4646 1446 4703 loculos
1496 4648 1546 4703 ei
1600 4648 1916 4715 commisit,
1957 4663 2026 4704 ne

439 4746 602 4799 quam
646 4733 872 4791 haberet
903 4738 1313 4794 excusationem
1335 4780 1350 4804 ,
1384 4755 1508 4795 cum
1539 4739 1829 4795 Dominum
1864 4756 2026 4796 suum

438 4819 494 4873 in
536 4818 816 4878 hominum
858 4840 1055 4884 manus
1095 4828 1167 4883 ob
1204 4831 1449 4900 pecuniae
1501 4831 1851 4902 cupiditatem
1907 4841 2027 4886 tra-

438 4910 610 4968 uleret.
642 4914 844 4985 Ecquis
876 4933 1005 4974 vero
1037 4928 1191 4991 pater
1217 4922 1381 4994 hujus
1409 4924 1551 4979 alius
1600 4932 1683 4979 est
1705 4963 1722 4989 ,
1756 4924 1852 4995 qui
1901 4936 2028 4981 ante

438 5002 613 5074 ipsum
643 5007 876 5064 mendax
918 5009 1078 5067 fuerit
1102 5022 1299 5083 praeter
1341 5015 1569 5071 Cainum
1595 5056 1610 5079 ,
1649 5031 1812 5087 quem
1859 5013 2028 5072 Judas

439 5094 684 5153 imitatus
715 5100 839 5155 est?
863 5100 958 5157 Ille
990 5103 1262 5174 siquidem
1293 5106 1446 5160 fratri
1472 5121 1575 5162 suo
1598 5109 1858 5162 mentitus
1896 5107 2028 5161 cha-

438 5181 617 5238 ritatis
663 5202 787 5241 eum
822 5189 1077 5247 fraterna:
1114 5196 1297 5265 specie
1334 5196 1583 5267 decepit,
1638 5212 1703 5253 ac
1741 5198 2027 5255 mendacio

436 5276 751 5343 persuasit;
788 5289 843 5335 et
874 5281 929 5336 in
958 5299 1147 5355 agrum
1189 5287 1459 5345 seducens
1501 5290 1769 5347 violentas
1800 5290 1877 5346 illi
1910 5305 2027 5344 ma-

515 5417 529 5446 ι
560 5412 796 5501 ριιηκιχ,
831 5419 1042 5501 ιιηίε.
1119 5426 1153 5501 Ἀ
1177 5423 1336 5501 Joan.
1364 5443 1481 5490 VIII,
1514 5428 1575 5501 ιι
1612 5444 1734 5501 sqq.

440 5502 538 5551 nr,
568 5489 620 5544 ti.
702 5487 797 5545 'F.
830 5490 1057 5549 ἐκείνου.
1133 5496 1154 5527 ⁸
1176 5514 1267 5564 γρ.
1303 5487 1596 5568 ἀγαπητοί.

511 5604 646 5676 (tr)
678 5606 777 5665 llic
809 5610 1081 5679 interpres
1112 5612 1317 5674 aliquid
1346 5615 1551 5671 omisit.
1581 5614 1740 5673 Enn.
1776 5614 1948 5672 Pun.

2130 4464 2191 4517 οὑ
2228 4463 2409 4534 μόνον,
2446 4462 2582 4516 ἀλλά
2607 4463 2701 4516 καὶ
2737 4462 2998 4533 κλέπτης.
3033 4464 3173 4518 κατά
3215 4461 3275 4516 τὸ
3316 4464 3374 4516 ὲν
3418 4461 3497 4532 τῷ
3531 4463 3717 4530 Εὐαγ-

2131 4556 2297 4626 γελίῳ
2326 4555 2612 4627 εἰρημένον
2635 4570 2646 4583 ·
2683 4554 2776 4607 Διὸ
2810 4554 2905 4608 καὶ
2933 4554 3084 4626 αύτῷ
3115 4554 3399 4625 παρέδωκε
3441 4553 3504 4607 τὸ
3530 4552 3715 4621 γλωσ-

2134 4649 2387 4720 σόκομον,
2430 4649 2517 4702 ἵνα
2564 4647 2968 4720 ἀναπολόγητος
2991 4645 3051 4722 ᾖ,
3086 4646 3176 4701 διὰ
3219 4646 3587 4719 φιλαργυρίαν
3624 4646 3717 4699 τὸν

2133 4740 2262 4795 ἴδιον
2290 4741 2570 4811 Δεσπότην
2595 4739 2875 4812 παραδοὺς
2902 4740 2982 4803 εἰς
3008 4742 3197 4811 χεῖρας
3243 4736 3567 4809 ἀνθρώπων.
3620 4736 3715 4800 Τίς

2130 4825 2223 4886 οὖν
2251 4833 2280 4885 ὁ
2315 4831 2505 4885 τούτου
2533 4830 2737 4903 πατὴρ,
2767 4833 2796 4886 ὁ
2823 4830 2930 4903 πρὸ
2955 4829 3119 4884 αὑτοῦ
3153 4829 3395 4899 ψεύστης
3428 4828 3714 4898 ὑπάρχων,

2129 4922 2244 4975 ἀλλ’
2285 4921 2319 4992 ἢ
2362 4923 2391 4975 ὁ
2448 4922 2610 4985 Κάἳν,
2662 4906 2721 4975 οὗ
2765 4921 3012 4992 μιμητὴς
3057 4920 3087 4972 ὁ
3123 4918 3358 4984 Ἰούδας;
3420 4918 3569 4970 Ἑκεί
3606 4916 3717 4984 γὰρ

2127 5015 2469 5085 ψευσάμενος
2506 5014 2584 5085 τῷ
2609 5015 2846 5086 ἀδελφῷ,
2880 5014 2956 5078 ὡς
3002 5015 3061 5068 ὲν
3089 5012 3408 5084 φιλαδελφίᾳ
3438 5010 3714 5082 ἡπάτησε,

2128 5108 2223 5160 καὶ
2256 5106 2559 5178 παρέπεισε
2587 5107 2673 5160 διὰ
2706 5107 2798 5160 τοῦ
2830 5106 3077 5177 ψεύδους,
3111 5106 3204 5159 καὶ
3230 5103 3514 5174 ἐξαγαγὼν
3553 5101 3718 5157 αὐτὸν

2127 5202 2186 5254 ὲν
2231 5200 2309 5271 τῷ
2360 5200 2546 5271 πεδίῳ,
2591 5201 2802 5272 ἐπάρας
2849 5199 2947 5271 τὴν
2981 5201 3138 5271 χεῖρα
3170 5197 3512 5252 ἀπέκτεινεν.
3560 5194 3718 5247 Οθτω

2129 5292 2281 5347 καὶὸ
2340 5292 2561 5359 Ἰούδας,
2614 5294 2673 5349 Tl
2717 5292 2921 5349 θέλετέ
2943 5310 3066 5361 μοι,
3120 5292 3275 5361 φησὶ,
3331 5288 3567 5352 δοῦναι,
3615 5284 3717 5339 καί

1830 5428 1849 5459 ³
1870 5426 2019 5484 Ιοιιη.

2125 5431 2249 5499 ,7l.
2327 5431 2346 5463 ⁸
2378 5429 2537 5486 Joan.
2570 5429 2811 5498 “11,12.
2891 5432 2909 5464 ⁸
2936 5428 3123 5485 Matth.
3159 5444 3303 5494 xxw,
3336 5426 3429 5483 24.
3507 5426 3526 5457 °
3551 5421 3711 5479 Joau.
