3932 6064
257 192 360 250 661

905 189 1045 246 ADV
1056 188 1284 246 ERSUS
1318 185 1662 244 HIERESES
1697 180 1828 240 LIB.

1957 178 2116 239 ΤΟΜ.
2152 178 2247 238 ΙΙΙ.
2287 208 2358 220 --
2389 175 2666 234 HERES.
2691 171 2980 229 XXXVIII.

3424 163 3534 222 662

254 309 372 378 ἐγὼ
409 305 600 361 αὑτὸν
629 302 961 374 παραδώσω
993 307 1170 376 ῠμῖν;
1195 306 1312 372 καὶ,
1345 307 1449 360 “Or
1472 306 1550 360 ἂν
1580 303 1842 375 φιλήσω,

1957 318 2055 358 nus
2081 300 2281 358 attulit.
2317 299 2504 371 Neque
2533 298 2690 354 aliter
2714 294 2912 351 Iudas:
2951 290 3090 358 Quid
3117 289 3293 352 vultis,
3326 287 3562 357 inquit,‘

255 400 442 465 αὐτός
471 398 602 451 ἐστι
621 413 636 428 ο
685 396 1025 465 κρατήσατε
1059 400 1266 452 αὐτόν.
1302 398 1414 452 Καὶ
1444 396 1616 450 ἐλθὼν
1650 399 1679 451 6
1709 413 1843 469 προσ

256 490 438 561 δότης,
475 491 673 557 Χαῖρε,
733 489 970 557 Ῥαϐϐὴ,
1020 488 1172 558 ἔλεγε
1194 505 1207 520 ·
1247 491 1361 554 τοῖς
1401 488 1603 560 χείλεσι
1642 487 1840 560 τιμῶν,

259 583 492 656 καρδίαν
517 580 574 635 δὲ
609 581 798 653 πόρρω
837 581 1150 653 ἀπέχουσαν
1178 580 1314 635 Θεοῦ
1341 580 1698 652 κεκτημένος.

331 760 409 815 Ε’.
460 759 602 830 Ἄρα
638 755 771 828 γοῦν
805 748 1012 822 οὗτοςὸ
1059 757 1281 822 Ἰούδας,
1321 756 1502 829 πατὴρ
1542 756 1721 812 αὐτῶν
1749 774 1842 826 γε-

253 849 502 919 νόμενος,
535 848 677 902 κατὰ
701 846 800 918 τὴν
828 847 1182 919 άρνησιθεῖαν
1217 847 1312 901 καὶ
1350 847 1634 919 προδοσίαν
1667 848 1842 902 Σατα-

256 945 358 1008 νᾶς
401 939 645 1012 ὑπάρξας
698 939 788 994 καὶ
838 938 1104 1004 διάϐολος,
1150 940 1212 994 ού
1249 942 1314 1011 τῇ
1368 939 1547 1010 φύσει,
1591 939 1729 994 ἀλλὰ
1773 942 1839 1011 τῇ

256 1033 474 1107 γνώμῃ,
500 1032 613 1096 υίὸς
639 1029 930 1102 γεγένηται
960 1026 1112 1095 οὗτος
1142 1031 1238 1086 τοῦ
1268 1032 1410 1086 Κάῖν
1443 1032 1583 1086 κατὰ
1611 1033 1842 1104 μίμησιν

254 1125 355 1179 τοῦ
383 1125 833 1197 άνθρωποκτόνου
881 1125 977 1178 καὶ
1019 1124 1254 1194 ψεύστου
1273 1141 1288 1156 ο
1320 1125 1507 1198 ἐπειδὴ
1552 1126 1646 1180 καὶ
1675 1129 1704 1181 6
1737 1145 1839 1181 πα-

256 1215 363 1286 τὴρ
411 1212 575 1268 αὐτοῦ
625 1214 731 1286 πρὸ
773 1212 937 1267 αὐτοῦ
988 1213 1230 1286 ψεύστης
1275 1210 1365 1286 ἦν,
1411 1216 1508 1287 οὐχ
1556 1217 1584 1270 6
1648 1217 1838 1288 Ἀδάμ,

255 1305 372 1360 ἀλλ’
421 1307 450 1359 6
487 1304 736 1368 διάϐολος
757 1320 773 1336 ⁸
806 1298 868 1358 οὖ
905 1305 1005 1376 τὴν
1042 1305 1276 1377 μίμησιν
1307 1307 1464 1378 ἔσχεν
1505 1310 1563 1362 ἐν
1593 1311 1656 1379 τῇ
1688 1308 1842 1363 ἁδελ-

257 1397 540 1468 φοκτονίᾳ.
579 1396 750 1467 μίσει,
780 1396 876 1450 καὶ
912 1395 990 1465 τῷ
1030 1395 1238 1466 ψεύδει,
1288 1398 1548 1470 καὶπρὸς
1575 1399 1708 1452 Θεὸν
1755 1400 1843 1453 ἀν·

251 1489 502 1561 τιλογίᾳ,
547 1488 627 1559 τῷ
673 1488 872 1558 λέγειν,
899 1488 997 1558 Μὴ
1038 1489 1243 1558 φύλαξ
1275 1490 1393 1560 ειμι
1427 1492 1533 1545 τοῦ
1571 1491 1840 1562 ἀδελφοῦ

249 1599 408 1651 μου;
438 1583 561 1635 Οὐκ
590 1576 724 1635 οἶδα
748 1581 867 1635 ποῦ
899 1579 1093 1635 ἔστιν.
1128 1580 1287 1635 Οὕτω
1330 1582 1422 1636 καὶ
1446 1583 1474 1634 ὁ
1497 1582 1740 1648 διάϐολος
1761 1580 1840 1654 τῷ

253 1673 452 1746 Κνρίῳ
478 1673 613 1744 φησί
635 1690 649 1702 ⁸
702 1673 802 1742 Μὴ
833 1673 1062 1742 δωρεὰν
1091 1673 1327 1729 σέϐεται
1373 1675 1504 1730 Ἰὼϐ
1528 1675 1638 1730 τὸν
1665 1678 1842 1743 Θεόν;
1875 1655 1916 1710 Β

267 1765 490 1836 Ἐπειδὴ
523 1764 634 1837 γὰρ
660 1765 824 1829 αὐτὸς
851 1767 880 1818 6
913 1765 1159 1830 διάϐολος
1201 1765 1281 1837 τῷ
1307 1765 1490 1837 ψεύδει
1519 1767 1703 1838 ἀπατᾷ
1744 1768 1846 1838 τὴν

253 1853 406 1910 Εὔαν
443 1852 538 1909 ita!
565 1857 656 1911 τὸν
707 1857 898 1928 Ἀδὰμ,
934 1857 1099 1928 ἕτερα
1138 1857 1257 1912 ἀνθ’
1295 1859 1497 1930 ἐτέρων
1524 1858 1718 1929 λέγων,
1750 1860 1845 1912 καὶ

254 1946 445 2016 φιλίαν
477 1948 851 2020 προσποιητὴν
891 1948 1330 2019 ἐνδεικνύμενος,
1359 1950 1444 2003 ὅτι
1477 1951 1737 2004 Ἔσεσθε
1764 1951 1845 2017 ὡς

252 2039 402 2105 θεοὶ,
444 2040 544 2093 καὶ
589 2042 700 2095 οὐκ
747 2041 1177 2098 ἀποθανεῖσθε·
1217 2041 1406 2096 τοῦτον
1441 2042 1774 2114 μιμούμενος
1815 2045 1844 2098 6

255 2129 416 2197 Κάῖν,
451 2134 802 2204 προσχήματι
836 2133 1186 2204 φιλαδελφίας
1226 2134 1412 2204 ἠπάτα
1453 2135 1544 2189 τὸν
1593 2135 1840 2205 ἀδελφὸν,

253 2221 434 2292 λέγων
455 2237 472 2254 ·
503 2223 835 2293 Διέλθωμεν
860 2226 947 2290 εἰς
975 2224 1042 2284 τὸ
1091 2223 1322 2279 πεδίον.
1363 2226 1464 2279 Διὰ
1507 2225 1665 2281 τοῦτο
1692 2228 1784 2281 καὶ
1815 2228 1844 2280 6

253 2312 416 2382 ἅγιος
453 2313 710 2385 Ἰωάννης
751 2309 905 2368 εἶπεν
925 2330 938 2346 ’
986 2315 1049 2368 '0
1074 2311 1275 2384 μισῶν
1306 2314 1414 2369 τὸν
1442 2315 1710 2386 ἀδελφὸν
1735 2319 1842 2371 αὐ-

255 2405 390 2471 τοῦ,
425 2400 604 2472 οὗτος
641 2408 712 2461 οὐ
757 2406 1124 2462 τετελείωται
1155 2408 1224 2461 ἐν
1255 2405 1330 2476 τῇ
1356 2405 1579 2479 ἀγάπῃ,
1602 2409 1740 2464 ἀλλ’
1775 2411 1845 2463 ἐκ

257 2499 371 2554 τοῦ
404 2499 556 2554 Κάΐν
577 2500 750 2554 ἐστίν
772 2515 788 2530 ⁵
843 2495 934 2553 ὅτι
961 2499 1278 2554 ἀπέκτεινε
1306 2499 1414 2554 τὸν
1442 2499 1712 2571 ἀδελφὸν
1741 2504 1846 2555 αὑ-

257 2590 390 2647 τοῦ.
423 2590 536 2645 Καὶ
561 2590 662 2644 διὰ
701 2591 759 2644 τί
788 2589 977 2644 αὑτὸν
1011 2589 1364 2645 ἀπέκτεινεν
1386 2609 1400 2621 ·
1434 2591 1564 2645 ’Ὁτι
1615 2587 1696 2663 ἦν
1738 2606 1844 2647 πο-

257 2681 417 2750 νηρὰ
441 2682 515 2735 τὰ
539 2682 684 2751 ἔργα
707 2681 894 2736 αὐτοῦ
917 2697 931 2714 '
984 2681 1082 2736 καὶ
1123 2679 1363 2752 ἐζήλωσε
1402 2681 1471 2736 τά
1498 2682 1633 2754 ἔργα
1659 2683 1843 2750 αὐτοῦ,

258 2772 346 2826 ὅτι
370 2768 632 2843 ἦνκαλά.
676 2772 834 2827 Οὕτω
862 2773 956 2828 καὶ
987 2765 1154 2838 οὗτοι,
1189 2773 1388 2844 μᾶλλον
1421 2773 1742 2844 φθονοῦντες
1769 2776 1847 2848 τῷ

265 2860 456 2925 ’Δϐελ,
489 2860 566 2932 τῷ
599 2861 740 2915 καλὰ
761 2861 938 2933 ἔχοντι
982 2863 1142 2935 ἔργα,
1173 2864 1264 2917 τὸν
1299 2864 1354 2917 δὲ
1387 2862 1526 2919 Κάῖν
1561 2867 1846 2937 τιμῶντες,

260 2952 386 3016 πῶς
415 2953 538 3050 ούιι
558 2952 894 3050 ἐλέγχονται,
924 2953 1221 3027 διαρρήδην
1253 2954 1346 3009 τοῦ
1384 2957 1634 3030 Σωτῆρος
1665 2959 1847 3029 λέγονο
1876 2992 1919 3050 C

261 3062 378 3109 1-3;,
432 3046 528 3098 καὶ
567 3045 843 3116 ἀπότομον
887 3046 1164 3116 ἀπόφασιν
1213 3047 1487 3118 ὁρίζοντος
1537 3049 1739 3116 αὐτοῖς,
1769 3053 1851 3104 ὅτι

263 3137 682 3206 Ζητηθήσεται
729 3138 849 3194 ἀπὸ
887 3138 998 3207 τῆς
1042 3139 1254 3209 γενεᾶς
1293 3143 1520 3211 ταύτης
1552 3141 1676 3198 πᾶν
1709 3139 1854 3213 αἷμα

262 3230 508 3311 δίκαιον
537 3230 654 3286 ἀπὸ
709 3231 880 3286 Ἅϐελ
909 3229 1018 3286 τοῦ
1050 3229 1286 3311 δικαίου
1320 3233 1385 3286 τὸ
1413 3234 1514 3289 ἀπ’
1541 3233 1736 3304 ἀρχῆς
1756 3235 1856 3288 ἐκ·

266 3306 603 3394 κεχυμένον
634 3322 746 3389 ἕως
771 3323 1067 3392 Ζαχαρίου
1100 3293 1206 3378 τού
1237 3293 1593 3394 προφήτου,⁷
1619 3293 1855 3384 ’ἀπ-

260 3414 570 3467 exesis-are
591 3412 788 3484 μέσον
811 3414 918 3469 τοῦ
946 3414 1095 3470 ναοῦ
1125 3415 1222 3471 καί
1252 3416 1357 3471 τοῦ
1387 3419 1853 3488 θυσιαστηρίου,

270 3508 368 3561 καὶ
394 3505 464 3560 τὰ
489 3505 652 3576 ἐξῆςς

344 3599 440 3664 ς’.
481 3598 594 3651 Οὐκ
623 3597 732 3669 ἄρα
763 3596 965 3665 τοίνυν,
997 3597 1073 3663 ὡς
1101 3591 1248 3653 οὗτοί
1289 3618 1446 3669 φασι,
1478 3600 1568 3655 διὰ
1599 3602 1801 3671 γνῶσιν
1827 3601 1857 3654 6

283 3690 490 3754 Ἰούδας
514 3691 802 3763 παρέδωκε
832 3689 924 3744 τὸν
946 3692 1196 3764 Σωτῆρα⁹
1229 3693 1352 3746 οὐδὲ
1393 3693 1637 3747 Ἰουδαῖοι
1666 3692 1858 3765 μισθὸν

267 3781 456 3851 ἔχουσι
481 3779 897 3853 σταυρώσαντες
925 3781 1015 3835 τὸν
1038 3781 1265 3852 Κύριον,
1290 3782 1466 3836 καίτοι
1495 3799 1559 3852 γε
1579 3783 1668 3838 διὰ
1690 3801 1857 3837 σταυ-

271 3874 368 3946 ροῦ
401 3875 634 3945 ἐχόντων
663 3873 821 3946 ἡμῶν
849 3873 948 3946 τὴν
977 3874 1272 3946 σωτηρίαν.
1304 3874 1444 3928 Οὔτε
1466 3873 1576 3946 γὰρ
1609 3875 1859 3946 παρέδω-

269 3984 369 4021 κεν
399 3966 564 4020 αὑτὸν
597 3968 626 4021 6
668 3966 893 4030 Ἰούδας,
925 3966 1012 4019 ἵνα.
1037 3965 1264 4037 γένηται
1291 3967 1426 4037 ἡμῖν
1452 3966 1532 4029 εἰς
1562 3966 1856 4039 σωτηρίανο

267 4058 410 4113 ἀλλὰ
439 4060 560 4112 κατ’
587 4058 830 4128 ἄγνοιαν,
880 4058 1064 4130 ζῆλον,
1110 4059 1204 4112 καὶ
1233 4058 1600 4130 φιλαργυρίαν
1631 4061 1860 4132 ἀρνησι-

271 4151 445 4214 θεΐας.
487 4148 605 4204 Κάν
631 4166 692 4202 τε
719 4149 829 4221 γὰρ
857 4151 986 4221 είπῃ
1021 4151 1055 4220 ἡ
1083 4148 1277 4222 Γραφὴ
1315 4149 1408 4202 τὸν
1453 4149 1688 4220 Χριστὸν
1729 4150 1860 4221 μέλ·

270 4241 434 4294 λοντα
465 4237 682 4311 σταυρῷ
703 4237 1115 4310 παραδίδοσθαι,
1143 4237 1178 4309 ἦ
1205 4235 1311 4290 κᾶν
1336 4235 1482 4289 εἴποι
1508 4237 1541 4307 ἡ
1571 4234 1692 4290 θεία
1715 4236 1860 4309 Γρα-

1946 393 2076 448 mihi
2103 393 2265 458 dare,
2297 404 2344 447 et
2378 407 2470 463 ego
2502 406 2624 446 eum
2671 388 2813 443 vobis
2849 384 3060 440 tradam
3083 383 3148 436 '?
3199 379 3302 445 Et,
3334 378 3531 444 Quem-

1944 501 2148 556 cunque
2171 485 2443 540 osculatus
2477 483 2628 552 fuero
2659 481 2770 549 ipse
2799 487 2900 544 est,
2929 483 3092 531 tenete
3122 489 3241 528 eum
3263 471 3306 527 ⁸.
3337 470 3402 524 Et
3440 485 3532 524 ac-

1943 576 2146 632 cedens
2176 575 2438 640 traditor,
2468 574 2576 626 Ave
2597 613 2610 637 ,
2653 569 2850 640 inquit,
2889 565 3058 620 Rabbi
3090 566 3133 629 5,
3169 562 3328 617 labiis
3355 561 3530 615 hono-

1944 683 2076 724 rans
2099 707 2114 731 ,
2143 683 2241 723 cor
2270 675 2452 721 autem
2487 665 2646 734 longe
2669 661 2829 716 aDeo
2858 664 3130 714 remotum
3161 668 3356 724 gerens
3380 653 3422 706 ⁸.

2018 758 2084 815 γ.
2125 759 2490 827 Quamobrem
2521 756 2612 811 hic
2649 751 2922 809 illeJudas
2955 756 3061 813 est,
3091 747 3256 818 quiet
3283 745 3528 815 ipsorum

1944 867 2167 923 parens,
2215 859 2271 907 et
2315 860 2538 922 propter
2560 845 2817 902 Numinis
2862 840 3288 912 abnegationem-
3343 834 3533 906 prodi-

1943 947 2258 1017 tionemque
2283 946 2514 1002 Satanas
2543 942 2663 1006 fuit,
2679 949 2736 996 et
2759 939 3036 995 voluntate
3063 951 3169 991 non
3192 941 3388 989 natura
3407 929 3530 984 dia-

1942 1037 2130 1106 bolus,
2180 1038 2436 1108 idemque
2463 1033 2744 1090 mendacis
2791 1046 2856 1086 ac
2885 1029 3170 1101 parricida
3198 1025 3356 1082 Caini
3391 1022 3530 1077 dun-

1945 1143 2095 1190 taxat
2132 1133 2438 1188 imitatione
2477 1130 2656 1194 ﬁlius;
2693 1121 3135 1198 quandoquidem
3168 1128 3222 1175 et
3247 1118 3375 1188 ejus
3405 1124 3546 1171 anto-

1943 1227 2121 1296 ipsum
2151 1236 2307 1296 pater
2328 1222 2558 1279 mendax
2583 1220 2681 1275 fuit
2711 1233 2820 1273 non
2840 1216 3104 1276 Adamus,
3134 1209 3229 1268 sed
3251 1207 3527 1264 diabolus:

1942 1318 2104 1388 cujus
2137 1319 2190 1372 in
2224 1317 2466 1371 fraterna
2493 1312 2662 1375 caede,
2695 1309 2934 1378 odioque
2964 1319 3028 1360 ac
3062 1299 3352 1359 mendacio
3387 1297 3535 1354 simi-

1943 1412 2229 1468 litudinem
2268 1401 2566 1478 expressit:
2605 1412 2721 1458 tum
2752 1417 2818 1458 eo
2849 1401 3073 1468 insuper
3107 1396 3233 1466 ipso
3263 1390 3412 1462 quod
3443 1390 3530 1444 his

1941 1504 2122 1561 verbis
2150 1501 2262 1556 Deo
2303 1498 2666 1556 contradixit:
2706 1494 2850 1547 Nam
2881 1499 3055 1545 custos
3093 1486 3275 1559 fratris
3306 1484 3408 1537 mei
3439 1497 3544 1552 ego-

1943 1600 2103 1653 sum?
2151 1594 2253 1650 Ubi
2291 1595 2361 1649 sit
2401 1591 2630 1646 nescio'.
2690 1581 3162 1654 Quemadmodum
3203 1584 3257 1632 et
3301 1573 3544 1628 Domino

1945 1688 2194 1743 diabolus
2236 1685 2478 1755 loquitur
2510 1702 2524 1738 :
2565 1681 2707 1736 Num
2743 1681 2946 1750 frustra
2982 1673 3086 1729 Job
3118 1673 3264 1726 timet
3295 1667 3460 1722 Deum
3483 1664 3543 1755 ll?“

1945 1777 2214 1844 Quoniam
2239 1753 2384 1830 enim
2421 1771 2673 1826 diabolus
2703 1769 2821 1839 ipse
2852 1765 3020 1818 Evam
3051 1771 3106 1817 et
3121 1759 3387 1814 Adamum
3415 1753 3532 1810 suis

1944 1870 2002 1925 in
2043 1867 2291 1922 fraudem
2337 1861 2644 1919 mendaciis
2695 1858 3012 1930 impulerat,
3055 1854 3191 1909 falsa
3239 1866 3336 1922 pro
3385 1847 3532 1903 veris

1946 1969 2245 2033 usurpans,
2263 1973 2327 2014 ac
2348 1955 2665 2013 simulatam
2693 1949 2990 2006 amicitiam
3015 1945 3309 2016 objiciens:
3341 1939 3529 2001 Erilis,

1947 2055 2144 2126 inquit,
2174 2053 2312 2107 sicut
2340 2049 2438 2114 dii,
2461 2056 2511 2102 et
2538 2063 2644 2100 non
2671 2041 3035 2106 moriemini’;
3066 2037 3214 2092 hunc
3245 2033 3535 2090 aemulatus

1944 2121 2082 2202 Cain
2123 2145 2382 2200 fraterna:
2410 2137 2699 2196 charitatis
2728 2133 2912 2206 specie
2941 2142 3261 2202 germanum
3296 2121 3532 2191 decepit,

1945 2239 2032 2294 his
2074 2235 2254 2293 verbis
2291 2233 2610 2302 alloquens:
2654 2224 3008 2298 Egrediamur
3044 2217 3274 2289 foras”.
3325 2213 3534 2268 idcirco

1947 2330 2143 2385 beatus
2170 2325 2411 2382 Joannes
2440 2323 2515 2377 ita
2551 2318 2744 2377 scribit
2785 2336 2797 2372 :
2825 2316 2930 2383 Qui
2955 2312 3065 2368 odit
3104 2310 3325 2379 fratrem
3355 2321 3532 2367 suum,

1947 2421 2107 2491 281
2147 2418 2229 2472 hic
2256 2416 2311 2470 in
2344 2414 2604 2468 charitate
2632 2409 2894 2480 perfectus
2942 2419 3046 2460 non
3074 2408 3176 2463 est,
3223 2395 3312 2451 sed
3363 2402 3442 2449 est
3469 2408 3536 2447 ex

1947 2487 2154 2576 Euius);
2206 2507 2455 2580 quaniam
2496 2505 2716 2574 fratrem
2763 2514 2918 2554 suum
2951 2493 3164 2549 occidit.
3216 2487 3282 2542 Et
3325 2494 3536 2556 propter

1946 2604 2070 2675 quid
2085 2575 2272 2658 occidit
2289 2600 2445 2654 eum?
2470 2595 2732 2661 Quoniam
2754 2605 2911 2660 opera
2933 2586 3047 2656 ejus
3061 2581 3292 2651 maligna
3302 2585 3452 2632 erant
3469 2575 3534 2640 “;

1947 2672 2002 2750 et
2042 2693 2190 2748 illius
2229 2690 2426 2746 invidit
2467 2687 2752 2759 operibus,
2800 2680 3057 2754 quoniam
3100 2680 3258 2732 erant
3285 2672 3534 2727 honesta.

1951 2783 2043 2840 Sic
2065 2784 2142 2840 illi
2175 2783 2346 2839 Abelo
2400 2781 2584 2851 pelius
2622 2775 2959 2835 invidentes,
2995 2767 3158 2838 cujus
3191 2777 3372 2851 opera
3395 2761 3535 2851 bona

1951 2882 2103 2939 sunt,
2137 2882 2192 2930 et
2211 2849 2443 2928 Cainum
2474 2869 2832 2929 honorantes,
2865 2875 3048 2917 nonne
3070 2857 3158 2916 vel
3188 2853 3324 2925 ipsis
3347 2849 3539 2906 Salva-

1949 2965 2086 3020 toris
2111 2963 2292 3020 verbis
2317 2958 2608 3016 manifeste
2628 2949 3065 3025 r'edarguuutur:
3099 2945 3192 3017 qui
3220 2945 3275 2998 in
3298 2942 3422 2996 illos
3451 2953 3540 2993 se-

1954 3070 2080 3110 vere
2123 3069 2188 3109 ac
2235 3055 2354 3110 sine
2401 3051 2512 3106 ulla
2570 3043 3023 3118 tergiversatione
3069 3035 3394 3096 sententiam
3437 3031 3543 3085 hoc

1954 3146 2118 3201 modo
2154 3146 2312 3200 tulit:
2371 3142 2683 3212 Requiretur
2727 3137 2793 3191 ab
2824 3136 2923 3188 hac
2956 3130 3288 3204 generatione
3327 3122 3542 3194 sanguis

1956 3239 2125 3294 omnis
2149 3238 2355 3308 justus,
2381 3236 2471 3307 qui
2499 3234 2696 3302 effusus
2719 3238 2796 3284 est
2825 3228 2892 3282 ab
2910 3226 3042 3280 Abel
3059 3224 3208 3294 justo
3230 3238 3262 3274 a
3284 3217 3543 3289 principio

1955 3346 2120 3401 usque
2150 3327 2218 3382 ad
2247 3326 2568 3380 Zachariam
2595 3320 2927 3392 prophetam,
2953 3330 3106 3382 quem
3127 3310 3394 3367 occidistis
3408 3309 3547 3362 inter

1931 3445 1946 3458 ο
1959 3421 2208 3492 templum
2227 3430 2276 3475 et
2295 3417 2467 3474 altare
2480 3416 2559 3470 “'3
2585 3421 2691 3470 etc.

2029 3594 2120 3649 Vl.
2150 3592 2370 3648 Falsum
2401 3592 2568 3662 igitur
2594 3596 2699 3653 est,
2731 3584 2877 3658 quod
2912 3583 3004 3640 isti
3032 3583 3311 3654 iactitant.
3339 3578 3543 3635 Judam

1960 3687 2032 3742 ob
2061 3701 2183 3741 eam
2226 3699 2395 3754 quam
2429 3682 2667 3737 habebat
2709 3678 3000 3735 scientiam
3035 3675 3377 3732 Salvatorem
3418 3687 3548 3742 pro.

1959 3779 2206 3834 didisse:
2244 3775 2494 3844 adeoque
2523 3785 2626 3826 nec
2667 3771 2770 3839 ipsi
2817 3767 2992 3823 Judaai
3034 3766 3260 3822 Christo
3297 3766 3352 3819 in
3384 3778 3549 3819 cruce

1960 3869 2155 3924 sufﬁxo
2203 3865 2515 3922 mercedem
2550 3859 2835 3916 consecuti
2883 3866 3032 3920 sunt,
3075 3856 3327 3927 quamvis
3363 3855 3549 3909 crucis

1962 3961 2130 4017 nobis
2158 3958 2427 4016 beneﬁcio
2463 3955 2617 4011 salus
2645 3951 2951 4008 obvenerit.
2988 3948 3108 4002 Non
3135 3947 3283 4001 enim
3319 3955 3377 4000 ut
3403 3943 3551 4000 salu-

1963 4065 2073 4112 tem
2105 4050 2268 4106 nobis
2290 4047 2531 4111 alierret,
2555 4043 2731 4101 Judas
2758 4043 2912 4097 illum
2941 4038 3196 4104 tradidit;
3230 4035 3328 4092 sed
3350 4036 3548 4106 partim

1962 4141 2297 4214 ignorantia,
2323 4138 2524 4211 partim
2554 4134 2779 4200 invidia,
2803 4141 2858 4188 et
2885 4131 3115 4187 avaritia
3144 4128 3366 4190 ductus,
3383 4141 3548 4196 quam

1963 4249 2091 4290 cum
2127 4233 2223 4290 Dei
2252 4233 2622 4302 abnegatione
2657 4227 3040 4298 conjunxerat.
3075 4221 3292 4278 Etenim
3335 4218 3462 4273 licet
3495 4218 3551 4273 in

271 4333 350 4404 φὴ
383 4331 452 4386 τὰ
481 4331 568 4385 ἐπ’
604 4310 855 4402 ἐσχάτῳ¹
916 4329 1024 4383 τῶν
1059 4329 1280 4404 ἡμερῶν
1299 4330 1368 4383 δι’
1404 4330 1562 4402 ἡμῶν
1587 4331 1853 4386 ἐπιτελού-

1969 4341 2190 4383 crucem
2226 4333 2410 4380 actum
2463 4324 2529 4378 iri
2567 4321 2850 4377 Christum
2886 4317 3171 4388 Scriptura
3204 4310 3551 4384 praedixerit;

279 4442 418 4496 μενα
448 4423 802 4495 άτοπήματα,
833 4422 896 4476 οὐ
927 4421 1149 4486 πάντως
1179 4420 1328 4494 εὖροι
1357 4422 1422 4477 ἄν
1453 4439 1538 4486 τις
1570 4422 1729 4494 ημῶν
1751 4423 1860 4476 τῶν

272 4515 344 4569 τὰ
369 4513 668 4586 παράνομα
688 4512 1036 4584 πραττόντων
1056 4511 1376 4580 ἀπολογίαν,
1400 4511 1500 4584 τὴν
1521 4511 1622 4583 τῆς
1643 4512 1865 4584 Γραφῆς

281 4604 590 4678 μαρτυρίαν
611 4603 920 4677 προφέρων,
945 4602 1416 4676 προθεσπιζούσης
1430 4602 1606 4658 ταῦτα
1625 4603 1864 4661 ἔσεσθαι.

279 4698 355 4752 Οὐ
380 4697 490 4770 γάρ
516 4697 598 4750 ὅτι
645 4690 798 4749 εἶπεν
835 4697 870 4767 ἡ
901 4694 1116 4768 Γραφὴ,
1151 4695 1434 4767 ποιοῦμεν*
1468 4695 1582 4750 ἀλλ’
1609 4697 1690 4752 ὅτι
1718 4697 1872 4769 ἐμέλ-

279 4791 447 4862 λομεν
473 4791 680 4866 ποιεῖν,
711 4788 970 4861 προεῖπεν
1006 4790 1039 4859 ἡ
1079 4781 1291 4859 Γραφὴ,
1323 4787 1412 4842 διὰ
1454 4787 1554 4860 τὴν
1592 4788 1686 4843 τοῦ
1737 4789 1871 4843 Θεοῦ

284 4883 620 4955 πρόγνωσιν,
645 4881 740 4934 καὶ
765 4881 852 4954 ζνα
878 4879 1032 4943 Θεὸς,
1059 4878 1266 4948 ἀγαθὸς
1285 4879 1570 4952 ὑπάρχων,
1598 4881 1874 4953 ἐπιφέρων

282 4977 338 5030 δὲ
368 4975 470 5046 τὴν
497 4972 671 5045 ὀργὴν
701 4971 843 5027 κατὰ
871 4971 980 5025 τῶν
1009 4971 1456 5044 ἁμαρτανόντων,
1491 4971 1566 5044 μὴ
1588 4971 1874 5045 ὑποληφθῇ

285 5067 446 5121 πάθει
477 5065 861 5137 συνεχόμενος.
904 5065 967 5118 Ἦ
1001 5062 1111 5135 γὰρ
1140 5063 1263 5118 καθ’
1294 5064 1526 5118 ἕκαστον
1557 5063 1664 5118 τῶν
1697 5065 1876 5136 ἀμαρ-

285 5160 554 5214 τανόντων
585 5158 738 5230 παρὰ
768 5155 905 5210 Θεοῦ
940 5155 1079 5228 ὀργὴ
1111 5157 1212 5211 οὐκ
1239 5156 1348 5211 ἀπὸ
1373 5156 1578 5221 πάθους
1612 5158 1871 5227 ὁρμᾶται.

299 5252 533 5316 Ἀπαθές
566 5250 679 5323 γὰρ
711 5251 772 5304 τὸ
804 5250 958 5304 Θεῖον
997 5268 1012 5282 ·
1052 5249 1306 5322 ἐπιφέρει
1341 5249 1398 5303 δὲ
1429 5249 1529 5322 τὴν
1555 5249 1726 5322 ὀργὴν
1754 5252 1881 5304 κατ’

291 5344 582 5416 ἄνθρωπον
608 5345 653 5409 ⁸,
697 5343 758 5396 οὐ
793 5343 956 5396 πάθει
1006 5343 1210 5415 ληφθὲν
1268 5342 1721 5412 ἀγανακτήσεως,
1754 5341 1874 5395 οὐδὲ

290 5437 315 5488 6
321 5440 424 5509 ργῇ
444 5436 684 5510 ἡττηθὲν
704 5436 797 5526 καὶ
822 5435 1209 5508 κρατούμενον.
1233 5433 1486 5487 Δείκνυσι
1508 5433 1618 5505 γὰρ
1646 5433 1708 5488 τὸ
1728 5434 1874 5488 ἁπα-

1967 4435 2034 4475 ac
2066 4432 2191 4489 quae
2219 4416 2512 4487 postremis
2539 4411 2882 4484 temporibus
2912 4425 2943 4463 a
2970 4408 3132 4464 nobis
3159 4400 3552 4462 committenda

1969 4519 2100 4567 sunt
2125 4509 2336 4565 scelera
2380 4505 2474 4562 diu
2519 4512 2646 4560 ante
2673 4502 3022 4576 signiﬁcarit,
3057 4499 3290 4562 nullam,
3335 4496 3382 4551 si
3414 4492 3556 4548 male

1971 4604 2259 4677 quidpiam
2285 4600 2584 4674 egerimus,
2619 4615 2687 4654 ex
2715 4598 2852 4653 iisce
2876 4595 3174 4665 Scriptum
3195 4584 3554 4646 testimoniis.

1973 4714 2096 4768 quae
2126 4695 2181 4751 id
2217 4694 2464 4750 futurum
2506 4691 2895 4764 praenuntiant,
2936 4683 3349 4744 excusationem
3391 4678 3551 4733 habe-

1974 4790 2177 4844 bimus.
2232 4787 2423 4858 Neque
2479 4787 2624 4841 enim
2671 4783 2819 4854 quod
2875 4779 3160 4851 Scriptura
3215 4769 3554 4847 praedixerit,

1973 4882 2181 4938 idcirco
2201 4895 2264 4936 ea
2299 4879 2574 4944 facimus;
2606 4875 2704 4932 sed
2729 4873 2875 4946 quod
2904 4872 3102 4928 facturi
3134 4882 3376 4931 eramus,
3410 4861 3560 4918 Scri-

1974 4981 2138 5044 ptura
2175 4969 2448 5042 praedixit,
2485 4967 2557 5023 ob
2590 4965 3007 5020 antecedentem
3045 4960 3138 5015 Dei
3174 4956 3428 5012 videlicet
3463 4967 3559 5008 co-

1974 5064 2300 5137 gnitionem,
2329 5070 2495 5132 atque
2535 5067 2595 5113 ut
2618 5056 2764 5112 Deus
2795 5057 2932 5126 ipse,
2961 5054 3054 5123 qui
3093 5051 3274 5106 bonus
3298 5055 3405 5111 est,
3432 5060 3559 5100 cum

1978 5154 2242 5209 adversus
2274 5159 2597 5222 peccatores
2639 5149 2779 5203 iram
2830 5150 3071 5209 exercet,
3119 5155 3231 5195 non
3272 5137 3560 5210 perturba-

1980 5246 2131 5299 tione
2162 5243 2346 5313 aliqua
2377 5249 2687 5296 commotus
2705 5253 2831 5294 esse
2865 5235 3138 5292 videatur.
3167 5231 3261 5287 Dei
3287 5230 3561 5302 siquidem

1983 5337 2250 5392 adversus
2301 5342 2621 5406 peccatores
2664 5332 2943 5404 quoslibet
2979 5327 3282 5399 indignatio
3325 5340 3436 5380 non
3494 5323 3564 5377 ah

1989 5433 2098 5488 ulla
2134 5429 2303 5484 animi
2336 5427 2751 5499 perturbatione
2783 5423 3191 5495 proﬁciscitur;
3223 5427 3373 5477 caret
3417 5417 3562 5472 enim

368 5593 383 5620 ‘
420 5589 479 5644 ιθ.
517 5588 812 5659 ἐσχάτωνη
856 5586 965 5659 ξιτ.
1024 5586 1346 5659 ἀνθρώπων.
1433 5589 1453 5621 ³
1483 5589 1670 5644 Matth.
1724 5606 1848 5644 xxv:

1967 5591 2018 5645 5.
2099 5589 2118 5622 ⁸
2145 5588 2311 5659 Marc.
2369 5599 2478 5650 xlv,
2553 5585 2643 5659 44.
2724 5584 2742 5614 ³
2773 5582 2903 5659 ibid.
2936 5579 3027 5659 45.
3059 5579 3124 5659 __‘
3149 5577 3264 5659 isa.
3297 5586 3446 5659 xxix,

291 5660 309 5690 ⁷
341 5661 476 5718 Gen.
509 5657 668 5730 iv,"9.
746 5657 894 5714 ‘Job
932 5673 971 5724 ι,
998 5659 1052 5712 9.
1129 5657 1314 5714 "Gen.
1349 5660 1492 5728 ιιι,4,
1521 5661 1570 5716 5.

1679 5661 1732 5724 ,³⁸
1764 5659 1853 5718 GC]

1957 5640 2018 5728 ν,
2039 5662 2089 5718 8.
2145 5640 2248 5712 ⁷ίῆ
2275 5640 2430 5713 Joau.
2465 5640 2535 5723 ἰι,
2563 5657 2618 5712 Η
2649 5675 2663 5724 ;
2706 5671 2786 5720 ιιι,
2816 5653 2902 5708 12)..
2982 5652 3025 5683 ¹¹
3059 5647 3245 5703 Matth.
3287 5657 3439 5705 xxui,
3471 5640 3560 5696 '55.
