4078 6074
504 179 611 236 εδδ
1927 170 1988 228 s.
2030 163 2368 230 EPlPllANli
3663 180 3768 238 CM

502 303 655 359 omni
689 299 1104 370 perturbatione
1130 299 1292 356 Deus.
1316 299 1420 356 Sed
1448 299 1583 354 iram
1616 310 1767 353 more
1792 292 2071 352 hominum

2185 296 2275 361 θές
2305 299 2334 351 6
2359 296 2511 362 Θεὸς,
2555 297 2832 371 προειπὼν
2870 296 2966 371 τὴν
3007 297 3272 371 ἐσομένην
3314 299 3518 374 κρίσιν,
3545 305 3639 358 καὶ
3669 305 3780 378 τὴν

503 403 763 445 exercere
804 387 1030 453 dicitur,
1065 405 1173 444 non
1217 389 1330 444 ullo
1377 403 1542 444 sensu
1592 386 1804 442 doloris
1833 384 2071 451 aﬁ‘ectus,

2187 388 2401 443 δικαίαν
2429 389 2558 460 παρ’
2588 390 2752 445 αύτοῦ
2781 390 3049 462 τιμωρίαν
3078 391 3388 463 γινομένην⁸
3424 385 3512 448 ἵνα
3536 397 3597 450 τὸ
3626 399 3779 453 ἀπα-

503 496 605 537 nec
639 480 923 535 iracundia
972 489 1283 549 superatus.
1320 479 1434 534 lmo
1477 493 1608 534 vero
1647 485 1983 549 quantopere
2021 490 2071 532 ea

2189 477 2278 544 θὲς
2310 480 2528 553 σημάνῃ
2557 481 2658 552 τῆς
2697 480 2972 552 Θεότητος.
3010 483 3249 552 Προετπε
3277 483 3459 536 τοίνυν
3488 487 3521 556 ἠ
3557 486 3595 537 Γ
3600 488 3774 560 ραφὴ,

502 580 660 627 vacet
700 572 803 626 hoc
847 571 966 641 ipso
1010 570 1277 636 declarat,
1321 569 1468 640 quod
1503 569 1749 624 futurum
1785 568 2071 639 judicium,

2191 569 2330 624 κατὰ
2361 569 2667 641 πρόγνωσιν
2698 571 3240 644 προασφαλιζομένη.
3283 576 3381 629 καὶ
3421 575 3774 642 διδάσκουσα,

500 679 565 716 ac
586 663 953 732 justissimam
994 662 1531 718 animadversionem
1575 660 1884 726 denuntiat,
1925 669 1986 715 ut
2021 675 2071 716 se

2187 661 2273 714 ἵνα
2308 661 2382 732 μὴ
2409 661 2741 731 ἐμπέσωμεν
2769 662 2851 726 είς
2882 662 3054 734 ὀργὴν
3080 663 3382 734 ἀνήκεστον
3410 665 3566 732 Θεοῦ,
3589 669 3689 740 τὴν
3707 671 3774 723 οὐ

499 752 894 808 commotionis
917 753 1098 808 omnis
1127 763 1408 824 expertem
1433 768 1554 809 esse
1579 752 1936 808 demonstret.
1961 751 2071 809 Hoc

2185 751 2348 806 πάθει
2367 753 2696 824 ὁρισθεῖσαν,
2723 753 2846 807 οὐδὲ
2866 755 3271 826 συμϐαίνουσαν
3291 759 3398 812 ἀπὸ
3429 761 3594 832 ἥττης
3636 762 3777 816 ἀλλά

498 844 668 915 igitur
698 842 1010 898 futurorum
1053 845 1280 914 praescia
1337 843 1622 913 Scriptura
1665 842 1957 914 signiﬁcat,
2002 843 2071 898 uti

2185 841 2502 896 δικαιότατα
2530 845 2644 907 τοῖς
2677 842 2778 914 τὴν
2809 844 3086 916 ἁμαρτίαν
3113 847 3428 901 ἐκτελοῦσιν
3464 849 3775 921 ἀνθρώποις

498 935 778 990 cautiores
809 949 910 990 nos
940 933 1133 989 reddat
1181 949 1245 988 ac
1273 933 1708 998 condocefaciat,
1741 949 1810 988 ne
1837 934 2071 1004 inexpia-

2188 932 2734 1004 προετοιμασθεὶσαν,
2761 926 2856 988 καὶ
2886 936 2962 1008 μὴ
2990 937 3345 1007 μετανοοῦσιν
3379 938 3437 1004 ἐξ
3465 939 3742 1010 ἀληθείας.

497 1026 662 1082 bilem
691 1025 788 1082 Dei
836 1026 892 1081 in
952 1026 1308 1081 oil'ensionem
1338 1028 1683 1083 incurramus
1715 1041 1838 1096 quze
1888 1040 1996 1079 non
2035 1025 2445 1095 perturbatione
2483 1023 2742 1080 deﬁnitur
2783 1025 2912 1091 ulla,
2955 1042 3054 1082 nec
3121 1029 3266 1084 velut
3341 1029 3482 1084 victo
3546 1046 3610 1085 ac
3645 1045 3778 1086 suc.

499 1117 773 1172 cumbenti
806 1117 1044 1183 accidit;
1086 1116 1180 1172 sed
1231 1117 1546 1174 hominibus
1609 1117 1677 1173 iis
1717 1132 1858 1188 quos
1903 1118 2176 1174 scelerum
2204 1116 2520 1187 282mm
2572 1104 2970 1174 commiserunt
3030 1130 3159 1177 vere
3206 1129 3372 1192 atque
3412 1123 3596 1178 animo
3661 1139 3772 1180 non

501 1213 748 1282 pmnitet,
779 1221 1082 1282 prmparata
1117 1213 1337 1267 dicitur.

569 1302 680 1357 Vll.
712 1303 855 1358 Idem
900 1312 952 1358 et
986 1304 1054 1359 de
1095 1303 1280 1360 crucis
1320 1305 1590 1375 supplicio
1626 1305 1871 1377 cogitare
1913 1305 2078 1362 debe-

498 1408 642 1448 mus.
669 1393 788 1448 Non
821 1394 965 1448 enim
999 1403 1285 1466 propterea
1315 1396 1459 1465 quod
1505 1397 1578 1450 ita
1630 1396 1746 1452 fore
1791 1396 2077 1468 Scriptura

497 1483 767 1554 praedixit,
788 1483 1045 1540 Christus
1067 1492 1160 1538 aut
1189 1485 1244 1540 in
1267 1499 1488 1540 crucem
1515 1500 1545 1538 a
1562 1484 1766 1541 Iudaeis
1792 1495 1876 1540 est
1898 1494 2077 1553 actus,

498 1583 593 1630 aut
631 1591 662 1628 a
690 1573 830 1630 Juda
856 1577 1146 1647 proditus:
1185 1577 1278 1633 sed
1322 1577 1466 1647 quod
1507 1586 1562 1632 et
1595 1577 1914 1647 proditurus
1951 1594 2074 1634 eum

496 1664 668 1720 Judas
705 1675 872 1732 esset,
905 1674 960 1722 et
995 1667 1050 1720 in
1075 1682 1296 1722 crucem
1331 1667 1506 1721 acturi
1539 1665 1736 1728 Judaei.
1765 1667 1836 1721 ob
1874 1667 1926 1722 id
1964 1676 2076 1722 tam

498 1759 552 1813 in
577 1758 774 1814 Vetere
797 1757 1150 1814 Testamento
1181 1757 1488 1828 Scriptura,
1512 1774 1676 1830 quam
1705 1759 1760 1813 in
1780 1759 2077 1829 Evangelio

497 1850 764 1905 Dominus
825 1850 943 1919 ipse
1013 1848 1259 1903 futurum
1317 1850 1617 1919 aliquando
1676 1850 2072 1920 pronuntiavit.

497 1941 866 2008 Quamobrem
903 1956 1012 1996 non
1042 1955 1109 1996 ex
1142 1951 1291 1995 certa
1318 1942 1614 2012 singularis
1646 1941 1795 1996 illius
1824 1941 2073 1996 beneﬁcii

496 2033 724 2088 scientia
757 2032 903 2102 quod
948 2033 1002 2086 in
1045 2033 1307 2101 mundum
1339 2049 1404 2088 ex
1463 2048 1529 2088 eo
1565 2033 1836 2088 derivaret
1894 2032 2076 2087 Domi-

494 2143 626 2181 num
669 2124 842 2180 Judas
881 2124 1146 2195 prodidit,
1200 2132 1257 2178 ut
1304 2125 1378 2178 illi
1432 2126 1812 2192 mentiuntur;
1858 2124 1953 2179 sed
2000 2124 2074 2178 ita

495 2218 682 2288 potius
711 2226 769 2271 ut
797 2226 853 2271 et
877 2233 1038 2271 suum
1074 2231 1198 2272 esse
1223 2216 1513 2271 Dominum
1544 2217 1788 2281 sciverit,
1826 2224 1880 2272 et
1909 2231 2072 2286 quam

492 2311 731 2380 idipsum
760 2307 968 2363 mundo
992 2309 1235 2364 salutare
1255 2315 1404 2364 esset
1429 2309 1713 2379 ignorarit.
1732 2307 1947 2362 Fierine
1976 2322 2068 2377 po-

494 2408 600 2456 test
626 2403 670 2454 is
696 2398 966 2454 utsalutis
989 2397 1273 2453 hominum
1306 2413 1495 2452 curam
1520 2397 1802 2468 gerat,qui
1832 2397 1900 2451 ab
1929 2397 2074 2467 ipso-

491 2500 604 2548 met
644 2489 926 2547 Salvatore
966 2491 1290 2561 perditionis
1329 2492 1470 2546 ﬁlius
1495 2492 1801 2562 appellatus
1835 2489 2069 2554 fuerit‘;

492 2593 547 2640 ct
581 2583 713 2637 illud
743 2583 1020 2638 audierit?
1039 2582 1243 2636 Bonum
1261 2583 1309 2636 ei
1333 2591 1468 2647 erat,
1489 2583 1533 2636 si
1569 2593 1726 2635 natus
1753 2597 1856 2634 non
1886 2581 2077 2648 fuisset.

492 2677 644 2730 homo
667 2676 755 2729 ille
777 2679 795 2707 ²
820 2692 838 2738 ;
863 2677 1022 2730 item:
1047 2675 1249 2738 Amice,
1284 2674 1352 2727 ad
1377 2675 1503 2744 quid
1528 2674 1789 2729 venisti’?
1819 2682 1893 2738 et,
1923 2671 2068 2726 Unus

491 2783 558 2820 ex
589 2769 729 2821 vobis
765 2785 842 2822 me
874 2767 1172 2821 traditurus
1206 2767 1362 2834 est‘;
1391 2775 1465 2832 et,
1499 2766 1604 2834 Qui
1641 2765 1925 2820 manducat
1963 2781 2070 2818 mer

493 2875 611 2912 cum
649 2875 874 2928 panem,
924 2857 1110 2912 levavit
1151 2867 1335 2910 contra
1386 2872 1465 2910 me
1511 2855 1880 2920 calcaneum",
1933 2861 1992 2906 ut
2039 2868 2071 2907 e

2254 1300 2328 1352 Z'.
2362 1297 2520 1352 Οὕτω
2548 1299 2642 1354 καὶ
2665 1301 2756 1354 ἐπὶ
2785 1300 2881 1356 τοῦ
2909 1303 3167 1376 σταυροῦ·
3191 1305 3290 1376 οὐχ
3311 1307 3392 1360 ὃτι
3414 1301 3566 1361 εἶπεν
3596 1310 3630 1381 ἡ
3652 1309 3772 1365 θεία

2183 1391 2397 1462 Γραφὴ,
2455 1393 2810 1466 ἐσταύρωσαν
2859 1396 2906 1448 οἱ
2981 1396 3244 1461 Ἰουδαῖοι,
3304 1400 3400 1453 καὶ
3455 1402 3772 1472 παρέδωκεν

2196 1483 2398 1547 Ἰούδας
2442 1484 2534 1537 τὸν
2575 1473 2826 1557 Σωτῆρα⁸
2861 1486 2977 1540 ἀλλ’
3030 1487 3114 1540 ὅτι
3176 1489 3370 1560 ἔμελλε
3419 1493 3777 1562 παραδιδόναι

2197 1576 2418 1640 Ἰούδας,
2461 1578 2556 1630 καὶ
2607 1577 2853 1630 Ἰουδαῖοι
2892 1578 3182 1651 αταυροῦν,
3224 1580 3416 1634 τούτου
3447 1583 3609 1637 ἕνεκα
3639 1603 3775 1658 προ-

2180 1671 2335 1723 εῖπεν
2383 1670 2416 1740 ἡ
2461 1668 2582 1722 Θεία
2630 1669 2820 1741 Γραφὴ
2866 1672 2926 1724 ἐν
2967 1674 3034 1742 τῇ
3067 1672 3282 1744 Παλαιᾷ
3322 1674 3588 1748 Διαθήκῃ,
3623 1679 3772 1734 καὶὸ

2179 1758 2384 1831 Κύριος
2425 1760 2484 1812 ἐν
2525 1758 2602 1830 τῷ
2642 1758 2982 1830 Εὑαγγελίῳ.
3015 1761 3178 1814 Ὥστε
3216 1758 3310 1815 οὗν
3339 1763 3440 1816 οὐκ
3474 1765 3530 1816 ἐν
3569 1765 3769 1834 γνώσει

2178 1849 2278 1919 τῆς
2311 1849 2578 1920 ἐσομένης
2612 1851 2934 1922 εὐεργεσίας
2962 1849 3041 1922 τῷ
3073 1851 3264 1923 κόσμῳ
3297 1854 3646 1923 παραδέδωκε
3673 1856 3768 1909 τὸν

2178 1939 2382 2010 Κύριον
2413 1941 2442 1992 6
2491 1940 2714 2007 Ἰούδας,
2762 1940 2839 2005 ὡς
2882 1942 3079 1994 ἐκεῖνοι
3131 1941 3403 2010 λέγουσιν·
3449 1943 3562 1996 ἀλλ’
3605 1945 3766 2009 εἰδὼς

2181 2032 2304 2103 μὲν,
2332 2031 2414 2085 ὅτι
2445 2034 2473 2085 6
2500 2033 2668 2087 αὑτοῦ
2703 2035 2984 2104 Δεσπότης
3025 2033 3293 2106 ὑπῆρχεν,
3329 2035 3540 2102 ἀγνοῶν
3563 2036 3640 2099 δὲ,
3681 2038 3768 2090 ὅτι

2179 2123 2420 2194 σωτηρία
2445 2123 2596 2178 ἔσται
2631 2124 2709 2196 τῷ
2743 2126 2954 2196 κόσμῳ.
2986 2125 3111 2188 Πῶς
3144 2125 3253 2197 γὰρ
3280 2126 3345 2180 ἂν
3375 2125 3460 2197 εἴη
3493 2127 3767 2198 σωτηρίας

2175 2212 2480 2285 ἀνθρώπων
2513 2215 2908 2286 ἐπιμελόμενος
2941 2217 2969 2270 6
3011 2218 3141 2286 παρ’
3176 2215 3343 2269 αὑτοῦ
3378 2217 3472 2270 τοῦ
3513 2218 3767 2289 Σωτῆρος

2175 2305 2388 2359 ἀκούων
2427 2306 2704 2371 ἀπωλείας
2735 2307 2880 2373 υἱός;
2917 2307 3011 2360 καὶ
3051 2307 3132 2374 τὸ,
3180 2307 3469 2376 Συμφέρει
3501 2308 3679 2374 αὐτῷ,
3710 2311 3764 2362 εἰ

2175 2398 2287 2450 οὐκ
2315 2397 2627 2467 ἐγεννήθηο
2653 2398 2748 2452 καὶ
2773 2398 2854 2463 τὸ,
2884 2399 3130 2468 Ἑταῖρε,
3153 2400 3244 2468 ἐφ’
3273 2398 3302 2452 ὃ
3333 2398 3502 2467 πάρει
3513 2415 3534 2464 ;
3563 2400 3656 2452 καὶ
3679 2399 3761 2462 τὸ,

2177 2484 2282 2554 Εἷς
2300 2489 2369 2551 ἐξ
2393 2488 2560 2558 ὑμῶν
2583 2488 2924 2558 παραδώσει
2943 2507 3040 2559 με·
3079 2491 3282 2554 καὶτὸ,
3324 2491 3379 2543 '0
3402 2491 3763 2559 ἐσθίων-μετ’

2173 2581 2318 2649 ἐμοῦ
2363 2582 2468 2634 τὸν
2484 2580 2685 2649 ἄρτον,
2718 2580 2905 2649 ἐπῆρε
2938 2580 3062 2634 κατ’
3107 2581 3252 2650 ἐμοῦ
3301 2583 3563 2650 πτέρναν
3581 2582 3647 2648 ¹⁰,
3687 2583 3765 2646 ὼς

2173 2671 2286 2741 ἔχει
2325 2673 2384 2725 τὸ
2422 2671 2752 2740 Εὑαγγέλιον
2799 2673 2864 2726 ὲκ
2899 2672 3268 2743 προαγούσης
3320 2661 3627 2745 μαρτυρίας
3663 2675 3762 2728 τοῦ

2173 2763 2509 2834 Ψαλτηρίου⁶
2545 2764 2661 2826 καὶ,
2691 2763 2834 2816 Οὐαί
2866 2763 2942 2816 δι’
2968 2759 3040 2819 οὗ
3073 2767 3106 2818 ό
3150 2765 3281 2830 Υἱὸς
3309 2763 3413 2818 τοῦ
3443 2765 3762 2833 ἀνθρώπου

2173 2853 2581 2923 παραδίδοται.
2605 2854 2777 2917 Αὐτὸς
2804 2854 2916 2926 γὰρ
2959 2853 3157 2918 Ἰούδας
3193 2857 3321 2926 περὶ
3351 2856 3542 2909 ἑαυτοῦ
3568 2857 3630 2908 τὸ
3651 2859 3760 2910 πᾶν

493 2949 835 3006 PSalmornm
872 2951 1012 3005 libro
1031 2951 1051 2981 ⁸
1072 2949 1428 3020 Evangelium
1458 2948 1748 3018 expressit.
1774 2949 1907 3003 ltem
1935 2965 1946 3000 :
1985 2944 2071 3000 Va!

2178 2946 2441 3016 ὑπέφηνε,
2475 2945 2569 2999 καὶ
2596 2946 2694 3015 τὴν
2727 2945 2836 2999 τῶν
2871 2947 3240 3000 ἐπαινούντων
3267 2947 3427 3001 αὐτὸν
3455 2948 3642 3002 ἄνοιαν
3665 2951 3762 3002 καὶ

490 3045 538 3097 ci
568 3060 658 3111 per
687 3059 837 3112 quem
865 3039 1040 3095 Filius
1070 3040 1296 3093 hominis
1333 3039 1632 3094 tradetur".
1665 3038 1877 3094 Etenim
1899 3037 2072 3094 Judas

491 3136 606 3189 lucc
645 3135 700 3189 in
739 3150 797 3190 se
821 3132 1198 3204 comprobavit
1221 3131 1430 3194 omnia,
1453 3144 1617 3202 atque
1644 3139 1698 3186 et
1724 3131 2071 3186 laudatorum

491 3241 718 3280 suorum
766 3232 819 3278 et
870 3230 1144 3280 suammet
1189 3223 1306 3293 ipse
1351 3222 1682 3278 dementiam
1730 3223 1813 3276 vel
1867 3223 2074 3276 invitus

489 3317 750 3371 ostendit.
798 3314 933 3368 Nam
993 3320 1354 3384 posteaquam
1410 3320 1594 3367 tamen
1660 3313 1881 3382 triginta
1947 3311 2072 3366 illos

489 3418 783 3476 argenteos
841 3408 1090 3478 accepit,
1140 3404 1465 3477 pmnitentia
1515 3405 1718 3466 ductus
1777 3403 2070 3473 pecuniam

491 3502 636 3554 illam
674 3501 931 3564 restituit,
975 3508 1232 3570 tanquam
1273 3498 1399 3552 mali
1447 3496 1652 3568 aliquid
1683 3503 2069 3567 perpetrasset,

487 3609 615 3649 cum
648 3593 774 3656 sibi,
817 3600 930 3645 tum
979 3592 1046 3648 iis
1092 3591 1186 3661 Qui
1235 3591 1388 3645 cruci
1420 3589 1703 3646 Christum
1753 3587 2064 3644 aﬁixerunt.

492 3684 758 3738 Dominus
805 3697 938 3737 vero
965 3697 1062 3752 per
1104 3697 1164 3738 se
1208 3682 1355 3752 quod
1402 3681 1562 3737 nobis
1594 3688 1759 3750 atque
1809 3680 2066 3735 universo

491 3777 695 3830 bonum
733 3781 851 3830 erat
889 3775 1160 3840 eﬁiciens,
1217 3774 1460 3844 seipsum
1509 3773 1764 3839 tradidit,
1811 3783 1868 3827 ut
1903 3771 2069 3827 saluti

489 3868 746 3923 omnibus
796 3877 962 3922 esset.
1019 3865 1138 3921 Non
1204 3867 1369 3937 igitur
1410 3865 1676 3936 proditori
1724 3863 1914 3929 Iudae,
1971 3864 2067 3919 sed

491 3960 884 4031 benignissimo
912 3959 1182 4014 Salvatori
1207 3957 1411 4027 gratias
1440 3959 1674 4026 agimus,
1703 3958 1794 4026 qui
1829 3957 2068 4010 animam

490 4066 591 4122 pro
625 4051 808 4114 nobis,
845 4049 1042 4104 ovibus
1094 4047 1351 4102 videlicet
1399 4045 1540 4108 suis,
1591 4046 1866 4114 exposuit,
1915 4053 1973 4097 ut
2013 4051 2068 4098 et

489 4144 607 4212 ipse
629 4143 767 4197 dixit
789 4143 832 4197 ⁸.
863 4140 1147 4208 Quomodo
1176 4138 1321 4194 enim
1364 4137 1411 4192 is
1441 4137 1534 4207 qui
1562 4137 1688 4191 boni
1717 4136 1922 4205 aliquid
1947 4150 2066 4190 mo-

490 4236 573 4288 liri
627 4250 686 4289 se
730 4233 996 4298 crederet,
1030 4240 1217 4303 postea
1263 4229 1446 4284 dixit:
1483 4227 1718 4283 Pmnitet
1764 4242 1882 4290 me,
1922 4225 2067 4296 quod

2176 3036 2370 3090 ἑαυτοῦ
2405 3037 2668 3108 ἤλεγξεν,
2717 3039 2765 3091 εί
2812 3038 2908 3090 καὶ
2945 3037 3112 3092 ἄκων·
3177 3039 3290 3092 ἀλλ’
3327 3041 3478 3108 ὅμως
3531 3041 3669 3110 μετὰ
3699 3041 3762 3093 τὸ

2173 3129 2357 3183 λαϐεῖν
2391 3129 2452 3182 τὸ
2497 3129 2715 3201 τίμημα
2760 3130 2829 3183 τὰ
2876 3129 3173 3198 τριάκοντα
3221 3130 3484 3201 ἀργύρια,
3532 3130 3763 3201 ὕστερον

2177 3219 2598 3293 μεταμεληθεὶς,
2633 3221 2728 3274 καὶ
2757 3221 3110 3293 ἀποστρέψας
3135 3220 3205 3274 τὰ
3243 3221 3506 3293 ἀργύρια,
3547 3222 3622 3286 ὼς
3663 3239 3762 3275 κα-

2174 3309 2269 3362 κόν
2313 3327 2367 3362 τι
2414 3308 2732 3380 πεπραχὼς,
2771 3309 2941 3363 κακὸν
2985 3311 3085 3380 μὲν
3117 3310 3316 3380 ἐαυτῷ,
3353 3311 3524 3364 κακὸν
3567 3311 3624 3364 δὲ
3668 3313 3763 3364 καὶ

2173 3403 2287 3464 τοῖς
2315 3397 2716 3469 σταυρώσασιν.
2773 3401 2829 3454 Ὀ
2861 3400 2917 3452 δὲ
2951 3399 3177 3472 Κύριος,
3221 3399 3426 3468 ἀγαθὸν
3467 3401 3535 3453 δι’
3567 3402 3762 3456 ἐαυτοῦ

2173 3491 2439 3546 ἐπιτελῶν
2468 3494 2602 3562 ἡμῖν
2635 3509 2696 3544 τε
2739 3494 2833 3546 καὶ
2861 3492 2940 3564 τῷ
2972 3493 3184 3564 κόσμῳ,
3225 3493 3415 3545 ἑαυτὸν
3445 3493 3763 3564 παραδέδω-

2172 3599 2291 3646 κεν,
2334 3583 2421 3636 ῐνα
2461 3582 2686 3654 γένηται
2717 3585 2849 3654 ἡμῖν
2889 3583 3154 3654 σωτηρία.
3201 3586 3343 3655 Ἀρα
3387 3581 3480 3638 οὖν
3524 3584 3646 3654 οὐχὶ
3682 3584 3766 3654 τῷ

2185 3675 2357 3747 Ἰούδᾳ
2388 3676 2468 3747 τῷ
2495 3675 2730 3748 προδότῃ
2769 3675 3143 3747 ὁμολογοῦμεν
3179 3677 3277 3748 τὴν
3306 3677 3484 3748 χάριν,
3522 3676 3659 3728 ἀλλὰ
3685 3675 3763 3746 τῷ

2170 3769 2423 3841 ὲλεήμονι
2475 3769 2712 3840 Σωτῆρι,
2768 3769 2846 3839 τῷ
2883 3768 2982 3840 τὴν
3027 3770 3207 3840 ψυχὴν
3247 3769 3391 3824 ϐέντι
3425 3769 3566 3838 ὑπὲρ
3598 3767 3760 3838 ἡμῶν

2169 3862 2278 3916 τῶν
2316 3862 2463 3916 ἰδίων
2502 3859 2669 3914 αὐτοῦ
2707 3860 3020 3932 προϐάτων,
3051 3861 3234 3925 καθὼς
3261 3861 3426 3924 αὐτὸς
3462 3856 3608 3914 εἷπε.
3636 3859 3762 3923 Πῶς

2169 3953 2279 4024 γὰρ
2319 3956 2348 4007 6
2377 3953 2605 4024 νομίσας
2639 3952 2844 4023 ἀγαθὸν
2878 3954 3190 4008 ἐπιτελέσαι
3220 3954 3443 4026 ὕστερον
3479 3952 3650 4022 λέγει,
3676 3952 3759 4007 ὅτι

2169 4043 2669 4116 Μεταμεμέλημαι,
2730 4044 3132 4118 παραδεδωκὼς
3194 4041 3335 4116 αἷμα
3387 4044 3594 4110 ἁθῶον;
3647 4044 3760 4098 Καὶ

2168 4134 2480 4205 ἀπέστρεψε
2513 4134 2583 4188 τὰ
2615 4135 2875 4207 ἀργύρια,
2931 4132 3114 4198 καθὼς
3160 4129 3227 4205 ἦν
3273 4132 3402 4203 περὶ
3448 4131 3615 4184 αὐτοῦ
3665 4147 3760 4199 γε·

2169 4225 2489 4296 γραμμένον
2527 4225 2640 4295 (48)
2670 4227 2730 4280 ἐν
2769 4229 2883 4290 τοῖς
2927 4227 3258 4298 προφήταις.
3293 4224 3403 4278 Καὶ
3444 4223 3760 4293 ἀπέστρεψε

487 4327 806 4384 tradiderim
863 4291 1184 4396 sanguinem
1229 4319 1488 4393 justum?
1530 4318 1591 4374 Et
1646 4318 1834 4374 retulit
1873 4332 2067 4388 argen-

2176 4291 2298 4378 τοὺς
2328 4291 2940 4389 τριάκονταῖὰργύρους,
3085 4291 3250 4388 τιμὴν
3270 4315 3365 4369 τοῦ
3389 4291 3758 4385 τετιμημένου

487 4427 604 4472 teos
635 4418 684 4481 ⁸;
715 4432 815 4486 pro
846 4432 912 4472 eo
934 4431 997 4470 ac
1030 4417 1307 4487 propheta:
1326 4415 1346 4447 ’
1369 4414 1438 4469 de
1467 4428 1533 4470 eo
1578 4412 1914 4482 scripserant
1949 4427 1962 4464 :
2003 4409 2069 4464 Et

2176 4406 2324 4477 παρὰ
2358 4406 2468 4462 τῶν
2503 4407 2634 4460 υἱῶν
2680 4408 2918 4480 Ἰσραήλ·
2953 4409 3048 4462 καὶ
3080 4409 3242 4462 πάλιν
3269 4409 3327 4460 ἐν
3358 4407 3504 4478 ἄλλῳ
3543 4407 3758 4478 προφή-

488 4508 672 4563 retulit
702 4507 924 4577 triginta
956 4517 1258 4577 argenteos
1290 4505 1524 4576 pretium
1559 4501 1848 4574 appretiati
1875 4515 1906 4555 a
1942 4499 2067 4556 ﬁliis

2176 4513 2242 4568 τῃ
2265 4497 2397 4568 (49)·
2433 4500 2504 4552 El
2539 4497 2777 4553 δίκαιόν
2816 4499 2989 4554 ἐστιν
3023 4501 3187 4570 ὑμῖν,
3228 4499 3364 4552 δότε
3404 4499 3514 4552 τὸν
3532 4499 3760 4568 μισθόν

558 4646 572 4675 ¹
599 4643 757 4698 Joan.
791 4657 922 4705 xvn,
977 4639 1063 4694 12.
1165 4639 1187 4670 ³
1218 4636 1407 4691 Matth.
1446 4651 1594 4697 xxvi,
1626 4635 1716 4690 24.
1747 4627 1752 4630 ’
1813 4636 1834 4667 ³
1865 4635 1996 4690 ibid.
2038 4635 2071 4690 5

2176 4703 2181 4705 ἒ
2233 4633 2254 4664 ⁸
2289 4633 2421 4687 ibid.
2463 4633 2552 4687 21.
2621 4635 2666 4705 ,⁸
2703 4633 2862 4692 Joan.
2903 4649 3021 4702 xm,
3069 4633 3158 4690 18.
3283 4636 3305 4668 ⁶
3335 4633 3478 4690 Psal.
3534 4651 3624 4700 XL,
3667 4636 3756 4692 ιο.

489 4713 508 4741 ⁷
539 4714 727 4768 Matth.
766 4703 916 4776 xxvi,
937 4710 1026 4763 2i.
1104 4709 1125 4740 ⁸
1157 4707 1314 4762 Joan.
1345 4723 1400 4772 χ,
1430 4707 1513 4761 15.
1587 4707 1607 4738 ⁹
1637 4705 1804 4760 Zach.
1834 4722 1911 4771 xl,
1945 4707 2030 4760 15.

2176 4703 2188 4734 ³
2216 4721 2303 4773 γρ.
2332 4703 2681 4774 πτερνισμόν.

556 4824 1026 4907 (48)](αθὼς
1066 4827 1200 4907 rupi
1244 4825 1431 4880 αὐτοῦ
1473 4821 1900 4907 γεγραμμένοις.
1952 4821 2053 4907 Ta:

2176 4820 2767 4907 bueritnEpiphanius,
2812 4836 2927 4907 .non
2979 4821 3603 4907 Jeremizeyo-cabulnm.
3646 4826 3757 4882 Sed

483 4893 790 4962 metsi'haac
817 4893 899 4956 ex,
927 4893 1118 4953 Matth.
1139 4893 1312 4952 'xxvn
1379 4893 1561 4965 capite
1605 4893 1922 4965 sumpserit,
1964 4893 2055 4948 ubi
2162 4893 2427 4965 nonnulla
2455 4893 2614 4944 aliter
2645 4893 2891 4965 protulit,
2915 4907 3083 4965 quam
3112 4894 3253 4965 apud
3288 4893 3600 4965 Matthzeum
3665 4907 3763 4951 aut

483 4961 749 5032 Jeremias
779 4971 1102 5027 nominatim
1133 4969 1425 5031 laudatur;
1451 4961 1612 5020 caute
1640 4961 1821 5036 tanien
1863 4963 1921 5015 ἐν
1947 4967 2059 5036 τοῖς

2176 4961 2888 5036 Lachariam__l_'eperiuntur.
2915 4963 3072 5016 Velut
3101 4961 3385 5036 et6ixaro’v
3413 4967 3563 5036 ἐστιν
3586 4966 3718 5036 ύμῖν
3739 4983 3752 4995 ο

485 5030 788 5117 προῖφήταις
833 5043 1000 5117 digit,
1037 5041 1196 5117 Aquod
1246 5040 1334 5117 l_i_ic
1380 5030 1535 5117 locus
1577 5033 1720 5116 apud
1767 5031 2059 5117 {ereiniam

2176 5047 2404 5117 proquo
2433 5030 2594 5117 L‘XX,
2617 5034 2672 5117 εἰ
2710 5031 2872 5117 itaista»:
2909 5036 3057 5087 ἐστιν
3091 5032 3528 5117 ἐνιὶξπιονιύμῶν.
3737 5055 3744 5062 ε

483 5101 835 5171 non'e'xstat.
888 5101 1211 5183 Suspicatnr
1255 5109 1454 5165 Euseb.
1497 5107 1534 5161 Ι.
1575 5101 1748 5183 χ’τῆς,
1775 5103 2060 5183 ᾉποδειξ.

2176 5173 2180 5183 Ι
2209 5174 2220 5183 .
2237 5101 2348 5172 (49)
2375 5103 2485 5183 Καὶ
2509 5102 2699 5183 πάλιν
2719 5104 2788 5156 ἐν
2996 5103 3297 5183 προφήτῃ.
3317 5101 3565 5183 frustra
3589 5105 3759 5183 alium

484 5187 615 5245 haec.
645 5203 766 5254 qua:
797 5172 1135 5254 evangelista
1167 5172 1749 5254 commemoral,_apud
1771 5172 2062 5254 Jeremiam
2167 5173 2256 5226 hie
2294 5175 2614 5254 prophetam
2651 5188 2774 5254 esse
2812 5174 2983 5254 dicit;
3033 5176 3273 5254 .cumnsit
3304 5174 3458 5254 idem
3511 5177 3756 5254 ille,.qui

484 5242 613 5309 olim
651 5242 788 5308 lecta
809 5294 823 5318 ,
857 5242 1014 5309 sedva
1043 5251 1246 5307 Judaeis
1291 5251 1536 5305 detracta
1589 5242 1792 5318 fuisse;
1827 5252 1920 5298 aut
1943 5259 2059 5318 pro
2167 5242 2416 5318 proxime
2445 5243 2664 5318 citatus
2687 5252 2791 5305 est,
2817 5242 3136 5318 Zacharias.
3160 5242 3331 5318 Quod
3349 5243 3414 5296 ad
3447 5242 3757 5318 posteriora

485 5325 765 5380 Zachariae
801 5313 1040 5384 nomine,
1063 5322 1352 5376 Jeremiam
1387 5318 1733 5376 librariorum
1763 5315 2051 5385 irrepsisse
2158 5314 2322 5368 verba
2346 5321 2595 5385 spectat.
2625 5313 2756 5385 Nam
2785 5315 2965 5382 priora
3009 5315 3120 5385 illa,
3153 5316 3246 5367 καὶ
3281 5315 3489 5385 ἔδωκαν
3506 5314 3754 5385 τὸὰργύ-

484 5401 665 5462 cnlpa.
710 5393 764 5446 lu
805 5395 948 5464 quod
981 5401 1317 5464 postremum
1365 5389 1537 5464 magis
1569 5383 2046 5464 inclinatilieron.

2176 5400 2276 5436 πον
2304 5384 2403 5455 τὴν
2425 5383 2605 5464 τιμὴν
2635 5383 2730 5464 τού
2760 5383 3128 5455 τετιμημένου
3157 5425 3172 5448 ,
3207 5401 3270 5439 ex
3299 5384 3501 5464 illaab.
3531 5383 3754 5438 desum-

805 5433 1243 5525 “{{thvéisf'in
1293 5433 1540 5514 Jcremoim
1575 5457 2056 5525 apocryphoquo-
2164 5433 2250 5522 ίιιςι
2298 5433 2438 5524 ιιιίιιιι
2478 5433 2802 5507 Zachariam
2844 5433 2976 5509 nimH
3003 5433 3245 5509 exsta'nt.
3295 5453 3580 5525 Postremo
3653 5472 3753 5524 pro

485 5541 608 5592 dam
640 5536 752 5589 haec
779 5550 807 5588 a
843 5523 1280 5612 blatthzeocitata
1313 5531 1591 5612 selegisse
1613 5523 1842 5611 ‘rel‘ei‘at.
1876 5523 2056 5612 Quare

2176 5537 2266 5612 ira
2311 5523 2416 5590 τῶν
2445 5537 2600 5603 υἱῶν,
2634 5535 2774 5593 Lxx
2822 5539 2994 5612 ὑπέρ,
3035 5537 3195 5596 llebr.
3229 5523 3479 5606 nm‘ma.
3516 5523 3678 5612 Vulg.
3717 5555 3753 5594 α

487 5607 779 5664 \idcnduttt
811 5620 878 5661 an
912 5603 965 5659 in
1001 5602 1187 5658 codice
1221 5617 1343 5668 suo,
1377 5601 1432 5651 ἐν
1457 5595 1571 5661 τοῖς
1605 5597 1932 5672 προερήτῖιις,
1959 5595 2053 5650 ha-

2176 5607 2336 5676 iliis...
