4078 6074
193 101 300 162 665

805 114 1178 173 ADVERSUS
1217 116 1564 179 [UERESES
1601 122 1734 182 LIB.
1775 124 1818 181 !.
1861 121 2028 181 TOM.
2071 120 2159 178 111.
2200 150 2271 160 -
2311 113 2592 174 ΗΑΞΒΕΒ.
2634 116 2883 174 XXXlX.

3367 119 3485 178 666.

189 239 330 292 μου.
357 221 396 292 ἢ
415 223 776 282 ἀπείπασθε·
811 231 906 283 καὶ
929 232 1092 286 πάλιν
1121 234 1179 288 ὲν
1207 235 1354 307 ἄλλῳ
1377 237 1649 311 προφήτῃο
1677 236 1787 290 Καὶ

1898 235 2122 291 ιετοειδ.
2189 235 2322 291 Item
2375 235 2519 306 apud
2572 235 2739 291 alium
2771 235 3132 308 prophetam:
3169 237 3229 291 Si
3264 239 3470 306 justum

192 311 401 370 ἔδωκαν
431 317 491 371 τὺ
518 318 783 391 ἀργύριον
809 323 909 392 τὴν
937 323 1104 397 τιμὴν
1132 326 1225 380 τοῦ
1256 327 1642 399 τετιμημένου.
1674 327 1788 381 Καὶ

74 455 76 460 .
193 405 337 463 εἷπε·
373 410 556 475 Κάθες
583 413 716 466 αύτδ
742 416 824 479 είς
854 417 916 471 τὸ
943 421 1327 493 χωνευτηριοψ
1372 421 1446 474 ῖδε
1485 423 1532 474 εί
1562 421 1788 493 δόκιμόν

192 500 367 566 ἔστιν,
395 501 472 566 ὡς
495 503 862 578 ἐδοκιμάσθην
896 509 1002 562 ὑπὸ
1032 511 1140 567 τῶν
1169 525 1185 546 ι
1220 511 1354 567 υἱῶν
1397 513 1634 586 Ἰσραήλ.

267 684 348 738 H'.
390 683 503 737 Καὶ
534 684 677 738 πόσα
705 687 854 742 ἐστὶν
891 688 1000 743 ἀπὸ
1031 690 1130 762 τῆς
1161 689 1314 755 θείας
1339 691 1564 764 Γραφῆς
1595 692 1787 747 συλλέο

192 793 315 846 γειν
351 777 482 849 περὶ
509 777 622 831 τῶν
649 779 1047 836 τελειωθέντων
1085 785 1144 838 ἐν
1169 783 1249 855 τῷ
1275 784 1466 857 Κυρίῳ
1501 786 1681 856 ήμῶν,
1726 787 1786 840 οὐ

194 870 341 924 κατὰ
367 872 466 942 τὴν
499 870 668 927 Ἰούδα
692 873 830 945 πρὸς
853 875 912 929 τὸ
935 876 1138 946 ἀγαθὸν
1161 877 1462 950 ἐνέργειαν,
1489 879 1625 932 ἀλλὰ
1646 879 1790 934 κατὰ

192 963 298 1037 τὴν
328 964 425 1017 τοῦ
461 965 716 1039 Σωτῆρος
748 969 908 1040 ἡμῶν
945 971 1043 1024 καὶ
1083 972 1290 1044 Κυρίου
1342 972 1518 1043 Ἰησοῦ
1549 971 1788 1044 Χριστοῦ

194 1054 294 1108 τοῦ
327 1055 464 1110 Θεοῦ
495 1057 638 1129 ὑπὲρ
665 1058 842 1130 ήμῶν,
874 1061 936 1113 οὐ
967 1060 1088 1115 κατ’
1115 1063 1384 1134 ἀνάγκην,
1407 1063 1544 1117 ἀλλὰ
1566 1065 1630 1118 ὲκ
1659 1081 1792 1136 προ-

196 1151 466 1221 αιρέσεως
491 1151 688 1206 ἑαυτοῦ
717 1153 1019 1225 παράδοσιν
1043 1157 1140 1209 καὶ
1165 1156 1480 1227 οἰκονομίαν
1505 1156 1599 1210 τοῦ
1624 1173 1791 1210 σταυ-

199 1243 300 1316 ροῦ
352 1244 494 1315 ὑπὲρ
520 1245 621 1316 τῆς
662 1245 822 1317 ημῶν
869 1248 1183 1318 συηηρίας;
1231 1242 1363 1302 Οἶδα
1407 1249 1464 1302 δὲ
1498 1251 1579 1311 εἰς
1622 1248 1791 1303 πολὺν

194 1337 366 1406 ὄγκον
412 1336 562 1406 ἄγων
603 1337 703 1400 τὰς
747 1339 1076 1409 μαρτυρίας·
1117 1338 1194 1404 ὼς
1243 1339 1392 1409 λέγει
1440 1339 1602 1394 πάλιν
1635 1339 1793 1406 ἄλλος

198 1429 510 1502 προφήτης·
571 1431 622 1482 Γ
624 1428 853 1484 ενέσθω
902 1431 942 1498 ἡ
997 1430 1255 1497 ἔπαυλις
1309 1431 1498 1486 αὑτοῦ
1549 1431 1790 1502 ἕρημος,

197 1520 306 1574 και
359 1519 473 1590 τὴν
527 1520 876 1590 ἐπισκοπὴν
931 1524 1119 1580 αὑτοῦ
1179 1522 1352 1578 λάϐοι
1408 1524 1629 1593 ἕτερος.
1695 1527 1794 1589 Ὃς

1891 336 1967 383 est
2017 325 2182 390 vobis,
2236 325 2360 380 date
2414 326 2703 381 mercedem
2752 343 2959 394 meam,
3006 337 3100 380 aut
3145 329 3388 382 abdicata
3429 330 3472 384 ³.

1888 417 2020 473 Item
2047 418 2190 473 alius
2234 418 2498 488 propheta
2529 437 2542 472 :
2589 417 2867 472 Dederunt
2897 427 3186 489 argentum
3237 421 3475 489 pretium

1888 508 2196 580 appretiati.
2234 509 2301 562 Et
2329 509 2509 564 dixit:
2545 508 2697 565 Mitte
2733 509 2787 564 in
2835 509 3210 575 fundihulum,
3253 520 3309 566 et
3353 511 3478 566 vide

1889 618 1963 658 an
1996 602 2228 672 probum
2255 601 2427 665 sit,ut
2451 603 2715 671 probatus
2736 618 2856 658 sum
2892 618 2921 656 a
2949 602 3074 658 filiis
3105 601 3295 659 lsrael.

1961 695 2126 766 283
2168 694 2306 749 Vlll.
2353 693 2529 761 Quam
2558 695 2724 749 multa
2771 710 3068 766 possumus
3099 711 3130 750 e
3173 697 3476 767 Scriptnris

1890 787 2065 841 sacris
2123 785 2357 850 alierre,
2424 785 2492 840 de
2557 785 2626 841 iis
2681 801 2806 856 qua:
2854 786 2908 840 in
2968 787 3194 842 Christo
3245 785 3476 841 Domino

1891 877 2134 948 perfecta
2191 886 2349 943 sunt,
2395 893 2505 932 non
2551 892 2616 932 ea
2673 878 2895 947 quidem
2957 878 3028 933 ab
3075 878 3214 933 Jutla
3255 895 3322 934 ex
3366 880 3475 936 ulla

1890 971 2276 1028 commodandi
2320 973 2603 1028 voluntate
2647 972 2919 1042 profecta,
2963 973 3057 1026 sed
3104 989 3170 1026 ex
3216 989 3282 1028 eo
3311 975 3476 1028 nimi-

1890 1073 2015 1113 rum
2044 1059 2190 1129 quod
2233 1057 2488 1114 Salvator
2522 1069 2710 1115 noster
2732 1075 2797 1116 ac
2829 1057 3092 1116 Dominus
3121 1061 3284 1118 Jesus
3320 1063 3480 1118 Chri-

1891 1159 2012 1207 stus
2043 1150 2188 1208 Deus
2228 1167 2327 1222 pro
2371 1153 2532 1208 nobis
2568 1168 2691 1208 sese
2725 1169 2834 1208 non
2877 1155 3205 1210 necessitate
3235 1157 3482 1229 compqu

1891 1259 2010 1306 sus,
2040 1243 2136 1300 sed
2166 1254 2360 1313 sponte
2386 1260 2486 1300 sua
2530 1245 2778 1311 tradidit,
2810 1253 2864 1300 et
2904 1245 3354 1302 administrandae
3393 1263 3483 1302 sa-

1893 1336 2025 1392 lutis
2067 1345 2270 1392 nostrae
2323 1353 2492 1394 causa
2542 1353 2767 1394 crucem
2814 1339 3003 1394 subiit.
3051 1338 3165 1409 Ego
3202 1356 3331 1394 vero
3373 1356 3482 1394 non

1893 1428 2093 1499 ignoro
2123 1445 2288 1500 quam
2325 1431 2598 1485 infinitum
2623 1431 2697 1486 sit
2728 1430 3045 1486 testimonia
3075 1431 3262 1486 omnia
3296 1447 3483 1502 perse-

1895 1523 2010 1590 qui.
2037 1519 2198 1577 Velut
2227 1522 2374 1599 quod
2399 1523 2468 1578 ab
2487 1523 2594 1578 alio
2624 1524 2884 1594 prOpheta
2897 1525 3164 1594 scriptum
3200 1531 3318 1579 est:
3355 1522 3480 1577 Fiat

195 1611 442 1681 πρηνὴς
481 1614 807 1683 γενόμενος
851 1613 1121 1684 ἐλόχησε
1159 1615 1370 1686 μέσος,
1403 1616 1500 1670 καὶ
1530 1616 1790 1684 ἐξεχύθη

1898 1611 2149 1665 habitatio
2190 1613 2307 1682 ejus
2337 1613 2577 1676 deserta,
2607 1624 2656 1667 et
2686 1615 3046 1681 episcopatum
3097 1619 3212 1684 ejus
3254 1616 3482 1684 accipiat

197 1702 401 1757 πάντα
425 1703 497 1758 τὰ
529 1704 752 1774 ἔγκατα
781 1707 802 1736 ⁸
831 1707 1040 1761 αὑτοῦ.
1090 1709 1201 1762 Καὶ
1240 1709 1303 1761 τὺ
1349 1707 1545 1780 πέρας,
1590 1707 1795 1778 ἀγχόνῃ

170 1795 570 1868 ,χρησάμενος,
604 1795 772 1864 ἔδειξε
807 1796 865 1850 τὸ
907 1799 1015 1851 πᾶν
1069 1798 1161 1868 τῆς
1199 1798 1362 1854 αὑτοῦ
1401 1799 1674 1872 σωτηρίας
1707 1799 1788 1853 δι-

205 1886 417 1951 ολέσας,
438 1886 516 1958 τῷ
534 1887 812 1942 διαπεσεῖν
834 1890 932 1960 τῆς
948 1891 1179 1956 ἐλπίδος,
1202 1892 1344 1947 κατὰ
1357 1892 1455 1964 τὴν
1477 1893 1546 1946 αὐ
1557 1892 1645 1947 τοῦ
1668 1893 1796 1947 ἄτα-

199 1995 334 2034 κτον
362 1981 458 2034 καὶ
480 1980 730 2053 προπετῆ
765 1981 910 2036 κατὰ
945 1982 1041 2036 τοῦ
1073 1985 1347 2038 Δεσπότου
1373 1984 1540 2039 αὐτοῦ
1573 1984 1793 2039 ἐπιδουο

198 2070 323 2142 λὴν,
346 2073 441 2144 καὶ
468 2071 654 2126 ἕνεκεν
683 2073 1048 2145 φιλαργυρίας
1084 2075 1172 2128 ἐπ’
1203 2075 1577 2150 ἀρνησιθεϊαν·
1603 2077 1679 2141 ὡς
1697 2075 1792 2130 καὶ

195 2163 253 2217 οἱ
287 2163 576 2217 ἀπόστολοι
600 2167 717 2221 ἀντ’
752 2165 918 2220 αὑτοῦ
939 2168 1022 2229 είς
1048 2167 1140 2221 τὸν
1167 2168 1347 2223 αὐτῶν
1373 2169 1608 2240 ἀριθμὸν
1635 2171 1792 2224 Ματ-

201 2254 328 2309 θίαν
350 2257 714 2329 κατέστησαν,
738 2259 1010 2328 λέγοντεςο
1048 2261 1164 2331 Ἀφ’
1187 2258 1260 2319 οὗ
1284 2263 1511 2332 παρέϐη
1549 2262 1793 2330 Ἰούδας,

199 2346 494 2402 ἀπελθεῖν
519 2351 608 2416 είς
633 2348 742 2404 τὸν
767 2351 954 2406 τόπον
981 2352 1090 2406 τὸν
1107 2352 1281 2410 ἴδιον.
1312 2356 1471 2410 Ποῖον
1493 2355 1558 2428 δὴ
1581 2356 1794 2418 τοῦτον,

199 2437 323 2492 ἀλλ’
353 2439 386 2510 ἤ
416 2439 476 2494 ὃν
499 2441 822 2514 ἀπεφήνατο
852 2443 1002 2515 αύτῷ
1027 2443 1056 2495 ὁ
1079 2445 1290 2518 Σωτὴρ,
1319 2446 1513 2516 λέγων,
1537 2448 1618 2516 δτι
1646 2447 1796 2502 ἐστιν

202 2531 319 2596 υίὸς
343 2533 624 2599 ἀπωλείας
651 2552 666 2601 ;
691 2533 861 2589 Ἔνθα
907 2535 1065 2606 ἔσχεν
1088 2538 1210 2591 ἀντὶ
1228 2538 1447 2609 μερίδος
1465 2539 1681 2610 μερίδα,
1703 2537 1798 2594 καὶ

200 2623 330 2679 ἀντὶ
353 2626 661 2697 ἐπισκοπῆς
682 2627 1045 2700 ἁποστολικῆς
1065 2629 1157 2683 τὸν
1180 2630 1345 2684 τόπον
1367 2631 1468 2702 τῆς
1495 2631 1795 2696 ἀπωλείας.

1895 1703 2031 1758 alter
2048 1705 2089 1759 ⁸.
2144 1705 2251 1771 Qui
2287 1721 2573 1773 suspensus
2613 1707 2810 1774 crepuit
2857 1708 3098 1771 medius;
3129 1706 3328 1776 diffusa
3360 1716 3484 1760 sum

1897 1795 2078 1847 omnia
2128 1795 2327 1848 viscera
2373 1794 2553 1863 ejus".
2602 1795 2678 1848 Ac
2739 1801 3019 1865 postremo
3066 1795 3262 1865 laqueo
3302 1796 3484 1866 gulam

1899 1885 2178 1958 frangens,
2211 1886 2342 1958 quid
2367 1888 2572 1959 egisset
2599 1886 2864 1953 ostendit,
2891 1903 3018 1942 cum
3046 1887 3195 1942 omni
3221 1904 3280 1943 se
3311 1887 3489 1942 salute

1899 1979 2213 2048 spoliasset,
2232 1994 2296 2035 eo
2323 1979 2445 2050 ipso
2467 1979 2613 2050 quod
2646 1980 2716 2035 ob
2746 1979 2985 2035 subitam
3017 1980 3165 2034 illam
3195 1994 3261 2034 ac
3286 1986 3489 2034 temere

1901 2081 2216 2143 susceptam
2241 2081 2438 2127 contra
2471 2071 2763 2127 Dominum
2797 2074 3079 2142 perfidiam
3109 2074 3179 2128 ab
3211 2071 3489 2127 aeternita-

1899 2161 1972 2217 tis
2004 2179 2102 2234 spe
2141 2165 2196 2219 in
2228 2165 2401 2219 divini
2441 2163 2697 2219 Numinis
2726 2164 3142 2234 almegationem
3181 2163 3484 2217 incidisset.

1899 2254 2058 2312 Unde
2095 2267 2151 2312 et
2186 2257 2419 2328 apostoli
2451 2257 2574 2327 ejus
2604 2257 2729 2312 loco
2776 2255 3061 2310 Matthiam
3100 2257 3154 2310 in
3194 2271 3485 2310 numerum

1899 2365 2065 2411 suum
2109 2349 2436 2420 allegerunt,
2472 2347 2761 2402 dicentes:
2801 2344 2887 2401 Es
2915 2362 3017 2416 quo
3058 2343 3232 2398 ludas
3277 2359 3488 2413 praeva-

1899 2452 2100 2505 ricatus
2132 2456 2232 2513 est,
2278 2455 2336 2500 ut
2379 2445 2547 2500 abiret
2587 2447 2641 2500 in
2681 2447 2855 2500 locum
2891 2446 3117 2499 suum“.
3162 2445 3492 2512 Quemnam,

1908 2544 2182 2608 obsecro;
2235 2539 2345 2594 nisi
2392 2554 2554 2608 quem
2613 2537 2869 2593 Salvator
2913 2538 3092 2593 eidem
3147 2538 3490 2601 ostenderat,

1861 2690 1863 2693 .
1907 2648 2034 2688 cum
2059 2647 2185 2688 eum
2216 2631 2544 2702 perditionis
2575 2630 2745 2684 lilium
2796 2630 3180 2700 appellavit“?
3218 2628 3315 2683 llic
3345 2630 3491 2684 enim

200 2718 286 2774 illi
345 2719 670 2790 perditionis
713 2721 1014 2777 attributus
1050 2730 1136 2778 est
1181 2723 1374 2780 locus:
1439 2723 1496 2780 in
1529 2740 1640 2795 quo
1675 2724 1849 2798 partis
1882 2726 2004 2782 loco
2057 2735 2268 2797 partem
2297 2724 2548 2791 alteram,
2591 2723 2696 2778 hoc
2742 2732 2830 2779 est
2871 2723 3017 2777 illim
3052 2737 3151 2792 pro
3192 2722 3496 2792 apostolico

197 2812 528 2884 episcopatu
557 2813 707 2869 exitii
741 2814 928 2870 sedem
957 2815 1188 2885 adeptus
1217 2825 1320 2873 est.

279 2906 420 2978 Περὶ
447 2906 638 2961 τούτου
668 2909 725 2962 δὲ
755 2909 957 2974 ἱκανῶς
985 2910 1129 2982 ἔχειν
1156 2911 1228 2965 τὰ
1251 2913 1520 2985 είρημένα
1549 2914 1796 2986 νομίσαν-

1976 2913 2054 2970 De
2101 2929 2212 2984 quo
2247 2929 2379 2970 cum
2427 2916 2565 2969 satis
2605 2926 2904 2983 superque,
2951 2922 3218 2981 quantum
3273 2911 3497 2981 opinor,

199 3019 323 3066 τες,
355 3001 597 3072 καθεξῆς
638 3002 802 3058 πάλιν
841 3006 926 3074 ἐφ’
956 3005 1151 3078 ἑτέραν
1192 3007 1384 3077 ίωμεν,
1425 2993 1477 3062 ὧ
1501 3011 1798 3080 ἀγαπητοὶ,

199 3091 278 3146 τὰ.
309 3091 499 3146 σκολιὰ
521 3092 686 3147 πάλιν
733 3093 828 3148 καὶ
854 3094 1094 3168 θηριώδη
1116 3096 1426 3168 διδάγματα
1449 3099 1470 3130 ³
1500 3101 1594 3153 καὶ
1623 3099 1802 3154 ίοϐόλα

203 3182 693 3249 ἀποκαλύπτοντες
729 3185 841 3240 τῶν
883 3187 1037 3259 παρὰ
1069 3191 1188 3252 ταῖς
1227 3189 1442 3254 λοιπαῖς
1474 3189 1534 3256 ἐξ
1567 3190 1804 3245 ἐπιπλά-

204 3295 342 3331 στου
393 3276 712 3348 διαῶλικῆς
756 3279 1002 3343 ἐπινοίας
1049 3279 1128 3352 τῷ
1177 3281 1378 3352 κόσμῳ,
1413 3282 1594 3354 λύμης
1641 3283 1806 3337 ἕνεκα

206 3367 764 3441 ἐμϐεϐροντημένων.
818 3369 942 3424 Τῶν
988 3369 1098 3444 γὰρ
1141 3373 1400 3427 τοιούτων
1445 3373 1543 3445 τὴν
1576 3373 1806 3444 γνώμην

206 3462 327 3514 τῶν
356 3461 448 3515 τοῦ
476 3463 717 3534 χείρονος
743 3463 1111 3535 ὀρεγομένων,
1143 3467 1379 3537 ὲῳκυῖαν
1415 3466 1494 3538 τῷ
1529 3468 1676 3536 γένει
1710 3467 1828 3520 τοῦ·

209 3553 565 3624 βουπρήστου
596 3555 870 3627 κανθάρου
893 3555 1028 3628 (50),
1047 3557 1516 3628 ἀποκαλύψαντες,
1553 3555 1718 3614 οὖσάν
1748 3577 1807 3612 τε

207 3645 488 3717 ὲπιόλαόἦ
514 3647 573 3701 ὲν
594 3651 660 3720 τῇ
684 3646 780 3702 τοῦ
807 3648 942 3702 Θεοῦ
967 3649 1196 3721 δυνάμει
1225 3651 1685 3715 καταθλάσαντες,
1709 3651 1808 3720 τὴν

207 3740 328 3794 τῶν
351 3740 529 3795 ἄλλων
554 3741 784 3814 ἔρευναν
812 3743 904 3796 τὸν
934 3741 1061 3797 νοῦν
1098 3744 1508 3815 ὲπιδαλόμενοι,
1548 3743 1640 3796 τὸν
1676 3743 1809 3796 θεὸν

207 3832 437 3905 ἀρωγὸν
463 3833 942 3907 ιπικαλεσώμεθα,
975 3829 1021 3891 ὦ
1042 3835 1283 3905 Χριστοῦ
1317 3835 1524 3900 παῖδες.

711 4128 906 4184 ΚΑΤΑ
939 4128 1322 4197 ΣηθιΑΝοΝ,

343 4243 898 4312 Ἐννεακοιδεκάτη,
920 4244 960 4313 ἠ
979 4243 1079 4299 καὶ
1107 4246 1431 4313 τριακοστὴ
1460 4241 1703 4311 ὲννιίτη.

1905 3005 2174 3062 hactenus
2208 3019 2238 3058 a
2274 3004 2436 3060 nobis
2459 3004 2800 3073 disputatum
2832 3003 2922 3065 sit,
2953 3001 3018 3055 ad
3055 3003 3216 3056 aliain
3240 3001 3495 3058 hazresim

1904 3105 2255 3154 transeamus
2297 3112 2312 3150 :
2371 3111 2434 3151 ac
2486 3103 2782 3160 tortuosa,
2843 3102 3223 3163 venenataqne
3275 3094 3496 3148 illorum

1905 3191 2160 3263 dogmata
2204 3188 2549 3258 delegamus,
2597 3187 2691 3256 qui
2736 3187 2952 3240 czeteris
2986 3187 3040 3239 in
3088 3186 3255 3240 sectis
3299 3186 3500 3241 callido

1905 3281 2172 3338 dzemonis
2215 3281 2482 3335 instinctu
2533 3278 2613 3334 sic
2652 3286 2917 3348 tanquam
2983 3277 3215 3332 fulmine
3259 3278 3498 3349 quodam

1907 3374 2127 3446 perciti,
2171 3383 2225 3428 et
2277 3386 2628 3426 communem
2661 3372 2725 3425 ad
2767 3370 2921 3426 orbis
2963 3377 3168 3442 pestem
3213 3385 3277 3425 ac
3313 3371 3500 3441 perni-

1907 3467 2050 3522 ciem
2106 3465 2273 3519 alllati
2337 3473 2488 3519 sunt.
2553 3461 2920 3533 Posteaquam
2979 3464 3125 3518 enim
3189 3461 3498 3518 istiusmodi

1909 3560 2218 3621 hominum,
2243 3557 2338 3628 qui
2369 3555 2741 3611 deterioribus
2772 3557 3088 3628 quibusque
3134 3556 3501 3620 delectantur,

1909 3653 2264 3724 opinionem,
2303 3651 2689 3719 buprestarum
2747 3649 2934 3718 generi
2979 3647 3216 3702 similem
3272 3647 3504 3718 (scara-

1911 3747 2137 3802 benrnm
2173 3759 2239 3799 ea
2291 3742 2506 3813 species
2552 3741 2675 3811 est)
2729 3738 3127 3810 patefecimus,
3176 3739 3506 3809 penitusque

1912 3836 2253 3893 mortiferam
2301 3835 2486 3889 divina
2535 3848 2638 3903 ope
2682 3831 3150 3893 comminnimus,
3208 3830 3275 3884 ad
3325 3832 3505 3899 inqui-

1913 3929 2114 3986 rendas
2159 3935 2386 3983 caeteras
2428 3925 2701 3988 eamdem,
2740 3942 2774 3979 o
2817 3922 3026 3979 Christi
3075 3923 3205 3989 filii,
3250 3921 3504 3977 Numinis

1914 4037 2072 4093 opem
2104 4036 2168 4076 ac
2192 4017 2508 4092 praesidium
2541 4017 2924 4088 imploremus.

2237 4133 2404 4205 234
2449 4130 2732 4188 CONTRA
2773 4126 3187 4193 SETlilANOS,

2135 4250 2268 4316 Qua:
2309 4259 2386 4303 est
2430 4247 2644 4302 [tmesis
2683 4242 2824 4298 XIX
2869 4245 2979 4299 sive
3021 4239 3292 4300 XXXIX.

289 4364 374 4416 A'.
412 4360 670 4433 Σηθιανοὶ
701 4361 864 4418 πάλιν
898 4361 1111 4433 αἵρεσις
1143 4361 1306 4432 ἑτέρα
1344 4359 1513 4426 ἐστὶν,
1542 4358 1686 4414 οὕτω
1709 4377 1796 4413 κα·

1993 4363 2035 4418 1.
2063 4363 2185 4416 Alia
2215 4371 2300 4418 est
2328 4361 2721 4418 Sethianorum
2744 4358 2995 4425 haeresis,
3017 4373 3141 4431 quat
3165 4371 3274 4412 non
3308 4355 3510 4426 ubique

211 4451 484 4524 λουμένη.
519 4453 595 4506 Οὐ
628 4451 908 4523 πανταχοῦ
942 4451 1001 4504 δὲ
1043 4450 1185 4522 αὕτη
1218 4450 1556 4521 εὑρίσκεται,
1606 4446 1730 4502 οῦτι
1779 4449 1796 4500 i

1921 4454 2215 4526 reperitur,
2245 4453 2326 4508 uti
2351 4466 2454 4508 nec
2469 4452 2831 4513 Caianorum,
2856 4460 3050 4505 contra
3071 4463 3237 4520 quam
3263 4447 3512 4519 proxime

213 4547 333 4619 πρὸ
360 4545 568 4618 ταύτης
604 4547 637 4616 ἡ
675 4544 788 4600 τῶν
821 4544 1081 4600 Καῖανῶν
1108 4543 1401 4616 λεγομένη.
1437 4543 1592 4614 Τάχα
1622 4540 1679 4595 δὲ
1711 4540 1796 4613 ηδτ

1922 4547 2349 4618 disputavimus.
2377 4545 2458 4600 Ac
2484 4544 2674 4601 nescio
2703 4560 2772 4599 an
2793 4558 2902 4599 non
2926 4543 3201 4614 pleraeque
3233 4547 3510 4595 sectarum

211 4641 316 4694 καὶ
344 4640 401 4693 at
429 4638 650 4703 πλείους
680 4638 889 4693 τούτων
917 4636 1355 4710 ὲξερῤιζὼθησαν
1374 4637 1440 4690 ὲκ
1463 4635 1558 4690 τοῦ
1586 4635 1792 4706 κόσμου

1923 4637 2237 4696 istiusmodi
2299 4638 2565 4695 radicitus
2632 4637 2948 4708 exstirpata:
3016 4636 3147 4692 sint.
3228 4630 3510 4702 Quidquid

211 4733 298 4787 Τδ
337 4731 452 4804 γὰρ
487 4732 588 4786 οὐκ
625 4733 691 4786 ὲκ
715 4731 851 4786 Θεοῦ
885 4731 944 4785 ὃν
975 4731 1038 4784 ού
1074 4731 1426 4802 σταθήσεται,
1474 4729 1614 4784 ἀλλὰ
1641 4727 1796 4800 καιρίι

1925 4730 2072 4787 enim
2110 4745 2141 4784 a
2177 4728 2289 4785 Deo
2327 4745 2438 4785 non
2465 4736 2552 4786 est
2578 4768 2594 4794 ,
2646 4728 2958 4784 consistere
3005 4740 3114 4781 non
3155 4732 3370 4796 potest,
3418 4719 3512 4776 sed

214 4828 327 4897 μὲν
366 4824 634 4895 ἀκμάζει,
663 4826 745 4888 είς
776 4824 839 4877 τὸ
871 4823 1137 4887 παντελὲς
1168 4824 1225 4877 δὲ
1254 4821 1494 4894 διαρκῶς
1518 4822 1620 4876 οὐκ
1642 4823 1796 4892 ὲμπα

1929 4822 2034 4877 etsi
2057 4821 2343 4892 aliquanto
2367 4828 2616 4890 tempore
2643 4820 2846 4891 vigeat,
2881 4831 3125 4889 perenne
3154 4813 3517 4870 nihilominus

215 4920 481 4993 ραμένει.
514 4919 671 4990 Τάχα
707 4919 765 4973 δὲ
803 4913 959 4990 οἶμαι
991 4919 1050 4971 ὲν
1080 4920 1148 4988 τῇ
1183 4917 1292 4971 τῶν
1325 4909 1642 4986 Λίγυπτίων
1670 4911 1796 4986 χώρι

1930 4929 2055 4971 esse
2085 4912 2295 4984 nequit.
2320 4910 2480 4978 Quod
2508 4910 2614 4966 nisi
2648 4925 2736 4965 me
2766 4908 2907 4964 fallit
2933 4906 3223 4968 memoria,
3255 4911 3390 4974 puto
3431 4917 3519 4957 me

212 5011 695 5083 συντετυχηκέναι
723 5011 818 5064 καὶ
851 5009 1027 5081 ταύτῃ
1060 5012 1126 5081 τῇ
1161 5008 1392 5081 αἱρέσει.
1421 5006 1496 5061 Οὐ
1524 5005 1636 5078 γὰρ
1659 5005 1791 5076 ἀκρι

1930 5023 2057 5062 cum
2098 5007 2156 5062 in
2197 5005 2437 5078 Egypto
2469 5018 2646 5060 essent
2696 5002 2750 5057 in
2793 5015 2916 5057 eam
2960 4997 3197 5054 haeresin
3229 4993 3518 5059 incidisse,

210 5107 338 5170 δὼς
367 5105 474 5177 τὴν
521 5103 706 5176 χώραν
742 5103 1054 5176 μέμνημαι,
1109 5103 1168 5156 ὲν
1211 5095 1462 5174 ᾖαὺτοῖς
1506 5098 1796 5168 συνέτυχον

1933 5114 2113 5171 neque
2161 5098 2307 5154 enim
2347 5097 2570 5169 penitus
2605 5094 2711 5150 loci
2759 5091 3047 5158 recordor,
3089 5090 3183 5146 ubi
3221 5104 3348 5145 cum
3397 5087 3522 5145 istis

302 5248 318 5280 ⁸
350 5264 445 5316 γρ.
466 5245 576 5300 ἀπὸ
607 5243 756 5316 τῶνε-
786 5245 835 5316 7f
868 5261 958 5316 rp.
990 5241 1292 5316 σπλάγχνα.
1369 5240 1390 5271 ⁸
1422 5237 1540 5316 Yet.
1560 5238 1796 5310 δήγματι

1913 5235 1936 5264 ⁸
1968 5233 2158 5292 Matth.
2193 5251 2364 5298 xxvn,
2397 5232 2516 5290 5-9.
2593 5233 2614 5264 '
2637 5228 3002 5294 Zach.xt,12.
3080 5226 3260 5282 'Psal.
3287 5241 3441 5291 cvm,
3465 5225 3519 5282 8.

223 5317 249 5350 '
275 5309 404 5374 Ath
436 5333 477 5380 I,
506 5316 575 5371 18
665 5312 694 5347 ³
724 5313 853 5371 ibid.
875 5309 974 5370 ’25.
1051 5314 1072 5344 ’
1094 5309 1252 5368 toi...
1287 5326 1419 5369 xvn.
1442 5309 1524 5363 12.

309 5437 423 5504 (50)
473 5430 1007 5501 τοῢβουπρήστου
1040 5428 1365 5553 κον-θιέιου.
1402 5426 1652 5482 Ᾰίιίειηιιε
1680 5426 1716 5478 1.
1746 5442 1820 5490 γι,
1934 5421 2267 5501 fallitinter
2307 5417 2497 5476 herbas
2546 5419 2722 5473 berem
2764 5417 3035 5500 maxime;
3070 5413 3205 5496 unde
3248 5422 3298 5464 et
3338 5422 3525 5462 nomen

326 5510 413 5553 33-
449 5504 663 5553 Plinius
721 5505 755 5553 1.
800 5520 964 5553 xxxx.
1000 5518 1050 5553 (ξ.
1089 5501 1122 5552 ι
1155 5517 1166 5551 :
1255 5499 1481 5553 unrestt’s
1515 5498 1716 5550 animal
1746 5507 1822 5550 est
1934 5495 2168 5553 invenit;
2207 5497 2614 5553 ιιιυοιιαιιιιηιιαε
2646 5500 2788 5546 tacto
2819 5485 2940 5553 felle
2978 5498 3055 5545 ua
3092 5483 3425 5553 inflammat,
3467 5481 3525 5528 ut

215 5529 280 5564 ς.
311 5481 423 5570 ‘55,,
449 5481 1127 5562 l‘liniu'svdivitsxs‘fcat
1155 5481 1176 5551 τ’
1198 5481 1481 5570 ίῧιιρήνοειίε
1514 5498 1716 5570 animal
1737 5481 1822 5570 est
1934 5481 2124 5545 invenit
2151 5508 2168 5553 ;
2207 5497 2614 5561 dam-amnique
2646 5500 2788 5546 ιαςιο
2819 5485 2940 5558 felle
2978 5489 3055 5545 ita
3092 5483 3425 5554 inflammat,
3467 5481 3525 5528 ut

219 5567 422 5636 rarum
465 5579 516 5633 in
567 5574 731 5632 Italia
758 5615 772 5640 ,
807 5574 1140 5630 simillimum
1195 5568 1465 5626 παγαί)αό
1503 5567 1766 5639 longipedi
1803 5585 1821 5625 :
1935 5573 2170 5623 rumpat.
