3932 6064
466 182 563 249 i307

1824 206 1835 217 '
1864 194 1921 250 S.
1957 194 2298 253 EPIPHANII

3630 180 3743 237 668

469 332 803 385 congressus
833 335 979 373 sum.
1007 317 1376 385 Quamobrem
1404 333 1526 390 quae
1552 316 1621 372 ad
1649 330 1748 375 eos
1776 325 2050 388 pertinent

2171 316 2262 369 {al
2288 316 2357 370 τὰ
2377 314 2477 386 μὲν
2500 312 2639 369 κατά
2665 310 2908 377 ἱστορίαν
2936 308 3097 379 φύσει
3123 304 3359 375 αὐτοψία
3380 301 3511 369 περὶ
3530 299 3743 372 ταύτης

468 421 669 477 parum
693 412 870 465 oculis
900 411 1035 480 ipsis
1071 410 1701 483 usurpavimus,partim
1734 424 1801 464 ex
1829 409 2049 465 illorum

2171 408 2416 479 ἱγνὼμεν,
2444 408 2513 462 τά
2545 407 2601 461 δὲ
2635 408 2700 460 ὲκ
2730 400 3202 476 συγγραμμάτων.

473 502 822 557 monimentis
846 504 1210 573 percepimus.

545 595 715 666 Igitur
740 595 983 649 Sethiani
1026 611 1057 649 a
1095 594 1263 651 Setho
1286 595 1479 649 Adami
1515 594 1626 649 lilio
1653 607 1826 664 genus
1850 609 1910 648 se
1937 602 2053 647 tra-

477 689 623 742 xisse
656 690 981 758 gloriantur.
1014 687 1186 754 Quem
1227 690 1450 759 quidem
1485 702 1818 759 magnopere
1852 687 2052 757 praedi-

475 788 634 844 cant;
669 781 831 847 eique
859 794 981 848 quae
1011 782 1078 834 ad
1103 780 1363 834 virtutem
1389 795 1454 833 ac
1475 780 1745 848 justitiam
1780 779 2052 849 pertinent

473 869 679 933 omnia,
717 884 1019 938 earumque
1063 871 1240 940 signa,
1285 884 1349 922 ac
1396 876 1593 924 caetera
1628 870 1847 939 generis
1890 869 2054 939 hujus

475 954 801 1011 tittribuunt.
856 953 1235 1026 Eumdcmque
1285 957 1566 1012 Christum
1625 958 1943 1024 nominant,
2000 967 2055 1015 et

477 1038 773 1111 ipsummet
808 1042 996 1098 Jesnm
1034 1043 1205 1101 fuisse
1241 1044 1585 1101 confirmant.
1609 1045 1787 1115 Atque
1818 1045 1967 1100 hunc
2002 1046 2055 1100 in

480 1134 700 1188 modum
746 1148 907 1190 suum
966 1136 1101 1191 illud
1150 1138 1346 1207 dogma
1387 1138 1691 1193 declarant.
1724 1138 1807 1193 Ab
1848 1137 2058 1209 angelis

461 1226 646 1291 enim,
698 1242 808 1281 non
844 1243 876 1281 a
924 1231 1211 1298 superiore
1251 1230 1322 1294 vi,
1380 1230 1650 1300 producta
1698 1245 1822 1286 esse
1862 1230 2058 1284 dicunt

478 1333 682 1373 omnia.

551 1411 616 1467 ll.
660 1410 792 1465 Nam
825 1425 949 1466 cum
977 1412 1261 1482 superiore
1286 1410 1618 1467 Caianorum
1643 1411 1837 1468 haeresi
1858 1412 1963 1467 hac
1990 1426 2057 1468 ex

482 1512 633 1571 parte
667 1505 1045 1570 consentiunt,
1087 1504 1235 1574 quod
1279 1513 1571 1568 asserunt,
1607 1504 1749 1559 duos
1785 1505 1854 1560 ab
1901 1505 2059 1560 initio

481 1593 733 1650 homines
783 1595 1100 1657 exstitisse,
1151 1610 1180 1649 a
1233 1594 1436 1664 quibus
1485 1594 1693 1650 Cainus
1746 1603 1803 1651 et
1851 1596 2057 1650 Abelus

2226 581 2385 643 Οὗτοι
2418 588 2529 659 γὰρ
2576 589 2625 641 οἱ
2656 585 2913 657 Σηθιανοὶ
2947 583 3055 639 ἀπὸ
3102 581 3211 654 Σήθ
3265 580 3360 635 τοῦ
3405 578 3526 633 υίοῦ
3569 578 3744 650 ’Δδάμ

2155 680 2507 752 σεμνύνονται
2545 679 2609 732 τὸ
2642 678 2798 749 γένος
2835 678 3113 744 κατάγειν.
3146 673 3321 728 Αὑτὸν
3343 673 3401 726 δὲ
3431 671 3739 738 δοξάζουσι,

2154 774 2250 827 καὶ
2291 774 2372 837 είς
2415 772 2579 826 αὐτὸν
2622 770 2801 824 πάντα
2840 770 3053 840 ὅσαπερ
3074 766 3277 838 ἀρετῆς
3324 756 3502 819 εἶναιι
3537 764 3739 833 ἀναφέ-

2163 882 2338 938 ρουσι,
2369 864 2438 919 τά
2472 880 2532 916 τε
2567 862 2670 933 τῆς
2706 859 2907 933 ἀρετῆς
2942 859 3222 929 τεκμήρια
3248 857 3343 910 καὶ
3367 855 3739 925 δικαιοσύνης,

2155 957 2250 1011 καὶ
2275 958 2376 1010 ὅσα
2403 954 2628 1009 τοιαῦτα
2669 954 2922 1023 ὑπάρχει.
2964 951 3040 1005 Οὐ
3083 949 3189 1021 μὴν
3219 948 3277 1002 δὲ
3313 946 3451 1002 ἀλλά
3483 948 3578 1002 καὶ
3606 948 3742 1020 Χρι-

2159 1050 2281 1105 στὸν
2315 1049 2477 1102 αὐτὸν
2515 1046 2864 1118 ὀνομάζουσι,
2901 1044 2994 1097 καὶ
3022 1043 3185 1096 αὐτὸν
3225 1037 3365 1095 εἶναι
3395 1041 3490 1095 τὸν
3534 1042 3744 1112 Ἰησοῦν

2155 1140 2612 1195 διαϐεϐαιοῦνται.
2643 1138 2963 1192 Διδάσκουσι
2985 1136 3043 1189 δὲ
3070 1134 3251 1189 αὐτῶν
3274 1133 3372 1206 τὴν
3392 1133 3744 1189 διδασκαλίαν

2157 1234 2318 1288 οὕτω·
2362 1232 2506 1296 Ὅτι,
2553 1233 2706 1303 φησὶ,
2748 1229 2810 1296 ἐξ
2847 1229 3097 1299 ἀγγέλων
3125 1227 3419 1299 γεγένηται
3448 1225 3519 1281 τὰ
3542 1227 3738 1291 πάντα,

2159 1326 2252 1379 καὶ
2277 1325 2376 1377 οὐκ
2409 1325 2473 1377 ἐκ
2502 1323 2601 1393 τῆς
2631 1322 2745 1376 ἀνω
2776 1319 3078 1389 δυνάμεως.

2230 1416 2305 1470 B'.
2341 1409 2501 1470 Οὗτοι
2528 1415 2638 1485 γὰρ
2670 1411 2883 1483 συνῳδὰ
2929 1410 3147 1479 λέγουσι
3192 1410 3258 1479 τῇ
3301 1405 3496 1479 πρώτῃ
3535 1407 3744 1476 αἱρέσει

2159 1508 2267 1563 τῶν
2309 1506 2563 1562 Καῖανῶν
2615 1504 2757 1559 κατά
2783 1502 2943 1556 τοῦτο
2987 1500 3047 1555 τὸ
3095 1501 3282 1572 μέρος*
3314 1499 3647 1569 γεγενῆσθαι
3687 1501 3744 1566 ἑξ

2163 1601 2417 1672 ὑπαρχῆς
2440 1598 2603 1662 εὐθὺς
2640 1596 2734 1650 δύο
2761 1593 3105 1666 ἀνθρώπους,
3140 1593 3235 1646 καὶ
3261 1594 3328 1646 ἐκ
3349 1590 3458 1645 τῶν
3486 1591 3583 1645 δύο
3609 1587 3746 1645 εἶναι

478 1687 654 1741 exorti
700 1697 849 1741 sunt.
896 1685 971 1741 De
1000 1687 1203 1755 quibus
1251 1688 1394 1740 inter
1419 1702 1480 1741 se
1517 1686 1852 1742 dissidentes
1880 1688 2061 1757 angeli

2171 1694 2254 1747 τὸν
2281 1694 2419 1747 Κάἶν
2451 1693 2547 1747 καὶ
2574 1690 2666 1744 τὸν
2704 1688 2890 1742 Ἅϐελ.
2927 1687 3064 1757 Περὶ
3094 1685 3299 1739 τούτων
3331 1702 3392 1738 τε
3422 1684 3747 1738 στασιάσαν-

483 1787 670 1832 contra
704 1793 764 1833 se
808 1786 1000 1831 mutuo
1035 1783 1300 1831 venerunt
1334 1795 1346 1830 :
1388 1776 1551 1845 idque
1592 1774 1965 1846 perfecerunt,
2001 1784 2061 1829 ut

484 1870 711 1924 Abelunt
758 1869 983 1923 fratrem
1025 1868 1231 1924 Cainus
1280 1868 1577 1923 occideret.
1638 1867 1924 1938 Siquidem
1993 1868 2063 1925 de

482 1962 769 2015 amborum
802 1959 1021 2014 illorum
1055 1959 1339 2013 hominum
1376 1958 1844 2028 generationibus,
1877 1974 1907 2012 a
1940 1960 2064 2029 qui-

483 2053 585 2108 bus
613 2054 820 2107 Cainus
849 2063 903 2107 et
952 2052 1157 2107 Abelus
1199 2051 1451 2121 producti
1502 2059 1651 2116 sunt,
1693 2053 2063 2121 pugnantibus

408 2190 423 2203 ,
480 2145 714 2215 angelis,
756 2144 902 2199 acris
946 2151 1031 2198 est
1073 2152 1263 2198 coorta
1312 2144 1614 2198 contentio.
1669 2142 1776 2199 Sed
1806 2144 1950 2198 enim
1984 2146 2065 2199 vi-

480 2234 655 2286 ctoria
684 2247 854 2301 penes
887 2231 995 2286 vim
1026 2231 1178 2285 illam
1228 2232 1572 2302 superiorem
1605 2231 1707 2287 fuit
1748 2248 1911 2302 quam
1948 2248 2065 2287 ma-

480 2334 617 2377 trem
664 2338 809 2388 esse,
866 2323 1240 2393 feminamque
1287 2323 1576 2380 deﬁniunt.
1618 2324 1832 2395 Quippe
1862 2332 2065 2382 matres

479 2415 551 2468 ab
579 2414 667 2469 his
705 2415 760 2469 in
789 2416 953 2483 cmlo,
984 2422 1040 2471 et
1076 2414 1320 2481 feminae,
1355 2430 1648 2486 maresque
1681 2418 2063 2485 collocantur;

479 2521 546 2560 ac
580 2507 977 2577 pr0pemodum
1004 2508 1171 2562 etiam
1193 2507 1410 2577 generis
1441 2509 1901 2577 necessitudines,
1931 2510 2063 2565 stir-

482 2598 746 2668 piumque
775 2600 979 2669 capita.
1017 2597 1385 2670 Posteaquam
1411 2600 1599 2671 igitur,
1625 2609 1686 2655 ut
1718 2601 2067 2671 aiunt,‘vicit

481 2690 571 2743 illa
621 2698 797 2745 mater
829 2706 892 2746 ac
927 2691 1155 2759 femina,
1184 2701 1240 2748 et
1283 2692 1519 2747 Abelum
1552 2691 1899 2748 interfectum
1941 2709 2066 2750 esse

480 2786 758 2853 cognovit,
792 2800 982 2839 secum
1029 2784 1216 2839 animo
1264 2785 1538 2854 cogitans,
1570 2782 1723 2837 Sethi
1757 2786 2062 2855 generatio-

482 2877 978 2949 nem_procuravit,
1011 2877 1171 2947 eique
1206 2876 1314 2929 vim
1358 2892 1514 2931 suam
1561 2876 1783 2931 indidit.
1827 2877 2067 2933 Proinde

478 2967 643 3041 285
676 2968 758 3023 vis
805 2969 951 3023 illius
991 2969 1298 3039 superioris
1337 2970 1546 3024 semina
1578 2969 1829 3039 quaedam
1874 2984 2067 3040 asper-

2161 1800 2261 1847 τας
2286 1783 2415 1846 τοὺς
2442 1780 2727 1850 ἀγγέλους,
2749 1780 2827 1841 είς
2860 1776 3122 1847 ἀλλήλους
3162 1776 3340 1845 ἥκειψ
3367 1772 3514 1828 οὕτω
3552 1791 3613 1827 τε
3652 1792 3746 1827 πε-

2162 1872 2450 1944 ποιηκέναι
2495 1870 2905 1941 ἀποκτανθῆναι
2941 1869 3034 1922 τὸν
3080 1866 3246 1924 Ἀϐελ
3294 1866 3401 1922 ὑπὸ
3446 1864 3545 1920 τοῦ
3587 1864 3742 1921 Κάἰν.

2162 1963 2270 2021 Ἦν
2299 1965 2407 2036 γὰρ
2434 1966 2466 2036 ἡ
2502 1964 2689 2027 στάσις
2721 1966 2833 2027 τοῖς
2859 1960 3130 2031 ἀγγέλοις,
3167 1957 3592 2029 ἀγωνιζομένοις
3624 1959 3747 2030 περὶ

2162 2058 2271 2113 τῶν
2304 2056 2507 2128 γενεῶν
2538 2056 2647 2110 τῶν
2682 2054 2988 2127 ἀνθρώπων
3014 2052 3220 2108 τούτων
3247 2052 3359 2105 τῶν
3386 2050 3501 2116 δύο,
3536 2050 3631 2105 τοῦ
3654 2066 3747 2119 γε·

2165 2151 2490 2222 γεννηκότος
2512 2150 2605 2203 τὸν
2625 2150 2767 2205 Κάῖν
2790 2148 2885 2203 καὶ
2909 2146 3004 2202 τοῦ
3030 2145 3427 2217 γεγεννηκότος
3445 2144 3539 2198 τὸν
3563 2144 3746 2198 ΙἍϐελ.

2166 2240 2586 2313 Κεκρατηκέναι
2618 2241 2677 2295 δὲ
2704 2240 2804 2311 τὴν
2841 2240 2955 2294 ἀνω
2986 2239 3237 2309 δύναμιν,
3281 2238 3350 2308 ήν
3387 2236 3622 2308 Μητέρα
3645 2237 3748 2304 φά-

2167 2349 2380 2397 σκουσι,
2408 2333 2502 2386 καὶ
2530 2330 2769 2402 θήλειαν.
2811 2328 2970 2384 Δοκεῖ
3005 2328 3115 2399 γὰρ
3148 2329 3333 2392 αὐτοῖς
3358 2323 3505 2382 εῐναι
3529 2328 3625 2381 καὶ
3650 2344 3750 2399 μη-

2164 2425 2331 2497 τέρας
2359 2426 2492 2488 ἀνω,
2523 2424 2617 2477 καὶ
2647 2422 2886 2494 θηλείας,
2927 2423 3020 2476 καὶ
3052 2423 3310 2493 ἄρσεναςο
3340 2419 3525 2489 ὀλίγου
3548 2420 3606 2473 δὲ
3644 2420 3750 2473 δεῖν

2167 2516 2261 2570 καὶ
2306 2516 2628 2585 συγγενείας
2666 2516 2763 2569 καὶ
2804 2515 3174 2588 πατριαρχίας
3217 2514 3416 2583 λέγειν.
3470 2511 3627 2565 Ἐπεὶ
3662 2508 3751 2565 οὖν

2168 2611 2503 2681 κεκράτηκε,
2541 2609 2726 2679 φασὶν,
2760 2610 2794 2680 ἡ
2830 2608 3027 2680 Μήτηρ
3060 2610 3156 2662 καὶ
3194 2606 3385 2679 θήλεια
3416 2606 3747 2676 καλουμένη,

2167 2700 2394 2770 γνοῦσα,
2419 2702 2501 2767 ὅτι
2528 2701 2864 2754 ἀπέκτανται
2892 2698 3077 2765 Ἅϐελ,
3110 2697 3499 2769 ὲνθυμηθείσα,
3526 2697 3749 2767 εποίησε

2167 2790 2494 2863 γεννηθῆναι
2520 2791 2613 2845 τὸν
2652 2789 2786 2862 Σὴθ,
2825 2790 2920 2844 καὶ
2947 2792 3005 2843 ιν
3037 2789 3213 2859 τούτῳ
3249 2788 3411 2859 ἔθηκε
3449 2788 3557 2859 τὴν
3586 2788 3752 2857 αὐτῆς

2175 2881 2424 2952 δύναμιν.
2480 2880 2591 2935 Καὶ
2636 2880 3019 2935 καταλαϐοῦσα
3048 2882 3068 2912 ³
3108 2882 3168 2933 ὲν
3196 2879 3335 2952 αὐτῇ
3382 2877 3612 2949 σπέρμα
3656 2876 3752 2947 τῆς

2170 2969 2377 3025 ἀνωθεν
2422 2969 2729 3041 δυνάμεως,
2788 2970 2885 3024 καὶ
2932 2970 3023 3024 τὸν
3077 2968 3351 3041 σπινθῆρα
3398 2968 3492 3022 τὸν
3549 2968 3751 3023 ἀνωθεν

480 3040 574 3126 sit,
612 3074 676 3114 ac
723 3060 1020 3115 scintillam
1066 3060 1314 3126 immisit,
1346 3075 1468 3129 quae
1516 3060 1584 3113 ad
1648 3060 1882 3131 primam
1921 3061 2063 3115 illam

2173 3062 2492 3134 πεμφθέντα
2512 3040 2593 3127 εἰς
2621 3063 2845 3135 πρώτην
2872 3062 3177 3134 καταϐολὴν
3209 3040 3301 3116 τοῦ
3324 3062 3641 3133 σπέρματος
3664 3061 3753 3115 καὶ

481 3152 709 3208 seminis
764 3152 1215 3223 propagationem
1282 3153 1843 3223 constitutionemque
1916 3154 2069 3223 lapsa

480 3242 549 3297 de
584 3244 727 3298 coelo
758 3245 957 3298 fuerat.
992 3242 1166 3309 Quam
1198 3244 1419 3314 quidem
1451 3244 1684 3314 justitia:
1714 3246 2069 3301 constitutio-

480 3351 604 3390 nem
685 3350 747 3391 ac
795 3338 1023 3391 seminis
1079 3336 1404 3391 electionem
1455 3336 1628 3391 fuisse
1671 3336 1916 3406 iactant,
1959 3352 2071 3407 quo

482 3425 777 3495 utriusque
822 3426 1091 3481 beneflcio
1121 3427 1445 3496 angelorum
1492 3427 1637 3482 vires
1672 3436 2069 3494 averterentur,

480 3513 575 3582 qui
626 3520 680 3567 et
730 3514 993 3567 mundum
1045 3512 1471 3577 fabricaveram,
1522 3521 1577 3569 et
1634 3514 1774 3570 duos
1818 3513 2071 3571 homines

484 3603 642 3656 initio
689 3604 1084 3672 produxerant.
1135 3603 1285 3670 Quas
1328 3605 1401 3659 ob
1446 3619 1647 3662 causas
1689 3606 1844 3661 Sethi
1896 3622 2069 3677 genus

484 3695 781 3764 separatim
837 3696 906 3749 ab
966 3694 1059 3749 illa
1111 3695 1325 3766 origine
1374 3695 1674 3752 deductum
1726 3705 1832 3761 est,
1880 3707 2069 3768 utpote

482 3786 716 3840 electum
754 3795 807 3840 et
861 3786 930 3838 ab
978 3785 1191 3856 reliqua
1230 3786 1405 3857 stirpe
1450 3787 1784 3857 sejunctum.
1833 3786 2066 3860 Progre-

483 3875 761 3931 dientibus
802 3874 1060 3945 deinceps
1108 3876 1472 3946 temporibus,
1505 3884 1560 3932 et
1600 3885 1833 3949 utraque
1880 3880 2069 3936 sobole

482 3970 538 4024 in
579 3984 748 4023 llllllm
788 3966 1044 4033 conflata,
1092 3967 1197 4022 hoc
1237 3976 1322 4023 est
1363 3967 1538 4023 Caino
1575 3978 1629 4025 et
1656 3970 1827 4026 Abelo
1868 3986 2068 4029 conveo

484 4061 767 4117 nientibus
817 4061 1164 4130 invicemque
1218 4061 1537 4130 permistis,
1586 4063 1834 4116 omnium
1893 4071 2069 4119 mater

484 4169 549 4208 ea
580 4168 640 4207 re
673 4151 1057 4206 animadversa
1103 4150 1318 4222 generis
1350 4150 1577 4205 humani
1610 4152 1822 4206 semina
1855 4153 2066 4225 integra

476 4261 547 4300 ac
578 4246 797 4302 sincera
843 4251 1247 4315 repraesentare
1284 4244 1595 4309 constituit,
1631 4258 1780 4311 cum,
1810 4246 1887 4298 uti
1922 4246 2065 4301 dixi-

474 4350 628 4397 mus,
661 4333 797 4388 Abel
823 4343 972 4389 esset
1006 4336 1249 4391 occisus.
1294 4334 1351 4388 In
1394 4333 1624 4390 Sethum
1672 4334 1806 4389 illud
1840 4335 2063 4406 delegit,

467 4432 534 4477 .ct
559 4423 627 4478 ab
651 4422 802 4477 omni
834 4423 954 4479 labe
988 4440 1191 4494 purum
1220 4426 1482 4482 ostendit.
1511 4424 1572 4481 In
1604 4442 1844 4499 eumque
1883 4403 2063 4485 solum
2096 4403 2143 4458 D

470 4514 726 4571 caelestis
772 4514 924 4570 illius
970 4516 1054 4571 vis
1088 4533 1203 4573 suae
1254 4533 1323 4573 ac
1368 4518 1705 4577 sinceritatis
1734 4534 1909 4592 genus
1962 4521 2065 4577 im-

475 4606 651 4665 misit.

551 4698 640 4753 lll.
678 4699 923 4756 Rursum
959 4714 1092 4755 vero
1124 4714 1252 4753 cum
1290 4702 1662 4771 promiscuam
1698 4706 2069 4775 perturbatio-

479 4804 626 4856 nem,
660 4800 713 4847 et
739 4794 1060 4864 angelorum
1106 4792 1503 4864 hominumque
1533 4798 1863 4854 temerarios
1896 4799 2069 4871 impe-

482 4893 569 4938 tus
601 4892 876 4949 cerneret,
911 4885 1060 4955 quod
1083 4886 1373 4942 comnnista
1402 4888 1567 4943 simul
1601 4903 1803 4963 genere
1837 4890 1927 4944 illa
1952 4892 2066 4946 duo

483 4976 735 5045 fuissent,
772 4993 880 5050 qua
924 4994 993 5035 ex
1027 4979 1354 5036 confusione
1398 4996 1541 5036 nova
1580 4981 1834 5051 quaedam
1881 4996 2061 5041 essent

472 5086 680 5140 genera
697 5072 1018 5137 constituta,
1053 5072 1245 5129 eadem
1273 5072 1370 5127 illa
1402 5088 1602 5143 parens
1623 5073 1822 5130 femina
1841 5092 2065 5149 progre-

485 5164 640 5219 Jiens
670 5179 934 5233 aquarum
966 5165 1221 5221 eluvione
1253 5167 1589 5221 centrariam
1618 5182 1839 5223 omnem
1870 5168 2067 5225 factio-

476 5270 611 5315 atem
636 5254 882 5311 funditus
898 5258 1181 5324 exstinxit,
1210 5267 1270 5313 ut
1299 5259 1616 5330 incorrupta
1646 5276 1710 5316 ac
1730 5262 1878 5332 justa
1909 5262 2063 5319 Sethi

475 5344 659 5413 stirps
678 5345 745 5399 ad
778 5346 1001 5400 caeleste
1031 5360 1204 5417 genus
1260 5350 1920 5421 scintillamquejustitia:
1940 5369 2065 5408 con-

485 5426 719 5492 ilandam
744 5436 797 5490 in
822 5437 985 5492 terris
1014 5439 1131 5493 sola
1160 5439 1507 5497 retineretur.
1535 5441 1736 5501 Verum
1767 5443 1906 5499 clam
1947 5444 2062 5516 ipsa

551 5596 573 5632 ι
599 5592 759 5650 νέρθε
799 5592 956 5663 εοκςῖ,
988 5593 1070 5649 vel
1095 5594 1340 5668 ὲστίἸιιε.
1366 5656 1369 5661 ,
1416 5596 1436 5628 ’
1467 5596 1527 5651 F.
1558 5598 1957 5657 καταϐαλοῦσα.

2174 3155 2506 3219 συστάσεως.
2546 3156 2656 3209 Kal
2700 3150 2842 3210 εἶναι
2881 3154 3086 3225 ταύτην
3122 3154 3383 3209 σύστασιν
3413 3154 3516 3224 τῆς
3552 3154 3753 3209 δικαιο-

2174 3249 2360 3319 σύνης,
2402 3248 2499 3302 καὶ
2524 3247 2754 3320 ἐκλογὴν
2779 3249 3097 3321 σπέρματος
3126 3248 3222 3301 καὶ
3245 3247 3456 3317 γένουςο
3497 3248 3648 3311 ὅπως
3670 3247 3754 3301 διὰ

2171 3341 2269 3411 τῆς
2295 3340 2502 3411 ταύτης
2538 3341 2871 3405 συστάσεως,
2920 3340 3017 3393 καὶ
3058 3340 3250 3393 τούτου
3297 3338 3391 3393 τοῦ
3437 3339 3753 3411 σπέρματος

2170 3431 2571 3505 καθαιρεθῶσιν
2599 3434 2655 3487 αἱ
2680 3433 2938 3505 δυνάμεις
2969 3433 3078 3487 τῶν
3118 3432 3366 3502 ἀγγέλων
3393 3432 3506 3486 τῶν
3547 3434 3639 3487 τδν
3664 3434 3752 3488 κό-

2173 3541 2310 3595 σμον
2346 3524 2720 3595 πεποιηκότων
2764 3525 2859 3578 καὶ
2890 3526 3015 3588 τοὺς
3050 3524 3145 3577 δύο
3209 3526 3303 3578 ἀπ’
3336 3524 3514 3595 ἀρχῆς
3549 3524 3749 3596 ἀνθρὼ-

2173 3635 2329 3681 πους.
2349 3617 2448 3671 Διά
2466 3617 2671 3688 ταύτην
2694 3612 2788 3672 οὖν
2814 3618 2913 3689 τὴν
2938 3618 3119 3691 αἰτίαν
3142 3618 3236 3671 καὶ
3261 3618 3323 3671 τὸ
3345 3618 3505 3686 γένος
3526 3617 3623 3671 τοῦ
3652 3618 3750 3689 Σὴθ

2170 3708 2464 3780 ἀφορισθέν
2494 3708 2740 3762 ἐντεῦθεν
2764 3709 3083 3776 κατάγεται,
3114 3708 3343 3780 ἐκλογῆς
3365 3706 3427 3761 ὃν
3461 3709 3556 3763 καὶ
3579 3709 3753 3763 διακε-

2173 3801 2436 3872 κριμένον
2479 3799 2572 3853 τοῦ
2620 3799 2782 3854 ἄλλον
2832 3800 3045 3871 γένους.
3099 3800 3516 3869 Προϐαινόντων
3554 3801 3613 3855 δὲ
3649 3801 3751 3854 τῶν

2172 3890 2405 3961 καιρῶν,
2435 3891 2586 3961 φασὶ,
2616 3893 2709 3946 καὶ
2735 3892 2872 3964 ὁμοῦ
2897 3892 3069 3946 ὄντων
3096 3892 3204 3945 τῶν
3229 3891 3324 3946 δύο
3350 3892 3551 3961 γενῶν,
3578 3894 3673 3948 τοῦ
3698 3911 3753 3949 τε

2172 3977 2311 4030 Κάῖν
2338 3978 2432 4031 καὶ
2460 3978 2552 4033 τοῦ
2584 3979 2750 4033 Ἀϐελ
2785 3982 2866 4045 είς
2898 3980 2959 4034 τὸ
2984 3980 3116 4033 αὐτὸ
3145 3979 3530 4047 συνελθόντων,
3554 3982 3644 4036 διά
3665 4000 3753 4037 κα-

2172 4069 2298 4124 κίαν
2346 4070 2567 4143 πολλὴν,
2624 4072 2719 4127 καὶ
2761 4071 2896 4144 ὁμοῦ
2949 4073 3269 4145 μιχθέντων,
3317 4073 3678 4146 ἀποϐλέψασα
3720 4078 3751 4145 ἡ

2174 4162 2393 4216 πάντων
2408 4164 2629 4235 Μήτηρ,
2667 4164 2907 4238 καθαρὸν
2943 4166 3005 4220 τὸ
3051 4166 3273 4239 σπέρμα
3310 4167 3419 4222 τῶν
3456 4168 3754 4241 ἀνθρώπων

2172 4252 2449 4325 ἠϐουλήθη
2496 4256 2938 4327 ἀπεργάσασθαι,
2987 4258 3064 4323 ὼς
3110 4262 3392 4332 προεῖπον,
3440 4259 3531 4313 διά
3568 4261 3631 4314 τὸ
3671 4261 3753 4313 τὸν

2174 4346 2340 4400 Ἀϐελ
2372 4348 2732 4403 ἀπεκτάνθαι.
2755 4350 2865 4405 Καὶ
2888 4351 3077 4406 τοῦτον
3097 4353 3187 4406 τὸν
3208 4353 3315 4425 Σήθ
3342 4352 3646 4420 ἐξελέξατο,
3668 4354 3753 4409 καὶ

2173 4439 2416 4513 καθαρὸν
2444 4439 2630 4508 έδειξε.
2662 4442 2774 4497 Καὶ
2799 4446 2857 4498 έν
2881 4444 3054 4513 τούτῳ
3084 4447 3145 4500 τὺ
3172 4448 3326 4515 γένος
3358 4450 3508 4521 μόνῳ
3531 4452 3634 4523 τῆς
3661 4450 3750 4504 αὑ-

2171 4532 2270 4604 τῆς
2304 4532 2587 4603 δυνάμεως
2623 4535 2719 4589 καὶ
2755 4536 3128 4610 καθαρότητος
3160 4540 3438 4596 κατέθετο.

2243 4705 2316 4761 I".
2358 4704 2564 4761 Ἰδοῦσα
2584 4707 2643 4761 δὲ
2671 4710 2834 4765 πάλιν
2855 4711 3057 4777 πολλὴν
3083 4712 3384 4783 ἐπιμιξίαν,
3406 4715 3505 4768 καὶ
3526 4716 3747 4770 ἄτακτον

2168 4798 2347 4871 ὁρμὴν
2378 4797 2488 4853 τῶν
2521 4801 2768 4869 ἀγγέλων
2813 4804 2908 4857 καὶ
2950 4804 3061 4857 τῶν
3101 4804 3429 4876 ἀνθρώπων,
3474 4808 3561 4871 είς
3612 4805 3746 4878 μίξιν

2172 4889 2281 4943 τῶν
2308 4889 2403 4943 δύο
2425 4892 2601 4959 γενῶν
2632 4893 2916 4959 ἐλθόντων,
2959 4895 3054 4948 καὶ
3085 4896 3372 4960 συστάσεις
3395 4896 3574 4965 γενῶν
3607 4914 3745 4959 τινας

2169 4982 2270 5055 τὴν
2300 4983 2483 5037 αὐτῶν
2506 4984 2733 5049 ἀταξίαν
2759 4986 3156 5059 ὲμποιήσασαν,
3184 4988 3515 5058 πορευθεῖσα
3544 4989 3746 5057 τοάλινή

2170 5076 2308 5149 αὑτὴ
2337 5078 2538 5150 Μήτηρ
2561 5096 2621 5132 τε
2658 5080 2752 5134 καὶ
2788 5078 2977 5150 θήλεια
3006 5080 3392 5151 κατακλυσμὸν
3414 5082 3639 5151 ήνεγκε,
3666 5082 3747 5135 καὶ

2168 5167 2419 5223 ἀπώλεσε
2439 5173 2621 5225 πᾶσαν
2651 5172 2839 5226 στάσιν
2863 5170 3151 5243 ἀνθρώπου
3173 5172 3374 5236 παντὸς
3390 5172 3583 5240 γένους
3602 5175 3745 5228 ἐναν-

2170 5262 2286 5316 τίου
2310 5281 2323 5293 ·
2349 5264 2436 5319 ἴνα
2464 5265 2626 5335 δῆθεν
2650 5266 2711 5319 τὸ
2733 5263 2973 5336 καθαρὸν
2993 5265 3149 5334 γένος
3171 5265 3230 5318 τὸ
3250 5265 3357 5318 ἀπὸ
3376 5264 3473 5318 τοῦ
3506 5265 3635 5337 Σὴθ,
3662 5266 3745 5319 καὶ

2168 5354 2397 5421 δίκαιον,
2423 5356 2582 5427 μόνον
2608 5358 2767 5431 μείνῃ
2794 5357 2851 5410 ὲν
2877 5357 3086 5429 κόσμῳ,
3111 5359 3190 5421 είς
3216 5356 3479 5412 σύστασιν
3506 5358 3599 5413 τοῦ
3620 5359 3746 5413 ἀνω-

2171 5446 2263 5506 θεν
2295 5450 2487 5519 γένους
2518 5467 2578 5505 τε
2614 5450 2705 5505 καὶ
2734 5449 3027 5522 σπινθῆρος
3064 5452 3164 5523 τῆς
3191 5450 3561 5525 δικαιοσύνης.
3596 5451 3745 5507 "Ela-
