3932 6064
171 194 280 252 669

785 193 1165 252 ADVERSUS
1204 191 1549 250 HERESES
1586 189 1715 249 ΗΒ.

1859 187 2005 250 [ΟΜ.
2037 191 2126 247 111.
2160 223 2230 233 -
2261 183 2536 247 IIERES.
2570 172 2812 242 XXXIX.

3338 182 3447 240 670

168 317 263 372 θον
309 317 368 372 δὲ
413 316 584 388 αὐτὴν
635 314 796 370 πάλιν
839 316 889 368 el
935 313 1179 383 ἄγγελοι,
1215 313 1310 366 καὶ
1341 309 1628 366 είσέδυσαν
1675 310 1757 364 τὸν

1870 318 2068 366 rursus
2101 307 2277 380 angeli
2300 307 2566 362 Chamum
2597 319 2629 360 e
2659 315 2860 374 genere
2888 299 3000 362 {suo
3032 305 3356 370 prognatum
3391 301 3446 354 in

169 409 304 480 Χαμ
354 409 436 471 είς
483 407 580 478 τὴν
622 404 874 469 κιϐωτὸν,
903 405 1037 460 ὅντα
1065 404 1160 458 τοῦ
1193 402 1375 459 αὐτῶν
1424 402 1756 474 σπέρματος.

180 503 360 567 Ὀκτῲ
383 500 493 572 γὰρ
521 498 710 570 ψυχῶν
743 497 1019 552 σωθεισῶν
1061 499 1122 551 ὲν
1166 497 1233 568 τῇ
1263 496 1384 550 τότε
1412 495 1642 568 λάρνακι
1666 494 1760 548 τοῦ

167 594 320 657 Νῶε,
349 592 491 646 ἑπτὰ
531 592 634 662 μὲν
671 587 812 645 εἶναι
844 589 940 645 τοῦ
972 588 1216 662 καθαροῦ
1249 588 1441 658 γένους
1473 587 1606 658 φασί
1627 606 1641 620 ο
1669 587 1761 642 τὸν

163 688 226 740 δὲ
252 687 352 740 ἕνα
372 683 512 740 εἶναι
531 685 621 739 τὸν
641 684 774 755 Χὰμ
791 685 890 756 τῆς
917 683 1084 754 ἄλλης
1108 682 1393 754 δυνάμεως
1422 682 1757 754 ὑπάρχοντα,

164 775 228 828 ὃν
257 775 498 829 είσδῦναι
529 773 762 828 λαθόντα
803 773 905 845 τὴν
951 775 1063 828 ἀνω
1093 773 1342 845 Μητέρα.
1361 771 1497 825 Ὑπὸ
1522 771 1631 824 τῶν
1658 773 1759 840 ἁγ-

165 869 346 937 γέλων
379 868 436 921 δὲ
464 867 525 921 τὸ
543 866 754 922 τοιοῦτο
774 865 1163 931 συσκευασθὲν,
1193 865 1366 931 οὕτως
1394 863 1773 935 άποτελεσθῆ-’

166 978 277 1014 ναι.
300 959 516 1032 Ἐπειδὴ
532 959 1083 1032 γὰρ,φασὶ,έγνωσαν
1108 961 1157 1013 οί
1183 958 1427 1028 ἄγγελοι,
1453 959 1535 1012 ὅτι
1567 957 1756 1029 μέλλει

169 1053 284 1107 πᾶν
315 1052 378 1106 τὺ
409 1051 634 1123 σπέρμα
665 1051 844 1104 αὐτῶν
871 1049 1271 1120 ἁπαλείφεσθαι
1300 1051 1358 1103 ὲν
1379 1047 1458 1120 τῷ
1489 1047 1758 1103 κατακλυ-

173 1144 321 1216 σμῷ,
350 1145 666 1216 πανουργίᾳ
688 1144 796 1196 τινὶ
837 1143 930 1198 τὸν
956 1142 1355 1215 προειρημένον
1381 1142 1510 1213 Χὰμ
1538 1143 1618 1206 είς
1643 1143 1759 1196 δια-

166 1237 404 1307 τήρησιν
435 1233 530 1288 τοῦ
559 1235 651 1289 ὑπ’
680 1233 859 1288 αὐτῶν
881 1234 1192 1297 κτισθέντος
1215 1232 1405 1302 γένους
1433 1234 1532 1304 τῆς
1561 1232 1758 1298 κακίας

169 1325 587 1399 παρεισέσαλον.
621 1324 730 1380 Καὶ
777 1328 841 1379 ὲκ
882 1325 1072 1378 τούτου
1119 1324 1258 1397 λήθη
1297 1324 1394 1408 καὶ
1421 1323 1599 1394 πλάνη
1630 1325 1784 1394 περὶ

165 1420 300 1483 τοὺς
342 1417 684 1489 ἀνθρώπους,
716 1419 810 1472 καὶ
842 1418 1064 1472 ἄτακτοι
1111 1417 1276 1489 φοραὶ
1317 1417 1754 1488 ἁμαρτημάτων,

169 1510 266 1564 καὶ⁸
300 1506 594 1580 πολυμιξία
629 1508 828 1573 κακίας
862 1510 922 1562 ὲν
959 1507 1038 1579 τῷ
1064 1507 1256 1580 κόσμῳ
1297 1509 1610 1579 γεγένηται.
1647 1505 1759 1561 Καὶ

165 1601 345 1667 οὕτως
375 1605 404 1656 6
429 1603 635 1673 κόσμος
667 1605 748 1667 είς
773 1602 836 1656 τὸ
866 1603 1091 1674 ἀρχαῖον
1118 1602 1217 1672 τῆς
1235 1601 1460 1666 ἀταξίας
1487 1597 1642 1664 αὖθις
1663 1599 1757 1653 ἀν-

1863 413 2048 454 arcam
2093 398 2471 455 introducunt.
2523 394 2656 450 Nam
2709 410 2773 450 ex
2817 400 2945 446 octo
2988 391 3266 461 capitibus
3314 391 3444 452 illis,

1863 505 1986 565 quia:
2033 495 2087 548 in
2125 492 2316 548 Noemi
2361 507 2490 548 arca
2547 500 2762 546 servata
2810 491 3088 560 leguntur,
3126 488 3449 543 sincerioris

1863 585 2084 657 generis
2116 592 2342 656 septena
2376 584 2544 641 fuisse
2577 584 2897 655 praedicant,
2921 590 3174 637 octavum
3200 595 3329 636 vero
3357 595 3447 634 no-

1863 677 2014 732 mine
2041 675 2312 731 Chamum
2349 676 2418 731 ab
2447 676 2624 730 aliena
2651 677 2702 730 vi
2735 675 3061 744 productum
3086 673 3310 727 latuisse
3339 687 3453 725 co:-

1860 765 2054 821 iestem
2090 777 2345 832 matrem,
2371 774 2424 822 et
2455 767 2510 821 in
2534 781 2717 821 arcam
2747 768 3070 837 irrepsisse;
3105 774 3158 821 et
3183 763 3236 820 id
3267 765 3442 834 ipsum

1861 855 2179 926 angelorum
2218 854 2411 910 fraude
2441 870 2505 909 ac
2534 855 2768 910 consilio
2799 870 2921 910 esse
2950 854 3272 926 perfectum.
3304 852 3442 907 Cum

1858 944 2026 1009 enim,
2061 952 2121 999 ut
2153 945 2326 1010 aiunt,
2371 945 2692 1001 didicissent
2737 946 2835 1009 illi,
2871 959 3044 1015 genus
3085 959 3246 999 omne
3279 959 3440 999 suum

1859 1034 2052 1091 diluvii
2085 1038 2245 1108 aquis
2277 1037 2776 1104 exterminandum,
2811 1039 2949 1092 mira
2981 1037 3298 1098 calliditate.
3332 1051 3444 1105 quo

1860 1129 1990 1182 mali
2021 1129 2262 1198 generis,
2296 1129 2456 1200 cujus
2493 1137 2746 1185 auctores
2777 1138 2952 1193 erant,
2989 1123 3250 1196 reliquias
3296 1125 3445 1180 fove-

1859 1228 2004 1285 rent,
2027 1220 2294 1276 Chamum
2322 1221 2375 1275 in
2405 1236 2589 1276 arcam
2622 1221 2921 1276 inculcant.
2957 1219 3002 1272 A
3026 1233 3136 1289 quo
3164 1219 3216 1272 in
3252 1217 3445 1271 Imma-

1858 1325 1992 1364 num
2037 1323 2210 1381 genus
2243 1325 2419 1374 error,
2459 1319 2515 1367 et
2564 1311 2787 1378 oblivio,
2837 1293 3002 1380 atque
3049 1306 3441 1362 inconsiderati

1859 1399 2195 1471 ﬂagitiorum
2227 1401 2482 1472 impetus,
2510 1411 2565 1457 et
2593 1403 2860 1457 scelerum
2893 1399 3130 1455 varietas
3155 1395 3440 1466 multiplex

1860 1492 1916 1546 in
1955 1494 2144 1548 orbem
2194 1503 2468 1550 terrarum
2509 1494 2710 1566 erupit.
2760 1493 2937 1563 Atque
2981 1492 3054 1546 ita
3089 1489 3328 1545 mundus
3373 1489 3442 1542 ad

1859 1585 2150 1654 pristinam
2202 1587 2669 1655 perturbationem
2709 1584 2874 1656 286
2905 1584 3086 1639 denuo
3138 1581 3441 1643 revolutus,

166 1693 408 1764 έκαμψε,
444 1694 538 1747 καὶ
567 1693 874 1764 ἐνεπλήσθη
906 1673 1116 1760 κακῶν,
1147 1695 1223 1758 ὡς
1253 1693 1312 1758 ἐξ
1333 1693 1510 1765 ἀρχῆς
1533 1692 1638 1764 πρὸ
1659 1691 1756 1746 τοῦ

1859 1673 2082 1744 perinde
2123 1683 2288 1745 atque
2341 1685 2469 1730 ante
2507 1676 2798 1738 diluvium,
2851 1675 3117 1728 malorum
3155 1673 3313 1743 copia
3362 1685 3446 1726 re-

166 1784 584 1856 κατακλυσμοῦ.
602 1785 735 1838 ’Δπδ
753 1784 810 1838 δὲ
831 1783 927 1838 τοῦ
950 1784 1058 1855 Σὴθ
1082 1783 1225 1838 κατὰ
1247 1783 1468 1854 σπέρμα
1496 1784 1592 1836 καὶ
1614 1781 1756 1836 κατὰ

164 1878 426 1950 διαδοχὴν
462 1876 653 1946 γένους
684 1879 714 1930 6
734 1877 970 1949 Χριστὸς
1010 1873 1176 1948 ἦλθεν
1200 1876 1361 1941 αὐτὸς
1383 1873 1612 1948 Ἰησοῦς,
1637 1871 1758 1946 οὐχὶ

164 1969 312 2023 κατὰ
341 1969 495 2041 γένη,
526 1969 662 2024 ἀλλὰ
691 1968 1018 2041 θαυμαστῶς
1044 1971 1103 2023 ὲν
1134 1966 1212 2038 τῷ
1238 1967 1429 2038 κόσμῳ
1458 1967 1714 2039 πεφηνώς
1738 1983 1752 1998 ·

163 2063 226 2125 ὃς
254 2063 406 2115 ἐστιν
433 2062 594 2126 αὐτὸς
621 2063 650 2114 6
681 2061 810 2134 Σὴθ,
839 2063 868 2116 6
889 2062 1009 2116 τότε
1034 2060 1128 2114 καὶ
1157 2059 1394 2132 Χριστὸς
1421 2057 1516 2114 νῦν
1539 2061 1755 2130 ἐπιφοι-

163 2155 341 2223 τήσας
362 2153 440 2224 τῷ
464 2153 609 2222 γένει
637 2152 746 2208 τῶν
775 2153 1098 2225 ἀνθρώπιον,
1124 2152 1233 2206 ἀπὸ
1255 2152 1355 2223 τῆς
1389 2149 1594 2223 μητρὸς
1617 2147 1758 2205 ἅνω-

165 2245 260 2297 θεν
287 2243 717 2316 ἀπεσταλμένος.

241 2424 312 2476 A'.
355 2421 541 2476 Ταῦτα
565 2420 742 2475 πάντα
781 2419 924 2473 οὕτω
951 2416 1280 2489 γεγενῆσθαί
1328 2432 1492 2486 φασιν
1533 2417 1752 2470 ἐκεῖνοι.

165 2515 347 2586 Μωρά
401 2515 478 2580 δὲ,
505 2515 600 2569 καὶ
643 2514 870 2586 ἀδρανῆ,
903 2514 999 2568 καὶ
1045 2513 1380 2582 κενοφωνίας
1431 2511 1643 2583 ἔμπλεα
1686 2510 1757 2564 τὰ

165 2606 392 2663 τοιαῦτα
428 2606 780 2677 κηρύγματα,
812 2607 888 2670 ὡς
940 2605 1101 2659 παντί
1151 2618 1229 2675 τῳ
1271 2605 1429 2676 δῆλόν
1474 2605 1642 2657 ἐστιν.
1679 2603 1754 2656 Οὐ

164 2700 278 2771 γὰρ
321 2699 416 2753 δύο
466 2699 743 2770 ἄνθρωποι
791 2696 1164 2770 ἑπλάσθησαν,
1193 2694 1332 2752 ἀλλὰ
1375 2693 1458 2761 εἷς
1503 2695 1750 2766 ὀἈδὰμ,

169 2792 262 2845 καὶ
295 2793 360 2844 ὲκ
388 2789 481 2844 τοῦ
511 2789 687 2860 ’Δδὰμ
714 2791 743 2844 6
767 2807 825 2844 τε
851 2788 990 2844 Κάιν
1023 2791 1118 2843 καὶ
1156 2785 1342 2855 Ἅϐελ,
1373 2789 1468 2844 καὶ
1489 2788 1618 2860 Σήθ.
1645 2786 1755 2842 Καὶ

170 2883 352 2938 ιύκέτι
388 2884 451 2936 ὲκ
478 2882 571 2935 δύο
597 2880 920 2953 ἀνθρώπων,
955 2877 1070 2935 ἀλλ’
1095 2882 1152 2948 ἐξ
1178 2882 1294 2947 ἐνὸς
1324 2882 1430 2946 ἕως
1461 2881 1555 2935 τοῦ
1581 2899 1751 2936 κατα-

167 2974 412 3046 κλυσμοῦ
448 2975 556 3030 τῶν
581 2973 755 3044 γενῶν
787 2973 924 3028 ὅλων
947 2974 1040 3028 τοῦ
1063 2973 1235 3045 Ἀδὰμ
1260 2975 1494 3046 ἐχόντων
1515 2975 1614 3040 τὰς
1635 2977 1754 3029 ἐαυ-

1859 1764 2152 1820 όιιηιίιινίι.-
2206 1765 2478 1822 Caeterum
2535 1782 2564 1819 a
2621 1764 2788 1820 Setho
2850 1767 3167 1819 continuata
3227 1763 3443 1834 generis

1858 1857 2217 1914 successione
2269 1856 2432 1913 Jesus
2459 1858 2716 1912 Christus
2749 1853 2970 1927 prodiit,
3012 1871 3120 1910 non
3165 1856 3285 1926 ipse
3311 1855 3442 1925 qui-

1857 1946 1981 2002 dem
2012 1950 2230 2018 generis
2266 1950 2442 2021 stirpe
2489 1957 2832 2020 procreatus,
2862 1948 2957 2003 sed
3007 1947 3062 2001 in
3092 1947 3238 2000 hunc
3282 1962 3444 2000 mun-

1857 2039 1988 2093 dum
2027 2040 2426 2096 admirabiliter
2454 2039 2825 2096 introductus.
2856 2038 2999 2094 Idem
3029 2039 3176 2094 enim
3209 2039 3300 2110 qui
3333 2038 3444 2094 illis

1861 2132 2203 2200 temporibus
2229 2131 2432 2187 Sethus
2471 2131 2598 2194 fuit,
2644 2131 2807 2186 modo
2835 2130 3090 2187 Christus
3138 2131 3445 2202 appellatus

1857 2239 1888 2278 a
1919 2225 2132 2280 etelesti
2179 2233 2354 2280 matre
2391 2225 2460 2281 de
2509 2225 2652 2282 caelo
2697 2226 2903 2280 missus
2939 2223 3007 2278 ad
3045 2224 3295 2279 homines
3343 2222 3444 2276 de-

1855 2317 2096 2374 scendit.

1926 2405 2015 2463 iV.
2043 2406 2158 2463 Hoc
2188 2407 2350 2463 modo
2371 2408 2448 2463 illi
2475 2408 2732 2464 universa
2757 2413 3026 2464 statuunt.
3048 2405 3247 2462 Verum
3273 2419 3438 2476 quam

1858 2498 2080 2564 stolida,
2113 2513 2277 2570 quam
2308 2515 2474 2570 porro
2503 2500 2796 2564 imbecilla,
2828 2515 2894 2554 ac
2919 2515 3057 2554 vana
3092 2500 3202 2554 sint
3226 2515 3348 2570 qua:
3373 2499 3443 2554 ab

1856 2589 1969 2644 illis
1993 2591 2299 2660 jactantur,
2345 2607 2507 2646 nemo
2557 2607 2667 2646 non
2706 2590 2872 2647 videt.
2924 2589 3112 2661 Neque
3153 2591 3297 2644 enim
3331 2590 3442 2645 duo

1856 2682 2064 2736 conditi
2093 2691 2222 2737 sunt
2242 2681 2514 2747 homines,
2551 2683 2646 2739 sed
2679 2697 2822 2738 unus
2851 2682 3118 2737 duntaxat
3152 2683 3394 2736 Adamus
3422 2700 3436 2736 :

1857 2790 1887 2829 a
1920 2790 2031 2845 quo
2065 2774 2226 2838 Cain,
2264 2781 2320 2830 et
2368 2775 2526 2840 Abel,
2568 2774 2877 2845 Setbusque
2915 2776 3104 2846 geniti.
3146 2774 3284 2828 Tum
3317 2774 3440 2828 reli—

1856 2884 1979 2937 quae
2005 2868 2264 2938 deinceps
2293 2867 2360 2922 ad
2401 2867 2668 2922 diluvium
2711 2883 2885 2938 usque
2913 2867 3292 2938 generationes
3329 2880 3438 2921 non

1858 2976 1886 3012 a
1923 2959 2140 3014 duobus
2175 2960 2509 3024 hominibus,
2541 2959 2637 3016 sed
2665 2975 2731 3016 ex
2777 2975 2888 3015 uno
2914 2959 3091 3015 solum
3125 2959 3321 3030 capite,
3353 2959 3438 3014 ni-

164 3028 604 3126 εῶνήσυστάσειέ
631 3063 690 3116 ὲν
730 3062 808 3134 τῷ
836 3060 1044 3134 κόσμῳ.
1065 3028 1209 3117 Ἀπὸ.
1244 3028 1323 3116 δὲῆ
1339 3063 1430 3117 τοῦ
1479 3028 1751 3118 κατάκλυ-

1859 3053 2054 3106 mirum
2082 3053 2311 3126 Adam‘o,
2346 3052 2585 3122 profecta
2615 3059 2761 3108 sunt.
2793 3051 2899 3108 Sed
2929 3061 2984 3107 et
3013 3053 3081 3109 ab
3111 3028 3220 3106 uno
3247 3066 3440 3108 rursus

167 3154 310 3225 σμοῦ
351 3156 417 3208 ἐκ
458 3154 551 3208 τοῦ
577 3154 700 3208 Νῶε
731 3155 895 3210 πάλιν
917 3155 1012 3210 τοῦ
1041 3155 1160 3219 ἑνὸς
1185 3155 1496 3228 ἀνθρώπου,
1526 3158 1622 3211 καὶ
1651 3159 1753 3211 οὐκ

168 3250 234 3301 ἐκ
261 3247 558 3319 διαφόρων,
590 3247 728 3301 ἀλλὰ
754 3246 863 3302 ἀπὸ
889 3249 1008 3312 ἑνὸς
1035 3248 1128 3302 τοῦ
1155 3247 1298 3313 Νῶε,
1332 3249 1426 3302 τοῦ
1460 3246 1598 3302 κατὰ
1638 3249 1754 3303 δια-

163 3341 328 3412 δοχὴν
349 3342 415 3393 ὲκ
448 3339 764 3412 σπέρματος
787 3339 880 3394 τοῦ
905 3339 1040 3412 Σὴθ,
1069 3341 1179 3394 πᾶν
1221 3339 1377 3408 γένος
1410 3341 1520 3393 τῶν
1543 3339 1753 3412 άνθρώυ

165 3449 307 3496 πων,
325 3433 517 3496 αὐχεῖς
541 3430 634 3485 δύο
658 3431 982 3502 αἱρούμενον
1009 3432 1048 3494 ί,
1083 3430 1222 3484 ἀλλὰ
1247 3431 1326 3494 είς
1359 3431 1417 3485 ἓν
1441 3429 1614 3500 γένος.
1635 3430 1752 3499 Ἀφ’

164 3518 342 3596 οὗπερ
370 3524 466 3578 καὶ
485 3525 627 3589 Νῶε,
649 3525 744 3578 καὶ
771 3525 803 3594 ἡ
827 3522 991 3578 αὑτοῦ
1011 3523 1175 3594 γυνὴ,
1201 3524 1296 3577 καὶ
1317 3519 1457 3594 Σὴμ,
1484 3522 1578 3578 καὶ
1601 3524 1750 3593 Χὰμ,

165 3617 263 3668 καί
295 3613 499 3684 Ἰάφεθ,
524 3616 575 3668 oi
617 3615 806 3668 τούτου
834 3615 1021 3678 παῖδες
1057 3614 1152 3669 καὶ
1175 3617 1324 3686 τρεῖς
1359 3617 1615 3682 γυναῖκες
1644 3614 1752 3666 τῶν

166 3707 335 3759 αὑτοῦ
372 3706 578 3762 παίδων
607 3707 714 3760 ἀπὺ
743 3706 837 3760 τοῦ
872 3706 978 3778 Σὴθ
1010 3707 1073 3759 τὸ
1109 3704 1261 3775 γένος
1295 3707 1591 3776 κατάγουσι
1619 3707 1756 3760 πάν-

162 3816 281 3863 τες,
310 3799 407 3853 καὶ
443 3799 562 3870 οὐχὶ
590 3799 698 3853 ἀπὸ
724 3799 816 3852 δύο
839 3798 1142 3870 ἀνθρώπων
1171 3798 1282 3852 τῶν
1329 3797 1406 3870 μὴ
1446 3799 1754 3871 γενομένων

164 3893 310 3947 κατὰ
337 3893 433 3965 τὴν
458 3893 663 3946 τούτων
696 3893 1037 3964 μυθοποιίαν.
1761 3879 1776 3886 ’

238 4065 316 4121 Ε’.
358 4065 582 4130 Βίϐλους
628 4060 687 4121 δέ
723 4076 879 4133 τινας
931 4065 1342 4139 συγγράφοντες
1386 4063 1444 4132 ἐξ
1491 4063 1755 4135 ὀνόματος

170 4159 424 4231 μεγάλων
449 4159 764 4232 ἅνδρῶννὲξ
785 4159 1048 4230 ὀνόματος
1078 4160 1177 4231 μὲν
1196 4158 1303 4232 Σὴθ
1332 4158 1473 4214 ἑπτὰ
1505 4157 1772 4246 λέγοντες.

166 4247 308 4304 εἶναι
347 4249 596 4320 βίϐλουςο
627 4249 794 4314 ἂλλας
837 4249 894 4304 δὲ
951 4249 1166 4320 βίϐλους
1207 4250 1400 4323 ἑτέρας
1444 4248 1753 4318 ὰλλογενεῖς

1853 3143 2061 3200 Noemo
2090 3154 2214 3216 post
2245 3146 2532 3211 diluvium,
2565 3161 2674 3201 non
2707 3162 2736 3200 a
2762 3146 2996 3202 diversis
3028 3146 3436 3216 insequentium

1851 3238 2005 3310 origo
2035 3237 2366 3303 deducitur;
2418 3253 2448 3292 a
2486 3235 2714 3305 Noemo,
2762 3237 3006 3308 inquam,
3054 3235 3148 3307 qui
3200 3251 3232 3292 e
3285 3235 3438 3291 Sethi

1853 3329 2114 3400 prosapia
2151 3329 2269 3398 fuit,
2300 3346 2474 3401 genus
2502 3329 2786 3385 hominum
2813 3345 2975 3385 omne
3000 3317 3307 3385 derivatu'm
3329 3345 3438 3392 est.

1854 3437 1963 3477 non
1995 3423 2251 3478 bifariam
2287 3423 2549 3489 divisum,
2591 3423 2686 3480 sed
2717 3439 2824 3478 una
2870 3425 3041 3494 stirpe
3075 3423 3438 3494 comprehcn-

1854 3527 1997 3566 sum.
2034 3511 2112 3566 Ex
2141 3528 2248 3583 qua
2275 3520 2385 3568 tam
2417 3512 2680 3580 Noemus,
2704 3528 2868 3584 quam
2900 3513 3022 3582 ejus
3050 3525 3189 3568 uxor
3215 3512 3436 3583 prodiit,

1854 3618 2158 3673 eorumque
2202 3604 2359 3659 liberi
2411 3605 2560 3670 Scin,
2594 3605 2786 3672 Cham,
2828 3604 3026 3676 Japhet
3075 3620 3352 3660 :-necnon
3385 3614 3442 3660 et

1855 3695 2201 3765 singulorum
2245 3697 2550 3769 conjuges;
2584 3699 2677 3768 qui
2721 3698 2943 3768 quidem
2977 3711 3170 3754 omnes
3214 3699 3379 3754 unius
3410 3704 3444 3754 e

1857 3785 2012 3842 Sethi
2061 3801 2261 3857 genere
2299 3789 2570 3858 procreati
2606 3794 2756 3851 sunt,
2792 3803 2902 3842 non
2947 3799 2976 3841 a
3009 3789 3226 3843 duobus
3265 3789 3442 3842 homi-

1853 3882 2016 3937 nibus
2065 3881 2318 3952 producti
2352 3899 2365 3936 :
2399 3881 2492 3951 qui
2549 3889 2830 3952 nunquam
2877 3880 2934 3934 in
2968 3881 3135 3936 terris
3189 3879 3439 3943 fuerunt,

1853 3972 2314 4045 quemadmodum
2345 3973 2436 4029 isti
2471 3973 2810 4028 fabulantur.

1924 4059 1990 4117 γ.
2030 4063 2100 4117 At
2121 4063 2269 4118 enim
2311 4072 2495 4120 certos
2537 4063 2708 4118 libros
2733 4063 3164 4119 clarissimorum
3195 4073 3438 4115 vtrorum

1853 4157 2172 4211 nominibus
2198 4156 2500 4228 inscriptos
2540 4157 2965 4212 circumferunt.
2993 4154 3071 4209 Ex
3105 4154 3306 4225 quibus
3345 4167 3436 4210 se-

1855 4257 1999 4320 ptem
2033 4251 2258 4305 omnino
2286 4247 2453 4306 Setho
2483 4249 2766 4328 tribuunt;
2799 4249 2937 4302 alios
2965 4263 3090 4302 vero
3111 4244 3438 4314 ἀλλογενεῖς,

164 4342 312 4396 οὕτω
355 4339 646 4395 καλοῦσιν⁹
683 4340 850 4412 ἄλλην
897 4339 954 4393 δὲ
1001 4340 1058 4406 ἐξ
1091 4340 1354 4410 ὀνόματος
1375 4338 1650 4412 Ἀϐραάμ,
1683 4341 1751 4411 ἢν

1859 4345 1959 4399 hoc
1983 4351 2088 4410 est,
2120 4343 2336 4414 generis
2366 4343 2592 4398 alterius
2625 4349 2962 4410 nuncupant.
2989 4339 3086 4395 Est
3111 4346 3165 4394 et
3194 4339 3335 4394 alius
3369 4338 3438 4392 li-
3487 4359 3514 4376 ο

167 4430 654 4501 καὶἈποκάλυψιν
685 4430 988 4498 φάσκουσιν
1009 4426 1169 4494 εἶναι,
1198 4431 1379 4500 πάσης
1420 4430 1616 4493 κακίας
1656 4429 1754 4501 έμ-

166 4525 376 4578 πλεων·
410 4523 602 4594 ἑτέρας
625 4522 683 4576 δὲ
713 4520 774 4587 ἐξ
796 4522 1060 4593 ὀνόματος
1083 4520 1178 4575 τοῦ
1211 4521 1512 4588 Μωῦσέως,
1535 4522 1629 4575 καὶ
1659 4522 1756 4576 ἄλο

166 4617 264 4682 λας
296 4615 495 4670 ἄλλων.
528 4606 626 4678 Et;
660 4614 871 4686 μωρίαν
912 4615 972 4668 δὲ
1014 4614 1216 4686 πολλὴν
1247 4615 1339 4668 τὸν
1379 4615 1503 4669 νοῦν
1548 4614 1757 4670 ἑαυτῶν

166 4710 524 4776 κατάγοντες,
551 4706 789 4777 γῦναῖκά
807 4725 932 4762 τινα
971 4707 1193 4778 Ὠραίαν
1219 4707 1466 4777 λέγουσιν
1491 4703 1631 4762 εἶναι
1659 4707 1756 4761 τοῦ

166 4801 452 4873 Σήθ.”υρα
494 4799 552 4853 δέ
588 4817 698 4870 μοι,
741 4799 1016 4870 ἀγαπητὲ,
1054 4798 1153 4870 τὴν
1184 4801 1389 4854 τούτων
1430 4800 1636 4865 ἄνοιαν,
1670 4801 1758 4854 ἵνα

166 4895 307 4948 κατὰ
343 4894 525 4950 πάντα
553 4891 751 4961 τρόπον
773 4891 1061 4963 καταγνῷς
1089 4894 1187 4964 τῆς
1214 4893 1394 4947 αὐτῶν
1413 4893 1758 4966 δραματουρ-

165 4990 312 5056 γίας,
340 4988 437 5040 καὶ
467 4985 744 5054 μυθώδους
773 4985 1267 5056 ματαιοφροσύνης,
1296 4987 1391 5041 καὶ
1422 4987 1755 5042 ὲπιπλάσ-εου

165 5078 512 5150 ληρολογίας.
555 5077 677 5130 Εἰσὶ
705 5081 804 5147 μὲν
831 5076 940 5149 γὰρ
975 5075 1132 5130 ἄλλαι
1160 5077 1304 5140 τινὲς
1333 5076 1592 5147 αἱρέσεις,
1619 5077 1757 5130 αἴτι-

165 5189 253 5235 νες
298 5170 535 5241 δύναμίν
560 5185 682 5222 τινα
716 5163 853 5220 εἶναι
882 5167 1150 5235 λέγουσιν,
1179 5167 1250 5238 ἦν
1277 5165 1532 5222 καλοῦσιν
1562 5168 1760 5233 ὀνομα-

165 5262 370 5326 στικῶς
416 5259 658 5332 Ὠραίαν.
683 5260 795 5330 Τὴν
827 5259 957 5323 παρ’
978 5258 1158 5322 ἄλλοις
1184 5258 1363 5313 τοίνυν
1396 5260 1758 5331 νομιζομένην

163 5351 662 5424 δύναμιν,Ὥραίαν
695 5365 753 5403 τε
787 5348 1147 5421 καλουμένην,
1186 5349 1328 5403 οὕτω
1379 5354 1612 5417 γυναῖκα
1661 5352 1756 5406 τοῦ

169 5445 272 5517 Σὴθ
301 5437 754 5516 >.έγουσιν.⁴ὐοεν
779 5441 1052 5514 δυνάμεθά
1086 5459 1140 5496 τε
1177 5440 1472 5510 ἀποδεῖξαι,
1509 5441 1583 5506 ὡς
1618 5444 1753 5512 ἴστε,

243 5626 256 5657 ⁸
291 5625 422 5682 Cor.
452 5591 671 5696 διάιροὺ
683 5636 746 5691 με
757 5635 852 5708 νοιτ

1860 4437 1957 4492 ber
1993 4435 2134 4492 falso
2171 4434 2471 4489 Abrahami
2501 4433 2744 4497 nomine,
2778 4447 2940 4504 quem
2983 4448 3080 4503 pro
3109 4430 3439 4504 Apocalypsi

1854 4529 2157 4594 venditant,
2191 4527 2341 4582 omni
2372 4527 2614 4598 nequitia
2643 4525 2897 4583 reicrtus.
2931 4525 3135 4582 Practer
3163 4541 3327 4597 quem
3358 4525 3437 4580 al-

1852 4630 2031 4678 terum
2065 4637 2095 4675 a
2128 4619 2334 4692 Moyse,
2369 4621 2610 4691 reliquos
2635 4619 2702 4674 ab
2753 4619 2875 4675 aliis
2905 4618 3083 4675 editos
3115 4633 3240 4674 esse
3281 4631 3438 4672 men-

1853 4715 2088 4770 tiuntur.
2120 4713 2202 4768 Ad
2241 4715 2375 4776 haec,
2411 4729 2533 4785 quae
2572 4721 2657 4768 est
2695 4713 2913 4769 illorum
2946 4710 3216 4766 stoliditas
3250 4723 3313 4764 ac
3345 4723 3439 4764 vc-

1854 4805 2046 4864 cordia
2067 4851 2082 4876 ,
2110 4823 2340 4866 uxorem
2384 4807 2538 4866 Sethi
2560 4806 2809 4863 Heraeam
2849 4807 3039 4862 nescio
3070 4820 3234 4877 quam
3263 4802 3442 4858 nomi-

1856 4901 2023 4956 natim
2043 4909 2257 4958 vocant.
2277 4901 2337 4956 In
2367 4918 2476 4973 quo
2513 4899 2881 4971 vide,qu:eso,
2913 4914 3078 4968 quam
3110 4897 3276 4968 inepti
3307 4897 3444 4958 sint,

1855 5002 1916 5047 ut
1956 4993 2174 5048 illorum
2216 4996 2366 5050 velut
2407 4995 2628 5050 scenica
2669 4998 3014 5053 commenta,
3055 4987 3446 5045 stultissimas-

1855 5099 1962 5154 que
1995 5083 2212 5141 fabulas
2256 5100 2320 5140 ac
2353 5094 2560 5142 temere
2588 5084 2826 5142 conﬁcta
2875 5081 3160 5137 mendacia
3194 5077 3343 5134 omni
3372 5094 3442 5134 ex
3535 5098 3548 5109 ·

1856 5185 2010 5247 parte
2049 5177 2406 5235 condemnes.
2443 5177 2579 5233 Nam
2619 5193 2746 5234 cum
2779 5174 3060 5232 nonnulla:
3101 5173 3215 5229 sint
3268 5171 3442 5226 haere-

1855 5277 1945 5324 ses
1979 5283 2101 5338 qua:
2138 5267 2246 5322 vim
2306 5268 2602 5340 quamdam
2648 5282 2772 5324 esse
2790 5272 3060 5330 statuunt,
3095 5277 3216 5334 qua:
3248 5258 3445 5319 Horaea

1857 5358 2219 5415 nominetur:
2257 5361 2334 5414 illi
2369 5361 2477 5416 vim
2525 5360 2820 5432 ejusmodi,
2877 5355 3236 5426 llorteamque
3286 5349 3442 5412 Sethi

1856 5451 2146 5524 conjugem
2173 5453 2454 5511 exstitisse
2474 5454 2791 5525 praedicant.
2817 5451 2895 5506 Ex
2919 5466 3028 5524 quo
3049 5443 3440 5533 demonstrari,
