4078 6074
530 205 622 258 (ιη

1940 203 1998 260 S.
2041 201 2386 260 EPIPHANII

3701 216 3817 278 672

531 325 589 369 ut
622 315 841 382 videtis,
889 317 1022 373 illud
1081 324 1284 387 potest,
1335 317 1612 374 hominem
1668 317 1841 375 fuisse
1889 318 2118 375 Sethum

2229 321 2517 392 ἀγαπητοὶ,
2544 322 2637 376 καὶ
2683 321 2842 392 φύσει
2887 325 3176 398 ἄνθρωπον
3227 329 3320 384 τὸν
3370 331 3502 403 Σὴθ,
3543 333 3637 386 καὶ
3686 334 3818 406 οὐχὶ

534 408 719 475 illum;
754 421 854 462 nec
877 408 948 464 ab
971 409 1136 478 287
1183 409 1309 465 aliis
1346 409 1560 480 origine
1597 408 1898 477 diversum,
1932 420 2121 480 utpote

530 498 686 551 Caini
714 507 768 552 et
801 499 956 554 Abeli
995 513 1337 569 germanum,
1362 501 1430 555 ab
1461 501 1766 570 iisdemque
1799 502 2118 570 parentibus

532 592 586 643 in
627 591 801 644 lucem
828 591 1057 646 editum.
1090 587 1343 662 Cognovit
1373 593 1534 655 enim,
1560 600 1616 646 ut
1647 589 1929 662 Scriptura
1960 592 2118 656 dicit,

534 678 704 732 Adam
743 695 956 734 uxorem
992 696 1146 733 suam
1182 679 1390 745 Evam;
1414 699 1530 753 qua
1563 683 1815 750 concepit,
1849 692 1897 736 et
1922 683 2118 752 peperit

533 771 666 825 Cain
702 771 742 824 ί.
779 770 892 825 Hoc
927 771 1071 826 enim
1114 773 1162 826 ei
1189 789 1387 828 nomen
1417 774 1698 843 imposuit,
1722 773 1866 843 quod
1899 788 2120 841 posses-

530 861 729 914 sionem
757 861 1052 932 signiﬁcat,
1096 862 1286 918 dicens
1312 883 1325 918 :
1356 863 1579 918 Possedi
1607 865 1778 932 ﬁlium
1813 880 1905 933 per
1935 863 2119 917 Domi-

530 969 654 1005 num
686 951 851 1007 Deum
877 955 916 1008 ⁸.
949 955 1027 1008 Ac
1058 971 1252 1011 rursus
1298 955 1527 1011 Abelnm
1556 956 1789 1026 peperit.
1845 956 2118 1025 Cognovit,

531 1043 726 1113 inquit,
769 1043 942 1098 Adam
997 1049 1163 1100 Evam
1225 1047 1496 1117 conjugem
1547 1043 1739 1100 niam:
1773 1062 1890 1116 qua:
1932 1062 2119 1100 conce-

529 1139 628 1203 pit,
654 1148 702 1190 et
746 1139 942 1206 peperit
977 1138 1184 1208 lilium;
1225 1157 1372 1210 quem
1413 1139 1635 1193 Abelum
1681 1139 1880 1192 vocavit
1905 1138 1946 1192 ³.
1979 1136 2119 1192 Tum

532 1229 722 1285 multis
748 1230 1074 1300 interjectis,
1105 1240 1227 1302 post
1251 1232 1406 1286 Abeli
1428 1242 1687 1287 mortem:
1725 1231 2001 1301 Cognovit,
2035 1230 2121 1284 in-

531 1323 673 1390 quit,
705 1323 876 1378 Adam
921 1341 1136 1379 uxorem
1180 1325 1365 1392 Evam,
1396 1344 1512 1397 quae
1545 1328 1805 1397 concepit,
1837 1337 1885 1380 et
1923 1326 2119 1395 peperit

532 1417 726 1484 ﬁlium,
760 1427 810 1472 et
837 1420 1035 1472 vocavit
1067 1419 1314 1483 Set/ium,
1343 1421 1488 1491 quod
1527 1422 2001 1490 compensationem
2023 1435 2118 1475 so-

531 1517 644 1560 nat.
679 1507 944 1563 Excitavit
1007 1512 1170 1576 enim,
1207 1512 1405 1582 inquit,
1438 1513 1566 1567 milii
1603 1512 1743 1568 Deus
1777 1514 1993 1576 stirpem
2021 1527 2118 1580 pro

531 1601 711 1669 Abelo,
743 1619 894 1673 quem
929 1604 1189 1673 interfecit
1216 1604 1352 1659 Cain
1377 1605 1420 1658 ⁸.
1449 1603 1569 1659 Jam
1600 1621 1724 1660 cum
1754 1606 1826 1659 ita
1849 1604 2113 1674 loquitur:

2223 413 2429 466 ἄνωθέν
2461 431 2514 468 τι
2547 415 3022 487 παρηλλαγμένον,
3052 420 3282 490 ἀδελφὸν
3304 422 3361 476 δὲ
3383 423 3509 477 δντα
3535 425 3694 494 φύσει
3715 423 3816 480 τοῦ
3859 477 3864 479 .

2223 506 2363 559 Κάῖν
2406 505 2498 558 καὶ
2528 506 2709 576 ’Ἅϐελ
2741 507 2800 573 ἐξ
2849 510 2966 573 ἑνὸς
3016 511 3224 582 πατρὸς
3267 514 3362 566 καὶ
3404 515 3534 585 μιᾶς
3581 517 3811 586 μητρός.
3863 570 3871 577 _

2227 597 2418 665 Ἔγνω
2444 597 2571 666 γὰρ.
2599 600 2782 668 φησὶν,
2803 601 2973 670 Ἀδὰμ
3002 603 3168 656 Εὕαν
3187 603 3303 671 τὴν
3319 605 3576 674 ’γυναῖκα
3598 609 3809 672 αὑτοῦ,

2222 690 2319 742 καὶ
2345 692 2746 745 συλλαϐοῦσα
2777 694 2944 748 ἔτεκε
2979 694 3088 750 τὸν
3109 695 3292 750 Κάιν·
3328 699 3422 752 καὶ
3456 700 3683 753 ἐπέθετο
3711 703 3807 754 αύ-

2222 778 2299 847 τῷ
2343 779 2513 848 δνομα
2560 781 2716 842 Κάῖν,
2767 767 2902 857 ὅπερ
2944 786 3308 857 ἑρμηνεύεται
3338 790 3555 856 κτίσις,
3588 791 3766 859 λέγων
3791 810 3806 823 ο

2235 870 2619 940 Ἑκτησὰμην
2651 873 2785 926 υἱὸν
2805 873 2906 928 διὰ
2940 877 3163 944 Κυρίου
3187 877 3334 932 Θεοῦ
3354 895 3369 911 ⁸
3402 881 3495 935 καὶ
3529 882 3689 935 πάλιν
3719 883 3811 936 τὸν

2227 961 2391 1014 Ἀϐελ
2411 976 2423 990 ⁸
2456 963 2645 1031 Ἔγνω
2673 963 2842 1033 Ἀδὰμ
2864 967 3031 1020 Εὔαν
3059 967 3173 1036 τὴν
3200 971 3454 1039 γυναῖκα
3475 974 3684 1036 αὐτοῦ,
3707 976 3808 1029 καὶ

2222 1054 2626 1108 συλλαϐοῦσα
2661 1055 2867 1110 ἔτεκεν
2904 1057 3058 1123 υἱὸν,
3087 1062 3184 1114 καὶ
3216 1062 3474 1119 ἐκάλεσε
3521 1065 3588 1119 τὸ
3620 1066 3811 1136 ὄνομα

2222 1145 2409 1199 αὐτοῦ
2438 1147 2630 1200 Ἅϐελ.
2657 1145 2762 1201 Καὶ
2788 1149 2926 1220 μετά
2955 1151 3123 1206 πολλὰ
3153 1153 3292 1222 μετὰ
3318 1155 3380 1208 τὸ
3408 1157 3696 1211 ἀποθανεῖν
3716 1158 3810 1211 τὸν

2225 1237 2391 1291 Ἀϐελ
2412 1253 2424 1266 ’
2462 1239 2567 1292 Καὶ
2598 1237 2754 1308 ἔγνω
2791 1240 2966 1310 Ἀδὰμ
2990 1241 3154 1297 Εὕαν
3176 1245 3292 1314 τὴν
3313 1249 3565 1317 γυναῖκα
3597 1250 3806 1312 αὐτοῦ,

2221 1328 2320 1382 καὶ
2378 1331 2780 1384 συλλαϐοῦσα
2833 1331 3042 1388 ἔτεκεν
3089 1338 3244 1400 υἱὸν,
3287 1338 3385 1392 καὶ
3435 1340 3693 1394 ἐκάλεσε
3740 1344 3807 1395 τὸ

2224 1420 2411 1488 ὄνομα
2455 1421 2641 1475 αὑτοῦ
2669 1421 2813 1490 Σὴθ,
2845 1423 2980 1494 ὅπερ
3027 1427 3383 1498 ἑρμηνεύεται
3411 1431 3762 1500 ἀνταλλαγῆ
3787 1449 3803 1464 δ

2236 1509 2554 1578 Ἀνέστησε
2582 1511 2692 1580 γάρ
2713 1531 2815 1581 μοι
2853 1517 2887 1568 ό
2920 1514 3065 1581 Θεὸς
3085 1517 3324 1586 σπέρμα
3355 1518 3491 1574 ἀντὶ
3523 1521 3712 1585 Ἅϐελ,
3733 1522 3808 1576 ὃν

2221 1598 2533 1655 ἀπέκτεινε
2557 1602 2724 1655 Κάϊν.
2758 1604 2830 1657 Τὸ
2861 1605 2939 1669 δὲ,
2957 1605 3333 1676 Ἐκτησὰμην
3361 1607 3458 1662 διὰ
3490 1609 3657 1677 Θεοῦ,
3689 1612 3805 1677 καὶ,

529 1667 765 1744 Ροδδειιί
782 1691 1045 1746 hominem
1065 1667 1157 1761 per
1175 1693 1376 1758 Deum;
1400 1701 1476 1760 et,
1499 1693 1764 1748 Excitavit
1789 1694 1918 1747 milii
1944 1692 2118 1757 Deus;

2238 1689 2555 1759 Ἀνέστησέ
2573 1710 2676 1760 μοι
2701 1695 2734 1746 ὀ
2765 1667 2933 1761 Θεὸς,
2964 1695 3062 1750 ἕνα
3096 1667 3228 1750 θεὸν
3269 1667 3508 1754 δείκνυσι
3537 1667 3808 1755 ibim;

529 1796 699 1834 unum
726 1796 847 1836 esse
882 1781 1050 1837 Deum
1087 1783 1313 1850 indicat,
1348 1784 1442 1854 qui
1473 1794 1526 1839 et
1561 1785 1819 1840 universa
1853 1781 2118 1838 condide-

530 1877 623 1937 rit,
647 1881 702 1929 et
727 1889 822 1930 eos
850 1874 1000 1944 ipsos
1025 1875 1118 1945 qui
1153 1876 1316 1945 geniti
1351 1885 1481 1931 sunt
1503 1876 1735 1948 benigne
1756 1876 2115 1933 concesserit.

531 1965 685 2032 Quod
717 1981 851 2020 vero
881 1981 1083 2022 uxores
1113 1967 1276 2022 ambo
1314 1967 1415 2032 illi,
1447 1967 1654 2024 Cainus
1681 1983 1746 2024 ac
1767 1967 1990 2034 Setbus,
2021 1968 2120 2022 ba—

533 2059 770 2125 bnerint,
799 2060 1023 2115 minime
1051 2068 1133 2114 est
1163 2059 1483 2117 obscurum.
1513 2060 1649 2116 Nam
1673 2062 1878 2119 Abelus
1901 2070 2116 2116 matura

533 2156 790 2210 trimonio
813 2156 1198 2224 conjunxerat.

606 2248 691 2303 Vl.
724 2248 955 2304 Exstant
992 2251 1048 2305 in
1081 2251 1348 2319 Jubilaeis,
1383 2255 1474 2325 qui
1507 2256 1643 2312 liber
1677 2255 1905 2314 Genesis
1944 2256 2118 2312 Parva

533 2341 752 2402 dicitur,
791 2357 1022 2410 uxorum
1077 2341 1234 2399 Caini
1283 2343 1550 2417 Setbique
1597 2350 1854 2414 nomina,
1905 2359 1965 2403 ut
2022 2348 2117 2418 qui

534 2432 793 2492 conﬁctas
841 2434 964 2490 illas
997 2434 1211 2491 fabulas
1254 2424 1308 2491 in
1365 2438 1649 2494 hominum
1693 2442 1860 2495 vitam
1902 2442 2120 2496 invexe-

536 2530 683 2588 rnnt,
740 2524 948 2592 pudore
996 2511 1686 2586 omnindsuﬁ'undantur.
1732 2532 1945 2587 Etenim
1991 2549 2117 2587 cum

537 2613 778 2670 Adamus
828 2617 1115 2687 utriusque
1149 2635 1314 2676 sexus
1356 2623 1559 2678 liberos
1610 2627 1965 2696 suscepisset,
2024 2641 2121 2680 ne-

536 2693 690 2760 cesse
719 2721 816 2774 per
848 2707 936 2760 illa
969 2717 1211 2779 tempora
1241 2711 1364 2779 fuit,
1405 2722 1464 2768 ut
1497 2717 1588 2770 lilii
1621 2718 1964 2770 matrimonia
1993 2731 2118 2772 cum

467 2795 471 2799 ‘
537 2797 816 2850 sororibus
843 2798 1065 2854 inirent.
1102 2799 1288 2870 Neque
1323 2804 1374 2857 id
1405 2813 1524 2858 erat
1563 2807 1914 2862 interdictum
1943 2828 1955 2862 :
1991 2825 2118 2879 pro-

538 2895 718 2955 pterea
760 2891 904 2958 quod
957 2907 1130 2961 genus
1175 2895 1322 2948 aliud
1374 2905 1494 2950 erat
1547 2898 1828 2954 hominum
1885 2903 2116 2956 nullum.

537 2977 678 3043 Quin
702 2980 864 3034 etiam
887 2981 1131 3037 Adamus
1154 2983 1271 3054 ipse
1287 3001 1410 3040 cum
1445 3004 1564 3055 sua,
1601 2999 1662 3044 ut
1693 2992 1763 3045 ita
1788 2992 1989 3054 dicam,
2018 2993 2121 3046 ﬁlia
2150 2965 2193 3020 ο

537 3072 791 3142 conjugio
824 3075 1068 3132 sociatus
1115 3086 1218 3142 est,
1247 3097 1410 3150 quam
1451 3083 1520 3138 de
1551 3085 1672 3153 ejus
1716 3101 1946 3155 corpore
1983 3087 2123 3143 Deus

537 3162 818 3218 cinxerat
851 3185 864 3220 :
903 3165 1058 3222 nefas
1086 3169 1232 3222 enim
1281 3170 1412 3225 illud
1460 3189 1569 3227 non
1613 3183 1750 3229 erat.
1784 3174 1850 3228 Et
1877 3191 1944 3231 ex
1977 3177 2124 3232 illius

540 3253 746 3319 liberis,
777 3256 978 3314 Cainus
1004 3247 1247 3317 sororem
1272 3275 1403 3317 natu
1432 3265 1694 3333 majorem
1727 3267 1902 3334 duxit,
1929 3267 2125 3324 Savem

543 3346 779 3403 nomine.
815 3347 1019 3406 Sethus
1062 3368 1226 3423 porro
1261 3353 1454 3408 Adami
1503 3355 1736 3411 ﬁliorum
1771 3361 1966 3414 tertius
2003 3369 2128 3430 post

540 3436 771 3491 Abelum
802 3441 1018 3508 genitus
1049 3458 1172 3496 cum
1219 3444 1322 3496 alia
1354 3459 1543 3500 sorore
1583 3448 1764 3502 Azura
1800 3451 2129 3518 coniunctus

542 3535 662 3584 est-
689 3525 931 3584 Fuerunt
955 3539 1010 3585 et
1043 3534 1132 3587 alii
1179 3535 1390 3590 Adamo
1424 3536 1602 3603 liberi,
1631 3550 1689 3594 ut
1728 3541 1780 3594 in
1833 3541 2002 3596 Parva
2039 3544 2129 3596 illa

545 3615 743 3672 Genesi
809 3622 1078 3691 scriptum
1142 3633 1250 3689 est,
1306 3643 1498 3683 novem
1561 3631 1773 3686 scilicet
1831 3635 2129 3689 secundum

546 3707 758 3778 priores
783 3709 904 3767 illos
928 3719 1061 3778 tres,
1092 3723 1151 3768 ut
1182 3716 1237 3770 in
1265 3728 1436 3774 totum
1464 3721 1602 3780 ﬁlias
1621 3723 1781 3789 duas,
1802 3741 1981 3781 mares
2003 3726 2134 3782 duo.

547 3800 724 3854 decim
759 3805 1092 3874 susceperit;
1126 3822 1156 3862 e
1189 3809 1390 3879 quibus
1427 3815 1644 3869 occisus
1685 3831 1846 3880 unus,
1881 3818 2131 3873 undecim

549 3894 872 3962 superstites
903 3898 1076 3954 relicti
1103 3910 1251 3956 sunt.
1280 3902 1412 3969 Qua:
1437 3907 1621 3959 omnia
1655 3906 1708 3961 in
1737 3908 1922 3962 mundi
1948 3907 2133 3980 Origi-

548 3986 730 4050 nibus,
766 4002 828 4041 ac
868 3990 1046 4057 primo
1074 3991 1240 4047 Mosis
1281 3995 1558 4050 volumine
1592 3997 1676 4052 his
1708 4001 1889 4055 verbis
1925 4001 2134 4072 signiﬁ-

547 4086 784 4132 cantur:
827 4079 893 4133 Et
919 4081 1046 4135 vixit
1090 4082 1264 4136 Adam
1289 4086 1443 4138 annis
1488 4090 1764 4157 nongentis
1815 4093 2055 4163 triginta,
2082 4102 2133 4148 et

547 4172 727 4241 genuit
753 4173 898 4242 ﬁlios
919 4182 968 4228 et
991 4174 1158 4244 ﬁlias,
1189 4183 1239 4230 et
1278 4185 1519 4231 mortuus
1557 4189 1637 4233 est
1665 4179 1707 4234 ⁸.

619 4433 790 4504 288
815 4432 924 4488 γιι.
956 4436 1221 4494 Caeterum
1248 4442 1580 4513 ampliﬁcato
1602 4444 1883 4501 hominum
1914 4463 2134 4518 genere,

2223 1799 2331 1836 των
2365 1782 2616 1854 ποιητὴν,
2650 1784 2746 1838 καὶ
2790 1785 2949 1857 δότην
2998 1787 3104 1843 τῶν
3145 1791 3705 1862 γεγεννημένων.”οτι
3747 1792 3806 1846 δὲ

2223 1863 2368 1923 οὗτοι
2395 1869 2552 1940 ἔσχον
2586 1875 2870 1940 γυναῖκας,
2901 1876 2929 1928 ὃ
2953 1894 3014 1929 τε
3044 1878 3182 1931 Κάῖν
3212 1881 3306 1933 καὶ
3337 1884 3365 1934 6
3391 1883 3522 1954 Σὴθ,
3550 1882 3725 1952 δῆλον.
3746 1883 3805 1936 Ὁ

2223 1961 2333 2033 γὰρ
2368 1962 2534 2042 ’ᾼϐελ
2562 1963 2826 2036 νεώτερος
2853 1967 3194 2039 ἀπεκτάνθη,
3236 1973 3464 2043 μηδέπω
3492 1975 3692 2044 γήμας.

2154 2053 2396 2110 nondum
2427 2063 2588 2112 aelate
2619 2058 2871 2115 sublatus
2899 2069 3040 2117 este
3077 2063 3286 2121 medio:
3320 2082 3495 2136 neque
3557 2080 3616 2122 se
3681 2081 3802 2120 ma-

2292 2249 2382 2314 ς’.
2433 2249 2521 2313 Ὠς
2562 2249 2619 2303 δὲ
2669 2251 2727 2304 ἐν
2753 2253 2867 2314 τοῖς
2889 2250 3222 2322 Ἰωϐηλαίοις
3246 2250 3578 2322 εὑρίσκεται,
3607 2254 3672 2323 τῇ
3706 2239 3804 2307 καὶ

2219 2339 2612 2409 Λεπτογενέσει
2644 2341 2977 2414 καλουμένῃ,
3010 2344 3105 2396 καὶ
3133 2342 3201 2396 τά
3225 2343 3465 2414 ὀνόματα
3491 2344 3595 2397 τῶν
3617 2361 3807 2412 γυναι-

2219 2433 2330 2487 κῶν
2359 2433 2451 2487 τοῦ
2484 2451 2542 2487 τε
2571 2436 2710 2488 Κάῖν
2737 2435 2832 2488 κα)⁵
2862 2435 2956 2488 τοῦ
2987 2435 3094 2506 Σὴθ
3149 2437 3182 2506 ή
3211 2435 3392 2506 βίϐλος
3418 2436 3657 2506 περιέχει
3675 2453 3688 2466 ο
3713 2437 3806 2491 ἵνα

2220 2526 2364 2579 κατά
2409 2526 2588 2580 πάντα
2630 2527 2831 2599 τρόπον
2875 2523 3020 2582 οὗτοι
3066 2529 3554 2598 καταισχυνθῶσιν,
3585 2532 3632 2582 οἱ
3673 2530 3806 2593 τοὺς

2229 2615 2431 2687 μύθους
2475 2616 2553 2688 τῷ
2597 2617 2698 2687 βίῳ
2729 2617 3167 2690 ραψῳδήσαντες.
3198 2618 3304 2671 Τοῦ
3335 2620 3444 2690 γὰρ
3475 2619 3649 2690 Ἀδὰμ
3677 2637 3806 2687 γεν-

2225 2712 2486 2782 νήσαντος
2519 2712 2666 2774 υἱοὺς
2695 2712 2788 2765 καὶ
2829 2711 3160 2783 Θυγατέρας,
3191 2711 3403 2781 ἀνάγκη
3451 2712 3642 2780 γέγονε
3683 2713 3808 2764 κατ’

2225 2803 2401 2856 έκεῖνο
2433 2801 2627 2872 καιροῦ
2663 2801 2918 2870 ἀδελφαῖς
2954 2804 3074 2866 ταῖς
3117 2802 3276 2866 ἰδίαις
3309 2802 3645 2873 συναφθῆναι
3681 2803 3812 2866 τοὺς

2229 2893 2442 2960 παῖδας.
2476 2893 2550 2946 Οὐ
2582 2891 2690 2964 γὰρ
2718 2889 2786 2964 ἦν
2812 2893 3127 2965 παράνομον
3152 2893 3214 2946 τὸ
3240 2893 3478 2945 τοιοῦτον
3504 2909 3518 2922 ·
3553 2894 3674 2946 ἐπεὶ
3701 2912 3813 2964 μη-

2225 2985 2312 3038 δὲν
2337 2987 2522 3058 ἕτερον
2550 2986 2705 3054 γένος
2729 2981 2817 3055 ἦν.
2843 2986 2953 3040 Καὶ
2988 2986 3098 3058 γὰρ
3129 2985 3220 3039 καὶ
3249 2986 3430 3048 αὐτὸς,
3459 2986 3534 3048 ὡς
3568 2986 3696 3047 ἔπος
3729 2987 3816 3037 εἰ⁶

2228 3080 2372 3140 πεῖν,
2402 3080 2431 3131 6
2473 3077 2645 3148 Ἀδὰμ
2668 3080 2736 3148 τῇ
2767 3078 2874 3150 ἰδίᾳ
2905 3076 3138 3149 θυγατρὶ
3166 3076 3351 3148 σχεδὸν
3381 3079 3446 3148 τῇ
3477 3078 3541 3129 ὲκ
3577 3076 3816 3130 τοῦ-σώ-

2230 3187 2397 3239 ματος
2421 3168 2587 3223 αὑτοῦ
2632 3167 2931 3239 πλασθείσῃ
2958 3167 3224 3239 συνήφθη,
3257 3166 3397 3220 κατά
3424 3167 3683 3235 συζυγίαν
3713 3167 3820 3220 αύ-

2226 3259 2305 3332 τῷ
2333 3262 2398 3314 ὲκ
2423 3259 2560 3314 Θεοῦ
2596 3258 2975 3330 πεπλασμένῃ,
3007 3260 3100 3313 καὶ
3127 3261 3228 3314 οὐκ
3265 3255 3333 3330 ἦν
3378 3259 3690 3332 παράνομον
3712 3278 3726 3289 -
3760 3263 3821 3315 οἵ

2228 3372 2286 3408 τε
2314 3354 2504 3407 τούτου
2533 3353 2641 3406 υἱοὶ
2670 3351 3020 3423 συνήφθησαν
3044 3354 3073 3404 6
3111 3353 3208 3423 μὲν
3241 3354 3381 3408 Κάῖν
3416 3356 3482 3424 τῇ
3510 3353 3712 3424 ἀδελφῇ
3745 3358 3815 3426 τῇ

2234 3446 2438 3517 μείζονι
2486 3445 2653 3516 Σαυὴ,
2681 3444 2823 3498 οὕτω
2848 3445 3180 3516 καλουμένῃ,
3207 3447 3237 3500 6
3266 3447 3322 3500 δὲ
3347 3446 3454 3518 Σὴθ
3485 3446 3667 3517 τρίτος
3701 3446 3824 3508 υἱὸς

2237 3537 2379 3609 μετά
2407 3538 2498 3591 τὸν
2525 3538 2693 3590 ’Λϐελ
2725 3537 3008 3608 γεννηθεὶς
3037 3541 3104 3610 τῇ
3130 3538 3396 3610 λεγομένῃ
3420 3536 3586 3591 αὐτοῦ
3615 3535 3821 3607 ἀδελφῇ

2246 3629 2494 3701 Ἀξουρᾷ.
2527 3630 2788 3698 Γεγόνασι
2816 3630 2872 3684 δὲ
2897 3629 2977 3700 τῷ
3001 3631 3177 3701 Ἀδὰμ
3207 3632 3298 3685 καὶ
3331 3630 3478 3684 ἄλλοι
3510 3631 3640 3691 uio‘t,
3673 3629 3752 3690 ὡς
3785 3632 3819 3699 ἡ

2234 3721 2419 3793 Λεπτὴ
2454 3720 2674 3786 Γένεσις
2707 3721 2970 3793 περιέχει,
3001 3723 3158 3776 ἐννέα
3196 3722 3334 3792 μετά
3359 3722 3486 3785 τοὺς
3513 3723 3661 3792 τρεῖς
3686 3719 3820 3774 τού-

2235 3831 2361 3876 τους
2381 3831 2394 3844 ο
2428 3813 2504 3878 ὡς
2540 3810 2678 3868 εἶναι
2719 3813 2868 3884 αύτῷ
2891 3813 2983 3868 δύο
3013 3815 3111 3885 μὲν
3143 3814 3466 3886 θυγατέρας,
3490 3815 3731 3886 ἄρρενας
3761 3816 3824 3866 ἑὲ

2237 3905 2464 3959 δεκαδύο
2485 3921 2498 3936 ο
2533 3905 2628 3958 ἕνα
2664 3905 2763 3977 μὲν
2795 3907 3227 3970 ἀποκτανθέντα,
3267 3907 3458 3960 ἕνδεκα
3493 3907 3550 3959 δὲ
3583 3906 3832 3978 περιλειο

2240 3996 2472 4064 φθέντας
2496 3996 2573 4068 τῷ
2603 3997 2919 4071 βίῳ.Ἕχεις
2938 3999 2997 4052 δὲ
3027 4000 3124 4054 καὶ
3154 3998 3358 4054 τούτων
3383 4000 3481 4071 τὴν
3504 3999 3744 4070 ἔμφασιν
3767 4002 3825 4054 ὲν

2238 4091 2305 4159 τῇ
2331 4088 2550 4142 Γενέσει
2578 4089 2671 4142 τοῦ
2698 4090 2929 4162 κόσμου,
2960 4091 3054 4145 καὶ
3080 4091 3272 4162 πρώτῃ
3297 4074 3463 4163 βίϐλῳ
3489 4093 3640 4164 παρά
3662 4093 3826 4146 Μωῡο

2242 4181 2325 4232 σεί
2363 4177 2507 4233 οὕτω
2551 4180 2864 4253 φασκούσῃο
2895 4182 3006 4236 Καὶ
3028 4181 3243 4250 ἔζησεν
3281 4181 3456 4251 Ἀδὰμ
3499 4183 3604 4250 ἐτη
3646 4182 3827 4237 ἐννα-

2243 4272 2422 4325 κόσια
2445 4270 2783 4339 τριάκοντα,
2817 4273 2915 4327 καὶ
2939 4273 3272 4342 ἐγέννησεν
3308 4271 3479 4339 υιοὺς
3516 4271 3614 4326 καὶ
3645 4277 3843 4341 θυγα-

2241 4362 2437 4430 τέρας,
2468 4361 2569 4417 και
2604 4362 2887 4419 ἀπέθανε.

2315 4455 2388 4510 Ζ’.
2431 4453 2852 4508 Πλατυνθέντων
2899 4455 2956 4509 δὲ
2982 4455 3092 4510 τῶν
3117 4455 3418 4527 ἀνθρώπων
3450 4455 3585 4526 (5|),
3612 4457 3710 4510 καὶ
3732 4457 3828 4526 τῆς

550 4535 822 4596 auctuque
852 4528 1196 4596 posterorum
1226 4533 1419 4589 Adami
1465 4552 1718 4601 numero,
1761 4538 2126 4596 honestissimi

2244 4549 2436 4616 γενεᾶς
2467 4546 2561 4600 τοῦ
2584 4547 2756 4619 ’Δδάμ
2780 4548 3253 4620 ὲπεκτεινομένης,
3288 4551 3322 4620 ἡ
3349 4550 3605 4622 ἀκρίϐεια
3632 4551 3665 4620 ἡ
3691 4551 3828 4603 κατὰ

552 4620 885 4673 matrimonii
900 4621 1091 4689 pudori
1108 4625 1542 4682 accuratioribus
1558 4629 1815 4697 paulatim
1831 4632 2038 4701 legibus
2051 4640 2126 4688 csl

2242 4615 2336 4693 τὸν
2373 4639 2551 4710 γάμον
2581 4638 2672 4694 τὸν
2707 4615 2902 4711 σεμνὸν
2942 4615 3271 4695 ἐπλατύνετο
3310 4615 3558 4712 *καθεξῆς
3599 4615 3824 4713 προϐαί-

551 4710 886 4764 consultum.
908 4709 1011 4765 Ubi
1039 4713 1182 4786 enim
1199 4713 1409 4770 Adamo
1443 4716 1534 4771 ﬁlii
1573 4733 1638 4796 ac
1665 4728 1891 4789 nepotes
1932 4722 2142 4794 obtige-

554 4812 798 4868 runt;ex
837 4803 1012 4872 iisque
1031 4804 1152 4860 ﬁlia:
1168 4808 1383 4877 generis
1411 4812 1764 4868 successione
1797 4823 2137 4885 procreatae;

554 4899 670 4947 tum
688 4893 906 4949 demum
925 4909 1144 4953 sorores
1167 4899 1222 4954 in
1241 4901 1591 4956 matrimonio
1611 4902 1813 4959 habere
1830 4920 1938 4960 non
1959 4906 2137 4966 licuit.

555 4983 742 5057 Itaque
786 4988 870 5044 vel
901 4994 1027 5044 ante
1053 4989 1315 5070 scriptam
1353 5008 1384 5046 a
1426 4991 1611 5065 Moyse
1638 4991 1835 5066 Legem
1881 4995 2140 5055 honesta-

2246 4747 2434 4783 νουσα.
2462 4729 2574 4784 Καὶ
2598 4730 2832 4803 ἐπείπερ
2873 4731 3127 4800 γεγόνασι
3158 4732 3348 4796 παῖδες
3386 4733 3465 4802 τῷ
3495 4729 3690 4804 Ἀδὰμ,
3737 4731 3830 4786 καὶ

2248 4823 2436 4885 παῖδες
2473 4821 2676 4876 παίδων
2697 4839 2712 4853 ·
2743 4822 3038 4895 θυγατέρες
3069 4824 3126 4878 δὲ
3157 4827 3221 4878 ὲκ
3249 4825 3454 4879 τούτων
3478 4825 3622 4879 κατά
3661 4826 3827 4880 διαδο-

2247 4913 2348 4982 χὴν
2383 4911 2575 4981 γένους
2606 4913 3008 4986 ἐγεννήθησανο
3044 4913 3229 4968 λοιπὸν
3273 4915 3458 4969 οὐκέτι
3502 4919 3602 4979 τὰς
3650 4918 3832 4969 αὐτῶν

2246 5002 2482 5074 ἀδελφὰς
2516 5005 2653 5075 πρὸς
2681 5004 2859 5077 γάμον
2880 5005 3096 5078 ἧγοντο.
3113 5003 3273 5059 una
3303 5009 3384 5070 είς
3415 5005 3677 5077 εὐνομίαν
3700 5024 3832 5060 κατ-

629 5143 644 5174 ¹
672 5143 807 5201 Gen.
843 5162 918 5212 tv,
947 5147 1000 5202 1.
1074 5151 1095 5181 ³
1134 5148 1267 5205 ibid.
1346 5150 1366 5182 ³
1397 5151 1528 5206 ibid.
1564 5152 1617 5207 2.
1693 5152 1714 5185 ⁸
1749 5154 1880 5212 ibid.
1917 5157 2007 5214 25.
2082 5161 2103 5192 ⁸
2126 5159 2262 5217 Gen.
2295 5178 2348 5227 v,
2379 5163 2434 5220 4.

629 5259 740 5339 (ει)
798 5264 1265 5339 ῌηλατυνθᾷντων
1319 5266 1386 5339 δὲ
1434 5267 1554 5322 τῶν
1605 5270 1952 5339 ἀνθρώπων.
2003 5274 2128 5331 Πίος

557 5329 776 5415 quidem
819 5329 1104 5415 Epiphanii
1135 5337 1404 5415 sententia
1438 5329 1838 5415 cst_,_qu:im__et
1870 5329 2134 5415 Augusti;

562 5397 665 5479 nus
694 5397 785 5479 lib.
825 5397 936 5479 nili
968 5413 1109 5460 cont.
1141 5403 1341 5479 ΔΙῖαιιει.
1386 5424 1504 5479 cap.
1532 5397 1623 5472 35:
1652 5421 1706 5465 et
1741 5397 2131 5472 ιίιίειοὶὶἠῗὲᾱήι.

568 5466 776 5522 Ilelvid.
823 5477 1046 5551 tuentur
1079 5489 1092 5524 :
1125 5466 1717 5551 Abrahami'tempore
1778 5466 2138 5541 nefas'fuis's—e

561 5553 782 5614 sorores
826 5554 892 5593 ex
931 5542 1103 5614 altero
1144 5556 1368 5614 parente
1409 5542 1630 5605 ducere.
1679 5551 1784 5607 Sed
1834 5557 2136 5610 reclamant

563 5610 838 5682 plerique,
871 5612 963 5681 qui
997 5610 1188 5670 Suram
1219 5617 1510 5675 Abrahami
1540 5636 1785 5679 sororem
1817 5623 1988 5683 fuisse
2020 5643 2131 5684 non

2237 5280 2512 5347 dubitant,
2547 5281 2698 5353 quod
2721 5292 2776 5338 et
2807 5281 3156 5353 Abrahamus
3182 5280 3319 5351 ipse,
3344 5279 3601 5353 Genuum,
3629 5281 3832 5338 diserte

2238 5353 2548 5432 proﬁtetur.
2567 5350 2708 5432 'lm_9_
2724 5369 2855 5409 vero
2877 5363 2949 5432 et‘
2969 5350 3464 5432 Davidis_’tempore
3493 5350 3740 5432 fortasse
3768 5355 3832 5405 li-

2237 5421 2368 5479 cuit.
2398 5425 2610 5495 Alioqui
2648 5423 2889 5478 Thamar
2922 5422 3136 5476 Amnon
3195 5421 3348 5476 fratri
3375 5439 3500 5495 _suo
3543 5439 3654 5495 non
3683 5423 3828 5495 dicc-

2237 5503 2340 5557 ret,
2373 5504 2518 5574 utﬁse
2539 5492 3176 5574 conjugemumparcnt‘e
3210 5493 3511 5574 postularet
3544 5533 3558 5560 ,
3606 5492 3650 5548 ll
3699 5494 3833 5566 licg.

2243 5582 2398 5622 xxiii.
2431 5563 2755 5638 Quanquam
2783 5566 2898 5626 scio
2924 5564 3038 5620 bmc
3076 5565 3233 5620 aliter
3263 5563 3458 5636 accipi.
