3932 6064
191 232 302 288 673

839 231 1211 290 ADVERSUS
1251 233 1592 290 IIERESES
1629 234 1760 292 LIB.
1803 234 1844 291 1.
1885 233 2049 291 TOM.
2088 234 2176 290 Ill.
2219 265 2286 275 —
2328 233 2602 292 lixERES.
2645 235 2891 294 XXXIX.

3385 234 3490 294 (37’.

189 349 346 416 έστη,
383 344 480 398 καὶ
527 342 634 415 πρδ
683 344 779 398 τοῦ
821 343 910 399 διὰ
940 348 1224 412 Μωῦσέως
1263 349 1542 420 ἐγγράφου
1574 351 1787 422 νόμουί

1901 365 2022 402 rum
2055 349 2372 420 nuptiarum
2422 357 2602 405 status
2632 351 2855 420 optimis
2885 348 3120 404 decretis
3159 354 3494 408 constitutus

190 437 337 490 κατὰ
373 435 469 490 τὸν
503 435 703 506 σεμνὸν
725 437 903 506 γάμον
938 436 1139 508 θεσμός
1159 454 1173 468 ·
1206 439 1301 492 καὶ
1333 441 1398 492 ἑκ
1425 439 1535 492 τῶν
1577 457 1792 512 πατρα-

185 527 407 597 δέλφων
433 526 618 580 αὐτῶν
659 525 758 591 τὰς
785 528 1030 599 γαμετὰς
1055 529 1265 583 ἑαυτῶν
1294 531 1508 601 ἤγοντο.
1546 533 1657 585 Kal.
1703 533 1794 586 οῦο

189 636 272 670 τω
300 615 726 688 πλατυνομένων
757 619 884 689 ἄρτι
916 620 1025 672 τῶν
1054 619 1358 692 ἀνθρώπων
1403 623 1568 695 ἑμίγη
1608 623 1677 677 τά
1701 624 1795 678 δύο

187 710 350 782 γένη,
384 709 480 764 τοῦ
523 727 584 762 τε
618 710 760 764 Κάῖν
797 710 936 784 πρὸς
965 711 1026 765 τὸ
1055 712 1212 781 γένος
1239 714 1332 768 τοῦ
1367 715 1501 787 Σὴθ,
1553 717 1650 770 καὶ
1696 717 1791 770 τοῦ

189 801 303 872 Σὴθ
339 801 477 873 πρὸς
503 801 752 873 θάτερον,
782 801 878 856 καὶ
913 802 982 856 τὰ
1027 803 1162 858 ἄλλα
1188 805 1297 860 τῶν
1333 808 1464 862 υἱῶν
1500 807 1594 862 τοῦ
1622 808 1794 880 Ἀδὰμ

187 892 350 962 γένη.
369 891 649 945 Ἐντεῦθεν
671 891 855 946 λοιπὸν
876 892 972 946 τοῦ
993 895 1383 968 κατακλυσμοῦ
1409 898 1581 971 ἄρδην
1601 900 1662 953 τὸ
1685 903 1794 954 πᾶν

187 982 297 1053 τῆς
327 981 570 1046 στάσεως
611 981 722 1036 τῶν
771 983 1077 1056 ἀνθρώπων
1102 988 1489 1054 ἀπολέσαντος,
1514 990 1786 1060 διαπεφύσι

189 1073 394 1127 λακται
425 1073 584 1144 μόνος
607 1074 734 1127 Νῶε
763 1075 940 1147 εὑρὼν
961 1077 1121 1148 χάριν
1148 1078 1300 1150 παρὰ
1321 1079 1400 1150 τῷ
1426 1080 1564 1151 Θεῷ,
1585 1081 1794 1147 δίκαιος

190 1163 444 1235 εὑρεθεὶς
475 1164 536 1218 ἑν
564 1165 630 1235 τῇ
660 1165 782 1218 κατ’
808 1167 986 1219 ἑκεῖνο
1011 1167 1204 1238 καιροῦ
1235 1172 1418 1242 γενεᾷ.
1447 1172 1712 1243 Λάρνακα
1735 1172 1792 1225 δὲ

191 1257 340 1311 κατὰ
361 1257 430 1310 τὰ
463 1257 567 1328 ήδη
601 1258 868 1329 πρότερον
901 1259 1034 1330 ἡμῖν
1076 1262 1343 1332 εἰρημένα
1387 1263 1793 1318 κατεσκεύασεν

192 1347 380 1419 ἑαυτῷ
409 1350 474 1402 ἑκ
504 1349 930 1421 προστάγματος
971 1350 1128 1417 Θεοῦ,
1163 1353 1239 1417 ὡς
1266 1355 1484 1425 ἔχουσιν
1514 1357 1569 1408 αἰ
1600 1355 1788 1426 ἀληθι-

191 1439 286 1490 ναὶ
315 1437 550 1510 Γραφαί.
581 1439 670 1491 Ἑν
798 1439 1160 1495 διασεσῶσθαι
1208 1445 1240 1513 ὴ
1289 1443 1427 1516 αύτὴ
1470 1445 1668 1513 φάσκει
1692 1444 1794 1514 τῆς

204 1530 494 1600 Ἀληθείας
525 1529 707 1600 βίϐλος
735 1531 898 1584 αὐτόν
921 1549 980 1584 τε
1011 1532 1104 1584 καὶ
1133 1533 1235 1597 τὰς
1263 1537 1670 1607 προειρημένας
1695 1539 1792 1591 αύ-

188 1625 272 1696 τῷ
305 1627 422 1696 ἅμα
447 1625 586 1678 ἑπτὰ
615 1624 792 1694 ψυχάς
813 1641 828 1655 ·
862 1626 1006 1696 φημὶ
1041 1627 1099 1680 δὲ
1135 1628 1233 1699 τήν
1269 1645 1327 1680 τε
1366 1629 1504 1683 ἰδίαν
1535 1631 1788 1700 σύζυγον,

1896 447 2001 493 est.
2037 438 2180 510 Ergo
2208 438 2572 496 consobrinas
2599 440 2802 497 ducere
2829 456 2948 496 mos
2980 439 3098 494 fuit.
3135 440 3250 507 Qua
3277 443 3490 499 ratione

1898 530 2105 586 factum
2136 537 2222 588 est
2246 540 2328 596 ut,
2351 532 2728 603 multiplicatis
2748 533 3082 598 hominibus,
3110 535 3218 587 duo
3243 535 3296 588 in
3317 551 3489 590 unum

1896 636 2095 692 genera
2132 621 2518 687 miscerentur.
2553 622 2711 679 Caini
2743 623 2996 680 videlicet
3035 641 3098 680 ac
3134 609 3320 694 Sethi;
3370 635 3486 680 tum

1897 711 2160 782 deinceps
2194 713 2418 784 reliqua:
2452 713 2688 770 filiorum
2722 714 2914 770 Adami
2943 717 3141 788 stirpes
3170 719 3483 788 promiscue

1891 804 2276 876 iungerentur.
2320 805 2516 864 Poswa
2561 823 2686 863 cum
2733 822 2998 878 aquarum
3043 811 3341 865 exundatio
3382 810 3485 865 hu-

1895 897 2044 951 mani
2084 898 2300 968 generis
2331 906 2532 952 statum
2587 898 2832 956 funditus
2877 900 3190 965 delevisset,
3226 919 3370 959 unus
3417 920 3486 958 ex

1897 989 2154 1044 omnibus
2191 987 2430 1044 Noemus
2461 997 2711 1046 servatus
2744 999 2849 1056 est,
2895 992 2986 1062 qui
3027 993 3304 1062 gratiosus
3339 994 3485 1061 apud

1898 1076 2067 1132 Deum
2117 1079 2422 1144 exstiterat,
2482 1080 2626 1150 quod
2660 1087 2820 1136 aetate
2866 1096 2963 1135 sua
2995 1079 3182 1156 justus
3219 1091 3365 1137 esset
3410 1083 3489 1136 in-

1894 1179 2108 1224 ventus.
2146 1169 2267 1234 llic,
2296 1179 2356 1223 ut
2389 1178 2514 1226 ante
2547 1171 2996 1234 memoravimus,
3030 1186 3213 1226 arcam
3246 1172 3349 1227 sibi
3378 1171 3493 1228 Deo

1887 1259 2121 1330 jubente
2177 1261 2478 1316 fabricatus
2526 1271 2666 1328 εει,¹
2702 1263 3164 1332 quemadmodum
3225 1277 3486 1332 germana

1892 1351 2092 1407 divinae
2125 1352 2258 1423 legis
2308 1353 2648 1407 monimenta
2699 1360 2992 1409 testantur.
3025 1353 3138 1420 Qua
3172 1353 3389 1423 quidem
3431 1353 3488 1407 in

1893 1455 2019 1495 arca
2047 1450 2324 1496 servatum
2353 1441 2615 1496 Noemum
2643 1443 2696 1497 in
2720 1444 2908 1498 eodem
2934 1444 3161 1499 sincera:
3185 1443 3487 1514 Scriptum:

1894 1535 2174 1588 volumine
2222 1534 2497 1604 proditum
2547 1542 2654 1602 est,
2689 1549 2816 1588 cum
2861 1550 3035 1605 eoque
3091 1544 3318 1604 septem,
3365 1551 3489 1605 qum

1894 1633 2020 1681 ante
2053 1625 2481 1690 nominavimus,
2507 1627 2709 1696 capita,
2740 1627 2841 1681 hoc
2870 1634 2965 1690 est
2996 1627 3284 1700 conjugem
3311 1627 3486 1698 ipsius

189 1722 291 1774 καὶ
335 1721 462 1782 τοὺς
503 1721 654 1789 τρεῖς
694 1718 883 1784 υἱοὺς,
921 1720 1186 1787 γυναῖκάς
1228 1737 1288 1772 τε
1342 1720 1550 1774 τούτων
1589 1721 1787 1793 ὁμοίως

1893 1731 2019 1772 cum
2077 1718 2255 1773 tribus
2296 1717 2508 1780 liberis,
2557 1733 2621 1772 ac
2675 1717 2901 1772 totidem
2957 1734 3147 1774 eorum
3198 1720 3485 1775 uxoribus.

189 1810 702 1884 τρεῖς.Ἐκ,τούτου
748 1810 804 1864 δὲ
850 1809 1078 1881 λείψανα
1122 1811 1456 1883 γεγενῆσθαι
1495 1815 1597 1883 τῆς
1647 1815 1787 1870 κατά

1899 1809 2265 1877 Quamobrem
2292 1811 2509 1880 generis
2538 1810 2768 1863 humani
2794 1811 3054 1880 reliquias
3082 1811 3137 1866 in
3165 1812 3310 1866 hunc
3332 1829 3489 1866 mun-

190 1904 286 1959 τὸν
320 1904 606 1976 ἄνθρωπον
647 1903 960 1967 συστάσεως
995 1905 1053 1956 ἑν
1082 1904 1273 1975 κόσμῳ
1305 1904 1467 1958 πάλιν
1497 1906 1531 1977 ἡ
1562 1905 1787 1977 ἀλήθεια

1893 1899 2019 1954 dum
2055 1914 2084 1953 a
2115 1897 2322 1954 Noemo
2348 1900 2644 1971 productas
2675 1916 2798 1956 esse
2833 1903 3080 1957 veritatis
3121 1903 3296 1972 ipsius
3329 1903 3486 1958 testi-

191 1995 534 2066 συνίστησιν.
563 1993 726 2048 Ὅθεν
772 1994 916 2048 κατὰ
962 1994 1154 2063 γενεὰν
1201 1995 1642 2067 προϐαινόντων,
1694 1998 1787 2050 καὶ

1893 1991 2077 2046 monio
2116 2000 2355 2048 constat.
2403 1991 2482 2046 Ex
2525 2008 2636 2063 quo
2676 1993 3038 2064 multiplicata
3075 1995 3250 2064 prole,
3296 2010 3488 2065 perpo-

188 2086 340 2141 κατά
369 2087 622 2157 διαδοχὴν
648 2084 767 2140 υίοῦ
795 2086 1006 2158 πατέρα
1042 2083 1446 2159 διαδεχομένόυ,
1474 2089 1556 2152 εἰς
1596 2088 1790 2156 γενεάς

186 2180 358 2233 πέντε
392 2180 422 2232 ὁ
448 2177 583 2232 αἰὼν
611 2178 864 2250 ἑλήλακε.

265 2267 372 2323 Καὶ
421 2269 611 2337 γέγονε
666 2263 791 2323 κατ’
811 2270 985 2322 ἐκεῖνο
1029 2268 1223 2341 καιροῦ
1270 2270 1304 2342 ἡ
1343 2269 1446 2340 τῆς
1472 2270 1789 2336 Βαϐυλῶνος

189 2361 375 2423 κτίσις
403 2359 461 2412 ἑν
490 2362 558 2431 τῇ
587 2359 696 2413 τῶν
725 2359 1030 2432 Ἀσσυρίων
1057 2364 1151 2432 γῇ,
1187 2361 1282 2414 καὶ
1312 2363 1341 2414 ὁ
1368 2362 1460 2413 ὑπ’
1489 2361 1670 2415 αὐτῶν
1707 2363 1788 2415 οἰ-

190 2449 523 2522 κοδομηθεὶς
572 2451 694 2504 τότε
740 2447 1160 2523 πύργος.Ἦσαν
1206 2451 1263 2505 δὲ
1311 2451 1453 2505 κατὰ
1483 2452 1671 2506 τοῦτον
1698 2452 1788 2506 τὸν

187 2541 408 2613 καιρὸν,
445 2542 520 2605 ὼς
551 2540 652 2612 ήδη
682 2541 741 2595 ὲν
767 2543 886 2604 ταῖς
922 2541 1189 2614 πρότερον
1229 2540 1476 2611 αἱρέσεσι
1517 2541 1785 2612 διηγησά-

192 2653 328 2708 μην,
357 2634 500 2688 κατὰ
527 2635 621 2688 τὸν
651 2635 842 2707 εἱρμὸν
866 2634 975 2688 τῶν
1004 2636 1116 2690 ἄνω
1149 2651 1241 2704 μοι
1282 2633 1487 2702 γενεῶν
1518 2651 1786 2705 πραγμα-

187 2726 489 2781 τευθεισῶν
518 2728 568 2780 οἱ
602 2727 805 2791 πάντες
838 2726 1302 2798 ἑϐδομηκονταδύο
1330 2726 1523 2798 ἄνδρες
1555 2725 1648 2779 τὸν
1677 2726 1792 2798 ἀρι-

188 2818 354 2889 θμὸν,
383 2818 618 2889 ἁρχηγοί
650 2834 708 2870 τε
743 2816 836 2869 καλ⁸
876 2815 1269 2884 κεφαλαιῶται,
1297 2814 1392 2868 τοῦ
1422 2815 1520 2886 μὲν
1548 2816 1680 2887 Χὰμ
1703 2815 1792 2885 γέ-

188 2923 318 2968 νους
366 2904 778 2978 τριακονταδύο,
812 2905 906 2958 καὶ
947 2904 1040 2958 τοῦ
1076 2905 1196 2976 Σὴμ
1229 2905 1551 2971 δεκαπέντε,
1590 2905 1684 2960 τοῦ
1731 2906 1788 2959 δὲ

203 2997 383 3066 Ἰάφεο
417 2997 755 3050 εἰκοσιπέντε
775 2997 812 3053 ί.
846 2996 956 3050 Kal.
982 2995 1154 3060 οὕτως
1183 2999 1212 3050 ὁ
1241 2996 1452 3068 πύργος
1490 2997 1584 3050 καὶ
1613 2998 1646 3068 ἡ
1679 2997 1786 3050 Βα-

188 3088 369 3142 ϐυλὼν
415 3088 764 3156 ἐγένετο.Ἐκ
800 3087 1007 3141 τούτων
1042 3087 1420 3159 διεσπάρησαν
1462 3089 1557 3141 ἐπὶ
1606 3089 1788 3143 πᾶσαν

188 3181 292 3253 τὴν
320 3181 422 3251 γῆν
448 3180 612 3248 φυλαί
645 3197 706 3233 τε
735 3180 828 3233 καὶ
859 3179 1125 3248 γλῶσσαι.
1159 3181 1271 3234 Καὶ
1301 3179 1531 3252 ἐπείπερ
1563 3182 1614 3234 οἰ
1640 3181 1790 3234 ἑϐδοο

193 3271 537 3342 μηκονταδύο
589 3272 710 3324 τότε
773 3272 866 3326 τὸν
928 3271 1138 3342 πύργον
1204 3271 1614 3342 οἰκοδομοῦντες
1667 3276 1790 3338 ταῖς

191 3363 470 3429 γλώσσαις
495 3363 955 3435 διεσκεδάσθησαν
990 3362 1368 3434 συγχυθέντες,
1405 3365 1498 3418 καὶ
1523 3364 1630 3418 ἀπὸ
1657 3367 1790 3436 μιᾶς

187 3449 260 3526 ἦς
286 3453 485 3525 ᾔδεσαν
529 3455 964 3526 ὲμπνευσθέντες
1007 3458 1072 3509 ὲκ
1103 3454 1238 3509 Θεοῦ
1269 3455 1595 3528 βουλήσεως,
1633 3457 1791 3521 ἄλλος

188 3545 360 3615 ἄλλην
385 3546 707 3616 ἐσχήκασιν.
728 3545 817 3612 Ἐξ
836 3538 1020 3617 ὧνπερ
1046 3547 1141 3599 xal
1164 3547 1325 3618 μέχρι
1353 3546 1568 3620 δεῦροή
1598 3547 1792 3602 σύστα-

187 3653 277 3701 σις
313 3636 422 3690 τῶν
466 3637 666 3690 λαλιῶν
705 3637 1025 3709 ἐνέστηκεν
1057 3637 1198 3692 ὥστε
1230 3639 1542 3712 βουλομένῳ
1575 3640 1788 3696 ἔνεστιν

191 3730 376 3801 εὑρεῖν
397 3730 625 3784 ἕκαστον
654 3731 894 3804 ἀρχηγὸν
918 3732 1156 3803 ἑκάστης
1182 3731 1435 3804 γλώσσης
1454 3749 1467 3763 ·
1497 3732 1574 3796 ὡς
1595 3733 1787 3788 Ἰωυὰν

193 3823 297 3894 μὲν
351 3821 451 3894 τὴν
493 3822 772 3894 Ἑλληνίδα
823 3823 1001 3895 ἔσχεν,
1035 3825 1095 3889 ἑξ
1126 3817 1299 3896 οὗπερ
1339 3825 1434 3878 καὶ
1465 3826 1653 3889 Ἴωνες
1691 3825 1786 3882 κέ-

187 3917 440 3987 κληνται,
461 3917 510 3970 οἰ
533 3915 634 3988 τὴν
660 3915 898 3971 παλαιὰν
926 3917 1178 3986 γλῶσσαν
1210 3917 1321 3971 τῶν
1347 3917 1614 3990 Ἐλλήνων
1639 3916 1788 3989 ἕχον-

188 4027 281 4072 τες
301 4021 317 4036 ⁸
352 4009 536 4078 Θήρας
583 4007 641 4061 δὲ
692 4009 804 4062 τῶν
834 4009 1097 4082 Θρᾳκῶν⁵
1130 4009 1316 4080 Μοσὸχ
1341 4009 1441 4080 τὴν
1469 4009 1788 4063 Μωσσυνοί-

189 4120 304 4156 κων
335 4101 590 4170 γλῶσσαν
611 4119 625 4133 ο
658 4101 847 4155 Θωϐἑλ
873 4101 971 4173 τὴν
996 4102 1106 4156 τῶν
1134 4101 1418 4156 Θετταλῶν
1437 4118 1451 4132 ο
1481 4101 1666 4155 Ἐλοὺδ
1686 4101 1785 4174 τὴν

188 4193 380 4246 Λυδῶν
398 4208 412 4222 °
445 4193 628 4267 Γεφὰρ
658 4192 757 4265 τὴν
781 4193 1081 4263 Γασφηνῶν
1099 4209 1113 4224 ·
1150 4192 1410 4264 Μιστρὲμ
1435 4192 1536 4265 τὴν
1554 4192 1664 4247 τῶν
1690 4193 1786 4248 Δί-

189 4279 472 4347 γυπτίων·
513 4280 664 4345 Ψοῦς
713 4279 815 4352 τὴν
869 4280 978 4334 τῶν
1009 4279 1379 4352 Ἀξουμιτῶν·
1416 4281 1638 4354 Ἀρμὼτ
1685 4282 1785 4356 τὴν

1893 2091 2099 2152 tuaque
2133 2083 2342 2138 sobolis
2379 2084 2732 2139 successione
2782 2085 3027 2156 quinque
3065 2085 3120 2140 in
3151 2085 3312 2141 terris
3351 2087 3485 2140 stir-

1887 2173 2036 2244 pium
2064 2181 2196 2229 sunt
2229 2173 2367 2228 facta
2400 2175 2660 2229 divortia.
2713 2182 2718 2186 ‘

1959 2264 2080 2330 Quo
2103 2273 2350 2334 tempore
2379 2265 2620 2336 Babylon
2662 2267 2718 2321 in
2763 2265 2991 2338 Assyria
3043 2268 3113 2322 ab
3143 2266 3338 2322 iisdem
3371 2267 3484 2321 illis

1889 2361 2195 2419 exstructa,
2251 2355 2342 2426 qui
2392 2365 2446 2410 et
2501 2356 2699 2410 turrim
2758 2357 3150 2412 condiderunt.
3201 2357 3486 2428 Erantque

1890 2454 2030 2509 tum,
2063 2447 2140 2498 uti
2165 2446 2218 2500 in
2249 2446 2631 2516 superioribus
2656 2447 2954 2504 hmresibus
2976 2465 3040 2504 ex
3065 2451 3483 2518 generationum

1891 2550 1922 2589 a
1953 2535 2114 2591 nobis
2149 2537 2396 2590 instituta
2446 2538 2588 2592 serie
2617 2537 3050 2593 demonstratum
3079 2547 3185 2605 est,
3231 2540 3484 2613 homines

1890 2627 2060 2682 ferme
2086 2643 2232 2682 Lxxn
2255 2628 2507 2699 stirpium
2533 2636 2806 2694 auctores,
2827 2637 2882 2684 et
2901 2631 3101 2700 capita.
3127 2630 3394 2685 Nimirum
3413 2649 3482 2686 ex

1887 2719 2078 2773 Chami
2107 2719 2362 2790 progenie
2393 2736 2540 2774 xxxu
2563 2737 2580 2787 ;
2601 2736 2632 2776 e
2655 2732 2852 2790 genere
2881 2722 3027 2790 Sem,
3061 2738 3161 2789 xv;
3201 2738 3232 2778 e
3265 2721 3481 2793 Japheti

1887 2826 2018 2866 vero
2049 2811 2219 2881 stirpe
2245 2827 2371 2875 xxv,
2406 2828 2529 2867 cum
2557 2813 2728 2867 turris
2761 2813 2850 2866 illa
2888 2829 3012 2868 cum
3044 2815 3321 2885 Babylone
3346 2830 3483 2869 con-

1889 2903 2134 2959 deretur.
2165 2903 2248 2957 Ab
2291 2903 2379 2959 his
2409 2904 2464 2958 in
2495 2904 2815 2960 universum
2835 2905 3036 2960 orbem
3081 2907 3333 2962 nationes
3360 2922 3481 2962 om-

1892 3011 1990 3052 nes
2021 3011 2086 3050 ac
2131 2995 2332 3066 lingua:
2368 2996 2648 3067 dissipatae
2678 3006 2827 3054 sunt.
2858 2997 3224 3070 Posteaquam
3257 3010 3484 3072 septua-

1837 3085 1857 3105 ’
1891 3088 2040 3156 ginta
2090 3087 2166 3141 illi
2223 3088 2353 3152 duo,
2401 3089 2495 3158 qui
2548 3091 2742 3143 turrim
2795 3091 3182 3156 moliebantur,
3233 3093 3484 3151 confusis

1890 3179 2237 3250 linguis,huc
2261 3181 2499 3250 illucque
2527 3181 2763 3252 dispersi
2793 3192 2924 3238 sunt
2972 3191 3027 3238 et
3060 3200 3157 3254 pro
3187 3199 3292 3240 una
3314 3202 3482 3258 quam

1889 3272 2162 3326 callebant
2201 3272 2343 3326 alius
2389 3273 2552 3327 aliam
2582 3289 2646 3328 ex
2692 3273 2872 3328 alllatu
2936 3271 3028 3328 Dei
3095 3289 3158 3328 ac
3198 3275 3484 3329 voluntan

1890 3364 2118 3420 sortitus
2161 3372 2265 3420 εει.
2299 3361 2376 3418 Ex
2407 3381 2518 3436 quo
2562 3365 2627 3420 ad
2681 3365 2822 3421 hanc
2862 3381 3039 3437 usque
3073 3367 3214 3422 diem
3263 3367 3480 3437 lingua-

1888 3471 2011 3510 rum
2066 3458 2246 3512 omnis
2289 3466 2374 3512 cst
2428 3456 2658 3512 conﬂata
2709 3455 2978 3524 varietas,
3031 3475 3264 3529 quarum
3312 3461 3486 3533 289

1889 3548 2333 3620 uniuscujusque
2365 3551 2491 3606 licet
2530 3559 2811 3606 auctorem
2839 3553 2991 3608 nullo
3023 3554 3239 3623 negotio
3280 3553 3478 3624 depre-

1890 3640 2146 3699 hendere.
2214 3639 2307 3696 Sic
2348 3643 2493 3697 enim
2536 3641 2708 3697 Javan
2779 3641 2955 3699 Graeci
3009 3645 3282 3700 sermonis
3329 3647 3481 3716 prin-

1888 3745 2020 3801 ceps
2053 3731 2286 3800 exstitit,
2325 3748 2354 3786 a
2391 3749 2500 3803 quo
2529 3742 2658 3788 sunt
2692 3733 2862 3790 Jones
2891 3739 3281 3806 cognominati,
3309 3755 3479 3810 penes

1887 3838 2027 3893 quos
2055 3826 2259 3880 veteris
2291 3833 2376 3880 est
2403 3825 2605 3879 Grzecae
2648 3825 2850 3895 linguae
2879 3828 3176 3896 possessio.
3215 3828 3260 3880 A
3295 3828 3477 3885 Thera

1889 3911 2164 3967 Thracum
2187 3914 2371 3985 lingua
2394 3913 2637 3985 profecta
2669 3921 2772 3982 est,
2805 3913 3276 3985 Mossyncecornm
3309 3933 3337 3970 a
3370 3917 3479 3972 Mo-

1887 4003 2058 4059 socho
2089 4023 2102 4059 :
2137 4019 2168 4059 a
2205 4004 2458 4062 Thobese
2488 4005 2900 4062 Thessalorum.
2930 4007 3069 4062 Elud
3109 4022 3274 4078 porro
3299 4007 3477 4080 Lydo-

1881 4109 2009 4168 rum
2038 4097 2306 4152 sermonis
2323 4105 2515 4153 auctor
2542 4097 2643 4152 fuit
2665 4115 2680 4165 ;
2703 4098 2778 4151 uti
2805 4096 3218 4167 Gasphenorum
3235 4095 3475 4167 Geplzar,

1888 4186 2272 4259 Egyptiorum
2311 4188 2578 4254 Mistrem,
2633 4188 2776 4245 Psus
2825 4188 3240 4253 Axumitarum,
3283 4191 3478 4246 Armot

1886 4278 2162 4347 Arabum;
2202 4293 2268 4334 ac
2307 4279 2590 4349 deinceps,
2620 4294 2688 4334 ne
2734 4279 3054 4350 singillatim
3099 4295 3474 4351 percenseam,

191 4372 305 4424 τῶν
331 4371 581 4443 Ἀράϐων
600 4391 615 4406 ο
646 4375 743 4428 καὶ⁹
787 4373 896 4428 τῶν
937 4373 1140 4428 λοιπῶν
1177 4374 1429 4438 ἕκαστος,
1455 4374 1544 4428 ἵνα
1577 4374 1654 4446 μὴ
1683 4392 1784 4430 κα-

1893 4386 2001 4428 suaa
2023 4371 2292 4443 cujusque
2312 4372 2511 4443 linguae
2535 4371 2764 4442 reliquis
2792 4381 2878 4428 est
2907 4373 3183 4444 impertita
3218 4375 3470 4430 scientia.

189 4465 322 4519 θένα
382 4464 547 4534 λέγω,
595 4465 732 4522 ἰδίαν
776 4465 1108 4538 ἑνεπνεύσθη
1141 4466 1412 4536 γλῶσσανκ
1462 4466 1572 4522 Καὶ
1618 4466 1791 4532 οὕτως

189 4555 432 4626 ἑκάστης
457 4554 707 4627 γλώσσης
742 4557 776 4627 ἡ
807 4554 1026 4628 διαδοχὴ
1062 4557 1121 4610 ἑν
1147 4555 1229 4626 τῷ
1263 4556 1454 4628 κόσμῳ
1482 4554 1786 4610 πεπλάτυν-

188 4663 297 4699 ται.

259 4734 344 4789 Η’.
388 4734 559 4790 Πόθεν
587 4735 766 4789 τοίνυν
801 4728 946 4791 οὗτοι
990 4734 1442 4810 ἑψευδηγόρησαν
1487 4737 1668 4792 αὐτῶν
1710 4738 1782 4793 τά

190 4829 437 4898 ῥήματα,
463 4827 827 4899 παρενθέντες
851 4828 950 4900 τὴν
975 4829 1184 4882 ἑαυτῶν
1217 4829 1544 4900 μυθοποιίαν
1573 4848 1780 4900 φαντα-

189 4921 432 4990 ζόμενοι,
478 4921 572 4972 καὶ
609 4919 1086 4992 ὀνειροπολοῦντες
1121 4921 1192 4974 τὰ
1241 4921 1317 4994 μὴ
1351 4921 1480 4976 ὄντα
1509 4922 1587 4987 ὡς
1626 4922 1778 4988 ὄντα,

186 5013 282 5064 καὶ
328 5010 402 5063 τά
443 5010 574 5064 ὄντα
613 5009 712 5081 τῆς
749 5009 958 5064 ἑαυτῶν
997 5008 1235 5075 διανοίας
1267 5010 1779 5078 διασκεδαννύντες;

199 5105 364 5158 Ἀλλά
395 5103 457 5156 τὸ
491 5106 600 5158 πᾶν
636 5103 732 5156 τοῦ
775 5101 1025 5156 διαϐόλου
1073 5101 1323 5172 βούλημα
1363 5101 1526 5156 τοῦτο
1576 5093 1788 5157 ἔνεκίσ-

188 5215 322 5269 σησε
355 5199 478 5259 ταῖς
504 5194 613 5248 τῶν
644 5193 952 5266 ἀνθρώπων
988 5193 1212 5264 ψυχαῖς.
1242 5193 1397 5248 Ἐστι
1432 5193 1490 5248 δὲ
1527 5193 1658 5248 ἰδεῖν
1684 5193 1782 5250 καὶ

187 5290 468 5363 θαυμάσαι
495 5287 632 5360 (52),
666 5287 744 5351 ὡς
789 5288 847 5339 ὲν
895 5285 1116 5350 πολλοῖς
1160 5285 1259 5357 μὲν
1306 5285 1632 5357 ἀτοπήμασι
1682 5285 1778 5340 τὸν

1895 4465 2072 4536 Atque
2119 4465 2196 4518 ita
2245 4463 2587 4535 singularum
2645 4465 2928 4521 successio
2980 4474 3066 4524 est
3097 4469 3356 4537 paulatim
3419 4469 3474 4523 in

1891 4557 2026 4613 orbe
2049 4555 2296 4622 dilatata,
2328 4570 2728 4628 progressaque
2755 4556 2991 4628 longius.

1959 4728 2096 4786 VIII.
2149 4730 2281 4799 Quae
2308 4746 2434 4787 cum
2463 4732 2537 4787 ita
2572 4732 2704 4799 sint,
2744 4735 2910 4799 unde,
2959 4750 3169 4806 quaeso,
3216 4735 3467 4792 Semiani

1888 4822 2057 4880 falsas
2094 4824 2218 4880 illas
2247 4825 2598 4881 narrationes
2647 4837 3000 4898 acceperunt,
3029 4829 3159 4884 dum
3205 4839 3260 4885 et
3317 4830 3472 4887 ﬁctas

1885 4915 2100 4973 fabulas
2130 4917 2456 4983 obtrudunt,
2487 4926 2542 4973 et
2574 4933 2694 4990 qum
2721 4935 3001 4990 nunquam
3038 4921 3338 4976 facta-sunt
3371 4937 3472 4992 pro

1886 5008 2037 5064 veris
2059 5009 2207 5066 velut
2249 5011 2588 5067 somniantes
2624 5011 2918 5067 eﬂ'utiunt?
2946 5011 3078 5079 Qua:
3123 5021 3304 5068 autem
3339 5029 3470 5069 vera

1887 5101 2178 5173 solidaque
2218 5111 2369 5167 sunt,
2418 5105 2609 5174 procul
2643 5119 2673 5159 a
2715 5104 2833 5160 suis
2863 5104 2966 5175 ipsi
3015 5105 3292 5160 mentibus
3341 5107 3470 5176 reji-

1883 5193 2060 5248 ciunt.
2092 5191 2200 5250 Sed
2231 5193 2491 5248 nimirum
2531 5201 2708 5250 totum
2739 5193 2888 5250 istud
2913 5210 2980 5251 ex
3008 5195 3137 5250 mali
3184 5195 3469 5251 voluntate

1881 5286 2146 5344 daemonis
2191 5285 2486 5357 amatuque
2535 5295 2865 5362 conceptum
2916 5288 3172 5346 humanis
3233 5288 3467 5361 ingeniis

255 5432 271 5462 ¹
308 5429 440 5488 Cor.
477 5427 571 5482 τοῦ
609 5427 666 5481 δὲ
711 5425 890 5496 Ἰάφεθ
917 5424 1235 5490 δεκαπέντε,
1264 5426 1358 5480 τοῦ
1390 5424 1447 5479 δὲ
1482 5423 1603 5496 Σὴμ
1623 5423 1984 5482 εἰκοσιπέντε.

277 5547 369 5613 52)
416 5546 587 5599 Ἔστι
616 5543 686 5596 δὲ
729 5540 877 5594 ἰδεῖν
912 5539 1010 5613 καί
1037 5539 1377 5613 θαυμάσαι.
1417 5537 1542 5594 Haec
1570 5539 1639 5593 de
1664 5539 1774 5613 dae.

189 5609 443 5673 monibus
493 5613 767 5670 sententia
823 5625 854 5664 a
909 5609 1126 5665 Justino
1175 5611 1412 5680 primum
1469 5610 1766 5680 manavit:

185 5703 414 5761 eamque
443 5693 636 5757 postea
669 5682 908 5737 Irenmus
933 5678 1216 5751 amplexus
1252 5689 1334 5738 est
1381 5681 1475 5737 lib.
1511 5695 1562 5746 v,
1595 5693 1646 5735 c.
1675 5678 1765 5734 26.

1883 5539 2016 5598 Vide
2049 5540 2249 5598 Euseb.
2280 5541 2486 5599 uiator.
2514 5543 2606 5601 lib.
2642 5561 2714 5612 tv,
2739 5559 2790 5602 c.
2823 5542 2908 5597 l7.
2934 5543 3065 5612 Quae
3091 5553 3270 5599 tamen
3299 5539 3461 5610 vulgo

1881 5627 1988 5668 non
2023 5614 2306 5685 probatur.
