3932 6064
516 255 624 312 C75

1928 243 1986 301 S.
2029 239 2374 300 EPIPHAN'II

3698 235 3820 294 6?6

514 371 770 430 adhaesit.
812 367 930 436 Qua
952 369 1002 425 in
1037 382 1098 423 re
1132 383 1242 422 non
1261 367 1448 422 minus
1477 363 1939 438 considerandum
1969 365 2102 420 illud

2213 360 2498 432 ἄνθρωπον
2525 357 2798 429 ήπάτησε,
2820 353 2916 409 καὶ
2949 355 3024 418 τίς
3051 353 3398 426 παρανομίαν
3419 352 3811 420 κατέσπασεν,

516 481 682 538 quam
725 461 1128 518 admirandum‘
1153 460 1319 522 venit,
1355 459 1816 530 quemadmodum
1856 459 1946 513 illc
1975 473 2101 513 cum

520 551 770 605 homines
802 547 856 601 in
887 545 1130 602 absurda
1157 543 1492 614 indignaque
1518 543 1924 613 quamplurima
1953 541 2106 597 frau-

517 634 772 688 dulenter
815 629 1133 700 pellexerit,
1189 636 1352 697 atque
1405 627 1459 680 in
1509 627 1690 684 scelus
1740 627 2103 700 pertraxerit,

520 722 708 782 stupra
743 710 1021 774 videlicet,
1055 707 1347 774 adulteria,
1380 707 1655 771 libidiues,
1703 706 1973 762 idolorum
2008 721 2104 762 su-

519 801 870 870 perstitioues
917 813 982 855 ac
1011 797 1344 868 prmstigias,
1370 796 1723 868 profusiones
1750 796 2104 869 sanguinum,

519 893 742 962 rapinas
803 900 857 947 et
887 890 1228 945 insatiabiles
1254 889 1606 958 cupiditates,
1643 888 1840 953 aleam,
1893 887 2107 943 voraci-

490 995 711 1051 ,tatem,
744 985 962 1054 aliaque
1008 983 1059 1037 id
1093 998 1268 1053 genus
1311 980 1539 1052 ﬂagitia,
1593 995 1877 1051 nunquam
1921 987 2106 1036 tamen

522 1084 652 1130 ante
687 1073 897 1129 Christi
937 1070 1249 1126 Servatoris
1279 1070 1598 1137 adventum,
1649 1071 2105 1126 contumeliosam

524 1168 582 1222 in
617 1166 904 1221 Dominum
941 1181 1101 1221 suum
1125 1165 1336 1236 jactare
1380 1179 1592 1227 vocem,
1632 1163 1715 1219 vel
1745 1163 2010 1220 rebellare
2037 1163 2110 1219 sit

525 1275 717 1317 ausus.
749 1258 1121 1328 Exspectahat
1146 1257 1418 1328 siquidem
1445 1257 1574 1311 dum
1606 1255 1861 1311 Christus
1885 1256 2110 1312 adveni-

525 1360 631 1419 ret,
667 1359 726 1406 ut
757 1352 842 1406 vel
891 1352 1006 1421 ipse
1037 1350 1342 1420 proﬁtetur,
1393 1349 1479 1405 his
1510 1349 1693 1405 verbis
1725 1368 1738 1403 :
1769 1348 1845 1403 De
1893 1357 1942 1405 te
1973 1348 2107 1413 scri-

525 1448 678 1512 ptum
709 1448 794 1499 est
821 1460 835 1494 :
862 1440 1128 1506 Quoniam
1158 1440 1357 1511 angelis
1388 1439 1500 1494 suis
1545 1440 1818 1494 mandabit
1864 1441 1929 1494 de
1963 1451 2034 1503 te,
2060 1450 2110 1496 et

524 1534 580 1586 in
629 1531 871 1587 manibus
901 1531 1189 1602 portabunt
1239 1541 1286 1587 te
1317 1533 1356 1586 ⁸.
1410 1530 1546 1586 Illud
1585 1533 1730 1586 enim
1778 1540 2039 1603 perpetuo
2079 1548 2111 1587 a

525 1623 809 1695 prophetis
835 1624 1150 1680 nuntiatum
1179 1622 1453 1688 audierat,
1491 1622 1694 1677 Christi
1727 1622 1941 1679 Domini
1976 1639 2113 1694 prae-

2206 451 2287 514 εἷς
2315 467 2376 504 τε
2404 448 2660 520 πορνείας
2685 449 2781 501 καὶ
2817 445 3086 518 μοιχείας,
3116 447 3209 499 καὶ
3236 444 3550 514 ἀσελγείας,
3584 445 3785 502 είδωλο

2211 541 2409 612 μανίας
2434 557 2495 593 τε
2535 540 2629 593 καὶ
2671 538 2947 609 γοητείας,
2981 539 3075 592 καὶ¹
3112 537 3575 608 αἱματεκχυσίας,
3615 539 3800 609 ἁρπα-

2207 631 2310 697 γάς
2337 645 2397 681 τε
2442 627 2536 682 καὶ
2578 625 2918 697 ἀπληστίας,
2950 625 3177 693 κυϐείας
3218 643 3280 680 τε
3323 628 3418 681 καὶ
3457 627 3806 696 ἀδηφαγίας,

2207 719 2302 772 καὶ
2329 718 2430 771 ὅσα
2478 715 2736 776 τοιαῦτα*
2773 715 3010 786 οὐδαμοῦ
3055 715 3252 788 stme
3279 718 3378 787 τῆς
3414 715 3510 770 τοῦ
3557 712 3806 789 Χριστοῦ

2208 807 2511 882 παρουσίας
2542 809 2842 879 ἐτόλμησεν
2871 808 2952 871 εἰς
2971 807 3063 862 τὸν
3093 806 3292 863 ἑαυτοῦ
3324 809 3610 880 Δεσπότην
3632 808 3809 881 φθέγ-

2209 883 2754 971 ξασθαιβλὰσφημόν
2787 916 2909 954 τινα
2938 897 3119 967 λόγον,
3153 899 3188 968 ἢ
3218 899 3480 971 ἄνταρσιν
3519 897 3804 973 ἐννοῆσαι.

2222 992 2478 1064 Ἀνέμενε
2505 991 2616 1063 γὰρ
2645 991 2746 1062 τὴν
2771 989 2866 1046 τοῦ
2889 989 3128 1063 Χριστοῦ
3159 994 3486 1062 παρουσίαν,
3515 993 3595 1058 ὡς
3614 993 3772 1062 λέγει
3789 1011 3803 1025 ο

2209 1084 2350 1152 Περὶ
2402 1082 2521 1139 σοῦ
2569 1083 2892 1154 γέγραπται
2909 1122 2925 1145 ,
2967 1083 3057 1136 ὄτι
3103 1083 3230 1151 τοῖς
3277 1085 3556 1156 ἀγγέλοις
3609 1087 3807 1142 αὐτοῦ

2208 1173 2533 1230 ἐντελεῖται
2562 1174 2697 1244 περὶ
2735 1174 2876 1239 σοῦ,
2913 1173 3013 1229 καί
3041 1174 3141 1229 ἐπί
3185 1175 3400 1244 χειρῶν
3442 1177 3666 1246 ἀροῦσί
3705 1195 3804 1232 σε.

2216 1267 2418 1320 Ἤκουε
2449 1265 2559 1337 γὰρ
2599 1266 2686 1320 ἀεὶ
2722 1264 2831 1320 τῶν
2860 1267 3156 1337 προφητῶν
3185 1267 3668 1337 καταγγελλόντων
3701 1272 3808 1342 τὴν

2212 1357 2452 1430 Χριστοῦ
2484 1356 2812 1429 παρουσίαν,
2841 1355 3109 1430 λύτρωσιν
3147 1359 3414 1430 ἐσομένην
3461 1360 3571 1414 τῶν
3615 1363 3805 1434 ἁμαρ-

2211 1449 2516 1519 τησάντων,
2553 1449 2648 1502 καὶ
2683 1447 2774 1502 διὰ
2813 1446 3053 1520 Χριστοῦ
3099 1450 3540 1519 μετανοούντωνο
3577 1453 3805 1524 ἐνόμιζέ

2213 1557 2274 1592 τε
2306 1538 2602 1606 τεύξασθαι
2629 1556 2776 1603 τινος
2801 1540 3000 1604 ἐλέους.
3035 1541 3164 1595 Ὅτε
3197 1541 3255 1595 δὲ
3283 1539 3422 1596 εἶδεν
3459 1545 3489 1596 ὁ
3513 1544 3688 1608 τάλας
3710 1546 3805 1599 τὸν

2215 1629 2450 1702 Χριστὸν
2479 1630 2556 1701 μὴ
2589 1629 2882 1702 δεξάμενον
2906 1630 3072 1685 αὑτοῦ
3094 1631 3191 1703 τὴν
3219 1633 3348 1704 περὶ
3382 1635 3657 1706 σωτηρίας
3683 1639 3808 1690 επι-

525 1716 758 1772 sentiam
791 1730 981 1771 eorum
1004 1714 1437 1785 redemptionem
1467 1713 1603 1776 fore,
1638 1714 1733 1784 qui
1767 1727 2108 1784 peccassent,

2215 1720 2475 1792 στροφὴν,
2508 1721 2727 1787 ἀνοίξας
2757 1723 2820 1776 τὸ
2841 1723 3017 1795 στόμα
3045 1725 3186 1784 κατὰ
3220 1725 3315 1778 τοῦ
3347 1726 3475 1780 ἰδίου
3502 1728 3805 1794 Δεσπότου,

526 1825 592 1865 ac
628 1809 1004 1881 pmnitentiam
1053 1807 1419 1877 susciperent.
1451 1805 1635 1872 Quare
1665 1813 1718 1861 et
1754 1807 1870 1877 ipse
1897 1808 2116 1866 miseri-

2213 1812 2314 1883 τὴν
2344 1813 2696 1885 βλασφημίαν
2735 1813 3003 1887 ὲξήμεσε,
3042 1818 3155 1879 τοῖς
3191 1814 3502 1889 ἀνθρώποις
3545 1819 3806 1874 ὑπόνοιαν

529 1899 731 1954 cordia:
758 1897 1009 1954 nonnihil
1045 1912 1104 1954 se
1135 1903 1564 1952 consecuturum
1597 1896 1870 1966 sperabat.
1911 1895 2111 1960 Verum

2213 1903 2491 1974 ἐμϐαλὼν,
2521 1905 2805 1977 ἀρνεῖσθαι
2837 1907 2936 1978 μὲν
2971 1907 3065 1964 τδρ
3111 1908 3280 1973 ὄντα,
3327 1909 3422 1964 τὸν
3457 1909 3516 1964 δὲ
3549 1911 3628 1981 μὴ
3671 1911 3804 1966 ὄντα

529 1991 621 2046 ubi
655 2004 815 2047 suam
867 1989 935 2043 ad
974 1988 1328 2046 obtinendam
1367 1987 1598 2044 salutem
1634 1989 2049 2052 conversionem
2084 2004 2116 2044 a

529 2082 754 2140 Christo
809 2079 1086 2154 repudiari
1150 2079 1336 2134 infelix
1389 2077 1797 2146 animadvertit,
1859 2096 1924 2135 os
1969 2081 2117 2140 illico

528 2181 719 2228 contra
755 2171 1041 2225 Dominum
1073 2170 1306 2240 aperuit,
1331 2183 1395 2224 ac
1427 2168 1863 2224 maledicentiam
1897 2185 2117 2228 omnem

527 2263 791 2319 evomuit.
821 2261 967 2328 Quin
1001 2275 1120 2316 eam
1155 2270 1392 2316 mentem
1435 2258 1750 2316 hominibus
1794 2260 2003 2330 injecit,
2033 2271 2113 2329 ut,

455 2353 470 2367 ³
527 2372 660 2411 vero
685 2362 1003 2424 contempto
1035 2353 1169 2418 Deo,
1217 2352 1384 2406 alium
1421 2352 1514 2422 qui
1563 2354 1816 2431 n‘uspiam
1845 2362 1992 2419 esset
2033 2355 2117 2414 in.

530 2447 832 2517 quirerent.
867 2443 982 2500 Hoc
1026 2444 1194 2515 igitur
1221 2441 1385 2498 modo
1419 2441 1714 2501 Sethianos
1757 2447 1814 2500 in
1859 2445 2110 2508 fraudem

530 2535 797 2606 impulsos
823 2548 950 2589 esse
978 2533 1342 2603 undequaque
1374 2533 1670 2588 constabit.
1711 2533 1991 2606 Siquidem
2024 2534 2114 2592 Se-

527 2627 656 2682 thus
700 2626 830 2680 olim
881 2631 1131 2682 mortuus
1182 2631 1287 2689 est,
1327 2631 1568 2695 suntque
1615 2625 1736 2696 ejus
1777 2628 1954 2684 aetatis
1979 2627 2114 2686 anni

525 2718 839 2791 perscripti.
869 2714 1004 2772 Nam
1038 2731 1163 2772 cum
1195 2730 1370 2776 annos
1396 2717 1622 2774 vixisset
1647 2733 1723 2772 xu
1745 2733 2111 2790 suprancccc,

2215 1995 2419 2068 ζητεῖν.
2475 1997 2631 2054 Οὕτω
2701 1999 2876 2054 τοίνυν
2923 1999 3019 2054 καὶ
3081 1993 3231 2054 οῦτοι
3288 2000 3606 2072 ἐλέγχονται
3659 2004 3808 2058 κατὰ

2215 2087 2397 2143 πάντα
2427 2091 2631 2162 τρόπον
2655 2091 3022 2164 ἠπατημένοι.
3059 2091 3120 2146 '0
3153 2091 3263 2164 7&9
3293 2091 3400 2164 Σὴθ
3427 2093 3681 2166 τέθνηκε,
3711 2097 3806 2148 καὶ

2214 2179 2283 2232 τὰ
2317 2178 2412 2250 ἔτη
2447 2180 2612 2234 αὑτοῦ
2644 2183 3083 2253 ἀναγέγραπται.
3115 2182 3331 2246 Βιώσας
3363 2183 3472 2254 γὰρ
3509 2185 3605 2256 έτη
3648 2186 3806 2238 ἐνναε-

2214 2272 2375 2328 κόσια
2402 2272 2651 2340 δεκαδύο,
2677 2273 2740 2327 τὸ
2783 2273 2962 2347 χρεὼν
3015 2276 3291 2339 ἀπέδωκε,
3334 2279 3606 2348 γεννήσας
3653 2282 3805 2344 υίοὺς

2214 2364 2310 2418 καὶ
2336 2362 2666 2438 θυγατέρας,
2697 2365 2774 2431 ὥς
2821 2383 2989 2438 φησιν
3019 2368 3052 2439 ή
3083 2366 3205 2422 θεία
3246 2368 3462 2442 Γραφή.
3499 2369 3659 2423 Κατὰ
3685 2371 3804 2425 δια-

2210 2455 2372 2528 δοχὴν
2409 2457 2466 2516 δὲ
2488 2459 2516 2511 ὁ
2543 2458 2734 2513 τούτου
2771 2461 2900 2522 παῖς
2947 2458 3208 2528 (Ἐνὼςδὲ
3244 2455 3314 2532 ἦν
3353 2461 3529 2532 τούτῳ
3571 2462 3800 2532 ὄνομα),

2221 2550 2314 2605 καὶ
2348 2550 2513 2614 αὐτὸς
2561 2549 2765 2622 βιώσας
2816 2551 2911 2623 ἐτη
2954 2553 3244 2608 ἐννακόσια
3295 2553 3479 2619 πέντε,
3528 2554 3802 2625 omnes;

2219 2642 2312 2697 τὸν
2337 2642 2456 2697 καθ’
2494 2645 2644 2715 ἡμᾶς
2672 2643 2808 2715 βίον,
2835 2646 3104 2716 γεννήσας
3143 2647 3292 2711 υἱοὺς
3331 2649 3428 2702 καὶ
3469 2646 3799 2720 θυγατέρας,

2223 2733 2300 2798 ὡς
2329 2733 2443 2806 εχει
2475 2738 2508 2806 ή
2547 2737 2685 2807 αὐτὴ
2714 2736 2893 2807 βίϐλος
2925 2738 3024 2810 τῆς
3050 2738 3335 2810 ἀληθείας.

494 2827 593 2870 .ex
631 2812 732 2866 hac
773 2811 882 2866 vita
917 2810 1194 2878 discessit,
1219 2809 1497 2904 ubi'sesus
1537 2812 1824 2904 utriusque
1848 2814 2052 2876 liberos
2073 2826 2342 2896 suscepit,
2377 2836 2435 2882 ut
2465 2827 2668 2885 divinis
2703 2809 3216 2902 Litterisproditum
3249 2839 3350 2887 est.
3385 2831 3672 2889 Successit
3706 2846 3804 2904 pa-

527 2903 601 2978 tri
637 2903 800 2969 illius,
832 2901 1187 2994 290_Enos
1267 2901 1533 2994 nomine:
1569 2903 1679 2973 qui'
1705 2918 1879 2962 annos
1922 2910 2060 2966 vixit
2095 2928 2283 2983 ncccv,
2330 2925 2387 2973 et
2424 2920 2578 2990 prole
2630 2935 2796 2979 sexus
2846 2901 3136 2994 utriusque
3184 2923 3439 2981 similiter
3493 2935 3689 2983 auctus
3707 2901 3806 2980 vvi-

489 3070 491 3073 ι
539 2995 700 3050 vcndi
735 2993 897 3050 linem
932 2992 1083 3057 fecit,
1121 2999 1180 3045 ut
1208 2991 1398 3050 eadem
1432 2992 1523 3052 illa
1555 2994 1839 3052 verissima
1873 3000 2078 3072 scripta
2114 3013 2408 3072 testantur.
2839 2997 2848 3010 λ’

600 3088 690 3144 lX.
730 3088 993 3155 Quaenam
1034 3103 1165 3160 ergo
1200 3088 1342 3143 ratio
1390 3089 1599 3160 patitur
1648 3090 1875 3148 Sethum
1925 3095 2111 3165 istum,

2289 3101 2366 3160 9'.
2400 3099 2574 3158 Πόθεν
2607 3099 2787 3160 τοίνυν
2814 3107 2842 3159 ὁ
2875 3105 2985 3178 Σήθ
3017 3107 3048 3160 ό
3075 3107 3194 3160 τότε
3223 3106 3581 3179 τελευτήσας,
3615 3103 3678 3164 οὗ
3709 3113 3805 3167 καὶ

527 3180 622 3252 qui
660 3187 714 3236 et
748 3181 841 3235 illo
883 3187 1128 3252 tempore
1174 3190 1425 3236 mortuus
1454 3187 1558 3248 est,
1586 3188 1644 3238 et
1679 3181 1820 3240 ﬁlios
1859 3187 2118 3258 reliquit,

528 3277 623 3346 qui
668 3289 827 3330 suum
859 3288 1075 3344 quoque
1105 3271 1232 3327 vita:
1262 3279 1481 3343 tempus
1523 3272 1803 3339 obierunt,
1835 3274 2118 3336 Christum

501 3383 653 3425 esse
688 3365 1002 3430 Dominum,
1032 3365 1126 3436 qui
1162 3363 1620 3433 repraesentanda
1662 3365 1947 3428 hominum
1993 3370 2155 3428 τίκτ’

531 3471 598 3511 ac
652 3455 850 3510 salutis
893 3452 1168 3510 desiderio
1203 3451 1272 3507 de
1299 3449 1526 3522 Virgine
1584 3451 1659 3508 sit
1714 3453 1885 3512 Maria
1929 3467 2117 3529 natus,

531 3563 657 3602 cum
688 3547 830 3601 idem
865 3556 992 3601 ante
1021 3559 1184 3600 omne
1206 3552 1423 3614 tempus
1450 3553 1597 3602 esset
1622 3561 1655 3601 a
1681 3545 1844 3606 Patre
1877 3552 2116 3622 genitus,

533 3637 677 3710 apud
706 3653 868 3709 quem
897 3645 1162 3710 perpetuo
1185 3644 1391 3704 manet,
1421 3635 1566 3694 Deus
1600 3639 1738 3710 ipse,
1772 3639 2121 3717 Verbumque

532 3731 882 3790 subsistens?
940 3730 1043 3800 Qui
1112 3729 1406 3801 postremis
1460 3732 1800 3802 temporibus
1853 3737 2004 3794 venit
2063 3739 2118 3794 iu

531 3825 823 3895 mundum,
871 3831 927 3880 et
973 3839 1041 3880 ex
1088 3821 1331 3895 Virginis
1380 3822 1571 3886 Matris
1607 3835 1761 3890 utero
1793 3827 1972 3886 edicta
2011 3830 2118 3886 sibi

531 3930 699 3970 carne
723 3924 888 3986 atque
911 3914 1246 3972 circumfusa
1263 3955 1278 3981 ,
1306 3923 1422 3971 tum
1445 3926 1729 3988 assumpta
1749 3919 1915 3977 simul
1935 3921 2118 3978 anima

529 4008 776 4066 numeris
803 4009 1058 4068 omnibus
1093 4009 1380 4066 absolutus
1415 4009 1580 4070 homo
1612 4009 1789 4071 factus
1818 4021 1924 4071 est.
1959 4012 2119 4071 Post-

529 4116 595 4156 ea
645 4116 778 4158 vero
823 4117 986 4172 quam
1034 4101 1160 4156 vitae
1202 4101 1362 4165 nobis
1411 4103 1670 4173 mysteria
1727 4107 2116 4174 praedicasset},

528 4192 759 4263 justitiae
793 4193 849 4248 in
879 4191 1092 4265 agendo
1137 4193 1382 4248 cultores
1425 4193 1730 4264 discipulos
1780 4199 2067 4254 constituit
2099 4220 2112 4256 :

534 4297 599 4336 ac
627 4293 738 4338 tum
768 4299 866 4353 per
899 4299 1042 4348 sese,
1069 4291 1185 4338 tum
1218 4298 1316 4353 per
1345 4281 1468 4344 illos
1498 4283 1798 4344 humanum
1825 4302 2002 4356 genus
2031 4289 2118 4344 di-

2221 3195 2330 3248 uioi.
2368 3195 2512 3251 κατὰ
2549 3196 2803 3269 διαδοχὴν
2844 3198 3144 3270 βιώσαντες
3174 3199 3268 3253 τοῦ
3321 3200 3438 3271 βίου
3470 3202 3798 3270 ἐπαύσαντο,

2221 3288 2578 3360 εὑρεθήσεται
2629 3289 2834 3361 Κύριος
2885 3293 2914 3345 ό
2958 3292 3067 3346 ἀπὸ
3110 3293 3331 3364 Μαρίας
3367 3295 3650 3366 γεννηθεὶς
3701 3298 3802 3369 τῆς

2220 3379 2618 3452 ἀειπαρθένου,
2657 3383 2960 3452 εὐδοκήσας
3003 3384 3096 3438 ἐπὶ
3127 3386 3240 3458 ζωῇ
3276 3386 3387 3440 τῶν
3420 3388 3748 3461 ἀνθρώπων,
3772 3395 3801 3446 ό

2219 3470 2503 3542 γεννηθεὶς
2535 3474 2802 3545 ἀχρόνως,
2833 3477 2863 3528 ό
2893 3474 2969 3528 ὢν
3014 3477 3153 3548 πρὸς
3185 3477 3277 3532 τὸν
3313 3480 3539 3553 Πατέρα
3568 3483 3675 3548 ἀεὶ,
3713 3486 3799 3538 ὲν-

2221 3563 2524 3628 υπόστατος
2564 3565 2698 3630 Θεὸς
2732 3567 2907 3636 Λόγος
2926 3607 2941 3632 ,
2976 3568 3147 3624 ἐλθὼν
3193 3569 3251 3624 δὲ
3299 3573 3386 3624 ἐπ’
3423 3574 3649 3646 ἐσχάτου
3693 3576 3799 3630 τῶν

2220 3656 2474 3729 ἡμερῶν,
2533 3659 2630 3716 καὶ
2683 3661 2765 3724 εἰς
2822 3659 3014 3715 ἑαυτὸν
3061 3662 3120 3716 δὲ
3185 3663 3645 3738 ἀναπλασάμενος
3694 3671 3799 3724 ἀπὸ

2223 3749 2434 3819 μήτρας
2471 3749 2813 3823 παρθενικῆς
2867 3752 3069 3826 σάρκα,
3095 3755 3191 3810 καὶ
3234 3756 3414 3828 ψυχήν
3456 3759 3558 3830 τὴν
3590 3760 3798 3834 ἀνθρω-

2219 3840 2381 3900 πείαν
2413 3839 2672 3912 είληφὼς,
2705 3841 2882 3908 οὕτως
2912 3845 3302 3920 ὲνηνθρὼπησε
3331 3850 3670 3918 τελειότατα,
3698 3870 3796 3924 arq-

2193 3965 2198 3969 ~
2221 3932 2388 4004 ρύξας
2417 3938 2549 4006 ήμῖν
2577 3934 2726 4008 ζωῆς
2753 3937 2824 3990 τὰ
2856 3941 3153 4013 μυστήρια,
3182 3941 3533 4016 δικαιοσύνης
3551 3963 3614 4000 τε
3639 3949 3799 4020 ἐργά-

2217 4043 2317 4091 τας
2347 4028 2476 4092 τοὺς
2502 4028 2669 4082 αὐτοῦ
2699 4028 2946 4102 μαθητὰς
2980 4035 3355 4105 καταστήσας,
3384 4037 3480 4090 καὶ
3511 4037 3611 4110 τὴν
3637 4038 3796 4092 αὑτοῦ

2216 4117 2568 4183 διδασκαλίαν
2611 4119 2679 4174 δι’
2719 4124 2912 4177 ἑαυτοῦ
2950 4142 3009 4178 τε
3043 4127 3137 4181 καὶ
3167 4127 3236 4180 δι’
3280 4128 3460 4182 αὐτῶν
3506 4131 3796 4195 παιδεύσας

2197 4209 2278 4263 ντὺ
2310 4209 2466 4278 γένος
2498 4212 2608 4267 τῶν
2636 4213 2974 4287 ἀνθρώπωνς
3001 4218 3064 4272 οὐ
3098 4217 3168 4272 τὰ
3202 4219 3315 4273 τῶν
3347 4220 3633 4293 Σηθιανῶν
3665 4225 3795 4278 ἀπο-

2216 4299 2462 4372 καλύψας
2483 4343 2498 4367 ,
2535 4305 2658 4359 οὐδὲ
2692 4306 2810 4378 Σὴθ
2836 4307 3030 4382 ἑαυτὸν
3079 4309 3384 4382 ὀνομάσας·
3413 4313 3492 4377 ὡς
3520 4308 3667 4369 οὗτοι
3697 4315 3790 4387 λη-

533 4373 775 4442 εοὶριὶιιίε
808 4389 922 4430 suae
953 4375 1304 4432 documentis
1331 4374 1554 4432 erudiit.
1592 4373 1781 4448 Neque
1807 4385 1991 4436 tamen
2021 4389 2111 4436 aut

2221 4391 2457 4462 ροῦντες,
2498 4395 2593 4448 καὶ
2635 4373 2777 4469 μέθή
2812 4398 2920 4451 τινὶ
2958 4373 3343 4473 συνεχόμενοι,
3377 4373 3490 4456 ἀπό
3527 4405 3630 4478 τῆς
3665 4373 3790 4479 ἁλή-

534 4462 922 4522 Scthianorum
965 4464 1058 4528 illa
1109 4465 1364 4537 dogmata
1413 4467 1660 4534 tradidit,
1713 4479 1810 4530 aut
1863 4471 1969 4531 sibi
2009 4472 2111 4543 ipsi

2219 4483 2367 4549 θείας
2393 4462 2803 4544 ὲκπεπτῶκασι.

534 4556 686 4612 Sethi
716 4572 915 4612 nomen
943 4557 1203 4628 imposuit
1231 4577 1244 4612 :
1276 4559 1330 4614 id
1354 4560 1502 4630 quod
1532 4561 1741 4622 strenui
1769 4563 1848 4623 illi
1879 4573 2113 4636 nugato-

532 4663 641 4710 res,
683 4663 747 4701 ac
781 4647 930 4703 velut
961 4647 1100 4703 ebrii
1130 4649 1550 4706 mendacissime
1578 4652 1899 4722 praedicant.

603 4734 806 4791 Verum
834 4751 959 4798 cum
990 4735 1153 4798 hodie
1179 4751 1449 4798 summam
1481 4739 1549 4794 ad
1583 4740 1910 4810 paucitatem
1938 4743 2114 4799 haere-

532 4826 613 4883 sis
640 4827 746 4882 ista
779 4825 1001 4882 redacta
1041 4827 1134 4896 sit,
1165 4843 1276 4884 non
1321 4843 1546 4888 necesse
1573 4829 1741 4890 habui
1773 4833 2013 4890 uberiori
2044 4834 2112 4890 il-

532 4919 636 4974 lam
675 4921 927 4978 oratione
969 4920 1253 4988 refellere;
1301 4922 1642 4994 proindeque
1685 4938 1806 4993 qua:
1841 4925 2109 4984 hactenus

529 5024 660 5070 sunt
683 5014 828 5070 dicta
849 5013 1143 5072 suﬂiciant.
1176 5013 1486 5074 Prmsertim
1507 5014 1654 5086 quod
1676 5017 1895 5075 illorum
1922 5034 2109 5076 amen-

529 5109 605 5164 tia
636 5109 936 5180 expugnari
965 5108 1125 5166 facile
1155 5116 1357 5179 potest,
1387 5123 1556 5179 seque
1589 5109 1726 5168 adeo
1768 5111 1942 5182 ipsam
1972 5128 2109 5170 con.-

527 5201 700 5254 vincit
746 5217 812 5262 ac
864 5201 1111 5273 detegit:
1147 5215 1257 5256 non
1305 5201 1484 5262 solum
1527 5203 1675 5273 quod
1722 5203 1790 5260 ad
1838 5205 2108 5264 educendi

527 5288 734 5346 Christi
770 5292 1035 5352 rationem
1070 5291 1263 5348 attinet
1307 5292 1796 5367 plenissimamque
1833 5297 1982 5354 illam
2008 5314 2105 5356 ea.

602 5473 618 5502 ¹
658 5471 803 5529 Psal.
841 5489 927 5538 xc,
960 5475 1048 5530 il.

2280 4747 2360 4802 'l’&
2400 4751 2461 4804 δὲ
2497 4751 2594 4806 νῦν
2627 4762 2911 4829 συντόμως
2955 4761 3068 4832 (65)
3120 4761 3288 4836 οὔσης
3337 4765 3441 4836 τῆς
3488 4767 3790 4839 αἱρέσεως,

2203 4839 2310 4894 οὐκ
2337 4842 2612 4914 ὲνδεηθεὶς
2660 4848 2971 4906 ἐπεκτεῖναι
3022 4855 3116 4909 τὸν
3162 4858 3285 4912 κατ’
3323 4859 3500 4930 αὐτῆς
3537 4861 3758 4932 ἔλεγχον
3775 4901 3790 4926 ,

2203 4935 2482 5008 ἀρκοῦμαι
2543 4942 2658 5006 τοις
2718 4944 2956 5017 παροῦσι
3011 4947 3214 5019 μόνοις.
3257 4949 3545 5023 Εὕτρωτος
3593 4953 3702 5025 7&9
3758 4954 3790 5023 ή

2203 5027 2414 5084 τούτων
2445 5029 2625 5097 ἄνοια,
2663 5036 2760 5089 καὶ
2793 5038 2992 5112 ἑαυτὴν
3019 5039 3292 5113 δυναμένη
3323 5060 3400 5110 ,τε
3436 5042 3652 5114 ἐλέγξαι
3698 5045 3789 5098 καὶ

2203 5121 2492 5192 φωρᾶσαι·
2528 5126 2592 5180 οὐ
2635 5127 2797 5198 μόνον
2831 5130 2959 5203 περὶ
3003 5131 3105 5202 τῆς
3135 5133 3228 5186 τοῦ
3259 5133 3501 5208 Χριστοῦ
3545 5137 3786 5207 ἀγωγῆς,

2202 5212 2303 5278 καὶ
2335 5221 2890 5293 σεσυκοφαντημένης
2923 5221 3269 5289 διδασκαλίας
3299 5223 3394 5280 τοῦ
3419 5225 3514 5279 τὸν
3552 5225 3658 5298 Σὴθ
3694 5227 3787 5279 αύ-

2203 5303 2297 5358 τδν
2325 5307 2568 5377 νομίζειν
2603 5327 2664 5364 τε
2699 5312 2794 5367 καὶ
2839 5313 3284 5372 διαϐεϐαιοῦσθαι
3315 5311 3480 5384 εἶναι,
3521 5317 3654 5372 ἀλλά
3694 5324 3787 5374 καὶ

596 5631 710 5706 (55)
759 5633 834 5690 Τὰ
868 5634 936 5690 δὲ
961 5635 1080 5692 νῦν
1112 5638 1447 5706 συντόμως.
1489 5637 1689 5698 Deesse
1717 5638 1998 5714 quidpiam
2038 5639 2106 5698 ad

2214 5640 2306 5714 jus
2340 5639 2444 5698 loci
2476 5640 2848 5714 integritatem
2891 5642 3155 5714 suspicor.
