3932 6064
209 228 322 284 677

887 225 1257 283 ADVERSUS
1290 224 1634 283 HERESES
1671 224 1794 281 LIB.

1914 227 2079 285 TOM.
2124 229 2286 286 lll.—
2310 231 2590 290 HERES.
2628 234 2737 291 XL.

3376 257 3483 314 678

207 298 293 408 είς
325 342 427 409 τὴν
466 325 598 414 περὶ
627 340 738 395 τῶν
783 338 882 395 δύο
924 340 1230 412 ἀνθρώπων
1265 340 1547 397 ὑπόθεσιν.
1591 344 1655 397 Εἰ
1696 345 1794 416 γάρ

1909 346 2130 403 lumniae
2154 348 2487 413 doctrinam,
2517 365 2624 420 qua
2656 350 2884 407 Sethum
2917 355 3170 411 eumdem
3213 371 3337 412 esse
3374 373 3498 412 cum

206 439 269 493 αι
320 437 585 507 δυνάμεις
629 436 837 490 ἄνωθεν
890 433 1159 503 ἐσχήκασι
1202 432 1302 503 τὴν
1340 433 1550 506 ἀρχὴν,
1584 434 1686 488 οὐκ
1733 434 1801 488 ἂν

204 532 341 586 ἄνευ
365 530 468 600 τῆς
504 529 652 601 μιᾶς,
674 527 827 597 ἢνδὴ
850 527 943 581 κα)⁸
970 526 1203 598 Μητέρα
1229 528 1498 596 φάσκουσι
1524 530 1632 583 τῶν
1663 529 1799 584 ὅλων

204 617 374 681 εἶναι.
411 617 631 688 ἐγένετό
653 635 713 673 τε
750 617 845 671 καὶ
875 617 1125 690 ἐπράχθη
1160 618 1229 672 τὰ
1259 620 1364 673 ὑπὸ
1388 620 1498 674 τῶν
1526 620 1619 675 δύο
1654 640 1798 693 πρα-

204 711 431 782 χθέντα.
476 710 809 781 Εύρίσκεται
845 710 955 781 γὰρ
994 713 1027 783 ἡ
1065 711 1164 781 μία
1197 711 1345 765 αίτία
1370 711 1478 767 τῶν
1509 712 1603 767 δύο
1634 712 1795 768 δυνά-

207 820 383 874 μεων,
422 804 520 857 καὶ
546 801 675 855 ἄνευ
720 802 892 871 αὐτῆς
930 802 1097 873 μηδὲν
1134 803 1244 856 τῶν
1286 804 1592 875 γενομένων
1632 821 1797 875 γεγο-

204 895 383 949 νέναι.
436 894 546 949 Καὶ
586 892 1029 965 ἀναδραμοῦνται
1080 893 1244 948 πάλιν
1280 895 1375 949 ἐπὶ
1416 895 1477 949 τὸ
1514 896 1799 967 ὁμολογεῖν

202 988 307 1041 ινα
359 982 499 1041 εἶναι
544 986 813 1056 δεσπότην
865 985 974 1039 τῶν
1022 986 1260 1051 πάντων,
1306 988 1400 1041 καὶ
1444 987 1796 1060 δημιουργὸν,

204 1080 305 1133 καὶ
323 1079 548 1151 κτίστην
576 1078 685 1133 τῶν
714 1078 874 1142 ὅλων,
893 1077 1044 1142 ἅπαξ
1069 1080 1196 1149 μιᾶς
1214 1078 1573 1151 δεικνυμένης
1602 1080 1795 1150 ἀρχῆς.

216 1170 383 1225 Ἀλλὰ
414 1172 509 1227 καὶ
546 1170 677 1242 περὶ
711 1169 917 1241 ταύτης
946 1169 1047 1241 τῆς
1083 1170 1349 1242 αἱρέσεως
1382 1170 1555 1225 ταῦτα
1590 1172 1800 1240 φήσανο

201 1279 319 1328 τες,
337 1265 431 1319 καὶ
449 1261 902 1333 ἀποκαλύψαντες
920 1262 1013 1315 τὸν
1034 1262 1112 1315 ίὸν
1141 1263 1240 1333 τῆς
1258 1261 1596 1334 ἐρπετώδους
1616 1261 1795 1317 αὐτῶν

202 1359 272 1410 ἐκ
301 1357 491 1425 γένους
533 1355 777 1410 ἀσπίδων
816 1354 1003 1425 γονῆς,
1033 1354 1119 1425 ἐφ’
1156 1355 1349 1428 ἑτέραν
1395 1355 1557 1410 πάλιν
1599 1355 1793 1427 ἴωμεν,

202 1450 504 1521 ἀγαπητοὶ,
537 1452 603 1521 τῇ
644 1449 781 1519 αὐτῇ
813 1446 1107 1520 ἀκολουθίᾳ
1146 1449 1243 1521 τῆς
1282 1450 1683 1524 πραγματείας.

1905 436 2129 493 Christo
2166 446 2454 503 statuunt,
2503 454 2568 494 ac
2614 442 3053 511 pertinacissime
3097 454 3325 501 tuentur
3358 463 3372 498 :
3404 462 3500 503 νει

1905 543 2028 583 rum
2062 528 2226 583 etiam
2258 529 2405 599 quod
2437 529 2505 584 de
2527 529 2744 587 duobus
2778 533 2889 589 illis
2936 534 3252 589 hominibus
3283 551 3500 592 asseveo

1905 629 2054 675 rant.
2116 620 2254 674 Nam
2291 620 2338 676 si
2374 632 2590 677 mentes
2634 624 2758 690 illae,
2800 642 2938 696 quas
2981 627 3237 698 δυνάμεις
3272 636 3493 694 vocant,

1904 712 2244 782 superiorem
2300 712 2539 782 aliquam
2572 715 2841 781 originem
2884 728 3212 787 agnoscunt,
3244 718 3495 790 profecto

1903 820 2025 873 qum
2058 820 2088 859 a
2118 804 2334 860 duabus
2370 813 2501 860 sunt
2533 814 2707 877 gesta,
2745 824 2853 863 non
2888 811 3007 865 sine
3051 812 3219 867 unius
3264 814 3490 879 auxilio,

1903 913 2066 967 quam
2096 899 2341 952 omnium
2375 907 2603 954 matrem
2649 914 2771 955 esse
2813 900 3105 969 deﬁniunt,
3142 902 3258 958 ﬁeri
3328 905 3493 974 perii-

1902 990 2062 1059 eique
2092 997 2409 1061 potuerunt.
2465 991 2547 1046 Ab
2594 1007 2701 1045 una
2737 992 2940 1062 quippe
2978 1007 3147 1049 causa
3182 994 3355 1049 amba:
3387 996 3495 1050 illa:

1903 1088 2115 1137 mentes
2148 1082 2408 1152 profecta:
2440 1090 2589 1149 sunt,
2624 1084 2744 1139 sine
2772 1099 2880 1154 qua
2906 1084 3044 1138 nihil
3078 1086 3300 1140 omnino
3328 1102 3394 1141 ex
3423 1088 3491 1143 iis

1902 1188 2023 1243 quae
2056 1180 2185 1227 sunt
2233 1172 2461 1242 produci
2492 1174 2690 1243 potuit.
2749 1174 2828 1228 Ita
2867 1173 3085 1230 tandem
3121 1190 3187 1229 eo
3235 1191 3493 1232 necessa-

1903 1266 1988 1319 rio
2020 1273 2325 1330 recurrent,
2361 1281 2531 1320 unum
2563 1274 2623 1320 ut
2659 1266 2947 1320 Dominum
2982 1282 3167 1321 rerum
3217 1269 3489 1332 omnium,

1901 1363 1955 1410 et
1989 1362 2293 1424 auctorem,
2344 1371 2408 1411 ac
2462 1357 2802 1413 conditorem
2854 1358 3236 1413 universorum
3292 1359 3490 1413 admit-

1901 1452 2040 1510 tant,
2072 1447 2163 1499 ubi
2192 1446 2359 1501 semel
2385 1446 2713 1517 principium
2744 1448 2968 1503 unicum
3001 1463 3125 1503 esse
3156 1452 3491 1519 comproba-

204 1549 324 1595 tum
356 1539 537 1596 fuerit.
593 1539 691 1595 llis
721 1538 985 1595 adversus
1012 1539 1153 1594 hanc
1186 1540 1438 1597 haeresim
1472 1541 1790 1612 disputatis,
1822 1552 1885 1592 ac
1917 1536 2178 1607 pestifero
2221 1538 2438 1590 illorum
2470 1538 2618 1592 velut
2672 1539 2925 1609 aspidum
2988 1554 3199 1594 veneno
3250 1542 3486 1600 detecto.

203 1633 275 1687 ad
311 1630 475 1686 aliam
503 1630 785 1703 deinceps,
830 1646 943 1703 quo
972 1647 1074 1688 nos
1115 1633 1352 1688 instituti
1400 1635 1587 1704 operis
1617 1632 1791 1688 series
1828 1634 2011 1693 vocat,
2044 1627 2412 1683 convertenda
2442 1643 2635 1681 rursus
2665 1630 2865 1684 oratio.

646 1766 836 1818 ΚΑΤΑ
873 1766 1328 1820 ΔΡΧΟΝΤῘΚΩΝ
1348 1807 1363 1831 ,

490 1899 755 1969 Εἰκοστὴ
779 1940 795 1966 ,
822 1900 862 1968 ἢ
891 1900 991 1956 καὶ
1025 1891 1508 1969 τεσσαρακοστή.

276 2010 356 2065 Αν.
387 2011 751 2083 Ἀρχοντικῶν
776 2030 859 2076 τις
885 2013 1095 2085 αἵρεσις
1115 2014 1323 2078 τούτοις
1350 2014 1543 2069 ἕπεται
1562 2030 1576 2045 ·
1606 2016 1705 2068 ούκ
1736 2017 1793 2070 ἐν

206 2103 425 2165 πολλοῖς
452 2102 509 2157 δὲ
541 2102 728 2166 τόποις
765 2101 905 2172 αὕτη
939 2103 1210 2172 φαίνεται,
1252 2105 1285 2175 ἢ
1317 2104 1474 2175 μόνον
1501 2107 1558 2159 ἐν
1588 2108 1655 2177 τῇ
1681 2107 1793 2160 Πα-

204 2195 492 2250 λαιστίνων
538 2180 801 2268 ἐπαρχία.
849 2188 1202 2268 Μετήνεγκάν
1248 2197 1306 2251 δέ
1354 2197 1448 2250 τὸν
1502 2197 1681 2251 αὐτῶν
1716 2198 1793 2251 ἰὸν

202 2287 309 2359 ἤδη
343 2303 447 2341 που
475 2286 569 2340 καλ¹
595 2289 675 2351 είς
719 2290 820 2360 τὴν
857 2290 1101 2361 μεγάλην
1144 2289 1454 2360 Ἀρμενίαν.
1503 2290 1663 2343 Ἀλλὰ
1700 2292 1793 2345 καὶ

204 2383 265 2433 ἐν
291 2380 359 2451 τῆ
398 2382 570 2452 μικρᾷ
611 2381 869 2453 Ἀρμενίᾳ
902 2382 1057 2434 τοῦτο
1080 2381 1141 2434 τὸ
1176 2379 1415 2446 ζιζάνιον
1446 2382 1545 2454 ἤδη
1586 2383 1793 2455 ἐσπαρ-

202 2488 297 2525 ται
326 2471 433 2524 ὑπὸ
463 2472 656 2543 ἀνδρός
684 2489 829 2535 τινος
858 2472 1299 2543 ἐπιδημήσαντος
1320 2475 1386 2544 τῇ
1420 2472 1793 2527 Παλαιστίνων

203 2567 278 2633 γῇ
306 2564 415 2617 ἀπὸ
452 2563 741 2636 Ἀρμενίας
774 2566 832 2617 ἐν
860 2564 1075 2636 χρόνοις
1106 2566 1504 2629 Κωνσταντίου,
1537 2566 1665 2635 περὶ
1691 2563 1791 2635 τὴν

205 2655 375 2709 αὑτοῦ
409 2657 685 2728 τελευτὴν,
719 2657 1001 2711 Εὑτάκτου
1033 2657 1288 2728 ὀνόματι,
1327 2657 1525 2728 μᾶλλον
1567 2658 1623 2710 δέ
1659 2658 1791 2711 ἀτά-

204 2764 339 2800 κτου
365 2747 459 2800 τὸν
492 2747 714 2817 τρόπον,
742 2747 836 2800 καὶ
870 2746 1134 2818 μαθόντος
1161 2745 1261 2817 τὴν
1298 2734 1789 2800 κακοδιδασκαλίαν

200 2838 433 2911 ταύτην,
462 2834 593 2891 εἶτα·
613 2839 998 2903 ἐπανελθόντος
1022 2840 1101 2902 είς
1133 2838 1202 2892 τὰ
1226 2840 1399 2893 οίκεῖα
1428 2839 1521 2891 καὶ
1547 2838 1794 2906 διδάξαν-

203 2946 321 2993 τος.
353 2928 632 2983 Μετέλαϐε
658 2928 715 2982 δὲ
738 2970 754 2996 ,
798 2929 876 2991 ὡς
921 2928 1058 3009 ἐφην
1081 2970 1095 2993 ,
1122 2929 1181 2981 ἐν
1207 2928 1539 2999 Παλαιστίνῃ
1581 2929 1655 2992 ὡς
1686 2929 1791 2982 ὑπὸ

204 3016 432 3081 ἀσπίδος
484 3018 562 3071 ίὸν
608 3018 719 3070 ἀπὸ
770 3017 976 3089 Πέτρου
1012 3018 1155 3081 τινὸς
1205 3017 1503 3089 γέροντος,
1557 3018 1791 3083 ἀναξίως

2121 1760 2280 1831 291
2327 1759 2702 1817 ADVERSUS
2748 1762 3260 1835 AllCliONTICOS,

2241 1894 2374 1962 Qua:
2409 1905 2487 1950 est
2516 1897 2731 1952 hwresi:
2766 1896 2873 1951 XX
2912 1900 2991 1954 vel
3034 1900 3153 1957 XL.

1966 2004 2007 2059 Ι.
2052 2002 2311 2061 Proxima
2340 2006 2469 2062 huic
2495 2008 3058 2067 eStArchouticorum
3092 2013 3337 2083 haeresis,
3362 2033 3485 2088 quae

1898 2104 2079 2152 tamen
2130 2096 2275 2151 haud
2325 2099 2604 2168 plerisque
2646 2110 2803 2155 extra
2854 2100 3205 2159 Palazstiuam
3248 2107 3304 2162 in
3350 2108 3489 2165 locis

1895 2188 2159 2261 cernitur.
2195 2187 2520 2259 Quanquam
2552 2190 2704 2246 virus
2738 2207 2899 2247 suum
2932 2193 2985 2248 in
3011 2196 3276 2264 majorem
3316 2200 3484 2254 eliain

1894 2278 2211 2333 Armeniam
2258 2278 2614 2334 diﬂuderunt.
2652 2279 2764 2336 lmo
2791 2291 2845 2335 et
2890 2282 2945 2335 in
2989 2284 3246 2340 Armenia
3275 2288 3489 2343 minore

1900 2369 2089 2423 lolium
2122 2369 2265 2423 istud
2289 2380 2439 2424 certo
2467 2370 2536 2425 ab
2569 2372 2789 2426 homine
2810 2370 3225 2430 disseminatum
3256 2386 3362 2443 est,
3394 2384 3489 2450 qui

1894 2461 2059 2529 paulo
2090 2468 2218 2515 ante
2245 2460 2555 2516 Constantii
2588 2462 2931 2533 imperatoris
2958 2466 3165 2521 obitum
3196 2483 3262 2522 ex
3295 2473 3489 2527 Arme-

1894 2552 1985 2605 nia
2014 2552 2069 2605 in
2105 2550 2449 2608 Palaestinam
2497 2553 2777 2623 profectus
2806 2564 2912 2621 est,
2945 2556 3209 2614 Eutactus
3240 2562 3485 2627 nomine,

1896 2645 2010 2699 sive
2057 2644 2286 2701 Atactus
2331 2646 2533 2715 potius,
2566 2646 2672 2701 hoc
2707 2657 2791 2704 est
2817 2650 3063 2704 moribus
3105 2652 3483 2721 perturbatus.

1894 2735 1997 2801 Qui
2040 2749 2165 2790 cum
2205 2735 2395 2791 infelix
2422 2738 2553 2791 illud
2610 2739 2810 2810 dogma
2860 2742 3242 2807 combibisset,
3296 2745 3351 2799 in
3394 2761 3491 2816 pa-

1894 2826 2054 2879 triam
2117 2840 2372 2881 reversus
2431 2827 2673 2896 proﬁteri
2747 2832 2917 2899 cmpit
2974 2834 3122 2902 quod
3194 2835 3483 2891 didicerat-

1893 2914 2179 2985 Ejusmodi
2226 2932 2391 2987 porro
2423 2920 2571 2973 velut
2614 2920 2683 2975 ab
2716 2921 2906 2991 aspide
2941 2938 3232 2990 venenum,
3285 2941 3314 2980 a
3355 2942 3489 2983 sene

1894 3008 2133 3078 quodam
2178 3008 2456 3075 hauserat,
2495 3014 2718 3067 nomine
2762 3012 2947 3080 Petro,
2982 3014 3077 3070 sed
3123 3015 3352 3071 minime
3384 3017 3488 3073 hac

206 3107 418 3179 Πέτρου
459 3107 795 3178 καλουμένου
827 3147 841 3171 ,
880 3082 939 3172 de;
991 3082 1230 3179 κατῴκει
1272 3082 1331 3161 ἐν
1373 3110 1437 3179 τῇ
1472 3108 1571 3179 τῆς
1616 3082 1794 3161 Ἐλευζ

1900 3100 2261 3171 appellatione
2293 3101 2461 3172 digno
2494 3120 2506 3155 :
2554 3103 2647 3173 qui
2681 3103 2737 3157 in
2770 3082 3228 3177 Eleutheropolis,
3265 3116 3317 3163 et
3352 3107 3483 3163 Hie-

206 3199 547 3272 θιροπόλεως
612 3200 966 3272 Ἰερουσαλὴμ
1016 3202 1032 3232 ³
1090 3201 1322 3272 ἐνορίᾳ,
1382 3200 1638 3255 ἐπέκεινα
1691 3201 1793 3272 τῆς

208 3290 439 3363 Χεϐρὼν
462 3291 574 3364 (54)
599 3294 846 3365 σημείοις
872 3293 1040 3362 τρισὶ,
1062 3294 1462 3365 Καϐαρϐαριχὰ
1480 3294 1578 3365 τὴν
1602 3295 1755 3348 πόλιν
1772 3296 1792 3327 ⁸

214 3380 494 3434 καλοῦσιν.
541 3373 715 3444 Οὗτος
751 3384 780 3434 ὁ
822 3380 999 3454 γέρων
1048 3381 1117 3435 τά
1156 3382 1351 3453 πρῶτα
1402 3380 1793 3454 ἑνδυμα-είχεν

210 3473 556 3545 ἔκπληκτον.
606 3474 955 3545 ὑποκρίσεως
1006 3473 1196 3545 γέμον.
1252 3475 1490 3541 Ἔξωθεν
1544 3476 1644 3546 μὲν
1685 3476 1793 3548 γὰρ

204 3563 427 3633 ἀληθῶς
487 3562 681 3617 κώδιον
737 3562 1009 3634 προϐάτου
1065 3563 1337 3634 ἠμφίεστο
1359 3606 1375 3631 ,
1428 3567 1676 3635 ἠγνοεῖτο
1735 3566 1793 3619 δὲ

204 3654 422 3709 ἔνδοθεν
474 3654 637 3715 λύκος
692 3654 954 3725 ὑπάρχων
1001 3654 1206 3727 ἅρπαξ.
1253 3656 1639 3727 Ἀναχωρητὴς
1686 3656 1795 3727 γὰρ

203 3747 384 3801 ἐδόκει
411 3744 573 3809 εἶναι,
606 3746 663 3799 ἐν
706 3746 957 3817 σπηλαίῳ
989 3747 1096 3798 τινὶ
1126 3744 1507 3817 καθεζόμενος.
1540 3747 1635 3810 Ὃς
1664 3745 1794 3799 πολ-

206 3840 337 3902 λοὺς
358 3837 520 3910 δῆθεν
549 3838 853 3908 συνήγαγεν
877 3840 957 3900 είς
987 3836 1250 3901 ἁπόταξιν
1268 3854 1281 3868 ’
1307 3838 1403 3891 καὶ
1426 3838 1610 3910 πατὴρ
1634 3836 1795 3909 δῆθεν

205 3934 301 3989 διά
332 3949 394 3985 τε
421 3931 485 3985 τὸ
519 3916 711 4001 γῆρας
734 3930 828 3982 καὶ
861 3930 923 3982 τὸ
963 3930 1149 4000 σχῆμα
1192 3910 1473 3982 ἐκαλεῖτολ
1504 3930 1573 3983 τά
1601 3946 1659 3982 τε
1692 3930 1793 3983 αύ-

206 4025 304 4078 τοῦ
351 4024 670 4094 ὑπάρχοντα
711 4024 951 4092 πτωχοῖς
987 4020 1249 4092 διένειμε,
1283 4021 1375 4074 καὶ
1425 4018 1547 4074 καθ’
1581 4019 1794 4091 ἡμέραν

210 4115 586 4186 ἐλεημοσύνας
616 4114 809 4167 ἐποίει.
849 4096 935 4166 Ἐν
968 4112 1024 4165 δὲ
1061 4115 1126 4184 τῇ
1160 4111 1350 4183 πρώτῃ
1402 4111 1587 4183 ἡλικίᾳ.
1627 4110 1795 4164 αὐτοῦ

209 4209 271 4260 ἐν
304 4206 532 4269 πολλαῖς
561 4204 835 4277 αἱρέσεσιν
866 4200 1159 4273 ἐξητάσθη.
1204 4203 1324 4255 Ἐπὶ⁵
1363 4202 1573 4255 ’Δετίου
1604 4201 1662 4255 δὲ
1699 4202 1794 4255 τοῦ

208 4297 516 4353 ἐπισκόπου
546 4290 964 4365 κατηγορηθεὶς,
994 4291 1088 4345 καὶ
1117 4291 1393 4361 ἐλεγχθεὶς
1417 4291 1539 4343 τότε
1559 4292 1658 4363 τὴν
1686 4291 1795 4346 τῶν

210 4388 251 4441 Γ
254 4386 535 4441 νωστικῶν
574 4384 775 4456 μετιὼν
807 4384 1038 4454 αἰρεσιν,
1072 4382 1351 4456 καθῃρέθη
1387 4382 1497 4436 ἀπὸ
1533 4382 1627 4436 τοῦ
1661 4400 1793 4455 πρε-

1896 3193 2301 3264 rosolymorum
2328 3193 2859 3265 ﬁnibusﬁabltabat,
2910 3198 3074 3252 tertio
3123 3200 3192 3253 ab
3232 3198 3488 3257 Hebrone

1895 3282 2096 3353 lapide,
2126 3283 2327 3353 Oppido
2356 3284 2503 3354 quod
2542 3283 2947 3340 Cabarbaricha
2989 3288 3298 3343 nominant.
3345 3288 3486 3347 ilu.c

1894 3390 2059 3445 porro
2086 3376 2202 3430 seni
2240 3376 2475 3430 vestitus
2508 3385 2627 3431 erat
2667 3376 2827 3433 initio
2870 3379 3168 3449 asperitate
3204 3380 3321 3450 ipsa
3356 3381 3488 3437 bor-

1895 3467 2098 3533 ribitis,
2139 3476 2194 3523 et
2226 3468 2293 3522 ad
2338 3470 2745 3525 simulationem
2772 3471 3063 3529 aﬂ'ectatus
3097 3493 3110 3529 :
3145 3489 3209 3529 ac
3235 3492 3358 3530 cum
3390 3494 3486 3533 cx-

1894 3559 2175 3615 trinsecus
2205 3560 2324 3614 ovis
2366 3560 2506 3629 pelle
2536 3571 2679 3616 esset
2708 3561 2955 3628 indutus,
2996 3566 3157 3635 lupus
3194 3577 3311 3622 erat
3337 3569 3486 3626 intus

1897 3653 2292 3722 rapacissimus
2330 3660 2383 3705 et
2420 3654 2693 3709 occultus.
2732 3656 3077 3713 Anachoreta
3111 3661 3314 3732 quippe
3360 3679 3485 3720 esse

1895 3745 2183 3799 videbatur
2214 3744 2265 3796 in
2299 3745 2562 3814 spelunca
2613 3745 2837 3816 degens.
2872 3749 2977 3814 Qui
3017 3752 3239 3821 quidem
3275 3756 3484 3823 pleros-

1895 3850 2003 3906 que
2036 3837 2306 3893 abdicatis
2339 3837 2578 3891 fortunis
2627 3841 2886 3895 omnibus
2920 3843 2986 3896 ad
3024 3859 3146 3900 sese
3189 3850 3480 3915 pertraxit,

1895 3926 2165 3997 Paterque
2210 3927 2371 3997 vulgo
2403 3942 2530 3981 cum
2579 3927 2653 3983 ob
2683 3936 2918 3995 :etatem,
2960 3939 3073 3985 tum
3119 3936 3191 3988 ob
3233 3936 3481 3991 habitum

1889 4016 2076 4086 ipsum
2109 4016 2372 4085 appellari
2406 4016 2638 4072 solebat.
2677 4017 2821 4073 Idem
2856 4020 3121 4092 quidquid
3151 4024 3385 4080 habebat
3425 4030 3479 4082 in

1894 4126 2096 4181 egenos
2118 4111 2473 4177 distribuere,
2497 4127 2561 4167 ac
2601 4113 2847 4183 quotidie
2870 4117 3065 4186 stipem
3099 4134 3344 4190 erogare.
3373 4120 3482 4178 Sed

1897 4203 1966 4257 ab
2012 4203 2237 4257 ineunte
2284 4210 2444 4257 aetate
2490 4203 2658 4259 variis
2708 4220 2769 4260 se
2818 4205 3123 4264 haeresibus
3173 4209 3480 4269 addixerat.

1898 4294 2093 4350 Postea
2141 4296 2207 4349 ad
2241 4296 2455 4350 Aetium
2501 4298 2823 4365 episcopum
2876 4298 3115 4369 delatus,
3165 4317 3229 4357 ac
3261 4302 3485 4359 Gnosii-

1897 4402 2087 4441 cornm
2122 4386 2348 4441 haeresis
2381 4387 2688 4454 convictus,
2716 4402 2745 4440 a
2772 4390 3077 4446 sacerdotio
3097 4402 3484 4451 exauctoratus

212 4477 523 4548 σϐυτερίου.
548 4472 656 4530 Ἦν
695 4476 805 4548 γὰρ
841 4473 1200 4537 κατασταθείς
1245 4490 1378 4527 ποτε
1423 4474 1793 4547 πρεσϐύτερος

1900 4486 2004 4533 est.
2064 4476 2212 4533 Illius
2272 4480 2475 4549 quippe
2516 4477 2623 4531 loci
2675 4490 2896 4538 creatus
2949 4483 3078 4537 olim
3142 4484 3319 4540 fuerat
3360 4502 3485 4557 pre.

208 4570 308 4625 τοῦ
339 4569 445 4640 (τε)
475 4570 663 4624 τόπου.

282 4659 441 4715 Μετὰ
494 4659 553 4713 δὲ
600 4658 691 4713 τὸν
738 4655 959 4725 ἔλεγχον
1004 4656 1111 4708 ὑπὸ
1140 4656 1349 4710 Ἀετίου
1399 4656 1653 4728 ἐδιώχθη,
1701 4656 1798 4709 καὶ

209 4751 468 4809 ἀπελθὼν
494 4750 814 4821 κατῴκησεν
847 4751 905 4802 ἐν
932 4751 999 4819 τῇ
1034 4748 1265 4820 Ἀραϐίᾳ
1298 4750 1356 4802 ἐν
1381 4750 1644 4821 Κωχάϐῃ,
1669 4748 1799 4810 ἔνθα

209 4848 268 4901 αί
305 4844 420 4899 τῶν
446 4843 778 4897 Ἐϐιωναίων
822 4858 884 4893 τε
924 4843 1021 4895 καὶ
1060 4839 1399 4911 Ναζωραίων
1440 4840 1586 4913 ῥίζαι
1630 4842 1797 4912 ἐνήρ-

211 4938 396 5005 ξαντο,
428 4936 503 5000 ὡς
543 4936 637 4989 καὶ
670 4936 728 4988 ἐν
767 4934 988 4998 πολλαῖς
1030 4932 1284 5004 αἱρέσεσι
1318 4933 1448 5004 περὶ
1486 4932 1582 4987 τοῦ
1625 4934 1794 4988 τόπου

212 5030 405 5084 τούτου
433 5030 703 5101 ἐσήμανα.
729 5027 996 5097 Ὕστερον
1020 5024 1096 5086 δὲ.
1122 5024 1198 5089 ὠς
1229 5024 1619 5096 σωφρονισθείς
1659 5026 1798 5096 πρὸς

212 5123 275 5176 τδ
304 5122 505 5193 γῆρας,
542 5119 705 5174 πάλιν
734 5117 1003 5189 ἐπανῆλθε
1034 5116 1218 5187 φέρων
1251 5114 1428 5186 ἐαυτῷ
1466 5116 1669 5189 ταύτην
1700 5116 1799 5188 τὴν

218 5215 454 5269 ίοϐολίαν
487 5211 747 5285 κρύϐδην.
780 5211 891 5263 Καὶ
909 5208 1061 5280 παρὰ
1086 5210 1252 5263 πᾶσιν
1277 5208 1663 5279 ἀγνοούμενος,
1693 5209 1799 5273 ἕως

216 5308 306 5360 ιτε
353 5308 434 5370 είς
482 5305 732 5375 ἔσχατον,
774 5302 867 5371 ἀφ’
914 5295 990 5358 ὧν
1032 5303 1113 5365 είς
1146 5294 1262 5355 ὦτά
1310 5317 1472 5355 τινων
1518 5300 1799 5372 ἐψιθύρισε

290 5483 307 5513 ¹
337 5480 399 5535 ιτ.
425 5484 524 5535 καὶ
557 5481 785 5551 Ἱερουσ.
862 5480 882 5510 ¹
918 5478 1039 5535 Vel.
1072 5480 1167 5535 καὶ
1196 5475 1514 5548 Βαρϐαριχὰ
1536 5475 1637 5548 τὴν
1664 5477 1878 5551 κώμην.

1897 4570 2103 4624 sbvter.

1968 4660 2357 4732 Depreliensus
2410 4663 2618 4733 itaque,
2659 4672 2715 4720 et
2761 4665 2831 4721 ab
2866 4665 3021 4720 Aetio
3045 4667 3259 4737 pulsus,
3292 4666 3345 4721 in
3376 4666 3484 4722 Co-

1894 4752 2107 4808 chaben
2152 4752 2367 4808 Arabiae
2407 4756 2664 4825 oppidum
2713 4756 2989 4828 profectus
3013 4767 3097 4815 est
3132 4778 3146 4813 :
3185 4760 3274 4814 ubi
3317 4759 3484 4815 Ebio-

1894 4860 2136 4900 meorum
2185 4861 2250 4902 ac
2300 4844 2686 4902 Nazoraeorum
2740 4851 2951 4905 semina
2989 4852 3258 4921 pullulare
3299 4869 3483 4925 cmpe-

1899 4946 2045 5004 rant,
2079 4946 2140 4993 ut
2172 4940 2227 4994 in
2263 4940 2451 4995 multis
2483 4941 2784 4997 refutandis
2834 4943 3138 5001 haeresibus
3172 4954 3332 4998 antea
3365 4961 3482 4998 mo—

1896 5030 2141 5085 nuimus.
2160 5029 2447 5087 Postremo
2470 5034 2619 5089 velut
2640 5035 2816 5090 aetatis
2843 5036 3156 5090 maturitate
3179 5036 3483 5106 sapientior

1897 5120 2098 5187 factus,
2130 5124 2471 5193 postliminio
2517 5127 2700 5193 rediit,
2751 5127 2995 5181 abditum
3040 5127 3173 5181 illud
3223 5128 3375 5183 virus
3425 5130 3483 5184 in

1898 5223 2119 5286 pectore
2158 5216 2358 5279 ferens,
2389 5226 2444 5273 et
2473 5218 2693 5289 ignotus
2720 5218 3002 5285 omnibus,
3040 5218 3217 5275 donec
3263 5219 3482 5275 tandem

1898 5306 2179 5362 nonnullis
2214 5321 2245 5361 e
2272 5310 2643 5380 sermonibus,
2692 5327 2833 5383 quos
2870 5311 2926 5401 in
2968 5312 3275 5381 aliquorum
3314 5325 3482 5367 aures

289 5640 399 5706 (55)
446 5634 764 5693 Ἐπέκεινα
795 5634 906 5706 τῆς
933 5637 1186 5706 Χεϐρών.
1205 5640 1459 5713 Chebron
1484 5637 1794 5710 Eleutherol

1900 5656 1919 5697 ε
1955 5638 2117 5712 vulgo
2139 5650 2263 5695 esse
2283 5636 2549 5699 creditur.
