3932 6064
499 240 602 299 679

1909 236 1965 292 S.
2007 232 2346 290 EPIPHANII

3669 239 3782 295 680

504 358 914 420 insusurrabat.
963 373 1062 429 pro
1103 357 1357 412 lizeretico
1399 363 1712 426 compertus
1745 371 1776 410 a
1811 355 1970 411 nobis
1990 370 2084 410 ex-

2188 355 2470 427 ρημάτων,
2508 353 2781 423 ἐλεγχθεὶς
2822 351 3060 416 τοιοῦτος
3101 353 3191 423 ὑφ’
3238 354 3393 425 ἡμῶν
3439 353 3777 425 ἀνεθεματίο

503 451 961 514 communicatus,
994 457 1046 503 et
1083 446 1476 503 mediocritatis
1519 457 1722 502 nostra:
1752 461 1918 517 opera
1949 460 2084 500 con-

507 543 685 595 victus
712 545 814 596 est.
855 539 1008 594 Unde
1044 539 1096 592 in
1131 539 1449 608 speluncam
1485 537 1744 609 deinceps
1794 535 2084 600 abscessit,

507 633 750 688 onmium
779 631 1159 685 exsecratione
1188 629 1502 692 damnatus,
1531 637 1584 684 et
1619 639 1726 683 tam
1759 644 1790 682 a
1819 627 2085 683 fratribus

508 723 821 785 derelictus,
873 721 1034 791 292
1067 735 1230 789 quam
1277 734 1306 773 a
1354 720 1628 791 plerisque
1690 735 1720 773 a
1758 720 1958 788 quibus
1991 735 2088 776 ne-

501 815 744 869 cessaria
783 814 906 868 vita:
955 813 1207 884 praesidia
1257 813 1638 882 suppetebant.
1687 812 1766 866 Ad
1804 814 1949 868 hunc
1983 815 2088 869 ita-

501 921 607 976 que
636 922 821 962 senem
850 906 962 969 ille,
995 920 1156 975 quem
1186 904 1323 968 dixi,
1353 903 1639 970 Eutaetus,
1665 904 1710 958 si
1739 903 1843 958 hoc
1867 905 2088 960 nomine

504 998 780 1052 vocandus
807 1005 912 1063 est,
946 1012 1072 1050 cum
1122 1013 1185 1051 ex
1223 995 1464 1068 Egypto
1494 997 1756 1063 venisset,
1789 996 1858 1051 ab
1908 1010 2087 1066 eoque

501 1089 688 1159 impiis
737 1089 1084 1159 dogmatibus
1131 1098 1276 1144 esset
1331 1089 1597 1153 imbutus,
1668 1088 1827 1143 talem
1876 1096 2085 1158 pestem

506 1178 652 1230 velut
680 1178 986 1246 exquisitas
1023 1193 1232 1233 merces
1261 1193 1447 1234 secum
1483 1177 1536 1232 in
1585 1179 1817 1249 patriam
1857 1177 2083 1232 revexit.

505 1268 636 1322 Erat
667 1269 801 1329 lure.
832 1279 891 1323 ut
920 1270 1180 1336 diximus,
1208 1271 1461 1327 Armenia
1487 1274 1670 1327 minor
1695 1275 1747 1327 in
1781 1275 1958 1327 vicina
1994 1272 2089 1328 Sa-

502 1361 626 1413 talte
656 1361 897 1429 regione.
942 1359 1062 1425 Quo
1102 1376 1227 1414 cum
1270 1370 1416 1427 esset
1453 1377 1730 1420 reversus.
1763 1363 2088 1432 contagione

503 1469 602 1507 sua
637 1453 1070 1522 quamplurimas
1124 1453 1234 1507 illic
1266 1454 1470 1508 infecit.
1507 1453 1641 1508 Nam
1673 1471 1731 1509 se
1768 1455 1821 1508 in
1850 1455 2088 1523 locuple-

503 1553 617 1596 tum
678 1542 1077 1613 quorumdatn,
1133 1559 1197 1598 ac
1251 1544 1512 1599 senatorii
1565 1543 1774 1599 ordinis
1835 1544 2083 1608 fetuinze,

503 1634 849 1703 aliorumque
898 1634 1281 1702 primariorum
1319 1633 1614 1686 amicitiam
1653 1634 1958 1696 insinuans,
1990 1648 2088 1702 per

499 1741 596 1780 eos
625 1734 812 1796 utpote
846 1726 1125 1794 principes
1167 1725 1314 1778 viros
1348 1723 1576 1778 inlinitis
1620 1723 1938 1777 hominibus
1971 1725 2088 1776 cxi-
2119 1704 2159 1758 Β

503 1818 638 1872 tium
681 1817 882 1870 attulit.
926 1814 1032 1869 Sed
1075 1831 1199 1869 eum
1237 1813 1502 1868 Dominus
1545 1814 1796 1869 celeriter
1831 1828 1864 1870 e
1909 1815 2088 1870 medio

502 1909 745 1971 sustulit,
779 1922 904 1960 cutn
932 1907 1044 1975 jam
1077 1905 1285 1959 zizania
1316 1921 1414 1960 sua
1452 1905 1769 1976 sparsisset.

569 2001 636 2057 ll.
696 2002 966 2056 Caeterum
1029 1999 1120 2054 isti
1184 1998 1525 2069 apocryphos
1581 1997 1852 2068 quosdam
1919 1999 2089 2054 libros

503 2094 796 2149 tinxerunt.
815 2092 853 2144 Ε
869 2092 1065 2162 quibus
1083 2091 1192 2145 duo
1207 2098 1336 2144 sunt
1360 2088 1693 2160 Symp/conire
1711 2090 1953 2154 nomine,
1975 2106 2090 2144 ma-

498 2189 586 2257 jor
613 2185 866 2242 videlicet
899 2199 963 2238 ac
990 2184 1188 2237 minor.
1223 2182 1428 2238 Praeter
1456 2199 1596 2252 quos
1623 2183 1920 2238 nonnullos
1950 2183 2090 2241 alios

500 2275 568 2330 iis
604 2277 931 2345 quibuscum
977 2282 1145 2344 agunt
1197 2289 1522 2344 percensere
1560 2276 1760 2341 solent,
1822 2284 1882 2329 ut
1934 2291 2088 2330 erro—

500 2382 613 2422 rem
659 2383 820 2422 suum
860 2366 1049 2421 multis
1089 2367 1509 2422 auctoritatibus
1537 2365 1811 2422 aﬂirmare
1861 2382 1926 2420 ac
1961 2381 2089 2436 pro-

499 2460 630 2515 bare
685 2460 994 2515 videantur.
1031 2457 1242 2514 Habent
1295 2467 1345 2514 et
1392 2475 1532 2529 quos
1592 2458 1948 2527 Ἀλλογενεῖς,
1983 2459 2088 2512 hoc

497 2551 944 2620 est'alienigenas
975 2559 1192 2612 vocant,
1227 2552 1308 2605 sic
1343 2552 1638 2621 inscriptos
1674 2551 1910 2606 libellos.
1954 2549 2086 2606 Item

497 2658 564 2698 ex
601 2642 910 2697 Atzabatico
940 2641 1113 2707 Isaia,
1162 2651 1216 2698 et
1263 2643 1316 2696 id
1348 2652 1534 2714 genus
1569 2643 1896 2714 apocrypbis
1925 2657 2088 2712 argu-

499 2743 683 2791 menta
729 2734 1078 2805 depromunt.
1135 2732 1240 2788 Sed
1297 2749 1363 2789 eo
1413 2735 1699 2797 libro,‘cui
1751 2732 2088 2804 Symphoniae

497 2841 694 2881 nomen
727 2835 831 2890 est,
863 2827 940 2878 uti
976 2824 1322 2894 potissimum
1360 2825 1540 2878 solent
1568 2843 1581 2878 :
1616 2827 1671 2878 in
1703 2841 1815 2894 quo
1832 2825 2088 2880 caelestes

499 2915 663 2970 crbes
710 2924 836 2968 octo
870 2916 951 2969 vel
1001 2925 1208 2982 septem
1260 2929 1383 2969 csse
1431 2914 1720 2969 deﬁniunt.
1777 2913 1985 2970 ﬂorum
2029 2915 2084 2969 in

498 3004 732 3072 singulis
761 3005 1002 3060 residere
1029 3006 1311 3078 principes
1338 3024 1352 3060 :
1379 3006 1454 3060 ita
1490 3014 1548 3061 ut
1577 3023 1674 3078 per
1702 3017 1957 3079 septenos
1986 3023 2082 3062 or-

499 3097 598 3152 bes
624 3095 905 3151 distributi
939 3099 1072 3164 sint,
1105 3105 1268 3168 atque
1296 3115 1438 3155 unus
1462 3100 1516 3155 in
1548 3086 1796 3171 quolibet
1824 3101 2081 3172 princeps

499 3187 757 3244 exsistat.
790 3188 984 3244 Certos
1034 3205 1199 3260 porro
1249 3192 1543 3263 unicuique
1586 3193 1818 3263 principi
1864 3192 2086 3248 ordines

495 3296 622 3338 esse
649 3283 976 3353 descriptos.
1015 3283 1190 3353 Supra
1225 3298 1367 3353 quos
1395 3298 1587 3340 omnes
1615 3295 1813 3339 octavo
1853 3284 1909 3338 in
1943 3283 2086 3337 cmlo

502 3372 740 3428 lucidam
784 3373 1008 3428 Matrem
1056 3386 1391 3428 creterarum.
1433 3375 1714 3429 luereseon
1754 3390 1904 3428 more
1948 3390 2084 3428 cono

499 3465 756 3520 stituunt.
810 3465 916 3519 Sed
950 3481 1140 3519 eorum
1191 3465 1361 3534 aliqui
1408 3464 1725 3520 foedissimis
1765 3465 2084 3522 libidinibus

498 3568 732 3624 corpora
775 3569 875 3608 sua
919 3555 1318 3608 contaminant.
1353 3555 1459 3608 Alii
1505 3553 1711 3624 iejunia
1761 3555 2084 3613 simulantes

501 3644 899 3697 monachorum
938 3645 1123 3714 specie
1157 3643 1587 3716 simplicioribus
1623 3646 1882 3711 illudunt,
1917 3666 1981 3704 ac
2025 3665 2086 3706 se

503 3734 770 3787 bonorum
805 3737 1049 3789 omnium
1095 3735 1442 3792 abdicatione
1471 3737 1774 3794 venditant.
1805 3737 1925 3795 Jam
1957 3757 2086 3796 vero

503 3825 558 3878 in
601 3839 953 3897 unoquoque,
1009 3835 1069 3882 ut
1115 3827 1323 3883 dictum
1378 3841 1484 3895 est,
1522 3830 1663 3885 coelo
1701 3832 2004 3902 principem
2031 3841 2088 3888 et

499 3926 825 3987 potestatem
861 3933 987 3972 cum
1021 3920 1229 3991 angelis
1263 3921 1472 3991 aliquot
1511 3923 1921 3993 apparitoribus
1965 3927 2082 3982 col-

498 4009 706 4063 locant.
761 4007 1070 4074 Quemlibet
1110 4010 1256 4064 enim
1300 4011 1607 4082 principem
1658 4028 1791 4069 suos
1840 4014 1945 4070 sibi
1993 4031 2086 4086 ge-

497 4101 689 4156 nuisse
765 4115 831 4155 ac
881 4115 1200 4170 procreasse
1251 4103 1541 4159 satellites.
1599 4103 1834 4160 Carnem
1885 4116 2087 4178 negant

500 4207 808 4264 resurgere,
847 4192 1010 4263 idque
1055 4192 1158 4247 soli
1199 4194 1397 4249 anima:
1430 4194 1699 4251 tribuunt.
1744 4196 2082 4268 Baptismum

497 4283 765 4337 damnant
797 4297 810 4333 :
851 4283 1070 4339 tametsi
1099 4283 1240 4338 inter
1267 4299 1363 4340 eos
1401 4284 1514 4341 sint
1563 4287 1658 4356 qui
1684 4287 1956 4359 baptismo
1983 4305 2084 4346 an-

499 4381 585 4428 tca
621 4372 819 4427 initiati
851 4372 1077 4429 fuerint.
1115 4374 1498 4446 Mysteriorum
1527 4380 1970 4436 communionem
2017 4397 2082 4438 ac

499 4465 799 4520 bonitatem
848 4466 1161 4534 repudiant,
1211 4477 1469 4538 tanquam
1505 4469 1760 4536 alienam,
1797 4479 1851 4528 et
1884 4473 1937 4528 in
1976 4489 2079 4530 no-

500 4555 646 4611 mine
697 4553 861 4625 293
913 4554 1154 4610 Sabaoth
1199 4567 1494 4627 repertam.
1529 4557 1684 4616 Hunc
1717 4564 1885 4631 enim,
1919 4572 1979 4619 ut
2026 4577 2080 4622 et

499 4647 620 4702 aliae
667 4647 917 4716 quaedam
950 4647 1208 4710 haereses,
1243 4649 1476 4718 septimo
1508 4650 1564 4704 in
1592 4651 1724 4706 orbe
1752 4655 1980 4721 versari,
2015 4671 2080 4710 ac

501 4735 846 4806 tyrannidem
897 4751 1154 4792 exercere
1212 4739 1534 4808 praedicant,
1579 4749 1916 4814 caeterosque
1963 4747 2079 4801 vio-

499 4825 673 4880 lenter
701 4826 1032 4897 opprimere.
1074 4827 1489 4902 Principatuum
1530 4841 1973 4906 potestatumque
1999 4839 2079 4893 ci-

495 4918 627 4974 bum
674 4918 915 4976 animam
953 4923 1256 4993 appellant,
1288 4925 1408 4981 sine
1441 4941 1548 4996 qua
1579 4927 1761 4984 vivere
1805 4928 1928 4985 illos
1965 4947 2076 4987 non

497 5023 678 5080 posse,
711 5011 858 5083 quod
899 5027 930 5068 a
963 5015 1175 5071 caelesti
1220 5032 1344 5074 rore
1383 5025 1666 5088 procreata
1708 5028 1918 5092 vegetet
1953 5024 2078 5082 illos

497 5116 561 5158 ac
587 5101 788 5159 foveat.
817 5103 949 5173 Quae
977 5121 1104 5163 cum
1140 5106 1208 5162 ad
1237 5109 1606 5179 cognitionem
1641 5113 1971 5182 pervenerit,
2013 5129 2078 5170 ac

498 5189 833 5264 baptismum
885 5197 1139 5254 Ecclesia:
1187 5215 1499 5272 nomenque
1541 5199 1805 5271 Sabaoth,
1849 5205 1943 5276 qui
1979 5221 2079 5260 au-

495 5292 618 5340 ctor
668 5287 803 5358 legis
848 5297 954 5358 est,
1007 5291 1278 5363 effugerit,
1311 5293 1378 5348 ad
1429 5293 1673 5368 singulos
1709 5296 1926 5352 evolare
1969 5312 2079 5352 coe-

572 5467 588 5499 ⁸
614 5465 673 5523 F.
701 5465 956 5538 βεϐαίων.
1034 5474 1053 5504 ⁹
1086 5469 1146 5527 F.
1173 5441 1574 5545 κεχραμμένοι.

570 5649 680 5712 (‘35)
710 5645 945 5705 εἰδέναι
974 5649 1043 5705 δὲ
1069 5651 1200 5709 καθ’
1231 5652 1513 5712 ἕκαστον.
1546 5654 1608 5712 ι’.
1640 5655 1777 5714 εἶναι

2189 447 2315 517 σθη,
2339 447 2433 500 καὶ
2459 445 2781 517 ἐλήλεγκται
2812 445 2900 499 διὰ
2933 445 3034 516 τῆς
3064 445 3224 516 ἡμῶν
3250 445 3611 517 βραχύτητος.
3662 449 3776 503 Καὶ

2186 537 2439 592 ἐκάθισεν
2473 540 2531 591 ἐν
2554 537 2633 609 τῷ
2659 537 2907 608 σπηλαίῳ
2935 536 3122 590 λοιπὸν
3155 536 3461 606 βδελυχθεὶς
3492 537 3600 591 ὑπὸ
3637 539 3776 592 πάν-

2186 650 2314 696 των,
2359 633 2455 687 καὶ
2503 631 2764 703 μονωθεὶς
2807 631 2916 685 ἀπὸ
2951 630 3053 700 τῆς
3090 629 3452 701 ἀδελφότητπ
3473 669 3489 693 ,
3523 630 3623 684 καὶ
3664 631 3774 685 ἀπὸ

2187 722 2455 776 πλείστων
2513 723 2622 776 τῶν
2673 722 2776 793 τῆς
2822 721 2970 793 ζωῆς
3033 721 3245 776 ἑαυτῶν
3302 723 3770 793 ἐπιμελουμένων.

2188 813 2332 885 Πρὸς
2361 811 2549 866 τοῦτον
2581 812 2671 868 τόν
2711 812 2942 884 γέροντα
2974 813 3271 884 καταχθεὶς
3308 815 3337 868 ό
3369 815 3771 886 προειρημένος

2188 899 2483 964 Εὑτακτος,
2509 901 2624 968 εῐγε
2660 900 2954 966 Εὑτακτος,
2982 902 3090 957 ἀπὸ
3117 904 3218 975 τῆς
3257 903 3537 972 Αἰγύπτου
3565 905 3772 976 διερχό-

2191 1009 2369 1063 μενος,
2395 993 2489 1047 καὶ
2511 993 2832 1064 μεταλαϐὼν
2855 997 2951 1064 τῆς
2976 994 3070 1048 τοῦ
3095 995 3351 1066 γέροντος
3376 997 3774 1050 κακοδιδασκα-

2187 1081 2327 1146 λίας,
2362 1082 2438 1147 ὡς
2475 1083 2718 1154 μεγάλην
2743 1084 3015 1154 ἐμπορίαν
3035 1085 3096 1138 τὸ
3132 1085 3458 1158 δηλητήριον
3486 1086 3646 1140 τοῦτο
3682 1087 3774 1140 λα-

2187 1173 2317 1237 ϐὼν,
2335 1175 2416 1238 εἰς
2438 1174 2534 1243 τὴν
2555 1173 3008 1246 ἐαυτοῦ”πατρίδα
3027 1178 3386 1248 ἀπεκόμισεν.
3404 1175 3512 1231 Ἦν
3535 1179 3646 1250 γάρ
3668 1181 3773 1232 ἀπὸ

2186 1270 2286 1339 τῆς
2303 1269 2507 1338 μικράς
2530 1268 2845 1340 Ἀρμενίας,
2870 1268 2946 1332 ὡς
2977 1269 3135 1340 ἔφην,
3171 1270 3512 1342 ὁρμώμενος,
3535 1271 3649 1324 τῶν
3673 1273 3774 1324 Σα-

2186 1359 2354 1430 τάλης
2401 1359 2628 1430 πλησίον
2684 1359 2886 1414 τόπων.
2929 1360 3272 1415 Ἐπανελθὼν
3314 1364 3395 1426 είς
3438 1365 3539 1434 τὴν
3575 1363 3769 1418 ἐαυτοὺ

2189 1451 2446 1523 πατρίδα,
2479 1451 2707 1516 πολλοὺς
2742 1451 2938 1524 ἐχρανε
2977 1452 3077 1522 τῆς
3117 1454 3285 1525 αὐτῆς
3321 1458 3526 1526 μικρᾶς
3568 1457 3769 1527 ’Δρμε-

2187 1543 2325 1608 νίας,
2361 1544 2730 1616 προσφθαρείς
2751 1562 2862 1598 τισι
2887 1545 3183 1609 πλουσίοις,
3210 1545 3548 1618 συγκλητικῇ
3583 1550 3647 1602 τέ
3667 1567 3769 1602 τινι

2189 1637 2284 1688 καὶ
2338 1635 2520 1699 ἄλλοις
2570 1635 2980 1710 περιϐλέπτοις,
3021 1637 3088 1690 δι’
3132 1631 3207 1689 ὧν
3249 1636 3524 1707 διαφανῶν
3563 1639 3769 1710 ἀνδρῶν

2189 1725 2420 1790 πολλοὺς
2457 1728 2635 1780 ἐκεῖσε
2685 1728 2954 1782 ἀπώλεσε.
2978 1712 3176 1798 Τάχιον
3215 1729 3272 1781 δέ
3311 1730 3473 1782 αὑτὸν
3497 1732 3527 1784 ό
3569 1732 3767 1804 Κύριος

2188 1814 2281 1866 τοῦ
2318 1815 2431 1886 βίου
2459 1816 2726 1887 ἐξήλειψε,
2761 1815 2900 1889 πλὴν
2932 1817 3014 1872 ὅτι
3047 1817 3266 1889 ἔσπειρε
3295 1820 3356 1872 τὸ
3383 1819 3585 1875 ἐαυτοῦ
3626 1821 3771 1886 ζιζά-

2189 1921 2319 1959 νιον.
3822 1961 3828 1964 .

2262 1996 2334 2050 B'.
2365 1997 2475 2050 Καὶ
2505 1991 2649 2053 οὗτοι
2693 1998 2749 2052 δέ
2802 1999 2952 2070 ὅμως
2993 2000 3206 2070 βίϐλους
3244 2003 3460 2066 ἑαυτοῖς
3505 2001 3768 2057 ἐπλαστο·

2189 2089 2479 2158 γράφησάν
2527 2106 2681 2152 τινας
2725 2090 3097 2162 ἀποκρύφους,
3127 2084 3202 2144 ὧν
3241 2091 3312 2144 τά
3360 2091 3608 2162 ὀνόματά
3655 2095 3766 2146 ἐστι

2188 2180 2380 2235 ταῦτα.
2401 2181 2474 2233 Τὸ
2502 2182 2599 2251 μὲν
2630 2181 2740 2254 γάρ
2769 2184 3146 2252 Συμςςωνίαν,
3168 2184 3363 2254 μικρὸν
3381 2185 3545 2255 δῆθεν
3570 2187 3766 2255 βιϐλίον

2189 2268 2437 2333 καλοῦσι,
2464 2270 2525 2322 τὸ
2553 2270 2608 2322 δὲ
2641 2271 2787 2341 μέγα
2807 2271 3340 2342 Συμφωνίαν.”Λλλά
3364 2275 3459 2328 καὶ
3485 2275 3620 2330 ἄλλα
3653 2277 3768 2329 τινὰ

2191 2360 2370 2432 βιϐλία
2403 2362 2614 2424 ἑαυτοῖς
2661 2362 3112 2432 ἐπισωρεύουσιν,
3148 2359 3230 2428 οἷς
3267 2366 3362 2419 ἐὰν
3413 2367 3763 2435 συντύχωσιν,

2191 2455 2277 2507 ἴνα
2307 2453 2500 2521 δόξωσι
2534 2455 2630 2526 τὴν
2655 2454 2862 2508 ἑαυτῶν
2883 2455 3092 2526 πλάνην
3115 2455 3203 2510 διά
3238 2457 3449 2512 πολλῶν
3482 2457 3762 2528 βεϐαιοῦν¹

2193 2545 2766 2619 ἐπισυνεισφέρεσθαι.
2803 2547 2944 2617 Ἤδη
2992 2547 3049 2600 δέ
3092 2549 3188 2601 καὶ
3231 2553 3343 2614 τοῖς
3377 2553 3765 2621 Ἀλλοτενέσι

2189 2637 2543 2706 καλουμένοις
2581 2637 2907 2708 κέχρηνταιο
2963 2639 3134 2710 βίϐλοι
3172 2641 3281 2712 γάρ
3317 2645 3456 2696 εἰσιν
3493 2642 3640 2696 οὑτω
3677 2661 3767 2697 κα-

2188 2728 2466 2799 λούμεναι.
2489 2731 2844 2800 Λαμϐάνουσι
2877 2732 2933 2785 δὲ
2969 2733 3137 2797 λαϐἀς
3159 2734 3268 2788 ἀπὸ
3293 2734 3388 2788 τοῦ
3409 2735 3764 2791 Ἀναϐατικοὺ

2201 2821 2423 2874 Ἡσαΐου
2445 2838 2459 2853 ·
2491 2821 2572 2874 ἔτι
2599 2822 2656 2875 δέ
2686 2825 2780 2877 καὶ
2806 2824 2982 2878 ἄλλων
3025 2824 3187 2881 τινῶν
3217 2827 3554 2899 ἀποκρύφων
3576 2847 3590 2860 ·
3617 2829 3679 2882 τὺ
3712 2829 3766 2882 δὲ

2189 2915 2297 2967 πᾶν
2337 2915 2402 2968 ἐκ
2453 2913 2545 2968 τοῦ
2581 2918 2903 2985 Συμφωνία
2947 2917 3282 2989 καλουμένου
3332 2919 3542 2990 βιϐλίου
3564 2937 3579 2949 °
3631 2923 3688 2974 ἐν
3725 2915 3767 2989 ᾧ

2187 3006 2418 3074 ὀγδοάδα
2470 3007 2594 3060 τινά
2613 3007 2876 3077 ,λέγουσιν
2897 2993 3039 3064 είναῖ
3069 3011 3318 3083 οὐρανὸν,
3345 3013 3441 3066 καὶ
3473 3013 3761 3085 ἑϐδομάδα.

2188 3098 2398 3152 Είδέναι
2426 3098 2482 3153 δὲ
2510 3099 2633 3154 καθ’
2659 3100 2892 3155 ἕκαστον
2921 3102 3032 3172 (55)
3062 3104 3290 3175 οὐρανὸν
3330 3107 3635 3177 ἄρχονταςλ
3679 3108 3765 3160 καὶ

2185 3192 2314 3254 τοὺς
2350 3191 2448 3262 μὲν
2473 3187 2612 3246 εἶναι
2635 3194 2762 3256 τοὺς
2793 3194 2934 3248 ἐπτά
2956 3195 3242 3266 οὐρανοὺς,
3270 3198 3390 3252 καθ’
3423 3200 3520 3253 ἕνα
3539 3202 3766 3272 οὐρανὸν

2185 3281 2280 3335 ἕνα
2311 3284 2579 3354 ἄρχοντα⁶
2625 3283 2804 3350 τάξεις
2840 3284 2897 3338 δὲ
2929 3281 3069 3342 εἶναι
3111 3289 3329 3360 ἑκάστῳ
3367 3291 3614 3362 ἄρχοντι.
3662 3295 3767 3352 Καὶ

2184 3373 2283 3444 τὴν
2320 3376 2549 3447 Μητέρα
2587 3375 2684 3448 τὴν
2736 3380 3005 3450 φωτεινὴν
3057 3380 3320 3435 ἀνωτάτω
3361 3385 3420 3437 ἐν
3467 3385 3549 3456 τῷ
3600 3385 3767 3456 όγδόῳ

2185 3459 2362 3532 εἶναι,
2408 3467 2660 3540 καθάπερ
2696 3471 2752 3521 αἱ
2802 3470 2961 3524 ἄλλαι
3007 3472 3266 3545 αἱρέσεις.
3319 3476 3427 3529 Kal.
3483 3477 3629 3540 τινὲς
3673 3480 3767 3548 μὲν

2185 3559 2366 3612 αὐτῶν
2415 3559 2554 3613 κατὰ
2613 3561 2683 3613 τὰ
2733 3562 2966 3632 σώματα
3019 3567 3458 3636 κεχραμμὲνων²
3511 3569 3766 3642 ἀσελγείᾳ

2186 3654 2580 3721 τυγχάνουσιν’
2616 3651 2765 3706 ἄλλοι
2810 3653 2867 3707 δὲ
2897 3654 3059 3724 δῆθεν
3093 3659 3470 3730 προσποιητὴν
3514 3662 3765 3731 νηστείαν

2185 3743 2603 3815 ὑποκρίνονται·
2644 3744 2896 3798 ἀπατῶσι
2937 3746 2993 3800 δὲ
3039 3748 3168 3812 τοὺς
3218 3749 3618 3824 άφελεστέρους
3675 3755 3764 3807 ἀν-

2186 3831 2441 3904 θρώπους
2491 3835 2842 3906 προσχήματι
2879 3838 3254 3906 μοναζόντων,
3299 3841 3606 3908 ἀποταξίαν
3651 3845 3767 3897 τινὰ

2187 3925 2594 3996 σεμνυνόμενοι.
2633 3927 2771 3980 Φασὶ
2816 3927 2874 3980 δὲ
2906 3925 3046 3983 εἶναι
3085 3931 3208 3986 καθ’
3241 3932 3473 3986 ἕκαστον
3517 3936 3764 4008 οὐρανὸν,

2185 4017 2262 4081 ὡς
2295 4019 2555 4089 προεῖπον
2577 4057 2592 4082 ,
2644 4018 2820 4092 ἀρχὴν
2865 4021 2962 4074 καὶ¹
3014 4021 3297 4089 ἐξουσίαν,
3328 4027 3424 4079 καὶ
3472 4029 3766 4097 ἀγγελικάς

2184 4124 2337 4172 τινας
2370 4109 2702 4181 ὑπηρεσίας,
2728 4112 2960 4166 ἑκάστου
2991 4112 3253 4185 ἄρχοντος
3289 4117 3470 4187 ἐαυτῷ
3510 4135 3765 4192 γεγεννη-

2185 4199 2344 4263 κότος
2373 4201 2468 4254 καὶ
2498 4203 2859 4274 πεποιηκότος
2898 4205 3226 4277 ὑπηρεσίαν.
3257 4209 3350 4281 Μὴ
3379 4207 3518 4264 εἶναι
3551 4212 3609 4266 δὲ
3642 4229 3765 4285 σαρ-
3801 4217 3816 4225 ’

2185 4291 2281 4355 κός
2320 4293 2637 4360 ἀνάστασιν,
2682 4296 2818 4350 ἀλλά
2850 4297 3010 4368 μόνον
3049 4300 3248 4372 ψυχῆς.
3279 4301 3764 4375 ’Δναθεματίζουσί

2184 4401 2244 4438 τε
2267 4385 2339 4438 ,τὸ
2369 4383 2612 4457 λουτρὸν,
2641 4389 2743 4442 κάν
2769 4407 2827 4442 τε
2861 4385 2975 4444 εἶέν
3003 4409 3146 4457 τινες
3166 4394 3225 4448 ἐν
3251 4395 3434 4460 αὑτοῖς
3463 4399 3762 4470 προειλημ-

2189 4473 2340 4545 μένοι
2393 4476 2490 4529 καὶ
2537 4477 2974 4552 βεϐαπτισμένοι.
3018 4483 3130 4555 Τήν
3176 4501 3238 4538 τε
3288 4486 3398 4539 τῶν
3451 4491 3764 4561 μυστηρίων

2191 4569 2427 4640 μετοχὴν
2476 4571 2570 4624 καὶ
2620 4572 2936 4646 ἀγαθότητα
2988 4574 3306 4643 ἀθετοῦσιν,
3347 4580 3424 4644 ὡς
3479 4582 3762 4655 ἀλλοτρίαν

2183 4656 2368 4727 οὖσαν,
2409 4663 2502 4716 καὶ
2549 4665 2630 4728 εἰς
2661 4664 2832 4736 ὄνομα
2873 4667 3100 4723 Σαϐαὼθ
3129 4673 3536 4745 γεγενημένηνο
3582 4675 3763 4730 τοῦτον

2183 4751 2294 4823 γάρ
2321 4751 2567 4808 θέλουσιν
2605 4751 2745 4811 εἶναι
2775 4759 2920 4813 κατά
2956 4778 3108 4826 τινας
3135 4762 3244 4818 τῶν
3282 4764 3462 4819 ἄλλων
3503 4768 3762 4839 αἱρέσεων

2188 4843 2246 4895 ἐν
2279 4841 2355 4912 τῷ
2379 4842 2592 4916 ἑϐδόμῳ
2642 4847 2857 4919 οὑρανῷ
2892 4852 3262 4922 τυραννοῦντα
3283 4895 3300 4921 ,
3332 4856 3428 4909 καὶ
3475 4859 3621 4914 κατὰ
3660 4859 3761 4911 τῶν

2183 4933 2356 4987 ἄλλων
2385 4937 2764 5009 κατισχύοντα.
2791 4940 2997 5014 Βρῶμα
3025 4942 3082 4996 δὲ
3121 4943 3371 5015 λέγουσιν
3400 4944 3540 5002 εἶναι
3582 4951 3760 5020 ἀρχῶν

2181 5024 2276 5078 καὶ
2300 5024 2559 5091 ἐξουσιῶν
2575 5029 2674 5102 τὴν
2703 5032 2902 5104 ψυχήν.
2929 5035 3091 5112 έΑνευ
3118 5036 3176 5090 δὲ
3203 5038 3371 5092 αὑτοῦ
3403 5041 3480 5112 μὴ
3503 5041 3758 5097 δύνασθαι

2179 5118 2376 5182 αὑτοὺς
2404 5119 2523 5191 ζῇν,
2556 5120 2644 5174 διὰ
2677 5123 2738 5176 τὸ
2783 5127 2891 5180 ἀπὸ
2931 5107 3031 5196 τῆς
3070 5128 3281 5182 ἀνωθεν
3325 5107 3555 5202 ἰκμάδος
3593 5134 3757 5203 αὑτὴν

2184 5206 2343 5277 εἶναι,
2372 5213 2467 5265 καὶ
2511 5213 2739 5286 δύναμιν
2781 5219 2962 5284 αὐτοῖς
2999 5221 3284 5292 παρέχειν.
3333 5225 3422 5277 Ἐν
3462 5224 3664 5295 γνώσει
3703 5225 3755 5279 δὲ

2183 5300 2386 5370 ταύτην
2413 5305 2728 5377 γενομένην,
2779 5310 2872 5362 καὶ
2915 5313 3192 5380 φυγοῦσαν
3229 5315 3293 5368 τὸ
3343 5315 3628 5389 θάπτισμα
3669 5318 3753 5386 τῆς
