3932 6064
193 164 292 227 681

860 166 1232 225 ADVERSUS
1270 165 1609 224 lleRESES
1646 166 1776 223 LIB.
1814 165 1861 222 1.
1904 163 2070 222 ΤΟΜ.
2110 163 2200 221 Ill.
2226 193 2294 204 —
2332 161 2606 220 HERES.
2644 163 2759 218 XL.

3354 164 3468 221 682

209 275 557 349 Ἐκκλησίας.
586 276 681 332 καὶ
703 277 765 332 τὸ
798 277 971 351 ὄνομα
998 280 1092 334 τοῦ
1127 279 1350 335 Σαϐαὼθ
1384 278 1478 334 τοῦ
1504 278 1596 333 τὸν
1615 279 1776 350 νόμον

1894 284 2047 335 ,εειεε
2071 278 2257 345 orbes,
2292 291 2459 347 seque
2485 277 2631 349 apud
2653 292 3096 349 unamquamque
3135 286 3462 349 potestatem

188 369 508 434 δεδοικότος,
540 370 747 424 ἀνιέναι
777 370 900 425 καθ’
933 372 1163 426 ἕκαστον
1207 372 1457 444 οὐρανὸν,
1512 371 1605 426 καὶ
1636 373 1771 427 ἀπο-

193 463 383 532 Δογίαν
422 460 623 516 διδόναι
660 462 866 534 ἑκάστῃ
891 461 1139 535 ἐξουσίᾳ⁸
1173 464 1268 519 καὶ
1308 462 1481 529 οὕτως
1512 462 1774 535 ὑπερϐαί-

189 571 308 609 νειν
338 553 476 627 πρὸς
524 553 625 626 τὴν
669 554 948 627 ἀνωτέραν
992 554 1223 629 Μητέρα
1270 556 1366 609 καὶ
1407 556 1629 628 Πατέρα
1666 554 1774 608 τῶν

187 646 352 712 ὅλων,
378 647 503 701 ὅθεν
547 647 612 718 δὴ
647 646 915 718 κατῆλθεν
955 647 1035 711 είς
1067 646 1216 701 τόνδε
1245 647 1337 707 τὸν
1372 647 1596 718 κόσμον.
1635 646 1772 717 Ἤδη

190 738 251 794 δὲ
281 732 457 804 εἷπον,
484 737 559 803 ὡς
584 738 1040 810 άναθεματίξουσι
1067 739 1128 793 τὸ
1165 739 1467 810 βάπτισμα,
1500 739 1581 804 ὠς
1608 737 1776 808 μυῖαι

190 831 565 887 θανατοῦσαι
597 832 967 901 σαυτριοῦσαι
1006 833 1351 887 σκευασίαν
1389 832 1599 885 ἐλαίου
1634 830 1779 899 ἡδύ-

190 935 459 992 σματος·
503 920 580 984 ὡς
617 920 710 974 ἐπὶ
744 920 952 975 τούτων
999 923 1096 976 καὶ
1128 922 1237 975 τῶν
1281 921 1482 992 ὁμοίων
1525 922 1711 985 αὐτοῖς
1743 924 1776 991 ή

193 1010 484 1084 παραϐολὴ
516 1010 595 1083 τῷ
616 1012 1018 1085 Ἐκκλησιαστῇ
1049 1014 1286 1086 εἴρηται.
1305 1015 1478 1067 Μυῖαι
1504 1006 1611 1082 γάρ
1641 1014 1779 1067 εἰσιν

191 1103 416 1175 ἀληθῶς
465 1103 823 1170 θανατοῦσαι,
872 1104 969 1158 καὶ
1011 1103 1240 1159 θάνατον
1289 1104 1644 1176 ἐμποιοῦσαι,
1684 1106 1781 1159 καὶ

194 1196 559 1267 σαπρίζουσαι
586 1195 648 1249 τὸ
681 1196 984 1267 μυρεψικὺν
1007 1195 1184 1251 ἔλαιον
1215 1196 1312 1252 τοῦ
1344 1198 1677 1269 ἡδύσματος,
1712 1197 1781 1250 τὰ

1875 385 2198 426 excusare:
2248 369 2443 440 sicque
2502 368 2571 449 ad
2626 383 2945 441 supremam
3012 368 3241 425 Matrem
3300 379 3466 441 atque

1879 463 2131 519 omnium
2162 461 2451 533 pervenire
2474 461 2787 529 Parentem,
2816 478 2845 517 a
2880 478 2992 535 quo
3025 465 3083 519 in
3127 465 3276 519 hunc
3303 479 3433 518 mun
3454 497 3467 504 -

1875 555 2007 611 dum
2059 554 2284 625 delapsa
2325 552 2418 610 sit.
2460 552 2710 609 Diximus
2753 555 3088 625 baptismum
3125 556 3194 610 ab
3224 554 3335 609 illis
3378 569 3468 610 re-

1873 645 1995 717 jici.
2031 644 2175 699 Nam
2202 661 2399 701 musae
2428 647 2708 701 morientes
2735 645 2959 716 perdunt
3008 649 3324 702 suavitatem
3363 664 3465 702 un-
3543 704 3550 711 ,

1874 734 2055 805 guenti
2085 751 2103 788 :
2134 736 2279 805 quod
2306 734 2373 790 de
2403 733 2522 791 istis
2542 777 2556 802 ,
2589 750 2892 806 eorumque
2924 736 3197 792 similibus
3238 751 3468 807 prover-

1880 827 1956 882 bii
2010 827 2194 896 specie
2216 825 2575 883 Ecclesiastes
2609 828 2993 896 pronuntiat'.
3038 827 3238 885 Muscae
3260 830 3465 900 quippe

1878 926 2010 977 sunt
2061 917 2379 982 mortifem,
2431 934 2555 989 quae
2579 919 2861 974 conditum
2906 935 2937 974 a
2984 920 3318 991 seplasiariis
3365 938 3467 976 un-

1881 1014 2143 1079 guentum
2196 1005 2471 1073 inﬁciunt,
2521 1006 2706 1063 divina
2747 1006 3001 1063 videlicet
3036 1009 3314 1079 mysteria,
3347 1025 3469 1079 quae

1881 1097 1949 1153 ad
1993 1098 2851 1168 peccatorumcondonationem
2900 1100 3149 1156 nobisin
3193 1102 3467 1172 baptismo

1882 1190 2081 1245 coliata
2118 1198 2266 1246 sunt.

193 1288 331 1356 ἅγια
362 1288 458 1342 τοῦ
486 1287 623 1341 Θεοῦ
660 1289 938 1360 μυστήρια
981 1288 1051 1342 τὰ
1077 1291 1134 1344 ἐν
1161 1288 1240 1360 τῷ
1284 1288 1497 1359 λουτρῷ
1534 1290 1667 1360 ἡμῖν
1700 1290 1779 1354 είς
1874 1306 1877 1307 '

193 1378 392 1447 ἄφεσιν
416 1376 702 1450 ἁμαρτιῶν
733 1378 1128 1450 κεχαρισμένα.

268 1470 344 1522 Γ’.
381 1468 697 1539 Θαυμάσειε
733 1469 777 1523 δ’
812 1468 878 1523 ἄν
914 1486 997 1532 τις
1022 1469 1199 1541 εὑρὼν
1230 1470 1323 1525 καὶ
1353 1471 1503 1543 παρὰ
1539 1472 1651 1535 τοῖς
1680 1487 1781 1539 φυ-

198 1567 466 1636 σιολόγοις
495 1566 620 1620 τινὰ
645 1566 911 1637 ὠφελείας
934 1565 1168 1638 ἔμπλεα,
1199 1566 1554 1630 ἀπεικασθεὶς
1585 1568 1652 1637 τῇ
1683 1566 1781 1635 τῆς

1894 1577 2049 1633 quam
2087 1562 2257 1616 multa
2289 1562 2343 1615 in
2377 1563 2711 1618 naturalium
2740 1579 2925 1619 rerum
2958 1566 3330 1637 scriptoribus
3366 1570 3474 1623 uti-
3556 1570 3571 1591 ‘

1951 1470 2040 1525 111.
2109 1469 2401 1526 Enimvero
2462 1471 2654 1526 mirari
2706 1472 2984 1544 quispiam
3044 1475 3185 1530 illud
3244 1478 3470 1545 poterit,

199 1630 461 1730 μελίττης
510 1630 726 1713 συνέσει
750 1697 766 1724 ,
803 1658 902 1727 τῆς
932 1630 1019 1727 ἐξρ’
1051 1657 1266 1712 ἅπαντα
1303 1657 1401 1728 μὲν
1430 1656 1501 1710 τὰ
1549 1630 1782 1727 βλαστή-

1894 1630 2057 1709 litatis
2082 1653 2245 1723 plena
2278 1653 2533 1723 reperiat,
2568 1654 2615 1709 si
2644 1656 2767 1725 apis
2791 1657 2923 1712 velit
2974 1630 3179 1713 imiiari
3229 1659 3497 1730 pruden~~

199 1766 354 1820 ματα
385 1747 785 1821 ὲφιζανούσης,
847 1748 920 1802 τὰ
952 1750 1203 1821 χρήσιμα
1246 1748 1304 1802 δὲ
1353 1748 1520 1819 ἑαυτῇ
1568 1749 1813 1800 ἐπισυν-ιι

196 1841 460 1911 αγούσης.
505 1838 568 1895 Ὀ
612 1839 723 1911 γὰρ
762 1840 981 1904 συνετὸς
1017 1839 1302 1911 ἄνθρωπος
1337 1839 1633 1911 οὐδαμόθεν
1685 1838 1785 1910 ξη-

201 1930 424 2002 μιοῦται
445 1969 462 1995 ,
495 1929 611 1984 ἀλλ’
636 1929 671 1996 ἢ
716 1929 1052 2000 πανταχόθεν
1079 1929 1355 2002 κερδαίνει
1379 1947 1391 1959 ·
1428 1928 1687 1993 ἀσύνετος
1730 1927 1786 1981 δὲ

199 2021 614 2093 ζημιωθήσεται
633 2062 648 2089 ,
675 2022 753 2085 ὡς
785 2022 881 2075 καὶ
917 2023 945 2074 ὁ
968 2019 1122 2089 ἅγιος
1156 2022 1439 2093 προφήτης
1469 2019 1617 2090 λέγει
1639 2036 1654 2049 ο
1692 2020 1789 2086 Τις

198 2112 482 2179 συνετὸς,
512 2113 614 2168 καὶ
639 2111 899 2182 συνήσει
918 2112 1139 2189 rugitu;
1162 2113 1262 2166 καὶ
1293 2114 1326 2166 ό
1352 2112 1536 2182 λόγος
1563 2111 1787 2180 Κυρίου

198 2202 378 2268 ἐστι,
412 2203 513 2257 καὶ
550 2200 841 2273 γνώσεται
889 2201 1081 2263 αὐτὰ,
1136 2202 1228 2255 ὅτι
1284 2201 1506 2256 εὐθεῖαι
1557 2202 1616 2253 αὶ
1662 2198 1788 2253 ὁδοὶ

200 2294 430 2362 Κυρίου
454 2312 467 2324 ·
519 2294 757 2361 ἀσεϐεῖς
794 2292 862 2347 δὲ
913 2292 1375 2360 ἀσθενήσουσιν
1422 2293 1494 2347 ἐν
1543 2289 1790 2356 αὐτα7ς;

202 2387 457 2459 Εῦρομεν
507 2385 615 2458 γὰρ
648 2385 744 2440 καὶ
781 2384 934 2457 παρὰ
984 2387 1096 2449 τοῖς
1135 2384 1490 2457 καλουμένοις
1541 2381 1791 2453 φυσιολό-

201 2496 359 2550 γοις,
412 2477 613 2549 μᾶλλον
661 2477 720 2530 δὲ
767 2478 928 2549 ἡμεῖς
959 2477 1115 2530 αὐτοὶ
1160 2476 1419 2550 ὁρῶμεν,
1464 2475 1541 2540 ὡς
1584 2474 1647 2528 τὸ
1683 2475 1792 2529 τῶν

202 2570 498 2644 κανθάρων
530 2570 686 2639 γένος
719 2568 832 2640 (56)
858 2569 921 2622 τὸ
949 2569 1100 2640 παρά
1125 2586 1235 2622 τισι
1276 2567 1507 2640 βυλάρον
1532 2567 1796 2639 καλούμε-

202 2681 298 2719 νον
318 2703 333 2729 ,
376 2662 664 2735 συνήθειαν
711 2662 825 2732 ἔχει
859 2663 918 2715 ἐν
948 2665 1015 2733 τῇ
1045 2661 1279 2732 δυσωδίᾳ
1309 2661 1405 2716 καὶ
1436 2662 1628 2734 κόπρῳ
1656 2662 1792 2716 ἁνα-

204 2756 495 2812 κυλίεσθαι
517 2796 533 2822 ,
570 2756 666 2810 καὶ
697 2754 836 2826 αῦτη
868 2754 1053 2817 αὐτοῖς
1083 2754 1254 2825 τροφή
1283 2771 1344 2806 τε
1382 2754 1478 2807 καὶ
1522 2752 1753 2826 ἐργασία
1780 2770 1792 2783 ·

203 2850 392 2915 ἄλλοις
440 2848 498 2903 δέ
542 2847 642 2920 τὴν
682 2846 856 2918 αὐτὴν
888 2845 1079 2900 τούτου
1115 2843 1426 2918 βορϐορώδη
1452 2844 1678 2917 τροφὴν,
1716 2847 1795 2908 εἰς

1886 1745 2038 1800 tiam.
2073 1758 2198 1812 quae
2245 1741 2488 1798 ﬂosculis
2535 1744 2796 1801 omnibus
2829 1745 3076 1804 insidens
3108 1748 3475 1821 undecunque

1887 1834 1990 1889 sibi
2023 1833 2177 1889 utilia
2212 1834 2439 1903 colligit.
2470 1833 2686 1889 Etenim
2716 1835 2801 1889 vir
2832 1837 3075 1907 prudens
3092 1852 3158 1893 ac
3187 1840 3476 1911 perspicax

1888 1926 2037 1981 nulla
2068 1940 2134 1980 ex
2166 1940 2227 1981 re
2255 1925 2647 1983 detrimentum
2679 1928 2850 1998 capit,
2886 1928 2985 1985 sed
3031 1944 3099 1999 ex
3139 1932 3292 1986 omni
3323 1947 3477 1988 occa-

1887 2018 2041 2074 sione
2087 2017 2375 2085 lucratur;
2445 2017 2777 2098 imprudens.
2837 2027 3030 2076 contra
3065 2021 3476 2078 incommodum

1889 2124 1953 2165 ac
1980 2110 2244 2164 damnum
2271 2110 2525 2180 percipit,
2558 2114 2639 2165 uti
2655 2118 2881 2167 sanctus
2905 2113 3172 2182 propheta
3199 2122 3476 2171 testatur:

1891 2201 2024 2268 Quis
2045 2202 2277 2270 sapiens,
2317 2212 2367 2257 et
2392 2203 2644 2273 intelliget
2669 2203 2779 2258 haec
2796 2205 2822 2258 ?
2840 2213 2889 2259 et
2910 2207 3120 2259 verbum
3144 2206 3364 2261 Domini
3378 2217 3475 2271 est,

1888 2300 1937 2344 et
1964 2302 2235 2361 cognoscet
2257 2292 2410 2349 ista?
2442 2294 2694 2363 quoniam
2736 2302 2891 2349 rectae
2933 2296 3032 2350 via:
3055 2295 3270 2351 Domini
3292 2313 3310 2351 :
3332 2299 3480 2366 impii

1891 2392 2068 2438 autem
2088 2381 2504 2455 inﬁrmabuntur
2532 2387 2586 2441 in
2607 2387 2682 2440 eis
2700 2386 2760 2439 ’ἲ
2791 2386 2952 2457 Apud
2976 2388 3100 2444 illos
3128 2389 3315 2459 igitur,
3339 2407 3480 2461 quos

1893 2476 2029 2545 dixi,
2063 2478 2396 2534 naturalium
2457 2493 2644 2534 rerum
2694 2479 2998 2551 scriptores
3033 2482 3368 2547 invenimus,
3395 2483 3481 2537 vel

1894 2570 2114 2640 ipsimet
2142 2570 2327 2641 potius
2353 2570 2662 2639 cernimus;
2687 2570 3093 2627 scarabaeorum
3119 2585 3313 2644 genus,
3333 2573 3480 2642 quod

1895 2676 1926 2716 a
1961 2660 2295 2731 quibusdam
2344 2662 2598 2734 bylarum
2645 2669 2898 2731 vocatur,
2934 2663 2989 2718 in
3023 2663 3198 2720 fetore
3241 2679 3308 2719 ac
3340 2674 3484 2720 ster-

1894 2768 2023 2809 core
2047 2753 2283 2809 volutari
2315 2755 2517 2821 solere,
2543 2755 2859 2826 unicumque
2884 2755 2995 2812 illis
3018 2755 3154 2827 ipsis
3173 2764 3233 2813 et
3251 2756 3483 2812 alimen~

1895 2853 2010 2901 tum
2042 2853 2097 2901 et
2125 2860 2263 2915 opus
2290 2862 2435 2911 esse,
2467 2862 2594 2902 cum
2631 2849 2756 2905 aliis
2784 2849 2945 2907 dirus
2988 2865 3055 2905 ac
3086 2850 3346 2906 sordidus
3394 2849 3486 2906 ille

208 2942 313 3013 μὲν
358 2939 657 3011 ὲπάχθειαν
707 2938 803 2993 καὶ
850 2938 1168 3007 δυσοδμίαν.
1210 2937 1322 2991 Καὶ
1374 2937 1658 3007 μελίσσαις
1696 2937 1791 3007 μὲν

1897 2938 2057 2994 cibus
2085 2940 2389 2997 molestiam
2430 2956 2493 2995 ac
2529 2957 2789 2999 nauseam
2825 2942 3023 3014 pariat.
3057 2940 3194 2997 Nam
3223 2942 3321 3013 qui
3356 2957 3487 3013 apes

203 3034 353 3106 αὕτη
386 3036 421 3105 ἡ
469 3034 671 3104 κόπρος
720 3032 814 3086 καὶ
861 3029 1096 3085 δυσωδία
1133 3029 1396 3093 θάνατος,
1436 3029 1691 3101 βυλάροις
1739 3028 1797 3082 δέ

206 3130 358 3182 ἐστιν
390 3124 624 3197 ἐργασία
671 3124 765 3177 καὶ
795 3122 969 3196 τροφὴ
1023 3122 1119 3177 καὶ
1151 3122 1528 3195 πραγματεία.
1566 3123 1702 3186 Ταῖς
1740 3122 1797 3176 δὲ

209 3219 500 3292 μελίσσαις
531 3217 838 3272 τούναντίον
866 3216 899 3285 ἡ
928 3215 1151 3287 εύοδμία
1182 3215 1276 3269 καὶ
1299 3213 1369 3267 τά
1399 3214 1533 3285 ἄνθη
1554 3254 1571 3281 ,
1610 3213 1706 3268 καὶ
1730 3211 1798 3265 τὰ

208 3312 364 3385 μύρα
416 3313 498 3375 είς
527 3307 843 3379 ἀναψυχὴν,
880 3306 1055 3360 κτίσιν
1082 3322 1143 3358 τε
1192 3304 1288 3358 καὶ
1327 3303 1526 3375 ἐδωδὴν
1547 3346 1563 3370 ,
1597 3306 1677 3367 εἰς
1707 3303 1798 3373 ἐρ-

204 3402 410 3473 γασίαν
442 3418 503 3455 τε
532 3400 628 3454 καὶ⁸
667 3397 1053 3472 πραγματείαν
1072 3411 1087 3427 ·
1127 3397 1240 3459 τοῖς
1270 3395 1327 3448 δὲ
1356 3393 1649 3466 κανθάροις
1685 3396 1799 3457 τοῖς

205 3492 635 3565 προειρημένοις
659 3530 675 3556 ,
702 3490 801 3544 εἴτ’
829 3486 923 3544 οὖν
953 3489 1209 3562 βυλάροις
1226 3530 1241 3555 ,
1275 3487 1494 3542 ἐναντία
1520 3486 1590 3539 τὰ
1615 3485 1799 3540 τοιαῦ-

204 3602 301 3641 τα.
341 3586 402 3639 '0
436 3583 546 3655 γὰρ
577 3582 898 3655 βουλόμενος
926 3581 1150 3646 τούτους
1181 3579 1495 3652 δοκιμάσαι,
1530 3577 1607 3643 ὥς
1634 3596 1799 3648 φασιν

206 3679 262 3733 οἱ
286 3676 596 3747 φυσιολόγοι
619 3716 634 3742 ,
667 3674 776 3729 ἀπὸ
810 3675 983 3746 μύρου
1003 3715 1019 3742 ,
1063 3674 1206 3744 φημὶ
1230 3673 1287 3727 δὲ
1315 3671 1699 3742 ὀποϐαλσάμου
1720 3710 1735 3735 ,
1763 3670 1797 3741 ἢ

208 3768 409 3842 νάρδου
433 3766 636 3829 λαδὼν.
667 3766 760 3822 καὶ
793 3765 1163 3837 προσενέγκας
1189 3766 1305 3829 τοῖς
1344 3762 1638 3834 κανθάροις
1658 3801 1676 3827 ,
1704 3760 1800 3814 θά-

208 3878 373 3916 νατον
403 3859 587 3921 αὐτοῖς
609 3858 849 3928 ἐμποιεῖ.
887 3856 1067 3921 Εὐθὺς
1094 3857 1204 3928 γὰρ
1241 3854 1556 3917 τελευτῶσι,
1599 3853 1675 3924 μὴ
1706 3852 1799 3923 φέ-

211 3968 404 4026 ροντες
430 3949 530 4021 τὴν
555 3949 804 4003 εὐωδίαν.
840 3947 998 4002 Οὕτω
1028 3947 1123 4002 καὶ
1158 3939 1326 4011 οῦτοι,
1359 3945 1460 4016 τῆς
1501 3943 1602 4015 μὲν
1632 3943 1800 4013 γαλή-

207 4062 313 4116 νης
345 4043 389 4112 ί,
422 4042 519 4096 καὶ
547 4040 801 4114 πορνείας
827 4080 841 4106 ,
870 4040 965 4095 καὶ
993 4040 1192 4104 κακίας
1233 4038 1552 4111 ὀρεγόμενοι
1576 4076 1591 4101 ,
1622 4038 1702 4100 είς
1731 4036 1801 4090 τά

210 4133 432 4208 πονηρὰ
461 4134 644 4205 έχουσι
670 4133 767 4205 τὴν
813 4132 1021 4188 ἑαυτῶν
1045 4132 1235 4188 ἐλπίδα
1255 4148 1269 4163 ο
1307 4130 1711 4203 πλησιάσαντες
1742 4128 1800 4184 δὲ

208 4225 288 4296 τῷ
318 4224 461 4295 ἁγίῳ
485 4222 697 4295 λουτρῷ
712 4224 811 4277 καὶ
830 4224 898 4295 τῇ
929 4221 1174 4294 εὐοδμία,
1209 4220 1645 4291 ἀποθνήσκουσιν
1669 4259 1682 4284 ,
1718 4219 1800 4281 εἰς

1901 3030 2063 3086 fimus
2098 3045 2163 3085 ac
2215 3031 2360 3086 fetor
2395 3032 2678 3096 interﬁcit,
2733 3033 3028 3089 scarabaeis
3066 3034 3385 3089 alimentum
3420 3048 3485 3089 ac

1899 3123 2183 3179 materiam
2228 3124 2438 3195 praebet
2487 3125 2694 3195 operis,
2726 3135 2787 3179 ut
2818 3125 2928 3183 illis
2958 3124 3122 3183 ﬂores
3157 3136 3214 3181 et
3250 3128 3484 3182 odorum

1878 3215 2224 3287 fragrantia,
2276 3225 2444 3288 atque
2496 3223 2902 3288 unguentorum
2962 3220 3253 3275 suavitas:
3286 3218 3488 3289 quibus

1900 3307 2158 3364 omnibus
2180 3307 2247 3363 ad
2275 3308 2721 3375 oblectationem,
2751 3316 2806 3365 et
2827 3308 3184 3375 melliﬁcium,
3217 3324 3283 3364 ac
3301 3310 3486 3365 cibum

1900 3407 1958 3454 et
2005 3400 2187 3470 operis
2237 3400 2687 3455 exercitationem
2740 3407 2990 3456 utuntur.
3026 3401 3332 3457 Scarabaeis
3357 3416 3489 3456 vero

1900 3492 2061 3561 longe
2106 3491 2221 3547 haec
2266 3492 2547 3547 contraria
2584 3499 2733 3548 sunt.
2767 3482 2933 3567 294
2960 3494 3063 3561 Qui
3094 3496 3240 3549 enim
3270 3495 3489 3566 pericu-

1900 3582 2013 3636 lum
2075 3580 2257 3637 facere
2297 3582 2553 3645 voluerit,
2587 3588 2646 3636 ut
2691 3582 2995 3655 physiologi
3028 3584 3272 3651 tradunt,
3309 3585 3356 3641 si
3386 3601 3491 3640 un-

1900 3680 2183 3743 guentum,
2222 3680 2354 3743 puta
2402 3674 2840 3743 opobalsamum,
2873 3683 2969 3731 aut
3011 3678 3245 3733 nardum
3296 3693 3486 3733 scara-

1900 3763 2035 3818 baeis
2089 3763 2417 3825 admoveat,
2490 3765 2655 3819 letum
2712 3767 2822 3820 illis
2871 3767 3046 3822 affert.
3093 3767 3292 3823 Statim
3341 3771 3489 3824 enim

1901 3853 2174 3909 suavitate
2204 3854 2393 3910 odoris
2421 3862 2741 3911 enecantur.
2763 3855 2857 3910 Sic
2884 3857 3128 3913 ἣξει-οιίρὶ
3152 3859 3228 3912 illi
3262 3867 3487 3928 stupro-

1901 3958 2022 3999 rum
2056 3957 2121 3999 ac
2149 3943 2459 4009 libidinum,
2505 3950 2562 4001 et
2608 3944 2867 4015 nequitiae
2915 3945 3097 4002 omnis
3146 3955 3486 4017 appetentes,

1901 4035 2155 4106 pessimis
2181 4036 2238 4091 in
2261 4036 2428 4093 rebus
2454 4052 2605 4109 spem
2637 4031 2790 4094 suam
2814 4037 3121 4104 collocant;
3152 4053 3278 4094 mox
3305 4046 3486 4095 autem

1903 4132 1963 4178 ut
1996 4124 2065 4180 ad
2096 4140 2317 4181 sacrum
2361 4127 2694 4198 baptismum
2726 4135 2781 4182 et
2812 4126 3165 4199 ﬂagrantiam
3207 4129 3355 4184 illam
3392 4145 3483 4185 ac-

1903 4216 2192 4283 cesserint,
2228 4218 2561 4286 moriuntur,
2596 4220 3043 4290 blasphemantes
3075 4220 3267 4289 Deum,
3301 4237 3364 4277 ac
3396 4224 3488 4279 do-

208 4319 305 4371 τὸν
334 4316 471 4371 Θεὸν
506 4313 950 4387 βλασφημοῦντες
972 4353 986 4378 ,
1039 4314 1131 4368 καὶ
1164 4313 1261 4386 τὴν
1292 4312 1471 4367 αὐτῶν
1503 4313 1791 4384 κυριότητα

1903 4305 2263 4364 minationem
2295 4306 2419 4378 ejus
2449 4316 2794 4379 spernentes.

100 4416 107 4421 “
212 4408 558 4472 ἀθετοῦντες.

285 4505 362 4557 Δ¹.
420 4502 518 4555 Ἐκ
552 4502 682 4573 μιᾶς
725 4500 784 4555 δὲ
810 4501 842 4573 ἢ
870 4500 962 4554 δύο
996 4497 1310 4572 μαρτυριῶν
1339 4496 1538 4561 αὐτοὺς
1567 4495 1798 4568 ἀνατρέ-

209 4594 411 4667 ψομεν.
459 4593 526 4647 Εἰ
570 4592 680 4665 γὰρ
719 4592 814 4647 καὶ
858 4592 1025 4665 ἀρχαὶ
1057 4592 1149 4646 καὶ⁸
1178 4590 1416 4658 ἐξουσίαι
1443 4589 1795 4661 καλούμεναι,

210 4688 315 4741 οὐκ
341 4684 504 4749 ἐκτὸς
533 4683 670 4738 Θεοῦ
705 4679 865 4739 αὗται
892 4684 1148 4754 γεγόνασι
1173 4723 1188 4749 ,
1222 4683 1457 4755 μάλιστα
1492 4685 1550 4738 ἐν
1574 4685 1686 4747 τοῖς
1709 4682 1799 4737 ούο

214 4778 426 4848 ρανοῖς,
466 4771 589 4829 Οἵδε
612 4774 723 4847 γὰρ
751 4777 786 4847 ή
807 4775 998 4847 Γραφή
1035 4774 1214 4845 λέγειν
1251 4773 1517 4843 ἀγγέλους
1549 4774 1645 4828 καὶ
1669 4775 1802 4846 ἀρχ-

213 4869 488 4938 αγγέλους
509 4909 526 4934 ,
569 4868 673 4922 οὐκ
720 4869 802 4932 εἰς
838 4866 1190 4940 ἐναντιότητα
1222 4865 1591 4937 τεταγμένους
1613 4909 1628 4933 ,
1665 4865 1803 4920 ἀλλὰ

211 4958 567 5032 λειτουργικὰ
606 4958 896 5030 πνεύματα
936 4960 1017 5022 είς
1051 4956 1327 5012 διακονίαν
1359 4956 1802 5028 ἀποστελλόμενα

212 5053 303 5107 διὰ
330 5053 461 5115 τοὺς
495 5050 787 5120 μέλλοντας
818 5050 1175 5122 κληρονομεῖν
1195 5048 1491 5120 σωτηρίαν.
1534 5048 1647 5102 Καὶ
1690 5047 1801 5119 γὰρ

215 5144 307 5199 ἐπὶ
334 5144 438 5215 τῆς
468 5142 574 5214 γῆς
626 5141 751 5195 καθ’
780 5142 1018 5213 ἑκάστην
1061 5140 1338 5212 βασιλείαν
1383 5138 1575 5213 πολλαὶ
1609 5141 1797 5212 ἀρχαὶ,

1890 4472 1900 4483 ’
1976 4492 2065 4548 IV.
2106 4492 2258 4560 Quos
2283 4494 2502 4565 quidem
2528 4511 2636 4552 uno
2665 4496 2748 4552 vel
2777 4497 2951 4554 altero
2983 4498 3299 4554 testimonio
3323 4498 3488 4570 jugu-

1903 4583 2165 4640 labimus.
2197 4584 2332 4641 Nam
2360 4587 2406 4643 si
2440 4603 2580 4659 quos
2602 4590 2945 4663 principatus
2969 4606 3034 4647 ac
3059 4599 3357 4662 potestates
3385 4607 3495 4655 vo-_

1906 4691 2120 4743 camus,
2158 4678 2282 4735 sine
2335 4679 2447 4736 Deo
2481 4672 2706 4738 minime
2734 4686 3172 4752 constituuntur,
3207 4684 3342 4740 idin
3377 4699 3505 4740 ειη-⁷

1906 4772 1974 4827 lis
1992 4772 2137 4842 ipsis
2166 4774 2348 4830 locum
2373 4776 2577 4832 habere
2607 4778 2845 4834 maxime
2868 4779 3048 4837 debet.
3084 4778 3319 4849 Angelos
3340 4779 3486 4833 enim

1906 4872 1960 4920 et
1993 4862 2691 4939 archangelos'Scriptura
2733 4879 3143 4937 commemorat,
3177 4886 3288 4926 non
3338 4870 3487 4941 ejus-

1905 4957 2053 5013 modi
2101 4967 2162 5013 ut
2209 4960 2470 5015 contrarii
2509 4960 2621 5017 Deo
2642 4962 2768 5019 .sint
2801 4980 2815 5017 :
2852 4963 2948 5019 sed
2984 4956 3487 5018 administratorios

1902 5048 2132 5120 spiritus
2160 5051 2227 5106 ad
2260 5052 2624 5109 ministerium
2656 5055 2877 5120 missos,
2908 5062 3131 5125 propter
3149 5069 3244 5110 eos
3263 5054 3357 5124 qui
3386 5054 3486 5108 liae-
3584 5076 3591 5082 -

1901 5142 2187 5199 reditatem
2225 5144 2454 5216 capiunt
2495 5147 2693 5203 salutis
2720 5155 2762 5202 ⁸.
2802 5147 2859 5202 Si
2883 5147 3102 5218 quidem
3142 5157 3196 5204 et
3244 5148 3299 5201 in
3336 5155 3484 5203 terra

289 5301 306 5332 ³
334 5298 607 5372 Suspecta
630 5297 765 5353 mihi
786 5312 889 5354 vox
909 5305 991 5354 est
1019 5298 1281 5371 γαλήνης.
1359 5300 1379 5330 ¹
1415 5296 1600 5355 Eccle.
1636 5314 1690 5364 x,
1723 5298 1778 5354 1.

1912 5297 2038 5356 Osc.
2063 5315 2176 5366 xlv,
2200 5299 2293 5359 i0.
2368 5301 2390 5332 ⁸
2414 5301 2581 5360 Hebr.
2616 5319 2656 5368 ι,
2692 5304 2780 5359 14.

288 5454 400 5535 (5_6)
449 5452 637 5535 Ὧςτὸ
668 5450 788 5535 τῶν
819 5450 1131 5521 κανθάρων
1160 5453 1355 5527 γένος.
1409 5453 1527 5510 Non
1550 5450 1791 5523 displicet

1894 5453 2076 5515 irnarii
2109 5453 2292 5523 lectio,
2326 5457 2420 5527 qui
2476 5457 2841 5515 Plutularium
2885 5461 3032 5534 legit.
3060 5462 3194 5517 Nam
3246 5462 3488 5535 Βύλαρον

220 5522 347 5585 illud
372 5522 480 5585 non
508 5522 762 5590 expedio.

539 5614 815 5675 ΡΑτιιοι.
852 5614 967 5674 Gn.
1002 5613 1167 5677 XLI.

3078 5622 3157 5680 2'2
