3932 6064
484 184 588 241 683
1887 177 1945 235 S.
1985 171 2330 234 EPIPHANII
3652 178 3774 234 684

480 303 764 375 quodlibet
796 319 1026 377 regnum
1047 304 1236 376 plures
1255 304 1420 361 habet
1449 300 1792 374 principatus
1821 299 1918 355 uni
1949 296 2062 368 regi

2178 300 2313 354 ἀλλὰ
2352 301 2456 355 ὑπὸ
2496 301 2594 357 ἕνα
2635 301 2878 374 βασιλέα.
2911 301 2979 356 Al
3025 300 3134 372 γὰρ
3165 293 3343 356 οὖσαι
3385 299 3660 365 ἐξουσίαι
3696 301 3769 352 ἐκ

481 396 782 464 subjectos.
803 396 937 462 Qua:
963 398 1101 451 enim
1127 404 1409 466 potestates
1439 403 1584 457 sunt,
1605 411 1637 448 a
1665 392 1770 447 Deo
1801 391 2065 446 ordinata:

2178 391 2322 445 Θεοῦ
2366 394 2714 464 τεταγμέναι
2741 435 2756 460 ,
2792 394 2868 458 ὡς
2911 393 3062 462 λέγει
3109 395 3138 446 6
3186 391 3526 455 Ἀπόστολος.
3580 391 3773 446 Ὥστε

483 493 626 546 sunt,
653 486 729 538 ait
745 486 1092 554 Apostolus'.
1112 484 1299 554 Itaque
1325 485 1415 555 qui
1441 482 1692 554 potestati
1724 481 1946 542 resistit,
1971 479 2066 532 Dei

2178 476 2288 535 οὖν
2330 485 2364 537 ὀ
2396 484 2833 555 ἀνθιστάμενος
2882 484 2957 554 τῇ
3007 485 3294 552 ἐξουσίᾳ,
3343 482 3418 552 τῇ
3462 482 3573 537 τοῦ
3609 485 3773 537 Θείοῖν

483 575 813 630 ordinationi
845 577 1064 630 resistit.
1101 575 1247 630 Nam
1285 577 1550 646 principes
1586 590 1689 628 non
1733 580 1854 627 sunt
1884 578 2066 624 contra

2178 575 2424 647 διαταγῇ
2456 577 2848 645 ἀνθέστηκεν.
2901 580 2965 630 Οἱ
2998 578 3108 647 γὰρ
3143 576 3432 645 ἄρχοντες
3479 575 3594 628 οὐκ
3639 577 3766 628 eici

486 668 696 733 bonum,
734 667 823 720 sed
849 685 945 737 pro
982 667 1114 722 bono
1135 683 1154 721 :
1187 685 1350 739 neque
1381 676 1503 722 sunt
1543 675 1728 722 contra
1771 665 2065 726 veritatem,

2178 668 2324 722 κατὰ
2375 668 2483 722 τοῦ
2517 669 2774 738 ἀγαθοῦ,
2826 668 2966 722 ἀλλ’
3006 668 3160 737 ὑπὲρ
3207 667 3314 721 τοῦ
3351 665 3580 736 ἀγαθοῦ
3608 683 3624 698 ·
3661 666 3768 718 καί

484 757 575 811 sed
603 774 698 824 pro
733 759 966 812 veritate.
1016 758 1102 812 Vis
1133 767 1308 812 autem
1351 775 1456 812 non
1507 757 1683 811 timere
1715 756 2068 824 potestatem?

2178 759 2282 812 οὐκ
2319 759 2439 813 εἰσί
2472 760 2622 814 κατὰ
2653 759 2766 828 τῆς
2792 762 3082 830 ἀληθείας
3100 801 3115 825 ,
3138 761 3278 814 ἀλλ’
3305 757 3460 826 ὑπὲρ
3483 757 3595 826 τῆς
3615 757 3774 823 ἀλη-

486 849 692 903 Ronum
727 849 836 919 fac,
859 859 906 903 et
937 850 1150 905 habebis
1177 851 1389 905 laudem
1415 865 1479 903 ea:
1508 849 1624 903 illa.
1654 845 1776 901 Non
1800 848 1938 901 enim
1958 847 2070 900 sine

2178 851 2356 915 θείας.
2396 850 2601 916 Θέλεις
2629 851 2697 904 δὲ
2720 893 2734 918 ,
2771 853 2906 923 φησὶ
2929 892 2944 918 ,
2985 850 3102 920 τὴν
3128 850 3422 915 ἐξουσίαν
3441 846 3530 918 μὴ
3562 846 3771 916 φοϐεῖν

485 957 649 996 causa
664 940 903 1013 gladium
921 951 1120 1012 portat.
1143 941 1242 996 Dei
1264 943 1404 996 enim
1427 943 1666 994 minister
1687 938 1755 993 ad
1777 939 1873 992 hoc
1895 939 2068 1006 ipsum

2178 946 2350 1006 σθαι;
2389 942 2458 995 Τὸ
2491 941 2719 1012 ἀγαθὸν
2748 944 2769 974 ²
2809 943 3004 1009 ποίει,
3066 941 3166 996 καὶ
3206 939 3364 1006 ἕξεις
3399 938 3656 992 ἔπαινον
3697 936 3776 999 ἐξ

485 1032 734 1086 adversus
756 1033 1006 1086 scelerate
1029 1032 1299 1101 quidpiam
1329 1040 1591 1102 gerentem
1622 1047 1654 1082 a
1677 1028 1787 1082 Deo
1816 1027 2070 1080 constitu-

2178 1021 2382 1098 αὐτῆς.
2428 1034 2512 1086 Οὐ
2546 1032 2656 1103 γὰρ
2693 1031 2824 1100 εικῆ
2852 1031 3027 1101 φορεῖ
3052 1031 3167 1100 τὴν
3193 1030 3516 1100 μάχαιραν.
3550 1026 3774 1081 Διὰκοο

484 1132 591 1176 tus.
627 1121 866 1178 Videsne
891 1131 950 1177 ut
980 1125 1095 1178 haec
1123 1123 1312 1178 mundi
1342 1129 1587 1192 potestas
1618 1134 1647 1172 a
1683 1120 1792 1174 Deo
1826 1115 2068 1172 stabilita

2178 1140 2279 1187 νος
2310 1122 2421 1192 γάρ
2449 1124 2622 1178 ἐστιν
2665 1125 2753 1188 είς
2781 1123 2929 1177 αὐτὸ
2975 1121 3150 1176 τοῦτο
3188 1123 3257 1174 ἐκ
3297 1120 3447 1174 Θεοῦ
3485 1117 3777 1186 τεταγμέ-

483 1215 578 1279 sit,
612 1214 888 1284 gladiique
912 1215 1007 1284 jus
1040 1214 1322 1270 obtineat?
1347 1212 1532 1284 Neque
1564 1225 1696 1266 vero
1740 1208 1795 1263 id
1825 1206 2068 1268 aliunde,

2178 1235 2280 1282 νος
2310 1214 2389 1281 τῷ
2415 1215 2480 1270 τὸ
2507 1216 2695 1271 κακὸν
2727 1214 3064 1283 πράττοντι.
3098 1213 3209 1268 Καὶ
3231 1213 3363 1284 ὁρᾷς
3389 1252 3404 1278 ,
3439 1209 3516 1274 ὡς
3542 1213 3576 1280 ή
3607 1209 3777 1274 ἐξου-

479 1322 648 1377 quam
680 1323 710 1361 a
744 1307 853 1362 Deo
881 1306 948 1360 ad
980 1307 1367 1360 vindicandum
1394 1304 1609 1372 accipit.
1629 1299 1898 1356 Caeterum
1923 1297 2070 1368 quod

2178 1309 2266 1362 σία
2299 1307 2439 1380 αὕτη
2473 1312 2506 1376 ἡ
2541 1310 2781 1381 κοσμικὴ
2813 1311 2876 1364 ἐκ
2903 1308 3038 1363 Θεοῦ
3057 1306 3336 1369 τέτακται,
3366 1305 3460 1358 καὶ
3487 1303 3776 1375 μαχαίρας

483 1397 754 1468 ejusmodi
803 1399 914 1454 sint
953 1400 1009 1451 in
1049 1397 1252 1451 mundo
1282 1396 1622 1466 principatus
1653 1407 1716 1447 ac
1750 1399 2070 1462 potestates,

2178 1397 2334 1452 ἔλαϐε
2367 1398 2466 1470 τὴν
2501 1398 2778 1464 ἐξουσίαν;
2822 1398 2936 1450 Οὐκ
2967 1394 3259 1466 ἀλλαχόθεν
3303 1392 3360 1445 δέ
3404 1391 3568 1444 ποθεν
3595 1431 3610 1454 ,
3647 1391 3776 1443 ἀλλ’

486 1505 646 1545 nemo
678 1490 896 1544 illorum
931 1503 1115 1560 regem
1142 1494 1429 1559 prapterea
1463 1500 1644 1556 regem
1680 1499 1804 1540 esse
1838 1497 2073 1553 negave-

2178 1491 2242 1542 ἐκ
2279 1487 2453 1553 Θεοῦ,
2503 1491 2584 1553 είς
2637 1489 2934 1561 ἐκδίκησιν.
2968 1487 3080 1540 Καὶ
3125 1485 3186 1538 οὐ
3228 1481 3504 1554 δυνάμεθα
3555 1481 3772 1548 λέγειν,

486 1584 593 1648 rit;
629 1581 723 1636 sed
749 1583 821 1636 ita
851 1582 1194 1652 principatus
1223 1581 1350 1637 illos
1380 1595 1444 1634 ac
1469 1585 1768 1649 potestates
1791 1577 1846 1630 in
1871 1574 2074 1629 mundo

2178 1581 2263 1635 διὰ
2291 1582 2350 1635 τὸ
2371 1581 2511 1636 εἶναι
2545 1581 2718 1654 ἀρχὰς
2743 1581 2836 1635 καὶ
2870 1578 3114 1644 ἐξουσίας
3142 1579 3198 1631 ἐν
3231 1577 3452 1647 κόσμῳ,
3485 1575 3577 1627 τὸν
3612 1573 3777 1643 βασι-

483 1688 606 1728 esse
634 1647 916 1736 latebitur,
950 1682 1010 1727 ut
1033 1647 1258 1727 interim
1294 1647 1514 1726 illorum
1541 1685 1664 1724 esse
1693 1683 1873 1739 regem
1909 1682 2076 1737 agno-

2179 1673 2274 1727 λέα
2300 1673 2504 1728 τούτων
2545 1647 2796 1745 μήτεῐναι
2828 1672 3053 1742 βασιλέα
3077 1688 3090 1701 °
3124 1669 3259 1724 ἀλλὰ
3289 1665 3427 1722 εἶναι
3461 1666 3563 1730 τὰς
3590 1665 3777 1735 ἀρχὰς

485 1772 622 1818 seat.
657 1763 826 1834 Igitur
849 1765 952 1818 hoc
988 1765 1189 1833 ipsum,
1224 1761 1372 1833 quod
1421 1762 1477 1815 in
1530 1760 1692 1815 terris
1721 1758 1944 1821 accidit,
1980 1757 2076 1812 de-

2182 1764 2394 1828 καὶτὰς
2423 1765 2669 1830 ἐξουσίας
2701 1765 2759 1816 ἐν
2796 1765 3019 1835 κόσμῳ,
3055 1759 3192 1816 εἶναι
3221 1761 3278 1814 δὲ
3313 1760 3407 1814 καὶ
3442 1759 3535 1812 τὸν
3558 1758 3775 1810 τούτων

486 1855 947 1918 monstravimus;
973 1869 1082 1907 non
1103 1867 1226 1908 esse
1246 1854 1356 1923 regi
1383 1851 1722 1922 principatus
1743 1850 2072 1913 contrarios,

2180 1855 2422 1924 βασιλέα.
2465 1856 2551 1918 Ὠς
2601 1852 2694 1910 οὖν
2726 1857 2819 1909 ἐπὶ
2871 1856 2972 1925 γῆς
3021 1854 3235 1925 ὁρῶμεν
3279 1851 3584 1923 (δέδεικται
3615 1851 3636 1882 ²
3662 1851 3774 1904 οὐκ

487 1947 582 2001 sed
625 1945 693 2000 ad
747 1945 959 2016 imperii
1008 1946 1177 2000 totius
1228 1945 1758 2000 administrationem
1806 1952 2075 2012 terraque

2178 1946 2425 2009 ἐναντίας
2456 1947 2555 2011 τὰς
2608 1947 2781 2018 ἀρχὰς
2811 1947 2888 2018 τῷ
2938 1945 3184 2016 βασιλεῖ,
3241 1945 3356 1998 ἀλλ’
3387 1942 3772 2012 ὑποτεταγμέ-

488 2035 914 2090 moderationem
971 2035 1291 2106 subjectos;
1329 2035 1420 2088 ubi
1475 2033 1654 2089 cwdes
1706 2033 1963 2086 videlicet
2012 2046 2077 2086 ac

2178 2054 2274 2100 νας
2302 2037 2379 2100 είς
2402 2037 2666 2108 διοίκησιν
2694 2036 2898 2099 παντὸς
2926 2034 3020 2089 τοῦ
3049 2034 3316 2105 βασιλείου
3337 2073 3351 2097 ,
3382 2034 3476 2086 καὶ
3501 2034 3582 2096 εἰς
3607 2033 3776 2084 εὐτα-

488 2127 674 2197 prazlia
709 2127 838 2190 sint,
865 2126 1295 2197 ignorantiteque
1329 2139 1393 2180 ac
1421 2126 1744 2196 disciplinae,
1765 2123 2076 2178 observatio

2179 2129 2298 2194 ξίαν
2321 2130 2423 2201 γῆς
2442 2146 2456 2160 ·
2493 2129 2621 2183 ἔνθα
2652 2129 2803 2198 φόνοι
2829 2168 2844 2194 ,
2875 2128 2968 2181 καὶ
2998 2128 3165 2198 μάχαι
3192 2167 3206 2192 ,
3233 2126 3446 2194 άγνοιαί
3475 2143 3535 2178 τε
3567 2126 3660 2178 καὶ
3688 2125 3773 2178 δι-

486 2219 722 2288 dcnique
757 2220 936 2290 legum
971 2234 1037 2273 ac
1064 2218 1451 2289 transgressio.
1471 2218 1644 2288 Cujus
1670 2218 1745 2272 rei
1775 2217 1950 2287 gratia
1977 2229 2076 2286 po-

2178 2220 2462 2274 δασκαλίαι
2490 2261 2504 2284 ,
2533 2221 2781 2290 εὐνομίαι
2814 2237 2874 2273 τε
2905 2219 2998 2271 καὶ
3030 2217 3402 2288 παρανομίαι⁹
3437 2217 3532 2270 καὶ
3573 2216 3772 2269 τούτου

487 2317 708 2366 testates
746 2310 1012 2365 instituta:
1065 2321 1216 2376 sunt,
1249 2319 1308 2364 ut
1353 2309 1420 2364 ad
1475 2315 1653 2379 aptam
1709 2307 1879 2362 totius
1923 2307 2074 2361 orbis

2178 2315 2334 2384 χάριν
2368 2313 2506 2368 είσὶν
2533 2312 2807 2379 ἐξουσίαι,
2846 2311 2934 2366 ἵνα
2969 2313 3049 2374 είς
3087 2309 3346 2363 εὔτακτον
3379 2308 3630 2375 σύνταξιν
3665 2308 3770 2376 τῆς

485 2405 954 2474 compositamque
981 2402 1436 2474 gubernationem
1473 2400 1732 2471 praeclare
1755 2415 1784 2452 a
1811 2401 1919 2454 Deo
1941 2413 2076 2452 con-

2178 2405 2270 2458 τοῦ
2302 2405 2502 2468 παντὸς
2525 2405 2733 2474 κόσμου
2756 2403 3078 2474 διοικήσεως
3108 2401 3176 2455 τὰ
3207 2401 3386 2454 πάντα
3415 2403 3479 2454 ἐκ
3503 2399 3638 2453 Θεοῦ
3675 2417 3771 2452 κα-

487 2494 788 2549 stituantur
841 2509 906 2548 ac
948 2502 1210 2565 regantur
1248 2494 1526 2549 universa.
1563 2490 1707 2546 Idem
1741 2499 1796 2546 et
1838 2491 1895 2546 in
1936 2489 2075 2544 coelo

2178 2498 2285 2562 λῶς
2310 2497 2623 2568 καταταχθῇ
2649 2497 2744 2549 καὶ
2783 2495 3114 2566 οἰκονομηθῇ
3134 2495 3154 2564 )
3174 2534 3188 2558 ,
3217 2493 3362 2546 οὕτω
3401 2492 3495 2545 καὶ
3517 2493 3575 2544 ἐν
3600 2491 3767 2563 οὐρα-

489 2599 706 2654 quoque
752 2584 1073 2656 contingere
1112 2601 1340 2641 necesse
1370 2593 1454 2640 est
1484 2598 1660 2652 eoque
1697 2583 1894 2654 magis,
1931 2580 2074 2650 quod

2179 2588 2253 2658 νῷ
2278 2629 2291 2651 ,
2326 2587 2559 2659 μάλιστα
2592 2587 2650 2640 δὲ
2682 2585 2977 2656 ἐξαιρέτως
3012 2586 3131 2637 ἐκεῖ
3154 2603 3166 2613 ·
3198 2583 3324 2636 ἔνθα
3347 2583 3410 2636 οὐ
3438 2581 3631 2652 φθόνος
3653 2623 3669 2645 ,
3704 2582 3763 2635 οὐ

488 2677 601 2730 illic
636 2692 736 2730 nec
765 2676 991 2742 invidia,
1028 2692 1128 2732 nec
1156 2678 1460 2742 aemulatio,
1494 2690 1672 2745 neque
1701 2675 1878 2745 legum
1913 2674 2077 2728 viola-

2178 2678 2339 2750 ζῆλος
2362 2719 2376 2743 ,
2414 2680 2473 2732 o6
2509 2677 2824 2750 παρανομία
2851 2718 2865 2741 ,
2901 2677 3001 2730 οὐκ
3052 2677 3362 2745 ἐναντιότης
3387 2713 3402 2736 ,
3448 2675 3510 2727 οὐ
3553 2675 3762 2736 στάσις,

488 2766 587 2829 tio,
622 2782 722 2822 nec
769 2767 968 2822 seditio
1016 2769 1124 2822 ulla
1169 2767 1275 2835 sit;
1325 2783 1435 2822 non
1486 2765 1903 2836 jusjurandum,
1958 2779 2074 2818 non

2178 2769 2275 2840 οὐχ
2297 2771 2484 2840 ὅρκος,
2516 2770 2613 2838 οὐχ
2641 2769 2866 2840 ἁρπαγὴ
2887 2810 2899 2832 ,
2928 2768 3048 2821 οὐδέ
3069 2785 3120 2820 τι
3143 2767 3328 2839 ἕτερον
3350 2766 3458 2818 τῶν
3484 2766 3764 2827 τοιούτων,

487 2855 651 2926 295
682 2857 894 2926 rapina,
928 2873 1035 2911 non
1069 2857 1273 2926 aliquid
1308 2857 1601 2925 ejusmodi.
1639 2855 1818 2922 Quare
1848 2854 2074 2908 alterius

2178 2860 2416 2927 ἐξουσίαι
2471 2857 2802 2931 τετάγμέναι
2856 2861 2964 2912 είσὶ
3010 2859 3076 2913 δι’
3131 2859 3296 2928 ἄλλην
3353 2858 3762 2929 πραγματείαν.

489 2947 692 3016 negotii
724 2961 908 3023 causa
957 2955 1254 3016 potestates
1303 2947 1557 3002 stabilita:
1587 2953 1737 3002 sunt.
1774 2945 2072 3016 Cujusuam

2181 2953 2348 3005 Ποίαν
2397 2952 2454 3004 δέ
2509 2969 2684 3022 φημι,
2718 2951 2831 3004 ἀλλ’
2874 2952 2907 3022 ἦ
2941 2951 3029 3004 διὰ
3065 2950 3154 3004 τὸν
3184 2949 3389 3021 ῥυθμὸν
3439 2947 3537 3001 τοῦ
3573 2947 3764 3018 ὕμνου,

489 3039 655 3093 vero?
686 3037 953 3091 Nimirum
991 3048 1210 3108 propter
1241 3037 1550 3093 divinarum
1585 3038 1804 3092 laudqu
1841 3051 2077 3090 concen-

2183 3044 2271 3098 διὰ
2299 3044 2398 3114 τὴν
2435 3044 2547 3098 άνω
2577 3045 2853 3114 ἀκήρατον
2878 3041 3186 3111 δοξολογίαν
3208 3081 3223 3105 ,
3253 3041 3319 3094 δι’
3352 3042 3419 3112 ἦν
3447 3039 3719 3110 ἠθέλησεν
3738 3039 3769 3090 6

492 3140 628 3195 tum,
664 3140 718 3185 et
747 3131 1109 3185 immortalem
1144 3131 1290 3184 illam
1324 3131 1570 3186 numinis
1613 3129 2077 3200 praedicationem.

2184 3139 2412 3209 ἄφθονος
2436 3138 2592 3210 ἡμῶν
2620 3137 2753 3200 Θεὸς
2788 3137 2882 3190 καὶ
2909 3136 3164 3207 βασιλεὺς
3190 3135 3522 3207 χαρίσασθαι
3551 3134 3770 3204 ἑκάστῳ

489 3223 661 3292 Cujus
701 3223 878 3293 gratia
917 3237 1169 3277 summus
1201 3222 1291 3276 ille
1328 3224 1470 3277 Deus
1502 3237 1566 3274 ac
1597 3222 1852 3292 princeps
1902 3220 2077 3274 omnis

2183 3231 2292 3284 τῶν
2340 3231 2432 3283 ὑπ’
2487 3227 2651 3283 αὐτοῦ
2701 3227 3112 3298 γεγεννημένων
3144 3226 3301 3292 δόξαν
3345 3226 3764 3297 προσήκουσαν’

489 3327 686 3382 expers
709 3313 922 3366 invidia:
943 3327 1103 3368 suum
1132 3311 1332 3381 cuique
1362 3313 1605 3374 illorum,
1631 3328 1770 3380 quos
1799 3311 2077 3380 produxit,

2183 3321 2270 3374 ἵνα
2303 3322 2400 3392 τῆς
2433 3321 2598 3374 αὑτοῦ
2629 3318 2906 3390 βασιλείας
2940 3317 3002 3371 τὸ
3029 3317 3254 3389 φαιδρὸν
3292 3316 3392 3370 καὶ
3441 3315 3767 3385 ἀκατάπλη-

489 3411 873 3457 ornamentum
939 3417 1002 3456 ac
1062 3402 1232 3482 decus
1292 3401 1566 3467 attribuit,
1604 3410 1662 3454 ut
1721 3402 1936 3470 imperii
1993 3403 2077 3460 sui

2183 3432 2311 3469 κτον
2358 3415 2379 3446 ⁸
2410 3415 2497 3467 ἀεὶ
2531 3411 2817 3484 δοξάζηται
2843 3429 2857 3478 ;
2892 3410 3086 3480 Σαφῶς
3117 3410 3296 3465 τοίνυν
3328 3412 3528 3464 ἐκεῖνοι
3563 3409 3772 3464 πεπλά-

489 3493 772 3563 δριθηδοτν
805 3493 970 3578 aui“?
1001 3491 1264 3576 semini!“
1268 3507 1336 3546 1³³
1365 3493 1906 3563 άὶεηίιθενρετρειυο
1939 3495 2082 3548 οεΙθ·
2180 3523 2390 3577 νηνται,
2422 3505 2521 3560 τὴν
2551 3505 2710 3574 χάριν
2744 3502 2838 3557 τοῦ
2863 3501 2999 3556 Θεοῦ
3025 3502 3412 3571 ἀγνοήσαντες.

489 3584 699 3639 bretur.
731 3583 1003 3648 Quocirca
1060 3582 1408 3638 vehementer
1439 3592 1643 3652 ,errant
1684 3584 1796 3648 isti,
1847 3585 1940 3654 qui
1984 3583 2078 3640 Dei

491 3675 727 3748 gratiam
767 3675 1044 3745 ignorant.

565 3763 628 3820 γ.
675 3765 810 3820 Illud
837 3781 968 3820 vero
1002 3766 1228 3837 insuper
1256 3764 1548 3831 aﬂirmant,
1581 3766 1726 3836 quod
1756 3783 1786 3822 a
1811 3784 1898 3824 me
1919 3777 2077 3825 antea

2249 3789 2327 3845 E'.
2365 3789 2501 3844 Φασὶ
2546 3786 2602 3841 δὲ
2627 3783 2802 3857 οὗτοι,
2835 3789 2912 3853 ὡς
2941 3788 3036 3842 καὶ
3061 3788 3173 3843 άνω
3206 3804 3295 3858 μοι
3338 3785 3764 3858 προδεδήλωται,

490 3858 698 3914 dictum
747 3864 853 3921 est,
885 3857 1165 3912 diabolum
1211 3857 1457 3928 septimae
1502 3859 1811 3929 potestatis,
1851 3860 1954 3915 hoc
1997 3871 2080 3917 est

493 3951 752 4014 Sabaoth,
787 3965 913 4006 esse
942 3949 1131 4003 lilium.
1155 3948 1393 4004 Sabaoth
1425 3965 1590 4020 porro
1613 3949 1928 4008 Iudaeorum
1958 3970 2079 4009 esse

493 4042 685 4110 Deum,
719 4043 880 4112 cujus
907 4041 1085 4096 malus
1112 4040 1254 4096 lilius
1286 4043 1356 4096 sit
1386 4041 1637 4097 diabolus
1668 4062 1681 4096 τ
1717 4044 1811 4113 qui
1845 4044 1901 4100 in
1931 4052 2077 4100 terra

493 4135 804 4190 consistens
850 4131 1073 4186 Parenti
1126 4146 1227 4185 suo
1280 4131 1598 4187 reluctetur.
1637 4130 1900 4188 Eumdem
1949 4151 2078 4190 vero

494 4225 782 4282 Parentem
830 4240 1008 4297 neque
1055 4223 1347 4295 ejusmodi,
1381 4225 1484 4279 hoc
1533 4234 1616 4281 est
1667 4227 1893 4291 malum,
1930 4242 2072 4293 esse,

496 4331 674 4386 neque
720 4315 888 4371 Deum
920 4288 1112 4371 tamen
1164 4288 1504 4380 illumiesse,
1543 4315 1634 4386 qui
1687 4288 2074 4386 comprehendi

2179 4295 2273 4348 τοῦ
2313 4293 2532 4366 Πατέρα
2565 4296 2701 4365 μήτε
2739 4293 2978 4347 τοιοῦτον
3022 4288 3206 4359 εἶναικ,
3249 4294 3390 4365 μήτε
3420 4293 3588 4346 πάλιν
3631 4291 3762 4346 εἶναι

2215 4387 2320 4403 ι.
2453 4388 2491 4403 ,ς
2706 4384 3708 4403 ηεηπινκηληιμ

499 4384 754 4476 nequeat.
806 4405 913 4461 Sed
963 4408 1031 4462 ad
1080 4407 1357 4461 sinistram
1403 4384 1729 4474 potestatem
1782 4384 2074 4477 pertinere.

2180 4387 2271 4440 τὸν
2296 4388 2677 4458 ἀκατάληπτον
2705 4386 2859 4450 Θεὸν,
2890 4386 2949 4438 ὃν
2980 4385 3198 4457 Πατέρα
3235 4384 3400 4453 φασίν
3426 4401 3439 4414 ·
3472 4385 3610 4438 ἀλλὰ
3651 4387 3762 4458 ἀρι-

499 4472 722 4553 Addunt
775 4505 829 4553 et
875 4498 1035 4550 aliam
1063 4498 1371 4552 istiusmodi
1405 4472 1665 4555 i‘abulam.
1693 4472 1978 4554 Diabolum
2009 4501 2077 4554 ad

2184 4479 2380 4548 στερᾶς
2412 4472 2550 4530 εἶναι
2579 4476 2846 4541 ἐξουσίας.
2875 4477 3100 4547 Ἕτερον
3125 4477 3182 4530 δὲ
3208 4474 3369 4529 πάλιν
3389 4473 3560 4545 μῦθον
3581 4475 3761 4542 λέγον⁶

499 4588 666 4644 Evam
699 4590 1046 4646 accedentem
1079 4605 1204 4644 cum
1239 4605 1301 4644 ea
1344 4592 1566 4661 perinde
1599 4608 1662 4646 ac
1694 4592 1776 4646 vir
1811 4607 1937 4647 cum
1967 4610 2077 4650 mu-

2185 4582 2267 4620 σιν
2303 4569 2352 4620 οἱ
2409 4567 2639 4620 τοιοῦτοι
2667 4583 2679 4595 °
2725 4570 2890 4632 Ὅτι,
2949 4568 3116 4639 φησὶν
3143 4609 3158 4634 ,
3195 4570 3224 4621 6
3271 4566 3550 4630 διάϐολος,
3602 4565 3762 4619 ἐλθὼν

498 4681 635 4736 liere
670 4681 828 4744 solet,
857 4680 1309 4736 consuetudinem
1344 4657 1612 4738 habuisse
1653 4684 1826 4753 deque
1857 4701 1920 4739 ea
1954 4686 2077 4741 Cai-

2183 4657 2319 4730 πρὸς
2365 4657 2463 4729 τήν
2497 4658 2682 4724 Εὔαν,
2722 4659 2966 4732 συνήφθη
3011 4662 3150 4732 αὐτῇ
3204 4660 3280 4722 ὡς
3329 4659 3468 4731 ἀνὴρ
3525 4660 3760 4728 γυναικὶ,

499 4788 631 4827 num
677 4781 731 4828 et
772 4774 1001 4829 Abelum
1049 4775 1378 4845 suscepisse.
1417 4774 1495 4830 Ex
1530 4791 1638 4845 quo
1681 4749 1888 4832 factum
1921 4795 2077 4836 asse-

2184 4750 2280 4803 καὶ
2311 4750 2597 4821 ἐγέννησεν
2626 4751 2688 4816 ἐξ
2737 4751 2903 4806 αὑτοῦ
2936 4753 3026 4806 τόν
3059 4769 3118 4804 τε
3152 4749 3287 4804 Κάῖν
3320 4751 3534 4805 καὶτὸν
3582 4752 3757 4806 Ἅϐελ.

499 4872 648 4927 runt,
687 4871 745 4918 ut
774 4863 828 4918 in
863 4865 1092 4920 alterum
1125 4883 1266 4922 unus
1291 4867 1619 4938 insurgeret,
1656 4884 1753 4938 pro
1784 4885 1848 4925 ea
1886 4871 2077 4928 videli-

2184 4843 2276 4896 Διὸ
2315 4843 2590 4914 ἐπανέστη
2624 4846 2652 4897 6
2685 4839 2766 4908 εἷς
2797 4844 2876 4915 τῷ
2903 4845 2982 4900 ἐνὶ
3025 4843 3113 4898 διὰ
3152 4842 3312 4914 ζῆλον
3351 4843 3409 4896 ὂν
3445 4838 3592 4913 εἶχον
3633 4844 3762 4915 πρὸς

499 4965 586 5012 cet
620 4955 846 5019 invidia,
866 4972 974 5027 qua
1009 4957 1065 5012 in
1097 4973 1157 5014 se
1186 4967 1378 5019 mutuo
1403 4960 1853 5016 concitabantur:
1874 4979 1937 5018 ac
1965 4980 2075 5020 non

2181 4945 2446 5017 ἀλλήλους
2469 4985 2484 5011 ,
2509 4947 2628 5018 οὐχὶ
2659 4948 2747 5002 διά
2773 4949 2835 5002 τὸ
2867 4948 2990 5022 [ὡς]
3018 4948 3455 5022 εὑηρεστηκέναι-
3484 4951 3578 5004 τὸν
3603 4950 3759 5003 ’Δϐελ

499 5048 622 5103 ideo
656 5051 800 5120 quod
833 5047 1036 5106 Abelus
1082 5049 1191 5126 Deo
1239 5060 1388 5107 esset
1429 5054 1736 5122 acceptior;
1787 5055 1865 5109 uti
1897 5071 1956 5110 se
1985 5072 2075 5114 res

2180 5036 2332 5126 Θεῷ,
2369 5039 2446 5102 ὡς
2491 5039 2674 5111 ἐχειὴ
2718 5040 2975 5112 ἀλήθεια,
3007 5042 3145 5095 ἀλλὰ
3193 5034 3381 5113 ἕτερον
3428 5042 3758 5114 πλαζόμενον

496 5136 694 5206 habet;
724 5142 820 5196 sed
853 5155 995 5196 novo
1027 5125 1264 5212 quodam
1287 5141 1570 5198 mendacio
1597 5145 1878 5200 veritatem
1907 5147 2075 5203 dissi-

2180 5125 2336 5195 λόγον
2363 5127 2627 5198 λέγουσιν.
2671 5130 2916 5200 Ἐπειδὴ,
2951 5132 3113 5200 φασὶν
3138 5171 3154 5196 ,
3204 5131 3440 5204 ἐρῶντες
3481 5129 3624 5204 ἦσαν
3658 5137 3760 5206 άμ-

497 5231 728 5285 mulant.
747 5233 950 5290 Ambos
975 5235 1122 5289 enim
1156 5235 1309 5289 aiunt
1337 5236 1546 5292 sororis
1573 5252 1758 5292 amore
1786 5237 2068 5310 ﬂagrasse.

2181 5230 2397 5300 φότεροι
2429 5233 2528 5302 τῆς
2562 5231 2798 5302 ἀδελφῆς
2827 5231 3007 5287 αὐτῶν
3045 5234 3146 5305 τῆς
3179 5235 3316 5299 ἰδίας
3339 5277 3353 5301 ,
3385 5236 3579 5290 τούτου
3607 5239 3760 5310 χάριν

497 5318 624 5377 Ideo
653 5321 884 5379 Cainum
933 5326 987 5380 in
1034 5325 1262 5380 Abelum
1297 5326 1630 5382 concitatum
1662 5329 1837 5399 ipsum
1867 5329 2070 5387 intere-

2180 5335 2450 5409 ἐπανέστη
2481 5341 2509 5392 ὸ
2539 5337 2679 5392 Κάῖν
2708 5336 2786 5408 τῷ
2836 5337 3003 5390 Ἀϐελ
3024 5380 3040 5407 ,
3088 5340 3183 5394 καὶ
3225 5341 3551 5395 ἀπέκτεινεν
3581 5342 3757 5396 αὐτόν.

2179 3891 2272 3945 τὸν
2303 3891 2547 3945 διάϐολον
2577 3887 2717 3944 εἶναι
2759 3889 2872 3944 υἱὸν
2909 3890 3007 3960 τῆς
3037 3888 3269 3958 ἑϐδόμης
3297 3886 3550 3950 ἐξουσίας
3573 3930 3588 3952 ,
3618 3905 3768 3940 τουτ-

2179 3983 2290 4038 έστι
2347 3981 2439 4036 τοῦ
2489 3979 2738 4036 Σαϐαὼθ.
2790 3977 2944 4034 Εἶναι
2995 3979 3052 4032 δὲ
3098 3979 3189 4032 τὸν
3223 3976 3451 4032 Σαϐαὼθ
3487 3977 3600 4031 τῶν
3642 3979 3764 4031 Ἰου·

2178 4088 2343 4141 δαίων
2365 4105 2378 4118 ο
2417 4087 2509 4140 τὸν
2537 4086 2593 4140 δέ
2619 4086 2863 4140 διάϐολον
2899 4084 3136 4157 πονηρὸν
3169 4083 3334 4138 αὑτοῦ
3370 4084 3515 4136 υἱόν·
3554 4084 3684 4138 ὄντα
3709 4083 3764 4135 δὲ

2179 4191 2270 4245 ἐπὶ
2299 4194 2398 4264 τῆς
2429 4192 2450 4222 ⁸
2503 4189 2879 4245 ἐναντιοῦσθαι
2911 4188 2988 4259 τῷ
3021 4187 3134 4259 ἰδίῳ
3170 4187 3366 4258 Πατρί.
3401 4187 3512 4240 Καὶ
3556 4187 3644 4240 τὸν
3673 4188 3764 4240 αὐ-

579 5498 591 5525 '
620 5495 778 5558 Rom.
820 5516 941 5569 xm,
975 5501 1000 5559 1
1029 5516 1152 5575 sqq.
1240 5497 1262 5530 ’
1293 5499 1508 5559 Vana-6
1538 5500 1728 5560 καλόν.
1803 5502 1824 5538 '
1863 5502 1990 5572 Yet.
2015 5505 2077 5562 διέ

497 5565 657 5628 Corr.
709 5572 833 5642 γῆς.

2178 5525 2276 5566 παι
2314 5513 2441 5583 γάρ.
2554 5516 2574 5547 ’⁸
2605 5513 2668 5570 F.
2701 5514 3099 5588 ἀκατάληκτον.
3182 5518 3204 5551 ⁵
3234 5517 3355 5576 Vet.
3393 5519 3485 5575 ἐπὶ
3511 5517 3609 5592 τῆς
3636 5518 3753 5592 σῆς.
