3932 6064
171 188 286 247 685

871 187 1240 245 ADVERSUS
1278 187 1617 245 HERESES
1654 187 1753 243 LIB

1897 184 2060 244 ΤΟΜ.
2101 186 2272 242 111.-
2312 187 2583 245 ΙίᾹείῐὶΕὸ.
2624 187 2734 243 XL.

3325 195 3435 252 686

176 308 339 364 Φύσει
378 301 487 376 γὰρ
519 302 712 368 αὐτούς
739 321 901 374 φασιν
930 309 995 361 ὲκ
1031 308 1126 362 τοῦ
1163 308 1475 379 σπέρματος
1509 306 1603 360 τοῦ
1643 307 1753 363 δια-

1865 307 2053 363 misse.
2085 307 2220 362 Nam
2252 316 2544 380 utrumque
2573 307 2773 365 diaboli
2809 323 2838 363 e
2868 310 3038 380 stirpe
3062 321 3432 382 procreatum,

174 399 332 452 ϐόλου
353 403 374 461 ’,
407 394 482 458 ὡς
503 395 792 464 προεῖπον,
824 395 1199 466 γεγεννῆσθαι.

241 488 477 559 Φέρουσι
523 483 581 538 δὲ
640 484 976 555 μαρτυρίας,
1033 484 1161 541 ὅταν
1195 486 1494 557 θελήσωσιν
1543 490 1756 561 ἀπατᾷν

173 597 328 644 τινας
348 618 362 643 ,
392 576 502 631 ἀπὸ
531 575 641 630 τῶν
670 575 830 630 θείων
857 575 1076 646 βιϐλίων
1104 617 1118 643 ,
1155 577 1230 641 ὡς
1275 580 1369 632 καὶ
1399 580 1458 633 ἐν
1495 580 1629 653 ἄλλῃ
1666 599 1755 651 μοι

170 673 385 744 αίρέσει
441 669 598 724 τοῦτο
651 667 904 740 εἴρηταιο
945 669 974 721 6
1011 669 1200 740 Σωτὴρ
1253 671 1389 741 πρὸς
1437 673 1564 736 τοὺς
1627 673 1760 726 Ἴου-

169 763 360 824 δαίους
391 762 576 830 ἔλεγεν
601 776 614 791 ο
659 759 847 830 Ὑμεῖς
891 760 961 814 ἐκ
1005 760 1112 814 τοῦ
1139 761 1377 816 Σατανᾶ
1412 762 1552 816 ἐστε
1573 779 1586 793 ·
1638 765 1751 827 καὶ,

170 855 357 908 Ὅταν
387 850 552 920 ,λαλῇ
582 851 649 904 τὸ
675 850 904 920 ψεῦδος
923 889 938 914 ,
973 851 1042 904 ἐκ
1073 851 1195 905 τῶν
1233 851 1395 905 ιδίων
1423 851 1630 906 λαλεῖ·
1667 851 1757 906 ὄτι

169 947 274 1000 καὶ
303 948 338 1000 ό
363 943 559 1012 πατὴρ
584 943 770 998 αὐτοῦ
800 943 1076 1011 ψεύστης
1097 939 1178 1012 ἦν
1195 959 1208 973 ο
1241 943 1327 997 ἵνα
1351 942 1511 1013 δῆθεν
1537 942 1754 1010 εἴπωσι,

168 1035 264 1091 τὸν
313 1036 558 1090 διάϐολον
607 1031 744 1088 εἶναι
793 1034 885 1088 τὸν
938 1034 1104 1088 Κάῖν·
1147 1034 1332 1104 ἐπειδὴ
1384 1037 1602 1108 εἴρηκεν
1626 1077 1640 1098 ,
1673 1037 1754 1088 ὅτι

182 1127 304 1181 Ἀπ’
325 1125 518 1196 ἀρχῆς
541 1123 1030 1193 ἀνθρωποκτόνος
1094 1118 1173 1192 ἦν
1191 1139 1206 1154 ο
1237 1124 1332 1177 καὶ
1364 1125 1452 1176 ἵνα
1473 1125 1622 1199 δείξῃ
1651 1143 1756 1179 πα-

168 1216 309 1289 τέρα
336 1217 435 1288 μὲν
471 1214 636 1269 αὐτοῦ
688 1213 828 1268 εἶναι
859 1214 951 1268 τὸν
986 1213 1230 1268 διάϐολον
1249 1227 1263 1242 ⁸
1293 1213 1388 1267 τοῦ
1419 1215 1476 1268 δὲ
1506 1216 1752 1271 διαϐόλου

169 1305 315 1364 εἶναι
347 1309 558 1381 πατέρα
588 1309 679 1362 τὸν
718 1308 954 1380 ἄρχοντα
976 1307 1068 1360 τὸν
1109 1307 1349 1380 ψεύστην
1377 1349 1392 1374 ,
1425 1309 1484 1362 ὃν
1515 1311 1753 1382 βλασφηο

172 1401 407 1471 μοῦντες
432 1399 575 1454 κατὰ
611 1399 710 1470 τῆς
740 1399 946 1452 ἑαυτῶν
971 1399 1216 1470 κεφαλῆς
1237 1441 1252 1466 ,
1283 1401 1448 1468 φασὶν
1475 1401 1638 1454 αὑτὸν
1671 1396 1751 1454 εἷ-

167 1510 261 1545 ναι
291 1491 385 1545 τὸν
411 1490 637 1544 Σαϐαὼθ
684 1491 734 1544 οί
773 1490 991 1562 ἀνόητοι
1017 1532 1032 1554 ,
1068 1490 1380 1562 νομίζοντες
1411 1492 1582 1561 ὄνομα
1616 1488 1752 1546 εἶναι

165 1583 268 1638 τοῦ
307 1582 444 1637 Θεοῦ
477 1582 620 1646 τινὲς
666 1584 684 1615 ί
729 1582 821 1635 τὸν
871 1581 1098 1637 Σαϐαὼθ
1126 1623 1140 1648 ,
1167 1583 1243 1647 ὠς
1281 1583 1380 1655 ἤδη
1425 1584 1521 1636 καὶ
1547 1585 1605 1635 ἐν
1633 1587 1754 1647 ταῖς

1865 405 1924 452 ιιι
1963 399 2225 465 diximus,
2262 400 2554 456 aﬂirmant.
3140 459 3149 466 ,

1929 487 2115 558 Neque
2143 489 2340 545 desunt
2367 491 2474 547 illis
2494 492 2804 548 testimonia
2833 493 3005 549 sacris
3037 508 3067 549 e
3091 492 3312 550 Litteris
3340 494 3435 549 de-

1859 587 2132 650 prompta,
2175 581 2375 652 quibus
2405 582 2471 637 ad
2505 583 2810 640 illudendos
2843 587 3089 643 homines
3112 588 3430 643 abutuntur.

1859 668 2181 738 Cujusmodi
2214 672 2360 727 istud
2391 680 2476 728 est
2503 673 2556 727 in
2588 675 2692 728 alia
2719 689 2749 729 a
2775 691 2864 731 me
2886 676 3078 732 haeresi
3104 693 3424 734 commemo-

1859 767 2062 824 ratum,
2097 764 2240 832 quod
2274 762 2475 819 Judaeis
2501 764 2749 821 Salvator
2783 767 2919 822 dixit
2956 787 2970 823 :
3019 769 3120 824 Vos
3135 785 3200 824 ea:
3224 769 3434 825 Satana

1857 852 1982 906 estis
2017 853 2058 907 ³.
2095 853 2158 908 Ει
2188 871 2200 906 :
2237 855 2460 920 Quando
2483 858 2713 928 loquitur
2737 862 3085 926 mendacium,
3116 877 3182 915 ea:
3204 863 3434 932 propriis

1861 943 2093 1014 loquitur
2115 962 2134 999 .°
2155 949 2402 1015 quoniam
2426 959 2476 1003 et
2505 960 2656 1019 pater
2681 951 2794 1020 ejus
2815 953 3049 1008 mendax
3069 964 3147 1008 est
3174 955 3214 1010 ⁸.
3250 956 3322 1011 Ut
3349 957 3435 1010 ni-

1858 1035 2057 1090 mirum
2091 1037 2366 1093 diabolum
2400 1056 2522 1096 esse
2547 1041 2777 1097 Cainum
2807 1043 3067 1111 efﬁciant;
3096 1061 3160 1100 ex
3196 1061 3261 1101 eo
3289 1046 3435 1116 quod

1859 1125 2060 1183 dixerit
2082 1147 2095 1184 :
2117 1131 2404 1186 Homicida
2425 1142 2500 1187 est
2524 1133 2589 1187 ab
2618 1136 2811 1188 initio'
2841 1154 2854 1190 :
2891 1144 3053 1207 atque
3082 1145 3288 1207 patrem
3315 1139 3435 1209 ejus

1859 1235 1981 1276 esse
2008 1221 2284 1278 diabolum
2310 1226 2638 1293 ostendant;
2671 1227 2874 1284 diaboli
2901 1246 3026 1285 vero
3056 1239 3263 1301 patrem
3294 1247 3437 1286 men-

1857 1311 2048 1369 dacem
2069 1314 2217 1370 illum
2244 1317 2567 1388 principem,
2638 1335 2798 1389 quem
2833 1321 2886 1375 in
2921 1330 3086 1393 caput
3127 1338 3286 1378 suum
3317 1323 3438 1378 bla~

1861 1405 2208 1474 spbemantes
2236 1407 2410 1479 ipsum
2446 1424 2567 1465 esse
2613 1409 2853 1465 Sabaoth
2885 1413 3225 1468 stolidissimi
3261 1413 3436 1467 homi-

1858 1511 1957 1550 nes
2006 1505 2230 1564 putant;
2277 1499 2424 1568 quod
2471 1515 2669 1554 nomen
2705 1491 2803 1556 Dei
2834 1503 3117 1570 cujusdam
3150 1505 3435 1574 proprium

1857 1601 1981 1643 esse
2009 1590 2218 1644 volunt.
2255 1589 2327 1645 De
2369 1606 2476 1660 qua
2521 1607 2580 1646 re
2616 1593 2669 1645 in
2705 1595 3084 1663 superioribus
3137 1595 3437 1651 baeresibus

167 1675 440 1745 πρότερον
481 1672 727 1745 αἱρέσεσι
754 1673 843 1726 διά
875 1673 1112 1739 πλάτους
1141 1677 1274 1746 ἡμῖν
1303 1650 1753 1746 ⁷ἰτετιεραγμόιτευ-

1858 1676 2070 1733 abunde
2087 1650 2518 1749 disputavimus;
2538 1682 2628 1737 ubi
2655 1692 2707 1738 et
2730 1650 2970 1739 sabaoth
2990 1686 3329 1756 aliorumque
3346 1702 3438 1741 no-

165 1784 262 1820 ται
291 1765 420 1837 περὶ
453 1764 745 1836 ἑρμηνείας
775 1763 868 1817 τοῦ
901 1765 1125 1820 Σαϐαὼθ
1150 1804 1165 1830 ,
1197 1765 1292 1819 καὶ
1332 1764 1504 1819 ἄλλων
1553 1765 1752 1835 ὀνομα-

167 1857 327 1921 σιῶν,
365 1855 460 1910 τοῦ
486 1873 546 1909 τε
585 1855 714 1910 Ἠλὶ
755 1855 964 1910 καὶτοῦ
997 1856 1172 1910 Ἐλωτ
1195 1897 1210 1923 ,
1249 1855 1344 1909 τοῦ
1369 1874 1430 1909 τε
1478 1855 1747 1924 Ἰσραὴλ,

164 1947 270 2003 καὶ
316 1945 410 2000 τοῦ
447 1946 635 2003 Σαόαῒ
649 1986 664 2010 ,
691 1945 782 2000 τοῦ
812 1963 870 1999 τε
906 1946 1152 2000 Ἐλλιὼν
1175 1986 1190 2010 ,
1235 1945 1326 2000 τοῦ
1350 1963 1410 1999 τε
1457 1947 1748 2012 Ῥαϐϐωνι,

163 2036 265 2091 τοῦ
291 2053 351 2090 τε
395 2038 490 2102 Ὶὰ,
522 2034 618 2090 τοῦ
644 2053 705 2088 τε
752 2037 993 2090 Ἆδωναῒ
1014 2077 1029 2102 ,
1067 2034 1163 2090 τοῦ
1194 2053 1252 2088 τε
1289 2035 1430 2090 Ἰἀϐε
1467 2036 1602 2107 (57).
1665 2037 1752 2100 Ὠς

164 2129 457 2200 ὀνομασίαι
505 2127 614 2180 εἰσὶ
669 2127 986 2196 δοξολογιῶν
1040 2125 1248 2180 ἅπασαι
1297 2127 1752 2197 ἑρμηνευόμεναι,

167 2221 270 2275 καὶ
301 2221 402 2275 οὐκ
437 2219 680 2290 ὀνόματά
713 2219 834 2272 ἐστὶ
880 2219 1042 2284 θετὰ,
1074 2218 1150 2282 ὡς
1188 2219 1362 2272 εἰπεῖν
1390 2258 1406 2283 ,
1443 2220 1514 2289 τῇ
1551 2217 1755 2288 Θεότη-

164 2329 241 2366 τι.
287 2311 480 2364 ’Δτινα
504 2312 598 2364 καὶ
631 2309 879 2365 ἐνταυθοῖ
911 2309 1410 2382 σπουδασθὴσονται
1433 2352 1448 2377 ,
1485 2312 1753 2383 ἑρμηνευ-

167 2399 335 2454 θέντα
365 2401 578 2454 κεῖσθαι
602 2417 617 2432 °
650 2403 714 2456 τὸ
763 2402 1003 2471 Ἰσραὴλ
1050 2403 1209 2466 Θεὸς,
1241 2402 1302 2455 τὸ
1350 2403 1595 2472 Ἐλωεὶμ
1622 2403 1757 2467 Θεὸς

165 2492 257 2546 ἀεὶ
287 2531 302 2556 ,
334 2491 398 2544 τὸ
441 2492 573 2547 Ἠλὶ
608 2493 742 2557 Θεός
785 2511 921 2564 μου,
976 2494 1039 2547 τὸ
1081 2493 1304 2548 Σαδδαῒ
1353 2494 1382 2545 6
1420 2494 1599 2559 ἱκανὸς
1625 2535 1640 2559 ,
1695 2495 1756 2547 τὸ

176 2583 458 2637 Ῥαϐϐωνὶ
502 2585 532 2637 6
568 2584 808 2657 Κύριος,
852 2585 914 2638 τὸ
954 2585 1037 2640 ἰὰ
1065 2584 1300 2656 Κύριος,
1345 2586 1406 2639 τὸ
1450 2586 1696 2640 Ἀδωναϊ
1728 2588 1756 2640 6

165 2674 244 2728 ὣν
277 2675 512 2746 Κύριος,
543 2676 604 2729 τὸ
649 2676 819 2742 Ἰάϐε,
851 2676 909 2739 ὃς
932 2672 1000 2747 ἦν
1028 2679 1121 2730 καὶ
1142 2677 1256 2729 ἔστι
1296 2678 1392 2730 καὶ
1415 2678 1500 2730 ἀεὶ
1537 2676 1644 2731 ὤν’
1681 2679 1756 2742 ὡς

164 2769 470 2840 ἑρμηνεύει
503 2769 583 2839 τῷ
609 2770 818 2841 Μωῦσῇ
838 2809 854 2834 ,
906 2770 959 2822 '0
989 2767 1074 2823 ὢν
1103 2771 1452 2825 ἁπέσταλκέ
1469 2789 1547 2840 με
1566 2813 1580 2834 ,
1602 2773 1756 2842 ἐρεῖς

164 2862 323 2926 πρὸς
344 2861 566 2926 αὐτούς
587 2875 602 2890 ⁸
637 2861 732 2914 κα)⁸
769 2861 830 2914 τὸ
863 2861 1117 2916 Ἐλλιὼν
1153 2857 1394 2932 ὕψιστος,
1431 2865 1525 2917 καὶ
1556 2865 1618 2917 τὸ
1646 2868 1757 2918 Σα-

1852 1767 2058 1822 minum
2079 1769 2581 1841 interpretationem
2605 1775 2908 1838 attulimus,
2927 1775 3070 1830 velut
3095 1775 3203 1840 Eli,
3219 1785 3274 1831 et
3291 1776 3432 1839 Eloi,

1852 1858 2020 1930 296
2042 1859 2234 1924 Israel,
2272 1859 2534 1926 Sadadai,
2569 1862 2768 1930 Ellion,
2797 1861 3056 1929 Rabboni,
3098 1865 3183 1931 la,
3209 1867 3435 1932 Adonai,

1855 1943 2002 2000 labe.
2033 1947 2184 2014 Quas
2225 1949 2444 2019 quidem
2495 1966 2660 2008 voces
2707 1954 2754 2008 si
2801 1962 2949 2010 recte
2989 1955 3430 2025 interpretemur,

1852 2038 2038 2094 varias
2083 2039 2151 2094 ad
2203 2042 2606 2110 praedicandam
2638 2043 2732 2099 Dei
2773 2046 3002 2115 gloriam
3049 2048 3440 2118 appellationes

1853 2143 1996 2193 esse,
2030 2145 2139 2185 non
2181 2131 2286 2201 ipsi
2319 2132 2591 2187 divinitati
2647 2134 3022 2206 signiﬁcanda:
3049 2139 3305 2208 imposita
3334 2153 3437 2194 no-

1857 2221 2004 2275 mina
2036 2221 2342 2278 docuimus.
2372 2225 2451 2278 Ac
2475 2239 2575 2279 nos
2603 2226 2726 2280 illas
2768 2226 2966 2281 iterum
2994 2227 3098 2283 hoc
3129 2229 3248 2283 loco
3277 2223 3439 2298 repe-

1856 2314 2163 2366 temus.Est
2191 2312 2358 2382 igitur
2373 2311 2548 2368 Israel
2580 2313 2759 2369 Deus:
2785 2314 2981 2381 Eloim,
3010 2315 3153 2372 Deus
3181 2331 3437 2387 semper:

1858 2396 1970 2465 Eli,
1993 2398 2136 2456 Deus
2158 2417 2312 2458 meus
2341 2420 2354 2457 :
2388 2401 2613 2465 Saddai,
2638 2401 2920 2460 sufﬁciens
2949 2421 2964 2456 :
2990 2402 3228 2458 Rabboni
3255 2403 3440 2458 Domi.

1859 2506 1964 2546 nus
1993 2509 2007 2546 :
2037 2490 2105 2546 Ia
2133 2492 2398 2550 Dominus
2427 2512 2439 2547 :
2472 2493 2680 2549 Δάοηαί
2705 2494 2796 2564 qui
2832 2501 2918 2550 est
2951 2493 3217 2550 Dominus
3243 2513 3256 2548 :
3279 2493 3437 2562 labe,

1858 2583 1950 2652 qui
1981 2589 2120 2648 erat,
2150 2593 2204 2639 et
2232 2591 2336 2651 est,
2371 2593 2426 2640 et
2451 2601 2665 2656 semper
2684 2586 2936 2652 exsistit;
2975 2586 3434 2657 quemadmodum

1860 2672 2030 2744 Moysi
2062 2673 2178 2743 ipse
2211 2675 2452 2730 declarat
2485 2693 2499 2730 :
2533 2676 2637 2742 Qui
2663 2685 2740 2731 est
2770 2678 2915 2730 misit
2943 2694 3024 2732 me
3055 2677 3124 2731 ad
3153 2694 3261 2738 vos.
3297 2678 3437 2734 dices

1857 2763 1927 2817 ad
1956 2764 2079 2818 illos
2104 2765 2126 2796 ⁸
2153 2785 2165 2819 :
2202 2765 2377 2820 Ellion
2414 2766 2742 2822 altissimum
2772 2775 2933 2821 sonat
2962 2784 2974 2821 :
3011 2767 3266 2830 Sabaoth,
3288 2783 3439 2824 excr-

1857 2858 2090 2914 cituum.
2125 2859 2306 2925 Quare
2351 2859 2610 2915 Dominus
2641 2860 2900 2925 Sabaoth,
2939 2861 3082 2917 idem
3113 2872 3199 2920 est
3228 2879 3292 2921 ac
3331 2863 3438 2918 Do-

165 2951 329 3004 ϐαὼθ
370 2949 652 3021 δυνάμεων
696 2951 1076 3024 ἑρμηνεύεται.
1102 2952 1322 3022 Κύριος
1356 2951 1450 3008 οὖν
1488 2955 1750 3019 Σαϐαὼθ,

1860 2951 2044 3006 minus
2079 2951 2442 3006 exercituum.
2475 2952 2607 3019 Quae
2637 2967 2742 3008 vox
2772 2952 3054 3019 Dominus,
3083 2955 3207 3009 addi
3245 2970 3436 3026 perpe-

167 3042 378 3114 Κύριος
408 3041 517 3096 τῶν
548 3042 850 3114 δυνάμεων.
881 3044 1050 3097 Παντὶ
1081 3045 1101 3074 ¹
1136 3044 1246 3116 γὰρ
1273 3045 1592 3115 πρόσκειται
1621 3047 1753 3099 ὅπου

1860 3049 1954 3094 tuo
1999 3041 2156 3103 solet,
2186 3041 2497 3111 ubicunque
2543 3041 2784 3097 Sabaoth
2837 3059 3039 3098 nomen
3089 3045 3435 3109 exprimitur.

164 3135 260 3189 τοῦ
293 3134 524 3188 Σαϐαὼθ
553 3136 723 3205 ὄνομα
747 3135 894 3204 λέγει
921 3138 955 3202 ἡ
989 3137 1202 3208 Γραφή.
1225 3135 1303 3190 Οὐ
1337 3136 1496 3207 μόνον
1529 3137 1549 3168 ³
1579 3139 1757 3207 ἐκφω-

165 3231 249 3281 νεί
271 3227 509 3295 λέγουσα
529 3243 544 3259 °
567 3222 704 3280 Εἶπέ
736 3243 826 3298 μοι
848 3226 1074 3281 Σαϐαὼθ
1095 3243 1109 3258 ·
1137 3227 1192 3296 ἢ,
1229 3227 1486 3297 Ἐλάλησε
1508 3216 1752 3281 Σαϐ¹αώθο

163 3318 282 3373 ἀλλ’
339 3317 503 3382 εὐθὺς
558 3317 746 3385 λέγει,
800 3315 1006 3388 Κύριος
1061 3315 1310 3371 Σαϐαὼθ.
1355 3315 1512 3369 Οὕτω
1554 3317 1664 3387 γὰρ
1721 3318 1754 3388 ἡ

175 3405 404 3478 Ἐϐραῖς
437 3407 636 3475 φάσκει
655 3423 670 3438 ο
723 3403 948 3459 Ἀδωναῖ
977 3404 1206 3460 Σαϐαὼθ
1233 3423 1246 3434 ·
1290 3405 1430 3476 ὅπερ
1460 3405 1756 3478 ἑρμηνεύε-

163 3516 253 3555 ται
283 3488 492 3568 Κύριος
517 3495 626 3549 τῶν
652 3495 956 3565 δυνάμεων.

237 3594 335 3659 (τ’.
372 3590 484 3643 Καὶ⁹
514 3587 652 3660 μετὰ
674 3589 772 3660 τὴν
793 3589 815 3620 ⁸
839 3590 968 3662 παρ’
999 3589 1182 3652 αὐτοῖς
1205 3606 1264 3641 τε
1290 3590 1518 3653 καὶτοῖς
1547 3590 1770 3660 ὁμοίοις,

161 3683 314 3737 κατὰ
361 3681 460 3752 τὴν
504 3680 780 3750 τύφλωσιν
815 3680 916 3750 τῆς
946 3680 1186 3742 διανοίας
1229 3679 1412 3734 αὐτῶν
1456 3681 1526 3733 τὰ
1571 3680 1753 3743 καλῶς

162 3772 439 3845 εἰρημένα
461 3773 896 3841 συκοφαντεῖται.
934 3767 1071 3822 Οὔτε
1101 3769 1209 3841 γὰρ
1239 3771 1368 3842 περὶ
1400 3769 1647 3824 διαϐόλου
1675 3771 1754 3842 τῷ

162 3866 388 3937 Σωτῆρι
433 3865 490 3917 ἑν
537 3863 614 3934 τῷ
661 3862 799 3934 πρὸς
851 3861 1139 3925 Ἰουδαίους
1190 3861 1334 3932 λόγῳ
1383 3862 1597 3935 εἴρηται
1621 3903 1636 3928 ,
1677 3863 1753 3928 ὼς

161 3954 333 4008 παντί
381 3971 460 4025 τῳ
490 3953 660 4022 σαφὲς
690 3953 1006 4024 εὑρίσκεται
1051 3951 1130 4023 τῷ
1162 3954 1227 4024 τῇ
1255 3951 1481 4024 ἀληθείᾳ
1530 3953 1754 4006 ἀκολου-

160 4043 382 4098 θοῦντι·
426 4042 562 4096 ἀλλά
603 4042 693 4096 διὰ
719 4042 811 4095 τὸν
853 4041 1055 4095 Ἰούδαν
1089 4042 1272 4106 αὐτοῖς
1303 4041 1456 4112 ἔλεγε
1486 4043 1546 4096 τὸ
1579 4044 1748 4114 ῥῆμα.

159 4137 279 4190 Οὐκ
312 4131 458 4208 ἦσαν
483 4135 590 4206 γὰρ
612 4134 777 4188 τέκνα
805 4133 898 4188 τοῦ
945 4133 1217 4206 Ἀϐραὰμ,
1244 4133 1340 4187 τοῦ
1369 4133 1533 4187 αὑτὸν
1560 4135 1754 4189 ἀποδε-

160 4228 406 4299 ξαμένου
448 4227 554 4280 ὑπὸ
584 4227 684 4298 τὴν
711 4226 842 4298 δρῦν
872 4226 970 4298 τὴν
1000 4225 1241 4298 Μαμϐρὴ
1291 4227 1398 4298 πρὸ
1427 4227 1527 4297 τῆς
1555 4227 1751 4299 ἑνσάρ-

1856 3127 1977 3184 Non
2023 3129 2167 3184 enim
2221 3129 2336 3186 sola
2367 3128 2606 3185 Sabaoth
2635 3131 2805 3185 dictio
2828 3133 3070 3200 ponitur,
3105 3143 3255 3203 puta,
3293 3135 3439 3189 Dixit

1857 3221 1989 3276 mihi
2007 3221 2248 3278 Sabaoth
2275 3242 2288 3278 :
2323 3221 2684 3290 aut,Locutus
2713 3231 2796 3278 est
2823 3222 3091 3290 SabaOth;
3127 3226 3222 3280 sed
3251 3227 3436 3281 statim

1859 3313 2194 3385 adjungitur,
2224 3312 2487 3369 Dominus
2535 3312 2797 3368 Sabaoth.
2846 3312 2924 3368 Ita
2976 3315 3122 3369 enim
3174 3313 3439 3370 Hebraice

1858 3402 2144 3471 scriptum,
2180 3402 2392 3458 Adonai
2430 3401 2691 3468 Sabaoth,
2733 3403 2838 3459 hoc
2884 3412 2970 3460 est
3025 3403 3286 3460 Dominus
3336 3403 3434 3459 Sa-

1858 3493 2044 3548 baoth.

1928 3583 2018 3638 Vl.
2063 3583 2168 3640 Sed
2197 3600 2319 3655 quae
2345 3587 2606 3656 pratclare
2635 3587 2860 3644 omnino
2889 3588 3032 3644 dicta
3058 3595 3206 3653 sunt,
3232 3587 3345 3643 haec
3370 3589 3440 3642 ab

1858 3674 1987 3738 illis,
2011 3682 2066 3730 et
2092 3675 2310 3729 illorum
2333 3677 2608 3732 similibus
2631 3676 2838 3733 frustra
2863 3694 2974 3748 prae
2996 3680 3164 3734 animi
3193 3680 3441 3733 caecitate

1857 3782 1954 3838 per
1999 3766 2330 3820 calumniam
2384 3781 2450 3821 ac
2497 3767 2762 3821 malitiam
2811 3770 3200 3838 depravantur.
3226 3768 3439 3825 Etenim

1857 3857 2109 3911 Salvator
2136 3863 2322 3912 noster
2357 3857 2410 3911 in
2443 3872 2510 3913 eo
2549 3873 2711 3927 quem
2739 3858 2806 3912 ad
2834 3857 3055 3913 Judaeos
3089 3860 3280 3914 habuit
3318 3873 3439 3913 sero

1856 3962 2038 4014 mone,
2072 3961 2418 4018 nequaquam
2444 3947 2512 4003 de
2540 3947 2760 4003 diabolo
2793 3948 3009 4004 locutus
3043 3957 3148 4015 est,
3179 3956 3239 4002 ut
3275 3963 3439 4004 nemo

1854 4056 1965 4096 non
2011 4049 2200 4112 aperte
2248 4041 2416 4108 videt,
2476 4043 2569 4114 qui
2605 4041 2874 4098 inhaarere
2915 4041 3135 4097 veritati
3181 4041 3436 4108 studeat;

1855 4134 1952 4190 sed
1997 4143 2223 4205 propter
2268 4132 2463 4190 Judam
2516 4135 2568 4192 id
2617 4135 2686 4191 ab
2724 4151 2790 4190 eo
2830 4144 3152 4204 usurpatum
3187 4139 3293 4189 est.
3318 4131 3436 4188 Non

1854 4228 1999 4284 enim
2039 4229 2334 4284 Abrahami
2354 4228 2447 4282 lilii
2476 4236 2653 4292 erant,
2681 4228 2772 4298 qui
2806 4242 2866 4282 se
2889 4233 3182 4297 antequam
3213 4240 3437 4282 carnem

162 4337 258 4373 κου
294 4318 468 4372 αὐτοῦ
490 4319 795 4389 παρουσίας
814 4335 830 4352 ο
862 4317 1000 4371 ἀλλὰ
1026 4319 1176 4383 υἱοὺς
1208 4319 1433 4382 ἑαυτοὺς
1462 4319 1751 4372 κατεδίκα-

1858 4319 2109 4376 indueret
2137 4321 2242 4376 sub
2284 4321 2374 4374 illa
2414 4319 2655 4375 Mambre
2699 4334 2903 4389 quercu
2948 4319 3077 4374 olim
3125 4327 3436 4388 exceperat,

159 4430 264 4466 σαν
295 4409 553 4480 γενέσθαι
581 4411 680 4481 τῆς
702 4408 797 4463 τοῦ
829 4410 1000 4464 ’ἰούδα
1023 4410 1350 4482 προδοσίας,
1385 4407 1481 4462 τοῦ
1522 4409 1628 4464 ὑπὸ
1662 4410 1756 4464 τοῦ

154 4503 378 4576 Κυρίου
406 4503 622 4555 Σατανᾶ
669 4501 765 4556 καὶ
796 4500 1042 4556 διαϐόλου
1088 4499 1489 4572 ὀνομαζομένου
1509 4542 1523 4567 ,
1563 4501 1640 4565 ὼς
1670 4500 1756 4554 λέ-

152 4611 276 4664 γει·
317 4593 470 4664 Οὐχὶ
511 4593 741 4648 δώδεκα
770 4591 928 4662 ὑμᾶς
957 4591 1364 4662 ἐξελεξάμην,
1402 4593 1499 4647 καὶ
1547 4588 1637 4659 εἷς
1683 4593 1754 4658 ἐξ

152 4683 334 4754 ὑμῶν
383 4683 516 4737 ἐστι
548 4683 865 4750 διάϐολος
919 4683 1030 4736 Καὶ
1074 4683 1266 4736 τούτου
1319 4683 1485 4738 ἕνεκα
1536 4684 1606 4738 τά
1651 4683 1753 4755 τῆς

152 4777 332 4830 αὑτοῦ
371 4777 739 4848 κακοτροπίας
773 4778 802 4830 6
828 4775 1031 4847 Κύριος
1068 4775 1386 4847 ἑρμηνεύων
1419 4777 1636 4846 ἔλεγεν,
1667 4777 1750 4831 ὅτι

154 4869 357 4922 Ὅταν
392 4867 558 4935 λαλῇ
586 4867 654 4920 τὸ
681 4866 938 4936 ψεῦδος,
974 4868 1043 4921 ἐκ
1081 4866 1202 4920 τῶν
1231 4867 1397 4922 ιδίων
1418 4867 1632 4923 λαλεῖ·
1672 4868 1749 4931 ὡς

151 4961 252 5013 καὶ
302 4959 549 5028 ἀλλαχοῦ
602 4959 664 5011 τὸ
696 4958 1024 5028 Εὑαγγέλιον
1072 4957 1222 5026 λέγει
1244 4973 1258 4986 ·
1301 4958 1432 5012 Ὀτι
1483 4959 1749 5027 κλέπτης

150 5048 233 5124 ἥν
254 5091 272 5116 ,
320 5050 432 5105 καὶ
469 5049 540 5104 τὸ
581 5052 1016 5120 γλωσσόκομον
1051 5049 1235 5116 αὐτὸς
1265 5047 1605 5110 ἐϐάσταζεν.
1643 5046 1748 5104 Οὗ-

148 5159 245 5206 τος
269 5137 376 5195 οὖν
404 5141 434 5193 6
459 5139 704 5204 διάϐολος
737 5140 956 5211 κληθεὶς
991 5139 1190 5203 Ἰούδας
1215 5181 1230 5207 ,
1259 5139 1473 5212 πατέρα
1501 5140 1628 5213 ἔσχε
1656 5140 1748 5194 τὸν

243 5321 264 5354 ¹
293 5319 466 5376 Corr.
508 5317 672 5381 τινός.
721 5385 740 5388 _
766 5321 786 5350 ¹
823 5317 884 5372 F.
912 5319 1110 5388 πάντη.

155 5391 176 5420 ⁸
195 5390 390 5447 Exod.
431 5403 516 5452 ιιι,
543 5388 597 5445 ι.
669 5389 690 5421 ⁹
713 5385 868 5442 Joan.
897 5403 972 5453 vt,
1005 5385 1091 5442 Ἠ.
1171 5389 1215 5419 ¹⁹
1239 5385 1523 5455 Ιοιιιιίιιι,
1550 5385 1605 5444 6.

220 5549 344 5621 (57)
384 5545 503 5602 Τοῦ
527 5561 592 5598 τε
643 5543 806 5602 Ἰάϐε.
834 5543 939 5601 Pro
963 5543 1182 5624 Jebova.

1245 5314 1352 5392 ξιτ.
1391 5315 1425 5388 ἢ
1453 5317 1515 5370 ού
1547 5336 1656 5392 μοι.
1751 5320 1770 5351 ⁸
1801 5319 1953 5377 Corr.
1991 5321 2194 5392 μάτην.

1855 4413 1950 4468 sed
1983 4411 2225 4482 perﬁdiae
2263 4409 2418 4466 Iuda:
2449 4410 2610 4474 ﬁlios,
2644 4418 2704 4466 ut
2747 4411 2822 4465 ita
2855 4409 3054 4474 dicam,
3083 4428 3183 4466 sua
3222 4426 3282 4468 se
3313 4427 3437 4467 sen-

1854 4503 2022 4573 tentia
2065 4503 2499 4570 declaraverant,
2545 4517 2707 4573 quem
2754 4501 3018 4560 Dominus
3069 4503 3328 4558 Satanam
3371 4517 3436 4558 ac

1852 4594 2130 4650 diabolum
2163 4594 2431 4660 nominat,
2463 4593 2550 4650 his
2583 4594 2764 4650 verbis
2790 4614 2803 4650 :
2837 4593 3025 4648 Nonne
3050 4592 3323 4648 duodecim
3347 4609 3435 4646 vos

1848 4686 2000 4757 elegi,
2028 4694 2078 4740 et
2125 4701 2261 4740 unus
2307 4700 2372 4740 ex
2412 4685 2557 4740 vobis
2602 4685 2842 4740 diabolus
2882 4685 3038 4740 est’?
3066 4684 3236 4754 Cujus
3270 4684 3435 4740 etiam

1849 4779 1926 4832 rei
1962 4791 2128 4832 causa
2172 4775 2436 4832 Dominus
2479 4776 2724 4847 ejusdem
2766 4775 3170 4847 improbitatem
3205 4790 3436 4846 exagge-

1849 4880 1978 4921 rans
2006 4885 2020 4921 :
2046 4866 2179 4921 Cum
2215 4867 2464 4937 loquitur,
2493 4866 2692 4936 inquit,
2715 4866 3064 4931 mendacium,
3103 4866 3168 4920 de
3205 4865 3435 4934 propriis

1847 4959 2101 5028 loquitur.
2133 4957 2253 5024 Quo
2282 4958 2517 5028 pertinet
2567 4956 2722 5022 illud,
2751 4956 2896 5027 quod
2928 4958 2982 5010 in
3017 4957 3125 5011 alio
3155 4955 3435 5026 Evangelii

1849 5049 1969 5103 loco
1995 5048 2258 5119 scriptum
2294 5055 2400 5114 est,
2438 5047 2686 5118 quoniam
2718 5047 2809 5116 [ur
2831 5055 2966 5114 erat,
2995 5056 3045 5100 et
3075 5047 3274 5100 loculos
3309 5062 3436 5113 por-

1849 5140 1996 5195 tabat
2020 5141 2086 5197 '°.
2115 5139 2214 5196 Hic
2241 5140 2407 5212 igitur
2437 5139 2638 5195 diaboli
2669 5140 2966 5212 insignitus
3001 5139 3224 5195 nomine
3261 5138 3434 5194 ludas

3240 5316 3259 5347 "
3294 5307 3431 5367 ibid.

2355 5320 2376 5352 '
2399 5319 2558 5376 Joan.
2594 5334 2712 5385 vm,
2748 5318 2836 5374 44.
2959 5325 2980 5358 ⁸
3012 5314 3146 5371 ibid.
