3932 6064
494 203 598 260 887

1921 187 1983 244 S.
2022 186 2362 244 EPIPIIANII

3665 193 3780 250 688

499 317 732 371 Cainum
777 317 988 383 patrem
1037 305 1243 372 habuit,
1272 303 1363 376 qui
1400 302 1630 358 Abelum
1658 301 1884 356 fratrem
1931 317 2086 357 men-

2209 303 2328 356 (ἀῖν
2352 341 2367 367 ,
2406 299 2495 354 διά
2517 301 2744 372 ψεύδους
2780 301 3136 374 ἀπατήσαντα
3184 301 3275 356 τὸν
3319 304 3550 374 ἀδελφὺν
3602 307 3777 362 αὑτοῦ

500 406 658 462 dacio
689 418 790 459 suo
825 396 1276 467 circumscripsit,
1313 403 1368 447 et
1411 392 1632 445 occidit.
1666 390 1768 456 Qui
1799 392 1963 446 etiam
1995 389 2081 442 in-

499 493 800 564 terroganti
829 490 1060 545 Domino
1087 506 1101 541 :
1150 484 1249 538 Ubi
1278 493 1355 538 est
1388 483 1516 536 Abel
1544 482 1712 551 frater
1738 483 1905 536 tuus?
1933 495 2084 534 men-

505 587 640 639 titus
669 579 951 652 respondit
984 596 997 632 :
1031 575 1277 629 Nescio‘.
1312 571 1506 626 Merito
1544 572 1727 642 itaque
1765 571 1932 626 etiam
1959 571 2082 634 iste,

504 677 598 746 qui
634 688 819 730 verum
867 670 1146 726 diabolum
1193 666 1441 721 moribus
1472 672 1559 718 est
1588 663 1853 728 imitatus,
1878 663 1999 732 ejus
2023 662 2086 714 li-

505 767 612 820 lius
647 761 861 818 Domini
891 775 985 815 ore
1013 757 1424 830 pronuntiatur.
1458 755 1504 807 A
1532 769 1642 824 quo
1677 753 1822 807 enim
1849 752 2087 822 quisque

505 861 796 924 superatus
844 862 949 915 est,
987 850 1036 904 ei
1074 856 1128 903 et
1157 847 1349 902 servit.
1379 846 1457 900 Ae
1489 859 1590 898 nos
1623 843 1757 898 adeo
1798 843 2084 913 quodcun-

505 945 860 1017 quedemum
892 940 1188 1010 egerimus,
1224 952 1320 992 eos
1355 943 1539 1006 patres
1569 933 1914 1020 babebimus,
1948 946 2087 1002 quo-

507 1052 632 1092 rum
655 1033 900 1103 exempla
927 1031 1125 1085 iisdem
1153 1026 1311 1081 iactis
1340 1022 1737 1094 expressimus.
1755 1022 1915 1091 297
1943 1020 2091 1086 Quo-

506 1130 657 1183 circa
686 1125 975 1198 perspicue
998 1121 1109 1190 jam
1155 1119 1246 1172 illa
1289 1115 1509 1170 Domini
1549 1121 1634 1170 est
1663 1113 1943 1167 declarata
1969 1128 2094 1168 sen-

509 1221 716 1276 tentia:
764 1215 862 1274 Vos
907 1215 1032 1269 estis
1072 1211 1178 1280 lilii
1219 1206 1444 1261 diaboli.
1485 1205 1641 1268 Item,
1677 1205 1810 1258 Cum
1865 1205 2094 1273 loquitur

511 1311 864 1372 mendacium,
897 1323 961 1361 ex
989 1303 1211 1374 propriis
1243 1302 1492 1370 loquitur,
1516 1297 1759 1368 quoniam
1784 1307 1933 1364 pater
1980 1295 2093 1363 ejus

512 1403 740 1460 mendax
773 1408 870 1455 est.
904 1397 1115 1463 Quibus
1143 1392 1327 1447 verbis
1355 1389 1553 1443 Iudam
1589 1396 1642 1442 et
1672 1387 1903 1442 Cainum
1930 1386 2093 1441 intel-

510 1495 650 1564 Iigit.
686 1489 819 1545 Illud
848 1503 976 1543 vero
1005 1505 1019 1540 :
1057 1483 1200 1537 Nam
1232 1493 1281 1536 et
1312 1492 1460 1551 pater
1485 1480 1600 1549 ejus
1629 1479 1854 1533 mendax
1897 1488 1996 1542 est,
2028 1479 2094 1533 ad

2185 392 2276 444 τὸν
2319 391 2484 443 Ἀϐελ
2508 433 2522 456 ,
2575 393 2669 444 καὶ
2695 391 3112 460 ἀποκτείναντα.
3156 393 3250 454 Ὃς
3281 393 3375 445 καὶ
3409 393 3778 465 ἐρωτώμενος

2186 482 2290 534 ὑπὸ
2313 481 2406 534 τοῦ
2436 481 2641 552 Κυρίου
2679 498 2692 513 ·
2733 481 2858 535 Ποῦ
2893 481 3065 534 Ἅϐελ
3092 484 3125 534 ὁ
3153 480 3421 552 ἀδελφός
3453 498 3606 547 σου;
3637 483 3774 553 ψευο

2185 575 2405 646 δόμενος
2448 574 2633 642 ἔλεγεν
2659 590 2672 604 °
2711 575 2832 629 Οὐκ
2870 570 3022 628 οῖδα.
3064 573 3303 638 Εἰκότως
3336 571 3429 629 οὖν
3457 577 3551 628 καὶ
3592 570 3770 640 οὗτος,

2185 665 2276 719 τὸν
2323 663 2483 733 φύσει
2512 664 2758 718 διάϐολον
2790 664 3167 735 μιμησάμενος
3199 668 3311 727 τοῖς
3344 666 3572 736 τρόποις
3597 708 3612 730 ,
3656 668 3773 732 υίὸς

2187 753 2350 808 αὑτοῦ
2381 757 2502 808 κατ’
2533 753 2689 819 ἀξίαν
2735 755 3094 825 ἀνηγόρευται
3139 754 3244 806 ὑπὸ
3272 753 3365 807 τοῦ
3393 756 3666 827 Σωτῆρος.
3705 753 3774 828 ᾯ

2189 848 2297 917 γάρ
2341 846 2569 916 ἥττηταί
2613 863 2732 910 τις,
2771 844 2946 914 τούτῳ
2977 845 3070 898 καὶ
3097 845 3440 900 δεδούλωται.
3480 849 3593 902 Καὶ
3618 850 3776 919 ημῶν

2189 937 2245 991 δὲ
2268 937 2528 1001 ἕκαστος,
2559 935 2734 989 ότιοῦν
2763 935 2829 988 ἂν
2861 935 3146 1007 ἐπιτελέσῃ
3171 979 3185 1002 ,
3213 938 3340 1000 τοὺς
3363 937 3526 992 τοῦτο
3564 956 3778 1009 προτε-

2190 1026 2477 1089 τελεκότας
2501 1025 2742 1096 πατέρας
2783 1023 2894 1088 ἔξει
2939 1026 3340 1095 μιμησάμενος.
3371 1027 3567 1095 Σαφῶς
3594 1029 3779 1081 τοίνυν

2192 1116 2437 1187 ἐφράσθη
2457 1119 2489 1186 ἡ
2517 1115 2665 1187 παρά
2678 1115 2771 1168 τοῦ
2784 1117 2986 1186 Κυρίου
3003 1117 3253 1187 λεχθεῖσα
3276 1121 3454 1189 ῥῆσις⁸
3477 1119 3558 1172 ὅτι
3589 1119 3780 1188 Ὑμεῖς

2194 1209 2378 1264 τέκνα
2409 1206 2550 1261 ἐστὲ
2583 1206 2690 1260 τοῦ
2722 1205 3005 1260 διαϐόλου
3032 1224 3045 1237 ·
3079 1208 3174 1261 καὶ
3203 1209 3364 1262 πάλιν
3389 1225 3403 1239 ⁸
3447 1208 3633 1262 Ὅταν
3669 1214 3780 1265 λιι-

2193 1297 2277 1365 λῇ
2303 1297 2367 1351 τὸ
2396 1296 2622 1366 ψεῦδος
2641 1337 2656 1362 ,
2685 1295 2754 1349 ἐκ
2795 1295 2914 1355 τῶν
2960 1295 3124 1356 ἰδίων
3150 1297 3355 1351 λαλεῖο
3395 1298 3485 1351 ὅτι
3519 1301 3552 1351 ό
3580 1299 3784 1369 πατὴρ

2196 1389 2381 1443 αὑτοῦ
2412 1390 2684 1456 ψεύστης
2709 1388 2881 1442 ἐστίν
2903 1405 2916 1418 ο
2949 1389 3034 1441 ἵνα
3059 1389 3186 1458 ετπῃ
3230 1389 3430 1443 Ἰούδαν
3472 1391 3566 1443 καὶ
3592 1391 3736 1443 Κάῖν
3761 1406 3773 1417 ’

2196 1479 2349 1546 εἶτα,
2389 1483 2497 1536 Καὶ
2519 1483 2644 1552 ’γὰρ
2693 1485 2727 1536 ό
2775 1480 2972 1549 πατὴρ
3014 1480 3202 1534 αὑτοῦ
3257 1483 3533 1550 ψεύστης
3581 1483 3779 1542 ἐστίν,

511 1583 786 1638 diabolum
816 1576 1160 1634 referendum
1188 1583 1294 1639 est,
1319 1572 1466 1643 quod
1490 1571 1557 1625 ad
1590 1571 1710 1638 ejus
1739 1571 2095 1624 imitationem

2209 1573 2289 1627 ἵνα
2315 1573 2440 1642 εῐπῃ
2479 1571 2640 1624 αὐτὸν
2668 1570 2757 1624 τὸν
2806 1569 3049 1624 διάϐολον
3069 1609 3084 1635 ,
3115 1570 3204 1624 διά
3242 1571 3310 1623 τὰ
3341 1571 3537 1641 ὁμοίως
3565 1589 3781 1640 πεπρα-

514 1676 582 1730 ab
611 1675 718 1730 illis
763 1672 874 1727 sint
915 1677 1225 1741 perpetrata
1264 1641 1544 1721 nonnulla.
1587 1679 1874 1737 mqumem
1906 1678 2002 1734 per
2032 1675 2094 1716 os

2209 1641 2556 1734 γματευμένα
2581 1665 2799 1732 ἑκάστῳ
2825 1661 3048 1716 τούτων.
3068 1662 3409 1732 Ἐμπνεύσας
3435 1665 3543 1734 γάρ
3573 1665 3632 1717 ἐν
3664 1666 3784 1718 στό-

516 1763 787 1837 serpentis
831 1761 1110 1829 inspirans
1160 1759 1410 1812 diabolus
1463 1758 1595 1812 falsa
1654 1756 1836 1811 omnia
1882 1755 2096 1808 locutus

2209 1774 2329 1826 ματι
2349 1756 2442 1809 τοῦ
2473 1757 2648 1825 ὄφεως
2671 1795 2686 1820 ,
2729 1755 2899 1826 ψευδῆ
2930 1755 3106 1810 πάντα
3131 1755 3425 1827 λελάληκεν
3450 1758 3480 1810 ό
3508 1757 3779 1822 διάϐολοςο

515 1866 600 1912 est
630 1876 643 1910 :
675 1855 863 1924 sicque
892 1860 1022 1905 tunc
1065 1852 1230 1905 Evam
1261 1848 1472 1905 fefellit.
1508 1851 1684 1920 Atque
1712 1849 1860 1902 hunc
1895 1847 1949 1899 in
1980 1859 2097 1898 mo-

517 1953 647 2006 dum
675 1957 788 2004 tota
815 1946 883 2000 ab
911 1945 1031 2000 istis
1065 1943 1298 1998 conficta
1329 1942 1514 1997 fabula
1549 1942 1766 2012 penitus
1797 1937 2090 1994 evanescit.

515 2041 676 2108 Quod
711 2054 838 2093 vero
863 2039 930 2093 de
958 2036 1130 2091 Caino
1168 2033 1452 2105 Scriptura
1496 2041 1751 2096 testatur,
1787 2031 1939 2085 illum
1986 2029 2094 2082 fra-

519 2146 657 2189 trem
703 2129 976 2188 occidisse
1029 2143 1209 2191 suum,
1247 2127 1394 2197 quod
1446 2133 1592 2182 esset
1645 2142 1711 2182 ex
1758 2123 1994 2188 diabolo,
2044 2123 2098 2178 id

518 2226 744 2280 omnino
795 2223 1228 2278 demonstratum
1279 2227 1392 2284 est;
1440 2235 1548 2273 non
1604 2235 1672 2274 ex
1722 2217 1923 2272 diaboli
1976 2223 2098 2271 satu

519 2325 843 2386 conceptum
866 2314 934 2368 ab
957 2315 1069 2368 Eva
1097 2311 1267 2368 fuisse
1296 2311 1464 2366 fetum
1497 2313 1766 2382 aliquem;
1801 2313 1874 2364 ita
1904 2318 1965 2364 ut
1989 2310 2100 2364 vel-

520 2417 581 2463 ut
609 2407 863 2476 conjugio
897 2402 1134 2475 quodam
1161 2403 1474 2473 congressis
1491 2403 1884 2472 copulatisque
1903 2415 2104 2470 corpo-.

521 2502 674 2555 ribus
706 2499 937 2554 Cainum
973 2504 1024 2550 et
1041 2495 1270 2552 Abelum
1299 2495 1596 2564 pepererit,
1630 2502 1687 2549 ut
1710 2494 1832 2549 istis
1862 2482 2098 2564 placuit;

523 2591 618 2646 sed
654 2589 724 2645 ob
751 2601 964 2642 morum
999 2582 1437 2651 similitudinem,
1473 2599 1900 2653 expressamque
1927 2582 2101 2637 imita-

523 2684 671 2738 tione
699 2679 901 2735 diaboli
932 2676 1230 2748 nequitiam
1268 2676 1437 2730 lilium
1471 2676 1592 2744 ejus
1623 2674 1904 2744 appellari.

595 2773 708 2829 VII.
750 2770 893 2838 Quin
925 2768 1058 2824 illud
1081 2769 1244 2824 etiam
1271 2767 1342 2820 ab
1375 2767 1499 2821 istis
1519 2765 1804 2828 asseritur,
1833 2762 2100 2816 Adamum

523 2883 588 2921 ex
627 2865 734 2918 Eva
767 2863 998 2932 conjuge
1030 2859 1256 2914 Sethum
1299 2871 1615 2928 germanam
1675 2855 1985 2925 suscepisse
2012 2870 2101 2908 so-

2196 1851 2290 1903 xal
2322 1848 2492 1911 οὕτως
2521 1850 2638 1902 τότε
2677 1848 2992 1919 ἐξηπάτησε
3028 1849 3127 1920 τὴν
3157 1847 3328 1903 Εὕαν.
3373 1851 3484 1903 Καὶ
3509 1851 3784 1923 ἀνῄρηται

2197 1925 2348 2012 παρὰ
2387 1940 2595 2003 τούτοις
2626 1941 2659 2009 ἡ
2707 1939 3095 2011 πεπλανημένη
3135 1941 3443 2011 μυθοποιία.
3476 1943 3600 1996 Κάν
3633 1943 3782 2011 λέγει

2195 2033 2228 2111 η
2263 2030 2450 2102 Γραφὴ
2473 2071 2487 2093 ,
2514 2031 2591 2094 ὼς
2617 2033 2646 2084 ὁ
2688 2030 2828 2084 Κάῖν
2856 2033 3144 2084 ἀπέκτεινε
3179 2033 3269 2086 τὺν
3315 2033 3544 2103 ἀδελφὸν
3591 2033 3781 2099 αὑτοῦ,

2197 2123 2279 2174 ὅτι
2321 2123 2386 2174 ἐκ
2433 2122 2526 2173 τοῦ
2574 2121 2820 2174 διαϐόλου
2865 2118 2964 2194 ἦν’
3001 2124 3212 2194 ἐδείχθη
3254 2124 3366 2194 γὰρ
3414 2125 3782 2187 παντάπασιν,

2198 2213 2318 2281 οὐχὶ
2346 2211 2432 2264 διά
2463 2211 2522 2264 τὸ
2555 2213 2654 2283 τὴν
2682 2211 2825 2265 Εὔαν
2855 2216 2918 2266 ἐκ
2951 2214 3044 2267 τοῦ
3084 2215 3395 2286 σπέρματος
3418 2214 3513 2268 τοῦ
3538 2215 3784 2268 διαϐόλου

2202 2302 2614 2368 συλλαϐοῦσαν,
2662 2304 2738 2367 ὼς
2781 2304 2921 2358 κατὰ
2969 2304 3230 2374 συζυγίαν
3280 2307 3460 2376 γάμου
3510 2307 3609 2359 καὶ
3663 2324 3788 2358 συν-

2201 2393 2396 2463 άφειαν
2416 2393 2680 2463 σωμάτων
2693 2396 3077 2465 γεγεννηκέναι
3099 2397 3189 2449 τὸν
3207 2397 3345 2451 Κάῖν
3368 2397 3464 2450 καὶ
3486 2397 3579 2451 τὸν
3601 2397 3785 2461 Ἅϐελ,

2200 2487 2277 2551 ὡς
2307 2485 2516 2549 τούτοις
2545 2485 2720 2552 ἔδοξεν
2745 2503 2759 2517 ο
2817 2488 2951 2540 ἀλλά
2997 2489 3086 2542 διὰ
3119 2489 3179 2541 τὸ
3213 2491 3516 2561 ὁμότροπον
3548 2493 3645 2546 καὶ
3702 2493 3791 2562 μί-

2206 2596 2362 2650 μημα
2412 2578 2510 2648 τῆς
2566 2577 2660 2631 τοῦ
2717 2579 2965 2657 διαϐόλου
3029 2581 3398 2654 κακοτροπίας
3459 2583 3575 2647 υἱὸς
3628 2583 3787 2637 αὑτοῦ

2203 2669 2337 2738 ἧκου
2346 2685 2402 2720 σε
2413 2708 2426 2720 .

2262 2755 2334 2811 Z'.
2352 2743 2518 2812 Πάλιν
2533 2759 2588 2811 δέ
2605 2758 2850 2827 λέγουσιν
2868 2761 2915 2812 οί
2936 2760 3105 2824 αὐτοὶ,
3124 2761 3216 2815 τὸν
3231 2762 3419 2833 ’Δδάμ,
3451 2763 3793 2833 συναφθέντα

2206 2850 2271 2919 τῇ
2303 2847 2416 2919 Elia
2442 2852 2505 2918 τῇ
2536 2850 2641 2920 ἰδίᾳ
2669 2853 2903 2920 γαμετῇ,
2937 2840 3319 2922 γεγεννηκέναι
3341 2853 3432 2904 τὸν
3463 2853 3601 2925 Σὴθ,
3638 2855 3794 2922 φύσει

525 2957 724 3011 bolem.
760 2952 898 3006 Tum
935 2964 1063 3005 vero
1090 2962 1401 3018 supremam
1432 2946 1580 3000 illam
1614 2945 1876 3000 virtutem
1914 2943 2092 2998 ferunt

2214 2939 2344 2992 ἴδιον
2377 2940 2540 2993 αὑτοῦ
2576 2941 2710 2994 υἱόν.
2743 2943 2853 3012 Καὶ
2874 2944 2994 2996 τότε
3016 2944 3148 3012 φασὶ
3175 2944 3272 3014 τὴν
3297 2944 3408 2998 ἀνω
3436 2944 3675 3016 δύναμιν
3701 2947 3795 2998 σὺν

525 3066 652 3106 cum
712 3043 1052 3100 administris
1121 3039 1214 3095 Dei
1277 3039 1520 3094 melioris
1570 3038 1778 3108 angelis
1825 3037 2102 3106 delapsam

528 3139 754 3195 Sethum
786 3137 963 3206 ipsum
992 3132 1265 3204 rapuisse,
1284 3145 1445 3201 quem
1470 3137 1524 3185 et
1539 3129 1824 3198 ἀλλογενῆ,
1876 3128 1981 3182 hoc
2023 3135 2108 3181 est

528 3233 879 3301 alienigenam
907 3232 1125 3282 vocant.
1164 3224 1336 3290 Quem
1383 3237 1509 3277 cum
1545 3237 1766 3278 sursum
1797 3219 2033 3288 aliquem
2055 3219 2106 3272 in

530 3325 709 3378 locum
741 3319 1079 3381 sustulisset,
1128 3330 1193 3370 ac
1223 3315 1486 3368 diuturno
1541 3320 1807 3380 tempore,
1852 3327 1919 3365 ne
1969 3311 2110 3364 forte

531 3412 948 3474 interﬁceretur,
984 3409 1232 3472 aluisset,
1262 3406 1422 3474 longo
1460 3403 1679 3458 demum
1728 3402 2016 3458 intervallo
2053 3402 2106 3454 in

532 3507 680 3560 hunc
707 3505 895 3558 orbem
946 3501 1235 3564 intulisse,
1278 3498 1552 3568 simulque
1611 3505 1666 3552 et
1711 3496 2012 3566 spiritalem
2059 3503 2114 3551 et

533 3611 860 3666 corporeum
921 3593 1266 3666 reddidisse,
1327 3606 1395 3645 ne
1457 3605 1488 3644 a
1529 3589 1741 3654 Caino,
1771 3589 1856 3643 vel
1899 3590 2112 3644 caeteris

530 3665 851 3742 Conditoris
903 3665 1093 3740 mundi
1162 3683 1526 3754 potestatibus
1594 3698 1657 3736 ac
1718 3681 2114 3752 principatibus

534 3777 954 3848 epprimeretur.
1016 3775 1281 3831 Eumdem
1346 3789 1512 3844 porro
1557 3772 1876 3829 Creatorem
1953 3782 2116 3841 atque

537 3869 797 3939 Opiticem
832 3868 1063 3924 desiisse
1092 3869 1362 3929 venerari,
1390 3874 1444 3920 et
1482 3866 1630 3919 illam
1666 3866 1958 3936 agnovisse
1991 3862 2116 3918 Vir-

538 3965 733 4023 tutem,
763 3973 886 4027 qum
907 3956 1057 4010 nullo
1085 3953 1478 4024 comprehendi
1507 3955 1728 4008 nomine
1757 3959 1936 4023 potest
1963 3967 1977 4006 :
2014 3967 2118 4008 nec

537 4065 648 4104 non
677 4048 941 4104 adversus
978 4055 1256 4104 auctorem
1275 4046 1486 4110 mundi,
1506 4045 1736 4115 ejusque
1769 4045 2115 4116 principatus

534 4145 592 4192 et
631 4144 932 4208 potestates
963 4135 1221 4204 pleraque
1251 4133 1542 4188 detexisse.
1581 4132 1719 4188 Hinc
1749 4133 1914 4188 etiam
1947 4135 2116 4187 libros

540 4231 749 4300 aliquot
789 4229 1079 4286 ediderunt
1135 4225 1286 4282 Setbi
1342 4226 1563 4280 nomine
1623 4225 1940 4294 inscriptos,
1977 4241 2116 4294 quos

2211 3035 2323 3096 τοῖς
2357 3033 2651 3101 ὑπουργοῖς
2684 3034 2775 3087 τοῦ
2805 3033 3011 3103 ἀγαθοῦ
3040 3035 3172 3088 Θεοῦ
3202 3037 3454 3106 ἀγγέλοις
3489 3039 3794 3108 καταϐεϐη-

2212 3122 2385 3186 κέναι,
2414 3123 2510 3176 καὶ
2535 3123 2841 3193 ὴρπακέναι
2875 3125 3036 3178 αὐτὸν
3059 3126 3150 3178 τὸν
3171 3127 3298 3196 Σὴθ,
3321 3127 3382 3180 ὃν
3408 3128 3504 3181 καὶ
3528 3128 3816 3196 ἀλλογενῆ.

2213 3214 2453 3268 καλοῦσι.
2498 3217 2606 3268 Καὶ
2639 3217 3016 3286 ἀνενηνοχεναι
3051 3219 3162 3271 ἀνω
3203 3235 3324 3282 που,
3367 3220 3462 3271 καὶ
3491 3219 3797 3290 ἀναθρέψαι

2213 3307 2388 3376 χρόνῳ
2433 3306 2618 3376 ἱκανῷ,
2656 3307 2742 3361 ἵνα
2777 3309 2851 3376 μὴ
2900 3308 3244 3379 ἀποκτανθῇο
3286 3308 3382 3363 καὶ
3426 3310 3567 3379 μετά
3611 3312 3800 3381 χρόνον

2216 3396 2384 3449 πολὺν
2408 3399 2827 3468 κατενηνοχέναι
2850 3400 2929 3462 είς
2958 3399 3105 3452 τόνδε
3136 3403 3228 3452 τὶν
3249 3400 3474 3470 κόσμον,
3516 3404 3612 3456 καὶ
3642 3421 3797 3456 πνευ-

2219 3488 2448 3557 ματικὸν
2491 3490 2910 3560 ἀπεργάσασθαι
2958 3491 3143 3556 αὐτὸν,
3191 3491 3285 3544 καὶ
3329 3493 3670 3562 σωματικὸν,
3722 3496 3798 3555 εἰς

2214 3579 2275 3631 τὸ
2303 3580 2377 3649 μὴ
2408 3581 2720 3651 κατισχύειν
2750 3581 2839 3634 τόν
2882 3599 2941 3634 τε
2969 3583 3087 3635 κατ’
3116 3581 3280 3634 αὑτοῦ
3305 3583 3347 3646 ⁸,
3377 3583 3473 3636 καὶ
3505 3582 3606 3646 τάς
3640 3584 3799 3646 ἄλλας

2216 3668 2484 3734 ἐξουσίας,
2531 3672 2624 3724 καὶ⁹
2665 3671 2839 3743 ἀρχάς
2885 3671 2979 3724 τοῦ
3018 3673 3349 3742 κοσμοποιοῦ
3375 3672 3537 3727 Θεοῦ.
3588 3675 3796 3744 Μηκέτι

2216 3761 2272 3815 δὲ
2306 3764 2468 3817 αὐτόν
2511 3781 2642 3831 φασι
2671 3764 3089 3836 λελατρευκέναι
3123 3765 3199 3835 τῷ
3232 3767 3438 3836 Ποιητῇ
3476 3783 3537 3818 τε
3577 3768 3673 3819 καὶ
3705 3770 3801 3834 Δη-

2220 3856 2483 3927 μιουργῷ,
2511 3857 2879 3924 ἐπεγνωκέναι
2899 3857 2954 3910 δὲ
2977 3857 3074 3928 τὴν
3097 3858 3537 3927 ἀκατονόμαστον
3554 3859 3799 3929 δύναμιν,

2220 3948 2314 4000 xal
2348 3947 2437 3999 τὸν
2462 3947 2574 4001 ἀνω
2601 3948 2804 4015 ἀγαθὸν
2835 3947 2997 4002 Θεόν·
3047 3949 3204 4002 τοῦτο
3229 3949 3672 4020 λελατρευκέναι,
3713 3950 3800 4003 καὶ

2219 4039 2362 4092 κατά
2391 4039 2482 4093 τοῦ
2519 4041 2739 4111 ποιητοῦ
2767 4040 2860 4094 τοῦ
2890 4041 3116 4112 κόσμου,
3147 4043 3240 4096 καὶ
3268 4043 3477 4113 ἀρχῶν,
3517 4045 3620 4096 καὶ
3655 4044 3797 4109 ἐξου-

2219 4132 2350 4185 σιῶν
2380 4132 2548 4186 πολλά
2573 4133 3068 4203 ἀποκεκαλυφέναι.
3110 4127 3178 4204 ᾯ
3193 4133 3260 4204 δὴ
3293 4136 3388 4187 καὶ
3417 4133 3639 4204 βίϐλους
3659 4137 3799 4197 τινὲς

2195 4224 2564 4288 ’ἐξετύπωσαν
2606 4226 2686 4288 είς
2714 4225 2885 4295 ὄνομα
2911 4225 3076 4278 αὑτοῦ
3118 4223 3210 4277 τοῦ
3242 4225 3350 4296 Σὴθ
3381 4227 3796 4296 γεγραμμένας.

540 4322 613 4376 ab
649 4336 714 4374 eo
751 4322 979 4376 traditos
1003 4335 1066 4376 ac
1098 4320 1320 4375 relictos
1352 4316 1794 4371 allirmant.ltem
1823 4317 1960 4370 alios
1989 4331 2104 4369 cum

2224 4319 2350 4387 παρ’
2383 4316 2544 4370 αὑτοῦ
2587 4318 2755 4380 αῦτάς
2785 4317 3030 4370 δεδόσθαι
3071 4318 3338 4385 λέγοντες.
3397 4317 3602 4381 ’Δλλας
3633 4318 3690 4371 δὲ
3729 4318 3796 4376 είς

543 4410 726 4474 illius,
771 4416 887 4463 tum
923 4417 1131 4478 septem
1165 4407 1286 4477 ejus
1328 4405 1629 4460 liberorum
1689 4403 1930 4458 nomine.
1965 4403 2118 4456 Toti-

545 4502 668 4556 dem
703 4501 846 4556 enim
898 4500 966 4554 ab
1027 4514 1094 4555 eo
1142 4506 1458 4569 procreatos
1510 4497 1732 4563 volunt,
1783 4510 1920 4566 quos
1965 4494 2123 4547 ἁλλο-

543 4593 721 4660 γενεῖς
796 4591 1102 4657 nominant,
1144 4598 1202 4644 ut
1235 4588 1291 4643 in
1321 4588 1442 4644 aliis
1485 4586 1787 4643 lmresibus
1817 4629 1833 4653 ,
1895 4585 2118 4641 Gnosti-

541 4700 738 4741 eorum
819 4683 1064 4747 scilicet,
1141 4695 1208 4735 ac
1259 4679 1686 4742 Sethianorum,
1752 4680 2118 4734 ostendimus.

544 4776 816 4830 Caeterum
842 4773 930 4830 isti
954 4771 1248 4842 prophetas
1278 4771 1416 4826 alios
1467 4777 1925 4832 commemorant;
1973 4769 2120 4824 Mar-

545 4863 746 4919 tiadem
764 4864 950 4918 nescio
976 4870 1238 4932 quem,et
1270 4860 1624 4923 Marsianum,
1669 4876 1809 4931 quos
1841 4861 1896 4914 in
1917 4862 2117 4916 caelum

545 4963 737 5026 raptos
763 4956 928 5010 tertio
970 4953 1059 5009 die
1115 4953 1470 5008 descendisse
1530 4953 1757 5024 lingunt.
1815 4951 2038 5006 Addunt
2067 4961 2119 5007 et

549 5050 685 5105 alias
714 5049 1004 5120 plerasque
1046 5045 1454 5102 commentitias
1484 5059 1548 5099 ac
1583 5043 1846 5099 ridiculas
1879 5043 2117 5110 fabulas,

546 5150 602 5196 et
636 5142 692 5198 in
719 5156 909 5196 verum
957 5147 1120 5209 atque
1149 5137 1576 5205 omnipotentem
1610 5135 1778 5207 298
1816 5135 1984 5192 Deum
2015 5136 2119 5190 Pa-

548 5241 687 5286 trem
739 5231 952 5285 Domini
1005 5231 1179 5286 nostri
1242 5229 1373 5284 Iesu
1453 5227 1659 5284 Christi
1721 5229 2121 5284 contumeliose

553 5323 726 5376 multa
775 5322 1050 5391 iactitant.
1089 5321 1399 5391 Principem
1463 5312 1634 5386 hunc,
1673 5327 1730 5376 et
1778 5320 2118 5377 inventorem

551 5414 732 5468 omnis
765 5428 887 5468 esse
924 5413 1200 5483 nequitiae,
1252 5421 1312 5468 ut
1355 5413 1442 5470 vel
1472 5414 1591 5482 ipsa
1641 5428 1742 5469 sua
1771 5411 2116 5471 confessione

552 5502 888 5576 iugulentur.

627 5616 647 5649 ⁸
678 5615 813 5685 Gen.
841 5635 915 5686 tv,
945 5617 996 5676 9.
1071 5619 1090 5651 ³
1113 5615 1172 5672 F.
1205 5616 1363 5673 Κάῖν.

2223 4410 2394 4481 ὄνομα
2422 4409 2606 4472 αὐτοῦ,
2643 4410 2739 4463 καὶ
2778 4409 2888 4464 τῶν
2920 4409 3059 4462 ἐπτά
3094 4409 3225 4462 υἱῶν
3271 4408 3460 4462 αὐτοῦ.
3521 4411 3663 4462 Φασὶ
3702 4408 3797 4478 γάρ

2224 4501 2385 4554 αὑτὸν
2445 4499 2829 4569 γεγεννηκέναι
2883 4501 3022 4554 ἐπτά
3068 4500 3372 4570 ἀλλογενείς
3418 4501 3798 4571 καλουμένους,

2224 4590 2299 4654 ὡς
2349 4591 2442 4644 καὶ
2480 4593 2537 4642 ὲν
2563 4590 2750 4654 ἄλλαις
2799 4591 3074 4660 αἱρέσεσιν
3116 4592 3440 4662 εἰρήκαμεν,
3488 4591 3798 4644 Γνωστικῶν

2228 4700 2370 4754 φημι
2398 4684 2492 4736 καὶ
2522 4682 2822 4754 Σηθιανῶν.
2879 4677 3036 4737 Οὗτοι
3064 4683 3120 4735 δὲ
3165 4685 3260 4736 καὶ
3290 4683 3485 4746 ἄλλους
3523 4685 3798 4755 προφήτας

2229 4775 2392 4844 φασὶν
2420 4773 2580 4840 εἶναι,
2612 4775 2932 4846 Μαρτιάδην
2965 4777 3107 4836 τινὰ,
3137 4775 3231 4828 καὶ
3261 4774 3602 4845 Μαρσιανὸν,
3635 4775 3798 4844 ἁρπα-

2227 4866 2424 4934 γέντας
2447 4866 2525 4929 εἰς
2551 4867 2676 4928 τοὺς
2691 4866 2974 4936 οὐρανοὺς,
2991 4867 3085 4919 καὶ
3106 4866 3192 4918 διὰ
3211 4865 3434 4936 ἡμερῶν
3449 4865 3623 4936 τριῶν
3641 4880 3795 4918 κατα-

2229 4957 2549 5028 ϐεϐηκότας.
2603 4957 2712 5009 Καὶ
2747 4955 2917 5009 πολλά
2953 4959 3098 5009 ἐστιν
3140 4957 3176 5009 ἂ
3224 4956 3648 5026 μυθοποιοῦντες
3684 4961 3795 5008 πλα-

2232 5049 2372 5112 στῶς
2419 5047 2711 5102 ἐκτυποῦσι
2746 5047 3044 5120 βλάσφημά
3079 5065 3138 5100 τε
3181 5049 3516 5114 ,πλάττοντες
3549 5049 3692 5104 κατά
3714 5046 3796 5100 τοῦ

2229 5141 2380 5204 δντος
2407 5140 2540 5193 Θεοῦ
2569 5141 3026 5212 παντοκράτορος,
3058 5141 3270 5212 Πατρὸς
3293 5141 3386 5195 τοῦ
3417 5143 3628 5215 Κυρίου
3656 5141 3799 5213 ἡμῶν

2242 5231 2416 5303 Ἰησοῦ
2463 5231 2721 5304 Χριστοῦ,
2771 5231 2845 5294 ὡς
2888 5232 3145 5302 ἄρχοντος
3181 5233 3355 5300 ὄντος,
3405 5235 3503 5290 καὶ
3551 5234 3801 5303 πονηρίας

2231 5323 2476 5395 εὑρετοῦ,
2516 5323 2590 5387 ὼς
2619 5323 2714 5376 ἀπ’
2743 5321 2922 5377 αὐτῶν
2962 5321 3070 5375 τῶν
3103 5325 3234 5394 παρ’
3271 5326 3460 5389 αὐτοῖς
3493 5311 3663 5393 λόγων
3693 5316 3797 5376 ἀλί-

2233 5431 2468 5470 σκονται.
