3932 6064
183 267 284 338 689

892 277 1261 336 Αονειιευε
1289 249 1635 359 insessas
1672 271 1757 328 ιιι

1868 245 2075 331 .roti.
2117 273 2204 330 ιιι.
2241 307 2310 317 -
2347 275 2622 334 uanas.
2662 275 2774 334 XL.

3349 276 3464 333 690'

260 393 322 446 El
349 392 458 466 γὰρ
484 393 740 466 πονηρῶν
769 397 915 452 ἐστιν
936 397 1166 470 εὑρετὴς
1192 398 1288 451 καὶ
1309 395 1621 458 κακοποιὸς,
1654 391 1757 455 πῶς

1944 395 2080 452 Nam
2129 398 2472 472 sigmalorum
2524 395 2775 452 inventor
2818 397 2864 452 is
2909 411 2973 452 ac
3027 394 3306 451 maleficus
3345 406 3451 459 est,

187 489 348 551 εὐθὺς
404 489 504 543 οὐκ
544 488 748 556 ἀγαθὸς
803 491 1075 564 εὑρεθείη,
1127 492 1203 555 ὡς
1226 491 1320 545 καὶ
1353 492 1409 543 ἐν
1437 491 1555 552 ταῖς
1579 489 1766 550 ἄλλαις

183 580 460 650 αἱρέσεσιν
491 580 744 651 εἴπαμεν,
771 581 914 636 κατά
943 570 1224 654 πορνείας,
1255 581 1350 634 καὶ
1385 579 1649 652 μοιχείας,
1674 578 1768 633 καὶ

181 671 465 743 ἁρπαγῆς,
514 672 610 726 καὶ
663 672 976 738 πλεονεξίας
1032 675 1430 746 νομοθετήσας
1489 672 1620 726 Θεὸν
1659 670 1768 741 γὰρ

179 757 342 815 αὑτὸν
383 761 492 815 τῶν
536 761 806 816 Ἰουδαίων
848 764 942 817 καὶ
989 765 1144 818 αὐτοὶ
1184 764 1421 834 λέγουσι.
1475 763 1598 827 Τοῖς
1641 763 1770 816 Ἰου-

180 853 353 918 δαίοις
387 854 444 907 δὲ
476 855 567 908 τὸν
604 855 767 927 νόμον
807 855 1026 924 ἔδωκεν,
1067 858 1124 910 ἐν
1148 848 1194 925 ᾧ
1231 859 1408 921 πάντα
1447 856 1618 910 ταῦτα
1658 856 1767 910 ἀπ-

181 947 504 1018 ηγόρευσεν,
529 939 605 1001 ὧν
638 947 866 1018 εὑρετὴν
898 949 1061 1004 αὑτὸν
1085 947 1336 1018 λέγουσιν
1363 946 1521 1004 εἶναι.
1557 947 1684 1012 Πῶς
1711 948 1769 1002 δὲ

184 1037 368 1110 πατὴρ
395 1038 488 1092 τοῦ
510 1040 725 1094 Σατανᾶ
755 1040 1002 1112 κληθείη,
1035 1042 1062 1095 ὁ
1093 1043 1215 1095 κατ’
1244 1039 1408 1095 αὑτοῦ
1436 1040 1505 1094 τὰ
1534 1039 1770 1094 τοσαῦτα

184 1130 474 1195 ὑποδείξας
505 1131 600 1184 καὶ
633 1131 682 1184 εί
714 1131 991 1205 ἀλλότριὸς
1025 1135 1142 1186 ἐστι
1171 1133 1264 1186 τοῦ
1295 1133 1407 1188 ἄνω
1436 1133 1564 1204 παρ’
1588 1134 1770 1197 αὑτοῖς

184 1220 479 1290 λεγομένου
501 1220 658 1287 Θεοῦ,
691 1222 783 1275 καὶ
810 1223 910 1275 οὐκ
935 1223 1097 1287 αὑτός
1127 1223 1276 1278 ἐστιν
1305 1224 1333 1275 ὁ
1357 1222 1488 1286 Θεὸς
1513 1223 1542 1274 ὁ
1572 1238 1768 1274 παντο-

185 1313 430 1384 κράτωρ,
464 1314 492 1366 ὁ
527 1312 778 1384 βασιλεὺς
805 1315 899 1370 καὶ
923 1313 1126 1386 Κύριος
1149 1315 1309 1386 ἡμῶν
1352 1313 1594 1386 [Ἰησοῦς
1628 1314 1768 1384 Χρι-

187 1403 368 1476 στὸς],
399 1405 427 1455 ὁ
454 1404 510 1457 ὲν
542 1404 713 1475 νόμῳ,
757 1404 853 1458 καὶ
890 1405 950 1457 ὲν
978 1404 1354 1473 Εὑαγγελίοις,
1401 1403 1496 1457 καὶ
1538 1404 1595 1456 ὲν
1632 1420 1769 1474 προ-

1877 505 2065 547 nonne
2096 491 2274 547 bonus
2316 492 2397 548 vel
2427 507 2492 546 co
2525 493 2646 562 ipso
2695 489 3140 560 comprobabitur
3166 529 3181 554 ,
3217 497 3280 543 ut
3328 488 3454 542 aliis

1875 580 2181 635 baeresibus
2216 580 2544 650 objecimus,
2580 579 2725 650 quod
2758 579 2950 634 c0ntra
2985 586 3196 647 stupra,
3237 575 3453 631 adulte-

1873 670 1976 734 ria,
1999 672 2225 741 rapinas
2249 686 2313 724 ac
2342 671 2675 741 cupiditates
2693 678 2747 726 et
2768 670 3003 741 injurias
3025 670 3244 725 decreta
3281 670 3453 722 multa

1878 763 2229 820 condiderit?
2255 762 2388 817 Nam
2423 761 2737 818 Judaiorum
2778 763 2930 816 illum
2966 777 3089 818 esse
3118 760 3287 816 Deum
3317 775 3453 813 con-

1880 855 2124 913 ﬁtentur.
2149 854 2353 911 Judaiis
2388 869 2552 926 porro
2595 854 2770 925 legem
2817 855 2964 909 illam
2999 855 3145 921 tulit,
3179 869 3288 924 qua
3323 861 3452 907 sunt

1873 963 1936 1004 ea
1963 949 2470 1019 omnia-prohibita,
2497 963 2729 1020 quorum
2783 949 3036 1005 inventor
3062 948 3130 1003 ab
3156 947 3262 1003 illis
3303 960 3454 999 asse-

1884 1039 2048 1095 ritur.
2098 1039 2313 1096 Satanae
2368 1059 2500 1100 vero
2555 1053 2714 1116 pater
2754 1043 2849 1113 qui
2895 1041 3113 1096 demum
3187 1037 3452 1109 appellari

1878 1141 2077 1201 potest,
2099 1136 2190 1204 qui
2221 1145 2330 1190 tam
2361 1137 2532 1192 multa
2561 1137 2825 1191 adversus
2859 1135 3012 1189 illum
3041 1131 3293 1194 ediderit,
3311 1130 3357 1184 si
3381 1128 3456 1183 ab

1878 1223 1974 1278 illo
2037 1241 2274 1292 summo,
2331 1243 2494 1297 quem
2545 1227 2714 1284 Deum
2751 1227 3059 1287 nominant,
3095 1223 3306 1276 alienus
3331 1227 3449 1282 est;

1876 1331 1977 1372 nec
2014 1317 2160 1372 idem
2191 1325 2273 1373 est
2297 1320 2644 1391 omnipotens
2679 1321 2768 1376 ille
2800 1320 2964 1384 Deus,
3025 1332 3124 1372 rex
3169 1322 3225 1370 et
3261 1311 3454 1366 Domi-

1874 1423 1981 1464 nus
2019 1418 2224 1474 noster,
2249 1411 2340 1481 qui
2375 1411 2428 1466 in
2471 1411 2604 1482 lege,
2630 1419 2685 1468 et
2719 1409 3026 1481 Evangeliis
3055 1422 3118 1463 ac
3142 1403 3450 1476 prophetis,

181 1497 403 1566 φήταις,
432 1495 526 1548 καὶ
556 1495 872 1560 ἀποστόλοις
896 1496 1062 1560 αὐτὸς
1081 1496 1224 1564 Θεὸς
1240 1497 1472 1566 Κύριος,
1487 1496 1691 1564 Πατὴρ
1703 1494 1757 1548 δέ

1873 1509 1928 1554 et
1961 1501 2030 1556 ab
2056 1503 2322 1572 apostolis
2337 1505 2664 1570 celebratur,
2685 1504 2938 1557 Dominus
3000 1500 3160 1563 Deus,
3199 1514 3262 1551 ac
3286 1496 3452 1551 Pater

191 1588 523 1656 τοῦΚυρίου
538 1587 709 1657 ἡμῶν
743 1587 945 1656 Ἰησοῦ
955 1589 1236 1658 Χριστοῦ;
1251 1589 1325 1653 ὡς
1347 1589 1506 1654 αὐτὸς
1530 1589 1757 1644 διδάσκει

1883 1593 2101 1650 Domini
2134 1597 2304 1652 nostri
2348 1595 2480 1652 Jesu
2509 1595 2785 1652 Christi‘?
2814 1605 2872 1651 ιιι
2911 1595 3054 1650 idem
3094 1601 3279 1663 aperte
3299 1589 3452 1645 Chri-

181 1681 370 1751 σαφῶς
397 1683 546 1752 ἡμᾶς
584 1683 612 1736 ὁ
641 1679 844 1753 Κύριος
874 1684 932 1736 ὲν
960 1681 1301 1752 Εὑαγγελίῳ,
1331 1682 1532 1752 λέγων’
1573 1685 1769 1752 Εὐχα-

175 1772 365 1841 ριστῶ
403 1789 522 1838 σοι,
567 1771 756 1841 Πάτερ
819 1774 996 1840 Κύριε
1036 1771 1310 1841 οὐρανῶν
1345 1774 1442 1827 καὶ
1478 1772 1623 1844 γῆς’
1680 1774 1767 1828 ἵνα

175 1863 328 1936 δείξῃ
356 1863 446 1917 τὸν
473 1864 639 1917 αὑτοῦ
668 1865 890 1936 Πατέρα
923 1863 1055 1917 Θεὸν
1086 1864 1180 1918 τὸν
1209 1866 1446 1919 πάντων.

249 1955 331 2008 ll’.
362 1956 472 2008 Kal.
510 1955 641 2026 περὶ
668 1955 877 2027 νεκρῶν
907 1955 1257 2022 ἀναστάσεως
1298 1955 1615 2026 ὑποφαίνων
1644 1955 1763 2008 ἐσε-

179 2046 326 2109 σθαι,
371 2046 539 2101 πάλιν
579 2046 746 2118 φησί’
791 2048 1031 2102 Λύσατε
1074 2049 1179 2100 τὸν
1210 2046 1360 2101 ναὸν
1393 2047 1628 2112 τοῦτον,
1663 2046 1763 2100 καὶ

174 2140 246 2194 ἐν
273 2139 473 2207 τρισὶν
507 2139 756 2208 ἡμέραις
798 2137 980 2209 ἐγερῶ
1013 2140 1220 2194 αὐτόν.
1271 2139 1418 2193 Ναὸν
1447 2139 1504 2192 δὲ
1527 2139 1678 2208 ἔλεγε
1703 2138 1764 2192 τὸ

176 2231 310 2284 ἴδιον
363 2229 540 2302 σῶμα,
576 2230 832 2302 λυόμενον
892 2231 992 2301 μὲν
1039 2230 1129 2284 διὰ
1181 2231 1386 2301 χειρῶν
1434 2229 1760 2301 ἀνθρώπων,

174 2323 455 2377 τουτέστιν
485 2323 961 2394 ἁποκτεινόμενον.
1003 2321 1076 2375 Τὸ
1101 2322 1158 2375 δὲ
1200 2321 1275 2393 μὴ
1311 2320 1372 2375 ὃν
1415 2322 1594 2393 σῶμα,
1624 2321 1761 2376 ἀλλά

173 2415 395 2487 δοκήσει
424 2416 768 2486 φαινόμενον,
797 2415 872 2480 ὡς
900 2409 1045 2469 οῦτοι
1079 2414 1241 2470 πάλιν
1266 2414 1542 2483 λέγουσιν,
1567 2415 1669 2468 οὑκ
1693 2414 1759 2469 ἂν

173 2507 407 2578 ἠδύνατο
439 2509 518 2571 είς
546 2511 732 2580 χεῖρας
773 2506 1048 2580 ἔρχεσθαι,
1079 2506 1385 2579 ἐγείρεσθαί
1416 2523 1475 2561 τε
1504 2508 1570 2578 τῇ
1598 2507 1760 2578 τρίτῃ

169 2601 380 2673 ἡμέρᾳ,
417 2600 596 2664 καθὼς
633 2601 1014 2671 ἐπηγγείλατο.
1057 2600 1334 2654 Δέδεικται
1355 2601 1534 2654 τοίνυν
1569 2601 1758 2670 σαφῶς

170 2693 260 2746 διά
292 2695 392 2763 τῆς
418 2692 674 2764 τοιαύτης
703 2693 1016 2764 οἰκονομίας
1045 2694 1436 2765 ἀναντίρρητος
1460 2695 1493 2764 ή
1529 2692 1640 2746 τῶν
1668 2709 1756 2745 νε-

169 2783 321 2855 κρῶν
339 2785 633 2848 ἀνάστασις
652 2799 664 2812 ·
702 2783 798 2838 καὶ
827 2783 952 2836 οὔτε
988 2784 1146 2854 χρεία
1185 2785 1334 2838 ἐστὶν
1366 2784 1662 2854 ἀπολογίας
1687 2787 1755 2855 τῇ

167 2877 342 2947 ψυχῇ,
396 2877 483 2930 ἴνα
521 2876 730 2949 λαλήσῃ
776 2875 912 2945 πρὸς
955 2875 1193 2946 ἑκάστην
1239 2874 1524 2941 ἐξουσίαν·
1583 2875 1756 2928 πλάτ-

166 2985 354 3021 τονται
380 2969 490 3040 γὰρ
508 2962 654 3023 οὗτοι
679 2971 774 3024 καὶ
796 2970 974 3035 τοῦτο,
1001 2970 1077 3035 ὡς
1097 2970 1344 3042 είρηται’
1381 2967 1517 3024 ἀλλά
1541 2967 1629 3021 διὰ
1655 2968 1756 3035 τῆς

1873 1696 1994 1742 stus
2015 1687 2069 1741 in
2105 1685 2397 1757 Evangelio
2424 1693 2660 1760 testatur
2684 1687 2772 1742 his
2797 1684 3016 1751 verbis:
3041 1682 3309 1751 Conﬁteor
3332 1681 3448 1744 tibi,

1870 1777 2037 1832 Pater
2077 1777 2304 1831 Domine
2327 1777 2443 1831 caeli
2469 1793 2532 1830 ac
2563 1778 2777 1839 terrte',
2813 1775 3014 1844 quibus
3045 1773 3259 1827 Patrem
3289 1786 3450 1827 suum

1871 1868 2256 1924 universorum
2287 1867 2457 1923 Deum
2481 1882 2604 1924 esse
2641 1865 2937 1937 signiﬁcat.

1943 1957 2076 2013 Vlll.
2125 1957 2468 2014 Mortuorum
2529 1973 2658 2014 vero
2721 1955 3186 2012 resurrectionem
3261 1959 3452 2024 aperte

1869 2051 2111 2106 futuram
2139 2052 2450 2117 denuntiat,
2492 2067 2618 2107 cum
2647 2051 2723 2105 ita
2750 2049 3032 2120 loquitur:
3064 2046 3262 2102 Solvite
3313 2055 3448 2099 tent-

1866 2145 2014 2215 plum
2047 2145 2164 2211 Itoc,
2194 2153 2245 2200 et
2285 2145 2339 2197 in
2370 2143 2540 2198 tribus
2570 2142 2753 2197 diebus
2779 2141 3021 2196 excitabo
3054 2140 3187 2194 illud
3212 2140 3252 2195 ³.
3283 2139 3450 2195 Tem-

1863 2239 2015 2309 plum
2043 2237 2191 2294 enim
2229 2250 2433 2306 corpus
2489 2249 2649 2290 suum
2700 2233 2952 2296 vocabat,
2985 2232 3131 2301 quod
3159 2231 3450 2285 hominum

1865 2329 2120 2385 manibus
2151 2328 2524 2391 evertebatur,
2558 2326 2663 2380 hoc
2689 2333 2774 2380 est
2828 2322 3280 2379 interﬁciebatur.
3309 2320 3446 2375 Nam

1863 2422 2010 2494 quod
2042 2437 2232 2479 verum
2267 2436 2472 2490 corpus
2499 2434 2609 2474 non
2626 2426 2795 2484 esset,
2823 2417 2919 2473 sed
2957 2416 3140 2486 specie
3173 2415 3446 2470 duntaxat

1863 2521 2172 2586 appareret,
2210 2513 2520 2584 cuiusmodi
2563 2512 2642 2567 illi
2673 2511 2846 2568 fuisse
2910 2517 3183 2573 statuunt,
3236 2520 3446 2576 nequa-

1863 2621 2026 2677 quam
2054 2605 2295 2662 hostium
2311 2605 2367 2660 in
2386 2619 2582 2660 manus
2603 2603 2812 2668 venire,
2829 2611 2946 2666 aut,
2966 2609 3028 2657 ut
3049 2599 3438 2671 pollicebatur,

1861 2699 2091 2754 excitari
2122 2698 2211 2754 die
2239 2699 2402 2754 tertia
2442 2698 2731 2769 potuisset.
2782 2695 2910 2751 Haec
2936 2695 3105 2766 igitur
3133 2691 3230 2747 Dei
3260 2691 3442 2756 adrni-

1859 2790 2116 2846 nistratio
2146 2789 2437 2860 perspicue
2469 2788 2999 2854 declarat,mortuos
3021 2785 3090 2840 ad
3124 2784 3290 2840 vitam
3317 2782 3440 2837 sine

1858 2882 1968 2938 ulla
2029 2883 2412 2939 controversia
2448 2880 2705 2947 restitui;
2736 2894 2837 2934 nec
2878 2878 3075 2932 animai
3118 2875 3445 2948 purgatione

1858 2973 1970 3028 ulla
1999 2988 2138 3043 opus
2166 2988 2310 3037 esse,
2335 2979 2431 3027 aut
2453 2972 2595 3043 apud
2615 2971 2860 3042 singulas
2887 2975 3186 3042 potestates
3215 2981 3446 3022 causam

165 3059 265 3114 τοῦ
300 3060 504 3132 Κυρίου
545 3061 863 3133 εὐεργεσίας
902 3062 1001 3133 τῆς
1039 3060 1129 3116 διά
1163 3060 1271 3114 τῶν
1293 3060 1497 3130 έργων,
1533 3059 1630 3113 καὶ
1655 3060 1755 3129 τῆς

1868 3065 1941 3120 illi
1963 3080 2120 3122 suam
2165 3080 2288 3120 esse
2317 3065 2713 3136 perorandam:
2763 3061 2912 3133 quod
2967 3062 3081 3127 isti,
3116 3060 3195 3114 uti
3229 3059 3442 3114 dictum

169 3151 407 3216 πίστεως
430 3153 848 3224 συνισταμένης,
872 3154 948 3216 ὡς
973 3153 1122 3222 λέγει
1146 3153 1174 3205 ὁ
1198 3152 1500 3220 ἁγιώτατος
1522 3149 1752 3216 Παῦλος,

168 3246 399 3318 γράφων
424 3245 673 3315 Τιμοθέῳ
704 3245 792 3298 διὰ
823 3244 1025 3298 τούτων
1055 3244 1163 3298 τῶν
1203 3244 1378 3314 λόγων
1402 3260 1415 3272 °
1450 3244 1642 3307 Ὅπως
1669 3260 1756 3312 γι-

165 3335 429 3402 νώσκοις
449 3336 576 3403 πῶς
593 3337 686 3390 δεῖ
707 3338 776 3391 ἐν
799 3337 946 3404 οἴκῳ
968 3337 1192 3404 Κυρίου
1221 3333 1587 3405 περιπατεῖν,
1621 3335 1756 3404 ἥτις

164 3430 340 3483 ἐστίν
389 3432 713 3498 Ἐκκλησία
766 3430 914 3484 Θεοῦ
960 3431 1065 3485 τοῦ
1102 3429 1340 3496 ζῶντος,
1387 3417 1615 3494 στύλος
1654 3427 1754 3482 καί

164 3522 464 3593 ἑδραίωμα
505 3523 617 3592 τῆς
656 3523 971 3590 ἀληθείας·
1011 3522 1091 3591 ῆν
1125 3526 1180 3576 οἱ
1212 3523 1429 3577 πολλοὶ
1473 3522 1751 3592 ἀφέντες,

163 3618 255 3682 είς
287 3616 553 3686 μύθους,
602 3616 698 3669 καὶ
747 3616 1118 3685 μωρολογίας
1167 3614 1614 3683 ἐξετράπησαν,
1665 3614 1751 3686 μὴ

163 3707 456 3772 νοοῦντες
482 3707 636 3776 μήτε
661 3706 698 3760 ἃ
724 3706 999 3776 λέγουσι,
1021 3705 1173 3775 μήτε
1195 3707 1327 3774 περὶ
1361 3711 1541 3760 τίνων
1559 3706 1750 3760 διαϐε-

162 3797 508 3852 ϐαιοῦνται·
567 3791 654 3851 ὧν
701 3797 832 3851 ἐστι
871 3799 1179 3867 Φύγελλος
1217 3798 1316 3851 καὶ
1369 3796 1750 3867 Ἑρμογένης.

174 3889 338 3943 ’Λλλά
358 3890 455 3943 καὶ
483 3891 542 3942 ὲν
587 3891 652 3960 τῇ
698 3888 925 3961 δευτέρᾳ
971 3889 1279 3960 Ἐπιστολῇ,
1331 3889 1616 3960 Ὑμέναιον
1657 3890 1752 3943 καὶ

157 3983 390 4054 Φιλητὸν
414 3999 480 4035 πε
488 3983 543 4053 pl.
569 3981 665 4052 τὴν
687 3982 945 4055 ἀλήθειαν
966 3981 1327 4052 ἠστοχηκέναι
1347 3981 1496 4051 λέγει
1517 4000 1529 4012 ·
1556 3983 1750 4047 οἵτινες

159 4077 259 4130 καὶ
281 4076 437 4129 αὑτοὶ
456 4078 522 4146 τῇ
557 4075 765 4146 αἱρέσει
790 4075 1242 4146 ὲξηκολούθησαν,
1265 4074 1422 4128 ἄλλον
1450 4075 1582 4129 Θεὸν
1615 4093 1752 4130 κατ-

158 4167 523 4238 αγγέλλοντες
562 4167 655 4221 καὶ
678 4167 1029 4236 γενεαλογίας
1065 4167 1426 4236 ἀπεράντους,
1471 4167 1566 4221 καὶ
1608 4167 1747 4221 πλά-

1862 3164 1970 3221 est,
2003 3165 2205 3212 temere
2232 3143 2567 3225 prmdidant;
2603 3154 2701 3210 sed
2734 3169 2844 3208 uno
2869 3153 2963 3207 Dei
2996 3151 3266 3208 beneﬁcio
3297 3151 3444 3205 dun-

1860 3255 2012 3304 taxat
2029 3237 2296 3318 indigere,
2316 3262 2425 3317 quo
2451 3262 2576 3303 cum
2610 3245 2714 3301 llde
2739 3254 2888 3300 recte
2923 3243 3066 3298 facta
3101 3242 3436 3312 conjungat:

1859 3349 1921 3395 ut
1942 3340 2011 3395 ad
2035 3339 2385 3396 Timotheum
2435 3340 2686 3395 scribens
2729 3337 3026 3407 Apostolus
3065 3336 3216 3392 hisce
3254 3335 3442 3390 verbis
3476 3362 3485 3372 ο

1859 3440 2094 3489 testatur
2119 3451 2132 3487 :
2161 3430 2230 3486 Ut
2252 3433 2392 3487 scias
2425 3433 2689 3503 quomodo
2727 3439 2774 3484 te
2799 3436 3040 3499 oporteat
3073 3430 3128 3482 in
3157 3427 3316 3481 domo
3340 3425 3440 3482 Dei

1857 3525 2154 3589 ambulare,
2204 3540 2321 3593 qua:
2373 3533 2451 3578 est
2496 3523 2742 3579 Ecclesia
2792 3522 2893 3577 Dei
2947 3522 3067 3586 vivi,
3110 3521 3355 3575 columna
3390 3527 3441 3573 et

1859 3617 2253 3686 ﬁrmamentum
2281 3614 2577 3669 veritatis‘:
2601 3631 2763 3682 quam
2791 3613 2947 3668 multi
2979 3612 3352 3682 relinquentes,
3373 3610 3442 3664 ad

1856 3708 2070 3778 fabulas
2090 3717 2140 3761 et
2166 3707 2393 3776 ineptias
2416 3705 2774 3760 diverterunt“
2804 3725 2816 3760 :
2847 3723 2952 3760 non
2975 3705 3323 3775 intelligentes
3348 3720 3441 3758 nee

1855 3817 1971 3872 qua:
2004 3799 2206 3864 dicunt,
2237 3814 2330 3852 nec
2361 3797 2424 3852 de
2458 3799 2648 3868 quibus
2669 3796 3004 3866 aﬂirmant‘;
3039 3811 3104 3849 ex
3133 3795 3320 3865 quibus
3360 3805 3440 3848 est

1859 3892 2145 3964 Phygellus
2169 3900 2220 3947 et
2252 3890 2667 3962 Ilermogenes'.
2704 3887 2811 3943 Sed
2842 3895 2897 3943 et
2934 3887 2991 3940 in
3030 3887 3274 3941 secunda
3317 3885 3441 3956 Epi-

1857 3986 1996 4041 stola
2033 3984 2385 4057 Hymenazum
2427 3999 2491 4039 ac
2537 3982 2809 4037 Philetum
2841 3981 3118 4037 excidisse
3142 3995 3174 4034 a
3203 3979 3440 4033 veritate

1858 4076 2123 4132 scribit“:
2169 4076 2260 4145 qui
2315 4074 2536 4146 quidem
2568 4081 2622 4130 et
2655 4073 2762 4144 ipsi
2817 4072 2873 4126 in
2915 4071 3152 4128 hairesin
3189 4068 3436 4142 prolapsi

1855 4177 2018 4237 sunt;
2052 4169 2216 4224 alium
2251 4167 2418 4240 299
2467 4167 2831 4239 praedicantes
2868 4163 3058 4230 Deunt,
3095 4177 3161 4218 ac
3187 4161 3456 4233 genealo-t

159 4277 261 4330 νην
300 4259 716 4330 ὲπισπείροντες
758 4261 870 4323 τοῖς
909 4258 1236 4330 ἀνθρώποις,
1266 4261 1361 4313 καὶ
1389 4259 1638 4328 λέγοντες
1673 4260 1747 4332 μὴ

1868 4263 1974 4336 ςὶιιε
2023 4261 2513 4325 interminabiles’,
2568 4272 2921 4326 erroremque
2976 4255 3121 4310 inter
3183 4253 3438 4309 homines

157 4353 225 4404 ὲκ
255 4350 397 4404 Θεοῦ
429 4351 758 4421 γεγενῆσθαι
778 4352 869 4405 τὸν
890 4352 1112 4423 κόσμον,
1145 4341 1281 4405 ἀλλὰ
1307 4351 1414 4405 ὑπὸ
1439 4351 1623 4423 ἀρχῶν
1652 4353 1747 4406 καὶ

1868 4356 2276 4413 lisseminantes
2305 4367 2429 4408 cuin
2454 4367 2484 4405 a
2515 4351 2622 4406 Deo
2657 4356 2920 4422 negarent
2953 4348 3281 4404 fabricatum
3311 4359 3440 4400 esse

155 4444 445 4510 ἐξουσιῶν.
488 4443 600 4514 Τὴν
625 4444 682 4497 δὲ
707 4444 1000 4498 ἀνάστασιν
1028 4445 1127 4515 ἤδη
1162 4443 1488 4516 γεγενῆσθαι
1529 4444 1615 4499 διά
1638 4445 1747 4500 τῶν

1868 4448 2142 4512 nundum,
2173 4444 2266 4501 sed
2299 4457 2329 4496 a
2356 4441 2752 4513 principatibus
2774 4456 2837 4496 ac
2854 4439 3218 4511 potestatibus
3241 4436 3436 4492 condi-

154 4536 472 4608 γενομένων
495 4535 700 4589 τέκνων
729 4535 833 4588 ὑπὸ
862 4535 1092 4590 ἑκάστου
1124 4534 1234 4589 τῶν
1263 4535 1594 4604 γεννώντων.
1635 4536 1746 4609 Τὴν

1868 4546 1971 4594 tum
2003 4543 2332 4593 assererent.
2369 4531 2854 4589 Resurrectionem
2902 4531 3125 4586 demum
3160 4527 3438 4583 accidisse
3492 4541 3494 4543 '

154 4627 215 4679 δὲ
243 4626 360 4681 τῶν
386 4627 595 4696 νεκρῶν
628 4627 688 4680 οὑ
709 4627 959 4695 λέγουσιν
988 4626 1225 4681 ἔσεσθαι.
1257 4627 1366 4680 Καὶ
1395 4629 1576 4699 ὁρᾶτε,
1596 4629 1749 4682 ἀδελ-

1868 4645 1965 4694 ,ειη
1991 4629 2259 4694 dicerent,
2294 4625 2404 4680 illis
2454 4624 2590 4694 ipsis
2641 4622 3013 4694 producendis
3056 4620 3264 4685 liberis,
3290 4631 3431 4686 quos

157 4718 272 4786 φοί,
321 4716 417 4771 τὸν
449 4718 772 4790 χαρακτῆρα
814 4718 912 4789 τῆς
946 4717 1222 4789 ἀληθείας,
1263 4719 1355 4773 καὶ
1404 4720 1494 4774 τὸν
1526 4720 1747 4792 ἔλεγχον

1868 4730 2148 4796 parentum
2186 4719 2422 4790 quisque
2450 4717 2760 4788 genuisset;
2819 4729 2922 4770 nec
2982 4712 3147 4768 aliam
3182 4716 3432 4765 mortuo-

154 4808 256 4879 τῆς
281 4807 490 4862 τούτων
515 4811 879 4882 παρανομίας.

1868 4833 1978 4874 rum
2007 4811 2434 4882 exspectandam
2459 4823 2584 4864 esse
2616 4801 3222 4864 resurrectionem.Vos
3245 4811 3430 4856 autem

157 4918 374 4974 quaeso,
409 4901 631 4969 fratres,
662 4905 1100 4976 animadvertite,
1147 4907 1457 4979 cujusmodi
1514 4913 1736 4985 propria
1765 4917 1838 4975 sit
1863 4911 2121 4973 veritatis
2175 4919 2330 4974 nota,
2381 4915 2434 4962 et
2464 4904 2532 4959 ad
2569 4903 2790 4958 illorum
2835 4898 3270 4956 convincendum
3322 4897 3430 4950 iin-

160 4995 496 5066 probitatem
519 5004 666 5052 certa
695 4999 853 5055 ratio.

172 5113 176 5116 ’
241 5115 650 5188 Ὑπολαμϐάνω
669 5119 726 5173 δὲ
747 5120 842 5173 καὶ
866 5121 996 5192 περὶ
1020 5119 1224 5177 τούτων
1248 5124 1448 5190 ἱκανῶς
1474 5128 1744 5200 εἰρῆσθαι.

1924 5121 2192 5195 Equidem
2228 5119 2364 5175 satis
2387 5129 2666 5188 superque
2715 5111 2979 5169 adversus
3015 5109 3149 5194 illos
3176 5107 3426 5176 disputa-

157 5204 329 5259 Ὅθεν
361 5205 569 5277 ταύτην
605 5209 948 5279 παραλιπὼν,
981 5212 1074 5265 ἐπὶ
1104 5215 1202 5278 τὰς
1230 5214 1358 5285 ἑξῆς
1395 5217 1494 5288 τὴν
1525 5221 1749 5290 πορείαν

1875 5232 1963 5272 um
2007 5232 2037 5268 a
2095 5228 2182 5268 me
2210 5227 2331 5268 esse
2353 5210 2562 5280 judico.
2594 5210 2776 5275 Quare
2805 5207 2908 5261 hac
2938 5205 3143 5261 omissa
3187 5204 3430 5274 reliquas

157 5300 488 5370 ποιήσομαι,
510 5300 686 5354 έκεῖνο
711 5300 868 5370 μόνον
890 5303 1080 5371 εἰπὼν,
1105 5306 1180 5370 ὡς
1201 5306 1342 5361 πάνυ
1368 5308 1614 5377 φαίνεται
1645 5313 1749 5364 ἐοι-

1868 5322 2170 5377 tersequar,
2200 5313 2255 5361 et
2296 5303 2349 5359 id
2377 5319 2545 5358 unum
2569 5310 2827 5367 attexam,
2855 5300 3002 5354 illam
3037 5299 3169 5380 milii
3195 5299 3428 5354 haeresiii

158 5391 290 5442 κυῖα
324 5388 465 5461 αὕτη
489 5390 578 5445 διὰ
599 5392 700 5463 τῆς
723 5392 1075 5466 πολυωνύμου
1101 5398 1426 5470 ἀρχοντικῆς
1455 5399 1749 5471 ὀνομασίας

1868 5401 1919 5456 ὼ
1955 5396 2311 5465 multiplicem
2340 5394 2790 5450 archonticorum
2815 5391 3234 5462 appellationem
3261 5390 3430 5444 variae

160 5485 224 5552 τῇ
285 5482 610 5556 πολυπλόκῳ
655 5485 934 5558 ὲρπετὼδῃ
985 5487 1300 5562 κακοηθείᾳ.
1368 5490 1412 5541 Τ
1419 5491 1580 5561 ρόπον
1640 5491 1746 5562 γάρ

1868 5509 1913 5547 ic
1949 5490 2216 5561 perplexae
2258 5496 2571 5559 serpentum
2628 5485 2963 5557 improbitati
3011 5500 3175 5557 quam
3215 5483 3430 5539 similli-

238 5639 473 5716 {llCon
509 5659 544 5705 ι,
576 5644 632 5696 3.
715 5643 734 5716 ξ
765 5641 947 5716 θίαειίι.
985 5661 1059 5706 ιιι,
1089 5646 1174 5698 23.
1248 5647 1266 5678 ³
1290 5645 1445 5700 Joan.
1480 5663 1559 5711 ιιι,
1596 5651 1678 5703 l9.

1869 5649 2007 5707 Tim.
2043 5666 2120 5716 ιιι,
2152 5649 2239 5705 15.
2335 5653 2355 5685 ⁸
2393 5645 2436 5703 ll
2505 5645 2640 5702 Titii.
2695 5664 2769 5714 iv,
2822 5650 2871 5703 4.
2983 5647 3044 5699 ⁸1
3078 5644 3219 5699 Tim.
3281 5658 3320 5708 ι,
3371 5641 3422 5693 7.

166 5712 187 5743 ⁷
217 5709 266 5770 ιι
295 5711 432 5769 Tini.
474 5715 634 5778 i,15.
715 5712 734 5743 ⁸
766 5711 804 5764 ll
834 5710 970 5770 Titii.
998 5731 1057 5782 ii,
1093 5717 1178 5769 l7.
1254 5719 1272 5750 θ
1307 5716 1326 5768 ι
1361 5715 1501 5772 Tim.
1536 5709 1576 5786 ι,
1605 5721 1657 5776 4.
