3932 6064
484 219 575 274 591
1879 217 1939 273 S.
1979 216 2346 281 EPIPHANII;
3637 196 3761 254 692

483 354 622 392 mam
649 338 844 395 videri.
893 337 1088 394 Nescio
1120 337 1263 392 enim
1319 350 1430 407 quo
1457 344 1620 407 pacto
1662 337 1744 392 sic
1786 343 2049 406 tanquam
2083 391 2085 400 γ

2197 357 2281 395 ινα
2310 343 2374 395 ὲκ
2404 337 2613 396 πολλῶν
2651 333 2893 408 ἑρπετῶν
2928 330 3129 402 ἀναμὶξ
3165 327 3263 398 τῆς
3291 321 3500 380 ἑαυτῶν
3528 319 3761 391 πλάνης

485 430 672 485 multis
702 446 768 486 ex
795 431 1065 502 anguibus
1081 427 1328 484 confusis
1345 429 1402 484 in
1427 444 1597 484 unum
1623 443 1687 484 ac
1701 429 2054 499 promiscuis,

2193 429 2482 502 ὐνηγμένη
2525 428 2673 481 ἐστὶν
2707 429 2742 498 ή
2787 423 2990 480 ίοὸολία
3011 438 3028 453 ⁸
3075 413 3185 474 οἷον
3234 415 3298 470 τὸ
3341 413 3517 485 θρασὺ
3545 412 3760 482 ἔχουσα.

488 521 729 591 pestiferi
769 523 916 576 illius
951 521 1158 576 erroris
1189 536 1400 576 venena
1437 521 1675 577 conﬂata
1712 530 1862 577 sunt.
1899 520 1970 575 Ut
1999 521 2054 575 in

2193 521 2252 576 οὖ
2277 521 2589 594 δράκοντος,
2609 519 2675 573 τὸ
2696 517 2912 590 δολερὸν
2940 512 3036 569 τοῦ
3057 510 3318 584 φυσάλου,
3348 509 3449 578 τὴν
3483 505 3757 558 ἀνθέλκυ-

487 614 594 668 illis
622 615 819 683 partim
850 613 1108 668 draconis
1156 614 1290 669 insit
1335 613 1590 678 audacia,
1622 614 1822 684 partim
1846 614 2056 687 physali

2193 632 2248 670 ἰν
2277 616 2376 686 τῆς
2405 613 2574 686 πνοῆς
2601 609 2695 665 τοῦ
2723 609 3000 681 βαίτωνος,
3025 606 3087 660 τὸ
3113 603 3319 674 γαῦρον
3337 599 3434 654 τοῦ
3467 597 3753 659 ἀκοντίου,

493 704 778 766 calliditas,
812 705 1008 774 partim
1050 703 1281 774 spiritus
1307 720 1429 776 quae
1467 713 1552 760 est
1580 705 1634 760 in
1679 705 1893 760 baetone
1924 721 2058 777 sup-

2193 707 2220 762 δ
2260 708 2528 780 προπετὲς
2555 704 2650 760 τοῦ
2690 702 3032 776 ὀστρακίτου.
3084 697 3299 752 Τούτων
3319 693 3377 748 δὲ
3400 691 3622 746 πάντων
3644 688 3754 761 τὴν

489 793 720 864 pressio,
755 794 953 863 partim
985 796 1215 850 acontiaa
1265 796 1503 868 agilitas,
1539 796 1736 868 partim
1783 797 2060 853 ostracita:

2193 799 2406 870 ιεφαλὴν
2441 797 2921 868 καταπατήσαντες
2948 795 3016 865 τῇ
3041 790 3142 862 τῆς
3172 786 3428 860 ἀληθείας
3463 780 3752 844 ὑποθέσει,

489 899 658 954 prona
688 885 994 942 lubricitas.
1037 884 1286 952 Quorum
1317 887 1562 941 omnium
1593 887 1732 943 eliso
1757 889 1956 966 capite,
1996 903 2061 943 ac

491 972 739 1028 veritatis
782 973 1030 1028 doctrina
1077 976 1342 1040 contrito,
1388 977 1452 1030 ad
1512 977 1756 1046 reliquas
1799 979 2056 1033 transibi-

491 1077 634 1127 mus,
661 1077 724 1118 ac
748 1063 1086 1134 singularum
1123 1063 1416 1121 falsitatem
1450 1081 1678 1138 arguere
1714 1065 1830 1123 Deo
1875 1067 2062 1138 opitu-

492 1157 634 1209 lante
657 1155 999 1210 conabimur.

828 1265 1198 1321 ADVERSUS
1221 1267 1730 1334 CERDONIANOS,

779 1380 914 1446 Quw
956 1391 1033 1435 est
1063 1381 1276 1437 hceresis
1322 1381 1464 1436 XXI
1507 1383 1583 1436 vel
1632 1381 1783 1436 XLI.

562 1491 602 1545 Ι.
641 1489 776 1545 Tam
811 1491 898 1548 his
927 1509 1092 1563 quam
1125 1494 1448 1550 Heracleoni
1480 1494 1702 1564 quidam
1730 1493 1909 1551 Cerdo
1938 1509 2067 1550 suc-

492 1585 680 1647 cessit,
717 1585 788 1640 ab
816 1587 1004 1641 eadem
1031 1587 1220 1643 schola
1252 1587 1556 1656 profectus,
1591 1595 1645 1642 et
1692 1601 1723 1641 a
1757 1586 1979 1642 Simone
2003 1599 2069 1640 ac

2163 891 2256 945 ἐπὶ
2280 890 2382 954 τάς
2425 889 2616 953 λοιπάς
2652 885 2971 957 διέλθωμεν,
3009 880 3350 951 ἐπιπόθητοι,
3373 872 3473 945 τὴν
3507 874 3755 942 ἑκάστης

2165 982 2372 1054 πλάνην
2396 979 2740 1050 ἀποκαλύψαι
2770 979 2828 1032 έν
2857 975 2976 1047 Θεῷ
3003 973 3352 1045 πειρώμενοι.

2586 1261 2775 1315 ΚΑΤΑ
2818 1255 3320 1324 ΚΕΡΔΩΝΙΑΝΩΝ,

2249 1374 2513 1444 Εἱκοστὴ
2539 1373 2737 1442 πρώτη
2762 1372 2802 1440 ἡ
2831 1371 2930 1425 καὶ
2956 1364 3417 1437 τεσσαρακοστὴ
3440 1364 3642 1434 πρώτη

2239 1492 2318 1546 A'.
2358 1490 2580 1562 Κέρδων
2602 1506 2686 1552 τις
2713 1486 2937 1552 τούτους
2967 1486 3060 1539 καὶ
3087 1484 3180 1538 τὸν
3203 1480 3559 1553 Ἡρακλέωνα
3582 1476 3758 1532 διαδέρ

2170 1599 2346 1654 χεται,
2380 1583 2445 1636 ὲκ
2475 1583 2574 1652 τῆς
2599 1579 2775 1635 αὐτῶν
2814 1578 3006 1648 σχολῆς
3034 1575 3129 1641 ὢν,
3157 1574 3264 1629 ἀπὸ
3294 1571 3538 1644 Σίμωνός
3563 1587 3624 1623 τε
3655 1568 3757 1622 καὶ

493 1672 773 1729 Saturnilo
825 1676 1030 1730 erroris
1081 1683 1279 1731 nactus
1307 1676 1486 1730 initia.
1552 1675 1806 1742 Quicum
1843 1692 1875 1732 e
1906 1673 2063 1746 Syria

2193 1673 2487 1746 ἰατορνίλου
2513 1671 2694 1726 λαϐὼν
2720 1670 2818 1733 τὰς
2843 1668 3166 1739 προφάσεις.
3198 1660 3365 1728 Οὗτος
3404 1663 3754 1734 μετανάστης

397 1823 403 1832 _
495 1765 724 1820 Romam
755 1767 1140 1837 peregrinandi
1191 1781 1361 1822 causa
1393 1768 1560 1822 miser
1592 1769 1942 1834 accessisset,
1981 1767 2066 1822 sui

496 1857 646 1926 iuxta
701 1872 766 1912 ac
806 1866 1136 1913 sectatorum
1207 1874 1436 1914 suorum
1500 1859 1651 1914 labes
1701 1859 1949 1929 quaedam
2004 1872 2070 1912 ac

497 1950 768 2018 pernicies
816 1948 939 2004 fuit.
992 1949 1300 2005 Miserrima
1354 1951 1558 2020 quippe
1604 1958 1736 2003 tunc
1766 1957 1852 2004 est
1891 1947 2071 2002 homi-

497 2054 627 2092 num
659 2047 878 2102 natura,
912 2053 1036 2094 cum
1065 2037 1159 2094 Dei
1199 2040 1343 2093 viam
1375 2039 1714 2108 relinquens,
1753 2046 1809 2092 et
1831 2052 1862 2091 a
1885 2036 2072 2091 divina

497 2145 558 2184 se
586 2131 879 2185 vocatione
924 2143 1242 2199 segregans,
1278 2129 1497 2197 longius
1556 2129 1803 2183 aberrat.
1857 2127 2072 2194 Quibus

499 2220 631 2274 illud
652 2221 718 2275 de
747 2220 904 2276 canis
933 2219 1118 2274 fabula
1147 2219 1434 2289 contingit,
1468 2219 1562 2288 qui
1597 2219 1652 2273 in
1687 2219 1809 2289 ejus
1842 2219 1989 2289 quod
2019 2219 2072 2274 in

497 2327 592 2366 ore
623 2312 871 2383 gestabat
898 2313 1150 2366 umbram
1188 2311 1455 2374 intentus,
1482 2319 1536 2366 et
1572 2311 1627 2364 in
1656 2325 1855 2380 aquam
1882 2310 2074 2380 despi-

497 2402 672 2467 ciens,
714 2401 844 2456 dum
889 2402 1082 2457 eodem
1134 2401 1260 2457 cibo
1309 2416 1471 2471 quem
1534 2401 1818 2456 mordicus
1868 2400 2077 2456 ferebat

501 2493 764 2562 majorem
813 2488 1064 2548 umbram
1097 2507 1221 2548 esse
1254 2492 1589 2563 suspicatur,
1642 2491 1866 2546 diducto
1921 2490 2072 2545 rictu

501 2584 652 2640 illum
693 2584 874 2655 ipsum
899 2585 991 2655 qui
1011 2600 1176 2641 verus
1204 2593 1324 2640 erat
1347 2584 1604 2654 perdidit.
1626 2582 1718 2639 Sic
1750 2584 1830 2638 illi
1860 2590 2086 2654 reperta~

502 2674 608 2734 via,
651 2674 780 2729 dum
821 2674 940 2744 ejus
991 2675 1232 2741 umbrae,
1278 2690 1443 2745 quam
1490 2674 1549 2729 in
1615 2673 1755 2729 falsa
1819 2672 2079 2741 opinione

501 2763 894 2820 circumferunt
929 2771 1211 2834 compotes
1269 2763 1384 2818 fieri
1455 2762 1712 2827 student,
1761 2776 1874 2816 non
1915 2760 2081 2816 modo

500 2855 767 2912 divinitus
796 2871 1128 2912 concessum
1183 2855 1342 2920 illud,
1380 2854 1530 2926 quod
1567 2854 1732 2924 300
1774 2868 1889 2919 ore,
1913 2862 1976 2907 ut
2005 2853 2079 2908 ita

2168 1766 2378 1836 γίνεται
2398 1765 2506 1820 ἀπὸ
2527 1765 2624 1836 τῆς
2641 1763 2858 1834 Συρίας,
2878 1763 2972 1815 καλ¹
2988 1761 3080 1815 ἐπὶ
3093 1759 3192 1830 τὴν
3207 1757 3425 1827 Ῥώμην
3441 1754 3636 1819 ἐλθὼν,
3658 1751 3759 1805 λυ-

2173 1857 2317 1929 μεών
2337 1875 2418 1921 τις
2435 1858 2676 1928 πέφηνεν
2712 1854 2887 1924 ἑαυτῷ
2911 1871 2970 1906 τε
2987 1854 3081 1906 καὶ
3102 1854 3216 1914 τοῖς
3237 1849 3385 1919 αὑτῷ
3405 1846 3758 1913 πειθομένοις

2169 1949 2198 2002 ὁ
2209 1947 2585 2010 ἐλεεινότατος.
2603 1943 2837 2014 Ἐλεεινὴ
2847 1944 2954 2014 γὰρ
2966 1945 2999 2013 ή
3015 1942 3172 2010 φύσις
3182 1939 3289 1992 τῶν
3301 1937 3398 1991 ἀνθ
3407 1933 3758 2008 ρώπιον.δταν

2172 2037 2544 2107 καταλείψασα
2571 2035 2670 2108 τὴν
2689 2034 2782 2089 τοῦ
2797 2033 2928 2087 Θεοῦ
2953 2033 3070 2086 ὁδὸν
3087 2031 3375 2093 πλανᾶται,
3399 2027 3494 2081 καὶ
3520 2025 3628 2080 ἀπὸ
3652 2024 3760 2094 τῆς

2172 2129 2266 2184 τοῦ
2301 2129 2436 2183 Θεοῦ
2458 2128 2703 2198 κλήσεως
2727 2125 2923 2196 ἑαυτὴν
2943 2123 3269 2196 ἀφορίσασα.
3301 2117 3624 2189 Συμδέϐηκε
3643 2116 3760 2186 γὰρ

2173 2224 2284 2285 τοῖς
2307 2219 2696 2288 τοιούτοις(58)
2731 2220 2766 2288 ή
2793 2215 2888 2270 τοῦ
2910 2214 3070 2277 κυνὸς
3101 2209 3390 2283 παροιμία,
3435 2209 3493 2270 δς
3522 2209 3590 2278 τῇ
3625 2205 3759 2276 σκιᾷ

2175 2313 2464 2384 προσέχων
2491 2303 2552 2364 οὗ
2582 2311 2830 2378 κατεῖχεν
2873 2309 2931 2359 tv
2966 2305 3041 2377 τῷ
3072 2304 3316 2374 στόματι,
3357 2299 3646 2370 ἐμϐλέπων
3675 2298 3758 2359 είς

2177 2404 2343 2476 ὕδωρ,
2377 2405 2470 2457 καὶ
2499 2400 2728 2472 νομίσας
2763 2397 2840 2468 τῷ
2867 2397 3019 2450 ὕδατι
3051 2394 3208 2449 σκιὰν
3241 2391 3461 2464 μείζονα
3493 2384 3634 2442 εἶναι
3656 2386 3759 2457 τῆς

2177 2495 2235 2547 tv
2261 2492 2338 2562 τῷ
2363 2491 2588 2562 στόματι
2630 2486 2794 2541 αὐτού
2828 2485 3054 2555 ἐδωδῆς,
3100 2481 3316 2546 ἀνοίξας
3344 2481 3406 2534 τὸ
3432 2478 3628 2548 στόμα,
3662 2476 3760 2530 καὶ

2177 2583 2274 2654 τὴν
2311 2579 2473 2635 οὖσαν
2516 2578 2818 2633 ἀπώλεσεν.
2875 2577 3032 2631 Οὕτω
3063 2575 3158 2630 καὶ
3185 2569 3352 2635 οὗτοι,
3389 2571 3489 2643 τὴν
3519 2570 3637 2622 ὁδὸν
3663 2568 3760 2621 εύ-

2183 2653 2384 2743 ρόντες,
2407 2670 2499 2723 καὶ
2530 2666 2841 2739 βουλόμενοι
2873 2665 3030 2727 σκιᾶς
3058 2656 3438 2733 περιγενέσθαι
3469 2654 3574 2724 τῆς
3605 2655 3663 2706 tv
3690 2653 3756 2724 τῇ

2183 2761 2405 2831 ὑπονοίᾳ
2435 2759 2613 2813 αὐτῶν
2641 2757 2960 2827 γενομένης,
2992 2753 3091 2824 τὴν
3131 2748 3293 2805 οὖσαν
3321 2751 3379 2802 tv
3415 2745 3496 2817 τῷ
3531 2743 3761 2814 στόματι

2182 2845 2382 2909 αὐτῶν,
2417 2846 2492 2908 ὡς
2529 2846 2724 2909 εἰπεῖν,
2757 2845 2822 2895 ὲκ
2854 2840 2990 2895 Θεοῦ
3024 2840 3230 2912 τροφὴν
3260 2834 3671 2907 κεχαρισμένην
3697 2832 3760 2884 οὐ

502 2946 752 3027 dixerim,
780 2945 983 3012 ferunt,
1013 2947 1330 3003 alimentum
1366 2948 1692 3012 amiserunt,
1722 2946 1820 3003 sed
1849 2945 2078 3016 insuper

2193 2936 2346 3007 μόνον
2373 2932 2680 2998 ἀπώλεσαν,
2714 2931 2849 2986 ἀλλά
2884 2932 2979 2984 καὶ¹
3019 2927 3239 2999 ὖλεθρον
3269 2926 3481 2988 ἑαυτοῖς
3520 2920 3766 2976 έπεσπάο

502 3039 729 3092 exitium
759 3037 864 3092 sibi
909 3037 1394 3108 ipsis'attulerunt.

577 3126 752 3198 Igitur
777 3127 958 3183 Cerdo
985 3127 1182 3200 Hygini
1216 3143 1371 3199 papae
1389 3123 1728 3198 temporibus
1752 3126 1872 3191 fuit,
1895 3126 1989 3197 qui
2025 3126 2079 3180 in

506 3220 882 3291 apostolorum
904 3219 1120 3286 Jacobi,
1143 3230 1198 3276 et
1232 3219 1382 3275 Petri
1429 3219 1695 3289 Paulique
1727 3216 2084 3272 successione

506 3325 714 3368 nonum
764 3312 944 3368 locum
973 3312 1212 3368 tenebat.
1253 3310 1427 3380 Cujus
1463 3310 1661 3379 dogma
1687 3322 1815 3362 cum
1841 3306 2084 3376 reliquo-

509 3415 655 3468 rum,
681 3417 822 3471 quos
849 3401 1315 3464 enumeravimus,
1349 3398 1732 3452 haereticorum
1758 3397 1921 3466 nugis
1957 3409 2086 3450 con-

509 3494 754 3548 sentiens
779 3494 905 3548 licet
950 3493 1095 3546 idem
1139 3506 1264 3546 esse
1295 3489 1569 3553 videatur,
1606 3487 1862 3542 nonnihil
1901 3494 2086 3542 tamen

510 3589 806 3656 discrepat,
831 3595 885 3642 et
906 3590 1004 3642 'est
1037 3582 1376 3655 bujusmodi.

580 3765 699 3819 Duo
730 3762 956 3834 perinde
988 3768 1153 3832 atque
1183 3761 1275 3814 alii
1309 3759 1579 3830 principia
1610 3760 1824 3824 statuit,
1865 3771 1932 3812 ac
1956 3755 2090 3812 deos

512 3855 762 3911 videlicet
801 3854 941 3910 duos
979 3871 992 3908 :
1023 3854 1226 3908 bonum
1268 3851 1524 3914 alterum,
1555 3858 1610 3904 et
1637 3851 1883 3920 ignotum
1911 3848 2090 3902 omni-

514 3951 638 4010 bus,
680 3961 842 4018 quem
885 3952 940 4000 et
993 3943 1212 3998 Patrem
1265 3939 1399 3997 Jcsu
1459 3940 1798 4006 nominavit;
1853 3939 2090 3993 alterum

515 4049 843 4104 creatorem,
871 4037 1078 4092 malum
1117 4043 1170 4090 et
1193 4033 1505 4104 cognitum:
1537 4033 1630 4102 qui
1663 4040 1718 4086 et
1757 4031 1814 4084 in
1855 4030 1973 4100 lege
2004 4029 2087 4082 lo-

514 4133 773 4196 cutus,’et
796 4130 1077 4202 prophetis
1106 4127 1382 4199 apparuit,
1406 4139 1469 4179 ac
1497 4139 1556 4180 se
1590 4121 1888 4179 videndum
1915 4136 2092 4192 smpe-

514 4238 744 4279 numero
778 4221 1032 4293 praebuit.
1063 4217 1346 4275 Christum
1375 4226 1590 4288 negata
1619 4213 1790 4269 Maria
1826 4213 2094 4285 genitum,

2105 3009 2148 3066 C
2184 3041 2366 3079 σαντο.

2253 3113 2420 3178 Οὗτος
2446 3114 2622 3169 τοίνυν
2656 3115 2685 3166 ό
2711 3113 2932 3184 Κέρδων
2959 3112 3016 3165 tv
3043 3111 3254 3182 χρόνοις
3298 3109 3517 3178 ’Υγίνου
3543 3107 3765 3177 γέγονεν

2183 3207 2500 3269 ἐπισκόπου,
2534 3204 2628 3258 τοῦ
2661 3204 2756 3258 ἕνα
2785 3204 2875 3257 τὸν
2894 3205 2908 3234 ¹
2935 3203 3132 3274 κλῆρον
3145 3200 3254 3273 (59)
3288 3202 3517 3270 ἄγοντος
3540 3200 3647 3256 ἀπὸ
3668 3201 3766 3273 τῆς

2182 3296 2292 3349 τῶν
2319 3296 2448 3365 περὶ
2473 3292 2726 3346 Ἰάκωϐον
2753 3293 2846 3346 καὶ
2866 3292 3072 3363 Πέτρον
3092 3291 3189 3346 καὶ
3209 3290 3422 3346 Παῦλον
3451 3289 3766 3345 ἀποστόλων

2184 3387 2452 3456 διαδοχῆς.
2507 3385 2580 3437 Τὸ
2605 3385 2662 3438 δὲ
2691 3384 2954 3455 κήρυγμα
2993 3382 3180 3449 αὐτοῦ,
3208 3383 3308 3454 τῆς
3353 3382 3463 3436 τῶν
3504 3399 3764 3455 προειρη-

2190 3477 2365 3548 μένων
2409 3473 2770 3546 αίρεσιαρχῶν
2812 3474 3080 3544 φλυαρίας
3119 3474 3367 3544 μετέχον,
3421 3473 3483 3525 τὸ
3519 3474 3651 3526 αὐτὸ
3671 3473 3767 3543 μὲν

2188 3564 2328 3624 εἶναι
2371 3567 2538 3632 δοκεῖ,
2576 3565 2956 3637 παρήλλακται
2984 3565 3041 3618 δὲ
3087 3565 3218 3636 παρ’
3255 3562 3406 3634 αὐτῷ
3429 3562 3621 3617 τοῦτον
3648 3563 3766 3635 ἔχον

2187 3656 2279 3710 τὸν
2305 3655 2526 3726 τρόπον.
2682 3725 2690 3730 _
3199 3690 3210 3714 .

2260 3745 2364 3800 Δύο
2402 3746 2498 3800 καὶ
2529 3737 2683 3810 οὗτος
2711 3745 2885 3816 ἀρχὰς
2925 3745 3197 3816 κεκήρυχε
3235 3743 3316 3814 τῷ
3347 3743 3470 3813 βίῳ,
3499 3744 3596 3797 καὶ
3614 3742 3768 3813 δῆθεν

2193 3839 2349 3903 θεοὺς
2376 3837 2490 3904 δύο,
2517 3838 2612 3892 ἕνα
2640 3836 2863 3906 ἀγαθὸν,
2893 3835 2989 3888 καὶ
3021 3836 3117 3889 tva
3141 3835 3420 3902 ἄγνωστον
3439 3837 3554 3900 τοῖς
3579 3837 3766 3900 πᾶσιν,

2193 3930 2252 3984 ὃν
2285 3931 2380 3986 καὶ
2408 3928 2628 3999 Πατέρα
2650 3926 2742 3980 τοῦ
2773 3926 2949 4000 Ἰησοῦ
2976 3925 3218 3996 κέκληκε
3235 3941 3250 3955 ·
3299 3924 3395 3980 καὶ
3418 3924 3520 3979 ἕνα
3547 3926 3637 3978 τὸν
3668 3929 3768 3997 Ar,-

2199 4024 2455 4098 μιουργὺν
2498 4022 2733 4094 πονηρὸν
2781 4021 2909 4075 ὄντα
2951 4020 3046 4075 καὶ
3088 4019 3330 4090 γνωστὸν
3367 4018 3677 4090 λαλήσαντα
3717 4021 3772 4071 tv

2200 4117 2280 4189 τῷ
2315 4118 2487 4188 νόμῳ,
2511 4116 2608 4170 καλ¹
2624 4117 2683 4170 tv
2711 4118 2822 4179 τοῖς
2847 4115 3152 4187 προφήταις
3174 4112 3433 4183 φανέντα.
3466 4113 3564 4166 καὶ
3587 4112 3772 4184 ὁρατὸν

2197 4208 2455 4272 πολλάκις
2481 4210 2790 4278 γενόμενον.
2807 4207 2898 4278 Μὴ
2919 4202 3056 4260 εἶναι
3084 4205 3142 4259 δὲ
3166 4205 3258 4259 τὸν
3272 4204 3509 4277 Χριστὸν
3525 4220 3768 4274 γεγεννη-

516 4326 610 4370 aut
651 4328 817 4368 carne
870 4325 1058 4367 revera
1102 4309 1275 4365 fuisse
1327 4307 1602 4364 vestitum.
1657 4303 1764 4359 Sed
1819 4302 2085 4372 ejusmodi

2205 4301 2362 4372 μένον
2385 4302 2449 4354 ὲκ
2477 4300 2714 4372 Μαρίας,
2750 4299 2884 4370 μηδὲ
2911 4300 2970 4352 tv
2995 4299 3161 4370 σαρκὶ
3187 4297 3511 4366 πεφηνέναι,
3537 4295 3672 4350 ἀλλὰ
3695 4296 3772 4352 δο-

521 4405 703 4477 specie
755 4413 913 4459 tenus
973 4402 1274 4467 exstitisse,
1318 4409 1372 4456 et
1428 4398 1752 4470 apparuisse
1803 4396 1966 4450 talem
2031 4409 2085 4450 ac

2203 4394 2360 4466 κήσει
2389 4393 2540 4457 ὄντα,
2572 4392 2666 4446 καὶ
2695 4390 2912 4461 δοκήσει
2939 4389 3240 4458 πεφηνότα,
3262 4388 3480 4457 δοκήσει
3505 4386 3565 4439 δὲ
3589 4385 3659 4440 τὰ
3685 4386 3774 4439 ὅλα

520 4497 704 4569 specie
731 4496 846 4552 sola
876 4495 1133 4550 universa
1163 4493 1382 4549 fecisse.
1419 4490 1565 4547 Idem
1594 4502 1888 4567 corporum
1911 4500 2095 4540 resur-

519 4591 816 4646 rectionem
856 4587 1140 4657 repudiat;
1166 4583 1334 4639 Vetus
1361 4583 1798 4646 Testamentum,
1832 4577 1976 4650 quod
1997 4593 2095 4648 per

522 4681 772 4752 Moysen,
810 4694 875 4734 ac
895 4677 1194 4747 prophetas
1231 4675 1491 4728 traditum
1531 4679 1648 4736 est,
1678 4681 1938 4740 tanquam
1964 4670 2097 4725 alie-

524 4787 654 4826 num
705 4786 736 4824 a
794 4768 905 4824 Deo
938 4766 1136 4838 rejicit.
1181 4765 1462 4821 Christum
1512 4779 1544 4820 e
1581 4763 1742 4828 coelo,
1795 4769 1958 4832 atque
2016 4762 2085 4816 ab

525 4865 710 4935 ignoto
741 4862 902 4916 Patre
929 4858 1277 4915 descendisse
1307 4860 1430 4914 ideo
1474 4865 1666 4929 putat,
1699 4862 1761 4909 ut
1789 4855 1878 4910 hic
1910 4853 2098 4909 mundi

525 4955 830 5012 conditoris
873 4962 1036 5024 atque
1083 4951 1295 5024 Opiﬁcis
1337 4950 1624 5020 imperium
1652 4963 1717 5002 ac
1749 4947 2099 5019 tyrannidem

525 5055 824 5106 everteret:
859 5047 912 5102 id
945 5043 1090 5117 quod
1147 5045 1268 5100 aliae
1294 5043 1567 5115 pleraeque
1616 5041 1854 5097 haereses
1903 5040 2096 5097 exiSti-

600 5207 616 5238 ¹
646 5205 804 5260 Corr.
835 5203 1042 5257 ἔνατον.

601 5325 713 5396 (58)
738 5323 1076 5396 Συμδέϐηκε
1096 5322 1493 5396 γῄρτούτους.
1517 5320 1774 5380 ιτεηειιε.
1804 5320 1920 5396 l._ll,
1943 5334 1992 5372 c.
2017 5317 2106 5383 12,

530 5389 794 5473 ευξῃᾳεηὲ
806 5389 1520 5473 εἰροξοςιιηινὲιιεῃιὶηίοηξε
1545 5389 1941 5473 accommodat.

601 5465 717 5534 (59)
753 5460 861 5518 Τοῦ
892 5460 1001 5534 ἕνα
1034 5462 1138 5514 τὸν·
1170 5460 1414 5534 κλῆρρν.
1447 5461 1765 5534 Certissima
1804 5466 1887 5534 est
1917 5473 2106 5512 emen-

532 5529 932 5597 datio'nostra,
976 5532 1161 5594 ενατος
1190 5547 1286 5600 pro
1319 5531 1412 5582 ἕνα
1436 5531 1560 5600 τόν.
1580 5529 1768 5583 Nonus
1796 5531 1950 5600 enim,
1969 5543 2107 5596 pon-

535 5607 742 5664 titicum
775 5607 1148 5662 Romanorum
1167 5598 1358 5656 ordine
1393 5600 1494 5657 fuit
1522 5598 1782 5675 Hyginus,
1818 5601 1863 5656 si
1896 5598 2106 5656 Clctum
2148 5675 2152 5677 ἢ

2203 4482 2561 4554 πεποιηκότα.
2592 4481 2704 4535 Καὶ
2725 4479 2886 4543 αὐτὸς
2911 4478 3114 4550 σαρκὸς
3134 4476 3428 4532 ἀνάστασιν
3455 4474 3774 4529 ἀπωθεῖται.

2204 4577 2448 4634 Παλαιὰν
2489 4577 2546 4630 δὲ
2578 4573 2908 4645 ἀπαγορεύει
2939 4571 3216 4642 Διαθήκην
3235 4585 3250 4600 ο
3291 4567 3390 4638 τὴν
3421 4566 3480 4619 δὲ
3504 4566 3595 4620 διὰ
3614 4567 3775 4620 Μειδῦ-

2207 4673 2343 4735 σέως
2361 4668 2470 4740 (60)
2489 4666 2584 4720 καὶ
2603 4666 2710 4718 τῶν
2729 4663 3023 4736 προφητῶν
3042 4662 3117 4726 ὡς
3139 4657 3421 4730 ἀλλοτρίαν
3437 4652 3607 4710 οὖσαν
3623 4654 3773 4710 Θεοῦ.

2219 4757 2560 4829 Ἐληλυθέναι
2591 4754 2648 4808 δὲ
2687 4754 2779 4809 τὸν
2803 4754 3038 4826 Χριστὸν
3071 4751 3180 4807 ἀπὸ
3210 4749 3319 4804 τῶν
3357 4746 3568 4803 ἀνωθεν
3598 4748 3663 4799 ὲκ
3687 4744 3776 4799 τοῦ

2201 4850 2480 4920 ἀγνώστου
2519 4847 2756 4920 Πατρὸς,
2802 4848 2882 4910 εἰς
2909 4845 3165 4916 ἀθέτησιν
3195 4843 3294 4914 τῆς
3324 4841 3419 4896 τοῦ
3453 4838 3776 4911 κοσμοποιοῦ

2206 4944 2297 4998 καὶ
2313 4939 2653 5013 Δημιουργοῦ
2676 4938 2928 5002 ἐνταῦθα,
2953 4939 3103 5009 φησὶ,
3125 4936 3300 5010 ἀρχῆς
3321 4933 3417 4989 καὶ
3437 4932 3775 5006 τυραννίδος·

2204 5036 2393 5107 ὥσπερ
2441 5035 2636 5106 ἀμέλει
2697 5033 2792 5086 καὶ
2838 5029 3030 5084 πολλαὶ
3076 5029 3184 5082 τῶν
3236 5026 3504 5100 αἱρέσεων
3546 5026 3776 5094 ἑξεῖπαν.

2215 5327 2491 5369 numeres.
2553 5311 2622 5364 At
2669 5309 2905 5362 lrenaeus
2958 5298 3227 5370 Hyginum
3262 5307 3546 5370 octavum
3609 5294 3779 5370 Roma

2215 5365 2532 5468 Epi—scvopum
2589 5380 2836 5435 nominat
2881 5373 2916 5427 l.
2960 5365 3201 5439 Ilt,_Cup.
3245 5369 3314 5437 4;
3365 5369 3461 5426 sed
3511 5369 3624 5423 hanc
3662 5365 3780 5419 alibi

2213 5457 2636 5651 ἒιῖθὶθῗὸῗήνδε
2689 5516 2786 5575 διὰ
2838 5510 3153 5579 Μωῖνσέως.
3206 5508 3334 5582 Leg.
3378 5509 3651 5580 Διαθήκην
3693 5501 3786 5575 τήν

2246 5615 2264 5651 ι
2307 5635 2325 5651 .
2359 5608 2460 5651 etc.

2246 5608 2325 5664 ισ,
2359 5608 2460 5654 etc.
