3932 6064
211 201 318 258 693

900 203 1268 261 ADVERSUS
1303 204 1644 264 HIERESES
1681 207 1808 264 LIB.
1850 213 1893 266 l.
1933 209 2096 266 ΤΟΜ.
2137 208 2223 263 lli.
2263 241 2331 251 —
2369 207 2641 265 iizEliES.
2680 211 2813 265 XLI.

3355 221 3458 273 ειη

223 321 422 391 ὐλίγῳ
444 319 501 373 δὲ
524 320 600 390 τῷ
627 319 802 390 χρόνῳ
824 316 976 384 οὗτος
998 323 1055 374 tv
1083 321 1275 396 Ῥώμῃ
1293 326 1601 396 γενόμενος,
1631 346 1792 400 μετα-

1901 336 2062 383 mant.
2089 327 2275 384 Romae
2308 329 2474 400 igitur
2503 329 2653 385 brevi
2688 329 2779 384 ille
2825 337 3066 398 tempore
3096 343 3455 388 commoratu.

208 412 444 467 δέδωκεν
489 409 654 464 αὑτοῦ
703 409 793 463 τὸν
835 411 911 464 ίὸν
955 413 1260 484 Μαρκίωνι.
1318 416 1515 490 Διόπερ
1551 419 1735 474 τοῦτον
1763 421 1792 474 6

211 501 481 574 Μαρκίων
509 501 796 565 διεδέξατο.

283 593 360 646 B'.
397 591 596 663 Τῆςςδὲ
634 590 898 662 αἱρέσεως
927 591 1189 658 ὡσαύτως
1235 598 1496 670 φωρατῆς
1518 597 1703 672 ούσης,
1733 601 1792 656 ὲν

211 683 464 754 συντόμῳ
503 683 632 754 περὶ
674 680 878 754 ταύτης
924 683 1054 754 ἡμῖν
1088 683 1238 738 ἔσται
1263 685 1439 755 λόγος.
1494 688 1794 761 Ἀρξόμεθα,

209 776 269 828 δὲ
297 775 461 829 πάλιν
497 777 598 845 τῆς
637 775 758 828 κατ’
806 774 972 828 αὑτοῦ
1003 774 1313 848 ἀνατροπῆς
1355 779 1451 832 ἀπ’
1477 779 1655 834 αὐτῶν
1685 782 1792 837 τῶν

213 869 346 939 παρ’
376 865 540 920 αὑτοῦ
565 864 898 936 λεγομένων.
933 866 1053 921 Ὅτι
1075 868 1174 939 μὲν
1204 869 1312 940 γὰρ
1353 869 1446 924 δύο
1469 871 1643 942 ἀρχὰς
1673 875 1793 928 ἐπι-

212 960 410 1012 τοαυτὸ
436 955 572 1012 εἶναι
589 958 866 1026 ἀδύνατον,
889 959 1067 1030 δῆλον.
1092 962 1153 1014 ΕΞ
1179 963 1194 993 ¹
1223 960 1331 1034 γὰρ
1363 961 1419 1016 αί
1448 963 1540 1018 δύο
1570 965 1636 1018 ὲκ
1662 969 1794 1037 μιᾶς

212 1048 321 1102 sici
346 1066 507 1114 τινος,
544 1049 576 1121 ἢ
604 1051 636 1121 ἡ
679 1051 774 1120 μὲν
814 1049 931 1103 ἐστι
962 1050 1210 1124 δευτέρα,
1241 1054 1274 1122 ἡ
1309 1051 1365 1106 δὲ
1411 1054 1512 1124 τῆς
1535 1055 1792 1128 δευτέρας

209 1138 362 1190 αίτία
393 1137 486 1190 καὶ
513 1137 678 1208 ἀρχή.
717 1137 1088 1210 Ζητηθήσεται
1112 1134 1203 1193 οὖν
1229 1140 1346 1211 ῆτοι
1374 1141 1519 1194 αἰτία
1540 1143 1648 1197 τῶν
1675 1143 1790 1212 δύο,

209 1230 242 1300 ἦ
273 1229 506 1300 ὁποτέρα
554 1230 759 1283 τούτων
795 1231 938 1302 ἀρχὴ
971 1227 1105 1285 οὖσα
1145 1233 1244 1304 τῆς
1268 1233 1481 1304 ἐτέρας,
1513 1235 1588 1298 ὼς
1616 1235 1753 1308 ἔφην
1775 1255 1789 1270 ο

211 1322 306 1374 καὶ
328 1320 501 1385 οὕτως
527 1321 592 1376 ὲκ
627 1323 828 1386 παντὸς
859 1323 1062 1394 τρόπου
1087 1326 1179 1378 ἐπὶ
1217 1326 1317 1398 τὴν
1371 1327 1498 1397 μίαν
1530 1329 1790 1383 ἀνακτέον

209 1413 309 1485 τὴν
334 1414 590 1479 διάνοιαν,
625 1416 723 1486 τὴν
750 1416 1146 1488 εὑρισκομένην
1177 1417 1418 1489 πρώτην,
1445 1420 1504 1486 ἐξ
1524 1417 1592 1493 ἦς
1633 1422 1724 1476 καὶ
1753 1424 1786 1494 ἠ

207 1505 460 1575 δευτέρα,
489 1506 608 1576 ἦτοι
634 1505 966 1576 ἀμφότεραι,
1001 1505 1184 1572 καθὼς
1213 1508 1499 1574 δέδεικται,
1528 1514 1606 1575 ὡς
1631 1511 1785 1584 ἔφην.

221 1596 543 1648 Ἐπιτοαυτὸ
557 1595 614 1649 δὲ
636 1595 895 1651 ἀδύνατον
915 1598 1014 1662 τὰς
1037 1597 1130 1652 δύο
1154 1599 1330 1669 ἀρχὰς
1351 1600 1645 1672 ὑπάρχεινο
1675 1604 1792 1656 ἀλλ’

1893 433 2050 474 suum
2083 417 2515 474 Marcionivirus
2541 417 2797 488 aspersit,
2832 432 2994 487 quem
3044 418 3206 473 etiam
3249 434 3462 476 succes-

1893 525 2073 567 sorem
2106 511 2317 566 habuit.

1964 598 2028 653 ll.
2055 599 2254 655 Verum
2291 613 2416 656 cum
2463 614 2575 654 non
2635 599 2820 654 minus
2867 598 3078 654 caeteris
3107 599 3335 656 haeresis
3364 603 3466 657 ista

1893 690 2226 760 deprehendi
2281 707 2346 747 ac
2390 691 2645 761 redargui
2678 690 2837 746 facile
2893 690 3088 758 possit,
3130 694 3318 760 paucis
3348 709 3466 761 qum

1893 778 1962 834 ad
1981 794 2099 834 eam
2128 779 2406 850 pertinent
2430 781 2785 850 complectar,
2810 779 3038 849 ejusque
3057 779 3368 835 refellenda
3401 783 3468 836 ab

1891 869 2150 939 illisipsis
2179 885 2367 924 eorum
2395 869 2629 924 decretis
2688 867 2901 922 initium
2933 882 3228 924 arcessam.
3258 867 3468 923 Etenim

1893 959 2000 1014 duo
2018 959 2180 1014 simul
2210 975 2397 1015 rerum
2431 974 2553 1014 esse
2595 958 2865 1028 principia
2898 975 3243 1030 nequaquam
3300 974 3468 1028 posse

1894 1051 2242 1106 manifestum
2283 1059 2388 1106 est.
2433 1050 2572 1105 Nam
2612 1057 2707 1105 aut
2765 1049 2876 1103 duo
2912 1051 2980 1106 ab
3015 1065 3124 1104 uno
3177 1058 3468 1106 manarunt

1891 1143 2094 1214 aliquo,
2133 1151 2227 1198 aut
2255 1159 2424 1198 unum
2477 1142 2780 1198 secundum
2825 1149 2930 1206 est,
2973 1143 3206 1196 alterum
3240 1143 3470 1197 secundi

1892 1246 2058 1287 causa
2125 1247 2316 1287 rursus
2377 1247 2441 1286 ac
2504 1231 2858 1301 principium.
2901 1229 3265 1296 Quaarendum
3304 1231 3470 1300 igitur

1891 1330 1995 1388 est,
2026 1338 2274 1393 quaenam
2310 1321 2592 1376 amborum
2627 1337 2794 1377 causa
2818 1322 2908 1385 sit,
2953 1331 3045 1375 aut
3076 1321 3221 1402 quod
3255 1338 3320 1377 ex
3362 1323 3470 1378 illis

1891 1413 2222 1482 principium
2267 1412 2339 1468 sit
2402 1413 2649 1476 alterius,
2707 1421 2768 1465 ut
2817 1412 3095 1478 diximus;
3156 1412 3346 1482 sicque
3401 1413 3470 1466 ad

1892 1519 2059 1558 unum
2086 1505 2311 1558 omnino
2353 1503 2640 1560 referenda
2695 1505 2976 1575 cogitatio,
3033 1505 3179 1576 quod
3231 1506 3470 1575 primum

1893 1597 2156 1660 occurrit,
2181 1611 2212 1649 a
2241 1611 2352 1666 quo
2369 1598 2697 1667 secundum,
2729 1605 2822 1652 aut
2869 1598 3031 1652 ambo
3081 1598 3172 1650 illa
3199 1597 3471 1667 proﬁcisci

208 1678 332 1732 οὐδὲ
369 1678 715 1753 διαφέρεσθαι
745 1681 841 1752 τὴν
889 1682 1018 1752 μίαν
1052 1682 1187 1754 πρὸς
1219 1684 1316 1754 τὴν
1355 1684 1522 1754 ἀλλην
1543 1685 1786 1741 δυνατόν.

1901 1683 2409 1742 demonstravimus.
2469 1685 2586 1741 Duo
2636 1701 2802 1756 porro
2863 1687 3028 1742 simul
3083 1694 3143 1740 ut
3203 1686 3472 1757 principia

209 1776 273 1828 Εί
295 1775 404 1846 γὰρ
431 1775 806 1847 διαφέρονται,
843 1776 948 1828 εἰσὶ
977 1775 1076 1846 μὲν
1102 1774 1215 1830 δύο.
1254 1776 1346 1847 Τῷ
1371 1778 1427 1830 δὲ
1455 1777 1548 1831 δύο
1574 1777 1791 1850 ἀριθμῷ

209 1865 614 1938 εὑρισκόμεναι,
649 1865 741 1919 τὸν
791 1866 886 1919 ἕνα
931 1866 1166 1937 ἀριθμὸν
1209 1866 1640 1939 ὑπερϐεϐήκασι.
1683 1868 1789 1922 Τοῦ

207 1957 264 2010 δὲ
302 1957 420 2020 ἑνὸς
451 1957 544 2010 καὶ
581 1956 798 2028 πρώτου
841 1956 1074 2028 ἀριθμοῦ
1115 1956 1468 2029 ζητουμένου,
1503 1961 1558 2013 αί
1595 1958 1689 2013 δύο
1713 1959 1792 2031 τῷ

207 2051 290 2103 ἑνὶ
314 2047 533 2122 ἀριθμῷ
572 2049 666 2102 καὶ
713 2048 972 2120 ἀνωτέρω
1016 2049 1333 2103 ὑπόκεινται
1371 2049 1652 2122 τῷιαίτίῳ
1682 2052 1790 2105 τῶν

206 2141 300 2194 δύο
328 2141 462 2194 δντι.
521 2140 594 2194 Οὐ
621 2139 730 2212 γὰρ
773 2140 828 2193 αί
861 2139 952 2193 δύο
979 2141 1037 2192 αἱ
1065 2141 1204 2212 μετά
1227 2141 1322 2194 τὸν
1349 2141 1445 2195 ἕνα
1466 2141 1718 2212 ἀριθμὸν,
1755 2141 1789 2213 ἢ

207 2236 306 2304 τὴν
343 2234 473 2304 μίαν
502 2232 677 2304 ἀρχὴν
704 2233 797 2288 καὶ
826 2231 1072 2304 πρώτην,
1106 2233 1274 2286 αἰτίαι
1305 2233 1511 2286 ἑαυτῶν
1538 2233 1791 2287 δύνανται

207 2325 380 2381 εἶναι’
426 2326 520 2380 τοῦ
545 2325 724 2380 ἑνικοῦ
772 2324 1009 2398 ἀριθμοῦ
1044 2325 1138 2380 καὶ
1169 2325 1445 2379 ἀνωτάτου
1482 2325 1568 2378 ἀεὶ
1599 2323 1792 2395 ζητου-

212 2418 398 2490 μένου.
432 2419 495 2471 Ei
521 2418 628 2490 γὰρ
663 2419 718 2471 αἱ
755 2417 848 2471 δύο
876 2416 1263 2489 εὑρεθήσονται
1307 2417 1434 2487 μιᾶς
1463 2414 1627 2488 οὔσης
1655 2432 1793 2484 συμ-

211 2509 440 2578 φωνίας,
484 2510 577 2561 καὶ
621 2508 1034 2578 συγχαίρουσαι,
1075 2509 1171 2561 καὶ
1210 2507 1595 2577 συμφωνοῦσαι
1627 2507 1792 2578 ἀλλή-

207 2602 349 2665 λαις,
381 2603 439 2654 tv
467 2599 545 2671 τῷ
573 2599 675 2672 τὴν
708 2600 808 2671 μὲν
841 2599 969 2668 μίαν
995 2598 1331 2670 παραμένειν
1359 2599 1456 2667 τῆς
1489 2597 1680 2668 ἐτέρας
1705 2598 1793 2649 εύ-

206 2691 494 2762 δοκούσης,
531 2691 624 2744 καὶ
656 2691 754 2760 τῆς
794 2689 961 2758 ἄλλης
994 2688 1052 2740 δὲ
1096 2686 1412 2758 χαιρούσης,
1452 2688 1518 2756 τῇ
1552 2686 1650 2758 τῆς
1678 2686 1793 2739 ἐτέ-

207 2801 311 2854 ρας
325 2782 624 2853 συζυγίᾳ,ή
650 2781 836 2844 στάσις
851 2781 934 2844 τίς
953 2781 1101 2833 ἐστιν
1117 2777 1388 2848 ἀναμέσον
1405 2778 1730 2849 ἀμφοτέρων
1749 2779 1791 2830 ’ς

209 2875 275 2927 Et
323 2873 380 2927 δὲ
433 2874 781 2938 στασιάζουσι
841 2872 936 2926 κα)⁵
997 2871 1266 2942 ἰσχύουσιν
1319 2871 1435 2942 ἅμα
1486 2870 1792 2941 ἀμφότεραι

1892 1775 2024 1841 sint,
2059 1774 2177 1830 ﬁeri
2211 1777 2432 1846 penitus
2467 1791 2576 1831 non
2600 1783 2782 1848 potest
2808 1795 2823 1844 ;
2847 1777 2942 1832 sed
2972 1791 3073 1831 nec
3103 1792 3271 1830 unum
3296 1784 3474 1846 potest

1891 1865 1962 1921 ab
1994 1865 2164 1922 altero
2195 1865 2436 1923 diﬂ‘erre.
2461 1865 2517 1920 Si
2552 1867 2698 1922 enim
2723 1866 3007 1933 diﬂ‘erunt,
3034 1867 3145 1921 duo
3169 1868 3279 1922 sint
3309 1882 3476 1938 opor-

1891 1963 1993 2010 tet.
2025 1955 2144 2010 Duo
2166 1972 2296 2013 vero
2323 1959 2368 2014 si
2399 1965 2776 2020 numerentur,
2820 1958 3151 2028 singularem
3185 1973 3475 2013 numerum

1890 2048 2180 2103 excedunt.
2215 2049 2351 2104 Cum
2385 2059 2563 2104 autem
2588 2050 2786 2104 unicus
2816 2049 2918 2105 iste
2953 2064 3016 2104 ac
3039 2050 3251 2121 primus
3281 2066 3474 2106 nume-

1890 2155 1985 2194 rns
2018 2148 2317 2209 quaeratur,
2357 2141 2514 2212 301
2539 2142 2651 2196 duo
2686 2142 2778 2196 illa
2807 2141 3076 2211 principia
3127 2142 3220 2196 uni
3282 2158 3346 2196 ac
3377 2158 3478 2197 su-

1891 2246 2078 2301 premo
2111 2232 2495 2301 subjicientur,
2523 2248 2555 2286 a
2591 2248 2700 2303 quo
2736 2233 2885 2288 velut
2925 2247 2956 2286 a
2991 2246 3160 2287 causa
3197 2231 3312 2286 duo
3339 2232 3472 2286 reli-

1891 2337 1998 2392 qua
2021 2323 2316 2392 pendeant.
2344 2321 2532 2394 Neque
2547 2326 2692 2380 enim
2730 2323 2949 2379 duoilla
2982 2330 3105 2392 post
3141 2322 3475 2393 singularem

1891 2429 2201 2480 numerum,
2237 2425 2400 2486 atque
2450 2417 2679 2472 unicum
2727 2416 3078 2486 primumque
3136 2415 3466 2485 principium

1891 2506 1976 2560 sui
2005 2520 2128 2561 esse
2165 2520 2332 2560 causa
2362 2515 2593 2576 possunt
2620 2507 2890 2576 ipsorum,
2919 2520 3044 2559 cum
3073 2505 3370 2575 singularis
3407 2517 3477 2557 ac

1893 2611 2183 2665 supremus
2203 2596 2562 2652 nihilominus
2598 2611 2861 2651 numerus
2906 2595 3237 2665 inquiratur.
3270 2592 3471 2666 Finga-

1893 2702 2018 2742 mus
2037 2687 2185 2740 enim
2219 2685 2489 2758 ejusmodi
2549 2704 2676 2744 esse
2725 2687 2835 2742 duo
2866 2696 2929 2741 ut
2983 2688 3127 2742 inter
3179 2702 3301 2742 sese
3341 2700 3476 2740 con-

1892 2779 2151 2841 sentiant,
2175 2793 2240 2834 ac
2272 2779 2636 2834 communiter
2668 2777 2961 2849 gaudeant,
3001 2778 3217 2847 sibique
3243 2792 3479 2832 consen-

1893 2876 2052 2924 tanea
2105 2869 2217 2924 sint
2246 2869 2513 2926 invicem:
2543 2869 2619 2924 ita
2657 2877 2716 2924 ut
2747 2883 2856 2924 uno
2895 2869 3110 2924 volente
3152 2882 3214 2922 ac
3264 2868 3471 2922 libente

211 2964 349 3034 πρὸς
382 2966 614 3037 ἀλλήλας
650 2967 738 3019 ἐπ’
772 2965 912 3035 ἴσης,
958 2963 1143 3017 οὐκέτι
1176 2963 1408 3034 Χριστὸς
1441 2963 1470 3013 6
1499 2961 1667 3014 ἐλθὼν
1704 2961 1792 3014 διὰ

1901 2961 2167 3017 adhaereat
2205 2963 2436 3018 alterum
2469 2981 2484 3030 ;
2528 2963 2782 3032 etipsum
2823 2977 3042 3033 quoque
3073 2960 3300 3016 alterius
3344 2975 3480 3014 con-

207 3059 310 3130 τὴν
339 3058 594 3128 ἀθέτησιν
620 3059 718 3129 τῆς
742 3058 870 3128 μιᾶς
898 3056 1184 3127 δυνήσεται
1219 3052 1518 3108 καταλῦσαι
1539 3053 1635 3124 τὴν
1663 3053 1794 3106 ταύ-

206 3167 309 3222 της
327 3149 636 3222 τυραννίδα,
660 3149 828 3220 αὐτῆς
848 3147 1198 3217 ἀντεχούσης,
1223 3146 1316 3198 καὶ
1334 3143 1638 3216 δυναμένης
1659 3143 1794 3217 πρὸς

207 3243 312 3313 τὴν
350 3240 463 3295 ἄνω
504 3241 734 3312 ἀόρατον
784 3239 881 3294 καὶ
922 3238 1364 3309 ἀκατονόμαστον
1408 3235 1790 3304 ἀγωνίζεσθαι,

207 3333 456 3403 ἀντέχειν
493 3350 554 3385 τε
593 3331 686 3385 καὶ
721 3331 988 3403 μηδέποτε
1028 3327 1285 3383 δύνασθαι
1315 3325 1697 3382 καταλύεσθαι.

1896 3053 2180 3123 junctione
2224 3053 2563 3120 delectetur,
2606 3069 2858 3124 quaenam
2917 3069 3039 3110 esse
3092 3060 3272 3124 potest
3337 3053 3482 3107 inter

1904 3152 2194 3214 utrumque
2241 3139 2554 3199 dissensio?
2615 3143 2712 3198 Sin
2754 3152 2947 3198 mutuo
2991 3143 3365 3208 reluctantur,
3415 3158 3482 3198 ac

1903 3237 2004 3292 sibi
2029 3237 2310 3308 aequaliter
2347 3236 2636 3302 resistunt,
2697 3250 2806 3290 non
2842 3235 3040 3304 poterit
3073 3233 3346 3297 Christus,
3377 3234 3476 3304 qui

1899 3329 1965 3384 ad
1982 3328 2213 3383 alterum
2229 3328 2682 3399 exstinguendum
2701 3325 2956 3390 accessit,
2977 3325 3320 3397 tyrannicum
3361 3323 3478 3393 ejus

210 3424 554 3479 dominatum
584 3429 863 3479 evertere:
889 3428 1077 3491 utpote
1111 3421 1259 3492 quod
1287 3420 1491 3474 acriter
1515 3419 1769 3483 obsistat,
1803 3425 1858 3474 et
1919 3420 2186 3476 adversus
2235 3435 2551 3491 supremum
2603 3419 2757 3486 illud,
2815 3416 2962 3489 quod
3005 3432 3106 3471 nec
3151 3415 3344 3482 videri,
3378 3430 3482 3472 nec

212 3519 490 3579 nominari
524 3525 724 3590 potest,
785 3518 866 3574 sic
914 3523 1136 3587 pugnet,
1166 3530 1230 3570 ac
1254 3513 1580 3585 refragetur,
1619 3513 1767 3567 nulla
1798 3524 1855 3569 ut
1879 3515 1930 3570 vi
1953 3514 2112 3585 dejici
2131 3530 2252 3572 sese
2286 3515 2541 3585 patiatur.

282 3616 355 3670 Γ.
400 3617 562 3686 Λέγει
607 3614 664 3668 δὲ
704 3615 733 3667 6
783 3613 988 3685 ἠλίθιος
1036 3612 1129 3664 καὶ
1174 3610 1264 3664 τὸν
1307 3610 1469 3680 νόμον
1528 3610 1623 3664 καὶ
1668 3609 1798 3672 τοὺς

205 3709 497 3780 προφήτας
530 3707 628 3777 τῆς
661 3703 871 3774 φαύλης
907 3703 1002 3755 καὶ
1033 3699 1278 3764 ἐναντίας
1317 3694 1455 3753 εἶναι
1484 3700 1677 3770 ἀρχῆς,
1707 3699 1799 3752 τὸν

207 3801 266 3854 δὲ
296 3799 528 3870 Χριστὸν
561 3797 660 3868 τῆς
706 3794 936 3866 ἀγαθῆς.
987 3792 1158 3846 Πόθεν
1201 3787 1295 3844 οὖν
1337 3790 1388 3843 οί
1429 3791 1701 3861 προφῆται
1732 3790 1800 3844 τὰ

209 3894 295 3955 είς
322 3891 556 3963 Χριστὸν
583 3887 943 3958 τετυπωμένα
984 3883 1470 3956 προανεφώνησαν,
1509 3883 1557 3934 εί
1592 3882 1666 3952 μὴ
1700 3882 1798 3951 μία

211 3980 285 4056 ἦν
318 3984 414 4038 καὶ
452 3985 486 4054 ὴ
535 3981 672 4052 αὑτὴ
713 3979 960 4048 δύναμις,
1008 3979 1042 4048 η
1078 3975 1360 4046 λαλήσασα
1405 3975 1462 4026 tv
1507 3972 1656 4043 νόμῳ
1705 3973 1799 4026 καὶ

216 4077 278 4128 tv
329 4075 652 4146 προφήταις
681 4071 774 4124 καὶ
813 4067 1197 4137 Εὑαγγελίοις;
1248 4063 1500 4134 καθάπερ
1528 4062 1703 4131 λέγει’
1747 4062 1800 4114 '0

215 4165 426 4222 λαλῶν
465 4166 536 4218 ἐν
579 4162 704 4229 τοῖς
735 4160 1068 4230 προφήταις
1116 4156 1246 4212 ἰδοὺ
1287 4155 1544 4225 πάρειμι,
1595 4154 1690 4208 καὶ
1736 4153 1805 4207 τά

217 4259 368 4330 ἑξῆς.
398 4256 570 4310 Πόθεν
604 4255 661 4309 δὲ
704 4253 798 4307 καὶ
827 4255 856 4306 6
888 4249 1090 4322 Κύριος
1119 4251 1175 4302 tv
1212 4247 1290 4318 τῷ
1319 4245 1633 4316 Εὐαγγελίῳ
1668 4261 1804 4316 προ-

1976 3609 2063 3664 lll.
2104 3609 2262 3675 Quod
2319 3618 2501 3664 autem
2542 3607 2772 3662 insanus
2820 3607 2910 3662 ille
2964 3608 3129 3676 legem
3159 3619 3221 3658 ac
3247 3603 3484 3674 prOphe-

1902 3712 1989 3758 tas
2033 3701 2308 3756 existimat
2349 3716 2380 3754 a
2423 3699 2682 3754 deteriori
2719 3714 2784 3753 ac
2812 3698 3099 3754 contrario
3131 3711 3253 3752 esse
3278 3697 3486 3765 princi-

1905 3793 2016 3863 pio,
2053 3807 2083 3844 a
2116 3789 2340 3845 meliore
2390 3805 2520 3844 vero
2571 3787 2888 3854 Christum;
2950 3788 2995 3842 si
3043 3787 3095 3840 id
3145 3802 3333 3842 verum
3376 3796 3482 3851 est,

1904 3883 2180 3954 quomodo
2232 3898 2356 3954 quae
2414 3881 2483 3936 ad
2530 3879 2808 3935 Christum
2865 3877 3167 3932 attinebant
3209 3878 3487 3947 prophetae

1870 3956 1874 3960 ’
1902 3975 2068 4030 certis
2106 3973 2410 4045 ﬁgurarum
2447 3970 2746 4028 involucris
2781 3969 2996 4025 obtecta
3023 3967 3301 4022 vaticinati
3332 3975 3482 4032 sunt,

1907 4063 2016 4119 nisi
2055 4078 2162 4118 una
2209 4062 2512 4133 eademque
2549 4061 2634 4116 vis
2681 4066 2849 4125 esset,
2893 4074 3015 4129 qua:
3045 4059 3100 4112 in
3133 4056 3250 4126 lege
3280 4056 3484 4126 pariter

1910 4171 1974 4211 ac
2019 4155 2331 4226 prophetis,
2383 4163 2546 4225 atque
2580 4151 2896 4222 Evangeliis
2921 4151 3103 4203 locuta
3132 4147 3242 4202 sit?
3279 4145 3481 4212 Quem-

1909 4249 2201 4304 admodum
2259 4247 2434 4302 dicit:
2467 4245 2571 4310 Qui
2624 4245 2875 4314 loquebar
2927 4244 2979 4297 in
3023 4239 3284 4309 prophetis
3312 4278 3327 4302 ,
3370 4253 3485 4292 ecce

218 4349 522 4419 ανεφώνει.
586 4346 794 4414 λέγων’
844 4345 914 4397 Εἰ
969 4341 1216 4396 Μωῢσεῖ
1267 4339 1643 4402 ἐπιστεύετε,
1707 4336 1793 4391 καὶ

1911 4339 2100 4394 adsum
2131 4339 2180 4404 ⁸,
2219 4347 2328 4393 etc.
2378 4335 2648 4390 Praeterea
2692 4350 2788 4388 cur
2818 4333 3082 4388 Dominus
3111 4332 3166 4385 in
3195 4330 3487 4402 Evangelio

215 4442 344 4512 ἐμοὶ
375 4440 454 4495 ἂν
478 4439 822 4494 ἐπιστεύετε
841 4449 856 4465 °
887 4435 1115 4499 ἐκεῖνος
1143 4434 1252 4502 γὰρ
1281 4431 1414 4501 περὶ
1456 4430 1602 4500 ἐμοῦ
1636 4431 1806 4499 ἐγρα-

215 4537 335 4603 ψε;
376 4531 483 4585 Καὶ
529 4529 700 4584 πολλά
756 4545 846 4600 μοι
901 4526 1016 4580 ἐστι
1067 4526 1197 4596 περὶ⁸
1241 4522 1555 4595 μαρτυριῶν
1602 4521 1802 4590 λέγειν,

215 4623 404 4687 καθὼς
462 4621 786 4692 συναγείρας
839 4619 1034 4690 σχολὴν
1087 4614 1268 4686 ἑαυτῷ
1320 4614 1573 4684 ἐποίησεν
1624 4615 1652 4665 6
1713 4611 1806 4665 ἐπὶ

219 4715 608 4786 συγκυρήματι
649 4711 870 4782 πονηρῷ
911 4709 988 4780 τῷ
1026 4709 1216 4779 κόσμῳ
1249 4706 1674 4777 ὲπιόλαστήσας,
1715 4696 1808 4757 καὶ

219 4805 504 4875 πλανήσας
546 4803 669 4867 τοὺς
705 4803 795 4855 ὑπ’
836 4798 999 4853 αὑτοῦ
1034 4796 1502 4866 πεπλανημένους.
1540 4791 1810 4866 Παρελεύ-

221 4913 392 4968 σομαι
432 4895 488 4948 δὲ
541 4894 633 4947 καὶ⁹
674 4893 898 4962 ταύτην,
923 4889 1055 4944 ὡσεὶ
1101 4888 1343 4960 μέμυκος
1375 4888 1396 4919 ³
1426 4887 1519 4941 καὶ
1557 4902 1812 4956 πεμφρη-

219 4989 372 5051 δόνος
410 4986 523 5058 (61)
567 4985 674 5040 τῶν
719 4984 1042 5038 ὀδυνοποιῶν
1088 4984 1154 5035 ἐκ
1207 4980 1468 5033 πετεινῶν
1525 4976 1810 5031 κνωδάλων

1911 4425 2272 4502 praedicaret?
2305 4427 2366 4482 Si
2395 4426 2569 4497 Moysi
2607 4425 2906 4490 crederetis,
2939 4424 3221 4480 crederetis
3254 4423 3486 4491 forsitan

1911 4533 1959 4578 et
1993 4523 2159 4577 mihi:
2190 4520 2254 4574 de
2281 4537 2361 4574 me
2384 4520 2524 4574 enim
2571 4519 2661 4572 ille
2704 4518 2985 4588 scripsit“.
3034 4515 3198 4571 Plura
3233 4515 3485 4584 equidem

1913 4615 1980 4671 de
2006 4613 2280 4684 ejusmodi
2311 4610 2642 4668 testimoniis
2667 4609 2724 4664 in
2750 4609 2986 4665 medium
3019 4607 3214 4663 aﬂ'erre
3243 4618 3489 4677 possem,

1913 4707 2112 4778 quibus
2160 4703 2518 4761 accumulatis
2549 4701 2792 4757 scholam
2825 4701 2915 4755 ille
2948 4700 3053 4756 sibi
3082 4697 3358 4762 conﬂavit,
3391 4697 3488 4768 qui

1915 4797 2119 4853 infelici
2176 4795 2418 4867 quodam
2471 4794 2583 4848 fato
2632 4808 2976 4848 communem
3026 4791 3094 4844 ad
3135 4791 3283 4846 orbis
3312 4789 3491 4860 perni-

1915 4887 2052 4941 ciem
2084 4885 2338 4950 eiiioruit,
2393 4901 2456 4941 ac
2484 4891 2783 4940 sectatores
2827 4897 2958 4937 suos
3000 4881 3052 4935 in
3093 4881 3339 4936 fraudem
3381 4879 3489 4932 im-

1918 4979 2074 5049 pulit.
2129 4978 2235 5033 Sed
2268 4979 2409 5033 Iianc
2453 4994 2556 5049 ego
2598 4991 2817 5047 quoque
2859 4975 3293 5045 praetermittam,
3344 4982 3490 5042 post-

298 5127 314 5157 ι
343 5122 406 5180 F.
442 5123 498 5193 ἦ.
574 5122 596 5152 ¹
623 5119 757 5176 Cum
781 5118 1203 5190 interrogatione
1227 5117 1329 5188 leg.
1365 5116 1720 5188 ἀμφοτέρως
1792 5135 1793 5141 ‘

1901 5157 1912 5170 .
1944 5117 2253 5186 μύρμηκος.
2332 5114 2354 5145 ⁸
2380 5112 2483 5171 lsa.
2522 5131 2617 5182 LII,
2645 5113 2697 5167 6.
2775 5113 2795 5144 ⁸
2822 5109 2974 5166 Joan.
3008 5125 3061 5173 v,
3097 5109 3186 5164 46.

297 5239 412 5307 (61)
459 5236 620 5292 Ὠσεὶ
661 5236 968 5307 μέμυκος,
1010 5233 1107 5307 καὶ
1154 5231 1592 5307 πεμφρηδόνος.
1652 5229 1793 5307 Quod

1917 5229 2052 5286 Vide
2081 5229 2443 5307 Scholiasten.
2475 5226 2579 5307 Qui
2613 5223 3205 5307 ﬁtpﬁuxaozpqx'ostat;
3237 5223 3490 5307 quiddam

225 5293 425 5367 insecti
455 5323 632 5378 genus
661 5293 752 5360 ἐἱί
793 5293 971 5378 μέ-μυξ
1006 5293 1242 5378 viderint
1273 5293 1504 5357 'e'ru'diti.
1548 5293 1793 5378 Suspicui

1915 5301 2218 5378 essedici},
2249 5299 2416 5378 μέλαν
2447 5298 2586 5378 κατὰ
2614 5293 2714 5378 τὴν
2741 5297 2952 5378 χροιὰν,
2981 5293 3190 5374 κέντρῳ
3215 5293 3494 5378 χρώμενον

225 5364 352 5459 ίᾷέξ·
371 5364 648 5459 βέιῖξυκὶος
680 5393 694 5406 ·
729 5364 894 5459 ηιὶοιῖΔ
915 5364 1239 5459 vocabulum
1255 5389 1389 5459 cum
1415 5364 1793 5443 pemplu'edom

1915 5373 1990 5459 ως
2013 5373 2062 5424 οἱ
2091 5364 2316 5440 σφῆκες.
2349 5367 2460 5459 ᾗ.εά
2486 5375 2553 5459 De}
2580 5364 2680 5459 gelv
2724 5364 3052 5459 τενθρηνηηῖ
3105 5364 3237 5459 ειγὲ
3257 5364 3495 5459 τενθρη-

225 5443 522 5520 εοῖῄιηιᾲίι
555 5443 826 5502 Nicander
860 5443 1104 5511 Alexiph.
1133 5461 1186 5508 v,
1220 5445 1369 5498 185':

230 5609 628 5684 Πεμφρηδὼν,
661 5571 894 5676 σφῆκές
933 5621 994 5658 τε
1037 5533 1576 5670 καὶῃῗλὶιὲέῑῗέῦκες
1614 5603 1814 5669 aputu.

1915 5442 2109 5566 f36v;7a
2139 5435 2435 5496 nonnullis
2485 5435 2732 5511 βέμϐυκα
2777 5435 2987 5494 vocari.
3009 5435 3133 5492 llaec
3184 5435 3490 5505 Stephanus

1920 5528 1972 5566 In
2058 5525 2284 5566 wsuuro.

1920 5528 1972 5567 In
2004 5525 2284 5566 Thesauro.
