4078 6074
530 243 631 308 695

1941 249 1999 306 S.
2032 250 2390 316 EPIPHANIL‘

3677 257 3781 318 606

529 379 693 433 quam
738 377 858 418 eam
907 364 1169 433 memycis
1219 365 1529 434 cujusdam,
1569 381 1634 420 ac
1674 366 2100 438 pemphredonis

2212 372 2540 445 5ρμωμένων
2589 372 2694 427 ὑπὸ
2739 373 2870 444 μίαν
2903 373 3059 446 θῆξιν
3086 373 3531 430 ὲκπετασθέντων
3565 378 3666 450 τὴν
3695 378 3787 436 ἀνι

529 452 702 524 (quod
758 467 934 521 vespa:
976 469 1149 523 genus
1190 456 1293 524 est)
1344 457 1538 523 instar,
1578 474 1699 529 quae
1727 464 1782 513 et
1806 457 1919 514 ictu
1949 461 2105 516 dolo-

531 560 644 598 rem
670 544 944 597 incutiunt
963 584 978 610 ,
1003 552 1056 599 et
1075 559 1141 600 ex
1165 558 1524 615 pennatormn
1552 550 1884 608 insectorum
1907 566 2105 622 genere

532 642 682 698 sunt,
727 648 836 687 uno
868 643 1126 689 contactu
1155 637 1471 709 obtrituque
1501 641 1805 714 proﬂigavi,
1839 643 2103 700 efficacis-

531 725 667 778 sima
697 723 790 778 Dei
823 724 926 780 (ide
956 740 1018 780 ac
1053 727 1279 782 salutari
1310 729 1528 785 Domini
1567 736 1740 790 nostri
1778 734 1908 791 Jesu
1953 735 2106 790 Chri-

531 818 599 871 sti
653 815 903 871 doctrina
955 817 1244 887 subnixus,
1299 822 1392 892 qui
1434 823 1612 882 dixit:
1659 825 1836 881 Videte
1873 844 1936 881 ne
1964 826 2103 881 deci-

531 908 753 974 piamini
798 907 839 962 ¹.
893 907 1057 962 Multi
1117 911 1254 963 enim
1319 914 1521 968 venient
1578 916 2036 986 pscudoprophetw
2057 920 2100 969 ³.

531 997 778 1068 Cumque
808 1006 860 1054 et
888 999 1183 1070 Apostolus
1226 1001 1293 1058 de
1336 1004 1529 1059 iisdem
1572 1008 1849 1064 ementitis
1876 1008 2104 1064 christis

531 1102 596 1142 ac
627 1089 925 1160 magistris,
980 1091 1246 1163 falsisque
1278 1092 1543 1150 fratribus
1573 1095 1790 1154 locutus
1823 1098 2100 1154 cautiores

532 1194 634 1235 nos
665 1179 986 1246 reddiderit,
1025 1183 1091 1236 ad
1118 1183 1380 1253 reliquas,
1413 1193 1575 1254 prout
1602 1187 1797 1243 ordine
1826 1203 1948 1244 sese
1975 1187 2106 1244 οπε-

532 1278 682 1334 rnnt,
714 1271 1096 1328 transferenda
1127 1273 1287 1328 nobis
1313 1282 1399 1330 est
1421 1277 1618 1331 oratio.
2003 1268 2014 1279 ’

803 1403 1248 1475 302CONTRA
1295 1405 1826 1476 MARCIONISTAS,

743 1517 876 1582 Quae
932 1527 1008 1572 est
1069 1517 1284 1573 hwresis
1348 1518 1526 1573 XXII
1574 1521 1653 1576 vel
1703 1521 1889 1577 XLII.

604 1625 645 1679 1.
688 1625 953 1693 Marcion,
1001 1643 1032 1682 a
1062 1644 1171 1700 quo
1217 1628 1584 1686 Marcionistaa
1638 1632 1906 1687 nominati
1954 1641 2104 1697 sunt,

2203 463 2410 518 ἅλωσιν
2437 464 2801 536 ποιησάμενος
2826 465 2916 518 διὰ
2955 465 3057 535 τῆς
3093 464 3186 518 τοῦ
3225 463 3361 519 Θεοῦ
3390 467 3786 540 ἑνεργεστάτης

2205 555 2439 619 πίστεώς
2465 573 2524 610 τε
2559 558 2654 611 καὶ
2683 557 3056 628 σωτηριὼδους
3079 557 3427 623 διδασκαλίας
3454 559 3547 613 τοῦ
3577 563 3784 632 Κυρίου

2204 647 2363 717 ἡμῶν
2400 646 2574 717 Ἰησοῦ
2635 646 2905 718 Χριστοῦ,
2953 647 3046 700 τοῦ
3088 649 3366 713 εἰπόντος’
3402 650 3664 705 Βλέπετε
3695 651 3782 722 μὴ

2205 737 2573 806 πλανηθῆτε.
2617 739 2842 792 Πολλοὶ
2897 738 3006 808 γὰρ
3055 738 3408 795 ἐλεύσονται
3451 742 3785 812 ψευδοπρο-

2205 830 2402 900 φῆται.
2437 831 2547 884 Καὶ
2576 829 2673 884 τοῦ
2716 830 3035 884 Ἀποστόλου
3069 833 3198 902 περὶ
3237 832 3345 885 τῶν
3377 834 3555 887 αὐτῶν
3591 834 3783 905 ψευδοο

2204 922 2459 994 χρίστων,
2484 923 2576 975 καὶ
2599 919 3114 991 ψευδοδιδασκάλων,
3145 921 3240 976 καὶ
3266 923 3644 992 ψευδαδέλφων
3677 926 3782 995 φή-

2208 1029 2419 1078 σαντος,
2446 1012 2539 1065 καὶ
2561 1013 2710 1083 ἡμᾶς
2727 1012 3189 1083 ἀσφαλισαμένου,
3220 1013 3312 1066 ἐπὶ
3339 1013 3438 1076 τάς
3467 1014 3614 1084 ἑξῆς,
3643 1013 3784 1069 κατά

2205 1103 2303 1175 τὴν
2337 1102 2658 1157 ἀκολουθίαν
2688 1102 3089 1173 προϐαινόντων
3122 1104 3229 1158 τῶν
3263 1103 3454 1170 ἄλλων,
3488 1105 3785 1176 ποιήσομαι

2204 1193 2302 1263 τὴν
2330 1194 2621 1265 ὑφήγησιν.

2614 1418 2802 1470 ΚΑΤΑ
2837 1419 3381 1484 ΜΑΡΚΙΩΝΙΣΤΩΝ,

2205 1530 2465 1598 Ει-κοστὴ
2501 1530 2772 1600 δευτέρα,
2807 1533 2846 1601 ἠ
2885 1533 2985 1586 καὶ
3023 1532 3482 1602 τεσσαρακοστὴ
3515 1533 3784 1603 δευτέρα.

2280 1641 2359 1694 Α’.
2393 1639 2678 1712 Μαρκίων,
2718 1640 2810 1709 ἀφ’
2840 1636 3011 1713 οὗπερ
3035 1642 3468 1713 Μαρκιωνισταὶ,
3498 1645 3563 1696 ἐκ
3598 1643 3788 1698 τούτου

534 1733 564 1771 a
589 1719 834 1773 Cerdone
861 1720 952 1774 illo
975 1721 1100 1774 novi
1130 1720 1405 1790 dogmatis
1436 1723 1784 1778 occasionem
1814 1725 2105 1794 arripiens,

2212 1729 2302 1784 τοῦ
2335 1731 2732 1803 προειρημένου
2773 1732 3052 1804 Κέρδωνος
3083 1734 3180 1804 τὴν
3213 1734 3486 1804 πρόφασιν
3528 1732 3787 1804 εἰληφὼς,

538 1809 730 1878 ingens
763 1815 817 1862 et
841 1808 958 1877 ipse
984 1808 1209 1862 coluber
1238 1807 1295 1861 in
1327 1809 1514 1864 orbem
1549 1817 1822 1866 terrarum
1861 1813 2108 1868 invectus

536 1904 640 1949 est.
706 1895 808 1961 Qui
839 1895 1052 1950 inﬁnita
1083 1896 1367 1952 hominum
1399 1899 1750 1957 multitudine
1790 1903 1956 1958 variis
1985 1903 2112 1956 arti-

536 1986 638 2041 bus
673 1986 741 2040 ad
791 1986 894 2040 hoc
943 2001 1119 2056 usque
1173 1996 1390 2058 tempus
1439 1989 1623 2058 illusa,
1673 1993 1859 2048 ludum
1903 1995 2110 2049 erroris

535 2078 769 2146 aperuit.
801 2077 982 2148 Atque
1012 2079 1126 2134 haec
1159 2080 1387 2138 haeresis
1413 2083 1575 2141 hodie
1597 2101 1706 2140 non
1735 2085 1898 2141 modo
1923 2085 2110 2144 Romae

535 2176 589 2222 et
621 2169 676 2222 in
706 2167 857 2223 Italia
902 2172 1198 2242 reperitur,
1247 2175 1344 2230 sed
1374 2183 1429 2231 et
1455 2175 1750 2248 Egyptum
1781 2194 1845 2234 ac
1872 2178 2111 2236 Palasti-

534 2275 682 2325 nam,
725 2277 826 2318 nec
871 2279 980 2318 non
1046 2265 1300 2322 Arabiam
1353 2284 1419 2325 ac
1465 2269 1704 2342 Syriam,
1766 2274 2005 2345 Cyprum
2045 2291 2110 2332 ac

532 2350 890 2420 Thebaidem,
933 2355 1046 2409 imo
1085 2358 1249 2413 etiam
1281 2358 1586 2428 Persidem,
1639 2365 1884 2436 aliasque
1926 2370 2108 2438 regio-

532 2458 631 2500 nes
684 2445 843 2515 longe
893 2455 980 2502 est
1011 2449 1230 2521 lateque
1271 2464 1579 2525 pervagata.
1631 2457 1843 2524 Quibus
1885 2462 1940 2516 in
1973 2463 2109 2518 locis

532 2534 828 2604 plurimum
871 2539 1248 2608 nequissimus
1294 2545 1506 2604 daemon
1543 2550 1840 2608 calliditate
1895 2567 1994 2608 sua
2047 2569 2110 2609 ac

531 2626 907 2684 fraudulentia
939 2632 1194 2700 profecit.
1346 2632 1354 2638 ’

603 2735 726 2793 Fuit
755 2739 860 2796 iste
895 2756 1091 2812 genere
1116 2741 1398 2811 Ponticus,
1449 2765 1512 2806 ex
1546 2767 1609 2806 ea
1652 2762 1805 2824 parte
1843 2771 1964 2827 qua:
2008 2756 2112 2814 lle-

536 2830 861 2899 len0pontus
896 2832 1120 2897 dicitur,
1154 2839 1356 2907 oppido
1396 2839 1618 2911 Sinope,
1651 2847 2109 2913 quemadmodum

535 2918 807 2990 frequenti
860 2923 928 2978 de
966 2939 1032 2979 eo
1076 2925 1218 2981 fama
1261 2931 1595 3000 percrebuit.
1648 2933 1754 3001 Qui
1800 2937 1957 2994 initio
1986 2941 2112 2996 vitae

533 3012 742 3068 scilicet
781 3016 1086 3072 castitatem
1137 3034 1248 3089 prae
1279 3036 1338 3076 se
1372 3020 1556 3081 ferens
1600 3029 1998 3086 monachorum
2034 3032 2112 3086 in.

2214 1823 2308 1876 καὶ
2336 1823 2498 1887 αὐτὸς
2527 1824 2701 1894 μέγας
2728 1824 2851 1895 ὄφις
2879 1824 3118 1896 προῆλθε
3145 1826 3223 1895 τῷ
3251 1825 3370 1896 βίῳ.
3403 1826 3545 1881 Πολὺ
3572 1827 3628 1880 δὲ
3653 1826 3788 1897 πλῆ·

2212 1912 2302 1975 θος
2341 1913 2685 1985 ἐξαπατήσας
2730 1915 2810 1968 ἔτι
2857 1918 2937 1979 εἰς
2973 1915 3131 1987 δεῦρο
3171 1920 3251 1979 εἰς
3291 1916 3517 1980 πολλοὺς
3555 1917 3790 1986 τρόπους

2212 2004 2584 2073 προεστήσατο
2612 2003 2998 2059 διδασκαλεῖον.
3033 2006 3096 2058 Ἡ
3120 2005 3176 2058 δὲ
3204 2006 3413 2077 αἵρεσις
3441 2005 3519 2059 ἔτι
3548 2006 3642 2058 καὶ
3669 2005 3787 2069 νῦν,

2212 2093 2269 2147 ἔν
2292 2111 2351 2146 τε
2391 2093 2576 2166 Ῥώμῃ
2617 2095 2808 2149 καῖ’ὲν
2847 2099 2913 2167 τῇ
2957 2097 3175 2167 Ἰταλίᾳ,
3200 2097 3258 2151 ὲν
3290 2096 3548 2168 Αἰγύπτῳ
3582 2114 3640 2150 τε
3695 2096 3792 2151 καὶ

2212 2186 2270 2236 ὲν
2299 2184 2647 2257 Παλαιστίνῃ,
2695 2187 2754 2238 ὲν
2796 2186 3023 2258 Ἀραϐίᾳ
3058 2204 3117 2239 τε
3157 2187 3252 2240 καὶ
3303 2188 3361 2240 ὲν
3402 2190 3469 2258 τῇ
3509 2188 3698 2259 Συρίᾳ,
3730 2189 3792 2242 ὲν

2211 2276 2423 2348 Κύπρῳ
2452 2293 2513 2329 τε
2549 2277 2644 2330 καὶ
2672 2276 2917 2348 Θηϐαΐδι,
2947 2278 3008 2330 οὐ
3041 2279 3146 2350 μὴν
3177 2279 3311 2333 ἀλλὰ
3341 2281 3434 2334 καὶ
3475 2283 3532 2333 ὲν
3568 2283 3633 2351 τῇ
3661 2282 3794 2351 Περ-

2214 2367 2337 2432 σίδι,
2365 2369 2459 2421 καὶ⁵
2487 2370 2545 2421 ὲν
2575 2367 2754 2431 ἄλλοις
2793 2368 2980 2433 τόποις
3005 2358 3338 2441 εὑρίσκεται.
3384 2371 3652 2440 Μεγάλως
3681 2371 3792 2443 γὰρ

2213 2462 2242 2511 ὁ
2273 2460 2506 2530 τωνηρὺς
2537 2460 2594 2512 ἐν
2627 2460 2817 2524 αὑταῖς
2850 2460 3142 2531 κατίσχυσε
3176 2462 3274 2534 τὴν
3304 2463 3540 2536 ἀπάτην.

2283 2739 2450 2810 Οὗτος
2496 2746 2557 2799 τὸ
2607 2746 2761 2814 γένος
2809 2745 2922 2818 (62)
2965 2745 3226 2809 Ποντικὸς
3279 2745 3540 2816 ὑπῆρχεν,
3584 2744 3793 2800 Ἕλενο-

2214 2837 2410 2891 πόντου
2442 2837 2499 2890 δέ
2527 2854 2692 2908 φημι,
2723 2837 2968 2908 Σινώπης
3003 2837 3059 2891 δὲ
3099 2837 3326 2901 πόλεως,
3353 2837 3426 2899 ὡς
3453 2836 3627 2900 πολὺς
3669 2837 3798 2907 περὶ

2214 2929 2378 2984 αὑτοῦ
2408 2931 2592 3002 ᾄδεται
2622 2929 2797 2998 λόγος.
2826 2931 2928 2983 Τὸν
2971 2929 3028 2982 δὲ
3071 2928 3285 3001 πρῶτον
3317 2927 3477 2982 αὑτοῦ
3505 2928 3622 2999 βίον
3650 2945 3787 2999 παρα

2214 3023 2393 3078 θενίαν
2419 3023 2579 3093 δῆθεν
2623 3023 2781 3094 ἤσκει
2801 3038 2814 3051 ·
2852 3022 3094 3092 μονάζων
3127 3021 3248 3094 ,γὰρ
3289 3021 3522 3092 ὑπῆρχε,
3552 3021 3650 3074 καὶ
3682 3019 3798 3083 υίὸς

537 3103 722 3157 stituta
746 3103 1028 3174 professus
1054 3117 1158 3175 est,
1192 3121 1421 3180 parente
1442 3122 1605 3173 natus
1640 3120 1926 3178 catholica:
1961 3138 2107 3178 com-

2214 3090 2513 3170 ἐπισκόπου
2709 3090 2982 3182 ἡμετέρας
3035 3111 3194 3180 ἁγίας
3219 3090 3528 3183 *καθολικῆς
3562 3111 3798 3180 Ἐκκλη-

537 3196 816 3252 :nunionis
866 3200 1149 3272 episcopo.
1201 3201 1400 3262 Postea
1448 3222 1574 3263 cum
1628 3211 1894 3284 virginem
1925 3232 2112 3286 quam-

533 3287 658 3340 dam
711 3287 1046 3356 adamassct,
1084 3307 1148 3348 ac
1201 3293 1487 3352 fraudibus
1532 3301 1865 3368 pellexisset,
1911 3306 1980 3360 ab
2017 3323 2113 3376 spe

532 3376 660 3432 vitae
699 3379 943 3436 caelestis
980 3383 1129 3436 illam
1155 3383 1314 3452 juxta
1367 3401 1432 3440 ac
1475 3390 1835 3456 semetipsum
1881 3393 2102 3463 dejecit.

535 3466 616 3524 0b
648 3471 794 3525 hunc
831 3473 1000 3541 igitur
1029 3474 1298 3530 incestum
1332 3474 1578 3533 Ecclesia
1617 3482 1686 3536 ab
1728 3483 1848 3552 ipso
1887 3495 2113 3554 parente

539 3561 728 3626 pulsus
769 3571 852 3617 est
874 3606 888 3628 ,
945 3565 1064 3618 viro
1098 3567 1416 3636 comprimis
1455 3569 1738 3640 religioso,
1771 3589 1835 3630 ac
1866 3577 2111 3635 veritatis

536 3663 726 3705 amore
760 3649 1212 3723 ﬂagrantissimo,
1252 3670 1304 3711 et
1334 3656 1390 3710 in
1426 3657 1530 3714 hac
1564 3663 1891 3736 episcopalis
1925 3684 2113 3725 mune-

538 3740 612 3793 ris
643 3739 1122 3798 administratione
1155 3749 1460 3815 praastanti.
1492 3749 1589 3804 Cui
1630 3768 1755 3808 cum
1788 3754 1989 3812 Marcio
2017 3758 2110 3813 diu

535 3829 879 3902 multumque
913 3835 1308 3904 supplicasset,
1361 3853 1426 3892 ac
1480 3842 1861 3909 paenitentiam
1919 3857 2110 3917 postu-

535 3922 741 3988 lasset,
810 3923 953 3980 hanc
1006 3940 1036 3979 a
1089 3935 1243 3996 patre
1315 3929 1573 3999 precibus
1626 3920 1792 3991 nullis
1850 3937 2105 3995 obtinuit.

535 4011 924 4071 Vehementem
961 4018 1231 4088 siquidem
1277 4037 1344 4076 ex
1381 4037 1445 4077 ea
1485 4039 1544 4077 re
1584 4024 1828 4080 dolorem
1869 4029 2110 4098 optimus

534 4120 702 4162 senex
749 4117 804 4163 et
847 4110 1142 4180 episcopus
1186 4123 1449 4180 coeperat,
1481 4115 1628 4184 quod
1666 4132 1776 4170 non
1807 4117 1898 4172 illc
1929 4121 2107 4175 solum

533 4198 866 4263 excidisset,
931 4199 1026 4256 sed
1079 4208 1134 4255 et
1187 4201 1544 4272 ignominiam
1597 4205 1701 4260 sibi
1755 4221 1820 4260 ac
1872 4206 2109 4265 dedecus

534 4288 912 4358 imposuisset.
969 4290 1110 4362 Ergo
1151 4294 1244 4348 ubi
1294 4310 1354 4350 se
1385 4295 1552 4352 nullis
1591 4297 1809 4353 artibus
1839 4299 2108 4356 eblandiri

534 4393 698 4444 posse
775 4379 922 4448 quod
983 4393 1207 4450 cuperet
1271 4386 1700 4451 animadvertit,
1757 4389 2105 4459 popularium

534 4484 756 4524 suorum
790 4472 986 4539 probra
1023 4487 1086 4526 ac
1117 4475 1350 4530 ludibria
1387 4493 1497 4531 non
1534 4479 1836 4543 sustinens,
1869 4479 2008 4535 clam
2040 4482 2109 4536 ab

534 4559 734 4628 oppido
757 4561 1002 4622 secessit,
1036 4577 1100 4616 ac
1126 4561 1353 4617 Romam
1405 4575 1530 4635 post
1573 4567 1768 4639 Hygini
1803 4585 1955 4638 papae
2001 4570 2111 4625 obi-

535 4659 648 4702 tum
701 4665 824 4705 sese
857 4651 1113 4715 contulit,
1149 4653 1297 4720 quia
1328 4653 1489 4709 Petro
1527 4655 1808 4725 Pauloque
1844 4658 2110 4726 apostolis

534 4753 715 4793 nonus
753 4737 1011 4796 Ecclesiae
1063 4741 1370 4810 praefuerat.
1419 4745 1494 4800 Eo
1541 4747 1726 4801 statim
1760 4762 1824 4802 ac
1864 4748 2108 4805 Marcion

535 4830 782 4896 pervenit
835 4829 903 4883 ad
955 4833 1202 4888 seniores
1251 4834 1462 4900 adiens,
1507 4835 1602 4906 qui
1635 4837 1704 4891 ab
1734 4838 2106 4906 apostolorum

427 4959 434 4970 .
533 4921 819 4990 discipulis
859 4923 1036 4978 edocti
1083 4924 1263 4980 adhuc
1304 4937 1646 4996 supererant,
1684 4935 1742 4981 ut
1775 4928 1832 4981 in
1862 4944 2108 4984 commu-

542 5011 760 5067 nionem
808 5011 1186 5070 admitteretur
1226 5017 1294 5071 ab
1335 5016 1406 5072 iis
1450 5017 1654 5073 frustra
1692 5019 1866 5088 petiit.
1900 5019 2105 5086 Quam-

532 5103 719 5159 obrem
749 5106 1132 5185 exstimulatus
1163 5108 1401 5178 invidia,
1452 5110 1601 5180 quod
1640 5126 1751 5168 non
1803 5112 2106 5184 principem

607 5257 623 5288 ³
654 5257 786 5314 Luc.
823 5276 936 5326 xxI,
964 5263 1017 5318 8.
1093 5267 1113 5296 ²
1143 5263 1308 5319 Marc.
1341 5282 1458 5332 xm,
1485 5265 1576 5322 22.

609 5433 718 5503 (62)
757 5431 1044 5516 Οὗτοςτὸ
1075 5439 1269 5516 γεῖος.
1308 5442 1566 5516 Ponticus
1597 5462 1792 5516 genere
1839 5445 1938 5516 fuit
1972 5448 2107 5500 Mar-

535 5504 700 5557 Ciutl:
759 5523 919 5574 quem
954 5504 1092 5563 ideo'
1117 5504 1374 5566 Ποντικὸν
1427 5504 1788 5570 λύκονυνοοιιι
1842 5515 2108 5572 Eusebius

539 5574 573 5626 1.
610 5592 644 5654 ,ν
676 5574 842 5654 lliqu
894 5591 941 5630 ρ.
984 5580 1057 5654 ίξ⁵
1097 5580 1199 5654 hoc
1253 5593 1342 5654 est
1386 5583 1662 5638 Ponticum
1723 5588 1922 5654 lupum.
1971 5586 2107 5641 Male

538 5648 675 5704 enim
709 5647 982 5720 interpres
1015 5647 1293 5706 Ponticum
1327 5653 1518 5723 lycum.
1552 5647 1788 5728 Scripsit
1813 5665 1991 5714 autem
2020 5656 2106 5711 ad-

2216 3206 2354 3269 σίας.
2403 3204 2610 3277 Χρόνου
2657 3203 2713 3256 δὲ
2757 3204 3034 3275 προϊόντος
3078 3204 3503 3277 προσφθείρεται
3543 3204 3804 3276 παρθένῳ

2212 3298 2340 3364 τινὶ,
2377 3297 2470 3350 καὶ
2497 3296 2846 3367 ἐξαπατήσας
2875 3296 2975 3368 τὴν
3011 3296 3299 3367 παρθένον,
3330 3297 3438 3351 ἀπὸ
3463 3296 3562 3367 τῆς
3584 3296 3803 3360 ἐλπίδος

2215 3390 2386 3460 αὑτήν
2428 3405 2488 3441 τε
2531 3389 2625 3441 καὶ
2671 3389 2859 3442 ἑαυτὸν
2910 3387 3254 3441 κατέσπασεο
3311 3389 3407 3468 καὶ
3443 3389 3541 3460 τὴν
3591 3387 3800 3459 φθορὰν

2213 3477 2701 3548 ἀπεργασάμενος,
2751 3475 2996 3540 ὲξεοῦται
3037 3477 3136 3548 τῆς
3177 3476 3502 3548 Ἐκκλησίας
3551 3477 3658 3557 ὑπὸ
3702 3475 3801 3530 τοῦ

2216 3570 2346 3623 ίδίου
2378 3569 2604 3640 πατρός.
2643 3563 2752 3621 Ἦν
2785 3569 2894 3638 γάρ
2931 3568 3094 3622 αὐτοῦ
3125 3571 3154 3622 ὁ
3181 3568 3365 3640 πατὴρ
3395 3569 3463 3622 δι’
3490 3568 3802 3639 ὑπερϐολὴν

2213 3657 2499 3721 εὐλαϐείας
2528 3659 2636 3711 τῶν
2667 3657 2958 3727 διαφανῶν,
3009 3659 3104 3712 καὶ
3151 3658 3357 3730 σφόδρα
3399 3659 3499 3728 τῆς
3539 3659 3800 3730 ἀληθείας

2212 3737 2640 3815 ἐπιμελομένων,
2664 3743 2976 3814 διαπρέπων
3015 3746 3074 3797 ὲν
3109 3747 3175 3816 τῇ
3220 3744 3322 3813 τῆς
3361 3745 3669 3816 ἐπισκοπῆς
3693 3746 3804 3799 λει-

2211 3833 2459 3906 τουργίᾳ.
2491 3834 2668 3888 Πολλά
2697 3835 2854 3905 δῆθεν
2883 3837 2912 3889 ὁ
2947 3834 3217 3907 Μαρκίων
3258 3836 3674 3901 καθικετεύσας,
3707 3839 3804 3892 καὶ

2212 3930 2444 3999 αἰτήσας
2478 3928 2786 3999 μετάνοιαν,
2817 3928 2917 3982 οὐκ
2963 3927 3154 4000 εἴληφε
3199 3930 3350 3999 παρὰ
3381 3930 3485 3990 ,τοῦ
3529 3931 3661 3984 ἰδίου
3696 3950 3802 3986 πα-

2213 4019 2358 4091 τρός.
2413 4019 2582 4083 Πόνος
2629 4019 2738 4092 γὰρ
2783 4015 2895 4090 εἶχε
2949 4019 3042 4073 τὸν
3082 4020 3358 4090 ἀξιόλογον
3412 4022 3646 4094 γέροντα
3705 4025 3803 4078 καὶ

2213 4111 2528 4175 ἐπίσκοπον,
2563 4112 2642 4164 ὅτι
2688 4112 2749 4163 ού
2799 4111 2958 4182 μόνον
3004 4111 3258 4178 ἐξέπεσεν
3302 4113 3528 4180 ἐκεῖνος,
3559 4113 3678 4168 ἀλλ’
3716 4117 3800 4170 ὅτι

2214 4201 2308 4254 καὶ
2355 4199 2502 4269 αὑτῷ
2533 4200 2595 4252 τὸ
2643 4196 2828 4270 αἶσχος
2879 4200 3092 4271 ἔφερεν.
3137 4201 3225 4264 Ὠς
3269 4203 3448 4256 τοίνυν
3489 4205 3594 4258 οὐκ
3639 4206 3800 4277 ἔτυχε

2212 4293 2339 4362 παρ’
2367 4289 2532 4343 αὐτοῦ
2580 4289 2664 4343 διὰ
2700 4291 2798 4360 τῆς
2846 4291 3136 4355 κολακείας
3165 4286 3240 4346 ὧν
3275 4293 3471 4360 ἐδέετο,
3505 4295 3581 4366 μὴ
3616 4297 3801 4367 φέρων

2214 4383 2310 4454 τὴν
2336 4382 2443 4436 ἀπὸ
2482 4383 2591 4436 τῶν
2635 4383 2846 4436 πολλῶν
2879 4383 3096 4456 χλεύην,
3149 4385 3534 4457 ἀποδιδράσκει
3571 4390 3675 4460 τῆς
3705 4390 3803 4443 πό-

2215 4475 2351 4538 λεως
2379 4474 2480 4544 τῆς
2508 4475 2697 4546 αὐτῆς,
2725 4475 2819 4528 καὶ
2847 4477 3051 4530 ἄνεισιν
3091 4479 3171 4541 εἰς
3214 4478 3312 4550 τὴν
3351 4478 3569 4552 Ῥώμην
3604 4483 3800 4553 αὐτὴν,

2219 4565 2355 4635 μετὰ
2391 4564 2453 4617 τὸ
2492 4565 2810 4635 τελευτῆσαι
2847 4566 3058 4634 Ὑγίνον
3100 4569 3191 4622 τὸν
3224 4570 3518 4624 ἐπίσκοπον
3555 4571 3798 4643 Ῥώμης.

2217 4651 2384 4718 Οὗτος
2408 4656 2465 4708 δὲ
2497 4655 2682 4719 ἔνατος
2706 4651 2774 4726 ἦν
2804 4657 2911 4710 ἀπὸ
2937 4658 3143 4730 Πέτρου
3169 4662 3262 4715 καὶ
3291 4661 3503 4715 Παύλου
3530 4663 3641 4716 τῶν
3665 4665 3804 4717 ἀπο-

2219 4748 2447 4801 στόλων·
2476 4749 2569 4801 καὶ
2618 4752 2732 4813 τοῖς
2771 4750 2851 4803 ἐτι
2900 4753 3230 4823 πρεσϐύταις
3253 4754 3517 4826 περιοῦσι,
3561 4757 3659 4810 καὶ
3693 4757 3804 4810 ἀπὸ

2214 4839 2322 4893 τῶν
2373 4841 2629 4913 μαθητῶν
2684 4842 2792 4896 τῶν
2837 4845 3148 4899 ἀποστόλων
3197 4848 3542 4919 ὁρμωμένοις
3589 4849 3802 4920 συμϐα-

2215 4931 2340 4996 λὼν,
2393 4931 2508 5002 ᾔτει
2566 4933 2928 5003 συναχθῆναι,
2971 4936 3062 4989 καὶ
3104 4937 3279 5001 οὐδεὶς
3319 4939 3468 5010 αὐτῷ
3526 4941 3803 5012 συγκεχώ-

2217 5039 2383 5094 ρηκε·
2414 5024 2560 5094 ζήλῳ
2587 5024 2770 5079 λοιπὸν
2814 5027 3093 5098 ἐπαρθεὶς,
3133 5028 3208 5091 ὡς
3248 5031 3349 5082 ούκ
3395 5032 3662 5102 ἀπείληφε
3699 5035 3802 5102 τὴν

2219 5117 2508 5188 προεδρίαν
2539 5136 2596 5172 τε
2631 5118 2742 5190 (65)
2778 5121 2871 5174 καὶ
2903 5123 3000 5192 τὴν
3033 5123 3268 5180 εἴσδυσιν
3310 5125 3408 5196 τῆς
3448 5127 3796 5199 Ἐκκλησίας,

2215 5463 2408 5504 versus
2432 5449 2722 5504 nefandum
2769 5452 2912 5509 hunc
2966 5456 3278 5514 hmrcticnm
3319 5478 3349 5514 v
3385 5462 3550 5515 libros
3579 5461 3794 5518 Tertul.

2217 5518 2349 5604 Fide
2373 5536 2492 5589 qua:
2519 5521 2584 5576 de
2609 5522 2727 5593 ejus
2757 5533 2998 5596 tempore
3022 5529 3089 5582 ad
3121 5530 3249 5584 batr.
3276 5546 3417 5594 xui,
3447 5549 3500 5586 ιι.
3528 5532 3575 5597 l,’
3599 5535 3798 5604 dispu-

2214 5597 2418 5647 tamus.

2286 5661 2396 5734 (63)
2429 5663 2523 5728 Ὠς
2570 5665 2680 5717 οὐκ
2723 5666 3023 5739 ἀπείληφε
3056 5669 3171 5740 ripe
3196 5671 3512 5743 προεδρίαν
3541 5688 3623 5729 τε.
3649 5673 3794 5746 Προ-
