3932 6064
264 239 371 296 697

932 249 1302 308 ADVERSUS
1331 251 1669 314 HERESES
1708 256 1816 314 LIB

1959 261 2125 322 TOM.
2167 266 2255 324 lli.
2295 299 2365 310 —
2402 268 2678 326 HERES.
2719 270 2878 326 XLII.

3414 275 3520 332 698

261 361 472 412 ἐπινοεῖ
522 359 702 431 ἐαυτῷ
760 365 856 420 καὶ
902 371 1237 442 προσφεύγει
1278 375 1344 445 τῇ
1389 373 1483 429 τοῦ
1515 377 1825 434 ’ἀπατεῶνα

1950 383 2063 442 illic
2101 385 2304 453 locum,
2341 403 2405 442 ac
2440 405 2509 444 ne
2557 389 2811 445 Ecclesiae
2845 388 3065 460 quidem
3099 389 3304 444 aditum
3346 391 3520 462 impc-

261 449 548 522 Κέρδωνος
570 453 802 524 αἱρέσει.

328 623 405 681 B'.
445 629 555 682 Καὶ
593 628 840 702 ἄρχεται,
874 632 948 699 ὡς
983 636 1177 704 εἰπεῖν,
1209 637 1269 704 ἐξ
1315 640 1486 711 αὐτῆς
1527 641 1628 714 τῆς
1667 641 1844 716 ἀρχῆς

255 719 353 771 καὶ
389 719 467 782 ὡς
504 721 612 774 ἀπὸ
657 722 836 795 θυρῶν
867 724 978 779 τῶν
1019 723 1349 798 ζητημάτων
1387 731 1688 809 προτείνειν
1732 735 1843 796 τοῖς

253 811 378 864 κατ’
422 812 600 865 ἐκεῖνο
645 813 838 885 καιροῦ
881 818 1276 890 πρεσϐυτέροις
1318 821 1477 875 τοῦτο
1518 824 1580 876 τὸ
1623 822 1842 896 ζήτημα

250 900 454 971 λέγων’
489 904 692 958 Εἴπατέ
732 923 841 976 μοι,
880 907 933 960 τί
980 911 1096 962 ἐστι
1131 909 1222 978 τδ,
1261 915 1343 967 Οὐ
1375 913 1728 977 βάλλουσιν
1755 911 1840 969 οἷ-

248 1009 364 1046 νον
394 994 539 1048 νέον
579 997 669 1061 είς
710 997 942 1065 ἀσκοὺς
991 1002 1306 1068 παλαιοὺς,
1346 1003 1492 1058 οὐδὲ
1541 1005 1841 1075 ἐπίϐλημα

245 1091 479 1161 ῥάκους
512 1095 788 1164 ἀγνάφου
823 1095 920 1151 ἐπὶ
952 1100 1156 1167 ίματίῳ
1185 1099 1419 1166 παλαιῷ
1438 1117 1451 1130 '
1485 1104 1538 1156 εὶ
1569 1103 1636 1155 δὲ
1659 1103 1836 1172 μήγε,

246 1183 349 1237 καί
393 1183 462 1237 τὸ
505 1184 798 1254 πλήρωμα
842 1187 1016 1257 αἴρει,
1055 1191 1153 1243 καὶ
1193 1189 1270 1257 τῷ
1309 1191 1540 1258 παλαιῷ
1579 1194 1650 1246 οὐ
1689 1209 1840 1262 συμ-

243 1271 535 1339 φωνήσει.
575 1273 786 1336 Μεῖζον
819 1277 929 1346 γὰρ
960 1279 1276 1348 γενήσεται
1321 1282 1591 1351 axioma;
1629 1282 1730 1337 Καὶ
1760 1284 1835 1347 ὡς

241 1363 405 1418 τοῦτο
438 1365 678 1436 ἥκουσαν
723 1369 773 1420 οἱ
822 1370 1084 1433 ἐπιεικεῖς
1126 1372 1220 1425 καί
1261 1373 1517 1442 πανάγιοι
1545 1375 1644 1445 τῆς
1678 1376 1838 1444 ἁγίας

242 1455 340 1509 τοῦ
385 1455 521 1509 Θεοῦ
572 1457 899 1528 Ἐκκλησίας
941 1461 1302 1534 πρεσϐύτεροι
1360 1465 1454 1519 καὶ
1505 1465 1831 1532 διδάσκαλοι,

241 1545 336 1600 τὸν
370 1547 472 1616 τῆς
501 1547 822 1613 ἀκολουθίας
862 1551 958 1604 καὶ
989 1553 1252 1624 ἁρμονίας
1285 1555 1625 1621 ἀποδιδόντες
1653 1557 1831 1626 λόγον,

243 1638 337 1691 καὶ
367 1637 667 1712 φράζοντες
691 1640 838 1713 αὐτῷ
871 1642 1008 1713 μετὰ
1038 1647 1357 1712 ἐπιεικείας,
1385 1647 1588 1717 ἔλεγοψ
1610 1649 1829 1712 Τέκνον,

238 1727 402 1782 τοῦτό
443 1731 592 1786 ἐστιν
636 1733 797 1787 ἀσκοὶ
836 1734 1079 1800 παλαιοὶ,
1115 1739 1172 1790 αί
1213 1739 1324 1793 τῶν
1353 1740 1663 1807 Φαρισαίων
1695 1758 1832 1812 καρο
1864 1730 1905 1785 Β

241 1821 348 1874 ὃίαι
381 1823 476 1875 καὶ
513 1827 910 1896 γραμματέων,
947 1829 1334 1884 παλαιωθεῖσαι
1364 1833 1419 1884 ἐν
1447 1832 1828 1903 ἁμαρτήμασι,

239 1913 333 1965 καὶ
375 1914 448 1985 μὴ
492 1914 779 1986 δεξάμεναι
813 1919 874 1971 τὸ
905 1913 1169 1992 κήρυγμα
1202 1921 1297 1974 τοῦ
1329 1921 1694 1991 Εύαγγελίουο
1740 1925 1832 1977 καὶ

237 2004 298 2057 τὺ
333 2004 549 2074 ἱμάτιον
593 2007 654 2059 τὸ
705 2009 968 2076 παλαιὸν,
1022 2012 1100 2076 ὡς
1140 2013 1235 2066 καὶ
1271 2015 1300 2066 ό
1345 2013 1546 2078 Ἰούδας
1591 2015 1834 2069 παλαιω-

240 2094 354 2157 θεὶς
381 2097 442 2147 ἐν
471 2095 808 2170 φιλαργυρίᾳ
845 2099 944 2152 οὐκ
970 2099 1185 2165 ἐδέξατο
1214 2099 1307 2154 τοῦ
1330 2101 1520 2156 καινοῦ
1551 2103 1646 2155 καὶ
1675 2104 1828 2171 ἁγίου

239 2187 331 2240 καὶ
365 2188 688 2258 ἐπουρανίου
727 2191 1025 2263 μυστηρίου
1057 2195 1340 2263 κήρυγμα,
1372 2193 1434 2246 τὸ
1463 2193 1562 2263 τῆς
1596 2193 1826 2258 ἐλπίδος.

238 2277 431 2330 Καίτοι
459 2278 752 2347 συναφθεὶς
769 2283 884 2345 τοῖς
905 2282 1096 2336 ἕνδεκα
1125 2284 1463 2349 ἀποστόλοις,
1490 2285 1583 2338 καὶ
1611 2285 1831 2354 κληθεὶς

245 2367 329 2418 ὑπ’
371 2366 537 2420 αὐτοῦ
589 2369 684 2421 τοῦ
731 2371 976 2442 Κυρίου,
1023 2373 1408 2446 περισσότερον
1451 2375 1656 2446 κτίσμα
1703 2376 1828 2446 ἔσχε

236 2455 300 2509 δι’
325 2457 546 2525 ἑαυτοῦ,
579 2461 806 2531 μηδενὸς
851 2463 1001 2534 αύτῷ
1047 2465 1223 2518 αίτίου
1276 2467 1603 2537 γενομένου⁸
1637 2469 1825 2542 ἐπειδὴ

239 2550 266 2620 ἡ
298 2549 508 2604 διάνοια
541 2551 706 2605 αὑτοῦ
749 2554 810 2606 οὐ
847 2555 1252 2627 συμπεφώνηκε
1282 2559 1347 2628 τῇ
1384 2559 1495 2612 ἄνω
1527 2558 1702 2612 ἐλπίδι
1732 2561 1828 2613 καὶ

232 2641 542 2713 ἐπουρανίῳ
572 2643 764 2714 κλήσει
810 2645 919 2699 τῶν
951 2647 1252 2718 μελλόντων
1286 2648 1528 2717 ἀγαθῶν,
1563 2650 1684 2704 ἀντὶ
1719 2651 1826 2705 τῶν

233 2733 469 2786 ἐνταῦθα
497 2736 798 2806 χρημάτων
833 2755 892 2790 τε
939 2739 1033 2791 καὶ
1066 2740 1300 2810 κόμπου,
1328 2741 1422 2794 καὶ
1454 2739 1636 2811 φιλίας
1677 2761 1822 2815 παρο-

231 2823 539 2893 ερχομένης
564 2824 778 2889 ἐλπίδος
801 2843 861 2879 τε
892 2828 985 2881 καὶ
1011 2829 1224 2900 ἡδονῆς.

313 2913 375 2968 'U
413 2915 490 2981 δὲ,
527 2918 640 2987 Οὐχ
687 2917 880 2984 οὕτως,
929 2921 1114 2991 φησιν,
1147 2919 1283 2974 ἀλλά
1333 2922 1468 2978 ἀλλα
1515 2925 1631 2980 ἐστὶ
1672 2923 1825 2995 παρὰ

229 3007 426 3072 ταῦτα,
458 3009 758 3080 ἀντιλέγων
803 3012 832 3064 ὁ
880 3012 1177 3082 Μαρκίων·
1209 3014 1397 3086 ἐπειδὴ
1441 3016 1514 3088 μὴ
1551 3015 1823 3087 ἠθέλησαν

230 3097 396 3152 αὐτὸν
446 3098 701 3164 δέξασθαι
758 3100 928 3156 Τοῦτο
972 3098 1065 3157 οὖν
1111 3103 1361 3175 φανερῶς
1398 3106 1584 3168 αὐτοῖς
1628 3105 1817 3174 έλεγε·
1849 3078 1895 3140 c

229 3193 297 3248 Τί
325 3195 400 3268 μὴ
422 3195 723 3268 ἠθελήσατέ
758 3215 826 3268 με
855 3197 1244 3265 ὑποδέξασθαι;
1277 3199 1396 3251 Τῶν
1429 3199 1489 3252 δὲ
1530 3200 1820 3267 λεγόντων,

229 3285 315 3339 ὅτι
363 3287 438 3339 Uti
489 3287 764 3358 δυνάμεθα
818 3289 948 3342 ἄνευ
995 3289 1095 3360 τῆς
1139 3290 1445 3360 ἐπιτροπῆς
1499 3290 1591 3343 τοῦ
1640 3290 1821 3362 τιμίου

235 3379 446 3450 πατρός
486 3396 579 3432 σου
613 3379 770 3433 τοῦτο
804 3381 1046 3452 ποιῆσαι.
1085 3381 1200 3434 Μία
1237 3382 1347 3452 γάρ
1372 3384 1517 3435 ἐστιν
1556 3383 1588 3452 ἡ
1620 3381 1820 3446 πίστις.

235 3468 332 3521 καὶ
367 3467 466 3538 μία
496 3454 739 3539 ὁμόνοια,
770 3470 864 3523 καὶ
912 3471 968 3524 ού
1021 3470 1296 3542 δυνάμεθα
1319 3472 1713 3542 ἐναντιωθῆναι
1747 3473 1823 3545 τῷ

233 3559 384 3628 καλῷ
418 3559 836 3633 συλλειτουργῷ,
879 3563 1048 3635 πατρί⁸
1078 3562 1134 3616 δέ
1179 3563 1276 3634 σῷ.
1318 3563 1578 3634 Ζηλώσας
1617 3563 1821 3632 λοιπὸν,

232 3653 328 3706 καὶ
378 3652 459 3714 είς
513 3649 686 3721 μέγαν
735 3652 921 3724 ἀρθεὶς
960 3652 1133 3722 θυμὸν
1173 3653 1268 3706 καὶ
1313 3653 1711 3725 ὑπερηφανίαν,
1763 3653 1826 3707 τὸ

229 3738 438 3809 σχίσμα
489 3736 782 3809 ἐργάζεται
835 3740 864 3791 ὸ
914 3739 1188 3803 τοιοῦτος,
1238 3739 1418 3811 ἐαυτῷ
1465 3741 1564 3812 τὴν
1612 3742 1823 3814 αἵρεσιν

227 3830 704 3901 προστησάμενος,
727 3831 823 3885 κο.)⁸
850 3830 1038 3897 εἰπὼν,
1061 3832 1143 3884 ὅτι
1180 3830 1322 3900 Ἐγὼ
1359 3832 1528 3902 σχίσω
1557 3833 1656 3904 τὴν
1697 3834 1822 3886 Ἐκ-

228 3925 458 3996 κλησίαν
498 3923 678 3994 ὑμῶν,
714 3926 810 3978 κα)⁸
854 3924 1002 3995 βαλῶ
1057 3924 1260 3996 σχίσμα
1305 3926 1365 3978 ἐν
1419 3925 1555 3998 αὐτῇ
1602 3927 1683 3989 είς
1731 3926 1822 3982 τὸν

228 4014 424 4069 αἰῶνα.
465 4015 554 4077 Ὠς
589 4013 796 4086 τάληθῆ
849 4014 948 4086 μὲν
992 4014 1200 4094 σχίσμα
1248 4013 1441 4068 ἔϐαλεν
1490 4015 1552 4068 οὐ
1605 4015 1820 4086 μικρὸν,

227 4107 289 4159 ού
310 4105 410 4177 τὴν
447 4105 777 4177 Ἐκκλησίαν
805 4105 1017 4177 σχίσας,
1041 4106 1155 4160 ἀλλ’
1183 4107 1375 4161 ἑαυτὸν
1402 4106 1496 4160 καὶ
1522 4108 1648 4172 τοὺς
1674 4107 1822 4180 αὐτῷ

227 4197 575 4261 πεισθέντας.

297 4290 373 4342 I".
411 4288 612 4342 Ἐλαϐε
641 4288 698 4342 δὲ
735 4288 832 4361 τὴν
866 4289 1138 4361 πρόφασιν
1182 4291 1248 4344 ἐκ
1287 4289 1384 4344 τοῦ
1419 4291 1816 4364 προειρημένου

227 4378 528 4450 Κέρδωνος,
553 4380 750 4452 γόητος
773 4381 868 4433 καὶ
892 4379 1192 4451 ἀπατηλοῦ.
1237 4383 1348 4435 Καὶ
1386 4382 1548 4445 αὐτὸς
1584 4382 1680 4452 μὲν
1709 4384 1818 4454 γὰρ

223 4471 320 4526 δύο
344 4469 604 4540 κηρύττει
629 4471 823 4541 ἀρχάς.
855 4471 1118 4540 Προσθεὶς
1152 4472 1207 4524 δέ
1235 4473 1396 4526 πάλιν
1423 4473 1636 4544 ἐκείνῳ,
1674 4475 1818 4543 φημὶ

223 4560 304 4632 τῷ
342 4563 606 4632 Κέρδωνι,
635 4563 820 4634 ἕτερόν
857 4579 911 4616 τι
956 4563 1084 4634 παρ’
1132 4564 1342 4618 ἐκείνου
1377 4564 1393 4594 ¹
1425 4563 1685 4631 δείκνυσι,
1731 4565 1819 4618 λέ-

222 4669 338 4720 γων
367 4656 517 4723 τρεῖς
546 4649 683 4710 εἶναι
722 4651 935 4725 ἀρχὰς,
968 4655 1097 4726 μίαν
1126 4655 1223 4725 μὲν
1262 4656 1362 4728 τὴν
1399 4656 1511 4711 ἄνω
1556 4659 1818 4714 ἀκατονό-

227 4759 435 4812 μαστον
464 4745 558 4797 καὶ
593 4743 857 4815 ἀόρατον,
909 4745 974 4820 ἢν
1018 4747 1112 4799 καλ⁸
1150 4747 1354 4816 ἀγαθὸν
1400 4749 1532 4803 Θεὸν
1573 4750 1820 4820 βούλεται

223 4832 427 4902 λέγειν,
461 4834 626 4904 μηδὲν
664 4835 720 4888 δὲ
752 4835 860 4889 τῶν
890 4839 948 4890 ἐν
988 4837 1066 4907 τῷ
1092 4839 1281 4910 κόσμῳ
1307 4840 1588 4897 κτίσασαν.
1626 4842 1820 4896 ’Λλλον

223 4925 280 4978 δέ
323 4921 466 4978 είναι
500 4927 694 4998 ὁρατὸν
719 4927 871 4995 Θεὸν,
914 4929 1007 4982 καὶ
1057 4930 1301 5002 κτίστην,
1337 4934 1433 4986 καὶ
1463 4933 1815 5007 δημιουργόν.

226 5018 484 5071 Διάϐολον
527 5019 585 5072 δὲ
622 5019 824 5089 τρίτον,
864 5020 936 5084 ὡς
975 5024 1184 5089 ἐἰπεῖν,
1233 5024 1326 5076 καὶ
1376 5025 1540 5094 μέσον
1581 5027 1689 5080 τῶν
1729 5027 1821 5082 δύο

226 5111 454 5176 τούτων,
509 5110 608 5164 τοῦ
651 5129 711 5164 τε
768 5112 966 5183 ὁρατοῦ
1015 5116 1109 5167 καὶ
1160 5114 1253 5167 τοῦ
1295 5116 1566 5186 ἀοράτου.
1613 5118 1717 5171 Τὸν
1763 5119 1819 5173 δὲ

225 5204 452 5275 κτίστην
489 5206 582 5257 καί
615 5203 942 5276 δημιουργὸν
983 5207 1075 5260 καὶ
1122 5207 1338 5277 ὁρατὸν,
1381 5209 1513 5261 Θεὸν
1538 5206 1676 5264 εἶναι
1710 5211 1818 5264 τῶν

237 5293 532 5362 Ἰουδαίων,
553 5289 697 5347 εἶναι
728 5293 786 5347 δὲ
827 5295 989 5348 αὑτὸν
1036 5298 1244 5368 κριτήν.
1289 5298 1428 5370 Παρ’
1468 5300 1615 5369 αὐτῷ
1651 5301 1705 5355 δὲ
1739 5301 1816 5372 τῷ

295 5447 312 5482 ³
347 5448 406 5504 F.
433 5451 664 5504 ἐκεῖνον.
740 5451 763 5481 ³
812 5449 1001 5505 Matth.
1027 5468 1102 5517 IX,
1147 5453 1234 5516 16,
1275 5452 1356 5508 i7.

222 5602 406 5686 εδρίαν
457 5601 524 5660 ad
559 5605 998 5686 communionem
1058 5609 1383 5686 clericorum
1448 5605 1645 5686 refero,
1697 5620 1817 5673 qurc

228 5677 378 5732 hicat
440 5677 759 5748 opponitur,
785 5693 902 5746 qua:
939 5688 994 5733 ut
1021 5680 1097 5735 ait
1133 5679 1386 5736 Balsamo
1419 5677 1486 5732 ad
1530 5691 1653 5732 can.
1706 5690 1812 5732 ιιι

1943 483 2168 544 trasset,
2205 478 2271 533 ad
2303 478 2462 549 303
2494 480 2813 551 impostor-is
2842 479 3108 537 Cerdonis
3141 480 3374 537 haeresin
3395 498 3524 537 con-

1944 567 2133 640 fugere
2163 571 2218 626 in
2251 574 2493 627 animum
2536 573 2772 628 induxit.

2020 657 2086 714 ll.
2129 659 2268 714 Tum
2305 661 2374 716 ab
2413 663 2532 733 ipso
2565 665 2836 736 principio
2863 666 3128 735 ipsisque,
3168 673 3228 720 ut
3260 666 3334 720 ita
3363 666 3520 722 dixe-

1944 748 2069 815 rim,
2105 752 2473 820 quaestionum
2510 753 2725 810 foribus
2757 771 3009 819 exorsus,
3047 757 3400 827 presbyteris,
3427 759 3519 828 qui

1942 845 2070 893 tunc
2115 843 2378 910 temporis
2403 849 2561 896 erant
2595 846 2760 914 caapit
2803 845 2908 901 ista
2959 862 3306 916 pr0ponere:
3349 847 3518 911 Cedo,

1940 931 2143 1002 inquit,
2169 934 2300 1004 quid
2338 935 2444 990 hoc
2488 935 2591 990 sibi
2632 937 2746 992 vult
2779 956 2791 991 :
2826 936 2949 992 Non
2981 941 3194 993 mittunt
3221 941 3394 994 vinum
3425 957 3521 994 no-

1941 1041 2060 1078 vum
2091 1026 2146 1079 in
2177 1035 2320 1081 utres
2355 1036 2549 1083 veteres
2591 1045 2750 1100 neque
2788 1031 3190 1085 commissuram
3232 1033 3395 1100 panni
3427 1049 3520 1084 ru-

1940 1116 2024 1169 dis
2074 1116 2128 1169 in
2172 1119 2538 1172 vestimentum
2587 1129 2754 1184 vetus,
2789 1120 2993 1190 alioqui
3051 1121 3186 1174 tollit
3229 1120 3520 1189 plenitudi-

1940 1222 2077 1271 nem,
2127 1224 2288 1278 neque
2332 1211 2490 1264 veteri
2530 1219 2779 1279 congruet
2817 1227 2834 1265 :
2879 1211 3054 1280 major
3105 1211 3244 1264 enim
3283 1213 3520 1264 scissura

1937 1299 1998 1366 ﬁt
2028 1297 2086 1352 '?
2119 1299 2266 1368 quod
2319 1301 2536 1355 candidi
2569 1302 2646 1356 illi
2670 1317 2734 1357 ac
2761 1303 3102 1357 sanctissimi
3131 1301 3226 1357 Dei
3261 1300 3521 1356 Ecclesiae

1936 1389 2245 1460 presbyteri
2290 1405 2355 1446 ac
2385 1392 2640 1447 doctores
2683 1393 2991 1456 audientes,
3029 1393 3175 1447 hunc
3210 1393 3262 1446 in
3296 1392 3516 1447 modum

1938 1482 2341 1552 respondebant
2373 1502 2386 1537 :
2418 1484 2542 1551 Fili,
2592 1493 2802 1541 veteres
2856 1485 2933 1538 illi
2977 1492 3128 1540 utres
3184 1485 3318 1538 nihil
3369 1484 3517 1540 aliud

1935 1581 2083 1639 sunt,
2126 1589 2288 1642 quam
2346 1572 2773 1641 Pharisaeorum,
2834 1575 3268 1645 Scribarumque
3321 1575 3509 1640 corda,

1935 1677 2058 1733 qua}
2087 1664 2333 1733 peccatis
2381 1665 2844 1730 inveteraverant,
2873 1681 2975 1720 nec
3003 1664 3284 1735 Evangelii
3311 1665 3518 1720 doctri-

1935 1768 2060 1807 nam
2094 1754 2454 1809 admiserant.
2489 1755 2803 1826 Eodemque
2838 1764 2997 1812 vetus
3038 1755 3173 1810 illud
3220 1758 3516 1812 vestimen-

1934 1835 2046 1898 ttim
2096 1846 2354 1913 pertinet.
2427 1846 2750 1916 Cujusmodi
2792 1845 2965 1914 Judas
3020 1849 3253 1913 exstitit,
3306 1849 3400 1920 qui
3457 1848 3516 1902 in

1932 1935 2178 1989 avaritia:
2227 1943 2489 2006 tanquam
2536 1945 2808 1994 vetustate
2851 1939 3086 2010 quadam
3135 1939 3515 2005 obsoleverat;

1931 2038 2112 2092 neque
2153 2025 2281 2078 novi
2333 2040 2399 2080 ac
2443 2025 2781 2081 sanctissimi
2855 2025 3209 2094 ctelestisque
3266 2026 3516 2096 mysterii

1932 2113 2374 2183 praedicationem
2418 2118 2666 2186 accepit;
2703 2118 2923 2172 tametsi
2967 2117 3034 2170 ad
3079 2118 3333 2173 undecim
3379 2133 3515 2187 apo-

1932 2207 2106 2260 stolos
2157 2215 2305 2261 esset
2354 2197 2702 2278 aggregatus,
2742 2215 2797 2262 et
2837 2209 2905 2262 ab
2933 2208 3052 2277 ipso
3086 2206 3321 2262 Domino
3353 2222 3516 2261 voca—

1932 2305 2056 2360 tus,
2116 2312 2180 2351 ex
2233 2314 2341 2367 quo
2394 2298 2654 2368 majorem
2697 2299 2999 2353 scissuram
3047 2314 3158 2354 non
3210 2299 3319 2353 alio
3350 2313 3513 2368 quam

1931 2389 2165 2458 ipsomet
2221 2389 2326 2444 sibi
2385 2399 2613 2445 auctore
2674 2389 3301 2460 conscivit:propterca
3363 2387 3511 2458 quod

1928 2479 2050 2549 ejus
2091 2479 2310 2536 animus
2355 2480 2581 2535 caducis
2611 2481 2698 2536 his
2726 2481 2925 2552 opibus
2959 2495 3024 2535 ac
3059 2480 3226 2545 fastu,
3258 2477 3516 2548 ﬂuxaque

1916 2571 2214 2640 hominum
2237 2572 2501 2638 amicitia,
2532 2579 2604 2628 ac‘
2624 2589 2719 2643 spe
2745 2574 3135 2642 voluptateque
3162 2572 3513 2640 contemptis,

1928 2679 2276 2734 nequaquam
2327 2681 2386 2720 se
2436 2666 2717 2721 caelestem
2752 2665 2820 2719 ad
2870 2680 3048 2734 spem,
3096 2679 3162 2719 ac
3199 2663 3512 2718 futurorum

1927 2756 2198 2812 bonorum
2258 2756 2600 2812 vocationem
2637 2755 3176 2811 accommodaverat.

2001 2934 2083 2991 Ad
2130 2935 2248 2990 haec
2290 2934 2675 2990 contradicere
2721 2923 2993 2998 Marcion,
3044 2947 3110 2988 ac
3158 2933 3318 3003 longe
3349 2947 3514 2988 secus
3615 2924 3618 2928 ί

1927 3027 1981 3084 id
2036 3027 2239 3082 habere
2285 3043 2345 3083 se
2393 3029 2599 3092 dicere,
2646 3043 2746 3097 pro
2791 3043 2858 3084 eo
2898 3025 3046 3098 quod
3072 3025 3360 3081 admittere
3390 3041 3515 3082 sese

1924 3119 2340 3174 detrectassent.
2365 3117 2544 3183 Quare
2573 3119 2750 3187 palam
2772 3133 2868 3172 eos
2902 3119 3188 3188 alloquens
3213 3135 3225 3170 :
3259 3115 3372 3172 Cur
3399 3131 3508 3182 me,

1924 3212 2125 3282 inquit,
2171 3211 2418 3282 recipere
2453 3211 2749 3266 noluistis?
2779 3209 3204 3281 Responderunt
3247 3209 3324 3263 illi
3353 3229 3367 3262 :
3404 3207 3515 3264 Νο-

1924 3306 2009 3362 bis
2049 3305 2265 3374 injussu
2311 3305 2607 3360 venerandi
2653 3304 2828 3374 patris
2886 3304 2967 3358 tui
3014 3304 3198 3358 facere
3223 3297 3369 3356 istud
3400 3315 3512 3355 non

1925 3399 2074 3454 licet.
2125 3396 2244 3452 Una
2294 3397 2568 3468 siquidem
2621 3396 2756 3452 ﬁdes
2800 3403 2905 3460 est,
2951 3403 3006 3451 et
3051 3394 3362 3448 animorum
3402 3407 3513 3446 una

1926 3490 2246 3556 consensio,
2288 3505 2467 3560 neque
2496 3496 2689 3544 contra
2731 3487 3198 3559 spectatissimum
3243 3484 3510 3554 collegam

1925 3589 2136 3653 patrem
2189 3571 2340 3634 tuum
2382 3579 2566 3635 moliri
2608 3578 2890 3650 quidpiam
2937 3590 3255 3647 possumus.
3305 3573 3375 3627 At
3421 3574 3512 3630 ille

1927 3668 2306 3725 vehementius
2354 3667 2804 3729 excandescens,
2853 3679 2918 3719 ac
2967 3663 3226 3734 superbia
3275 3661 3512 3717 invidia-

1925 3775 2032 3831 que
2058 3758 2303 3828 percitus
2331 3757 2572 3812 schisma
2600 3753 2879 3819 conﬂavit,
2907 3769 2972 3807 ac
2998 3752 3255 3823 privatim
3278 3751 3510 3806 haeresin

1924 3849 2317 3904 architectatus
2363 3854 2447 3902 est
2473 3864 2488 3901 :
2518 3853 2572 3900 et
2614 3843 2939 3906 Ecclesiam,
2985 3843 3084 3904 ait,
3129 3847 3367 3895 vestram
3409 3854 3510 3910 ego

1926 3938 2264 4003 dissociabo,
2314 3937 2369 3991 in
2403 3950 2634 4006 eamque
2678 3933 2917 3988 schisma
2964 3930 3358 4000 sempiternum
3403 3929 3508 3982 im-

1926 4031 2164 4085 mittam.
2218 4026 2376 4094 Quod
2439 4027 2529 4082 ille
2572 4039 2764 4082 revera
2811 4036 2916 4077 nec
2964 4020 3240 4075 mediocre
3287 4015 3507 4087 quidem

1924 4120 2114 4190 injecit
2143 4139 2155 4174 :
2187 4135 2295 4173 non
2327 4116 2401 4172 ita
2435 4125 2619 4171 tamen
2656 4123 2714 4170 ut
2743 4112 3066 4176 Ecclesiam,
3104 4107 3200 4164 sed
3232 4115 3289 4160 ut
3315 4120 3375 4161 se
3405 4118 3506 4174 po-
3596 4172 3600 4176 ι

1925 4213 2036 4266 tius
2069 4227 2133 4266 ac
2155 4226 2286 4266 suos
2315 4208 2672 4264 discinderet.

2000 4297 2092 4352 lll.
2135 4299 2310 4368 Cujus
2339 4298 2388 4352 ei
2423 4296 2740 4353 schismatis
2771 4295 3154 4364 argumentum
3188 4285 3392 4342 nebulo
3417 4285 3508 4340 ille

1930 4399 1984 4448 et
2021 4393 2285 4461 impostor
2314 4388 2492 4444 Cerdo
2513 4386 2765 4458 praebuit.
2797 4382 2933 4436 Nam
2967 4391 3020 4436 et
3044 4379 3153 4436 duo
3198 4379 3316 4451 ipse
3356 4378 3508 4448 prin—
3613 4451 3617 4455 η

1927 4483 2074 4553 cipia
2105 4480 2417 4535 constituit.
2451 4479 2521 4531 At
2548 4475 2711 4549 304
2741 4475 2948 4530 Marcio
2983 4473 3203 4529 tertium
3243 4470 3312 4524 ad
3357 4468 3507 4522 illius

1925 4573 2122 4642 dogma
2178 4569 2506 4640 principium
2552 4567 2788 4637 adjecit,
2846 4573 2906 4619 ut
2960 4562 3188 4618 omnino
3235 4561 3341 4614 tria
3374 4558 3502 4625 sint,

1920 4676 2156 4734 quorum
2189 4676 2358 4714 unum
2398 4661 2469 4716 sit
2505 4674 2844 4730 supremum,
2889 4657 3033 4727 quod
3073 4668 3251 4724 neque
3282 4651 3506 4706 nomine

1919 4753 2348 4824 comprehendi,
2402 4768 2579 4822 neque
2623 4752 2744 4806 visu
2790 4748 2995 4820 percipi
3035 4745 3231 4818 possit,
3259 4757 3424 4815 quem
3451 4747 3505 4800 ei

1919 4845 2122 4900 bonum
2154 4846 2322 4899 Deum
2366 4843 2626 4913 appellat,
2667 4855 2698 4894 a
2727 4855 2836 4910 quo
2867 4838 3003 4892 nihil
3037 4837 3110 4892 sit
3149 4849 3340 4892 eorum
3385 4846 3506 4903 quae

1923 4935 1980 4990 in
2013 4934 2224 4990 mundo
2253 4943 2381 4989 sunt
2405 4931 2708 4987 conditum.
2739 4930 2986 4984 Alterum
3018 4940 3150 4981 vero
3183 4924 3352 4981 Deum
3383 4937 3504 4978 esse

1921 5024 2057 5080 dicit
2101 5022 2492 5094 aspectabilem
2523 5035 2588 5075 ac
2621 5026 2951 5074 creatorem.
2984 5013 3232 5070 Tertium
3263 5011 3508 5082 denique

1919 5114 2201 5170 diabolum
2237 5113 2384 5168 inter
2429 5112 2622 5167 ambos
2668 5109 2814 5174 illos,
2848 5104 3236 5177 aspectabilem
3272 5099 3502 5164 scilicet,

1917 5219 1970 5264 ct
2013 5223 2138 5263 eum
2184 5207 2278 5277 qui
2334 5207 2506 5276 aspici
2551 5204 2744 5275 nequit
2788 5201 3156 5271 interjectum.
3193 5195 3276 5250 Ex
3316 5194 3383 5250 iis
3411 5193 3503 5263 qui

1916 5312 2136 5358 creator
2153 5309 2238 5355 est
2253 5305 2307 5354 et
2326 5298 2510 5370 opifex
2533 5297 2814 5366 viderique
2832 5301 3031 5365 potest,
3047 5289 3360 5346 Judacorum
3382 5299 3504 5343 esse

1925 5604 2133 5665 Basilii,
2166 5603 2398 5658 dabatur
2451 5605 2606 5660 laicis
2645 5605 2800 5668 ἐκτὸς
2824 5604 2921 5658 τοῦ
2951 5605 3212 5675 βήματος.
3255 5602 3342 5675 illa
3371 5613 3499 5675 vero

1928 5676 2095 5741 ἐντός.
2111 5675 2383 5735 Credibile
2400 5684 2482 5734 est
2510 5677 2654 5734 enim
2678 5671 3284 5734 Marcioncm'clcricum
3307 5671 3494 5726 inisse.
