4078 6074
507 219 606 275 699

1901 225 1962 284 s.
2002 225 2372 296 Epirum",

3663 233 3779 288 700

507 329 699 396 Deum,
731 331 1092 404 eumdemque
1117 333 1383 405 judicem.
1421 336 1690 393 Caeterum
1725 337 2017 409 virginitas
2051 355 2081 394 a

2188 339 2473 412 Μαρκίωνι
2503 341 2595 397 καὶ
2623 343 2888 416 παρθενία
2914 344 3266 418 κηρύσσεται.
3292 349 3564 421 Νηστείαν
3589 347 3646 407 δε
3673 355 3781 407 καὶ

506 419 781 475 Marcione
824 424 1176 492 prmdicatur.
1211 424 1487 496 Jejunium
1513 435 1566 484 et
1598 427 1838 484 Sabbato
1885 429 2080 486 obser-

505 511 622 566 vari
648 511 914 582 praecipit.
969 513 1225 584 Mysteria
1269 515 1677 573 catechumcnis
1726 520 2079 576 cernentibus

507 601 652 671 apud
713 601 864 654 illum
924 603 1289 659 celebrantur.
1346 607 1426 662 Ad
1476 609 1592 662 haec
1649 624 1774 664 vero
1822 612 2079 682 mysteria

506 708 704 764 aquam
747 694 988 750 adhibet.
1037 695 1277 753 Sahbato
1309 699 1381 754 ob
1413 714 1532 754 eam
1564 715 1783 756 causam
1809 702 2078 773 jejunium

506 786 705 840 sanxit.
755 785 890 840 Cum
927 788 1096 852 enim,
1137 791 1234 854 ait,
1279 789 1590 846 Judaeorum
1642 792 1759 857 Dei,
1801 794 1894 864 qui
1932 795 2078 851 hunc

506 877 771 935 mundum
821 878 1130 946 fabricavit,
1186 881 1279 935 illa
1310 883 1381 937 sit
1425 885 1666 953 requies,
1711 899 1836 939 eum
1885 885 1972 941 die
2001 902 2078 942 vn

506 971 857 1040 requieverit,
891 970 1079 1026 eadem
1134 987 1238 1028 nos
1291 973 1536 1044 jejunare
1587 976 1948 1041 instituimus,
2010 993 2080 1034 ne

503 1059 820 1115 Judzeorum
857 1059 952 1116 Dei
993 1061 1191 1117 ritibus
1221 1063 1299 1118 uti
1328 1065 1629 1120 videamur.
1657 1066 1889 1123 Carnem
1919 1075 2080 1140 negat

504 1164 816 1220 resurgere,
860 1148 1025 1220 idque
1068 1151 1232 1207 habet
1288 1154 1563 1226 plerisque
1608 1173 1732 1211 cum
1780 1158 2078 1215 haeresibus

503 1255 812 1296 commune.
843 1242 1054 1298 Anima}
1109 1243 1376 1300 duntaxat
1419 1251 1875 1306 resurrectionem
1903 1267 1967 1308 ac
1998 1254 2080 1307 vi-

504 1339 614 1385 tam
643 1331 811 1387 unius
831 1341 886 1388 et
924 1334 1156 1390 salutem
1188 1339 1405 1395 asserit.

573 1422 852 1494 Baptismo
885 1441 993 1481 non
1015 1429 1204 1495 semel,
1231 1431 1328 1487 sed
1353 1434 1514 1489 tertio
1539 1433 1683 1506 apud
1713 1435 1835 1492 illos
1858 1435 2078 1492 initian-

503 1521 611 1568 tur.
649 1515 802 1580 Quod
827 1516 942 1571 (ieri
966 1517 1172 1576 idcirco
1217 1525 1513 1590 concessit,
1558 1527 1702 1596 quod
1735 1543 1765 1581 a
1794 1528 2078 1599 discipulis

501 1606 640 1670 suis,
681 1608 880 1677 quibus
922 1607 1102 1665 fuerat
1131 1615 1408 1683 cognitus,
1439 1617 1510 1671 ob
1536 1617 1793 1672 delictum
1832 1619 1985 1684 illud,
2015 1635 2079 1674 ac

2185 431 2246 486 τὺ
2279 431 2553 488 Σάϐϐατον
2583 434 2692 506 (64)
2720 435 2994 508 κηρύττει.
3029 439 3317 512 Μυστήρια
3360 442 3416 495 δὲ
3447 441 3604 514 δῆθεν
3637 448 3777 519 παρ’

2186 523 2336 593 αὐτῷ
2402 524 2729 579 ἐπιτελεῖται
2753 566 2768 590 ,
2827 526 2935 580 τῶν
3005 529 3427 600 κατηχουμένων
3494 534 3773 604 ὁρώντων.

2188 613 2381 666 ’Ύδατι
2419 614 2476 668 δὲ
2526 609 2679 680 οὗτος
2731 619 2788 670 ὲν
2838 619 2950 680 τοῖς
2989 619 3310 691 μυστηρίοις
3347 621 3567 692 χρῆται.
3606 624 3679 676 Τὸ
3711 625 3771 678 δὲ

2188 705 2466 760 Σάδδατον
2528 707 2778 777 νηστεύει
2835 709 2923 762 διὰ
2969 710 3224 782 τοιαύτην
3284 713 3483 767 αἰτίαν.
3525 714 3772 787 Ἐπειδὴ,

2187 799 2338 868 φησι,
2363 799 2457 852 τοῦ
2484 799 2618 853 Θεοῦ
2646 801 2754 854 τῶν
2789 801 3057 856 Ἰουδαίων
3087 803 3233 856 ἐστὶν
3263 803 3296 874 ἡ
3335 805 3640 869 ἀνάπαυσις
3673 805 3773 860 τοῦ

2187 891 2547 961 πεποιηκότος
2585 892 2676 946 τὸν
2722 893 2947 964 κόσμον,
2990 893 3084 948 καὶ
3117 894 3175 948 ὲν
3215 897 3283 965 τῇ
3333 894 3535 968 ἐϐδόμῃ
3581 897 3775 968 ἡμέρᾳ

2187 982 2667 1054 ἀναπαυσαμένου,
2696 986 2855 1056 ἡμεῖς
2892 984 3276 1057 νηστεύσωμεν
3311 986 3539 1056 ταύτην,
3570 987 3658 1040 ἵνα
3691 988 3774 1058 μὴ

2184 1073 2246 1126 τὸ
2299 1074 2537 1146 καθῆκον
2587 1077 2680 1129 τοῦ
2729 1076 2864 1130 Θεοῦ
2919 1079 3028 1132 τῶν
3064 1078 3332 1132 Ἰουδαίων
3381 1079 3771 1152 ἐργαζώμεθα.

2187 1166 2298 1238 Τὴν
2328 1169 2427 1237 τῆς
2458 1167 2658 1239 σαρκὸς
2691 1168 2749 1220 δὲ
2783 1167 2963 1222 ἀθετεῖ
2992 1169 3304 1229 ἀνάστασιν.
3340 1171 3592 1242 καθάπερ
3637 1172 3772 1226 πολ-

2185 1256 2273 1311 λαὶ
2297 1257 2405 1311 τῶν
2434 1258 2713 1329 αἱρέσεων.
2754 1259 2947 1330 Ψυχῆς
2984 1261 3042 1314 δὲ
3092 1261 3388 1316 ἀνάστασιν
3429 1258 3570 1315 εἶναι
3601 1261 3770 1332 λέγει,

2187 1349 2280 1404 καὶ
2307 1347 2454 1420 ζωὴν
2487 1349 2580 1404 καὶ
2609 1351 2881 1421 σωτηρίαν
2907 1351 3096 1422 μόνης.

2257 1441 2334 1494 Ού
2367 1442 2526 1512 μόνον
2567 1442 2622 1496 δὲ
2657 1443 2783 1515 παρ’
2825 1442 2972 1514 αύτῷ
3010 1443 3067 1496 ἓν
3108 1443 3330 1516 λουτρὸν
3373 1443 3598 1505 δίδοται,
3634 1443 3772 1497 ἀλλά

2187 1535 2281 1587 καὶ
2307 1532 2412 1596 ἕως
2444 1533 2610 1604 τριῶν
2639 1532 2899 1603 λουτρῶν,
2929 1533 3022 1586 καὶ
3065 1533 3320 1586 ἐπέκεινα
3354 1531 3529 1597 ἔξεστι
3568 1533 3771 1588 διδόναι

2187 1624 2316 1696 παρ’
2351 1625 2532 1688 αὐτοῖς
2567 1623 2644 1696 τῷ
2679 1625 3000 1696 βουλομένῳ,
3046 1625 3123 1689 ώς
3174 1626 3325 1696 παρά
3379 1625 3588 1679 πολλῶν
3627 1627 3769 1696 ἀκή-

497 1697 727 1766 virginis
755 1706 1030 1769 stuprum,
1065 1701 1304 1758 ludibrio
1336 1714 1484 1760 esset
1511 1707 1759 1764 habitus.
1788 1708 1923 1764 Nam
1951 1725 2076 1764 cum

2187 1734 2307 1772 κοα.
2343 1718 2667 1790 Συμδέδηκε
2694 1718 2749 1771 δὲ
2776 1717 2934 1771 τοῦτο
2961 1718 3209 1787 γενέσθαι
3239 1717 3410 1789 αὐτῷ,
3433 1718 3498 1771 τὸ
3522 1717 3772 1788 ἐφίεσθαι

499 1781 762 1853 virginem
826 1785 880 1838 in
953 1788 1132 1855 patria
1198 1797 1653 1859 constuprasset,
1715 1801 1771 1848 et
1835 1795 2073 1866 ingentis

496 1869 687 1941 ﬂagitii
749 1874 1036 1930 convictus
1121 1875 1467 1948 aufugisset,
1524 1881 1752 1936 alterum
1804 1884 1907 1939 sibi
1961 1885 2072 1939 cir-

495 1963 888 2022 cumforaneus
965 1967 1070 2022 iste
1154 1970 1486 2041 baptismum
1578 1973 1816 2042 ascivit;
1909 1976 2074 2032 licere

500 2056 868 2123 pronuntians
898 2065 982 2113 ter
1003 2061 1230 2116 omnino
1269 2063 1473 2134 aliquis
1511 2065 1642 2130 elui,
1685 2082 1750 2123 ae
1799 2068 2073 2139 baptismo

500 2154 850 2212 peccatorum
894 2148 959 2203 ad
997 2150 1457 2209 condonationem
1506 2157 1714 2227 expiari
1745 2178 1758 2213 :
1788 2167 1846 2214 ut
1873 2160 1916 2215 si
1947 2161 2074 2230 quis

499 2242 623 2301 post
671 2247 995 2307 usurpatum
1031 2242 1269 2310 priorem
1302 2247 1638 2314 peccaverit,
1671 2248 1738 2304 ad
1773 2252 2072 2307 secundum

497 2339 620 2378 cum
655 2330 972 2396 paenitentia
1006 2333 1307 2405 confugiat,
1345 2336 1703 2409 similiterque
1745 2343 1985 2406 tertium,
2027 2343 2074 2399 si

499 2427 622 2486 post
698 2421 1000 2476 secundum
1063 2424 1259 2480 iterum
1314 2442 1373 2483 se
1417 2429 1632 2486 delictis
1698 2431 2071 2492 obstrinxerit.

497 2506 653 2572 Quod
695 2510 760 2562 ad
807 2511 1046 2567 infamiae
1096 2530 1210 2570 suae
1245 2519 1547 2574 remedium
1586 2523 1936 2591 excogitavit,
1967 2540 2074 2593 quo
2159 2538 2162 2540 ‘

498 2612 557 2651 se
579 2614 800 2653 rursum
850 2610 974 2671 post
999 2602 1217 2662 facinus
1262 2615 1577 2678 purgatum,
1628 2618 1682 2665 et
1731 2611 1873 2666 inter
1914 2613 2072 2667 inno-

497 2698 684 2747 centes
724 2695 1128 2751 numerandum
1179 2713 1302 2754 esse
1354 2703 1731 2769 persuaderet.
1798 2705 1879 2758 Ad
1931 2707 2075 2778 quod

2178 1809 2303 1881 τρία
2342 1809 2540 1882 λουτρά
2585 1809 2843 1878 δίδοσθαι,
2884 1810 2951 1862 δι’
3003 1811 3069 1880 ἢν
3117 1810 3306 1880 ὑπεῖχε
3357 1809 3562 1880 χλεύην
3618 1811 3770 1882 παρά

2179 1900 2288 1954 τῶν
2325 1901 2485 1954 αὐτὸν
2526 1901 2843 1970 ἐγνωκότων
2877 1901 3134 1972 μαθητῶν
3162 1901 3329 1955 αὑτοῦ
3365 1903 3430 1955 ὲκ
3461 1901 3768 1972 παραπτώο

2184 1992 2352 2063 ματός
2379 2007 2440 2044 τε
2469 1991 2562 2044 καὶ
2596 1991 2801 2063 φθορᾶς
2822 1992 2920 2062 τῆς
2941 1994 3022 2056 είς
3047 1992 3144 2062 τὴν
3169 1992 3437 2064 παρθένον
3462 1993 3768 2063 γεγενημέ-

2180 2099 2299 2153 νης.
2336 2081 2551 2153 Ἐπειδὴ
2598 2081 2826 2153 φθείρας
2865 2085 2926 2137 ὲν
2957 2087 3024 2155 τῇ
3051 2084 3249 2138 ἑαυτοῦ
3294 2084 3447 2138 πόλει
3486 2083 3585 2156 τὴν
3626 2101 3768 2154 παρ-

2180 2173 2353 2236 θένον,
2382 2174 2474 2227 καὶ
2513 2174 2824 2246 ἀποδράσας
2852 2175 2955 2246 μὲν
3001 2178 3060 2230 ὲν
3101 2176 3506 2248 παραπτώματι
3545 2176 3765 2249 μεγάλῳ

2180 2266 2402 2336 εὑρέθη,
2441 2267 2732 2338 ἐπενόησεν
2773 2269 2801 2321 ὀ
2838 2269 3082 2342 ἀγύρτης
3126 2269 3300 2340 ἑαυτῷ
3341 2269 3590 2341 δεύτερον
3642 2270 3765 2322 λου-

2179 2356 2327 2427 τρὸν,
2361 2357 2558 2428 φήσας,
2587 2358 2668 2409 ὃτι
2710 2357 2958 2421 Ἔξεστιν
2997 2358 3100 2422 ἕως
3127 2358 3290 2430 τριῶν
3320 2357 3580 2430 λουτρῶν,
3612 2374 3764 2411 τουτ-

2182 2447 2297 2501 έστι
2329 2447 2495 2519 τριῶν
2549 2447 2896 2518 βαπτισμῶν,
2941 2452 3020 2514 εἰς
3060 2451 3250 2519 ἄφεσιν
3297 2449 3581 2520 ἁμαρτιῶν
3628 2448 3765 2502 δίδο-

2183 2540 2306 2594 σθαι
2330 2556 2344 2569 ·
2378 2541 2444 2593 ἵν’
2473 2540 2630 2605 εἴτις
2657 2541 2967 2613 παρέπεσεν
3001 2543 3081 2604 εἰς
3107 2542 3167 2595 τὸ
3197 2541 3430 2611 πρῶτον,
3456 2541 3600 2613 λάϐῃ
3640 2539 3752 2593 δεύ-

2180 2647 2336 2702 τερον
2367 2633 2722 2704 μετανοήσας,
2745 2634 2840 2686 καλ⁵
2868 2633 3049 2705 τρίτον
3075 2632 3354 2696 ὡσαύτως,
3381 2631 3476 2685 ὲάν
3499 2634 3559 2684 ὲν
3584 2648 3766 2704 παρα-

2182 2720 2438 2791 πτώματι
2487 2723 2625 2792 μετά
2661 2724 2721 2776 τὸ
2760 2723 3013 2796 δεύτερον
3047 2725 3289 2794 γένηται.
3317 2723 3472 2794 Φέρει
3504 2723 3563 2776 δὲ
3583 2722 3764 2793 δῆθεν,

496 2781 660 2833 etiam
724 2781 862 2837 falso
920 2787 1296 2842 testimonium
1350 2792 1622 2858 quoddam
1678 2798 2072 2863 accommodat,

2187 2810 2271 2862 ἵνα
2300 2781 2397 2880 τὴν
2428 2781 2620 2864 ἑαυτοῦ
2657 2812 2856 2884 χλεύην
2895 2781 3264 2885 ἀνασώσῃιείς
3295 2781 3648 2884 παράστασιν
3677 2781 3770 2866 ab:

498 2870 642 2937 quod
673 2869 855 2939 Specie
890 2875 1007 2942 ipsa
1067 2877 1349 2944 probabile
1380 2881 1555 2949 possit
1588 2882 1759 2937 videri
1797 2904 1810 2939 :
1839 2888 1941 2942 etsi
1967 2905 2074 2945 non

2187 2899 2307 2953 τοῦ’
2347 2869 2428 2954 ότι
2452 2901 2512 2953 τὸ
2541 2869 2690 2973 μετά⁸
2704 2904 2764 2956 τὸ
2805 2869 2969 2957 αὐτοῦ
2997 2869 3348 2974 παράπτωμα
3377 2869 3541 2956 πάλιν
3566 2903 3770 2957 ἐκαθα-

498 2975 564 3014 eo
609 2975 718 3030 quo
769 2963 880 3016 vult
907 2967 1175 3033 pertineat
1205 2987 1219 3022 :
1251 2970 1331 3022 sic
1359 2971 1503 3026 enim
1527 2975 1756 3030 asserit:
1787 2974 2073 3035 Dominum

2188 2991 2366 3062 ρίσθη,
2415 2993 2510 3046 καὶ
2541 2963 2738 3046 ’λοιπὸν
2785 2995 2842 3048 ἐν
2893 2963 3091 3058 ἀθώοις
3134 2963 3397 3065 ὑπάρχει,
3462 2993 3771 3066 μαρτυρίαν

497 3054 784 3118 postquam
822 3065 851 3102 a
873 3049 1084 3107 Joanne
1128 3055 1440 3124 baptizatus
1471 3066 1576 3122 est,
1603 3060 1808 3116 dixisse
1831 3063 2073 3134 discipu-

501 3135 871 3158 ημηωηη
976 3141 1058 3158 ,.
1180 3143 1200 3158 τ
1295 3146 1328 3158 -.
1436 3147 1445 3156 .
1541 3156 1548 3158 μ
1672 3150 1718 3158 -.
1826 3151 1836 3158 .
1937 3153 1994 3158 --

2187 3049 2304 3153 περὶ
2333 3049 2541 3137 ’τούτου
2583 3084 2937 3158 ψευδηγορῶν
2976 3126 2992 3153 ,
3040 3049 3118 3150 ob;
3159 3049 3418 3157 πιθανὴν,
3462 3049 3775 3156 δυναμένην

499 3136 569 3190 lis
597 3154 610 3190 :
638 3135 913 3207 Baptisma
968 3141 1132 3197 habeo
1180 3143 1465 3213 baptizari,
1501 3156 1550 3200 et
1593 3150 1718 3218 quid
1753 3151 1868 3206 volo
1893 3153 1994 3206 nisi
2023 3162 2081 3207 ut

2188 3135 2550 3243 ἐξαπατῆσαι,
2575 3135 2646 3228 0'0—
2920 3135 3312 3247 σημαίνουσαν,
3342 3135 3371 3228 δ
3391 3135 3558 3239 αὐτὸς
3599 3135 3772 3244 λέγει,

471 3231 770 3300 perﬁciam
809 3234 1053 3302 ipsum“?
1087 3237 1247 3308 305
1291 3239 1369 3292 Ac
1413 3255 1671 3296 rursum:
1711 3243 1942 3297 Calicem
1986 3245 2081 3298 Ita-

2187 3231 2267 3318 ὅτι
2310 3231 2472 3334 φησί·
2522 3231 2848 3330 ἰθαπτισθεὶς
2893 3269 2922 3320 ὁ
2965 3231 3168 3338 ἰξύριος
3219 3231 3325 3320 ύπδ
3368 3265 3463 3320 τοῦ

500 3322 591 3376 beo
640 3324 849 3379 bibere:
883 3336 935 3381 et
980 3328 1109 3397 quid
1141 3330 1276 3390 volo,
1340 3331 1443 3383 nisi
1492 3340 1551 3384 ut
1608 3333 1852 3400 impleam
1887 3335 2082 3390 illum?

2188 3322 2340 3424 ἔλεγε
2369 3322 2480 3419 τοῖς
2512 3355 2805 3428 μαθηταῖς·
2829 3322 3168 3428 ⁷Βάπτιάμα⁷
3182 3359 3300 3428 ἔχω
3316 3322 3768 3424 ,βαπτισθῆναιί

501 3410 657 3468 Unde
697 3416 882 3484 plures
910 3418 1034 3471 illos
1069 3417 1370 3487 baptismos
1399 3431 1746 3478 commentus
1779 3431 1884 3478 est.

2193 3410 2300 3499 καί
2341 3447 2398 3500 τι
2439 3410 2593 3500 ὁέξιω
2631 3410 2683 3502 ἐι
2702 3410 2708 3411 ί
2727 3410 3171 3518 {autem}.
3215 3410 3398 3513 3-0:},-
3442 3449 3539 3502 καὶ
3577 3410 3739 3503 nam
3760 3468 3778 3485 ο

498 3513 792 3582 Ποτήριον
819 3517 936 3585 ἔχω
973 3518 1158 3572 πιεῖν·
1203 3520 1304 3574 καὶ
1350 3523 1408 3575 τί
1445 3521 1594 3578 θέλω
1628 3523 1746 3595 ἤδη
1785 3528 2083 3597 πληρώσω
2120 3536 2314 3603 αὑτό;
2344 3539 2438 3592 καὶ
2501 3537 2647 3594 οὓτω
2683 3513 2764 3594 τὸ-
2817 3513 3016 3596 διδόναι
3060 3541 3230 3595 πλείω
3275 3540 3629 3612 βαπτίσματα
3670 3539 3779 3595 ἔδον

499 3604 786 3674 γμάτισεν.

573 3690 662 3747 lV.
695 3690 966 3749 Praeterea
992 3695 1165 3767 legem
1200 3712 1264 3752 ac
1320 3701 1615 3771 prophetas
1647 3719 1839 3762 omnes
1865 3708 2082 3779 abjicit;

2265 3720 2340 3772 A'.
2365 3720 2440 3774 Ού
2464 3722 2622 3792 μόνον
2651 3723 2707 3776 δὲ
2720 3721 3040 3789 τοῦτο,ἀλλά
3066 3721 3264 3776 καὶτὸν
3285 3723 3446 3794 νόμον
3461 3721 3782 3786 ἀποϐάλλει,

500 3798 642 3854 quos
682 3785 948 3856 principis
988 3787 1134 3843 illius
1167 3789 1374 3857 aﬂlatu,
1412 3795 1504 3863 qui
1543 3795 1690 3850 hunc
1730 3798 1918 3854 orbem
1954 3815 2082 3856 con-

2191 3810 2286 3863 καὶ
2315 3785 2521 3876 πάντας
2578 3785 2893 3884 προφήτας,⁷
2923 3813 3097 3882 λέγων
3135 3815 3200 3866 ὲκ
3235 3811 3329 3866 τοῦ
3348 3785 3360 3794 ’
3388 3785 3783 3883 ἄρχοντος

502 3878 662 3945 didit,
695 3881 1027 3938 vaticinatos
1053 3883 1354 3942 existimat.
1386 3888 1671 3944 Christum
1705 3907 1836 3948 vero
1867 3894 1989 3950 ideo
2020 3895 2082 3952 de

2192 3899 2283 3952 τὸν
2321 3902 2525 3972 κόσμον
2556 3905 2912 3975 πεποιηκότος
2940 3905 3066 3968 τοὺς
3089 3905 3364 3970 τοιούτους
3398 3922 3782 3976 προπεφητευ-

499 3969 640 4024 coelo
699 3969 982 4041 delapsum
1027 3972 1120 4027 illo
1155 3988 1184 4027 a
1220 3973 1471 4042 Parente,
1506 3979 1602 4048 qui
1630 3995 1732 4035 nec
1771 3981 1943 4037 videri
1989 3999 2082 4039 nec

2195 3988 2369 4042 κέναι.
2405 3969 2641 4060 Χριστὸν
2669 3991 2724 4045 δὲ
2743 3969 2906 4060 λέγει
2936 3992 3141 4046 ἀνωθεν
3173 3993 3280 4046 ἀπὸ
3303 3969 3397 4045 τοῦ
3429 3969 3670 4065 ἀοράτου
3693 3995 3783 4050 καὶ

500 4060 774 4114 nominari
805 4070 1008 4132 potest,
1042 4071 1100 4117 ut
1129 4072 1183 4119 et
1213 4067 1426 4123 animas
1461 4069 1742 4138 liberaret,
1777 4080 1833 4128 et
1865 4073 2082 4136 ,1υάωο-

2195 4079 2637 4152 ἀκατονομάστου
2686 4084 2898 4153 Πατρὸς
2930 4083 3367 4156 καταδεδηκέναι
3411 4060 3514 4139 ἐπὶ.
3540 4087 3784 4159 σωτηρίᾳ

500 4167 622 4206 rum
671 4167 735 4208 ac
781 4153 936 4224 legis,
988 4162 1043 4210 et
1091 4156 1507 4226 prophetarum,
1561 4167 1727 4232 atque
1773 4163 2082 4222 istiusmodi

2190 4170 2298 4222 τῶν
2325 4171 2531 4242 ψυχῶν,
2554 4175 2647 4227 καὶ
2678 4174 2770 4226 ἐπὶ
2799 4174 3004 4246 ἐλέγχῳ
3028 4174 3121 4228 τοῦ
3155 4153 3289 4228 Θεοῦ
3323 4176 3430 4228 τῶν
3484 4153 3781 4238 Ἰουδαίων..

497 4251 823 4298 caeterorum
851 4245 1018 4300 Deum
1041 4248 1424 4320 redargueret.
1452 4249 1564 4306 lmo
1583 4252 1649 4306 ad
1680 4253 1886 4310 inferos
1911 4273 2082 4328 usque

2191 4261 2285 4312 καὶ
2308 4261 2496 4331 νόμου,
2530 4263 2624 4316 καὶ
2662 4245 3083 4336 προφιινι·ιτι’ἱ›ν,καὶ⁵
3098 4265 3206 4320 τῶν
3221 4267 3497 4321 τοιούτων.
3522 4269 3638 4321 Καὶ
3659 4269 3782 4338 ἄχρι

495 4331 852 4388 descendisse
888 4335 1199 4402 Dominum,
1229 4347 1288 4393 ut
1313 4350 1372 4395 et
1393 4335 1588 4406 Caino,
1617 4350 1671 4397 et
1697 4343 1857 4409 Core,
1882 4361 1947 4401 ac
1977 4345 2079 4401 Da-

2187 4351 2310 4421 ᾆδου
2341 4351 2776 4425 καταϐεϐηκέναι
2814 4355 2904 4409 τὸν
2938 4356 3164 4427 Κύριον,
3196 4357 3283 4411 ἵνα
3302 4356 3452 4428 σώσῃ
3478 4358 3609 4420 τοὺς
3659 4357 3781 4425 περὶ

497 4421 678 4484 thani,
723 4429 778 4476 et
816 4423 1065 4490 Abironi,
1113 4445 1214 4484 nec
1261 4446 1373 4487 non
1423 4431 1604 4501 Esau,
1655 4450 1720 4492 ac
1765 4439 2084 4497 nationibus

495 4510 779 4575 omnibus,
817 4513 1022 4582 quibus
1073 4515 1385 4574 Judmorum
1436 4522 1582 4580 Deus
1624 4525 1802 4581 fuerat
1842 4529 2082 4600 ignotus,

501 4603 734 4658 salutem
761 4603 996 4660 aﬂ'erret.
1025 4609 1257 4664 Abelum
1290 4628 1438 4678 vero,
1465 4614 1771 4684 Enochum,
1797 4619 2083 4688 Noemum,

501 4693 894 4760 Abrahamum,
919 4697 1187 4765 lsaacum,
1209 4701 1495 4776 Iacobum,
1531 4706 1793 4779 Moysem,
1827 4710 2085 4769 Davidem

496 4799 567 4838 ac
610 4784 956 4842 Salomonem
1004 4791 1118 4847 illic
1163 4795 1420 4867 relictos;
1475 4803 1733 4872 quoniam
1773 4785 2118 4862 Judmorum‘

505 4874 698 4943 Deum,
731 4878 1009 4950 inquium,
1044 4898 1405 4959 agnoverunt,
1439 4895 1532 4964 qui
1557 4896 1932 4953 universitatis
1955 4914 2088 4954 con-

499 4969 648 5025 ditor
678 4985 743 5026 ac
780 4971 1083 5031 fabricator
1127 4989 1234 5046 est,
1266 4982 1500 5054 ejusque
1548 4987 1695 5057 leges
1733 4997 1787 5044 et
1838 4991 2087 5047 instituta

499 5063 679 5116 secuti
711 5073 876 5120 sunt:
910 5082 974 5123 ac
1018 5085 1125 5126 non
1173 5089 1232 5129 se
1261 5077 1442 5144 potius
1490 5078 1648 5135 alteri
1697 5082 1773 5136 illi
1814 5082 1944 5147 Deo,
1994 5083 2086 5154 qui

505 5151 675 5206 videri
721 5156 896 5213 oculis
935 5163 1147 5231 nequit,
1195 5165 1543 5226 addixerunt.
1591 5170 1710 5227 Jam
1752 5151 2089 5234 mulierculis

505 5242 820 5311 baptizandi
867 5260 1196 5318 potestatem
1247 5257 1399 5317 facit.
1444 5262 1590 5320 Nihil
1623 5275 1707 5324 est
1756 5268 1904 5324 enim
1944 5271 2090 5342 apud

580 5395 597 5426 ¹
626 5396 760 5454 Luc.
803 5417 900 5466 xu,
927 5403 1015 5459 50.

2194 4442 2354 4506 Κάῖν,
2369 4444 2459 4496 καὶ
2480 4445 2753 4515 Κορὲ,καὶ
2779 4445 2972 4510 Δαθάν,
2989 4447 3083 4499 καὶ
3107 4445 3373 4519 ’Δϐηρὼν,
3390 4446 3564 4500 Ἠσαῦ
3582 4464 3646 4500 τε
3689 4448 3782 4502 καὶ

2194 4534 2370 4588 πάντα
2400 4536 2470 4590 τὰ
2506 4535 2632 4607 ἔθνη
2665 4536 2732 4590 τὰ
2764 4537 2838 4608 μὴ
2863 4539 3215 4608 ὲπεγνωκότα
3234 4539 3326 4593 τὸν
3349 4539 3480 4592 Θεὸν
3505 4539 3616 4592 τῶν
3655 4540 3782 4592 Ἰου-

2193 4625 2377 4680 δαίων.
2405 4629 2541 4692 Τοὺς
2563 4627 2619 4680 δὲ
2649 4629 2778 4699 περὶ
2806 4629 2992 4694 Ἀϐελ,
3027 4631 3123 4683 καὶ
3157 4629 3350 4701 Ἑνὼχ,
3385 4630 3480 4683 καὶ¹
3508 4628 3661 4695 Νῶε,
3693 4632 3784 4685 καὶ

2207 4717 2475 4791 Ἀϐραὰμ,
2503 4717 2597 4770 καὶ
2632 4718 2836 4784 Ἰσαὰκ,
2873 4721 2966 4774 καὶ
3000 4719 3219 4785 Ἰακὼϐ,
3255 4721 3350 4774 καὶ
3375 4719 3643 4786 Μωῦσέα,
3674 4723 3781 4774 Δαο

2195 4809 2280 4862 ϐίδ
2323 4826 2383 4862 τε
2435 4809 2529 4862 καὶ
2553 4810 2869 4882 ⁵Σαλομῶνα
2927 4812 3045 4865 ἐκεῖ
3104 4811 3589 4866 καταλελοιπέναιο
3650 4812 3782 4865 διότι

2194 4900 2529 4970 ἐπέγνωσαν,
2585 4902 2737 4971 φησὶ,
2802 4902 2892 4956 τὸν
2943 4904 3075 4958 Θεὸν
3129 4904 3240 4958 τῶν
3317 4903 3605 4969 Ἰουδαίων,
3656 4904 3781 4958 ὄντα

2196 4993 2426 5065 ποιητὴν
2474 4993 2568 5046 καὶ
2612 4993 2856 5065 κτίστην,
2897 4995 2992 5050 καὶ
3039 4996 3108 5050 τὰ
3141 4996 3453 5067 καθήκοντα
3481 4996 3655 5049 αὐτοῦ
3685 5014 3776 5050 πε-

2196 5089 2456 5156 ποιήκασι
2487 5086 2579 5139 καλ⁵
2610 5086 2730 5157 οὐχὶ
2758 5087 2835 5158 τῷ
2859 5087 2978 5159 Θεῷ
3011 5087 3089 5160 τῷ
3110 5089 3327 5161 ἀοράτῳ
3349 5087 3580 5151 ἑαυτοὺς
3609 5106 3778 5161 προσ-

2196 5178 2466 5234 ανέθεντο.
2523 5179 2713 5232 Δίδωσι
2763 5182 2855 5234 καὶ
2889 5181 3191 5254 ἐπιτροπὴν
3230 5180 3448 5251 γυναιξὶ
3488 5180 3781 5252 βάπτισμα

2195 5271 2417 5327 διδόναι.
2458 5271 2594 5343 Παρ’
2630 5273 2811 5336 αὐτοῖς
2844 5273 2952 5345 γὰρ
2980 5274 3155 5331 πάντα
3188 5272 3386 5345 χλεύης
3413 5272 3659 5344 ἔμπλεα,
3689 5275 3782 5326 καὶ

544 5628 556 5638 ,
580 5553 694 5622 (6⁸)
730 5557 1031 5654 Νησζεξαγ
1059 5558 1278 5654 (iiuna.
1311 5563 1374 5617 τὸ
1403 5565 1724 5623 Σαϐϐαῖον.
1762 5567 1886 5642 ch.
1942 5571 2078 5626 κατᾶ

2189 5573 2321 5634 Σὰϐ.
2354 5576 2486 5634 Nam
2523 5577 2764 5639 Sabbato
2793 5582 3032 5654 jejunari
3059 5593 3250 5642 contra
3273 5583 3564 5643 Orientalis
3598 5583 3776 5642 Eccle-

510 5628 606 5686 sia‘
634 5641 836 5682 morem
863 5627 1092 5697 jubcbat
1118 5628 1337 5688 Marcio.
