4078 6074
339 173 436 230 701

980 170 1349 230 ADVERSUS
1387 171 1731 231 HERESES
1768 173 1894 230 LIB.
1943 172 1985 231 l.
2026 173 2192 232 TOM.
2237 171 2327 228 lll.
2367 203 2438 215 —
2477 170 2754 228 HERES.
2790 168 2952 227 XLII.

3486 173 3596 228 7οἰ

335 291 486 348 οὐδὲν
507 289 694 360 ἕτερον
717 303 730 318 ·
762 284 923 342 ὁπότε
958 287 1056 342 καὶ
1089 287 1159 342 τά
1203 289 1480 360 μυστήρια
1513 289 1744 346 ἐνώπιον
1781 310 1898 347 κασιι⁴

2016 293 2140 348 illos
2190 292 2298 348 nisi
2341 291 2580 347 ludibrio
2626 306 2692 346 ac
2736 292 2853 348 risu
2897 291 3308 363 dignissimum,
3356 311 3480 351 cum
3510 300 3594 359 vel

329 381 654 454 ηχουμένων
707 379 975 432 ἐπιτελεῖν
1006 379 1300 450 τολμῶσιν.
1360 381 1680 436 Ἀνάστασιν
1709 382 1796 450 δὲ,
1839 383 1915 447 ὡς

328 474 504 539 είπον,
541 466 695 536 οὗτος
745 471 896 540 λέγει
929 472 1050 541 οὐχὶ
1084 473 1373 544 σωμάτων,
1403 473 1540 527 ἀλλὰ
1569 474 1757 545 ψυχῶν
1777 492 1792 509 ο
1819 476 1915 530 καὶ

330 563 607 633 σωτηρίαν
655 561 882 625 ταύταις
941 560 1202 632 ὁρίζεται,
1247 562 1367 632 ούχῖ¹
1393 566 1507 627 τοῖς
1533 563 1767 635 σώμασι.
1805 565 1916 618 Kal

330 649 743 719 μεταγγισμοὺς
800 649 1001 719 ὁμοίως
1034 648 1146 702 τῶν
1183 649 1392 720 ψυχῶν,
1425 652 1519 704 καὶ
1563 669 1914 724 μετενσωμα·

323 738 523 803 τώσεις
558 739 668 793 ἀπὸ
693 740 964 811 σωμάτων
993 741 1075 804 είς
1105 739 1331 812 σώματα
1366 742 1585 811 φάσκει.

396 915 473 968 Ε⁹.
509 913 854 984 Πανταχόθεν
908 914 968 968 δὲ
1014 913 1202 967 πίπτει
1229 915 1262 985 ή
1292 915 1457 969 αὑτοῦ
1511 916 1718 987 ματαία
1754 934 1910 972 κενο-

321 1005 525 1075 φωνία,
552 1005 627 1068 ὼς
663 1006 762 1077 ἢδη
809 1023 900 1077 μοι
945 1008 1003 1060 ὲν
1041 1006 1230 1070 ἄλλαις
1275 1007 1520 1078 αἱρέσεσι
1578 1011 1910 1082 πεπραγμάσ

319 1113 528 1153 τευται.
563 1096 688 1160 Πῶς
703 1097 810 1168 γὰρ
839 1099 1204 1170 ἀναστήσεται
1231 1100 1265 1169 ή
1297 1099 1370 1170 μὴ
1397 1104 1716 1156 πεπτωκυῐα
1729 1101 1905 1176 ψυχή;

333 1186 654 1251 Ἀνάστασις
683 1188 741 1240 δὲ
786 1187 904 1252 πῶς
947 1190 1116 1260 αὐτῆς
1164 1189 1516 1260 κληθήσεται,
1539 1191 1640 1261 τῆς
1691 1192 1766 1264 μὴ
1811 1210 1909 1248 πε-

321 1277 526 1348 σούσης
547 1277 763 1348 ψυχῆς;
811 1281 927 1333 Πᾶν
959 1281 1068 1352 γάρ
1099 1281 1160 1334 τὸ
1188 1281 1386 1334 πίπτον
1418 1283 1765 1349 ἀναστάσεως
1796 1286 1906 1341 δεί-

316 1385 431 1422 ται.
473 1370 669 1424 Πίπτει
707 1369 764 1423 δὲ
791 1370 945 1441 ούχή
974 1371 1142 1442 ψυχὴ,
1189 1371 1326 1425 ἀλλὰ
1380 1374 1560 1446 σῶμα.
1595 1375 1757 1428 Ὅθεν
1811 1378 1908 1431 καὶ

315 1459 543 1522 δικαίως
576 1460 776 1530 πτῶμα
815 1461 1008 1532 αύτὸή
1048 1465 1305 1536 συνήθεια
1351 1467 1509 1521 εἴωθε
1556 1465 1761 1533 καλεῖν,
1809 1469 1905 1522 καὶ

314 1551 479 1615 αὐτὸς
527 1552 556 1604 6
593 1551 794 1622 Κύριος
835 1553 1024 1618 εἰπὼν,
1068 1555 1365 1612 ὃτιὍπου
1393 1558 1461 1613 τὸ
1506 1557 1734 1627 πτῶμα,
1779 1559 1908 1614 ἐκεῖ

2020 383 2300 456 mysteriis
2349 383 2484 454 ipsis
2533 384 2845 442 astantibus
2900 384 3332 452 catechumenis,
3382 392 3596 459 Operari

2019 488 2131 529 non
2154 472 2426 528 dubitent.
2455 473 2612 540 Quod
2639 474 2706 528 ad
2729 475 3187 531 resurrectionem
3209 478 3423 544 attinet,
3455 481 3595 538 hanc

2021 564 2113 619 ille
2143 579 2438 635 corporum
2481 581 2604 621 esse
2637 574 2819 636 negat,
2867 565 2947 620 uti
2995 568 3350 625 monuimus:
3383 572 3596 627 anima-

2018 671 2140 710 rum
2171 656 2444 719 concedit,
2479 657 2682 726 quibus
2711 657 2845 714 solis
2882 659 3134 725 salutem,
3172 677 3280 717 non
3316 664 3442 720 item
3473 681 3597 722 cor-

2017 747 2247 818 poribus
2282 747 2711 804 circumscribit.
2747 749 3067 804 Animarum
3105 751 3339 824 denique
3370 757 3439 812 ab
3471 759 3594 817 aliis

2017 837 2074 892 in
2108 838 2214 892 alia
2247 852 2483 908 corpora
2508 838 2864 909 migrationes
2891 854 2955 893 ac
2985 841 3253 897 transitus
3292 846 3506 900 statuit.

2090 923 2372 981 V.Verum
2415 925 2597 980 inanis
2633 939 2698 979 ac
2727 923 2959 980 ridicula
2988 925 3104 980 haec
3135 927 3319 997 opinio
3345 931 3493 984 omni
3523 946 3592 988 ex

2016 1022 2172 1086 parte
2212 1013 2475 1080 concidit,
2510 1021 2570 1068 ut
2605 1013 2659 1067 in
2701 1013 2826 1070 aliis
2860 1015 3162 1072 haeresibus
3206 1025 3366 1074 antea
3403 1019 3593 1077 docui-

2015 1123 2161 1163 mus.
2195 1105 2300 1174 Qui
2330 1107 2477 1163 enim
2523 1120 2813 1177 resurgere
2863 1105 3043 1160 anima
3090 1107 3183 1162 illa
3225 1117 3426 1178 potest,
3469 1129 3592 1183 qua:

2014 1213 2294 1268 nunquam
2327 1195 2566 1252 corruit?
2597 1194 2903 1262 Quomodo,
2938 1197 3160 1266 inquam
3185 1239 3200 1263 ,
3234 1199 3304 1263 ei,
3331 1215 3449 1269 qua:
3479 1218 3590 1259 non

2013 1289 2232 1354 cecidit,
2270 1289 2602 1345 resurrectio
2625 1287 2918 1342 tribuetur?
2939 1285 3214 1357 Quidquid
3243 1289 3387 1344 enim
3418 1291 3586 1354 cadit,

2013 1378 2422 1434 resurrectione
2448 1391 2588 1447 opus
2615 1376 2798 1430 habet.
2833 1373 2994 1429 Cadit
3024 1383 3208 1430 autem
3245 1390 3357 1430 non
3387 1376 3587 1443 anima,

2013 1470 2109 1526 sed
2146 1484 2366 1540 corpus.
2417 1467 2574 1536 Quod
2608 1467 2812 1522 idcirco
2840 1467 3059 1538 πτῶμα,
3087 1467 3191 1522 hoc
3226 1478 3310 1524 est
3339 1469 3586 1536 cadaver,

2024 1561 2361 1616 consuetudo
2401 1558 2709 1614 communis
2755 1559 3010 1628 appellat,
3045 1559 3288 1629 adeoque
3325 1559 3588 1616 Dominus

312 1640 812 1711 συναχθήσονται
868 1643 967 1696 καὶ
1029 1647 1086 1700 οἱ
1124 1645 1307 1702 ἀετοί.
1367 1649 1478 1703 Καὶ
1531 1648 1640 1720 γὰρ
1679 1651 1738 1702 ὲν
1793 1651 1898 1713 τοῖς

2013 1650 2150 1721 ipse,
2183 1666 2309 1706 cum
2346 1651 2428 1706 sic
2474 1649 2755 1720 loquitur:
2795 1647 3100 1719 Ubicunque
3145 1657 3222 1704 est
3265 1649 3487 1721 πτῶμα,
3533 1650 3589 1705 id

316 1734 598 1804 μνήμασιν
625 1734 684 1788 ού
709 1735 1107 1807 κατακλείομεν
1138 1737 1316 1808 ψυχὰς
1340 1738 1478 1809 (65),
1508 1738 1645 1793 άλλά
1675 1738 1903 1810 σώματα

312 1827 740 1896 κατατιθέαμεν,
771 1828 830 1880 ἐν
856 1829 926 1898 γῇ
971 1827 1409 1898 καταχώσαντες,
1432 1821 1509 1883 ὧν
1545 1833 1579 1898 ή
1607 1830 1903 1894 ἀνάστασις

310 1917 394 1980 είς
433 1917 626 1972 ἐλπίδα
674 1917 788 1988 ἔχει
840 1917 901 1972 τὸ
927 1919 1208 1990 κήρυγμα,
1247 1919 1499 1992 καθάπερ
1533 1921 1563 1973 6
1592 1919 1688 1973 τοῦ
1753 1920 1901 1974 σίτου

310 2009 545 2073 κόκκος·
596 2010 672 2072 ὡς
704 2011 798 2064 καὶ
837 2012 866 2063 ὁ
916 2009 1074 2078 ἅγιος
1115 2010 1436 2075 Ἀπόστολος
1463 2012 1562 2082 τὴν
1598 2011 1902 2084 μαρτυρίαν

309 2101 513 2170 ήνεγκε
533 2101 768 2173 περὶτοῦ
788 2101 989 2155 κόκκου
1009 2100 1105 2154 τοῦ
1129 2101 1273 2155 σίτου
1291 2102 1386 2155 καὶ
1411 2102 1520 2156 τῶν
1547 2101 1722 2160 ἄλλων
1741 2114 1904 2174 σπερ-

312 2193 530 2247 ιιάτωψ
572 2193 665 2247 καὶ
699 2193 860 2256 αὐτὸς
883 2193 939 2246 δὲ
977 2195 1006 2246 6
1029 2193 1232 2263 Κύριος
1256 2193 1314 2245 ὲν
1337 2191 1414 2263 τῷ
1442 2193 1759 2264 Εὐαγγελίῳ
1776 2210 1790 2224 ο
1817 2195 1900 2247 ὅτι

321 2285 466 2337 Ἐὰν
496 2283 703 2338 πεσὼν
737 2287 770 2338 ὀ
801 2285 1023 2350 κόκκος
1048 2285 1156 2338 τοῦ
1185 2285 1362 2338 σίτου
1385 2285 1684 2354 ἀποθάνῃ,
1708 2287 1898 2355 μόνος

299 2374 494 2444 μένει.
534 2376 592 2428 '0
633 2375 691 2428 δὲ
748 2375 903 2444 ἅγιος
952 2375 1492 2446 Ἀπόστολόςφήσιν·
1543 2375 1755 2446 ἄφρονα
1789 2376 1898 2448 γὰρ

304 2466 465 2520 καλεῖ
487 2466 578 2519 τὸν
612 2466 840 2520 άπιστον
885 2465 978 2520 τὸν
1012 2466 1150 2530 ὅλως
1209 2465 1644 2537 ἀμφιϐάλλοντα,
1686 2467 1782 2521 καὶ
1803 2467 1896 2519 λέ-

304 2575 506 2627 γονται
566 2556 701 2624 Πῶς
734 2559 772 2626 ἡ
819 2556 1161 2623 ἀνάστασις
1194 2558 1418 2627 γίνεται
1435 2573 1454 2622 ;
1497 2558 1648 2624 ποίῳ
1683 2557 1752 2611 δὲ
1789 2555 1900 2612 σώ-

300 2666 448 2716 ματι
471 2649 750 2718 ἔρχονται
774 2665 794 2712 ;
830 2649 941 2702 Kal
974 2649 1137 2713 εὐθὺς
1166 2649 1302 2720 πρὸς
1334 2650 1461 2714 τοὺς
1488 2648 1761 2712 τοιούτους
1794 2667 1898 2722 φη-

304 2741 393 2794 σίν
409 2757 423 2770 ο
464 2743 712 2810 Ἄφρων,
739 2739 821 2794 σὺ
843 2738 875 2793 ὃ
898 2741 1173 2808 σπείρεις
1192 2739 1264 2794 οὐ
1287 2737 1673 2809 ζωογονεῖται,
1690 2739 1798 2794 ἐὰν
1806 2739 1894 2810 μὴ

301 2831 606 2900 ἀποθάνῃ.
669 2833 780 2886 Καὶ
847 2830 1152 2896 ἑξάπαντος
1209 2831 1410 2898 ἔδειξεν
1462 2833 1495 2901 ἠ
1552 2830 1744 2902 Γραφὴ
1799 2828 1896 2883 τοῦ

300 2923 658 2987 πεπτωκότος
709 2923 935 2988 κόκκου,
971 2924 1217 2977 τουτέστι
1250 2922 1345 2976 τοῦ
1400 2920 1653 2993 σώματος
1674 2922 1768 2975 τοῦ
1796 2922 1893 2975 θα-

2005 1749 2090 1797 est
2124 1757 2336 1810 corpus,
2377 1739 2488 1793 illic
2529 1737 2986 1807 congregabantur
3019 1746 3068 1790 et
3110 1737 3304 1807 aquilis
3330 1739 3368 1792 ‘.
3402 1736 3588 1807 Neque

2003 1828 2150 1883 enim
2206 1827 2477 1899 sepulcris
2533 1826 2750 1882 animas
2805 1823 3162 1890 includimus,
3213 1825 3308 1880 sed
3355 1841 3587 1896 corpora

2002 1916 2156 1972 humi
2210 1917 2430 1973 defossa
2469 1917 2852 1986 componimus
2895 1932 2908 1969 :
2947 1915 3148 1985 quibus
3184 1915 3352 1970 divini
3392 1915 3589 1984 praedi-

2001 2011 2218 2066 catione
2239 2009 2391 2065 verbi
2413 2023 2540 2078 spes
2569 2007 2997 2063 resurrectionis
3021 2007 3364 2062 ostenditur:
3398 2022 3591 2077 quem-

2000 2102 2295 2158 admodum
2331 2101 2388 2156 in
2420 2099 2680 2155 frumenti
2703 2114 2898 2170 grano,
2930 2100 3255 2169 cmterisque
3283 2101 3587 2157 seminibus

1999 2193 2243 2248 accidit:
2277 2207 2345 2248 ex
2394 2191 2595 2262 quibus
2629 2189 2926 2260 Apostolus
2971 2190 3038 2244 ad
3079 2189 3238 2245 ﬁdem
3279 2189 3586 2246 faciendam

1999 2282 2246 2353 exempla
2278 2281 2552 2352 producit,
2599 2291 2660 2336 ut
2687 2289 2741 2338 et
2775 2281 3003 2354 ipsemet
3049 2281 3106 2335 in
3142 2279 3438 2351 Evangelio
3474 2281 3587 2338 Do-

1997 2377 2181 2431 minus
2215 2394 2228 2431 :
2262 2373 2408 2440 Nisi,
2434 2375 2632 2445 inquit,
2664 2389 2887 2444 granum
2912 2372 3165 2441 frumenti
3189 2372 3380 2428 cadens
3411 2374 3465 2426 in
3489 2383 3589 2428 ter-

1997 2484 2115 2522 ram
2141 2476 2406 2520 mortuum
2427 2467 2610 2536 fuerit,
2637 2467 2809 2536 ipsum
2847 2465 3020 2520 solum
3053 2474 3226 2520 manet
3250 2467 3291 2519 ².
3318 2466 3482 2538 308
3517 2467 3588 2522 At

1998 2558 2300 2628 Apostolus
2332 2572 2458 2612 cum
2495 2557 2637 2612 idem
2673 2565 3058 2626 argumentum
3093 2564 3414 2626 pertractat,
3450 2558 3590 2612 insi-

1997 2649 2236 2720 pientem
2272 2664 2398 2703 eum
2429 2649 2683 2718 appellat,
2723 2649 2818 2718 qui
2857 2663 2965 2703 non
3004 2647 3201 2713 credit,
3236 2655 3332 2702 aut
3361 2649 3588 2704 omnino

1998 2740 2260 2796 basitans
2289 2727 2622 2809 interrogat:
2657 2737 2933 2804 Quomodo
2964 2738 3024 2806 ﬁt
3059 2739 3374 2792 resurrectio
3393 2741 3418 2794 7
3439 2738 3593 2809 quali

1996 2841 2172 2886 autem
2211 2846 2427 2899 corpore
2473 2831 2717 2885 venient?
2750 2829 2827 2884 Ac
2870 2830 3056 2884 statim
3106 2837 3299 2884 contra
3351 2830 3473 2886 illos
3505 2829 3592 2886 sic

1997 2922 2276 2992 disputat:
2317 2921 2602 2991 Insipiens,
2635 2931 2691 2974 tu
2720 2921 2858 2991 quod
2886 2922 3116 2975 seminus
3138 2937 3241 2974 non
3266 2921 3582 2990 viviﬁcatur,

299 3016 598 3085 πτομένου,
654 3015 750 3069 καὶ
813 3015 876 3068 ού
915 3014 1092 3086 ψυχῆς
1133 3015 1232 3085 τὴν
1279 3014 1578 3069 ἀνάστασιν
1625 3012 1892 3082 γίνεσθαι.

2003 3012 2099 3065 nisi
2117 3011 2265 3078 prius
2296 3012 2558 3064 moriatur
2582 3011 2628 3063 ⁸.
2665 3009 2786 3075 Qua
2817 3025 2884 3064 ex
2926 3009 3226 3080 Scriptura:
3261 3013 3587 3066 auctoritate

300 3108 429 3172 Πῶς
477 3107 538 3161 δὲ
589 3107 736 3180 ψυχὴ
791 3106 1072 3160 ἐλεύσεται
1131 3106 1298 3178 μόνη;
1345 3106 1463 3170 πῶς
1493 3107 1552 3159 δὲ
1585 3105 1892 3176 βασιλεύσει

2003 3101 2176 3176 plane‘
2211 3099 2347 3156 illud
2400 3099 2783 3170 intelligimus,
2825 3115 2999 3172 grano
3049 3101 3128 3154 illi
3167 3100 3319 3171 quod
3362 3101 3584 3167 cecidit,

301 3199 443 3270 μόνη
463 3201 496 3269 ή
523 3198 659 3269 ὁμοῦ
689 3199 785 3252 σὺν
809 3195 1023 3267 σώματι
1049 3196 1402 3268 ἐργασαμένη
1424 3195 1485 3250 τὸ
1508 3195 1716 3250 δίκαιον
1762 3194 1794 3265 ἢ
1830 3194 1892 3247 τὸ

2003 3191 2104 3246 hoc
2131 3201 2217 3248 est
2249 3190 2574 3261 consepulto
2608 3191 2849 3262 corpori,
2900 3205 3010 3245 non
3062 3191 3280 3256 animae,
3333 3207 3586 3249 resurre-

299 3289 540 3359 φαῦλον;
571 3289 725 3343 ἔσται
752 3289 863 3360 γάρ
896 3288 1117 3342 ἐναντία
1149 3287 1244 3342 καὶ
1274 3287 1336 3340 οὑ
1367 3287 1558 3342 δικαία
1607 3289 1642 3358 ή
1681 3286 1885 3358 κρίσις.

2003 3284 2234 3339 ctionem
2265 3299 2389 3339 esse
2416 3283 2828 3338 vindicandam.
2858 3281 3071 3338 Etenim
3097 3282 3372 3353 quomodo
3401 3283 3584 3337 anima

296 3383 418 3438 sola
451 3384 684 3447 veniret,
733 3391 828 3437 aut
879 3397 1109 3452 regnare
1161 3381 1279 3437 sola
1332 3389 1542 3452 posset,
1597 3396 1721 3453 qua:
1789 3395 1916 3436 cum
1955 3393 2190 3449 corpore
2229 3379 2375 3449 quod
2410 3379 2619 3449 justum
2652 3379 2751 3449 .vel
2798 3379 3003 3434 malum
3057 3384 3144 3434 est
3219 3378 3586 3434 communiter

295 3479 582 3535 exercuit?
623 3477 783 3534 Esset
820 3477 1024 3549 quippe
1063 3477 1295 3547 iustitiae
1341 3478 1569 3534 minime
1595 3486 2028 3533 consentaneum
2065 3482 2123 3529 ct
2153 3475 2415 3530 alienum.

370 3577 466 3643 ς’.
497 3573 622 3637 Πῶς
651 3573 709 3627 δὲ
739 3573 1137 3645 συσταθήσεται
1169 3575 1199 3626 6
1229 3574 1356 3644 παρ’
1407 3573 1556 3644 αύτῷ
1599 3571 1888 3643 Μαρκίωνι

295 3664 471 3737 τριιῖιν
508 3665 692 3736 ἀρχῶν
720 3663 911 3732 λόγος;
975 3663 1102 3728 Πῶς
1142 3663 1199 3716 δὲ
1237 3665 1265 3716 6
1293 3662 1496 3732 ἀγαθὸς
1533 3662 1888 3734 εὑρεθήσεται

296 3760 359 3812 ὲν
393 3761 508 3821 τοῖς
528 3756 622 3810 τοῦ
662 3757 868 3826 φαύλου
903 3757 1123 3829 μέρεσιν
1165 3756 1326 3827 ἔργον
1349 3756 1612 3811 ἐπιτελῶν
1644 3757 1677 3828 ἢ
1708 3774 1886 3827 σωτη-

297 3837 446 3924 ρίας,
480 3850 515 3920 ἢ
567 3849 679 3904 τῶν
732 3849 945 3915 άλλων;
975 3851 1039 3903 El
1084 3849 1194 3920 γὰρ
1219 3850 1321 3902 οὐκ
1368 3847 1534 3903 αὑτοῦ
1563 3849 1822 3920 τυγχάνει
1857 3849 1888 3902 6

295 3944 526 4014 κόσμος,
570 3943 858 3996 ἀπέστειλε
921 3941 979 3995 δὲ
1029 3941 1196 3997 αὑτοῦ
1243 3942 1336 3995 τὸν
1376 3940 1658 4012 Μονογενῆ
1683 3943 1762 4006 είς
1792 3942 1886 3996 τὸν

295 4037 506 4106 κόσμον
518 4034 705 4087 λαϐεῖν
723 4036 787 4088 ὲκ
803 4033 898 4087 τοῦ
920 4033 1126 4104 κόσμου
1140 4031 1234 4086 τοῦ
1251 4031 1555 4103 ἀλλοτρίου,
1578 4031 1614 4086 ἃ
1633 4030 1708 4103 μὴ
1723 4032 1886 4097 αὐτὸς

293 4130 546 4199 ἔσπειρε,
574 4126 710 4197 μηδὲ
732 4125 1007 4197 ἐποίησεν·
1035 4125 1438 4198 εὑρεθήσεταιῆ
1458 4124 1568 4178 τῶν
1591 4125 1887 4197 ἀλλοτρίων

296 4219 659 4291 ἑφιέμενος,ἦ
690 4218 882 4272 πενίαν
911 4219 1300 4288 ὑφιστάμενος,
1340 4218 1435 4272 καὶ
1462 4217 1569 4271 ίδια
1612 4218 1686 4289 μὴ
1722 4217 1882 4289 ἔχων,

297 4313 392 4364 ἐπὶ
425 4309 497 4364 τά
528 4309 786 4380 ἀλλότρια
807 4307 1000 4362 ἑαυτὸν
1029 4308 1315 4371 ἐπιδιδοὺς,
1342 4309 1491 4372 ὅπως
1515 4307 1694 4379 ἑαυτῷ
1722 4325 1888 4379 προσ-

2069 3568 2160 3622 V'l.
2207 3568 2344 3623 Nam
2389 3557 2586 3638 triplex
2630 3569 2764 3623 illud
2807 3566 3101 3624 Marcionis
3131 3567 3458 3638 principium
3489 3581 3582 3623 co.

1996 3657 2203 3713 haerere
2238 3672 2348 3727 quo
2377 3657 2596 3712 demum
2632 3664 2796 3726 pacto
2827 3656 3065 3724 poterit?
3100 3655 3206 3722 Qui
3249 3665 3432 3712 autem
3466 3655 3581 3712 ﬁeri

1995 3754 2200 3818 potest,
2230 3755 2289 3802 ut
2315 3747 2412 3818 qui
2442 3747 2621 3801 bonus
2651 3747 2744 3810 sit,
2777 3745 2831 3798 in
2857 3745 3148 3801 deterioris
3172 3747 3419 3816 partibus
3441 3761 3580 3816 Opus

1994 3839 2252 3894 moliatur
2283 3840 2474 3904 ullum,
2515 3839 2660 3909 quod
2694 3838 2760 3893 ad
2798 3837 3032 3892 salutem
3075 3847 3128 3892 et
3167 3837 3220 3891 id
3271 3853 3444 3908 genus
3473 3840 3580 3894 alia

1993 3929 2300 3999 pertineat?
2340 3927 2400 3983 Si
2431 3928 2578 3983 enim
2615 3942 2727 3982 non
2762 3926 2937 3997 ipsius
2967 3925 3266 3997 peculiaris
3297 3934 3380 3982 est
3415 3943 3578 3982 mun-

1993 4021 2120 4086 dus,
2150 4029 2204 4077 et
2233 4022 2286 4075 in
2312 4021 2566 4077 eumdem
2595 4020 2886 4090 unigenam
2903 4033 3061 4074 suum
3091 4017 3450 4074 nihilominus
3476 4019 3579 4073 im-

1994 4113 2166 4178 misit,
2205 4121 2263 4168 ut
2297 4129 2365 4169 ex
2409 4113 2587 4170 alieno
2632 4111 2838 4167 mundo
2883 4111 3029 4182 quod
3076 4127 3176 4167 nec
3207 4122 3439 4178 severat,
3476 4129 3578 4170 nec

1993 4204 2222 4271 fecerat,
2255 4206 2498 4261 auferret
2529 4225 2542 4262 :
2581 4220 2812 4261 necesse
2845 4212 2930 4260 est
2964 4203 3117 4259 illum
3153 4207 3240 4261 vel
3270 4206 3576 4261 alienorum

1992 4299 2308 4369 cupiditate,
2352 4299 2436 4354 vel
2481 4297 2708 4368 penuria
2749 4297 3002 4354 laborare
3036 4317 3049 4352 :
3091 4307 3150 4352 ut
3184 4313 3307 4352 cum
3338 4298 3577 4368 propriis

296 4406 595 4475 ποξίσήται
612 4404 647 4458 ἀ
665 4404 738 4475 μὴ
759 4405 1022 4475 πράτερον
1040 4403 1174 4474 ἔχει.
1197 4403 1320 4467 Πῶς
1335 4401 1391 4455 δὲ
1416 4401 1890 4475 κριτὴςάναμέσον

2003 4399 2200 4457 careat,
2245 4391 2298 4444 in
2329 4404 2392 4446 ea
2423 4404 2546 4460 qua:
2582 4389 2809 4446 alterius
2854 4398 3006 4454 sunt,
3050 4405 3246 4446 manus
3293 4390 3574 4454 immittat,

297 4474 627 4569 ἀμφοτέρων
652 4474 941 4568 χενήσεται
965 4499 994 4550 6
1023 4495 1393 4567 Δημιουργός;
1422 4474 1556 4548 Elea
1595 4493 1742 4556 τίνας
1776 4492 1889 4562 ἔχει

2003 4497 2103 4554 quo
2135 4481 2238 4538 sibi
2271 4496 2392 4552 qua:
2428 4490 2588 4536 antea
2621 4497 2731 4536 non
2764 4482 2999 4538 habebat
3028 4491 3280 4552 usurpet.
3309 4481 3578 4536 Conditor

297 4593 519 4662 κρῖναις
553 4589 616 4641 El
648 4588 758 4658 γὰρ
801 4581 916 4642 ’τῶν
943 4588 1054 4642 ἀπὸ
1095 4586 1191 4640 τοῦ
1232 4587 1345 4641 ἀνω
1392 4585 1602 4639 σκευῶν
1627 4583 1889 4654 δικαστὴς

2003 4593 2155 4649 porro
2190 4577 2466 4648 quomodo
2506 4575 2652 4631 inter
2688 4585 2952 4647 utrosque
2984 4575 3276 4646 judicabit,
3310 4584 3406 4630 aut
3437 4590 3578 4644 quo-

298 4681 722 4754 προκαθέζεται,
755 4680 929 4752 ἰσχύει
952 4681 1092 4752 ὑπὲρ
1119 4679 1210 4733 τὸν
1232 4679 1374 4734 ἀνω·
1399 4679 1585 4750 ἐπειδὴ
1619 4675 1775 4750 φέρει
1805 4677 1888 4740 είς

2003 4683 2112 4722 rum
2155 4665 2383 4721 omnino
2419 4679 2641 4721 causam
2687 4664 3054 4735 disceptabit?
3104 4663 3163 4718 Si
3207 4665 3352 4719 enim
3383 4663 3451 4718 de
3481 4664 3572 4729 iis,

300 4773 468 4842 μέσον
495 4771 604 4824 τῶν
639 4769 806 4825 αὑτοῦ
836 4770 1135 4839 κριτηρίων
1159 4769 1228 4823 τὰ
1259 4768 1357 4822 τοῦ
1399 4769 1513 4822 ἀνω
1541 4768 1881 4838 ὑπάρχοντα,

2003 4774 2112 4830 luas
2140 4758 2196 4813 in
2230 4757 2477 4828 supremi
2523 4757 2674 4812 illius
2716 4756 3065 4828 possessione
3111 4765 3259 4821 sunt,
3303 4755 3572 4823 judicium

295 4860 369 4924 ὡς
409 4860 492 4930 τῷ
536 4860 825 4932 Μαρκίωνι
864 4859 1033 4925 ἔδοξε.
1063 4860 1172 4912 Kal
1213 4860 1260 4912 ει
1293 4858 1429 4922 ὅλως
1457 4859 1650 4930 κριτὴς
1681 4857 1883 4927 τυγχά-

2003 4858 2263 4914 exerceat,
2296 4849 2401 4906 erit
2435 4862 2690 4917 supremo
2740 4848 2832 4902 illo
2877 4847 3193 4916 potentior:
3238 4853 3426 4917 utpote
3478 4845 3573 4916 qui

297 4968 399 5015 νει,
428 4951 639 5016 δίκαιός
671 4952 806 5006 ἐστι.
833 4951 1104 5022 Δείξωμεν
1125 4950 1182 5003 δὲ
1211 4951 1318 5004 ἀπὸ
1331 4949 1424 5003 τοῦ
1453 4949 1661 5004 δικαίου
1686 4948 1884 5020 ὀνόμα-

2003 4959 2114 5014 qua:
2147 4941 2266 5010 ejus
2306 4950 2437 5000 sunt
2476 4956 2637 4997 suum
2684 4940 2752 4995 ad
2802 4938 3044 4993 tribunal
3095 4937 3574 5008 cognitionemque

299 5061 409 5108 τος,
439 5047 524 5098 ὅτι
547 5045 742 5098 ταυτόν
757 5045 874 5097 ἐστι
896 5044 957 5097 τὸ
982 5042 1184 5112 ἀγαθὸν
1203 5044 1298 5097 καὶ
1326 5043 1388 5095 τὸ
1402 5042 1627 5096 δίκαιον.
1645 5042 1760 5095 Πᾶν
1779 5039 1886 5111 γάρ

2003 5035 2318 5101 transferat,
2369 5044 2428 5090 ut
2464 5033 2683 5106 quidem
2735 5031 2999 5086 Marciani
3049 5029 3280 5086 videtur.
3327 5025 3483 5093 Quod
3524 5027 3570 5082 si

303 5134 558 5189 ὃδίκαιόν
579 5137 714 5196 ἐστι,
743 5133 900 5187 τοῦτο
932 5133 1026 5188 καὶ
1064 5133 1294 5201 ἀγαθόν.
1346 5131 1480 5186 Ἀπὸ
1503 5131 1612 5204 γὰρ
1625 5130 1720 5184 τοῦ
1749 5131 1887 5198 ἀγαο

303 5225 392 5279 ὑὸν
441 5221 585 5280 εἶναι
630 5226 692 5279 τὸ
712 5225 916 5295 ἀγαθὸν
956 5225 1240 5298 χαρίζεται
1283 5225 1509 5289 δικαίως
1563 5223 1700 5295 μετά
1753 5222 1886 5294 άλη-

372 5339 394 5373 ⁸
456 5338 592 5397 Luc.
629 5355 764 5406 ιινιι,
793 5343 884 5398 37.
961 5344 982 5374 ’
1010 5339 1170 5396 Joan.
1202 5357 1300 5405 ιιι,
1328 5340 1420 5396 24.

1988 5129 2157 5200 judex
2186 5135 2292 5192 est,
2327 5127 2554 5183 omnino
2586 5127 2771 5198 justus
2802 5124 2993 5180 itidem
3031 5123 3105 5180 sit
3131 5128 3364 5194 oportet.
3400 5117 3572 5186 Atqui

1993 5236 2062 5276 ex
2104 5221 2224 5291 ipso
2261 5220 2399 5292 justi
2441 5221 2664 5278 nomine
2695 5219 2898 5276 bonum
2929 5232 2993 5275 ac
3019 5217 3230 5289 justum
3266 5212 3414 5272 idem
3449 5223 3579 5268 esse

1497 5339 1518 5370 ³
1541 5337 1561 5392 l
1583 5338 1710 5394 Cor.
1739 5354 1830 5405 xv,
1865 5336 1958 5402 3'5,
1989 5337 2078 5397 36.

377 5453 490 5526 (65)
531 5458 614 5512 Οὐ
640 5455 1070 5526 κατακλείομεν
1094 5453 1317 5524 ψυχάς.
1352 5452 1509 5519 Quod
1531 5451 1736 5508 ethnici
1771 5450 1898 5507 certi

2003 5449 2169 5505 itibus
2197 5451 2492 5512 faciebant.
2526 5448 2663 5508 llinc
2697 5459 2758 5506 ut
2785 5445 3006 5506 ᾸΞηεὶα.
3033 5456 3050 5496 :

1885 5539 2240 5612 Animamque
2285 5543 2523 5620 sepulcro

1472 5606 1771 5667 Conditum.
