4078 6074
455 248 561 301 70ἶῖ

1873 240 1931 329 εε
1974 242 2338 301 EPIPHANII.

3616 236 3724 293 εωι

458 359 979 419 demonstrabimus.
1039 360 1315 431 Quidquid
1366 355 1509 415 enim
1554 359 1764 431 justum
1819 372 1924 426 est,
1981 362 2020 418 id

2141 361 2288 426 θείας
2312 360 2390 433 τῷ
2419 357 2599 428 ἀγαθά
2626 359 2920 431 δράσαντι·
2963 359 3059 414 καί
3088 357 3281 413 οιῖνκέιιτι⁹
3298 356 3450 411 ἔσται
3495 356 3635 429 πρὸς
3653 352 3717 413 ab

456 455 622 508 etiam
662 462 748 509 est
778 454 1003 509 bonum.
1044 451 1121 505 Ex
1166 466 1234 508 eo
1265 451 1479 521 quippe.
1507 452 1655 521 Quod
1702 453 1906 507 bonum
1944 454 2036 522 sit,

460 546 562 599 hoc
596 544 781 610 habet,
819 551 879 598 ut
924 543 974 598 ei
1011 544 1105 612 qui
1145 542 1291 596 bona
1332 541 1548 607 fecerit,
1575 541 1725 613 juste
1763 558 1827 598 ac
1858 545 2038 616 reipsa

456 636 660 691 bonum
692 634 973 705 rependat.
999 633 1180 699 Quare
1207 633 1352 702 quod
1380 632 1584 687 bonum
1614 640 1698 688 est
1729 632 1873 688 bono
1902 650 2035 689 con-

458 727 687 781 trarium
720 740 829 779 non
860 726 998 792 erit;
1031 724 1164 780 illud
1197 725 1431 792 scilicet,
1480 725 1624 795 quod
1669 733 1725 781 et
1757 725 1903 781 bono
1939 726 2037 781 bo-

458 831 587 871 num
612 829 680 870 ex
718 815 931 886 justitia
981 816 1212 880 tribuat,
1246 825 1300 871 et
1336 815 1482 869 malo
1504 815 1718 871 debitas
1745 830 1938 886 poenas
1969 830 2035 872 ac

456 908 725 979 supplicia
772 909 1090 964 constituat.
1141 906 1398 963 Vicissim
1433 921 1563 962 vero
1594 922 1698 963 nec
1731 908 1822 964 ille
1859 909 2035 965 bonus

454 999 581 1061 erit,
619 998 712 1068 qui
745 1014 872 1054 eum
912 999 1004 1067 qui
1041 997 1219 1054 malus
1250 998 1322 1053 sit
1350 998 1405 1052 in
1434 998 1541 1053 fine
1570 998 1814 1069 praemiis
1846 999 2030 1067 allicit,

454 1089 561 1146 nisi
592 1089 732 1144 forte
765 1090 1091 1160 resipuerit;
1125 1090 1376 1160 quamvis
1414 1090 1579 1149 modo
1603 1105 1761 1160 super
1785 1091 1945 1146 bonos
1971 1108 2034 1146 ac

454 1180 626 1234 malos
657 1181 790 1234 oriri
820 1181 983 1236 solem
1028 1196 1182 1235 suum
1215 1181 1403 1250 faciat,
1432 1189 1586 1251 atque
1620 1182 1841 1236 imbrem
1879 1198 2032 1236 suum

455 1271 718 1341 largiatur
752 1274 768 1304 ί
808 1291 822 1328 :
854 1279 1230 1343 propteream
1264 1288 1386 1342 qua:
1420 1273 1474 1327 in
1513 1273 1675 1331 malis
1708 1274 1935 1344 perinde
1967 1286 2032 1328 ac

453 1365 617 1421 bonis
639 1365 885 1421 cernitur
910 1363 1124 1419 arbitrii
1150 1363 1483 1419 libertatem.
1509 1361 1699 1434 Neque
1720 1365 1865 1420 enim
1887 1364 2032 1420 bona

452 1455 572 1527 ejus
599 1470 719 1512 esse
751 1464 948 1511 natura
977 1463 1180 1526 potest,
1209 1456 1301 1526 qui
1334 1455 1390 1510 in
1420 1454 1606 1510 futuro
1632 1456 1832 1512 saeculo
1859 1456 2033 1512 scele-

453 1557 572 1603 rato
605 1549 841 1619 cuipiam
872 1547 1179 1602 mercedem
1213 1548 1408 1603 salutis
1437 1547 1708 1610 conferat.
1740 1563 1844 1603 nec
1874 1547 2033 1618 quid-

451 1639 582 1710 quid
612 1639 810 1693 malum
841 1645 925 1693 est
960 1638 1142 1707 potius
1180 1645 1514 1692 exsecretur.
1556 1636 1693 1691 Nam
1730 1637 1891 1707 307
1922 1645 2033 1692 ter-

2142 452 2347 522 ἀγαθὸν
2397 452 2652 516 ἐναντίως
2712 451 2792 523 τῷ
2835 451 3048 522 ἀγαθῷ,
3083 450 3227 505 κατὰ
3268 448 3618 521 δικαιοσύνην
3654 447 3717 504 τὸ

2141 543 2345 613 ἀγαθὸν
2373 540 2455 612 τῷ
2486 539 2674 613 ἀγαθῷ
2702 542 2983 614 παρέχων,
3025 541 3120 596 καὶ
3155 540 3236 613 τῷ
3262 539 3453 610 φαύλῳ
3477 538 3576 610 τὴν
3596 540 3717 592 ἑπι-

2140 632 2332 702 τιμίαν
2380 631 2481 702 τῆς
2540 630 2830 702 τιμωρίας.
2874 630 3012 685 Οὐδὲ
3061 628 3223 684 πάλιν
3253 626 3456 698 ἀγαθὸς
3482 627 3549 682 ἂν
3572 628 3660 696 εἴη
3685 628 3717 681 ό

2136 721 2223 793 τῷ
2268 721 2491 794 πονηρῷ
2520 720 2614 774 τὸν
2650 721 2857 790 ἀγαθὸν
2894 720 3084 793 μισθδν
3125 720 3220 774 ἐπὶ
3248 718 3329 791 τῷ
3356 719 3498 774 τέλει
3528 718 3718 774 ἀποδι-

2137 813 2282 881 δοὺς,
2314 814 2389 884 μὴ
2416 812 2802 884 μετανοοῦντι-
2843 814 2892 867 εἰ
2916 813 3013 868 καὶ
3043 815 3102 867 ὲν
3120 811 3200 883 τῷ
3221 811 3453 883 παρόντι
3471 808 3720 867 ἀνατέλ-

2135 909 2231 960 λοι
2274 905 2460 961 αὐτοῦ
2502 906 2611 961 τὸν
2639 907 2819 975 ἥλιον
2858 906 2956 960 ἐπὶ
3000 905 3263 976 ἀγαθοὺς
3290 905 3387 959 καί
3418 905 3715 974 φαύλους,

2135 996 2235 1051 καὶ
2282 997 2390 1051 τὸν
2427 997 2607 1052 ὑετὸν
2625 997 2812 1053 αὐτοῦ
2834 995 3105 1068 παρέχοι,
3137 996 3228 1051 διὰ
3245 997 3307 1051 τὸ
3329 996 3424 1053 νῦν
3455 996 3713 1062 αὐτεξού-

2138 1105 2272 1152 σιον,
2297 1091 2413 1153 τοῖς
2436 1106 2497 1143 τε
2520 1091 2777 1162 πονηροῖς
2797 1090 2892 1143 καὶ
2913 1088 3136 1158 ἀγαθοῖς
3157 1088 3483 1162 ἀνθρώποις.
3513 1090 3713 1161 ’Δγαθὴ

2134 1179 2244 1252 γὰρ
2261 1178 2442 1234 οὐκέτι
2469 1181 2621 1235 ἔσται
2637 1180 2823 1252 φύσις,
2841 1182 2937 1237 καὶ
2950 1182 3134 1235 δικαία
3149 1181 3245 1235 τοῦ
3265 1182 3342 1253 τῷ
3362 1182 3582 1253 πονηρῷ
3618 1200 3710 1253 μισ

2136 1273 2260 1327 σθὺν
2290 1275 2349 1327 ὲν
2379 1272 2457 1344 τῷ
2492 1274 2739 1345 μέλλοντι
2759 1274 2917 1328 αἰῶνι
2945 1274 3218 1346 σωτηρίας
3240 1274 3590 1346 παρέχοντος,
3614 1274 3711 1330 καὶ

2133 1363 2194 1417 οὑ
2231 1364 2434 1437 μᾶλλον
2480 1366 2768 1436 μισοῦντες
2811 1366 2873 1419 τὸ
2902 1366 3140 1438 πονηρὸν
3177 1367 3272 1420 καὶ
3303 1366 3527 1436 φαῦλον.
3565 1367 3624 1422 '0
3651 1367 3712 1422 δὲ

2131 1455 2314 1526 τρίτος
2341 1457 2729 1530 εὑρισκόμενος
2758 1460 2888 1530 παρ’
2912 1456 3062 1530 αὐτῷ
3104 1458 3359 1530 πονηρὸς,
3388 1459 3438 1512 εἰ
3471 1459 3584 1530 ἔχει
3609 1459 3711 1530 τὴν

2134 1548 2385 1615 ἐξουσίαν
2412 1549 2480 1603 τὰ
2517 1549 2731 1621 πονηρά
2760 1549 3114 1623 ἐργάζεσθαι,
3138 1551 3233 1604 καὶ
3262 1550 3576 1622 κατισχύειν
3599 1551 3711 1606 τῶν

2134 1639 2192 1692 ὲν
2244 1638 2325 1710 τῷ
2380 1639 2594 1711 κόσμῳ,
2625 1641 2659 1712 ή
2689 1640 2798 1695 τῶν
2825 1639 3034 1696 ἄνωθεν
3063 1640 3304 1709 ἀγαθῶν,
3351 1641 3386 1711 ἢ
3415 1642 3510 1695 τοῦ
3540 1640 3711 1713 μέσου

454 1731 567 1784 tius
615 1729 727 1795 ille,
776 1727 869 1799 qui
918 1743 947 1782 a
996 1726 1274 1781 Marciane
1307 1727 1529 1796 ponitur
1568 1726 1768 1794 malus,
1810 1728 1855 1781 si
1892 1726 2020 1781 male

2131 1728 2363 1792 δικαίου,
2393 1729 2749 1801 εὑρεθήσεται
2781 1730 3129 1802 ίσχυρότερος
3147 1724 3302 1795 οὗτος
3327 1730 3418 1784 δύο
3450 1730 3712 1785 θεῶντῶν

455 1820 652 1891 agendi
687 1825 959 1890 potestate
1014 1817 1274 1888 praeditus
1325 1827 1429 1882 est,
1481 1826 1645 1888 atque
1695 1834 1788 1874 eos
1837 1819 1931 1889 qui
1974 1818 2031 1874 in

452 1910 658 1966 mundo
687 1919 835 1975 sunt,
880 1915 973 1963 aut
1006 1924 1036 1964 e
1066 1910 1210 1963 coelo
1247 1909 1458 1980 delapsi
1508 1919 1654 1977 sunt,
1710 1911 1905 1977 bonos,
1936 1918 2031 1966 aut

450 2002 784 2057 mediocrem
814 2001 1023 2071 justum
1060 2015 1377 2071 expugnare
1403 1998 1614 2070 "potest,
1654 2002 1871 2058 duobus
1900 2005 2031 2058 reli-

447 2094 573 2163 quis
606 2091 713 2148 diis
748 2091 852 2147 erit
892 2091 1181 2161 potentior,
1220 2090 1423 2162 quippe
1457 2094 1552 2163 qui
1583 2093 1761 2148 aliena
1791 2108 1887 2164 per
1917 2093 2028 2148 vim

446 2183 618 2251 possit
648 2182 875 2251 eripere.
910 2180 1001 2235 Isti
1046 2194 1194 2243 vero,
1237 2181 1284 2236 si
1328 2197 1456 2238 cum
1492 2182 1588 2237 illo
1615 2192 2023 2254 comparentur,

2131 1821 2284 1893 παρὰ
2326 1822 2614 1894 Μαρκίωνι
2656 1821 2966 1893 λεγομένων
2987 1837 3002 1852 ·
3041 1822 3228 1893 ἐπειδὴ
3269 1821 3572 1890 ἐξουσιάζει
3616 1824 3713 1896 ἀρ-

2130 1913 2323 1979 πάζειν
2349 1912 2419 1967 τὰ
2457 1913 2735 1985 ἀλλότρια.
2772 1914 2885 1969 Καὶ⁸
2915 1914 3165 1987 ἀδρανεῖς
3192 1913 3376 1969 λοιπὸν
3394 1915 3711 1987 καταψηφι-

2129 2002 2417 2073 σθήσονται
2447 2003 2496 2055 οἰ
2531 2001 2624 2055 δύο
2654 2002 2805 2076 παρὰ
2846 2003 2939 2057 τὸν
2961 2003 3059 2057 ἕνα
3093 2020 3228 2074 πονη
3239 2002 3352 2074 ρδν,
3376 2004 3428 2056 οἰ
3454 2003 3528 2075 μὴ
3547 2001 3711 2058 δυνά-

2128 2110 2280 2165 μενοι
2335 2093 2603 2165 ἀντέχειν,
2653 2095 2749 2148 καὶ
2795 2093 3020 2166 ῥύεσθαι
3063 2094 3173 2149 ἀπὸ
3222 2094 3317 2147 τοῦ
3365 2092 3708 2165 ἁρπάζοντος

2123 2182 2192 2237 τὰ
2234 2182 2416 2237 αὐτῶν
2437 2183 2588 2247 ὄντα,
2615 2184 2708 2236 καὶ
2736 2185 2815 2248 εἰς
2845 2184 3109 2256 πονηρίαν
3137 2183 3566 2256 μεταϐάλλοντος

446 2274 626 2346 ignavi
654 2282 709 2330 et
739 2274 1303 2331 imbecilles-habendi
1333 2284 1505 2333 sunt:
1539 2278 1633 2348 qui
1668 2278 1887 2350 quidem
1922 2278 2182 2336 resistere
2235 2288 2530 2350 nequeant,
2587 2295 2795 2351 suaque
2849 2280 2918 2336 ab
2946 2280 3112 2349 illius,
3155 2280 3251 2352 qui
3295 2295 3361 2338 ea
3403 2280 3612 2354 rapiat,
3649 2291 3710 2340 et

443 2366 611 2422 insita
649 2367 753 2422 sibi
784 2367 1049 2437 pravitate
1074 2379 1411 2439 corrumpat,
1444 2369 1646 2440 injuria
1676 2369 1980 2427 vindicare.

516 2456 628 2511 Vll.
663 2454 955 2513 Verum‘ut
988 2459 1222 2531 improbi
1252 2460 1543 2517 nebulonis
1569 2462 1761 2518 inanes
1794 2472 1865 2518 ac'
1887 2461 2025 2518 ridi-

442 2553 598 2608 culas
627 2552 838 2609 fabulas
867 2555 1040 2624 magis
1067 2555 1351 2626 magisque
1374 2557 1708 2624 refellamus,
1736 2558 1841 2613 alia
1872 2558 2019 2614 istud

441 2646 655 2702 ratione
677 2646 1142 2702 considerandum
1165 2656 1270 2704 est.
1296 2648 1508 2705 Etenim
1538 2650 1585 2706 si
1607 2652 1783 2717 malus
1807 2646 1897 2707 ille
1925 2666 2019 2722 pe-

440 2738 590 2795 nitus
626 2739 801 2793 malus
825 2751 930 2806 est,
965 2748 1020 2794 et
1058 2753 1088 2793 a
1122 2739 1267 2793 bono
1311 2740 1669 2798 nihilominus
1714 2742 1887 2798 bonos
1917 2758 2018 2797 au-

442 2829 601 2896 ferat,
640 2831 819 2899 justos
861 2847 892 2884 a
947 2831 1122 2899 justo,
1158 2829 1306 2885 solos
1339 2832 1425 2886 sui
1469 2832 1677 2889 similes
1719 2834 2017 2905 relinquat,

2203 2453 2278 2510 Z'.
2307 2456 2518 2522 ιἌλλως
2540 2458 2597 2512 δὲ
2625 2457 2787 2515 πάλιν
2814 2460 3116 2532 νοήσωμεν,
3142 2459 3231 2514 ἴνα
3254 2461 3355 2534 τὴν
3390 2445 3589 2533 χλεύην
3609 2461 3707 2517 τοῦ

2129 2547 2370 2620 ἀγύρτου
2412 2549 2757 2621 φωράσωμεν
2795 2549 2897 2622 τῆς
2955 2553 3447 2625 ματαιοφροσύνης.
3497 2555 3561 2608 Εἰ
3594 2554 3709 2628 γὰρ

2127 2639 2262 2702 ὅλως
2301 2642 2331 2692 ό
2366 2640 2600 2712 πονηρὸς
2649 2640 2905 2714 ὑπάρχει,
2949 2643 3183 2714 ἁρπάζει
3218 2644 3276 2698 δὲ
3316 2648 3441 2708 τοὺς
3467 2646 3711 2716 ἀγαθοὺς

2126 2731 2239 2785 ἀπὸ
2279 2730 2374 2785 τοῦ
2410 2732 2641 2801 ἀγαθοῦ,
2673 2734 2768 2787 καὶ
2794 2734 2922 2798 τοὺς
2942 2733 3187 2800 δικαίους
3217 2737 3324 2790 ἀπὸ
3349 2738 3442 2791 τοῦ
3469 2739 3705 2805 δικαίου,

2130 2822 2292 2887 ἰδίους
2313 2823 2370 2877 δὲ
2393 2824 2494 2896 οὐχ
2517 2822 2751 2896 ἁρπάζει
2777 2825 2970 2897 μόνους
2990 2843 3007 2859 ο
3032 2828 3382 2899 εὑρεθήσεται
3411 2829 3442 2881 ό
3464 2830 3708 2904 πονηρὸς
3760 2868 3774 2879 .

441 2921 628 2990 utique
645 2922 832 2975 malus
860 2935 983 2975 esse
1013 2919 1249 2984 desinet,
1285 2920 1376 2991 qui
1419 2922 1597 2978 malus
1634 2924 1858 2991 dicitur,
1892 2941 2017 2981 cum

2124 2914 2309 2968 οὑκέτι
2346 2915 2601 2988 πονηρὸς,
2639 2916 2749 2970 τῶν
2793 2916 3014 2985 ἀγαθῶν
3043 2918 3389 2991 ὀρεγόμενος,
3447 2924 3545 2976 καὶ
3584 2925 3710 2976 ὲπι-

440 3012 707 3066 bonorum
743 3009 1017 3065 desiderio
1053 3018 1324 3078 teneatur,
1358 3013 1691 3085 eosdemque
1720 3017 1822 3072 sibi
1860 3019 2020 3088 quasi

2124 3004 2481 3077 δικαζόμενος
2534 3006 2611 3070 ὡς
2680 3005 2988 3077 βελτιόνων.
3035 3008 3101 3062 Εἰ
3147 3010 3204 3063 δὲ
3236 3011 3332 3064 καὶ
3369 3013 3496 3077 τοὺς
3541 3012 3709 3077 ἰδίους

441 3103 697 3158 meliores
734 3117 985 3158 asserere
1021 3104 1262 3159 studeat.
1308 3102 1407 3159 Sin
1438 3104 1505 3160 de
1533 3106 1651 3162 suis
1680 3122 1902 3178 quoque
1931 3108 2021 3177 ju-

439 3192 647 3248 dicium
688 3193 964 3259 instituat,
1014 3194 1085 3250 ab
1131 3195 1310 3270 iisque
1355 3195 1449 3265 qui
1492 3195 1752 3266 injuriam
1797 3197 2023 3254 fecerint

440 3302 631 3358 poenas
662 3288 862 3358 exigat,
891 3303 999 3343 non
1028 3288 1142 3359 jam
1181 3291 1360 3346 malus
1392 3291 1500 3346 erit
1530 3300 1719 3363 utpote
1749 3294 2020 3349 malorum

432 3379 603 3450 judex
639 3400 653 3435 :
687 3388 851 3450 atque
897 3380 1002 3436 lioc
1047 3381 1213 3436 modo
1264 3389 1380 3436 tota
1429 3382 1577 3438 illius
1624 3384 1875 3439 doctrina
1922 3399 2020 3455 per

438 3483 557 3524 sese
606 3469 824 3538 penitus
872 3469 1141 3525 labefacta
1186 3471 1459 3527 concidet.
1502 3471 1657 3528 Nunc
1695 3473 1827 3529 illud
1856 3475 2019 3530 velim

437 3560 573 3614 mihi
611 3559 971 3629 respondeas,
1014 3561 1161 3617 unde
1196 3564 1298 3621 tria
1333 3564 1426 3618 illa
1465 3565 1741 3637 principia
1778 3566 2018 3638 idipsum

436 3648 584 3718 quod
611 3650 748 3704 "sunt.
768 3649 1105 3707 obtinuerint
1130 3669 1143 3704 :
1169 3659 1264 3706 aut
1286 3653 1411 3721 quis
1438 3655 1649 3726 singula
1674 3655 1790 3712 suis
1818 3656 2019 3715 finibus

439 3755 504 3796 ac
534 3741 853 3814 regionibus
882 3739 1257 3812 deseripserit.
1282 3744 1417 3800 Nam
1442 3745 1489 3804 si
1526 3746 1753 3804 deorum
1792 3748 2020 3820 quilibet

438 3849 541 3889 suo
580 3830 701 3889 loco
739 3833 1019 3902 delinitur,
1061 3851 1172 3891 non
1221 3838 1454 3908 amplius
1487 3838 1728 3910 perfecta
1776 3840 1868 3896 illa
1912 3843 2017 3898 tria

436 3933 752 3991 censentur,
774 3942 896 3996 qua:
917 3928 1086 3985 certis
1116 3930 1512 4001 comprehensa
1538 3939 1666 3987 sunt
1689 3948 1754 3988 ac
1786 3935 2023 3991 circum-

435 4017 640 4088 scripta
683 4018 878 4088 spatiis
910 4035 925 4074 :
957 4027 1151 4090 estque
1195 4021 1434 4091 idipsum
1479 4022 1629 4093 quod
1669 4025 1914 4081 continet
1950 4041 2017 4082 eo

434 4102 579 4180 quod
604 4111 916 4166 continetur
931 4111 1141 4184 majus;
1164 4128 1340 4184 neque
1357 4114 1501 4184 quod
1520 4114 1787 4183 ejusmodi
1808 4118 2014 4173 ambitu

342 4203 352 4213 '
433 4201 692 4271 cingitur,
742 4201 836 4257 Dei
879 4202 1300 4275 appellationem
1339 4211 1600 4270 meretur,
1643 4203 1740 4260 sed
1775 4207 2014 4276 spatium

432 4290 568 4345 illud
585 4293 794 4361 utique,
819 4308 929 4363 quo
961 4296 1078 4351 suis
1104 4296 1285 4366 ipsum
1316 4293 1585 4350 limitibus
1606 4297 2008 4366 complectitur.

430 4381 499 4435 At
516 4385 660 4437 enim
683 4398 807 4437 cum
826 4385 880 4438 in
906 4400 1075 4441 unum
1099 4388 1624 4458 coiissent,separati
1642 4398 1830 4459 postea
1851 4391 2009 4447 sedes

429 4484 559 4528 saas
591 4485 957 4546 occuparunt,
990 4492 1054 4532 ac
1078 4481 1298 4549 pmpria
1329 4480 1566 4551 quisque
1594 4488 1887 4538 contentus
1911 4497 2009 4538 ne-

429 4578 704 4633 quaquam
761 4564 967 4621 invadit
1019 4567 1074 4621 in
1123 4568 1378 4633 alterum,
1437 4577 1532 4624 aut
1589 4570 2007 4641 impressionem

429 4650 580 4706 facit.
623 4651 793 4723 Igitur
835 4670 949 4709 non
995 4655 1232 4724 amplius
1264 4656 1541 4711 contraria
1579 4655 1813 4715 invicem
1846 4665 2008 4714 erunt

429 4741 521 4795 illa
555 4743 848 4814 principia,
877 4760 979 4800 nec
1006 4745 1179 4800 ullum
1224 4760 1348 4803 esse
1389 4746 1591 4801 malum
1628 4750 1848 4819 poterit,
1878 4766 2003 4805 cum

426 4844 557 4885 suas
589 4845 680 4886 res
706 4831 936 4889 comiter
960 4849 1027 4889 ex
1058 4849 1215 4905 aequo
1241 4835 1496 4907 bonoque
1534 4851 1600 4891 ac
1627 4852 1841 4893 summa
1866 4853 2004 4893 con-

426 4917 626 4972 stantia
661 4919 998 4986 moderetur,
1057 4938 1160 4979 nec
1192 4923 1337 4979 ultra
1361 4925 1613 4997 progredi
1639 4941 1799 4995 quam
1824 4926 1908 4984 fas
1930 4928 2003 4984 sit
2041 4930 2051 4938 '

425 5015 662 5077 appetat.
704 5008 812 5067 Sed
854 5011 901 5067 si
943 5014 1120 5071 malus
1150 5029 1180 5068 a
1218 5029 1476 5086 supremo
1503 5015 1766 5082 vincitur,
1794 5032 1858 5073 ac
1882 5019 1999 5076 vio-

426 5094 601 5153 lenter
627 5102 990 5171 Opprimitur;
1041 5119 1167 5160 cum
1208 5113 1263 5161 et
1295 5106 1365 5162 ab
1402 5122 1470 5162 eo
1506 5107 1790 5177 sejunctus
1821 5110 1913 5175 sit,
1944 5120 2001 5167 et

423 5189 701 5256 propriam
725 5194 909 5248 sedem
937 5195 1202 5264 obtineat,
1233 5213 1355 5266 quae
1384 5198 1512 5255 boni
1541 5200 1689 5256 illius
1720 5215 1784 5256 ac
1813 5216 2002 5271 supre-

425 5275 501 5329 mi
549 5277 683 5333 nihil
731 5282 968 5349 intersit,
1019 5302 1198 5358 neque
1238 5290 1537 5363 quidquam
1578 5293 1632 5348 in
1676 5307 1739 5348 ea
1778 5308 1900 5366 quae
1940 5295 1994 5350 in

2125 3097 2321 3168 κρίνει,
2347 3097 2618 3169 τιμωρίαν
2629 3097 2686 3151 δὲ
2705 3098 2834 3163 τοὺς
2852 3099 3218 3170 ἀδικήσαντας
3233 3102 3481 3158 ἀπαιτεῖ·
3513 3104 3705 3159 οὑκέτι
3727 3175 3731 3179 _

2123 3189 2359 3260 πονηρὸς
2411 3189 2564 3243 ἔσται
2605 3191 2635 3243 ό
2674 3189 2926 3262 πονηρῶν
2965 3191 3227 3265 δικαστὴς
3264 3194 3560 3266 ὑπάρχων
3606 3199 3707 3252 καὶ

2121 3280 2476 3352 εὑρεθήσεται
2525 3280 2666 3335 κατά
2712 3282 2892 3335 πάντα
2935 3283 3136 3354 τρόπον
3167 3286 3200 3355 ή
3236 3284 3404 3338 αὑτοῦ
3442 3284 3704 3352 ὑπόθεσις

2121 3370 2322 3442 ἑαυτὴν
2358 3370 2757 3443 ἀνατρέπουσα.
2791 3373 2963 3427 Πόθεν
3001 3374 3056 3428 δὲ
3085 3375 3339 3447 εἰλήφασι
3369 3376 3432 3429 τὸ
3470 3372 3611 3432 εἶναι
3642 3380 3704 3433 αἰ

2119 3464 2268 3531 τρεῖς
2318 3462 2506 3533 ἀρχαὶ,
2557 3463 2719 3518 πάλιν
2760 3464 2886 3534 λέγε
2911 3481 2927 3498 ·
2963 3466 3051 3530 τίς
3077 3466 3136 3520 δὲ
3162 3468 3191 3519 ὸ
3216 3468 3440 3533 ταύταις
3471 3471 3705 3543 ὁρισμὸν

2121 3549 2561 3620 συστησάμενος;
2601 3552 2663 3605 Εἰ
2689 3553 2788 3623 μὲν
2818 3556 2928 3627 γάρ
2955 3554 3184 3621 ἕκαστος
3209 3557 3268 3611 ὲν
3298 3557 3377 3629 τῷ
3406 3559 3523 3631 ἰδίῳ
3549 3562 3701 3633 τόπῳ

2120 3638 2517 3711 περιορίζεται,
2545 3643 2729 3697 οὑκέτι
2744 3644 2924 3699 τέλεια
2955 3645 3027 3700 τὰ
3053 3647 3180 3718 τρία
3209 3648 3567 3720 εὑρεθήσεται
3589 3653 3693 3723 όρι⁸

2121 3729 2346 3801 ζόμενος
2375 3731 2394 3764 ³
2443 3732 2501 3787 ἐν
2542 3751 2652 3788 τισι
2690 3738 3059 3807 περιεκτικοῑς
3094 3737 3312 3803 τόποις·
3338 3740 3703 3812 εὑρεθήσεται

2117 3820 2175 3874 δὲ
2216 3821 2278 3876 τὸ
2339 3825 2686 3897 περιεκτικόν
2748 3827 2936 3897 μεῖζον
2975 3826 3071 3882 τοῦ
3131 3830 3559 3902 περιεχομένου’
3610 3836 3704 3887 καὶ

2118 3912 2302 3968 οὐκέτι
2319 3914 2381 3968 τὸ
2413 3917 2804 3989 περιεχόμενον
2819 3917 2953 3982 Θεὸς
2981 3918 3047 3973 ἂν
3068 3920 3315 3993 κληθείη,
3339 3922 3475 3977 ἀλλὰ
3501 3924 3704 3996 μᾶλλον

2126 4007 2161 4078 ή
2190 4009 2513 4081 περιεκτικὴ
2534 4009 2805 4083 ὁροθεσία.
2837 4011 2901 4065 Εἰ
2925 4011 2984 4066 δὲ
3012 4013 3107 4067 καὶ
3128 4016 3210 4079 εἰς
3230 4015 3427 4070 ταυτὸν
3449 4017 3700 4091 ἀλλήλοις

2117 4092 2399 4172 γενόμενοι
2454 4101 2684 4166 ἕκαστος
2715 4103 2858 4158 κατά
2909 4103 3078 4161 δίεσιν
3116 4106 3209 4161 τὸν
3249 4106 3379 4163 ῐδιον
3408 4109 3697 4182 ἐκληρώθη

2114 4190 2301 4256 τόπον,
2345 4193 2441 4247 καὶ
2488 4192 2740 4258 ἕκαστος,
2779 4195 2839 4248 έν
2888 4195 2968 4266 τῷ
3000 4195 3113 4268 ἰδίῳ
3157 4197 3252 4262 ὢν,
3288 4198 3367 4269 τῷ
3392 4199 3571 4274 ἑτέρῳ
3602 4202 3701 4256 οὐκ

2119 4282 2446 4354 ἐντρίϐεται,
2497 4283 2618 4337 οὑδὲ
2659 4283 2985 4356 ἐπέρχεται·
3019 4287 3203 4341 οὑκὲτι
3233 4289 3292 4343 αἰ
3323 4291 3493 4360 ἀρχαὶ
3530 4292 3699 4364 ms-

2117 4372 2237 4436 λαις
2276 4372 2544 4441 ἐναντίαι,
2596 4374 2719 4429 οὐδέ
2763 4392 2848 4440 τις
2884 4377 3065 4431 αὐτῶν
3105 4379 3284 4451 φαύλη
3317 4380 3698 4453 εὑρεθήσεται,

2113 4461 2200 4516 διὰ
2245 4462 2309 4516 τὸ
2346 4463 2488 4518 κατὰ
2525 4464 2586 4518 τὸ
2632 4464 2861 4532 δίκαιον,
2919 4468 3014 4521 καὶ
3041 4468 3265 4539 ἥσυχον,
3294 4471 3390 4525 καὶ
3433 4472 3701 4539 εὐσταθὲς

2113 4554 2222 4609 τῶν
2273 4555 2417 4611 ίδίων
2466 4543 2839 4628 ἐπιμέλεσθαι,
2875 4560 2970 4614 καὶ
3014 4560 3090 4632 μὴ
3129 4563 3444 4635 περαιτέρω
3490 4564 3699 4636 βαίνειν

2114 4646 2562 4720 ἐπιϐαλλόμενον.
2609 4650 2675 4703 Εἰ
2732 4649 2790 4704 δὲ
2817 4651 2846 4704 ό
2881 4651 2981 4723 μὲν
3031 4653 3266 4727 πονηρὸς
3296 4655 3404 4710 ὑπὸ
3448 4656 3547 4712 τοῦ
3584 4659 3698 4713 ἄνω

2113 4737 2487 4808 κατισχύεται,
2539 4740 2635 4794 καὶ
2659 4739 2925 4810 βιάζεται,
2962 4742 3057 4797 καὶ
3088 4747 3471 4801 καταπονεῖται
3518 4764 3697 4820 μεμε-

2115 4825 2367 4898 ρισμένος
2413 4827 2513 4896 ῶν,
2551 4828 2647 4884 καὶ
2695 4832 2754 4884 ὲν
2786 4830 2900 4902 ἰδίῳ
2925 4831 3077 4903 τόπῳ
3109 4833 3391 4904 ὑπάρχων,
3426 4826 3491 4889 οὗ
3524 4838 3695 4893 τόπου

2108 4918 2185 4989 τῷ
2242 4918 2355 4973 ἀνω
2411 4919 2601 4992 ἀγαθῷ
2652 4921 2800 4976 οὐδὲν
2829 4924 3117 4994 προσήκει,
3155 4925 3278 4980 οὐδέ
3311 4944 3366 4981 τι
3401 4928 3496 4983 ὑπ’
3525 4930 3697 4984 αὐτοῦ

2108 5009 2405 5082 κεκτῆσθαι
2466 5010 2576 5065 τῶν
2630 5012 2865 5068 ἐνταῦθα
2913 5013 3056 5085 λέγω
3098 5016 3157 5070 ἐν
3186 5015 3265 5088 τῷ
3300 5017 3397 5072 τοῦ
3451 5022 3696 5092 πονηροῦ

2106 5098 2289 5171 τόπῳ·
2332 5100 2800 5174 τυραννικώτερος
2844 5103 3042 5174 μᾶλλον
3083 5106 3439 5179 εὑρεθήσεται
3495 5112 3523 5164 ὁ
3556 5112 3697 5177 ἀνω,

2105 5190 2197 5244 καὶ
2220 5190 2403 5244 οὐκέτι
2419 5190 2641 5261 ἀγαθὸς,
2657 5194 2747 5248 τὸν
2763 5194 2893 5249 ἴδιον
2912 5196 3061 5265 Υίὸν,
3078 5197 3253 5254 είτουν
3271 5200 3533 5271 Χριστὸν,
3565 5204 3701 5257 ἀπο-

2110 5280 2343 5348 στείλας,
2370 5283 2457 5337 ίνα
2480 5282 2550 5338 τὰ
2568 5283 2822 5357 ἀλλότρια
2858 5285 3016 5359 λάϐῃ.

589 5375 865 5434 domicilio
903 5389 1052 5447 sunt,
1077 5382 1221 5452 juris
1255 5384 1473 5456 habeat,
1536 5392 1840 5462 tyrannicis
1898 5396 2074 5467 magis
2111 5396 2218 5453 erit
2240 5399 2485 5458 moribus
2519 5414 2808 5473 supremus
2842 5403 2934 5461 ille
2973 5402 3306 5478 minimeque
3346 5404 3551 5475 bonus,
3592 5409 3691 5479 qui

421 5464 619 5522 Filium
646 5483 827 5535 suum,
857 5475 1348 5553 nempe'Cbristum
1375 5480 1672 5550 miserit,ut
1711 5464 2224 5558 usurparctvalicna.

491 5663 509 5698 ¹
542 5664 732 5723 Matth.
766 5686 813 5739 ι’,
854 5671 929 5728 i5.
1010 5677 1027 5706 '
1060 5674 1123 5731 ἰδ’.
1158 5675 1467 5751 ὀριζόμενα.
1502 5646 1511 5651 ι
