3932 6064
267 184 374 244 705

937 189 1301 249 ADVERSUS
1338 191 1677 250 HAZRESES
1705 193 1835 252 LIB.
1874 196 1916 253 1.
1956 195 2123 254 TOM.
2165 193 2342 253 [IL—
2377 195 2654 257 HIERES.
2700 201 2858 258 XLI].

3393 209 3506 266 Ἲοῦ

334 303 444 354 Kal
470 301 575 356 ποῦ
607 304 636 356 6
662 303 786 374 ὄρος
829 305 858 357 6
885 303 1136 378 διορίζων
1176 308 1277 372 τὰς
1315 312 1464 380 τρεῖς
1495 311 1667 382 ἀρχάς
1696 313 1828 368 κατὰ

2003 315 2169 385 308
2212 313 2332 380 Quo
2375 316 2593 384 quidem
2640 319 2960 384 constituto,
2995 319 3086 375 ubi
3116 320 3205 376 ille
3235 325 3498 380 terminus

263 395 352 448 τὸν
383 393 479 447 τοῦ
511 395 747 466 ἀγύρτου
784 397 1215 466 τῆςνύποθέσεως
1239 399 1429 468 λόγονς
1458 404 1829 476 Ζητηθήσεται

262 483 371 555 γάρ
409 482 668 554 τέταρτός
688 501 773 548 τις
808 486 1232 552 ἐπιεικέστατος,
1277 490 1507 543 καὶτῶν
1532 491 1698 561 τριῶν
1741 509 1830 545 σο-

262 572 527 646 φώτερος,
551 573 899 646 ὁριογνὼμων
918 594 977 630 τε
993 579 1088 631 καὶ
1103 580 1439 651 ἐπιστήμων,
1471 581 1530 644 ὃς
1560 582 1629 638 τά
1659 583 1832 654 μέτρα

261 666 480 737 ἑκάστῳ
536 666 773 737 διένειμέ
827 686 886 722 τε
920 672 1014 724 καὶ
1047 674 1176 736 τοὺς
1215 675 1366 744 τρεῖς
1395 675 1826 746 είρηνοποίησεν.

262 757 327 809 Ei
354 756 412 808 δὲ
463 756 538 826 μὴ
567 758 584 788 ⁸
618 758 967 813 στασιάσαιεν
1009 763 1144 833 πρὸς
1189 765 1474 834 ἀλλήλους,
1511 767 1643 836 μηδὲ
1665 769 1745 830 εἰς
1764 767 1832 821 τὰ

259 845 424 898 ἄλλου
447 845 605 908 ἀλλος
653 847 990 903 ἀποστέλλει.
1023 852 1130 905 Καὶ
1161 847 1315 917 οὗτος
1346 855 1469 924 μὲν,
1511 857 1702 920 πείσας
1735 856 1831 921 τάς

261 937 410 1006 τρεῖς
462 935 656 1006 ἀρχὰς,
699 938 1052 1010 εὑρεθήσεται
1089 943 1346 1015 τέταρτος
1378 947 1471 998 καὶ
1505 945 1829 1017 σοφώτερος,

173 1039 179 1046 ’
259 1025 356 1078 καὶ
385 1026 788 1098 ἐπιεικέστερος
809 1045 822 1060 ·
859 1031 953 1083 κα)⁵
977 1031 1138 1095 αὐτὸς
1169 1033 1227 1086 δὲ
1267 1037 1325 1087 ὲν
1354 1034 1467 1105 ἰδίῳ
1498 1035 1648 1106 τόπῳ
1672 1035 1831 1089 πάλιν

258 1113 669 1184 ζητηθήσεται,
704 1116 797 1186 ἀφ’
831 1111 1002 1190 οὗπερ
1023 1122 1102 1184 εἰς
1135 1121 1296 1190 μέσον
1345 1117 1474 1192 ἦλθε
1503 1123 1611 1176 τῶν
1641 1124 1827 1194 τριῶν,

257 1205 355 1257 καὶ
397 1205 612 1276 ἑκάστῳ
656 1207 719 1259 τὸ
772 1208 935 1280 μέρος
986 1210 1166 1280 σοφῶς
1214 1210 1483 1283 διώρισεν,
1514 1214 1601 1268 ἵνα
1640 1215 1714 1287 μὴ
1751 1217 1831 1279 εἰς

258 1297 523 1368 ἀλλήλους
568 1299 820 1354 ἀδικοῖεν.
857 1303 919 1354 Ei
960 1302 1017 1354 δὲ
1071 1305 1129 1355 ὲν
1152 1305 1264 1366 τοῖς
1293 1305 1387 1358 τοῦ
1417 1305 1556 1368 ἐνὸς,
1599 1306 1742 1374 λέγω
1764 1307 1829 1377 δὴ

257 1389 356 1441 τοῦ
385 1389 740 1460 δημιουργοῦ,
769 1391 826 1444 αἱ
846 1391 940 1443 δύο
963 1392 1129 1462 ἀρχαί
1157 1393 1292 1447 είσιν
1318 1395 1826 1466 ὲμπολιτευόμεναι,

256 1479 287 1530 ὅ
320 1495 380 1531 τε
425 1480 659 1550 πονηρὸς
687 1481 746 1534 ἐν
773 1483 886 1544 τοῖς
914 1481 1008 1534 τοῦ
1048 1481 1377 1554 δημιουργοῦ
1409 1485 1614 1557 χώραις
1643 1503 1701 1539 τε
1737 1487 1830 1540 καὶ

257 1567 478 1640 χώρας,
538 1570 633 1623 καὶ
683 1571 712 1622 6
764 1570 857 1623 τοῦ
911 1571 1113 1640 ἀγαθοῦ
1170 1573 1401 1645 Χριστὸς
1453 1577 1824 1648 ὲπιδημήσαςο

1931 405 2038 460 erit
2067 421 2096 459 a
2127 421 2240 476 quo
2271 421 2338 461 ex
2383 408 2702 477 impostoris
2732 411 2880 466 illius
2927 413 3184 482 opinione
3229 415 3333 467 tria
3375 426 3503 470 sunt

1932 497 2025 551 illa
2074 499 2345 568 principia
2398 502 2688 568 separata?
2741 503 3077 568 Quaerendus
3111 505 3367 560 nimirum
3397 508 3503 561 erit

1931 596 2162 656 quartus
2208 588 2407 658 aliquis
2450 592 2821 659 aequissimus,
2879 609 2941 648 ac
2974 595 3149 650 tribus
3181 598 3499 666 sapientior,

1929 681 2079 734 velut
2119 680 2350 734 limitum
2401 681 2702 754 ﬁniumque
2746 688 3106 756 regendorum
3146 691 3372 756 peritus,
3404 691 3498 760 qui

1931 783 2093 822 suum
2126 769 2325 839 cuique
2353 773 2584 828 modum.
2609 775 2878 839 attribuit,
2910 792 2973 830 ac
3000 793 3185 846 pacem
3213 779 3353 832 inter
3378 780 3499 834 illos

1931 858 2218 924 stabilivit,
2271 866 2332 912 ut
2379 875 2448 914 ne
2491 862 2728 931 amplius
2761 879 2791 918 a
2831 880 2892 919 se
2922 875 3110 920 mutuo
3146 867 3498 933 dissiderent,

1932 955 2026 1002 aut
2060 949 2199 1002 alter
2235 951 2502 1006 satellites
2537 967 2667 1007 suos
2695 953 2750 1008 in
2781 955 3073 1010 stationem
3121 957 3350 1013 alterius
3399 959 3500 1011 im-

1930 1038 2169 1094 mitteret
2197 1058 2210 1096 :
2234 1050 2396 1110 atque
2423 1042 2512 1097 ille
2537 1042 2755 1112 quidem
2786 1060 2919 1113 pace
2945 1047 3086 1101 inter
3110 1049 3215 1101 tria
3236 1050 3500 1119 principia

1930 1130 2230 1184 constituta
2257 1140 2487 1200 quartus
2517 1134 2912 1198 numerabitur,
2945 1139 3157 1192 caeteris
3184 1141 3501 1208 prudentior

1931 1235 1995 1275 ac
2029 1220 2266 1289 justior;
2297 1230 2351 1276 et
2379 1223 2521 1276 idem
2559 1235 2739 1279 tamen
2781 1225 2896 1294 ipse
2927 1229 3148 1296 proprio
3178 1245 3245 1286 at:
3269 1239 3417 1283 certo
3445 1231 3499 1284 in

1929 1311 2054 1366 loco
2083 1313 2408 1381 quaerendus
2444 1322 2550 1372 est.
2587 1330 2617 1368 a
2647 1331 2757 1385 quo
2786 1318 2952 1370 trium
3001 1317 3054 1370 in
3094 1319 3330 1371 medium
3367 1335 3498 1386 pro-

1930 1417 2154 1472 gressus
2185 1403 2484 1472 unicuique
2512 1415 2719 1474 partem
2753 1422 2906 1459 suam
2949 1408 3083 1461 scite
3114 1422 3175 1460 ac
3201 1409 3374 1477 perite
3400 1409 3500 1462 tri-

1931 1491 2131 1555 buerit,
2171 1507 2240 1545 ne
2271 1499 2460 1545 mutuo
2498 1494 2602 1547 sibi
2651 1493 2908 1562 injuriam
2955 1495 3334 1562 importarent.
3379 1495 3499 1550 Jam

1931 1595 2058 1634 vero
2103 1580 2148 1635 si
2198 1581 2252 1634 in
2300 1581 2462 1636 unius
2510 1590 2638 1650 puta
2685 1584 2952 1638 creatoris
2999 1585 3348 1652 possessione
3391 1585 3501 1638 duo

256 1659 444 1712 οὐκέτι
461 1660 566 1728 ἀρα
595 1661 786 1733 κριτὴς
804 1663 898 1715 καὶ
921 1663 1247 1736 δημιουργὸς
1271 1667 1424 1739 μόνον
1452 1667 1825 1739 εὑρεθήσεται,

1932 1667 2195 1736 principia
2226 1676 2552 1734 versentur;
2589 1671 2764 1724 malus
2798 1673 3079 1734 nimirum,
3120 1674 3210 1741 qui
3249 1673 3301 1725 in
3334 1673 3499 1742 hujus

256 1751 397 1806 ἀλλά
452 1753 546 1805 καὶ
596 1753 820 1820 ἀγαθὸς,
869 1757 1166 1827 συγχωρῶν
1195 1760 1308 1820 τοῖς
1335 1758 1486 1810 δυσὶν
1509 1761 1588 1823 εἰς
1615 1758 1686 1810 τά
1720 1759 1828 1814 ἴδια

259 1844 437 1895 ποιεῖν
469 1841 498 1894 ὃ
538 1840 844 1910 βούλονταιο
877 1841 910 1912 ἢ
953 1843 1188 1914 ἀδρανής
1219 1845 1592 1915 εὑρεθήσεται,
1631 1848 1725 1899 καὶ
1753 1847 1828 1918 μὴ

262 1931 464 2002 ἰσχύων
497 1930 734 1986 κωλῦσαι
767 1931 874 1986 τῶν
906 1932 1048 1986 ίδίων
1065 1935 1188 1998 τοὺς
1212 1933 1521 2005 ἀλλοτρίους
1550 1936 1824 2007 ἅρπαγας.

260 2028 324 2079 Εἰ
340 2027 396 2078 δὲ
425 2025 517 2078 καὶ
539 2025 722 2096 ’ήσσων
739 2027 804 2096 τῇ
831 2025 1056 2096 δυνάμει
1079 2027 1246 2091 ἐστὶν,
1266 2027 1447 2080 οὐκέτι
1474 2028 1826 2100 εὑρεθήσεται

260 2119 294 2187 ή
342 2115 670 2187 δημιουργία
736 2115 1082 2169 συνεστῶσα·
1130 2115 1244 2170 ἀλλ’
1303 2116 1546 2180 ἐξέλιπεν
1594 2115 1828 2170 έκπαλαι

260 2205 686 2278 ἀναρπαζομένη
740 2205 860 2258 καθ’
925 2205 1156 2277 ἑκάστην
1207 2206 1420 2276 ἡμέραν
1469 2206 1572 2259 ὑπό
1617 2205 1826 2260 τειτοῦ

259 2295 502 2367 πονηροῦ
544 2297 625 2359 είς
652 2295 714 2346 τὸ
757 2293 886 2346 ῐδιον
917 2295 1106 2365 μέρος,
1136 2295 1232 2346 καὶ
1261 2294 1364 2348 ὑπὸ
1385 2292 1478 2348 τοῦ
1514 2292 1718 2362 ἀγαθοῦ
1748 2295 1827 2358 είς

258 2386 330 2438 τὰ
357 2385 490 2440 ἀνω.
535 2386 645 2438 Καὶ
689 2383 791 2437 ποῦ
820 2383 900 2437 ἔτι
926 2386 960 2455 ή
995 2383 1325 2455 δημιουργία
1375 2384 1730 2455 σταθήσεται;
1764 2386 1827 2437 Ei

259 2477 317 2530 δὲ
347 2477 430 2529 ὅτι
461 2477 638 2548 χρόνῳ
667 2475 839 2545 λήξει,
862 2475 1062 2544 λέγεις,
1097 2475 1189 2527 καὶ
1214 2474 1442 2528 δυνατὸν
1467 2474 1670 2546 ταύτην
1691 2475 1828 2538 ὅλως

259 2567 447 2638 λήγειν
474 2567 560 2620 διὰ
619 2567 716 2638 τῆς
757 2563 848 2618 τοῦ
889 2565 1094 2634 ἀγαθοῦ
1141 2564 1488 2634 ὲπιμελείας’
1551 2565 1742 2618 οὐκοῦν
1799 2567 1828 2618 6

258 2659 465 2727 ἀγαθὸς
492 2657 660 2721 αἴτιος
681 2658 779 2729 τῆς
809 2655 1012 2727 βλάϐης
1035 2655 1188 2708 ἔσται
1218 2658 1246 2708 6
1270 2656 1344 2726 μὴ
1370 2655 1537 2710 πάλαι
1569 2657 1824 2727 ποιήσας,

256 2753 395 2821 ὅπερ
448 2751 671 2822 ὕστερον
732 2750 934 2819 ἀγαθὸν
986 2749 1162 2816 ἔδοξεν
1215 2749 1501 2813 ἐπιτελεῖν,
1540 2750 1676 2820 μήτε
1723 2747 1827 2818 μὴν

258 2841 576 2910 πεποιηκὼς
622 2841 730 2894 ἀπὺ
766 2840 875 2894 τῶν
927 2841 1212 2904 ἀνέκαθεν,
1239 2843 1369 2912 πρὶν
1391 2843 1425 2912 ἢ
1459 2842 1585 2904 τοὺς
1613 2841 1828 2906 πλείους

257 2930 602 3000 ἀδικηθῆναι,
657 2931 751 2984 καὶ
812 2929 1093 2998 ὲγκαθέξει
1140 2931 1161 2961 ²
1217 2930 1413 2995 αὐτοὺς
1450 2929 1700 3000 γενέσθαι
1733 2930 1824 2984 τοῦ

259 3019 472 3090 κριτοῦ,
508 3019 604 3073 καὶ
633 3019 780 3074 κάτω
819 3019 1201 3091 μεμενηκέναι.

1928 1755 2248 1824 regionibus
2275 1756 2520 1825 locisque
2552 1757 2808 1822 resideat,
2851 1769 2904 1814 et
2930 1775 2960 1813 a
2987 1761 3131 1814 bono
3163 1763 3362 1816 missus
3390 1763 3496 1816 ibi-

1927 1845 2159 1916 demque
2188 1861 2536 1902 commorans
2572 1847 2856 1913 Christus;
2886 1865 3226 1920 consequens
3255 1860 3359 1917 est,
3388 1867 3498 1908 non

1929 1935 2078 1989 illum
2112 1935 2272 1990 modo
2301 1937 2544 2005 judicem
2577 1953 2640 1992 ac
2675 1939 3034 2004 conditorem,
3070 1942 3162 1996 sed
3205 1951 3258 1996 et
3296 1943 3497 2002 bonum

1927 2041 2069 2089 esse,
2105 2026 2198 2095 qui
2234 2027 2499 2082 ambobus
2545 2027 2914 2102 quodcunque
2956 2030 3101 2100 apud
3146 2047 3204 2086 se
3239 2041 3500 2101 cuperent

1928 2133 2086 2188 agere
2110 2119 2454 2187 permiserit;
2481 2127 2576 2172 aut
2605 2135 2735 2174 sane
2756 2136 3017 2190 perquam
3041 2123 3144 2176 erit
3167 2124 3496 2188 imbecillus,

1929 2208 2022 2276 qui
2063 2209 2365 2261 alienorum
2407 2208 2713 2278 direptores
2746 2225 3003 2265 coercere
3034 2213 3363 2281 nequiverit.
3396 2212 3500 2282 lgi-

1929 2307 2018 2352 tur
2062 2299 2254 2353 demus
2300 2300 2450 2353 illum
2497 2301 2711 2355 viribus
2746 2303 3008 2370 imparem
3042 2318 3184 2368 esse,
3227 2318 3497 2372 nusquam

1929 2389 2252 2442 fabricatum
2290 2402 2427 2456 Opus
2467 2389 2535 2442 ab
2582 2404 2645 2442 eo
2680 2398 2938 2444 constare
2970 2392 3201 2459 poterit;
3240 2393 3332 2446 sed
3358 2393 3501 2460 jam-

1928 2477 2138 2547 pridem
2190 2477 2527 2534 interciderit.
2581 2487 2816 2548 oportet,
2866 2495 2988 2533 cum
3034 2480 3226 2535 diebus
3271 2482 3499 2552 singulis

1927 2569 2241 2636 decerptum
2270 2567 2505 2623 indidem
2535 2570 2738 2638 aliquid
2774 2571 2970 2639 partim
3004 2587 3034 2624 a
3060 2573 3201 2625 malo
3223 2573 3498 2642 propriam

1928 2661 1984 2714 in
2015 2661 2314 2730 regionem,
2350 2660 2546 2729 partim
2583 2675 2610 2712 a
2667 2660 2810 2714 bono
2863 2663 2916 2714 in
2953 2663 3235 2730 superiora
3267 2661 3502 2717 transfe-

1926 2759 2101 2806 ratur.
2157 2749 2386 2804 Ubinam
2433 2766 2562 2820 ergo
2593 2750 2811 2804 demum
2843 2752 2973 2806 illud
3004 2752 3278 2821 opificium
3308 2739 3504 2818 Consi-

1929 2843 2067 2898 stet?
2097 2841 2153 2895 Si
2184 2841 2444 2910 paulatim
2497 2843 2804 2897 desiturum
2852 2843 3209 2912 respondeas,
3259 2858 3322 2896 ac
3372 2843 3503 2897 boni

1929 2948 2060 2987 cura
2114 2933 2406 3003 studioque
2463 2933 2624 2989 ﬁnem
2685 2935 3006 3004 aliquando.
3038 2941 3505 3001 consecuturum;

1855 3014 1900 3074 C
1933 3036 2115 3075 nonne
2145 3021 2280 3075 illati
2315 3021 2498 3076 damni
2538 3023 2752 3092 culpam
2789 3024 2968 3078 bonus
3013 3024 3117 3078 iste
3167 3025 3504 3079 sustinebit:

258 3116 352 3185 qui
399 3105 542 3185 quod
591 3115 720 3169 boni
772 3107 970 3168 fecisse
1013 3122 1202 3183 postea
1246 3115 1398 3170 visus
1441 3119 1546 3178 est,
1589 3127 1700 3168 non
1729 3113 1820 3167 diu
1859 3124 2003 3177 ante,
2061 3113 2306 3183 adeoque
2345 3114 2500 3167 initio
2539 3114 2849 3184 perfecerit.
2906 3124 3199 3186 antequam
3265 3117 3510 3186 plerique

260 3207 520 3279 injuriam
551 3207 882 3275 acciperent,
913 3214 962 3259 et
993 3205 1046 3258 in
1068 3205 1267 3274 judicis
1295 3214 1564 3276 potestate
1595 3205 1822 3269 detenti,
1865 3203 2126 3259 inferiore
2161 3205 2281 3260 loco
2315 3206 2692 3260 remanerent-1'

330 3295 415 3351 H'.
437 3297 604 3349 Πάλιν
629 3296 686 3349 δὲ
711 3295 777 3348 τά
809 3296 907 3365 τῆς
938 3294 1088 3360 θείας
1121 3297 1344 3368 Γραφῆς
1369 3296 1469 3349 οὐκ
1493 3296 1669 3367 ὀρθῶς
1696 3295 1831 3348 νοῶν

258 3389 548 3462 προφέρει,
605 3388 698 3441 καὶ
729 3387 853 3450 τοὺς
900 3388 1189 3458 ἀκεραίους
1216 3384 1459 3458 ἐξαπατᾷ
1495 3387 1831 3459 διαστρέφων

256 3480 318 3533 τὺ
349 3479 443 3532 τοῦ
493 3476 813 3532 Ἀποστόλου
869 3477 1064 3548 ῥητὸν,
1124 3477 1204 3530 ὅτι
1253 3477 1507 3545 Χριστὸς
1536 3475 1694 3546 ἡμᾶς
1728 3476 1826 3540 ἐξ..

257 3571 561 3640 ητόρασεν
589 3568 658 3622 ἐκ
690 3567 798 3636 τῆς
828 3566 1086 3636 κατάρας
1118 3567 1225 3620 τοῦ
1263 3567 1472 3636 νόμου,
1511 3569 1830 3638 γενόμενος

257 3661 412 3730 ὑπὲρ
440 3659 610 3728 ἡμῶν
637 3659 883 3728 κατάρα.
907 3658 1016 3712 Καί
1044 3675 1204 3728 φησιν
1223 3673 1239 3690 ο
1258 3659 1322 3710 Ei
1349 3653 1489 3728 ἦμεν
1524 3657 1710 3721 αὐτοῦ,
1727 3659 1826 3712 οὐκ

256 3751 326 3804 ἂν
373 3749 434 3802 τὸ
465 3747 658 3802 ἑαυτοῦ
709 3748 997 3820 ἠγόραζεν.
1044 3746 1343 3819 Ἀγοράσας
1365 3747 1420 3798 δὲ
1446 3747 1524 3810 εἰς
1552 3746 1827 3817 ἀλλότριον

257 3842 461 3911 κόσμον
492 3837 655 3912 ἦλθεν
679 3841 824 3911 ἡμᾶς
865 3839 1130 3910 ἀγοράσαι
1165 3837 1290 3899 τοὺς
1325 3836 1423 3888 οὐκ
1450 3834 1609 3898 ὄντας
1638 3834 1822 3888 αὐτοῦ.

255 3932 475 4002 Ποίημα
498 3931 607 4000 γάρ
635 3926 773 4002 ἦμεν
803 3929 1010 4000 ἐτέρου,
1046 3929 1138 3982 καὶ
1166 3923 1256 3980 διά
1290 3925 1446 3978 τοῦτο
1476 3927 1624 3996 ἡμᾶς
1654 3927 1833 3990 αὐτὸς,

255 4020 527 4092 ἠγόραζεν
585 4021 661 4084 εἰς
715 4019 809 4090 τήν
867 4017 1059 4071 ἑαυτοῦ
1101 4017 1266 4088 ζωήν.
1302 4017 1512 4084 Ἀγνοεῖ
1541 4017 1597 4070 δὲ
1631 4017 1766 4081 ὅλως
1804 4019 1833 4070 6

256 4114 465 4184 ἠλίθιος
481 4153 494 4177 ,
522 4114 604 4166 ὅτι
625 4111 746 4165 οὔτε
770 4111 1000 4183 Χριστὸς
1015 4113 1258 4182 κατάραν
1283 4110 1381 4180 τὴν
1412 4110 1498 4164 διὰ
1517 4113 1616 4179 τῆς
1648 4111 1829 4181 ἁμαρ-

256 4206 377 4269 τίας
443 4205 594 4275 ήμῶν
623 4203 858 4272 ἀφεῖλεν,
917 4203 1104 4255 ἑαυτὸν
1163 4201 1516 4273 σταυρώσας,’
1545 4203 1639 4254 κοιλ⁵
1680 4201 1830 4270 γενό-

260 4312 422 4366 μενος
467 4295 694 4358 θάνατος
731 4294 944 4363 θανάτῳ
973 4293 1061 4346 διά
1096 4292 1194 4356 τάς
1226 4293 1498 4363 ἁμαρτίας
1524 4295 1556 4363 ή
1567 4291 1701 4363 μῶν,
1735 4293 1830 4352 καὶ

2014 3291 2147 3348 Vlll.
2183 3293 2302 3347 Jam
2360 3295 2588 3363 quod-e
2638 3295 2813 3351 sacris
2870 3295 3250 3366 depromptum
3285 3294 3507 3352 Litteris

1935 3384 2112 3449 affert,
2143 3401 2208 3441 eo
2241 3401 2528 3456 perperam
2565 3386 2867 3452 intellecto,
2909 3395 3072 3456 atque
3121 3387 3366 3456 Apostoli
3413 3386 3509 3442 de—

1933 3487 2159 3546 pravata
2199 3480 2492 3544 sententia,
2536 3478 2854 3538 rudioribus
2889 3478 3073 3531 fucum
3111 3477 3303 3547 objicit
3336 3496 3350 3530 :
3382 3493 3508 3531 cum

1929 3570 2005 3624 ita
2045 3569 2293 3639 loquitur
2338 3570 2635 3640 Apostolus
2671 3587 2685 3623 :
2725 3567 2968 3624 Christus
3015 3584 3108 3622 nos
3155 3584 3186 3619 a
3229 3566 3507 3620 maledicto

1931 3659 2168 3723 redemit,
2193 3673 2288 3726 pro
2315 3659 2462 3712 nobis
2490 3661 2664 3728 factus
2698 3659 3035 3712 maledictum
3058 3657 3096 3709 ‘.
3127 3657 3203 3710 Ex
3233 3672 3340 3726 quo
3363 3657 3510 3711 istud

1931 3749 2168 3816 colligit;
2205 3747 2251 3803 si
2285 3748 2458 3817 ipsius
2509 3763 2782 3808 essemus,
2831 3762 2940 3799 non
2988 3747 3176 3814 utique
3215 3745 3360 3814 quod
3395 3745 3508 3813 jam

1931 3854 2094 3894 suum
2123 3845 2242 3894 erat
2272 3835 2683 3905 redempturum
2724 3836 2916 3891 fuisse.
2962 3834 3098 3888 Cum
3142 3835 3311 3904 igitur
3351 3837 3510 3890 rede-

1928 3931 2096 3986 misse
2125 3930 2362 3994 dicatar,
2393 3942 2620 3983 necesse
2650 3936 2735 3982 est
2761 3927 2996 3980 alienum
3030 3927 3085 3980 in
3117 3925 3382 3979 mundum
3414 3942 3509 3996 pe-

1936 4023 2058 4076 dem
2086 4020 2358 4090 posuisse,
2391 4026 2452 4074 ut
2483 4034 2585 4074 nos
2615 4019 2707 4088 qui
2741 4018 2884 4072 illius
2916 4031 3024 4069 non
3057 4031 3325 4082 essemus,
3365 4015 3509 4069 redi-

1937 4120 2128 4168 meret.
2169 4110 2320 4182 Opus
2369 4112 2514 4166 enim
2564 4126 2788 4166 eramus
2841 4109 3090 4171 alterius,
3144 4107 3375 4176 ideoque
3409 4121 3512 4160 nos

1933 4204 2098 4259 vitam
2124 4204 2189 4258 ad
2212 4216 2364 4257 suam
2384 4201 2836 4272 transportandos
2868 4199 3114 4254 redemit.
3148 4196 3346 4252 Verum
3377 4197 3511 4250 illud

1931 4295 2214 4352 hominum
2263 4293 2657 4348 stolidissimus
2705 4292 2940 4360 ignorat,
2981 4304 3324 4360 nequaquam
3355 4288 3514 4342 Chri-

258 4385 474 4454 κατάρα
526 4383 688 4445 αὐτὸς
733 4385 798 4452 τῇ
841 4383 1056 4464 κατάρᾳ
1104 4382 1412 4464 γενόμενος.
1456 4382 1546 4434 Διὸ
1585 4383 1686 4435 οὐκ
1716 4382 1828 4436 ἔστι

1937 4393 2079 4439 stum
2111 4383 2461 4438 maledictum
2500 4383 2691 4445 fuisse,
2719 4383 2860 4438 absit
2887 4390 2944 4437 ut
2965 4382 3234 4452 ejusmodi
3254 4380 3512 4452 quiddam

257 4474 494 4546 Χριστὸς
550 4474 783 4544 κατάρα,
819 4457 955 4526 ἀλλά
975 4475 1074 4544 τῆς
1113 4474 1358 4544 κατάρας
1395 4457 1582 4538 ’λύσις’
1611 4475 1828 4544 εὐλογία

255 4568 313 4620 δὲ
339 4569 475 4620 πᾶσι
515 4569 625 4630 τοῖς
653 4569 732 4631 είς
769 4567 928 4620 αὑτὸν
955 4567 1166 4639 ἀληθῶς
1203 4549 1640 4622 πεπιστευκόσιν.
1674 4568 1830 4623 Οῦτω

266 4660 362 4712 καὶ
383 4660 462 4720 τὸ,
491 4659 880 4728 ἐξηγόρασεν,
907 4661 1006 4712 οὐκ
1021 4655 1192 4726 εἶπεν,
1222 4661 1549 4729 ἠγόρασεν.
1567 4659 1702 4714 υῦτε
1719 4661 1828 4733 γὰρ

259 4754 340 4814 είς
394 4750 671 4822 ἀλλότριον
707 4747 868 4822 ἦλθεν
920 4751 1162 4822 ἁρπάσαι
1199 4752 1232 4822 ἢ
1278 4753 1568 4823 ἀγοράσαι.
1609 4753 1672 4806 Ei
1721 4754 1829 4822 γὰρ

255 4843 550 4916 ἠγόρασεν,
586 4843 660 4913 μὴ
713 4842 848 4912 ἔχων
889 4843 1154 4914 ἠγόρασε,
1202 4843 1297 4896 καὶ
1336 4843 1412 4906 ὡς
1443 4844 1654 4913 πτωχὸς
1680 4843 1716 4896 ἀ
1754 4843 1828 4914 μὴ

259 4930 405 5004 εἶχεν
431 4935 716 5004 ἐκτήσατο.
762 4934 872 4988 Καὶ
895 4933 923 4986 ὃ
941 4935 962 4966 ³
989 4935 1322 5005 κεκτημένος
1346 4936 1494 5005 ἡμᾶς
1521 4935 1826 5006 πέπρακεν,

259 5023 544 5094 ἀπορήσας
570 5021 872 5092 πέπρακεν,
903 5022 1010 5076 ἀπό
1038 5040 1181 5085 τινος
1223 5023 1330 5093 ἄρα
1362 5022 1639 5077 δανειστοῦ
1672 5023 1833 5076 ἐλαυ-

263 5116 510 5184 νόμενος.
530 5113 668 5166 Ἀλλ’
696 5115 794 5166 οὐκ
820 5113 932 5184 ἔχει
960 5111 1152 5175 οὕτως.
1183 5112 1319 5165 Οῠτε
1352 5113 1461 5185 γὰρ
1478 5110 1656 5178 εἶπεν,
1697 5112 1829 5183 ἠγό-

263 5223 450 5276 ρασεν,
484 5204 622 5269 ἀλλ’,
659 5205 1047 5274 ἐξηγόρασεν.
1085 5203 1306 5273 Ὅμοιον
1331 5202 1386 5256 δὲ
1408 5203 1580 5274 τούτῳ
1610 5204 1638 5255 ὁ
1667 5205 1828 5267 αὐτὸς

260 5296 415 5364 ἅγιος
477 5295 796 5359 ’Δπόστολός
860 5313 1024 5366 φησιν
1051 5311 1066 5327 ·
1149 5293 1669 5366 Ἑξαγοραζόμενοι
1721 5294 1830 5348 τὸν

261 5371 490 5451 καιρὸν,
522 5381 612 5435 ὅτι
635 5383 696 5436 αἱ
725 5381 936 5451 ἡμέραι
969 5383 1226 5451 πονηραί
1256 5385 1396 5436 εἱσι.
1421 5383 1533 5438 Καὶ
1560 5384 1660 5454 οὐχ
1683 5383 1822 5455 ήμέ-

1933 4475 2297 4539 arbitremur;
2335 4473 2430 4528 sed
2477 4489 2600 4528 cum
2637 4474 2780 4528 ultro
2826 4489 3039 4528 crucem
3077 4473 3353 4536 subiisset,
3384 4486 3515 4526 con-

1937 4573 2168 4622 tractum
2199 4580 2228 4618 a
2267 4566 2424 4619 nobis
2453 4581 2519 4620 ex
2559 4574 2782 4636 peccato
2815 4565 3160 4619 maledictum
3199 4563 3512 4624 abstulisse,

1934 4655 2098 4727 309
2127 4666 2184 4710 ut
2217 4672 2365 4712 mors
2393 4657 2794 4726 quodammodo
2826 4657 3017 4710 mortis
3049 4663 3196 4710 esset
3231 4653 3388 4722 culpa
3415 4667 3515 4708 no-

1936 4762 2049 4804 Sll‘a
2103 4759 2401 4818 suscepta,
2469 4749 2748 4819 ipsiusque
2813 4748 3086 4803 maledicti
3141 4745 3511 4800 maledictum.

1937 4838 2117 4905 Quare
2149 4840 2495 4895 maledictum
2526 4840 2777 4895 Christus
2809 4855 2917 4894 non
2957 4851 3058 4904 est,
3094 4839 3188 4894 sed
3228 4836 3514 4893 dissolutio

1935 4931 2242 4998 maledicti;
2294 4939 2484 4986 contra
2535 4946 2665 4986 vero
2714 4930 3019 4985 benedictio
3059 4929 3312 4984 omnibus
3341 4935 3424 4982 est
3458 4926 3513 4980 in

1935 5036 2059 5074 eum
2097 5036 2222 5075 vere
2253 5035 2315 5074 ac
2357 5021 2569 5076 sincere
2611 5021 2982 5075 credentibus.
3025 5018 3179 5073 Unde
3207 5025 3261 5074 et
3295 5019 3511 5070 redemit

1934 5112 2197 5182 scriptum
2253 5120 2377 5179 est,
2426 5129 2535 5167 non
2579 5115 2724 5167 emit.
2779 5111 2964 5181 Neque
2993 5111 3136 5166 enim
3177 5111 3232 5164 in
3278 5109 3512 5164 alienam

1933 5206 2338 5276 possessionem
2393 5207 2682 5278 diripiendi
2740 5208 2824 5263 vel
2881 5207 3093 5262 emendi
3142 5204 3314 5276 gratia
3341 5203 3511 5259 venit.

1933 5294 2069 5348 Nam
2101 5297 2146 5352 si
2179 5306 2404 5364 emeret,
2443 5299 2588 5370 quod
2627 5306 2752 5354 ante
2781 5315 2889 5354 non
2926 5299 3179 5364 habebat,
3201 5304 3425 5364 emeret,
3449 5309 3512 5348 ac

1935 5387 2170 5442 mendici
2226 5387 2400 5444 instar
2444 5389 2646 5463 quibus
2690 5400 2942 5448 caruerat
2994 5391 3099 5448 sibi
3152 5394 3510 5460 compararet.

332 5533 349 5565 ⁸
381 5529 442 5588 F.
473 5531 561 5584 ἴνα
593 5531 690 5599 μή,
765 5532 786 5564 ⁹
817 5530 879 5586 F.
905 5533 962 5587 ὲν
995 5529 1230 5596 καθέξει.
1307 5530 1474 5589 ’Cor.
1507 5531 1590 5595 ὃς.
1665 5531 1694 5606 ⁸,
1714 5533 1828 5589 Gal:

1932 5540 2012 5603 in,
2049 5536 2134 5590 i5.
