4078 6074
503 211 611 272 ⁸10⁸1

1897 196 1957 256 S.
1995 194 2335 254 EPIPHANII

3649 193 3758 250 708

505 325 677 394 Cujus
712 329 892 378 autem
937 319 994 377 in
1043 318 1258 390 peculio
1289 331 1532 380 eramus,
1580 314 1804 372 omnino
1841 322 2084 387 egestate

2190 335 2284 391 ρας
2317 314 2686 388 ἀγοράζομεν,
2718 313 2839 370 οὐδὲ
2871 312 3036 387 τιμὴν
3075 311 3299 386 ἡμερῶν
3332 310 3582 382 δίδομεν·
3619 312 3758 368 ἀλλά

507 431 610 471 nos
638 427 934 484 oppressus
964 411 1147 480 aliqua
1174 408 1535 473 vendidisset;
1563 406 1724 476 quasi
1751 419 1781 458 a
1806 405 2081 462 creditore

508 506 763 576 quopiam
794 511 1039 559 coactus.
1074 501 1260 570 Longe
1290 513 1422 562 vero
1454 511 1576 553 sese
1601 497 1759 550 aliter
1782 511 1870 551 res
1895 496 2078 551 habet.

507 595 624 649 Non
667 594 814 649 enim
851 592 1062 649 emendi
1093 590 1261 646 verbo
1306 603 1440 643 usus
1469 593 1576 650 est,
1611 585 1706 642 sed
1755 585 2078 641 redimendi.

508 687 609 741 Cui
646 685 823 740 simile
850 692 934 739 est
962 683 1118 747 illud,
1151 681 1297 752 quod
1329 681 1470 735 idem
1511 679 1803 750 Apostolus
1829 679 1936 734 alio
1963 681 2082 735 loco

509 777 676 830 dixit:
713 774 1042 829 Redimentes
1067 784 1290 842 tempus,
1321 772 1570 843 quoniam
1597 771 1706 825 dies
1738 771 1866 824 mali
1896 780 2016 825 sunt
2038 772 2078 828 ‘.

509 866 671 934 Atqui
708 881 885 935 neque
931 866 1050 921 dies
1099 873 1358 920 emuntur
1403 878 1434 918 a
1481 863 1660 927 nobis,
1697 878 1796 917 nec
1827 877 1927 932 pro
1975 863 2084 918 illis

510 957 744 1027 pretium
776 957 944 1010 ullum
974 956 1355 1026 persolvimus,
1395 955 1490 1010 sed
1530 953 1598 1007 ad
1638 954 1977 1024 patientiam,
2021 969 2084 1010 ac

512 1050 878 1112 tolerantiam,
932 1048 1210 1118 animique
1263 1046 1623 1102 constantiam
1672 1045 2078 1115 exprimendam

509 1155 632 1195 eam
679 1139 938 1208 loquendi
990 1139 1258 1192 rationem
1303 1137 1569 1192 adhibuit.
1623 1133 1890 1200 Quocirca
1936 1136 2081 1190 redi-

511 1228 694 1283 mendi
728 1227 950 1282 verbum
981 1233 1151 1281 totum
1189 1227 1319 1280 illud
1354 1225 1594 1294 suscepti
1630 1239 1727 1294 pro
1773 1225 1943 1279 salute
1979 1241 2083 1279 no-

513 1327 626 1374 stra
675 1319 946 1389 corporis,
1003 1317 1381 1387 adventusque
1444 1317 1716 1387 negotium
1775 1316 2082 1386 signiﬁcat;

511 1425 622 1480 quo
658 1410 877 1480 quidem
926 1410 1036 1479 pati
1079 1417 1266 1464 nostra
1311 1423 1479 1464 causa
1516 1404 1770 1478 dignatus
1800 1417 1885 1464 est
1916 1407 2081 1472 Deus,

2181 408 2244 463 τὸ
2272 409 2339 462 δι’
2385 407 2682 480 ὑπομονὴν,
2713 409 2805 461 καὶ
2833 407 2894 461 τὸ
2919 405 3238 478 μελλητικόν
3274 421 3334 457 τε
3366 401 3752 475 μακροθυμίας

2184 499 2482 572 σημαίνων,
2502 497 2661 552 τοῦτο
2675 498 2800 568 ἔφη.
2819 498 2982 551 Ὠστε
3017 497 3098 561 τὸ,
3139 494 3489 564 ἐξηγόρασε,
3512 495 3609 566 τὴν
3627 492 3758 548 ὑπό-

2182 589 2332 643 θεσιν
2386 589 2630 660 ἀπέφηνε
2656 587 2757 658 τῆς
2794 586 2932 658 ὑπὲρ
2967 583 3126 657 ἡμῶν
3165 584 3430 655 ἀναδοχῆς
3467 585 3524 637 έν
3567 583 3760 655 κόσμῳ

2182 681 2447 752 ένσάρκου
2467 680 2768 751 παρουσίας
2782 695 2796 709 ⁸
2819 673 2888 751 ἧς
2908 678 3196 746 ἀνεδέξατο
3221 677 3363 749 ὑπὲρ
3379 677 3534 747 ἡμῶν
3565 675 3760 729 παθεῖν

2182 774 2210 826 6
2255 771 2470 843 ἀπαθὴς
2514 771 2589 825 ὣν
2634 771 2787 835 Θεὸς,
2835 772 3011 842 μένων
3050 773 3106 823 ὲν
3145 772 3210 840 τῇ
3253 768 3358 840 ίδίᾳ
3392 767 3633 839 ἀπαθείᾳ
3660 767 3761 839 τῆς

2183 863 2352 918 αὐτοῦ
2402 864 2680 935 θεότητος·
2724 863 2819 916 καὶ
2866 862 3000 916 αὐτὸ
3033 861 3062 914 6
3105 859 3392 924 ἀνεδέξατο
3429 859 3570 930 ὑπὲρ
3600 857 3761 928 ἡμῶν

2185 954 2398 1021 παθεῖν,
2431 955 2530 1008 οὐκ
2557 953 2843 1026 ἀγοράζων
2867 953 3014 1024 ἡμᾶς
3039 951 3132 1006 ἀπ’
3163 951 3479 1022 ἀλλοτρίων,
3506 948 3644 1002 ἀλλά
3662 949 3763 1020 τὴν

2188 1044 2441 1098 ὑπόθεσιν
2487 1045 2629 1116 ὑπὲρ
2684 1044 2843 1115 ἡμῶν
2905 1041 3002 1096 τοῦ
3067 1041 3304 1115 σταυροῦ
3365 1038 3765 1110 ἀναδεξάμενος

2189 1137 2525 1208 προαιρέσει,
2564 1136 2659 1191 καὶ
2709 1136 2768 1190 ού
2798 1136 2914 1206 μετ’
2942 1135 3206 1204 ἀνάγκης.
3237 1132 3400 1186 Ὅθεν
3435 1130 3763 1202 ὲλήλεγκται

2191 1226 2333 1282 κατὰ
2353 1228 2528 1282 πάντα
2549 1229 2643 1282 τοῦ
2679 1229 3006 1301 Μαρκίωνος
3046 1229 3075 1281 6
3107 1227 3281 1295 λόγος.
3311 1225 3423 1279 Kal.
3446 1222 3617 1277 πολλά
3645 1224 3764 1276 ἐστι

2191 1317 2261 1371 τά
2310 1319 2448 1389 πρὸς
2479 1320 2792 1391 ἀνατροπὴν
2837 1319 2934 1389 τῆς
2965 1316 3156 1371 τούτου
3195 1315 3442 1386 μηχανῆς
3477 1313 3570 1366 καὶ
3592 1327 3765 1383 τραγ-

2188 1410 2352 1480 ῳδίας
2372 1451 2387 1475 ,
2414 1409 2475 1474 ἐξ
2507 1409 2765 1473 εὐσεϐοῦς
2789 1407 3048 1479 λογισμοῦ
3089 1407 3183 1462 καὶ
3219 1406 3440 1475 εὐλόγου
3465 1403 3762 1476 ὁρμώμενα

511 1503 606 1572 qui
642 1504 753 1572 pati
785 1501 921 1556 nihil
953 1500 1156 1570 alioqui
1197 1507 1428 1570 poterat,
1478 1514 1602 1554 cum
1631 1500 1686 1554 in
1715 1500 1904 1554 eodem
1935 1507 2080 1555 statu

2190 1499 2478 1569 ἐμφάσεως
2501 1501 2558 1552 ἑν
2587 1503 2653 1570 τῇ
2680 1500 2814 1572 πρὸς
2843 1500 3005 1553 αὐτὸν
3041 1499 3359 1570 άντιρῤήσει

510 1597 840 1662 divinitatis,
865 1597 1106 1668 patiendi
1139 1597 1413 1659 videlicet,
1445 1594 1804 1651 nihilominus
1827 1595 2164 1664 persisteret.
2190 1594 2347 1660 Quod
2374 1610 2504 1651 vero
2557 1595 2769 1666 perpeti
2797 1595 3001 1665 aliquid
3057 1609 3158 1665 pro
3210 1594 3370 1648 nobis
3417 1589 3610 1653 voluit,
3652 1603 3761 1644 non

520 1691 574 1745 id
597 1689 813 1745 eruendi
841 1689 1013 1743 nostri
1041 1688 1214 1758 gratia
1243 1687 1514 1755 praestitit,
1541 1686 1701 1756 quasi
1733 1686 1911 1740 alieno
1962 1688 2236 1757 mancipio
2263 1697 2604 1754 teneremur;
2632 1687 2869 1742 sed~uno
2920 1688 3183 1742 duntaxat
3245 1684 3422 1740 nostri
3481 1681 3664 1736 studio
3710 1681 3766 1736 el

511 1796 699 1836 amore
761 1779 961 1833 ductus
1005 1778 1190 1831 crucis
1236 1776 1565 1845 supplicium
1619 1789 1729 1828 non
1779 1776 2105 1830 necessitate
2155 1777 2285 1841 ulla,
2337 1779 2434 1832 sed
2485 1776 2763 1831 voluntate
2818 1777 3099 1833 sustinuit.
3155 1775 3234 1828 Ex
3304 1789 3412 1844 quo
3464 1771 3755 1828 Marcionis

511 1879 626 1926 tota
674 1871 766 1925 illa
809 1869 950 1923 ratio
987 1867 1229 1921 funditus
1270 1865 1652 1921 labefactatur.
1699 1864 1804 1921 Sed
1852 1867 1920 1922 ad
1967 1868 2088 1937 ejus
2116 1870 2424 1925 machinam
2447 1859 2662 1926 omnem
2692 1885 2756 1925 ac
2813 1870 3136 1941 tragoediam
3182 1868 3554 1936 evertendam,
3594 1866 3764 1920 multa

513 1974 643 2018 sunt
664 1979 695 2017 a
724 1963 883 2018 nobis
907 1963 962 2015 in
993 1961 1140 2015 illius
1163 1960 1547 2016 refutationem
1569 1969 1851 2032 congesta,
1874 1962 2174 2035 eademque
2203 1965 2459 2036 religiosa
2479 1981 2546 2021 ex
2573 1973 2776 2032 mente,
2802 1967 3078 2036 animique
3102 1972 3250 2020 recta
3298 1965 3511 2019 ratione
3556 1961 3764 2033 praediti

513 2057 911 2128 significatione
943 2055 1207 2126 profecta.

586 2149 678 2204 IX.
717 2148 838 2203 iam
877 2150 1021 2204 enim
1054 2147 1119 2202 ad
1151 2147 1272 2216 ejus
1306 2146 1542 2217 scripta,
1576 2147 1662 2203 vel
1699 2147 1884 2218 potius
1908 2147 2084 2203 scele-

2259 2144 2336 2198 Θ⁹.
2376 2145 2698 2217 Ἐλεύσομαι
2741 2146 2797 2200 δὲ
2831 2146 2909 2211 είς
2955 2147 3022 2200 τά
3071 2145 3162 2199 ὑπ’
3191 2147 3355 2200 αὐτοῦ
3385 2152 3762 2222 γεγραμμένα,

514 2251 634 2298 rate
663 2240 957 2296 commissa
979 2280 994 2304 ,
1025 2255 1112 2294 me
1141 2238 1388 2293 confero.
1421 2237 1556 2292 Nam
1590 2238 1692 2294 iste
1717 2240 1895 2294 solum
1932 2238 2090 2292 Luca:

514 2333 866 2404 Evangelium
909 2330 1288 2400 amplectitur,
1314 2339 1596 2400 amputato
1626 2337 1808 2385 tamen
1829 2329 1951 2400 ejus
1986 2329 2092 2384 ini-

515 2425 613 2486 tio,
649 2423 792 2492 quod
828 2421 903 2476 ibi
933 2419 1233 2475 Salvatoris
1280 2419 1336 2473 in
1377 2427 1533 2476 utero
1568 2421 1971 2492 generationem
1993 2461 2009 2488 ,
2037 2426 2092 2474 et

513 2513 760 2582 ejusdem
785 2511 1076 2566 adventum
1102 2525 1226 2564 cum
1259 2524 1490 2579 corpore
1521 2512 1811 2581 perspicue
1849 2525 2092 2565 comme-

515 2614 709 2660 moret.
751 2603 860 2659 Nec
902 2603 1116 2657 initium
1166 2599 1328 2656 modo
1374 2601 1809 2672 circumscripsit
1864 2603 1954 2658 ille
2006 2601 2092 2658 sui

515 2698 699 2767 potius
727 2711 888 2766 quam
932 2693 1207 2764 Evangelii
1242 2701 1560 2762 corruptor;
1594 2694 1690 2748 sed
1740 2700 1794 2748 et
1836 2708 1903 2747 ex
1935 2691 2092 2747 initio

516 2789 721 2860 pariter
747 2801 811 2840 ac
844 2786 1021 2840 medio
1055 2785 1343 2854 plerasque
1369 2784 1618 2839 veritatis
1641 2785 1939 2839 sententias
1969 2799 2093 2840 sus-

513 2878 674 2941 tulit,
744 2877 988 2945 aliasque
1036 2891 1136 2944 pro
1189 2875 1298 2930 illis
1351 2875 1657 2930 substituit.
1724 2873 1876 2930 Hanc
1929 2890 2092 2930 unam

516 2983 681 3038 pono
713 2965 989 3035 Evangelii
1035 2964 1302 3030 formam,
1350 2965 1496 3035 quod
1555 2981 1584 3019 a
1639 2964 1786 3022 Luca
1829 2967 2092 3036 scriptum

517 3057 773 3112 admittit.
809 3056 1082 3127 Epistolas
1111 3064 1372 3126 praaterea
1401 3056 1556 3111 Pauli
1601 3057 1833 3127 apostoli
1870 3058 2054 3113 decem
2076 3099 2091 3123 ,

515 3148 714 3220 quibus
754 3147 886 3203 solis
941 3149 1132 3213 utitur,
1183 3165 1284 3204 nec
1336 3150 1403 3206 iis
1441 3149 1660 3220 quidem
1702 3150 1964 3222 integris.
2000 3149 2094 3204 sed

515 3239 621 3294 alia
647 3254 712 3292 ex
744 3237 854 3292 illis
897 3237 1076 3307 capita
1109 3239 1379 3303 detrahit,
1414 3240 1520 3292 alia
1548 3248 1872 3293 commutat.
1917 3239 2096 3308 Atque

517 3331 616 3386 hos
673 3328 810 3384 duos
859 3329 1027 3383 libros
1082 3329 1345 3384 duntaxat
1384 3343 1483 3398 pro
1535 3329 1825 3382 canonicis
1874 3329 2036 3383 habet
2077 3347 2090 3382 :

514 3431 708 3494 prazter
738 3437 876 3492 quos
902 3421 1006 3475 alia
1041 3420 1264 3489 insuper
1289 3435 1319 3473 a
1349 3434 1408 3474 se
1463 3419 1782 3473 elucubrata
1813 3419 2091 3472 volumina

514 3513 721 3570 erroris
752 3512 916 3581 310
947 3511 1032 3564 sui
1067 3511 1330 3564 studiosis
1373 3509 1629 3564 obtrusit.
1662 3509 1914 3578 Epistulae
1938 3525 2089 3575 vero,

515 3618 636 3672 qua:
653 3602 829 3655 abillo
848 3601 1167 3670 probantur,
1183 3600 1408 3655 haesunt
1429 3621 1440 3654 :
1461 3601 1630 3670 prima
1650 3609 1733 3655 est
1757 3599 1823 3654 ad
1839 3600 2056 3656 Galatas
2075 3617 2090 3666 ;

516 3708 557 3746 ιι
588 3692 654 3745 ad
690 3691 1006 3746 Corinthios
1037 3691 1246 3760 prima;
1288 3707 1346 3746 ιιι
1370 3691 1434 3746 ad
1473 3690 1786 3747 Corinthios
1818 3691 2089 3758 secunda;

519 3801 573 3840 tv
596 3785 662 3838 ad
681 3782 989 3849 Romanos;
1007 3799 1039 3836 v
1064 3781 1135 3837 ad
1161 3780 1682 3838 Thessalonicenses
1704 3783 1912 3853 prima;
1944 3798 1998 3836 τι
2022 3780 2092 3836 ad

515 3876 1035 3932 Thessalonicences
1067 3874 1343 3940 secunda;
1376 3891 1452 3929 vn
1482 3874 1547 3930 ad
1579 3874 1874 3944 Ephesios;
1902 3891 1998 3930 vm
2022 3874 2090 3930 ad

515 3967 896 4034 Colossenses;
949 3981 1004 4020 lx
1043 3965 1110 4019 ad
1139 3965 1539 4032 Philemonem;
1591 3981 1623 4018 ι
1655 3966 1722 4020 ad
1773 3965 2091 4035 Philippen-

517 4075 626 4114 ses.
665 4058 837 4113 Habet
877 4066 932 4112 et
979 4057 1044 4112 ad
1090 4055 1453 4111 Laodicenses
1494 4057 1751 4126 Epistolae
1793 4058 2090 4126 particulas

517 4149 743 4218 aliquot.
795 4145 914 4213 Qua
958 4161 1026 4202 ex
1077 4145 1228 4216 ipsa,
1285 4159 1448 4214 quam
1508 4144 1742 4208 retinet,
1777 4143 2086 4216 Evangelii,

518 4235 992 4306 Epistolarumque
1036 4234 1245 4300 forma,
1292 4235 1512 4304 planum
1561 4233 1707 4289 hunc
1733 4242 1789 4290 et
1828 4235 2090 4306 imposto-

517 4349 631 4386 rem
682 4347 807 4388 esse
845 4333 1222 4387 demonstrare
1257 4330 1368 4386 Deo
1405 4330 1705 4401 opitulante
1755 4345 2084 4400 possumus,

518 4422 942 4492 plenissimeque
970 4421 1238 4478 refellere.
1281 4421 1496 4478 Etenim
1527 4436 1594 4477 ex
1633 4419 1700 4476 iis
1733 4421 1866 4492 ipsis
1896 4422 2086 4491 libris,

514 4529 656 4584 quos
704 4526 992 4583 germanos
1038 4527 1160 4567 esse
1213 4513 1522 4576 conﬁtetur,
1564 4513 1753 4580 procul
1788 4513 1956 4568 dubio
2000 4530 2087 4570 re-

515 4605 831 4673 darguetur.
877 4600 956 4655 Ex
999 4601 1068 4657 iis
1100 4601 1322 4670 inquam
1349 4618 1485 4671 quas
1509 4602 1770 4660 adsciscit
1809 4619 1873 4659 ac
1907 4615 2087 4662 servat

514 4693 818 4766 Evangelii,
853 4693 1329 4764 Epistolarumque
1357 4693 1624 4764 reliquiis,
1652 4695 1795 4764 apud
1823 4710 1919 4752 eos
1962 4697 2086 4768 qui—

2119 3476 2166 3538 C

2195 2235 2391 2305 μᾶλλον
2421 2237 2477 2290 δὲ
2506 2238 3027 2311 έρρᾳδιουργημένα.
3058 2234 3226 2302 Οὗτος
3255 2241 3362 2313 γὰρ
3387 2241 3498 2311 ἔχει
3523 2243 3762 2312 Εὐαγγέ-

2191 2325 2302 2379 λιον
2335 2328 2492 2398 μόνον
2521 2329 2582 2382 τὸ
2607 2330 2749 2383 κατά
2781 2332 3016 2396 Λουκᾶν,
3046 2333 3515 2402 περικεκομμένον
3540 2335 3646 2387 ἀπὸ
3670 2335 3764 2406 τῆς

2191 2419 2365 2489 ἀρχῆς
2393 2419 2480 2472 διὰ
2511 2421 2610 2490 τὴν
2640 2420 2735 2474 τοῦ
2766 2422 3016 2494 Σωτῆρος
3048 2422 3306 2492 σύλληψιν
3341 2425 3432 2476 καὶ
3453 2425 3552 2496 τὴν
3577 2425 3758 2497 ένσαρν

2191 2525 2286 2561 κον
2307 2509 2468 2562 αὑτοῦ
2493 2513 2819 2583 παρουσίαν.
2853 2514 2926 2566 υύ
2967 2515 3123 2584 μόνον
3150 2515 3206 2568 δὲ
3229 2515 3327 2586 τὴν
3361 2518 3531 2589 ἀρχὴν
3562 2513 3752 2572 ἀπέτε·

2196 2617 2296 2670 μεν
2326 2602 2354 2653 6
2377 2602 2757 2674 λυμηνάμενος
2783 2604 2972 2658 ἑαυτὸν
2998 2607 3140 2677 ῆπερ
3167 2605 3226 2658 τὸ
3247 2607 3574 2676 Εὑαγγέλιον
3595 2628 3607 2639 ”
3634 2611 3765 2664 ἀλλά

2192 2695 2288 2746 καὶ
2318 2694 2410 2747 τοῦ
2440 2695 2627 2759 τέλους
2656 2697 2749 2749 καὶ
2773 2697 2880 2750 τῶν
2911 2699 3092 2768 μέσων
3137 2699 3306 2752 πολλά
3338 2701 3631 2772 περιέκοψε
3659 2703 3772 2758 τῶν

2191 2783 2294 2853 τῆς
2325 2784 2579 2854 ἀληθείας
2610 2785 2782 2855 λόγων
2801 2804 2815 2818 ·
2843 2788 2976 2842 ἀλλα
3017 2790 3074 2842 δὲ
3123 2790 3275 2862 παρά
3312 2791 3380 2846 τὰ
3407 2797 3773 2865 γεγραμμένα

2193 2871 2566 2946 προστέθεικε.
2594 2877 2757 2947 Μόνῳ
2783 2879 2839 2932 δὲ
2863 2879 3126 2951 κέχρηται
3153 2881 3323 2952 τούτῳ
3350 2881 3428 2952 τῷ
3455 2889 3771 2958 χαρακτῆρι

2192 2967 2272 3038 τῷ
2304 2967 2444 3020 κατά
2476 2970 2688 3024 Λουκᾶν
2719 2971 3216 3045 Εὑαγγελίῳ.Ἕχει
3233 2976 3289 3028 δὲ
3315 2976 3409 3028 καὶ
3451 2977 3774 3043 Ἐπιστολάς

2195 3057 2325 3129 παρ’
2357 3058 2505 3129 αύτῷ
2553 3060 2647 3114 τοῦ
2693 3061 2848 3129 ἁγίου
2891 3062 3213 3116 Ἀποστόλου
3263 3065 3416 3132 δέκα,
3439 3060 3528 3130 αἶς
3582 3068 3770 3137 μόναις

2195 3149 2481 3220 κέχρηται,
2509 3152 2569 3204 ού
2611 3154 2741 3206 πᾶσι
2781 3154 2838 3207 δὲ
2882 3157 2992 3218 τοῖς
3031 3156 3089 3208 ὲν
3130 3156 3319 3222 αὐταῖς
3344 3159 3768 3230 γεγραμμένοις,

2195 3237 2332 3291 ἀλλά
2357 3256 2478 3294 τινα
2507 3241 2684 3296 αὐτῶν
2712 3243 3072 3314 περιτέμνων,
3108 3247 3229 3301 τινὰ
3257 3248 3313 3301 δὲ
3343 3248 3640 3312 ἀλλοιώσας
3680 3267 3769 3303 κε-

2196 3327 2418 3397 φάλαια.
2442 3332 2681 3396 Ταύταις
2709 3333 2764 3387 δὲ
2788 3338 2907 3399 ταῖς
2933 3335 3054 3389 δυσὶ
3077 3336 3278 3407 βίϐλοις
3307 3338 3770 3410 κέχρηται.’Δλλα

2195 3418 2252 3472 δὲ
2292 3421 2644 3494 συντάγματα
2692 3426 2786 3496 ἀφ’
2808 3427 3001 3480 ἑαυτοῦ
3039 3429 3292 3494 συνέταξε
3334 3434 3445 3494 τοῖς
3480 3433 3575 3485 ἀπ’
3604 3431 3768 3486 αὐτοῦ

2196 3511 2587 3583 πλανωμένοις.
2612 3518 2678 3570 Αἱ
2704 3517 2760 3570 δὲ
2795 3518 3103 3573 Ἐπιστολαὶ
3133 3522 3187 3573 αί
3221 3523 3350 3594 παρ’
3377 3523 3525 3594 αύτῷ
3552 3523 3769 3595 λεγόμεο

2194 3601 2284 3655 ναί
2342 3605 2485 3657 εἰσι’
2539 3607 2729 3681 πρώτη
2777 3610 2874 3681 μὲν
2924 3611 3061 3682 πρὸς
3126 3613 3392 3678 Γαλάτας,
3440 3615 3667 3685 δευτέρα
3713 3615 3770 3670 δὲ

2196 3691 2332 3762 πρὸς
2375 3695 2711 3767 Κορινθίους,
2782 3701 2936 3773 τρίτη
2981 3702 3114 3772 πρὸς
3168 3704 3483 3774 Κορινθίους
3513 3705 3762 3776 δευτέρα,

2194 3783 2424 3856 τετάρτη
2487 3787 2622 3858 πρὸς
2679 3787 2981 3859 Ῥωμαίους
3009 3829 3025 3853 ,
3082 3792 3306 3864 πέμπτη
3363 3795 3499 3864 πρὸς
3557 3796 3770 3850 Θεσσα-

2193 3869 2445 3943 λονικεῖς,
2501 3878 2633 3952 ἕκτη
2660 3919 2676 3946 ,
2720 3882 2855 3954 πρὸς
2898 3884 3316 3966 Θεσσαλονικεξς
3347 3885 3591 3956 δευτέρα,
3621 3887 3772 3941 έϐδό⁴

2197 3989 2272 4043 μη
2287 3972 2422 4042 πρὸς
2471 3972 2750 4043 Ἐφεσίους
2775 4013 2790 4039 ,
2867 3976 3027 4047 ὀγδόη
3093 3978 3228 4049 πρὸς
3290 3979 3630 4045 Κολωσσεῖς,
3681 3982 3769 4035 έν-

2193 4065 2326 4135 νάτη
2370 4064 2508 4136 πρὸς
2555 4065 2849 4137 Φιλήμονα,
2901 4067 3101 4140 δεκάτη
3158 4069 3293 4140 πρὸς
3346 4069 3763 4144 Φιλιππησίους.

2197 4156 2349 4226 Ἔχει
2381 4156 2437 4209 δὲ
2482 4155 2577 4210 καὶ
2608 4157 2708 4226 τῆς
2738 4158 2874 4229 πρὸς
2913 4160 3232 4224 Λαοδικείας
3270 4162 3570 4234 λεγομένης
3601 4164 3768 4236 μέρη.

2205 4247 2294 4313 Ἐξ
2334 4241 2505 4320 οὗπερ
2534 4249 2879 4320 χαρακτῆρος
2924 4248 3018 4303 τοῦ
3068 4253 3196 4322 παρ’
3225 4252 3386 4305 αὑτοῦ
3432 4252 3771 4324 σωζομένου,

2189 4337 2283 4391 τοῦ
2310 4355 2368 4392 τε
2400 4337 2748 4407 Εὑαγγελίου,
2780 4338 2873 4392 καὶ
2905 4338 3014 4392 τῶν
3040 4338 3369 4394 Ἐπιστολῶν
3390 4343 3482 4396 τοῦ
3507 4345 3775 4398 Ἀποστό-

2188 4427 2302 4494 λου,
2341 4428 2509 4493 δεῖξαι
2535 4427 2694 4482 αὑτὸν
2733 4429 2790 4481 ὲν
2833 4427 2950 4498 Θεῷ
2995 4428 3190 4500 ἔχομεν
3228 4431 3518 4483 ἀπατεῶνα
3547 4433 3644 4486 καὶ
3675 4449 3774 4485 πε-

2191 4520 2550 4590 πλανημένον,
2581 4520 2674 4574 καὶ
2711 4518 2986 4591 ἀκρότατα
3027 4520 3312 4590 διελέγξαι.
3331 4522 3419 4588 Ἐξ
3443 4523 3623 4576 αὐτῶν
3657 4523 3774 4596 γὰρ

2188 4613 2290 4666 ἀνα
2299 4613 2571 4684 μφιϐόλως
2597 4611 2706 4666 τῶν
2726 4614 2859 4683 παρ’
2879 4611 3042 4664 αὐτοῦ
3063 4613 3507 4685 ὁμολογουμένων
3535 4616 3777 4687 ἀνατρα-

2189 4703 2555 4777 πήσεται.Ἑκ
2596 4705 2703 4776 γὰρ
2746 4705 2855 4758 τῶν
2903 4703 3081 4758 αύτῶν
3118 4705 3197 4759 ἔτι
3232 4705 3358 4777 παρ’
3386 4705 3552 4759 αὐτοῦ
3584 4706 3774 4777 λειψά-

514 4783 670 4845 dem,
715 4783 809 4852 qui
844 4782 1122 4852 sapientiae
1151 4781 1429 4851 paululum
1479 4783 1751 4850 habeant,
1799 4786 2086 4843 manifeste

2190 4813 2317 4864 νων,
2345 4796 2438 4850 τοῦ
2466 4814 2527 4849 τε
2550 4793 2882 4866 Εύαγγελίου
2905 4797 2998 4850 καὶ
3024 4795 3132 4850 τῶν
3159 4795 3493 4870 Ἐπιστολῶν
3519 4799 3774 4870 εὑρισκο-

514 4872 868 4942 probabimus
897 4910 912 4935 ,
973 4886 1316 4942 nequaquam
1375 4887 1406 4926 a
1471 4873 1666 4930 Vetere
1737 4871 2088 4932 Testamento

514 4966 789 5021 Christum
811 5005 825 5030 ,
859 4972 952 5018 aut
981 4964 1048 5019 ab
1074 4980 1140 5020 eo
1173 4979 1297 5019 cum
1331 4978 1494 5019 carne
1527 4966 1776 5019 veniente
1797 4964 2090 5035 prophetas

515 5056 829 5113 abhorrere.
852 5055 995 5123 Quin
1010 5057 1172 5111 etiam
1193 5054 1647 5111 resurrectionem
1692 5067 1982 5124 corporum
2019 5056 2089 5111 ab

513 5144 771 5215 Apostolo
802 5146 1122 5215 praedicari,
1153 5154 1206 5202 et
1236 5148 1291 5200 in
1335 5159 1524 5200 eorum
1559 5145 1651 5214 qui
1684 5144 1916 5200 salutem
1951 5161 2086 5201 con-

513 5244 816 5304 sequuntur
865 5253 1150 5291 numerum
1216 5237 1584 5292 Abraliamum
1645 5236 1712 5291 ab
1775 5238 1963 5292 eodem
2028 5246 2082 5292 et

511 5324 754 5381 lsaacum
784 5325 1154 5398 Jacobumque
1184 5329 1414 5396 referri;
1459 5344 1560 5384 nec
1593 5343 1702 5384 non
1736 5329 1944 5399 reliqua
1981 5328 2079 5385 de-

511 5415 962 5472 monstrabuntur
1020 5419 1224 5486 omnia,
1278 5435 1398 5490 qua:
1440 5428 1630 5476 sancta
1685 5419 1779 5475 Dei
1835 5419 2075 5476 Ecclesia

590 5571 607 5603 ³
640 5568 845 5639 Ephes.
876 5585 930 5636 γ,
963 5571 1052 5624 lli.

2189 4887 2385 4957 μένων,
2417 4886 2756 4957 δειχθήσεται
2788 4890 2816 4942 6
2846 4888 3077 4960 Χριστὸς
3105 4891 3216 4950 τοῖς
3241 4867 3481 4951 συνετοῖς
3511 4867 3774 4959 μὴ’ἁλλό-

2185 4992 2334 5044 τριος
2374 4971 2513 5028 εἶναι
2559 4975 2804 5039 Παλαιᾶς
2827 4977 3123 5048 Διαθήκης,
3153 4977 3246 5031 καὶ
3279 4979 3328 5030 οἱ
3359 4979 3637 5048 προφῆται
3671 4976 3771 5034 οὖν

2183 5063 2284 5115 ούκ
2305 5061 2568 5132 ἀλλότριοι
2601 5062 2752 5127 ὄντες
2782 5063 2881 5134 τῆς
2909 5064 3000 5118 τοῦ
3030 5064 3230 5137 Κυρίου
3256 5065 3536 5136 ένδημίας,
3562 5067 3658 5119 καὶ
3682 5069 3772 5122 ὅτι

2185 5151 2476 5204 ἀνάστασιν
2495 5151 2695 5222 σαρκὸς
2717 5153 2745 5205 6
2762 5152 3080 5218 Ἀπὸστολος
3105 5153 3381 5224 κηρύττει,
3400 5155 3493 5207 καὶ
3517 5153 3772 5221 δικαίους

2185 5243 2310 5304 τοὺς
2340 5243 2623 5313 προφήτας
2641 5242 2913 5314 ὀνομάζει,
2946 5244 3038 5298 καὶ
3062 5247 3118 5297 ὲν
3148 5243 3474 5316 σωζομένοις
3496 5246 3773 5320 ὑπάρχονο

2184 5350 2283 5396 τας
2319 5335 2443 5397 τοὺς
2477 5336 2601 5404 περὶ
2627 5334 2897 5406 Ἀϐραὰμ,
2928 5337 3021 5391 καὶ
3053 5337 3256 5400 Ἰσαὰκ,
3294 5335 3388 5389 καὶ
3420 5337 3655 5403 Ἰακὼϐρ
3669 5340 3770 5395 καὶ

2184 5422 2360 5477 πάντα
2390 5427 2490 5479 ὅσα
2517 5425 2633 5478 ἐστὶ
2664 5423 2763 5494 τῆς
2799 5424 2958 5492 ἁγίας
2993 5426 3085 5480 τοῦ
3125 5425 3259 5480 Θεοῦ
3293 5424 3624 5499 Ἐκκλησίας
3654 5427 3766 5501 (τε)
