3932 6064
191 201 194 204 ’
274 191 372 248 109

963 191 1340 252 ADVERSUS
1377 173 1719 251 exeat-3512s
1756 193 1851 249 Lm

1960 235 1966 249 .
2007 193 2172 250 TOM.
2213 191 2298 248 111.
2339 224 2410 237 -
2440 192 2712 253 ΗᾸΞΒΕΒ.
2741 195 2902 253 XLII.

3434 204 3544 261 7i0

267 308 516 379 σωτήρια
545 306 640 359 καὶ
667 304 796 374 ἅγια
828 296 1016 360 καὶέκ
1039 305 1170 360 Θεοῦ
1203 308 1602 379 ἐστηριγμένα,
1633 309 1690 363 ἐν
1711 327 1772 363 τε
1796 311 1851 381 τῇ

1969 309 2277 380 proﬁtetur,
2313 308 2576 363 salutaria
2607 309 2697 363 illa
2727 311 2970 382 quidem,
3002 325 3066 366 ac
3109 314 3552 388 saacta,l)eique

262 399 450 452 πίστει
475 398 570 451 καὶ
601 398 662 449 ἐν
689 399 756 468 τῇ
786 394 1005 465 γνώσει,
1033 398 1126 450 καὶ
1160 399 1220 450 ἐν
1253 398 1446 464 ἐλπίδι,
1476 401 1571 453 καὶ
1602 400 1859 454 διδασκα-

267 490 386 547 λία.
1094 514 1098 518 “

338 583 396 636 I’.
431 580 835 652 Παραθήσομαι
858 579 912 632 δὲ
931 580 1026 633 καὶ
1062 580 1128 651 ἢν
1151 582 1505 656 ἐποιησάμην
1538 585 1662 638 κατ’
1690 583 1856 639 αὐτοῦ

265 671 676 743 πραγματείαν,
732 671 862 740 πρὶν
905 671 998 724 τοῦ
1040 672 1250 744 ταύτην
1301 690 1402 744 μου
1447 677 1548 747 τὴν
1606 676 1858 742 σύνταξιν

264 761 661 816 ἐσπουδακέναι
691 761 778 814 διὰ
805 761 906 831 τῆς
937 762 1092 832 ὑμῶν
1115 763 1226 816 τῶν
1259 765 1506 834 ἀδελφῶν
1543 769 1860 840 προτροπῆς

264 850 616 924 ποιήσασθαι.
636 851 768 904 Ἀπὸ
782 852 918 905 ἐτῶν
949 853 1150 906 ἱκανῶν
1173 856 1266 908 ὰνε
1275 855 1478 927 ρευνῶν
1497 856 1515 887 ¹
1541 857 1641 928 τὴν
1666 859 1856 911 τούτου

263 944 363 998 τοῦ
399 943 724 1015 Μαρκίωνος
749 944 1180 1017 ἐπινενοημένην
1221 946 1590 1020 ψευδηγορίαν
1626 948 1723 1002 καὶ
1769 949 1860 1020 λη-

272 1037 416 1108 ρώδη
443 1035 808 1102 διδασκαλίαν,
837 1036 1009 1100 αὐτας
1045 1036 1111 1109 δὴ
1159 1037 1259 1102 τὰς
1307 1038 1402 1093 τοῦ
1454 1041 1853 1112 προειρημένου

270 1129 513 1200 βίϐλους,
547 1128 614 1192 ἃς
643 1129 906 1200 κέκτηται
932 1129 1071 1200 μετὰ
1099 1132 1287 1202 χεῖρας
1318 1131 1518 1197 λαϐὼν,
1552 1132 1613 1184 τό
1633 1149 1693 1185 τε
1724 1134 1856 1202 παρ’

267 1221 452 1274 αὐτῶν
480 1219 772 1290 λεγόμενον
801 1221 1135 1290 Εὐαγγέλιον
1161 1222 1257 1276 καὶ
1281 1223 1636 1277 ἀποστολικδν
1667 1221 1858 1276 καλούο

273 1329 436 1382 μενον
478 1306 608 1382 παρ’
636 1310 804 1381 αὐτῷ,
833 1311 1276 1383 ἐξανθισάμενος,
1323 1315 1416 1367 καὶ
1461 1315 1855 1385 ἀναλεξάμενος

269 1403 392 1456 καθ’
420 1403 613 1474 εἱρμὸν
647 1402 758 1455 ἀπὸ
793 1402 902 1455 τῶν
947 1405 1363 1475 προειρημένων
1409 1406 1500 1458 δύο
1535 1405 1754 1476 βιϐλίων
1787 1405 1854 1458 τὰ

266 1494 487 1564 ἐλέγξαι
512 1494 674 1547 αὐτὸν
692 1493 989 1565 δυνάμενα,
1022 1495 1240 1565 ἐδάφιόν
1269 1514 1321 1550 τι
1350 1496 1654 1562 συντάξεως
1678 1501 1855 1567 ἐποιη-

272 1587 475 1657 σάμην,
510 1584 817 1648 ἀκολούθως
861 1585 1025 1650 τάξας
1062 1587 1356 1656 κεφάλαια,
1407 1590 1502 1642 καὶ
1543 1589 1852 1660 ἐπιγράψας

1964 400 2292 455 auctoritate
2324 399 2602 462 roborata,
2645 416 2766 470 quae
2798 401 3075 456 communi
3110 402 3246 470 ﬁde,
3282 406 3548 472 scientia,

1971 506 2089 561 spe,
2119 491 2478 559 doctrinaque
2503 492 2936 561 comprehendit.

2032 584 2100 638 Χ.
2148 583 2304 640 Libet
2329 601 2458 640 vero
2487 586 2910 656 disputationem
2946 585 3238 658 quamdam
3269 587 3360 642 hic
3393 588 3543 643 inse-

1961 693 2113 741 rere,
2155 691 2316 747 quam
2360 676 2624 733 adversus
2675 678 2987 733 haereticum
3034 679 3202 734 istum
3256 679 3547 734 elucubra-

1958 783 2177 831 veram,
2209 773 2502 837 antequam
2537 782 2675 838 opus
2707 769 2852 823 istud
2899 769 3118 824 hortatu
3155 777 3337 825 vestro
3367 770 3546 825 susci-

1961 873 2165 927 perem.
2214 856 2348 911 Nam
2404 872 2529 911 cum
2572 859 2759 913 multis
2797 859 2996 913 abhinc
3051 861 3212 916 annis
3253 860 3546 916 Marcionis

1959 950 2124 1020 hujus
2147 949 2552 1004 commentitias
2583 948 2815 1013 fabulas,
2840 960 2894 1005 et
2926 951 3247 1006 inanissima
3282 952 3538 1023 dogmata

1958 1047 2336 1112 perscrutatus
2380 1057 2557 1096 essem
2582 1082 2597 1105 ,
2633 1057 2881 1112 quosque
2914 1043 3003 1096 ille
3033 1043 3204 1097 libros
3240 1059 3340 1113 pro
3372 1059 3542 1100 cano--

1957 1133 2097 1188 nicis
2147 1131 2502 1202 comprobat;
2539 1140 2669 1202 puta
2712 1133 3073 1204 Evangelium
3120 1135 3265 1202 quod
3313 1135 3416 1204 ipsi
3450 1151 3548 1190 vo-

1956 1230 2122 1285 cant,
2149 1227 2205 1276 et
2237 1222 2598 1292 apostolicum
2648 1222 2716 1276 ab
2755 1221 2947 1276 iisdem
3001 1222 3341 1276 nominatum
3397 1223 3546 1278 evol-

1956 1328 2110 1378 vens,
2149 1313 2434 1368 selectiora
2469 1312 2596 1368 inde
2631 1314 2891 1368 nonnulla
2916 1354 2930 1378 ,
2967 1329 3088 1383 quae
3113 1314 3178 1368 ad
3213 1314 3364 1368 illum
3396 1313 3546 1368 refu-

1955 1405 2179 1460 tandum
2217 1405 2523 1475 pertinent,
2574 1405 2890 1460 continuata
2923 1405 3063 1460 serie
3110 1405 3544 1474 decerpsissem,

1955 1497 2226 1552 uberioris
2279 1495 2564 1565 cujusdam
2617 1497 2798 1566 operis
2849 1496 3205 1550 fundamenta
3246 1497 3441 1566 posui;
3482 1510 3548 1550 ac

1955 1588 2296 1658 singulorum
2334 1589 2572 1658 capitum
2617 1586 2864 1641 ordinem
2902 1587 2976 1640 ita
3009 1585 3301 1651 distribui,
3328 1593 3388 1639 ut
3423 1587 3546 1639 uni-

269 1678 475 1750 ἐκάστῃ
507 1678 665 1748 ῥήσει
689 1675 929 1748 πρώτην,
965 1678 1251 1750 δευτέραν,
1286 1679 1509 1750 τρίτην·
1553 1683 1647 1734 καὶ
1683 1680 1851 1744 οὕτως

1960 1679 2155 1748 cuique
2197 1678 2515 1739 sententiae,
2568 1677 2776 1745 prima,
2825 1677 3098 1742 secunda,
3133 1677 3330 1739 tertia,
3363 1691 3428 1731 ac
3466 1677 3546 1732 sic

267 1769 373 1832 ἕως
413 1769 600 1831 τέλους
640 1768 937 1838 διεξῆλθον,
968 1769 1027 1821 ἐν
1068 1765 1150 1833 οἷς
1193 1771 1445 1840 φαίνεται
1474 1771 1697 1840 ἠλιθίως
1725 1770 1846 1824 καθ’

267 1858 460 1912 ἐαυτοῦ
495 1859 586 1911 ἐπὶ
618 1858 819 1922 ταύτας
859 1858 958 1922 τὰς
1008 1862 1426 1931 παραμεινάσας
1465 1861 1557 1914 τοῦ
1587 1879 1646 1914 τε
1675 1863 1850 1928 Σωτῆ-

269 1967 363 2022 ρος
388 1951 482 2003 καὶ¹
520 1947 953 2003 τοῦἈποστὸλου
981 1950 1156 2014 λέξεις
1183 1952 1489 2020 φυλάττων.
1517 1954 1583 2005 Αἱ
1618 1953 1717 2023 μὲν
1739 1953 1848 2025 γὰρ

267 2038 447 2092 αὐτῶν
476 2037 940 2109 παρηλλαγμένως
979 2039 1070 2091 ὑπ’
1090 2040 1258 2093 αὐτοῦ
1286 2041 1848 2112 ἐρῤᾳδιουργήθησαν,

261 2132 360 2186 καὶ
391 2130 467 2193 ὡς
497 2130 595 2182 οὐκ
626 2126 738 2199 εἶχε
771 2130 850 2200 τῷ
884 2130 1025 2183 κατὰ
1057 2131 1271 2184 Λουκᾶν
1313 2132 1631 2203 Εὑαγγελίῳ
1659 2133 1720 2184 τὸ
1756 2133 1850 2186 ἀν-

263 2220 552 2290 τίγραφον,
582 2216 706 2271 οὔτε
735 2220 768 2288 ἡ
793 2219 887 2272 τοῦ
915 2220 1273 2273 ἀποστολικοῦ
1301 2223 1649 2292 χαρακτῆρος
1675 2221 1849 2292 ἐμφα-

265 2325 381 2372 σις’
413 2309 550 2365 ἄλλα
576 2309 633 2362 δὲ
663 2308 823 2378 φύσει
847 2309 922 2374 ὡς
951 2310 1063 2382 ἔχει
1101 2312 1196 2364 καὶ
1237 2312 1299 2365 τὸ
1332 2313 1662 2383 Εὐαγγέλιον
1693 2315 1785 2367 καὶ
1819 2315 1848 2365 ὁ

279 2399 622 2466 ’Δπὸστολος,
660 2400 736 2471 μὴ
784 2400 1090 2468 ἀλλαγέντα
1137 2403 1228 2456 ὑπ’
1264 2404 1451 2470 αὐτοῦ,
1495 2405 1848 2476 δυνάμεναδὲ

263 2491 432 2546 αὑτὸν
467 2490 782 2560 διελέγχειν,
833 2491 899 2544 δι’
926 2487 1002 2546 ὧν
1031 2492 1301 2548 δείκνυται
1349 2495 1559 2550 Παλαιὰ
1605 2496 1846 2568 Διαθήκη

265 2581 635 2654 συμφωνοῦσα
681 2582 817 2652 πρὸς
843 2582 941 2654 τὴν
974 2584 1140 2648 Νέαν,
1177 2585 1270 2638 καὶ
1299 2587 1332 2657 ἡ
1361 2588 1536 2658 Καινὴ
1579 2588 1716 2660 πρὸς
1749 2590 1848 2661 τὴν

263 2674 513 2728 Παλαιὰν
547 2673 1039 2745 Διαθήκην.Ἀλλαι
1067 2675 1124 2729 δὲ
1153 2677 1314 2730 πάλιν
1343 2679 1518 2743 λέξεις
1537 2680 1647 2733 τῶν
1667 2681 1847 2735 αὐτῶν

266 2764 494 2836 βιϐλίων
527 2763 885 2833 ὑποφαίνουσι
931 2765 1166 2836 Χριστὸν
1220 2768 1278 2821 ἐν
1319 2768 1482 2838 σαρκὶ
1507 2768 1844 2839 ἐληλυθέναι,

264 2858 364 2911 καὶ
389 2857 446 2908 ἐν
473 2855 604 2926 ἡμῖν
630 2855 850 2918 τελείως
879 2857 1380 2928 ἐνηνθρωπηκέναι.
1399 2858 1558 2913 Ἀλλὰ
1578 2861 1672 2913 καὶ
1692 2861 1847 2916 ἄλλαι

265 2945 434 3001 πάλιν
465 2945 822 3016 ὁμολογοῦσαι
867 2946 963 3016 τὴν
1003 2947 1111 3002 τῶν
1157 2948 1366 3019 νεκρῶν
1397 2949 1713 3016 ἀνάστασιν,
1750 2953 1846 3006 καὶ

1957 1769 2214 1838 deinceps
2245 1770 2658 1838 praescriberem
2693 1787 2706 1822 :
2735 1776 2788 1821 et
2815 1769 2881 1821 ad
2921 1768 3080 1822 ﬁnem
3121 1784 3294 1837 usque
3330 1769 3544 1839 singula

1961 1869 2248 1926 notarem,
2295 1861 2349 1914 in
2382 1861 2581 1931 quibus
2633 1860 2768 1915 istas
2809 1859 3110 1914 Salvatoris
3154 1867 3249 1914 aut
3297 1860 3542 1929 Apostoli

1958 1953 2261 2008 sententias
2288 1961 2478 2008 contra
2523 1967 2580 2006 se
2619 1951 2834 2007 videtur
2867 1951 3195 2006 stultissime
3222 1951 3538 2006 retinuisse.

1956 2040 2212 2106 Quaedam
2247 2042 2392 2096 enim
2431 2056 2495 2096 ex
2548 2043 2656 2098 illis
2705 2042 2773 2096 ab
2803 2057 2868 2096 eo
2906 2048 3252 2096 commutatae
3285 2041 3546 2111 deprava-

1957 2139 2132 2202 taeque
2169 2141 2327 2198 sunt;
2372 2132 2530 2202 311
2572 2148 2681 2186 non
2713 2147 2776 2185 ea
2818 2130 2922 2186 ﬁde
2959 2140 3400 2201 repraesentata,
3435 2148 3543 2202 qua

1960 2231 2054 2279 aut
2099 2225 2154 2277 in
2198 2223 2476 2294 Evangelii
2536 2221 2834 2277 secundum
2889 2221 3089 2274 Lucam
3138 2223 3543 2291 exemplaribus

1956 2316 2231 2386 leguntur,
2274 2322 2366 2368 aut
2415 2313 2748 2384 apostolicus
2799 2312 2916 2383 ipse
2964 2312 3140 2382 stylus
3173 2327 3285 2382 pra:
3318 2329 3375 2368 se
3401 2312 3544 2368 ferre

1956 2391 2412 2462 videaturaAlias
2465 2405 2706 2472 integras
2759 2409 2813 2458 et
2867 2403 3216 2472 incorruptas
3271 2403 3538 2472 reliquit;

1957 2496 2268 2568 cujusmodi
2313 2496 2529 2550 sincero
2559 2495 2614 2549 in
2643 2493 2935 2563 Evangelio
2979 2500 3033 2546 et
3080 2493 3342 2563 Apostolo
3384 2508 3544 2564 repe-

1957 2591 2212 2655 riuntur;
2244 2605 2311 2644 ex
2359 2587 2562 2658 quibus
2603 2585 2751 2639 illius
2789 2583 3043 2638 convinci
3078 2583 3361 2639 mendacia
3415 2599 3541 2654 pos-

1957 2687 2119 2744 sunt;
2157 2685 2344 2747 utpote
2379 2691 2499 2747 quae
2529 2673 2743 2730 Veteris
2799 2672 3132 2728 Testamenti
3182 2689 3305 2727 cum
3348 2671 3498 2728 Novo
3521 2713 3538 2738 ,

1957 2771 2122 2839 hujus
2165 2768 2410 2824 vicissim
2449 2783 2572 2823 cum
2600 2766 2694 2820 illo
2726 2766 3146 2820 consensionem
3195 2779 3258 2819 ac
3309 2779 3541 2819 concor-

1957 2862 2100 2916 diam
2153 2859 2453 2914 declarant.
2514 2856 2702 2913 Insunt
2742 2856 2797 2909 in
2848 2856 2934 2910 bis
2980 2855 3135 2910 libris
3165 2861 3220 2909 et
3251 2855 3354 2908 alia
3386 2856 3538 2920 loca,

1957 2951 2158 3019 quibus
2174 2955 2454 3018 aSsumpta
2475 2961 2640 3001 carne
2665 2946 2883 3000 venisse
2897 2944 3173 2999 Christum
3195 2945 3538 3020 ostendatur,

264 3038 362 3090 τὸν
405 3037 540 3090 Θεὸν
587 3038 683 3092 ἐνα
729 3037 859 3091 ὄντα
899 3025 1102 3107 Κύριον
1148 3038 1364 3092 πάντων
1411 3043 1846 3115 παντοκράτορα.

1960 3056 2019 3095 ac
2051 3039 2346 3110 perfectum
2395 3038 2536 3091 inter
2567 3052 2666 3091 nos
2701 3035 2974 3089 hominem
3013 3034 3186 3088 fuisse
3235 3044 3532 3088 versatum.

267 3129 432 3183 αὑτὸν
467 3129 692 3200 ποιητὴν
723 3129 952 3199 ούρανοῦ
978 3129 1074 3182 κα)⁴
1099 3130 1222 3200 γῆς,
1253 3131 1347 3184 καὶ
1374 3132 1589 3186 πάντων
1619 3134 1727 3188 τῶν
1760 3137 1852 3188 ἐπὶ

269 3221 372 3290 γῆς
435 3220 742 3291 γενομένων
770 3261 784 3284 ,
843 3221 937 3273 κα)⁸
989 3219 1113 3272 οὔτε
1181 3225 1700 3294 παραχαράσσουσαι
1756 3226 1849 3279 τοῦ

270 3308 604 3378 Εὐαγγελίου
655 3309 753 3380 τὴν
803 3309 1016 3379 κλῆσιν,
1057 3309 1182 3363 οὔτε
1231 3315 1338 3384 μὴν
1385 3314 1712 3388 ἀρνούμεναι
1762 3317 1854 3370 τὸν

269 3402 502 3473 ποιητὴν
530 3403 622 3454 καὶ
653 3401 983 3472 δημιουργὸν
1025 3401 1134 3455 τῶν
1169 3404 1407 3469 πάντων,
1440 3405 1575 3460 ἀλλὰ
1598 3407 1854 3478 δηλοῦσαι

268 3493 362 3547 τὸν
405 3491 592 3562 σαφῶς
622 3491 1043 3563 ὡμολογημένον
1092 3494 1198 3547 ὑπὸ
1241 3497 1337 3550 τοῦ
1384 3503 1726 3574 χαρακτῆρος
1757 3502 1852 3556 τοῦ

267 3583 627 3639 ἀποστολικοῦ
670 3583 890 3637 καὶτοῦ
938 3586 1297 3655 εὐαγγελικοῢ
1325 3589 1696 3660 κηρύγματος.
1744 3594 1855 3648 Καὶ

267 3676 388 3730 εστι
416 3675 484 3729 τὰ
508 3677 638 3745 ἡμῖν
667 3677 1217 3748 πεπραγματευμένα
1249 3680 1307 3732 ἐν
1333 3680 1714 3752 ὑποκειμένοις
1743 3702 1854 3739 πα·-

268 3768 627 3843 ρατιθέμενα,
662 3767 820 3822 ἅτινά
848 3769 964 3821 ἐστι
996 3769 1146 3824 τάδε.

360 4050 677 4120 Προοίμιον
701 4040 809 4122 τῆς
833 4051 966 4120 περὶ
992 4051 1109 4106 τῶν
1136 4053 1485 4122 Μαρκίωνος
1504 4055 1763 4120 βιϐλίων

625 4121 967 4188 ὺποθέσεώς
993 4139 1058 4175 τε
1093 4123 1192 4176 καὶ
1216 4121 1491 4194 ἐλέγχου.

340 4237 443 4290 ῙΑ’.
481 4235 630 4306 Ὅτῳ
660 4235 811 4304 φίλον
849 4235 968 4288 ἐστὶ
1007 4235 1107 4300 τὰς
1141 4238 1234 4291 τοῦ
1275 4238 1556 4310 ἀπατηλοῦ
1587 4242 1852 4315 Μαρκίω-

1957 3130 2238 3186 Accedunt
2273 3143 2336 3182 ea
2369 3142 2615 3198 quoque,
2646 3126 2849 3195 quibus
2898 3132 3240 3178 mortuorum
3273 3123 3542 3192 praedica-

1961 3231 2047 3276 tur
2092 3219 2382 3284 excitatio;
2433 3216 2686 3285 idemque
2729 3214 2872 3270 Deus
2920 3222 2973 3267 et
3015 3215 3396 3268 universorum
3433 3213 3535 3266 Do-

1956 3313 2140 3367 minus
2162 3311 2537 3380 omnipotens,
2565 3308 2690 3364 cmli
2724 3322 2788 3362 ac
2820 3313 3012 3371 terrae,
3044 3307 3394 3375 omniumque
3421 3318 3541 3373 qua:

1959 3415 2086 3463 sunt
2118 3407 2174 3462 in
2219 3416 2363 3461 terra
2401 3405 2652 3459 conditor
2684 3402 3018 3473 perhibetur.
3067 3399 3198 3466 Quae
3233 3414 3334 3453 nec
3367 3413 3540 3453 evan-

1958 3501 2182 3570 gelicam
2223 3498 2563 3552 vocationem
2602 3493 2944 3557 adulterant,
2971 3507 3071 3546 nec
3109 3491 3278 3546 totius
3313 3490 3540 3544 univer-

1957 3589 2136 3646 sitatis
2181 3595 2460 3642 auctorem
2493 3600 2555 3639 ac
2586 3587 2892 3640 molitorem
2937 3585 3236 3654 abnegauit;
3264 3583 3358 3638 sed
3387 3597 3542 3637 eum-

1956 3683 2078 3738 dem
2110 3681 2286 3750 ipsum
2325 3678 2571 3732 referunt
2598 3718 2613 3742 ,
2640 3678 2856 3746 qualem
2886 3684 2940 3730 et
2971 3675 3302 3746 apostolicus
3332 3674 3540 3744 stylus,

1957 3782 2011 3829 et
2043 3770 2355 3840 evangelica
2377 3767 2690 3837 praedicatio
2711 3766 3014 3837 proﬁtetur.
3040 3765 3171 3831 Qua:
3200 3766 3362 3834 igitur
3390 3765 3541 3818 hunc

1957 3865 2012 3919 in
2043 3860 2263 3916 modum
2316 3855 2717 3914 elaboravimus
2755 3855 2873 3908 suis
2921 3854 3254 3924 argumentis
3292 3853 3534 3923 digesta,

1960 3956 2219 4024 deinceps
2253 3947 2605 4022 proponenda
2632 3955 2780 4001 sunt.

2036 4070 2114 4125 De
2161 4066 2452 4123 Marcionis
2495 4063 2645 4119 libris
2684 4062 2953 4144 opusculi,
2985 4061 3092 4115 sive
3128 4057 3465 4127 refulationu

2589 4149 2916 4204 promutuum.

2031 4251 2123 4309 Xl.
2151 4251 2209 4306 Si
2239 4250 2364 4321 quis
2393 4247 2700 4303 adulterina
2731 4243 3018 4300 Marcionis
3045 4243 3263 4295 inventa
3291 4252 3537 4308 compre-

267 4348 358 4395 νος
388 4329 574 4393 νόθους
611 4329 852 4392 ἐπινοίας
880 4329 1162 4399 ἀκριϐοῦν,
1205 4333 1300 4386 καὶ
1341 4334 1440 4398 τὰς
1490 4335 1851 4402 ἐπιπλάστους

1960 4344 2198 4400 hendere
2229 4341 2448 4412 penitus
2479 4338 2697 4403 studet,
2732 4351 2796 4390 ac
2828 4333 3055 4406 pecudis
3090 4331 3237 4387 illius
3264 4329 3537 4385 versutias

269 4423 363 4476 τοῦ
396 4420 560 4475 αὐτοῦ
595 4419 938 4492 βοσκήματος
971 4421 1221 4491 μηχανὰς
1250 4423 1630 4493 διαγινώσκειν
1656 4429 1852 4499 τουτῳῖ

271 4516 348 4584 τῷ
378 4512 788 4584 συλλελεγμένῳ
816 4516 1089 4586 πονήματι
1123 4516 1364 4585 ἐντυχεῖν
1394 4517 1468 4588 μὴ
1499 4520 1849 4576 κατοκνείτω.

289 4606 379 4659 Ἐκ
414 4605 524 4676 γὰρ
564 4603 658 4656 τοῦ
697 4605 826 4674 παρ’
851 4604 1016 4658 αὐτοῦ
1046 4605 1376 4673 Εὑαγγελίου
1402 4606 1471 4659 τὰ
1500 4607 1635 4679 πρὸς
1669 4609 1854 4682 ἀντίρ-

272 4701 431 4770 ρησιν
462 4695 561 4766 τῆς
592 4694 898 4767 πανούργου
927 4695 1093 4749 αὑτοῦ
1134 4696 1480 4766 ῥᾳδιουργίας
1516 4699 1852 4754 σπουδάσαν-

268 4807 362 4852 τες
397 4786 776 4858 παρεθέμεθα·
828 4785 893 4839 ἴν⁹
921 4787 971 4839 οἱ
1022 4785 1100 4856 τῷ
1144 4788 1421 4858 πονήματι
1463 4791 1704 4861 ἐντυχεῖν
1734 4791 1853 4845 ἐθέ-

271 4882 478 4944 λοντες,
498 4880 662 4951 ἔχωσι
682 4878 838 4933 τοῦτο
858 4879 1155 4949 γυμνάσιον
1188 4880 1446 4952 ὀξύτητος
1475 4881 1611 4954 πρὸς
1630 4883 1850 4954 ἔλεγχον

271 4973 378 5028 τῶν
411 4973 504 5026 ὑπ’
535 4970 698 5026 αὐτοῦ
726 4973 972 5041 ἐπινενοη
983 4972 1159 5041 μένων
1189 4971 1518 5038 ξενολεξιῶν.
1537 4975 1594 5028 Ὁ
1628 4975 1725 5046 μὲν
1742 4973 1852 5046 γὰρ

273 5063 557 5138 χαρακτὴρ
581 5062 676 5116 τοῦ
708 5062 851 5117 κατὰ
881 5063 1096 5116 Λουκᾶν
1125 5064 1382 5134 σημαίνει
1406 5063 1465 5116 τὸ
1493 5066 1848 5135 Εὐαγγέλιον·

272 5155 348 5219 ὼς
371 5155 428 5209 δὲ
451 5153 899 5226 ἠκρωτηρίασται
933 5153 1067 5223 μήτε
1107 5153 1284 5224 ἀρχὴν
1318 5152 1480 5223 ἔχων,
1513 5157 1652 5226 μήτε
1682 5157 1850 5227 μέσα,

276 5249 413 5318 μήτε
445 5245 619 5308 τέλος,
651 5244 864 5314 ἱματίου
899 5243 1242 5314 βεϐρωμένου
1278 5244 1382 5297 ὑπὸ
1414 5245 1625 5298 πολλῶν
1671 5247 1852 5318 σητῶν

272 5339 458 5408 ἐπέχει
486 5337 579 5390 τὶν
610 5335 828 5408 τρόπον.
855 5335 1031 5397 Εὐθὺς
1059 5335 1157 5404 μὲν
1190 5334 1299 5406 γὰρ
1327 5336 1387 5388 ἐν
1407 5338 1472 5407 τῇ
1501 5336 1643 5408 ἀρχῇ
1674 5337 1850 5392 πάντα

272 5429 340 5484 τὰ
361 5428 457 5482 ἀπ’
475 5425 653 5496 ἀρχῆς
677 5423 756 5493 τῷ
774 5425 956 5494 Λουκᾷ
983 5423 1541 5496 πεπραγματευμένα,
1571 5426 1850 5481 τουτέστιν

345 5605 360 5638 ¹
385 5603 514 5661 For.
545 5599 747 5657 ἱκανῶν
772 5599 894 5670 γάρ.

1956 4450 2147 4491 omnes
2176 4441 2230 4488 et
2265 4429 2494 4486 artiﬁcia
2528 4439 2882 4496 cognoscere,
2912 4424 3017 4478 hoc
3049 4421 3194 4492 quod
3224 4435 3252 4474 a
3289 4435 3376 4475 me
3399 4434 3536 4473 con-

1955 4527 2236 4592 cinnatum
2268 4535 2410 4590 opus
2457 4525 2544 4573 est
2587 4521 2894 4586 percurrat.
2944 4511 3078 4566 Nam
3110 4527 3173 4567 ex
3207 4511 3327 4579 ejus
3359 4508 3538 4563 Evan-

1954 4618 2094 4690 gelio
2122 4629 2243 4687 quae
2284 4620 2472 4668 contra
2511 4607 2861 4663 calliditatem
2897 4605 3071 4676 ipsius
3101 4603 3307 4659 scelere
3355 4599 3537 4690 impl’rf

1954 4688 2132 4763 catam
2182 4701 2383 4775 Opponi
2431 4704 2636 4771 queant
2685 4695 2931 4753 studiose
2975 4693 3304 4765 selegimus,
3341 4698 3402 4745 ut
3439 4688 3534 4758 qui

1955 4804 2199 4852 nostram
2230 4794 2372 4847 hanc
2430 4787 2962 4844 lucubratiunculam
2998 4785 3054 4839 in
3094 4799 3289 4839 manus
3318 4797 3535 4838 sumere

1955 4886 2256 4949 voluerint,
2287 4883 2342 4937 in
2375 4895 2440 4936 ea
2467 4876 2759 4950 quamdam
2786 4875 3058 4930 acuminis
3086 4875 3535 4929 exercitationem

1957 4977 2228 5040 habeant,
2261 4988 2371 5044 quo
2393 4971 2802 5042 peregrinarum
2837 4981 3030 5020 vocum
3070 4966 3138 5019 ab
3169 4965 3262 5018 illo
3294 4971 3538 5032 reperta-

1958 5084 2078 5124 rum
2130 5067 2422 5123 novitatem
2474 5063 2824 5131 redarguant.
2874 5057 2941 5111 Et
2986 5055 3204 5126 quidem
3239 5053 3537 5109 Marcionis

1958 5159 2051 5214 ille
2095 5157 2233 5210 liber
2272 5153 2624 5224 Evangelium
2655 5148 2958 5204 secundum
2999 5145 3202 5199 Lucam
3239 5145 3381 5216 ston
3414 5145 3538 5213 ipso

1957 5249 2164 5305 referre
2192 5245 2426 5306 videtur,
2459 5251 2516 5297 ut
2547 5250 2729 5295 autem
2773 5240 2840 5293 ab
2865 5255 2930 5294 eo
2961 5238 3242 5292 mutilatus
3289 5243 3373 5291 est
3393 5275 3408 5295 .
3432 5235 3536 5291 ini-

1961 5340 2058 5400 tio,
2120 5335 2299 5391 medio
2337 5349 2400 5389 ac
2444 5334 2549 5389 ﬁne
2577 5330 2908 5394 decurtatis,
2938 5328 3147 5383 corrosi
3183 5342 3212 5380 a
3243 5327 3406 5383 tineis
3433 5342 3536 5380 un-

1961 5429 2125 5500 dique
2167 5423 2474 5482 vestimenti
2509 5421 2819 5480 simillimus
2873 5428 2977 5478 est.
3034 5418 3248 5475 Etenim
3291 5418 3360 5474 ab
3414 5428 3540 5488 ipso
