3932 6064
472 163 566 219 711

1870 155 1933 213 S.
1975 153 2324 212 ΕΡΙΡΙΙΑΝῐι

3631 160 3739 216 ’112

471 275 657 328 statim
687 270 868 334 initio,
888 284 952 326 ea
979 269 1123 325 unde
1145 267 1324 326 Lucas
1351 284 1583 326 exorsus
1611 275 1718 331 est,
1741 267 1999 324 nimirum
2029 287 2044 325 :

2178 285 2223 332 ις
2253 267 2428 336 λέγει·
2476 265 2821 336 Ἐπειδήπερ
2849 269 3067 324 πολλοὶ
3095 269 3525 341 ἐπεχείρησαν,
3547 272 3644 325 καὶ
3671 275 3738 328 τὰ

449 362 738 432 Quoniam
763 361 971 432 quidem
1019 361 1172 414 multi
1203 363 1379 414 conati
1407 370 1531 414 sunt
1576 361 1826 415 ordinare
1866 377 2052 416 narra-

471 456 664 508 tionem
685 493 700 518 ,
730 463 834 507 etc.
859 455 898 516 ί,
933 467 1036 506 una
1071 467 1194 506 cum
1221 449 1548 506 Elizabethaz
1579 459 1634 505 et
1663 451 1843 522 angeli
1871 450 2053 506 Maria:

475 542 679 612 Virgini
711 543 962 596 nuntium
991 540 1264 596 all'erentis
1289 541 1549 606 historia,
1571 539 1801 596 Joannis
1831 542 1960 597 item
1989 556 2052 595 ac

471 631 932 701 Z.icharia:.312
945 631 1188 700 adeoque
1204 633 1312 684 nati
1329 633 1471 702 apud
1487 631 1798 688 Bethlehem
1815 632 2050 698 Domini,

469 735 592 772 cum
643 719 888 788 ejusdem
924 719 1268 790 genealogia,
1295 736 1356 775 ac
1384 722 1709 791 baptismate
1747 739 1762 776 :
1795 721 1931 786 haec,
1970 721 2053 777 in-

468 823 663 877 quam,
699 809 886 864 omnia
929 807 1334 863 circumcidens
1387 825 1451 864 ac
1513 811 1865 874 transiliens,
1928 809 2054 866 inde

467 900 818 971 Evangelium
857 900 1156 965 exorditur,
1197 902 1348 955 Anno
1381 918 1449 955 xv
1482 901 1679 956 Tiberii
1735 899 1965 956 Ctesaris
1993 905 2048 967 ²,

467 997 576 1047 etc.
624 990 740 1046 Hoc
796 991 966 1063 igitur
1019 992 1169 1046 illius
1209 992 1426 1047 initium
1471 1001 1576 1048 est.
1632 992 1816 1064 Neque
1872 1003 2052 1049 tamen

467 1087 664 1135 caetera
689 1080 882 1135 ordine
905 1078 1170 1150 pertexit;
1193 1098 1382 1137 verum
1410 1082 1682 1152 quaedam,
1708 1092 1768 1138 ut
1793 1084 2052 1148 diximus,

470 1180 754 1244 amputat,
789 1173 942 1228 addit
984 1175 1123 1242 alia,
1165 1192 1367 1248 susque
1413 1177 1624 1247 deque,
1677 1179 1822 1248 quod
1865 1179 2052 1244 aiunt,

468 1262 653 1316 omnia
690 1264 1022 1330 perturbans
1044 1305 1059 1329 ,
1093 1281 1194 1320 nec
1236 1273 1384 1320 recta
1433 1267 1721 1338 gradiens,
1756 1269 1851 1323 sed
1890 1269 2048 1323 inali-

467 1354 608 1408 tiose
645 1354 751 1408 huc
782 1355 1022 1426 illucque
1051 1357 1349 1412 cursitans.
1391 1359 1467 1411 Ea
1505 1372 1672 1428 porro
1704 1369 2051 1428 sequuntur:

540 1445 592 1497 1.
616 1443 810 1500 Abiens
852 1446 1064 1499 ostende
1105 1455 1174 1505 te,
1195 1447 1489 1510 sacerdoti,
1510 1455 1559 1500 et
1589 1449 1720 1516 o/fer
1754 1463 1848 1512 pro
1875 1450 2056 1515 expia-

2152 358 2308 428 ἑξῆςο
2359 358 2454 412 καὶ
2495 358 2564 412 τὰ
2604 359 2733 429 περὶ
2775 359 2876 429 τῆς
2903 360 3206 426 Ἐλισάϐετ,
3238 362 3332 415 καὶ
3372 361 3468 415 τοῦ
3501 363 3735 432 ἀγγέλου

2152 447 2634 519 εὐαγγελιζομένου
2680 449 2780 522 τὴν
2818 451 3037 522 Μαρίαν
3069 451 3368 525 Παρθένον,
3387 452 3639 507 Ἰωάννου
3678 471 3736 509 τε

2151 540 2249 594 καὶ
2277 540 2569 612 Ζαχαρίου,
2594 540 2690 594 καὶ
2713 541 2811 612 τῆς
2845 543 2904 595 ὲν
2935 542 3186 614 Βηθλεὲμ
3211 545 3521 615 γεννήσεως
3545 561 3734 613 γενεα-

2153 630 2357 700 λογίας,
2397 633 2491 685 xui.
2521 633 2624 703 τῆς
2673 632 2765 686 τοῦ
2790 633 3163 704 βαπτίσματος
3187 635 3497 699 ὑποθέσεως
3516 650 3534 667 ⁶
3569 634 3735 689 ταῦτα

2153 723 2334 776 πάντα
2365 724 2667 795 περικόψας
2699 725 3041 797 ἀπεπήδησε,
3088 725 3184 779 καὶ
3229 725 3403 797 ἀρχὴν
3437 726 3531 780 τοῦ
3559 728 3734 796 Εὐαγ-

2153 813 2332 882 γελίου
2368 814 2525 879 ἔταξε
2561 814 2761 886 ταύτην
2782 831 2796 843 °
2841 817 2937 869 Ἐν
2972 816 3052 880 τῷ
3077 817 3590 883 πεντεκαιδεκάτῳ
3623 818 3736 873 ἔτει

2159 907 2416 973 Τιϐερίου
2439 906 2762 974 Καίσαρος,
2785 905 2880 959 καὶ
2903 905 2971 959 τὰ
2993 905 3140 976 ἑξῆς.
3159 907 3439 960 Ἐντεῦθεν
3464 903 3560 960 οὖν
3584 902 3733 972 οὗτος

2154 993 2405 1065 ἄρχεται,
2444 993 2538 1046 καὶ
2567 993 2628 1046 οὐ
2660 993 2781 1058 καθ’
2809 993 3000 1064 εἱρμὸν
3035 994 3194 1048 πάλιν
3223 995 3494 1064 ἐπιμένει,
3516 995 3653 1048 ἀλλὰ
3671 997 3736 1049 τὰ

2157 1086 2276 1155 μὲν,
2309 1085 2384 1148 ὡς
2428 1087 2710 1156 προεῖπον,
2760 1084 3121 1156 παρακόπτει,
3152 1084 3220 1138 τὰ
3269 1085 3326 1138 δὲ
3378 1086 3727 1156 προστίθησιν

2154 1173 2266 1228 ἄνω
2301 1175 2468 1239 κάτω,
2499 1175 2602 1227 οὐκ
2631 1173 2806 1246 ὀρθῶς
2833 1173 3082 1244 βαδίζων,
3117 1173 3254 1227 ἀλλὰ
3278 1175 3735 1249 ὲρῤᾳδιουργημὲ-

2157 1283 2264 1329 νως
2297 1266 2474 1320 πάντα
2505 1265 2922 1338 περινοστεύων.
2956 1267 3066 1320 Καὶ
3097 1266 3242 1321 ἐστιν
3261 1283 3276 1296 ο

2226 1445 2296 1493 α’.
2323 1438 2632 1494 Ἀπελθὼν
2647 1438 2850 1503 δεῖξον
2870 1439 3131 1494 σεαυτὸν
3149 1439 3230 1505 τῷ
3249 1441 3409 1510 ἱερεῖ,
3432 1441 3530 1496 καί
3555 1457 3732 1512 προσ-

466 1534 607 1587 tione
643 1545 770 1601 tua,
809 1537 945 1589 sicut
977 1537 1220 1605 praecepit
1251 1535 1484 1606 Moyses,
1523 1548 1580 1591 ut
1615 1540 1683 1592 sit
1705 1539 2044 1592 hoctestimo-

2178 1529 2362 1601 ἔνεγκε
2404 1530 2538 1599 περὶ
2589 1530 2696 1582 τοῦ
2735 1531 3104 1600 καθαρισμοῦ
3150 1547 3290 1598 σου,
3321 1533 3516 1600 καθὼς
3551 1551 3733 1604 προσ-

460 1624 614 1677 nium
657 1625 833 1690 vobis,
865 1642 962 1694 pro
995 1642 1059 1682 eo
1092 1626 1238 1696 quod
1291 1641 1324 1680 a
1371 1625 1657 1684 Salvatore
1697 1629 1906 1684 dictum
1939 1637 2044 1695 est,

2178 1621 2328 1685 ταξε
2364 1621 2646 1690 Μωῡσῆς.
2677 1622 2778 1674 ἵνα
2799 1616 2842 1692 ᾖ
2858 1624 3185 1691 μαρτύριον
3211 1623 3387 1678 τοῦτο
3411 1626 3575 1695 ὑμῖν.
3595 1627 3731 1679 Ἀνϐ“

466 1717 522 1769 in
555 1716 912 1770 testimonium
937 1718 1065 1785 ipsis
1095 1718 1136 1772 ³.

537 1805 592 1858 2.
631 1806 698 1858 Ut
737 1814 911 1859 autem
941 1807 1159 1869 sciatis,
1191 1807 1314 1875 quia
1345 1816 1659 1876 potestatem
1685 1807 1837 1862 habet
1877 1807 2053 1863 Filius

469 1895 695 1950 hominis
721 1896 1024 1950 dimittendi
1053 1906 1268 1965 peccata
1291 1899 1344 1951 in
1379 1907 1519 1952 terra
1544 1899 1586 1950 ’⁸.

543 1988 597 2042 ὅ.
623 1987 886 2042 Dominus
915 1997 993 2042 est
1028 1986 1208 2042 Filius
1232 1989 1460 2043 hominis
1488 1990 1648 2043 etiam
1676 1988 1894 2044 Sabbati
1913 1997 1950 2044 ⁸.

537 2169 594 2221 tl.
623 2165 824 2221 Judam
856 2165 1205 2220 Iscariothem
1226 2207 1242 2230 ,
1279 2169 1370 2238 qui
1411 2168 1516 2236 fuit
1559 2170 1823 2239 proditor.
1856 2170 1961 2225 Pro
1989 2185 2055 2226 eo

467 2255 611 2324 quod
644 2267 766 2318 est,
811 2254 1093 2310 Descendit
1129 2273 1247 2309 cum
1271 2257 1432 2326 ipsis,
1464 2259 1627 2314 habet
1667 2259 1949 2314 Descendit
1999 2261 2054 2314 in

466 2344 610 2412 ipsos
633 2344 677 2396 ⁸.

538 2434 592 2486 5.
628 2431 696 2484 Et
720 2435 888 2488 omnis
917 2435 1070 2487 turba
1102 2437 1368 2505 qua’rebat
1407 2454 1526 2492 eum
1557 2448 1769 2510 tangere
1795 2441 1839 2497 ".

538 2521 592 2576 6.
636 2521 706 2575 Et
731 2523 839 2591 ipse
865 2524 1078 2578 elevatis
1129 2527 1296 2580 oculis
1325 2528 1459 2581 suis.
1491 2527 1788 2584 Secundum
1818 2531 1929 2587 hazc
1959 2549 2050 2588 ea-

469 2617 585 2668 dem
611 2612 879 2682 faciebant
906 2614 1172 2684 prophetis
1201 2626 1378 2685 patres
1413 2621 1572 2674 vestri
1595 2618 1638 2675 ⁸.

541 2795 592 2847 7.
621 2793 752 2848 Dico
777 2804 953 2848 autem
979 2807 1001 2848 :
1031 2794 1259 2850 Tantam
1300 2797 1457 2867 ﬁdem
1484 2814 1644 2868 neque
1672 2801 1727 2852 in
1775 2799 1950 2855 Israel
1973 2801 2054 2854 in-

468 2885 584 2939 veni
611 2887 653 2938 ’.

2158 1705 2220 1766 οὗ
2247 1708 2396 1764 εἶπεν
2425 1715 2453 1765 ὁ
2480 1712 2692 1783 Σωτὴρ,
2718 1715 2804 1778 είς
2830 1713 3160 1781 μαρτύριον
3191 1715 3416 1782 αὐτοῖς.

2226 1799 2292 1870 β’.
2333 1801 2469 1854 Ἵνα
2496 1800 2565 1852 δὲ
2600 1799 2817 1868 εἰδῆτε,
2837 1799 2924 1854 ὅτι
2947 1802 3236 1864 ἐξουσίαν
3257 1803 3383 1872 ἔχει
3409 1807 3444 1857 ό
3477 1805 3610 1870 Υἱὸς
3631 1807 3732 1862 τοῦ

2154 1889 2468 1958 ἀνθρώπου
2501 1891 2739 1960 ἀφιέναι
2767 1893 3052 1960 ἁμαρτίας
3075 1894 3172 1947 ἐπὶ
3203 1895 3312 1963 τῆς
3339 1897 3475 1966 γῆς.

2226 1990 2294 2051 γ’.
2335 1983 2558 2050 Κύριός
2589 1983 2759 2037 ἐστιν
2788 1986 2820 2036 ὀ
2859 1985 2992 2050 Υἱὸς
3021 1985 3128 2038 τοῦ
3156 1986 3472 2055 ἀνθρώπου
3505 1991 3604 2043 καὶ
3631 1989 3730 2045 τοῦ

2156 2071 2476 2126 Σαϐϐάτου.

2225 2164 2286 2217 δ’.
2327 2163 2554 2218 Ἰούδαν
2607 2164 2955 2232 Ἰσκαριὼθ,
3009 2164 3078 2232 ὃς
3131 2165 3363 2237 ἐγένετο
3419 2171 3727 2239 προδότης.
3794 2205 3808 2217 ο

2168 2252 2312 2304 Ἀντί
2350 2251 2522 2319 τοῦδε,
2548 2253 2774 2319 Κατέϐη
2797 2254 2927 2321 μετ’
2956 2253 3173 2319 αὐτῶν,
3221 2254 3354 2326 ἔχει,
3395 2259 3622 2328 Κατέϐη
3665 2262 3731 2315 ἐν

2156 2341 2380 2406 αὐτοῖς.
2517 2332 2520 2335 ³

2227 2429 2287 2487 ε’.
2331 2431 2440 2486 Kal
2469 2431 2587 2498 πᾶς
2616 2435 2649 2486 ό
2674 2433 2858 2502 ὄχλος
2886 2432 3071 2503 ἐζήτει
3098 2435 3388 2492 ἅπτεσθαι
3421 2441 3628 2494 αὐτοῦ.

2229 2528 2303 2586 ς’.
2343 2522 2450 2576 Kal
2483 2522 2665 2588 αὐτὸς
2699 2522 2926 2590 ἐπάρας
2969 2525 3110 2591 τοὺς
3143 2527 3493 2597 ὀφθαλμοὺς
3525 2528 3726 2584 αὑτοῦ.

2160 2613 2315 2668 Κατά
2344 2614 2416 2668 τὰ
2447 2612 2599 2666 αὐτὰ
2623 2613 2872 2668 ἐποίουν
2898 2613 3022 2681 τοῖς
3046 2617 3378 2686 προφήταις
3407 2623 3462 2673 οἱ
3486 2623 3731 2690 πατέρες

2155 2704 2340 2773 ὑμῶν.

2225 2793 2290 2859 ζ’.
2334 2794 2497 2866 Λέγω
2523 2795 2591 2849 δέ
2611 2811 2626 2826 ο
2664 2797 2970 2864 Τοσαύτην
3003 2798 3211 2854 πίστιν
3239 2799 3381 2854 οὐδὲ
3409 2801 3480 2855 ἐν
3509 2803 3592 2868 τῷ
3620 2805 3723 2858 Ἰσ-

2147 2885 2313 2954 ραὴλ
2339 2883 2538 2954 εὗρον.

537 2977 592 3033 8.
628 2977 985 3048 Depravatum
1030 2987 1114 3035 est
1145 2979 1214 3035 ab
1240 2995 1306 3036 eo
1341 2982 1575 3038 :Beatus
1611 2987 1701 3054 qui
1747 3002 1850 3040 non
1893 2987 2044 3057 fuerit

2226 2984 2294 3048 η’.
2339 2977 2794 3048 Παρηλλαγμένον
2853 2978 2956 3045 τὸ,
3014 2979 3312 3053 Μακάριος
3371 2982 3440 3048 ὃς
3488 2983 3596 3037 ἐὰν
3644 2985 3725 3054 μὴ

469 3067 870 3123 scandalizatus
918 3071 988 3125 in.
1007 3088 1086 3124 me
1115 3073 1182 3124 ¹⁰.

539 3157 592 3212 9.
621 3156 756 3211 Nam
777 3159 845 3212 ad
873 3157 1140 3216 Joannem
1165 3163 1268 3217 ista
1304 3163 1579 3220 referebat
1605 3183 1619 3218 :
1649 3167 1749 3222 llic
1765 3179 1842 3222 est
1860 3169 1924 3223 de
1951 3187 2051 3240 quo

467 3248 718 3316 scriptum
742 3257 818 3301 est
839 3262 858 3301 :
887 3248 1022 3304 Ecce
1041 3268 1134 3322 ego
1158 3254 1311 3306 mitto
1341 3257 1584 3326 angelum
1617 3274 1790 3311 meum
1821 3269 1944 3313 ante
1974 3261 2053 3328 [a-

467 3337 596 3390 ciem
630 3347 777 3391 tuam
798 3339 864 3391 “.

538 3428 624 3482 10.
666 3427 737 3480 Et
777 3430 1042 3498 ingressus
1089 3431 1146 3484 in
1196 3431 1411 3486 domum
1457 3432 1724 3489 Pharisazi
1763 3435 2048 3492 discubuit.

467 3511 665 3569 Mulier
706 3533 824 3570 vero
858 3529 1007 3571 stans
1051 3529 1189 3573 retro
1210 3561 1225 3585 ,
1258 3523 1527 3589 peccatrix
1571 3540 1719 3578 secus
1745 3525 1900 3593 pedes
1921 3567 1935 3592 ,
1969 3528 2048 3581 la-

467 3607 660 3674 crymis
691 3606 844 3674 pedes
870 3608 1077 3678 rigavit,
1109 3619 1158 3664 et
1192 3614 1364 3677 unxit,
1397 3623 1446 3667 et
1474 3616 1714 3670 osculata
1748 3627 1828 3672 est
1849 3619 1911 3674 “.

539 3776 626 3830 11.
661 3776 724 3831 Et
755 3793 948 3836 rursus
971 3799 985 3836 :
1008 3781 1138 3837 Ilazc
1167 3784 1418 3856 lacrymis
1451 3789 1641 3860 rigavit
1666 3791 1830 3860 'pedes
1868 3809 2007 3849 meos
2029 3835 2044 3862 ,

465 3873 515 3918 et
543 3867 716 3931 unxit,
745 3875 796 3919 et
833 3870 1075 3923 os‘culata
1114 3881 1190 3925 est
1219 3873 1284 3926 ’³.

538 3955 625 4009 12.
677 3955 798 4011 Non
858 3958 1020 4014 habet
1072 3961 1175 4016 ista
1220 3981 1232 4016 :
1274 3961 1450 4017 Mater
1501 3966 1707 4035 ipsius,
1753 3978 1802 4024 et
1848 3971 2043 4039 fratres

403 4043 410 4050 ’
466 4047 662 4115 ipsius;
691 4049 786 4104 sed
819 4049 922 4105 hoc
949 4051 1124 4106 solum
1159 4069 1173 4106 :
1205 4052 1380 4108 Mater
1419 4059 1511 4109 tua
1557 4068 1607 4111 et
1637 4059 1830 4127 fratres
1862 4064 1940 4117 tui
1975 4065 2039 4119 ¹⁶.

537 4231 624 4285 15.
659 4230 1044 4303 Narigantibus
1079 4236 1207 4304 ipsis
1237 4234 1572 4293 obdormivit.
1605 4238 1673 4292 At
1703 4239 1794 4294 ille
1822 4257 2038 4312 surgens

462 4323 749 4391 increpavit
779 4337 984 4379 ventum
1007 4338 1056 4380 et
1090 4345 1234 4383 mare
1262 4331 1328 4383 ⁸⁸.

533 4411 694 4482 313
731 4414 815 4468 14.
849 4414 918 4468 Et
945 4419 1158 4487 contigit
1187 4419 1311 4473 dum
1358 4421 1478 4488 iret,
1523 4433 1642 4478 uta
1678 4425 1844 4480 turbis
1887 4443 2033 4480 com-

465 4503 798 4586 primeretur.
834 4503 903 4558 Et
934 4507 1126 4562 mulier
1166 4526 1284 4563 cum
1327 4515 1584 4584 tetigisset
1615 4517 1807 4586 ipsum,
1840 4527 2035 4572 sanata

462 4583 542 4646 ’ἔτι
588 4612 619 4648 a
661 4596 812 4664 ﬂuxu
857 4599 1151 4668 sanguinis.
1197 4600 1265 4654 Et
1312 4605 1386 4656 ait
1429 4583 1688 4662 Dominus
1717 4625 1736 4662 :
1772 4607 1904 4673 Quis
1951 4627 2034 4665 me

463 4686 669 4754 tetigit?
708 4687 786 4742 Ac
829 4704 1046 4742 rursum
1087 4709 1099 4744 :
1151 4690 1338 4764 Tetigit
1383 4712 1464 4751 me
1504 4698 1718 4768 aliquis.
1763 4697 1905 4754 Nam
1935 4717 2030 4772 ego

463 4776 582 4828 novi
608 4776 848 4830 virtutem
877 4777 941 4832 de
974 4795 1054 4833 me
1085 4782 1256 4837 exisse
1288 4785 1356 4839 η.

533 4866 618 4922 15.
654 4868 953 4938 Suspiciens
985 4873 1037 4926 in
1068 4874 1254 4928 cwlum
1287 4875 1616 4932 benedicebat
1646 4879 1776 4947 ipsis
1812 4882 1877 4934 ¹⁷.

530 5048 616 5104 16.
651 5052 838 5107 Dicens
867 5070 886 5107 :
918 5053 1131 5124 Oportet
1176 5055 1376 5110 Filium
1413 5055 1640 5114 hominis
1687 5062 1854 5115 multa
1889 5063 2022 5130 pati,

458 5148 506 5192 et
543 5143 726 5206 occidi,
761 5155 809 5198 et
843 5157 959 5214 post
993 5157 1094 5202 tres
1118 5148 1228 5203 dies
1259 5165 1525 5221 resurgere
1554 5152 1620 5206 ¹⁸.

446 5413 454 5434 ι
483 5378 553 5468 Ωλ
581 5376 720 5468 Luc.
744 5385 872 5468 1,1.
948 5387 968 5417 ’
1004 5385 1345 5468 [mentun-1:
1390 5390 1599 5468 :Lne.
1632 5411 1698 5468 ν,
1721 5395 1841 5468 HL
1887 5399 1907 5428 ⁸
1937 5399 2044 5456 ibid

2181 5446 2194 5460 .
2271 5407 2292 5438 ⁸
2321 5406 2451 5462 Luc.
2483 5425 2556 5468 vr.
2587 5409 2640 5463 5.

483 5447 574 5520 eo.
651 5449 835 5504 ’Luc.
886 5469 981 5518 νη,
1011 5457 1066 5510 9.
1143 5447 1476 5514 ‘°ibid.‘25.
1558 5447 1885 5520 ni’ii'iiifii'i.

460 5517 659 5574 “Luc.
699 5535 814 5587 vui,
842 5521 1031 5578 41-46.
1110 5525 1152 5557 ιτ
1186 5525 1319 5582 Luc.
1361 5545 1434 5596 lx,
1474 5531 1560 5586 i6.
1640 5534 1684 5566 ιι
1712 5517 1843 5591 ibid.
1874 5517 1964 5594 ei.

2153 3068 2578 3137 σκανδαλισθῇ
2615 3069 2685 3122 ἐν
2712 3069 2866 3138 ἐμοί.

2224 3158 2288 3211 0'.
2329 3154 2456 3228 Εἶχε
2490 3158 2600 3229 γὰρ
2623 3157 2698 3221 ὡς
2723 3158 2858 3228 πρὸς
2887 3159 3138 3231 Ἰωάννην
3159 3178 3172 3191 ·
3202 3164 3396 3228 Αὐτός
3427 3163 3559 3218 ἐστι
3600 3167 3727 3234 περ)

2152 3245 2225 3304 οὗ
2257 3247 2604 3319 γέγραπται·
2634 3249 2790 3302 Ἰδοὺ
2822 3249 2936 3319 ἐγὼ
2965 3251 3318 3307 ἀποστέλλω
3347 3255 3456 3308 τὸν
3475 3257 3726 3328 ἄγγελόν

2146 3357 2265 3408 μου
2295 3339 2409 3408 πρὸ
2434 3338 2758 3407 προσώπου
2785 3357 2920 3395 σου.

2227 3439 2277 3485 ι’.
2317 3432 2424 3485 Kal
2456 3433 2747 3487 εἰσελθὼν
2798 3436 2884 3501 εὶς
2933 3434 3041 3488 τὸν
3071 3429 3239 3490 οἷκον
3272 3437 3376 3492 τοῦ
3405 3443 3727 3508 Φαρισαίου

2151 3523 2573 3591 κατεκλίθη.Ἠ
2618 3523 2686 3576 δὲ
2724 3525 2900 3594 γυνὴ,
2936 3527 3138 3582 στᾶσα
3166 3529 3358 3583 ὀπίσω
3396 3533 3436 3599 ἠ
3466 3533 3725 3602 ἀμαρτω-

2147 3615 2257 3680 λὸς
2283 3615 2442 3682 παρὰ
2471 3615 2613 3681 τοὺς
2638 3616 2849 3682 πόδας,
2885 3617 3090 3686 ἔϐρεξε
3133 3619 3256 3685 τοῖς
3292 3620 3551 3690 δάκρυσι
3587 3625 3727 3690 τοὺς

2149 3705 2358 3772 πόδας,
2390 3706 2486 3760 καὶ
2514 3705 2752 3775 ἧλειψε,
2787 3709 2887 3762 καὶ
2918 3711 3239 3778 κατεφίλει.
3562 3704 3568 3709 ’

2225 3805 2312 3852 ια’.
2356 3799 2466 3852 Καὶ
2499 3798 2659 3852 πάλιν
2680 3815 2694 3828 ·
2729 3800 2889 3867 Αὕτη
2914 3801 3038 3867 τοῖς
3063 3799 3358 3870 δάκρυσιν
3383 3803 3589 3874 ἔϐρεξέ
3607 3826 3724 3877 μου

2147 3885 2288 3952 τοὺς
2310 3885 2519 3950 πόδας,
2549 3887 2647 3940 καὶ
2681 3885 2917 3955 ἤλειψςε,
2949 3889 3048 3941 καὶ
3091 3891 3419 3958 κατεφίλει.

2221 3975 2306 4047 ιβ’.
2345 3975 2457 4029 Οὐκ
2480 3971 2652 4046 εἶχενο
2700 3977 2771 4030 Ἠ
2801 3977 2994 4046 μήτηρ
3025 3979 3212 4033 αὑτοῦ
3243 3981 3340 4033 καὶ
3377 3985 3432 4034 οἱ
3473 3983 3719 4054 ἀδελφοὶ

2144 4067 2351 4133 αὐτοῦ,
2380 4067 2514 4120 ἀλλὰ
2545 4067 2733 4138 μόνον’
2783 4067 2844 4122 Ἡ
2875 4067 3073 4138 μήτηρ
3111 4085 3226 4126 σου
3255 4072 3353 4126 καί
3385 4076 3441 4127 οἱ
3473 4077 3722 4146 ἀδελφοί

2143 4170 2278 4210 σου.

2214 4254 2303 4316 ιγ’.
2345 4249 2662 4302 Πλεόντων
2705 4248 2905 4303 αὐτῶν
2943 4251 3327 4320 ἀφύπνωσεν.
3356 4255 3410 4307 '0
3445 4255 3515 4309 δὲ
3559 4259 3717 4328 ἐγερ-

2068 4312 2113 4366 D
2140 4312 2262 4402 θεὶς
2294 4337 2614 4406 ἐπετίμησε
2643 4337 2722 4404 τῷ
2753 4339 2949 4409 ἀνέμῳ
2982 4312 3079 4395 καί
3114 4343 3191 4410 τῇ
3215 4344 3499 4415 θαλάσσῃ

2184 4426 2288 4482 ἰδ’.
2348 4427 2610 4498 Ἐγένετο
2670 4429 2738 4482 δὲ
2784 4430 2855 4484 ἐν
2907 4431 2988 4498 τῷ
3028 4435 3281 4504 ὑπάγειν
3326 4438 3516 4491 αὐτὸν
3568 4457 3715 4494 συν-

2134 4517 2381 4589 έπνιγον
2403 4519 2591 4573 αὐτὸν
2614 4523 2666 4574 ot
2689 4520 2877 4588 ὄχλοι.
2906 4523 3013 4576 Kal
3046 4525 3200 4593 γυνὴ
3226 4526 3507 4596 ἁψαμένη
3533 4531 3714 4586 αὑτοῦ

2135 4610 2268 4679 ἰάθη
2306 4611 2413 4665 τοῦ
2463 4612 2729 4680 αἵματος.
2761 4612 2872 4666 Καὶ
2899 4609 3070 4668 εἶπεν
3110 4619 3142 4669 ό
3189 4619 3433 4685 Κύριος·
3469 4622 3565 4686 Τίς
3597 4641 3712 4687 μευ

2133 4700 2332 4769 ἥψατο
2353 4717 2372 4765 ;
2417 4702 2511 4754 καὶ
2557 4701 2753 4755 πάλιν·
2809 4703 3038 4771 Ἥψατό
3091 4707 3212 4774 μού
3262 4723 3386 4773 τις;
3442 4712 3552 4764 Kal
3607 4712 3710 4781 γὰρ

2136 4791 2326 4858 ἔγνων
2351 4790 2607 4859 δύναμιν
2628 4789 2999 4854 ἐξελθοῦσαν
3026 4793 3126 4846 ἀπ’
3153 4794 3319 4864 ἐμοῦ.

2208 4887 2286 4933 ιε’.
2341 4880 2715 4949 Ἀναϐλέψας
2763 4885 2851 4946 είς
2904 4883 3009 4936 τὸν
3043 4886 3314 4952 ὀὐρανὸν
3368 4892 3704 4960 εὐλόγησεν

2134 4970 2226 5023 ἐπ’
2259 4972 2497 5038 αὐτούς.

2206 5067 2299 5125 ις’.
2328 5060 2547 5132 Λέγων’
2575 5062 2674 5116 Δεῖ
2702 5062 2806 5115 τὸν
2843 5061 2980 5116 Υὶὸν
3019 5065 3124 5120 τοῦ
3157 5067 3476 5138 ἀνθρώπου
3509 5074 3701 5128 πολλά

2132 5151 2363 5214 παθεῖν,
2409 5152 2507 5205 καὶ
2539 5154 2982 5225 ἀποκτανθῆναι
3001 5197 3015 5223 ,
3048 5159 3145 5212 καὶ
3182 5161 3335 5229 μετὰ
3374 5163 3534 5231 τρεῖς
3563 5165 3696 5236 ἠμέ-

2123 5257 2232 5308 ρας
2267 5241 2600 5311 ἐγερθῆναι.

2735 5410 2756 5440 ⁸
2787 5409 2916 5463 ibid.
2957 5410 3044 5467 16.
3116 5415 3135 5443 ⁷
3173 5415 3304 5471 ἰΙ›ἰι1.
3335 5418 3426 5473 19.
3517 5421 3538 5450 ⁸
3570 5421 3673 5474 ibid

1943 5472 2007 5501 -η
2051 5475 2181 5530 ibid.
2219 5476 2305 5530 36.
2384 5479 2426 5509 ιι
2467 5478 2596 5531 ibid.
2623 5477 2710 5533 tt.
2787 5479 2830 5511 ιδ
2861 5479 2994 5534 Luc.
3040 5498 3159 5548 un,
3191 5486 3280 5540 ευ.
3361 5472 3690 5547 ἐῖδειῐι
