4078 6074
504 165 613 221 ⁸119

503 374 797 444 percussit,
824 381 879 428 et
901 373 1208 442 amputavit
1241 373 1548 426 auriculam
1583 374 1623 427 ¹.

572 466 663 521 68.
695 464 764 518 Ει
800 465 894 536 qui
934 463 1174 519 tenebant
1221 463 1541 529 illudebant,
1574 466 1851 530 credentes,
1894 477 1940 521 et
1974 483 2097 537 per-

502 557 756 609 cntientes
793 553 1034 608 dicebant
1062 567 1082 607 :
1106 552 1425 624 Prophetiza
1443 570 1465 621 ;
1492 556 1609 626 quis
1642 567 1721 611 est
1753 558 1841 628 qui
1887 567 1935 613 te
1973 573 2095 627 per-

504 649 668 702 cussit
700 648 759 701 '?

579 739 670 796 69.
701 739 833 794 Post
865 738 972 794 ista
1002 756 1016 793 :
1056 735 1214 792 Hunc
1234 738 1526 795 invenimus
1561 739 1937 794 subvertentem
1973 756 2097 811 gen-

508 842 610 887 tem
663 839 901 885 nostram
944 830 989 894 ³,
1030 828 1276 893 addidit,
1314 840 1364 885 et
1413 830 1769 885 destruentem
1823 830 1984 901 legem
2047 840 2095 884 et

504 921 805 992 prophetas.
1410 924 1414 929 ’

572 1015 734 1086 317
761 1015 850 1068 70.
886 1013 1046 1069 Aliud
1080 1026 1299 1083 quoque
1326 1019 1449 1082 post
1485 1011 1599 1067 inec
1630 1011 1791 1066 verba
1819 1026 1832 1063 :
1869 1010 1937 1071 Et
1969 1028 2094 1081 pro-

503 1108 761 1162 hibentem
809 1107 1011 1160 tributa
1059 1105 1190 1160 dare
1234 1105 1280 1170 ‘,
1334 1104 1569 1175 subjecit
1618 1121 1631 1157 :
1678 1113 1728 1157 et
1779 1114 2092 1160 avertentem

504 1216 697 1257 uxores
725 1208 775 1253 et
804 1199 969 1269 ﬁlios.

575 1295 666 1349 7L
702 1293 769 1348 Et
793 1296 1056 1349 venientes
1083 1294 1137 1347 in
1167 1292 1343 1346 locum
1359 1291 1450 1358 qui
1483 1289 1682 1344 dicitur
1714 1290 1980 1346 Calvariie
2012 1292 2094 1345 lo-

505 1402 618 1449 cus,
663 1387 1045 1455 cruci/iurant
1086 1400 1231 1448 eum,
1278 1394 1327 1438 et
1374 1383 1663 1437 diviserunt
1692 1385 2019 1448 vestimenta,
2043 1391 2091 1437 et

504 1477 814 1530 obscuratus
843 1485 922 1531 est
956 1475 1039 1530 sol
1072 1476 1116 1531 ⁸.

573 1567 663 1621 72.
686 1566 799 1624 Uoc
832 1566 1061 1623 abstulit
1092 1584 1106 1620 :
1143 1563 1313 1619 Hodie
1339 1579 1542 1617 mecum
1569 1564 1676 1617 eris
1699 1564 1751 1616 in
1775 1564 2027 1629 paradiso
2045 1564 2087 1616 ⁸.

573 1747 662 1803 ⁸75.
705 1746 774 1800 Et
810 1744 1061 1800 clamans
1081 1761 1200 1799 voce
1228 1761 1422 1815 magna
1450 1742 1739 1811 exspiravit
1765 1742 1823 1794 τί

574 1839 662 1894 74.
706 1837 774 1891 Et
826 1853 941 1891 ecce
981 1838 1057 1891 vir
1088 1837 1295 1890 nomine
1336 1833 1535 1904 Ioseph
1572 1833 1866 1901 depositum
1903 1847 2091 1900 corpus

505 1929 742 1991 involvit,
763 1928 1003 1998 τιαροειιῆ
1042 1928 1097 1980 in
1128 1934 1464 1979 monumento
1487 1926 1667 1979 exciso
1694 1925 1735 1979 ⁸.

580 2019 665 2073 ’5.
710 2018 777 2072 Et
839 2026 1148 2072 revertentes
1193 2018 1452 2071 siluerunt
1504 2015 1742 2071 Sabba'o
1803 2015 2092 2070 secundum

505 2109 814 2164 mandatum
847 2111 887 2161 ⁸.

576 2222 661 2276 76.
691 2221 946 2275 Dixerunt
973 2222 1064 2291 qui
1076 2231 1228 2274 erant
1254 2221 1311 2273 in
1344 2227 1480 2273 veste
1505 2215 1822 2283 niba:Quid
1856 2219 2093 2288 qua’ritis

504 2316 755 2370 viventem
794 2331 913 2369 cum
965 2314 1230 2368 mortuis?
1262 2312 1532 2369 Surrexit.
1571 2310 1945 2366 liecordainini
1976 2327 2095 2382 qua:

504 2411 709 2462 iocatus
730 2416 828 2470 est,
851 2424 969 2461 cum
999 2406 1317 2461 adhucesset
1336 2422 1356 2461 :
1375 2405 1644 2472 Quoniam
1668 2412 1872 2473 oportet
1892 2401 2095 2457 Filium

504 2501 727 2555 hominis
759 2501 874 2569 pati
901 2509 951 2553 et
979 2497 1121 2553 tradi
1146 2498 1212 2552 ¹⁰.

576 2592 661 2647 77.
684 2592 826 2660 Quin
857 2607 925 2648 ea
952 2590 1248 2656 subtraxit,
1272 2604 1394 2661 quae
1417 2589 1692 2661 Cleophie,
1717 2588 1909 2658 etejus
1942 2588 2095 2644 socio

505 2687 652 2741 dicta
681 2693 829 2747 sunt,
861 2699 985 2740 cum
1015 2684 1124 2741 illis
1150 2686 1433 2739 occurrit:
1461 2683 1505 2739 Ο
1533 2684 1686 2738 stulti
1699 2692 1749 2738 et
1773 2682 1913 2747 tardi
1940 2682 2095 2737 corde

507 2779 573 2832 ad
603 2777 919 2833 credendum
941 2779 997 2833 in
1019 2777 1263 2832 erunibus
1286 2793 1403 2848 qua:
1431 2777 1597 2831 locuti
1625 2787 1745 2831 sunt
1784 2777 2096 2847 propheth

510 2870 697 2928 Nonne
733 2873 845 2927 haec
876 2870 1106 2941 oportuit
1152 2871 1306 2939 pati?
1341 2871 1416 2924 Ac
1459 2884 1556 2940 pro
1592 2869 1678 2923 his
1705 2870 1947 2923 omnibus
1977 2885 2095 2939 qun:

1912 160 1970 216 S.
2014 159 2359 218 EPIPllANll

571 282 661 338 67.
712 277 930 337 Recidit
979 279 1033 335 id
1078 280 1224 351 quod
1269 296 1298 334 a
1336 279 1499 335 Petro
1544 287 1757 351 gestum
1808 289 1914 349 est,
1959 297 2083 337 cum
2115 288 2162 345 Α

3680 162 3793 219 720

2260 269 2355 351 ξςο.
2392 280 2677 354 Παρέκοψε
2712 281 2792 347 τὸ,
2823 279 3112 353 “En-vique
3135 280 3362 353 Πέτρος,
3394 280 3480 336 ὅτε
3524 282 3793 354 ἐπάταξε,

2201 377 2293 431 καὶ
2317 375 2571 445 ἀφείλετο
2598 375 2659 430 τὸ
2686 371 2806 440 οὖς.

2270 468 2372 540 ξην.
2408 471 2473 522 Ol
2491 468 2860 539 συνέχοντες
2885 466 3220 533 ἐνέπαιζον,
3244 467 3546 537 δέροντες,
3569 471 3669 524 καὶ
3688 472 3795 527 ηπ-

2198 575 2452 625 πτοντες
2487 558 2729 630 ἔλεγον·
2762 557 3217 628 Προφήτευσον
3249 559 3343 627 τίς
3371 559 3542 614 ἐστιν
3586 564 3620 615 ό
3653 564 3791 617 παί-

2198 668 2317 718 σας
2344 667 2457 716 σε;

2271 742 2367 809 ξθ’.
2400 743 2705 817 Προσέθετο
2746 743 2885 816 μετὰ
2922 743 3114 797 τοῦτο’
3146 742 3367 798 Τοῦτον
3394 744 3651 813 εὕρομεν
3671 744 3796 797 δια-

2202 837 2543 906 στρέφοντα
2596 837 2664 891 τὸ
2729 836 2931 901 ἐθνος,
2983 864 3054 880 —-
3089 837 3186 891 καὶ
3242 836 3623 891 καταλύοντα
3680 838 3791 890 τὸν

2202 932 2392 999 νόμον
2414 929 2512 983 καὶ
2541 928 2686 995 τοὺς
2705 928 3039 998 προφήτας.

2267 1021 2328 1075 o'.
2371 1021 2663 1093 Προσθήκη
2722 1019 2862 1091 μετὰ
2910 1020 2992 1084 τὸ,
3042 1018 3381 1073 Κελεύοντα
3434 1019 3658 1089 φόρους
3695 1020 3787 1089 μὴ

2196 1110 2430 1173 δοῦναι,
2468 1141 2535 1152 ——
2559 1111 2663 1165 καὶ
2711 1110 3175 1178 ἀποστρέφοντα
3222 1109 3329 1175 τὰς
3364 1109 3654 1179 γυναῖκας
3688 1110 3788 1163 καὶ

2198 1206 2269 1257 τὰ
2306 1203 2505 1258 τέκνα.
2826 1222 2831 1225 ‘

2266 1302 2365 1350 ou'.
2401 1295 2508 1349 Kal
2541 1294 2831 1363 ἐλθόντες
2854 1299 2942 1362 εις
2961 1298 3150 1351 τόπον
3167 1294 3497 1367 λεγόμενον
3523 1297 3787 1364 Κρανίου

2196 1388 2413 1455 τόπον,
2447 1389 2841 1457 ἐσταύρωσαν
2866 1390 3073 1455 αὐτὸν,
3118 1391 3214 1465 καὶ
3258 1389 3670 1459 διεμερίσαντο
3712 1391 3787 1445 τὰ

2197 1479 2413 1549 ἱμάτια,
2452 1481 2495 1512 ¹⁸
2528 1480 2855 1547 ἐσκοτίσθη
2879 1484 2913 1535 ό
2939 1480 3132 1548 ἥλιος.

2266 1572 2363 1643 οβ’.
2398 1572 2685 1645 Παρέκοψε
2709 1572 2791 1626 τό*
2822 1571 3097 1641 Σήμερον
3123 1572 3251 1642 μετ’
3276 1572 3425 1642 ἐμοῦ
3455 1571 3571 1642 ἔσῃ
3600 1573 3674 1627 ἐν
3701 1569 3788 1637 τῷ

2195 1665 2563 1734 παραδείσῳ.
3331 1681 3336 1685 ·

2264 1765 2364 1828 ογ’.
2400 1759 2511 1813 Kal
2551 1759 2844 1830 φωνήσας
2872 1758 3044 1830 φωνῇ
3067 1759 3324 1831 μεγάλῃ,
3356 1760 3707 1826 ἐξέπνευσε.

2264 1851 2358 1909 οδν.
2388 1853 2497 1905 Kal
2520 1852 2651 1906 ἰδοὺ
2680 1853 2839 1921 ἀνὴρ
2862 1853 3107 1922 ὀνόματι
3142 1854 3386 1923 Ἰωσὴφ,
3417 1854 3689 1908 καθελὼν
3713 1854 3784 1908 τὸ

2195 1941 2366 2012 σῶμα
2396 1944 2724 2008 ἐνετύλιξε,
2750 1944 2849 1998 καὶ
2874 1945 3091 2012 ἔθηκεν
3110 1945 3181 1998 ἐν
3198 1945 3460 2015 μνήματι
3485 1945 3781 2011 λαξευτῷ.

2220 2060 2226 2065 ·
2267 2042 2356 2088 οε’.
2381 2036 2489 2089 Καὶ
2526 2035 2989 2107 ὑποστρέψασαι
3023 2038 3356 2107 ἡσύχασαν
3385 2039 3449 2092 τὸ
3477 2034 3786 2092 Σάϐϐατωρ

2196 2128 2347 2182 κατὰ
2375 2128 2483 2182 τὸν
2518 2130 2726 2200 νόμον.

2265 2226 2371 2286 os”.
2396 2217 2593 2275 Εἶπαν
2622 2224 2676 2275 ol
2697 2221 2767 2275 ἐν
2794 2221 3005 2291 ἐσθῆτι
3032 2221 3296 2293 λαμπρᾷ·
3335 2223 3395 2277 Τί
3424 2222 3641 2292 ζητεῖτε
3672 2222 3786 2276 τεν

2197 2310 2383 2389 ζῷντα
2400 2313 2552 2382 μετὰ
2578 2312 2698 2367 τῶν
2718 2312 2950 2381 νεκρῶν
2967 2332 2985 2379 ;
3027 2316 3297 2385 Ἠγέρθη.
3318 2315 3643 2385 Μνήσθητε
3663 2315 3785 2367 ὅσα

2196 2403 2507 2473 ἐλάλησεν
2530 2405 2617 2458 ἔτι
2659 2404 2744 2459 ὤν
2766 2424 2778 2437 ·
2819 2406 2942 2460 Ὅτι
2980 2406 3071 2460 δεῖ
3099 2407 3207 2462 τὸν
3251 2408 3388 2462 Υιὸν
3414 2407 3522 2462 τοῦ
3559 2406 3786 2476 ἀνθρὼ-

2197 2511 2315 2551 που
2353 2497 2585 2562 παθεῖν,
2618 2497 2714 2552 καὶ
2750 2497 3179 2565 παραδοθῆναι.

2265 2588 2361 2653 οζν.
2398 2588 2684 2659 Παρέκοψε
2717 2587 2778 2642 τὸ
2807 2588 3097 2660 εἰρημένον
3127 2590 3264 2662 πρὸς
3289 2589 3538 2644 Κλεόπαν
3565 2591 3663 2644 καὶ
3687 2588 3786 2643 τὸν

2174 2679 2376 2743 ἄλλον,
2423 2681 2511 2733 ὅτε
2558 2682 2889 2752 συνήντησεν
2934 2684 3134 2747 αὐτοῖς,
3166 2682 3261 2736 τό’
3295 2677 3372 2737 Ὠ
3413 2683 3655 2750 ἀνόητοι
3680 2685 3783 2741 καὶ

2190 2768 2439 2839 βραδεῖς
2469 2771 2576 2825 τοῦ
2625 2772 2935 2825 πιστεύειν
2960 2772 3060 2825 ἐπὶ
3114 2772 3306 2829 πᾶσιν
3340 2769 3428 2840 οἷς
3463 2773 3790 2843 ἐλάλησαν

2197 2866 2251 2917 οἱ
2287 2862 2616 2932 προφῆται]
2640 2863 2785 2933 Οὐχὶ
2816 2864 2999 2919 ταῦτα
3029 2863 3151 2920 ἔδει
3188 2865 3557 2929 παθεῖνςΚαὶ
3576 2866 3702 2920 ἀντὶ
3727 2867 3791 2921 δὲ

508 2964 669 3019 locuti
695 2972 816 3017 sunt
838 2961 1173 3032 prophetae“,
1206 2960 1445 3031 scripsit,
1481 2962 1535 3014 in
1575 2959 1838 3025 omnibus,
1870 2977 1987 3031 qua:
2008 2959 2088 3014 lo-

2200 2956 2308 3018 τοῦ,
2331 2956 2423 3024 ἐφ’
2447 2949 2536 3021 οἷς
2561 2954 2875 3024 ἐλάλησαν
2898 2959 2951 3011 ol
2981 2956 3301 3026 προφῆται,
3325 2988 3394 2999 -—
3415 2958 3507 3027 ἐφ’
3530 2953 3622 3024 οἷς
3646 2958 3790 3012 ἐλά-

507 3063 657 3108 cuius
683 3071 801 3107 κιιηι
842 3051 1003 3107 vobis.
1063 3051 1170 3108 Sed
1196 3067 1263 3108 ex
1296 3067 1363 3107 eo
1391 3050 1760 3122 redarguitur,
1789 3050 1935 3122 quod
1966 3067 2091 3107 cum

510 3163 701 3217 panem
736 3144 918 3215 fregit.
955 3145 1130 3214 aperti
1166 3154 1295 3200 sunt
1323 3144 1489 3204 oculi.
1524 3151 1578 3198 et
1600 3151 2002 3214 cognoverunt.

577 3239 667 3292 78.
704 3236 845 3305 Quid
884 3236 1087 3292 turbati
1136 3235 1308 3291 estis?
1352 3234 1530 3288 Videte
1568 3250 1778 3297 manus,
1802 3244 1853 3288 et
1883 3234 2036 3304 pedes
2073 3251 2092 3290 :

506 3331 757 3399 quoniam
818 3328 1038 3388 spiritus
1071 3342 1195 3380 ossa
1247 3341 1351 3377 non
1400 3322 1574 3378 habet.
1619 3326 1756 3375 sicut
1791 3339 1871 3377 nte
1903 3323 2091 3379 videtis

507 3421 696 3475 habere
728 3420 794 3473 ¹².

579 3509 780 3564 ιιι-αξιοι·
802 3508 934 3571 haec,
966 3522 1088 3577 qua:
1135 3514 1439 3575 sequuntur
1467 3513 1659 3559 contra
1686 3505 1957 3561 haereseos
1986 3521 2088 3561 au-

507 3613 711 3657 ctorem
757 3602 944 3666 istum,
1001 3599 1128 3653 huic
1161 3614 1191 3651 a
1236 3596 1395 3652 nobis
1430 3597 1682 3652 instituto
1729 3599 2093 3669 adiungamus

506 3693 679 3764 operi.
709 3691 842 3759 Quae
875 3689 1096 3761 quidem
1130 3688 1272 3759 apud
1301 3689 1552 3744 eumdem
1604 3690 1911 3745 invenimus
1947 3690 2093 3744 hunc

508 3787 563 3841 in
602 3786 762 3841 linem
797 3791 1079 3855 usurpata,
1124 3791 1185 3836 ut
1219 3780 1588 3852 Epistolarum
1651 3781 1805 3839 Pauli
1852 3782 2088 3853 apostoli

508 3882 747 3953 speciem
802 3893 912 3950 prae
964 3893 1026 3934 se
1071 3875 1300 3932 ferrent.
1334 3874 1484 3942 Quas
1522 3885 1699 3930 Iamen
1732 3890 1840 3930 non
1879 3890 2090 3940 omnes.

507 3974 603 4031 sed
639 3983 819 4029 certas
868 3970 1134 4026 duntaxat
1166 3967 1428 4033 asciscit;
1469 3983 1703 4037 quarum
1735 3968 1791 4021 in
1828 3968 1977 4023 calce
2009 3977 2092 4023 to-

506 4070 617 4123 tius
664 4064 848 4137 operis
891 4062 1113 4117 nomina
1162 4059 1619 4128 subscripsimus,
1671 4059 1987 4128 eujusmodi
2036 4059 2093 4113 iu

508 4160 826 4228 Apostolico
844 4155 913 4210 ah
931 4154 1043 4210 illis
1066 4152 1334 4222 inscripto
1355 4149 1497 4205 libro
1514 4150 1884 4219 reperiuntur.
1914 4150 2094 4221 Atque

2193 3051 2360 3117 λησα
2387 3045 2547 3116 ὑμῖν.
2587 3046 2898 3118 Ἑλέγχεται
2920 3048 2998 3111 δὲ,
3027 3049 3130 3109 ὅτι,
3152 3051 3241 3103 ὅτε
3269 3050 3463 3104 ἔκλασε
3484 3052 3573 3105 τὸν
3594 3052 3787 3124 ἄρτον,

2194 3138 2548 3212 ἠνεῴχθησαν
2586 3140 2635 3193 οἱ
2667 3139 2956 3211 ὀφθαλμοὶ,
2993 3141 3087 3195 καὶ
3122 3142 3462 3210 ἐπέγνωσαν.

2263 3238 2363 3303 οη¹.
2405 3231 2472 3286 TI
2508 3234 2925 3303 τεταραγμένοι
2958 3235 3148 3297 ”ἐστέ;
3199 3236 3377 3290 Ἴδετε
3427 3239 3535 3302 τὰς
3584 3238 3792 3309 χεῖρας

2194 3323 2293 3377 καὶ
2335 3323 2477 3390 τοὺς
2520 3324 2741 3391 πόδας·
2782 3324 2873 3379 ὅτι
2934 3327 3172 3396 πνεῦμα
3238 3327 3424 3383 ὅστέα
3476 3333 3589 3384 οὐκ
3639 3332 3789 3401 ἔχει,

2194 3414 2390 3482 καθὼς
2420 3416 2525 3484 ἐμὲ
2554 3416 2818 3485 θεωρεῖτε
2849 3417 3090 3487 ἔχοντα.

2267 3508 2389 3560 Ἔτι
2424 3507 2481 3560 δὲ
2512 3508 2607 3561 καὶ
2652 3507 2828 3561 ταῦτα
2873 3510 3249 3582 συνάπτομεν·
3283 3512 3424 3566 κατὰ
3473 3513 3566 3566 τοῦ
3604 3533 3792 3586 προειι

2196 3598 2432 3669 ρημένου
2481 3600 2833 3671 αἱρεσιάρχου
2872 3600 3045 3674 ταύτῃ
3070 3606 3134 3673 τῇ
3159 3604 3316 3674 ἡμῶν
3337 3609 3457 3658 κατ’
3488 3607 3653 3659 αὐτοῦ
3688 3625 3790 3660 πε-

2196 3689 2669 3761 πραγματευμὲνῃ
2726 3691 2939 3761 σχέσει·
3001 3692 3161 3748 ἅτινα
3220 3697 3348 3766 παρ’
3414 3695 3564 3766 αὐτῷ
3625 3698 3793 3750 πάλιν

2194 3779 2519 3851 ἐφεύρομεν,
2563 3780 2638 3845 ὡς
2671 3782 2728 3833 ὲν
2769 3782 3139 3855 ὲθελοδοκήσει
3187 3786 3299 3838 τῶν
3343 3787 3437 3840 τοῦ
3486 3789 3791 3844 ἀποστόλου

2192 3870 2405 3925 Παύλου
2446 3872 2807 3929 Ἐπιστολῶν·
2842 3876 2940 3947 οὐχ
2977 3877 3135 3943 ὅλων,
3167 3878 3281 3932 ἀλλ’
3316 3880 3497 3947 ἐνίων,
3520 3878 3596 3938 ὧν
3621 3887 3681 3938 ὲν
3711 3885 3792 3957 τῷ

2191 3963 2334 4017 τέλει
2358 3964 2456 4036 τῆς
2491 3964 2672 4037 πάσης
2702 3969 3082 4039 πραγματείας
3107 3971 3164 4023 αἱ
3188 3971 3476 4042 ὀνομασίαι
3502 3976 3596 4045 ὑφ’
3628 3978 3791 4049 ἡμῶν

2193 4055 2581 4126 ὲνετάχθησαν,
2611 4056 2690 4121 ὡς
2730 4062 2859 4132 παρ’
2898 4062 3049 4132 αὐτῷ
3084 4063 3146 4117 τὸ
3194 4065 3576 4121 Ἀποστολικὺν
3620 4071 3791 4142 eget-

2199 4161 2367 4216 ρεται.
2402 4147 2510 4200 Καὶ
2555 4147 2736 4202 αὐτῶν
2764 4150 2831 4229 δὲ.
2852 4151 3395 4227 ἠκρωτηριασμένων
3441 4160 3695 4231 συνήθως
3721 4164 3789 4233 τῇ

510 4252 631 4306 illas
659 4250 810 4320 ipsas
834 4249 1060 4317 insuper
1096 4244 1301 4300 usitato
1330 4242 1424 4298 illo
1455 4257 1557 4298 suo
1580 4239 1787 4313 ﬂagitio
1812 4242 2093 4300 mutilatas

2200 4237 2367 4290 αὐτοῦ
2386 4237 2705 4312 ῥᾳδιουργίᾳ
2723 4256 2738 4271 ο
2766 4241 2963 4306 ὡς’καὶ
2986 4246 3045 4299 ἐν
3073 4246 3152 4316 τῷ
3173 4249 3536 4321 προταχθέντι
3562 4252 3791 4323 ὀνόματι

511 4338 794 4410 proposuit
828 4356 842 4391 :
867 4334 1323 4407 quemadmodum
1348 4333 1405 4387 in
1439 4332 1669 4387 alterum
1691 4333 1841 4385 illum
1866 4332 2090 4399 librum,

2200 4329 2516 4402 Εὑαγγελίῳ
2565 4331 2794 4402 λείψανα
2843 4335 2941 4405 μὲν
2984 4336 3078 4390 τοῦ
3122 4320 3381 4410 ἀληθινοῦ
3425 4320 3785 4414 Εὑαγγελίου,

509 4432 597 4488 cui
614 4430 905 4500 Evangelio
920 4442 1117 4482 nomen
1134 4425 1414 4496 imposuit,
1435 4432 1494 4479 ut
1511 4423 1657 4496 quod
1675 4440 1762 4481 res
1783 4434 1869 4481 est
1893 4426 2097 4491 dicam,

510 4519 751 4592 germani
781 4518 1057 4590 Evangelii
1088 4516 1348 4586 reliquias
1370 4516 1628 4585 conjecit,
1663 4531 1726 4570 ac
1744 4517 2098 4572 nihilominus

513 4624 694 4669 tamen
729 4612 912 4667 omnia
947 4608 1221 4664 malitiose
1261 4606 1567 4677 callideque
1594 4607 1932 4678 depravavit.

510 4771 678 4845 318
701 4768 776 4823 Ex
815 4766 1054 4841 lipismla
1079 4765 1151 4845 ad
1196 4764 1494 4845 Boinauos,
1522 4779 1644 4845 quae
1668 4765 1811 4835 apud
1838 4765 1991 4821 illum
2021 4766 2089 4822 IV

1002 4845 1107 4901 est,
1140 4837 1193 4892 in
1245 4837 1564 4908 Apostolico
1591 4835 1630 4889 ι.

581 4958 632 5011 1.
672 4955 979 5024 Quicunque
1000 4953 1110 5008 sine
1138 4952 1246 5023 lege
1267 4958 1625 5021 peccaverunt,
1651 4949 1764 5004 sine
1786 4948 1895 5021 lege
1909 4960 1957 5005 et
1973 4967 2092 5021 per-

510 5046 675 5108 ibunt,
703 5058 751 5100 et
773 5046 1066 5117 quicunque
1102 5042 1157 5096 in
1181 5041 1288 5112 lege
1310 5050 1673 5110 peccaverunt,
1703 5055 1795 5109 per
1822 5041 1985 5112 legem
2007 5042 2094 5110 ju-

508 5136 845 5191 dicabantur.
895 5133 1020 5189 Non
1076 5134 1215 5187 enim
1277 5130 1548 5184 auditores
1612 5129 1741 5200 legis
1781 5130 1919 5199 justi
1969 5140 2091 5185 sunt

511 5226 655 5294 apud
696 5226 882 5289 Deum,
923 5224 1012 5279 sed
1050 5224 1279 5293 factores
1308 5222 1439 5292 legis
1461 5221 1995 5292 justi/icabuntur”.

2198 4424 2247 4476 εἰ
2280 4423 2359 4477 δεῖ
2387 4423 2596 4496 τάληθῆ
2640 4424 2848 4494 λέγειν·
2876 4429 3027 4498 ὅμως
3048 4429 3105 4484 δὲ
3131 4430 3202 4484 τὰ
3247 4434 3424 4489 πάντα
3456 4435 3653 4502 δεινῶς
3686 4454 3791 4510 μηο

2197 4516 2605 4588 χανευσάμενος
2630 4519 2911 4572 ὲνόθευσεν
2928 4558 2940 4571 .

2195 4781 2308 4853 Τῆς
2352 4782 2488 4853 πρὸς
2533 4782 2837 4853 Ῥωμαίους
2866 4787 3180 4866 παρ’-αύτῷ
3201 4792 3275 4855 Δ’,
3320 4791 3381 4846 ὲν
3414 4792 3473 4848 δὲ
3501 4794 3583 4866 τῷ
3628 4799 3789 4852 Ἀπο-

2800 4855 3033 4928 στολικῷ
3066 4859 3144 4913 Α’.

2265 4973 2333 5021 α’.
2384 4967 2558 5022 Ὅσοι
2597 4968 2832 5039 ἀνόμως
2902 4969 3199 5040 ἥμαρτον,
3244 4977 3481 5048 ἀνόμως
3526 4984 3629 5038 καὶ
3673 4986 3783 5039 ἀπ..

2194 5060 2497 5115 ολοῦνται·
2529 5060 2629 5114 καὶ
2669 5060 2803 5116 ὅσοι
2844 5063 3109 5134 ἐννόμως
3146 5066 3432 5137 ἥμαρτον,
3465 5073 3564 5129 διὰ
3598 5077 3779 5146 νόμον

2201 5149 2608 5220 κριθήσονται.
2653 5154 2737 5207 Οὐ
2774 5154 2883 5224 γὰρ
2914 5160 2968 5210 ol
3005 5158 3288 5227 ἀκροαταὶ
3331 5162 3440 5216 τοῦ
3476 5170 3665 5237 νόμον
3694 5169 3778 5223 δί-

2200 5259 2354 5297 καιοι
2399 5243 2561 5312 παρὰ
2607 5241 2684 5309 τῷ
2717 5244 2863 5311 Θεῷ,
2902 5248 3040 5303 ἀλλ’
3081 5253 3137 5304 οἱ
3167 5255 3405 5322 ποιηταὶ
3456 5259 3567 5315 τοῦ
3598 5264 3777 5333 νόμον

2198 5335 2714 5402 δικαιωθήσονται.

580 5516 783 5598 [μίξει
815 5515 1075 5598 κ¹.¹1ν.⁵⁰·
1150 5518 1171 5547 ²
1202 5515 1333 5598 ibid;
1522 5513 1714 5598 ibi“;
1740 5530 1912 5598 33".‘2
1941 5517 2009 5598 2ο.
2034 5518 2077 5598 ,⁸

2200 5519 2229 5574 ι.
2249 5522 2470 5598 __‘_i_hiil.
2502 5524 2593 5587 '55,
2614 5524 2739 5598 is.
2758 5527 2788 5598 ξ
2820 5526 3064 5598 ωειλ-δι.
3119 5531 3139 5561 τ
3162 5528 3294 5585 ibid.
3319 5531 3409 5587 ιθ.
3478 5534 3500 5566 α
3531 5535 3664 5592 ibid.
3690 5535 3782 5598 60.

559 5590 690 5651 ibid.
716 5591 806 5648 56.
880 5589 922 5623 ⁸⁸
955 5587 1086 5643 Luc.
1115 5601 1240 5642 xxiv
1296 5587 1349 5641 5.
1389 5586 1429 5617 ¹¹
1462 5585 1595 5641 ibid.
1634 5585 1828 5641 25-3l.
1867 5589 1909 5618 "
1939 5587 2070 5649 ibid,

2233 5592 2290 5666 ,η
2325 5592 2482 5650 Rom.
2509 5585 2690 5662 11,12,
2722 5597 2808 5651 l5.
2880 5600 2923 5630 ιδ
2943 5595 3067 5656 For.
3103 5600 3132 5654 ὃ
3163 5603 3303 5658 ὲποί.
3332 5585 3407 5636 ﬁ“?
3430 5585 3784 5677 subiié'xéil
