4078 6074
554 313 653 365 7‘23

1969 302 2028 356 S.
2062 294 2403 353 EPIPIIANII

3716 272 3819 325 72!

623 427 676 482 ὅ.
714 424 900 482 Omnis
935 426 1072 479 enim
1103 423 1189 476 lex
1237 423 1378 477 vobis
1410 422 1680 491 impletur.
1722 418 1919 489 Diliges
1947 416 2128 487 proxi-

2306 420 2368 468 ε’.
2417 411 2471 463 '0
2512 409 2624 479 γὰρ
2668 405 2786 473 πᾶς
2817 406 3000 474 νόμος
3029 400 3171 470 ὑμῖν
3206 394 3608 463 πεπλήρωται.
3660 389 3824 458 Ἀγα-

558 516 697 572 mum
730 525 877 570 tuum
904 517 1039 571 sicut
1066 516 1286 581 teipsum
1311 515 1352 568 ¹.

626 612 681 663 t5.
713 608 1006 677 Manifesta
1060 616 1182 660 sunt
1230 616 1405 661 autent
1445 622 1604 675 opera
1631 604 1829 667 carnis,
1857 619 1975 673 qua:
2012 610 2135 656 sunt

558 700 864 772 fornicatio,
896 698 1260 763 immunditia,
1309 697 1546 761 luxuria,
1596 696 1860 750 idolorum
1890 693 2135 758 servitus,

556 791 824 860 veneﬁcia,
854 791 1168 855 inimicitiae,
1202 791 1579 852 contentiones,
1604 789 1991 851 a’mulatioms,
2020 787 2135 851 ira’,

557 884 711 946 τίτας,
761 881 1137 945 dissensiones,
1169 892 1345 945 sectw,
1373 880 1683 943 homicidia,
1718 879 2017 942 ebrietates,
2052 893 2136 930 co-

559 976 926 1036 messationes.
968 992 1084 1045 qua:
1119 974 1351 1045 praedico
1394 975 1541 1029 vobis
1571 976 1706 1028 sicut
1737 972 1984 1042 prmdixi,
2012 986 2142 1041 quo-

560 1067 703 1121 niam
733 1068 824 1138 qui
856 1068 988 1122 talia
1017 1078 1205 1138 agunt.
1238 1083 1450 1139 regnum
1479 1066 1573 1120 Dei
1602 1083 1705 1120 non
1735 1062 2136 1135 possidebunt’.

630 1245 686 1299 7.
729 1245 835 1312 Qui
877 1256 1052 1301 autem
1080 1246 1304 1310 Christi,
1341 1263 1553 1301 carnem
1598 1244 1976 1313 cruci/iurth
2023 1256 2141 1294 cum

560 1338 698 1395 vitiis
729 1348 779 1393 et
816 1341 1248 1408 concupiscentiis
1284 1340 1324 1396 ⁸.

629 1432 684 1486 8.
722 1429 902 1502 Neque
941 1433 1080 1486 enim
1122 1432 1212 1502 qui
1238 1431 1708 1497 circumciduntur,
1763 1429 1925 1501 legem
1968 1434 2145 1481 custo-

558 1524 709 1577 diunt
736 1523 779 1580 ⁵.

559 1635 725 1707 320
744 1634 824 1690 Ad
864 1634 1185 1690 Corinthios
1207 1634 1249 1699 1,
1277 1650 1400 1704 qua:
1439 1632 1702 1707 est__apud
1730 1631 2061 1686 Marcionem
2086 1636 2146 1683 ut

1126 1714 1181 1762 et
1208 1701 1349 1776 apud
1385 1720 1487 1759 nos
1516 1701 1582 1759 ll.

2237 501 2455 570 πήσεις
2489 500 2598 553 τὸν
2629 498 2899 565 πλησίον
2935 507 3052 547 σου
3078 492 3160 558 ὡς
3187 487 3470 545 σεαυτόν.

2309 600 2384 660 ς’.
2413 591 2648 660 Φανερὰ
2691 587 2757 642 δέ
2788 588 2920 641 ἐστι
2954 586 3026 639 τὰ
3050 584 3196 655 ἔργα
3226 579 3335 649 τῆς
3363 578 3614 648 σαρκὸς,
3646 572 3818 630 ἅτινά

2235 687 2367 742 ἐστι
2412 683 2680 755 πορνεία,
2729 678 3091 746 ἀκαθαρσία,
3143 674 3451 743 ἀσέλγεια,
3498 670 3821 725 είδωλολα-

2238 778 2420 847 τρεία,
2466 773 2820 846 φαρμακεία,
2873 772 3099 840 ἔχθραι,
3149 767 3326 835 ἕρεις,
3385 761 3571 832 ζῆλοι,
3626 757 3819 830 θυμοὶ,

2237 871 2513 939 ἐριθείαι,
2558 864 2973 937 διχοστασίαι,
3025 860 3319 930 αἱρέσεις,
3372 857 3581 926 φόνοι,
3632 851 3819 921 μέθαι,

2239 961 2441 1031 κῶμοι,
2476 958 2515 1015 ἃ
2547 958 2818 1028 προλέγοι
2844 954 3008 1026 ὑμῖν,
3039 952 3233 1019 καθὼς
3265 950 3363 1005 καὶ
3389 945 3703 1017 προεῖπον,
3736 943 3824 997 ὅτι

2238 1057 2297 1108 οί
2348 1053 2422 1107 τὰ
2468 1051 2713 1106 τοιαῦτα
2764 1048 3150 1117 πράσσοντες
3185 1040 3515 1109 ,Βασιλείαν
3551 1036 3705 1091 Θεοῦ
3752 1037 3823 1089 οὑ

2240 1144 2836 1215 κληρονομήσουσιν.
3351 1146 3359 1157 ‘

2312 1239 2377 1303 ζ’.
2417 1242 2483 1292 Ol
2507 1237 2575 1291 δὲ
2600 1236 2706 1291 τοῦ
2735 1232 3017 1303 Χριστοῦ,
3049 1230 3164 1300 τὴν
3195 1227 3396 1297 σάρκα
3433 1225 3828 1294 ἐσταύρωσαν

2240 1333 2364 1388 σὺν
2391 1332 2517 1398 τοῖς
2544 1328 2855 1398 παθήμασι
2877 1326 2975 1381 καί
3001 1325 3131 1391 ταῖς
3162 1321 3519 1391 ἐπιθυμίαις.

2316 1424 2387 1497 η’.
2408 1425 2557 1478 Οὔτε
2579 1422 2689 1493 γὰρ
2715 1424 2770 1476 οί
2794 1419 3277 1491 περιτεμνόμενοι
3303 1414 3472 1470 αὐτοὶ
3502 1412 3693 1482 νόμον
3719 1427 3823 1478 59v-

2242 1519 2576 1575 λὰσσουσι.
2620 1561 2625 1567 .

2244 1633 2390 1707 Πρὸς
2422 1632 2745 1704 Κορινθίους
2774 1629 2856 1689 Α’.
3046 1625 3207 1707 t1:th
3211 1625 3277 1707 ,δὲ
3317 1619 3607 1692 Μαρκίωνι
3634 1616 3709 1677 B‘.
3733 1611 3824 1666 καὶ

2831 1697 2980 1772 παρτ
2996 1700 3128 1769 ἡμῖν
3168 1697 3243 1748 Β¹.

633 1820 685 1874 1.
714 1819 984 1889 Scriptum
1005 1829 1084 1875 est
1117 1820 1255 1874 enim
1280 1817 1543 1871 :Perdam
1592 1816 1904 1885 sapientiam
1938 1814 2148 1883 sapien-

2321 1824 2391 1872 α’.
2429 1816 2765 1887 Γέγραπται
2818 1812 2956 1883 γάρ·
3008 1808 3241 1865 Ἀπολῶ
3289 1807 3406 1875 τὴν
3456 1802 3686 1871 σοφίαν
3714 1794 3826 1850 τῶν

562 1912 715 1974 tium,
746 1928 798 1966 et
832 1912 1168 1979 prudentiam
1204 1911 1540 1980 prudentium
1575 1908 1862 1977 reprobabo
1887 1909 1927 1964 ⁸.

630 2006 685 2061 2.
730 2002 821 2069 Ut,
850 2005 1293 2075 quemadmodum
1320 2004 1575 2074 scriptum
1613 2011 1712 2067 est,
1757 2003 1845 2071 qui
1883 2001 2149 2073 gloriatur

566 2098 619 2150 in
650 2097 877 2151 Domino
902 2098 1157 2168 glorietur
1184 2097 1226 2152 ⁸.

635 2186 688 2243 5.
728 2187 1035 2258 Principum
1067 2189 1226 2259 hujus
1259 2189 1464 2251 stecuii,
1491 2190 1580 2259 qui
1604 2197 1930 2244 evacuantur
1961 2188 2006 2243 '.

634 2363 687 2417 4.
727 2363 990 2432 Scriptum
1052 2373 1132 2417 est
1175 2364 1312 2418 enim
1358 2362 1857 2434 :Compreliendam
1890 2363 2149 2431 sapientes

566 2458 619 2510 iu
658 2458 859 2511 astutia
888 2472 1069 2510 eorum
1096 2457 1138 2511 ⁸.
1174 2456 1240 2509 Et
1269 2458 1466 2512 iterum
1495 2475 1508 2511 :
1545 2456 1802 2511 Dominus
1833 2456 1974 2510 novit
2004 2455 2150 2525 cogi-

568 2549 793 2604 tatioues
816 2548 1109 2617 hominum,
1144 2551 1271 2619 quia
1310 2567 1459 2605 vana:
1482 2559 1604 2604 sunt
1632 2551 1676 2603 ’.

639 2728 692 2782 5.
727 2725 936 2781 Etenim
983 2726 1183 2796 pascha
1240 2736 1482 2782 nostrum
1530 2727 1838 2782 immolatus
1885 2736 1962 2781 est
2006 2727 2156 2783 Citri-

570 2833 681 2879 stus
712 2821 777 2873 η.

637 2912 691 2969 6.
731 2911 963 2967 Nescitis
1014 2912 1153 2982 quod
1205 2912 1295 2982 qui
1345 2912 1577 2965 adha'rct
1642 2913 1925 2976 meretrici,
1992 2930 2155 2966 unum

571 3022 758 3076 corpus
813 3008 935 3061 est?
990 3003 1161 3057 Erunt
1216 3004 1377 3068 enim,
1440 3004 1640 3075 inquit,
1698 3004 1803 3058 duo
1848 3005 1902 3057 in
1945 3021 2156 3060 carnem

568 3112 731 3151 unum
751 3095 817 3150 “.

2247 1909 2479 1980 σοφῶν,
2504 1909 2603 1963 καὶ
2643 1907 2759 1977 τὴν
2794 1906 3052 1961 σύνεσιν
3076 1901 3193 1955 τῶν
3224 1895 3498 1954 συνετῶν
3537 1889 3822 1956 ἀθετήσω.

2324 2003 2390 2074 β’.
2425 2005 2578 2069 Ἵνα,
2621 2001 2818 2074 καθὼς
2864 1998 3203 2069 γέγραπται,
3251 1996 3284 2048 ό
3336 1985 3725 2058 καυχώμενος
3760 1982 3827 2035 ἐν

2248 2072 2444 2143 Κυρίῳ
2476 2072 2824 2143 καυχάσθω.

2315 2164 2522 2236 γ’.Τῶν
2546 2164 2857 2234 ἀρχόντων
2878 2161 2985 2216 τοῦ
3005 2159 3217 2224 αἰῶνος
3236 2154 3454 2210 τούτου
3477 2149 3597 2205 τῶν
3622 2162 3829 2213 καταρ-

2251 2258 2578 2330 γουμένων.

2321 2353 2385 2408 δ’.
2426 2350 2759 2421 Γέγραπται
2804 2346 2916 2418 γάρ
2934 2360 2950 2374 '
2999 2348 3063 2399 Ὀ
3106 2341 3522 2413 δρασσόμενος
3558 2333 3702 2398 τοὺς
3725 2340 3828 2384 σο-

2250 2443 2405 2513 φοὺς
2432 2441 2503 2494 ἐν
2539 2439 2615 2509 τῇ
2642 2437 2975 2508 πανουργίᾳ
3006 2435 3236 2491 αὐτῶν
3270 2432 3364 2486 καὶ
3395 2428 3586 2484 πάλινο
3622 2425 3831 2492 Κύριος

2252 2533 2530 2607 γινώσκει
2568 2531 2711 2599 τοὺς
2742 2526 3167 2607 διαλογισμοὺς
3194 2525 3327 2581 ,τῶν
3369 2520 3715 2591 ἀνθρώπων,
3744 2516 3831 2571 ὅτι

2251 2600 2371 2681 sici
2397 2624 2656 2695 μάταιοι.
2929 2600 2935 2601 7
3142 2600 3166 2616 ’

2323 2725 2386 2773 ε’.
2417 2716 2527 2772 Καὶ
2555 2714 2665 2785 γὰρ
2694 2714 2760 2770 τὸ
2796 2714 3007 2784 πάσχα
3034 2711 3204 2781 ἡμῶν
3230 2709 3410 2775 ἐτύθη
3443 2702 3719 2773 Χριστός.

2328 2907 2401 2966 ς’.
2425 2900 2546 2953 οὐκ
2571 2896 2792 2958 οἴδατε,
2823 2894 2912 2948 ὅτι
2937 2896 2970 2948 ό
3002 2889 3385 2959 κολλώμενος
3414 2884 3488 2954 τῇ
3521 2884 3740 2951 πόρνης
3770 2875 3842 2934 ἓν

2255 2993 2428 3064 σῶμά
2472 2993 2679 3054 έστιν;
2738 2990 3019 3042 Ἔσονται
3070 2983 3200 3054 γὰρ,
3256 2979 3439 3051 φησὶν,
3488 2978 3544 3030 οι
3598 2973 3708 3028 δύο
3753 2973 3840 3037 εἰς

2202 3118 2207 3127 ι
2256 3087 2453 3157 σάρκα
2472 3074 2640 3156 μίαν.

643 3190 694 3245 'l.
729 3189 971 3245 Mutatus
997 3196 1084 3244 est
1122 3189 1299 3252 locus,
1330 3204 1454 3243 nam
1502 3204 1601 3258 pro
1639 3204 1705 3243 co
1743 3189 1888 3258 quod
1923 3197 2047 3244 est:
2082 3187 2151 3242 Et

2328 3178 2394 3244 ζ’.
2427 3173 2921 3247 Μετηλλαγμένος’
2961 3169 3082 3224 ἀντὶ
3129 3165 3239 3239 γὰρ
3275 3162 3391 3258 τοῦ,
3426 3162 3540 3258 Καί
3584 3162 3618 3213 ό

573 3280 657 3334 lex
687 3279 797 3333 haec
835 3295 940 3334 non
970 3279 1121 3342 dicit,
1157 3277 1319 3332 liabet
1348 3277 1517 3339 "ille,
1558 3275 1675 3330 Etsi
1710 3277 1795 3328 lex
1811 3275 2009 3345 .lloysis
2047 3277 2159 3330 lucc

571 3387 677 3426 non
713 3370 865 3424 dicit.

643 3462 697 3516 8.
738 3459 993 3530 Nunquid
1017 3460 1081 3514 de
1109 3459 1271 3512 bobus
1305 3474 1433 3511 cura
1465 3467 1543 3512 est
1582 3458 1690 3513 Deo
1723 3458 1808 3513 "1'

643 3552 698 3606 9.
734 3550 877 3605 Nolo
897 3552 1035 3605 enim
1066 3567 1153 3605 vos
1184 3551 1449 3621 ignorare,
1476 3550 1693 3620 fratres,
1711 3551 1958 3622 quoniam
1981 3560 2158 3620 patres

538 3626 542 3631 ’
575 3641 745 3695 nostri
765 3640 859 3695 sub
896 3640 1029 3694 nube
1077 3639 1312 3710 fuerunt,
1350 3649 1399 3695 et
1434 3658 1610 3695 omnes
1634 3658 1780 3697 mare
1813 3644 2160 3709 transierunt,

573 3744 625 3791 et
651 3750 827 3788 onmes
872 3732 1109 3787 eamdem
1150 3750 1326 3788 escam
1368 3734 1663 3803 spiritalem
1690 3733 2158 3789 tnanducaoerunt.

578 3824 833 3881 Dibebant
886 3824 1024 3879 enim
1073 3823 1137 3878 de
1190 3825 1423 3893 spiritali
1466 3834 1808 3896 consequente
1852 3841 1939 3878 eos
1974 3835 2163 3894 petra;

574 3928 725 3990 petra
756 3927 931 3973 autem
949 3927 1063 3972 erat
1095 3917 1358 3973 Christus.
1389 3917 1491 3973 Sed
1517 3936 1621 3974 non
1639 3920 1691 3973 in
1717 3919 1957 3988 pluribus
1978 3934 2161 3973 eorum

575 4012 960 4082 beneplacitum
1024 4020 1104 4066 est
1150 4010 1282 4069 Deo.
1314 4012 1443 4067 lla’c
1492 4022 1669 4066 autem
1701 4013 1754 4064 in
1803 4013 1975 4082 figura
2014 4012 2162 4080 facta

575 4116 698 4162 sunt
733 4105 934 4169 nostri,
987 4114 1043 4158 ut
1084 4120 1187 4159 non
1219 4105 1386 4179 simus
1413 4105 1833 4173 concupiscentes
1867 4104 2160 4166 malorum,

576 4201 714 4253 sicut
738 4200 817 4254 illi
836 4199 1068 4268 fuerunt.
1092 4196 1272 4269 Neque
1297 4196 1563 4251 idolorum
1592 4196 1819 4259 cultores
1839 4196 2162 4265 e/ficiamini,

576 4292 715 4344 sicut
742 4279 959 4359 quidam
993 4305 1058 4342 ex
1086 4289 1237 4359 ipsis,
1265 4286 1708 4358 quemadmodum
1748 4288 2006 4355 scriptum
2040 4294 2117 4339 est
2144 4301 2164 4340 :

578 4379 728 4437 Sedit
784 4380 1007 4450 populus
1036 4380 1359 4436 manducare
1399 4390 1448 4435 et
1509 4379 1701 4445 bibere,
1740 4392 1787 4435 et
1821 4390 2166 4435 surrexerunt

580 4473 777 4530 ludere.
797 4471 976 4543 Neque
995 4483 1248 4526 tentemus
1271 4472 1565 4535 Christum.
1589 4490 1760 4543 usque
1786 4473 1851 4528 ad
1879 4489 1941 4528 ea
1959 4473 2122 4529 verba
2148 4491 2160 4527 :

2258 3270 2446 3325 ταῦτα
2469 3272 2541 3324 οὺ
2568 3266 2751 3337 λέγει,
2780 3264 2912 3335 φησὶ
2930 3264 3157 3324 ἐκεῖνος,
3189 3260 3275 3314 ‘Ei
3297 3256 3394 3311 καὶ
3411 3258 3445 3312 ό
3468 3253 3654 3324 νόμος
3678 3254 3843 3305 Mart“;-

2259 3362 2415 3428 σέως
2453 3361 2645 3414 ταῦτα
2677 3361 2749 3413 οὐ
2775 3357 2958 3427 λέγει.

2329 3455 2401 3526 η’.
2435 3458 2492 3508 Μ
2500 3454 2533 3523 ὴ
2570 3452 2688 3507 τῶν
2716 3451 2885 3517 ,βοῶν
2904 3448 3075 3519 μέλει
3103 3444 3182 3512 τῷ
3212 3442 3373 3510 Θεῷ;

2332 3549 2398 3603 θ’.
2439 3551 2521 3602 Οὐ
2552 3547 2705 3603 θέλω
2745 3545 2857 3615 γὰρ
2886 3542 3044 3613 ὑμᾶς
3073 3538 3335 3611 ἀγνοεῖν,
3362 3532 3638 3602 ἀδελφοὶ,
3672 3530 3767 3584 ὅτι
3792 3530 3845 3581 ol

2261 3643 2512 3711 πατέρες
2530 3638 2703 3710 ἡμῶν
2726 3639 2843 3693 ὐπὸ
2866 3636 2981 3704 τὴν
3007 3633 3275 3704 νεφέλην
3298 3627 3478 3700 ἦσαν.
3501 3626 3599 3681 καὶ
3627 3622 3846 3688 πάντες

2260 3736 2359 3790 διὰ
2384 3735 2494 3804 τῆς
2522 3733 2846 3797 θαλάσσης
2894 3728 3166 3797 διῆλθον,
3207 3725 3305 3779 καὶ
3345 3721 3568 3784 πάντες
3608 3717 3674 3771 τὸ
3699 3714 3847 3769 αὐτὸ

2263 3823 2671 3895 πνευματικὸν
2690 3824 2918 3891 ἔφαγον
2938 3817 3152 3887 ,ϐρῶμα
3194 3817 3449 3869 Ἕπινον
3468 3809 3580 3880 γὰρ
3594 3808 3663 3861 ἐκ
3677 3819 3850 3895 πνευο

2258 3892 2517 3986 parturit;
2549 3913 3009 3977 ἀκολουθούσης
3040 3908 3260 3977 πέτρας
3280 3921 3292 3934 ·
3322 3905 3362 3972 ἠ
3393 3900 3461 3954 δὲ
3492 3900 3679 3966 πέτρα
3708 3892 3790 3966 ἦν
3817 3896 3850 3947 ό

2263 4008 2544 4075 Χριστός.
2579 4004 2731 4058 Ἀλλ’
2761 4004 2872 4057 οὐκ
2897 4000 2967 4054 ἐν
2988 3997 3114 4064 τοῖς
3143 3995 3425 4050 πλείοσιν
3447 3988 3649 4045 αὐτῶν
3671 3986 3850 4055 noce-

2264 4115 2439 4168 κησε.
2471 4097 2661 4153 Ταῦτα
2691 4096 2760 4149 δὲ
2780 4095 2955 4149 τύποι
2986 4088 3156 4161 ἡμῶν
3181 4085 3580 4158 ἐγενήθησαν,
3612 4080 3767 4149 πρὸς
3787 4078 3847 4132 τὸ

2259 4191 2348 4262 μὴ
2368 4188 2524 4246 εἶναι
2545 4188 2705 4258 ἡμᾶς
2730 4183 3099 4255 ἐπιθυμητὰς
3121 4179 3343 4240 κακῶν,
3368 4175 3562 4241 καθὼς
3588 4172 3848 4229 κάκεῖνοι

2264 4284 2677 4353 ἐπεθύμησαν.
2713 4279 2881 4347 Μηδὲ
2912 4274 3336 4342 εἰδωλολάτραι
3365 4271 3628 4342 γίνεσθε,
3659 4263 3849 4329 καθώς

2266 4392 2426 4443 τινες
2471 4372 2692 4436 αὐτῶν,
2733 4373 2814 4439 ὡς
2864 4369 3205 4440 γέγραπται·
3255 4363 3571 4420 Ἐκάθισεν
3625 4363 3659 4413 ό
3704 4357 3851 4420 λαὸς

2269 4463 2484 4534 φαγεῖν
2523 4462 2619 4518 καὶ
2668 4461 2846 4523 πιεῖν,
2878 4460 2974 4513 καὶ
3025 4457 3378 4524 ἀνέστησαν
3408 4450 3658 4511 παίζειν.
3689 4446 3851 4514 Μηδὲ

587 4566 716 4623 lla'c
736 4576 908 4644 autem
940 4566 1119 4619 omnia
1146 4566 1199 4619 in
1223 4566 1397 4634 ﬁgura
1419 4564 1789 4636 contingebant
1812 4565 1960 4634 ipsis,
1988 4564 2033 4597 “
2051 4573 2153 4621 etc.

2270 4533 2700 4624 ἐκπειράᾷυμεν
2730 4552 2837 4606 τὸν
2859 4551 3135 4619 Χριστεν,
3164 4548 3269 4611 ἕως
3289 4547 3422 4600 ὅπου
3453 4543 3622 4611 λέγει’
3666 4539 3852 4595 Ταῦτα

654 4745 737 4796 10.
773 4743 913 4810 Quid
945 4759 1069 4813 ergo
1112 4743 1274 4798 dico?
1304 4743 1458 4810 Quod
1494 4742 1655 4797 idolis
1685 4744 2020 4797 immolatum
2057 4744 2163 4798 ali-

580 4836 704 4907 quid
731 4836 799 4890 sit
817 4838 843 4891 ?
863 4834 966 4890 Sed
981 4852 1097 4906 qua’
1121 4835 1395 4890 immolant
1424 4836 1723 4898 da'moniis,
1751 4844 1800 4888 et
1834 4851 1936 4890 non
1966 4834 2072 4889 Dco
2097 4838 2160 4890 ¹⁸.

652 4929 738 4983 11.
783 4928 877 4983 Vir
905 4945 1109 4983 comam
1149 4946 1251 4983 non
1293 4930 1527 4994 nutriat;
1552 4930 1724 4999 gloria
1756 4930 1963 4984 enimet
1988 4931 2162 5001 imago

580 5021 676 5077 Dei
704 5030 779 5075 est
816 5021 880 5076 “.

650 5113 737 5166 12.
780 5111 882 5167 Sed
911 5112 1046 5167 Deus
1083 5113 1386 5181 temperavit
1411 5128 1600 5180 corpus
1633 5112 1697 5167 ”.

652 5203 737 5257 15.
807 5203 1092 5273 l‘crperam
1161 5205 1321 5257 istam
1367 5203 1655 5272 concepit:
1686 5202 1789 5257 Sed
1821 5203 1874 5257 in
1920 5201 2162 5257 Ecclesia

583 5294 698 5347 volo
726 5298 954 5365 quinque
998 5295 1153 5350 verba
1201 5312 1357 5350 sensu
1396 5311 1509 5349 meo
1560 5294 1703 5359 loqui
1727 5294 1788 5348 ¹⁸.
1818 5294 1990 5351 Aliter
2015 5295 2158 5349 enim

582 5385 672 5439 ille
703 5384 956 5452 scripsit;
989 5394 1041 5439 et
1077 5385 1140 5438 ob
1172 5387 1356 5455 legem,
1403 5384 1630 5440 addidit.

656 5541 1023 5603 'Gai.v.ib.
1103 5542 1414 5598 ’ibid.19.
1492 5544 1798 5601 'ibid.24.
1879 5504 2153 5596 ιευιηιῖη

2256 5543 2341 5596 15.
2419 5544 2439 5573 ⁵
2482 5540 2498 5593 1
2533 5541 2656 5594 Cor.
2694 5556 2729 5605 I,
2766 5538 2864 5602 i9;
2902 5538 3002 5593 lsa.
3030 5554 3177 5599 xxix,
3216 5536 3298 5592 H.

1527 5613 1743 5669 l’l(.‘.or.
1780 5613 2130 5677 Ill.19;Jub
2159 5630 2210 5673 ν,
2250 5614 2302 5665 ’5.

2172 5685 2215 5715 ’δ
2246 5681 2263 5734 1
2300 5682 2427 5737 Cor.
2461 5699 2524 5743 χ,
2564 5682 2581 5734 1
2620 5696 2773 5749 sqq.:
2820 5679 2989 5732 Exod.
3027 5695 3175 5733 nam
3239 5676 3289 5731 6.

582 5615 673 5672 ,ἵει-
716 5631 767 5668 ix
834 5614 925 5675 25.
1023 5615 1041 5644 ⁷
1075 5612 1093 5666 l
1126 5612 1250 5667 Cor.
1285 5629 1345 5670 ιι.
1379 5613 1431 5669 ϐ.

585 5690 625 5718 εί
662 5687 677 5740 Ι
708 5685 833 5741 Cor.
868 5702 944 5743 vn.
982 5684 1065 5740 16.
1175 5685 1216 5715 ¹¹
1252 5684 1271 5738 Ι
1314 5682 1443 5739 Cor.
1482 5699 1571 5743 ιι.
1615 5685 1666 5739 8.
1768 5686 1808 5716 ’³
1846 5685 1975 5738 ibid.
2012 5684 2063 5738 9-

2270 4648 2340 4701 δὲ
2372 4645 2635 4712 τυπικῶς
2664 4643 3024 4699 συνέϐαινεν
3046 4640 3207 4710 ἡμῖν,
3245 4639 3337 4693 καὶ
3368 4636 3438 4691 τὰ
3462 4634 3610 4706 ἑξῆς.

2345 4746 2398 4793 ι’.
2424 4740 2484 4792 Τί
2509 4734 2624 4793 οὖν
2642 4756 2788 4807 φημι
2804 4753 2823 4800 ;
2840 4738 2970 4790 ’Ότι
2990 4736 3031 4766 ¹⁹
3055 4733 3361 4802 ίερόθυτόν
3379 4732 3437 4784 τί
3455 4730 3631 4783 ἐστιν
3653 4744 3667 4757 °
3700 4723 3853 4780 Ἀλλ’

2272 4829 2359 4883 ὅτι
2401 4829 2439 4883 ἂ
2470 4832 2683 4884 θύουσι
2719 4829 3070 4898 δαιμονίοις,
3097 4826 3193 4879 καὶ
3224 4826 3296 4878 οὐ
3329 4822 3470 4886 Θεῷ.

2348 4929 2435 4976 ια’.
2487 4921 2656 4990 Ἀνὴρ
2694 4924 2804 4975 οὐκ
2837 4920 3063 4989 ὀφείλει
3091 4915 3303 4987 κομᾷν,
3349 4915 3503 4982 δόξα
3544 4918 3645 4970 καὶ
3685 4914 3852 4970 είκὼν

2273 5015 2421 5070 Θεοῦ
2451 5013 2754 5082 ὑπάρχων.

2344 5107 2432 5177 ιβ’.
2480 5108 2652 5160 Ἀλλὰ
2682 5109 2714 5158 ό
2747 5104 2891 5170 Θεὸς
2929 5100 3305 5170 συνεκέρασε
3331 5101 3395 5153 τὸ
3430 5099 3623 5168 σῶμα.

2345 5197 2435 5267 ιγ’.
2468 5197 2904 5267 Πεπλανημένως
2928 5213 2942 5227 ’
2988 5195 3171 5250 Ἀλλὰ
3220 5194 3289 5246 ἐν
3345 5193 3677 5257 Ἐκκλησία
3711 5188 3854 5245 θέλω

2271 5291 2450 5344 πέντε
2493 5292 2716 5359 λόγους
2759 5287 2838 5353 τῷ
2888 5289 2990 5341 νοΐ
3017 5306 3137 5356 μου
3168 5284 3440 5353 λαλῆσαι
3506 5282 3742 5349 Ἑτέρως
3782 5281 3857 5341 δὲ.

2270 5383 2369 5436 διὰ
2402 5382 2509 5435 τὸν
2534 5382 2741 5450 νόμον.

3404 5535 3425 5562 ⁸
3460 5535 3475 5587 Ι
3516 5533 3644 5587 Cor.
3682 5548 3721 5593 ι,
3753 5532 3814 5589 Si
3846 5546 3860 5591 ς

2355 5610 2408 5644 Δί’
2444 5614 2458 5665 I
2489 5613 2617 5665 Cor.
2648 5599 2732 5671 In,
2768 5599 2864 5671 ιθξ
2895 5608 3036 5663 Psal.
3082 5625 3234 5671 xcm,
3270 5608 3351 5663 11.
3435 5608 3476 5636 ⁸⁸⁵
3517 5604 3686 5658 Hjur.
3718 5620 3774 5664 ν,
3811 5599 3859 5655 7.

2355 5698 2426 5729 nr-
2461 5699 2523 5729 ς-
2564 5682 2581 5729 1
2620 5696 2772 5729 sum:
2820 5679 2989 5729 Exod.
3027 5695 3175 5729 xuii
3239 5676 3289 5729 6.
3398 5677 3441 5708 “
3469 5677 3487 5729 1
3518 5673 3645 5728 Cor.
3678 5690 3736 5729 ι.
3777 5671 3859 5728 19.

3633 5713 3645 5725 ο
3678 5711 3736 5740 Α,
3781 5711 3859 5728 ’δ’

583 5756 628 5792 ιε
661 5758 682 5810 ι
710 5758 831 5813 (Lor.
872 5772 941 5815 xx,
978 5756 1062 5812 14.
1144 5757 1183 5788 ⁸⁷
1214 5754 1233 5811 l
1265 5753 1391 5811 Cor.
1424 5771 1524 5814 xu.
1559 5754 1649 5809 2t.
1732 5756 1772 5787 ³⁸
1800 5754 1818 5810 1
1850 5753 1975 5811 Cor.
2008 5769 2121 5823 xw,

2324 5755 2363 5785 ’θ
2400 5752 2519 5808 Vol.
2554 5752 2586 5815 ἢ
2614 5749 2980 5805 εἰδωλόθυτον.
