  <div class='ocr_page' id='page_1' title='image "/cluster/home/n/w/nwhite01/storage/ocr_20150623/41/hvd.32044073501868/385.png"; bbox 0 0 4078 6074; ppageno 0'>
   <div class='ocr_carea' id='block_1_1' title="bbox 563 265 670 323">
    <p class='ocr_par' dir='ltr' id='par_1_1' title="bbox 563 265 670 323">
     <span class='ocr_line' id='line_1_1' title="bbox 563 265 670 323; baseline -0.009 -3"><span class='ocrx_word' id='word_1_1' title='bbox 563 265 670 323; x_wconf 70' lang='grc'><strong>’127</strong></span> 
     </span>
    </p>
   </div>
   <div class='ocr_carea' id='block_1_2' title="bbox 1973 272 2417 331">
    <p class='ocr_par' dir='ltr' id='par_1_2' title="bbox 1973 272 2417 331">
     <span class='ocr_line' id='line_1_2' title="bbox 1973 272 2417 331; baseline 0.005 -2"><span class='ocrx_word' id='word_1_2' title='bbox 1973 273 2031 330; x_wconf 87' lang='lat' dir='ltr'><strong>S.</strong></span> <span class='ocrx_word' id='word_1_3' title='bbox 2076 272 2417 331; x_wconf 68' lang='lat' dir='ltr'><strong>EPIPHANII</strong></span> 
     </span>
    </p>
   </div>
   <div class='ocr_carea' id='block_1_3' title="bbox 3740 274 3843 335">
    <p class='ocr_par' dir='ltr' id='par_1_3' title="bbox 3740 274 3843 335">
     <span class='ocr_line' id='line_1_3' title="bbox 3740 274 3843 335; baseline 0 -2"><span class='ocrx_word' id='word_1_4' title='bbox 3740 274 3843 335; x_wconf 60' lang='grc' dir='ltr'><strong>τοι</strong></span> 
     </span>
    </p>
   </div>
   <div class='ocr_carea' id='block_1_4' title="bbox 558 392 2153 475">
    <p class='ocr_par' dir='ltr' id='par_1_4' title="bbox 558 392 2151 462">
     <span class='ocr_line' id='line_1_4' title="bbox 558 392 2151 462; baseline 0.005 -18"><span class='ocrx_word' id='word_1_5' title='bbox 558 395 704 446; x_wconf 91' lang='lat' dir='ltr'><strong>Inter</strong></span> <span class='ocrx_word' id='word_1_6' title='bbox 754 405 854 445; x_wconf 91' lang='lat' dir='ltr'><strong>nos</strong></span> <span class='ocrx_word' id='word_1_7' title='bbox 903 400 1064 462; x_wconf 89' lang='lat' dir='ltr'><strong>atque</strong></span> <span class='ocrx_word' id='word_1_8' title='bbox 1114 392 1265 446; x_wconf 91' lang='lat' dir='ltr'><strong>illum</strong></span> <span class='ocrx_word' id='word_1_9' title='bbox 1317 394 1626 456; x_wconf 85' lang='lat' dir='ltr'><strong>conveniat,</strong></span> <span class='ocrx_word' id='word_1_10' title='bbox 1674 409 1738 449; x_wconf 90' lang='lat' dir='ltr'><strong>ea</strong></span> <span class='ocrx_word' id='word_1_11' title='bbox 1789 401 1973 450; x_wconf 86' lang='lat' dir='ltr'><strong>tamen</strong></span> <span class='ocrx_word' id='word_1_12' title='bbox 2021 405 2151 453; x_wconf 91' lang='lat' dir='ltr'><strong>sunt</strong></span> 
     </span>
    </p>
   </div>
   <div class='ocr_carea' id='block_1_5' title="bbox 2255 392 3841 475">
    <p class='ocr_par' dir='ltr' id='par_1_5' title="bbox 2255 399 3841 475">
     <span class='ocr_line' id='line_1_5' title="bbox 2255 399 3841 475; baseline 0.003 -22"><span class='ocrx_word' id='word_1_13' title='bbox 2255 399 2468 469; x_wconf 69' lang='grc' dir='ltr'>ᾄδοντα,</span> <span class='ocrx_word' id='word_1_14' title='bbox 2495 400 2590 453; x_wconf 81' lang='grc' dir='ltr'><strong>καὶ</strong></span> <span class='ocrx_word' id='word_1_15' title='bbox 2622 399 2816 471; x_wconf 76' lang='grc' dir='ltr'>ἔχοντα</span> <span class='ocrx_word' id='word_1_16' title='bbox 2839 399 3083 472; x_wconf 75' lang='grc' dir='ltr'><strong>ἔμφασιν</strong></span> <span class='ocrx_word' id='word_1_17' title='bbox 3112 399 3382 474; x_wconf 82' lang='grc' dir='ltr'>ὲνσάρκον</span> <span class='ocrx_word' id='word_1_18' title='bbox 3416 401 3718 474; x_wconf 75' lang='grc' dir='ltr'><strong>παρουσίας</strong></span> <span class='ocrx_word' id='word_1_19' title='bbox 3742 402 3841 475; x_wconf 70' lang='grc' dir='ltr'><strong>τῆς</strong></span> 
     </span>
    </p>
   </div>
   <div class='ocr_carea' id='block_1_6' title="bbox 560 481 2149 557">
    <p class='ocr_par' dir='ltr' id='par_1_6' title="bbox 560 481 2149 557">
     <span class='ocr_line' id='line_1_6' title="bbox 560 481 2149 557; baseline 0.006 -22"><span class='ocrx_word' id='word_1_20' title='bbox 560 481 854 551; x_wconf 82' lang='lat' dir='ltr'><strong>ejusmodi,</strong></span> <span class='ocrx_word' id='word_1_21' title='bbox 898 491 956 538; x_wconf 92' lang='lat' dir='ltr'><strong>ut</strong></span> <span class='ocrx_word' id='word_1_22' title='bbox 996 484 1331 539; x_wconf 87' lang='lat' dir='ltr'><strong>Salvatorem</strong></span> <span class='ocrx_word' id='word_1_23' title='bbox 1368 493 1619 541; x_wconf 87' lang='lat' dir='ltr'><strong>nostrum</strong></span> <span class='ocrx_word' id='word_1_24' title='bbox 1663 494 1944 557; x_wconf 86' lang='lat' dir='ltr'><strong>assumpta</strong></span> <span class='ocrx_word' id='word_1_25' title='bbox 1980 503 2149 545; x_wconf 87' lang='lat' dir='ltr'><strong>carne</strong></span> 
     </span>
    </p>
   </div>
   <div class='ocr_carea' id='block_1_7' title="bbox 561 575 2150 649">
    <p class='ocr_par' dir='ltr' id='par_1_7' title="bbox 561 575 2150 649">
     <span class='ocr_line' id='line_1_7' title="bbox 561 575 2150 649; baseline 0.006 -20"><span class='ocrx_word' id='word_1_26' title='bbox 561 576 776 632; x_wconf 75' lang='lat' dir='ltr'><strong>venisse</strong></span> <span class='ocrx_word' id='word_1_27' title='bbox 836 575 1123 631; x_wconf 75' lang='lat' dir='ltr'><strong>manifeste</strong></span> <span class='ocrx_word' id='word_1_28' title='bbox 1177 576 1505 646; x_wconf 86' lang='lat' dir='ltr'><strong>signiﬁcent.</strong></span> <span class='ocrx_word' id='word_1_29' title='bbox 1566 577 1705 632; x_wconf 87' lang='lat' dir='ltr'><strong>Tum</strong></span> <span class='ocrx_word' id='word_1_30' title='bbox 1762 594 1885 649; x_wconf 76' lang='lat' dir='ltr'><strong>quae</strong></span> <span class='ocrx_word' id='word_1_31' title='bbox 1935 578 2150 639; x_wconf 80' lang='lat' dir='ltr'><strong>Veteris</strong></span> 
     </span>
    </p>
   </div>
   <div class='ocr_carea' id='block_1_8' title="bbox 561 664 2148 740">
    <p class='ocr_par' dir='ltr' id='par_1_8' title="bbox 561 664 2148 740">
     <span class='ocr_line' id='line_1_8' title="bbox 561 664 2148 740; baseline 0.005 -20"><span class='ocrx_word' id='word_1_32' title='bbox 561 665 805 737; x_wconf 86' lang='lat' dir='ltr'><strong>Novique</strong></span> <span class='ocrx_word' id='word_1_33' title='bbox 842 664 1175 723; x_wconf 84' lang='lat' dir='ltr'><strong>Testamenti</strong></span> <span class='ocrx_word' id='word_1_34' title='bbox 1219 671 1640 726; x_wconf 84' lang='lat' dir='ltr'><strong>consensionem</strong></span> <span class='ocrx_word' id='word_1_35' title='bbox 1675 672 2012 740; x_wconf 89' lang='lat' dir='ltr'><strong>ostendunt;</strong></span> <span class='ocrx_word' id='word_1_36' title='bbox 2054 682 2148 729; x_wconf 90' lang='lat' dir='ltr'><strong>aut</strong></span> 
     </span>
    </p>
   </div>
   <div class='ocr_carea' id='block_1_9' title="bbox 560 755 2151 831">
    <p class='ocr_par' dir='ltr' id='par_1_9' title="bbox 560 755 2151 831">
     <span class='ocr_line' id='line_1_9' title="bbox 560 755 2151 831; baseline 0.008 -23"><span class='ocrx_word' id='word_1_37' title='bbox 560 756 845 825; x_wconf 89' lang='lat' dir='ltr'><strong>ipsiusmet</strong></span> <span class='ocrx_word' id='word_1_38' title='bbox 885 755 980 812; x_wconf 87' lang='lat' dir='ltr'><strong>Dei</strong></span> <span class='ocrx_word' id='word_1_39' title='bbox 1032 756 1155 812; x_wconf 78' lang='lat' dir='ltr'><strong>Filii</strong></span> <span class='ocrx_word' id='word_1_40' title='bbox 1191 760 1619 824; x_wconf 80' lang='lat' dir='ltr'><strong>confessionem,</strong></span> <span class='ocrx_word' id='word_1_41' title='bbox 1651 777 1761 831; x_wconf 90' lang='lat' dir='ltr'><strong>qua</strong></span> <span class='ocrx_word' id='word_1_42' title='bbox 1812 761 1984 818; x_wconf 90' lang='lat' dir='ltr'><strong>Deum</strong></span> <span class='ocrx_word' id='word_1_43' title='bbox 2027 779 2151 820; x_wconf 90' lang='lat' dir='ltr'><strong>esse</strong></span> 
     </span>
    </p>
   </div>
   <div class='ocr_carea' id='block_1_10' title="bbox 558 848 2152 927">
    <p class='ocr_par' dir='ltr' id='par_1_10' title="bbox 558 848 2152 927">
     <span class='ocr_line' id='line_1_10' title="bbox 558 848 2152 927; baseline 0.007 -26"><span class='ocrx_word' id='word_1_44' title='bbox 558 848 680 902; x_wconf 67' lang='grc' dir='ltr'>(ειείί</span> <span class='ocrx_word' id='word_1_45' title='bbox 711 856 976 920; x_wconf 85' lang='lat' dir='ltr'><strong>terraeque</strong></span> <span class='ocrx_word' id='word_1_46' title='bbox 1009 851 1372 927; x_wconf 83' lang='lat' dir='ltr'><strong>conditorem,</strong></span> <span class='ocrx_word' id='word_1_47' title='bbox 1407 861 1461 907; x_wconf 93' lang='lat' dir='ltr'><strong>et</strong></span> <span class='ocrx_word' id='word_1_48' title='bbox 1511 853 1567 908; x_wconf 91' lang='lat' dir='ltr'><strong>in</strong></span> <span class='ocrx_word' id='word_1_49' title='bbox 1602 854 1717 925; x_wconf 86' lang='lat' dir='ltr'><strong>lege</strong></span> <span class='ocrx_word' id='word_1_50' title='bbox 1760 856 2152 927; x_wconf 82' lang='lat' dir='ltr'><strong>pmphetisque</strong></span> 
     </span>
    </p>
   </div>
   <div class='ocr_carea' id='block_1_11' title="bbox 560 939 2147 1013">
    <p class='ocr_par' dir='ltr' id='par_1_11' title="bbox 560 939 2147 1013">
     <span class='ocr_line' id='line_1_11' title="bbox 560 939 2147 1013; baseline 0.008 -20"><span class='ocrx_word' id='word_1_51' title='bbox 560 939 822 1004; x_wconf 86' lang='lat' dir='ltr'><strong>locutum,</strong></span> <span class='ocrx_word' id='word_1_52' title='bbox 867 956 932 996; x_wconf 90' lang='lat' dir='ltr'><strong>ac</strong></span> <span class='ocrx_word' id='word_1_53' title='bbox 974 941 1210 1013; x_wconf 87' lang='lat' dir='ltr'><strong>denique</strong></span> <span class='ocrx_word' id='word_1_54' title='bbox 1254 943 1471 1000; x_wconf 86' lang='lat' dir='ltr'><strong>Patrem</strong></span> <span class='ocrx_word' id='word_1_55' title='bbox 1522 961 1646 1001; x_wconf 91' lang='lat' dir='ltr'><strong>esse</strong></span> <span class='ocrx_word' id='word_1_56' title='bbox 1681 963 1842 1002; x_wconf 90' lang='lat' dir='ltr'><strong>suum</strong></span> <span class='ocrx_word' id='word_1_57' title='bbox 1893 948 2147 1006; x_wconf 87' lang='lat' dir='ltr'><strong>aﬁirmat.</strong></span> 
     </span>
    </p>
   </div>
   <div class='ocr_carea' id='block_1_12' title="bbox 558 1030 2152 1106">
    <p class='ocr_par' dir='ltr' id='par_1_12' title="bbox 558 1030 2152 1106">
     <span class='ocr_line' id='line_1_12' title="bbox 558 1030 2152 1106; baseline 0.008 -22"><span class='ocrx_word' id='word_1_58' title='bbox 558 1030 634 1088; x_wconf 85' lang='lat' dir='ltr'><strong>De</strong></span> <span class='ocrx_word' id='word_1_59' title='bbox 672 1032 774 1089; x_wconf 91' lang='lat' dir='ltr'><strong>hoc</strong></span> <span class='ocrx_word' id='word_1_60' title='bbox 809 1034 975 1105; x_wconf 80' lang='lat' dir='ltr'><strong>igitur</strong></span> <span class='ocrx_word' id='word_1_61' title='bbox 1008 1044 1336 1106; x_wconf 88' lang='lat' dir='ltr'><strong>argumento</strong></span> <span class='ocrx_word' id='word_1_62' title='bbox 1370 1036 1588 1093; x_wconf 83' lang='lat' dir='ltr'><strong>brevem</strong></span> <span class='ocrx_word' id='word_1_63' title='bbox 1629 1039 1782 1094; x_wconf 79' lang='lat' dir='ltr'><strong>illum</strong></span> <span class='ocrx_word' id='word_1_64' title='bbox 1814 1051 2152 1098; x_wconf 84' lang='lat' dir='ltr'><strong>commenta-</strong></span> 
     </span>
    </p>
   </div>
   <div class='ocr_carea' id='block_1_13' title="bbox 558 1125 2150 1199">
    <p class='ocr_par' dir='ltr' id='par_1_13' title="bbox 558 1125 2150 1199">
     <span class='ocr_line' id='line_1_13' title="bbox 558 1125 2150 1199; baseline 0.006 -21"><span class='ocrx_word' id='word_1_65' title='bbox 558 1125 701 1179; x_wconf 83' lang='lat' dir='ltr'><strong>rium</strong></span> <span class='ocrx_word' id='word_1_66' title='bbox 750 1127 897 1181; x_wconf 90' lang='lat' dir='ltr'><strong>velut</strong></span> <span class='ocrx_word' id='word_1_67' title='bbox 948 1127 1156 1183; x_wconf 85' lang='lat' dir='ltr'><strong>scholia</strong></span> <span class='ocrx_word' id='word_1_68' title='bbox 1192 1128 1439 1198; x_wconf 64' lang='lat' dir='ltr'><strong>quaedam</strong></span> <span class='ocrx_word' id='word_1_69' title='bbox 1474 1129 1910 1199; x_wconf 87' lang='lat' dir='ltr'><strong>elaboravimus;</strong></span> <span class='ocrx_word' id='word_1_70' title='bbox 1944 1141 2150 1188; x_wconf 87' lang='lat' dir='ltr'><strong>totum-</strong></span> 
     </span>
    </p>
   </div>
   <div class='ocr_carea' id='block_1_14' title="bbox 557 1217 2153 1289">
    <p class='ocr_par' dir='ltr' id='par_1_14' title="bbox 557 1217 2153 1289">
     <span class='ocr_line' id='line_1_14' title="bbox 557 1217 2153 1289; baseline 0.007 -19"><span class='ocrx_word' id='word_1_71' title='bbox 557 1233 665 1287; x_wconf 84' lang='lat' dir='ltr'><strong>que</strong></span> <span class='ocrx_word' id='word_1_72' title='bbox 714 1217 859 1273; x_wconf 88' lang='lat' dir='ltr'><strong>istud</strong></span> <span class='ocrx_word' id='word_1_73' title='bbox 908 1234 1048 1289; x_wconf 89' lang='lat' dir='ltr'><strong>opus</strong></span> <span class='ocrx_word' id='word_1_74' title='bbox 1079 1235 1110 1275; x_wconf 93' lang='lat' dir='ltr'><strong>e</strong></span> <span class='ocrx_word' id='word_1_75' title='bbox 1147 1219 1440 1278; x_wconf 78' lang='lat' dir='ltr'><strong>Marcionis</strong></span> <span class='ocrx_word' id='word_1_76' title='bbox 1478 1222 1635 1278; x_wconf 88' lang='lat' dir='ltr'><strong>libris</strong></span> <span class='ocrx_word' id='word_1_77' title='bbox 1674 1223 1743 1278; x_wconf 88' lang='lat' dir='ltr'><strong>ad</strong></span> <span class='ocrx_word' id='word_1_78' title='bbox 1782 1225 2008 1281; x_wconf 83' lang='lat' dir='ltr'><strong>verbum</strong></span> <span class='ocrx_word' id='word_1_79' title='bbox 2056 1241 2153 1281; x_wconf 78' lang='lat' dir='ltr'><strong>ex-</strong></span> 
     </span>
    </p>
   </div>
   <div class='ocr_carea' id='block_1_15' title="bbox 557 1311 2153 1387">
    <p class='ocr_par' dir='ltr' id='par_1_15' title="bbox 557 1311 2153 1387">
     <span class='ocr_line' id='line_1_15' title="bbox 557 1311 2153 1387; baseline 0.006 -24"><span class='ocrx_word' id='word_1_80' title='bbox 557 1319 829 1380; x_wconf 89' lang='lat' dir='ltr'><strong>cerptum,</strong></span> <span class='ocrx_word' id='word_1_81' title='bbox 866 1311 947 1366; x_wconf 92' lang='lat' dir='ltr'><strong>sie</strong></span> <span class='ocrx_word' id='word_1_82' title='bbox 992 1320 1249 1382; x_wconf 82' lang='lat' dir='ltr'><strong>tanquam</strong></span> <span class='ocrx_word' id='word_1_83' title='bbox 1288 1314 1514 1382; x_wconf 82' lang='lat' dir='ltr'><strong>majoris</strong></span> <span class='ocrx_word' id='word_1_84' title='bbox 1565 1315 1801 1387; x_wconf 87' lang='lat' dir='ltr'><strong>alicujus</strong></span> <span class='ocrx_word' id='word_1_85' title='bbox 1857 1318 2035 1373; x_wconf 92' lang='lat' dir='ltr'><strong>solum</strong></span> <span class='ocrx_word' id='word_1_86' title='bbox 2087 1333 2153 1373; x_wconf 91' lang='lat' dir='ltr'><strong>ac</strong></span> 
     </span>
    </p>
   </div>
   <div class='ocr_carea' id='block_1_16' title="bbox 561 1396 2152 1480">
    <p class='ocr_par' dir='ltr' id='par_1_16' title="bbox 561 1396 2152 1480">
     <span class='ocr_line' id='line_1_16' title="bbox 561 1396 2152 1480; baseline 0.007 -27"><span class='ocrx_word' id='word_1_87' title='bbox 561 1396 994 1464; x_wconf 79' lang='lat' dir='ltr'><strong>fundamentum,</strong></span> <span class='ocrx_word' id='word_1_88' title='bbox 1029 1405 1415 1473; x_wconf 65' lang='lat' dir='ltr'><strong>praemisimus.</strong></span> <span class='ocrx_word' id='word_1_89' title='bbox 1460 1406 1567 1462; x_wconf 90' lang='lat' dir='ltr'><strong>Sed</strong></span> <span class='ocrx_word' id='word_1_90' title='bbox 1613 1423 1682 1464; x_wconf 90' lang='lat' dir='ltr'><strong>ne</strong></span> <span class='ocrx_word' id='word_1_91' title='bbox 1727 1409 1772 1465; x_wconf 92' lang='lat' dir='ltr'><strong>si</strong></span> <span class='ocrx_word' id='word_1_92' title='bbox 1819 1409 1952 1480; x_wconf 89' lang='lat' dir='ltr'><strong>quid</strong></span> <span class='ocrx_word' id='word_1_93' title='bbox 1992 1410 2047 1464; x_wconf 93' lang='lat' dir='ltr'><strong>in</strong></span> <span class='ocrx_word' id='word_1_94' title='bbox 2087 1425 2152 1466; x_wconf 92' lang='lat' dir='ltr'><strong>eo</strong></span> 
     </span>
    </p>
   </div>
   <div class='ocr_carea' id='block_1_17' title="bbox 556 1492 2153 1573">
    <p class='ocr_par' dir='ltr' id='par_1_17' title="bbox 556 1492 2153 1573">
     <span class='ocr_line' id='line_1_17' title="bbox 556 1492 2153 1573; baseline 0.008 -28"><span class='ocrx_word' id='word_1_95' title='bbox 556 1498 641 1547; x_wconf 81' lang='lat' dir='ltr'><strong>est</strong></span> <span class='ocrx_word' id='word_1_96' title='bbox 669 1492 736 1546; x_wconf 89' lang='lat' dir='ltr'><strong>ad</strong></span> <span class='ocrx_word' id='word_1_97' title='bbox 776 1493 1183 1563; x_wconf 89' lang='lat' dir='ltr'><strong>intelligendmn</strong></span> <span class='ocrx_word' id='word_1_98' title='bbox 1223 1496 1439 1554; x_wconf 79' lang='lat' dir='ltr'><strong>diﬁicile</strong></span> <span class='ocrx_word' id='word_1_99' title='bbox 1466 1500 1797 1569; x_wconf 81' lang='lat' dir='ltr'><strong>quibusdam</strong></span> <span class='ocrx_word' id='word_1_100' title='bbox 1828 1502 2153 1573; x_wconf 83' lang='lat' dir='ltr'><strong>ignorantiae</strong></span> 
     </span>
    </p>
   </div>
   <div class='ocr_carea' id='block_1_18' title="bbox 556 1582 2151 1664">
    <p class='ocr_par' dir='ltr' id='par_1_18' title="bbox 556 1582 2151 1664">
     <span class='ocr_line' id='line_1_18' title="bbox 556 1582 2151 1664; baseline 0.01 -31"><span class='ocrx_word' id='word_1_101' title='bbox 556 1582 796 1637; x_wconf 83' lang='lat' dir='ltr'><strong>tenebris</strong></span> <span class='ocrx_word' id='word_1_102' title='bbox 831 1585 1092 1639; x_wconf 90' lang='lat' dir='ltr'><strong>lectorum</strong></span> <span class='ocrx_word' id='word_1_103' title='bbox 1134 1587 1372 1642; x_wconf 89' lang='lat' dir='ltr'><strong>obducat</strong></span> <span class='ocrx_word' id='word_1_104' title='bbox 1403 1590 1640 1657; x_wconf 86' lang='lat' dir='ltr'><strong>animos,</strong></span> <span class='ocrx_word' id='word_1_105' title='bbox 1674 1593 1855 1662; x_wconf 87' lang='lat' dir='ltr'><strong>placet</strong></span> <span class='ocrx_word' id='word_1_106' title='bbox 1891 1592 2151 1664; x_wconf 86' lang='lat' dir='ltr'><strong>deinceps</strong></span> 
     </span>
    </p>
   </div>
   <div class='ocr_carea' id='block_1_19' title="bbox 558 1674 2150 1755">
    <p class='ocr_par' dir='ltr' id='par_1_19' title="bbox 558 1674 2150 1755">
     <span class='ocr_line' id='line_1_19' title="bbox 558 1674 2150 1755; baseline 0.007 -28"><span class='ocrx_word' id='word_1_107' title='bbox 558 1674 771 1744; x_wconf 85' lang='lat' dir='ltr'><strong>singula</strong></span> <span class='ocrx_word' id='word_1_108' title='bbox 796 1690 826 1730; x_wconf 84' lang='lat' dir='ltr'><strong>a</strong></span> <span class='ocrx_word' id='word_1_109' title='bbox 855 1692 941 1731; x_wconf 90' lang='lat' dir='ltr'><strong>me</strong></span> <span class='ocrx_word' id='word_1_110' title='bbox 972 1679 1251 1748; x_wconf 89' lang='lat' dir='ltr'><strong>proposita</strong></span> <span class='ocrx_word' id='word_1_111' title='bbox 1286 1682 1513 1751; x_wconf 87' lang='lat' dir='ltr'><strong>suisque</strong></span> <span class='ocrx_word' id='word_1_112' title='bbox 1543 1683 1716 1739; x_wconf 85' lang='lat' dir='ltr'><strong>titulis</strong></span> <span class='ocrx_word' id='word_1_113' title='bbox 1755 1684 2020 1755; x_wconf 88' lang='lat' dir='ltr'><strong>inscripta</strong></span> <span class='ocrx_word' id='word_1_114' title='bbox 2055 1700 2150 1739; x_wconf 83' lang='lat' dir='ltr'><strong>ca-</strong></span> 
     </span>
    </p>
   </div>
   <div class='ocr_carea' id='block_1_20' title="bbox 2252 489 3841 565">
    <p class='ocr_par' dir='ltr' id='par_1_20' title="bbox 2252 489 3841 565">
     <span class='ocr_line' id='line_1_20' title="bbox 2252 489 3841 565; baseline 0.004 -23"><span class='ocrx_word' id='word_1_115' title='bbox 2252 489 2348 543; x_wconf 79' lang='grc' dir='ltr'>τοῦ</span> <span class='ocrx_word' id='word_1_116' title='bbox 2378 491 2634 564; x_wconf 76' lang='grc' dir='ltr'><strong>Σωτῆρος</strong></span> <span class='ocrx_word' id='word_1_117' title='bbox 2672 492 2768 545; x_wconf 76' lang='grc' dir='ltr'><strong>καὶ</strong></span> <span class='ocrx_word' id='word_1_118' title='bbox 2805 493 3112 564; x_wconf 79' lang='grc' dir='ltr'><strong>μαρτυρίας</strong></span> <span class='ocrx_word' id='word_1_119' title='bbox 3144 497 3461 564; x_wconf 74' lang='grc' dir='ltr'><strong>συμφωνίας</strong></span> <span class='ocrx_word' id='word_1_120' title='bbox 3502 493 3603 564; x_wconf 82' lang='grc' dir='ltr'>τῆς</span> <span class='ocrx_word' id='word_1_121' title='bbox 3633 496 3841 565; x_wconf 77' lang='grc' dir='ltr'>Καινῆς</span> 
     </span>
    </p>
   </div>
   <div class='ocr_carea' id='block_1_21' title="bbox 2253 582 3838 656">
    <p class='ocr_par' dir='ltr' id='par_1_21' title="bbox 2253 582 3838 656">
     <span class='ocr_line' id='line_1_21' title="bbox 2253 582 3838 656; baseline 0.002 -21"><span class='ocrx_word' id='word_1_122' title='bbox 2253 582 2392 653; x_wconf 77' lang='grc' dir='ltr'>πρὸς</span> <span class='ocrx_word' id='word_1_123' title='bbox 2417 583 2664 638; x_wconf 78' lang='grc' dir='ltr'>Παλαιὰν</span> <span class='ocrx_word' id='word_1_124' title='bbox 2685 583 2986 656; x_wconf 84' lang='grc' dir='ltr'>Διαθήκην,</span> <span class='ocrx_word' id='word_1_125' title='bbox 3012 584 3109 639; x_wconf 79' lang='grc' dir='ltr'><strong>καὶ</strong></span> <span class='ocrx_word' id='word_1_126' title='bbox 3137 585 3430 655; x_wconf 81' lang='grc' dir='ltr'><strong>ὁμολογίας</strong></span> <span class='ocrx_word' id='word_1_127' title='bbox 3458 583 3555 639; x_wconf 78' lang='grc' dir='ltr'>τοῦ</span> <span class='ocrx_word' id='word_1_128' title='bbox 3587 585 3718 638; x_wconf 82' lang='grc' dir='ltr'>Υἱοῦ</span> <span class='ocrx_word' id='word_1_129' title='bbox 3743 586 3838 639; x_wconf 81' lang='grc' dir='ltr'><strong>τοῦ</strong></span> 
     </span>
    </p>
   </div>
   <div class='ocr_carea' id='block_1_22' title="bbox 2251 672 3836 748">
    <p class='ocr_par' dir='ltr' id='par_1_22' title="bbox 2251 672 3836 748">
     <span class='ocr_line' id='line_1_22' title="bbox 2251 672 3836 748; baseline 0.003 -22"><span class='ocrx_word' id='word_1_130' title='bbox 2251 672 2388 727; x_wconf 80' lang='grc' dir='ltr'>Θεοῦ</span> <span class='ocrx_word' id='word_1_131' title='bbox 2418 675 2476 727; x_wconf 84' lang='grc' dir='ltr'>ὲν</span> <span class='ocrx_word' id='word_1_132' title='bbox 2507 674 2588 745; x_wconf 80' lang='grc' dir='ltr'><strong>τῷ</strong></span> <span class='ocrx_word' id='word_1_133' title='bbox 2616 675 2934 747; x_wconf 82' lang='grc' dir='ltr'>Εὐαγγελίῳ</span> <span class='ocrx_word' id='word_1_134' title='bbox 2961 676 3356 748; x_wconf 81' lang='grc' dir='ltr'>ὁμολογοῦντος</span> <span class='ocrx_word' id='word_1_135' title='bbox 3382 677 3474 731; x_wconf 82' lang='grc' dir='ltr'>τὸν</span> <span class='ocrx_word' id='word_1_136' title='bbox 3507 676 3641 730; x_wconf 75' lang='grc' dir='ltr'>Θεὸν</span> <span class='ocrx_word' id='word_1_137' title='bbox 3680 692 3836 748; x_wconf 58' lang='lat' dir='ltr'><strong>mtu-</strong></span> 
     </span>
    </p>
   </div>
   <div class='ocr_carea' id='block_1_23' title="bbox 2251 764 3833 838">
    <p class='ocr_par' dir='ltr' id='par_1_23' title="bbox 2251 764 3833 838">
     <span class='ocr_line' id='line_1_23' title="bbox 2251 764 3833 838; baseline 0.004 -22"><span class='ocrx_word' id='word_1_138' title='bbox 2251 764 2351 835; x_wconf 84' lang='grc' dir='ltr'>τὴν</span> <span class='ocrx_word' id='word_1_139' title='bbox 2380 765 2613 837; x_wconf 82' lang='grc' dir='ltr'>ούρανοῦ</span> <span class='ocrx_word' id='word_1_140' title='bbox 2647 784 2706 820; x_wconf 91' lang='grc' dir='ltr'><strong>τε</strong></span> <span class='ocrx_word' id='word_1_141' title='bbox 2736 768 2830 820; x_wconf 75' lang='grc' dir='ltr'><strong>καὶ</strong></span> <span class='ocrx_word' id='word_1_142' title='bbox 2864 767 2968 837; x_wconf 81' lang='grc' dir='ltr'>τῆς</span> <span class='ocrx_word' id='word_1_143' title='bbox 2995 767 3120 838; x_wconf 85' lang='grc' dir='ltr'>γῆς,</span> <span class='ocrx_word' id='word_1_144' title='bbox 3162 768 3329 821; x_wconf 81' lang='grc' dir='ltr'>αὐτόν</span> <span class='ocrx_word' id='word_1_145' title='bbox 3353 784 3414 820; x_wconf 88' lang='grc' dir='ltr'><strong>τε</strong></span> <span class='ocrx_word' id='word_1_146' title='bbox 3448 767 3757 838; x_wconf 79' lang='grc' dir='ltr'>λαλήσαντα</span> <span class='ocrx_word' id='word_1_147' title='bbox 3782 770 3833 822; x_wconf 68' lang='grc' dir='ltr'>ὲν</span> 
     </span>
    </p>
   </div>
   <div class='ocr_carea' id='block_1_24' title="bbox 2254 832 3841 930">
    <p class='ocr_par' dir='ltr' id='par_1_24' title="bbox 2254 832 3841 930">
     <span class='ocr_line' id='line_1_24' title="bbox 2254 832 3841 930; baseline 0.003 -21"><span class='ocrx_word' id='word_1_148' title='bbox 2254 832 2405 927; x_wconf 63' lang='grc' dir='ltr'>νόμῳ</span> <span class='ocrx_word' id='word_1_149' title='bbox 2443 832 2538 911; x_wconf 58' lang='lat' dir='ltr'><strong>nail</strong></span> <span class='ocrx_word' id='word_1_150' title='bbox 2584 860 2642 910; x_wconf 81' lang='grc' dir='ltr'>ἐν</span> <span class='ocrx_word' id='word_1_151' title='bbox 2682 832 3023 930; x_wconf 52' lang='grc' dir='ltr'><strong>προφήταιςζ</strong></span> <span class='ocrx_word' id='word_1_152' title='bbox 3054 832 3203 914; x_wconf 42' lang='grc' dir='ltr'>’ἴδιον</span> <span class='ocrx_word' id='word_1_153' title='bbox 3235 859 3294 912; x_wconf 82' lang='grc' dir='ltr'>δὲ</span> <span class='ocrx_word' id='word_1_154' title='bbox 3340 859 3527 913; x_wconf 82' lang='grc' dir='ltr'>τοῦτον</span> <span class='ocrx_word' id='word_1_155' title='bbox 3555 832 3692 915; x_wconf 72' lang='grc' dir='ltr'>εἶναι</span> <span class='ocrx_word' id='word_1_156' title='bbox 3730 832 3841 930; x_wconf 46' lang='grc' dir='ltr'><strong>Παέ</strong></span> 
     </span>
    </p>
   </div>
   <div class='ocr_carea' id='block_1_25' title="bbox 2253 918 3854 1021">
    <p class='ocr_par' dir='ltr' id='par_1_25' title="bbox 2253 918 3854 1021">
     <span class='ocr_line' id='line_1_25' title="bbox 2253 918 3854 1021; baseline 0.003 -21"><span class='ocrx_word' id='word_1_157' title='bbox 2253 918 2390 1018; x_wconf 76' lang='grc' dir='ltr'>τέρα</span> <span class='ocrx_word' id='word_1_158' title='bbox 2418 947 2611 1001; x_wconf 74' lang='grc' dir='ltr'>αὐτοῦ.</span> <span class='ocrx_word' id='word_1_159' title='bbox 2648 918 2761 1002; x_wconf 75' lang='grc' dir='ltr'><strong>Καὶ</strong></span> <span class='ocrx_word' id='word_1_160' title='bbox 2799 918 2938 1020; x_wconf 74' lang='grc' dir='ltr'>αύτη</span> <span class='ocrx_word' id='word_1_161' title='bbox 2966 918 3066 1020; x_wconf 68' lang='grc' dir='ltr'>τῆς</span> <span class='ocrx_word' id='word_1_162' title='bbox 3100 949 3499 1021; x_wconf 82' lang='grc' dir='ltr'><strong>προειρημένης</strong></span> <span class='ocrx_word' id='word_1_163' title='bbox 3531 950 3684 1020; x_wconf 78' lang='grc' dir='ltr'>ὑμῶν</span> <span class='ocrx_word' id='word_1_164' title='bbox 3710 918 3854 1005; x_wconf 43' lang='grc' dir='ltr'>ὑπο-λ</span> 
     </span>
    </p>
   </div>
   <div class='ocr_carea' id='block_1_26' title="bbox 2253 1037 3836 1116">
    <p class='ocr_par' dir='ltr' id='par_1_26' title="bbox 2253 1037 3836 1116">
     <span class='ocr_line' id='line_1_26' title="bbox 2253 1037 3836 1116; baseline 0.003 -25"><span class='ocrx_word' id='word_1_165' title='bbox 2253 1037 2456 1103; x_wconf 80' lang='grc' dir='ltr'><strong>θέσεως</strong></span> <span class='ocrx_word' id='word_1_166' title='bbox 2499 1041 2532 1111; x_wconf 83' lang='grc' dir='ltr'><strong>ἡ</strong></span> <span class='ocrx_word' id='word_1_167' title='bbox 2582 1040 3053 1111; x_wconf 86' lang='grc' dir='ltr'>σχολιοποιηθεῖσα</span> <span class='ocrx_word' id='word_1_168' title='bbox 3099 1041 3364 1112; x_wconf 89' lang='grc' dir='ltr'>σύντομος</span> <span class='ocrx_word' id='word_1_169' title='bbox 3417 1043 3836 1116; x_wconf 80' lang='grc' dir='ltr'>ὑπομνηματικὴ</span> 
     </span>
    </p>
   </div>
   <div class='ocr_carea' id='block_1_27' title="bbox 2253 1131 3834 1206">
    <p class='ocr_par' dir='ltr' id='par_1_27' title="bbox 2253 1131 3834 1206">
     <span class='ocr_line' id='line_1_27' title="bbox 2253 1131 3834 1206; baseline 0.003 -22"><span class='ocrx_word' id='word_1_170' title='bbox 2253 1131 2315 1196; x_wconf 81' lang='grc' dir='ltr'>ἐξ</span> <span class='ocrx_word' id='word_1_171' title='bbox 2345 1132 2698 1204; x_wconf 80' lang='grc' dir='ltr'>ἀντιγράφων</span> <span class='ocrx_word' id='word_1_172' title='bbox 2731 1133 2826 1188; x_wconf 82' lang='grc' dir='ltr'><strong>τοῦ</strong></span> <span class='ocrx_word' id='word_1_173' title='bbox 2859 1133 3185 1206; x_wconf 77' lang='grc' dir='ltr'><strong>Μαρκίωνος</strong></span> <span class='ocrx_word' id='word_1_174' title='bbox 3230 1134 3479 1200; x_wconf 79' lang='grc' dir='ltr'><strong>σύνταξις</strong></span> <span class='ocrx_word' id='word_1_175' title='bbox 3517 1136 3657 1206; x_wconf 84' lang='grc' dir='ltr'>πρὸς</span> <span class='ocrx_word' id='word_1_176' title='bbox 3686 1135 3834 1203; x_wconf 76' lang='grc' dir='ltr'>ἔπος,</span> 
     </span>
    </p>
   </div>
   <div class='ocr_carea' id='block_1_28' title="bbox 2251 1221 3835 1300">
    <p class='ocr_par' dir='ltr' id='par_1_28' title="bbox 2251 1221 3835 1300">
     <span class='ocr_line' id='line_1_28' title="bbox 2251 1221 3835 1300; baseline 0.004 -25"><span class='ocrx_word' id='word_1_177' title='bbox 2251 1221 2328 1287; x_wconf 86' lang='grc' dir='ltr'>ὡς</span> <span class='ocrx_word' id='word_1_178' title='bbox 2360 1222 2581 1293; x_wconf 79' lang='grc' dir='ltr'>ὲδάφιον</span> <span class='ocrx_word' id='word_1_179' title='bbox 2606 1226 2739 1295; x_wconf 81' lang='grc' dir='ltr'>ἡμῖν</span> <span class='ocrx_word' id='word_1_180' title='bbox 2769 1226 3155 1297; x_wconf 88' lang='grc' dir='ltr'>γεγραμμένη.</span> <span class='ocrx_word' id='word_1_181' title='bbox 3185 1227 3304 1280; x_wconf 87' lang='grc' dir='ltr'>’Ίνα</span> <span class='ocrx_word' id='word_1_182' title='bbox 3333 1226 3389 1279; x_wconf 81' lang='grc' dir='ltr'>δὲ</span> <span class='ocrx_word' id='word_1_183' title='bbox 3424 1227 3498 1298; x_wconf 83' lang='grc' dir='ltr'>μὴ</span> <span class='ocrx_word' id='word_1_184' title='bbox 3524 1227 3590 1281; x_wconf 76' lang='grc' dir='ltr'>τὰ</span> <span class='ocrx_word' id='word_1_185' title='bbox 3614 1230 3674 1281; x_wconf 79' lang='grc' dir='ltr'>ὲν</span> <span class='ocrx_word' id='word_1_186' title='bbox 3700 1228 3835 1300; x_wconf 78' lang='grc' dir='ltr'>αὐτῇ</span> 
     </span>
    </p>
   </div>
   <div class='ocr_carea' id='block_1_29' title="bbox 2251 1311 3839 1387">
    <p class='ocr_par' dir='ltr' id='par_1_29' title="bbox 2251 1311 3839 1387">
     <span class='ocr_line' id='line_1_29' title="bbox 2251 1311 3839 1387; baseline 0.003 -21"><span class='ocrx_word' id='word_1_187' title='bbox 2251 1311 2522 1383; x_wconf 83' lang='grc' dir='ltr'>δυσνόητα</span> <span class='ocrx_word' id='word_1_188' title='bbox 2578 1314 2734 1384; x_wconf 85' lang='grc' dir='ltr'><strong>παρά</strong></span> <span class='ocrx_word' id='word_1_189' title='bbox 2780 1331 2893 1367; x_wconf 89' lang='grc' dir='ltr'>τισι</span> <span class='ocrx_word' id='word_1_190' title='bbox 2941 1315 3234 1379; x_wconf 76' lang='grc' dir='ltr'><strong>σκοτεινῶς</strong></span> <span class='ocrx_word' id='word_1_191' title='bbox 3281 1316 3622 1387; x_wconf 81' lang='grc' dir='ltr'>ἀγνοούμενα</span> <span class='ocrx_word' id='word_1_192' title='bbox 3673 1318 3839 1387; x_wconf 74' lang='grc' dir='ltr'>ἐμφέ-</span> 
     </span>
    </p>
   </div>
   <div class='ocr_carea' id='block_1_30' title="bbox 2258 1400 3838 1479">
    <p class='ocr_par' dir='ltr' id='par_1_30' title="bbox 2258 1400 3838 1479">
     <span class='ocr_line' id='line_1_30' title="bbox 2258 1400 3838 1479; baseline 0.003 -22"><span class='ocrx_word' id='word_1_193' title='bbox 2258 1420 2451 1475; x_wconf 89' lang='grc' dir='ltr'>ρηται,</span> <span class='ocrx_word' id='word_1_194' title='bbox 2487 1400 2645 1468; x_wconf 81' lang='grc' dir='ltr'>αὖθις</span> <span class='ocrx_word' id='word_1_195' title='bbox 2682 1404 2847 1459; x_wconf 82' lang='grc' dir='ltr'>πάλιν</span> <span class='ocrx_word' id='word_1_196' title='bbox 2879 1407 3007 1470; x_wconf 83' lang='grc' dir='ltr'>τοὺς</span> <span class='ocrx_word' id='word_1_197' title='bbox 3049 1406 3318 1478; x_wconf 80' lang='grc' dir='ltr'>ἀριθμοὺς</span> <span class='ocrx_word' id='word_1_198' title='bbox 3355 1407 3464 1460; x_wconf 82' lang='grc' dir='ltr'><strong>τῶν</strong></span> <span class='ocrx_word' id='word_1_199' title='bbox 3496 1408 3838 1479; x_wconf 79' lang='grc' dir='ltr'>ἐπιγραφῶν,</span> 
     </span>
    </p>
   </div>
   <div class='ocr_carea' id='block_1_31' title="bbox 2255 1496 3839 1571">
    <p class='ocr_par' dir='ltr' id='par_1_31' title="bbox 2255 1496 3839 1571">
     <span class='ocr_line' id='line_1_31' title="bbox 2255 1496 3839 1571; baseline 0.003 -21"><span class='ocrx_word' id='word_1_200' title='bbox 2255 1496 2473 1569; x_wconf 83' lang='grc' dir='ltr'>πρώτου</span> <span class='ocrx_word' id='word_1_201' title='bbox 2527 1497 2673 1569; x_wconf 78' lang='grc' dir='ltr'>φημὶ</span> <span class='ocrx_word' id='word_1_202' title='bbox 2719 1498 2815 1551; x_wconf 70' lang='grc' dir='ltr'><strong>καὶ</strong></span> <span class='ocrx_word' id='word_1_203' title='bbox 2869 1497 3124 1570; x_wconf 82' lang='grc' dir='ltr'>δευτέρου</span> <span class='ocrx_word' id='word_1_204' title='bbox 3166 1500 3260 1553; x_wconf 75' lang='grc' dir='ltr'><strong>καὶ</strong></span> <span class='ocrx_word' id='word_1_205' title='bbox 3311 1500 3492 1571; x_wconf 79' lang='grc' dir='ltr'>τρίτου</span> <span class='ocrx_word' id='word_1_206' title='bbox 3546 1500 3839 1570; x_wconf 78' lang='grc' dir='ltr'>κεφαλαίου</span> 
     </span>
    </p>
   </div>
   <div class='ocr_carea' id='block_1_32' title="bbox 2254 1588 3841 1663">
    <p class='ocr_par' dir='ltr' id='par_1_32' title="bbox 2254 1588 3841 1663">
     <span class='ocr_line' id='line_1_32' title="bbox 2254 1588 3841 1663; baseline 0.003 -22"><span class='ocrx_word' id='word_1_207' title='bbox 2254 1588 2378 1641; x_wconf 84' lang='grc' dir='ltr'>καθ’</span> <span class='ocrx_word' id='word_1_208' title='bbox 2424 1589 2618 1662; x_wconf 78' lang='grc' dir='ltr'>εἱρμὸν</span> <span class='ocrx_word' id='word_1_209' title='bbox 2662 1588 2940 1653; x_wconf 82' lang='grc' dir='ltr'>ὲπιλύσω,</span> <span class='ocrx_word' id='word_1_210' title='bbox 2987 1589 3055 1643; x_wconf 84' lang='grc' dir='ltr'><strong>δι’</strong></span> <span class='ocrx_word' id='word_1_211' title='bbox 3093 1590 3162 1663; x_wconf 70' lang='grc' dir='ltr'>ἢν</span> <span class='ocrx_word' id='word_1_212' title='bbox 3210 1591 3392 1647; x_wconf 80' lang='grc' dir='ltr'>αἰτίαν</span> <span class='ocrx_word' id='word_1_213' title='bbox 3440 1592 3649 1663; x_wconf 79' lang='grc' dir='ltr'><strong>ἑκάστη</strong></span> <span class='ocrx_word' id='word_1_214' title='bbox 3699 1592 3841 1659; x_wconf 80' lang='grc' dir='ltr'>λέξις</span> 
     </span>
    </p>
   </div>
   <div class='ocr_carea' id='block_1_33' title="bbox 2254 1679 3839 1755">
    <p class='ocr_par' dir='ltr' id='par_1_33' title="bbox 2254 1679 3839 1755">
     <span class='ocr_line' id='line_1_33' title="bbox 2254 1679 3839 1755; baseline 0.003 -22"><span class='ocrx_word' id='word_1_215' title='bbox 2254 1679 2539 1751; x_wconf 77' lang='grc' dir='ltr'>ἀνελέχθη,</span> <span class='ocrx_word' id='word_1_216' title='bbox 2577 1680 2671 1733; x_wconf 74' lang='grc' dir='ltr'><strong>καὶ</strong></span> <span class='ocrx_word' id='word_1_217' title='bbox 2709 1681 2945 1737; x_wconf 77' lang='grc' dir='ltr'>ἐνταῦθα</span> <span class='ocrx_word' id='word_1_218' title='bbox 2989 1682 3322 1755; x_wconf 77' lang='grc' dir='ltr'>μετεϐλήθη.</span> <span class='ocrx_word' id='word_1_219' title='bbox 3349 1681 3621 1755; x_wconf 81' lang='grc' dir='ltr'>Ἀρξομαι</span> <span class='ocrx_word' id='word_1_220' title='bbox 3661 1683 3718 1738; x_wconf 81' lang='grc' dir='ltr'>δὲ</span> <span class='ocrx_word' id='word_1_221' title='bbox 3745 1683 3839 1737; x_wconf 74' lang='grc' dir='ltr'>τοῦ</span> 
     </span>
    </p>
   </div>
   <div class='ocr_carea' id='block_1_34' title="bbox 558 1763 2153 1843">
    <p class='ocr_par' dir='ltr' id='par_1_34' title="bbox 558 1763 2153 1843">
     <span class='ocr_line' id='line_1_34' title="bbox 558 1763 2153 1843; baseline 0.006 -27"><span class='ocrx_word' id='word_1_222' title='bbox 558 1763 691 1833; x_wconf 81' lang='lat' dir='ltr'><strong>pita,</strong></span> <span class='ocrx_word' id='word_1_223' title='bbox 751 1765 1011 1834; x_wconf 88' lang='lat' dir='ltr'><strong>primum,</strong></span> <span class='ocrx_word' id='word_1_224' title='bbox 1067 1769 1369 1825; x_wconf 86' lang='lat' dir='ltr'><strong>secundum</strong></span> <span class='ocrx_word' id='word_1_225' title='bbox 1435 1785 1500 1824; x_wconf 89' lang='lat' dir='ltr'><strong>ac</strong></span> <span class='ocrx_word' id='word_1_226' title='bbox 1553 1772 1779 1826; x_wconf 89' lang='lat' dir='ltr'><strong>tertium</strong></span> <span class='ocrx_word' id='word_1_227' title='bbox 1832 1773 2153 1843; x_wconf 83' lang='lat' dir='ltr'><strong>explicando</strong></span> 
     </span>
    </p>
   </div>
   <div class='ocr_carea' id='block_1_35' title="bbox 2255 1763 2665 1843">
    <p class='ocr_par' dir='ltr' id='par_1_35' title="bbox 2258 1772 2665 1843">
     <span class='ocr_line' id='line_1_35' title="bbox 2258 1772 2665 1843; baseline 0.007 -17"><span class='ocrx_word' id='word_1_228' title='bbox 2258 1773 2440 1843; x_wconf 90' lang='grc' dir='ltr'>λέγειν</span> <span class='ocrx_word' id='word_1_229' title='bbox 2471 1772 2665 1836; x_wconf 78' lang='grc' dir='ltr'>οὕτως.</span> 
     </span>
    </p>
   </div>
   <div class='ocr_carea' id='block_1_36' title="bbox 558 1861 3841 1939">
    <p class='ocr_par' dir='ltr' id='par_1_36' title="bbox 558 1861 3841 1939">
     <span class='ocr_line' id='line_1_36' title="bbox 558 1861 3841 1939; baseline 0.005 -31"><span class='ocrx_word' id='word_1_230' title='bbox 558 1863 829 1921; x_wconf 89' lang='lat' dir='ltr'><strong>tractare,</strong></span> <span class='ocrx_word' id='word_1_231' title='bbox 869 1873 1202 1930; x_wconf 87' lang='lat' dir='ltr'><strong>causamque</strong></span> <span class='ocrx_word' id='word_1_232' title='bbox 1267 1861 1665 1931; x_wconf 89' lang='lat' dir='ltr'><strong>demonstrare,</strong></span> <span class='ocrx_word' id='word_1_233' title='bbox 1715 1874 1937 1937; x_wconf 88' lang='lat' dir='ltr'><strong>pr0pter</strong></span> <span class='ocrx_word' id='word_1_234' title='bbox 1982 1881 2147 1937; x_wconf 88' lang='lat' dir='ltr'><strong>quam</strong></span> <span class='ocrx_word' id='word_1_235' title='bbox 2186 1883 2529 1939; x_wconf 80' lang='lat' dir='ltr'><strong>unaquaeque</strong></span> <span class='ocrx_word' id='word_1_236' title='bbox 2553 1867 2762 1930; x_wconf 85' lang='lat' dir='ltr'><strong>delecta</strong></span> <span class='ocrx_word' id='word_1_237' title='bbox 2824 1885 2931 1926; x_wconf 82' lang='lat' dir='ltr'><strong>vox</strong></span> <span class='ocrx_word' id='word_1_238' title='bbox 2963 1878 3068 1937; x_wconf 91' lang='lat' dir='ltr'><strong>est,</strong></span> <span class='ocrx_word' id='word_1_239' title='bbox 3105 1879 3158 1926; x_wconf 87' lang='lat' dir='ltr'><strong>et</strong></span> <span class='ocrx_word' id='word_1_240' title='bbox 3190 1870 3259 1926; x_wconf 88' lang='lat' dir='ltr'><strong>ab</strong></span> <span class='ocrx_word' id='word_1_241' title='bbox 3322 1870 3415 1926; x_wconf 91' lang='lat' dir='ltr'><strong>illo</strong></span> <span class='ocrx_word' id='word_1_242' title='bbox 3450 1877 3679 1925; x_wconf 87' lang='lat' dir='ltr'><strong>mutata.</strong></span> <span class='ocrx_word' id='word_1_243' title='bbox 3707 1868 3841 1926; x_wconf 81' lang='lat' dir='ltr'><strong>Hinc</strong></span> 
     </span>
    </p>
   </div>
   <div class='ocr_carea' id='block_1_37' title="bbox 558 1945 1577 2019">
    <p class='ocr_par' dir='ltr' id='par_1_37' title="bbox 558 1945 1577 2019">
     <span class='ocr_line' id='line_1_37' title="bbox 558 1945 1577 2019; baseline 0.012 -21"><span class='ocrx_word' id='word_1_244' title='bbox 558 1945 723 2015; x_wconf 77' lang='lat' dir='ltr'><strong>igitur</strong></span> <span class='ocrx_word' id='word_1_245' title='bbox 753 1947 1068 2019; x_wconf 87' lang='lat' dir='ltr'><strong>disputandi</strong></span> <span class='ocrx_word' id='word_1_246' title='bbox 1108 1950 1323 2006; x_wconf 89' lang='lat' dir='ltr'><strong>initium</strong></span> <span class='ocrx_word' id='word_1_247' title='bbox 1356 1952 1577 2010; x_wconf 81' lang='lat' dir='ltr'><strong>faciam.</strong></span> 
     </span>
    </p>
   </div>
   <div class='ocr_carea' id='block_1_38' title="bbox 711 2062 1994 2142">
    <p class='ocr_par' dir='ltr' id='par_1_38' title="bbox 711 2062 1994 2142">
     <span class='ocr_line' id='line_1_38' title="bbox 711 2062 1994 2142; baseline 0.01 -25"><span class='ocrx_word' id='word_1_248' title='bbox 711 2062 971 2120; x_wconf 89' lang='lat' dir='ltr'><strong>Scholion</strong></span> <span class='ocrx_word' id='word_1_249' title='bbox 999 2082 1066 2122; x_wconf 80' lang='lat' dir='ltr'><strong>ex</strong></span> <span class='ocrx_word' id='word_1_250' title='bbox 1099 2066 1397 2139; x_wconf 81' lang='lat' dir='ltr'><strong>Evangelia</strong></span> <span class='ocrx_word' id='word_1_251' title='bbox 1425 2087 1535 2142; x_wconf 90' lang='lat' dir='ltr'><strong>quo</strong></span> <span class='ocrx_word' id='word_1_252' title='bbox 1564 2072 1770 2130; x_wconf 84' lang='lat' dir='ltr'><strong>Marcio</strong></span> <span class='ocrx_word' id='word_1_253' title='bbox 1802 2075 1994 2131; x_wconf 88' lang='lat' dir='ltr'><strong>utitur.</strong></span> 
     </span>
    </p>
   </div>
   <div class='ocr_carea' id='block_1_39' title="bbox 629 2264 2155 2350">
    <p class='ocr_par' dir='ltr' id='par_1_39' title="bbox 629 2264 2155 2350">
     <span class='ocr_line' id='line_1_39' title="bbox 629 2264 2155 2350; baseline 0.011 -33"><span class='ocrx_word' id='word_1_254' title='bbox 629 2265 678 2317; x_wconf 80' lang='lat' dir='ltr'><strong>i.</strong></span> <span class='ocrx_word' id='word_1_255' title='bbox 725 2264 886 2329; x_wconf 82' lang='lat' dir='ltr'><strong>Vade,</strong></span> <span class='ocrx_word' id='word_1_256' title='bbox 918 2268 1133 2323; x_wconf 79' lang='lat' dir='ltr'><strong>ostende</strong></span> <span class='ocrx_word' id='word_1_257' title='bbox 1179 2281 1228 2324; x_wconf 82' lang='lat' dir='ltr'><strong>te</strong></span> <span class='ocrx_word' id='word_1_258' title='bbox 1271 2273 1559 2341; x_wconf 82' lang='lat' dir='ltr'><strong>sacerdoti,</strong></span> <span class='ocrx_word' id='word_1_259' title='bbox 1594 2287 1643 2331; x_wconf 88' lang='lat' dir='ltr'><strong>et</strong></span> <span class='ocrx_word' id='word_1_260' title='bbox 1673 2277 1805 2345; x_wconf 80' lang='lat' dir='ltr'><strong>o/fer</strong></span> <span class='ocrx_word' id='word_1_261' title='bbox 1831 2292 1926 2345; x_wconf 80' lang='lat' dir='ltr'><strong>pro</strong></span> <span class='ocrx_word' id='word_1_262' title='bbox 1965 2294 2155 2350; x_wconf 86' lang='lat' dir='ltr'><strong>purga-</strong></span> 
     </span>
    </p>
   </div>
   <div class='ocr_carea' id='block_1_40' title="bbox 558 2356 2151 2435">
    <p class='ocr_par' dir='ltr' id='par_1_40' title="bbox 558 2356 2151 2435">
     <span class='ocr_line' id='line_1_40' title="bbox 558 2356 2151 2435; baseline 0.01 -29"><span class='ocrx_word' id='word_1_263' title='bbox 558 2356 695 2409; x_wconf 80' lang='lat' dir='ltr'><strong>tione</strong></span> <span class='ocrx_word' id='word_1_264' title='bbox 725 2365 837 2422; x_wconf 85' lang='lat' dir='ltr'><strong>tua,</strong></span> <span class='ocrx_word' id='word_1_265' title='bbox 869 2358 1007 2412; x_wconf 78' lang='lat' dir='ltr'><strong>sicut</strong></span> <span class='ocrx_word' id='word_1_266' title='bbox 1035 2363 1283 2431; x_wconf 78' lang='lat' dir='ltr'><strong>prwcepit</strong></span> <span class='ocrx_word' id='word_1_267' title='bbox 1325 2362 1559 2435; x_wconf 77' lang='lat' dir='ltr'><strong>Moyses.</strong></span> <span class='ocrx_word' id='word_1_268' title='bbox 1591 2375 1650 2419; x_wconf 89' lang='lat' dir='ltr'><strong>ut</strong></span> <span class='ocrx_word' id='word_1_269' title='bbox 1698 2368 1768 2421; x_wconf 89' lang='lat' dir='ltr'><strong>sit</strong></span> <span class='ocrx_word' id='word_1_270' title='bbox 1798 2368 2151 2423; x_wconf 77' lang='lat' dir='ltr'><strong>testimonium</strong></span> 
     </span>
    </p>
   </div>
   <div class='ocr_carea' id='block_1_41' title="bbox 556 2448 899 2506">
    <p class='ocr_par' dir='ltr' id='par_1_41' title="bbox 556 2448 899 2506">
     <span class='ocr_line' id='line_1_41' title="bbox 556 2448 899 2506; baseline 0.017 -6"><span class='ocrx_word' id='word_1_271' title='bbox 556 2448 652 2502; x_wconf 84' lang='lat' dir='ltr'><strong>hoc</strong></span> <span class='ocrx_word' id='word_1_272' title='bbox 686 2450 826 2503; x_wconf 80' lang='lat' dir='ltr'><strong>vobis</strong></span> <span class='ocrx_word' id='word_1_273' title='bbox 861 2451 899 2506; x_wconf 81' lang='lat'><strong>‘.</strong></span> 
     </span>
    </p>
   </div>
   <div class='ocr_carea' id='block_1_42' title="bbox 627 2628 2146 2715">
    <p class='ocr_par' dir='ltr' id='par_1_42' title="bbox 627 2628 2146 2715">
     <span class='ocr_line' id='line_1_42' title="bbox 627 2628 2146 2715; baseline 0.011 -32"><span class='ocrx_word' id='word_1_274' title='bbox 627 2628 907 2685; x_wconf 79' lang='lat' dir='ltr'><strong>Refutatio</strong></span> <span class='ocrx_word' id='word_1_275' title='bbox 946 2632 998 2687; x_wconf 80' lang='grc'><strong>1.</strong></span> <span class='ocrx_word' id='word_1_276' title='bbox 1029 2631 1287 2692; x_wconf 87' lang='lat' dir='ltr'><strong>Potuitne</strong></span> <span class='ocrx_word' id='word_1_277' title='bbox 1317 2635 1601 2705; x_wconf 89' lang='lat' dir='ltr'><strong>Dominus,</strong></span> <span class='ocrx_word' id='word_1_278' title='bbox 1640 2641 1688 2697; x_wconf 92' lang='lat' dir='ltr'><strong>si</strong></span> <span class='ocrx_word' id='word_1_279' title='bbox 1731 2652 1924 2697; x_wconf 87' lang='lat' dir='ltr'><strong>contra</strong></span> <span class='ocrx_word' id='word_1_280' title='bbox 1953 2644 2146 2715; x_wconf 88' lang='lat' dir='ltr'><strong>legem,</strong></span> 
     </span>
    </p>
   </div>
   <div class='ocr_carea' id='block_1_43' title="bbox 555 2720 2147 2807">
    <p class='ocr_par' dir='ltr' id='par_1_43' title="bbox 555 2720 2147 2807">
     <span class='ocr_line' id='line_1_43' title="bbox 555 2720 2147 2807; baseline 0.011 -34"><span class='ocrx_word' id='word_1_281' title='bbox 555 2720 800 2792; x_wconf 74' lang='lat' dir='ltr'><strong>legisque</strong></span> <span class='ocrx_word' id='word_1_282' title='bbox 834 2722 1005 2780; x_wconf 90' lang='lat' dir='ltr'><strong>Deum</strong></span> <span class='ocrx_word' id='word_1_283' title='bbox 1045 2742 1200 2783; x_wconf 92' lang='lat' dir='ltr'><strong>suam</strong></span> <span class='ocrx_word' id='word_1_284' title='bbox 1234 2728 1481 2798; x_wconf 91' lang='lat' dir='ltr'><strong>haberet,</strong></span> <span class='ocrx_word' id='word_1_285' title='bbox 1516 2742 1573 2787; x_wconf 90' lang='lat' dir='ltr'><strong>ut</strong></span> <span class='ocrx_word' id='word_1_286' title='bbox 1599 2736 1823 2799; x_wconf 90' lang='lat' dir='ltr'><strong>asseris,</strong></span> <span class='ocrx_word' id='word_1_287' title='bbox 1860 2750 2147 2807; x_wconf 85' lang='lat' dir='ltr'><strong>compara-</strong></span> 
     </span>
    </p>
   </div>
   <div class='ocr_carea' id='block_1_44' title="bbox 555 2812 2149 2889">
    <p class='ocr_par' dir='ltr' id='par_1_44' title="bbox 555 2812 2149 2889">
     <span class='ocr_line' id='line_1_44' title="bbox 555 2812 2149 2889; baseline 0.009 -22"><span class='ocrx_word' id='word_1_288' title='bbox 555 2821 666 2868; x_wconf 77' lang='lat' dir='ltr'><strong>tam</strong></span> <span class='ocrx_word' id='word_1_289' title='bbox 699 2812 1029 2880; x_wconf 88' lang='lat' dir='ltr'><strong>doctrinam,</strong></span> <span class='ocrx_word' id='word_1_290' title='bbox 1054 2823 1260 2876; x_wconf 86' lang='lat' dir='ltr'><strong>curatis</strong></span> <span class='ocrx_word' id='word_1_291' title='bbox 1302 2836 1335 2874; x_wconf 89' lang='lat' dir='ltr'><strong>a</strong></span> <span class='ocrx_word' id='word_1_292' title='bbox 1389 2837 1449 2877; x_wconf 91' lang='lat' dir='ltr'><strong>se</strong></span> <span class='ocrx_word' id='word_1_293' title='bbox 1496 2823 1830 2889; x_wconf 87' lang='lat' dir='ltr'><strong>hominibus,</strong></span> <span class='ocrx_word' id='word_1_294' title='bbox 1871 2826 2039 2880; x_wconf 89' lang='lat' dir='ltr'><strong>veluti</strong></span> <span class='ocrx_word' id='word_1_295' title='bbox 2072 2828 2149 2882; x_wconf 88' lang='lat' dir='ltr'><strong>le-</strong></span> 
     </span>
    </p>
   </div>
   <div class='ocr_carea' id='block_1_45' title="bbox 557 2906 2149 2974">
    <p class='ocr_par' dir='ltr' id='par_1_45' title="bbox 557 2906 2149 2974">
     <span class='ocr_line' id='line_1_45' title="bbox 557 2906 2149 2974; baseline 0.01 -18"><span class='ocrx_word' id='word_1_296' title='bbox 557 2919 722 2974; x_wconf 90' lang='lat' dir='ltr'><strong>proso</strong></span> <span class='ocrx_word' id='word_1_297' title='bbox 765 2906 911 2973; x_wconf 92' lang='lat' dir='ltr'><strong>huic,</strong></span> <span class='ocrx_word' id='word_1_298' title='bbox 965 2909 1277 2966; x_wconf 87' lang='lat' dir='ltr'><strong>istiusmodi</strong></span> <span class='ocrx_word' id='word_1_299' title='bbox 1323 2913 1642 2968; x_wconf 85' lang='lat' dir='ltr'><strong>mandatum</strong></span> <span class='ocrx_word' id='word_1_300' title='bbox 1680 2914 1842 2972; x_wconf 87' lang='lat' dir='ltr'><strong>edere</strong></span> <span class='ocrx_word' id='word_1_301' title='bbox 1875 2931 1891 2970; x_wconf 91' lang='lat'><strong>:</strong></span> <span class='ocrx_word' id='word_1_302' title='bbox 1922 2917 2063 2972; x_wconf 81' lang='lat' dir='ltr'><strong>Vade</strong></span> <span class='ocrx_word' id='word_1_303' title='bbox 2099 2929 2149 2972; x_wconf 86' lang='lat' dir='ltr'><strong>et</strong></span> 
     </span>
    </p>
   </div>
   <div class='ocr_carea' id='block_1_46' title="bbox 2256 2065 3843 2193">
    <p class='ocr_par' dir='ltr' id='par_1_46' title="bbox 2256 2065 3843 2193">
     <span class='ocr_line' id='line_1_46' title="bbox 2256 2065 3843 2193; baseline 0.004 -71"><span class='ocrx_word' id='word_1_304' title='bbox 2256 2068 2476 2140; x_wconf 88' lang='grc' dir='ltr'>Σχόλιον</span> <span class='ocrx_word' id='word_1_305' title='bbox 2497 2068 2606 2123; x_wconf 81' lang='grc' dir='ltr'>ἀπὸ</span> <span class='ocrx_word' id='word_1_306' title='bbox 2634 2065 2730 2122; x_wconf 78' lang='grc' dir='ltr'><strong>τοῦ</strong></span> <span class='ocrx_word' id='word_1_307' title='bbox 2764 2068 3096 2193; x_wconf 59' lang='grc' dir='ltr'>Εὐαγγελὶξου</span> <span class='ocrx_word' id='word_1_308' title='bbox 3121 2071 3215 2125; x_wconf 80' lang='grc' dir='ltr'>τοῦ</span> <span class='ocrx_word' id='word_1_309' title='bbox 3248 2072 3377 2143; x_wconf 82' lang='grc' dir='ltr'>παρ’</span> <span class='ocrx_word' id='word_1_310' title='bbox 3404 2070 3554 2142; x_wconf 82' lang='grc' dir='ltr'>αὐτῷ</span> <span class='ocrx_word' id='word_1_311' title='bbox 3583 2070 3663 2149; x_wconf 76' lang='grc' dir='ltr'><strong>τῷ</strong></span> <span class='ocrx_word' id='word_1_312' title='bbox 3686 2074 3843 2146; x_wconf 83' lang='grc' dir='ltr'>Μαρ-</span> 
     </span>
     <span class='ocr_line' id='line_1_47' title="bbox 2959 2159 3137 2193; baseline 0 0"><span class='ocrx_word' id='word_1_313' title='bbox 2959 2159 2994 2193; x_wconf 89' lang='grc' dir='ltr'>κ</span> <span class='ocrx_word' id='word_1_314' title='bbox 3018 2160 3137 2193; x_wconf 84' lang='grc' dir='ltr'>ωνι.</span> 
     </span>
    </p>
   </div>
   <div class='ocr_carea' id='block_1_47' title="bbox 2959 2159 3137 2196">
    <p class='ocr_par' dir='ltr' id='par_1_47' title="bbox 2959 2159 3137 2196">
     <span class='ocr_line' id='line_1_48' title="bbox 2959 2159 3137 2196; baseline 0.017 -3"><span class='ocrx_word' id='word_1_315' title='bbox 2959 2159 3137 2196; x_wconf 86' lang='grc' dir='ltr'>κιωνι.</span> 
     </span>
    </p>
   </div>
   <div class='ocr_carea' id='block_1_48' title="bbox 2329 2272 3847 2346">
    <p class='ocr_par' dir='ltr' id='par_1_48' title="bbox 2329 2272 3847 2346">
     <span class='ocr_line' id='line_1_49' title="bbox 2329 2272 3847 2346; baseline 0.005 -20"><span class='ocrx_word' id='word_1_316' title='bbox 2329 2278 2398 2326; x_wconf 84' lang='grc' dir='ltr'><strong>α’.</strong></span> <span class='ocrx_word' id='word_1_317' title='bbox 2466 2272 2763 2327; x_wconf 75' lang='grc' dir='ltr'>Ἀπελθὼν</span> <span class='ocrx_word' id='word_1_318' title='bbox 2823 2272 3027 2339; x_wconf 80' lang='grc' dir='ltr'>δεῖξον</span> <span class='ocrx_word' id='word_1_319' title='bbox 3076 2275 3342 2330; x_wconf 81' lang='grc' dir='ltr'>σεαυτὸν</span> <span class='ocrx_word' id='word_1_320' title='bbox 3403 2274 3485 2341; x_wconf 84' lang='grc' dir='ltr'>τῷ</span> <span class='ocrx_word' id='word_1_321' title='bbox 3533 2277 3695 2346; x_wconf 77' lang='grc' dir='ltr'>ἱερεῖ,</span> <span class='ocrx_word' id='word_1_322' title='bbox 3748 2279 3847 2333; x_wconf 74' lang='grc' dir='ltr'>καί</span> 
     </span>
    </p>
   </div>
   <div class='ocr_carea' id='block_1_49' title="bbox 2258 2364 3847 2441">
    <p class='ocr_par' dir='ltr' id='par_1_49' title="bbox 2258 2364 3847 2441">
     <span class='ocr_line' id='line_1_50' title="bbox 2258 2364 3847 2441; baseline 0.005 -22"><span class='ocrx_word' id='word_1_323' title='bbox 2258 2364 2631 2437; x_wconf 69' lang='grc' dir='ltr'>προσένεγκε</span> <span class='ocrx_word' id='word_1_324' title='bbox 2675 2367 2810 2434; x_wconf 81' lang='grc' dir='ltr'>περὶ</span> <span class='ocrx_word' id='word_1_325' title='bbox 2858 2368 2966 2423; x_wconf 81' lang='grc' dir='ltr'>τοῦ</span> <span class='ocrx_word' id='word_1_326' title='bbox 3022 2368 3396 2438; x_wconf 83' lang='grc' dir='ltr'>καθαρισμοῦ</span> <span class='ocrx_word' id='word_1_327' title='bbox 3445 2384 3563 2425; x_wconf 86' lang='grc' dir='ltr'>σου</span> <span class='ocrx_word' id='word_1_328' title='bbox 3588 2412 3603 2436; x_wconf 85' lang='grc'><strong>,</strong></span> <span class='ocrx_word' id='word_1_329' title='bbox 3649 2372 3847 2441; x_wconf 83' lang='grc' dir='ltr'>καθὼς</span> 
     </span>
    </p>
   </div>
   <div class='ocr_carea' id='block_1_50' title="bbox 2257 2455 3847 2532">
    <p class='ocr_par' dir='ltr' id='par_1_50' title="bbox 2257 2455 3847 2532">
     <span class='ocr_line' id='line_1_51' title="bbox 2257 2455 3847 2532; baseline 0.003 -19"><span class='ocrx_word' id='word_1_330' title='bbox 2257 2457 2594 2528; x_wconf 78' lang='grc' dir='ltr'>προσέταξε</span> <span class='ocrx_word' id='word_1_331' title='bbox 2654 2457 2918 2528; x_wconf 83' lang='grc' dir='ltr'>Μωῦσῆς</span> <span class='ocrx_word' id='word_1_332' title='bbox 2941 2500 2956 2523; x_wconf 92' lang='grc'><strong>,</strong></span> <span class='ocrx_word' id='word_1_333' title='bbox 3015 2461 3118 2514; x_wconf 81' lang='grc' dir='ltr'>ἵνα</span> <span class='ocrx_word' id='word_1_334' title='bbox 3171 2455 3214 2532; x_wconf 80' lang='grc' dir='ltr'><em>ᾖ</em></span> <span class='ocrx_word' id='word_1_335' title='bbox 3275 2464 3609 2531; x_wconf 62' lang='grc' dir='ltr'><strong>μαρτύριον⁸</strong></span> <span class='ocrx_word' id='word_1_336' title='bbox 3670 2463 3847 2519; x_wconf 79' lang='grc' dir='ltr'>τοῦτο</span> 
     </span>
    </p>
   </div>
   <div class='ocr_carea' id='block_1_51' title="bbox 2256 2550 2505 2621">
    <p class='ocr_par' dir='ltr' id='par_1_51' title="bbox 2256 2550 2505 2621">
     <span class='ocr_line' id='line_1_52' title="bbox 2256 2550 2505 2621; baseline -0.004 -15"><span class='ocrx_word' id='word_1_337' title='bbox 2256 2550 2423 2621; x_wconf 78' lang='grc' dir='ltr'><strong>ὑμῖν.</strong></span> <span class='ocrx_word' id='word_1_338' title='bbox 2502 2564 2505 2567; x_wconf 87' lang='grc'>·</span> 
     </span>
    </p>
   </div>
   <div class='ocr_carea' id='block_1_52' title="bbox 2331 2645 3849 2723">
    <p class='ocr_par' dir='ltr' id='par_1_52' title="bbox 2331 2645 3849 2723">
     <span class='ocr_line' id='line_1_53' title="bbox 2331 2645 3849 2723; baseline 0.006 -24"><span class='ocrx_word' id='word_1_339' title='bbox 2331 2645 2595 2718; x_wconf 83' lang='grc' dir='ltr'>Ἔλεγχος</span> <span class='ocrx_word' id='word_1_340' title='bbox 2627 2654 2697 2701; x_wconf 85' lang='grc' dir='ltr'><strong>α’.</strong></span> <span class='ocrx_word' id='word_1_341' title='bbox 2751 2648 2878 2712; x_wconf 86' lang='grc' dir='ltr'><strong>Πῶς</strong></span> <span class='ocrx_word' id='word_1_342' title='bbox 2916 2647 3150 2718; x_wconf 75' lang='grc' dir='ltr'>ἠδύνατο</span> <span class='ocrx_word' id='word_1_343' title='bbox 3179 2651 3208 2703; x_wconf 80' lang='grc' dir='ltr'><strong>ὁ</strong></span> <span class='ocrx_word' id='word_1_344' title='bbox 3259 2650 3465 2723; x_wconf 85' lang='grc' dir='ltr'>Κύριος</span> <span class='ocrx_word' id='word_1_345' title='bbox 3504 2652 3535 2705; x_wconf 85' lang='grc' dir='ltr'><strong>ὁ</strong></span> <span class='ocrx_word' id='word_1_346' title='bbox 3581 2654 3726 2707; x_wconf 85' lang='grc' dir='ltr'>κατά</span> <span class='ocrx_word' id='word_1_347' title='bbox 3752 2653 3849 2708; x_wconf 80' lang='grc' dir='ltr'>τοῦ</span> 
     </span>
    </p>
   </div>
   <div class='ocr_carea' id='block_1_53' title="bbox 2258 2737 3847 2815">
    <p class='ocr_par' dir='ltr' id='par_1_53' title="bbox 2258 2737 3847 2815">
     <span class='ocr_line' id='line_1_54' title="bbox 2258 2737 3847 2815; baseline 0.006 -25"><span class='ocrx_word' id='word_1_348' title='bbox 2258 2737 2422 2808; x_wconf 85' lang='grc' dir='ltr'>νόμου</span> <span class='ocrx_word' id='word_1_349' title='bbox 2462 2740 2557 2792; x_wconf 76' lang='grc' dir='ltr'><strong>καὶ</strong></span> <span class='ocrx_word' id='word_1_350' title='bbox 2591 2739 2736 2794; x_wconf 88' lang='grc' dir='ltr'>κατά</span> <span class='ocrx_word' id='word_1_351' title='bbox 2759 2737 2854 2793; x_wconf 81' lang='grc' dir='ltr'><strong>τοῦ</strong></span> <span class='ocrx_word' id='word_1_352' title='bbox 2887 2740 3025 2794; x_wconf 82' lang='grc' dir='ltr'>Θεοῦ</span> <span class='ocrx_word' id='word_1_353' title='bbox 3055 2740 3152 2794; x_wconf 81' lang='grc' dir='ltr'>τοῦ</span> <span class='ocrx_word' id='word_1_354' title='bbox 3187 2740 3352 2812; x_wconf 87' lang='grc' dir='ltr'>νόμου</span> <span class='ocrx_word' id='word_1_355' title='bbox 3383 2741 3524 2813; x_wconf 77' lang='grc' dir='ltr'>ἔχων</span> <span class='ocrx_word' id='word_1_356' title='bbox 3556 2743 3659 2815; x_wconf 81' lang='grc' dir='ltr'>τὴν</span> <span class='ocrx_word' id='word_1_357' title='bbox 3680 2744 3847 2799; x_wconf 79' lang='grc' dir='ltr'>αὐτοῦ</span> 
     </span>
    </p>
   </div>
   <div class='ocr_carea' id='block_1_54' title="bbox 2256 2828 3847 2907">
    <p class='ocr_par' dir='ltr' id='par_1_54' title="bbox 2256 2828 3847 2907">
     <span class='ocr_line' id='line_1_55' title="bbox 2256 2828 3847 2907; baseline 0.004 -25"><span class='ocrx_word' id='word_1_358' title='bbox 2256 2828 2630 2896; x_wconf 73' lang='grc' dir='ltr'>διδασκαλίαν,</span> <span class='ocrx_word' id='word_1_359' title='bbox 2660 2832 2738 2895; x_wconf 83' lang='grc' dir='ltr'><strong>ὡς</strong></span> <span class='ocrx_word' id='word_1_360' title='bbox 2772 2832 2836 2886; x_wconf 78' lang='grc' dir='ltr'>σὺ</span> <span class='ocrx_word' id='word_1_361' title='bbox 2860 2831 2987 2903; x_wconf 85' lang='grc' dir='ltr'>φὴς,</span> <span class='ocrx_word' id='word_1_362' title='bbox 3015 2832 3197 2900; x_wconf 90' lang='grc' dir='ltr'>λέγειν</span> <span class='ocrx_word' id='word_1_363' title='bbox 3223 2835 3334 2896; x_wconf 84' lang='grc' dir='ltr'>τοῖς</span> <span class='ocrx_word' id='word_1_364' title='bbox 3359 2832 3454 2886; x_wconf 82' lang='grc' dir='ltr'><strong>ὑπ’</strong></span> <span class='ocrx_word' id='word_1_365' title='bbox 3478 2833 3655 2888; x_wconf 79' lang='grc' dir='ltr'>αὑτοῦ</span> <span class='ocrx_word' id='word_1_366' title='bbox 3686 2835 3847 2907; x_wconf 76' lang='grc' dir='ltr'>Θερα-</span> 
     </span>
    </p>
   </div>
   <div class='ocr_carea' id='block_1_55' title="bbox 2258 2920 3848 2996">
    <p class='ocr_par' dir='ltr' id='par_1_55' title="bbox 2258 2920 3848 2996">
     <span class='ocr_line' id='line_1_56' title="bbox 2258 2920 3848 2996; baseline 0.006 -23"><span class='ocrx_word' id='word_1_367' title='bbox 2258 2920 2602 2993; x_wconf 82' lang='grc' dir='ltr'>πευομένοις,</span> <span class='ocrx_word' id='word_1_368' title='bbox 2639 2924 2784 2994; x_wconf 77' lang='grc' dir='ltr'>φημὶ</span> <span class='ocrx_word' id='word_1_369' title='bbox 2809 2923 2865 2977; x_wconf 84' lang='grc' dir='ltr'>δὲ</span> <span class='ocrx_word' id='word_1_370' title='bbox 2908 2923 2986 2995; x_wconf 82' lang='grc' dir='ltr'>τῷ</span> <span class='ocrx_word' id='word_1_371' title='bbox 3039 2923 3255 2996; x_wconf 78' lang='grc' dir='ltr'>λεπρῴ·</span> <span class='ocrx_word' id='word_1_372' title='bbox 3315 2923 3609 2979; x_wconf 75' lang='grc' dir='ltr'><strong>Ἄπελθὼν</strong></span> <span class='ocrx_word' id='word_1_373' title='bbox 3644 2925 3848 2991; x_wconf 70' lang='grc' dir='ltr'>δεῖξον</span> 
     </span>
    </p>
   </div>
   <div class='ocr_carea' id='block_1_56' title="bbox 554 2998 2153 3087">
    <p class='ocr_par' dir='ltr' id='par_1_56' title="bbox 554 2998 2152 3074">
     <span class='ocr_line' id='line_1_57' title="bbox 554 2998 2152 3074; baseline 0.01 -25"><span class='ocrx_word' id='word_1_374' title='bbox 554 2998 772 3053; x_wconf 79' lang='lat' dir='ltr'><strong>ostende</strong></span> <span class='ocrx_word' id='word_1_375' title='bbox 802 3007 849 3053; x_wconf 86' lang='lat' dir='ltr'><strong>te</strong></span> <span class='ocrx_word' id='word_1_376' title='bbox 865 3000 1132 3055; x_wconf 85' lang='lat' dir='ltr'><strong>sacerdoti</strong></span> <span class='ocrx_word' id='word_1_377' title='bbox 1150 3002 1264 3074; x_wconf 89' lang='lat' dir='ltr'><strong>(ubi</strong></span> <span class='ocrx_word' id='word_1_378' title='bbox 1281 3017 1406 3059; x_wconf 91' lang='lat' dir='ltr'><strong>cum</strong></span> <span class='ocrx_word' id='word_1_379' title='bbox 1446 3006 1787 3062; x_wconf 87' lang='lat' dir='ltr'><strong>sacerdotem</strong></span> <span class='ocrx_word' id='word_1_380' title='bbox 1821 3023 2152 3065; x_wconf 88' lang='lat' dir='ltr'><strong>commemo-</strong></span> 
     </span>
    </p>
   </div>
   <div class='ocr_carea' id='block_1_57' title="bbox 2255 2998 3848 3087">
    <p class='ocr_par' dir='ltr' id='par_1_57' title="bbox 2255 3010 3848 3087">
     <span class='ocr_line' id='line_1_58' title="bbox 2255 3010 3848 3087; baseline 0.004 -21"><span class='ocrx_word' id='word_1_381' title='bbox 2255 3013 2521 3068; x_wconf 82' lang='grc' dir='ltr'>σεαυτὸν</span> <span class='ocrx_word' id='word_1_382' title='bbox 2567 3010 2648 3080; x_wconf 80' lang='grc' dir='ltr'>τῷ</span> <span class='ocrx_word' id='word_1_383' title='bbox 2705 3015 2852 3084; x_wconf 75' lang='grc' dir='ltr'>ἱερεῖ</span> <span class='ocrx_word' id='word_1_384' title='bbox 2892 3017 3070 3087; x_wconf 84' lang='grc' dir='ltr'>(ἱερεῖ</span> <span class='ocrx_word' id='word_1_385' title='bbox 3107 3015 3217 3087; x_wconf 84' lang='grc' dir='ltr'><strong>γὰρ</strong></span> <span class='ocrx_word' id='word_1_386' title='bbox 3261 3015 3468 3083; x_wconf 83' lang='grc' dir='ltr'>λέγων,</span> <span class='ocrx_word' id='word_1_387' title='bbox 3508 3018 3609 3070; x_wconf 73' lang='grc' dir='ltr'><strong>οὐκ</strong></span> <span class='ocrx_word' id='word_1_388' title='bbox 3668 3018 3848 3073; x_wconf 81' lang='grc' dir='ltr'>ἀθετεῖ</span> 
     </span>
    </p>
   </div>
   <div class='ocr_carea' id='block_1_58' title="bbox 554 3090 2155 3173">
    <p class='ocr_par' dir='ltr' id='par_1_58' title="bbox 554 3090 2155 3173">
     <span class='ocr_line' id='line_1_59' title="bbox 554 3090 2155 3173; baseline 0.01 -33"><span class='ocrx_word' id='word_1_389' title='bbox 554 3099 661 3151; x_wconf 81' lang='lat' dir='ltr'><strong>rat.</strong></span> <span class='ocrx_word' id='word_1_390' title='bbox 693 3090 828 3161; x_wconf 81' lang='lat' dir='ltr'><strong>legis</strong></span> <span class='ocrx_word' id='word_1_391' title='bbox 854 3093 1223 3149; x_wconf 85' lang='lat' dir='ltr'><strong>sacerdotium</strong></span> <span class='ocrx_word' id='word_1_392' title='bbox 1254 3111 1363 3151; x_wconf 89' lang='lat' dir='ltr'><strong>non</strong></span> <span class='ocrx_word' id='word_1_393' title='bbox 1395 3098 1642 3170; x_wconf 85' lang='lat' dir='ltr'><strong>abrogat)</strong></span> <span class='ocrx_word' id='word_1_394' title='bbox 1668 3106 1719 3155; x_wconf 85' lang='lat' dir='ltr'><strong>et</strong></span> <span class='ocrx_word' id='word_1_395' title='bbox 1751 3101 1883 3171; x_wconf 67' lang='lat' dir='ltr'><strong>o/fer</strong></span> <span class='ocrx_word' id='word_1_396' title='bbox 1911 3118 2005 3169; x_wconf 86' lang='lat' dir='ltr'><strong>pro</strong></span> <span class='ocrx_word' id='word_1_397' title='bbox 2028 3118 2155 3173; x_wconf 83' lang='lat' dir='ltr'><strong>pur-</strong></span> 
     </span>
    </p>
   </div>
   <div class='ocr_carea' id='block_1_59' title="bbox 553 3180 2156 3256">
    <p class='ocr_par' dir='ltr' id='par_1_59' title="bbox 553 3180 2156 3256">
     <span class='ocr_line' id='line_1_60' title="bbox 553 3180 2156 3256; baseline 0.011 -25"><span class='ocrx_word' id='word_1_398' title='bbox 553 3180 765 3249; x_wconf 84' lang='lat' dir='ltr'><strong>gatione</strong></span> <span class='ocrx_word' id='word_1_399' title='bbox 796 3193 888 3235; x_wconf 87' lang='lat' dir='ltr'><strong>tua</strong></span> <span class='ocrx_word' id='word_1_400' title='bbox 908 3185 934 3239; x_wconf 81' lang='lat'><strong><em>?</em></strong></span> <span class='ocrx_word' id='word_1_401' title='bbox 967 3184 1044 3239; x_wconf 85' lang='lat' dir='ltr'><strong>Ac</strong></span> <span class='ocrx_word' id='word_1_402' title='bbox 1080 3185 1204 3240; x_wconf 90' lang='lat' dir='ltr'><strong>licet</strong></span> <span class='ocrx_word' id='word_1_403' title='bbox 1231 3202 1421 3242; x_wconf 89' lang='lat' dir='ltr'><strong>vocem</strong></span> <span class='ocrx_word' id='word_1_404' title='bbox 1471 3188 1640 3256; x_wconf 88' lang='lat' dir='ltr'><strong>illam,</strong></span> <span class='ocrx_word' id='word_1_405' title='bbox 1681 3207 1894 3255; x_wconf 83' lang='lat' dir='ltr'><strong>munus,</strong></span> <span class='ocrx_word' id='word_1_406' title='bbox 1927 3180 2156 3249; x_wconf 88' lang='lat' dir='ltr'><strong>inducas</strong></span> 
     </span>
    </p>
   </div>
   <div class='ocr_carea' id='block_1_60' title="bbox 554 3272 2158 3347">
    <p class='ocr_par' dir='ltr' id='par_1_60' title="bbox 554 3272 2158 3347">
     <span class='ocr_line' id='line_1_61' title="bbox 554 3272 2158 3347; baseline 0.011 -24"><span class='ocrx_word' id='word_1_407' title='bbox 554 3286 624 3324; x_wconf 68' lang='lat' dir='ltr'><strong>ex</strong></span> <span class='ocrx_word' id='word_1_408' title='bbox 654 3272 916 3340; x_wconf 71' lang='lat' dir='ltr'><strong>afferendi</strong></span> <span class='ocrx_word' id='word_1_409' title='bbox 946 3276 1138 3343; x_wconf 88' lang='lat' dir='ltr'><strong>verbo,</strong></span> <span class='ocrx_word' id='word_1_410' title='bbox 1166 3278 1524 3335; x_wconf 82' lang='lat' dir='ltr'><strong>nihilominus</strong></span> <span class='ocrx_word' id='word_1_411' title='bbox 1558 3289 1795 3347; x_wconf 87' lang='lat' dir='ltr'><strong>constat,</strong></span> <span class='ocrx_word' id='word_1_412' title='bbox 1827 3282 1895 3338; x_wconf 93' lang='lat' dir='ltr'><strong>de</strong></span> <span class='ocrx_word' id='word_1_413' title='bbox 1930 3299 2158 3340; x_wconf 87' lang='lat' dir='ltr'><strong>munere</strong></span> 
     </span>
    </p>
   </div>
   <div class='ocr_carea' id='block_1_61' title="bbox 554 3354 2155 3444">
    <p class='ocr_par' dir='ltr' id='par_1_61' title="bbox 554 3354 2155 3444">
     <span class='ocr_line' id='line_1_62' title="bbox 554 3354 2155 3444; baseline 0.011 -31"><span class='ocrx_word' id='word_1_414' title='bbox 554 3354 708 3433; x_wconf 77' lang='lat' dir='ltr'><strong>illum</strong></span> <span class='ocrx_word' id='word_1_415' title='bbox 737 3380 861 3421; x_wconf 88' lang='lat' dir='ltr'><strong>esse</strong></span> <span class='ocrx_word' id='word_1_416' title='bbox 897 3366 1160 3425; x_wconf 90' lang='lat' dir='ltr'><strong>locutum.</strong></span> <span class='ocrx_word' id='word_1_417' title='bbox 1192 3372 1356 3442; x_wconf 75' lang='lat'><strong>323</strong></span> <span class='ocrx_word' id='word_1_418' title='bbox 1394 3372 1499 3426; x_wconf 87' lang='lat' dir='ltr'><strong>Pro</strong></span> <span class='ocrx_word' id='word_1_419' title='bbox 1524 3376 1839 3444; x_wconf 78' lang='lat' dir='ltr'><strong>purgatione</strong></span> <span class='ocrx_word' id='word_1_420' title='bbox 1874 3385 1987 3442; x_wconf 86' lang='lat' dir='ltr'><strong>tua,</strong></span> <span class='ocrx_word' id='word_1_421' title='bbox 2018 3378 2155 3431; x_wconf 83' lang='lat' dir='ltr'><strong>sicut</strong></span> 
     </span>
    </p>
   </div>
   <div class='ocr_carea' id='block_1_62' title="bbox 553 3456 2156 3538">
    <p class='ocr_par' dir='ltr' id='par_1_62' title="bbox 553 3456 2156 3538">
     <span class='ocr_line' id='line_1_63' title="bbox 553 3456 2156 3538; baseline 0.011 -31"><span class='ocrx_word' id='word_1_422' title='bbox 553 3456 803 3525; x_wconf 54' lang='lat' dir='ltr'><strong>increpit</strong></span> <span class='ocrx_word' id='word_1_423' title='bbox 849 3458 1083 3529; x_wconf 74' lang='lat' dir='ltr'><strong>Moyses.</strong></span> <span class='ocrx_word' id='word_1_424' title='bbox 1126 3462 1282 3526; x_wconf 85' lang='lat' dir='ltr'><strong>Quod</strong></span> <span class='ocrx_word' id='word_1_425' title='bbox 1334 3464 1381 3519; x_wconf 90' lang='lat' dir='ltr'><strong>si</strong></span> <span class='ocrx_word' id='word_1_426' title='bbox 1435 3463 1638 3536; x_wconf 83' lang='lat' dir='ltr'><strong>Moysis</strong></span> <span class='ocrx_word' id='word_1_427' title='bbox 1687 3473 1959 3536; x_wconf 62' lang='lat' dir='ltr'><strong>praecepto</strong></span> <span class='ocrx_word' id='word_1_428' title='bbox 2001 3467 2156 3538; x_wconf 89' lang='lat' dir='ltr'><strong>jubet</strong></span> 
     </span>
    </p>
   </div>
   <div class='ocr_carea' id='block_1_63' title="bbox 555 3544 2157 3626">
    <p class='ocr_par' dir='ltr' id='par_1_63' title="bbox 555 3544 2157 3626">
     <span class='ocr_line' id='line_1_64' title="bbox 555 3544 2157 3626; baseline 0.012 -31"><span class='ocrx_word' id='word_1_429' title='bbox 555 3544 948 3614; x_wconf 87' lang='lat' dir='ltr'><strong>obtemperari,</strong></span> <span class='ocrx_word' id='word_1_430' title='bbox 1004 3550 1139 3620; x_wconf 80' lang='lat' dir='ltr'><strong>legis</strong></span> <span class='ocrx_word' id='word_1_431' title='bbox 1185 3551 1352 3607; x_wconf 90' lang='lat' dir='ltr'><strong>Deum</strong></span> <span class='ocrx_word' id='word_1_432' title='bbox 1397 3554 1625 3610; x_wconf 91' lang='lat' dir='ltr'><strong>minime</strong></span> <span class='ocrx_word' id='word_1_433' title='bbox 1674 3557 2024 3626; x_wconf 90' lang='lat' dir='ltr'><strong>condemnat,</strong></span> <span class='ocrx_word' id='word_1_434' title='bbox 2062 3570 2157 3616; x_wconf 89' lang='lat' dir='ltr'><strong>aut</strong></span> 
     </span>
    </p>
   </div>
   <div class='ocr_carea' id='block_1_64' title="bbox 556 3635 2153 3722">
    <p class='ocr_par' dir='ltr' id='par_1_64' title="bbox 556 3635 2153 3722">
     <span class='ocr_line' id='line_1_65' title="bbox 556 3635 2153 3722; baseline 0.013 -34"><span class='ocrx_word' id='word_1_435' title='bbox 556 3635 608 3689; x_wconf 90' lang='lat' dir='ltr'><strong>ei</strong></span> <span class='ocrx_word' id='word_1_436' title='bbox 657 3638 953 3694; x_wconf 87' lang='lat' dir='ltr'><strong>maledicit.</strong></span> <span class='ocrx_word' id='word_1_437' title='bbox 1011 3642 1118 3697; x_wconf 88' lang='lat' dir='ltr'><strong>Sed</strong></span> <span class='ocrx_word' id='word_1_438' title='bbox 1176 3652 1283 3698; x_wconf 88' lang='lat' dir='ltr'><strong>tam</strong></span> <span class='ocrx_word' id='word_1_439' title='bbox 1340 3649 1717 3720; x_wconf 89' lang='lat' dir='ltr'><strong>semetipsum,</strong></span> <span class='ocrx_word' id='word_1_440' title='bbox 1772 3666 1937 3722; x_wconf 89' lang='lat' dir='ltr'><strong>quam</strong></span> <span class='ocrx_word' id='word_1_441' title='bbox 1985 3650 2153 3708; x_wconf 90' lang='lat' dir='ltr'><strong>Deum</strong></span> 
     </span>
    </p>
   </div>
   <div class='ocr_carea' id='block_1_65' title="bbox 558 3727 2154 3807">
    <p class='ocr_par' dir='ltr' id='par_1_65' title="bbox 558 3727 2154 3807">
     <span class='ocr_line' id='line_1_66' title="bbox 558 3727 2154 3807; baseline 0.012 -26"><span class='ocrx_word' id='word_1_442' title='bbox 558 3727 774 3784; x_wconf 86' lang='lat' dir='ltr'><strong>Patrem</strong></span> <span class='ocrx_word' id='word_1_443' title='bbox 810 3747 969 3787; x_wconf 91' lang='lat' dir='ltr'><strong>suum</strong></span> <span class='ocrx_word' id='word_1_444' title='bbox 997 3734 1168 3805; x_wconf 84' lang='lat' dir='ltr'><strong>legem</strong></span> <span class='ocrx_word' id='word_1_445' title='bbox 1203 3736 1375 3807; x_wconf 78' lang='lat' dir='ltr'><strong>Moysi</strong></span> <span class='ocrx_word' id='word_1_446' title='bbox 1403 3740 1697 3799; x_wconf 89' lang='lat' dir='ltr'><strong>tradidisse</strong></span> <span class='ocrx_word' id='word_1_447' title='bbox 1728 3744 2039 3800; x_wconf 90' lang='lat' dir='ltr'><strong>conﬁrmat.</strong></span> <span class='ocrx_word' id='word_1_448' title='bbox 2069 3744 2154 3800; x_wconf 84' lang='lat' dir='ltr'><strong>Tu</strong></span> 
     </span>
    </p>
   </div>
   <div class='ocr_carea' id='block_1_66' title="bbox 556 3822 2156 3908">
    <p class='ocr_par' dir='ltr' id='par_1_66' title="bbox 556 3822 2156 3908">
     <span class='ocr_line' id='line_1_67' title="bbox 556 3822 2156 3908; baseline 0.012 -34"><span class='ocrx_word' id='word_1_449' title='bbox 556 3836 707 3890; x_wconf 88' lang='lat' dir='ltr'><strong>vero,</strong></span> <span class='ocrx_word' id='word_1_450' title='bbox 743 3822 968 3892; x_wconf 86' lang='lat' dir='ltr'><strong>Marcio,</strong></span> <span class='ocrx_word' id='word_1_451' title='bbox 1002 3826 1300 3899; x_wconf 81' lang='lat' dir='ltr'><strong>Scripturae</strong></span> <span class='ocrx_word' id='word_1_452' title='bbox 1321 3834 1489 3889; x_wconf 87' lang='lat' dir='ltr'><strong>verba</strong></span> <span class='ocrx_word' id='word_1_453' title='bbox 1531 3833 1865 3906; x_wconf 91' lang='lat' dir='ltr'><strong>depravasti.</strong></span> <span class='ocrx_word' id='word_1_454' title='bbox 1893 3835 2026 3892; x_wconf 87' lang='lat' dir='ltr'><strong>Nam</strong></span> <span class='ocrx_word' id='word_1_455' title='bbox 2057 3852 2156 3908; x_wconf 88' lang='lat' dir='ltr'><strong>pro</strong></span> 
     </span>
    </p>
   </div>
   <div class='ocr_carea' id='block_1_67' title="bbox 557 3916 2155 3997">
    <p class='ocr_par' dir='ltr' id='par_1_67' title="bbox 557 3916 2155 3997">
     <span class='ocr_line' id='line_1_68' title="bbox 557 3916 2155 3997; baseline 0.011 -30"><span class='ocrx_word' id='word_1_456' title='bbox 557 3927 625 3967; x_wconf 88' lang='lat' dir='ltr'><strong>eo</strong></span> <span class='ocrx_word' id='word_1_457' title='bbox 673 3916 819 3985; x_wconf 91' lang='lat' dir='ltr'><strong>quod</strong></span> <span class='ocrx_word' id='word_1_458' title='bbox 864 3926 969 3983; x_wconf 90' lang='lat' dir='ltr'><strong>est,</strong></span> <span class='ocrx_word' id='word_1_459' title='bbox 1015 3919 1071 3974; x_wconf 86' lang='lat' dir='ltr'><strong>in</strong></span> <span class='ocrx_word' id='word_1_460' title='bbox 1114 3923 1473 3979; x_wconf 84' lang='lat' dir='ltr'><strong>testimonium</strong></span> <span class='ocrx_word' id='word_1_461' title='bbox 1517 3927 1670 3997; x_wconf 83' lang='lat' dir='ltr'><strong>ipsis,</strong></span> <span class='ocrx_word' id='word_1_462' title='bbox 1699 3928 1755 3982; x_wconf 87' lang='lat' dir='ltr'><strong>in</strong></span> <span class='ocrx_word' id='word_1_463' title='bbox 1795 3930 2155 3984; x_wconf 83' lang='lat' dir='ltr'><strong>testimonium</strong></span> 
     </span>
    </p>
   </div>
   <div class='ocr_carea' id='block_1_68' title="bbox 556 4003 2156 4093">
    <p class='ocr_par' dir='ltr' id='par_1_68' title="bbox 556 4003 2156 4093">
     <span class='ocr_line' id='line_1_69' title="bbox 556 4003 2156 4093; baseline 0.013 -36"><span class='ocrx_word' id='word_1_464' title='bbox 556 4003 722 4069; x_wconf 75' lang='lat' dir='ltr'><strong>vobis,</strong></span> <span class='ocrx_word' id='word_1_465' title='bbox 747 4022 916 4064; x_wconf 89' lang='lat' dir='ltr'><strong>ausus</strong></span> <span class='ocrx_word' id='word_1_466' title='bbox 940 4024 1003 4066; x_wconf 93' lang='lat' dir='ltr'><strong>es</strong></span> <span class='ocrx_word' id='word_1_467' title='bbox 1031 4014 1356 4070; x_wconf 84' lang='lat' dir='ltr'><strong>rescribere.</strong></span> <span class='ocrx_word' id='word_1_468' title='bbox 1388 4016 1544 4082; x_wconf 84' lang='lat' dir='ltr'><strong>Quod</strong></span> <span class='ocrx_word' id='word_1_469' title='bbox 1583 4018 1637 4073; x_wconf 93' lang='lat' dir='ltr'><strong>in</strong></span> <span class='ocrx_word' id='word_1_470' title='bbox 1663 4028 1816 4073; x_wconf 91' lang='lat' dir='ltr'><strong>tuum</strong></span> <span class='ocrx_word' id='word_1_471' title='bbox 1843 4029 2007 4091; x_wconf 92' lang='lat' dir='ltr'><strong>caput</strong></span> <span class='ocrx_word' id='word_1_472' title='bbox 2035 4038 2156 4093; x_wconf 90' lang='lat' dir='ltr'><strong>per-</strong></span> 
     </span>
    </p>
   </div>
   <div class='ocr_carea' id='block_1_69' title="bbox 559 4098 2154 4169">
    <p class='ocr_par' dir='ltr' id='par_1_69' title="bbox 559 4098 2154 4169">
     <span class='ocr_line' id='line_1_70' title="bbox 559 4098 2154 4169; baseline 0.011 -17"><span class='ocrx_word' id='word_1_473' title='bbox 559 4098 751 4168; x_wconf 84' lang='lat' dir='ltr'><strong>spicue</strong></span> <span class='ocrx_word' id='word_1_474' title='bbox 782 4103 1044 4159; x_wconf 85' lang='lat' dir='ltr'><strong>mentitus</strong></span> <span class='ocrx_word' id='word_1_475' title='bbox 1084 4120 1167 4160; x_wconf 87' lang='lat' dir='ltr'><strong>es.</strong></span> <span class='ocrx_word' id='word_1_476' title='bbox 1216 4105 1275 4160; x_wconf 91' lang='lat' dir='ltr'><strong>Si</strong></span> <span class='ocrx_word' id='word_1_477' title='bbox 1321 4110 1464 4162; x_wconf 88' lang='lat' dir='ltr'><strong>enim</strong></span> <span class='ocrx_word' id='word_1_478' title='bbox 1514 4110 1569 4163; x_wconf 87' lang='lat' dir='ltr'><strong>in</strong></span> <span class='ocrx_word' id='word_1_479' title='bbox 1611 4112 1971 4166; x_wconf 80' lang='lat' dir='ltr'><strong>testimonium</strong></span> <span class='ocrx_word' id='word_1_480' title='bbox 2012 4114 2154 4169; x_wconf 82' lang='lat' dir='ltr'><strong>vobis</strong></span> 
     </span>
    </p>
   </div>
   <div class='ocr_carea' id='block_1_70' title="bbox 560 4192 2155 4270">
    <p class='ocr_par' dir='ltr' id='par_1_70' title="bbox 560 4192 2155 4270">
     <span class='ocr_line' id='line_1_71' title="bbox 560 4192 2155 4270; baseline 0.01 -25"><span class='ocrx_word' id='word_1_481' title='bbox 560 4192 780 4270; x_wconf 85' lang='lat' dir='ltr'><strong>dixerit,</strong></span> <span class='ocrx_word' id='word_1_482' title='bbox 812 4195 1201 4254; x_wconf 89' lang='lat' dir='ltr'><strong>testiﬁcatione</strong></span> <span class='ocrx_word' id='word_1_483' title='bbox 1233 4198 1321 4252; x_wconf 84' lang='lat' dir='ltr'><strong>illa</strong></span> <span class='ocrx_word' id='word_1_484' title='bbox 1356 4200 1754 4270; x_wconf 86' lang='lat' dir='ltr'><strong>comprobavit,</strong></span> <span class='ocrx_word' id='word_1_485' title='bbox 1797 4219 1908 4259; x_wconf 90' lang='lat' dir='ltr'><strong>non</strong></span> <span class='ocrx_word' id='word_1_486' title='bbox 1939 4206 2155 4262; x_wconf 89' lang='lat' dir='ltr'><strong>venisse</strong></span> 
     </span>
    </p>
   </div>
   <div class='ocr_carea' id='block_1_71' title="bbox 555 4269 2078 4365">
    <p class='ocr_par' dir='ltr' id='par_1_71' title="bbox 555 4269 2078 4365">
     <span class='ocr_line' id='line_1_72' title="bbox 555 4269 2078 4365; baseline 0.01 -29"><span class='ocrx_word' id='word_1_487' title='bbox 555 4269 621 4336; x_wconf 63' lang='lat' dir='ltr'><strong>&#39;se</strong></span> <span class='ocrx_word' id='word_1_488' title='bbox 652 4284 823 4353; x_wconf 90' lang='lat' dir='ltr'><strong>legem</strong></span> <span class='ocrx_word' id='word_1_489' title='bbox 854 4287 1087 4354; x_wconf 90' lang='lat' dir='ltr'><strong>solvere,</strong></span> <span class='ocrx_word' id='word_1_490' title='bbox 1118 4288 1203 4345; x_wconf 87' lang='lat' dir='ltr'><strong>vel</strong></span> <span class='ocrx_word' id='word_1_491' title='bbox 1238 4269 1549 4360; x_wconf 80' lang='lat' dir='ltr'><strong>prophetas,</strong></span> <span class='ocrx_word' id='word_1_492' title='bbox 1584 4293 1678 4348; x_wconf 89' lang='lat' dir='ltr'><strong>sed</strong></span> <span class='ocrx_word' id='word_1_493' title='bbox 1711 4293 2010 4365; x_wconf 88' lang='lat' dir='ltr'><strong>adimplere</strong></span> <span class='ocrx_word' id='word_1_494' title='bbox 2036 4298 2078 4350; x_wconf 78' lang='lat'><strong>&#39;.</strong></span> 
     </span>
    </p>
   </div>
   <div class='ocr_carea' id='block_1_72' title="bbox 633 4357 2231 4452">
    <p class='ocr_par' dir='ltr' id='par_1_72' title="bbox 633 4357 2231 4452">
     <span class='ocr_line' id='line_1_73' title="bbox 633 4357 2231 4452; baseline 0.008 -28"><span class='ocrx_word' id='word_1_495' title='bbox 633 4370 891 4426; x_wconf 68' lang='lat' dir='ltr'><strong>Scholion</strong></span> <span class='ocrx_word' id='word_1_496' title='bbox 954 4375 1009 4429; x_wconf 78' lang='grc'>2.</span> <span class='ocrx_word' id='word_1_497' title='bbox 1060 4374 1127 4430; x_wconf 88' lang='lat' dir='ltr'><strong>Ut</strong></span> <span class='ocrx_word' id='word_1_498' title='bbox 1186 4357 1363 4432; x_wconf 72' lang='lat' dir='ltr'><strong>autem</strong></span> <span class='ocrx_word' id='word_1_499' title='bbox 1413 4380 1597 4434; x_wconf 84' lang='lat' dir='ltr'><strong>sciatis</strong></span> <span class='ocrx_word' id='word_1_500' title='bbox 1659 4382 1784 4452; x_wconf 86' lang='lat' dir='ltr'><strong>quia</strong></span> <span class='ocrx_word' id='word_1_501' title='bbox 1836 4357 2149 4452; x_wconf 48' lang='lat' dir='ltr'><strong>p-otestatem</strong></span> <span class='ocrx_word' id='word_1_502' title='bbox 2184 4357 2231 4415; x_wconf 74' lang='grc' dir='ltr'>θ</span> 
     </span>
    </p>
   </div>
   <div class='ocr_carea' id='block_1_73' title="bbox 560 4460 2144 4539">
    <p class='ocr_par' dir='ltr' id='par_1_73' title="bbox 560 4460 2144 4539">
     <span class='ocr_line' id='line_1_74' title="bbox 560 4460 2144 4539; baseline 0.008 -25"><span class='ocrx_word' id='word_1_503' title='bbox 560 4460 715 4516; x_wconf 84' lang='lat' dir='ltr'><strong>habet</strong></span> <span class='ocrx_word' id='word_1_504' title='bbox 749 4460 925 4519; x_wconf 81' lang='lat' dir='ltr'><strong>Filius</strong></span> <span class='ocrx_word' id='word_1_505' title='bbox 956 4466 1184 4522; x_wconf 78' lang='lat' dir='ltr'><strong>hominis</strong></span> <span class='ocrx_word' id='word_1_506' title='bbox 1213 4470 1514 4524; x_wconf 81' lang='lat' dir='ltr'><strong>dimittendi</strong></span> <span class='ocrx_word' id='word_1_507' title='bbox 1560 4483 1774 4539; x_wconf 83' lang='lat' dir='ltr'><strong>peccata</strong></span> <span class='ocrx_word' id='word_1_508' title='bbox 1822 4474 1876 4528; x_wconf 87' lang='lat' dir='ltr'><strong>in</strong></span> <span class='ocrx_word' id='word_1_509' title='bbox 1921 4483 2065 4528; x_wconf 82' lang='lat' dir='ltr'><strong>terra</strong></span> <span class='ocrx_word' id='word_1_510' title='bbox 2105 4475 2144 4527; x_wconf 88' lang='grc'><strong>³.</strong></span> 
     </span>
    </p>
   </div>
   <div class='ocr_carea' id='block_1_74' title="bbox 636 4637 2151 4721">
    <p class='ocr_par' dir='ltr' id='par_1_74' title="bbox 636 4637 2151 4721">
     <span class='ocr_line' id='line_1_75' title="bbox 636 4637 2151 4721; baseline 0.009 -29"><span class='ocrx_word' id='word_1_511' title='bbox 636 4637 819 4693; x_wconf 76' lang='lat' dir='ltr'><strong>Refut.</strong></span> <span class='ocrx_word' id='word_1_512' title='bbox 868 4638 923 4693; x_wconf 78' lang='lat'><strong>2.</strong></span> <span class='ocrx_word' id='word_1_513' title='bbox 961 4643 1096 4696; x_wconf 73' lang='lat' dir='ltr'><strong>(lum</strong></span> <span class='ocrx_word' id='word_1_514' title='bbox 1137 4642 1323 4714; x_wconf 90' lang='lat' dir='ltr'><strong>itaque</strong></span> <span class='ocrx_word' id='word_1_515' title='bbox 1362 4644 1560 4702; x_wconf 85' lang='lat' dir='ltr'><strong>Filium</strong></span> <span class='ocrx_word' id='word_1_516' title='bbox 1589 4664 1648 4703; x_wconf 90' lang='lat' dir='ltr'><strong>se</strong></span> <span class='ocrx_word' id='word_1_517' title='bbox 1686 4649 1924 4705; x_wconf 89' lang='lat' dir='ltr'><strong>hominis</strong></span> <span class='ocrx_word' id='word_1_518' title='bbox 1967 4649 2151 4721; x_wconf 86' lang='lat' dir='ltr'><strong>appel-</strong></span> 
     </span>
    </p>
   </div>
   <div class='ocr_carea' id='block_1_75' title="bbox 564 4731 2148 4820">
    <p class='ocr_par' dir='ltr' id='par_1_75' title="bbox 564 4731 2148 4820">
     <span class='ocr_line' id='line_1_76' title="bbox 564 4731 2148 4820; baseline 0.008 -36"><span class='ocrx_word' id='word_1_519' title='bbox 564 4732 634 4785; x_wconf 91' lang='lat' dir='ltr'><strong>let</strong></span> <span class='ocrx_word' id='word_1_520' title='bbox 668 4731 903 4802; x_wconf 76' lang='lat' dir='ltr'><strong>unigena</strong></span> <span class='ocrx_word' id='word_1_521' title='bbox 934 4733 1027 4789; x_wconf 90' lang='lat' dir='ltr'><strong>Dei</strong></span> <span class='ocrx_word' id='word_1_522' title='bbox 1059 4733 1250 4800; x_wconf 85' lang='lat' dir='ltr'><strong>Filius,</strong></span> <span class='ocrx_word' id='word_1_523' title='bbox 1285 4738 1560 4795; x_wconf 88' lang='lat' dir='ltr'><strong>hominem</strong></span> <span class='ocrx_word' id='word_1_524' title='bbox 1585 4755 1645 4794; x_wconf 87' lang='lat' dir='ltr'><strong>se</strong></span> <span class='ocrx_word' id='word_1_525' title='bbox 1673 4756 1797 4796; x_wconf 89' lang='lat' dir='ltr'><strong>esse</strong></span> <span class='ocrx_word' id='word_1_526' title='bbox 1824 4757 1932 4795; x_wconf 89' lang='lat' dir='ltr'><strong>non</strong></span> <span class='ocrx_word' id='word_1_527' title='bbox 1964 4752 2148 4820; x_wconf 84' lang='lat' dir='ltr'><strong>negat,</strong></span> 
     </span>
    </p>
   </div>
   <div class='ocr_carea' id='block_1_76' title="bbox 565 4822 2150 4903">
    <p class='ocr_par' dir='ltr' id='par_1_76' title="bbox 565 4822 2150 4903">
     <span class='ocr_line' id='line_1_77' title="bbox 565 4822 2150 4903; baseline 0.008 -29"><span class='ocrx_word' id='word_1_528' title='bbox 565 4822 879 4894; x_wconf 79' lang='lat' dir='ltr'><strong>frustraque</strong></span> <span class='ocrx_word' id='word_1_529' title='bbox 909 4825 1051 4894; x_wconf 87' lang='lat' dir='ltr'><strong>apud</strong></span> <span class='ocrx_word' id='word_1_530' title='bbox 1083 4835 1134 4882; x_wconf 88' lang='lat' dir='ltr'><strong>te</strong></span> <span class='ocrx_word' id='word_1_531' title='bbox 1157 4829 1391 4891; x_wconf 88' lang='lat' dir='ltr'><strong>canitur,</strong></span> <span class='ocrx_word' id='word_1_532' title='bbox 1425 4832 1608 4903; x_wconf 79' lang='lat' dir='ltr'><strong>specie</strong></span> <span class='ocrx_word' id='word_1_533' title='bbox 1656 4831 1808 4886; x_wconf 89' lang='lat' dir='ltr'><strong>illum</strong></span> <span class='ocrx_word' id='word_1_534' title='bbox 1849 4840 2010 4887; x_wconf 88' lang='lat' dir='ltr'><strong>tenus</strong></span> <span class='ocrx_word' id='word_1_535' title='bbox 2052 4847 2150 4902; x_wconf 90' lang='lat' dir='ltr'><strong>ap-</strong></span> 
     </span>
    </p>
   </div>
   <div class='ocr_carea' id='block_1_77' title="bbox 562 4916 2155 4989">
    <p class='ocr_par' dir='ltr' id='par_1_77' title="bbox 562 4916 2155 4989">
     <span class='ocr_line' id='line_1_78' title="bbox 562 4916 2155 4989; baseline 0.006 -18"><span class='ocrx_word' id='word_1_536' title='bbox 562 4916 832 4986; x_wconf 79' lang='lat' dir='ltr'><strong>paruisse.</strong></span> <span class='ocrx_word' id='word_1_537' title='bbox 857 4916 987 4972; x_wconf 88' lang='lat' dir='ltr'><strong>Item</strong></span> <span class='ocrx_word' id='word_1_538' title='bbox 1018 4918 1062 4975; x_wconf 74' lang='lat' dir='ltr'><strong>si</strong></span> <span class='ocrx_word' id='word_1_539' title='bbox 1089 4928 1411 4988; x_wconf 85' lang='lat' dir='ltr'><strong>potestatem</strong></span> <span class='ocrx_word' id='word_1_540' title='bbox 1443 4924 1604 4979; x_wconf 88' lang='lat' dir='ltr'><strong>habet</strong></span> <span class='ocrx_word' id='word_1_541' title='bbox 1635 4925 1689 4978; x_wconf 93' lang='lat' dir='ltr'><strong>in</strong></span> <span class='ocrx_word' id='word_1_542' title='bbox 1719 4931 2016 4989; x_wconf 88' lang='lat' dir='ltr'><strong>terra,_non</strong></span> <span class='ocrx_word' id='word_1_543' title='bbox 2050 4926 2155 4980; x_wconf 90' lang='lat' dir='ltr'><strong>erit</strong></span> 
     </span>
    </p>
   </div>
   <div class='ocr_carea' id='block_1_78' title="bbox 563 5006 2009 5084">
    <p class='ocr_par' dir='ltr' id='par_1_78' title="bbox 563 5006 2009 5084">
     <span class='ocr_line' id='line_1_79' title="bbox 563 5006 2009 5084; baseline 0.006 -22"><span class='ocrx_word' id='word_1_544' title='bbox 563 5020 706 5065; x_wconf 77' lang='lat' dir='ltr'><strong>terra</strong></span> <span class='ocrx_word' id='word_1_545' title='bbox 736 5011 806 5066; x_wconf 92' lang='lat' dir='ltr'><strong>ab</strong></span> <span class='ocrx_word' id='word_1_546' title='bbox 832 5011 1001 5076; x_wconf 89' lang='lat' dir='ltr'><strong>illius,</strong></span> <span class='ocrx_word' id='word_1_547' title='bbox 1042 5028 1107 5067; x_wconf 88' lang='lat' dir='ltr'><strong>ac</strong></span> <span class='ocrx_word' id='word_1_548' title='bbox 1130 5012 1307 5069; x_wconf 84' lang='lat' dir='ltr'><strong>Patris</strong></span> <span class='ocrx_word' id='word_1_549' title='bbox 1338 5015 1510 5084; x_wconf 91' lang='lat' dir='ltr'><strong>ipsius</strong></span> <span class='ocrx_word' id='word_1_550' title='bbox 1531 5015 1789 5084; x_wconf 89' lang='lat' dir='ltr'><strong>operibus</strong></span> <span class='ocrx_word' id='word_1_551' title='bbox 1813 5006 2009 5071; x_wconf 90' lang='lat' dir='ltr'><strong>aliena.</strong></span> 
     </span>
    </p>
   </div>
   <div class='ocr_carea' id='block_1_79' title="bbox 636 5100 2152 5170">
    <p class='ocr_par' dir='ltr' id='par_1_79' title="bbox 636 5100 2152 5170">
     <span class='ocr_line' id='line_1_80' title="bbox 636 5100 2152 5170; baseline 0.002 -14"><span class='ocrx_word' id='word_1_552' title='bbox 636 5100 821 5156; x_wconf 86' lang='lat' dir='ltr'><strong>Schol.</strong></span> <span class='ocrx_word' id='word_1_553' title='bbox 845 5102 896 5157; x_wconf 80' lang='grc'><strong>5.</strong></span> <span class='ocrx_word' id='word_1_554' title='bbox 930 5102 1189 5160; x_wconf 84' lang='lat' dir='ltr'><strong>Dominus</strong></span> <span class='ocrx_word' id='word_1_555' title='bbox 1218 5117 1293 5161; x_wconf 83' lang='lat' dir='ltr'><strong>est</strong></span> <span class='ocrx_word' id='word_1_556' title='bbox 1324 5104 1500 5160; x_wconf 84' lang='lat' dir='ltr'><strong>Filius</strong></span> <span class='ocrx_word' id='word_1_557' title='bbox 1541 5106 1789 5170; x_wconf 85' lang='lat' dir='ltr'><strong>hominis,</strong></span> <span class='ocrx_word' id='word_1_558' title='bbox 1822 5109 1983 5161; x_wconf 80' lang='lat' dir='ltr'><strong>etiam</strong></span> <span class='ocrx_word' id='word_1_559' title='bbox 2016 5106 2152 5162; x_wconf 88' lang='lat' dir='ltr'><strong>Sab-</strong></span> 
     </span>
    </p>
   </div>
   <div class='ocr_carea' id='block_1_80' title="bbox 565 5191 1739 5247">
    <p class='ocr_par' dir='ltr' id='par_1_80' title="bbox 565 5191 1739 5247">
     <span class='ocr_line' id='line_1_81' title="bbox 565 5191 1739 5247; baseline 0.009 -4"><span class='ocrx_word' id='word_1_560' title='bbox 565 5191 671 5246; x_wconf 87' lang='lat' dir='ltr'><strong>bati</strong></span> <span class='ocrx_word' id='word_1_561' title='bbox 698 5195 739 5247; x_wconf 75' lang='grc'><strong>⁴⁵.</strong></span> <span class='ocrx_word' id='word_1_562' title='bbox 1734 5206 1739 5211; x_wconf 72' lang='grc'><em>”</em></span> 
     </span>
    </p>
   </div>
   <div class='ocr_carea' id='block_1_81' title="bbox 640 5347 1013 5417">
    <p class='ocr_par' dir='ltr' id='par_1_81' title="bbox 640 5347 1013 5417">
     <span class='ocr_line' id='line_1_82' title="bbox 640 5347 1013 5417; baseline 0.008 -16"><span class='ocrx_word' id='word_1_563' title='bbox 640 5349 654 5378; x_wconf 83' lang='grc'>¹</span> <span class='ocrx_word' id='word_1_564' title='bbox 683 5347 815 5407; x_wconf 87' lang='lat' dir='ltr'><strong>lue.</strong></span> <span class='ocrx_word' id='word_1_565' title='bbox 844 5368 900 5417; x_wconf 85' lang='grc' dir='ltr'><strong>ν,</strong></span> <span class='ocrx_word' id='word_1_566' title='bbox 928 5354 1013 5406; x_wconf 73' lang='grc'><strong>14.</strong></span> 
     </span>
    </p>
   </div>
   <div class='ocr_carea' id='block_1_82' title="bbox 637 5526 2147 5608">
    <p class='ocr_par' dir='ltr' id='par_1_82' title="bbox 637 5526 2147 5608">
     <span class='ocr_line' id='line_1_83' title="bbox 637 5526 2147 5608; baseline 0.007 -24"><span class='ocrx_word' id='word_1_567' title='bbox 637 5526 752 5598; x_wconf 89' lang='lat'><strong>(66)</strong></span> <span class='ocrx_word' id='word_1_568' title='bbox 790 5526 918 5581; x_wconf 77' lang='grc' dir='ltr'>Κάν</span> <span class='ocrx_word' id='word_1_569' title='bbox 951 5545 1016 5608; x_wconf 63' lang='grc' dir='ltr'><strong>τε</strong></span> <span class='ocrx_word' id='word_1_570' title='bbox 1064 5531 1411 5608; x_wconf 61' lang='grc' dir='ltr'><strong>ἁποκόψῃς.</strong></span> <span class='ocrx_word' id='word_1_571' title='bbox 1441 5535 1600 5608; x_wconf 75' lang='lat' dir='ltr'><strong>Aliud</strong></span> <span class='ocrx_word' id='word_1_572' title='bbox 1645 5538 1755 5608; x_wconf 77' lang='lat' dir='ltr'><strong>egit</strong></span> <span class='ocrx_word' id='word_1_573' title='bbox 1787 5536 2147 5608; x_wconf 83' lang='lat' dir='ltr'><strong>Epiphanius,</strong></span> 
     </span>
    </p>
   </div>
   <div class='ocr_carea' id='block_1_83' title="bbox 564 5598 2141 5671">
    <p class='ocr_par' dir='ltr' id='par_1_83' title="bbox 564 5598 2141 5671">
     <span class='ocr_line' id='line_1_84' title="bbox 564 5598 2141 5671; baseline 0.004 -15"><span class='ocrx_word' id='word_1_574' title='bbox 564 5616 689 5671; x_wconf 85' lang='lat' dir='ltr'><strong>cum</strong></span> <span class='ocrx_word' id='word_1_575' title='bbox 721 5615 908 5671; x_wconf 72' lang='lat' dir='ltr'><strong>vocem</strong></span> <span class='ocrx_word' id='word_1_576' title='bbox 947 5598 1116 5670; x_wconf 77' lang='grc' dir='ltr'>δῶρον</span> <span class='ocrx_word' id='word_1_577' title='bbox 1169 5598 1510 5657; x_wconf 48' lang='grc' dir='ltr'>ιηειιξῖίίάθο</span> <span class='ocrx_word' id='word_1_578' title='bbox 1553 5598 1848 5661; x_wconf 45' lang='lat' dir='ltr'><strong>Marciane.</strong></span> <span class='ocrx_word' id='word_1_579' title='bbox 1874 5598 2141 5662; x_wconf 74' lang='lat' dir='ltr'><strong>sublatam</strong></span> 
     </span>
    </p>
   </div>
   <div class='ocr_carea' id='block_1_84' title="bbox 566 5667 2140 5742">
    <p class='ocr_par' dir='ltr' id='par_1_84' title="bbox 566 5667 2140 5742">
     <span class='ocr_line' id='line_1_85' title="bbox 566 5667 2140 5742; baseline 0.006 -19"><span class='ocrx_word' id='word_1_580' title='bbox 566 5669 817 5727; x_wconf 73' lang='lat' dir='ltr'><strong>credidit.</strong></span> <span class='ocrx_word' id='word_1_581' title='bbox 840 5667 1038 5739; x_wconf 78' lang='lat' dir='ltr'><strong>Neque</strong></span> <span class='ocrx_word' id='word_1_582' title='bbox 1055 5671 1198 5726; x_wconf 77' lang='lat' dir='ltr'><strong>enim</strong></span> <span class='ocrx_word' id='word_1_583' title='bbox 1230 5673 1371 5742; x_wconf 85' lang='lat' dir='ltr'><strong>apud</strong></span> <span class='ocrx_word' id='word_1_584' title='bbox 1404 5671 1623 5739; x_wconf 84' lang='lat' dir='ltr'><strong>Lucam,</strong></span> <span class='ocrx_word' id='word_1_585' title='bbox 1656 5687 1747 5731; x_wconf 85' lang='lat' dir='ltr'><strong>aut</strong></span> <span class='ocrx_word' id='word_1_586' title='bbox 1778 5676 2018 5731; x_wconf 83' lang='lat' dir='ltr'><strong>Marcum</strong></span> <span class='ocrx_word' id='word_1_587' title='bbox 2051 5695 2140 5733; x_wconf 87' lang='lat' dir='ltr'><strong>re-</strong></span> 
     </span>
    </p>
   </div>
   <div class='ocr_carea' id='block_1_85' title="bbox 568 5742 2143 5814">
    <p class='ocr_par' dir='ltr' id='par_1_85' title="bbox 568 5742 2143 5814">
     <span class='ocr_line' id='line_1_86' title="bbox 568 5742 2143 5814; baseline 0.005 -16"><span class='ocrx_word' id='word_1_588' title='bbox 568 5742 793 5809; x_wconf 82' lang='lat' dir='ltr'><strong>peritur.</strong></span> <span class='ocrx_word' id='word_1_589' title='bbox 820 5743 1018 5814; x_wconf 67' lang='lat' dir='ltr'><strong>Atque,</strong></span> <span class='ocrx_word' id='word_1_590' title='bbox 1050 5753 1107 5799; x_wconf 82' lang='lat' dir='ltr'><strong>ut</strong></span> <span class='ocrx_word' id='word_1_591' title='bbox 1138 5744 1349 5814; x_wconf 72' lang='lat' dir='ltr'><strong>opinor,</strong></span> <span class='ocrx_word' id='word_1_592' title='bbox 1382 5746 1484 5800; x_wconf 75' lang='lat' dir='ltr'><strong>luci</strong></span> <span class='ocrx_word' id='word_1_593' title='bbox 1518 5746 1744 5802; x_wconf 85' lang='lat' dir='ltr'><strong>alterius</strong></span> <span class='ocrx_word' id='word_1_594' title='bbox 1784 5748 2143 5807; x_wconf 86' lang='lat' dir='ltr'><strong>similitudine</strong></span> 
     </span>
    </p>
   </div>
   <div class='ocr_carea' id='block_1_86' title="bbox 2256 3106 3847 3180">
    <p class='ocr_par' dir='ltr' id='par_1_86' title="bbox 2256 3106 3847 3180">
     <span class='ocr_line' id='line_1_87' title="bbox 2256 3106 3847 3180; baseline 0.003 -21"><span class='ocrx_word' id='word_1_595' title='bbox 2256 3106 2356 3178; x_wconf 79' lang='grc' dir='ltr'>τὴν</span> <span class='ocrx_word' id='word_1_596' title='bbox 2402 3106 2498 3160; x_wconf 79' lang='grc' dir='ltr'><strong>τοῦ</strong></span> <span class='ocrx_word' id='word_1_597' title='bbox 2564 3107 2730 3178; x_wconf 78' lang='grc' dir='ltr'>νόμου</span> <span class='ocrx_word' id='word_1_598' title='bbox 2779 3107 3107 3180; x_wconf 74' lang='grc' dir='ltr'>ἱερωσύνην)</span> <span class='ocrx_word' id='word_1_599' title='bbox 3150 3108 3246 3162; x_wconf 79' lang='grc' dir='ltr'><strong>καὶ</strong></span> <span class='ocrx_word' id='word_1_600' title='bbox 3299 3106 3669 3179; x_wconf 71' lang='grc' dir='ltr'>προσένεγκε</span> <span class='ocrx_word' id='word_1_601' title='bbox 3712 3113 3847 3180; x_wconf 68' lang='grc' dir='ltr'>περὶ</span> 
     </span>
    </p>
   </div>
   <div class='ocr_carea' id='block_1_87' title="bbox 2256 3197 3846 3272">
    <p class='ocr_par' dir='ltr' id='par_1_87' title="bbox 2256 3197 3846 3272">
     <span class='ocr_line' id='line_1_88' title="bbox 2256 3197 3846 3272; baseline 0.003 -20"><span class='ocrx_word' id='word_1_602' title='bbox 2256 3197 2363 3254; x_wconf 86' lang='grc' dir='ltr'>τοῦ</span> <span class='ocrx_word' id='word_1_603' title='bbox 2389 3200 2758 3269; x_wconf 83' lang='grc' dir='ltr'>καθαρισμοῦ</span> <span class='ocrx_word' id='word_1_604' title='bbox 2785 3216 2938 3262; x_wconf 71' lang='grc' dir='ltr'>σονς</span> <span class='ocrx_word' id='word_1_605' title='bbox 2966 3202 3082 3256; x_wconf 81' lang='grc' dir='ltr'><strong>Κάν</strong></span> <span class='ocrx_word' id='word_1_606' title='bbox 3097 3219 3155 3254; x_wconf 91' lang='grc' dir='ltr'><strong>τε</strong></span> <span class='ocrx_word' id='word_1_607' title='bbox 3183 3199 3465 3272; x_wconf 59' lang='grc' dir='ltr'>ἀποκόῴῃς</span> <span class='ocrx_word' id='word_1_608' title='bbox 3492 3201 3603 3271; x_wconf 85' lang='lat'><strong>(66)</strong></span> <span class='ocrx_word' id='word_1_609' title='bbox 3631 3203 3715 3268; x_wconf 75' lang='grc' dir='ltr'><strong>τὸ,</strong></span> <span class='ocrx_word' id='word_1_610' title='bbox 3740 3204 3846 3256; x_wconf 78' lang='grc' dir='ltr'><strong>δῶ-</strong></span> 
     </span>
    </p>
   </div>
   <div class='ocr_carea' id='block_1_88' title="bbox 2248 3291 3846 3366">
    <p class='ocr_par' dir='ltr' id='par_1_88' title="bbox 2248 3291 3846 3366">
     <span class='ocr_line' id='line_1_89' title="bbox 2248 3291 3846 3366; baseline 0.004 -24"><span class='ocrx_word' id='word_1_611' title='bbox 2248 3306 2382 3358; x_wconf 81' lang='grc' dir='ltr'>ρον,</span> <span class='ocrx_word' id='word_1_612' title='bbox 2407 3292 2708 3361; x_wconf 82' lang='grc' dir='ltr'>φανήσεται</span> <span class='ocrx_word' id='word_1_613' title='bbox 2732 3292 2792 3345; x_wconf 80' lang='grc' dir='ltr'><strong>ἐκ</strong></span> <span class='ocrx_word' id='word_1_614' title='bbox 2830 3291 2948 3355; x_wconf 81' lang='grc' dir='ltr'>τοῦ,</span> <span class='ocrx_word' id='word_1_615' title='bbox 2974 3292 3364 3363; x_wconf 80' lang='grc' dir='ltr'>προσένεγκε,</span> <span class='ocrx_word' id='word_1_616' title='bbox 3403 3293 3485 3345; x_wconf 81' lang='grc' dir='ltr'>ὅτι</span> <span class='ocrx_word' id='word_1_617' title='bbox 3514 3295 3647 3365; x_wconf 74' lang='grc' dir='ltr'>περὶ</span> <span class='ocrx_word' id='word_1_618' title='bbox 3673 3293 3846 3366; x_wconf 83' lang='grc' dir='ltr'>δώρου</span> 
     </span>
    </p>
   </div>
   <div class='ocr_carea' id='block_1_89' title="bbox 2257 3380 3846 3451">
    <p class='ocr_par' dir='ltr' id='par_1_89' title="bbox 2257 3380 3846 3451">
     <span class='ocr_line' id='line_1_90' title="bbox 2257 3380 3846 3451; baseline 0.003 -18"><span class='ocrx_word' id='word_1_619' title='bbox 2257 3380 2426 3449; x_wconf 87' lang='grc' dir='ltr'>λέγει.</span> <span class='ocrx_word' id='word_1_620' title='bbox 2456 3381 2594 3450; x_wconf 77' lang='grc' dir='ltr'>Περὶ</span> <span class='ocrx_word' id='word_1_621' title='bbox 2614 3381 2720 3435; x_wconf 88' lang='grc' dir='ltr'>τοῦ</span> <span class='ocrx_word' id='word_1_622' title='bbox 2741 3380 3104 3451; x_wconf 82' lang='grc' dir='ltr'>καθαρισμοῦ</span> <span class='ocrx_word' id='word_1_623' title='bbox 3142 3397 3283 3446; x_wconf 88' lang='grc' dir='ltr'>σου,</span> <span class='ocrx_word' id='word_1_624' title='bbox 3301 3380 3495 3447; x_wconf 83' lang='grc' dir='ltr'>καθὼς</span> <span class='ocrx_word' id='word_1_625' title='bbox 3511 3382 3846 3450; x_wconf 76' lang='grc' dir='ltr'>προσέταξε</span> 
     </span>
    </p>
   </div>
   <div class='ocr_carea' id='block_1_90' title="bbox 2256 3472 3845 3547">
    <p class='ocr_par' dir='ltr' id='par_1_90' title="bbox 2256 3472 3845 3547">
     <span class='ocr_line' id='line_1_91' title="bbox 2256 3472 3845 3547; baseline 0.001 -20"><span class='ocrx_word' id='word_1_626' title='bbox 2256 3472 2539 3541; x_wconf 82' lang='grc' dir='ltr'>Μωῢσῆς.</span> <span class='ocrx_word' id='word_1_627' title='bbox 2574 3474 2637 3527; x_wconf 83' lang='grc' dir='ltr'><strong>Εἰ</strong></span> <span class='ocrx_word' id='word_1_628' title='bbox 2674 3473 2784 3545; x_wconf 84' lang='grc' dir='ltr'>γὰρ</span> <span class='ocrx_word' id='word_1_629' title='bbox 2808 3473 2903 3527; x_wconf 78' lang='grc' dir='ltr'>τοῦ</span> <span class='ocrx_word' id='word_1_630' title='bbox 2948 3472 3231 3538; x_wconf 82' lang='grc' dir='ltr'>Μωῦσέως</span> <span class='ocrx_word' id='word_1_631' title='bbox 3261 3473 3321 3527; x_wconf 73' lang='grc' dir='ltr'>τὸ</span> <span class='ocrx_word' id='word_1_632' title='bbox 3351 3474 3684 3546; x_wconf 76' lang='grc' dir='ltr'>πρόσταγμα</span> <span class='ocrx_word' id='word_1_633' title='bbox 3714 3493 3845 3547; x_wconf 84' lang='grc' dir='ltr'>συμ-</span> 
     </span>
    </p>
   </div>
   <div class='ocr_carea' id='block_1_91' title="bbox 2258 3563 3846 3639">
    <p class='ocr_par' dir='ltr' id='par_1_91' title="bbox 2258 3563 3846 3639">
     <span class='ocr_line' id='line_1_92' title="bbox 2258 3563 3846 3639; baseline 0.001 -23"><span class='ocrx_word' id='word_1_634' title='bbox 2258 3563 2502 3617; x_wconf 75' lang='grc' dir='ltr'>ϐουλεύει</span> <span class='ocrx_word' id='word_1_635' title='bbox 2542 3564 2829 3633; x_wconf 80' lang='grc' dir='ltr'>γενέσθαι,</span> <span class='ocrx_word' id='word_1_636' title='bbox 2861 3564 2963 3617; x_wconf 72' lang='grc' dir='ltr'><strong>οὐκ</strong></span> <span class='ocrx_word' id='word_1_637' title='bbox 3008 3563 3212 3628; x_wconf 85' lang='grc' dir='ltr'>ἀθετεῖ,</span> <span class='ocrx_word' id='word_1_638' title='bbox 3242 3565 3363 3618; x_wconf 77' lang='grc' dir='ltr'>οὐδὲ</span> <span class='ocrx_word' id='word_1_639' title='bbox 3412 3564 3729 3639; x_wconf 73' lang='grc' dir='ltr'>βλασφημεῖ</span> <span class='ocrx_word' id='word_1_640' title='bbox 3760 3567 3846 3619; x_wconf 68' lang='grc' dir='ltr'>τὸν</span> 
     </span>
    </p>
   </div>
   <div class='ocr_carea' id='block_1_92' title="bbox 2257 3655 3844 3727">
    <p class='ocr_par' dir='ltr' id='par_1_92' title="bbox 2257 3655 3844 3727">
     <span class='ocr_line' id='line_1_93' title="bbox 2257 3655 3844 3727; baseline 0.002 -19"><span class='ocrx_word' id='word_1_641' title='bbox 2257 3655 2390 3709; x_wconf 76' lang='grc' dir='ltr'>Θεὸν</span> <span class='ocrx_word' id='word_1_642' title='bbox 2423 3655 2516 3708; x_wconf 77' lang='grc' dir='ltr'><strong>τοῦ</strong></span> <span class='ocrx_word' id='word_1_643' title='bbox 2551 3656 2738 3727; x_wconf 82' lang='grc' dir='ltr'>νόμου.</span> <span class='ocrx_word' id='word_1_644' title='bbox 2779 3655 2941 3710; x_wconf 78' lang='grc' dir='ltr'>Ἀλλὰ</span> <span class='ocrx_word' id='word_1_645' title='bbox 2980 3656 3233 3727; x_wconf 87' lang='grc' dir='ltr'>ὁμολογεί</span> <span class='ocrx_word' id='word_1_646' title='bbox 3265 3657 3358 3710; x_wconf 70' lang='grc' dir='ltr'>καὶ</span> <span class='ocrx_word' id='word_1_647' title='bbox 3400 3657 3585 3723; x_wconf 75' lang='grc' dir='ltr'>αὐτὸν,</span> <span class='ocrx_word' id='word_1_648' title='bbox 3627 3658 3725 3711; x_wconf 71' lang='grc' dir='ltr'>καὶ</span> <span class='ocrx_word' id='word_1_649' title='bbox 3759 3658 3844 3711; x_wconf 70' lang='grc' dir='ltr'><strong>τὸν</strong></span> 
     </span>
    </p>
   </div>
   <div class='ocr_carea' id='block_1_93' title="bbox 2257 3744 3957 3819">
    <p class='ocr_par' dir='ltr' id='par_1_93' title="bbox 2257 3744 3957 3819">
     <span class='ocr_line' id='line_1_94' title="bbox 2257 3744 3957 3819; baseline 0.002 -21"><span class='ocrx_word' id='word_1_650' title='bbox 2257 3744 2423 3798; x_wconf 78' lang='grc' dir='ltr'>αὐτοῦ</span> <span class='ocrx_word' id='word_1_651' title='bbox 2451 3746 2674 3817; x_wconf 80' lang='grc' dir='ltr'>Πατέρα</span> <span class='ocrx_word' id='word_1_652' title='bbox 2703 3746 2840 3800; x_wconf 76' lang='grc' dir='ltr'>Θεὸν</span> <span class='ocrx_word' id='word_1_653' title='bbox 2872 3747 2965 3800; x_wconf 78' lang='grc' dir='ltr'>τὸν</span> <span class='ocrx_word' id='word_1_654' title='bbox 2997 3746 3161 3819; x_wconf 83' lang='grc' dir='ltr'>νόμον</span> <span class='ocrx_word' id='word_1_655' title='bbox 3189 3748 3267 3818; x_wconf 82' lang='grc' dir='ltr'>τῷ</span> <span class='ocrx_word' id='word_1_656' title='bbox 3288 3750 3513 3802; x_wconf 82' lang='grc' dir='ltr'>Μωῦσεῖ</span> <span class='ocrx_word' id='word_1_657' title='bbox 3534 3748 3843 3802; x_wconf 80' lang='grc' dir='ltr'>δεδωκέναι.</span> <span class='ocrx_word' id='word_1_658' title='bbox 3950 3784 3957 3787; x_wconf 58' lang='grc' dir='ltr'><em>ν</em></span> 
     </span>
    </p>
   </div>
   <div class='ocr_carea' id='block_1_94' title="bbox 2256 3833 3844 3911">
    <p class='ocr_par' dir='ltr' id='par_1_94' title="bbox 2256 3833 3844 3911">
     <span class='ocr_line' id='line_1_95' title="bbox 2256 3833 3844 3911; baseline 0.001 -21"><span class='ocrx_word' id='word_1_659' title='bbox 2256 3837 2591 3910; x_wconf 73' lang='grc' dir='ltr'>Διέστρεψας</span> <span class='ocrx_word' id='word_1_660' title='bbox 2629 3837 2685 3892; x_wconf 84' lang='grc' dir='ltr'>δὲ</span> <span class='ocrx_word' id='word_1_661' title='bbox 2732 3838 2792 3892; x_wconf 82' lang='grc' dir='ltr'>τὸ</span> <span class='ocrx_word' id='word_1_662' title='bbox 2843 3839 3029 3911; x_wconf 78' lang='grc' dir='ltr'>ῥητὸν,</span> <span class='ocrx_word' id='word_1_663' title='bbox 3061 3833 3106 3893; x_wconf 81' lang='grc' dir='ltr'>ὦ</span> <span class='ocrx_word' id='word_1_664' title='bbox 3153 3840 3442 3910; x_wconf 86' lang='grc' dir='ltr'>Μαρκίων.</span> <span class='ocrx_word' id='word_1_665' title='bbox 3477 3840 3625 3895; x_wconf 76' lang='grc' dir='ltr'>Ἀντὶ</span> <span class='ocrx_word' id='word_1_666' title='bbox 3664 3841 3724 3894; x_wconf 79' lang='grc' dir='ltr'>δὲ</span> <span class='ocrx_word' id='word_1_667' title='bbox 3755 3838 3844 3893; x_wconf 75' lang='grc' dir='ltr'>τοῦ</span> 
     </span>
    </p>
   </div>
   <div class='ocr_carea' id='block_1_95' title="bbox 2257 3930 3842 3999">
    <p class='ocr_par' dir='ltr' id='par_1_95' title="bbox 2257 3930 3842 3999">
     <span class='ocr_line' id='line_1_96' title="bbox 2257 3930 3842 3999; baseline -0.001 -18"><span class='ocrx_word' id='word_1_668' title='bbox 2257 3930 2451 3995; x_wconf 80' lang='grc' dir='ltr'>εἰπεῖν,</span> <span class='ocrx_word' id='word_1_669' title='bbox 2493 3931 2584 3994; x_wconf 85' lang='grc' dir='ltr'>εις</span> <span class='ocrx_word' id='word_1_670' title='bbox 2622 3930 2953 3997; x_wconf 77' lang='grc' dir='ltr'>μαρτύριον</span> <span class='ocrx_word' id='word_1_671' title='bbox 2988 3930 3229 3997; x_wconf 80' lang='grc' dir='ltr'>αὐτοῖς,</span> <span class='ocrx_word' id='word_1_672' title='bbox 3252 3932 3602 3999; x_wconf 70' lang='grc' dir='ltr'>μαρτιζφιον,</span> <span class='ocrx_word' id='word_1_673' title='bbox 3650 3931 3842 3997; x_wconf 69' lang='grc' dir='ltr'>λέγων,</span> 
     </span>
    </p>
   </div>
   <div class='ocr_carea' id='block_1_96' title="bbox 2256 4017 3842 4091">
    <p class='ocr_par' dir='ltr' id='par_1_96' title="bbox 2256 4017 3842 4091">
     <span class='ocr_line' id='line_1_97' title="bbox 2256 4017 3842 4091; baseline -0.002 -17"><span class='ocrx_word' id='word_1_674' title='bbox 2256 4018 2420 4088; x_wconf 80' lang='grc' dir='ltr'>ὑμῖν.</span> <span class='ocrx_word' id='word_1_675' title='bbox 2455 4018 2566 4071; x_wconf 79' lang='grc' dir='ltr'>Καὶ</span> <span class='ocrx_word' id='word_1_676' title='bbox 2606 4017 2766 4071; x_wconf 83' lang='grc' dir='ltr'>τοῦτο</span> <span class='ocrx_word' id='word_1_677' title='bbox 2804 4019 2995 4089; x_wconf 80' lang='grc' dir='ltr'>σαφῶς</span> <span class='ocrx_word' id='word_1_678' title='bbox 3045 4020 3261 4090; x_wconf 76' lang='grc' dir='ltr'>ἐψεύσω</span> <span class='ocrx_word' id='word_1_679' title='bbox 3313 4020 3455 4073; x_wconf 83' lang='grc' dir='ltr'>κατά</span> <span class='ocrx_word' id='word_1_680' title='bbox 3495 4021 3596 4091; x_wconf 75' lang='grc' dir='ltr'>τῆς</span> <span class='ocrx_word' id='word_1_681' title='bbox 3649 4019 3842 4075; x_wconf 74' lang='grc' dir='ltr'>σαυτοῦ</span> 
     </span>
    </p>
   </div>
   <div class='ocr_carea' id='block_1_97' title="bbox 2256 4108 3835 4183">
    <p class='ocr_par' dir='ltr' id='par_1_97' title="bbox 2256 4108 3835 4183">
     <span class='ocr_line' id='line_1_98' title="bbox 2256 4108 3835 4183; baseline 0.002 -20"><span class='ocrx_word' id='word_1_682' title='bbox 2256 4109 2519 4179; x_wconf 81' lang='grc' dir='ltr'>κεφαλῆς.</span> <span class='ocrx_word' id='word_1_683' title='bbox 2558 4109 2622 4162; x_wconf 81' lang='lat' dir='ltr'><strong>Ei</strong></span> <span class='ocrx_word' id='word_1_684' title='bbox 2658 4108 2768 4180; x_wconf 83' lang='grc' dir='ltr'><strong>γὰρ</strong></span> <span class='ocrx_word' id='word_1_685' title='bbox 2793 4111 3125 4180; x_wconf 77' lang='grc' dir='ltr'>μαρτύριον</span> <span class='ocrx_word' id='word_1_686' title='bbox 3148 4114 3292 4181; x_wconf 78' lang='grc' dir='ltr'><strong>ὑμῖν</strong></span> <span class='ocrx_word' id='word_1_687' title='bbox 3324 4112 3531 4180; x_wconf 78' lang='grc' dir='ltr'>ἔλεγεν,</span> <span class='ocrx_word' id='word_1_688' title='bbox 3566 4113 3835 4183; x_wconf 78' lang='grc' dir='ltr'>ὲμμάρτυ-</span> 
     </span>
    </p>
   </div>
   <div class='ocr_carea' id='block_1_98' title="bbox 2259 4198 3839 4276">
    <p class='ocr_par' dir='ltr' id='par_1_98' title="bbox 2259 4198 3839 4276">
     <span class='ocr_line' id='line_1_99' title="bbox 2259 4198 3839 4276; baseline 0.002 -23"><span class='ocrx_word' id='word_1_689' title='bbox 2259 4217 2350 4272; x_wconf 89' lang='grc' dir='ltr'><strong>ρον</strong></span> <span class='ocrx_word' id='word_1_690' title='bbox 2381 4201 2543 4254; x_wconf 83' lang='grc' dir='ltr'>αὐτὸν</span> <span class='ocrx_word' id='word_1_691' title='bbox 2575 4201 2772 4265; x_wconf 79' lang='grc' dir='ltr'>ἐποίει,</span> <span class='ocrx_word' id='word_1_692' title='bbox 2799 4203 2882 4255; x_wconf 79' lang='grc' dir='ltr'><strong>ὅτι</strong></span> <span class='ocrx_word' id='word_1_693' title='bbox 2919 4204 3018 4257; x_wconf 81' lang='grc' dir='ltr'><strong>οὐκ</strong></span> <span class='ocrx_word' id='word_1_694' title='bbox 3061 4198 3195 4274; x_wconf 78' lang='grc' dir='ltr'>ἦλθε</span> <span class='ocrx_word' id='word_1_695' title='bbox 3226 4204 3531 4258; x_wconf 75' lang='grc' dir='ltr'>καταλῦσαι</span> <span class='ocrx_word' id='word_1_696' title='bbox 3560 4204 3654 4257; x_wconf 81' lang='grc' dir='ltr'>τὸν</span> <span class='ocrx_word' id='word_1_697' title='bbox 3685 4205 3839 4276; x_wconf 63' lang='grc' dir='ltr'>νόμον</span> 
     </span>
    </p>
   </div>
   <div class='ocr_carea' id='block_1_99' title="bbox 2255 4294 3300 4369">
    <p class='ocr_par' dir='ltr' id='par_1_99' title="bbox 2255 4294 3300 4369">
     <span class='ocr_line' id='line_1_100' title="bbox 2255 4294 3300 4369; baseline 0.004 -22"><span class='ocrx_word' id='word_1_698' title='bbox 2255 4294 2288 4365; x_wconf 83' lang='grc' dir='ltr'>ἢ</span> <span class='ocrx_word' id='word_1_699' title='bbox 2325 4295 2453 4358; x_wconf 73' lang='grc' dir='ltr'>τοὺς</span> <span class='ocrx_word' id='word_1_700' title='bbox 2480 4296 2789 4366; x_wconf 78' lang='grc' dir='ltr'>προφήτας,</span> <span class='ocrx_word' id='word_1_701' title='bbox 2824 4295 2961 4350; x_wconf 80' lang='grc' dir='ltr'>ἀλλὰ</span> <span class='ocrx_word' id='word_1_702' title='bbox 2992 4297 3300 4369; x_wconf 82' lang='grc' dir='ltr'>πληρῶσαι.</span> 
     </span>
    </p>
   </div>
   <div class='ocr_carea' id='block_1_100' title="bbox 2327 4385 3837 4458">
    <p class='ocr_par' dir='ltr' id='par_1_100' title="bbox 2327 4385 3837 4458">
     <span class='ocr_line' id='line_1_101' title="bbox 2327 4385 3837 4458; baseline 0.001 -20"><span class='ocrx_word' id='word_1_703' title='bbox 2327 4386 2547 4456; x_wconf 86' lang='grc' dir='ltr'>Σχόλιον</span> <span class='ocrx_word' id='word_1_704' title='bbox 2570 4385 2634 4456; x_wconf 83' lang='grc' dir='ltr'><strong>β’.</strong></span> <span class='ocrx_word' id='word_1_705' title='bbox 2674 4388 2812 4440; x_wconf 83' lang='grc' dir='ltr'><strong>Ἵνα</strong></span> <span class='ocrx_word' id='word_1_706' title='bbox 2851 4387 2920 4441; x_wconf 77' lang='grc' dir='ltr'>δὲ</span> <span class='ocrx_word' id='word_1_707' title='bbox 2943 4388 3143 4457; x_wconf 82' lang='grc' dir='ltr'>εἰδῆτε</span> <span class='ocrx_word' id='word_1_708' title='bbox 3168 4429 3182 4452; x_wconf 91' lang='grc'><strong>,</strong></span> <span class='ocrx_word' id='word_1_709' title='bbox 3236 4390 3328 4443; x_wconf 81' lang='grc' dir='ltr'>ὅτι</span> <span class='ocrx_word' id='word_1_710' title='bbox 3379 4388 3675 4453; x_wconf 74' lang='grc' dir='ltr'>ἐξουσίαν</span> <span class='ocrx_word' id='word_1_711' title='bbox 3720 4389 3837 4458; x_wconf 75' lang='grc' dir='ltr'>ἔχει</span> 
     </span>
    </p>
   </div>
   <div class='ocr_carea' id='block_1_101' title="bbox 2256 4470 3836 4548">
    <p class='ocr_par' dir='ltr' id='par_1_101' title="bbox 2256 4470 3836 4548">
     <span class='ocr_line' id='line_1_102' title="bbox 2256 4470 3836 4548; baseline 0.004 -23"><span class='ocrx_word' id='word_1_712' title='bbox 2256 4474 2290 4525; x_wconf 84' lang='grc' dir='ltr'><strong><em>ό</em></strong></span> <span class='ocrx_word' id='word_1_713' title='bbox 2332 4470 2466 4538; x_wconf 73' lang='grc' dir='ltr'><strong>Υἱὸς</strong></span> <span class='ocrx_word' id='word_1_714' title='bbox 2491 4473 2599 4527; x_wconf 83' lang='grc' dir='ltr'>τοῦ</span> <span class='ocrx_word' id='word_1_715' title='bbox 2633 4474 2952 4544; x_wconf 77' lang='grc' dir='ltr'>ἀνθρώπου</span> <span class='ocrx_word' id='word_1_716' title='bbox 2995 4477 3232 4546; x_wconf 59' lang='grc' dir='ltr'>ἀφιέναι</span> <span class='ocrx_word' id='word_1_717' title='bbox 3268 4478 3559 4548; x_wconf 83' lang='grc' dir='ltr'>ἁμαρτίας</span> <span class='ocrx_word' id='word_1_718' title='bbox 3594 4477 3697 4532; x_wconf 75' lang='grc' dir='ltr'><strong>ἐπὶ</strong></span> <span class='ocrx_word' id='word_1_719' title='bbox 3733 4476 3836 4546; x_wconf 81' lang='grc' dir='ltr'>τῆς</span> 
     </span>
    </p>
   </div>
   <div class='ocr_carea' id='block_1_102' title="bbox 2255 4580 2803 4632">
    <p class='ocr_par' dir='ltr' id='par_1_102' title="bbox 2255 4580 2803 4632">
     <span class='ocr_line' id='line_1_103' title="bbox 2255 4580 2803 4632; baseline 0.002 0"><span class='ocrx_word' id='word_1_720' title='bbox 2255 4580 2389 4632; x_wconf 72' lang='grc' dir='ltr'><strong>της.</strong></span> <span class='ocrx_word' id='word_1_721' title='bbox 2786 4598 2803 4612; x_wconf 70' lang='grc' dir='ltr'><strong>τ</strong></span> 
     </span>
    </p>
   </div>
   <div class='ocr_carea' id='block_1_103' title="bbox 2332 4640 3835 4733">
    <p class='ocr_par' dir='ltr' id='par_1_103' title="bbox 2332 4640 3835 4733">
     <span class='ocr_line' id='line_1_104' title="bbox 2332 4640 3835 4733; baseline 0.003 -26"><span class='ocrx_word' id='word_1_722' title='bbox 2332 4655 2553 4727; x_wconf 85' lang='grc' dir='ltr'>Ἔλεγχ.</span> <span class='ocrx_word' id='word_1_723' title='bbox 2594 4656 2659 4725; x_wconf 85' lang='grc' dir='ltr'><strong>β’.</strong></span> <span class='ocrx_word' id='word_1_724' title='bbox 2700 4658 2764 4711; x_wconf 82' lang='grc' dir='ltr'><strong>Εἰ</strong></span> <span class='ocrx_word' id='word_1_725' title='bbox 2811 4653 2904 4712; x_wconf 78' lang='grc' dir='ltr'><strong>οὖν</strong></span> <span class='ocrx_word' id='word_1_726' title='bbox 2940 4659 3069 4713; x_wconf 81' lang='grc' dir='ltr'>Υἱὸν</span> <span class='ocrx_word' id='word_1_727' title='bbox 3104 4640 3394 4733; x_wconf 69' lang='grc' dir='ltr'>ἀνθρώπου</span> <span class='ocrx_word' id='word_1_728' title='bbox 3438 4661 3631 4714; x_wconf 73' lang='grc' dir='ltr'>ἑαυτὸν</span> <span class='ocrx_word' id='word_1_729' title='bbox 3663 4658 3835 4720; x_wconf 81' lang='grc' dir='ltr'>καλεῖ.</span> 
     </span>
    </p>
   </div>
   <div class='ocr_carea' id='block_1_104' title="bbox 2258 4747 3835 4823">
    <p class='ocr_par' dir='ltr' id='par_1_104' title="bbox 2258 4747 3835 4823">
     <span class='ocr_line' id='line_1_105' title="bbox 2258 4747 3835 4823; baseline 0.001 -22"><span class='ocrx_word' id='word_1_730' title='bbox 2258 4747 2359 4801; x_wconf 78' lang='grc' dir='ltr'><strong>οὐκ</strong></span> <span class='ocrx_word' id='word_1_731' title='bbox 2396 4747 2639 4820; x_wconf 85' lang='grc' dir='ltr'>ἀρνεῖται</span> <span class='ocrx_word' id='word_1_732' title='bbox 2683 4750 2785 4822; x_wconf 84' lang='grc' dir='ltr'>τὴν</span> <span class='ocrx_word' id='word_1_733' title='bbox 2826 4750 3242 4823; x_wconf 78' lang='grc' dir='ltr'>ὲνανθρώπησιν</span> <span class='ocrx_word' id='word_1_734' title='bbox 3282 4754 3312 4806; x_wconf 87' lang='grc' dir='ltr'>ὁ</span> <span class='ocrx_word' id='word_1_735' title='bbox 3358 4752 3701 4823; x_wconf 79' lang='grc' dir='ltr'>Μονογενής’</span> <span class='ocrx_word' id='word_1_736' title='bbox 3744 4751 3835 4804; x_wconf 67' lang='grc' dir='ltr'><strong>καὶ</strong></span> 
     </span>
    </p>
   </div>
   <div class='ocr_carea' id='block_1_105' title="bbox 2265 4836 3835 4914">
    <p class='ocr_par' dir='ltr' id='par_1_105' title="bbox 2265 4836 3835 4914">
     <span class='ocr_line' id='line_1_106' title="bbox 2265 4836 3835 4914; baseline -0.009 -7"><span class='ocrx_word' id='word_1_737' title='bbox 2265 4836 2442 4908; x_wconf 82' lang='grc' dir='ltr'>μάτην</span> <span class='ocrx_word' id='word_1_738' title='bbox 2484 4838 2637 4911; x_wconf 81' lang='grc' dir='ltr'>παρὰ</span> <span class='ocrx_word' id='word_1_739' title='bbox 2675 4842 2760 4893; x_wconf 79' lang='grc' dir='ltr'>σοὶ</span> <span class='ocrx_word' id='word_1_740' title='bbox 2789 4839 2974 4912; x_wconf 84' lang='grc' dir='ltr'>ᾅδεται</span> <span class='ocrx_word' id='word_1_741' title='bbox 3013 4842 3073 4894; x_wconf 85' lang='grc' dir='ltr'>τὸ</span> <span class='ocrx_word' id='word_1_742' title='bbox 3119 4843 3337 4914; x_wconf 84' lang='grc' dir='ltr'>δοκήσει</span> <span class='ocrx_word' id='word_1_743' title='bbox 3379 4842 3692 4913; x_wconf 68' lang='grc' dir='ltr'>πεφηνέναι.</span> <span class='ocrx_word' id='word_1_744' title='bbox 3730 4842 3835 4893; x_wconf 76' lang='grc' dir='ltr'><strong>Καὶ</strong></span> 
     </span>
    </p>
   </div>
   <div class='ocr_carea' id='block_1_106' title="bbox 2260 4929 3829 5007">
    <p class='ocr_par' dir='ltr' id='par_1_106' title="bbox 2260 4929 3829 5007">
     <span class='ocr_line' id='line_1_107' title="bbox 2260 4929 3829 5007; baseline 0.003 -25"><span class='ocrx_word' id='word_1_745' title='bbox 2260 4931 2309 4983; x_wconf 82' lang='grc' dir='ltr'>εἰ</span> <span class='ocrx_word' id='word_1_746' title='bbox 2348 4929 2462 5002; x_wconf 82' lang='grc' dir='ltr'>ἔχει</span> <span class='ocrx_word' id='word_1_747' title='bbox 2506 4930 2756 4996; x_wconf 78' lang='grc' dir='ltr'>ἐξουσίαν</span> <span class='ocrx_word' id='word_1_748' title='bbox 2804 4935 2900 4987; x_wconf 78' lang='grc' dir='ltr'><strong>ἐπὶ</strong></span> <span class='ocrx_word' id='word_1_749' title='bbox 2942 4935 3043 5006; x_wconf 79' lang='grc' dir='ltr'>τῆς</span> <span class='ocrx_word' id='word_1_750' title='bbox 3077 4935 3199 5006; x_wconf 82' lang='grc' dir='ltr'>γῆς,</span> <span class='ocrx_word' id='word_1_751' title='bbox 3247 4936 3348 4988; x_wconf 84' lang='grc' dir='ltr'><strong>οὐκ</strong></span> <span class='ocrx_word' id='word_1_752' title='bbox 3386 4934 3647 5007; x_wconf 78' lang='grc' dir='ltr'>ἀλλοτρία</span> <span class='ocrx_word' id='word_1_753' title='bbox 3682 4935 3714 5005; x_wconf 78' lang='grc' dir='ltr'><strong>η</strong></span> <span class='ocrx_word' id='word_1_754' title='bbox 3765 4935 3829 5003; x_wconf 78' lang='grc' dir='ltr'><strong><em>γῖ</em></strong></span> 
     </span>
    </p>
   </div>
   <div class='ocr_carea' id='block_1_107' title="bbox 2258 5016 3827 5098">
    <p class='ocr_par' dir='ltr' id='par_1_107' title="bbox 2258 5016 3827 5098">
     <span class='ocr_line' id='line_1_108' title="bbox 2258 5016 3827 5098; baseline 0.004 -26"><span class='ocrx_word' id='word_1_755' title='bbox 2258 5020 2368 5073; x_wconf 86' lang='grc' dir='ltr'>τῶν</span> <span class='ocrx_word' id='word_1_756' title='bbox 2395 5020 2561 5075; x_wconf 79' lang='grc' dir='ltr'>αὐτοῦ</span> <span class='ocrx_word' id='word_1_757' title='bbox 2601 5024 2923 5093; x_wconf 84' lang='grc' dir='ltr'>ποιημάτων</span> <span class='ocrx_word' id='word_1_758' title='bbox 2962 5025 3056 5078; x_wconf 69' lang='grc' dir='ltr'><strong>καὶ</strong></span> <span class='ocrx_word' id='word_1_759' title='bbox 3085 5025 3178 5078; x_wconf 81' lang='grc' dir='ltr'>τοῦ</span> <span class='ocrx_word' id='word_1_760' title='bbox 3200 5025 3366 5079; x_wconf 81' lang='grc' dir='ltr'>αὑτοῦ</span> <span class='ocrx_word' id='word_1_761' title='bbox 3393 5027 3629 5098; x_wconf 81' lang='grc' dir='ltr'>Πατρός.</span> 
     </span>
    </p>
   </div>
   <div class='ocr_carea' id='block_1_108' title="bbox 2328 5104 3825 5187">
    <p class='ocr_par' dir='ltr' id='par_1_108' title="bbox 2328 5104 3825 5187">
     <span class='ocr_line' id='line_1_109' title="bbox 2328 5104 3825 5187; baseline 0.009 -23"><span class='ocrx_word' id='word_1_762' title='bbox 2328 5111 2484 5183; x_wconf 84' lang='grc' dir='ltr'><strong>Σχόλ.</strong></span> <span class='ocrx_word' id='word_1_763' title='bbox 2526 5108 2609 5182; x_wconf 56' lang='grc' dir='ltr'><strong>γ’.</strong></span> <span class='ocrx_word' id='word_1_764' title='bbox 2644 5116 2859 5182; x_wconf 84' lang='grc' dir='ltr'>Κύριός</span> <span class='ocrx_word' id='word_1_765' title='bbox 2900 5117 3071 5170; x_wconf 77' lang='grc' dir='ltr'>ἐστιν</span> <span class='ocrx_word' id='word_1_766' title='bbox 3110 5120 3144 5171; x_wconf 77' lang='grc' dir='ltr'><em>δ</em></span> <span class='ocrx_word' id='word_1_767' title='bbox 3178 5117 3311 5184; x_wconf 81' lang='grc' dir='ltr'><strong>Υἱὸς</strong></span> <span class='ocrx_word' id='word_1_768' title='bbox 3352 5117 3461 5173; x_wconf 81' lang='grc' dir='ltr'>τοῦ</span> <span class='ocrx_word' id='word_1_769' title='bbox 3506 5104 3825 5187; x_wconf 65' lang='grc' dir='ltr'><strong>ἀνθρὼποις’</strong></span> 
     </span>
    </p>
   </div>
   <div class='ocr_carea' id='block_1_109' title="bbox 2258 5204 3831 5261">
    <p class='ocr_par' dir='ltr' id='par_1_109' title="bbox 2258 5204 3831 5261">
     <span class='ocr_line' id='line_1_110' title="bbox 2258 5204 3831 5261; baseline 0.006 -4"><span class='ocrx_word' id='word_1_770' title='bbox 2258 5204 2355 5257; x_wconf 75' lang='grc' dir='ltr'><strong>καὶ</strong></span> <span class='ocrx_word' id='word_1_771' title='bbox 2387 5205 2495 5259; x_wconf 87' lang='grc' dir='ltr'>τοῦ</span> <span class='ocrx_word' id='word_1_772' title='bbox 2525 5206 2849 5261; x_wconf 73' lang='grc' dir='ltr'>Σαιτϐάτου.</span> <span class='ocrx_word' id='word_1_773' title='bbox 3821 5210 3831 5243; x_wconf 64' lang='grc' dir='ltr'>λ</span> 
     </span>
    </p>
   </div>
   <div class='ocr_carea' id='block_1_110' title="bbox 1093 5354 2466 5425">
    <p class='ocr_par' dir='ltr' id='par_1_110' title="bbox 1093 5354 2466 5425">
     <span class='ocr_line' id='line_1_111' title="bbox 1093 5354 2466 5425; baseline 0.007 -18"><span class='ocrx_word' id='word_1_774' title='bbox 1093 5357 1112 5383; x_wconf 83' lang='grc'>’</span> <span class='ocrx_word' id='word_1_775' title='bbox 1140 5354 1326 5409; x_wconf 83' lang='lat' dir='ltr'><strong>Matth.</strong></span> <span class='ocrx_word' id='word_1_776' title='bbox 1359 5374 1409 5420; x_wconf 71' lang='grc' dir='ltr'><strong>ν,</strong></span> <span class='ocrx_word' id='word_1_777' title='bbox 1446 5357 1531 5411; x_wconf 80' lang='lat' dir='ltr'><strong>i7.</strong></span> <span class='ocrx_word' id='word_1_778' title='bbox 1610 5358 1629 5387; x_wconf 88' lang='grc'>³</span> <span class='ocrx_word' id='word_1_779' title='bbox 1666 5355 1799 5412; x_wconf 73' lang='lat' dir='ltr'><strong>Luc.</strong></span> <span class='ocrx_word' id='word_1_780' title='bbox 1829 5375 1882 5421; x_wconf 83' lang='grc' dir='ltr'><strong>ν,</strong></span> <span class='ocrx_word' id='word_1_781' title='bbox 1915 5357 2005 5412; x_wconf 70' lang='grc'><strong>24.</strong></span> <span class='ocrx_word' id='word_1_782' title='bbox 2082 5356 2103 5389; x_wconf 74' lang='grc'><strong>’⁵</strong></span> <span class='ocrx_word' id='word_1_783' title='bbox 2128 5356 2260 5413; x_wconf 84' lang='lat' dir='ltr'><strong>Luc.</strong></span> <span class='ocrx_word' id='word_1_784' title='bbox 2294 5375 2370 5425; x_wconf 71' lang='lat' dir='ltr'><strong>vr,</strong></span> <span class='ocrx_word' id='word_1_785' title='bbox 2412 5361 2466 5416; x_wconf 79' lang='grc'><strong>5.</strong></span> 
     </span>
    </p>
   </div>
   <div class='ocr_carea' id='block_1_111' title="bbox 2261 5541 3834 5620">
    <p class='ocr_par' dir='ltr' id='par_1_111' title="bbox 2261 5541 3834 5620">
     <span class='ocr_line' id='line_1_112' title="bbox 2261 5541 3834 5620; baseline 0.003 -24"><span class='ocrx_word' id='word_1_786' title='bbox 2261 5541 2543 5620; x_wconf 80' lang='lat' dir='ltr'><strong>deceptus.</strong></span> <span class='ocrx_word' id='word_1_787' title='bbox 2572 5544 2666 5614; x_wconf 82' lang='lat' dir='ltr'><strong>qui</strong></span> <span class='ocrx_word' id='word_1_788' title='bbox 2691 5556 2774 5620; x_wconf 73' lang='lat' dir='ltr'><strong>est</strong></span> <span class='ocrx_word' id='word_1_789' title='bbox 2795 5545 2987 5620; x_wconf 67' lang='lat' dir='ltr'><strong>Matth.</strong></span> <span class='ocrx_word' id='word_1_790' title='bbox 3018 5565 3074 5620; x_wconf 83' lang='lat' dir='ltr'><strong>v,</strong></span> <span class='ocrx_word' id='word_1_791' title='bbox 3094 5548 3193 5605; x_wconf 73' lang='lat'><strong>23:</strong></span> <span class='ocrx_word' id='word_1_792' title='bbox 3213 5547 3272 5604; x_wconf 87' lang='lat' dir='ltr'><strong>Si</strong></span> <span class='ocrx_word' id='word_1_793' title='bbox 3297 5549 3457 5620; x_wconf 75' lang='lat' dir='ltr'><strong>o/fers</strong></span> <span class='ocrx_word' id='word_1_794' title='bbox 3485 5567 3670 5605; x_wconf 72' lang='lat' dir='ltr'><strong>munus</strong></span> <span class='ocrx_word' id='word_1_795' title='bbox 3691 5560 3834 5620; x_wconf 71' lang='lat' dir='ltr'><strong>tum</strong></span> 
     </span>
    </p>
   </div>
   <div class='ocr_carea' id='block_1_112' title="bbox 2254 5612 3833 5689">
    <p class='ocr_par' dir='ltr' id='par_1_112' title="bbox 2254 5612 3833 5689">
     <span class='ocr_line' id='line_1_113' title="bbox 2254 5612 3833 5689; baseline 0.006 -25"><span class='ocrx_word' id='word_1_796' title='bbox 2254 5612 2324 5664; x_wconf 85' lang='lat' dir='ltr'><strong>ad</strong></span> <span class='ocrx_word' id='word_1_797' title='bbox 2360 5612 2730 5689; x_wconf 42' lang='lat' dir='ltr'><strong>aliarg’ete,</strong></span> <span class='ocrx_word' id='word_1_798' title='bbox 2750 5616 2948 5689; x_wconf 80' lang='grc' dir='ltr'>δώρου,</span> <span class='ocrx_word' id='word_1_799' title='bbox 2984 5618 3101 5676; x_wconf 85' lang='lat' dir='ltr'><strong>sive</strong></span> <span class='ocrx_word' id='word_1_800' title='bbox 3160 5612 3397 5676; x_wconf 66' lang='lat' dir='ltr'><strong>uinariis</strong></span> <span class='ocrx_word' id='word_1_801' title='bbox 3438 5637 3629 5679; x_wconf 87' lang='lat' dir='ltr'><strong>vocem</strong></span> <span class='ocrx_word' id='word_1_802' title='bbox 3681 5618 3833 5676; x_wconf 64' lang='lat' dir='ltr'><strong>alteri</strong></span> 
     </span>
    </p>
   </div>
   <div class='ocr_carea' id='block_1_113' title="bbox 2252 5685 2806 5755">
    <p class='ocr_par' dir='ltr' id='par_1_113' title="bbox 2252 5685 2806 5755">
     <span class='ocr_line' id='line_1_114' title="bbox 2252 5685 2806 5755; baseline 0.007 -19"><span class='ocrx_word' id='word_1_803' title='bbox 2252 5697 2469 5755; x_wconf 81' lang='lat' dir='ltr'><strong>quoque</strong></span> <span class='ocrx_word' id='word_1_804' title='bbox 2500 5685 2574 5739; x_wconf 89' lang='lat' dir='ltr'><strong>illi</strong></span> <span class='ocrx_word' id='word_1_805' title='bbox 2599 5686 2806 5741; x_wconf 85' lang='lat' dir='ltr'><strong>tribuit.</strong></span> 
     </span>
    </p>
   </div>
  </div>
