  <div class='ocr_page' id='page_1' title='image "/cluster/home/n/w/nwhite01/storage/ocr_20150623/41/hvd.32044073501868/386.png"; bbox 0 0 3932 6064; ppageno 0'>
   <div class='ocr_carea' id='block_1_1' title="bbox 173 237 281 293">
    <p class='ocr_par' dir='ltr' id='par_1_1' title="bbox 173 237 281 293">
     <span class='ocr_line' id='line_1_1' title="bbox 173 237 281 293; baseline -0.009 0"><span class='ocrx_word' id='word_1_1' title='bbox 173 237 281 293; x_wconf 74' lang='lat'><strong>729</strong></span> 
     </span>
    </p>
   </div>
   <div class='ocr_carea' id='block_1_2' title="bbox 792 243 2781 317">
    <p class='ocr_par' dir='ltr' id='par_1_2' title="bbox 792 243 2781 317">
     <span class='ocr_line' id='line_1_2' title="bbox 792 243 2781 317; baseline 0.005 -20"><span class='ocrx_word' id='word_1_2' title='bbox 792 243 1178 303; x_wconf 58' lang='lat' dir='ltr'><strong>&#39;ADVERSUS</strong></span> <span class='ocrx_word' id='word_1_3' title='bbox 1214 245 1556 317; x_wconf 62' lang='lat' dir='ltr'><strong>HERESES</strong></span> <span class='ocrx_word' id='word_1_4' title='bbox 1593 248 1721 304; x_wconf 83' lang='lat' dir='ltr'>LIB.</span> <span class='ocrx_word' id='word_1_5' title='bbox 1766 248 1811 303; x_wconf 93' lang='lat' dir='ltr'>I.</span> <span class='ocrx_word' id='word_1_6' title='bbox 1853 249 2021 305; x_wconf 80' lang='lat' dir='ltr'><strong>&#39;I&#39;UM.</strong></span> <span class='ocrx_word' id='word_1_7' title='bbox 2065 246 2152 303; x_wconf 88' lang='lat' dir='ltr'><strong>Ill.</strong></span> <span class='ocrx_word' id='word_1_8' title='bbox 2195 278 2264 289; x_wconf 93' lang='lat'><strong>--</strong></span> <span class='ocrx_word' id='word_1_9' title='bbox 2301 247 2577 310; x_wconf 65' lang='lat' dir='ltr'><strong>HEBES.</strong></span> <span class='ocrx_word' id='word_1_10' title='bbox 2620 250 2781 307; x_wconf 74' lang='lat' dir='ltr'>XLII.</span> 
     </span>
    </p>
   </div>
   <div class='ocr_carea' id='block_1_3' title="bbox 3350 256 3455 311">
    <p class='ocr_par' dir='ltr' id='par_1_3' title="bbox 3350 256 3455 311">
     <span class='ocr_line' id='line_1_3' title="bbox 3350 256 3455 311; baseline 0.038 -3"><span class='ocrx_word' id='word_1_11' title='bbox 3350 256 3455 311; x_wconf 71' lang='lat'><strong>730</strong></span> 
     </span>
    </p>
   </div>
   <div class='ocr_carea' id='block_1_4' title="bbox 249 350 1763 445">
    <p class='ocr_par' dir='ltr' id='par_1_4' title="bbox 249 350 1760 445">
     <span class='ocr_line' id='line_1_4' title="bbox 249 350 1760 445; baseline 0.009 -38"><span class='ocrx_word' id='word_1_12' title='bbox 249 350 473 424; x_wconf 82' lang='grc' dir='ltr'>Ἐλεγχ.</span> <span class='ocrx_word' id='word_1_13' title='bbox 508 369 549 445; x_wconf 68' lang='grc' dir='ltr'><strong>Δγ</strong></span> <span class='ocrx_word' id='word_1_14' title='bbox 569 395 583 409; x_wconf 94' lang='grc'><strong>.</strong></span> <span class='ocrx_word' id='word_1_15' title='bbox 612 353 721 409; x_wconf 81' lang='grc' dir='ltr'><strong>Δύο</strong></span> <span class='ocrx_word' id='word_1_16' title='bbox 741 358 902 422; x_wconf 80' lang='grc' dir='ltr'>εὐθὺς</span> <span class='ocrx_word' id='word_1_17' title='bbox 939 363 997 415; x_wconf 80' lang='grc' dir='ltr'>ὲν</span> <span class='ocrx_word' id='word_1_18' title='bbox 1033 361 1238 433; x_wconf 79' lang='grc' dir='ltr'>ταυτῷ,</span> <span class='ocrx_word' id='word_1_19' title='bbox 1268 364 1364 418; x_wconf 79' lang='grc' dir='ltr'><strong>καὶ</strong></span> <span class='ocrx_word' id='word_1_20' title='bbox 1386 363 1514 445; x_wconf 67' lang='grc' dir='ltr'>Υίδν</span> <span class='ocrx_word' id='word_1_21' title='bbox 1552 364 1760 438; x_wconf 84' lang='grc' dir='ltr'>ἀνθρώ-</span> 
     </span>
    </p>
   </div>
   <div class='ocr_carea' id='block_1_5' title="bbox 1882 350 3453 445">
    <p class='ocr_par' dir='ltr' id='par_1_5' title="bbox 1936 364 3453 425">
     <span class='ocr_line' id='line_1_5' title="bbox 1936 364 3453 425; baseline 0.005 -7"><span class='ocrx_word' id='word_1_22' title='bbox 1936 364 2119 422; x_wconf 83' lang='lat' dir='ltr'><strong>Relut.</strong></span> <span class='ocrx_word' id='word_1_23' title='bbox 2168 367 2223 422; x_wconf 79' lang='grc'><strong>5.</strong></span> <span class='ocrx_word' id='word_1_24' title='bbox 2287 364 2407 422; x_wconf 87' lang='lat' dir='ltr'><strong>Duo</strong></span> <span class='ocrx_word' id='word_1_25' title='bbox 2453 367 2617 422; x_wconf 89' lang='lat' dir='ltr'><strong>simul</strong></span> <span class='ocrx_word' id='word_1_26' title='bbox 2671 370 2773 424; x_wconf 86' lang='lat' dir='ltr'><strong>hoc</strong></span> <span class='ocrx_word' id='word_1_27' title='bbox 2822 369 2877 424; x_wconf 87' lang='lat' dir='ltr'><strong>in</strong></span> <span class='ocrx_word' id='word_1_28' title='bbox 2920 368 3038 424; x_wconf 85' lang='lat' dir='ltr'><strong>loco</strong></span> <span class='ocrx_word' id='word_1_29' title='bbox 3082 367 3335 424; x_wconf 79' lang='lat' dir='ltr'><strong>Salvator</strong></span> <span class='ocrx_word' id='word_1_30' title='bbox 3384 371 3453 425; x_wconf 80' lang='lat' dir='ltr'><strong>de</strong></span> 
     </span>
    </p>
   </div>
   <div class='ocr_carea' id='block_1_6' title="bbox 172 443 1756 528">
    <p class='ocr_par' dir='ltr' id='par_1_6' title="bbox 172 443 1756 528">
     <span class='ocr_line' id='line_1_6' title="bbox 172 443 1756 528; baseline 0.009 -32"><span class='ocrx_word' id='word_1_31' title='bbox 172 460 304 507; x_wconf 87' lang='grc' dir='ltr'>που,</span> <span class='ocrx_word' id='word_1_32' title='bbox 335 444 429 497; x_wconf 80' lang='grc' dir='ltr'><strong>καὶ</strong></span> <span class='ocrx_word' id='word_1_33' title='bbox 455 443 645 515; x_wconf 80' lang='grc' dir='ltr'>κύριον</span> <span class='ocrx_word' id='word_1_34' title='bbox 679 446 959 505; x_wconf 76' lang='grc' dir='ltr'>Σαϐϐάτου</span> <span class='ocrx_word' id='word_1_35' title='bbox 984 453 1175 509; x_wconf 81' lang='grc' dir='ltr'>ἑαυτὸν</span> <span class='ocrx_word' id='word_1_36' title='bbox 1202 455 1233 508; x_wconf 85' lang='grc' dir='ltr'>ὁ</span> <span class='ocrx_word' id='word_1_37' title='bbox 1267 443 1459 528; x_wconf 85' lang='grc' dir='ltr'>Σωτὴρ</span> <span class='ocrx_word' id='word_1_38' title='bbox 1483 457 1756 527; x_wconf 84' lang='grc' dir='ltr'>ὁμολογεῖ,</span> 
     </span>
    </p>
   </div>
   <div class='ocr_carea' id='block_1_7' title="bbox 169 533 1757 619">
    <p class='ocr_par' dir='ltr' id='par_1_7' title="bbox 169 533 1757 619">
     <span class='ocr_line' id='line_1_7' title="bbox 169 533 1757 619; baseline 0.011 -33"><span class='ocrx_word' id='word_1_39' title='bbox 169 533 465 599; x_wconf 83' lang='grc' dir='ltr'><strong>διδάσκων,</strong></span> <span class='ocrx_word' id='word_1_40' title='bbox 495 536 583 590; x_wconf 81' lang='grc' dir='ltr'>ἵνα</span> <span class='ocrx_word' id='word_1_41' title='bbox 619 538 694 609; x_wconf 81' lang='grc' dir='ltr'><strong>μὴ</strong></span> <span class='ocrx_word' id='word_1_42' title='bbox 730 539 793 593; x_wconf 75' lang='grc' dir='ltr'>τὸ</span> <span class='ocrx_word' id='word_1_43' title='bbox 826 542 1104 599; x_wconf 77' lang='grc' dir='ltr'>Σάϐϐατον</span> <span class='ocrx_word' id='word_1_44' title='bbox 1140 544 1420 619; x_wconf 80' lang='grc' dir='ltr'>ἀλλότριον</span> <span class='ocrx_word' id='word_1_45' title='bbox 1459 548 1563 618; x_wconf 80' lang='grc' dir='ltr'>τῆς</span> <span class='ocrx_word' id='word_1_46' title='bbox 1590 548 1757 603; x_wconf 82' lang='grc' dir='ltr'>αὐτοῦ</span> 
     </span>
    </p>
   </div>
   <div class='ocr_carea' id='block_1_8' title="bbox 171 627 1758 713">
    <p class='ocr_par' dir='ltr' id='par_1_8' title="bbox 171 627 1758 713">
     <span class='ocr_line' id='line_1_8' title="bbox 171 627 1758 713; baseline 0.01 -34"><span class='ocrx_word' id='word_1_47' title='bbox 171 627 452 698; x_wconf 79' lang='grc' dir='ltr'>ποιήσεως</span> <span class='ocrx_word' id='word_1_48' title='bbox 484 628 775 701; x_wconf 77' lang='grc' dir='ltr'><strong>νομίζηται</strong></span> <span class='ocrx_word' id='word_1_49' title='bbox 795 649 809 664; x_wconf 76' lang='grc' dir='ltr'><strong>ο</strong></span> <span class='ocrx_word' id='word_1_50' title='bbox 854 634 958 688; x_wconf 78' lang='grc' dir='ltr'>κᾶν</span> <span class='ocrx_word' id='word_1_51' title='bbox 984 653 1044 689; x_wconf 85' lang='grc' dir='ltr'><strong>τε</strong></span> <span class='ocrx_word' id='word_1_52' title='bbox 1079 637 1308 707; x_wconf 76' lang='grc' dir='ltr'>ἔσχατον</span> <span class='ocrx_word' id='word_1_53' title='bbox 1331 640 1348 670; x_wconf 78' lang='grc'>⁸</span> <span class='ocrx_word' id='word_1_54' title='bbox 1386 640 1514 704; x_wconf 78' lang='grc' dir='ltr'><strong>Υἱὸς</strong></span> <span class='ocrx_word' id='word_1_55' title='bbox 1545 640 1758 713; x_wconf 85' lang='grc' dir='ltr'>ἀνθρώ-</span> 
     </span>
    </p>
   </div>
   <div class='ocr_carea' id='block_1_9' title="bbox 171 717 1411 804">
    <p class='ocr_par' dir='ltr' id='par_1_9' title="bbox 171 717 1411 804">
     <span class='ocr_line' id='line_1_9' title="bbox 171 717 1411 804; baseline 0.014 -35"><span class='ocrx_word' id='word_1_56' title='bbox 171 733 281 770; x_wconf 88' lang='grc' dir='ltr'><strong>που</strong></span> <span class='ocrx_word' id='word_1_57' title='bbox 317 717 425 771; x_wconf 78' lang='grc' dir='ltr'><strong>ἀπὸ</strong></span> <span class='ocrx_word' id='word_1_58' title='bbox 455 718 554 789; x_wconf 82' lang='grc' dir='ltr'>τῆς</span> <span class='ocrx_word' id='word_1_59' title='bbox 587 722 854 794; x_wconf 78' lang='grc' dir='ltr'>ὲνσάρκου</span> <span class='ocrx_word' id='word_1_60' title='bbox 881 728 1185 799; x_wconf 78' lang='grc' dir='ltr'>παρουσίας</span> <span class='ocrx_word' id='word_1_61' title='bbox 1216 730 1411 804; x_wconf 81' lang='grc' dir='ltr'>κληθῇ.</span> 
     </span>
    </p>
   </div>
   <div class='ocr_carea' id='block_1_10' title="bbox 246 810 1732 893">
    <p class='ocr_par' dir='ltr' id='par_1_10' title="bbox 246 810 1732 893">
     <span class='ocr_line' id='line_1_10' title="bbox 246 810 1732 893; baseline 0.011 -31"><span class='ocrx_word' id='word_1_62' title='bbox 246 810 404 880; x_wconf 85' lang='grc' dir='ltr'><strong>Σχὸλ.</strong></span> <span class='ocrx_word' id='word_1_63' title='bbox 434 811 477 865; x_wconf 85' lang='grc' dir='ltr'>δ’</span> <span class='ocrx_word' id='word_1_64' title='bbox 483 852 498 866; x_wconf 93' lang='grc'><strong>.</strong></span> <span class='ocrx_word' id='word_1_65' title='bbox 548 812 784 885; x_wconf 78' lang='grc' dir='ltr'><strong>Ἰούδαν</strong></span> <span class='ocrx_word' id='word_1_66' title='bbox 821 817 1228 890; x_wconf 81' lang='grc' dir='ltr'>Ἰσκαριώτην,</span> <span class='ocrx_word' id='word_1_67' title='bbox 1255 822 1323 890; x_wconf 83' lang='grc' dir='ltr'>ὃς</span> <span class='ocrx_word' id='word_1_68' title='bbox 1350 824 1589 893; x_wconf 79' lang='grc' dir='ltr'>ἐγένετο</span> <span class='ocrx_word' id='word_1_69' title='bbox 1617 840 1732 893; x_wconf 83' lang='grc' dir='ltr'><strong>προ</strong></span> 
     </span>
    </p>
   </div>
   <div class='ocr_carea' id='block_1_11' title="bbox 170 900 1758 985">
    <p class='ocr_par' dir='ltr' id='par_1_11' title="bbox 170 900 1758 985">
     <span class='ocr_line' id='line_1_11' title="bbox 170 900 1758 985; baseline 0.011 -31"><span class='ocrx_word' id='word_1_70' title='bbox 170 900 381 971; x_wconf 74' lang='grc' dir='ltr'>δύτης.</span> <span class='ocrx_word' id='word_1_71' title='bbox 417 905 565 958; x_wconf 65' lang='grc' dir='ltr'><strong>Ἀντ)⁵</strong></span> <span class='ocrx_word' id='word_1_72' title='bbox 595 906 653 960; x_wconf 86' lang='grc' dir='ltr'>δὲ</span> <span class='ocrx_word' id='word_1_73' title='bbox 691 907 808 974; x_wconf 83' lang='grc' dir='ltr'>τοῦ,</span> <span class='ocrx_word' id='word_1_74' title='bbox 856 911 1076 982; x_wconf 76' lang='grc' dir='ltr'>κατέϐη</span> <span class='ocrx_word' id='word_1_75' title='bbox 1109 916 1238 985; x_wconf 80' lang='grc' dir='ltr'>μετ’</span> <span class='ocrx_word' id='word_1_76' title='bbox 1277 914 1496 980; x_wconf 76' lang='grc' dir='ltr'>αὐτῶν,</span> <span class='ocrx_word' id='word_1_77' title='bbox 1540 918 1758 984; x_wconf 76' lang='grc' dir='ltr'>κατέϐη</span> 
     </span>
    </p>
   </div>
   <div class='ocr_carea' id='block_1_12' title="bbox 168 992 1093 1063">
    <p class='ocr_par' dir='ltr' id='par_1_12' title="bbox 168 992 1093 1063">
     <span class='ocr_line' id='line_1_12' title="bbox 168 992 1093 1063; baseline 0.01 -16"><span class='ocrx_word' id='word_1_78' title='bbox 168 992 247 1048; x_wconf 59' lang='grc' dir='ltr'><strong>ἐν</strong></span> <span class='ocrx_word' id='word_1_79' title='bbox 276 995 501 1063; x_wconf 83' lang='grc' dir='ltr'>αὐτοῖς.</span> <span class='ocrx_word' id='word_1_80' title='bbox 1087 1050 1093 1056; x_wconf 92' lang='grc'>.</span> 
     </span>
    </p>
   </div>
   <div class='ocr_carea' id='block_1_13' title="bbox 250 1087 1767 1169">
    <p class='ocr_par' dir='ltr' id='par_1_13' title="bbox 250 1087 1767 1169">
     <span class='ocr_line' id='line_1_13' title="bbox 250 1087 1767 1169; baseline 0.011 -30"><span class='ocrx_word' id='word_1_81' title='bbox 250 1087 470 1160; x_wconf 82' lang='grc' dir='ltr'>Ἔλεγχ.</span> <span class='ocrx_word' id='word_1_82' title='bbox 499 1089 562 1144; x_wconf 83' lang='grc' dir='ltr'><strong>δ’.</strong></span> <span class='ocrx_word' id='word_1_83' title='bbox 590 1091 821 1158; x_wconf 76' lang='grc' dir='ltr'>Ἰούδας</span> <span class='ocrx_word' id='word_1_84' title='bbox 860 1093 1258 1166; x_wconf 82' lang='grc' dir='ltr'><strong>Ἰσκαριώτης,</strong></span> <span class='ocrx_word' id='word_1_85' title='bbox 1277 1098 1346 1165; x_wconf 80' lang='grc' dir='ltr'>ὃς</span> <span class='ocrx_word' id='word_1_86' title='bbox 1365 1097 1602 1169; x_wconf 69' lang='grc' dir='ltr'>ἐγένετο</span> <span class='ocrx_word' id='word_1_87' title='bbox 1622 1111 1767 1168; x_wconf 80' lang='grc' dir='ltr'>προ-</span> 
     </span>
    </p>
   </div>
   <div class='ocr_carea' id='block_1_14' title="bbox 170 1178 1762 1260">
    <p class='ocr_par' dir='ltr' id='par_1_14' title="bbox 170 1178 1762 1260">
     <span class='ocr_line' id='line_1_14' title="bbox 170 1178 1762 1260; baseline 0.007 -28"><span class='ocrx_word' id='word_1_88' title='bbox 170 1178 375 1248; x_wconf 80' lang='grc' dir='ltr'>δότης.</span> <span class='ocrx_word' id='word_1_89' title='bbox 416 1182 574 1245; x_wconf 85' lang='grc' dir='ltr'>Τίνος</span> <span class='ocrx_word' id='word_1_90' title='bbox 618 1182 783 1252; x_wconf 84' lang='grc' dir='ltr'>λέγε;</span> <span class='ocrx_word' id='word_1_91' title='bbox 818 1186 1044 1250; x_wconf 82' lang='grc' dir='ltr'><strong>Πάντως</strong></span> <span class='ocrx_word' id='word_1_92' title='bbox 1077 1188 1173 1242; x_wconf 81' lang='grc' dir='ltr'>τοῦ</span> <span class='ocrx_word' id='word_1_93' title='bbox 1220 1188 1639 1260; x_wconf 75' lang='grc' dir='ltr'><strong>συλληφθέντας,</strong></span> <span class='ocrx_word' id='word_1_94' title='bbox 1672 1189 1762 1243; x_wconf 82' lang='grc' dir='ltr'>ναὶ</span> 
     </span>
    </p>
   </div>
   <div class='ocr_carea' id='block_1_15' title="bbox 175 1269 1761 1346">
    <p class='ocr_par' dir='ltr' id='par_1_15' title="bbox 175 1269 1761 1346">
     <span class='ocr_line' id='line_1_15' title="bbox 175 1269 1761 1346; baseline 0.01 -26"><span class='ocrx_word' id='word_1_95' title='bbox 175 1269 286 1341; x_wconf 79' lang='grc' dir='ltr'><strong>μὴν</strong></span> <span class='ocrx_word' id='word_1_96' title='bbox 302 1271 396 1324; x_wconf 76' lang='grc' dir='ltr'><strong>καὶ</strong></span> <span class='ocrx_word' id='word_1_97' title='bbox 411 1272 575 1326; x_wconf 83' lang='grc' dir='ltr'>ὲσταυ</span> <span class='ocrx_word' id='word_1_98' title='bbox 585 1273 856 1344; x_wconf 79' lang='grc' dir='ltr'>ρωμένου,</span> <span class='ocrx_word' id='word_1_99' title='bbox 868 1276 963 1330; x_wconf 71' lang='grc' dir='ltr'><strong>καὶ</strong></span> <span class='ocrx_word' id='word_1_100' title='bbox 978 1278 1150 1334; x_wconf 84' lang='grc' dir='ltr'>πολλὰ</span> <span class='ocrx_word' id='word_1_101' title='bbox 1165 1280 1513 1346; x_wconf 84' lang='grc' dir='ltr'>πεπονθότος.</span> <span class='ocrx_word' id='word_1_102' title='bbox 1528 1281 1655 1346; x_wconf 85' lang='grc' dir='ltr'>Πῶς</span> <span class='ocrx_word' id='word_1_103' title='bbox 1668 1276 1761 1336; x_wconf 81' lang='grc' dir='ltr'>οὖν</span> 
     </span>
    </p>
   </div>
   <div class='ocr_carea' id='block_1_16' title="bbox 174 1361 1762 1444">
    <p class='ocr_par' dir='ltr' id='par_1_16' title="bbox 174 1361 1762 1444">
     <span class='ocr_line' id='line_1_16' title="bbox 174 1361 1762 1444; baseline 0.009 -31"><span class='ocrx_word' id='word_1_104' title='bbox 174 1361 503 1433; x_wconf 71' lang='grc' dir='ltr'>συλληφθεὶς</span> <span class='ocrx_word' id='word_1_105' title='bbox 540 1363 867 1436; x_wconf 76' lang='grc' dir='ltr'>σταυροῦται</span> <span class='ocrx_word' id='word_1_106' title='bbox 887 1406 904 1433; x_wconf 90' lang='grc'><strong>,</strong></span> <span class='ocrx_word' id='word_1_107' title='bbox 938 1371 967 1420; x_wconf 87' lang='grc' dir='ltr'>ὁ</span> <span class='ocrx_word' id='word_1_108' title='bbox 998 1369 1073 1441; x_wconf 82' lang='grc' dir='ltr'><strong>μὴ</strong></span> <span class='ocrx_word' id='word_1_109' title='bbox 1117 1371 1222 1425; x_wconf 84' lang='grc' dir='ltr'><strong>ὑπὸ</strong></span> <span class='ocrx_word' id='word_1_110' title='bbox 1264 1371 1407 1444; x_wconf 77' lang='grc' dir='ltr'>ἁφὴν</span> <span class='ocrx_word' id='word_1_111' title='bbox 1439 1373 1762 1427; x_wconf 80' lang='grc' dir='ltr'><strong>ὑποπίπτων</strong></span> 
     </span>
    </p>
   </div>
   <div class='ocr_carea' id='block_1_17' title="bbox 170 1446 1761 1536">
    <p class='ocr_par' dir='ltr' id='par_1_17' title="bbox 170 1446 1761 1536">
     <span class='ocr_line' id='line_1_17' title="bbox 170 1446 1761 1536; baseline 0.006 -29"><span class='ocrx_word' id='word_1_112' title='bbox 170 1453 321 1508; x_wconf 80' lang='grc' dir='ltr'>κατὰ</span> <span class='ocrx_word' id='word_1_113' title='bbox 341 1453 434 1507; x_wconf 77' lang='grc' dir='ltr'>τὸν</span> <span class='ocrx_word' id='word_1_114' title='bbox 477 1446 582 1509; x_wconf 69' lang='grc' dir='ltr'>σὸν</span> <span class='ocrx_word' id='word_1_115' title='bbox 599 1456 778 1525; x_wconf 81' lang='grc' dir='ltr'>λόγον,</span> <span class='ocrx_word' id='word_1_116' title='bbox 808 1452 853 1512; x_wconf 82' lang='grc' dir='ltr'>ὧ</span> <span class='ocrx_word' id='word_1_117' title='bbox 883 1461 1184 1532; x_wconf 85' lang='grc' dir='ltr'>Μαρκίων;</span> <span class='ocrx_word' id='word_1_118' title='bbox 1212 1464 1444 1535; x_wconf 84' lang='grc' dir='ltr'>Δόκησιν</span> <span class='ocrx_word' id='word_1_119' title='bbox 1477 1465 1586 1536; x_wconf 80' lang='grc' dir='ltr'>γὰρ</span> <span class='ocrx_word' id='word_1_120' title='bbox 1622 1462 1761 1518; x_wconf 77' lang='grc' dir='ltr'>εἶναι</span> 
     </span>
    </p>
   </div>
   <div class='ocr_carea' id='block_1_18' title="bbox 171 1541 1761 1623">
    <p class='ocr_par' dir='ltr' id='par_1_18' title="bbox 171 1541 1761 1623">
     <span class='ocr_line' id='line_1_18' title="bbox 171 1541 1761 1623; baseline 0.009 -28"><span class='ocrx_word' id='word_1_121' title='bbox 171 1541 378 1611; x_wconf 82' lang='grc' dir='ltr'>λέγεις.</span> <span class='ocrx_word' id='word_1_122' title='bbox 410 1544 828 1619; x_wconf 82' lang='grc' dir='ltr'>Ἑλεγχθήσεται</span> <span class='ocrx_word' id='word_1_123' title='bbox 851 1548 910 1602; x_wconf 81' lang='grc' dir='ltr'>δὲ</span> <span class='ocrx_word' id='word_1_124' title='bbox 934 1552 967 1621; x_wconf 80' lang='grc' dir='ltr'>ἡ</span> <span class='ocrx_word' id='word_1_125' title='bbox 993 1551 1220 1607; x_wconf 77' lang='grc' dir='ltr'>ὑπόνοια</span> <span class='ocrx_word' id='word_1_126' title='bbox 1245 1570 1337 1607; x_wconf 84' lang='grc' dir='ltr'><strong>σου</strong></span> <span class='ocrx_word' id='word_1_127' title='bbox 1357 1594 1371 1616; x_wconf 96' lang='grc'><strong>,</strong></span> <span class='ocrx_word' id='word_1_128' title='bbox 1401 1555 1524 1607; x_wconf 75' lang='grc' dir='ltr'>ἀντὶ</span> <span class='ocrx_word' id='word_1_129' title='bbox 1552 1555 1646 1608; x_wconf 77' lang='grc' dir='ltr'>τοῦ</span> <span class='ocrx_word' id='word_1_130' title='bbox 1668 1571 1761 1623; x_wconf 82' lang='grc' dir='ltr'>γε·</span> 
     </span>
    </p>
   </div>
   <div class='ocr_carea' id='block_1_19' title="bbox 171 1634 1761 1719">
    <p class='ocr_par' dir='ltr' id='par_1_19' title="bbox 171 1634 1761 1719">
     <span class='ocr_line' id='line_1_19' title="bbox 171 1634 1761 1719; baseline 0.009 -32"><span class='ocrx_word' id='word_1_131' title='bbox 171 1634 442 1707; x_wconf 79' lang='grc' dir='ltr'>γράφθαι.</span> <span class='ocrx_word' id='word_1_132' title='bbox 475 1637 673 1691; x_wconf 77' lang='grc' dir='ltr'>Ἰούδαν</span> <span class='ocrx_word' id='word_1_133' title='bbox 694 1639 981 1712; x_wconf 80' lang='grc' dir='ltr'>προδότην.</span> <span class='ocrx_word' id='word_1_134' title='bbox 1017 1644 1302 1715; x_wconf 83' lang='grc' dir='ltr'>Προέδωκε</span> <span class='ocrx_word' id='word_1_135' title='bbox 1332 1645 1441 1717; x_wconf 87' lang='grc' dir='ltr'>γὰρ</span> <span class='ocrx_word' id='word_1_136' title='bbox 1492 1647 1586 1709; x_wconf 66' lang='grc' dir='ltr'>καὶ</span> <span class='ocrx_word' id='word_1_137' title='bbox 1616 1664 1761 1719; x_wconf 80' lang='grc' dir='ltr'>παρ-</span> 
     </span>
    </p>
   </div>
   <div class='ocr_carea' id='block_1_20' title="bbox 1860 455 3454 526">
    <p class='ocr_par' dir='ltr' id='par_1_20' title="bbox 1860 455 3454 526">
     <span class='ocr_line' id='line_1_20' title="bbox 1860 455 3454 526; baseline 0.004 -16"><span class='ocrx_word' id='word_1_138' title='bbox 1860 455 2043 525; x_wconf 89' lang='lat' dir='ltr'><strong>seipso</strong></span> <span class='ocrx_word' id='word_1_139' title='bbox 2074 456 2361 526; x_wconf 77' lang='lat' dir='ltr'><strong>proﬁtetur</strong></span> <span class='ocrx_word' id='word_1_140' title='bbox 2390 475 2404 512; x_wconf 90' lang='lat'><strong>:</strong></span> <span class='ocrx_word' id='word_1_141' title='bbox 2439 458 2701 513; x_wconf 91' lang='lat' dir='ltr'><strong>nimirum</strong></span> <span class='ocrx_word' id='word_1_142' title='bbox 2724 458 2924 514; x_wconf 87' lang='lat' dir='ltr'><strong>Filium</strong></span> <span class='ocrx_word' id='word_1_143' title='bbox 2954 459 3194 516; x_wconf 84' lang='lat' dir='ltr'><strong>hominis</strong></span> <span class='ocrx_word' id='word_1_144' title='bbox 3224 475 3285 515; x_wconf 85' lang='lat' dir='ltr'><strong>se</strong></span> <span class='ocrx_word' id='word_1_145' title='bbox 3306 475 3454 526; x_wconf 85' lang='lat' dir='ltr'><strong>esse,</strong></span> 
     </span>
    </p>
   </div>
   <div class='ocr_carea' id='block_1_21' title="bbox 1861 545 3452 620">
    <p class='ocr_par' dir='ltr' id='par_1_21' title="bbox 1861 545 3452 620">
     <span class='ocr_line' id='line_1_21' title="bbox 1861 545 3452 620; baseline 0.003 -19"><span class='ocrx_word' id='word_1_146' title='bbox 1861 545 2193 620; x_wconf 85' lang='lat' dir='ltr'><strong>Sabbatique</strong></span> <span class='ocrx_word' id='word_1_147' title='bbox 2213 549 2522 615; x_wconf 87' lang='lat' dir='ltr'><strong>dominum,</strong></span> <span class='ocrx_word' id='word_1_148' title='bbox 2546 567 2617 607; x_wconf 91' lang='lat' dir='ltr'><strong>ne</strong></span> <span class='ocrx_word' id='word_1_149' title='bbox 2651 550 2949 607; x_wconf 87' lang='lat' dir='ltr'><strong>Sabbatum</strong></span> <span class='ocrx_word' id='word_1_150' title='bbox 2981 568 3011 606; x_wconf 89' lang='lat' dir='ltr'><strong>a</strong></span> <span class='ocrx_word' id='word_1_151' title='bbox 3039 552 3323 608; x_wconf 75' lang='lat' dir='ltr'><strong>molitione</strong></span> <span class='ocrx_word' id='word_1_152' title='bbox 3352 568 3452 609; x_wconf 88' lang='lat' dir='ltr'><strong>sua</strong></span> 
     </span>
    </p>
   </div>
   <div class='ocr_carea' id='block_1_22' title="bbox 1866 638 3450 715">
    <p class='ocr_par' dir='ltr' id='par_1_22' title="bbox 1866 638 3450 715">
     <span class='ocr_line' id='line_1_22' title="bbox 1866 638 3450 715; baseline 0.008 -23"><span class='ocrx_word' id='word_1_153' title='bbox 1866 638 2166 695; x_wconf 83' lang='lat' dir='ltr'><strong>abhorrere</strong></span> <span class='ocrx_word' id='word_1_154' title='bbox 2188 642 2535 709; x_wconf 74' lang='lat' dir='ltr'><strong>crederetur;</strong></span> <span class='ocrx_word' id='word_1_155' title='bbox 2567 643 2785 699; x_wconf 88' lang='lat' dir='ltr'><strong>etiamsi</strong></span> <span class='ocrx_word' id='word_1_156' title='bbox 2814 644 2956 715; x_wconf 90' lang='lat' dir='ltr'><strong>quod</strong></span> <span class='ocrx_word' id='word_1_157' title='bbox 2983 654 3318 715; x_wconf 89' lang='lat' dir='ltr'><strong>postremum</strong></span> <span class='ocrx_word' id='word_1_158' title='bbox 3343 652 3450 704; x_wconf 86' lang='lat' dir='ltr'><strong>est.</strong></span> 
     </span>
    </p>
   </div>
   <div class='ocr_carea' id='block_1_23' title="bbox 1860 728 3394 808">
    <p class='ocr_par' dir='ltr' id='par_1_23' title="bbox 1860 728 3394 808">
     <span class='ocr_line' id='line_1_23' title="bbox 1860 728 3394 808; baseline 0.005 -25"><span class='ocrx_word' id='word_1_159' title='bbox 1860 728 2031 786; x_wconf 84' lang='lat' dir='ltr'><strong>Filius</strong></span> <span class='ocrx_word' id='word_1_160' title='bbox 2068 732 2310 789; x_wconf 87' lang='lat' dir='ltr'><strong>hominis</strong></span> <span class='ocrx_word' id='word_1_161' title='bbox 2340 733 2414 789; x_wconf 88' lang='lat' dir='ltr'><strong>ob</strong></span> <span class='ocrx_word' id='word_1_162' title='bbox 2445 744 2785 806; x_wconf 80' lang='lat' dir='ltr'><strong>assumptam</strong></span> <span class='ocrx_word' id='word_1_163' title='bbox 2811 751 3034 791; x_wconf 90' lang='lat' dir='ltr'><strong>carnem</strong></span> <span class='ocrx_word' id='word_1_164' title='bbox 3070 737 3394 808; x_wconf 74' lang='lat' dir='ltr'><strong>appelletur.</strong></span> 
     </span>
    </p>
   </div>
   <div class='ocr_carea' id='block_1_24' title="bbox 1933 823 3450 897">
    <p class='ocr_par' dir='ltr' id='par_1_24' title="bbox 1933 823 3450 897">
     <span class='ocr_line' id='line_1_24' title="bbox 1933 823 3450 897; baseline 0.006 -20"><span class='ocrx_word' id='word_1_165' title='bbox 1933 823 2117 878; x_wconf 83' lang='lat' dir='ltr'><strong>Schol.</strong></span> <span class='ocrx_word' id='word_1_166' title='bbox 2152 823 2207 878; x_wconf 73' lang='grc'><strong>4.</strong></span> <span class='ocrx_word' id='word_1_167' title='bbox 2242 823 2442 878; x_wconf 72' lang='lat' dir='ltr'><strong>Iudam</strong></span> <span class='ocrx_word' id='word_1_168' title='bbox 2496 823 2812 891; x_wconf 85' lang='lat' dir='ltr'><strong>Iscarioten,</strong></span> <span class='ocrx_word' id='word_1_169' title='bbox 2844 829 2937 897; x_wconf 90' lang='lat' dir='ltr'><strong>qui</strong></span> <span class='ocrx_word' id='word_1_170' title='bbox 2984 827 3085 896; x_wconf 77' lang='lat' dir='ltr'><strong>fuit</strong></span> <span class='ocrx_word' id='word_1_171' title='bbox 3138 828 3382 896; x_wconf 83' lang='lat' dir='ltr'><strong>proditor</strong></span> <span class='ocrx_word' id='word_1_172' title='bbox 3406 828 3450 886; x_wconf 68' lang='grc'><strong>⁸.</strong></span> 
     </span>
    </p>
   </div>
   <div class='ocr_carea' id='block_1_25' title="bbox 1859 912 3454 988">
    <p class='ocr_par' dir='ltr' id='par_1_25' title="bbox 1859 912 3454 988">
     <span class='ocr_line' id='line_1_25' title="bbox 1859 912 3454 988; baseline 0.004 -21"><span class='ocrx_word' id='word_1_173' title='bbox 1859 912 1966 967; x_wconf 89' lang='lat' dir='ltr'><strong>Pro</strong></span> <span class='ocrx_word' id='word_1_174' title='bbox 1994 930 2059 970; x_wconf 91' lang='lat' dir='ltr'><strong>eo</strong></span> <span class='ocrx_word' id='word_1_175' title='bbox 2097 930 2231 971; x_wconf 82' lang='lat' dir='ltr'><strong>vero</strong></span> <span class='ocrx_word' id='word_1_176' title='bbox 2248 914 2396 986; x_wconf 88' lang='lat' dir='ltr'><strong>quod</strong></span> <span class='ocrx_word' id='word_1_177' title='bbox 2429 924 2534 982; x_wconf 84' lang='lat' dir='ltr'><strong>est,</strong></span> <span class='ocrx_word' id='word_1_178' title='bbox 2563 916 2837 973; x_wconf 81' lang='lat' dir='ltr'><strong>descendit</strong></span> <span class='ocrx_word' id='word_1_179' title='bbox 2868 934 2987 973; x_wconf 85' lang='lat' dir='ltr'><strong>cum</strong></span> <span class='ocrx_word' id='word_1_180' title='bbox 3016 920 3145 988; x_wconf 87' lang='lat' dir='ltr'><strong>ipsis</strong></span> <span class='ocrx_word' id='word_1_181' title='bbox 3171 921 3215 985; x_wconf 82' lang='grc'>⁸,</span> <span class='ocrx_word' id='word_1_182' title='bbox 3239 919 3454 975; x_wconf 84' lang='lat' dir='ltr'><strong>descen-</strong></span> 
     </span>
    </p>
   </div>
   <div class='ocr_carea' id='block_1_26' title="bbox 1859 1006 2400 1078">
    <p class='ocr_par' dir='ltr' id='par_1_26' title="bbox 1859 1006 2400 1078">
     <span class='ocr_line' id='line_1_26' title="bbox 1859 1006 2400 1078; baseline 0.006 -18"><span class='ocrx_word' id='word_1_183' title='bbox 1859 1006 1939 1061; x_wconf 81' lang='lat' dir='ltr'><strong>dit</strong></span> <span class='ocrx_word' id='word_1_184' title='bbox 1970 1008 2025 1061; x_wconf 88' lang='lat' dir='ltr'><strong>in</strong></span> <span class='ocrx_word' id='word_1_185' title='bbox 2058 1006 2219 1073; x_wconf 85' lang='lat' dir='ltr'><strong>ipsos,</strong></span> <span class='ocrx_word' id='word_1_186' title='bbox 2251 1008 2400 1078; x_wconf 84' lang='lat' dir='ltr'><strong>legit.</strong></span> 
     </span>
    </p>
   </div>
   <div class='ocr_carea' id='block_1_27' title="bbox 1932 1096 3448 1171">
    <p class='ocr_par' dir='ltr' id='par_1_27' title="bbox 1932 1096 3448 1171">
     <span class='ocr_line' id='line_1_27' title="bbox 1932 1096 3448 1171; baseline 0.005 -20"><span class='ocrx_word' id='word_1_187' title='bbox 1932 1096 2116 1154; x_wconf 78' lang='lat' dir='ltr'><strong>Refut.</strong></span> <span class='ocrx_word' id='word_1_188' title='bbox 2150 1099 2205 1152; x_wconf 69' lang='lat'><em>6.</em></span> <span class='ocrx_word' id='word_1_189' title='bbox 2236 1096 2412 1154; x_wconf 76' lang='lat' dir='ltr'><strong>ludas</strong></span> <span class='ocrx_word' id='word_1_190' title='bbox 2445 1098 2756 1163; x_wconf 83' lang='lat' dir='ltr'><strong>Iscariotes.</strong></span> <span class='ocrx_word' id='word_1_191' title='bbox 2789 1101 2883 1170; x_wconf 86' lang='lat' dir='ltr'><strong>qui</strong></span> <span class='ocrx_word' id='word_1_192' title='bbox 2906 1100 3012 1170; x_wconf 81' lang='lat' dir='ltr'><strong>fuit</strong></span> <span class='ocrx_word' id='word_1_193' title='bbox 3046 1096 3315 1171; x_wconf 77' lang='lat' dir='ltr'><strong>proditor.</strong></span> <span class='ocrx_word' id='word_1_194' title='bbox 3340 1103 3448 1158; x_wconf 85' lang='lat' dir='ltr'><strong>Cu-</strong></span> 
     </span>
    </p>
   </div>
   <div class='ocr_carea' id='block_1_28' title="bbox 1858 1189 3455 1263">
    <p class='ocr_par' dir='ltr' id='par_1_28' title="bbox 1858 1189 3455 1263">
     <span class='ocr_line' id='line_1_28' title="bbox 1858 1189 3455 1263; baseline 0.004 -20"><span class='ocrx_word' id='word_1_195' title='bbox 1858 1189 2076 1260; x_wconf 76' lang='lat' dir='ltr'><strong>iusnam</strong></span> <span class='ocrx_word' id='word_1_196' title='bbox 2119 1189 2386 1245; x_wconf 88' lang='lat' dir='ltr'><strong>obsecro?</strong></span> <span class='ocrx_word' id='word_1_197' title='bbox 2426 1189 2697 1249; x_wconf 87' lang='lat' dir='ltr'><strong>Nimirum</strong></span> <span class='ocrx_word' id='word_1_198' title='bbox 2744 1192 2915 1257; x_wconf 92' lang='lat' dir='ltr'><strong>illius,</strong></span> <span class='ocrx_word' id='word_1_199' title='bbox 2960 1194 3053 1262; x_wconf 91' lang='lat' dir='ltr'><strong>qui</strong></span> <span class='ocrx_word' id='word_1_200' title='bbox 3096 1193 3455 1263; x_wconf 71' lang='lat' dir='ltr'><strong>comprehen-</strong></span> 
     </span>
    </p>
   </div>
   <div class='ocr_carea' id='block_1_29' title="bbox 1862 1280 3455 1355">
    <p class='ocr_par' dir='ltr' id='par_1_29' title="bbox 1862 1280 3455 1355">
     <span class='ocr_line' id='line_1_29' title="bbox 1862 1280 3455 1355; baseline 0.003 -19"><span class='ocrx_word' id='word_1_201' title='bbox 1862 1296 1978 1347; x_wconf 88' lang='lat' dir='ltr'><strong>sus,</strong></span> <span class='ocrx_word' id='word_1_202' title='bbox 2010 1280 2121 1335; x_wconf 92' lang='lat' dir='ltr'><strong>imo</strong></span> <span class='ocrx_word' id='word_1_203' title='bbox 2159 1291 2213 1336; x_wconf 90' lang='lat' dir='ltr'><strong>et</strong></span> <span class='ocrx_word' id='word_1_204' title='bbox 2254 1282 2311 1336; x_wconf 91' lang='lat' dir='ltr'><strong>in</strong></span> <span class='ocrx_word' id='word_1_205' title='bbox 2348 1297 2566 1338; x_wconf 89' lang='lat' dir='ltr'><strong>crucem</strong></span> <span class='ocrx_word' id='word_1_206' title='bbox 2613 1282 2865 1340; x_wconf 86' lang='lat' dir='ltr'><strong>sublatus</strong></span> <span class='ocrx_word' id='word_1_207' title='bbox 2912 1284 3196 1355; x_wconf 89' lang='lat' dir='ltr'><strong>multaque</strong></span> <span class='ocrx_word' id='word_1_208' title='bbox 3230 1300 3455 1355; x_wconf 88' lang='lat' dir='ltr'><strong>perpes-</strong></span> 
     </span>
    </p>
   </div>
   <div class='ocr_carea' id='block_1_30' title="bbox 1861 1372 3441 1447">
    <p class='ocr_par' dir='ltr' id='par_1_30' title="bbox 1861 1372 3441 1447">
     <span class='ocr_line' id='line_1_30' title="bbox 1861 1372 3441 1447; baseline 0 -18"><span class='ocrx_word' id='word_1_209' title='bbox 1861 1386 1958 1429; x_wconf 88' lang='lat' dir='ltr'><strong>sus</strong></span> <span class='ocrx_word' id='word_1_210' title='bbox 1987 1384 2090 1429; x_wconf 82' lang='lat' dir='ltr'><strong>est.</strong></span> <span class='ocrx_word' id='word_1_211' title='bbox 2137 1372 2382 1440; x_wconf 85' lang='lat' dir='ltr'><strong>Quanam</strong></span> <span class='ocrx_word' id='word_1_212' title='bbox 2430 1376 2597 1447; x_wconf 77' lang='lat' dir='ltr'><strong>igitur</strong></span> <span class='ocrx_word' id='word_1_213' title='bbox 2640 1375 2856 1432; x_wconf 75' lang='lat' dir='ltr'><strong>ratione</strong></span> <span class='ocrx_word' id='word_1_214' title='bbox 2912 1377 3344 1447; x_wconf 85' lang='lat' dir='ltr'><strong>comprehensus</strong></span> <span class='ocrx_word' id='word_1_215' title='bbox 3373 1376 3441 1431; x_wconf 81' lang='lat' dir='ltr'><strong>af-</strong></span> 
     </span>
    </p>
   </div>
   <div class='ocr_carea' id='block_1_31' title="bbox 1863 1463 3450 1538">
    <p class='ocr_par' dir='ltr' id='par_1_31' title="bbox 1863 1463 3450 1538">
     <span class='ocr_line' id='line_1_31' title="bbox 1863 1463 3450 1538; baseline 0.004 -20"><span class='ocrx_word' id='word_1_216' title='bbox 1863 1463 1950 1535; x_wconf 79' lang='lat' dir='ltr'><strong>ﬁgi</strong></span> <span class='ocrx_word' id='word_1_217' title='bbox 2008 1467 2159 1522; x_wconf 88' lang='lat' dir='ltr'><strong>cruci</strong></span> <span class='ocrx_word' id='word_1_218' title='bbox 2215 1469 2437 1538; x_wconf 87' lang='lat' dir='ltr'><strong>poterit,</strong></span> <span class='ocrx_word' id='word_1_219' title='bbox 2497 1467 2589 1538; x_wconf 93' lang='lat' dir='ltr'><strong>qui</strong></span> <span class='ocrx_word' id='word_1_220' title='bbox 2661 1470 2992 1525; x_wconf 82' lang='lat' dir='ltr'><strong>contrectari</strong></span> <span class='ocrx_word' id='word_1_221' title='bbox 3053 1469 3338 1534; x_wconf 87' lang='lat' dir='ltr'><strong>manibus,</strong></span> <span class='ocrx_word' id='word_1_222' title='bbox 3393 1477 3450 1525; x_wconf 90' lang='lat' dir='ltr'><strong>ut</strong></span> 
     </span>
    </p>
   </div>
   <div class='ocr_carea' id='block_1_32' title="bbox 1860 1555 3445 1632">
    <p class='ocr_par' dir='ltr' id='par_1_32' title="bbox 1860 1555 3445 1632">
     <span class='ocr_line' id='line_1_32' title="bbox 1860 1555 3445 1632; baseline 0.004 -21"><span class='ocrx_word' id='word_1_223' title='bbox 1860 1555 2160 1621; x_wconf 68' lang='lat' dir='ltr'><strong>existimas,</strong></span> <span class='ocrx_word' id='word_1_224' title='bbox 2195 1573 2305 1613; x_wconf 91' lang='lat' dir='ltr'><strong>non</strong></span> <span class='ocrx_word' id='word_1_225' title='bbox 2343 1566 2545 1627; x_wconf 87' lang='lat' dir='ltr'><strong>potest,</strong></span> <span class='ocrx_word' id='word_1_226' title='bbox 2599 1576 2632 1613; x_wconf 91' lang='grc' dir='ltr'><strong>ο</strong></span> <span class='ocrx_word' id='word_1_227' title='bbox 2681 1559 2923 1616; x_wconf 83' lang='lat' dir='ltr'><strong>Marcio?</strong></span> <span class='ocrx_word' id='word_1_228' title='bbox 2960 1561 3106 1616; x_wconf 84' lang='lat' dir='ltr'><strong>Nihil</strong></span> <span class='ocrx_word' id='word_1_229' title='bbox 3137 1562 3281 1617; x_wconf 91' lang='lat' dir='ltr'><strong>enim</strong></span> <span class='ocrx_word' id='word_1_230' title='bbox 3318 1574 3445 1632; x_wconf 56' lang='lat' dir='ltr'><strong>prae-</strong></span> 
     </span>
    </p>
   </div>
   <div class='ocr_carea' id='block_1_33' title="bbox 1862 1646 3449 1723">
    <p class='ocr_par' dir='ltr' id='par_1_33' title="bbox 1862 1646 3449 1723">
     <span class='ocr_line' id='line_1_33' title="bbox 1862 1646 3449 1723; baseline 0.006 -24"><span class='ocrx_word' id='word_1_231' title='bbox 1862 1657 1946 1701; x_wconf 90' lang='lat' dir='ltr'><strong>ter</strong></span> <span class='ocrx_word' id='word_1_232' title='bbox 1972 1646 2187 1701; x_wconf 88' lang='lat' dir='ltr'><strong>inanem</strong></span> <span class='ocrx_word' id='word_1_233' title='bbox 2222 1650 2459 1717; x_wconf 88' lang='lat' dir='ltr'><strong>speciem</strong></span> <span class='ocrx_word' id='word_1_234' title='bbox 2496 1650 2711 1706; x_wconf 86' lang='lat' dir='ltr'><strong>tribuis.</strong></span> <span class='ocrx_word' id='word_1_235' title='bbox 2745 1651 2852 1706; x_wconf 89' lang='lat' dir='ltr'><strong>Sed</strong></span> <span class='ocrx_word' id='word_1_236' title='bbox 2885 1654 2999 1708; x_wconf 73' lang='lat' dir='ltr'><strong>luec</strong></span> <span class='ocrx_word' id='word_1_237' title='bbox 3033 1663 3125 1708; x_wconf 88' lang='lat' dir='ltr'><strong>tua</strong></span> <span class='ocrx_word' id='word_1_238' title='bbox 3156 1654 3342 1723; x_wconf 88' lang='lat' dir='ltr'><strong>opinio</strong></span> <span class='ocrx_word' id='word_1_239' title='bbox 3371 1654 3449 1709; x_wconf 82' lang='lat' dir='ltr'><strong>fa-</strong></span> 
     </span>
    </p>
   </div>
   <div class='ocr_carea' id='block_1_34' title="bbox 172 1727 1763 1810">
    <p class='ocr_par' dir='ltr' id='par_1_34' title="bbox 172 1727 1756 1810">
     <span class='ocr_line' id='line_1_34' title="bbox 172 1727 1756 1810; baseline 0.008 -30"><span class='ocrx_word' id='word_1_240' title='bbox 172 1727 378 1781; x_wconf 84' lang='grc' dir='ltr'>έδωκεν</span> <span class='ocrx_word' id='word_1_241' title='bbox 409 1729 490 1791; x_wconf 86' lang='grc' dir='ltr'><strong>είς</strong></span> <span class='ocrx_word' id='word_1_242' title='bbox 530 1733 721 1801; x_wconf 78' lang='grc' dir='ltr'>χεῖρας</span> <span class='ocrx_word' id='word_1_243' title='bbox 746 1731 1050 1803; x_wconf 82' lang='grc' dir='ltr'>ἀνθρώπων</span> <span class='ocrx_word' id='word_1_244' title='bbox 1087 1736 1180 1790; x_wconf 85' lang='grc' dir='ltr'>τὸν</span> <span class='ocrx_word' id='word_1_245' title='bbox 1220 1737 1416 1790; x_wconf 79' lang='grc' dir='ltr'>ἑαυτοῦ</span> <span class='ocrx_word' id='word_1_246' title='bbox 1455 1739 1756 1810; x_wconf 85' lang='grc' dir='ltr'>Δεσπότην.</span> 
     </span>
    </p>
   </div>
   <div class='ocr_carea' id='block_1_35' title="bbox 1882 1727 3451 1810">
    <p class='ocr_par' dir='ltr' id='par_1_35' title="bbox 1882 1730 3451 1805">
     <span class='ocr_line' id='line_1_35' title="bbox 1882 1730 3451 1805; baseline 0.006 -23"><span class='ocrx_word' id='word_1_247' title='bbox 1882 1730 1963 1784; x_wconf 84' lang='lat' dir='ltr'><strong>:ile</strong></span> <span class='ocrx_word' id='word_1_248' title='bbox 1987 1731 2355 1796; x_wconf 84' lang='lat' dir='ltr'><strong>convincitur,</strong></span> <span class='ocrx_word' id='word_1_249' title='bbox 2382 1748 2448 1787; x_wconf 81' lang='lat' dir='ltr'><strong>ex</strong></span> <span class='ocrx_word' id='word_1_250' title='bbox 2497 1747 2566 1788; x_wconf 90' lang='lat' dir='ltr'><strong>eo</strong></span> <span class='ocrx_word' id='word_1_251' title='bbox 2604 1732 2750 1802; x_wconf 85' lang='lat' dir='ltr'><strong>quod</strong></span> <span class='ocrx_word' id='word_1_252' title='bbox 2788 1735 3055 1805; x_wconf 89' lang='lat' dir='ltr'><strong>scriptum</strong></span> <span class='ocrx_word' id='word_1_253' title='bbox 3105 1746 3211 1802; x_wconf 84' lang='lat' dir='ltr'><strong>est,</strong></span> <span class='ocrx_word' id='word_1_254' title='bbox 3254 1735 3451 1792; x_wconf 76' lang='lat' dir='ltr'><strong>ludam</strong></span> 
     </span>
    </p>
   </div>
   <div class='ocr_carea' id='block_1_36' title="bbox 173 1819 1758 1899">
    <p class='ocr_par' dir='ltr' id='par_1_36' title="bbox 173 1819 1758 1899">
     <span class='ocr_line' id='line_1_36' title="bbox 173 1819 1758 1899; baseline 0.008 -27"><span class='ocrx_word' id='word_1_255' title='bbox 173 1819 343 1872; x_wconf 83' lang='grc' dir='ltr'>Οὐδὲν</span> <span class='ocrx_word' id='word_1_256' title='bbox 377 1819 435 1872; x_wconf 78' lang='grc' dir='ltr'>δέ</span> <span class='ocrx_word' id='word_1_257' title='bbox 472 1837 531 1873; x_wconf 86' lang='grc' dir='ltr'><strong>σε</strong></span> <span class='ocrx_word' id='word_1_258' title='bbox 575 1821 751 1894; x_wconf 83' lang='grc' dir='ltr'>ὢνησε</span> <span class='ocrx_word' id='word_1_259' title='bbox 787 1824 850 1877; x_wconf 82' lang='grc' dir='ltr'>τὸ</span> <span class='ocrx_word' id='word_1_260' title='bbox 872 1866 889 1892; x_wconf 90' lang='grc'><strong>,</strong></span> <span class='ocrx_word' id='word_1_261' title='bbox 925 1826 1155 1896; x_wconf 82' lang='grc' dir='ltr'>Κατέϐη</span> <span class='ocrx_word' id='word_1_262' title='bbox 1193 1828 1264 1882; x_wconf 83' lang='grc' dir='ltr'>ἐν</span> <span class='ocrx_word' id='word_1_263' title='bbox 1304 1828 1510 1895; x_wconf 82' lang='grc' dir='ltr'>αὐτοῖς</span> <span class='ocrx_word' id='word_1_264' title='bbox 1556 1829 1758 1899; x_wconf 74' lang='grc' dir='ltr'>λέγειν,</span> 
     </span>
    </p>
   </div>
   <div class='ocr_carea' id='block_1_37' title="bbox 172 1910 1758 1991">
    <p class='ocr_par' dir='ltr' id='par_1_37' title="bbox 172 1910 1758 1991">
     <span class='ocr_line' id='line_1_37' title="bbox 172 1910 1758 1991; baseline 0.009 -29"><span class='ocrx_word' id='word_1_265' title='bbox 172 1911 296 1964; x_wconf 69' lang='grc' dir='ltr'>ἀντὶ</span> <span class='ocrx_word' id='word_1_266' title='bbox 321 1910 437 1975; x_wconf 79' lang='grc' dir='ltr'>τοῦ,</span> <span class='ocrx_word' id='word_1_267' title='bbox 477 1915 607 1982; x_wconf 79' lang='grc' dir='ltr'>μετ’</span> <span class='ocrx_word' id='word_1_268' title='bbox 646 1915 857 1973; x_wconf 83' lang='grc' dir='ltr'>αὐτῶν.</span> <span class='ocrx_word' id='word_1_269' title='bbox 901 1918 977 1971; x_wconf 83' lang='grc' dir='ltr'><strong>Οὐ</strong></span> <span class='ocrx_word' id='word_1_270' title='bbox 1023 1919 1134 1990; x_wconf 85' lang='grc' dir='ltr'><strong>γὰρ</strong></span> <span class='ocrx_word' id='word_1_271' title='bbox 1179 1919 1404 1975; x_wconf 81' lang='grc' dir='ltr'>δύνασαι</span> <span class='ocrx_word' id='word_1_272' title='bbox 1453 1921 1758 1991; x_wconf 75' lang='grc' dir='ltr'>φαντασίαν</span> 
     </span>
    </p>
   </div>
   <div class='ocr_carea' id='block_1_38' title="bbox 172 1997 1760 2083">
    <p class='ocr_par' dir='ltr' id='par_1_38' title="bbox 172 1997 1760 2083">
     <span class='ocr_line' id='line_1_38' title="bbox 172 1997 1760 2083; baseline 0.011 -32"><span class='ocrx_word' id='word_1_273' title='bbox 172 1997 400 2070; x_wconf 77' lang='grc' dir='ltr'>ὁρίζειν,</span> <span class='ocrx_word' id='word_1_274' title='bbox 437 2002 529 2055; x_wconf 84' lang='grc' dir='ltr'>τὸν</span> <span class='ocrx_word' id='word_1_275' title='bbox 563 2004 717 2077; x_wconf 79' lang='grc' dir='ltr'>παρὰ</span> <span class='ocrx_word' id='word_1_276' title='bbox 746 2006 830 2059; x_wconf 76' lang='grc' dir='ltr'><strong>σοὶ</strong></span> <span class='ocrx_word' id='word_1_277' title='bbox 857 2007 1027 2063; x_wconf 84' lang='grc' dir='ltr'>κακόν</span> <span class='ocrx_word' id='word_1_278' title='bbox 1048 2011 1069 2041; x_wconf 82' lang='grc'><strong><em>²</em></strong></span> <span class='ocrx_word' id='word_1_279' title='bbox 1102 2027 1154 2072; x_wconf 83' lang='grc' dir='ltr'><strong>τι</strong></span> <span class='ocrx_word' id='word_1_280' title='bbox 1195 2008 1423 2083; x_wconf 77' lang='grc' dir='ltr'>ὕστερον</span> <span class='ocrx_word' id='word_1_281' title='bbox 1470 2013 1583 2068; x_wconf 81' lang='grc' dir='ltr'><strong>ὑπὸ</strong></span> <span class='ocrx_word' id='word_1_282' title='bbox 1616 2013 1760 2083; x_wconf 81' lang='grc' dir='ltr'>ἁφὴν</span> 
     </span>
    </p>
   </div>
   <div class='ocr_carea' id='block_1_39' title="bbox 176 2092 847 2169">
    <p class='ocr_par' dir='ltr' id='par_1_39' title="bbox 176 2092 847 2169">
     <span class='ocr_line' id='line_1_39' title="bbox 176 2092 847 2169; baseline 0.012 -24"><span class='ocrx_word' id='word_1_283' title='bbox 176 2092 447 2148; x_wconf 80' lang='grc' dir='ltr'>πίπτοντα</span> <span class='ocrx_word' id='word_1_284' title='bbox 474 2094 847 2169; x_wconf 74' lang='grc' dir='ltr'>δεικνύμενον.</span> 
     </span>
    </p>
   </div>
   <div class='ocr_carea' id='block_1_40' title="bbox 249 2355 1760 2432">
    <p class='ocr_par' dir='ltr' id='par_1_40' title="bbox 249 2355 1760 2432">
     <span class='ocr_line' id='line_1_40' title="bbox 249 2355 1760 2432; baseline 0.005 -21"><span class='ocrx_word' id='word_1_285' title='bbox 249 2357 408 2428; x_wconf 84' lang='grc' dir='ltr'>Σχόλ.</span> <span class='ocrx_word' id='word_1_286' title='bbox 456 2355 520 2413; x_wconf 81' lang='grc' dir='ltr'><strong>ε’.</strong></span> <span class='ocrx_word' id='word_1_287' title='bbox 565 2359 677 2414; x_wconf 77' lang='grc' dir='ltr'><strong>Καὶ</strong></span> <span class='ocrx_word' id='word_1_288' title='bbox 736 2358 858 2426; x_wconf 77' lang='grc' dir='ltr'>πᾶς</span> <span class='ocrx_word' id='word_1_289' title='bbox 906 2365 940 2416; x_wconf 85' lang='grc' dir='ltr'><em>ό</em></span> <span class='ocrx_word' id='word_1_290' title='bbox 996 2362 1181 2432; x_wconf 77' lang='grc' dir='ltr'>ὄχλος</span> <span class='ocrx_word' id='word_1_291' title='bbox 1226 2361 1415 2430; x_wconf 73' lang='grc' dir='ltr'>ἐζήτει</span> <span class='ocrx_word' id='word_1_292' title='bbox 1467 2362 1760 2419; x_wconf 79' lang='grc' dir='ltr'>ἅπτεσθαι</span> 
     </span>
    </p>
   </div>
   <div class='ocr_carea' id='block_1_41' title="bbox 173 2449 1756 2525">
    <p class='ocr_par' dir='ltr' id='par_1_41' title="bbox 173 2449 1756 2525">
     <span class='ocr_line' id='line_1_41' title="bbox 173 2449 1756 2525; baseline 0.006 -23"><span class='ocrx_word' id='word_1_293' title='bbox 173 2449 379 2504; x_wconf 83' lang='grc' dir='ltr'>αὑτοῦ.</span> <span class='ocrx_word' id='word_1_294' title='bbox 401 2450 511 2505; x_wconf 78' lang='grc' dir='ltr'><strong>Καὶ</strong></span> <span class='ocrx_word' id='word_1_295' title='bbox 536 2452 721 2519; x_wconf 81' lang='grc' dir='ltr'>αὐτὸς</span> <span class='ocrx_word' id='word_1_296' title='bbox 742 2452 968 2523; x_wconf 82' lang='grc' dir='ltr'>ἐπάρας</span> <span class='ocrx_word' id='word_1_297' title='bbox 994 2454 1138 2521; x_wconf 87' lang='grc' dir='ltr'>τοὺς</span> <span class='ocrx_word' id='word_1_298' title='bbox 1170 2454 1518 2525; x_wconf 69' lang='grc' dir='ltr'>ὀφθαλμοὺς</span> <span class='ocrx_word' id='word_1_299' title='bbox 1549 2456 1756 2521; x_wconf 82' lang='grc' dir='ltr'>αὑτοῦ,</span> 
     </span>
    </p>
   </div>
   <div class='ocr_carea' id='block_1_42' title="bbox 177 2544 538 2616">
    <p class='ocr_par' dir='ltr' id='par_1_42' title="bbox 177 2544 538 2616">
     <span class='ocr_line' id='line_1_42' title="bbox 177 2544 538 2616; baseline 0.017 -20"><span class='ocrx_word' id='word_1_300' title='bbox 177 2545 363 2598; x_wconf 77' lang='grc' dir='ltr'>καὶτὰ</span> <span class='ocrx_word' id='word_1_301' title='bbox 389 2544 538 2616; x_wconf 79' lang='grc' dir='ltr'><strong>ἑξῆς.</strong></span> 
     </span>
    </p>
   </div>
   <div class='ocr_carea' id='block_1_43' title="bbox 248 2632 1760 2710">
    <p class='ocr_par' dir='ltr' id='par_1_43' title="bbox 248 2632 1760 2710">
     <span class='ocr_line' id='line_1_43' title="bbox 248 2632 1760 2710; baseline 0.003 -22"><span class='ocrx_word' id='word_1_302' title='bbox 248 2632 481 2707; x_wconf 81' lang='grc' dir='ltr'>Ἔλεγχ.</span> <span class='ocrx_word' id='word_1_303' title='bbox 511 2642 574 2692; x_wconf 84' lang='grc' dir='ltr'><strong>ε’.</strong></span> <span class='ocrx_word' id='word_1_304' title='bbox 611 2636 738 2700; x_wconf 84' lang='grc' dir='ltr'>Πῶς</span> <span class='ocrx_word' id='word_1_305' title='bbox 780 2635 941 2691; x_wconf 83' lang='grc' dir='ltr'>πάλιν</span> <span class='ocrx_word' id='word_1_306' title='bbox 980 2639 1010 2692; x_wconf 97' lang='lat'><strong>6</strong></span> <span class='ocrx_word' id='word_1_307' title='bbox 1043 2637 1201 2709; x_wconf 77' lang='grc' dir='ltr'>ὄχλος</span> <span class='ocrx_word' id='word_1_308' title='bbox 1250 2638 1480 2709; x_wconf 75' lang='grc' dir='ltr'>ἠδύνατο</span> <span class='ocrx_word' id='word_1_309' title='bbox 1519 2638 1760 2710; x_wconf 75' lang='grc' dir='ltr'>ἅψασθαι</span> 
     </span>
    </p>
   </div>
   <div class='ocr_carea' id='block_1_44' title="bbox 173 2727 1761 2803">
    <p class='ocr_par' dir='ltr' id='par_1_44' title="bbox 173 2727 1761 2803">
     <span class='ocr_line' id='line_1_44' title="bbox 173 2727 1761 2803; baseline 0.002 -21"><span class='ocrx_word' id='word_1_310' title='bbox 173 2727 272 2782; x_wconf 70' lang='grc' dir='ltr'>τοῦ</span> <span class='ocrx_word' id='word_1_311' title='bbox 300 2730 448 2799; x_wconf 67' lang='grc' dir='ltr'>ἁφὴν</span> <span class='ocrx_word' id='word_1_312' title='bbox 482 2729 557 2801; x_wconf 81' lang='grc' dir='ltr'><strong>μὴ</strong></span> <span class='ocrx_word' id='word_1_313' title='bbox 589 2728 837 2799; x_wconf 55' lang='grc' dir='ltr'>ἔχοντος</span> <span class='ocrx_word' id='word_1_314' title='bbox 873 2730 1069 2794; x_wconf 85' lang='grc' dir='ltr'>Ποίους</span> <span class='ocrx_word' id='word_1_315' title='bbox 1107 2730 1167 2784; x_wconf 82' lang='grc' dir='ltr'>δὲ</span> <span class='ocrx_word' id='word_1_316' title='bbox 1200 2730 1513 2802; x_wconf 82' lang='grc' dir='ltr'>ὀφθαλμοὺς</span> <span class='ocrx_word' id='word_1_317' title='bbox 1554 2731 1761 2803; x_wconf 79' lang='grc' dir='ltr'>ἐπῆρεν</span> 
     </span>
    </p>
   </div>
   <div class='ocr_carea' id='block_1_45' title="bbox 174 2821 1761 2895">
    <p class='ocr_par' dir='ltr' id='par_1_45' title="bbox 174 2821 1761 2895">
     <span class='ocr_line' id='line_1_45' title="bbox 174 2821 1761 2895; baseline 0.001 -19"><span class='ocrx_word' id='word_1_318' title='bbox 174 2822 260 2885; x_wconf 76' lang='grc' dir='ltr'><strong>είς</strong></span> <span class='ocrx_word' id='word_1_319' title='bbox 288 2821 549 2892; x_wconf 77' lang='grc' dir='ltr'>οὐρανοὺς</span> <span class='ocrx_word' id='word_1_320' title='bbox 576 2824 605 2875; x_wconf 89' lang='lat'><strong>6</strong></span> <span class='ocrx_word' id='word_1_321' title='bbox 643 2824 707 2876; x_wconf 84' lang='grc' dir='ltr'><strong>ὲκ</strong></span> <span class='ocrx_word' id='word_1_322' title='bbox 737 2822 938 2894; x_wconf 84' lang='grc' dir='ltr'>σαρκὸς</span> <span class='ocrx_word' id='word_1_323' title='bbox 968 2822 1043 2894; x_wconf 82' lang='grc' dir='ltr'><strong>μὴ</strong></span> <span class='ocrx_word' id='word_1_324' title='bbox 1075 2823 1457 2895; x_wconf 80' lang='grc' dir='ltr'>ήρμοσμένος;</span> <span class='ocrx_word' id='word_1_325' title='bbox 1505 2823 1643 2877; x_wconf 75' lang='grc' dir='ltr'>Ἀλλ’</span> <span class='ocrx_word' id='word_1_326' title='bbox 1675 2824 1761 2878; x_wconf 84' lang='grc' dir='ltr'>ἵνα</span> 
     </span>
    </p>
   </div>
   <div class='ocr_carea' id='block_1_46' title="bbox 172 2910 1762 2986">
    <p class='ocr_par' dir='ltr' id='par_1_46' title="bbox 172 2910 1762 2986">
     <span class='ocr_line' id='line_1_46' title="bbox 172 2910 1762 2986; baseline 0.003 -22"><span class='ocrx_word' id='word_1_327' title='bbox 172 2910 364 2983; x_wconf 80' lang='grc' dir='ltr'>δείξῃ,</span> <span class='ocrx_word' id='word_1_328' title='bbox 413 2911 495 2964; x_wconf 82' lang='grc' dir='ltr'>ὅτι</span> <span class='ocrx_word' id='word_1_329' title='bbox 548 2912 774 2984; x_wconf 79' lang='grc' dir='ltr'>μεσίτης</span> <span class='ocrx_word' id='word_1_330' title='bbox 805 2912 940 2966; x_wconf 83' lang='grc' dir='ltr'>Θεοῦ</span> <span class='ocrx_word' id='word_1_331' title='bbox 980 2914 1076 2968; x_wconf 81' lang='grc' dir='ltr'><strong>καὶ</strong></span> <span class='ocrx_word' id='word_1_332' title='bbox 1120 2912 1424 2986; x_wconf 85' lang='grc' dir='ltr'>ἀνθρώπων</span> <span class='ocrx_word' id='word_1_333' title='bbox 1475 2914 1762 2986; x_wconf 79' lang='grc' dir='ltr'>ἄνθρωπος</span> 
     </span>
    </p>
   </div>
   <div class='ocr_carea' id='block_1_47' title="bbox 174 3001 1760 3077">
    <p class='ocr_par' dir='ltr' id='par_1_47' title="bbox 174 3001 1760 3077">
     <span class='ocr_line' id='line_1_47' title="bbox 174 3001 1760 3077; baseline 0 -17"><span class='ocrx_word' id='word_1_334' title='bbox 174 3003 416 3075; x_wconf 74' lang='grc' dir='ltr'>Χριστὸς</span> <span class='ocrx_word' id='word_1_335' title='bbox 457 3001 682 3074; x_wconf 80' lang='grc' dir='ltr'>Ἰησοῦς,</span> <span class='ocrx_word' id='word_1_336' title='bbox 721 3002 861 3074; x_wconf 71' lang='grc' dir='ltr'>ἔχων</span> <span class='ocrx_word' id='word_1_337' title='bbox 911 3004 981 3059; x_wconf 77' lang='grc' dir='ltr'>τὰ</span> <span class='ocrx_word' id='word_1_338' title='bbox 1015 3005 1323 3077; x_wconf 84' lang='grc' dir='ltr'>ἀμφότερα,</span> <span class='ocrx_word' id='word_1_339' title='bbox 1358 3004 1417 3072; x_wconf 77' lang='grc' dir='ltr'>ἐξ</span> <span class='ocrx_word' id='word_1_340' title='bbox 1455 3004 1760 3077; x_wconf 80' lang='grc' dir='ltr'>ἀνθρώπων</span> 
     </span>
    </p>
   </div>
   <div class='ocr_carea' id='block_1_48' title="bbox 178 3063 1831 3171">
    <p class='ocr_par' dir='ltr' id='par_1_48' title="bbox 178 3063 1831 3171">
     <span class='ocr_line' id='line_1_48' title="bbox 178 3063 1831 3171; baseline 0.002 -21"><span class='ocrx_word' id='word_1_341' title='bbox 178 3063 283 3168; x_wconf 66' lang='grc' dir='ltr'><strong>μέν</strong></span> <span class='ocrx_word' id='word_1_342' title='bbox 330 3063 427 3167; x_wconf 76' lang='grc' dir='ltr'>τὴν</span> <span class='ocrx_word' id='word_1_343' title='bbox 472 3063 688 3168; x_wconf 75' lang='grc' dir='ltr'>σάρκα</span> <span class='ocrx_word' id='word_1_344' title='bbox 850 3097 907 3151; x_wconf 85' lang='grc' dir='ltr'>δὲ</span> <span class='ocrx_word' id='word_1_345' title='bbox 947 3063 1083 3151; x_wconf 66' lang='grc' dir='ltr'>Θεοξῑ</span> <span class='ocrx_word' id='word_1_346' title='bbox 1111 3063 1349 3171; x_wconf 43' lang='grc' dir='ltr'>·Πατρδς</span> <span class='ocrx_word' id='word_1_347' title='bbox 1392 3063 1493 3170; x_wconf 70' lang='grc' dir='ltr'>τὴν</span> <span class='ocrx_word' id='word_1_348' title='bbox 1531 3063 1762 3170; x_wconf 53' lang='grc' dir='ltr'>ἀδρατον</span> <span class='ocrx_word' id='word_1_349' title='bbox 1787 3063 1831 3118; x_wconf 71' lang='lat' dir='ltr'>C</span> 
     </span>
    </p>
   </div>
   <div class='ocr_carea' id='block_1_49' title="bbox 174 3187 385 3241">
    <p class='ocr_par' dir='ltr' id='par_1_49' title="bbox 174 3187 385 3241">
     <span class='ocr_line' id='line_1_49' title="bbox 174 3187 385 3241; baseline 0.005 -1"><span class='ocrx_word' id='word_1_350' title='bbox 174 3187 385 3241; x_wconf 81' lang='grc' dir='ltr'>οὐσίαν.</span> 
     </span>
    </p>
   </div>
   <div class='ocr_carea' id='block_1_50' title="bbox 250 3369 1765 3442">
    <p class='ocr_par' dir='ltr' id='par_1_50' title="bbox 250 3369 1765 3442">
     <span class='ocr_line' id='line_1_50' title="bbox 250 3369 1765 3442; baseline 0.021 -32"><span class='ocrx_word' id='word_1_351' title='bbox 250 3369 447 3439; x_wconf 73' lang='grc' dir='ltr'>Σχόλχ,</span> <span class='ocrx_word' id='word_1_352' title='bbox 493 3376 569 3434; x_wconf 82' lang='grc' dir='ltr'>ς’,</span> <span class='ocrx_word' id='word_1_353' title='bbox 614 3371 777 3426; x_wconf 80' lang='grc' dir='ltr'>Κατὰ</span> <span class='ocrx_word' id='word_1_354' title='bbox 799 3369 870 3424; x_wconf 84' lang='grc' dir='ltr'>τὰ</span> <span class='ocrx_word' id='word_1_355' title='bbox 915 3370 1069 3425; x_wconf 82' lang='grc' dir='ltr'>αὐτὰ</span> <span class='ocrx_word' id='word_1_356' title='bbox 1095 3371 1343 3426; x_wconf 82' lang='grc' dir='ltr'>ἐποίουν</span> <span class='ocrx_word' id='word_1_357' title='bbox 1374 3372 1497 3439; x_wconf 84' lang='grc' dir='ltr'>τοῖς</span> <span class='ocrx_word' id='word_1_358' title='bbox 1533 3372 1765 3442; x_wconf 68' lang='grc' dir='ltr'>προφή-</span> 
     </span>
    </p>
   </div>
   <div class='ocr_carea' id='block_1_51' title="bbox 178 3462 1564 3532">
    <p class='ocr_par' dir='ltr' id='par_1_51' title="bbox 178 3462 1564 3532">
     <span class='ocr_line' id='line_1_51' title="bbox 178 3462 1564 3532; baseline 0.004 -16"><span class='ocrx_word' id='word_1_359' title='bbox 178 3479 314 3528; x_wconf 84' lang='grc' dir='ltr'>ταις</span> <span class='ocrx_word' id='word_1_360' title='bbox 339 3465 395 3517; x_wconf 73' lang='lat' dir='ltr'><strong>oi</strong></span> <span class='ocrx_word' id='word_1_361' title='bbox 424 3462 676 3532; x_wconf 75' lang='grc' dir='ltr'>πατέρες</span> <span class='ocrx_word' id='word_1_362' title='bbox 703 3462 890 3532; x_wconf 80' lang='grc' dir='ltr'><strong>ὑμῶν.</strong></span> <span class='ocrx_word' id='word_1_363' title='bbox 1558 3503 1564 3508; x_wconf 93' lang='grc'><strong><em>-</em></strong></span> 
     </span>
    </p>
   </div>
   <div class='ocr_carea' id='block_1_52' title="bbox 259 3555 1765 3631">
    <p class='ocr_par' dir='ltr' id='par_1_52' title="bbox 259 3555 1765 3631">
     <span class='ocr_line' id='line_1_52' title="bbox 259 3555 1765 3631; baseline 0.004 -23"><span class='ocrx_word' id='word_1_364' title='bbox 259 3556 491 3626; x_wconf 75' lang='grc' dir='ltr'>Ἐλεγχ.</span> <span class='ocrx_word' id='word_1_365' title='bbox 530 3555 604 3621; x_wconf 81' lang='grc' dir='ltr'><strong>ς’.</strong></span> <span class='ocrx_word' id='word_1_366' title='bbox 646 3557 710 3610; x_wconf 75' lang='lat' dir='ltr'><strong>Et</strong></span> <span class='ocrx_word' id='word_1_367' title='bbox 736 3557 1029 3628; x_wconf 73' lang='grc' dir='ltr'>προφητῶν</span> <span class='ocrx_word' id='word_1_368' title='bbox 1075 3559 1368 3629; x_wconf 83' lang='grc' dir='ltr'>μέμνηται,</span> <span class='ocrx_word' id='word_1_369' title='bbox 1399 3560 1500 3614; x_wconf 83' lang='grc' dir='ltr'><strong>οὐκ</strong></span> <span class='ocrx_word' id='word_1_370' title='bbox 1522 3560 1765 3631; x_wconf 81' lang='grc' dir='ltr'>ἀρνεῖται</span> 
     </span>
    </p>
   </div>
   <div class='ocr_carea' id='block_1_53' title="bbox 183 3647 1769 3720">
    <p class='ocr_par' dir='ltr' id='par_1_53' title="bbox 183 3647 1769 3720">
     <span class='ocr_line' id='line_1_53' title="bbox 183 3647 1769 3720; baseline 0.001 -20"><span class='ocrx_word' id='word_1_371' title='bbox 183 3649 508 3720; x_wconf 69' lang='grc' dir='ltr'>προφήτας*</span> <span class='ocrx_word' id='word_1_372' title='bbox 550 3649 599 3701; x_wconf 82' lang='grc' dir='ltr'><strong>εί</strong></span> <span class='ocrx_word' id='word_1_373' title='bbox 629 3648 837 3701; x_wconf 77' lang='grc' dir='ltr'>ἐκδικεί</span> <span class='ocrx_word' id='word_1_374' title='bbox 862 3649 953 3702; x_wconf 82' lang='grc' dir='ltr'>τὸν</span> <span class='ocrx_word' id='word_1_375' title='bbox 978 3647 1089 3702; x_wconf 88' lang='grc' dir='ltr'><strong>τῶν</strong></span> <span class='ocrx_word' id='word_1_376' title='bbox 1134 3649 1429 3720; x_wconf 79' lang='grc' dir='ltr'>προφητῶν</span> <span class='ocrx_word' id='word_1_377' title='bbox 1458 3650 1637 3718; x_wconf 79' lang='grc' dir='ltr'>φόνον,</span> <span class='ocrx_word' id='word_1_378' title='bbox 1672 3650 1769 3704; x_wconf 81' lang='grc' dir='ltr'><strong>καὶ</strong></span> 
     </span>
    </p>
   </div>
   <div class='ocr_carea' id='block_1_54' title="bbox 180 3738 1768 3808">
    <p class='ocr_par' dir='ltr' id='par_1_54' title="bbox 180 3738 1768 3808">
     <span class='ocr_line' id='line_1_54' title="bbox 180 3738 1768 3808; baseline 0.003 -17"><span class='ocrx_word' id='word_1_379' title='bbox 180 3738 434 3804; x_wconf 76' lang='grc' dir='ltr'>ὀνειδίζει</span> <span class='ocrx_word' id='word_1_380' title='bbox 479 3740 607 3803; x_wconf 72' lang='grc' dir='ltr'>τοὺς</span> <span class='ocrx_word' id='word_1_381' title='bbox 642 3741 1048 3808; x_wconf 69' lang='grc' dir='ltr'>πεφονευκότας</span> <span class='ocrx_word' id='word_1_382' title='bbox 1078 3758 1137 3794; x_wconf 88' lang='grc' dir='ltr'><strong>τε</strong></span> <span class='ocrx_word' id='word_1_383' title='bbox 1177 3742 1271 3795; x_wconf 75' lang='grc' dir='ltr'><strong>καὶ</strong></span> <span class='ocrx_word' id='word_1_384' title='bbox 1303 3740 1631 3806; x_wconf 76' lang='grc' dir='ltr'>διώξαντας,</span> <span class='ocrx_word' id='word_1_385' title='bbox 1668 3741 1768 3795; x_wconf 81' lang='grc' dir='ltr'><strong>οὐκ</strong></span> 
     </span>
    </p>
   </div>
   <div class='ocr_carea' id='block_1_55' title="bbox 180 3830 1769 3903">
    <p class='ocr_par' dir='ltr' id='par_1_55' title="bbox 180 3830 1769 3903">
     <span class='ocr_line' id='line_1_55' title="bbox 180 3830 1769 3903; baseline 0 -18"><span class='ocrx_word' id='word_1_386' title='bbox 180 3830 469 3902; x_wconf 84' lang='grc' dir='ltr'>ἀλλότριος</span> <span class='ocrx_word' id='word_1_387' title='bbox 525 3832 822 3902; x_wconf 72' lang='grc' dir='ltr'>προφητῶν</span> <span class='ocrx_word' id='word_1_388' title='bbox 873 3833 1164 3903; x_wconf 83' lang='grc' dir='ltr'>τυγχάνει,</span> <span class='ocrx_word' id='word_1_389' title='bbox 1215 3831 1353 3885; x_wconf 83' lang='grc' dir='ltr'>ἀλλὰ</span> <span class='ocrx_word' id='word_1_390' title='bbox 1408 3832 1541 3895; x_wconf 74' lang='grc' dir='ltr'>Θεὸς</span> <span class='ocrx_word' id='word_1_391' title='bbox 1590 3832 1769 3885; x_wconf 84' lang='grc' dir='ltr'>αὐτῶν</span> 
     </span>
    </p>
   </div>
   <div class='ocr_carea' id='block_1_56' title="bbox 182 3923 1495 3994">
    <p class='ocr_par' dir='ltr' id='par_1_56' title="bbox 182 3923 1495 3994">
     <span class='ocr_line' id='line_1_56' title="bbox 182 3923 1495 3994; baseline 0.001 -18"><span class='ocrx_word' id='word_1_392' title='bbox 182 3924 447 3993; x_wconf 75' lang='grc' dir='ltr'>ὑπάρχει,</span> <span class='ocrx_word' id='word_1_393' title='bbox 473 3924 501 3976; x_wconf 93' lang='lat'><strong>6</strong></span> <span class='ocrx_word' id='word_1_394' title='bbox 528 3923 626 3994; x_wconf 87' lang='grc' dir='ltr'>τὴν</span> <span class='ocrx_word' id='word_1_395' title='bbox 652 3923 911 3978; x_wconf 82' lang='grc' dir='ltr'>σύστασιν</span> <span class='ocrx_word' id='word_1_396' title='bbox 939 3923 1120 3979; x_wconf 87' lang='grc' dir='ltr'>αὐτῶν</span> <span class='ocrx_word' id='word_1_397' title='bbox 1156 3923 1495 3994; x_wconf 79' lang='grc' dir='ltr'>ποιούμενος.</span> 
     </span>
    </p>
   </div>
   <div class='ocr_carea' id='block_1_57' title="bbox 256 4011 1769 4085">
    <p class='ocr_par' dir='ltr' id='par_1_57' title="bbox 256 4011 1769 4085">
     <span class='ocr_line' id='line_1_57' title="bbox 256 4011 1769 4085; baseline 0.003 -20"><span class='ocrx_word' id='word_1_398' title='bbox 256 4014 416 4083; x_wconf 85' lang='grc' dir='ltr'>Σχόλ.</span> <span class='ocrx_word' id='word_1_399' title='bbox 444 4011 509 4079; x_wconf 77' lang='grc' dir='ltr'><strong>ζ’.</strong></span> <span class='ocrx_word' id='word_1_400' title='bbox 544 4013 709 4084; x_wconf 81' lang='grc' dir='ltr'><strong>Λέγω</strong></span> <span class='ocrx_word' id='word_1_401' title='bbox 740 4014 917 4085; x_wconf 79' lang='grc' dir='ltr'><strong>ὑμῖν·</strong></span> <span class='ocrx_word' id='word_1_402' title='bbox 949 4015 1261 4083; x_wconf 80' lang='grc' dir='ltr'>Τοσαύτην</span> <span class='ocrx_word' id='word_1_403' title='bbox 1287 4015 1495 4068; x_wconf 77' lang='grc' dir='ltr'>πίστιν</span> <span class='ocrx_word' id='word_1_404' title='bbox 1531 4014 1673 4069; x_wconf 81' lang='grc' dir='ltr'>οὐδὲ</span> <span class='ocrx_word' id='word_1_405' title='bbox 1698 4015 1769 4070; x_wconf 78' lang='grc' dir='ltr'><strong>ἐν</strong></span> 
     </span>
    </p>
   </div>
   <div class='ocr_carea' id='block_1_58' title="bbox 181 4101 788 4175">
    <p class='ocr_par' dir='ltr' id='par_1_58' title="bbox 181 4101 788 4175">
     <span class='ocr_line' id='line_1_58' title="bbox 181 4101 788 4175; baseline -0.007 -13"><span class='ocrx_word' id='word_1_406' title='bbox 181 4104 269 4172; x_wconf 83' lang='grc' dir='ltr'>τῷ</span> <span class='ocrx_word' id='word_1_407' title='bbox 307 4105 557 4175; x_wconf 83' lang='grc' dir='ltr'>Ἰσραὴλ</span> <span class='ocrx_word' id='word_1_408' title='bbox 588 4101 788 4175; x_wconf 80' lang='grc' dir='ltr'>εὗρον.</span> 
     </span>
    </p>
   </div>
   <div class='ocr_carea' id='block_1_59' title="bbox 262 4195 1770 4271">
    <p class='ocr_par' dir='ltr' id='par_1_59' title="bbox 262 4195 1770 4271">
     <span class='ocr_line' id='line_1_59' title="bbox 262 4195 1770 4271; baseline 0 -18"><span class='ocrx_word' id='word_1_409' title='bbox 262 4200 485 4271; x_wconf 86' lang='grc' dir='ltr'>Ἔλεγχ.</span> <span class='ocrx_word' id='word_1_410' title='bbox 518 4198 580 4264; x_wconf 68' lang='grc' dir='ltr'><strong>ζ’.</strong></span> <span class='ocrx_word' id='word_1_411' title='bbox 602 4201 664 4253; x_wconf 85' lang='grc' dir='ltr'>Εἰ</span> <span class='ocrx_word' id='word_1_412' title='bbox 692 4199 814 4253; x_wconf 80' lang='grc' dir='ltr'>οὐδὲ</span> <span class='ocrx_word' id='word_1_413' title='bbox 845 4199 903 4252; x_wconf 80' lang='grc' dir='ltr'>ὲν</span> <span class='ocrx_word' id='word_1_414' title='bbox 931 4197 1010 4269; x_wconf 82' lang='grc' dir='ltr'>τῷ</span> <span class='ocrx_word' id='word_1_415' title='bbox 1046 4195 1262 4268; x_wconf 79' lang='grc' dir='ltr'>Ἰσραὴλ</span> <span class='ocrx_word' id='word_1_416' title='bbox 1296 4196 1551 4271; x_wconf 76' lang='grc' dir='ltr'>τοιαύτην</span> <span class='ocrx_word' id='word_1_417' title='bbox 1587 4198 1770 4253; x_wconf 89' lang='grc' dir='ltr'>πίστιν</span> 
     </span>
    </p>
   </div>
   <div class='ocr_carea' id='block_1_60' title="bbox 188 4285 1767 4362">
    <p class='ocr_par' dir='ltr' id='par_1_60' title="bbox 188 4285 1767 4362">
     <span class='ocr_line' id='line_1_60' title="bbox 188 4285 1767 4362; baseline -0.001 -17"><span class='ocrx_word' id='word_1_418' title='bbox 188 4285 372 4362; x_wconf 65' lang='grc' dir='ltr'>εὗρεν,</span> <span class='ocrx_word' id='word_1_419' title='bbox 405 4291 481 4354; x_wconf 80' lang='grc' dir='ltr'>ὡς</span> <span class='ocrx_word' id='word_1_420' title='bbox 516 4292 574 4344; x_wconf 83' lang='grc' dir='ltr'>ὲν</span> <span class='ocrx_word' id='word_1_421' title='bbox 618 4290 696 4362; x_wconf 83' lang='grc' dir='ltr'>τῷ</span> <span class='ocrx_word' id='word_1_422' title='bbox 742 4290 851 4344; x_wconf 83' lang='grc' dir='ltr'><strong>ἀπὸ</strong></span> <span class='ocrx_word' id='word_1_423' title='bbox 892 4289 1064 4343; x_wconf 84' lang='grc' dir='ltr'>ὲθνῶν</span> <span class='ocrx_word' id='word_1_424' title='bbox 1103 4288 1313 4342; x_wconf 80' lang='grc' dir='ltr'>ἐλθόντι</span> <span class='ocrx_word' id='word_1_425' title='bbox 1361 4289 1767 4361; x_wconf 79' lang='grc' dir='ltr'>ἑκατοντάρχῃ,</span> 
     </span>
    </p>
   </div>
   <div class='ocr_carea' id='block_1_61' title="bbox 1858 1819 3442 1897">
    <p class='ocr_par' dir='ltr' id='par_1_61' title="bbox 1858 1819 3442 1897">
     <span class='ocr_line' id='line_1_61' title="bbox 1858 1819 3442 1897; baseline 0.005 -24"><span class='ocrx_word' id='word_1_426' title='bbox 1858 1819 2218 1893; x_wconf 88' lang='lat' dir='ltr'><strong>proditorem.</strong></span> <span class='ocrx_word' id='word_1_427' title='bbox 2248 1819 2456 1877; x_wconf 80' lang='lat' dir='ltr'><strong>Revera</strong></span> <span class='ocrx_word' id='word_1_428' title='bbox 2497 1822 2698 1893; x_wconf 88' lang='lat' dir='ltr'><strong>quippe</strong></span> <span class='ocrx_word' id='word_1_429' title='bbox 2736 1823 3027 1879; x_wconf 85' lang='lat' dir='ltr'><strong>Dominum</strong></span> <span class='ocrx_word' id='word_1_430' title='bbox 3074 1841 3233 1881; x_wconf 87' lang='lat' dir='ltr'><strong>suum</strong></span> <span class='ocrx_word' id='word_1_431' title='bbox 3266 1827 3442 1897; x_wconf 76' lang='lat' dir='ltr'><strong>prodi~</strong></span> 
     </span>
    </p>
   </div>
   <div class='ocr_carea' id='block_1_62' title="bbox 1859 1909 3452 1988">
    <p class='ocr_par' dir='ltr' id='par_1_62' title="bbox 1859 1909 3452 1988">
     <span class='ocr_line' id='line_1_62' title="bbox 1859 1909 3452 1988; baseline 0.006 -23"><span class='ocrx_word' id='word_1_432' title='bbox 1859 1909 1972 1978; x_wconf 89' lang='lat' dir='ltr'><strong>dit,</strong></span> <span class='ocrx_word' id='word_1_433' title='bbox 2026 1919 2081 1967; x_wconf 89' lang='lat' dir='ltr'><strong>et</strong></span> <span class='ocrx_word' id='word_1_434' title='bbox 2129 1911 2186 1967; x_wconf 92' lang='lat' dir='ltr'><strong>in</strong></span> <span class='ocrx_word' id='word_1_435' title='bbox 2240 1927 2436 1970; x_wconf 86' lang='lat' dir='ltr'><strong>manus</strong></span> <span class='ocrx_word' id='word_1_436' title='bbox 2483 1915 2764 1970; x_wconf 87' lang='lat' dir='ltr'><strong>hominum</strong></span> <span class='ocrx_word' id='word_1_437' title='bbox 2811 1916 3056 1971; x_wconf 85' lang='lat' dir='ltr'><strong>tradidit.</strong></span> <span class='ocrx_word' id='word_1_438' title='bbox 3103 1916 3290 1988; x_wconf 83' lang='lat' dir='ltr'><strong>Neque</strong></span> <span class='ocrx_word' id='word_1_439' title='bbox 3326 1932 3452 1975; x_wconf 83' lang='lat' dir='ltr'><strong>vero</strong></span> 
     </span>
    </p>
   </div>
   <div class='ocr_carea' id='block_1_63' title="bbox 1859 2006 3453 2080">
    <p class='ocr_par' dir='ltr' id='par_1_63' title="bbox 1859 2006 3453 2080">
     <span class='ocr_line' id='line_1_63' title="bbox 1859 2006 3453 2080; baseline 0.006 -23"><span class='ocrx_word' id='word_1_440' title='bbox 1859 2016 2083 2058; x_wconf 83' lang='lat' dir='ltr'><strong>causam</strong></span> <span class='ocrx_word' id='word_1_441' title='bbox 2132 2011 2281 2059; x_wconf 87' lang='lat' dir='ltr'><strong>tuam</strong></span> <span class='ocrx_word' id='word_1_442' title='bbox 2336 2006 2605 2073; x_wconf 82' lang='lat' dir='ltr'><strong>sublevat,</strong></span> <span class='ocrx_word' id='word_1_443' title='bbox 2644 2007 2813 2078; x_wconf 88' lang='lat' dir='ltr'><strong>quod,</strong></span> <span class='ocrx_word' id='word_1_444' title='bbox 2851 2007 3132 2064; x_wconf 77' lang='lat' dir='ltr'><strong>Descendit</strong></span> <span class='ocrx_word' id='word_1_445' title='bbox 3183 2012 3239 2065; x_wconf 88' lang='lat' dir='ltr'><strong>in</strong></span> <span class='ocrx_word' id='word_1_446' title='bbox 3289 2012 3453 2080; x_wconf 87' lang='lat' dir='ltr'><strong>ipsos,</strong></span> 
     </span>
    </p>
   </div>
   <div class='ocr_carea' id='block_1_64' title="bbox 1860 2097 3430 2172">
    <p class='ocr_par' dir='ltr' id='par_1_64' title="bbox 1860 2097 3430 2172">
     <span class='ocr_line' id='line_1_64' title="bbox 1860 2097 3430 2172; baseline 0.007 -24"><span class='ocrx_word' id='word_1_447' title='bbox 1860 2107 1992 2159; x_wconf 79' lang='lat' dir='ltr'><strong>non,</strong></span> <span class='ocrx_word' id='word_1_448' title='bbox 2030 2111 2150 2149; x_wconf 89' lang='lat' dir='ltr'><strong>cum</strong></span> <span class='ocrx_word' id='word_1_449' title='bbox 2178 2097 2330 2166; x_wconf 82' lang='lat' dir='ltr'><strong>ipsis,</strong></span> <span class='ocrx_word' id='word_1_450' title='bbox 2361 2099 2734 2155; x_wconf 63' lang='lat' dir='ltr'><strong>substituet-is.</strong></span> <span class='ocrx_word' id='word_1_451' title='bbox 2779 2098 2967 2172; x_wconf 88' lang='lat' dir='ltr'><strong>Neque</strong></span> <span class='ocrx_word' id='word_1_452' title='bbox 2991 2104 3135 2157; x_wconf 90' lang='lat' dir='ltr'><strong>enim</strong></span> <span class='ocrx_word' id='word_1_453' title='bbox 3169 2119 3328 2161; x_wconf 86' lang='lat' dir='ltr'><strong>cassa</strong></span> <span class='ocrx_word' id='word_1_454' title='bbox 3360 2106 3430 2159; x_wconf 84' lang='lat' dir='ltr'><strong>ad</strong></span> 
     </span>
    </p>
   </div>
   <div class='ocr_carea' id='block_1_65' title="bbox 1860 2183 3451 2264">
    <p class='ocr_par' dir='ltr' id='par_1_65' title="bbox 1860 2183 3451 2264">
     <span class='ocr_line' id='line_1_65' title="bbox 1860 2183 3451 2264; baseline 0.008 -25"><span class='ocrx_word' id='word_1_455' title='bbox 1860 2183 2220 2257; x_wconf 73' lang='lat' dir='ltr'><strong>umbrataque</strong></span> <span class='ocrx_word' id='word_1_456' title='bbox 2255 2189 2440 2259; x_wconf 89' lang='lat' dir='ltr'><strong>specie</strong></span> <span class='ocrx_word' id='word_1_457' title='bbox 2477 2189 2705 2246; x_wconf 90' lang='lat' dir='ltr'><strong>delinire</strong></span> <span class='ocrx_word' id='word_1_458' title='bbox 2752 2200 2904 2261; x_wconf 89' lang='lat' dir='ltr'><strong>potes</strong></span> <span class='ocrx_word' id='word_1_459' title='bbox 2952 2194 3137 2259; x_wconf 86' lang='lat' dir='ltr'><strong>illum,</strong></span> <span class='ocrx_word' id='word_1_460' title='bbox 3170 2212 3329 2264; x_wconf 86' lang='lat' dir='ltr'><strong>quem</strong></span> <span class='ocrx_word' id='word_1_461' title='bbox 3373 2208 3451 2252; x_wconf 89' lang='lat' dir='ltr'><strong>ta-</strong></span> 
     </span>
    </p>
   </div>
   <div class='ocr_carea' id='block_1_66' title="bbox 1860 2280 3276 2352">
    <p class='ocr_par' dir='ltr' id='par_1_66' title="bbox 1860 2280 3276 2352">
     <span class='ocr_line' id='line_1_66' title="bbox 1860 2280 3276 2352; baseline 0.006 -19"><span class='ocrx_word' id='word_1_462' title='bbox 1860 2284 1953 2333; x_wconf 80' lang='lat' dir='ltr'><strong>ctu</strong></span> <span class='ocrx_word' id='word_1_463' title='bbox 1994 2285 2307 2347; x_wconf 89' lang='lat' dir='ltr'><strong>perceptum</strong></span> <span class='ocrx_word' id='word_1_464' title='bbox 2345 2280 2517 2337; x_wconf 84' lang='lat' dir='ltr'><strong>fuisse</strong></span> <span class='ocrx_word' id='word_1_465' title='bbox 2551 2283 2758 2338; x_wconf 88' lang='lat' dir='ltr'><strong>lateare</strong></span> <span class='ocrx_word' id='word_1_466' title='bbox 2790 2283 2908 2352; x_wconf 90' lang='lat' dir='ltr'><strong>ipse</strong></span> <span class='ocrx_word' id='word_1_467' title='bbox 2940 2285 3024 2340; x_wconf 85' lang='lat' dir='ltr'><strong>vel</strong></span> <span class='ocrx_word' id='word_1_468' title='bbox 3054 2285 3276 2342; x_wconf 88' lang='lat' dir='ltr'><strong>invitus.</strong></span> 
     </span>
    </p>
   </div>
   <div class='ocr_carea' id='block_1_67' title="bbox 1928 2370 3458 2459">
    <p class='ocr_par' dir='ltr' id='par_1_67' title="bbox 1928 2370 3458 2459">
     <span class='ocr_line' id='line_1_67' title="bbox 1928 2370 3458 2459; baseline -0.003 -30"><span class='ocrx_word' id='word_1_469' title='bbox 1928 2370 2094 2443; x_wconf 58' lang='lat'><strong>325</strong></span> <span class='ocrx_word' id='word_1_470' title='bbox 2131 2371 2316 2428; x_wconf 87' lang='lat' dir='ltr'><strong>Schol.</strong></span> <span class='ocrx_word' id='word_1_471' title='bbox 2346 2374 2399 2429; x_wconf 93' lang='lat'><strong>5.</strong></span> <span class='ocrx_word' id='word_1_472' title='bbox 2424 2373 2495 2427; x_wconf 85' lang='lat' dir='ltr'><strong>Et</strong></span> <span class='ocrx_word' id='word_1_473' title='bbox 2517 2376 2688 2428; x_wconf 88' lang='lat' dir='ltr'><strong>onmis</strong></span> <span class='ocrx_word' id='word_1_474' title='bbox 2721 2373 2877 2428; x_wconf 84' lang='lat' dir='ltr'><strong>turba</strong></span> <span class='ocrx_word' id='word_1_475' title='bbox 2898 2376 3165 2445; x_wconf 66' lang='lat' dir='ltr'><strong>qurerebat</strong></span> <span class='ocrx_word' id='word_1_476' title='bbox 3192 2393 3310 2432; x_wconf 86' lang='lat' dir='ltr'><strong>eum</strong></span> <span class='ocrx_word' id='word_1_477' title='bbox 3333 2387 3458 2459; x_wconf 66' lang='lat' dir='ltr'><strong>tan-</strong></span> 
     </span>
    </p>
   </div>
   <div class='ocr_carea' id='block_1_68' title="bbox 1859 2461 3061 2532">
    <p class='ocr_par' dir='ltr' id='par_1_68' title="bbox 1859 2461 3061 2532">
     <span class='ocr_line' id='line_1_68' title="bbox 1859 2461 3061 2532; baseline 0.006 -17"><span class='ocrx_word' id='word_1_478' title='bbox 1859 2476 1996 2531; x_wconf 85' lang='lat' dir='ltr'><strong>gere.</strong></span> <span class='ocrx_word' id='word_1_479' title='bbox 2024 2461 2095 2516; x_wconf 86' lang='lat' dir='ltr'><strong>Et</strong></span> <span class='ocrx_word' id='word_1_480' title='bbox 2125 2464 2253 2532; x_wconf 84' lang='lat' dir='ltr'><strong>ipse,</strong></span> <span class='ocrx_word' id='word_1_481' title='bbox 2280 2464 2493 2520; x_wconf 81' lang='lat' dir='ltr'><strong>elevatis</strong></span> <span class='ocrx_word' id='word_1_482' title='bbox 2523 2465 2692 2521; x_wconf 80' lang='lat' dir='ltr'><strong>oculis</strong></span> <span class='ocrx_word' id='word_1_483' title='bbox 2730 2467 2841 2522; x_wconf 82' lang='lat' dir='ltr'><strong>suis</strong></span> <span class='ocrx_word' id='word_1_484' title='bbox 2884 2467 2926 2532; x_wconf 73' lang='grc'>⁸,</span> <span class='ocrx_word' id='word_1_485' title='bbox 2957 2474 3061 2523; x_wconf 90' lang='lat' dir='ltr'><strong>etc.</strong></span> 
     </span>
    </p>
   </div>
   <div class='ocr_carea' id='block_1_69' title="bbox 1930 2639 3452 2719">
    <p class='ocr_par' dir='ltr' id='par_1_69' title="bbox 1930 2639 3452 2719">
     <span class='ocr_line' id='line_1_69' title="bbox 1930 2639 3452 2719; baseline 0.005 -23"><span class='ocrx_word' id='word_1_486' title='bbox 1930 2639 2113 2696; x_wconf 79' lang='lat' dir='ltr'><strong>ReI&#39;ut.</strong></span> <span class='ocrx_word' id='word_1_487' title='bbox 2149 2642 2203 2699; x_wconf 87' lang='lat'><strong>5.</strong></span> <span class='ocrx_word' id='word_1_488' title='bbox 2233 2641 2338 2709; x_wconf 85' lang='lat' dir='ltr'><strong>Qui</strong></span> <span class='ocrx_word' id='word_1_489' title='bbox 2366 2643 2584 2699; x_wconf 88' lang='lat' dir='ltr'><strong>tandem</strong></span> <span class='ocrx_word' id='word_1_490' title='bbox 2613 2651 2837 2717; x_wconf 80' lang='lat' dir='ltr'><strong>tangere</strong></span> <span class='ocrx_word' id='word_1_491' title='bbox 2872 2645 3026 2701; x_wconf 89' lang='lat' dir='ltr'><strong>illum</strong></span> <span class='ocrx_word' id='word_1_492' title='bbox 3061 2647 3223 2704; x_wconf 88' lang='lat' dir='ltr'><strong>turba</strong></span> <span class='ocrx_word' id='word_1_493' title='bbox 3250 2649 3452 2719; x_wconf 85' lang='lat' dir='ltr'><strong>potuit,</strong></span> 
     </span>
    </p>
   </div>
   <div class='ocr_carea' id='block_1_70' title="bbox 1860 2732 3452 2806">
    <p class='ocr_par' dir='ltr' id='par_1_70' title="bbox 1860 2732 3452 2806">
     <span class='ocr_line' id='line_1_70' title="bbox 1860 2732 3452 2806; baseline 0.008 -22"><span class='ocrx_word' id='word_1_494' title='bbox 1860 2732 1954 2801; x_wconf 91' lang='lat' dir='ltr'><strong>qui</strong></span> <span class='ocrx_word' id='word_1_495' title='bbox 2013 2739 2220 2788; x_wconf 89' lang='lat' dir='ltr'><strong>tactum</strong></span> <span class='ocrx_word' id='word_1_496' title='bbox 2271 2749 2487 2790; x_wconf 90' lang='lat' dir='ltr'><strong>omnem</strong></span> <span class='ocrx_word' id='word_1_497' title='bbox 2541 2735 2836 2806; x_wconf 70' lang='lat' dir='ltr'><strong>ellugeret?</strong></span> <span class='ocrx_word' id='word_1_498' title='bbox 2869 2737 3154 2804; x_wconf 83' lang='lat' dir='ltr'><strong>Quosnam</strong></span> <span class='ocrx_word' id='word_1_499' title='bbox 3211 2755 3343 2796; x_wconf 82' lang='lat' dir='ltr'><strong>vero</strong></span> <span class='ocrx_word' id='word_1_500' title='bbox 3395 2741 3452 2796; x_wconf 93' lang='lat' dir='ltr'><strong>in</strong></span> 
     </span>
    </p>
   </div>
   <div class='ocr_carea' id='block_1_71' title="bbox 1861 2825 3453 2899">
    <p class='ocr_par' dir='ltr' id='par_1_71' title="bbox 1861 2825 3453 2899">
     <span class='ocr_line' id='line_1_71' title="bbox 1861 2825 3453 2899; baseline 0.006 -21"><span class='ocrx_word' id='word_1_501' title='bbox 1861 2825 2059 2879; x_wconf 73' lang='lat' dir='ltr'><strong>cmlum</strong></span> <span class='ocrx_word' id='word_1_502' title='bbox 2088 2827 2278 2883; x_wconf 82' lang='lat' dir='ltr'><strong>oculos</strong></span> <span class='ocrx_word' id='word_1_503' title='bbox 2311 2828 2555 2893; x_wconf 87' lang='lat' dir='ltr'><strong>sustulit,</strong></span> <span class='ocrx_word' id='word_1_504' title='bbox 2597 2830 2688 2899; x_wconf 92' lang='lat' dir='ltr'><strong>qui</strong></span> <span class='ocrx_word' id='word_1_505' title='bbox 2738 2831 2964 2887; x_wconf 89' lang='lat' dir='ltr'><strong>minime</strong></span> <span class='ocrx_word' id='word_1_506' title='bbox 3004 2847 3069 2886; x_wconf 83' lang='lat' dir='ltr'><strong>ex</strong></span> <span class='ocrx_word' id='word_1_507' title='bbox 3118 2847 3285 2888; x_wconf 88' lang='lat' dir='ltr'><strong>carne</strong></span> <span class='ocrx_word' id='word_1_508' title='bbox 3318 2848 3453 2887; x_wconf 62' lang='lat' dir='ltr'><strong>con»</strong></span> 
     </span>
    </p>
   </div>
   <div class='ocr_carea' id='block_1_72' title="bbox 1862 2918 3453 2990">
    <p class='ocr_par' dir='ltr' id='par_1_72' title="bbox 1862 2918 3453 2990">
     <span class='ocr_line' id='line_1_72' title="bbox 1862 2918 3453 2990; baseline 0.004 -17"><span class='ocrx_word' id='word_1_509' title='bbox 1862 2919 2074 2973; x_wconf 84' lang='lat' dir='ltr'><strong>staret?</strong></span> <span class='ocrx_word' id='word_1_510' title='bbox 2127 2918 2232 2975; x_wconf 88' lang='lat' dir='ltr'><strong>Sed</strong></span> <span class='ocrx_word' id='word_1_511' title='bbox 2292 2927 2351 2973; x_wconf 90' lang='lat' dir='ltr'><strong>ut</strong></span> <span class='ocrx_word' id='word_1_512' title='bbox 2403 2922 2624 2990; x_wconf 83' lang='lat' dir='ltr'><strong>planum</strong></span> <span class='ocrx_word' id='word_1_513' title='bbox 2676 2919 2900 2990; x_wconf 83' lang='lat' dir='ltr'><strong>faceret,</strong></span> <span class='ocrx_word' id='word_1_514' title='bbox 2953 2925 3304 2980; x_wconf 88' lang='lat' dir='ltr'><strong>mediatorem</strong></span> <span class='ocrx_word' id='word_1_515' title='bbox 3361 2924 3453 2980; x_wconf 85' lang='lat' dir='ltr'><strong>Dei</strong></span> 
     </span>
    </p>
   </div>
   <div class='ocr_carea' id='block_1_73' title="bbox 1862 3009 3453 3086">
    <p class='ocr_par' dir='ltr' id='par_1_73' title="bbox 1862 3009 3453 3086">
     <span class='ocr_line' id='line_1_73' title="bbox 1862 3009 3453 3086; baseline 0.005 -23"><span class='ocrx_word' id='word_1_516' title='bbox 1862 3017 1918 3063; x_wconf 88' lang='lat' dir='ltr'><strong>et</strong></span> <span class='ocrx_word' id='word_1_517' title='bbox 1949 3009 2227 3065; x_wconf 87' lang='lat' dir='ltr'><strong>hominum</strong></span> <span class='ocrx_word' id='word_1_518' title='bbox 2264 3012 2539 3067; x_wconf 82' lang='lat' dir='ltr'><strong>hominem</strong></span> <span class='ocrx_word' id='word_1_519' title='bbox 2585 3027 2708 3068; x_wconf 90' lang='lat' dir='ltr'><strong>esse</strong></span> <span class='ocrx_word' id='word_1_520' title='bbox 2760 3012 3040 3069; x_wconf 83' lang='lat' dir='ltr'><strong>Christum</strong></span> <span class='ocrx_word' id='word_1_521' title='bbox 3067 3014 3252 3072; x_wconf 86' lang='lat' dir='ltr'><strong>Jesum</strong></span> <span class='ocrx_word' id='word_1_522' title='bbox 3285 3018 3329 3082; x_wconf 80' lang='grc'>⁷,</span> <span class='ocrx_word' id='word_1_523' title='bbox 3359 3017 3453 3086; x_wconf 90' lang='lat' dir='ltr'><strong>qui</strong></span> 
     </span>
    </p>
   </div>
   <div class='ocr_carea' id='block_1_74' title="bbox 1865 3103 3466 3174">
    <p class='ocr_par' dir='ltr' id='par_1_74' title="bbox 1865 3103 3466 3174">
     <span class='ocr_line' id='line_1_74' title="bbox 1865 3103 3466 3174; baseline 0.002 -17"><span class='ocrx_word' id='word_1_524' title='bbox 1865 3109 2156 3172; x_wconf 88' lang='lat' dir='ltr'><strong>utrumque</strong></span> <span class='ocrx_word' id='word_1_525' title='bbox 2181 3103 2655 3173; x_wconf 89' lang='lat' dir='ltr'><strong>complecteretur,</strong></span> <span class='ocrx_word' id='word_1_526' title='bbox 2685 3110 2849 3174; x_wconf 87' lang='lat' dir='ltr'><strong>atque</strong></span> <span class='ocrx_word' id='word_1_527' title='bbox 2891 3104 2962 3159; x_wconf 88' lang='lat' dir='ltr'><strong>ab</strong></span> <span class='ocrx_word' id='word_1_528' title='bbox 3003 3105 3315 3163; x_wconf 92' lang='lat' dir='ltr'><strong>hominibus</strong></span> <span class='ocrx_word' id='word_1_529' title='bbox 3339 3122 3466 3161; x_wconf 87' lang='lat' dir='ltr'><strong>car-</strong></span> 
     </span>
    </p>
   </div>
   <div class='ocr_carea' id='block_1_75' title="bbox 1865 3192 3454 3268">
    <p class='ocr_par' dir='ltr' id='par_1_75' title="bbox 1865 3192 3454 3268">
     <span class='ocr_line' id='line_1_75' title="bbox 1865 3192 3454 3268; baseline 0.004 -20"><span class='ocrx_word' id='word_1_530' title='bbox 1865 3209 2011 3256; x_wconf 88' lang='lat' dir='ltr'><strong>nem,</strong></span> <span class='ocrx_word' id='word_1_531' title='bbox 2052 3209 2084 3247; x_wconf 87' lang='lat' dir='ltr'><strong>a</strong></span> <span class='ocrx_word' id='word_1_532' title='bbox 2126 3192 2239 3250; x_wconf 93' lang='lat' dir='ltr'><strong>Deo</strong></span> <span class='ocrx_word' id='word_1_533' title='bbox 2268 3210 2397 3251; x_wconf 87' lang='lat' dir='ltr'><strong>vero</strong></span> <span class='ocrx_word' id='word_1_534' title='bbox 2453 3192 2614 3249; x_wconf 89' lang='lat' dir='ltr'><strong>Patre</strong></span> <span class='ocrx_word' id='word_1_535' title='bbox 2664 3203 2916 3248; x_wconf 89' lang='lat' dir='ltr'><strong>naturam</strong></span> <span class='ocrx_word' id='word_1_536' title='bbox 2968 3197 3287 3267; x_wconf 84' lang='lat' dir='ltr'><strong>accepisset,</strong></span> <span class='ocrx_word' id='word_1_537' title='bbox 3334 3213 3454 3268; x_wconf 60' lang='lat' dir='ltr'><strong>qua</strong></span> 
     </span>
    </p>
   </div>
   <div class='ocr_carea' id='block_1_76' title="bbox 1862 3284 2611 3356">
    <p class='ocr_par' dir='ltr' id='par_1_76' title="bbox 1862 3284 2611 3356">
     <span class='ocr_line' id='line_1_76' title="bbox 1862 3284 2611 3356; baseline 0.001 -16"><span class='ocrx_word' id='word_1_538' title='bbox 1862 3284 2148 3340; x_wconf 89' lang='lat' dir='ltr'><strong>oculorum</strong></span> <span class='ocrx_word' id='word_1_539' title='bbox 2178 3285 2351 3340; x_wconf 88' lang='lat' dir='ltr'><strong>aciem</strong></span> <span class='ocrx_word' id='word_1_540' title='bbox 2383 3285 2611 3356; x_wconf 78' lang='lat' dir='ltr'><strong>fugeret.</strong></span> 
     </span>
    </p>
   </div>
   <div class='ocr_carea' id='block_1_77' title="bbox 1935 3373 3454 3448">
    <p class='ocr_par' dir='ltr' id='par_1_77' title="bbox 1935 3373 3454 3448">
     <span class='ocr_line' id='line_1_77' title="bbox 1935 3373 3454 3448; baseline 0.003 -19"><span class='ocrx_word' id='word_1_541' title='bbox 1935 3373 2120 3431; x_wconf 86' lang='lat' dir='ltr'><strong>Schol.</strong></span> <span class='ocrx_word' id='word_1_542' title='bbox 2174 3373 2227 3431; x_wconf 86' lang='lat'><strong>6.</strong></span> <span class='ocrx_word' id='word_1_543' title='bbox 2277 3375 2576 3430; x_wconf 84' lang='lat' dir='ltr'><strong>Secundum</strong></span> <span class='ocrx_word' id='word_1_544' title='bbox 2630 3377 2742 3433; x_wconf 63' lang='lat' dir='ltr'><strong>hac</strong></span> <span class='ocrx_word' id='word_1_545' title='bbox 2790 3379 2976 3434; x_wconf 83' lang='lat' dir='ltr'><strong>eadem</strong></span> <span class='ocrx_word' id='word_1_546' title='bbox 3011 3378 3281 3448; x_wconf 78' lang='lat' dir='ltr'><strong>faciebant</strong></span> <span class='ocrx_word' id='word_1_547' title='bbox 3332 3393 3454 3447; x_wconf 80' lang='lat' dir='ltr'><strong>pro-</strong></span> 
     </span>
    </p>
   </div>
   <div class='ocr_carea' id='block_1_78' title="bbox 1862 3466 2507 3538">
    <p class='ocr_par' dir='ltr' id='par_1_78' title="bbox 1862 3466 2507 3538">
     <span class='ocr_line' id='line_1_78' title="bbox 1862 3466 2507 3538; baseline 0.005 -19"><span class='ocrx_word' id='word_1_548' title='bbox 1862 3466 2035 3537; x_wconf 69' lang='lat' dir='ltr'><strong>phetis</strong></span> <span class='ocrx_word' id='word_1_549' title='bbox 2060 3478 2238 3538; x_wconf 78' lang='lat' dir='ltr'><strong>patres</strong></span> <span class='ocrx_word' id='word_1_550' title='bbox 2273 3468 2436 3523; x_wconf 81' lang='lat' dir='ltr'><strong>vestri</strong></span> <span class='ocrx_word' id='word_1_551' title='bbox 2464 3468 2507 3522; x_wconf 80' lang='grc'><strong>⁸.</strong></span> 
     </span>
    </p>
   </div>
   <div class='ocr_carea' id='block_1_79' title="bbox 1935 3558 3454 3631">
    <p class='ocr_par' dir='ltr' id='par_1_79' title="bbox 1935 3558 3454 3631">
     <span class='ocr_line' id='line_1_79' title="bbox 1935 3558 3454 3631; baseline 0.001 -17"><span class='ocrx_word' id='word_1_552' title='bbox 1935 3558 2119 3617; x_wconf 81' lang='lat' dir='ltr'><strong>Refut.</strong></span> <span class='ocrx_word' id='word_1_553' title='bbox 2159 3558 2213 3614; x_wconf 87' lang='lat'><em>6.</em></span> <span class='ocrx_word' id='word_1_554' title='bbox 2261 3558 2397 3614; x_wconf 90' lang='lat' dir='ltr'><strong>Cum</strong></span> <span class='ocrx_word' id='word_1_555' title='bbox 2433 3561 2823 3631; x_wconf 83' lang='lat' dir='ltr'><strong>prephetarum</strong></span> <span class='ocrx_word' id='word_1_556' title='bbox 2876 3562 3209 3618; x_wconf 86' lang='lat' dir='ltr'><strong>mentionem</strong></span> <span class='ocrx_word' id='word_1_557' title='bbox 3266 3559 3454 3627; x_wconf 80' lang='lat' dir='ltr'><strong>faciat,</strong></span> 
     </span>
    </p>
   </div>
   <div class='ocr_carea' id='block_1_80' title="bbox 1865 3649 3454 3725">
    <p class='ocr_par' dir='ltr' id='par_1_80' title="bbox 1865 3649 3454 3725">
     <span class='ocr_line' id='line_1_80' title="bbox 1865 3649 3454 3725; baseline 0.003 -22"><span class='ocrx_word' id='word_1_558' title='bbox 1865 3649 2159 3720; x_wconf 85' lang='lat' dir='ltr'><strong>prophetas</strong></span> <span class='ocrx_word' id='word_1_559' title='bbox 2211 3664 2320 3704; x_wconf 91' lang='lat' dir='ltr'><strong>non</strong></span> <span class='ocrx_word' id='word_1_560' title='bbox 2367 3652 2639 3721; x_wconf 88' lang='lat' dir='ltr'><strong>repudiat.</strong></span> <span class='ocrx_word' id='word_1_561' title='bbox 2687 3652 2937 3725; x_wconf 87' lang='lat' dir='ltr'><strong>Cumque</strong></span> <span class='ocrx_word' id='word_1_562' title='bbox 2988 3653 3207 3709; x_wconf 90' lang='lat' dir='ltr'><strong>illorum</strong></span> <span class='ocrx_word' id='word_1_563' title='bbox 3249 3651 3454 3707; x_wconf 69' lang='lat' dir='ltr'><strong>caedem</strong></span> 
     </span>
    </p>
   </div>
   <div class='ocr_carea' id='block_1_81' title="bbox 1869 3739 3454 3812">
    <p class='ocr_par' dir='ltr' id='par_1_81' title="bbox 1869 3739 3454 3812">
     <span class='ocr_line' id='line_1_81' title="bbox 1869 3739 3454 3812; baseline 0.004 -20"><span class='ocrx_word' id='word_1_564' title='bbox 1869 3739 2185 3807; x_wconf 86' lang='lat' dir='ltr'><strong>ulciscatur,</strong></span> <span class='ocrx_word' id='word_1_565' title='bbox 2217 3740 2391 3810; x_wconf 90' lang='lat' dir='ltr'><strong>iisque</strong></span> <span class='ocrx_word' id='word_1_566' title='bbox 2419 3742 2512 3811; x_wconf 90' lang='lat' dir='ltr'><strong>qui</strong></span> <span class='ocrx_word' id='word_1_567' title='bbox 2544 3742 2865 3798; x_wconf 89' lang='lat' dir='ltr'><strong>occiderunt</strong></span> <span class='ocrx_word' id='word_1_568' title='bbox 2898 3758 2963 3797; x_wconf 87' lang='lat' dir='ltr'><strong>ac</strong></span> <span class='ocrx_word' id='word_1_569' title='bbox 3006 3743 3276 3812; x_wconf 85' lang='lat' dir='ltr'><strong>persecuti</strong></span> <span class='ocrx_word' id='word_1_570' title='bbox 3304 3751 3454 3806; x_wconf 84' lang='lat' dir='ltr'><strong>sunt,</strong></span> 
     </span>
    </p>
   </div>
   <div class='ocr_carea' id='block_1_82' title="bbox 1867 3830 3454 3903">
    <p class='ocr_par' dir='ltr' id='par_1_82' title="bbox 1867 3830 3454 3903">
     <span class='ocr_line' id='line_1_82' title="bbox 1867 3830 3454 3903; baseline 0.001 -19"><span class='ocrx_word' id='word_1_571' title='bbox 1867 3830 2014 3887; x_wconf 83' lang='lat' dir='ltr'><strong>istud</strong></span> <span class='ocrx_word' id='word_1_572' title='bbox 2039 3830 2217 3900; x_wconf 87' lang='lat' dir='ltr'><strong>ipsum</strong></span> <span class='ocrx_word' id='word_1_573' title='bbox 2243 3832 2561 3900; x_wconf 78' lang='lat' dir='ltr'><strong>exprobret,</strong></span> <span class='ocrx_word' id='word_1_574' title='bbox 2586 3846 2696 3885; x_wconf 90' lang='lat' dir='ltr'><strong>non</strong></span> <span class='ocrx_word' id='word_1_575' title='bbox 2726 3846 2757 3885; x_wconf 91' lang='lat' dir='ltr'><strong>a</strong></span> <span class='ocrx_word' id='word_1_576' title='bbox 2786 3831 3067 3903; x_wconf 84' lang='lat' dir='ltr'><strong>prephetis</strong></span> <span class='ocrx_word' id='word_1_577' title='bbox 3096 3832 3329 3894; x_wconf 87' lang='lat' dir='ltr'><strong>alienus,</strong></span> <span class='ocrx_word' id='word_1_578' title='bbox 3358 3832 3454 3886; x_wconf 89' lang='lat' dir='ltr'><strong>sed</strong></span> 
     </span>
    </p>
   </div>
   <div class='ocr_carea' id='block_1_83' title="bbox 1866 3920 3452 3993">
    <p class='ocr_par' dir='ltr' id='par_1_83' title="bbox 1866 3920 3452 3993">
     <span class='ocr_line' id='line_1_83' title="bbox 1866 3920 3452 3993; baseline -0.001 -15"><span class='ocrx_word' id='word_1_579' title='bbox 1866 3920 2182 3978; x_wconf 89' lang='lat' dir='ltr'><strong>eorumdem</strong></span> <span class='ocrx_word' id='word_1_580' title='bbox 2220 3920 2365 3977; x_wconf 91' lang='lat' dir='ltr'><strong>Deus</strong></span> <span class='ocrx_word' id='word_1_581' title='bbox 2391 3922 2515 3985; x_wconf 86' lang='lat' dir='ltr'><strong>erit,</strong></span> <span class='ocrx_word' id='word_1_582' title='bbox 2540 3938 2567 3974; x_wconf 87' lang='lat' dir='ltr'><strong>a</strong></span> <span class='ocrx_word' id='word_1_583' title='bbox 2596 3937 2705 3992; x_wconf 91' lang='lat' dir='ltr'><strong>quo</strong></span> <span class='ocrx_word' id='word_1_584' title='bbox 2738 3922 2813 3977; x_wconf 91' lang='lat' dir='ltr'><strong>illi</strong></span> <span class='ocrx_word' id='word_1_585' title='bbox 2849 3922 3114 3993; x_wconf 70' lang='lat' dir='ltr'><strong>originem</strong></span> <span class='ocrx_word' id='word_1_586' title='bbox 3149 3929 3452 3976; x_wconf 79' lang='lat' dir='ltr'><strong>traxerunt.</strong></span> 
     </span>
    </p>
   </div>
   <div class='ocr_carea' id='block_1_84' title="bbox 1940 4012 3455 4082">
    <p class='ocr_par' dir='ltr' id='par_1_84' title="bbox 1940 4012 3455 4082">
     <span class='ocr_line' id='line_1_84' title="bbox 1940 4012 3455 4082; baseline -0.001 -14"><span class='ocrx_word' id='word_1_587' title='bbox 1940 4013 2124 4070; x_wconf 91' lang='lat' dir='ltr'><strong>Schol.</strong></span> <span class='ocrx_word' id='word_1_588' title='bbox 2157 4014 2209 4069; x_wconf 90' lang='lat'><strong>7.</strong></span> <span class='ocrx_word' id='word_1_589' title='bbox 2244 4013 2377 4069; x_wconf 83' lang='lat' dir='ltr'><strong>Dico</strong></span> <span class='ocrx_word' id='word_1_590' title='bbox 2439 4015 2581 4071; x_wconf 82' lang='lat' dir='ltr'><strong>vobis</strong></span> <span class='ocrx_word' id='word_1_591' title='bbox 2608 4057 2624 4082; x_wconf 90' lang='lat'><strong>,</strong></span> <span class='ocrx_word' id='word_1_592' title='bbox 2658 4014 2781 4070; x_wconf 88' lang='lat' dir='ltr'><strong>Non</strong></span> <span class='ocrx_word' id='word_1_593' title='bbox 2828 4014 3003 4069; x_wconf 76' lang='lat' dir='ltr'><strong>inveni</strong></span> <span class='ocrx_word' id='word_1_594' title='bbox 3047 4022 3248 4067; x_wconf 88' lang='lat' dir='ltr'><strong>tantam</strong></span> <span class='ocrx_word' id='word_1_595' title='bbox 3298 4012 3455 4082; x_wconf 83' lang='lat' dir='ltr'><strong>ﬁdem</strong></span> 
     </span>
    </p>
   </div>
   <div class='ocr_carea' id='block_1_85' title="bbox 1869 4105 2394 4177">
    <p class='ocr_par' dir='ltr' id='par_1_85' title="bbox 1869 4105 2394 4177">
     <span class='ocr_line' id='line_1_85' title="bbox 1869 4105 2394 4177; baseline 0.004 -16"><span class='ocrx_word' id='word_1_596' title='bbox 1869 4121 2031 4177; x_wconf 53' lang='lat' dir='ltr'><strong>neque</strong></span> <span class='ocrx_word' id='word_1_597' title='bbox 2057 4107 2113 4161; x_wconf 86' lang='lat' dir='ltr'><strong>in</strong></span> <span class='ocrx_word' id='word_1_598' title='bbox 2142 4105 2321 4162; x_wconf 84' lang='lat' dir='ltr'><strong>Israel</strong></span> <span class='ocrx_word' id='word_1_599' title='bbox 2349 4110 2394 4163; x_wconf 80' lang='lat'><strong>’.</strong></span> 
     </span>
    </p>
   </div>
   <div class='ocr_carea' id='block_1_86' title="bbox 1943 4192 3458 4270">
    <p class='ocr_par' dir='ltr' id='par_1_86' title="bbox 1943 4192 3458 4270">
     <span class='ocr_line' id='line_1_86' title="bbox 1943 4192 3458 4270; baseline -0.003 -18"><span class='ocrx_word' id='word_1_600' title='bbox 1943 4197 2124 4254; x_wconf 81' lang='lat' dir='ltr'><strong>Relut.</strong></span> <span class='ocrx_word' id='word_1_601' title='bbox 2159 4198 2207 4252; x_wconf 91' lang='lat'><strong>7.</strong></span> <span class='ocrx_word' id='word_1_602' title='bbox 2246 4196 2300 4253; x_wconf 65' lang='lat' dir='ltr'><strong>Si</strong></span> <span class='ocrx_word' id='word_1_603' title='bbox 2335 4214 2406 4253; x_wconf 91' lang='lat' dir='ltr'><strong>ne</strong></span> <span class='ocrx_word' id='word_1_604' title='bbox 2440 4199 2495 4254; x_wconf 92' lang='lat' dir='ltr'><strong>in</strong></span> <span class='ocrx_word' id='word_1_605' title='bbox 2525 4198 2690 4255; x_wconf 85' lang='lat' dir='ltr'><strong>Israel</strong></span> <span class='ocrx_word' id='word_1_606' title='bbox 2714 4196 2934 4270; x_wconf 89' lang='lat' dir='ltr'><strong>quidem</strong></span> <span class='ocrx_word' id='word_1_607' title='bbox 2968 4204 3120 4250; x_wconf 86' lang='lat' dir='ltr'><strong>tanta</strong></span> <span class='ocrx_word' id='word_1_608' title='bbox 3151 4202 3237 4250; x_wconf 91' lang='lat' dir='ltr'><strong>est</strong></span> <span class='ocrx_word' id='word_1_609' title='bbox 3268 4194 3337 4249; x_wconf 88' lang='lat' dir='ltr'><strong>ab</strong></span> <span class='ocrx_word' id='word_1_610' title='bbox 3362 4192 3458 4269; x_wconf 85' lang='lat' dir='ltr'><strong>illo</strong></span> 
     </span>
    </p>
   </div>
   <div class='ocr_carea' id='block_1_87' title="bbox 1873 4272 3455 4359">
    <p class='ocr_par' dir='ltr' id='par_1_87' title="bbox 1873 4272 3455 4359">
     <span class='ocr_line' id='line_1_87' title="bbox 1873 4272 3455 4359; baseline -0.003 -16"><span class='ocrx_word' id='word_1_611' title='bbox 1873 4289 2005 4345; x_wconf 85' lang='lat' dir='ltr'><strong>lldes</strong></span> <span class='ocrx_word' id='word_1_612' title='bbox 2032 4290 2272 4353; x_wconf 88' lang='lat' dir='ltr'><strong>inventa,</strong></span> <span class='ocrx_word' id='word_1_613' title='bbox 2305 4298 2509 4359; x_wconf 90' lang='lat' dir='ltr'><strong>quanta</strong></span> <span class='ocrx_word' id='word_1_614' title='bbox 2542 4291 2596 4345; x_wconf 90' lang='lat' dir='ltr'><strong>in</strong></span> <span class='ocrx_word' id='word_1_615' title='bbox 2629 4288 2950 4345; x_wconf 90' lang='lat' dir='ltr'><strong>centurione</strong></span> <span class='ocrx_word' id='word_1_616' title='bbox 2980 4286 3073 4342; x_wconf 92' lang='lat' dir='ltr'><strong>illo</strong></span> <span class='ocrx_word' id='word_1_617' title='bbox 3103 4284 3314 4358; x_wconf 82' lang='lat' dir='ltr'><strong>gentili,</strong></span> <span class='ocrx_word' id='word_1_618' title='bbox 3345 4272 3455 4339; x_wconf 79' lang='lat' dir='ltr'><strong>non</strong></span> 
     </span>
    </p>
   </div>
   <div class='ocr_carea' id='block_1_88' title="bbox 186 4376 1763 4459">
    <p class='ocr_par' dir='ltr' id='par_1_88' title="bbox 186 4380 1763 4456">
     <span class='ocr_line' id='line_1_88' title="bbox 186 4380 1763 4456; baseline -0.003 -16"><span class='ocrx_word' id='word_1_619' title='bbox 186 4384 301 4456; x_wconf 75' lang='grc' dir='ltr'>ἄρα</span> <span class='ocrx_word' id='word_1_620' title='bbox 332 4383 393 4437; x_wconf 79' lang='grc' dir='ltr'>οὐ</span> <span class='ocrx_word' id='word_1_621' title='bbox 430 4382 586 4453; x_wconf 72' lang='grc' dir='ltr'>ψέγει</span> <span class='ocrx_word' id='word_1_622' title='bbox 611 4382 710 4455; x_wconf 76' lang='grc' dir='ltr'>τὴν</span> <span class='ocrx_word' id='word_1_623' title='bbox 741 4382 836 4437; x_wconf 78' lang='grc' dir='ltr'>τοῦ</span> <span class='ocrx_word' id='word_1_624' title='bbox 876 4382 1095 4455; x_wconf 78' lang='grc' dir='ltr'>Ἰσραὴλ</span> <span class='ocrx_word' id='word_1_625' title='bbox 1135 4382 1338 4436; x_wconf 89' lang='grc' dir='ltr'>πίστιν.</span> <span class='ocrx_word' id='word_1_626' title='bbox 1372 4384 1436 4435; x_wconf 78' lang='grc' dir='ltr'><strong>Εἰ</strong></span> <span class='ocrx_word' id='word_1_627' title='bbox 1472 4380 1582 4452; x_wconf 84' lang='grc' dir='ltr'>γὰρ</span> <span class='ocrx_word' id='word_1_628' title='bbox 1617 4381 1763 4436; x_wconf 84' lang='grc' dir='ltr'>ἁλλό-</span> 
     </span>
    </p>
   </div>
   <div class='ocr_carea' id='block_1_89' title="bbox 1882 4376 3456 4459">
    <p class='ocr_par' dir='ltr' id='par_1_89' title="bbox 1882 4376 3456 4451">
     <span class='ocr_line' id='line_1_89' title="bbox 1882 4376 3456 4451; baseline -0.001 -18"><span class='ocrx_word' id='word_1_629' title='bbox 1882 4379 2039 4451; x_wconf 76' lang='lat' dir='ltr'><strong>igitur</strong></span> <span class='ocrx_word' id='word_1_630' title='bbox 2070 4378 2285 4436; x_wconf 88' lang='lat' dir='ltr'><strong>lsraelis</strong></span> <span class='ocrx_word' id='word_1_631' title='bbox 2328 4380 2485 4436; x_wconf 83' lang='lat' dir='ltr'><strong>ﬁdem</strong></span> <span class='ocrx_word' id='word_1_632' title='bbox 2533 4381 2879 4436; x_wconf 85' lang='lat' dir='ltr'><strong>condemnat.</strong></span> <span class='ocrx_word' id='word_1_633' title='bbox 2916 4378 3019 4445; x_wconf 81' lang='lat' dir='ltr'><strong>Qui</strong></span> <span class='ocrx_word' id='word_1_634' title='bbox 3050 4377 3096 4434; x_wconf 89' lang='lat' dir='ltr'><strong>si</strong></span> <span class='ocrx_word' id='word_1_635' title='bbox 3125 4392 3157 4431; x_wconf 90' lang='lat' dir='ltr'><strong>a</strong></span> <span class='ocrx_word' id='word_1_636' title='bbox 3188 4376 3299 4432; x_wconf 88' lang='lat' dir='ltr'><strong>Deo</strong></span> <span class='ocrx_word' id='word_1_637' title='bbox 3324 4376 3456 4432; x_wconf 89' lang='lat' dir='ltr'><strong>alie-</strong></span> 
     </span>
    </p>
   </div>
   <div class='ocr_carea' id='block_1_90' title="bbox 187 4473 1766 4551">
    <p class='ocr_par' dir='ltr' id='par_1_90' title="bbox 187 4473 1766 4551">
     <span class='ocr_line' id='line_1_90' title="bbox 187 4473 1766 4551; baseline -0.002 -21"><span class='ocrx_word' id='word_1_638' title='bbox 187 4494 344 4551; x_wconf 85' lang='grc' dir='ltr'>τριον</span> <span class='ocrx_word' id='word_1_639' title='bbox 367 4476 389 4508; x_wconf 87' lang='grc'><em>³</em></span> <span class='ocrx_word' id='word_1_640' title='bbox 416 4475 549 4530; x_wconf 79' lang='grc' dir='ltr'>Θεοῦ</span> <span class='ocrx_word' id='word_1_641' title='bbox 576 4476 812 4547; x_wconf 78' lang='grc' dir='ltr'>ὑπῆρχε,</span> <span class='ocrx_word' id='word_1_642' title='bbox 854 4476 952 4529; x_wconf 77' lang='grc' dir='ltr'><strong>καὶ</strong></span> <span class='ocrx_word' id='word_1_643' title='bbox 981 4475 1082 4529; x_wconf 82' lang='grc' dir='ltr'><strong>οὐκ</strong></span> <span class='ocrx_word' id='word_1_644' title='bbox 1122 4475 1288 4530; x_wconf 82' lang='grc' dir='ltr'>αὐτοῦ</span> <span class='ocrx_word' id='word_1_645' title='bbox 1329 4474 1422 4528; x_wconf 74' lang='grc' dir='ltr'>καὶ</span> <span class='ocrx_word' id='word_1_646' title='bbox 1465 4473 1560 4527; x_wconf 78' lang='grc' dir='ltr'>τοῦ</span> <span class='ocrx_word' id='word_1_647' title='bbox 1600 4473 1766 4528; x_wconf 81' lang='grc' dir='ltr'>αὐτοῦ</span> 
     </span>
    </p>
   </div>
   <div class='ocr_carea' id='block_1_91' title="bbox 190 4565 1540 4638">
    <p class='ocr_par' dir='ltr' id='par_1_91' title="bbox 190 4565 1540 4638">
     <span class='ocr_line' id='line_1_91' title="bbox 190 4565 1540 4638; baseline 0.001 -17"><span class='ocrx_word' id='word_1_648' title='bbox 190 4566 429 4638; x_wconf 80' lang='grc' dir='ltr'>Πατρδς,</span> <span class='ocrx_word' id='word_1_649' title='bbox 457 4567 558 4620; x_wconf 83' lang='grc' dir='ltr'>οὐκ</span> <span class='ocrx_word' id='word_1_650' title='bbox 587 4567 652 4620; x_wconf 78' lang='grc' dir='ltr'>ἂν</span> <span class='ocrx_word' id='word_1_651' title='bbox 685 4566 889 4638; x_wconf 80' lang='grc' dir='ltr'>ταύτης</span> <span class='ocrx_word' id='word_1_652' title='bbox 915 4567 1153 4620; x_wconf 76' lang='grc' dir='ltr'>ἐποιεῖτο</span> <span class='ocrx_word' id='word_1_653' title='bbox 1181 4566 1271 4620; x_wconf 87' lang='grc' dir='ltr'>τὸν</span> <span class='ocrx_word' id='word_1_654' title='bbox 1302 4565 1540 4622; x_wconf 78' lang='grc' dir='ltr'>ἔπαινον.</span> 
     </span>
    </p>
   </div>
   <div class='ocr_carea' id='block_1_92' title="bbox 262 4655 1772 4730">
    <p class='ocr_par' dir='ltr' id='par_1_92' title="bbox 262 4655 1772 4730">
     <span class='ocr_line' id='line_1_92' title="bbox 262 4655 1772 4730; baseline 0.001 -20"><span class='ocrx_word' id='word_1_655' title='bbox 262 4659 422 4729; x_wconf 83' lang='grc' dir='ltr'>Σχόλ.</span> <span class='ocrx_word' id='word_1_656' title='bbox 450 4665 519 4729; x_wconf 83' lang='grc' dir='ltr'><strong>η’.</strong></span> <span class='ocrx_word' id='word_1_657' title='bbox 554 4658 1015 4730; x_wconf 82' lang='grc' dir='ltr'>Παρηλλαγμένον</span> <span class='ocrx_word' id='word_1_658' title='bbox 1043 4657 1125 4721; x_wconf 82' lang='grc' dir='ltr'><strong>τὺ,</strong></span> <span class='ocrx_word' id='word_1_659' title='bbox 1162 4656 1465 4725; x_wconf 74' lang='grc' dir='ltr'>Μακάριος</span> <span class='ocrx_word' id='word_1_660' title='bbox 1493 4657 1561 4724; x_wconf 81' lang='grc' dir='ltr'>ὃς</span> <span class='ocrx_word' id='word_1_661' title='bbox 1584 4658 1656 4712; x_wconf 84' lang='grc' dir='ltr'>οὐ</span> <span class='ocrx_word' id='word_1_662' title='bbox 1685 4655 1772 4726; x_wconf 81' lang='grc' dir='ltr'><strong>μὴ</strong></span> 
     </span>
    </p>
   </div>
   <div class='ocr_carea' id='block_1_93' title="bbox 191 4746 1776 4822">
    <p class='ocr_par' dir='ltr' id='par_1_93' title="bbox 191 4746 1776 4822">
     <span class='ocr_line' id='line_1_93' title="bbox 191 4746 1776 4822; baseline -0.001 -17"><span class='ocrx_word' id='word_1_663' title='bbox 191 4748 619 4818; x_wconf 71' lang='grc' dir='ltr'>σκανδαλισθῇ</span> <span class='ocrx_word' id='word_1_664' title='bbox 671 4750 741 4804; x_wconf 78' lang='grc' dir='ltr'><strong>ὲν</strong></span> <span class='ocrx_word' id='word_1_665' title='bbox 770 4750 921 4821; x_wconf 80' lang='grc' dir='ltr'>ἐμοί.</span> <span class='ocrx_word' id='word_1_666' title='bbox 976 4746 1101 4820; x_wconf 76' lang='grc' dir='ltr'>Εἶχε</span> <span class='ocrx_word' id='word_1_667' title='bbox 1147 4748 1256 4820; x_wconf 81' lang='grc' dir='ltr'>γὰρ</span> <span class='ocrx_word' id='word_1_668' title='bbox 1295 4749 1371 4815; x_wconf 82' lang='grc' dir='ltr'>ὡς</span> <span class='ocrx_word' id='word_1_669' title='bbox 1412 4749 1549 4822; x_wconf 82' lang='grc' dir='ltr'>πρὸς</span> <span class='ocrx_word' id='word_1_670' title='bbox 1594 4748 1776 4805; x_wconf 84' lang='grc' dir='ltr'>Ἰωάν-</span> 
     </span>
    </p>
   </div>
   <div class='ocr_carea' id='block_1_94' title="bbox 191 4840 465 4914">
    <p class='ocr_par' dir='ltr' id='par_1_94' title="bbox 191 4840 465 4914">
     <span class='ocr_line' id='line_1_94' title="bbox 191 4840 465 4914; baseline -0.004 -18"><span class='ocrx_word' id='word_1_671' title='bbox 191 4860 295 4914; x_wconf 82' lang='grc' dir='ltr'><strong>νην</strong></span> <span class='ocrx_word' id='word_1_672' title='bbox 330 4840 465 4912; x_wconf 86' lang='grc'><strong>(67).</strong></span> 
     </span>
    </p>
   </div>
   <div class='ocr_carea' id='block_1_95' title="bbox 269 4932 1774 5004">
    <p class='ocr_par' dir='ltr' id='par_1_95' title="bbox 269 4932 1774 5004">
     <span class='ocr_line' id='line_1_95' title="bbox 269 4932 1774 5004; baseline 0 -18"><span class='ocrx_word' id='word_1_673' title='bbox 269 4933 493 5002; x_wconf 81' lang='grc' dir='ltr'>Ἔλεγχ.</span> <span class='ocrx_word' id='word_1_674' title='bbox 518 4938 588 5002; x_wconf 84' lang='grc' dir='ltr'><strong>η’.</strong></span> <span class='ocrx_word' id='word_1_675' title='bbox 607 4932 784 4986; x_wconf 81' lang='grc' dir='ltr'>Κάντε</span> <span class='ocrx_word' id='word_1_676' title='bbox 828 4932 965 5004; x_wconf 79' lang='grc' dir='ltr'>πρὸς</span> <span class='ocrx_word' id='word_1_677' title='bbox 996 4932 1250 5004; x_wconf 70' lang='grc' dir='ltr'>Ἰωάννην</span> <span class='ocrx_word' id='word_1_678' title='bbox 1287 4932 1423 5004; x_wconf 81' lang='grc' dir='ltr'>ἔχοι,</span> <span class='ocrx_word' id='word_1_679' title='bbox 1451 4932 1614 4988; x_wconf 83' lang='grc' dir='ltr'>κᾶντε</span> <span class='ocrx_word' id='word_1_680' title='bbox 1637 4933 1774 5004; x_wconf 79' lang='grc' dir='ltr'>πρὸς</span> 
     </span>
    </p>
   </div>
   <div class='ocr_carea' id='block_1_96' title="bbox 197 5022 1775 5095">
    <p class='ocr_par' dir='ltr' id='par_1_96' title="bbox 197 5022 1775 5095">
     <span class='ocr_line' id='line_1_96' title="bbox 197 5022 1775 5095; baseline -0.003 -14"><span class='ocrx_word' id='word_1_681' title='bbox 197 5024 364 5081; x_wconf 77' lang='grc' dir='ltr'>αὐτὸν</span> <span class='ocrx_word' id='word_1_682' title='bbox 401 5024 493 5077; x_wconf 82' lang='grc' dir='ltr'><strong>τὸν</strong></span> <span class='ocrx_word' id='word_1_683' title='bbox 535 5023 791 5095; x_wconf 81' lang='grc' dir='ltr'>Σωτῆρα.</span> <span class='ocrx_word' id='word_1_684' title='bbox 839 5022 1133 5095; x_wconf 75' lang='grc' dir='ltr'>μακαρίζει</span> <span class='ocrx_word' id='word_1_685' title='bbox 1180 5025 1307 5088; x_wconf 81' lang='grc' dir='ltr'>τοὺς</span> <span class='ocrx_word' id='word_1_686' title='bbox 1355 5024 1430 5095; x_wconf 83' lang='grc' dir='ltr'><strong>μὴ</strong></span> <span class='ocrx_word' id='word_1_687' title='bbox 1489 5023 1775 5077; x_wconf 78' lang='grc' dir='ltr'>σκανδαλι-</span> 
     </span>
    </p>
   </div>
   <div class='ocr_carea' id='block_1_97' title="bbox 196 5113 1775 5188">
    <p class='ocr_par' dir='ltr' id='par_1_97' title="bbox 196 5113 1775 5188">
     <span class='ocr_line' id='line_1_97' title="bbox 196 5113 1775 5188; baseline 0 -19"><span class='ocrx_word' id='word_1_688' title='bbox 196 5115 462 5187; x_wconf 78' lang='grc' dir='ltr'>ζομένους</span> <span class='ocrx_word' id='word_1_689' title='bbox 486 5114 607 5185; x_wconf 75' lang='grc' dir='ltr'>ἦτοι</span> <span class='ocrx_word' id='word_1_690' title='bbox 650 5117 708 5168; x_wconf 71' lang='grc' dir='ltr'>ὲν</span> <span class='ocrx_word' id='word_1_691' title='bbox 752 5114 923 5185; x_wconf 77' lang='grc' dir='ltr'>αὐτῷ,</span> <span class='ocrx_word' id='word_1_692' title='bbox 963 5115 1082 5184; x_wconf 72' lang='grc' dir='ltr'>ἦτοι</span> <span class='ocrx_word' id='word_1_693' title='bbox 1111 5117 1169 5168; x_wconf 80' lang='grc' dir='ltr'>ὲν</span> <span class='ocrx_word' id='word_1_694' title='bbox 1210 5115 1465 5188; x_wconf 77' lang='grc' dir='ltr'>Ἰωάννῃ·</span> <span class='ocrx_word' id='word_1_695' title='bbox 1511 5114 1598 5167; x_wconf 81' lang='grc' dir='ltr'>ἵνα</span> <span class='ocrx_word' id='word_1_696' title='bbox 1629 5113 1703 5184; x_wconf 85' lang='grc' dir='ltr'><strong>μὴ</strong></span> <span class='ocrx_word' id='word_1_697' title='bbox 1739 5114 1775 5169; x_wconf 80' lang='grc' dir='ltr'>ἃ</span> 
     </span>
    </p>
   </div>
   <div class='ocr_carea' id='block_1_98' title="bbox 197 5194 1773 5278">
    <p class='ocr_par' dir='ltr' id='par_1_98' title="bbox 197 5194 1773 5278">
     <span class='ocr_line' id='line_1_98' title="bbox 197 5194 1773 5278; baseline -0.003 -17"><span class='ocrx_word' id='word_1_698' title='bbox 197 5206 278 5278; x_wconf 79' lang='grc' dir='ltr'><strong>μὴ</strong></span> <span class='ocrx_word' id='word_1_699' title='bbox 309 5205 551 5261; x_wconf 81' lang='grc' dir='ltr'>ἀκούωσι</span> <span class='ocrx_word' id='word_1_700' title='bbox 590 5205 721 5276; x_wconf 83' lang='grc' dir='ltr'>παρ’</span> <span class='ocrx_word' id='word_1_701' title='bbox 767 5203 932 5258; x_wconf 78' lang='grc' dir='ltr'>αὑτοῦ</span> <span class='ocrx_word' id='word_1_702' title='bbox 970 5206 1183 5268; x_wconf 80' lang='grc' dir='ltr'>ἑαυτοῖς</span> <span class='ocrx_word' id='word_1_703' title='bbox 1227 5204 1593 5259; x_wconf 87' lang='grc' dir='ltr'>πλάσσωνται.</span> <span class='ocrx_word' id='word_1_704' title='bbox 1621 5194 1773 5274; x_wconf 80' lang='grc' dir='ltr'>Ἔχει</span> 
     </span>
    </p>
   </div>
   <div class='ocr_carea' id='block_1_99' title="bbox 272 5362 667 5432">
    <p class='ocr_par' dir='ltr' id='par_1_99' title="bbox 272 5362 667 5432">
     <span class='ocr_line' id='line_1_99' title="bbox 272 5362 667 5432; baseline -0.005 -14"><span class='ocrx_word' id='word_1_705' title='bbox 272 5365 289 5396; x_wconf 81' lang='grc'>¹</span> <span class='ocrx_word' id='word_1_706' title='bbox 321 5363 445 5419; x_wconf 84' lang='lat' dir='ltr'><strong>For.</strong></span> <span class='ocrx_word' id='word_1_707' title='bbox 477 5364 541 5417; x_wconf 82' lang='grc' dir='ltr'>τὸ</span> <span class='ocrx_word' id='word_1_708' title='bbox 571 5362 667 5432; x_wconf 62' lang='grc' dir='ltr'>ἔσχ</span> 
     </span>
    </p>
   </div>
   <div class='ocr_carea' id='block_1_100' title="bbox 198 5428 1737 5497">
    <p class='ocr_par' dir='ltr' id='par_1_100' title="bbox 198 5428 1737 5497">
     <span class='ocr_line' id='line_1_100' title="bbox 198 5428 1737 5497; baseline -0.004 -8"><span class='ocrx_word' id='word_1_709' title='bbox 198 5447 261 5497; x_wconf 85' lang='lat' dir='ltr'><strong>tt,</strong></span> <span class='ocrx_word' id='word_1_710' title='bbox 302 5434 357 5490; x_wconf 90' lang='lat'><strong>5.</strong></span> <span class='ocrx_word' id='word_1_711' title='bbox 434 5434 457 5466; x_wconf 82' lang='grc'>⁸</span> <span class='ocrx_word' id='word_1_712' title='bbox 489 5428 741 5496; x_wconf 45' lang='grc' dir='ltr'>Βοῶνι,</span> <span class='ocrx_word' id='word_1_713' title='bbox 764 5431 854 5486; x_wconf 73' lang='grc'><strong>25.</strong></span> <span class='ocrx_word' id='word_1_714' title='bbox 931 5435 952 5465; x_wconf 81' lang='lat'>&#39;</span> <span class='ocrx_word' id='word_1_715' title='bbox 987 5430 1120 5487; x_wconf 86' lang='lat' dir='ltr'><strong>Luc.</strong></span> <span class='ocrx_word' id='word_1_716' title='bbox 1145 5446 1242 5493; x_wconf 87' lang='lat' dir='ltr'><strong>vn,</strong></span> <span class='ocrx_word' id='word_1_717' title='bbox 1274 5430 1327 5485; x_wconf 91' lang='lat'><strong>9.</strong></span> <span class='ocrx_word' id='word_1_718' title='bbox 1405 5430 1448 5461; x_wconf 80' lang='grc'><strong>¹⁹</strong></span> <span class='ocrx_word' id='word_1_719' title='bbox 1480 5429 1612 5483; x_wconf 84' lang='lat' dir='ltr'><strong>ibid.</strong></span> <span class='ocrx_word' id='word_1_720' title='bbox 1644 5428 1737 5483; x_wconf 69' lang='lat'><strong>‘25.</strong></span> 
     </span>
    </p>
   </div>
   <div class='ocr_carea' id='block_1_101' title="bbox 272 5579 1770 5658">
    <p class='ocr_par' dir='ltr' id='par_1_101' title="bbox 272 5579 1770 5658">
     <span class='ocr_line' id='line_1_101' title="bbox 272 5579 1770 5658; baseline -0.005 -16"><span class='ocrx_word' id='word_1_721' title='bbox 272 5588 385 5658; x_wconf 70' lang='lat'><strong>{67)</strong></span> <span class='ocrx_word' id='word_1_722' title='bbox 419 5586 702 5642; x_wconf 80' lang='lat' dir='ltr'><strong>Postrema</strong></span> <span class='ocrx_word' id='word_1_723' title='bbox 736 5584 924 5658; x_wconf 72' lang='lat' dir='ltr'><strong>verba,</strong></span> <span class='ocrx_word' id='word_1_724' title='bbox 954 5579 1066 5658; x_wconf 75' lang='grc' dir='ltr'>εἶχε</span> <span class='ocrx_word' id='word_1_725' title='bbox 1087 5582 1195 5655; x_wconf 78' lang='grc' dir='ltr'>γάρ</span> <span class='ocrx_word' id='word_1_726' title='bbox 1220 5583 1296 5658; x_wconf 72' lang='grc' dir='ltr'>ὡς</span> <span class='ocrx_word' id='word_1_727' title='bbox 1324 5583 1467 5658; x_wconf 73' lang='grc' dir='ltr'>πρὸς</span> <span class='ocrx_word' id='word_1_728' title='bbox 1498 5580 1770 5658; x_wconf 79' lang='grc' dir='ltr'>Ἰωάννην,</span> 
     </span>
    </p>
   </div>
   <div class='ocr_carea' id='block_1_102' title="bbox 200 5644 1775 5730">
    <p class='ocr_par' dir='ltr' id='par_1_102' title="bbox 200 5644 1775 5730">
     <span class='ocr_line' id='line_1_102' title="bbox 200 5644 1775 5730; baseline -0.006 -14"><span class='ocrx_word' id='word_1_729' title='bbox 200 5644 381 5730; x_wconf 53' lang='lat' dir='ltr'><strong>supra,</strong></span> <span class='ocrx_word' id='word_1_730' title='bbox 404 5659 461 5713; x_wconf 90' lang='lat' dir='ltr'><strong>in</strong></span> <span class='ocrx_word' id='word_1_731' title='bbox 498 5658 745 5712; x_wconf 87' lang='lat' dir='ltr'><strong>locorum</strong></span> <span class='ocrx_word' id='word_1_732' title='bbox 779 5644 1177 5709; x_wconf 55' lang='lat' dir='ltr'><strong>indiéuld‘crini</strong></span> <span class='ocrx_word' id='word_1_733' title='bbox 1203 5644 1412 5708; x_wconf 68' lang='lat' dir='ltr'><strong>scholi&#39;o</strong></span> <span class='ocrx_word' id='word_1_734' title='bbox 1441 5653 1474 5708; x_wconf 87' lang='lat'><strong>9</strong></span> <span class='ocrx_word' id='word_1_735' title='bbox 1515 5644 1775 5722; x_wconf 80' lang='lat' dir='ltr'><strong>copulan-</strong></span> 
     </span>
    </p>
   </div>
   <div class='ocr_carea' id='block_1_103' title="bbox 669 5357 1853 5429">
    <p class='ocr_par' dir='ltr' id='par_1_103' title="bbox 669 5357 1853 5429">
     <span class='ocr_line' id='line_1_103' title="bbox 669 5357 1853 5429; baseline -0.001 -15"><span class='ocrx_word' id='word_1_736' title='bbox 669 5379 754 5414; x_wconf 86' lang='grc' dir='ltr'>ατ.</span> <span class='ocrx_word' id='word_1_737' title='bbox 814 5365 835 5394; x_wconf 81' lang='grc'>¹</span> <span class='ocrx_word' id='word_1_738' title='bbox 858 5360 1012 5415; x_wconf 84' lang='lat' dir='ltr'><strong>Corr.</strong></span> <span class='ocrx_word' id='word_1_739' title='bbox 1051 5362 1291 5417; x_wconf 79' lang='grc' dir='ltr'>κάκοντι.</span> <span class='ocrx_word' id='word_1_740' title='bbox 1349 5360 1370 5391; x_wconf 90' lang='grc'><strong><em>³</em></strong></span> <span class='ocrx_word' id='word_1_741' title='bbox 1393 5357 1517 5411; x_wconf 79' lang='lat' dir='ltr'><strong>For.</strong></span> <span class='ocrx_word' id='word_1_742' title='bbox 1552 5358 1784 5429; x_wconf 72' lang='grc' dir='ltr'>ἀλλότρια</span> <span class='ocrx_word' id='word_1_743' title='bbox 1809 5377 1853 5424; x_wconf 82' lang='grc' dir='ltr'>ς.</span> 
     </span>
    </p>
   </div>
   <div class='ocr_carea' id='block_1_104' title="bbox 1875 4468 3454 4541">
    <p class='ocr_par' dir='ltr' id='par_1_104' title="bbox 1875 4468 3454 4541">
     <span class='ocr_line' id='line_1_104' title="bbox 1875 4468 3454 4541; baseline -0.001 -16"><span class='ocrx_word' id='word_1_744' title='bbox 1875 4486 1979 4527; x_wconf 90' lang='lat' dir='ltr'><strong>nus</strong></span> <span class='ocrx_word' id='word_1_745' title='bbox 2008 4478 2174 4537; x_wconf 88' lang='lat' dir='ltr'><strong>esset,</strong></span> <span class='ocrx_word' id='word_1_746' title='bbox 2213 4486 2389 4541; x_wconf 89' lang='lat' dir='ltr'><strong>neque</strong></span> <span class='ocrx_word' id='word_1_747' title='bbox 2434 4479 2528 4526; x_wconf 91' lang='lat' dir='ltr'><strong>aut</strong></span> <span class='ocrx_word' id='word_1_748' title='bbox 2575 4470 2643 4525; x_wconf 90' lang='lat' dir='ltr'><strong>ad</strong></span> <span class='ocrx_word' id='word_1_749' title='bbox 2686 4486 2766 4535; x_wconf 86' lang='lat' dir='ltr'><strong>se,</strong></span> <span class='ocrx_word' id='word_1_750' title='bbox 2806 4478 2899 4525; x_wconf 90' lang='lat' dir='ltr'><strong>aut</strong></span> <span class='ocrx_word' id='word_1_751' title='bbox 2924 4470 2991 4525; x_wconf 90' lang='lat' dir='ltr'><strong>ad</strong></span> <span class='ocrx_word' id='word_1_752' title='bbox 3039 4468 3256 4524; x_wconf 89' lang='lat' dir='ltr'><strong>Patrem</strong></span> <span class='ocrx_word' id='word_1_753' title='bbox 3295 4484 3454 4524; x_wconf 89' lang='lat' dir='ltr'><strong>suum</strong></span> 
     </span>
    </p>
   </div>
   <div class='ocr_carea' id='block_1_105' title="bbox 1876 4562 3074 4634">
    <p class='ocr_par' dir='ltr' id='par_1_105' title="bbox 1876 4562 3074 4634">
     <span class='ocr_line' id='line_1_105' title="bbox 1876 4562 3074 4634; baseline -0.003 -17"><span class='ocrx_word' id='word_1_754' title='bbox 1876 4566 2152 4627; x_wconf 87' lang='lat' dir='ltr'><strong>attineret,</strong></span> <span class='ocrx_word' id='word_1_755' title='bbox 2185 4578 2526 4634; x_wconf 84' lang='lat' dir='ltr'><strong>nequaquam</strong></span> <span class='ocrx_word' id='word_1_756' title='bbox 2559 4564 2704 4617; x_wconf 91' lang='lat' dir='ltr'><strong>illam</strong></span> <span class='ocrx_word' id='word_1_757' title='bbox 2739 4562 3074 4634; x_wconf 65' lang='lat' dir='ltr'><strong>praedicaret.</strong></span> 
     </span>
    </p>
   </div>
   <div class='ocr_carea' id='block_1_106' title="bbox 1949 4651 3455 4721">
    <p class='ocr_par' dir='ltr' id='par_1_106' title="bbox 1949 4651 3455 4721">
     <span class='ocr_line' id='line_1_106' title="bbox 1949 4651 3455 4721; baseline -0.003 -13"><span class='ocrx_word' id='word_1_758' title='bbox 1949 4654 2133 4710; x_wconf 88' lang='lat' dir='ltr'><strong>Schol.</strong></span> <span class='ocrx_word' id='word_1_759' title='bbox 2171 4655 2224 4711; x_wconf 87' lang='lat'><strong>8.</strong></span> <span class='ocrx_word' id='word_1_760' title='bbox 2263 4653 2527 4709; x_wconf 83' lang='lat' dir='ltr'><strong>Mutatum</strong></span> <span class='ocrx_word' id='word_1_761' title='bbox 2580 4653 2725 4710; x_wconf 90' lang='lat' dir='ltr'><strong>istud</strong></span> <span class='ocrx_word' id='word_1_762' title='bbox 2779 4660 2864 4709; x_wconf 91' lang='lat' dir='ltr'><strong>est</strong></span> <span class='ocrx_word' id='word_1_763' title='bbox 2904 4671 2918 4707; x_wconf 89' lang='lat'><strong>:</strong></span> <span class='ocrx_word' id='word_1_764' title='bbox 2963 4651 3160 4707; x_wconf 80' lang='lat' dir='ltr'><strong>Beatus</strong></span> <span class='ocrx_word' id='word_1_765' title='bbox 3208 4651 3299 4721; x_wconf 82' lang='lat' dir='ltr'><strong>qui</strong></span> <span class='ocrx_word' id='word_1_766' title='bbox 3351 4665 3455 4704; x_wconf 78' lang='lat' dir='ltr'><strong>non</strong></span> 
     </span>
    </p>
   </div>
   <div class='ocr_carea' id='block_1_107' title="bbox 1877 4741 3452 4817">
    <p class='ocr_par' dir='ltr' id='par_1_107' title="bbox 1877 4741 3452 4817">
     <span class='ocr_line' id='line_1_107' title="bbox 1877 4741 3452 4817; baseline -0.003 -16"><span class='ocrx_word' id='word_1_767' title='bbox 1877 4748 2034 4817; x_wconf 81' lang='lat' dir='ltr'><strong>fuerit</strong></span> <span class='ocrx_word' id='word_1_768' title='bbox 2067 4747 2465 4801; x_wconf 80' lang='lat' dir='ltr'><strong>scandalizatus</strong></span> <span class='ocrx_word' id='word_1_769' title='bbox 2514 4748 2571 4801; x_wconf 91' lang='lat' dir='ltr'><strong>in</strong></span> <span class='ocrx_word' id='word_1_770' title='bbox 2613 4763 2693 4801; x_wconf 84' lang='lat' dir='ltr'><strong>me</strong></span> <span class='ocrx_word' id='word_1_771' title='bbox 2733 4744 2797 4801; x_wconf 83' lang='grc'><strong>¹⁶.</strong></span> <span class='ocrx_word' id='word_1_772' title='bbox 2841 4744 3051 4816; x_wconf 82' lang='lat' dir='ltr'><strong>Quippe</strong></span> <span class='ocrx_word' id='word_1_773' title='bbox 3086 4743 3154 4799; x_wconf 89' lang='lat' dir='ltr'><strong>ad</strong></span> <span class='ocrx_word' id='word_1_774' title='bbox 3190 4741 3452 4799; x_wconf 78' lang='lat' dir='ltr'><strong>Joannem</strong></span> 
     </span>
    </p>
   </div>
   <div class='ocr_carea' id='block_1_108' title="bbox 1876 4837 2238 4893">
    <p class='ocr_par' dir='ltr' id='par_1_108' title="bbox 1876 4837 2238 4893">
     <span class='ocr_line' id='line_1_108' title="bbox 1876 4837 2238 4893; baseline 0.003 -1"><span class='ocrx_word' id='word_1_775' title='bbox 1876 4837 2238 4893; x_wconf 80' lang='lat' dir='ltr'><strong>referebatur.</strong></span> 
     </span>
    </p>
   </div>
   <div class='ocr_carea' id='block_1_109' title="bbox 1948 4921 3457 4996">
    <p class='ocr_par' dir='ltr' id='par_1_109' title="bbox 1948 4921 3457 4996">
     <span class='ocr_line' id='line_1_109' title="bbox 1948 4921 3457 4996; baseline -0.003 -14"><span class='ocrx_word' id='word_1_776' title='bbox 1948 4928 2130 4984; x_wconf 80' lang='lat' dir='ltr'><strong>Rel‘ut.</strong></span> <span class='ocrx_word' id='word_1_777' title='bbox 2162 4930 2215 4984; x_wconf 90' lang='lat'><strong>8.</strong></span> <span class='ocrx_word' id='word_1_778' title='bbox 2252 4927 2375 4985; x_wconf 82' lang='lat' dir='ltr'><strong>Sive</strong></span> <span class='ocrx_word' id='word_1_779' title='bbox 2420 4928 2488 4991; x_wconf 82' lang='lat' dir='ltr'><strong>ad</strong></span> <span class='ocrx_word' id='word_1_780' title='bbox 2529 4926 2817 4993; x_wconf 80' lang='lat' dir='ltr'><strong>Joannem,</strong></span> <span class='ocrx_word' id='word_1_781' title='bbox 2851 4926 2966 4982; x_wconf 80' lang='lat' dir='ltr'><strong>sive</strong></span> <span class='ocrx_word' id='word_1_782' title='bbox 3009 4926 3077 4981; x_wconf 89' lang='lat' dir='ltr'><strong>ad</strong></span> <span class='ocrx_word' id='word_1_783' title='bbox 3117 4926 3293 4996; x_wconf 87' lang='lat' dir='ltr'><strong>ipsum</strong></span> <span class='ocrx_word' id='word_1_784' title='bbox 3334 4921 3457 4977; x_wconf 87' lang='lat' dir='ltr'><strong>Sal-</strong></span> 
     </span>
    </p>
   </div>
   <div class='ocr_carea' id='block_1_110' title="bbox 1875 5015 3455 5092">
    <p class='ocr_par' dir='ltr' id='par_1_110' title="bbox 1875 5015 3455 5092">
     <span class='ocr_line' id='line_1_110' title="bbox 1875 5015 3455 5092; baseline -0.004 -15"><span class='ocrx_word' id='word_1_785' title='bbox 1875 5031 2117 5078; x_wconf 82' lang='lat' dir='ltr'><strong>vatorem</strong></span> <span class='ocrx_word' id='word_1_786' title='bbox 2150 5023 2437 5092; x_wconf 83' lang='lat' dir='ltr'><strong>pertineat,</strong></span> <span class='ocrx_word' id='word_1_787' title='bbox 2468 5023 2657 5077; x_wconf 85' lang='lat' dir='ltr'><strong>beatos</strong></span> <span class='ocrx_word' id='word_1_788' title='bbox 2689 5020 2813 5076; x_wconf 91' lang='lat' dir='ltr'><strong>illos</strong></span> <span class='ocrx_word' id='word_1_789' title='bbox 2841 5034 2965 5075; x_wconf 91' lang='lat' dir='ltr'><strong>esse</strong></span> <span class='ocrx_word' id='word_1_790' title='bbox 2987 5017 3329 5090; x_wconf 87' lang='lat' dir='ltr'><strong>pronuntiat,</strong></span> <span class='ocrx_word' id='word_1_791' title='bbox 3360 5015 3455 5086; x_wconf 90' lang='lat' dir='ltr'><strong>qui</strong></span> 
     </span>
    </p>
   </div>
   <div class='ocr_carea' id='block_1_111' title="bbox 1877 5108 3455 5174">
    <p class='ocr_par' dir='ltr' id='par_1_111' title="bbox 1877 5108 3455 5174">
     <span class='ocr_line' id='line_1_111' title="bbox 1877 5108 3455 5174; baseline -0.006 -5"><span class='ocrx_word' id='word_1_792' title='bbox 1877 5111 2230 5169; x_wconf 85' lang='lat' dir='ltr'><strong>scandalizati</strong></span> <span class='ocrx_word' id='word_1_793' title='bbox 2265 5127 2374 5166; x_wconf 92' lang='lat' dir='ltr'><strong>non</strong></span> <span class='ocrx_word' id='word_1_794' title='bbox 2403 5112 2606 5168; x_wconf 83' lang='lat' dir='ltr'><strong>fuerint</strong></span> <span class='ocrx_word' id='word_1_795' title='bbox 2635 5111 2690 5165; x_wconf 91' lang='lat' dir='ltr'><strong>in</strong></span> <span class='ocrx_word' id='word_1_796' title='bbox 2721 5126 2801 5174; x_wconf 89' lang='lat' dir='ltr'><strong>se,</strong></span> <span class='ocrx_word' id='word_1_797' title='bbox 2830 5109 2915 5166; x_wconf 90' lang='lat' dir='ltr'><strong>vel</strong></span> <span class='ocrx_word' id='word_1_798' title='bbox 2950 5110 3004 5164; x_wconf 92' lang='lat' dir='ltr'><strong>in</strong></span> <span class='ocrx_word' id='word_1_799' title='bbox 3033 5108 3262 5170; x_wconf 85' lang='lat' dir='ltr'><strong>Joanne,</strong></span> <span class='ocrx_word' id='word_1_800' title='bbox 3298 5122 3365 5163; x_wconf 92' lang='lat' dir='ltr'><strong>ne</strong></span> <span class='ocrx_word' id='word_1_801' title='bbox 3389 5122 3455 5163; x_wconf 89' lang='lat' dir='ltr'><strong>ea</strong></span> 
     </span>
    </p>
   </div>
   <div class='ocr_carea' id='block_1_112' title="bbox 1875 5197 3461 5275">
    <p class='ocr_par' dir='ltr' id='par_1_112' title="bbox 1875 5197 3461 5275">
     <span class='ocr_line' id='line_1_112' title="bbox 1875 5197 3461 5275; baseline -0.004 -16"><span class='ocrx_word' id='word_1_802' title='bbox 1875 5205 1977 5259; x_wconf 85' lang='lat' dir='ltr'><strong>sibi</strong></span> <span class='ocrx_word' id='word_1_803' title='bbox 2001 5204 2224 5273; x_wconf 81' lang='lat' dir='ltr'><strong>ﬁngant,</strong></span> <span class='ocrx_word' id='word_1_804' title='bbox 2248 5218 2369 5275; x_wconf 65' lang='lat' dir='ltr'><strong>qua:</strong></span> <span class='ocrx_word' id='word_1_805' title='bbox 2398 5219 2428 5257; x_wconf 87' lang='lat' dir='ltr'><strong>a</strong></span> <span class='ocrx_word' id='word_1_806' title='bbox 2456 5218 2515 5259; x_wconf 91' lang='lat' dir='ltr'><strong>se</strong></span> <span class='ocrx_word' id='word_1_807' title='bbox 2541 5218 2651 5259; x_wconf 91' lang='lat' dir='ltr'><strong>non</strong></span> <span class='ocrx_word' id='word_1_808' title='bbox 2686 5202 2977 5258; x_wconf 90' lang='lat' dir='ltr'><strong>audierint.</strong></span> <span class='ocrx_word' id='word_1_809' title='bbox 3009 5199 3117 5256; x_wconf 89' lang='lat' dir='ltr'><strong>Sed</strong></span> <span class='ocrx_word' id='word_1_810' title='bbox 3140 5200 3280 5255; x_wconf 89' lang='lat' dir='ltr'><strong>inest</strong></span> <span class='ocrx_word' id='word_1_811' title='bbox 3301 5197 3461 5269; x_wconf 80' lang='lat' dir='ltr'><strong>quid—</strong></span> 
     </span>
    </p>
   </div>
   <div class='ocr_carea' id='block_1_113' title="bbox 1934 5353 3459 5417">
    <p class='ocr_par' dir='ltr' id='par_1_113' title="bbox 1934 5353 3459 5417">
     <span class='ocr_line' id='line_1_113' title="bbox 1934 5353 3459 5417; baseline 0 -5"><span class='ocrx_word' id='word_1_812' title='bbox 1934 5361 1955 5392; x_wconf 69' lang='grc'><strong>⁸</strong></span> <span class='ocrx_word' id='word_1_813' title='bbox 1987 5360 2120 5416; x_wconf 88' lang='lat' dir='ltr'><strong>Luc.</strong></span> <span class='ocrx_word' id='word_1_814' title='bbox 2148 5361 2333 5417; x_wconf 73' lang='lat' dir='ltr'><strong>vr.16.</strong></span> <span class='ocrx_word' id='word_1_815' title='bbox 2425 5363 2446 5393; x_wconf 83' lang='grc'>⁸</span> <span class='ocrx_word' id='word_1_816' title='bbox 2480 5359 2614 5415; x_wconf 84' lang='lat' dir='ltr'><strong>ibid.</strong></span> <span class='ocrx_word' id='word_1_817' title='bbox 2646 5360 2728 5415; x_wconf 84' lang='lat' dir='ltr'><strong>l7.</strong></span> <span class='ocrx_word' id='word_1_818' title='bbox 2807 5361 2828 5392; x_wconf 75' lang='grc'>⁸</span> <span class='ocrx_word' id='word_1_819' title='bbox 2862 5358 2995 5414; x_wconf 86' lang='lat' dir='ltr'><strong>ibid.</strong></span> <span class='ocrx_word' id='word_1_820' title='bbox 3028 5356 3115 5412; x_wconf 79' lang='lat' dir='ltr'><strong>I9.</strong></span> <span class='ocrx_word' id='word_1_821' title='bbox 3209 5354 3275 5408; x_wconf 83' lang='grc'><strong>⁷1</strong></span> <span class='ocrx_word' id='word_1_822' title='bbox 3309 5353 3459 5412; x_wconf 83' lang='lat' dir='ltr'><strong>Tim.</strong></span> 
     </span>
    </p>
   </div>
   <div class='ocr_carea' id='block_1_114' title="bbox 1880 5569 3462 5648">
    <p class='ocr_par' dir='ltr' id='par_1_114' title="bbox 1880 5569 3462 5648">
     <span class='ocr_line' id='line_1_114' title="bbox 1880 5569 3462 5648; baseline -0.007 -14"><span class='ocrx_word' id='word_1_823' title='bbox 1880 5589 1986 5636; x_wconf 91' lang='lat' dir='ltr'><strong>tur.</strong></span> <span class='ocrx_word' id='word_1_824' title='bbox 2028 5578 2355 5648; x_wconf 83' lang='lat' dir='ltr'><strong>Scripserat,</strong></span> <span class='ocrx_word' id='word_1_825' title='bbox 2401 5579 2507 5635; x_wconf 88' lang='lat' dir='ltr'><strong>nisi</strong></span> <span class='ocrx_word' id='word_1_826' title='bbox 2552 5579 2732 5648; x_wconf 85' lang='lat' dir='ltr'><strong>fallor,</strong></span> <span class='ocrx_word' id='word_1_827' title='bbox 2771 5579 2993 5648; x_wconf 77' lang='lat' dir='ltr'><strong>Marcio,</strong></span> <span class='ocrx_word' id='word_1_828' title='bbox 3023 5578 3080 5642; x_wconf 79' lang='grc' dir='ltr'>ὃς</span> <span class='ocrx_word' id='word_1_829' title='bbox 3120 5576 3179 5629; x_wconf 81' lang='grc' dir='ltr'>οὐ</span> <span class='ocrx_word' id='word_1_830' title='bbox 3232 5569 3462 5628; x_wconf 81' lang='grc' dir='ltr'>σκανδα-</span> 
     </span>
    </p>
   </div>
   <div class='ocr_carea' id='block_1_115' title="bbox 1883 5649 2474 5721">
    <p class='ocr_par' dir='ltr' id='par_1_115' title="bbox 1883 5649 2474 5721">
     <span class='ocr_line' id='line_1_115' title="bbox 1883 5649 2474 5721; baseline -0.002 -17"><span class='ocrx_word' id='word_1_831' title='bbox 1883 5651 2195 5717; x_wconf 51' lang='lat' dir='ltr'><strong>memmi</strong></span> <span class='ocrx_word' id='word_1_832' title='bbox 2226 5651 2283 5703; x_wconf 80' lang='grc' dir='ltr'>ὲν</span> <span class='ocrx_word' id='word_1_833' title='bbox 2306 5649 2474 5721; x_wconf 73' lang='grc' dir='ltr'>αὐτῷ.</span> 
     </span>
    </p>
   </div>
  </div>
