4078 6074
561 271 660 326 τδι

1937 262 1996 319 S.
2040 260 2388 318 EPII‘IIANII

3731 248 3834 309 732

562 385 689 438 dam
720 383 994 440 attentiori
1023 382 1460 439 consideratione
1495 382 1756 453 dignum;
1786 382 1946 453 cujus
1975 381 2140 453 gratia

2250 377 2307 431 δὲ
2333 378 2556 449 μείζονα
2579 377 2832 450 Θεωρίαν,
2859 377 2926 431 δι’
2952 377 3038 447 ἢν,
3079 372 3266 444 φησὶν,
3301 370 3524 443 εἴρηκεν
3548 370 3578 424 6
3601 370 3825 444 Σωτήρ·

561 476 652 532 illa
680 478 833 533 ’sunt
860 492 890 530 a
926 475 1208 530 Salvatore
1247 473 1393 527 dicta
1423 492 1437 527 :
1471 489 1538 528 ne
1556 473 1681 544 quis
1709 473 1957 528 videlicet
1984 472 2150 526 Joan-

561 584 710 630 nem,
751 583 860 637 quo
898 568 1038 622 inter
1078 574 1237 621 natos
1272 556 1564 620 t'nulierum
1600 565 1861 635 majorem
1896 580 2018 619 esse
2056 578 2151 618 ue-

560 663 761 715 minem
793 658 1026 721 dixerat,
1066 658 1336 713 Salvatori
1370 658 1535 712 etiam
1571 656 1673 727 ipsi
1707 654 2147 725 anteponendum

560 759 797 821 putaret,
829 750 974 820 quod
1008 751 1055 806 is
1082 760 1244 805 natus
1279 757 1427 807 esset
1451 766 1482 806 e
1513 750 1759 804 muliere.
1797 748 1883 804 οι.
1927 747 1979 802 id
2018 762 2151 801 con-

559 845 705 900 sulto
735 844 877 900 istud
913 845 1111 915 adjecit
1146 864 1159 899 :
1198 845 1264 899 Et
1294 847 1480 900 beatus
1510 846 1601 915 qui
1644 860 1747 897 non
1786 840 1947 912 fuerit
1992 858 2145 895 scan-

556 935 830 990 dalizatus
873 937 928 988 in
964 953 1065 989 me.
1113 935 1265 992 Unde
1305 936 1467 991 etiam
1518 934 1784 1004 subjicit:
1826 932 1928 998 Qui
1976 941 2149 985 autem

559 1026 733 1079 minor
769 1036 846 1079 est
884 1026 939 1078 in
974 1042 1152 1095 regno,
1198 1025 1362 1094 majot
1412 1034 1488 1080 est
1540 1026 1652 1092 ipso
1692 1024 1729 1077 ί.
1776 1022 1902 1076 Erat
1948 1022 2149 1092 quippe

560 1117 825 1173 Dominus
860 1118 973 1183 illo,
1005 1117 1150 1188 quod
1181 1118 1247 1172 ad
1278 1119 1463 1173 carnis
1498 1117 1766 1186 originem
1801 1125 2029 1185 spectat,
2063 1132 2148 1170 se—

559 1212 749 1266 mestri
791 1212 967 1280 spatio
998 1212 1218 1276 minor;
1254 1211 1351 1267 sed
1402 1213 1457 1266 in
1505 1226 1676 1280 regno
1725 1221 1907 1264 tamen
1948 1208 2145 1278 major,

559 1310 748 1373 utpote
783 1304 874 1374 qui
912 1313 967 1358 et
1017 1305 1162 1358 illius
1195 1312 1340 1359 esset
1372 1302 1537 1359 Deus.
1584 1302 1730 1357 Nihil
1761 1303 1904 1357 enim
1944 1302 2146 1371 Unige-

559 1401 711 1456 nitus
741 1401 878 1455 clam
906 1402 1175 1460 dicturus.
1208 1409 1301 1454 aut
1326 1400 1464 1456 falso
1490 1401 1883 1472 praedicaturus
1905 1396 2144 1452 advenit.

559 1489 721 1560 325
752 1488 815 1543 In
845 1491 1070 1554 occulto,
1104 1492 1302 1560 inquit,
1336 1491 1543 1545 locutus
1587 1506 1705 1544 sum
1742 1488 1895 1554 nihil,
1937 1488 2028 1543 sed
2053 1503 2148 1557 pa-

556 1580 665 1634 lam
693 1584 734 1635 ².
769 1582 1045 1652 Siquidem
1101 1584 1302 1638 veritas
1348 1592 1453 1649 est,
1508 1593 1564 1637 ut
1611 1582 1809 1637 asserit
1840 1600 1852 1635 :
1890 1580 2000 1650 Ego
2028 1596 2144 1632 sum

558 1670 642 1724 via
667 1680 717 1725 et
748 1674 938 1726 veritas
983 1673 1025 1730 ³.
1056 1672 1236 1739 Quare
1282 1688 1381 1727 nec
1424 1688 1668 1728 errorem
1711 1671 1872 1725 habet
1902 1672 2006 1734 \‘ia,
2045 1685 2144 1724 nec

2251 468 2339 521 ἵνα
2378 469 2452 539 μή
2482 485 2567 531 τις
2597 468 2690 521 τὸν
2728 466 2953 539 μείζονα
2992 467 3052 519 ὲν
3090 463 3372 532 γεννητοῖς
3409 460 3685 529 γυναικῶν
3735 460 3829 514 ὑπ’

2250 559 2416 613 αὑτοῦ
2471 560 2739 630 ταχθέντα
2781 559 3036 628 Ἰωάννην
3084 554 3178 609 καὶ
3220 551 3390 608 αὑτοῦ
3432 551 3529 606 τοῦ
3579 553 3830 623 Σωτῆρος

2254 650 2477 723 μείζονα
2500 649 2720 723 νομίσῃ,
2749 650 2838 703 διὰ
2865 648 2928 702 τὸ
2950 648 3045 701 καὶ
3068 645 3231 701 αὑτὸν
3260 646 3326 698 ἐκ
3346 643 3605 713 γυναικὸς
3635 660 3831 713 γεγεν-

2249 741 2469 812 νῆσθαι,
2513 738 2870 810 ἀσφαλίζεται
2919 739 3017 793 καὶ
3058 737 3207 807 λέγει
3239 736 3331 790 τόο
3386 734 3496 789 Καὶ
3533 734 3831 804 μακάριος

2250 833 2318 899 ὃς
2344 833 2454 887 ἐὰν
2484 832 2571 903 μὴ
2606 830 3032 899 σκανδαλισθῇ
3069 831 3140 884 ἐν
3168 830 3322 899 ἐμοί.
3357 828 3521 881 Ὅθεν
3553 826 3738 896 λέγει·
3777 828 3830 879 '0

2248 921 2316 977 δὲ
2343 924 2693 992 μικρότερος
2718 921 2828 992 (68)
2862 921 2932 974 ἐν
2955 918 3032 989 τῇ
3068 919 3361 986 βασιλείᾳ
3388 915 3604 988 μείζων
3643 916 3830 970 αὑτοῦ

2246 1015 2436 1068 ἐστιν.
2468 1010 2577 1066 Ἦν
2605 1015 2714 1084 γὰρ
2746 1015 2774 1067 ὁ
2812 1014 3004 1084 Σωτὴρ
3045 1012 3125 1082 τῷ
3173 1009 3351 1081 χρόνῳ
3393 1009 3536 1062 κατὰ
3578 1009 3679 1080 τὴν
3724 997 3831 1062 ἀπὸ

2249 1105 2452 1176 σαρκὸς
2485 1105 2737 1176 γέννησιν
2776 1104 3098 1175 μικρότερος
3123 1101 3288 1156 αὑτοῦ
3315 1100 3672 1171 ἑξαμηνιαίῳ·
3709 1100 3829 1170 μεί-

2248 1199 2357 1265 ζων
2379 1198 2436 1252 δὲ
2477 1201 2534 1252 ἐν
2561 1201 2628 1270 τῇ
2662 1198 2932 1270 βασιλείᾳ,
2958 1196 3118 1267 δῆλον
3155 1195 3233 1259 ὡς
3270 1194 3403 1258 Θεὸς
3442 1192 3629 1248 αὐτοῦ.
3662 1192 3831 1246 οὐδὲν

2247 1289 2356 1359 γὰρ
2385 1285 2550 1361 ἦλθεν
2573 1291 2602 1343 ὁ
2629 1288 2943 1359 Μονογενὴς
2970 1290 3029 1341 ὲν
3070 1288 3255 1359 κρυφῇ
3295 1284 3548 1355 λαλῆσαι,
3586 1283 3621 1354 ἢ
3657 1299 3824 1337 κατα·

2246 1383 2552 1453 ψεύσασθαί
2576 1400 2631 1437 τι
2658 1382 2750 1437 τοῦ
2780 1381 2911 1436 ἰδίου
2940 1380 3320 1455 κηρύγματος.
3346 1379 3546 1432 Φάσκει
3584 1376 3717 1447 γὰρ,
3747 1377 3828 1429 ὅτι

2260 1474 2363 1527 Ἐν
2407 1472 2609 1543 κρυφῇ
2640 1473 2955 1542 λελάληκα
2985 1471 3201 1538 οὐδὲν,
3235 1473 3398 1527 ἀλλὰ
3420 1467 3570 1539 μετὰ
3602 1470 3828 1536 παρρη-

2247 1566 2410 1631 σίας.
2452 1563 2702 1637 Ἀλήθεια
2730 1566 2839 1637 γάρ
2869 1566 3039 1628 ἐστιν,
3088 1564 3163 1628 ὼς
3194 1564 3376 1633 λέγει’
3426 1559 3575 1631 Ἐγὼ
3601 1562 3642 1629 ἡ
3688 1559 3827 1625 ὁδὸς

2247 1655 2345 1709 καὶ
2371 1654 2410 1723 ἡ
2435 1654 2713 1722 ditior-ua.
2736 1653 2871 1708 Οὐδὲ
2901 1653 3083 1707 τοίνυν
3104 1654 3137 1724 ἠ
3158 1652 3277 1718 ὁδὸς
3308 1651 3517 1722 πλάνην
3546 1651 3685 1722 ἔχεις
3706 1648 3825 1703 οὔτε.

555 1765 761 1819 veritas
817 1765 1167 1834 semetipsam
1221 1763 1575 1819 dissimulans
1625 1762 1964 1818 mendacium
2015 1777 2140 1833 pro-

2244 1747 2277 1817 ή
2307 1744 2537 1817 ἀλήθεια
2563 1744 2884 1817 κρύπτουσα
2913 1745 3112 1816 ἑαυτὴν
3141 1745 3292 1798 λαλεί
3311 1743 3372 1798 τὸ
3396 1742 3611 1814 ψεῦδος.

556 1850 818 1976 msth
860 1923 910 1977 9.
964 1921 1067 1976 Hic
1097 1933 1176 1976 est
1209 1925 1273 1976 de
1303 1937 1405 1991 quo
1437 1927 1689 1991 scriptum
1718 1929 1797 1974 est
1830 1935 1851 1973 :
1887 1917 2017 1973 Ecce
2046 1935 2140 1990 ego

559 2014 712 2068 mitto
738 2015 981 2085 angelum
1015 2031 1186 2069 meum
1217 2026 1339 2070 aute
1364 2017 1554 2086 [aciem
1585 2027 1729 2071 tuam
1758 2018 1799 2073 ⁸.

630 2190 811 2245 Refut.
876 2193 930 2249 9.
989 2192 1045 2247 Si
1102 2192 1367 2250 Joannem
1432 2196 1746 2267 unigenitus
1815 2192 1911 2253 Dei
1970 2197 2142 2254 Filius

557 2283 826 2353 agnoscit,
870 2297 1217 2354 consequens
1261 2293 1366 2350 est,
1411 2295 1469 2340 ut
1498 2297 1622 2342 ante
1652 2291 1986 2359 cognoverit.
2031 2289 2145 2344 lloc

556 2376 681 2446 ipso
715 2391 844 2432 vero
876 2378 1023 2447 quod
1055 2390 1182 2434 ante
1211 2381 1561 2449 cegnoverit,
1596 2384 1843 2440 veritatis
1878 2385 2143 2442 studiosis

555 2467 712 2523 illum
740 2484 863 2524 esse
895 2469 1258 2534 demonstrat,
1295 2471 1363 2526 de
1386 2488 1495 2542 quo
1522 2473 1784 2543 scriptum
1816 2475 1889 2530 sit
1934 2493 1950 2530 :
1982 2473 2144 2530 Mitto

560 2562 801 2631 angelum
830 2577 1002 2615 meum
1036 2573 1157 2617 ante
1186 2564 1372 2632 faciem
1408 2574 1554 2618 tuam
1575 2566 1617 2618 ⁸.
1650 2566 2013 2633 Quamobrem
2049 2568 2142 2637 qui

558 2655 636 2710 ita
660 2656 901 2725 scripsit,
942 2667 995 2711 et
1024 2659 1159 2712 dixit
1189 2677 1204 2715 :
1236 2658 1396 2715 Mitto
1429 2663 1669 2731 angelum
1701 2679 1871 2718 meum
1906 2675 2028 2720 ante
2051 2667 2143 2736 fa-

556 2746 687 2800 ciem
714 2755 882 2812 tuam,
919 2751 1307 2820 sempiternus,
1334 2752 1578 2823 inquam,
1631 2756 1721 2810 ille
1758 2755 1922 2819 Deus.
1959 2763 2050 2830 qui
2086 2762 2140 2817 in

558 2839 840 2909 prophetis
868 2856 931 2894 ac
960 2842 1077 2912 lege
1106 2843 1324 2898 loeutus
1354 2854 1458 2909 est,
1498 2859 1527 2898 a
1565 2845 1705 2901 Jesu
1741 2848 1964 2905 Christo
2004 2851 2142 2909 Filio

558 2944 661 2984 suo
702 2947 1046 3001 nequaquam
1093 2934 1384 2996 abhorret;
1424 2951 1547 2990 cum
1584 2937 1732 2994 illius
1766 2950 1894 2997 ante
1925 2940 2139 3010 faciem,

2312 1918 2468 1989 Σχὸλ.
2500 1919 2566 1973 0'.
2598 1920 2792 1986 Αὐτός
2821 1920 2952 1975 ἐστι
2985 1921 3120 1991 περὶ
3151 1917 3225 1979 οὗ
3264 1923 3591 1992 τέτραπται
3610 1937 3625 1953 °
3680 1919 3822 1977 Ἰδοὺ

2241 2010 2607 2065 ἀποστέλλω
2668 2011 2777 2065 τὸν
2834 2012 3096 2083 ἄγγελόν
3148 2030 3268 2082 μου
3331 2013 3448 2082 πρὸ
3499 2011 3825 2083 προσώπου

2242 2114 2380 2155 σου.

2318 2193 2539 2267 Ἐλεγχ.
2574 2196 2639 2251 0’.
2662 2199 2725 2252 Εἰ
2756 2197 3110 2267 ἐπιγινώσκει
3152 2199 3181 2251 ὁ
3218 2196 3514 2269 μονογενὴς
3563 2196 3695 2259 Υἱὸς
3731 2194 3824 2249 τοῦ

2243 2286 2379 2341 Θεοῦ
2408 2288 2499 2341 τὸν
2545 2289 2820 2362 Ἰωάννην,
2853 2291 2947 2344 καὶ
2997 2290 3383 2362 προγινώσκει,
3435 2289 3826 2362 προγινώσκων

2243 2381 2302 2435 δὲ
2349 2380 2694 2436 ὑποδείκνυσι
2742 2386 2857 2447 τοῖς
2907 2382 3251 2454 βουλομένοις
3301 2382 3499 2436 εἰδέναι
3544 2380 3647 2454 τὴν
3693 2383 3825 2453 ἀλή-

2249 2471 2420 2539 θειαν,
2474 2474 2557 2528 ὅτι
2607 2468 2763 2540 οὗτός
2812 2478 2929 2529 ἐστι
2984 2475 3112 2547 περὶ
3161 2470 3223 2530 οὗ
3278 2473 3613 2547 γέγραπται,
3666 2475 3825 2529 Ἀποο

2244 2563 2484 2619 στέλλω
2521 2567 2627 2618 τὸν
2674 2564 2935 2637 ἄγγελόν
2963 2584 3084 2636 μου
3133 2566 3247 2634 πρὸ
3296 2566 3625 2634 προσώπου
3675 2581 3821 2619 σου·

2244 2655 2353 2727 ἄρα
2403 2658 2432 2709 ὁ
2480 2655 2720 2728 γράψας,
2755 2659 2848 2710 καὶ¹
2898 2657 3104 2712 εἰπών·
3156 2657 3531 2713 Ἆποστέλλω
3576 2657 3689 2712 τὸν
3719 2655 3824 2726 ἆτ-

2244 2749 2425 2818 νελόν
2456 2765 2577 2817 μου
2610 2748 2724 2818 πρὸ
2757 2749 3081 2817 προσώπου
3113 2767 3250 2813 σου,
3301 2754 3331 2805 6
3358 2750 3490 2816 Θεὸς
3527 2753 3557 2804 ὁ
3587 2750 3823 2827 αἰώνιος,

2242 2841 2271 2893 ὁ
2308 2839 2367 2891 ὲν
2398 2838 2512 2904 τοῖς
2541 2842 2848 2913 προφήταις
2876 2841 3117 2913 λαλήσας
3143 2843 3236 2897 καὶ
3263 2843 3322 2896 ὲν
3350 2843 3519 2913 νόμῳ,
3544 2843 3649 2897 οὐκ
3674 2842 3823 2896 ἀλλό-

2242 2948 2392 3003 τριος
2421 2927 2490 3002 ἦν
2518 2932 2611 2986 τοῦ
2636 2933 2803 2986 ίδίου⁷
2839 2933 3014 3003 Ἰησοῦ
3047 2934 3303 3005 Χριστοῦ.
3347 2935 3693 2990 Ἀποστέλλει
3720 2936 3826 3006 γὰρ

556 3020 813 3074 nimirum
860 3021 980 3076 Filii
1030 3023 1173 3093 apud
1226 3025 1441 3079 Patrem
1496 3026 1927 3096 honoratissimi,
1969 3050 2130 3088 suum

2244 3023 2411 3078 αὑτοῦ
2442 3024 2533 3078 τὸν
2564 3026 2792 3095 ἄγγελον
2817 3027 2921 3099 πρὸ
2962 3027 3255 3099 προσώπου
3300 3026 3485 3087 αὑτοῦ,
3520 3027 3631 3098 πρὸ
3661 3044 3827 3100 προσ-

554 3112 806 3182 angelum
853 3113 1084 3169 miserit.
1136 3114 1321 3185 Neque
1365 3116 1513 3171 enim
1559 3120 1809 3187 angelum
1860 3137 2022 3175 suum
2069 3122 2134 3176 ad

554 3202 718 3258 alieni
764 3202 1087 3275 obsequium
1137 3206 1427 3277 allegaret;
1478 3211 1777 3278 praesertim
1826 3211 1895 3275 si,
1945 3225 2005 3266 ut
2036 3215 2138 3281 ais,

556 3293 781 3363 Marcio,
812 3297 988 3352 eidem
1021 3296 1160 3354 feret
1189 3301 1522 3356 contrarius.

625 3475 811 3530 Schol.
873 3475 961 3530 10.
1019 3476 1085 3530 Et
1144 3479 1411 3549 ingressus
1466 3481 1520 3534 in
1577 3481 1792 3537 domum
1852 3485 2136 3554 Pharisa‘i,

2195 3120 2215 3143 ‘
2242 3115 2392 3169 ώπου
2425 3115 2556 3170 Υίοῦ
2589 3120 2654 3171 ὲκ
2686 3119 2900 3191 Πατρὺς
2926 3119 3259 3190 τιμωμένου.
3292 3120 3367 3173 Οὐ
3392 3119 3501 3191 γὰρ
3528 3118 3826 3172 ἀπέστελλε

2240 3210 2331 3264 τὸν
2363 3209 2528 3263 αὐτοῦ
2578 3211 2808 3281 ἄγγελον
2840 3211 3108 3283 ἀλλοτρίῳ
3150 3212 3715 3284 ἐξυπηρετησόμενον,
3748 3213 3826 3265 εί-

2243 3323 2349 3376 περ
2377 3306 2472 3360 καὶ
2502 3304 2781 3369 ἁντίθετος
2810 3300 2878 3375 ἦν
2910 3302 3098 3368 αὐτοῦ,
3130 3304 3271 3358 κατὰ
3309 3304 3399 3359 τόν
3447 3320 3563 3368 σου,
3593 3297 3640 3357 ὦ
3672 3305 3826 3375 Μαρ-

2242 3397 2395 3460 κίων,
2429 3397 2605 3466 λόγον.

2313 3489 2469 3561 Σχόλ.
2511 3496 2561 3543 ι’.
2602 3489 2711 3543 Καὶ
2760 3490 3051 3545 εἰσελθὼν
3080 3493 3169 3556 εὶς
3209 3489 3318 3544 τὸν
3357 3486 3525 3544 οἷκον
3570 3488 3683 3543 τοῦ
3715 3492 3825 3543 Φα-

552 3567 839 3623 discubuit.
891 3567 1089 3623 Mulier
1135 3580 1311 3625 autem
1365 3576 1635 3641 peccatrix
1690 3587 1830 3632 retro
1875 3587 2024 3634 stans
2068 3585 2138 3637 ad

2243 3582 2484 3650 ρισαίου
2512 3583 2858 3651 κατεκλίθη.
2904 3583 2974 3638 Ἦ
3005 3581 3074 3636 δὲ
3104 3581 3283 3653 γυνὴ,
3318 3581 3523 3638 στᾶσα
3562 3582 3762 3635 ὀπίσω
3786 3582 3823 3647 ἠ

551 3655 730 3726 pedes,
765 3656 1016 3729 lacrymis
1046 3660 1259 3730 rigavit,
1291 3672 1341 3715 et
1375 3664 1549 3728 unxit,
1583 3676 1631 3719 et
1664 3668 2009 3723 osculabatur
2037 3673 2078 3725 ⁸.

623 3834 808 3891 Refut.
844 3835 933 3892 ιο.
970 3835 1085 3891 Hoc
1122 3836 1323 3908 ipsum,
1358 3838 1504 3909 quod
1556 3839 1827 3911 ingressus
1872 3854 1989 3909 est,
2042 3845 2143 3900 ha-

553 3928 740 3985 buisse
777 3944 978 4000 corpus
1013 3929 1278 3986 ostendit.
1318 3930 1546 3986 Domum
1588 3934 1789 4004 quippe
1824 3949 1889 3991 ac
1925 3952 2142 3992 mensu-

554 4035 669 4075 ram
699 4021 950 4092 corporis
983 4022 1276 4093 signiﬁcat.
1313 4021 1455 4077 Tum
1483 4025 1803 4080 accumbere
1833 4026 2037 4081 nullum
2071 4028 2139 4082 ad

551 4111 785 4167 alterum
824 4111 1081 4183 pertinet,
1115 4125 1279 4181 quam
1320 4110 1389 4165 ad
1428 4126 1576 4174 etin),
1612 4111 1772 4181 cujus
1805 4113 2141 4170 accumbens

552 4217 754 4278 corpus
780 4205 924 4259 mole
954 4204 1026 4259 sit
1060 4201 1368 4274 prmditum.
1400 4202 1534 4257 item
1563 4203 1709 4274 quod
1738 4204 1950 4260 mulier.
1964 4206 2141 4278 lacry-

553 4276 661 4350 mis
709 4294 876 4365 pedes
926 4296 1131 4366 irrigat,
1197 4309 1306 4351 non
1365 4294 1657 4357 simulacra
1717 4295 1887 4352 fuisse
1940 4276 2136 4368 pedum

2240 3670 2591 3741 ἁμαρτωλὸς
2647 3673 2809 3741 παρὰ
2852 3674 2995 3738 τοὺς
3047 3673 3259 3740 πόδας,
3305 3673 3511 3743 ἔϐρεξε
3559 3673 3691 3739 τοῖς
3721 3673 3823 3727 δ’ἀ-

2241 3781 2441 3835 κρυσι,
2473 3766 2573 3819 καὶ
2606 3765 2845 3836 ἦλειψε,
2887 3766 2984 3821 καὶ
3014 3767 3340 3836 κατεφίλει.

2315 3857 2536 3929 Ἐλεγχ.
2560 3865 2608 3911 ι’.
2640 3859 2731 3923 Τὸ,
2763 3858 3077 3925 εἰσελθὼν,
3122 3859 3281 3930 σῶμα
3317 3857 3625 3912 δείκνυσιν·
3679 3857 3823 3911 οἷκον

2241 3949 2351 4021 γὰρ
2379 3949 2617 4003 δείκνυσι
2645 3953 2740 4004 καὶ
2788 3953 2985 4023 μέτρον
3016 3955 3284 4025 σώματος,
3327 3954 3435 4007 Καὶ
3466 3953 3530 4007 τὸ
3560 3952 3820 4008 κατακλι-

2242 4037 2403 4110 οῆναι
2440 4040 2651 4104 οὐδενός
2687 4043 2835 4095 ἐστιν
2866 4042 2982 4096 ἀλλ’
3019 4042 3053 4114 ἢ
3097 4042 3256 4115 σῶμα
3283 4044 3519 4116 ὀγκηρδν
3546 4044 3611 4097 τὸ
3656 4061 3817 4098 κατα-

2239 4130 2490 4202 κείμενον
2521 4132 2562 4185 ”.
2595 4133 2703 4186 Καὶ
2732 4132 2792 4187 τὸ
2816 4133 2915 4205 τὴν
2942 4138 3176 4203 γυναῖκα
3221 4135 3406 4207 βρέξαι
3436 4139 3548 4199 τοῖς
3591 4135 3825 4207 δάκρυσι

2239 4223 2365 4285 τοὺς
2415 4224 2602 4289 πόδας,
2660 4226 2722 4278 οὐ
2766 4227 3066 4294 φαντασίας
3118 4228 3303 4292 πόδας,
3353 4227 3476 4281 οὐδὲ
3526 4227 3816 4299 δοκήσεως.

2244 4314 2485 4383 Ἤλειψε
2515 4315 2645 4385 γὰρ,
2676 4316 2774 4369 καὶ
2806 4315 3033 4385 ἔϐρεξε,
3067 4318 3163 4371 καί
3194 4319 3523 4388 κατεφίλει,
3556 4320 3659 4390 τῆς
3684 4318 3817 4389 ἁφῆς

552 4386 736 4440 inania
766 4384 1125 4442 demonstrat.
1167 4386 1330 4442 Unxit
1359 4388 1520 4452 enim,
1555 4400 1605 4444 et
1636 4389 1847 4460 rigavit,
1891 4400 1941 4444 et
1979 4407 2134 4446 oecu-

2243 4406 2333 4459 τοῦ
2370 4384 2621 4478 σώματος
2648 4409 3033 4482 αἰσθανομένη.

552 4478 668 4533 lata
695 4487 798 4540 est,
827 4494 1028 4549 corpus
1053 4479 1273 4549 aliquod
1303 4482 1489 4550 procul
1531 4481 1699 4536 dubio
1723 4488 2097 4539 'eontrectans.

620 4569 805 4626 Schol.
846 4569 934 4623 11.
961 4568 1025 4622 Et
1052 4569 1248 4623 iterum
1278 4589 1290 4624 :
1329 4569 1460 4625 ch
1494 4572 1744 4641 lacrymis
1770 4573 1957 4641 rigavit
1984 4574 2138 4643 pedes

553 4679 714 4728 meos,
746 4670 796 4716 et
835 4662 1009 4726 unxit,
1036 4670 1087 4715 et
1118 4659 1357 4714 osculata
1385 4673 1492 4715 est.

624 4839 808 4896 Reiut.
852 4840 937 4895 Η.
973 4837 1053 4895 Ne
1092 4838 1163 4892 ita
1206 4818 1448 4909 puiares.
1480 4855 1514 4894 ο
1553 4840 1775 4906 Marcio,
1807 4844 1924 4899 sola
1957 4844 2132 4900 immt-

550 4951 681 4992 num
729 4932 990 5004 opinione
1036 4930 1338 4989 Salvatoris
1388 4933 1554 5002 pedes
1612 4933 1839 5003 rigasse,
1887 4937 2131 5002 unxisse,

549 5037 714 5099 atque
739 5025 1043 5083 osculatam
1069 5039 1194 5081 esse
1215 5025 1524 5089 mulierem,
1557 5024 1697 5079 idem
1727 5026 1843 5096 ipse
1874 5024 2134 5084 Dominus

550 5119 873 5190 astipulator
898 5116 1140 5185 accedit;
1168 5131 1234 5173 ac
1261 5132 1370 5171 non
1395 5115 1654 5186 opinione
1694 5116 1837 5171 istud
1865 5118 2134 5174 accidisse

549 5209 688 5273 uola,
716 5210 812 5264 sed
847 5210 1025 5280 reipsa
1061 5207 1430 5274 demonstrat;
1463 5215 1519 5262 et
1555 5222 1663 5262 non
1695 5207 1762 5264 ad
1798 5206 2132 5265 Pharismum

641 5365 659 5398 ι
690 5364 825 5419 Luc.
871 5379 967 5425 νιι,
1015 5363 1107 5419 28.
1232 5363 1430 5418 'Joan.
1464 5379 1617 5428 xvm,
1651 5368 1703 5421 8.

551 5438 574 5468 ⁸
596 5435 729 5493 Luc.
765 5450 863 5497 vn,
895 5433 985 5488 44.
1064 5436 1083 5465 ⁷
1112 5432 1271 5490 Deest
1293 5450 1394 5488 vox
1427 5435 1577 5487 Υίοῦ.
1655 5439 1675 5463 "
1717 5436 1876 5490 Deest
1907 5436 2140 5505 ἔχοντος.

1800 5366 1819 5397 ³
1854 5364 2011 5421 Joan.
2044 5382 2154 5431 xw,
2190 5366 2242 5421 6.

2311 4583 2465 4653 Σχόλ.
2534 4590 2621 4638 ια’.
2694 4585 2805 4638 Καὶ
2866 4584 3062 4639 πάλιν·
3126 4587 3288 4651 Αὕτη
3350 4586 3478 4653 τοῖς
3525 4585 3819 4655 δάκρυσιν

2235 4672 2441 4743 ἔϐρεξε
2486 4676 2628 4743 τοὺς
2666 4677 2857 4743 πόδας
2905 4696 3045 4745 μου,
3097 4679 3197 4732 καὶ
3257 4678 3499 4748 ἤλειφε,
3558 4679 3658 4733 καὶ
3685 4694 3813 4732 κατ-

2233 4766 2451 4834 εφίλει.

2308 4854 2532 4925 Ἐλεγχ.
2580 4861 2669 4909 ια’.
2712 4857 2831 4911 Ἵνα
2871 4858 2945 4929 μὴ
2978 4859 3228 4930 νομίσῃς,
3267 4851 3313 4911 ὦ
3338 4856 3628 4929 Μαρκίων,
3661 4858 3818 4927 μόνον

2238 4942 2555 5013 νομίζεσθαι
2585 4945 2736 5018 παρὰ
2764 4946 3073 5019 ἀνθρώποις
3104 4948 3204 5018 τὴν
3231 4945 3558 5018 ἁμαρτωλὸν
3590 4948 3815 5014 γυναῖκα

2238 5033 2365 5097 τοὺς
2420 5034 2587 5099 πόδας
2631 5034 2725 5089 τοῦ
2773 5036 3024 5109 Σωτῆρος
3075 5035 3262 5108 βρέξαι
3309 5054 3367 5090 τε
3421 5037 3517 5090 καὶ
3578 5036 3812 5105 ἀλεῖψαι.

2239 5122 2334 5175 καὶ
2364 5124 2889 5194 καταπεφιληκέναι,
2921 5124 3084 5189 αὐτὸς
3110 5126 3140 5178 ὁ
3170 5122 3360 5195 Σωτὴρ
3392 5121 3719 5184 ἐπιϐεϐαιοί,
3754 5121 3814 5173 οὺ

2239 5212 2380 5267 κατὰ
2418 5213 2639 5286 δόκησιν
2672 5215 2844 5269 ταῦτα
2890 5216 3218 5287 γεγενῆσθαι
3263 5214 3551 5280 διδάσκων,
3595 5213 3731 5268 ἀλλὰ
3759 5212 3814 5276 ἐξ

2348 5371 2369 5402 δ
2392 5369 2525 5426 Luc.
2573 5386 2667 5435 vn,
2693 5371 2785 5439 27;
2824 5369 3057 5426 Malach.
3092 5385 3174 5432 ιιι,
3205 5370 3253 5424 l.
3370 5369 3392 5400 '
3425 5366 3559 5423 Luc.
3599 5383 3696 5432 vn,
3722 5366 3806 5420 '56.

625 5555 735 5627 (οε)
977 5553 1161 5635 βέῃει,
1200 5557 1233 5608 ὁ
1262 5555 1728 5635 μικρότερος.
1766 5556 1922 5635 Quod
1942 5556 2127 5635 mino:-

2243 5560 2377 5635 κεατὰ
2406 5561 2503 5628 τὴν
2517 5557 2735 5635 ἠλικίαν
2762 5556 2866 5635 κα).
2881 5554 3021 5609 κατὰ
3034 5552 3130 5622 τὴν
3156 5551 3262 5635 τῶν
3281 5550 3490 5605 πολλῶν
3505 5550 3686 5617 δόξαν,
3707 5555 3809 5605 etc.

553 5644 668 5685 1³6119
712 5644 768 5679 ειε
808 5644 1062 5680 hlll'ZSlUS
1119 5644 1188 5694 8;!
1227 5644 1353 5678 ειιειι
1409 5644 1460 5678 ιιι
1514 5644 1677 5694 ι’(ξὲιιιι
1722 5644 2007 5688 ςωίυὶΊΗΙΙ,
2058 5644 2125 5681 (Nl

557 5707 771 5755 aetatem
821 5694 987 5751 refert
1030 5709 1149 5750 cum
1189 5644 1489 5763 Epiphanio
1527 5698 1720 5765 Chrys.
1763 5716 1773 5751 :
1805 5697 2126 5767 μικρότερος

712 5642 768 5679 se
808 5623 1062 5696 Christus
1119 5625 1353 5696 appellat
1409 5625 1460 5678 in
1514 5643 1677 5694 regno
1722 5629 2007 5688 cuzlut'mlt,
2058 5627 2125 5681 ad
2236 5623 2552 5685 Necnon-et"
2573 5627 2736 5690 Beda,
2780 5624 2980 5696 aliique
3006 5624 3333 5693 cumpiures.
