3932 6064
504 229 611 283 Ἱῦὖ

1927 240 1983 296 S.
2029 242 2369 299 I'ZPIPIIANII

3700 248 3805 305 73-6

508 333 862 405 D'ivinitatem
909 350 1084 421 ipsam
1129 367 1200 408 ne
1246 363 1302 405 tu
1343 355 1563 424 quidem
1612 357 1841 412 audebis
1886 358 2092 414 dicere.

2217 365 2259 418 ιύ
2297 366 2594 437 τολμήσεις
2643 366 2845 436 λέγειν.
2894 366 2956 418 Εἰ
2999 364 3058 420 δὲ
3106 365 3207 421 κᾶν
3252 364 3452 431 εἴποις,
3499 364 3654 420 κατά
3699 366 3808 436 τῆς

508 435 686 505 Atque
731 445 791 491 ut
836 441 1073 497 maxime
1119 443 1345 508 audeas,
1401 453 1554 500 tuum
1608 448 1663 501 in
1715 457 1900 517 caput,
1940 466 2099 504 exse-

2202 455 2371 509 αὑτοῦ
2426 456 2688 528 κεφαλῆς,
2742 456 2994 528 θεήλατε,
3028 456 3463 528 βλασφημήσεις.
3514 456 3696 511 Παντὶ
3746 457 3803 511 δέ

508 527 735 589 craude,
773 530 1063 585 maledicta
1102 532 1208 587 ista
1241 535 1506 592 recident.
1542 537 1645 593 Sed
1677 556 1839 594 nemo
1869 548 1974 606 est,
2000 543 2098 611 qui

2217 565 2279 619 τῳ
2312 538 2470 619 δῆλόν
2511 550 2677 613 ἐστιν,
2725 527 2887 603 ὅτινὸ
2943 550 3004 602 ἐν
3055 527 3801 621 ἀληθείαίὲνανθρωπήσας,

508 631 616 669 non
664 618 931 690 intelligat
984 638 1141 687 eum,
1186 626 1280 694 qui
1334 627 1496 681 homo
1540 644 1731 685 revera
1778 632 1849 686 sit
1889 630 2095 698 factus,

508 722 702 762 somno
760 721 982 781 propter
1044 730 1250 785 corpus
1315 718 1645 791 indigentem
1708 722 2094 781 obdormiisse.

506 794 640 851 Nam
666 801 757 867 qui
789 802 939 879 illum
971 806 1322 873 excitarunt;
1337 825 1445 865 non
1481 813 1683 866 larvam
1708 815 1968 884 aliquam,
1998 817 2094 871 sed

506 902 690 942 veram
730 891 967 949 hominis
1003 906 1257 953 naturam
1292 906 1717 961 contuebantur.
1743 906 1906 977 327
1944 907 2098 963 Unde

506 984 560 1030 ct
615 983 870 1038 manibus
934 990 1348 1056 concutientes,
1410 998 1930 1067 compeliantesque,
1975 1015 2100 1054 sese

507 1069 659 1125 illum
711 1078 1142 1146 cxpergefecisse
1194 1091 1487 1141 testantur.
1538 1087 1771 1160 Surgens
1811 1091 1970 1154 enim,
2016 1090 2100 1145 in—

505 1164 645 1230 quit,
683 1164 773 1219 ille
808 1167 918 1235 ipse
947 1172 1036 1239 qui
1082 1178 1395 1239 dormierat,
1438 1193 1605 1236 carne
1640 1182 1899 1251 praeditus
1931 1182 2094 1248 Deus,

507 1271 538 1308 e
581 1260 721 1313 cwlo
763 1262 1036 1333 delapsus,
1083 1278 1305 1338 propter
1348 1287 1448 1327 nos
1478 1288 1642 1329 carne
1685 1276 1934 1341 vestitus,
1976 1283 2097 1329 tan-

2203 638 2376 694 ὕπνου
2408 640 2647 711 χρῄζων,
2691 640 2780 694 διά
2824 641 2887 695 τὸ
2916 641 3231 713 σωματικὸν
3258 641 3534 697 ὕπνωσεν.
3571 642 3639 694 Οἱ
3688 642 3803 711 γὰρ

2202 732 2367 787 αὐτὸν
2393 732 2767 796 διυπνίσαντες
2803 734 2865 787 οὐ
2895 733 3116 805 δόκησιν
3147 729 3311 797 εἶδον,
3352 732 3494 787 ἀλλά
3526 733 3801 805 ὲνανθρὼ-

2203 841 2370 896 πησιν
2398 824 2941 896 ἀληθινήνηἋμὲλει
2987 827 3149 897 χερσὶ⁸
3182 825 3484 891 κινοῦντες,
3537 826 3638 879 καὶ
3684 844 3799 895 φωρ

2202 917 2467 986 νήσαντες
2498 915 2891 986 μαρτυροῦσιν,
2926 916 3010 969 ὃτι
3038 916 3290 988 ἡγειραν.
3335 915 3637 981 Ἀναστὰς
3663 915 3795 985 map,

2201 1005 2390 1075 φησὶν,
2429 1009 2464 1059 d
2486 1005 2791 1074 κοιμηθεὶς
2817 1005 2950 1069 Θεὸς
2981 1007 3340 1078 σαρκοφὸρος,
3372 1008 3403 1060 ὁ
3435 1006 3532 1061 ἀπ’
3558 1008 3795 1078 οὐρανοῦ

2202 1094 2496 1160 κατελθὼν,
2526 1097 2620 1150 καὶ
2647 1097 2827 1168 σάρκα
2856 1097 2923 1150 δι’
2946 1098 3093 1168 ἡμᾶς
3116 1098 3551 1170 ἀμφωσάμενος,
3581 1099 3793 1171 ἠγέρθη

2205 1188 2304 1260 μὲν
2346 1188 2423 1251 ὡς
2471 1188 2778 1258 ἄνθρωπος,
2813 1189 3141 1260 ἐπετίμησε
3163 1190 3222 1245 δὲ
3266 1190 3344 1254 ὼς
3391 1190 3528 1255 Θεὸς
3573 1190 3651 1260 τῇ
3691 1196 3798 1247 θα-

2199 1274 2433 1344 λάσση,
2466 1278 2559 1331 καὶ
2585 1273 2813 1349 ἐποίησε
2843 1279 2887 1333 ⁷.

508 1367 671 1419 quam
712 1354 875 1411 homo
942 1362 1241 1419 suscitatus
1282 1372 1388 1429 est,
1458 1368 1552 1422 sed
1595 1375 1792 1439 utpote’
1827 1369 1971 1425 Deus
2040 1370 2328 1440 increpavit
2399 1388 2592 1437 mare,
2651 1378 2938 1443 totumque
3008 1374 3142 1428 illud
3208 1375 3594 1432 admirandum
3656 1391 3796 1446 Opus

508 1447 781 1516 praestitit.

581 1539 764 1597 Schol.
802 1544 885 1599 Η.
922 1546 988 1601 Et
1022 1552 1242 1620 contigit
1277 1559 1396 1606 cum
1431 1556 1552 1617 iret,
1584 1565 1641 1608 ut
1674 1574 1707 1610 a
1738 1556 1905 1611 :urbis
1948 1574 2095 1611 com-

506 1634 841 1701 primeretur.
887 1636 955 1690 Et
1006 1643 1199 1695 mulier
1237 1659 1356 1696 cum
1401 1647 1654 1715 tetigisset
1696 1648 1869 1709 ipsum
1906 1658 2097 1702 sanata

2212 1580 2217 1585 ο
2278 1553 2435 1624 Σχὸλ.
2466 1552 2549 1611 ιδ’.
2583 1554 2855 1622 Ἐγένετο
2892 1554 2963 1608 ἐν
2992 1554 3074 1620 τῷ
3120 1556 3377 1627 ὑπάγειν
3406 1560 3619 1623 αὐτὸν.
3648 1578 3799 1618 συν-

2204 1640 2454 1715 έπνιγον
2485 1644 2674 1700 αὑτὸν
2693 1648 2748 1707 οἱ
2778 1646 2969 1716 ὄχλοι.
3004 1647 3115 1702 Καὶ
3159 1649 3316 1718 γυνὴ
3363 1652 3649 1722 ἁψαμένη
3687 1659 3795 1710 αὖ-

505 1735 584 1777 est
618 1742 649 1778 a
685 1727 835 1795 ﬂuxu
874 1733 1173 1799 sanguinis.
1205 1732 1272 1785 Et
1310 1735 1386 1787 ait
1425 1736 1721 1791 Dominus:
1754 1739 1886 1804 Quis
1914 1755 1994 1794 me
2028 1748 2100 1792 te‘

2217 1737 2309 1791 τοῦ
2342 1736 2479 1803 ἰάθη
2517 1736 2626 1791 τοῦ
2662 1738 2930 1807 αἵματος.
2985 1738 3094 1792 Καὶ
3135 1736 3305 1794 εἴπεν
3335 1744 3369 1795 ὀ
3411 1745 3663 1812 Κύριος*
3705 1748 3795 1813 Τίς

510 1818 662 1885 tigit?
682 1819 759 1872 Ac
790 1835 1010 1875 rursum
1042 1842 1056 1876 :
1096 1824 1286 1895 Tetigit
1321 1844 1398 1881 me
1435 1818 1650 1899 aliqiiis.
1685 1829 1831 1884 Nam
1858 1848 1951 1900 ego
1981 1831 2100 1886 novi

2217 1844 2319 1881 uov
2351 1827 2582 1895 fni-aro;
2612 1828 2707 1880 καὶ
2734 1828 2922 1882 πάλιψ
2969 1831 3207 1898 ’Ἥψατό
3238 1833 3357 1901 μού
3392 1851 3507 1900 τις.
3550 1837 3663 1890 Καὶ
3688 1838 3794 1909 γὰρ

507 1907 751 1960 virtutem
774 1908 838 1963 de
860 1927 939 1963 me
963 1913 1135 1966 exisse
1166 1916 1206 1966 ¹.

581 1996 765 2052 Ιὶοΐιιιε
807 2000 891 2054 Η.
927 2001 1059 2056 Cum
1109 2006 1224 2060 iret.
1267 2005 1384 2061 Non
1432 2008 1592 2072 dixit,
1659 2029 1778 2065 cum
1830 2012 1987 2078 irent,
2034 2029 2103 2070 ne

508 2088 665 2143 aliter
693 2090 867 2156 illum,
898 2109 1060 2163 quam
1095 2098 1276 2152 centeri
1316 2100 1418 2154 iter
1459 2100 1720 2158 facientes
1755 2105 1954 2169 solent,
2000 2106 2100 2158 ba-

508 2180 694 2235 buisse
720 2183 995 2241 crederes.
1029 2187 1186 2253 Quod
1216 2205 1348 2245 vero
1374 2194 1638 2264 scriptum
1665 2203 1770 2258 est,
1794 2197 2102 2265 comprime-

508 2269 663 2324 batnr
697 2290 730 2325 a
771 2274 960 2339 turbis,
1005 2280 1193 2349 utique
1233 2282 1485 2352 spiritum
1526 2285 1889 2355 comprimere
1929 2286 2103 2341 turba:

507 2378 616 2417 non
643 2374 912 2433 poterant.
956 2366 1063 2423 Sed
1107 2379 1161 2423 et
1201 2373 1420 2436 mulier,
1454 2388 1575 2444 quae
1605 2374 1780 2444 tetigit
1810 2390 1874 2429 ac
1910 2382 2100 2429 sanata

505 2462 612 2515 cst,
644 2470 752 2509 non
787 2473 992 2522 aerem,
1028 2460 1125 2515 sed
1157 2462 1455 2519 humanum
1500 2465 1762 2535 quiddam
1795 2467 1939 2537 quod
1970 2483 2103 2522 con-

506 2544 727 2598 treetari
763 2558 947 2614 posset
970 2551 1171 2622 attigit.
1198 2552 1267 2607 Ut
1290 2555 1436 2610 enim
1468 2557 1786 2613 ostenderet
1815 2559 2100 2612 mulierem

506 2647 707 2705 corpus
739 2637 887 2694 illius
922 2655 1029 2694 non
1061 2644 1244 2712 specie
1271 2645 1387 2699 sola
1427 2647 1708 2718 tetigisse,
1737 2648 1882 2703 istud
1913 2649 2101 2717 ipsum

506 2729 870 2797 responsione
898 2722 996 2787 sua
1028 2733 1273 2789 declarat
1305 2756 1320 2792 :
1359 2738 1491 2804 Quis
1527 2755 1606 2793 me
1638 2739 1850 2809 tetigit?
1882 2738 2028 2793 Nam
2052 2750 2102 2794 et

507 2822 626 2872 novi
651 2820 889 2874 virtutem
917 2839 952 2874 ιι
980 2838 1062 2876 me
1090 2825 1284 2880 exisse.

580 2910 768 2963 Schol.
843 2912 932 2968 15.
1016 2912 1321 2983 Suspiciens
1391 2920 1446 2972 in
1512 2920 1701 2974 cwlum
1771 2921 2104 2978 benedicebat

506 2999 636 3067 ipsis
668 3002 710 3055 ³.

580 3089 762 3147 Refut.
811 3094 896 3150 is.
944 3096 1002 3151 Si
1049 3096 1103 3153 in
1151 3101 1351 3155 cmlum
1403 3105 1672 3174 suspexit,
1717 3120 1782 3160 ac
1823 3107 2100 3165 benedixit
2128 3074 2173 3131 C

507 3180 637 3245 illis,
671 3185 958 3241 oculorum
994 3192 1476 3266 membrorumque
1516 3197 1852 3267 reliquorum
1897 3200 2103 3259 formas

506 3286 617 3327 non
643 3275 827 3344 specie
854 3284 1016 3333 tenus
1047 3282 1392 3351 praeferebat.

579 3362 763 3421 Schol.
795 3367 881 3423 16.
909 3369 1099 3426 Dicens
1132 3391 1145 3427 :
1184 3366 1399 3441 Oportet
1431 3378 1636 3434 Filium
1671 3384 1898 3439 hominis
1935 3385 2102 3441 multa

506 3455 644 3525 pati,
679 3466 728 3511 et
756 3459 948 3523 occidi,
976 3471 1027 3515 et
1056 3472 1175 3531 post
1207 3474 1310 3518 tres
1340 3466 1452 3522 dies
1482 3486 1751 3543 resurgere
1773 3474 1814 3528 ³.
1921 3487 1929 3495 ’

576 3628 761 3685 Refut.
796 3632 880 3687 ιϐ.
906 3634 1042 3688 Cum
1077 3639 1313 3696 hominis
1346 3643 1563 3711 Filium,
1595 3649 1698 3705 hoc
1728 3659 1811 3707 est
1837 3653 2099 3723 seipsum,

507 3732 560 3777 et
575 3724 684 3793 pati
704 3725 1005 3781 etinterfici
1038 3727 1362 3802 Unigenitus
1401 3736 1491 3793 Dei
1512 3738 1683 3798 Filius
1705 3743 1954 3809 afﬁrmet,
1990 3747 2104 3802 haec

508 3815 769 3871 nimirum
801 3818 891 3871 iila
920 3832 1111 3875 contra
1143 3835 1195 3879 te
1221 3832 1432 3883 securis
1455 3839 1558 3896 est,
1589 3850 1710 3903 qua:
1742 3837 1957 3894 radices
1980 3846 2103 3893 tuas

507 3922 697 3962 omnes
736 3918 1015 3979 amputat,
1065 3928 1099 3967 ο
1149 3913 1353 3971 Marcio
1387 3920 1455 3975 de
1493 3923 1668 3992 spinis
1699 3934 1906 3991 exorte,
1941 3928 2102 3984 nubes

506 3998 619 4052 sine
657 4016 818 4070 aqua,
861 4001 1022 4057 arbor
1060 4004 1417 4075 infructuosa,
1454 4022 1503 4064 et
1536 4017 1865 4071 autumnalis
1895 4020 1935 4071 ‘.
1966 4019 2100 4073 Nam

506 4098 561 4146 ct
590 4093 774 4148 statim
807 4094 1030 4163 subjicit
1066 4112 1080 4150 :
1114 4095 1181 4148 Et
1216 4109 1333 4166 post
1366 4112 1470 4156 tres
1500 4103 1610 4160 dies
1640 4123 1926 4178 resurgere.
1960 4110 2100 4176 Quid

506 4193 593 4241 est
624 4194 807 4241 autem
835 4188 982 4259 quod
1016 4206 1306 4262 resurgere
1343 4194 1569 4258 dicitur.
1600 4200 1707 4256 nisi
1738 4216 1942 4271 corpus
1967 4204 2100 4260 illud

507 4276 655 4345 quod
706 4292 931 4346 passum
985 4290 1091 4347 est,
1145 4285 1296 4355 atqui
1336 4285 1388 4339 in
1424 4288 1757 4345 monimento
1790 4294 2102 4363 sepultum?

513 4364 713 4422 Umbra
733 4371 901 4434 enim,
930 4382 1025 4428 aut
1055 4385 1271 4444 ventus,
1308 4390 1403 4434 aut
1433 4383 1682 4452 spiritus,
1709 4394 1805 4441 aut
1831 4387 1980 4443 larva
2003 4406 2098 4446 ne-

2202 1917 2397 1987 érrwr
2422 1915 2683 1987 δύναμιν
2726 1918 3105 1983 ἐξελθοῦσαν
3133 1921 3235 1974 ἀπ’
3268 1922 3441 1991 ἐμοῦ.

2278 2010 2497 2081 Ἐλεγχ.
2529 2009 2609 2065 ιδ.
2628 2011 2732 2065 Ἔν
2755 2011 2836 2076 τῷ
2856 2010 3111 2083 ὑπάγειν
3137 2017 3345 2069 αὐτόν’
3381 2019 3478 2071 καὶ
3490 2019 3595 2072 οὐκ
3620 2014 3793 2083 εἶπεν,

2202 2100 2274 2153 ἐν
2312 2097 2394 2164 τῷ
2418 2097 2675 2169 ὑπάγειν
2705 2100 2928 2167 αὐτοὺς
2951 2142 2966 2166 ,
3008 2102 3097 2156 ἵνα
3145 2105 3218 2175 μὴ
3248 2105 3454 2177 ἑτέρως
3480 2108 3647 2162 αὐτὸν
3671 2126 3798 2180 σχη-

2207 2190 2425 2261 ματίσει
2475 2190 2629 2263 παρὰ
2665 2192 2767 2264 τὴν
2817 2192 2926 2246 τῶν
2978 2194 3403 2267 ὁδοιπορούντων
3453 2201 3796 2256 ἀκολουθίαν.

2205 2281 2281 2335 Τὸ
2327 2282 2405 2347 δὲ,
2455 2282 2830 2353 συνέπνιγον
2874 2284 3063 2339 αὑτὸν
3106 2288 3161 2339 οἱ
3199 2287 3392 2356 ὄχλοι,
3435 2291 3656 2363 πνεῦμα
3702 2294 3799 2347 οὐκ

2204 2374 2465 2444 ἠδύναντο
2510 2374 2837 2446 συμπνίγειν
2868 2378 2916 2430 οξ
2948 2376 3116 2447 ὄχλοι.
3144 2378 3288 2451 Γυνὴ
3319 2380 3377 2434 δὲ
3410 2383 3668 2457 ἁψαμένη
3707 2386 3799 2440 καὶ

2207 2462 2441 2527 ίαθεῖσα,
2495 2464 2597 2517 οὐκ
2627 2464 2791 2535 ἀέρος
2817 2465 3015 2536 ἥψατο,
3053 2467 3191 2521 ἀλλά
3235 2470 3381 2539 ἁφῆς
3427 2473 3794 2544 ἀνθρωπείας.

2207 2552 2324 2606 Ἵνα
2352 2552 2463 2625 γὰρ
2506 2552 2676 2625 δείξῃ,
2712 2554 2795 2607 ὅτι
2846 2556 2967 2627 οὐχὶ
2995 2556 3215 2629 δοκήσει
3268 2560 3432 2630 μόνον
3474 2565 3508 2634 ή
3561 2565 3673 2635 ἁφὴ
3705 2567 3797 2619 τοῦ

2207 2641 2459 2714 σώματος
2504 2643 2668 2697 αὐτοῦ
2708 2645 2813 2698 ὑπὸ
2846 2646 2946 2717 τῆς
2988 2650 3249 2716 γυναικὸς
3293 2652 3615 2723 γεγένηται,
3660 2656 3797 2711 διδά-

2206 2748 2324 2785 σκει
2354 2731 2528 2800 λέγων
2550 2749 2565 2764 ·
2610 2733 2706 2799 Τίς
2731 2750 2852 2802 μου
2882 2734 3122 2803 ﬁgi-ato;
3168 2739 3277 2792 Kal
3311 2741 3426 2808 γὰρ
3463 2740 3664 2812 ἔγνων
3693 2742 3797 2798 δύ-

2200 2836 2385 2891 ναμιν
2410 2822 2790 2887 ἐξελθοῦσαν
2817 2825 2930 2905 ἀπ’,
2962 2828 3133 2897 ἐμοῦ.

2276 2913 2431 2984 Σχόλ.
2477 2914 2560 2968 ιε’.
2614 2916 2982 2988 Ἀναϐλέψας
3020 2921 3105 2987 είς
3163 2921 3304 2988 τοὺς
3339 2923 3668 2992 οὐρανοὺς,
3694 2928 3797 2993 ηὐ-

2202 3008 2475 3078 λόγησεν
2515 3010 2759 3077 αὐτούς.

2275 3098 2496 3170 Ἕλεγχ.
2537 3107 2615 3153 ιε’.
2656 3101 2719 3154 Εἰ
2761 3101 3056 3172 ἀνέϐλεψεν
3106 3104 3187 3167 είς
3244 3105 3536 3177 οὐρανοὺς,
3583 3108 3678 3162 καὶ
3705 3111 3794 3180 ηὐ-

2210 3191 2440 3264 λόγησεν
2473 3193 2560 3246 ἐπ’
2586 3194 2805 3259 αὐτοὺς,
2839 3196 2901 3249 οὐ
2930 3195 3151 3266 δοκήσει
3199 3193 3312 3268 εἶχε
3342 3198 3454 3252 τῶν
3496 3218 3559 3254 τε
3599 3202 3796 3271 ὀφθαλ-

2213 3284 2330 3355 μῶν
2358 3284 2452 3338 καὶ
2478 3282 2586 3338 τῶν
2614 3284 2790 3342 ἄλλων
2839 3286 3017 3358 μελῶν
3051 3289 3119 3343 τά
3150 3290 3425 3361 σχήματα.

2280 3378 2438 3450 Σχόλ.
2476 3385 2573 3444 ις’.
2612 3379 2844 3450 Λέγων’
2878 3381 2980 3434 Δεῖ
3010 3381 3118 3436 τὸν
3164 3383 3303 3436 Υίόν
3327 3384 3438 3439 τοῦ
3482 3385 3796 3455 ἀνθρώπου

2190 3471 2412 3557 ⁸πολλὰ
2434 3471 2665 3537 παθεῖν,
2697 3472 2797 3529 καὶ
2824 3472 3295 3544 ἀποκτανθῆναι,
3334 3478 3434 3532 καὶ
3464 3480 3617 3545 μετὰ
3643 3479 3794 3548 τρεῖς

2209 3561 2436 3631 ἡμέρας
2461 3562 2794 3633 ἐγερθῆναιο
3724 3598 3727 3599 ν

2286 3652 2505 3724 Ἔλεγχ.
2538 3652 2634 3720 ις’.
2660 3656 2723 3709 Εἰ
2748 3656 2876 3709 Υίὸν
2899 3655 3185 3729 ἀνθρώπου
3210 3660 3303 3712 καὶ
3328 3659 3521 3714 παθεῖν
3545 3662 3641 3715 καὶ
3666 3661 3792 3714 ἀπο·

2210 3744 2509 3815 κτανθῆναι
2553 3745 2746 3799 ἑαυτὸν
2797 3747 3053 3818 ὁμολογεῖ
3097 3751 3127 3803 ὁ
3179 3750 3476 3822 μονογενὴς
3524 3751 3657 3816 Υἱὸς
3704 3753 3795 3807 τοῦ

2209 3834 2367 3899 Θεοῦ,
2412 3836 2553 3889 κατὰ
2599 3836 2695 3890 σοῦ
2727 3838 2884 3909 ἀξίνη
2928 3841 3078 3894 ἐστὶν
3129 3841 3268 3913 αὕτη
3313 3843 3662 3914 ὲκτέμνουσά
3702 3861 3792 3899 σου

2211 3931 2393 3983 πᾶσαν
2420 3930 2519 4000 τὴν
2552 3929 2729 4001 ῥίζαν,
2762 3925 2808 3985 ὦ
2840 3932 2902 3996 ἐξ
2938 3933 3191 3988 ἀκανθῶν
3236 3938 3608 4007 γεγεννημένε
3643 3939 3794 4009 Μαρ-

2210 4024 2364 4091 κίων,
2396 4026 2490 4079 καὶ
2537 4028 2762 4096 νεφέλη
2814 4027 3055 4099 ἅνυδρε,
3103 4029 3359 4100 δένδρον
3407 4049 3472 4086 τε
3523 4032 3794 4102 ἄκαρπον

2209 4117 2307 4171 καὶ
2338 4121 2796 4188 φθινοπωρινόν.
2832 4119 2938 4175 Καὶ
2966 4122 3076 4195 γάρ
3107 4140 3242 4194 φησι
3276 4124 3472 4179 πάλιν
3517 4127 3629 4182 Καὶ
3649 4128 3795 4197 μετὰ

2207 4207 2365 4276 τρεῖς
2427 4210 2651 4278 ἡμέρας
2683 4210 3019 4280 ἐγερθῆναι.
3055 4214 3121 4267 Τί
3149 4214 3205 4268 δὲ
3236 4216 3297 4268 τὸ
3329 4216 3630 4288 ἐγερθῆναι
3657 4219 3788 4290 (71),

2208 4298 2393 4370 ἀλλ’ἢ
2438 4300 2572 4352 αὐτὸ
2593 4300 2654 4353 τὸ
2681 4300 2948 4366 πεπονθὸς
2979 4304 3074 4357 καὶ
3095 4305 3263 4375 ταφὲν
3301 4306 3359 4359 ἐν
3392 4307 3472 4378 τῷ
3505 4309 3791 4380 μνημείῳς

2209 4390 2442 4462 Δόκησις
2473 4391 2601 4463 δὲ,ἢ
2628 4391 2849 4464 ἄνεμος,
2881 4394 2914 4465 ἢ
2950 4395 3189 4466 πνεῦμα,
3217 4396 3566 4467 ἦφαντασία,
3579 4400 3792 4471 κηδείαν

508 4475 616 4531 que
638 4461 661 4515 f
661 4478 801 4518 unus
819 4478 882 4519 ac
906 4468 1271 4537 sepulturam,
1299 4488 1403 4529 nec
1425 4478 1882 4534 resurrectionem
1905 4464 2100 4551 capere

2217 4481 2303 4535 καὶ
2341 4481 2518 4554 ταφὴν
2552 4485 2654 4538 οὐκ
2693 4484 2985 4558 ἐνεδέχετο,
3017 4489 3112 4542 καὶ
3146 4489 3463 4545 ἀνάστασιν.

510 4553 799 4622 potuisset.

578 4644 763 4733 Schol.
800 4647 887 4704 17.
915 4649 983 4704 Et
1014 4668 1131 4707 ecce
1160 4654 1259 4708 viri
1283 4672 1401 4712 cum
1425 4658 1521 4714 illo
1551 4660 1921 4733 loquebantur,
1946 4664 2100 4721 Elius

508 4740 557 4786 et
586 4731 796 4805 Moyses
818 4738 873 4790 in
902 4739 1074 4808 gloria
1102 4740 1142 4794 ⁵.

560 4820 762 4882 Ἰὶοιυι.
787 4829 869 4883 t't.
913 4830 1188 4898 Quantum
1218 4839 1471 4910 equidem
1506 4842 1704 4913 opinor
1732 4844 1883 4900 hisce
1915 4847 2099 4904 verbis

508 4916 616 4973 falx
640 4920 751 4986 illa,
780 4939 945 4994 quam
974 4924 1273 4986 Zacharias
1298 4943 1695 4989 commemorat
1722 4936 1765 5000 ⁸,
1801 4937 2093 4995 adversum

506 5015 560 5066 te
582 5012 952 5083 significatur;
978 5018 1145 5090 328
1189 5038 1314 5093 qua:
1354 5032 1445 5077 tua
1485 5027 1666 5080 omnia
1699 5039 1890 5083 contra
1923 5031 2091 5100 legem

506 5115 571 5157 ac
603 5107 893 5176 prophetas
924 5112 1210 5168 mendacia
1262 5101 1536 5173 succidat:
1573 5119 1785 5174 Etenim
1836 5122 2094 5192 quoniam

508 5208 818 5254 emcrsurus
858 5215 981 5257 eras
1034 5203 1352 5284 aliquando,
1402 5209 1496 5280 qui
1548 5210 1665 5281 lcgc
1709 5200 2096 5284 prophetisquc

509 5287 826 5357 repudiatis,
870 5306 899 5345 a
933 5292 1218 5363 Salvatorc
1261 5282 1492 5372 ejusque
1525 5282 1721 5373 gloria,
1772 5282 1836 5359 ac
1882 5282 2096 5361 cmlesti

616 5447 630 5476 ¹
663 5444 795 5502 Luc.
821 5466 937 5514 vm,
961 5452 1030 5507 42
1057 5469 1178 5525 sqq.

1274 5457 1452 5517 ‘Luc.
1506 5477 1581 5526 Ix,
1623 5463 1708 5517 16.

507 5514 727 5571 ἔπαυσε.
840 5566 844 5570 .

1805 5466 1825 5495 ‘
1852 5464 1978 5520 ibid.
2014 5465 2105 5520 9.2.

600 5632 690 5701 7i)
726 5632 786 5689 Τι’
814 5632 881 5687 δὲ
903 5635 967 5688 τὸ
1001 5634 1333 5705 ἐγερθῆναι.
1362 5639 1521 5696 Corr.
1552 5642 1791 5709 ἐγεροὲν.

2275 4662 2433 4733 Σχὸλ.
2475 4662 2561 4728 ιζ’.
2614 4663 2724 4718 Καὶ
2768 4663 2898 4719 ιδοὺ
2939 4665 3157 4735 ἄνδρες
3186 4666 3788 4735 συνελάλουνμὺτῷ,

2217 4755 2416 4822 Ἠλίας
2460 4756 2559 4810 καὶ
2592 4756 2856 4827 Μωυσῆς
2886 4758 2958 4811 ἐν
2982 4759 3154 4829 δόξῃ.

2281 4848 2499 4919 Ἔλεγχ.
2544 4849 2630 4913 ιζ’.
2670 4849 2847 4921 Τάχα,
2895 4846 3072 4922 οἶμαι,
3100 4851 3190 4906 διὰ
3220 4852 3328 4906 τῶν
3366 4852 3544 4923 λόγων
3588 4852 3789 4907 τούτων

2202 4936 2264 4990 τὸ
2303 4937 2458 5008 παρά
2502 4937 2583 5008 τῷ
2613 4938 2753 5009 ἁγίῳ
2796 4940 3040 5012 Ζαχαρία
3086 4940 3356 5012 δρέπανον
3400 4943 3543 4997 κατά
3577 4942 3694 5005 σοῦ.
3746 4938 3790 4996 ὦ

2202 5026 2489 5097 Μαρκίων,
2539 5027 2977 5095 ἅνατετύπωται,
3029 5030 3294 5101 ἐκτέμνον
3340 5049 3436 5086 σου
3471 5035 3653 5087 πᾶσαν
3686 5033 3789 5105 ,τὴν

2202 5121 2342 5175 κατὰ
2355 5120 2519 5192 νόμου
2536 5122 2629 5175 καὶ
2643 5124 2937 5194 προφητῶν
2954 5125 3204 5200 επινενοη
3212 5125 3382 5200 μένην
3405 5126 3788 5200 ψευδηγορεαν.

2215 5214 2435 5285 Ἐπειδὴ
2464 5213 2573 5286 γὰρ
2619 5212 2842 5285 ἔμελλες
2874 5215 3091 5270 ἀθετεῖν
3131 5219 3296 5289 νόμον
3343 5219 3439 5274 καὶ
3482 5221 3787 5292 προφήτας,

2203 5303 2520 5377 ἀλλοτρίους
2545 5304 2742 5370 αὐτοὺς
2773 5306 2998 5375 φάσκων
3027 5306 3124 5362 τοῦ
3154 5309 3411 5382 Σωτῆρος
3434 5315 3532 5364 καὶ
3575 5313 3676 5380 τῆς
3702 5312 3791 5362 αὑ-

2211 5468 2231 5498 δ
2262 5463 2387 5521 Jud.
2421 5465 2475 5520 9..
2575 5468 2595 5497 ⁸
2625 5466 2757 5522 Luc.
2798 5482 2874 5523 is.
2899 5467 2987 5523 5|.
3099 5470 3120 5500 ⁸
3153 5468 3324 5523 Zach.
3360 5483 3412 5523 ν.
3440 5469 3500 5523 2.
3609 5466 3631 5495 ’
3658 5456 3787 5523 For.

2575 5468 2595 5497 ⁸
2625 5466 2757 5522 Luc.
2798 5482 2874 5533 is,
2899 5467 2987 5523 5|.
3099 5470 3120 5500 ⁸
3153 5468 3324 5523 Zach.
3360 5483 3412 5533 ν,
3440 5469 3500 5524 2.
