4078 6074
114 99 223 154 737

793 94 1163 156 ADVERSUS
1197 94 1540 154 HERESES
1577 92 1704 151 LIB.

1807 92 1972 150 TOM.
2017 92 2106 148 111.
2140 124 2209 134 -
2252 92 2525 149 HIERES.
2565 93 2724 151 XLII.

3300 96 3403 154 τες

113 215 209 269 τοῦ
240 214 422 286 δόξης,
453 213 551 268 καὶ
591 216 692 287 τῆς
742 215 907 271 αὑτοῦ
950 216 1139 272 ἐνθέου
1184 216 1554 279 διδασκαλίας,
1606 216 1704 285 ἀμ-

1815 212 2068 267 doetrina
2117 211 2327 266 alienos
2369 225 2466 265 eos
2511 226 2635 267 esse
2677 211 3062 278 contenderes,
3109 221 3406 287 utrumque

112 308 380 380 φοτέρους
412 309 590 380 ἧγαγε
628 306 745 380 μεθ’
783 309 978 363 ἑαυτοῦ
1011 311 1069 363 ἐν
1111 313 1177 382 τῇ
1215 309 1323 381 ἰδίᾳ
1349 307 1516 362 αὑτοῦ
1553 307 1706 377 δόξῃ,

116 401 210 453 καὶ
246 399 417 465 ἔδειξε
467 403 582 464 τοῖς
631 400 799 455 αὑτοῦ
856 400 1149 472 μαθηταῖς,
1204 401 1300 454 καὶ
1356 402 1406 453 oi
1464 399 1706 471 μαθηταὶ

116 492 248 562 ἡμῖν
289 491 493 563 καὶτῷ
543 492 757 565 κόσμῳ,
804 493 1049 546 τουτέστι
1086 492 1248 546 παντὶ
1275 490 1548 563 ἀνθρώπῳ
1582 488 1706 559 βου-

115 583 327 655 λομένῳ
354 583 488 654 ζῇν
524 585 612 638 ἵνα
642 585 731 639 διὰ
774 585 873 656 μὲν
902 583 999 638 τοῦ
1029 583 1270 656 πρώτου,
1297 583 1374 647 ὡς
1423 586 1480 637 ὲν
1522 581 1702 654 ἀξίνῃ,

114 677 210 728 σοῦ
256 676 400 748 τέμῃ
448 674 549 740 τὰς
583 677 760 749 ῥίζας,
799 676 889 731 διὰ
935 677 992 730 δὲ
1036 675 1132 731 τοῦ
1182 676 1459 748 δευτέρου,
1506 674 1583 739 ὠς
1613 673 1706 727 διὰ

109 769 383 839 δρεπάνου
427 768 521 823 τοῦ
569 769 730 840 λόγου
759 770 861 841 τῆς
894 769 1174 840 ἀληθείας,
1205 769 1418 842 ἐκτέμῃ
1452 785 1546 821 σου
1575 767 1704 830 τοὺς

108 860 366 925 κλάδους,
416 861 546 924 τοὺς
583 860 647 914 τὸ
703 859 926 915 κώνειον
964 860 1062 914 καὶ
1100 859 1399 930 θανάσιμον
1449 859 1560 920 τοῖς
1610 858 1704 910 ἀν-

109 950 354 1021 θρώποις
383 951 746 1015 ὲκποιοῦντας
780 949 1013 1024 γλοιώδη
1042 951 1175 1004 ὀπὸν
1219 949 1589 1021 βλασφημίας.
1640 948 1703 1000 Ei

108 1042 223 1113 γὰρ
255 1041 538 1114 ἀλλότριος
567 1038 636 1114 ἦν
668 1042 910 1112 Μωῦσῆς
939 1044 968 1095 ὁ
1000 1041 1107 1096 ὑπὸ
1130 1040 1226 1095 τοῦ
1259 1039 1496 1113 Χριστοῦ
1534 1036 1703 1090 πάλαι

109 1134 427 1200 πιστευθεὶς
462 1133 556 1188 τὸν
588 1135 775 1207 νόμον,
808 1135 905 1188 καὶ
948 1136 998 1188 οί
1046 1133 1325 1206 προφῆται
1372 1127 1514 1204 ἦσαν
1546 1128 1704 1184 ἀλλό-

108 1244 275 1298 τριοι,
319 1227 420 1281 οὑκ
463 1227 532 1281 ἂν
583 1228 769 1291 αὑτοῖς
823 1228 920 1281 σὺν
962 1226 1112 1297 αὑτῷ
1148 1229 1208 1280 ὲν
1255 1228 1322 1297 τῇ
1380 1226 1485 1297 ἰδίᾳ
1532 1222 1702 1278 αὑτοῦ

106 1319 241 1393 δόξῃ
270 1319 648 1373 ἀπεκάλυπτε.
694 1320 870 1373 Βλέπε
902 1318 1012 1392 γὰρ
1044 1317 1104 1372 τὸ
1143 1317 1349 1389 θαῦμα,
1384 1319 1466 1372 ὃτι
1491 1318 1613 1372 οὑδὲ
1643 1320 1702 1371 ὲν

107 1413 191 1484 τῷ
234 1412 477 1483 μνήματι
525 1410 749 1471 τούτους
788 1411 1012 1480 ἔδειξεν,
1046 1411 1168 1464 οὐδὲ
1216 1409 1366 1481 παρὰ
1409 1410 1500 1464 τὸν
1540 1427 1704 1463 σταυ-

112 1505 246 1577 ρόνο
273 1503 389 1558 ἀλλ’
424 1505 513 1558 ὅτε
557 1503 618 1557 τὸ
655 1504 822 1574 μέρος
849 1504 950 1575 τῆς
978 1501 1144 1556 αὑτοῦ
1183 1501 1342 1571 δόξης
1384 1501 1460 1565 ὼς
1487 1502 1567 1565 εἰς
1598 1502 1721 1573 ἀῤ·’

1808 303 1876 357 ad
1905 302 2037 357 illud
2073 302 2262 373 glorim
2289 317 2403 356 suae
2432 317 2496 356 ac
2526 303 2831 370 majestatis
2860 305 3098 375 speciem
3129 306 3404 373 adhibuit,

1806 409 1872 450 ac
1904 394 2196 463 discipulis
2231 393 2349 448 suis
2392 394 2675 460 ostendit;
2711 394 2968 465 discipuli
3009 410 3175 466 porro
3219 397 3403 463 nobis,

1805 499 1871 539 ac
1905 486 2004 539 toti
2047 483 2182 539 adeo
2215 483 2422 538 mundo
2453 483 2855 553 significarunt,
2904 486 3007 540 hoc
3046 494 3131 542 est
3175 488 3404 542 cuilibet

1804 574 2039 640 homini,
2070 576 2164 646 qui
2200 576 2325 629 vita:
2362 590 2427 629 ac
2469 576 2663 631 salutis
2706 576 2982 632 desiderio
3010 589 3281 634 teneatur.
3313 578 3406 632 Ni-

1805 667 2008 722 mirum
2037 668 2215 737 utqui
2258 667 2433 736 primo
2472 667 2593 722 loco
2628 678 2964 725 memoratus
3002 678 3109 732 est.
3140 672 3305 726 ascia:
3333 672 3406 728 sit

1807 758 2021 825 instar,
2089 774 2212 828 qua:
2278 759 2493 814 radices
2560 770 2683 815 tuas
2769 760 3036 821 excidat;
3103 762 3243 817 alter
3318 764 3400 819 sic

1806 859 2067 921 tanquam
2092 850 2345 906 veritatis
2372 850 2482 904 falx
2516 865 2699 906 ramos
2732 859 2859 905 tuos
2885 860 3151 922 amputet,
3179 869 3245 908 ex
3275 854 3404 924 qui-

1805 941 1911 996 bus
1942 942 2134 997 cicuta!
2176 941 2373 998 similis
2424 957 2487 997 ac
2529 942 2747 997 letltifer
2780 944 2871 998 ille
2903 960 3124 1010 succus,
3157 947 3405 1016 visciquo

1804 1046 1959 1086 more
2008 1031 2440 1101 sequacissimus
2489 1032 2834 1101 exprimitur.
2895 1030 3034 1084 Nam
3066 1032 3134 1087 ‘si
3191 1033 3403 1087 alienus

1804 1131 1954 1179 esset
1980 1122 2196 1195 Moyses
2228 1122 2338 1187 ille,
2384 1122 2472 1177 cui
2516 1122 2652 1192 legis
2686 1130 2772 1177 est
2809 1137 2838 1176 a
2877 1122 3099 1178 Christo
3124 1123 3401 1193 quondam

1805 1213 2063 1269 mandata
2088 1213 2396 1284 provincia,
2423 1213 2467 1267 si
2494 1214 2656 1267 alicui
2682 1215 2908 1283 insuper
2934 1215 3233 1286 prophetae,
3261 1231 3398 1269 nun-

1803 1321 1970 1376 quam
2011 1321 2111 1361 eos
2147 1321 2334 1360 secum
2380 1322 2479 1360 sua
2525 1306 2615 1359 illa
2661 1305 2715 1359 in
2755 1307 2928 1376 gloria
2967 1316 3401 1376 repraesentaret.

1803 1396 1865 1453 In
1894 1413 2003 1468 quo
2029 1398 2159 1467 quid
2189 1398 2435 1452 mirabile
2458 1397 2774 1469 contigerit,
2800 1399 3195 1456 animadverte.
3214 1398 3402 1470 Neque

1805 1488 1950 1543 enim
2001 1488 2123 1542 illos
2179 1488 2235 1542 in
2279 1489 2531 1558 sepulcro
2561 1528 2575 1553 ,
2624 1499 2716 1544 aut
2770 1490 2837 1544 ad
2882 1505 3101 1545 crucem
3137 1506 3402 1561 apparere

110 1596 338 1667 ραὁῶνα
367 1597 500 1668 ἡμῖν
527 1595 905 1657 ἀπεκάλυπτε,
929 1596 1049 1648 τότε
1074 1596 1201 1659 τοὺς
1233 1595 1441 1663 ἁγίους,
1464 1594 1703 1648 Μωῡσέα

1808 1580 2013 1644 voluit;
2047 1580 2140 1636 sed
2189 1590 2318 1635 tunc
2364 1582 2568 1643 solum,
2607 1597 2732 1636 cum
2769 1582 3079 1651 splendoris
3113 1583 3197 1638 sui
3231 1583 3401 1653 parti-

106 1686 169 1740 τέ
201 1703 346 1757 φημι
376 1686 471 1739 καὶ
510 1685 718 1748 Ἠλίαν,
764 1685 881 1755 ἃμα
912 1683 1060 1756 αὑτῷ
1100 1686 1340 1757 ἢγαγεν,
1384 1686 1534 1749 ὅπως
1568 1701 1702 1753 συγ-

106 1774 487 1847 κληρονόμους
519 1775 618 1846 τῆς
650 1773 815 1828 αὑτοῦ
854 1773 1131 1845 βασιλείας
1174 1776 1371 1840 αὑτοὺς
1423 1774 1700 1849 ὑποδείξῃ.

184 2040 345 2112 Σχόλ.
389 2047 478 2112 ιη’.
533 2042 629 2096 Ἐκ
656 2039 768 2110 τῆς
793 2039 1057 2110 νεφέλης
1082 2037 1249 2109 φωνή
1271 2054 1284 2067 ο
1317 2032 1507 2104 Οὗτός
1533 2036 1705 2090 ἐστιν

109 2137 145 2187 ὁ
190 2135 329 2200 Υἱός
354 2150 475 2203 μου
516 2136 549 2188 ό
590 2133 917 2203 ἀγαπητός.

189 2227 414 2297 Ἔλεγχ.
450 2232 541 2297 ιη’.
582 2225 753 2279 Παντί
796 2241 876 2294 τῳ
905 2222 1064 2294 δῆλόν
1100 2222 1268 2287 ἐστιν,
1309 2222 1392 2275 ὅτι
1419 2224 1452 2292 ἡ
1507 2220 1703 2292 νεφέλη

111 2319 218 2374 οὑκ
264 2317 412 2371 ἐστιν
463 2315 738 2387 άνωτάτη,
792 2314 918 2369 οὔτε
967 2315 1111 2387 ὑπὲρ
1156 2313 1383 2385 οὐρανὸν
1443 2313 1701 2386 ὑπάρχει,

110 2409 253 2464 ἀλλὰ
281 2412 339 2462 ἑν
371 2410 438 2479 τῇ
470 2407 594 2461 καθ’
621 2408 772 2479 ἡμᾶς
801 2407 976 2460 κτίσει
996 2422 1011 2437 ·
1046 2406 1170 2460 ὅθεν
1199 2409 1232 2478 ἠ
1266 2405 1417 2476 φωνὴ
1450 2405 1588 2477 πρὸς
1611 2404 1705 2459 τὸν

112 2501 348 2572 Σωτῆρα
394 2498 621 2571 ἠνέχθη.
661 2498 725 2551 Ei
770 2497 950 2551 τοίνυν
985 2499 1015 2552 δ
1048 2496 1238 2569 Πατὴρ
1266 2497 1360 2550 καὶ
1407 2497 1465 2550 ὲν
1506 2496 1703 2568 νεφέλῃ

108 2592 291 2656 λαλεῖ,
330 2589 698 2644 ὑποδεικνύων
747 2591 861 2653 τοῖς
902 2588 1167 2660 μαθηταῖς
1204 2589 1297 2643 τὸν
1343 2587 1509 2642 αὑτοῦ
1553 2588 1704 2661 Υἱδν,

106 2686 217 2738 uox
257 2683 416 2747 ἄλλος
452 2684 602 2737 ἐστὶν
635 2685 664 2737 ὁ
696 2680 1057 2754 Δημιουργὸς,
1090 2681 1229 2734 ἀλλὰ
1254 2683 1284 2734 ὁ
1328 2681 1515 2745 αὑτὸς,
1546 2682 1576 2734 ὁ
1611 2681 1706 2735 καὶ

107 2775 203 2830 διὰ
248 2775 478 2845 νεφέλης
520 2773 599 2845 τῷ
630 2773 745 2844 ίδίῳ
797 2772 911 2843 ru}:
964 2773 1339 2845 μαρτυρήσας,
1381 2772 1474 2825 καὶ
1508 2771 1568 2825 οὑ
1596 2771 1705 2826 τῶν

110 2870 258 2941 ὑπὲρ
286 2866 516 2940 οὐρανὸν
546 2866 725 2938 μόνων
752 2864 1049 2929 δεσπόζων,
1080 2864 1157 2928 ὡς
1179 2863 1345 2929 αὑτὸς
1378 2864 1629 2933 φάσκεις.

181 3049 343 3121 Σχόλ.
388 3047 476 3104 ιϐ’.
531 3044 823 3115 eisst
849 3044 969 3100 τῶν
990 3044 1276 3115 μαθητῶν
1314 3060 1453 3101 σου.
1489 3040 1616 3115 Εἶχε
1644 3045 1702 3098 δὲ

114 3141 271 3214 παρά
323 3139 407 3204 τὸ,
449 3141 560 3193 οὐκ
611 3126 1014 3206 ἠδυᾶαήθησαν
1063 3135 1343 3191 ἐκϐαλεῖν
1381 3136 1551 3202 αὐτὸ,
1602 3136 1702 3190 καὶ

111 3233 268 3304 πρὸς
292 3230 518 3297 αὐτούς
537 3247 551 3261 ·
583 3224 658 3285 Ὠ
681 3228 857 3299 γενεὰ
883 3228 1160 3295 ἄπιστος,
1187 3228 1299 3294 ἕως
1327 3229 1472 3283 πότε
1494 3227 1705 3292 ἀνέξο-

112 3342 217 3391 μαι
254 3322 461 3394 ὑμῶν;

190 3437 417 3509 Ἔλεγχ.
461 3434 547 3490 ιθ’.
587 3434 681 3501 Τὸ,
732 3434 843 3501 ἕως
892 3435 1067 3499 πότε,
1107 3433 1372 3505 ὲνσάρκου
1402 3432 1705 3504 παρουσίας

113 3532 312 3602 χρόνου
367 3528 484 3583 ἐστὶ
528 3528 885 3598 σημαντικόν.
936 3527 1047 3580 Καὶ
1092 3525 1175 3591 τὸ,
1227 3521 1303 3581 Ὠ
1345 3527 1521 3595 γενεὰ
1570 3524 1705 3578 ἄπι-

112 3640 265 3691 στος
283 3640 300 3656 ο
331 3623 409 3686 ὡς
440 3620 551 3675 τῶν
583 3619 880 3692 προφητῶν
897 3620 990 3673 ἐπὶ
1018 3619 1096 3689 τῷ
1125 3618 1349 3690 ὀνόματι
1378 3617 1544 3673 αὑτοῦ
1580 3617 1703 3671 θεο-

113 3719 322 3789 σήμεια
370 3713 763 3786 ἐργασαμένων
826 3713 922 3766 καὶ
988 3710 1466 3777 πεπιστευκότων,
1536 3710 1612 3772 ὡς
1675 3710 1705 3762 ὁ

123 3809 315 3873 Ἦλίας
358 3807 672 3880 εὑρίσκεται
727 3804 897 3859 ποιῶν
973 3806 1067 3860 καὶ
1128 3804 1460 3866 Ἐλισσαῖος.
1509 3803 1604 3856 καὶ
1655 3803 1704 3856 oi

110 3904 284 3960 ἄλλοι.

185 3996 346 4066 Σχόλ.
402 4002 472 4049 κ’.
526 3995 581 4047 '0
630 3992 740 4064 γὰρ
797 3990 932 4057 Υἱὸς
976 3989 1095 4044 τοῦι
1136 3987 1449 4057 ἀνθρώπου
1490 3986 1705 4058 μέλλει

115 4086 558 4156 παραδίδοσθαι
596 4088 685 4153 εὶς
728 4086 930 4156 χεῖρας
969 4082 1311 4151 ἀνθρώπων.

189 4182 417 4251 Ἔλεγχ.
452 4179 521 4234 κ’.
559 4178 689 4233 Υἱοῦ
722 4177 1030 4249 ἀνθρώπου,
1062 4176 1156 4231 καὶ
1194 4171 1702 4246 παραδοθησομένου

112 4271 197 4333 εἰς
225 4272 419 4342 χεῖρας
464 4268 795 4340 ἀνθρώπων,
829 4268 889 4320 οὑ
924 4266 1196 4337 δοκήσεως

111 4361 444 4429 φαντασίας,
464 4357 600 4412 ἀλλὰ
623 4356 874 4428 σώματος
906 4357 1003 4409 καὶ
1034 4354 1211 4427 μελῶν
1245 4354 1458 4424 θεωρία.

184 4516 347 4588 Σκόλ.
396 4521 502 4569 καν.
545 4511 700 4567 οὐδέ
748 4511 926 4567 τοῦτο
967 4512 1268 4581 ἀνέγνωτε
1289 4553 1304 4576 ,
1342 4513 1401 4565 τί
1451 4512 1705 4578 ἐποίησε

107 4606 329 4670 Δαόίδς
362 4602 667 4673 Εἰσῆλθεν
682 4604 785 4668 ,εις
809 4601 918 4656 τὸν
942 4597 1113 4656 οἶκον
1136 4600 1244 4656 τοῦ
1275 4600 1447 4655 Θεοῦ.

191 4696 421 4767 Ἐλεγχ.
472 4701 575 4750 κα’.
626 4694 689 4747 Ei
732 4687 882 4747 οἶκον
915 4691 1053 4747 Θεοῦ
1083 4692 1282 4762 φάσκει
1313 4691 1404 4746 τὸν
1431 4689 1579 4745 οἷκον
1605 4690 1706 4761 τῆς

103 4790 272 4862 παρὰ
315 4787 596 4852 Μωῦσέως
637 4786 930 4858 γενομένης
990 4785 1390 4857 σκηνοπηγίας,
1430 4784 1530 4837 οὑκ
1579 4782 1707 4837 ἀθε-

106 4882 203 4933 τεῖ
232 4881 325 4934 τὸν
362 4880 546 4949 νόμον,
577 4879 697 4933 οὑδὲ
738 4879 827 4933 τὸν
873 4877 1003 4931 Θεὸν
1037 4878 1130 4931 τὸν
1164 4877 1474 4949 λαλήσαντα
1520 4879 1580 4931 ὲν
1628 4876 1708 4947 τῷ

102 4972 287 5045 νόμῳ.
338 4972 473 5026 Θεὸν
511 4970 623 5043 γὰρ
665 4971 828 5026 αὐτὸν
859 4971 1078 5042 φάσκει,
1107 4971 1165 5035 ὃς
1207 4971 1353 5023 ἐστιν
1385 4969 1552 5024 αὑτοῦ
1595 4971 1709 5024 Πα-

102 5066 248 5135 τὴρ,
280 5064 314 5134 ἢ
354 5061 520 5124 αὑτὸς
554 5062 886 5132 Μονογενής.
939 5059 1111 5114 Εῖωθε
1142 5060 1252 5131 γὰρ
1287 5059 1480 5129 Τριάς,
1515 5059 1706 5131 Πατὴρ

104 5157 214 5212 καὶ
264 5155 393 5219 Tib;
436 5154 533 5208 καὶ
581 5155 736 5224 ἆγιον
791 5152 1034 5225 Πνεῦμα.
1086 5154 1327 5224 ἐνεργεῖν
1363 5150 1420 5205 ἐν
1458 5168 1518 5204 τε
1558 5150 1706 5222 νόμῳ

107 5251 217 5303 καὶ
267 5249 575 5319 προφήταις
627 5245 723 5301 καὶ
777 5244 1160 5315 Εὑαγγελίοις,
1213 5243 1311 5297 καῖ
1363 5243 1422 5296 ὲν
1470 5243 1705 5298 ἀποστό-

104 5341 256 5406 hic.

1807 1673 1989 1727 culam
2024 1673 2184 1727 nobis
2215 1673 2358 1727 velut
2385 1673 2747 1729 arrltabonem
2768 1690 2829 1726 at:
2850 1676 3045 1744 pignus
3066 1683 3397 1744 aspergeret.

1807 1763 1945 1818 Tum
1992 1766 2139 1819 enim
2192 1772 2415 1819 sanctos
2463 1766 2587 1821 illos
2632 1781 2817 1821 secum
2871 1765 3089 1836 Moysen
3130 1775 3183 1821 et
3228 1766 3400 1824 Etiam

1806 1856 2056 1921 adduxit,
2094 1867 2152 1912 ut
2181 1857 2427 1927 ejusdem
2462 1873 2650 1914 secum
2692 1859 2846 1931 regni
2880 1860 3197 1930 participes,
3227 1875 3291 1915 ac
3320 1876 3405 1916 so-
3484 1932 3489 1936 ἣ

1805 1952 1921 2008 cios
1946 1968 2070 2008 esse
2098 1963 2454 2008 monstraret.

1877 2042 2063 2097 Schol.
2108 2042 2196 2096 18.
2248 2041 2294 2095 Ε
2325 2042 2458 2097 nube
2497 2058 2634 2098 vox:
2666 2041 2772 2097 Hic
2809 2052 2888 2098 est
2929 2042 3107 2099 Filius
3147 2062 3291 2100 meus
3318 2046 3403 2100 di-

1805 2133 1972 2187 lectus
2015 2132 2050 2189 ί.

1875 2222 2059 2277 Refut.
2096 2223 2183 2277 18.
2222 2221 2569 2279 Manifestum
2600 2224 2778 2279 cuivis
2807 2233 2913 2297 est,
2947 2225 3160 2295 Opinor,
3199 2227 3399 2282 nubem

1804 2329 1984 2384 neque
2032 2330 2291 2385 suprema
2345 2317 2401 2370 in
2455 2316 2705 2387 regione,
2755 2333 2935 2387 neque
2973 2334 3140 2388 supra
3197 2321 3398 2377 caelum

1804 2422 1964 2474 esse;
1994 2408 2088 2463 sed
2125 2407 2179 2462 in
2215 2407 2319 2462 hac
2347 2407 2531 2462 inﬁma
2566 2409 2911 2464 conditarum
2954 2425 3136 2465 rerum
3161 2414 3401 2468 statione

1804 2501 2053 2567 versari;
2085 2500 2231 2555 unde
2259 2515 2362 2554 vox
2385 2507 2470 2555 est
2495 2500 2563 2555 ad
2589 2500 2929 2556 Salvatorem
2952 2501 3195 2573 delapsa.
3228 2502 3400 2574 Igitur

1805 2593 1853 2648 si
1891 2593 1958 2648 de
1996 2593 2141 2649 nube
2181 2594 2397 2649 locutus
2443 2593 2622 2659 Pater,
2677 2594 2875 2649 Filium
2922 2610 3082 2650 suum
3112 2596 3400 2665 discipulis

1804 2687 2066 2749 ostendit,
2111 2699 2220 2741 non
2269 2685 2409 2740 alius
2443 2700 2566 2741 esse
2602 2693 2780 2755 potest
2830 2686 3112 2751 Conditor,
3155 2702 3319 2756 quam
3355 2687 3403 2742 is

1806 2775 1924 2846 ipse
1946 2778 2041 2847 qui
2069 2792 2167 2846 per
2195 2777 2394 2833 nubem
2421 2775 2562 2831 Filio
2587 2792 2688 2832 suo
2711 2778 3083 2832 testimonium
3105 2779 3357 2849 praestitit
3382 2798 3397 2834 :

1806 2882 1909 2922 nec
1941 2869 1997 2922 in
2040 2882 2105 2923 ea
2150 2868 2351 2931 solum,
2392 2882 2516 2937 quae
2544 2868 2685 2923 caelo
2724 2866 3008 2937 superiora
3042 2874 3193 2931 sunt,
3225 2867 3402 2921 domi-

1807 2966 1996 3011 natum
2028 2958 2315 3013 obtinebit.

1874 3049 2060 3106 Schol.
2095 3051 2182 3105 19.
2212 3049 2408 3122 Rogavi
2429 3051 2716 3119 discipulos
2754 3059 2892 3104 tuos.
2923 3049 3276 3120 ilabebatque
3297 3065 3403 3106 cm-

1800 3149 1940 3202 tera.
1968 3149 2354 3213 prieterquam,
2395 3159 2496 3196 non
2522 3150 2803 3210 potuerunt
2832 3140 3017 3209 ejicere
3041 3140 3203 3204 illud,
3231 3150 3284 3195 et
3321 3142 3400 3194 ait

1803 3233 1873 3288 ad
1901 3234 2042 3302 ipsos
2064 3248 2083 3287 :
2114 3232 2393 3289 Generatio
2430 3231 2727 3296 incredula,
2764 3231 3000 3302 quandiu
3032 3248 3119 3286 vos
3145 3232 3323 3299 patiar
3343 3231 3402 3285 ’ἲ

1875 3414 2057 3472 Refut.
2097 3416 2186 3472 19.
2213 3414 2332 3472 Vox
2364 3417 2477 3481 illa,
2504 3415 2779 3487 quandiu,
2810 3422 3028 3486 tempus
3058 3415 3191 3470 illud
3226 3414 3399 3488 signi-

1804 3505 1950 3572 ficat,
1978 3522 2087 3578 quo
2113 3506 2368 3564 Christus
2402 3508 2459 3563 in
2495 3516 2641 3563 terra
2666 3522 2791 3563 cum
2823 3521 2991 3561 carne
3013 3514 3263 3561 versatus
3291 3511 3398 3559 est.

1803 3597 1920 3653 Hoc
1946 3608 2129 3653 autem
2156 3640 2171 3664 ,
2205 3598 2489 3653 Generatio
2520 3598 2818 3663 incredula,
2846 3613 2913 3653 eo
2943 3599 3205 3653 nimirum
3241 3597 3403 3653 refer-

1804 3699 1915 3757 tur,
1940 3691 2084 3762 quod
2114 3691 2169 3745 in
2211 3692 2385 3762 ipsius
2414 3692 2635 3746 nomine
2674 3691 2955 3761 prophetae
2984 3691 3228 3761 prodigia
3251 3707 3402 3761 quae-

1803 3783 1928 3838 dam
1952 3780 2244 3845 ediderint,
2275 3782 2436 3851 eique
2475 3781 2848 3846 crediderint;
2881 3779 3190 3847 eujusmodi
3233 3781 3399 3844 Elias,

1804 3872 2058 3936 Elisaeus,
2089 3871 2297 3942 aliique
2328 3871 2529 3927 fecisse
2552 3871 2828 3943 leguntur.
3084 3878 3093 3885 ’

1878 3964 2064 4021 Schol.
2111 3962 2204 4018 20.
2249 3962 2424 4018 Filius
2472 3964 2611 4018 enim
2659 3961 2889 4016 hominis
2940 3959 3181 4030 futurum
3228 3967 3304 4012 est
3346 3969 3398 4010 ut

1807 4058 2055 4111 tradatur
2086 4056 2142 4110 in
2175 4062 2363 4109 manus
2396 4056 2668 4110 hominum
2702 4055 2744 4108 ⁸.

1874 4147 2040 4220 329
2068 4146 2253 4203 Refut.
2284 4148 2374 4203 20.
2421 4146 2671 4203 Hominis
2705 4147 2795 4201 ille
2825 4143 3019 4205 Filius,
3054 4141 3145 4213 qui
3183 4140 3238 4195 in
3276 4154 3393 4194 ma-

1227 4235 1557 4335 ’ἔγ-ἔμφασις,
1584 4263 1704 4317 οὑδὲ

1813 4255 1918 4295 nus
1963 4249 2081 4295 erat
2110 4238 2409 4295 tradendus
2442 4239 2749 4302 hominum,
2790 4252 2898 4291 non
2949 4235 3237 4306 opinione,
3274 4249 3397 4304 spe‘

1812 4332 2006 4401 cieque
2035 4331 2175 4393 sola.
2213 4330 2306 4385 sed
2333 4330 2587 4400 corporis
2620 4344 2683 4383 ac
2712 4328 3082 4383 membrorum
3117 4326 3305 4382 habitu
3334 4340 3398 4380 ac

1812 4423 2228 4478 conﬁrmatione
2263 4421 2392 4476 talis
2422 4422 2656 4475 exstitit.

1885 4512 2072 4567 Schol.
2111 4512 2201 4565 21.
2248 4509 2430 4583 Neque
2457 4512 2554 4565 hoc
2583 4512 2802 4583 legistis,
2833 4511 2959 4582 quid
2989 4509 3170 4581 fecerit
3205 4509 3394 4575 David,

1812 4620 1931 4658 cum
1963 4605 2227 4676 ingressus
2255 4613 2335 4659 est
2364 4606 2418 4659 in
2449 4604 2667 4658 domum
2697 4603 2795 4658 Dei
2817 4604 2875 4658 ‘1'

1878 4694 2062 4751 Refut.
2093 4695 2184 4750 21.
2226 4695 2365 4751 Cum
2396 4698 2809 4753 tabernaculum
2849 4697 2979 4752 illud
3007 4695 3189 4770 Moyse
3220 4696 3395 4751 collo-

1808 4796 1992 4844 catum
2037 4787 2131 4844 Dei
2162 4788 2385 4844 domum
2415 4791 2685 4860 appellet,
2720 4805 3061 4861 nequaquam
3095 4793 3263 4861 legem
3303 4799 3395 4844 aut

1813 4877 1982 4934 Deum
2016 4878 2216 4948 ipsum,
2250 4879 2345 4950 qui
2382 4880 2434 4932 in
2467 4879 2583 4950 lege
2609 4880 2823 4935 locutus
2856 4887 2963 4941 est,
2996 4879 3183 4947 ubjicit
3238 4878 3396 4934 llunc

1815 4971 2018 5042 quippe
2048 4970 2218 5027 Deum
2245 4972 2515 5036 nominat,
2543 4972 2636 5041 qui
2663 4971 2784 5042 ejus
2816 4969 2977 5025 Pater
2998 4979 3103 5031 est,
3134 4979 3228 5023 aut
3251 4970 3393 5037 ejus-

1812 5062 1935 5118 dem
1962 5060 2313 5133 Unigenitus.
2346 5061 2497 5118 Solet
2534 5062 2679 5119 enim
2714 5069 2903 5119 sancta
2932 5060 3202 5124 Trinitas,
3236 5062 3397 5115 Pater

1812 5164 1866 5212 et
1910 5152 2106 5219 Filius,
2139 5164 2195 5210 et
2241 5156 2487 5229 Spiritus
2517 5164 2768 5220 sanctus,
2812 5170 2922 5211 non
2975 5154 3032 5209 in
3065 5154 3185 5226 lege
3220 5156 3399 5209 solum

1812 5252 1869 5300 et
1900 5244 2212 5316 prophetis,
2248 5247 2345 5305 sed
2389 5245 2699 5321 Evangeliis
2748 5255 2912 5319 atque
2940 5247 3206 5318 apostolis
3235 5261 3400 5317 opera
3452 5278 3461 5285 κ

1812 5349 1913 5390 sua
1949 5334 2235 5406 perﬁcere.

191 5524 617 5592 'Luc.lx,35.
695 5525 1107 5592 'ibid.40,4l.
1185 5521 1491 5578 'ibid.u.
1570 5506 1943 5585 ~Ltic.vt.s.
