3932 6064
546 191 644 245 Τὸθ

1945 184 2003 239 S.
2049 184 2384 242 EPlPHANIl

3747 189 3863 244 750

610 304 796 360 Schol.
844 302 937 358 ‘22.
979 299 1197 359 Gratias
1248 320 1347 373 ago
1397 302 1511 364 tibi,
1568 301 1787 353 Domine
1838 302 1974 356 (mli.
2011 302 2119 357 Nec

2296 305 2451 374 Σχὸλ.
2485 303 2589 374 κβ’.
2623 304 2977 374 Εὐχαριστῶ
3004 321 3124 369 σοι,
3168 306 3369 372 Κύριε,
3401 302 3512 358 τοῦ
3545 302 3847 375 οὐρανοῖ.

533 396 811 465 ascripsit.
837 404 885 449 et
910 405 1065 448 terra:
1089 412 1108 459 ;
1134 409 1312 463 neque
1340 395 1527 454 etiam,
1557 392 1734 447 Pater.
1760 392 1940 447 Sedes
1966 410 2031 447 eo
2054 403 2131 448 ta-

539 500 658 540 men
687 486 1006 547 rcvincitur,
1032 486 1176 555 quod
1211 483 1352 538 infra
1376 484 1661 555 sequitur:
1689 486 1868 539 Etiam
1900 485 2061 540 Pater
2083 489 2126 542 ί.

608 577 795 634 Refut.
836 578 926 632 ΞΩ.
971 576 1203 631 Domino
1244 578 1428 647 itaque
1474 579 1599 633 cteli
1634 578 1837 647 gratias
1880 580 2022 649 agit;
2062 580 2130 634 li-

540 678 658 735 cet,
718 682 912 733 terra),
969 671 1304 736 sustuleris;
1343 672 1472 725 licet
1517 672 1696 726 Patris
1754 688 1945 727 vocem
1998 675 2129 729 sub-

537 764 786 824 traxeris,
812 763 1036 829 Marcio,
1074 781 1145 819 ne
1187 762 1405 818 Patrem
1445 781 1473 818 a
1514 765 1736 820 Christo
1777 782 1961 833 suum,
1999 784 2127 838 pro-

535 856 777 909 nuntiari
815 855 1167 910 Conditorem
1208 857 1550 912 ostenderes.
1607 856 1809 911 Vivunt
1846 859 2025 913 adhuc
2072 869 2127 915 et

535 947 750 1013 spirant
798 947 1045 1001 veritatis
1086 947 1177 1000 illa
1208 962 1236 1000 a
1279 955 1330 1001 te
1378 948 1564 1003 relicta
1612 949 1875 1004 niembra.
1909 949 2125 1007 Vocula:

538 1041 641 1093 illae
695 1040 977 1105 nimirum,
1008 1055 1148 1111 quas
1185 1049 1239 1093 tu
1275 1042 1425 1095 velut
1465 1043 1518 1095 in
1552 1041 1800 1111 reliquiis
1843 1045 2123 1115 neglectas

535 1147 630 1198 per
653 1132 986 1187 oblivionem
1014 1133 1289 1188 retinuisti
1321 1154 1332 1187 :
1366 1132 1566 1199 Etiam,
1597 1133 1792 1188 Pater!
1815 1135 1890 1190 Ex
1921 1137 2125 1205 quibus

537 1224 698 1293 plane
729 1224 876 1279 istud
918 1224 1243 1293 conficitur;
1282 1227 1503 1295 proprio
1535 1225 1681 1279 Patri
1717 1228 1923 1295 gratias
1949 1229 2126 1298 egisse

535 1315 813 1368 Christum
876 1313 1189 1378 Dominum,
1237 1314 1602 1385 eumdemque
1652 1317 1776 1370 cmli
1837 1316 2124 1371 Dominum

534 1408 864 1477 appellasse,
914 1416 973 1461 ut
1028 1407 1362 1476 singularem
1415 1408 1470 1461 in
1527 1416 1579 1462 te
1613 1410 1907 1479 quamdam
1945 1412 2123 1466 inesse

535 1500 830 1553 amentiam
884 1506 1155 1569 oporteat,
1202 1516 1311 1570 qua
1356 1500 1587 1555 liberam
1640 1501 1888 1557 veritatis
1938 1518 2123 1557 vocem

534 1607 640 1644 non
677 1606 969 1659 agnoscas.
1592 1592 1597 1599 ’

2232 400 2344 450 Οὐκ
2390 397 2503 467 εἶχε
2546 396 2623 459 δὲ,
2676 400 2771 451 καὶ
2831 396 2944 465 τῆς
2996 395 3133 467 γῆς·
3190 396 3337 458 οὔτε,
3384 396 3605 465 Πάτερ,
3666 392 3849 469 εἶχεν.

2244 488 2556 559 Ἐλέγχεται
2587 489 2672 541 δέ·
2708 488 2858 542 κάτω
2890 488 3000 561 γὰρ
3030 485 3194 560 εἶχεν,
3226 489 3361 561 Ναὶ.
3393 491 3429 543 ό
3467 488 3699 556 Πατήρ.

2307 579 2526 650 Ἐλεγχ.
2557 579 2661 649 κβ’.
2709 580 3036 651 Εὑχαριστεί
3068 580 3258 651 Κυρίῳ
3299 578 3397 634 τοῦ
3439 580 3704 651 οὐρανοῦ,
3737 580 3847 635 κᾶν

2232 670 2509 744 περιέλῃς,
2549 670 2661 738 τῆς
2691 671 2822 741 γῆς,
2864 671 2968 727 κᾶν
3007 672 3334 744 παρακόψῃς
3375 672 3459 735 τὸ,
3500 671 3721 742 Πάτερ,
3752 674 3845 727 ἴνα

2234 762 2309 832 μὴ
2342 762 2565 833 Πατέρα
2595 762 2761 816 αὑτοῦ
2805 762 3112 835 ὑποδείξῃς,
3144 762 3433 834 Μαρκίων,
3468 763 3564 817 τὸν
3596 766 3841 835 Χριστὸν

2229 852 2455 921 λέγοντα
2482 856 2574 908 τὸν
2603 856 2965 927 Δημιουργόν.
2999 856 3168 910 Μένει
3198 855 3308 926 γὰρ
3335 856 3436 926 τῆς
3466 855 3737 927 ἀληθείας
3768 861 3839 914 τὰ.

2234 948 2366 1018 μέλη
2402 948 2599 1012 ζῶντα.
2634 950 2847 1020 Ὠσπερ
2897 949 3007 1019 γὰρ
3056 950 3116 1001 ἐν
3165 948 3404 1019 λειψάνῳ
3455 950 3603 1004 κατὰ
3657 950 3839 1021 λήθην

2230 1041 2437 1105 εἴασας,
2475 1036 2520 1095 ὦ
2567 1043 2852 1114 Μαρκίων,
2899 1043 2981 1104 τὸ,
3022 1041 3154 1106 Nai,
3185 1045 3219 1095 ό
3253 1042 3477 1111 Πατήρ.
3521 1044 3834 1099 Ἀποδέδει-

2229 1149 2353 1185 κται
2380 1132 2558 1185 τοίνυν
2589 1131 2889 1196 ὲξάπαντος
2912 1131 2991 1201 τῷ
3020 1131 3136 1201 ἰδίῳ
3161 1132 3338 1203 Πατρὶ
3366 1133 3716 1201 εὐχαριστεῖν
3743 1133 3833 1187 τὸν

2229 1224 2483 1295 Χριστὸν,
2515 1242 2611 1277 και
2656 1224 2887 1295 οὑρανοῦ
2919 1223 3123 1295 Κύριον
3159 1224 3323 1278 αὑτὸν
3367 1225 3694 1295 ὀνομάζειν·
3737 1227 3833 1280 καὶ

2228 1315 2395 1387 πολλή
2435 1333 2529 1369 σου
2580 1315 3003 1387 φρενοϐλάϐεια,
3049 1315 3124 1387 μὴ
3177 1318 3515 1371 κατανοοῦσα
3555 1320 3659 1382 τῆς
3692 1319 3831 1390 ἀλη-

2229 1408 2378 1472 θείας
2410 1410 2509 1481 τὴν
2536 1409 2850 1482 ἐλευθερίαν
2879 1409 2919 1463 ⁸.

605 1648 790 1736 Sebbi.
840 1682 931 1735 25.
976 1680 1124 1733 Dixit
1174 1682 1518 1749 legisperilo:
1556 1682 1619 1735 In
1672 1684 1780 1752 lege
1817 1685 1942 1752 quid
1984 1686 2119 1738 scri-

2300 1675 2454 1745 Σχὸλ.
2511 1682 2617 1745 κγ’.
2649 1676 2799 1730 Εἷπε
2857 1674 2939 1742 τῷ
2982 1676 3238 1745 νομικῷ·
3283 1679 3381 1732 Ἑν
3425 1677 3509 1743 τῷ
3556 1680 3727 1750 νόμῳ
3772 1684 3830 1737 τι

532 1783 680 1837 mum
722 1774 849 1826 est?
900 1770 966 1823 Et
1022 1772 1360 1839 respondens.
1406 1771 1536 1826 Post
1588 1774 1881 1842 legisperiti
1934 1776 2115 1841 verba,

532 1863 671 1918 dixit
706 1883 719 1916 :
754 1863 907 1917 Recte
928 1864 1139 1917 dixisti.
1172 1862 1288 1918 [loc
1316 1864 1424 1932 fac,
1455 1875 1502 1917 et
1533 1866 1665 1919 vires
1690 1868 1730 1919 ³.

602 2036 789 2091 Refut.
827 2037 918 2091 23.
961 2038 1097 2092 Cum
1140 2037 1234 2093 Dei
1261 2039 1430 2095 Filius
1461 2044 1692 2111 ipsamet
1716 2044 1916 2099 veritas
1951 2055 2116 2111 esset,

533 2131 807 2185 nemiuem
838 2147 1027 2185 eorum
1057 2133 1149 2201 qui
1192 2148 1250 2187 se
1275 2133 1341 2186 dc
1381 2135 1487 2187 vita
1528 2138 1914 2204 consequenda
1949 2138 2121 2193 inter-

532 2228 811 2289 rogarent.
854 2220 1065 2275 fefellit.
1110 2220 1165 2274 Si
1202 2224 1423 2292 quidem
1468 2235 1524 2278 ut
1554 2226 1718 2278 vitam
1757 2226 1997 2282 humano
2026 2245 2120 2297 ge-

532 2311 649 2365 neri
675 2311 1017 2374 conciliaret,
1046 2311 1282 2367 advenit.
1315 2314 1496 2380 Quare
1531 2331 1653 2371 cum
1690 2325 1744 2371 et
1766 2318 1889 2372 vitae
1920 2328 2121 2375 nostrae

531 2416 718 2456 curam
752 2403 1004 2471 gesserit,
1030 2413 1085 2458 et
1119 2405 1167 2459 ci
1193 2406 1285 2473 qui
1313 2406 1482 2475 legem
1513 2417 1779 2473 servaret,
1810 2410 2119 2466 adfuturam

532 2491 700 2545 vitam
746 2492 1085 2559 ostenderit;
1125 2492 1219 2547 sed
1260 2503 1314 2548 et
1358 2510 1507 2557 eum,
1548 2497 1795 2566 quicum
1846 2498 1963 2569 lege
2004 2500 2121 2569 ipsa

530 2590 900 2644 consentanec
929 2586 1308 2654 responderat,
1341 2589 1601 2655 praeclare
1633 2589 1843 2645 dixisse
1886 2598 2122 2648 testatus

533 2675 719 2737 fuerit,
762 2675 887 2744 quis
929 2677 1034 2731 erit
1075 2687 1185 2730 tam
1220 2694 1412 2733 vecors
1450 2694 1514 2733 ac
1547 2680 1820 2749 stupidus,
1858 2682 2121 2738 Marciani

532 2777 593 2821 ut
646 2768 929 2832 inhaereat,
976 2769 1071 2839 qui
1128 2768 1240 2823 Deo
1292 2770 1368 2823 illi
1415 2772 1726 2836 maledicat,
1779 2788 1807 2827 a
1853 2792 1963 2845 quo
2013 2793 2120 2832 non

534 2858 700 2913 modo
735 2859 822 2915 lex
878 2860 931 2913 in
973 2860 1247 2924 homines,
1286 2860 1380 2914 sed
1427 2871 1481 2917 et
1508 2861 1785 2933 Evangelii
1822 2875 1907 2921 est
1949 2869 2123 2937 gratia

534 2951 803 3015 derivata,
832 2959 892 3005 ut
918 2967 977 3007 se
1001 2952 1242 3007 hominis
1265 2952 1413 3008 illius
1442 2955 1726 3011 erroribus
1756 2957 1996 3022 addicat,
2025 2960 2118 3029 qui

534 3056 713 3111 neque
741 3057 805 3096 es
842 3043 979 3111 lege,
1024 3058 1202 3113 neque
1244 3060 1311 3099 ex
1352 3042 1559 3113 Spiritu
1592 3057 1783 3102 sancto
1824 3050 1987 3105 ullam
2024 3052 2122 3106 do-

533 3133 725 3187 ctrina:
762 3150 874 3190 sua:
909 3136 1229 3205 particulam
1260 3138 1634 3206 expresserit?

602 3225 767 3297 330
793 3227 978 3282 Schol.
1021 3228 1115 3282 ΩΔ.
1159 3227 1227 3281 Ει
1266 3228 1403 3282 dixit
1435 3245 1453 3283 :
1482 3229 1614 3295 Quis
1658 3240 1885 3285 vestrum
1918 3232 2126 3288 habebit

532 3320 786 3382 amicum,
815 3320 990 3391 etibit
1014 3319 1083 3373 ad
1117 3320 1272 3373 illum
1296 3320 1470 3374 media
1510 3332 1679 3384 nocte,
1704 3325 1980 3390 postulans
2017 3335 2122 3381 tres

529 3424 693 3479 panes
712 3414 737 3465 εν
764 3413 841 3465 Ac
882 3412 1141 3481 deinceps
1168 3430 1180 3465 :
1209 3410 1398 3471 I’etite.
1450 3421 1500 3464 et
1528 3411 1767 3465 dabitur.
1804 3414 1935 3479 Quis
1982 3417 2121 3470 enim

530 3516 597 3553 ea:
629 3500 772 3553 vobis
807 3510 885 3553 est
915 3509 1083 3568 pater,
1119 3518 1150 3553 a
1188 3517 1290 3571 quo
1324 3500 1471 3568 ﬁlius
1523 3511 1665 3569 petat
1688 3503 1906 3571 piscem,
1942 3514 1990 3557 et
2026 3522 2121 3574 pro

530 3593 672 3664 pisce
702 3602 991 3659 serpentem
1023 3590 1175 3645 dabit
1215 3593 1339 3648 illi?
1371 3603 1462 3645 aut
1485 3609 1581 3661 pro
1620 3609 1713 3647 ovo
1755 3597 2123 3665 scorpionem?

532 3682 597 3738 Si
627 3698 750 3752 ergo
778 3698 867 3736 vos
896 3699 1014 3736 cum
1042 3682 1162 3737 sitis
1195 3684 1351 3751 mali,
1376 3686 1543 3738 nostis
1569 3683 1703 3739 bona
1732 3686 1883 3753 data,
1922 3696 2118 3757 quanto

531 3776 701 3846 magis
735 3774 897 3829 Pater
913 3776 934 3806 ³
949 3776 973 3814 9

600 3865 784 3921 Refut.
817 3865 907 3921 2i.
951 3865 1027 3921 Ex
1062 3869 1165 3922 hoc
1210 3867 1331 3922 loco
1374 3867 1514 3923 vafri
1565 3868 1805 3926 hominis
1852 3873 2120 3943 supersti-

525 3958 667 4014 tiosa
711 3968 768 4014 et
824 3959 1081 4014 aﬂectata
1136 3961 1331 4031 religio
1380 3961 1746 4015 convincitur.
1802 3962 1921 4018 Non
1970 3966 2117 4019 enim

526 4036 761 4120 optimae.
787 4050 1025 4120 alicujus
1078 4052 1349 4105 mercedis
1402 4054 1599 4121 gratia,
1645 4063 1738 4107 aut
1781 4071 1876 4125 spe
1917 4072 2116 4111 conse-

526 4143 759 4213 quenda:
810 4145 1243 4200 immortalitatis
1282 4145 1562 4207 inductus,
1597 4146 1690 4201 scd
1722 4163 1790 4202 ex
1840 4149 2118 4219 impietate

526 4252 589 4291 ac
625 4238 901 4308 pestifera:
934 4239 1213 4307 Opinionis
1244 4237 1481 4293 falsitate
1524 4240 1770 4293 ciborum
1807 4249 2118 4311 temperan-

2218 1759 2578 1828 rérpaxtat;
2613 1764 2719 1817 Kal
2772 1763 3134 1832 ἀποκριθείς.
3187 1768 3341 1822 Μετὰ
3383 1768 3487 1839 τὴν
3530 1771 3830 1841 ἀπόκρισιν

2218 1851 2313 1904 τοῦ
2364 1853 2589 1923 νομικοῦ
2642 1850 2795 1909 εἶπεν
2817 1872 2832 1886 ·
2881 1855 3088 1924 Ὀρθῶς
3136 1854 3333 1925 εἶπας.
3400 1860 3585 1916 Τοῦτο
3639 1867 3822 1932 ποίει,

2221 1943 2319 1995 καί
2356 1943 2529 2013 ζήσῃ.

2294 2034 2510 2105 Ἔλεγχ.
2556 2036 2661 2104 κγ’.
2704 2036 2957 2107 Ἀλήθεια
2981 2037 3057 2091 ὢν
3099 2041 3127 2092 ὁ
3160 2039 3287 2104 Υἱὸς
3314 2040 3413 2094 τοῦ
3447 2042 3607 2107 Θεοῦ,
3637 2044 3825 2098 οὐδένα

2219 2124 2425 2177 ἐπλάνα
2448 2126 2556 2177 τῶν
2592 2127 2714 2197 περὶ
2740 2127 2887 2197 ζωῆς
2925 2127 3277 2197 ἐρωτώντων.
3314 2130 3415 2183 Διά
3444 2133 3553 2204 γὰρ
3591 2135 3695 2202 τήν
3721 2136 3825 2188 τῶν

2221 2216 2523 2287 ἀνθρώπων
2569 2218 2712 2290 ζωὴν
2763 2219 3009 2289 ἐλήλυθε.
3063 2222 3219 2291 Ζωῆς
3262 2224 3447 2277 τοίνυν
3495 2226 3824 2297 ἐπιμελομέ-

2220 2325 2312 2362 νου
2350 2308 2537 2372 αὐτοῦ,
2575 2312 2671 2362 καὶ
2714 2310 3129 2376 ὑποδεικνύντος
3164 2315 3256 2367 τὸν
3303 2316 3471 2385 νόμον
3511 2318 3591 2386 τῷ
3620 2318 3824 2385 φυλάτ-

2220 2418 2365 2454 τοντι
2395 2402 2489 2455 καὶ
2533 2404 2817 2475 ποιήσαντι
2871 2404 3015 2477 ζωὴν
3062 2406 3362 2480 ὑπάρχειν,
3419 2410 3515 2462 καὶ
3565 2409 3647 2480 τῷ
3684 2411 3823 2464 κατὰ

2221 2492 2382 2563 νόμον
2433 2493 2785 2564 ἀποκριθέντι
2858 2496 3133 2565 φήσαντος
3193 2496 3370 2567 ὀρθῶς
3430 2497 3821 2567 λεΜληκέναι.

2223 2585 2316 2637 καὶ
2360 2584 2546 2650 Οὕτως
2570 2586 2712 2640 ποίει
2750 2589 2844 2640 καὶ
2896 2589 3053 2659 ζήσῃ.
3111 2590 3194 2652 τίς
3224 2588 3401 2652 οὕτως
3453 2590 3823 2662 ἐμϐρόντητος

2223 2676 2290 2730 ἂν
2338 2677 2444 2748 εἴη.
2500 2680 2577 2742 ὡς
2631 2678 2912 2733 πείθεσθαι
2944 2680 3070 2751 εμὲν
3117 2680 3195 2752 τῷ
3247 2683 3535 2754 Μαρκίωνι
3582 2684 3825 2756 βλασφη-

2228 2767 2417 2837 μοῦντι
2451 2769 2532 2832 είς
2563 2768 2654 2821 τὸν
2695 2768 2847 2831 Θεὸν,
2895 2769 2987 2822 τὸν
3034 2770 3127 2823 καὶ
3180 2770 3344 2839 νόμον
3394 2771 3489 2824 καὶ
3524 2772 3629 2841 τὴν
3662 2774 3823 2846 χάριν

2224 2858 2318 2911 τοῦ
2352 2857 2687 2926 Εὑαγγελίου
2711 2862 2823 2922 τοῖς
2866 2858 3174 2929 ἀνθρώποις
3211 2861 3638 2931 κεχαρισμένον,
3670 2862 3822 2932 αὑτῷ

2224 2948 2281 3001 δὲ
2314 2949 2724 3018 συναπάγεσθαι
2749 2949 2829 3021 τῷ
2856 2952 2995 3022 μήτε
3020 2952 3085 3004 ὲκ
3115 2952 3302 3021 νόμου.
3334 2954 3473 3024 μήτε
3498 2955 3611 3009 ἀπὸ
3647 2955 3821 3010 1]νεὺ-

2233 3059 2400 3112 ματος
2436 3043 2593 3112 ἁγίου
2619 3042 2796 3113 ἔχοντί
2821 3059 2873 3095 τι
2910 3042 3012 3112 τῆς
3043 3040 3424 3107 διδασκαλίαςς

2296 3220 2452 3291 Σχόλ.
2499 3219 2596 3274 κδ’.
2640 3220 2747 3273 Καὶ
2800 3219 2963 3274 εἴπεο
2999 3220 3094 3285 Τίς
3140 3213 3211 3285 ἐξ
3258 3219 3427 3290 ὑμῶν
3455 3221 3581 3285 ἔξει
3611 3224 3817 3292 φίλον,

2226 3312 2323 3366 καὶ
2372 3312 2727 3378 πορεύσεται
2765 3310 2914 3379 πρὸς
2953 3310 3142 3366 αὑτὸν
3167 3315 3600 3380 μεσονυκτίου,
3639 3314 3819 3369 αἰτῶν

2224 3402 2381 3470 τρεῖς
2402 3402 2653 3470 ἀρτους;
2692 3404 2785 3457 καὶ
2827 3403 3043 3457 λοιπόν
3065 3404 3307 3470 Αἰτεῖτε,
3338 3407 3437 3459 καὶ
3471 3406 3816 3476 δοθήσεται.

2231 3494 2368 3548 Τίνα
2430 3495 2540 3563 γὰρ
2584 3494 2653 3558 ἐξ
2701 3494 2869 3563 ὑμῶν
2933 3497 3039 3548 τὸν
3088 3496 3315 3563 πατέρα
3368 3496 3498 3562 vidc-
3560 3498 3816 3563 αιτήσας

2226 3584 2421 3652 ἰχθὺν,
2456 3587 2552 3639 καὶ
2586 3586 2718 3639 ἀντὶ
2770 3587 2976 3655 ἰχθύος
3009 3586 3147 3654 ὄφιν
3172 3586 3453 3641 ἐπιδώσει
3482 3589 3680 3654 abuit;
3717 3592 3811 3643 καί

2222 3678 2357 3732 ἀντὶ
2383 3678 2500 3732 ὠοῦ
2532 3681 2828 3747 σκορπίον
2850 3695 2869 3742 ;
2896 3681 2963 3732 Et
2995 3675 3109 3733 οὖν
3137 3679 3306 3750 ὑμεῖς
3333 3682 3588 3748 πονηροὶ
3617 3683 3813 3737 οἴδατε

2221 3771 2447 3841 δόματα
2478 3772 2692 3841 ἀγαθὰ,
2732 3772 2901 3836 πόσῳ
2932 3771 3175 3841 μᾶλλον
3206 3776 3238 3825 ό
3274 3772 3508 3840 Πατήρ;

2295 3864 2517 3934 Ἔλεγχ.
2555 3861 2652 3915 κδ’.
2694 3863 3045 3934 Ἐλήλεγοιιται
3076 3864 3132 3917 δὲ
3160 3865 3255 3918 τοῦ
3290 3865 3574 3937 ἀπατηλοῦ
3618 3867 3652 3937 ὴ
3699 3867 3813 3921 ἑθε-

2220 3954 2549 4028 λοθρησκεία
2583 3956 2681 4026 τῆς
2712 3954 2987 4018 πολιτείας
3019 3954 3127 4009 ἀπὸ
3166 3955 3357 4009 τούτου
3388 3957 3482 4011 τοῦ
3514 3958 3705 4030 ῥητοῦ.
3738 3961 3811 4012 Οὑ

2220 4045 2328 4117 γὰρ
2361 4046 2509 4115 αὑτῷ
2533 4046 2598 4099 δι’
2627 4045 3004 4117 ἐγκράτειανή
3036 4046 3301 4110 πολιτεία,
3339 4047 3460 4101 οὑδὲ
3497 4049 3587 4102 διὰ
3622 4050 3810 4120 μισθὸν

2219 4137 2421 4206 ἀγαθὸν
2468 4139 2562 4192 καὶ
2607 4138 2795 4192 ἐλπίδα
2835 4138 3074 4207 ἀγῶνος
3110 4139 3246 4193 ἀλλὰ
3294 4139 3384 4193 διὰ
3417 4140 3679 4196 ἀσέϐειαν
3716 4158 3809 4196 κα·-

2220 4231 2514 4302 κοτροπίαν
2561 4230 2739 4301 κακῆς
2782 4230 3055 4294 ὑπονοίας.
3098 4230 3349 4284 Διδάσκει
3388 4231 3498 4302 γὰρ
3531 4228 3687 4297 οὗτος
3715 4235 3809 4303 ἑμ-

525 4328 659 4383 :iam
701 4330 974 4384 adhibuit.
1029 4331 1303 4387 Animatis
1349 4331 1496 4385 enim
1540 4333 1686 4386 vesci
1736 4332 2008 4401 prohibet,
2052 4348 2115 4387 ac

2228 4321 2405 4392 ᾧὺχων
2442 4322 2515 4393 μὴ
2559 4320 3016 4393 μεταλαμϐάνειν,
3048 4324 3275 4391 φάσκων
3316 4323 3535 4394 ἐνόχους
3575 4320 3713 4379 εἶναι
3741 4329 3805 4396 τῇ

526 4433 653 4474 reos
683 4434 807 4474 esse
831 4419 1047 4488 judicio
1077 4429 1233 4491 putat
1271 4421 1397 4476 illos
1427 4421 1520 4491 qui
1568 4436 1765 4476 carnes
1798 4422 2109 4493 degustent,

524 4518 784 4581 tanquam
824 4512 1041 4567 animas
1073 4512 1381 4569 comedant.
1414 4513 1569 4581 Quod
1598 4515 1816 4585 quidem
1845 4516 1896 4569 in
1921 4514 2126 4585 primis

523 4609 609 4659 cst
638 4600 962 4658 absurdum.
992 4601 1180 4673 Neque
1215 4605 1363 4659 enim
1403 4620 1532 4659 caro
1560 4592 1665 4668 est,
1710 4604 1806 4660 sed
1839 4606 1893 4658 in
1926 4606 2111 4659 carni—

525 4692 630 4748 bus
673 4694 816 4748 inest
866 4693 1073 4747 anima.
1120 4690 1310 4762 Neque
1347 4708 1477 4748 vero
1523 4686 1821 4747 brutorum‘
1871 4694 2111 4747 animam

526 4786 753 4855 perinde
794 4794 958 4855 atque
1007 4784 1290 4840 hominum
1337 4786 1634 4856 pretiosam
1683 4800 1807 4840 esse
1850 4785 2110 4850 dicimus,

527 4878 621 4933 sed
661 4877 729 4932 ad
759 4878 924 4931 vitam
961 4876 1230 4933 duntaxat
1277 4878 1607 4933 animalibus
1657 4891 1999 4932 concessam.
2040 4878 2109 4931 At

526 4972 617 5029 ille
642 4973 993 5029 miserrimus
1029 4988 1153 5027 cum
1182 4972 1551 5027 sectatoribus
1577 4971 1695 5025 suis
1724 4971 1971 5025 eamdem
2010 4970 2110 5025 ho-

526 5066 731 5119 minum
764 5080 909 5127 esse,
940 5081 1062 5136 qua:
1090 5066 1142 5119 in
1176 5064 1402 5134 reliquis
1435 5062 1808 5117 animantibus
1841 5062 2106 5129 cernitur,

522 5156 764 5210 animam
803 5157 1105 5212 existimat.
1152 5154 1308 5221 Quod
1350 5157 1400 5211 ei
1446 5154 1642 5227 dogma
1672 5154 1950 5225 plerisque
1981 5169 2106 5208 cum

522 5246 649 5302 aliis
686 5256 774 5302 cst
813 5247 1119 5302 hmrcsibus
1149 5263 1459 5303 commune.
1511 5246 1646 5302 Nam
1678 5255 1732 5302 et
1760 5244 2107 5309 Valentinus,

522 5343 579 5388 ct
608 5336 963 5405 Colorbasus,
1006 5348 1059 5395 et
1081 5339 1327 5395 Gnostici
1358 5355 1571 5404 omnes,
1607 5355 1671 5395 ac
1698 5338 1976 5394 Manichzci
2002 5350 2109 5392 tra-

526 5429 812 5485 ducticncs
836 5432 1102 5500 quasda'n
1142 5433 1468 5499 animarum,
1507 5442 1669 5502 atque
1700 5434 1753 5488 in
1794 5432 1942 5486 varia
1978 5447 2103 5485 cor-

594 5587 606 5614 '
635 5592 771 5652 Luc.
804 5612 859 5654 x.
882 5596 973 5647 2t.
1054 5582 1072 5609 '
1103 5594 1233 5648 Luc.
1270 5609 1320 5657 x,
1349 5592 1439 5656 ‘27,
1470 5593 1565 5651 23.
1640 5596 1659 5623 ‘
1686 5589 1821 5647 Luc.
1858 5611 1933 5655 χι.
1967 5596 2000 5652 5
2022 5613 2141 5669 sqq.

2218 4416 2397 4486 κρίσει
2439 4416 2563 4477 τοὺς
2609 4414 2718 4468 τῶν
2746 4414 2925 4486 κρεῶν
2955 4416 3391 4487 μεταλήπτορας,
3422 4417 3499 4480 ὡς
3532 4417 3601 4470 ἂν
3630 4417 3807 4489 ψυχὰς

2219 4506 2514 4570 ἐσθίοντας.
2560 4506 2787 4561 Ἠλίθιον
2819 4505 2876 4559 δέ
2909 4509 3024 4560 ἐστι
3065 4507 3127 4559 τὸ
3155 4510 3281 4561 πᾶν.
3320 4509 3395 4561 Ob
3422 4510 3533 4580 γὰρ
3571 4509 3639 4562 τὰ
3673 4511 3805 4581 κρέα

2219 4602 2253 4673 ἦ
2285 4601 2453 4671 ψυχὴν
2486 4600 2598 4653 ἀλλ’
2632 4602 2688 4653 ἓν
2714 4603 2826 4663 τοῖς
2863 4600 3088 4670 κρέασιν
3129 4603 3164 4671 ἡ
3206 4600 3370 4672 ψυχή.
3410 4602 3520 4655 Καὶ
3550 4602 3675 4656 οὔτε
3702 4604 3803 4673 ψυ-

2218 4694 2322 4764 χήν
2343 4709 2521 4763 φαμεν
2561 4688 2698 4745 εἶναι
2741 4692 2840 4763 τὴν
2884 4693 2942 4744 ὲν
2982 4692 3094 4756 τοίς
3126 4692 3304 4756 ζώοις,
3331 4692 3407 4757 ὡς
3436 4694 3535 4764 τὴν
3563 4693 3673 4745 τῶν
3708 4696 3799 4746 ἀν-

2217 4785 2450 4856 θρώπων
2497 4784 2705 4855 τιμίαν,
2753 4784 2888 4837 ἀλλὰ
2933 4783 3112 4861 ψυχὴν
3154 4786 3235 4861 εἰς
3274 4784 3334 4837 τὸ
3382 4782 3483 4857 ζῇν
3529 4785 3692 4855 μόνον
3744 4786 3801 4838 τὸ

2215 4878 2372 4942 ζῶον.
2414 4877 2641 4947 Νομίζει
2687 4877 2743 4930 δὲ
2787 4860 3086 4941 ὁοὲλεεινδς
3133 4860 3286 4940 οὗτος
3328 4876 3447 4947 ἄμα
3496 4880 3609 4940 τοῖς
3662 4876 3798 4931 οὑτω

2216 4969 2523 5041 φρονοῦσιν.
2556 4971 2639 5023 ὅτι
2689 4972 2722 5041 ἠ
2760 4969 2896 5040 αὑτὴ
2929 4968 3075 5040 ψυχὴ
3120 4970 3178 5021 ὲν
3225 4972 3338 5032 τοῖς
3372 4968 3683 5040 ἀνθρώποις
3711 4971 3795 5023 καὶ

2216 5062 2375 5126 ζώοις
2405 5062 2660 5132 ὑπάρχει.
2686 5060 2855 5114 Τοῦτο
2875 5059 2986 5131 γὰρ
3015 5058 3166 5130 παρὰ
3197 5060 3421 5124 πολλαῖς
3447 5061 3558 5114 τῶν
3594 5061 3795 5115 πεπλαο

2215 5155 2462 5226 νημένων
2505 5153 2769 5225 αἱρέσεων
2821 5155 2997 5223 μάτην
3037 5152 3503 5223 ὑπολαμϐάνεται.
3546 5154 3657 5207 Καὶ
3693 5154 3796 5224 γὰρ

2214 5248 2307 5300 καὶ
2335 5247 2683 5309 Οὐαλεντῑνος
2716 5247 2810 5300 καὶ
2840 5244 3204 5317 Κολόρσασος,
3238 5246 3533 5299 Γνωστικοί
3571 5261 3630 5299 τι
3662 5247 3795 5300 πάν-

2209 5358 2299 5403 τες
2329 5342 2423 5394 καὶ
2448 5342 2737 5411 Μανιχαῖοι
2764 5341 2856 5393 καὶ
2881 5338 3290 5409 μεταγγισμοὺς
3313 5333 3455 5393 εἶναι
3481 5338 3668 5410 ψυχῶν
3694 5341 3794 5408 φά·

2212 5448 2420 5497 σκουσι,
2474 5432 2569 5485 καὶ
2624 5428 3143 5502 μετενσωματώσεις
3202 5430 3301 5501 τῆς
3344 5429 3526 5503 ψυχῆς
3577 5429 3686 5482 τῶν
3736 5431 3795 5487 ὲν

2222 5597 2241 5623 ⁸
2266 5588 2383 5647 γει.
2412 5590 2739 5653 ὁδοιπορίαν.
