3932 6064
121 129 205 183 Ill
776 126 1150 188 ADVERSUS
1190 129 1533 188 ll/EfiESES
1564 132 1695 188 LIB.
1736 130 1777 189 1.
1819 130 1983 189 TOM.
2027 128 2117 186 lll.
2159 159 2229 168 —
2268 122 2539 182 "ARIES.
2582 123 2740 178 XLII.

3277 131 3382 188 742

112 245 354 317 ἀγνωσία
383 245 708 318 ἀνθρώπιον,
741 247 816 310 ὼς
854 250 1007 305 αὐτοί
1037 269 1171 321 φασι
1200 250 1502 321 κατά,τινα
1532 249 1699 322 μυθο-

1808 262 1937 318 pora
1976 246 2245 302 transitus
2268 259 2394 301 esse
2421 243 2719 308 deﬁniunt;
2760 243 2909 314 quod
2948 243 3017 299 ad
3039 259 3137 301 eos
3158 248 3381 317 quidem

112 340 307 393 ποιίαν·
329 342 346 370 ¹
375 337 579 401 ταύτας
600 340 763 409 φασὶν
800 341 1172 413 ἐπιστρέφειν,
1207 344 1300 397 καὶ
1339 359 1691 413 μετενσωμα-

107 431 328 486 τοῦσθαι
361 433 442 496 εις
467 432 698 487 ἕκαστον
729 432 834 486 τῶν
866 433 1039 499 ζώων,
1078 434 1182 500 ἕως
1221 435 1287 490 ἂν
1334 434 1562 505 ἐπιγνῷ,
1596 435 1692 489 καὶ

107 523 248 579 οὕτω
297 523 636 597 καθαρθεῖσα
684 524 789 579 ’καὶ
838 524 1164 579 ἀναλυθεῖσα
1204 528 1443 597 μεταστῇ
1494 527 1575 589 εἰς
1623 524 1692 578 τὰ

110 617 426 690 ἐπουράνια.
1118 626 1130 638 '

178 889 290 942 Καὶ
356 886 572 959 πρῶτον
633 886 733 957 μὲν
785 882 1106 955 ἐλήλεγκται
1163 881 1333 937 αὐτοῦ
1384 884 1418 955 ἠ
1466 883 1693 953 μάταιος

108 982 260 1035 πᾶσα
293 978 387 1033 τοῦ
424 979 595 1050 μύθου
625 977 959 1046 κατασκευή.
992 976 1208 1029 Τούτων
1251 976 1361 1049 γὰρ
1400 975 1498 1047 τὴν
1530 978 1692 1048 ἀκρί-

108 1076 264 1128 δειαν
299 1073 475 1135 οὐδεὶς
507 1071 665 1134 ἄλλος
691 1070 915 1124 δύναται
955 1068 1153 1122 εἰδέναι
1182 1068 1322 1140 ὑπὲρ
1350 1068 1444 1123 τὸν
1493 1070 1695 1140 Κύριον

110 1167 267 1238 ἡμῶν
305 1158 512 1236 Ἰησοῦν
545 1163 798 1234 Χριστὸν,
826 1162 921 1218 τὸν
961 1161 1182 1217 ἐλθόντα
1212 1163 1301 1216 διὰ
1331 1162 1394 1215 τὸ
1424 1162 1695 1234 πρόϐατον

106 1262 169 1313 τὸ
215 1258 514 1322 ἀπολωλὸς,
565 1259 811 1311 τουτέστι
854 1257 942 1311 διὰ
979 1257 1079 1321 τὰς
1112 1257 1292 1328 ψυχὰς
1336 1255 1445 1310 τῶν
1482 1254 1684 1327 ἀνθρώ-

108 1368 256 1406 πων·
289 1351 348 1414 ὃς
385 1348 494 1404 τῶν
531 1349 709 1403 αὐτῶν
753 1348 1178 1420 ἐπιμελούμενος
1211 1348 1545 1419 ἐθεράπευσε
1588 1344 1694 1415 ψυο

106 1443 280 1513 χικῶς
306 1442 400 1496 καὶ
431 1440 779 1510 σωματικῶς,
810 1440 1058 1512 σώματός
1097 1457 1157 1494 τε
1189 1439 1283 1493 καὶ
1305 1438 1481 1510 ψυχῆς
1506 1438 1699 1491 δεσπό-

107 1537 239 1601 ζων,
277 1532 500 1602 καὶτῆς
532 1531 768 1586 ἐνταῦθα
806 1532 951 1603 ζωῆς
971 1530 1303 1604 παρεκτικὺς
1336 1530 1441 1591 ὢν.
1476 1531 1570 1584 καὶ
1596 1528 1697 1599 τῆς

1795 338 2307 400 homines’attinet,
2346 337 2444 408 qui
2484 337 2539 391 in
2570 337 2914 407 ignoratione
2959 347 3272 394 versantur.
3301 339 3383 395 De

1794 433 1993 506 quibus
2024 431 2215 486 nescio
2260 444 2427 500 quam
2465 427 2708 482 fabulam
2752 429 3049 483 commenti
3092 438 3243 490 sunt,
3295 444 3384 484 re-

1793 526 1913 580 dire
1983 523 2241 579 videlicet
2291 521 2571 583 animam,
2625 535 2691 575 ac
2740 536 2801 576 se
2841 521 2897 574 in
2947 522 3382 591 unumquodque

1794 617 2155 672 animantium
2187 614 2436 678 induere,
2464 612 2640 667 donec
2666 614 3034 684 cognitionem
3068 615 3260 685 adepta
3286 614 3379 678 sit,

1795 718 1961 780 atque
2002 708 2079 762 ita
2126 713 2388 778 purgata,
2416 705 2823 775 ‘dissolutaque
2874 706 2932 760 in
2967 706 3215 761 caelestia
3262 708 3381 760 loca

1794 802 2139 871 commigret.

1867 893 1975 949 Sed
2005 894 2058 947 iu
2084 891 2274 963 primis
2308 905 2512 944 vanum
2546 889 2680 944 illud
2722 890 2996 945 somnium
3034 891 3184 944 nullo
3215 906 3383 963 nego.

1795 985 1874 1040 tio
1911 983 2282 1038 convincitur.
2326 980 2543 1036 Etenim
2585 981 2719 1051 quid
2766 984 2945 1052 reipsa
2974 994 3195 1051 geratur
3239 986 3384 1040 scire

1796 1092 1959 1132 nemo
1990 1077 2186 1131 melius
2220 1084 2421 1146 potest,
2455 1089 2619 1144 quam
2643 1073 2804 1131 Jesus
2827 1075 3083 1131 Christus
3120 1076 3385 1133 Dominus

1798 1177 2006 1233 noster,
2046 1168 2141 1238 qui
2190 1165 2582 1236 recuperandae
2633 1167 2752 1221 ovis
2795 1167 3021 1236 perditm
3063 1168 3235 1237 gratia
3289 1167 3386 1222 de.

1796 1260 2035 1325 scendit,
2072 1260 2178 1314 hoc
2200 1268 2361 1315 estut
2391 1260 2604 1315 animas
2633 1259 2891 1313 liberaret
2915 1258 3220 1321 hominum,
3246 1274 3385 1330 quo-

1798 1368 1923 1408 rum
1962 1352 2182 1407 utilitati
2215 1366 2278 1406 ac
2309 1353 2617 1407 rationibus
2647 1350 2921 1412 serviens,
2949 1358 3059 1405 tam
3092 1352 3204 1406 illis
3242 1366 3385 1422 quas

1798 1444 1936 1508 dixi,
1967 1456 2135 1513 quam
2179 1442 2506 1517 corporibus
2547 1441 2683 1513 ipsis
2712 1440 3015 1495 remedium
3046 1441 3263 1507 attulit;
3297 1450 3386 1494 ut-

1801 1545 1927 1606 pote
1963 1535 2212 1606 corporis
2248 1535 2473 1604 pariter,
2511 1535 2816 1605 animaeque
2854 1535 3132 1597 dominus,
3174 1551 3239 1590 ac
3272 1543 3384 1587 tam

109 1625 414 1698 μελλούσης
432 1640 447 1655 ο
476 1621 571 1676 τοῦ
603 1623 700 1693 μὲν
731 1622 1152 1694 τελευτήσαντος
1186 1624 1229 1686 ',
1262 1623 1405 1694 φημὶ
1430 1622 1486 1675 δὲ
1515 1622 1695 1685 Λάζαε-

1808 1629 2088 1699 praesentis
2116 1643 2279 1699 quam
2311 1628 2511 1682 futurae
2534 1628 2660 1681 vitae
2686 1627 2930 1696 largitor.
2964 1628 3064 1682 llic
3090 1630 3235 1682 enim
3260 1635 3386 1698 post

109 1735 229 1790 ρον,
264 1716 360 1770 καὶ
392 1716 484 1769 τὸν
522 1714 636 1769 υἱὸν
660 1715 759 1786 τῆς
799 1715 997 1786 χήρας,
1024 1717 1119 1769 καὶ
1151 1714 1249 1786 τὴν
1289 1714 1563 1785 θυγατέρα
1604 1713 1699 1765 τοῦ

105 1804 564 1880 ἀρχισυναγώγου
593 1805 703 1860 ἀπὸ
736 1805 947 1878 νεκρῶν
969 1806 1208 1879 ἐγείρας,
1234 1805 1332 1859 οὐκ
1357 1807 1437 1868 είς
1465 1802 1699 1874 πονηρὸν

105 1903 312 1965 αὐτοὺς
361 1901 544 1972 φέρων
567 1938 583 1962 ,
631 1899 708 1963 ὡς
748 1899 903 1953 αὐτοὶ
956 1898 1019 1952 τὸ
1061 1898 1223 1969 σῶμα
1263 1897 1507 1969 φυλακὴν
1560 1894 1698 1950 εἶναι

102 1991 552 2065 δογματίζουσιν,
591 1989 728 2044 ἀλλὰ
772 1990 975 2059 ἀγαθὸν
1014 1990 1216 2055 ποιῶν,
1261 1991 1355 2043 καὶ
1394 1988 1696 2057 γινώσκων,

104 2089 189 2140 ὅτι
214 2087 313 2140 καὶ
338 2086 373 2155 ἠ
402 2082 634 2137 ἐνταῦθα
658 2085 716 2136 ἐν
748 2082 912 2155 σαρκὶ
942 2083 1230 2155 παραμονὴ
1253 2084 1342 2136 ὑπ’
1371 2082 1534 2137 αὐτοῦ
1569 2081 1702 2153 ὥρια

108 2195 256 2244 σται,
311 2179 408 2231 καὶ
437 2179 472 2248 ἡ
507 2176 774 2248 μέλλουσα
812 2176 1013 2247 σαρκὸς
1043 2177 1137 2230 καὶ
1166 2175 1344 2246 ψυχῆς
1382 2175 1696 2237 ἀνάστασις.

106 2272 222 2326 Καὶ
282 2272 334 2324 εἰ
375 2269 538 2324 πάλιν
568 2269 704 2341 ᾔδει,
744 2269 826 2322 ὅτι
870 2268 970 2340 μία
1007 2267 1153 2339 ψυχή
1190 2271 1338 2321 ἐστιν
1370 2268 1403 2338 ἡ
1448 2269 1509 2320 ἐν
1540 2264 1700 2332 ζώοις

108 2366 202 2418 καὶ
256 2364 319 2416 ἐν
362 2359 693 2432 ἀνθρώποις,
733 2360 912 2433 ψυχῆς
952 2359 1009 2413 δὲ
1052 2356 1184 2431 ἦλθε
1224 2358 1550 2430 ποιήσασθαι
1601 2359 1701 2430 τὴν

107 2454 427 2527 σωτηρίαν,
471 2454 571 2508 οὐκ
613 2453 720 2507 ἔδει
768 2454 930 2507 αὑτὸν
970 2453 1067 2507 ἕνα
1096 2451 1468 2524 καθαρίσαντα
1506 2451 1700 2523 δαιμο-

107 2549 341 2611 νιῶντα,
368 2545 512 2616 λέγω
536 2544 601 2617 δὴ
627 2546 719 2600 τὸν
745 2544 852 2598 ἀπὸ
879 2543 991 2598 τῶν
1018 2543 1296 2615 μνημείων
1325 2540 1700 2612 ἐξερχόμενον,

105 2640 375 2696 κελεῦσαι
422 2641 537 2702 τοῖς
594 2637 843 2708 δαίμοσιν
889 2635 1144 2690 ἀπελθεῖν
1165 2675 1180 2700 ,
1233 2635 1327 2688 καὶ
1384 2635 1702 2688 ἀποκτεῖναι

105 2733 407 2805 δισχιλίους
431 2732 668 2803 χοίρους,
699 2731 749 2783 εί
771 2730 885 2784 ῐσαι
905 2724 1047 2803 ἦσαν
1076 2729 1132 2782 αἱ
1160 2726 1331 2798 ψυχαὶ
1354 2725 1464 2778 τῶν
1492 2722 1703 2796 ἀνθρὼ-

106 2843 232 2881 πων
275 2824 375 2878 καὶ
418 2823 526 2877 τῶν
568 2821 785 2893 χοίρων.
831 2818 955 2883 Πῶς
987 2818 1097 2891 γὰρ
1144 2820 1272 2890 μιᾶς
1313 2814 1704 2888 ἐπιμελόμενος

105 2917 398 2991 δισχιλίων
418 2914 592 2969 ἐποίει
628 2913 878 2985 ὃλεθρον;
906 2914 969 2966 Ei
1011 2911 1066 2965 δὲ
1105 2911 1267 2965 πάλιν
1304 2911 1380 2974 ὼς
1417 2909 1539 2978 δφις
1578 2925 1705 2961 σκο-
1730 2959 1772 3017 C

104 3011 285 3066 λιεύει
330 3006 744 3080 μηχανώμενος,
783 3004 878 3060 καὶ
923 3004 1129 3074 λέγων,
1175 3005 1256 3058 ὅτι
1300 3002 1489 3056 ἔλυσεν
1534 3000 1705 3064 αὐτὰς

107 3102 222 3158 ἀπὸ
250 3100 364 3154 τῶν
388 3098 681 3169 σωμάτων,
707 3098 796 3150 ἵνα
817 3095 1113 3151 ἁνὲλθωσιν
1133 3111 1147 3126 ·
1177 3095 1287 3149 ἔδει
1324 3095 1415 3148 τὸν
1460 3091 1710 3164 Λάζαρον

105 3192 355 3247 λυθέντα
396 3190 492 3243 τοῦ
542 3190 794 3259 σώματος
846 3189 920 3261 μὴ
969 3187 1294 3259 ἐπιπρέψαι
1335 3185 1499 3240 πάλιν
1544 3187 1623 3248 εἰς
1647 3183 1709 3237 τὸ

107 3286 318 3357 σῶμα’
357 3281 559 3355 μᾶλλον
597 3280 656 3335 δὲ
686 3281 782 3335 καὶ
823 3280 988 3334 αὐτὸν
1025 3281 1117 3333 τὸν
1152 3277 1510 3351 δαιμονιῶντα
1548 3276 1710 3329 λῦσαι

101 3379 239 3440 τοὺς
258 3374 500 3447 δεσμοὺς
528 3372 625 3427 τοῦ
649 3371 900 3442 σώματος
918 3388 932 3402 ·
958 3371 1072 3425 ἀλλ’
1104 3372 1204 3424 οὐκ
1231 3370 1482 3440 ἐποίησεν
1505 3367 1706 3429 οὕτως·

103 3470 371 3541 προενόει
424 3466 481 3520 δὲ
536 3464 736 3536 μᾶλλον
787 3462 928 3516 οὕτω
978 3460 1070 3515 τοῦ
1126 3460 1377 3533 σώματος
1441 3459 1596 3523 εἰδὼς
1648 3458 1711 3512 τὸ

102 3560 421 3632 συμφέρον.

171 3837 455 3891 Διέπεσεν
492 3836 521 3888 ό
562 3833 692 3905 περὶ
740 3831 916 3904 ψυχῆς
960 3848 1055 3885 σου
1106 3831 1282 3899 λόγος,
1327 3823 1372 3883 ὦ
1418 3828 1705 3901 Μαρκίων,

92 3931 198 3984 καὶ
233 3929 354 3982 τῶν
392 3927 502 3981 ἀπὸ
531 3926 627 3979 σοῦ
671 3927 767 3979 καὶ
811 3925 920 3977 τῶν
958 3923 1131 3978 ἄλλων
1168 3923 1430 3995 αἱρέσεων
1454 3924 1708 3994 ὁρμωμέ-

89 4040 230 4076 νων.
272 4021 394 4074 Kal
422 4019 551 4090 περὶ
586 4018 683 4089 τῆς
719 4017 1091 4089 προσπιητῆς
1128 4033 1220 4069 σου
1252 4014 1522 4078 πολιτείας
1552 4010 1707 4077 αὖθις

90 4116 237 4188 ἐρῶ.
273 4115 372 4168 διὰ
400 4112 462 4166 τὸ
492 4112 669 4181 λέγειν
698 4127 755 4163 σε
786 4110 1021 4180 πονηρὸν
1054 4104 1193 4163 εἶναι
1230 4110 1324 4163 καὶ
1352 4107 1610 4178 ἀθέμιτον
1646 4106 1707 4159 τὸ

90 4207 339 4281 σαρκῶν
384 4202 838 4275 μεταλαμϐάνειν.
891 4200 1134 4270 Ἑλέγχει
1193 4199 1251 4252 δέ
1312 4216 1371 4252 σε
1426 4202 1454 4255 ὁ
1515 4200 1706 4271 Σωτὴρ

1799 1721 2048 1790 corporis
2081 1720 2313 1781 obitum,
2348 1718 2638 1780 Lazarum,
2680 1726 2735 1772 et
2767 1720 2945 1773 vidua:
2974 1719 3164 1782 ﬁlium,
3196 1735 3260 1774 ac
3294 1734 3388 1791 sy-

1800 1827 2023 1882 nagoga:
2056 1811 2322 1882 principis
2346 1811 2511 1864 lilia-tn
2535 1811 2797 1865 excitavit
2830 1826 2860 1864 a
2892 1811 3151 1875 mortuis,
3182 1826 3291 1866 non
3326 1818 3388 1866 ut

1802 1905 1856 1959 in
1910 1904 2114 1957 malum
2153 1902 2415 1973 quiddam
2465 1901 2590 1957 i-ll‘os
2641 1901 2829 1957 subire
2865 1902 3256 1972 compelleret:
3287 1918 3388 1957 cu-

1796 1994 2038 2065 jusmodi
2085 1993 2419 2064 ergastulum
2470 1992 2561 2047 isti
2620 1991 2820 2046 animae
2866 2006 3071 2061 corpus
3121 2006 3246 2047 esse
3274 2000 3389 2046 sta-

1801 2093 1981 2149 tuunt,
2027 2085 2124 2139 sed
2170 2079 2379 2138 bonum
2417 2082 2604 2152 utique
2632 2084 2790 2155 331
2819 2084 3063 2146 molitus,
3108 2097 3173 2137 ac
3218 2082 3389 2152 probe

1803 2175 1950 2231 istud
1981 2175 2312 2247 intelligens,
2352 2183 2459 2228 tam
2490 2174 2635 2255 i'l'lai'u
2667 2175 2722 2227 in
2742 2189 2974 2243 corpore
2997 2172 3388 2228 commoratio-

1801 2283 1927 2323 nem
1959 2283 1989 2322 a
2019 2282 2099 2330 se,
2140 2281 2304 2336 quam
2339 2264 2578 2320 futuram
2603 2265 2789 2320 carnis
2809 2272 2864 2318 et
2904 2265 3102 2318 animat
3139 2279 3388 2320 resurre-

1801 2361 2038 2415 ctionem
2066 2374 2194 2415 esse
2231 2356 2535 2412 deﬁnitam.
2572 2360 2649 2411 Ac
2682 2357 2729 2412 si
2763 2357 3101 2427 reliquorum
3134 2359 3388 2412 animau-

1803 2453 1939 2507 tium
1987 2452 2235 2506 eamdem
2286 2460 2449 2520 atque
2496 2449 2779 2503 hominum
2837 2463 2959 2504 esse
2997 2457 3216 2519 putaret
3269 2449 3389 2503 ani-

1802 2560 1972 2609 mam,
1997 2560 2123 2599 cum
2151 2544 2349 2599 animae
2374 2543 2656 2599 servandae
2685 2558 2853 2599 causa
2883 2544 3142 2610 venisset,
3177 2556 3389 2612 nequa-

1802 2653 1967 2710 quam
2016 2638 2306 2708 oportebat
2346 2637 2633 2707 arreptitio
2680 2653 2791 2692 uno
2826 2645 3159 2706 persanato,
3207 2633 3302 2705 qui
3357 2649 3389 2688 e

1804 2731 2174 2786 monumentis
2202 2730 2406 2795 exibat,
2437 2730 2588 2786 abire
2624 2732 2900 2786 daemones
2925 2729 3141 2800 jubere,
3170 2743 3233 2783 ac
3261 2742 3399 2798 por-

1805 2837 1996 2877 corum
2026 2822 2199 2876 millia
2225 2820 2336 2876 duo
2364 2822 2653 2902 perimere,
2690 2824 2738 2879 si
2768 2824 2821 2877 in
2859 2824 3041 2893 porcis
3070 2830 3125 2877 et
3154 2820 3390 2875 homini«

1806 2914 1910 2968 bus
1947 2913 2147 2968 eadem
2181 2913 2377 2967 animae
2420 2914 2720 2968 resideant.
2764 2914 2877 2968 Cur
2915 2914 3064 2969 enim
3103 2912 3269 2967 unius
3299 2925 3390 2966 cu-

1812 3019 1926 3058 ram
1956 3018 2081 3058 cum
2112 3005 2348 3069 duorum
2388 3004 2620 3059 millium
2650 3007 3025 3061 commutabat
3064 3004 3274 3060 exitio?
3306 3005 3390 3059 Ad

1810 3099 1926 3153 haec
1955 3098 2001 3152 si
2033 3099 2305 3168 serpentis
2337 3101 2515 3153 instar
2538 3098 2778 3167 obliquis
2820 3096 3051 3153 ﬂexibus
3086 3096 3281 3152 callide
3315 3098 3388 3151 ir-

1780 3210 1786 3214 ·
1813 3199 1983 3261 repat,
2020 3205 2083 3245 ac
2110 3190 2280 3256 dicat,
2318 3192 2440 3247 ideo
2464 3206 2493 3245 a
2525 3191 2775 3261 corporis
2811 3191 2933 3246 illas
2969 3191 3203 3245 vinculis
3231 3205 3401 3246 exso-

1812 3282 1980 3346 lutas,
2023 3299 2244 3338 sursum
2268 3292 2329 3338 ut
2365 3285 2584 3339 evolare
2611 3291 2868 3354 possent;
2910 3283 3074 3336 etiam
3120 3280 3391 3339 Lazarum

1809 3390 1910 3446 par
1929 3386 2049 3433 erat
2076 3390 2305 3446 corpore
2328 3377 2591 3442 solutum,
2620 3374 2687 3429 ad
2712 3389 2913 3446 corpus
2944 3375 3143 3428 iterum
3168 3373 3393 3428 minime

1810 3465 2033 3530 reverti,
2072 3466 2318 3536 adeoque
2358 3466 2511 3521 illum
2539 3467 2717 3537 ipsum
2755 3481 2918 3537 quem
2967 3465 3209 3520 diximus
3239 3478 3393 3519 arre-
3478 3536 3485 3539 _

1810 3559 2030 3628 ptitium
2076 3559 2328 3628 corporis
2378 3559 2617 3614 vinculis
2657 3558 3117 3630 eximerezquod
3169 3556 3393 3627 quidem

1812 3648 1993 3707 facere
2021 3650 2218 3712 noluit,
2262 3649 2359 3704 sed
2398 3650 2614 3718 corpori
2646 3652 2828 3722 potius
2871 3652 2977 3706 hoc
3013 3651 3176 3706 modo
3210 3649 3393 3720 provi-

1810 3742 1911 3804 dit,
1943 3738 2089 3794 haud
2129 3739 2353 3809 ignarus
2384 3741 2513 3809 quid
2551 3741 2900 3808 potissimum
2923 3745 3225 3811 expediret.

1881 3831 2247 3900 Quamobrem
2272 3831 2385 3884 ruit
2404 3833 2494 3884 ilia
2515 3840 2628 3897 tua,
2653 3831 2878 3897 Marcio,
2895 3847 3244 3907 tuorumque,
3263 3853 3391 3894 nec-

1811 3943 1921 3982 non
1960 3937 2015 3982 et
2049 3935 2371 3982 caeterorum
2419 3925 2487 3980 de
2537 3924 2723 3979 anima
2768 3926 3151 3982 haereticorum
3187 3931 3393 4000 Opinio.

1813 4021 1887 4076 De
1913 4020 2170 4077 simulata
2204 4035 2334 4075 vero
2356 4019 2449 4073 illa
2470 4026 2565 4073 tua
2588 4020 2713 4093 vita:
2746 4020 3057 4091 integritate
3083 4037 3230 4077 nunc
3258 4037 3393 4092 pau-

1809 4117 1892 4171 cis
1931 4115 2204 4186 agendum
2238 4120 2358 4180 est;
2398 4113 2574 4185 deque
2596 4127 2662 4168 eo
2692 4113 2838 4186 quod
2878 4114 3203 4169 sceleratum
3233 4125 3393 4187 atque

1810 4205 2201 4261 exsecrabilem
2255 4221 2415 4262 usum
2467 4205 2715 4260 carnium
2764 4220 2888 4261 esse
2934 4207 3245 4264 contendis.
3290 4207 3395 4265 Sed

88 4300 270 4355 πλέον
334 4315 434 4352 σου
485 4295 867 4366 ἐπιστάμενος,
918 4294 1014 4347 καὶ
1064 4292 1328 4346 διδάσκων
1377 4292 1441 4345 τὸ
1491 4292 1700 4347 κάλλιον

1811 4299 2071 4353 nimirum
2133 4308 2187 4354 te
2232 4296 2483 4353 Salvator
2529 4297 2647 4367 ipse
2700 4297 3062 4364 condemnat,
3123 4301 3217 4370 qui
3270 4317 3394 4356 cum

81 4393 207 4447 ἀπὸ
253 4390 364 4445 τοῦ
405 4386 647 4442 τοιούτου
692 4385 877 4458 ῥητοῦ.
925 4386 1088 4455 Λέγει
1133 4384 1269 4457 γάρ·
1320 4385 1459 4438 Τίνα
1500 4387 1533 4438 ὁ
1575 4384 1706 4450 υίὸς

80 4482 340 4551 αἰτήσῃ
374 4482 589 4550 ίχθύν;
612 4477 699 4548 μὴ
746 4478 885 4548 ὄφιν
932 4477 1208 4532 ἐπιδώσει
1257 4476 1452 4542 αὐτ-ᾡς
1493 4476 1533 4545 ἣ
1572 4475 1706 4530 ἀντὶ

74 4576 211 4631 ὠοῦ
248 4573 609 4641 σκορπίον;
635 4573 744 4626 Καὶ
772 4570 997 4643 ὕστερόν
1030 4586 1193 4641 φησιν
1218 4585 1231 4600 υ
1267 4571 1336 4623 El
1372 4564 1487 4623 οὖν
1514 4567 1703 4637 ὑμεῖς,

76 4665 372 4736 πονηροὶ
403 4663 595 4730 ὄντες,
626 4662 825 4717 οῐδατε
857 4662 1082 4733 δόματα
1107 4662 1297 4732 ἀγαθὰ
1325 4660 1557 4714 διδόναι
1584 4659 1707 4725 τοῖς

72 4762 350 4825 τέκνοις
402 4756 596 4827 ὑμῶν,
649 4757 821 4821 πόσῳ
861 4755 1104 4825 μᾶλλον
1152 4758 1185 4808 ὁ
1236 4753 1441 4822 Πατὴρ
1477 4752 1645 4822 ὑμῶν
1674 4755 1708 4806 ὁ

70 4856 195 4907 ἐπο
206 4849 480 4921 ιψὰνιος
503 4864 521 4912 ;
549 4849 611 4900 Ei
635 4848 814 4902 τοίνυν
838 4847 1049 4919 δόματα
1068 4847 1245 4916 ἀγαθὰ
1269 4845 1535 4917 κέκληκεν
1554 4844 1706 4917 ἰχθὺν

69 4948 176 5001 καὶ
224 4946 380 5005 ὠὸν,
421 4941 484 4994 οὐ
522 4940 758 5011 πονηρὸν
805 4941 864 4993 τὸ
907 4941 1021 5010 μετ’
1057 4939 1403 5011 εὐχαριστίας
1462 4940 1528 4992 ἐκ
1569 4935 1707 4992 Θεοῦ

67 5034 377 5109 χαρισθὲν
430 5028 1001 5102 μεταλαμϐανόμενον,
1035 5029 1129 5082 καὶ
1172 5028 1496 5098 ἐλήλεγκταί
1538 5046 1632 5082 σου
1671 5030 1707 5099 ἡ

68 5124 460 5201 κακοτροπία
486 5123 839 5194 πανταχόθεν.

146 5311 332 5383 Σχόλ.
383 5311 485 5360 κε’.
526 5303 952 5373 Παρακέκοπται
987 5305 1048 5358 τὸ
1095 5305 1225 5377 περὶ
1267 5306 1420 5358 Ἰωνᾶ
1455 5304 1549 5358 τοῦ
1575 5322 1708 5376 προ.

64 5408 289 5481 φὴτου,
352 5393 496 5465 Εἶχε
543 5396 687 5464 γάρ·
725 5395 793 5449 Ἠ
843 5396 1016 5465 γενεὰ
1066 5398 1220 5463 αὕτη
1263 5394 1518 5464 σημεῖον
1550 5396 1592 5456 ³,
1635 5398 1707 5450 οὺ

142 5596 159 5629 ι
191 5593 339 5647 For.
389 5583 510 5638 καί.
593 5584 615 5613 ¹
644 5578 763 5633 For.
807 5580 925 5643 τοῦς
978 5582 1073 5649 μὲν
1108 5546 1554 5651 τελευτήσαντας.

1814 4391 2042 4446 scientia
2076 4390 2235 4461 longe
2266 4391 2560 4454 antecellit,
2599 4397 2711 4444 tum
2737 4389 2867 4460 quid
2903 4391 3099 4447 melius
3125 4403 3271 4449 esset
3295 4394 3394 4449 hac

1815 4482 2083 4537 sententia
2114 4481 2431 4549 complexus
2469 4488 2553 4536 est
2586 4499 2598 4534 :
2629 4479 2887 4545 Quisnam
2913 4491 3013 4543 est,
3061 4499 3093 4535 a
3120 4498 3221 4552 quo
3251 4482 3396 4552 ﬁlius

1812 4583 1953 4644 petat
1976 4575 2207 4644 piscem;
2247 4589 2371 4626 num
2403 4582 2693 4643 serpentem
2728 4572 2878 4627 dabit
2926 4573 3008 4627 illi
3040 4584 3133 4628 aut
3173 4590 3266 4643 pro
3305 4592 3395 4629 ovo

1814 4667 2182 4736 scorpionem?
2212 4664 2423 4731 Quibus
2450 4667 2553 4721 ista
2585 4665 2818 4734 subjecit
2852 4680 2868 4719 :
2898 4664 2955 4721 Si
2990 4683 3109 4737 ergo
3157 4683 3243 4721 vos
3277 4684 3397 4721 cunt

1815 4761 1932 4816 sitis
1970 4760 2099 4813 mali
2121 4759 2284 4812 nostis
2316 4758 2453 4813 bona
2481 4757 2611 4812 data
2642 4758 2772 4812 dare
2798 4758 2928 4828 ﬁliis
2962 4759 3166 4823 vestris,
3201 4768 3398 4830 quanto

1815 4854 1984 4924 magis
2020 4852 2183 4907 Pater
2217 4862 2385 4906 vester
2434 4851 2699 4907 caelestis?
2724 4851 2893 4921 Igitur
2930 4866 3055 4905 cum
3096 4850 3224 4905 data
3256 4851 3395 4905 bona

1817 4945 2022 5015 piscem
2047 4958 2321 5021 ovumque
2346 4943 2613 5007 nominet,
2641 4943 2844 4996 malum
2866 4958 2973 4996 non
2997 4950 3082 4997 est
3110 4940 3263 5002 illud,
3287 4958 3397 5012 qun

1815 5037 2035 5093 caelitus
2078 5049 2345 5091 concesso
2382 5050 2507 5089 cum
2554 5033 2856 5106 gratiarum
2903 5035 3118 5089 actione
3160 5033 3399 5101 perfrui-

1816 5144 1974 5190 mur;
2005 5126 2251 5197 adeoque
2281 5134 2373 5182 tua
2395 5142 2463 5183 ex
2492 5126 2642 5181 omni
2667 5134 2821 5197 parte
2848 5124 3003 5182 fraus
3033 5125 3399 5197 impietasque

1814 5213 2101 5285 detegitur.

1887 5306 2072 5362 Schol.
2115 5306 2208 5362 25.
2251 5305 2565 5362 Detraotum
2609 5306 2743 5363 illud
2796 5316 2933 5374 erat,
2970 5305 3116 5377 quod
3160 5306 3227 5361 ad
3272 5322 3399 5377 pro-

1814 5400 2032 5469 phetam
2077 5397 2270 5452 Jonam
2304 5400 2555 5469 pertinet.
2598 5399 2687 5456 Sic
2733 5402 2877 5457 enim
2931 5401 3202 5456 habebat:
3234 5396 3396 5456 Gene-

1634 5580 1652 5609 ³
1681 5580 1833 5634 Adde
1852 5581 2012 5644 αἰτεῖ,
2046 5580 2138 5632 καὶ
2176 5581 2420 5648 σημεῖον.
