3932 6064
515 176 618 231 743

1960 164 2018 217 S.
2055 161 2394 215 EPIPIIANh

3715 146 3825 200 ἸΞᾼ

515 292 654 346 ratio
690 290 823 355 lucc,
874 290 1084 362 signum
1129 305 1233 343 non
1261 286 1479 341 dabitur
1508 284 1616 341 ei‘.
1647 280 2111 339 Desidet-nitantur

2238 277 2534 348 ῖοθήσεται
2589 273 2764 343 αὐτῇ.
2817 270 2930 326 Οὐκ
2969 263 3083 341 εἷχε
3115 267 3173 323 δὲ
3213 268 3341 339 περὶ
3379 265 3713 338 βασιλίσσης
3737 266 3821 318 νό-

515 389 571 438 et
594 382 706 444 illa,
740 381 943 452 quibus
970 382 1039 436 de
1070 379 1264 434 Ninive
1287 387 1342 434 et
1377 376 1672 431 Salomone
1701 374 1759 429 lit
1789 374 2016 441 mentio.

590 469 772 526 Refut.
808 471 898 526 25.
939 469 1051 524 Nec
1081 470 1137 523 in
1188 468 1297 523 illis
1326 466 1548 536 quidem
1600 464 1737 520 locis
1789 478 1912 534 qua:
1948 462 2110 516 muti-

519 555 686 609 lando
718 555 1048 625 corrumpis,
1079 552 1313 615 Marcio,
1345 552 1454 606 vim
1494 557 1651 621 potes
1690 549 1940 605 veritatis
1981 547 2113 603 etfu-

518 664 666 719 gere.
699 646 941 701 Tametsi
991 645 1139 701 enim
1175 652 1350 699 totum
1399 642 1533 698 illud
1570 642 1638 697 de
1663 641 1801 697 Jona
1847 640 2112 712 prapheta

520 737 834 799 subtrahas,
861 750 971 806 quo
1014 732 1317 790 Salvatoris
1362 732 1764 788 administratio
1796 732 1886 786 illa
1931 731 2113 787 omnis

519 829 881 898 exprimitur;
924 825 1142 881 auferas
1172 827 1337 882 etiam
1369 840 1433 880 ea
1473 840 1595 895 qua:
1638 825 1704 878 ad
1739 823 1926 879 Austri
1968 824 2115 894 regi-

522 936 648 975 nam
689 935 754 974 ac
791 918 1139 974 Salomonem
1167 925 1439 988 spectant,
1474 932 1582 971 una
1614 932 1738 971 cum
1768 915 1992 972 salutari
2022 916 2114 970 illa

522 1013 751 1069 Ninives
784 1013 1085 1077 mentione,
1112 1026 1177 1065 ac
1210 1008 1364 1064 Jonte
1395 1008 1809 1080 prmdicatione,
1846 1008 2118 1061 nihilomi-

523 1124 631 1162 nus
662 1108 746 1162 vel
784 1107 896 1169 illa,
943 1119 1109 1173 quam
1144 1102 1431 1174 proposui,
1456 1100 1675 1170 jugulat
1719 1108 1773 1155 te
1816 1099 2117 1155 Salvatoris

523 1200 686 1270 332
710 1199 909 1253 oratio.
947 1200 1040 1252 Sic
1072 1197 1217 1251 enim
1262 1195 1544 1264 loquitur:
1573 1191 1855 1247 Generatio
1900 1192 2010 1245 Itwc
2041 1193 2119 1245 si-

526 1308 688 1363 gnum
722 1293 951 1363 autem;
983 1300 1034 1345 et
1072 1292 1279 1361 signum
1312 1305 1415 1343 non
1445 1287 1663 1341 dabitur
1686 1287 1753 1341 ei.
1798 1286 2008 1352 Quibus
2034 1287 2119 1340 in-

529 1384 675 1437 dicat
703 1382 1085 1452 generationes
1114 1380 1254 1441 illas,
1279 1392 1399 1447 quae
1434 1377 1575 1431 hanc
1615 1384 2050 1440 antecesserant,
2086 1390 2115 1428 a

531 1473 643 1530 Deo
673 1472 919 1544 prodigia
964 1471 1183 1526 caelitus
1227 1486 1350 1524 esse
1401 1476 1753 1524 consecutas.
1795 1466 2119 1536 Cujusmodi

530 1567 834 1637 praestitum
859 1573 946 1620 est
976 1563 1046 1616 ab
1082 1562 1224 1625 Elia,
1256 1577 1382 1616 cum
1410 1562 1563 1631 ignis
1588 1577 1618 1616 e
1644 1560 1784 1615 caelo
1822 1560 2013 1629 lapsus
2040 1572 2122 1611 sa-

2210 387 2307 424 του
2335 369 2430 423 καλ⁵
2462 366 2806 438 Σαλομῶνος.

2299 461 2520 531 Ἔλεγχ.
2552 466 2650 513 κε’.
2678 458 2791 512 Καὶ
2818 458 2876 510 ἐν
2892 457 3073 520 αὐτοῖς
3103 450 3184 519 οἷς
3203 456 3380 517 δοκεῖς
3411 450 3818 525 παρακόπτειν,

2213 554 2274 608 οὐ
2307 552 2553 615 δύνασαι,
2595 545 2641 604 ὦ
2673 548 2960 621 Μαρκίων,
2989 547 3173 601 λαθεῖν
3215 546 3317 616 τὴν
3364 544 3653 614 ἀλήθειαν.
3699 542 3819 595 Κᾶν

2214 639 2422 711 ἀφέλῃς
2449 638 2558 708 γὰρ
2594 639 2721 711 περῖ¹
2760 639 2915 691 Ἰωνᾶ
2947 636 3041 690 τοῦ
3086 636 3367 708 προφήτου
3401 635 3431 688 ὃ
3463 634 3565 705 τὴν
3609 636 3814 687 οἰκονο-

2219 728 2349 801 μίαν
2377 727 2633 799 σημαίνει
2676 726 2772 780 τοῦ
2808 726 3084 798 Σωτῆρος,
3130 725 3339 798 ἀφέλῃς
3372 724 3431 778 δὲ
3466 724 3567 777 καὶ
3600 723 3664 777 τὸ
3692 724 3816 792 περὶ

2214 820 2314 892 τῆς
2354 819 2674 891 βασιλίσσης
2721 817 2814 872 τοῦ
2864 817 3018 871 νότου
3057 818 3153 870 καὶ
3196 814 3545 887 Σαλομῶνος,
3590 816 3688 869 καὶ
3718 814 3814 882 τῆς

2215 910 2406 963 Νινευϊ
2449 909 2549 982 τὴν
2589 908 2905 981 σωτηριὼδη
2958 908 3252 972 ὑπόθεσιν,
3296 909 3393 963 καί¹
3432 907 3529 961 τοῦ
3565 908 3724 960 Ἰωνᾶ
3756 907 3813 959 τὸ

2217 1003 2506 1073 κήρυγμα,
2539 1001 2703 1067 αὐτὸς
2739 1003 2768 1055 ὁ
2810 1000 3166 1072 προκείμενος
3211 1000 3369 1068 λόγος
3418 999 3514 1053 τοῦ
3562 999 3814 1069 Σωτῆρος

2218 1093 2451 1165 ἐλέγχει.
2485 1094 2649 1163 Λέγει
2679 1087 2787 1164 γὰρ
2806 1110 2821 1124 ο
2871 1092 2934 1146 Ἠ
2969 1103 3146 1161 γενεα
3178 1092 3330 1160 αὕτη
3357 1090 3618 1160 σημεῖον
3649 1091 3841 1154 αίτεῖ,’

2220 1186 2318 1240 καὶ
2347 1186 2602 1256 σημεῖον
2628 1188 2700 1240 οὐ
2734 1185 3056 1253 δοθήσεται
3086 1184 3263 1253 αὐτῇ.
3307 1185 3395 1248 Ὠς
3438 1185 3548 1238 τῶν
3582 1184 3694 1255 πρὸ
3721 1186 3813 1237 αὐ-

2220 1275 2319 1345 τῆς
2351 1276 2454 1346 τῆς
2485 1277 2678 1344 γενεᾶς
2712 1274 3155 1341 καταξιωθεισῶν
3204 1276 3447 1346 σημείων
3483 1275 3641 1346 παρὰ
3685 1275 3810 1328 Θεοῦ

2221 1368 2316 1421 ἀπ’
2348 1369 2601 1441 οὐρανοῦ.
2646 1370 2727 1434 Ὠς
2772 1372 2800 1423 ό
2863 1371 2965 1441 μὲν
3001 1369 3186 1434 Ἦλίας
3234 1372 3462 1440 σημεῖον
3513 1370 3691 1423 ἐποίει
3730 1369 3811 1422 διὰ

2220 1459 2315 1513 τοῦ
2345 1461 2440 1514 ἀπ’
2470 1461 2700 1534 οὐρανοῦ
2756 1462 2928 1535 πυρὸς
2969 1461 3436 1532 καταϐεϐηκότος,
3486 1463 3583 1517 καὶ
3627 1462 3810 1516 λαϐόν-

2222 1568 2314 1614 τος
2341 1551 2437 1624 τὴν
2467 1551 2658 1606 θυσίαν
2678 1569 2692 1583 ·
2734 1555 2828 1607 καὶ
2864 1554 3108 1624 Μωῦσῆς
3140 1554 3328 1624 τέμνει
3367 1555 3468 1627 τὴν
3517 1555 3807 1621 θάλασσαν,

527 1657 736 1712 criticia
787 1657 1135 1727 consumpsit
1159 1659 1201 1709 '.
1238 1653 1455 1725 Moyses
1488 1668 1619 1706 vero
1661 1667 1815 1706 mare
1844 1650 2120 1717 dividit’;

2238 1644 2321 1697 (ai.
2345 1644 2446 1715 τὴν
2478 1644 2684 1718 πέτραν
2709 1645 2916 1711 νύσσει,
2942 1647 3035 1699 καὶ
3066 1648 3286 1717 προχέει
3322 1646 3487 1719 ὕδωρ.
3522 1649 3621 1703 καὶ
3648 1650 3813 1719 μάννα

530 1766 795 1823 percusso
834 1751 998 1804 silice
1015 1764 1186 1819 aquas
1213 1748 1361 1801 elicit
1383 1747 1440 1813 δς
1472 1755 1637 1817 atque
1680 1761 1712 1800 e
1745 1744 1887 1800 C(elo
1921 1759 2123 1797 manna

530 1843 771 1897 demittit
793 1842 835 1895 ⁸.
861 1840 1021 1895 Jcsus
1049 1839 1197 1893 Nave
1229 1839 1372 1892 [ilius
1403 1839 1572 1892 solem
1604 1836 1750 1891 sistit
1783 1850 1847 1889 ac
1872 1836 2057 1889 lunam
2079 1832 2121 1890 ⁸.

533 1934 692 1990 Unde
726 1934 1080 2004 quantumvis
1113 1947 1235 2001 quae
1264 1931 1469 2000 scripta
1499 1937 1629 1983 sunt
1668 1929 1935 1998 impostor
1960 1928 2125 1983 dissi-

535 2029 729 2094 mulet,
778 2028 915 2082 nihil
946 2026 1164 2081 veritati
1199 2040 1397 2080 nocere
1444 2023 1683 2093 poterit:
1715 2022 1812 2077 sed
1858 2021 1929 2076 ab
1964 2036 2027 2076 ea
2064 2034 2125 2076 se

536 2121 711 2188 magis
741 2118 1018 2173 alienabit.
1230 2128 1237 2129 ’

608 2209 797 2263 Schol.
830 2209 919 2262 26.
964 2207 1072 2260 Pro
1095 2222 1162 2261 eo
1193 2205 1339 2275 quod
1378 2212 1463 2259 est
1484 2246 1498 2269 ,
1534 2203 1831 2257 Prmteritis
1863 2202 1958 2257 Dei
1979 2201 2128 2273 judi-

532 2302 694 2361 cium,
755 2298 1142 2367 rescripserat,
1199 2294 1495 2350 Prazteritis
1539 2293 1635 2347 Dei
1672 2294 2051 2347 vocationem".

605 2391 790 2447 Refut.
819 2391 909 2445 26.
952 2388 1093 2456 Quid
1117 2397 1201 2443 est
1235 2389 1379 2459 quod
1415 2386 1481 2440 ad
1522 2399 1575 2441 te
1616 2386 1974 2441 refellendum
2015 2400 2125 2441 non

537 2483 754 2537 valeat?
792 2489 887 2536 aut
924 2479 1067 2535 unde
1121 2496 1233 2534 non
1279 2478 1487 2534 arccssi
1522 2483 1730 2541 contra
1778 2488 1832 2532 te
1875 2476 2123 2532 testimo-

500 2589 505 2593 '
538 2572 690 2625 nium
734 2571 938 2642 queat?
969 2569 1151 2624 Prima
1201 2570 1346 2624 enim
1387 2585 1511 2623 cum
1558 2566 1956 2638 posterioribus
1994 2582 2129 2622 con-

537 2667 784 2722 sentiunt
814 2685 828 2720 :
860 2673 919 2720 ut
951 2666 1220 2720 scelerata
1251 2665 1339 2718 illa
1366 2674 1458 2719 tua
1487 2664 1852 2718 convincatur
1874 2662 2125 2716 audacia.

538 2757 674 2811 Cum
720 2758 865 2811 enim
915 2756 1095 2810 dicit:
1129 2755 1337 2809 Tenetis
1382 2755 1699 2808 traditiones
1745 2753 2034 2831 seniorum,
2076 2761 2126 2806 et

539 2849 822 2917 prwteritis
852 2847 1270 2901 misericordiam
1293 2857 1343 2900 et
1362 2846 1629 2913 judicium
1670 2845 1802 2907 Dei;
1827 2842 2000 2907 disce,
2037 2857 2129 2896 so-

540 2936 665 2993 des.
708 2953 771 2991 ex
794 2944 1166 3006 quotempore
1192 2937 1309 2991 haec
1350 2938 1473 2990 illos
1503 2936 1863 2991 observantes
1893 2940 2125 3003 arguat;

2224 1734 2318 1787 ἀπ’
2348 1734 2579 1807 οὐρανοῦ
2622 1736 2811 1809 φέρειο
2859 1738 2954 1791 καὶ
2991 1737 3199 1809 Ἰησοῦς
3233 1739 3263 1790 ὁ
3314 1739 3404 1791 τοῦ
3447 1740 3607 1811 Ναυῆ
3644 1740 3811 1812 ἵστησι

2223 1825 2315 1878 τὸν
2348 1826 2521 1895 ἥλιον,
2551 1829 2645 1881 καὶ
2672 1828 2771 1900 τὴν
2801 1830 3050 1901 σελήνην.
3083 1831 3192 1883 Καὶ
3229 1831 3372 1885 κατὰ
3411 1833 3592 1886 πάντα
3623 1836 3812 1906 τρόπον

2225 1915 2329 1969 κᾶν
2353 1917 2536 1991 κρύψῃ
2555 1919 2624 1972 τὰ
2643 1921 3006 1992 γεγραμμένα
3033 1921 3310 1986 ἀπατεὼν,
3333 1923 3486 1977 οὐδὲν
3512 1923 3705 1994 βλάψει
3725 1927 3812 1997 τὴν

2225 2007 2504 2079 ἀλήθειαν,
2529 2010 2644 2064 ἀλλ’
2667 2011 2859 2066 ἑαυτὸν
2885 2012 3236 2087 ἀπαλλοτριοῖ
3255 2014 3357 2084 τῆς
3387 2014 3669 2086 ἀληθείας.

2296 2189 2453 2260 Σχόλ.
2486 2196 2598 2255 κς’.
2632 2192 2777 2246 Ἀντὶ
2807 2192 2923 2256 τοῦ,
2948 2194 3326 2264 Παρέρχεσθε
3349 2195 3467 2263 τὴν
3489 2198 3699 2265 κρίσιν
3716 2194 3813 2252 τοῦ

2228 2280 2399 2343 Θεοῦ,
2428 2311 2500 2320 -
2526 2283 2903 2351 Παρέρχεσθε
2933 2285 3050 2354 τὴν
3082 2286 3311 2351 κλῆσιν
3336 2287 3445 2342 τοῦ
3469 2288 3643 2342 Θεοῦ.

2305 2372 2527 2444 Ἕλεγχ.
2567 2381 2680 2439 κς’,
2714 2375 2885 2429 Πόθεν
2917 2378 3016 2431 οὐκ
3051 2378 3281 2454 ὲλέγχῃς
3324 2379 3491 2433 πόθεν
3511 2380 3569 2433 δὲ
3612 2382 3654 2413 ’⁸
3685 2380 3816 2435 κατὰ

2230 2463 2323 2518 σοῦ
2341 2465 2580 2537 συναχθῇ
2605 2468 2637 2537 ή
2666 2469 2973 2539 μαρτυρία;
2998 2470 3079 2523 Τὰ
3109 2470 3302 2542 πρῶτα
3331 2471 3441 2543 γὰρ
3471 2473 3688 2545 συνᾴδει
3714 2476 3815 2537 τοῖς

2231 2556 2545 2626 μετέπειτα,
2593 2557 2960 2630 ὲλεγχομένης
3003 2561 3103 2632 τῆς
3131 2565 3281 2635 παρὰ
3318 2563 3411 2618 σοῦ
3452 2565 3810 2636 ῥᾳδιουργίας.

2242 2650 2365 2704 Ἐὰν
2416 2652 2524 2721 γὰρ
2569 2650 2718 2723 εἴπῃ,
2775 2652 3068 2722 Κατέχετε
3122 2661 3232 2721 τὰς
3281 2657 3654 2725 παραδόσεις
3710 2659 3817 2712 τῶν

2228 2743 2645 2812 πρεσϐυτέρων
2695 2743 2882 2814 ὑμῶν,
2932 2746 3030 2802 καὶ
3071 2747 3445 2816 παρέρχεσθε
3496 2750 3566 2803 τὸ
3631 2752 3814 2817 ἕλεος,

2227 2832 2328 2886 καὶ
2365 2832 2481 2899 τὴν
2524 2835 2731 2902 κρίσιν
2775 2835 2879 2889 τοῦ
2931 2837 3112 2891 Θεοῦ*
3158 2839 3296 2909 μάθε
3343 2840 3453 2893 ἀπὸ
3499 2842 3657 2894 ποίου
3700 2845 3816 2914 χρόο

2229 2941 2321 2976 νου
2361 2927 2602 2980 αἰτιᾶται
2658 2928 2855 2990 αὐτοὺς
2906 2928 3066 2982 τοῦτο
3098 2930 3496 2995 ἐπιτελοῦντας.
3546 2934 3685 2987 Πότε
3712 2935 3816 3005 δὲὴ

542 3041 608 3082 ac
634 3026 986 3096 quandonam
1032 3028 1313 3083 seniorum
1348 3028 1450 3082 ista
1482 3026 1707 3082 traditio
1757 3025 2008 3095 coeperit.
2044 3024 2124 3078 ln-

2238 3016 2533 3087 παρὰδοσις
2555 3020 2738 3083 αὐτοῖς
2764 3021 2954 3090 γέγονε
2985 3021 3091 3075 τῶν
3119 2993 3506 3095 πρεσϐυτέριον
3525 3043 3540 3089 ;
3560 3029 3658 3079 καὶ
3682 3029 3718 3058 ¹¹
3737 2993 3819 3080 ab:

545 3117 736 3172 venies
766 3116 1014 3186 profecto
1064 3131 1185 3171 eam
1218 3132 1340 3187 quae
1391 3114 1612 3169 Davidis
1643 3113 1966 3168 inscribitur
2008 3120 2132 3181 post

544 3211 778 3263 reditum
811 3225 843 3265 e
875 3208 1173 3281 Babylonia
1201 3229 1215 3265 :
1245 3210 1433 3265 Akiba:
1456 3222 1584 3263 vero
1612 3205 1774 3276 paulo
1804 3211 1933 3259 ante
1957 3202 2134 3276 Baby-
2164 3234 2175 3243 -

544 3304 779 3359 lonicam
825 3304 1199 3374 captivitatem
1260 3304 1475 3356 initium
1530 3301 1813 3355 habuisse.
1871 3298 2136 3354 Assatno-

543 3411 789 3450 meorum
836 3411 999 3464 porro
1050 3396 1402 3449 traditionem
1446 3391 1743 3447 Alexandri
1781 3400 1837 3446 et
1876 3390 2133 3445 Antiochi

543 3487 783 3557 cu-pisse
812 3486 1177 3556 temporibus,
1211 3484 1376 3565 annis
1401 3493 1527 3535 ante
1555 3481 1835 3536 Christum
1871 3480 1992 3534 190.
2026 3479 2134 3534 Ita-

544 3594 653 3649 que
682 3579 794 3646 jam
825 3584 940 3630 tum
984 3592 1082 3646 per
1112 3577 1282 3645 legem
1324 3574 1562 3637 vocatio,
1613 3589 1676 3627 ac
1710 3588 1807 3643 per
1841 3572 2135 3643 prophetas

549 3679 665 3729 erat
687 3668 870 3722 oblata
904 3665 1306 3729 misericordia,
1341 3672 1401 3719 ut
1426 3665 1775 3720 circulatoris
1806 3664 1966 3721 istius
1994 3665 2136 3717 ratio

548 3761 798 3817 funditus
822 3766 1119 3815 evertatur.

621 3847 806 3901 Schol.
843 3846 934 3900 27.
988 3844 1077 3900 Vw
1105 3844 1270 3908 vobis,
1299 3840 1551 3916 quoniam
1584 3844 1864 3915 a’diﬁcatis
1895 3848 2137 3913 sepulcra

546 3936 942 4007 prophetarum,
982 3944 1031 3990 et
1052 3945 1232 4005 patres
1264 3937 1422 3990 vestri
1450 3936 1751 3991 occiderunt
1784 3937 1906 3991 illos
1929 3938 1970 3999 ⁸.

624 4110 807 4167 Rcfut.
849 4109 942 4163 2'7.
985 4106 1444 4177 Quandoquidem
1489 4109 1787 4177 prophetas
1841 4126 1989 4166 cura:
2034 4113 2140 4167 sibi

549 4223 676 4264 esse
729 4203 1038 4276 signiﬁcat,
1086 4212 1149 4257 ut
1207 4213 1399 4253 eorum
1447 4214 1638 4254 necem
1695 4200 2142 4258 interfectoribus

2238 3123 2406 3180 ρεσις,
2453 3110 2534 3163 ὅτι
2571 3110 2665 3163 τοῦ
2712 3111 2810 3181 μὲν
2849 3112 3015 3165 Δαὸὶδ
3064 3114 3205 3184 μετὰ
3253 3116 3351 3186 τὴν
3400 3119 3464 3170 ἐκ
3509 3117 3817 3183 Βαϐυλῶνος

2235 3200 2513 3263 ἐπάνοδον,
2541 3200 2634 3255 τοῦ
2668 3201 2725 3255 δὲ
2768 3202 2962 3256 Ἀκιϐἄ
2997 3204 3090 3256 καὶ
3136 3205 3243 3276 πρὸ
3279 3206 3386 3259 τῶν
3430 3206 3815 3262 Βαϐυλωνιώ

2235 3291 2618 3361 αἰχμαλωσιῶν
2646 3293 2960 3363 γεγένηται.
2994 3295 3114 3348 Τῶν
3141 3296 3200 3349 δὲ
3238 3297 3370 3349 υἱῶν
3412 3296 3814 3369 Ἀσσαμωναίου

2235 3382 2293 3432 ὲν
2326 3382 2537 3452 χρόνοις
2584 3384 2933 3451 Ἀλεξάνδρου
2979 3387 3074 3440 καὶ
3109 3388 3401 3459 Ἀντιόχου,
3450 3391 3561 3463 πρὸ
3601 3392 3706 3462 τῆς
3734 3393 3815 3447 τοῦ

2235 3474 2472 3543 Χριστοῦ
2525 3475 2784 3545 ἐνδημίας
2835 3478 2946 3548 (72)
3008 3479 3203 3533 ἑκατὸν
3259 3481 3587 3552 ἐνενήκοντα
3633 3484 3814 3539 ἐτεσιν.

2241 3566 2385 3636 ’Λρα
2418 3566 2550 3635 γοῦν
2594 3569 2686 3622 καὶ
2724 3569 2909 3623 ἔκτοτε
2944 3569 3032 3624 διὰ
3072 3573 3239 3643 νόμου
3279 3568 3347 3643 ἦν
3394 3575 3428 3642 ἠ
3478 3574 3688 3645 κλῆσις.
3734 3577 3817 3630 καί

2236 3655 2325 3710 διὰ
2353 3658 2648 3729 προφητῶν
2690 3660 2751 3713 τὸ
2785 3660 2952 3726 ἔλεος,
3003 3663 3096 3715 καὶ
3144 3663 3479 3735 πανταχόθεν
3509 3667 3762 3723 ἐκπίπτει
3791 3668 3814 3722 6

2238 3750 2344 3818 ἀγυ
2352 3750 2556 3822 ρτὼδης
2586 3770 2677 3805 σου
2705 3753 2879 3822 λόγος.

2310 3842 2466 3913 Σχόλ.
2511 3843 2615 3909 κζ’.
2665 3845 2810 3898 (hbui
2861 3844 3023 3915 ὑμῖν,
3068 3845 3157 3900 ὅτι
3185 3848 3555 3919 οἰκοδομεῖτε
3580 3853 3655 3906 τὰ
3679 3869 3816 3923 μνη-

2235 3934 2372 4001 μεῖα
2415 3934 2532 3988 τῶν
2573 3933 2914 4005 προφητῶν,
2967 3938 3067 3992 καὶ
3101 3943 3154 3992 οἱ
3196 3940 3442 4009 πατέρες
3513 3942 3681 4013 ὑμῶν
3724 3945 3815 4000 ἀπ-

2240 4023 2513 4078 έκτειναν
2539 4028 2778 4093 αὐτούς.

2318 4118 2535 4189 Ἐλεγχ.
2568 4120 2669 4184 κζ’.
2695 4122 2756 4174 Ei
2784 4123 2894 4175 τῶν
2937 4123 3232 4195 προφητῶν
3277 4127 3513 4179 ποιεῖται
3545 4127 3646 4197 τὴν
3672 4144 3815 4199 φρονι

2242 4205 2383 4266 τίδα,
2409 4210 2533 4272 τοὺς
2572 4212 2999 4277 ἀποκτείναντας
3054 4213 3327 4277 ὀνειδίζων
3351 4254 3365 4274 ,
3415 4216 3517 4269 οὐκ
3563 4217 3815 4288 ἀλλότριοι

552 4297 868 4367 exprobret,
899 4300 1128 4364 apparet
1156 4291 1383 4346 minime
1405 4290 1476 4345 ab
1503 4305 1571 4346 eo
1594 4291 1803 4347 alienos
1834 4296 2124 4351 exstitisse,

2244 4298 2408 4351 αὐτοῦ
2438 4295 2576 4370 ἦσαν
2603 4302 2651 4354 οἱ
2694 4303 2967 4374 προφῆται
2996 4347 3011 4371 ,
3039 4304 3176 4358 ἀλλὰ
3215 4306 3413 4372 δοῦλοι,
3460 4310 3557 4362 καὶ
3586 4326 3814 4380 προετοι-

554 4391 651 4447 sed
681 4403 891 4451 servos,
927 4388 1021 4456 qui
1044 4393 1098 4441 et
1123 4384 1436 4440 advenienti
1464 4383 1544 4438 illi
1567 4384 1707 4438 viam
1733 4385 2124 4455 quodatnmodc

2248 4389 2448 4458 μασταὶ
2469 4390 2566 4460 τῆς
2596 4392 2861 4463 ὲνσάρκου
2890 4394 3055 4446 αὑτοῦ
3081 4396 3401 4467 παρουσίας,
3430 4400 3479 4450 οἱ
3509 4399 3602 4451 καὶ
3628 4417 3816 4470 μαρτυ-

556 4478 883 4541 tnunierint,
908 4484 962 4532 et
984 4475 1137 4531 Novo
1166 4476 1521 4531 'l‘estamcnto
1554 4478 1868 4534 testimonio
1894 4495 1995 4535 suo
2023 4480 2138 4535 suf-

559 4574 753 4644 fragati
801 4572 1025 4627 fuerint.
1056 4570 1213 4638 Quod
1256 4570 1470 4641 Moyses
1510 4571 1599 4626 his
1641 4573 1913 4643 praecipue
1956 4573 2140 4629 verbis

556 4665 850 4735 praestitit:
885 4664 1204 4733 Prophetam
1236 4668 1379 4720 vobis
1401 4664 1680 4720 suscitabit
1709 4665 1964 4720 Dominus
1996 4665 2137 4719 Deus

556 4770 585 4807 e
610 4752 870 4822 fratribus
904 4754 1089 4807 vestris
1128 4754 1267 4807 sicut
1303 4772 1383 4808 me
1417 4759 1458 4809 ’.
1496 4752 1602 4809 Sed
1655 4760 1709 4808 et
1753 4764 1879 4809 ante
1916 4754 2137 4825 Moysen

554 4842 747 4910 Iacob,
774 4846 904 4900 dttm
955 4847 1028 4900 ita
1056 4846 1409 4917 loquitur:E
1451 4847 1703 4919 germine,
1739 4847 1820 4915 ﬁli
1870 4849 1941 4900 mi
1967 4846 2137 4914 Iuda,

628 5074 644 5105 ί
676 5071 808 5127 Luc.
834 5086 913 5136 XI,
941 5070 1030 5125 15.

604 5144 738 5199 ibid.
769 5142 861 5198 42.
936 5142 957 5174 ⁸
987 5138 1122 5197 ibid.
1146 5139 1240 5194 ιγ.
1314 5138 1334 5170 ⁹

631 5340 888 5415 (ᾩλιζρό
918 5340 1030 5415 τῆς
1060 5334 1169 5394 τοῦ
1197 5338 1457 5409 Χριστοῦ
1489 5338 1798 5415 ὲνδημζας.
1826 5338 1943 5394 Non
1970 5354 2138 5415 parva

561 5409 651 5469 hic
682 5411 1034 5465 hallucinatio
1067 5419 1150 5463 est
1183 5430 1195 5464 :
1237 5412 1574 5465 Assamonaei
1611 5411 1724 5475 lilii,
1760 5414 1863 5464 hoc
1907 5409 1994 5465 est
2020 5409 2138 5464 Ma-

558 5482 788 5545 chabtei,
816 5488 937 5551 post
956 5479 1286 5551 antiochum
1312 5482 1644 5551 Epiphanent
1664 5481 2003 5549 prodierunt.
2031 5480 2136 5547 Qui

558 5556 735 5625 coepit
766 5547 1263 5625 anno_(}ra:corum
1310 5547 1431 5613 157,
1471 5550 1497 5625 1⁸
1524 5547 1857 5625 Maclialni,
1899 5552 2008 5625 ho_c_
2054 5559 2138 5607 est

542 5619 679 5697 pet".
708 5622 818 5681 Jul.
854 5619 1021 5687 4558,
1048 5620 1207 5675 annis
1250 5627 1375 5674 ante
1411 5622 1688 5693 vulgarem
1729 5621 1937 5679 Christi
1966 5619 2133 5677 Nata-

2249 4484 2513 4551 ρήσαντες
2557 4486 2623 4555 τῇ
2662 4486 2834 4557 Καινῇ
2883 4488 3151 4561 Διαοήκῃ·
3198 4489 3444 4559 Μωῦσῆς
3483 4491 3584 4561 μὲν
3623 4492 3810 4560 λέγων·

2237 4573 2560 4643 Προφήτην
2580 4575 2720 4644 ὑμῖν
2754 4578 3089 4644 ἀναστήσει
3130 4582 3345 4648 Κύριος
3370 4586 3403 4635 ὁ
3431 4585 3581 4650 Θεὸς
3617 4585 3687 4637 ἐκ
3715 4582 3816 4637 τῶν

2237 4664 2519 4734 ἀδελφῶν
2570 4665 2760 4735 ὑμῶν,
2803 4668 2883 4733 ὡς
2925 4668 3049 4738 ἐμέ.
3091 4670 3201 4723 Καὶ
3264 4671 3368 4741 πρὸ
3419 4672 3588 4725 αὑτοῦ
3640 4670 3813 4727 ἰακὼό

2236 4756 2444 4825 λέγων·
2484 4758 2579 4817 Ἐκ
2631 4760 2948 4825 βλαστοῦ,
3011 4761 3097 4816 υἰέ
3145 4779 3265 4831 μου
3308 4763 3532 4827 Ἰούδα,
3591 4764 3813 4828 ἀνέϐπης.

2237 4849 2564 4908 ἀναπεσὼν
2619 4851 2964 4922 ἐκοιμήθης.
3010 4855 3132 4907 Οὐκ
3185 4855 3455 4923 ἐκλείψει
3514 4856 3715 4924 ἅρχων
3756 4854 3814 4915 ἐξ

1131 5070 1152 5101 ⁸
1182 5067 1248 5123 Ill
1278 5066 1409 5191 Rei).
1442 5082 1598 5129 xvnt,
1634 5066 1725 5122 58.
1803 5066 1824 5099 ³
1856 5066 2025 5123 Exod.
2051 5084 2124 5123 ιιι

1146 5139 1240 5191 Π-
1314 5138 1334 5170 ⁹
1409 5145 1522 5191 eut.
1552 5154 1705 5191 xvm.
1744 5138 1832 5191 15.
1908 5139 1950 5171 ¹⁰
1979 5138 2124 5191 Deos:

2239 5069 2282 5123 l.
2359 5068 2563 5126 ‘Num.
2597 5087 2690 5134 xx,
2724 5072 2810 5127 11.
2887 5072 2909 5104 ⁸
2938 5071 3112 5128 Exod.
3140 5088 3254 5136 xvr,
3287 5074 3373 5131 14.
3452 5075 3473 5106 ⁸
3500 5076 3617 5133 Jos.
3654 5077 3809 5141 1,12.

2238 5182 2246 5191 .
2326 5141 2367 5172 ¹¹
2401 5140 2526 5191 For.
2566 5143 2840 5191 εὑρήσεις-

1409 5145 1522 5193 eut.
1552 5154 1705 5204 xvut,
1744 5138 1832 5193 15.
1908 5139 1950 5171 ¹⁰
1979 5138 2142 5195 Deest
2164 5141 2246 5195 οὐ.
2326 5141 2367 5172 υ
2401 5140 2526 5196 For.
2566 5143 2840 5214 εὑρήσεις.

2247 5342 2353 5422 lem
2386 5344 2509 5422 175.
2537 5343 2651 5401 Nisi
2690 5344 2827 5422 forte
2841 5346 3171 5422 Antiochum
3197 5349 3291 5422 τὸν
3317 5350 3495 5422 μέγαν
3520 5350 3808 5421 intelligat:

2245 5414 2343 5495 «ei.
2372 5418 2540 5495 εωριι
2724 5416 2835 5495 ιρις
2871 5418 3034 5495 μθο.
3064 5417 3174 5495 δερ
3204 5414 3811 5495 ᾼεεξξιηόηωοτμωὲτξι·

2245 5486 2442 5561 ditioa
2478 5486 2799 5561 Machabais
2825 5489 3041 5542 initium
3064 5490 3279 5544 habuit.
3313 5490 3499 5558 Quare
3527 5492 3667 5548 infra
3695 5489 3812 5561 Epi-

2245 5556 2476 5627 phanius
2514 5557 2727 5614 initium
2764 5561 2992 5628 coeperit
3030 5576 3255 5617 necesse
3289 5556 3392 5618 est.
