3932 6064
206 322 302 385 745

832 322 1202 381 ADVERSUS
1242 318 1577 377 lleltESliS
1610 320 1731 374 LIB.
1769 317 1811 375 1.

1919 313 2012 367 lli.
2054 312 2231 365 lll.--
2260 306 2534 364 ΗιΕΙῖΕΞ.
2574 305 2732 362 XLII.

3336 304 3441 362 746

216 445 428 503 Ἰούδα·
471 442 565 497 καὶ
598 445 713 514 μετ’
749 443 934 511 ὀλίγα·
974 444 1122 507 Ἕως
1162 442 1309 509 ἔλθῃ
1350 434 1398 506 ᾧ
1439 441 1511 493 τὰ
1542 437 1778 493 ἀποκεί-
1808 484 1815 497 ι

1919 429 2069 485 scend
2076 430 2184 483 isti.
2218 425 2557 498 Requiescens
2581 423 2897 478 decubuisti.
2924 420 3042 478 Non
3067 422 3268 492 deﬁciet
3290 425 3444 494 prin-

197 552 376 608 μενα·
427 532 524 587 καὶ
568 516 753 598 αὐτὸς
781 532 1110 601 προσδοκία
1146 530 1353 585 ἐθνῶν.
1396 530 1500 583 Καὶ
1549 528 1639 580 ἐπ’
1669 530 1773 579 αὐ-

204 626 305 680 τὸν
330 625 475 691 ἔθνη
522 623 859 678 ἐλπιοῦσιν.
902 622 1128 685 Ἡσαΐας
1170 622 1256 674 δέ·
1296 619 1440 674 Ἰδοὺ
1481 621 1518 687 ἠ
1558 617 1772 687 παρθέ-

203 733 305 783 νος
341 716 412 770 ἐν
446 712 657 784 γαστρί
706 712 849 776 ἕξει.
892 712 1161 783 Ἱερεμίας
1196 710 1282 763 δέ·
1318 711 1428 763 Καὶ
1468 707 1776 775 ἄνθρωπός

204 808 348 873 ἐστι,
381 806 480 861 καὶ
517 806 609 869 τις
638 804 925 874 γνώσεται
950 804 1179 865 αὐτόν;
1210 801 1446 871 Μιχαίας
1472 817 1484 829 ·
1521 798 1626 853 Kal
1672 798 1773 861 σὺ,

206 895 504 966 Βηθλεέμο
540 896 635 950 καὶ
680 894 798 966 μεθ’
832 894 1013 965 ἕτερα“
1052 890 1169 946 Ἐπ’
1190 893 1306 946 σοῦ
1335 908 1435 961 μοι
1465 890 1777 954 ἐξελεύσε-

204 1004 297 1043 ‘t‘at
325 988 677 1057 ἡγούμενος,
710 985 804 1038 καὶ
834 984 903 1038 τὰ
930 984 1171 1055 ἑξῆςξὉ
1204 983 1258 1036 δὲ
1294 981 1579 1051 Μαλαχίας
1601 997 1614 1009 ·
1657 978 1779 1041 Ἐξ-

208 1082 425 1150 algor-nc
460 1081 548 1144 εις
591 1077 698 1131 τὸν
740 1076 890 1130 ναὸν
928 1074 1059 1142 ἣξει
1091 1074 1340 1141 Κύριοςο
1400 1075 1428 1126 6
1466 1071 1526 1125 δὲ
1577 1069 1775 1124 Δαϐίδ·

211 1165 446 1225 ﬁxere
477 1167 691 1234 Κύριος
729 1163 808 1230 τῷ
843 1164 1032 1230 Κυρίῳ
1066 1178 1207 1232 μου,
1233 1160 1337 1214 ’καὶ
1377 1159 1446 1212 τὰ
1488 1156 1636 1229 ἑξῆς.
1666 1158 1781 1209 Καὶ

211 1260 378 1316 πολλὰ
405 1260 521 1313 ἔστι
546 1258 747 1326 λέγειν,
775 1257 869 1309 καὶ
893 1254 1054 1309 αὑτοῦ
1092 1254 1338 1323 λέγοντος
1373 1251 1465 1306 τοῦ
1491 1251 1742 1322 Σωτῆρος
1763 1290 1777 1303 .

208 1355 272 1407 ει
307 1349 533 1420 Μωυσῇ
576 1348 940 1409 ἐπιστεύετε,
989 1346 1330 1399 ἐπιστεύετε
1365 1343 1443 1399 ἂν
1484 1342 1585 1398 καὶ
1628 1343 1780 1413 ἐμοί.

224 1439 483 1508 Ἐκεῖνος
513 1440 624 1509 γὰρ
656 1439 786 1507 περὶ
826 1435 972 1508 ἐμοῦ
1009 1436 1250 1507 ἔγραψε.

285 1699 441 1771 Σχόλ.
470 1697 577 1771 κη’.
609 1700 723 1753 Οὐκ
745 1692 877 1770 εἶχε*
907 1699 1010 1753 Διὰ
1024 1698 1200 1753 τοῦτο
1220 1689 1388 1753 εἶπεν
1411 1691 1449 1765 ἠ
1473 1697 1659 1766 σοφία
1681 1695 1783 1750 τοῦ

1875 539 1992 590 ceps
2036 536 2099 574 ex
2128 517 2275 571 Juda
2306 519 2322 549 ¹
2357 525 2497 571 :etc.
2532 516 2609 569 Ac
2659 514 2820 583 paulo
2863 521 2982 584 post
3015 532 3028 568 :
3057 513 3230 568 Donec
3269 514 3442 569 veniat

1875 611 1958 662 cui
1987 608 2214 676 reposita
2255 614 2404 669 sunt;
2442 616 2489 658 et
2515 604 2622 671 ipse
2661 604 2981 670 exspectatio
3010 604 3243 673 gentium
3268 617 3287 657 :
3310 616 3359 658 et
3391 605 3447 660 in

1876 699 2046 767 ipsum
2086 705 2258 767 gentes
2304 693 2666 763 sperabunt".
2700 692 2859 762 333
2885 692 3051 747 Isaias
3088 706 3254 748 vero:
3291 691 3446 758 Ecce,

1877 789 2073 857 inquit,
2125 787 2267 856 virgo
2306 783 2621 851 concipiet’;
2656 780 2918 838 Jeremias
2970 783 3094 837 item
3140 801 3154 837 :
3193 781 3257 837 Et
3296 783 3450 838 homo

1876 888 1974 942 est,
2019 888 2067 931 et
2101 877 2217 947 quis
2255 883 2527 944 cognoscet
2556 873 2705 927 illum
2732 873 2756 927 .’
2785 872 3036 947 Mic'hmas
3070 891 3083 928 :
3115 872 3184 927 Et
3212 881 3268 927 tu
3294 873 3453 928 Beth-

1880 969 2065 1031 leltem,
2114 944 2253 1032 etc.;
2290 973 2351 1020 'et
2382 965 2547 1035 paulo
2594 971 2718 1034 post
2749 980 2761 1016 :
2797 960 2953 1016 Exte
2980 944 3109 1016 inihi
3157 964 3454 1034 egredietur

1877 1057 1989 1112 dua:
2009 1056 2048 1121 ⁸,
2083 1064 2190 1111 etc.
2218 1055 2287 1108 At
2317 1052 2613 1109 Malachias
2643 1072 2655 1108 :
2689 1051 2883 1107 Statim
2921 1051 2972 1104 in
3011 1051 3260 1122 templum
3286 1055 3451 1108 veniet

1882 1149 2139 1204 Dominus
2162 1147 2203 1200 ⁸.
2252 1144 2385 1200 Nam
2433 1145 2580 1216 quod
2628 1144 2695 1199 ad
2739 1143 2998 1198 Davidem
3055 1153 3288 1214 spectat,
3341 1146 3456 1200 haec

1879 1240 2028 1296 illius
2103 1247 2186 1294 est
2255 1237 2533 1308 praedictio
2578 1256 2615 1307 ,ε
2667 1235 2818 1290 Dixit
2906 1233 3167 1289 Dnninas
3232 1234 3459 1291 Domino

1882 1349 1994 1388 meo
2014 1333 2058 1397 ⁸,
2109 1338 2215 1386 etc.
2251 1328 2483 1384 Possum
2521 1336 2574 1384 et
2619 1327 2908 1384 innumera
2957 1329 3064 1383 alia
3110 1343 3457 1399 percensere,

1880 1441 2006 1481 cum
2038 1421 2340 1495 praesertim
2370 1437 2399 1475 a
2428 1421 2658 1475 Domino
2682 1420 2756 1476 sit
2784 1420 2989 1474 dictum
3020 1439 3033 1474 :
3068 1418 3128 1474 Si
3150 1417 3327 1490 Ἠοθεί
3349 1438 3463 1475 cre-

1882 1516 2097 1579 deretis,
2129 1513 2405 1568 crederetis
2442 1512 2669 1581 forsitan
2698 1522 2751 1566 et
2786 1511 2932 1566 mihi.
2970 1510 3046 1565 De
3084 1528 3166 1565 me
3200 1512 3340 1566 enim
3374 1514 3464 1567 ille

1884 1608 2097 1673 scripsit
2121 1606 2162 1660 ‘.
2548 1616 2553 1621 ί

1957 1696 2141 1752 Schol.
2198 1695 2287 1749 28.
2354 1694 2595 1751 Deerat:
2627 1694 2912 1763 Propterea
2953 1706 3006 1750 et
3060 1697 3325 1765 sapTentia
3372 1695 3468 1749 Dei

216 1791 389 1848 Θεοῦ
429 1790 807 1846 Ἀποστέλλω
829 1794 918 1857 είς
938 1790 1161 1856 αὐτοὺς
1180 1790 1511 1858 προφήτας·
1536 1788 1630 1842 καὶ
1661 1805 1726 1841 πε
1734 1788 1788 1860 pl.

1919 1786 2064 1840 fixit:
2094 1785 2307 1839 Mittam
2358 1786 2427 1838 ad
2469 1785 2589 1840 illos
2629 1786 2982 1854 prophetas';
3008 1794 3060 1841 et
3086 1787 3154 1841 de
3205 1789 3470 1858 sanguine

214 1887 448 1956 αἵματος
474 1884 742 1955 Ζαχαρίου
766 1884 859 1937 κα)⁸
886 1882 1051 1935 Ἀὅελ
1073 1882 1298 1937 καὶτῶν
1325 1880 1617 1954 προφητῶν
1636 1922 1650 1945 ,
1706 1882 1788 1935 ὅτι

200 1966 675 2045 ἐκζητηθήσεται
710 1974 829 2029 ἀπὸ
858 1973 967 2043 τῆς
995 1972 1203 2043 γενεᾶς
1234 1975 1474 2039 ταύτης.

294 2069 514 2137 Ἐλεγχ.
543 2070 648 2138 κη’.
680 2066 789 2120 Καὶ
827 2068 884 2119 ὲν
925 2066 1099 2136 τούτῳ
1144 2082 1224 2118 σοι
1261 2064 1428 2135 πολλὴ
1458 2062 1707 2134 αἰσχύνη,
1748 2057 1793 2116 ὦ

221 2158 511 2230 Μαρκίων,
541 2157 636 2211 τοῦ
667 2156 1014 2229 χαρακτῆρος
1039 2156 1134 2227 τῆς
1170 2155 1428 2227 ἀληθείας
1463 2154 1793 2225 σωζομένου,

220 2251 318 2304 καὶ
340 2250 439 2320 τῆς
467 2248 820 2320 παρεκτομῆς
851 2248 960 2301 τῶν
997 2247 1325 2317 κλεμμάτων
1352 2263 1445 2298 σου
1472 2246 1797 2317 εὑρισκομέ-

222 2359 345 2412 νης,
363 2340 471 2394 ἀπὸ
484 2339 576 2393 τοῦ
599 2339 933 2411 ἀντιγράφου
949 2338 1041 2391 τοῦ
1066 2338 1205 2392 κατὰ
1229 2339 1441 2392 Λουκᾶν
1464 2336 1797 2405 Εὐαγγελίου
1822 2394 1831 2401 η

224 2432 337 2486 τῶν
360 2431 541 2485 τόπων
561 2430 984 2501 εὑρισκομένων,
1015 2428 1111 2483 καὶ
1137 2428 1247 2481 τῶν
1274 2427 1423 2499 παρὰ
1450 2427 1542 2480 σοῦ
1573 2428 1803 2498 ἀφαιρε-

227 2521 437 2575 θέντων
462 2518 855 2588 ἐλεγχομένων.

306 2611 461 2682 Σχόλ.
505 2610 606 2663 κθ’.
650 2607 811 2679 Λέγω
852 2606 920 2661 δὲ
962 2607 1085 2673 τοῖς
1105 2608 1307 2676 φίλοις
1319 2623 1458 2676 μου
1499 2605 1597 2675 Μὴ
1623 2606 1805 2676 φοϐη-

227 2703 381 2774 θῆτε
392 2701 520 2757 ἀπὸ
544 2701 663 2755 τῶν
689 2700 1164 2756 ἀποκτεινόντων
1190 2698 1255 2753 τὸ
1286 2698 1474 2768 σῶμαο
1509 2698 1810 2768 φοϐήθητε

232 2795 309 2851 δὲ
340 2794 448 2848 τὸν
479 2792 629 2862 μετὰ
658 2792 726 2846 τὸ
754 2792 1099 2846 ἀποκτεῖναι
1132 2790 1353 2862 ἔχοντα
1379 2789 1495 2860 τὴν
1519 2789 1813 2856 ἐξουσίαν

229 2885 460 2954 ,βαλεῖν
511 2887 597 2950 είς
643 2883 913 2955 γέενναν.
966 2883 1079 2936 Οὐκ
1131 2881 1244 2953 εἶχε
1303 2882 1380 2936 δέ·
1436 2882 1581 2951 Οὐχὶ
1637 2881 1815 2936 πέντε

236 2975 532 3044 στρουθία
568 2973 879 3040 ἀσσαρίων
910 2972 1018 3026 δύο
1050 2971 1350 3038 πωλεῖται,
1393 2971 1491 3025 καὶ
1528 2970 1685 3037 ere:
1711 2973 1817 3025 αὑ-

243 3066 367 3121 τῶν
387 3067 497 3120 οὐκ
528 3064 700 3119 ἐστιν
718 3056 1199 3133 ἐπιλελησμένον
1221 3063 1477 3117 ἐνώπιον
1502 3061 1609 3118 τοῦ
1637 3062 1817 3125 Θεοῦ;

243 3192 247 3194 ⁷
333 3175 545 3249 Ἐλεγχ.
580 3175 684 3233 κΟ’.
717 3176 809 3240 Τὸ,
838 3174 1000 3242 Λέγω
1024 3174 1139 3246 ἐγὼ
1168 3175 1294 3242 τοῖς
1324 3176 1524 3245 φίλοις
1556 3191 1697 3244 μουο
1725 3174 1820 3244 Μὴ
1848 3136 1892 3193 c

246 3266 554 3339 φοϐηθῆτε
585 3265 705 3321 ἀπὸ
744 3265 860 3319 τῶν
890 3266 1367 3321 ἀποκτεινόντων
1396 3265 1462 3319 τὸ
1493 3265 1685 3335 σᾶψαο
1714 3282 1824 3334 sco-

249 3361 474 3428 ϐήθητε
499 3358 568 3412 δὲ
596 3358 705 3411 τὸν
733 3357 954 3427 ἔχοντα
978 3356 1270 3421 ἐξουσίαν
1294 3357 1382 3423 τὸ,
1407 3355 1557 3427 μετὰ
1586 3356 1653 3411 τὸ
1677 3358 1827 3411 ἀπο-

255 3452 486 3509 κτεῖναι
515 3451 582 3506 τὸ
606 3447 798 3519 σῶμα,
819 3448 935 3517 τὴν
962 3447 1407 3519 ψυχὴνβαλεῖν
1437 3452 1525 3516 εὶς
1555 3450 1826 3519 γέενναν,

252 3541 559 3614 ἀναγκάζει
603 3557 693 3605 σε,
732 3534 777 3595 ὦ
819 3540 1105 3611 Μαρκίων,
1139 3540 1234 3593 καὶ
1266 3539 1335 3593 τὰ
1364 3540 1493 3610 ὲξῆς
1520 3541 1619 3612 τῆς
1652 3556 1830 3609 παρα-

254 3637 425 3707 ϐολῆς
444 3632 798 3705 ὁμολογῆσαι.
830 3633 993 3686 Ἄνευ
1013 3631 1122 3703 γὰρ
1141 3632 1234 3685 τοῦ
1263 3631 1397 3686 Θεοῦ
1421 3631 1571 3685 οὐδὲν
1597 3631 1828 3699 γίνεται,

256 3726 369 3782 κᾶν
409 3723 620 3794 suam;
663 3721 725 3774 τὸ
766 3721 895 3793 περὶ
939 3720 1047 3774 τῶν
1092 3720 1409 3792 στρουθίων.
1474 3720 1833 3790 Ἀπολόγησαι

251 3814 356 3876 οὖν
395 3818 524 3888 περὶ
559 3814 669 3869 τῶν
696 3818 755 3869 ὲν
786 3814 865 3885 τῷ
903 3813 1052 3885 ρητῷ
1083 3813 1550 3883 καταλειφθέντων
1582 3813 1689 3867 ὑπὸ
1714 3814 1830 3880 σοῦ,

251 3905 305 3966 ὦ
340 3909 627 3980 Μαρκίων.
666 3907 776 3962 Καὶ
799 3907 1093 3978 ἀπόκριναι
1121 3908 1252 3976 ἡμῖν
1281 3905 1334 3958 τί
1362 3905 1544 3977 διανοῇ
1577 3906 1707 3978 περὶ
1736 3904 1832 3959 τοῦ

254 4002 514 4071 ἐξουσίαν
547 4000 782 4071 ἔχοντος.
812 3997 874 4052 Εἰ
898 3997 1006 4069 γὰρ
1044 3998 1210 4068 φαίης
1242 3998 1404 4052 αὐτὸν
1436 3993 1574 4052 εἶναι
1601 3998 1691 4051 τὸν
1719 3999 1833 4052 Πα-

253 4095 402 4166 τέρα
424 4090 520 4145 τοῦ
549 4090 805 4162 Χριστοῦ,
828 4089 919 4144 τὸν
951 4090 1045 4143 καὶ
1082 4088 1233 4161 παρὰ
1271 4091 1354 4144 σοὶ
1379 4090 1581 4158 ἀγαθὸν
1602 4076 1834 4161 λεγόμε-

255 4202 351 4240 νον
376 4183 526 4249 Θεὸν,
549 4183 595 4235 εί
617 4183 711 4235 καὶ
731 4181 913 4244 κακῶς
933 4181 1180 4252 διαιρεῖς,
1206 4181 1586 4252 ὅμως,ιὲπειόὴ
1605 4182 1716 4251 ἔχει
1736 4182 1836 4253 τὴν

256 4274 533 4341 ἐξουσίαν,
564 4272 803 4337 δέδωκας
844 4274 1006 4327 αὐτὸν
1050 4275 1241 4345 κριτὴν
1281 4275 1434 4341 ὄντα,
1483 4276 1577 4329 καὶ
1621 4274 1836 4345 ἑκάστῳ

256 4367 499 4438 νέμοντα
526 4364 586 4418 τὸ
619 4366 739 4417 κατ’
772 4363 948 4429 ἀξίαν.
986 4364 1050 4416 Εί
1090 4364 1234 4418 δὲού
1277 4364 1435 4418 τοῦτο
1472 4366 1670 4434 λέγεις,
1702 4365 1837 4420 ἀλλὰ

1897 1877 2193 1940 Zachariae,
2236 1883 2289 1932 et
2341 1876 2497 1940 Abel,
2537 1886 2590 1930 et
2642 1877 3068 1947 prophetarum,
3101 1879 3359 1950 quoniam
3396 1895 3472 1932 re-

1894 1970 2130 2042 quiratur
2159 1986 2191 2022 α
2210 1970 2543 2039 generatione
2570 1967 2667 2021 hac
2696 1967 2738 2021 ⁸.

1963 2059 2146 2115 Refut.
2179 2059 2269 2116 28.
2306 2059 2595 2114 Enimvero
2636 2074 2906 2114 summam
2965 2058 3054 2114 hic
3089 2059 3211 2125 tibi,
3243 2058 3471 2126 Marcio,

1895 2155 2053 2208 locus
2103 2152 2459 2223 ignominiam
2495 2150 2685 2215 inurit,
2724 2166 2848 2204 cum
2888 2152 3137 2207 veritatis
3167 2151 3347 2206 adhuc
3382 2152 3471 2206 in-

1898 2254 2048 2315 tegra
2088 2242 2261 2297 forma
2283 2243 2474 2297 relicta
2499 2243 2591 2306 sit,
2616 2256 2679 2296 ac
2710 2240 2895 2295 furtim
2922 2256 2951 2295 a
2984 2250 3038 2298 te
3063 2243 3278 2298 sublata
3308 2247 3475 2297 muti-

1901 2337 2119 2405 lataque
2142 2337 2261 2389 loca
2297 2333 2458 2390 facile
2505 2333 2885 2404 reperiantur;
2932 2348 2996 2387 ac
3024 2350 3144 2404 quae
3178 2334 3396 2398 desunt,
3421 2336 3478 2390 in

1903 2426 2182 2497 Evangelii
2209 2425 2511 2481 secundum
2554 2423 2756 2480 Lucam
2794 2424 3198 2494 exemplaribus
3229 2426 3480 2497 legantur

1905 2517 2178 2578 omnibus,
2211 2525 2271 2574 ut
2303 2532 2424 2588 qua:
2458 2517 2557 2571 abs
2596 2525 2647 2571 te
2677 2524 2803 2572 sunt
2829 2516 3125 2572 interversa
3156 2517 3476 2586 prodantur.

1982 2608 2167 2663 Schol.
2197 2607 2288 2664 29.
2316 2608 2447 2662 Dico
2475 2618 2648 2662 autem
2673 2608 2859 2660 amicis
2885 2607 3012 2660 meis
3040 2624 3058 2660 :
3090 2606 3271 2663 Nolite
3301 2609 3482 2664 timere

1910 2716 1996 2755 eos
2034 2699 2126 2769 qui
2147 2698 2389 2752 occidunt
2423 2715 2610 2767 corpus
2640 2713 2658 2751 :
2695 2699 2867 2752 timete
2898 2714 3015 2751 vero
3052 2714 3192 2764 eum,
3223 2701 3313 2771 qui
3338 2710 3485 2770 post-

1912 2806 2070 2863 quam
2094 2789 2344 2845 occiderit
2387 2788 2539 2843 habet
2586 2797 2894 2857 potestatem
2929 2784 3175 2842 mittendi
3208 2790 3262 2843 in
3299 2791 3485 2861 gehen-

1915 2899 2040 2936 nam
2069 2882 2113 2936 ⁸.
2151 2880 2260 2935 Nec
2301 2880 2534 2935 habebat
2560 2880 2691 2934 illud
2728 2898 2741 2934 :
2777 2877 2966 2934 Nonne
2997 2881 3222 2952 quinque
3248 2897 3485 2949 passeres

1918 2983 2133 3029 veneunt
2156 2972 2442 3041 dupondio,
2464 2982 2513 3027 et
2532 2989 2668 3026 unus
2700 2988 2764 3026 ea:
2791 2972 2899 3028 illis
2924 2990 3027 3028 non
3055 2982 3132 3028 est
3157 2974 3209 3027 in
3234 2972 3490 3031 oblivione

1920 3082 2100 3119 coram
2139 3064 2243 3119 Deo
2279 3064 2366 3116 "?

1995 3176 2178 3254 Retut.
2205 3176 2293 3232 29.
2331 3175 2455 3231 llaec
2477 3176 2593 3246 ipsa
2622 3176 2784 3231 verba
2810 3194 2826 3232 :
2852 3175 2984 3231 Dico
3007 3194 3098 3249 ego
3115 3178 3302 3233 amicis
3335 3180 3495 3234 meis:

1928 3269 2107 3325 Nolite
2163 3270 2347 3323 timere
2389 3285 2476 3323 eos
2508 3268 2597 3339 qui
2630 3268 2872 3322 occidunt
2916 3284 3106 3338 corpus
3127 3285 3146 3323 :
3181 3270 3355 3324 timete
3378 3286 3498 3324 vero

1924 3380 2041 3441 eu_m
2075 3364 2165 3434 qui
2192 3373 2467 3433 postquam
2488 3362 2734 3417 occiderit
2757 3378 2967 3432 corpus,
3008 3363 3161 3419 habet
3189 3374 3499 3433 potestatem

1927 3454 2165 3509 mittendi
2196 3455 2430 3509 animam
2460 3454 2514 3508 in
2546 3454 2869 3524 gehennam,
2900 3455 3174 3526 parabolae
3209 3456 3374 3512 etiam
3415 3473 3501 3512 re-

1930 3543 2075 3614 liqua
2115 3542 2273 3597 fateri
2302 3552 2359 3596 te
2397 3554 2617 3616 cogunt.
2655 3542 2889 3610 Etenim,
2912 3544 3046 3601 .sine
3074 3542 3166 3600 Dei
3203 3552 3341 3600 nutu
3366 3546 3501 3602 nihil

1928 3636 2155 3692 omnino
2180 3635 2411 3706 geritur,
2457 3636 2707 3706 quamvis
2734 3636 2879 3706 quod
2919 3636 2986 3692 de
3014 3637 3330 3707 passeribus
3367 3639 3505 3695 scri-

1930 3735 2080 3797 ptum
2112 3736 2196 3781 est
2220 3725 2457 3780 auferas.
2493 3725 2659 3797 Igitur
2682 3726 2750 3781 de
2778 3724 2845 3782 iis
2873 3742 2995 3797 quae
3023 3728 3081 3783 in
3110 3729 3213 3784 hac
3235 3731 3505 3786 sententia

1930 3818 2190 3873 dicuntur
2206 3815 2479 3871 reddenda
2506 3815 2605 3870 tibi
2632 3817 2771 3869 ratio
2786 3824 2891 3879 est,
2928 3830 2961 3869 ο
2994 3815 3220 3872 Marcio.
3244 3818 3323 3873 Ac
3345 3819 3503 3873 velim

1933 3907 2064 3964 mihi
2088 3906 2440 3977 respondeas,
2468 3905 2600 3978 quid
2618 3904 2688 3962 de
2713 3921 2777 3962 eo
2802 3921 3051 3972 censeas,
3073 3907 3166 3977 qui
3181 3916 3503 3977 potestatem

1934 3997 2135 4053 habere
2166 3997 2385 4052 dicitur.
2420 3996 2477 4052 Si
2511 4000 2657 4053 enim
2691 3996 2910 4053 Patrem
2950 3997 3105 4051 illum
3143 3997 3345 4053 Christi
3382 4014 3507 4053 esse

1934 4087 2161 4155 dixeris,
2209 4088 2589 4158 eumdemque,
2636 4104 2797 4158 quem
2841 4099 2897 4144 tu
2934 4090 3137 4145 bonum
3175 4105 3299 4146 esse
3337 4090 3505 4145 Deum

1934 4179 2238 4251 praedicas;
2262 4181 2365 4236 etsi
2388 4181 2526 4235 male
2551 4189 2606 4236 tu
2645 4182 2863 4251 quidem
2887 4196 3130 4252 separas,
3162 4190 3345 4236 tamen
3372 4197 3509 4250 quo-

1935 4268 2080 4333 niam
2133 4278 2402 4340 potestate
2439 4269 2698 4341 praeditus
2735 4281 2850 4334 est,
2892 4271 3136 4340 judicem
3178 4285 3301 4326 esse
3338 4270 3509 4325 conti-

1936 4361 2090 4426 teris,
2109 4361 2200 4431 qui
2236 4377 2332 4431 pro
2361 4362 2567 4416 meritis
2584 4363 2701 4416 suis
2718 4361 3142 4432 unumquodque
3174 4370 3505 4432 compcnsct.

257 4433 355 4511 τὸν
382 4457 720 4527 Δημιουργὺν
739 4456 830 4508 τὸν
853 4456 1004 4526 παρὰ
1034 4456 1116 4509 σοὶ
1146 4456 1306 4525 φύσει
1334 4458 1527 4528 κριτὴν
1547 4433 1813 4528 ᾀδόμενον

1940 4452 2046 4505 Aut
2085 4453 2131 4507 si
2169 4453 2335 4505 aliuni
2377 4467 2504 4507 esse
2541 4452 2847 4523 quempiam
2893 4433 3132 4523 judicas,
3160 4454 3509 4509 Conditorem

255 4546 391 4614 λέγε
424 4561 512 4615 μοι
545 4542 627 4606 τίς
657 4541 829 4612 τούτῳ
858 4542 1054 4595 δέδωκε
1079 4542 1178 4613 τὴν
1209 4544 1473 4608 ἐξουσίαν.
1512 4546 1575 4597 Εἰ
1603 4546 1710 4616 γὰρ
1746 4547 1835 4614 ἀφ’

252 4634 460 4690 ἑαυτοῦ
492 4634 625 4703 ἔχει,
661 4634 767 4703 ἄρα
808 4632 981 4703 μέγας
1023 4635 1160 4696 ἐστὶ,
1195 4635 1286 4688 καὶ
1327 4636 1573 4701 ἐξουσίαν
1614 4636 1746 4707 ἔχει.
1775 4636 1838 4688 Εἰ

252 4726 318 4779 δὲ
366 4724 461 4777 τοῦ
524 4723 730 4794 κρίνειν
782 4723 1028 4789 ἐξουσίαν
1076 4723 1211 4793 ἔχει,
1252 4725 1344 4777 καὶ
1395 4725 1487 4778 τοῦ
1533 4724 1744 4789 σώζειν.
1780 4726 1839 4777 'U

253 4816 377 4887 γὰρ
402 4813 696 4883 δυνάμενος
719 4812 923 4882 κρίνειν
954 4812 1174 4867 δύναται
1201 4806 1294 4866 καὶ
1318 4815 1589 4868 ἀπολύειν.
1618 4814 1726 4868 Καὶ
1750 4815 1843 4869 ἄλ-

254 4907 394 4970 λωςο
429 4905 515 4968 Et,
549 4902 642 4957 τοῦ
684 4904 875 4975 κριτοῦ
913 4903 1195 4974 βάλλοντος
1224 4907 1321 4969 τὰς
1363 4906 1540 4977 ψυχὰς
1577 4909 1653 4971 είς
1692 4908 1845 4977 γέεν-

254 5012 385 5059 ναν,
416 4995 445 5047 6
472 4992 604 5056 Θεὸς
635 4995 664 5047 6
690 4992 891 5062 ἀγαθὸς
920 4995 981 5047 οὐ
1017 4994 1202 5065 ῥύεται
1229 4994 1418 5059 αὑτὰς,
1451 4999 1479 5050 6
1509 4999 1842 5068 πανταχόθεν

256 5088 374 5141 τῶν
404 5085 587 5141 αὐτῶν
610 5084 1032 5156 ἐπιμελούμενος
1059 5085 1245 5157 ψυχῶν
1274 5086 1390 5150 πῶς
1411 5087 1476 5140 ἂν
1498 5089 1582 5157 εἴη
1612 5089 1841 5157 ἀγαθός;

255 5180 298 5253 ἢ
334 5178 445 5249 γὰρ
473 5178 553 5230 ὅτι
584 5176 925 5248 ἰσχυρότερος
953 5175 1116 5229 αὐτοῦ
1149 5179 1286 5241 ἐστι,
1318 5178 1412 5231 καὶ
1444 5179 1504 5231 οὐ
1537 5178 1754 5232 δύναται
1783 5182 1846 5233 ὲκ

260 5269 451 5341 χειρὸς
493 5265 736 5339 ρὑσθαι’
772 5267 805 5338 ἢ
839 5266 919 5319 ὅτι
951 5265 1171 5320 δύναται
1220 5267 1338 5338 μὲν,
1383 5269 1444 5320 οὐ
1484 5268 1729 5337 βούλεται
1767 5270 1843 5323 δέ.

262 5362 380 5416 Καὶ
423 5358 528 5414 ποῦ
570 5362 603 5431 ἡ
650 5358 957 5439 ἀγαθότης;
999 5361 1062 5413 Εἰ
1089 5360 1167 5422 δὲ,
1204 5360 1392 5431 ἐπειδὴ
1419 5361 1579 5425 αὐτὸς
1611 5360 1846 5427 ἔκτισεν,

264 5452 520 5517 ἐξουσίαν
549 5450 664 5520 ἔχει
692 5449 784 5503 καὶ
814 5449 1018 5517 κρίνειν
1074 5450 1190 5514 πῶς
1216 5452 1246 5504 6
1275 5452 1387 5507 ἄνω
1412 5450 1545 5516 Θεὸς
1576 5454 1605 5505 6
1629 5452 1732 5505 ὑπὸ
1757 5453 1850 5507 σοῦ

1940 4542 2170 4607 scilicet,
2203 4558 2362 4612 quem
2396 4549 2452 4595 tu
2493 4542 2710 4613 proprie
2748 4542 2989 4612 judicent
3032 4545 3342 4609 constituis,
3375 4545 3512 4600 cedo

1938 4631 2062 4700 quis
2097 4632 2144 4685 ci
2174 4639 2497 4700 potestatem
2537 4633 2893 4699 commiserit.
2928 4632 3079 4689 lianc
3105 4634 3246 4689 enim
3270 4634 3316 4689 si
3350 4634 3513 4690 habet

1940 4723 2058 4792 ipse
2076 4738 2170 4792 per
2208 4739 2349 4789 sese,
2377 4739 2606 4795 magnus
2639 4725 2826 4795 utique
2854 4734 2957 4792 est,
2989 4740 3052 4779 ac
3080 4733 3347 4796 potestate
3370 4743 3513 4797 pra:—

1942 4817 2109 4872 ditus.
2137 4817 2291 4883 Quod
2320 4817 2365 4871 si
2417 4816 2700 4886 judicandi
2756 4832 2922 4887 penes
2964 4833 3087 4871 eum
3138 4816 3372 4877 facultas
3402 4827 3511 4881 est,

1943 4908 2044 4963 erit
2069 4918 2122 4964 et
2161 4908 2433 4964 servandi.
2487 4906 2588 4974 Qui
2621 4908 2765 4963 enim
2792 4908 3225 4979 jnrisdictionegn
3256 4925 3517 4965 exercere

1944 5006 2143 5069 potest,
2180 5009 2356 5069 potest
2377 5006 2430 5053 et
2468 4998 2768 5054 absolvere.
2798 4996 3085 5060 Praeterea,
3119 4998 3281 5068 334
3304 4999 3346 5052 si
3388 5013 3519 5053 cum

1939 5088 2105 5158 judcx
2161 5090 2216 5142 in
2265 5089 2567 5158 gehennam
2628 5087 2937 5158 praecipites
2980 5089 3225 5142 immittit
3281 5088 3515 5151 animas.

1946 5180 2121 5235 bonus
2150 5179 2236 5234 ille
2265 5176 2431 5239 Deus,
2453 5180 2544 5248 qui
2574 5188 2778 5233 tantam
2811 5179 3118 5232 animarum
3143 5194 3330 5233 curam
3356 5179 3532 5250 gerit,

1950 5286 2056 5324 non
2080 5286 2174 5326 eas
2203 5270 2413 5334 liberat,
2443 5271 2625 5324 haberi
2672 5271 2846 5326 bonus
2870 5270 2959 5341 qui
2987 5272 3220 5341 poterit?
3253 5279 3346 5325 aut
3376 5271 3519 5326 enim

1951 5356 2040 5417 ille
2089 5362 2281 5417 fortior
2325 5370 2428 5427 cst,
2474 5379 2576 5418 nec
2619 5379 2683 5417 ex
2722 5363 2846 5433 ejus
2893 5366 3148 5419 manibus
3194 5372 3522 5433 extorquere

1950 5462 2171 5526 potest;
2207 5462 2300 5509 aut
2334 5464 2393 5507 ut
2425 5453 2657 5510 facultas
2685 5464 2956 5526 suppetat,
2989 5456 3143 5512 deest
3179 5466 3357 5511 tamen
3390 5455 3527 5508 libe-

338 5609 704 5682 “Gen._x_uk,
739 5607 796 5660 9.
866 5607 915 5682 ξς
946 5607 1271 5682 ihid._sqq._
1308 5612 1328 5641 ’
1362 5609 1464 5682 lsa.
1506 5627 1601 5671 vn,
1642 5610 1748 5682 M._
1807 5610 1826 5682 ξ
1858 5611 2017 5665 Μίιοιι.
2053 5630 2105 5675 v,
2131 5613 2194 5682 2.
2279 5613 2295 5644 “
2328 5609 2559 5669 Malach.
2594 5629 2676 5682 III,
2704 5617 2753 5674 Ι.
2832 5617 2852 5647 ⁸
2878 5615 3019 5672 Psal.
3056 5631 3165 5680 ent,
3193 5617 3239 5669 l.
3317 5613 3336 5643 ⁸
3363 5599 3519 5667 133n-

264 5696 320 5744 ν,
353 5680 442 5735 46.
522 5679 542 5709 ⁷
579 5677 713 5730 Luc.
750 5692 826 5732 ιιι.
853 5675 937 5729 49.
1012 5680 1033 5709 ⁸
1059 5675 1301 5734 ἱὺίᾶ.’51.
1381 5683 1401 5714 ⁹
1432 5680 1562 5737 Luc.
1596 5695 1690 5746 xtl,
1723 5679 1774 5745 4,
1806 5680 1856 5734 5.

590 5770 871 5855 Parnm.
916 5768 1030 5831 Gn.
1080 5773 1240 5836 XLl.

1937 5685 1980 5713 ¹⁹
2018 5684 2145 5737 ibid.
2169 5680 2221 5736 6.

3085 5777 3161 5835 26
