3932 6064
489 283 593 341 747

1916 254 1973 308 s.
2014 250 2357 308 EPIPHANII
2437 325 2441 329 ν

3669 229 3783 286 τιὸ

489 396 649 454 randi
678 392 952 449 voluntas.
983 383 1217 440 Ubinam
1253 377 1420 448 igitur
1460 372 1553 428 illa
1586 368 1803 426 bonitas
1830 367 1946 422 est?
1979 364 2075 420 Sin
2105 402 2115 428 λ

2238 358 2545 431 δθευόμενός
2572 371 2722 419 τινας
2752 348 2990 424 μερικῶς
3033 346 3229 413 mittat;
3272 345 3336 399 Ei
3385 343 3483 414 μὲν
3522 342 3640 396 ἀπὸ
3663 342 3784 397 τῶν

2389 451 2397 454 _
2526 448 2539 454 -
2647 445 2701 454 -.
2920 439 2981 454 ...
3149 437 3168 454 κ
3277 435 3422 454 μιν,
3474 431 3784 454 “LL.--”

492 431 649 454 ..ιι-ι..
686 431 952 449 .υ.........,.
987 431 1214 440 ---ηπ
1276 431 1307 448 υ

492 489 752 560 quoniam
794 481 931 534 alter
955 476 1044 531 ille
1076 469 1342 531 condidit,
1382 465 1505 521 ideo
1537 470 1591 517 et
1614 458 1895 532 judicandi
1920 465 2075 528 pote-

2238 451 2477 523 Ompiwv
2526 445 2818 518 λαμῦἀνων
2869 439 3053 505 σώζει,
3108 435 3422 490 πλεονεκτεῖ
3466 431 3785 504 ἀλλοτρίων

2261 544 2283 555 ··
2405 542 2439 560 Α
2491 539 2539 560 M
2588 538 2641 560 -9.
2683 536 2908 560 .-.ε-.-η
2941 527 3250 560 .·ι..λ..ρειηυ
3279 522 3412 560 ατη...
3472 523 3561 560 ma.
3598 523 3662 560 ...λ
3696 525 3785 560 ειρ.

493 522 752 560 ιιυυιιιαιυ
794 522 921 534 ιιι-ν.
956 522 1043 531 ----
1083 522 1213 528 --ην
1328 522 1341 531 ,
1614 522 1632 532 ,
1922 522 1938 528 _

493 586 612 635 stas
668 575 715 631 ei
769 569 1049 629 tribuitur,
1093 557 1369 631 quomodo
1417 567 1710 626 supremus
1767 551 1877 612 ille,
1917 565 2076 619 quem

2238 544 2325 597 νῶν
2350 561 2362 573 ·
2395 542 2443 594 εί
2487 539 2543 592 δὲ
2584 538 2644 592 οὐ
2681 536 2908 605 φάσκεις
2940 527 3250 593 πλεονεξίαν
3276 522 3440 585 εἶναι,
3472 523 3563 579 διὰ
3598 523 3662 576 τὺ
3694 525 3785 587 είς

498 667 679 735 ﬁngis.
717 662 862 715 Deus
893 653 1188 711 nonuullos
1220 664 1286 703 ex
1321 646 1508 715 aliqua
1549 647 1706 712 parte
1738 638 1975 693 liberare
1998 636 2084 689 di-

2186 633 2389 702 ἀγαθὺν
2413 631 2473 684 τὸ
2496 630 2655 701 ἔργον
2681 624 2926 696 γίνεσθαι
2959 622 3053 676 καὶ
3087 619 3375 690 σωτήριον,
3410 616 3783 687 προσωπολή-

498 706 679 735 ....,_...,,
717 706 860 715 η..-
1415 706 1433 715 _
1549 706 1568 712 _

496 756 673 814 citur?
696 753 823 808 Sive
848 749 992 805 enim
1016 745 1194 799 aliena
1226 738 1447 810 rapiens
1479 738 1790 793 conservat,
1825 727 2080 798 injuriam

2238 742 2329 805 την
2358 724 2521 777 αὐτον
2551 720 2747 782 ποιεῖς,
2791 715 2866 787 μὴ
2904 714 2964 767 τὸ
3004 710 3207 782 ἀγαθὸν
3242 710 3375 772 ἴσως
3403 708 3600 771 πᾶσιν,
3639 706 3783 762 em

492 850 789 918 cupiditate
812 860 909 899 sua
934 838 1061 893 facit
1087 833 1245 890 alteri
1269 850 1282 885 :
1309 830 1424 885 sive
1451 833 1738 897 propterea
1761 835 1925 888 negas
1944 817 2085 887 inju-

493 945 630 995 riam
665 952 810 998 esse,
841 929 987 1002 quod
1046 926 1115 981 ad
1166 927 1367 980 bonum
1411 915 1652 985 alicujus
1693 928 1757 967 ac
1801 926 1859 966 sa

2194 813 2435 886 μερικῶς
2466 809 2742 871 ποιοῦντα.

1866 911 2029 963 lutem
2070 885 2291 971 referat,
2325 916 2684 977 personarum
2713 898 2864 954 illum
2893 894 3092 951 habere
3118 892 3384 947 rationem
3406 885 3654 957 iudicas,
3680 887 3780 957 qui

495 1046 606 1088 non
641 1024 861 1084 benede
891 1004 1148 1075 omnibus
1168 1010 1469 1082 aequaliter,
1496 1004 1589 1062 sed
1654 1002 1821 1058 certis
1874 1000 2140 1054 duntaxat
2178 997 2375 1054 mereri
2400 995 2634 1052 studeat.

568 1120 754 1177 Schol.
794 1116 884 1171 50.
915 1112 1023 1165 Pro
1040 1110 1126 1163 his
1161 1104 1379 1160 verbis:
1419 1095 1767 1167 Conﬁtebitur
1791 1107 1970 1148 coram
1995 1107 2092 1146 an-

496 1214 691 1287 gelis‘,
735 1205 1039 1276 rescripsit,
1092 1211 1273 1252 coram
1304 1193 1434 1247 Deo.

578 1270 765 1359 Reiut.
801 1270 926 1354 '50.-
952 1294 1191 1362 Apparet
1228 1282 1451 1371 omnino
1476 1319 1491 1343 ,
1552 1288 1896 1346 nequaquam
1936 1270 2090 1326 illum

2263 1090 2421 1161 Σχόλ.
2454 1088 2523 1142 λ’.
2568 1084 2716 1140 ’Δντὶ
2758 1082 2871 1136 τοῦ·
2934 1076 3320 1150 Ὀμολογήσει
3353 1074 3618 1132 ἐνώπιον
3660 1073 3785 1131 τῶν

2192 1180 2483 1251 ἀγγέλων,
2513 1176 2723 1239 ἐκεῖνος
2747 1171 2855 1227 τοῦ
2889 1168 3036 1224 Θεοῦ
3064 1167 3234 1236 λέγει.

2267 1270 2486 1341 Ἐλεγχ.
2532 1267 2599 1322 λ’.
2632 1260 2978 1334 Πανταχόθεν
3016 1259 3296 1330 ἐλέγχεται
3338 1257 3415 1329 μὴ
3458 1255 3605 1311 κατὰ
3647 1255 3785 1310 Θεὸν

505 1394 804 1454 secundum
880 1386 1050 1439 Deum
1104 1355 1420 1437 ambulare,
1473 1370 1601 1425 hcet
1657 1367 1950 1423 veritatem
2006 1360 2091 1415 vel

2238 1363 2581 1436 ορευόμενος,
2619 1359 2721 1413 κᾶν
2758 1374 2816 1410 τε
2844 1358 2900 1408 ἐν
2925 1352 3248 1424 βραχυτάτῳ
3283 1350 3431 1420 λόγῳ
3457 1348 3782 1421 παραλλάξῃ

504 1488 707 1555 exiguo
733 1475 999 1536 vocabulo
1027 1470 1347 1527 commutet.
1381 1460 1483 1528 Qui
1521 1460 1665 1515 enim
1719 1469 1908 1511 eorum
1969 1466 2090 1522 qua:

2238 1455 2292 1526 ἣν
2331 1452 2608 1523 ἀλήθειαν.
2632 1521 2635 1523 Α
2659 1449 2717 1502 Ὀ
2752 1445 2966 1517 τολμῶν
3005 1444 3115 1514 γάρ
3154 1459 3212 1495 τι
3244 1439 3656 1513 παραλλάσσειν
3675 1437 3785 1491 τῶν

506 1531 703 1555 εμπ-ν
746 1531 754 1536 .
810 1531 827 1534 -

506 1584 635 1634 sunt
668 1572 821 1631 initio
856 1567 1061 1635 scripta
1086 1567 1297 1632 partem
1336 1553 1574 1624 aliquam
1591 1559 1943 1616 corrumpere
1979 1556 2090 1596 non

2238 1542 2595 1617 εγραμμένων
2624 1538 2880 1611 ἀπαρχῆς
2908 1537 3009 1589 οὐκ
3038 1537 3096 1588 ὲν
3126 1533 3232 1605 διδῷ
3255 1531 3517 1603 ἀληθείας
3543 1532 3784 1589 ἵσταται.

505 1668 742 1727 dubitat,
780 1677 812 1716 a
842 1660 927 1715 via
969 1650 1209 1709 veritatis
1245 1647 1478 1700 aberrat.

586 1697 742 1727 υιιιιι,
780 1697 812 1716 α
850 1697 927 1715 nu
978 1697 1206 1709 “0.-----
1247 1697 1353 1700 -.η-γ

578 1756 768 1813 Schol.
805 1752 893 1807 5t.
933 1744 1053 1802 Non
1089 1741 1254 1796 habet
1293 1737 1440 1791 ista:
1470 1730 1608 1785 Deus
1653 1728 1800 1782 vestit
1835 1725 2012 1797 {eitum
2049 1724 2093 1778 ¹.

2268 1714 2421 1786 Σχόλ.
2461 1713 2562 1767 λα’.
2598 1711 2713 1765 Οὐκ
2747 1707 2861 1779 ἔχει
2892 1705 2972 1759 τό·
3010 1704 3072 1757 '0
3108 1700 3252 1768 Θεὸς
3282 1698 3653 1771 ἀμφιέννυσι
3680 1697 3786 1751 τὸν

582 1927 764 1985 ιὶείιιι.
788 1923 877 1978 51.
912 1919 1064 1974 Licet
1093 1928 1155 1971 ea
1197 1924 1317 1982 qum
1347 1907 1551 1985 scripta
1585 1910 1714 1959 sunt
1746 1915 1854 1955 non
1895 1913 1958 1952 ea
1996 1894 2097 1951 [ide

512 2022 749 2078 referas,
784 2027 892 2084 qua
926 2026 956 2063 a
989 2005 1275 2062 Salvatore
1328 1980 1681 2068 pronuntiata
1716 1998 1866 2055 sunt,
1907 1987 2097 2044 eadem

512 2125 697 2169 tamen
729 2079 821 2162 illa
852 2104 973 2157 loca
1028 2099 1082 2152 in
1134 2091 1453 2162 Evangelio,
1493 2101 1602 2157 quo
1647 2082 1887 2137 Ecclesia
1915 2079 2101 2134 catho-

515 2204 623 2258 lica
658 2199 849 2259 utitur,
890 2192 1099 2260 integra
1138 2188 1429 2240 servantur
1457 2195 1470 2231 :
1504 2172 1905 2247 quantumlibet
1934 2169 2102 2224 Deum

516 2295 671 2349 illum
723 2287 982 2354 abneges,
1020 2259 1117 2347 qui
1169 2271 1348 2326 Verbo
1393 2281 1495 2323 suo
1530 2261 1779 2319 condidit
1818 2259 2100 2318 universa,

515 2384 821 2450 eademque
866 2387 1002 2429 cura
1054 2382 1155 2424 sua
1207 2359 1663 2435 providentiaque
1695 2350 2103 2421 Complectitur,

519 2492 588 2533 ne
614 2474 738 2529 leno
773 2467 993 2540 quidem
1020 2466 1286 2527 excepto;
1316 2466 1477 2524 quem
1508 2450 1734 2518 insuper
1780 2444 1945 2499 Deum
1988 2440 2106 2495 Sal-

521 2577 677 2622 vator
704 2577 803 2619 sua
838 2572 972 2614 voce
1015 2550 1304 2608 confessus
1333 2552 1438 2600 est.

595 2650 781 2714 Schol.
805 2651 895 2707 '52.
933 2647 1094 2703 Pater
1120 2650 1286 2697 vester
1322 2638 1460 2691 novit
1506 2632 1768 2701 corporeis
1810 2630 1933 2683 iisce
1966 2625 2108 2681 vobis

524 2767 653 2823 opus
667 2762 777 2803 esse
789 2739 836 2799 ³.

600 2842 788 2899 Refut.
825 2837 914 2892 52.
974 2833 1133 2890 Novit
1166 2830 1329 2886 Pater
1359 2821 1661 2892 discipulos
1689 2812 1938 2884 corporis
1967 2806 2114 2862 indi-

530 2951 657 3008 gere
695 2926 1181 2989 commoditatibus
1202 2964 1217 2988 ,
1249 2933 1387 2991 quas
1418 2914 1627 2970 idcirco
1659 2909 1917 2979 procurat
1948 2917 1962 2966 ;
2003 2914 2112 2954 nou

532 3031 590 3085 in
619 3027 728 3081 alio
747 3021 985 3094 quodam
1005 3032 1167 3089 quam
1195 3017 1249 3069 in
1268 3013 1371 3067 hoc
1396 3006 1629 3069 saeculo;
1661 3014 1837 3069 neque
1863 2998 1916 3051 in
1942 2995 2115 3049 aliena

535 3115 909 3190 possessione,
940 3109 1033 3167 sed
1062 3109 1117 3163 in
1147 3108 1216 3165 iis
1243 3105 1407 3158 rebus
1439 3109 1673 3170 quarum
1719 3093 1835 3162 ipse
1866 3086 2117 3143 conditor

534 3219 640 3277 est,
667 3221 856 3264 servos
904 3216 1036 3259 suos
1090 3194 1360 3269 singulari
1392 3178 1737 3264 providentia
1776 3172 2126 3253 gubernans.

609 3265 792 3354 Schol.
834 3295 919 3350 '55.
943 3265 1424 3359 Qua’ritevregnum
1457 3279 1569 3343 Dei,
1601 3286 1649 3331 et
1677 3274 1784 3328 Ita'c
1821 3270 1998 3325 omnia
2029 3265 2119 3318 ud-

530 3394 786 3464 jicientur
814 3387 958 3443 vobis
996 3384 1039 3437 ‘.

610 3481 797 3538 Refut.
829 3478 919 3532 35.
957 3474 1016 3529 Si
1044 3468 1233 3526 alienis
1269 3470 1644 3529 sustentamur
1680 3456 1895 3526 opibus,
1932 3460 2121 3520 estque

541 3575 682 3629 alius
713 3568 957 3624 emlestis
1007 3559 1161 3630 regni
1202 3556 1365 3619 Deus,
1397 3549 1528 3621 quid
1567 3553 1746 3619 potest
1777 3545 1833 3599 in
1863 3543 1967 3597 hoc
1998 3554 2122 3595 esse

541 3676 797 3721 sermone
826 3647 1289 3713 consentaneum?
1313 3643 1446 3699 Nam
1476 3651 1570 3696 aut
1593 3639 1659 3694 ad
1691 3638 1843 3691 illum
1859 3642 1966 3689 tam
1986 3630 2123 3686 infe-

543 3755 690 3810 riora
721 3751 823 3806 ista
847 3746 1139 3820 pertinent,
1164 3753 1328 3811 quam
1356 3735 1581 3791 cmleste
1608 3725 1863 3800 regnum,
1894 3723 2125 3792 ideoque

544 3844 806 3903 inferiora
842 3841 956 3896 haec
993 3834 1197 3897 omnia,
1227 3845 1348 3902 qua!
1394 3841 1493 3884 sua
1526 3822 1687 3896 335
1734 3826 1883 3884 sunt,
1914 3831 2013 3888 pro
2049 3815 2125 3869 la-

544 3936 814 3998 boreillo,
856 3945 1018 4004 quem
1050 3927 1199 3998 regni
1236 3922 1321 3978 sui
1357 3918 1690 3976 desiderium
1738 3910 1934 3966 aﬂ‘erre
1965 3906 2121 3972 solet,

546 4002 1191 4091 hominibus-rependit;
1243 4021 1336 4069 aut
1366 4013 1441 4066 ita
1507 4020 1733 4078 regnum
1774 4002 2128 4068 futurumque

547 4121 806 4181 saeculum
849 4114 915 4169 ad
948 4089 1102 4168 illum
1159 4106 1417 4178 pertinet,
1467 4112 1526 4155 ut
1556 4098 1674 4152 haec
1706 4094 1892 4150 inﬁma
1923 4089 2128 4146 Condi-

547 4210 656 4265 tori
681 4202 967 4262 tribuenda
982 4200 1123 4263 sint;
1147 4176 1214 4251 ex
1235 4207 1344 4264 quo
1364 4189 1611 4259 sequitur
1622 4180 1937 4241 Conditoris
1953 4176 2129 4249 ipsius

547 4302 879 4358 voluntatem
927 4292 994 4348 ad
1023 4287 1264 4367 supremi
1315 4283 1462 4338 illius
1492 4291 1720 4349 regnum
1751 4270 2130 4330 accommoda-

2198 1807 2437 1876 χόρτον.

2272 1899 2493 1968 Ἔλεγχ.
2526 1895 2629 1948 λα’.
2664 1894 2726 1947 Ei
2757 1892 2850 1945 καὶ
2884 1888 2961 1962 μὴ
2991 1888 3083 1960 ἐᾷς
3103 1886 3171 1940 τὰ
3190 1885 3577 1956 γεγραμμένα,
3605 1882 3680 1947 ὡς
3709 1874 3785 1936 εἷ·-

2199 2010 2292 2065 χεν
2326 1990 2432 2044 ὑπὸ
2460 1988 2554 2042 τοῦ
2587 1985 2838 2056 Σωτῆρος
2871 1980 3156 2053 εἰρημένα,
3180 1978 3296 2031 ἀλλ’
3325 1972 3488 2045 οὗνγε
3522 1974 3783 2040 σώζονται

2200 2088 2249 2139 οί
2275 2084 2429 2138 τόποι
2452 2082 2509 2133 ὲν
2538 2078 2616 2149 τῷ
2641 2073 2957 2144 Εὑαγγελίῳ
2983 2072 3081 2143 τῆς
3106 2068 3268 2138 ἁγίας
3302 2067 3659 2143 Ἐκκλησίας·
3686 2064 3787 2120 κᾶν

2202 2178 2412 2249 ἀρνήσῃ
2443 2173 2505 2226 σὺ
2534 2172 2625 2225 τὸν
2648 2169 2780 2223 Θεὸν
2804 2167 2895 2221 τὸν
2926 2165 3103 2220 πάντα
3142 2161 3503 2231 πεποιηκότα,
3535 2160 3632 2214 καὶ
3658 2159 3791 2213 πάν-

2204 2248 2310 2321 τῶν
2344 2261 2733 2334 ἐπιμελόμενον
2752 2256 2830 2328 τῷ
2863 2255 3021 2325 Λόγῳ
3044 2251 3231 2323 αρτοῦ.
3259 2250 3390 2323 ἄχρι
3419 2253 3517 2304 καὶ
3544 2249 3641 2303 τοῦ
3662 2248 3784 2321 χόρ-

2204 2374 2320 2421 του,
2346 2354 2441 2410 καὶ
2467 2351 2571 2406 ὑπὸ
2596 2349 2688 2404 τοῦ
2712 2347 2962 2418 Σωτῆρος
2990 2342 3441 2417 ὁμολογούμενον.

2285 2616 2441 2689 Σχόλ.
2464 2611 2567 2666 λθ.
2612 2607 2795 2681 ’Υμῶν
2829 2606 2896 2660 δὲ
2919 2608 2948 2659 0'
2976 2601 3180 2673 Πατὴρ
3211 2597 3397 2665 οἶδεν,
3431 2600 3523 2654 ὅτι
3554 2597 3791 2671 χρῄζετε

2214 2710 2439 2764 τούτων
2470 2702 2589 2758 τῶν
2619 2696 2943 2768 σαρκικῶν.

2287 2797 2507 2866 Ἔλεγχ.
2521 2792 2620 2864 λβ⁰.
2639 2785 2791 2847 Οἶδεν
2809 2790 2836 2842 ό
2853 2786 3063 2858 Πατὴρ,
3082 2785 3161 2839 ὅτι
3176 2782 3466 2856 χρῄζουσιν
3481 2782 3533 2836 οἱ
3561 2780 3795 2854 μαθηταὶ

2215 2890 2323 2945 τῶν
2348 2887 2623 2962 σαρκικῶν
2648 2882 2867 2957 χρειῶν,
2889 2881 2981 2935 καὶ
3002 2881 3215 2952 προνοεῖ
3233 2877 3342 2930 τῶν
3362 2875 3642 2929 τοιούτων·
3668 2874 3797 2945 προ-

2218 2985 2328 3037 νοεῖ
2356 2980 2413 3034 δὲ
2449 2979 2548 3033 οὐκ
2582 2978 2639 3032 ὲν
2667 2974 2809 3044 ἄλλῳ
2839 2970 3014 3035 αίῶνι,
3046 2970 3158 3023 ἀλλ’
3188 2967 3442 3032 ἐνταῦθα,
3471 2966 3573 3019 οὐκ
3599 2966 3659 3019 ὲν
3689 2965 3797 3027 τοῖς

2219 3068 2518 3141 ἀλλοτρίοις
2548 3066 2648 3138 τὴν
2691 3063 2947 3136 πρόνοιαν
2980 3059 3088 3112 τῶν
3135 3056 3327 3110 ἑαυτοῦ
3376 3054 3584 3109 δούλων
3614 3052 3794 3108 ποιού-

2223 3179 2402 3236 μενος,
2431 3159 2546 3214 ἀλλ’
2576 3158 2632 3210 ὲν
2660 3157 2772 3218 τοῖς
2799 3153 2890 3207 ὑπ’
2921 3149 3085 3205 αὑτοῦ
3115 3148 3477 3218 ὲκτισμένοις.

2290 3251 2445 3323 Σχόλ.
2474 3250 2574 3319 λγ’.
2604 3244 2841 3315 Ζητεῖτε
2866 3242 2979 3311 τὴν
2994 3240 3325 3307 ,ϐασιλείαν
3359 3235 3468 3291 τοῦ
3498 3236 3669 3300 Θεοῦ,
3702 3234 3796 3289 καί

2221 3344 2407 3398 ταῦτα
2435 3339 2631 3394 πάντα
2655 3331 3127 3404 προστεθήσεται
3156 3328 3318 3398 ὑμῖν.

2295 3432 2517 3502 Ἔλεγχ.
2554 3429 2658 3498 λγ’.
2706 3428 2770 3481 Ei
2807 3424 2915 3479 τῶν
2935 3422 3097 3476 ἄλλου
3121 3421 3143 3452 ⁸
3161 3415 3494 3491 τρεφόμεθα,
3516 3415 3613 3469 καὶ
3647 3413 3800 3479 ἄλλος

2221 3523 2354 3585 Θεδς
2388 3521 2485 3590 τῆς
2525 3516 2799 3588 βασιλείας
2828 3513 2936 3567 τῶν
2964 3509 3209 3583 οὐρανῶν
3232 3508 3492 3578 ὑπάρχει,
3517 3505 3640 3569 πῶς
3669 3505 3750 3558 ἔτι
3773 3506 3802 3558 ό

2222 3614 2379 3682 λόγος
2413 3609 2802 3682 συμφωνήσει;
2830 3605 2891 3657 Εἰ
2928 3603 3037 3673 γὰρ
3058 3603 3076 3631 ⁷
3095 3597 3259 3654 αὑτοῦ
3290 3600 3408 3650 ἐστι
3447 3595 3518 3650 τὰ
3550 3594 3801 3659 ἐνταῦθα,

2224 3706 2319 3761 καὶ
2357 3702 2520 3758 αὑτοῦ
2567 3704 2714 3754 ἐστιν
2756 3699 2789 3769 ἡ
2824 3693 3086 3767 βασιλεία·
3132 3691 3211 3746 διὸ
3254 3687 3581 3760 προστίθησι
3632 3687 3803 3740 πάντα

2224 3799 2293 3853 τὰ
2318 3795 2552 3851 ἐνταῦθα
2573 3792 2701 3847 ὄντα
2726 3786 2890 3843 αὐτοῦ
2912 3785 3000 3840 διὰ
3024 3784 3115 3839 τὸν
3137 3783 3382 3853 κάματον
3401 3779 3497 3833 τοῦ
3519 3778 3684 3832 πόθου
3708 3779 3802 3848 τῆς

2227 3888 2392 3947 αὐτοῦ
2425 3885 2720 3960 βασιλείας
2755 3881 2788 3953 ἢ
2825 3879 2990 3934 αὐτοῦ
3026 3877 3178 3950 μὲνὴ
3214 3873 3484 3946 βασιλεία,
3521 3873 3618 3927 καὶ
3642 3873 3671 3925 ό
3694 3872 3804 3925 ἐκεῖ

2227 3984 2383 4050 αἰὼν,
2420 3980 2514 4035 τοῦ
2544 3980 2601 4033 δὲ
2630 3970 2974 4047 Δημιουργοῦ
3005 3969 3072 4022 τὰ
3091 3965 3347 4021 ἐνταῦθα’
3378 3963 3475 4017 καὶ
3499 3962 3803 4017 συνευδοκεῖ

2227 4081 2256 4134 ό
2281 4071 2622 4148 Δημιουργδς
2649 4070 2714 4139 τῇ
2743 4064 2839 4118 τοῦ
2878 4064 2990 4118 ἄνω
3025 4057 3293 4131 βασιλείᾳ,
3335 4054 3801 4125 ἀντιλαμϐανόμεο

2229 4187 2319 4234 νος
2348 4169 2457 4221 τῶν
2486 4164 2582 4235 τὴν
2612 4157 2958 4227 δικαιοσύνην
2989 4152 3083 4208 τοῦ
3114 4153 3225 4207 ἄνω
3254 4149 3349 4203 καί
3392 4147 3668 4218 βασιλείαν
3710 4146 3805 4216 ζη-

2229 4258 2486 4314 τούντων.
2521 4252 2668 4314 Mra;
2699 4248 2756 4302 δὲ
2788 4244 2955 4315 οὔσης
2983 4241 3248 4303 εὐδοκίας,
3279 4238 3374 4291 καὶ
3406 4237 3527 4306 οὐχὶ
3554 4235 3802 4304 διαφερο-

551 4319 879 4358 VOlunlatelll
927 4319 994 4348 au
1023 4319 1264 4367 usupra-ru
1316 4319 1462 4338 mum
1494 4319 1720 4349 ...θυι-..-
1751 4319 2102 4330 ...μνη-η,-

551 4399 662 4446 tam
686 4404 828 4451 esse,
857 4400 981 4441 cum
1045 4383 1113 4438 iis
1166 4378 1422 4434 omnibus
1474 4369 1810 4444 gratiﬁcetur
1843 4373 1897 4422 et
1926 4362 2115 4427 faveat1

2238 4352 2423 4424 μένης,
2467 4344 2651 4401 οὐκέτι
2700 4340 2794 4395 δύο
2830 4336 2996 4409 ἀρχαὶ
3027 4334 3061 4405 ἢ
3095 4334 3261 4404 τρεῖς
3314 4327 3393 4398 τῷ
3445 4328 3554 4399 γὰρ
3597 4319 3804 4388 δντιεῖς

2238 4447 2248 4451 -
2417 4442 2430 4451 ·
2464 4440 2499 4451 Α
2536 4439 2549 4451 ·
2649 4437 2665 4451 ο
2735 4433 2748 4451 ι
2796 4432 2965 4451 -ιηλ--
2999 4427 3248 4451 _--.'.-..-.
3277 4423 3507 4451 “ne---
3530 4419 3585 4451 si.
3612 4417 3784 4451 ..-κλμ

553 4480 924 4553 quijustitiam
961 4474 1132 4545 ipsius
1187 4484 1252 4524 ac
1294 4480 1522 4538 regnum
1565 4460 1864 4532 requirant.
1891 4454 2049 4523 Quod
2079 4455 2127 4511 si

552 4569 850 4628 voluntatis
878 4566 1028 4622 nulla
1052 4560 1350 4623 dissensio,
1367 4555 1463 4612 sed
1492 4567 1709 4609 summa
1733 4547 1981 4621 quaedam
1995 4561 2129 4601 con-

553 4662 742 4719 cordia
770 4662 863 4726 sit,
896 4673 1002 4713 non
1022 4656 1133 4726 jam
1156 4653 1267 4708 duo
1296 4657 1445 4714 sunt,
1475 4647 1646 4702 triave
1671 4641 1958 4715 principia.
1988 4639 2128 4695 Vere

2235 4417 2382 4499 ἐστιν
2408 4442 2437 4495 ό
2460 4439 2612 4502 Θεὸς,
2639 4437 2668 4490 ό
2694 4433 2762 4488 τὰ
2790 4432 2967 4486 πάντα
2997 4427 3248 4496 ποιήσας·
3276 4423 3507 4493 ποιήσας
3530 4419 3587 4472 δὲ
3612 4417 3802 4482 καλῶς,

2235 4535 2330 4590 καὶ
2355 4534 2456 4600 οὐκ
2489 4526 2768 4590 ἐναντίως.
2788 4520 2992 4593 νἭμῶν
3021 4518 3078 4572 δέ
3102 4519 3219 4570 ἐστι
3247 4513 3310 4566 τὸ
3338 4510 3695 4584 ἁμαρτάνειν,
3718 4509 3804 4562 καὶ

2237 4627 2562 4701 σφάλλεσθαι
2597 4626 2653 4676 ὲν
2677 4619 2757 4691 τῷ
2789 4617 2986 4675 θέλειν.
3019 4613 3114 4666 καὶ
3143 4612 3199 4663 ὲν
3224 4607 3302 4679 τῷ
3343 4607 3418 4678 μὴ
3449 4605 3647 4659 θέλειν.

554 4700 742 4719 ww...
771 4700 863 4726 ειη,
896 4700 1133 4726 ..ν-πη..
1159 4700 1262 4708 --ν
1483 4700 1491 4702 -
1532 4700 1537 4701 ,
1672 4700 1690 4715 _
1851 4700 1869 4713 ,
2286 4700 2289 4701 ν

554 4756 699 4810 enim
722 4752 865 4807 Deus
894 4765 1038 4807 unus
1056 4755 1160 4812 est,
1197 4745 1287 4816 qui
1314 4744 1569 4799 universa
1601 4738 1885 4803 condidit;
1916 4742 1971 4790 et
2037 4731 2259 4805 quidem
2325 4728 2483 4789 bene,
2555 4722 2660 4774 non
2709 4711 2988 4770 contrario
3039 4706 3201 4762 modo
3238 4702 3506 4759 condidit.
3578 4700 3805 4755 Peccare

556 4865 689 4907 vero
720 4858 967 4904 nostrum
1022 4854 1124 4909 est,
1182 4854 1343 4912 atque
1380 4841 1434 4895 in
1486 4834 1736 4907 eligendo
1767 4832 2132 4903 fugiendoque
2166 4826 2436 4881 aberrare.

628 4945 817 5003 Schol.
844 4942 933 4998 54.
960 4940 1067 4995 Pro
1089 4955 1154 4995 eo
1187 4936 1333 5008 quod
1353 4942 1467 4990 est:
1501 4932 1662 4986 Pater
1696 4938 1860 4984 vester
1887 4929 1930 4993 ⁸,
1961 4926 2127 4981 habe-

554 5040 669 5106 bat,
700 5036 883 5092 Pater.

626 5128 809 5186 Befut.
841 5126 927 5182 54.
944 5123 1084 5178 Nihil
1108 5135 1286 5177 causae
1313 5123 1513 5173 nostra:
1543 5130 1611 5169 ne
1629 5113 1735 5168 hoc
1763 5111 1884 5166 loco
1909 5107 2129 5180 quidem

558 5220 747 5285 oﬁicis,
796 5219 890 5275 sed
931 5232 1050 5272 eam
1085 5214 1259 5285 magis
1288 5210 1567 5276 sublevas,
1602 5207 1733 5263 dum
1763 5200 1960 5259 horum
1995 5199 2134 5254 infe-

558 5313 764 5367 riorum
787 5323 975 5364 curam
1010 5323 1041 5362 a
1071 5306 1234 5361 Patre
1263 5320 1363 5360 suo
1396 5302 1511 5374 geri
1560 5298 1906 5356 conﬁtentem
1940 5289 2133 5346 Salva-

556 5409 730 5459 torcm
761 5400 995 5455 inducis.

634 5573 653 5607 ¹
687 5573 823 5631 Luc.
861 5589 962 5641 xu,
1002 5571 1091 5628 ΞΒ.
1201 5569 1373 5627 'ibid.
1412 5569 1464 5625 8.
1574 5565 1594 5598 ³
1624 5564 1756 5622 ibid.
1802 5564 1892 5620 ‘50.

500 5744 505 5749 γ
558 5647 594 5717 ἡ
618 5648 743 5719 γάρο

1992 5558 2016 5591 ι
2046 5555 2180 5629 ibid.
2206 5553 2295 5613 ει.

2306 4916 2459 4989 Σχόλ.
2492 4913 2585 4968 λδ¹.
2640 4908 2785 4963 Ἀντί
2807 4903 2921 4958 τοῦο
2980 4900 3044 4981 ’ρ
3077 4892 3278 4961 Πατὴρ
3314 4889 3503 4961 ὑμῶν.
3540 4892 3573 4944 ό
3612 4889 3803 4957 Πατὴρ

2234 5007 2400 5065 εἷγεν.
3054 5002 3059 5007 ’

2321 5029 2400 5063 εν.

2286 5029 2531 5167 ξΕλεγχ.
2567 5090 2790 5147 λδ’.Καὶ
2827 5090 2882 5140 ὲν
2920 5083 3094 5152 τούτῳ
3130 5078 3281 5132 οὐδὲν
3319 5077 3470 5147 ἡμᾶς
3510 5074 3797 5145 ἀδικήσεις,

2234 5193 2371 5250 ἀλλὰ
2395 5192 2473 5245 ἔτι
2502 5180 2940 5244 ὲπιῦεϐαιώσεις.
2978 5174 3083 5229 Τὸν
3112 5171 3222 5241 γὰρ
3252 5168 3416 5223 αὑτοῦ
3441 5167 3662 5239 Πατέρα
3681 5183 3803 5237 προι

2235 5287 2374 5340 νοεῖν
2408 5281 2515 5337 τῶν
2555 5274 2786 5333 ἐνταῦθα
2818 5266 3176 5341 ὡμολόγησας
3208 5261 3301 5314 τὸν
3334 5257 3569 5329 Σωτῆρα
3596 5258 3803 5328 εξρηχέ-

3560 5496 3802 5582 ,ναπο

2403 5549 2426 5585 ⁸
2456 5547 2581 5607 ibid.
2624 5544 2713 5601 30.
2824 5539 2853 5616 ,⁸
2887 5538 3042 5597 Corr.
3073 5537 3138 5589 ὲκ
3167 5530 3280 5587 τῶν
3306 5527 3492 5584 ἄλλου.
