  <div class='ocr_page' id='page_1' title='image "/cluster/home/n/w/nwhite01/storage/ocr_20150623/41/hvd.32044073501868/396.png"; bbox 0 0 3932 6064; ppageno 0'>
   <div class='ocr_carea' id='block_1_1' title="bbox 213 223 310 283">
    <p class='ocr_par' dir='ltr' id='par_1_1' title="bbox 213 223 310 283">
     <span class='ocr_line' id='line_1_1' title="bbox 213 223 310 283; baseline 0.021 -2"><span class='ocrx_word' id='word_1_1' title='bbox 213 223 310 283; x_wconf 71' lang='grc'><strong>749</strong></span> 
     </span>
    </p>
   </div>
   <div class='ocr_carea' id='block_1_2' title="bbox 834 216 2775 295">
    <p class='ocr_par' dir='ltr' id='par_1_2' title="bbox 834 216 2775 295">
     <span class='ocr_line' id='line_1_2' title="bbox 834 216 2775 295; baseline 0.004 -20"><span class='ocrx_word' id='word_1_2' title='bbox 834 216 1204 295; x_wconf 66' lang='lat' dir='ltr'><strong>ADVERSUS</strong></span> <span class='ocrx_word' id='word_1_3' title='bbox 1241 218 1581 276; x_wconf 63' lang='lat' dir='ltr'><strong>llrERESES</strong></span> <span class='ocrx_word' id='word_1_4' title='bbox 1618 222 1746 277; x_wconf 86' lang='lat' dir='ltr'><strong>LIB.</strong></span> <span class='ocrx_word' id='word_1_5' title='bbox 1782 221 1821 277; x_wconf 88' lang='lat' dir='ltr'><strong>l.</strong></span> <span class='ocrx_word' id='word_1_6' title='bbox 1864 221 2025 278; x_wconf 65' lang='lat' dir='ltr'><strong>T03].</strong></span> <span class='ocrx_word' id='word_1_7' title='bbox 2066 223 2151 277; x_wconf 74' lang='grc' dir='ltr'>ιιι.</span> <span class='ocrx_word' id='word_1_8' title='bbox 2195 254 2262 265; x_wconf 92' lang='grc'><strong><em>-</em></strong></span> <span class='ocrx_word' id='word_1_9' title='bbox 2302 224 2573 282; x_wconf 65' lang='lat' dir='ltr'><strong>llAZRES.</strong></span> <span class='ocrx_word' id='word_1_10' title='bbox 2615 224 2775 283; x_wconf 77' lang='lat' dir='ltr'><strong>XLII.</strong></span> 
     </span>
    </p>
   </div>
   <div class='ocr_carea' id='block_1_3' title="bbox 3331 231 3437 288">
    <p class='ocr_par' dir='ltr' id='par_1_3' title="bbox 3331 231 3437 288">
     <span class='ocr_line' id='line_1_3' title="bbox 3331 231 3437 288; baseline 0.038 -4"><span class='ocrx_word' id='word_1_11' title='bbox 3331 231 3437 288; x_wconf 76' lang='lat'><strong>750</strong></span> 
     </span>
    </p>
   </div>
   <div class='ocr_carea' id='block_1_4' title="bbox 276 335 1780 411">
    <p class='ocr_par' dir='ltr' id='par_1_4' title="bbox 276 335 1767 408">
     <span class='ocr_line' id='line_1_4' title="bbox 276 335 1767 408; baseline 0.001 -16"><span class='ocrx_word' id='word_1_12' title='bbox 276 336 421 408; x_wconf 85' lang='grc' dir='ltr'>Σχόλ.</span> <span class='ocrx_word' id='word_1_13' title='bbox 465 336 561 392; x_wconf 82' lang='grc' dir='ltr'>λε’.</span> <span class='ocrx_word' id='word_1_14' title='bbox 612 335 760 389; x_wconf 73' lang='grc' dir='ltr'>Ἀντὶ</span> <span class='ocrx_word' id='word_1_15' title='bbox 794 336 909 401; x_wconf 78' lang='grc' dir='ltr'>τοῦ,</span> <span class='ocrx_word' id='word_1_16' title='bbox 945 336 1195 406; x_wconf 81' lang='grc' dir='ltr'><strong>δευτέρᾳ</strong></span> <span class='ocrx_word' id='word_1_17' title='bbox 1237 336 1280 406; x_wconf 72' lang='grc' dir='ltr'>ἢ</span> <span class='ocrx_word' id='word_1_18' title='bbox 1307 338 1767 408; x_wconf 42' lang='grc' dir='ltr'>τρίτῃκφυλακῇ.</span> 
     </span>
    </p>
   </div>
   <div class='ocr_carea' id='block_1_5' title="bbox 1897 335 3442 411">
    <p class='ocr_par' dir='ltr' id='par_1_5' title="bbox 1948 338 3442 411">
     <span class='ocr_line' id='line_1_5' title="bbox 1948 338 3442 411; baseline 0.008 -19"><span class='ocrx_word' id='word_1_19' title='bbox 1948 338 2130 395; x_wconf 83' lang='lat' dir='ltr'><strong>Schol.</strong></span> <span class='ocrx_word' id='word_1_20' title='bbox 2159 341 2246 395; x_wconf 74' lang='lat'><strong>33.</strong></span> <span class='ocrx_word' id='word_1_21' title='bbox 2287 341 2393 397; x_wconf 85' lang='lat' dir='ltr'><strong>Pro</strong></span> <span class='ocrx_word' id='word_1_22' title='bbox 2440 357 2509 397; x_wconf 90' lang='lat' dir='ltr'><strong>eo</strong></span> <span class='ocrx_word' id='word_1_23' title='bbox 2562 343 2707 411; x_wconf 82' lang='lat' dir='ltr'><strong>quod</strong></span> <span class='ocrx_word' id='word_1_24' title='bbox 2748 350 2850 409; x_wconf 87' lang='lat' dir='ltr'><strong>est,</strong></span> <span class='ocrx_word' id='word_1_25' title='bbox 2888 344 3136 408; x_wconf 80' lang='lat' dir='ltr'><strong>secanda,</strong></span> <span class='ocrx_word' id='word_1_26' title='bbox 3178 345 3255 399; x_wconf 75' lang='lat' dir='ltr'><strong>vel</strong></span> <span class='ocrx_word' id='word_1_27' title='bbox 3287 352 3442 406; x_wconf 86' lang='lat' dir='ltr'><strong>tertia</strong></span> 
     </span>
    </p>
   </div>
   <div class='ocr_carea' id='block_1_6' title="bbox 211 427 980 503">
    <p class='ocr_par' dir='ltr' id='par_1_6' title="bbox 211 427 980 503">
     <span class='ocr_line' id='line_1_6' title="bbox 211 427 980 503; baseline -0.004 -18"><span class='ocrx_word' id='word_1_28' title='bbox 211 429 365 503; x_wconf 76' lang='grc' dir='ltr'>εἶχεν,</span> <span class='ocrx_word' id='word_1_29' title='bbox 393 427 683 497; x_wconf 77' lang='grc' dir='ltr'>ἐσπερινῆ</span> <span class='ocrx_word' id='word_1_30' title='bbox 709 428 980 497; x_wconf 73' lang='grc' dir='ltr'>φυλακῇ.</span> 
     </span>
    </p>
   </div>
   <div class='ocr_carea' id='block_1_7' title="bbox 281 518 1775 591">
    <p class='ocr_par' dir='ltr' id='par_1_7' title="bbox 281 518 1775 591">
     <span class='ocr_line' id='line_1_7' title="bbox 281 518 1775 591; baseline 0.005 -19"><span class='ocrx_word' id='word_1_31' title='bbox 281 521 493 590; x_wconf 83' lang='grc' dir='ltr'>Ἔλεγχ.</span> <span class='ocrx_word' id='word_1_32' title='bbox 519 518 615 575; x_wconf 89' lang='grc' dir='ltr'>λε’.</span> <span class='ocrx_word' id='word_1_33' title='bbox 658 519 1053 590; x_wconf 83' lang='grc' dir='ltr'>Ἐλήλεγκταιὸ</span> <span class='ocrx_word' id='word_1_34' title='bbox 1072 519 1368 589; x_wconf 75' lang='grc' dir='ltr'>κτηνώδης,</span> <span class='ocrx_word' id='word_1_35' title='bbox 1399 519 1775 591; x_wconf 74' lang='grc' dir='ltr'>μεταστρέψεις</span> 
     </span>
    </p>
   </div>
   <div class='ocr_carea' id='block_1_8' title="bbox 210 610 1775 683">
    <p class='ocr_par' dir='ltr' id='par_1_8' title="bbox 210 610 1775 683">
     <span class='ocr_line' id='line_1_8' title="bbox 210 610 1775 683; baseline -0.003 -16"><span class='ocrx_word' id='word_1_36' title='bbox 210 614 329 676; x_wconf 83' lang='grc' dir='ltr'>τοὺς</span> <span class='ocrx_word' id='word_1_37' title='bbox 364 610 545 674; x_wconf 81' lang='grc' dir='ltr'><strong>θείους</strong></span> <span class='ocrx_word' id='word_1_38' title='bbox 573 610 767 680; x_wconf 85' lang='grc' dir='ltr'>λόγους</span> <span class='ocrx_word' id='word_1_39' title='bbox 809 611 1053 682; x_wconf 82' lang='grc' dir='ltr'><strong>ἀνοήτως</strong></span> <span class='ocrx_word' id='word_1_40' title='bbox 1099 611 1237 682; x_wconf 75' lang='grc' dir='ltr'>πρὸς</span> <span class='ocrx_word' id='word_1_41' title='bbox 1278 611 1376 682; x_wconf 81' lang='grc' dir='ltr'><strong>τὴν</strong></span> <span class='ocrx_word' id='word_1_42' title='bbox 1413 611 1606 683; x_wconf 62' lang='grc' dir='ltr'>ἑαυτοῦ</span> <span class='ocrx_word' id='word_1_43' title='bbox 1647 610 1775 664; x_wconf 72' lang='lat'><em>61:6-</em></span> 
     </span>
    </p>
   </div>
   <div class='ocr_carea' id='block_1_9' title="bbox 210 700 1777 775">
    <p class='ocr_par' dir='ltr' id='par_1_9' title="bbox 210 700 1777 775">
     <span class='ocr_line' id='line_1_9' title="bbox 210 700 1777 775; baseline -0.003 -16"><span class='ocrx_word' id='word_1_44' title='bbox 210 721 371 760; x_wconf 87' lang='grc' dir='ltr'>νοιαν.</span> <span class='ocrx_word' id='word_1_45' title='bbox 399 703 473 756; x_wconf 85' lang='grc' dir='ltr'><strong>Οὐ</strong></span> <span class='ocrx_word' id='word_1_46' title='bbox 503 702 614 775; x_wconf 81' lang='grc' dir='ltr'><strong>γάρ</strong></span> <span class='ocrx_word' id='word_1_47' title='bbox 651 703 909 775; x_wconf 82' lang='grc' dir='ltr'>ὴμεριναὶ</span> <span class='ocrx_word' id='word_1_48' title='bbox 945 703 1183 771; x_wconf 88' lang='grc' dir='ltr'>γίνονται</span> <span class='ocrx_word' id='word_1_49' title='bbox 1206 702 1318 772; x_wconf 82' lang='grc'><strong>(75)</strong></span> <span class='ocrx_word' id='word_1_50' title='bbox 1354 700 1612 770; x_wconf 82' lang='grc' dir='ltr'>φυλακαὶ,</span> <span class='ocrx_word' id='word_1_51' title='bbox 1642 702 1777 756; x_wconf 74' lang='grc' dir='ltr'>ἀλλὰ</span> 
     </span>
    </p>
   </div>
   <div class='ocr_carea' id='block_1_10' title="bbox 214 791 1777 866">
    <p class='ocr_par' dir='ltr' id='par_1_10' title="bbox 214 791 1777 866">
     <span class='ocr_line' id='line_1_10' title="bbox 214 791 1777 866; baseline -0.004 -16"><span class='ocrx_word' id='word_1_52' title='bbox 214 796 542 866; x_wconf 77' lang='grc' dir='ltr'>νυκτεριναὶ,</span> <span class='ocrx_word' id='word_1_53' title='bbox 592 792 700 846; x_wconf 82' lang='grc' dir='ltr'>ἀπὸ</span> <span class='ocrx_word' id='word_1_54' title='bbox 742 791 979 863; x_wconf 78' lang='grc' dir='ltr'><strong>ἑσπέρας</strong></span> <span class='ocrx_word' id='word_1_55' title='bbox 1021 794 1102 856; x_wconf 83' lang='grc' dir='ltr'><strong>είς</strong></span> <span class='ocrx_word' id='word_1_56' title='bbox 1140 792 1238 863; x_wconf 83' lang='grc' dir='ltr'>τὴν</span> <span class='ocrx_word' id='word_1_57' title='bbox 1277 791 1499 863; x_wconf 80' lang='grc' dir='ltr'>πρώτην</span> <span class='ocrx_word' id='word_1_58' title='bbox 1532 792 1777 862; x_wconf 79' lang='grc' dir='ltr'>φυλακὴν</span> 
     </span>
    </p>
   </div>
   <div class='ocr_carea' id='block_1_11' title="bbox 131 884 1777 962">
    <p class='ocr_par' dir='ltr' id='par_1_11' title="bbox 131 884 1777 962">
     <span class='ocr_line' id='line_1_11' title="bbox 131 884 1777 962; baseline -0.004 -18"><span class='ocrx_word' id='word_1_59' title='bbox 131 884 135 889; x_wconf 60' lang='grc'><em>’</em></span> <span class='ocrx_word' id='word_1_60' title='bbox 211 889 485 962; x_wconf 82' lang='grc' dir='ltr'>προκοπὴν</span> <span class='ocrx_word' id='word_1_61' title='bbox 510 887 609 957; x_wconf 86' lang='grc' dir='ltr'>τῆς</span> <span class='ocrx_word' id='word_1_62' title='bbox 640 886 985 948; x_wconf 78' lang='grc' dir='ltr'><strong>ἐπεκτάσεως</strong></span> <span class='ocrx_word' id='word_1_63' title='bbox 1020 886 1261 956; x_wconf 80' lang='grc' dir='ltr'>ἔχουσαι,</span> <span class='ocrx_word' id='word_1_64' title='bbox 1292 887 1387 940; x_wconf 79' lang='grc' dir='ltr'><strong>καὶ</strong></span> <span class='ocrx_word' id='word_1_65' title='bbox 1415 885 1517 938; x_wconf 83' lang='grc' dir='ltr'><strong>οὐκ</strong></span> <span class='ocrx_word' id='word_1_66' title='bbox 1544 886 1652 939; x_wconf 80' lang='grc' dir='ltr'><strong>ἀπὸ</strong></span> <span class='ocrx_word' id='word_1_67' title='bbox 1677 887 1777 956; x_wconf 81' lang='grc' dir='ltr'><strong>τῆς</strong></span> 
     </span>
    </p>
   </div>
   <div class='ocr_carea' id='block_1_12' title="bbox 211 972 1779 1049">
    <p class='ocr_par' dir='ltr' id='par_1_12' title="bbox 211 972 1779 1049">
     <span class='ocr_line' id='line_1_12' title="bbox 211 972 1779 1049; baseline -0.004 -14"><span class='ocrx_word' id='word_1_68' title='bbox 211 982 282 1035; x_wconf 75' lang='grc' dir='ltr'>ἔω</span> <span class='ocrx_word' id='word_1_69' title='bbox 325 983 402 1042; x_wconf 86' lang='grc' dir='ltr'><strong>είς</strong></span> <span class='ocrx_word' id='word_1_70' title='bbox 437 978 537 1049; x_wconf 81' lang='grc' dir='ltr'>τὴν</span> <span class='ocrx_word' id='word_1_71' title='bbox 574 977 835 1048; x_wconf 81' lang='grc' dir='ltr'><strong>ἑσπέραν,</strong></span> <span class='ocrx_word' id='word_1_72' title='bbox 884 977 960 1040; x_wconf 82' lang='grc' dir='ltr'>ὡς</span> <span class='ocrx_word' id='word_1_73' title='bbox 1005 972 1157 1040; x_wconf 78' lang='grc' dir='ltr'>οὗτος</span> <span class='ocrx_word' id='word_1_74' title='bbox 1199 976 1479 1031; x_wconf 78' lang='grc' dir='ltr'><strong>ἁλίσκεται</strong></span> <span class='ocrx_word' id='word_1_75' title='bbox 1527 976 1779 1048; x_wconf 75' lang='grc' dir='ltr'>ῥᾳδιουρ-</span> 
     </span>
    </p>
   </div>
   <div class='ocr_carea' id='block_1_13' title="bbox 210 1076 397 1144">
    <p class='ocr_par' dir='ltr' id='par_1_13' title="bbox 210 1076 397 1144">
     <span class='ocr_line' id='line_1_13' title="bbox 210 1076 397 1144; baseline 0.005 -19"><span class='ocrx_word' id='word_1_76' title='bbox 210 1076 397 1144; x_wconf 75' lang='grc' dir='ltr'>γήσας.</span> 
     </span>
    </p>
   </div>
   <div class='ocr_carea' id='block_1_14' title="bbox 276 1157 1775 1230">
    <p class='ocr_par' dir='ltr' id='par_1_14' title="bbox 276 1157 1775 1230">
     <span class='ocr_line' id='line_1_14' title="bbox 276 1157 1775 1230; baseline -0.001 -16"><span class='ocrx_word' id='word_1_77' title='bbox 276 1159 427 1230; x_wconf 82' lang='grc' dir='ltr'><strong>Σχόλ.</strong></span> <span class='ocrx_word' id='word_1_78' title='bbox 454 1159 564 1224; x_wconf 80' lang='grc' dir='ltr'>λς’.</span> <span class='ocrx_word' id='word_1_79' title='bbox 601 1158 763 1223; x_wconf 80' lang='grc' dir='ltr'>Ἥξει</span> <span class='ocrx_word' id='word_1_80' title='bbox 795 1161 829 1213; x_wconf 81' lang='grc' dir='ltr'><em>ὀ</em></span> <span class='ocrx_word' id='word_1_81' title='bbox 857 1159 1073 1226; x_wconf 84' lang='grc' dir='ltr'>Κύριος</span> <span class='ocrx_word' id='word_1_82' title='bbox 1112 1157 1219 1212; x_wconf 79' lang='grc' dir='ltr'>τοῦ</span> <span class='ocrx_word' id='word_1_83' title='bbox 1257 1157 1482 1212; x_wconf 83' lang='grc' dir='ltr'>δούλου</span> <span class='ocrx_word' id='word_1_84' title='bbox 1519 1158 1775 1223; x_wconf 78' lang='grc' dir='ltr'>ἐκείνου,</span> 
     </span>
    </p>
   </div>
   <div class='ocr_carea' id='block_1_15' title="bbox 209 1250 1781 1323">
    <p class='ocr_par' dir='ltr' id='par_1_15' title="bbox 209 1250 1781 1323">
     <span class='ocr_line' id='line_1_15' title="bbox 209 1250 1781 1323; baseline -0.001 -15"><span class='ocrx_word' id='word_1_85' title='bbox 209 1253 301 1308; x_wconf 77' lang='grc' dir='ltr'>καὶ</span> <span class='ocrx_word' id='word_1_86' title='bbox 327 1251 712 1320; x_wconf 79' lang='grc' dir='ltr'><strong>διχοτομήσει</strong></span> <span class='ocrx_word' id='word_1_87' title='bbox 750 1251 958 1315; x_wconf 77' lang='grc' dir='ltr'>αὑτὸν,</span> <span class='ocrx_word' id='word_1_88' title='bbox 992 1250 1182 1304; x_wconf 75' lang='grc' dir='ltr'>καὶτὸ</span> <span class='ocrx_word' id='word_1_89' title='bbox 1206 1251 1389 1320; x_wconf 83' lang='grc' dir='ltr'><em>μέρος</em></span> <span class='ocrx_word' id='word_1_90' title='bbox 1410 1252 1598 1307; x_wconf 84' lang='grc' dir='ltr'>αὑτοῦ</span> <span class='ocrx_word' id='word_1_91' title='bbox 1627 1255 1781 1323; x_wconf 81' lang='grc' dir='ltr'>μετὰ</span> 
     </span>
    </p>
   </div>
   <div class='ocr_carea' id='block_1_16' title="bbox 208 1342 840 1408">
    <p class='ocr_par' dir='ltr' id='par_1_16' title="bbox 208 1342 840 1408">
     <span class='ocr_line' id='line_1_16' title="bbox 208 1342 840 1408; baseline -0.003 -11"><span class='ocrx_word' id='word_1_92' title='bbox 208 1343 320 1398; x_wconf 79' lang='grc' dir='ltr'><strong>τῶν</strong></span> <span class='ocrx_word' id='word_1_93' title='bbox 341 1344 616 1396; x_wconf 76' lang='grc' dir='ltr'>ἀπίστων</span> <span class='ocrx_word' id='word_1_94' title='bbox 647 1342 840 1408; x_wconf 75' lang='grc' dir='ltr'>θήσει.</span> 
     </span>
    </p>
   </div>
   <div class='ocr_carea' id='block_1_17' title="bbox 275 1432 1779 1507">
    <p class='ocr_par' dir='ltr' id='par_1_17' title="bbox 275 1432 1779 1507">
     <span class='ocr_line' id='line_1_17' title="bbox 275 1432 1779 1507; baseline 0.005 -23"><span class='ocrx_word' id='word_1_95' title='bbox 275 1433 491 1502; x_wconf 85' lang='grc' dir='ltr'>Ἔλεγχ.</span> <span class='ocrx_word' id='word_1_96' title='bbox 526 1433 632 1497; x_wconf 76' lang='grc' dir='ltr'>λς’.</span> <span class='ocrx_word' id='word_1_97' title='bbox 663 1433 757 1497; x_wconf 88' lang='grc' dir='ltr'><strong>Τίς</strong></span> <span class='ocrx_word' id='word_1_98' title='bbox 781 1434 810 1485; x_wconf 99' lang='lat'><strong>6</strong></span> <span class='ocrx_word' id='word_1_99' title='bbox 838 1433 1132 1504; x_wconf 83' lang='grc' dir='ltr'>διχοτομῶν</span> <span class='ocrx_word' id='word_1_100' title='bbox 1157 1432 1247 1489; x_wconf 79' lang='grc' dir='ltr'>τὸν</span> <span class='ocrx_word' id='word_1_101' title='bbox 1278 1435 1497 1502; x_wconf 71' lang='grc' dir='ltr'>δοῦλονξ</span> <span class='ocrx_word' id='word_1_102' title='bbox 1533 1436 1679 1507; x_wconf 78' lang='grc' dir='ltr'>λέγε.</span> <span class='ocrx_word' id='word_1_103' title='bbox 1715 1438 1779 1491; x_wconf 82' lang='lat' dir='ltr'><strong>El</strong></span> 
     </span>
    </p>
   </div>
   <div class='ocr_carea' id='block_1_18' title="bbox 209 1524 1779 1599">
    <p class='ocr_par' dir='ltr' id='par_1_18' title="bbox 209 1524 1779 1599">
     <span class='ocr_line' id='line_1_18' title="bbox 209 1524 1779 1599; baseline 0.003 -23"><span class='ocrx_word' id='word_1_104' title='bbox 209 1526 304 1595; x_wconf 75' lang='grc' dir='ltr'><strong>μὲν</strong></span> <span class='ocrx_word' id='word_1_105' title='bbox 332 1526 359 1576; x_wconf 91' lang='lat'><strong>6</strong></span> <span class='ocrx_word' id='word_1_106' title='bbox 390 1524 735 1595; x_wconf 77' lang='grc' dir='ltr'>Δημιουργὸς</span> <span class='ocrx_word' id='word_1_107' title='bbox 780 1525 877 1578; x_wconf 75' lang='grc' dir='ltr'><strong>καὶ</strong></span> <span class='ocrx_word' id='word_1_108' title='bbox 919 1524 1111 1595; x_wconf 85' lang='grc' dir='ltr'>κριτὴς</span> <span class='ocrx_word' id='word_1_109' title='bbox 1155 1525 1307 1597; x_wconf 80' lang='grc' dir='ltr'>παρὰ</span> <span class='ocrx_word' id='word_1_110' title='bbox 1350 1526 1442 1580; x_wconf 81' lang='grc' dir='ltr'>σοῦ</span> <span class='ocrx_word' id='word_1_111' title='bbox 1490 1528 1779 1599; x_wconf 84' lang='grc' dir='ltr'>λεγόμενος</span> 
     </span>
    </p>
   </div>
   <div class='ocr_carea' id='block_1_19' title="bbox 1874 429 3147 501">
    <p class='ocr_par' dir='ltr' id='par_1_19' title="bbox 1874 429 3147 501">
     <span class='ocr_line' id='line_1_19' title="bbox 1874 429 3147 501; baseline 0.007 -21"><span class='ocrx_word' id='word_1_112' title='bbox 1874 429 2116 484; x_wconf 81' lang='lat' dir='ltr'><strong>custodia</strong></span> <span class='ocrx_word' id='word_1_113' title='bbox 2144 432 2185 494; x_wconf 78' lang='grc' dir='ltr'>ί,</span> <span class='ocrx_word' id='word_1_114' title='bbox 2214 432 2534 501; x_wconf 83' lang='lat' dir='ltr'><strong>scripserat,</strong></span> <span class='ocrx_word' id='word_1_115' title='bbox 2577 435 2864 501; x_wconf 78' lang='lat' dir='ltr'><strong>vespertina</strong></span> <span class='ocrx_word' id='word_1_116' title='bbox 2885 435 3147 489; x_wconf 86' lang='lat' dir='ltr'><strong>custodia.</strong></span> 
     </span>
    </p>
   </div>
   <div class='ocr_carea' id='block_1_20' title="bbox 1947 518 3444 586">
    <p class='ocr_par' dir='ltr' id='par_1_20' title="bbox 1947 518 3444 586">
     <span class='ocr_line' id='line_1_20' title="bbox 1947 518 3444 586; baseline 0.009 -14"><span class='ocrx_word' id='word_1_117' title='bbox 1947 518 2126 576; x_wconf 79' lang='lat' dir='ltr'><strong>Refut.</strong></span> <span class='ocrx_word' id='word_1_118' title='bbox 2161 521 2249 577; x_wconf 76' lang='lat'><strong>55.</strong></span> <span class='ocrx_word' id='word_1_119' title='bbox 2288 522 2365 577; x_wconf 78' lang='lat' dir='ltr'><strong>Ex</strong></span> <span class='ocrx_word' id='word_1_120' title='bbox 2389 522 2492 578; x_wconf 89' lang='lat' dir='ltr'><strong>hoc</strong></span> <span class='ocrx_word' id='word_1_121' title='bbox 2511 524 2631 579; x_wconf 88' lang='lat' dir='ltr'><strong>loco</strong></span> <span class='ocrx_word' id='word_1_122' title='bbox 2661 524 2946 581; x_wconf 71' lang='lat' dir='ltr'><strong>manifeste</strong></span> <span class='ocrx_word' id='word_1_123' title='bbox 2970 527 3147 583; x_wconf 82' lang='lat' dir='ltr'><strong>bellua</strong></span> <span class='ocrx_word' id='word_1_124' title='bbox 3180 530 3284 585; x_wconf 90' lang='lat' dir='ltr'><strong>ista</strong></span> <span class='ocrx_word' id='word_1_125' title='bbox 3312 545 3444 586; x_wconf 87' lang='lat' dir='ltr'><strong>con-</strong></span> 
     </span>
    </p>
   </div>
   <div class='ocr_carea' id='block_1_21' title="bbox 1877 613 3446 693">
    <p class='ocr_par' dir='ltr' id='par_1_21' title="bbox 1877 613 3446 693">
     <span class='ocr_line' id='line_1_21' title="bbox 1877 613 3446 693; baseline 0.008 -28"><span class='ocrx_word' id='word_1_126' title='bbox 1877 613 2116 667; x_wconf 84' lang='lat' dir='ltr'><strong>vincitur</strong></span> <span class='ocrx_word' id='word_1_127' title='bbox 2142 613 2325 685; x_wconf 81' lang='lat' dir='ltr'><strong>divina</strong></span> <span class='ocrx_word' id='word_1_128' title='bbox 2387 615 2454 668; x_wconf 90' lang='lat' dir='ltr'><strong>ad</strong></span> <span class='ocrx_word' id='word_1_129' title='bbox 2498 617 2786 686; x_wconf 90' lang='lat' dir='ltr'><strong>opiniones</strong></span> <span class='ocrx_word' id='word_1_130' title='bbox 2833 634 2963 675; x_wconf 88' lang='lat' dir='ltr'><strong>suas</strong></span> <span class='ocrx_word' id='word_1_131' title='bbox 2995 623 3215 677; x_wconf 88' lang='lat' dir='ltr'><strong>oracula</strong></span> <span class='ocrx_word' id='word_1_132' title='bbox 3251 623 3446 693; x_wconf 86' lang='lat' dir='ltr'><strong>depra-</strong></span> 
     </span>
    </p>
   </div>
   <div class='ocr_carea' id='block_1_22' title="bbox 1877 693 3441 779">
    <p class='ocr_par' dir='ltr' id='par_1_22' title="bbox 1877 693 3441 779">
     <span class='ocr_line' id='line_1_22' title="bbox 1877 693 3441 779; baseline 0.01 -24"><span class='ocrx_word' id='word_1_133' title='bbox 1877 718 2055 759; x_wconf 84' lang='lat' dir='ltr'><strong>vasse.</strong></span> <span class='ocrx_word' id='word_1_134' title='bbox 2111 703 2297 775; x_wconf 83' lang='lat' dir='ltr'><strong>Neque</strong></span> <span class='ocrx_word' id='word_1_135' title='bbox 2357 706 2501 760; x_wconf 86' lang='lat' dir='ltr'><strong>enim</strong></span> <span class='ocrx_word' id='word_1_136' title='bbox 2559 708 2769 764; x_wconf 80' lang='lat' dir='ltr'><strong>diurnae</strong></span> <span class='ocrx_word' id='word_1_137' title='bbox 2819 720 2949 766; x_wconf 90' lang='lat' dir='ltr'><strong>sunt</strong></span> <span class='ocrx_word' id='word_1_138' title='bbox 2990 693 3272 779; x_wconf 74' lang='lat' dir='ltr'><strong>custodiae,</strong></span> <span class='ocrx_word' id='word_1_139' title='bbox 3347 715 3441 770; x_wconf 86' lang='lat' dir='ltr'><strong>sed</strong></span> 
     </span>
    </p>
   </div>
   <div class='ocr_carea' id='block_1_23' title="bbox 1879 800 3441 869">
    <p class='ocr_par' dir='ltr' id='par_1_23' title="bbox 1879 800 3441 869">
     <span class='ocr_line' id='line_1_23' title="bbox 1879 800 3441 869; baseline 0.008 -23"><span class='ocrx_word' id='word_1_140' title='bbox 1879 803 2183 859; x_wconf 64' lang='lat' dir='ltr'><strong>nocturnae,</strong></span> <span class='ocrx_word' id='word_1_141' title='bbox 2213 811 2334 865; x_wconf 74' lang='lat' dir='ltr'><strong>qua:</strong></span> <span class='ocrx_word' id='word_1_142' title='bbox 2378 810 2408 849; x_wconf 87' lang='lat' dir='ltr'><strong>a</strong></span> <span class='ocrx_word' id='word_1_143' title='bbox 2451 812 2677 867; x_wconf 87' lang='lat' dir='ltr'><strong>vespera</strong></span> <span class='ocrx_word' id='word_1_144' title='bbox 2734 800 2963 869; x_wconf 84' lang='lat' dir='ltr'><strong>primam</strong></span> <span class='ocrx_word' id='word_1_145' title='bbox 3023 803 3090 857; x_wconf 91' lang='lat' dir='ltr'><strong>ad</strong></span> <span class='ocrx_word' id='word_1_146' title='bbox 3135 806 3441 861; x_wconf 77' lang='lat' dir='ltr'><strong>custodiam</strong></span> 
     </span>
    </p>
   </div>
   <div class='ocr_carea' id='block_1_24' title="bbox 1878 892 3442 967">
    <p class='ocr_par' dir='ltr' id='par_1_24' title="bbox 1878 892 3442 967">
     <span class='ocr_line' id='line_1_24' title="bbox 1878 892 3442 967; baseline 0.011 -32"><span class='ocrx_word' id='word_1_147' title='bbox 1878 894 2267 955; x_wconf 77' lang='lat' dir='ltr'><strong>prorogantur,</strong></span> <span class='ocrx_word' id='word_1_148' title='bbox 2327 903 2433 942; x_wconf 83' lang='lat' dir='ltr'><strong>non</strong></span> <span class='ocrx_word' id='word_1_149' title='bbox 2482 905 2511 941; x_wconf 91' lang='lat' dir='ltr'><strong>a</strong></span> <span class='ocrx_word' id='word_1_150' title='bbox 2560 892 2831 945; x_wconf 83' lang='lat' dir='ltr'><strong>matutino</strong></span> <span class='ocrx_word' id='word_1_151' title='bbox 2868 892 3111 948; x_wconf 87' lang='lat' dir='ltr'><strong>diluculo</strong></span> <span class='ocrx_word' id='word_1_152' title='bbox 3142 895 3210 949; x_wconf 91' lang='lat' dir='ltr'><strong>ad</strong></span> <span class='ocrx_word' id='word_1_153' title='bbox 3248 912 3442 967; x_wconf 82' lang='lat' dir='ltr'><strong>vespe-</strong></span> 
     </span>
    </p>
   </div>
   <div class='ocr_carea' id='block_1_25' title="bbox 1879 978 3264 1053">
    <p class='ocr_par' dir='ltr' id='par_1_25' title="bbox 1879 978 3264 1053">
     <span class='ocr_line' id='line_1_25' title="bbox 1879 978 3264 1053; baseline 0.007 -23"><span class='ocrx_word' id='word_1_154' title='bbox 1879 992 2018 1042; x_wconf 88' lang='lat' dir='ltr'><strong>ram,</strong></span> <span class='ocrx_word' id='word_1_155' title='bbox 2044 978 2499 1049; x_wconf 85' lang='lat' dir='ltr'><strong>quemadmodum</strong></span> <span class='ocrx_word' id='word_1_156' title='bbox 2532 980 2633 1037; x_wconf 88' lang='lat' dir='ltr'><strong>iste</strong></span> <span class='ocrx_word' id='word_1_157' title='bbox 2663 980 2933 1053; x_wconf 73' lang='lat' dir='ltr'><strong>ﬂagitiose</strong></span> <span class='ocrx_word' id='word_1_158' title='bbox 2968 987 3264 1042; x_wconf 86' lang='lat' dir='ltr'><strong>substituit.</strong></span> 
     </span>
    </p>
   </div>
   <div class='ocr_carea' id='block_1_26' title="bbox 1952 1156 3445 1231">
    <p class='ocr_par' dir='ltr' id='par_1_26' title="bbox 1952 1156 3445 1231">
     <span class='ocr_line' id='line_1_26' title="bbox 1952 1156 3445 1231; baseline 0.008 -18"><span class='ocrx_word' id='word_1_159' title='bbox 1952 1157 2138 1213; x_wconf 88' lang='lat' dir='ltr'><strong>Schol.</strong></span> <span class='ocrx_word' id='word_1_160' title='bbox 2181 1156 2267 1214; x_wconf 80' lang='grc'><strong>56.</strong></span> <span class='ocrx_word' id='word_1_161' title='bbox 2312 1158 2503 1215; x_wconf 79' lang='lat' dir='ltr'><strong>l&#39;eniet-</strong></span> <span class='ocrx_word' id='word_1_162' title='bbox 2524 1157 2779 1218; x_wconf 78' lang='lat' dir='ltr'><strong>Dominus</strong></span> <span class='ocrx_word' id='word_1_163' title='bbox 2809 1166 2944 1220; x_wconf 80' lang='lat' dir='ltr'><strong>servi</strong></span> <span class='ocrx_word' id='word_1_164' title='bbox 2972 1162 3140 1231; x_wconf 82' lang='lat' dir='ltr'><strong>illius,</strong></span> <span class='ocrx_word' id='word_1_165' title='bbox 3180 1178 3228 1223; x_wconf 85' lang='lat' dir='ltr'><strong>et</strong></span> <span class='ocrx_word' id='word_1_166' title='bbox 3248 1164 3445 1225; x_wconf 64' lang='lat' dir='ltr'><strong>secabit</strong></span> 
     </span>
    </p>
   </div>
   <div class='ocr_carea' id='block_1_27' title="bbox 1878 1250 3192 1324">
    <p class='ocr_par' dir='ltr' id='par_1_27' title="bbox 1878 1250 3192 1324">
     <span class='ocr_line' id='line_1_27' title="bbox 1878 1250 3192 1324; baseline 0.009 -22"><span class='ocrx_word' id='word_1_167' title='bbox 1878 1263 2017 1312; x_wconf 82' lang='lat' dir='ltr'><strong>enm,</strong></span> <span class='ocrx_word' id='word_1_168' title='bbox 2055 1257 2102 1302; x_wconf 89' lang='lat' dir='ltr'><strong>et</strong></span> <span class='ocrx_word' id='word_1_169' title='bbox 2135 1258 2336 1317; x_wconf 87' lang='lat' dir='ltr'><strong>partem</strong></span> <span class='ocrx_word' id='word_1_170' title='bbox 2365 1250 2477 1319; x_wconf 82' lang='lat' dir='ltr'><strong>ejus</strong></span> <span class='ocrx_word' id='word_1_171' title='bbox 2494 1262 2647 1321; x_wconf 85' lang='lat' dir='ltr'><strong>ponet</strong></span> <span class='ocrx_word' id='word_1_172' title='bbox 2671 1270 2788 1308; x_wconf 83' lang='lat' dir='ltr'><strong>cum</strong></span> <span class='ocrx_word' id='word_1_173' title='bbox 2811 1255 3110 1324; x_wconf 80' lang='lat' dir='ltr'><strong>inﬁdelibus</strong></span> <span class='ocrx_word' id='word_1_174' title='bbox 3150 1259 3192 1314; x_wconf 75' lang='lat'><strong>’.</strong></span> 
     </span>
    </p>
   </div>
   <div class='ocr_carea' id='block_1_28' title="bbox 1953 1425 3450 1505">
    <p class='ocr_par' dir='ltr' id='par_1_28' title="bbox 1953 1425 3450 1505">
     <span class='ocr_line' id='line_1_28' title="bbox 1953 1425 3450 1505; baseline 0.009 -29"><span class='ocrx_word' id='word_1_175' title='bbox 1953 1425 2132 1481; x_wconf 76' lang='lat' dir='ltr'><strong>llel‘ut.</strong></span> <span class='ocrx_word' id='word_1_176' title='bbox 2156 1426 2244 1483; x_wconf 75' lang='lat'><strong>56.</strong></span> <span class='ocrx_word' id='word_1_177' title='bbox 2277 1426 2411 1493; x_wconf 86' lang='lat' dir='ltr'><strong>Quis</strong></span> <span class='ocrx_word' id='word_1_178' title='bbox 2430 1428 2590 1484; x_wconf 84' lang='lat' dir='ltr'><strong>istius</strong></span> <span class='ocrx_word' id='word_1_179' title='bbox 2619 1430 2759 1485; x_wconf 90' lang='lat' dir='ltr'><strong>servi</strong></span> <span class='ocrx_word' id='word_1_180' title='bbox 2778 1444 2955 1487; x_wconf 91' lang='lat' dir='ltr'><strong>sector</strong></span> <span class='ocrx_word' id='word_1_181' title='bbox 2976 1443 3079 1499; x_wconf 88' lang='lat' dir='ltr'><strong>est,</strong></span> <span class='ocrx_word' id='word_1_182' title='bbox 3108 1435 3333 1505; x_wconf 83' lang='lat' dir='ltr'><strong>agedum</strong></span> <span class='ocrx_word' id='word_1_183' title='bbox 3369 1437 3450 1490; x_wconf 83' lang='lat' dir='ltr'><strong>di-</strong></span> 
     </span>
    </p>
   </div>
   <div class='ocr_carea' id='block_1_29' title="bbox 1881 1516 3449 1595">
    <p class='ocr_par' dir='ltr' id='par_1_29' title="bbox 1881 1516 3449 1595">
     <span class='ocr_line' id='line_1_29' title="bbox 1881 1516 3449 1595; baseline 0.008 -25"><span class='ocrx_word' id='word_1_184' title='bbox 1881 1516 2011 1570; x_wconf 86' lang='lat' dir='ltr'><strong>cito.</strong></span> <span class='ocrx_word' id='word_1_185' title='bbox 2043 1516 2098 1571; x_wconf 88' lang='lat' dir='ltr'><strong>Si</strong></span> <span class='ocrx_word' id='word_1_186' title='bbox 2128 1518 2271 1572; x_wconf 90' lang='lat' dir='ltr'><strong>enim</strong></span> <span class='ocrx_word' id='word_1_187' title='bbox 2302 1520 2390 1573; x_wconf 89' lang='lat' dir='ltr'><strong>ille</strong></span> <span class='ocrx_word' id='word_1_188' title='bbox 2425 1519 2812 1589; x_wconf 69' lang='lat' dir='ltr'><strong>ipse&#39;Creator,</strong></span> <span class='ocrx_word' id='word_1_189' title='bbox 2846 1538 3005 1593; x_wconf 85' lang='lat' dir='ltr'><strong>quem</strong></span> <span class='ocrx_word' id='word_1_190' title='bbox 3041 1535 3098 1580; x_wconf 89' lang='lat' dir='ltr'><strong>tu</strong></span> <span class='ocrx_word' id='word_1_191' title='bbox 3118 1526 3358 1595; x_wconf 86' lang='lat' dir='ltr'><strong>judicem</strong></span> <span class='ocrx_word' id='word_1_192' title='bbox 3387 1544 3449 1582; x_wconf 85' lang='lat' dir='ltr'><strong>ac</strong></span> 
     </span>
    </p>
   </div>
   <div class='ocr_carea' id='block_1_30' title="bbox 205 1607 1780 1688">
    <p class='ocr_par' dir='ltr' id='par_1_30' title="bbox 205 1614 1778 1688">
     <span class='ocr_line' id='line_1_30' title="bbox 205 1614 1778 1688; baseline 0.004 -21"><span class='ocrx_word' id='word_1_193' title='bbox 205 1614 332 1678; x_wconf 83' lang='grc' dir='ltr'>Θεός</span> <span class='ocrx_word' id='word_1_194' title='bbox 352 1616 505 1668; x_wconf 77' lang='grc' dir='ltr'>ἐστιν</span> <span class='ocrx_word' id='word_1_195' title='bbox 525 1616 552 1667; x_wconf 87' lang='lat'><strong>6</strong></span> <span class='ocrx_word' id='word_1_196' title='bbox 569 1614 726 1668; x_wconf 77' lang='grc' dir='ltr'>τοῦτο</span> <span class='ocrx_word' id='word_1_197' title='bbox 740 1615 947 1685; x_wconf 79' lang='grc' dir='ltr'>μέλλων</span> <span class='ocrx_word' id='word_1_198' title='bbox 970 1617 1254 1686; x_wconf 81' lang='grc' dir='ltr'><strong>πράσσειν,</strong></span> <span class='ocrx_word' id='word_1_199' title='bbox 1269 1618 1376 1688; x_wconf 76' lang='grc' dir='ltr'>ἄρα</span> <span class='ocrx_word' id='word_1_200' title='bbox 1391 1618 1554 1671; x_wconf 78' lang='grc' dir='ltr'>αὑτοῦ</span> <span class='ocrx_word' id='word_1_201' title='bbox 1573 1621 1708 1673; x_wconf 76' lang='grc' dir='ltr'>εἰσιν</span> <span class='ocrx_word' id='word_1_202' title='bbox 1730 1622 1778 1673; x_wconf 85' lang='grc' dir='ltr'><strong>οί</strong></span> 
     </span>
    </p>
   </div>
   <div class='ocr_carea' id='block_1_31' title="bbox 1897 1607 3449 1688">
    <p class='ocr_par' dir='ltr' id='par_1_31' title="bbox 1897 1608 3449 1679">
     <span class='ocr_line' id='line_1_31' title="bbox 1897 1608 3449 1679; baseline 0.009 -20"><span class='ocrx_word' id='word_1_203' title='bbox 1897 1608 2050 1663; x_wconf 84' lang='lat' dir='ltr'><strong>Deum</strong></span> <span class='ocrx_word' id='word_1_204' title='bbox 2093 1610 2308 1673; x_wconf 83' lang='lat' dir='ltr'><strong>statuis,</strong></span> <span class='ocrx_word' id='word_1_205' title='bbox 2362 1611 2463 1665; x_wconf 88' lang='lat' dir='ltr'><strong>hoc</strong></span> <span class='ocrx_word' id='word_1_206' title='bbox 2496 1612 2719 1666; x_wconf 87' lang='lat' dir='ltr'><strong>omnino</strong></span> <span class='ocrx_word' id='word_1_207' title='bbox 2751 1614 2997 1671; x_wconf 81' lang='lat' dir='ltr'><strong>facturus</strong></span> <span class='ocrx_word' id='word_1_208' title='bbox 3047 1625 3153 1679; x_wconf 90' lang='lat' dir='ltr'><strong>est,</strong></span> <span class='ocrx_word' id='word_1_209' title='bbox 3197 1618 3262 1671; x_wconf 88' lang='lat' dir='ltr'><strong>ad</strong></span> <span class='ocrx_word' id='word_1_210' title='bbox 3305 1619 3449 1674; x_wconf 89' lang='lat' dir='ltr'><strong>hunc</strong></span> 
     </span>
    </p>
   </div>
   <div class='ocr_carea' id='block_1_32' title="bbox 207 1688 1780 1781">
    <p class='ocr_par' dir='ltr' id='par_1_32' title="bbox 207 1705 1775 1781">
     <span class='ocr_line' id='line_1_32' title="bbox 207 1705 1775 1781; baseline 0.003 -22"><span class='ocrx_word' id='word_1_211' title='bbox 207 1706 400 1759; x_wconf 83' lang='grc' dir='ltr'>πιστοί·</span> <span class='ocrx_word' id='word_1_212' title='bbox 434 1705 707 1781; x_wconf 76' lang='grc' dir='ltr'>ἐπιτιμῶν</span> <span class='ocrx_word' id='word_1_213' title='bbox 728 1706 834 1775; x_wconf 77' lang='grc' dir='ltr'>γὰρ</span> <span class='ocrx_word' id='word_1_214' title='bbox 854 1706 930 1777; x_wconf 84' lang='grc' dir='ltr'><strong>τῷ</strong></span> <span class='ocrx_word' id='word_1_215' title='bbox 955 1706 1028 1778; x_wconf 80' lang='grc' dir='ltr'>μὴ</span> <span class='ocrx_word' id='word_1_216' title='bbox 1056 1708 1235 1772; x_wconf 79' lang='grc' dir='ltr'>καλῶς</span> <span class='ocrx_word' id='word_1_217' title='bbox 1262 1709 1555 1778; x_wconf 79' lang='grc' dir='ltr'>πράττοντι</span> <span class='ocrx_word' id='word_1_218' title='bbox 1584 1710 1775 1781; x_wconf 82' lang='grc' dir='ltr'>δούλῳ,</span> 
     </span>
    </p>
   </div>
   <div class='ocr_carea' id='block_1_33' title="bbox 1897 1688 3448 1781">
    <p class='ocr_par' dir='ltr' id='par_1_33' title="bbox 1897 1698 3448 1770">
     <span class='ocr_line' id='line_1_33' title="bbox 1897 1698 3448 1770; baseline 0.006 -15"><span class='ocrx_word' id='word_1_219' title='bbox 1897 1700 2041 1755; x_wconf 72' lang='lat' dir='ltr'><strong>)lane</strong></span> <span class='ocrx_word' id='word_1_220' title='bbox 2076 1698 2260 1754; x_wconf 84' lang='lat' dir='ltr'><strong>ﬁdeles</strong></span> <span class='ocrx_word' id='word_1_221' title='bbox 2295 1703 2665 1770; x_wconf 88' lang='lat' dir='ltr'><strong>pertinebunt.</strong></span> <span class='ocrx_word' id='word_1_222' title='bbox 2695 1703 2906 1759; x_wconf 83' lang='lat' dir='ltr'><strong>Etenim</strong></span> <span class='ocrx_word' id='word_1_223' title='bbox 2939 1722 3155 1762; x_wconf 85' lang='lat' dir='ltr'><strong>servum</strong></span> <span class='ocrx_word' id='word_1_224' title='bbox 3189 1709 3278 1764; x_wconf 88' lang='lat' dir='ltr'><strong>ille</strong></span> <span class='ocrx_word' id='word_1_225' title='bbox 3307 1710 3448 1765; x_wconf 87' lang='lat' dir='ltr'><strong>haud</strong></span> 
     </span>
    </p>
   </div>
   <div class='ocr_carea' id='block_1_34' title="bbox 205 1780 1779 1866">
    <p class='ocr_par' dir='ltr' id='par_1_34' title="bbox 205 1780 1779 1866">
     <span class='ocr_line' id='line_1_34' title="bbox 205 1780 1779 1866; baseline 0.002 -17"><span class='ocrx_word' id='word_1_226' title='bbox 205 1797 267 1849; x_wconf 80' lang='grc' dir='ltr'>τὸ</span> <span class='ocrx_word' id='word_1_227' title='bbox 289 1796 475 1865; x_wconf 83' lang='grc' dir='ltr'><strong>μέρος</strong></span> <span class='ocrx_word' id='word_1_228' title='bbox 500 1780 686 1850; x_wconf 79' lang='grc' dir='ltr'>αὐτοῦ</span> <span class='ocrx_word' id='word_1_229' title='bbox 714 1797 865 1866; x_wconf 74' lang='grc' dir='ltr'>μετὰ</span> <span class='ocrx_word' id='word_1_230' title='bbox 895 1796 1015 1849; x_wconf 77' lang='grc' dir='ltr'><strong>τῶν</strong></span> <span class='ocrx_word' id='word_1_231' title='bbox 1040 1799 1311 1852; x_wconf 61' lang='grc' dir='ltr'><strong>ἀπίστων⁸</strong></span> <span class='ocrx_word' id='word_1_232' title='bbox 1342 1800 1598 1866; x_wconf 79' lang='grc' dir='ltr'><strong>τίθησιν·</strong></span> <span class='ocrx_word' id='word_1_233' title='bbox 1636 1801 1684 1852; x_wconf 83' lang='grc' dir='ltr'><strong>εἰ</strong></span> <span class='ocrx_word' id='word_1_234' title='bbox 1720 1780 1779 1853; x_wconf 81' lang='grc' dir='ltr'><strong>δὲ</strong></span> 
     </span>
    </p>
   </div>
   <div class='ocr_carea' id='block_1_35' title="bbox 206 1887 1780 1962">
    <p class='ocr_par' dir='ltr' id='par_1_35' title="bbox 206 1887 1780 1962">
     <span class='ocr_line' id='line_1_35' title="bbox 206 1887 1780 1962; baseline 0.002 -22"><span class='ocrx_word' id='word_1_235' title='bbox 206 1890 234 1940; x_wconf 84' lang='lat'><strong>6</strong></span> <span class='ocrx_word' id='word_1_236' title='bbox 255 1887 441 1958; x_wconf 77' lang='grc' dir='ltr'>Πατὴρ</span> <span class='ocrx_word' id='word_1_237' title='bbox 475 1887 568 1939; x_wconf 74' lang='grc' dir='ltr'>τοῦ</span> <span class='ocrx_word' id='word_1_238' title='bbox 600 1888 837 1958; x_wconf 75' lang='grc' dir='ltr'>Χριστοῦ</span> <span class='ocrx_word' id='word_1_239' title='bbox 869 1890 1039 1954; x_wconf 80' lang='grc' dir='ltr'>ἐστιν,</span> <span class='ocrx_word' id='word_1_240' title='bbox 1064 1890 1096 1960; x_wconf 77' lang='grc' dir='ltr'>ἢ</span> <span class='ocrx_word' id='word_1_241' title='bbox 1119 1890 1279 1953; x_wconf 75' lang='grc' dir='ltr'>αὐτὸς</span> <span class='ocrx_word' id='word_1_242' title='bbox 1304 1892 1332 1943; x_wconf 90' lang='lat'><strong>6</strong></span> <span class='ocrx_word' id='word_1_243' title='bbox 1358 1890 1635 1960; x_wconf 84' lang='grc' dir='ltr'>Χριστὸςὸ</span> <span class='ocrx_word' id='word_1_244' title='bbox 1655 1891 1780 1962; x_wconf 78' lang='grc' dir='ltr'>μέλ-</span> 
     </span>
    </p>
   </div>
   <div class='ocr_carea' id='block_1_36' title="bbox 205 1977 1782 2054">
    <p class='ocr_par' dir='ltr' id='par_1_36' title="bbox 205 1977 1782 2054">
     <span class='ocr_line' id='line_1_36' title="bbox 205 1977 1782 2054; baseline 0.003 -24"><span class='ocrx_word' id='word_1_245' title='bbox 205 1979 307 2032; x_wconf 85' lang='grc' dir='ltr'><strong>λων</strong></span> <span class='ocrx_word' id='word_1_246' title='bbox 347 1977 514 2031; x_wconf 80' lang='grc' dir='ltr'>τοῦτο</span> <span class='ocrx_word' id='word_1_247' title='bbox 558 1980 844 2044; x_wconf 77' lang='grc' dir='ltr'>ἐπιτελεῖν,</span> <span class='ocrx_word' id='word_1_248' title='bbox 893 1981 1080 2049; x_wconf 83' lang='grc' dir='ltr'>σαφῶς</span> <span class='ocrx_word' id='word_1_249' title='bbox 1126 1981 1224 2052; x_wconf 85' lang='grc' dir='ltr'><strong>τὴν</strong></span> <span class='ocrx_word' id='word_1_250' title='bbox 1277 1980 1583 2052; x_wconf 83' lang='grc' dir='ltr'>μαρτυρίαν</span> <span class='ocrx_word' id='word_1_251' title='bbox 1628 1981 1782 2054; x_wconf 82' lang='grc' dir='ltr'>παρὰ</span> 
     </span>
    </p>
   </div>
   <div class='ocr_carea' id='block_1_37' title="bbox 205 2067 1776 2143">
    <p class='ocr_par' dir='ltr' id='par_1_37' title="bbox 205 2067 1776 2143">
     <span class='ocr_line' id='line_1_37' title="bbox 205 2067 1776 2143; baseline 0.001 -21"><span class='ocrx_word' id='word_1_252' title='bbox 205 2069 381 2140; x_wconf 72' lang='grc' dir='ltr'>σαυτῷ</span> <span class='ocrx_word' id='word_1_253' title='bbox 430 2070 727 2140; x_wconf 72' lang='grc' dir='ltr'><strong>φυλάττεις</strong></span> <span class='ocrx_word' id='word_1_254' title='bbox 773 2071 913 2124; x_wconf 77' lang='grc' dir='ltr'>κατὰ</span> <span class='ocrx_word' id='word_1_255' title='bbox 949 2071 1041 2124; x_wconf 79' lang='grc' dir='ltr'>σοῦ</span> <span class='ocrx_word' id='word_1_256' title='bbox 1072 2067 1258 2124; x_wconf 75' lang='grc' dir='ltr'>οὖσανο</span> <span class='ocrx_word' id='word_1_257' title='bbox 1293 2070 1567 2142; x_wconf 86' lang='grc' dir='ltr'>ὁμολογῶν</span> <span class='ocrx_word' id='word_1_258' title='bbox 1600 2072 1708 2143; x_wconf 80' lang='grc' dir='ltr'><strong>γάρ</strong></span> <span class='ocrx_word' id='word_1_259' title='bbox 1744 2072 1776 2142; x_wconf 84' lang='grc' dir='ltr'>ἢ</span> 
     </span>
    </p>
   </div>
   <div class='ocr_carea' id='block_1_38' title="bbox 206 2158 1782 2232">
    <p class='ocr_par' dir='ltr' id='par_1_38' title="bbox 206 2158 1782 2232">
     <span class='ocr_line' id='line_1_38' title="bbox 206 2158 1782 2232; baseline 0.001 -21"><span class='ocrx_word' id='word_1_260' title='bbox 206 2159 431 2230; x_wconf 79' lang='grc' dir='ltr'>Χριστὸν</span> <span class='ocrx_word' id='word_1_261' title='bbox 482 2159 515 2230; x_wconf 83' lang='grc' dir='ltr'>ἢ</span> <span class='ocrx_word' id='word_1_262' title='bbox 549 2159 641 2212; x_wconf 78' lang='grc' dir='ltr'><strong>τὸν</strong></span> <span class='ocrx_word' id='word_1_263' title='bbox 673 2159 838 2213; x_wconf 80' lang='grc' dir='ltr'>αὐτοῦ</span> <span class='ocrx_word' id='word_1_264' title='bbox 882 2160 1103 2231; x_wconf 78' lang='grc' dir='ltr'>Πατέρα</span> <span class='ocrx_word' id='word_1_265' title='bbox 1146 2158 1305 2212; x_wconf 80' lang='grc' dir='ltr'>τοῦτο</span> <span class='ocrx_word' id='word_1_266' title='bbox 1353 2160 1613 2231; x_wconf 86' lang='grc' dir='ltr'>πράττειν</span> <span class='ocrx_word' id='word_1_267' title='bbox 1655 2161 1782 2232; x_wconf 84' lang='grc' dir='ltr'><strong>μὲλ-</strong></span> 
     </span>
    </p>
   </div>
   <div class='ocr_carea' id='block_1_39' title="bbox 202 2251 1775 2323">
    <p class='ocr_par' dir='ltr' id='par_1_39' title="bbox 202 2251 1775 2323">
     <span class='ocr_line' id='line_1_39' title="bbox 202 2251 1775 2323; baseline 0.002 -21"><span class='ocrx_word' id='word_1_268' title='bbox 202 2252 354 2305; x_wconf 85' lang='grc' dir='ltr'>λοντα</span> <span class='ocrx_word' id='word_1_269' title='bbox 385 2251 796 2322; x_wconf 75' lang='grc' dir='ltr'>ἀναμφιϐόλως,</span> <span class='ocrx_word' id='word_1_270' title='bbox 836 2252 1195 2323; x_wconf 76' lang='grc' dir='ltr'>ὡμολόγησας</span> <span class='ocrx_word' id='word_1_271' title='bbox 1237 2252 1329 2305; x_wconf 82' lang='grc' dir='ltr'>τὸν</span> <span class='ocrx_word' id='word_1_272' title='bbox 1359 2253 1520 2305; x_wconf 79' lang='grc' dir='ltr'>αὑτὸν</span> <span class='ocrx_word' id='word_1_273' title='bbox 1563 2253 1775 2323; x_wconf 78' lang='grc' dir='ltr'>κριτὴν,</span> 
     </span>
    </p>
   </div>
   <div class='ocr_carea' id='block_1_40' title="bbox 205 2336 1781 2411">
    <p class='ocr_par' dir='ltr' id='par_1_40' title="bbox 205 2336 1781 2411">
     <span class='ocr_line' id='line_1_40' title="bbox 205 2336 1781 2411; baseline 0.001 -16"><span class='ocrx_word' id='word_1_274' title='bbox 205 2344 288 2395; x_wconf 68' lang='grc' dir='ltr'>καὶ</span> <span class='ocrx_word' id='word_1_275' title='bbox 320 2344 410 2397; x_wconf 82' lang='grc' dir='ltr'><strong>τὸν</strong></span> <span class='ocrx_word' id='word_1_276' title='bbox 430 2344 599 2397; x_wconf 80' lang='grc' dir='ltr'>αὐτὸν</span> <span class='ocrx_word' id='word_1_277' title='bbox 622 2343 845 2411; x_wconf 83' lang='grc' dir='ltr'>ἀγαθὸν,</span> <span class='ocrx_word' id='word_1_278' title='bbox 876 2344 971 2396; x_wconf 79' lang='grc' dir='ltr'><strong>καὶ</strong></span> <span class='ocrx_word' id='word_1_279' title='bbox 997 2343 1093 2396; x_wconf 72' lang='grc' dir='ltr'><strong>ἕνα</strong></span> <span class='ocrx_word' id='word_1_280' title='bbox 1119 2342 1267 2408; x_wconf 82' lang='grc' dir='ltr'>ὅντα,</span> <span class='ocrx_word' id='word_1_281' title='bbox 1301 2342 1408 2396; x_wconf 81' lang='grc' dir='ltr'><strong>τῶν</strong></span> <span class='ocrx_word' id='word_1_282' title='bbox 1438 2336 1539 2396; x_wconf 80' lang='grc' dir='ltr'><strong>ὧδε</strong></span> <span class='ocrx_word' id='word_1_283' title='bbox 1560 2344 1651 2396; x_wconf 79' lang='grc' dir='ltr'>καὶ</span> <span class='ocrx_word' id='word_1_284' title='bbox 1673 2344 1781 2397; x_wconf 83' lang='grc' dir='ltr'><strong>τῶν</strong></span> 
     </span>
    </p>
   </div>
   <div class='ocr_carea' id='block_1_41' title="bbox 94 2426 803 2504">
    <p class='ocr_par' dir='ltr' id='par_1_41' title="bbox 94 2426 803 2504">
     <span class='ocr_line' id='line_1_41' title="bbox 94 2426 803 2504; baseline 0.006 -21"><span class='ocrx_word' id='word_1_285' title='bbox 94 2426 100 2431; x_wconf 80' lang='grc'><em>’</em></span> <span class='ocrx_word' id='word_1_286' title='bbox 204 2435 312 2488; x_wconf 73' lang='grc' dir='ltr'><strong>ὲ.κεῖ</strong></span> <span class='ocrx_word' id='word_1_287' title='bbox 337 2434 756 2504; x_wconf 68' lang='grc' dir='ltr'>προνοούμενον.</span> <span class='ocrx_word' id='word_1_288' title='bbox 800 2494 803 2501; x_wconf 36' lang='grc' dir='ltr'><strong>η</strong></span> 
     </span>
    </p>
   </div>
   <div class='ocr_carea' id='block_1_42' title="bbox 272 2523 1781 2594">
    <p class='ocr_par' dir='ltr' id='par_1_42' title="bbox 272 2523 1781 2594">
     <span class='ocr_line' id='line_1_42' title="bbox 272 2523 1781 2594; baseline -0.001 -15"><span class='ocrx_word' id='word_1_289' title='bbox 272 2527 425 2594; x_wconf 63' lang='grc' dir='ltr'>ἳχῶι.</span> <span class='ocrx_word' id='word_1_290' title='bbox 454 2525 553 2589; x_wconf 75' lang='grc' dir='ltr'><strong>λζ’.</strong></span> <span class='ocrx_word' id='word_1_291' title='bbox 589 2525 686 2590; x_wconf 81' lang='grc' dir='ltr'><strong>Μή</strong></span> <span class='ocrx_word' id='word_1_292' title='bbox 717 2538 861 2579; x_wconf 79' lang='grc' dir='ltr'>ποτε</span> <span class='ocrx_word' id='word_1_293' title='bbox 886 2526 1196 2592; x_wconf 77' lang='grc' dir='ltr'>κατασύρῃ</span> <span class='ocrx_word' id='word_1_294' title='bbox 1235 2541 1309 2578; x_wconf 84' lang='grc' dir='ltr'><strong>σε</strong></span> <span class='ocrx_word' id='word_1_295' title='bbox 1334 2524 1484 2592; x_wconf 74' lang='grc' dir='ltr'>πρὸς</span> <span class='ocrx_word' id='word_1_296' title='bbox 1520 2523 1628 2577; x_wconf 70' lang='grc' dir='ltr'><strong>τὸν</strong></span> <span class='ocrx_word' id='word_1_297' title='bbox 1661 2542 1781 2593; x_wconf 73' lang='lat' dir='ltr'><strong>xpe-</strong></span> 
     </span>
    </p>
   </div>
   <div class='ocr_carea' id='block_1_43' title="bbox 206 2613 1664 2686">
    <p class='ocr_par' dir='ltr' id='par_1_43' title="bbox 206 2613 1664 2686">
     <span class='ocr_line' id='line_1_43' title="bbox 206 2613 1664 2686; baseline 0.001 -17"><span class='ocrx_word' id='word_1_298' title='bbox 206 2615 334 2684; x_wconf 64' lang='grc' dir='ltr'>τὴν,</span> <span class='ocrx_word' id='word_1_299' title='bbox 370 2618 469 2671; x_wconf 77' lang='grc' dir='ltr'>καὶ</span> <span class='ocrx_word' id='word_1_300' title='bbox 493 2620 525 2672; x_wconf 80' lang='grc' dir='ltr'>ό</span> <span class='ocrx_word' id='word_1_301' title='bbox 554 2616 761 2686; x_wconf 70' lang='grc' dir='ltr'>κριτὴς</span> <span class='ocrx_word' id='word_1_302' title='bbox 782 2616 1123 2683; x_wconf 69' lang='grc' dir='ltr'>παραδώσει</span> <span class='ocrx_word' id='word_1_303' title='bbox 1150 2631 1225 2669; x_wconf 85' lang='grc' dir='ltr'><strong>σε</strong></span> <span class='ocrx_word' id='word_1_304' title='bbox 1253 2613 1333 2681; x_wconf 77' lang='grc' dir='ltr'>τῷ</span> <span class='ocrx_word' id='word_1_305' title='bbox 1357 2616 1664 2685; x_wconf 72' lang='grc' dir='ltr'>πράκτορι.</span> 
     </span>
    </p>
   </div>
   <div class='ocr_carea' id='block_1_44' title="bbox 276 2705 1781 2779">
    <p class='ocr_par' dir='ltr' id='par_1_44' title="bbox 276 2705 1781 2779">
     <span class='ocr_line' id='line_1_44' title="bbox 276 2705 1781 2779; baseline -0.001 -18"><span class='ocrx_word' id='word_1_306' title='bbox 276 2708 495 2779; x_wconf 85' lang='grc' dir='ltr'>Ἔλεγχ.</span> <span class='ocrx_word' id='word_1_307' title='bbox 522 2708 622 2772; x_wconf 70' lang='grc' dir='ltr'>λς’.</span> <span class='ocrx_word' id='word_1_308' title='bbox 642 2707 848 2779; x_wconf 77' lang='grc' dir='ltr'>Κριτὴν</span> <span class='ocrx_word' id='word_1_309' title='bbox 868 2705 1117 2776; x_wconf 83' lang='grc' dir='ltr'>λέγειτὸν</span> <span class='ocrx_word' id='word_1_310' title='bbox 1131 2707 1781 2779; x_wconf 78' lang='grc' dir='ltr'>Δημιουργὺν,πράκτορα</span> 
     </span>
    </p>
   </div>
   <div class='ocr_carea' id='block_1_45' title="bbox 203 2796 1781 2870">
    <p class='ocr_par' dir='ltr' id='par_1_45' title="bbox 203 2796 1781 2870">
     <span class='ocr_line' id='line_1_45' title="bbox 203 2796 1781 2870; baseline 0.001 -19"><span class='ocrx_word' id='word_1_311' title='bbox 203 2799 257 2851; x_wconf 84' lang='grc' dir='ltr'><strong>δὲ</strong></span> <span class='ocrx_word' id='word_1_312' title='bbox 288 2799 521 2853; x_wconf 68' lang='grc' dir='ltr'>ἕκαστον</span> <span class='ocrx_word' id='word_1_313' title='bbox 553 2801 661 2853; x_wconf 85' lang='grc' dir='ltr'><strong>τῶν</strong></span> <span class='ocrx_word' id='word_1_314' title='bbox 686 2796 852 2852; x_wconf 82' lang='grc' dir='ltr'>αὐτοῦ</span> <span class='ocrx_word' id='word_1_315' title='bbox 889 2799 1156 2868; x_wconf 79' lang='grc' dir='ltr'>ἀγγέλων,</span> <span class='ocrx_word' id='word_1_316' title='bbox 1199 2799 1496 2870; x_wconf 81' lang='grc' dir='ltr'>μέλλοντας</span> <span class='ocrx_word' id='word_1_317' title='bbox 1530 2800 1781 2854; x_wconf 81' lang='grc' dir='ltr'>ἀπαιτεῖν</span> 
     </span>
    </p>
   </div>
   <div class='ocr_carea' id='block_1_46' title="bbox 204 2889 1782 2963">
    <p class='ocr_par' dir='ltr' id='par_1_46' title="bbox 204 2889 1782 2963">
     <span class='ocr_line' id='line_1_46' title="bbox 204 2889 1782 2963; baseline 0.001 -21"><span class='ocrx_word' id='word_1_318' title='bbox 204 2890 328 2953; x_wconf 74' lang='grc' dir='ltr'>τοὺς</span> <span class='ocrx_word' id='word_1_319' title='bbox 350 2890 711 2963; x_wconf 69' lang='grc' dir='ltr'>ἁμαρτωλοὺς</span> <span class='ocrx_word' id='word_1_320' title='bbox 751 2890 818 2944; x_wconf 79' lang='grc' dir='ltr'><strong>τά</strong></span> <span class='ocrx_word' id='word_1_321' title='bbox 853 2890 1237 2963; x_wconf 81' lang='grc' dir='ltr'>πεπραγμένα.</span> <span class='ocrx_word' id='word_1_322' title='bbox 1264 2893 1399 2944; x_wconf 82' lang='grc' dir='ltr'>Ποῖα</span> <span class='ocrx_word' id='word_1_323' title='bbox 1426 2890 1481 2943; x_wconf 84' lang='grc' dir='ltr'><strong>δὲ</strong></span> <span class='ocrx_word' id='word_1_324' title='bbox 1507 2890 1622 2944; x_wconf 83' lang='grc' dir='ltr'>ἀλλ’</span> <span class='ocrx_word' id='word_1_325' title='bbox 1647 2890 1680 2961; x_wconf 77' lang='grc' dir='ltr'>ἢ</span> <span class='ocrx_word' id='word_1_326' title='bbox 1713 2889 1782 2943; x_wconf 76' lang='grc' dir='ltr'>τὰ</span> 
     </span>
    </p>
   </div>
   <div class='ocr_carea' id='block_1_47' title="bbox 204 2980 1851 3074">
    <p class='ocr_par' dir='ltr' id='par_1_47' title="bbox 204 2980 1851 3074">
     <span class='ocr_line' id='line_1_47' title="bbox 204 2980 1851 3074; baseline -0.001 -39"><span class='ocrx_word' id='word_1_327' title='bbox 204 2984 499 3054; x_wconf 79' lang='grc' dir='ltr'>σφάλματα</span> <span class='ocrx_word' id='word_1_328' title='bbox 526 2983 622 3037; x_wconf 74' lang='grc' dir='ltr'>καὶ</span> <span class='ocrx_word' id='word_1_329' title='bbox 651 2984 1043 3054; x_wconf 82' lang='grc' dir='ltr'>ἁμαρτήματα,</span> <span class='ocrx_word' id='word_1_330' title='bbox 1075 2982 1111 3036; x_wconf 74' lang='grc' dir='ltr'>ἃ</span> <span class='ocrx_word' id='word_1_331' title='bbox 1143 2983 1236 3035; x_wconf 60' lang='grc' dir='ltr'><strong>καὶ</strong></span> <span class='ocrx_word' id='word_1_332' title='bbox 1260 2984 1289 3035; x_wconf 86' lang='grc' dir='ltr'>ὁ</span> <span class='ocrx_word' id='word_1_333' title='bbox 1324 2982 1529 3053; x_wconf 77' lang='grc' dir='ltr'>Ἰησοῦς</span> <span class='ocrx_word' id='word_1_334' title='bbox 1566 2980 1782 3051; x_wconf 86' lang='grc' dir='ltr'>βδελύσ-</span> <span class='ocrx_word' id='word_1_335' title='bbox 1808 3019 1851 3074; x_wconf 73' lang='lat' dir='ltr'><strong>C</strong></span> 
     </span>
    </p>
   </div>
   <div class='ocr_carea' id='block_1_48' title="bbox 206 3072 1783 3146">
    <p class='ocr_par' dir='ltr' id='par_1_48' title="bbox 206 3072 1783 3146">
     <span class='ocr_line' id='line_1_48' title="bbox 206 3072 1783 3146; baseline -0.001 -19"><span class='ocrx_word' id='word_1_336' title='bbox 206 3090 378 3138; x_wconf 83' lang='grc' dir='ltr'>σεται,</span> <span class='ocrx_word' id='word_1_337' title='bbox 418 3074 455 3129; x_wconf 78' lang='grc' dir='ltr'><strong>ἃ.</strong></span> <span class='ocrx_word' id='word_1_338' title='bbox 487 3075 587 3129; x_wconf 73' lang='grc' dir='ltr'>καὶ</span> <span class='ocrx_word' id='word_1_339' title='bbox 619 3076 682 3129; x_wconf 83' lang='grc' dir='ltr'>σὺ</span> <span class='ocrx_word' id='word_1_340' title='bbox 723 3073 1087 3146; x_wconf 81' lang='grc' dir='ltr'>ἀπαγορεύειν</span> <span class='ocrx_word' id='word_1_341' title='bbox 1126 3073 1341 3142; x_wconf 75' lang='grc' dir='ltr'>λὲγεις;</span> <span class='ocrx_word' id='word_1_342' title='bbox 1384 3074 1446 3126; x_wconf 80' lang='grc' dir='ltr'><strong>ΕΞ</strong></span> <span class='ocrx_word' id='word_1_343' title='bbox 1485 3072 1663 3126; x_wconf 80' lang='grc' dir='ltr'>τοίνυν</span> <span class='ocrx_word' id='word_1_344' title='bbox 1690 3073 1726 3127; x_wconf 72' lang='grc' dir='ltr'>ἃ</span> <span class='ocrx_word' id='word_1_345' title='bbox 1754 3074 1783 3125; x_wconf 90' lang='lat'><strong>6</strong></span> 
     </span>
    </p>
   </div>
   <div class='ocr_carea' id='block_1_49' title="bbox 202 3164 1780 3235">
    <p class='ocr_par' dir='ltr' id='par_1_49' title="bbox 202 3164 1780 3235">
     <span class='ocr_line' id='line_1_49' title="bbox 202 3164 1780 3235; baseline -0.001 -18"><span class='ocrx_word' id='word_1_346' title='bbox 202 3166 407 3233; x_wconf 81' lang='grc' dir='ltr'>ἀγαθὸς</span> <span class='ocrx_word' id='word_1_347' title='bbox 446 3166 586 3229; x_wconf 78' lang='grc' dir='ltr'>Θεὸς</span> <span class='ocrx_word' id='word_1_348' title='bbox 621 3164 988 3235; x_wconf 84' lang='grc' dir='ltr'>βδελύσσεται,</span> <span class='ocrx_word' id='word_1_349' title='bbox 1024 3164 1120 3218; x_wconf 76' lang='grc' dir='ltr'>καὶ</span> <span class='ocrx_word' id='word_1_350' title='bbox 1164 3165 1193 3216; x_wconf 91' lang='lat'><strong>6</strong></span> <span class='ocrx_word' id='word_1_351' title='bbox 1239 3164 1453 3233; x_wconf 76' lang='grc' dir='ltr'>κριτὴς,</span> <span class='ocrx_word' id='word_1_352' title='bbox 1484 3164 1579 3217; x_wconf 77' lang='grc' dir='ltr'>καὶ</span> <span class='ocrx_word' id='word_1_353' title='bbox 1612 3166 1642 3216; x_wconf 93' lang='lat'><strong>6</strong></span> <span class='ocrx_word' id='word_1_354' title='bbox 1675 3166 1780 3234; x_wconf 87' lang='grc' dir='ltr'><strong>Δη-</strong></span> 
     </span>
    </p>
   </div>
   <div class='ocr_carea' id='block_1_50' title="bbox 207 3250 1783 3328">
    <p class='ocr_par' dir='ltr' id='par_1_50' title="bbox 207 3250 1783 3328">
     <span class='ocr_line' id='line_1_50' title="bbox 207 3250 1783 3328; baseline -0.003 -16"><span class='ocrx_word' id='word_1_355' title='bbox 207 3260 467 3328; x_wconf 82' lang='grc' dir='ltr'>μιουργὸς</span> <span class='ocrx_word' id='word_1_356' title='bbox 506 3258 577 3312; x_wconf 68' lang='grc' dir='ltr'>τὰ</span> <span class='ocrx_word' id='word_1_357' title='bbox 612 3258 752 3312; x_wconf 79' lang='grc' dir='ltr'>αὐτὰ</span> <span class='ocrx_word' id='word_1_358' title='bbox 785 3257 1150 3328; x_wconf 83' lang='grc' dir='ltr'>βδελύσσεται,</span> <span class='ocrx_word' id='word_1_359' title='bbox 1186 3250 1267 3319; x_wconf 73' lang='grc' dir='ltr'>εἷς</span> <span class='ocrx_word' id='word_1_360' title='bbox 1298 3257 1414 3308; x_wconf 78' lang='grc' dir='ltr'>ἐστι</span> <span class='ocrx_word' id='word_1_361' title='bbox 1442 3255 1535 3308; x_wconf 76' lang='grc' dir='ltr'><strong>καὶ</strong></span> <span class='ocrx_word' id='word_1_362' title='bbox 1569 3257 1597 3308; x_wconf 90' lang='lat'><strong>6</strong></span> <span class='ocrx_word' id='word_1_363' title='bbox 1622 3255 1783 3319; x_wconf 77' lang='grc' dir='ltr'>αὐτὸς</span> 
     </span>
    </p>
   </div>
   <div class='ocr_carea' id='block_1_51' title="bbox 199 3345 1723 3420">
    <p class='ocr_par' dir='ltr' id='par_1_51' title="bbox 199 3345 1723 3420">
     <span class='ocr_line' id='line_1_51' title="bbox 199 3345 1723 3420; baseline 0 -21"><span class='ocrx_word' id='word_1_364' title='bbox 199 3348 305 3401; x_wconf 71' lang='grc' dir='ltr'><strong>ἀπὸ</strong></span> <span class='ocrx_word' id='word_1_365' title='bbox 334 3349 428 3404; x_wconf 81' lang='grc' dir='ltr'>τοῦ</span> <span class='ocrx_word' id='word_1_366' title='bbox 458 3350 626 3420; x_wconf 73' lang='grc' dir='ltr'>ἔργου</span> <span class='ocrx_word' id='word_1_367' title='bbox 655 3348 1021 3418; x_wconf 79' lang='grc' dir='ltr'>δεικνύμενος,</span> <span class='ocrx_word' id='word_1_368' title='bbox 1046 3347 1141 3409; x_wconf 63' lang='grc' dir='ltr'><strong>καὶ</strong></span> <span class='ocrx_word' id='word_1_369' title='bbox 1161 3345 1261 3415; x_wconf 82' lang='grc' dir='ltr'>τῆς</span> <span class='ocrx_word' id='word_1_370' title='bbox 1297 3346 1425 3415; x_wconf 79' lang='grc' dir='ltr'>μιᾶς</span> <span class='ocrx_word' id='word_1_371' title='bbox 1458 3345 1723 3408; x_wconf 83' lang='grc' dir='ltr'>εὐδοκίας.</span> 
     </span>
    </p>
   </div>
   <div class='ocr_carea' id='block_1_52' title="bbox 274 3434 1786 3511">
    <p class='ocr_par' dir='ltr' id='par_1_52' title="bbox 274 3434 1786 3511">
     <span class='ocr_line' id='line_1_52' title="bbox 274 3434 1786 3511; baseline 0 -20"><span class='ocrx_word' id='word_1_372' title='bbox 274 3440 430 3510; x_wconf 82' lang='grc' dir='ltr'>Σχόλ.</span> <span class='ocrx_word' id='word_1_373' title='bbox 458 3441 564 3511; x_wconf 81' lang='grc' dir='ltr'><strong>λη’.</strong></span> <span class='ocrx_word' id='word_1_374' title='bbox 598 3436 704 3493; x_wconf 86' lang='grc' dir='ltr'>Ἦν</span> <span class='ocrx_word' id='word_1_375' title='bbox 738 3438 1232 3510; x_wconf 84' lang='grc' dir='ltr'>παρακεκομμένον</span> <span class='ocrx_word' id='word_1_376' title='bbox 1273 3437 1381 3490; x_wconf 81' lang='grc' dir='ltr'>ἀπὸ</span> <span class='ocrx_word' id='word_1_377' title='bbox 1418 3436 1534 3501; x_wconf 77' lang='grc' dir='ltr'>τοῦ,</span> <span class='ocrx_word' id='word_1_378' title='bbox 1563 3434 1786 3503; x_wconf 60' lang='grc' dir='ltr'><strong>’ῌλθόν</strong></span> 
     </span>
    </p>
   </div>
   <div class='ocr_carea' id='block_1_53' title="bbox 205 3530 1785 3603">
    <p class='ocr_par' dir='ltr' id='par_1_53' title="bbox 205 3530 1785 3603">
     <span class='ocr_line' id='line_1_53' title="bbox 205 3530 1785 3603; baseline -0.001 -18"><span class='ocrx_word' id='word_1_379' title='bbox 205 3548 364 3598; x_wconf 78' lang='grc' dir='ltr'>τινες</span> <span class='ocrx_word' id='word_1_380' title='bbox 394 3532 880 3602; x_wconf 76' lang='grc' dir='ltr'><strong>ἀναγγέλλοντες</strong></span> <span class='ocrx_word' id='word_1_381' title='bbox 912 3530 1072 3597; x_wconf 85' lang='grc' dir='ltr'><strong>αὺτῷ</strong></span> <span class='ocrx_word' id='word_1_382' title='bbox 1106 3532 1238 3601; x_wconf 80' lang='grc' dir='ltr'>περὶ</span> <span class='ocrx_word' id='word_1_383' title='bbox 1274 3530 1393 3584; x_wconf 77' lang='grc' dir='ltr'><strong>τῶν</strong></span> <span class='ocrx_word' id='word_1_384' title='bbox 1422 3531 1785 3603; x_wconf 70' lang='grc' dir='ltr'>Γαλιλαίων,</span> 
     </span>
    </p>
   </div>
   <div class='ocr_carea' id='block_1_54' title="bbox 199 3617 1788 3692">
    <p class='ocr_par' dir='ltr' id='par_1_54' title="bbox 199 3617 1788 3692">
     <span class='ocr_line' id='line_1_54' title="bbox 199 3617 1788 3692; baseline -0.002 -15"><span class='ocrx_word' id='word_1_385' title='bbox 199 3617 287 3677; x_wconf 77' lang='grc' dir='ltr'><strong>ὧν</strong></span> <span class='ocrx_word' id='word_1_386' title='bbox 318 3623 383 3676; x_wconf 86' lang='grc' dir='ltr'>τὸ</span> <span class='ocrx_word' id='word_1_387' title='bbox 413 3619 565 3692; x_wconf 62' lang='grc' dir='ltr'>αἷμα</span> <span class='ocrx_word' id='word_1_388' title='bbox 607 3621 894 3690; x_wconf 78' lang='grc' dir='ltr'>συνέμιξε</span> <span class='ocrx_word' id='word_1_389' title='bbox 934 3620 1190 3687; x_wconf 81' lang='grc' dir='ltr'>Πιλᾶτος</span> <span class='ocrx_word' id='word_1_390' title='bbox 1225 3620 1375 3688; x_wconf 82' lang='grc' dir='ltr'>μετὰ</span> <span class='ocrx_word' id='word_1_391' title='bbox 1407 3620 1525 3674; x_wconf 85' lang='grc' dir='ltr'><strong>τῶν</strong></span> <span class='ocrx_word' id='word_1_392' title='bbox 1562 3620 1788 3676; x_wconf 79' lang='grc' dir='ltr'>θυσιῶν</span> 
     </span>
    </p>
   </div>
   <div class='ocr_carea' id='block_1_55' title="bbox 203 3708 1787 3781">
    <p class='ocr_par' dir='ltr' id='par_1_55' title="bbox 203 3708 1787 3781">
     <span class='ocr_line' id='line_1_55' title="bbox 203 3708 1787 3781; baseline -0.001 -16"><span class='ocrx_word' id='word_1_393' title='bbox 203 3711 423 3779; x_wconf 74' lang='grc' dir='ltr'>αὐτῶν,</span> <span class='ocrx_word' id='word_1_394' title='bbox 453 3713 563 3775; x_wconf 77' lang='grc' dir='ltr'>ἓως</span> <span class='ocrx_word' id='word_1_395' title='bbox 589 3712 722 3765; x_wconf 84' lang='grc' dir='ltr'>ὅπου</span> <span class='ocrx_word' id='word_1_396' title='bbox 752 3710 896 3779; x_wconf 83' lang='grc' dir='ltr'>λέγει</span> <span class='ocrx_word' id='word_1_397' title='bbox 927 3710 1056 3781; x_wconf 77' lang='grc' dir='ltr'>περὶ</span> <span class='ocrx_word' id='word_1_398' title='bbox 1084 3710 1189 3762; x_wconf 85' lang='grc' dir='ltr'>τῶν</span> <span class='ocrx_word' id='word_1_399' title='bbox 1220 3712 1277 3763; x_wconf 81' lang='grc' dir='ltr'>ὲν</span> <span class='ocrx_word' id='word_1_400' title='bbox 1306 3708 1383 3780; x_wconf 84' lang='grc' dir='ltr'>τῷ</span> <span class='ocrx_word' id='word_1_401' title='bbox 1411 3709 1633 3781; x_wconf 80' lang='grc' dir='ltr'>Σιλωὰμ</span> <span class='ocrx_word' id='word_1_402' title='bbox 1655 3710 1787 3763; x_wconf 84' lang='grc' dir='ltr'>δέκα</span> 
     </span>
    </p>
   </div>
   <div class='ocr_carea' id='block_1_56' title="bbox 200 3802 1788 3874">
    <p class='ocr_par' dir='ltr' id='par_1_56' title="bbox 200 3802 1788 3874">
     <span class='ocr_line' id='line_1_56' title="bbox 200 3802 1788 3874; baseline -0.001 -17"><span class='ocrx_word' id='word_1_403' title='bbox 200 3806 292 3858; x_wconf 70' lang='grc' dir='ltr'><strong>καὶ</strong></span> <span class='ocrx_word' id='word_1_404' title='bbox 329 3804 481 3858; x_wconf 74' lang='grc' dir='ltr'>ὀκτὼ</span> <span class='ocrx_word' id='word_1_405' title='bbox 522 3804 900 3858; x_wconf 82' lang='grc' dir='ltr'>ἀποθανόντων</span> <span class='ocrx_word' id='word_1_406' title='bbox 935 3805 992 3856; x_wconf 82' lang='grc' dir='ltr'>ὲν</span> <span class='ocrx_word' id='word_1_407' title='bbox 1030 3802 1109 3874; x_wconf 81' lang='grc' dir='ltr'>τῷ</span> <span class='ocrx_word' id='word_1_408' title='bbox 1148 3802 1360 3874; x_wconf 82' lang='grc' dir='ltr'>πύργῳ’</span> <span class='ocrx_word' id='word_1_409' title='bbox 1406 3802 1501 3856; x_wconf 74' lang='grc' dir='ltr'><strong>καὶ</strong></span> <span class='ocrx_word' id='word_1_410' title='bbox 1537 3803 1619 3855; x_wconf 85' lang='grc' dir='ltr'>ὅτι</span> <span class='ocrx_word' id='word_1_411' title='bbox 1655 3803 1788 3856; x_wconf 80' lang='grc' dir='ltr'><strong>Ἐὰν</strong></span> 
     </span>
    </p>
   </div>
   <div class='ocr_carea' id='block_1_57' title="bbox 191 3881 1784 3964">
    <p class='ocr_par' dir='ltr' id='par_1_57' title="bbox 191 3881 1784 3964">
     <span class='ocr_line' id='line_1_57' title="bbox 191 3881 1784 3964; baseline 0.006 -18"><span class='ocrx_word' id='word_1_412' title='bbox 191 3894 281 3964; x_wconf 77' lang='grc' dir='ltr'>μὴ</span> <span class='ocrx_word' id='word_1_413' title='bbox 298 3881 745 3963; x_wconf 79' lang='grc' dir='ltr'>μετανοήσητε’</span> <span class='ocrx_word' id='word_1_414' title='bbox 771 3894 863 3949; x_wconf 75' lang='grc' dir='ltr'><strong>καὶ</strong></span> <span class='ocrx_word' id='word_1_415' title='bbox 890 3894 995 3956; x_wconf 76' lang='grc' dir='ltr'>ἕως</span> <span class='ocrx_word' id='word_1_416' title='bbox 1012 3893 1112 3963; x_wconf 80' lang='grc' dir='ltr'>τῆς</span> <span class='ocrx_word' id='word_1_417' title='bbox 1135 3911 1209 3946; x_wconf 86' lang='grc' dir='ltr'><strong>πα</strong></span> <span class='ocrx_word' id='word_1_418' title='bbox 1221 3892 1452 3964; x_wconf 78' lang='grc' dir='ltr'>ραόολῆς</span> <span class='ocrx_word' id='word_1_419' title='bbox 1473 3892 1571 3962; x_wconf 81' lang='grc' dir='ltr'><strong>τῆς</strong></span> <span class='ocrx_word' id='word_1_420' title='bbox 1593 3894 1784 3962; x_wconf 75' lang='grc' dir='ltr'><strong>συκῆς,</strong></span> 
     </span>
    </p>
   </div>
   <div class='ocr_carea' id='block_1_58' title="bbox 196 3980 1789 4055">
    <p class='ocr_par' dir='ltr' id='par_1_58' title="bbox 196 3980 1789 4055">
     <span class='ocr_line' id='line_1_58' title="bbox 196 3980 1789 4055; baseline -0.001 -19"><span class='ocrx_word' id='word_1_421' title='bbox 196 3986 328 4055; x_wconf 76' lang='grc' dir='ltr'>περὶ</span> <span class='ocrx_word' id='word_1_422' title='bbox 348 3982 417 4055; x_wconf 64' lang='grc' dir='ltr'>ἦ,</span> <span class='ocrx_word' id='word_1_423' title='bbox 448 3981 610 4038; x_wconf 80' lang='grc' dir='ltr'>εἶπεν</span> <span class='ocrx_word' id='word_1_424' title='bbox 651 3986 680 4037; x_wconf 92' lang='lat'><strong>6</strong></span> <span class='ocrx_word' id='word_1_425' title='bbox 706 3984 971 4055; x_wconf 82' lang='grc' dir='ltr'>γεωργὸς,</span> <span class='ocrx_word' id='word_1_426' title='bbox 1014 3984 1096 4037; x_wconf 83' lang='grc' dir='ltr'>ὅτι</span> <span class='ocrx_word' id='word_1_427' title='bbox 1141 3982 1410 4047; x_wconf 79' lang='grc' dir='ltr'>Σκάπτω,</span> <span class='ocrx_word' id='word_1_428' title='bbox 1441 3981 1539 4035; x_wconf 77' lang='grc' dir='ltr'>καὶ</span> <span class='ocrx_word' id='word_1_429' title='bbox 1574 3980 1789 4046; x_wconf 79' lang='grc' dir='ltr'>,ϐάλλω</span> 
     </span>
    </p>
   </div>
   <div class='ocr_carea' id='block_1_59' title="bbox 196 4075 1433 4145">
    <p class='ocr_par' dir='ltr' id='par_1_59' title="bbox 196 4075 1433 4145">
     <span class='ocr_line' id='line_1_59' title="bbox 196 4075 1433 4145; baseline -0.001 -17"><span class='ocrx_word' id='word_1_430' title='bbox 196 4077 439 4144; x_wconf 77' lang='grc' dir='ltr'>κόπρια,</span> <span class='ocrx_word' id='word_1_431' title='bbox 472 4079 575 4131; x_wconf 82' lang='grc' dir='ltr'>καὶ</span> <span class='ocrx_word' id='word_1_432' title='bbox 610 4076 719 4130; x_wconf 77' lang='grc' dir='ltr'><strong>ἐὰν</strong></span> <span class='ocrx_word' id='word_1_433' title='bbox 738 4077 824 4145; x_wconf 74' lang='grc' dir='ltr'>μὴ</span> <span class='ocrx_word' id='word_1_434' title='bbox 850 4075 1109 4142; x_wconf 79' lang='grc' dir='ltr'>ποιήσει,</span> <span class='ocrx_word' id='word_1_435' title='bbox 1142 4075 1433 4143; x_wconf 69' lang='grc' dir='ltr'><strong>ἔκκοψον.</strong></span> 
     </span>
    </p>
   </div>
   <div class='ocr_carea' id='block_1_60' title="bbox 268 4166 1788 4240">
    <p class='ocr_par' dir='ltr' id='par_1_60' title="bbox 268 4166 1788 4240">
     <span class='ocr_line' id='line_1_60' title="bbox 268 4166 1788 4240; baseline -0.002 -19"><span class='ocrx_word' id='word_1_436' title='bbox 268 4169 499 4239; x_wconf 81' lang='grc' dir='ltr'>Ἔλεγχ.</span> <span class='ocrx_word' id='word_1_437' title='bbox 545 4168 647 4240; x_wconf 81' lang='grc' dir='ltr'><strong>λη’.</strong></span> <span class='ocrx_word' id='word_1_438' title='bbox 679 4168 895 4221; x_wconf 87' lang='grc' dir='ltr'>Τούτων</span> <span class='ocrx_word' id='word_1_439' title='bbox 926 4168 1142 4221; x_wconf 86' lang='grc' dir='ltr'>πάντων</span> <span class='ocrx_word' id='word_1_440' title='bbox 1172 4168 1464 4236; x_wconf 80' lang='grc' dir='ltr'>ἐποιήσατο</span> <span class='ocrx_word' id='word_1_441' title='bbox 1495 4166 1592 4238; x_wconf 81' lang='grc' dir='ltr'><strong>τὴν</strong></span> <span class='ocrx_word' id='word_1_442' title='bbox 1622 4166 1788 4236; x_wconf 79' lang='grc' dir='ltr'>ἀφαί-</span> 
     </span>
    </p>
   </div>
   <div class='ocr_carea' id='block_1_61' title="bbox 199 4257 1785 4331">
    <p class='ocr_par' dir='ltr' id='par_1_61' title="bbox 199 4257 1785 4331">
     <span class='ocr_line' id='line_1_61' title="bbox 199 4257 1785 4331; baseline 0.002 -23"><span class='ocrx_word' id='word_1_443' title='bbox 199 4274 350 4327; x_wconf 79' lang='grc' dir='ltr'>ρεσιν</span> <span class='ocrx_word' id='word_1_444' title='bbox 395 4263 426 4313; x_wconf 90' lang='lat'><strong>6</strong></span> <span class='ocrx_word' id='word_1_445' title='bbox 469 4259 731 4331; x_wconf 80' lang='grc' dir='ltr'>συλητὴς,</span> <span class='ocrx_word' id='word_1_446' title='bbox 767 4259 980 4330; x_wconf 66' lang='grc' dir='ltr'>κρύψας</span> <span class='ocrx_word' id='word_1_447' title='bbox 1012 4260 1105 4326; x_wconf 78' lang='grc' dir='ltr'><strong>ἀφ’</strong></span> <span class='ocrx_word' id='word_1_448' title='bbox 1139 4257 1334 4312; x_wconf 82' lang='grc' dir='ltr'>ἑαυτοῦ</span> <span class='ocrx_word' id='word_1_449' title='bbox 1369 4257 1467 4329; x_wconf 76' lang='grc' dir='ltr'>τὴν</span> <span class='ocrx_word' id='word_1_450' title='bbox 1510 4257 1785 4328; x_wconf 76' lang='grc' dir='ltr'>ἀλήθειαν,</span> 
     </span>
    </p>
   </div>
   <div class='ocr_carea' id='block_1_62' title="bbox 1880 1796 3448 1871">
    <p class='ocr_par' dir='ltr' id='par_1_62' title="bbox 1880 1796 3448 1871">
     <span class='ocr_line' id='line_1_62' title="bbox 1880 1796 3448 1871; baseline 0.006 -28"><span class='ocrx_word' id='word_1_451' title='bbox 1880 1798 2028 1844; x_wconf 81' lang='lat' dir='ltr'><strong>recte</strong></span> <span class='ocrx_word' id='word_1_452' title='bbox 2057 1807 2175 1857; x_wconf 86' lang='lat' dir='ltr'><strong>sese</strong></span> <span class='ocrx_word' id='word_1_453' title='bbox 2194 1799 2463 1861; x_wconf 75' lang='lat' dir='ltr'><strong>gerentem</strong></span> <span class='ocrx_word' id='word_1_454' title='bbox 2485 1796 2769 1863; x_wconf 85' lang='lat' dir='ltr'><strong>increpans</strong></span> <span class='ocrx_word' id='word_1_455' title='bbox 2786 1806 2987 1864; x_wconf 84' lang='lat' dir='ltr'><strong>partem</strong></span> <span class='ocrx_word' id='word_1_456' title='bbox 3010 1800 3154 1854; x_wconf 83' lang='lat' dir='ltr'><strong>illius</strong></span> <span class='ocrx_word' id='word_1_457' title='bbox 3184 1817 3301 1854; x_wconf 82' lang='lat' dir='ltr'><strong>cum</strong></span> <span class='ocrx_word' id='word_1_458' title='bbox 3329 1804 3448 1871; x_wconf 69' lang='lat' dir='ltr'><strong>itﬁ.</strong></span> 
     </span>
    </p>
   </div>
   <div class='ocr_carea' id='block_1_63' title="bbox 1879 1880 3451 1957">
    <p class='ocr_par' dir='ltr' id='par_1_63' title="bbox 1879 1880 3451 1957">
     <span class='ocr_line' id='line_1_63' title="bbox 1879 1880 3451 1957; baseline 0.01 -26"><span class='ocrx_word' id='word_1_459' title='bbox 1879 1880 2083 1935; x_wconf 77' lang='lat' dir='ltr'><strong>detibus</strong></span> <span class='ocrx_word' id='word_1_460' title='bbox 2116 1882 2282 1949; x_wconf 84' lang='lat' dir='ltr'><strong>ponit.</strong></span> <span class='ocrx_word' id='word_1_461' title='bbox 2316 1881 2471 1947; x_wconf 83' lang='lat' dir='ltr'><strong>Quod</strong></span> <span class='ocrx_word' id='word_1_462' title='bbox 2511 1883 2556 1938; x_wconf 89' lang='lat' dir='ltr'><strong>si</strong></span> <span class='ocrx_word' id='word_1_463' title='bbox 2585 1882 2746 1939; x_wconf 88' lang='lat' dir='ltr'><strong>Pater</strong></span> <span class='ocrx_word' id='word_1_464' title='bbox 2782 1887 2897 1955; x_wconf 87' lang='lat' dir='ltr'><strong>ipse</strong></span> <span class='ocrx_word' id='word_1_465' title='bbox 2925 1888 3148 1957; x_wconf 83' lang='lat' dir='ltr'><strong>Christi,</strong></span> <span class='ocrx_word' id='word_1_466' title='bbox 3178 1893 3259 1946; x_wconf 87' lang='lat' dir='ltr'><strong>vel</strong></span> <span class='ocrx_word' id='word_1_467' title='bbox 3288 1894 3451 1947; x_wconf 74' lang='lat' dir='ltr'><strong>etiam</strong></span> 
     </span>
    </p>
   </div>
   <div class='ocr_carea' id='block_1_64' title="bbox 1840 1974 3455 2051">
    <p class='ocr_par' dir='ltr' id='par_1_64' title="bbox 1840 1974 3455 2051">
     <span class='ocr_line' id='line_1_64' title="bbox 1840 1974 3455 2051; baseline 0.004 -23"><span class='ocrx_word' id='word_1_468' title='bbox 1840 2020 1859 2035; x_wconf 67' lang='lat'><strong>.</strong></span> <span class='ocrx_word' id='word_1_469' title='bbox 1880 1974 2131 2031; x_wconf 83' lang='lat' dir='ltr'><strong>Christus</strong></span> <span class='ocrx_word' id='word_1_470' title='bbox 2154 1975 2386 2044; x_wconf 88' lang='lat' dir='ltr'><strong>idipsum</strong></span> <span class='ocrx_word' id='word_1_471' title='bbox 2418 1977 2766 2045; x_wconf 82' lang='lat' dir='ltr'><strong>praestiturus</strong></span> <span class='ocrx_word' id='word_1_472' title='bbox 2786 1988 2891 2044; x_wconf 90' lang='lat' dir='ltr'><strong>est,</strong></span> <span class='ocrx_word' id='word_1_473' title='bbox 2909 1982 3257 2051; x_wconf 87' lang='lat' dir='ltr'><strong>perspicuum</strong></span> <span class='ocrx_word' id='word_1_474' title='bbox 3288 1985 3455 2037; x_wconf 66' lang='lat' dir='ltr'><strong>litibus</strong></span> 
     </span>
    </p>
   </div>
   <div class='ocr_carea' id='block_1_65' title="bbox 1881 2066 3450 2131">
    <p class='ocr_par' dir='ltr' id='par_1_65' title="bbox 1881 2066 3450 2131">
     <span class='ocr_line' id='line_1_65' title="bbox 1881 2066 3450 2131; baseline 0.004 -12"><span class='ocrx_word' id='word_1_475' title='bbox 1881 2074 2069 2119; x_wconf 89' lang='lat' dir='ltr'><strong>contra</strong></span> <span class='ocrx_word' id='word_1_476' title='bbox 2127 2072 2180 2119; x_wconf 84' lang='lat' dir='ltr'><strong>te</strong></span> <span class='ocrx_word' id='word_1_477' title='bbox 2236 2066 2630 2121; x_wconf 90' lang='lat' dir='ltr'><strong>testimonium.</strong></span> <span class='ocrx_word' id='word_1_478' title='bbox 2665 2066 2800 2121; x_wconf 91' lang='lat' dir='ltr'><strong>Cum</strong></span> <span class='ocrx_word' id='word_1_479' title='bbox 2851 2070 2995 2123; x_wconf 89' lang='lat' dir='ltr'><strong>enim</strong></span> <span class='ocrx_word' id='word_1_480' title='bbox 3038 2070 3339 2131; x_wconf 74' lang='lat' dir='ltr'><strong>Christum.</strong></span> <span class='ocrx_word' id='word_1_481' title='bbox 3373 2077 3450 2127; x_wconf 81' lang='lat' dir='ltr'><strong>vel</strong></span> 
     </span>
    </p>
   </div>
   <div class='ocr_carea' id='block_1_66' title="bbox 1880 2152 3450 2222">
    <p class='ocr_par' dir='ltr' id='par_1_66' title="bbox 1880 2152 3450 2222">
     <span class='ocr_line' id='line_1_66' title="bbox 1880 2152 3450 2222; baseline 0.006 -16"><span class='ocrx_word' id='word_1_482' title='bbox 1880 2154 2053 2222; x_wconf 82' lang='lat' dir='ltr'><strong>ipsius</strong></span> <span class='ocrx_word' id='word_1_483' title='bbox 2078 2152 2293 2209; x_wconf 87' lang='lat' dir='ltr'><strong>Patrem</strong></span> <span class='ocrx_word' id='word_1_484' title='bbox 2339 2154 2474 2209; x_wconf 87' lang='lat' dir='ltr'><strong>citra</strong></span> <span class='ocrx_word' id='word_1_485' title='bbox 2508 2156 2669 2209; x_wconf 89' lang='lat' dir='ltr'><strong>ullam</strong></span> <span class='ocrx_word' id='word_1_486' title='bbox 2708 2161 3135 2214; x_wconf 88' lang='lat' dir='ltr'><strong>controversiam</strong></span> <span class='ocrx_word' id='word_1_487' title='bbox 3183 2161 3450 2217; x_wconf 81' lang='lat' dir='ltr'><strong>facturum</strong></span> 
     </span>
    </p>
   </div>
   <div class='ocr_carea' id='block_1_67' title="bbox 1881 2244 3442 2318">
    <p class='ocr_par' dir='ltr' id='par_1_67' title="bbox 1881 2244 3442 2318">
     <span class='ocr_line' id='line_1_67' title="bbox 1881 2244 3442 2318; baseline 0.006 -20"><span class='ocrx_word' id='word_1_488' title='bbox 1881 2244 1934 2298; x_wconf 90' lang='lat' dir='ltr'><strong>id</strong></span> <span class='ocrx_word' id='word_1_489' title='bbox 1983 2259 2104 2299; x_wconf 86' lang='lat' dir='ltr'><strong>esse</strong></span> <span class='ocrx_word' id='word_1_490' title='bbox 2152 2244 2379 2311; x_wconf 77' lang='lat' dir='ltr'><strong>fateare,</strong></span> <span class='ocrx_word' id='word_1_491' title='bbox 2419 2247 2668 2302; x_wconf 88' lang='lat' dir='ltr'><strong>eumdem</strong></span> <span class='ocrx_word' id='word_1_492' title='bbox 2701 2249 2906 2318; x_wconf 87' lang='lat' dir='ltr'><strong>pariter</strong></span> <span class='ocrx_word' id='word_1_493' title='bbox 2931 2256 2985 2304; x_wconf 90' lang='lat' dir='ltr'><strong>et</strong></span> <span class='ocrx_word' id='word_1_494' title='bbox 3012 2250 3251 2318; x_wconf 66' lang='lat' dir='ltr'><strong>judicent</strong></span> <span class='ocrx_word' id='word_1_495' title='bbox 3277 2262 3333 2308; x_wconf 91' lang='lat' dir='ltr'><strong>et</strong></span> <span class='ocrx_word' id='word_1_496' title='bbox 3361 2255 3442 2307; x_wconf 73' lang='lat' dir='ltr'><strong>ho~</strong></span> 
     </span>
    </p>
   </div>
   <div class='ocr_carea' id='block_1_68' title="bbox 1882 2338 3450 2411">
    <p class='ocr_par' dir='ltr' id='par_1_68' title="bbox 1882 2338 3450 2411">
     <span class='ocr_line' id='line_1_68' title="bbox 1882 2338 3450 2411; baseline 0.004 -22"><span class='ocrx_word' id='word_1_497' title='bbox 1882 2351 2033 2402; x_wconf 87' lang='lat' dir='ltr'><strong>num,</strong></span> <span class='ocrx_word' id='word_1_498' title='bbox 2091 2345 2146 2391; x_wconf 90' lang='lat' dir='ltr'><strong>et</strong></span> <span class='ocrx_word' id='word_1_499' title='bbox 2189 2338 2410 2392; x_wconf 89' lang='lat' dir='ltr'><strong>unicum</strong></span> <span class='ocrx_word' id='word_1_500' title='bbox 2442 2345 2552 2392; x_wconf 88' lang='lat' dir='ltr'><strong>tam</strong></span> <span class='ocrx_word' id='word_1_501' title='bbox 2596 2338 2906 2394; x_wconf 75' lang='lat' dir='ltr'><strong>intimorum</strong></span> <span class='ocrx_word' id='word_1_502' title='bbox 2951 2356 3111 2411; x_wconf 88' lang='lat' dir='ltr'><strong>quam</strong></span> <span class='ocrx_word' id='word_1_503' title='bbox 3146 2344 3450 2399; x_wconf 68' lang='lat' dir='ltr'><strong>caelestium</strong></span> 
     </span>
    </p>
   </div>
   <div class='ocr_carea' id='block_1_69' title="bbox 1880 2427 2614 2485">
    <p class='ocr_par' dir='ltr' id='par_1_69' title="bbox 1880 2427 2614 2485">
     <span class='ocr_line' id='line_1_69' title="bbox 1880 2427 2614 2485; baseline 0.007 -5"><span class='ocrx_word' id='word_1_504' title='bbox 1880 2427 2280 2483; x_wconf 82' lang='lat' dir='ltr'><strong>moderatorem</strong></span> <span class='ocrx_word' id='word_1_505' title='bbox 2305 2429 2614 2485; x_wconf 87' lang='lat' dir='ltr'><strong>constituis.</strong></span> 
     </span>
    </p>
   </div>
   <div class='ocr_carea' id='block_1_70' title="bbox 1954 2519 3456 2599">
    <p class='ocr_par' dir='ltr' id='par_1_70' title="bbox 1954 2519 3456 2599">
     <span class='ocr_line' id='line_1_70' title="bbox 1954 2519 3456 2599; baseline 0.009 -27"><span class='ocrx_word' id='word_1_506' title='bbox 1954 2519 2137 2575; x_wconf 88' lang='lat' dir='ltr'><strong>Schol.</strong></span> <span class='ocrx_word' id='word_1_507' title='bbox 2171 2521 2259 2575; x_wconf 79' lang='lat'><strong>57.</strong></span> <span class='ocrx_word' id='word_1_508' title='bbox 2294 2520 2378 2575; x_wconf 83' lang='lat' dir='ltr'><strong>Ne</strong></span> <span class='ocrx_word' id='word_1_509' title='bbox 2405 2523 2540 2591; x_wconf 80' lang='lat' dir='ltr'><strong>forte</strong></span> <span class='ocrx_word' id='word_1_510' title='bbox 2574 2522 2747 2577; x_wconf 83' lang='lat' dir='ltr'><strong>trahat</strong></span> <span class='ocrx_word' id='word_1_511' title='bbox 2773 2533 2820 2578; x_wconf 91' lang='lat' dir='ltr'><strong>te</strong></span> <span class='ocrx_word' id='word_1_512' title='bbox 2844 2524 3181 2594; x_wconf 79' lang='lat' dir='ltr'><strong>adjudicem,</strong></span> <span class='ocrx_word' id='word_1_513' title='bbox 3203 2538 3253 2582; x_wconf 85' lang='lat' dir='ltr'><strong>et</strong></span> <span class='ocrx_word' id='word_1_514' title='bbox 3283 2529 3456 2599; x_wconf 72' lang='lat' dir='ltr'><strong>judea.</strong></span> 
     </span>
    </p>
   </div>
   <div class='ocr_carea' id='block_1_71' title="bbox 1883 2609 2463 2666">
    <p class='ocr_par' dir='ltr' id='par_1_71' title="bbox 1883 2609 2463 2666">
     <span class='ocr_line' id='line_1_71' title="bbox 1883 2609 2463 2666; baseline 0.009 -5"><span class='ocrx_word' id='word_1_515' title='bbox 1883 2609 2061 2662; x_wconf 84' lang='lat' dir='ltr'><strong>tradat</strong></span> <span class='ocrx_word' id='word_1_516' title='bbox 2087 2620 2135 2664; x_wconf 89' lang='lat' dir='ltr'><strong>te</strong></span> <span class='ocrx_word' id='word_1_517' title='bbox 2151 2612 2389 2665; x_wconf 78' lang='lat' dir='ltr'><strong>exactori</strong></span> <span class='ocrx_word' id='word_1_518' title='bbox 2423 2611 2463 2666; x_wconf 83' lang='grc'><strong>⁸.</strong></span> 
     </span>
    </p>
   </div>
   <div class='ocr_carea' id='block_1_72' title="bbox 1952 2699 3452 2780">
    <p class='ocr_par' dir='ltr' id='par_1_72' title="bbox 1952 2699 3452 2780">
     <span class='ocr_line' id='line_1_72' title="bbox 1952 2699 3452 2780; baseline 0.009 -27"><span class='ocrx_word' id='word_1_519' title='bbox 1952 2699 2115 2773; x_wconf 75' lang='lat'><strong>336</strong></span> <span class='ocrx_word' id='word_1_520' title='bbox 2146 2699 2328 2756; x_wconf 76' lang='lat' dir='ltr'><strong>Rehd.</strong></span> <span class='ocrx_word' id='word_1_521' title='bbox 2357 2702 2444 2756; x_wconf 76' lang='lat'><strong>&#39;57.</strong></span> <span class='ocrx_word' id='word_1_522' title='bbox 2479 2700 2724 2757; x_wconf 85' lang='lat' dir='ltr'><strong>Judicem</strong></span> <span class='ocrx_word' id='word_1_523' title='bbox 2747 2704 2839 2759; x_wconf 86' lang='lat' dir='ltr'><strong>hic</strong></span> <span class='ocrx_word' id='word_1_524' title='bbox 2857 2705 3167 2762; x_wconf 79' lang='lat' dir='ltr'><strong>Creatorem</strong></span> <span class='ocrx_word' id='word_1_525' title='bbox 3200 2711 3452 2780; x_wconf 85' lang='lat' dir='ltr'><strong>appellat,</strong></span> 
     </span>
    </p>
   </div>
   <div class='ocr_carea' id='block_1_73' title="bbox 1881 2793 3454 2872">
    <p class='ocr_par' dir='ltr' id='par_1_73' title="bbox 1881 2793 3454 2872">
     <span class='ocr_line' id='line_1_73' title="bbox 1881 2793 3454 2872; baseline 0.007 -25"><span class='ocrx_word' id='word_1_526' title='bbox 1881 2801 2191 2847; x_wconf 78' lang='lat' dir='ltr'><strong>exactorem</strong></span> <span class='ocrx_word' id='word_1_527' title='bbox 2238 2807 2404 2862; x_wconf 90' lang='lat' dir='ltr'><strong>porro</strong></span> <span class='ocrx_word' id='word_1_528' title='bbox 2442 2793 2616 2861; x_wconf 89' lang='lat' dir='ltr'><strong>ipsius</strong></span> <span class='ocrx_word' id='word_1_529' title='bbox 2650 2795 2966 2864; x_wconf 76' lang='lat' dir='ltr'><strong>angelorum</strong></span> <span class='ocrx_word' id='word_1_530' title='bbox 3000 2799 3319 2867; x_wconf 87' lang='lat' dir='ltr'><strong>quemlibet,</strong></span> <span class='ocrx_word' id='word_1_531' title='bbox 3359 2804 3454 2872; x_wconf 91' lang='lat' dir='ltr'><strong>qui</strong></span> 
     </span>
    </p>
   </div>
   <div class='ocr_carea' id='block_1_74' title="bbox 1884 2883 3450 2961">
    <p class='ocr_par' dir='ltr' id='par_1_74' title="bbox 1884 2883 3450 2961">
     <span class='ocr_line' id='line_1_74' title="bbox 1884 2883 3450 2961; baseline 0.006 -24"><span class='ocrx_word' id='word_1_532' title='bbox 1884 2883 2153 2940; x_wconf 84' lang='lat' dir='ltr'><strong>factorum</strong></span> <span class='ocrx_word' id='word_1_533' title='bbox 2188 2885 2454 2941; x_wconf 84' lang='lat' dir='ltr'><strong>rationem</strong></span> <span class='ocrx_word' id='word_1_534' title='bbox 2501 2902 2527 2937; x_wconf 83' lang='lat' dir='ltr'><strong>a</strong></span> <span class='ocrx_word' id='word_1_535' title='bbox 2547 2886 2929 2956; x_wconf 86' lang='lat' dir='ltr'><strong>peccatoribus</strong></span> <span class='ocrx_word' id='word_1_536' title='bbox 2958 2890 3341 2961; x_wconf 71' lang='lat' dir='ltr'><strong>exigent.Qute</strong></span> <span class='ocrx_word' id='word_1_537' title='bbox 3359 2910 3450 2948; x_wconf 82' lang='lat' dir='ltr'><strong>an-</strong></span> 
     </span>
    </p>
   </div>
   <div class='ocr_carea' id='block_1_75' title="bbox 1888 2976 3456 3055">
    <p class='ocr_par' dir='ltr' id='par_1_75' title="bbox 1888 2976 3456 3055">
     <span class='ocr_line' id='line_1_75' title="bbox 1888 2976 3456 3055; baseline 0.007 -27"><span class='ocrx_word' id='word_1_538' title='bbox 1888 2984 1992 3029; x_wconf 88' lang='lat' dir='ltr'><strong>tem</strong></span> <span class='ocrx_word' id='word_1_539' title='bbox 2058 2977 2147 3031; x_wconf 88' lang='lat' dir='ltr'><strong>illa</strong></span> <span class='ocrx_word' id='word_1_540' title='bbox 2208 2976 2369 3043; x_wconf 80' lang='lat' dir='ltr'><strong>facta,</strong></span> <span class='ocrx_word' id='word_1_541' title='bbox 2404 2979 2510 3033; x_wconf 89' lang='lat' dir='ltr'><strong>nisi</strong></span> <span class='ocrx_word' id='word_1_542' title='bbox 2564 2979 2761 3035; x_wconf 85' lang='lat' dir='ltr'><strong>delicta</strong></span> <span class='ocrx_word' id='word_1_543' title='bbox 2794 2987 2847 3036; x_wconf 91' lang='lat' dir='ltr'><strong>et</strong></span> <span class='ocrx_word' id='word_1_544' title='bbox 2880 2990 3103 3051; x_wconf 88' lang='lat' dir='ltr'><strong>peccata</strong></span> <span class='ocrx_word' id='word_1_545' title='bbox 3146 2992 3294 3046; x_wconf 86' lang='lat' dir='ltr'><strong>sunt,</strong></span> <span class='ocrx_word' id='word_1_546' title='bbox 3337 3002 3456 3055; x_wconf 73' lang='lat' dir='ltr'><strong>quat</strong></span> 
     </span>
    </p>
   </div>
   <div class='ocr_carea' id='block_1_76' title="bbox 1886 3065 3457 3148">
    <p class='ocr_par' dir='ltr' id='par_1_76' title="bbox 1886 3065 3457 3148">
     <span class='ocr_line' id='line_1_76' title="bbox 1886 3065 3457 3148; baseline 0.006 -28"><span class='ocrx_word' id='word_1_547' title='bbox 1886 3065 2046 3123; x_wconf 85' lang='lat' dir='ltr'><strong>Jesus</strong></span> <span class='ocrx_word' id='word_1_548' title='bbox 2072 3068 2393 3134; x_wconf 82' lang='lat' dir='ltr'><strong>detestatur,</strong></span> <span class='ocrx_word' id='word_1_549' title='bbox 2424 3077 2496 3133; x_wconf 85' lang='lat' dir='ltr'><strong>et,</strong></span> <span class='ocrx_word' id='word_1_550' title='bbox 2524 3080 2582 3123; x_wconf 90' lang='lat' dir='ltr'><strong>ut</strong></span> <span class='ocrx_word' id='word_1_551' title='bbox 2623 3070 2812 3142; x_wconf 77' lang='lat' dir='ltr'><strong>fateris</strong></span> <span class='ocrx_word' id='word_1_552' title='bbox 2840 3073 2975 3142; x_wconf 88' lang='lat' dir='ltr'><strong>ipse,</strong></span> <span class='ocrx_word' id='word_1_553' title='bbox 3002 3073 3291 3143; x_wconf 78' lang='lat' dir='ltr'><strong>prohibet?</strong></span> <span class='ocrx_word' id='word_1_554' title='bbox 3318 3075 3457 3148; x_wconf 80' lang='lat' dir='ltr'><strong>Ergo</strong></span> 
     </span>
    </p>
   </div>
   <div class='ocr_carea' id='block_1_77' title="bbox 1886 3156 3455 3234">
    <p class='ocr_par' dir='ltr' id='par_1_77' title="bbox 1886 3156 3455 3234">
     <span class='ocr_line' id='line_1_77' title="bbox 1886 3156 3455 3234; baseline 0.006 -25"><span class='ocrx_word' id='word_1_555' title='bbox 1886 3171 2009 3209; x_wconf 91' lang='lat' dir='ltr'><strong>eum</strong></span> <span class='ocrx_word' id='word_1_556' title='bbox 2041 3157 2229 3210; x_wconf 79' lang='lat' dir='ltr'><strong>eadem</strong></span> <span class='ocrx_word' id='word_1_557' title='bbox 2261 3156 2374 3219; x_wconf 89' lang='lat' dir='ltr'><strong>illa,</strong></span> <span class='ocrx_word' id='word_1_558' title='bbox 2406 3174 2528 3227; x_wconf 74' lang='lat' dir='ltr'><strong>qua:</strong></span> <span class='ocrx_word' id='word_1_559' title='bbox 2548 3158 2724 3214; x_wconf 87' lang='lat' dir='ltr'><strong>bonus</strong></span> <span class='ocrx_word' id='word_1_560' title='bbox 2764 3158 2906 3216; x_wconf 90' lang='lat' dir='ltr'><strong>Deus</strong></span> <span class='ocrx_word' id='word_1_561' title='bbox 2923 3171 3257 3226; x_wconf 80' lang='lat' dir='ltr'><strong>exsecratur,</strong></span> <span class='ocrx_word' id='word_1_562' title='bbox 3287 3165 3455 3234; x_wconf 78' lang='lat' dir='ltr'><strong>judcx</strong></span> 
     </span>
    </p>
   </div>
   <div class='ocr_carea' id='block_1_78' title="bbox 1886 3247 3456 3327">
    <p class='ocr_par' dir='ltr' id='par_1_78' title="bbox 1886 3247 3456 3327">
     <span class='ocr_line' id='line_1_78' title="bbox 1886 3247 3456 3327; baseline 0.006 -26"><span class='ocrx_word' id='word_1_563' title='bbox 1886 3247 2187 3302; x_wconf 81' lang='lat' dir='ltr'><strong>detestetur</strong></span> <span class='ocrx_word' id='word_1_564' title='bbox 2214 3257 2269 3303; x_wconf 91' lang='lat' dir='ltr'><strong>et</strong></span> <span class='ocrx_word' id='word_1_565' title='bbox 2312 3250 2586 3314; x_wconf 91' lang='lat' dir='ltr'><strong>conditor,</strong></span> <span class='ocrx_word' id='word_1_566' title='bbox 2624 3267 2769 3307; x_wconf 92' lang='lat' dir='ltr'><strong>unus</strong></span> <span class='ocrx_word' id='word_1_567' title='bbox 2820 3252 3073 3324; x_wconf 88' lang='lat' dir='ltr'><strong>idemque</strong></span> <span class='ocrx_word' id='word_1_568' title='bbox 3117 3271 3282 3325; x_wconf 87' lang='lat' dir='ltr'><strong>opere</strong></span> <span class='ocrx_word' id='word_1_569' title='bbox 3314 3258 3456 3327; x_wconf 82' lang='lat' dir='ltr'><strong>ipso,</strong></span> 
     </span>
    </p>
   </div>
   <div class='ocr_carea' id='block_1_79' title="bbox 1887 3340 3034 3399">
    <p class='ocr_par' dir='ltr' id='par_1_79' title="bbox 1887 3340 3034 3399">
     <span class='ocr_line' id='line_1_79' title="bbox 1887 3340 3034 3399; baseline 0.006 -7"><span class='ocrx_word' id='word_1_570' title='bbox 1887 3355 1951 3393; x_wconf 89' lang='lat' dir='ltr'><strong>ac</strong></span> <span class='ocrx_word' id='word_1_571' title='bbox 1984 3340 2278 3396; x_wconf 85' lang='lat' dir='ltr'><strong>voluntatis</strong></span> <span class='ocrx_word' id='word_1_572' title='bbox 2316 3343 2678 3398; x_wconf 88' lang='lat' dir='ltr'><strong>consensione</strong></span> <span class='ocrx_word' id='word_1_573' title='bbox 2703 3344 3034 3399; x_wconf 87' lang='lat' dir='ltr'><strong>declaratur.</strong></span> 
     </span>
    </p>
   </div>
   <div class='ocr_carea' id='block_1_80' title="bbox 1958 3434 3460 3509">
    <p class='ocr_par' dir='ltr' id='par_1_80' title="bbox 1958 3434 3460 3509">
     <span class='ocr_line' id='line_1_80' title="bbox 1958 3434 3460 3509; baseline 0.002 -20"><span class='ocrx_word' id='word_1_574' title='bbox 1958 3434 2142 3489; x_wconf 82' lang='lat' dir='ltr'><strong>Schol.</strong></span> <span class='ocrx_word' id='word_1_575' title='bbox 2166 3435 2253 3489; x_wconf 81' lang='lat'><strong>&#39;58.</strong></span> <span class='ocrx_word' id='word_1_576' title='bbox 2286 3434 2597 3490; x_wconf 90' lang='lat' dir='ltr'><strong>Sustulerat</strong></span> <span class='ocrx_word' id='word_1_577' title='bbox 2628 3452 2694 3491; x_wconf 81' lang='lat' dir='ltr'><strong>ex</strong></span> <span class='ocrx_word' id='word_1_578' title='bbox 2728 3437 2820 3491; x_wconf 88' lang='lat' dir='ltr'><strong>illo</strong></span> <span class='ocrx_word' id='word_1_579' title='bbox 2849 3438 2970 3493; x_wconf 91' lang='lat' dir='ltr'><strong>loco</strong></span> <span class='ocrx_word' id='word_1_580' title='bbox 3005 3458 3019 3492; x_wconf 87' lang='lat'><strong>:</strong></span> <span class='ocrx_word' id='word_1_581' title='bbox 3069 3436 3324 3494; x_wconf 81' lang='lat' dir='ltr'><strong>Venerunt</strong></span> <span class='ocrx_word' id='word_1_582' title='bbox 3348 3442 3460 3509; x_wconf 82' lang='lat' dir='ltr'><strong>qui-</strong></span> 
     </span>
    </p>
   </div>
   <div class='ocr_carea' id='block_1_81' title="bbox 1885 3522 3459 3602">
    <p class='ocr_par' dir='ltr' id='par_1_81' title="bbox 1885 3522 3459 3602">
     <span class='ocr_line' id='line_1_81' title="bbox 1885 3522 3459 3602; baseline 0.006 -27"><span class='ocrx_word' id='word_1_583' title='bbox 1885 3522 2010 3577; x_wconf 85' lang='lat' dir='ltr'><strong>dam</strong></span> <span class='ocrx_word' id='word_1_584' title='bbox 2036 3527 2340 3580; x_wconf 78' lang='lat' dir='ltr'><strong>nuntiantes</strong></span> <span class='ocrx_word' id='word_1_585' title='bbox 2380 3526 2481 3595; x_wconf 85' lang='lat' dir='ltr'><strong>ipsi</strong></span> <span class='ocrx_word' id='word_1_586' title='bbox 2503 3526 2567 3579; x_wconf 87' lang='lat' dir='ltr'><strong>de</strong></span> <span class='ocrx_word' id='word_1_587' title='bbox 2599 3525 2861 3593; x_wconf 73' lang='lat' dir='ltr'><strong>Galilwis,</strong></span> <span class='ocrx_word' id='word_1_588' title='bbox 2897 3545 3120 3599; x_wconf 80' lang='lat' dir='ltr'><strong>quorum</strong></span> <span class='ocrx_word' id='word_1_589' title='bbox 3154 3532 3459 3602; x_wconf 80' lang='lat' dir='ltr'><strong>sanguinem</strong></span> 
     </span>
    </p>
   </div>
   <div class='ocr_carea' id='block_1_82' title="bbox 1889 3615 3458 3692">
    <p class='ocr_par' dir='ltr' id='par_1_82' title="bbox 1889 3615 3458 3692">
     <span class='ocr_line' id='line_1_82' title="bbox 1889 3615 3458 3692; baseline 0.006 -24"><span class='ocrx_word' id='word_1_590' title='bbox 1889 3615 2172 3670; x_wconf 84' lang='lat' dir='ltr'><strong>miscuerat</strong></span> <span class='ocrx_word' id='word_1_591' title='bbox 2221 3615 2432 3671; x_wconf 78' lang='lat' dir='ltr'><strong>Pilatus</strong></span> <span class='ocrx_word' id='word_1_592' title='bbox 2474 3633 2593 3670; x_wconf 86' lang='lat' dir='ltr'><strong>cum</strong></span> <span class='ocrx_word' id='word_1_593' title='bbox 2621 3619 2902 3689; x_wconf 79' lang='lat' dir='ltr'><strong>sacriﬁciis</strong></span> <span class='ocrx_word' id='word_1_594' title='bbox 2942 3636 3146 3686; x_wconf 84' lang='lat' dir='ltr'><strong>eorum,</strong></span> <span class='ocrx_word' id='word_1_595' title='bbox 3182 3637 3358 3692; x_wconf 91' lang='lat' dir='ltr'><strong>usque</strong></span> <span class='ocrx_word' id='word_1_596' title='bbox 3391 3625 3458 3677; x_wconf 85' lang='lat' dir='ltr'><strong>ad</strong></span> 
     </span>
    </p>
   </div>
   <div class='ocr_carea' id='block_1_83' title="bbox 1887 3708 3460 3783">
    <p class='ocr_par' dir='ltr' id='par_1_83' title="bbox 1887 3708 3460 3783">
     <span class='ocr_line' id='line_1_83' title="bbox 1887 3708 3460 3783; baseline 0.004 -21"><span class='ocrx_word' id='word_1_597' title='bbox 1887 3722 1974 3771; x_wconf 89' lang='lat' dir='ltr'><strong>ea,</strong></span> <span class='ocrx_word' id='word_1_598' title='bbox 2012 3708 2208 3776; x_wconf 82' lang='lat' dir='ltr'><strong>quibus</strong></span> <span class='ocrx_word' id='word_1_599' title='bbox 2246 3708 2314 3762; x_wconf 88' lang='lat' dir='ltr'><strong>de</strong></span> <span class='ocrx_word' id='word_1_600' title='bbox 2337 3709 2641 3763; x_wconf 90' lang='lat' dir='ltr'><strong>octodecim</strong></span> <span class='ocrx_word' id='word_1_601' title='bbox 2679 3710 2787 3765; x_wconf 90' lang='lat' dir='ltr'><strong>illis</strong></span> <span class='ocrx_word' id='word_1_602' title='bbox 2813 3718 2897 3766; x_wconf 83' lang='lat' dir='ltr'><strong>est</strong></span> <span class='ocrx_word' id='word_1_603' title='bbox 2927 3728 3130 3780; x_wconf 88' lang='lat' dir='ltr'><strong>sermo,</strong></span> <span class='ocrx_word' id='word_1_604' title='bbox 3162 3716 3255 3783; x_wconf 93' lang='lat' dir='ltr'><strong>qui</strong></span> <span class='ocrx_word' id='word_1_605' title='bbox 3285 3716 3339 3768; x_wconf 90' lang='lat' dir='ltr'><strong>in</strong></span> <span class='ocrx_word' id='word_1_606' title='bbox 3374 3715 3460 3770; x_wconf 89' lang='lat' dir='ltr'><strong>Si-</strong></span> 
     </span>
    </p>
   </div>
   <div class='ocr_carea' id='block_1_84' title="bbox 1890 3801 3459 3873">
    <p class='ocr_par' dir='ltr' id='par_1_84' title="bbox 1890 3801 3459 3873">
     <span class='ocr_line' id='line_1_84' title="bbox 1890 3801 3459 3873; baseline 0.005 -21"><span class='ocrx_word' id='word_1_607' title='bbox 1890 3801 2030 3854; x_wconf 90' lang='lat' dir='ltr'><strong>loam</strong></span> <span class='ocrx_word' id='word_1_608' title='bbox 2067 3801 2226 3854; x_wconf 90' lang='lat' dir='ltr'><strong>ruina</strong></span> <span class='ocrx_word' id='word_1_609' title='bbox 2254 3802 2426 3855; x_wconf 88' lang='lat' dir='ltr'><strong>turris</strong></span> <span class='ocrx_word' id='word_1_610' title='bbox 2454 3802 2706 3870; x_wconf 86' lang='lat' dir='ltr'><strong>oppressi</strong></span> <span class='ocrx_word' id='word_1_611' title='bbox 2731 3812 2859 3857; x_wconf 89' lang='lat' dir='ltr'><strong>sunt</strong></span> <span class='ocrx_word' id='word_1_612' title='bbox 2889 3803 2931 3856; x_wconf 72' lang='grc' dir='ltr'><strong>δ.</strong></span> <span class='ocrx_word' id='word_1_613' title='bbox 2956 3802 3087 3859; x_wconf 84' lang='lat' dir='ltr'><strong>Item</strong></span> <span class='ocrx_word' id='word_1_614' title='bbox 3112 3820 3126 3856; x_wconf 89' lang='lat'><strong>:</strong></span> <span class='ocrx_word' id='word_1_615' title='bbox 3158 3804 3284 3859; x_wconf 82' lang='lat' dir='ltr'><strong>Nisi</strong></span> <span class='ocrx_word' id='word_1_616' title='bbox 3303 3809 3459 3873; x_wconf 63' lang='lat' dir='ltr'><strong>paeni-</strong></span> 
     </span>
    </p>
   </div>
   <div class='ocr_carea' id='block_1_85' title="bbox 1892 3891 3461 3965">
    <p class='ocr_par' dir='ltr' id='par_1_85' title="bbox 1892 3891 3461 3965">
     <span class='ocr_line' id='line_1_85' title="bbox 1892 3891 3461 3965; baseline 0.005 -22"><span class='ocrx_word' id='word_1_617' title='bbox 1892 3893 2110 3945; x_wconf 85' lang='lat' dir='ltr'><strong>tentiam</strong></span> <span class='ocrx_word' id='word_1_618' title='bbox 2134 3892 2362 3960; x_wconf 79' lang='lat' dir='ltr'><strong>egeritis,</strong></span> <span class='ocrx_word' id='word_1_619' title='bbox 2392 3906 2567 3961; x_wconf 89' lang='lat' dir='ltr'><strong>usque</strong></span> <span class='ocrx_word' id='word_1_620' title='bbox 2607 3891 2675 3946; x_wconf 90' lang='lat' dir='ltr'><strong>ad</strong></span> <span class='ocrx_word' id='word_1_621' title='bbox 2712 3892 3026 3962; x_wconf 88' lang='lat' dir='ltr'><strong>parabolam</strong></span> <span class='ocrx_word' id='word_1_622' title='bbox 3071 3893 3229 3959; x_wconf 80' lang='lat' dir='ltr'><strong>licus,</strong></span> <span class='ocrx_word' id='word_1_623' title='bbox 3265 3896 3332 3950; x_wconf 90' lang='lat' dir='ltr'><strong>de</strong></span> <span class='ocrx_word' id='word_1_624' title='bbox 3353 3913 3461 3965; x_wconf 90' lang='lat' dir='ltr'><strong>qua</strong></span> 
     </span>
    </p>
   </div>
   <div class='ocr_carea' id='block_1_86' title="bbox 1889 3981 3459 4055">
    <p class='ocr_par' dir='ltr' id='par_1_86' title="bbox 1889 3981 3459 4055">
     <span class='ocr_line' id='line_1_86' title="bbox 1889 3981 3459 4055; baseline 0.003 -18"><span class='ocrx_word' id='word_1_625' title='bbox 1889 3983 2028 4037; x_wconf 87' lang='lat' dir='ltr'><strong>dixit</strong></span> <span class='ocrx_word' id='word_1_626' title='bbox 2057 3983 2295 4053; x_wconf 84' lang='lat' dir='ltr'><strong>agricola</strong></span> <span class='ocrx_word' id='word_1_627' title='bbox 2319 4000 2331 4036; x_wconf 90' lang='lat'><strong>:</strong></span> <span class='ocrx_word' id='word_1_628' title='bbox 2357 3981 2606 4051; x_wconf 82' lang='lat' dir='ltr'><strong>Fodiam,</strong></span> <span class='ocrx_word' id='word_1_629' title='bbox 2632 3991 2683 4038; x_wconf 85' lang='lat' dir='ltr'><strong>et</strong></span> <span class='ocrx_word' id='word_1_630' title='bbox 2704 3984 2914 4038; x_wconf 85' lang='lat' dir='ltr'><strong>mittam</strong></span> <span class='ocrx_word' id='word_1_631' title='bbox 2935 3992 3188 4055; x_wconf 80' lang='lat' dir='ltr'><strong>stercora,</strong></span> <span class='ocrx_word' id='word_1_632' title='bbox 3210 3995 3259 4040; x_wconf 83' lang='lat' dir='ltr'><strong>et</strong></span> <span class='ocrx_word' id='word_1_633' title='bbox 3289 3988 3336 4040; x_wconf 86' lang='lat' dir='ltr'><strong>si</strong></span> <span class='ocrx_word' id='word_1_634' title='bbox 3358 4004 3459 4042; x_wconf 87' lang='lat' dir='ltr'><strong>non</strong></span> 
     </span>
    </p>
   </div>
   <div class='ocr_carea' id='block_1_87' title="bbox 1889 4073 2371 4145">
    <p class='ocr_par' dir='ltr' id='par_1_87' title="bbox 1889 4073 2371 4145">
     <span class='ocr_line' id='line_1_87' title="bbox 1889 4073 2371 4145; baseline 0 -16"><span class='ocrx_word' id='word_1_635' title='bbox 1889 4075 2091 4145; x_wconf 84' lang='lat' dir='ltr'><strong>fecerit,</strong></span> <span class='ocrx_word' id='word_1_636' title='bbox 2123 4073 2300 4130; x_wconf 70' lang='lat' dir='ltr'><strong>excide</strong></span> <span class='ocrx_word' id='word_1_637' title='bbox 2330 4076 2371 4129; x_wconf 83' lang='lat'><strong>&#39;.</strong></span> 
     </span>
    </p>
   </div>
   <div class='ocr_carea' id='block_1_88' title="bbox 1961 4166 3460 4239">
    <p class='ocr_par' dir='ltr' id='par_1_88' title="bbox 1961 4166 3460 4239">
     <span class='ocr_line' id='line_1_88' title="bbox 1961 4166 3460 4239; baseline 0 -19"><span class='ocrx_word' id='word_1_638' title='bbox 1961 4166 2142 4223; x_wconf 78' lang='lat' dir='ltr'><strong>Refnt.</strong></span> <span class='ocrx_word' id='word_1_639' title='bbox 2170 4168 2261 4224; x_wconf 79' lang='grc'><strong>58.</strong></span> <span class='ocrx_word' id='word_1_640' title='bbox 2302 4166 2429 4224; x_wconf 76' lang='lat' dir='ltr'><strong>Haec</strong></span> <span class='ocrx_word' id='word_1_641' title='bbox 2473 4170 2596 4225; x_wconf 93' lang='lat' dir='ltr'><strong>ideo</strong></span> <span class='ocrx_word' id='word_1_642' title='bbox 2618 4169 2861 4225; x_wconf 82' lang='lat' dir='ltr'><strong>nefarius</strong></span> <span class='ocrx_word' id='word_1_643' title='bbox 2885 4167 3068 4239; x_wconf 69' lang='lat' dir='ltr'><strong>praedo</strong></span> <span class='ocrx_word' id='word_1_644' title='bbox 3098 4168 3368 4224; x_wconf 80' lang='lat' dir='ltr'><strong>subtraxit</strong></span> <span class='ocrx_word' id='word_1_645' title='bbox 3397 4185 3460 4220; x_wconf 82' lang='lat' dir='ltr'><strong>ac</strong></span> 
     </span>
    </p>
   </div>
   <div class='ocr_carea' id='block_1_89' title="bbox 1891 4257 3460 4329">
    <p class='ocr_par' dir='ltr' id='par_1_89' title="bbox 1891 4257 3460 4329">
     <span class='ocr_line' id='line_1_89' title="bbox 1891 4257 3460 4329; baseline -0.001 -16"><span class='ocrx_word' id='word_1_646' title='bbox 1891 4258 2240 4329; x_wconf 84' lang='lat' dir='ltr'><strong>semetipsum</strong></span> <span class='ocrx_word' id='word_1_647' title='bbox 2262 4260 2487 4315; x_wconf 81' lang='lat' dir='ltr'><strong>veritate</strong></span> <span class='ocrx_word' id='word_1_648' title='bbox 2518 4258 2808 4324; x_wconf 81' lang='lat' dir='ltr'><strong>fraudavit,</strong></span> <span class='ocrx_word' id='word_1_649' title='bbox 2832 4260 2977 4329; x_wconf 91' lang='lat' dir='ltr'><strong>quod</strong></span> <span class='ocrx_word' id='word_1_650' title='bbox 3003 4257 3262 4314; x_wconf 87' lang='lat' dir='ltr'><strong>Dominus</strong></span> <span class='ocrx_word' id='word_1_651' title='bbox 3299 4257 3460 4312; x_wconf 87' lang='lat' dir='ltr'><strong>Pilati</strong></span> 
     </span>
    </p>
   </div>
   <div class='ocr_carea' id='block_1_90' title="bbox 194 4349 1780 4424">
    <p class='ocr_par' dir='ltr' id='par_1_90' title="bbox 194 4350 1780 4424">
     <span class='ocr_line' id='line_1_90' title="bbox 194 4350 1780 4424; baseline 0.001 -22"><span class='ocrx_word' id='word_1_652' title='bbox 194 4351 282 4406; x_wconf 78' lang='grc' dir='ltr'><strong>διὰ</strong></span> <span class='ocrx_word' id='word_1_653' title='bbox 312 4353 378 4405; x_wconf 72' lang='grc' dir='ltr'><strong>τὸ</strong></span> <span class='ocrx_word' id='word_1_654' title='bbox 418 4353 518 4405; x_wconf 79' lang='grc' dir='ltr'><strong>τὸν</strong></span> <span class='ocrx_word' id='word_1_655' title='bbox 553 4352 756 4424; x_wconf 82' lang='grc' dir='ltr'>Κύριον</span> <span class='ocrx_word' id='word_1_656' title='bbox 792 4351 1289 4422; x_wconf 73' lang='grc' dir='ltr'>συμπεφωνηκέναι</span> <span class='ocrx_word' id='word_1_657' title='bbox 1320 4351 1398 4422; x_wconf 79' lang='grc' dir='ltr'>τῷ</span> <span class='ocrx_word' id='word_1_658' title='bbox 1428 4350 1606 4414; x_wconf 84' lang='grc' dir='ltr'>καλῶς</span> <span class='ocrx_word' id='word_1_659' title='bbox 1637 4350 1780 4404; x_wconf 56' lang='lat' dir='ltr'><strong>suae</strong></span> 
     </span>
    </p>
   </div>
   <div class='ocr_carea' id='block_1_91' title="bbox 1897 4349 3458 4424">
    <p class='ocr_par' dir='ltr' id='par_1_91' title="bbox 1897 4349 3458 4420">
     <span class='ocr_line' id='line_1_91' title="bbox 1897 4349 3458 4420; baseline -0.003 -14"><span class='ocrx_word' id='word_1_660' title='bbox 1897 4351 2220 4406; x_wconf 87' lang='lat' dir='ltr'><strong>sententiam</strong></span> <span class='ocrx_word' id='word_1_661' title='bbox 2272 4365 2378 4420; x_wconf 85' lang='lat' dir='ltr'><strong>qua</strong></span> <span class='ocrx_word' id='word_1_662' title='bbox 2427 4350 2676 4405; x_wconf 87' lang='lat' dir='ltr'><strong>homines</strong></span> <span class='ocrx_word' id='word_1_663' title='bbox 2728 4351 2864 4405; x_wconf 90' lang='lat' dir='ltr'><strong>istos</strong></span> <span class='ocrx_word' id='word_1_664' title='bbox 2917 4350 3041 4420; x_wconf 88' lang='lat' dir='ltr'><strong>jure</strong></span> <span class='ocrx_word' id='word_1_665' title='bbox 3083 4349 3458 4411; x_wconf 82' lang='lat' dir='ltr'><strong>damnaverat,</strong></span> 
     </span>
    </p>
   </div>
   <div class='ocr_carea' id='block_1_92' title="bbox 196 4438 1780 4514">
    <p class='ocr_par' dir='ltr' id='par_1_92' title="bbox 196 4440 1780 4514">
     <span class='ocr_line' id='line_1_92' title="bbox 196 4440 1780 4514; baseline 0.001 -21"><span class='ocrx_word' id='word_1_666' title='bbox 196 4458 351 4496; x_wconf 81' lang='grc' dir='ltr'>σαντι</span> <span class='ocrx_word' id='word_1_667' title='bbox 373 4445 514 4507; x_wconf 81' lang='grc' dir='ltr'>τοὺς</span> <span class='ocrx_word' id='word_1_668' title='bbox 541 4443 817 4507; x_wconf 87' lang='grc' dir='ltr'>τοιούτους</span> <span class='ocrx_word' id='word_1_669' title='bbox 841 4443 1080 4514; x_wconf 84' lang='grc' dir='ltr'>Πιλάτῳ·</span> <span class='ocrx_word' id='word_1_670' title='bbox 1105 4443 1200 4497; x_wconf 69' lang='grc' dir='ltr'><strong>καὶ</strong></span> <span class='ocrx_word' id='word_1_671' title='bbox 1224 4443 1305 4496; x_wconf 85' lang='grc' dir='ltr'><strong>ὅτι</strong></span> <span class='ocrx_word' id='word_1_672' title='bbox 1334 4440 1514 4505; x_wconf 80' lang='grc' dir='ltr'>καλῶς</span> <span class='ocrx_word' id='word_1_673' title='bbox 1543 4444 1592 4495; x_wconf 85' lang='grc' dir='ltr'><strong>οί</strong></span> <span class='ocrx_word' id='word_1_674' title='bbox 1629 4443 1687 4494; x_wconf 79' lang='grc' dir='ltr'>ἐν</span> <span class='ocrx_word' id='word_1_675' title='bbox 1716 4441 1780 4512; x_wconf 72' lang='grc' dir='ltr'>τᾷ</span> 
     </span>
    </p>
   </div>
   <div class='ocr_carea' id='block_1_93' title="bbox 1897 4438 3456 4514">
    <p class='ocr_par' dir='ltr' id='par_1_93' title="bbox 1897 4438 3456 4513">
     <span class='ocr_line' id='line_1_93' title="bbox 1897 4438 3456 4513; baseline -0.002 -17"><span class='ocrx_word' id='word_1_676' title='bbox 1897 4443 2237 4513; x_wconf 87' lang='lat' dir='ltr'><strong>approbarit;</strong></span> <span class='ocrx_word' id='word_1_677' title='bbox 2267 4442 2520 4512; x_wconf 86' lang='lat' dir='ltr'><strong>quodque</strong></span> <span class='ocrx_word' id='word_1_678' title='bbox 2553 4442 2707 4497; x_wconf 90' lang='lat' dir='ltr'><strong>alteri</strong></span> <span class='ocrx_word' id='word_1_679' title='bbox 2738 4442 2836 4505; x_wconf 79' lang='lat' dir='ltr'><strong>illi,</strong></span> <span class='ocrx_word' id='word_1_680' title='bbox 2861 4442 2952 4512; x_wconf 92' lang='lat' dir='ltr'><strong>qui</strong></span> <span class='ocrx_word' id='word_1_681' title='bbox 3008 4440 3064 4496; x_wconf 91' lang='lat' dir='ltr'><strong>in</strong></span> <span class='ocrx_word' id='word_1_682' title='bbox 3097 4438 3302 4495; x_wconf 88' lang='lat' dir='ltr'><strong>Siloam</strong></span> <span class='ocrx_word' id='word_1_683' title='bbox 3338 4457 3456 4510; x_wconf 58' lang='grc' dir='ltr'>ρει-ο</span> 
     </span>
    </p>
   </div>
   <div class='ocr_carea' id='block_1_94' title="bbox 190 4530 1780 4605">
    <p class='ocr_par' dir='ltr' id='par_1_94' title="bbox 190 4532 1780 4605">
     <span class='ocr_line' id='line_1_94' title="bbox 190 4532 1780 4605; baseline 0.001 -22"><span class='ocrx_word' id='word_1_684' title='bbox 190 4532 426 4604; x_wconf 78' lang='grc' dir='ltr'>Σιλωὰμ</span> <span class='ocrx_word' id='word_1_685' title='bbox 473 4533 755 4587; x_wconf 77' lang='grc' dir='ltr'>ἀπέθανον</span> <span class='ocrx_word' id='word_1_686' title='bbox 801 4533 1117 4605; x_wconf 79' lang='grc' dir='ltr'>ἁμαρτωλοὶ</span> <span class='ocrx_word' id='word_1_687' title='bbox 1161 4532 1332 4597; x_wconf 77' lang='grc' dir='ltr'>ὄντες,</span> <span class='ocrx_word' id='word_1_688' title='bbox 1373 4532 1468 4586; x_wconf 76' lang='grc' dir='ltr'>καὶ</span> <span class='ocrx_word' id='word_1_689' title='bbox 1510 4533 1613 4586; x_wconf 76' lang='grc' dir='ltr'><strong>ὑπὸ</strong></span> <span class='ocrx_word' id='word_1_690' title='bbox 1657 4532 1780 4587; x_wconf 69' lang='grc' dir='ltr'>Θεοί</span> 
     </span>
    </p>
   </div>
   <div class='ocr_carea' id='block_1_95' title="bbox 1897 4530 3462 4605">
    <p class='ocr_par' dir='ltr' id='par_1_95' title="bbox 1897 4530 3462 4601">
     <span class='ocr_line' id='line_1_95' title="bbox 1897 4530 3462 4601; baseline -0.002 -15"><span class='ocrx_word' id='word_1_691' title='bbox 1897 4533 2088 4599; x_wconf 87' lang='lat' dir='ltr'><strong>ierant,</strong></span> <span class='ocrx_word' id='word_1_692' title='bbox 2124 4533 2316 4587; x_wconf 88' lang='lat' dir='ltr'><strong>merito</strong></span> <span class='ocrx_word' id='word_1_693' title='bbox 2347 4547 2441 4587; x_wconf 89' lang='lat' dir='ltr'><strong>eas</strong></span> <span class='ocrx_word' id='word_1_694' title='bbox 2475 4546 2665 4601; x_wconf 68' lang='lat' dir='ltr'><strong>pinnas</strong></span> <span class='ocrx_word' id='word_1_695' title='bbox 2688 4530 3242 4596; x_wconf 63' lang='lat' dir='ltr'><strong>dedisse-videantur,</strong></span> <span class='ocrx_word' id='word_1_696' title='bbox 3272 4539 3462 4600; x_wconf 88' lang='lat' dir='ltr'><strong>utpote</strong></span> 
     </span>
    </p>
   </div>
   <div class='ocr_carea' id='block_1_96' title="bbox 190 4621 1780 4698">
    <p class='ocr_par' dir='ltr' id='par_1_96' title="bbox 190 4623 1780 4698">
     <span class='ocr_line' id='line_1_96' title="bbox 190 4623 1780 4698; baseline 0.001 -23"><span class='ocrx_word' id='word_1_697' title='bbox 190 4623 366 4688; x_wconf 68' lang='grc' dir='ltr'>οὕτως</span> <span class='ocrx_word' id='word_1_698' title='bbox 403 4625 838 4698; x_wconf 74' lang='grc' dir='ltr'>τιμωρηθέντες.</span> <span class='ocrx_word' id='word_1_699' title='bbox 886 4626 1052 4679; x_wconf 85' lang='grc' dir='ltr'>Ὅταν</span> <span class='ocrx_word' id='word_1_700' title='bbox 1084 4625 1141 4678; x_wconf 88' lang='grc' dir='ltr'>δὲ</span> <span class='ocrx_word' id='word_1_701' title='bbox 1188 4624 1619 4695; x_wconf 70' lang='grc' dir='ltr'>ρᾳδιουργήσωσί</span> <span class='ocrx_word' id='word_1_702' title='bbox 1649 4641 1780 4687; x_wconf 87' lang='grc' dir='ltr'>τινες</span> 
     </span>
    </p>
   </div>
   <div class='ocr_carea' id='block_1_97' title="bbox 1897 4621 3461 4698">
    <p class='ocr_par' dir='ltr' id='par_1_97' title="bbox 1897 4621 3461 4694">
     <span class='ocr_line' id='line_1_97' title="bbox 1897 4621 3461 4694; baseline -0.002 -15"><span class='ocrx_word' id='word_1_703' title='bbox 1897 4632 2234 4694; x_wconf 85' lang='lat' dir='ltr'><strong>peccatores.</strong></span> <span class='ocrx_word' id='word_1_704' title='bbox 2274 4631 2328 4679; x_wconf 91' lang='lat' dir='ltr'><strong>et</strong></span> <span class='ocrx_word' id='word_1_705' title='bbox 2367 4622 2633 4693; x_wconf 82' lang='lat' dir='ltr'><strong>ejusmodi</strong></span> <span class='ocrx_word' id='word_1_706' title='bbox 2679 4640 2707 4675; x_wconf 88' lang='lat' dir='ltr'><strong>a</strong></span> <span class='ocrx_word' id='word_1_707' title='bbox 2765 4621 2874 4676; x_wconf 83' lang='lat' dir='ltr'><strong>Deo</strong></span> <span class='ocrx_word' id='word_1_708' title='bbox 2931 4621 3217 4693; x_wconf 88' lang='lat' dir='ltr'><strong>suppliciis</strong></span> <span class='ocrx_word' id='word_1_709' title='bbox 3259 4623 3461 4677; x_wconf 69' lang='lat' dir='ltr'><strong>allecti.</strong></span> 
     </span>
    </p>
   </div>
   <div class='ocr_carea' id='block_1_98' title="bbox 190 4713 1788 4788">
    <p class='ocr_par' dir='ltr' id='par_1_98' title="bbox 190 4713 1788 4788">
     <span class='ocr_line' id='line_1_98' title="bbox 190 4713 1788 4788; baseline 0.001 -21"><span class='ocrx_word' id='word_1_710' title='bbox 190 4713 459 4784; x_wconf 82' lang='grc' dir='ltr'>βασιλικὰ</span> <span class='ocrx_word' id='word_1_711' title='bbox 506 4719 928 4788; x_wconf 85' lang='grc' dir='ltr'>προστάγματα,</span> <span class='ocrx_word' id='word_1_712' title='bbox 974 4716 1081 4768; x_wconf 78' lang='grc' dir='ltr'><strong>ἀπὸ</strong></span> <span class='ocrx_word' id='word_1_713' title='bbox 1120 4715 1227 4769; x_wconf 83' lang='grc' dir='ltr'><strong>τῶν</strong></span> <span class='ocrx_word' id='word_1_714' title='bbox 1270 4716 1510 4788; x_wconf 83' lang='grc' dir='ltr'>ἀρχαίων</span> <span class='ocrx_word' id='word_1_715' title='bbox 1544 4715 1610 4769; x_wconf 80' lang='grc' dir='ltr'><strong>τά</strong></span> <span class='ocrx_word' id='word_1_716' title='bbox 1640 4717 1788 4769; x_wconf 85' lang='grc' dir='ltr'>ἀντί-</span> 
     </span>
    </p>
   </div>
   <div class='ocr_carea' id='block_1_99' title="bbox 188 4806 1791 4880">
    <p class='ocr_par' dir='ltr' id='par_1_99' title="bbox 188 4806 1791 4880">
     <span class='ocr_line' id='line_1_99' title="bbox 188 4806 1791 4880; baseline 0.001 -22"><span class='ocrx_word' id='word_1_717' title='bbox 188 4821 387 4877; x_wconf 70' lang='grc' dir='ltr'>γραφα</span> <span class='ocrx_word' id='word_1_718' title='bbox 411 4807 536 4879; x_wconf 69' lang='grc'><strong>(74)</strong></span> <span class='ocrx_word' id='word_1_719' title='bbox 565 4809 950 4880; x_wconf 78' lang='grc' dir='ltr'>προφερόμενα</span> <span class='ocrx_word' id='word_1_720' title='bbox 981 4806 1401 4878; x_wconf 81' lang='grc' dir='ltr'>ὴσφαλισμένως</span> <span class='ocrx_word' id='word_1_721' title='bbox 1423 4807 1613 4878; x_wconf 76' lang='grc' dir='ltr'>ἔχοντα</span> <span class='ocrx_word' id='word_1_722' title='bbox 1640 4807 1791 4877; x_wconf 82' lang='grc' dir='ltr'><strong>ὲλέγ-</strong></span> 
     </span>
    </p>
   </div>
   <div class='ocr_carea' id='block_1_100' title="bbox 1895 4702 3464 4784">
    <p class='ocr_par' dir='ltr' id='par_1_100' title="bbox 1895 4702 3464 4784">
     <span class='ocr_line' id='line_1_100' title="bbox 1895 4702 3464 4784; baseline -0.001 -16"><span class='ocrx_word' id='word_1_723' title='bbox 1895 4714 2000 4770; x_wconf 86' lang='lat' dir='ltr'><strong>Sed</strong></span> <span class='ocrx_word' id='word_1_724' title='bbox 2039 4724 2099 4770; x_wconf 81' lang='lat' dir='ltr'><strong>ut</strong></span> <span class='ocrx_word' id='word_1_725' title='bbox 2141 4714 2488 4784; x_wconf 88' lang='lat' dir='ltr'><strong>imperatoris</strong></span> <span class='ocrx_word' id='word_1_726' title='bbox 2544 4713 2722 4768; x_wconf 83' lang='lat' dir='ltr'><strong>edicta</strong></span> <span class='ocrx_word' id='word_1_727' title='bbox 2761 4713 2806 4768; x_wconf 90' lang='lat' dir='ltr'><strong>si</strong></span> <span class='ocrx_word' id='word_1_728' title='bbox 2848 4714 2943 4778; x_wconf 87' lang='lat' dir='ltr'><strong>qui</strong></span> <span class='ocrx_word' id='word_1_729' title='bbox 2986 4702 3337 4782; x_wconf 71' lang='lat' dir='ltr'><strong>corrumpere</strong></span> <span class='ocrx_word' id='word_1_730' title='bbox 3396 4728 3464 4767; x_wconf 85' lang='lat' dir='ltr'><strong>ac</strong></span> 
     </span>
    </p>
   </div>
   <div class='ocr_carea' id='block_1_101' title="bbox 1892 4804 3461 4877">
    <p class='ocr_par' dir='ltr' id='par_1_101' title="bbox 1892 4804 3461 4877">
     <span class='ocr_line' id='line_1_101' title="bbox 1892 4804 3461 4877; baseline -0.001 -17"><span class='ocrx_word' id='word_1_731' title='bbox 1892 4808 2192 4877; x_wconf 84' lang='lat' dir='ltr'><strong>depravare</strong></span> <span class='ocrx_word' id='word_1_732' title='bbox 2225 4817 2513 4869; x_wconf 80' lang='lat' dir='ltr'><strong>conentur,</strong></span> <span class='ocrx_word' id='word_1_733' title='bbox 2541 4805 2750 4875; x_wconf 86' lang='lat' dir='ltr'><strong>prolata</strong></span> <span class='ocrx_word' id='word_1_734' title='bbox 2784 4820 2849 4860; x_wconf 79' lang='lat' dir='ltr'><strong>ex</strong></span> <span class='ocrx_word' id='word_1_735' title='bbox 2883 4804 3120 4861; x_wconf 85' lang='lat' dir='ltr'><strong>arebivis</strong></span> <span class='ocrx_word' id='word_1_736' title='bbox 3149 4804 3461 4861; x_wconf 80' lang='lat' dir='ltr'><strong>ﬁdelissima</strong></span> 
     </span>
    </p>
   </div>
   <div class='ocr_carea' id='block_1_102' title="bbox 188 4894 1780 4970">
    <p class='ocr_par' dir='ltr' id='par_1_102' title="bbox 188 4898 1780 4970">
     <span class='ocr_line' id='line_1_102' title="bbox 188 4898 1780 4970; baseline 0.002 -20"><span class='ocrx_word' id='word_1_737' title='bbox 188 4916 273 4968; x_wconf 78' lang='grc' dir='ltr'>χει</span> <span class='ocrx_word' id='word_1_738' title='bbox 305 4899 443 4963; x_wconf 82' lang='grc' dir='ltr'>τοὺς</span> <span class='ocrx_word' id='word_1_739' title='bbox 477 4899 746 4970; x_wconf 75' lang='grc' dir='ltr'>ἄφρονας.</span> <span class='ocrx_word' id='word_1_740' title='bbox 781 4901 964 4966; x_wconf 75' lang='grc' dir='ltr'>Οὕτως</span> <span class='ocrx_word' id='word_1_741' title='bbox 1000 4901 1095 4954; x_wconf 74' lang='grc' dir='ltr'><strong>καὶ</strong></span> <span class='ocrx_word' id='word_1_742' title='bbox 1124 4900 1231 4953; x_wconf 82' lang='grc' dir='ltr'><strong>ἀπὸ</strong></span> <span class='ocrx_word' id='word_1_743' title='bbox 1269 4898 1362 4952; x_wconf 80' lang='grc' dir='ltr'>τοῦ</span> <span class='ocrx_word' id='word_1_744' title='bbox 1393 4898 1670 4968; x_wconf 82' lang='grc' dir='ltr'>βασιλικοῦ</span> <span class='ocrx_word' id='word_1_745' title='bbox 1709 4901 1780 4953; x_wconf 84' lang='grc' dir='ltr'><strong>οἴ-</strong></span> 
     </span>
    </p>
   </div>
   <div class='ocr_carea' id='block_1_103' title="bbox 1897 4894 3460 4970">
    <p class='ocr_par' dir='ltr' id='par_1_103' title="bbox 1897 4894 3460 4967">
     <span class='ocr_line' id='line_1_103' title="bbox 1897 4894 3460 4967; baseline -0.001 -16"><span class='ocrx_word' id='word_1_746' title='bbox 1897 4897 2223 4967; x_wconf 78' lang='lat' dir='ltr'><strong>excmplaria</strong></span> <span class='ocrx_word' id='word_1_747' title='bbox 2246 4897 2468 4952; x_wconf 84' lang='lat' dir='ltr'><strong>insanos</strong></span> <span class='ocrx_word' id='word_1_748' title='bbox 2499 4896 2620 4948; x_wconf 89' lang='lat' dir='ltr'><strong>illos</strong></span> <span class='ocrx_word' id='word_1_749' title='bbox 2650 4894 2979 4961; x_wconf 76' lang='lat' dir='ltr'><strong>redarguunt</strong></span> <span class='ocrx_word' id='word_1_750' title='bbox 3008 4914 3020 4947; x_wconf 89' lang='lat'>:</span> <span class='ocrx_word' id='word_1_751' title='bbox 3054 4894 3135 4948; x_wconf 92' lang='lat' dir='ltr'><strong>sic</strong></span> <span class='ocrx_word' id='word_1_752' title='bbox 3176 4910 3206 4948; x_wconf 92' lang='lat' dir='ltr'><strong>e</strong></span> <span class='ocrx_word' id='word_1_753' title='bbox 3235 4895 3460 4963; x_wconf 82' lang='lat' dir='ltr'><strong>palatio,</strong></span> 
     </span>
    </p>
   </div>
   <div class='ocr_carea' id='block_1_104' title="bbox 189 4988 1792 5060">
    <p class='ocr_par' dir='ltr' id='par_1_104' title="bbox 189 4988 1792 5060">
     <span class='ocr_line' id='line_1_104' title="bbox 189 4988 1792 5060; baseline 0.002 -22"><span class='ocrx_word' id='word_1_754' title='bbox 189 5004 310 5047; x_wconf 84' lang='grc' dir='ltr'>κου,</span> <span class='ocrx_word' id='word_1_755' title='bbox 351 4989 622 5043; x_wconf 81' lang='grc' dir='ltr'>τουτέστι</span> <span class='ocrx_word' id='word_1_756' title='bbox 659 4990 759 5059; x_wconf 81' lang='grc' dir='ltr'>τῆς</span> <span class='ocrx_word' id='word_1_757' title='bbox 796 4991 957 5060; x_wconf 81' lang='grc' dir='ltr'>ἁγίας</span> <span class='ocrx_word' id='word_1_758' title='bbox 984 4990 1076 5042; x_wconf 81' lang='grc' dir='ltr'>τοῦ</span> <span class='ocrx_word' id='word_1_759' title='bbox 1109 4988 1244 5042; x_wconf 79' lang='grc' dir='ltr'>Θεοῦ</span> <span class='ocrx_word' id='word_1_760' title='bbox 1283 4988 1629 5059; x_wconf 82' lang='grc' dir='ltr'>Ἐκκλησίας,</span> <span class='ocrx_word' id='word_1_761' title='bbox 1658 5007 1792 5059; x_wconf 73' lang='grc' dir='ltr'>τρο-</span> 
     </span>
    </p>
   </div>
   <div class='ocr_carea' id='block_1_105' title="bbox 1896 4981 3461 5053">
    <p class='ocr_par' dir='ltr' id='par_1_105' title="bbox 1896 4981 3461 5053">
     <span class='ocr_line' id='line_1_105' title="bbox 1896 4981 3461 5053; baseline 0.001 -16"><span class='ocrx_word' id='word_1_762' title='bbox 1896 4985 1998 5039; x_wconf 91' lang='lat' dir='ltr'><strong>hoc</strong></span> <span class='ocrx_word' id='word_1_763' title='bbox 2037 4984 2400 5040; x_wconf 49' lang='lat' dir='ltr'><strong>est’Eeclesia</strong></span> <span class='ocrx_word' id='word_1_764' title='bbox 2446 4991 2655 5048; x_wconf 87' lang='lat' dir='ltr'><strong>saneta,</strong></span> <span class='ocrx_word' id='word_1_765' title='bbox 2695 4981 3075 5051; x_wconf 87' lang='lat' dir='ltr'><strong>depromptum</strong></span> <span class='ocrx_word' id='word_1_766' title='bbox 3111 4982 3461 5053; x_wconf 79' lang='lat' dir='ltr'><strong>Evangeliutn</strong></span> 
     </span>
    </p>
   </div>
   <div class='ocr_carea' id='block_1_106' title="bbox 185 5073 1780 5148">
    <p class='ocr_par' dir='ltr' id='par_1_106' title="bbox 185 5077 1780 5148">
     <span class='ocr_line' id='line_1_106' title="bbox 185 5077 1780 5148; baseline 0.001 -21"><span class='ocrx_word' id='word_1_767' title='bbox 185 5077 508 5147; x_wconf 68' lang='grc' dir='ltr'>φερόμενον</span> <span class='ocrx_word' id='word_1_768' title='bbox 534 5077 601 5130; x_wconf 77' lang='grc' dir='ltr'>τὸ</span> <span class='ocrx_word' id='word_1_769' title='bbox 624 5078 948 5148; x_wconf 77' lang='grc' dir='ltr'>Εὑαγγέλιον</span> <span class='ocrx_word' id='word_1_770' title='bbox 977 5078 1187 5148; x_wconf 78' lang='grc' dir='ltr'>ἐλέγχει</span> <span class='ocrx_word' id='word_1_771' title='bbox 1213 5077 1338 5139; x_wconf 76' lang='grc' dir='ltr'>τοὺς</span> <span class='ocrx_word' id='word_1_772' title='bbox 1363 5077 1665 5145; x_wconf 73' lang='grc' dir='ltr'>άφανιστάς</span> <span class='ocrx_word' id='word_1_773' title='bbox 1681 5077 1780 5130; x_wconf 68' lang='grc' dir='ltr'>τῶν</span> 
     </span>
    </p>
   </div>
   <div class='ocr_carea' id='block_1_107' title="bbox 1897 5073 3460 5148">
    <p class='ocr_par' dir='ltr' id='par_1_107' title="bbox 1897 5073 3460 5146">
     <span class='ocr_line' id='line_1_107' title="bbox 1897 5073 3460 5146; baseline 0.001 -17"><span class='ocrx_word' id='word_1_774' title='bbox 1897 5076 2256 5146; x_wconf 76' lang='lat' dir='ltr'><strong>egregiarum,</strong></span> <span class='ocrx_word' id='word_1_775' title='bbox 2284 5086 2342 5129; x_wconf 90' lang='lat' dir='ltr'><strong>ut</strong></span> <span class='ocrx_word' id='word_1_776' title='bbox 2373 5077 2447 5130; x_wconf 86' lang='lat' dir='ltr'><strong>ita</strong></span> <span class='ocrx_word' id='word_1_777' title='bbox 2475 5076 2654 5131; x_wconf 86' lang='lat' dir='ltr'><strong>dicam</strong></span> <span class='ocrx_word' id='word_1_778' title='bbox 2709 5073 2943 5128; x_wconf 85' lang='lat' dir='ltr'><strong>vestium</strong></span> <span class='ocrx_word' id='word_1_779' title='bbox 2964 5087 3246 5129; x_wconf 86' lang='lat' dir='ltr'><strong>arrosores</strong></span> <span class='ocrx_word' id='word_1_780' title='bbox 3277 5090 3460 5131; x_wconf 81' lang='lat' dir='ltr'><strong>mures</strong></span> 
     </span>
    </p>
   </div>
   <div class='ocr_carea' id='block_1_108' title="bbox 180 5167 911 5240">
    <p class='ocr_par' dir='ltr' id='par_1_108' title="bbox 180 5167 911 5240">
     <span class='ocr_line' id='line_1_108' title="bbox 180 5167 911 5240; baseline 0.007 -21"><span class='ocrx_word' id='word_1_781' title='bbox 180 5167 374 5221; x_wconf 80' lang='grc' dir='ltr'>καλῶν</span> <span class='ocrx_word' id='word_1_782' title='bbox 409 5169 740 5238; x_wconf 71' lang='grc' dir='ltr'>ἐνδυμάτων</span> <span class='ocrx_word' id='word_1_783' title='bbox 770 5170 911 5240; x_wconf 86' lang='grc' dir='ltr'>μῦας</span> 
     </span>
    </p>
   </div>
   <div class='ocr_carea' id='block_1_109' title="bbox 258 5308 729 5387">
    <p class='ocr_par' dir='ltr' id='par_1_109' title="bbox 258 5308 729 5387">
     <span class='ocr_line' id='line_1_109' title="bbox 258 5308 729 5387; baseline 0.002 -10"><span class='ocrx_word' id='word_1_784' title='bbox 258 5308 453 5378; x_wconf 57' lang='lat' dir='ltr'><strong>‘Litc.</strong></span> <span class='ocrx_word' id='word_1_785' title='bbox 504 5340 614 5387; x_wconf 76' lang='lat' dir='ltr'><strong>xu,</strong></span> <span class='ocrx_word' id='word_1_786' title='bbox 643 5322 729 5378; x_wconf 73' lang='lat'><strong>58.</strong></span> 
     </span>
    </p>
   </div>
   <div class='ocr_carea' id='block_1_110' title="bbox 252 5477 1782 5554">
    <p class='ocr_par' dir='ltr' id='par_1_110' title="bbox 252 5477 1782 5554">
     <span class='ocr_line' id='line_1_110' title="bbox 252 5477 1782 5554; baseline -0.001 -21"><span class='ocrx_word' id='word_1_787' title='bbox 252 5481 373 5548; x_wconf 75' lang='lat'><strong>(75)</strong></span> <span class='ocrx_word' id='word_1_788' title='bbox 412 5481 505 5554; x_wconf 78' lang='grc' dir='ltr'><strong>Οὐ</strong></span> <span class='ocrx_word' id='word_1_789' title='bbox 552 5477 668 5547; x_wconf 74' lang='grc' dir='ltr'>γὰρ</span> <span class='ocrx_word' id='word_1_790' title='bbox 706 5481 980 5554; x_wconf 25' lang='grc' dir='ltr'>’ἡμερινιύ</span> <span class='ocrx_word' id='word_1_791' title='bbox 1021 5484 1304 5554; x_wconf 70' lang='grc' dir='ltr'>γίνονται.</span> <span class='ocrx_word' id='word_1_792' title='bbox 1342 5482 1494 5551; x_wconf 82' lang='lat' dir='ltr'><strong>Apud</strong></span> <span class='ocrx_word' id='word_1_793' title='bbox 1534 5479 1782 5549; x_wconf 69' lang='lat' dir='ltr'><strong>Xenoplt.</strong></span> 
     </span>
    </p>
   </div>
   <div class='ocr_carea' id='block_1_111' title="bbox 180 5550 943 5620">
    <p class='ocr_par' dir='ltr' id='par_1_111' title="bbox 180 5550 943 5620">
     <span class='ocr_line' id='line_1_111' title="bbox 180 5550 943 5620; baseline 0.003 -16"><span class='ocrx_word' id='word_1_794' title='bbox 180 5560 367 5620; x_wconf 72' lang='lat' dir='ltr'><strong>latnt-tl</strong></span> <span class='ocrx_word' id='word_1_795' title='bbox 418 5553 537 5620; x_wconf 81' lang='grc' dir='ltr'>ήμε</span> <span class='ocrx_word' id='word_1_796' title='bbox 550 5550 817 5620; x_wconf 70' lang='grc' dir='ltr'>ροσκόπος</span> <span class='ocrx_word' id='word_1_797' title='bbox 841 5562 943 5606; x_wconf 82' lang='lat' dir='ltr'><strong>est.</strong></span> 
     </span>
    </p>
   </div>
   <div class='ocr_carea' id='block_1_112' title="bbox 1890 5168 2296 5238">
    <p class='ocr_par' dir='ltr' id='par_1_112' title="bbox 1890 5168 2296 5238">
     <span class='ocr_line' id='line_1_112' title="bbox 1890 5168 2296 5238; baseline -0.005 -15"><span class='ocrx_word' id='word_1_798' title='bbox 1890 5168 2049 5223; x_wconf 81' lang='lat' dir='ltr'><strong>facile</strong></span> <span class='ocrx_word' id='word_1_799' title='bbox 2076 5168 2296 5238; x_wconf 72' lang='lat' dir='ltr'><strong>detegit.</strong></span> 
     </span>
    </p>
   </div>
   <div class='ocr_carea' id='block_1_113' title="bbox 829 5321 2490 5390">
    <p class='ocr_par' dir='ltr' id='par_1_113' title="bbox 829 5321 2490 5390">
     <span class='ocr_line' id='line_1_113' title="bbox 829 5321 2490 5390; baseline -0.002 -12"><span class='ocrx_word' id='word_1_800' title='bbox 829 5330 848 5357; x_wconf 82' lang='grc'>²</span> <span class='ocrx_word' id='word_1_801' title='bbox 882 5326 1011 5381; x_wconf 76' lang='lat' dir='ltr'><strong>ibid.</strong></span> <span class='ocrx_word' id='word_1_802' title='bbox 1046 5324 1137 5382; x_wconf 71' lang='lat'><strong>46.</strong></span> <span class='ocrx_word' id='word_1_803' title='bbox 1215 5326 1235 5357; x_wconf 83' lang='lat'><strong>&quot;</strong></span> <span class='ocrx_word' id='word_1_804' title='bbox 1264 5324 1392 5379; x_wconf 88' lang='lat' dir='ltr'><strong>ibid.</strong></span> <span class='ocrx_word' id='word_1_805' title='bbox 1424 5325 1510 5378; x_wconf 79' lang='lat'><strong>58.</strong></span> <span class='ocrx_word' id='word_1_806' title='bbox 1588 5325 1609 5355; x_wconf 69' lang='lat'><strong>&quot;</strong></span> <span class='ocrx_word' id='word_1_807' title='bbox 1640 5321 1769 5379; x_wconf 79' lang='lat' dir='ltr'><strong>an.</strong></span> <span class='ocrx_word' id='word_1_808' title='bbox 1800 5340 1917 5390; x_wconf 78' lang='lat' dir='ltr'><strong>xm,</strong></span> <span class='ocrx_word' id='word_1_809' title='bbox 1954 5324 2069 5379; x_wconf 68' lang='grc' dir='ltr'>ιιι.</span> <span class='ocrx_word' id='word_1_810' title='bbox 2148 5325 2169 5355; x_wconf 80' lang='grc'><strong><em>⁸</em></strong></span> <span class='ocrx_word' id='word_1_811' title='bbox 2200 5322 2328 5379; x_wconf 90' lang='lat' dir='ltr'><strong>ibid.</strong></span> <span class='ocrx_word' id='word_1_812' title='bbox 2362 5322 2490 5377; x_wconf 83' lang='grc'><strong>5-8.</strong></span> 
     </span>
    </p>
   </div>
   <div class='ocr_carea' id='block_1_114' title="bbox 1894 5480 3460 5553">
    <p class='ocr_par' dir='ltr' id='par_1_114' title="bbox 1894 5480 3460 5553">
     <span class='ocr_line' id='line_1_114' title="bbox 1894 5480 3460 5553; baseline 0.003 -20"><span class='ocrx_word' id='word_1_813' title='bbox 1894 5481 2147 5552; x_wconf 78' lang='grc' dir='ltr'>ἀρχείων,</span> <span class='ocrx_word' id='word_1_814' title='bbox 2176 5496 2242 5553; x_wconf 79' lang='lat' dir='ltr'><strong>ex</strong></span> <span class='ocrx_word' id='word_1_815' title='bbox 2270 5480 2539 5535; x_wconf 79' lang='lat' dir='ltr'><strong>Archivis.</strong></span> <span class='ocrx_word' id='word_1_816' title='bbox 2574 5481 2811 5553; x_wconf 81' lang='lat' dir='ltr'><strong>lgnalius</strong></span> <span class='ocrx_word' id='word_1_817' title='bbox 2843 5485 2998 5553; x_wconf 88' lang='lat' dir='ltr'><strong>epist.</strong></span> <span class='ocrx_word' id='word_1_818' title='bbox 3032 5500 3105 5546; x_wconf 78' lang='grc' dir='ltr'><strong>νι,</strong></span> <span class='ocrx_word' id='word_1_819' title='bbox 3148 5486 3213 5536; x_wconf 85' lang='lat' dir='ltr'><strong>ad</strong></span> <span class='ocrx_word' id='word_1_820' title='bbox 3248 5481 3460 5538; x_wconf 78' lang='lat' dir='ltr'><strong>Philad.</strong></span> 
     </span>
    </p>
   </div>
   <div class='ocr_carea' id='block_1_115' title="bbox 1895 5551 3465 5637">
    <p class='ocr_par' dir='ltr' id='par_1_115' title="bbox 1895 5551 3465 5637">
     <span class='ocr_line' id='line_1_115' title="bbox 1895 5551 3465 5637; baseline 0.001 -35"><span class='ocrx_word' id='word_1_821' title='bbox 1895 5551 2099 5637; x_wconf 65' lang='grc' dir='ltr'>ᾐκουσα</span> <span class='ocrx_word' id='word_1_822' title='bbox 2147 5551 2256 5637; x_wconf 66' lang='grc' dir='ltr'><strong>γάρ</strong></span> <span class='ocrx_word' id='word_1_823' title='bbox 2278 5569 2443 5633; x_wconf 63' lang='lat' dir='ltr'><strong>sivon</strong></span> <span class='ocrx_word' id='word_1_824' title='bbox 2463 5551 2773 5637; x_wconf 40' lang='lat' dir='ltr'><strong>levarem,</strong></span> <span class='ocrx_word' id='word_1_825' title='bbox 2826 5551 2928 5637; x_wconf 71' lang='grc' dir='ltr'>ὅτι,</span> <span class='ocrx_word' id='word_1_826' title='bbox 2978 5554 3216 5637; x_wconf 33' lang='grc' dir='ltr'>Ἐὰνυμὴ</span> <span class='ocrx_word' id='word_1_827' title='bbox 3248 5556 3303 5607; x_wconf 79' lang='grc' dir='ltr'>ἐν</span> <span class='ocrx_word' id='word_1_828' title='bbox 3352 5559 3465 5617; x_wconf 68' lang='grc' dir='ltr'>τοὶς</span> 
     </span>
    </p>
   </div>
   <div class='ocr_carea' id='block_1_116' title="bbox 252 5615 3197 5701">
    <p class='ocr_par' dir='ltr' id='par_1_116' title="bbox 252 5615 3197 5701">
     <span class='ocr_line' id='line_1_116' title="bbox 252 5615 3197 5701; baseline 0 -27"><span class='ocrx_word' id='word_1_829' title='bbox 252 5619 371 5691; x_wconf 74' lang='grc'><strong>(74)</strong></span> <span class='ocrx_word' id='word_1_830' title='bbox 420 5615 586 5674; x_wconf 72' lang='grc' dir='ltr'><strong>Ἄπὸ</strong></span> <span class='ocrx_word' id='word_1_831' title='bbox 612 5615 728 5671; x_wconf 76' lang='grc' dir='ltr'><strong>τῶν</strong></span> <span class='ocrx_word' id='word_1_832' title='bbox 755 5620 1016 5689; x_wconf 76' lang='grc' dir='ltr'>ἀρχαίων</span> <span class='ocrx_word' id='word_1_833' title='bbox 1044 5622 1112 5675; x_wconf 73' lang='grc' dir='ltr'>τὰ</span> <span class='ocrx_word' id='word_1_834' title='bbox 1131 5621 1478 5701; x_wconf 47' lang='grc' dir='ltr'>ἀντίγραφα.</span> <span class='ocrx_word' id='word_1_835' title='bbox 1507 5620 1659 5674; x_wconf 86' lang='lat' dir='ltr'><strong>Cort&#39;.</strong></span> <span class='ocrx_word' id='word_1_836' title='bbox 1680 5617 1786 5673; x_wconf 84' lang='grc' dir='ltr'>τῶν</span> <span class='ocrx_word' id='word_1_837' title='bbox 1895 5615 2133 5691; x_wconf 73' lang='grc' dir='ltr'>ἀρχείοις</span> <span class='ocrx_word' id='word_1_838' title='bbox 2160 5615 2307 5693; x_wconf 69' lang='grc' dir='ltr'>εὕρω</span> <span class='ocrx_word' id='word_1_839' title='bbox 2336 5623 2428 5676; x_wconf 77' lang='grc' dir='ltr'>τοῦ</span> <span class='ocrx_word' id='word_1_840' title='bbox 2463 5615 2817 5692; x_wconf 76' lang='grc' dir='ltr'>Εὑάγγελίου,</span> <span class='ocrx_word' id='word_1_841' title='bbox 2848 5625 2908 5676; x_wconf 79' lang='grc' dir='ltr'><strong>ού</strong></span> <span class='ocrx_word' id='word_1_842' title='bbox 2943 5615 3197 5678; x_wconf 74' lang='grc' dir='ltr'>πιστεύω.</span> 
     </span>
    </p>
   </div>
  </div>
