4078 6074
562 234 661 290 751

1956 225 2013 280 S.
2056 224 2393 280 EPIPIIA‘NII

3692 236 3807 292 752

634 349 816 405 Schol.
852 350 917 405 59
978 347 1125 401 "anc
1151 355 1321 399 autem
1346 344 1518 415 ﬁliam
1569 342 1814 407 Abrahae,
1845 356 2001 411 quam
2027 341 2133 394 alii.

2314 343 2464 413 Σχόλ.
2488 343 2584 398 λο’.
2626 345 2854 414 Ταύτην
2878 346 2945 399 δέ
2969 347 3258 417 θυγατέρα
3289 348 3337 403 Ἀ
3347 348 3556 419 ϐραὸμ,
3575 348 3650 417 ἣν
3664 348 3808 419 ἐδη-

560 444 699 514 gauit
728 441 958 496 Satanas
1006 442 1044 492 '.

632 531 813 603 Refut.
842 531 931 584 59.
961 528 1096 583 Cum
1121 525 1345 581 veniens
1372 522 1635 580 Dominus
1680 520 1972 576 Abrahami
2014 518 2135 572 ﬁliae

561 637 748 679 curam
816 608 1098 689 suscipiat,
1140 632 1250 672 non
1289 617 1396 672 erit
1438 616 1506 670 ab
1536 627 1603 671 eo
1631 613 1844 668 alienus
1886 610 2134 665 Abraha-

562 731 706 770 iuus.
733 714 904 779 Quem
956 713 1061 767 hoc
1109 710 1232 781 ipso
1261 708 1534 779 placuisse
1563 706 1668 761 sibi
1694 704 1960 766 declarat,
1990 699 2133 771 quod

560 807 679 875 ejus
710 804 835 859 tilia:
865 802 1241 859 misericordia
1272 805 1572 855 moveatur.

630 896 812 953 Schol.
876 894 965 951 40.
1017 894 1149 949 Item
1218 891 1352 947 illud
1395 890 1637 946 ademit:
1675 886 1823 941 Tunc
1891 880 2133 937 videbitis

561 964 855 1051 Auraham,
901 980 1082 1051 Isaac,
1130 991 1181 1038 et
1214 981 1404 1043 Iacob,
1449 988 1498 1035 et
1540 992 1717 1032 omnes
1760 972 2039 1043 prophetas
2080 970 2135 1022 in

560 1096 718 1151 regno
741 1077 836 1132 Dei
858 1079 902 1133 ’.
935 1075 1043 1130 Pro
1080 1089 1189 1145 quo
1225 1072 1506 1143 rescripsit
1544 1089 1559 1123 :
1597 1068 1731 1124 Cum
1758 1080 1933 1119 omnes
1954 1064 2133 1131 justas

560 1170 796 1225 videritis
833 1169 889 1222 in
937 1183 1095 1235 regno
1160 1165 1277 1232 Dei,
1320 1180 1408 1218 vos
1451 1170 1627 1217 autem
1668 1159 1927 1215 exclusos.
1975 1152 2137 1221 Adje-

561 1263 765 1331 citque,
796 1260 1030 1315 delentes
1052 1257 1208 1327 foris.
1256 1255 1345 1313 Et.
1390 1254 1511 1310 Illic
1557 1261 1634 1308 est
1677 1251 1906 1320 ﬂetusct
1938 1243 2137 1301 stridor

560 1354 816 1408 dentium.

627 1529 787 1601 337
816 1527 1001 1583 Refut.
1034 1527 1121 1581 40.
1158 1523 1444 1592 Quomodo
1472 1521 1721 1578 veritatis
1757 1516 1983 1587 vestigia
2017 1526 2140 1583 pro-

558 1621 825 1675 duntur!
905 1617 1057 1672 Viam
1140 1617 1285 1672 enim
1369 1614 1645 1669 occultare
1720 1622 1882 1664 nemo
1937 1610 2135 1676 potest.

559 1715 636 1767 Ac
680 1713 807 1767 licet
850 1710 1100 1764 homines
1134 1708 1204 1762 ab
1255 1721 1321 1762 ea
1362 1719 1656 1766 revocare,
1698 1710 1752 1756 et
1799 1701 1854 1754 in
1889 1710 2131 1753 errorem

562 1802 735 1873 possit
784 1800 1088 1862 abducere,
1148 1804 1241 1851 aut
1300 1795 1506 1866 ignaris
1555 1791 1940 1853 dissimulare,
1990 1786 2129 1841 idem

559 1903 741 1947 tamen
771 1892 1025 1945 itinerum
1058 1887 1247 1960 peritis
1279 1886 1393 1941 ﬁeri
1442 1886 1669 1955 nequit;
1709 1883 1836 1953 quia
1875 1888 2041 1943 terra,
2077 1879 2132 1931 in

559 1998 665 2055 qua
713 1983 782 2038 sit
808 1983 1076 2053 impressa
1119 1980 1234 2042 via,
1277 1977 1394 2031 tolli
1443 1975 1688 2030 funditus
1724 1990 1755 2028 e
1799 1971 1979 2027 medio
2023 1984 2132 2022 non

561 2083 758 2147 potest.
798 2072 863 2127 Et
897 2072 1148 2143 quamvis
1189 2070 1336 2125 illam
1377 2069 1635 2124 obscuret
1665 2066 1937 2137 quispiam
1959 2107 1974 2129 ,
2007 2078 2130 2117 cum

559 2164 701 2220 idem
737 2170 917 2218 tamen
951 2162 1117 2233 hujus
1146 2161 1297 2216 locus
1326 2166 1630 2219 remaneat,
1662 2158 1756 2228 qui
1785 2172 1903 2211 eam
1940 2156 2132 2226 depra-

555 2254 762 2313 Vaverit
794 2267 826 2307 a
859 2252 1051 2323 peritis
1093 2250 1238 2306 haud
1274 2250 1493 2306 diliiciie
1541 2250 1877 2322 coarguitur.
1928 2245 2132 2314 Quam-

554 2345 741 2400 obrem
789 2341 1058 2398 orationis
1128 2341 1303 2412 ipsius
1355 2340 1580 2412 vestigia
1643 2347 1696 2395 et
1745 2336 2131 2407 consequentia

557 2435 790 2506 respice.
823 2431 981 2488 Illum
1010 2432 1154 2488 enim
1183 2432 1362 2501 ipsum
1402 2445 1710 2489 sermonem
1746 2429 1813 2484 ad
1844 2424 2132 2499 quemnam

557 2525 723 2579 alium
755 2532 1114 2595 praeterquam
1143 2523 1213 2579 ad
1241 2521 1458 2597 Iudaeos
1503 2522 1735 2577 habuit?
1773 2520 1928 2589 Quod
1960 2521 2004 2577 si
2033 2519 2131 2575 Ju-

557 2618 704 2673 daeos
754 2616 1307 2687 alloquebatur,jatn
1347 2630 1444 2673 eos
1484 2616 1631 2671 intus
1683 2612 1853 2669 fuisse
1904 2613 2133 2668 demon-

557 2709 786 2774 strabut,
817 2716 871 2764 et
894 2724 921 2761 a
949 2708 1224 2777 justorum
1251 2707 1530 2763 consortio
1562 2713 1899 2776 segregatos.
1917 2704 1986 2758 At
2007 2719 2135 2758 vero

555 2801 777 2869 quinam
826 2799 861 2852 ii
893 2806 1060 2865 sunt,
1110 2798 1215 2852 nisi
1268 2797 1575 2860 Abraham,
1611 2795 1794 2860 lsaac,
1836 2793 2039 2859 Jacob,
2081 2801 2135 2847 ct

555 2888 876 2960 prophetae?
914 2886 1033 2942 Non
1076 2888 1221 2943 enim
1261 2889 1377 2941 ait:
1424 2886 1673 2941 Videbitis
1713 2886 1890 2956 justas
1927 2885 2135 2938 intran-

558 2989 630 3034 tes
664 2993 683 3031 :
711 2986 1014 3032 vos-autem
1054 2993 1157 3032 non
1186 2977 1482 3044 intrantes;
1519 2978 1649 3042 sed,
1681 2977 1923 3032 videbitis
1958 2977 2135 3045 justas

555 3074 611 3126 in
630 3087 808 3142 regno,
837 3086 925 3125 vos
962 3078 1136 3127 autem
1165 3070 1378 3140 ejectos.
1415 3068 1518 3125 Ubi
1549 3069 1696 3141 quod
1738 3068 1941 3139 eiectos
1968 3068 2101 3124 dicit
2121 3108 2135 3133 ,

555 3162 711 3232 quasi
757 3159 1000 3216 futurum
1047 3161 1370 3223 denuntiat:
1401 3161 1584 3230 iustos
1620 3174 1751 3214 vero
1776 3159 1892 3230 jam
1936 3158 2134 3214 ibidem

512 3324 515 3325 ν
558 3251 764 3308 versari
790 3252 1085 3324 signiﬁcat,
1110 3252 1204 3323 qui
1229 3266 1406 3322 neque
1431 3266 1618 3316 carne,
1650 3266 1828 3322 neque
1849 3251 2137 3306 vocatione

557 3342 627 3397 ab
665 3342 772 3398 illis
820 3343 982 3398 alieni
1029 3351 1192 3407 sunt,
1232 3342 1328 3397 sed
1367 3345 1735 3396 communiter
1784 3342 1963 3396 vocati
2012 3348 2139 3398 ante

555 3432 759 3488 Christi
794 3430 1097 3488 Salvatoris
1130 3431 1424 3487 adventum
1464 3431 1735 3501 justitiam
1776 3432 1956 3502 adepti
1986 3444 2133 3490 sunt.

559 3522 766 3579 Sedvilli
788 3521 1164 3583 forismanent
1181 3523 1411 3587 scilicet,
1430 3521 1560 3578 dum
1585 3523 1735 3579 intus
1748 3538 1937 3579 eorum
1955 3533 2139 3596 patres

557 3613 814 3681 resident.
833 3613 995 3680 Quod
1026 3613 1129 3670 nisi
1152 3614 1332 3670 futura
1356 3629 1641 3686 corporum
1663 3621 1748 3673 est
1770 3619 2099 3673 resurrectio
2119 3659 2133 3682 .

555 3706 825 3762 undensm
850 3705 1097 3761 dentium
1122 3706 1213 3763 ille
1230 3706 1432 3764 stridor
1471 3706 1524 3762 in
1555 3705 1758 3776 iudicio
1798 3723 1916 3765 esse
1936 3717 2115 3773 potest

556 3797 720 3852 homo
749 3795 1135 3853 stolidissime!

627 3888 809 3945 Schol.
837 3888 926 3944 41.
954 3888 1097 3945 illud
1122 3889 1252 3945 item
1281 3892 1505 3948 sustulit
1538 3910 1553 3950 :
1596 3878 1809 3948 venient
1831 3894 1897 3949 ab
1936 3895 2134 3950 oriente

552 3990 605 4036 et
655 3980 949 4047 occidente,
980 3990 1040 4035 et
1087 3984 1383 4038 recumbam
1416 3983 1473 4037 in
1525 3985 1885 4056 regno."l‘um
1939 3986 2072 4042 illud
2117 4007 2130 4043 :

555 4071 728 4125 Erunt
760 4070 1031 4125 nouissimi
1059 4070 1239 4139 primi.
1278 4069 1412 4127 Item
1443 4090 1456 4126 :
1484 4073 1829 4129 Accesserant
1869 4075 2135 4131 Pharisa'i

552 4161 784 4217 dicentes
822 4180 842 4217 :
876 4161 1013 4228 Exi,
1042 4171 1094 4218 et
1142 4162 1310 4228 uade;
1345 4165 1595 4234 quoniam
1652 4164 1888 4222 Herodes
1936 4168 2045 4222 vult
2086 4177 2135 4224 te

554 4253 869 4322 interﬁcere.
900 4252 1013 4310 Nec
1038 4268 1147 4311 non
1174 4262 1233 4310 et
1270 4255 1416 4312 istud
1447 4274 1461 4311 :
1492 4256 1754 4313 Abeuntes
1790 4258 1949 4315 dicite
1989 4260 2132 4330 vulpi

2233 452 2345 488 σεν
2372 439 2405 488 ό
2430 435 2720 501 Σατανᾶς.

2309 525 2528 595 Ἐλεγχ.
2555 525 2657 579 λθ’.
2687 527 2750 580 El
2777 527 3175 597 τῆς-θυγατρὸς
3209 527 3305 581 τοῦ
3338 528 3587 598 Ἀϐραὰμ
3610 529 3809 599 ἐπιμε-

2234 617 2407 669 λεῖται
2448 615 2618 671 ἐλθὼν
2663 619 2689 670 ἑ
2729 618 2955 689 Κύριος,
3008 620 3108 672 οὐκ
3143 618 3423 690 ἀλλότριος
3463 619 3629 672 αὐτοῦ
3660 622 3807 674 ἔστιν

2249 706 2515 779 Ἀϐραάμ.
2559 708 2843 778 Ὁμολογεῖ
2865 707 2975 780 γάρ
3000 709 3164 763 αὐτὸν
3191 709 3342 780 αὐτῷ
3364 710 3804 781 εὺηρεστηκέναι,

2235 795 2415 853 οῐκτον
2445 800 2524 864 εἰς
2549 799 2650 870 τὴν
2683 800 2847 854 αὑτοῦ
2876 800 3152 872 θυγατέρα
3179 801 3608 871 ἐνδεικνύμενος.

2306 890 2460 960 Σχόλ.
2527 897 2599 961 μ’.
2649 890 2933 961 Παρέκοψε
2996 891 3160 945 πάλιν
3222 893 3304 943 τό·
3379 893 3515 945 Τότε
3587 890 3811 960 ὄψεσθε

2249 982 2512 1050 Ἀϐραὰμ,
2561 982 2657 1035 καὶ
2717 981 2936 1045 Ἰσαὰκ,
2989 982 3088 1037 καί
3155 979 3373 1046 Ἰακὼϐ,
3430 980 3531 1033 καὶ
3581 980 3809 1043 πάντας

2236 1074 2379 1141 τοὺς
2406 1075 2714 1143 προφήτας
2744 1075 2813 1128 ἐν
2845 1073 2919 1143 τῇ
2942 1074 3232 1140 βασιλείᾳ
3254 1073 3359 1126 τοῦ
3390 1072 3558 1126 Θεοῦ·
3597 1073 3710 1126 ἀντὶ
3747 1071 3806 1123 δὲ

2235 1166 2423 1220 τούτου
2452 1165 2726 1237 ὲποίησεψ
2765 1166 2894 1219 Ὅτε
2923 1164 3155 1231 πάντας
3184 1166 3327 1230 τοὺς
3349 1165 3618 1232 δικαίους
3645 1164 3809 1232 ιδητε

2234 1253 2393 1324 ἐντῇ
2402 1257 2695 1324 βασιλείᾳ
2714 1257 2821 1311 τοῦ
2851 1257 3022 1321 Θεοῦ,
3041 1256 3199 1327 ὑμᾶς
3219 1256 3289 1310 δὲ
3307 1256 3804 1327 ἐκϐαλλομένους.

2238 1348 2552 1420 Προσέθηκε
2598 1347 2675 1411 δὲ,
2731 1346 3173 1417 κρατουμένους
3211 1348 3347 1412 ἔξω·
3397 1346 3526 1401 ἐκεῖ
3561 1348 3727 1401 ἔσται
3773 1350 3809 1401 ὁ

2239 1441 2698 1510 κλαυθμόςμκαὶ
2732 1444 2764 1494 ό
2789 1440 3061 1510 βρυγμὸς
3084 1437 3205 1493 τῶν
3227 1438 3507 1492 ὀδόντων.

2314 1534 2533 1604 Ἔλεγχ.
2568 1540 2639 1604 μ’.
2681 1532 2805 1597 Πῶς
2844 1533 2915 1587 τὰ
2955 1533 3076 1603 ἴχνη
3108 1531 3208 1603 τῆς
3235 1530 3492 1602 ἀληθείας
3524 1531 3804 1600 (petiverat!

2165 1670 2209 1729 Β
2241 1625 2316 1677 Οὐ
2362 1624 2470 1694 γάρ
2515 1640 2597 1686 τις
2634 1621 2752 1677 ὁδὸν
2791 1622 3012 1676 δύναται
3054 1621 3384 1692 ἀποκρύψαι.
3410 1621 3684 1691 Πλανῆσαι
3712 1622 3811 1692 μὲν

2235 1708 2343 1785 γὰρ
2366 1713 2684 1786 ἀνθρώπους
2711 1713 2934 1767 δύναται
2962 1714 3020 1778 ἐξ
3043 1713 3231 1784 αὐτῆς,
3256 1712 3350 1765 καὶ
3373 1712 3685 1783 ἀποκρύψαι
3708 1713 3810 1765 αὖ·

2232 1800 2331 1870 τὴν
2362 1799 2470 1871 ἀπὸ
2500 1799 2610 1853 τῶν
2641 1800 2977 1868 ἀγνοούντων
2995 1818 3007 1830 ·
3040 1801 3149 1855 ἀπὸ
3168 1801 3224 1855 δὲ
3240 1800 3351 1855 τῶν
3377 1802 3436 1853 ὲν
3456 1800 3620 1872 πείρᾳ
3640 1801 3810 1871 αὐτῆς

2233 1892 2533 1961 γεγονότων
2577 1890 2854 1946 ἀδύνατον.
2886 1892 2961 1945 Ού
2992 1890 3100 1961 γὰρ
3126 1891 3346 1945 δύναται
3384 1891 3483 1963 τὴν
3528 1891 3655 1962 γῆν,
3683 1890 3811 1945 ἔνθα

2232 1975 2300 2050 ἦν
2331 1981 2364 2050 ἡ
2386 1979 2525 2043 ὁδὸς,
2549 1980 2832 2049 ἀφανίσαι,
2867 1980 2969 2035 κάν
2996 1997 3055 2033 τε
3081 1980 3252 2052 αὐτὴν
3279 1980 3582 2052 ἀμαυρώση
3598 1998 3612 2011 ⁸
3636 1980 3730 2033 τοῦ
3749 1998 3810 2034 τε

2234 2071 2398 2124 τόπου
2430 2070 2842 2141 παραμένοντος
2883 2072 2982 2142 τῆς
3008 2070 3128 2125 ὁδοῦ
3157 2072 3263 2126 ὑπὸ
3306 2073 3414 2126 τῶν
3438 2073 3811 2142 γινωσκόντων

2234 2161 2515 2231 ἐλέγχεται
2549 2162 2578 2213 ὁ
2602 2161 2702 2232 τὴν
2733 2160 2851 2214 ὁδὸν
2879 2160 3294 2233 ρᾳδιουργήσας.
3321 2162 3466 2231 Ὅρα
3495 2161 3560 2231 δὴ
3590 2160 3659 2214 τὰ
3691 2161 3812 2231 ἴχνη

2234 2252 2335 2324 τῆς
2364 2252 2705 2316 ἀκολουθίας.
2733 2252 2837 2308 Τὸν
2863 2252 2973 2323 γὰρ
2998 2253 3157 2321 λόγον
3183 2251 3371 2306 τοῦτον
3394 2252 3530 2323 πρὸς
3558 2252 3681 2305 τίνα
3700 2251 3814 2303 ἑλε-

2235 2364 2350 2415 γεν,
2386 2345 2502 2399 ἀλλ’
2526 2345 2559 2416 ἢ
2584 2344 2723 2415 πρὸς
2748 2345 2876 2407 τοὺς
2903 2344 3225 2408 Ἰουδαίους;
3260 2344 3371 2397 Καὶ
3414 2344 3463 2396 εἰ
3511 2342 3648 2413 πρὸς
3686 2344 3813 2405 τοὺς

2248 2434 2551 2497 Ἰουδαίους.
2583 2434 2686 2504 ἤδη
2710 2429 2907 2497 ἔδειξεν
2932 2433 3126 2496 αὐτοὺς
3156 2431 3321 2495 ἔνδον,
3350 2431 3443 2485 καὶ
3480 2430 3813 2499 ἐκϐαλλομέ-

2235 2542 2356 2588 νους
2376 2524 2481 2578 ἀπὸ
2507 2523 2614 2577 τῶν
2637 2523 2879 2577 δικαίων.
2908 2521 3062 2586 Τίνες
3100 2522 3144 2576 δ’
3174 2521 3241 2597 ἂν
3268 2517 3398 2587 εἷεν,
3429 2520 3543 2574 ἀλλ’
3574 2520 3608 2589 ἢ
3637 2521 3688 2572 οἱ
3718 2522 3815 2573 αύ-

2234 2616 2342 2669 τῶν
2374 2614 2630 2686 πατέρες,
2649 2613 2920 2686 Ἀϐραὰμ,
2968 2613 3063 2667 καὶ
3093 2612 3297 2676 Ἰσαὰκ,
3348 2611 3442 2666 καὶ
3470 2608 3689 2676 Ἰακὼϐ,
3721 2611 3815 2664 καὶ

2238 2706 2547 2777 προφῆται;
2587 2706 2662 2758 υύ
2689 2704 2798 2775 γὰρ
2825 2699 2979 2757 εἶπεν
2999 2720 3013 2736 ο
3045 2705 3299 2771 Ὄψεσθε
3325 2702 3596 2766 δικαίους
3626 2703 3818 2768 εἰσερ-

2236 2795 2550 2866 χομένους,
2575 2795 2672 2848 καὶ
2692 2793 2848 2864 ὑμᾶς
2861 2793 2948 2863 μὴ
2971 2793 3430 2862 εἰσερχομένους
3447 2810 3459 2823 ·
3494 2785 3817 2860 ἀλλ’,Ὄψε-

2236 2892 2347 2943 σθε
2374 2886 2515 2953 τοὺς
2535 2885 2805 2952 δικαίους
2824 2886 2895 2939 ἐν
2916 2884 2988 2955 τῇ
3006 2885 3307 2957 βασιλεία,
3332 2882 3486 2953 ὑμᾶς
3510 2883 3580 2936 δὲ
3603 2883 3816 2937 ἐκϐαλ-

2224 2946 2561 3048 ,λομένουςε
2589 2979 2697 3032 Καὶ
2726 2946 2853 3047 περὶ
2893 2946 3125 3048 μὲν.τοῦ
3157 2946 3585 3046 ἐκϐαλλομένους
3616 2974 3817 3045 μελλη-

2236 3069 2403 3133 τικῶς
2422 3071 2737 3140 ἀπεφήνατο
2753 3086 2770 3102 ο
2798 3069 2924 3133 τοὺς
2952 3068 3009 3121 δὲ
3036 3069 3275 3131 δικαίους
3295 3067 3393 3139 ἤδη
3416 3065 3578 3130 ὄντας
3601 3065 3820 3120 ἀπέδει-

2238 3160 2327 3226 ξεν
2371 3160 2471 3213 οὐκ
2515 3159 2824 3231 ἀλλοτρίους
2866 3158 3072 3213 τούτων
3120 3157 3262 3212 κατά
3303 3155 3401 3228 τὴν
3448 3154 3652 3228 σάρκα,
3692 3155 3820 3208 οὐδὲ

2236 3251 2378 3305 κατὰ
2408 3253 2506 3323 τὴν
2535 3251 2746 3321 κλῆσιν,
2773 3250 2911 3304 ἀλλά
2944 3249 3081 3322 μετά
3124 3248 3328 3304 τούτων
3360 3247 3660 3319 κληθέντας
3690 3248 3821 3309 τοὺς

2237 3341 2335 3413 ἤδη
2365 3340 2816 3411 δεδικαιωμένους
2848 3339 2955 3412 πρὸ
2984 3340 3086 3411 τῆς
3114 3339 3380 3411 ὲνσάρκου
3407 3336 3575 3393 αὐτοῦ
3605 3354 3819 3408 παρου-

2239 3434 2377 3497 σίας.
2406 3434 2469 3487 Εζ
2497 3433 2553 3485 δὲ
2583 3432 2678 3486 καὶ
2705 3430 2810 3497 ἔξω
2843 3432 3123 3504 μένοντας,
3155 3432 3231 3495 ὼς
3266 3431 3374 3484 τῶν
3416 3430 3668 3503 πατέρων
3708 3429 3822 3483 ἔσω

2235 3525 2423 3578 ὄντων.
2461 3524 2631 3578 Πόθεν
2658 3524 2716 3578 δὲ
2748 3522 2991 3595 βρυγμὸς
3013 3523 3240 3577 ὀδόντων
3278 3522 3487 3591 γίνεται
3513 3522 3571 3575 ὲν
3600 3522 3664 3592 τῇ
3698 3520 3825 3590 χρί-

2239 3634 2341 3680 σει,
2364 3612 2419 3669 ’ὧ
2442 3616 2635 3686 ἠλίθιε,
2659 3615 2753 3670 ἐὰν
2780 3615 2854 3686 μὴ
2885 3614 3179 3678 ἀνάστασις
3208 3613 3475 3686 σωμάτων
3507 3612 3770 3683 γένηταις

2305 3906 2457 3977 Σχόλ.
2512 3910 2619 3975 μα’.
2675 3901 2960 3975 Παρέκοψε
3009 3901 3171 3957 πάλιν
3221 3902 3310 3956 τό·
3360 3901 3648 3966 Ἦξουσιν
3698 3904 3822 3959 ἀπὸ

2235 3997 2547 4053 ἀνατολῶν
2580 3995 2682 4049 καὶ
2723 3993 2995 4064 δυσμῶν,
3036 3994 3133 4049 καὶ
3188 3993 3699 4061 ἀνακλιθήσονται
3751 3996 3824 4049 ἐν

2234 4089 2311 4159 τῇ
2341 4090 2662 4157 ,βασιλείᾳο
2697 4088 2794 4143 καὶ
2823 4088 2915 4141 τό·
2969 4090 3035 4141 Ol
3076 4087 3322 4157 ἔσχατοι
3366 4087 3615 4141 ἔσονται
3660 4087 3825 4155 πρῶ-

2235 4198 2322 4234 τοι
2342 4199 2355 4213 -
2388 4180 2483 4235 καὶ
2508 4180 2567 4233 τό
2584 4197 2599 4212 ·
2625 4178 2984 4249 Προσῆλθον
3002 4178 3309 4248 Φαρισαῖοι
3344 4178 3659 4248 λέγοντες-ο
3687 4179 3829 4243 Ἔξ-

2233 4276 2390 4335 ελθε,
2426 4271 2525 4325 καὶ
2574 4272 2865 4340 πορεύου’
2919 4269 3010 4323 ὅτι
3047 4268 3328 4339 Ἡρώδης·
3356 4285 3431 4324 σε
3477 4266 3639 4326 θέλει
3673 4272 3828 4326 ἀπο-

553 4345 710 4409 huic,
750 4359 924 4415 usque
965 4349 1033 4403 ad
1063 4363 1126 4404 ea
1146 4388 1161 4412 .
1193 4366 1297 4404 non
1333 4350 1474 4420 capit
1508 4350 1811 4420 prophetam
1843 4352 2011 4407 occidi
2040 4368 2133 4408 ex-

2236 4363 2460 4419 κτεῖναι
2478 4377 2492 4393 ·
2524 4363 2617 4416 καὶ
2642 4338 2703 4426 τό
2722 4380 2736 4393 ⁸
2766 4360 3166 4430 Πορευθέντες
3196 4338 3400 4416 clerate
3441 4361 3519 4431 τῇ
3554 4363 3827 4418 ἀλώπεκι

554 4446 639 4491 tra
668 4435 1024 4493 Hierusalem.
1057 4437 1198 4494 illud
1249 4440 1415 4496 etiam
1462 4460 1477 4496 :
1514 4440 1878 4511 Hierusalem,
1932 4442 2131 4499 Hieru—

2236 4455 2443 4522 ταύτῃ,
2473 4453 2576 4516 ἕως
2601 4451 2735 4505 ὅπου
2766 4445 2917 4503 εἷπεν
2935 4465 2948 4480 ο
2986 4450 3109 4502 Οὐκ
3146 4447 3451 4517 ἐνδέχεται
3500 4450 3827 4520 προφήτην

554 4528 656 4584 lem
676 4569 691 4594 ,
722 4545 840 4600 qua:
870 4530 1068 4585 occidis
1088 4532 1367 4599 prophetas
1402 4543 1454 4587 et
1497 4534 1708 4603 lapides
1731 4553 1821 4591 eos
1868 4537 1960 4607 qui
1985 4537 2055 4591 ad
2085 4548 2131 4593 te

2237 4544 2573 4602 ἀπολέσθαι
2615 4543 2687 4609 ἐξ
2690 4561 2734 4597 ω
2776 4540 3166 4611 Ἰερουσαλήμ
3186 4556 3202 4572 ο
3250 4540 3344 4594 καὶ
3384 4542 3475 4595 τό·
3524 4542 3827 4609 Ἰερουσα-

553 4622 707 4677 missi
732 4631 856 4677 sunt
881 4638 898 4676 :
924 4622 1057 4678 Item
1085 4640 1103 4677 :
1123 4623 1272 4691 Stepe
1302 4622 1443 4679 volui
1463 4642 1776 4698 congregare
1794 4669 1809 4694 ,
1833 4630 1972 4684 sicut
2016 4631 2133 4701 gal-

2236 4636 2812 4707 λὴμ,’1ερουσαλὴμ,
2838 4632 2877 4700 ἠ
2916 4633 3359 4687 ἀποκτείνουσα
3400 4630 3543 4694 τοὺς
3589 4630 3829 4700 προρήο

554 4712 668 4765 lina
698 4710 870 4779 pullos
896 4728 1049 4773 suos,
1080 4722 1133 4768 et
1159 4712 1527 4785 :Relinquetur
1546 4715 1687 4771 vobis
1716 4717 1905 4773 domus
1925 4730 2095 4775 vestra
2111 4741 2131 4789 ;

2236 4744 2345 4794 τας
2377 4727 2474 4781 καὶ
2517 4723 2921 4781 λιθοϐολοῦσα
2961 4722 3104 4789 τοὺς
3138 4722 3641 4793 ἀπεσταλμένους
3664 4739 3680 4754 ·
3729 4722 3829 4776 καὶ

552 4810 647 4859 et:
681 4800 807 4858 Non
836 4821 917 4859 me
943 4804 1204 4872 videbitis,
1238 4811 1401 4862 donec
1445 4808 1635 4862 dicatis
1670 4824 1689 4864 :
1724 4810 2036 4870 Benedictus
2057 4816 2098 4873 ³.

2238 4820 2299 4873 τό
2318 4836 2331 4848 ’
2362 4816 2665 4884 Πολλάκις
2701 4816 2975 4885 ἠθέλησα
3012 4815 3373 4881 ἐπισυνάξαι
3415 4815 3497 4882 ὡς
3538 4814 3709 4884 ὄρνις
3753 4812 3829 4865 τὰ

549 4900 735 4959 τέκνα
767 4916 916 4957 σουο
948 4902 1043 4956 καὶ
1071 4902 1160 4956 τό’
1203 4903 1449 4973 Ἀφίεται
1491 4904 1634 4974 ὑμῖν
1673 4908 1705 4960 ό
1746 4903 1910 4973 οἷκος
1941 4910 2140 4980 ὑμῶν·
2177 4914 2271 4967 καὶ
2298 4914 2390 4967 to"
2425 4915 2507 4968 Οὐ
2529 4912 2614 4983 μὴ
2648 4909 2812 4979 ἴδητέ
2845 4927 2942 4981 με,
2985 4909 3096 4976 ἕως
3126 4906 3197 4967 οὗ
3245 4912 3453 4979 εἴπητε
3478 4926 3494 4942 ⁸
3542 4911 3827 4978 E61071:-

547 4994 749 5064 μένος.
2048 5026 2059 5031 -
2610 4996 2621 5005 ’

620 5085 806 5142 Refut.
834 5086 923 5140 41.
952 5085 1089 5143 Vide
1130 5085 1371 5141 hominis
1418 5080 1732 5150 audaciam',
1767 5097 1831 5137 ac
1872 5094 2131 5154 quantum

2315 5090 2535 5161 Ἔλεγχ.
2566 5096 2674 5161 μα’.
2718 5092 2862 5163 Ὅρα
2905 5092 3000 5163 τὴν
3046 5091 3316 5164 τοσαύτην
3359 5088 3603 5166 ιεόλμαν,
3645 5089 3827 5156 πόσην

550 5189 616 5231 ex
666 5176 961 5247 Evangelio
1006 5178 1314 5234 subtrahat.
1369 5174 1838 5242 Quemadmodum
1904 5176 1950 5231 si
2003 5177 2127 5247 quis

2234 5183 2467 5245 ποιεῖται
2508 5181 2794 5253 ἀφαίρεσιν
2820 5183 2916 5236 τοῦ
2951 5183 3408 5252 Εὐαγγελὶου.Ὧς
3454 5181 3509 5235 εἴ
3550 5198 3639 5244 τις
3677 5177 3827 5250 λάϐῃ

551 5266 773 5322 animali
798 5269 1053 5340 quopiam
1089 5269 1146 5323 in
1179 5269 1315 5324 duas
1346 5275 1529 5339 partes
1556 5266 1813 5334 disserui,
1841 5267 2125 5323 dimidium

2234 5269 2394 5336 ζῶον,
2430 5271 2521 5325 καὶ¹
2561 5272 2767 5345 ἐκτέμῃ
2812 5274 2964 5338 αὐτὸ,
3000 5273 3182 5329 καὶτὸ
3210 5275 3380 5345 ἥμισυ
3414 5271 3509 5325 τοῦ
3541 5260 3826 5342 σώματοςν

550 5356 674 5426 eius
724 5357 992 5428 imperitis
1042 5360 1328 5425 ostendat,
1377 5373 1442 5415 ac
1494 5358 1825 5429 persuadere
1871 5367 2128 5430 conetur,

2234 5361 2325 5415 καὶ
2357 5362 2418 5415 ὲν
2460 5362 2539 5434 τῷ
2582 5364 2771 5435 ἡμίσει
2815 5368 2940 5430 τοὺς
2974 5365 3301 5434 ἀγνοοῦντας
3338 5363 3660 5433 πειράσεται
3694 5358 3831 5413 πεί-

548 5446 821 5519 ejusmodi
877 5457 1048 5505 totum
1107 5450 1307 5506 animal
1356 5465 1517 5515 esse,
1575 5465 1677 5505 nec
1727 5448 1776 5504 ei
1834 5448 2128 5521 quidquam

2234 5450 2361 5517 θειν,
2393 5452 2603 5507 τοιοῦτο
2632 5450 2772 5508 εἶναι
2804 5456 2865 5510 τὸ
2894 5455 3032 5522 ζῶον
3059 5454 3253 5524 λέγων,
3278 5455 3370 5508 καὶ
3403 5452 3571 5525 μηδὲν
3591 5452 3691 5506 ἀπ’
3718 5448 3836 5503 αύ-

551 5538 885 5613 ademptum.

2234 5543 2320 5599 τοῦ
2354 5544 2725 5616 ἀφαιρεῖσθαι.

622 5658 642 5692 ι
674 5655 808 5716 Luc.
833 5671 956 5727 xm,
993 5655 1081 5713 to.
1160 5654 1341 5712 'ibid.
1376 5652 1469 5711 29.
1549 5654 1825 5712 ’ibid.29
1857 5670 1973 5727 sqq.

564 5784 593 5792 ς.
