3932 6064
496 274 602 335 τετε

1919 267 1977 323 S.
2018 265 2359 332 EPIPHANII

3672 262 3778 321 756

570 388 752 446 Schol.
794 388 883 446 48.
932 388 1161 457 Quando
1203 393 1567 443 occurrerunt
1610 386 1798 443 decem
1853 386 2115 457 leprosi.,

2252 386 2405 456 Σχόλ.
2445 392 2555 457 μη’.
2599 386 2726 440 Ὅτε
2758 386 3097 458 συνήντησαν
3124 385 3172 438 ol
3201 382 3337 440 δέκα
3368 381 3589 454 λεπροι.
3641 383 3776 435 Ἀπ-

498 483 621 550 Quo
644 484 698 537 in
737 485 859 539 loco
888 483 1059 537 multa
1083 488 1317 537 resecat.
1348 475 1542 550 Itaque
1572 479 1763 535 scribit
1794 498 1809 534 :
1841 477 1907 533 Et
1936 480 2082 533 misit
2134 494 2141 499 '

498 591 587 629 eos
630 576 806 629 dicens
855 590 874 628 :
911 571 1184 629 Ostendite
1234 587 1322 627 vos
1375 570 1832 636 sacerdotibus“;
1882 585 1946 626 ac
1982 586 2083 644 pro

503 666 626 721 aliis
648 667 753 719 alia
782 664 1091 734 supposuit,
1120 664 1196 717 ita
1224 662 1543 733 concipiens
1575 682 1588 717 :
1622 661 1785 716 Multi
1811 673 1964 717 erant
2004 664 2082 717 te-

500 758 646 825 prosi
685 757 739 810 in
781 755 965 810 diebus
1005 754 1190 809 Elistei
1234 754 1529 825 prophetat,
1576 763 1626 810 et
1681 770 1829 808 nemo
1868 763 2084 810 curatus

504 858 581 903 est
613 850 715 903 nisi
760 847 1014 903 Naaman
1050 845 1220 918 Syrus
1252 848 1295 902 ’.

577 938 762 996 Refut.
793 939 883 995 48.
917 938 1033 995 Hoc
1061 940 1119 993 in
1153 940 1273 995 loco
1311 938 1634 1010 prophetam
1677 937 1943 993 Dominus
1977 937 2089 993 Eli:

505 1047 674 1087 satum
709 1032 960 1086 nominat
981 1070 995 1094 ,
1029 1046 1198 1100 seque
1240 1030 1376 1086 adeo
1400 1031 1741 1086 demonstrat
1771 1044 1836 1085 ea
1865 1044 1986 1100 qua!
2019 1029 2088 1084 ab

508 1124 600 1177 illo
651 1123 823 1194 signis
864 1129 919 1178 et
958 1121 1259 1177 involucris
1300 1122 1582 1195 aqualiter
1611 1121 1937 1176 adumbrata
1972 1121 2090 1175 fue-

509 1226 670 1278 rant,
715 1216 895 1284 reipsa
935 1214 1272 1283 complesse,
1316 1229 1429 1284 quo
1473 1212 1834 1285 Marcionem,
1871 1228 1936 1268 ac
1983 1229 2090 1268 caa-

514 1319 658 1364 teros
737 1324 928 1365 omnes
998 1310 1384 1379 prOphetarum
1448 1314 1853 1377 contemptores
1933 1305 2093 1360 refel-

513 1401 666 1456 leret.

586 1489 767 1545 Schol.
792 1490 880 1545 49.
908 1488 1121 1544 Veniant
1173 1489 1284 1544 dies
1306 1529 1320 1551 ,
1350 1488 1563 1560 quando
1603 1486 1971 1543 desiderabitis
2019 1486 2095 1539 vi-

513 1579 635 1634 dere
664 1597 825 1634 unum
850 1596 914 1636 ea:
941 1580 1123 1635 diebus
1158 1579 1286 1634 Filii
1316 1581 1547 1635 hominis
1575 1581 1615 1633 ⁸.

589 1671 768 1728 Refnt.
818 1675 906 1728 49.
955 1676 1090 1730 Cum
1142 1683 1196 1727 et
1252 1673 1370 1728 dies
1430 1655 1711 1734 numeret,
1762 1676 1817 1723 et
1881 1676 2091 1722 certum

516 1774 732 1835 tempus
765 1765 988 1831 indicet,
1022 1776 1077 1821 ct
1109 1767 1307 1821 Filium
1337 1778 1396 1818 se
1421 1762 1658 1816 hominis
1688 1759 1944 1830 appellat,
1968 1772 2099 1813 sane

518 1870 831 1910 mensuram
860 1858 1150 1927 quamdam
1196 1854 1373 1911 aetatis
1411 1851 1703 1924 signiﬁcat,
1739 1866 1803 1905 ac
1837 1849 2101 1920 praedica-

520 1947 685 2005 tionis
724 1964 837 2003 suaa
870 1930 1162 2003 .deﬁnitum
1208 1948 1350 2002 diem
1401 1944 1708 2000 constituit.
1745 1942 1954 2009 Quare,
1993 1956 2101 1995 non

521 2053 716 2108 expers
745 2039 928 2095 carnis
954 2048 1038 2095 est
1072 2039 1344 2096 Verbum.
1383 2038 1476 2094 sed
1511 2038 1565 2090 in
1599 2051 1831 2106 corpore
1865 2036 2104 2092 benevo-

524 2130 635 2185 lum
669 2132 801 2187 illud
826 2141 907 2188 est
937 2132 1033 2188 Dei
1061 2133 1352 2187 consilium
1390 2130 1690 2200 perlectum

596 2223 779 2277 Schol.
807 2223 895 2278 50.
943 2223 1093 2277 Dixit
1133 2225 1183 2278 ei
1208 2224 1423 2293 quidam
1451 2238 1469 2275 :
1494 2219 1753 2291 Magister
1785 2219 1913 2275 bone
1932 2221 1952 2273 Ι
1974 2218 2104 2290 quid

523 2308 723 2383 faciens
762 2314 921 2367 vitam
962 2322 1217 2368 aeternam
1249 2310 1567 2381 possidebo?
1607 2311 1676 2364 At
1728 2310 1820 2364 ille
1862 2327 1879 2365 :
1922 2309 2106 2364 Nolite

525 2420 606 2457 me
651 2402 823 2458 dicere
860 2403 1052 2458 bonum
1092 2421 1109 2458 :
1144 2421 1278 2458 unus
1326 2413 1404 2459 est
1469 2403 1632 2459 bonus
1684 2402 1841 2457 Deus.
1897 2403 2109 2472 Adjccit

527 2495 646 2558 ille,
676 2494 856 2549 Pater.
891 2495 997 2551 Sed
1040 2505 1093 2551 et
1126 2511 1226 2566 pro
1264 2512 1328 2552 eu
1372 2496 1520 2566 quod
1560 2503 1675 2562 est,
1716 2494 1976 2548 Mandata
2020 2511 2104 2549 no-

526 2586 597 2640 sti
615 2587 670 2650 δ,
704 2586 927 2657 scripsit
959 2587 1073 2651 ille,
1105 2586 1368 2641 Mandata
1398 2587 1537 2641 novi.

598 2675 781 2732 Rcfut.
816 2678 906 2741 50.
942 2678 1019 2734 Ne
1073 2677 1329 2733 mandata
1388 2690 1544 2734 anlea
1592 2677 1891 2747 perscripta
1946 2675 2112 2731 fuisse

528 2778 893 2837 monstraret,
961 2771 1035 2823 ita
1092 2769 1374 2826 substituit
1421 2788 1435 2824 :
1501 2768 1763 2822 Mandata
1807 2768 1944 2822 novi.
2006 2766 2112 2822 Sed

530 2860 798 2925 integrum
842 2867 1007 2928 caput
1037 2858 1169 2912 illud
1217 2874 1279 2911 ex
1329 2860 1444 2927 ipsa
1482 2859 1755 2913 Sermonis
1797 2865 1882 2913 est
1919 2872 2115 2913 conse-

532 2952 752 3017 quentia
795 2948 1166 3004 manifestum.
1210 2947 1275 3002 Et
1328 2949 1587 3019 quoniam
1631 2948 1850 3004 Patrem
1909 2948 2112 3004 bonum

2186 478 2354 548 έκοψε
2380 477 2437 530 δὲ
2468 477 2656 544 πολλὰ,
2681 479 2774 531 καὶ
2808 477 3081 548 ἐποίησεν
3114 473 3497 530 Ἀπέστειλεν
3524 472 3776 539 αὐτοὺς,

2183 570 2376 638 λέγων
2400 587 2413 601 ο
2460 570 2699 634 Δείξατε
2729 569 2982 634 ἑαυτοὺς
3020 568 3144 635 τοῖς
3188 565 3451 635 ἱερεῦσιο
3501 566 3599 618 καὶ
3644 566 3777 619 ἄλλα

2185 663 2297 716 ἀντ’
2321 662 2496 716 ἄλλων
2520 662 2760 732 ἐποίησε,
2785 661 2978 729 λέγων,
3009 662 3090 713 ὅτι
3130 658 3353 712 Πολλοὶ
3369 656 3586 724 λεπροὶ
3617 653 3777 725 ἦσαν

2186 756 2255 811 ἐν
2302 756 2547 825 ἡμέραις
2589 755 2933 809 Ἐλισσαίου
2979 753 3085 807 τοῦ
3124 752 3458 822 προφήτου,
3512 751 3613 804 καὶ
3666 752 3774 802 οὐκ

2186 848 2551 916 ἐκαθαρίσθη
2589 850 2640 900 εἰ
2663 846 2749 917 μὴ
2774 844 3007 915 Νεεμᾶν
3038 846 3070 897 ὀ
3096 845 3306 911 Σύρος.

2261 940 2481 1009 Ἕλεγχ.
2537 945 2647 1009 μη¹.
2693 937 2801 991 Καὶ
2859 935 3095 989 ἐνταῦθα
3138 934 3426 1006 προφήτην
3469 931 3563 984 τὸν
3597 929 3771 982 Ἐλισ-

2192 1033 2341 1085 σαῖον
2366 1031 2573 1085 καλεῖ.ὁ
2610 1030 2833 1101 Κύριος.
2865 1027 2960 1081 καὶ
2990 1025 3182 1080 ἑαυτὸν
3216 1024 3530 1096 πληροῦν-τα
3557 1022 3629 1075 τὰ
3665 1024 3772 1074 ἰσο-

2188 1118 2376 1183 τύπως
2400 1121 2529 1190 παρ’
2553 1118 2759 1171 ἐκείνου
2784 1114 3253 1188 προγεγενημένα,
3287 1115 3374 1166 ἵνα
3400 1112 3600 1182 ἐλέγχῃ
3625 1113 3775 1181 Μαρ-

2192 1212 2383 1277 κίωνα,
2413 1210 2505 1263 καὶ
2539 1209 2749 1270 πάντας
2773 1208 2900 1269 τοὺς
2938 1202 3264 1266 ἀθετοῦντας
3298 1200 3435 1254 Θεοῦ
3466 1202 3771 1271 προφήτας.

2267 1480 2419 1552 Σχόλ.
2455 1478 2561 1550 μθ’.
2598 1475 2983 1531 Ἐλεύσονται
3033 1469 3263 1541 ἡμέραι,
3304 1467 3451 1520 ὅταν
3493 1462 3779 1533 ἐπιθυμή-

2195 1588 2275 1639 ση
2286 1587 2345 1625 τε
2362 1570 2511 1640 μίαν
2535 1568 2656 1622 τῶν
2673 1566 2906 1637 ἡμερῶν
2929 1563 3035 1618 τοῦ
3069 1554 3206 1615 Υιοῦ
3238 1559 3344 1613 τοῦ
3370 1556 3711 1624 ἀνθρώπου.

2271 1662 2493 1733 Ἐλεγχ.
2546 1660 2654 1733 μθθ.
2694 1660 2759 1713 El
2792 1658 3005 1730 ἡμέρας
3037 1654 3280 1726 ἀριθμεῖ,
3311 1651 3407 1704 καὶ
3453 1650 3651 1721 χρόνον
3692 1664 3781 1718 ση-

2203 1756 2401 1828 μαίνει,
2433 1755 2529 1808 καὶ
2577 1752 2708 1806 Υἱδν
2738 1748 3027 1822 ἀνθρώπου
3074 1746 3223 1816 λέγει
3268 1742 3492 1798 ἐαυτὸνο
3540 1742 3653 1813 ἄρα
3694 1739 3779 1792 καὶ

2205 1849 2401 1919 μέτρον
2431 1845 2649 1917 ἡλικίας
2677 1839 2942 1905 ὑπέδειξε,
2974 1840 3068 1893 καὶ
3110 1837 3332 1910 ἡμερῶν
3369 1833 3465 1888 τοῦ
3496 1831 3782 1905 κηρύγμα-

2201 1958 2292 2004 τος
2336 1939 2658 2008 ὑπόδειγμα.
2696 1936 2810 1990 Οὐκ
2853 1935 3090 2005 ἄσαρκος
3131 1926 3223 1984 οὖν
3277 1930 3307 1981 ὁ
3360 1927 3556 1995 Λόγος,
3590 1924 3705 1978 ἀλλ’
3730 1925 3780 1975 ἐν

2204 2029 2420 2103 σώματι
2443 2030 2475 2101 ἡ
2501 2028 2734 2083 εὐδοκία.

2277 2200 2431 2272 Σχόλ.
2467 2206 2529 2255 ν’.
2571 2195 2718 2253 Εἷπέ
2750 2214 2837 2262 τις
2863 2195 3011 2263 apale;
3034 2192 3250 2245 αὐτόν’
3275 2186 3621 2242 Διδάσκαλε
3655 2186 3788 2254 ἁγα-

2207 2293 2273 2349 θέ
2288 2294 2308 2347 !
2330 2294 2386 2347 τί
2405 2291 2667 2359 ποιήσας
2688 2287 2842 2356 ζωὴν
2861 2287 3100 2340 αἰώνιον
3122 2279 3562 2349 κληρονομήσω
3580 2294 3598 2340 ;
3632 2278 3685 2330 Ὁ
3703 2277 3781 2330 δέ’

2208 2387 2302 2453 Μή
2341 2404 2419 2457 με
2463 2386 2604 2455 λέγε
2652 2383 2909 2453 ἀγαθόν·
2969 2376 3057 2444 εἷς
3097 2377 3269 2430 ἐστιν
3309 2373 3537 2443 ἀγαθὸς·
3563 2376 3597 2426 ὁ
3631 2374 3786 2436 Sede.

2210 2478 2513 2550 Προσέθετο
2545 2477 2751 2538 ἐκεῖνος
2777 2491 2790 2504 ·
2840 2473 2893 2525 '0
2934 2470 3155 2538 Πατήρ.
3194 2466 3303 2521 Καὶ
3345 2467 3468 2519 ἀντὶ
3515 2465 3788 2529 τοῦ”ΐὰς

2210 2569 2462 2634 ἐντολὰς
2494 2564 2682 2632 οἶδας,
2708 2565 2876 2632 λέγει,
2914 2562 3023 2627 Τὰς
3046 2558 3300 2623 ἐντολὰς
3328 2554 3481 2612 οἴδα.

2287 2661 2503 2731 Ἐλεγχ.
2642 2658 2759 2710 ’Ἰνα
2782 2655 2855 2727 μὴ
2897 2653 3044 2725 δείξῃ
3087 2653 3184 2716 τὰς
3215 2650 3435 2713 ἐντολάς
3469 2649 3570 2719 ἤδη
3606 2661 3792 2718 προγε-

2212 2751 2559 2826 γραμμένας,
2591 2749 2765 2817 λέγει’
2794 2747 2904 2813 Τὰς
2928 2745 3179 2810 ἐντολὰς
3210 2740 3359 2797 οῖδα.
3377 2742 3451 2795 Τὸ
3474 2742 3532 2795 δὲ
3560 2740 3684 2793 ὅλον
3711 2756 3791 2792 κε-

2215 2845 2441 2916 φάλαιον
2474 2842 2703 2913 φανερὸν
2729 2840 2964 2910 ὑπάρχει
2995 2837 3102 2891 ἀπὸ
3124 2836 3225 2906 τῆς
3246 2833 3590 2897 ἀκολουθίας.
3624 2832 3729 2885 Καὶ
3748 2833 3789 2883 εἰ

2215 2935 2434 3006 Πατέρα
2485 2931 2688 3000 ἀγαθὸν
2733 2930 2952 2999 φάσκει,
2987 2926 3083 2981 καλ⁸
3125 2927 3257 2979 Θεὸν
3300 2924 3580 2995 ὀνομάζει,
3622 2924 3789 2985 καλῶς

533 3015 787 3109 appellat,
822 3055 888 3095 ac
916 3038 1120 3103 Deum,
1160 3015 1422 3110 prteclare
1450 3040 1579 3094 illud
1612 3039 1887 3105 ostendit;
1919 3055 2108 3110 quem-

2231 3026 2327 3080 Ξιπὸ
2359 3024 2454 3079 τοῦ
2478 3024 2646 3095 νόμου
2678 3020 2771 3075 τοῦ
2800 3021 3013 3090 Πατρδς
3039 3018 3203 3072 αὐτοῦ
3232 3018 3474 3072 διδάσκει
3502 3017 3594 3070 τὸν
3626 3015 3791 3086 paulo.

535 3133 665 3187 libet
694 3148 760 3187 ex
789 3130 967 3188 Patris
1000 3132 1086 3188 sui
1116 3133 1233 3204 lege
1256 3173 1270 3196 ,
1302 3132 1449 3187 velut
1478 3132 1750 3202 quoddam
1783 3132 1909 3186 vitae
1944 3133 2119 3202 patri-

448 3264 454 3277 .
534 3227 778 3281 monium
802 3224 1134 3299 posse340
1162 3226 1420 3306 consequi
1442 3243 1457 3289 ;
1479 3225 1737 3280 uecillam
1766 3225 2116 3289 condemnat,

539 3327 629 3373 aut
656 3318 833 3389 rejicit
865 3338 880 3374 :
913 3318 1009 3374 sed
1044 3330 1139 3373 eos
1174 3319 1355 3388 potius
1390 3317 1550 3387 quiin
1580 3317 1696 3388 lege
1720 3316 1993 3380 vixerunt,
2019 3318 2122 3369 im-

540 3411 822 3465 mortalem
871 3411 1040 3465 vitam
1073 3410 1297 3465 sortitos
1338 3422 1461 3463 esse
1498 3416 1753 3472 testatur,
1788 3405 2007 3479 Moysen
2038 3407 2120 3460 vi—

540 3501 754 3567 delicet,
781 3515 844 3556 ac
878 3501 1172 3570 prophetas
1197 3510 1444 3555 exteros.

613 3591 799 3646 Schol.
835 3592 924 3647 51.
952 3590 1179 3646 Factum
1208 3602 1383 3647 autem
1415 3601 1492 3647 est
1529 3609 1647 3646 cum
1681 3591 2121 3663 appropinquaret

540 3682 754 3737 Jericho
776 3722 790 3745 ,
821 3698 989 3737 aecus
1020 3684 1287 3738 clamabat
1321 3701 1339 3738 :
1368 3682 1521 3748 Iesu,
1544 3685 1626 3755 ﬁli
1654 3684 1850 3749 David,
1880 3685 2125 3740 miserere

543 3776 663 3828 mei.
705 3773 769 3827 Et
803 3791 917 3828 cuin
943 3784 1161 3831 curatus
1185 3785 1341 3843 esset,
1370 3778 1445 3832 ait
1473 3795 1492 3831 .'
1526 3776 1685 3832 Fides
1720 3789 1813 3832 tua
1845 3787 1896 3833 te
1918 3777 2123 3833 salvum

543 3867 667 3937 fecit
700 3868 743 3922 ⁸.

615 3957 795 4027 Rcl‘ut.
826 3957 915 4013 st.
946 3957 1165 4012 Nullum
1189 3959 1330 4015 inest
1364 3959 1416 4014 in
1457 3959 1563 4015 fide
1594 3960 1961 4015 mendacium.
1989 3958 2123 4014 Nam
2167 3937 2182 3949 “

544 4053 590 4105 si
624 4049 907 4114 mentitur,
929 4049 1064 4104 lides
1087 4063 1200 4103 non
1230 4056 1337 4103 est.
1375 4049 1443 4101 At
1466 4049 1556 4103 ille
1589 4063 1715 4103 cum
1744 4048 2011 4112 dixisset,
2044 4047 2127 4115 [ili

544 4139 752 4204 David,
798 4155 829 4194 a
876 4138 1098 4195 Christo
1146 4138 1430 4203 laudatur;
1485 4152 1795 4207 nomenque
1842 4137 2128 4193 confessus

545 4227 688 4297 quod
713 4227 945 4298 petierat
975 4226 1252 4298 impetrat.
1282 4224 1399 4281 Non
1427 4225 1517 4280 ille
1549 4226 1868 4295 increpatur
1898 4232 1955 4278 ut
1985 4241 2132 4280 men-

548 4323 688 4384 dax,
725 4319 821 4375 sed
867 4319 1199 4389 praedicatur
1237 4325 1295 4373 ut
1330 4316 1524 4373 lidclis.
1569 4315 1688 4371 Non
1740 4316 1924 4371 carnis
1965 4317 2130 4385 igitur

2222 3134 2380 3190 μενον
2411 3117 2506 3189 τὴν
2551 3115 2695 3187 ζωὴν
2727 3111 3164 3185 κληρονομῆσαι·
3193 3110 3287 3163 καὶ
3319 3109 3419 3162 οὐκ
3448 3108 3653 3172 ἀθετεῖ,
3680 3106 3789 3186 οἰίδὲ

2220 3209 2551 3264 ἀπωθεῖται·
2595 3205 2731 3260 ἀλλὰ
2778 3204 2975 3277 μᾶλλον
3018 3203 3381 3274 ἐπιμαρτυρεῖ
3403 3201 3530 3263 τοὺς
3567 3202 3627 3253 ὲν
3657 3199 3790 3268 νόμῳ

2222 3300 2708 3371 πολιτευσαμένους
2772 3296 2917 3368 ζωὴν
2974 3295 3189 3349 αξὼνιον
3241 3291 3787 3365 κεκληρονομηκέναι,

2223 3393 2460 3448 Μωῦσέα
2484 3409 2543 3445 τε
2572 3391 2817 3454 καὶτοὺς
2841 3388 3035 3452 ἄλλους
3071 3387 3376 3459 προφήτας.
3480 3466 3489 3473 ἱ

2294 3575 2450 3647 Σχόλ.
2478 3581 2579 3630 va’.
2633 3572 2894 3644 Ἐγένετο
2926 3569 2995 3623 δὲ
3023 3569 3095 3623 ἐν
3121 3565 3201 3633 τῷ
3226 3563 3476 3637 ἐγγίζὲιν
3520 3562 3707 3618 αὖτῦν
3728 3560 3790 3628 τίῖ

2236 3669 2468 3740 ’1εριχὼ,
2492 3667 2723 3738 τυφλὸς
2753 3667 2924 3720 ἐϐόα·
2963 3662 3156 3731 Ἰησοῦ
3187 3660 3278 3716 υἱὲ
3309 3659 3507 3724 Δαϐὶδ,
3547 3658 3791 3727 ἐλέησόν

2218 3779 2315 3832 με.
2348 3761 2456 3815 Kal
2505 3760 2602 3814 ὅτε
2632 3758 2787 3826 ἰάθη,
2818 3755 3010 3826 φησίν
3032 3771 3046 3786 ·
3081 3752 3145 3808 Ἡ
3185 3751 3392 3816 πίστις
3416 3765 3536 3803 σου
3575 3744 3792 3802 σέσωκέ

2226 3869 2320 3908 σε.

2301 3943 2521 4015 Ἐλεγχ.
2559 3947 2658 3996 να’.
2698 3939 2792 3993 Ἐν
2844 3937 3024 3992 πίστει
3068 3936 3169 3988 οὐκ
3213 3933 3294 3987 ἔνι
3334 3931 3563 3995 ψεῦδος·
3608 3932 3656 3983 el
3700 3926 3793 3997 γὰρ

2226 4035 2499 4107 ψεύδεται,
2528 4034 2589 4087 οὐ
2642 4031 2841 4093 πίστις.
2889 4028 3054 4098 Λέγει
3103 4023 3269 4095 γοῦν*
3332 4021 3422 4076 Υἱὲ
3477 4019 3675 4081 Δαΰὶδ,
3716 4017 3795 4069 καὶ

2229 4127 2555 4188 ἐπαινεῖται,
2589 4123 2686 4177 καὶ
2713 4120 2997 4193 κομίζεται
3027 4117 3089 4171 τὸ
3112 4118 3236 4187 αῐτη
3245 4132 3319 4186 μα
3353 4116 3382 4166 ὁ
3405 4113 3467 4165 τὸ
3488 4111 3660 4181 ὄνομα
3680 4110 3795 4177 ὁμο-

2229 4220 2484 4289 λογήσας.
2514 4215 2624 4270 Καὶ
2674 4214 2775 4267 οὐκ
2827 4208 3133 4281 ἐπετιμήθη
3181 4208 3256 4270 ὡς
3309 4203 3574 4276 ψεύστης.
3603 4199 3798 4260 ἀλλ’ὡς

2233 4311 2421 4374 πιστὸς
2455 4308 2823 4381 ὲμακαρίσθη.
2854 4305 2970 4358 Οὐκ
3002 4304 3112 4373 ἄρα
3135 4302 3371 4371 ἄσαρκος
3400 4300 3428 4351 ὁ
3458 4298 3549 4351 διὰ
3577 4297 3675 4366 τὴν
3696 4293 3797 4348 ἐπί-

548 4420 666 4467 erat
721 4427 918 4482 expers
972 4412 1066 4482 qui
1118 4412 1190 4467 ob
1235 4412 1383 4467 illam
1444 4410 1679 4467 nominis
1735 4409 2115 4465 invocationen

2238 4402 2429 4475 κλησιν
2466 4400 2561 4454 τοῦ
2603 4399 2864 4469 ὀνόματος
2890 4394 3255 4466 χαρισάμενος
3284 4389 3360 4461 τῷ
3390 4387 3582 4482 τυφλῷ
3608 4387 3669 4482 τὸ
3696 4383 3798 4482 βλέ-

551 4519 697 4556 (τυρο
739 4502 917 4557 visum
957 4502 1219 4557 restituit.
1268 4501 1481 4575 Quippe
1532 4519 1640 4559 non
1685 4518 1824 4559 vana
1871 4503 2138 4558 duntaxat

552 4594 754 4662 Specie,
783 4595 878 4648 sed
912 4592 1091 4661 reipsa
1124 4592 1425 4646 secundum
1458 4608 1678 4649 carnem
1709 4608 1740 4648 e
1781 4594 1951 4664 stirpe
1986 4593 2140 4657 Davi-

551 4685 636 4743 tlls
671 4683 935 4754 originem
980 4683 1215 4738 duxerat
1242 4684 1310 4739 de
1346 4684 1665 4740 beatissima
1699 4683 1922 4756 Virgine
1966 4685 2134 4740 Maria

555 4784 747 4838 natus,
789 4783 841 4830 et
882 4790 913 4829 a
938 4785 1131 4831 sancto
1181 4776 1386 4847 Spiritu
1417 4776 1709 4832 formatus.

624 4860 810 4925 Schol.
852 4868 941 4923 52.
997 4867 1267 4923 Mutilavit
1320 4869 1466 4923 ista:
1498 4868 1801 4937 Assumptis
1857 4865 2136 4921 duodecim

556 4964 633 5016 ait
664 4979 683 5017 :
719 4960 848 5019 Ecce
872 4962 1205 5019 ascendimus
1242 4959 1698 5031 Hierosolymam,
1730 4967 1777 5014 et
1803 4975 2138 5013 consumma—

557 5055 751 5110 buntur
811 5056 988 5112 omnia
1055 5071 1176 5124 qua:
1254 5054 1455 5121 scripta
1524 5062 1645 5106 sunt
1706 5068 1797 5121 per
1858 5051 2137 5121 prophetas

556 5148 619 5201 de
661 5146 706 5199 F
710 5148 802 5201 ilio
845 5147 1071 5201 hominis
1097 5161 1115 5199 :
1141 5147 1404 5211 tradetur,
1442 5146 1730 5210 occidetur,
1772 5154 1822 5199 et
1867 5147 2024 5199 tertia
2053 5145 2139 5199 die

559 5251 790 5310 resurget
814 5241 851 5293 °.
896 5238 1017 5294 llaec
1044 5239 1228 5299 omnia
1266 5237 1515 5294 sustulit.

634 5419 811 5474 Refut.
859 5421 946 5475 52.
994 5420 1065 5475 Ut
1110 5434 1380 5491 nusquam
1427 5426 1574 5476 recta
1607 5417 1909 5490 gradiatur.
1950 5415 2137 5482 Quan-

561 5525 726 5590 quam
775 5511 920 5568 illius
969 5511 1262 5582 obliquitas
1309 5527 1375 5566 ac
1417 5512 1560 5566 mala
1602 5511 1656 5566 in
1702 5510 1959 5565 omnibus
2010 5507 2141 5563 Ildes

641 5688 818 5749 ‘Luc.
856 5689 1081 5757 manu.
1159 5690 1178 5719 '
1213 5687 1344 5744 Luc.
1378 5705 1448 5758 tv,
1483 5692 1571 5746 27.
1654 5690 1672 5721 ³
1702 5690 1838 5744 Luc.
1885 5705 2017 5758 xvtt,
2048 5689 2139 5744 2‘3.
2215 5687 2235 5720 ⁸
2270 5685 2400 5745 Luc.
2438 5699 2591 5751 xvttt,
2629 5683 2691 5741 l8
2724 5697 2845 5753 sqq.

2238 4512 2381 4549 πειν.
2400 4490 2695 4563 Ἀληθινῶς
2723 4489 2831 4560 γὰρ
2857 4483 2946 4557 ἦν,
2974 4486 3068 4539 καὶ
3093 4486 3155 4538 οὐ
3193 4483 3430 4553 δοκήσει,
3454 4481 3520 4533 ἐκ
3539 4480 3633 4532 τοῦ
3662 4477 3801 4545 σπέρ-

2242 4607 2411 4662 ματος
2455 4586 2622 4641 Δαὸὶδ
2672 4582 2812 4637 κατὰ
2863 4579 3064 4651 σάρκα,
3103 4576 3211 4630 ἀπὸ
3258 4574 3479 4645 Μαρίας
3525 4575 3628 4645 τῆς
3661 4572 3800 4640 ἁγίας

2242 4680 2540 4753 Παρθένου,
2571 4677 2665 4732 καὶ
2692 4676 2779 4729 διὰ
2813 4671 3128 4742 Πνεύματος
3155 4667 3309 4734 ἁγίου
3342 4664 3751 4737 γεγεννημένος.

2312 4859 2468 4931 Σχόλ.
2502 4858 2602 4929 νβ’.
2643 4853 2930 4927 Παρέκοψε
2967 4854 3027 4906 τό
3047 4842 3085 4882 ·’
3114 4848 3486 4919 Παραλαϐὼν
3532 4847 3676 4914 τοὺς
3710 4845 3797 4899 δὼ-

2242 4954 2408 5017 δεκα,
2430 4953 2641 5022 ἔλεγεν
2656 4967 2668 4981 ·
2709 4948 2852 5004 ἰδοὺ
2875 4946 3274 5013 ἀναϐαίνομεν
3299 4944 3387 5008 εις
3420 4942 3795 5009 Ἰεροσόλιψα.

2243 5045 2341 5100 καὶ
2379 5043 2812 5112 τελεσθήσεται
2854 5037 3049 5092 πάντα
3086 5034 3161 5089 τὰ
3201 5030 3577 5103 τετραμμένα
3611 5032 3678 5085 ὲν
3698 5028 3799 5091 τοῖς

2242 5134 2565 5205 προφήταις
2600 5133 2730 5201 περὶ
2761 5130 2865 5184 τοῦ
2906 5128 3041 5183 Υἱοῦ
3069 5125 3176 5180 τοῦ
3197 5123 3535 5191 ἀνθρώπου.
3559 5120 3799 5191 Παραδο-

2244 5228 2490 5296 θήσεται
2530 5228 2662 5296 γὰρ,
2704 5223 2799 5277 καὶ
2825 5216 3363 5285 ἀποκτωεθήσεται,
3394 5217 3494 5270 καὶ
3545 5214 3622 5284 τῇ
3660 5214 3800 5281 τρίτῃ

2244 5319 2433 5391 ἡμέρᾳ
2461 5312 3000 5388 ἐγερθήσεται.”ολα
3024 5309 3195 5364 ταῦτα
3221 5306 3525 5380 παρέκοψε.

2318 5412 2538 5480 Ἐλεγχ.
2567 5408 2666 5478 νβ’.
2710 5408 2828 5460 Ἵνα
2853 5405 2910 5457 ὲν
2946 5402 3132 5474 μηδενὶ
3161 5399 3525 5472 ὁρθοποδήσῃ.
3555 5398 3645 5470 Μὴ
3667 5395 3802 5466 ὀρθο-

2247 5504 2423 5558 ποδῶν
2454 5502 2511 5556 δὲ
2536 5500 2820 5570 ἐλέγχεται
2857 5493 3196 5569 ρᾳδιουργῶν
3230 5493 3372 5547 κατὰ
3404 5491 3583 5546 πάντα
3603 5488 3798 5561 τρόπον.

2925 5680 2944 5711 ⁸
2985 5678 3118 5734 ibid.
3149 5679 3237 5737 55.
3311 5678 3331 5709 ⁶
3356 5676 3494 5732 ibid.
3533 5675 3621 5730 51.
