3932 6064
231 273 331 329 757

888 268 1260 327 ADVERSUS
1301 264 1644 324 HERESES
1682 263 1812 319 LIB.
1853 260 1894 316 Ι.
1935 259 2098 316 ΤΟΜ.
2140 260 2233 316 Ill.
2275 286 2344 301 ι-
2382 257 2657 315 HIEBES.
2696 254 2855 313 XLII.

3373 252 3479 310 758

230 390 477 462 Ἐκρυψε
514 389 624 461 γὰρ
649 389 716 443 τὰ
740 388 899 460 ῥητὰ,
922 389 1007 442 ἵνα
1031 387 1190 460 δῆθεν
1221 387 1289 441 τὰ
1318 388 1446 459 περὶ
1470 383 1565 439 τοῦ
1592 384 1792 447 πάθους

1922 380 2214 453 eprehendi
2239 387 2436 450 potest.
2456 377 2788 437 Verbaenim
2808 377 2899 432 illa
2923 372 3288 433 dissimulavit
3312 374 3441 462 ideo
3458 417 3475 441 ,

225 479 822 554 ἀρνήσηται.”Υστερον
859 480 917 533 δὲ
957 478 1302 546 ὁμολογοῦντι
1325 477 1488 530 αὑτὸν
1518 473 1799 546 ἐσταυρῶ-

232 571 377 636 σθαι,
418 573 498 635 εἰς
549 569 778 642 μάταιον
804 567 976 641 αὐτῷ
1025 570 1054 621 ό
1094 567 1255 630 πόνος
1301 566 1403 636 τῆς
1456 565 1802 638 ῥᾳδιουργίας

227 664 403 717 ἔσται.

217 859 228 868 ·
303 838 459 908 Σχόλ.
517 843 612 905 νγ’.
657 836 942 906 Παρέκοψε
984 836 1046 889 τὸ
1090 836 1382 904 κεφάλαιον
1427 836 1488 888 τὸ
1532 835 1661 906 περὶ
1706 835 1801 890 τοῦ

230 931 377 994 δνου,
413 927 505 981 καὶ
534 926 811 997 Βεθφαγὴ,
843 926 939 980 καὶ
975 925 1037 978 τὸ
1068 927 1195 996 περὶ
1226 927 1323 996 τῆς
1350 924 1556 988 πόλεως
1589 925 1682 978 καὶ
1709 924 1802 977 τοῦ

231 1019 406 1091 ἱεροῦ.
445 1021 598 1072 Διότι
632 1015 1033 1089 γεγραμμένον
1219 1017 1281 1069 '0
1309 1012 1472 1081 οἶκός
1486 1033 1613 1085 ,μου
1641 1016 1805 1080 οἶκος

146 1092 153 1099 δ
234 1102 586 1178 προσευχῆς
620 1108 987 1176 κληθήσεται
1013 1124 1026 1138 ο
1061 1109 1156 1163 καὶ
1192 1107 1411 1162 ποιεῖτε
1436 1107 1621 1161 αὐτὸν
1648 1107 1806 1172 σπή-

233 1205 411 1254 λαιον
436 1199 701 1269 λῃστῶν.

309 1275 532 1356 Ἔλεγχ.
566 1295 668 1356 νγ’.
711 1287 812 1342 Τὸν
837 1287 1054 1357 ἔλεγχον
1079 1288 1278 1359 ἑαυτῆς
1303 1290 1334 1359 ή
1364 1289 1531 1342 κακία
1552 1290 1650 1359 οὐχ
1669 1292 1801 1361 ὁρᾷ·

216 1375 534 1445 -τυφλώττει
565 1379 690 1449 γάρ.
724 1378 908 1431 Οἴεται
930 1376 986 1431 δὲ
1013 1378 1272 1431 δύνασθαι
1299 1380 1672 1452 ἀποκρύπτειν
1709 1382 1806 1452 τὴν

233 1466 335 1536 τῆς
364 1466 619 1538 ἀληθείας
659 1467 776 1521 ὀδόν
795 1485 808 1500 ⁸
844 1469 980 1540 ὅπερ
1006 1471 1151 1522 ἐστὶν
1182 1469 1459 1525 ἀδύνατον.
1490 1470 1663 1535 Εὐθὺς
1698 1471 1807 1543 γὰρ

232 1561 566 1631 ἀνεπήδησε,
596 1560 917 1632 παραλιπὼν
943 1563 1039 1615 ὅλα
1063 1563 1132 1615 τά
1160 1562 1430 1632 κεφάλαια
1455 1562 1521 1617 τὰ
1550 1580 1808 1635 προειρη-

237 1654 376 1723 μένα
404 1652 491 1705 διά
515 1653 604 1707 τὸν
640 1653 1054 1724 μαρτυρηθέντα
1081 1655 1244 1708 τόπον
1269 1654 1362 1708 106
1388 1655 1520 1710 ναοῦ
1545 1655 1671 1709 ὅντα
1704 1657 1804 1709 αὐ-

231 1720 330 1797 τοῦ
379 1744 528 1808 ῐδιον,
705 1720 783 1808 είς
815 1720 984 1814 δνομα
1023 1744 1186 1797 αὐτοῦ
1233 1744 1674 1816 ᾠκοδομημένον..
1694 1746 1806 1799 Καὶ
1834 1720 1876 1773 Β

232 1835 346 1889 ἀπὸ
386 1835 486 1905 τῆς
527 1833 733 1906 Ἱεριχὼ
761 1834 1073 1888 καταλιπὼν
1120 1837 1302 1888 πᾶσαν
1345 1835 1444 1904 τὴν
1489 1834 1807 1890 ἀκολουθίαν

233 1925 337 1994 τῆς
359 1924 684 1995 ὁδοιπορίας,
714 1923 830 1986 πῶς
869 1940 928 1976 τε
965 1919 1128 1995 ἦλθον
1170 1924 1250 1986 είς
1288 1923 1556 1994 Βηθανίαν
1597 1926 1689 1978 καὶ
1728 1927 1808 1989 είς

234 2016 523 2087 Βηθφαγὴ.
556 2016 716 2068 Φύσει
760 2016 869 2087 γὰρ
914 2015 1184 2087 λεωφόρος
1222 2011 1291 2087 ἦν
1337 2015 1562 2080 παλαιὰ,
1600 2017 1807 2086 ἄγουσα

234 2109 319 2170 εἰς
377 2106 730 2178 Ἰερουσαλὴμ
773 2106 860 2160 διά
908 2105 1002 2160 τοῦ
1053 2106 1210 2177 ὅρους
1250 2107 1358 2160 τῶν
1396 2107 1658 2171 Ἐλαιῶν,
1708 2108 1808 2161 οὐκ

234 2195 513 2262 ἄγνωστος
547 2189 680 2247 οὖσα
709 2195 824 2256 τοῖς
858 2194 952 2247 καὶ
980 2192 1070 2245 τὸν
1090 2193 1254 2246 τόπον
1285 2193 1731 2264 ίστοροῦσιν.”1να
1750 2194 1808 2248 δὲ

237 2284 468 2356 ἐλεγχθῇ
494 2284 601 2337 ἀπὸ
630 2284 722 2337 106
750 2282 880 2337 ἰδίου
916 2284 1199 2354 στόματος,
1225 2283 1386 2354 φησίν
1403 2300 1417 2314 ·
1459 2283 1719 2353 Ἐγένετο
1739 2285 1810 2339 ἐν

233 2372 341 2443 μιᾷ
371 2373 486 2427 τῶν
512 2372 746 2442 ἡμερῶν
777 2372 1172 2438 διδάσκοντος
1209 2372 1394 2427 αὐτοῦ
1427 2374 1497 2426 ἐν
1533 2372 1613 2438 τῷ
1654 2373 1806 2442 ἱερῷ,

234 2457 535 2527 ἐζήτησαν
581 2459 887 2513 ἐπιϐαλεῖν
932 2458 1025 2513 ἐπ’
1055 2458 1240 2512 αὐτὸν
1281 2459 1387 2525 τὰς
1437 2460 1660 2529 χεῖρας,
1708 2461 1806 2515 καὶ

234 2548 640 2617 ἐφοϐήθησαν,
668 2549 742 2612 ὠς
769 2549 878 2619 ἔχει
922 2548 1063 2631 μετά
1098 2549 1254 2602 τοῦτο
1297 2549 1356 2602 τὸ
1391 2549 1682 2619 κεφάλαιον
1715 2550 1806 2605 νδ.

235 2639 365 2704 Πῶς
408 2636 500 2694 οὖν
547 2639 655 2693 ἀπὸ
692 2639 898 2711 Ἱεριχὼ
939 2640 1156 2709 ἐγένετο
1203 2642 1260 2693 ὲν
1289 2642 1368 2712 τῷ
1395 2641 1546 2712 ἱερῷ,
1576 2642 1685 2695 ἀπὸ
1710 2643 1811 2713 τῆς

237 2730 413 2800 αὐτῆς
448 2730 755 2800 ὁδοιπορίας
776 2729 1169 2801 γνωσθήσεται,
1197 2730 1403 2784 καὶτοῦ
1434 2733 1531 2803 τῆς
1551 2731 1670 2786 ὁδοῦ
1697 2733 1811 2786 δια-

239 2822 536 2892 πήματος.
555 2821 690 2874 Ἀλλ’
724 2822 808 2874 ἵνα
848 2820 985 2892 ὀφθῇ
1020 2822 1048 2873 ό
1086 2822 1403 2893 ῥᾳδιουργὸς
1447 2822 1810 2894 παρακρύψας

237 2911 310 2965 τά
342 2913 401 2966 ὲν
430 2916 496 2984 τῇ
529 2913 631 2983 ὁδῷ
658 2913 945 2984 γενόμενα,
976 2914 1067 2967 καὶ
1097 2915 1154 2966 ἐν
1180 2913 1258 2983 τῷ
1294 2913 1424 2985 ἱερῷ
1456 2912 1690 2985 ρηθέντα
1717 2914 1809 2967 ὑπ’

237 3002 407 3098 αυτοῦ
452 3002 546 3056 106
588 3004 839 3098 Σωτῆρος
880 3003 985 3075 πρὸ
1020 3004 1208 3056 τούτου
1246 3002 1424 3073 λόγου,
1451 3003 1593 3072 λέγω
1618 3004 1711 3076 δή⁶
1755 3004 1809 3057 Ὀ
1836 3039 1880 3098 c

238 3086 407 3157 οἶκός
439 3099 559 3159 μου
602 3086 765 3155 οἶκος
810 3090 1155 3159 προσευχῆς
1197 3091 1581 3159 κληθήσεται,
1608 3091 1703 3145 καὶ
1742 3091 1811 3144 τὰ

238 3177 387 3247 ἑξῆς,
423 3178 499 3240 ὡς
524 3176 636 3247 ἔχει
665 3180 700 3246 ἡ
736 3178 1060 3249 προφητεία.

311 3268 467 3340 Σχόλ.
503 3269 593 3322 νδν.
638 3271 745 3324 Kal
776 3270 1069 3339 ἐζήτησαν
1112 3270 1420 3325 ἐπιϐαλεῖν
1457 3270 1563 3337 τὰς
1612 3269 1813 3341 χεῖρας

238 3359 335 3413 ἐπ’
369 3359 576 3423 αὑτὸν,
595 3358 695 3412 καὶ
719 3361 1126 3429 ἐφοϐήθησαν,

316 3448 538 3519 Ἐλεγχ.
576 3449 667 3513 νδ’.
708 3448 1014 3522 Ἐθεωρήθη
1044 3453 1136 3504 καὶ
1165 3451 1482 3524 ήρμηνεύθη
1512 3454 1570 3505 ὲν
1599 3451 1676 3524 τῷ
1707 3453 1814 3524 πρὸ

239 3538 433 3592 τούτου
476 3539 684 3609 ἐλέγχῳ
733 3539 829 3593 σὺν
870 3543 936 3610 τῇ
984 3542 1199 3612 φράσει,
1238 3544 1354 3612 μετ’
1405 3544 1670 3615 ἐπιτομῆς
1715 3544 1814 3616 τῆς

241 3631 650 3702 προσηκούσης.

314 3719 473 3790 Σχόλ.
508 3727 601 3774 va’.
648 3722 816 3777 Πάλιν
850 3722 1087 3793 ἀπέκοψε
1112 3722 1179 3777 τὰ
1216 3723 1341 3796 περὶ
1372 3725 1464 3779 τοῦ
1494 3726 1814 3798 ἀμπελῶνος

237 3809 337 3865 106
375 3811 719 3883 ὲκδεδομένου
747 3817 1013 3886 γεωργοῖς
1032 3831 1044 3843 ·
1088 3816 1179 3868 καὶ
1208 3816 1299 3868 τό·
1337 3817 1398 3871 Τί
1424 3811 1537 3870 οὖν
1563 3818 1695 3872 ἐστι
1723 3817 1811 3884 τὸ,

242 3904 431 3957 Λίθον
455 3903 527 3957 ὃν
544 3904 1000 3974 ἀπεδοκίμασαν
1045 3908 1100 3959 oi
1132 3906 1626 3975 οίκοδομοῦντεςς

302 3994 525 4065 Ἐλεγχ.
549 4002 641 4052 νε’.
664 3997 829 4050 Οὐδὲν
849 3999 995 4068 ἡμᾶς
1029 3998 1274 4068 ἀδικήσει
1289 3997 1463 4054 τοῦτο.
1487 3999 1615 4053 ’Κάν
1633 4016 1693 4051 τε
1709 3997 1816 4071 γὰρ

241 4083 377 4136 αὐτὸ
402 4085 702 4156 περικόψη,
746 4086 844 4139 οὐκ
876 4087 968 4157 ἀφ’
1012 4086 1166 4157 ήμῶν
1192 4087 1489 4157 ἀπέκοψεν,
1520 4089 1656 4143 ἀλλά
1691 4090 1817 4142 ἑαυ-

242 4172 336 4225 τὸν
380 4175 475 4227 καὶ
509 4176 634 4238 τοὺς
665 4176 828 4229 αὐτοῦ
858 4176 1181 4247 ἐζημίωσεν.
1234 4179 1458 4242 Ἱκανῶς
1502 4180 1608 4252 γὰρ
1639 4182 1668 4233 ὁ
1696 4180 1817 4234 κατ’

132 4288 145 4297 ς
246 4257 412 4310 αὐτοῦ
447 4259 664 4330 ἔλεγχός
689 4263 824 4326 ἐστι,
854 4263 942 4316 διὰ
975 4264 1233 4318 πλειόνων
1263 4268 1595 4338 μαρτυριῶν.

316 4435 476 4504 Σχόλ.
504 4443 595 4500 νς’.
646 4437 909 4509 Ἀπέκοψε
938 4441 1026 4495 τό’
1055 4445 1182 4498 Ὅτι
1211 4444 1278 4497 δὲ
1300 4446 1624 4515 ἐγείρονται
1642 4449 1696 4500 οί
1723 4464 1820 4501 νε-

1901 477 1961 524 ut
1988 485 2109 540 quae
2129 468 2196 524 ad
2231 468 2438 523 Christi
2472 465 2790 523 Passionem
2822 465 3057 520 attinent
3096 471 3337 534 negaret.
3370 460 3480 518 Sed

1900 574 2024 615 cum
2076 559 2275 615 deinde
2315 557 2641 614 cruciﬁxum
2693 556 2944 611 eumdem
2994 569 3118 611 esse
3162 554 3474 618 conﬁtetur,

1902 651 2108 707 frustra
2154 656 2239 706 est
2265 649 2443 705 omnis
2476 648 2547 703 ab
2570 661 2637 703 eo
2674 636 3013 715 dcpravandi
3047 644 3195 700 illius
3224 644 3327 699 lori
3355 660 3479 701 sus-

1901 750 2090 812 ceptus
2116 741 2290 796 labor.

1969 831 2153 887 Schol.
2194 831 2282 887 55.
2336 829 2609 900 Expunxit
2661 836 2717 885 et
2769 837 2935 899 caput
3003 829 3136 883 illud
3197 828 3265 884 de
3319 828 3477 884 asino

1903 922 2246 993 Bethpbage,
2312 929 2368 977 et
2429 921 2597 985 urbe,
2668 927 2831 990 atque
2884 920 3147 989 templo‘.
3215 918 3479 985 Quoniam

1903 1014 2153 1082 scriptum
2185 1022 2262 1067 est
2293 1029 2311 1066 :
2346 1011 2545 1067 Domus
2585 1027 2701 1065 mea
2726 1011 2914 1065 domus
2963 1011 3220 1065 orationis
3269 1010 3477 1065 vocabi-

1907 1115 2011 1160 tur.
2032 1104 2111 1158 Et
2137 1105 2316 1173 facitis
2344 1120 2456 1158 eam
2490 1102 2791 1171 speluncam
2832 1104 3097 1157 latronum
3125 1104 3167 1158 ’.

1977 1279 2158 1335 Refut.
2192 1280 2279 1336 55.
2327 1280 2481 1336 Caeca
2512 1288 2596 1336 est
2643 1279 2967 1351 improbitas
3004 1279 3218 1343 omnis;
3268 1292 3369 1333 nec
3415 1293 3479 1333 ea

1909 1372 2049 1427 videt
2091 1372 2284 1441 quibus
2326 1371 2574 1441 redargui
2614 1372 2815 1440 possit.
2862 1385 2926 1424 ac
2957 1384 3016 1424 se
3060 1368 3201 1438 quod
3239 1366 3354 1422 ﬁeri
3384 1382 3483 1421 ne-

1905 1464 2024 1532 quit
2049 1462 2300 1527 omnino,
2323 1461 2572 1517 veritatis
2603 1464 2746 1515 viam
2780 1460 3060 1515 occultare
3083 1467 3267 1528 sperat
3297 1471 3476 1531 posse.

1911 1552 1999 1606 Sic
2032 1552 2154 1616 iste,
2192 1551 2580 1621 praetermissis
2619 1551 2688 1605 iis
2708 1550 2963 1605 omnibus
2991 1565 3111 1619 quae
3143 1548 3252 1602 dixi
3288 1546 3485 1617 capiti-

1908 1643 2034 1704 bus,
2084 1642 2317 1710 abrupte
2364 1641 2665 1704 transiliit,
2710 1648 2769 1694 ut
2801 1641 2933 1695 illud
2980 1640 3047 1693 de
3078 1640 3280 1710 templo
3327 1638 3483 1693 testi-

1908 1734 2148 1786 monium
2188 1734 2420 1796 vitaret,
2460 1747 2572 1802 quo
2603 1733 2879 1802 peculiare
2918 1730 3023 1785 sibi
3058 1731 3368 1791 illudesse,
3418 1744 3483 1784 ac

1907 1824 2111 1877 nomini
2146 1838 2245 1877 suo
2283 1823 2646 1879 constitutum
2688 1822 2977 1892 signiﬁcat.
3008 1822 3088 1875 Ac
3126 1815 3383 1890 deinceps
3412 1820 3484 1875 ab

1906 1913 2278 1969 Hierichuntis
2308 1914 2589 1968 mentione
2616 1920 2787 1967 totam
2841 1912 3057 1966 itineris
3090 1911 3284 1967 seriem
3319 1911 3480 1964 omit-

1905 2005 2022 2068 tit,
2078 2012 2247 2075 utque
2308 2003 2629 2060 Bethaniam
2684 2018 2748 2057 ac
2796 2002 3108 2073 Bethphage
3150 2002 3480 2072 pervenerit.

1907 2095 2076 2153 Vetus
2128 2097 2274 2151 enim
2333 2103 2451 2151 erat
2504 2097 2618 2155 via,
2672 2109 2794 2165 quae
2847 2109 2943 2163 per
3003 2094 3198 2149 Oliveti
3245 2102 3481 2149 montem

1910 2181 2283 2253 Hierosolyma
2308 2182 2572 2250 ducebat,
2615 2181 2772 2253 3&1
2806 2197 2969 2251 quam
3009 2182 3150 2236 haud
3200 2183 3480 2249 ignorant.

1907 2274 2001 2343 qui
2051 2289 2114 2329 ea
2159 2274 2279 2328 loca
2323 2279 2635 2344 peragrant.
2673 2272 2872 2329 Verum
2926 2281 2984 2327 ut
3033 2289 3133 2328 suo
3177 2275 3352 2344 ipsius
3389 2289 3484 2329 ore

1907 2364 2260 2419 convincatur
2294 2383 2307 2419 :
2359 2363 2581 2418 Factum
2623 2373 2737 2428 est,
2782 2365 2991 2434 inquit,
3032 2366 3087 2417 in
3129 2381 3234 2417 una
3276 2366 3483 2419 dierum

1908 2454 2121 2510 docente
2149 2456 2243 2508 illo
2286 2456 2339 2509 in
2393 2454 2583 2524 templo
2611 2495 2624 2517 ,
2676 2464 2996 2526 quieuerunt
3039 2456 3247 2525 injicere
3307 2457 3359 2509 in
3420 2457 3481 2510 il-

1910 2546 2019 2600 lum
2049 2562 2265 2610 manus,
2311 2556 2362 2601 et
2426 2547 2712 2601 timuerunt
2739 2587 2754 2611 ,
2798 2557 2857 2601 ut
2901 2547 3150 2617 sequenti
3192 2547 3370 2617 capite
3415 2547 3484 2602 54

1909 2638 2234 2695 declaratur.
2289 2638 2453 2709 Igitur
2502 2637 2962 2708 quemadmodum
3026 2638 3379 2695 Hierichunte
3428 2637 3482 2692 iu

1912 2730 2166 2800 templum
2196 2731 2404 2785 venerit
2428 2745 2492 2786 ex
2533 2730 2722 2786 eodem
2747 2732 2839 2786 illo
2868 2731 3061 2785 itinere
3095 2744 3160 2785 ac
3188 2730 3288 2785 viae
3313 2730 3476 2785 inter.

1909 2819 2053 2875 vallo
2078 2820 2447 2889 cognoscitur.
2471 2818 2578 2874 Sed
2610 2835 2675 2875 eo
2701 2835 2791 2875 res
2822 2819 3055 2874 adducta
3071 2826 3184 2884 est,
3205 2828 3263 2873 ut
3290 2819 3486 2890 impro-

1907 2905 2012 2962 bus
2034 2906 2122 2962 ille
2140 2914 2415 2962 veterator
2436 2922 2557 2977 quae
2576 2908 2628 2961 in
2644 2907 2730 2962 via
2746 2918 2896 2978 gesta
2930 2916 3058 2962 sunt
3096 2915 3149 2963 et
3195 2909 3250 2962 in
3282 2909 3487 2978 templo

1912 3011 1943 3051 a
1962 2996 2243 3053 Salvatore
2261 3005 2389 3053 ante
2419 2998 2567 3062 hunc
2589 3013 2894 3054 sermonem
2921 3006 3047 3054 sunt
3063 2998 3207 3052 dicta
3235 2998 3489 3054 dissimu-

1913 3087 2058 3142 Iasse
2088 3086 2353 3141 videatur.
2394 3085 2705 3141 Nimirum:
2741 3087 2941 3142 Domus
2989 3104 3103 3141 mea
3132 3086 3319 3142 domus
3362 3106 3487 3142 ora-

1915 3177 2074 3232 tionis
2106 3175 2397 3241 vocabitur,
2429 3185 2555 3243 etc.,
2589 3184 2649 3229 ut
2679 3177 2731 3229 iu
2767 3177 3048 3247 prophetia
3075 3178 3346 3249 leguntur.

1986 3266 2168 3323 Schol.
2201 3267 2291 3323 54.
2320 3266 2389 3341 Et
2416 3268 2734 3338 quwsierunt
2768 3267 2982 3337 injicere
3019 3283 3204 3322 manus
3234 3269 3287 3323 in
3314 3268 3511 3336 illum,

1913 3366 1962 3411 et
2002 3359 2288 3413 timuerunt
2308 3357 2347 3412 ³.

1984 3447 2168 3505 Reint.
2211 3450 2298 3505 54.
2330 3449 2463 3517 Quae
2490 3450 2557 3506 ad
2589 3451 2736 3507 hunc
2763 3451 2943 3507 locum
2975 3458 3248 3522 spectant,
3278 3467 3349 3507 ea
3364 3467 3489 3523 proi-

1914 3539 2059 3593 xima
2093 3539 2422 3596 refutatione
2448 3556 2572 3595 cum
2610 3542 2728 3612 ipsa
2774 3542 3030 3614 loquendi
3063 3542 3488 3613 ratione,.quam

1916 3627 2031 3685 ﬁeri
2076 3629 2252 3699 potuit
2299 3630 2624 3686 brevissime
2671 3647 2912 3702 expensa
2958 3640 3086 3689 sunt
3119 3643 3173 3689 et
3198 3633 3488 3702 explicata.

1991 3717 2175 3775 Schol.
2211 3720 2300 3775 55.
2331 3720 2461 3776 Item
2493 3721 2645 3775 illum
2680 3722 2892 3778 induxit
2920 3709 3120 3789 locum,
3151 3739 3261 3794 quo
3290 3723 3357 3779 de
3384 3726 3492 3778 vite

1919 3809 2011 3864 illa
2040 3809 2220 3880 agitur
2240 3810 2495 3881 agricolis
2516 3810 2714 3868 locata.
2737 3810 2913 3881 Atque
2939 3813 3040 3867 hoc
3070 3814 3291 3881 insuper
3316 3831 3329 3866 :
3351 3813 3492 3878 Quid

1918 3910 1993 3956 est
2010 3901 2194 3972 igitur,
2230 3900 2459 3970 lapidem
2492 3918 2645 3972 quem
2664 3906 3069 3970 reprobaverunt
3093 3903 3417 3973 wdiﬁcantes
3432 3904 3491 3955 ‘?

1988 3991 2168 4047 Refut.
2205 3992 2292 4048 55.
2324 3991 2471 4047 Nihil
2504 3992 2558 4047 id
2597 3993 2817 4064 quidem
2858 4008 3057 4050 nocere
3094 3994 3253 4049 nobis
3288 4003 3487 4064 potest.

1919 4077 2164 4139 Tametsi
2204 4084 2351 4138 enim
2397 4083 2577 4139 locum
2621 4084 2788 4141 istum
2819 4086 3101 4148 exemerit,
3146 4100 3255 4139 non
3292 4085 3401 4140 ullo
3435 4085 3486 4139 id

1919 4184 2111 4230 nostro
2136 4174 2345 4241 damno
2365 4175 2608 4242 sustulit,
2643 4175 2737 4232 sed
2768 4176 2871 4232 sibi
2912 4176 3016 4246 ipsi
3053 4176 3277 4247 suisque
3310 4174 3489 4232 fraudi

1919 4264 2103 4333 potius
2131 4265 2249 4320 fuit.
2282 4266 2670 4337 Compluribus
2708 4267 2849 4322 enim
2886 4267 3215 4323 testimoniis
3240 4269 3372 4324 satis
3402 4284 3493 4325 su-

1855 4382 1895 4436 D
1922 4371 2123 4426 perque
2148 4356 2436 4414 refellitur.

1965 4416 2178 4501 -Sehol.
2215 4446 2304 4502 56.
2348 4446 2552 4502 Delevit
2581 4448 2713 4503 illud
2746 4467 2760 4505 :
2791 4448 2931 4518 Quia
2955 4416 3071 4506 vero
3101 4452 3294 4505 mortui
3315 4466 3493 4506 resur-

245 4527 400 4596 χροὶ,
431 4529 691 4597 Μωῦσῆς
724 4531 992 4600 ἐμήνυσε
1020 4535 1149 4603 περὶ
1194 4536 1300 4589 τοῦ
1325 4536 1521 4601 βάτου
1549 4538 1683 4608 (75),
1740 4538 1809 4605 ὡς

1922 4546 2069 4607 gunt,
2109 4535 2320 4606 Moyses
2352 4538 2582 4592 ostendit
2620 4554 2767 4592 secus
2803 4537 3012 4603 rubum,
3059 4539 3193 4594 sicut
3224 4538 3351 4591 dicit
3379 4537 3493 4592 Do-

242 4618 407 4688 λέτει
458 4621 701 4688 Κύριον,
738 4623 845 4676 τὸν
870 4625 1018 4679 Θεὸν
1074 4628 1319 4697 Ἀϐραὰμ
1350 4628 1448 4682 καί
1482 4630 1698 4695 Ἰσαὰκ,
1721 4631 1820 4686 καὶ

260 4711 479 4765 Ἰακώϐι
518 4714 661 4780 Θεὸς
688 4716 752 4768 δ’
771 4717 900 4771 ἐστὶ
931 4716 1178 4783 ζώντων,
1205 4720 1302 4777 καί
1326 4721 1463 4792 οὐχί
1493 4722 1740 4791 νεκρῶν.

323 4828 547 4899 Ἔλεγχ.
571 4830 679 4895 νς’.
715 4830 1003 4902 Θαυμάσαι
1027 4833 1179 4888 ἐστιν
1204 4836 1296 4888 ἐπὶ
1323 4837 1389 4907 τῇ
1419 4835 1575 4907 ἀνοίᾳ
1604 4835 1697 4889 106
1722 4853 1823 4907 μα-

1924 4629 2126 4681 minum
2162 4626 2326 4681 Deum
2355 4628 2644 4697 Abraham,
2675 4628 2835 4685 Isaac
2863 4640 2912 4686 et
2933 4629 3123 4687 Iacob.
3156 4629 3293 4684 Deus
3322 4639 3496 4685 autem
3522 4672 3527 4677 ι

1921 4727 1998 4772 est
2031 4720 2283 4784 vivorum,
2316 4736 2420 4773 non
2453 4730 2778 4775 mortuorum
2807 4724 2849 4777 ⁸.

1993 4829 2175 4886 Refut.
2237 4832 2325 4887 56.
2384 4833 2751 4890 Admirandus
2812 4836 2969 4905 plane
3020 4836 3197 4894 insani
3256 4837 3495 4893 hominis
3598 4884 3626 4896 -
3706 4888 3715 4895 τ

247 4919 588 4990 ταιόκρρονος,
618 4920 734 4983 πῶς
770 4922 890 4992 οὐχὶ
914 4926 1045 4987 νοεῖ,
1085 4923 1166 4989 ότι
1195 4926 1285 4991 ἴση
1310 4924 1448 4995 αὕτη
1486 4928 1520 4997 ἡ
1551 4926 1809 4998 μαρτυρία

1922 4931 2127 4994 stupor.
2164 4926 2301 4991 Quid
2345 4927 2527 4980 enim?
2572 4943 2681 4982 non
2728 4927 2859 4983 illud
2903 4930 3370 4996 animadvertisse,
3399 4944 3498 5000 par

246 5007 508 5076 τυγχάνει
540 5010 604 5077 τῇ
632 5008 723 5061 τοῦ
755 5010 1005 5081 Λαζάρου
1028 5010 1125 5063 τοῦ
1156 5011 1394 5081 πτωχοῦ,
1427 5010 1520 5068 καὶ
1552 5017 1621 5086 τῇ
1646 5032 1823 5086 παρα-

252 5098 380 5170 ϐολῇ
397 5097 509 5153 τῶν
534 5099 608 5171 μὴ
637 5101 1098 5172 συγχωρουμένων
1122 5102 1201 5164 είς
1228 5102 1324 5171 τὴν
1352 5102 1625 5171 βασιλείαν
1650 5105 1824 5158 εἰσελ-

254 5188 397 5242 θεῖν*
428 5182 504 5245 ὧν
536 5190 856 5260 παραϐολῶν
887 5191 955 5244 τὰ
987 5190 1212 5260 λείψανα
1243 5192 1413 5255 εἴασε,
1447 5194 1542 5246 καὶ
1578 5195 1636 5246 06
1660 5176 1825 5266 παρ-

255 5280 469 5350 έκυψεν,
512 5280 647 5343 ἀλλά
676 5280 770 5334 ὲπί
799 5283 864 5353 τῇ
902 5279 1065 5334 0.6106
1097 5283 1326 5353 αἰσχύνῃ
1356 5283 1708 5338 καταλέλοιπε
1740 5286 1830 5347 τὸ,

1925 5016 2069 5069 istud
2107 5031 2229 5072 esse
2272 5017 2641 5073 testimonium
2690 5020 2862 5074 altero
2896 5021 2974 5073 illi
3013 5020 3079 5075 de
3115 5021 3363 5076 mendico
3403 5019 3499 5074 La-

1928 5119 2088 5167 zaro,
2145 5119 2359 5160 necnon
2427 5114 2483 5160 et
2539 5120 2727 5162 eorum
2781 5106 3048 5176 parabolae
3085 5108 3286 5177 quibus
3344 5108 3496 5177 regni

1927 5197 2107 5250 aditus
2140 5197 2556 5252 intercluditur?
2586 5198 2830 5265 Quarum
2865 5197 3082 5269 quidem
3116 5198 3497 5270 parabolarum

1927 5286 2187 5356 reliquias
2217 5288 2475 5351 servavit,
2503 5303 2605 5345 nec
2641 5299 2697 5345 ut
2732 5291 2834 5345 alia
2864 5290 3122 5362 pleraque
3150 5291 3387 5347 sustulit.
3422 5288 3500 5345 lta

333 5457 351 5486 '
383 5458 518 5516 Luc.
558 5475 671 5525 xix,
702 5458 790 5513 29.
867 5459 887 5488 *
916 5457 1045 5514 ibid.
1078 5457 1169 5514 ιο.
1249 5459 1269 5490 ι
1301 5455 1431 5513 Lu’c.
1469 5476 1556 5525 xx,
1595 5460 1672 5515 ιο.
1753 5439 1780 5492 ε
1809 5462 1940 5518 ibid.
1970 5463 2064 5530 l7;
2110 5441 2247 5533 psal.
2285 5479 2453 5532 cxvu,
2484 5466 2575 5522 ea.
2655 5469 2674 5501 ο
2707 5466 2839 5525 Luc.
2873 5484 2964 5535 xx,
2999 5469 3089 5538 37,
3130 5467 3217 5525 58.

325 5636 440 5707 (75)
475 5638 618 5707 Περὶ
651 5637 760 5708 τῆς
792 5639 1006 5703 βάτου.
1044 5639 1195 5711 Apud
1232 5638 1431 5694 Lucam
1461 5640 1595 5711 lege.
1629 5640 1719 5692 ini
1756 5640 1853 5711 τῆς
1892 5639 2074 5711 βάτου.
