3932 6064
236 244 343 301 765
902 255 1275 313 ADVERSUS
1307 255 1652 312 llz’ERESES
1690 258 1819 315 LIB.
1855 260 1894 316 ι.
1930 262 2093 318 ΤΟΜ.
2128 260 2288 317 lll.—
2308 259 2583 315 HIERES.
2626 260 2786 318 XLII.
3395 265 3497 322 766

222 367 421 439 ἑτέραν
453 366 548 420 κοιλ¹
581 369 793 438 ἑτέραν,
843 371 945 423 κᾶν
977 388 1037 423 τε
1063 374 1130 441 τῇ
1163 372 1305 443 ’ἀξίᾳ
1340 374 1433 426 καὶ⁸
1480 374 1667 446 τρόπῳ
1696 376 1805 447 ἔχοι

1918 378 2062 432 ηοιίο
2097 392 2162 432 ac
2196 383 2443 471 potesta‘s
2478 374 2680 446 allingi,
2711 375 2930 430 tametsi
2965 374 3107 445 quod
3153 375 3221 431 ad
3255 377 3493 449 dignita-

219 461 322 530 τὴν
346 459 628 530 διαφοράν.
664 462 733 513 Ἥ
760 461 870 532 γὰρ
892 462 1085 525 δώσεις
1106 464 1202 516 καὶ⁵
1224 465 1350 528 τοὺς
1371 464 1575 519 δώδεκα
1591 467 1804 539 δοκήσει

1918 478 2015 525 [ειη
2048 483 2113 524 ac
2150 468 2373 523 modum
2404 459 2606 522 attinet
2636 468 2888 521 nonnihil
2920 468 3151 523 intersit.
3190 469 3296 523 Aut
3329 470 3495 539 igitur

217 551 699 614 ἀναπεπτωκέναι,
740 551 772 623 ἦ
820 554 912 605 καὶ
941 554 1103 607 αὑτὸν
1139 556 1369 627 ἀληθείᾳ
1400 558 1578 629 σάρκα
1617 560 1807 630 ἔχοντα

216 640 495 710 ἀληθινῶς
514 642 989 699 ἀναπεπτωκέναι.
1015 646 1123 699 Καὶ
1150 647 1431 716 ἐπιθυμίᾳ
1459 651 1807 719 ἐπεθύμησα

212 733 401 786 τοῦτο
442 733 508 786 τὸ
550 734 767 803 Πάσχα
815 736 1029 805 φαγεῖν
1059 739 1189 805 μεθ’
1222 738 1391 807 ὑμῶν
1435 743 1549 810 πρὸ
1597 744 1706 796 τοῦ
1730 744 1807 812 με

217 824 459 887 παθεῖν,
501 826 587 877 ἵνα
622 825 769 898 δείξῃ
796 828 991 898 Πάσχα
1019 828 1130 898 (79)
1165 830 1272 900 πρὸ
1298 830 1393 883 τοῦ
1417 833 1617 896 πάθους
1640 836 1804 888 αὑτοῦ

216 918 280 968 ὲν
319 916 396 986 τῷ
419 917 569 987 νόμῳ
596 918 875 989 προτυπού
884 936 1063 989 μενον,
1095 922 1188 973 καὶ
1212 922 1491 992 γινόμενον
1513 924 1571 976 τὸ
1591 924 1805 994 βέϐαιον

214 1007 387 1060 αὐτοῦ
410 1008 503 1060 τοῦ
527 1008 752 1071 πάθους,
782 1010 877 1061 καὶ
905 1010 1281 1081 ἐντελέστερον
1308 1013 1801 1084 προσκαλούμενοψ

216 1100 315 1152 καὶ
356 1100 743 1164 ὑποδεικνύων,
796 1100 873 1164 ὡς
911 1102 1005 1155 καὶ
1048 1104 1076 1154 6
1119 1103 1273 1171 ἅγιος
1300 1105 1594 1169 ἀπόστολός
1635 1125 1801 1181 φησιο

215 1192 581 1259 Παιδαγωγὸς
613 1196 744 1263 ἡμῖν
779 1194 1038 1262 γέγονενί
1074 1197 1102 1248 6
1150 1196 1312 1265 νόμος
1343 1199 1422 1259 εἰς
1448 1199 1706 1268 Χριστόν.
1740 1202 1833 1261 Εἰ,

214 1283 271 1335 δὲ
314 1283 662 1351 παιδαγωγὸς
705 1287 733 1338 6
772 1284 934 1357 νόμος
976 1288 1054 1350 είς
1091 1287 1348 1358 Χριστὸν,
1392 1289 1493 1342 οὐκ
1529 1290 1805 1361 ἀλλότριος

214 1370 459 1441 Χριστοῦ
488 1373 517 1424 6
549 1373 730 1442 νόμος.
1562 1388 1567 1391 ’

1910 560 2185 615 fatendum
2217 558 2313 613 tibi
2342 567 2447 623 est,
2476 558 2765 613 duodecim
2792 574 3009 629 quoque
3034 558 3337 629 discipulos
3364 578 3485 631 spe-

1906 652 1991 705 cie
2025 661 2182 705 tenus
2213 649 2561 713 accubuisse,
2611 658 2706 703 aut
2755 649 2936 719 ipsum
2980 651 3069 718 qui
3105 666 3229 706 vere
3267 668 3490 708 carnem

1908 743 2179 805 induerat,
2212 730 2604 809 vere‘idipsmu
2639 742 2838 811 egisse.
2868 741 2972 807 Qui
3006 742 3086 798 sic
3122 743 3243 797 ideo
3274 745 3491 800 locutus

1906 840 1989 898 est
2021 851 2034 886 :
2071 830 2347 885 Desiderio
2400 829 2698 884 desideravi
2754 830 2849 883 hoc
2906 829 3115 884 Pascha
3171 832 3493 885 manducare

1906 923 2169 976 vobiscum
2212 931 2490 991 antequam
2522 921 2721 987 patiar,
2776 928 2835 974 ιιι
2877 928 2931 975 ct
2962 921 3173 976 Pascha
3203 921 3332 976 illud
3364 930 3492 978 ante

1907 1015 2213 1084 passionem
2279 1028 2433 1066 suam
2513 1016 2739 1082 tigurate
2811 1014 2864 1067 in
2946 1014 3062 1084 lege
3127 1015 3487 1069 constitutum

1905 1105 2252 1170 ostenderet;
2274 1111 2327 1158 et
2352 1105 2581 1157 alterum
2613 1105 2949 1159 successisse
2972 1113 3320 1171 monstraret,
3345 1106 3489 1177 quod

1905 1204 1961 1249 et
2008 1195 2077 1249 ad
2124 1194 2474 1249 astruendam
2524 1194 2843 1250 Passionem
2896 1210 3050 1250 suam
3104 1204 3396 1265 spectaret,
3437 1204 3492 1251 et

1904 1284 2202 1355 perfectius
2231 1286 2621 1356 appellaretur.
2650 1286 2823 1339 Simul
2859 1286 2991 1340 illud
3028 1285 3312 1342 indicans:
3343 1288 3489 1357 quod

1905 1376 2188 1446 apostolus
2217 1374 2421 1431 Paulus
2461 1376 2668 1437 docuit,
2703 1376 2875 1447 legem
2908 1375 3182 1446 paedagogi
3220 1376 3381 1432 nobis
3403 1377 3489 1431 ir.-

1790 1526 1809 1545 \
1905 1475 2019 1521 star
2055 1468 2108 1520 in
2135 1466 2358 1521 Christo
2389 1466 2561 1522 fuisse
2588 1468 2631 1521 ³.
2663 1467 2820 1533 Quod
2860 1468 2906 1523 si
2943 1468 3269 1538 paedagogus
3302 1477 3492 1524 noster

291 1628 454 1698 Σχόλ.
484 1627 585 1697 ξγ’.
613 1629 898 1701 Παρέκοψε
914 1632 976 1684 τό
995 1649 1008 1663 ·
1045 1634 1206 1703 Λέγω
1242 1631 1405 1701 ὑμῖν*
1434 1632 1614 1707 Οὖμὴ
1636 1639 1804 1708 φάγω

1908 1558 1990 1629 lev
2027 1560 2080 1611 in
2112 1558 2335 1612 Christo
2376 1556 2500 1620 fuit,
2538 1573 2566 1609 a
2602 1558 2825 1614 Christo
2861 1558 3084 1613 minime
3114 1560 3218 1612 erit
3255 1559 3453 1614 aliena.

1977 1648 2160 1701 Schol.
2207 1648 2295 1701 63.
2331 1646 2603 1702 Prmterea
2651 1649 2766 1702 haec
2801 1648 2869 1701 ab
2912 1648 3006 1703 illo
3057 1650 3301 1703 detracta
3339 1659 3486 1705 sunt.

212 1720 364 1773 αὐτὸ
381 1719 620 1789 ancipes,
638 1720 748 1786 ἕως
776 1718 854 1775 ἂν
876 1725 1158 1794 πληρωθῇ
1185 1728 1255 1781 ἐν
1279 1727 1356 1797 τῇ
1377 1729 1668 1799 ,ϐασιλείᾳ
1696 1731 1801 1785 τοῦ

1918 1738 2036 1790 Dico
2061 1741 2197 1791 enim
2228 1738 2368 1792 vobis
2393 1754 2410 1791 :
2432 1738 2554 1792 Non
2584 1738 2733 1792 edam
2761 1738 2898 1791 illud
2929 1741 3178 1806 amplius,
3209 1740 3372 1795 donec
3392 1742 3492 1794 int-

216 1812 389 1865 Θεοῦ.

288 1903 517 1972 Ἔλεγχ.
554 1903 651 1971 ξγ¹.
689 1905 860 1959 Τοῦτο
887 1908 1147 1980 περιεῖλε,
1176 1910 1270 1963 καὶ
1317 1904 1797 1986 ὲρῤᾳίιούργῆσεν,

215 1997 304 2048 ἵνα
329 1994 497 2063 δῆθεν
532 1996 605 2067 μὴ
637 1997 834 2069 ποιήσῃ
870 2001 927 2053 ὲν
955 2003 1019 2071 τῇ
1055 2000 1298 2072 βασιλείᾳ
1328 2004 1419 2056 τοῦ
1449 2004 1583 2058 Θεοῦ
1615 2004 1798 2076 βρωτὰ

217 2086 245 2156 ἢ
288 2086 462 2139 ποτά-
489 2088 588 2141 οὐκ
624 2086 779 2152 εἰδὼς
817 2091 846 2142 6
880 2090 1176 2161 κτηνώδης,
1212 2094 1294 2145 ὅτι
1323 2095 1671 2167 ἀντιμεμημα
1693 2094 1803 2147 τῶν

214 2178 479 2246 ἐπιγείων
507 2178 731 2233 δύναται
778 2176 917 2233 εἶναι
964 2183 1309 2252 πνευματικὰ
1354 2186 1445 2237 καὶ
1482 2186 1799 2254 ἐπουράνια,

218 2269 744 2341 μεταλαμϐανόμεναι
790 2272 865 2335 ὡς
896 2275 1057 2343 ἡμεῖς
1086 2275 1184 2327 οὐκ
1217 2274 1459 2344 οἴδαμεν.
1517 2271 1803 2346 Μαρτιὶρεῖ

226 2361 321 2431 τὰρ
348 2361 514 2414 πάλιν
552 2364 580 2414 6
613 2361 822 2433 Σωτὴρ,
872 2365 966 2417 καὶ
1011 2365 1178 2433 λέγει,
1218 2367 1301 2418 ὅτι
1333 2368 1666 2421 Καθίσεσθε
1703 2367 1800 2420 ἐπὶ

214 2448 324 2515 τῆς
352 2449 647 2517 τραπέζὴς
677 2468 818 2519 μου,
853 2452 1162 2520 ἐσθίοντες
1193 2456 1288 2507 καί
1325 2458 1603 2521 πίνοντες
1633 2456 1703 2507 ἐν
1729 2454 1803 2523 τῇ

214 2541 505 2607 ,ϐασιλείᾳ
530 2541 648 2594 τῶν
681 2542 971 2609 οἱιοανῶν.
1006 2546 1076 2597 ’Ἠ
1114 2546 1387 2616 παρέκοψε
1417 2546 1577 2599 πάλιν
1609 2544 1802 2611 ταῦτα,

221 2634 305 2685 ἵνα
333 2633 500 2704 δῆθεν
533 2636 733 2706 ποιήσῃ
756 2635 823 2688 τὰ
862 2638 919 2688 ὲν
950 2637 1027 2707 τῷ
1051 2638 1200 2709 νόμῳ
1233 2640 1306 2710 μὴ
1334 2640 1524 2721 ἔχοντα
1550 2640 1714 2693 τόπον
1745 2642 1802 2693 ὲν

218 2726 282 2793 τῇ
313 2722 566 2794 βασιλείᾳ
591 2724 698 2777 τῶν
720 2725 982 2796 οὐρανῶν.
1005 2726 1181 2781 Πόθεν
1202 2725 1295 2781 οὖν
1324 2730 1510 2793 Ἠλίας
1535 2731 1627 2782 καὶ
1647 2731 1805 2782 Moti}-

222 2816 317 2883 σῆς
344 2812 610 2885 ὤφθησαν
644 2817 761 2885 μετ’
801 2815 966 2868 αὑτοῦ
1003 2819 1061 2870 ἐν
1092 2818 1168 2887 τῷ
1201 2819 1317 2890 ὄρει
1348 2822 1406 2872 ἐν
1450 2820 1573 2890 δόξῃ
1601 2837 1614 2883 ;
1666 2818 1803 2871 Ἀλλ’

216 2908 371 2960 οὐδὲν
409 2908 703 2980 δυνήσεταί
731 2925 815 2971 τις
841 2909 977 2981 πρὸς
1004 2910 1103 2980 τὴν
1136 2912 1413 2984 ἀλήθειαν.

1896 1830 2107 1897 plealur
2137 1830 2189 1881 in
2219 1845 2378 1898 regno
2408 1829 2502 1882 Dei
2522 1838 2564 1883 '.

1968 1918 2128 1989 345
2171 1918 2354 1973 Rcfut.
2397 1920 2486 1973 63.
2542 1918 2679 1972 Mala
2731 1919 2835 1974 ista
2892 1919 2995 1975 ﬁde
3050 1920 3348 1982 subtraxit,
3416 1936 3485 1975 ne

1900 2011 2108 2062 scilicet
2153 2009 2323 2062 ullum
2372 2008 2427 2062 in
2476 2023 2645 2078 regno
2708 2008 2799 2063 Dei
2847 2016 3033 2078 potum
3081 2024 3145 2064 ac
3177 2010 3359 2063 cibum
3404 2008 3490 2062 his

1901 2099 2082 2152 verbis
2113 2105 2389 2167 pateretur
2420 2098 2676 2167 exprimi.
2718 2096 2829 2151 Nec
2873 2098 3005 2152 illud
3044 2099 3207 2153 homo
3235 2098 3492 2168 stupidus

1902 2188 2159 2258 agnovit,
2189 2195 2533 2241 terrenorum
2564 2187 2744 2241 simile
2771 2186 3033 2256 quiddam
3063 2188 3115 2241 in
3146 2188 3485 2257 spiritalibus

1902 2293 1966 2332 ac
2018 2278 2340 2332 cwlcstibus
2401 2277 2614 2340 inesse,
2680 2292 2912 2346 quorum
2976 2278 3483 2346 participandorum

1904 2368 2119 2421 occulta
2165 2367 2325 2421 nobis
2354 2374 2436 2419 est
2467 2365 2629 2435 ratio.
2679 2364 2757 2417 lta
2798 2366 2942 2419 enim
2973 2374 3027 2418 et
3079 2364 3332 2419 Salvator
3372 2366 3490 2435 ipse

1907 2466 2140 2509 tcsuttus
2187 2462 2303 2517 est,
2358 2469 2422 2507 ac
2473 2454 2613 2507 dixit
2660 2472 2673 2507 :
2725 2452 2986 2508 Sedebitis
3037 2456 3089 2507 in
3138 2470 3320 2508 mensa
3372 2471 3487 2508 mea

1904 2548 2112 2602 edentes
2161 2556 2209 2602 et
2248 2546 2482 2599 bibentes
2528 2547 2583 2600 in
2631 2564 2790 2617 regno
2827 2547 3098 2600 caelorum.
3144 2546 3249 2600 Sed
3282 2555 3334 2601 et
3358 2563 3488 2617 pro-

1906 2651 2087 2707 pierca
2145 2639 2250 2692 ista
2301 2636 2546 2699 sustulit,
2600 2626 2808 2690 nullum
2859 2644 2917 2689 ut
2966 2636 3035 2691 iis
3069 2650 3190 2705 quae
3221 2637 3286 2690 ad
3316 2637 3486 2706 legem

1907 2729 2182 2798 pertinent
2213 2730 2267 2780 in
2297 2742 2467 2795 regno
2510 2728 2775 2780 caelorum
2828 2727 3007 2779 locum
3056 2726 3342 2780 tribueret.
3370 2723 3489 2780 Un-

1907 2818 2106 2871 denam
2149 2816 2313 2885 igitur
2347 2813 2494 2869 Elias
2537 2830 2602 2868 ac
2648 2814 2863 2885 Moyses
2893 2816 2947 2869 in
2990 2824 3177 2871 monte
3206 2831 3330 2869 cum
3370 2816 3490 2884 ipso

1908 2914 2279 2977 apparuerunt
2323 2909 2380 2960 in
2433 2905 2643 2975 gloria?
2683 2904 2786 2961 Sed
2830 2922 2991 2961 nemo
3037 2915 3120 2963 est
3161 2908 3254 2977 qui
3291 2918 3483 2961 contra

1906 2997 2194 3052 veritatem
2224 2997 2423 3050 virium
2459 2996 2756 3065 quidquam
2789 2996 3008 3052 habeat.

287 3089 443 3160 Σχόλ.
478 3088 571 3154 ξδ’.
601 3088 886 3160 Παρέκοψε
906 3088 995 3141 τό·
1024 3090 1164 3142 Ὅτε
1185 3089 1505 3143 ἐπέστειλα
1526 3091 1699 3160 ὑμᾶς,
1721 3090 1804 3158 μή

1982 3084 2167 3139 Schol.
2201 3084 2289 3139 64.
2332 3086 2463 3139 Item
2496 3086 2625 3139 illud
2655 3086 2869 3140 induxit
2902 3104 2916 3139 :
2970 3086 3198 3152 Quando
3229 3087 3351 3141 misi
3377 3103 3488 3150 vos,

220 3196 376 3245 τινος
396 3179 794 3246 ὑστερήσατε,
818 3192 916 3231 και
952 3178 1025 3231 τὰ
1055 3178 1232 3247 ἑξῆς·
1262 3180 1349 3233 διὰ
1373 3180 1461 3232 τό’
1487 3179 1598 3233 Καὶ
1631 3180 1806 3234 τοῦτο

220 3271 284 3325 τὸ
327 3268 737 3340 γεγραμμένον
775 3269 870 3322 δεῖ
912 3268 1298 3337 τελεσθῆναι,
1346 3270 1437 3323 τόο
1494 3271 1603 3324 Καὶ
1657 3272 1807 3340 μετὰ

221 3363 461 3431 ἀνόμων
498 3361 932 3430 συνελογίσθη.

292 3456 513 3524 Ἔλεγχ.
549 3452 639 3518 ξδ’.
662 3452 782 3506 Κᾶν
814 3450 1138 3522 παρακόψῃς
1177 3451 1244 3504 τὰ
1295 3454 1534 3524 ῥήματα,
1578 3452 1684 3505 ἀπὸ
1711 3452 1805 3505 τοῦ

223 3546 379 3618 ἔργου
414 3544 700 3614 φαίνονται
729 3541 909 3595 αὐτῶν
935 3544 985 3595 οἱ
1020 3542 1199 3605 τόποι,
1230 3528 1562 3614 προάγοντος
1590 3542 1684 3595 τοῦ
1717 3544 1805 3596 νό-

228 3654 342 3705 μου,
380 3634 479 3689 καὶ
522 3631 1010 3705 προκηρυττόντων
1058 3630 1164 3685 τῶν
1214 3629 1529 3701 προφητῶν,
1565 3630 1660 3682 καὶ
1695 3631 1805 3682 Κυ-

228 3728 336 3797 ρίου
364 3727 473 3796 πλη
483 3723 724 3795 ροῦντος.

294 3815 444 3885 Σχόλ.
476 3814 572 3880 ξε’.
616 3812 1004 3879 Ἀπεσπάσθη
1053 3807 1378 3865 ἀπἀὐτῶν
1430 3809 1570 3864 ὡσεί
1631 3810 1805 3863 λίθου

221 3905 451 3974 βολήνο
486 3906 582 3959 καὶ
616 3905 739 3971 θεὶς
771 3905 845 3958 τὰ
867 3905 1091 3975 γόνατα
1123 3903 1519 3971 προσηύχετο.

296 3998 517 4067 Ἔλεγχ.
555 3995 649 4060 Es’.
680 3996 804 4059 Θεὶς
853 3995 921 4049 τὰ
966 3995 1188 4063 γόνατα,
1224 3993 1435 4064 ὁρατῶς
1472 3992 1654 4063 ἔθηκε,
1713 3993 1805 4047 καὶ

231 4088 496 4160 αἰσθητῶς
540 4088 877 4142 ἐπετέλεσεν.
906 4088 969 4140 El
999 4087 1056 4139 δὲ
1095 4084 1369 4155 αἰσθητῶς
1403 4085 1546 4139 κατὰ
1569 4085 1629 4138 τὸ
1668 4082 1806 4149 εἶδος

230 4178 286 4229 τὸ
308 4178 464 4248 ἔργον
485 4178 709 4247 ἐποίησε
735 4178 835 4247 τῆς
861 4175 1227 4245 γονυκλισίας,
1251 4178 1351 4228 οὐκ
1380 4176 1488 4245 ἄρα
1521 4175 1649 4229 ἄνευ
1673 4193 1805 4245 σαρ-

233 4269 320 4331 κὸς
348 4270 680 4341 ὲνεδήμησεν
702 4270 730 4321 6
758 4269 1088 4339 Μονογενής.
1116 4267 1275 4339 Αὐτῷ
1297 4266 1406 4338 γὰρ
1436 4266 1658 4335 κάμψει
1683 4265 1806 4320 πᾶν

237 4359 374 4427 γόνυ
424 4361 819 4429 ἐποιφανίων,
861 4360 960 4413 καί
1013 4360 1308 4428 ἐπιγείων,
1358 4359 1457 4412 καὶ
1513 4362 1800 4427 καταχθο-

234 4448 390 4503 νίων.
420 4450 845 4517 Ἐπουρανίων,
873 4450 1255 4520 πνευματικῶν
1281 4468 1290 4477 ·
1313 4448 1605 4519 ἐπιγείων,
1625 4448 1808 4519 αἰσθη-

236 4539 365 4590 τῶψ
404 4541 837 4609 καταχθονίων,
863 4538 942 4609 τῷ
979 4539 1094 4610 ἰδίῳ
1117 4540 1267 4596 εἴδει.
1290 4533 1417 4593 Ὧδε
1451 4540 1507 4592 δὲ
1536 4540 1604 4593 τὰ
1633 4538 1809 4591 πάντα

237 4631 291 4683 ὲν
319 4632 542 4705 ἀληθείᾳ
588 4633 834 4686 ἐπετέλει
883 4631 1181 4703 ὁρώμενος,
1224 4633 1319 4686 καὶ
1358 4632 1464 4685 ὑπὸ
1505 4632 1647 4703 ἁφὴν
1698 4635 1809 4694 τοῖς

241 4723 501 4793 μαθηταῖς
525 4724 934 4796 εὑρισκόμενος,
962 4724 1057 4777 κα)⁵
1089 4723 1162 4795 μὴ
1193 4721 1465 4792 φαντάζου
1499 4725 1543 4776 ¹.
1672 4733 1682 4743 '

1910 3175 2147 3246 nunquid
2188 3175 2359 3245 defuit
2403 3175 2543 3229 vobis
2569 3175 2613 3241 ',
2647 3184 2753 3231 etc.
2786 3174 2868 3231 Ob
2897 3193 2958 3231 ea
2986 3194 3108 3247 qua:
3140 3186 3484 3248 sequuntur:

1912 3265 1979 3319 Et
2005 3268 2122 3321 ,Ιιοε
2160 3268 2298 3339 quod
2344 3270 2600 3336 scriptum
2633 3278 2732 3325 est.
2760 3277 2963 3338 oportet
2988 3268 3191 3337 impleri
3230 3280 3323 3323 :et
3371 3286 3489 3324 cunt

1909 3359 2106 3427 iniquis
2140 3358 2424 3427 deputatus
2447 3368 2524 3413 est
2551 3360 2592 3413 ⁸.

1980 3450 2164 3506 Befut.
2197 3449 2285 3504 64.
2322 3451 2688 3516 Quantumvis
2718 3453 2883 3508 verba
2919 3451 3221 3514 subducas,
3259 3465 3345 3506 res
3366 3452 3489 3521 ipsa

1908 3549 2094 3596 tamen
2142 3542 2395 3611 proprios
2441 3541 2683 3611 ipsorum
2739 3544 2890 3599 locos
2929 3544 3154 3619 aperiet.
3206 3542 3486 3612 Siquidem

1909 3640 2230 3701 antegressa
2257 3633 2342 3685 lex
2372 3641 2475 3694 est,
2501 3649 2563 3687 ac
2595 3635 2875 3704 propheta:
2906 3637 3264 3702 nuntiarunt;
3296 3642 3349 3687 at
3372 3635 3488 3704 ipse

1909 3724 2127 3777 tandem
2158 3721 2423 3776 Dominus
2460 3723 2724 3793 implevit.
3032 3741 3037 3744 '

1979 3812 2161 3865 Schol.
2199 3812 2291 3864 65.
2330 3810 2559 3864 Avttlsus
2598 3823 2676 3865 est
2717 3813 2781 3866 ab
2823 3815 2955 3877 illis,
3005 3825 3261 3883 quantum
3306 3815 3487 3882 jactus

1905 3909 1982 3953 est
2010 3898 2203 3967 lapidis
2234 3916 2251 3953 .'
2280 3916 2328 3953 et
2359 3901 2545 3968 positis
2575 3901 2795 3970 genibus
2834 3903 3023 3955 orabat
3047 3904 3088 3954 ".

1978 3986 2167 4042 Refut.
2195 3987 2290 4043 63.
2331 3988 2555 4050 Positis,
2586 3973 2784 4059 inquit,
2820 3990 3057 4061 genibus.
3091 3988 3165 4042 Ita
3192 3990 3394 4059 po‘suit,
3429 3999 3489 4043 ut

1907 4076 1962 4131 id
1990 4077 2160 4132 videri
2185 4086 2390 4148 posset,
2428 4078 2591 4150 idque
2640 4080 2819 4150 ipsum
2865 4080 3110 4135 sensibili
3157 4079 3318 4134 modo
3352 4095 3488 4149 pra:-

1907 4169 2065 4225 stitit.
2113 4169 2269 4235 Quod
2309 4172 2353 4226 si
2404 4187 2578 4242 genua
2627 4174 2698 4226 ita
2756 4172 2923 4235 ﬂexit,
2962 4180 3020 4226 ut
3048 4171 3238 4227 sentiri
3278 4181 3485 4242 posset,

1908 4263 2157 4333 adeoque
2191 4271 2248 4316 ιιι
2281 4265 2515 4320 actionis
2544 4265 2706 4334 huius
2738 4273 2932 4317 natura
2980 4264 3315 4333 postulabat,
3359 4279 3488 4334 pro-

1909 4351 2053 4407 l‘ecto
2086 4369 2193 4408 non
2221 4354 2339 4407 sine
2361 4369 2527 4407 carne
2558 4351 2809 4406 Salvator
2845 4352 2899 4405 in
2927 4352 3030 4407 hoc
3058 4364 3324 4407 terrarum
3353 4353 3486 4409 orbe

1913 4452 2166 4500 versatus
2214 4452 2319 4500 est.
2378 4443 2514 4498 lluic
2562 4445 2703 4498 enim
2756 4460 2907 4499 omne
2939 4461 3070 4515 genu
3095 4444 3355 4515 ﬂectetur,
3386 4460 3488 4499 cae-

1916 4537 2154 4600 lestium,
2205 4536 2532 4590 terrestrium
2596 4544 2645 4590 et
2702 4536 3027 4605 infernarum
3060 4536 3122 4590 ἐ
3181 4534 3484 4591 ϐαιεειίιιιιι

1915 4644 2104 4699 porro,
2152 4629 2256 4700 hoc
2307 4637 2393 4683 est
2441 4628 2813 4699 spiritalium;
2867 4629 3213 4693 terrestrium,
3271 4628 3374 4683 hoc
3402 4635 3490 4684 est

1913 4738 2101 4779 eorum
2125 4738 2247 4793 qua:
2280 4724 2383 4779 sub
2424 4738 2620 4778 sensus
2666 4724 2907 4790 cadunt;
2960 4723 3287 4792 infernarum
3336 4724 3490 4777 deni-

240 4830 357 4881 que,
390 4832 457 4871 eo
482 4817 640 4871 modo
680 4816 771 4886 qui
821 4816 1039 4870 illorum
1068 4825 1151 4871 est
1181 4815 1454 4885 prbprius.
1489 4814 1588 4869 Hic
1626 4824 1806 4869 autem
1848 4831 1912 4871 ex
1947 4819 2021 4870 rei
2084 4818 2314 4871 veritate
2355 4815 2588 4870 faciebat
2656 4817 2861 4879 omnia,
2910 4832 3031 4870 cum
3076 4825 3127 4872 ct
3172 4826 3489 4873 cerneretur

242 4905 429 4963 oculis.
462 4914 515 4957 et
542 4920 571 4957 a
601 4905 887 4975 discipulis
919 4912 1375 4968 contrectaretur,
1407 4920 1583 4974 neque
1606 4907 1808 4975 spectri
1844 4906 2018 4962 inslar
2056 4908 2325 4960 illmlerct.

303 4994 455 5063 Σχόλ.
491 4988 597 5061 ξς’.
617 4994 726 5050 Kal
764 4994 976 5065 ἤγγισε
1005 4994 1412 5063 καταφιλῆσαι
1446 4994 1634 5048 αὐτὸν
1668 4995 1811 5049 Ἰού-

239 5083 363 5150 δας,
397 5086 498 5138 καὶ
524 5083 713 5140 εἶπεν.

1996 4997 2178 5048 Schol.
2230 4998 2316 5049 66.
2378 4996 2445 5049 Et
2490 4997 2711 5049 accessit
2760 5005 2815 5048 ut
2856 4998 3187 5050 oscularetur
3246 5014 3385 5061 eum,
3434 5007 3487 5051 et

1912 5087 2045 5139 dixit
2074 5089 2112 5141 ’.
2708 5084 2711 5085 ν

315 5204 330 5232 ³
368 5222 457 5273 γρ.
480 5205 706 5272 γένοιτο.
782 5209 803 5240 ³
828 5205 953 5260 For.
990 5205 1275 5274 φαντάζιιιν
1394 5203 1416 5234 ³
1449 5205 1623 5259 Galat.
1670 5221 1764 5267 ιιι,
1796 5207 1805 5259 ε

1993 5206 2016 5236 δ
2052 5205 2182 5260 Luc.
2229 5223 2382 5271 χιιι,
2430 5205 2518 5260 16.
2618 5206 2639 5238 ⁵
2667 5205 2799 5261 ibid.
2834 5206 2922 5263 '55.
3026 5201 3046 5230 ⁸
3073 5206 3338 5270 ibid..57;
3382 5206 3484 5264 lsa.

243 5285 359 5338 Lm,
385 5275 467 5329 1‘2.
545 5278 563 5306 ⁷
593 5275 728 5333 Luc.
766 5292 901 5337 χχιι,
942 5273 1031 5328 41⁷.
1105 5276 1126 5305 ³
1152 5276 1384 5343 Philipp.
1429 5292 1487 5337 ιι,
1532 5276 1615 5330 10.
1695 5280 1715 5307 ⁸
1747 5273 1805 5328 LI

1918 5292 2047 5339 uti,
2076 5277 2145 5330 48

311 5387 433 5458 (ῖθλ
454 5390 587 5443 Ἵνα
608 5390 777 5457 δείξῃ
801 5390 1034 5458 Πάσχα.
1091 5390 1475 5444 Suhohscurus
1504 5457 1507 5458 ν
1529 5389 1615 5442 hic
1654 5389 1811 5444 locus

244 5468 343 5509 est.
406 5457 543 5515 Sed.
604 5470 663 5513 ut
716 5460 847 5513 mihi
902 5457 1137 5519 videtur.
1195 5458 1405 5512 Pascha
1459 5457 1586 5512 illud
1642 5459 1815 5526 legiti-

246 5540 388 5577 tnum
420 5528 860 5597 προτυπούμενον
889 5530 1054 5582 fuisse
1083 5529 1238 5589 dicit,
1270 5528 1371 5580 hoc
1395 5536 1479 5581 est
1510 5530 1589 5589 εἰς
1617 5527 1809 5597 τύπον,

245 5607 307 5675 ξε
342 5596 824 5675 αἰειιιςτιιιιιιΙιρξῆιιε
854 5600 1187 5675 adhibitum;
1218 5597 1305 5649 cui
1334 5598 1602 5651 successit
1629 5597 1690 5648 τὸ
1718 5596 1808 5665 βέ-

246 5667 392 5719 61m
419 5667 583 5721 αὐτοῦ
612 5667 837 5735 πάοους,
866 5668 967 5724 hoc
992 5677 1075 5724 est
1098 5682 1337 5739 perennc
1367 5681 1430 5721 ac
1455 5674 1798 5737 perpetuum,

1923 5389 2067 5458 quod
2101 5389 2373 5459 passionis
2406 5400 2518 5444 sine
2551 5389 2799 5459 ﬁguram,
2834 5398 2893 5459 et
2928 5397 3330 5459 sacramentum
3367 5403 3490 5442 conv

1919 5457 2237 5529 tinrt;'sive
2280 5459 2458 5529 malis,
2502 5457 2646 5529 quod
2689 5458 2936 5514 eamdem
2976 5459 3151 5528 ipsam
3181 5458 3490 5529 passionem

1920 5528 2232 5592 allirmaret,
2265 5528 2493 5599 ejusque
2522 5527 2785 5595 fructum,
2828 5527 3014 5592 usum,
3058 5543 3120 5581 ac
3155 5527 3490 5599 recordatio-

1918 5614 2042 5652 nem
2082 5604 2254 5651 ratam
2294 5596 2514 5667 taceret,
2550 5608 2604 5656 et
2636 5600 2704 5656 ad
2739 5599 3127 5669 sempiternam
3169 5596 3487 5653 memoriam

1909 5676 2251 5739 prepagaret.
