4078 6074
498 231 603 285 ³167

574 340 755 398 Relut.
787 337 875 397 66.
910 339 989 395 Ad
1015 341 1297 395 Dominum
1330 355 1393 395 ac
1423 340 1591 396 Deum
1617 355 1839 397 carnem
1867 342 2066 398 factum
2097 349 2142 405 Α

500 438 671 495 ludas
700 438 955 501 accessit,
1000 452 1122 492 cum
1170 436 1261 491 ille
1306 452 1510 508 corpus
1542 436 1857 505 induisset;
1903 437 2067 491 nimi-

502 543 624 582 rum
654 542 783 583 vera
819 535 877 580 ut
909 530 1253 582 oscularetur
1288 527 1451 593 labia,
1498 542 1608 582 non
1641 544 1764 598 qua:
1791 527 2071 598 ejusmodi

500 618 763 673 duntaxat
791 625 1136 687 apparerent,
1174 631 1238 672 ae
1271 618 1617 674 ludiﬁcarent
1639 619 1854 676 oculos.

574 707 760 765 Schol.
797 708 884 763 67.
912 708 1129 763 Recidit
1162 709 1216 764 id
1248 709 1392 780 quod
1423 725 1453 763 a
1485 709 1650 766 Petro
1679 718 1892 782 gestum
1926 713 2063 767 dici-

499 804 605 858 tur,
638 812 760 851 cum
787 799 1065 864 percussit,
1098 807 1147 852 et
1174 800 1463 869 amputavit
1484 800 1780 854 auriculam
1806 802 1846 855 ¹.

570 888 734 961 346
771 888 954 944 Relut.
985 889 1074 946 67.
1115 888 1377 955 Quamvis
1419 901 1476 946 ut
1517 892 1710 946 honori
1755 891 1898 947 Petri
1931 908 2064 947 con-

498 981 727 1047 suleret,
765 980 1139 1051 suppressisse
1170 982 1274 1037 ista
1298 984 1568 1047 videatur,
1603 985 1704 1039 hoc
1731 985 1850 1055 ipso
1881 993 2060 1040 tamen

496 1070 642 1139 quod
691 1084 881 1124 revera
941 1084 1153 1140 gestum
1203 1079 1309 1136 est,
1348 1081 1402 1127 et
1434 1074 1500 1128 ad
1543 1073 1844 1131 Salvatoris
1894 1076 2062 1132 decus

499 1160 837 1230 gloriamque
867 1162 1123 1231 pertinet,
1156 1165 1437 1218 occultare
1466 1174 1697 1222 conatus
1725 1175 1829 1222 est.
1866 1166 2057 1222 Verum

497 1249 631 1301 nihil
672 1248 896 1303 omnino
951 1250 1200 1319 perfecit.
1253 1250 1388 1306 Nam
1438 1255 1541 1309 etsi
1592 1255 1684 1310 ille
1729 1257 2058 1311 mentionem

498 1337 661 1406 hujus
704 1337 779 1391 rei
815 1340 1122 1404 sustulerit,
1154 1338 1247 1395 Dei
1279 1351 1458 1397 tamen
1485 1344 1749 1399 miracula
1775 1348 2061 1416 cognosci-

496 1443 637 1483 unus.
693 1429 951 1485 Abscissa
1004 1429 1185 1499 igitur)
1210 1432 1478 1498 auricula,
1519 1448 1638 1487 eam
1680 1436 1914 1491 subinde
1951 1435 2058 1490 Do-

496 1520 677 1574 minus
721 1521 995 1591 accipiens
1029 1522 1083 1576 in
1115 1523 1385 1593 integrum
1418 1526 1674 1587 restituit.
1711 1535 1767 1579 ut
1804 1526 1971 1582 Deum
1999 1544 2057 1583 se

494 1626 615 1665 esse
637 1625 699 1665 ac
730 1610 974 1666 divinum
1005 1626 1143 1681 opus
1172 1614 1409 1669 edidisse
1439 1628 1789 1672 monstraret.

1885 228 1941 284 S.
1987 225 2323 283 EPlPllANII

3633 232 3734 287 768

2243 344 2459 413 Ἔλεγχ.
2488 342 2594 407 ξςκ
2615 345 2845 411 Ἤγγισε
2870 342 3036 414 σαρκὶ
3061 344 3173 397 ὃντι
3199 344 3445 416 Δεσπότῂ
3481 345 3573 398 καὶ
3596 344 3734 418 Θεῷ,

2171 436 2328 505 σῶμα
2364 434 2602 499 λαϐόντι,
2657 434 3021 504 καταφιλῆσαι
3050 434 3280 505 ἀληθινὰ
3327 435 3503 507 χείλη,
3542 437 3638 489 καί⁵
3674 439 3733 491 οὐ

2166 527 2293 580 δοκή
2303 543 2382 579 σει
2406 526 2534 579 ὅντα
2560 528 2651 580 καὶ
2676 524 3034 595 φαντάζοντα.

2238 702 2393 772 Σχόλ.
2427 702 2521 767 ξξο.
2544 701 2829 772 Παρέκοψε
2861 702 2891 754 δ
2922 702 3143 771 ἐποίησε
3191 701 3418 773 Πέτρος,
3455 704 3544 757 ὅτε
3591 705 3736 759 ἐπά-

2163 794 2328 859 ταξε,
2362 794 2461 848 καὶ
2481 794 2757 865 ἀφειλετο
2780 795 2843 848 τὸ
2873 794 2981 861 οὓς
3011 793 3118 848 τοῦ
3156 794 3382 851 δούλου
3413 797 3522 852 τοῦ
3543 798 3736 869 ἀρχιε-

2156 884 2328 954 ρέως.

2236 973 2456 1043 Ἐλεγχ.
2489 973 2584 1040 ξε.
2628 974 2809 1027 Δοκῶν
2842 975 2922 1037 είς
2963 974 3128 1047 τιμὴν
3158 976 3364 1048 Πέτρου
3412 979 3442 1031 ὁ
3481 978 3733 1032 ἀπατεὼν

2162 1065 2433 1134 κρύπτειν
2446 1066 2507 1118 τὸ
2527 1066 2586 1118 ὲν
2611 1066 2837 1137 ἀληθείᾳ
2860 1066 3155 1137 γενόμενον
3178 1069 3274 1139 τῆς
3303 1068 3607 1137 δοξολογίας
3638 1071 3737 1123 τοῦ

2163 1153 2433 1223 Σωτῆρος,
2464 1152 2525 1206 τὸ
2578 1153 2741 1225 ῥητὸν
2786 1151 2968 1222 τεμὼν
3017 1153 3353 1225 ἀπέκρυψεν.
3406 1154 3565 1209 Ἀλλά
3611 1157 3734 1210 οὐδὲ

2160 1243 2449 1314 ὠφελήσει.
2483 1244 2659 1298 Κᾶντε
2687 1243 2797 1315 γάρ
2830 1244 2999 1309 αὐτὸς
3023 1244 3296 1316 ἀποκόψῃ,
3327 1247 3491 1318 ἡμεῖς
3510 1247 3733 1315 οίδαμεν

2159 1335 2227 1388 τὰ
2268 1334 2584 1405 θεοσήμεια.
2639 1335 2793 1389 Μετὰ
2841 1335 2950 1406 γὰρ
2982 1335 3042 1388 τὸ
3088 1336 3357 1406 ἀποκόψαι
3398 1337 3461 1390 τὸ
3498 1337 3681 1405 ὠτίον,
3706 1341 3735 1392 ὁ

2160 1424 2363 1496 Κύριος
2396 1424 2555 1478 πάλιν
2585 1424 2763 1478 λαϐὼν
2792 1426 2999 1490 ίάσατο,
3026 1427 3112 1479 ἴνα
3150 1427 3469 1500 ἀποδειχθῇ,
3491 1429 3573 1481 ὅτι
3599 1429 3731 1492 Θεός

2159 1513 2297 1576 ἐστι,
2334 1512 2428 1565 καὶ
2455 1512 2588 1565 Θεοῦ
2619 1512 2778 1583 ἔργον
2808 1512 3145 1567 ἐπετέλεσεν.

565 1699 746 1754 Schol.
782 1701 871 1756 68.
929 1700 994 1754 Et
1041 1704 1129 1771 qui
1165 1703 1401 1757 tenebant
1446 1705 1758 1770 illudebant,
1804 1709 2047 1763 credentes

2230 1716 2383 1786 Σχόλ.
2415 1717 2514 1787 ξη’.
2552 1718 2616 1770 Οί
2646 1715 3013 1785 συνέχοντες
3052 1716 3379 1784 ἐνέπαιζον,
3434 1719 3731 1789 δέροντες,

491 1800 540 1843 et
587 1792 931 1859 percutientes
976 1792 1219 1846 dicebant
1250 1807 1268 1844 :
1305 1793 1617 1863 Ρνορίςειὶεα
1644 1798 1762 1867 quis
1791 1811 1866 1852 est
1893 1801 1984 1868 qui
2014 1809 2061 1854 te

491 1882 745 1948 percussit
776 1883 836 1937 ⁸2

565 1993 746 2050 lielut.
772 1995 860 2051 68.
881 1994 1021 2051 'Ilaac
1041 1998 1241 2064 omnia,
1265 1999 1355 2064 qui
1385 1997 1646 2058 tenebant,
1663 2008 1717 2053 et
1742 1998 2060 2065 illudebant;

495 2084 648 2149 item,
668 2086 865 2141 credere
884 2095 938 2143 et
967 2097 1267 2157 percutere;
1308 2098 1383 2153 et,
1414 2088 1730 2158 Prophetiza
1769 2090 1919 2145 nobis
1940 2094 2056 2159 quis

488 2182 565 2226 est
599 2174 689 2242 qui
728 2183 776 2228 te
805 2175 1096 2243 percussit;
1146 2174 1281 2238 haec,
1329 2177 1573 2245 inquam,
1618 2191 1727 2230 non
1772 2178 2059 2231 adumbra-

490 2271 601 2316 tam
651 2262 918 2317 duntaxat
973 2265 1208 2334 speciem
1254 2265 1535 2332 referunt,
1587 2269 1680 2323 sed
1741 2276 2052 2322 contactum

488 2354 781 2422 queunlam
817 2368 883 2408 ac
926 2368 1242 2425 corpoream
1284 2374 1648 2429 carncamque
1691 2361 2053 2415 substantiam

488 2442 823 2511 signiﬁcant.
869 2441 1035 2513 quue
1076 2443 1212 2500 adeo
1254 2445 1546 2502 manifesto
1579 2448 1756 2509 cuivis
1786 2454 2050 2519 apparet;

488 2531 707 2588 tametsi
754 2547 865 2602 pne
914 2548 979 2588 ea
1027 2550 1148 2605 qua:
1200 2535 1253 2588 in
1309 2542 1361 2590 te
1412 2543 1497 2592 est
1556 2536 1723 2591 animi
1775 2539 2051 2600 caecitate,

488 2622 715 2689 Marcio,
768 2623 1110 2693 perspicuam
1162 2622 1258 2680 Dei
1319 2625 1603 2681 veritatem
1656 2626 1909 2682 conﬁteri
1959 2629 2053 2683 de-

484 2721 708 2768 trectes.

557 2801 743 2857 Schol.
775 2802 862 2858 69.
893 2800 1023 2857 Post
1050 2803 1188 2858 ista:
1229 2802 1379 2857 Hune
1422 2806 1709 2887 invenimus
1745 2807 2049 2861 subverten-

487 2905 589 2948 tem
618 2905 819 2965 gentem
842 2905 1078 2949 nostram
1104 2896 1146 2962 ³,
1174 2896 1407 2957 addidit,
1436 2908 1483 2951 et
1518 2898 1865 2953 destruentem
1890 2901 2050 2972 legem

484 3004 546 3040 ae
577 2986 883 3057 prophetas.

551 3077 735 3133 Relut.
766 3078 855 3133 69.
886 3076 1078 3134 Nonne
1126 3079 1238 3132 vias
1275 3077 1487 3133 Domini
1524 3089 1811 3148 pervertere
1833 3081 1854 3113 ⁸
1888 3080 2047 3136 undi-

481 3183 588 3238 que
620 3167 1043 3239 deprehenderis
1072 3182 1135 3223 ac
1165 3171 1554 3226 convinceris?
1593 3170 1728 3226 Nam
1763 3187 1887 3227 cum
1923 3173 2049 3228 huic

482 3256 605 3312 loco
629 3258 777 3329 quod
815 3259 1039 3314 minime
1063 3259 1327 3329 scriptum
1350 3268 1433 3315 est
1456 3260 1672 3330 adjicis,
1709 3276 1774 3315 ac
1804 3261 2049 3317 tibimet-

480 3348 607 3419 ipsi,
644 3364 819 3421 neque
861 3350 1003 3405 enim
1037 3349 1265 3405 Domino
1308 3351 1557 3419 dixerim,
1592 3352 1920 3407 calumniam
1971 3354 2045 3407 fa-

479 3440 581 3503 cis,
610 3442 697 3515 ita-
723 3439 1014 3495 scribens:
1049 3438 1203 3493 Hunc
1250 3440 1538 3495 invenimus
1604 3450 1913 3495 evertentem
1974 3443 2049 3495 le-

478 3543 597 3599 gem
629 3543 692 3581 ac
721 3529 1025 3597 prophetas,
1050 3532 1326 3585 contraria
1354 3540 1406 3586 te
1448 3531 1576 3586 huic
1607 3530 1929 3598 Salvatoris,
1962 3532 2044 3586 in-

482 3632 632 3682 sane,
658 3618 928 3689 jugulabit
956 3622 1166 3676 oratio:
1196 3620 1322 3676 Nan
1351 3624 1467 3677 veni
1494 3623 1693 3678 solvere
1728 3623 1912 3693 legem,
1950 3634 2042 3678 aut

477 3706 778 3777 praphetas,
833 3708 924 3764 sed
972 3711 1186 3779 implere
1208 3714 1250 3765 ⁸.
1298 3711 1417 3767 Non
1478 3714 1643 3785 igitur
1692 3723 1870 3784 potest
1899 3714 2043 3770 idem

477 3797 590 3863 ille,
620 3798 713 3870 qui
739 3814 799 3855 se
840 3816 950 3855 non
976 3802 1254 3857 evertendi
1306 3804 1481 3873 gratia
1532 3805 1749 3861 venisse
1790 3812 2039 3870 testatur,

474 3887 724 3941 accusari
751 3887 898 3958 quod
918 3890 1191 3946 everterit.
1239 3888 1424 3960 Neque
1448 3907 1575 3946 vero
1612 3892 1684 3945 ita
1716 3892 1767 3945 in
1798 3890 2041 3962 Evange-

475 3975 549 4029 lio
579 3976 827 4047 legimus,
858 3978 953 4034 sed
978 3980 1156 4048 potius
1185 3997 1198 4032 :
1231 3978 1387 4032 llune
1423 3980 1714 4034 invenimus
1737 3980 2040 4034 subverten-

474 4072 576 4119 tem
602 4066 873 4135 populum,
897 4068 1152 4121 dicentem
1178 4083 1229 4120 se
1258 4067 1525 4122 Christum
1553 4086 1745 4139 regem.

542 4237 729 4294 Schol.
769 4237 856 4296 70.
915 4240 1075 4295 Aliud
1126 4256 1343 4312 quoque
1376 4248 1520 4311 .post
1576 4241 1688 4295 hagc
1733 4241 1934 4303 verba:
1968 4241 2035 4296 Et

2158 1806 2506 1885 τύπτοντες,
2526 1804 2627 1859 καί
2646 1803 2926 1874 λέγοντες
2944 1822 2957 1835 ·
2982 1806 3429 1876 Προφήτευσον,
3451 1809 3543 1875 τίς
3562 1810 3735 1882 ἐστιν

2158 1897 2191 1948 ό
2218 1896 2443 1960 παίσας
2466 1912 2575 1959 σε;

2231 1986 2450 2056 Ἔλεγχ.
2483 1986 2569 2057 ξη.
2601 1988 2722 2040 Ὅτι
2748 1987 2829 2051 τὸ,
2865 1988 3249 2057 συνέχοντες,
3281 1992 3374 2045 καὶ
3398 1992 3480 2059 τὸ,
3499 1994 3734 2050 ἐνέπαι-

2157 2074 2274 2142 ζον,
2300 2078 2495 2144 καὶτὸ,
2539 2077 2744 2147 δεῖραι,
2787 2080 2879 2133 καὶ
2908 2080 2988 2141 τὸ,
3020 2082 3224 2149 τύψαι,
3254 2084 3348 2137 καὶ
3383 2085 3465 2147 τὸ,
3498 2088 3730 2156 προφή-

2156 2184 2375 2242 τευσον
2406 2169 2495 2234 τίς
2523 2172 2556 2222 ό
2585 2171 2809 2236 παίσας
2833 2185 2908 2225 σε
2928 2189 2943 2203 ο
2974 2171 3132 2226 τοῦτο
3150 2175 3210 2226 οὐ
3233 2174 3452 2245 δόκησις
3469 2174 3559 2249 ἦν,
3595 2180 3731 2233 ἀλλά

2156 2259 2298 2330 ἁφῆς
2326 2261 2440 2312 ἐστι
2485 2262 2578 2314 καὶ
2609 2263 2924 2333 σωματικῆς
2954 2265 3049 2317 καὶ
3082 2265 3348 2336 ὲνσάρκου
3378 2267 3732 2334 ὑποστάσεως

2153 2348 2466 2418 δηλωτικόν.
2505 2352 2615 2404 Καὶ
2652 2353 2812 2405 παντί
2846 2369 2924 2423 τῳ
2955 2353 3109 2424 δῆλόν
3141 2358 3279 2422 ἐστι,
3319 2358 3421 2413 κᾶν
3440 2377 3501 2412 τε
3537 2361 3604 2413 σὺ
3637 2379 3733 2414 τυ-

2156 2439 2407 2507 φλωθεὶς,
2438 2441 2727 2513 Μαρκίων,
2768 2444 2842 2514 μὴ
2869 2443 3042 2510 θέλοις
3073 2447 3354 2516 ὁμολογεῖν
3383 2450 3485 2523 τὴν
3518 2453 3735 2524 ἐναργῆ

2153 2530 2287 2583 Θεοῦ
2322 2529 2603 2599 ἀλήθειαν.
3284 2524 3289 2535 ’

2222 2791 2373 2860 Σχόλ.
2401 2790 2495 2854 ξθ’.
2530 2793 2828 2863 Προσέοετο
2858 2794 2996 2861 μετὰ
3027 2796 3199 2849 τοῦτο·
3233 2798 3449 2853 Τοῦτον
3473 2800 3732 2872 εὕρομεν

2152 2881 2586 2950 διαστρέφοντα
2622 2884 2687 2936 τὸ
2715 2884 2912 2951 ἔθνος,
2955 2887 3053 2940 καὶ
3078 2891 3452 2945 καταλύοντα
3480 2893 3588 2947 τὸν
3625 2897 3730 2949 rd-

2148 2986 2266 3039 μον
2293 2971 2389 3023 καὶ
2422 2971 2562 3037 τοὺς
2593 2971 2920 3041 προφήτας.
3356 2992 3363 3005 ³

2225 3061 2439 3131 Ἔλεγχ.
2461 3061 2554 3126 ξθν.
2577 3062 2745 3115 Πόθεν
2792 3065 2854 3116 οὐ
2885 3064 3205 3137 φωραθήσῃ,
3239 3066 3399 3119 πόθεν
3443 3069 3543 3122 οὐκ
3571 3069 3724 3139 ἐλεγ-

2151 3154 2346 3225 χθήσῃ,
2374 3153 2709 3224 διαστρέφων
2741 3156 2840 3223 τὴν
2866 3154 2982 3207 ὁδὸν
3012 3156 3252 3227 κυρίους
3286 3156 3457 3212 Ὅταν
3485 3159 3595 3230 γὰρ
3634 3162 3723 3213 ὲν-

2149 3245 2321 3299 ταῦθα
2362 3245 2658 3317 προσθείης
2700 3246 2761 3298 τὸ
2794 3246 2877 3316 μὴ’
2919 3248 3317 3319 γεγραμμένον,
3367 3253 3722 3320 συκοφαντῶν

2150 3335 2393 3399 σεαυτὸν,
2422 3336 2503 3405 (οὐ
2532 3336 2638 3407 γὰρ
2674 3335 2739 3389 ἂν
2780 3335 2988 3406 εἴποιμι
3021 3339 3111 3391 τὸν
3135 3339 3380 3411 Κύριον,)
3416 3341 3615 3410 λέγων.
3641 3345 3723 3398 ὅτι

2155 3424 2372 3478 Τοῦτον
2406 3423 2658 3492 εὕρομεν
2684 3427 3061 3483 καταλύοντα
3091 3428 3198 3481 τὸν
3226 3431 3413 3498 νόμον
3446 3431 3547 3485 καὶ
3580 3433 3720 3499 τοὺς

2147 3514 2453 3583 προφήτας
2476 3532 2489 3546 ·
2520 3516 2580 3569 τὸ
2610 3515 2896 3585 ἅντίζυγον
2937 3518 3126 3571 τούτου
3178 3519 3386 3588 ἐλέγξει
3413 3538 3496 3579 σε.
3528 3518 3575 3577 ὦ
3616 3542 3718 3595 μα-

2145 3609 2412 3673 ταιόπονε,
2455 3609 2621 3663 αὐτοῦ
2656 3611 2749 3665 τοῦ
2780 3612 3027 3682 Σωτῆρος
3057 3612 3305 3681 λέγοντος
3328 3631 3343 3645 ν
3366 3616 3488 3669 οὐκ
3526 3613 3719 3687 ἦλθον

2144 3700 2480 3754 καταλῦσαι
2516 3701 2622 3755 τὸν
2667 3709 2853 3772 νόμον
2900 3703 2938 3773 ἢ
2984 3704 3125 3771 τοὺς
3171 3705 3499 3774 προφήτας,
3558 3704 3717 3763 ἀλλὰ

2144 3787 2477 3857 πληρῶσαι.
2519 3791 2593 3844 Οὐ
2634 3790 2855 3845 δύναται
2892 3792 3068 3847 τοίνυν
3092 3794 3121 3845 ό
3148 3794 3308 3872 agre;
3344 3795 3555 3864 λέγων,
3604 3800 3717 3853 Οὐκ

2140 3875 2302 3948 ἦλθον
2328 3881 2658 3945 καταλῦσαι,
2699 3882 2785 3936 διὰ
2845 3883 2905 3937 τὸ
2949 3884 3235 3939 καταλύειν
3270 3890 3717 3959 κατηγορεῖσθαι.

2143 3973 2216 4025 Οὐ
2249 3972 2355 4045 γὰρ
2383 3970 2526 4045 εἶχεν
2558 3975 2728 4039 οὕτως
2749 3976 2810 4028 τὸ
2839 3977 3021 4047 ῥητὸν,
3044 3976 3183 4031 ἀλλὰ
3206 3979 3476 4048 Εὐρομεν
3498 3983 3717 4038 τοῦτον

2140 4062 2571 4133 διαστρέφοντα
2604 4065 2711 4119 τὸν
2739 4066 2913 4131 λαὸν,
2938 4067 3196 4137 λέγοντα
3215 4070 3435 4125 ἑαυτὸν
3454 4074 3716 4142 Χριστὸν

2134 4154 2415 4217 βασιλέα.

2209 4244 2362 4314 Σχόλ.
2396 4253 2457 4301 o'.
2489 4246 2777 4320 Προσθήκη
2823 4250 2922 4303 τόο
2973 4252 3307 4306 [falsi-orta
3351 4255 3580 4322 φόρους
3624 4258 3713 4325 μὴ

468 4329 824 4399 prohibentem
851 4332 1053 4387 tributa
1088 4335 1217 4389 dare
1238 4335 1281 4401 ',
1316 4337 1579 4405 subjecit:
1629 4334 1695 4389 Et
1724 4344 2034 4389 avertentem

2146 4332 2368 4401 δοῦναι,
2410 4336 2492 4402 τὸ,
2527 4338 2980 4408 ἀποστρέφοντα
3029 4341 3133 4407 τὰς
3170 4341 3463 4410 γυναῖκας
3497 4347 3597 4400 καί
3642 4349 3713 4401 τὰ

469 4435 659 4476 uxores
685 4437 748 4475 ac
775 4421 983 4477 liberos.

540 4510 723 4569 liel‘ut.
746 4511 834 4568 70.
866 4512 999 4579 Quis
1051 4513 1288 4583 scipsum
1318 4515 1373 4571 in
1416 4533 1656 4587 praeceps
1690 4504 2034 4589 impellitim-

468 4602 686 4673 pletque
705 4603 850 4674 quod
871 4605 1135 4675 scriptum
1165 4617 1282 4662 est:
1309 4608 1411 4675 Qui
1442 4609 1543 4663 sibi
1574 4628 1794 4679 nequam
1825 4622 1924 4676 est,
1945 4614 2030 4666 cui

468 4692 633 4749 bonus
652 4695 752 4749 erit
771 4696 820 4765 "t
838 4695 931 4751 Est
947 4696 1091 4751 enim
1113 4697 1215 4752 hoc
1238 4698 1492 4758 inaudita:
1512 4703 1796 4773 cujusdam
1819 4709 2031 4762 temeri-

468 4789 596 4846 tatis
627 4805 692 4845 ac
721 4789 940 4861 ﬂagitii,
971 4792 1084 4847 sive
1114 4794 1432 4864 periculosae
1482 4798 1879 4869 salebroszeque
1923 4803 2023 4859 viae

464 4881 686 4938 evidens
713 4895 1113 4955 argumentum,
1145 4888 1324 4943 delere
1352 4906 1470 4959 qua:
1493 4891 1693 4960 scripta
1731 4901 1876 4958 sunt,
1905 4910 2026 4965 qua:

467 4987 733 5043 nusquam
770 4976 971 5045 scripta
1005 4988 1163 5030 erant
1195 4977 1392 5033 addere
1424 4998 1437 5033 :
1474 4978 1636 5048 idque
1682 4980 1736 5034 in
1790 4980 2028 5053 Evange-

466 5062 537 5115 Iio
587 5066 926 5134 potissimum
970 5066 1130 5139 347
1179 5069 1542 5135 committere,
1602 5072 1744 5141 quod
1785 5073 1837 5127 in
1871 5082 2025 5128 aeter-

464 5165 592 5204 num
627 5154 820 5209 stabile
845 5171 907 5209 ac
942 5156 1154 5211 ﬁrmum
1202 5174 1325 5214 esse
1370 5167 1637 5227 oporteat.
1694 5162 1847 5217 Adde
1878 5167 2020 5234 quod

466 5238 557 5292 illa
613 5238 730 5308 ipsa
779 5240 902 5311 dum
953 5253 1081 5298 sunt
1125 5248 1309 5301 addita
1367 5265 1539 5319 neque
1582 5252 1759 5306 locum
1794 5253 2014 5322 habent,

464 5343 641 5397 neque
684 5331 989 5401 wnigmatis
1029 5336 1202 5389 instar
1229 5339 1432 5409 aliquid
1473 5341 1798 5413 signiﬁcant.
1840 5345 2022 5416 Neque

460 5421 606 5476 enim
635 5420 888 5475 Christus
919 5438 1115 5480 uxores
1147 5429 1339 5481 avertit
1366 5440 1456 5483 aut
1493 5433 1711 5497 liberos,
1743 5450 1863 5487 cum
1907 5436 2022 5506 ipse

534 5558 547 5587 '
580 5554 708 5609 Luc.
754 5572 886 5611 xx".
916 5557 999 5609 50.

1109 5562 1125 5590 ²
1157 5561 1280 5617 ibid.
1322 5566 1409 5617 υἷ’).
1486 5567 1505 5597 ³
1575 5567 1701 5624 intr.
1743 5587 1894 5635 nm,
1928 5572 1981 5626 2.

458 5625 476 5659 ¹¹
507 5626 670 5682 Eccli.
704 5642 813 5691 xw,
848 5626 880 5679 5

2141 4423 2341 4483 τέκνα.

2213 4517 2431 4589 Ἔλεγχ.
2455 4525 2515 4574 ο’.
2539 4518 2635 4582 Τίς
2668 4519 2816 4589 αὐτῷ
2831 4522 3072 4592 κρημνὸν
3100 4528 3374 4595 περιποιεί
3400 4527 3628 4599 πληρῶν
3652 4530 3718 4583 τὸ

2138 4607 2536 4677 γεγραμμένον,
2562 4608 2652 4660 τό’
2698 4608 2760 4661 '0
2800 4607 2991 4674 ἐαυτῷ
3037 4612 3299 4680 πονηρὸς
3339 4615 3458 4668 τίνι
3487 4616 3716 4687 ἀγαθὸς

2138 4697 2344 4762 ἕσται;
2378 4700 2562 4768 Πάσης
2582 4698 2690 4770 γὰρ
2719 4699 2924 4772 τόλμης
2961 4703 3055 4754 καὶ
3112 4703 3375 4774 πονηρίας
3405 4707 3722 4779 ὑπόδειγμά

2138 4791 2275 4853 ἐστι,
2304 4790 2395 4843 καὶ
2415 4789 2765 4854 κινδυνώδους
2791 4791 3114 4863 ὁδοιπορίας,
3145 4792 3206 4845 τὸ
3234 4795 3300 4847 τὰ
3332 4796 3433 4864 μὲν
3467 4814 3723 4870 γεγραμ-

2138 4881 2272 4951 μένα
2298 4882 2686 4952 παρακόπτειν,
2720 4883 2755 4936 ἆ
2784 4882 2841 4936 δὲ
2878 4883 2951 4955 μὴ
2981 4885 3285 4956 γέγραπται
3334 4890 3721 4958 προστιθέναι,

2137 4972 2368 5041 μάλιστα
2424 4974 2481 5026 ὲν
2533 4974 2846 5045 Εὑαγγελίῳ
2888 4968 3213 5047 ἀκαταλύτῲ
3266 4978 3380 5032 ὄντι
3443 4984 3524 5046 είς
3579 4986 3727 5049 τοὺς

2132 5064 2353 5128 αίῶνας.
2392 5065 2500 5117 Καὶ
2528 5067 2665 5120 αὺτά
2689 5066 2745 5119 δὲ
2787 5066 2857 5119 τὰ
2880 5066 2981 5136 τῆς
3010 5068 3329 5140 προσθήκης
3366 5071 3492 5125 οὔτε
3542 5075 3729 5131 τόπον

2134 5154 2265 5224 ἔχει,
2291 5155 2414 5231 opta
2438 5156 2687 5225 αἴνιγμα.
2735 5158 2809 5211 Οὐ
2836 5156 2943 5227 γὰρ
2980 5158 3322 5229 ἀπέστρεψεν
3366 5164 3571 5235 Ἰησοῦς
3606 5185 3727 5235 γυ-

2132 5251 2294 5301 ναῖκα
2325 5249 2357 5319 ἢ
2389 5249 2571 5302 τέκνα.
2609 5249 2779 5312 Αὐτὸς
2822 5250 2930 5320 γὰρ
2969 5249 3073 5321 ἔφη
3095 5266 3112 5282 ·
3147 5253 3290 5321 Τίμα
3334 5254 3444 5308 τὸν
3479 5259 3736 5328 πατέρα

2135 5342 2229 5395 καὶ
2271 5343 2385 5408 τὴν
2414 5341 2633 5410 μητέρα
2654 5360 2667 5372 ·
2699 5343 2790 5395 καὶ
2823 5345 2893 5395 "A
2926 5345 2959 5395 ό
2997 5343 3139 5408 Θεὸς
3178 5344 3560 5413 συνέζευξεν,
3593 5351 3730 5403 ἇν-

2088 5468 2107 5492 .
2135 5440 2362 5501 θρωπος
2389 5434 2473 5503 μὴ
2525 5434 2824 5502 χωριζέτω.
2870 5434 3026 5487 Ἀλλὰ
3075 5434 3177 5487 κᾶν
3218 5438 3343 5508 εἴπῃ
3365 5455 3379 5468 ·
3429 5440 3568 5494 Ἐὰν
3612 5445 3737 5515 μή

2093 5572 2110 5603 ’⁸
2142 5572 2258 5626 Act.
2300 5588 2414 5627 xm.
2460 5572 2541 5625 l0.

2641 5572 2660 5604 ³
2690 5571 2876 5628 Matth.
2912 5590 2959 5628 ι’.
3000 5575 3087 5629 17.
3209 5576 3228 5606 ⁶
3258 5574 3389 5629 Luc.
3418 5592 3574 5645 Xlltl,
3606 5578 3739 5640 33.
