3932 6064
272 224 377 280 769

931 230 1301 289 ADVERSUS
1340 232 1682 291 HERESES
1720 235 1828 291 LIB

1975 238 2139 296 TOM.
2180 242 2267 299 111.
2314 277 2377 288 -
2428 248 2702 308 HERES.
2743 252 2904 309 XL".

3441 268 3548 324 770

270 359 360 429 τις
379 344 718 414 auara/telum
743 347 991 416 πατέρα,
1017 351 1382 421 καὶμητέρα,
1406 355 1503 408 καὶ
1532 354 1828 425 ἀδελφοὺς

1962 358 2196 415 dixerit:
2235 363 2455 421 Honora
2507 379 2710 435 patrem
2761 381 2810 426 et
2853 381 3075 429 matrem
3106 377 3163 442 ’;
3199 377 3326 435 item
3357 396 3370 433 :
3412 380 3548 449 Qut:

269 434 370 488 καὶ
404 434 685 505 γυναῖκα,
721 438 822 492 καὶ
866 439 1070 503 τέκνα,
1116 444 1210 495 καὶ
1255 442 1323 495 τὰ
1366 442 1497 513 ἑξῆς
1521 485 1535 509 ,
1571 448 1684 500 οὐκ
1726 447 1828 502 ἔστ

1971 449 2120 524 Deus.
2139 454 2439 523 conjunxit,
2471 459 2627 514 homo
2657 478 2759 517 non
2794 475 2998 532 separet
3038 466 3080 520 ³.
3115 466 3193 523 Ac
3221 471 3434 526 tametsi
3456 453 3543 528 ita

261 540 382 593 μου
401 526 709 593 μαθητής⁹
734 528 833 598 οὐχ
863 529 950 583 ἴνα
969 530 1218 601 μισῶμεν
1244 532 1505 604 πατέρας,
1533 536 1648 590 ἀλλ’
1674 538 1758 591 ἵνα
1787 556 1828 603 μι

1965 548 2335 612 pronuntiarit
2371 568 2382 603 :
2410 550 2470 605 Si
2498 554 2615 622 quis
2665 572 2769 610 non
2822 557 3089 626 reliquerit
3128 569 3330 629 patrem
3352 572 3401 617 et
3435 580 3545 617 ma-

265 614 610 685 ὑπαγώμεθα
639 619 891 691 πατέρων
922 623 936 652 ¹
955 622 1221 693 ἐπιταγὴν
1251 624 1444 694 ἑτέρας
1473 626 1708 692 πίστεως
1723 629 1857 700 (80),

263 706 297 778 ἢ
329 707 520 779 τρόπῳ
553 710 704 782 παρὰ
733 712 834 783 τὴν
852 712 949 766 τοῦ
979 715 1230 785 Σωτῆρος
1260 715 1632 773 διδασκαλίαν.

1963 642 2117 700 trem,
2142 648 2190 691 et
2225 638 2444 705 fratres,
2473 654 2525 696 et
2562 661 2780 718 uxorem
2809 658 2859 702 et
2892 649 3056 718 ﬁlios,
3085 661 3217 717 ete.,
3250 670 3353 708 non
3374 663 3542 723 potest

1963 741 2111 779 meus
2157 744 2272 783 esse
2303 730 2600 801 discipulus
2629 737 2687 802 ⁴;
2722 753 2830 793 non
2864 740 2988 798 ideo
3018 750 3199 800 tamen
3233 747 3536 816 usurpavit,

263 810 327 856 ut
381 812 642 873 parentes
677 807 803 862 odio
848 809 1134 865 habendos
1170 811 1530 882 praeciperet;
1572 815 1667 870 sed
1702 824 1759 869 ut
1790 830 1860 869 ne
1896 817 1963 871 ad
1987 820 2222 877 alienam
2260 825 2869 899 ﬁdem‘capessendam,
2935 837 3283 909 quidpiamve
3350 807 3538 895 Salva;

260 891 403 947 toris
448 894 758 964 disciplinae
797 898 1140 953 contrarium
1186 910 1476 970 parentum
1522 920 1622 958 nos
1673 906 1966 975 imperium
1997 921 2161 980 atque
2194 919 2498 973 auctoritas
2522 891 2879 990 uprovocaret.

331 983 616 1054 Σχόλμοακ
656 988 762 1041 Καὶ
809 988 1095 1056 ἐλθόντες
1149 995 1238 1058 εις
1283 996 1473 1049 τόπον
1522 999 1852 1067 λεγόμενον

260 1075 522 1144 Κρανίου
559 1078 764 1145 τόπος,
809 1080 1202 1151 ἐσταύρωσαν
1225 1085 1431 1149 αὑτὸν,
1469 1087 1567 1142 καὶ
1603 1087 1850 1158 διεμερί-

255 1184 451 1222 σαντο
482 1169 555 1223 τὰ
579 1169 776 1239 ἱμάτια
804 1172 1012 1235 αὐτοῦ,
1046 1175 1144 1229 καὶ
1169 1177 1495 1246 ἐσκοτίσθη
1523 1179 1772 1254 όοῆλιος.

332 1261 557 1334 Ἐλεγχ.
582 1269 682 1318 οαθ.
720 1264 855 1330 Δόξα
884 1265 962 1337 τῷ
995 1267 1251 1340 ἐλεήμονι
1268 1269 1405 1341 Θεῷ,
1424 1270 1501 1343 τῷ
1524 1272 1844 1344 συνδήσαντί
1924 1276 1931 1281 ”

255 1366 353 1403 σου
379 1352 448 1406 τὰ
468 1352 710 1423 ἅρματα,
744 1348 790 1407 ὧ
817 1354 1017 1427 Φαραὼ
1049 1358 1316 1429 Μαρκίων
1341 1362 1353 1414 ι
1382 1362 1491 1415 Καὶ
1519 1361 1842 1434 βουλομένου

254 1462 352 1498 σου
385 1445 711 1518 ἁποδράσαι,
764 1449 1152 1503 κατεπόντισεν
1186 1451 1325 1506 αὐτὰ
1370 1454 1428 1507 ὲν
1466 1457 1529 1526 τῇ
1575 1455 1839 1529 θαλάσσῃ.

250 1536 735 1608 Προφασιζόμενος
767 1538 877 1611 γὰρ
923 1540 990 1595 τὰ
1034 1542 1234 1603 πάντα,
1280 1544 1378 1614 οὐχ
1417 1544 1559 1610 ἔξεις
1608 1547 1840 1602 ἐνταῦθα

2030 1003 2215 1060 Schol.
2256 1008 2342 1067 7i.
2386 1010 2455 1064 Et
2480 1014 2735 1069 venientes
2759 1017 2812 1069 in
2846 1017 3038 1081 locum,
3075 1020 3163 1088 qui
3182 1018 3379 1073 dicitur
3405 1020 3534 1076 Cal-

1940 1094 2117 1147 variae
2151 1095 2318 1162 locus,
2362 1104 2738 1171 cruci/imorum
2780 1123 2921 1171 eum,
2961 1118 3009 1161 et
3048 1109 3339 1164 diviserunt
3379 1113 3536 1167 vesti-

1950 1197 2148 1254 menta,
2175 1200 2221 1242 et
2257 1192 2568 1250 obscurata;
2601 1199 2848 1253 εδιτορ.

2022 1275 2208 1335 Refot.
2251 1281 2340 1339 71.
2380 1284 2597 1343 Gratias
2637 1289 2980 1348 misericordi
3022 1291 3156 1358 Deo,
3191 1294 3285 1364 qui
3334 1309 3535 1352 currus

1951 1375 2075 1425 tuos
2112 1372 2375 1444 alligavit,
2418 1392 2451 1431 o
2484 1376 2698 1436 Pharao
2734 1381 2965 1437 Mart-io!
2999 1384 3235 1455 illosque
3281 1384 3411 1440 dum
3447 1385 3533 1441 iu-

1949 1474 2071 1530 gam
2115 1465 2326 1523 moliris
2353 1469 2405 1523 in
2434 1485 2585 1527 mare
2614 1472 2879 1529 demersit
2901 1475 2941 1527 °.
2977 1473 3111 1528 Nam
3140 1490 3264 1529 cum
3311 1491 3528 1532 omnem

1948 1554 2344 1622 tergiversandi
2393 1564 2738 1619 occasionem
2778 1573 2986 1634 captes,
3026 1566 3162 1620 nihil
3204 1567 3290 1622 hic
3336 1582 3445 1638 quo
3474 1578 3530 1623 te

245 1629 514 1700 οὐδεμίαν
560 1631 853 1703 πρόφασιν.
916 1632 975 1687 ’0
1026 1636 1135 1705 γὰρ
1190 1635 1265 1708 μὴ
1296 1637 1472 1708 σάρκα
1520 1639 1678 1709 ἔχων,
1724 1641 1828 1695 οὔτε

1948 1658 2180 1702 excuses
2210 1651 2403 1705 aliene
2431 1654 2660 1722 poteris.
2698 1653 2910 1709 Etenim
2946 1656 3041 1726 qui
3070 1672 3235 1711 carne
3270 1673 3375 1711 non
3398 1671 3528 1711 con-

248 1720 638 1791 σταυρωθῆναι
691 1722 937 1779 δύναται.
994 1724 1120 1788 Πῶς
1175 1726 1275 1779 οὐκ
1336 1726 1538 1796 ἔφυγες
1585 1730 1645 1782 τὸ
1699 1730 1843 1801 μέγα

247 1810 411 1864 τοῦτο
436 1809 634 1881 ῥητόν;
681 1811 806 1876 Πῶς
839 1813 943 1867 οὐκ
973 1815 1336 1887 ἐπεχείρησας
1377 1817 1581 1889 κρύψαι
1612 1819 1710 1892 τὴν
1743 1839 1842 1891 με-

246 1901 424 1972 γάλην
452 1901 657 1975 ταύτην
684 1904 1091 1976 πραγματείαν,
1115 1907 1213 1978 τὴν
1246 1908 1488 1963 λύσασαν
1519 1927 1613 1963 σου
1658 1913 1839 1965 πᾶσαν

241 1993 346 2066 τὴν
378 1992 437 2058 ἐξ
469 1994 645 2067 ἀρχῆς
680 1998 1148 2070 μεμηχανημένην
1191 2002 1594 2073 κακοτροπίαν;
1622 2003 1684 2055 Εἰ
1730 2004 1839 2075 γὰρ

242 2087 386 2152 ὅλως
419 2086 765 2160 ἐσταυρώθη,
800 2090 918 2153 πῶς
940 2092 1001 2143 οὐ
1037 2090 1256 2160 βλέπεις
1290 2091 1382 2146 τὸν
1423 2094 1837 2166 ἐσταυρωμένον

241 2178 393 2249 ἁφὴν
423 2179 638 2251 ἔχοντα,
667 2179 765 2234 καὶ
810 2180 964 2251 ἥλοις
991 2181 1090 2244 τὰς
1129 2185 1318 2253 χεῖρας
1364 2184 1711 2256 πηγνύμενον
1743 2188 1837 2240 καὶ

243 2270 447 2336 πόδας;
503 2271 617 2325 Οὐκ
663 2270 729 2325 ἂν
780 2270 837 2324 δὲ
882 2272 1113 2342 ἠδύνατο
1160 2274 1381 2347 δόκησις
1430 2274 1589 2330 τοῦτο
1624 2272 1761 2331 εἶναι
1799 2278 1832 2350 ἢ

244 2362 562 2434 φάντασμα,
602 2363 677 2427 ὡς
706 2363 771 2417 σὺ
815 2363 1019 2433 λέγεις,
1054 2364 1190 2418 ἀλλὰ
1230 2366 1389 2437 σῶμα
1435 2367 1671 2439 ἀληθῶς,
1710 2368 1737 2422 ὃ
1770 2370 1834 2423 ἐκ

242 2455 470 2527 Μαρίας
498 2455 720 2527 εἴληφεν
750 2457 779 2509 ό
812 2456 1035 2528 Κύριος,
1076 2456 1275 2529 σάρκα,
1321 2457 1481 2527 φύσιν
1506 2459 1605 2532 τὴν
1633 2462 1833 2531 ἡμετέ-

245 2565 368 2618 ραν,
398 2548 492 2600 xui
518 2546 701 2611 ὀστέα,
736 2548 829 2601 καὶ
854 2547 922 2601 τὰ
951 2546 1086 2601 ἄλλα
1110 2565 1123 2577 ’
1152 2548 1337 2621 ἐπειδὴ
1375 2550 1715 2621 ὁμολογεῖται
1739 2553 1831 2605 καὶ

241 2638 399 2710 παρὰ
427 2639 511 2692 σοὶ
540 2637 757 2709 σταυρῷ
785 2639 1129 2710 προσπαγεὶς
1154 2641 1183 2691 ό
1223 2640 1445 2712 Κύριος.

316 2836 473 2907 Σχόλ.
509 2834 609 2906 οβ’.
646 2835 935 2906 Παρὲκοψε
964 2835 1025 2888 τό
1045 2853 1057 2866 ·
1091 2835 1360 2906 Σήμερον
1390 2837 1517 2907 μετ’
1543 2839 1689 2908 ἐμοῦ
1713 2841 1827 2899 ἔσῃ

238 2929 313 2982 ἐν
342 2926 419 2992 τῷ
448 2924 793 2994 παραδείσῳ
804 2961 817 2974 .
1762 2988 1767 3003 τ

318 3016 538 3087 Ἔλεγχ.
570 3015 669 3086 οβ’.
687 3015 883 3080 Καλῶς
898 3017 1165 3072 τοῦτοὸιαὶ
1190 3017 1464 3091 ἁρμοδίως
1481 3021 1821 3092 παρέκοψας,

237 3105 288 3164 ὦ
334 3110 634 3182 Μαρκίων
692 3109 898 3180 ἐπῆρες
923 3109 1029 3181 γὰρ
1073 3111 1180 3164 ἀπὸ
1221 3113 1445 3166 σεαυτοῦ
1489 3115 1586 3186 τὴν
1622 3116 1824 3170 εἴσοδον

237 3202 337 3258 τοῦ
371 3201 720 3273 παραδείσου.
755 3200 893 3255 Οὔτε
939 3201 1047 3273 γὰρ
1084 3202 1147 3255 σὺ
1176 3202 1483 3277 εἰσελεύση,
1535 3205 1659 3259 οὔτε
1698 3200 1825 3272 τοὺς

238 3297 342 3350 σὺν
369 3294 451 3348 σοι⁵
480 3293 683 3356 ἐάσεις.
715 3292 878 3345 Φύσει
920 3292 1029 3366 γὰρ
1061 3293 1140 3365 τῷ
1173 3294 1286 3349 δντι
1328 3296 1545 3367 μισοῦσι
1589 3297 1651 3352 τὸ
1682 3301 1823 3368 ἀγα-

237 3387 334 3442 θὺν
353 3387 403 3440 οἱ
436 3384 748 3448 πλανῶντες
773 3384 868 3438 καὶ
895 3385 1319 3458 πεπλανημένοι.

311 3564 471 3635 Σχόλ.
514 3571 616 3633 ογ’.
670 3564 783 3619 Καὶ
857 3566 1149 3636 φωνήσας
1202 3569 1374 3641 φωνῇ’
1424 3572 1659 3647 μεγάλῃ
1722 3573 1823 3639 ἐξ·

234 3657 563 3714 ἐπνευσεν.

313 3750 533 3823 Ἔλεγχ.
558 3758 657 3822 ογ’.
680 3754 743 3807 Et
763 3752 1106 3823 ἐξέπνευσεν,
1131 3749 1177 3809 ὦ
1196 3756 1484 3828 Μαρκίων,
1511 3759 1608 3813 καὶ
1639 3760 1821 3832 φωνὴν

238 3842 484 3914 μεγάλην
513 3843 783 3907 ἀπέδωκε,
807 3845 972 3900 πόθεν
1006 3845 1280 3914 ὲξέπνεεν,
1308 3847 1342 3918 ἢ
1378 3848 1432 3901 τί
1460 3847 1521 3902 τὸ
1556 3851 1818 3918 ὲκπνὲον;

231 3934 409 4007 Δῆλον
434 3936 494 3990 δέ
517 3937 655 4002 ἐστι,
689 3937 794 3994 κᾶν
822 3940 886 3994 σὺ
920 3938 998 4011 μὴ
1033 3938 1239 4009 λέγεις.
1263 3939 1427 4011 Ψυχὴ
1457 3941 1553 3995 σὺν
1589 3945 1656 4014 τῇ
1700 3942 1821 3997 θεό-

234 4044 362 4100 τητι
394 4029 503 4083 ἀπὸ
530 4028 781 4102 σώματος
804 4031 1221 4104 ὲκπορευθεῖσα,
1252 4031 1347 4086 τοῦ
1376 4032 1625 4105 σώματος
1648 4035 1817 4090 ἄπνου

236 4119 544 4190 μείναντος,
577 4119 692 4190 ἔχει
720 4122 753 4193 ή
777 4122 1023 4190 ἀλήθεια.

305 4381 467 4453 Σχόλ.
503 4381 596 4435 οδ’.
649 4379 795 4436 Ἰδοὺ
818 4381 975 4449 ἀνὴρ
1001 4382 1246 4452 ὀνόματι
1284 4382 1507 4454 Ἰωσὴφ
1548 4385 1817 4441 καθελὼν

231 4473 297 4527 τὸ
323 4470 499 4541 σῶμα
545 4470 853 4538 emensa
895 4468 1151 4537 σινδόνι,
1185 4471 1283 4525 καὶ
1312 4471 1628 4540 ἔθηκεν-ὲν
1660 4490 1813 4542 μνη-

226 4563 379 4633 μείῳ
400 4560 704 4628 λαξευτῷ.

307 4654 528 4726 Ἐλεγχ.
556 4653 646 4710 οδθ.
678 4655 744 4708 Et
781 4654 863 4719 τὸ,
905 4655 1198 4721 καθελὼν,
1228 4657 1324 4711 καὶ
1354 4657 1698 4727 ἐντυλίξας.
1726 4661 1813 4715 καὶ

229 4747 314 4809 τὸ,
351 4744 536 4800 θεῖναι
565 4745 636 4800 ἐν
675 4745 941 4817 μνήματι
988 4734 1285 4814 λαξπτῷ,
1323 4749 1385 4801 οὐ
1431 4749 1607 4805 πείθει
1656 4768 1738 4816 σε,
1772 4747 1818 4806 ὦ

230 4833 519 4904 Μαρκίων,
542 4834 627 4899 τίς
649 4851 744 4889 σου
779 4835 1164 4909 ὴλιθιώτερος;
1199 4838 1263 4889 Τί
1290 4837 1346 4891 δὲ
1387 4838 1513 4894 ἄλλο
1550 4842 1815 4912 σαφέστε-

232 4944 327 4999 ρον
359 4930 394 4998 ὴ
430 4927 616 5000 Γραφὴ
649 4924 762 4999 εἶχε
798 4929 989 4997 δεῖξαι,
1025 4931 1185 4985 ὁπότε
1228 4933 1322 4985 καὶ
1363 4933 1424 4986 τὸ
1467 4936 1680 5007 μνῆμα,
1721 4938 1813 4991 καὶ

230 5019 324 5072 τὸν
348 5018 535 5085 τόπον,
562 5021 658 5074 καὶ
699 5020 759 5074 τὸ
792 5016 929 5085 εἶδος
952 5022 1141 5089 ἔδειξε,
1185 5023 1397 5077 καὶτοῦ
1441 5024 1691 5097 σώματος
1715 5029 1813 5099 τὴν

229 5109 530 5181 τριήμερον
582 5109 752 5173 θέσιν,
786 5110 882 5164 καὶ
920 5110 980 5163 τὸ
1024 5104 1240 5182 εῐλημί
1269 5112 1371 5182 τῆς
1419 5114 1675 5181 σινδόνος,
1727 5117 1813 5172 ἵνα

231 5199 382 5273 δείξῃ
406 5200 507 5273 τὴν
531 5202 713 5255 πᾶσαν
742 5200 1025 5269 ἀλήθειαν·

1944 1744 2076 1800 stat,
2114 1753 2182 1793 ne
2218 1738 2358 1811 adigi
2389 1743 2609 1811 quidem
2642 1747 2792 1800 cruci
2826 1754 3020 1817 potest.
3053 1748 3339 1814 Quomodo
3363 1749 3527 1820 igitur

1943 1834 2052 1883 tam
2084 1830 2358 1902 illustrem
2388 1837 2714 1893 sententiam
2741 1841 2965 1896 minime
2995 1824 3285 1897 devitasti?
3316 1851 3410 1897 aut
3440 1845 3524 1898 in~

1941 1938 2075 1993 gens
2115 1923 2221 1978 hoc
2256 1927 2534 1996 negotium
2575 1929 2771 1986 callide
2815 1931 3168 1988 dissimulare
3200 1948 3308 1988 non
3343 1948 3403 1988 es
3440 1948 3526 2005 ag-

1938 2028 2185 2082 gressus,
2218 2033 2328 2087 quo
2356 2025 2444 2072 tua
2478 2018 2633 2077 fraus
2667 2022 2848 2078 omnis
2881 2031 2935 2078 et
2977 2023 3303 2093 improbitas
3339 2023 3523 2079 fundi-

1939 2102 2029 2159 t'us
2064 2105 2391 2161 labefactata
2431 2110 2714 2165 concidit?
2750 2111 2881 2166 Nam
2915 2114 2957 2168 si
2998 2114 3225 2169 omnino
3259 2115 3409 2169 cruci
3441 2124 3526 2170 est

1938 2195 2152 2261 alIixus,
2181 2214 2282 2253 cur
2317 2215 2425 2254 non
2451 2201 2587 2257 illud
2621 2203 2793 2270 vides,
2826 2221 2949 2260 eum
2981 2207 3071 2276 qui
3107 2207 3406 2263 cruciﬁxus
3440 2216 3524 2262 est

1937 2292 2244 2354 attrectari,
2266 2292 2496 2362 ejusque
2520 2309 2715 2350 manus
2739 2310 2801 2351 ac
2831 2297 2996 2367 pedes
3022 2299 3192 2354 clavis
3218 2301 3523 2370 perforari?

1936 2383 2113 2451 Quare
2156 2400 2266 2440 non
2297 2386 2413 2443 hac
2445 2387 2625 2444 inanis
2655 2390 2825 2454 larva,
2874 2391 2958 2446 vel
3005 2392 3217 2462 species
3263 2408 3387 2447 esse
3423 2408 3522 2464 po-

1935 2476 2056 2540 tuit,
2097 2484 2156 2530 ut
2188 2477 2427 2545 asseris;
2460 2478 2557 2533 sed
2606 2495 2795 2534 verum
2842 2495 3064 2551 corpus,
3103 2483 3247 2552 quod
3272 2498 3302 2538 c
3351 2482 3519 2537 Maria

1934 2563 2186 2619 Christus
2208 2568 2438 2636 accepit,
2466 2581 2688 2624 carnem
2714 2568 2967 2625 videlicet
2993 2579 3261 2637 nostram,
3289 2580 3345 2627 et
3365 2587 3516 2636 ossa,

1935 2667 2236 2728 cacteraque
2267 2660 2515 2729 corporis
2560 2662 2805 2716 membra
2837 2682 2850 2717 :
2883 2663 3326 2734 quandoquidem
3366 2666 3518 2720 cruci

1934 2745 2150 2800 allixum
2186 2763 2307 2803 esse
2341 2747 2631 2805 Dominum
2658 2768 2727 2808 ne
2758 2753 2874 2823 ipse
2905 2754 3124 2824 quidem
3148 2754 3417 2811 diliiterls.

2006 2835 2192 2891 Schol.
2236 2837 2321 2892 72.
2367 2838 2480 2895 Hoc
2531 2842 2754 2914 insuper
2801 2844 3069 2901 abstulit:
3105 2846 3277 2901 Hodie
3318 2863 3516 2902 mecum

1933 2927 2038 2980 eris
2068 2927 2119 2981 in
2149 2930 2400 2996 paradiso
2419 2933 2461 2986 ⁷.

2009 3019 2193 3075 Rel‘ut.
2216 3022 2302 3076 72.
2328 3022 2493 3079 Recte
2517 3025 2619 3081 hoc
2653 3034 2708 3081 et
2737 3035 3108 3084 consentanee
3136 3030 3357 3099 quidem
3387 3031 3519 3088 sub-

1933 3110 2169 3175 traxisti,
2211 3110 2435 3166 Marcio.
2485 3111 2734 3170 Paradisi
2778 3118 2923 3172 enim
2970 3119 3065 3174 tibi
3096 3120 3302 3175 aditum
3344 3122 3516 3176 inter-

1930 3199 2163 3267 clusisti,
2200 3213 2257 3255 ut
2292 3218 2469 3272 neque
2501 3211 2617 3259 tute
2666 3208 2994 3278 ingrediare,
3049 3226 3225 3280 neque
3259 3219 3381 3267 tuos
3421 3228 3517 3283 pa.-

1933 3291 2088 3348 tiaris
2113 3292 2322 3364 ingredi
2349 3296 2392 3350 ⁸.
2435 3297 2512 3351 Ita
2547 3299 2691 3352 enim
2734 3311 3109 3371 comparatum
3140 3312 3243 3368 est,
3281 3312 3339 3357 ut
3369 3305 3516 3374 quod

1927 3381 2133 3437 bonum
2173 3391 2259 3440 est
2296 3385 2514 3441 oderint
2550 3394 2661 3443 tam
2698 3391 2792 3459 qui
2840 3392 2897 3446 in
2948 3408 3191 3450 errorem
3222 3395 3513 3464 inducunt,

1928 3486 2092 3542 quam
2121 3475 2213 3543 qui
2245 3475 2427 3530 induci
2463 3491 2523 3532 se
2556 3481 2898 3547 permittunt.

2001 3561 2191 3619 Schol.
2250 3565 2335 3621 75.
2400 3564 2469 3620 Et
2525 3560 2835 3627 exclamans
2902 3588 3024 3628 voce
3079 3589 3275 3645 magna
3334 3574 3508 3647 exspi-

1928 3655 2117 3710 ravit’.

1998 3745 2185 3801 Rcfut.
2224 3746 2312 3801 75.
2355 3748 2492 3803 Cum
2537 3753 2852 3823 exspirarit.
2887 3769 2919 3809 o
2953 3755 3194 3811 Marcio!
3237 3758 3511 3825 Christus,

1927 3845 1982 3892 et
2023 3837 2080 3892 in
2128 3838 2402 3910 ingentem
2436 3855 2623 3896 vocem
2667 3832 2929 3913 eruperit,
2962 3848 3187 3915 quinam
3231 3851 3515 3919 exspirare

1930 3929 2124 3998 potuit,
2150 3937 2245 3985 aut
2266 3931 2396 4001 quid
2427 3933 3009 4005 tandemexspiravit?
3035 3936 3304 3993 Nimirum
3326 3955 3514 4011 quam-

1926 4020 2246 4094 lihet348
2267 4030 2472 4089 taceas,
2518 4024 2869 4081 manifestum
2920 4026 3064 4082 istud
3102 4036 3187 4083 est
3221 4048 3234 4081 :
3272 4031 3509 4086 animam

1928 4112 2120 4180 fuisse,
2153 4131 2275 4186 quae
2317 4132 2439 4172 cum
2472 4116 2763 4173 divinitate
2796 4134 2826 4173 a
2876 4134 3104 4190 corpore
3146 4121 3504 4188 discesserit;

1926 4223 2051 4262 cum
2082 4208 2299 4264 interim
2342 4211 2537 4265 anima:
2571 4211 2703 4267 illud
2738 4227 2934 4283 expers
2975 4221 3240 4280 maneret,
3277 4222 3337 4269 ut
3368 4216 3509 4270 veri-

1850 4336 1898 4396 Β
1927 4306 2010 4351 tas
2038 4296 2157 4366 ipsa
2188 4298 2454 4352 continet.

2004 4387 2189 4442 Schol.
2250 4390 2335 4443 74.
2378 4388 2513 4444 Ecce
2558 4392 2655 4457 vir,
2703 4372 2910 4446 nomine
2951 4391 3168 4463 Ioseph,
3217 4395 3508 4463 depositum

1929 4494 2116 4546 corpus
2145 4478 2381 4539 involvit.
2410 4490 2458 4534 et
2493 4481 2669 4550 posuit
2690 4482 2745 4535 in
2774 4492 3107 4538 monumento
3131 4485 3307 4539 exciso
3334 4487 3398 4539 ¹⁰.

1996 4654 2179 4711 Relut.
2219 4656 2304 4711 74.
2349 4654 2405 4711 Si
2435 4656 2517 4712 hac
2550 4673 2729 4721 voces.
2772 4659 3088 4730 depositum,
3129 4665 3183 4714 et
3219 4659 3502 4724 involvens,

1925 4758 1979 4807 et
2016 4767 2206 4820 ponere
2232 4758 2287 4806 in
2322 4762 2656 4808 monumento
2686 4755 2881 4818 exciso,
2915 4756 3245 4825 persuadere
3274 4754 3370 4808 tibi
3409 4770 3506 4809 nec

1920 4849 2152 4912 queunt,
2188 4840 2412 4907 Marcio,
2439 4843 2570 4912 quid
2595 4850 2648 4898 te
2679 4843 2805 4915 ﬁngi
2835 4842 3013 4914 potest
3030 4845 3341 4900 amentius?
3364 4843 3503 4912 Quid

1920 4947 2099 4989 autem
2155 4915 2358 4990 clarius
2408 4933 2653 4991 indicare
2698 4934 2980 5005 Scriptura
3024 4936 3221 5006 potuit,
3276 4951 3399 4990 cum
3450 4942 3505 4991 et

1920 5034 2357 5092 monumentum,
2398 5035 2453 5080 ct
2495 5027 2697 5091 locum,
2748 5034 2802 5082 et
2849 5027 2969 5096 ejus
3017 5028 3248 5081 formam
3299 5041 3364 5081 ac
3405 5027 3501 5082 de-

1918 5113 2276 5183 scriptionem
2307 5115 2676 5186 expresserit;
2716 5115 2989 5171 addiderit
3030 5116 3257 5187 insuper
3290 5117 3501 5171 tridua-

1917 5218 2041 5257 nam
2072 5204 2219 5258 illam
2250 5205 2304 5259 in
2337 5208 2589 5277 sepulcro
2619 5201 3127 5274 commorationem,
3164 5223 3286 5262 cum
3316 5206 3500 5263 sindo-

1915 5295 2002 5351 nis
2029 5295 2333 5362 involuero,
2366 5299 2447 5353 uti
2472 5304 2640 5353 totam
2668 5298 2747 5353 rei
2769 5298 3059 5354 veritatem
3079 5297 3430 5355 ostenderet?
3484 5324 3495 5333 ~

134 5480 143 5489 κ
300 5451 317 5482 ι
344 5447 782 5525 ncessevidetur
815 5446 1086 5525 nonnihil.
1121 5445 1377 5525 _’_Matth.
1405 5463 1493 5525 χχ,
1522 5448 1575 5502 4.
1595 5519 1613 5525 Δ
1649 5448 1676 5525 _’
1707 5447 1895 5504 Matth.
1936 5451 2138 5525 χιιι-,Λᾶ
2186 5450 2223 5525 ἒξ
2252 5451 2386 5525 Luc.
2418 5470 2532 5523 xw,
2564 5455 2653 5512 ‘26.
2720 5458 2740 5488 ⁸
2773 5455 2903 5512 Luc.
2934 5472 3090 5525 unt,
3114 5456 3203 5514 3'5.
3281 5456 3300 5488 ‘
3324 5453 3495 5509 Exod.

230 5532 346 5586 xxv,
372 5518 465 5574 24.
543 5519 564 5550 ⁷
599 5515 733 5573 Luc.
771 5531 932 5585 mu,
961 5519 1079 5587 43,
1119 5517 1141 5550 ³
1165 5516 1298 5573 Luc.
1324 5532 1404 5580 ιιι,
1428 5516 1520 5573 52.
1595 5519 1615 5550 '
1647 5517 1781 5574 Luc.
1815 5537 1828 5576 ι

1948 5537 1977 5587 ι,
2011 5520 2102 5597 to.
2183 5522 2228 5554 ιθ
2251 5523 2387 5579 ibid.
2420 5525 2509 5581 ιδ.

302 5670 415 5743 (80)
460 5669 787 5742 Ἐπιταγὴν
835 5672 1040 5740 ἐτέρας
1075 5673 1352 5738 πίστεως.
1389 5673 1548 5729 Corr.
1589 5673 1844 5747 ἐπιταγῇ.
