4078 6074
534 241 631 298 771

1940 226 1997 285 S.
2033 226 2376 281 EPlPllANll

3671 221 3781 277 772

605 352 797 412 Schol.
835 349 922 404 75.
965 347 1030 401 Et
1064 336 1368 401 revertentes
1400 342 1643 396 mulieres
1675 340 1935 395 siluerunt
1967 339 2100 394 Sab-

2275 337 2428 408 Σχόλ.
2455 342 2548 390 σε’.
2591 335 2697 390 Καὶ
2730 334 3185 403 ὑποστρέψασαι
3215 334 3276 386 αἱ
3308 330 3587 403 γυναῖκες
3626 333 3781 401 ἠιτύ-

531 443 654 498 bato
679 440 960 496 serundum
989 439 1297 492 mandatum
1324 436 1363 486 ¹.

602 533 783 589 Refut.
826 532 912 585 75.
941 528 1112 591 Unde,
1144 541 1347 599 quaeso,
1382 524 1638 580 mulieres
1666 537 1893 578 reversae
1939 519 2103 576 sunt?

532 635 627 682 aut
660 641 760 679 cur
786 624 1002 678 demum
1042 619 1263 674 siluisse
1306 626 1616 679 narrantur,
1648 615 1751 671 nisi
1792 622 1850 668 ut
1886 614 2100 667 illarum

532 717 865 777 testimonia,
919 712 1118 782 quibus
1151 711 1364 765 insania
1405 720 1494 763 tua
1549 706 1912 777 redarguitur,
1954 702 2103 757 Scri-

532 817 692 879 ptura
735 802 1082 861 declararet?
1125 800 1265 856 Ecce
1294 802 1392 855 tibi
1426 801 1682 854 mulieres
1718 803 2009 858 testantur,
2048 803 2102 849 et

532 898 785 969 apostoli,
825 905 878 951 et
917 894 1111 958 Judaei,
1162 902 1217 949 et
1272 893 1470 964 angeli,
1509 900 1562 945 et
1596 889 1796 959 Joseph
1840 888 1976 954 ipse,
2010 886 2101 953 qui

536 989 822 1043 tractabile
854 1003 1057 1057 corpus
1089 1003 1119 1042 e
1160 1000 1325 1040 cruce
1358 982 1599 1045 demisit,
1633 989 1687 1036 et
1708 978 1967 1035 obvolvit.
1998 976 2103 1032 Ve.

534 1094 655 1133 rntn
703 1064 818 1147 quis
859 1093 975 1131 eum
1021 1076 1273 1145 corrigat,
1300 1074 1389 1143 qui
1419 1073 1644 1139 seipsum
1673 1085 1767 1123 suo
1796 1067 2003 1137 judicio
2042 1083 2105 1121 ac

533 1171 797 1225 voluntate
825 1168 1112 1237 pervertit?
1138 1168 1212 1220 uti
1238 1166 1500 1234 scriptum
1539 1162 1822 1230 legintus'.

606 1260 787 1315 Schol.
822 1260 911 1314 76.
956 1259 1212 1313 Dixerunt
1242 1258 1330 1328 qui
1358 1265 1507 1310 erant
1534 1253 1587 1307 in
1615 1263 1750 1308 veste
1783 1252 1942 1305 alba:
1966 1248 2105 1316 Quid

533 1354 771 1423 quaeritis
805 1353 1051 1406 viventem
1095 1367 1212 1403 tum
1262 1349 1520 1402 mortuis?
1549 1345 1811 1401 Surrexit.
1841 1342 2106 1396 Recorda-

537 1443 665 1495 mini
713 1458 828 1512 qua:
869 1442 1073 1494 locutus
1123 1448 1221 1503 est,
1268 1455 1387 1493 cum
1435 1438 1605 1492 adhuc
1648 1435 2107 1501 esset:Quoniam

536 1540 736 1600 oportet
765 1532 935 1599 ﬁlium
960 1531 1186 1584 hominis
1215 1531 1327 1597 pati
1351 1537 1400 1582 et
1423 1528 1627 1585 tradi’.

608 1699 787 1755 Refnt.
834 1698 918 1752 76.
959 1697 1144 1753 Fidem
1200 1696 1297 1751 tibi
1335 1696 1512 1751 facere
1562 1711 1630 1750 nc
1675 1695 1850 1765 angeli
1888 1694 2102 1764 quidem

538 1796 628 1852 isti
652 1798 900 1865 possunt,
927 1806 959 1844 o
978 1789 1207 1843 Marcio!
1235 1788 1362 1842 dum
1390 1788 1568 1856 ipsum
1596 1785 1776 1839 triduo
1800 1785 1940 1839 inter
1961 1799 2107 1837 mor-

539 1897 663 1941 tuos
695 1889 973 1939 versatum
1010 1895 1133 1935 esse
1179 1878 1494 1949 praedicant,
1523 1876 1883 1945 eumdemqne
1922 1884 2106 1945 postea

540 1976 862 2038 redivivum,
911 1986 1010 2025 nec
1053 1969 1285 2038 amplius
1335 1976 1640 2028 mortuum;
1686 1967 1779 2035 qui
1828 1965 2109 2019 divinitate

540 2066 758 2136 quidem
818 2065 936 2133 ipsa
985 2068 1245 2131 perpetuo
1300 2059 1467 2125 vivat,
1526 2074 1701 2127 neque
1755 2066 1982 2111 mortem
2040 2058 2112 2111 sit

539 2163 797 2226 exprtus
825 2150 1135 2222 aliquando,
1175 2164 1341 2204 carne
1372 2163 1503 2213 vero
1534 2148 1716 2201 triduo
1757 2156 2005 2201 mortuus
2026 2148 2111 2215 ja-

541 2248 734 2309 cuerit,
775 2259 839 2297 ac
868 2244 1046 2297 denuo
1078 2241 1257 2295 vivere
1279 2238 1526 2308 cmperit.
1564 2237 1653 2305 Sic
1679 2238 1821 2292 enim
1859 2238 2111 2291 mulieres

542 2332 1248 2406 alloquuntur:Surrexit;
1303 2347 1404 2383 non
1464 2337 1541 2382 est
1587 2328 1690 2381 hic.
1746 2326 1886 2393 Quid
1934 2337 2111 2380 autem

542 2427 687 2481 aliud
714 2425 969 2496 surgendi
996 2430 1137 2486 vox,
1177 2421 1425 2475 nisienm
1468 2418 1761 2473 dormiisse
1803 2418 2113 2486 signiﬁcat?

542 2518 698 2584 Quod
739 2518 956 2585 quidem
998 2512 1342 2567 manifestius
1381 2519 1567 2581 postea
1598 2509 1899 2564 declarant.
1933 2509 2115 2562 Recor-

2202 444 2401 497 χασαν
2438 427 2502 479 τὸ
2534 427 2835 479 σάϐϐατον
2858 426 3008 479 κατὰ
3038 425 3145 477 τὸν
3173 425 3380 492 νόμον.

2277 519 2495 587 Ἔλεγχ.
2525 523 2617 570 σε’.
2655 516 2823 569 Πόθεν
2848 515 3191 588 ὑπέστρεψαν
3211 515 3266 568 αἱ
3290 515 3582 583 γυναῖκες;
3617 513 3704 567 διὰ
3730 515 3779 566 τί

2200 610 2259 662 δὲ
2292 609 2386 663 καὶ
2432 608 2494 660 τὸ
2538 608 2814 678 ἡσύχασαν
2864 607 3208 677 γέγραπται;
3253 604 3367 657 ἀλλ’
3414 604 3501 657 ἵνα
3541 601 3694 675 δείξῃ
3746 606 3777 674 ή

2204 698 2392 770 Γραφὴ
2423 698 2518 768 τὴν
2574 697 2752 751 αὐτῶν
2800 696 3127 767 μαρτυρίαν,
3178 695 3505 765 ὲλὲγχουσάν
3540 712 3634 747 σου
3682 694 3779 765 τὴν

2203 791 2406 854 ἄνοιαν,
2434 783 2480 842 ὦ
2517 787 2802 858 Μαρκίων.
2841 787 2970 841 Ἰδοὺ
3000 785 3108 854 γὰρ
3143 787 3237 838 καὶ
3266 788 3522 853 γυναῖκες
3568 802 3780 855 μαρτυ-

2206 878 2358 951 ροῦσι
2384 921 2399 945 ,
2440 879 2535 931 καὶ
2591 876 2896 938 ἀπόστολοι,
2956 877 3051 929 καὶ
3100 875 3361 935 Ἰουδαῖοι,
3410 874 3504 927 καὶ
3539 875 3780 941 ἄγγελοι,

2205 970 2300 1020 καὶ
2341 967 2538 1037 Ἰωσὴφ
2566 969 2591 1019 ὁ
2630 966 2945 1037 ψηλαφητὸν
2977 965 3145 1028 ὅντως
3187 965 3348 1034 σῶμα
3397 962 3657 1027 καθελὼν,
3688 964 3783 1015 καὶ

2204 1057 2503 1128 ἐνειλήσας.
2546 1058 2640 1121 Τίς
2670 1054 2737 1108 δὲ
2781 1054 3077 1124 κοσμήσει
3126 1055 3232 1107 τὸν
3274 1054 3785 1122 αὺτοκατακρίτως

2205 1148 2422 1201 ἑαυτὸν
2453 1146 2885 1215 διαστρέφοντα
2903 1146 3024 1210 ίὼς
3053 1146 3168 1199 ἔστι
3198 1146 3606 1215 γεγραμμένον.

2276 1238 2430 1307 Σχόλ.
2459 1243 2563 1300 ος’.
2604 1234 2800 1290 Εἶπαν
2832 1240 2885 1290 οἱ
2921 1237 2991 1289 ἐν
3022 1236 3233 1304 ἐσθῆτι
3273 1233 3518 1305 ,λαμπρᾷ
3542 1254 3554 1265 ·
3600 1237 3659 1289 Τί
3689 1235 3783 1302 ζη-

2207 1330 2355 1383 τεῖτε
2384 1329 2491 1382 τὸν
2511 1326 2693 1388 ζῶντα
2718 1330 2868 1397 μετὰ
2896 1325 3015 1381 τῶν
3040 1327 3299 1395 νεκρῶν;
3341 1327 3599 1394 Ἠγέρθη.
3629 1328 3786 1392 Μνή-

2207 1424 2390 1489 σθητε
2428 1419 2543 1473 ὅσα
2574 1420 2881 1487 ἐλάλησεν
2912 1420 2999 1472 ἔτι
3043 1420 3128 1472 ὢν
3150 1421 3277 1488 μεθ’
3317 1416 3500 1487 ὑμῶν·
3536 1420 3663 1471 ’Ὁτι
3697 1419 3786 1471 δεῖ

2208 1512 2314 1563 τᾶν
2357 1511 2492 1563 Υἱὸν
2518 1510 2621 1563 τοῦ
2652 1510 2965 1577 ἀνθρώπου
2991 1511 3192 1564 πολλὰ
3213 1510 3445 1575 παθεῖν,
3477 1509 3577 1563 καὶ
3606 1524 3786 1574 πορι-

2210 1600 2479 1668 δοθῆναι.

2285 1694 2503 1763 Ἔλεγχ.
2540 1700 2646 1757 οςν.
2672 1692 2806 1745 Οὐδὲ
2834 1686 2980 1745 οὗτοί
3009 1709 3067 1745 σε
3093 1692 3367 1746 πείθουσιν
3398 1695 3446 1747 οἱ
3468 1691 3708 1761 ἄγγελοι,
3744 1680 3788 1744 ὢ

2211 1784 2493 1855 Μαρκίων,
2521 1783 2906 1854 ὁμολογοῦντες
2940 1784 3039 1854 μὲν
3075 1784 3234 1837 αὐτὸν
3262 1786 3555 1855 τριήμερον
3583 1784 3784 1852 μεταξὺ

2212 1872 2418 1943 νεκρῶν
2442 1872 2791 1942 γεγενῆσθαι,
2819 1872 2993 1937 ζῶντα
3021 1872 3076 1924 δὲ
3109 1872 3311 1934 λοιπὸν,
3350 1874 3442 1925 καὶ
3474 1872 3659 1926 ούκέτι
3701 1890 3784 1925 νεο

2214 1966 2375 2033 κρόν·
2420 1965 2505 2016 ἀεὶ
2546 1964 2641 2033 μὲν
2682 1963 2860 2023 ζῶντα
2889 1966 2947 2015 ὲν
2978 1966 3043 2033 τῇ
3082 1963 3313 2034 θεότητι,
3363 1964 3453 2016 καὶ¹
3495 1964 3618 2034 μηδ’
3655 1964 3787 2025 ὅλως

2212 2052 2571 2124 νεκρωοέντα,
2616 2052 2959 2124 νεκρωοέντα
2990 2054 3047 2106 δὲ
3077 2055 3215 2108 κατὰ
3260 2057 3435 2126 σάρκα
3464 2055 3527 2108 τὸ
3557 2056 3787 2126 τριήμε·

2217 2161 2329 2216 ρον,
2360 2145 2453 2198 καὶ
2484 2144 2640 2197 πάλιν
2668 2144 2865 2208 ζῶντα.
2885 2146 3113 2213 Λέγουσι
3131 2145 3239 2215 γὰρ
3260 2146 3448 2209 αὐταῖς
3469 2162 3481 2175 ·
3522 2145 3786 2209 Ἀνέστη·

2210 2242 2319 2292 οὐκ
2347 2241 2521 2292 ἔστιν
2558 2234 2693 2295 ὦδε.
2727 2239 2799 2291 Τὸ
2831 2239 2886 2292 δὲ
2912 2239 3136 2307 ἀνέστη
3165 2240 3216 2293 τί
3246 2242 3361 2291 ἐστι
3392 2240 3439 2289 εἱ
3468 2237 3543 2308 μὴ
3582 2238 3664 2290 ὅτι
3697 2230 3789 2288 καὶ

2211 2331 2513 2401 ὲκοιμήοη;
2551 2331 2890 2399 Σαφέστερον
2933 2331 3041 2401 γὰρ
3075 2330 3207 2383 αὐτὸ
3257 2328 3590 2399 διηγοῦνται.
3630 2327 3791 2394 Mra}-

2210 2424 2393 2488 σθητε
2442 2424 2570 2493 γὰρ,
2613 2423 2798 2493 φησὶν,
2846 2422 2934 2475 ὅτι
2977 2422 3063 2475 ἔτι
3102 2421 3314 2491 περιὼν
3353 2420 3541 2473 ταῦτα
3585 2421 3791 2486 ἔλεγεν

2212 2513 2355 2581 ὑμῖν
2371 2530 2384 2543 ⁸
2423 2515 2551 2566 ’Ὅτι
2582 2513 2675 2566 δεῖ
2697 2513 2909 2568 παθεῖν
2934 2513 3043 2567 τὸν
3067 2513 3204 2567 Υὶὸν
3224 2513 3331 2567 τοῦ
3353 2510 3688 2579 ἀνθρώπου.

541 2611 745 2664 domini
783 2609 925 2663 enim
948 2648 962 2671 ,
995 2607 1264 2677 inquiunt,
1310 2604 1560 2676 quoniam
1589 2619 1706 2656 cum
1733 2602 1903 2656 adhuc
1934 2604 2116 2658 viveret
2158 2608 2289 2661 talia
2318 2610 2522 2663 locutus
2555 2620 2630 2663 est
2665 2609 2805 2663 vobis
2831 2624 2850 2663 :
2884 2608 3024 2673 Quia
3066 2618 3265 2675 oportet
3301 2610 3413 2677 ραιί
3463 2606 3666 2660 Filium
3706 2598 3798 2654 hc-

544 2722 725 2759 mtms.

620 2796 803 2877 schol.
839 2796 928 2847 77.
972 2792 1113 2858 Quin
1148 2805 1207 2845 ea
1236 2790 1477 2852 sustulit,
1518 2804 1638 2856 qua:
1690 2787 1940 2857 Cleophaa
1969 2788 2106 2855 ejus-

2290 2788 2440 2857 Σχόλ.
2470 2786 2561 2851 οἵ.
2582 2785 2862 2858 Παρέκοψε
2886 2786 2944 2839 τὸ
2967 2786 3252 2858 εἰρημένον
3276 2784 3411 2856 πρὸς
3436 2785 3688 2839 Κλεόπαν
3704 2786 3793 2841 καὶ

544 2897 650 2952 que
668 2873 831 2935 socio
860 2881 1003 2933 dicta
1034 2886 1181 2939 sunt,
1216 2893 1340 2930 eum
1382 2877 1489 2930 illis
1513 2878 1754 2930 occurrit
1778 2894 1790 2929 :
1814 2877 1857 2932 Ο
1881 2878 2033 2930 stulti
2069 2887 2115 2931 et

2220 2878 2310 2932 τὸν
2353 2879 2530 2941 ἄλλον,
2576 2881 2666 2932 ὅτε
2707 2879 3038 2950 συνήντησεν
3084 2878 3289 2939 αὐτοῖς,
3317 2877 3413 2928 τό·
3440 2873 3509 2929 Ὦ
3549 2878 3796 2945 ἀνόητοι

547 2971 690 3025 tardi
736 2969 889 3022 corde
931 2967 998 3020 ad
1057 2966 1369 3019 credendum
1416 2967 1470 3018 in
1518 2965 1757 3019 omnibus
1799 2983 1915 3034 qua:
1958 2967 2117 3020 locuti

544 3069 666 3116 sunt
708 3058 1003 3129 prophetw!
1036 3057 1222 3112 Nonne
1273 3057 1384 3110 Iure
1435 3057 1667 3123 oportuit
1700 3058 1882 3124 pati“!
1909 3058 1984 3111 Ac
2014 3073 2117 3127 pro

545 3152 653 3213 his,
683 3152 734 3204 in
762 3149 1000 3204 omnibus
1025 3166 1141 3218 qua:
1177 3148 1339 3201 locuti
1377 3158 1498 3201 sunt
1536 3147 1799 3216 propheta:
1822 3188 1836 3211 ,
1873 3149 2115 3217 scripsit,

545 3242 598 3294 in
629 3241 794 3313 349
814 3242 1052 3294 omnibus
1102 3257 1217 3310 qua:
1252 3241 1456 3294 locutus
1481 3255 1597 3293 sum
1626 3239 1792 3295 vobis.
1819 3240 1926 3294 Sed
1959 3256 2022 3293 ex
2054 3256 2119 3294 eo

546 3334 905 3402 redarguitur,
956 3330 1100 3400 quod
1142 3347 1263 3384 cum
1314 3346 1501 3398 panem
1547 3330 1726 3399 fregit,
1778 3332 1947 3399 aperti
1998 3343 2118 3385 sunt

545 3424 683 3477 oculi
715 3439 917 3486 eorum,
947 3432 996 3476 et
1024 3430 1370 3491 cognoverunt
1396 3421 1548 3472 illum
1570 3421 1612 3474 ⁵.

618 3515 802 3569 ltet‘ut.
835 3516 919 3566 77.
964 3513 1115 3568 Unde
1167 3514 1256 3566 illa
1305 3512 1463 3581 panis
1521 3510 1751 3564 fractiu?
1805 3511 1912 3573 dic,
1963 3512 2120 3567 sodes

548 3605 768 3659 Marcio.
798 3604 934 3657 Num
983 3604 1050 3658 ab
1099 3603 1244 3656 inani
1276 3603 1454 3671 aliqua
1484 3600 1688 3667 forma;
1725 3615 1793 3653 an
1828 3616 1856 3653 a
1892 3616 2122 3671 corpore

550 3695 690 3749 mole
719 3694 897 3761 aliqua
934 3700 1239 3755 constante,
1269 3706 1332 3745 ac
1364 3706 1553 3745 revera
1584 3689 1731 3744 istud
1774 3699 1970 3760 agente
1998 3704 2122 3759 pro-

550 3787 690 3842 foeta
723 3785 845 3840 est?
869 3785 1003 3838 Cum
1030 3785 1173 3839 enim
1208 3792 1512 3852 resurgeret
1540 3797 1572 3836 a
1605 3786 1856 3846 mortuis,
1880 3797 2005 3835 eum
2039 3797 2123 3835 eo-

550 3878 672 3933 dem
723 3877 814 3930 illo
858 3874 1206 3930 sanctissimo
1245 3888 1472 3942 corpore
1519 3872 1697 3942 reipsa
1752 3871 2009 3926 surrexit.
2043 3868 2122 3923 Tu

550 3982 679 4023 vero
712 3983 810 4038 pro
835 3967 918 4020 bis
941 3965 1121 4019 verbis
1150 3983 1163 4017 :
1197 3962 1386 4016 Nonne
1414 3963 1523 4016 hwc
1545 3970 1666 4016 sunt
1686 3978 1803 4031 qua:
1823 3961 1983 4015 locuti
2003 3970 2124 4016 sunt

548 4058 850 4129 propheta'?
892 4055 1213 4111 [inscribere
1264 4069 1431 4108 ausus
1473 4068 1532 4108 es
1566 4072 1579 4106 :
1614 4051 1803 4105 Nonne
1849 4051 1959 4105 Ιιιεο
2003 4060 2125 4105 sunt

550 4165 666 4217 quia
698 4148 902 4201 locutus
936 4160 1049 4199 sum
1076 4143 1256 4198 vobis?
1284 4143 1447 4212 Atqui
1485 4142 1531 4197 si
1579 4142 1680 4195 hoc
1716 4141 1823 4196 illis
1850 4141 2078 4195 dixisset
2108 4159 2121 4194 :

2220 2971 2315 3023 καὶ
2342 2970 2589 3038 βραδεῖς
2625 2971 2733 3023 τοῦ
2779 2970 3084 3022 πιστεύειν
3129 2966 3317 3021 πᾶσιν
3351 2961 3445 3033 οἷς
3481 2968 3796 3036 ἐλάλησαν

2218 3067 2269 3117 οἱ
2303 3061 2638 3131 προρῆται¹
2679 3061 2813 3130 οὐχὶ
2861 3057 3046 3113 ταῦτα
3089 3059 3208 3113 ἔδει
3250 3058 3491 3121 παθεῖν;
3526 3060 3622 3111 καὶ
3671 3060 3794 3112 ἀντὶ

2219 3153 2333 3215 τοῦ,
2363 3152 2456 3221 ἐρ’
2501 3148 2591 3218 οἷς
2611 3150 2927 3219 ἐλάλησαν
2957 3154 3009 3205 οἱ
3045 3148 3360 3218 προφῆται,
3394 3151 3672 3218 ἐποίησεν,
3704 3148 3794 3217 ἐφ’

2219 3239 2307 3308 οἷς
2338 3242 2616 3309 ἐλάλησα
2668 3241 2830 3310 ὑμῖν.
2868 3240 3179 3310 Ἐλέγχεται
3210 3240 3284 3299 δὲ,
3315 3241 3415 3302 ὅτι,
3445 3241 3533 3292 ὅτε
3572 3240 3792 3294 ἔκλησε

2219 3334 2325 3386 τὸν
2350 3333 2550 3401 ἄρτον,
2595 3333 2974 3401 ἠνοίχθησαν
3016 3330 3214 3385 αὐτῶν
3256 3333 3309 3384 οἱ
3350 3331 3669 3400 ὀφθαλμοὶ,
3698 3333 3794 3384 καὶ

2182 3426 2193 3432 ”
2219 3426 2571 3494 ἐπέγνωσαν
2600 3427 2804 3479 αὐτόν.

2296 3516 2512 3585 Ἔλεγχ.
2545 3515 2637 3580 οζ’.
2696 3515 2865 3568 Πόθεν
2909 3515 2943 3585 ὴ
2987 3513 3178 3579 κλάσις
3215 3512 3308 3567 τοῦ
3338 3513 3503 3583 ἄρτου
3545 3514 3792 3581 ἐγένετο;

2221 3606 2367 3674 λέγε,
2399 3600 2444 3659 ὦ
2499 3606 2784 3677 Μαρκίων.
2830 3604 2963 3659 ’Δπδ
3005 3606 3304 3675 φαντασίας
3336 3604 3368 3675 ἦ
3401 3600 3510 3657 ἀπὸ
3544 3603 3791 3673 σώματος

2223 3696 2570 3768 ἐνεργοῦντος
2601 3695 2838 3771 ὀγκηροῦ
2886 3696 3029 3765 κατὰ
3071 3696 3358 3768 ἀλήθειαν;
3406 3694 3669 3755 Ἀναστὰς
3689 3693 3794 3760 γὰρ

2224 3788 2287 3840 ἐκ
2313 3788 2418 3840 τῶν
2451 3789 2681 3858 νεκρῶν,
2715 3792 2772 3842 ὲν
2802 3787 2949 3859 αὐτῷ
2977 3788 3055 3859 τῷ
3092 3789 3231 3858 ἁγίῳ
3260 3785 3469 3856 σώματι
3510 3784 3711 3852 ἀνέστη
3737 3784 3792 3833 ἐν

2226 3879 2470 3952 ἀληθείᾳ.
2522 3880 2809 3951 Ἐποίησας
2859 3880 2937 3944 δὲ,
2997 3874 3042 3933 ὦ
3083 3880 3370 3953 Μαρκίων,
3420 3878 3542 3933 ἀντὶ
3587 3879 3684 3931 τοῦ
3715 3879 3792 3930 Οὐ

2223 3970 2409 4025 ταῦτά
2439 3970 2608 4025 ἐστιν
2629 3969 2667 4025 ἂ
2693 3970 3009 4040 ἐλάλησαν
3038 3975 3093 4025 οἱ
3122 3970 3417 4040 προφῆται
3441 3984 3459 4033 ;
3503 3972 3586 4023 Οὐ
3614 3967 3793 4022 ταῦτὰ

2223 4061 2394 4113 ἐστιν
2423 4058 2459 4113 d
2489 4059 2764 4128 ἐλάλησα
2789 4060 2953 4130 Quir;
2984 4061 3047 4114 Ει
3085 4060 3141 4113 δὲ
3172 4056 3320 4113 εἶπεν
3354 4061 3572 4122 αὐτοῖς·
3625 4055 3792 4111 Ἐλά-

2224 4156 2388 4218 λησα
2443 4152 2607 4221 ὑμῖν,
2650 4153 2823 4223 πάντη
2883 4152 3175 4220 ἐγίνωσκον
3225 4150 3388 4205 αὐτὸν
3433 4150 3501 4204 ἂν
3532 4150 3643 4203 ἀπὸ
3704 4146 3792 4200 τοῦ

552 4238 781 4294 Locutus
816 4254 931 4291 sum
963 4236 1127 4299 vobis,
1163 4250 1228 4289 ex
1258 4235 1325 4289 iis
1360 4234 1546 4303 utique
1579 4232 1758 4288 verbis
1808 4232 1986 4301 ipsum
2034 4246 2116 4285 eo-

2227 4242 2384 4311 λόγου
2411 4242 2503 4296 τοῦ
2524 4222 2995 4313 ἐλάλησαγύμῖν.
3030 4244 3156 4307 Πῶς
3187 4237 3279 4297 οὖν
3304 4243 3360 4295 ὲν
3385 4244 3450 4313 τῇ
3487 4241 3680 4295 κλάσει
3703 4237 3791 4292 τοῦ

551 4346 813 4399 gnoseere
855 4330 1173 4383 debuerant.
1206 4328 1312 4381 Cur
1360 4326 1524 4397 igitur
1556 4327 1611 4379 in
1656 4324 1954 4394 frangendo
1991 4339 2116 4392 pane

2226 4332 2392 4404 ἄρτου
2458 4333 2638 4401 λέγει·
2693 4334 3089 4404 Ἡνοίχθησαν
3145 4332 3343 4388 αὐτῶν
3388 4335 3439 4385 οἱ
3478 4331 3790 4400 ὀφθαλμοὶ,

553 4422 794 4488 sulijieit,
830 4419 1009 4485 Aperti
1054 4427 1175 4472 sunt
1221 4417 1433 4472 illorum
1487 4416 1646 4481 oculi,
1692 4424 1740 4469 et
1781 4425 2128 4485 cognoverunt

552 4529 669 4566 eum
699 4528 715 4565 :
740 4519 788 4565 et
820 4509 1027 4563 evanuit
1050 4511 1073 4564 ?
1095 4508 1167 4561 lta
1198 4507 1399 4578 quippe
1424 4507 1587 4563 Deum
1615 4508 1858 4573 decebat,
1892 4506 1982 4576 qui
2009 4520 2130 4560 cor-

554 4621 655 4674 pus
684 4620 840 4659 suum
890 4602 943 4654 in
994 4600 1237 4670 spiritale
1270 4601 1651 4661 convertisset,
1684 4614 1868 4654 verum
1905 4597 2125 4667 quidem

554 4695 687 4749 illud
717 4692 1029 4755 ostendere,
1064 4691 1156 4744 sed
1190 4690 1403 4759 quoties
1430 4699 1611 4744 tamen
1643 4691 1890 4744 libuisset
1924 4697 2125 4743 morta-

555 4785 687 4838 lium
706 4783 880 4836 oeulis
904 4781 1228 4837 subtrahere
1253 4795 1267 4832 :
1291 4780 1509 4850 quando
1539 4780 1670 4834 nihil
1697 4788 1779 4835 est
1807 4779 1949 4849 quod
1981 4779 2125 4833 illius

557 4881 873 4944 potestatem
926 4872 1168 4942 emigiat.
1198 4869 1332 4924 Nam
1373 4878 1426 4925 et
1448 4869 1677 4925 Elisazus
1700 4870 1962 4939 propheta
2003 4885 2124 4921 cum

554 4976 719 5030 esset,
744 4973 797 5019 et
827 4980 856 5018 a
885 4962 993 5018 Deo
1023 4962 1285 5019 beneﬂcio
1311 4960 1577 5031 ejusmodi
1607 4965 1753 5015 esset
1777 4958 2021 5020 allectus,
2062 4958 2129 5012 ab

554 5061 741 5114 eodem
768 5056 1079 5128 postulavit,
1106 5065 1165 5109 ut
1195 5055 1286 5124 qui
1313 5069 1371 5108 se
1396 5060 1721 5122 quaererent,
1752 5050 1879 5105 cazci
1909 5059 2127 5118 repente

558 5150 746 5204 tierent
775 5168 787 5202 :
823 5148 967 5219 quod
999 5147 1070 5201 ita
1094 5155 1303 5218 gestum
1332 5151 1435 5206 est,
1466 5153 1524 5197 ιιι
1550 5159 1673 5197 eum
1706 5142 1782 5196 illi
1818 5142 2119 5208 cuiusmodi

557 5248 673 5291 erat
704 5238 888 5293 videre
921 5253 1027 5292 non
1075 5244 1296 5306 possent
1312 5235 1354 5289 ⁸.
1396 5234 1704 5300 Quinetiam
1741 5232 1993 5287 Sodomis
2027 5247 2122 5285 an-

558 5328 660 5396 geli
696 5325 812 5378 Loti
841 5328 1039 5381 ostium
1070 5327 1374 5382 subducere
1419 5326 1594 5379 oculis
1635 5329 1948 5392 potuerunt,
1988 5321 2123 5375 adeo

560 5429 619 5472 ut
648 5416 847 5471 intueri
875 5417 1006 5472 illud
1038 5416 1330 5472 Sodomitae
1357 5415 1760 5486 nequiverint’.
1798 5410 2119 5465 Utrumnam

632 5535 645 5564 ‘
678 5531 805 5588 Luc.
840 5548 996 5594 unt,
1044 5533 1130 5586 56.

1223 5535 1242 5563 ¹
1285 5533 1460 5589 Eccle.
1504 5548 1541 5598 ι,
1583 5533 1665 5585 l5.

560 5600 584 5638 ⁷
620 5600 757 5661 Gen.
790 5618 903 5671 χιχ,
936 5603 993 5658 ii
1018 5617 1139 5675 sqq.

1745 5530 1765 5562 ⁸
1788 5529 1916 5583 an.
1952 5546 2099 5595 xxxv,
2134 5533 2186 5587 5.

2226 4423 2323 4477 καὶ
2375 4422 2727 4493 ἐπέγνωσαν
2779 4425 2998 4477 αὐτόν·
3063 4422 3161 4475 καὶ
3211 4421 3469 4491 ἄφαντος
3525 4419 3794 4489 hei-ero;

2229 4514 2475 4586 Ἔπρεπε
2499 4513 2606 4584 γὰρ
2632 4513 2778 4584 αὐτῷ
2801 4512 2919 4583 Θεῷ
2943 4513 3075 4572 ὄντι.
3104 4515 3196 4566 καὶ
3220 4506 3604 4589 μεταϐάλλοντι
3634 4507 3796 4564 αὐτοῦ

2224 4605 2285 4657 τὺ
2320 4605 2479 4675 σῶμα
2498 4607 2576 4667 εἰς
2615 4604 3005 4674 πνευματικὸν,
3049 4603 3315 4657 δεικνύναι
3354 4600 3452 4672 μὲν
3481 4600 3615 4655 αὐτὸ
3644 4601 3798 4669 σῶμα

2222 4694 2496 4766 ἀληθινὸν,
2548 4694 2918 4765 ἁφαντοῦσθαι
2967 4696 3024 4749 δὲ
3066 4698 3151 4748 ἁτε
3189 4692 3464 4748 ἐϐούλετο·
3507 4695 3590 4746 ὅτι
3626 4695 3798 4747 πάντα

2223 4785 2621 4857 αὑτῷηδυνατά.
2652 4785 2760 4840 Καὶ
2779 4787 2887 4857 γὰρ
2926 4786 3020 4839 καὶ
3061 4787 3355 4848 Ἐλισσαῖος
3384 4786 3673 4855 προφήτης
3699 4783 3795 4843 ὢν,

2224 4878 2320 4929 καὶ
2343 4880 2407 4930 ἐκ
2429 4876 2564 4929 Θεοῦ
2584 4874 2763 4929 λαϐὼν
2791 4876 2889 4947 τὴν
2929 4876 3107 4947 χάριν,
3139 4876 3304 4947 ᾔτησε
3334 4874 3483 4946 παρὰ
3508 4874 3645 4943 Θεοῦ
3678 4873 3798 4934 τοὺς

2226 4967 2384 5021 αὐτὸν
2452 4967 2748 5037 ζητοῦντας
2806 4967 3141 5037 παταχθῆναι
3193 4965 3460 5037 ἀορασίᾳ·
3523 4966 3622 5017 καὶ
3665 4966 3798 5017 ἑπα-

2232 5057 2528 5128 τάχθησαν,
2571 5056 2661 5111 καὶ
2694 5057 2792 5109 οὐκ
2824 5056 3049 5108 ἔϐλεπον
3080 5054 3239 5107 αὑτὸν
3266 5055 3503 5107 τοιοῦτον
3531 5052 3664 5106 ὄντα
3691 5047 3796 5114 οἷος

2218 5142 2305 5217 ἦν.
2347 5146 2508 5201 Ἀλλὰ
2546 5146 2641 5200 καὶ
2676 5147 2732 5198 ἐν
2774 5145 3029 5214 Σοδόμοις
3072 5144 3171 5212 τὴν
3207 5142 3375 5213 Ούραν
3403 5141 3495 5195 τοῦ
3532 5139 3657 5194 Λὼτ
3688 5143 3793 5194 ἀπ-

2222 5236 2466 5309 έκρυψαν
2500 5238 2548 5289 οἱ
2581 5236 2819 5305 ἄγγελοι,
2849 5236 2942 5288 καὶ
2981 5235 3079 5288 οὐκ
3116 5234 3338 5286 ἔϐλεπον
3369 5231 3539 5302 αὐτὴν
3570 5233 3621 5284 οἱ
3646 5232 3797 5283 Σοδοο

2227 5328 2398 5394 μῖται.
2426 5324 2520 5396 Μὴ
2555 5327 2648 5377 καὶ
2695 5325 2727 5394 ἠ
2754 5322 2891 5393 Θύρα
2915 5322 3008 5375 τοῦ
3039 5321 3160 5375 Λὼτ
3193 5322 3412 5391 δόκησις
3444 5315 3535 5391 ἦν,
3562 5313 3609 5373 ὧ
3641 5320 3796 5388 Map-

2226 5415 2397 5482 κίων;
2438 5416 2537 5486 οὐχ
2592 5414 2940 5467 ὑπολείπεται
2988 5413 3045 5466 δέ
3095 5428 3176 5467 σοι
3216 5410 3497 5480 ἀντιλογία
3548 5410 3791 5481 οὐδεμία.

2264 5536 2285 5567 ⁸
2316 5535 2446 5591 ibid.
2485 5534 2547 5588 15
2574 5547 2694 5603 sqq.
2772 5532 2793 5563 "
2827 5531 2959 5586 ibid.
2980 5531 3078 5585 ³51.
3154 5530 3175 5561 '
3203 5527 3268 5584 Ν
3301 5526 3431 5598 Reg.
3459 5541 3537 5594 vr,
3579 5525 3641 5579 I8
3669 5533 3797 5590 sqq.
