3932 6064
266 242 373 300 773

902 240 1271 298 ADVERSUS
1309 238 1648 296 HERESES
1685 237 1811 294 LIB.

1957 238 2095 295 ΓΟΜ.
2134 238 2293 295 111.--
2331 235 2606 291 ΙΙᾸΞΒΕΞ.
2647 235 2807 292 XLII.

3418 238 3523 294 ττι

267 357 508 412 Ἐκλασε
525 356 731 430 γὰρτον
752 357 913 430 ἄρτον
941 359 1149 430 σαφῶς,
1176 358 1269 413 καὶ
1304 356 1524 412 διέδωκε
1551 358 1663 420 τοῖς
1683 354 1845 409 αὑτοῦ

1957 354 2116 426 igitur
2144 354 2262 408 Loti
2297 352 2463 423 ianua
2493 364 2633 405 vana
2665 350 2912 419 quaedam
2953 349 3164 420 species
3189 348 3310 413 fuit,
3340 350 3532 405 oMar—

268 448 565 521 μαθηταῖς.

336 700 495 777 Σχόλ.
525 713 626 778 οη’.
667 707 727 762 Τί
749 705 1167 777 τεταραγμένοι
1198 706 1370 773 ἐστέ;
1394 706 1571 763 Ἴδετε
1593 709 1699 775 τὰς
1726 708 1846 778 χεῖ-

259 795 373 865 ράς
386 814 510 866 μου
548 797 647 852 καὶ
703 798 844 866 τοὺς
895 800 1091 867 ’πόδας
1114 817 1261 869 μου·
1304 800 1393 854 ὅτι
1432 800 1667 880 πνεῦμα
1694 799 1846 856 ὀστᾶ

264 884 378 937 οὐκ
405 883 553 953 ἔχει,
579 885 774 952 καθὼς
799 885 905 957 ἐμὲ
928 888 1194 957 θεωρεῖτε
1215 888 1452 957 ἔχοντα.

339 976 564 1047 Ἔλεγχ.
609 984 709 1048 οην.
736 979 834 1042 Τίς
861 980 962 1033 οὐκ
1010 980 1077 1033 ἂν
1124 979 1470 1053 καταγελάσῃ
1512 981 1608 1036 τοῦ
1654 980 1841 1053 λήρου,

264 1071 323 1123 ὲν
354 1068 641 1143 ἀφροσύνῃ
663 1071 856 1125 ἑαυτὸν
890 1072 985 1125 καὶ
1010 1073 1211 1143 ἑτέρων
1240 1072 1418 1142 ψυχὰς
1455 1072 1844 1136 κατασπῶντος

263 1162 343 1225 είς
388 1160 552 1231 ᾇδηνς
616 1160 680 1213 Et
734 1162 830 1232 μὲν
877 1162 983 1233 γὰρ
1020 1163 1119 1233 οὐχ
1161 1162 1476 1234 ὡμολόγητο
1507 1166 1636 1237 παρ’
1678 1163 1841 1218 αὐτοῦ

263 1256 296 1323 ὴ
327 1251 526 1323 πλάνη,
556 1250 651 1305 καὶ
692 1250 1019 1324 συγγνώμην
1065 1250 1207 1325 εἶχον
1235 1255 1284 1307 οἱ
1317 1255 1408 1307 ὑπ’
1438 1255 1600 1309 αὐτοῦ
1633 1257 1843 1327 ἠπατη-

269 1345 418 1415 μένοι
441 1356 455 1370 °
510 1343 605 1396 νῦν
644 1343 701 1397 δὲ
761 1344 947 1416 ἐπειδὴ
993 1346 1199 1409 ἐκεῖνος
1250 1345 1590 1417 ὡμολόγησε,
1641 1346 1737 1400 καὶ
1780 1346 1839 1400 οὐ

265 1436 497 1507 περιῆρε
531 1435 599 1489 τά
629 1434 768 1506 ῥητά
797 1435 987 1502 ταῦτα,
1019 1436 1450 1506 ἀναγινώσκουσι
1491 1438 1547 1491 δὲ
1590 1439 1727 1493 αὐτὰ
1748 1439 1843 1493 καὶ

262 1528 310 1580 οἱ
345 1526 535 1591 αὐτοῦ,
564 1529 597 1599 ἡ
626 1527 866 1599 ἁμαρτία
888 1528 1053 1582 αὐτοῦ
1090 1529 1185 1582 καὶ
1211 1530 1319 1583 τῶν
1348 1530 1527 1585 αὐτῶν
1552 1531 1723 1602 μένει,
1749 1531 1844 1585 καὶ

262 1618 639 1691 ἀπαραίτητον
672 1619 732 1673 τὸ
760 1619 923 1672 αὐτοῦ
976 1621 1070 1674 καὶ
1100 1622 1162 1673 τὸ
1191 1621 1371 1675 αὐτῶν
1403 1621 1535 1694 πῦρ,
1573 1622 1843 1676 άναπαλο-

261 1714 454 1783 γήτοις
499 1706 618 1765 οὖσι
641 1728 656 1742 ο
706 1710 891 1781 σαφῶς
931 1710 1024 1765 τοῦ
1056 1713 1308 1785 Σωτῆρος
1344 1692 1673 1780 διδάξαντος,
1698 1712 1838 1783 μετὰ
1874 1692 1916 1746 Β

262 1805 559 1859 ἀνάστασιν
595 1802 729 1857 ὀστᾶ
758 1804 851 1857 καὶ
880 1803 1059 1875 σάρκα
1085 1805 1198 1874 ἔχει
1229 1806 1268 1869 ¹,
1296 1805 1371 1868 ὡς
1397 1804 1560 1869 αὐτὸς
1588 1803 1835 1877 ἐμαρτύ-

266 1913 399 1969 ρησε
458 1896 630 1965 λέγων
649 1912 662 1927 '
714 1894 806 1962 Ὠς
835 1895 939 1966 ἐμὲ
964 1895 1138 1964 ὁρᾶτε
1165 1895 1403 1966 ἔχοντα.

332 2155 483 2228 Αὕτη
533 2157 679 2210 ἐστὶν
727 2159 759 2228 ἡ
810 2157 930 2209 κατ’
967 2154 1131 2209 αὑτοῦ
1162 2156 1270 2210 ἀπὸ
1299 2156 1405 2210 τῶν
1430 2155 1695 2225 λειψάνων
1732 2154 1843 2209 τῶν.

264 2246 395 2317 παρ’
424 2243 573 2315 αὑτῷ
619 2243 938 2315 σωζομένων
976 2245 1040 2298 ἐκ
1082 2244 1175 2298 τοῦ
1211 2244 1543 2313 Εὑαγγελίου
1584 2244 1839 2308 ὑπόθεσις

263 2336 364 2406 τῆς
395 2334 551 2407 ἡμῶν
576 2334 951 2405 πεποιημένης
973 2334 1039 2386 δι’
1057 2334 1217 2388 αὐτὸν
1248 2334 1646 2405 πραγματείας,
1672 2333 1747 2397 ῶς
1774 2349 1839 2402 γε

263 2425 466 2498 νομίζω
496 2425 694 2490 ἱκανῶς
727 2425 869 2496 ἔχειν
899 2425 1036 2496 πρὸς
1076 2424 1344 2479 ἀντίθεσιν
1385 2426 1482 2496 τῆς
1508 2424 1671 2478 αὐτοῦ
1700 2425 1844 2477 ἁπά-

262 2538 381 2591 της.
426 2519 748 2590 Ἐλεύσομαι
785 2518 842 2572 δὲ
866 2520 959 2572 καὶ
986 2520 1064 2583 εἰς
1097 2522 1164 2573 τὰ
1187 2519 1311 2590 ἑξῆς
1333 2518 1439 2571 τῶν
1471 2517 1841 2572 άποστολικῶν

264 2613 446 2686 ῥητῶν
495 2613 625 2684 παρ’
672 2610 821 2683 αὐτῷ
859 2611 940 2665 ἔτι
984 2611 1408 2683 σωμαζομένων,
1447 2611 1539 2664 καὶ
1570 2611 1636 2664 δι’
1684 2609 1841 2681 ἡμῶν

268 2706 428 2761 πάλιν
483 2704 657 2768 οὕτως
695 2702 1157 2774 ἀναλελεγμένων.
1215 2703 1302 2755 Ἐν
1340 2701 1575 2774 πρώτοις
1611 2703 1669 2757 δὲ
1710 2704 1841 2772 ἡμῖν

266 2800 360 2852 καὶ
408 2795 533 2852 καθ’
576 2795 766 2867 εἱρμὸν
815 2795 878 2867 δὴ
922 2794 1045 2847 ὅλου
1078 2793 1249 2857 οὕτως
1289 2792 1702 2865 προταχθέντων
1733 2791 1843 2846 ἀπὸ

264 2890 366 2959 τῆς
395 2888 532 2960 πρὸς
577 2887 821 2950 Γαλάτας
868 2886 1173 2955 ἐπιστολῆς.
1212 2884 1359 2957 Αὕτη
1387 2885 1496 2955 γὰρ
1538 2885 1669 2955 παρ’
1693 2882 1843 2955 αὑτῷ

268 2980 458 3053 πρώτη
487 2982 684 3066 κεῖται.
725 2980 916 3051 Ἡμεῖς
937 2978 994 3032 δὲ
1016 2976 1112 3048 τὴν
1146 2977 1410 3049 άναλογὴν
1431 2977 1550 3030 τότε
1584 2977 1845 3048 ὲποιησά-
1870 3018 1913 3075 C

270 3071 431 3141 μεθα,
458 3071 556 3141 οὐχ
592 3060 667 3133 ὡς
714 3069 841 3139 παρ’
870 3068 1037 3138 αὐτῷ,
1071 3067 1185 3121 ἀλλ’
1224 3068 1299 3130 ὡς
1328 3066 1440 3138 ἔχει
1473 3067 1533 3119 τὸ
1561 3067 1840 3121 ἀποστολι-

268 3162 361 3216 κὺν
403 3162 589 3233 ῥητὸν,
623 3160 722 3230 τὴν
770 3159 905 3231 πρὸς
937 3159 1242 3230 Ῥωμαίους
1283 3158 1543 3226 τάξαντες
1586 3157 1843 3230 πρώτηνο

266 3246 368 3306 ὦδε
400 3251 456 3305 δὲ
498 3249 638 3304 κατὰ
662 3249 751 3304 τὸν
790 3250 953 3304 αὐτοῦ
988 3249 1308 3321 χαρακτῆρα
1333 3290 1347 3315 ,
1397 3249 1568 3315 οὕτως
1614 3268 1847 3323 παρατι-

268 3343 493 3415 θέμεθα.

386 3634 521 3690 Ἀπὸ
544 3631 664 3701 τῆς
694 3632 841 3702 πρὸς
864 3630 1005 3699 τοὺς
1038 3631 1316 3698 Γαλάτας
1352 3632 1736 3703 Ἐπιστολῆς.

340 3746 495 3819 Σχὸλ.
525 3752 593 3799 α’.
628 3744 878 3808 Μὰθετε,
910 3744 998 3797 ὅτι
1026 3746 1058 3797 ὁ
1097 3742 1326 3810 δίκαιος
1356 3745 1425 3798 ἐκ
1468 3746 1726 3811 πίστεως
1752 3742 1873 3833 (12-.

269 3854 460 3894 σεται.
495 3836 665 3888 Ὅσοι
699 3832 811 3902 τὰρ
849 3833 967 3887 ὑπὸ
991 3834 1198 3902 νόμον,
1228 3832 1349 3886 ὑπὸ
1375 3832 1639 3903 κατάραν
1662 3835 1841 3888 εἰσίν.

282 3929 335 3980 Ὀ
355 3925 423 3979 δὲ
439 3922 699 3993 ποιήσας
720 3922 874 3976 αὐτὰ
896 3921 1133 3990 ὥῇσεται
1160 3920 1231 3974 ἐν
1259 3921 1482 3987 αὐτοῖς.

344 4018 566 4088 Ἔλεγχ.
590 4023 660 4071 α’.
690 4016 784 4076 Τὸ,
809 4014 1058 4079 Μάθετε,
1083 4013 1173 4067 ὅτι
1195 4016 1227 4068 ό
1250 4013 1478 4079 δίκαιος
1497 4013 1565 4066 ἐκ
1588 4014 1846 4079 πίστεως

270 4112 532 4180 ζήσεται,
560 4109 700 4163 κατὰ
715 4108 782 4161 τὰ
813 4105 1034 4160 ὐποτοῦ
1068 4104 1391 4159 Ἀποστόλου
1414 4104 1681 4177 εἰρημένα
1706 4104 1845 4176 Γρα-

272 4205 380 4275 φῆς
428 4205 545 4256 ἐστι
601 4201 843 4265 Παλαιᾶς
891 4198 1134 4252 δεκτικά.
1170 4198 1358 4252 ’Ἁτινά
1403 4199 1521 4250 ἐστι
1569 4196 1720 4268 παρὰ
1751 4194 1845 4249 τοῦ

285 4292 607 4348 Ἀποστόλου
656 4294 737 4355 είς
769 4291 1041 4363 ἡμετέραν
1082 4289 1226 4358 ζωὴν
1264 4288 1371 4342 ἀπὸ
1416 4287 1510 4342 τοῦ
1549 4288 1714 4359 νόμου
1753 4287 1847 4340 κα)⁸

273 4389 382 4442 τῶν
415 4352 999 4459 προφητῶν-εἰρημένα
1028 4352 1156 4454 περὶ
1182 4352 1393 4452 Καινῆς
1432 4352 1725 4451 Διαοηκης,
1751 4379 1847 4431 καὶ
1877 4352 1923 4411 θ

278 4482 490 4550 σύζυγα
517 4479 645 4534 ὅντα
673 4480 774 4547 τῆς
806 4476 964 4547 ἡμῶν
1002 4474 1238 4537 ἐλπίδος.
1272 4473 1382 4527 Καὶ
1406 4472 1487 4535 τὸ,
1516 4470 1636 4526 ὑπὸ
1668 4462 1847 4526 κατὰ·

268 4591 390 4644 ραν
438 4571 579 4635 εισι,
622 4570 806 4642 φησὶν,
846 4570 929 4623 ὅτι
965 4568 1025 4621 ἐν
1065 4565 1144 4638 τῷ
1169 4566 1319 4638 νόμῳ
1346 4564 1542 4634 ἀπειλὴ
1580 4562 1850 4633 ἐτύγχανε

277 4665 420 4721 κατὰ
441 4665 542 4735 τῆς
566 4662 660 4718 τοῦ
700 4661 869 4733 Ἀδὰμ
885 4661 1187 4733 παρακοῆς,
1219 4659 1326 4722 ἕως
1350 4660 1438 4713 ὅτε
1464 4654 1626 4730 ἦλθεν
1647 4659 1676 4710 ὁ
1707 4655 1850 4709 ἄνω-

274 4757 369 4810 Θεν
407 4753 597 4816 ἐλθὼν,
649 4751 744 4806 καὶ
788 4750 977 4804 ἑαυτὸν
1033 4748 1143 4803 ἀπὸ
1173 4746 1268 4801 τοῦ
1321 4746 1490 4817 Ἀδὰμ
1534 4746 1851 4816 φυράματος

274 4847 437 4917 σῶμα
487 4844 792 4915 άμφιάσας,
842 4839 1103 4912 μετέϐαλε
1146 4838 1245 4909 τὴν
1280 4837 1523 4908 κατάραν
1584 4837 1663 4898 εἰς
1701 4832 1851 4887 εὐλο-

273 4938 420 5006 γίαν.

344 5026 502 5097 Σχόλ.
534 5024 598 5095 β’.
647 5020 1101 5089 Ἐπικατάρατος
1132 5018 1252 5084 πᾶς
1284 5022 1317 5072 ό
1356 5016 1717 5086 κρεμάμενος
1749 5013 1847 5068 ἐπὶ

276 5122 489 5186 ξύλου.
528 5118 582 5170 '0
628 5115 696 5168 δὲ
724 5115 792 5168 ἐκ
840 5112 951 5179 τῆς
981 5111 1339 5182 ἐπαγγελίας
1385 5109 1482 5162 διὰ
1522 5107 1632 5175 τῆς
1679 5107 1848 5159 ἐλευ-

275 5212 471 5282 θέρας.

352 5303 575 5372 Ἔλεγχ.
608 5296 673 5366 β’.
709 5295 933 5357 Δεικνίις
963 5293 1122 5348 πάλιν
1153 5294 1181 5346 ὁ
1212 5292 1362 5360 ἅγιος
1401 5290 1719 5353 ’Λπόστολος
1748 5289 1847 5359 τὴν

276 5393 591 5464 οἰκονομίαν
617 5389 719 5458 τῆς
746 5386 1009 5457 ὲνσάρκου
1036 5383 1336 5456 παρουσίας
1366 5383 1458 5435 καὶ
1490 5381 1582 5434 τοῦ
1617 5380 1849 5451 σταυροῦ

280 5489 374 5544 ἐπὶ
400 5487 465 5557 τῇ
489 5484 643 5538 λύσει
671 5479 772 5550 τῆς
795 5476 1036 5545 κατάρας
1058 5474 1369 5546 γινομένην,
1398 5471 1569 5545 ταύτῃ
1596 5471 1653 5524 δὲ
1690 5489 1852 5542 προσ-

1947 443 2073 498 cio?
2097 441 2217 498 Non
2247 440 2406 496 video
2438 438 2569 509 quid
2603 447 2795 492 contra
2821 439 2934 493 haec
2964 439 3176 495 hiscere
3206 438 3406 509 possis.
3441 435 3528 492 Si-

1946 530 2165 603 quidem
2209 543 2405 601 panem
2456 525 2747 581 manifeste
2801 525 2981 597 fregit,
3013 534 3068 582 et
3117 526 3175 580 in
3224 525 3528 597 discipulos

1946 637 2080 679 suos
2108 619 2410 676 distribuit.

2018 710 2203 765 Schol.
2224 709 2309 763 78.
2354 707 2495 774 Quid
2521 709 2719 762 turbati
2740 708 2910 762 estis?
2941 705 3124 760 Videte
3149 722 3338 760 manus
3363 722 3529 771 meas,

1943 814 1993 858 et
2020 804 2173 872 pedes
2212 818 2371 862 meos,
2398 801 2523 871 quia
2549 800 2768 869 spiritus
2793 816 2915 853 ossa
2939 815 3042 852 non
3064 798 3240 863 habet,
3279 800 3415 853 sicut
3450 815 3531 853 me

1945 891 2127 947 videtis
2166 890 2354 944 habere
2371 892 2414 945 ².

2014 983 2199 1039 Refut.
2228 982 2315 1036 78.
2356 980 2488 1048 Quis
2513 978 2942 1051 nugacissimum
2968 978 3114 1032 hunc
3139 993 3246 1033 non
3281 978 3527 1041 irrideat,

1944 1077 2037 1147 qui
2060 1074 2358 1130 stoliditate
2389 1087 2488 1128 sua
2511 1087 2633 1127 cum
2661 1069 3035 1138 semetipsum,
3066 1076 3178 1122 tum
3205 1077 3529 1124 caaterorum

1945 1167 2158 1221 animas
2186 1164 2254 1220 ad
2277 1163 2482 1220 inferos
2511 1160 2796 1218 detrudat?
2830 1159 2964 1215 Nam
2997 1160 3099 1215 nisi
3136 1160 3251 1214 haec
3284 1161 3375 1215 ille
3406 1177 3532 1215 con-

1948 1258 2189 1314 fiteretur
2207 1258 2412 1321 omnia,
2440 1257 2663 1311 haberet
2687 1254 2805 1323 ejus
2827 1268 2982 1308 error
3007 1252 3244 1306 colorem
3272 1253 3529 1322 aliquem,

1945 1365 2010 1404 ac
2036 1351 2190 1405 venia
2218 1348 2365 1419 digni
2396 1358 2674 1417 utcunque
2697 1344 2895 1406 forent,
2920 1344 3015 1413 qui
3040 1359 3100 1398 se
3131 1344 3201 1399 ah
3223 1344 3315 1398 illo
3347 1343 3529 1413 decipi

1944 1449 2282 1514 paterentur.
2316 1441 2471 1495 Nunc
2498 1455 2620 1493 cum
2654 1447 2707 1493 et
2734 1438 2838 1493 iste
2865 1439 3031 1493 verba
3066 1438 3155 1491 illa
3195 1453 3294 1507 pro
3324 1453 3534 1508 germa-

1946 1536 2033 1588 nis
2059 1534 2276 1598 habeat,
2309 1547 2410 1587 nec
2434 1547 2498 1587 ea
2524 1532 2810 1587 sustulerit
2838 1549 2852 1585 :
2887 1539 2942 1586 et
2988 1531 3055 1585 ab
3094 1530 3340 1600 ejusdem
3365 1529 3534 1585 disci-

1946 1626 2089 1696 pulis
2120 1625 2531 1694 legantur,cum
2559 1630 2916 1690 utrorumque
2944 1622 3227 1686 delictum,
3264 1628 3379 1674 tum
3404 1635 3532 1674 vero

1946 1717 2087 1787 ignis
2126 1715 2216 1768 ille
2243 1722 2446 1778 manet,
2475 1727 2636 1782 quem
2659 1711 2806 1766 nulla
2837 1711 3216 1782 tergiversatio
3252 1711 3427 1782 possit
3447 1710 3505 1766 ef
3522 1742 3529 1750 -

1943 1806 2130 1876 fugere
2156 1820 2169 1857 :
2198 1812 2385 1874 utpote
2410 1803 2610 1873 quibus
2632 1803 2813 1857 omnis
2841 1804 3092 1873 adempta
3119 1804 3191 1858 sit
3215 1804 3523 1859 excusatio.

1939 1898 2075 1952 Nam
2107 1896 2163 1951 id
2210 1905 2399 1967 aperte
2443 1894 2696 1950 Salvator
2726 1895 2980 1961 edocuit;
3014 1903 3136 1964 post
3173 1896 3534 1950 resurrectio—

1944 2004 2065 2045 nem
2095 1988 2315 2044 ossibus
2345 2002 2404 2042 se
2433 2002 2497 2041 ac
2524 2002 2691 2042 carne
2722 1994 3001 2050 constare,
3033 1986 3180 2056 quod
3215 1985 3329 2040 haec
3360 1986 3534 2055 ipsius

1941 2082 2106 2138 verba
2130 2080 2513 2136 demonstrant
2545 2100 2559 2136 :
2590 2078 2740 2134 Sicut
2772 2095 2853 2133 me
2884 2079 3068 2132 uidetis
3108 2077 3320 2134 habere.

2016 2173 2194 2242 Atque
2221 2170 2325 2225 hoc
2350 2170 2496 2225 illius
2519 2169 2700 2239 operis
2737 2176 3115 2239 argumentum
3131 2178 3236 2235 est,
3267 2168 3413 2240 quod
3447 2169 3533 2224 ad-

1942 2278 2138 2318 versus
2170 2261 2499 2316 Marcionem
2533 2261 2965 2324 elaboraveram,
3019 2261 3275 2329 quodque
3321 2276 3390 2314 ex
3425 2258 3535 2315 illis

1941 2351 2217 2423 Evangelii
2247 2350 2411 2422 350
2452 2349 2719 2419 reliquiis.
2763 2364 2902 2419 quas
2943 2351 3121 2404 adhuc
3164 2350 3383 2413 retinet,
3416 2364 3538 2404 car-

1942 2444 2076 2514 ptim
2107 2458 2166 2498 se
2197 2442 2455 2511 legeram.
2482 2441 2640 2507 Quod
2672 2441 2891 2512 quidem
2906 2440 2972 2495 ad
3008 2440 3357 2496 refutandum
3386 2441 3534 2495 illius

1942 2549 2184 2590 errorem
2201 2533 2447 2588 sufﬁcere
2459 2532 2897 2588 arhitror.Veuio
2913 2548 3058 2587 nunc
3068 2532 3136 2587 ad
3152 2532 3391 2602 reliquas
3408 2548 3537 2603 apo-

1944 2626 2068 2681 stoli
2097 2616 2419 2687 sententias,
2447 2638 2585 2693 quas
2613 2623 2838 2694 perinde
2856 2621 3245 2678 adsciscendas
3276 2623 3486 2692 putavit
3516 2640 3530 2675 :

1943 2731 2045 2785 ego
2075 2730 2204 2771 vero
2239 2723 2420 2769 vestra
2448 2730 2614 2770 causa
2650 2714 2993 2785 potissimum
3021 2714 3290 2782 excerpsi,
3319 2713 3374 2767 in
3399 2712 3535 2767 iiscc

1943 2805 2314 2877 proponeudis
2340 2805 2591 2861 eumdem
2626 2819 2735 2875 quo
2772 2805 2860 2859 ille
2888 2819 3020 2858 usus
3048 2810 3153 2868 est,
3181 2803 3426 2857 ordinem
3452 2820 3536 2859 se-

1943 2898 2190 2968 riemque
2227 2897 2395 2961 tenui,
2433 2904 2492 2951 ut
2526 2897 2593 2950 ab
2617 2911 2682 2950 ea
2719 2911 2841 2965 quae
2871 2895 2936 2949 ad
2969 2895 3189 2950 Galatas
3222 2895 3425 2966 scripta
3449 2905 3535 2952 est

1945 2988 2159 3043 initium
2196 2987 2452 3043 facerem.
2486 2986 2640 3041 Hanc
2667 2986 2810 3040 enim
2845 2986 3019 3056 primo
3049 2986 3139 3041 ille
3185 2986 3305 3040 loco
3337 3001 3536 3057 prOpu-

1948 3080 2079 3135 suit.
2113 3076 2218 3131 Sed
2264 3092 2366 3134 nos
2413 3079 2542 3130 olim
2587 3084 2841 3145 excerpta
2885 3084 3071 3132 nostra
3107 3078 3187 3132 sic
3218 3078 3535 3133 instituera-

1945 3185 2090 3236 mus,
2126 3185 2233 3224 non
2284 3178 2341 3223 ut
2390 3169 2536 3223 illius
2577 3168 2821 3222 ordinem
2872 3183 3247 3239 sequeremur,
3279 3169 3374 3244 sed
3407 3187 3532 3225 eum

1947 3276 2107 3331 quem
2138 3260 2434 3327 apostolica
2463 3259 2667 3328 scripta
2692 3267 3105 3327 reprtesentant,
3140 3260 3398 3315 nimirum
3424 3263 3534 3331 pri-

1948 3368 2093 3407 mum
2125 3357 2184 3406 ut
2216 3351 2395 3405 locum
2429 3364 2493 3404 ea
2521 3364 2644 3420 quae
2675 3352 2739 3402 ad
2770 3349 3050 3404 Romanos
3078 3349 3282 3420 scripta
3314 3358 3399 3406 est
3432 3352 3532 3407 ob-

1948 3443 2160 3496 tineret.
2193 3439 2349 3496 Nunc
2383 3448 2564 3495 autem
2594 3441 2778 3495 omnia
2811 3441 2875 3493 ad
2912 3440 3062 3495 illius
3093 3455 3194 3495 nos
3219 3439 3448 3494 formam
3478 3449 3534 3497 et

1944 3534 2253 3603 exemplum
2284 3531 2695 3587 accommodata
2722 3546 3108 3601 praponemus.

2368 3643 2452 3698 Ea:
2486 3644 2730 3714 Epistula
2757 3645 2825 3699 ad
2861 3644 3107 3702 Galatas.

2017 3756 2202 3812 Schol.
2240 3756 2286 3809 Ι.
2329 3755 2535 3809 Discite
2563 3759 2688 3825 quia
2725 3758 2910 3825 justus
2948 3774 3013 3811 ea:
3042 3758 3147 3826 ﬁde
3188 3760 3332 3814 vivet.
3366 3760 3535 3826 Quot-

1943 3857 2066 3919 quot
2101 3846 2241 3900 enim
2271 3844 2365 3898 sub
2397 3844 2507 3914 lege
2532 3854 2676 3906 sunt,
2703 3846 2798 3897 sub
2825 3846 3108 3905 maledicto
3134 3858 3280 3901 sunt.
3308 3849 3413 3914 Qui
3432 3866 3533 3903 au-

1948 3951 2047 3993 tem
2074 3939 2253 4006 fecerit
2280 3938 2407 4000 ista,
2441 3937 2573 3989 vivet
2608 3936 2663 3989 in
2691 3937 2764 3989 eis
2784 3936 2825 3988 ³.

2018 4029 2202 4085 Refut.
2238 4029 2290 4084 1.
2335 4028 2461 4082 Ha-c
2490 4028 2607 4096 ipsa
2638 4028 2802 4083 verba
2828 4045 2840 4080 :
2880 4027 3081 4081 Discite
3114 4027 3239 4097 quia
3258 4026 3439 4094 justus
3468 4042 3534 4080 ex

1948 4120 2051 4191 ﬁde
2078 4121 2222 4180 vivet,
2257 4120 2325 4175 ab
2350 4119 2610 4189 Apostolo
2638 4125 2897 4188 usurpata
2926 4116 3338 4171 Testamentum
3368 4114 3533 4191 Yetus

1948 4212 2324 4281 comprobant.
2356 4210 2485 4266 Haec
2510 4212 2656 4265 enim
2690 4210 2758 4266 ab
2793 4210 2883 4263 illo
2914 4216 3043 4264 sunt
3071 4224 3136 4262 ex
3167 4208 3283 4278 lege
3312 4223 3376 4263 ac
3405 4223 3532 4277 pro-

1946 4306 2130 4376 phetis
2166 4303 2231 4358 ad
2267 4306 2431 4357 vitam
2462 4303 2622 4358 nobis
2653 4301 3050 4357 conciliandam
3081 4299 3149 4354 de
3172 4300 3323 4353 Novo
3345 4297 3532 4354 Testa-

1950 4406 2132 4451 mento
2157 4396 2533 4466 pronuntiata,
2565 4404 2618 4449 et
2647 4393 2866 4464 quidem
2902 4407 3023 4447 cum
3056 4406 3152 4461 Spe
3184 4402 3373 4448 nostra
3406 4407 3534 4448 con-

1947 4497 2228 4546 sentanea.
2259 4487 2410 4553 Quod
2449 4495 2628 4540 autem
2677 4484 2773 4538 sub
2800 4482 3098 4539 maledicto
3137 4501 3249 4538 esse
3280 4483 3433 4549 dicit,
3466 4499 3533 4538 eo

1946 4579 2293 4635 referendum
2324 4586 2428 4642 est,
2455 4576 2599 4646 quod
2632 4576 2897 4631 adversus
2926 4576 3119 4630 Adami
3149 4577 3408 4631 delictum
3435 4575 3531 4631 Dei

1947 4668 2408 4723 comminationes
2442 4666 2494 4719 in
2534 4665 2650 4736 lege
2680 4665 3126 4728 continebantur,
3159 4664 3334 4719 donec
3364 4682 3397 4719 c
3423 4679 3534 4720 cte-

1949 4762 2003 4815 lo
2031 4760 2233 4815 missus
2283 4757 2568 4812 adveniret
2593 4755 2870 4819 Christus,
2902 4757 2995 4826 qui
3025 4772 3088 4812 ex
3124 4754 3318 4809 Adami
3348 4770 3531 4812 massa

1956 4851 2251 4905 formatum
2284 4851 2384 4904 sibi
2416 4860 2629 4918 corpus
2650 4849 2881 4904 iuduens
2911 4848 3259 4902 maledictum
3286 4845 3342 4900 in
3375 4846 3535 4902 bene-

1956 4943 2249 4998 dictionem
2282 4942 2571 4997 convertit.

2031 5030 2213 5086 Schol.
2247 5031 2305 5085 ‘2.
2348 5028 2667 5084 Maledictus
2709 5027 2879 5081 omnis
2924 5027 3015 5095 qui
3046 5025 3228 5095 pendet
3269 5026 3323 5078 in
3366 5024 3530 5094 ligno.

1958 5119 2061 5184 Qui
2097 5129 2271 5172 autem
2305 5134 2370 5173 ex
2392 5118 2793 5186 repromissione
2813 5125 2910 5179 est,
2936 5130 3000 5169 ea:
3023 5114 3188 5169 libera
3206 5114 3246 5169 ⁸.

2025 5289 2209 5344 Rufut.
2244 5289 2297 5343 2.
2341 5289 2475 5344 Cum
2508 5288 2612 5342 hoc
2643 5287 2764 5342 loco
2788 5301 2982 5343 rursus
3008 5286 3303 5357 Apostolus
3333 5285 3532 5359 signifi-

1957 5390 2059 5446 Cet,
2097 5387 2365 5447 susceptae
2394 5376 2581 5431 carnis
2627 5375 3152 5430 administrationem
3200 5390 3437 5441 omnem,
3467 5384 3533 5426 ac

1959 5486 2178 5526 crucem
2231 5471 2297 5526 ad
2349 5469 2645 5525 tollendum
2685 5467 3032 5523 maledictum
3068 5468 3425 5537 pertinuisse;
3453 5464 3532 5519 id-

355 5647 372 5679 ¹
396 5643 526 5703 For.
560 5641 726 5712 ἔχειν,
755 5637 840 5694 vel
867 5638 949 5692 ὃτι
982 5636 1115 5706 ἔχει.
1192 5635 1218 5667 ²
1244 5630 1377 5688 Luc.
1404 5643 1554 5695 xxtv,
1583 5628 1668 5683 59.
1748 5627 1768 5660 ³
1799 5627 1841 5683 G

1962 5669 1977 5684 .
2007 5643 2089 5695 ιιι,
2117 5626 2187 5681 10
2215 5621 2359 5698 sqq.”
2418 5624 2440 5657 ⁸
2466 5623 2600 5681 ibid.
2626 5624 2726 5693 ﬂ;
2760 5623 2917 5682 Deut.
2956 5640 3071 5690 xm,
3103 5623 3194 5681 Q3.
