3932 6064
497 255 599 314 175
1865 234 1924 289 S.
1966 230 2308 287 EPII‘HANII
3661 225 3769 282 πθ

498 383 600 442 que
634 367 816 438 ipsum
843 372 895 419 et
926 362 979 415 in
1016 359 1131 430 lege
1176 363 1333 409 antea
1364 350 1627 420 scriptum
1652 362 1714 401 ac
1748 346 2065 416 praedictum
2099 396 2100 401 η

2213 344 2477 442 έγραῠπται
2506 343 2525 375 ⁵
2556 343 2613 395 ὲν
2643 341 2721 413 τῷ
2751 342 2902 413 νόμῳ
2924 341 3021 397 καὶ
3052 340 3543 413 προπεφητεῦσθαι
3570 344 3760 414 ἐσομέ-

500 431 702 521 fuisse;
735 471 799 510 ac
826 454 1042 508 demum
1070 450 1125 504 in
1152 445 1432 501 Salvatore
1462 440 1786 513 perfectum,
1806 437 1954 492 haud
1979 438 2073 491 ob-

2213 453 2292 506 ην,
2310 431 2426 488 εἶτα
2450 434 2788 490 τελεσθεῖσαν
2817 436 2909 488 ἐπὶ
2931 434 3008 504 τῷ
3029 434 3257 505 Σωτῆριτ
3280 433 3531 501 ἐπέδειξε
3552 437 3759 504 σαφῶς,

494 565 656 607 scure
684 546 946 608 declarat,
982 554 1088 594 non
1134 536 1370 591 alienam
1425 549 1455 588 a
1504 531 1790 617 Salvatore
1832 544 1953 584 esse
2002 528 2073 582 le-

2213 545 2257 579 τι
2289 527 2389 580 οὐκ
2445 526 2721 598 ἀλλότριος
2773 528 2801 579 ὁ
2841 526 3004 593 νόμος
3049 524 3144 578 τοῦ
3182 525 3454 596 Σωτῆρος.
3497 527 3765 597 Προεεέή-

501 655 635 710 gem,
670 646 853 705 utpote
896 645 1016 701 qua:
1062 628 1132 684 ab
1183 628 1276 682 illo
1308 625 1539 696 gerenda
1571 614 1752 678 omnia
1781 621 2074 677 vaticinata

2213 633 2335 669 ευσε
2372 616 2481 688 γὰρ
2534 617 2629 671 καὶ
2661 614 3008 687 ἐμαρτύρησε
3033 618 3143 678 τοῖς
3186 614 3281 668 ὑπ’
3310 615 3479 669 αὑτοῦ
3506 616 3765 687 μέλλουσι

500 709 680 785 inerit.
712 738 775 777 ac
802 719 1117 776 testimonio
1151 715 1546 771 corroborarit.

2218 709 2445 763 ίνεσθαι.

566 814 752 869 Schol.
789 814 842 867 3.
888 809 1166 879 Testiﬁcor
1215 821 1448 868 rursum,
1474 805 1722 875 quoniam
1771 802 1924 855 homo
1970 800 2078 852 cir-

494 906 755 963 cumcisus
780 903 985 956 debitor
1015 912 1092 955 est
1118 901 1371 952 universa:
1406 896 1531 967 legis
1558 893 1886 963 implendae‘.

566 1084 724 1157 351
765 1079 949 1136 Refut.
984 1077 1035 1133 ὅ.
1074 1073 1229 1142 Quod
1266 1076 1340 1128 ait
1364 1112 1378 1136 ,
1413 1070 1619 1125 debitor
1663 1076 1763 1135 est,
1807 1082 1917 1121 non
1960 1074 2083 1119 tan-

499 1192 665 1248 quam
705 1174 773 1229 de
825 1186 885 1226 re
926 1169 1179 1239 quapiam
1228 1164 1503 1235 prohibita
1537 1162 1693 1225 dixit,
1727 1158 1823 1215 sed
1860 1157 1927 1214 de
1960 1173 2085 1228 gra-

502 1269 652 1324 viore
696 1265 927 1336 quodam
986 1275 1172 1320 onere,
1214 1256 1355 1327 quod
1414 1254 1685 1311 sublevari
1725 1258 1927 1321 potest.
1978 1249 2083 1305 Sed

498 1360 595 1415 ita.
635 1374 775 1410 unus
818 1366 875 1407 ut
909 1354 981 1407 sit
1014 1351 1297 1414 Dominus,
1329 1347 1420 1417 qui
1451 1358 1503 1401 et
1537 1357 1767 1399 onerare
1806 1342 2000 1413 possit,
2036 1351 2089 1395 et

501 1449 569 1504 de
598 1461 763 1500 onere
799 1443 1104 1505 detrahere,
1141 1456 1239 1508 pro
1286 1452 1474 1493 eorum
1512 1435 1809 1498 voluntate,
1848 1433 1942 1502 qui
1991 1432 2089 1487 ob-

505 1540 664 1593 latam
693 1550 790 1605 pcr
821 1534 939 1601 ejus
980 1530 1210 1602 gratiam
1246 1529 1418 1598 ipsius
1452 1525 1685 1580 adventu
1720 1521 1952 1578 salutem
1982 1521 2089 1576 mi-

505 1629 649 1684 nime
675 1624 1104 1696 repudiaverint.

569 1719 762 1775 Schol.
798 1718 852 1771 4.
887 1715 995 1771 Pro
1033 1729 1099 1769 eo
1126 1709 1272 1783 quod
1305 1715 1390 1764 est
1419 1724 1432 1761 :
1470 1705 1742 1760 Modicum
1776 1705 2113 1775 fermentum

510 1822 671 1868 totum
697 1824 929 1863 massam
961 1804 1250 1871 corrumpit
1281 1801 1323 1863 ’,
1354 1798 1636 1867 rescripsit
1663 1794 1949 1848 adulterat.

578 1902 760 1958 Refut.
789 1900 843 1955 4.
870 1896 949 1953 Ne
986 1894 1131 1966 quod
1160 1892 1233 1947 sit
1267 1888 1410 1960 apud
1462 1889 1613 1943 illum
1651 1886 1895 1941 veritatis
1922 1883 2092 1939 vestio

510 1999 677 2068 gium,
719 2006 987 2061 nusquam
1027 1987 1141 2043 fere
1189 1984 1501 2053 Scripturas
1537 1980 1735 2050 attigit,
1767 1978 1897 2047 quin
1935 1976 2092 2029 mali-

512 2090 648 2141 tiose
701 2081 904 2153 aliquid
952 2080 1301 2140 immutaret;
1352 2072 1449 2129 sed
1481 2088 1544 2127 ex
1574 2086 1641 2125 eo
1672 2070 1815 2139 quod
1848 2068 2095 2137 sequitur

510 2175 777 2233 orationis
807 2172 979 2229 series
1006 2170 1124 2239 ipsa
1152 2164 1445 2222 manifesta
1490 2161 1753 2217 redditur.
1802 2157 1937 2212 Nam
1988 2157 2095 2212 fer—

513 2274 793 2331 mentum,
845 2259 992 2317 velut
1051 2258 1225 2313 forma
1278 2253 1556 2327 quaedam,
1611 2264 1806 2307 massa:
1853 2249 2094 2305 subacta:

510 2374 647 2431 opus
678 2362 782 2420 est,
812 2360 867 2410 et
898 2347 1240 2407 fermentatio
1268 2347 1385 2417 ipsa
1424 2360 1454 2399 e
1510 2341 1737 2400 subacta
1768 2355 1949 2396 massa
1997 2340 2053 2394 fit
2078 2358 2093 2406 ;

515 2463 685 2519 neque
718 2442 1093 2517 primigeniam
1134 2438 1365 2493 formam
1400 2433 1690 2497 destruxit,
1733 2432 1827 2501 qui
1864 2430 2098 2501 pruden-

514 2528 594 2599 ter
635 2535 1044 2595 similitudinem
1113 2531 1259 2585 illam
1310 2526 1881 2598 comparationemque
1918 2531 2099 2577 trans-

514 2634 654 2689 tulit.

584 2721 767 2777 Seltol.
820 2719 873 2773 5.
923 2714 1109 2771 Omnis
1135 2713 1273 2766 enim
1310 2710 1395 2764 lex
1436 2709 1489 2762 in
1529 2724 1590 2762 eo
1618 2708 1764 2762 robis
1808 2704 2054 2775 impletur
2078 2722 2097 2761 :

525 2815 713 2884 Diliges
738 2810 1038 2881 proximum
1074 2815 1219 2858 tuum
1253 2804 1389 2856 sicut
1426 2803 1649 2868 teipsum
1668 2801 1710 2856 ³.

584 2905 767 2958 licius.
800 2901 855 2956 5.
898 2898 1037 2965 Quid
1078 2895 1340 2950 attinebat
1377 2893 1697 2962 Apostolum
1732 2892 1903 2962 legem
1946 2890 2093 2944 adhi-

2249 800 2405 869 Σχόλ.
2436 807 2507 870 γ’.
2556 802 2934 871 Μαρτιξρομαι
2981 800 3051 855 δὲ
3081 801 3289 866 πάλιν,
3333 798 3422 856 ὅτι
3450 802 3762 871 ἄνθρωπος

2181 892 2675 961 περιτεμνόμενος
2708 891 3019 961 ὀφειλέτης
3047 891 3222 947 ἐστὶν
3248 890 3398 946 ὅλον
3438 892 3552 946 τὸν
3582 894 3760 964 νόμον

2183 980 2516 1049 πληρῶσαι.

2258 1074 2476 1144 Ἔλεγχ.
2508 1081 2579 1143 γ’.
2612 1073 2707 1136 Τὸ,
2734 1073 3048 1143 ὀφειλέτης
3082 1074 3274 1140 ἐστιν,
3306 1076 3492 1130 οὐκέτι
3518 1077 3599 1141 ὡς
3640 1079 3763 1149 περὶ

2185 1163 2556 1236 ἀπειρημένου
2604 1164 2774 1233 λέγει,
2815 1163 2952 1218 ἀλλὰ
2996 1165 3124 1236 περὶ
3181 1164 3488 1238 βαρυτέρου
3542 1169 3759 1239 φορτίου

2185 1256 2483 1326 δυναμένου
2540 1254 2957 1326 ὲλαφρυνθῆναι.
2999 1255 3149 1319 Ἔνος
3191 1257 3246 1309 δὲ
3280 1257 3434 1320 ὄντος
3467 1259 3759 1325 Δεσππέτου,

2187 1343 2485 1416 δυναμένου
2542 1345 2636 1398 καὶ
2697 1345 2950 1416 βαρύνειν
3002 1345 3097 1398 καὶ
3143 1345 3470 1419 ὲλαφρύνειν
3512 1347 3621 1400 διὰ
3670 1349 3762 1418 τῆς

2190 1436 2562 1509 προαιρέσεως
2587 1436 2696 1490 τῶν
2736 1437 2811 1509 μὴ
2844 1439 3338 1510 παραιτησαμένων
3371 1441 3762 1505 καταδέξασθαι

2190 1529 2287 1602 τὴν
2339 1528 2425 1582 διὰ
2473 1527 2573 1599 τῆς
2609 1528 2830 1599 χάριτος
2883 1527 3047 1581 αὑτυῦ
3088 1530 3146 1581 ἐν
3191 1530 3256 1600 τῇ
3302 1531 3556 1602 ὲνσάρκῳ
3606 1532 3761 1586 αὐτοῦ

2193 1616 2463 1689 παρουσίᾳ
2496 1618 2789 1688 σωτηρίαν.

2260 1706 2413 1777 Σχὸλ.
2448 1704 2510 1760 δ’.
2555 1708 2700 1761 ’Δντὶ
2727 1706 2842 1773 τοῦ,
2876 1707 3068 1777 Μικρὰ
3096 1706 3239 1779 ζύμη
3258 1709 3409 1764 ὅλον
3430 1710 3502 1766 τὸ
3530 1715 3764 1786 φύραμα

2191 1796 2374 1865 ζυμοῖ,
2412 1796 2634 1867 ἐποίησε
2665 1796 2706 1861 ⁵,
2737 1796 2927 1851 ὃολοῖ.

2265 1888 2484 1958 Ἔλεγχ.
2512 1889 2573 1942 δ’.
2608 1888 2724 1942 Ἵνα
2755 1888 2920 1960 μηδὲν
2946 1889 3140 1960 ἀληθὲς
3168 1892 3464 1965 τιαράὑτῷ
3494 1894 3763 1967 εὑρεθείη,

2190 1980 2426 2052 οὐδαμοῦ
2456 1981 2640 2051 σχεδὸν
2666 1982 2793 2036 ἄνευ
2821 1983 3168 2054 ῥᾳδιουργίας
3189 1991 3309 2049 ταῖς
3336 1987 3585 2058 Γραφαίς
3609 2007 3767 2062 προσ-

2193 2074 2494 2140 ενήνεκται.
2548 2071 2709 2125 Ἀλλά
2737 2072 2833 2125 ἀπ’
2863 2072 3033 2142 αὐτῆς
3054 2075 3152 2144 τῆς
3180 2076 3505 2137 ἀκολουθίας
3540 2081 3575 2151 ἡ
3608 2082 3767 2149 φανέ-

2198 2180 2362 2234 ρωσις
2389 2161 2481 2216 τοῦ
2514 2162 2673 2231 λόγου
2703 2163 2932 2232 γίνεται.
2971 2165 3036 2217 ἸΙ
3058 2166 3165 2237 γὰρ
3183 2167 3325 2238 ζύμη
3354 2169 3417 2222 τὸ
3440 2167 3583 2235 εἶδος
3613 2176 3766 2246 φερά-

2198 2272 2368 2326 ματος
2397 2254 2586 2325 ἔργον·
2624 2256 2718 2309 καὶ
2739 2256 2845 2309 ἀπὸ
2873 2256 2967 2310 τοῦ
2994 2260 3314 2330 φυράματος
3345 2262 3407 2314 τὸ
3436 2263 3765 2333 ζυμοῦσθαι·

2195 2347 2290 2399 καὶ
2346 2348 2446 2399 οὐκ
2492 2350 2549 2401 ἐν
2575 2348 2689 2411 τοῖς
2726 2348 3101 2420 πρωτθτύποις
3135 2350 3196 2403 τὸ
3258 2348 3400 2415 εἶδος
3443 2356 3705 2423 ἠφάνιζεν
3741 2361 3767 2410 ὁ

2199 2438 2437 2503 συνετῶς
2491 2440 2588 2509 τὴν
2646 2440 2961 2511 παραϐολὴν
3019 2442 3111 2493 τοῦ
3165 2443 3486 2514 αἰνίγματος
3545 2452 3766 2519 ποιησά-

2198 2546 2379 2600 μενος.

2267 2709 2427 2781 Σχὸλ.
2453 2715 2514 2762 ε’.
2551 2709 2603 2760 Ὀ
2654 2708 2763 2778 γὰρ
2810 2708 2929 2774 πᾶς
2964 2710 3147 2779 νόμος
3178 2711 3320 2780 ὑμῖν
3358 2694 3765 2783 πεπλήρωται·

2198 2802 2219 2833 τ
2257 2801 2618 2871 Ἀγαπήσεις
2642 2798 2749 2852 τὸν
2782 2792 3050 2867 πλησίον
3075 2815 3190 2855 σου
3220 2803 3302 2869 ὠς
3332 2807 3619 2861 σεαυτόν.

2273 2890 2490 2964 Ἐλεγχ.
2518 2899 2575 2946 ε’.
2605 2892 2701 2956 Τίς
2726 2894 2838 2945 ἐστι
2867 2894 3025 2965 χρεία
3047 2892 3124 2964 τῷ
3145 2893 3283 2966 ἁγίῳ
3297 2896 3608 2969 Ἀποστόλῳ
3631 2899 3767 2971 νόμῳ

520 3002 665 3062 here,
711 2994 757 3050 si
812 3008 842 3047 a
887 2989 1164 3046 veteribus
1210 2984 1483 3040 mandatis
1536 2982 1745 3038 Novum
1780 2982 2100 3038 Testamen-

2213 2986 2458 3058 [ρῆσθαι,
2488 2988 2536 3039 εί
2589 2984 2994 3055 ἁπηλλοτρίωτο
3032 2984 3208 3057 Καινὴ
3249 2986 3492 3060 Διαθήκη
3544 2992 3647 3062 τῆς
3676 3010 3764 3045 πα-

522 3102 631 3142 tum
660 3082 1020 3142 abhorreret?
1050 3078 1156 3136 Sed
1190 3087 1248 3133 ut
1281 3084 1467 3140 aperte
1508 3082 1835 3131 monstraret
1868 3075 1976 3130 duo
2010 3074 2099 3127 illa

442 3188 453 3203 ’
521 3178 866 3235 Testamenta
888 3176 956 3230 ab
981 3189 1089 3229 uno
1111 3171 1409 3239 eodemque
1438 3178 1665 3223 auctore
1691 3166 1799 3223 Deo
1827 3182 2099 3229 manasse,

521 3283 894 3341 summamque
925 3264 1208 3319 amborum
1236 3275 1359 3316 esse
1395 3258 1771 3322 concordiam,
1813 3257 2103 3325 utrobique

485 3359 892 3431 ’proximorum
924 3355 1189 3411 charitate
1240 3352 1411 3421 legem
1464 3348 1677 3418 impleri
1731 3347 2101 3417 signiﬁcatur,

520 3470 644 3524 qua
701 3448 997 3523 perlectum
1065 3443 1429 3511 omnibusque
1493 3440 1739 3495 numeris
1794 3441 2102 3495 absolutum

525 3548 725 3599 bonum
772 3538 986 3596 eﬂieiat.
1039 3534 1163 3590 Ideo
1202 3531 1590 3603 perfectionem
1634 3531 1771 3601 legis
1809 3531 2103 3600 Apostolus

525 3632 845 3687 cliaritatem
876 3642 998 3683 esse
1023 3624 1234 3681 deﬁnit.

594 3721 783 3777 Schol.
811 3719 864 3774 6.
896 3717 1186 3786 Manifesta
1216 3723 1340 3770 sunt
1368 3722 1542 3768 autem
1574 3727 1730 3780 opera
1757 3714 1956 3778 carnis,
1989 3731 2107 3785 qua:

527 3823 646 3869 sunt
670 3813 975 3884 fornicatio,
997 3807 1357 3871 immunditia,
1411 3805 1658 3867 luxuria,
1701 3805 1969 3860 idolorum
2002 3823 2107 3861 ser-

530 3908 681 3969 ritus,
713 3903 985 3971 veneﬁcia,
1017 3897 1345 3961 inimicitiae.
1390 3896 1765 3959 contentiones,
1808 3896 2101 3950 (emutatioo

521 4015 634 4060 nes,
664 3998 781 4056 ira.
814 3996 967 4057 rixa,
994 3992 1372 4049 dissensiones,
1406 3996 1583 4048 sectw,
1609 3986 1912 4052 homicidia,
1941 3986 2107 4041 ebrie-

526 4100 679 4155 tates,
704 4085 1165 4142 commessationes
1195 4096 1213 4133 :
1242 4095 1359 4149 qua:
1384 4077 1616 4146 praedico
1645 4076 1786 4130 vobis
1813 4079 1946 4131 sicut
1978 4094 2116 4146 pra:-

523 4182 658 4242 αἱαὶ,
686 4179 935 4249 quoniam
961 4174 1050 4246 qui
1079 4170 1213 4226 talia
1232 4177 1395 4240 agunt
1426 4181 1639 4237 regnum
1674 4164 1772 4220 Dei
1803 4184 1905 4221 non
1935 4170 2103 4236 possi-

526 4270 717 4325 s‘ebuut
744 4269 786 4321 ⁸.

599 4358 778 4413 Relut.
805 4355 860 4409 6.
891 4354 935 4408 0
974 4349 1293 4408 admiranda
1332 4348 1425 4405 Dei
1466 4350 1742 4422 mysteria,
1782 4362 1844 4402 ac
1883 4346 2107 4401 Marcio-
2135 4335 2180 4391 D

528 4451 616 4506 nis
660 4446 938 4503 erroribus
987 4443 1216 4499 adversa
1258 4443 1544 4512 dogmata!
1587 4441 1797 4495 Etenim
1829 4440 1969 4493 mala
1998 4454 2110 4492 om-

528 4541 617 4595 nia
634 4536 791 4594 carni
813 4535 1151 4590 tribuuntur.
1174 4530 1249 4584 Ea
1276 4545 1440 4600 porro
1456 4539 1716 4601 perpetuo
1733 4546 1839 4583 non
1867 4529 2104 4594 exstitit;

527 4631 623 4689 sed
643 4636 798 4686 sexto
811 4629 1030 4682 demum
1051 4623 1161 4687 die,
1180 4629 1293 4677 tum
1313 4637 1438 4676 cum
1455 4622 1694 4676 Adamus
1713 4620 1977 4677 formatus
1998 4630 2101 4689 est,

524 4737 651 4780 esse
667 4719 856 4787 cmpit.
876 4715 951 4771 Ex
975 4729 1083 4785 quo
1106 4714 1180 4768 illi
1208 4712 1552 4777 refelluntur,
1575 4712 1668 4782 qui
1692 4713 1890 4766 malutn
1915 4713 1983 4766 ab
2007 4713 2103 4766 ini-

530 4814 606 4869 tio
622 4825 688 4867 ac
702 4824 915 4880 semper
929 4806 1207 4863 exstitisse
1221 4805 1536 4876 pradicant.
1556 4804 1720 4874 Atqui
1741 4818 1915 4873 neque
1940 4804 2102 4859 simul

528 4920 592 4961 ac
630 4902 862 4985 formata
891 4914 1021 4955 caro
1060 4905 1166 4963 est,
1195 4904 1481 4969 peccatum
1524 4895 1766 4959 admisit,
1792 4912 1861 4950 ne
1892 4897 2101 4964 peccati

527 5009 719 5052 auctor
761 4994 857 5067 qui
898 4993 1045 5049 illam
1076 4991 1303 5046 tinxerat
1345 4988 1851 5058 haberetur;quasi
1891 4989 2102 5057 peccati

529 5103 675 5145 ream
722 5100 943 5143 carnem
990 5083 1215 5139 molitus
1264 5090 1440 5145 esset;
1487 5095 1664 5149 neque
1716 5079 1917 5133 malum
1964 5094 2107 5148 epus

531 5180 707 5251 ipsum
732 5176 1046 5233 antecessit.
1073 5173 1274 5229 Verum
1304 5172 1586 5242 aliquanto
1621 5169 1781 5241 352
1820 5179 1942 5239 post
1977 5179 2104 5224 tem-

532 5285 659 5339 pore
684 5284 714 5321 a
737 5268 830 5323 Dei
854 5268 1117 5337 obsequio
1146 5266 1463 5322 desciscens
1491 5263 1734 5319 Adamus
1762 5276 1826 5315 ac
1852 5261 2103 5319 libertate

528 5359 805 5435 pmditus,
837 5374 933 5429 per
959 5373 1098 5423 sese,
1142 5373 1206 5414 ac
1242 5364 1437 5429 sponte
1472 5370 1572 5411 sua
1619 5362 1877 5423 certoque
1917 5354 2102 5408 consi-

600 5543 617 5563 '
640 5540 811 5596 Galat.
841 5560 892 5605 v,
934 5545 986 5598 5.
1061 5545 1080 5573 ¹
1111 5541 1239 5596 ἱΙιίιΙ.
1264 5541 1319 5596 9.
1408 5540 1430 5573 ³
1454 5540 1583 5596 ibid.
1614 5542 1699 5596 14.

578 5611 737 5669 ουτοι
758 5614 815 5667 ἐν
837 5614 928 5682 τῷ.
1936 5636 1973 5671 κ

1812 5540 1832 5571 ⁸
1858 5540 1987 5594 ibid.
2021 5539 2203 5596 lii-2|.

2202 3074 2356 3139 λαιᾶς
2384 3075 2734 3146 νομοθεσίας;
2782 3073 2920 3128 Ἀλλ’
2951 3075 3037 3129 ἵνα
3069 3075 3235 3149 δείξῃ,
3267 3077 3347 3130 ὅτι
3374 3078 3469 3131 τοῦ
3500 3081 3620 3143 ἐνὸς
3644 3081 3765 3135 Θεοῦ

2202 3169 2257 3220 αί
2286 3166 2379 3221 δύο
2404 3167 2691 3236 Διαθῆκαι,
2727 3168 2819 3220 καὶ
2842 3164 2874 3237 ἠ
2904 3167 3191 3238 συμφωνία
3215 3167 3275 3221 τὸ
3306 3170 3657 3242 πληρωτικδν
3682 3174 3766 3227 τοῦ

2201 3260 2367 3331 νόμου
2397 3259 2489 3313 διὰ
2516 3259 2617 3329 τῆς
2642 3259 2863 3331 ἀγάπης
2889 3259 3223 3332 τοῦ’πλησίον
3252 3262 3559 3335 ἰσορρόπως
3585 3268 3641 3318 ἐν
3659 3269 3763 3329 ταῖς

2200 3352 2294 3406 δύο
2312 3351 2608 3423 Διαθήκαις
2659 3350 3005 3423 γνωρίζεται,
3057 3352 3118 3405 τὸ
3164 3353 3348 3407 τέλεον
3405 3358 3763 3428 ἐργαζομένου

2201 3442 2263 3496 τὸ
2286 3440 2512 3511 ἀγαθὸν,
2548 3441 2715 3513 νόμου
2745 3441 3023 3496 τελείωσιν
3053 3438 3205 3498 εἶπεν
3225 3439 3366 3499 εἶναι
3396 3447 3499 3514 τὴν
3537 3449 3762 3521 ἀγάπην.

2275 3706 2430 3778 Σχόλ.
2476 3714 2550 3772 ς’.
2578 3705 2810 3774 Φανερὰ
2835 3704 2904 3761 δέ
2948 3705 3081 3762 ἐστι
3115 3707 3185 3762 τὰ
3216 3707 3361 3777 ἔργα
3391 3706 3502 3778 τῆς
3521 3714 3763 3780 σαρκός·

2205 3798 2377 3855 ἅτινά
2414 3800 2544 3854 ἐστι
2595 3799 2860 3867 πορνεία,
2898 3799 3255 3869 ἀκαθαρσία,
3286 3800 3597 3873 ἀσέλγεια,
3619 3806 3761 3860 εἱόωο

2203 3894 2574 3962 λολατρείαι,
2626 3889 2982 3960 φαρμακεῖαι
3002 3930 3018 3956 ,
3077 3892 3283 3962 ἔχθραι
3303 3934 3319 3957 ,
3358 3894 3539 3963 ἕρεις,
3592 3896 3761 3966 ζῆλοι,

2205 3986 2399 4055 θυμοί,
2448 3984 2709 4055 ὲριθεῑαι,
2742 3982 3146 4053 διχοστασίαι,
3196 3983 3481 4051 αἰρέσεις,
3547 3988 3759 4055 φθόνοι,

2200 4080 2392 4147 μέθαι,
2453 4076 2636 4146 κῶμοι
2658 4092 2671 4105 ’
2718 4075 2914 4141 καθὼς
2966 4076 3063 4129 καὶ
3120 4077 3428 4143 προεῖπον,
3488 4077 3579 4132 ὅτι
3621 4081 3674 4133 ot
3703 4080 3759 4132 rd

2205 4169 2448 4223 τοιαῦτα
2476 4167 2858 4236 πράσσοντες
2876 4167 3206 4231 ,βασιλείαν
3227 4168 3376 4222 Θεοῦ
3397 4170 3471 4223 οὐ
3497 4174 3753 4239 κληρονο-

2202 4260 2533 4333 μήσουσιν.
2554 4282 2569 4297 κ
3578 4308 3589 4317 ,

2280 4354 2501 4427 ⁸Ίζλεγχ.
2532 4360 2605 4419 ς’.
2629 4354 2694 4405 Ὢ
2712 4351 3027 4423 θαυμασίων
3056 4352 3368 4424 μυστηρίων
3387 4354 3481 4407 καὶ
3494 4355 3760 4409 ἀντιθέτων

2207 4447 2340 4502 θεοῦ
2390 4444 2829 4514 ὑποδειγμάτων.
2890 4445 2968 4513 Τῇ
3035 4443 3145 4514 γὰρ
3215 4444 3377 4515 σαρκὶ
3429 4447 3665 4517 περιῆψε
3706 4446 3759 4498 τὰ

2207 4540 2385 4595 πάντα
2416 4538 2583 4592 δεινά.
2624 4538 2686 4589 'H
2710 4535 2847 4606 σὰρξ
2869 4535 2924 4588 δὲ
2948 4535 3048 4589 οὐκ
3081 4537 3167 4589 ἀεὶ
3192 4532 3260 4607 ἦν
3279 4554 3293 4566 ·
3326 4538 3442 4591 ἀλλ’
3478 4541 3537 4591 ὲν
3562 4541 3623 4611 τῇ
3648 4541 3759 4608 ἕκτῃ

2206 4629 2387 4700 ἡμέρᾳ
2429 4627 2529 4698 τὴς
2562 4625 2939 4697 κοσμοποιίας,
2980 4623 3075 4678 τοῦ
3132 4626 3303 4695 ’Δδὰμ
3355 4626 3700 4692 πλασθέντας,
3735 4627 3761 4696 ἡ

2210 4718 2347 4791 σὰρξ
2394 4718 2579 4772 ἔκτοτε
2644 4717 2770 4787 ἔσχε
2810 4717 2908 4787 τὴν
2952 4717 3148 4788 ἀρχὴν,
3182 4717 3327 4787 φημὶ
3359 4717 3463 4785 τῆς
3495 4718 3760 4779 πλάσεως’

2209 4811 2295 4864 ἴνα
2343 4807 2672 4879 ἐλεγχθῶσιν
2708 4810 2757 4861 οἱ
2802 4806 3053 4875 λέγοντες
3089 4808 3177 4861 ἀεὶ
3212 4808 3307 4860 καὶ
3347 4807 3408 4872 ἐξ
3448 4810 3622 4879 ἀρχῆς
3644 4803 3763 4861 εἶναι

2206 4902 2267 4955 τὸ
2298 4901 2485 4957 κακόν.
2515 4901 2626 4953 Καὶ
2656 4900 2764 4970 γὰρ
2789 4898 2911 4952 οὔτε
2946 4898 3091 4963 ἐξότε
3121 4898 3363 4975 ἐπλάσθη
3387 4901 3421 4969 ἡ
3444 4900 3581 4970 σὰρξ
3605 4900 3760 4969 ἧμαι-

2205 5004 2318 5049 τεν,
2360 4988 2450 5042 ἵνα
2513 4986 2587 5058 μὴ
2631 4988 2659 5040 ὁ
2710 4986 2953 5057 πλάστης
3000 4988 3172 5049 αἴτιος
3219 4988 3452 5058 νομισθῇ
3489 4988 3758 5060 ἁμαρτίας,

2208 5077 2417 5141 πλάσας
2475 5078 2653 5147 σάρκα
2712 5077 3044 5149 ἁμαρτωλήν
3071 5093 3088 5111 ο
3146 5076 3268 5131 οὕτε
3324 5079 3646 5150 προϋπῆρχε
3680 5074 3757 5129 τοῦ

2208 5169 2523 5239 πλάσματος
2580 5168 2643 5221 τὸ
2676 5169 2863 5222 κακόν.
2896 5168 3053 5223 Μετὰ
3077 5169 3266 5240 χρόνον
3296 5168 3353 5221 δὲ
3382 5171 3442 5222 ὲν
3479 5163 3758 5241 Μρακοῇὁ

2221 5260 2392 5331 Ἀδὰμ
2441 5259 2698 5329 γεγονὼς,
2759 5259 2898 5331 ἔχων
2934 5260 2996 5313 τὸ
3043 5258 3424 5325 αὐτεξούσιον,
3468 5260 3760 5332 προαιρέσει

2210 5354 2318 5424 ἰδίᾳ.
2347 5353 2439 5421 ἀφ’
2480 5351 2674 5406 ἑαυτοῦ
2704 5353 2799 5422 τὴν
2829 5352 3101 5423 ἁμαρτίαν
3134 5354 3214 5415 είς
3253 5352 3448 5406 ἑαυτὸν
3486 5349 3758 5422 διανοηθεὶς

2313 5542 2333 5574 ⁸
2370 5541 2493 5596 For.
2521 5541 2722 5613 ταύτην
2747 5551 2797 5597 et
2828 5540 3257 5611 προγεγράφθαι.
3337 5543 3358 5573 ⁸
3384 5561 3474 5612 γρ.
3501 5539 3742 5609 ἐποίησαν
