3932 6064
203 183 302 237 777

834 220 839 223 -
873 166 1241 237 Ᾱῡνειιευε
1278 176 1621 234 ηιειικεεε
1659 175 1788 232 ue.
1822 178 1865 232 ι.
1908 172 2073 232 ron.
2114 161 2314 228 uI.‘—
2352 167 2626 226 naues.
2669 168 2828 226 XLIl.

203 298 400 371 ἔπραξε
428 316 439 327 '
467 298 609 370 φημὶ
628 297 708 363 δὲ,
739 298 838 370 τὴν
884 301 1142 371 ἀθέτησιν
1169 296 1260 353 τοῦ
1297 296 1463 352 αὐτοῦ
1495 297 1765 375 Δεσπότου
1798 347 1801 355 ,

1911 309 1942 349 ο
1973 299 2196 365 peccato
2239 304 2299 344 se
2335 289 2646 356 obstrinxit,
2684 288 2812 343 dum
2842 301 2936 358 per
2972 284 3136 339 animi
3168 290 3446 338 contuma-

150 460 155 465 η
202 391 287 445 διὰ
320 394 421 463 τῆς
476 390 759 461 παρακοῆς
816 390 1199 461 ποιησάμενος.
1253 388 1364 442 Ποῦ
1402 389 1584 442 τοίνυν
1610 382 1679 458 ἦν
1710 387 1773 440 τὸ

1908 386 2013 439 iam
2071 380 2284 438 Domini
2330 380 2416 459 sui
2475 380 2813 451 maiestatem
2864 376 3156 432 imminuit.
3213 374 3445 430 Ubinam

147 471 159 508 ⁵
203 483 394 547 κακὸν,
451 480 616 552 πρινὴ
647 483 744 552 τὴν
779 483 958 554 σάρκα
997 477 1167 546 sivest;
1206 479 1333 543 Πῶς
1358 479 1414 532 δὲ
1446 479 1607 543 εὐθὺς
1638 479 1774 531 πλα-

203 575 393 629 σθεῖσα
447 576 512 628 οὐ
553 575 622 628 τὸ
659 573 830 628 κακὸν
878 573 1208 645 εἰργάσατο,
1249 572 1386 627 ἀλλὰ
1422 572 1598 644 χρόνῳ
1642 588 1773 642 μετ-

1873 489 2003 546 ergo
2049 487 2254 537 rerum,
2304 479 2592 543 antequam
2650 484 2778 525 caro
2821 469 3131 539 prodiisset,
3164 476 3446 539 peccatum

1876 564 2011 621 fuit?
2047 565 2156 618 Aut
2178 577 2415 633 quanam
2460 562 2672 617 ratione
2703 576 2808 616 non
2842 560 3004 615 simul
3036 569 3197 629 atque
3228 559 3449 614 condita

204 666 430 731 ἐπειτα;
460 667 603 737 ’Ἄρα
638 664 767 733 γοίν
789 664 1053 736 ἀνῄρηται
1075 667 1105 718 ὁ
1129 664 1369 736 περὶτῆς
1385 663 1582 727 κακίας
1603 662 1776 734 ἀρχῆς

1905 666 1979 721 st,
2003 656 2096 711 sed
2134 655 2412 724 aliquanto
2442 662 2630 724 postea
2671 653 2955 707 intervallo
2999 651 3200 708 malum
3229 649 3452 704 commi-

206 757 381 825 λόγος.
418 757 491 809 Οὺ
525 756 634 828 γὰρ
659 754 876 809 δύναται
904 756 1205 826 ἁρχαῖζειν,
1228 755 1413 826 ἐπειδὴ
1435 757 1492 808 ἐν
1520 757 1589 826 τῇ
1614 754 1778 824 σαρκὶ

210 850 270 916 τῇ
309 845 744 918 μεταγενεστέρῳ⁵
793 845 875 898 τδ·
906 845 1151 914 γίνεσθαι
1197 845 1372 918 ἔχειὴ
1409 846 1596 911 κακίαν
1633 845 1667 915 ἦ
1703 844 1777 915 μὴ

207 934 457 1005 γίνεσθαι
481 951 494 964 ·
520 934 613 987 καὶ
629 932 750 987 οὔτε
780 935 813 1004 ἠ
844 933 981 1004 σὰρξ
1000 934 1162 988 πάλιν
1193 934 1635 1006 ἀκληρονὸμητός
1662 934 1779 987 ἐστι

207 1023 316 1078 τῶν
340 1025 701 1096 ἐπουρανίων.
730 1022 842 1078 Καὶ
870 1025 943 1095 μή
964 1041 1048 1086 τις
1061 1023 1294 1096 λάϐηται
1313 1025 1408 1079 τοῦ
1431 1024 1584 1093 ἀγίου
1614 1025 1780 1077 Ἀπο-

211 1115 404 1169 στόλου
455 1114 705 1178 εἰπόντος
728 1128 744 1144 ·
776 1112 937 1182 Σὰρξ
975 1113 1075 1168 καί
1104 1110 1250 1184 alga
1278 1115 1606 1180 ,ϐασιλείαν
1632 1111 1782 1168 Θεοῦ

211 1206 283 1260 οὺ
349 1203 941 1274 κληρονομήσουσιν.
983 1204 1059 1257 Οὐ
1098 1204 1207 1276 γάρ
1258 1206 1438 1259 πᾶσαν
1490 1203 1667 1276 σάρκα
1698 1203 1785 1257 ai-

212 1297 413 1349 τιᾶται.
456 1294 582 1358 Πῶς
605 1293 714 1364 γάρ
753 1291 1126 1364 αἱτιαθήσεται
1156 1291 1312 1363 σὰρξ,
1347 1295 1381 1365 ἡ
1424 1292 1499 1365 μὴ
1531 1292 1785 1364 πράξασα

211 1388 282 1441 τὰ
304 1386 709 1461 προειρημένας
738 1386 850 1441 Καὶ
868 1386 929 1451 ἐξ
949 1387 1152 1458 ἐτέρων
1181 1386 1238 1440 δὲ
1267 1385 1591 1450 ἀποδείξεων
1610 1402 1787 1457 παρα-

216 1460 402 1551 στήσω
432 1478 493 1532 τὺ
538 1477 886 1550 ζητούμενον.
933 1478 1032 1544 Τῑς
1071 1479 1201 1549 γὰρ,
1242 1460 1426 1549 φησὶν,
1473 1476 1788 1547 ἐγκαλέσει

216 1572 368 1625 κατὰ
397 1569 698 1625 ἐκλεκτῶν
724 1568 906 1634 Θεοῦ;
928 1568 1054 1633 Πῶς
1084 1569 1146 1623 ού
1174 1568 1572 1641 κληρονομήσει
1598 1567 1789 1637 Μαρία

1878 749 1950 805 sit
1972 749 1996 802 Τ
2021 747 2383 815 Quamobrem
2414 746 2592 801 omnis
2636 745 2727 799 illa
2762 744 2830 801 de
2862 743 3129 815 principio
3168 741 3292 795 mali
3329 756 3451 795 sen-

1879 838 2046 893 tentia
2083 835 2311 891 corruit.
2348 834 2466 890 Non
2491 835 2635 889 enim
2671 820 2949 903 antiquum
2980 848 3100 888 esse
3126 838 3300 903 potest
3339 846 3454 884 ma-

1880 928 2014 992 lum,
2040 927 2186 999 quod
2224 930 2281 983 in
2310 925 2597 982 recentiori
2631 940 2760 980 caro
2794 925 2961 980 habet
2997 933 3053 978 ut
3104 926 3194 984 sit.
3221 931 3314 978 aut
3346 938 3453 976 non

1880 1021 1953 1077 sit
1983 1020 2224 1075 omnino.
2262 1017 2450 1088 Neque
2484 1032 2614 1072 vero
2642 1030 2671 1077 a
2709 1015 2917 1070 cmlesti
2947 1015 3293 1085 possessione
3325 1029 3454 1068 caro

1881 1111 2154 1180 dejicitur.
2189 1108 2302 1166 Nec
2333 1118 2416 1165 est
2449 1108 2593 1179 quod
2627 1106 2870 1178 Apostoli
2902 1106 3225 1161 auctoritate
3266 1105 3457 1159 abuta-

1882 1210 1973 1257 tur
1999 1201 2291 1272 quispiam,
2320 1200 2447 1255 dum
2474 1200 2550 1254 ait
2580 1218 2594 1255 :
2625 1197 2763 1254 Caro
2794 1206 2844 1253 et
2872 1198 3086 1269 sanguis
3116 1212 3330 1267 regnum
3361 1195 3457 1249 Dei

1883 1309 1986 1347 non
2012 1291 2417 1363 possidebunt‘.
2448 1288 2583 1345 Nam
2628 1305 2735 1345 non
2787 1304 3006 1345 carnem
3050 1303 3266 1344 omnem
3298 1302 3459 1342 accu-

1885 1390 1990 1440 sat.
2023 1382 2137 1438 Cur
2186 1381 2331 1447 enim
2359 1387 2647 1437 accusetur
2673 1395 2737 1436 ea
2765 1396 2886 1451 quae
2941 1379 3078 1435 nihil
3104 1395 3291 1436 conum
3338 1396 3462 1450 quin

1887 1482 2045 1530 antea
2078 1481 2499 1529 commemorata
2548 1480 2680 1528 sunt
2723 1471 3040 1527 admiserit?
3082 1469 3187 1527 Sed
3247 1481 3301 1527 et
3339 1473 3461 1526 aliis

1887 1581 2106 1637 quoque
2142 1564 2449 1620 rationibus
2481 1564 2626 1639 quod
2673 1564 2935 1634 quaeritur
2971 1565 3249 1620 evidenter
3276 1573 3463 1621 osten-

172 1708 175 1709 ν
215 1662 250 1732 ἠ
297 1662 431 1730 ἀγία
484 1660 623 1732 μετά
654 1660 856 1732 σαρκὸς
897 1661 997 1732 τὴν
1026 1659 1303 1731 βασιλείαν
1328 1659 1436 1713 τῶν
1464 1657 1787 1730 οὐρανῶν,ἡ

1905 1657 2057 1713 litur.
2091 1657 2246 1724 Quis,
2280 1657 2476 1727 inquit,
2502 1656 2771 1711 accusabit
2800 1658 3047 1712 adversus
3078 1658 3265 1713 electos
3297 1659 3467 1713 Dei’?

220 1751 298 1823 μὴ
334 1749 701 1821 πορνεύσασα,
759 1749 834 1820 μὴ
878 1749 1251 1821 άσελγήσασα,
1289 1749 1365 1821 μὴ
1419 1745 1787 1820 μοιχευθεῖσα,

221 1838 392 1909 μηδέν
411 1857 465 1892 τι
489 1839 599 1894 τῶν
628 1840 941 1910 ἀνηκέστων
971 1841 1173 1911 σαρκὸς
1210 1840 1387 1910 ἔργων
1420 1839 1790 1912 ἐργασαμένη,

218 1928 357 1983 ἀλλά
384 1930 648 2003 ἄχραντος
673 1931 932 2002 μείνασα;
959 1933 1070 1985 Ούκ
1097 1932 1204 2002 ἄρα
1219 1931 1397 1986 τοίνυν
1426 1932 1555 2003 περὶ
1593 1930 1794 2003 σαρκὸς

214 2023 372 2091 λέγει
404 2023 479 2094 μὴ
513 2023 868 2095 κληρονομεῖν
901 2025 1173 2094 βασιλείαν
1194 2024 1459 2095 οὐρανῶν,
1498 2022 1633 2077 ἀλλὰ
1664 2022 1794 2094 περὶ

222 2115 502 2185 σαρκικῶν
554 2115 858 2187 ἀνθρώπιον
886 2115 993 2169 τῶν
1017 2117 1087 2171 τὰ
1126 2116 1305 2186 φαῦλα
1352 2116 1438 2170 διὰ
1462 2115 1561 2186 τῆς
1594 2114 1795 2186 σαρκὸς

222 2208 601 2278 πραττόντων·
642 2207 800 2261 ἆτινά
827 2210 941 2262 ἐστι
969 2208 1213 2279 πορνεία,
1243 2206 1669 2277 είδωλολατρεία,
1699 2205 1795 2259 καὶ⁸

228 2302 300 2355 τὰ
334 2299 545 2362 τούτοις
574 2299 753 2369 ὃμοια.
790 2298 899 2350 Καὶ
944 2297 1243 2364 ἐξάπαντος
1278 2297 1597 2369 ἐλήλεγκταί
1632 2313 1723 2349 σου
1756 2298 1794 2367 ὴ

227 2389 527 2461 σκευωρία,
579 2383 625 2441 ὧ
664 2388 929 2459 Μαρκίων
958 2386 1363 2458 πεπλανημένε,
1408 2387 1508 2457 τῆς
1543 2374 1800 2456 ἀληθείας

226 2483 401 2553 πάντη
436 2479 830 2552 προλαϐούσης.
866 2480 961 2534 καὶ
991 2478 1052 2533 τὸ
1081 2478 1297 2550 στερεὸν
1324 2477 1416 2531 τοῦ
1448 2476 1801 2550 κηρύγματος

224 2575 327 2644 τῆς
350 2572 498 2643 ζωῆς
530 2570 979 2643 ἀσφαλιξομὲνης.

1890 1747 2082 1803 Nonne
2114 1744 2479 1804 'sanctissima
2517 1745 2683 1815 Virgo
2741 1745 2909 1802 Maria
2960 1763 3083 1802 cum
3140 1750 3258 1820 ipsa
3303 1765 3465 1805 carne

1888 1839 2115 1895 caaleste
2136 1836 2363 1909 regnum
2393 1846 2672 1908 capesset;
2707 1838 2796 1892 cui
2825 1855 3003 1910 neque
3028 1841 3218 1896 vitium
3251 1852 3335 1898 est
3365 1859 3469 1897 un-
3502 1831 3511 1839 ’

1893 1944 2058 1999 quam
2084 1928 2364 1996 oblatum;
2397 1943 2497 1983 nec
2544 1927 2768 1983 libidine
2797 1936 2877 1984 est
2916 1930 3045 1993 ulla,
3074 1938 3166 1984 aut
3200 1934 3470 1989 adulterio

1895 2021 2129 2087 (redata;
2184 2037 2360 2092 neque
2425 2022 2720 2093 quidquam
2772 2037 2838 2077 ex
2868 2021 3232 2102 nefariis'illis
3289 2028 3473 2081 carnis

1898 2111 2156 2181 operibus
2203 2113 2441 2178 admisit,
2497 2114 2591 2169 sed
2627 2115 2833 2183 integra
2873 2110 3239 2186 inviolataque
3275 2112 3485 2188 persti-'

1901 2203 2008 2257 tit?
2047 2201 2167 2258 Non
2216 2203 2382 2275 igitur
2425 2212 2702 2275 utcunque
2738 2206 2806 2260 de
2846 2221 3013 2261 carne
3052 2208 3308 2277 loquitur,
3345 2225 3469 2263 cum

1902 2306 2023 2347 eam
2051 2300 2212 2362 negat
2241 2295 2465 2350 caeleste
2492 2310 2714 2366 regnum
2741 2297 3054 2366 possidere;
3082 2299 3177 2354 sed
3216 2298 3283 2354 de
3320 2303 3469 2356 carni

1903 2382 2178 2441 immersis
2220 2375 2553 2451 hominibus,
2583 2388 2679 2457 qui
2724 2388 3054 2445 adminiculo
3086 2391 3269 2446 carnis
3303 2393 3473 2448 scele-

1905 2481 1989 2529 sta
2021 2476 2264 2545 quaedam
2290 2485 2641 2549 perpetrant:
2670 2478 2975 2548 cuiusmodi
3002 2491 3131 2538 sunt
3161 2482 3472 2551 fornicatio,

1906 2565 2236 2634 idololatria,
2260 2578 2365 2624 etc.
2396 2570 2550 2626 Unde
2578 2576 2693 2636 tua,
2728 2569 2952 2635 Marcio,
2982 2572 3132 2628 fraus
3160 2584 3324 2646 atque
3356 2579 3474 2630 cal—

226 2666 415 2721 liditas
452 2667 673 2720 omnino
700 2665 987 2735 detegitur,
1018 2678 1144 2719 eum
1166 2678 1355 2721 omnes
1382 2666 1587 2720 erroris
1614 2663 1796 2719 aditus
1830 2661 2151 2733 jamdudum
2172 2665 2369 2720 veritas
2396 2666 2699 2736 occuparit,
2760 2667 3272 2743 praedicationisque
3326 2672 3474 2739 ejus,

228 2772 353 2827 qua:
398 2755 564 2809 vitam
621 2753 793 2820 affert,
841 2753 1149 2810 ﬁrmitatem
1189 2754 1648 2824 stabilitatemque
1680 2754 1958 2809 munierit.

301 2847 458 2919 Σχόλ.
489 2846 555 2912 ζ’.
595 2848 660 2899 Oi
712 2845 780 2898 δὲ
806 2844 915 2900 τοῦ
943 2846 1199 2914 Χριστοῦ
1244 2847 1358 2915 τὴν
1379 2845 1575 2914 σάρκα
1592 2844 1801 2899 ἐσταύ-

1973 2841 2158 2900 Schol.
2192 2844 2243 2900 7.
2276 2845 2382 2913 Qui
2421 2854 2597 2901 autem
2634 2847 2841 2905 Christi
2871 2859 2991 2914 sunt
3023 2867 3233 2907 carnem
3260 2857 3475 2928 cruciﬁ-

225 2954 438 3009 ρωσαν
471 2936 593 2991 σὺν
612 2934 736 3001 τοῖς
761 2934 1069 3004 παθήμασι
1102 2935 1201 2989 καὶ
1227 2934 1354 3001 ταῖς
1378 2936 1732 3005 ἐπιθυμίαις.

308 3030 528 3098 Ἔλεγχ.
571 3026 636 3092 ζ’.
678 3028 742 3080 Εἰ
794 3026 1185 3094 ἐσταύρωσαν
1228 3026 1328 3095 τὴν
1364 3026 1562 3096 σάρκα
1606 3030 1660 3082 οι
1699 3027 1806 3082 τοῦ

234 3121 515 3190 Χριστοῦ,
539 3113 585 3173 ὦ
618 3119 903 3192 Μαρκίων,
931 3120 1089 3190 δῆλον
1140 3115 1231 3191 ἦν,
1258 3120 1340 3173 ὅτι
1372 3119 1422 3173 οἱ
1443 3119 1537 3173 τοῦ
1569 3118 1808 3191 Χριστοῦ

230 3211 413 3267 δοῦλοι
445 3213 540 3265 σὺν
573 3213 693 3274 ταῖς
720 3210 1037 3280 ἐπιθυμίαις
1066 3209 1160 3263 καὶ
1193 3208 1609 3280 τοῖςπαθήμασι
1635 3208 1809 3262 καθα-

240 3304 340 3374 ράν
376 3302 476 3374 τὴν
510 3302 687 3372 σάρκα
721 3299 1007 3364 ἀπέδειξαν
1026 3316 1041 3331 ·
1074 3300 1167 3354 καὶ
1190 3300 1530 3371 ἐμιμήσαντο
1549 3298 1642 3352 τὸν
1672 3300 1810 3369 Χρι-

239 3396 386 3457 στὸν,
413 3393 683 3457 δείξαντες
735 3392 894 3448 αὐτὸν
936 3393 1113 3464 σάρκα
1148 3392 1571 3463 ἐσταυρωκέναι.
1603 3393 1694 3446 Διὸ
1718 3392 1813 3446 καὶ

231 3485 416 3548 αὐτοὶ,
438 3483 508 3537 τὰ
537 3484 627 3536 ἴσα
658 3483 735 3554 τῷ
766 3483 1009 3557 Δεσπότῃ
1063 3482 1243 3538 αὐτῶν
1285 3485 1671 3555 φρονήσαντες,
1713 3482 1813 3555 τὴν

237 3573 425 3644 σάρκα
477 3571 844 3642 ἐσταύρωσαν.
877 3571 986 3624 Καὶ
1019 3572 1066 3624 εἰ
1093 3572 1193 3642 τὴν
1231 3572 1409 3644 σάρκα
1441 3571 1810 3643 ἐσταύρωσαν,

236 3663 558 3717 ἀνένδεκτον
588 3662 686 3733 τὴν
740 3662 916 3733 σάρκα
966 3662 1105 3733 ὑπὲρ
1149 3662 1385 3733 Χριστοῦ
1431 3661 1707 3715 παθοῦσαν
1740 3661 1814 3733 μὴ

239 3758 343 3808 σὺν
392 3750 610 3823 Χριστῷ
648 3751 983 3822 βασιλεύεινο
1036 3751 1221 3816 καθὼς
1264 3754 1358 3806 καὶ
1400 3754 1458 3805 ἐν
1497 3751 1816 3829 ἀλλῳρητῷ

233 3846 514 3899 δείκνυσιν
548 3848 577 3899 ὁ
623 3845 775 3912 ἅγιος
831 3844 1147 3907 Ἀπὸστολος
1189 3843 1383 3912 λέγων,
1433 3844 1515 3897 ὅτι
1542 3842 1818 3913 Καθάπερ

227 3937 521 3989 «ornaret
570 3936 711 3990 ἐστε
743 3933 861 3989 τῶν
887 3934 1246 4004 παθημάτων
1263 3932 1370 3988 τοῦ
1407 3934 1683 4003 Χριστοῦ,
1717 3934 1819 3989 οὕ-

242 4041 359 4089 τως
379 4024 475 4079 καί
503 4022 614 4091 τῆς
641 4022 845 4091 δόξης.

318 4114 583 4194 Σχόληηπ
617 4114 765 4169 Οὔτε
789 4114 899 4184 γὰρ
925 4117 979 4168 οἱ
1010 4101 1487 4186 περιτεμνόμενοι
1518 4103 1685 4169 αὐτοὶ
1719 4116 1819 4170 νό-

239 4224 363 4278 μον
392 4205 844 4277 φυλάσσουσιν.

322 4297 542 4368 Ἐλεγχ.
565 4303 634 4369 η’.
658 4296 769 4351 ούκ
786 4296 1129 4369 ἀπηγόρευτο
1146 4294 1323 4350 τοίνυν
1346 4297 1379 4367 ἡ
1399 4294 1638 4368 προτέρα
1664 4314 1820 4367 περι-

244 4390 392 4462 τομὴ
422 4392 480 4443 ἐν
505 4389 584 4460 τῷ
610 4388 725 4459 ἰδίῳ
750 4388 948 4459 καιρῷ,
987 4390 1036 4441 εί
1066 4388 1229 4459 νόμον
1266 4386 1517 4456 ἐφύλαξε.
1551 4388 1733 4459 Νόμος
1760 4388 1818 4443 δὲ

249 4481 486 4553 Χριστὸν
536 4479 902 4551 κατήγγελλεν
950 4478 1241 4550 ἐρχόμενον
1295 4478 1459 4550 νόμον
1508 4479 1818 4551 ἐλευθερίας

249 4571 651 4644 παρασχέσθαι,
694 4570 790 4624 καὶ
834 4568 1081 4641 ούκέτιή
1129 4571 1397 4641 περιτομὴ
1440 4572 1497 4623 ἐν
1539 4570 1701 4641 σαρκὶ
1738 4570 1817 4641 τῷ

249 4664 431 4736 χρόνῳ
451 4662 544 4715 τοῦ
568 4658 805 4733 Χριστοῦ
836 4660 1309 4742 ἐξυπηρετήσειεν.
1340 4656 1511 4713 ’Ἦλθε
1536 4660 1646 4732 γάρ
1671 4663 1704 4731 ὴ
1735 4660 1823 4714 διά

250 4753 492 4827 Χριστοῦ
524 4752 775 4824 ἀληθινὴ,
801 4742 1080 4824 ἦς’τύπος
1126 4746 1428 4823 ἐκείνηῆν.
1459 4753 1521 4804 Οί
1560 4751 1616 4804 δὲ
1652 4751 1733 4805 ἔτι
1765 4753 1823 4804 ἐν

250 4848 436 4919 ἐκείνῃ
467 4844 908 4916 σφραγιζόμενοι,
943 4844 1044 4897 κάν
1078 4860 1137 4896 τε
1166 4844 1340 4897 πάντα
1363 4844 1454 4897 τὸν
1473 4843 1635 4914 νόμον
1657 4841 1823 4911 φυλά-

254 4942 441 5006 ξωσιν,
472 4937 658 4991 ούκέτι
699 4936 882 4998 αὐτοῖς
933 4933 1312 5006 λογισθήσεται
1361 4934 1524 5004 νόμου
1575 4932 1820 5003 φύλαξις.

150 5032 153 5033 ⁷
266 5026 492 5096 Ἐπειδὴ
517 5025 629 5095 γὰρ
660 5026 691 5077 ὁ
723 5023 886 5093 νόμος
914 5021 1065 5091 ἔλεγε
1112 5022 1242 5090 περὶ
1268 5021 1524 5093 Χριστοῦ,
1551 5021 1634 5074 ὅτι
1682 5024 1824 5088 Προ⁹

255 5115 460 5187 φήτην
490 5112 686 5183 ἐγερεῖ
720 5112 863 5181 ὑμῖν
895 5112 1110 5179 Κύριος
1152 5114 1185 5165 ὀ
1217 5110 1359 5176 Θεὸς
1388 5112 1455 5164 ἐκ
1483 5109 1601 5164 τῶν
1648 5108 1824 5165 ἀδελ-

258 5210 389 5282 φῶν
420 5227 540 5280 μου
568 5207 649 5271 ὡς
678 5206 781 5275 ἐμέ
799 5221 815 5236 ο
846 5204 1031 5259 αὑτοῦ
1064 5204 1358 5259 ἀκούσετε
1377 5219 1392 5235 ο
1425 5200 1604 5256 αὐτῶν
1636 5200 1695 5255 δὲ
1727 5198 1821 5253 τοῦ

257 5299 499 5376 Χριστοῦ
537 5298 612 5371 μὴ
659 5295 1044 5360 ἀκουσάντων,
1088 5298 1122 5367 ἡ
1175 5293 1441 5365 περιτομὴ
1494 5291 1827 5362 ἀκροϐυστία

258 5382 466 5464 γίνεται
519 5392 737 5453 αὐτοῖς,
790 5388 882 5441 καὶ
931 5389 965 5458 ἡ
1007 5387 1232 5458 φύλαξις
1289 5386 1380 5442 τοῦ
1434 5387 1599 5457 νόμου
1647 5385 1827 5441 οὐκέτι

1905 2944 2097 2988 xerunt
2127 2951 2245 2989 cum
2274 2937 2411 2991 uitiis
2438 2946 2487 2992 et
2516 2940 2947 3008 concupiscentiis
2979 2941 3025 2998 ³.

1976 3022 2158 3079 Rel‘ut.
2184 3025 2235 3080 7.
2261 3024 2317 3080 Si
2340 3028 2429 3098 qui
2461 3027 2659 3084 Christi
2681 3043 2823 3095 sunt,
2846 3049 3055 3088 carnem
3078 3037 3479 3107 cruciﬁaerunt,

1908 3114 2136 3182 Marcio,
2167 3119 2511 3187 perspicuum
2552 3129 2635 3175 est
2672 3121 2876 3177 Christi
2920 3139 3105 3181 servos
3140 3127 3481 3186 circumcisis

1910 3204 2302 3276 cupiditatibus
2356 3218 2410 3262 et
2455 3206 2833 3267 affectionibus
2876 3214 3317 3284 purgatis’simam
3358 3231 3481 3272 car-

1908 3310 2034 3350 nem
2080 3310 2234 3351 suam
2281 3297 2608 3365 reddidisse,
2637 3299 2982 3373 inritatusque
3023 3316 3145 3360 esse
3178 3304 3477 3372 Christum,

1911 3384 2039 3439 dum
2064 3386 2240 3457 ipsum
2281 3402 2498 3444 carnem
2538 3404 2690 3445 suam
2723 3392 2871 3445 cruci
2910 3391 3143 3449 aﬂixisse
3179 3396 3478 3452 declarant.

1912 3476 2069 3534 Unde
2098 3487 2163 3547 et,
2186 3479 2264 3534 illi
2296 3479 2485 3537 eodem
2510 3498 2618 3552 quo
2648 3481 2910 3539 Dominus
2947 3500 3082 3542 suus
3113 3488 3345 3544 consilio
3369 3503 3484 3544 car-

1912 3584 2036 3624 nem
2072 3570 2127 3624 in
2156 3586 2317 3627 cruce
2356 3570 2613 3644 deligunt.
2638 3574 2758 3630 Jam
2807 3592 2936 3632 vero
2982 3578 3029 3633 si
3068 3594 3286 3635 carnem
3324 3595 3482 3635 suam

1914 3661 2306 3725 crncilixerint,
2339 3662 2451 3718 ﬁeri
2483 3680 2590 3718 non
2639 3675 2815 3735 potest
2853 3669 2983 3738 quin
3022 3685 3150 3724 caro
3191 3686 3289 3740 pro
3326 3670 3485 3726 Chri-

1916 3761 2002 3808 sto
2033 3766 2288 3822 perpessa
2323 3768 2445 3807 cum
2487 3753 2704 3809 Christo
2736 3756 2939 3825 pariter
2980 3768 3209 3828 regnet:
3246 3761 3297 3814 id
3338 3763 3482 3831 quod

1917 3843 2024 3897 alio
2050 3844 2102 3896 in
2130 3842 2251 3897 loco
2280 3842 2367 3917 his
2394 3844 2574 3899 verbis
2600 3844 2936 3900 demonstrat
2957 3846 3252 3915 Apostolus
3283 3868 3296 3903 :
3335 3849 3484 3905 Sicut

1918 3935 2046 3990 socii
2069 3937 2374 4004 passionum
2401 3936 2602 3991 Christi
2635 3939 2781 3998 estis.
2812 3939 2889 3991 ita
2921 3947 2970 3993 et
2995 3939 3181 4010 gloria:
3202 3941 3242 3994 ’⁵.

1991 4114 2177 4170 Schol.
2229 4114 2283 4171 8.
2330 4113 2510 4188 Neque
2556 4119 2694 4173 enim
2747 4105 2837 4189 qui
2881 4118 3328 4174 circumciduntur
3382 4124 3484 4193 ipsi

1848 4176 1894 4232 Β
1904 4192 1907 4197 ’
1923 4207 2081 4277 legem
2116 4176 2487 4264 custodiunt".

1992 4298 2151 4370 353
2163 4298 2344 4355 Refut.
2358 4299 2410 4354 8.
2431 4299 2547 4355 Non
2569 4300 2843 4371 igitursuo
2861 4307 3101 4372 tempore
3117 4302 3385 4373 prohibita
3403 4321 3484 4358 vc-

1918 4398 2007 4445 tus
2028 4391 2114 4444 illa
2136 4391 2481 4446 circumcisio
2506 4390 2627 4457 fuit,
2651 4392 2695 4447 si
2723 4391 2939 4462 quidem
2973 4393 3141 4464 legem
3166 4394 3483 4452 custodiret.

1920 4479 2090 4535 Porro
2135 4479 2219 4534 lex
2262 4478 2537 4534 Christum
2580 4481 2867 4537 nuntiabat
2911 4481 3117 4538 idcirco
3155 4485 3483 4543 venientem.

1917 4573 1980 4620 ut
2018 4565 2190 4634 legem
2226 4566 2489 4621 libertatis
2529 4568 2765 4635 θίγοι-γει,
2806 4580 2858 4626 et
2905 4572 3252 4627 circumcisio
3303 4573 3489 4628 carnis

1913 4669 2023 4712 non
2057 4657 2291 4727 amplius
2326 4650 2566 4728 tempore
2619 4658 2824 4717 Christi
2860 4663 3042 4718 locum
3097 4663 3343 4719 haberet.
3383 4665 3488 4719 Vc-

1911 4745 1993 4801 nit
2023 4746 2167 4802 enim
2206 4762 2299 4816 per
2321 4746 2601 4804 Christum
2636 4767 2782 4817 vera,
2815 4753 2974 4823 cujus
3013 4753 3102 4809 illa
3135 4754 3362 4826 ﬁguram
3394 4773 3490 4811 ex-
3522 4738 3525 4741 ’

1908 4838 2125 4907 pressit.
2172 4838 2494 4909 Quicunque
2531 4856 2659 4897 vero
2703 4843 2884 4898 adhuc
2930 4847 2983 4900 in
3037 4845 3126 4900 illa
3170 4847 3483 4916 signantur.

1917 4930 2130 4987 tametsi
2187 4930 2359 5001 legem
2411 4947 2626 4989 omnem
2678 4935 2991 5002 observent,
3023 4952 3131 4991 non
3188 4947 3368 4993 tamen
3413 4939 3482 5001 iis

1912 5020 2221 5077 observatio
2252 5022 2349 5077 ista
2393 5024 2526 5093 legis
2562 5017 2933 5095 imputabitur.
2965 5027 3099 5081 Cum
3129 5027 3273 5082 enim
3300 5027 3385 5083 lett
3413 5029 3480 5085 de

1905 5111 2121 5168 Christo
2153 5115 2458 5182 praedixerit
2492 5133 2507 5170 :
2540 5117 2855 5188 Prophetam
2886 5120 3165 5174 suscitabit
3202 5121 3343 5176 vobis
3376 5121 3479 5177 Do-

1904 5203 2077 5257 minus
2101 5202 2238 5265 Deus
2263 5220 2292 5257 e
2324 5205 2578 5274 fratribus
2617 5210 2744 5263 meis
2771 5210 2905 5263 sicut
2931 5225 3053 5277 me;
3096 5211 3265 5279 ipsum
3299 5213 3478 5268 audie-

1906 5295 1969 5348 tis
1998 5293 2019 5324 ⁸
2051 5311 2066 5348 ι
2097 5292 2189 5363 qui
2223 5309 2290 5349 ex
2328 5295 2747 5355 illis'Christum
2792 5317 2902 5358 non
2951 5303 3241 5377 audierint.
3278 5305 3471 5360 horum

1904 5384 2250 5441 circumcisio
2277 5388 2526 5454 praeputii
2546 5389 2717 5445 instar
2737 5394 3053 5462 aestimatur,
3080 5396 3304 5467 ipsaque
3339 5396 3474 5466 legis

335 5547 393 5603 ⁸1
421 5550 550 5607 Cor.
589 5561 680 5612 xv,
710 5545 797 5599 50.
874 5546 894 5576 ’
929 5541 1083 5597 Rom.
1114 5560 1228 5609 vm,
1264 5544 1350 5597 35.
1428 5543 1448 5573 ³
1486 5541 1661 5595 Galat.
1694 5557 1726 5596 ν
1784 5539 1874 5594 2t.
1952 5536 2037 5612 Hl
2070 5532 2194 5588 Cor.
2226 5546 2267 5596 ι,
2299 5533 2351 5587 7.
2437 5530 2638 5589 'Galat
2688 5547 2765 5603 νι,
2789 5532 2877 5588 15,
2953 5534 2974 5567 ⁸
3002 5532 3160 5591 Deut.
3201 5550 3356 5598 xvni,
3400 5534 3486 5590 l5.

589 5640 860 5698 ΡΛτιιοι..
893 5636 1006 5696 Gn.
1042 5635 1205 5696 XLI.
1248 5672 1253 5675 -

3101 5628 3181 5688 95

3338 165 3439 218 ’ΠΒ
