  <div class='ocr_page' id='page_1' title='image "/cluster/home/n/w/nwhite01/storage/ocr_20150623/41/hvd.32044073501868/411.png"; bbox 0 0 3932 6064; ppageno 0'>
   <div class='ocr_carea' id='block_1_1' title="bbox 490 201 596 256">
    <p class='ocr_par' dir='ltr' id='par_1_1' title="bbox 490 201 596 256">
     <span class='ocr_line' id='line_1_1' title="bbox 490 201 596 256; baseline 0.028 -3"><span class='ocrx_word' id='word_1_1' title='bbox 490 201 596 256; x_wconf 83' lang='lat'><strong>779</strong></span> 
     </span>
    </p>
   </div>
   <div class='ocr_carea' id='block_1_2' title="bbox 1873 216 2321 275">
    <p class='ocr_par' dir='ltr' id='par_1_2' title="bbox 1873 216 2321 275">
     <span class='ocr_line' id='line_1_2' title="bbox 1873 216 2321 275; baseline 0.004 -3"><span class='ocrx_word' id='word_1_2' title='bbox 1873 216 1930 273; x_wconf 85' lang='lat' dir='ltr'><strong>S.</strong></span> <span class='ocrx_word' id='word_1_3' title='bbox 1970 216 2321 275; x_wconf 79' lang='lat' dir='ltr'><strong>EPIPIIAMI-</strong></span> 
     </span>
    </p>
   </div>
   <div class='ocr_carea' id='block_1_3' title="bbox 3528 222 3757 280">
    <p class='ocr_par' dir='ltr' id='par_1_3' title="bbox 3528 222 3757 280">
     <span class='ocr_line' id='line_1_3' title="bbox 3528 222 3757 280; baseline -0.004 1"><span class='ocrx_word' id='word_1_4' title='bbox 3528 258 3533 263; x_wconf 90' lang='lat'><strong>-</strong></span> <span class='ocrx_word' id='word_1_5' title='bbox 3647 222 3757 280; x_wconf 72' lang='lat'><strong>780</strong></span> 
     </span>
    </p>
   </div>
   <div class='ocr_carea' id='block_1_4' title="bbox 486 317 2066 407">
    <p class='ocr_par' dir='ltr' id='par_1_4' title="bbox 486 317 2055 399">
     <span class='ocr_line' id='line_1_4' title="bbox 486 317 2055 399; baseline 0.01 -27"><span class='ocrx_word' id='word_1_6' title='bbox 486 317 795 376; x_wconf 82' lang='lat' dir='ltr'><strong>observatio</strong></span> <span class='ocrx_word' id='word_1_7' title='bbox 824 323 1127 380; x_wconf 77' lang='lat' dir='ltr'><strong>observatio</strong></span> <span class='ocrx_word' id='word_1_8' title='bbox 1154 339 1276 381; x_wconf 87' lang='lat' dir='ltr'><strong>esse</strong></span> <span class='ocrx_word' id='word_1_9' title='bbox 1317 325 1535 381; x_wconf 78' lang='lat' dir='ltr'><strong>desinit.</strong></span> <span class='ocrx_word' id='word_1_10' title='bbox 1569 326 1664 383; x_wconf 78' lang='lat' dir='ltr'><strong>Est</strong></span> <span class='ocrx_word' id='word_1_11' title='bbox 1710 328 1874 399; x_wconf 87' lang='lat' dir='ltr'><strong>igitur</strong></span> <span class='ocrx_word' id='word_1_12' title='bbox 1913 331 2055 389; x_wconf 90' lang='lat' dir='ltr'><strong>bona</strong></span> 
     </span>
    </p>
   </div>
   <div class='ocr_carea' id='block_1_5' title="bbox 2177 317 3751 407">
    <p class='ocr_par' dir='ltr' id='par_1_5' title="bbox 2177 333 3751 407">
     <span class='ocr_line' id='line_1_5' title="bbox 2177 333 3751 407; baseline 0.001 -18"><span class='ocrx_word' id='word_1_13' title='bbox 2177 336 2406 405; x_wconf 71' lang='grc' dir='ltr'>ριξλαξις.</span> <span class='ocrx_word' id='word_1_14' title='bbox 2446 333 2629 400; x_wconf 79' lang='grc' dir='ltr'>Καλὸς</span> <span class='ocrx_word' id='word_1_15' title='bbox 2670 333 2847 390; x_wconf 90' lang='grc' dir='ltr'>τοίνυν</span> <span class='ocrx_word' id='word_1_16' title='bbox 2879 334 2908 388; x_wconf 83' lang='grc' dir='ltr'><strong>ὁ</strong></span> <span class='ocrx_word' id='word_1_17' title='bbox 2952 333 3134 405; x_wconf 83' lang='grc' dir='ltr'>νόμος,</span> <span class='ocrx_word' id='word_1_18' title='bbox 3175 333 3272 388; x_wconf 74' lang='grc' dir='ltr'>καὶ</span> <span class='ocrx_word' id='word_1_19' title='bbox 3321 333 3466 406; x_wconf 79' lang='grc' dir='ltr'>καλὴ</span> <span class='ocrx_word' id='word_1_20' title='bbox 3509 335 3546 407; x_wconf 71' lang='grc' dir='ltr'>ἡ</span> <span class='ocrx_word' id='word_1_21' title='bbox 3592 351 3751 405; x_wconf 80' lang='grc' dir='ltr'>περι-</span> 
     </span>
    </p>
   </div>
   <div class='ocr_carea' id='block_1_6' title="bbox 487 410 2058 490">
    <p class='ocr_par' dir='ltr' id='par_1_6' title="bbox 487 410 2058 490">
     <span class='ocr_line' id='line_1_6' title="bbox 487 410 2058 490; baseline 0.01 -28"><span class='ocrx_word' id='word_1_22' title='bbox 487 410 707 479; x_wconf 88' lang='lat' dir='ltr'><strong>quidem</strong></span> <span class='ocrx_word' id='word_1_23' title='bbox 755 414 859 477; x_wconf 76' lang='lat' dir='ltr'><strong>lex,</strong></span> <span class='ocrx_word' id='word_1_24' title='bbox 907 417 1157 483; x_wconf 84' lang='lat' dir='ltr'><strong>bonaque</strong></span> <span class='ocrx_word' id='word_1_25' title='bbox 1198 417 1581 474; x_wconf 81' lang='lat' dir='ltr'><strong>circumcisio:</strong></span> <span class='ocrx_word' id='word_1_26' title='bbox 1611 435 1706 488; x_wconf 89' lang='lat' dir='ltr'><strong>per</strong></span> <span class='ocrx_word' id='word_1_27' title='bbox 1735 435 1872 490; x_wconf 85' lang='lat' dir='ltr'><strong>quas</strong></span> <span class='ocrx_word' id='word_1_28' title='bbox 1894 421 2058 477; x_wconf 82' lang='lat' dir='ltr'><strong>Chri-</strong></span> 
     </span>
    </p>
   </div>
   <div class='ocr_carea' id='block_1_7' title="bbox 488 502 2054 580">
    <p class='ocr_par' dir='ltr' id='par_1_7' title="bbox 488 502 2054 580">
     <span class='ocr_line' id='line_1_7' title="bbox 488 502 2054 580; baseline 0.01 -24"><span class='ocrx_word' id='word_1_29' title='bbox 488 510 635 557; x_wconf 86' lang='lat' dir='ltr'><strong>stum</strong></span> <span class='ocrx_word' id='word_1_30' title='bbox 665 502 979 575; x_wconf 83' lang='lat' dir='ltr'><strong>Christique</strong></span> <span class='ocrx_word' id='word_1_31' title='bbox 1034 507 1411 576; x_wconf 87' lang='lat' dir='ltr'><strong>perfectiorem</strong></span> <span class='ocrx_word' id='word_1_32' title='bbox 1436 509 1608 580; x_wconf 84' lang='lat' dir='ltr'><strong>legem</strong></span> <span class='ocrx_word' id='word_1_33' title='bbox 1656 526 1721 568; x_wconf 89' lang='lat' dir='ltr'><strong>ac</strong></span> <span class='ocrx_word' id='word_1_34' title='bbox 1766 512 2054 571; x_wconf 89' lang='lat' dir='ltr'><strong>circumcl-</strong></span> 
     </span>
    </p>
   </div>
   <div class='ocr_carea' id='block_1_8' title="bbox 476 590 1080 664">
    <p class='ocr_par' dir='ltr' id='par_1_8' title="bbox 476 590 1080 664">
     <span class='ocr_line' id='line_1_8' title="bbox 476 590 1080 664; baseline 0.01 -19"><span class='ocrx_word' id='word_1_35' title='bbox 476 590 683 647; x_wconf 86' lang='lat' dir='ltr'><strong>sionem</strong></span> <span class='ocrx_word' id='word_1_36' title='bbox 711 594 1080 664; x_wconf 81' lang='lat' dir='ltr'><strong>cognovimus.</strong></span> 
     </span>
    </p>
   </div>
   <div class='ocr_carea' id='block_1_9' title="bbox 479 680 2055 782">
    <p class='ocr_par' dir='ltr' id='par_1_9' title="bbox 479 680 2055 782">
     <span class='ocr_line' id='line_1_9' title="bbox 479 680 2055 782; baseline -0.005 -14"><span class='ocrx_word' id='word_1_37' title='bbox 479 714 559 768; x_wconf 71' lang='lat' dir='ltr'><strong>Ex</strong></span> <span class='ocrx_word' id='word_1_38' title='bbox 592 710 829 782; x_wconf 82' lang='lat' dir='ltr'><strong>Epistola</strong></span> <span class='ocrx_word' id='word_1_39' title='bbox 867 711 936 767; x_wconf 84' lang='lat' dir='ltr'><strong>ad</strong></span> <span class='ocrx_word' id='word_1_40' title='bbox 970 710 1293 774; x_wconf 77' lang='lat' dir='ltr'><strong>Corinthios,</strong></span> <span class='ocrx_word' id='word_1_41' title='bbox 1330 680 1602 780; x_wconf 31' lang='lat' dir='ltr'><strong>quam’isti</strong></span> <span class='ocrx_word' id='word_1_42' title='bbox 1625 704 1838 776; x_wconf 78' lang='lat' dir='ltr'><strong>perinde</strong></span> <span class='ocrx_word' id='word_1_43' title='bbox 1871 721 1933 759; x_wconf 86' lang='lat' dir='ltr'><strong>ac</strong></span> <span class='ocrx_word' id='word_1_44' title='bbox 1961 721 2055 760; x_wconf 82' lang='lat' dir='ltr'><strong>nos</strong></span> 
     </span>
    </p>
   </div>
   <div class='ocr_carea' id='block_1_10' title="bbox 904 781 1619 838">
    <p class='ocr_par' dir='ltr' id='par_1_10' title="bbox 904 781 1619 838">
     <span class='ocr_line' id='line_1_10' title="bbox 904 781 1619 838; baseline -0.006 -2"><span class='ocrx_word' id='word_1_45' title='bbox 904 781 1132 838; x_wconf 76' lang='lat' dir='ltr'><strong>secundo</strong></span> <span class='ocrx_word' id='word_1_46' title='bbox 1170 782 1284 835; x_wconf 85' lang='lat' dir='ltr'><strong>loco</strong></span> <span class='ocrx_word' id='word_1_47' title='bbox 1314 786 1619 835; x_wconf 77' lang='lat' dir='ltr'><strong>numerant.</strong></span> 
     </span>
    </p>
   </div>
   <div class='ocr_carea' id='block_1_11' title="bbox 543 886 2057 963">
    <p class='ocr_par' dir='ltr' id='par_1_11' title="bbox 543 886 2057 963">
     <span class='ocr_line' id='line_1_11' title="bbox 543 886 2057 963; baseline -0.007 -11"><span class='ocrx_word' id='word_1_48' title='bbox 543 894 735 952; x_wconf 79' lang='lat' dir='ltr'><strong>Schoi.</strong></span> <span class='ocrx_word' id='word_1_49' title='bbox 779 897 805 951; x_wconf 79' lang='grc'><strong>1</strong></span> <span class='ocrx_word' id='word_1_50' title='bbox 859 903 914 951; x_wconf 86' lang='lat' dir='ltr'><strong>et</strong></span> <span class='ocrx_word' id='word_1_51' title='bbox 942 895 996 950; x_wconf 93' lang='lat'><strong>9.</strong></span> <span class='ocrx_word' id='word_1_52' title='bbox 1041 893 1309 963; x_wconf 86' lang='lat' dir='ltr'><strong>Scriptum</strong></span> <span class='ocrx_word' id='word_1_53' title='bbox 1348 892 1605 957; x_wconf 47' lang='lat' dir='ltr'><strong>estenim</strong></span> <span class='ocrx_word' id='word_1_54' title='bbox 1636 906 1654 944; x_wconf 90' lang='lat'><strong><em>:</em></strong></span> <span class='ocrx_word' id='word_1_55' title='bbox 1693 886 1924 943; x_wconf 83' lang='lat' dir='ltr'><strong>Perdant</strong></span> <span class='ocrx_word' id='word_1_56' title='bbox 1963 904 2057 943; x_wconf 68' lang='lat' dir='ltr'><strong>sa~</strong></span> 
     </span>
    </p>
   </div>
   <div class='ocr_carea' id='block_1_12' title="bbox 473 978 2108 1056">
    <p class='ocr_par' dir='ltr' id='par_1_12' title="bbox 473 978 2108 1056">
     <span class='ocr_line' id='line_1_12' title="bbox 473 978 2108 1056; baseline -0.005 -17"><span class='ocrx_word' id='word_1_57' title='bbox 473 986 725 1050; x_wconf 82' lang='lat' dir='ltr'><strong>pientiam</strong></span> <span class='ocrx_word' id='word_1_58' title='bbox 753 986 1071 1056; x_wconf 70' lang='lat' dir='ltr'><strong>sapientum,</strong></span> <span class='ocrx_word' id='word_1_59' title='bbox 1116 994 1166 1039; x_wconf 88' lang='lat' dir='ltr'><strong>et</strong></span> <span class='ocrx_word' id='word_1_60' title='bbox 1210 982 1551 1054; x_wconf 71' lang='lat' dir='ltr'><strong>prudentia»:</strong></span> <span class='ocrx_word' id='word_1_61' title='bbox 1594 978 1935 1050; x_wconf 78' lang='lat' dir='ltr'><strong>prudentium</strong></span> <span class='ocrx_word' id='word_1_62' title='bbox 1985 992 2062 1032; x_wconf 85' lang='lat' dir='ltr'><strong>re-</strong></span> <span class='ocrx_word' id='word_1_63' title='bbox 2100 998 2108 1003; x_wconf 59' lang='grc' dir='ltr'>ε</span> 
     </span>
    </p>
   </div>
   <div class='ocr_carea' id='block_1_13' title="bbox 474 1077 784 1133">
    <p class='ocr_par' dir='ltr' id='par_1_13' title="bbox 474 1077 784 1133">
     <span class='ocr_line' id='line_1_13' title="bbox 474 1077 784 1133; baseline 0.003 -3"><span class='ocrx_word' id='word_1_64' title='bbox 474 1077 702 1133; x_wconf 86' lang='lat' dir='ltr'><strong>orobabo</strong></span> <span class='ocrx_word' id='word_1_65' title='bbox 743 1077 784 1131; x_wconf 79' lang='grc'>⁸.</span> 
     </span>
    </p>
   </div>
   <div class='ocr_carea' id='block_1_14' title="bbox 546 1166 2063 1239">
    <p class='ocr_par' dir='ltr' id='par_1_14' title="bbox 546 1166 2063 1239">
     <span class='ocr_line' id='line_1_14' title="bbox 546 1166 2063 1239; baseline -0.002 -16"><span class='ocrx_word' id='word_1_66' title='bbox 546 1168 728 1224; x_wconf 83' lang='lat' dir='ltr'><strong>Refut.</strong></span> <span class='ocrx_word' id='word_1_67' title='bbox 761 1169 787 1224; x_wconf 75' lang='grc' dir='ltr'><strong>ι</strong></span> <span class='ocrx_word' id='word_1_68' title='bbox 820 1177 874 1225; x_wconf 87' lang='lat' dir='ltr'><strong>et</strong></span> <span class='ocrx_word' id='word_1_69' title='bbox 903 1167 956 1224; x_wconf 89' lang='lat'><strong>9.</strong></span> <span class='ocrx_word' id='word_1_70' title='bbox 989 1167 1440 1239; x_wconf 80' lang='lat' dir='ltr'><strong>Quandoquidem</strong></span> <span class='ocrx_word' id='word_1_71' title='bbox 1481 1181 1547 1223; x_wconf 82' lang='lat' dir='ltr'><strong>ex</strong></span> <span class='ocrx_word' id='word_1_72' title='bbox 1596 1166 1664 1222; x_wconf 87' lang='lat' dir='ltr'><strong>iis</strong></span> <span class='ocrx_word' id='word_1_73' title='bbox 1704 1180 1826 1236; x_wconf 63' lang='lat' dir='ltr'><strong>quae</strong></span> <span class='ocrx_word' id='word_1_74' title='bbox 1865 1181 1895 1221; x_wconf 93' lang='lat' dir='ltr'><strong>a</strong></span> <span class='ocrx_word' id='word_1_75' title='bbox 1934 1178 2063 1237; x_wconf 88' lang='lat' dir='ltr'><strong>pro-</strong></span> 
     </span>
    </p>
   </div>
   <div class='ocr_carea' id='block_1_15' title="bbox 486 1257 2060 1332">
    <p class='ocr_par' dir='ltr' id='par_1_15' title="bbox 486 1257 2060 1332">
     <span class='ocr_line' id='line_1_15' title="bbox 486 1257 2060 1332; baseline -0.003 -18"><span class='ocrx_word' id='word_1_76' title='bbox 486 1262 665 1331; x_wconf 87' lang='lat' dir='ltr'><strong>phetis</strong></span> <span class='ocrx_word' id='word_1_77' title='bbox 691 1260 893 1332; x_wconf 80' lang='lat' dir='ltr'><strong>scripta</strong></span> <span class='ocrx_word' id='word_1_78' title='bbox 925 1267 1054 1316; x_wconf 83' lang='lat' dir='ltr'><strong>sunt</strong></span> <span class='ocrx_word' id='word_1_79' title='bbox 1085 1258 1383 1331; x_wconf 81' lang='lat' dir='ltr'><strong>Apostolus</strong></span> <span class='ocrx_word' id='word_1_80' title='bbox 1414 1257 1483 1313; x_wconf 88' lang='lat' dir='ltr'><strong>ad</strong></span> <span class='ocrx_word' id='word_1_81' title='bbox 1516 1257 1765 1313; x_wconf 81' lang='lat' dir='ltr'><strong>veritatis</strong></span> <span class='ocrx_word' id='word_1_82' title='bbox 1802 1257 2060 1325; x_wconf 78' lang='lat' dir='ltr'><strong>sincera:-</strong></span> 
     </span>
    </p>
   </div>
   <div class='ocr_carea' id='block_1_16' title="bbox 476 1345 2058 1422">
    <p class='ocr_par' dir='ltr' id='par_1_16' title="bbox 476 1345 2058 1422">
     <span class='ocr_line' id='line_1_16' title="bbox 476 1345 2058 1422; baseline -0.004 -17"><span class='ocrx_word' id='word_1_83' title='bbox 476 1368 582 1422; x_wconf 89' lang='lat' dir='ltr'><strong>quc</strong></span> <span class='ocrx_word' id='word_1_84' title='bbox 598 1351 861 1407; x_wconf 79' lang='lat' dir='ltr'><strong>doctrina:</strong></span> <span class='ocrx_word' id='word_1_85' title='bbox 890 1350 1191 1405; x_wconf 79' lang='lat' dir='ltr'><strong>faciendam</strong></span> <span class='ocrx_word' id='word_1_86' title='bbox 1219 1348 1399 1412; x_wconf 82' lang='lat' dir='ltr'><strong>fidem,</strong></span> <span class='ocrx_word' id='word_1_87' title='bbox 1426 1350 1781 1404; x_wconf 80' lang='lat' dir='ltr'><strong>auctoritates</strong></span> <span class='ocrx_word' id='word_1_88' title='bbox 1805 1345 2058 1411; x_wconf 85' lang='lat' dir='ltr'><strong>arcessit,</strong></span> 
     </span>
    </p>
   </div>
   <div class='ocr_carea' id='block_1_17' title="bbox 479 1438 2060 1515">
    <p class='ocr_par' dir='ltr' id='par_1_17' title="bbox 479 1438 2060 1515">
     <span class='ocr_line' id='line_1_17' title="bbox 479 1438 2060 1515; baseline -0.001 -18"><span class='ocrx_word' id='word_1_89' title='bbox 479 1459 823 1515; x_wconf 81' lang='lat' dir='ltr'><strong>nequaquam</strong></span> <span class='ocrx_word' id='word_1_90' title='bbox 858 1459 887 1498; x_wconf 90' lang='lat' dir='ltr'><strong>a</strong></span> <span class='ocrx_word' id='word_1_91' title='bbox 920 1445 1172 1506; x_wconf 83' lang='lat' dir='ltr'><strong>veritate,</strong></span> <span class='ocrx_word' id='word_1_92' title='bbox 1212 1456 1314 1496; x_wconf 87' lang='lat' dir='ltr'><strong>nec</strong></span> <span class='ocrx_word' id='word_1_93' title='bbox 1352 1455 1384 1494; x_wconf 87' lang='lat' dir='ltr'><strong>a</strong></span> <span class='ocrx_word' id='word_1_94' title='bbox 1418 1441 1586 1506; x_wconf 88' lang='lat' dir='ltr'><strong>bono,</strong></span> <span class='ocrx_word' id='word_1_95' title='bbox 1626 1440 1877 1512; x_wconf 86' lang='lat' dir='ltr'><strong>bonaque</strong></span> <span class='ocrx_word' id='word_1_96' title='bbox 1913 1438 2060 1495; x_wconf 88' lang='lat' dir='ltr'><strong>illius</strong></span> 
     </span>
    </p>
   </div>
   <div class='ocr_carea' id='block_1_18' title="bbox 479 1534 1624 1609">
    <p class='ocr_par' dir='ltr' id='par_1_18' title="bbox 479 1534 1624 1609">
     <span class='ocr_line' id='line_1_18' title="bbox 479 1534 1624 1609; baseline -0.003 -16"><span class='ocrx_word' id='word_1_97' title='bbox 479 1537 771 1609; x_wconf 83' lang='lat' dir='ltr'><strong>disciplina</strong></span> <span class='ocrx_word' id='word_1_98' title='bbox 800 1537 1082 1608; x_wconf 69' lang='lat' dir='ltr'><strong>propheta:</strong></span> <span class='ocrx_word' id='word_1_99' title='bbox 1116 1534 1437 1606; x_wconf 88' lang='lat' dir='ltr'><strong>segregandi</strong></span> <span class='ocrx_word' id='word_1_100' title='bbox 1472 1541 1624 1589; x_wconf 88' lang='lat' dir='ltr'><strong>sunt.</strong></span> 
     </span>
    </p>
   </div>
   <div class='ocr_carea' id='block_1_19' title="bbox 549 1623 2061 1696">
    <p class='ocr_par' dir='ltr' id='par_1_19' title="bbox 549 1623 2061 1696">
     <span class='ocr_line' id='line_1_19' title="bbox 549 1623 2061 1696; baseline -0.005 -12"><span class='ocrx_word' id='word_1_101' title='bbox 549 1628 736 1684; x_wconf 79' lang='lat' dir='ltr'><strong>Schol.</strong></span> <span class='ocrx_word' id='word_1_102' title='bbox 774 1627 810 1681; x_wconf 71' lang='lat'><strong>2</strong></span> <span class='ocrx_word' id='word_1_103' title='bbox 841 1635 895 1683; x_wconf 81' lang='lat' dir='ltr'><strong>et</strong></span> <span class='ocrx_word' id='word_1_104' title='bbox 934 1626 1021 1681; x_wconf 79' lang='lat' dir='ltr'><strong>l0.</strong></span> <span class='ocrx_word' id='word_1_105' title='bbox 1050 1625 1140 1693; x_wconf 80' lang='lat' dir='ltr'><strong>Ut,</strong></span> <span class='ocrx_word' id='word_1_106' title='bbox 1166 1624 1606 1696; x_wconf 80' lang='lat' dir='ltr'><strong>quemadmodum</strong></span> <span class='ocrx_word' id='word_1_107' title='bbox 1643 1623 1898 1692; x_wconf 78' lang='lat' dir='ltr'><strong>scriptum</strong></span> <span class='ocrx_word' id='word_1_108' title='bbox 1937 1632 2013 1677; x_wconf 87' lang='lat' dir='ltr'><strong>est</strong></span> <span class='ocrx_word' id='word_1_109' title='bbox 2042 1637 2061 1676; x_wconf 90' lang='lat'><strong><em>:</em></strong></span> 
     </span>
    </p>
   </div>
   <div class='ocr_carea' id='block_1_20' title="bbox 479 1716 1565 1791">
    <p class='ocr_par' dir='ltr' id='par_1_20' title="bbox 479 1716 1565 1791">
     <span class='ocr_line' id='line_1_20' title="bbox 479 1716 1565 1791; baseline -0.005 -17"><span class='ocrx_word' id='word_1_110' title='bbox 479 1721 585 1788; x_wconf 84' lang='lat' dir='ltr'><strong>Qui</strong></span> <span class='ocrx_word' id='word_1_111' title='bbox 603 1720 886 1791; x_wconf 80' lang='lat' dir='ltr'><strong>gloriatur,</strong></span> <span class='ocrx_word' id='word_1_112' title='bbox 913 1719 967 1772; x_wconf 82' lang='lat' dir='ltr'><strong>in</strong></span> <span class='ocrx_word' id='word_1_113' title='bbox 990 1718 1211 1771; x_wconf 82' lang='lat' dir='ltr'><strong>Domino</strong></span> <span class='ocrx_word' id='word_1_114' title='bbox 1239 1716 1495 1787; x_wconf 71' lang='lat' dir='ltr'><strong>glorietur</strong></span> <span class='ocrx_word' id='word_1_115' title='bbox 1521 1716 1565 1769; x_wconf 82' lang='lat'><strong>&#39;..</strong></span> 
     </span>
    </p>
   </div>
   <div class='ocr_carea' id='block_1_21' title="bbox 550 1802 2062 1877">
    <p class='ocr_par' dir='ltr' id='par_1_21' title="bbox 550 1802 2062 1877">
     <span class='ocr_line' id='line_1_21' title="bbox 550 1802 2062 1877; baseline -0.005 -13"><span class='ocrx_word' id='word_1_116' title='bbox 550 1811 733 1867; x_wconf 77' lang='lat' dir='ltr'><strong>Refut.</strong></span> <span class='ocrx_word' id='word_1_117' title='bbox 763 1811 798 1864; x_wconf 67' lang='grc' dir='ltr'>Ξ</span> <span class='ocrx_word' id='word_1_118' title='bbox 821 1820 874 1866; x_wconf 89' lang='lat' dir='ltr'><strong>ct</strong></span> <span class='ocrx_word' id='word_1_119' title='bbox 906 1810 992 1865; x_wconf 67' lang='lat'><strong>10.</strong></span> <span class='ocrx_word' id='word_1_120' title='bbox 1029 1808 1166 1863; x_wconf 90' lang='lat' dir='ltr'><strong>Cum</strong></span> <span class='ocrx_word' id='word_1_121' title='bbox 1200 1808 1247 1863; x_wconf 90' lang='lat' dir='ltr'><strong>is</strong></span> <span class='ocrx_word' id='word_1_122' title='bbox 1290 1808 1384 1877; x_wconf 85' lang='lat' dir='ltr'><strong>qui</strong></span> <span class='ocrx_word' id='word_1_123' title='bbox 1427 1807 1693 1877; x_wconf 77' lang='lat' dir='ltr'><strong>gloriatur</strong></span> <span class='ocrx_word' id='word_1_124' title='bbox 1733 1802 1791 1862; x_wconf 83' lang='lat' dir='ltr'><strong>in</strong></span> <span class='ocrx_word' id='word_1_125' title='bbox 1831 1802 2062 1859; x_wconf 88' lang='lat' dir='ltr'><strong>Domino</strong></span> 
     </span>
    </p>
   </div>
   <div class='ocr_carea' id='block_1_22' title="bbox 480 1895 2062 1975">
    <p class='ocr_par' dir='ltr' id='par_1_22' title="bbox 480 1895 2062 1975">
     <span class='ocr_line' id='line_1_22' title="bbox 480 1895 2062 1975; baseline -0.008 -16"><span class='ocrx_word' id='word_1_126' title='bbox 480 1905 621 1975; x_wconf 90' lang='lat' dir='ltr'><strong>apud</strong></span> <span class='ocrx_word' id='word_1_127' title='bbox 654 1903 950 1975; x_wconf 80' lang='lat' dir='ltr'><strong>praphetas</strong></span> <span class='ocrx_word' id='word_1_128' title='bbox 991 1900 1153 1955; x_wconf 85' lang='lat' dir='ltr'><strong>laude</strong></span> <span class='ocrx_word' id='word_1_129' title='bbox 1204 1898 1403 1969; x_wconf 89' lang='lat' dir='ltr'><strong>dignus</strong></span> <span class='ocrx_word' id='word_1_130' title='bbox 1441 1897 1729 1964; x_wconf 82' lang='lat' dir='ltr'><strong>habeatur,</strong></span> <span class='ocrx_word' id='word_1_131' title='bbox 1772 1895 2062 1950; x_wconf 88' lang='lat' dir='ltr'><strong>Dominum</strong></span> 
     </span>
    </p>
   </div>
   <div class='ocr_carea' id='block_1_23' title="bbox 483 1987 2061 2066">
    <p class='ocr_par' dir='ltr' id='par_1_23' title="bbox 483 1987 2061 2066">
     <span class='ocr_line' id='line_1_23' title="bbox 483 1987 2061 2066; baseline -0.005 -16"><span class='ocrx_word' id='word_1_132' title='bbox 483 2011 646 2066; x_wconf 85' lang='lat' dir='ltr'><strong>porro</strong></span> <span class='ocrx_word' id='word_1_133' title='bbox 682 1994 967 2065; x_wconf 86' lang='lat' dir='ltr'><strong>Scriptura</strong></span> <span class='ocrx_word' id='word_1_134' title='bbox 1007 2004 1132 2049; x_wconf 82' lang='lat' dir='ltr'><strong>enm</strong></span> <span class='ocrx_word' id='word_1_135' title='bbox 1172 1991 1460 2063; x_wconf 75' lang='lat' dir='ltr'><strong>intelligat,</strong></span> <span class='ocrx_word' id='word_1_136' title='bbox 1491 1989 1584 2061; x_wconf 90' lang='lat' dir='ltr'><strong>qui</strong></span> <span class='ocrx_word' id='word_1_137' title='bbox 1618 1988 1755 2061; x_wconf 81' lang='lat' dir='ltr'><strong>legis</strong></span> <span class='ocrx_word' id='word_1_138' title='bbox 1793 1989 1865 2045; x_wconf 87' lang='lat' dir='ltr'><strong>sit</strong></span> <span class='ocrx_word' id='word_1_139' title='bbox 1894 1987 2061 2052; x_wconf 84' lang='lat' dir='ltr'><strong>Deus,</strong></span> 
     </span>
    </p>
   </div>
   <div class='ocr_carea' id='block_1_24' title="bbox 481 2080 2063 2159">
    <p class='ocr_par' dir='ltr' id='par_1_24' title="bbox 481 2080 2063 2159">
     <span class='ocr_line' id='line_1_24' title="bbox 481 2080 2063 2159; baseline -0.005 -18"><span class='ocrx_word' id='word_1_140' title='bbox 481 2103 645 2159; x_wconf 83' lang='lat' dir='ltr'><strong>quem</strong></span> <span class='ocrx_word' id='word_1_141' title='bbox 675 2094 757 2152; x_wconf 88' lang='lat' dir='ltr'><strong>tu,</strong></span> <span class='ocrx_word' id='word_1_142' title='bbox 788 2085 1018 2150; x_wconf 79' lang='lat' dir='ltr'><strong>Marcio,</strong></span> <span class='ocrx_word' id='word_1_143' title='bbox 1044 2083 1286 2155; x_wconf 84' lang='lat' dir='ltr'><strong>judicem</strong></span> <span class='ocrx_word' id='word_1_144' title='bbox 1318 2091 1371 2138; x_wconf 90' lang='lat' dir='ltr'><strong>et</strong></span> <span class='ocrx_word' id='word_1_145' title='bbox 1403 2090 1728 2146; x_wconf 88' lang='lat' dir='ltr'><strong>creatorem,</strong></span> <span class='ocrx_word' id='word_1_146' title='bbox 1760 2095 1825 2135; x_wconf 90' lang='lat' dir='ltr'><strong>ac</strong></span> <span class='ocrx_word' id='word_1_147' title='bbox 1852 2080 2063 2151; x_wconf 89' lang='lat' dir='ltr'><strong>justum</strong></span> 
     </span>
    </p>
   </div>
   <div class='ocr_carea' id='block_1_25' title="bbox 482 2170 2065 2247">
    <p class='ocr_par' dir='ltr' id='par_1_25' title="bbox 482 2170 2065 2247">
     <span class='ocr_line' id='line_1_25' title="bbox 482 2170 2065 2247; baseline -0.006 -12"><span class='ocrx_word' id='word_1_148' title='bbox 482 2181 767 2247; x_wconf 80' lang='lat' dir='ltr'><strong>nominas;</strong></span> <span class='ocrx_word' id='word_1_149' title='bbox 813 2193 923 2233; x_wconf 88' lang='lat' dir='ltr'><strong>non</strong></span> <span class='ocrx_word' id='word_1_150' title='bbox 962 2183 1142 2247; x_wconf 88' lang='lat' dir='ltr'><strong>potest</strong></span> <span class='ocrx_word' id='word_1_151' title='bbox 1183 2175 1273 2230; x_wconf 90' lang='lat' dir='ltr'><strong>hic</strong></span> <span class='ocrx_word' id='word_1_152' title='bbox 1308 2174 1449 2229; x_wconf 86' lang='lat' dir='ltr'><strong>alius</strong></span> <span class='ocrx_word' id='word_1_153' title='bbox 1495 2188 1618 2229; x_wconf 89' lang='lat' dir='ltr'><strong>esse</strong></span> <span class='ocrx_word' id='word_1_154' title='bbox 1655 2188 1821 2243; x_wconf 90' lang='lat' dir='ltr'><strong>quam</strong></span> <span class='ocrx_word' id='word_1_155' title='bbox 1859 2170 2065 2228; x_wconf 71' lang='lat' dir='ltr'><strong>Christi</strong></span> 
     </span>
    </p>
   </div>
   <div class='ocr_carea' id='block_1_26' title="bbox 481 2261 2065 2340">
    <p class='ocr_par' dir='ltr' id='par_1_26' title="bbox 481 2261 2065 2340">
     <span class='ocr_line' id='line_1_26' title="bbox 481 2261 2065 2340; baseline -0.006 -14"><span class='ocrx_word' id='word_1_156' title='bbox 481 2270 665 2333; x_wconf 84' lang='lat' dir='ltr'><strong>Pater.</strong></span> <span class='ocrx_word' id='word_1_157' title='bbox 698 2269 858 2340; x_wconf 84' lang='lat' dir='ltr'><strong>cujus</strong></span> <span class='ocrx_word' id='word_1_158' title='bbox 890 2266 1198 2339; x_wconf 88' lang='lat' dir='ltr'><strong>discipulus</strong></span> <span class='ocrx_word' id='word_1_159' title='bbox 1230 2274 1317 2321; x_wconf 91' lang='lat' dir='ltr'><strong>est</strong></span> <span class='ocrx_word' id='word_1_160' title='bbox 1348 2265 1580 2331; x_wconf 86' lang='lat' dir='ltr'><strong>Paulus;</strong></span> <span class='ocrx_word' id='word_1_161' title='bbox 1624 2261 2065 2335; x_wconf 83' lang='lat' dir='ltr'><strong>quandoquidem</strong></span> 
     </span>
    </p>
   </div>
   <div class='ocr_carea' id='block_1_27' title="bbox 481 2351 2068 2432">
    <p class='ocr_par' dir='ltr' id='par_1_27' title="bbox 481 2351 2068 2432">
     <span class='ocr_line' id='line_1_27' title="bbox 481 2351 2068 2432; baseline -0.009 -13"><span class='ocrx_word' id='word_1_162' title='bbox 481 2379 512 2419; x_wconf 87' lang='lat' dir='ltr'><strong>e</strong></span> <span class='ocrx_word' id='word_1_163' title='bbox 552 2359 832 2432; x_wconf 70' lang='lat' dir='ltr'><strong>propheta:</strong></span> <span class='ocrx_word' id='word_1_164' title='bbox 868 2356 1121 2412; x_wconf 84' lang='lat' dir='ltr'><strong>doctrina</strong></span> <span class='ocrx_word' id='word_1_165' title='bbox 1161 2354 1407 2426; x_wconf 87' lang='lat' dir='ltr'><strong>gentium</strong></span> <span class='ocrx_word' id='word_1_166' title='bbox 1447 2353 1733 2408; x_wconf 89' lang='lat' dir='ltr'><strong>institutus</strong></span> <span class='ocrx_word' id='word_1_167' title='bbox 1774 2368 1805 2405; x_wconf 90' lang='lat' dir='ltr'><strong>a</strong></span> <span class='ocrx_word' id='word_1_168' title='bbox 1844 2351 2068 2407; x_wconf 87' lang='lat' dir='ltr'><strong>Christo</strong></span> 
     </span>
    </p>
   </div>
   <div class='ocr_carea' id='block_1_28' title="bbox 483 2442 2069 2523">
    <p class='ocr_par' dir='ltr' id='par_1_28' title="bbox 483 2442 2069 2523">
     <span class='ocr_line' id='line_1_28' title="bbox 483 2442 2069 2523; baseline -0.008 -15"><span class='ocrx_word' id='word_1_169' title='bbox 483 2452 746 2523; x_wconf 79' lang='lat' dir='ltr'><strong>magister</strong></span> <span class='ocrx_word' id='word_1_170' title='bbox 775 2450 999 2514; x_wconf 86' lang='lat' dir='ltr'><strong>Paulus,</strong></span> <span class='ocrx_word' id='word_1_171' title='bbox 1026 2464 1095 2503; x_wconf 78' lang='lat' dir='ltr'><strong>ex</strong></span> <span class='ocrx_word' id='word_1_172' title='bbox 1123 2446 1338 2523; x_wconf 79' lang='lat' dir='ltr'><strong>iisdem,</strong></span> <span class='ocrx_word' id='word_1_173' title='bbox 1376 2446 1620 2515; x_wconf 84' lang='lat' dir='ltr'><strong>inquam,</strong></span> <span class='ocrx_word' id='word_1_174' title='bbox 1654 2444 1918 2500; x_wconf 66' lang='lat' dir='ltr'><strong>doctrinae</strong></span> <span class='ocrx_word' id='word_1_175' title='bbox 1950 2442 2069 2498; x_wconf 88' lang='lat' dir='ltr'><strong>fon-</strong></span> 
     </span>
    </p>
   </div>
   <div class='ocr_carea' id='block_1_29' title="bbox 485 2536 2069 2609">
    <p class='ocr_par' dir='ltr' id='par_1_29' title="bbox 485 2536 2069 2609">
     <span class='ocr_line' id='line_1_29' title="bbox 485 2536 2069 2609; baseline -0.004 -10"><span class='ocrx_word' id='word_1_176' title='bbox 485 2544 634 2599; x_wconf 85' lang='lat' dir='ltr'><strong>tibus</strong></span> <span class='ocrx_word' id='word_1_177' title='bbox 666 2541 816 2597; x_wconf 81' lang='lat' dir='ltr'><strong>velut</strong></span> <span class='ocrx_word' id='word_1_178' title='bbox 853 2540 1218 2596; x_wconf 87' lang='lat' dir='ltr'><strong>clarissimam</strong></span> <span class='ocrx_word' id='word_1_179' title='bbox 1256 2553 1453 2609; x_wconf 89' lang='lat' dir='ltr'><strong>aquam</strong></span> <span class='ocrx_word' id='word_1_180' title='bbox 1492 2538 1773 2605; x_wconf 84' lang='lat' dir='ltr'><strong>hauriens,</strong></span> <span class='ocrx_word' id='word_1_181' title='bbox 1808 2536 2069 2593; x_wconf 78' lang='lat' dir='ltr'><strong>commis-</strong></span> 
     </span>
    </p>
   </div>
   <div class='ocr_carea' id='block_1_30' title="bbox 484 2629 1401 2705">
    <p class='ocr_par' dir='ltr' id='par_1_30' title="bbox 484 2629 1401 2705">
     <span class='ocr_line' id='line_1_30' title="bbox 484 2629 1401 2705; baseline -0.01 -13"><span class='ocrx_word' id='word_1_182' title='bbox 484 2651 601 2692; x_wconf 87' lang='lat' dir='ltr'><strong>sam</strong></span> <span class='ocrx_word' id='word_1_183' title='bbox 633 2634 739 2692; x_wconf 91' lang='lat' dir='ltr'><strong>sibi</strong></span> <span class='ocrx_word' id='word_1_184' title='bbox 773 2631 1054 2705; x_wconf 88' lang='lat' dir='ltr'><strong>perfundit</strong></span> <span class='ocrx_word' id='word_1_185' title='bbox 1078 2629 1401 2686; x_wconf 86' lang='lat' dir='ltr'><strong>Ecclesiam.</strong></span> 
     </span>
    </p>
   </div>
   <div class='ocr_carea' id='block_1_31' title="bbox 556 2721 2069 2798">
    <p class='ocr_par' dir='ltr' id='par_1_31' title="bbox 556 2721 2069 2798">
     <span class='ocr_line' id='line_1_31' title="bbox 556 2721 2069 2798; baseline -0.003 -18"><span class='ocrx_word' id='word_1_186' title='bbox 556 2725 744 2783; x_wconf 85' lang='lat' dir='ltr'><strong>Schol.</strong></span> <span class='ocrx_word' id='word_1_187' title='bbox 767 2726 802 2782; x_wconf 77' lang='grc'><strong>5</strong></span> <span class='ocrx_word' id='word_1_188' title='bbox 832 2734 885 2782; x_wconf 85' lang='lat' dir='ltr'><strong>et</strong></span> <span class='ocrx_word' id='word_1_189' title='bbox 910 2724 999 2780; x_wconf 80' lang='grc' dir='ltr'>Η.</span> <span class='ocrx_word' id='word_1_190' title='bbox 1057 2722 1367 2798; x_wconf 71' lang='lat' dir='ltr'><strong>Principum</strong></span> <span class='ocrx_word' id='word_1_191' title='bbox 1389 2724 1547 2793; x_wconf 80' lang='lat' dir='ltr'><strong>hujus</strong></span> <span class='ocrx_word' id='word_1_192' title='bbox 1577 2721 1780 2787; x_wconf 65' lang='lat' dir='ltr'><strong>seculi,</strong></span> <span class='ocrx_word' id='word_1_193' title='bbox 1819 2722 1911 2792; x_wconf 85' lang='lat' dir='ltr'><strong>qui</strong></span> <span class='ocrx_word' id='word_1_194' title='bbox 1946 2738 2069 2776; x_wconf 79' lang='lat' dir='ltr'><strong>eva-</strong></span> 
     </span>
    </p>
   </div>
   <div class='ocr_carea' id='block_1_32' title="bbox 485 2818 776 2874">
    <p class='ocr_par' dir='ltr' id='par_1_32' title="bbox 485 2818 776 2874">
     <span class='ocr_line' id='line_1_32' title="bbox 485 2818 776 2874; baseline -0.017 0"><span class='ocrx_word' id='word_1_195' title='bbox 485 2828 714 2874; x_wconf 78' lang='lat' dir='ltr'><strong>cuantur</strong></span> <span class='ocrx_word' id='word_1_196' title='bbox 733 2818 776 2869; x_wconf 82' lang='grc'>⁸.</span> 
     </span>
    </p>
   </div>
   <div class='ocr_carea' id='block_1_33' title="bbox 556 2904 2071 2980">
    <p class='ocr_par' dir='ltr' id='par_1_33' title="bbox 556 2904 2071 2980">
     <span class='ocr_line' id='line_1_33' title="bbox 556 2904 2071 2980; baseline -0.003 -16"><span class='ocrx_word' id='word_1_197' title='bbox 556 2906 721 2980; x_wconf 62' lang='grc'><strong>354</strong></span> <span class='ocrx_word' id='word_1_198' title='bbox 738 2906 922 2963; x_wconf 80' lang='lat' dir='ltr'><strong>Refut.</strong></span> <span class='ocrx_word' id='word_1_199' title='bbox 947 2908 982 2961; x_wconf 76' lang='lat'><strong>3</strong></span> <span class='ocrx_word' id='word_1_200' title='bbox 1000 2915 1053 2963; x_wconf 90' lang='lat' dir='ltr'><strong>et</strong></span> <span class='ocrx_word' id='word_1_201' title='bbox 1071 2908 1158 2962; x_wconf 83' lang='lat' dir='ltr'><strong>ll.</strong></span> <span class='ocrx_word' id='word_1_202' title='bbox 1179 2905 1237 2962; x_wconf 87' lang='lat' dir='ltr'><strong>Si</strong></span> <span class='ocrx_word' id='word_1_203' title='bbox 1257 2906 1421 2976; x_wconf 85' lang='lat' dir='ltr'><strong>hujus</strong></span> <span class='ocrx_word' id='word_1_204' title='bbox 1441 2904 1624 2962; x_wconf 70' lang='lat' dir='ltr'><strong>saeculi</strong></span> <span class='ocrx_word' id='word_1_205' title='bbox 1644 2904 1918 2976; x_wconf 86' lang='lat' dir='ltr'><strong>principes</strong></span> <span class='ocrx_word' id='word_1_206' title='bbox 1940 2912 2071 2960; x_wconf 73' lang='lat' dir='ltr'><strong>sunt</strong></span> 
     </span>
    </p>
   </div>
   <div class='ocr_carea' id='block_1_34' title="bbox 2154 421 3752 501">
    <p class='ocr_par' dir='ltr' id='par_1_34' title="bbox 2154 421 3752 501">
     <span class='ocr_line' id='line_1_34' title="bbox 2154 421 3752 501; baseline -0.003 -17"><span class='ocrx_word' id='word_1_207' title='bbox 2154 430 2315 501; x_wconf 83' lang='grc' dir='ltr'>τομὴ,</span> <span class='ocrx_word' id='word_1_208' title='bbox 2352 430 2446 499; x_wconf 86' lang='grc' dir='ltr'><strong>ἀφ’</strong></span> <span class='ocrx_word' id='word_1_209' title='bbox 2475 421 2537 483; x_wconf 75' lang='grc' dir='ltr'>οὗ</span> <span class='ocrx_word' id='word_1_210' title='bbox 2583 427 2679 482; x_wconf 75' lang='grc' dir='ltr'><strong>καὶ</strong></span> <span class='ocrx_word' id='word_1_211' title='bbox 2712 429 2804 497; x_wconf 78' lang='grc' dir='ltr'><strong>ἀφ’</strong></span> <span class='ocrx_word' id='word_1_212' title='bbox 2843 422 2913 501; x_wconf 81' lang='grc' dir='ltr'>ἦς</span> <span class='ocrx_word' id='word_1_213' title='bbox 2944 425 3188 498; x_wconf 79' lang='grc' dir='ltr'><strong>ἔγνωμεν</strong></span> <span class='ocrx_word' id='word_1_214' title='bbox 3223 426 3480 498; x_wconf 76' lang='grc' dir='ltr'>Χριστὸν,</span> <span class='ocrx_word' id='word_1_215' title='bbox 3515 427 3614 482; x_wconf 74' lang='grc' dir='ltr'>καὶ</span> <span class='ocrx_word' id='word_1_216' title='bbox 3658 428 3752 481; x_wconf 72' lang='grc' dir='ltr'><strong>τὸν</strong></span> 
     </span>
    </p>
   </div>
   <div class='ocr_carea' id='block_1_35' title="bbox 2156 516 3749 593">
    <p class='ocr_par' dir='ltr' id='par_1_35' title="bbox 2156 516 3749 593">
     <span class='ocr_line' id='line_1_35' title="bbox 2156 516 3749 593; baseline -0.003 -18"><span class='ocrx_word' id='word_1_217' title='bbox 2156 522 2533 593; x_wconf 82' lang='grc' dir='ltr'>ἐντελέστερον</span> <span class='ocrx_word' id='word_1_218' title='bbox 2595 519 2763 575; x_wconf 79' lang='grc' dir='ltr'>αὑτοῦ</span> <span class='ocrx_word' id='word_1_219' title='bbox 2809 518 3003 589; x_wconf 84' lang='grc' dir='ltr'>νόμον,</span> <span class='ocrx_word' id='word_1_220' title='bbox 3064 516 3160 572; x_wconf 69' lang='grc' dir='ltr'>καὶ</span> <span class='ocrx_word' id='word_1_221' title='bbox 3202 517 3303 589; x_wconf 79' lang='grc' dir='ltr'>τὴν</span> <span class='ocrx_word' id='word_1_222' title='bbox 3357 516 3749 589; x_wconf 71' lang='grc' dir='ltr'><strong>ἐντελεστέραν</strong></span> 
     </span>
    </p>
   </div>
   <div class='ocr_carea' id='block_1_36' title="bbox 2155 613 2676 684">
    <p class='ocr_par' dir='ltr' id='par_1_36' title="bbox 2155 613 2676 684">
     <span class='ocr_line' id='line_1_36' title="bbox 2155 613 2676 684; baseline -0.004 -16"><span class='ocrx_word' id='word_1_223' title='bbox 2155 613 2323 668; x_wconf 77' lang='grc' dir='ltr'>αὐτοῦ</span> <span class='ocrx_word' id='word_1_224' title='bbox 2350 614 2676 684; x_wconf 86' lang='grc' dir='ltr'>περιτομήν.</span> 
     </span>
    </p>
   </div>
   <div class='ocr_carea' id='block_1_37' title="bbox 2170 715 3745 794">
    <p class='ocr_par' dir='ltr' id='par_1_37' title="bbox 2170 715 3745 794">
     <span class='ocr_line' id='line_1_37' title="bbox 2170 715 3745 794; baseline -0.007 -11"><span class='ocrx_word' id='word_1_225' title='bbox 2170 726 2314 783; x_wconf 80' lang='grc' dir='ltr'><strong>Ἀπὸ</strong></span> <span class='ocrx_word' id='word_1_226' title='bbox 2342 725 2453 794; x_wconf 85' lang='grc' dir='ltr'><strong>τῆς</strong></span> <span class='ocrx_word' id='word_1_227' title='bbox 2479 724 2627 794; x_wconf 82' lang='grc' dir='ltr'>πρὸς</span> <span class='ocrx_word' id='word_1_228' title='bbox 2657 723 3006 794; x_wconf 61' lang='grc' dir='ltr'>Κορινθίους</span> <span class='ocrx_word' id='word_1_229' title='bbox 3022 716 3392 794; x_wconf 68' lang='grc' dir='ltr'>Ἐπιστολῆς</span> <span class='ocrx_word' id='word_1_230' title='bbox 3410 735 3424 749; x_wconf 75' lang='grc' dir='ltr'><strong><em>ο</em></strong></span> <span class='ocrx_word' id='word_1_231' title='bbox 3448 715 3613 794; x_wconf 63' lang='grc' dir='ltr'>αὐτὴ</span> <span class='ocrx_word' id='word_1_232' title='bbox 3638 718 3745 786; x_wconf 75' lang='grc' dir='ltr'>γὰρ</span> 
     </span>
    </p>
   </div>
   <div class='ocr_carea' id='block_1_38' title="bbox 2368 788 3529 864">
    <p class='ocr_par' dir='ltr' id='par_1_38' title="bbox 2368 788 3529 864">
     <span class='ocr_line' id='line_1_38' title="bbox 2368 788 3529 864; baseline -0.008 -14"><span class='ocrx_word' id='word_1_233' title='bbox 2368 788 2749 864; x_wconf 62' lang='grc' dir='ltr'>παρ”αὺτοῖςί</span> <span class='ocrx_word' id='word_1_234' title='bbox 2772 790 3021 861; x_wconf 86' lang='grc' dir='ltr'>δευτέρα</span> <span class='ocrx_word' id='word_1_235' title='bbox 3062 789 3163 844; x_wconf 81' lang='grc' dir='ltr'>καὶ</span> <span class='ocrx_word' id='word_1_236' title='bbox 3190 790 3327 857; x_wconf 75' lang='grc' dir='ltr'>παρ’</span> <span class='ocrx_word' id='word_1_237' title='bbox 3360 788 3529 859; x_wconf 76' lang='grc' dir='ltr'>ἡμῖν.</span> 
     </span>
    </p>
   </div>
   <div class='ocr_carea' id='block_1_39' title="bbox 2226 894 3728 974">
    <p class='ocr_par' dir='ltr' id='par_1_39' title="bbox 2226 894 3728 974">
     <span class='ocr_line' id='line_1_39' title="bbox 2226 894 3728 974; baseline -0.005 -15"><span class='ocrx_word' id='word_1_238' title='bbox 2226 911 2275 959; x_wconf 88' lang='grc' dir='ltr'>α’</span> <span class='ocrx_word' id='word_1_239' title='bbox 2313 903 2407 957; x_wconf 78' lang='grc' dir='ltr'>καὶ</span> <span class='ocrx_word' id='word_1_240' title='bbox 2436 901 2483 957; x_wconf 83' lang='grc' dir='ltr'>θ’</span> <span class='ocrx_word' id='word_1_241' title='bbox 2514 901 2661 974; x_wconf 87' lang='grc' dir='ltr'>σχόλ.</span> <span class='ocrx_word' id='word_1_242' title='bbox 2703 899 3040 971; x_wconf 78' lang='grc' dir='ltr'><strong>Γέγραπται</strong></span> <span class='ocrx_word' id='word_1_243' title='bbox 3067 897 3197 969; x_wconf 71' lang='grc' dir='ltr'>γάρ·</span> <span class='ocrx_word' id='word_1_244' title='bbox 3239 895 3472 953; x_wconf 81' lang='grc' dir='ltr'>Ἀπολῶ</span> <span class='ocrx_word' id='word_1_245' title='bbox 3511 894 3631 965; x_wconf 80' lang='grc' dir='ltr'>τὴν</span> <span class='ocrx_word' id='word_1_246' title='bbox 3644 911 3728 951; x_wconf 76' lang='grc' dir='ltr'><strong>σο</strong></span> 
     </span>
    </p>
   </div>
   <div class='ocr_carea' id='block_1_40' title="bbox 2158 987 3742 1067">
    <p class='ocr_par' dir='ltr' id='par_1_40' title="bbox 2158 987 3742 1067">
     <span class='ocr_line' id='line_1_40' title="bbox 2158 987 3742 1067; baseline -0.004 -20"><span class='ocrx_word' id='word_1_247' title='bbox 2158 997 2310 1067; x_wconf 55' lang='grc' dir='ltr'>μίαν</span> <span class='ocrx_word' id='word_1_248' title='bbox 2338 995 2459 1050; x_wconf 88' lang='grc' dir='ltr'><strong>τῶν</strong></span> <span class='ocrx_word' id='word_1_249' title='bbox 2493 994 2728 1066; x_wconf 66' lang='grc' dir='ltr'>σοφῶν,</span> <span class='ocrx_word' id='word_1_250' title='bbox 2768 991 2868 1047; x_wconf 80' lang='grc' dir='ltr'><strong>καί</strong></span> <span class='ocrx_word' id='word_1_251' title='bbox 2900 990 3017 1061; x_wconf 80' lang='grc' dir='ltr'>τὴν</span> <span class='ocrx_word' id='word_1_252' title='bbox 3053 991 3316 1046; x_wconf 85' lang='grc' dir='ltr'>σύνεσιν</span> <span class='ocrx_word' id='word_1_253' title='bbox 3329 987 3450 1044; x_wconf 81' lang='grc' dir='ltr'><strong>τῶν</strong></span> <span class='ocrx_word' id='word_1_254' title='bbox 3473 988 3742 1045; x_wconf 75' lang='grc' dir='ltr'><strong>συνετῶν</strong></span> 
     </span>
    </p>
   </div>
   <div class='ocr_carea' id='block_1_41' title="bbox 2158 1088 2460 1159">
    <p class='ocr_par' dir='ltr' id='par_1_41' title="bbox 2158 1088 2460 1159">
     <span class='ocr_line' id='line_1_41' title="bbox 2158 1088 2460 1159; baseline -0.01 -15"><span class='ocrx_word' id='word_1_255' title='bbox 2158 1088 2460 1159; x_wconf 75' lang='grc' dir='ltr'><strong>ἀθετήσω.</strong></span> 
     </span>
    </p>
   </div>
   <div class='ocr_carea' id='block_1_42' title="bbox 2231 1171 3738 1255">
    <p class='ocr_par' dir='ltr' id='par_1_42' title="bbox 2231 1171 3738 1255">
     <span class='ocr_line' id='line_1_42' title="bbox 2231 1171 3738 1255; baseline -0.007 -21"><span class='ocrx_word' id='word_1_256' title='bbox 2231 1187 2281 1234; x_wconf 86' lang='grc' dir='ltr'>α’</span> <span class='ocrx_word' id='word_1_257' title='bbox 2314 1180 2408 1255; x_wconf 73' lang='grc' dir='ltr'>καὶ</span> <span class='ocrx_word' id='word_1_258' title='bbox 2436 1178 2501 1233; x_wconf 86' lang='grc' dir='ltr'>θ’.</span> <span class='ocrx_word' id='word_1_259' title='bbox 2528 1176 2710 1255; x_wconf 65' lang='grc' dir='ltr'>ἐλεγχ.</span> <span class='ocrx_word' id='word_1_260' title='bbox 2740 1175 2806 1229; x_wconf 84' lang='lat' dir='ltr'><strong>Ei.</strong></span> <span class='ocrx_word' id='word_1_261' title='bbox 2834 1173 2943 1229; x_wconf 78' lang='grc' dir='ltr'><strong>ἀπὸ</strong></span> <span class='ocrx_word' id='word_1_262' title='bbox 2974 1171 3083 1227; x_wconf 88' lang='grc' dir='ltr'><strong>τῶν</strong></span> <span class='ocrx_word' id='word_1_263' title='bbox 3105 1171 3511 1245; x_wconf 71' lang='grc' dir='ltr'><strong>γεγραμμένων</strong></span> <span class='ocrx_word' id='word_1_264' title='bbox 3538 1172 3598 1226; x_wconf 86' lang='grc' dir='ltr'><strong>ἐν</strong></span> <span class='ocrx_word' id='word_1_265' title='bbox 3635 1174 3738 1236; x_wconf 78' lang='grc' dir='ltr'>τοῖς</span> 
     </span>
    </p>
   </div>
   <div class='ocr_carea' id='block_1_43' title="bbox 2162 1253 3740 1344">
    <p class='ocr_par' dir='ltr' id='par_1_43' title="bbox 2162 1253 3740 1344">
     <span class='ocr_line' id='line_1_43' title="bbox 2162 1253 3740 1344; baseline -0.006 -18"><span class='ocrx_word' id='word_1_266' title='bbox 2162 1253 2473 1344; x_wconf 70' lang='grc' dir='ltr'><strong>προφήταις</strong></span> <span class='ocrx_word' id='word_1_267' title='bbox 2514 1253 2841 1337; x_wconf 75' lang='grc' dir='ltr'>ἂναλέγεται</span> <span class='ocrx_word' id='word_1_268' title='bbox 2870 1267 2901 1320; x_wconf 81' lang='grc' dir='ltr'><strong>ὁ</strong></span> <span class='ocrx_word' id='word_1_269' title='bbox 2952 1264 3275 1329; x_wconf 82' lang='grc' dir='ltr'>Ἀπόστολος</span> <span class='ocrx_word' id='word_1_270' title='bbox 3320 1264 3633 1336; x_wconf 81' lang='grc' dir='ltr'>μαρτυρίας</span> <span class='ocrx_word' id='word_1_271' title='bbox 3666 1266 3740 1323; x_wconf 78' lang='grc' dir='ltr'><strong>είς</strong></span> 
     </span>
    </p>
   </div>
   <div class='ocr_carea' id='block_1_44' title="bbox 2162 1357 3734 1435">
    <p class='ocr_par' dir='ltr' id='par_1_44' title="bbox 2162 1357 3734 1435">
     <span class='ocr_line' id='line_1_44' title="bbox 2162 1357 3734 1435; baseline -0.004 -17"><span class='ocrx_word' id='word_1_272' title='bbox 2162 1363 2505 1435; x_wconf 83' lang='grc' dir='ltr'>παράστασιν</span> <span class='ocrx_word' id='word_1_273' title='bbox 2540 1360 2799 1433; x_wconf 78' lang='grc' dir='ltr'><strong>ἀληθείας</strong></span> <span class='ocrx_word' id='word_1_274' title='bbox 2839 1360 2937 1413; x_wconf 74' lang='grc' dir='ltr'>καὶ</span> <span class='ocrx_word' id='word_1_275' title='bbox 2981 1358 3194 1430; x_wconf 79' lang='grc' dir='ltr'><strong>ἀγαθῆς</strong></span> <span class='ocrx_word' id='word_1_276' title='bbox 3243 1357 3621 1425; x_wconf 78' lang='grc' dir='ltr'>διδασκαλίας,</span> <span class='ocrx_word' id='word_1_277' title='bbox 3648 1359 3734 1411; x_wconf 79' lang='grc' dir='ltr'>οὐκ</span> 
     </span>
    </p>
   </div>
   <div class='ocr_carea' id='block_1_45' title="bbox 2163 1447 3736 1526">
    <p class='ocr_par' dir='ltr' id='par_1_45' title="bbox 2163 1447 3736 1526">
     <span class='ocr_line' id='line_1_45' title="bbox 2163 1447 3736 1526; baseline -0.004 -18"><span class='ocrx_word' id='word_1_278' title='bbox 2163 1454 2431 1526; x_wconf 84' lang='grc' dir='ltr'><strong>ἀλλότριοι</strong></span> <span class='ocrx_word' id='word_1_279' title='bbox 2461 1455 2511 1507; x_wconf 79' lang='grc' dir='ltr'>οἱ</span> <span class='ocrx_word' id='word_1_280' title='bbox 2538 1453 2813 1524; x_wconf 76' lang='grc' dir='ltr'>προφῆται</span> <span class='ocrx_word' id='word_1_281' title='bbox 2841 1452 2941 1522; x_wconf 86' lang='grc' dir='ltr'><strong>τῆς</strong></span> <span class='ocrx_word' id='word_1_282' title='bbox 2970 1449 3252 1521; x_wconf 83' lang='grc' dir='ltr'>ἀληθείας,</span> <span class='ocrx_word' id='word_1_283' title='bbox 3276 1450 3373 1504; x_wconf 74' lang='grc' dir='ltr'>καὶ</span> <span class='ocrx_word' id='word_1_284' title='bbox 3400 1448 3496 1503; x_wconf 86' lang='grc' dir='ltr'><strong>τοῦ</strong></span> <span class='ocrx_word' id='word_1_285' title='bbox 3519 1447 3736 1518; x_wconf 85' lang='grc' dir='ltr'>ἀγαθοῦ,</span> 
     </span>
    </p>
   </div>
   <div class='ocr_carea' id='block_1_46' title="bbox 2164 1543 3226 1618">
    <p class='ocr_par' dir='ltr' id='par_1_46' title="bbox 2164 1543 3226 1618">
     <span class='ocr_line' id='line_1_46' title="bbox 2164 1543 3226 1618; baseline -0.008 -16"><span class='ocrx_word' id='word_1_286' title='bbox 2164 1548 2260 1602; x_wconf 76' lang='grc' dir='ltr'>καὶ</span> <span class='ocrx_word' id='word_1_287' title='bbox 2292 1548 2392 1617; x_wconf 80' lang='grc' dir='ltr'><strong>τῆς</strong></span> <span class='ocrx_word' id='word_1_288' title='bbox 2416 1547 2626 1618; x_wconf 83' lang='grc' dir='ltr'>ἀγαθῆς</span> <span class='ocrx_word' id='word_1_289' title='bbox 2664 1543 2830 1599; x_wconf 81' lang='grc' dir='ltr'>αὐτοῦ</span> <span class='ocrx_word' id='word_1_290' title='bbox 2859 1543 3226 1606; x_wconf 76' lang='grc' dir='ltr'>διδασκαλίας.</span> 
     </span>
    </p>
   </div>
   <div class='ocr_carea' id='block_1_47' title="bbox 2238 1631 3742 1709">
    <p class='ocr_par' dir='ltr' id='par_1_47' title="bbox 2238 1631 3742 1709">
     <span class='ocr_line' id='line_1_47' title="bbox 2238 1631 3742 1709; baseline -0.005 -17"><span class='ocrx_word' id='word_1_291' title='bbox 2238 1638 2281 1709; x_wconf 89' lang='grc' dir='ltr'><strong>β’</strong></span> <span class='ocrx_word' id='word_1_292' title='bbox 2316 1639 2409 1692; x_wconf 77' lang='grc' dir='ltr'>καὶ</span> <span class='ocrx_word' id='word_1_293' title='bbox 2449 1645 2478 1692; x_wconf 88' lang='grc' dir='ltr'>ι’</span> <span class='ocrx_word' id='word_1_294' title='bbox 2509 1638 2657 1709; x_wconf 88' lang='grc' dir='ltr'>σχόλ.</span> <span class='ocrx_word' id='word_1_295' title='bbox 2710 1637 2824 1691; x_wconf 80' lang='grc' dir='ltr'><strong>Καὶ</strong></span> <span class='ocrx_word' id='word_1_296' title='bbox 2869 1636 2971 1709; x_wconf 74' lang='grc' dir='ltr'>ἵνα</span> <span class='ocrx_word' id='word_1_297' title='bbox 2989 1676 3005 1702; x_wconf 91' lang='grc'><strong>,</strong></span> <span class='ocrx_word' id='word_1_298' title='bbox 3041 1634 3238 1702; x_wconf 83' lang='grc' dir='ltr'>καθὼς</span> <span class='ocrx_word' id='word_1_299' title='bbox 3278 1634 3631 1704; x_wconf 77' lang='grc' dir='ltr'>γέγραπται,</span> <span class='ocrx_word' id='word_1_300' title='bbox 3685 1631 3742 1685; x_wconf 81' lang='lat'><strong>&#39;0</strong></span> 
     </span>
    </p>
   </div>
   <div class='ocr_carea' id='block_1_48' title="bbox 2166 1708 3270 1800">
    <p class='ocr_par' dir='ltr' id='par_1_48' title="bbox 2166 1708 3270 1800">
     <span class='ocr_line' id='line_1_48' title="bbox 2166 1708 3270 1800; baseline -0.003 -16"><span class='ocrx_word' id='word_1_301' title='bbox 2166 1708 2573 1800; x_wconf 67' lang='grc' dir='ltr'>καὺχώμενοξ,</span> <span class='ocrx_word' id='word_1_302' title='bbox 2605 1729 2676 1783; x_wconf 87' lang='grc' dir='ltr'><strong>ἐν</strong></span> <span class='ocrx_word' id='word_1_303' title='bbox 2704 1728 2901 1796; x_wconf 80' lang='grc' dir='ltr'>Κυρίῳ</span> <span class='ocrx_word' id='word_1_304' title='bbox 2914 1708 3270 1797; x_wconf 48' lang='grc' dir='ltr'>’καυχάσθω</span> 
     </span>
    </p>
   </div>
   <div class='ocr_carea' id='block_1_49' title="bbox 2234 1815 3738 1894">
    <p class='ocr_par' dir='ltr' id='par_1_49' title="bbox 2234 1815 3738 1894">
     <span class='ocr_line' id='line_1_49' title="bbox 2234 1815 3738 1894; baseline -0.009 -15"><span class='ocrx_word' id='word_1_305' title='bbox 2234 1823 2279 1894; x_wconf 80' lang='grc' dir='ltr'><strong>β’</strong></span> <span class='ocrx_word' id='word_1_306' title='bbox 2313 1823 2407 1878; x_wconf 72' lang='grc' dir='ltr'>καὶ</span> <span class='ocrx_word' id='word_1_307' title='bbox 2439 1830 2468 1877; x_wconf 86' lang='grc' dir='ltr'>ι’</span> <span class='ocrx_word' id='word_1_308' title='bbox 2496 1823 2675 1894; x_wconf 75' lang='grc' dir='ltr'>ἕλεγχ.</span> <span class='ocrx_word' id='word_1_309' title='bbox 2694 1823 2757 1876; x_wconf 88' lang='lat' dir='ltr'><strong>El</strong></span> <span class='ocrx_word' id='word_1_310' title='bbox 2783 1820 3063 1884; x_wconf 76' lang='grc' dir='ltr'>ἐπαινετὸς</span> <span class='ocrx_word' id='word_1_311' title='bbox 3081 1818 3316 1891; x_wconf 80' lang='grc' dir='ltr'>ὑπάρχει</span> <span class='ocrx_word' id='word_1_312' title='bbox 3336 1819 3367 1872; x_wconf 81' lang='grc' dir='ltr'><strong>ὁ</strong></span> <span class='ocrx_word' id='word_1_313' title='bbox 3392 1815 3738 1887; x_wconf 79' lang='grc' dir='ltr'>καυχώμενος</span> 
     </span>
    </p>
   </div>
   <div class='ocr_carea' id='block_1_50' title="bbox 2164 1902 3739 1987">
    <p class='ocr_par' dir='ltr' id='par_1_50' title="bbox 2164 1902 3739 1987">
     <span class='ocr_line' id='line_1_50' title="bbox 2164 1902 3739 1987; baseline -0.008 -18"><span class='ocrx_word' id='word_1_314' title='bbox 2164 1917 2221 1969; x_wconf 86' lang='grc' dir='ltr'><strong>ἐν</strong></span> <span class='ocrx_word' id='word_1_315' title='bbox 2250 1915 2442 1987; x_wconf 84' lang='grc' dir='ltr'>Κυρίῳ</span> <span class='ocrx_word' id='word_1_316' title='bbox 2470 1913 2621 1985; x_wconf 75' lang='grc' dir='ltr'>παρὰ</span> <span class='ocrx_word' id='word_1_317' title='bbox 2658 1916 2773 1976; x_wconf 85' lang='grc' dir='ltr'>τοῖς</span> <span class='ocrx_word' id='word_1_318' title='bbox 2803 1912 3132 1983; x_wconf 84' lang='grc' dir='ltr'>προφήταις,</span> <span class='ocrx_word' id='word_1_319' title='bbox 3166 1908 3374 1981; x_wconf 82' lang='grc' dir='ltr'>Κύριον</span> <span class='ocrx_word' id='word_1_320' title='bbox 3417 1907 3479 1960; x_wconf 80' lang='grc' dir='ltr'><strong>δέ</strong></span> <span class='ocrx_word' id='word_1_321' title='bbox 3510 1902 3620 1959; x_wconf 79' lang='grc' dir='ltr'>οἶδε</span> <span class='ocrx_word' id='word_1_322' title='bbox 3658 1905 3739 1958; x_wconf 76' lang='grc' dir='ltr'>τὸν</span> 
     </span>
    </p>
   </div>
   <div class='ocr_carea' id='block_1_51' title="bbox 2164 1994 3741 2076">
    <p class='ocr_par' dir='ltr' id='par_1_51' title="bbox 2164 1994 3741 2076">
     <span class='ocr_line' id='line_1_51' title="bbox 2164 1994 3741 2076; baseline -0.008 -16"><span class='ocrx_word' id='word_1_323' title='bbox 2164 2007 2297 2061; x_wconf 85' lang='grc' dir='ltr'>Θεὸν</span> <span class='ocrx_word' id='word_1_324' title='bbox 2322 2006 2417 2060; x_wconf 87' lang='grc' dir='ltr'><strong>τοῦ</strong></span> <span class='ocrx_word' id='word_1_325' title='bbox 2454 2006 2619 2076; x_wconf 88' lang='grc' dir='ltr'>νόμου</span> <span class='ocrx_word' id='word_1_326' title='bbox 2658 2004 2753 2058; x_wconf 81' lang='grc' dir='ltr'>τὸν</span> <span class='ocrx_word' id='word_1_327' title='bbox 2785 2002 2937 2074; x_wconf 81' lang='grc' dir='ltr'>παρὰ</span> <span class='ocrx_word' id='word_1_328' title='bbox 2971 2001 3074 2066; x_wconf 73' lang='grc' dir='ltr'>σοὶ,</span> <span class='ocrx_word' id='word_1_329' title='bbox 3100 1994 3147 2054; x_wconf 81' lang='grc' dir='ltr'><strong>ὦ</strong></span> <span class='ocrx_word' id='word_1_330' title='bbox 3174 1998 3467 2071; x_wconf 81' lang='grc' dir='ltr'>Μαρκίων,</span> <span class='ocrx_word' id='word_1_331' title='bbox 3499 1997 3597 2050; x_wconf 73' lang='grc' dir='ltr'>καὶ</span> <span class='ocrx_word' id='word_1_332' title='bbox 3628 2013 3741 2066; x_wconf 80' lang='grc' dir='ltr'>κρι-</span> 
     </span>
    </p>
   </div>
   <div class='ocr_carea' id='block_1_52' title="bbox 2163 2089 3744 2171">
    <p class='ocr_par' dir='ltr' id='par_1_52' title="bbox 2163 2089 3744 2171">
     <span class='ocr_line' id='line_1_52' title="bbox 2163 2089 3744 2171; baseline -0.009 -19"><span class='ocrx_word' id='word_1_333' title='bbox 2163 2098 2284 2169; x_wconf 84' lang='grc' dir='ltr'>τὴν,</span> <span class='ocrx_word' id='word_1_334' title='bbox 2320 2097 2418 2152; x_wconf 72' lang='grc' dir='ltr'>καὶ</span> <span class='ocrx_word' id='word_1_335' title='bbox 2461 2098 2817 2171; x_wconf 81' lang='grc' dir='ltr'>δημιουργὸν,</span> <span class='ocrx_word' id='word_1_336' title='bbox 2858 2097 2953 2150; x_wconf 70' lang='grc' dir='ltr'><strong>καὶ</strong></span> <span class='ocrx_word' id='word_1_337' title='bbox 2999 2095 3205 2150; x_wconf 83' lang='grc' dir='ltr'>δίκαιον</span> <span class='ocrx_word' id='word_1_338' title='bbox 3252 2089 3615 2160; x_wconf 88' lang='grc' dir='ltr'>καλούμενον,</span> <span class='ocrx_word' id='word_1_339' title='bbox 3652 2089 3744 2141; x_wconf 69' lang='grc' dir='ltr'><strong>οὐκ</strong></span> 
     </span>
    </p>
   </div>
   <div class='ocr_carea' id='block_1_53' title="bbox 2165 2171 3743 2262">
    <p class='ocr_par' dir='ltr' id='par_1_53' title="bbox 2165 2171 3743 2262">
     <span class='ocr_line' id='line_1_53' title="bbox 2165 2171 3743 2262; baseline -0.013 -12"><span class='ocrx_word' id='word_1_340' title='bbox 2165 2192 2325 2257; x_wconf 76' lang='grc' dir='ltr'>ἄλλος</span> <span class='ocrx_word' id='word_1_341' title='bbox 2348 2193 2495 2247; x_wconf 70' lang='grc' dir='ltr'>ἐστὶν</span> <span class='ocrx_word' id='word_1_342' title='bbox 2524 2184 2680 2254; x_wconf 70' lang='grc' dir='ltr'>οὗτος</span> <span class='ocrx_word' id='word_1_343' title='bbox 2714 2190 2866 2262; x_wconf 82' lang='grc' dir='ltr'>παρὰ</span> <span class='ocrx_word' id='word_1_344' title='bbox 2896 2190 2986 2243; x_wconf 84' lang='grc' dir='ltr'>τὸν</span> <span class='ocrx_word' id='word_1_345' title='bbox 3023 2186 3119 2242; x_wconf 85' lang='grc' dir='ltr'><strong>τοῦ</strong></span> <span class='ocrx_word' id='word_1_346' title='bbox 3156 2183 3395 2257; x_wconf 81' lang='grc' dir='ltr'>Χριστοῦ</span> <span class='ocrx_word' id='word_1_347' title='bbox 3422 2181 3668 2252; x_wconf 78' lang='grc' dir='ltr'>Πατέρα,</span> <span class='ocrx_word' id='word_1_348' title='bbox 3688 2171 3743 2231; x_wconf 70' lang='grc' dir='ltr'><strong>οὗ</strong></span> 
     </span>
    </p>
   </div>
   <div class='ocr_carea' id='block_1_54' title="bbox 2171 2268 3743 2357">
    <p class='ocr_par' dir='ltr' id='par_1_54' title="bbox 2171 2268 3743 2357">
     <span class='ocr_line' id='line_1_54' title="bbox 2171 2268 3743 2357; baseline -0.016 -11"><span class='ocrx_word' id='word_1_349' title='bbox 2171 2285 2418 2357; x_wconf 77' lang='grc' dir='ltr'>μαθητὴς</span> <span class='ocrx_word' id='word_1_350' title='bbox 2456 2285 2693 2356; x_wconf 83' lang='grc' dir='ltr'>ὑπάρχει</span> <span class='ocrx_word' id='word_1_351' title='bbox 2739 2283 2985 2346; x_wconf 67' lang='grc' dir='ltr'>Παῦλος*</span> <span class='ocrx_word' id='word_1_352' title='bbox 3031 2278 3330 2349; x_wconf 70' lang='grc' dir='ltr'>ἐπειδήπερ</span> <span class='ocrx_word' id='word_1_353' title='bbox 3371 2274 3484 2329; x_wconf 75' lang='grc' dir='ltr'><strong>ἀπὸ</strong></span> <span class='ocrx_word' id='word_1_354' title='bbox 3526 2272 3628 2342; x_wconf 88' lang='grc' dir='ltr'><strong>τῆς</strong></span> <span class='ocrx_word' id='word_1_355' title='bbox 3656 2268 3743 2323; x_wconf 81' lang='grc' dir='ltr'><strong>τοῦ</strong></span> 
     </span>
    </p>
   </div>
   <div class='ocr_carea' id='block_1_55' title="bbox 2169 2359 3744 2447">
    <p class='ocr_par' dir='ltr' id='par_1_55' title="bbox 2169 2359 3744 2447">
     <span class='ocr_line' id='line_1_55' title="bbox 2169 2359 3744 2447; baseline -0.013 -17"><span class='ocrx_word' id='word_1_356' title='bbox 2169 2376 2451 2447; x_wconf 76' lang='grc' dir='ltr'>προφήτου</span> <span class='ocrx_word' id='word_1_357' title='bbox 2474 2373 2825 2437; x_wconf 81' lang='grc' dir='ltr'>διδασκαλίας</span> <span class='ocrx_word' id='word_1_358' title='bbox 2849 2373 2879 2424; x_wconf 81' lang='grc' dir='ltr'><strong>ὀ</strong></span> <span class='ocrx_word' id='word_1_359' title='bbox 2901 2368 3221 2430; x_wconf 80' lang='grc' dir='ltr'>διδάσκαλος</span> <span class='ocrx_word' id='word_1_360' title='bbox 3251 2361 3620 2425; x_wconf 75' lang='grc' dir='ltr'>κατασταθεὶς</span> <span class='ocrx_word' id='word_1_361' title='bbox 3647 2359 3744 2413; x_wconf 84' lang='grc' dir='ltr'><strong>τῶν</strong></span> 
     </span>
    </p>
   </div>
   <div class='ocr_carea' id='block_1_56' title="bbox 2169 2448 3745 2536">
    <p class='ocr_par' dir='ltr' id='par_1_56' title="bbox 2169 2448 3745 2536">
     <span class='ocr_line' id='line_1_56' title="bbox 2169 2448 3745 2536; baseline -0.012 -18"><span class='ocrx_word' id='word_1_362' title='bbox 2169 2465 2339 2521; x_wconf 83' lang='grc' dir='ltr'>ἐθνῶν</span> <span class='ocrx_word' id='word_1_363' title='bbox 2374 2466 2479 2520; x_wconf 84' lang='grc' dir='ltr'>ὑπὸ</span> <span class='ocrx_word' id='word_1_364' title='bbox 2506 2462 2741 2536; x_wconf 77' lang='grc' dir='ltr'>Χριστοῦ</span> <span class='ocrx_word' id='word_1_365' title='bbox 2769 2462 3000 2524; x_wconf 80' lang='grc' dir='ltr'>Παῦλος,</span> <span class='ocrx_word' id='word_1_366' title='bbox 3024 2459 3133 2514; x_wconf 80' lang='grc' dir='ltr'><strong>ἀπὸ</strong></span> <span class='ocrx_word' id='word_1_367' title='bbox 3158 2457 3266 2511; x_wconf 85' lang='grc' dir='ltr'><strong>τῶν</strong></span> <span class='ocrx_word' id='word_1_368' title='bbox 3286 2454 3493 2527; x_wconf 85' lang='grc' dir='ltr'>ὁμοίων</span> <span class='ocrx_word' id='word_1_369' title='bbox 3520 2450 3620 2503; x_wconf 66' lang='grc' dir='ltr'><strong>καὶ</strong></span> <span class='ocrx_word' id='word_1_370' title='bbox 3645 2448 3745 2501; x_wconf 83' lang='grc' dir='ltr'><strong>τῶν</strong></span> 
     </span>
    </p>
   </div>
   <div class='ocr_carea' id='block_1_57' title="bbox 2169 2539 3744 2623">
    <p class='ocr_par' dir='ltr' id='par_1_57' title="bbox 2169 2539 3744 2623">
     <span class='ocr_line' id='line_1_57' title="bbox 2169 2539 3744 2623; baseline -0.011 -13"><span class='ocrx_word' id='word_1_371' title='bbox 2169 2556 2348 2613; x_wconf 83' lang='grc' dir='ltr'>αὑτῶν</span> <span class='ocrx_word' id='word_1_372' title='bbox 2382 2554 2738 2609; x_wconf 83' lang='grc' dir='ltr'>διδασκαλιῶν</span> <span class='ocrx_word' id='word_1_373' title='bbox 2779 2550 3123 2623; x_wconf 84' lang='grc' dir='ltr'>ἁνιμώμενος</span> <span class='ocrx_word' id='word_1_374' title='bbox 3162 2547 3237 2611; x_wconf 81' lang='grc' dir='ltr'>ὡς</span> <span class='ocrx_word' id='word_1_375' title='bbox 3282 2542 3526 2615; x_wconf 81' lang='grc' dir='ltr'>καθαρὸν</span> <span class='ocrx_word' id='word_1_376' title='bbox 3575 2539 3744 2611; x_wconf 68' lang='grc' dir='ltr'>ὕδωρ,</span> 
     </span>
    </p>
   </div>
   <div class='ocr_carea' id='block_1_58' title="bbox 2169 2640 3256 2720">
    <p class='ocr_par' dir='ltr' id='par_1_58' title="bbox 2169 2640 3256 2720">
     <span class='ocr_line' id='line_1_58' title="bbox 2169 2640 3256 2720; baseline -0.011 -17"><span class='ocrx_word' id='word_1_377' title='bbox 2169 2648 2386 2719; x_wconf 81' lang='grc' dir='ltr'>ἀρδεύει</span> <span class='ocrx_word' id='word_1_378' title='bbox 2422 2649 2489 2720; x_wconf 69' lang='grc' dir='ltr'>ἢν</span> <span class='ocrx_word' id='word_1_379' title='bbox 2517 2646 2877 2701; x_wconf 79' lang='grc' dir='ltr'>πεπίστευται</span> <span class='ocrx_word' id='word_1_380' title='bbox 2909 2640 3256 2712; x_wconf 81' lang='grc' dir='ltr'>Ἐκκλησίαν.</span> 
     </span>
    </p>
   </div>
   <div class='ocr_carea' id='block_1_59' title="bbox 2240 2727 3736 2811">
    <p class='ocr_par' dir='ltr' id='par_1_59' title="bbox 2240 2727 3736 2811">
     <span class='ocr_line' id='line_1_59' title="bbox 2240 2727 3736 2811; baseline -0.011 -15"><span class='ocrx_word' id='word_1_381' title='bbox 2240 2741 2290 2810; x_wconf 82' lang='grc' dir='ltr'>γ’</span> <span class='ocrx_word' id='word_1_382' title='bbox 2317 2741 2412 2795; x_wconf 75' lang='grc' dir='ltr'>καὶ</span> <span class='ocrx_word' id='word_1_383' title='bbox 2446 2747 2515 2795; x_wconf 85' lang='grc' dir='ltr'>ια’</span> <span class='ocrx_word' id='word_1_384' title='bbox 2541 2739 2687 2811; x_wconf 81' lang='grc' dir='ltr'>σχόλ.</span> <span class='ocrx_word' id='word_1_385' title='bbox 2733 2738 2856 2793; x_wconf 87' lang='grc' dir='ltr'>Τῶν</span> <span class='ocrx_word' id='word_1_386' title='bbox 2884 2736 3194 2806; x_wconf 74' lang='grc' dir='ltr'>ἀρχόντων</span> <span class='ocrx_word' id='word_1_387' title='bbox 3233 2730 3340 2785; x_wconf 77' lang='grc' dir='ltr'><strong>τοῦ</strong></span> <span class='ocrx_word' id='word_1_388' title='bbox 3372 2728 3593 2795; x_wconf 68' lang='grc' dir='ltr'>αἰῶνος</span> <span class='ocrx_word' id='word_1_389' title='bbox 3621 2727 3736 2787; x_wconf 74' lang='grc' dir='ltr'><strong>τού-</strong></span> 
     </span>
    </p>
   </div>
   <div class='ocr_carea' id='block_1_60' title="bbox 2170 2830 2971 2902">
    <p class='ocr_par' dir='ltr' id='par_1_60' title="bbox 2170 2830 2971 2902">
     <span class='ocr_line' id='line_1_60' title="bbox 2170 2830 2971 2902; baseline -0.006 -16"><span class='ocrx_word' id='word_1_390' title='bbox 2170 2849 2278 2886; x_wconf 86' lang='grc' dir='ltr'><strong>του</strong></span> <span class='ocrx_word' id='word_1_391' title='bbox 2308 2830 2429 2885; x_wconf 88' lang='grc' dir='ltr'><strong>τῶν</strong></span> <span class='ocrx_word' id='word_1_392' title='bbox 2453 2830 2971 2902; x_wconf 62' lang='grc' dir='ltr'>καταργουμένων.</span> 
     </span>
    </p>
   </div>
   <div class='ocr_carea' id='block_1_61' title="bbox 2240 2908 3745 2989">
    <p class='ocr_par' dir='ltr' id='par_1_61' title="bbox 2240 2908 3745 2989">
     <span class='ocr_line' id='line_1_61' title="bbox 2240 2908 3745 2989; baseline -0.01 -14"><span class='ocrx_word' id='word_1_393' title='bbox 2240 2927 2289 2989; x_wconf 83' lang='grc' dir='ltr'>γ’</span> <span class='ocrx_word' id='word_1_394' title='bbox 2323 2920 2417 2975; x_wconf 70' lang='grc' dir='ltr'>καὶ</span> <span class='ocrx_word' id='word_1_395' title='bbox 2460 2926 2528 2974; x_wconf 82' lang='grc' dir='ltr'>ια’</span> <span class='ocrx_word' id='word_1_396' title='bbox 2558 2919 2737 2989; x_wconf 79' lang='grc' dir='ltr'>ἔλεγχ.</span> <span class='ocrx_word' id='word_1_397' title='bbox 2769 2919 2832 2971; x_wconf 77' lang='grc' dir='ltr'><strong>Εἰ</strong></span> <span class='ocrx_word' id='word_1_398' title='bbox 2862 2917 3122 2987; x_wconf 80' lang='grc' dir='ltr'>ἄρχοντες</span> <span class='ocrx_word' id='word_1_399' title='bbox 3171 2911 3268 2966; x_wconf 82' lang='grc' dir='ltr'><strong>τοῦ</strong></span> <span class='ocrx_word' id='word_1_400' title='bbox 3317 2911 3515 2973; x_wconf 74' lang='grc' dir='ltr'>αἰῶνος</span> <span class='ocrx_word' id='word_1_401' title='bbox 3563 2908 3745 2963; x_wconf 82' lang='grc' dir='ltr'>τούτου</span> 
     </span>
    </p>
   </div>
   <div class='ocr_carea' id='block_1_62' title="bbox 489 2994 2066 3084">
    <p class='ocr_par' dir='ltr' id='par_1_62' title="bbox 489 2994 2064 3069">
     <span class='ocr_line' id='line_1_62' title="bbox 489 2994 2064 3069; baseline -0.003 -14"><span class='ocrx_word' id='word_1_402' title='bbox 489 3000 678 3061; x_wconf 88' lang='lat' dir='ltr'><strong>multi,</strong></span> <span class='ocrx_word' id='word_1_403' title='bbox 710 2998 803 3069; x_wconf 91' lang='lat' dir='ltr'><strong>qui</strong></span> <span class='ocrx_word' id='word_1_404' title='bbox 833 2997 1052 3069; x_wconf 91' lang='lat' dir='ltr'><strong>quidem</strong></span> <span class='ocrx_word' id='word_1_405' title='bbox 1081 3006 1451 3063; x_wconf 89' lang='lat' dir='ltr'><strong>evacuantur,</strong></span> <span class='ocrx_word' id='word_1_406' title='bbox 1487 3012 1593 3051; x_wconf 93' lang='lat' dir='ltr'><strong>non</strong></span> <span class='ocrx_word' id='word_1_407' title='bbox 1625 2997 1793 3051; x_wconf 91' lang='lat' dir='ltr'><strong>trium</strong></span> <span class='ocrx_word' id='word_1_408' title='bbox 1830 2994 2064 3066; x_wconf 77' lang='lat' dir='ltr'><strong>amplius</strong></span> 
     </span>
    </p>
   </div>
   <div class='ocr_carea' id='block_1_63' title="bbox 2177 2994 3745 3084">
    <p class='ocr_par' dir='ltr' id='par_1_63' title="bbox 2177 3004 3745 3084">
     <span class='ocr_line' id='line_1_63' title="bbox 2177 3004 3745 3084; baseline -0.008 -16"><span class='ocrx_word' id='word_1_409' title='bbox 2177 3014 2356 3069; x_wconf 68' lang='grc' dir='ltr'>πολλοὶ</span> <span class='ocrx_word' id='word_1_410' title='bbox 2406 3011 2808 3084; x_wconf 85' lang='grc' dir='ltr'>καταργοῦνται</span> <span class='ocrx_word' id='word_1_411' title='bbox 2853 3010 2909 3064; x_wconf 79' lang='grc' dir='ltr'>δὲ</span> <span class='ocrx_word' id='word_1_412' title='bbox 2951 3011 3002 3062; x_wconf 86' lang='grc' dir='ltr'>οἱ</span> <span class='ocrx_word' id='word_1_413' title='bbox 3033 3007 3296 3072; x_wconf 78' lang='grc' dir='ltr'>τοιοῦτοι,</span> <span class='ocrx_word' id='word_1_414' title='bbox 3329 3004 3745 3076; x_wconf 66' lang='grc' dir='ltr'>ἀναγκασθήσῃ.</span> 
     </span>
    </p>
   </div>
   <div class='ocr_carea' id='block_1_64' title="bbox 490 3080 2066 3161">
    <p class='ocr_par' dir='ltr' id='par_1_64' title="bbox 490 3080 2066 3161">
     <span class='ocr_line' id='line_1_64' title="bbox 490 3080 2066 3161; baseline -0.003 -17"><span class='ocrx_word' id='word_1_415' title='bbox 490 3080 909 3161; x_wconf 83' lang='lat' dir='ltr'><strong>principiorum,</strong></span> <span class='ocrx_word' id='word_1_416' title='bbox 937 3086 1172 3155; x_wconf 80' lang='lat' dir='ltr'><strong>Marcio,</strong></span> <span class='ocrx_word' id='word_1_417' title='bbox 1218 3085 1418 3157; x_wconf 87' lang='lat' dir='ltr'><strong>stirpes</strong></span> <span class='ocrx_word' id='word_1_418' title='bbox 1465 3100 1530 3141; x_wconf 91' lang='lat' dir='ltr'><strong>ac</strong></span> <span class='ocrx_word' id='word_1_419' title='bbox 1565 3084 1777 3140; x_wconf 87' lang='lat' dir='ltr'><strong>radices</strong></span> <span class='ocrx_word' id='word_1_420' title='bbox 1810 3083 2066 3155; x_wconf 82' lang='lat' dir='ltr'><strong>indagare</strong></span> 
     </span>
    </p>
   </div>
   <div class='ocr_carea' id='block_1_65' title="bbox 488 3176 2069 3252">
    <p class='ocr_par' dir='ltr' id='par_1_65' title="bbox 488 3176 2069 3252">
     <span class='ocr_line' id='line_1_65' title="bbox 488 3176 2069 3252; baseline -0.003 -15"><span class='ocrx_word' id='word_1_421' title='bbox 488 3181 731 3252; x_wconf 88' lang='lat' dir='ltr'><strong>cogeris;</strong></span> <span class='ocrx_word' id='word_1_422' title='bbox 792 3180 886 3236; x_wconf 88' lang='lat' dir='ltr'><strong>sed</strong></span> <span class='ocrx_word' id='word_1_423' title='bbox 945 3179 1109 3234; x_wconf 87' lang='lat' dir='ltr'><strong>aliam</strong></span> <span class='ocrx_word' id='word_1_424' title='bbox 1166 3177 1510 3233; x_wconf 86' lang='lat' dir='ltr'><strong>comminisci</strong></span> <span class='ocrx_word' id='word_1_425' title='bbox 1572 3176 1845 3245; x_wconf 87' lang='lat' dir='ltr'><strong>fabulam,</strong></span> <span class='ocrx_word' id='word_1_426' title='bbox 1904 3182 2069 3246; x_wconf 89' lang='lat' dir='ltr'><strong>atque</strong></span> 
     </span>
    </p>
   </div>
   <div class='ocr_carea' id='block_1_66' title="bbox 490 3269 2070 3342">
    <p class='ocr_par' dir='ltr' id='par_1_66' title="bbox 490 3269 2070 3342">
     <span class='ocr_line' id='line_1_66' title="bbox 490 3269 2070 3342; baseline -0.001 -15"><span class='ocrx_word' id='word_1_427' title='bbox 490 3274 558 3335; x_wconf 86' lang='lat' dir='ltr'><strong>ad</strong></span> <span class='ocrx_word' id='word_1_428' title='bbox 593 3271 889 3327; x_wconf 89' lang='lat' dir='ltr'><strong>multorum</strong></span> <span class='ocrx_word' id='word_1_429' title='bbox 924 3270 1338 3342; x_wconf 87' lang='lat' dir='ltr'><strong>principiorum,</strong></span> <span class='ocrx_word' id='word_1_430' title='bbox 1370 3277 1425 3326; x_wconf 90' lang='lat' dir='ltr'><strong>et</strong></span> <span class='ocrx_word' id='word_1_431' title='bbox 1452 3270 1724 3335; x_wconf 84' lang='lat' dir='ltr'><strong>radicum,</strong></span> <span class='ocrx_word' id='word_1_432' title='bbox 1752 3278 1805 3325; x_wconf 92' lang='lat' dir='ltr'><strong>et</strong></span> <span class='ocrx_word' id='word_1_433' title='bbox 1831 3269 2070 3341; x_wconf 78' lang='lat' dir='ltr'><strong>ingentis</strong></span> 
     </span>
    </p>
   </div>
   <div class='ocr_carea' id='block_1_67' title="bbox 490 3360 2066 3433">
    <p class='ocr_par' dir='ltr' id='par_1_67' title="bbox 490 3360 2066 3433">
     <span class='ocr_line' id='line_1_67' title="bbox 490 3360 2066 3433; baseline -0.001 -16"><span class='ocrx_word' id='word_1_434' title='bbox 490 3362 724 3433; x_wconf 85' lang='lat' dir='ltr'><strong>alicujus</strong></span> <span class='ocrx_word' id='word_1_435' title='bbox 780 3361 1059 3433; x_wconf 72' lang='lat' dir='ltr'><strong>tragtndiae</strong></span> <span class='ocrx_word' id='word_1_436' title='bbox 1129 3360 1537 3431; x_wconf 88' lang='lat' dir='ltr'><strong>inquisitionem</strong></span> <span class='ocrx_word' id='word_1_437' title='bbox 1611 3365 1668 3415; x_wconf 88' lang='lat' dir='ltr'><strong>te</strong></span> <span class='ocrx_word' id='word_1_438' title='bbox 1723 3370 2066 3415; x_wconf 85' lang='lat' dir='ltr'><strong>convertere.</strong></span> 
     </span>
    </p>
   </div>
   <div class='ocr_carea' id='block_1_68' title="bbox 489 3450 2072 3524">
    <p class='ocr_par' dir='ltr' id='par_1_68' title="bbox 489 3450 2072 3524">
     <span class='ocr_line' id='line_1_68' title="bbox 489 3450 2072 3524; baseline -0.003 -14"><span class='ocrx_word' id='word_1_439' title='bbox 489 3455 736 3524; x_wconf 83' lang='lat' dir='ltr'><strong>Cumque</strong></span> <span class='ocrx_word' id='word_1_440' title='bbox 771 3454 960 3508; x_wconf 87' lang='lat' dir='ltr'><strong>nescio</strong></span> <span class='ocrx_word' id='word_1_441' title='bbox 993 3451 1123 3523; x_wconf 86' lang='lat' dir='ltr'><strong>quid</strong></span> <span class='ocrx_word' id='word_1_442' title='bbox 1161 3451 1497 3506; x_wconf 87' lang='lat' dir='ltr'><strong>calumniose</strong></span> <span class='ocrx_word' id='word_1_443' title='bbox 1544 3450 1850 3517; x_wconf 78' lang='lat' dir='ltr'><strong>struxeris;</strong></span> <span class='ocrx_word' id='word_1_444' title='bbox 1892 3465 2072 3520; x_wconf 87' lang='lat' dir='ltr'><strong>neque</strong></span> 
     </span>
    </p>
   </div>
   <div class='ocr_carea' id='block_1_69' title="bbox 490 3540 2068 3614">
    <p class='ocr_par' dir='ltr' id='par_1_69' title="bbox 490 3540 2068 3614">
     <span class='ocr_line' id='line_1_69' title="bbox 490 3540 2068 3614; baseline -0.004 -14"><span class='ocrx_word' id='word_1_445' title='bbox 490 3546 638 3601; x_wconf 85' lang='lat' dir='ltr'><strong>enim</strong></span> <span class='ocrx_word' id='word_1_446' title='bbox 683 3544 930 3599; x_wconf 85' lang='lat' dir='ltr'><strong>invenire</strong></span> <span class='ocrx_word' id='word_1_447' title='bbox 975 3543 1182 3614; x_wconf 89' lang='lat' dir='ltr'><strong>poteris</strong></span> <span class='ocrx_word' id='word_1_448' title='bbox 1236 3540 1694 3612; x_wconf 86' lang='lat' dir='ltr'><strong>quemadmodum</strong></span> <span class='ocrx_word' id='word_1_449' title='bbox 1743 3541 1911 3597; x_wconf 81' lang='lat' dir='ltr'><strong>verba</strong></span> <span class='ocrx_word' id='word_1_450' title='bbox 1953 3541 2068 3607; x_wconf 86' lang='lat' dir='ltr'><strong>illa,</strong></span> 
     </span>
    </p>
   </div>
   <div class='ocr_carea' id='block_1_70' title="bbox 491 3620 2073 3703">
    <p class='ocr_par' dir='ltr' id='par_1_70' title="bbox 491 3620 2073 3703">
     <span class='ocr_line' id='line_1_70' title="bbox 491 3620 2073 3703; baseline -0.003 -12"><span class='ocrx_word' id='word_1_451' title='bbox 491 3637 581 3702; x_wconf 85' lang='lat' dir='ltr'><strong>qui</strong></span> <span class='ocrx_word' id='word_1_452' title='bbox 613 3643 968 3700; x_wconf 77' lang='lat' dir='ltr'><strong>evacuantur,</strong></span> <span class='ocrx_word' id='word_1_453' title='bbox 998 3620 1399 3699; x_wconf 71' lang='lat' dir='ltr'><strong>accommodes,</strong></span> <span class='ocrx_word' id='word_1_454' title='bbox 1429 3648 1494 3689; x_wconf 81' lang='lat' dir='ltr'><strong>ex</strong></span> <span class='ocrx_word' id='word_1_455' title='bbox 1517 3632 1620 3689; x_wconf 92' lang='lat' dir='ltr'><strong>hoc</strong></span> <span class='ocrx_word' id='word_1_456' title='bbox 1641 3633 1760 3703; x_wconf 91' lang='lat' dir='ltr'><strong>ipso</strong></span> <span class='ocrx_word' id='word_1_457' title='bbox 1780 3633 2073 3688; x_wconf 83' lang='lat' dir='ltr'><strong>evacuandi</strong></span> 
     </span>
    </p>
   </div>
   <div class='ocr_carea' id='block_1_71' title="bbox 492 3723 2069 3796">
    <p class='ocr_par' dir='ltr' id='par_1_71' title="bbox 492 3723 2069 3796">
     <span class='ocr_line' id='line_1_71' title="bbox 492 3723 2069 3796; baseline 0 -18"><span class='ocrx_word' id='word_1_458' title='bbox 492 3727 761 3783; x_wconf 88' lang='lat' dir='ltr'><strong>vocabulo</strong></span> <span class='ocrx_word' id='word_1_459' title='bbox 792 3735 916 3781; x_wconf 88' lang='lat' dir='ltr'><strong>ruat</strong></span> <span class='ocrx_word' id='word_1_460' title='bbox 942 3726 1033 3780; x_wconf 88' lang='lat' dir='ltr'><strong>illa</strong></span> <span class='ocrx_word' id='word_1_461' title='bbox 1057 3739 1287 3781; x_wconf 87' lang='lat' dir='ltr'><strong>necesse</strong></span> <span class='ocrx_word' id='word_1_462' title='bbox 1317 3732 1424 3790; x_wconf 90' lang='lat' dir='ltr'><strong>est,</strong></span> <span class='ocrx_word' id='word_1_463' title='bbox 1453 3724 1617 3796; x_wconf 87' lang='lat' dir='ltr'><strong>quam</strong></span> <span class='ocrx_word' id='word_1_464' title='bbox 1651 3723 1828 3796; x_wconf 84' lang='lat' dir='ltr'><strong>lingis,</strong></span> <span class='ocrx_word' id='word_1_465' title='bbox 1861 3723 2069 3794; x_wconf 89' lang='lat' dir='ltr'><strong>princi-</strong></span> 
     </span>
    </p>
   </div>
   <div class='ocr_carea' id='block_1_72' title="bbox 491 3814 2068 3891">
    <p class='ocr_par' dir='ltr' id='par_1_72' title="bbox 491 3814 2068 3891">
     <span class='ocr_line' id='line_1_72' title="bbox 491 3814 2068 3891; baseline -0.003 -17"><span class='ocrx_word' id='word_1_466' title='bbox 491 3819 703 3891; x_wconf 87' lang='lat' dir='ltr'><strong>piorum</strong></span> <span class='ocrx_word' id='word_1_467' title='bbox 730 3817 882 3873; x_wconf 82' lang='lat' dir='ltr'><strong>radix</strong></span> <span class='ocrx_word' id='word_1_468' title='bbox 909 3832 1104 3873; x_wconf 89' lang='lat' dir='ltr'><strong>carens</strong></span> <span class='ocrx_word' id='word_1_469' title='bbox 1138 3814 1258 3886; x_wconf 85' lang='lat' dir='ltr'><strong>ipso</strong></span> <span class='ocrx_word' id='word_1_470' title='bbox 1292 3815 1580 3889; x_wconf 90' lang='lat' dir='ltr'><strong>principio.</strong></span> <span class='ocrx_word' id='word_1_471' title='bbox 1615 3814 1892 3886; x_wconf 84' lang='lat' dir='ltr'><strong>Quidquid</strong></span> <span class='ocrx_word' id='word_1_472' title='bbox 1923 3815 2068 3870; x_wconf 90' lang='lat' dir='ltr'><strong>enim</strong></span> 
     </span>
    </p>
   </div>
   <div class='ocr_carea' id='block_1_73' title="bbox 489 3907 2069 3980">
    <p class='ocr_par' dir='ltr' id='par_1_73' title="bbox 489 3907 2069 3980">
     <span class='ocr_line' id='line_1_73' title="bbox 489 3907 2069 3980; baseline -0.006 -12"><span class='ocrx_word' id='word_1_473' title='bbox 489 3910 693 3968; x_wconf 84' lang='lat' dir='ltr'><strong>desinit</strong></span> <span class='ocrx_word' id='word_1_474' title='bbox 736 3908 1052 3980; x_wconf 85' lang='lat' dir='ltr'><strong>aliquando.</strong></span> <span class='ocrx_word' id='word_1_475' title='bbox 1098 3907 1494 3980; x_wconf 86' lang='lat' dir='ltr'><strong>sempiternum</strong></span> <span class='ocrx_word' id='word_1_476' title='bbox 1532 3921 1657 3962; x_wconf 86' lang='lat' dir='ltr'><strong>esse</strong></span> <span class='ocrx_word' id='word_1_477' title='bbox 1699 3920 1810 3960; x_wconf 90' lang='lat' dir='ltr'><strong>non</strong></span> <span class='ocrx_word' id='word_1_478' title='bbox 1860 3913 2069 3976; x_wconf 87' lang='lat' dir='ltr'><strong>potest;</strong></span> 
     </span>
    </p>
   </div>
   <div class='ocr_carea' id='block_1_74' title="bbox 490 3997 2069 4074">
    <p class='ocr_par' dir='ltr' id='par_1_74' title="bbox 490 3997 2069 4074">
     <span class='ocr_line' id='line_1_74' title="bbox 490 3997 2069 4074; baseline -0.006 -13"><span class='ocrx_word' id='word_1_479' title='bbox 490 4003 587 4061; x_wconf 73' lang='lat' dir='ltr'><strong>sed</strong></span> <span class='ocrx_word' id='word_1_480' title='bbox 607 4003 653 4061; x_wconf 90' lang='lat' dir='ltr'><strong>si</strong></span> <span class='ocrx_word' id='word_1_481' title='bbox 681 4002 1011 4074; x_wconf 88' lang='lat' dir='ltr'><strong>principium</strong></span> <span class='ocrx_word' id='word_1_482' title='bbox 1037 4000 1257 4071; x_wconf 88' lang='lat' dir='ltr'><strong>aliquod</strong></span> <span class='ocrx_word' id='word_1_483' title='bbox 1284 3997 1429 4055; x_wconf 88' lang='lat' dir='ltr'><strong>unde</strong></span> <span class='ocrx_word' id='word_1_484' title='bbox 1452 4013 1576 4055; x_wconf 89' lang='lat' dir='ltr'><strong>esse</strong></span> <span class='ocrx_word' id='word_1_485' title='bbox 1602 3999 1771 4069; x_wconf 85' lang='lat' dir='ltr'><strong>coepit</strong></span> <span class='ocrx_word' id='word_1_486' title='bbox 1795 3997 2069 4062; x_wconf 86' lang='lat' dir='ltr'><strong>habuerit,</strong></span> 
     </span>
    </p>
   </div>
   <div class='ocr_carea' id='block_1_75' title="bbox 491 4088 2072 4166">
    <p class='ocr_par' dir='ltr' id='par_1_75' title="bbox 491 4088 2072 4166">
     <span class='ocr_line' id='line_1_75' title="bbox 491 4088 2072 4166; baseline -0.006 -15"><span class='ocrx_word' id='word_1_487' title='bbox 491 4098 653 4151; x_wconf 77' lang='lat' dir='ltr'><strong>linem</strong></span> <span class='ocrx_word' id='word_1_488' title='bbox 699 4095 925 4166; x_wconf 87' lang='lat' dir='ltr'><strong>insuper</strong></span> <span class='ocrx_word' id='word_1_489' title='bbox 968 4091 1257 4148; x_wconf 87' lang='lat' dir='ltr'><strong>obtinebit.</strong></span> <span class='ocrx_word' id='word_1_490' title='bbox 1307 4088 1452 4145; x_wconf 83' lang='lat' dir='ltr'><strong>Fieri</strong></span> <span class='ocrx_word' id='word_1_491' title='bbox 1516 4088 1720 4160; x_wconf 81' lang='lat' dir='ltr'><strong>quippe</strong></span> <span class='ocrx_word' id='word_1_492' title='bbox 1767 4088 1957 4159; x_wconf 88' lang='lat' dir='ltr'><strong>nequit</strong></span> <span class='ocrx_word' id='word_1_493' title='bbox 2013 4095 2072 4142; x_wconf 87' lang='lat' dir='ltr'><strong>ut</strong></span> 
     </span>
    </p>
   </div>
   <div class='ocr_carea' id='block_1_76' title="bbox 489 4181 2067 4259">
    <p class='ocr_par' dir='ltr' id='par_1_76' title="bbox 489 4181 2067 4259">
     <span class='ocr_line' id='line_1_76' title="bbox 489 4181 2067 4259; baseline -0.005 -18"><span class='ocrx_word' id='word_1_494' title='bbox 489 4186 634 4258; x_wconf 87' lang='lat' dir='ltr'><strong>quod</strong></span> <span class='ocrx_word' id='word_1_495' title='bbox 665 4185 994 4256; x_wconf 86' lang='lat' dir='ltr'><strong>principium</strong></span> <span class='ocrx_word' id='word_1_496' title='bbox 1031 4182 1195 4239; x_wconf 85' lang='lat' dir='ltr'><strong>habet</strong></span> <span class='ocrx_word' id='word_1_497' title='bbox 1233 4196 1469 4252; x_wconf 84' lang='lat' dir='ltr'><strong>perenne</strong></span> <span class='ocrx_word' id='word_1_498' title='bbox 1505 4181 1575 4237; x_wconf 88' lang='lat' dir='ltr'><strong>sit</strong></span> <span class='ocrx_word' id='word_1_499' title='bbox 1619 4194 1685 4259; x_wconf 78' lang='lat' dir='ltr'><strong>ac</strong></span> <span class='ocrx_word' id='word_1_500' title='bbox 1722 4189 2067 4251; x_wconf 89' lang='lat' dir='ltr'><strong>perpetuum.</strong></span> 
     </span>
    </p>
   </div>
   <div class='ocr_carea' id='block_1_77' title="bbox 2169 3094 3746 3178">
    <p class='ocr_par' dir='ltr' id='par_1_77' title="bbox 2169 3094 3746 3178">
     <span class='ocr_line' id='line_1_77' title="bbox 2169 3094 3746 3178; baseline -0.009 -17"><span class='ocrx_word' id='word_1_501' title='bbox 2169 3102 2215 3162; x_wconf 79' lang='grc' dir='ltr'><strong>ὦ</strong></span> <span class='ocrx_word' id='word_1_502' title='bbox 2248 3106 2536 3178; x_wconf 73' lang='grc' dir='ltr'>Μαρκίων,</span> <span class='ocrx_word' id='word_1_503' title='bbox 2559 3102 2741 3158; x_wconf 69' lang='grc' dir='ltr'>ούνέτι</span> <span class='ocrx_word' id='word_1_504' title='bbox 2767 3102 2939 3174; x_wconf 81' lang='grc' dir='ltr'>τριῶν</span> <span class='ocrx_word' id='word_1_505' title='bbox 2969 3100 3154 3174; x_wconf 82' lang='grc' dir='ltr'>ἀρχῶν</span> <span class='ocrx_word' id='word_1_506' title='bbox 3174 3100 3196 3133; x_wconf 67' lang='grc'>⁸</span> <span class='ocrx_word' id='word_1_507' title='bbox 3225 3099 3409 3170; x_wconf 76' lang='grc' dir='ltr'>ζητεῖν</span> <span class='ocrx_word' id='word_1_508' title='bbox 3438 3096 3541 3158; x_wconf 80' lang='grc' dir='ltr'>τὰς</span> <span class='ocrx_word' id='word_1_509' title='bbox 3563 3094 3714 3167; x_wconf 71' lang='grc' dir='ltr'>ῥίζας</span> <span class='ocrx_word' id='word_1_510' title='bbox 3732 3110 3746 3125; x_wconf 77' lang='grc' dir='ltr'><strong>ο</strong></span> 
     </span>
    </p>
   </div>
   <div class='ocr_carea' id='block_1_78' title="bbox 2170 3186 3748 3268">
    <p class='ocr_par' dir='ltr' id='par_1_78' title="bbox 2170 3186 3748 3268">
     <span class='ocr_line' id='line_1_78' title="bbox 2170 3186 3748 3268; baseline -0.009 -15"><span class='ocrx_word' id='word_1_511' title='bbox 2170 3198 2284 3253; x_wconf 78' lang='grc' dir='ltr'>ἀλλ’</span> <span class='ocrx_word' id='word_1_512' title='bbox 2316 3196 2613 3268; x_wconf 80' lang='grc' dir='ltr'>ἐρευνήσας</span> <span class='ocrx_word' id='word_1_513' title='bbox 2640 3193 2800 3248; x_wconf 79' lang='grc' dir='ltr'>ἄλλον</span> <span class='ocrx_word' id='word_1_514' title='bbox 2836 3192 3003 3265; x_wconf 82' lang='grc' dir='ltr'>μῦθον</span> <span class='ocrx_word' id='word_1_515' title='bbox 3038 3188 3246 3246; x_wconf 63' lang='grc' dir='ltr'>πολλῶν</span> <span class='ocrx_word' id='word_1_516' title='bbox 3283 3189 3469 3262; x_wconf 83' lang='grc' dir='ltr'>ἀρχῶν</span> <span class='ocrx_word' id='word_1_517' title='bbox 3499 3190 3596 3241; x_wconf 69' lang='grc' dir='ltr'>καὶ</span> <span class='ocrx_word' id='word_1_518' title='bbox 3623 3186 3748 3241; x_wconf 78' lang='grc' dir='ltr'>πολ-</span> 
     </span>
    </p>
   </div>
   <div class='ocr_carea' id='block_1_79' title="bbox 2169 3280 3750 3357">
    <p class='ocr_par' dir='ltr' id='par_1_79' title="bbox 2169 3280 3750 3357">
     <span class='ocr_line' id='line_1_79' title="bbox 2169 3280 3750 3357; baseline -0.008 -16"><span class='ocrx_word' id='word_1_519' title='bbox 2169 3287 2281 3342; x_wconf 87' lang='grc' dir='ltr'><strong>λῶν</strong></span> <span class='ocrx_word' id='word_1_520' title='bbox 2312 3286 2498 3357; x_wconf 82' lang='grc' dir='ltr'>ῥιζῶν,</span> <span class='ocrx_word' id='word_1_521' title='bbox 2532 3286 2626 3340; x_wconf 76' lang='grc' dir='ltr'>καὶ</span> <span class='ocrx_word' id='word_1_522' title='bbox 2665 3285 2866 3357; x_wconf 82' lang='grc' dir='ltr'>πολλῆς</span> <span class='ocrx_word' id='word_1_523' title='bbox 2904 3282 3233 3356; x_wconf 78' lang='grc' dir='ltr'>τραγῳδίας.</span> <span class='ocrx_word' id='word_1_524' title='bbox 3274 3281 3386 3334; x_wconf 68' lang='grc' dir='ltr'><strong>Καὶ</strong></span> <span class='ocrx_word' id='word_1_525' title='bbox 3425 3280 3558 3332; x_wconf 76' lang='grc' dir='ltr'>ὅταν</span> <span class='ocrx_word' id='word_1_526' title='bbox 3599 3293 3750 3330; x_wconf 65' lang='lat' dir='ltr'><strong>auuo-</strong></span> 
     </span>
    </p>
   </div>
   <div class='ocr_carea' id='block_1_80' title="bbox 2172 3368 3750 3453">
    <p class='ocr_par' dir='ltr' id='par_1_80' title="bbox 2172 3368 3750 3453">
     <span class='ocr_line' id='line_1_80' title="bbox 2172 3368 3750 3453; baseline -0.008 -20"><span class='ocrx_word' id='word_1_527' title='bbox 2172 3377 2387 3453; x_wconf 75' lang='grc' dir='ltr'>φαντῶν</span> <span class='ocrx_word' id='word_1_528' title='bbox 2420 3378 2635 3448; x_wconf 73' lang='grc' dir='ltr'>πλάσῃς</span> <span class='ocrx_word' id='word_1_529' title='bbox 2657 3395 2671 3407; x_wconf 78' lang='grc'><em>’</em></span> <span class='ocrx_word' id='word_1_530' title='bbox 2704 3378 2767 3430; x_wconf 85' lang='grc' dir='ltr'>οὐ</span> <span class='ocrx_word' id='word_1_531' title='bbox 2817 3375 2927 3447; x_wconf 85' lang='grc' dir='ltr'>γὰρ</span> <span class='ocrx_word' id='word_1_532' title='bbox 2964 3374 3145 3446; x_wconf 72' lang='grc' dir='ltr'>εὕροις</span> <span class='ocrx_word' id='word_1_533' title='bbox 3186 3369 3521 3442; x_wconf 75' lang='grc' dir='ltr'>συναντῆσαι</span> <span class='ocrx_word' id='word_1_534' title='bbox 3561 3386 3645 3422; x_wconf 85' lang='grc' dir='ltr'><strong>σοι</strong></span> <span class='ocrx_word' id='word_1_535' title='bbox 3672 3368 3750 3427; x_wconf 74' lang='grc' dir='ltr'>τὸ.</span> 
     </span>
    </p>
   </div>
   <div class='ocr_carea' id='block_1_81' title="bbox 2170 3460 3750 3538">
    <p class='ocr_par' dir='ltr' id='par_1_81' title="bbox 2170 3460 3750 3538">
     <span class='ocr_line' id='line_1_81' title="bbox 2170 3460 3750 3538; baseline -0.008 -15"><span class='ocrx_word' id='word_1_536' title='bbox 2170 3466 2668 3538; x_wconf 73' lang='grc' dir='ltr'>καταργουμένων</span> <span class='ocrx_word' id='word_1_537' title='bbox 2692 3484 2706 3498; x_wconf 72' lang='grc'><strong>⁸</strong></span> <span class='ocrx_word' id='word_1_538' title='bbox 2762 3468 2828 3522; x_wconf 81' lang='grc' dir='ltr'><strong>ἐκ</strong></span> <span class='ocrx_word' id='word_1_539' title='bbox 2883 3466 2941 3520; x_wconf 85' lang='grc' dir='ltr'>δὲ</span> <span class='ocrx_word' id='word_1_540' title='bbox 2993 3463 3089 3519; x_wconf 85' lang='grc' dir='ltr'><strong>τοῦ</strong></span> <span class='ocrx_word' id='word_1_541' title='bbox 3134 3463 3295 3531; x_wconf 80' lang='grc' dir='ltr'>λόγου</span> <span class='ocrx_word' id='word_1_542' title='bbox 3347 3460 3443 3515; x_wconf 88' lang='grc' dir='ltr'><strong>τοῦ</strong></span> <span class='ocrx_word' id='word_1_543' title='bbox 3504 3460 3750 3528; x_wconf 78' lang='grc' dir='ltr'>λέγοντος</span> 
     </span>
    </p>
   </div>
   <div class='ocr_carea' id='block_1_82' title="bbox 2171 3551 3748 3628">
    <p class='ocr_par' dir='ltr' id='par_1_82' title="bbox 2171 3551 3748 3628">
     <span class='ocr_line' id='line_1_82' title="bbox 2171 3551 3748 3628; baseline -0.006 -16"><span class='ocrx_word' id='word_1_544' title='bbox 2171 3557 2671 3628; x_wconf 73' lang='grc' dir='ltr'>καταργουμένων</span> <span class='ocrx_word' id='word_1_545' title='bbox 2701 3555 3123 3628; x_wconf 79' lang='grc' dir='ltr'>ἀναιρεθήσεται</span> <span class='ocrx_word' id='word_1_546' title='bbox 3157 3557 3190 3625; x_wconf 85' lang='grc' dir='ltr'>ἡ</span> <span class='ocrx_word' id='word_1_547' title='bbox 3226 3551 3381 3625; x_wconf 73' lang='grc' dir='ltr'>παρὰ</span> <span class='ocrx_word' id='word_1_548' title='bbox 3419 3551 3517 3605; x_wconf 76' lang='grc' dir='ltr'><strong>σοῦ</strong></span> <span class='ocrx_word' id='word_1_549' title='bbox 3553 3568 3748 3620; x_wconf 80' lang='grc' dir='ltr'>φαντα-</span> 
     </span>
    </p>
   </div>
   <div class='ocr_carea' id='block_1_83' title="bbox 2171 3641 3749 3721">
    <p class='ocr_par' dir='ltr' id='par_1_83' title="bbox 2171 3641 3749 3721">
     <span class='ocr_line' id='line_1_83' title="bbox 2171 3641 3749 3721; baseline -0.007 -18"><span class='ocrx_word' id='word_1_550' title='bbox 2171 3647 2372 3720; x_wconf 80' lang='grc' dir='ltr'>ζομένη</span> <span class='ocrx_word' id='word_1_551' title='bbox 2400 3648 2635 3721; x_wconf 76' lang='grc' dir='ltr'>ἄναρχος</span> <span class='ocrx_word' id='word_1_552' title='bbox 2663 3648 2773 3701; x_wconf 85' lang='grc' dir='ltr'><strong>τῶν</strong></span> <span class='ocrx_word' id='word_1_553' title='bbox 2802 3646 2989 3718; x_wconf 83' lang='grc' dir='ltr'>ἀρχῶν</span> <span class='ocrx_word' id='word_1_554' title='bbox 3024 3645 3169 3717; x_wconf 77' lang='grc' dir='ltr'>ρίζα.</span> <span class='ocrx_word' id='word_1_555' title='bbox 3206 3645 3323 3698; x_wconf 74' lang='grc' dir='ltr'><strong>Πᾶν</strong></span> <span class='ocrx_word' id='word_1_556' title='bbox 3350 3641 3460 3713; x_wconf 84' lang='grc' dir='ltr'>γὰρ</span> <span class='ocrx_word' id='word_1_557' title='bbox 3488 3642 3552 3695; x_wconf 81' lang='grc' dir='ltr'>τὸ</span> <span class='ocrx_word' id='word_1_558' title='bbox 3593 3642 3749 3711; x_wconf 83' lang='grc' dir='ltr'>λῆγον</span> 
     </span>
    </p>
   </div>
   <div class='ocr_carea' id='block_1_84' title="bbox 2169 3730 3746 3813">
    <p class='ocr_par' dir='ltr' id='par_1_84' title="bbox 2169 3730 3746 3813">
     <span class='ocr_line' id='line_1_84' title="bbox 2169 3730 3746 3813; baseline -0.006 -18"><span class='ocrx_word' id='word_1_559' title='bbox 2169 3742 2273 3795; x_wconf 79' lang='grc' dir='ltr'>οὐκ</span> <span class='ocrx_word' id='word_1_560' title='bbox 2304 3741 2474 3795; x_wconf 78' lang='grc' dir='ltr'>ἀΐδιον</span> <span class='ocrx_word' id='word_1_561' title='bbox 2506 3740 2771 3813; x_wconf 82' lang='grc' dir='ltr'>ὑπάρχει·</span> <span class='ocrx_word' id='word_1_562' title='bbox 2801 3737 2941 3794; x_wconf 78' lang='grc' dir='ltr'>ἀλλὰ</span> <span class='ocrx_word' id='word_1_563' title='bbox 2977 3740 3026 3792; x_wconf 90' lang='grc' dir='ltr'><strong>εί</strong></span> <span class='ocrx_word' id='word_1_564' title='bbox 3071 3738 3249 3810; x_wconf 84' lang='grc' dir='ltr'>ἀρχὴν</span> <span class='ocrx_word' id='word_1_565' title='bbox 3294 3735 3422 3806; x_wconf 69' lang='grc' dir='ltr'>ἔσχε</span> <span class='ocrx_word' id='word_1_566' title='bbox 3453 3732 3552 3788; x_wconf 85' lang='grc' dir='ltr'><strong>τοῦ</strong></span> <span class='ocrx_word' id='word_1_567' title='bbox 3593 3730 3746 3794; x_wconf 79' lang='grc' dir='ltr'>εἶναι,</span> 
     </span>
    </p>
   </div>
   <div class='ocr_carea' id='block_1_85' title="bbox 2173 3824 3751 3903">
    <p class='ocr_par' dir='ltr' id='par_1_85' title="bbox 2173 3824 3751 3903">
     <span class='ocr_line' id='line_1_85' title="bbox 2173 3824 3751 3903; baseline -0.001 -16"><span class='ocrx_word' id='word_1_568' title='bbox 2173 3834 2271 3887; x_wconf 77' lang='grc' dir='ltr'>καὶ</span> <span class='ocrx_word' id='word_1_569' title='bbox 2295 3833 2448 3898; x_wconf 79' lang='grc' dir='ltr'>τέλος</span> <span class='ocrx_word' id='word_1_570' title='bbox 2488 3831 2696 3903; x_wconf 79' lang='grc' dir='ltr'>ὑφέξει.</span> <span class='ocrx_word' id='word_1_571' title='bbox 2741 3831 3024 3887; x_wconf 78' lang='grc' dir='ltr'>’Δδύνατον</span> <span class='ocrx_word' id='word_1_572' title='bbox 3052 3829 3162 3901; x_wconf 86' lang='grc' dir='ltr'>γὰρ</span> <span class='ocrx_word' id='word_1_573' title='bbox 3199 3828 3264 3882; x_wconf 76' lang='grc' dir='ltr'>τὸ</span> <span class='ocrx_word' id='word_1_574' title='bbox 3306 3827 3483 3898; x_wconf 78' lang='grc' dir='ltr'>ἀρχὴν</span> <span class='ocrx_word' id='word_1_575' title='bbox 3522 3824 3751 3896; x_wconf 71' lang='grc' dir='ltr'>ἐσχηκδς</span> 
     </span>
    </p>
   </div>
   <div class='ocr_carea' id='block_1_86' title="bbox 2171 3917 3747 3995">
    <p class='ocr_par' dir='ltr' id='par_1_86' title="bbox 2171 3917 3747 3995">
     <span class='ocr_line' id='line_1_86' title="bbox 2171 3917 3747 3995; baseline -0.006 -15"><span class='ocrx_word' id='word_1_576' title='bbox 2171 3924 2500 3991; x_wconf 81' lang='grc' dir='ltr'>διαιωνίζειν</span> <span class='ocrx_word' id='word_1_577' title='bbox 2544 3924 2768 3989; x_wconf 81' lang='grc' dir='ltr'>ἀϊδίως’</span> <span class='ocrx_word' id='word_1_578' title='bbox 2800 3926 2848 3978; x_wconf 84' lang='grc' dir='ltr'><strong>εί</strong></span> <span class='ocrx_word' id='word_1_579' title='bbox 2899 3923 3057 3995; x_wconf 82' lang='grc' dir='ltr'>μήτι</span> <span class='ocrx_word' id='word_1_580' title='bbox 3106 3920 3173 3976; x_wconf 84' lang='grc' dir='ltr'>ἂν</span> <span class='ocrx_word' id='word_1_581' title='bbox 3202 3920 3345 3974; x_wconf 77' lang='grc' dir='ltr'>θέλοι</span> <span class='ocrx_word' id='word_1_582' title='bbox 3374 3918 3438 3972; x_wconf 81' lang='grc' dir='ltr'>τὸ</span> <span class='ocrx_word' id='word_1_583' title='bbox 3480 3917 3541 3972; x_wconf 81' lang='grc' dir='ltr'>ὃν</span> <span class='ocrx_word' id='word_1_584' title='bbox 3586 3919 3747 3971; x_wconf 72' lang='grc' dir='ltr'>αῐτιεν</span> 
     </span>
    </p>
   </div>
   <div class='ocr_carea' id='block_1_87' title="bbox 2170 4006 3745 4089">
    <p class='ocr_par' dir='ltr' id='par_1_87' title="bbox 2170 4006 3745 4089">
     <span class='ocr_line' id='line_1_87' title="bbox 2170 4006 3745 4089; baseline -0.008 -17"><span class='ocrx_word' id='word_1_585' title='bbox 2170 4018 2463 4089; x_wconf 77' lang='grc' dir='ltr'>γενόμενον</span> <span class='ocrx_word' id='word_1_586' title='bbox 2486 4017 2581 4072; x_wconf 85' lang='grc' dir='ltr'><strong>τοῦ</strong></span> <span class='ocrx_word' id='word_1_587' title='bbox 2614 4018 2687 4089; x_wconf 82' lang='grc' dir='ltr'>μή</span> <span class='ocrx_word' id='word_1_588' title='bbox 2734 4033 2864 4070; x_wconf 88' lang='grc' dir='ltr'>ποτε</span> <span class='ocrx_word' id='word_1_589' title='bbox 2931 4015 3119 4079; x_wconf 80' lang='grc' dir='ltr'>δντος,</span> <span class='ocrx_word' id='word_1_590' title='bbox 3165 4010 3480 4084; x_wconf 77' lang='grc' dir='ltr'>ἀρξαμένου</span> <span class='ocrx_word' id='word_1_591' title='bbox 3549 4010 3608 4063; x_wconf 81' lang='grc' dir='ltr'>δὲ</span> <span class='ocrx_word' id='word_1_592' title='bbox 3659 4006 3745 4062; x_wconf 73' lang='grc' dir='ltr'><strong>τοῦ</strong></span> 
     </span>
    </p>
   </div>
   <div class='ocr_carea' id='block_1_88' title="bbox 2172 4100 3745 4178">
    <p class='ocr_par' dir='ltr' id='par_1_88' title="bbox 2172 4100 3745 4178">
     <span class='ocr_line' id='line_1_88' title="bbox 2172 4100 3745 4178; baseline -0.008 -15"><span class='ocrx_word' id='word_1_593' title='bbox 2172 4104 2334 4163; x_wconf 83' lang='grc' dir='ltr'>εἶναι.</span> <span class='ocrx_word' id='word_1_594' title='bbox 2378 4108 2453 4162; x_wconf 84' lang='grc' dir='ltr'><strong>Τὸ</strong></span> <span class='ocrx_word' id='word_1_595' title='bbox 2484 4108 2542 4162; x_wconf 82' lang='grc' dir='ltr'>δὲ</span> <span class='ocrx_word' id='word_1_596' title='bbox 2585 4106 2646 4161; x_wconf 84' lang='grc' dir='ltr'>ὃν</span> <span class='ocrx_word' id='word_1_597' title='bbox 2678 4107 2797 4161; x_wconf 71' lang='grc' dir='ltr'>ἐστὶ</span> <span class='ocrx_word' id='word_1_598' title='bbox 2852 4104 3070 4178; x_wconf 79' lang='grc' dir='ltr'>Πατὴρ,</span> <span class='ocrx_word' id='word_1_599' title='bbox 3101 4106 3197 4160; x_wconf 74' lang='grc' dir='ltr'>καὶ</span> <span class='ocrx_word' id='word_1_600' title='bbox 3245 4102 3407 4166; x_wconf 78' lang='grc' dir='ltr'>Υἱὸς,</span> <span class='ocrx_word' id='word_1_601' title='bbox 3447 4100 3547 4155; x_wconf 70' lang='grc' dir='ltr'>καὶ</span> <span class='ocrx_word' id='word_1_602' title='bbox 3600 4102 3745 4169; x_wconf 83' lang='grc' dir='ltr'>ἆγιον</span> 
     </span>
    </p>
   </div>
   <div class='ocr_carea' id='block_1_89' title="bbox 2173 4190 3745 4271">
    <p class='ocr_par' dir='ltr' id='par_1_89' title="bbox 2173 4190 3745 4271">
     <span class='ocr_line' id='line_1_89' title="bbox 2173 4190 3745 4271; baseline -0.007 -17"><span class='ocrx_word' id='word_1_603' title='bbox 2173 4199 2432 4271; x_wconf 68' lang='grc' dir='ltr'>Πνεῦμιν</span> <span class='ocrx_word' id='word_1_604' title='bbox 2473 4199 2534 4253; x_wconf 82' lang='grc' dir='ltr'>τὸ</span> <span class='ocrx_word' id='word_1_605' title='bbox 2563 4199 2620 4253; x_wconf 82' lang='grc' dir='ltr'>δὲ</span> <span class='ocrx_word' id='word_1_606' title='bbox 2656 4198 2731 4271; x_wconf 81' lang='grc' dir='ltr'>μὴ</span> <span class='ocrx_word' id='word_1_607' title='bbox 2774 4197 2834 4253; x_wconf 80' lang='grc' dir='ltr'>ὃν</span> <span class='ocrx_word' id='word_1_608' title='bbox 2884 4198 3003 4250; x_wconf 80' lang='grc' dir='ltr'>ἐστὶ</span> <span class='ocrx_word' id='word_1_609' title='bbox 3044 4196 3227 4250; x_wconf 86' lang='grc' dir='ltr'>πάντα</span> <span class='ocrx_word' id='word_1_610' title='bbox 3258 4193 3328 4249; x_wconf 81' lang='grc' dir='ltr'><strong>τὰ</strong></span> <span class='ocrx_word' id='word_1_611' title='bbox 3369 4192 3683 4263; x_wconf 78' lang='grc' dir='ltr'>κεκτημένα</span> <span class='ocrx_word' id='word_1_612' title='bbox 3704 4190 3745 4253; x_wconf 85' lang='grc'>⁸,</span> 
     </span>
    </p>
   </div>
   <div class='ocr_carea' id='block_1_90' title="bbox 488 4270 2066 4364">
    <p class='ocr_par' dir='ltr' id='par_1_90' title="bbox 488 4270 2066 4346">
     <span class='ocr_line' id='line_1_90' title="bbox 488 4270 2066 4346; baseline -0.003 -16"><span class='ocrx_word' id='word_1_613' title='bbox 488 4276 707 4346; x_wconf 83' lang='lat' dir='ltr'><strong>Alioqui</strong></span> <span class='ocrx_word' id='word_1_614' title='bbox 732 4274 860 4346; x_wconf 87' lang='lat' dir='ltr'><strong>quid</strong></span> <span class='ocrx_word' id='word_1_615' title='bbox 896 4273 1030 4329; x_wconf 86' lang='lat' dir='ltr'><strong>illud</strong></span> <span class='ocrx_word' id='word_1_616' title='bbox 1057 4274 1159 4329; x_wconf 88' lang='lat' dir='ltr'><strong>sibi</strong></span> <span class='ocrx_word' id='word_1_617' title='bbox 1188 4272 1349 4329; x_wconf 80' lang='lat' dir='ltr'><strong>vellet</strong></span> <span class='ocrx_word' id='word_1_618' title='bbox 1366 4271 1515 4343; x_wconf 91' lang='lat' dir='ltr'><strong>quod</strong></span> <span class='ocrx_word' id='word_1_619' title='bbox 1571 4270 1805 4326; x_wconf 86' lang='lat' dir='ltr'><strong>dicitur:</strong></span> <span class='ocrx_word' id='word_1_620' title='bbox 1838 4271 1892 4325; x_wconf 85' lang='lat' dir='ltr'><strong>id</strong></span> <span class='ocrx_word' id='word_1_621' title='bbox 1924 4271 2066 4340; x_wconf 89' lang='lat' dir='ltr'><strong>quod</strong></span> 
     </span>
    </p>
   </div>
   <div class='ocr_carea' id='block_1_91' title="bbox 2177 4270 3748 4364">
    <p class='ocr_par' dir='ltr' id='par_1_91' title="bbox 2177 4270 3748 4364">
     <span class='ocr_line' id='line_1_91' title="bbox 2177 4270 3748 4364; baseline -0.006 -18"><span class='ocrx_word' id='word_1_622' title='bbox 2177 4270 2349 4363; x_wconf 78' lang='grc' dir='ltr'>ἀρχὴν</span> <span class='ocrx_word' id='word_1_623' title='bbox 2399 4291 2672 4364; x_wconf 76' lang='grc' dir='ltr'>ἐσχηκότα</span> <span class='ocrx_word' id='word_1_624' title='bbox 2698 4270 2793 4344; x_wconf 88' lang='grc' dir='ltr'><strong>τοῦ</strong></span> <span class='ocrx_word' id='word_1_625' title='bbox 2838 4287 2997 4353; x_wconf 72' lang='grc' dir='ltr'>εἶναι,</span> <span class='ocrx_word' id='word_1_626' title='bbox 3032 4290 3091 4343; x_wconf 79' lang='grc' dir='ltr'><strong>ἐν</strong></span> <span class='ocrx_word' id='word_1_627' title='bbox 3120 4282 3202 4352; x_wconf 80' lang='grc' dir='ltr'>οἷς</span> <span class='ocrx_word' id='word_1_628' title='bbox 3250 4288 3318 4342; x_wconf 86' lang='grc' dir='ltr'>ἂν</span> <span class='ocrx_word' id='word_1_629' title='bbox 3356 4288 3453 4341; x_wconf 76' lang='grc' dir='ltr'>καὶ</span> <span class='ocrx_word' id='word_1_630' title='bbox 3494 4286 3558 4339; x_wconf 83' lang='grc' dir='ltr'><strong>τὺ</strong></span> <span class='ocrx_word' id='word_1_631' title='bbox 3606 4283 3748 4352; x_wconf 82' lang='grc' dir='ltr'>λεγό-</span> 
     </span>
    </p>
   </div>
   <div class='ocr_carea' id='block_1_92' title="bbox 488 4349 2066 4458">
    <p class='ocr_par' dir='ltr' id='par_1_92' title="bbox 488 4362 2066 4436">
     <span class='ocr_line' id='line_1_92' title="bbox 488 4362 2066 4436; baseline -0.004 -13"><span class='ocrx_word' id='word_1_632' title='bbox 488 4375 574 4423; x_wconf 87' lang='lat' dir='ltr'><strong>est</strong></span> <span class='ocrx_word' id='word_1_633' title='bbox 592 4366 717 4436; x_wconf 83' lang='lat' dir='ltr'><strong>ejus</strong></span> <span class='ocrx_word' id='word_1_634' title='bbox 744 4381 866 4422; x_wconf 90' lang='lat' dir='ltr'><strong>esse</strong></span> <span class='ocrx_word' id='word_1_635' title='bbox 894 4380 1139 4428; x_wconf 88' lang='lat' dir='ltr'><strong>causam,</strong></span> <span class='ocrx_word' id='word_1_636' title='bbox 1167 4363 1314 4436; x_wconf 89' lang='lat' dir='ltr'><strong>quod</strong></span> <span class='ocrx_word' id='word_1_637' title='bbox 1339 4362 1636 4435; x_wconf 89' lang='lat' dir='ltr'><strong>aliquando</strong></span> <span class='ocrx_word' id='word_1_638' title='bbox 1665 4378 1774 4418; x_wconf 91' lang='lat' dir='ltr'><strong>non</strong></span> <span class='ocrx_word' id='word_1_639' title='bbox 1808 4362 1995 4429; x_wconf 87' lang='lat' dir='ltr'><strong>fuerit,</strong></span> <span class='ocrx_word' id='word_1_640' title='bbox 2016 4370 2066 4417; x_wconf 91' lang='lat' dir='ltr'><strong>et</strong></span> 
     </span>
    </p>
   </div>
   <div class='ocr_carea' id='block_1_93' title="bbox 2177 4349 3748 4458">
    <p class='ocr_par' dir='ltr' id='par_1_93' title="bbox 2181 4349 3748 4458">
     <span class='ocr_line' id='line_1_93' title="bbox 2181 4349 3748 4458; baseline -0.007 -18"><span class='ocrx_word' id='word_1_641' title='bbox 2181 4349 2340 4458; x_wconf 61' lang='grc' dir='ltr'>μὶῖέν</span> <span class='ocrx_word' id='word_1_642' title='bbox 2364 4349 2532 4440; x_wconf 53' lang='grc' dir='ltr'>κακῦν</span> <span class='ocrx_word' id='word_1_643' title='bbox 2553 4402 2567 4416; x_wconf 70' lang='grc'><strong><em>⁸</em></strong></span> <span class='ocrx_word' id='word_1_644' title='bbox 2600 4388 2695 4440; x_wconf 68' lang='grc' dir='ltr'><strong>καλ⁸</strong></span> <span class='ocrx_word' id='word_1_645' title='bbox 2714 4383 2774 4440; x_wconf 80' lang='grc' dir='ltr'>ὃν</span> <span class='ocrx_word' id='word_1_646' title='bbox 2801 4384 2969 4439; x_wconf 60' lang='grc' dir='ltr'>κακὸν</span> <span class='ocrx_word' id='word_1_647' title='bbox 2984 4349 3104 4437; x_wconf 19' lang='grc' dir='ltr'><strong>τάπὸ</strong></span> <span class='ocrx_word' id='word_1_648' title='bbox 3127 4349 3427 4454; x_wconf 74' lang='grc' dir='ltr'>ἀνθρώπων</span> <span class='ocrx_word' id='word_1_649' title='bbox 3451 4349 3748 4453; x_wconf 75' lang='grc' dir='ltr'>ἀρξάμενον</span> 
     </span>
    </p>
   </div>
   <div class='ocr_carea' id='block_1_94' title="bbox 488 4453 2069 4528">
    <p class='ocr_par' dir='ltr' id='par_1_94' title="bbox 488 4453 2069 4528">
     <span class='ocr_line' id='line_1_94' title="bbox 488 4453 2069 4528; baseline -0.005 -12"><span class='ocrx_word' id='word_1_650' title='bbox 488 4475 614 4516; x_wconf 85' lang='lat' dir='ltr'><strong>esse</strong></span> <span class='ocrx_word' id='word_1_651' title='bbox 661 4456 879 4512; x_wconf 85' lang='lat' dir='ltr'><strong>demum</strong></span> <span class='ocrx_word' id='word_1_652' title='bbox 935 4456 1195 4527; x_wconf 62' lang='lat' dir='ltr'><strong>ceperit?</strong></span> <span class='ocrx_word' id='word_1_653' title='bbox 1251 4456 1491 4528; x_wconf 87' lang='lat' dir='ltr'><strong>ldipsum</strong></span> <span class='ocrx_word' id='word_1_654' title='bbox 1545 4469 1711 4527; x_wconf 89' lang='lat' dir='ltr'><strong>porro</strong></span> <span class='ocrx_word' id='word_1_655' title='bbox 1766 4453 1911 4527; x_wconf 90' lang='lat' dir='ltr'><strong>quod</strong></span> <span class='ocrx_word' id='word_1_656' title='bbox 1963 4460 2069 4520; x_wconf 89' lang='lat' dir='ltr'><strong>est,</strong></span> 
     </span>
    </p>
   </div>
   <div class='ocr_carea' id='block_1_95' title="bbox 494 4547 2071 4619">
    <p class='ocr_par' dir='ltr' id='par_1_95' title="bbox 494 4547 2071 4619">
     <span class='ocr_line' id='line_1_95' title="bbox 494 4547 2071 4619; baseline -0.002 -13"><span class='ocrx_word' id='word_1_657' title='bbox 494 4550 652 4606; x_wconf 79' lang='lat' dir='ltr'><strong>Pater</strong></span> <span class='ocrx_word' id='word_1_658' title='bbox 699 4557 784 4605; x_wconf 88' lang='lat' dir='ltr'><strong>est</strong></span> <span class='ocrx_word' id='word_1_659' title='bbox 828 4556 883 4604; x_wconf 87' lang='lat' dir='ltr'><strong>et</strong></span> <span class='ocrx_word' id='word_1_660' title='bbox 930 4547 1127 4615; x_wconf 85' lang='lat' dir='ltr'><strong>Filius,</strong></span> <span class='ocrx_word' id='word_1_661' title='bbox 1176 4556 1230 4604; x_wconf 88' lang='lat' dir='ltr'><strong>et</strong></span> <span class='ocrx_word' id='word_1_662' title='bbox 1281 4548 1523 4619; x_wconf 89' lang='lat' dir='ltr'><strong>Spiritus</strong></span> <span class='ocrx_word' id='word_1_663' title='bbox 1566 4557 1812 4605; x_wconf 86' lang='lat' dir='ltr'><strong>sanctus.</strong></span> <span class='ocrx_word' id='word_1_664' title='bbox 1864 4547 2071 4604; x_wconf 68' lang='lat' dir='ltr'><strong>Caetera</strong></span> 
     </span>
    </p>
   </div>
   <div class='ocr_carea' id='block_1_96' title="bbox 494 4641 2072 4712">
    <p class='ocr_par' dir='ltr' id='par_1_96' title="bbox 494 4641 2072 4712">
     <span class='ocr_line' id='line_1_96' title="bbox 494 4641 2072 4712; baseline -0.001 -16"><span class='ocrx_word' id='word_1_665' title='bbox 494 4641 697 4706; x_wconf 84' lang='lat' dir='ltr'><strong>omnia,</strong></span> <span class='ocrx_word' id='word_1_666' title='bbox 725 4656 848 4712; x_wconf 72' lang='lat' dir='ltr'><strong>quae</strong></span> <span class='ocrx_word' id='word_1_667' title='bbox 874 4641 1094 4696; x_wconf 71' lang='lat' dir='ltr'><strong>candita</strong></span> <span class='ocrx_word' id='word_1_668' title='bbox 1123 4649 1270 4706; x_wconf 85' lang='lat' dir='ltr'><strong>sunt,</strong></span> <span class='ocrx_word' id='word_1_669' title='bbox 1294 4655 1402 4696; x_wconf 90' lang='lat' dir='ltr'><strong>non</strong></span> <span class='ocrx_word' id='word_1_670' title='bbox 1429 4655 1553 4696; x_wconf 86' lang='lat' dir='ltr'><strong>esse</strong></span> <span class='ocrx_word' id='word_1_671' title='bbox 1580 4641 1861 4705; x_wconf 89' lang='lat' dir='ltr'><strong>dicuntur,</strong></span> <span class='ocrx_word' id='word_1_672' title='bbox 1887 4655 2008 4711; x_wconf 61' lang='lat' dir='ltr'><strong>quae</strong></span> <span class='ocrx_word' id='word_1_673' title='bbox 2039 4655 2072 4695; x_wconf 87' lang='lat' dir='ltr'><strong>a</strong></span> 
     </span>
    </p>
   </div>
   <div class='ocr_carea' id='block_1_97' title="bbox 497 4730 2075 4802">
    <p class='ocr_par' dir='ltr' id='par_1_97' title="bbox 497 4730 2075 4802">
     <span class='ocr_line' id='line_1_97' title="bbox 497 4730 2075 4802; baseline 0.001 -17"><span class='ocrx_word' id='word_1_674' title='bbox 497 4732 763 4802; x_wconf 82' lang='lat' dir='ltr'><strong>principio</strong></span> <span class='ocrx_word' id='word_1_675' title='bbox 793 4732 1031 4802; x_wconf 87' lang='lat' dir='ltr'><strong>quodam</strong></span> <span class='ocrx_word' id='word_1_676' title='bbox 1069 4738 1249 4786; x_wconf 88' lang='lat' dir='ltr'><strong>ortum</strong></span> <span class='ocrx_word' id='word_1_677' title='bbox 1285 4730 1620 4797; x_wconf 80' lang='lat' dir='ltr'><strong>habuerunt;</strong></span> <span class='ocrx_word' id='word_1_678' title='bbox 1645 4732 1788 4787; x_wconf 89' lang='lat' dir='ltr'><strong>inter</strong></span> <span class='ocrx_word' id='word_1_679' title='bbox 1809 4747 1931 4802; x_wconf 64' lang='lat' dir='ltr'><strong>qua:</strong></span> <span class='ocrx_word' id='word_1_680' title='bbox 1956 4746 2075 4787; x_wconf 86' lang='lat' dir='ltr'><strong>ma-</strong></span> 
     </span>
    </p>
   </div>
   <div class='ocr_carea' id='block_1_98' title="bbox 496 4823 2070 4896">
    <p class='ocr_par' dir='ltr' id='par_1_98' title="bbox 496 4823 2070 4896">
     <span class='ocr_line' id='line_1_98' title="bbox 496 4823 2070 4896; baseline 0.001 -17"><span class='ocrx_word' id='word_1_681' title='bbox 496 4825 606 4879; x_wconf 87' lang='lat' dir='ltr'><strong>lum</strong></span> <span class='ocrx_word' id='word_1_682' title='bbox 632 4825 794 4880; x_wconf 87' lang='lat' dir='ltr'><strong>etiam</strong></span> <span class='ocrx_word' id='word_1_683' title='bbox 829 4823 974 4896; x_wconf 90' lang='lat' dir='ltr'><strong>quod</strong></span> <span class='ocrx_word' id='word_1_684' title='bbox 1005 4824 1205 4880; x_wconf 90' lang='lat' dir='ltr'><strong>dicitur</strong></span> <span class='ocrx_word' id='word_1_685' title='bbox 1242 4823 1581 4880; x_wconf 86' lang='lat' dir='ltr'><strong>referendum</strong></span> <span class='ocrx_word' id='word_1_686' title='bbox 1612 4833 1714 4880; x_wconf 87' lang='lat' dir='ltr'><strong>est.</strong></span> <span class='ocrx_word' id='word_1_687' title='bbox 1743 4824 2070 4893; x_wconf 82' lang='lat' dir='ltr'><strong>Malum,in-</strong></span> 
     </span>
    </p>
   </div>
   <div class='ocr_carea' id='block_1_99' title="bbox 490 4916 2071 4988">
    <p class='ocr_par' dir='ltr' id='par_1_99' title="bbox 490 4916 2071 4988">
     <span class='ocr_line' id='line_1_99' title="bbox 490 4916 2071 4988; baseline 0.003 -18"><span class='ocrx_word' id='word_1_688' title='bbox 490 4919 677 4987; x_wconf 78' lang='lat' dir='ltr'><strong>quam,</strong></span> <span class='ocrx_word' id='word_1_689' title='bbox 706 4917 850 4988; x_wconf 89' lang='lat' dir='ltr'><strong>quod</strong></span> <span class='ocrx_word' id='word_1_690' title='bbox 881 4917 948 4972; x_wconf 86' lang='lat' dir='ltr'><strong>ah</strong></span> <span class='ocrx_word' id='word_1_691' title='bbox 977 4916 1291 4973; x_wconf 88' lang='lat' dir='ltr'><strong>hominibus</strong></span> <span class='ocrx_word' id='word_1_692' title='bbox 1319 4917 1428 4987; x_wconf 87' lang='lat' dir='ltr'><strong>jam</strong></span> <span class='ocrx_word' id='word_1_693' title='bbox 1450 4933 1503 4972; x_wconf 89' lang='lat' dir='ltr'><strong>tn</strong></span> <span class='ocrx_word' id='word_1_694' title='bbox 1544 4917 1717 4972; x_wconf 87' lang='lat' dir='ltr'><strong>lucem</strong></span> <span class='ocrx_word' id='word_1_695' title='bbox 1751 4918 1913 4975; x_wconf 79' lang='lat' dir='ltr'><strong>editis</strong></span> <span class='ocrx_word' id='word_1_696' title='bbox 1949 4928 2071 4974; x_wconf 83' lang='lat' dir='ltr'><strong>tan-</strong></span> 
     </span>
    </p>
   </div>
   <div class='ocr_carea' id='block_1_100' title="bbox 491 5001 2069 5085">
    <p class='ocr_par' dir='ltr' id='par_1_100' title="bbox 491 5001 2069 5085">
     <span class='ocr_line' id='line_1_100' title="bbox 491 5001 2069 5085; baseline 0.004 -22"><span class='ocrx_word' id='word_1_697' title='bbox 491 5001 653 5081; x_wconf 56' lang='lat' dir='ltr'><strong>Quam</strong></span> <span class='ocrx_word' id='word_1_698' title='bbox 693 5026 721 5064; x_wconf 89' lang='lat' dir='ltr'><strong>a</strong></span> <span class='ocrx_word' id='word_1_699' title='bbox 758 5011 1028 5083; x_wconf 90' lang='lat' dir='ltr'><strong>principio</strong></span> <span class='ocrx_word' id='word_1_700' title='bbox 1058 5016 1299 5066; x_wconf 86' lang='lat' dir='ltr'><strong>manavit</strong></span> <span class='ocrx_word' id='word_1_701' title='bbox 1331 5030 1347 5066; x_wconf 88' lang='lat'><strong>:</strong></span> <span class='ocrx_word' id='word_1_702' title='bbox 1379 5026 1503 5066; x_wconf 90' lang='lat' dir='ltr'><strong>cum</strong></span> <span class='ocrx_word' id='word_1_703' title='bbox 1532 5021 1586 5065; x_wconf 89' lang='lat' dir='ltr'><strong>et</strong></span> <span class='ocrx_word' id='word_1_704' title='bbox 1609 5010 1711 5081; x_wconf 89' lang='lat' dir='ltr'><strong>ipsi</strong></span> <span class='ocrx_word' id='word_1_705' title='bbox 1742 5012 2069 5085; x_wconf 88' lang='lat' dir='ltr'><strong>quandoque</strong></span> 
     </span>
    </p>
   </div>
   <div class='ocr_carea' id='block_1_101' title="bbox 495 5102 2070 5173">
    <p class='ocr_par' dir='ltr' id='par_1_101' title="bbox 495 5102 2070 5173">
     <span class='ocr_line' id='line_1_101' title="bbox 495 5102 2070 5173; baseline 0.003 -17"><span class='ocrx_word' id='word_1_706' title='bbox 495 5118 603 5157; x_wconf 87' lang='lat' dir='ltr'><strong>non</strong></span> <span class='ocrx_word' id='word_1_707' title='bbox 648 5102 871 5168; x_wconf 84' lang='lat' dir='ltr'><strong>fuerint,</strong></span> <span class='ocrx_word' id='word_1_708' title='bbox 911 5114 966 5160; x_wconf 88' lang='lat' dir='ltr'><strong>et</strong></span> <span class='ocrx_word' id='word_1_709' title='bbox 1002 5112 1116 5159; x_wconf 89' lang='lat' dir='ltr'><strong>tum</strong></span> <span class='ocrx_word' id='word_1_710' title='bbox 1164 5119 1289 5160; x_wconf 84' lang='lat' dir='ltr'><strong>esse</strong></span> <span class='ocrx_word' id='word_1_711' title='bbox 1330 5102 1532 5157; x_wconf 88' lang='lat' dir='ltr'><strong>malum</strong></span> <span class='ocrx_word' id='word_1_712' title='bbox 1565 5102 1812 5173; x_wconf 72' lang='lat' dir='ltr'><strong>cmperit,</strong></span> <span class='ocrx_word' id='word_1_713' title='bbox 1850 5117 1975 5159; x_wconf 87' lang='lat' dir='ltr'><strong>cum</strong></span> <span class='ocrx_word' id='word_1_714' title='bbox 2014 5114 2070 5162; x_wconf 85' lang='lat' dir='ltr'><strong>et</strong></span> 
     </span>
    </p>
   </div>
   <div class='ocr_carea' id='block_1_102' title="bbox 495 5194 2069 5272">
    <p class='ocr_par' dir='ltr' id='par_1_102' title="bbox 495 5194 2069 5272">
     <span class='ocr_line' id='line_1_102' title="bbox 495 5194 2069 5272; baseline 0.005 -26"><span class='ocrx_word' id='word_1_715' title='bbox 495 5194 675 5272; x_wconf 76' lang='lat' dir='ltr'><strong>homo,</strong></span> <span class='ocrx_word' id='word_1_716' title='bbox 700 5195 791 5264; x_wconf 87' lang='lat' dir='ltr'><strong>qui</strong></span> <span class='ocrx_word' id='word_1_717' title='bbox 825 5202 983 5251; x_wconf 85' lang='lat' dir='ltr'><strong>antea</strong></span> <span class='ocrx_word' id='word_1_718' title='bbox 1014 5212 1123 5250; x_wconf 91' lang='lat' dir='ltr'><strong>non</strong></span> <span class='ocrx_word' id='word_1_719' title='bbox 1152 5206 1290 5259; x_wconf 86' lang='lat' dir='ltr'><strong>erat,</strong></span> <span class='ocrx_word' id='word_1_720' title='bbox 1324 5195 1591 5265; x_wconf 78' lang='lat' dir='ltr'><strong>originem</strong></span> <span class='ocrx_word' id='word_1_721' title='bbox 1618 5195 1851 5266; x_wconf 84' lang='lat' dir='ltr'><strong>accepit.</strong></span> <span class='ocrx_word' id='word_1_722' title='bbox 1884 5195 2069 5263; x_wconf 82' lang='lat' dir='ltr'><strong>Quare</strong></span> 
     </span>
    </p>
   </div>
   <div class='ocr_carea' id='block_1_103' title="bbox 494 5284 2064 5356">
    <p class='ocr_par' dir='ltr' id='par_1_103' title="bbox 494 5284 2064 5356">
     <span class='ocr_line' id='line_1_103' title="bbox 494 5284 2064 5356; baseline 0.008 -23"><span class='ocrx_word' id='word_1_723' title='bbox 494 5284 670 5337; x_wconf 64' lang='lat' dir='ltr'><strong>veniet</strong></span> <span class='ocrx_word' id='word_1_724' title='bbox 703 5292 919 5354; x_wconf 89' lang='lat' dir='ltr'><strong>tempus</strong></span> <span class='ocrx_word' id='word_1_725' title='bbox 953 5301 1077 5340; x_wconf 87' lang='lat' dir='ltr'><strong>cum</strong></span> <span class='ocrx_word' id='word_1_726' title='bbox 1113 5286 1315 5348; x_wconf 81' lang='lat' dir='ltr'><strong>malum</strong></span> <span class='ocrx_word' id='word_1_727' title='bbox 1351 5286 1587 5356; x_wconf 88' lang='lat' dir='ltr'><strong>amplius</strong></span> <span class='ocrx_word' id='word_1_728' title='bbox 1622 5301 1731 5341; x_wconf 90' lang='lat' dir='ltr'><strong>non</strong></span> <span class='ocrx_word' id='word_1_729' title='bbox 1764 5288 1896 5355; x_wconf 87' lang='lat' dir='ltr'><strong>erit;</strong></span> <span class='ocrx_word' id='word_1_730' title='bbox 1936 5305 2064 5345; x_wconf 87' lang='lat' dir='ltr'><strong>cum</strong></span> 
     </span>
    </p>
   </div>
   <div class='ocr_carea' id='block_1_104' title="bbox 492 5374 2067 5450">
    <p class='ocr_par' dir='ltr' id='par_1_104' title="bbox 492 5374 2067 5450">
     <span class='ocr_line' id='line_1_104' title="bbox 492 5374 2067 5450; baseline 0.007 -24"><span class='ocrx_word' id='word_1_731' title='bbox 492 5374 718 5444; x_wconf 85' lang='lat' dir='ltr'><strong>princtpi</strong></span> <span class='ocrx_word' id='word_1_732' title='bbox 751 5375 851 5443; x_wconf 90' lang='lat' dir='ltr'><strong>ipsi</strong></span> <span class='ocrx_word' id='word_1_733' title='bbox 886 5378 1110 5431; x_wconf 83' lang='lat' dir='ltr'><strong>minime</strong></span> <span class='ocrx_word' id='word_1_734' title='bbox 1140 5376 1284 5431; x_wconf 89' lang='lat' dir='ltr'><strong>istud</strong></span> <span class='ocrx_word' id='word_1_735' title='bbox 1319 5378 1607 5447; x_wconf 87' lang='lat' dir='ltr'><strong>placuerit,</strong></span> <span class='ocrx_word' id='word_1_736' title='bbox 1638 5379 1782 5450; x_wconf 90' lang='lat' dir='ltr'><strong>quod</strong></span> <span class='ocrx_word' id='word_1_737' title='bbox 1823 5389 2003 5436; x_wconf 88' lang='lat' dir='ltr'><strong>ortum</strong></span> <span class='ocrx_word' id='word_1_738' title='bbox 2033 5397 2067 5437; x_wconf 81' lang='lat' dir='ltr'><strong>a</strong></span> 
     </span>
    </p>
   </div>
   <div class='ocr_carea' id='block_1_105' title="bbox 490 5466 2069 5539">
    <p class='ocr_par' dir='ltr' id='par_1_105' title="bbox 490 5466 2069 5539">
     <span class='ocr_line' id='line_1_105' title="bbox 490 5466 2069 5539; baseline 0.007 -20"><span class='ocrx_word' id='word_1_739' title='bbox 490 5466 757 5538; x_wconf 83' lang='lat' dir='ltr'><strong>principio</strong></span> <span class='ocrx_word' id='word_1_740' title='bbox 784 5467 961 5537; x_wconf 89' lang='lat' dir='ltr'><strong>ipsum</strong></span> <span class='ocrx_word' id='word_1_741' title='bbox 999 5469 1054 5521; x_wconf 92' lang='lat' dir='ltr'><strong>in</strong></span> <span class='ocrx_word' id='word_1_742' title='bbox 1096 5468 1364 5522; x_wconf 88' lang='lat' dir='ltr'><strong>malorum</strong></span> <span class='ocrx_word' id='word_1_743' title='bbox 1397 5485 1627 5524; x_wconf 87' lang='lat' dir='ltr'><strong>numero</strong></span> <span class='ocrx_word' id='word_1_744' title='bbox 1667 5481 1825 5539; x_wconf 81' lang='lat' dir='ltr'><strong>atque</strong></span> <span class='ocrx_word' id='word_1_745' title='bbox 1873 5473 2069 5530; x_wconf 85' lang='lat' dir='ltr'><strong>ordine</strong></span> 
     </span>
    </p>
   </div>
   <div class='ocr_carea' id='block_1_106' title="bbox 564 5583 2643 5669">
    <p class='ocr_par' dir='ltr' id='par_1_106' title="bbox 564 5583 2643 5669">
     <span class='ocr_line' id='line_1_106' title="bbox 564 5583 2643 5669; baseline 0.006 -31"><span class='ocrx_word' id='word_1_746' title='bbox 564 5585 585 5669; x_wconf 54' lang='grc' dir='ltr'>ξ</span> <span class='ocrx_word' id='word_1_747' title='bbox 620 5583 635 5638; x_wconf 96' lang='lat' dir='ltr'><strong>l</strong></span> <span class='ocrx_word' id='word_1_748' title='bbox 665 5583 792 5640; x_wconf 89' lang='lat' dir='ltr'><strong>Cor.</strong></span> <span class='ocrx_word' id='word_1_749' title='bbox 828 5601 864 5651; x_wconf 85' lang='lat' dir='ltr'><strong>t,</strong></span> <span class='ocrx_word' id='word_1_750' title='bbox 895 5586 1018 5669; x_wconf 41' lang='lat'><strong>.19;</strong></span> <span class='ocrx_word' id='word_1_751' title='bbox 1056 5587 1162 5643; x_wconf 87' lang='lat' dir='ltr'><strong>lsa.</strong></span> <span class='ocrx_word' id='word_1_752' title='bbox 1224 5601 1373 5657; x_wconf 76' lang='lat' dir='ltr'><strong>mx,</strong></span> <span class='ocrx_word' id='word_1_753' title='bbox 1416 5588 1479 5641; x_wconf 69' lang='grc'><strong>14</strong></span> <span class='ocrx_word' id='word_1_754' title='bbox 1584 5589 1604 5619; x_wconf 72' lang='grc'>⁸</span> <span class='ocrx_word' id='word_1_755' title='bbox 1634 5587 1654 5642; x_wconf 91' lang='lat' dir='ltr'><strong>l</strong></span> <span class='ocrx_word' id='word_1_756' title='bbox 1681 5589 1810 5645; x_wconf 88' lang='lat' dir='ltr'><strong>Cor.</strong></span> <span class='ocrx_word' id='word_1_757' title='bbox 1873 5607 1911 5659; x_wconf 90' lang='lat' dir='ltr'><strong>t,</strong></span> <span class='ocrx_word' id='word_1_758' title='bbox 1974 5593 2075 5667; x_wconf 82' lang='lat'><strong>5|;</strong></span> <span class='ocrx_word' id='word_1_759' title='bbox 2111 5596 2223 5656; x_wconf 81' lang='lat' dir='ltr'><strong>Jer.</strong></span> <span class='ocrx_word' id='word_1_760' title='bbox 2278 5615 2354 5668; x_wconf 79' lang='lat' dir='ltr'><strong>lx,</strong></span> <span class='ocrx_word' id='word_1_761' title='bbox 2408 5598 2499 5669; x_wconf 74' lang='lat'><strong>23,</strong></span> <span class='ocrx_word' id='word_1_762' title='bbox 2551 5596 2643 5652; x_wconf 75' lang='grc'><strong>24.</strong></span> 
     </span>
    </p>
   </div>
   <div class='ocr_carea' id='block_1_107' title="bbox 489 5653 996 5720">
    <p class='ocr_par' dir='ltr' id='par_1_107' title="bbox 489 5653 996 5720">
     <span class='ocr_line' id='line_1_107' title="bbox 489 5653 996 5720; baseline 0.004 -9"><span class='ocrx_word' id='word_1_763' title='bbox 489 5653 512 5691; x_wconf 76' lang='grc'><strong>⁵</strong></span> <span class='ocrx_word' id='word_1_764' title='bbox 542 5653 608 5713; x_wconf 85' lang='lat' dir='ltr'><strong>F.</strong></span> <span class='ocrx_word' id='word_1_765' title='bbox 650 5657 996 5720; x_wconf 79' lang='grc' dir='ltr'>κεκτιομὲνα.</span> 
     </span>
    </p>
   </div>
   <div class='ocr_carea' id='block_1_108' title="bbox 2171 4466 3748 4551">
    <p class='ocr_par' dir='ltr' id='par_1_108' title="bbox 2171 4466 3748 4551">
     <span class='ocr_line' id='line_1_108' title="bbox 2171 4466 3748 4551; baseline -0.008 -19"><span class='ocrx_word' id='word_1_766' title='bbox 2171 4477 2281 4533; x_wconf 87' lang='grc' dir='ltr'><strong>τῶν</strong></span> <span class='ocrx_word' id='word_1_767' title='bbox 2310 4478 2637 4551; x_wconf 81' lang='grc' dir='ltr'>γενομένων,</span> <span class='ocrx_word' id='word_1_768' title='bbox 2670 4479 2771 4532; x_wconf 81' lang='grc' dir='ltr'>οὐκ</span> <span class='ocrx_word' id='word_1_769' title='bbox 2799 4477 2971 4532; x_wconf 68' lang='grc' dir='ltr'>ὅντων</span> <span class='ocrx_word' id='word_1_770' title='bbox 3004 4475 3153 4537; x_wconf 79' lang='grc' dir='ltr'>ποτὲ,</span> <span class='ocrx_word' id='word_1_771' title='bbox 3184 4473 3360 4545; x_wconf 81' lang='grc' dir='ltr'>ἀρχὴν</span> <span class='ocrx_word' id='word_1_772' title='bbox 3378 4472 3439 4525; x_wconf 64' lang='grc' dir='ltr'>δὲ</span> <span class='ocrx_word' id='word_1_773' title='bbox 3458 4470 3553 4525; x_wconf 85' lang='grc' dir='ltr'><strong>τοῦ</strong></span> <span class='ocrx_word' id='word_1_774' title='bbox 3584 4466 3748 4524; x_wconf 84' lang='grc' dir='ltr'>κακοῦ</span> 
     </span>
    </p>
   </div>
   <div class='ocr_carea' id='block_1_109' title="bbox 2172 4559 3746 4642">
    <p class='ocr_par' dir='ltr' id='par_1_109' title="bbox 2172 4559 3746 4642">
     <span class='ocr_line' id='line_1_109' title="bbox 2172 4559 3746 4642; baseline -0.008 -19"><span class='ocrx_word' id='word_1_775' title='bbox 2172 4569 2504 4642; x_wconf 72' lang='grc' dir='ltr'>ἐσχηκότος,</span> <span class='ocrx_word' id='word_1_776' title='bbox 2552 4568 2702 4634; x_wconf 80' lang='grc' dir='ltr'>ἐξότε</span> <span class='ocrx_word' id='word_1_777' title='bbox 2740 4569 2835 4621; x_wconf 76' lang='grc' dir='ltr'>καὶ</span> <span class='ocrx_word' id='word_1_778' title='bbox 2877 4568 2907 4620; x_wconf 86' lang='grc' dir='ltr'><strong>ὁ</strong></span> <span class='ocrx_word' id='word_1_779' title='bbox 2944 4564 3229 4639; x_wconf 77' lang='grc' dir='ltr'>ἄνθρωπος</span> <span class='ocrx_word' id='word_1_780' title='bbox 3269 4565 3298 4616; x_wconf 87' lang='grc' dir='ltr'>ὁ</span> <span class='ocrx_word' id='word_1_781' title='bbox 3339 4561 3443 4615; x_wconf 81' lang='grc' dir='ltr'>οὐκ</span> <span class='ocrx_word' id='word_1_782' title='bbox 3482 4559 3562 4614; x_wconf 80' lang='grc' dir='ltr'><strong>ῶν</strong></span> <span class='ocrx_word' id='word_1_783' title='bbox 3598 4574 3746 4619; x_wconf 79' lang='grc' dir='ltr'>ποτε.</span> 
     </span>
    </p>
   </div>
   <div class='ocr_carea' id='block_1_110' title="bbox 2172 4650 3750 4723">
    <p class='ocr_par' dir='ltr' id='par_1_110' title="bbox 2172 4650 3750 4723">
     <span class='ocr_line' id='line_1_110' title="bbox 2172 4650 3750 4723; baseline -0.006 -12"><span class='ocrx_word' id='word_1_784' title='bbox 2172 4657 2358 4711; x_wconf 75' lang='grc' dir='ltr'>οὐκέτι</span> <span class='ocrx_word' id='word_1_785' title='bbox 2398 4656 2551 4712; x_wconf 72' lang='grc' dir='ltr'>ἔσται</span> <span class='ocrx_word' id='word_1_786' title='bbox 2595 4655 2659 4708; x_wconf 68' lang='grc' dir='ltr'><strong>τὸ</strong></span> <span class='ocrx_word' id='word_1_787' title='bbox 2698 4655 2889 4710; x_wconf 76' lang='grc' dir='ltr'>κακόν.</span> <span class='ocrx_word' id='word_1_788' title='bbox 2939 4650 3351 4723; x_wconf 78' lang='grc' dir='ltr'>Ἀναμφισόλως</span> <span class='ocrx_word' id='word_1_789' title='bbox 3390 4650 3505 4720; x_wconf 77' lang='grc' dir='ltr'><strong>γὰρ</strong></span> <span class='ocrx_word' id='word_1_790' title='bbox 3540 4651 3750 4719; x_wconf 81' lang='grc' dir='ltr'>ἀναιρε·</span> 
     </span>
    </p>
   </div>
   <div class='ocr_carea' id='block_1_111' title="bbox 2174 4734 3749 4821">
    <p class='ocr_par' dir='ltr' id='par_1_111' title="bbox 2174 4734 3749 4821">
     <span class='ocr_line' id='line_1_111' title="bbox 2174 4734 3749 4821; baseline -0.01 -17"><span class='ocrx_word' id='word_1_791' title='bbox 2174 4749 2434 4821; x_wconf 82' lang='grc' dir='ltr'>θήσεται,</span> <span class='ocrx_word' id='word_1_792' title='bbox 2488 4748 2577 4802; x_wconf 81' lang='grc' dir='ltr'><strong>διὰ</strong></span> <span class='ocrx_word' id='word_1_793' title='bbox 2627 4747 2692 4801; x_wconf 80' lang='grc' dir='ltr'>τὸ</span> <span class='ocrx_word' id='word_1_794' title='bbox 2745 4746 2821 4818; x_wconf 80' lang='grc' dir='ltr'>μὴ</span> <span class='ocrx_word' id='word_1_795' title='bbox 2873 4743 3213 4798; x_wconf 64' lang='grc' dir='ltr'>συνευδόκεαῖν</span> <span class='ocrx_word' id='word_1_796' title='bbox 3258 4740 3351 4795; x_wconf 78' lang='grc' dir='ltr'>τὸν</span> <span class='ocrx_word' id='word_1_797' title='bbox 3403 4740 3643 4812; x_wconf 74' lang='grc' dir='ltr'>ἄρχοντα</span> <span class='ocrx_word' id='word_1_798' title='bbox 3678 4734 3749 4805; x_wconf 79' lang='grc' dir='ltr'>τῷ</span> 
     </span>
    </p>
   </div>
   <div class='ocr_carea' id='block_1_112' title="bbox 2174 4830 3750 4915">
    <p class='ocr_par' dir='ltr' id='par_1_112' title="bbox 2174 4830 3750 4915">
     <span class='ocr_line' id='line_1_112' title="bbox 2174 4830 3750 4915; baseline -0.01 -18"><span class='ocrx_word' id='word_1_799' title='bbox 2174 4843 2351 4915; x_wconf 75' lang='grc' dir='ltr'>ἀρχὴν</span> <span class='ocrx_word' id='word_1_800' title='bbox 2395 4840 2682 4912; x_wconf 79' lang='grc' dir='ltr'>ἐσχηκότι,</span> <span class='ocrx_word' id='word_1_801' title='bbox 2724 4841 2818 4894; x_wconf 80' lang='grc' dir='ltr'>καὶ</span> <span class='ocrx_word' id='word_1_802' title='bbox 2871 4839 2930 4892; x_wconf 81' lang='grc' dir='ltr'><strong>ἐν</strong></span> <span class='ocrx_word' id='word_1_803' title='bbox 2967 4834 3194 4907; x_wconf 77' lang='grc' dir='ltr'>φαύλοις</span> <span class='ocrx_word' id='word_1_804' title='bbox 3239 4830 3435 4887; x_wconf 78' lang='grc' dir='ltr'>ἑαυτὸν</span> <span class='ocrx_word' id='word_1_805' title='bbox 3485 4830 3750 4899; x_wconf 67' lang='grc' dir='ltr'>καταστήα</span> 
     </span>
    </p>
   </div>
   <div class='ocr_carea' id='block_1_113' title="bbox 2175 4920 3749 5001">
    <p class='ocr_par' dir='ltr' id='par_1_113' title="bbox 2175 4920 3749 5001">
     <span class='ocr_line' id='line_1_113' title="bbox 2175 4920 3749 5001; baseline -0.01 -14"><span class='ocrx_word' id='word_1_806' title='bbox 2175 4949 2364 4989; x_wconf 83' lang='grc' dir='ltr'>σαντι⁶</span> <span class='ocrx_word' id='word_1_807' title='bbox 2398 4931 2739 5001; x_wconf 65' lang='grc' dir='ltr'>’καυθήσεται</span> <span class='ocrx_word' id='word_1_808' title='bbox 2768 4929 2879 5000; x_wconf 81' lang='grc' dir='ltr'>γὰρ</span> <span class='ocrx_word' id='word_1_809' title='bbox 2923 4925 3064 4997; x_wconf 79' lang='grc' dir='ltr'>μετὰ</span> <span class='ocrx_word' id='word_1_810' title='bbox 3099 4925 3199 4998; x_wconf 77' lang='grc' dir='ltr'>τὴν</span> <span class='ocrx_word' id='word_1_811' title='bbox 3231 4923 3535 4978; x_wconf 77' lang='grc' dir='ltr'>ἀνάστασιν</span> <span class='ocrx_word' id='word_1_812' title='bbox 3570 4921 3632 4974; x_wconf 81' lang='grc' dir='ltr'><strong>οὑ</strong></span> <span class='ocrx_word' id='word_1_813' title='bbox 3665 4920 3749 4989; x_wconf 75' lang='lat' dir='ltr'><strong>p.6-</strong></span> 
     </span>
    </p>
   </div>
   <div class='ocr_carea' id='block_1_114' title="bbox 2174 5010 3749 5091">
    <p class='ocr_par' dir='ltr' id='par_1_114' title="bbox 2174 5010 3749 5091">
     <span class='ocr_line' id='line_1_114' title="bbox 2174 5010 3749 5091; baseline -0.011 -12"><span class='ocrx_word' id='word_1_814' title='bbox 2174 5041 2298 5088; x_wconf 82' lang='grc' dir='ltr'>νον.</span> <span class='ocrx_word' id='word_1_815' title='bbox 2335 5021 2481 5078; x_wconf 73' lang='grc' dir='ltr'>ἀλλὰ</span> <span class='ocrx_word' id='word_1_816' title='bbox 2527 5023 2622 5077; x_wconf 76' lang='grc' dir='ltr'>καὶ</span> <span class='ocrx_word' id='word_1_817' title='bbox 2668 5021 2776 5076; x_wconf 80' lang='grc' dir='ltr'><strong>ἀπὸ</strong></span> <span class='ocrx_word' id='word_1_818' title='bbox 2807 5020 2906 5091; x_wconf 77' lang='grc' dir='ltr'><strong>τῆς</strong></span> <span class='ocrx_word' id='word_1_819' title='bbox 2945 5016 3041 5072; x_wconf 82' lang='grc' dir='ltr'><strong>τοῦ</strong></span> <span class='ocrx_word' id='word_1_820' title='bbox 3085 5016 3251 5087; x_wconf 85' lang='grc' dir='ltr'>νόμου</span> <span class='ocrx_word' id='word_1_821' title='bbox 3303 5012 3623 5085; x_wconf 83' lang='grc' dir='ltr'>κηρύξεως·</span> <span class='ocrx_word' id='word_1_822' title='bbox 3663 5010 3749 5064; x_wconf 79' lang='grc' dir='ltr'>καὶ</span> 
     </span>
    </p>
   </div>
   <div class='ocr_carea' id='block_1_115' title="bbox 2176 5101 3748 5187">
    <p class='ocr_par' dir='ltr' id='par_1_115' title="bbox 2176 5101 3748 5187">
     <span class='ocr_line' id='line_1_115' title="bbox 2176 5101 3748 5187; baseline -0.011 -17"><span class='ocrx_word' id='word_1_823' title='bbox 2176 5114 2283 5187; x_wconf 76' lang='grc' dir='ltr'>πρὸ</span> <span class='ocrx_word' id='word_1_824' title='bbox 2309 5113 2464 5168; x_wconf 83' lang='grc' dir='ltr'>τοῦδε</span> <span class='ocrx_word' id='word_1_825' title='bbox 2498 5114 2665 5185; x_wconf 80' lang='grc' dir='ltr'>νόμου</span> <span class='ocrx_word' id='word_1_826' title='bbox 2702 5112 2812 5167; x_wconf 77' lang='grc' dir='ltr'><strong>ἀπὸ</strong></span> <span class='ocrx_word' id='word_1_827' title='bbox 2845 5108 3056 5164; x_wconf 85' lang='grc' dir='ltr'>πολλῶν</span> <span class='ocrx_word' id='word_1_828' title='bbox 3080 5108 3189 5161; x_wconf 87' lang='grc' dir='ltr'><strong>τῶν</strong></span> <span class='ocrx_word' id='word_1_829' title='bbox 3224 5105 3368 5160; x_wconf 84' lang='grc' dir='ltr'>κατὰ</span> <span class='ocrx_word' id='word_1_830' title='bbox 3395 5104 3491 5159; x_wconf 83' lang='grc' dir='ltr'>τὸν</span> <span class='ocrx_word' id='word_1_831' title='bbox 3531 5101 3748 5176; x_wconf 70' lang='grc' dir='ltr'>φυτικὸν</span> 
     </span>
    </p>
   </div>
   <div class='ocr_carea' id='block_1_116' title="bbox 2174 5195 3749 5278">
    <p class='ocr_par' dir='ltr' id='par_1_116' title="bbox 2174 5195 3749 5278">
     <span class='ocr_line' id='line_1_116' title="bbox 2174 5195 3749 5278; baseline -0.01 -17"><span class='ocrx_word' id='word_1_832' title='bbox 2174 5208 2337 5278; x_wconf 80' lang='grc' dir='ltr'>νόμον</span> <span class='ocrx_word' id='word_1_833' title='bbox 2392 5204 2899 5276; x_wconf 58' lang='grc' dir='ltr'>πεπολιτευμένων</span> <span class='ocrx_word' id='word_1_834' title='bbox 2952 5202 3048 5257; x_wconf 76' lang='grc' dir='ltr'><strong>καὶ</strong></span> <span class='ocrx_word' id='word_1_835' title='bbox 3115 5200 3192 5255; x_wconf 69' lang='grc' dir='ltr'>ἔτι</span> <span class='ocrx_word' id='word_1_836' title='bbox 3236 5215 3299 5268; x_wconf 85' lang='grc' dir='ltr'><strong>γε</strong></span> <span class='ocrx_word' id='word_1_837' title='bbox 3353 5195 3749 5269; x_wconf 75' lang='grc' dir='ltr'>περισσοτέρως</span> 
     </span>
    </p>
   </div>
   <div class='ocr_carea' id='block_1_117' title="bbox 2173 5282 3746 5372">
    <p class='ocr_par' dir='ltr' id='par_1_117' title="bbox 2173 5282 3746 5372">
     <span class='ocr_line' id='line_1_117' title="bbox 2173 5282 3746 5372; baseline -0.01 -20"><span class='ocrx_word' id='word_1_838' title='bbox 2173 5298 2283 5353; x_wconf 80' lang='grc' dir='ltr'><strong>ἀπὸ</strong></span> <span class='ocrx_word' id='word_1_839' title='bbox 2310 5298 2409 5372; x_wconf 81' lang='grc' dir='ltr'><strong>τῆς</strong></span> <span class='ocrx_word' id='word_1_840' title='bbox 2441 5296 2532 5351; x_wconf 85' lang='grc' dir='ltr'><strong>τοῦ</strong></span> <span class='ocrx_word' id='word_1_841' title='bbox 2566 5294 2827 5369; x_wconf 59' lang='grc' dir='ltr'>Χριστοῦ</span> <span class='ocrx_word' id='word_1_842' title='bbox 2848 5294 3120 5365; x_wconf 78' lang='grc' dir='ltr'>ὲνσάρκου</span> <span class='ocrx_word' id='word_1_843' title='bbox 3166 5287 3508 5363; x_wconf 84' lang='grc' dir='ltr'>παρουσίας·</span> <span class='ocrx_word' id='word_1_844' title='bbox 3561 5282 3746 5366; x_wconf 55' lang='lat' dir='ltr'><strong>celato:</strong></span> 
     </span>
    </p>
   </div>
   <div class='ocr_carea' id='block_1_118' title="bbox 2172 5372 3746 5458">
    <p class='ocr_par' dir='ltr' id='par_1_118' title="bbox 2172 5372 3746 5458">
     <span class='ocr_line' id='line_1_118' title="bbox 2172 5372 3746 5458; baseline -0.011 -14"><span class='ocrx_word' id='word_1_845' title='bbox 2172 5407 2311 5445; x_wconf 81' lang='grc' dir='ltr'>τατα</span> <span class='ocrx_word' id='word_1_846' title='bbox 2325 5389 2380 5443; x_wconf 78' lang='grc' dir='ltr'>δὲ</span> <span class='ocrx_word' id='word_1_847' title='bbox 2396 5388 2504 5443; x_wconf 77' lang='grc' dir='ltr'><strong>ἀπὸ</strong></span> <span class='ocrx_word' id='word_1_848' title='bbox 2519 5389 2614 5458; x_wconf 91' lang='grc' dir='ltr'><strong>τῆς</strong></span> <span class='ocrx_word' id='word_1_849' title='bbox 2625 5387 2734 5442; x_wconf 88' lang='grc' dir='ltr'><strong>τῶν</strong></span> <span class='ocrx_word' id='word_1_850' title='bbox 2746 5402 2839 5441; x_wconf 66' lang='lat' dir='ltr'><strong>ver</strong></span> <span class='ocrx_word' id='word_1_851' title='bbox 2848 5384 2956 5457; x_wconf 81' lang='grc' dir='ltr'><strong>ρῶν</strong></span> <span class='ocrx_word' id='word_1_852' title='bbox 2964 5382 3335 5445; x_wconf 69' lang='grc' dir='ltr'>ἆναστάσεως.</span> <span class='ocrx_word' id='word_1_853' title='bbox 3352 5378 3575 5450; x_wconf 73' lang='grc' dir='ltr'>Ἐπειδὴ</span> <span class='ocrx_word' id='word_1_854' title='bbox 3588 5372 3746 5431; x_wconf 72' lang='grc' dir='ltr'>σπεί-</span> 
     </span>
    </p>
   </div>
   <div class='ocr_carea' id='block_1_119' title="bbox 2168 5464 3744 5550">
    <p class='ocr_par' dir='ltr' id='par_1_119' title="bbox 2168 5464 3744 5550">
     <span class='ocr_line' id='line_1_119' title="bbox 2168 5464 3744 5550; baseline -0.013 -14"><span class='ocrx_word' id='word_1_855' title='bbox 2168 5497 2378 5550; x_wconf 85' lang='grc' dir='ltr'>ρονται</span> <span class='ocrx_word' id='word_1_856' title='bbox 2404 5481 2475 5534; x_wconf 82' lang='grc' dir='ltr'><strong>ἐν</strong></span> <span class='ocrx_word' id='word_1_857' title='bbox 2492 5477 2700 5550; x_wconf 73' lang='grc' dir='ltr'>φθορᾷ,</span> <span class='ocrx_word' id='word_1_858' title='bbox 2732 5476 3061 5548; x_wconf 76' lang='grc' dir='ltr'>ἐγείρονται</span> <span class='ocrx_word' id='word_1_859' title='bbox 3097 5474 3167 5528; x_wconf 80' lang='grc' dir='ltr'><strong>ἐν</strong></span> <span class='ocrx_word' id='word_1_860' title='bbox 3196 5471 3534 5542; x_wconf 65' lang='grc' dir='ltr'>ἀφθαρσίᾳ,</span> <span class='ocrx_word' id='word_1_861' title='bbox 3559 5464 3744 5538; x_wconf 74' lang='grc' dir='ltr'>μηκέτι</span> 
     </span>
    </p>
   </div>
   <div class='ocr_carea' id='block_1_120' title="bbox 2755 5581 3723 5662">
    <p class='ocr_par' dir='ltr' id='par_1_120' title="bbox 2755 5581 3723 5662">
     <span class='ocr_line' id='line_1_120' title="bbox 2755 5581 3723 5662; baseline -0.017 -12"><span class='ocrx_word' id='word_1_862' title='bbox 2755 5596 2776 5627; x_wconf 83' lang='grc'><em>³</em></span> <span class='ocrx_word' id='word_1_863' title='bbox 2803 5592 2974 5650; x_wconf 83' lang='lat' dir='ltr'><strong>lCor.</strong></span> <span class='ocrx_word' id='word_1_864' title='bbox 3007 5607 3069 5662; x_wconf 84' lang='lat' dir='ltr'><strong>tt,</strong></span> <span class='ocrx_word' id='word_1_865' title='bbox 3099 5590 3152 5648; x_wconf 87' lang='lat'><strong>6.</strong></span> <span class='ocrx_word' id='word_1_866' title='bbox 3252 5585 3385 5651; x_wconf 64' lang='grc' dir='ltr'>’τρε</span> <span class='ocrx_word' id='word_1_867' title='bbox 3458 5581 3723 5654; x_wconf 76' lang='grc' dir='ltr'>ἀρχόντων</span> 
     </span>
    </p>
   </div>
  </div>
