3932 6064
253 193 357 253 781
536 238 557 258 .
927 204 1295 264 Αυγεῐιευε
1331 206 1671 264 ΙίιΕλΕδΕδ
1708 209 1799 265 ιιι

1955 210 2120 268 Ton.
2157 213 2247 270 ιιι.
2280 215 2639 275 _u.ent:s.
2687 189 2848 278 an.
3417 230 3524 287 περ.

248 313 315 368 τὸ
343 314 515 369 κακὸν
549 315 946 388 ἐργαζόμενοι,
988 325 1185 394 μηκέτι
1238 325 1693 397 ἀποθνήσκοντες.
1733 330 1799 382 Kc

1913 377 1919 392 ,
1948 331 2266 390 collocarat.
2300 334 2472 406 igitur
2500 352 2611 393 non
2646 338 2823 393 solum
2860 347 2983 411 post
3013 354 3303 413 corporum
3337 362 3525 407 resur-

246 404 337 458 δτι
376 404 435 458 δὲ
481 406 847 478 παυθήσεται,
892 416 1234 485 μαρτυρήσει
1271 417 1299 469 6
1340 416 1504 481 αὐτὸς
1544 417 1702 487 λόγος
1735 437 1796 473 το

1935 423 2231 479 rectionem
2258 404 2494 493 desinet,
2526 429 2622 485 sed
2641 404 2965 500 jamdudum
2995 434 3064 491 ab
3085 404 3203 507 ipsa
3228 436 3365 507 legis
3390 404 3522 510 pro-

261 492 592 546 ’Δποστόλου
638 498 864 564 φάσκων
882 515 897 530 ·
943 499 1076 554 Τῶν
1107 503 1417 572 ἀρχόντων
1463 506 1571 561 τοῦ
1616 508 1799 563 αἰῶνα

1934 514 2304 583 mulgatione;
2359 519 2470 574 imo
2516 528 2644 576 ante
2692 522 2865 593 legem
2920 492 3197 595 ipsamlin
3246 529 3522 602 plerisque

244 576 470 636 τούτου
493 582 615 636 τῶν
646 588 1158 658 καταργυυμένων.
1188 593 1298 646 Καὶ
1326 593 1594 667 ἀνῄρηται
1627 615 1799 653 παντα

244 690 253 692 _
271 672 341 692 ΑΛ
354 690 369 692 -
441 676 454 692 ι
607 673 619 692 ι
688 676 702 692 ι
763 671 792 692 τ
836 679 891 692 ι.
1010 680 1024 692 ι
1153 683 1168 692 .
1237 684 1277 692 ...
1706 688 1716 692 -
1737 689 1750 692 _

2051 576 2081 583 _
2289 576 2301 583 ,
2726 576 2804 593 γυ-
2922 576 3092 595 νη---
3142 576 3197 582 ω
3246 576 3519 602 ,.--..-.,..-

1933 602 2115 668 desiit,
2147 608 2240 677 qui
2272 608 2435 663 vitam
2457 625 2612 668 suam
2634 627 2699 667 ex
2731 615 3000 682 naturalis
3026 615 3164 686 legis
3192 623 3519 692 praescripto

239 672 406 743 κόθεν
429 676 464 744 ἡ
490 673 632 729 κατά
652 676 734 741 σὲ,
757 671 802 730 ὧ
834 679 1121 751 Μαρκίων,
1145 683 1423 751 ὑπόθεσις,
1452 688 1793 760 φαντασιὼδη

1932 671 2328 767 temperarunt.
2383 699 2488 758 Sed
2522 705 2694 759 multo
2733 706 2905 776 magis
2940 671 3301 777 postuChrristi
3332 671 3522 767 Sal‘va-

240 778 331 825 τις
357 756 495 816 οὖσα
523 764 616 831 καὶ
645 763 994 861 ψευδὴςλπαὶ
1017 769 1272 837 ἀστατος,
1297 773 1391 826 καὶ
1414 773 1627 842 άλογος.
1782 756 1793 760 ν

2045 756 2062 767 ,
2440 756 2473 758 η
2734 756 2902 776 περ--
2940 756 3064 777 τ---
3101 756 3301 766 ----.,..
3334 756 3489 767 .,......

1930 787 2064 841 toris
2087 787 2416 859 adventum;
2449 806 2511 846 ac
2542 792 2779 864 denique
2810 805 2933 867 post
2961 804 3302 854 mortuorum
3335 817 3522 857 resur--

238 851 547 907 rectionem
573 853 730 924 longe
794 855 847 910 id
890 848 1248 917 cumulatius
1316 862 1547 919 accidet.
1604 864 2057 941 Quandoquidem
2099 879 2430 934 seminantur
2475 881 2533 934 in
2576 887 2930 951 corruptione,
2968 898 3191 958 surgunt
3235 906 3411 945 autem
3457 893 3512 948 in

233 944 690 1015 incorruptione',
711 963 815 1004 nec
848 951 1052 1006 malum
1068 954 1302 1026 amplius
1326 965 1660 1028 perpetrant,
1713 977 1891 1034 neque
1942 970 2274 1027 moriuntur.
2310 975 2391 1028 Ac
2422 984 2762 1031 cessaturum
2797 979 3015 1049 quidem
3056 982 3277 1037 omnino
3312 982 3516 1039 malum

236 1038 433 1096 eadem
469 1043 560 1098 illa
594 1044 839 1117 Apostoli
915 1055 1149 1103 testatur
1206 1050 1389 1107 oratio
1441 1070 1454 1107 :
1495 1051 1804 1125 Principum
1865 1058 2023 1130 huius
2071 1066 2273 1132 swculi,
2319 1070 2410 1138 qui
2456 1038 2915 1128 evacuantur..Es
2958 1089 3068 1145 quo
3110 1090 3306 1131 vanum
3355 1085 3510 1132 tuum

235 1135 374 1193 illud
408 1138 617 1212 .dogma
652 1142 917 1209 concidit,
959 1141 1186 1211 Marcio,
1218 1147 1363 1217 quod
1401 1148 1659 1219 opinione
1692 1152 1807 1207 sola
1845 1158 2162 1225 conﬁctum,
2193 1135 2457 1230 mendax,
2514 1164 2860 1234 inconstans,
2926 1135 3236 1242 rationique
3290 1172 3513 1229 minime

234 1237 672 1286 consentaneum
702 1239 808 1286 εει.
2208 1263 2215 1267 ’

310 1317 353 1371 δ’
374 1320 469 1373 καὶ
489 1319 556 1389 ιβ’
591 1320 740 1392 σχόλ.
776 1320 1110 1392 Γέγραπται
1127 1323 1240 1394 γάρ
1258 1341 1274 1358 ο
1307 1327 1361 1379 ’0
1394 1327 1815 1402 δρασσόμενος

235 1409 384 1476 τοὺς
410 1411 643 1480 σοφοὺς
671 1414 742 1467 ἐν
773 1414 850 1485 τῇ
873 1419 1207 1488 πανουργίᾳ
1231 1419 1431 1474 αὐτῶν
1453 1439 1467 1453 ⁸
1494 1425 1587 1478 καὶ
1621 1427 1781 1482 πάλιν
1798 1448 1811 1460 ο

236 1502 456 1571 Κύριος
494 1504 771 1573 γινώσκει
797 1506 941 1574 τοὺς
971 1508 1401 1582 διαλογισμοὺς
1441 1514 1562 1569 τῶν
1595 1517 1817 1588 ἀνθρώ-

234 1604 387 1653 πων,
412 1590 503 1645 ὅτι
529 1593 646 1647 εἰσὶ
667 1593 927 1661 μάταιοι.

304 1682 349 1736 6'
375 1684 470 1736 καὶ
500 1683 567 1754 ιβ’
592 1684 773 1757 ἔλεγχ.
805 1687 898 1750 Τὸ,
920 1687 1258 1758 γέγραπται,
1286 1696 1366 1759 εὶς
1385 1697 1583 1767 χρῆσιν
1611 1715 1814 1771 προφε-

1991 1328 2177 1386 Schol.
2221 1331 2256 1386 4
2309 1340 2364 1388 et
2426 1334 2514 1391 12.
2563 1294 2827 1407 Scriptum
2861 1348 2939 1394 est
2985 1343 3125 1397 enim
3161 1361 3181 1399 :
3228 1345 3334 1413 Qui
3369 1365 3510 1406 com-

1918 1421 2189 1488 prehendit
2210 1425 2471 1493 sapientes
2501 1427 2558 1481 in
2586 1430 2784 1483 astutia
2829 1447 3007 1487 eorum
3038 1435 3080 1489 ³.
3110 1435 3271 1508 355
3311 1438 3375 1494 Et
3403 1441 3506 1497 ite-

1919 1527 2041 1566 rum
2076 1530 2090 1566 :
2125 1512 2386 1570 Dominus
2442 1518 2585 1571 novit
2644 1521 2966 1591 cognitiones
3029 1524 3321 1595 hominum,
3373 1535 3505 1604 quia

1919 1617 2066 1656 vana
2079 1608 2217 1656 'sunt
2242 1602 2289 1653 ⁸.

1845 1652 1889 1705 Β
2273 1695 2430 1748 οι12.
2480 1694 2628 1752 Istud
2673 1699 2883 1768 ipsum,
2921 1700 3183 1771 Scriptum
3232 1716 3331 1775 est,
3367 1718 3502 1776 etc.,

233 1770 491 1841 ρόμενον.
520 1775 725 1842 καὶτὸ,
772 1777 1049 1846 γινώσκει
1093 1781 1324 1850 Κύριος,
1362 1770 1811 1860 ὁμολογούμενον,

1918 1779 1987 1835 ad
2021 1797 2180 1838 usum
2212 1786 2576 1855 translatum;
2608 1789 2866 1861 itemque,
2898 1796 3039 1848 novit
3062 1795 3338 1863 Dominus,
3368 1811 3498 1865 etc.,

230 1863 337 1916 οὐκ
376 1863 658 1936 ἀλλότριον
714 1868 951 1940 ὑπάρχει
998 1871 1077 1942 τῷ
1116 1874 1501 1948 ἀναλεξαμένῳ
1547 1879 1609 1931 τὸ
1650 1880 1799 1951 ρητδη

1917 1870 2022 1926 hac
2062 1876 2357 1930 autoritate
2396 1879 2834 1948 comprobatum,
2886 1885 3123 1940 alienum
3169 1888 3237 1943 ah
3280 1905 3346 1945 eo
3394 1863 3502 1946 mi?

228 1952 327 2005 τοῦ
366 1952 566 2023 λόγου·
591 1958 733 2026 φημὶ
764 1959 820 2012 δὲ
860 1960 936 2031 τῷ
971 1962 1110 2034 ἁγίῳ
1152 1964 1483 2039 Ἀποστόλῳ,
1515 1971 1647 2041 παρ’
1691 1964 1737 2039 ᾧ
1775 1973 1809 2041 ἠ

230 2043 429 2113 χρῆσις
458 2045 776 2119 ἐμφέρεται·
819 2050 909 2119 Ἐξ
940 2047 1006 2124 ἧς
1050 2055 1298 2126 χρήσεως
1325 2060 1354 2111 ὁ
1387 2060 1673 2132 χαρακτὴρ
1703 2079 1809 2130 φα·

227 2137 399 2187 νεῖται
425 2135 525 2188 οὐκ
553 2136 832 2210 ἀλλοτρίου
863 2141 956 2195 τοῦ
983 2144 1340 2216 κηρύγματος
1359 2149 1452 2203 τοῦ
1486 2151 1808 2206 Ἀποστόλου

227 2223 338 2278 ἀπὸ
369 2228 469 2296 τῆς
494 2226 737 2293 Παλαιᾶς
776 2231 1071 2306 Διαθήκης.
1112 2235 1236 2295 ὅθεν
1267 2238 1420 2291 αὐτῶ
1466 2241 1499 2311 ἡ
1537 2248 1807 2315 μαρτυρία

229 2317 485 2387 συνέστη.
1344 2376 1355 2387 .

298 2407 343 2460 ε’
372 2409 468 2462 καὶ
493 2409 562 2478 ιγ’
588 2410 735 2481 σχόλ.
766 2413 874 2468 Καὶ
906 2415 1016 2486 γὰρ
1046 2419 1110 2471 τὸ
1160 2420 1376 2491 Πάσχα
1425 2423 1590 2494 ἡμῶν
1623 2425 1805 2495 ἐτύθη

224 2497 481 2565 Χριστός

295 2594 337 2640 ε’
367 2589 463 2644 καὶ
496 2598 564 2660 ιγ’
591 2592 769 2665 ἔλεγχ.
808 2595 869 2649 Ei
906 2598 1097 2669 Πάσχα
1120 2601 1150 2651 6
1176 2602 1497 2667 Ἀπόστολος
1530 2592 1803 2676 ὁμολογεῖ,

224 2679 321 2731 καὶ
343 2678 575 2733 τυθέντοι
604 2681 697 2735 τὸν
721 2684 956 2755 Χριστὸν
985 2688 1085 2740 οὐκ
1109 2689 1373 2759 ἀρνεῖται,
1396 2692 1497 2746 οὐκ
1527 2694 1803 2767 ἀλλότριον

223 2768 285 2821 τὸ
314 2770 508 2840 Πάσχα
537 2772 632 2825 τοῦ
668 2775 928 2846 Χριστοῦ,
959 2775 1055 2832 τοῦ
1080 2779 1220 2834 κατά
1251 2781 1415 2852 νόμον
1442 2783 1634 2856 Πάσχα
1666 2787 1803 2860 πρό-

224 2859 387 2915 ϐατον
415 2862 631 2929 θύοντος
666 2865 957 2938 ἀληθινῶς,
994 2871 1089 2924 καὶ
1112 2871 1174 2925 οὐ
1198 2872 1439 2946 δοκήσει,
1470 2876 1532 2929 οὑ
1553 2878 1570 2908 ¹
1596 2877 1803 2949 προϐά-

1914 1961 2064 2018 nime
2109 1972 2387 2030 censetur,
2437 1968 2726 2038 quihanc
2773 1986 2806 2027 e
2845 1970 3132 2044 Scriptura
3173 1982 3498 2035 sententiain

1914 2052 2161 2121 protulit,
2211 2056 2476 2126 Apostolo
2536 2058 2810 2128 videlicet,
2867 2078 2899 2118 a
2953 2081 3063 2136 quo
3120 2068 3226 2123 ista
3268 2071 3499 2127 collecta

1913 2150 2066 2199 sunt.
2114 2144 2294 2215 Atque
2347 2145 2452 2204 hoc
2510 2164 2579 2206 ex
2615 2167 2716 2206 usu
2748 2153 2994 2209 locorum
3060 2158 3196 2214 satis
3249 2173 3495 2231 apparet,

1911 2235 2229 2303 apostolicae.
2265 2237 2532 2295 doctrina:
2578 2239 2813 2297 formam
2850 2245 2990 2300 nihil
3019 2261 3051 2301 a
3084 2247 3275 2305 Vetere
3303 2251 3498 2308 Testa-

1912 2330 2099 2378 mento
2127 2323 2417 2393 dissidere,
2433 2328 2606 2398 cujus
2632 2330 2724 2387 ille
2754 2334 3125 2392 testimonium
3150 2339 3419 2395 adhibuit.

1984 2411 2170 2471 Schol.
2198 2416 2233 2472 5
2253 2425 2307 2473 et
2334 2419 2422 2475 15.
2452 2419 2660 2476 Etenim
2690 2421 2900 2480 Pascha
2922 2437 3162 2483 nostrum
3190 2431 3492 2488 immolatus

1906 2511 1986 2556 est
2022 2503 2268 2562 Christus
2294 2508 2339 2562 ⁸.
2794 2542 2798 2546 -
3272 2516 3279 2527 “

1978 2595 2163 2655 Refut.
2232 2601 2267 2657 5
2330 2611 2384 2658 et
2453 2604 2541 2660 i5.
2598 2605 2733 2661 Cum
2799 2615 2853 2664 et
2915 2609 3127 2667 PasCha
3195 2613 3489 2685 Apostolus

1907 2698 2192 2759 agnoscat,
2233 2700 2289 2748 et
2329 2693 2664 2751 immolatum
2698 2697 2980 2756 Christum
3021 2718 3131 2759 non
3157 2715 3337 2776 neget,
3379 2723 3488 2762 non

1905 2787 1992 2834 est
2020 2780 2438 2838 abalienandum
2466 2800 2496 2839 a
2519 2785 2741 2843 Christo
2765 2788 2978 2846 Pascha
3000 2793 3094 2863 qui
3115 2809 3182 2848 ex
3203 2794 3487 2855 Paschatis

1906 2870 2025 2942 lege
2056 2888 2251 2928 verum
2291 2874 2505 2946 Agnum
2539 2893 2649 2934 non
2679 2882 2859 2951 specie
2883 2892 3042 2941 tenus
3070 2885 3314 2942 immolat
3345 2907 3358 2943 :
3391 2904 3490 2945 cu-

223 2968 318 3005 του
360 2954 532 3019 τύπος
581 2951 650 3027 ἦν
677 2959 706 3010 6
747 2959 809 3011 οὐ
839 2959 1061 3031 δοκήσει
1091 2961 1353 3035 θυόμενος
1386 2968 1639 3037 Χριστὸς,
1676 2969 1798 3024 οὐδὲ

1913 2961 1994 3029 ius
2031 2965 2157 3034 agni
2192 2964 2423 3022 formam
2464 2984 2574 3025 non
2621 2973 2803 3042 specie
2845 2973 2972 3030 item
3022 2976 3140 3030 sola
3174 2976 3488 3035 immolatus

222 3041 350 3095 ἀνευ
408 3045 611 3115 σαρκὸς
658 3048 903 3119 πάσχων.
950 3052 1076 3118 Πῶς
1130 3054 1240 3127 γάρ
1297 3056 1529 3127 ἠδύνατο
1580 3060 1798 3132 πνεῦμα

221 3131 489 3205 θύεσθαις
527 3139 693 3212 Δῆλον
724 3141 824 3196 οὐκ
847 3142 1108 3215 ἠδύνατο·
1145 3146 1220 3218 μὴ
1244 3148 1546 3220 δυναμένου
1578 3151 1798 3222 δεάνευ

224 3230 428 3300 σαρκὸς
460 3232 707 3305 τυθῆναι,
743 3239 993 3302 τυθέντος
1022 3240 1079 3294 δὲ
1113 3240 1174 3296 ἐν
1209 3239 1442 3314 ἀληθείᾳ
1465 3243 1579 3311 (81)
1609 3244 1801 3314 ὁμολο-

219 3323 398 3389 γεῖται
425 3321 516 3375 διὰ
539 3323 641 3394 τῆς
666 3326 763 3381 τοῦ
804 3328 1131 3384 Ἀποστόλου
1170 3330 1576 3403 ἀναμφιλέκτου
1604 3332 1797 3403 ὁμολο⁸

219 3411 363 3479 γῐας.
413 3413 623 3469 Οὐκοῦν
665 3418 730 3470 ὲκ
787 3420 987 3484 παντὸς
1032 3422 1220 3491 σαφῶς
1271 3424 1648 3481 ἀποδέδεικται
1696 3427 1798 3481 οὐκ

218 3500 498 3573 ἀλλότριος
520 3505 549 3557 6
581 3505 744 3576 νόμος
774 3507 930 3579 τύπῳ
958 3511 1256 3584 φερόμενος
1281 3513 1459 3586 χρόνῳ
1505 3516 1669 3587 μέχρι
1699 3515 1794 3571 τοῦ

218 3592 595 3665 ἔντελεστέρου
641 3597 738 3650 καὶ
786 3599 1053 3671 ἐναργοῦς
1102 3605 1376 3675 προϐάτου
1429 3606 1684 3670 τυθέντος
1736 3611 1795 3662 ὲν

215 3684 447 3758 ὀληθείᾳ
475 3688 736 3759 Χριστοῦ,
775 3685 836 3745 οὗ
869 3695 1111 3763 προῆγεν
1150 3696 1208 3748 ἑν
1239 3699 1352 3759 τοῖς
1384 3696 1633 3762 παλαιοῖς
1669 3699 1795 3770 χρό-

216 3793 330 3840 νοις
350 3777 530 3843 ἀλλοις
553 3778 812 3851 θυόμενον
833 3782 894 3836 τὸ
910 3784 1182 3855 πρόϐατον
1208 3786 1270 3838 τὸ
1295 3787 1569 3859 αἰσθητόν.
1605 3788 1794 3858 Ἠμῶι·

216 3867 286 3923 δὲ
316 3869 384 3924 τὸ
415 3869 632 3941 Πάσχα
666 3872 847 3943 ἐτύθη
880 3877 1153 3944 Χριστός.

288 4144 341 4202 ς’
374 4137 469 4192 καὶ
502 4137 562 4192 ιδ’
587 4139 733 4210 σχόλ.
775 4142 898 4195 Οὐκ
925 4140 1146 4204 οἴδατε,
1198 4139 1288 4195 ὅτι
1329 4143 1362 4195 ὁ
1407 4142 1790 4213 κολλώμενος

213 4226 291 4297 τῇ
331 4229 521 4299 πόρνῃ
561 4228 631 4282 ἐν
651 4228 822 4299 σῶμά
866 4230 1072 4295 sectr;
1105 4231 1389 4286 Ἔσονται
1432 4231 1544 4301 γὰρ
1578 4234 1634 4286 οἱ
1678 4231 1788 4287 δύο

211 4322 298 4386 εἷς
325 4318 524 4390 σάρκα
552 4321 719 4390 μίαν.

284 4416 339 4476 ς’
372 4411 465 4464 καὶ
493 4411 552 4464 ιδ’
576 4410 754 4482 ἐλεγχ.
791 4414 854 4467 Et
885 4414 987 4468 οὐκ
1010 4414 1238 4487 ἀληθὴς
1262 4416 1290 4468 6
1333 4415 1517 4483 νόμος,
1558 4415 1663 4471 τίνι
1705 4417 1785 4490 τῷ

210 4500 354 4572 λόγῳ
384 4503 432 4556 oi
466 4502 686 4572 ἀληθεῖς
714 4504 812 4569 τὰς
849 4507 1152 4578 μαρτυρίας
1179 4507 1289 4561 ἀπὸ
1319 4506 1417 4561 τοῦ
1449 4506 1615 4578 νόμου
1647 4506 1786 4581 λαμ-

208 4594 497 4663 ϐάνουσινς
552 4588 629 4649 ὧν
664 4589 746 4659 εἷς
786 4596 1018 4669 ὑπάρχει
1050 4599 1080 4651 6
1116 4597 1273 4666 ἅγιος
1312 4598 1448 4653 Θεοῦ
1487 4599 1786 4663 ἀπόστολος

208 4684 443 4761 Παῦλος,
469 4687 498 4739 6
536 4686 636 4759 τὴν
669 4689 976 4761 μαρτυρίαν
1019 4688 1224 4763 ταύτην
1259 4691 1399 4762 μετά
1439 4692 1535 4745 καὶ
1572 4692 1783 4747 πολλῶν

208 4758 381 4832 ἀλλων
411 4758 599 4833 λαϐὼν
634 4758 713 4844 εἰς
753 4758 954 4853 ἐναργῆ
1002 4758 1346 4854 παράστασιν
1385 4783 1644 4850 ἀληθείας
1692 4786 1783 4840 καὶ

209 4869 561 4941 κηρύγματος
595 4870 800 4940 ἀγαθοῦ
835 4872 993 4928 Θεοῦ.

277 4957 322 5024 ζ’
346 4959 443 5014 καὶ
478 4960 538 5013 ιε’
568 4961 714 5032 σχόλ.
753 4963 1250 5035 Μετηλλαγμένωςν
1272 4965 1393 5019 ἀντὶ
1424 4966 1534 5040 γὰρ
1563 4965 1679 5032 τοῦ,
1710 4967 1780 5021 ἐν

1900 3050 2155 3109 Christus
2183 3069 2285 3110 nec
2315 3056 2435 3112 sine
2462 3071 2629 3115 carne
2656 3075 2855 3131 passus
2888 3066 3175 3134 expressit.
3207 3062 3310 3131 Qui
3339 3067 3485 3122 enim

1898 3144 2130 3198 mactari
2175 3144 2405 3215 spiritus
2448 3149 2674 3216 posset?
2723 3149 2868 3208 Sane
2904 3152 3020 3210 ﬁeri
3064 3154 3213 3209 istud
3260 3157 3487 3212 omnino

1899 3235 2126 3304 nequit;
2167 3237 2264 3294 sed
2301 3254 2480 3310 neque
2518 3240 2637 3297 sine
2669 3257 2836 3300 carne
2872 3252 3063 3315 potest
3095 3248 3294 3303 occidi.
3333 3249 3485 3306 Occi-

1900 3337 2022 3380 sum
2050 3333 2232 3382 autem
2264 3343 2389 3386 esse
2421 3345 2632 3399 revera,
2671 3332 2817 3390 haud
2847 3334 3014 3390 dubia
3058 3337 3304 3408 Apostoli
3345 3356 3447 3396 con
3468 3370 3483 3383 -

1900 3415 2141 3475 tessione
2185 3421 2518 3478 declaratur.
2569 3423 2935 3491 Quamobrem
2981 3432 3294 3488 necessaria
3345 3434 3480 3491 illud

1897 3510 2111 3568 ratione
2152 3512 2426 3584 colligitur
2465 3534 2479 3570 :
2518 3531 2628 3572 non
2674 3519 2906 3575 alienam
2949 3535 3072 3577 esse
3112 3523 3309 3595 legem,
3357 3542 3481 3598 qua:

1897 3606 2235 3663 adumbratis
2274 3608 2439 3666 rebus
2468 3622 2533 3665 ac
2568 3608 2757 3682 ﬁguris
2792 3612 2982 3669 tandiu
3027 3616 3350 3685 constabat,
3380 3618 3479 3672 do-

1895 3708 1996 3748 nec
2045 3694 2355 3764 perfectior,
2408 3698 2662 3769 idemque
2700 3703 3028 3761 manifestus
3072 3721 3245 3777 agnus
3286 3723 3478 3764 succe-

1893 3781 2077 3847 deret,
2124 3785 2229 3841 hoc
2275 3798 2358 3843 est
2408 3788 2662 3847 Christus
2712 3795 2895 3865 reipsa
2945 3807 3251 3864 mactatus,
3308 3816 3472 3871 quem

1849 3908 1853 3915 ς
1893 3874 2092 3944 priscis
2116 3878 2454 3948 temporibus
2486 3883 2783 3961 antecessit
2811 3884 2948 3940 alter
2980 3887 3067 3941 ille
3095 3889 3187 3957 qui
3221 3890 3471 3944 immola-

1893 3963 2051 4019 batur
2082 3981 2275 4036 agnus,
2300 3969 2500 4039 quique
2529 3986 2695 4027 sensu
2725 3974 2931 4045 percipi
2955 3985 3183 4045 poterat.
3212 3976 3472 4033 Nostrum

1892 4071 2009 4129 vero
2045 4054 2254 4115 Pascha
2288 4060 2593 4116 immolatus
2620 4072 2697 4117 est
2726 4061 2990 4121 Christus.

1964 4144 2146 4203 Schol.
2177 4148 2212 4204 6
2238 4157 2293 4205 et
2326 4151 2411 4205 M.
2454 4152 2683 4208 Nescitis
2722 4155 2862 4224 quod
2896 4157 2987 4227 qui
3027 4157 3258 4212 adliceret
3311 4175 3471 4215 mere-

1892 4237 2031 4304 trici,
2067 4255 2229 4294 unum
2250 4257 2436 4311 corpus
2465 4253 2542 4299 est
2564 4242 2627 4297 ⁸2
2652 4244 2819 4301 Erunt
2852 4248 3012 4315 enim,
3048 4248 3239 4319 inquit,
3277 4249 3385 4304 duo
3414 4252 3471 4306 in

1820 4332 1864 4388 D
1891 4345 2102 4385 carnem
2132 4348 2293 4386 unam
2323 4334 2366 4387 ⁷.

1961 4419 2143 4476 Beiut.
2176 4420 2210 4477 6
2236 4430 2291 4477 et
2313 4422 2399 4478 14.
2429 4421 2548 4479 Nisi
2575 4438 2704 4480 vera
2736 4425 2823 4480 lex
2854 4425 2945 4492 sit,
2972 4427 3099 4499 quid
3133 4436 3217 4485 est
3244 4431 3459 4488 tandem

1890 4511 2035 4583 quod
2062 4510 2156 4582 qui
2185 4511 2399 4566 veritati
2432 4513 2653 4569 student
2678 4516 3032 4574 auctoritates
3068 4532 3137 4573 ex
3158 4519 3250 4573 illa
3272 4519 3464 4590 depro-

1888 4604 2083 4659 munt?
2113 4603 2421 4674 cuiusmodi
2452 4617 2677 4661 sanctus
2703 4605 2801 4663 Dei
2846 4609 3128 4678 apostolus
3149 4619 3231 4665 est
3260 4608 3474 4672 Paulus,

1886 4696 1982 4765 qui
2005 4710 2130 4751 cum
2164 4696 2288 4751 aliis
2320 4696 2626 4752 innumeris
2655 4696 2760 4753 hoc
2792 4699 2958 4755 etiam
2987 4698 3358 4755 testimonium
3392 4700 3461 4754 ad

1886 4788 2171 4843 veritatem
2202 4788 2441 4858 bonique
2464 4786 2555 4843 Dei
2599 4788 3040 4860 praedicationem
3067 4789 3346 4849 evidenter
3366 4806 3460 4847 as-

1888 4881 2247 4936 severandam
2280 4894 2389 4934 non
2417 4879 2687 4935 dubitavit
2717 4880 2933 4939 afferre.

1956 4966 2140 5025 Schol.
2190 4969 2299 5025 7et
2346 4970 2434 5026 15.
2482 4968 2720 5026 Mutatus
2765 4978 2850 5026 est
2884 4971 3055 5027 locus.
3097 4970 3231 5025 Nam
3264 4986 3360 5042 pro
3391 4986 3461 5027 eo

207 5049 286 5117 τῷ
313 5051 495 5121 νόμῳ,
537 5051 709 5121 λέγει,
736 5054 807 5109 ἐν
831 5054 913 5121 τῷ
965 5056 1261 5124 Martialium
1304 5058 1481 5128 νόμῳ.
1518 5059 1678 5128 Λέγει
1719 5060 1775 5113 δὲ

1913 5061 2027 5129 μιοὰ
2088 5068 2208 5126 est,
2255 5059 2323 5116 In
2374 5061 2540 5134 lcge',
2585 5060 2826 5131 scripsit,
2852 5063 2907 5115 in
2945 5060 3147 5133 Moysis
3180 5064 3307 5133 lege.
3351 5061 3455 5118 Sed

208 5141 313 5213 πρὸ
338 5141 529 5198 τούτου
547 5158 565 5177 ο
599 5147 652 5199 ει
678 5146 777 5199 καὶ
816 5148 850 5205 ό
877 5149 1059 5217 νόμος
1094 5148 1278 5203 ταῦτα
1302 5152 1374 5204 οὐ
1404 5150 1586 5220 λέγει.

278 5360 293 5391 ¹
319 5356 473 5440 F._o_6
507 5363 763 5440 προρκ-Ιη
781 5362 1225 5440 νθιᾏιεεκτύπος
1250 5364 1319 5439 ἦν
1355 5368 1384 5420 6
1414 5340 1654 5440 δοκήσει.

207 5441 354 5492 xcm,
389 5429 478 5486 Η.
554 5428 582 5461 ⁷⁸
619 5428 641 5483 1
668 5429 794 5488 Cor.
826 5450 880 5500 v,
911 5435 961 5490 7.
989 5428 1015 5435 ν
1038 5436 1059 5468 ⁸
1086 5439 1109 5489 ι
1143 5428 1368 5505 Corfvr,
1402 5437 1490 5495 t6.

1769 5377 1789 5407 ’
1828 5374 1844 5428 Ι
1876 5373 2002 5431 Cor.
2036 5392 2128 5439 xv,
2159 5376 2247 5431 42.

1580 5439 1600 5468 τ
1631 5441 1765 5498 Gen.
1810 5442 1994 5512 u,2t;
2027 5446 2217 5501 Matth.
2250 5462 2366 5513 xu,
2410 5448 2464 5503 5.
2539 5439 2763 5505 'lCor.
2794 5439 2870 5518 ni,
2903 5452 2955 5509 9.

1882 5159 2039 5207 antea
2072 5151 2304 5219 dixerat,
2337 5153 2548 5210 tametsi
2572 5152 2657 5208 lea:
2680 5168 2744 5207 ea
2772 5168 2876 5208 non
2902 5153 3066 5208 dicat.

2358 5378 2380 5411 ³
2407 5376 2702 5453 l__Cor._tu,
2737 5343 2841 5449 i9;
2875 5380 2979 5453 Job
3004 5400 3057 5453 v,
3095 5381 3179 5439 15.
3258 5382 3280 5414 ⁸
3306 5381 3451 5441 Psal.

275 5580 385 5653 (8!)
431 5581 724 5650 TvOértoc
753 5585 820 5640 δὲ
860 5589 930 5643 ἐν
972 5591 1146 5660 ἀληθ.
1190 5591 1384 5653 Decssc
1414 5595 1657 5652 nonnihil
1696 5597 1763 5651 ad

1914 5601 2166 5671 gritatcm
2202 5602 2370 5673 hujus
2403 5603 2506 5660 loci
2535 5605 2769 5689 videtur1
