4008 6078
222 183 332 247 735
406 144 411 149 ’

931 178 1303 248 ADVERSUS
1340 188 1680 247 HERESES
1705 185 1786 244 Lll

1888 188 1915 242 Ι.
1957 178 2253 246 ΤΟΜ.ἸΙΙ.
2290 219 2358 229 -
2398 187 2669 251 ΗᾸΞΒΕΞ.
2713 189 2871 244 XLII.

3364 193 3465 249 786
3500 144 3516 165 κ

171 353 175 356 μ
220 312 387 366 αὐτὸν
430 306 679 379 ποιητὴν,
707 305 800 361 καὶ
838 306 1189 381 δημιουργὸν,
1226 310 1320 364 καὶ
1354 307 1648 380 νομοθέτην
1682 306 1786 359 Πα-

1894 304 2176 367 dam,cura
2206 315 2259 362 et
2289 306 2542 385 spiritali,
2585 321 2706 377 quae
2739 307 2954 361 illorum
2983 313 3234 362 naturam
3267 298 3481 363 conss;

218 398 380 463 λαιᾶς
421 398 516 451 καὶ
566 397 775 467 Καινῆς
818 397 1092 470 Διαθήκης
1125 398 1283 464 ὄντα,
1330 397 1463 452 Θεὸν
1494 396 1696 466 ἀγαθόν
1734 413 1794 450 τε

219 491 318 545 καὶ
345 489 552 545 δίκαιον
584 489 676 543 καὶ
704 489 812 543 τῶν
835 488 1051 543 πάντων
1080 489 1304 561 Κύριον.

298 758 354 823 η’
381 750 478 805 καὶ
504 757 580 815 ις’
621 749 768 823 σχόλ.
799 710 896 821 Μὴ
923 751 1043 806 τῶν
1061 753 1232 818 ,βοῶν
1252 754 1424 825 μέλει
1456 754 1536 819 τῷ
1568 754 1724 821 Θεῷ;

290 940 342 1003 η’
370 933 465 988 καὶ
494 940 569 999 ις’
600 932 780 1003 ἐλεγχ.
802 932 939 1004 Ἤδη
969 933 1567 1005 διαπεπραγμάτευται,
1602 935 1694 988 καὶ
1708 935 1794 989 διὰ

217 1025 461 1089 πλάτους
508 1026 845 1096 ἡρμήνευται
895 1027 953 1077 ὲν
993 1023 1073 1095 τῷ
1124 1025 1231 1095 πρὸ
1274 1024 1437 1078 αὐτοῦ
1490 1026 1658 1097 ῥητῷ.
1705 1028 1795 1080 Διὸ

218 1117 479 1187 περιττὸν
509 1115 854 1187 ἡγησάμενος
883 1110 1038 1179 αὖθις
1066 1117 1195 1187 περὶ
1219 1115 1384 1170 αὐτοῦ
1430 1116 1629 1185 λέγειν,
1692 1119 1795 1188 ἡρ-

215 1206 424 1278 κέσθην
451 1209 564 1269 τοῖς
590 1205 1024 1277 προειρημένοις.

293 1297 339 1350 θ’
371 1297 464 1351 καὶ
493 1296 557 1361 ιζ’
579 1297 725 1367 σχόλ.
751 1299 835 1351 οὐ
859 1297 1011 1352 θέλω
1030 1298 1138 1367 γὰρ
1166 1298 1322 1368 ὑμᾶς
1342 1300 1604 1370 ἀγνοεῖν,
1622 1290 1797 1358 ἀδελ·

212 1387 344 1457 εροὶ,
380 1386 469 1440 ὅτι
494 1390 548 1440 al
574 1385 823 1454 πατέρες
850 1386 1020 1460 ὑμῶν
1037 1390 1156 1444 ὑπὸ
1180 1388 1296 1459 τὴν
1322 1390 1586 1460 νεφέλην
1608 1388 1790 1463 ἦσαν,

212 1480 320 1533 καὶ
353 1478 576 1542 πάντες
611 1477 710 1531 διὰ
734 1476 842 1546 τῆς
873 1478 1191 1548 θαλάσσης
1227 1480 1495 1551 διῆλθον,
1519 1482 1617 1538 καὶ
1646 1482 1794 1537 πάν-

214 1587 321 1634 τες
368 1569 433 1622 τὸ
477 1569 626 1623 αὐτὸ
674 1570 1075 1638 πνευματικὸν
1128 1570 1355 1641 ἔφαγον
1408 1573 1641 1642 βρῶμα,
1692 1572 1793 1628 καὶ

1897 395 2103 465 quitur,
2131 395 2495 451 administrat.
2528 394 2974 452 Concludendum
2998 396 3164 466 igitur
3188 403 3292 464 est,
3316 410 3469 450 eum-

1896 488 2017 543 dem
2052 485 2411 552 conditorem,
2455 495 2509 543 et
2546 488 2816 559 opiﬁcem,
2852 503 2916 542 ac
2943 488 3469 559 legislatorem‘esse

1904 576 2112 635 Veteris
2147 593 2210 633 ac
2234 577 2371 634 Novi
2402 577 2734 635 Testamenti
2755 621 2769 645 ,
2801 580 2967 634 Deum
2999 579 3231 645 bonum,
3275 587 3329 636 et
3367 581 3455 651 ju-

1896 680 2062 733 stum,
2095 670 2582 740 universorumque
2616 668 2923 725 Dominum.
3305 700 3331 728 -.

1971 762 2156 841 Schol;
2212 762 2246 816 8
2295 773 2349 816 et
2416 760 2501 816 {6.
2548 758 2803 832 Nunquid
2858 760 2922 816 de
2994 760 3155 815 bobus
3211 777 3340 816 cura
3390 771 3469 817 est

1907 852 2019 907 Deo
2048 848 2100 901 ‘?
2395 919 2403 927 _

1967 940 2156 997 Refut.
2186 941 2220 996 8
2245 949 2301 997 et
2334 941 2421 997 16.
2475 940 2705 1000 Abunde
2755 947 3024 997 tractatus
3054 941 3143 996 hic
3174 941 3329 997 locus
3361 949 3465 1006 est,

1896 1042 1951 1092 et
1990 1034 2045 1088 in
2078 1034 2346 1104 superiori
2401 1033 2580 1103 capite
2629 1049 2657 1088 a
2707 1033 2865 1088 nobis
2894 1032 3198 1103 expositus.
3232 1031 3470 1103 Ideoque

1896 1138 2367 1194 supervacaneum
2399 1124 2502 1177 rati
2531 1123 2718 1178 eadem
2753 1123 2935 1178 denuo
2957 1132 3223 1193 repetere,
3252 1123 3322 1179 iis
3348 1137 3469 1193 quae

1895 1212 2040 1268 dicta
2068 1218 2196 1268 sunt
2227 1212 2464 1268 contenti
2497 1228 2618 1268 esse
2647 1213 2929 1269 debemus.
3448 1228 3457 1236 ‘

1968 1302 2152 1358 Schol.
2186 1304 2219 1359 9
2247 1310 2302 1358 et
2331 1303 2417 1356 i7.
2468 1301 2610 1358 Nolo
2656 1304 2794 1358 enim
2820 1322 2910 1359 vos
2943 1306 3209 1376 ignorare,
3247 1306 3464 1375 fratres,

1893 1393 2141 1463 quoniam
2186 1401 2364 1462 patres
2411 1395 2582 1448 nostri
2619 1394 2715 1448 sub
2763 1394 2912 1449 nube-
2936 1395 3169 1465 fuerunt,
3203 1405 3253 1450 et
3281 1412 3461 1450 omnes

1894 1498 2039 1549 mare
2060 1484 2407 1549 transierunt,
2430 1493 2479 1537 et
2505 1500 2681 1538 omnes
2706 1485 2942 1539 eamdem
2965 1502 3139 1540 escam
3170 1487 3465 1556 spiritalem

1894 1574 2341 1628 manducauerunt
2366 1614 2381 1638 ,
2440 1584 2490 1629 et
2545 1591 2720 1630 omnes
2777 1576 3013 1633 eumdem
3058 1588 3240 1647 potum
3312 1578 3471 1647 spiri-

212 1660 445 1726 πάντες
467 1660 534 1713 τὸ
565 1660 712 1714 αὐτὸ
744 1634 1351 1730 πνευματικὸννέπιον
1625 1634 1786 1720 Ἔπι-

1894 1663 2052 1717 talem
2100 1634 2378 1717 biberunt;
2432 1664 2685 1719 Bibebant
2725 1667 2863 1720 enim
2914 1670 2978 1721 de
3000 1634 3246 1737 spiritali
3287 1634 3469 1722 conse-

216 1770 335 1806 νον
368 1753 477 1821 γὰρ
508 1753 576 1806 ἐκ
603 1752 1009 1823 πνευματικῆς
1046 1755 1504 1825 ἀκολουθούσης
1539 1758 1789 1826 πέτραςο

215 1846 260 1906 ἡ
308 1842 377 1897 δὲ
418 1843 601 1912 πέτρα
651 1839 730 1912 ἦν
779 1847 813 1898 ὁ
863 1847 1133 1913 Χριστός.
1178 1848 1339 1902 Ἀλλ’
1379 1851 1492 1903 οὐκ
1546 1849 1616 1902 ἐν
1668 1850 1793 1917 τοῖς

213 1933 500 1987 πλείοσιν
528 1932 726 1988 αὐτῶν
755 1934 1080 2003 ηὑδόκησε.
1110 1937 1300 1992 Ταῦτα
1336 1939 1404 1992 δὲ
1432 1941 1607 1994 τύποι
1625 1940 1795 2010 ἡμῶν

206 2023 614 2094 ἐγενήθησαν,
641 2024 727 2094 μὴ
768 2026 918 2093 πρὸς
948 2027 1014 2083 τὸ
1049 2025 1202 2083 εἶναι
1234 2029 1393 2101 ἡμᾶς
1430 2033 1794 2103 ἐπιθυμητὰς

214 2114 452 2179 κακῶν,
503 2116 698 2183 καθὼς
753 2118 851 2172 καὶ
908 2119 1124 2174 ἐκεῖνοι
1166 2123 1575 2192 ἐπεθύμησαν·
1633 2124 1791 2194 μηδὲ

214 2204 640 2274 εἰδωλολάτραι
681 2208 942 2276 γίνεσθε,
981 2210 1173 2277 καθώς
1223 2229 1379 2279 τινες
1436 2213 1652 2279 αὐτῶν,
1688 2231 1792 2268 κα-

215 2295 335 2362 θὼς
378 2296 695 2367 τέψαπται
719 2313 732 2327 ’
786 2298 1100 2354 Ἐκάθισεν
1151 2304 1184 2355 ό
1240 2303 1389 2369 λαός
1443 2304 1656 2373 φαγεῖν
1690 2307 1789 2361 καὶ

215 2389 399 2455 πιεῖν,
448 2389 547 2442 καὶ
574 2388 927 2457 ἀνέστησαν
957 2390 1200 2453 παίζειν.
1235 2393 1402 2462 Μηδὲ
1440 2396 1789 2464 ἐκπειράζω-

208 2498 328 2551 μεν
352 2479 460 2534 τὸν
484 2482 743 2549 Χριστόν
762 2496 774 2511 ⁸
811 2483 944 2536 ὅπου
984 2482 1131 2552 λέγει
1158 2501 1171 2514 ·
1200 2483 1384 2539 ταῦτα
1432 2485 1501 2539 δὲ
1529 2486 1790 2554 τυπικῶς

211 2569 577 2625 συνέϐαινεν
622 2571 903 2638 ἐκεινοις·
952 2572 1178 2643 ἐπράφη
1222 2574 1292 2630 δὲ
1342 2575 1519 2646 ἡμῖν,
1574 2578 1668 2633 καί¹
1720 2580 1792 2635 τά

213 2662 368 2733 ἑξῆς·

286 2755 333 2808 θ’
377 2755 473 2809 καὶ
526 2755 590 2821 ιζ’
637 2755 816 2827 ἐλεγχ.
859 2758 923 2810 Ὢ
960 2757 1157 2829 πολλῆς
1204 2761 1659 2831 φρενοϐλαϐείαςί
1694 2765 1788 2829 Τίς

212 2845 360 2916 ἔχων
419 2845 751 2917 ὀφθαλμοὺς,
794 2847 943 2918 ἡλίου
984 2849 1388 2917 ἀνατέλλοντος,
1446 2853 1637 2908 ἑαυτὸν
1676 2854 1788 2908 ἀπὸ

1891 1762 2075 1824 quente
2102 1768 2190 1807 eos
2219 1763 2404 1820 petra;
2449 1765 2601 1823 petra
2646 1764 2824 1809 autem
2874 1767 2992 1810 erat
3038 1756 3298 1813 Christus.
3353 1756 3458 1811 Sed

1894 1843 2077 1896 nonin
2107 1842 2350 1910 pluribus
2391 1858 2571 1897 eorum
2611 1843 2993 1912 beneplacitum
3031 1852 3110 1899 est
3154 1843 3284 1900 Deo.
3332 1843 3460 1899 Ha’c

1894 1944 2070 1990 autem
2093 1936 2148 1989 in
2172 1937 2347 2007 ﬁgura
2374 1936 2521 2005 facta
2557 1947 2680 1991 sunt
2721 1939 2913 2003 nostri,
2945 1948 3001 1992 ut
3028 1955 3133 1994 non
3153 1940 3320 1994 simus
3343 1957 3459 1996 cou-

1892 2029 2212 2094 cupiscentes
2246 2028 2529 2093 malorum,
2576 2032 2713 2089 sicut
2751 2031 2835 2085 illi
2878 2031 3131 2100 fuerunt;
3166 2049 3325 2104 neque
3348 2034 3465 2088 ido-

1893 2118 2065 2172 lorum
2123 2118 2348 2173 cultores
2399 2119 2717 2188 eﬁiciamini,
2756 2121 2894 2174 sicut
2938 2121 3151 2190 quidam
3199 2137 3265 2176 ex
3303 2124 3454 2192 ipsis,

1891 2209 2328 2281 quemadmodum
2356 2212 2607 2279 scriptum
2631 2221 2747 2266 est:
2788 2211 2935 2268 Sedit
2978 2213 3199 2280 populus
3242 2213 3461 2267 mandu-

1890 2315 2009 2353 care
2061 2307 2111 2353 et
2138 2299 2332 2365 bibere,
2360 2308 2410 2354 et
2438 2310 2782 2355 surrexerunt
2818 2300 3016 2356 ludere.
3066 2300 3247 2372 Neque
3290 2313 3448 2357 tente-

1890 2405 2006 2443 mus
2053 2389 2343 2454 Christum,
2397 2406 2572 2461 usque
2619 2392 2686 2446 ad
2735 2394 2827 2447 illa
2869 2394 3076 2448 verba:
3107 2393 3234 2449 ιιωο
3273 2404 3449 2449 autem

1890 2478 2069 2532 omnia
2103 2479 2158 2533 in
2185 2479 2362 2550 [igura
2391 2481 2759 2552 contingebant
2791 2482 2923 2550 illis,
2963 2484 3164 2553 scripta
3194 2494 3315 2539 sunt
3351 2502 3479 2541 att--

1892 2579 1994 2624 tem
2025 2568 2175 2624 nobis
2207 2571 2250 2637 ¹,
2277 2558 2383 2626 etc.
2456 2625 2461 2631 ,

1959 2751 2139 2808 Refut.
2191 2751 2224 2809 9
2254 2760 2308 2809 et
2370 2753 2456 2810 Π.
2502 2752 2868 2810 Οῖηαιιιιίιεωι
2929 2755 3254 2812 amentiam!
3295 2756 3476 2824 Quis,

1889 2843 2101 2899 oriente
2148 2846 2283 2909 sole,
2314 2845 2361 2900 si
2389 2845 2550 2900 modo
2589 2846 2779 2901 oculos
2819 2847 3035 2912 habeat,
3069 2862 3101 2901 a
3132 2847 3254 2902 luce
3287 2848 3453 2918 possit

212 2936 308 2990 τοῦ
340 2937 521 3006 φωτὸς
550 2937 844 3010 πλανήσει;
889 2941 952 2993 El
981 2941 1090 3013 γὰρ
1131 2943 1372 3015 πατέρας
1418 2943 1612 2997 ἑαυτοῦ
1660 2945 1785 3009 τοὺς

1889 2936 2184 2991 aberrare?
2220 2935 2359 2991 Num
2390 2937 2436 2992 si
2469 2944 2652 3007 patres
2686 2953 2817 2993 suos
2845 2945 3058 2994 veteres
3081 2937 3204 2993 illos
3232 2937 3449 3008 Aposto

210 3028 333 3081 τότε
375 3027 523 3097 λέγει
570 3029 600 3082 ὁ
651 3029 805 3099 ἅγιος
867 3032 1206 3100 Ἀπόστολος,
1245 3036 1338 3088 καὶ
1384 3036 1489 3090 ὑπὸ
1537 3037 1784 3108 νεφέλης,

210 3120 307 3174 καὶ
354 3118 447 3173 διὰ
505 3119 777 3192 θαλάσσης
827 3121 1225 3195 διεληλυθέναι,
1277 3128 1372 3181 καὶ
1424 3128 1787 3199 πνευματικὸν

208 3212 413 3285 βρῶμα
444 3214 540 3268 καὶ
581 3216 732 3285 πόμα
762 3212 924 3285 εἶναι,
959 3218 1289 3291 βεϐρωκέναι
1342 3220 1398 3273 δὲ
1446 3223 1540 3276 καὶ
1596 3239 1787 3277 πεπω-

207 3304 366 3358 κέναι
394 3305 457 3358 ὲκ
486 3306 861 3376 πνευματικῆς
878 3309 1275 3383 ἀκολουθούσης
1300 3311 1527 3385 πέτρας,
1550 3315 1787 3385 Χριστὸν

208 3395 263 3449 δὲ
293 3392 436 3450 εἶναι
476 3395 575 3467 τὴν
613 3397 817 3469 πέτραν
857 3400 1089 3468 φάσκειο
1131 3403 1215 3467 τίς
1245 3403 1599 3476 πεισθήσεται
1626 3407 1786 3478 Μαρ-

207 3488 406 3551 κίωνος
438 3490 505 3558 τῇ
541 3489 789 3561 ἀπονοίᾳ,
819 3490 912 3545 τοῦ
956 3492 1292 3559 σκοτίζοντος
1321 3496 1513 3550 ἑαυτοῦ
1539 3497 1632 3552 τὸν
1662 3497 1785 3552 νοῦν

206 3580 303 3633 καὶ
351 3580 462 3632 τῶν
514 3580 817 3635 ἀκουόντων
864 3583 1050 3648 αὐτοῦ,
1092 3585 1367 3657 ἀλλότριον
1412 3588 1642 3657 φάσκειν
1692 3588 1783 3642 τὸν

202 3669 444 3740 Χριστὸν
474 3668 582 3722 τῶν
616 3672 672 3722 ὲν
704 3671 852 3742 νόμῳ
879 3674 1204 3743 γενομένων,
1240 3676 1683 3747 ὁμολογουμένων
1725 3676 1783 3730 δὲ

202 3758 360 3831 παρὰ
404 3757 499 3811 τοῦ
549 3758 870 3815 Ἀποστόλου
897 3762 955 3816 ὲν
982 3763 1231 3837 ἀληθείᾳ,
1259 3765 1351 3819 καὶ
1399 3766 1499 3819 οὐκ
1540 3768 1598 3819 ἐν
1625 3766 1781 3838 δοκή-

203 3863 326 3913 σει;
377 3846 580 3901 Φάσκει
620 3847 679 3901 δὲ
716 3842 751 3902 δ’
790 3848 945 3918 ἅγιος
1007 3852 1348 3917 Ἀπόστολος,
1406 3852 1493 3923 μὴ
1543 3855 1613 3908 ἐν
1658 3854 1784 3923 τοῖς

202 3938 520 4005 πλείστοις
550 3938 658 3994 τὸν
703 3939 960 4008 Χριστὸν
993 3941 1412 4013 ηὐδοκηκέναι,
1443 3946 1661 4011 πάντως
1692 3947 1782 4004 διὰ

203 4031 528 4103 παράνομον
554 4032 754 4104 πρᾶξιν
781 4033 893 4089 τῶν
932 4037 1133 4093 αὐτῶν.
1174 4038 1237 4091 El
1265 4038 1323 4091 δὲ
1354 4038 1455 4092 οὐκ
1483 4038 1783 4112 ηὐδόκησεν

202 4123 261 4177 ὲν
286 4126 404 4186 τοίς
423 4124 566 4179 κατὰ
593 4125 682 4179 τὸν
708 4126 869 4197 νόμον
893 4128 1184 4201 παράνομα
1216 4132 1625 4204 ἐργασαμένοις,
1671 4134 1783 4206 ἄρα

203 4216 509 4282 ἀγανακτεῖ
547 4217 682 4288 πρὸς
706 4220 832 4283 τοὺς
857 4220 1150 4286 τοιούτους,
1180 4221 1258 4286 ὡς
1284 4222 1449 4278 αὐτοῦ
1485 4222 1778 4290 δεδωκότος

202 4304 294 4357 τὸν
324 4307 513 4379 νόμον,
545 4311 641 4363 καὶ
667 4311 905 4367 διδάσκει
941 4313 1132 4368 ἑαυτοῦ
1164 4316 1255 4369 τὸν
1285 4316 1449 4387 νόμον
1491 4318 1778 4389 ὑπάρχειν,

202 4401 381 4476 καιρῷ
424 4402 648 4459 δοθέντα
693 4406 787 4459 καὶ
830 4405 1052 4471 δικαίως
1097 4406 1601 4481 ὲξυπηρετηθέντα,
1652 4411 1780 4482 ἄχρι

199 4495 303 4565 τῆς
355 4495 623 4565 ινσάρκου
665 4494 829 4549 αὐτοῦ
873 4497 1191 4568 παρουσίας.
1227 4499 1443 4570 Πρέπον
1486 4501 1594 4572 γάρ
1631 4503 1778 4557 ἐστιν

201 4586 555 4660 οἰκοδεσπότῃ
600 4586 722 4641 καθ’
753 4588 982 4643 ἕκαστον
1025 4589 1214 4661 καιρὸν
1241 4591 1513 4662 ἁρμοδίως
1554 4595 1778 4649 ἐπιτάσ-

203 4695 317 4732 σειν
362 4681 477 4737 τοῖς
520 4677 714 4732 ἑαυτοῦ
757 4679 996 4743 οἰκέταις
1042 4680 1111 4734 τὰ
1154 4665 1448 4754 πρέποντα.
1500 4685 1676 4749 Εὐθὺς
1718 4686 1780 4749 δὲ

202 4770 475 4841 ἐπιφέρει,
502 4767 675 4837 λέγων
695 4786 709 4800 ο
750 4770 940 4825 Ταῦτα
972 4770 1041 4825 δὲ
1070 4773 1242 4826 τύποι
1282 4773 1453 4842 ἡμῶν
1497 4776 1775 4846 ἐγενήθη,

200 4875 341 4921 σαν.
374 4860 526 4927 πρὸς
552 4859 619 4913 τὸ
641 4859 728 4928 μὴ
764 4855 915 4913 εἶναι
948 4860 1104 4931 ἡμᾶς
1147 4863 1512 4932 ἐπιθυμητὰς
1552 4866 1772 4934 κακῶν,

200 4950 399 5017 καθὼς
424 4947 689 5004 κάκεῖνοι
718 4950 1108 5019 ἐπεθύμησαν
1136 4967 1149 4980 ⁸
1176 4951 1331 5020 μηδέ
1358 4952 1776 5023 εἰδωλολάτραι

199 5041 466 5108 γίνεσθε,
514 5038 706 5106 καθώς
737 5056 890 5106 τινες
926 5038 1155 5093 αὐτῶν·
1206 5040 1325 5113 οὐχὶ
1372 5041 1511 5096 κατὰ
1559 5044 1776 5098 πάντων

200 5132 295 5203 τὴν
318 5132 502 5203 ψῆφον
537 5131 768 5200 διεξιών.
798 5133 907 5186 Καὶ
942 5133 1103 5187 πόθεν
1133 5130 1279 5199 οἶδας
1304 5135 1494 5201 ταῦτα,
1534 5131 1579 5191 ὦ
1621 5138 1778 5192 Ἀπό-

202 5224 391 5290 στολε;
425 5224 731 5297 Ἑπιφέρει,
787 5224 882 5291 Ὠς
919 5225 1257 5295 γέγραπται,
1298 5228 1507 5299 φήσας’
1551 5229 1774 5286 Ἐκάθι-

199 5330 313 5370 σεν
344 5319 379 5370 ὀ
426 5316 577 5382 λαὸς
627 5315 841 5387 φαγεῖν
892 5317 987 5371 καὶ
1037 5316 1224 5381 πιεῖν,
1276 5319 1373 5372 καὶ
1423 5318 1775 5389 ἀνέστησαν

198 5405 446 5468 παίζειν.

280 5603 343 5659 'l
380 5603 505 5661 Cor.
545 5623 620 5669 ιχ.
646 5606 699 5663 9.
777 5610 795 5639 '
833 5607 1004 5667 lCor.
1038 5627 1089 5679 ι,
1139 5610 1157 5665 ι
1200 5627 1352 5684 sqq;
1388 5612 1553 5671 Exod.
1596 5632 1763 5688 xxx",
1794 5620 1845 5673 6.

1888 3027 1975 3082 lus
2000 3028 2266 3094 nominat,
2291 3035 2346 3082 et
2371 3028 2476 3083 sub
2498 3027 2642 3083 nube
2665 3026 2857 3094 fuisse,
2890 3044 2956 3083 ac
2990 3043 3140 3083 mare
3171 3028 3455 3084 transiisse

1888 3119 2177 3189 praedicat;
2222 3120 2268 3174 si
2313 3120 2614 3191 spiritalem
2652 3134 2834 3176 escam
2886 3129 2941 3176 et
2992 3129 3178 3191 potum
3218 3135 3447 3176 comme-

1888 3219 2072 3265 morat
2102 3229 2116 3266 :
2151 3212 2390 3280 itemque
2421 3211 2784 3268 manducasse
2809 3226 2874 3267 ac
2902 3212 3107 3268 bibisse
3130 3212 3196 3267 de
3219 3212 3453 3282 spiritali
3529 3201 3533 3206 ’

1885 3309 2255 3371 consequente
2300 3301 2424 3357 illos
2463 3311 2638 3371 petra,
2672 3317 2904 3373 eamque
2930 3310 3140 3373 petram
3167 3302 3452 3357 Christum

1885 3408 2007 3449 esse
2031 3394 2253 3459 scribit;
2278 3393 2402 3463 quis
2425 3392 2717 3449 Marcionis
2737 3393 2963 3449 insania:
2982 3393 3139 3450 ﬁdem
3164 3394 3444 3453 adhibeat:

1885 3484 1978 3554 qui
2029 3499 2184 3541 suam
2238 3499 2303 3539 ac
2351 3491 2684 3540 sectatorum
2742 3500 2969 3541 suorum
3016 3494 3251 3540 mentem
3289 3485 3454 3542 tantis

1884 3573 2128 3628 tenebris
2178 3572 2445 3642 implicat,
2496 3583 2554 3627 ut
2590 3573 2870 3628 Christum
2904 3574 3068 3630 abiis
3122 3575 3215 3645 qui
3252 3574 3306 3629 in
3339 3576 3453 3646 lege

1884 3666 2087 3721 versati
2133 3672 2261 3719 sunt
2312 3666 2624 3721 abalienare
2658 3666 2954 3721 contendat
2987 3686 3001 3722 :
3038 3684 3179 3737 quos
3231 3668 3451 3739 quidem

1880 3757 2173 3833 Apostolus
2221 3772 2432 3823 revera,
2474 3773 2585 3812 non
2635 3757 2757 3812 (icta
2800 3758 3038 3829 quadam
3077 3761 3281 3830 specie,
3301 3775 3450 3815 com-

1881 3848 2193 3905 mendavit?
2225 3847 2379 3915 Quod
2430 3855 2614 3904 autem
2659 3850 2715 3903 in
2755 3849 3019 3920 plerisque
3060 3850 3254 3905 scribit
3304 3850 3467 3906 idem.

1882 3955 1984 3995 non
2016 3939 2181 4009 fuisse
2209 3939 2465 4009 placitum
2487 3938 2721 4005 Christo,
2755 3939 2915 4011 plane
2947 3940 3112 4012 358
3135 3940 3203 3995 ad
3232 3940 3449 3996 illorum

1881 4031 2089 4086 scelera
2123 4030 2396 4101 pertinere
2430 4031 2731 4101 putandum
2761 4038 2866 4088 est.
2889 4029 3012 4088 Jam
3041 4046 3169 4087 vero
3198 4032 3246 4087 si
3296 4032 3447 4088 in-iis

1880 4121 1977 4193 qui
2002 4122 2057 4177 in
2102 4123 2217 4193 lege
2252 4123 2518 4179 scelerate
2554 4139 2616 4183 se
2648 4133 2937 4194 gesserunt
2994 4140 3336 4197 nequaquam
3368 4125 3445 4180 illi

1880 4214 2138 4284 placitum
2170 4223 2275 4282 est,
2313 4215 2436 4271 ideo
2461 4215 2569 4272 illis
2594 4215 2971 4271 succensuerit
3016 4224 3265 4287 Oportet,
3301 4204 3469 4288 quod

1886 4307 2058 4378 legem
2136 4306 2253 4375 ipse
2319 4306 2547 4373 tulerit;
2600 4321 2766 4377 quam
2828 4308 3056 4363 omnino
3121 4324 3275 4364 suam
3327 4325 3446 4366 esse

1885 4396 2193 4459 conﬁrmat,
2257 4411 2379 4466 qua:
2422 4410 2522 4467 pro
2569 4396 2836 4467 temporis
2870 4400 3277 4468 opportunitate
3306 4414 3434 4462 ,con-

1876 4502 2057 4554 cessa,
2102 4471 2289 4541 tandiu
2335 4486 2674 4543 iunctionem
2702 4502 2858 4544 suam
2895 4496 2982 4545 est
3015 4488 3443 4545 administratio.

1880 4592 2116 4649 nemque
2148 4577 2369 4643 sortita,
2401 4576 2575 4634 donec
2603 4579 2693 4635 ille
2726 4594 2893 4635 carne
2917 4580 3177 4650 praeditus
3207 4579 3445 4635 advenit.

1884 4670 2021 4725 Nam
2096 4679 2151 4726 et
2196 4669 2589 4743 paterfamilias
2652 4671 2828 4727 servis
2890 4672 3006 4727 suis
3082 4679 3445 4756 consentanea

1878 4768 2078 4836 cuique
2108 4766 2341 4838 tempori
2379 4765 2541 4823 debet
2584 4768 2839 4821 mandata
2886 4767 3263 4838 praescribere.
3305 4766 3439 4823 Sub.

1879 4856 2006 4913 inde
2028 4872 2158 4913 vero
2185 4858 2288 4912 ista
2318 4857 2626 4913 Subtexuit:
2651 4856 2774 4911 Haec
2806 4866 2980 4910 autem
3006 4858 3059 4910 in
3084 4858 3257 4927 ﬁgura
3280 4858 3454 4913 nostri

1879 4950 2258 5018 contigerunt,
2313 4965 2375 5003 ne
2441 4949 2607 5003 simus
2677 4949 3098 5017 concupiscentes
3150 4948 3443 5013 malorum,

1879 5042 2011 5095 sicut
2046 5042 2126 5094 illi
2154 5042 2565 5110 concupierunt;
2600 5057 2759 5112 neque
2792 5040 3053 5095 idolorum
3082 5038 3307 5094 cultores
3340 5040 3450 5109 elﬁ-

1880 5133 2118 5197 ciamini,
2171 5133 2308 5187 sicut
2350 5132 2568 5202 quidam
2606 5148 2671 5187 ex
2708 5132 2856 5201 ipsis.
2890 5129 2949 5185 In
2980 5146 3090 5202 quo
3117 5146 3225 5187 non
3256 5144 3448 5188 omnes

1882 5222 2150 5279 sententia
2179 5239 2278 5278 sua
2308 5221 2711 5278 condemnavit.
2738 5222 2845 5278 Sed
2870 5222 3164 5288 undenam,
3195 5221 3457 5278 obsecro-

1880 5314 2016 5379 hzec,
2071 5314 2348 5384 Apostolc,
2406 5314 2589 5368 nosti?
2630 5312 2776 5369 Sicut
2807 5315 3058 5383 scriptum
3097 5322 3197 5378 est,
3231 5311 3439 5382 inquit:

1880 5406 2029 5462 Sedit
2056 5408 2283 5476 populus
2317 5403 2636 5463 manducare
2673 5420 2721 5464 et
2767 5406 2958 5477 bibere,
3009 5416 3057 5463 et
3103 5413 3455 5464 surrexerunt.

1880 5504 2078 5556 ludere.
