4008 6078
494 245 596 302 787

493 457 593 512 dns
650 459 928 529 improbos
980 458 1184 515 Paulus
1235 470 1553 530 argumenta
1604 460 1830 531 colligit.
1878 460 2082 517 Deinde

491 564 687 605 rursus
715 569 727 604 :
761 547 943 619 Neque
971 558 1232 611 tentemus
1259 549 1564 605 Dominum.
1598 550 1802 607 Marcio
1834 569 1962 609 vero
1982 569 2082 622 pro

493 640 721 695 Domino
766 640 1046 695 Christum
1095 641 1403 697 substituit.
1465 642 1572 697 Sed
1621 643 1764 698 idem
1802 653 1887 700 est
1919 647 2080 715 plane

489 731 746 782 Christus
791 744 855 782 ac
903 729 1190 795 Dominus,
1241 733 1344 788 etsi
1406 730 1669 788 Marcioni
1710 735 1870 789 aliter
1899 735 2078 790 visunt

489 821 580 883 sit,
608 835 732 873 cum
758 819 962 876 Christi
988 822 1282 892 appellatio
1309 824 1556 894 subjecta
1584 825 1655 880 sit
1682 825 1737 879 in
1766 827 1833 882 iis
1863 826 2074 882 verbis:

489 909 654 963 Petra
707 919 882 964 autem
931 921 1046 965 erat
1096 912 1372 978 Christus;
1441 923 1520 978 et,
1567 933 1672 970 non
1721 916 1776 970 in
1817 917 2081 986 plerisque

489 995 706 1049 illorum
755 996 1137 1066 beneplacitum
1179 1010 1260 1055 est
1294 1001 1423 1056 Deo.
1459 1001 1589 1059 Post
1629 1004 1745 1059 haec
1775 1006 2078 1076 Apostolus

492 1089 583 1142 ubi
629 1098 801 1144 totum
854 1093 988 1147 illud
1045 1102 1423 1163 argumentum
1471 1097 1762 1166 percurrit,
1817 1097 2072 1167 subjicit:

492 1179 624 1235 ch
680 1192 857 1236 autem
910 1184 967 1237 in
1013 1185 1191 1254 ﬁgura
1249 1187 1624 1257 contingebant
1675 1189 1824 1252 illis;
1878 1191 2078 1260 scripta

489 1283 618 1327 sunt
659 1285 838 1328 autem
887 1275 956 1328 ad
999 1277 1383 1343 correptionem
1415 1287 1677 1334 nostram.
1739 1281 1875 1335 Cum
1914 1282 2079 1351 igitur

490 1379 612 1435 quze
640 1366 751 1419 illis
784 1366 839 1420 in
902 1366 1073 1436 ﬁgura
1118 1369 1510 1440 contingebant
1560 1370 1627 1425 ad
1679 1373 2078 1441 correptionem

487 1465 733 1510 nostram
785 1458 991 1529 scripta
1031 1460 1160 1524 sint,
1200 1461 1292 1531 qui
1320 1477 1383 1517 ea
1413 1478 1536 1532 quze
1607 1471 1720 1517 tum
1762 1464 2080 1520 acciderunt

487 1548 555 1601 ad
607 1551 1008 1620 correptioncm
1062 1562 1309 1626 nostram
1363 1555 1726 1625 praescripsit,
1789 1555 1897 1611 illis
1932 1555 2077 1610 haud

485 1639 654 1694 dubie
685 1641 976 1697 consulere
1018 1643 1254 1724 studuit,
1292 1661 1431 1714 quos
1466 1646 1744 1717 corrigere
1786 1657 1950 1717 atque
1983 1648 2075 1702 ad.

1836 277 1842 280 ·
1893 250 1950 305 S.
1999 250 2343 306 EPIPIIANH

566 364 704 420 \‘cra
731 374 815 422 est
848 366 1030 438 itaque
1061 366 1368 438 Scriptura,
1407 367 1475 422 de
1505 384 1612 438 qua
1641 367 1708 421 ad
1739 369 2070 424 convincen-
2103 375 2152 430 Α

3655 255 3765 312 788

2253 371 2394 441 ’Δρα
2421 368 2550 439 γοῦν
2581 370 2784 440 ἀληθὴς
2809 371 2842 440 ἡ
2870 369 3086 442 Γραφὴ,
3119 367 3181 434 ἐξ
3212 361 3280 440 ἦς
3305 369 3398 422 καὶ
3423 369 3514 423 τὸν
3544 369 3768 441 ἔλεγχον

2183 465 2324 518 κατὰ
2352 463 2460 516 τῷν
2493 463 2710 534 ἀνόμων
2735 465 2764 516 6
2803 461 3124 525 Ἀπόστολος
3162 459 3452 532 λαμϐάνει.
3494 456 3625 514 Εἶτα
3658 461 3764 515 πά-

2181 558 2266 610 λιν
2285 577 2297 587 ·
2337 555 2506 625 Μηδὲ
2535 553 2895 624 πειράζωμεν
2913 555 3020 608 τόν
3044 556 3286 622 Κύριον.
3332 555 3389 608 Ὀ
3417 555 3474 609 δὲ
3498 556 3766 624 Μαρκίων

2180 650 2301 702 ἀντὶ
2337 647 2452 714 τοῦ,
2487 649 2730 716 Κύριον,
2765 647 2997 718 Χριστὸν
3029 647 3276 717 ἐποίησε.
3321 647 3555 717 Χριστὸν
3586 648 3643 701 δὲ
3673 651 3764 702 καὶ

2181 741 2385 811 Κύριον
2426 739 2624 795 ταυτὸν
2653 739 2944 810 ὑπάρχειν,
2988 738 3094 792 κᾶν
3130 738 3205 809 μὴ
3252 738 3435 808 δοκοίη
3481 738 3562 806 τῷ
3607 741 3760 810 Μαρ-

2181 822 2359 896 κίίυνι,
2391 831 2944 902 προῦποτεταγμένης
2978 829 3078 899 τῆς
3124 829 3218 882 τοῦ
3264 829 3502 902 Χριστοῦ
3556 831 3764 885 ἐπωνυ-

2184 924 2334 994 μίας,
2367 926 2426 977 ὲν
2457 923 2536 994 τῷ
2568 925 2744 975 εἰπεῖν
2765 939 2778 953 ·
2833 923 2893 976 Ἠ
2919 921 3104 989 πέτρα
3131 918 3210 992 ἦν
3249 925 3283 976 ὀ
3325 924 3613 990 Χριστός-ο
3648 925 3762 988 καὶ,

2174 1017 2296 1070 Οὐκ
2337 1015 2407 1068 ἐν
2450 1014 2576 1081 τοῖς
2623 1015 2907 1069 πλείοσιν
2937 1011 3138 1068 αὐτῶν
3171 1013 3500 1080 ηὐδόκησε.
3543 1014 3765 1081 Διεξιὼν

2177 1106 2235 1160 δὲ
2264 1106 2427 1160 πάλιν
2468 1107 2498 1158 6
2547 1108 2703 1176 ἆγιος
2745 1106 3066 1169 ’Λπύστολος
3097 1107 3277 1159 πᾶσαν
3322 1108 3423 1178 τὴν
3463 1108 3558 1161 τοῦ
3597 1126 3766 1186 κεφα-

2179 1198 2332 1253 λαίου
2365 1199 2644 1261 ὑπόθεσιν,
2675 1198 2838 1269 φησί’
2886 1197 3076 1252 Ταῦτα
3103 1195 3174 1249 δὲ
3201 1197 3464 1264 τυπικῶς
3489 1199 3766 1256 συνέϐαι-

2178 1310 2286 1346 νεν
2313 1292 2569 1358 ἐκείνοις
2590 1307 2604 1322 ⁸
2643 1290 2872 1361 suum
2905 1289 2974 1342 δὲ
3001 1289 3147 1359 ἡμῖν
3181 1291 3269 1355 είς
3307 1293 3655 1347 νουθεσίαν.
3703 1294 3766 1347 ει

2178 1385 2356 1437 τοίνυν
2414 1384 2482 1438 τὰ
2530 1383 2775 1446 τυπικῶς
2827 1383 3066 1444 ἐκείνοις
3100 1381 3485 1453 συμϐεϐηκότα
3551 1386 3766 1457 ἐγράφη

2177 1479 2309 1547 ἡμῖν
2355 1478 2435 1540 είς
2473 1475 2774 1541 νουθεσίαν,
2805 1478 2834 1530 6
2867 1475 3085 1546 γράψας
3123 1476 3192 1529 τά
3226 1476 3487 1543 γεγονότα
3514 1477 3642 1530 τότε
3689 1480 3766 1541 είς

2179 1567 2460 1622 νουθεσίαν
2511 1567 2667 1640 ἡμῶν
2708 1569 3029 1639 ἐπεμελεῖτο
3063 1563 3138 1623 ὧν
3190 1571 3284 1623 καὶ
3333 1567 3434 1640 τὴν
3481 1569 3766 1623 νουθεσίαν

2179 1661 2436 1725 ἐποιεῖτο,
2475 1660 2537 1712 τὸ
2583 1661 2659 1731 μὴ
2693 1659 2943 1728 γίνεσθαι
2977 1663 3125 1731 ἡμᾶς
3171 1660 3515 1731 ἐπιθυμητὰς
3559 1662 3762 1716 κακῶν.

487 1745 713 1786 monere
776 1734 1072 1803 cupiebat,
1141 1751 1212 1791 ne
1274 1737 1544 1792 malorum
1620 1740 2077 1809 concupiscentes

2191 1751 2248 1805 Ὀ
2279 1752 2336 1805 δὲ
2369 1752 2443 1824 μὴ
2467 1729 2855 1806 θέλωνκακῶν
2879 1729 3222 1824 ἐπιθυμητὰς
3257 1729 3413 1824 qua:
3469 1749 3632 1816 εἶναι,
3660 1755 3766 1825 ἄρα

486 1839 756 1888 essemus.
816 1823 1185 1892 Quamobrem
1238 1828 1418 1884 bonus
1473 1829 1654 1893 idem,
1722 1844 1832 1884 non
1899 1831 2076 1887 malus

488 1909 654 1966 fuerit
677 1921 911 1982 oportet.
952 1913 1168 1980 Quibus
1196 1917 1342 1970 enim
1377 1917 1608 1974 allectus
1643 1925 1750 1983 est,
1789 1919 1986 1975 iisdem
2019 1929 2080 1976 ut

488 2004 700 2071 praediti
739 2021 864 2062 esse
892 2007 1123 2062 velimus
1158 2009 1430 2074 hortatur,
1463 2011 1642 2066 bonus
1688 2011 1778 2066 ille
1817 2012 2076 2067 nimirum

488 2093 655 2158 Deus,
698 2111 764 2151 ac
785 2097 1010 2167 justus;
1058 2115 1124 2154 ac
1154 2107 1265 2154 tam
1302 2115 1494 2155 eorum
1522 2117 1660 2172 quos
1689 2112 1815 2158 ante
1841 2105 2079 2175 scripse-

488 2195 575 2241 rat
627 2187 789 2255 Deus,
839 2206 1002 2261 quam
1054 2193 1440 2261 posteriorum,
1514 2195 1610 2264 qui
1657 2196 1892 2266 correpti
1925 2204 2076 2261 sunt,

421 2339 426 2342 _
488 2281 775 2343 conditor:
814 2285 1122 2340 communis
1183 2275 1424 2356 denique
1471 2297 1666 2342 auctor
1717 2289 1965 2344 omnium
2013 2307 2078 2347 ac

488 2376 798 2446 legislator;
829 2377 924 2446 qui
954 2384 1008 2432 et
1040 2376 1334 2448 Evangelia
1370 2378 1602 2450 largitus
1631 2387 1736 2447 est,
1771 2387 1827 2436 et
1851 2391 2074 2452 aposto-

489 2469 667 2522 lorum
701 2469 808 2523 dux
843 2484 908 2523 ac
943 2468 1259 2525 moderator
1281 2470 1517 2526 exstitit.

561 2579 750 2634 Schol.
794 2579 863 2634 10
892 2589 947 2635 et
971 2580 1059 2634 18.
1093 2579 1234 2646 Quid
1301 2597 1424 2651 ergo
1467 2580 1630 2637 dico?
1665 2583 1820 2649 Quod
1848 2584 1903 2636 in
1945 2593 2077 2638 tem-

489 2673 576 2740 plo
602 2671 935 2725 immolatum
965 2671 1168 2741 aliquid
1207 2672 1298 2735 sit,
1335 2681 1428 2726 aut
1471 2673 1826 2743 idolothytum
1872 2675 2078 2742 aliquid

489 2764 603 2819 sit?
631 2761 734 2817 Sed
753 2779 870 2834 qua:
896 2763 1175 2817 immolant
1197 2762 1494 2827 dwmoniis,
1529 2773 1579 2818 et
1612 2781 1716 2818 non
1750 2764 1859 2819 Deo
1896 2766 1936 2817 ’.
1973 2764 2075 2820 Ubi

490 2854 697 2909 Marcio
717 2855 771 2908 in
800 2856 970 2909 sacris
1009 2854 1344 2908 inunolatum
1380 2853 1602 2922 adjecit.

562 2943 746 2999 Refut.
780 2946 847 2999 10
869 2953 923 2998 et
953 2945 1040 2999 18.
1075 2945 1218 3010 Quid
1245 2961 1369 3015 ergo
1399 2945 1562 3001 dico?
1584 2942 1755 3001 Idalis
1785 2947 1952 3018 359
1974 2950 2075 3002 im-

2179 1843 2382 1910 ἀγαθὸς
2410 1844 2668 1914 ὑπάρχει,
2703 1846 2798 1898 καὶ
2823 1845 2883 1897 οὐ
2914 1845 3102 1908 κακός.
3153 1844 3241 1898 Ἐν
3267 1839 3346 1908 οἷς
3373 1844 3482 1915 γάρ
3504 1845 3762 1916 ὑπάρχει,

2180 1935 2238 1986 ὲν
2266 1932 2476 1996 τούτοις
2512 1934 2882 2005 προτρέπεται
2921 1937 2954 2006 ή
2966 1937 3074 2006 μᾶς
3108 1931 3268 2003 εἶναι,
3301 1938 3330 1989 6
3364 1937 3530 2001 αὐτὸς
3563 1937 3766 2006 ἀγαθὸς

2178 2023 2311 2089 Θεὸς
2335 2023 2412 2077 ὢν
2441 2025 2535 2078 καὶ
2573 2025 2802 2090 δίκαιος,
2836 2029 2864 2080 6
2894 2025 3004 2080 τῶν
3030 2028 3458 2098 προγραφέντων
3480 2029 3634 2095 Θεὸς,
3671 2030 3766 2084 καὶ

2179 2115 2288 2169 τῶν
2349 2116 2644 2186 μετέπειτα
2697 2117 3132 2189 νουθετουμένων
3202 2119 3431 2190 κτίστης
3487 2118 3603 2185 ὢν,
3658 2120 3766 2175 τῶν

2181 2205 2398 2259 πάντων
2433 2206 2527 2260 καὶ⁹
2573 2205 2906 2279 δημιουργὸς
2937 2208 3034 2262 καὶ
3077 2208 3400 2280 νομοθέτης,
3449 2211 3546 2264 καὶ
3588 2211 3766 2282 8mm-

2177 2296 2329 2360 τικὺς
2377 2297 2486 2350 τῶν
2540 2297 2908 2374 Εὐάγγελίων,
2965 2301 3059 2352 καὶ
3115 2299 3416 2370 καθοδηγὺς
3465 2300 3577 2354 τῶν
3626 2303 3763 2356 ἁπο-

2181 2389 2406 2445 στόλων.

2254 2599 2282 2642 ι’
2314 2593 2407 2646 καὶ
2444 2599 2512 2663 ιη’
2543 2592 2690 2664 σχὸλ.
2728 2595 2788 2649 Τί
2809 2589 2924 2650 οὖν
2973 2612 3157 2664 φημι;
3186 2596 3316 2649 "Ott
3367 2598 3679 2664 ἱερόθυτόν
3709 2597 3767 2650 τί

2177 2683 2378 2746 ἐστιν,
2440 2682 2479 2750 ἢ
2542 2684 2940 2739 εἰδωλόθυτόν
2990 2687 3049 2739 τί
3101 2687 3308 2750 ἐστιν;
3361 2687 3524 2740 Ἀλλ’
3585 2688 3680 2742 ὅτι
3728 2689 3768 2742 d

2177 2774 2392 2827 θύουσι
2433 2772 2785 2842 δαιμονίοις,
2838 2774 2938 2828 καί
2984 2776 3056 2828 οὐ
3105 2772 3246 2838 Θεῷ.
3282 2775 3585 2844 Προσέθετο
3632 2776 3690 2829 δὲ
3739 2778 3767 2829 6

2176 2860 2444 2929 Μαρκίων
2473 2862 2552 2925 τὸ,
2582 2863 2910 2930 ἱερόθυτον.

2247 2967 2280 3006 ιο
2325 2953 2418 3008 καὶ
2471 2961 2537 3026 ιη’
2586 2955 2766 3026 ἔλεγχ.
2803 2956 2864 3009 Τί
2891 2953 3005 3012 οὖν
3039 2974 3231 3026 φημι;
3266 2957 3682 3012 Είδωλόθυτόν
3714 2961 3768 3011 τί

492 3035 751 3087 molatum
787 3033 992 3104 aliquid
1022 3038 1144 3091 est?
1192 3034 1297 3090 Sed
1328 3052 1446 3106 qua:
1479 3037 1757 3092 immolant
1796 3039 2074 3095 daemoniis

2185 3046 2384 3110 ἐστιν;
2447 3048 2609 3102 Ἀλλ’
2660 3049 2751 3103 ὅτι
2805 3048 2844 3104 d
2890 3051 3107 3106 θύουσι
3146 3051 3493 3121 δαιμονίοις,
3547 3053 3647 3106 καί
3697 3055 3769 3106 οὐ

491 3133 675 3179 etnon
726 3125 855 3179 Deo.
900 3125 1018 3181 Non
1052 3127 1234 3197 prisca
1277 3129 1367 3182 illa
1413 3140 1629 3199 patrum
1664 3136 1906 3201 tempora
1940 3147 2077 3188 con-

377 3217 382 3222 '
492 3214 769 3271 denmavit
804 3217 1122 3288 Apostolus,
1173 3234 1296 3289 quae
1341 3220 1410 3273 ad
1450 3228 1664 3276 aetatem
1698 3237 1870 3292 usque
1899 3238 2076 3289 suam,

493 3311 736 3379 adeoque
797 3310 1040 3379 quandiu
1090 3318 1292 3367 stetere
1332 3311 1731 3384 Hierosolyma,
1768 3313 2073 3382 ﬂuxerunt,

484 3414 618 3452 cum
672 3415 766 3455 eos
821 3400 980 3468 dixit,
1030 3402 1127 3472 qui
1188 3403 1350 3458 idolis
1398 3403 1744 3458 immolarent
1793 3405 2078 3463 daemoniis

494 3492 800 3555 immolare,
857 3507 968 3546 non
1022 3492 1151 3546 Deo.
1207 3491 1325 3546 Non
1359 3493 1507 3556 illos,
1535 3494 1778 3564 inquam,
1818 3496 2079 3554 damnare

493 3584 688 3645 voluit,
717 3583 809 3652 qui
844 3583 957 3638 Deo
1000 3585 1402 3650 sacrificarent,
1452 3601 1562 3656 quo
1593 3594 1839 3658 tempore
1869 3590 2077 3644 sacriﬁ-

493 3674 609 3728 cari
640 3675 907 3744 oportuit.
954 3675 1061 3730 Sed
1092 3691 1189 3731 eos
1224 3675 1492 3732 duntaxat
1524 3686 1770 3744 accusat,
1803 3681 1895 3751 qui
1917 3680 2076 3737 idolis

493 3769 798 3832 immolant,
835 3783 944 3824 non
977 3770 1047 3824 ob
1085 3769 1189 3826 hoc
1221 3771 1426 3842 ipsum,
1457 3771 1602 3842 quod
1631 3771 1938 3840 immolant,
1977 3775 2076 3830 sed

495 3861 640 3930 quod
687 3860 851 3918 idolis
891 3861 1040 3918 istud
1088 3861 1266 3932 ipsum
1319 3879 1421 3934 pro
1469 3863 1578 3920 Deo
1627 3874 1905 3935 praestant.
1957 3864 2074 3921 Non

492 3953 642 4007 enim
697 3953 821 4010 ideo
873 3954 1212 4019 sacriﬁcant,
1270 3965 1329 4010 ut
1379 3956 1638 4012 alimenta
1697 3957 1960 4014 divinitus
2008 3959 2076 4014 ad

496 4061 657 4102 usum
684 4061 946 4104 concessa
973 4048 1077 4104 sibi
1110 4057 1451 4118 comparent,
1485 4048 1582 4104 sed
1616 4049 1980 4116 daemonibus,
2012 4068 2076 4108 ac

494 4141 806 4197 vanissimis
835 4142 1150 4198 numinibus
1180 4156 1336 4197 sacra
1368 4142 1598 4197 faciunt.
1630 4140 1713 4196 Tu
1746 4158 1904 4208 vero,
1939 4143 2079 4199 Mar-

494 4231 601 4296 cio,
629 4246 821 4288 vocem
869 4233 1039 4298 illam,
1085 4234 1141 4287 in
1185 4232 1375 4298 templo
1407 4232 1764 4298 immolatum,
1801 4233 2073 4304 adjecisti,

493 4337 559 4376 ex
581 4336 648 4376 eo
672 4331 846 4387 ratus,
900 4324 1046 4394 quod
1099 4325 1209 4380 duo
1254 4323 1370 4379 haec
1399 4324 1684 4391 vocabula,
1714 4326 1978 4396 templum
2007 4335 2062 4383 et

2185 3136 2322 3202 Θεῷ.
2375 3138 2489 3192 Ούκ
2530 3140 2879 3211 ἀπηγόρευσε
2932 3141 3025 3196 τὸν
3079 3142 3308 3197 παλαιὸν
3349 3144 3457 3197 τῶν
3514 3145 3768 3216 πατέρων

2181 3229 2372 3299 χρόνον
2400 3232 2428 3284 6
2465 3232 2783 3295 Ἀπόστολος
2816 3233 2920 3296 ’ἕως
2957 3233 3143 3298 αὑτοῦ,
3178 3235 3270 3290 καὶ
3315 3235 3421 3298 ἓως
3464 3237 3770 3308 ἀνέστηκεν

2193 3323 2579 3394 Ἰερουσαλὴμ,
2631 3325 2741 3378 ἀπὸ
2786 3323 2881 3378 τοῦ
2931 3326 3105 3380 εἰπεῖν
3152 3328 3279 3392 τοὺς
3319 3330 3399 3391 είς
3445 3328 3516 3381 τά
3571 3328 3769 3382 εἴδωλα

2181 3412 2410 3478 θύοντας
2461 3415 2760 3486 δαιμονίοις
2811 3416 2982 3482 θύειν,
3039 3417 3131 3470 καὶ
3177 3418 3240 3470 οὗ
3296 3417 3434 3489 Θεῷ.
3488 3418 3606 3471 Οὐκ
3663 3418 3768 3488 ἄρα

2180 3502 2467 3574 κατέκρινε
2494 3504 2572 3575 τῷ
2599 3504 2718 3577 Θεῷ
2759 3506 3058 3574 θυσάντων,
3104 3509 3192 3561 ὅτε
3227 3507 3386 3578 χρεία
3429 3507 3632 3561 θυσιῶν
3675 3504 3765 3580 ἦν.

2179 3595 2516 3666 Κατακρίνει
2545 3597 2601 3650 δὲ
2643 3599 2772 3661 τοὺς
2817 3597 3044 3662 θύοντας
3087 3598 3345 3662 εἰδώλοις,
3379 3599 3440 3652 οὐ
3478 3600 3570 3654 διὰ
3597 3599 3766 3663 θύειν,

2179 3687 2316 3741 ἀλλὰ
2365 3687 2453 3742 διὰ
2485 3687 2547 3742 τὸ
2589 3689 2711 3744 ἀντὶ
2751 3689 2872 3762 Θεῷ
2901 3692 2922 3721 ²
2976 3690 3218 3754 εἰδώλοις
3255 3682 3422 3745 θύειν.
3467 3692 3606 3746 Οὔτε
3662 3695 3769 3764 γὰρ

2181 3778 2418 3842 θύουσιν,
2461 3780 2548 3834 ἵνα
2581 3781 2786 3854 τροφὴν
2820 3783 3036 3848 ἑαυτοῖς
3079 3786 3145 3838 ὲκ
3190 3783 3325 3837 Θεοῦ
3359 3787 3768 3858 κεχαρισμένην

2180 3873 2260 3935 εἰς
2290 3871 2593 3943 μετάληψιν
2621 3874 2980 3946 ἐργάσωνται,
3012 3875 3148 3928 ἀλλὰ
3175 3876 3394 3947 δαίμοσι
3425 3876 3648 3942 θύοντες
3675 3877 3767 3932 καὶ

2184 3963 2648 4036 ματαιοφροσύνῃ.
2685 3965 2757 4018 Σὺ
2791 3966 2868 4030 δὲ,
2909 3961 2956 4020 ὦ
2995 3967 3285 4040 Μαρκίων,
3331 3969 3683 4042 προσέθηκας
3708 3969 3767 4022 τὸ

2181 4056 2508 4123 ἱερόθυτον,
2556 4057 2785 4128 νομίσας
2820 4058 2928 4112 ἀπὸ
2973 4058 3066 4114 τοῦ
3116 4059 3378 4130 μεμίχθαι
3407 4060 3478 4114 τὰ
3513 4059 3607 4114 δύο
3653 4063 3766 4115 6%-

2184 4165 2351 4218 ματα,
2405 4147 2553 4218 ἱεροῦ
2582 4164 2642 4201 τε
2695 4150 2789 4202 καὶ
2822 4149 3066 4212 εἰδώλου,
3119 4149 3485 4204 συνάπτεσθαι
3533 4151 3646 4206 τῶν
3676 4152 3767 4205 δύο

2179 4239 2398 4310 τρόπων
2443 4239 2544 4312 τὴν
2584 4240 2788 4312 σχέσιν.
2832 4242 2944 4296 Καὶ
2998 4243 3098 4296 οὐκ
3149 4240 3266 4296 ἐστι
3309 4241 3488 4297 τοῦτο.
3557 4245 3620 4297 Εί
3667 4245 3766 4314 μὲν

2181 4327 2311 4395 γὰρ,
2354 4327 2495 4398 μετὰ
2530 4329 2592 4382 τὺ
2627 4329 2801 4384 ἐλθεῖν
2838 4330 2937 4402 τὴν
2982 4331 3191 4404 Καινὴν
3228 4332 3526 4404 Διαθὴκην,
3580 4334 3766 4388 ἐθύετο

446 4451 448 4453 ›
496 4413 664 4479 idola,
712 4415 971 4485 permista
1028 4416 1260 4473 invicem
1293 4416 1493 4485 forent,
1528 4416 1815 4472 ambarum
1857 4433 2077 4490 quoque

2185 4418 2260 4490 τῷ
2310 4421 2530 4494 Χριστῷ
2577 4425 2697 4476 κατ’
2752 4423 2908 4491 ίδίαν,
2967 4425 3060 4478 καὶ
3091 4427 3173 4490 είς
3225 4426 3394 4498 ὄνομα
3446 4427 3612 4481 αὐτοῦ
3650 4428 3767 4493 ζῶα

496 4507 772 4565 rationum
820 4505 1169 4564 habitudines
1221 4525 1385 4580 posse
1433 4509 1724 4565 confundi-
1777 4510 1884 4566 Sed
1916 4511 2075 4584 longe

493 4599 754 4668 opinione
783 4607 874 4654 tua
906 4599 1132 4655 falleris.
1169 4599 1383 4656 Etenim
1440 4602 1486 4657 si
1531 4611 1824 4672 postquam
1865 4601 2074 4657 Novum

496 4689 906 4745 Testamentum
958 4691 1166 4744 illatum
1211 4699 1315 4756 est,
1365 4693 1620 4763 privatim
1650 4694 1870 4750 Christo
1899 4695 2077 4752 adhuc

498 4779 892 4843 immolaretur,
925 4788 980 4836 et
1020 4781 1075 4835 in
1102 4781 1223 4853 ejus
1257 4784 1477 4840 nomine
1510 4783 1838 4840 offerrentur
1867 4787 2077 4840 anima-

498 4869 592 4934 lia,
637 4869 993 4940 probabiliter
1039 4873 1137 4929 abs
1174 4871 1227 4930 te
1279 4875 1714 4930 mendaeissimaa
1744 4875 1849 4930 illae
1870 4877 2078 4930 calum-

499 4961 602 5016 niae
630 4970 858 5033 repertae
885 4959 1225 5034 viderentur,
1258 4975 1318 5022 ut
1351 4979 1404 5022 et
1434 4968 1527 5038 qui
1559 4968 1660 5024 hoc
1689 4980 1932 5040 tempore
1965 4969 2077 5026 Deo

500 5054 894 5122 sacriﬁcarent,
931 5065 986 5112 et
1023 5057 1125 5114 hoc
1155 5059 1285 5114 olim
1325 5058 1823 5132 Hierosolymitano
1849 5062 1902 5118 in
1933 5070 2072 5118 tem-

499 5147 589 5215 plo
622 5147 880 5204 fecissent
906 5158 960 5205 et
990 5149 1152 5206 idolis
1184 5152 1554 5218 immolarent,
1587 5154 1642 5208 in
1673 5169 1842 5209 unum
1875 5157 2076 5213 misce-

498 5242 690 5288 rentur
719 5253 930 5303 omnes,
960 5255 1024 5296 ac
1056 5241 1362 5308 daemoniis,
1412 5260 1520 5300 non
1563 5244 1674 5302 Deo
1709 5262 1863 5303 sacra
1898 5247 2076 5305 facere

498 5322 841 5383 dicerentur..
884 5326 990 5385 Sed
1037 5346 1162 5387 cum
1208 5334 1465 5389 animalia
1511 5352 1673 5392 nemo
1705 5337 1922 5393 Christo
1952 5345 2080 5409 post-

497 5413 620 5484 ejus
659 5415 949 5472 adventum
986 5434 1051 5476 ac
1101 5421 1310 5479 Novum
1345 5423 1760 5483 Testamentum
1789 5427 2071 5484 conditum

596 5593 658 5666 ll
704 5594 830 5652 Cor.
885 5615 936 5666 x,
982 5599 1069 5654 l9.

511 5664 744 5738 κρίνετο.

1181 5601 1200 5631 ³
1248 5599 1309 5656 F.
1366 5601 1456 5655 τοῦ
1504 5604 1660 5658 Θεοῦ.

2182 4511 2478 4583 ἀνεφέρετο
2502 4530 2516 4544 ο
2559 4513 2786 4568 πιθανὸν
2827 4515 2893 4570 ἄν
2932 4532 3015 4570 σοι
3061 4517 3346 4588 εὑρίσκετο
3374 4519 3436 4572 τὸ
3471 4521 3572 4591 τῆς
3606 4538 3768 4574 συκο-

2185 4606 2416 4674 φαντίας
2449 4606 2675 4676 ψεῦδος
2708 4608 2786 4670 ὡς
2812 4608 2922 4662 τῶν
2956 4609 3052 4663 νῦν
3085 4611 3206 4682 Θεῷ
3231 4611 3467 4665 θυόντων
3503 4613 3544 4675 ⁸,
3577 4613 3684 4667 τῶν
3707 4613 3769 4666 δὲ

2181 4697 2305 4751 τότε
2353 4698 2636 4758 θυσάντων,
2671 4701 2729 4754 ὲν
2770 4700 2848 4772 τῷ
2896 4701 3025 4775 ἱερῷ
3081 4703 3488 4775 Ἱεροσολύμων,
3530 4707 3622 4758 καὶ
3657 4705 3768 4758 τῶν

2184 4791 2299 4853 τοῖς
2335 4788 2575 4855 εἰδώλοις
2615 4791 2854 4847 θυόντων
2891 4795 3026 4866 ὁμοῦ
3067 4796 3510 4866 συναπτομένων,
3545 4798 3636 4851 καί
3672 4798 3771 4868 δη-

2189 4883 2550 4954 μοσιευόντων
2575 4884 2618 4949 δ,
2661 4886 2755 4940 καὶ
2791 4887 2912 4957 οὐχὶ
2942 4887 3080 4958 Θεῷ.
3125 4889 3367 4960 Μηδενὺς
3403 4889 3460 4943 δὲ
3506 4890 3773 4953 θύσαντκ

2185 4967 2299 5040 ζῶα
2332 4975 2556 5048 Χριστῷ
2586 4978 2693 5032 ἀπὸ
2719 4979 2819 5050 τῆς
2860 4979 3096 5050 Χριστοῦ
3138 4981 3261 5052 ὲνδη
3273 4981 3402 5050 μίας
3442 4981 3536 5034 καὶ
3559 4979 3773 5048 Καινῆς

2185 5069 2480 5142 Διαθήκης,
2515 5071 2730 5143 φανερὰ
2757 5073 2790 5143 ἡ
2835 5073 2987 5144 παρὰ
3028 5073 3112 5126 σοὶ
3155 5072 3463 5144 προσθήκη.
3496 5073 3559 5126 El
3585 5072 3643 5126 δὲ
3673 5072 3777 5124 καὶ

2186 5156 2344 5224 φύσει
2386 5156 2564 5210 ἔκειτο
2595 5160 2628 5230 ἡ
2657 5158 2801 5225 Λέξις
2819 5161 2875 5213 ἐν
2917 5159 2996 5231 τῷ
3066 5161 3360 5230 Λποστόλῳ
3395 5160 3525 5231 περὶ
3560 5157 3777 5230 ἱεροθύ-

2184 5262 2276 5300 του
2325 5248 2422 5302 καὶ
2452 5249 2828 5315 είδωλοθύτου,
2875 5251 3017 5323 ὁμοῦ
3047 5253 3106 5305 ἓν
3145 5253 3239 5306 καὶ
3269 5252 3332 5305 τὸ
3369 5252 3503 5306 αὐτὸ
3536 5251 3720 5322 ἔκρινε
3750 5250 3774 5282 ⁸

2186 5339 2337 5411 παρὰ
2367 5343 2479 5404 τοῖς
2507 5339 2729 5410 εὔλογον
2759 5342 3017 5413 λογισμὸν
3064 5343 3443 5414 κεκτημένοις,
3491 5355 3778 5410 καταχρη-

2189 5429 2387 5495 στικῶς
2430 5431 2733 5504 λεγομένης
2781 5433 2881 5504 τῆς
2918 5433 3116 5498 λέξεως
3147 5434 3252 5488 ὑπὸ
3290 5433 3385 5487 τοῦ
3444 5431 3778 5489 Ἀποστόλου

1767 5607 1787 5637 ³
1825 5604 1951 5660 Var.
1998 5605 2077 5661 adt

2185 5645 2191 5669 ,
2232 5611 2450 5682 Χριστῷ
2479 5610 2732 5667 θυόντων.
2815 5610 2893 5664 ‘F
2947 5610 3246 5682 Senum/ioc;
3274 5610 3530 5667 θυόντων.
3633 5607 3656 5640 ⁵
3700 5605 3780 5670 Ρ.
