3932 6064
446 173 535 231 19!
1078 200 1081 205 ‹
1818 169 1877 225 S.
1918 161 2255 222 EPIPHANII
2670 216 2682 229 ,
3610 165 3722 225 792

445 294 548 351 etsi
588 299 643 349 et
682 292 955 364 acciperet
998 293 1135 365 ipse,
1166 301 1220 350 et
1246 294 1300 349 iu
1334 292 1555 349 nomine
1582 290 1702 363 ejus
1728 287 2009 348 oil‘errent.

2153 306 2273 360 οιγε-
2294 288 2458 345 αὐτοῦ
2515 286 2827 361 δεχομένου,
2874 288 2967 343 καὶ
3002 289 3081 353 είς
3108 288 3280 359 ὄνομα
3311 286 3482 342 αὐτοῦ
3518 286 3722 342 αὐτῶν

447 384 602 451 Quod
642 383 860 452 quidem
909 383 980 438 ob
1027 384 1383 439 inveteratam
1423 381 1734 439 istiusmodi
1765 381 1821 436 in
1850 381 2017 436 rebus

2153 382 2560 467 ἱροσφερὸντων·
2612 381 2748 436 ἀλλὰ
2801 380 2888 435 διὰ
2935 380 3034 467 τῂν
3070 381 3261 434 ἀὐτῶν
3296 382 3356 434 ὲν
3381 381 3499 443 τοῖς
3526 378 3720 432 τοιού-

449 476 667 530 illorum
713 472 1166 528 consuetudinem
1210 481 1295 529 est
1343 473 1572 538 factum,
1622 474 1800 528 donec
1827 486 1858 525 a
1893 472 2017 542 plu-

2153 488 2228 534 οις
2283 462 2604 542 ἀναχθεῖσαν
2663 462 2999 544 συνήθειαν(
3024 471 3133 536 ἕως
3188 469 3531 543 μεταλλεύσῃ
3592 469 3716 542 (ει)

449 569 587 621 rium
632 566 859 620 deorum
892 579 995 619 usu
1027 565 1288 635 paulatim
1336 566 1395 621 in
1439 566 1605 623 unius
1637 566 1818 621 cultus
1846 563 2020 620 refor-

2153 563 2455 628 αθελκύσας
2501 563 2609 620 άπὸ
2649 564 2937 635 συνηθείας
2980 565 3255 636 (τοιαύτης
3280 563 3394 617 τῶν
3415 562 3641 616 πολλῶν
3662 563 3711 629 ⁸)

451 662 626 710 n-atos
648 654 1005 725 perduceret;
1033 662 1089 711 et
1119 655 1188 710 ab
1216 655 1312 711 illo
1341 654 1600 727 deinceps
1630 655 2016 726 inteliigereut,

2153 654 2198 717 ίς
2224 654 2315 707 τὸν
2343 654 2460 719 ἕνα,
2489 653 2584 707 καὶ
2619 653 2714 707 τοῦ
2758 654 2876 716 ἑνὸς
2908 653 3092 707 λοιπὸν
3141 653 3408 725 μάθωσιν,
3447 655 3532 706 ὅτι
3579 650 3711 705 οὔτε

451 746 583 801 nihil
648 746 794 800 hunc
844 744 1115 815 ejusmodi
1161 745 1363 802 ritibus
1409 760 1549 816 opus
1599 744 1882 807 habuisse,
1922 757 2022 809 nec

2153 743 2348 816 χρῃζεν
2386 743 2509 798 οὗτε
2556 744 2779 816 χρῄζειθ
2812 746 2907 798 καὶ
2955 744 3139 798 λοιπὸν
3179 743 3432 814 ἀποκόψῃ
3477 743 3570 797 διὰ
3605 742 3711 811 τῆς

451 837 694 892 habere:
729 844 893 906 atque
942 835 1019 890 ita
1059 835 1279 911 demum
1327 851 1422 906 per
1461 836 1664 891 Christi
1700 836 1785 890 sui
1822 833 2024 888 adven-

450 938 589 991 tum,
638 937 812 983 totum
857 927 991 982 illud
1033 928 1426 985 sacriﬁciorum
1487 927 1763 998 negotium
1793 926 2023 981 circum-

452 1021 720 1076 scriberet
748 1038 762 1073 :
795 1028 1084 1089 postquam
1129 1021 1353 1075 unicum
1397 1035 1462 1075 ac
1505 1019 1781 1089 singulare
1819 1015 2026 1072 sacrill~

451 1112 602 1167 cium
658 1112 1039 1172 antecedentia
1098 1113 1281 1167 omnia
1330 1118 1806 1176 consummasset;
1868 1110 2057 1186 nimi-ﬂ

457 1221 578 1259 rum
641 1204 847 1259 Christi
901 1204 1253 1259 sacriﬁcium.
1303 1202 1605 1270 Quoniam,
1652 1209 1713 1257 ut
1757 1201 2024 1273 scriptum

456 1306 559 1357 cst.
615 1295 820 1349 Pascha
852 1306 1087 1350 nostrum
1119 1295 1423 1349 immolatus
1451 1303 1527 1348 est
1552 1292 1795 1349 Christus
1825 1292 1867 1346 ί.
1908 1290 2024 1345 llu-

459 1388 544 1456 ius
568 1402 728 1456 porro
755 1387 1035 1450 sacriﬁcii,
1081 1394 1137 1442 et
1181 1385 1489 1450 Paschalis,
1547 1394 1601 1442 et
1632 1385 1897 1441 doctrina:
1920 1398 2023 1455 pm-

458 1478 700 1547 clagogus
731 1477 815 1531 lex
845 1474 965 1539 fuit,
999 1476 1157 1546 361
1209 1491 1330 1546 quae
1369 1492 1466 1546 per
1498 1475 1792 1547 ﬁgurarum
1836 1474 2029 1529 adum—

381 1612 389 1618 .
462 1569 740 1624 tratioues
768 1569 1083 1635 deduceret,
1116 1576 1171 1623 et
1211 1567 1279 1622 ad
1319 1568 1465 1623 aliud
1512 1566 1814 1637 disciplinae
1855 1581 2028 1637 genus

458 1658 755 1716 conferret.

532 1750 715 1805 Schol.
747 1751 807 1804 Η
844 1756 898 1804 et
936 1750 1016 1804 l9.
1068 1749 1159 1804 Vir
1188 1765 1391 1804 comam
1441 1766 1544 1804 non
1588 1748 1811 1813 nutriat,
1859 1746 2030 1818 gloria

460 1853 508 1896 et
542 1841 716 1910 imago
749 1840 841 1894 Dei
872 1856 988 1894 cum
1013 1840 1082 1894 sit
1098 1838 1165 1893 ¹.“

538 1930 715 1987 liel‘ut.
753 1931 812 1984 tl
841 1938 895 1985 et
938 1930 1027 1986 i9.
1064 1929 1185 1986 Non
1234 1931 1412 1986 solum
1450 1930 1544 1986 Dei
1587 1930 1897 2001 imaginem,
1937 1927 2034 1985 sed

465 2031 518 2078 et
562 2022 791 2092 gloriam
829 2021 1124 2091 Apostolus
1183 2022 1457 2077 hominem
1503 2037 1627 2087 esse
1668 2021 1880 2077 deﬁnit.
1928 2019 2036 2076 Co-

467 2125 610 2164 mam
641 2126 770 2165 vero
800 2111 991 2181 utique
1019 2126 1360 2183 corpoream,
1398 2125 1504 2165 non
1533 2111 1730 2165 anima:
1757 2108 2034 2180 propriam

465 2218 591 2258 cum
626 2203 892 2269 nominat,
933 2218 1041 2258 non
1079 2203 1315 2258 alienum
1355 2217 1384 2255 a
1413 2202 1571 2256 bono-
1595 2199 1702 2255 Deo
1731 2215 1870 2270 opus
1902 2199 2036 2253 illud

414 2320 417 2323 λ
462 2282 591 2348 esse
622 2293 911 2363 signiﬁcat.
952 2307 1018 2348 eo
1045 2294 1195 2363 quod
1221 2308 1342 2363 quae
1376 2293 1431 2347 in
1458 2292 1650 2348 Vetere
1689 2289 2036 2345 Testamento

466 2384 890 2439 continebantur
917 2384 972 2439 in
993 2383 1145 2440 Novo
1171 2385 1390 2454 impleta
1420 2400 1542 2440 esse
1570 2383 1826 2437 fateatur.

540 2471 725 2527 Schol.
760 2473 827 2526 ιε
858 2482 911 2527 et
932 2472 1022 2528 20.
1065 2473 1171 2529 Sed
1204 2473 1344 2529 Deus
1379 2475 1679 2545 temperavit
1711 2487 1901 2543 corpus
1920 2472 1964 2528 ³.

539 2646 721 2704 Refut.
769 2648 838 2703 12
864 2656 919 2703 et
953 2648 1043 2705 20.
1086 2647 1145 2703 Si
1193 2664 1392 2720 corpus
1440 2663 1470 2703 a
1520 2648 1630 2705 Deo
1676 2654 2036 2716 temperatum

470 2746 576 2806 est,
609 2752 713 2793 nec
744 2738 909 2792 alium
944 2752 1103 2807 quam
1151 2753 1335 2793 verum
1375 2735 1538 2793 Deum
1578 2736 1872 2806 Apostolus
1901 2750 2040 2805 prte-

473 2828 639 2892 dicat,
664 2829 912 2883 eumdem
949 2842 1111 2897 porro
1136 2827 1302 2882 Deum
1344 2826 1591 2897 corporis
1634 2827 1872 2882 membra
1904 2833 2040 2882 tem-

477 2932 696 2990 perasse
733 2932 797 2972 ac
850 2914 1116 2973 formasse
1168 2919 1490 2985 comitetur;
1541 2933 1647 2973 non
1699 2919 1862 2973 alium
1917 2934 2041 2989 pro-

478 3010 614 3064 fecto
660 3007 845 3072 Deum,
896 3022 1058 3077 quam
1109 3006 1457 3063 Conditorem
1495 3009 1693 3078 ipsum,
1740 3016 1795 3063 et
1823 3008 2038 3077 quidem

479 3107 699 3163 bonum,
755 3106 809 3154 et
860 3108 1182 3165 creatorem,
1234 3108 1288 3155 et
1316 3100 1550 3170 justum,
1596 3108 1651 3155 et
1705 3102 2043 3157 conditorem

480 3191 718 3245 omnium
762 3194 1030 3261 agnoscit.
1076 3190 1285 3258 Quibus
1319 3207 1385 3248 ex
1434 3192 1688 3247 omnibus
1719 3192 1884 3247 homo
1918 3208 2045 3249 ceu-

475 3280 679 3334 seudus
704 3288 789 3334 est
828 3280 896 3333 ab
923 3280 1113 3335 eodem
1145 3288 1267 3351 apte
1317 3281 1432 3338 suis
1470 3280 1719 3352 partibus
1758 3283 2046 3338 membris-

474 3385 580 3439 que
619 3377 970 3439 temperatus.
1604 3393 1611 3400 -
1946 3366 1977 3385 ‘

549 3460 733 3515 Schol.
770 3461 836 3514 15
861 3469 915 3516 et
942 3461 1035 3515 2|.
1071 3459 1361 3532 Perperam
1397 3462 1501 3519 ista
1532 3464 1784 3535 concepit
1814 3485 1826 3520 :
1855 3466 1962 3522 Sed
1987 3467 2046 3522 in

476 3552 717 3607 Ecclesia
755 3551 871 3606 uolo
899 3552 1125 3622 quinque
1172 3551 1328 3606 verba
1361 3569 1517 3608 sensu
1552 3571 1663 3610 meo
1695 3556 1915 3628 loqui‘;
1945 3557 2048 3612 ali-

476 3657 560 3701 ter
588 3645 733 3701 enim
767 3644 987 3715 scripsit
1026 3654 1080 3701 et
1108 3644 1169 3700 ob
1203 3646 1389 3718 legem,
1430 3648 1650 3719 adjecit.

546 3736 732 3791 ﬂcfut.
769 3736 837 3792 15
868 3743 923 3793 et
953 3735 1045 3791 2|.
1089 3735 1313 3808 Lingua:
1339 3738 1504 3809 igitur
1532 3755 1562 3794 a
1587 3739 1829 3811 Spiritus
1868 3742 2046 3798 sancti

475 3829 651 3898 gratia
679 3827 1019 3882 derivantur.
1051 3827 1333 3899 Ejusmodi
1367 3846 1554 3901 porro,
1586 3832 1653 3886 de
1676 3834 1877 3905 quibus
1902 3834 2048 3903 Apo-

476 3921 652 3976 stolus
696 3920 961 3998 loquitur,
1027 3921 1228 3992 linguas
1272 3930 1423 3987 sunt,
1473 3933 1533 3978 ut
1596 3939 1703 3979 non
1752 3923 2047 3983 Hebraicas

476 4014 637 4068 modo
662 4028 825 4069 voces
862 4015 1346 4085 comprehendant,
1382 4031 1505 4085 quae
1531 4014 1585 4069 in
1617 4016 1847 4086 singulis
1892 4031 2050 4071 voca-

2119 835 2386 907 ὲνσάρκου
2420 836 2723 907 παρουσίας
2763 837 2862 906 τῆς
2888 834 2983 889 τοῦ
3014 834 3254 908 Χριστοῦ
3300 833 3466 889 αὑτοῦ
3500 832 3565 886 τὸ
3597 834 3709 886 πᾶν

2120 926 2222 996 τῆς
2254 925 2564 990 ὑποθέσεως
2589 925 2696 980 τῶν
2721 925 2944 988 θυσιῶν,
2972 927 3071 998 τῆς
3100 928 3228 995 μιᾶς
3258 924 3453 988 θυσίας
3478 923 3707 978 τελειω-

2123 1018 2296 1088 σάσης
2340 1016 2439 1080 τὰς
2476 1016 2907 1088 προῦπαρξάσας
2951 1018 3165 1080 πάσας·
3215 1016 3338 1087 ἣτις
3373 1015 3493 1068 ἐστὶ
3539 1014 3708 1070 θυσία

2123 1108 2380 1181 Χριστοῦ.
2431 1109 2554 1161 Ὀτι
2598 1107 2668 1162 Τὸ
2716 1107 2935 1176 Πάσχα
2979 1107 3149 1177 ἡμῶν
3188 1108 3370 1174 ἐτύθη
3419 1105 3703 1174 Χριστὸς,

2125 1199 2265 1255 κατά
2297 1200 2357 1253 τὸ
2384 1198 2788 1271 γεγραμμένον.
2827 1195 2937 1263 1Ἡς
2974 1199 3183 1263 θυσίας,
3219 1198 3316 1253 καὶ
3354 1199 3572 1268 Πάσχα,
3610 1197 3706 1251 καὶ

2123 1290 2468 1355 διδασκαλίας
2514 1291 2860 1361 παιδαγωγὸς
2901 1292 3118 1361 ἐγένετο
3164 1294 3194 1347 ὁ
3232 1291 3405 1362 νόμος
3423 1330 3438 1354 ,
3494 1290 3705 1359 ὁδηγῶν

2124 1383 2213 1437 διά
2244 1383 2334 1435 τὸν
2364 1381 2553 1446 τύπον,
2590 1383 2681 1436 καὶ
2706 1382 3086 1438 ἀποκαθιστῶν
3132 1384 3214 1446 είς
3252 1380 3348 1454 τήν
3397 1381 3601 1442 ἑτέρων
3628 1380 3707 1433 διο

2127 1473 2418 1528 δασκαλίαν
2429 1511 2442 1528 .

2204 1735 2270 1791 ια’
2303 1737 2398 1790 καὶ
2433 1735 2495 1789 ιθ⁹
2531 1737 2678 1805 σχόλ.
2716 1734 2898 1803 Ἀνὴρ
2921 1734 3033 1788 οὐκ
3060 1733 3285 1802 ὀφείλει
3314 1730 3531 1802 κομᾷν,
3557 1730 3706 1795 δόξα

2133 1828 2235 1883 καὶ
2257 1826 2434 1882 εἰκὼν
2458 1827 2607 1880 Θεοῦ
2633 1825 2935 1894 ὑπάρχων.

2206 1926 2273 1974 ια’
2307 1918 2401 1972 καὶ
2428 1915 2492 1970 ιθ¹
2520 1916 2699 1986 ἑλεγχ.
2739 1915 2937 1969 Εἰκὸνα
2985 1915 3044 1968 οὐ
3101 1914 3261 1986 μόνον
3298 1913 3391 1966 τὸν
3421 1913 3713 1985 ἄνθρωπον

2133 2011 2267 2067 Θεοῦ
2293 2009 2533 2082 ὁρίζεται
2568 2012 2597 2063 ὁ
2630 2007 2971 2071 Ἀπόστολος,
2997 2006 3132 2061 ἀλλά
3153 2007 3247 2060 καὶ
3276 2005 3455 2071 δόξαν.
3481 2006 3592 2079 Τὴν
3615 2007 3710 2061 κό-

2138 2121 2244 2175 μην
2272 2101 2329 2155 δὲ
2355 2099 2741 2170 ὑποτιθέμενος
2783 2097 3099 2170 σωματικὴν
3140 2094 3304 2152 οὖσαν
3333 2100 3456 2151 κατ’
3489 2098 3625 2151 ἰδίαν
3652 2098 3711 2150 ἰν

2137 2194 2368 2266 σώματι,
2397 2192 2492 2246 καὶ
2515 2191 2617 2245 οὑκ
2643 2193 2701 2244 ἐν
2722 2190 2889 2262 ψυχῇ.
2919 2191 3032 2244 Οὐκ
3062 2190 3340 2261 ἀλλότριον
3363 2190 3476 2262 ἄρα
3494 2189 3632 2244 Θεοῦ
3650 2189 3710 2244 τὸ

2137 2284 2344 2355 ποίημα
2372 2280 2610 2355 ὁρίζεται
2639 2279 2735 2334 τοῦ
2767 2278 3001 2348 ἀγαθοῦ·
3032 2279 3119 2333 διὰ
3145 2279 3205 2333 τὸ
3230 2280 3516 2351 ὁμολογεῖν
3553 2280 3710 2336 αὐτὸν

2134 2375 2204 2428 τὰ
2232 2374 2340 2428 άπὸ
2363 2373 2695 2437 Παλαιᾶςὲν
2725 2373 2901 2442 Καινῇ
2932 2369 3284 2442 πληρούμενα
3305 2371 3572 2444 Διαθήκῃ.

2213 2465 2280 2536 ιβ’
2315 2466 2409 2519 καὶ
2448 2472 2495 2517 κ’
2543 2463 2690 2535 σχόλ.
2727 2461 2916 2519 Ἀλλὰ
2963 2466 2996 2517 ὀ
3045 2461 3189 2528 Θεὸς
3230 2461 3611 2532 συνεκέρασε
3647 2462 3709 2517 τὸ

2138 2553 2328 2625 σῶμα.

2213 2645 2278 2715 ιβ’
2311 2647 2406 2699 καὶ
2454 2652 2501 2699 κ’
2527 2646 2706 2717 ἕλεγχ.
2749 2647 2810 2699 El
2837 2647 2865 2700 ὁ
2895 2644 3030 2709 Θεὸς
3062 2644 3392 2715 συνεκέρασε
3433 2643 3496 2697 τὸ
3534 2644 3710 2714 σῶμα,

2138 2737 2239 2791 οὐκ
2267 2736 2423 2791 ἄλλον
2449 2737 2506 2790 δὲ
2544 2737 2677 2791 Θεὸν
2718 2738 2747 2789 ὁ
2779 2736 3106 2800 Ἀπόστολος
3130 2734 3420 2807 κηρύσσει,
3457 2736 3599 2789 ἀλλὰ
3624 2735 3709 2788 τὸν

2139 2828 2267 2885 ὄντα
2289 2844 2303 2859 ·
2330 2828 2583 2899 ὁμολογεῖ
2608 2828 2665 2881 δὲ
2693 2829 2785 2881 τὸν
2815 2828 2946 2882 Θεὸν
2969 2827 3031 2880 τὸ
3062 2827 3219 2898 σῶμα
3247 2830 3359 2892 τοῖς
3398 2828 3587 2898 μέλεσι
3622 2844 3708 2881 κε·

2140 2920 2435 2992 κερακέναι
2454 2936 2469 2950 ·
2500 2921 2600 2974 οὑκ
2629 2920 2784 2975 ἄλλον
2812 2916 2918 2974 οἶδε
2951 2920 3083 2974 Θεὸν
3109 2918 3221 2972 ἀλλ’
3257 2920 3288 2990 ἢ
3319 2920 3411 2973 τὸν
3454 2920 3701 2990 δημιουρ

2142 3013 2238 3083 γὸν
2270 3013 2429 3067 αὑτὸν
2461 3013 2683 3081 ἀγαθὸν,
2720 3013 2814 3067 καὶ
2840 3013 3086 3084 κτίστην,
3116 3014 3208 3067 καὶ
3245 3013 3473 3075 δίκαιον,
3502 3014 3708 3077 πάντων

2144 3106 2374 3177 ποιητήν
2393 3123 2407 3138 ο
2439 3103 2499 3171 ἐξ
2523 3098 2597 3159 ὧν
2629 3104 2845 3159 πάντων
2890 3104 2949 3158 ἓν
2989 3104 3148 3176 ἔργον
3189 3104 3424 3175 ὑπάρχει
3454 3106 3483 3156 ὁ
3513 3103 3697 3173 ἄνθρω-

2144 3211 2264 3261 πος,
2297 3197 2326 3249 ὁ
2350 3199 2461 3260 τοῖς
2489 3196 2705 3268 μέλεσιν
2733 3196 2823 3249 ὑπ’
2852 3194 3017 3248 αὑτοῦ
3043 3193 3221 3258 καλῶς
3243 3193 3665 3267 κεκερασμένος.
3781 3211 3796 3225 ·

2219 3478 2288 3543 ιγ’
2310 3471 2405 3526 καὶ
2426 3469 2511 3525 κα⁹
2531 3470 2681 3543 σχόλ.
2720 3462 2976 3541 Πεπλανή
2985 3468 3160 3540 μένως
3179 3470 3207 3522 ὁ
3226 3466 3491 3537 Μαρκίων
3509 3483 3523 3496 ·
3542 3466 3704 3521 Ἀλλὰ

2144 3564 2216 3620 ἐν
2241 3562 2565 3630 Ἐκκλησία
2596 3560 2748 3617 θέλω
2774 3561 2953 3615 πέντε
2980 3562 3205 3630 λόγους
3237 3556 3318 3624 τῷ
3341 3559 3575 3629 rotam.
3605 3562 3704 3612 ,ια-

2144 3654 2334 3724 λῆσαι
2351 3670 2366 3685 ⁸
2399 3653 2602 3725 ἑτέρως
2623 3653 2680 3707 δὲ
2711 3651 2809 3707 διὰ
2824 3652 2933 3729 τὸν·
2947 3652 3155 3721 νόμον.

2221 3751 2288 3814 ιγ’
2315 3738 2407 3799 καὶ
2435 3742 2520 3797 κα⁸
2549 3743 2728 3814 έλεγχ.
2772 3743 2915 3814 Ἀρα
2940 3741 3034 3796 καὶ
3062 3741 3118 3795 αἱ
3146 3739 3387 3810 γλῶσσαι
3408 3740 3476 3794 ὲκ
3502 3737 3595 3793 τοῦ
3621 3755 3707 3810 χαι

2149 3841 2411 3915 ρίσματος
2442 3838 2537 3893 τοῦ
2559 3835 2874 3909 Πνεύματὸς
2904 3838 3029 3892 εισι.
3055 3822 3311 3898 Γλῶσσας
3339 3833 3398 3887 δὲ
3422 3833 3613 3897 ὁποίας
3631 3830 3701 3885 λέ·

2147 3946 2234 3998 γει
2254 3931 2282 3983 ὁ
2297 3926 2638 3992 Ἀπὸστολος,
2664 3927 2814 3989 ὅπως
2834 3925 2949 3998 γνῷ
2968 3925 3028 3979 οὗ
3057 3923 3151 3990 τὰς
3172 3922 3359 3995 φωνὰς
3382 3924 3486 3988 τὰς
3517 3921 3703 3994 Ἐδριῑ-

2145 4021 2240 4085 δας
2270 4020 2370 4085 τὰς
2398 4018 2669 4091 διαφόρως
2718 4018 2814 4072 καὶ
2856 4017 3116 4081 ποικίλως
3138 4019 3195 4071 ὲν
3222 4016 3431 4089 ἑκάστῃ
3454 4015 3593 4080 λέξει
3618 4031 3706 4067 κα-

478 4107 618 4162 bulis
649 4107 965 4177 praeclaram
996 4107 1286 4177 quamdam
1314 4122 1376 4161 ac
1403 4108 1702 4176 sapientem
1730 4107 2040 4164 varietatem

2153 4111 2253 4175 λῶς
2280 4109 2419 4182 μετὰ
2450 4108 2643 4179 σοφίας
2674 4106 3062 4173 ποικιλθείσας,
3097 4107 3234 4161 ἀλλὰ
3252 4106 3348 4161 καὶ
3372 4106 3471 4178 τὴν
3496 4103 3703 4177 κομπώο

476 4195 766 4262 exhibent;
818 4196 916 4253 sed
969 4204 1023 4253 et
1069 4195 1176 4251 alia
1223 4209 1440 4266 quoque
1482 4195 1800 4250 idiomatum
1849 4196 2040 4252 discri-

2153 4203 2210 4273 δη
2238 4200 2488 4270 γλῶσσαν
2521 4198 2631 4252 τῶν
2672 4199 2939 4271 Ἑλλήνων
2967 4197 3257 4271 αὐχοῦντες
3275 4238 3291 4262 ,
3323 4197 3387 4250 τὸ
3430 4196 3705 4260 ἀττικίζειν

477 4287 647 4348 mina,
678 4302 799 4355 quae
844 4287 1092 4342 nonnulli
1128 4286 1332 4346 Grmcaz
1360 4288 1554 4358 lingure
1581 4288 1764 4357 periti,
1793 4289 1882 4343 cui
1916 4288 2040 4344 iusi-

2153 4291 2245 4345 καὶ
2297 4290 2575 4355 αἰολίζειν,
2609 4291 2705 4344 καὶ
2746 4290 3002 4362 Δωρικῶς
3048 4287 3379 4360 φθέγγεσθαί
3430 4304 3575 4351 τινες
3612 4285 3705 4339 τῶν

478 4384 569 4433 tus
610 4377 830 4447 quidam
866 4376 1040 4434 fastus
1090 4394 1154 4433 ac
1203 4380 1420 4434 vanitas
1457 4386 1562 4443 est,
1611 4379 1845 4449 gloriose
1873 4379 2047 4448 jacta-

478 4467 659 4523 bant:
702 4468 882 4538 qualis
931 4478 1015 4525 est
1047 4470 1246 4534 Attica,
1289 4469 1525 4532 Eolica.
1567 4487 1632 4526 ac
1686 4469 1882 4527 Dorica
1927 4486 2050 4542 pro-

480 4563 705 4629 prietas,
733 4578 965 4630 quarum
998 4561 1119 4617 freti
1147 4562 1376 4617 scientia
1415 4563 1663 4618 nonnulli
1702 4563 1891 4619 turbas
1927 4564 2049 4620 illas

477 4653 726 4706 Corinthi
769 4668 834 4707 ac
866 4653 1179 4709 seditiones
1228 4654 1533 4709 excitarunt
1564 4674 1578 4711 :
1611 4654 1677 4709 ad
1728 4670 1869 4726 quos
1928 4658 2050 4713 ideo

478 4746 622 4800 hanc
666 4744 963 4810 Apostolus
1014 4744 1307 4817 Epistolam
1350 4748 1519 4804 dedit.
1563 4748 1619 4803 In
1666 4763 1772 4819 qua
1814 4748 2050 4819 primum
2091 4816 2101 4829 .

551 4902 568 4933 ί
597 4899 618 4954 ι
645 4899 773 4958 Cor.
810 4917 863 4967 v,
892 4902 942 4958 7.
1017 4905 1038 4936 ³
1067 4901 1087 4956 l
1120 4901 1247 4960 Cor.
1281 4920 1355 4968 xi,
1397 4904 1481 4958 l4.
1559 4904 1580 4936 ³
1608 4903 1625 4957 l
1656 4902 1785 4959 Cor.
1824 4919 1922 4972 xu,
1954 4903 2046 4959 24.

477 5037 679 5112 yersati
727 5046 892 5112 sunt,
942 5055 1101 5094 sacra
1148 5039 1367 5112 quidem
1414 5039 1680 5095 obtulisse
1729 5038 1840 5112 Deo
1894 5048 2050 5112 putat

480 5107 850 5176 Epiphanius;
909 5112 1000 5164 sed
1055 5107 1199 5181 quod
1257 5124 1319 5164 ea
1374 5126 1470 5179 per
1511 5113 1633 5165 Sese
1683 5107 1911 5165 minime
1948 5110 2049 5179 ipsi

479 5182 785 5250 placerent,
819 5180 1082 5250 quodque
1114 5191 1174 5236 ut
1203 5182 1271 5247 ab
1311 5180 1614 5235 idololatria
1659 5195 1755 5235 eos
1785 5189 2051 5236 averteret

484 5248 687 5316 potius,
716 5263 877 5320 quain
905 5248 1050 5317 quod
1080 5253 1187 5307 illis
1216 5251 1541 5314 alliceretur,
1570 5249 1754 5306 σπειτί
1799 5251 1901 5305 sibi
1926 5266 2051 5320 pas-

484 5332 579 5369 sus
612 5328 790 5389 esset.
824 5317 946 5373 ideo
995 5336 1193 5389 negare
1227 5321 1325 5375 sibi
1375 5322 1490 5376 haec
1535 5322 1715 5376 oblata
1746 5317 2050 5388 fuisse’per

483 5385 802 5456 prophetam
831 5385 1126 5443 existimat.
1145 5390 1213 5444 At
1234 5389 1456 5446 llicroo.
1477 5398 1774 5446 comment.
1799 5390 1867 5444 ad
1888 5385 2046 5444 Amos

2151 4381 2303 4454 παρὰ
2331 4385 2442 4446 τοῖς
2468 4380 2768 4454 Κορινθίοις
2788 4380 2887 4445 τὰς
2914 4380 3172 4452 πτύρσεις
3201 4382 3294 4433 καί
3319 4380 3539 4444 στάσεις
3559 4381 3705 4451 ἐργα-

2154 4473 2423 4545 σαμένων,
2439 4467 2519 4537 οἷς
2546 4472 2880 4544 ἡἙπιστολὴ
2912 4471 3243 4528 ἐπετέλλετο.
3267 4472 3378 4525 Καὶ
3407 4471 3706 4542 ὡμολόγησε

2158 4566 2256 4638 μὲν
2302 4566 2544 4637 χάρισμα
2588 4561 2727 4619 εἶναι
2767 4564 3135 4636 πνευματικὸν
3160 4563 3221 4616 τὸ
3258 4565 3380 4626 ταῖς
3412 4562 3704 4634 Ἑϐραϊκαῖς

2153 4655 2330 4722 λέξεσι
2356 4654 2653 4727 κεχρῆσθαί
2675 4672 2735 4708 τε
2767 4656 2862 4709 καὶ
2896 4654 2986 4708 τὸν
3013 4655 3176 4725 νόμον
3202 4651 3473 4707 διδάσκειν
3492 4671 3506 4684 ·
3534 4653 3593 4707 οὑ
3618 4651 3706 4723 μὴν

2156 4748 2292 4803 ἀλλὰ
2322 4748 2416 4803 καὶ
2443 4747 2512 4800 τὰ
2544 4747 2678 4801 ἄλλα
2712 4746 2974 4818 κομπώδη
3000 4745 3240 4801 καθελὼν
3267 4744 3368 4816 τῆς
3397 4744 3506 4800 τῶν
3548 4744 3698 4816 mm,

2122 4910 2143 4937 ⁵
2177 4905 2194 4960 l
2229 4903 2357 4959 Cor.
2392 4919 2506 4969 xiv,
2538 4904 2624 4959 19.
2699 4905 2721 4936 ⁸
2752 4901 2988 4959 Αδοτοηι
3022 4901 3137 4957 haec
3169 4916 3199 4955 a
3227 4900 3407 4956 Vatic.

2159 5040 2301 5105 lisse,
2337 5055 2439 5093 non
2468 5038 2755 5103 voluntate,
2796 5037 2888 5092 sed
2915 5053 3186 5107 poenarum
3216 5036 3454 5106 fecerunt
3481 5046 3632 5100 metu,
3663 5047 3704 5091 et

2155 5126 2334 5179 eorum
2387 5110 2748 5178 interfectioue
2791 5109 2882 5179 qui
2918 5106 3137 5177 propter
3190 5106 3337 5161 idola
3390 5119 3702 5179 corruerunt.

2156 5178 2414 5233 Dominus
2445 5177 2620 5233 autem
2652 5195 2754 5232 non
2786 5177 2848 5231 ea
2874 5194 2991 5247 quae
3021 5179 3347 5247 offeruntur,
3370 5177 3461 5230 sed
3486 5177 3703 5231 volunta-

2157 5259 2257 5303 tem
2282 5249 2492 5319 respicit
2509 5250 2860 5371 og'erentium.
2876 5246 3115 5318 Cyrillus
3132 5263 3259 5301 vero
3279 5246 3351 5299 ad
3368 5263 3399 5300 v
3419 5263 3537 5316 cap.
3568 5250 3703 5302 Amos

2157 5321 2228 5371 ita
2263 5320 2501 5371 statuit:
2580 5334 2703 5371 eum
2748 5319 2802 5371 in
2847 5318 2976 5371 illud
3019 5319 3286 5371 duntaxat
3326 5325 3542 5371 tempus
3576 5318 3699 5371 cele-

2156 5321 2228 5373 ita
2263 5320 2501 5375 statuit:
2539 5318 2703 5373 Deum
2748 5319 2802 5371 in
2847 5318 2976 5371 illud
3019 5319 3286 5371 duntaxat
3326 5325 3542 5387 tempus
3576 5318 3699 5371 cele-

2156 5388 2365 5443 branda
2423 5387 2825 5459 praescripsisse
2853 5389 3184 5459 sacriﬁcia,
3230 5401 3350 5459 quo
3396 5387 3698 5456 promissam

484 5455 678 5511 Scribit
715 5457 987 5513 lsraelitas
1035 5468 1149 5513 toto
1195 5461 1287 5514 illo
1326 5476 1435 5522 auo
1478 5462 1529 5515 in
1578 5460 1796 5515 deserto
1835 5461 2056 5514 luerunt
2162 5470 2361 5513 terram
2392 5455 2745 5527 occuparent,
2773 5455 2869 5512 sed
2894 5457 3016 5527 illos
3044 5473 3145 5511 nec
3172 5455 3488 5526 poSIulaute
3510 5471 3604 5513 nec
3623 5471 3702 5512 cu-

482 5537 746 5595 tempore,
788 5544 896 5581 non
944 5528 1075 5591 Deo,
1124 5530 1218 5585 sed
1247 5529 1407 5586 idolis
1442 5531 1773 5587 immoiasse.
1808 5529 1875 5583 Et
1916 5529 2083 5599 quod
2160 5539 2317 5583 route
2351 5527 2481 5591 Deo,
2520 5526 2572 5581 iu
2602 5526 3200 5599 desertoAnihilqminus
3226 5526 3514 5599 obtulisse.

487 5607 700 5666 postea,
742 5599 945 5669 inquit,
994 5600 1234 5671 quautam
1272 5598 1497 5656 Domino
1526 5616 1612 5654 eos
1659 5600 1873 5670 (egimus
1903 5598 2053 5654 obtu-

2232 5599 2342 5671 (δί)
2385 5599 2529 5666 Ἕως
2546 5596 2949 5667 meditatum.
2994 5595 3114 5651 For.
3151 5595 3474 5668 μεταλλάξῃ.
