3932 6064
512 174 616 232 195
629 170 649 181 ’

1943 177 2002 232 S.
2036 174 2377 233 ΕΡΙΡΙΙΔΝΙΙ

3702 175 3799 229 796

510 296 614 349 etis
644 290 881 363 caligine
908 292 1169 357 versaris,
1199 290 1346 348 fores
1368 293 1617 363 palpans,
1651 308 1753 349 nec
1781 293 2089 362 inveniens,

2214 294 2388 366 1ὑραν,
2423 292 2518 347 καὶ
2567 289 2643 362 μὴ
2689 291 2962 362 εὑρίσκων
2990 290 3097 353 ἕως
3124 288 3382 361 ἀνατείλῃ
3428 291 3456 343 6
3499 288 3683 359 ἣλιος,
3713 290 3796 343 καὶ

519 389 697 443 donec
723 385 808 442 sol
834 392 991 440 ortus
1024 383 1209 449 fuerit,
1241 391 1410 454 tuque
1429 383 1628 454 judicii
1661 383 1803 441 diem
1837 385 2095 457 aspicias,

514 479 572 536 In
618 493 727 552 quo
765 476 1067 533 mendaciis
1108 476 1216 532 luis
1241 474 1439 531 vindex
1467 476 1608 549 ignis
1642 489 1923 535 occurrat.
1962 478 2097 535 Nam

513 571 712 645 hic-te,
744 569 823 625 uti
850 567 1026 634 vides,
1052 574 1353 638 exspectat.
1386 567 1657 625 Caeterum
1688 569 1830 640 apud
1862 571 2097 641 Aposto-

515 663 626 717 lum
656 677 768 716 non
802 661 1021 738 legitur,
1052 669 1266 730 propter
1294 659 1493 731 legem;
1529 660 1626 718 sed
1660 662 1792 717 illud
1820 678 1852 718 a
1899 670 1953 719 te
1977 679 2101 734 per-

512 767 700 824 peram
733 759 817 808 est
854 750 1150 821 adjectum.
1175 749 1332 818 Quod
1363 751 1411 806 si
1443 751 1590 807 istud
1618 753 1943 819 addidisset,
1967 770 2102 809 con-

512 852 836 901 sentaneum
884 844 934 899 ei
981 842 1144 910 foret,
1189 842 1336 914 quod
1375 843 1446 898 ab
1488 844 1608 914 ejus
1650 843 1881 901 Domino
1923 845 2101 901 fuerat

458 968 462 972 Α
512 934 753 990 dictum:
788 932 911 990 Non
940 934 1162 991 venisse
1206 949 1266 991 se
1299 942 1361 991 ut
1406 935 1577 1006 legem
1608 936 1864 1002 solveret,
1914 935 2011 991 sed
2045 943 2103 991 ut

513 1027 841 1098 atlimpleret
859 1027 874 1058 ¹
887 1068 900 1082 .
938 1004 963 1027 ’

588 1118 774 1175 Schol.
807 1119 876 1174 H
909 1127 966 1175 et
992 1117 1084 1173 22.
1130 1117 1195 1173 1η
1242 1118 1349 1190 lege
1381 1119 1639 1195 scriptum
1681 1128 1757 1175 est
1787 1134 1807 1175 :
1836 1119 2100 1186 Quoniam

514 1211 569 1265 in
601 1211 724 1266 aliis
754 1210 948 1282 linguis
999 1224 1051 1265 et
1074 1209 1229 1266 labiis
1252 1211 1374 1265 aliis
1407 1211 1596 1281 loquar
1621 1211 1811 1280 populo
1842 1211 1963 1266 huic
1984 1214 2027 1267 '.

589 1391 773 1447 ltelut.
812 1391 879 1445 M
922 1398 975 1446 et
998 1389 1088 1444 22.
1130 1389 1245 1444 Nisi
1281 1390 1372 1444 illa
1410 1407 1532 1461 qua:
1573 1391 1629 1447 in
1679 1393 1795 1463 lege
1840 1400 2101 1463 praedicta

517 1483 734 1539 fuerant
769 1482 1032 1538 Dominus
1063 1482 1366 1552 implesset,
1392 1483 1524 1553 quid
1566 1484 1831 1539 attinebat
1869 1478 2103 1555 Apo'sto-

514 1574 629 1628 lum
676 1588 739 1627 ea
779 1586 1234 1637 commemorare,
1263 1587 1385 1642 qum
1427 1588 1494 1628 ex
1531 1572 1649 1645 lege
1681 1573 1849 1628 veteri
1884 1571 2100 1629 fuerant

2203 387 2319 459 ἴδῃς
2347 387 2446 458 τὴν
2468 368 2681 456 ἡμέραν
2705 384 2804 455 τῆς
2828 383 3063 454 κρίσεως
3081 401 3093 413 ·
3119 383 3176 435 ἐν
3263 383 3357 436 καὶ
3384 382 3449 435 τὸ
3479 380 3596 451 πῦρ
3623 381 3786 434 ἁπαν

2198 480 2420 553 τήσεται
2450 479 2515 549 τῇ
2557 477 2623 547 σῇ
2652 473 3008 545 ψευδηγορίᾳ.
3041 473 3213 527 Τοῦτο
3237 473 3348 545 γάρ
3383 489 3445 526 σε
3493 472 3797 542 ἐκδέχεται,

2199 562 2274 633 ὥς
2301 570 2453 641 ὁρᾷς.
2481 564 2620 621 Οὑτε
2653 564 2763 636 γὰρ
2796 566 2976 617 κεῖται
3021 564 3174 636 παρᾶ
3212 562 3290 635 τῷ
3321 560 3671 631 ’Δποστόλῳ,
3705 559 3799 613 διὰ

2199 663 2307 718 τὸν
2328 662 2537 731 νόμον,
2569 658 2663 713 καὶ
2695 655 2847 729 παρὰ
2889 655 2972 709 σοὶ
3012 655 3171 709 τοῦτο
3196 656 3620 727 πεποιήτευται.
3662 654 3723 708 El
3743 653 3794 705 δὲ

2200 755 2294 809 καὶ
2319 753 2503 822 ἔλεγεν
2528 752 2557 805 6
2583 748 2928 814 ’Δπὸστολος,
2955 747 3056 802 διὰ
3079 748 3188 801 τὸν
3211 747 3423 817 νόμον,
3456 747 3793 819 συνᾳδόντιις

2199 845 2351 914 ἔλεγε
2378 841 2457 914 τῷ
2483 840 2676 896 ἑαυτοῦ
2697 838 2906 911 Κυρίῳ·
2932 837 3046 908 Οὐχ
3076 838 3164 892 ἵνα
3193 837 3478 909 καταλύσῃ
3494 838 3591 892 τὸν
3618 836 3790 907 νόμος,

2199 937 2315 991 ἀλλ’
2349 936 2438 990 ἵνα
2464 933 2572 1006 πλη
2582 931 2750 1005 ρώσῃ.

2271 1122 2335 1176 ιδ’
2362 1121 2455 1175 καὶ
2483 1119 2567 1192 κβ’
2602 1120 2750 1191 σχόλ.
2789 1122 2893 1176 Ἑν
2914 1121 2994 1187 τῷ
3024 1120 3185 1189 νόμῳ
3205 1118 3559 1189 γέπραπταῖ,
3590 1119 3681 1172 ὅτι
3700 1121 3783 1173 Ἐν

2199 1214 2676 1281 ἑτερογλώσσοις
2699 1254 2714 1279 ,
2768 1212 2866 1266 καὶ
2925 1212 3200 1283 χείλεσιν
3258 1210 3488 1279 ἑτέροις
3548 1210 3788 1276 λαλήσω

2202 1302 2355 1373 πρὸς
2380 1301 2488 1355 τὸν
2514 1301 2671 1356 λαὸν
2701 1303 2939 1358 τοῦτον.

2274 1392 2334 1447 ιδ’
2369 1394 2462 1447 καὶ
2489 1392 2573 1463 κβ¹
2600 1392 2780 1465 ἐλεγχ.
2822 1392 2887 1447 El
2932 1393 3007 1465 μὴ
3051 1391 3338 1464 ἐπλήρωσε
3382 1391 3603 1462 Κύριος
3644 1391 3710 1444 τὰ
3740 1392 3791 1443 ὲν

2198 1483 2277 1556 τῷ
2324 1482 2474 1554 νόμῳ
2507 1481 2902 1554 προειρημένα,
2934 1481 3017 1544 τίς
3041 1477 3110 1551 ῆν
3143 1480 3299 1551 χρεία
3345 1481 3439 1534 τὸν
3475 1480 3788 1534 Ἀπόστολον

2200 1575 2515 1647 ὑπομνῆσαι
2546 1572 2613 1627 τὰ
2646 1572 2753 1626 ἀπὸ
2774 1571 2940 1642 νόμου
2970 1574 3027 1625 ὲν
3054 1566 3232 1641 καινῇ
3263 1570 3518 1643 Διαθήκῃ
3564 1571 3789 1642 πληροὺ-

516 1664 570 1718 in
619 1661 771 1718 Novo
816 1661 1171 1718 Testamento
1211 1662 1486 1731 perfecta?
1528 1662 2001 1729 Quemadmodum
2047 1674 2101 1721 et

2214 1685 2377 1740 μενα;
2418 1667 2504 1729 Ὠς
2533 1664 2629 1719 καὶ
2655 1665 2683 1717 6
2717 1663 2911 1736 Σωτὴρ
2939 1662 3162 1728 ἔδειξεν,
3190 1663 3274 1715 ὅτι
3304 1661 3473 1724 αὑτὸς
3519 1656 3594 1732 ἦν
3638 1665 3667 1715 6
3710 1662 3791 1725 ml

518 1751 769 1806 Salvator
803 1752 922 1821 ipse
943 1750 1307 1816 demonstrat,
1337 1750 1589 1807 eumdem
1619 1767 1678 1809 se
1703 1768 1846 1821 esse,
1872 1755 2101 1824 quitum

517 1844 573 1899 in
608 1844 727 1914 lege
764 1843 980 1898 locutus
1008 1851 1111 1906 est,
1142 1842 1196 1897 in
1227 1842 1373 1898 hunc
1396 1844 1615 1899 modum
1659 1844 2047 1903 interminatus
2085 1866 2099 1901 :

518 1932 649 1990 Ideo
684 1934 915 2003 oﬂ'ensus
950 1932 1029 2002 fui
1070 1933 1398 2002 generationi
1443 1935 1586 2000 huic,
1623 1944 1675 1988 et
1708 1934 1823 1989 dixi
1844 1950 1863 1989 :
1890 1934 2107 2007 Semper

518 2026 573 2080 hi
587 2034 769 2080 errant
798 2027 955 2080 corde
976 2026 1035 2091 ³;
1071 2032 1125 2080 et
1151 2041 1166 2078 :
1192 2022 1383 2078 Juravi
1404 2025 1451 2079 si
1477 2024 1770 2079 introibant
1793 2028 1847 2081 in
1878 2029 2105 2099 requiem

518 2135 689 2173 meum
715 2117 757 2173 ⁸.
812 2116 1107 2186 Propterea
1164 2116 1218 2170 in
1270 2116 1394 2171 aliis
1432 2116 1632 2187 linguis
1687 2118 1994 2173 locuturum
2048 2134 2107 2175 se

519 2225 646 2264 csse
678 2207 1045 2267 denuntiavit,
1076 2214 1135 2259 ut
1165 2216 1221 2261 et
1250 2206 1469 2262 locutus
1490 2215 1612 2277 est;
1638 2223 1739 2264 nec
1767 2208 2002 2277 ingressi
2030 2210 2105 2265 illi

520 2307 669 2354 sunt.
742 2295 1074 2367 Hujusmodi
1127 2296 1273 2350 enim
1327 2297 1589 2367 quiddam
1646 2299 1936 2370 discipulis
1989 2303 2106 2358 suis

515 2389 723 2444 dixisse
748 2387 948 2459 legitur
976 2406 991 2439 :
1034 2385 1190 2440 Vobis
1219 2385 1404 2440 datum
1437 2397 1514 2441 est
1557 2404 1709 2443 nosse
1729 2392 1981 2461 mysteria
2026 2407 2109 2446 re-

517 2480 606 2549 gni
642 2478 776 2544 Dei;
811 2478 920 2532 illis
957 2487 1134 2531 autem
1180 2479 1235 2531 in
1278 2478 1572 2548 parabolis,
1623 2489 1681 2534 ut
1725 2483 1954 2553 ridentes
2002 2500 2107 2537 non

518 2572 727 2626 videant
748 2572 792 2634 ⁸,
824 2578 932 2626 etc.
982 2569 1119 2625 Cum
1153 2567 1339 2640 itaque
1388 2570 1441 2625 in
1471 2570 1624 2626 Novo
1656 2572 2009 2647 Testamento
2042 2591 2106 2632 ea

520 2664 725 2734 ubique
760 2663 873 2718 sint
909 2662 1154 2733 impleta,
1194 2679 1317 2734 qua:
1349 2664 1404 2717 in
1437 2661 1627 2719 \‘etere
1652 2665 2103 2732 continebantur,

516 2756 772 2812 dubitare
821 2770 982 2810 nemo
1019 2761 1220 2825 potest,
1254 2755 1387 2824 quin
1436 2753 1682 2825 ejusdem
1719 2755 1883 2811 ambo
1915 2756 2108 2812 Testa-

521 2855 702 2924 menta
741 2846 833 2901 Dei
870 2847 1001 2911 sint,
1037 2862 1147 2901 non
1182 2846 1408 2902 alterius
1436 2861 1500 2901 ac
1532 2846 1751 2902 diversi.

591 2937 779 2993 Schol.
833 2938 898 2993 15
947 2946 1000 2993 et
1042 2937 1133 2995 23.
1175 2935 1426 2992 Mulieres
1477 2938 1534 2992 in
1577 2938 1800 2995 ecclesia
1871 2948 2099 2993 taceant.

522 3029 647 3085 Non
690 3030 827 3084 enim
856 3029 1178 3099 permittitur
1209 3029 1319 3083 illis
1351 3028 1530 3100 loqui;
1560 3031 1650 3084 sed
1694 3028 1922 3085 subdita:
1971 3032 2101 3097 sint,

518 3123 654 3177 sicut
682 3131 730 3176 el
765 3123 850 3175 lex
874 3119 1003 3173 dicit
1020 3120 1062 3173 ⁸.
1994 3108 2009 3115 ”

590 3212 776 3269 Refut.
808 3213 876 3269 15
910 3222 965 3269 et
997 3215 1088 3269 23.
1131 3211 1187 3269 Si
1229 3228 1293 3269 ex
1338 3211 1472 3284 legis
1504 3212 1827 3282 prrescripto
1869 3211 2104 3268 sanctis-

516 3305 691 3362 simus
719 3304 812 3361 Dei
852 3306 1149 3376 Apostolus
1186 3304 1442 3361 Ecclesiae
1471 3302 1719 3371 ordinem
1774 3319 1839 3359 ac
1869 3303 2107 3373 discipli-

518 3415 646 3455 nam
680 3400 985 3463 constituit,
1032 3414 1140 3453 non
1174 3399 1278 3454 erit
1308 3398 1395 3453 lex
1425 3394 1637 3454 Ordinis
1682 3412 1899 3468 expers,
1935 3413 1966 3452 e
1999 3411 2105 3468 qua

519 3491 767 3546 ordinem
797 3490 1093 3562 Apostolus
1123 3490 1439 3557 transtulit;
1469 3505 1645 3561 neque
1692 3489 1761 3544 ab
1790 3488 1969 3543 alieno
1996 3487 2105 3544 Deo

521 3583 938 3654 proficiscetur,
989 3599 1109 3654 quae
1156 3584 1275 3638 viro
1318 3581 1577 3638 feminam
1632 3597 1755 3639 esse
1800 3581 2104 3651 subjectatn

521 3675 786 3747 percipit.
821 3673 935 3730 [loc
969 3676 1119 3743 enim.
1154 3684 1209 3732 et
1241 3674 1512 3747 Apostolo‘
1550 3676 1608 3730 in
1669 3672 1973 3730 condendis
2004 3672 2106 3727 Ec—

412 3784 416 3795 '
522 3767 705 3824 clesiae
738 3767 947 3838 legibus
979 3767 1204 3838 placuit,
1243 3777 1299 3822 ut
1329 3769 1446 3839 ipse
1475 3775 1733 3835 testatur,
1758 3764 1924 3839 364
1952 3763 2104 3821 Sicut

520 3869 571 3917 et
599 3860 685 3915 lea:
706 3859 855 3915 dicit.
892 3858 999 3916 Sed
1040 3860 1266 3916 ubinam
1290 3860 1510 3916 demum
1539 3860 1641 3916 ista
1674 3860 1760 3916 lex
1799 3859 1976 3915 dicit?
2012 3856 2107 3913 Ni-

523 3953 720 4009 mirum
764 3966 831 4007 eo
865 3952 1091 4016 inloco,
1130 3950 1224 4006 ubi
1269 3951 1344 4005 ita
1370 3949 1636 4005 Dominus
1671 3949 1833 4005 Evam
1872 3949 2105 4021 alloqui-

522 4056 612 4100 tur
639 4064 654 4101 :
685 4043 769 4098 Ad
801 4043 970 4098 virum
999 4044 1100 4098 erit
1145 4042 1413 4097 conversio
1452 4050 1566 4106 tua,
1599 4050 1649 4096 et
1671 4042 1781 4112 ipse
1807 4038 2109 4097 dominabi-

523 4148 612 4192 tur
640 4134 794 4211 tibi".
845 4134 1007 4200 Nam,
1055 4132 1161 4190 etsi
1200 4132 1478 4204 plerisque
1525 4131 1650 4187 aliis
1682 4132 1738 4186 in
1779 4132 1914 4197 locis
1963 4132 2105 4188 idem

522 4230 818 4301 repetitum
858 4226 1071 4293 fuerit;
1103 4225 1215 4281 illic
1253 4232 1436 4279 tamen
1480 4225 1714 4294 primum
1758 4230 1843 4279 est
1882 4236 2109 4293 usurpa-

2203 1760 2324 1815 τότε
2350 1761 2407 1812 ἐν
2435 1758 2586 1829 νόμῳ
2607 1755 2870 1827 λαλήσας,
2900 1755 2996 1809 καὶ
3024 1754 3166 1808 κατὰ
3199 1752 3434 1825 ἀπειλὴν
3465 1752 3665 1824 ὁρίσας
3708 1753 3790 1805 αὑο

2202 1852 2315 1913 τοῖς
2337 1848 2541 1917 λέγων·
2568 1846 2665 1901 Διὸ
2693 1845 3102 1916 προσώχθησα
3134 1842 3208 1913 τῇ
3235 1841 3415 1912 γενεᾷ
3449 1845 3670 1912 ταύτῃ,
3705 1844 3789 1896 καὶ

2203 1935 2403 1994 εἶπον·
2421 1936 2540 1991 Ἀεὶ
2580 1932 2925 1990 πλανῶνται
2961 1932 3036 2003 τῇ
3063 1931 3276 2001 καρδίᾳ
3300 1946 3314 1960 ⁸
3349 1933 3469 1997 καὶ,
3494 1933 3728 2001 Ὠμοσα
3747 1935 3789 1984 εἰ

2204 2031 2654 2088 εἰσελεύσονται
2696 2029 2784 2094 είς
2827 2025 2945 2094 τὴν
2987 2022 3375 2078 κατάπαυσίν
3397 2040 3546 2092 μου.
3589 2022 3685 2075 Διδ
3711 2022 3790 2075 καὶ

2206 2127 2263 2179 ὲν
2291 2119 2711 2195 ἑτερογλώσσοις
2734 2116 3099 2188 ἐπηγγείλατο
3117 2115 3348 2188 λαλῆσαι
3372 2118 3587 2180 αὑτοῖς,
3613 2117 3688 2182 ὡς
3709 2118 3790 2170 καὶ

2205 2217 2467 2287 ὲλάλησε·
2497 2213 2593 2268 καὶ
2642 2212 2743 2265 οὑκ
2789 2209 3057 2281 εἰσῆλθον.
3097 2208 3269 2263 Τοῦτο
3322 2208 3433 2282 γὰρ
3487 2209 3790 2281 εὑρίσγεται

2206 2307 2382 2375 λέγων
2401 2305 2514 2367 τοῖς
2541 2301 2707 2357 αὑτοῦ
2741 2301 3039 2372 μαθητατς-
3082 2299 3241 2368 Ὑμῖν
3261 2298 3506 2353 δεδοται
3531 2298 3789 2365 λαλῆσαι

2205 2397 2279 2451 τὰ
2295 2394 2602 2466 μυστήρια
2630 2390 2741 2459 τῆς
2763 2390 3088 2457 ,βασιλείας
3107 2408 3120 2422 ·
3154 2390 3413 2456 ἐκείνοις
3436 2389 3507 2442 δὲ
3529 2391 3603 2444 ἐν
3624 2404 3779 2458 παίει

2207 2486 2437 2553 ϐολαῖς,
2465 2486 2567 2539 ἵνα
2589 2482 2927 2548 βλέποντες
2962 2481 3049 2551 μὴ
3084 2481 3385 2547 βλέπωσι,
3433 2483 3529 2535 καὶ
3560 2483 3629 2536 τὰ
3660 2482 3785 2551 ἑῆς.

2207 2576 2492 2648 Πανταχοῦ
2527 2575 2708 2628 τοίνυν
2738 2575 2798 2627 ὲν
2833 2576 2897 2644 τῇ
2933 2575 3109 2645 Καινῇ
3135 2573 3206 2625 τὰ
3234 2572 3347 2627 ἀπὸ
3373 2572 3631 2636 Παλαιᾶς
3672 2573 3786 2641 πλη·

2210 2670 2471 2745 ρούμενα,
2504 2667 2663 2721 παντί
2688 2685 2765 2737 τῳ
2793 2665 2961 2735 σαφές
2990 2667 3155 2723 ἐστιν.
3192 2666 3275 2719 ὅτι
3304 2666 3404 2736 οὑχ
3441 2666 3634 2737 ἑτέρου
3672 2665 3790 2718 Θεοί

2207 2765 2303 2819 κα1⁵
2330 2765 2545 2839 ἑτέρου,
2578 2761 2714 2817 ἀλλὰ
2732 2758 2829 2814 τοῦ
2854 2757 3018 2814 αὑτοῦ
3044 2759 3099 2812 αἱ
3120 2758 3213 2812 δύο
3229 2758 3498 2829 Διαθῆκαι
3522 2759 3788 2812 συνίσταν-

2208 2875 2318 2912 ται.

2279 2956 2340 3003 ιε’
2372 2947 2467 3002 καὶ
2495 2954 2580 3014 κγ’
2610 2946 2760 3018 σχόλ.
2800 2947 2868 2999 Αἱ
2899 2941 3187 3014 γυναῖκες
3234 2941 3303 2995 ἐν
3362 2941 3677 3009 ἐκκλησίᾳ
3713 2956 3783 2994 σιν

2208 3040 2507 3112 γάτωσαν.
2534 3039 2619 3093 Οὐ
2647 3037 2760 3108 τὰρ
2788 3035 3162 3104 ἐπιτρέπεται
3186 3034 3397 3098 αὐταῖς
3421 3033 3668 3097 λαλεῖν,
3698 3034 3789 3086 ἀλ-

2204 3132 2285 3187 λὰ
2310 3130 2895 3193 ὑποτασσέσθωσαν,
2927 3127 3123 3194 καθὼς
3147 3128 3243 3181 καί
3269 3129 3303 3180 ό
3335 3126 3536 3196 νόμος
3568 3125 3750 3194 λέγει.

2279 3233 2339 3280 ιε’
2370 3225 2463 3279 καὶ
2488 3231 2573 3294 κγ’
2608 3223 2789 3293 ἐλεγχ.
2833 3223 2894 3276 Ei
2926 3220 3069 3276 κατὰ
3107 3220 3199 3273 τὸν
3237 3219 3403 3290 νόμον
3450 3219 3787 3273 διατάσσεται

2206 3321 2235 3372 6
2275 3318 2430 3387 ἅγιος
2462 3316 2557 3369 τοῦ
2606 3314 2742 3368 Θεοῦ
2773 3313 3096 3376 Ἀπόστολος
3136 3310 3233 3382 τὴν
3280 3308 3541 3374 εὐταξίαν
3570 3312 3638 3381 τῇ
3675 3309 3785 3378 ἀγίξ

2205 3406 2299 3461 τοῦ
2335 3404 2471 3464 Θεοῦ
2504 3403 2825 3475 Ἐκκλησία,
2854 3402 2953 3456 οὐκ
2979 3401 3215 3465 ἄτακτος
3238 3402 3267 3454 6
3291 3401 3478 3471 νόμος,
3508 3401 3606 3470 ἀφ’
3634 3393 3791 3471 οὗπερ

2206 3498 2305 3570 τὴν
2326 3496 2576 3563 εὐταξίαν
2608 3494 3031 3567 μετακομίζεται
3046 3488 3068 3523 ·’
3087 3493 3207 3547 οὑδὲ
3235 3491 3521 3564 ἀλλοτρίου
3546 3491 3683 3546 Θεοῦ
3704 3492 3790 3544 ὑπ-

2208 3590 2365 3662 άρχει
2388 3570 2427 3644 ⁴ὁ
2455 3589 2638 3660 νόμος,
2669 3588 2768 3660 τὴν
2796 3589 3030 3656 γυναῖκα
3069 3584 3458 3649 καθυπτὰξας
3502 3583 3584 3655 τῷ
3628 3582 3787 3653 ἀνδρί.

2207 3679 2539 3753 Συναρέσκει
2581 3678 2688 3751 γὰρ
2722 3678 2815 3733 καὶ
2840 3677 3152 3749 ’Δποστόλῳ
3182 3677 3342 3731 τοῦτο
3370 3677 3429 3729 ἐν
3456 3678 3524 3747 τῇ
3550 3676 3649 3747 τῆς
3680 3674 3790 3728 Ἐκ-

2208 3762 2434 3847 κλησίας
2468 3771 2778 3844 νομοθεσίᾳ,
2806 3771 2882 3835 ὥς
2924 3788 3094 3844 φησι·
3142 3769 3349 3835 Καθὼς
3386 3767 3488 3823 καὶ
3539 3772 3575 3822 ό
3622 3769 3789 3837 νόμος

2207 3863 2391 3936 λέγει.
2432 3863 2545 3918 Ποῦ
2594 3863 2651 3918 δὲ
2702 3865 2730 3917 6
2766 3858 2918 3917 εἶπεν
2952 3864 2981 3916 6
3009 3862 3205 3934 νόμος;
3242 3861 3407 3915 Ἀλλὰ
3436 3864 3495 3915 ἐν
3526 3861 3611 3933 τῷ
3633 3862 3789 3915 είπεῖν

2207 3955 2299 4010 τὸν
2332 3954 2466 4009 Θεὸν
2497 3952 2634 4028 πρὶς
2656 3953 2755 4027 τὴν
2778 3952 2923 4009 Εὕαν
2942 3953 3105 4017 εὐθύς
3123 3970 3139 3985 ν
3167 3953 3323 4022 Πρὸς
3344 3953 3455 4006 τὸν
3474 3951 3668 4020 ἄνδρα
3686 3967 3789 4007 σου

2208 4047 2247 4115 ἡ
2279 4043 2635 4116 ἀποστροφή
2688 4059 2829 4110 σου,
2873 4036 2970 4098 real
3014 4043 3198 4110 αὑτός
3226 4059 3343 4097 σου
3374 4044 3699 4113 κυριεύσει.
3734 4042 3786 4096 El

2208 4138 2318 4211 γὰρ
2362 4138 2457 4191 καὶ
2490 4139 2547 4193 ὲν
2571 4135 2751 4202 ἄλλοις
2779 4136 2986 4201 τόποις,
3018 4133 3155 4190 ἀλλὰ
3190 4133 3444 4188 ἐντεῦθεν
3476 4138 3510 4205 ὴ
3544 4136 3704 4209 ἀρχή.
3733 4131 3787 4186 Εἰ

2208 4231 2388 4285 τοίνυν
2420 4229 2527 4285 ἀπὸ
2570 4230 2693 4284 τότε
2737 4231 2769 4301 ἡ
2820 4229 2958 4303 γυνὴ
3009 4230 3258 4300 ὑπετάγη
3289 4220 3786 4300 ὲκιπροστάγματος

524 4327 663 4374 tum.
691 4315 810 4371 iam
837 4332 962 4373 cum
992 4332 1060 4373 ex
1101 4315 1196 4371 illo
1226 4322 1474 4385 tempore
1502 4312 1761 4385 deinceps
1793 4313 1990 4369 mulier
2018 4313 2102 4369 di-

2216 4321 2353 4376 Θεοῦ
2380 4320 2458 4393 τῷ
2485 4320 2659 4393 ἀνδρὶ,
2688 4320 2782 4374 καὶ
2809 4318 3120 4385 ἀκολούθως
3150 4322 3179 4374 6
3199 4318 3529 4383 Ἀπόστολος
3562 4316 3787 4372 καθυποο

524 4407 654 4462 vino
681 4404 941 4460 mandato
968 4405 1088 4461 viro
1116 4406 1367 4476 subjecta
1394 4419 1518 4462 esse
1547 4404 1801 4476 cmperit,
1842 4412 1897 4461 et
1936 4404 1991 4460 id
2026 4420 2115 4461 se-

524 4506 688 4554 cutus
731 4496 1029 4568 Apostolus
1070 4498 1317 4554 eamdem
1359 4497 1682 4569 subiecerit,
1722 4511 1824 4554 nec
1861 4497 1940 4553 illi
1981 4496 2113 4564 Deo,

523 4593 619 4665 qui
640 4593 816 4648 virum
843 4590 1464 4662 feminamquecondidit
1486 4592 1825 4649 contrarium
1850 4589 2115 4663 quiddam

526 4677 869 4748 praeceperit,
930 4674 1090 4746 plane
1138 4675 1288 4732 istud
1337 4668 1577 4744 indicat,
1631 4675 1879 4747 ejusdem
1926 4690 1987 4731 se
2022 4673 2117 4733 Dei

524 4769 833 4841 apostolum
859 4782 925 4823 ac
952 4766 1320 4840 legislatorem
1352 4782 1498 4833 esse,
1528 4783 1559 4822 a
1592 4780 1703 4839 quo
1742 4765 1827 4822 lex
1856 4764 1975 4837 ipsa
2002 4762 2111 4821 Ve-

524 4870 724 4935 tusque
757 4866 844 4918 est
873 4860 1284 4918 Testamentum
1317 4875 1481 4916 omne
1505 4858 1814 4915 derivatum
1844 4876 1855 4912 :
1885 4857 1974 4913 cui
1999 4856 2109 4914 No-

523 4970 652 5010 vum
693 4955 882 5023 etiam,
912 4952 1159 5026 adeoque
1185 4964 1479 5023 utrumque
1500 4950 1912 5009 Testamentum
1946 4949 2112 5006 tribui

521 5054 793 5117 oporteat,
832 5046 981 5118 quod
1014 5046 1322 5112 mulierem,
1351 5052 1412 5099 ut
1457 5042 1607 5105 olim,
1649 5044 1724 5096 ita
1760 5049 1814 5097 ct
1856 5055 2002 5095 nunc
2042 5039 2115 5096 ob

526 5137 671 5205 piam
708 5146 875 5208 atque
903 5137 1228 5209 aequabilem
1268 5135 1702 5193 moderationem
1749 5133 1869 5191 viro
1922 5134 2113 5192 subdi-

523 5239 638 5285 tam
663 5245 787 5287 esse
808 5230 1110 5305 praeiapiat.

598 5318 783 5375 Schol.
822 5318 892 5373 l6
936 5327 991 5374 et
1036 5320 1129 5375 24.
1170 5318 1247 5376 De
1290 5319 1695 5377 resurrectione
1741 5324 2106 5375 mortuorum.

525 5411 733 5469 Notum
761 5418 939 5464 autem
960 5409 1102 5465 vobis
1135 5411 1297 5479 facio,
1327 5392 1543 5483 fratres,
1576 5411 1944 5495 Euangelium,
1969 5408 2110 5482 quod
2150 5396 2155 5401 ’

602 5537 618 5567 ⁸
651 5532 841 5589 Matth.
873 5544 929 5592 ν,
958 5527 1047 5581 l7.

529 5605 617 5663 ιι.
697 5606 717 5637 ⁶
758 5600 935 5659 lCor.
975 5612 1087 5668 xw,
1121 5596 1210 5651 54.
1286 5599 1305 5627 τ
1344 5596 1477 5652 Gen.
1509 5614 1591 5666 ιιι,
1630 5598 1714 5653 16.

1193 5526 1214 5557 ⁸
1243 5527 1259 5580 l
1293 5526 1420 5581 Cor.
1454 5544 1565 5589 xw,
1599 5528 1663 5582 2|
1695 5546 1709 5593 ;
1752 5527 1854 5585 lsa.
1894 5540 2086 5594 uvul,
2128 5523 2214 5580 il.

2209 4413 2402 4469 τάσσει
2433 4412 2638 4486 ταύτην
2658 4429 2671 4445 ο
2707 4413 2809 4467 οὑκ
2838 4412 3135 4478 ἀντιθέτως
3164 4411 3243 4483 τῷ
3278 4413 3569 4482 ποιήσαντι
3599 4411 3686 4465 τὸν
3710 4409 3783 4463 ἄν·

2213 4505 2431 4578 θρωπον
2459 4507 2553 4561 καὶ
2580 4504 2678 4577 τὴν
2711 4508 2947 4575 γυναῖκα
2970 4505 3090 4577 Θεῷ
3122 4505 3285 4568 αὑτὸς
3316 4503 3582 4567 κελεύων,
3606 4504 3782 4557 δείκνυ-

2215 4613 2301 4650 σιν
2331 4596 2654 4663 ὲξάπαντος,
2685 4597 2768 4651 ὅτι
2821 4596 2915 4651 τοῦ
2962 4595 3125 4651 αὑτοῦ
3160 4594 3297 4650 Θεοῦ
3324 4596 3563 4668 ὑπάρχει
3592 4597 3620 4648 6
3646 4592 3783 4647 Ἀπό·

2217 4689 2402 4753 στολος
2422 4688 2718 4761 νομοθέτης
2734 4687 2892 4755 Θεοῦ,
2915 4681 2977 4744 οὗ
3001 4688 3095 4743 καὶ
3120 4689 3148 4741 6
3170 4688 3333 4759 νόμος
3353 4682 3443 4759 ἦν,
3473 4687 3624 4757 καὶὴ
3655 4686 3781 4738 πᾶσι

2216 4781 2429 4837 Παλαιὰ
2474 4781 2750 4854 Διαθήκησ
2786 4782 2882 4835 καὶ
2913 4780 3007 4835 τοῦ
3041 4778 3204 4835 αὑτοῦ
3246 4782 3282 4852 ἡ
3318 4778 3498 4851 Καινὴ
3540 4776 3778 4847 Διαθήκηο

2216 4869 2494 4927 τουτέστιν
2529 4872 2586 4925 αἱ
2616 4871 2709 4926 δύο
2735 4872 3023 4940 Διαθῆκαι,
3053 4875 3108 4926 αἱ
3139 4872 3237 4944 τὴν
3270 4874 3507 4941 γυναῖκα
3549 4869 3666 4923 τότε
3703 4866 3777 4921 καὶ

2220 4962 2314 5018 νῦν
2338 4961 2785 5030 καθυποτάξασαι
2817 4960 2896 5034 τῷ
2927 4962 3083 5035 ἀνδρὶ
3114 4962 3181 5016 δι’
3208 4962 3412 5034 εὐσεϐῆ
3441 4962 3537 5016 καὶ
3565 4959 3776 5031 ἀντίρρο-

2222 5070 2322 5108 πον
2342 5051 2613 5120 εὐταξίαν.

2292 5322 2369 5382 ις’
2399 5316 2495 5371 καὶ
2521 5316 2598 5370 κδ’
2630 5315 2780 5387 σχόλ.
2823 5315 2961 5388 Περὶ
2983 5282 3334 5375 ἁναστιασεως
3367 5311 3599 5385 νεκρῶν.
3633 5310 3678 5363 Γ
3677 5323 3767 5360 νω-

2208 5406 2347 5478 ρίζω
2377 5408 2446 5462 δὲ
2482 5407 2645 5474 ὑμῖν,
2677 5406 2952 5477 ἀδελφοὶ,
2986 5408 3051 5460 τὸ
3083 5405 3455 5475 Εὑαττέλιοε
3508 5403 3541 5455 ὃ
3562 5403 3772 5489 simu?-

2368 5524 2389 5557 ³
2423 5522 2567 5580 Psal.
2606 5538 2752 5594 serv,
2788 5522 2856 5580 ll)
2990 5522 3008 5555 ⁸
3043 5519 3180 5579 ibid.
3211 5520 3296 5577 ll.
3399 5523 3420 5556 '
3446 5520 3627 5579 Matth.
3663 5527 3769 5582 nu,
