3932 6064
187 168 314 227 797

923 178 1298 240 ADVERSUS
1336 181 1678 243 HERESES
1707 187 1838 247 LIB.
1878 187 1921 246 1.
1969 184 2133 244 TOM.
2176 183 2267 241 Ill.
2298 210 2369 226 -
2406 181 2679 242 II£RES.
2720 184 2883 240 XLII.

3395 144 3515 243 798‘

185 281 483 356 ,ιισάμην
528 287 673 358 ὕμιν
698 304 714 321 ο
745 289 862 358 καὶ,
894 292 980 348 ὅτι
1016 296 1092 349 Ei
1113 296 1368 365 Χριστὸς
1409 302 1523 356 οὐκ
1564 302 1786 375 ἐγήγερ-

1906 302 2193 375 ρναάίοαυί
2240 301 2406 360 vobis.
2437 298 2573 357 Item
2605 320 2621 358 :
2651 299 2713 357 Si
2754 300 2997 358 Christus
3020 262 3138 359 non
3182 304 3498 371 resurrexit,

186 392 323 442 ται,
346 377 625 448 μάταιον,
651 380 748 436 καὶ
777 380 846 437 τὰ
871 384 1019 456 ἑξῆς.
1049 387 1249 454 οὕτως
1268 392 1677 465 κηρύσσομεν,
1699 396 1800 451 καί

186 467 398 537 οὕτως
437 469 840 529 ἐπιστεύσατε
860 489 874 505 ο
912 476 1032 530 Ὅτι
1078 479 1335 547 Χριστὸς
1374 481 1658 552 ἀπέθανε,
1700 488 1801 544 καὶ
1860 487 1867 495 ’

187 563 425 634 dedier};
448 562 549 615 καὶ
571 563 884 635 ἐγήγερται
911 566 986 638 τῇ
1012 569 1177 640 τρίτη
1210 571 1610 644 ἠμέρᾳ.”οταν
1644 566 1800 635 δὲυτὸ

190 654 434 723 θνητὸν
459 653 635 710 τοῦτο
661 656 990 726 ἐνδύσηται
1011 661 1379 729 ἀθανασίαν-,ι
1393 668 1526 723 τότε
1551 670 1802 741 γενήσε-

190 762 298 800 ται
352 748 388 801 d
424 747 611 816 λόγος
646 750 681 803 ὁ
715 749 1158 822 γεγραμμένος·
1205 752 1520 830 Κατεπόθη
1555 764 1591 817 ό
1621 762 1802 821 θάνα-

190 852 307 903 τος
328 839 417 904 εις
441 833 631 903 νῖκος.
1776 856 1782 861 ”

278 934 358 993 ις’
393 932 487 984 καὶ
530 929 609 984 κδ’
634 928 816 1004 ἔλεγχ.
856 936 1125 1007 Γνωρίζω
1176 940 1246 997 δὲ
1294 943 1460 1015 ὑμῖν,
1501 945 1757 1019 ἀδελφοὶ
1780 990 1798 1017 ,

193 1019 279 1114 to,
307 1021 702 1092 Εὐαγγέλιον,
736 1025 770 1080 ὃ
800 1028 1296 1104 εὐηγγελισάμην
1324 1036 1489 1108 ύμῖν.
1530 1040 1594 1095 Et
1635 1041 1802 1114 εὐηγ-

193 1113 494 1184 γελίσατο,
545 1117 642 1172 καὶ
685 1119 821 1200 αὐτὸ
873 1122 1036 1177 πάλιν
1082 1128 1381 1200 γνωρίζει,
1424 1132 1527 1187 οὐκ
1575 1113 1798 1190 ἄλλοθεν

194 1205 558 1295 Εὐαγγέλιον,
588 1198 867 1285 οῦτε’ἀλλη
896 1215 1100 1283 γνῶσις
1129 1198 1271 1289 μετά
1299 1221 1399 1295 τὴν
1433 1223 1584 1295 μίαν,
1612 1227 1708 1281 καὶ
1736 1227 1798 1284 τὺ

194 1297 261 1351 ὲν
292 1289 452 1369 ᾧπερ
478 1300 831 1373 ὲντυγχάνειι
867 1305 958 1362 διά
982 1308 1092 1363 τῶν
1110 1289 1393 1385 τεσσάρων
1424 1289 1795 1387 Ῐιῖὐαγγελίων,

194 1387 300 1441 καὶ
343 1386 455 1442 τῶν
502 1389 816 1447 ἀποστόλων
836 1410 849 1424 ·
880 1395 970 1451 ἵνα
1009 1397 1207 1472 ἐλέγξῃ
1234 1400 1326 1457 τὸν
1370 1386 1674 1476 Μαρκίωνα
1705 1406 1797 1461 τὸν

198 1478 346 1548 μετά
373 1480 615 1537 τοσαῦτα
653 1481 751 1556 ἐτη
794 1485 1021 1557 ἥκοντα,
1055 1491 1194 1563 μετά
1227 1494 1451 1565 χρόνους
1476 1496 1572 1551 τοῦ
1600 1498 1797 1553 καλου-

199 1570 368 1639 μένου
398 1571 708 1645 ’Δνικήτου,
741 1576 836 1630 τοῦ
864 1579 1164 1653 Ῥωμαίων
1185 1585 1507 1655 ἐπισκόπου,
1530 1589 1625 1644 τοῦ
1654 1589 1797 1646 κατά

1903 397 2103 459 inanis,
2136 394 2249 452 etc.
2279 395 2370 449 Sic
2389 393 2765 467 pradicamus,
2796 403 2848 449 et
2876 395 2955 449 sic
2984 395 3319 450 credidistis:
3352 394 3494 460 Quo-

1900 489 2048 544 niam
2072 486 2324 543 Christus
2350 494 2591 541 mortuus
2630 497 2730 554 est,
2760 495 2811 540 et
2843 486 3100 552 sepultus,
3127 496 3176 542 et
3208 488 3497 542 resurrexit

1898 580 2063 634 tertia
2093 578 2199 634 die.
2236 576 2372 634 Cum
2409 586 2585 633 autem
2619 577 2851 631 mortale
2877 578 2974 631 hoc
3011 576 3243 633 induerit
3271 578 3493 631 imntor-

1899 670 2196 736 taiitatem,
2261 679 2386 723 tunc
2413 669 2501 739 ﬁet
2530 684 2734 736 sermo,
2768 669 2858 740 qui
2878 669 3104 739 scriptus
3142 679 3262 724 est:
3295 667 3494 723 Absora

1899 768 1994 829 pta
2016 768 2095 816 est
2129 776 2272 816 mors
2292 759 2347 815 in
2378 759 2598 815 victoria
2617 762 2659 815 ’.

1970 939 2160 998 Reint.
2203 940 2271 996 16
2312 948 2367 997 et
2402 940 2494 998 Ἡ.
2540 939 2743 996 Notum
2784 950 2957 995 autem
3000 948 3142 995 vobis
3180 940 3344 1008 facio,
3375 941 3488 1013 fra-

1900 1041 2030 1099 tres,
2088 1032 2433 1106 Evangelium
2493 1032 2634 1105 quod
2685 1034 2971 1104 pra‘dicavi
3040 1034 3204 1089 vobis.
3271 1032 3329 1087 Si
3386 1031 3491 1087 ali-

1897 1124 2122 1198 quando
2161 1124 2497 1196 pradicavit,
2530 1132 2585 1180 et
2609 1123 2664 1179 id
2686 1125 2861 1194 ipsum
2888 1131 3077 1179 notum
3097 1122 3246 1190 facit,
3277 1122 3488 1177 nullum

1897 1214 2122 1273 aliunde
2144 1215 2452 1272 derivatum
2487 1214 2837 1287 Evangelium
2881 1224 2986 1281 est,
3032 1215 3207 1270 aliave
3247 1213 3489 1284 cegnitio
3596 1228 3597 1235 η

1896 1316 2099 1379 praeter
2142 1324 2303 1363 unam
2340 1308 2511 1373 illam,
2566 1321 2847 1377 unumque
2870 1306 3026 1370 illud,
3064 1304 3213 1376 quod
3263 1307 3318 1359 in
3353 1319 3489 1374 qua-

1896 1407 2025 1456 tuor
2054 1398 2364 1471 Evangeliis
2409 1405 2465 1454 et
2525 1397 2792 1469 apostolis
2821 1397 3079 1451 omnibus
3111 1395 3333 1450 unicum
3380 1402 3517 1458 est“

1899 1490 1979 1547 Ex
2016 1506 2126 1562 quo
2158 1491 2367 1547 Marcio
2398 1488 2687 1557 refellitur,
2717 1491 2810 1562 qui
2846 1497 2998 1544 tanto
3040 1488 3327 1544 intervallo
3361 1503 3489 1567 pro;

1903 1580 2100 1649 dierit;
2159 1582 2417 1636 nimirum
2473 1588 2596 1652 post
2656 1582 2867 1636 Aniceti
2926 1580 3160 1635 Romani
3213 1578 3487 1650 pontiﬁcis

193 1658 456 1735 διαδοχὴν
503 1665 693 1720 ἐνάτου
738 1649 1034 1742 γενομένου
1063 1674 1171 1729 ἀπὸ
1208 1677 1310 1749 τῆς
1337 1678 1449 1732 τῶν
1480 1649 1786 1736 ἀποστόλων

1899 1679 2137 1743 tempus,
2171 1673 2266 1743 qui
2296 1673 2365 1726 ab
2393 1649 2769 1743 apdstotorum
2792 1671 2938 1727 Petri
2970 1686 3033 1726 ac
3054 1669 3205 1725 Pauli
3231 1670 3487 1741 passione

194 1752 412 1825 Πέτρου
443 1756 539 1809 καὶ
568 1758 782 1813 Παύλου
808 1761 1161 1831 τελειώσεως.
1178 1768 1270 1823 Διὸ
1292 1769 1795 1844 ἐπασφαλιζόμενος

192 1843 226 1895 6
252 1844 420 1908 αὐτὸς
451 1847 795 1914 Ἀπόστολος,
820 1851 973 1921 ἔλεγε
988 1870 1001 1884 ·
1025 1855 1156 1909 Κάν
1176 1875 1239 1912 τε
1262 1858 1455 1927 ἡμεῖς,
1478 1862 1516 1931 ἢ
1538 1843 1794 1934 ἄγγελος

193 1935 665 2007 εὐαγγελίσηται
697 1940 843 2011 ὑμῖν
866 1943 1006 2012 παρ’
1036 1943 1070 1998 ὃ
1100 1948 1485 2017 παρελάϐετε,
1524 1953 1793 2023 ἀνάθεμα

192 2024 355 2120 ἔστω
377 2043 391 2058 ο
424 2028 711 2120 γινώσκων
758 2033 1040 2106 Πνεύματι
1087 2037 1250 2111 ἀγίῳ,
1287 2041 1370 2096 ὅτι
1415 2044 1598 2115 μέλλει
1627 2047 1789 2120 Μαρ-

194 2116 463 2210 nitentia}.
493 2121 544 2174 oi
568 2123 691 2176 κατ’
723 2125 888 2179 αὑτὸν
911 2127 1256 2202 διαστρέψειν
1288 2133 1388 2203 τὴν
1418 2134 1535 2191 ὀδδν
1558 2137 1658 2210 τὴν
1691 2116 1791 2193 κα-

192 2204 304 2271 λῶς
332 2207 898 2283 ἐδραιωμένην.”Οθεν
922 2216 1106 2273 οὐκέτι
1133 2215 1303 2277 εἶπεν·
1324 2204 1789 2298 Εὐαγγελῖζομαι

192 2298 360 2368 ὑμῖν·
383 2299 521 2354 ἀλλά
537 2341 552 2365 ,
575 2303 846 2372 Γνωρίζω
865 2308 1010 2378 ὑμῖν
1026 2311 1094 2364 τὸ
1117 2314 1518 2385 eameam,
1541 2318 1642 2372 οὐκ
1660 2319 1788 2376 ἄλλο

193 2388 277 2454 ὃν,
309 2390 450 2482 ἀλλά
480 2392 509 2445 ὃ
534 2391 632 2465 ήδη
663 2394 1105 2474 εὐηγγελισάμην
1143 2403 1292 2473 ὑμῖν,
1320 2397 1383 2458 οῦ
1411 2405 1512 2479 τὴν
1540 2407 1788 2482 ὑπόμνη-

198 2496 282 2535 σιν
304 2480 437 2552 ὗμίν
469 2482 749 2555 ποιοῦμαι,
767 2486 1023 2560 Γνωρίζω
1050 2491 1179 2564 ὑμῖν
1199 2494 1305 2548 τίνι
1332 2493 1475 2568 λόγῳ
1498 2480 1787 2570 εὐηγγελι-

197 2571 382 2644 σάμην
415 2575 565 2645 ὑμῖν,
608 2579 660 2631 εί
706 2581 1027 2649 κατέχετε’
1069 2583 1246 2652 ἐκτὸς
1284 2590 1338 2640 εί
1367 2587 1455 2657 μὴ
1494 2590 1626 2661 είκῆ
1658 2593 1785 2648 ἐπι-

194 2666 515 2721 στεύσατε.
549 2666 613 2721 Εί
664 2668 738 2740 μὴ
790 2670 899 2744 γὰρ
945 2675 1226 2747 κατέχετε,
1254 2678 1331 2741 ὡς
1362 2681 1603 2754 ὲκήρυξα
1632 2684 1782 2756 ύμῖν,

195 2758 578 2850 χωρὶςναύτοῦ
623 2761 749 2850 είκῆ
777 2763 1157 2823 ἐπιστεύσατε.
1190 2769 1647 2849 Εὐηγγελισάμην
1674 2778 1783 2850 γὰρ

197 2847 348 2944 ὑμῖν,
369 2848 452 2944 ὅτι
477 2847 710 2944 ξριστθς
731 2850 1000 2944 ἀπέθανεν
1023 2856 1164 2930 ὑπὲρ
1188 2858 1298 2915 τῶν
1318 2847 1611 2944 αμαρτιῶν
1625 2868 1656 2939 ή
1665 2847 1782 2940 μῶν

196 2937 469 3049 mhi?
496 2940 740 3049 Γραῖἀςσ
772 2942 864 3049 ’ξαὶ
889 2944 994 3049 ,δτξ
1042 2950 1106 3049 ῖῇ
1142 2950 1296 3049 vita
1327 2937 1511 3028 ἦμέρε
1543 2937 1779 3031 ἐγήιερ·
1810 2988 1855 3049 ο

193 3048 287 3086 ται
321 3031 465 3085 κατά
491 3032 590 3096 τὰς
624 3034 867 3106 Γραφάς,
901 3040 996 3093 καὶ
1019 3041 1081 3093 ού
1115 3043 1259 3099 κατά
1293 3046 1484 3117 μῦθον,
1525 3052 1619 3106 καὶ
1664 3031 1828 3108 of)ka

194 3123 337 3178 κατά
366 3124 466 3197 τὴν
495 3125 841 3184 διδασκαλίαν
864 3131 974 3187 τῶν
1007 3132 1308 3205 μελλόντων
1340 3139 1434 3209 ἀφ’
1452 3141 1663 3198 ἑαυτῶν
1695 3144 1792 3199 λα-

194 3217 307 3271 λεῖν
328 3216 366 3272 ἃ
380 3218 472 3293 ,μὴ
495 3218 827 3292 γέγραπται.
848 3225 912 3278 Oi
935 3225 1034 3297 μὲν
1062 3226 1172 3300 γὰρ
1199 3230 1442 3286 Ἰουδαῖοι
1467 3234 1559 3304 ἀφ’
1580 3236 1789 3295 ἑαυτῶν

194 3313 413 3384 λέγουσι
454 3314 529 3387 μὴ
553 3318 851 3391 ἐγηγέρθαι
870 3335 885 3351 ·
917 3325 1187 3397 Μαρκίων
1218 3328 1275 3383 δὲ
1310 3330 1404 3384 καὶ
1432 3331 1480 3385 oi
1504 3330 1653 3386 ἄλλοι
1695 3331 1787 3386 λέ-

194 3422 386 3476 γουσιν
404 3408 497 3478 ἀφ’
520 3409 735 3467 ἑαυτῶν
757 3412 982 3487 δοκήσει
1003 3419 1354 3487 πεπονθέναι,
1381 3423 1474 3476 καὶ
1494 3422 1783 3494 τεθάφθαι.

208 3495 354 3565 Ἐγὼ
379 3497 439 3551 δὲ
466 3499 608 3554 κατά
631 3500 732 3566 τάς
760 3503 984 3575 Γραφάς
1013 3508 1385 3582 ἀσφαλίζομαι
1411 3512 1576 3584 ὑμᾶς.
1610 3512 1788 3580 Εὐθὺς

194 3587 307 3661 γὰρ
339 3589 614 3663 ἐπιφέρει,
651 3592 826 3664 λέγων
844 3614 860 3631 ο
890 3598 1090 3667 οὕτως
1113 3602 1524 3675 κηρύσσομεν,
1551 3606 1652 3662 καί
1683 3607 1788 3663 οὔ·

194 4050 470 4123 κήρυγμα
495 4054 665 4126 ἡμῶν
686 4073 701 4089 ·
728 4057 824 4112 καὶ
857 4058 996 4129 μετά
1019 4060 1195 4118 ταῦτα
1223 4065 1406 4120 πάντα
1422 4081 1437 4095 ·
1466 4066 1692 4137 Δεῖτὰρ
1714 4067 1783 4122 τὸ

192 4143 419 4212 θνητὸν
476 4147 655 4203 τοῦτο
696 4149 1072 4209 ἐνδύσασθαι
1111 4155 1454 4213 ἀθανασίαν
1477 4197 1495 4225 ,
1548 4158 1651 4215 και
1712 4159 1784 4216 τὸ

191 4236 458 4307 φθαρτὸν
485 4238 666 4295 τοῦτο
688 4240 1060 4301 ἐνδύσασθαι
1085 4246 1449 4319 ἀφθαρσίαν.

252 4505 373 4561 ,Καὶ
398 4505 500 4561 οὐκ
524 4501 644 4561 εἶπε
664 4549 679 4576 ,
706 4508 782 4567 Τὸ
808 4508 1004 4583 θνητὸν
1042 4511 1203 4568 τοῦτο
1225 4516 1474 4589 χωρῆσαι
1501 4517 1603 4590 τὴν
1635 4519 1775 4576 ἀθα-

189 4598 403 4663 νασίαν,
440 4597 473 4669 ἦ
503 4597 564 4653 τὸ
588 4599 824 4673 φθαρτὸν
847 4602 1008 4657 τοῦτο
1043 4606 1290 4678 χωρῆσαι
1316 4607 1416 4680 τὴν
1443 4610 1773 4682 ἀφθαρσίανο

189 4689 327 4747 ἀλλὰ
356 4688 419 4741 τὸ
443 4685 635 4758 θνητὸν
667 4691 761 4744 καὶ
782 4690 1060 4764 ἄφθαρτον
1098 4695 1423 4754 ἐνδύσασθαι
1461 4700 1777 4774 ἀφθαρσίαν

189 4781 283 4838 καὶ
307 4781 629 4837 ἀθανασίαν.
660 4783 819 4837 Ποῖον
844 4782 901 4838 δέ
936 4786 1054 4839 ἐστι
1079 4785 1272 4860 θνητὸν
1304 4790 1420 4844 ἀλλ’
1454 4790 1485 4864 ἢ
1520 4792 1582 4846 τὸ
1612 4794 1775 4867 σῶμα

187 4876 249 4928 τδ
273 4875 334 4928 ού
384 4874 642 4945 χωρῆσαν
671 4876 730 4928 ὲν
770 4876 920 4949 αὐτῷ
955 4877 1116 4949 μόνον
1143 4879 1447 4939 ἀθανασίαν
1466 4924 1482 4950 ,
1508 4886 1647 4943 ἀλλά
1675 4888 1773 4943 καὶ

186 4967 419 5036 οἰκῆσαν
440 5005 456 5030 ,
488 4966 586 5019 καὶ
631 4966 824 5038 μέλλον
861 4969 1142 5026 ἐνδύεσθαι
1191 4973 1291 5043 τὴν
1332 4974 1627 5033 ἀθανασίαν
1649 5020 1666 5045 ,
1709 4981 1771 5035 οὐ

187 5057 282 5113 τοῦ
309 5056 561 5129 σώματος
589 5045 1055 5133 ἀτωθαλλομένου,
1097 5064 1191 5117 καὶ
1220 5064 1320 5136 τῆς
1345 5066 1527 5140 ψυχῆς
1557 5069 1658 5142 τῆς
1694 5071 1771 5143 μὴ

187 5147 674 5221 ἁποθνησκούσης,
709 5150 1035 5223 ἐνδυομένης
1084 5153 1388 5211 ἀθανασίαν
1411 5197 1427 5222 ,
1487 5160 1623 5215 ἀλλά
1676 5162 1771 5217 τοῦ

188 5244 384 5316 θνητοῦ
416 5245 741 5316 ἐνδυομένου
790 5245 889 5317 τὴν
922 5247 1222 5301 ἀθανασίαν
1240 5287 1255 5312 ,
1285 5249 1382 5304 καὶ
1408 5250 1501 5304 τοῦ
1531 5251 1772 5323 φθαρτοῦ

186 5337 501 5409 ἀφθαρσίαν
524 5377 549 5407 ,γ
572 5336 818 5391 τουτέστι
850 5338 944 5393 τοῦ
983 5337 1271 5409 σώματος;
1313 5341 1491 5395 Αὑτοῦ
1534 5343 1643 5415 γάρ
1678 5346 1773 5401 καὶ

190 5426 418 5493 θάνατός
450 5427 571 5482 ἐστι
618 5428 713 5481 καὶ
738 5427 914 5500 φθορὰ
946 5428 1278 5500 πρόσκαιρος
1337 5428 1426 5485 διά
1474 5430 1575 5503 τὴν
1620 5432 1772 5488 λύσιν

1893 1778 2076 1820 nonus
2116 1763 2308 1819 ordine
2360 1771 2703 1823 numeratur.
2757 1761 3024 1829 Quocirca
3077 1772 3134 1817 ut
3189 1777 3291 1817 nos
3342 1761 3483 1817 idem

1893 1854 2249 1926 praemuniret
2282 1854 2600 1926 Apostolus,
2626 1855 2839 1910 aiebat:
2872 1852 3098 1907 Etiamsi
3122 1870 3237 1917 nos,
3267 1869 3359 1907 aut
3387 1871 3487 1907 an—

1890 1946 2039 2017 gelus
2062 1946 2503 2017 evangelisaverit
2534 1948 2676 2002 vobis
2706 1954 2900 2016 prater
2921 1961 3080 2016 quam
3110 1946 3248 2017 quod
3276 1947 3484 2016 accepi-

1890 2036 2012 2101 stis,
2036 2036 2319 2091 anathema
2341 2036 2414 2090 sit
2430 2036 2469 2091 ³.
2503 2033 2690 2090 Sancti
2713 2036 2915 2106 quippe
2948 2034 3188 2106 Spiritus
3211 2034 3478 2092 instinctu

1890 2134 2119 2184 noverat
2171 2135 2463 2183 venturum
2513 2127 2811 2199 aliquando
2842 2142 2967 2182 cum
3020 2127 3306 2198 discipulis
3344 2129 3486 2182 Mar-

1889 2217 2128 2285 cionem,
2162 2216 2256 2290 qui
2288 2217 2504 2288 egregie
2540 2216 2806 2271 munitam
2841 2216 2983 2271 viam
3016 2216 3323 2272 niterentur
3352 2232 3483 2286 per-

1888 2317 2123 2365 vertere.
2158 2308 2340 2376 Quare
2370 2325 2478 2364 non
2523 2310 2719 2366 iterum
2753 2309 2924 2373 dixit,
2963 2309 3283 2380 Evangelizo
3314 2310 3483 2378 vobis,

1887 2403 2005 2467 sed,
2034 2401 2235 2457 Notum
2268 2402 2410 2458 vobis
2437 2401 2577 2471 facio
2607 2399 2982 2471 Evangelium;
3015 2416 3122 2456 non
3155 2400 3300 2456 aliud
3329 2400 3399 2456 ab
3418 2416 3482 2457 eo

1890 2491 2083 2569 utique
2122 2496 2272 2568 quod
2317 2496 2430 2566 jam
2468 2493 2765 2567 praedicavi
2796 2495 2979 2560 vobis,
3019 2509 3084 2548 ac
3113 2494 3292 2549 denuo
3327 2494 3483 2549 vobis

1886 2588 1943 2644 in
1991 2587 2310 2645 memoriam
2339 2602 2556 2645 revoco.
2606 2587 2803 2643 Notum
2836 2586 2996 2642 vobis
3041 2585 3207 2652 facio,
3244 2599 3483 2656 quanam
3540 2609 3551 2621 ο

1886 2682 2101 2738 ratione
2156 2682 2643 2752 evangelizaverim
2706 2682 2881 2740 vobis.
2910 2679 3073 2752 365
3114 2681 3161 2735 si
3209 2680 3481 2746 retinetis,

1886 2774 1991 2829 nisi
2036 2776 2176 2844 {orte
2220 2774 2428 2844 frustra
2481 2771 2805 2828 credidistis.
2862 2770 2979 2828 Nisi
3029 2772 3175 2827 enim
3229 2772 3484 2825 retinetis

1884 2865 2349 2935 quemadmodum
2404 2864 2696 2936 praedicavi
2748 2863 2924 2931 vobis,
2977 2864 3099 2919 sine
3144 2864 3237 2917 illo
3280 2862 3484 2917 frustra

1886 2958 2221 3015 credidistis.
2256 2957 2369 3014 Hoc
2400 2959 2545 3014 enim
2575 2956 2824 3012 nuntiavi
2853 2956 3011 3012 vobis
3039 2973 3054 3011 :
3079 2954 3356 3011 Christum
3382 2971 3483 3025 pro

1889 3050 2135 3122 peccatis
2168 3050 2375 3105 nostris
2401 3048 2705 3106 secundum
2742 3048 3062 3118 Scripturas
3095 3048 3301 3103 abiisse
3327 3062 3481 3101 mor-

1889 3148 2020 3207 tem,
2050 3152 2115 3196 ‘ac
2147 3140 2450 3197 secundum
2491 3141 2713 3196 easdem
2748 3140 2910 3195 tentia
2952 3139 3043 3195 die
3092 3138 3483 3203 resurrexisse,

1888 3250 2002 3291 non
2045 3234 2351 3292 secundum
2382 3232 2622 3290 fabulam
2651 3233 2910 3303 aliquam,
2938 3232 3023 3311 uel
3055 3245 3244 3286 eorum
3277 3229 3485 3285 doctri-

1895 3341 2017 3383 nam
2065 3326 2157 3399 qui
2198 3342 2264 3383 ex
2305 3342 2428 3384 sese
2468 3342 2601 3398 qua:
2630 3326 2854 3380 minime
2888 3324 3094 3394 scripta
3135 3328 3265 3378 sunt
3291 3320 3483 3392 profe-

1885 3426 2027 3476 rent.
2076 3418 2290 3475 Etenim
2335 3418 2507 3475 Judaei
2547 3436 2615 3476 ex
2674 3434 2796 3476 sese
2847 3416 3129 3474 Christum
3172 3415 3483 3471 surrexisse

1887 3518 2116 3581 negant,
2145 3510 2350 3567 Marcio
2385 3526 2450 3567 ac
2479 3510 2660 3567 caueri
2688 3509 2916 3582 perinde
2950 3524 3014 3565 ex
3046 3522 3168 3565 sese
3191 3507 3373 3577 specie
3396 3514 3481 3559 te-

1886 3616 1993 3658 nus
2023 3617 2148 3658 esse
2175 3617 2500 3673 passumac
2540 3602 2815 3672 sepultum
2840 3600 3164 3672 praedicant.
3206 3597 3320 3670 Ego
3349 3611 3482 3651 vero

1884 3706 1954 3747 ex
1986 3690 2398 3762 Scripturarum
2422 3704 2520 3745 vos
2549 3691 2877 3745 auctoritate
2906 3688 3196 3755 conﬁrmo.
3230 3688 3307 3742 Ac
3339 3687 3474 3743 sub-

1696 3791 1744 3853 i;
1767 3808 1781 3824 ·
1884 3784 2013 3840 inde
2038 3783 2230 3839 scribit
2253 3799 2267 3835 :
2291 3781 2381 3839 Sic
2400 3779 2778 3853 prtvdicamus,
2805 3788 2855 3833 et
2876 3781 2955 3834 sic
2979 3779 3303 3843 credidistis,
3329 3778 3476 3844 Quo-

1884 3878 2032 3933 niam
2074 3874 2319 3931 Christus
2363 3882 2604 3928 mortuus
2643 3881 2742 3938 est,
2788 3881 2839 3926 et
2889 3872 3147 3940 sepultus,
3211 3878 3262 3923 et
3296 3884 3479 3923 resur-

1884 3970 2024 4026 rexit
2051 3967 2207 4024 tertia
2234 3964 2342 4023 die.
2372 3964 2439 4021 Et
2464 3965 2628 4037 paulo
2661 3971 2786 4035 post
2814 3981 2827 4018 :
2858 3959 2919 4017 Si
2948 3961 3148 4016 mortui
3173 3976 3275 4014 non
3309 3976 3480 4014 resur-

1881 4070 2037 4134 gunt,
2075 4077 2238 4132 neque
2282 4058 2529 4117 Christus
2558 4055 2871 4112 resurrexit.
2904 4052 2973 4108 Et
3005 4053 3054 4108 si
3091 4051 3336 4109 Christus
3375 4068 3479 4106 non

1884 4153 2202 4219 resurrexit,
2242 4152 2421 4207 inanis
2468 4159 2547 4206 est
2575 4148 2891 4221 praedicatio
2923 4155 3130 4202 nostra.
3175 4143 3314 4200 Tum
3355 4153 3481 4216 post

1884 4245 2002 4301 haec
2034 4244 2218 4301 omnia
2250 4260 2264 4298 :
2300 4242 2518 4313 Oportet
2563 4242 2702 4296 enim
2725 4237 2950 4295 mortale
2997 4236 3094 4292 hoc
3127 4236 3344 4291 induere
3375 4236 3479 4289 im-

1817 4335 2296 4404 Dmortalitatem,
2341 4342 2393 4388 et
2446 4329 2788 4400 corruptibile
2839 4329 2937 4384 hoc
2979 4328 3196 4386 induere
3244 4328 3479 4382 incorru-

1881 4428 2137 4499 ptionem.

1950 4518 2062 4574 Nec
2109 4518 2186 4572 ita
2232 4514 2372 4573 dixit
2418 4514 2689 4573 :Mortale
2738 4514 2844 4572 hoc
2909 4531 3106 4588 capere
3151 4513 3479 4570 immortali-

1877 4612 2085 4668 litatem
2135 4616 2233 4665 aut
2280 4607 2641 4680 corruptibile
2700 4608 2806 4665 hoc
2855 4623 3052 4679 capere
3110 4608 3478 4679 incorruptio-

1883 4717 2034 4768 nem,
2094 4700 2192 4758 sed
2224 4700 2458 4757 mortale
2491 4707 2546 4757 et
2573 4700 2930 4772 corruptibile
2965 4700 3193 4757 induere
3224 4700 3475 4756 incorru-

1879 4796 2120 4867 ptionem
2148 4801 2203 4851 et
2233 4783 2722 4851 immortalitatem.
2751 4793 2906 4862 Quod
2930 4802 3015 4850 est
3036 4800 3218 4849 autem
3244 4791 3475 4847 mortale

1880 4885 2012 4941 illud
2048 4884 2154 4942 nisi
2191 4897 2425 4955 corpus,
2456 4884 2603 4955 quod
2634 4884 3102 4940 immortalitatem
3124 4898 3236 4939 non
3281 4877 3474 4939 induat

1880 4975 2068 5039 modo,
2109 4975 2206 5030 sed
2231 4976 2289 5031 in
2312 4991 2374 5031 ea
2422 4977 2587 5032 etiam
2620 4975 2858 5031 habitet:
2890 4975 3037 5046 quod
3091 4975 3472 5032 immortalita-

1881 5078 2011 5132 tem,
2041 5068 2295 5138 inquam,
2321 5068 2467 5122 illam
2498 5069 2579 5125 sic
2609 5068 2829 5135 induat,
2860 5078 2919 5123 ut
2950 5083 3061 5123 non
3112 5069 3318 5138 tejecto
3350 5083 3471 5124 cor-

1882 5174 2035 5230 pore,
2065 5159 2247 5213 anima
2283 5160 2400 5217 sola
2434 5176 2557 5231 quae
2586 5160 2782 5215 mortis
2815 5168 2900 5216 est
2927 5175 3124 5231 expers
3144 5203 3159 5227 ,
3185 5160 3472 5216 immorta-
3530 5158 3539 5169 ’

1881 5254 2088 5308 htatem
2143 5250 2366 5320 induat;
2398 5253 2496 5309 sed
2546 5262 2605 5308 ut
2644 5253 2698 5309 id
2726 5253 2906 5325 ipsum
2945 5254 3093 5326 quod
3121 5255 3354 5311 mortale
3386 5262 3473 5311 est

1880 5343 2368 5410 immortalitatem,
2400 5353 2455 5401 et
2492 5347 2849 5417 corruptibile
2883 5346 3350 5419 incorruptionem
3385 5346 3469 5404 in-

1878 5436 2057 5494 duat:
2087 5435 2191 5491 hoc
2229 5444 2315 5492 est
2363 5452 2563 5509 corpus
2597 5439 2814 5511 ipsum;
2861 5440 3021 5513 cujus
3060 5439 3279 5517 propria
3321 5451 3471 5496 mors

262 5586 361 5644 ‘F.
398 5586 462 5640 τὸ
491 5584 549 5639 ’ἐν
573 5584 706 5657 ὅπερ
737 5586 794 5640 ἓν
823 5586 1098 5661 τυγχάνει.
1178 5590 1198 5621 ⁹
1234 5588 1406 5648 lCor.
1445 5606 1533 5658 xv,
1568 5596 1588 5647 Ι
1627 5608 1747 5665 sqq.
1776 5613 1786 5664 ;

1892 5611 1939 5651 e.
1978 5610 2099 5662 xm,
2137 5578 2219 5651 l4.
2303 5598 2322 5629 ³
2349 5596 2526 5657 Galat.
2565 5617 2604 5668 ι,
2640 5600 2695 5655 9.
