3932 6064
172 232 276 291 801

853 232 1223 289 ADVERSUS
1262 230 1601 287 IlASltESES
1638 231 1767 285 LIB.
1807 228 1850 285 1.
1891 229 2054 285 ΤΟΜ.
2087 228 2171 284 Ill.
2210 260 2275 270 —
2313 228 2587 285 HIERES.
2629 228 2785 285 XLII.

3317 233 3422 289 802

170 352 429 414 ἑαυτῶν.
460 349 595 405 ἀλλὰ
641 349 738 403 τοῦ
789 352 1006 421 Κυρίου
1040 350 1216 403 αὐτῶν
1276 348 1448 419 Ἰησοῦ
1497 347 1751 418 Χριστοῦ,

1882 346 2108 400 ebraret.
2145 342 2225 398 οι)
2259 344 2311 397 id
2345 342 2604 398 Ecclesia:
2644 358 2838 397 nomen
2889 358 3055 398 unum
3090 358 3295 401 omnes
3323 348 3424 400 im-

172 444 288 501 ἀπὸ
328 441 657 513 Ἀντιοχείας
710 442 1027 513 ἀρξαμένων
1060 438 1396 512 Χριστιανῶν
1441 437 1744 492 καλεῖσθαιο

172 533 316 602 ὅπερ
343 530 492 583 ἐστὶν
519 531 552 600 ἡ
584 529 718 599 μόνη
746 527 1004 598 καθολικὴ
1042 525 1333 596 Ἐκκλησία
1353 564 1367 591 ,
1405 526 1505 580 οὐκ
1546 526 1673 580 ἄλλο
1697 542 1751 578 τι

172 622 400 692 ἔχουσα,
436 620 572 674 ἀλλά
598 617 863 690 Χριστοῦ,
899 616 1237 688 Χριστιανῶν
1262 612 1394 670 οὖσα
1435 615 1748 687 Ἐκκλησία,

180 714 246 766 οὺ
278 710 532 781 Χριστῶν
557 750 573 772 ,
630 708 768 763 ἀλλά
783 706 1119 776 Χριστιανῶν
1143 722 1160 739 ο
1188 705 1284 760 τοῦ
1316 708 1413 777 μὲν
1444 706 1560 770 ἑνὸς
1590 706 1755 778 ὑπάρ-

174 818 391 874 χοντος,
420 799 524 852 τῶν
544 799 600 852 δὲ
628 798 737 852 ἀπὸ
761 796 853 850 τοῦ
879 796 995 859 ἐνὸς
1022 795 1359 867 Χριστιανῶν
1385 795 1549 850 καλου
1557 798 1751 864 μένων.

175 892 341 946 Μετά
372 889 576 959 ταύτην
610 887 668 941 δὲ
706 888 800 941 καὶ
821 886 1143 956 τοῦςσαύτῆς
1176 887 1423 957 κήρυκας
1461 887 1629 938 πᾶσαι
1666 884 1754 938 οὑ-

177 982 303 1036 κέτι
332 980 427 1034 τοῦ
461 977 625 1032 αὐτοῦ
663 975 1005 1049 χαρακτῆρος
1031 976 1351 1046 φαινόμεναι
1379 974 1467 1028 διά
1496 974 1603 1028 τῶν
1637 977 1757 1028 ἑπι-

181 1072 357 1126 θέτων
397 1069 677 1141 ὀνομάτων
718 1067 1067 1137 Μανιχαίων,
1114 1067 1207 1120 καὶ
1246 1065 1630 1136 Σιμωνιανῶν,
1664 1065 1757 1119 καὶ

181 1162 553 1217 Οὐαλεντίνων
573 1202 589 1226 ,
624 1159 718 1213 καὶ
766 1157 1092 1231 Ἐϐιωναίων
1111 1174 1126 1188 ο
1161 1149 1235 1210 ὧν
1262 1151 1343 1219 εἷς
1367 1156 1461 1210 καὶ
1484 1155 1569 1221 σὺ,
1600 1156 1759 1227 Map-

183 1250 342 1317 κίων,
372 1247 799 1323 ὑπάρχειςηΚαί
847 1262 941 1299 σου
972 1244 1034 1298 τὸ
1077 1244 1246 1315 ὄνομα
1296 1243 1680 1314 ὲπικέκληνται
1707 1244 1757 1296 οἱ

180 1339 295 1394 ὑπὸ
345 1339 439 1392 σοῦ
474 1334 814 1408 ἠπατημένοι
837 1375 852 1400 ,
881 1334 957 1399 ὡς
1004 1334 1225 1388 σεαυτὸν
1259 1332 1626 1405 κηρύξαντος,
1668 1332 1761 1387 καὶ

182 1431 308 1500 οὐχὶ
342 1429 598 1501 Χριστόν.
632 1423 767 1480 Εἶτά
784 1443 981 1495 φασιν,
1015 1426 1097 1479 ὅτι
1135 1424 1190 1477 '0
1230 1423 1373 1490 Θεὸς
1405 1426 1438 1477 ὁ
1474 1423 1658 1477 εἰπὼν
1693 1424 1760 1477 ἐκ

186 1523 453 1586 σκότους
486 1518 611 1589 φῶς
637 1518 886 1588 λάμψαι.
937 1517 994 1570 '0
1020 1515 1151 1578 Θεὸς
1183 1515 1241 1569 δὲ
1282 1516 1431 1579 ποῖος
1468 1514 1581 1569 ἀλλ’
1622 1516 1650 1568 ὁ
1683 1511 1762 1579 εἷς

188 1617 217 1668 ὁ
257 1616 319 1666 ὲν
345 1611 423 1682 τῷ
452 1611 702 1683 προφήτῃ
730 1609 911 1676 δείξας
950 1610 1015 1663 ἐκ
1057 1608 1278 1670 σκότους
1319 1606 1463 1676 φῶς,
1489 1608 1762 1661 τουτέστιν

1857 442 2189 505 posuerunt,
2208 449 2316 488 non
2357 449 2515 489 suum
2547 435 2752 503 utique,
2780 432 2874 488 sed
2896 433 3096 490 Christi
3117 433 3266 501 Jesu,
3296 450 3424 492 eum

1857 527 2156 582 Antiochiae
2195 527 2432 597 primum
2466 526 2727 596 appellari
2778 525 3073 580 Christiani
3122 538 3423 597 cmpcrunt.

1808 651 1818 663 ο
1857 618 2011 684 Quod
2045 617 2261 687 quidem
2294 616 2465 672 solam
2492 616 2560 670 ad
2598 616 2919 671 catholicam
2966 616 3261 672 Ecclesiam
3293 633 3426 671 con-

1835 708 2005 764 ‘venit
2031 750 2045 769 .
2072 724 2191 780 qua:
2225 708 2373 762 nullo
2397 708 2502 761 alio
2533 722 2695 777 quam
2721 706 2921 761 Christi
2955 709 3173 763 nomine.
3203 708 3430 778 praedito

1858 800 2298 855 Christianorum
2335 797 2607 863 Ecclesia,
2636 784 2743 851 non
2773 795 3117 852 Cbristorum
3140 838 3155 863 ,
3185 798 3385 852 dicitur
3411 812 3428 849 :

1860 890 1995 946 adeo
2041 898 2100 945 ut
2154 905 2276 945 cum
2314 905 2456 944 unus
2509 889 2598 944 ille
2635 889 2738 953 sit,
2788 888 2973 958 plures
3022 898 3201 944 tamen
3250 870 3318 943 ab
3366 904 3433 944 eo
3524 889 3549 900 “

1860 977 2155 1033 Christiani
2206 977 2575 1032 nominentur.
2624 976 2705 1030 Ab
2763 976 2866 1030 hac
2909 975 3152 1031 Ecclesia
3207 976 3435 1048 ejusque

1861 1067 2204 1139 praeconibus
2253 1066 2345 1122 ubi
2396 1065 2749 1129 discesseris,
2803 1065 3025 1135 reliqum
3059 1082 3251 1122 omnes
3289 1066 3435 1121 haud

1862 1158 2050 1213 eadem
2105 1164 2231 1211 nota
2285 1162 2571 1220 constant,
2618 1170 2740 1226 quae
2795 1155 3065 1225 adjunctis
3122 1157 3437 1235 nominibus

1866 1257 2029 1319 atque
2059 1247 2313 1317 epithetis
2353 1253 2649 1313 vocantur;
2693 1244 3112 1301 Manichaeorum
3150 1246 3437 1311 videlicet,

1869 1336 2307 1392 Simonianorum
2329 1378 2346 1404 ,
2379 1335 2791 1393 Valentinorum
2815 1376 2833 1404 ,
2862 1337 3239 1396 Ebionmorum
3260 1376 3275 1403 ,
3312 1338 3440 1408 qui-

1867 1428 1970 1483 bus
1999 1435 2053 1483 et
2080 1436 2159 1493 tu,
2187 1428 2409 1494 Marcio,
2435 1428 2877 1484 annumerandus
2911 1443 2973 1485 es
3002 1445 3016 1483 :
3051 1428 3210 1499 cujus
3241 1444 3438 1483 nomen

1869 1515 2177 1570 inscribunt
2205 1515 2240 1569 ii
2269 1514 2411 1579 sibi,
2442 1530 2581 1584 quos
2603 1525 2721 1569 tute
2751 1516 2804 1568 in
2832 1530 3071 1570 errorem
3113 1514 3390 1571 induxeris
3425 1534 3439 1570 :

1872 1614 2059 1676 utpote
2104 1605 2195 1677 qui
2247 1608 2519 1675 teipsum,
2560 1620 2669 1659 non
2723 1604 2999 1661 Christum
3043 1606 3441 1675 prmdicaveris.

190 1706 304 1759 ἀπὸ
331 1702 434 1772 τῆς
464 1701 573 1755 τῶν
599 1699 900 1772 ἀνθρώπων
936 1699 1192 1762 ἀπιστίας
1231 1700 1323 1753 καί¹
1346 1699 1617 1765 ἀγνωσίας
1646 1698 1762 1767 φῶς

1882 1696 2005 1750 Ιίιιιι
2033 1696 2248 1751 demum
2290 1696 2542 1765 inquiunt
2593 1715 2605 1750 :
2655 1695 2790 1749 Deus
2832 1697 2920 1764 qui
2964 1698 3097 1750 dixit
3129 1696 3191 1751 de
3223 1697 3447 1751 tenebris

190 1795 287 1849 καὶ
321 1792 524 1864 γνῶσιν
569 1794 628 1844 ἐν
672 1789 891 1865 Χριστῷ
918 1789 1137 1859 λᾶμψαν
1174 1792 1189 1821 ί
1240 1791 1299 1842 ὲν
1354 1791 1475 1853 ταῖς
1519 1778 1768 1860 καρδίαις

195 1885 359 1958 ἡμῶν
406 1884 515 1937 τῶν
562 1898 690 1934 ποτε
737 1879 904 1934 ὲθνῶν
957 1877 1510 1949 εἰδωλολατρούντων,
1565 1876 1659 1930 νῦν
1712 1877 1769 1930 δὲ

196 1975 334 2027 Θεὸν
371 1972 461 2025 τὸν
496 1971 617 2024 τότε
647 1972 704 2024 ὲν
740 1968 816 2039 τῷ
842 1969 1092 2039 προφήτῃ
1119 1967 1688 2038 προεπαγγειλάμενον
1710 1966 1771 2020 τὸ

196 2066 315 2137 φῶς
344 2062 537 2118 ἑαυτοῦ
568 2063 629 2115 ἐν
661 2060 739 2131 τῷ
765 2060 951 2131 κόσμῳ
982 2059 1192 2130 λάμψαι
1218 2076 1232 2123 ;
1261 2058 1337 2121 ὡς
1366 2059 1466 2111 οὐκ
1489 2058 1767 2127 ἀλλοτρίου

193 2157 349 2219 ὄντος
380 2152 624 2215 Παλαιᾶς
675 2152 769 2204 καὶ
801 2148 1011 2218 Καινῆς
1032 2148 1332 2219 Διαθήκης,
1363 2147 1438 2211 ὡς
1478 2148 1622 2217 ,ἡμῖν
1649 2145 1770 2209 ἔθος

196 2248 392 2316 γέγονε
423 2244 633 2297 πείθειν
657 2258 736 2305 σε,
762 2235 807 2294 ὦ
834 2240 1116 2312 Μαρκίων,
1148 2239 1239 2308 ἀφ’
1262 2233 1335 2292 ὧν
1365 2238 1507 2309 ἔχεις
1526 2254 1773 2309 γεγραμ-

202 2338 383 2408 μένων
414 2335 684 2404 λειψάνων
730 2331 824 2385 τοῦ
872 2329 1201 2399 Εὐαγγελίου
1227 2368 1240 2393 ,
1271 2329 1364 2382 καὶ
1415 2327 1488 2413 μὴ
1522 2328 1628 2380 ὑπὸ
1678 2327 1771 2381 σοῦ

197 2419 535 2480 ἀπατᾶσθαι.

1872 1786 2228 1856 splendescere
2244 1787 2431 1840 lucem.
2465 1787 2598 1852 Quis
2620 1786 2707 1840 hic
2737 1786 2880 1843 Deus
2907 1797 2990 1843 est
3043 1788 3149 1843 nisi
3184 1805 3327 1845 unus
3359 1790 3449 1845 ille

1872 1878 1964 1948 qui
1991 1876 2132 1946 apud
2167 1876 2460 1947 pr0phetas
2487 1891 2517 1931 e
2548 1877 2787 1933 tenebris
2822 1878 3004 1933 lumen
3040 1880 3319 1934 ostendit?
3343 1880 3449 1934 hoc

1874 1978 1956 2024 est
1987 1984 2049 2022 ex
2085 1967 2369 2021 hominum
2420 1966 2741 2024 inﬁdelitate
2770 1978 2826 2024 et
2867 1970 3083 2026 inscitia
3105 2010 3120 2035 ,
3159 1985 3256 2040 per
3291 1970 3453 2026 Chri-

1876 2067 2020 2115 stum
2053 2058 2228 2113 lucem
2260 2072 2323 2111 ac
2362 2057 2648 2117 scientiam
2681 2060 2736 2113 in
2781 2059 3037 2116 cordibus
3071 2061 3277 2116 nostris
3304 2060 3454 2116 exci-

1877 2148 2025 2203 tavit.
2050 2147 2152 2215 Qui
2189 2163 2311 2203 cum
2332 2148 2457 2203 olim
2482 2150 2621 2205 inter
2639 2158 2826 2221 gentes
2843 2166 3255 2207 numeraremur
3284 2151 3455 2206 simu-

1849 2238 2044 2296 .lacris
2068 2240 2348 2305 addictos,
2400 2241 2565 2295 Deum
2600 2242 2749 2295 illum
2780 2242 2942 2297 modo
2973 2256 3322 2305 veneramur,
3359 2243 3452 2311 qui

1880 2344 1977 2399 per
2006 2330 2320 2400 pr0phetam
2360 2333 2535 2387 lucem
2564 2347 2717 2387 suam
2756 2332 3033 2386 illaturum
3080 2347 3202 2387 sese
3250 2331 3456 2386 mundo

1881 2422 2227 2490 promiserat,
2256 2430 2316 2476 ut
2350 2423 2621 2495 intelligas
2661 2423 2912 2479 eumdem
2961 2440 3137 2495 neque
3167 2440 3197 2478 a
3235 2423 3455 2505 Veteri,

204 2531 382 2587 neque
405 2530 435 2569 a
462 2512 611 2567 Novo
641 2511 988 2568 Testamento
1018 2507 1283 2564 dissidere
1314 2526 1325 2561 :
1357 2507 1410 2562 id
1432 2505 1578 2577 quod
1608 2506 1776 2563 certis
1816 2508 1913 2564 tibi
1954 2510 2259 2567 rationibus
2302 2512 2533 2568 suadere
2552 2555 2567 2579 ,
2593 2513 2795 2569 Marcio
2815 2554 2830 2579 ,
2878 2517 3117 2570 solemus
3136 2557 3152 2581 ,
3212 2530 3278 2570 ex
3349 2514 3457 2568 illis

205 2613 342 2683 ipsis
372 2607 646 2679 Evangelii
674 2605 953 2677 reliquiis,
986 2618 1106 2675 quae
1132 2603 1273 2674 apud
1305 2614 1357 2659 te
1402 2604 1618 2674 scriptae
1648 2604 1996 2677 reperiuntur
2024 2645 2042 2673 ,
2078 2622 2257 2678 neque
2302 2608 2495 2665 fraude
2564 2618 2658 2664 tua
2704 2588 2820 2667 nos
2879 2611 3263 2666 circumveniri
3315 2613 3457 2681 pati-

204 2722 348 2763 mur.
1018 2734 1021 2735 ν
1230 2739 1246 2754 .

276 2802 325 2865 γ’
352 2795 446 2848 καὶ
472 2793 552 2857 κζ’
579 2791 723 2863 σχόλ.
750 2792 1029 2861 Ἔχοντες
1054 2790 1122 2845 δὲ
1146 2791 1210 2845 τὸ
1233 2790 1376 2846 αὐτὸ
1408 2792 1644 2862 πνεῦμα
1669 2792 1778 2861 τῆς

208 2889 467 2950 πίστεως
500 2883 597 2938 καὶ
645 2884 816 2952 ἡμεῖς
848 2884 1207 2952 πιστεύομεν
1232 2899 1247 2913 ο
1303 2882 1394 2936 διὸ
1429 2883 1526 2936 καὶ
1557 2875 1779 2939 λὶῖλοῦ-

203 2996 339 3049 μεν.
388 2974 637 3044 Ἐξέκοψε
671 2975 727 3028 δὲ
751 2974 832 3037 τὸ,
870 2975 1018 3027 κατὰ
1043 2973 1108 3027 τό
1136 2973 1559 3043 γεπφαμμένον,

276 3076 326 3137 γ’
355 3067 450 3121 καὶ
484 3064 564 3129 κζ’
597 3064 773 3134 ἕλεγχ.
807 3064 882 3116 Οὐ
920 3062 1199 3132 δοθήσεται
1229 3080 1311 3116 σοι
1332 3065 1492 3127 τόπος
1508 3054 1570 3117 ’ὲν
1602 3061 1682 3127 οἷς
1711 3062 1777 3117 ἂν

207 3160 555 3231 τολμήσειας.
586 3158 702 3211 Κάν
745 3172 806 3209 τε
850 3155 959 3225 γὰρ
989 3155 1224 3225 ἐκκόψῃς
1251 3155 1310 3208 τὸ
1330 3197 1345 3219 ,
1391 3156 1541 3209 κατὰ
1585 3155 1650 3209 τό
1683 3172 1778 3225 τε·

208 3248 568 3321 τραμμένον,
597 3246 846 3316 φαίνεται
880 3247 913 3317 ἡ
940 3246 1039 3315 τῆς
1068 3248 1562 3319 προγεγραμμένης
1584 3246 1780 3313 λέξεως

208 3338 519 3397 ἀκολουθία.
569 3336 701 3390 Ἀπὸ
752 3334 845 3388 τοῦ
896 3335 1043 3405 γὰρ,
1109 3336 1469 3390 Ἐπίστευσα
1497 3376 1511 3401 ,
1545 3336 1637 3391 διὸ
1683 3336 1783 3390 καὶ

207 3431 490 3497 ἐλάλησα
512 3469 527 3493 ,
567 3426 728 3488 εὐθὺς
770 3424 872 3485 τὰ,
895 3423 985 3477 ῐσα
1027 3424 1328 3493 ἐπενέγκας
1378 3428 1406 3478 ὁ
1464 3425 1795 3489 ’Λπόστολος

156 3514 167 3519 λ
212 3523 317 3593 ἔφη
337 3539 350 3552 ·
387 3522 668 3588 Ἔχοντες
694 3517 760 3570 τὸ
789 3516 943 3571 αὐτὸ
987 3506 1221 3586 πνεῦμα
1253 3515 1365 3583 τῆς
1396 3519 1659 3583 πίστεως·
1684 3516 1783 3573 καὶ

209 3612 386 3683 ἡμεῖς
422 3611 813 3679 πιστεύομεν,
858 3602 1095 3662 ὅιάκαὶ
1151 3608 1478 3677 λαλοῦμεν.
1524 3608 1693 3661 Παντὶ
1725 3606 1782 3660 δέ
1856 3616 1859 3619 ’

210 3719 293 3771 τῳ
326 3698 496 3768 σαφές
526 3700 641 3752 ἐστι
669 3696 847 3758 τοῦτο,
868 3684 962 3749 ¹ὅτι
996 3696 1056 3748 ὲν
1085 3694 1163 3765 τῷ
1194 3696 1469 3767 ἑκατοστῷ
1500 3713 1785 3750 πεντεκαι-

211 3791 426 3861 δεκάτῳ
453 3787 653 3859 ψαλμῷ
700 3789 758 3841 ὲν
804 3786 883 3856 τῷ
928 3786 1027 3857 τὴν
1082 3784 1390 3857 ἐπιγραφὴν
1436 3786 1785 3853 Ἁλληλούϊιι

214 3882 416 3954 ἔχοντι,
451 3880 549 3950 τῆς
589 3879 645 3931 δὲ
672 3877 765 3931 τοῦ
800 3876 964 3930 Δαόὶδ
996 3875 1179 3947 βίϐλου
1208 3875 1339 3940 ὄντι,
1377 3876 1468 3928 καὶ
1502 3877 1593 3929 ὑπ’
1621 3874 1784 3929 αὐτοῦ

216 3969 741 4045 προπεφητευμένῳ,
775 3971 803 4022 ὁ
827 3967 984 4037 λόγος
1026 3964 1141 4029 τοῦ,
1160 3966 1530 4022 Ἐπίστευσα
1560 3965 1677 4019 ἐστὶ
1698 3982 1786 4033 γε·

217 4062 558 4137 γραμμένος.
591 4060 875 4113 Ὀθενεκαὶ
902 4060 930 4111 ὁ
970 4058 1289 4120 ’Δπόστολος
1324 4055 1484 4109 ἔλαϐε
1512 4056 1572 4109 τὸ
1603 4056 1787 4127 ῥητὸν,

218 4157 317 4221 καὶ
340 4152 540 4223 ὁμοίως
568 4151 671 4223 ἔφη
700 4150 790 4213 τὸ,
821 4149 918 4204 Διὸ
962 4150 1327 4218 πιστεύομεν
1360 4149 1457 4201 καὶ
1486 4146 1657 4217 ἡμεῖς
1690 4148 1787 4201 καὶ

218 4244 549 4313 λαλοῦμεν,
573 4238 652 4305 εἷς
678 4241 753 4294 ὢν
775 4239 865 4294 τοῦ
891 4239 1123 4312 ἀριθμοῦ
1147 4240 1255 4292 τῶν
1275 4239 1602 4293 ἀποστόλων.
1629 4237 1790 4293 Ὅθεν

1957 2794 2141 2852 Schol.
2170 2797 2205 2851 '5
2234 2804 2286 2851 et
2315 2794 2404 2847 27.
2438 2792 2698 2849 [labentes
2741 2802 2916 2848 autem
2951 2800 3186 2851 eumdem
3214 2799 3458 2867 spiritum

1890 2884 2009 2949 ﬁdei
2062 2894 2113 2939 et
2149 2902 2243 2939 nos
2284 2883 2579 2945 credimus,
2624 2894 2833 2952 propter
2857 2886 2994 2954 quod
3030 2897 3077 2940 et
3116 2887 3378 2957 loquimur
3412 2893 3457 2945 '.

1887 2975 1987 3031 Ubi
2017 2992 2178 3032 voces
2208 2976 2329 3030 illas
2352 2976 2596 3039 sustulit,
2645 2976 2782 3029 sicut
2812 2979 3068 3045 scriptum
3091 2988 3191 3033 est.

1952 3066 2135 3123 Refut.
2171 3069 2206 3121 5
2244 3074 2297 3121 et
2330 3066 2422 3121 27.
2448 3066 2787 3135 Quocunque
2829 3067 3112 3122 audaciam
3156 3078 3303 3125 tuam
3330 3084 3462 3126 con-

1882 3158 2132 3222 verteris,
2187 3159 2394 3211 nullum
2436 3172 2545 3227 quo
2600 3166 2649 3209 te
2688 3157 2898 3213 inseras
2946 3159 3151 3213 aditum
3194 3161 3460 3217 invenies.

1885 3250 2010 3305 Sive
2055 3249 2198 3305 enim
2247 3248 2338 3303 illa
2391 3246 2586 3314 verba,
2621 3248 2755 3301 sicut
2793 3249 3048 3317 scriptum
3088 3259 3198 3317 est,
3243 3253 3461 3315 deleas.

1884 3337 2320 3395 antecedentium
2369 3338 2661 3393 verborum
2704 3336 2823 3407 ipsa
2856 3338 3027 3395 series
3057 3350 3298 3409 apparet.
3333 3340 3465 3397 Post
3578 3370 3591 3382 -

1884 3431 1997 3486 haec
2017 3430 2159 3486 enim
2190 3428 2355 3485 verba
2389 3447 2402 3484 :
2434 3427 2667 3494 Credidi,
2688 3438 2899 3499 propter
2920 3432 3059 3501 quod
3084 3431 3286 3485 locutus
3315 3449 3461 3498 sum,

1884 3521 2115 3578 subinde
2139 3521 2369 3591 :equalia
2402 3521 2739 3591 subjungeus
2764 3525 2838 3575 ait
2868 3521 3163 3593 Apostolus
3196 3540 3207 3576 :
3248 3522 3463 3577 [laben-

1885 3622 1960 3665 tes
1990 3610 2225 3664 eumdem
2265 3609 2509 3678 spiritum
2549 3610 2678 3678 ﬁdei
2705 3617 2755 3663 et
2790 3625 2883 3663 nos
2920 3611 3214 3676 credimus,
3256 3619 3468 3678 propter

1884 3702 2021 3771 quod
2053 3702 2336 3770 loquimur.
2381 3698 2551 3754 Nemo
2584 3708 2763 3755 autem
2786 3700 2916 3754 illud
2951 3701 3215 3769 ignorate
3255 3701 3467 3771 psalmo

1885 3808 2009 3855 cxv,
2034 3792 2121 3846 cui
2152 3791 2473 3860 inscriptum
2506 3797 2590 3844 cst
2622 3790 2883 3856 Alleluia,
2917 3778 3120 3862 quique
3156 3794 3210 3846 in
3248 3789 3466 3845 Davidis

1887 3883 2028 3937 libro
2072 3881 2289 3952 legitur,
2314 3870 2368 3935 et
2408 3880 2548 3934 inter
2576 3879 2695 3947 ejus
2724 3881 2949 3943 oracula
2980 3890 3236 3936 censetur
3255 3920 3270 3943 .
3301 3883 3464 3935 verba

1889 3972 1979 4026 illa
2008 3986 2130 4027 esse
2170 3972 2519 4040 deprompta,
2552 3969 2788 4035 Credidi,
2820 3979 2926 4026 etc.
2954 3972 3111 4049 Unde
3137 3979 3190 4027 et
3233 3972 3466 4041 Aposto-

1888 4064 1974 4118 lus
2004 4062 2269 4133 ejusmodi
2303 4061 2629 4117 sententiam
2654 4062 2971 4127 transtulit,
3004 4078 3066 4118 ac
3098 4063 3349 4117 similiter
3370 4078 3467 4117 ex-

1888 4155 2087 4227 pressit
2120 4173 2133 4209 :
2173 4155 2393 4226 Propter
2417 4157 2555 4228 quod
2587 4156 2846 4210 credimus
2892 4164 2940 4208 et
2984 4154 3148 4225 368
3188 4169 3280 4207 nos
3310 4162 3361 4207 et
3390 4153 3469 4206 lo-
3524 4168 3535 4180 '

1890 4246 2100 4314 quimur
2132 4258 2151 4297 .°
2184 4246 2274 4300 ille
2318 4246 2539 4316 inquam
2590 4243 2822 4306 Paulus,
2852 4244 2942 4312 qui
2987 4258 3051 4296 ex
3093 4242 3466 4312 apostolorum

218 4338 284 4391 (οὐ
310 4335 505 4403 λέγει·
534 4333 625 4386 Διὸ
673 4333 766 4387 καὶ
817 4334 1134 4396 ἐπίστευσα,
1192 4331 1287 4384 καὶ
1336 4330 1594 4401 ἐλάλησαν
1625 4329 1777 4396 ἀλλὰ,

1893 4352 2121 4391 numero
2168 4353 2311 4393 unus
2344 4337 2571 4392 exstitit.
2626 4336 2829 4390 Idcirco
2876 4350 2983 4389 non
3019 4335 3157 4390 dixit
3192 4354 3205 4388 :
3242 4333 3470 4403 PrOptcr

234 4424 434 4495 Ἡμεῖς
459 4422 840 4490 πιστεύομεν,
874 4420 966 4475 διὸ
995 4421 1092 4475 καί
1115 4420 1451 4489 ·λιιλοῦμεν,
1487 4421 1574 4473 ἴνα
1602 4420 1792 4473 ἑαυτὸν

225 4516 368 4589 μετά
412 4515 521 4568 τῶν
568 4514 743 4568 ἄλλων
794 4512 1106 4567 ἀποστόλων
1160 4512 1393 4583 συνάψῃ.
1440 4512 1547 4565 Καί
1587 4527 1787 4581 φησιν·

226 4611 517 4677 Ἔχοντες
559 4604 628 4657 δὲ
659 4603 725 4657 τὸ
754 4604 897 4680 αὐτὸ
930 4602 1193 4672 πνεῦμιν
1236 4603 1322 4655 ἵνα
1351 4602 1499 4673 δείξῃ
1542 4602 1601 4654 τὸ
1631 4603 1687 4654 ἐν
1714 4601 1792 4671 τῷ

224 4698 391 4754 Δαῆὶδ
410 4698 647 4767 λαλῆσαν
663 4695 883 4768 Πνεῦμα
907 4694 969 4748 τὸ
998 4694 1125 4748 αὐτὸ
1145 4693 1204 4747 ὂν
1228 4695 1450 4765 Πνεῦμα
1474 4694 1567 4747 καὶ
1596 4695 1651 4746 ὲν
1681 4695 1793 4756 τοῖς
1856 4708 1869 4716 ο

224 4790 541 4852 ἀποστόλοις
570 4829 585 4852 ,
641 4790 732 4856 ἀφ’
782 4782 951 4856 οὗπερ
1005 4785 1126 4838 τότε
1176 4786 1383 4849 ἐκεῖνος
1439 4784 1794 4856 προφητεύων

226 4883 543 4934 ἐπίστευεν·
593 4880 650 4934 ὲν
701 4872 746 4946 ᾧ
808 4877 1085 4947 Πνεῦματι
1142 4878 1236 4930 καὶ
1290 4877 1442 4930 αὐτοὶ
1492 4876 1644 4940 ὄντες
1702 4894 1795 4930 πι-

229 4970 477 5024 στεύουσι
503 4969 597 5023 καὶ
640 4965 876 5021 λαλοῦσι.
920 4966 1095 5041 Πολλὴ
1131 4966 1188 5019 δὲ
1215 4966 1397 5019 ἀδικία
1449 4967 1544 5020 καὶ
1605 4949 1795 5023 πλεον-

228 5061 367 5125 εξία,
397 5059 473 5123 ὡς
505 5060 697 5122 εἰπεῖν,
729 5057 814 5110 ὂιά
839 5055 1123 5127 νοημάτων
1138 5059 1180 5108 ².
1210 5056 1312 5107 Τοῦ
1335 5056 1441 5127 γὰρ
1470 5057 1792 5110 Ἀποστόλου

229 5150 284 5201 ἓν
318 5152 411 5203 καὶ
438 5146 501 5200 τὸ
532 5145 663 5200 αὐτὸ
693 5145 911 5216 Πνεῦμα
940 5144 1267 5214 φάσκοντος,
1305 5144 1420 5207 πῶς
1450 5147 1483 5216 ή
1522 5144 1612 5198 τοῦ
1640 5148 1797 5218 Μαρ-

229 5240 422 5301 κῐωνος
451 5238 627 5300 ἄνοια,
649 5234 981 5307 ὁμολογοῦσα
1009 5235 1192 5290 τοῦτον
1218 5236 1306 5288 τὸν
1333 5233 1489 5302 λόγον
1519 5234 1611 5287 τὸν
1641 5234 1795 5302 ἅγιον

243 5327 560 5380 Ἀπὸστολον
592 5326 867 5396 εἰρηκέναι
893 5364 907 5389 ,
935 5325 1107 5396 τολμᾷ
1144 5326 1320 5393 λέγειν
1349 5324 1476 5379 ἄλλο
1508 5321 1645 5378 εἶναι
1675 5326 1796 5379 τότε

238 5417 288 5473 τὸ
323 5417 566 5489 Πνεῦμα,
594 5417 689 5469 καὶ
723 5415 848 5469 ἀλλο
870 5416 930 5469 τὸ
956 5419 1011 5470 ἐν
1037 5420 1147 5481 τοῖς
1176 5416 1489 5480 ἀποστόλοις
1506 5420 1534 5482 ;’

1897 4430 2040 4499 quod
2070 4438 2122 4483 et
2152 4428 2380 4493 credidi,
2410 4437 2463 4482 et
2496 4429 2711 4483 locutus
2746 4442 2887 4500 sum,
2922 4427 3013 4483 sed
3034 4468 3048 4491 ,
3071 4428 3180 4481 Nos
3212 4427 3470 4489 credimus

1894 4527 2104 4589 propter
2130 4518 2268 4589 quod
2307 4527 2357 4572 et
2400 4519 2681 4587 loquimur,
2723 4526 2782 4571 ut
2815 4533 2874 4574 se
2918 4533 3041 4572 cum
3080 4518 3304 4588 reliquis
3341 4532 3471 4586 apo-

1898 4611 2052 4666 stolis
2106 4609 2479 4679 conjungeret.
2527 4611 2706 4676 Quare
2755 4609 2827 4663 ita
2890 4610 3142 4679 scripsit,
3212 4608 3470 4662 Habentes

1899 4698 2135 4753 eumdem
2177 4683 2456 4769 spiritum,
2488 4707 2565 4753 out
2611 4698 2918 4754 ostenderet
2945 4700 3094 4753 illum
3139 4700 3344 4769 ipsum,
3379 4701 3482 4775 qui.

1901 4803 1998 4858 per
2052 4787 2312 4844 Davidem
2364 4788 2721 4858 loquebatur,
2771 4804 2868 4857 per
2924 4790 3200 4859 apostolos
3255 4804 3475 4859 quoque

1906 4874 2169 4947 Spiritum
2189 4893 2311 4933 esse
2330 4877 2572 4932 locutum
2599 4896 2612 4933 :
2644 4879 2802 4947 cujus
2825 4878 2913 4933 ille
2935 4880 3208 4947 quondam
3235 4879 3470 4949 impulsu

1904 4968 2207 5025 vaticinans
2236 4968 2493 5034 credidit,
2525 4979 2580 5025 et
2628 4971 2696 5025 ad
2730 4970 2981 5025 eumdem
3013 4971 3473 5051 pel‘tinentes'isﬁ

1905 5060 2067 5115 modo
2104 5059 2335 5115 credunt
2366 5069 2420 5115 et
2448 5062 2767 5129 loquuntur.
2792 5058 3053 5115 Versatur
3079 5069 3257 5115 autem
3286 5061 3341 5114 in
3370 5061 3475 5115 hoc

1891 5150 2025 5205 'loco
2081 5150 2415 5222 intelligendi
2463 5167 2529 5206 ac
2565 5151 2881 5222 disputandi
2931 5166 3183 5221 perversa
3226 5151 3475 5221 quaedam

1904 5255 1968 5295 ac
2019 5239 2227 5296 fraudis
2272 5242 2430 5311 plena
2462 5243 2622 5297 ratio.
2660 5242 2793 5297 Nam
2817 5258 2941 5298 cum
2983 5242 3272 5312 Apostolus
3305 5259 3472 5298 unum

1904 5332 2263 5399 eumdemque
2316 5329 2578 5401 Spiritum
2639 5346 2762 5388 esse
2817 5332 3067 5396 deﬁniat,
3122 5348 3255 5403 qua-
3298 5331 3477 5388 inelite

1904 5437 2093 5478 vecors
2128 5422 2215 5478 ille
2256 5422 2498 5490 Marcio,
2548 5424 2639 5497 qui
2688 5425 2834 5480 illam
2874 5440 3187 5496 germanam
3226 5424 3474 5499 Apostoli

300 5578 314 5608 ³
348 5574 408 5630 F.
446 5572 689 5647 λάμψας,
732 5572 825 5629 sed
866 5572 1021 5629 deest
1042 5522 1268 5645 aliquid.
1347 5578 1368 5608 ²
1407 5572 1468 5629 F.
1496 5574 1894 5647 διανοημάτων.
