4008 6078
539 226 642 284 803

1935 213 1995 266 S.
2036 205 2378 267 EPIPHANII

3584 204 3605 233 ί
3688 198 3798 255 80$

539 308 840 398 (irationem
870 352 990 393 esse
1018 340 1207 406 negat,
1236 331 1400 387 alium
1433 336 1563 383 tunc
1593 326 1856 397 Spiritum
1922 325 2093 384 fuisse
2115 364 2130 391 ,
2204 337 2368 396 quam
2420 334 2511 390 qut
2547 296 2823 388 apostolis.
2859 310 3116 384 deinceps
3164 314 3439 380 adfuerit,
3492 329 3663 373 ausus
3712 325 3801 372 eet

541 434 785 509 proﬁteri
800 432 825 486 *ἒ

723 548 964 620 Epistola
987 545 1056 600 ad
1080 544 1363 607 Romanos,
1385 555 1502 611 qute
1529 548 1606 595 est
1634 539 1814 594 ordine
1843 536 1870 592 Ι
1886 536 1947 592 γ.
2139 541 2186 597 Α

613 661 729 717 lloc
756 661 898 714 enim
928 655 1120 711 ordine
1146 669 1177 709 a
1215 651 1490 707 Mareione
1536 649 1759 721 ponitur
1802 666 1815 702 :
1858 662 1928 703 ne
1991 645 2131 717 quid.

540 761 748 811 rectum
778 749 919 821 apud
951 748 1101 802 illum
1130 760 1193 800 ac
1228 757 1544 816 germanum
1573 740 1906 811 reperiatur.

615 841 798 898 Schol.
836 840 860 892 1
896 846 950 893 et
979 837 1071 891 28.
1113 835 1421 904 Quicunque
1457 832 1569 885 sine
1604 832 1712 901 lege
1753 834 2122 899 peccat-erunt,

543 935 654 987 Sine
686 931 793 1001 lege
821 938 868 983 et
910 926 1174 996 peribunt.
1215 922 1283 977 Et
1314 922 1609 993 quicunque
1649 920 1706 972 in
1742 917 1852 989 lege
1886 932 2127 985 peccave-

2324 530 2436 600 Τῆς
2466 530 2617 600 πρὸς
2648 527 2971 605 Ῥωμαίοος
3002 525 3284 594 τετάρτης
3306 486 3689 595 ζΕειτιστολῆς.

2295 642 2484 706 Οὕτως
2506 641 2616 713 γάρ
2650 642 2766 694 ἔστι
2800 639 2949 711 παρὰ
2994 637 3071 709 τῷ
3092 637 3381 707 Μαρκίωνι
3416 638 3675 709 κειμένη,
3714 639 3799 693 ἵνα

2229 735 2392 805 μηδὲν
2417 731 2576 803 ὀρθὸν
2609 730 2738 801 παρ’
2766 729 2915 800 αὐτῷ
2950 728 3058 800 εἴη.

2293 824 2343 882 α’
2375 825 2470 879 καὶ
2506 829 2592 893 κη’
2639 821 2787 893 σχόλ.
2829 822 3003 876 Ὅσοι
3044 820 3278 890 ἀνόμως
3322 819 3620 890 ἥμαρτον,
3660 820 3799 875 ἀνόο

2218 935 2346 989 μως
2380 916 2480 971 καὶ
2515 912 2912 971 ἀπολοῦνται·
2942 912 3044 967 καὶ
3073 911 3207 967 ὅσοι
3226 912 3298 966 ἐν
3319 912 3481 982 νόμῳ
3512 911 3796 981 ἥμαρτον,

544 1033 687 1088 runt,
705 1037 794 1091 per
813 1019 973 1090 legem
990 1009 1523 1086 judicabantur.Nan
1545 1010 1679 1063 enim
1709 1008 1976 1061 auditores
2001 1006 2126 1076 legis

2255 1008 2325 1061 ne
2354 1006 2540 1076 νόμον
2584 1003 2991 1072 κριθήσονται.
3026 1005 3109 1058 Οὐ
3137 1004 3250 1073 τὰρ
3288 1006 3344 1058 οὶ
3393 1004 3677 1072 ἀκροαταὶ
3700 1004 3800 1058 νό-

545 1116 677 1182 ium'
704 1111 843 1183 apud
876 1109 1041 1164 Deum
1059 1148 1075 1174 ,
1105 1105 1194 1162 sed
1224 1107 1446 1176 factores
1472 1101 1598 1171 legis
1617 1097 2054 1170 justi/imbuatur
2082 1097 2123 1152 ί.

620 1309 802 1367 Refut.
825 1308 850 1363 1
878 1314 932 1361 et
960 1304 1050 1360 28.
1076 1302 1132 1358 Si
1159 1301 1469 1373 quicunque
1497 1284 1619 1354 sine
1652 1296 1770 1360 lege
1798 1299 2125 1366 peccarunt,

551 1405 670 1460 sine
702 1403 815 1471 lege
847 1396 1073 1471 perituri
1108 1401 1258 1457 sunt,
1278 1390 1524 1463 profecto
1554 1389 1641 1443 lex
1679 1388 1909 1443 salutem
1936 1385 2127 1439 obser—

553 1500 677 1548 vata
707 1490 981 1550 conciliat.
1006 1502 1108 1541 nec
1130 1500 1227 1540 eos
1260 1483 1354 1553 qui
1386 1487 1606 1536 servant
1636 1477 1817 1548 perire
1844 1474 2125 1546 permittit.

554 1588 684 1640 item
724 1582 769 1636 si
802 1581 895 1651 qui
927 1579 982 1633 in
1015 1578 1130 1647 lege
1156 1578 1488 1645 peccarunt,
1522 1584 1618 1640 per
1648 1570 1819 1639 legem
1845 1562 2129 1636 judicandi

553 1684 709 1738 sunt,
757 1672 925 1743 judex
960 1670 1122 1739 igitur
1169 1662 1667 1734 transgressiouum
1718 1659 1805 1714 lex
1856 1666 1977 1722 est,
2010 1669 2132 1726 qua:

557 1780 665 1824 non
702 1763 978 1818 interitum
1015 1757 1167 1811 affert
1205 1770 1271 1810 ex
1319 1768 1474 1818 sese,
1524 1751 1617 1805 sed
1659 1748 1955 1820 legitimum
1985 1745 2133 1816 judi—

554 1856 698 1911 cium
728 1856 975 1912 exercet,
1009 1847 1183 1916 dcque
1217 1844 1285 1898 iis
1317 1844 1408 1913 qui
1460 1840 1717 1895 mandata
1767 1837 2021 1893 violarint
2040 1836 2131 1906 ju-

546 1954 698 2013 stan.
735 1940 1097 2012 cognitionem
1127 1934 1381 1989 instituit.
1429 1929 1553 1985 Non
1595 1930 1735 1984 enim
1764 1927 2031 1982 auditores
2060 1925 2135 1979 le-

557 2038 636 2109 gis
657 2033 791 2111 justi
823 2028 962 2100 apud
993 2027 1157 2081 Deum
1177 2064 1192 2088 ,
1220 2023 1309 2078 sed
1344 2024 1570 2111 [actores
1599 2020 1725 2090 legis
1761 2017 2136 2088 justiﬁcabun-

561 2104 666 2181 tur.
703 2104 821 2178 Jam
857 2132 1160 2189 vero_cum
1225 2116 1310 2170 lex
1344 2104 1528 2169 'factis
1578 2111 1820 2183 praestita
1878 2108 2136 2163 factorem

560 2221 736 2287 ipsum
765 2211 1059 2283 justillcet,
1094 2222 1201 2261 non
1232 2205 1432 2275 injusta
1453 2243 1468 2266 ,
1502 2216 1677 2272 neque
1701 2198 2015 2271 pmnitenda
2054 2198 2141 2273 les

558 2306 686 2373 erit,
718 2308 938 2374 prapter
960 2314 1124 2370 quam
1170 2298 1302 2368 justi
1337 2295 1513 2359 fiunt,
1543 2295 1634 2365 qui
1664 2292 1713 2348 ei
1740 2291 2139 2360 obtemperant.

561 2400 831 2455 Caeterum
858 2392 929 2447 ad
959 2394 1128 2463 legem
1163 2390 1360 2444 attinet
1386 2388 1519 2443 fides
1562 2386 1723 2442 etiam
1768 2385 1823 2439 in
1863 2380 2141 2437 Christum

565 2493 621 2547 in
655 2485 842 2545 eadem
891 2486 1008 2556 lege
1038 2482 1298 2554 praedicta
1321 2522 1336 2547 ,
1368 2480 1487 2535 sine
1525 2492 1635 2548 quo
1662 2473 1956 2546 justificari
1984 2484 2144 2527 nemo

568 2588 771 2654 potest;
806 2589 858 2643 et
891 2578 942 2632 ei
971 2579 1194 2645 insuper
1219 2573 1533 2644 quicunque
1554 2644 1560 2654 Α
1582 2567 1908 2630 crediderit,
1938 2566 2146 2634 absque

567 2644 701 2746 legis
759 2644 855 2726 illo
905 2644 1218 2725 testimonio
1260 2644 1561 2734 justiticari
1608 2659 1827 2730 nequit;
1886 2656 2146 2728 quoniam

569 2745 820 2825 Christus
848 2763 983 2834 legis
1016 2758 1473 2828 complementum
1500 2760 1617 2817 est,
1649 2759 1710 2805 ut
1740 2747 2034 2818 Apostolus
2060 2745 2147 2802 his

512 2840 515 2845 ⁴
572 2860 753 2915 verbis
773 2854 1011 2911 declarat
1040 2870 1053 2904 :
1080 2848 1361 2903 Plenitudo
1384 2845 1511 2915 legis
1532 2842 1777 2899 Christus
1800 2848 1877 2894 est
1899 2837 1967 2892 ad
1984 2837 2151 2908 justi-

571 2954 701 3004 tiam
728 2950 771 3001 '.
806 2943 970 3015 369
995 2939 1206 3007 Quibus
1239 2937 1368 2991 illud
1401 2935 1632 2997 indicat,
1679 2932 1798 2988 sine
1828 2932 1944 3000 lege
1988 2939 2153 2999 atque

572 3039 789 3095 Christo
817 3036 1023 3090 nullam
1044 3023 1673 3100 essejustitiam.Neqtie
1701 3022 1846 3079 enim
1871 3018 2153 3092 Judu'iqtti

572 3130 849 3188 Christum
875 3124 1183 3197 repudiant,
1214 3122 1334 3178 sine
1362 3134 1430 3175 eo
1457 3116 1947 3189 iustificabuntur;
1979 3128 2156 3184 neque

573 3232 629 3278 tu
660 3217 1058 3292 iustificaberc,
1092 3212 1327 3277 Marcio,
1359 3210 1452 3281 qui
1483 3209 1652 3280 legem
1681 3208 1937 3278 abnegas.

647 3310 833 3367 Schol.
865 3309 902 3362 ‘2
932 3315 986 3363 et
1011 3305 1103 3360 ‘29.
1136 3302 1484 3360 Circumcisio
1512 3300 1649 3354 enim
1679 3297 1888 3367 prodest
1920 3296 1968 3350 si
1992 3296 2156 3364 legem

574 3402 779 3474 facias;
817 3399 865 3453 si
889 3405 1064 3451 autem
1095 3392 1476 3462 prwvaricator
1523 3390 1597 3443 sis
1626 3388 1752 3458 legis
1775 3427 1788 3453 ,
1819 3385 2150 3469 circumcisio

578 3498 670 3541 tua
697 3485 1015 3555 prwputium
1039 3482 1185 3550 [acta
1209 3488 1287 3532 est
1322 3478 1365 3532 ³.
1676 3486 1681 3491 ·

649 3575 831 3631 Refut.
871 3573 908 3627 2
958 3580 1013 3626 et
1052 3570 1144 3627 29.
1188 3565 1636 3638 Quandoquidem
1683 3564 2028 3636 profuturam
2052 3565 2161 3620 cir-

578 3666 968 3724 cumcisionem
1017 3660 1312 3733 Apostolus
1341 3658 1686 3729 pronuntiat,
1715 3656 1840 3727 quis
1863 3656 2161 3712 fructuosis

580 3760 746 3816 rebus
792 3754 1122 3812 calumniam
1168 3761 1382 3808 struere
1446 3750 1684 3805 audeat?
1731 3747 1888 3804 Hunc
1939 3748 2162 3819 quidem

581 3850 851 3922 serpentis
906 3845 1139 3902 similem
1189 3848 1405 3915 Oportet
1459 3856 1614 3906 esse,
1651 3855 1682 3895 a
1735 3855 1845 3912 quo
1895 3855 2072 3915 neque
2105 3847 2163 3894 tu

581 3941 879 4003 abhorres,
910 3935 1137 3991 Marcio.
1189 3931 1470 4004 Siquidem
1523 3932 1614 3987 ille
1648 3930 1739 3987 Dei
1776 3931 1943 3987 verba
1980 3930 2167 3986 deter-

580 4048 755 4107 quens
803 4029 966 4085 Evam
1001 4025 1358 4099 persuasione
1401 4038 1501 4079 sua
1545 4023 1793 4094 decepit,
1826 4022 1901 4077 ita
1928 4022 2167 4093 compcl-

490 4182 497 4191 ,
583 4129 751 4182 laus:
794 4120 1145 4193 Nequaquam
1197 4114 1567 4169 moriemini‘.
1616 4112 1827 4169 Etenim
1871 4112 2167 4184 Apostolus

586 4222 756 4287 legem
778 4214 848 4269 ad
876 4210 1352 4269 circumcisionem
1377 4204 1668 4271 astrinxit,
1702 4212 1759 4261 et
1790 4203 2168 4260 circumcisio-

588 4324 710 4363 nem
745 4306 850 4376 legi
896 4310 1320 4360 consentaneum
1357 4311 1480 4353 esse
1506 4295 1862 4360 monstravit,
1895 4294 2169 4366 ejusdem-

587 4414 695 4470 que
748 4396 1065 4452 mandatum
1117 4409 1240 4451 esse
1271 4390 1401 4455 Dei,
1452 4389 1546 4461 qui
1593 4397 1648 4444 et
1694 4387 2167 4444 circumcisionem

588 4490 718 4546 olim
748 4486 1020 4550 instituit,
1049 4493 1104 4542 et
1142 4485 1315 4555 legem
1354 4479 1593 4555 praesidii
1618 4494 1786 4536 causa
1814 4479 1974 4544 tulit,
2007 4477 2169 4547 cujus

591 4580 854 4638 beneflcio
912 4577 1155 4634 creditus
1215 4574 1470 4630 Christus
1521 4571 1871 4628 credentibus
1924 4568 2165 4641 perfecta

590 4688 819 4748 quaeque
855 4670 1039 4727 dicere
1065 4683 1131 4723 ac
1161 4665 1342 4722 facere
1369 4664 1640 4725 concedit.

664 4785 850 4843 Schol.
893 4785 929 4840 5
958 4790 1012 4839 et
1057 4780 1148 4837 30.
1202 4777 1467 4834 Habentes
1506 4756 1949 4846 informationem.
1989 4776 2173 4845 cogni-

552 4890 560 4905 ‘
592 4877 752 4935 tionis
776 4888 825 4930 et
862 4872 1100 4930 veritatis
1124 4872 1179 4926 in
1215 4868 1325 4941 lege
1341 4869 1386 4924 ⁸.

665 4988 849 5046 Refut.
877 4988 912 5043 5
932 4993 986 5042 et
1011 4985 1100 5041 50.
1137 4982 1195 5039 Si
1225 4981 1467 5053 cognitio
1512 4978 1952 5036 informationem
1995 4979 2173 5035 couti-

596 5094 689 5140 net
726 5125 740 5144 .
774 5083 947 5137 forma
978 5092 1109 5134 vero
1151 5076 1221 5133 ab
1268 5073 1655 5131 informatione
1690 5072 1899 5139 oritur;
1934 5070 2173 5148 Aposto-

597 5177 635 5231 li
672 5190 832 5245 porro
862 5172 1174 5244 cognitione
1216 5183 1280 5223 ac
1327 5166 1555 5222 veritate
1584 5163 1795 5236 praediti
1820 5179 1885 5219 ex
1918 5163 2052 5234 legis
2091 5162 2176 5217 in-

2220 1114 2342 1167 μου
2373 1095 2589 1150 δίκαιοι
2643 1095 2805 1164 παρὰ
2843 1093 2925 1159 τῷ
2962 1091 3119 1159 Θεῷ,
3166 1094 3304 1148 ἀλλ’
3331 1096 3387 1148 οὶ
3425 1094 3665 1163 ποιηταὶ
3699 1094 3799 1148 rd.

2221 1205 2342 1256 μου
2378 1186 2896 1256 δικαιωθήσονται.
2955 1194 2973 1213 τ

2298 1274 2347 1330 α’
2380 1278 2473 1332 καὶ
2495 1284 2581 1346 κη’
2618 1277 2796 1346 ἔλεγχ.
2823 1277 2885 1329 El
2915 1276 3029 1330 ὅσοι
3048 1274 3264 1347 ἀνόμως
3289 1275 3556 1348 ἥμαρτον,
3587 1276 3800 1347 ἀνόμως

2228 1369 2324 1425 καὶ
2348 1369 2673 1424 ἀπολοῦνται
2696 1410 2711 1432 ,
2744 1368 3015 1441 σωτηρίας
3043 1371 3072 1422 ό
3098 1368 3261 1439 νόμος
3289 1367 3574 1441 παραίτιος
3602 1367 3800 1437 φυλατ-

2228 1465 2485 1532 τόμενος,
2515 1461 2608 1516 καὶ
2656 1460 2876 1532 μηὲῶν
2900 1460 3025 1524 τοὺς
3050 1459 3417 1529 φυλάττοντας
3447 1459 3797 1514 ἀπόλλυσθαι.

2230 1553 2341 1606 Καὶ
2372 1555 2420 1605 εἰ
2445 1553 2494 1606 οἱ
2521 1550 2608 1605 διὰ
2643 1552 2806 1623 νόμον
2840 1545 3261 1621 ἁμαρτήσαντες
3287 1549 3376 1603 διὰ
3402 1550 3567 1620 νόμον
3614 1545 3801 1619 κριθή-

2233 1660 2436 1709 σονται,
2464 1643 2591 1712 Δἄρα
2633 1642 2822 1715 κριτὴς
2868 1642 2977 1695 τῶν
3009 1640 3373 1713 παραϐάσεων
3403 1641 3433 1693 ὁ
3472 1641 3637 1708 νόμος
3656 1678 3672 1701 ,
3703 1639 3800 1692 οὐκ

2233 1736 2505 1800 ἀπωλείας
2527 1735 2622 1800 ὣν,
2656 1734 2792 1789 ἀλλὰ
2821 1732 3234 1805 δικαιοκρισίας,
3264 1732 3426 1795 ὁσίως
3453 1718 3658 1803 κρίνων
3682 1732 3800 1793 τοὺς

2234 1826 2704 1898 παραϐεϐηκότας.
2744 1826 2826 1879 Οὐ
2853 1823 2964 1894 γὰρ
2990 1827 3043 1878 οὶ
3068 1822 3351 1891 ἀκροαταὶ
3376 1823 3565 1893 νόμου
3590 1823 3799 1878 δίκαιοι

2235 1918 2394 1986 παρὰ
2415 1915 2555 1983 Θεῷ,
2585 1915 2723 1972 ἀλλ’
2743 1918 2799 1970 οι
2823 1914 3058 1983 ποιηταὶ
3079 1916 3264 1983 νόμου
3293 1912 3797 1982 δικαιωθήσονται.

2236 2010 2299 2062 Εἰ
2327 2008 2383 2061 δὲ
2423 2006 2742 2078 ποιούμενος
2761 2008 2790 2060 ό
2817 2006 2979 2077 νόμος
3010 2005 3209 2059 δικαιοῖ
3240 2005 3331 2059 τὸν
3359 2005 3684 2074 ποιήσαντα,
3711 2003 3800 2056 οὐκ

2238 2098 2419 2162 ἄδικος
2445 2100 2473 2152 ὁ
2497 2098 2690 2170 νόμος,
2724 2096 2848 2150 οὔτε
2877 2096 3108 2166 φαῦλος,
3139 2096 3204 2150 δι’
3242 2095 3301 2149 ὃν
3330 2099 3379 2150 οἱ
3412 2095 3692 2159 τελοῦντες
3706 2094 3802 2146 τὸν

2239 2188 2402 2260 νόμον
2450 2186 2648 2242 δίκαιοι
2686 2186 3060 2241 καθίστανται.
3105 2188 3199 2241 Ἐκ
3246 2187 3303 2240 δε
3334 2187 3430 2240 τοῦ
3476 2188 3645 2257 νόμου
3695 2187 3802 2239 ἐστὶ

2241 2280 2335 2335 καὶ
2357 2283 2391 2352 ή
2422 2281 2501 2344 είς
2538 2279 2772 2350 Χριστὸν
2805 2278 3253 2351 προφητευσμὲνη
3299 2278 3505 2342 πίστις’
3546 2279 3714 2350 χωρἰς
3748 2270 3803 2331 οὗ

2241 2376 2302 2429 οὐ
2327 2374 2745 2445 δικαιωθήσεται
2774 2373 2949 2437 οὐδεὶς
2968 2412 2983 2435 ,
3030 2374 3124 2426 καὶ
3162 2375 3219 2426 ὲν
3260 2365 3305 2441 ᾧ
3330 2371 3627 2437 πιστεύσας
3663 2372 3806 2441 παρὰ

2242 2467 2341 2540 τὴν
2362 2466 2454 2521 τοῦ
2484 2465 2647 2538 νόμου
2678 2465 3160 2538 προφητεύομένην
3196 2466 3498 2536 μαρτυρίαν
3520 2505 3536 2529 ,
3567 2463 3631 2518 οὐ
3659 2462 3806 2518 δύναο

2245 2579 2334 2615 ται
2365 2560 2527 2615 πάλιν
2559 2559 2932 2623 δικαιοῦσθαι,
2968 2559 3017 2629 (ὃ
3067 2560 3182 2630 καὶ)
3216 2559 3292 2622 ὡς
3330 2555 3698 2630 πληρώματος
3730 2554 3807 2609 δν-

2244 2670 2338 2716 τος
2380 2652 2473 2706 τοῦ
2511 2648 2875 2723 Χριστοῦτοῦ
2906 2650 3071 2721 νόμου
3102 2649 3245 2704 κατὰ
3270 2649 3333 2703 τὸ
3363 2648 3519 2720 παρὰ
3544 2647 3624 2719 τῷ
3662 2649 3809 2701 Ἀπο-

2249 2742 2419 2813 στόλῳ
2461 2741 2768 2813 είρημένον,
2823 2742 2905 2794 ὅτι
2933 2738 3228 2808 Πλήρωμα
3243 2739 3428 2808 νόμου
3456 2736 3711 2806 Χριστὸς
3733 2737 3813 2800 είς

2249 2835 2643 2901 δικαιοσύνην
2665 2874 2681 2898 ,
2713 2832 3014 2897 δεικνύντι,
3049 2832 3133 2886 ὅτι
3183 2830 3312 2885 ἄνευ
3350 2830 3514 2902 νόμον
3550 2832 3647 2884 καὶ
3684 2829 3811 2900 Χρι-

2253 2927 2378 2982 στοῦ
2432 2927 2533 2981 οὐκ
2571 2925 2650 2980 ἔνι
2687 2926 3020 2995 δικαιοσύνη.
3063 2923 3202 2978 Οὔτε
3247 2923 3355 2994 γὰρ
3410 2921 3657 2975 Ἰουδαῖοι
3694 2920 3816 2974 ἄνευ

2252 3018 2490 3092 Χριστοῦ
2525 3017 2973 3090 δικαιωθήσονται
3013 3015 3087 3088 μὴ
3128 3014 3381 3077 λαϐόντες
3422 3008 3818 3085 Χριστὸν,οὖτε

2256 3110 2344 3175 σὺ,
2374 3108 2637 3181 Μαρκίων
2661 3148 2677 3172 ,
2711 3104 3050 3179 δικαιωθήσῃ
3078 3102 3487 3176 ἀπαρνούμενος
3514 3101 3609 3155 τὸν
3640 3099 3817 3171 νόμον.

2329 3283 2373 3353 β’
2403 3282 2499 3336 καὶ
2527 3280 2608 3335 κθ¹
2643 3279 2791 3352 σχόλ.
2844 3278 3129 3351 Περιτομὴ
3165 3279 3283 3349 μὲν
3314 3278 3425 3351 τὰρ
3442 3276 3679 3347 ὠφελεῖ,
3720 3274 3823 3330 ἐὰν

2257 3378 2445 3445 νόμον
2478 3372 2764 3442 πράσσῃς
2783 3388 2797 3402 ·
2831 3370 2940 3425 ἐὰν
2982 3369 3051 3424 δὲ
3093 3368 3436 3439 παραϐάτης
3506 3371 3696 3439 νόμον
3728 3361 3820 3440 ᾖς.

2259 3463 2541 3534 περιτομή
2575 3479 2692 3517 σου
2722 3460 3092 3541 ἀκροϐυστία
3121 3459 3387 3532 γέγονεν.

2332 3574 2377 3646 β’
2404 3575 2498 3628 καὶ
2523 3573 2603 3627 κθ¹
2627 3573 2805 3643 ἑλεγχ.
2826 3573 2889 3626 El
2910 3570 3269 3641 ἀποτραίνεται
3291 3572 3320 3625 ό
3347 3571 3499 3640 ἅγιος
3516 3571 3827 3634 Ἀπόστολος

2218 3724 2223 3728 ,
2260 3668 2359 3740 τὴν
2397 3666 2700 3739 περιτομὴν
2730 3665 3053 3737 ὠφελήσειν,
3085 3665 3171 3728 τίς
3197 3667 3255 3719 ὲν
3281 3666 3393 3727 τοῖς
3422 3665 3694 3733 ὠφελοῦσι
3723 3662 3828 3734 μῶ-

2267 3775 2365 3831 μον
2385 3757 2640 3829 θήσειεν;
2674 3755 2833 3809 Ἀλλὰ
2862 3757 2911 3809 εί
2937 3754 3045 3826 ἄρα
3065 3752 3337 3826 ὅμοιοςτῷ
3363 3753 3485 3823 δφει
3511 3755 3827 3825 γενήσεταιδ

2264 3850 2450 3914 ἔοικας
2483 3849 2592 3920 γὰρ
2619 3847 2815 3919 τούτῳ,
2840 3841 2886 3902 ὦ
2910 3847 3193 3914 Μαρκίων.
3231 3847 3496 3909 Κάκεῖνος
3523 3846 3657 3915 γὰρ,
3687 3848 3831 3900 ἀντι-

2267 3943 2514 4014 στρέφων
2530 3941 2600 3995 τὰ
2629 3940 2780 4012 παρὰ
2802 3938 2936 3993 Θεοῦ
2958 3938 3240 4011 εἰρημένα,
3264 3938 3562 4011 παρέπειθε
3578 3939 3679 4009 τὴν
3698 3936 3833 3993 Εὔαν

2266 4033 2439 4103 λέγων
2457 4048 2471 4063 ·
2523 4034 2606 4086 Οὐ
2651 4030 2885 4096 θανάτῳ
2908 4026 3346 4085 “datatim-£7008.
3397 4028 3580 4099 Νόμον
3621 4029 3730 4100 γὰρ
3771 4028 3831 4096 τῇ

2266 4125 2538 4197 περιτομῇ
2564 4122 2839 4193 συνέδησε,
2862 4123 2955 4176 καὶ
2974 4118 3072 4192 τήν
3095 4117 3395 4192 περιτομήν
3416 4117 3494 4188 τῷ
3520 4117 3674 4188 νόμῳ
3702 4134 3836 4188 σομε-

2267 4216 2584 4288 πρέπουσαν
2630 4212 2897 4279 ἐπέδειξε,
2938 4212 3035 4266 καὶ
3072 4210 3169 4265 τοῦ
3205 4208 3371 4265 αὑτοῦ
3411 4209 3547 4263 Θεοῦ
3574 4209 3642 4262 τὸ
3683 4210 3838 4279 πρόσι

2268 4324 2453 4379 ταγμα
2498 4305 2764 4379 ὑπάρχειν
2805 4305 3048 4376 ὑπέφηνε
3075 4302 3171 4357 τοῦ
3217 4302 3317 4372 τὴν
3348 4301 3652 4372 περιτομήν
3714 4315 3840 4353 ποτε

2268 4398 2577 4462 δεδωκότος,
2621 4397 2716 4451 καὶ
2761 4397 2924 4468 νόμον
2962 4396 3044 4460 είς
3086 4394 3333 4467 βοήθειαν
3372 4392 3701 4456 δεδωκάς-οἷ’
3755 4392 3857 4459 5?"

2270 4483 2442 4561 οὗπερ
2463 4487 2697 4561 Χριστὸς
2720 4485 3107 4555 πιστευόμενος
3121 4484 3189 4538 τὰ
3203 4483 3323 4538 τέλε
3331 4499 3388 4538 ια
3402 4485 3515 4546 τοῖς
3533 4482 3843 4537 πιστεύωσι

2272 4581 2452 4637 λαλεῖν
2488 4598 2547 4635 τε
2574 4580 2666 4634 καὶ
2694 4582 2863 4634 ποιεῖν
2893 4576 3212 4649 παρέχεται.
3235 4634 3245 4644 _

2344 4772 2392 4833 γ’
2421 4764 2516 4819 καὶ
2548 4762 2590 4815 λ’
2614 4762 2767 4835 σχόλ.
2806 4763 3060 4831 Ἕχοντα
3089 4758 3205 4828 τὴν
3227 4760 3540 4829 μόρφωσιν
3562 4756 3680 4829 τῆς
3703 4754 3847 4828 γνώ-

2272 4873 2446 4937 σεως,
2474 4853 2575 4908 καὶ
2608 4854 2720 4922 τῆς
2746 4853 3031 4921 ἀληθείας
3054 4852 3125 4904 ἐν
3152 4849 3230 4915 τῷ
3259 4851 3439 4918 νόμῳ.

2344 4966 2394 5035 γ’
2420 4966 2515 5021 καὶ
2551 4965 2595 5019 λ’
2624 4963 2805 5035 ἐλεγχ.
2848 4963 2912 5016 El
2945 4965 2979 5033 ή
3018 4961 3220 5032 γνῶσις
3251 4964 3533 5033 μόρφωσιν
3558 4960 3717 5033 ἔχει,
3751 4961 3851 5015 ἀπὺ

2274 5062 2331 5117 δὲ
2357 5062 2456 5133 τῆς
2480 5058 2809 5132 μορφώσεως
2833 5058 2893 5111 τὸ
2916 5053 3054 5121 εἶδος
3080 5054 3351 5125 φαίνεται,
3377 5056 3427 5108 al
3452 5054 3510 5107 δὲ
3536 5054 3638 5125 τὴν
3657 5054 3852 5125 γνῶσιν

2276 5152 2373 5207 καὶ
2411 5153 2507 5225 τήν
2546 5151 2801 5223 ἀλήθειαν
2834 5149 3058 5220 Δἔχοντες
3098 5146 3383 5201 ἀπόστολοι
3422 5145 3519 5199 καὶ
3563 5146 3616 5199 οἱ
3657 5145 3855 5198 τούτων

601 5232 1184 5318 ίοέιιιιιιὶοιιενΐοηιιειιι
1215 5258 1387 5327 ipsam
1413 5232 1692 5322 obtinent,
1725 5254 1832 5309 hoc
1873 5259 1957 5310 est
1978 5232 2146 5322 cogni

2280 5245 2517 5317 μαθηταὶ
2561 5243 2765 5298 οἴδασιν
2812 5241 2922 5296 ἀπὸ
2964 5241 3062 5311 τῆς
3097 5235 3430 5310 μορφώσεως
3470 5236 3567 5291 τοῦ
3604 5239 3777 5309 νόμου
3803 5232 3857 5286 τὸ

601 5352 804 5404 tionem
830 5363 893 5403 ac
913 5348 1223 5410 veritatem,
1240 5326 1496 5415 sequitur
1523 5345 1695 5415 legem
1730 5356 1761 5396 a
1786 5341 2097 5411 cognitione
2121 5352 2148 5393 ε

2277 5335 2416 5402 εἶδος
2441 5335 2759 5406 κεκτῆσθαι,
2803 5333 3053 5390 τουτέστι
3090 5330 3188 5401 τὴν
3222 5328 3425 5399 γνῶσιν
3456 5330 3553 5383 καὶ
3588 5329 3696 5401 τὴν
3732 5326 3857 5395 dli).

603 5441 833 5499 veritate
859 5439 1083 5495 minime
1114 5438 1347 5492 alienam
1375 5436 1567 5492 videri.
1614 5436 1715 5491 Per
1741 5432 1877 5504 legis
1914 5422 2059 5488 enim
2087 5430 2141 5485 in

2286 5429 2465 5483 Ostav'
2491 5428 2590 5481 οὐκ
2616 5426 2723 5497 ἄρα
2744 5423 3025 5516 ἀλλότριος
3054 5424 3081 5475 ὁ
3100 5422 3264 5493 νόμος
3294 5419 3388 5474 τοῦ
3414 5420 3580 5492 νόμου
3600 5421 3619 5453 ⁸
3650 5419 3748 5474 καὶ
3771 5419 3861 5488 τῆς

680 5622 695 5656 ¹
738 5620 891 5677 Rom.
926 5632 985 5683 ιι,
1018 5616 1103 5672 19..
1181 5618 1200 5649 ’
1228 5613 1387 5671 Rom.
1422 5630 1476 5682 ιι,
1502 5614 1554 5667 4.
1634 5612 1841 5669 "Rom.
1880 5606 2060 5682 11,25.
2137 5608 2148 5640 ‘

2255 5624 2321 5664 ιιι.
2356 5624 2435 5678 ιιι,
2458 5607 2510 5663 4.
2586 5608 2607 5638 ⁸
2638 5604 2797 5660 Rom.
2833 5619 2892 5669 ιι,
2922 5603 3008 5659 ‘20.
3091 5602 3111 5633 ⁶
3144 5599 3207 5656 F.
3235 5599 3334 5665 τῆς
3368 5598 3643 5666 γνώσεως.
