3932 6064
59 208 64 258 l

177 244 282 302 £05

747 268 765 305 ι
848 249 1215 309 ADVERSUS
1253 250 1596 309 IIASRESES
1628 249 1758 309 LIB.
1793 250 1836 308 Ι.
1876 249 2042 310 ΤΟΜ.
2079 252 2164 309 III.
2197 255 2562 315 -1II.1ERES.
2608 259 2774 317 XLII.

3370 268 3473 325 8’36

178 358 456 432 ἀληθείας.
489 357 586 413 Διὰ
612 356 721 432 γὰρ
755 357 856 431 τῆς
884 362 943 416 ὲν
977 359 1128 432 αὐτῷ
1166 364 1500 433 μορφώσεως
1527 360 1747 431 ἐπέγνω

1876 362 2260 421 formationem
2323 369 2574 425 veritatis
2632 386 2917 443 praecones
2975 374 3349 446 cognitionem
3409 395 3472 437 ac

182 468 279 505 σαν
320 451 370 503 ol
419 449 661 520 κήρυκες
698 449 797 522 τῆς
835 451 1091 522 ἀληθείας
1133 453 1237 524 τὴν
1288 452 1491 522 γνῶσιν
1539 455 1631 508 καὶ
1673 454 1773 527 τὴν

177 541 460 614 ἀλήθειαν.

244 635 286 689 δ’
313 634 407 688 καὶ
436 633 518 687 λα’
549 633 699 705 σχόλ.
761 636 884 689 Ἔτι
923 637 1033 707 γὰρ
1070 638 1326 708 Χριστὸς
1360 637 1554 692 ὄντων
1606 634 1773 706 ἡμῶν

173 726 471 794 ἀσθενῶν,
491 725 580 780 ἔτι
606 726 759 781 κατὰ
774 729 985 797 καιρὸν
1004 730 1158 800 ὑπὲρ
1178 728 1418 785 ἀσεϐῶν
1442 728 1768 785 ἀπέθανεν.

241 905 283 959 δ
314 907 411 961 καὶ
445 904 527 960 λα’
555 906 737 978 ἔλεγχ.
779 907 873 973 Τὸ,
905 906 994 963 ἔτι
1026 908 1123 964 καὶ
1160 908 1483 976 ἀπέθανεν,
1514 909 1574 962 οὐ
1601 909 1768 982 δοκη-

176 1014 334 1063 σεως,
362 998 500 1053 ἀλλὰ
524 998 785 1070 ἀληθείας
803 1000 920 1053 ἐστὶ
938 1000 1293 1071 σημαντικόν.
1325 1002 1390 1056 Et
1413 1000 1522 1074 γὰρ
1542 1001 1769 1071 δόκησις

172 1085 260 1160 ἦν,
285 1089 369 1152 τίς
382 1088 543 1161 χρεία
561 1089 656 1143 τοῦ
679 1088 766 1143 ἔτι
786 1089 1065 1157 λέγεσθαι,
1089 1090 1389 1163 δυναμένου
1409 1090 1504 1145 τοῦ
1526 1089 1764 1161 Χριστοῦ

173 1181 405 1234 πάντοτε
437 1179 530 1234 καῖ⁵
546 1179 642 1232 νῦν
665 1180 884 1251 δοκήσει
918 1180 1225 1250 φαίνεσθαι,
1254 1180 1349 1235 καὶ
1374 1181 1449 1253 μὴ
1478 1179 1761 1249 λέγεσθαι,

171 1272 257 1339 ἔτι
276 1271 469 1325 ὄντων
488 1269 657 1341 ἡμῶν
671 1270 971 1337 ἀσθενῶς
1013 1270 1145 1326 Ἀπὸ
1168 1271 1256 1325 τοῦ
1277 1272 1408 1344 γὰρ,
1426 1270 1536 1338 ἔτι,
1559 1270 1621 1325 τὸ
1644 1271 1765 1325 τότε

169 1360 350 1415 Θανεῖν
377 1361 649 1425 ἀπέδωκε,
680 1360 772 1413 καὶ
799 1361 1084 1415 ἐδικαίωσε
1117 1362 1194 1432 τῷ
1229 1362 1476 1433 Θανάτῳ·
1504 1361 1592 1415 ἵνα
1624 1378 1765 1432 μηκ-

166 1455 248 1507 έτι
276 1452 466 1525 χρείαν
495 1452 592 1526 ἔχῃ
623 1453 803 1507 θανεῖν
825 1456 853 1507 ὁ
872 1453 1014 1525 ὑπὲρ
1065 1453 1405 1526 ἁμαρτωλῶν
1451 1452 1601 1515 ama
1628 1454 1764 1507 ἁπο-

166 1541 367 1604 θανὼν,
406 1542 502 1594 καὶ
537 1541 604 1594 δι’
642 1541 850 1596 ἑαυτῶν
893 1541 1089 1613 μηκέτι
1123 1542 1500 1612 ἀποθνήσκων.

1876 454 2161 535 veritatem
2196 463 2326 513 sunt
2354 455 2560 527 adepti.

1950 629 2136 687 Schol.
2170 630 2205 686 4
2251 638 2307 688 et
2334 632 2425 687 5!.
2464 632 2654 686 Adhuc
2700 635 2841 688 enim
2892 632 3138 691 Christus
3172 650 3288 687 cum
3328 650 3466 689 esse-

1874 735 1993 776 mus
2024 721 2259 793 inﬁrmi,
2305 722 2479 778 adhuc
2507 725 2563 779 in
2602 734 2835 796 tempore
2883 740 2980 794 pro
3009 726 3188 795 impiis
3229 735 3468 780 mortuus

1872 821 1951 866 est
1976 813 2016 865 ί.
2984 822 2989 825 “

1942 902 2127 960 Refut.
2158 905 2194 959 4
2221 913 2276 961 cl
2303 906 2392 961 5i.
2437 905 2718 963 Vocabula
2764 909 2916 976 haec,
2967 909 3179 975 adhuc,
3222 920 3273 966 et
3320 927 3465 966 mor-

1873 1001 1992 1048 tuus
2029 1004 2146 1061 est,
2189 1008 2300 1049 non
2334 994 2537 1051 nudam
2582 998 2858 1067 speciem,
2899 999 2997 1054 sed
3045 1002 3332 1056 veritatem
3370 1016 3466 1055 ar-

1870 1092 2066 1157 guunt.
2117 1084 2176 1140 Si
2206 1084 2352 1142 enim
2385 1087 2504 1143 sola
2556 1088 2771 1159 species
2803 1090 3140 1161 exstitisset,
3168 1092 3300 1162 quid
3341 1107 3463 1163 eam

1870 1176 2219 1248 particulam,
2244 1176 2447 1243 adhuc,
2467 1179 2778 1250 exprimere
2810 1192 2950 1252 opus
2983 1192 3123 1247 erat,
3157 1198 3282 1238 cum
3313 1184 3462 1240 omni

1873 1275 2109 1338 tempore
2171 1266 2420 1339 adeoque
2456 1284 2605 1325 nunc
2661 1271 2845 1341 specie
2877 1282 3040 1329 tenus
3083 1274 3261 1344 possit
3293 1289 3463 1345 appa-

1870 1373 1993 1414 rere
2024 1357 2315 1423 Christus,
2355 1374 2536 1430 neque
2568 1368 2748 1418 tamen
2804 1362 3042 1433 adjicere
3089 1378 3320 1419 necesse
3350 1366 3459 1428 sit,

1871 1465 1991 1503 cum
2025 1448 2199 1503 adhuc
2220 1449 2423 1519 inﬁrmi
2456 1452 2731 1506 essemus?
2768 1451 2882 1507 liae
2909 1452 3054 1508 enim
3088 1468 3242 1519 voce,
3265 1452 3457 1516 adhuc,

1865 1547 1983 1594 tum
2012 1539 2165 1594 illum
2197 1549 2431 1596 mortem
2462 1542 2670 1599 obiisse
2703 1543 2978 1615 signiﬁcat
3001 1586 3016 1611 ,
3047 1558 3111 1599 ac
3142 1554 3319 1600 morte
3359 1560 3457 1600 sua

162 1632 501 1727 iustiﬁcasse
524 1675 540 1699 ,
588 1649 659 1689 ne
727 1635 963 1705 amplius
1011 1636 1152 1692 mori
1179 1651 1407 1693 necesse
1462 1634 1536 1691 sit
1574 1633 1765 1701 illum,
1807 1632 1903 1705 qui
1939 1647 2038 1703 pro
2070 1633 2457 1703 peccatoribus
2481 1634 2651 1691 semel
2683 1646 2768 1692 est
2791 1645 3063 1701 mortuus,
3119 1652 3183 1693 ac
3211 1652 3308 1707 per
3336 1651 3461 1691 sese
3560 1638 3563 1643 ‘

160 1746 275 1787 non
314 1730 551 1799 amplius
583 1730 871 1785 moriatur.

233 1828 274 1868 ε’
304 1822 401 1875 καὶ
421 1821 500 1893 te
534 1821 681 1892 σχόλ.
740 1821 919 1874 Ὥστε
954 1825 986 1877 ό
1011 1822 1131 1891 μὲν
1153 1823 1337 1893 νόμος
1371 1821 1562 1893 ἅγιος,
1593 1818 1690 1874 καὶ
1715 1819 1752 1886 ἠ

1930 1814 2097 1886 370
2128 1813 2316 1870 Schol.
2352 1813 2386 1869 5
2420 1820 2474 1869 et
2511 1812 2601 1867 '52.
2635 1812 2765 1868 Ideo
2819 1816 2903 1868 lex
2932 1826 3119 1871 sancta
3146 1829 3197 1873 et
3242 1825 3460 1878 manda-

160 1910 386 1979 ἐτισλὴ
417 1910 576 1980 ἁγία,
612 1910 711 1963 λαὶ
743 1910 945 1963 δικαία
980 1910 1081 1964 καί
1111 1910 1326 1979 ἀγαθή.

234 2011 276 2056 ε’
318 2001 414 2057 καὶ
455 2000 533 2071 λβ¹
577 2000 759 2071 ἔλεγχ.
814 2001 1126 2055 Συντίθεται
1179 2000 1255 2071 τῷ
1311 2002 1458 2075 νόμῳ
1496 2003 1558 2058 τὸ
1601 2004 1757 2072 ἅγιον

162 2088 329 2144 at:sz
373 2086 536 2155 εἶναι,
578 2089 674 2143 καί
708 2092 774 2161 τῇ
815 2090 873 2143 δν
895 2089 1042 2159 αὖτῷ
1072 2088 1258 2162 έντολῇ
1285 2090 1579 2163 γενομένῃ²
1610 2090 1756 2161 τρισὶ

162 2184 494 2254 μαρτυρίαις
535 2181 972 2252 ἀσφαλισάμενος
1004 2183 1233 2251 ταύτην,
1273 2182 1435 2251 ἁγίαν
1466 2182 1637 2250 αὐτὴν
1668 2181 1759 2234 λέ-

144 2256 273 2327 κιων
309 2275 409 2326 καὶ
445 2274 660 2326 δικαίαν
697 2273 795 2327 καὶ
830 2272 1041 2342 ἀγαθήν
1063 2288 1078 2303 ο
1137 2272 1222 2325 ἵνα
1267 2270 1462 2346 ἐλέγξῃ
1499 2272 1759 2344 σε,ηΜαρ-

161 2368 322 2431 κίων,
383 2366 479 2419 καὶ
511 2367 660 2436 ἡμᾶς
695 2363 883 2438 διδάξῃ
913 2364 1006 2418 τοῦ
1040 2365 1198 2433 ἁγίου
1245 2359 1382 2417 εἶναι
1428 2362 1520 2416 τὸν
1564 2362 1757 2434 νόμον,¹

157 2452 222 2512 οὗ
271 2457 370 2512 καὶ
404 2458 439 2528 ἡ
492 2455 678 2527 ἐντολὴ
710 2455 862 2524 ἁγία,
914 2454 1015 2509 ’καὶ
1069 2455 1232 2508 αὐτὸν
1272 2454 1364 2509 τὸν
1414 2454 1569 2523 ἅγιον
1615 2450 1755 2507 εἶναι

156 2551 256 2604 καὶ
288 2547 514 2615 ἀγαθόν.
560 2546 652 2624 ᾼιδ
697 2546 904 2615 ἀγαθοῦ
937 2542 1073 2600 οὖσα
1101 2546 1312 2618 ἐντολὴ,
1353 2547 1536 2620 ἀγαθὴ
1568 2542 1755 2621 καλεῖ-

148 2657 243 2694 ται
267 2656 282 2670 ·
328 2638 429 2693 καὶ
461 2638 619 2707 ἁγίου
650 2633 808 2698 οὖσα.
851 2638 982 2708 ἁγία
1013 2638 1162 2690 ἐστί’
1207 2640 1301 2692 καὶ
1335 2638 1544 2692 δικαίου
1580 2639 1757 2712 ὑπάρ-

134 2747 349 2802 έχουσα,
398 2727 585 2782 δικαία
628 2727 816 2799 ἐντολὴ
861 2727 1125 2788 καλεῖται,
1162 2727 1280 2791 ἐνὸς
1312 2727 1463 2790 ὄντος
1503 2727 1598 2781 τοῦ
1628 2729 1752 2782 τότε

145 2822 245 2875 καὶ
285 2820 418 2885 νῦν,
479 2817 574 2871 τοῦ
606 2816 759 2883 ὄντος
801 2818 957 2888 ἁγίου
998 2819 1092 2872 καὶ
1138 2819 1349 2873 δικαίου
1394 2818 1490 2871 καὶ
1523 2817 1751 2886 ἀγαθοῦ.

143 2912 243 2964 Διὸ
273 2908 375 2963 καὶ
394 2911 427 2975 ὴ
458 2907 623 2962 αὐτοῦ
649 2906 863 2978 ἐντολὴ,
902 2909 935 2978 ή
969 2907 1078 2962 ἀπ’)
1104 2907 1224 2960 τότε
1265 2907 1360 2961 καὶ
1387 2906 1485 2961 νῦν
1514 2909 1573 2961 ἐν
1603 2910 1754 2979 νόμῳ

140 3002 245 3056 καὶ
276 3003 337 3052 ἐν
365 3001 540 3072 Καινῇ
570 2996 835 3070 Διαῢήκῃ,
886 2996 1015 3064 ἁγία
1055 2998 1290 3069 ὑπάρχει
1319 2997 1412 3052 καὶ
1450 2997 1633 3053 δικαία
1661 2999 1756 3052 καί⁹

138 3089 361 3160 ἀγαθή.
1662 3102 1667 3107 ’

221 3278 278 3335 ς’
300 3272 401 3325 καὶ
426 3270 505 3339 is,"
524 3268 675 3340 σχόλ.
704 3269 832 3325 Ἵνα
852 3267 920 3322 τὸ
942 3254 1231 3337 δικαίωμα
1255 3270 1361 3325 τοῦ
1382 3272 1572 3340 νόμον
1597 3273 1747 3348 πλη-

133 3363 313 3437 ρωθῇ
344 3366 416 3418 ἐν
455 3361 621 3433 ἡμῖν.

218 3462 278 3519 ς’
308 3455 404 3509 καὶ
426 3454 506 3523 λγ
530 3453 708 3525 ἕλε-(χ.
745 3454 808 3506 Εἰ
832 3454 891 3506 ὲν
918 3456 1031 3518 τοῖς
1057 3454 1377 3519 ἀποστόλοις
1407 3455 1500 3508 καὶ
1525 3455 1582 3508 ἐν
1612 3456 1745 3528 ἡμῖν

128 3547 204 3601 τὸ
234 3547 522 3617 δικαίωμα
545 3544 637 3599 τοῦ
679 3545 843 3615 νόμου
876 3544 1211 3615 πληροῦται,,
1243 3545 1359 3610 πῶς
1394 3546 1481 3608 σὺ,
1510 3539 1555 3600 ὦ
1586 3547 1745 3618 Μαρ-

126 3639 306 3702 κίων,
359 3637 563 3708 τολμᾷς
600 3628 780 3704 λέγειν
822 3637 916 3688 τὸν
948 3636 1111 3707 νόμον
1143 3636 1425 3708 ἀλλότριον
1457 3636 1565 3692 τῶν
1604 3626 1747 3691 κατὰ

124 3731 199 3784 τὸ
226 3728 511 3800 πλήρωμα
558 3724 652 3779 τοῦ
688 3725 853 3798 νόμου
878 3726 1272 3798 δικαιουμένων
1301 3727 1616 3782 ἀποστόλων
1648 3729 1743 3784 τοῦ

118 3822 285 3877 Θεοῦ
305 3840 322 3886 ;

207 3914 260 3979 ζ’
287 3914 387 3968 καὶ
413 3912 487 3967 λδ¹
510 3913 657 3985 σχόλ.
696 3912 878 3978 Τέλος
910 3910 1021 3982 γὰρ
1052 3913 1249 3982 νόμον.
1260 3912 1516 3983 Χριστὸς
1543 3915 1629 3980 εις
1654 3913 1743 3968 δι-

114 4005 497 4073 καιοσύνην
527 4005 707 4059 παντὶ
734 4002 814 4068 τῷ
845 4005 1211 4059 πιστεύοντι.

210 4098 266 4163 ζ’
292 4099 393 4152 καὶ
414 4099 485 4152 λδ¹
508 4098 687 4169 ἔλεγχ.
711 4098 865 4162 Εἱεὶς
887 4096 1237 4173 δικαιοσύνῃ
1262 4096 1495 4170 Χριστὸς
1519 4096 1744 4169 ἐλήλυθε

117 4192 318 4248 παντὶ
345 4189 425 4260 τῷ
455 4189 783 4255 πιστεύοντι,
815 4190 876 4243 οὐ
910 4189 1004 4243 τοῦ
1052 4190 1220 4260 νόμου
1263 4190 1661 4261 τελειουμένου,
1695 4192 1744 4245 εί

116 4286 214 4358 μὴ
250 4282 493 4354 Χριστὸς
520 4280 780 4354 τελειώσῃ
811 4284 877 4353 τῇ
909 4281 1104 4336 ἑαυτοῦ
1138 4282 1415 4354 παρουσίᾳ
1441 4299 1455 4313 ·
1507 4282 1607 4336 οὐκ
1635 4283 1744 4355 ἄρα

104 4371 598 4445 τελειωθήσεσθε,
647 4365 693 4427 ὧ
742 4373 1007 4439 Ἰουδαῖοι,
1056 4374 1115 4425 ὲν
1152 4372 1302 4444 νόμῳ
1339 4372 1616 4444 μένοντες,
1648 4373 1744 4427 ἐὰν

107 4470 210 4541 μὴ
266 4465 509 4532 Χριστὸν
542 4466 921 4538 ὲνδημήσαντα
959 4464 1351 4527 πιστεύσαντες
1384 4463 1737 4537 ὑποδέξησθε.

1861 1910 1974 1956 tum
2013 1912 2256 1971 sanctum
2285 1915 2336 1956 et
2356 1903 2598 1972 justum,
2634 1912 2684 1956 et
2714 1906 2911 1956 bonum
2938 1905 2982 1957 ².

1930 1992 2118 2050 Refut.
2150 1994 2185 2049 5
2224 2001 2278 2050 et.
2331 1993 2422 2049 32.
2456 1992 2586 2064 Legi
2638 1993 2743 2049 hoc
2791 1995 3089 2065 Apostolus
3143 1999 3366 2066 tribuit,
3397 2012 3457 2057 ut

1860 2097 2053 2147 sancta
2108 2088 2215 2153 sit,
2269 2086 2632 2157 ejusdemque
2682 2089 2941 2143 mandato
2987 2107 3000 2144 :
3051 2091 3198 2159 quod
3252 2094 3457 2165 triplici

1858 2176 2176 2234 testimonio
2209 2178 2531 2240 conﬁrmat,
2569 2183 2825 2232 sanctum
2869 2193 2995 2234 esse
3024 2181 3363 2251 praedicans,
3403 2195 3457 2240 et

1854 2270 2090 2342 justum,
2122 2278 2177 2324 et
2200 2269 2440 2334 bonum,
2474 2275 2534 2322 ut
2559 2277 2633 2336 te,
2666 2268 2910 2336 Marcio,
2953 2273 3319 2342 condemnet,
3354 2292 3456 2332 nos

1859 2379 1991 2421 vero
2039 2364 2190 2434 ipsos
2257 2362 2517 2427 edoceat,
2555 2363 2730 2433 legem
2781 2364 3025 2420 auctoris
3071 2379 3195 2421 esse
3242 2369 3453 2434 sancti,

1858 2456 2017 2527 cujus
2073 2453 2393 2509 mandatum
2462 2462 2716 2510 sanctum
2771 2454 2874 2519 sit;
2946 2455 3309 2528 eumdcmque
3356 2462 3452 2534 qui

1858 2558 2086 2605 sanctus
2120 2554 2224 2613 est,
2249 2562 2375 2603 esse
2399 2545 2625 2602 bonum.
2654 2546 2951 2617 Propterea
2981 2562 3104 2603 cum
3134 2550 3451 2607 mandatum

1856 2654 1889 2693 ιι
1934 2638 2080 2695 bono
2137 2636 2444 2707 profectum
2502 2636 2707 2700 fuerit,
2761 2636 2966 2691 bonum
3018 2623 3257 2703 dicitui‘;
3315 2646 3369 2693 tl.
3420 2656 3452 2695 ιι

1856 2737 2071 2795 sancto,
2091 2739 2343 2785 sanctum
2367 2744 2382 2795 ;
2406 2740 2460 2785 et
2485 2745 2515 2784 a
2536 2730 2685 2799 justo
2702 2728 3008 2784 derivatum
3024 2768 3039 2795 ,
3055 2728 3266 2798 justum
3286 2730 3451 2784 etiam

1856 2821 2192 2893 appellatur;
2217 2834 2341 2875 cum
2371 2835 2515 2875 unus
2544 2820 2799 2890 idemque
2830 2819 2993 2874 modo
3026 2819 3118 2882 sit,
3148 2819 3242 2889 qui
3270 2834 3450 2890 quon-

1854 2912 1979 2967 dam
2006 2910 2251 2979 exstitit,
2305 2920 2570 2977 sanctus,
2609 2912 2796 2982 justus
2846 2926 2911 2967 ac
2960 2913 3161 2968 bonus.
3200 2911 3357 2968 Unde
3396 2921 3452 2968 et

1854 3000 2172 3056 mandatum
2199 2994 2520 3072 ipsius'lam
2555 3004 2706 3074 quod
2733 3004 2887 3068 olim,
2919 3019 3083 3075 quam
3113 3005 3257 3076 quod
3287 3004 3451 3060 modo

1854 3101 1940 3149 est
2017 3095 2223 3159 editum
2254 3134 2269 3160 ,
2330 3095 2386 3149 in
2455 3103 2691 3166 utroque
2742 3096 3003 3152 videlicet
3059 3097 3449 3165 Testamento,

1764 3189 1809 3249 C
1841 3190 2093 3239 sanctum
2127 3223 2142 3249 ,
2180 3185 2382 3253 iustum
2412 3199 2478 3240 ac
2505 3185 2711 3261 bonum
2742 3185 3171 3242 existimandum
3203 3198 3307 3243 est.

1922 3274 2107 3333 Schol.
2144 3278 2177 3333 6
2209 3285 2262 3333 et
2308 3279 2396 3333 55.
2437 3276 2504 3332 Ut
2533 3275 2864 3348 justiﬁcatio
2908 3278 3038 3349 iegis
3076 3280 3361 3348 impleatur
3392 3281 3449 3335 in

1848 3362 1997 3419 nobis
2021 3364 2042 3396 ³
2058 3402 2074 3419 .
2540 3358 2549 3369 ’

1919 3452 2103 3508 Refut.
2133 3453 2167 3507 6
2197 3461 2250 3510 et
2284 3455 2374 3510 55.
2405 3454 2463 3512 Si
2500 3455 2556 3510 in
2586 3457 2852 3526 apostolis
2888 3465 2944 3513 et
2984 3458 3038 3512 in
3090 3458 3250 3515 nobis
3281 3458 3447 3526 justi-

1848 3543 2033 3600 ﬁcatio
2067 3544 2204 3616 legis
2233 3547 2518 3617 impletur,
2548 3562 2654 3619 qua
2681 3549 2827 3605 istud
2877 3549 3059 3606 fronte
3082 3553 3448 3623 pronuntiare

1847 3637 2049 3702 audes,
2091 3636 2296 3691 Marcio
2318 3678 2333 3701 ,
2372 3639 2543 3708 legem
2584 3640 2655 3693 ab
2684 3643 2949 3711 apostolis
2982 3641 3114 3709 Dei,
3142 3644 3237 3713 qui
3263 3661 3328 3700 cx
3364 3645 3445 3701 Ie-

1845 3730 1929 3803 gis
1957 3730 2361 3800 complementa
2393 3729 2793 3801 justiﬁcantur,
2829 3735 3063 3790 alienam
3098 3736 3308 3791 videri?

1920 3901 2108 3960 Schol.
2136 3902 2168 3957 7
2198 3910 2252 3959 et
2285 3902 2373 3959 54.
2395 3901 2549 3959 Finis
2572 3905 2713 3959 enim
2748 3905 2879 3977 legis
2912 3904 3158 3961 Christus
3191 3907 3259 3961 ad
3276 3907 3443 3977 justi-
3486 3972 3493 3975 _

1848 3997 1978 4051 tiam
2013 3996 2161 4050 omni
2182 3995 2418 4051 credenti
2450 3996 2492 4050 δ.

1915 4087 2104 4145 Refut.
2142 4089 2173 4142 7
2202 4098 2256 4145 et
2288 4088 2380 4144 54.
2415 4086 2474 4144 Si
2501 4087 2570 4144 ad
2607 4088 2950 4146 credentium
2994 4088 3238 4143 omnium
3274 4088 3441 4161 justi-

1847 4182 1978 4237 tiam
2017 4170 2273 4238 Christus
2309 4180 2562 4247 advenit,
2595 4181 2669 4236 ita
2694 4189 2755 4236 ut
2789 4180 2978 4253 perﬁci
3022 4180 3107 4237 lex
3150 4182 3311 4237 aliter
3340 4199 3440 4239 ne-

1845 4281 2030 4345 queat,
2051 4272 2158 4330 nisi
2187 4288 2308 4329 eam
2337 4272 2593 4329 Christus
2626 4288 2727 4329 suo
2757 4273 2992 4328 adventu
3013 4273 3285 4344 perficiat,
3310 4290 3438 4346 per-

1845 4366 1933 4420 fici
1977 4381 2107 4431 vos,
2153 4364 2365 4430 Judaei,
2409 4365 2564 4420 nullo
2617 4365 2783 4420 modo
2830 4365 3099 4436 potestis,
3147 4367 3195 4423 si
3233 4365 3288 4421 in
3321 4367 3440 4439 lege

1846 4459 2139 4522 maneatis,
2172 4458 2282 4513 nisi
2313 4457 2594 4513 Christum
2616 4496 2632 4522 ,
2663 4457 2759 4528 qui
2787 4457 2900 4528 jam
2928 4459 3115 4525 venit,
3146 4459 3439 4516 credentes

119 4559 324 4616 Ἀλλὰ
343 4560 467 4614 οὐδὲ
493 4559 582 4622 σὺ,
602 4559 884 4631 Μαρκίων,
914 4559 1120 4632 δυνήσῃ
1147 4557 1385 4630 σωθῆναι
1408 4561 1467 4613 ὲν
1503 4557 1746 4630 Χριστῷ,

1872 4566 1905 4604 n
1935 4563 2059 4604 eum
2090 4548 2268 4607 velitis
2297 4547 2564 4619 recipere.
2600 4545 2706 4605 Sed
2738 4564 2841 4605 nec.
2875 4556 2934 4604 tu
2960 4589 2975 4615 ,
3009 4546 3252 4615 Marcio,
3289 4550 3438 4606 salu-

95 4652 227 4709 τοῦ
260 4650 627 4723 κηρύγματος
653 4651 753 4723 τὴν
783 4650 958 4723 ἀρχὴν
988 4650 1082 4705 καὶ
1118 4651 1217 4722 τὴν
1253 4649 1407 4722 ῥίζαν
1433 4649 1738 4717 ἀποϐαλλό-

98 4761 336 4823 μενος,
362 4744 500 4816 ὅπερ
528 4743 647 4796 ἐστὶ
670 4742 856 4815 νόμος,
892 4743 986 4812 ἀφ’
1012 4734 1186 4814 οὗπερ
1209 4741 1446 4814 Χριστὸς
1475 4741 1742 4812 γινωσκό-

96 4855 312 4918 μενος
330 4835 453 4918 τελε
461 4836 530 4889 toi
546 4835 635 4889 τὸν
662 4833 737 4906 μὴ
751 4834 843 4889 τὸν
865 4835 1028 4906 νόμον
1050 4832 1471 4907 βδελυσσόμενον
1487 4834 1563 4898 ὡς
1579 4833 1737 4888 ἁλλός

83 4914 301 5011 στρων
324 4914 569 5001 Χριστοῦ
598 4928 935 5002 ὑπάρχοντα.

181 5033 255 5100 η’
294 5023 396 5077 καὶ
416 5022 492 5075 λε’
523 5021 671 5092 σχόλ.
714 5021 767 5074 '0
789 5021 902 5091 γὰρ
921 5018 1171 5090 ἀγαπῶν
1194 5019 1303 5075 τὸν
1321 5018 1611 5088 πλησίον,
1633 5020 1737 5074 νό-

76 5135 242 5192 μον
296 5110 678 5180 πεπλήρωκε.

174 5216 250 5283 η’
294 5204 395 5260 καὶ
422 5203 497 5257 λε’
523 5202 704 5273 ἔλεγχ.
766 5201 829 5256 Ei
860 5201 950 5256 διὰ
980 5198 1075 5255 τοῦ
1132 5200 1356 5271 ἀγαπᾷν
1389 5198 1482 5253 τὸν
1515 5197 1743 5270 πλησίον

80 5309 309 5379 νόμος
353 5298 685 5370 πληροῦται,
728 5299 827 5352 οὐκ
870 5295 1151 5368 ἀλλότριος
1186 5293 1426 5367 Χριστοῦ
1471 5292 1566 5348 καὶ
1608 5291 1744 5347 Θεοῦ

76 5387 365 5464 Πατρῦς
409 5388 505 5441 τοῦ
544 5385 753 5457 Κυρίου
792 5385 950 5457 ἡμῶν
990 5384 1164 5456 Ἰησοῦ
1209 5381 1447 5456 Χριστοῦ
1483 5382 1578 5437 καὶ
1605 5380 1741 5435 Θεοῦ

1842 4650 1951 4697 tem
1984 4642 2041 4695 in
2073 4640 2296 4697 Christo
2318 4647 2475 4711 potes
2505 4639 2762 4711 adipisci,
2790 4656 2915 4697 cum
2950 4641 3076 4697 ﬁdei
3106 4634 3435 4712 principium

1840 4748 1907 4789 ac
1938 4733 2179 4789 radicem
2214 4732 2511 4804 abjeceris,
2539 4733 2801 4788 nimirum
2835 4734 3027 4804 legem,
3059 4747 3091 4787 e
3115 4747 3224 4802 qua
3253 4730 3437 4803 cogni-

1842 4834 1931 4882 tus
1989 4822 2244 4883 Christus
2287 4840 2412 4881 eum
2479 4824 2693 4895 perficit
2749 4826 2844 4896 qui
2888 4826 3059 4897 legem
3108 4824 3331 4879 minime
3364 4829 3438 4898 _ut

1802 4920 1806 4924 ’
1842 4919 2076 4974 alienam
2100 4933 2131 4973 a
2158 4917 2382 4974 Christo
2414 4917 2688 4988 repudiat.

1918 5008 2104 5066 Schol.
2134 5009 2168 5065 8
2194 5020 2249 5067 et
2277 5012 2369 5069 '55.
2406 5011 2513 5079 Qui
2541 5013 2681 5068 enim
2715 5009 2896 5082 diligit
2924 5009 3253 5081 proximum,
3272 5005 3435 5078 legem

1843 5103 2074 5171 implevit
2096 5104 2138 5158 ⁵.

1912 5192 2224 5250 Refut.8et
2253 5194 2341 5250 '55.
2359 5193 2497 5250 Cum
2538 5209 2633 5267 per
2650 5208 2895 5250 amorem
2926 5190 3164 5265 proximi
3204 5189 3289 5246 lex
3326 5189 3434 5243 im-

1843 5289 2091 5359 pleatur,
2141 5303 2250 5342 non
2295 5294 2438 5342 esta
2484 5287 2708 5344 Christo
2761 5296 2815 5343 et
2855 5286 2968 5343 Deo
3018 5283 3183 5340 Patre
3215 5281 3432 5337 Domini

1842 5382 2020 5437 nostri
2066 5379 2195 5436 Iesu
2227 5376 2436 5434 Christi
2470 5379 2833 5436 abalienanda
2878 5380 2961 5435 icx
2983 5418 3000 5444 ,
3050 5390 3172 5448 quae
3208 5371 3436 5447 diligere

171 5646 199 5680 ι
246 5640 435 5699 Rom.
477 5646 533 5699 v,
566 5634 621 5690 6.
697 5637 718 5667 ³
748 5632 905 5690 Rom.
936 5648 1035 5701 vn,
1069 5632 1156 5689 1‘2.
1235 5633 1255 5667 ³
1291 5631 1449 5689 Rom.
1492 5643 1611 5697 vm,
1642 5630 1698 5688 4.
1774 5632 1796 5666 ⁸
1825 5630 1979 5690 Rom.
2012 5647 2069 5699 κ,
2096 5630 2150 5687 4.
2228 5629 2250 5665 ³
2278 5627 2439 5687 Rom.
2474 5645 2596 5701 xm,
2625 5630 2679 5688 8.
