4008 6078
158 159 264 218 ῐῦθ

825 158 1193 216 ADVERSUS
1232 157 1575 216 "ERESES
1613 156 1739 214 LIB.

1874 157 2030 215 tOM.
2068 157 2152 214 lll.
2195 189 2263 198 --
2304 155 2580 212 llAERES.
2616 156 2774 214 XLII.

3326 156 3432 217 8l0

162 280 490 344 καθεύδων,
535 281 634 334 καί
665 278 902 334 ἀνάστα
945 281 1013 334 ἐκ
1051 279 1166 334 τῶν
1204 277 1453 348 νεκρῶν,
1492 278 1589 332 καί
1617 277 1744 332 ἐπι-

1874 285 1920 332 ta
1971 279 2025 330 in
2070 276 2292 332 Christo
2333 275 2667 330 vaticinatus
2712 282 2797 330 est
2834 293 2844 326 :
2880 271 3044 341 Surge
3071 275 3158 341 qui
3189 273 3390 328 dormis
3415 315 3429 336 ,

161 374 385 443 gaéaet
414 387 513 427 σοι
549 374 582 426 ό
607 371 890 440 Χριστόςο
938 369 1046 442 ἄρα
1083 387 1146 440 γε
1185 371 1245 423 τὸ
1277 369 1630 442 πρωτὸτυπον
1657 368 1744 423 διὰ

161 464 417 536 Λαζάρου
461 463 554 518 καὶ
600 463 706 518 τῶν
742 463 916 520 ἄλλων
965 463 1321 534 ἐπεπλήρωτο
1346 481 1357 491 ο
1413 463 1542 533 περ)⁸
1578 454 1652 514 ὧν
1697 463 1744 514 οἱ

163 556 320 609 αὐτοὶ
332 553 802 626 (δίε)ἀμφέ6αλλον
812 555 1009 626 Μάρθα
1022 555 1114 608 καὶ
1125 554 1310 626 Μαρία
1321 553 1592 624 λέγουσαν
1603 552 1744 621 Ἤδη

165 647 280 708 ὄζει
299 664 313 678 ·
351 646 688 716 τεταρταῖός
711 646 871 701 ἐστι·
914 645 1138 702 καὶτῶν
1167 646 1260 700 τοῦ
1297 644 1745 718 ἀρχισυναγώγου

164 740 432 808 λεγόντων
455 756 468 769 ·
492 739 717 806 Μηκέτι
741 739 1044 792 σκύλλετε
1075 738 1184 792 τὸν
1215 736 1620 791 διδάσκαλον·
1653 735 1748 788 καὶ

164 829 333 883 αὑτοῦ
364 829 612 897 λέγοντος
631 845 644 858 ·
693 826 791 896 Μὴ
823 827 1104 896 φοϐεῖσθε
1128 843 1142 858 ·
1188 828 1260 881 οὐ
1285 826 1395 897 γὰρ
1425 825 1747 893 ἀπέθανεν,

163 923 328 976 ἀλλὰ
356 921 647 976 καθεύδει.
688 921 882 991 Σαφῶς
904 921 1012 992 γὰρ
1036 919 1222 974 ἔκτοτε
1250 920 1312 973 τὸ
1339 920 1601 992 κήρυγμα
1617 918 1750 972 ἐκά-

165 1012 250 1064 λει
279 1011 576 1065 ἀνάστασιν
601 1011 690 1065 διὰ
722 1010 962 1081 Χριστοῦ
991 1009 1232 1064 ἔσεσθαι.
1277 1010 1387 1063 Καὶ
1417 1009 1479 1062 τὸ
1505 1008 1751 1074 ἐξουσια-

165 1101 353 1154 στικὸν
379 1100 478 1169 τῆς
505 1100 786 1172 εὐχερείας
809 1100 1177 1165 ὑπεδείκνυεν,
1212 1101 1298 1152 ἵνα
1327 1100 1387 1153 τὸ
1409 1100 1630 1153 δυνατὸν
1655 1098 1749 1152 τοῦ

165 1190 406 1262 Χριστοῦ
437 1191 716 1262 ὑποδείξῃ,
748 1192 850 1256 ὅτι,
888 1191 964 1254 ὡς
998 1191 1076 1261 τῷ
1108 1189 1382 1261 ἀνθρώπῳ
1411 1191 1654 1261 εὐχερὲς,
1691 1192 1750 1244 οὑ

163 1284 258 1337 τὸν
283 1283 646 1347 ἀποθανόντα,
669 1282 805 1338 ἀλλὰ
827 1283 916 1337 τὸν
939 1283 1271 1337 καθεύδοντα
1299 1281 1388 1336 διὰ
1411 1284 1594 1353 φωνῆς
1617 1285 1755 1351 ἐγεῖ-

166 1392 281 1447 ραι,
313 1375 484 1438 οὕτως
507 1375 602 1429 καὶ
634 1373 713 1446 τῷ
742 1373 962 1447 Χριστῷ
987 1371 1056 1446 ἦν
1090 1375 1415 1445 ἐτοιμότατα
1451 1374 1514 1427 τὸ
1546 1375 1717 1426 εἰπεῖν
1737 1388 1748 1400 ·

167 1466 416 1535 Λάζαρε,
465 1465 642 1534 δεῦρο
665 1467 801 1532 ἔξω,
836 1467 1036 1531 καὶτὸ,
1067 1467 1275 1535 Κουμὶ,
1311 1465 1487 1534 κουμὶ
1521 1464 1752 1531 ταλιθὰ,

165 1558 466 1620 τουτέστιν,
516 1557 846 1624 Ἀνάστηθι,
873 1559 912 1626 ή
949 1557 1108 1624 παῖς.
1129 1557 1282 1629 (Καὶ)
1313 1557 1380 1611 δι’
1405 1551 1480 1611 ὧν
1509 1555 1756 1628 ἐναργῶν

1849 377 1897 421 et
1919 382 2131 436 resurge
2155 383 2185 420 a
2217 366 2462 432 mortuis,
2478 374 2528 419 et
2554 361 2875 418 illuminabit
2902 372 2949 417 te
2972 361 3215 419 Christus
3233 403 3248 427 ,
3275 364 3435 434 plane

1851 461 2029 530 ipsum
2057 458 2354 528 exemplar,
2378 458 2526 528 quod
2555 456 2745 528 ﬁguris
2781 456 2892 512 illis
2917 454 3300 512 adumbratam
3326 465 3435 523 est,

1852 549 1908 605 in
1957 548 2195 614 Lazaro,
2228 549 2552 618 caeterisque
2584 548 2638 604 id
2675 563 2851 619 genus
2895 548 3178 618 impletum
3214 557 3319 605 est.
3361 548 3437 604 De

1853 638 2061 695 Lazaro
2091 638 2313 708 quidem
2337 637 2549 693 Martha
2579 652 2644 692 ac
2677 637 2844 692 Maria
2890 637 3209 694 dubitantes
3243 639 3318 694 ita
3352 639 3436 694 lo-

1853 739 1993 786 cutte
2020 738 2148 786 sunt
2181 749 2195 786 :
2222 729 2350 784 1am
2391 729 2538 798 fetet,
2565 729 2956 800 quatriduauus
2985 739 3063 785 est
3105 731 3146 786 ¹.
3180 729 3249 784 At
3275 744 3439 800 syna-

1854 837 2004 894 goga:
2035 821 2303 892 principis
2341 819 2572 876 comites
2603 839 2618 874 :
2655 819 2865 885 Nolite,
2899 820 3256 892 inquiebant,
3310 821 3440 890 fati-

1854 931 1978 986 gare
2012 916 2356 985 magistrum;
2381 913 2475 970 sed
2511 911 2776 969 Dominus
2802 912 2906 967 ista
2946 913 3181 982 subjecit
3211 932 3224 968 :
3258 911 3440 968 Nolite

1859 1007 2094 1072 timere;
2133 1023 2236 1060 non
2269 1013 2408 1061 enim
2461 1015 2673 1058 mortua
2709 1013 2825 1068 est,
2871 1003 2960 1059 sed
2999 1003 3193 1059 dormit
3235 1009 3276 1059 ³.
3319 1005 3440 1059 Jam

1860 1107 1972 1152 tum
2020 1099 2166 1154 enim
2200 1097 2383 1152 futura
2436 1113 2534 1168 per
2575 1096 2852 1151 Christum
2904 1096 3238 1152 resurrectio
3269 1097 3440 1151 divini
3495 1151 3498 1156 .

1858 1190 2006 1245 verbi
2060 1189 2336 1260 praeconio
2391 1189 2793 1244 celebrabatur.
2854 1185 2962 1243 Sed
3023 1197 3077 1243 et
3121 1196 3442 1257 potestatem

1859 1282 2042 1346 illius,
2091 1279 2396 1351 agendique
2449 1279 2767 1334 facilitatem
2809 1280 3118 1349 expressit,
3173 1287 3232 1335 ut
3281 1296 3444 1351 quam

1859 1380 2054 1442 potens
2085 1381 2232 1428 esset
2273 1372 2527 1427 Christus
2573 1361 2932 1434 ostenderet,
2955 1387 3020 1427 ex
3069 1388 3136 1428 eo
3183 1376 3329 1444 quod
3366 1377 3448 1432 uti

1859 1464 2063 1518 homini
2096 1464 2417 1519 facillimum
2442 1470 2528 1519 est
2560 1478 2673 1517 non
2705 1472 2984 1518 mortuum
3004 1506 3018 1528 ,
3047 1465 3142 1521 sed
3166 1465 3446 1525 dormien-

1861 1563 1970 1610 tem
2029 1571 2162 1610 voce
2221 1555 2529 1621 suscitare,
2588 1555 2662 1608 ita
2699 1554 2918 1611 Christo
2972 1558 3447 1628 promptissimum

166 1648 498 1713 ἀποδείξεων
529 1649 803 1720 ἐσήμανεν
840 1651 868 1703 6
905 1648 1059 1718 λόγος
1088 1649 1187 1720 τὴν
1221 1647 1378 1720 ἡμῶν
1415 1649 1606 1720 κλῆσιν
1644 1648 1753 1701 ἀπὸ

1874 1654 1974 1700 erat
2024 1647 2209 1701 dicere
2243 1665 2259 1701 :
2292 1645 2535 1712 Lazare,
2584 1648 2700 1700 veni
2756 1647 2902 1716 foras
2938 1652 2989 1714 ³;
3052 1658 3201 1714 tum,
3252 1651 3447 1723 Kumi,

165 1739 381 1812 νεκρῶν
414 1739 612 1811 ἔργων,
669 1741 765 1794 καὶ
800 1739 968 1793 ὕπνου
1011 1739 1240 1810 βαρέως,
1286 1739 1444 1810 ἡμῶν
1473 1739 1584 1792 τῶν
1621 1756 1753 1792 ποτε

168 1829 541 1884 καθευδόντων
580 1830 935 1902 ἀνεγείροντα
973 1830 1066 1882 τὸν
1103 1829 1360 1900 Χριστὸν,
1412 1828 1508 1881 καὶ
1543 1827 1634 1882 διὰ
1659 1828 1756 1898 τῆς

168 1921 419 1991 κλήσεως
450 1920 752 1990 φωτίζοντα
779 1923 926 1992 ἡμᾶς
945 1937 961 1953 ·
991 1923 1112 1992 ἥτις
1135 1921 1325 1990 γέγονε
1357 1920 1583 1991 δευτέρα
1618 1918 1758 1990 αὕτη

171 2012 378 2083 σχέσις.
420 2012 494 2066 Τὸ
525 2012 583 2066 δὲ
605 2013 810 2067 τέλειον
843 2014 938 2067 καὶ
967 2013 1254 2066 καθολικὴν
1288 2011 1758 2086 προσδοκώμενον,

165 2103 302 2155 ὅταν
326 2105 355 2156 6
387 2102 548 2166 αὐτὸς
573 2104 601 2155 6
644 2102 839 2172 λέγων,
866 2102 1010 2172 Ἐγώ
1033 2105 1148 2167 ειμι
1171 2103 1209 2170 ἠ
1232 2102 1590 2167 ἀνάστασις,
1620 2101 1760 2155 πάν·-

170 2210 268 2256 τας
318 2193 521 2265 καλέσῃ
579 2195 674 2247 καὶ
714 2194 902 2264 ἐγείρῃ
941 2193 1156 2264 σώματι
1197 2194 1292 2248 καὶ
1317 2193 1486 2264 ψυχῇ,
1524 2193 1616 2246 καὶ
1645 2208 1759 2262 φω-

167 2283 296 2356 τὶσῃ
329 2286 388 2339 ἐν
417 2286 484 2356 τῇ
513 2283 676 2338 αὑτοῦ
716 2283 985 2357 μελλούσῃ
1012 2283 1304 2356 παρουσία.

1861 1735 2026 1790 Kumi
2058 1736 2417 1803 Talitha,l|oc
2444 1744 2549 1802 est,
2584 1736 2772 1809 Surge,
2805 1739 2982 1808 puella
3003 1741 3045 1794 ⁸.
3061 1739 3240 1813 lisque
3272 1746 3450 1802 mani-

1861 1827 2176 1884 festissimis
2214 1830 2556 1900 argumentis
2590 1828 2682 1885 Dei
2709 1829 2934 1884 verbum
2978 1833 3319 1890 vocationem
3367 1835 3452 1890 in-

1863 1917 2082 1973 dicabat
2128 1927 2411 1982 nostram,
2455 1916 2849 1988 Christumque
2885 1918 3173 1976 Dominum
3223 1924 3292 1980 ab
3323 1941 3454 1996 ope-

1863 2009 2019 2064 ribus
2059 2009 2321 2072 mortuis,
2356 2017 2409 2064 et
2451 2010 2723 2066 altissimo
2763 2026 2874 2081 quo
2907 2014 3232 2070 tenebamur
3260 2032 3454 2074 somno

1867 2098 2237 2168 nosmetipsos
2285 2101 2653 2164 excitantcm,
2703 2114 2767 2154 ac
2812 2102 3103 2159 vocatione
3145 2121 3244 2161 sua
3275 2109 3452 2163 collu-

1865 2197 2130 2246 strantem
2165 2208 2180 2245 :
2209 2204 2330 2260 quae
2357 2190 2578 2260 quidem
2601 2189 2842 2246 secunda
2867 2190 2969 2248 fuit
3001 2193 3286 2251 habitudo.
3315 2197 3451 2253 Nam

1863 2278 2168 2350 perlectum
2228 2293 2293 2333 ac
2348 2278 2604 2348 generale
2653 2278 2787 2334 illud
2839 2284 3272 2350 exspectandum
3329 2294 3447 2350 est,

167 2396 299 2434 cum
334 2380 591 2434 nrmirum
640 2380 731 2436 ille
773 2380 891 2450 ipse
922 2380 1014 2450 qui
1047 2380 1231 2434 dixit:
1282 2378 1395 2450 Ego
1435 2395 1550 2433 sum
1606 2376 1951 2440 resurrectio,
2021 2373 2312 2430 universos
2355 2373 2705 2440 evocaverit,
2758 2379 2814 2429 et
2883 2388 3115 2446 corpore
3155 2390 3220 2431 ac
3272 2385 3455 2434 mente

169 2474 381 2547 pariter
409 2472 698 2537 excitarit,
733 2478 898 2541 atque
939 2473 992 2526 in
1023 2470 1205 2525 futuro
1231 2469 1468 2525 adventu
1506 2484 1606 2525 sua
1647 2471 1769 2524 luce
1806 2465 2130 2540 perfuderit.

240 2576 292 2638 γ’
329 2569 422 2623 καὶ
449 2567 528 2637 λη’
555 2567 701 2638 σχόλ.
745 2566 893 2621 Ἀντὶ
916 2565 1032 2628 τοῦ,
1061 2566 1424 2634 Καταλείψει
1452 2565 1762 2633 ἄνθρωπος

167 2661 281 2716 τὸν
328 2658 553 2726 πατέρα
598 2656 786 2711 αὑτοῦ
832 2655 931 2709 καὶ
971 2654 1088 2724 τὴν
1113 2654 1361 2725 μητέρα.
1401 2655 1499 2708 καὶ
1539 2657 1761 2724 κολλη-

169 2751 424 2819 θήσεται
453 2749 528 2819 τῇ
550 2749 818 2819 γυναικί·
860 2747 960 2802 καὶ
979 2747 1224 2802 ἔσονται
1255 2751 1309 2802 οἱ
1331 2749 1441 2802 δύο
1460 2750 1546 2814 εὶς
1566 2747 1763 2816 σάρκα

167 2844 341 2911 μίαν,
373 2841 526 2911 παρά
557 2840 638 2904 τὸ,
674 2837 748 2908 τῇ
783 2839 1045 2908 γυναικί.

242 2940 292 3003 γ’
328 2932 422 2988 καὶ
442 2933 524 3005 λη’
553 2933 736 3001 ἔλεγχ.
795 2930 1194 2984 Ἀποδέδεικται
1219 2929 1481 2994 πολλάκις
1512 2929 1584 3000 μὴ
1613 2929 1761 2982 ἀλλό-

1938 2560 2124 2617 Schol.
2167 2563 2201 2615 3
2229 2571 2284 2616 et
2329 2560 2418 2617 '58.
2451 2561 2507 2616 ln
2535 2576 2602 2617 eo
2642 2561 2788 2632 quod
2823 2563 3087 2634 scriptum
3114 2573 3202 2621 est
3230 2585 3244 2622 :
3277 2565 3458 2624 Relin-

1865 2665 1986 2721 quet
2027 2652 2181 2707 homo
2227 2663 2431 2723 patrem
2478 2669 2633 2707 suum
2661 2663 2712 2706 et
2765 2665 3026 2720 matrem,
3070 2666 3122 2710 et
3167 2657 3457 2714 adha'rebit

1865 2746 2062 2810 uxori;
2107 2754 2156 2798 et
2187 2754 2338 2798 erunt
2366 2745 2472 2798 duo
2499 2745 2555 2799 in
2593 2761 2804 2799 carnem
2841 2761 3002 2800 unam
3025 2747 3066 2810 ',
3127 2750 3454 2806 vocabulum

1864 2837 2022 2889 uxori
2057 2836 2302 2891 sustulit.

1934 2925 2118 2982 Refut.
2136 2928 2170 2981 5
2185 2933 2238 2982 et
2262 2925 2352 2980 58.
2373 2924 2764 2995 Saepenumero
2791 2927 3104 2992 docuimus,
3121 2928 3263 2984 haud
3281 2925 3459 2986 aliena

168 3041 302 3096 τρια
338 3021 478 3078 εἶναι
510 3025 580 3079 τὰ
619 3027 676 3078 ἐν
703 3024 781 3094 τῷ
827 3023 979 3095 νόμῳ
1020 3026 1135 3086 τοῖς
1164 3023 1274 3076 ἀπὸ
1305 3022 1398 3076 τοῦ
1443 3021 1760 3076 Ἀποστόλου

1874 3033 1989 3074 esse
2021 3032 2144 3088 quae
2184 3017 2240 3070 in
2285 3017 2401 3086 lege
2448 3023 2580 3071 sunt
2617 3015 2779 3087 373
2811 3018 2880 3071 ab
2913 3017 2980 3072 iis
3013 3033 3134 3087 quae
3163 3019 3462 3088 Apostolus

169 3114 613 3183 διδασκομένοις·
667 3106 770 3167 κᾶν
800 3129 862 3165 τε
895 3113 983 3176 σὺ,
1030 3106 1076 3165 ὦ
1108 3110 1396 3182 Μαρκίων,
1445 3107 1768 3179 παρακόψῃς

171 3205 254 3272 τὸ,
279 3207 542 3276 γυναικί.
575 3205 706 3260 Ἀπὸ
732 3203 828 3259 τοῦ
850 3204 980 3275 γὰρ,
1001 3205 1246 3259 ἔσονται
1275 3204 1362 3270 εις
1387 3201 1584 3271 σάρκα
1599 3202 1766 3271 μίαν,

169 3297 307 3368 δήλη
337 3315 429 3352 σου
457 3299 608 3352 ἔσται
631 3299 665 3368 ἡ
693 3299 842 3350 πᾶσα
870 3295 1206 3368 ῥᾳδιουργία.

178 3410 296 3480 Τῆς
332 3412 483 3488 πρὸς
524 3409 861 3488 Κολοσσεῒς
903 3408 1121 3488 (ξγδᾴης
1149 3408 1308 3488 παρᾲ
1344 3405 1768 3488 τεῖᾎῌαρκιωνι

247 3478 548 3552 κειμένης,
580 3481 742 3550 παρά
777 3479 848 3533 δὲ
869 3478 955 3546 τῷ
1004 3481 1344 3544 Ἀποστόλῳ
1369 3478 1624 3549 ἑϐδόμης
1649 3494 1769 3531 κει-

245 3553 461 3624 μένης.

247 3665 300 3720 α’
333 3665 428 3718 καὶ
461 3662 539 3716 λθ⁹
593 3663 739 3734 σχὸλ.
778 3659 878 3730 Μὴ
911 3656 1026 3716 οὖν
1068 3679 1156 3728 τις
1205 3659 1361 3730 ὑμᾶς
1405 3659 1651 3728 κρινέτω
1700 3661 1769 3714 ἑν

174 3756 424 3826 βρώσει,
454 3755 493 3823 ἢ
524 3755 594 3808 ἐν
628 3757 830 3821 πόσει,
862 3753 900 3822 ἦ
947 3755 1016 3807 ἐν
1045 3751 1241 3821 ἑορτῇ,
1289 3751 1328 3821 ἢ
1373 3751 1444 3805 ἐν
1483 3752 1768 3821 νεομηνία

177 3850 275 3902 καὶ
314 3846 610 3912 Σαϐϐάτῳ,
642 3846 676 3899 ὅ
705 3847 838 3900 ἐστι
866 3844 1011 3900 σκιὰ
1049 3843 1167 3898 τῶν
1200 3845 1571 3913 μελλόντων.

254 3947 302 3994 α’
347 3940 443 3992 καὶ
475 3938 553 3992 λθ¹
585 3939 766 4009 ελεγχ.
821 3935 1133 4007 Οὐδαμὸθεν
1174 3934 1470 3989 ὑποπίπτει
1531 3934 1678 3997 σκιὰ,
1724 3928 1769 3987 ῶ

179 4032 467 4104 Μαρκίων.
515 4032 630 4087 ἀλλ’
663 4032 698 4098 ἢ
738 4029 847 4083 ἀπὸ
876 4029 1160 4100 σώματος’
1208 4027 1305 4082 καὶ
1335 4027 1495 4098 σῶμα
1526 4026 1586 4080 οὐ
1615 4026 1772 4081 δύνα-

177 4142 272 4178 ται
320 4121 480 4186 εἶναι,
535 4123 694 4187 σκιᾶς
740 4122 836 4176 ἀπ’
872 4119 1038 4175 αὑτοῦ
1090 4119 1164 4191 μὴ
1209 4119 1562 4188 φαινομένης.
1608 4117 1771 4172 Ὅθεν

178 4215 474 4285 πεισθῆναι
502 4213 808 4284 ὀφείλουσιν
837 4213 885 4267 οἱ
917 4211 1025 4264 ἀπὸ
1053 4208 1147 4265 σοῦ
1175 4209 1517 4280 ἠπατημένοι
1547 4207 1636 4262 διὰ
1662 4207 1772 4262 τῶν

181 4309 264 4364 ἔτι
292 4307 446 4379 παρά
472 4305 566 4359 σοῦ
609 4302 1027 4374 φυλαττομένων
1052 4301 1151 4372 τῆς
1178 4299 1437 4372 ἀληθείας
1476 4299 1585 4354 τῶν
1609 4298 1770 4352 θείων

1873 3110 2123 3176 tradidit;
2159 3108 2297 3172 etsi,
2357 3107 2582 3173 Marcio,
2623 3122 2822 3162 nomen
2873 3111 3061 3162 uxoris
3101 3113 3456 3181 expunxeris.

1871 3203 2086 3259 Etenim
2133 3201 2225 3256 illa
2279 3202 2398 3271 ipsa
2441 3199 2643 3266 verba,
2692 3209 2845 3252 erunt
2898 3201 2952 3254 in
3009 3217 3220 3256 carnem
3262 3219 3456 3267 unam,

1872 3293 2116 3349 fraudem
2152 3301 2300 3347 tuam
2333 3293 2470 3349 satis
2503 3306 2776 3363 superque
2805 3291 3091 3364 detegunt.

1877 3407 1958 3462 Ex
1993 3406 2235 3477 Epistola
2272 3405 2340 3458 ad
2377 3404 2737 3461 Colossenses.
2778 3422 2938 3474 quant
2969 3415 3207 3477 octavam
3254 3406 3460 3462 Marcio

2220 3477 2467 3540 collocat,
2498 3477 2783 3545 Apostolus
2821 3493 2939 3532 vero
2983 3474 3117 3562 VII.

1945 3651 2132 3707 Schol.
2175 3653 2201 3706 1
2235 3661 2291 3707 et
2332 3651 2422 3707 59.
2465 3651 2636 3706 Nemo
2681 3670 2804 3723 ergo
2859 3671 2945 3708 vos
2991 3656 3198 3725 judicet
3233 3659 3287 3712 in
3321 3659 3460 3720 cibo,

1872 3753 1965 3798 aut
1986 3745 2041 3797 iu
2069 3753 2218 3812 potu,
2263 3751 2356 3797 aut
2388 3745 2440 3797 in
2472 3743 2628 3812 festo.
2677 3755 2770 3797 aut
2805 3747 2859 3798 in
2898 3744 3209 3812 Neomem’a,
3239 3757 3290 3802 et
3325 3749 3462 3803 Sab-

1873 3836 2016 3901 bato,
2047 3850 2163 3906 qua:
2192 3844 2270 3888 est
2306 3833 2494 3888 umbra
2522 3835 2825 3904 futurorum
2846 3837 2886 3892 ⁸.

1943 3927 2128 3983 Relut.
2181 3929 2205 3982 1
2243 3936 2295 3984 et
2324 3929 2414 3986 '59.
2457 3929 2640 4000 Neque
2685 3931 2906 3985 aliunde
2943 3946 3108 4000 quam
3151 3947 3182 3987 a
3229 3947 3462 4006 corpore

1876 4020 2070 4074 umbra
2107 4021 2417 4092 spargitur;
2463 4036 2640 4092 neque
2686 4036 2888 4092 corpus
2927 4038 3050 4077 esse
3083 4032 3282 4093 potest,
3326 4028 3460 4096 quin

1875 4127 1944 4166 ab
1977 4125 2042 4166 eo
2087 4112 2280 4166 umbra
2321 4121 2625 4181 promanet.
2675 4112 3042 4180 Quamobrem
3077 4131 3141 4169 ex
3186 4116 3294 4172 illis
3328 4117 3462 4187 ipsis

1874 4201 2121 4256 vernalis
2179 4216 2243 4257 ac
2293 4217 2576 4257 sacrarum
2623 4201 2954 4257 Litterarum
3008 4203 3277 4275 reliquiis,
3321 4221 3462 4277 quas

1875 4294 2019 4348 anud
2051 4304 2104 4350 te
2145 4295 2371 4358 retines,
2415 4293 2629 4348 discere
2664 4293 3026 4349 circumventi
3063 4295 3162 4352 abs
3201 4304 3254 4352 te
3281 4295 3460 4352 homi-

181 4399 416 4474 Γραφῶν
454 4399 741 4469 λειψάνων,
785 4399 888 4461 ὅτι,
945 4396 1244 4468 μελλόντων
1292 4395 1514 4464 ἀγαθῶν
1563 4396 1744 4448 ἀποκσ

1880 4403 1978 4441 nes
2003 4386 2226 4452 debent,
2260 4386 2330 4441 ab
2362 4386 2431 4440 iis
2457 4385 2617 4441 bonis
2645 4402 2767 4456 qua:
2798 4387 3092 4458 retegenda
3122 4388 3254 4442 olim
3278 4397 3458 4450 erant,

178 4493 506 4555 λὺπτεσθαι,
561 4491 658 4545 οὐκ
709 4489 968 4561 ἀλλότρια
1016 4483 1084 4559 ἦν
1137 4485 1206 4540 τὰ
1254 4487 1374 4542 τότε
1425 4485 1770 4556 δικαιώματα

178 4584 537 4656 προσκαίρους
575 4579 1029 4652 προστεταγμένα
1075 4579 1204 4650 περὶ
1258 4577 1513 4650 βρώσεως
1546 4577 1640 4631 καὶ
1670 4576 1769 4630 πό-

181 4690 347 4735 σεως,
382 4671 474 4724 καὶ
507 4670 705 4742 μέρους
736 4669 941 4741 ἑορτῶν
976 4668 1070 4722 καὶ
1097 4668 1397 4738 νεομηνιῶν
1438 4667 1533 4722 καὶ
1557 4667 1770 4723 20.666-

175 4783 311 4828 των,
337 4757 414 4818 ὧν
441 4762 660 4831 ἀγαθῶν
704 4763 832 4816 σκιά
871 4756 1011 4833 ἦσαν
1049 4760 1116 4814 τὰ
1146 4759 1551 4832 προειρημένα·
1595 4761 1662 4813 δι’
1695 4753 1771 4814 ὧν

179 4857 356 4912 σκιῶν
401 4857 465 4910 τὸ
512 4855 672 4930 σῶμα
701 4854 1108 4926 κατειλήφαμεν
1146 4853 1255 4906 τῶν
1297 4851 1608 4906 ἐνεστώτων
1637 4853 1769 4921 ἀγα-

179 4948 294 5004 θῶν
342 4951 400 5004 ἐν
429 4949 580 5020 νόμῳ
626 4948 726 5020 μὲν
768 4944 1308 5020 σκιαγραφηθέντων,
1351 4948 1408 5000 ὲν
1453 4945 1672 5019 Χριστῷ
1713 4945 1770 4999 δὲ

177 5040 601 5095 τελειωθέντων.

601 5151 757 5218 Πρὸς
786 5153 1092 5219 Φιλήμονα
1122 5149 1359 5216 ἐνάτης.

255 5263 440 5326 Οὕτως
490 5261 600 5333 γὰρ
632 5260 784 5334 παρὰ
822 5260 900 5330 τῷ
929 5261 1216 5331 Μαρκίωνι
1268 5263 1465 5314 κεῖται.
1514 5259 1671 5331 Παρά
1710 5259 1766 5311 δὲ

179 5355 262 5425 τῷ
302 5353 615 5424 ’Δποστόλῳ
656 5353 860 5423 ἐσχάτη
890 5355 1099 5406 κεῖται·
1138 5353 1196 5403 ἐν
1236 5351 1381 5423 τρισὶ
1410 5350 1466 5404 δὲ
1505 5351 1764 5422 ἀντιγρά-

264 5529 279 5562 ¹
313 5527 472 5586 Joan.
512 5544 589 5593 XI,
631 5527 716 5581 59.

528 5670 798 5730 Ρλτιιοι.
855 5669 972 5734 Cn.
1029 5667 1195 5731 XLI.

797 5528 816 5556 ¹
861 5525 1029 5583 Marc.
1069 5542 1122 5590 ν,
1156 5527 1244 5586 '55.
1270 5526 1358 5581 59.
1436 5526 1455 5555 ⁸
1489 5522 1647 5581 Joan.
1683 5540 1757 5591 xl,
1797 5526 1882 5580 45.

1879 4476 2137 4540 mandata
2167 4478 2259 4532 illa
2291 4494 2637 4550 nequaquam
2667 4479 3050 4544 abhorruisse,
3093 4496 3213 4551 qua:
3239 4480 3305 4536 de
3335 4481 3462 4536 cibo

1879 4583 1942 4623 ac
1975 4581 2128 4640 potu,
2163 4569 2341 4637 festis,
2375 4585 2439 4624 ac
2465 4570 2800 4638 Neomeniis,
2831 4583 2884 4627 et
2914 4570 3170 4629 Sabbatis
3196 4587 3294 4644 pro
3321 4582 3462 4628 tem-

1877 4664 2030 4732 poris
2072 4665 2287 4719 ratione
2336 4664 2654 4734 praescripta
2703 4672 2876 4720 sunt:
2909 4680 3140 4734 quarum
3184 4679 3285 4719 nos
3334 4681 3460 4720 um-

1879 4754 2102 4811 brarum
2135 4756 2401 4812 beneﬁcio
2437 4759 2788 4828 praesentium
2836 4760 3127 4821 bonorum,
3165 4765 3224 4813 ut
3271 4759 3342 4812 ita
3373 4759 3460 4813 di-

1878 4860 2022 4908 cam.
2055 4863 2258 4919 corpus
2287 4849 2467 4920 adepti
2497 4863 2709 4916 sumus,
2740 4866 2861 4920 qua:
2890 4851 2944 4904 in
2977 4851 3095 4919 lege
3133 4851 3460 4905 adumbrata

1879 4946 2161 5007 postremo
2194 4943 2250 4995 in
2281 4941 2505 4997 Cbristo
2535 4940 2778 5014 perfecta
2811 4950 2967 4998 sunt.

2048 5146 2121 5200 De
2153 5145 2390 5214 Epistola
2423 5146 2528 5212 IX,
2560 5165 2675 5217 qua:
2703 5158 2779 5202 est
2809 5148 2876 5199 ad
2910 5145 3285 5201 Philemonem.

1950 5257 2061 5312 Iloc
2097 5258 2243 5311 illam
2292 5258 2484 5313 ordine
2528 5258 2732 5314 Marcio
2781 5259 3105 5325 collocavit,
3151 5275 3278 5312 enm
3321 5260 3468 5328 Apo-

1877 5351 2051 5405 stolus
2079 5349 2272 5405 ultimo
2307 5352 2427 5405 loco
2460 5353 2721 5422 posuerit.
2757 5351 2864 5407 Sed
2901 5354 2954 5408 in
3004 5351 3284 5409 nonnullis
3315 5351 3466 5403 codi~

3005 5535 3024 5562 ⁸
3058 5529 3253 5585 Coloss
3280 5537 3344 5585 ιι,
3381 5521 3465 5578 16.

3095 5663 3180 5726 26

1968 5527 1984 5556 ⁸
2014 5525 2178 5580 Marc.
2210 5544 2264 5593 ι’,
2307 5528 2396 5583 Η.
2477 5529 2495 5558 ⁵
2530 5527 2726 5600 Ephes.
2759 5545 2809 5591 ν,
2833 5528 2924 5584 3|.
