4008 6078
541 253 638 310 8H

1937 261 1992 315 S.
2039 259 2377 319 EPIPHANII

3678 274 3791 330 812

541 368 701 424 cibus
728 365 845 422 XIII
863 374 988 423 ante
1008 367 1309 440 Epistolam
1332 369 1398 423 ad
1417 368 1693 433 Hebraeos,
1721 388 1842 442 quae
1864 381 1947 429 est
1965 372 2089 427 XIV.

2207 392 2328 442 φοις
2375 380 2793 453 τρισκαιδεκάτῃ
2846 384 2952 456 πρὸ
2995 385 3093 456 τῆς
3138 387 3274 459 πρὸς
3335 388 3623 461 Ἐϐραίους
3661 409 3791 447 τεσ-

542 470 881 515 numeratur.
926 461 1044 514 Alia
1084 475 1279 516 rursus
1321 460 1652 531 exemplaria
1693 461 1990 531 Epistolam
2043 465 2109 518 ad

540 549 798 605 Hebraeos
842 549 1109 604 decimam
1158 557 1389 619 ponunt,
1437 549 1608 604 autel
1659 558 1712 605 et
1748 548 1788 602 II
1824 550 1890 604 ad
1931 549 2113 604 Timo-

514 640 750 705 atheum,
806 640 872 694 ad
916 639 1119 705 Titum,
1161 648 1215 695 et
1257 639 1650 697 Philemonem.
1702 640 1808 696 Sed
1841 641 2108 711 quidquid

538 736 621 788 est
652 732 984 802 integrorum
1028 746 1094 786 ac
1133 733 1235 788 Iide
1265 733 1549 803 dignorum
1592 732 1842 787 codicum
1877 731 2105 802 primam

537 823 604 879 ad
642 822 919 877 Romanos
951 822 1247 893 Epistolam
1281 824 1536 889 collocat,
1573 840 1680 879 non
1715 839 1834 880 eam
1881 839 2004 894 qua:
2039 823 2106 877 ad

533 912 753 970 Galatas
775 923 882 974 est.
910 929 1071 983 quam
1103 920 1160 969 tu
1184 915 1412 984 primam
1444 930 1588 980 esse,
1613 914 1836 980 Marcio,
1864 914 2101 970 voluisti.

535 1006 803 1061 Caeterum
837 1005 973 1060 nihil
1004 1022 1067 1061 ex
1110 1005 1352 1076 Epistola
1379 1007 1445 1060 ad
1470 1005 1841 1062 Philemonem
1876 1006 2107 1060 adnota-

532 1096 735 1159 vimus,
765 1097 910 1167 quod
944 1096 1089 1167 apud
1121 1097 1272 1151 illum
1304 1098 1525 1153 omnino
1556 1097 1851 1169 depravata
1883 1099 2099 1169 legitur.

851 1229 935 1284 Ea:
967 1231 1202 1301 Epistola
1229 1230 1298 1287 ad
1331 1232 1690 1302 Philippense:
1714 1232 1786 1287 Χ.

524 1394 531 1401 .
602 1343 727 1399 Ilaec
759 1345 902 1399 enim
949 1345 1455 1414 apud-Marcionem
1500 1346 1710 1400 decima
1749 1355 1833 1401 est
1858 1344 2023 1419 374
2048 1354 2104 1403 et

533 1435 742 1498 ultima,
788 1435 930 1505 apud
965 1436 1284 1505 Apostolum
1328 1444 1504 1492 sexta.
1544 1438 1629 1493 Ab
1680 1438 1803 1503 hac,
1836 1439 1982 1508 quod
2023 1440 2104 1492 vi-

528 1525 661 1579 tiata
705 1526 922 1595 penitus
955 1534 1102 1583 esset
1153 1541 1218 1581 ac
1268 1534 1545 1599 corrupta,
1595 1528 1730 1582 nihil
1766 1526 2099 1598 seligendum

526 1616 803 1673 duximus.

2211 472 2703 544 σαρεσκαιδεκάτης
2730 476 3007 532 τέτακται.
3048 480 3218 534 Ἀλλα
3248 481 3305 535 δὲ
3332 483 3642 555 ἀντίγραφα
3669 486 3787 556 ἔχει

2208 560 2306 631 τὴν
2336 564 2471 634 πρὸς
2523 564 2807 637 Ἐϐραίους
2847 569 3080 642 δεκάτην
3104 572 3210 642 πρὸ
3246 574 3355 627 τῶν
3386 573 3477 627 δύο
3504 576 3613 629 τῶν
3645 577 3788 651 πρὸς

2208 653 2490 720 Τιμόθεον,
2541 658 2635 710 καὶ
2676 658 2855 726 Τίτον,
2905 662 2999 715 καὶ
3044 664 3346 735 Φιλήμονα.
3388 666 3574 721 Πάντα
3610 668 3667 721 δὲ
3714 670 3788 723 «ca

2207 743 2514 817 ἀντίγραφα
2547 748 2614 801 τὰ
2656 749 2770 803 σῶα
2812 753 2908 805 καὶ
2939 753 3110 826 ἀληθῆ
3146 756 3247 827 τὴν
3292 759 3430 828 πρὸς
3476 759 3785 829 Ῥωμαίους

2206 833 2387 906 ἔχουσι
2422 835 2662 908 πρώτην,
2691 842 2789 911 οὐχ
2819 842 2894 906 ὡς
2924 845 3009 908 σὺ,
3056 845 3335 913 Μαρκίων,
3361 849 3456 918 τὴν
3492 849 3629 919 πρὸς
3671 850 3783 903 Γα-

2206 925 2377 990 λάτας
2400 928 2592 995 ἔταξας
2629 931 2869 1003 πρώτην.
2917 935 3105 1006 Ὅμως
3131 936 3241 990 ἀπὸ
3280 937 3485 1008 ταύτης
3506 940 3607 1009 τῆς
3643 940 3786 1010 πρὸς

2203 1017 2479 1088 Φιλήμονα
2506 1022 2659 1076 οὐδὲν
2688 1022 3058 1094 παρεθέμεθα,
3084 1026 3170 1080 διὰ
3189 1027 3577 1101 ἰδ’ὁλοσχερῶς
3607 1031 3785 1102 αὐτὴν

2203 1105 2539 1180 διαστρόφως
2578 1113 2707 1182 παρ’
2735 1113 2882 1184 αὐτῷ
2910 1114 3141 1170 κεῖσθαι.

2517 1247 2676 1315 Πρὸς
2716 1251 3157 1318 Φιλιππησίους
3181 1252 3453 1322 δεκάτης.

2272 1355 2458 1421 Οὕτως
2503 1357 2610 1431 γὰρ
2667 1363 2844 1415 κεῖται
2899 1363 3048 1434 παρά
3096 1362 3175 1434 τῷ
3226 1366 3513 1436 Μαρκίωνι
3569 1367 3778 1439 ἐσχάτη

2203 1447 2297 1500 καὶ
2335 1448 2558 1519 δεκάτη.
2589 1451 2741 1521 παρά
2759 1452 2816 1505 δὲ
2840 1453 2919 1523 τῷ
2959 1454 3265 1527 Ἀποστόλῳ
3292 1456 3443 1527 ἕκτη.
3503 1458 3779 1522 Ὡσαύτως

2201 1535 2321 1590 οὐδὲ
2352 1538 2445 1590 ἀπ’
2484 1540 2675 1610 αὐτῆς,
2708 1541 2796 1595 διὰ
2824 1542 2885 1595 τὸ
2921 1543 3258 1616 διαστρόφως
3302 1550 3432 1618 παρ’
3470 1548 3622 1619 αὐτῷ
3658 1552 3777 1603 κεί-

2205 1624 2348 1692 σθαι,
2377 1628 2527 1682 οὐδὲν
2555 1629 2933 1702 ἐξελεξάμεθα.

605 1705 882 1763 Hactenus
919 1707 1211 1765 Marcionis
1244 1724 1382 1780 opus
1408 1725 1472 1765 cx
1507 1707 1783 1780 Evangelii
1817 1707 1999 1770 Luca}.
2044 1715 2089 1762 el

2271 1719 2419 1791 Αὕτη
2451 1722 2803 1795 πεπλήρωται
2838 1726 2871 1796 ή
2910 1725 3001 1779 τοῦ
3036 1728 3357 1798 Μαρκίωνος
3385 1730 3638 1799 σύνταξις
3665 1733 3775 1786 ἀπὸ

434 1820 445 1826 ·
528 1798 777 1869 Apostoli
814 1798 1166 1867 scriptorum,
1197 1814 1261 1854 ac
1287 1799 1523 1869 denique
1548 1813 1829 1854 sacrorum
1861 1799 2095 1854 volumi-

523 1902 655 1941 num
693 1885 938 1956 reliquiis
971 1893 1310 1941 contextum.
1343 1885 1420 1940 Ex
1448 1885 1649 1955 quibus
1692 1884 1761 1939 ab
1789 1899 1856 1941 eo
1895 1883 2098 1939 relictis

524 1978 833 2050 particulis,
873 1992 994 2047 qua:
1019 1977 1087 2032 ad
1119 1978 1270 2032 illum
1312 1976 1744 2033 convincendum
1778 1975 1956 2031 facere
2000 1990 2097 2046 po-

523 2076 705 2124 terant
738 2067 1059 2140 delegimus.
1097 2067 1300 2124 Pra-ter
1334 2070 1448 2125 haec
1498 2083 1629 2125 vero
1663 2083 1727 2124 ex
1767 2083 1832 2124 ea
1876 2082 1998 2139 quae
2029 2068 2097 2122 ad

522 2160 890 2217 Laodicenses
921 2162 1181 2231 inscripta
1211 2173 1294 2217 εει
1316 2162 1580 2231 Epistula,
1609 2159 1856 2231 quaedam
1886 2159 1941 2214 in
1971 2174 2094 2214 eum

522 2253 743 2315 librum,
772 2268 934 2325 quem
961 2253 1319 2322 Apostolicum
1352 2262 1530 2317 vocat,
1563 2252 1862 2307 transtulit.

592 2341 778 2400 Schol.
817 2344 843 2399 1
885 2355 939 2399 et
968 2346 1060 2401 40.
1104 2343 1251 2400 Unus
1291 2345 1571 2415 Dominus,
1612 2364 1717 2402 una
1746 2349 1897 2418 ﬁdes,
1932 2367 2094 2406 unum

520 2436 804 2503 baptisma,
849 2453 985 2492 unus
1032 2436 1296 2501 Christus,
1330 2455 1466 2495 unus
1507 2439 1648 2497 Deus
1694 2451 1744 2496 et
1789 2426 1952 2498 Pater
1984 2460 2098 2498 om-

519 2530 664 2582 nium
691 2547 704 2584 :
730 2530 820 2599 qui
842 2546 997 2599 super
1020 2531 1195 2585 omnia
1224 2542 1273 2586 et
1309 2547 1400 2601 per
1425 2534 1601 2587 omnia
1629 2543 1678 2587 et
1706 2534 1758 2587 in
1789 2533 2029 2590 omnibus
2050 2535 2090 2589 ¹.

589 2713 766 2770 Reiut.
799 2716 823 2770 l
862 2724 916 2771 et
945 2716 1032 2771 40.
1073 2713 1441 2774 Consentium
1479 2732 1602 2772 cum
1631 2718 1698 2775 iis
1730 2733 1851 2788 quae
1882 2720 1936 2774 in
1965 2717 2090 2789 Epi-

528 2808 668 2861 stola
692 2806 805 2862 adE
824 2807 1042 2878 phesios
1069 2807 1344 2878 leguntur,
1367 2824 1487 2879 quae
1505 2824 1570 2864 ex
1597 2807 1835 2879 Epistola
1866 2810 1931 2863 ad
1953 2808 2089 2866 Lao-

526 2898 755 2954 dicenos
795 2898 896 2967 (sic
932 2898 1078 2951 enim
1110 2898 1449 2970 inscribitur)
1480 2906 1672 2953 contra
1704 2908 1755 2954 te
1772 2898 2088 2955 testimonia

516 2991 814 3060 protulisti,
862 2996 921 3044 ut
960 2991 1012 3044 in
1062 2990 1168 3045 line
1217 2989 1435 3046 tandem
1463 3005 1584 3061 quae
1630 2990 1696 3045 ad
1733 2999 1786 3046 te
1814 2993 2089 3063 pertinent

517 3081 746 3153 legendo
776 3081 1077 3150 discamus,
1105 3091 1338 3153 tuasque
1364 3099 1455 3140 res
1494 3084 1845 3155 intelligendo
1872 3087 1974 3139 tria
1998 3085 2089 3139 illa

515 3184 723 3230 temere
744 3174 843 3231 abs
873 3182 925 3231 te
958 3176 1269 3247 excogitata
1300 3176 1565 3246 principia
1598 3177 1868 3248 principio
1889 3193 2088 3234 caren-

514 3266 609 3329 tia,
670 3274 725 3321 et
760 3280 790 3319 a
851 3280 913 3323 se
974 3266 1206 3321 invicem
1253 3266 1468 3324 diversa
1521 3267 1863 3324 damnemus.
1907 3268 2089 3340 Longe

511 3359 660 3411 enim
697 3357 803 3412 alia
849 3363 935 3414 est
965 3356 1212 3429 Apostoli
1240 3358 1513 3423 doctrina,
1559 3374 1624 3413 ac
1665 3358 1861 3429 dogma
1897 3359 2089 3417 ﬁrmis-

512 3448 735 3514 simum,
792 3449 939 3519 quod
981 3463 1012 3502 a
1044 3448 1205 3519 nugis
1259 3449 1367 3505 tuis
1403 3463 1466 3503 ac
1510 3450 1708 3504 fabulis
1762 3466 2089 3522 magnopere

511 3537 759 3594 dissidet.
792 3537 1007 3593 Etenim
1039 3539 1329 3609 perspicue
1371 3555 1537 3595 unum
1571 3539 1860 3596 Dominum
1899 3543 2088 3599 deﬁnit

510 3643 656 3692 esse,
716 3643 880 3684 unam
923 3630 1106 3696 Iidem,
1150 3645 1317 3683 unum
1365 3631 1655 3702 baptisma,
1684 3649 1870 3694 ,unum
1918 3634 2085 3691 Deum

448 3708 459 3713 ’
510 3719 871 3791 eumdemque
909 3720 1124 3777 Patrem
1159 3722 1427 3786 omnium,
1478 3724 1572 3793 qui
1608 3740 1774 3794 super
1810 3726 1994 3782 omnia
2032 3737 2088 3782 et

510 3811 568 3866 in
591 3812 844 3871 omnibus
872 3823 977 3875 est,
1017 3823 1126 3868 tam
1154 3814 1209 3868 in
1240 3814 1357 3885 lege
1382 3830 1545 3885 quam
1590 3816 1643 3870 in
1685 3818 1987 3888 pmphetis,
2031 3828 2087 3874 et

510 3904 565 3958 in
595 3904 861 3974 apostolis
895 3905 1174 3969 omnibus,
1213 3920 1279 3961 ac
1310 3905 1573 3975 deinceps
1604 3908 1833 3963 caeteris.

580 3994 706 4051 Haec
733 3996 900 4067 igitur
926 4011 957 4051 e
984 4011 1268 4051 sacrarum
1303 3996 1635 4051 Litterarum
1668 4000 1934 4068 reliquiis,
1961 4016 2083 4070 quae

506 4084 651 4154 apud
691 4082 1019 4141 Marcionem
1050 4085 1230 4139 adhuc
1266 4087 1635 4155 reperiuntur,
1668 4104 1697 4142 a
1729 4090 1888 4145 nobis
1917 4092 2085 4147 colle—

506 4185 597 4232 cta
641 4176 687 4232 si
718 4176 846 4248 quis
884 4177 1216 4242 consideret,
1255 4175 1456 4232 divina:
1482 4179 1837 4248 providentia:
1869 4182 2082 4251 magni-

508 4265 778 4321 licentiam
811 4266 1177 4338 obstupescet.
1209 4267 1344 4322 Cum
1388 4268 1535 4323 enim
1565 4269 1817 4339 quaelibet
1869 4286 1955 4326 res
1990 4272 2085 4325 tri-

507 4358 614 4413 bus
645 4357 974 4414 testimoniis
1000 4360 1317 4430 approbari,
1349 4367 1404 4415 et
1442 4360 1630 4415 haberi
1662 4378 1760 4431 pro
1802 4375 2077 4434 comperta

507 4445 701 4510 soleat,
736 4446 998 4517 singulari
1033 4458 1118 4504 est
1156 4449 1248 4504 Dei
1297 4450 1582 4515 beneﬁcio,
1631 4463 1685 4506 et
1729 4453 2077 4509 administra-

508 4537 675 4603 tione,
704 4538 783 4592 uti
820 4538 1081 4605 diximus,
1118 4541 1343 4605 I'actum,
1391 4552 1450 4597 ut
1481 4543 1585 4598 hoc
1615 4546 1668 4597 in
1703 4547 1923 4616 negotio
1950 4558 2077 4600 octo

503 4630 669 4687 nobis
702 4644 767 4684 ac
799 4631 1141 4701 septuaginta
1173 4634 1482 4688 testimonia
1518 4634 1911 4707 ex‘Evaugelio
1947 4654 2077 4709 snp-

505 4726 774 4787 petere-nt,
806 4734 873 4775 ex
898 4719 1156 4789 Apostulo
1196 4722 1578 4794 quadraginta.
1611 4723 1740 4791 Quae
1791 4729 1971 4781 omnia
2006 4731 2075 4783 ad

507 4810 649 4864 hanc
676 4824 850 4880 usque
876 4810 1017 4865 diem
1056 4805 1197 4883 apud
1237 4815 1386 4867 illum
1423 4826 1661 4882 servata,
1703 4833 1802 4873 nec
1850 4818 1906 4873 in
1944 4835 2076 4876 con-

505 4903 823 4958 troversiam
868 4903 1101 4961 adducta
1130 4913 1278 4969 sunt,
1325 4906 1460 4962 adeo
1492 4917 1550 4962 ut
1593 4917 1814 4964 centum
1849 4914 2072 4967 omnino

503 5004 668 5067 atque
710 4997 1010 5053 octodecim
1054 5010 1290 5056 exstent.
1337 5000 1470 5068 Quae
1506 5004 1724 5073 quidem
1774 5004 2069 5062 Marcionis

497 5090 849 5158 Opinionibus
881 5092 1265 5148 contradicunt
1294 5113 1305 5147 :
1342 5094 1424 5149 sic
1456 5102 1711 5164 tanquam
1741 5110 1803 5151 cx
1836 5112 2068 5167 persona

2197 1811 2293 1865 τοῦ
2336 1813 2478 1867 κατά
2513 1816 2726 1870 Λουκᾶν
2768 1817 3121 1888 Εὐαγγελίου,
3170 1822 3265 1875 καὶ
3309 1822 3404 1876 τοῦ
3448 1825 3772 1879 ’Δποστόλου

2200 1900 2522 1974 σωζομένων
2562 1904 2849 1975 λειψάνων,
2881 1907 3052 1978 λόγων
3088 1928 3148 1964 τε
3191 1912 3528 1978 ὑποθέσεως
3576 1917 3671 1982 ἀφ’
3702 1911 3773 1986 ἧς

2197 1992 2586 2065 ἀναλεξάμενοι
2634 1997 2701 2052 τά
2748 2000 2869 2053 κατ’
2912 2002 3076 2055 αὑτοῦ
3120 2004 3230 2057 ἀπὸ
3273 2004 3381 2063 τῶν
3422 2007 3555 2078 παρ’
3603 2008 3771 2064 αὐτοῦ

2200 2085 2539 2155 σωζομένων,
2583 2088 2710 2149 τοὺς
2755 2089 3007 2161 ἐλέγχους
3047 2094 3417 2167 παρεθέμεθα.
3467 2098 3772 2168 Προσέθετο

2197 2172 2254 2227 δὲ
2289 2176 2347 2228 ὲν
2370 2173 2447 2245 τῷ
2489 2175 2602 2247 ἰδίῳ
2630 2178 2740 2250 (86)
2787 2180 3199 2251 Ἀποστολικῷ,
3211 2186 3526 2259 καλουμένῳ
3550 2190 3645 2243 καὶ
3671 2189 3770 2259 τῆς

2198 2263 2537 2335 καλουμένης
2567 2268 2703 2339 πρὸς
2730 2270 3049 2337 Λαοδικέας.

2267 2366 2315 2411 α’
2356 2360 2450 2414 καὶ⁵
2498 2367 2552 2431 μ’
2606 2361 2754 2433 σχόλ.
2809 2359 2913 2431 Εἷς
2966 2366 3205 2434 Κύριος,
3252 2368 3364 2437 μία
3414 2370 3654 2436 πίστις,
3697 2370 3772 2427 ἓν

2190 2448 2539 2521 βάπτισμα,
2594 2448 2683 2520 εἷς
2730 2457 3004 2524 Χριστὸς,
3054 2453 3143 2527 εἷς
3204 2461 3349 2527 Θεὸς
3411 2463 3510 2516 καὶ
3566 2463 3772 2532 Πατὴρ

2195 2541 2457 2609 πάντων,
2503 2547 2537 2599 ό
2577 2545 2677 2601 ἐπὶ
2721 2546 2962 2603 πάντων
2989 2550 3089 2605 καὶ
3127 2550 3226 2606 διὰ
3270 2551 3513 2610 πάντων
3557 2556 3657 2610 καὶ
3700 2556 3772 2609 ἐν

2195 2632 2401 2689 πᾶσιν.
3576 2689 3581 2698 .

2264 2733 2313 2780 α’
2343 2728 2437 2781 καὶ
2485 2727 2537 2799 μ’
2577 2728 2755 2801 ἔλεγχ.
2790 2731 3131 2805 Συνᾳδόντως
3164 2736 3262 2805 μὲν
3301 2740 3366 2808 τῇ
3411 2737 3549 2808 πρὸς
3608 2738 3769 2806 Ἐφε-

2196 2814 2364 2878 σίους,
2393 2808 2438 2868 ὦ
2465 2816 2752 2888 Μαρκίων,
2780 2819 2875 2872 καὶ
2901 2820 3103 2884 ταύτας
3126 2822 3224 2886 τὰς
3251 2823 3392 2876 κατὰ
3421 2823 3515 2876 σού
3556 2841 3772 2895 μαρτν-

2196 2906 2315 2977 ρίας
2346 2908 2454 2960 ἀπὸ
2494 2908 2595 2979 τῆς
2627 2910 2926 2983 λεγομένης
2959 2912 3095 2985 πρὸς
3126 2914 3421 2978 Λαοδικέας
3458 2918 3770 2987 συνήγαγες

2194 2998 2333 3051 κατὰ
2385 2998 2848 3079 σοῦμαρτυρίας’
2882 3003 2965 3056 ἵνα
3022 3005 3114 3057 ἐπὶ
3144 3003 3220 3074 τῷ
3264 3004 3404 3058 τέλει
3447 3005 3541 3059 τοῦ
3587 3023 3767 3079 σφραο

2194 3090 2459 3169 γίσματος
2492 3078 2776 3164 ’μάθωμεν
2821 3095 3147 3164 ἀναγνόντες
3197 3095 3265 3150 τὰ
3313 3098 3462 3168 παρὰ
3505 3098 3626 3160 σοί,
3673 3101 3771 3152 καὶ

2194 3180 2410 3247 γνόντες
2440 3180 2509 3235 τὰ
2549 3182 2692 3236 κατά
2720 3184 2800 3250 σὲ,
2832 3186 3190 3255 καταγνῶμεν
3228 3186 3336 3239 τῶν
3357 3186 3446 3240 διὰ
3477 3186 3575 3240 σοῦ
3610 3187 3768 3241 ἀλλο-

2190 3271 2357 3343 τρίως
2387 3272 2818 3345 ὲπινενοημένων
2850 3277 3017 3347 τριῶν
3061 3279 3311 3348 ἀνάρχων
3351 3278 3535 3349 ἀρχῶν
3578 3279 3769 3348 διαφο-

2192 3362 2292 3435 ράς
2337 3364 2473 3433 πρὸς
2500 3364 2734 3435 ἀλλήλας
2774 3368 3033 3437 ἐχουσῶν.
3066 3369 3178 3440 Οὐχ
3221 3368 3394 3432 οὕτως
3438 3369 3548 3441 γὰρ
3572 3370 3686 3440 ἔχει
3730 3372 3767 3441 ἡ

2188 3453 2282 3506 τοῦ
2334 3455 2491 3524 ἁγίου
2548 3457 2868 3511 Ἀποστόλου
2918 3458 3171 3523 ὑπόθεσις
3227 3461 3319 3514 καὶ
3360 3462 3767 3533 ὴσφαλισμένον

2189 3545 2467 3616 κήρυγμα,
2510 3547 2645 3602 ἀλλὰ
2675 3549 2866 3613 ἄλλως,
2899 3552 3048 3621 παρὰ
3079 3552 3141 3604 τὸ
3170 3553 3261 3606 σὺν
3291 3554 3619 3625 ποιήτευμα.
3661 3555 3766 3606 Σα-

2190 3637 2304 3704 φῶς
2333 3638 2440 3707 γὰρ
2485 3639 2587 3710 ἔφη
2619 3641 2711 3694 ἕνα
2737 3642 2959 3713 Κύριον,
2994 3645 3120 3715 μίαν
3145 3646 3345 3711 πίστιν,
3372 3644 3431 3699 ἓν
3453 3645 3764 3718 βάπτισμα,

2187 3727 2284 3781 ἕνα
2318 3728 2451 3782 Θεὸν
2485 3730 2575 3784 τὸν
2603 3732 2765 3786 αὑτὸν
2799 3735 3021 3805 Πατέρα
3064 3737 3302 3798 πάντων,
3342 3737 3435 3790 τὸν
3476 3739 3641 3792 αὐτὸν
3670 3739 3765 3791 ἐπὶ

2187 3816 2425 3883 πάντων,
2471 3820 2567 3873 καὶ
2609 3823 2669 3874 ὲν
2699 3824 2833 3876 πᾶσι
2862 3822 2951 3878 διά
2994 3842 3052 3876 τε
3093 3826 3257 3896 νόμου
3302 3827 3397 3880 καὶ
3441 3829 3763 3900 προφητῶν,

2187 3908 2282 3961 καὶ
2310 3910 2370 3962 ὲν
2397 3912 2563 3965 πᾶσιν
2600 3913 2937 3979 ἀποστόλοις,
2969 3916 3066 3969 καὶ
3092 3918 3150 3969 ὲν
3184 3920 3296 3981 τοῖς
3326 3917 3578 3988 καθεξῆς.

2256 4001 2403 4072 Α’ύτη
2436 4002 2535 4071 μὲν
2572 4004 2727 4074 ἡμῶν
2758 4007 2790 4075 ἡ
2838 4006 3280 4077 προθεωρηθείσα
3322 4010 3380 4060 ὲν
3421 4012 3535 4072 τοῖς
3574 4025 3764 4080 προειο

2186 4093 2446 4163 ρημένοις
2474 4093 2842 4165 ἀναλεχθεῖσιν
2867 4097 2975 4149 ἀπο
3016 4099 3113 4169 τῆς
3153 4099 3283 4172 παρ’
3310 4099 3458 4169 αὐτῷ
3501 4098 3580 4170 τῷ
3606 4099 3767 4171 Μαρ-

2185 4184 2339 4238 κίωνι
2387 4186 2467 4239 ἔτι
2524 4186 2839 4258 σωζομένης
2884 4190 3128 4260 Γραφῆς,
3172 4192 3253 4255 εἰς
3309 4193 3329 4223 ¹
3364 4192 3465 4261 τὴν
3509 4192 3765 4259 ἀνάλεξιν

2184 4277 2461 4347 σκοπήσας
2494 4295 2576 4343 τις
2614 4279 2915 4352 ἐκπλαγείη
2941 4281 3039 4346 τὰς
3065 4281 3471 4353 μεγαλοδώρους
3510 4283 3647 4338 Θεοῦ
3677 4286 3763 4337 ol-

2182 4377 2459 4446 κονομίας.
2506 4378 2765 4433 Ἐκάστου
2800 4380 2908 4452 γὰρ
2940 4381 3261 4452 πράγματος
3288 4381 3374 4434 διὰ
3408 4382 3576 4451 τριῶν
3619 4400 3764 4454 μαρ-

2182 4468 2383 4539 τυριῶν
2423 4470 2925 4542 ὲπιόεϐαιουμένου,
2970 4474 3064 4527 καὶ
3108 4474 3515 4544 συνισταμένου,
3549 4476 3627 4539 ὡς
3672 4478 3766 4529 ὲν-

2179 4562 2355 4617 ταῦθα
2393 4563 2564 4634 ψιλῶς
2605 4564 2633 4617 ὁ
2672 4563 2804 4629 Θεὸς
2850 4566 3143 4636 ἐχαρίσατο
3197 4568 3450 4637 συνάψαι,
3489 4568 3565 4631 ὡς
3596 4568 3761 4638 ἔφην,

2179 4657 2329 4725 ἡμᾶς
2376 4655 2496 4708 κατ’
2541 4656 2848 4726 οἰκονομίαν
2898 4657 3264 4729 ἐϐδομήκοντα
3319 4660 3419 4729 μὲν
3469 4663 3565 4716 καὶ
3612 4664 3765 4719 ὀκτὼ

2183 4744 2487 4815 μαρτυρίας
2532 4744 2639 4798 ἀπὸ
2682 4744 2775 4798 τοῦ
2819 4746 3186 4815 Εύαγγελίου,
3236 4749 3649 4820 τεσσαράκοντα
3701 4755 3763 4807 δὲ

2179 4835 2287 4887 ἀπὸ
2316 4834 2409 4887 τοῦ
2453 4835 2794 4896 Ἀποστόλου,
2829 4836 2922 4888 καὶ
2965 4836 3166 4899 ταύτας
3200 4839 3329 4908 παρ’
3357 4839 3509 4909 αὐτῷ
3558 4842 3641 4904 εἰς
3675 4841 3764 4895 ἔτι

2178 4924 2273 4976 καὶ
2301 4922 2458 4994 δεῦρο
2490 4920 2801 4993 σωζομένας
2846 4941 2903 4977 τε
2951 4926 3045 4978 καὶ
3072 4918 3557 4997 ἀμφιϐαλλομένας
3589 4929 3611 4960 ³
3630 4947 3643 4959 ·
3680 4932 3763 4993 ὡς

2177 5011 2316 5069 εἶναι
2343 5014 2440 5079 τὰς
2471 5015 2651 5079 πάσας
2684 5016 2876 5070 ἑκατὸν
2921 5016 3198 5071 δεκαοκτώ
3217 5035 3230 5049 ·
3265 5018 3656 5086 ἀντιλεγούσας
3701 5022 3763 5075 δὲ

2176 5107 2355 5170 πάσας
2383 5109 2449 5176 τῇ
2481 5106 2646 5160 αὑτοῦ
2699 5107 3025 5179 Μαρκίωνος
3074 5109 3287 5182 γνώμῃ,
3319 5110 3397 5173 ὼς
3443 5111 3555 5165 ἀπὸ
3584 5125 3760 5183 προσ-

502 5179 713 5234 Domini
748 5182 957 5250 prolata
990 5184 1116 5239 sint.
1151 5182 1257 5239 Sed
1299 5191 1353 5239 et
1383 5184 1528 5238 aliud
1560 5185 1786 5258 insuper
1820 5187 2069 5245 additum

2198 5196 2322 5250 bnou
2353 5197 2614 5267 ὀνόματος
2643 5198 2846 5269 Κυρίου
2880 5199 2923 5261 ⁸,
2953 5197 3041 5251 διὰ
3069 5198 3175 5252 τῶν
3201 5200 3499 5266 δεκαοκτὼ,
3536 5204 3632 5255 καὶ
3658 5204 3761 5274 τῆς

496 5278 585 5324 est
643 5280 835 5339 praeter
878 5272 1189 5344 Evangelii,
1221 5275 1382 5347 3'75
1412 5277 1769 5349 Apostolique
1823 5284 2071 5339 testimo-

2175 5284 2339 5338 αὐτοῦ
2373 5284 2604 5352 ὲνδεξίου
2648 5286 2894 5355 εὐλογίας
2941 5287 3027 5341 διὰ
3058 5289 3165 5342 τῶν
3193 5290 3407 5344 ἑκατόν.
3452 5289 3615 5344 Ἀλλὰ
3664 5294 3768 5350 καὶ

564 5451 585 5481 ⁴³
617 5449 810 5518 Ephes.
847 5465 920 5515 Iv,
956 5420 1025 5503 5.Δ
1085 5456 1104 5484 ¹
1135 5451 1257 5507 For.
1289 5473 1377 5525 ης.
1453 5458 1473 5489 ³
1501 5456 1627 5529 Leg.
1658 5460 1758 5513 οὐκ
1788 5461 1929 5530 ἀμφ.
2009 5462 2028 5492 ⁸
2058 5461 2089 5515 Ν

2198 5462 2317 5516 Iosa
2354 5463 2487 5517 haec.

567 5627 681 5699 (86)
722 5629 1050 5697 Προσέθετο
1091 5628 1159 5683 δὲ
1195 5630 1263 5682 ἐν
1311 5630 1387 5695 τῷ
1420 5631 1564 5697 ἰδίῳ.
1608 5633 1679 5690 De
1711 5635 1949 5705 Epistula
1991 5638 2057 5693 ad

2198 5638 2461 5695 idicenses
2498 5646 2753 5695 accurate
2781 5640 3027 5711 disputat
3061 5642 3258 5699 Barou.
3288 5662 3379 5701 an.
3412 5647 3502 5704 60.
