3932 6064
74 387 97 421 ,1
168 336 266 391 8:5

845 329 1215 387 ADVERSUS
1254 328 1593 385 "IERESES
1631 326 1740 383 LIB

1883 327 2046 385 TOM.
2082 327 2539 385 ιιι-ιιιιεῐιεδ.
2584 328 2749 385 XLII.

3298 324 3444 396 ἐτι

73 428 99 515 ξ
165 454 249 509 ἐπ’
268 451 434 524 ἄλλης
464 452 728 524 περισσῆς
759 451 897 522 πρὸς
913 453 1008 505 ἐπὶ
1033 452 1240 514 τούτοις
1267 452 1424 514 ἐκτὸς
1451 450 1545 505 τοῦ
1573 450 1745 518 Εὐαγ-

1851 445 2025 501 nium.
2060 445 2248 517 Neque
2284 449 2433 501 enim
2472 447 2676 503 infelici
2718 448 2980 503 Marciani
3020 450 3198 507 visum
3242 463 3344 510 est-
3373 472 3441 512 ex

163 546 339 617 γελίου
370 522 463 599 καὶ
491 522 588 598 τοῦ
628 522 973 598 Ἀτποστόλου.
1008 544 1083 597 Οὐ
1108 543 1218 616 γὰρ
1243 542 1387 608 ἔδοξε
1416 542 1495 614 τῷ
1523 542 1750 596 ἐλεεινο-

166 640 309 709 τάτῳ
342 637 631 709 Μαρκίωνι
663 636 770 690 ἀπὸ
799 636 900 706 τῆς
935 636 1073 708 πρὸς
1111 636 1392 704 Ἐφεσίους
1421 634 1626 705 ταύτην
1650 633 1749 706 τὴν

83 710 95 789 ξ
171 729 474 802 μαρτυρίαν
501 727 703 797 λέγειν,
738 727 874 782 ἀλλὰ
908 728 1006 798 τῆς
1034 727 1171 797 πρὸς
1200 726 1519 791 Λαοδικέας,
1546 727 1647 799 τῆς
1675 727 1750 799 μὴ

82 808 93 883 ξ
167 822 331 892 οὔσης
363 821 421 872 ἐν
449 818 526 890 τῷ
559 818 885 889 Ἀποστόλῳ·
924 812 1006 881 οἶς
1039 817 1114 888 μὴ
1144 818 1487 890 ἐντυγχάνων
1528 817 1749 889 ἠλιθίως

76 898 116 975 ξξ
165 915 194 966 6
223 912 520 984 κτηνώδης,
553 913 648 965 καὶ
677 913 737 964 ἐν
766 911 980 975 πολλοῖς
1009 910 1189 966 πεσὼν
1215 912 1243 964 6
1272 910 1461 978 τάλας,
1500 912 1600 982 οὐχ
1646 912 1750 984 ὁρᾷ

163 1001 260 1073 τὴν
294 1001 411 1055 κατ’
444 997 611 1055 αὐτοῦ
650 998 963 1070 ἀνατροπὴν
1016 997 1136 1053 καθ’
1179 999 1416 1071 ἑκάστην
1459 1000 1750 1070 ὁμολογου-

74 1072 87 1088 δ
166 1072 353 1164 μένην.
405 1089 518 1144 Καὶ
573 1088 763 1161 μηδεὶς
809 1088 1136 1159 θαυμαζέτω
1186 1089 1314 1161 περὶ¹
1365 1088 1575 1143 τούτου.
1624 1088 1749 1153 Πῶς

162 1186 273 1257 γὰρ
327 1182 562 1260 ἠδόνατο
606 1174 785 1248 οὗτος,
838 1181 1305 1253 ἐπαγγειλάμενος
1347 1181 1492 1253 ἔχειν
1545 1200 1600 1234 τι
1651 1181 1746 1235 τοῦ

161 1274 495 1344 Εὑαγγελίου
544 1273 641 1329 καὶ
673 1272 767 1326 τοῦ
814 1273 1157 1337 ’Λποστόλου,
1211 1273 1285 1346 μὴ
1312 1273 1432 1345 οὐχὶ
1461 1273 1565 1328 κᾶν
1591 1274 1747 1345 ὀλίγα

159 1369 261 1435 τῆς
299 1368 524 1439 Γραφῆς
564 1365 758 1431 σώζειν
797 1367 1052 1437 mpura;
1087 1365 1249 1419 Ὄλου
1283 1365 1391 1438 γὰρ
1418 1366 1512 1419 τοῦ
1562 1365 1749 1438 σώμα-

74 1478 79 1524 ;
158 1476 256 1523 τος
289 1457 553 1522 σώζοντος
588 1458 627 1523 ⁸,
660 1457 736 1519 ὡς
770 1456 964 1521 εἰπεῖν,
995 1456 1094 1527 τῆς
1128 1454 1281 1519 θείας
1312 1457 1556 1529 Γραφῆς,
1596 1460 1747 1511 ποῖον

74 1586 78 1613 ς
157 1550 385 1621 εὕρισκε
427 1548 586 1620 μέλος
620 1547 811 1622 νεκρὸν
851 1547 995 1601 κατὰ
1033 1546 1132 1618 τὴν
1167 1546 1332 1602 αὐτοῦ
1379 1546 1624 1618 γνώμην,
1660 1547 1748 1600 ἴνα

157 1640 551 1713 παρεισαγάγῃ
571 1639 765 1710 ψεῦδος
790 1638 930 1694 κατὰ
964 1638 1061 1710 τῆς
1100 1638 1394 1710 ἀληθείας;
1451 1638 1703 1703 ’Δλλοίως
1727 1640 1748 1671 ⁸

74 1756 75 1801 ς
155 1735 337 1787 εἰπεῖν
365 1731 628 1802 ἐλώὸησε,
671 1731 763 1783 καὶ
795 1730 1204 1801 ἀκροτηριάσας
1254 1729 1532 1802 παρέκοψε
1575 1730 1746 1786 πολλά

1851 538 2095 609 Epistola
2144 539 2212 594 ad
2260 539 2529 610 Ephesios
2589 541 2969 597 auctoritatem
3012 542 3159 598 illam
3210 544 3437 613 aﬁ‘erre;

1851 630 1946 685 sed
1976 646 2043 686 ex
2071 645 2135 686 ea
2167 630 2233 685 ad
2265 630 2627 698 Laodicenos,
2663 647 2785 702 qua;
2820 649 3093 705 nusquam
3119 639 3262 708 apud
3292 639 3440 711 Apo-

1850 723 2055 778 stolum
2086 725 2351 780 cernitur.
2387 722 2519 789 Quae
2559 739 2684 780 cum
2709 741 2880 797 pecus
2912 727 3005 782 illa
3044 743 3141 799 per
3167 745 3438 787 summam

1854 815 2214 870 stoliditatem
2270 815 2497 872 minime
2551 816 2763 889 legerit,
2836 821 2892 874 in
2952 821 3228 893 plerisque
3286 824 3440 895 lapsa

1853 921 2017 977 quam
2066 907 2359 964 manifeste
2410 910 2466 964 in
2507 908 2737 979 singulis
2773 911 3026 968 convinci
3079 928 3144 970 ac
3184 915 3438 986 redargui

1853 1009 2040 1072 posset
2087 1015 2435 1072 nequaquam
2484 1002 2893 1059 animadvertit.
2930 1004 3118 1076 Neque
3160 1023 3291 1063 vero
3319 1010 3438 1064 cui-

1851 1092 1996 1162 piam
2030 1092 2227 1145 mirum
2263 1091 2396 1147 illud
2423 1092 2600 1148 videri
2626 1094 2807 1153 dcbet.
2849 1095 2953 1162 Qui
2982 1099 3128 1153 cnim
3156 1098 3436 1171 Evangelii

1850 1182 2057 1253 aliquid
2097 1194 2152 1241 et
2192 1184 2439 1255 Apostoli
2489 1185 2689 1241 habere
2735 1201 2796 1242 se
2837 1188 3206 1259 proﬁteretur,
3250 1190 3440 1247 ﬁerine

1852 1277 2051 1346 potuit,
2087 1282 2283 1331 utnon
2314 1292 2486 1348 pauca
2531 1279 2727 1333 saltem
2776 1277 3077 1352 Scriptura:
3111 1283 3278 1338 verba
3308 1286 3439 1340 reti-

1849 1366 2044 1422 neret?
2093 1364 2308 1437 Quippe
2356 1381 2481 1422 cum
2537 1375 2715 1429 totum
2770 1367 3070 1441 Scriptura:
3115 1371 3298 1425 vivum
3345 1372 3438 1437 sit,

1849 1462 1910 1509 ut
1961 1455 2035 1509 ita
2080 1455 2340 1521 dixerim,
2392 1471 2616 1527 corpus,
2657 1458 2905 1527 potuitne
2948 1466 3226 1513 mortuum
3266 1460 3439 1514 ullum

1850 1545 2155 1601 membrum
2185 1560 2283 1617 pro
2319 1546 2488 1602 animi
2515 1548 2601 1602 sui
2635 1548 2861 1604 libidine
2908 1549 3167 1620 reperire,
3195 1551 3341 1621 quod
3371 1552 3439 1604 ad

1848 1637 2237 1693 stabiliendum
2287 1637 2632 1692 mendacium
2670 1648 2862 1695 contra
2899 1641 3181 1697 veritatem
3227 1642 3442 1713 profer-

1849 1728 1968 1783 ret?
2016 1727 2201 1793 Quare
2251 1742 2453 1798 corpus
2494 1729 2676 1799 ipsum
2739 1731 3013 1797 mutilare,
3070 1746 3135 1786 ac
3181 1733 3440 1804 pleraque

74 1796 75 1871 ἶ
154 1824 270 1879 τῶν
311 1796 772 1895 μελῶνίκατέσχε
803 1796 1021 1876 δέ-ένιά
1064 1839 1185 1876 τινα
1222 1796 1353 1894 mp"
1397 1796 1594 1892 ἐαυτῷ.
1641 1824 1745 1877 Καὶ

1851 1818 2096 1873 membra
2144 1796 2396 1875 resecare
2447 1796 2707 1885 instituit,
2768 1837 3006 1894 quorum
3058 1796 3319 1880 nonnulla
3349 1796 3443 1882 ’δᾶ

154 1914 302 1968 αὐτὰ
338 1912 394 1966 δὲ
417 1911 487 1965 τὰ
534 1910 940 1983 κατασχεθέντα
979 1911 1058 1965 ἔτι
1090 1911 1268 1978 ζῶντα
1308 1912 1369 1967 οὐ
1408 1912 1631 1967 δύναται
1662 1931 1749 1967 νε-

156 2005 457 2079 κροῦσθαι·
510 2004 627 2060 ἀλλ’
667 2006 784 2058 ἐκεῖ
824 2004 846 2036 ³
902 2004 1002 2075 μὲν
1046 2004 1106 2058 τὸ
1153 2004 1381 2069 ζωτικὸν
1424 2005 1527 2076 τῆς
1565 2005 1748 2077 ἐμφά-

156 2116 320 2163 σεως,
350 2098 451 2153 κάν
500 2114 558 2151 τε
591 2097 798 2169 μυρίως
836 2098 966 2169 παρ’
1003 2097 1153 2169 αὑτῷ
1189 2096 1331 2152 κατὰ
1376 2098 1572 2152 λεπτὸν
1613 2100 1748 2154 ἀπο-

156 2190 421 2262 τμηθείη.
998 2256 1031 2265 κ

230 2364 327 2418 Il".
371 2365 493 2418 Ἔτι
523 2365 580 2419 δέ
620 2364 758 2436 μετά
787 2365 957 2420 ταῦτα
990 2365 1169 2422 πάντα
1201 2369 1646 2441 ἐπεμνήσθημεν,
1674 2371 1749 2437 ὥς

157 2472 307 2519 τινες
334 2454 444 2510 ἀπὸ
470 2455 580 2510 τῶν
604 2457 785 2512 αὐτῶν
810 2458 1265 2530 Μαρκιωνιστῶν,
1292 2461 1372 2523 είς
1401 2459 1560 2530 βυθὸν
1586 2461 1750 2533 βλασ-

159 2546 373 2618 φημίας
417 2549 941 2620 παραπεπτωκότες,
972 2550 1067 2603 καὶ
1104 2551 1214 2605 ἀπὸ
1241 2551 1341 2623 τῆς
1391 2552 1601 2608 ἑαυτῶν
1627 2555 1747 2608 δαι-

161 2638 459 2711 μονιώδους
500 2638 849 2704 διδασκαλίας
897 2641 1256 2715 ἐμϐρόντητοι
1289 2644 1602 2699 παντάπασι
1655 2663 1749 2715 γε-

159 2730 403 2800 γονότες,
439 2732 533 2785 καὶ
563 2726 625 2786 οὗ
658 2732 878 2788 ἐδόκουν
931 2733 1139 2804 Κυρίου
1178 2736 1341 2806 μόνου
1389 2737 1493 2790 κᾶν
1536 2738 1606 2792 δι’
1636 2738 1752 2792 ὀνό-

161 2840 334 2895 ματος
364 2823 748 2895 μνημονεύειν,
775 2825 869 2879 καὶ⁵
894 2825 1059 2879 αὐτοῦ
1089 2825 1518 2897 ἀθυρογλώσσως
1549 2828 1750 2901 ἑτέρως

167 2914 268 2984 τὴν
296 2914 461 2968 αὐτοῦ
488 2914 717 2986 θεότητα
747 2917 1200 2989 ἀποστρέφοντες,
1219 2917 1279 2970 τὸ
1293 2916 1464 2990 ὄνομα
1487 2907 1586 2990 τῆς
1613 2920 1751 2974 ἄνω-

170 3008 266 3062 θεν
297 3009 605 3079 γεννήσεως
637 3008 882 3073 κακίζειν
907 3008 1006 3062 οὐκ
1056 3008 1428 3080 ἐντρέπονται.
1464 3010 1618 3075 Τινὲς
1642 3010 1750 3083 γὰρ

167 3101 353 3154 αὐτῶν
381 3099 798 3171 τετολμήκασιν,
831 3099 905 3162 ὡς
943 3098 1100 3171 ἔφην,
1137 3100 1298 3154 αὐτὸν
1324 3100 1414 3155 τὸν
1446 3101 1649 3173 Κύριον
1674 3098 1753 3155 εί-

1850 1923 2011 1965 usum
2044 1922 2208 1963 suum
2230 1909 2479 1964 retinuit.
2504 1909 2638 1977 Quae
2664 1911 2884 1982 quidem
2916 1913 2987 1968 ab
3013 1913 3105 1968 illo
3138 1926 3438 1979 reservata,

1848 2009 1902 2057 et
1933 2000 2115 2056 adhuc
2148 2002 2417 2072 spirantia
2454 2003 2674 2073 penitus
2706 2005 2983 2076 exstingui
3014 2016 3311 2077 nequeunt,
3344 2006 3443 2063 scd

1849 2089 2033 2148 vitalis
2055 2091 2147 2147 ille
2185 2091 2531 2148 declarandae
2573 2094 2821 2152 veritatis
2859 2098 3014 2169 vigor
3041 2110 3310 2167 remanet,
3353 2108 3442 2155 ta-

1849 2181 2011 2238 metsi
2032 2183 2438 2241 minutissimas
2477 2186 2533 2240 in
2559 2194 2747 2257 partes
2776 2188 2989 2246 inﬁnite
3021 2199 3194 2258 secta,
3233 2191 3443 2249 divisa-

1849 2285 1958 2342 que
1983 2272 2206 2328 fuerint.

1921 2354 2060 2421 XIll.
2104 2363 2313 2421 Praeter
2351 2366 2444 2423 illa
2477 2385 2611 2427 vero
2649 2373 2834 2428 omnia
2884 2372 2993 2428 hoc
3026 2373 3256 2445 insuper
3289 2389 3441 2431 com-

1816 2516 1819 2523 ,
1851 2456 2318 2515 memoravimus:
2350 2461 2646 2517 nonnullos
2681 2477 2713 2517 e
2750 2461 3225 2519 Marcionistarum
3278 2479 3440 2537 grege

1850 2563 1907 2603 in
1939 2549 2269 2607 altissimum
2316 2552 2668 2623 blasphemiae
2697 2555 2967 2625 gurgitem
3012 2556 3322 2619 immersos,
3359 2566 3442 2610 at-

1851 2660 1959 2715 que
1991 2660 2057 2701 ex
2091 2645 2349 2717 pestifera
2397 2647 2491 2702 illa
2523 2646 2832 2704 daemonum
2871 2648 3123 2705 doctrina
3167 2649 3317 2705 velut
3357 2649 3443 2703 fu-

1851 2751 1978 2793 rore
2022 2747 2077 2795 et
2113 2740 2353 2794 amentia
2384 2740 2647 2811 percitos,
2678 2756 2839 2812 quem
2871 2756 3040 2797 unum
3083 2741 3164 2797 vel
3219 2742 3442 2797 nomine

1854 2836 2014 2886 tenus
2055 2828 2346 2885 Dominum
2406 2831 2670 2886 memoria
2733 2832 3035 2889 retinuisse
3086 2832 3437 2901 videbantur,

1852 2920 2021 2992 hujus
2068 2921 2242 2993 ipsius
2284 2922 2627 2979 divinitatem
2678 2924 2925 2978 inaudita
2955 2923 3191 2995 quadam
3239 2926 3441 2997 linguae

1854 3011 2152 3081 petulantia
2198 3014 2561 3083 pervertisse;
2604 3029 2705 3071 nec
2748 3015 2993 3071 caelestis
3024 3015 3174 3072 illius
3210 3032 3443 3088 genera-

1855 3103 2025 3161 tionis
2086 3120 2285 3160 nomen
2338 3108 2652 3177 vituperare
2707 3107 2877 3163 fuisse
2927 3107 3151 3163 veritos.
3205 3107 3441 3176 Quidam

162 3210 253 3247 ναι
284 3191 397 3246 υἱὸν
429 3154 1158 3263 106.Illovnpoﬁ)té-75tv,.oﬁx
1190 3154 1587 3266 αἱσχυνόμενόι.
1622 3154 1745 3248 ίᾹλ-

1862 3154 2023 3161 ην----
2350 3154 2651 3177 ..-_,--_-_
2707 3154 2877 3163 μη---
2939 3154 3151 3163 ψη--.
3210 3154 3441 3176 ,μω-..η

1859 3198 2005 3251 enim
2057 3210 2123 3251 ex
2175 3196 2283 3253 illis
2332 3197 2622 3252 Dominum
2673 3197 2851 3268 ipsum
2917 3199 3043 3253 mali
3096 3198 3265 3255 ﬁlium
3316 3216 3441 3257 esse

156 3287 241 3340 λοι
278 3286 337 3339 δὲ
380 3286 538 3357 οὐχὶ,
591 3284 726 3339 ἀλλὰ
767 3285 860 3340 τοῦ
916 3285 1105 3359 κριτοῦ
1157 3302 1217 3339 τε
1265 3287 1359 3341 καὶ
1404 3285 1748 3357 Δημιουργοῦ

157 3375 636 3447 ἀσπλαγχνότερον
661 3375 683 3407 ⁸
703 3374 990 3445 γεγονότα,
1030 3375 1124 3429 καὶ
1152 3376 1357 3445 ἀγαθὸν
1395 3376 1545 3442 ὄντα,
1579 3394 1750 3431 κατα-

155 3468 343 3538 λεῖψαι
382 3468 481 3539 μὲν
521 3467 621 3520 τὸν
659 3468 788 3521 ἴδιον
833 3466 996 3522 αὐτοῦ
1044 3468 1264 3541 Πατέρα
1309 3471 1480 3536 κάτω,
1524 3471 1602 3543 πὴ
1651 3472 1749 3543 μὲν

154 3559 430 3629 λεγόντων
464 3558 558 3612 τὸν
600 3558 966 3631 Δημιουργδν,
1002 3558 1177 3614 ἄλλων
1217 3560 1278 3614 δὲ
1325 3561 1418 3616 τὸν
1465 3564 1708 3635 Πονηρόν
1732 3581 1746 3595 ο

153 3652 272 3708 ἄνω
297 3651 356 3705 δὲ
380 3650 880 3723 ἁναὸεδραμηκὲναι
907 3651 1043 3722 πρὸς
1078 3655 1170 3706 τὸν
1195 3655 1254 3706 ἐν
1286 3654 1750 3726 ἁκατονομάστοις

152 3746 348 3808 τόποις
391 3743 596 3812 ἀγαθὸν
653 3743 820 3808 Θεὸν,
862 3745 959 3799 καὶ
1014 3745 1164 3816 αὐτῷ
1216 3747 1745 3819 προσκεκολλῆσθαι.

152 3835 492 3908 Πεμφθέντα
531 3835 589 3890 δὲ
629 3836 722 3889 ὑπ’
751 3835 918 3889 αὑτοῦ
960 3837 1042 3900 είς
1079 3837 1171 3889 τὸν
1204 3836 1428 3907 κόσμον,
1473 3839 1566 3892 καὶ
1614 3839 1750 3910 πρὸς

149 3928 461 3984 άντιδικίαν
500 3927 596 3982 τοῦ
650 3928 780 3982 ίδίου
832 3928 1044 4001 Πατρὸς
1090 3928 1314 3983 ἐλθόντα
1359 3929 1450 3983 τὸν
1489 3932 1745 4001 Χριστὸν,

150 4023 253 4077 καὶ
280 4020 622 4075 καταλύοντα
650 4019 816 4074 αὐτοῦ
854 4021 922 4073 τὰ
963 4022 1162 4085 πάντα,
1197 4023 1296 4074 ὃσα
1339 4022 1369 4074 6
1409 4022 1551 4075 κατὰ
1586 4022 1746 4092 φύσιν

151 4113 353 4185 Πατὴρ
399 4112 565 4166 αὐτοῦ
629 4111 970 4184 ἐνομοθέτει,
1030 4113 1147 4181 ἦτοι
1200 4116 1230 4168 6
1278 4114 1520 4185 λαλήσας
1563 4118 1620 4168 ἐν
1670 4115 1749 4186 τῷ

148 4210 330 4281 νόμῳ,
367 4208 486 4279 ἦτοι
520 4209 549 4260 6
576 4207 674 4278 τῆς
720 4208 919 4271 κακίας
951 4207 1101 4272 Θεὸς,
1151 4208 1179 4260 6
1218 4210 1346 4281 παρ’
1375 4208 1556 4264 αὐτῶν
1594 4211 1652 4265 ἐν
1680 4213 1745 4282 τῇ

146 4302 316 4373 τρίτῃ
352 4301 494 4372 ἀρχῇ
528 4299 874 4371 ταττόμενος.
917 4299 1127 4365 Ἀλλως
1162 4300 1271 4373 γὰρ
1308 4304 1402 4355 καὶ
1453 4302 1623 4367 ἄλλως
1650 4304 1747 4358 ἐκ-

143 4391 422 4454 τίθενται,
461 4390 536 4454 ὼς
567 4390 723 4461 ἔφην,
754 4390 909 4453 ἄλλος
944 4389 1043 4460 μὲν
1075 4390 1168 4443 τὸν
1196 4392 1556 4463 Δημιουργὺν,
1589 4393 1745 4456 ἄλλος

140 4487 201 4541 δὲ
244 4486 343 4539 τὸν
380 4484 640 4554 Πονηρόν.

217 4669 415 4726 Ταῦτα
433 4669 489 4723 δὲ
517 4668 653 4740 δῆλα
680 4669 848 4721 παντὶ
870 4665 946 4738 τῷ
978 4666 1193 4720 σύνεσιν
1219 4668 1540 4738 κεκτημένῳ
1567 4667 1741 4739 ὑπάρ-

135 4783 255 4836 χει,
295 4764 382 4816 ὅτι
405 4759 717 4834 ἀκαθάρτου
758 4759 1069 4831 πνεύματός
1103 4759 1309 4830 ἐστινὴ
1349 4760 1612 4833 φρόνησις
1647 4761 1742 4815 καὶ

135 4861 172 4929 η
220 4853 587 4910 διδασκαλία·
636 4852 730 4907 καὶ
770 4851 901 4942 ρῦτε
932 4853 1089 4924 χρεία
1125 4849 1194 4924 ἦν
1230 4853 1357 4926 περὶ
1391 4853 1596 4926 ταύτης
1640 4853 1741 4923 τῆς

133 4948 466 5012 ὑποθέσεως
514 4945 915 5015 ἀπολογεῖσθαι,
953 4945 984 5018 ἢ
1033 4946 1254 5016 ἔλεγχον
1307 4948 1577 5017 παριστᾷν
1619 4947 1741 4999 κατ’

129 5041 382 5113 ἀντικρὺ
406 5037 862 5110 Μαρκίωνος,τοῦ
896 5037 1088 5092 ἑαυτοῦ
1120 5039 1260 5093 κατὰ
1292 5040 1470 5093 πάντα
1490 5039 1589 5111 τὴν
1620 5042 1741 5092 ἐπι-

128 5129 427 5204 λησμονὴν
459 5129 561 5199 τῆς
599 5128 744 5200 ζωῆς
778 5128 1169 5201 ποιησαμένου.
1203 5128 1592 5199 Φωραθήσεται
1630 5129 1739 5200 γὰρ

126 5223 293 5295 παρὰ
334 5222 470 5275 πᾶσι
503 5222 617 5284 τοῖς
649 5221 889 5281 συνετοϊς
919 5217 977 5271 τὸ
1024 5216 1341 5288 βλάσφημον
1378 5216 1546 5270 αὐτοῦ
1580 5232 1735 5269 κενο-

127 5317 415 5388 φώνημα,
468 5314 564 5366 καὶ
614 5311 884 5382 τολμηρὸν
948 5309 1047 5381 τῆς
1108 5310 1382 5373 ἀπωλείας
1431 5310 1731 5381 ἐνέργημα.

139 5407 292 5461 Ἀλλ’
325 5406 518 5477 ἐπειδὴ
552 5402 823 5474 εἰώθαμεν
858 5401 931 5473 μὴ
965 5404 1059 5474 ὲᾷν
1094 5400 1347 5454 ἀκανθῶν
1377 5400 1559 5463 τόπον,
1594 5398 1732 5452 ἀλλὰ

124 5502 426 5572 ἐκτέμνειν
480 5500 547 5570 τῇ
600 5494 692 5550 τοῦ
732 5493 867 5549 Θεοῦ
923 5494 1187 5565 μαχαίρᾳ,
1218 5497 1284 5565 τῇ
1334 5492 1488 5561 ὑπὲρ
1529 5491 1736 5545 πᾶσαν

115 5590 441 5660 μάχαιραν
486 5586 802 5655 δίστομον,
836 5585 933 5638 καὶ
977 5584 1360 5654 διικνουμένῃ
1404 5586 1541 5654 ἄχρι
1570 5600 1734 5652 μερι-

210 5743 415 5802 ’Forte
442 5741 672 5809 ζῶντος.
751 5743 771 5772 ⁸
802 5741 960 5795 Forte
989 5742 1100 5795 ἀλλ’
1137 5743 1231 5806 ὡς.

1870 3288 1990 3343 sine
2017 3288 2128 3343 ullo
2151 3289 2360 3360 pudore
2385 3288 2655 3359 jactitant.
2683 3287 2837 3354 Quod
2862 3287 2949 3342 alii
2976 3289 3158 3345 minus
3181 3292 3436 3360 probant,

1849 3380 2051 3450 quibus
2085 3381 2265 3452 placet
2288 3381 2479 3453 judice
2509 3380 2664 3435 illum
2698 3396 2761 3436 ac
2791 3380 3053 3437 Creatore
3080 3391 3268 3437 natum
3291 3398 3436 3440 esse.

1850 3470 2104 3538 Quicum
2137 3472 2192 3526 in
2224 3471 2661 3529 misericordiam
2689 3480 2833 3529 esset
2867 3475 3213 3544 propensior,
3253 3490 3318 3532 ac
3341 3493 3439 3531 ua-

1850 3570 1975 3616 tura
2008 3562 2208 3626 bonus,
2245 3561 2407 3618 Patre
2449 3578 2572 3627 suo,
2618 3578 2781 3635 quem
2824 3563 2915 3617 alii
2971 3563 3310 3634 Creatorem,
3342 3567 3435 3621 alii

1850 3655 2053 3709 malum
2099 3654 2433 3719 existimant,
2479 3653 2726 3710 inferiori
2779 3655 2907 3710 sede
2959 3655 3174 3721 relicto.
3214 3673 3437 3714 sursum

1850 3747 1917 3802 ad
1958 3748 2111 3802 illum
2148 3747 2361 3814 bonum
2392 3747 2643 3803 evolasse
2681 3746 2872 3810 Deum;
2904 3749 2996 3818 qui
3036 3749 3439 3821 inexplicabili-

1851 3838 1955 3892 hus
1990 3838 2044 3893 in
2076 3838 2212 3892 locis
2246 3837 2470 3900 residet,
2508 3845 2562 3892 et
2603 3836 2780 3892 eidem
2815 3837 3120 3894 inhazsisse.
3154 3839 3200 3892 A
3234 3856 3345 3911 quo
3381 3843 3439 3898 in

1850 3929 1997 3985 hunc
2035 3930 2224 3985 orbem
2261 3929 2586 3995 demissum,
2638 3938 2691 3983 et
2726 3936 2785 3983 ut
2820 3928 2966 3984 Patri
3004 3945 3107 3985 suo
3151 3932 3437 3989 resisteret

1849 4022 2132 4093 delapsum
2165 4021 2220 4075 in
2243 4028 2418 4076 terras
2446 4019 2752 4085 Christum,
2801 4019 2985 4093 omnia
3012 4018 3104 4073 illa
3138 4019 3435 4091 abrogasse

1849 4092 2088 4175 decreta,
2120 4128 2241 4184 qum
2274 4112 2344 4167 ab
2389 4111 2623 4167 naturali
2652 4126 2753 4166 suo
2783 4109 2945 4166 Patre
2974 4092 3194 4167 fuerant
3224 4115 3435 4168 consti-

1848 4214 1988 4270 tuta,
2035 4207 2151 4262 sive
2186 4206 2232 4261 is
2277 4211 2361 4261 est
2389 4206 2484 4274 qui
2527 4206 2578 4258 in
2625 4205 2742 4274 lege
2794 4204 3007 4259 locutus
3042 4201 3267 4273 dicitur,
3316 4208 3433 4261 sive

1849 4298 2070 4354 malitia:
2100 4296 2243 4354 Deus
2279 4296 2390 4362 ille,
2431 4312 2592 4367 quem
2624 4297 2767 4351 inter
2810 4296 3078 4368 principia
3112 4299 3275 4354 tertio
3310 4298 3431 4355 loco

1848 4400 2117 4449 statuunt.
2151 4388 2287 4445 Nam
2337 4389 2516 4454 aliter,
2553 4388 2630 4442 uti
2667 4386 2875 4442 dictum
2916 4400 3021 4456 est,
3068 4396 3231 4460 atque
3274 4391 3434 4447 aliter

1848 4486 1953 4541 ista
1988 4483 2289 4540 declarant.
2324 4483 2512 4550 Itaque
2543 4479 2682 4536 alius
2727 4480 2999 4551 opiﬁcem,
3033 4481 3174 4537 alius
3222 4484 3427 4538 malum

1850 4591 1973 4630 esse
2002 4573 2213 4629 statuit.

1919 4666 2085 4738 376
2107 4665 2237 4732 Quae
2265 4679 2390 4721 cum
2431 4664 2505 4719 ita
2547 4663 2678 4728 sint,
2720 4662 3069 4719 manifestum
3109 4678 3236 4718 esse
3275 4664 3431 4719 cuili-

1851 4757 1938 4811 bet
1965 4765 2162 4828 potest,
2186 4757 2279 4829 qui
2315 4755 2518 4829 ingenii
2552 4769 2615 4810 ac
2638 4754 2939 4825 prudentia:
2967 4754 3174 4825 aliquid
3209 4755 3427 4822 habeat,

1849 4858 2016 4903 totam
2062 4851 2208 4904 illaut
2256 4848 2559 4903 doctrinam
2617 4853 2779 4916 atque
2826 4847 3024 4918 dogma
3059 4848 3130 4903 ab
3170 4848 3431 4919 impuris-

1847 4939 1986 4994 simo
2023 4939 2220 5009 spiritu
2257 4951 2631 5009 promanasse.
2679 4934 2948 5004 Quocirca
2997 4937 3133 4992 nihil
3172 4945 3292 4993 erat
3333 4940 3430 4992 ad—

1846 5032 2067 5085 modum
2090 5045 2316 5087 necesse
2344 5030 2402 5084 in
2436 5044 2502 5084 eo
2534 5035 2861 5099 argumento
2890 5028 3182 5082 tractando
3214 5041 3277 5083 ac
3309 5045 3424 5099 pro-

1845 5123 2136 5195 pugnanda
2167 5123 2271 5179 ﬁde
2307 5122 2508 5179 morari
2540 5120 2770 5188 diutius,
2808 5128 2902 5176 aut
2935 5135 3064 5177 vero
3095 5119 3424 5177 Marcionem

1845 5216 2113 5281 refellere,
2142 5216 2236 5286 qui
2269 5217 2426 5287 juxta
2463 5216 2549 5271 sui
2592 5215 2767 5286 ipsius
2797 5229 2861 5270 ac
2886 5212 3013 5269 vitae
3057 5229 3180 5269 csse
3209 5213 3428 5270 videtur

1841 5309 2064 5364 oblitus.
2100 5306 2273 5363 Nemo
2308 5306 2577 5378 siquidem
2609 5315 2715 5369 est,
2760 5305 2851 5379 qui
2882 5306 3144 5360 nonnulla
3172 5305 3243 5361 sit
3269 5305 3427 5361 intel-

1841 5401 2065 5474 ligentia
2094 5399 2378 5471 praeditus,
2414 5399 2549 5469 quin
2576 5398 2926 5453 contumelia:
2951 5397 3007 5452 in
3037 5396 3207 5453 Deum
3233 5397 3424 5469 plenas

1841 5496 1990 5550 illius
2019 5493 2254 5556 fabulas,
2289 5507 2354 5547 ac
2387 5492 2710 5551 temerarios
2738 5498 2791 5547 et
2826 5491 3165 5563 perniciosos
3194 5497 3425 5546 conatus

1820 5585 2075 5663 ‘detegat.
2106 5583 2308 5640 Verum
2334 5585 2596 5656 quoniam
2621 5586 2841 5643 nullum
2868 5584 3045 5658 spinis
3077 5583 3318 5642 obsitum
3345 5582 3425 5636 lo-

1312 5743 1331 5773 ³
1366 5742 1523 5798 Forte
1552 5740 1683 5813 ἔχει.
1767 5742 1787 5773 ⁸
1813 5740 1976 5799 Forte
2008 5741 2534 5817 εὐσπλαγχνότερον.
