3932 6064
537 301 641 361 815

1992 298 2047 355 S.
2091 296 2429 355 EPlPHANll
3744 294 3836 350 8l‘

533 442 661 485 cum
700 443 811 484 non
842 431 1191 498 repurgatum
1226 437 1348 479 esse
1380 422 1641 492 patimur,
1675 420 1770 478 sed
1797 420 1890 476 Dei
1931 422 2109 488 gladio

2216 422 2389 493 σμῶν
2426 420 2633 491 ψυχῆς
2666 418 2763 473 καὶ
2793 418 3157 488 πνεύματος,
3194 412 3407 484 ἁρμῶν
3448 427 3517 466 τε
3552 409 3659 465 καὶ
3694 426 3833 480 pve-

537 519 820 576 succidere
862 519 1101 575 solemus
1134 516 1447 580 universas,
1483 515 1576 585 qui
1611 513 1828 585 quidem
1868 522 2114 581 penetra-

537 616 695 671 bilior
721 622 799 668 est
841 610 984 665 omni
1022 607 1202 680 gladio
1249 608 1492 677 ancipiti,
1529 616 1580 663 et
1611 607 1907 678 pertingens
1952 623 2115 678 usque

2222 514 2370 580 λῶν,
2415 513 2555 568 κατά
2609 512 2669 564 τὸ
2719 508 3139 582 γεγραμμένον
3194 503 3355 575 ὀλίγα
3401 504 3507 558 καὶ
3547 503 3634 566 είς
3679 501 3833 555 τοῦτο

2222 607 2397 661 εἰπεῖν
2422 606 2524 659 οὐκ
2559 604 2958 673 ἀποκνήσομεν.

535 708 606 760 ad
643 703 923 761 divisiones
972 702 1166 757 anima:
1194 708 1246 755 et
1288 700 1536 769 spiritus,
1579 713 1887 770 compagem
1917 714 2119 769 quoque
2158 712 2221 751 ac
2254 695 2605 751 medullarum
2631 695 2672 761 ¹,
2700 700 2761 748 ut
2790 692 3077 765 Scriptura
3123 690 3396 763 loquitur,
3458 687 3593 744 ideo
3656 701 3825 759 pauca

534 800 607 854 de
634 813 698 853 ea
724 810 783 852 re
804 795 988 853 dicere
1016 808 1126 848 nou
1157 792 1530 864 gravabimur.

608 887 745 944 XIV.
789 886 868 944 Ac
903 885 1137 956 primum
1200 882 1334 939 illud
1383 879 1770 952 opponendum
1812 888 1919 944 est,
1983 878 2031 934 si
2081 892 2114 935 e

535 980 682 1034 malo
724 977 902 1033 bonus
953 973 1067 1030 ﬁeri
1104 970 1363 1043 potuerit,
1416 977 1583 1024 totam
1625 968 1772 1024 illam
1814 966 2114 1039 principio—

533 1086 657 1126 rum
696 1069 965 1124 rationem
1000 1064 1189 1121 everti.
1236 1062 1423 1118 Potest
1468 1062 1612 1117 enim
1662 1071 1716 1116 et
1755 1060 1900 1116 illius
1931 1058 2112 1124 Pater,

536 1163 585 1218 si
612 1161 790 1215 malus
828 1170 914 1215 est
941 1156 1113 1228 (quod
1153 1156 1297 1211 absit
1327 1164 1387 1209 ut
1430 1169 1668 1225 unquam
1700 1152 1986 1208 dicamus:
2017 1152 2115 1207 bo-

538 1268 646 1310 nus
673 1254 818 1308 enim
842 1248 969 1319 est),
999 1254 1339 1303 commutare
1357 1245 1620 1309 animum,
1650 1241 2112 1315 quemadmodum

533 1347 658 1417 ejus
700 1353 786 1399 est
836 1342 1157 1395 immutatus
1197 1337 1391 1393 Filius.
1445 1336 1652 1392 Deinde
1682 1336 1729 1392 si
1778 1345 1838 1390 ut
1867 1340 2111 1390 servaret

535 1438 821 1494 hominum
869 1446 1046 1503 genus
1085 1428 1413 1501 Unigeuitus
1447 1428 1540 1483 ille
1583 1424 1893 1488 descendit,
1945 1432 2003 1479 et
2049 1430 2112 1481 ut

535 1530 802 1584 latronem
833 1525 889 1580 in
918 1522 1229 1595 paradisum
1250 1520 1647 1584 introduceret,
1672 1532 1737 1573 ac
1757 1517 2109 1590 publicanum

535 1636 567 1677 e
594 1616 797 1674 telonio
822 1620 1044 1671 vocaret
1069 1611 1135 1668 ad
1165 1611 1567 1682 paenitentiam,
1607 1624 1673 1664 ac
1712 1608 2014 1665 meretricis
2052 1606 2115 1660 il-

535 1710 646 1766 lius
670 1721 789 1780 qua:
822 1703 986 1775 pedes
1018 1716 1151 1760 suos
1171 1700 1350 1763 unxit,
1375 1707 1596 1755 sanaret
1625 1699 1953 1767 nequitiam;
1974 1710 2110 1767 prae.
2146 1721 2188 1776 Β

535 1809 689 1859 terea
718 1797 764 1855 si
795 1794 1145 1852 commodare
1179 1792 1437 1848 omnibus
1474 1789 1659 1847 studet
1695 1789 1838 1845 idem
1873 1789 1984 1856 ille,
2021 1787 2114 1858 qui

540 1893 719 1949 bonus
747 1888 891 1943 Deus
915 1893 1023 1950 est,
1059 1899 1125 1941 ac
1154 1884 1490 1947 misericors,
1517 1889 1574 1939 et
1597 1881 1868 1950 benignus
1894 1898 1908 1934 :
1943 1878 2115 1935 multo

540 1981 718 2052 magis
745 1991 874 2048 erga
905 1981 1185 2047 parentem
1227 1970 1537 2027 adhibenda
1581 1968 1960 2037 misericordia
1990 1967 2114 2036 fuit,

537 2081 598 2129 ut
626 2073 772 2126 hunc
795 2068 1031 2140 primum
1054 2065 1298 2122 omnium
1330 2071 1613 2120 revocaret
1635 2062 1704 2119 ad
1739 2062 1991 2128 salutem,
2022 2073 2115 2115 eo.

535 2179 646 2237 que
676 2178 786 2233 pra:
815 2160 1028 2216 caeteris
1060 2156 1129 2212 ad
1172 2157 1397 2212 meliora
1432 2170 1701 2211 converso
1736 2154 1991 2225 perfecte
2012 2152 2115 2207 ho-

432 2302 439 2313 .
535 2257 727 2311 uitatis
754 2252 1031 2323 specimen
1059 2249 1343 2320 praeberet,
1382 2247 1512 2302 dum
1551 2247 1796 2317 parentis
1837 2246 1922 2300 sui
1957 2244 2115 2305 mise-

532 2345 751 2405 ratione
793 2346 1127 2403 moveretur,
1176 2335 1638 2409 quemadmodum
1680 2336 1946 2405 scriptum
1974 2341 2110 2390 est:

532 2438 674 2493 Bene
701 2436 875 2505 facere
914 2430 1154 2487 omnibus
1195 2438 1456 2499 oportere,
1494 2430 1723 2483 maxime
1771 2444 1890 2485 vero
1929 2425 2112 2481 dome-

533 2529 681 2584 uicis
703 2528 825 2598 ﬁdei
841 2528 861 2558 ⁸
892 2543 906 2580 :
933 2529 1140 2595 quanto
1160 2521 1327 2594 igitur
1349 2520 1523 2592 magis
1543 2526 1833 2590 parentum
1861 2516 2111 2587 misereri

532 2618 833 2675 convenit?

602 2709 713 2766 Sed
745 2706 893 2763 aliud
922 2714 1030 2770 est,
1060 2690 1206 2775 quod
1238 2702 1307 2759 ad
1328 2706 1473 2758 hanc
1506 2700 1802 2758 Marcionis
1829 2700 2113 2759 refutatio-

530 2817 658 2859 nem
681 2798 987 2855 addendiun
1012 2796 1246 2852 videtur.
1280 2792 1415 2849 Nam
1451 2792 1522 2859 si,
1549 2807 1674 2847 cum
1704 2793 1931 2849 alterius
1965 2799 2113 2848 esset

533 2893 624 2949 ille
654 2892 822 2956 (ilius,
853 2902 979 2945 sese
1011 2885 1082 2940 ad
1112 2886 1346 2939 alterum
1379 2882 1700 2947 contulerit,
1740 2896 1809 2937 ne
1845 2882 1976 2936 huic
2006 2881 2110 2951 ipsi

531 2986 754 3056 quidem
798 2980 964 3052 ﬁdem
999 2977 1344 3050 praestitutus
1372 2975 1604 3032 videtur.
1659 2974 1764 3042 Qui
1796 2975 1944 3031 enim
1978 2973 2112 3030 lide-

2290 876 2389 929 IA'.
2423 872 2645 945 Πρῶτον
2696 869 2796 941 μὲν
2830 868 2942 940 γὰρ
2979 868 3083 930 ὅτι,
3116 868 3166 920 εί
3212 864 3424 934 ἀγαθὸς
3461 863 3533 916 ἐκ
3579 863 3820 936 πονηροῦ

2220 964 2535 1034 γεγένηται,
2584 958 2767 1014 οὐκέτι
2811 957 2919 1010 τῶν
2957 955 3141 1028 ἀρχῶν
3177 954 3513 1025 σταθήσεται
3565 956 3597 1008 6
3640 954 3813 1022 λόγος.

2217 1052 2452 1106 Δύναται
2488 1048 2599 1121 γὰρ
2635 1047 2729 1101 καὶ
2766 1047 2794 1098 6
2822 1044 2989 1099 αὐτοῦ
3024 1042 3233 1115 Πατὴρ,
3268 1045 3317 1095 εί
3349 1042 3599 1113 πονηρὸς
3641 1044 3818 1112 ὕπαρ-

2218 1160 2304 1216 χει
2340 1143 2497 1212 (ὅπερ
2530 1139 2605 1209 μὴ
2641 1136 2872 1206 γένοιτο,
2926 1133 3061 1188 ἀλλά
3092 1133 3295 1203 ἀγαθός
3338 1134 3508 1203 ἐστι),
3548 1132 3818 1202 μεταϐλη-

2222 1232 2380 1302 θῆναι
2403 1229 2499 1301 τὴν
2527 1228 2773 1299 γνώμην,
2806 1225 2995 1297 ὥσπερ
3024 1216 3060 1278 ὅ
3083 1226 3176 1278 ὑπ’
3206 1223 3374 1278 αὐτοῦ
3402 1225 3816 1295 γεγεννημένος

2220 1319 2639 1393 μεταϐέϐληται.
2690 1316 2764 1369 Τὸ
2792 1313 2849 1368 δὲ
2881 1315 3088 1386 ἕτερον,
3123 1316 3171 1366 εί
3203 1313 3340 1377 ὅλως
3379 1309 3552 1383 ἦλθεν
3579 1317 3609 1368 6
3643 1316 3816 1368 Μονο-

2216 1410 2380 1485 γενὴς
2414 1407 2735 1480 ἀνθρώπους
2770 1405 2961 1468 σῶσαι,
2998 1406 3091 1458 καὶ
3127 1404 3331 1476 λῃστὴν
3369 1406 3700 1474 εἰσαγαγεῖν
3742 1408 3815 1469 εἰς

2218 1500 2563 1571 παράδεισον,
2605 1500 2697 1554 καὶ
2744 1498 2983 1568 τελώνην
3013 1497 3240 1552 καλέσαι
3283 1496 3392 1550 ἀπὸ
3423 1497 3693 1551 τελωνίου
3741 1499 3814 1562 είς

2218 1594 2528 1664 μετάνοιαν,
2568 1592 2663 1645 καὶ
2700 1591 2906 1663 πόρνην
2934 1589 3260 1658 ἀλείφουσαν
3288 1587 3458 1642 αὐτοῦ
3488 1590 3618 1652 τοὺς
3652 1588 3812 1651 πόδας

2221 1682 2475 1740 ίᾶσασθαι
2512 1684 2621 1738 ἀπὸ
2660 1682 2960 1756 πονηρίας⁸
3013 1681 3093 1734 ἔτι
3133 1682 3189 1734 δὲ
3222 1681 3316 1734 καὶ
3349 1679 3539 1749 ἀγαθά
3581 1681 3811 1753 πράττει

2216 1777 2368 1843 Θεὸς,
2396 1776 2599 1846 ἀγαθὸς
2635 1776 2891 1848 ὑπάρχει,
2929 1776 3022 1829 καὶ
3072 1773 3470 1844 εὔσπλαγχνος,
3518 1773 3620 1829 καὶ
3658 1773 3808 1844 ἐλεή-

2219 1888 2337 1943 μων
2357 1886 2371 1901 ’
2407 1852 2586 1940 πολλῷ
2638 1864 2732 1922 οὖν
2783 1867 2983 1940 μᾶλλον
3029 1865 3138 1921 ἔδει
3187 1867 3279 1920 ἐπὶ
3314 1866 3408 1920 τὸν
3461 1865 3601 1920 ίδιον
3651 1864 3803 1917 αὑτοῦ

2218 1960 2439 2035 Πατέρα
2472 1960 2565 2015 τὸν
2595 1954 2776 2014 οἷκτον
2800 1958 3111 2025 ἀναλαὸεϊν,
3136 1957 3231 2012 καὶ
3270 1956 3438 2011 αὑτὸν
3466 1956 3694 2028 πρῶτον
3726 1975 3805 2028 μευ

2214 2053 2457 2109 ταθείναι
2490 2054 2570 2117 είς
2611 2052 2673 2106 τὸ
2723 2050 3103 2122 σωηριῶδες’
3159 2051 3270 2114 ἵνα,
3306 2049 3531 2121 πρῶτον
3572 2050 3667 2103 τὸν
3706 2050 3805 2103 Πα-

2213 2143 2350 2216 τέρα
2397 2142 2565 2198 αὑτοῦ
2621 2140 2960 2214 μεταϐαλὼν,
3008 2140 3229 2203 τελείως
3261 2139 3566 2205 ἐνδείξεται
3598 2141 3700 2211 τήν
3726 2158 3804 2192 τεο

2214 2233 2365 2289 λείαν
2404 2233 2737 2305 ἀγαθότητα,
2778 2232 2871 2286 τὸν
2914 2232 3134 2304 Πατέρα
3179 2231 3346 2286 αὐτοῦ
3393 2232 3700 2303 οἰκτείρας,
3737 2232 3803 2294 ὡς

2214 2328 2311 2384 καὶ
2342 2327 2651 2399 γέγραπται
2674 2342 2687 2356 θ
2712 2324 2917 2379 Ποιεῖν
2944 2324 3010 2381 τὸ
3043 2324 3269 2394 ἀγαθὸν
3297 2323 3542 2394 πρῶτον
3558 2326 3649 2390 εἰς
3671 2324 3803 2388 τοὺς

2213 2420 2475 2486 οίκειους
2530 2416 2643 2486 τῆς
2690 2416 2951 2481 πίστεως
2976 2431 2989 2445 ’
3045 2415 3196 2487 πόσῳ
3242 2432 3308 2484 γε
3373 2415 3583 2486 μᾶλλον
3642 2415 3802 2469 ἐλεεῖν

2211 2513 2339 2577 τοὺς
2370 2509 2577 2565 ἑαυτῶν
2604 2508 2847 2581 πατέρας
2867 2525 2883 2575 ;

2286 2691 2362 2746 Τὸ
2389 2690 2447 2746 δὲ
2496 2689 2683 2762 ἕτερον
2724 2688 2839 2743 ἔστι
2874 2689 2896 2722 δ
2940 2687 3303 2761 προστέθεικα
3344 2692 3413 2761 τῇ
3454 2689 3685 2761 φράσει,
3716 2691 3802 2744 καὶ

2212 2783 2294 2856 τῷ
2344 2782 2552 2854 ἐλέγχῳ
2593 2780 2670 2853 τῷ
2722 2780 2859 2854 πρὸς
2926 2780 3018 2834 τὸν
3066 2781 3403 2852 Μαρκίωνα’
3462 2783 3572 2847 ὃτι,
3618 2784 3669 2835 εί
3712 2784 3803 2853 μὲν

2211 2875 2308 2929 τοῦ
2345 2875 2463 2939 ἑνός
2494 2876 2609 2928 ἐστι
2637 2874 2772 2938 υίὸς,
2803 2873 2897 2927 καὶ
2930 2872 3067 2944 πρὸς
3102 2873 3192 2926 τὸν
3219 2874 3407 2941 ἕτερον
3437 2874 3798 2944 προσέφυγεν.

2213 2970 2275 3023 οὐ
2305 2968 2499 3032 πιστὸς
2529 2966 3026 3039 παραδειχθήσεται
3056 2966 3206 3038 παρὰ
3246 2965 3324 3037 τῷ
3370 2965 3566 3038 ἑτέρῳ.
3612 2966 3671 3018 '0
3699 2965 3801 3036 γὰρ

531 3048 639 3135 lem
676 3092 737 3133 se
767 3048 897 3147 erga
925 3048 1205 3144 parentem
1239 3070 1462 3125 minime
1498 3071 1751 3141 praebuit,
1789 3085 1857 3125 ex
1890 3069 1959 3125 iis
1990 3082 2109 3139 qua

2218 3062 2522 3132 συνείδησιν
2558 3062 2639 3125 είς
2690 3061 2779 3113 τὸν
2815 3059 2945 3112 ίδιον
2980 3058 3145 3113 αὑτοῦ
3196 3060 3416 3130 Πατέρα
3455 3057 3531 3131 μὴ
3563 3058 3801 3129 φυλάξας

530 3178 694 3226 antea
728 3167 922 3239 gessit,
972 3180 1041 3221 ne
1076 3162 1218 3236 apud
1242 3162 1474 3218 alterum
1519 3161 1744 3232 quidem
1781 3160 1884 3216 lide
1912 3160 2113 3233 dignus

531 3259 840 3316 habebitur.
880 3254 963 3310 Ad
1013 3254 1130 3309 haec
1181 3252 1288 3306 alio
1324 3252 1450 3305 licet
1502 3256 1824 3321 argumento
1866 3252 2111 3303 errOrem

526 3360 708 3417 tuum,
752 3347 981 3411 Marcio,
1014 3345 1366 3406 convincere,
1408 3356 1477 3397 cx
1522 3355 1589 3396 eo
1629 3340 1879 3394 videlicet
1909 3339 2109 3410 capite,

524 3439 674 3511 quod
706 3438 777 3493 ob
809 3434 1047 3504 alicujus
1070 3431 1165 3503 qui
1192 3430 1501 3485 mitteretur
1528 3425 1767 3496 inopiam
1798 3439 1966 3495 negas
1995 3438 2111 3481 ser-

527 3545 661 3587 vare
689 3530 892 3584 bonum
914 3524 1086 3581 Deum
1111 3523 1236 3576 illos
1250 3520 1523 3591 potuisse,
1550 3532 1691 3589 quos
1720 3517 1927 3573 servari
1948 3530 2111 3586 opor-

528 3619 845 3692 tuit,’377
876 3624 932 3672 et
978 3615 1179 3686 quibus
1221 3626 1319 3683 per
1352 3610 1633 3666 Christum
1675 3606 2109 3665 miseriwrdiam

527 3712 743 3768 tribuit.
785 3707 906 3764 Nisi
958 3705 1105 3763 enim
1165 3702 1422 3762 Christus
1470 3699 1539 3755 ad
1595 3714 1907 3770 supremum
1957 3698 2108 3752 illum

526 3805 701 3861 Deum
748 3818 816 3858 ex
869 3796 1165 3855 Marcionis
1217 3793 1488 3852 sententia
1532 3790 1896 3863 confugisset,
1946 3804 2109 3860 quem

527 3893 620 3948 ille
647 3891 826 3952 bonus
857 3887 1122 3950 mitteret,
1149 3883 1439 3941 habuisset
1468 3883 1766 3945 neminem,
1808 3880 1855 3936 si
1886 3895 1993 3934 non
2022 3880 2109 3933 in-

432 3986 447 3992 ”
526 3994 612 4040 ter
639 3981 856 4036 Patrem
897 3993 965 4033 ac
992 3976 1191 4032 Filium
1232 3973 1511 4031 Christum
1552 3972 1872 4030 oﬂ‘ensionis
1904 3969 2109 4043 aliquid

526 4072 939 4131 intervenisset.
977 4068 1182 4125 Deinde
1221 4068 1269 4123 si
1298 4066 1578 4122 Creatoris
1625 4073 1710 4122 est
1745 4064 1912 4128 ﬁlius,
1944 4063 2110 4118 idem-

520 4183 636 4239 que
674 4163 940 4221 creationi
973 4161 1078 4232 ipsi
1122 4174 1186 4214 ac
1227 4158 1471 4231 paternis
1500 4157 1760 4228 operibus
1807 4163 1892 4212 est
1920 4156 2107 4211 inimi-

527 4271 649 4322 cus,
694 4255 1028 4324 simulatque
1062 4253 1115 4306 in
1144 4251 1292 4307 hunc
1339 4249 1526 4305 orbem
1569 4246 1830 4318 delapsus
1871 4256 1978 4311 est,
2013 4246 2110 4301 hu-

527 4359 753 4401 manum
805 4345 859 4398 in
905 4343 1099 4413 primis
1152 4356 1326 4413 genus
1368 4339 1735 4396 exterminare
1781 4338 1989 4405 debuit,
2046 4347 2107 4394 ut

528 4434 812 4494 conditum
873 4433 1005 4488 illud
1056 4448 1197 4505 opus
1261 4448 1291 4488 a
1344 4432 1501 4488 Patre
1561 4430 1808 4489 funditus
1863 4431 2103 4500 deleret,

533 4536 721 4599 utpote
762 4533 1114 4598 paternarum
1161 4524 1501 4579 molitionum
1555 4523 1729 4580 hostis
1781 4524 2104 4580 acerrimus.

532 4624 641 4676 Aut
695 4627 758 4674 ut
810 4616 1140 4689 persanandi
1188 4631 1252 4671 ac
1302 4616 1531 4671 curandi
1578 4616 1944 4687 servandique
1995 4616 2104 4671 vim

531 4725 801 4780 usurpare
849 4708 1042 4770 vellet,
1091 4706 1194 4761 hoc
1241 4706 1418 4777 ipsum
1465 4707 1820 4763 humanitatis
1869 4706 2103 4763 cilicium

529 4801 744 4874 parenti
797 4807 923 4854 ante
981 4808 1206 4854 caeteros
1246 4811 1439 4856 omnes
1480 4797 1844 4854 exhibendum
1904 4798 2104 4863 fuerat,

525 4895 689 4966 eique
712 4889 1174 4964 persuadendum.
1205 4889 1301 4945 lilii
1334 4898 1393 4946 ut
1422 4905 1545 4947 esse
1572 4890 1774 4947 similis
1806 4890 2011 4955 mallet,
2042 4899 2102 4945 ut

523 4996 640 5039 tam
677 4983 793 5054 ipse
823 4982 928 5039 sibi
959 4996 1125 5054 quam
1161 4979 1310 5035 Patri
1342 4980 1542 5044 bonus,
1572 4986 1627 5035 et
1653 4979 1891 5034 humano
1915 4980 2103 5051 generi

529 5072 789 5129 salutaris
829 5079 995 5136 esset,
1045 5078 1210 5142 atque
1255 5069 1330 5124 ita
1388 5084 1495 5124 una
1542 5077 1597 5125 et
1642 5069 1830 5126 eadem
1885 5071 2104 5129 bonitas

529 5163 836 5220 exsisteret.
898 5162 1063 5233 Atqui
1127 5162 1285 5234 longe
1335 5160 1439 5217 ista
1495 5176 1617 5218 sese
1675 5162 1832 5219 aliter
1876 5163 2100 5230 habent,

525 5267 694 5322 quam
736 5255 883 5311 illius
919 5254 1022 5311 fert
1050 5254 1282 5310 conﬁcta
1317 5267 1381 5309 ac
1417 5251 1664 5317 fabulosa
1702 5257 1965 5312 narratio.
2007 5258 2102 5313 Ne-

520 5361 635 5416 que
660 5345 804 5401 enim
839 5347 943 5399 tria
989 5353 1117 5402 sunt
1146 5346 1438 5417 principia,
1474 5362 1574 5403 nec
1615 5347 1755 5405 alius
1784 5356 1868 5404 est
1897 5348 2098 5405 Christi

525 5437 712 5503 Pater,
746 5451 845 5492 nec
875 5437 964 5491 ille
994 5438 1249 5508 nequitiae
1283 5438 1500 5495 soboles
1525 5439 1925 5506 exstitit,‘absit
1958 5450 2015 5495 ut
2048 5440 2103 5496 id

2214 3153 2335 3208 οὐδὲ
2381 3151 2534 3225 παρά
2579 3150 2658 3223 τῷ
2691 3148 3324 3223 ὲτέρῳπιστευθήσεται
3374 3150 3483 3204 ἀπὸ
3530 3150 3643 3203 τῶν
3679 3151 3800 3221 παρ’

2214 3243 2378 3301 αὑτοῦ
2411 3243 2762 3316 προαγόντως
2806 3241 3233 3314 πεπραγμένων.
3285 3241 3449 3295 Ἀλλὰ
3494 3244 3591 3295 καὶ
3630 3242 3798 3307 ἄλλως

2213 3336 2399 3400 πάλιν,
2428 3330 2474 3390 ὧ
2512 3334 2798 3407 Μαρκίων,
2834 3333 2900 3388 δι’
2934 3334 3168 3405 ἀπορίαν
3206 3333 3298 3387 τοῦ
3335 3335 3693 3405 πεμπομένου
3726 3335 3795 3405 μὴ

2212 3426 2530 3498 δυνηθέντος
2562 3426 2733 3481 σῶσαι
2782 3428 2909 3490 τοὺς
2946 3426 3077 3498 παρ’
3116 3425 3267 3496 αὐτῷ
3312 3426 3677 3497 σωζομένους,
3710 3429 3796 3481 καὶ

2213 3520 2346 3591 παρ’
2399 3518 2564 3572 αὐτοῦ
2619 3518 2708 3573 διὰ
2760 3517 2999 3590 Χριστοῦ
3048 3516 3391 3589 ὲλεηθέντας.
3452 3518 3519 3571 Εἰ
3567 3519 3644 3589 μὴ
3691 3518 3794 3589 γὰρ

2212 3613 2464 3682 ἀπέφυγε
2498 3611 2640 3666 κατὰ
2671 3611 2762 3665 τὸν
2810 3610 2904 3665 τοῦ
2944 3611 3269 3681 Μαρκίωνος
3306 3609 3467 3679 λόγον
3509 3613 3539 3664 6
3570 3611 3791 3682 Χριστὸς

2223 3704 2363 3777 πρὸς
2385 3703 2477 3757 τὸν
2501 3702 2615 3758 ἄνω
2642 3702 2795 3764 Θεὸν.
2828 3702 2929 3756 οὐκ
2961 3702 3192 3773 ηὐπόρει
3220 3703 3250 3755 6
3279 3701 3483 3770 ἀγαθὸς
3519 3701 3653 3765 θεὸς
3679 3702 3790 3755 τινα

2216 3795 2556 3858 ἀποστεῖλαι,
2576 3796 2624 3849 εί
2654 3794 2729 3866 μὴ
2760 3796 2818 3848 ἐν
2848 3792 3212 3867 προσκρούσει
3236 3794 3264 3847 6
3294 3793 3391 3847 τοῦ
3420 3793 3657 3865 Χριστοῦ
3686 3796 3788 3848 lla-

2210 3888 2336 3961 τηρ,
2370 3888 2447 3952 ὡς
2475 3888 2503 3940 6
2530 3885 2796 3957 Μαρκίων
2826 3885 2996 3955 λέγει,
3027 3884 3164 3957 πρὸς
3195 3884 3287 3955 τὸν
3316 3884 3447 3937 ἴδιον
3477 3884 3644 3939 αὐτοῦ
3674 3886 3787 3939 Υξδν

2211 3980 2525 4051 γεγένηται.
2566 3980 2676 4034 Καὶ
2720 3978 2897 4042 ἄλλως
2940 3978 3020 4041 δὲ,
3069 3977 3244 4030 εἰτοῦ
3294 3978 3641 4050 Δημιουργοῦ
3682 3980 3785 4042 υἱός

2211 4072 2378 4137 ἔστιν,
2416 4070 2717 4124 ἀντίκειται
2757 4069 2812 4122 δὲ
2839 4071 2904 4141 τῇ
2933 4067 3268 4140 δημιουργία
3303 4068 3398 4121 καὶ
3440 4069 3520 4140 τῷ
3550 4070 3645 4123 τοῦ
3678 4073 3781 4126 Πα-

2209 4164 2339 4233 τρδς
2376 4160 2542 4233 ἔργῳ,
2579 4159 2793 4232 πρῶτον
2840 4159 2938 4230 μὲν
2971 4158 3142 4212 ὲλθὼν
3170 4161 3249 4222 είς
3286 4159 3377 4213 τὸν
3411 4161 3636 4231 κόσμον,
3668 4164 3779 4225 τοὺς

2208 4252 2531 4327 ἀνθρώπους
2575 4251 2793 4324 πρῶτον
2825 4245 2973 4322 εῖχεν
2999 4250 3377 4324 ὲξολοθρεῦσαι
3398 4268 3412 4284 ’
3446 4254 3534 4307 ἵνα
3561 4255 3782 4327 ἀφανίσῃ

2209 4344 2271 4399 τὸ
2324 4343 2483 4418 ἔργον
2524 4344 2587 4398 τὸ
2620 4344 2726 4399 ἀπὸ
2758 4343 2852 4398 τοῦ
2898 4345 3029 4398 ἰδίου
3070 4343 3283 4416 Πατρδς
3327 4344 3780 4419 δεδημιουργημέ-

2210 4452 2320 4502 νον,
2354 4436 2429 4499 ὡς
2474 4435 2742 4498 ἀντίδικος
2786 4434 3078 4505 γενόμενος
3110 4435 3207 4505 τῆς
3241 4434 3335 4488 τοῦ
3376 4437 3589 4509 Πατρδς
3614 4438 3767 4492 διαθέ·

2211 4544 2370 4591 σεως.
2406 4528 2476 4580 Ἢ
2503 4526 2664 4580 πάλιν
2688 4525 2867 4579 λαϐὼν
2894 4525 3123 4597 δύναμιν
3151 4527 3346 4591 ίάσεως
3376 4527 3473 4581 καὶ
3503 4529 3776 4601 θεραπείας

2208 4619 2303 4672 καὶ
2335 4618 2627 4690 σωτηρίας,
2659 4617 2889 4689 ὠφειλεν
2921 4616 3255 4682 ἐνδείξασθαι
3293 4619 3374 4682 είς
3405 4620 3499 4672 τὸν
3540 4621 3665 4675 ἴδιον
3691 4623 3777 4677 αὖ·

2208 4708 2303 4763 τοῦ
2347 4709 2565 4781 Πατέρα
2609 4709 2715 4780 πρὸ
2743 4706 2959 4761 πάντων
2994 4708 3093 4780 τὴν
3123 4708 3222 4778 τῆς
3254 4707 3661 4781 φιλανθρωπίας
3691 4714 3759 4782 ἐρ

2206 4800 2426 4870 γασίαν,
2462 4800 2555 4854 καὶ
2602 4798 2817 4872 πρῶτον
2865 4802 3049 4854 πεῖσαι
3088 4799 3180 4854 τὸν
3211 4801 3432 4875 Πατέρα
3460 4802 3625 4857 αὐτοῦ
3666 4806 3773 4857 κατ’

2207 4892 2371 4948 αὐτὸν
2398 4891 2682 4959 γενέσθαι·
2716 4893 2823 4960 ἶνα,
2857 4892 3145 4965 γενόμενος
3167 4893 3320 4965 αὐτῷ
3347 4913 3404 4948 τε
3447 4896 3545 4949 καὶ
3570 4895 3644 4967 τῷ
3674 4896 3768 4948 Πα-

2208 4984 2297 5057 τρὶ⁵
2346 4980 2510 5037 αὑτοῦ
2553 4983 2778 5053 ἀγαθὸς,
2824 4984 2919 5055 τῆς
2969 4983 3105 5055 πρὸς
3157 4984 3481 5057 ἀνθρώπους
3522 4986 3771 5058 σωτηρίας

2208 5078 2242 5149 ἡ
2283 5075 2382 5148 μία
2410 5076 2503 5129 καὶ
2534 5077 2567 5147 ἡ
2607 5076 2747 5148 αὐτὴ
2782 5075 3052 5147 ἀγαθότης
3085 5077 3333 5149 γένηται.
3384 5079 3523 5133 Ἀλλ’
3556 5081 3650 5150 οὐχ
3689 5079 3768 5132 οὖ-

2209 5184 2316 5232 τως
2351 5166 2486 5239 ἔχει,
2515 5167 2591 5232 ώς
2620 5169 2649 5221 6
2675 5168 2865 5220 τούτου
2900 5169 3373 5240 κενοφωνούμενος
3420 5171 3667 5242 μυθώδης
3695 5170 3771 5223 λιι·

2208 5278 2347 5331 τος..
2369 5260 2505 5315 Οὔτε
2533 5261 2641 5333 γὰρ
2673 5263 2819 5334 τρεῖς
2863 5262 3048 5333 ἀρχαὶ,
3080 5262 3202 5317 οὔτε
3244 5265 3401 5330 ἄλλος
3443 5266 3626 5338 Πατὴρ
3652 5267 3765 5335 Χρι-

2211 5351 2358 5416 στοῦ,
2407 5354 2529 5407 οὐδὲ
2568 5354 2767 5415 κακίας
2803 5353 2917 5404 ἐστὶ
2942 5353 3206 5425 γέννημα.
3244 5359 3319 5429 μὴ
3361 5358 3602 5425 γένοιτοί
3646 5357 3770 5426 Φησὶ

2209 5445 2351 5516 γάρ’
2401 5444 2547 5513 Ἐγὼ
2582 5444 2652 5498 ἐν
2686 5444 2767 5509 τῷ
2818 5446 3019 5513 Harp),
3065 5447 3163 5500 καί
3210 5451 3243 5500 ό
3287 5449 3492 5518 Πατὴρ
3528 5450 3597 5503 ἐν
3628 5450 3768 5519 ἐμοί.

523 5546 769 5604 unquam
801 5532 1196 5589 existimemus.
1246 5531 1322 5587 Ita
1356 5539 1498 5590 enim
1539 5538 1652 5608 ipse
1684 5543 1953 5594 testatur:
1991 5537 2102 5609 Ego
2142 5540 2195 5594 in
2238 5540 2421 5605 Patre,
2451 5551 2499 5595 et
2534 5540 2699 5597 Pater
2730 5541 2782 5595 in
2826 5558 2904 5595 me
2929 5552 3004 5597 est
3027 5542 3067 5595 ³.

603 5689 820 5748 "Hebr.
860 5707 934 5758 ιν,
962 5691 1046 5746 l2.
1125 5695 1145 5725 ¹
1179 5690 1357 5747 Galat.
1392 5709 1463 5760 rt,
1488 5682 1588 5747 '12.
1668 5695 1688 5726 ³
1717 5693 1874 5752 Joan.
1913 5712 2023 5764 xw,
2059 5698 2109 5755 li

2222 5698 2241 5730 ⁸
2268 5696 2393 5754 For.
2421 5698 2514 5753 ἔτι.
