  <div class='ocr_page' id='page_1' title='image "/cluster/home/n/w/nwhite01/storage/ocr_20150623/41/hvd.32044073501868/430.png"; bbox 0 0 4008 6078; ppageno 0'>
   <div class='ocr_carea' id='block_1_1' title="bbox 126 160 244 218">
    <p class='ocr_par' dir='ltr' id='par_1_1' title="bbox 126 160 244 218">
     <span class='ocr_line' id='line_1_1' title="bbox 126 160 244 218; baseline 0.017 -3"><span class='ocrx_word' id='word_1_1' title='bbox 126 160 244 218; x_wconf 73' lang='grc'><strong>’817</strong></span> 
     </span>
    </p>
   </div>
   <div class='ocr_carea' id='block_1_2' title="bbox 813 148 2807 227">
    <p class='ocr_par' dir='ltr' id='par_1_2' title="bbox 813 148 2807 227">
     <span class='ocr_line' id='line_1_2' title="bbox 813 148 2807 227; baseline -0.005 -13"><span class='ocrx_word' id='word_1_2' title='bbox 813 158 1184 216; x_wconf 74' lang='lat' dir='ltr'><strong>ADVERSUS</strong></span> <span class='ocrx_word' id='word_1_3' title='bbox 1223 157 1562 213; x_wconf 66' lang='lat' dir='ltr'><strong>HERESES</strong></span> <span class='ocrx_word' id='word_1_4' title='bbox 1594 156 1721 212; x_wconf 82' lang='lat' dir='ltr'><strong>LIB.</strong></span> <span class='ocrx_word' id='word_1_5' title='bbox 1757 153 1799 213; x_wconf 90' lang='lat' dir='ltr'><strong>I.</strong></span> <span class='ocrx_word' id='word_1_6' title='bbox 1838 152 2002 210; x_wconf 75' lang='lat' dir='ltr'><strong>TOM.</strong></span> <span class='ocrx_word' id='word_1_7' title='bbox 2038 149 2491 207; x_wconf 68' lang='lat' dir='ltr'><strong>[IL—IM&#39;JRES.</strong></span> <span class='ocrx_word' id='word_1_8' title='bbox 2529 148 2715 206; x_wconf 80' lang='lat' dir='ltr'><strong>XLIII.</strong></span> <span class='ocrx_word' id='word_1_9' title='bbox 2800 214 2807 227; x_wconf 33' lang='grc' dir='ltr'>α</span> 
     </span>
    </p>
   </div>
   <div class='ocr_carea' id='block_1_3' title="bbox 3279 144 3385 205">
    <p class='ocr_par' dir='ltr' id='par_1_3' title="bbox 3279 144 3385 205">
     <span class='ocr_line' id='line_1_3' title="bbox 3279 144 3385 205; baseline 0.019 -2"><span class='ocrx_word' id='word_1_10' title='bbox 3279 144 3385 205; x_wconf 64' lang='grc'><strong>818</strong></span> 
     </span>
    </p>
   </div>
   <div class='ocr_carea' id='block_1_4' title="bbox 208 259 1723 340">
    <p class='ocr_par' dir='ltr' id='par_1_4' title="bbox 208 267 1708 340">
     <span class='ocr_line' id='line_1_4' title="bbox 208 267 1708 340; baseline -0.003 -15"><span class='ocrx_word' id='word_1_11' title='bbox 208 272 320 326; x_wconf 80' lang='grc' dir='ltr'><strong>Καὶ</strong></span> <span class='ocrx_word' id='word_1_12' title='bbox 362 272 412 323; x_wconf 84' lang='grc' dir='ltr'><strong>εί</strong></span> <span class='ocrx_word' id='word_1_13' title='bbox 442 270 540 340; x_wconf 73' lang='grc' dir='ltr'><strong>μὲν</strong></span> <span class='ocrx_word' id='word_1_14' title='bbox 568 267 737 333; x_wconf 84' lang='grc' dir='ltr'>νόθως</span> <span class='ocrx_word' id='word_1_15' title='bbox 764 269 913 337; x_wconf 83' lang='grc' dir='ltr'>λέγει</span> <span class='ocrx_word' id='word_1_16' title='bbox 953 268 1163 340; x_wconf 79' lang='grc' dir='ltr'><strong>πατέρα</strong></span> <span class='ocrx_word' id='word_1_17' title='bbox 1190 269 1363 339; x_wconf 71' lang='grc' dir='ltr'>ἔχειν,</span> <span class='ocrx_word' id='word_1_18' title='bbox 1392 269 1452 322; x_wconf 84' lang='grc' dir='ltr'>οὑ</span> <span class='ocrx_word' id='word_1_19' title='bbox 1487 267 1708 322; x_wconf 83' lang='grc' dir='ltr'>δύναται</span> 
     </span>
    </p>
   </div>
   <div class='ocr_carea' id='block_1_5' title="bbox 1823 259 3391 340">
    <p class='ocr_par' dir='ltr' id='par_1_5' title="bbox 1881 259 3391 329">
     <span class='ocr_line' id='line_1_5' title="bbox 1881 259 3391 329; baseline -0.004 -10"><span class='ocrx_word' id='word_1_20' title='bbox 1881 263 2037 329; x_wconf 80' lang='lat' dir='ltr'><strong>Quod</strong></span> <span class='ocrx_word' id='word_1_21' title='bbox 2064 262 2112 319; x_wconf 81' lang='lat' dir='ltr'><strong>si</strong></span> <span class='ocrx_word' id='word_1_22' title='bbox 2144 260 2510 317; x_wconf 92' lang='lat' dir='ltr'><strong>adulterinum</strong></span> <span class='ocrx_word' id='word_1_23' title='bbox 2543 262 2697 317; x_wconf 87' lang='lat' dir='ltr'><strong>illum</strong></span> <span class='ocrx_word' id='word_1_24' title='bbox 2728 268 3008 329; x_wconf 87' lang='lat' dir='ltr'><strong>parentem</strong></span> <span class='ocrx_word' id='word_1_25' title='bbox 3046 259 3391 329; x_wconf 87' lang='lat' dir='ltr'><strong>intelligeret,</strong></span> 
     </span>
    </p>
   </div>
   <div class='ocr_carea' id='block_1_6' title="bbox 130 352 1715 429">
    <p class='ocr_par' dir='ltr' id='par_1_6' title="bbox 130 352 1715 429">
     <span class='ocr_line' id='line_1_6' title="bbox 130 352 1715 429; baseline -0.006 -13"><span class='ocrx_word' id='word_1_26' title='bbox 130 358 300 417; x_wconf 81' lang='grc' dir='ltr'>αὐτοῦ</span> <span class='ocrx_word' id='word_1_27' title='bbox 321 361 351 412; x_wconf 82' lang='grc' dir='ltr'><strong>ὁ</strong></span> <span class='ocrx_word' id='word_1_28' title='bbox 386 358 538 421; x_wconf 83' lang='grc' dir='ltr'>νόθος</span> <span class='ocrx_word' id='word_1_29' title='bbox 576 357 769 429; x_wconf 79' lang='grc' dir='ltr'>Πατήρ</span> <span class='ocrx_word' id='word_1_30' title='bbox 792 357 957 411; x_wconf 82' lang='grc' dir='ltr'>καλού</span> <span class='ocrx_word' id='word_1_31' title='bbox 965 374 1121 428; x_wconf 79' lang='grc' dir='ltr'>μενος</span> <span class='ocrx_word' id='word_1_32' title='bbox 1144 358 1203 409; x_wconf 84' lang='grc' dir='ltr'><strong>ὲν</strong></span> <span class='ocrx_word' id='word_1_33' title='bbox 1226 356 1377 423; x_wconf 81' lang='grc' dir='ltr'>αὐτῷ</span> <span class='ocrx_word' id='word_1_34' title='bbox 1398 352 1559 420; x_wconf 75' lang='grc' dir='ltr'>εἶναι,</span> <span class='ocrx_word' id='word_1_35' title='bbox 1591 354 1715 408; x_wconf 80' lang='grc' dir='ltr'>οὐδὲ</span> 
     </span>
    </p>
   </div>
   <div class='ocr_carea' id='block_1_7' title="bbox 132 445 1717 520">
    <p class='ocr_par' dir='ltr' id='par_1_7' title="bbox 132 445 1717 520">
     <span class='ocr_line' id='line_1_7' title="bbox 132 445 1717 520; baseline -0.006 -14"><span class='ocrx_word' id='word_1_36' title='bbox 132 451 300 515; x_wconf 80' lang='grc' dir='ltr'>αὐτὸς</span> <span class='ocrx_word' id='word_1_37' title='bbox 326 453 387 505; x_wconf 77' lang='grc' dir='ltr'><strong>ἐν</strong></span> <span class='ocrx_word' id='word_1_38' title='bbox 421 448 500 520; x_wconf 82' lang='grc' dir='ltr'>τῷ</span> <span class='ocrx_word' id='word_1_39' title='bbox 522 449 719 519; x_wconf 83' lang='grc' dir='ltr'>Πατρί.</span> <span class='ocrx_word' id='word_1_40' title='bbox 763 450 821 503; x_wconf 88' lang='lat'><strong>&#39;0</strong></span> <span class='ocrx_word' id='word_1_41' title='bbox 848 449 908 502; x_wconf 81' lang='grc' dir='ltr'>δὲ</span> <span class='ocrx_word' id='word_1_42' title='bbox 950 448 1092 502; x_wconf 85' lang='grc' dir='ltr'><strong>κατά</strong></span> <span class='ocrx_word' id='word_1_43' title='bbox 1116 448 1279 517; x_wconf 81' lang='grc' dir='ltr'>φύσιν</span> <span class='ocrx_word' id='word_1_44' title='bbox 1308 447 1474 501; x_wconf 80' lang='grc' dir='ltr'>αὑτοῦ</span> <span class='ocrx_word' id='word_1_45' title='bbox 1497 445 1717 516; x_wconf 77' lang='grc' dir='ltr'>Πατέρα</span> 
     </span>
    </p>
   </div>
   <div class='ocr_carea' id='block_1_8' title="bbox 132 536 1715 609">
    <p class='ocr_par' dir='ltr' id='par_1_8' title="bbox 132 536 1715 609">
     <span class='ocr_line' id='line_1_8' title="bbox 132 536 1715 609; baseline -0.004 -15"><span class='ocrx_word' id='word_1_46' title='bbox 132 541 225 594; x_wconf 76' lang='grc' dir='ltr'>ἀεὶ</span> <span class='ocrx_word' id='word_1_47' title='bbox 253 538 490 608; x_wconf 82' lang='grc' dir='ltr'>ἀγαθὸν,</span> <span class='ocrx_word' id='word_1_48' title='bbox 529 538 623 592; x_wconf 79' lang='grc' dir='ltr'><strong>καὶ</strong></span> <span class='ocrx_word' id='word_1_49' title='bbox 663 537 798 592; x_wconf 81' lang='grc' dir='ltr'>Θεὸν</span> <span class='ocrx_word' id='word_1_50' title='bbox 833 539 940 602; x_wconf 77' lang='grc' dir='ltr'>ἀεὶ,</span> <span class='ocrx_word' id='word_1_51' title='bbox 977 538 1072 592; x_wconf 77' lang='grc' dir='ltr'><strong>καὶ</strong></span> <span class='ocrx_word' id='word_1_52' title='bbox 1106 538 1322 592; x_wconf 87' lang='grc' dir='ltr'>πάντων</span> <span class='ocrx_word' id='word_1_53' title='bbox 1355 536 1715 609; x_wconf 82' lang='grc' dir='ltr'>Δημιουργὺν,</span> 
     </span>
    </p>
   </div>
   <div class='ocr_carea' id='block_1_9' title="bbox 131 627 1716 700">
    <p class='ocr_par' dir='ltr' id='par_1_9' title="bbox 131 627 1716 700">
     <span class='ocr_line' id='line_1_9' title="bbox 131 627 1716 700; baseline -0.001 -17"><span class='ocrx_word' id='word_1_54' title='bbox 131 628 316 700; x_wconf 76' lang='grc' dir='ltr'>ἑαυτῷ</span> <span class='ocrx_word' id='word_1_55' title='bbox 346 629 403 682; x_wconf 82' lang='grc' dir='ltr'>δὲ</span> <span class='ocrx_word' id='word_1_56' title='bbox 442 627 574 682; x_wconf 79' lang='grc' dir='ltr'>ὄντα</span> <span class='ocrx_word' id='word_1_57' title='bbox 608 627 703 682; x_wconf 74' lang='grc' dir='ltr'><strong>καὶ</strong></span> <span class='ocrx_word' id='word_1_58' title='bbox 733 628 831 681; x_wconf 82' lang='grc' dir='ltr'>σὺν</span> <span class='ocrx_word' id='word_1_59' title='bbox 878 628 1028 698; x_wconf 82' lang='grc' dir='ltr'><strong>αὐτῷ</strong></span> <span class='ocrx_word' id='word_1_60' title='bbox 1079 628 1392 699; x_wconf 86' lang='grc' dir='ltr'>ὑπάρχοντα</span> <span class='ocrx_word' id='word_1_61' title='bbox 1429 627 1716 693; x_wconf 78' lang='grc' dir='ltr'><strong>διδάσκων,</strong></span> 
     </span>
    </p>
   </div>
   <div class='ocr_carea' id='block_1_10' title="bbox 132 718 1721 791">
    <p class='ocr_par' dir='ltr' id='par_1_10' title="bbox 132 718 1721 791">
     <span class='ocr_line' id='line_1_10' title="bbox 132 718 1721 791; baseline -0.001 -17"><span class='ocrx_word' id='word_1_62' title='bbox 132 723 235 774; x_wconf 71' lang='grc' dir='ltr'><strong>καὶ</strong></span> <span class='ocrx_word' id='word_1_63' title='bbox 279 719 595 791; x_wconf 86' lang='grc' dir='ltr'>ἀληθεύων,</span> <span class='ocrx_word' id='word_1_64' title='bbox 639 719 780 772; x_wconf 85' lang='grc' dir='ltr'>κατά</span> <span class='ocrx_word' id='word_1_65' title='bbox 817 718 912 773; x_wconf 79' lang='grc' dir='ltr'><strong>τοῦ</strong></span> <span class='ocrx_word' id='word_1_66' title='bbox 959 720 1287 791; x_wconf 78' lang='grc' dir='ltr'><strong>Μαρκίωνος</strong></span> <span class='ocrx_word' id='word_1_67' title='bbox 1347 720 1446 790; x_wconf 80' lang='grc' dir='ltr'>τὴν</span> <span class='ocrx_word' id='word_1_68' title='bbox 1488 718 1721 790; x_wconf 79' lang='grc' dir='ltr'>ἀπειλὴν</span> 
     </span>
    </p>
   </div>
   <div class='ocr_carea' id='block_1_11' title="bbox 129 808 1717 883">
    <p class='ocr_par' dir='ltr' id='par_1_11' title="bbox 129 808 1717 883">
     <span class='ocr_line' id='line_1_11' title="bbox 129 808 1717 883; baseline -0.001 -18"><span class='ocrx_word' id='word_1_69' title='bbox 129 810 470 883; x_wconf 80' lang='grc' dir='ltr'>διεξέρχεται</span> <span class='ocrx_word' id='word_1_70' title='bbox 507 809 602 863; x_wconf 80' lang='grc' dir='ltr'><strong>τοῦ</strong></span> <span class='ocrx_word' id='word_1_71' title='bbox 626 809 876 878; x_wconf 82' lang='grc' dir='ltr'>λέγοντος</span> <span class='ocrx_word' id='word_1_72' title='bbox 902 811 917 841; x_wconf 77' lang='grc' dir='ltr'><strong>ί</strong></span> <span class='ocrx_word' id='word_1_73' title='bbox 938 826 952 840; x_wconf 76' lang='grc' dir='ltr'><strong>ο</strong></span> <span class='ocrx_word' id='word_1_74' title='bbox 992 810 1054 864; x_wconf 89' lang='lat'><strong>&#39;0</strong></span> <span class='ocrx_word' id='word_1_75' title='bbox 1081 810 1169 880; x_wconf 82' lang='grc' dir='ltr'>μὴ</span> <span class='ocrx_word' id='word_1_76' title='bbox 1198 808 1382 880; x_wconf 81' lang='grc' dir='ltr'><strong>τιμῶν</strong></span> <span class='ocrx_word' id='word_1_77' title='bbox 1412 809 1523 864; x_wconf 80' lang='grc' dir='ltr'><strong>τὸν</strong></span> <span class='ocrx_word' id='word_1_78' title='bbox 1558 809 1717 875; x_wconf 77' lang='grc' dir='ltr'>Υίὸν,</span> 
     </span>
    </p>
   </div>
   <div class='ocr_carea' id='block_1_12' title="bbox 128 897 1721 970">
    <p class='ocr_par' dir='ltr' id='par_1_12' title="bbox 128 897 1721 970">
     <span class='ocr_line' id='line_1_12' title="bbox 128 897 1721 970; baseline -0.001 -15"><span class='ocrx_word' id='word_1_79' title='bbox 128 904 216 966; x_wconf 79' lang='grc' dir='ltr'>ὡς</span> <span class='ocrx_word' id='word_1_80' title='bbox 254 899 393 970; x_wconf 80' lang='grc' dir='ltr'>τιμᾷ</span> <span class='ocrx_word' id='word_1_81' title='bbox 421 899 530 954; x_wconf 81' lang='grc' dir='ltr'><strong>τὸν</strong></span> <span class='ocrx_word' id='word_1_82' title='bbox 567 897 820 968; x_wconf 80' lang='grc' dir='ltr'><strong>Πατέρα,</strong></span> <span class='ocrx_word' id='word_1_83' title='bbox 852 901 888 970; x_wconf 75' lang='grc' dir='ltr'><strong>ἠ</strong></span> <span class='ocrx_word' id='word_1_84' title='bbox 919 900 1065 970; x_wconf 77' lang='grc' dir='ltr'>ὀργὴ</span> <span class='ocrx_word' id='word_1_85' title='bbox 1103 901 1206 955; x_wconf 88' lang='grc' dir='ltr'>τοῦ</span> <span class='ocrx_word' id='word_1_86' title='bbox 1238 902 1384 956; x_wconf 82' lang='grc' dir='ltr'>Θεοῦ</span> <span class='ocrx_word' id='word_1_87' title='bbox 1416 901 1509 954; x_wconf 79' lang='grc' dir='ltr'><strong>ἐπ’</strong></span> <span class='ocrx_word' id='word_1_88' title='bbox 1533 899 1721 955; x_wconf 72' lang='grc' dir='ltr'>αὑτὸν</span> 
     </span>
    </p>
   </div>
   <div class='ocr_carea' id='block_1_13' title="bbox 125 990 1721 1070">
    <p class='ocr_par' dir='ltr' id='par_1_13' title="bbox 125 990 1721 1070">
     <span class='ocr_line' id='line_1_13' title="bbox 125 990 1721 1070; baseline 0 -25"><span class='ocrx_word' id='word_1_89' title='bbox 125 993 323 1070; x_wconf 68' lang='grc' dir='ltr'>μένει.</span> <span class='ocrx_word' id='word_1_90' title='bbox 362 991 501 1061; x_wconf 85' lang='grc' dir='ltr'><strong>Ἤδη</strong></span> <span class='ocrx_word' id='word_1_91' title='bbox 530 991 588 1044; x_wconf 82' lang='grc' dir='ltr'><strong>δὲ</strong></span> <span class='ocrx_word' id='word_1_92' title='bbox 618 992 676 1043; x_wconf 75' lang='grc' dir='ltr'><strong>ὲν</strong></span> <span class='ocrx_word' id='word_1_93' title='bbox 704 990 926 1055; x_wconf 83' lang='grc' dir='ltr'>πολλαῖς</span> <span class='ocrx_word' id='word_1_94' title='bbox 963 992 1287 1064; x_wconf 79' lang='grc' dir='ltr'><strong>μαρτυρίαις</strong></span> <span class='ocrx_word' id='word_1_95' title='bbox 1319 992 1598 1062; x_wconf 78' lang='grc' dir='ltr'><strong>ἐδείξαμεν</strong></span> <span class='ocrx_word' id='word_1_96' title='bbox 1627 992 1721 1046; x_wconf 79' lang='grc' dir='ltr'>τὸν</span> 
     </span>
    </p>
   </div>
   <div class='ocr_carea' id='block_1_14' title="bbox 130 1079 1723 1159">
    <p class='ocr_par' dir='ltr' id='par_1_14' title="bbox 130 1079 1723 1159">
     <span class='ocr_line' id='line_1_14' title="bbox 130 1079 1723 1159; baseline -0.001 -20"><span class='ocrx_word' id='word_1_97' title='bbox 130 1087 237 1139; x_wconf 73' lang='grc' dir='ltr'><strong>ἕνα</strong></span> <span class='ocrx_word' id='word_1_98' title='bbox 258 1087 389 1139; x_wconf 75' lang='grc' dir='ltr'>ὄντα</span> <span class='ocrx_word' id='word_1_99' title='bbox 421 1085 578 1149; x_wconf 82' lang='grc' dir='ltr'>Θεὸν,</span> <span class='ocrx_word' id='word_1_100' title='bbox 605 1084 696 1138; x_wconf 77' lang='grc' dir='ltr'>τὸν</span> <span class='ocrx_word' id='word_1_101' title='bbox 728 1084 945 1159; x_wconf 81' lang='grc' dir='ltr'>Πατέρα</span> <span class='ocrx_word' id='word_1_102' title='bbox 967 1079 1057 1136; x_wconf 80' lang='grc' dir='ltr'>τοῦ</span> <span class='ocrx_word' id='word_1_103' title='bbox 1095 1083 1303 1155; x_wconf 80' lang='grc' dir='ltr'>Κυρίου</span> <span class='ocrx_word' id='word_1_104' title='bbox 1345 1082 1503 1156; x_wconf 79' lang='grc' dir='ltr'>ἡμῶν</span> <span class='ocrx_word' id='word_1_105' title='bbox 1542 1083 1723 1154; x_wconf 81' lang='grc' dir='ltr'><strong>Ἰησοῦ</strong></span> 
     </span>
    </p>
   </div>
   <div class='ocr_carea' id='block_1_15' title="bbox 133 1169 1722 1245">
    <p class='ocr_par' dir='ltr' id='par_1_15' title="bbox 133 1169 1722 1245">
     <span class='ocr_line' id='line_1_15' title="bbox 133 1169 1722 1245; baseline -0.001 -18"><span class='ocrx_word' id='word_1_106' title='bbox 133 1172 403 1245; x_wconf 74' lang='grc' dir='ltr'>Χριστοῦ,</span> <span class='ocrx_word' id='word_1_107' title='bbox 431 1169 635 1240; x_wconf 76' lang='grc' dir='ltr'>ἀγαθὸν</span> <span class='ocrx_word' id='word_1_108' title='bbox 660 1172 812 1237; x_wconf 77' lang='grc' dir='ltr'>ὄντα,</span> <span class='ocrx_word' id='word_1_109' title='bbox 840 1172 936 1224; x_wconf 78' lang='grc' dir='ltr'><strong>καὶ</strong></span> <span class='ocrx_word' id='word_1_110' title='bbox 960 1172 1165 1240; x_wconf 82' lang='grc' dir='ltr'>ἀγαθὸν</span> <span class='ocrx_word' id='word_1_111' title='bbox 1201 1172 1558 1243; x_wconf 82' lang='grc' dir='ltr'>γεννήσαντα.</span> <span class='ocrx_word' id='word_1_112' title='bbox 1587 1172 1722 1240; x_wconf 83' lang='grc' dir='ltr'>ἀγά-</span> 
     </span>
    </p>
   </div>
   <div class='ocr_carea' id='block_1_16' title="bbox 132 1262 1723 1336">
    <p class='ocr_par' dir='ltr' id='par_1_16' title="bbox 132 1262 1723 1336">
     <span class='ocr_line' id='line_1_16' title="bbox 132 1262 1723 1336; baseline 0 -20"><span class='ocrx_word' id='word_1_113' title='bbox 132 1282 249 1336; x_wconf 85' lang='grc' dir='ltr'><strong>πην</strong></span> <span class='ocrx_word' id='word_1_114' title='bbox 276 1264 429 1325; x_wconf 75' lang='grc' dir='ltr'>ὄντα,</span> <span class='ocrx_word' id='word_1_115' title='bbox 464 1263 558 1316; x_wconf 76' lang='grc' dir='ltr'><strong>καὶ</strong></span> <span class='ocrx_word' id='word_1_116' title='bbox 583 1263 806 1332; x_wconf 81' lang='grc' dir='ltr'>ἀγάπην</span> <span class='ocrx_word' id='word_1_117' title='bbox 841 1263 1201 1333; x_wconf 82' lang='grc' dir='ltr'><strong>γεννήσαντα,</strong></span> <span class='ocrx_word' id='word_1_118' title='bbox 1232 1263 1414 1333; x_wconf 81' lang='grc' dir='ltr'>πηγὴν</span> <span class='ocrx_word' id='word_1_119' title='bbox 1441 1262 1592 1327; x_wconf 78' lang='grc' dir='ltr'>ὄντα,</span> <span class='ocrx_word' id='word_1_120' title='bbox 1628 1263 1723 1317; x_wconf 76' lang='grc' dir='ltr'>καὶ</span> 
     </span>
    </p>
   </div>
   <div class='ocr_carea' id='block_1_17' title="bbox 132 1352 1719 1425">
    <p class='ocr_par' dir='ltr' id='par_1_17' title="bbox 132 1352 1719 1425">
     <span class='ocr_line' id='line_1_17' title="bbox 132 1352 1719 1425; baseline 0 -18"><span class='ocrx_word' id='word_1_121' title='bbox 132 1355 287 1425; x_wconf 74' lang='grc' dir='ltr'>ζωῆς</span> <span class='ocrx_word' id='word_1_122' title='bbox 339 1352 521 1424; x_wconf 79' lang='grc' dir='ltr'>πηγὴν</span> <span class='ocrx_word' id='word_1_123' title='bbox 568 1355 905 1424; x_wconf 83' lang='grc' dir='ltr'>γεννήσαντα</span> <span class='ocrx_word' id='word_1_124' title='bbox 959 1354 1171 1423; x_wconf 83' lang='grc' dir='ltr'>(Παρὰ</span> <span class='ocrx_word' id='word_1_125' title='bbox 1228 1354 1330 1409; x_wconf 78' lang='grc' dir='ltr'><strong>σοί</strong></span> <span class='ocrx_word' id='word_1_126' title='bbox 1396 1354 1509 1424; x_wconf 61' lang='grc' dir='ltr'><strong>γὰρ</strong></span> <span class='ocrx_word' id='word_1_127' title='bbox 1556 1353 1719 1425; x_wconf 81' lang='grc' dir='ltr'>πηγὴ</span> 
     </span>
    </p>
   </div>
   <div class='ocr_carea' id='block_1_18' title="bbox 131 1444 1721 1517">
    <p class='ocr_par' dir='ltr' id='par_1_18' title="bbox 131 1444 1721 1517">
     <span class='ocr_line' id='line_1_18' title="bbox 131 1444 1721 1517; baseline -0.001 -18"><span class='ocrx_word' id='word_1_128' title='bbox 131 1446 310 1511; x_wconf 76' lang='grc' dir='ltr'>ζὶοῆς,</span> <span class='ocrx_word' id='word_1_129' title='bbox 336 1447 498 1517; x_wconf 76' lang='grc' dir='ltr'>φησὶν</span> <span class='ocrx_word' id='word_1_130' title='bbox 525 1446 558 1517; x_wconf 87' lang='grc' dir='ltr'><strong>ή</strong></span> <span class='ocrx_word' id='word_1_131' title='bbox 587 1444 836 1516; x_wconf 70' lang='grc' dir='ltr'><strong>Γραφή)⁸</strong></span> <span class='ocrx_word' id='word_1_132' title='bbox 890 1446 1148 1516; x_wconf 85' lang='grc' dir='ltr'>ἀλήθειαν</span> <span class='ocrx_word' id='word_1_133' title='bbox 1176 1446 1325 1508; x_wconf 71' lang='grc' dir='ltr'>ὅντα,</span> <span class='ocrx_word' id='word_1_134' title='bbox 1350 1444 1441 1498; x_wconf 85' lang='grc' dir='ltr'><strong>καὶ</strong></span> <span class='ocrx_word' id='word_1_135' title='bbox 1463 1444 1721 1512; x_wconf 81' lang='grc' dir='ltr'>ἀλήθειαν</span> 
     </span>
    </p>
   </div>
   <div class='ocr_carea' id='block_1_19' title="bbox 135 1535 1720 1607">
    <p class='ocr_par' dir='ltr' id='par_1_19' title="bbox 135 1535 1720 1607">
     <span class='ocr_line' id='line_1_19' title="bbox 135 1535 1720 1607; baseline -0.001 -18"><span class='ocrx_word' id='word_1_136' title='bbox 135 1538 501 1605; x_wconf 76' lang='grc' dir='ltr'><strong>γεννήσαντα,</strong></span> <span class='ocrx_word' id='word_1_137' title='bbox 546 1535 662 1606; x_wconf 82' lang='grc' dir='ltr'>φῶς</span> <span class='ocrx_word' id='word_1_138' title='bbox 694 1536 852 1600; x_wconf 79' lang='grc' dir='ltr'>ὄντα,</span> <span class='ocrx_word' id='word_1_139' title='bbox 887 1537 982 1590; x_wconf 77' lang='grc' dir='ltr'><strong>καὶ</strong></span> <span class='ocrx_word' id='word_1_140' title='bbox 1016 1536 1132 1606; x_wconf 81' lang='grc' dir='ltr'>φῶς</span> <span class='ocrx_word' id='word_1_141' title='bbox 1177 1537 1535 1607; x_wconf 82' lang='grc' dir='ltr'>γεννήσαντα,</span> <span class='ocrx_word' id='word_1_142' title='bbox 1574 1535 1720 1605; x_wconf 79' lang='grc' dir='ltr'>ζωὴν</span> 
     </span>
    </p>
   </div>
   <div class='ocr_carea' id='block_1_20' title="bbox 128 1624 1719 1699">
    <p class='ocr_par' dir='ltr' id='par_1_20' title="bbox 128 1624 1719 1699">
     <span class='ocr_line' id='line_1_20' title="bbox 128 1624 1719 1699; baseline -0.001 -20"><span class='ocrx_word' id='word_1_143' title='bbox 128 1629 289 1687; x_wconf 82' lang='grc' dir='ltr'>ὅντα,</span> <span class='ocrx_word' id='word_1_144' title='bbox 324 1628 417 1680; x_wconf 82' lang='grc' dir='ltr'><strong>καί</strong></span> <span class='ocrx_word' id='word_1_145' title='bbox 438 1625 583 1696; x_wconf 74' lang='grc' dir='ltr'>ζωὴν</span> <span class='ocrx_word' id='word_1_146' title='bbox 611 1628 973 1697; x_wconf 84' lang='grc' dir='ltr'>γεννήσαντα,</span> <span class='ocrx_word' id='word_1_147' title='bbox 1004 1626 1255 1699; x_wconf 83' lang='grc' dir='ltr'>ἀνάρχως</span> <span class='ocrx_word' id='word_1_148' title='bbox 1290 1628 1383 1680; x_wconf 72' lang='grc' dir='ltr'><strong>καὶ</strong></span> <span class='ocrx_word' id='word_1_149' title='bbox 1409 1626 1595 1688; x_wconf 86' lang='grc' dir='ltr'>ἀϊδίως</span> <span class='ocrx_word' id='word_1_150' title='bbox 1625 1624 1719 1679; x_wconf 73' lang='grc' dir='ltr'>καὶ</span> 
     </span>
    </p>
   </div>
   <div class='ocr_carea' id='block_1_21' title="bbox 128 1717 1718 1789">
    <p class='ocr_par' dir='ltr' id='par_1_21' title="bbox 128 1717 1718 1789">
     <span class='ocr_line' id='line_1_21' title="bbox 128 1717 1718 1789; baseline 0 -19"><span class='ocrx_word' id='word_1_151' title='bbox 128 1717 407 1788; x_wconf 84' lang='grc' dir='ltr'>ἀχρόνως.</span> <span class='ocrx_word' id='word_1_152' title='bbox 458 1719 565 1771; x_wconf 75' lang='grc' dir='ltr'><strong>Καὶ</strong></span> <span class='ocrx_word' id='word_1_153' title='bbox 607 1717 931 1789; x_wconf 83' lang='grc' dir='ltr'>ἐλήλεγκται</span> <span class='ocrx_word' id='word_1_154' title='bbox 971 1720 1111 1773; x_wconf 85' lang='grc' dir='ltr'>κατά</span> <span class='ocrx_word' id='word_1_155' title='bbox 1152 1719 1329 1773; x_wconf 86' lang='grc' dir='ltr'>πάντα</span> <span class='ocrx_word' id='word_1_156' title='bbox 1356 1720 1390 1789; x_wconf 84' lang='grc' dir='ltr'>ἡ</span> <span class='ocrx_word' id='word_1_157' title='bbox 1437 1717 1528 1773; x_wconf 77' lang='grc' dir='ltr'><strong>τοῦ</strong></span> <span class='ocrx_word' id='word_1_158' title='bbox 1561 1719 1718 1789; x_wconf 79' lang='grc' dir='ltr'><strong>Μαρ-</strong></span> 
     </span>
    </p>
   </div>
   <div class='ocr_carea' id='block_1_22' title="bbox 131 1808 570 1880">
    <p class='ocr_par' dir='ltr' id='par_1_22' title="bbox 131 1808 570 1880">
     <span class='ocr_line' id='line_1_22' title="bbox 131 1808 570 1880; baseline 0.002 -20"><span class='ocrx_word' id='word_1_159' title='bbox 131 1808 339 1871; x_wconf 82' lang='grc' dir='ltr'>κίωνος</span> <span class='ocrx_word' id='word_1_160' title='bbox 374 1808 570 1880; x_wconf 66' lang='grc' dir='ltr'>πὶάνη.</span> 
     </span>
    </p>
   </div>
   <div class='ocr_carea' id='block_1_23' title="bbox 208 1977 1719 2050">
    <p class='ocr_par' dir='ltr' id='par_1_23' title="bbox 208 1977 1719 2050">
     <span class='ocr_line' id='line_1_23' title="bbox 208 1977 1719 2050; baseline 0 -19"><span class='ocrx_word' id='word_1_161' title='bbox 208 1977 434 2031; x_wconf 77' lang='grc' dir='ltr'>Τούτων</span> <span class='ocrx_word' id='word_1_162' title='bbox 467 1977 650 2032; x_wconf 84' lang='grc' dir='ltr'>τοίνυν</span> <span class='ocrx_word' id='word_1_163' title='bbox 688 1977 858 2042; x_wconf 77' lang='grc' dir='ltr'>οὕτως</span> <span class='ocrx_word' id='word_1_164' title='bbox 896 1980 1149 2049; x_wconf 75' lang='grc' dir='ltr'>ἐχόντων,</span> <span class='ocrx_word' id='word_1_165' title='bbox 1183 1979 1278 2033; x_wconf 72' lang='grc' dir='ltr'><strong>καὶ</strong></span> <span class='ocrx_word' id='word_1_166' title='bbox 1318 1979 1416 2050; x_wconf 83' lang='grc' dir='ltr'>τῆς</span> <span class='ocrx_word' id='word_1_167' title='bbox 1452 1978 1594 2031; x_wconf 83' lang='grc' dir='ltr'>κατά</span> <span class='ocrx_word' id='word_1_168' title='bbox 1626 1978 1719 2032; x_wconf 75' lang='grc' dir='ltr'>τοῦ</span> 
     </span>
    </p>
   </div>
   <div class='ocr_carea' id='block_1_24' title="bbox 135 2067 1721 2141">
    <p class='ocr_par' dir='ltr' id='par_1_24' title="bbox 135 2067 1721 2141">
     <span class='ocr_line' id='line_1_24' title="bbox 135 2067 1721 2141; baseline -0.002 -16"><span class='ocrx_word' id='word_1_169' title='bbox 135 2067 462 2131; x_wconf 82' lang='grc' dir='ltr'>ἀπατεῶνος</span> <span class='ocrx_word' id='word_1_170' title='bbox 494 2069 811 2139; x_wconf 80' lang='grc' dir='ltr'>ἀνατροπῆς</span> <span class='ocrx_word' id='word_1_171' title='bbox 836 2069 925 2122; x_wconf 81' lang='grc' dir='ltr'><strong>διὰ</strong></span> <span class='ocrx_word' id='word_1_172' title='bbox 955 2069 1158 2139; x_wconf 79' lang='grc' dir='ltr'>πολλῆς</span> <span class='ocrx_word' id='word_1_173' title='bbox 1196 2071 1290 2123; x_wconf 68' lang='grc' dir='ltr'>καὶ</span> <span class='ocrx_word' id='word_1_174' title='bbox 1326 2070 1588 2141; x_wconf 79' lang='grc' dir='ltr'><strong>ἀληθινῆς</strong></span> <span class='ocrx_word' id='word_1_175' title='bbox 1631 2087 1721 2122; x_wconf 92' lang='grc' dir='ltr'>συ-</span> 
     </span>
    </p>
   </div>
   <div class='ocr_carea' id='block_1_25' title="bbox 134 2156 1723 2229">
    <p class='ocr_par' dir='ltr' id='par_1_25' title="bbox 134 2156 1723 2229">
     <span class='ocr_line' id='line_1_25' title="bbox 134 2156 1723 2229; baseline 0.002 -20"><span class='ocrx_word' id='word_1_176' title='bbox 134 2156 387 2219; x_wconf 81' lang='grc' dir='ltr'>στάσεως</span> <span class='ocrx_word' id='word_1_177' title='bbox 412 2158 470 2209; x_wconf 83' lang='grc' dir='ltr'><strong>ὲν</strong></span> <span class='ocrx_word' id='word_1_178' title='bbox 492 2156 611 2227; x_wconf 86' lang='grc' dir='ltr'><strong>Θεῷ</strong></span> <span class='ocrx_word' id='word_1_179' title='bbox 644 2159 776 2228; x_wconf 80' lang='grc' dir='ltr'>ἡμῖν</span> <span class='ocrx_word' id='word_1_180' title='bbox 810 2158 1318 2229; x_wconf 79' lang='grc' dir='ltr'>κατεργασαμένης,</span> <span class='ocrx_word' id='word_1_181' title='bbox 1346 2158 1507 2213; x_wconf 84' lang='grc' dir='ltr'>πάλιν</span> <span class='ocrx_word' id='word_1_182' title='bbox 1532 2160 1623 2211; x_wconf 76' lang='grc' dir='ltr'><strong>ἐπὶ</strong></span> <span class='ocrx_word' id='word_1_183' title='bbox 1654 2160 1723 2212; x_wconf 84' lang='grc' dir='ltr'>τὰ</span> 
     </span>
    </p>
   </div>
   <div class='ocr_carea' id='block_1_26' title="bbox 129 2246 1723 2318">
    <p class='ocr_par' dir='ltr' id='par_1_26' title="bbox 129 2246 1723 2318">
     <span class='ocr_line' id='line_1_26' title="bbox 129 2246 1723 2318; baseline -0.006 -6"><span class='ocrx_word' id='word_1_184' title='bbox 129 2246 267 2317; x_wconf 61' lang='grc' dir='ltr'><strong>ἑξῆς</strong></span> <span class='ocrx_word' id='word_1_185' title='bbox 275 2263 288 2276; x_wconf 86' lang='grc'><strong><em>⁸</em></strong></span> <span class='ocrx_word' id='word_1_186' title='bbox 306 2246 510 2316; x_wconf 69' lang='grc' dir='ltr'>ταύτης</span> <span class='ocrx_word' id='word_1_187' title='bbox 538 2246 639 2316; x_wconf 80' lang='grc' dir='ltr'>τῆς</span> <span class='ocrx_word' id='word_1_188' title='bbox 655 2247 771 2300; x_wconf 75' lang='grc' dir='ltr'>νυνὶ</span> <span class='ocrx_word' id='word_1_189' title='bbox 792 2248 867 2312; x_wconf 83' lang='grc' dir='ltr'><strong>ὡς</strong></span> <span class='ocrx_word' id='word_1_190' title='bbox 903 2248 1143 2318; x_wconf 81' lang='grc' dir='ltr'>μεγάλης</span> <span class='ocrx_word' id='word_1_191' title='bbox 1164 2249 1388 2312; x_wconf 81' lang='grc' dir='ltr'><strong>ἀσπίδος</strong></span> <span class='ocrx_word' id='word_1_192' title='bbox 1407 2264 1723 2318; x_wconf 78' lang='grc' dir='ltr'>καταπατηο</span> 
     </span>
    </p>
   </div>
   <div class='ocr_carea' id='block_1_27' title="bbox 134 2336 1721 2409">
    <p class='ocr_par' dir='ltr' id='par_1_27' title="bbox 134 2336 1721 2409">
     <span class='ocr_line' id='line_1_27' title="bbox 134 2336 1721 2409; baseline -0.001 -16"><span class='ocrx_word' id='word_1_193' title='bbox 134 2338 336 2408; x_wconf 80' lang='grc' dir='ltr'>θείσης</span> <span class='ocrx_word' id='word_1_194' title='bbox 382 2337 474 2391; x_wconf 76' lang='grc' dir='ltr'>διὰ</span> <span class='ocrx_word' id='word_1_195' title='bbox 519 2338 613 2393; x_wconf 81' lang='grc' dir='ltr'>τοῦ</span> <span class='ocrx_word' id='word_1_196' title='bbox 666 2336 935 2408; x_wconf 74' lang='grc' dir='ltr'><strong>ἀψευδοῦς</strong></span> <span class='ocrx_word' id='word_1_197' title='bbox 983 2338 1142 2406; x_wconf 86' lang='grc' dir='ltr'>λόγου</span> <span class='ocrx_word' id='word_1_198' title='bbox 1185 2336 1280 2391; x_wconf 81' lang='grc' dir='ltr'><strong>τοῦ</strong></span> <span class='ocrx_word' id='word_1_199' title='bbox 1334 2338 1583 2409; x_wconf 81' lang='grc' dir='ltr'><strong>Σωτῆρος</strong></span> <span class='ocrx_word' id='word_1_200' title='bbox 1627 2339 1721 2392; x_wconf 84' lang='grc' dir='ltr'><strong>τοῦ</strong></span> 
     </span>
    </p>
   </div>
   <div class='ocr_carea' id='block_1_28' title="bbox 130 2426 1721 2497">
    <p class='ocr_par' dir='ltr' id='par_1_28' title="bbox 130 2426 1721 2497">
     <span class='ocr_line' id='line_1_28' title="bbox 130 2426 1721 2497; baseline 0.001 -17"><span class='ocrx_word' id='word_1_201' title='bbox 130 2428 390 2491; x_wconf 81' lang='grc' dir='ltr'>εἰπόντος</span> <span class='ocrx_word' id='word_1_202' title='bbox 416 2445 430 2460; x_wconf 79' lang='grc' dir='ltr'><strong>ο</strong></span> <span class='ocrx_word' id='word_1_203' title='bbox 464 2426 697 2482; x_wconf 83' lang='grc' dir='ltr'>Δέδωκα</span> <span class='ocrx_word' id='word_1_204' title='bbox 723 2427 867 2497; x_wconf 83' lang='grc' dir='ltr'>ὑμῖν</span> <span class='ocrx_word' id='word_1_205' title='bbox 895 2428 1107 2482; x_wconf 78' lang='grc' dir='ltr'>πατεῖν</span> <span class='ocrx_word' id='word_1_206' title='bbox 1143 2427 1242 2481; x_wconf 78' lang='grc' dir='ltr'><strong>ἐπὶ</strong></span> <span class='ocrx_word' id='word_1_207' title='bbox 1290 2426 1455 2497; x_wconf 71' lang='grc' dir='ltr'>ὄφεις</span> <span class='ocrx_word' id='word_1_208' title='bbox 1494 2428 1594 2481; x_wconf 81' lang='grc' dir='ltr'>καί</span> <span class='ocrx_word' id='word_1_209' title='bbox 1623 2428 1721 2482; x_wconf 73' lang='grc' dir='ltr'><strong>ἐπὶ</strong></span> 
     </span>
    </p>
   </div>
   <div class='ocr_carea' id='block_1_29' title="bbox 130 2516 1724 2588">
    <p class='ocr_par' dir='ltr' id='par_1_29' title="bbox 130 2516 1724 2588">
     <span class='ocr_line' id='line_1_29' title="bbox 130 2516 1724 2588; baseline 0.001 -17"><span class='ocrx_word' id='word_1_210' title='bbox 130 2516 354 2575; x_wconf 75' lang='grc' dir='ltr'>πᾶσαν</span> <span class='ocrx_word' id='word_1_211' title='bbox 389 2516 501 2586; x_wconf 78' lang='grc' dir='ltr'><strong>τὴν</strong></span> <span class='ocrx_word' id='word_1_212' title='bbox 533 2517 790 2588; x_wconf 74' lang='grc' dir='ltr'>δύναμιν</span> <span class='ocrx_word' id='word_1_213' title='bbox 840 2519 944 2573; x_wconf 86' lang='grc' dir='ltr'>τοῦ</span> <span class='ocrx_word' id='word_1_214' title='bbox 972 2517 1223 2587; x_wconf 78' lang='grc' dir='ltr'><strong>ἐχθροῦ’</strong></span> <span class='ocrx_word' id='word_1_215' title='bbox 1275 2520 1445 2588; x_wconf 85' lang='grc' dir='ltr'>ῐωμεν</span> <span class='ocrx_word' id='word_1_216' title='bbox 1481 2517 1575 2571; x_wconf 78' lang='grc' dir='ltr'><strong>καὶ</strong></span> <span class='ocrx_word' id='word_1_217' title='bbox 1614 2518 1724 2583; x_wconf 78' lang='grc' dir='ltr'>’τὰς</span> 
     </span>
    </p>
   </div>
   <div class='ocr_carea' id='block_1_30' title="bbox 132 2609 1765 2682">
    <p class='ocr_par' dir='ltr' id='par_1_30' title="bbox 132 2609 1765 2682">
     <span class='ocr_line' id='line_1_30' title="bbox 132 2609 1765 2682; baseline 0.001 -18"><span class='ocrx_word' id='word_1_218' title='bbox 132 2610 251 2664; x_wconf 86' lang='grc' dir='ltr'>τῶν</span> <span class='ocrx_word' id='word_1_219' title='bbox 290 2610 468 2665; x_wconf 72' lang='grc' dir='ltr'>ἄλλων</span> <span class='ocrx_word' id='word_1_220' title='bbox 517 2610 992 2682; x_wconf 68' lang='grc' dir='ltr'>ματαιοφροσύνας</span> <span class='ocrx_word' id='word_1_221' title='bbox 1034 2610 1350 2663; x_wconf 87' lang='grc' dir='ltr'><strong>διασκοπεῖν</strong></span> <span class='ocrx_word' id='word_1_222' title='bbox 1400 2626 1460 2662; x_wconf 86' lang='grc' dir='ltr'><strong>τε</strong></span> <span class='ocrx_word' id='word_1_223' title='bbox 1506 2609 1601 2663; x_wconf 76' lang='grc' dir='ltr'><strong>καὶ</strong></span> <span class='ocrx_word' id='word_1_224' title='bbox 1645 2610 1765 2665; x_wconf 82' lang='grc' dir='ltr'><strong>δι-’</strong></span> 
     </span>
    </p>
   </div>
   <div class='ocr_carea' id='block_1_31' title="bbox 134 2698 1724 2773">
    <p class='ocr_par' dir='ltr' id='par_1_31' title="bbox 134 2698 1724 2773">
     <span class='ocr_line' id='line_1_31' title="bbox 134 2698 1724 2773; baseline 0.002 -21"><span class='ocrx_word' id='word_1_225' title='bbox 134 2701 392 2771; x_wconf 78' lang='grc' dir='ltr'>ελὲγχειν</span> <span class='ocrx_word' id='word_1_226' title='bbox 437 2701 919 2773; x_wconf 77' lang='grc' dir='ltr'>(ἐπικαλούμενοι)</span> <span class='ocrx_word' id='word_1_227' title='bbox 957 2700 1089 2755; x_wconf 79' lang='grc' dir='ltr'><strong>Θεὸν</strong></span> <span class='ocrx_word' id='word_1_228' title='bbox 1141 2699 1364 2771; x_wconf 79' lang='grc' dir='ltr'>βοηθὸν,</span> <span class='ocrx_word' id='word_1_229' title='bbox 1408 2700 1468 2755; x_wconf 77' lang='grc' dir='ltr'><strong>ὲν</strong></span> <span class='ocrx_word' id='word_1_230' title='bbox 1523 2698 1724 2756; x_wconf 71' lang='grc' dir='ltr'>ἅπασιν</span> 
     </span>
    </p>
   </div>
   <div class='ocr_carea' id='block_1_32' title="bbox 132 2790 589 2862">
    <p class='ocr_par' dir='ltr' id='par_1_32' title="bbox 132 2790 589 2862">
     <span class='ocr_line' id='line_1_32' title="bbox 132 2790 589 2862; baseline 0 -17"><span class='ocrx_word' id='word_1_231' title='bbox 132 2796 159 2845; x_wconf 73' lang='grc' dir='ltr'>ὲ</span> <span class='ocrx_word' id='word_1_232' title='bbox 170 2790 408 2845; x_wconf 83' lang='grc' dir='ltr'>πικαλού</span> <span class='ocrx_word' id='word_1_233' title='bbox 416 2807 566 2862; x_wconf 87' lang='grc' dir='ltr'>μενοι</span> <span class='ocrx_word' id='word_1_234' title='bbox 575 2830 589 2845; x_wconf 91' lang='grc'><strong>.</strong></span> 
     </span>
    </p>
   </div>
   <div class='ocr_carea' id='block_1_33' title="bbox 558 2904 1333 2973">
    <p class='ocr_par' dir='ltr' id='par_1_33' title="bbox 558 2904 1333 2973">
     <span class='ocr_line' id='line_1_33' title="bbox 558 2904 1333 2973; baseline 0 -14"><span class='ocrx_word' id='word_1_235' title='bbox 558 2905 746 2959; x_wconf 74' lang='grc' dir='ltr'>ΚΑΤΑ</span> <span class='ocrx_word' id='word_1_236' title='bbox 787 2904 1303 2959; x_wconf 80' lang='grc' dir='ltr'><strong>ΛΟΥΚΙΑΝΙΣΤΩΝ</strong></span> <span class='ocrx_word' id='word_1_237' title='bbox 1317 2947 1333 2973; x_wconf 88' lang='grc'><strong>,</strong></span> 
     </span>
    </p>
   </div>
   <div class='ocr_carea' id='block_1_34' title="bbox 206 3016 1647 3088">
    <p class='ocr_par' dir='ltr' id='par_1_34' title="bbox 206 3016 1647 3088">
     <span class='ocr_line' id='line_1_34' title="bbox 206 3016 1647 3088; baseline 0.001 -17"><span class='ocrx_word' id='word_1_238' title='bbox 206 3017 476 3085; x_wconf 73' lang='grc' dir='ltr'>Ε’ίκοστὴ</span> <span class='ocrx_word' id='word_1_239' title='bbox 508 3017 672 3086; x_wconf 83' lang='grc' dir='ltr'>τρίτη</span> <span class='ocrx_word' id='word_1_240' title='bbox 689 3057 703 3079; x_wconf 88' lang='grc'><strong>,</strong></span> <span class='ocrx_word' id='word_1_241' title='bbox 745 3017 785 3084; x_wconf 73' lang='grc' dir='ltr'><strong><em>ἠ</em></strong></span> <span class='ocrx_word' id='word_1_242' title='bbox 826 3016 924 3070; x_wconf 72' lang='grc' dir='ltr'>καί</span> <span class='ocrx_word' id='word_1_243' title='bbox 963 3018 1422 3088; x_wconf 74' lang='grc' dir='ltr'>τεσσαρακοστὴ</span> <span class='ocrx_word' id='word_1_244' title='bbox 1459 3018 1647 3087; x_wconf 80' lang='grc' dir='ltr'>τρίτη.</span> 
     </span>
    </p>
   </div>
   <div class='ocr_carea' id='block_1_35' title="bbox 210 3126 1728 3199">
    <p class='ocr_par' dir='ltr' id='par_1_35' title="bbox 210 3126 1728 3199">
     <span class='ocr_line' id='line_1_35' title="bbox 210 3126 1728 3199; baseline 0.001 -20"><span class='ocrx_word' id='word_1_245' title='bbox 210 3128 294 3179; x_wconf 74' lang='lat' dir='ltr'><strong>A’.</strong></span> <span class='ocrx_word' id='word_1_246' title='bbox 340 3126 639 3190; x_wconf 80' lang='grc' dir='ltr'>Λουκιανός</span> <span class='ocrx_word' id='word_1_247' title='bbox 688 3143 772 3189; x_wconf 84' lang='grc' dir='ltr'><strong>τις</strong></span> <span class='ocrx_word' id='word_1_248' title='bbox 814 3126 1058 3198; x_wconf 82' lang='grc' dir='ltr'>ἀρχαῖος,</span> <span class='ocrx_word' id='word_1_249' title='bbox 1091 3127 1190 3197; x_wconf 84' lang='grc' dir='ltr'><strong>οὐχ</strong></span> <span class='ocrx_word' id='word_1_250' title='bbox 1221 3128 1250 3179; x_wconf 73' lang='grc' dir='ltr'><strong>ό</strong></span> <span class='ocrx_word' id='word_1_251' title='bbox 1278 3128 1375 3181; x_wconf 81' lang='grc' dir='ltr'><strong>νῦν</strong></span> <span class='ocrx_word' id='word_1_252' title='bbox 1418 3129 1478 3183; x_wconf 81' lang='grc' dir='ltr'><strong>ὲν</strong></span> <span class='ocrx_word' id='word_1_253' title='bbox 1513 3128 1728 3199; x_wconf 86' lang='grc' dir='ltr'>χρόνοις</span> 
     </span>
    </p>
   </div>
   <div class='ocr_carea' id='block_1_36' title="bbox 136 3215 1724 3288">
    <p class='ocr_par' dir='ltr' id='par_1_36' title="bbox 136 3215 1724 3288">
     <span class='ocr_line' id='line_1_36' title="bbox 136 3215 1724 3288; baseline 0.001 -18"><span class='ocrx_word' id='word_1_254' title='bbox 136 3215 567 3270; x_wconf 73' lang='grc' dir='ltr'>Κωνσταντίνου</span> <span class='ocrx_word' id='word_1_255' title='bbox 614 3217 711 3270; x_wconf 81' lang='grc' dir='ltr'>τοῦ</span> <span class='ocrx_word' id='word_1_256' title='bbox 754 3217 1009 3288; x_wconf 79' lang='grc' dir='ltr'>γέροντος</span> <span class='ocrx_word' id='word_1_257' title='bbox 1048 3216 1288 3285; x_wconf 86' lang='grc' dir='ltr'>γεγονὼς</span> <span class='ocrx_word' id='word_1_258' title='bbox 1311 3259 1327 3281; x_wconf 90' lang='grc'><strong>,</strong></span> <span class='ocrx_word' id='word_1_259' title='bbox 1376 3218 1436 3271; x_wconf 79' lang='grc' dir='ltr'><strong>ὃν</strong></span> <span class='ocrx_word' id='word_1_260' title='bbox 1476 3218 1635 3288; x_wconf 80' lang='grc' dir='ltr'>δῆθεν</span> <span class='ocrx_word' id='word_1_261' title='bbox 1672 3220 1724 3278; x_wconf 64' lang='grc' dir='ltr'><strong>,οί</strong></span> 
     </span>
    </p>
   </div>
   <div class='ocr_carea' id='block_1_37' title="bbox 146 3304 1725 3381">
    <p class='ocr_par' dir='ltr' id='par_1_37' title="bbox 146 3304 1725 3381">
     <span class='ocr_line' id='line_1_37' title="bbox 146 3304 1725 3381; baseline 0.003 -23"><span class='ocrx_word' id='word_1_262' title='bbox 146 3307 438 3377; x_wconf 65' lang='grc' dir='ltr'>Ἀρειανοὶ</span> <span class='ocrx_word' id='word_1_263' title='bbox 476 3308 536 3359; x_wconf 80' lang='grc' dir='ltr'><strong>ὲν</strong></span> <span class='ocrx_word' id='word_1_264' title='bbox 571 3308 840 3378; x_wconf 84' lang='grc' dir='ltr'>μάρτυσιν</span> <span class='ocrx_word' id='word_1_265' title='bbox 878 3307 1320 3376; x_wconf 73' lang='grc' dir='ltr'>ἐπιψηφίζονται.</span> <span class='ocrx_word' id='word_1_266' title='bbox 1357 3304 1467 3363; x_wconf 84' lang='grc' dir='ltr'><strong>Ἦν</strong></span> <span class='ocrx_word' id='word_1_267' title='bbox 1494 3308 1601 3381; x_wconf 84' lang='grc' dir='ltr'>γὰρ</span> <span class='ocrx_word' id='word_1_268' title='bbox 1630 3310 1725 3362; x_wconf 74' lang='grc' dir='ltr'><strong>καὶ</strong></span> 
     </span>
    </p>
   </div>
   <div class='ocr_carea' id='block_1_38' title="bbox 130 3390 1722 3470">
    <p class='ocr_par' dir='ltr' id='par_1_38' title="bbox 130 3390 1722 3470">
     <span class='ocr_line' id='line_1_38' title="bbox 130 3390 1722 3470; baseline 0 -21"><span class='ocrx_word' id='word_1_269' title='bbox 130 3390 303 3458; x_wconf 73' lang='grc' dir='ltr'>οὗτος</span> <span class='ocrx_word' id='word_1_270' title='bbox 330 3398 361 3449; x_wconf 89' lang='grc' dir='ltr'><strong>ό</strong></span> <span class='ocrx_word' id='word_1_271' title='bbox 393 3397 694 3463; x_wconf 77' lang='grc' dir='ltr'>Λουκιανὸς</span> <span class='ocrx_word' id='word_1_272' title='bbox 722 3398 1056 3468; x_wconf 81' lang='grc' dir='ltr'>πρόσφατος,</span> <span class='ocrx_word' id='word_1_273' title='bbox 1088 3398 1253 3468; x_wconf 77' lang='grc' dir='ltr'>φημὶ,</span> <span class='ocrx_word' id='word_1_274' title='bbox 1278 3398 1628 3470; x_wconf 75' lang='grc' dir='ltr'>προσανέχων</span> <span class='ocrx_word' id='word_1_275' title='bbox 1654 3400 1722 3470; x_wconf 77' lang='grc' dir='ltr'>τῇ</span> 
     </span>
    </p>
   </div>
   <div class='ocr_carea' id='block_1_39' title="bbox 130 3485 1723 3562">
    <p class='ocr_par' dir='ltr' id='par_1_39' title="bbox 130 3485 1723 3562">
     <span class='ocr_line' id='line_1_39' title="bbox 130 3485 1723 3562; baseline 0.002 -23"><span class='ocrx_word' id='word_1_276' title='bbox 130 3487 256 3539; x_wconf 79' lang='grc' dir='ltr'><strong>τῶν</strong></span> <span class='ocrx_word' id='word_1_277' title='bbox 292 3487 592 3556; x_wconf 72' lang='grc' dir='ltr'>’Δρειανῶν</span> <span class='ocrx_word' id='word_1_278' title='bbox 620 3489 852 3559; x_wconf 71' lang='grc' dir='ltr'>αἱρέσει,</span> <span class='ocrx_word' id='word_1_279' title='bbox 888 3489 1017 3560; x_wconf 75' lang='grc' dir='ltr'>περὶ</span> <span class='ocrx_word' id='word_1_280' title='bbox 1045 3485 1106 3544; x_wconf 72' lang='grc' dir='ltr'>οὗ</span> <span class='ocrx_word' id='word_1_281' title='bbox 1150 3488 1378 3562; x_wconf 60' lang='grc' dir='ltr'>ᾖστερον</span> <span class='ocrx_word' id='word_1_282' title='bbox 1406 3493 1466 3544; x_wconf 78' lang='grc' dir='ltr'><strong>ὲν</strong></span> <span class='ocrx_word' id='word_1_283' title='bbox 1504 3494 1568 3561; x_wconf 78' lang='grc' dir='ltr'><strong>τῇ</strong></span> <span class='ocrx_word' id='word_1_284' title='bbox 1602 3491 1723 3543; x_wconf 85' lang='grc' dir='ltr'>κατ’</span> 
     </span>
    </p>
   </div>
   <div class='ocr_carea' id='block_1_40' title="bbox 133 3578 1727 3661">
    <p class='ocr_par' dir='ltr' id='par_1_40' title="bbox 133 3578 1727 3661">
     <span class='ocr_line' id='line_1_40' title="bbox 133 3578 1727 3661; baseline 0.001 -28"><span class='ocrx_word' id='word_1_285' title='bbox 133 3578 314 3633; x_wconf 73' lang='grc' dir='ltr'>αὑτὸν</span> <span class='ocrx_word' id='word_1_286' title='bbox 348 3580 632 3661; x_wconf 76' lang='grc' dir='ltr'><strong>ἀνατροπῇ</strong></span> <span class='ocrx_word' id='word_1_287' title='bbox 658 3580 907 3651; x_wconf 80' lang='grc' dir='ltr'>λέξομεν.</span> <span class='ocrx_word' id='word_1_288' title='bbox 940 3580 1054 3634; x_wconf 82' lang='grc' dir='ltr'><strong>Νῦν</strong></span> <span class='ocrx_word' id='word_1_289' title='bbox 1079 3581 1136 3634; x_wconf 69' lang='grc' dir='ltr'>δὲ</span> <span class='ocrx_word' id='word_1_290' title='bbox 1161 3581 1298 3653; x_wconf 85' lang='grc' dir='ltr'>πρὸς</span> <span class='ocrx_word' id='word_1_291' title='bbox 1326 3581 1417 3635; x_wconf 76' lang='grc' dir='ltr'><strong>τὸν</strong></span> <span class='ocrx_word' id='word_1_292' title='bbox 1438 3582 1727 3653; x_wconf 77' lang='grc' dir='ltr'>εἰρημένον</span> 
     </span>
    </p>
   </div>
   <div class='ocr_carea' id='block_1_41' title="bbox 130 3664 1722 3742">
    <p class='ocr_par' dir='ltr' id='par_1_41' title="bbox 130 3664 1722 3742">
     <span class='ocr_line' id='line_1_41' title="bbox 130 3664 1722 3742; baseline 0.002 -23"><span class='ocrx_word' id='word_1_293' title='bbox 130 3668 380 3739; x_wconf 80' lang='grc' dir='ltr'>ἀρχαῖον</span> <span class='ocrx_word' id='word_1_294' title='bbox 417 3667 713 3722; x_wconf 82' lang='grc' dir='ltr'>Δουκιανὸν</span> <span class='ocrx_word' id='word_1_295' title='bbox 750 3670 1093 3724; x_wconf 81' lang='grc' dir='ltr'>ἀποτείνεται</span> <span class='ocrx_word' id='word_1_296' title='bbox 1129 3672 1158 3722; x_wconf 85' lang='grc' dir='ltr'>ὁ</span> <span class='ocrx_word' id='word_1_297' title='bbox 1189 3670 1364 3737; x_wconf 88' lang='grc' dir='ltr'>λόγος.</span> <span class='ocrx_word' id='word_1_298' title='bbox 1398 3664 1564 3733; x_wconf 68' lang='grc' dir='ltr'>Οὗτος</span> <span class='ocrx_word' id='word_1_299' title='bbox 1594 3671 1722 3742; x_wconf 78' lang='grc' dir='ltr'>γὰρ,</span> 
     </span>
    </p>
   </div>
   <div class='ocr_carea' id='block_1_42' title="bbox 133 3756 1727 3831">
    <p class='ocr_par' dir='ltr' id='par_1_42' title="bbox 133 3756 1727 3831">
     <span class='ocr_line' id='line_1_42' title="bbox 133 3756 1727 3831; baseline 0.001 -22"><span class='ocrx_word' id='word_1_300' title='bbox 133 3757 518 3826; x_wconf 74' lang='grc' dir='ltr'>συνεπόμενος</span> <span class='ocrx_word' id='word_1_301' title='bbox 553 3756 632 3828; x_wconf 83' lang='grc' dir='ltr'><strong>τῷ</strong></span> <span class='ocrx_word' id='word_1_302' title='bbox 669 3760 1055 3831; x_wconf 79' lang='grc' dir='ltr'><strong>προειρημένῳ</strong></span> <span class='ocrx_word' id='word_1_303' title='bbox 1102 3759 1429 3830; x_wconf 83' lang='grc' dir='ltr'>Μαρκίωνι,</span> <span class='ocrx_word' id='word_1_304' title='bbox 1469 3758 1561 3812; x_wconf 76' lang='grc' dir='ltr'><strong>καὶ</strong></span> <span class='ocrx_word' id='word_1_305' title='bbox 1616 3759 1727 3811; x_wconf 85' lang='grc' dir='ltr'>ἀπὸ</span> 
     </span>
    </p>
   </div>
   <div class='ocr_carea' id='block_1_43' title="bbox 127 3843 1726 3921">
    <p class='ocr_par' dir='ltr' id='par_1_43' title="bbox 127 3843 1726 3921">
     <span class='ocr_line' id='line_1_43' title="bbox 127 3843 1726 3921; baseline 0.003 -24"><span class='ocrx_word' id='word_1_306' title='bbox 127 3843 335 3897; x_wconf 74' lang='grc' dir='ltr'>τούτου</span> <span class='ocrx_word' id='word_1_307' title='bbox 370 3846 698 3916; x_wconf 84' lang='grc' dir='ltr'>ἀποσχίσας,</span> <span class='ocrx_word' id='word_1_308' title='bbox 723 3849 818 3901; x_wconf 77' lang='grc' dir='ltr'><strong>καὶ</strong></span> <span class='ocrx_word' id='word_1_309' title='bbox 856 3849 1019 3913; x_wconf 70' lang='grc' dir='ltr'>αὐτὸς</span> <span class='ocrx_word' id='word_1_310' title='bbox 1058 3844 1331 3921; x_wconf 71' lang='grc' dir='ltr'>ἄθροισμα</span> <span class='ocrx_word' id='word_1_311' title='bbox 1364 3848 1542 3918; x_wconf 73' lang='grc' dir='ltr'>ἑαυτῷ</span> <span class='ocrx_word' id='word_1_312' title='bbox 1568 3864 1726 3919; x_wconf 84' lang='grc' dir='ltr'>ποιη-</span> 
     </span>
    </p>
   </div>
   <div class='ocr_carea' id='block_1_44' title="bbox 131 3936 1753 4012">
    <p class='ocr_par' dir='ltr' id='par_1_44' title="bbox 131 3936 1753 4012">
     <span class='ocr_line' id='line_1_44' title="bbox 131 3936 1753 4012; baseline 0.003 -23"><span class='ocrx_word' id='word_1_313' title='bbox 131 3936 420 4007; x_wconf 74' lang='grc' dir='ltr'>σάμενος,</span> <span class='ocrx_word' id='word_1_314' title='bbox 462 3938 730 4009; x_wconf 78' lang='grc' dir='ltr'>αἱρέσεως</span> <span class='ocrx_word' id='word_1_315' title='bbox 774 3940 1034 4012; x_wconf 78' lang='grc' dir='ltr'>προέστη,</span> <span class='ocrx_word' id='word_1_316' title='bbox 1072 3941 1166 4010; x_wconf 76' lang='grc' dir='ltr'>ἀφ’</span> <span class='ocrx_word' id='word_1_317' title='bbox 1198 3937 1369 4012; x_wconf 73' lang='grc' dir='ltr'>οὗπερ</span> <span class='ocrx_word' id='word_1_318' title='bbox 1397 3942 1447 3994; x_wconf 86' lang='lat' dir='ltr'><strong>ol</strong></span> <span class='ocrx_word' id='word_1_319' title='bbox 1494 3942 1753 3994; x_wconf 72' lang='grc' dir='ltr'><strong>Λουκια‹’</strong></span> 
     </span>
    </p>
   </div>
   <div class='ocr_carea' id='block_1_45' title="bbox 127 4027 1725 4102">
    <p class='ocr_par' dir='ltr' id='par_1_45' title="bbox 127 4027 1725 4102">
     <span class='ocr_line' id='line_1_45' title="bbox 127 4027 1725 4102; baseline 0.003 -21"><span class='ocrx_word' id='word_1_320' title='bbox 127 4028 326 4096; x_wconf 74' lang='grc' dir='ltr'>νισταὶ</span> <span class='ocrx_word' id='word_1_321' title='bbox 381 4030 600 4099; x_wconf 81' lang='grc' dir='ltr'>ἀρχαῖοι</span> <span class='ocrx_word' id='word_1_322' title='bbox 645 4030 989 4101; x_wconf 84' lang='grc' dir='ltr'>καλούμενοι.</span> <span class='ocrx_word' id='word_1_323' title='bbox 1040 4031 1194 4085; x_wconf 84' lang='grc' dir='ltr'><strong>Κατά</strong></span> <span class='ocrx_word' id='word_1_324' title='bbox 1246 4032 1426 4087; x_wconf 76' lang='grc' dir='ltr'>πάντα</span> <span class='ocrx_word' id='word_1_325' title='bbox 1481 4032 1580 4102; x_wconf 76' lang='grc' dir='ltr'><strong>μὲν</strong></span> <span class='ocrx_word' id='word_1_326' title='bbox 1629 4027 1725 4085; x_wconf 81' lang='grc' dir='ltr'>οὖν</span> 
     </span>
    </p>
   </div>
   <div class='ocr_carea' id='block_1_46' title="bbox 132 4115 1726 4193">
    <p class='ocr_par' dir='ltr' id='par_1_46' title="bbox 132 4115 1726 4193">
     <span class='ocr_line' id='line_1_46' title="bbox 132 4115 1726 4193; baseline 0.003 -23"><span class='ocrx_word' id='word_1_327' title='bbox 132 4115 291 4170; x_wconf 78' lang='grc' dir='ltr'>κατά</span> <span class='ocrx_word' id='word_1_328' title='bbox 318 4116 413 4168; x_wconf 86' lang='grc' dir='ltr'><strong>τὸν</strong></span> <span class='ocrx_word' id='word_1_329' title='bbox 460 4116 762 4189; x_wconf 83' lang='grc' dir='ltr'>Μαρκίωνα</span> <span class='ocrx_word' id='word_1_330' title='bbox 792 4118 1111 4190; x_wconf 77' lang='grc' dir='ltr'>δογματίζει</span> <span class='ocrx_word' id='word_1_331' title='bbox 1131 4134 1147 4150; x_wconf 88' lang='grc'><strong>·</strong></span> <span class='ocrx_word' id='word_1_332' title='bbox 1182 4122 1447 4193; x_wconf 80' lang='grc' dir='ltr'>κέχρηται</span> <span class='ocrx_word' id='word_1_333' title='bbox 1487 4121 1565 4183; x_wconf 73' lang='grc' dir='ltr'><strong>δὲ,</strong></span> <span class='ocrx_word' id='word_1_334' title='bbox 1591 4120 1666 4185; x_wconf 83' lang='grc' dir='ltr'>ὡς</span> <span class='ocrx_word' id='word_1_335' title='bbox 1697 4123 1726 4174; x_wconf 87' lang='grc' dir='ltr'><strong>ό</strong></span> 
     </span>
    </p>
   </div>
   <div class='ocr_carea' id='block_1_47' title="bbox 128 4207 1719 4283">
    <p class='ocr_par' dir='ltr' id='par_1_47' title="bbox 128 4207 1719 4283">
     <span class='ocr_line' id='line_1_47' title="bbox 128 4207 1719 4283; baseline 0.003 -22"><span class='ocrx_word' id='word_1_336' title='bbox 128 4209 225 4272; x_wconf 73' lang='grc' dir='ltr'><strong>εἰς</strong></span> <span class='ocrx_word' id='word_1_337' title='bbox 264 4207 418 4278; x_wconf 74' lang='grc' dir='ltr'>ἡμᾶς</span> <span class='ocrx_word' id='word_1_338' title='bbox 462 4207 633 4261; x_wconf 75' lang='grc' dir='ltr'>ἐλθὼν</span> <span class='ocrx_word' id='word_1_339' title='bbox 672 4209 850 4278; x_wconf 88' lang='grc' dir='ltr'>λόγος,</span> <span class='ocrx_word' id='word_1_340' title='bbox 886 4212 978 4265; x_wconf 75' lang='grc' dir='ltr'><strong>καὶ</strong></span> <span class='ocrx_word' id='word_1_341' title='bbox 1018 4214 1051 4283; x_wconf 84' lang='grc' dir='ltr'><strong>ή</strong></span> <span class='ocrx_word' id='word_1_342' title='bbox 1084 4215 1216 4283; x_wconf 73' lang='grc' dir='ltr'>περὶ</span> <span class='ocrx_word' id='word_1_343' title='bbox 1255 4212 1421 4266; x_wconf 76' lang='grc' dir='ltr'>αὐτοῦ</span> <span class='ocrx_word' id='word_1_344' title='bbox 1463 4212 1719 4283; x_wconf 69' lang='grc' dir='ltr'>ἔμφασις.</span> 
     </span>
    </p>
   </div>
   <div class='ocr_carea' id='block_1_48' title="bbox 1820 350 3395 424">
    <p class='ocr_par' dir='ltr' id='par_1_48' title="bbox 1820 350 3395 424">
     <span class='ocr_line' id='line_1_48' title="bbox 1820 350 3395 424; baseline -0.004 -13"><span class='ocrx_word' id='word_1_345' title='bbox 1820 370 1931 411; x_wconf 91' lang='lat' dir='ltr'><strong>non</strong></span> <span class='ocrx_word' id='word_1_346' title='bbox 1988 361 2172 424; x_wconf 88' lang='lat' dir='ltr'><strong>potest</strong></span> <span class='ocrx_word' id='word_1_347' title='bbox 2199 355 2247 409; x_wconf 91' lang='lat' dir='ltr'><strong>is</strong></span> <span class='ocrx_word' id='word_1_348' title='bbox 2296 354 2390 424; x_wconf 94' lang='lat' dir='ltr'><strong>qui</strong></span> <span class='ocrx_word' id='word_1_349' title='bbox 2432 354 2776 409; x_wconf 76' lang='lat' dir='ltr'><strong>adulterinus</strong></span> <span class='ocrx_word' id='word_1_350' title='bbox 2796 351 2957 408; x_wconf 82' lang='lat' dir='ltr'><strong>Pater</strong></span> <span class='ocrx_word' id='word_1_351' title='bbox 2982 351 3183 413; x_wconf 82' lang='lat' dir='ltr'><strong>dicitur</strong></span> <span class='ocrx_word' id='word_1_352' title='bbox 3213 350 3268 404; x_wconf 90' lang='lat' dir='ltr'><strong>in</strong></span> <span class='ocrx_word' id='word_1_353' title='bbox 3301 350 3395 404; x_wconf 89' lang='lat' dir='ltr'><strong>illo</strong></span> 
     </span>
    </p>
   </div>
   <div class='ocr_carea' id='block_1_49' title="bbox 1814 442 3393 514">
    <p class='ocr_par' dir='ltr' id='par_1_49' title="bbox 1814 442 3393 514">
     <span class='ocr_line' id='line_1_49' title="bbox 1814 442 3393 514; baseline -0.006 -10"><span class='ocrx_word' id='word_1_354' title='bbox 1814 462 1956 511; x_wconf 85' lang='lat' dir='ltr'><strong>esse,</strong></span> <span class='ocrx_word' id='word_1_355' title='bbox 1994 459 2095 501; x_wconf 86' lang='lat' dir='ltr'><strong>nec</strong></span> <span class='ocrx_word' id='word_1_356' title='bbox 2126 445 2217 499; x_wconf 90' lang='lat' dir='ltr'><strong>ille</strong></span> <span class='ocrx_word' id='word_1_357' title='bbox 2248 445 2304 498; x_wconf 94' lang='lat' dir='ltr'><strong>in</strong></span> <span class='ocrx_word' id='word_1_358' title='bbox 2360 443 2540 499; x_wconf 87' lang='lat' dir='ltr'><strong>Patre.</strong></span> <span class='ocrx_word' id='word_1_359' title='bbox 2578 442 2686 499; x_wconf 83' lang='lat' dir='ltr'><strong>Sed</strong></span> <span class='ocrx_word' id='word_1_360' title='bbox 2717 458 2841 498; x_wconf 88' lang='lat' dir='ltr'><strong>cum</strong></span> <span class='ocrx_word' id='word_1_361' title='bbox 2879 457 3195 514; x_wconf 86' lang='lat' dir='ltr'><strong>germanum</strong></span> <span class='ocrx_word' id='word_1_362' title='bbox 3239 442 3393 496; x_wconf 89' lang='lat' dir='ltr'><strong>illum</strong></span> 
     </span>
    </p>
   </div>
   <div class='ocr_carea' id='block_1_50' title="bbox 1825 535 3492 607">
    <p class='ocr_par' dir='ltr' id='par_1_50' title="bbox 1825 535 3492 607">
     <span class='ocr_line' id='line_1_50' title="bbox 1825 535 3492 607; baseline -0.006 -12"><span class='ocrx_word' id='word_1_363' title='bbox 1825 553 2010 607; x_wconf 88' lang='lat' dir='ltr'><strong>suum,</strong></span> <span class='ocrx_word' id='word_1_364' title='bbox 2036 550 2101 593; x_wconf 89' lang='lat' dir='ltr'><strong>ac</strong></span> <span class='ocrx_word' id='word_1_365' title='bbox 2128 537 2434 591; x_wconf 73' lang='lat' dir='ltr'><strong>naturalem</strong></span> <span class='ocrx_word' id='word_1_366' title='bbox 2461 544 2739 606; x_wconf 87' lang='lat' dir='ltr'><strong>parentem</strong></span> <span class='ocrx_word' id='word_1_367' title='bbox 2769 550 2985 605; x_wconf 79' lang='lat' dir='ltr'><strong>semper</strong></span> <span class='ocrx_word' id='word_1_368' title='bbox 3006 535 3230 598; x_wconf 89' lang='lat' dir='ltr'><strong>bonum,</strong></span> <span class='ocrx_word' id='word_1_369' title='bbox 3256 546 3395 587; x_wconf 83' lang='lat' dir='ltr'><strong>scm-</strong></span> <span class='ocrx_word' id='word_1_370' title='bbox 3482 536 3492 545; x_wconf 87' lang='lat'>‘</span> 
     </span>
    </p>
   </div>
   <div class='ocr_carea' id='block_1_51' title="bbox 1816 624 3395 702">
    <p class='ocr_par' dir='ltr' id='par_1_51' title="bbox 1816 624 3395 702">
     <span class='ocr_line' id='line_1_51' title="bbox 1816 624 3395 702; baseline -0.005 -18"><span class='ocrx_word' id='word_1_371' title='bbox 1816 644 2025 702; x_wconf 83' lang='lat' dir='ltr'><strong>perque</strong></span> <span class='ocrx_word' id='word_1_372' title='bbox 2074 628 2269 691; x_wconf 87' lang='lat' dir='ltr'><strong>Deum,</strong></span> <span class='ocrx_word' id='word_1_373' title='bbox 2334 627 2690 697; x_wconf 89' lang='lat' dir='ltr'><strong>omniumque</strong></span> <span class='ocrx_word' id='word_1_374' title='bbox 2726 624 3091 689; x_wconf 84' lang='lat' dir='ltr'><strong>conditorem,</strong></span> <span class='ocrx_word' id='word_1_375' title='bbox 3135 632 3299 694; x_wconf 85' lang='lat' dir='ltr'><strong>atque</strong></span> <span class='ocrx_word' id='word_1_376' title='bbox 3337 629 3395 677; x_wconf 90' lang='lat' dir='ltr'><strong>et</strong></span> 
     </span>
    </p>
   </div>
   <div class='ocr_carea' id='block_1_52' title="bbox 1819 714 3393 791">
    <p class='ocr_par' dir='ltr' id='par_1_52' title="bbox 1819 714 3393 791">
     <span class='ocr_line' id='line_1_52' title="bbox 1819 714 3393 791; baseline -0.004 -17"><span class='ocrx_word' id='word_1_377' title='bbox 1819 720 1964 791; x_wconf 85' lang='lat' dir='ltr'><strong>apud</strong></span> <span class='ocrx_word' id='word_1_378' title='bbox 1996 718 2376 789; x_wconf 83' lang='lat' dir='ltr'><strong>semetipsum,</strong></span> <span class='ocrx_word' id='word_1_379' title='bbox 2407 725 2612 773; x_wconf 90' lang='lat' dir='ltr'><strong>etcum</strong></span> <span class='ocrx_word' id='word_1_380' title='bbox 2652 716 2789 772; x_wconf 81' lang='lat' dir='ltr'><strong>Filio</strong></span> <span class='ocrx_word' id='word_1_381' title='bbox 2829 717 3183 772; x_wconf 86' lang='lat' dir='ltr'><strong>exsistentem</strong></span> <span class='ocrx_word' id='word_1_382' title='bbox 3218 714 3393 769; x_wconf 86' lang='lat' dir='ltr'><strong>veris-</strong></span> 
     </span>
    </p>
   </div>
   <div class='ocr_carea' id='block_1_53' title="bbox 1819 804 3391 872">
    <p class='ocr_par' dir='ltr' id='par_1_53' title="bbox 1819 804 3391 872">
     <span class='ocr_line' id='line_1_53' title="bbox 1819 804 3391 872; baseline -0.006 -7"><span class='ocrx_word' id='word_1_383' title='bbox 1819 809 1960 865; x_wconf 88' lang='lat' dir='ltr'><strong>sime</strong></span> <span class='ocrx_word' id='word_1_384' title='bbox 2009 807 2234 872; x_wconf 81' lang='lat' dir='ltr'><strong>doceat,</strong></span> <span class='ocrx_word' id='word_1_385' title='bbox 2289 806 2434 862; x_wconf 89' lang='lat' dir='ltr'><strong>idem</strong></span> <span class='ocrx_word' id='word_1_386' title='bbox 2484 806 2812 861; x_wconf 82' lang='lat' dir='ltr'><strong>Marcionem</strong></span> <span class='ocrx_word' id='word_1_387' title='bbox 2861 806 3057 861; x_wconf 85' lang='lat' dir='ltr'><strong>borum</strong></span> <span class='ocrx_word' id='word_1_388' title='bbox 3104 804 3391 860; x_wconf 80' lang='lat' dir='ltr'><strong>verborum</strong></span> 
     </span>
    </p>
   </div>
   <div class='ocr_carea' id='block_1_54' title="bbox 1819 894 3393 970">
    <p class='ocr_par' dir='ltr' id='par_1_54' title="bbox 1819 894 3393 970">
     <span class='ocr_line' id='line_1_54' title="bbox 1819 894 3393 970; baseline -0.003 -15"><span class='ocrx_word' id='word_1_389' title='bbox 1819 900 2239 956; x_wconf 79' lang='lat' dir='ltr'><strong>comminatione</strong></span> <span class='ocrx_word' id='word_1_390' title='bbox 2273 900 2626 970; x_wconf 85' lang='lat' dir='ltr'><strong>perstringit:</strong></span> <span class='ocrx_word' id='word_1_391' title='bbox 2680 898 2785 966; x_wconf 83' lang='lat' dir='ltr'><strong>Qui</strong></span> <span class='ocrx_word' id='word_1_392' title='bbox 2816 914 2919 953; x_wconf 84' lang='lat' dir='ltr'><strong>non</strong></span> <span class='ocrx_word' id='word_1_393' title='bbox 2947 898 3263 966; x_wconf 67' lang='lat' dir='ltr'><strong>honoriﬁca:</strong></span> <span class='ocrx_word' id='word_1_394' title='bbox 3299 894 3393 950; x_wconf 83' lang='lat' dir='ltr'><strong>Fi-</strong></span> 
     </span>
    </p>
   </div>
   <div class='ocr_carea' id='block_1_55' title="bbox 1820 988 3388 1059">
    <p class='ocr_par' dir='ltr' id='par_1_55' title="bbox 1820 988 3388 1059">
     <span class='ocr_line' id='line_1_55' title="bbox 1820 988 3388 1059; baseline -0.004 -13"><span class='ocrx_word' id='word_1_395' title='bbox 1820 993 1973 1055; x_wconf 75' lang='lat' dir='ltr'><strong>iium,</strong></span> <span class='ocrx_word' id='word_1_396' title='bbox 2004 1001 2061 1045; x_wconf 77' lang='lat' dir='ltr'><strong>ut</strong></span> <span class='ocrx_word' id='word_1_397' title='bbox 2088 991 2403 1059; x_wconf 82' lang='lat' dir='ltr'><strong>honori/icat</strong></span> <span class='ocrx_word' id='word_1_398' title='bbox 2444 990 2684 1056; x_wconf 77' lang='lat' dir='ltr'><strong>Patrem,</strong></span> <span class='ocrx_word' id='word_1_399' title='bbox 2719 991 2801 1043; x_wconf 87' lang='lat' dir='ltr'><strong>ira</strong></span> <span class='ocrx_word' id='word_1_400' title='bbox 2837 989 2935 1043; x_wconf 82' lang='lat' dir='ltr'><strong>Dei</strong></span> <span class='ocrx_word' id='word_1_401' title='bbox 2959 988 3015 1043; x_wconf 71' lang='lat' dir='ltr'><strong>in</strong></span> <span class='ocrx_word' id='word_1_402' title='bbox 3036 988 3129 1042; x_wconf 82' lang='lat' dir='ltr'><strong>illo</strong></span> <span class='ocrx_word' id='word_1_403' title='bbox 3159 989 3388 1041; x_wconf 60' lang='grc' dir='ltr'>ωσπερ,</span> 
     </span>
    </p>
   </div>
   <div class='ocr_carea' id='block_1_56' title="bbox 1818 1081 3390 1156">
    <p class='ocr_par' dir='ltr' id='par_1_56' title="bbox 1818 1081 3390 1156">
     <span class='ocr_line' id='line_1_56' title="bbox 1818 1081 3390 1156; baseline -0.003 -16"><span class='ocrx_word' id='word_1_404' title='bbox 1818 1087 1898 1141; x_wconf 79' lang='lat' dir='ltr'><strong>Ac</strong></span> <span class='ocrx_word' id='word_1_405' title='bbox 1957 1101 2059 1143; x_wconf 88' lang='lat' dir='ltr'><strong>uos</strong></span> <span class='ocrx_word' id='word_1_406' title='bbox 2129 1085 2405 1156; x_wconf 80' lang='lat' dir='ltr'><strong>plerisque</strong></span> <span class='ocrx_word' id='word_1_407' title='bbox 2462 1084 2576 1154; x_wconf 83' lang='lat' dir='ltr'><strong>jam</strong></span> <span class='ocrx_word' id='word_1_408' title='bbox 2634 1082 2967 1140; x_wconf 85' lang='lat' dir='ltr'><strong>testimoniis</strong></span> <span class='ocrx_word' id='word_1_409' title='bbox 3028 1081 3390 1144; x_wconf 85' lang='lat' dir='ltr'><strong>ostendimus,</strong></span> 
     </span>
    </p>
   </div>
   <div class='ocr_carea' id='block_1_57' title="bbox 1820 1172 3394 1239">
    <p class='ocr_par' dir='ltr' id='par_1_57' title="bbox 1820 1172 3394 1239">
     <span class='ocr_line' id='line_1_57' title="bbox 1820 1172 3394 1239; baseline -0.003 -7"><span class='ocrx_word' id='word_1_410' title='bbox 1820 1192 1989 1232; x_wconf 91' lang='lat' dir='ltr'><strong>unum</strong></span> <span class='ocrx_word' id='word_1_411' title='bbox 2032 1191 2157 1232; x_wconf 90' lang='lat' dir='ltr'><strong>esse</strong></span> <span class='ocrx_word' id='word_1_412' title='bbox 2204 1175 2394 1239; x_wconf 90' lang='lat' dir='ltr'><strong>Deum,</strong></span> <span class='ocrx_word' id='word_1_413' title='bbox 2441 1189 2506 1230; x_wconf 90' lang='lat' dir='ltr'><strong>ac</strong></span> <span class='ocrx_word' id='word_1_414' title='bbox 2551 1174 2768 1230; x_wconf 83' lang='lat' dir='ltr'><strong>Patrem</strong></span> <span class='ocrx_word' id='word_1_415' title='bbox 2815 1173 3029 1229; x_wconf 88' lang='lat' dir='ltr'><strong>Domini</strong></span> <span class='ocrx_word' id='word_1_416' title='bbox 3063 1172 3236 1228; x_wconf 88' lang='lat' dir='ltr'><strong>nostri</strong></span> <span class='ocrx_word' id='word_1_417' title='bbox 3263 1172 3394 1227; x_wconf 80' lang='lat' dir='ltr'><strong>Jesu</strong></span> 
     </span>
    </p>
   </div>
   <div class='ocr_carea' id='block_1_58' title="bbox 1822 1259 3396 1334">
    <p class='ocr_par' dir='ltr' id='par_1_58' title="bbox 1822 1259 3396 1334">
     <span class='ocr_line' id='line_1_58' title="bbox 1822 1259 3396 1334; baseline -0.003 -14"><span class='ocrx_word' id='word_1_418' title='bbox 1822 1264 2047 1330; x_wconf 84' lang='lat' dir='ltr'><strong>Christi,</strong></span> <span class='ocrx_word' id='word_1_419' title='bbox 2084 1264 2177 1334; x_wconf 88' lang='lat' dir='ltr'><strong>qui</strong></span> <span class='ocrx_word' id='word_1_420' title='bbox 2204 1263 2382 1318; x_wconf 90' lang='lat' dir='ltr'><strong>bonus</strong></span> <span class='ocrx_word' id='word_1_421' title='bbox 2411 1270 2515 1325; x_wconf 90' lang='lat' dir='ltr'><strong>est,</strong></span> <span class='ocrx_word' id='word_1_422' title='bbox 2553 1262 2865 1331; x_wconf 84' lang='lat' dir='ltr'><strong>bonumque</strong></span> <span class='ocrx_word' id='word_1_423' title='bbox 2895 1260 3120 1332; x_wconf 90' lang='lat' dir='ltr'><strong>genuit;</strong></span> <span class='ocrx_word' id='word_1_424' title='bbox 3155 1259 3396 1316; x_wconf 76' lang='lat' dir='ltr'><strong>cliaritas</strong></span> 
     </span>
    </p>
   </div>
   <div class='ocr_carea' id='block_1_59' title="bbox 1826 1344 3392 1421">
    <p class='ocr_par' dir='ltr' id='par_1_59' title="bbox 1826 1344 3392 1421">
     <span class='ocr_line' id='line_1_59' title="bbox 1826 1344 3392 1421; baseline -0.002 -13"><span class='ocrx_word' id='word_1_425' title='bbox 1826 1353 1953 1409; x_wconf 85' lang='lat' dir='ltr'><strong>item</strong></span> <span class='ocrx_word' id='word_1_426' title='bbox 1985 1360 2090 1415; x_wconf 89' lang='lat' dir='ltr'><strong>est,</strong></span> <span class='ocrx_word' id='word_1_427' title='bbox 2131 1359 2185 1407; x_wconf 90' lang='lat' dir='ltr'><strong>et</strong></span> <span class='ocrx_word' id='word_1_428' title='bbox 2212 1352 2536 1407; x_wconf 85' lang='lat' dir='ltr'><strong>cbaritatem</strong></span> <span class='ocrx_word' id='word_1_429' title='bbox 2568 1352 2788 1421; x_wconf 81' lang='lat' dir='ltr'><strong>genuit;</strong></span> <span class='ocrx_word' id='word_1_430' title='bbox 2819 1351 2941 1405; x_wconf 83' lang='lat' dir='ltr'><strong>l&#39;ons</strong></span> <span class='ocrx_word' id='word_1_431' title='bbox 2969 1359 3074 1416; x_wconf 90' lang='lat' dir='ltr'><strong>est,</strong></span> <span class='ocrx_word' id='word_1_432' title='bbox 3098 1360 3152 1404; x_wconf 89' lang='lat' dir='ltr'><strong>et</strong></span> <span class='ocrx_word' id='word_1_433' title='bbox 3186 1344 3392 1405; x_wconf 75' lang='lat' dir='ltr'><strong>fontem</strong></span> 
     </span>
    </p>
   </div>
   <div class='ocr_carea' id='block_1_60' title="bbox 1821 1440 3397 1514">
    <p class='ocr_par' dir='ltr' id='par_1_60' title="bbox 1821 1440 3397 1514">
     <span class='ocr_line' id='line_1_60' title="bbox 1821 1440 3397 1514; baseline -0.003 -15"><span class='ocrx_word' id='word_1_434' title='bbox 1821 1445 1947 1500; x_wconf 70' lang='lat' dir='ltr'><strong>vita:</strong></span> <span class='ocrx_word' id='word_1_435' title='bbox 1994 1443 2249 1514; x_wconf 78' lang='lat' dir='ltr'><strong>produxit</strong></span> <span class='ocrx_word' id='word_1_436' title='bbox 2297 1442 2473 1511; x_wconf 78' lang='lat' dir='ltr'><strong>(Apud</strong></span> <span class='ocrx_word' id='word_1_437' title='bbox 2539 1451 2585 1495; x_wconf 87' lang='lat' dir='ltr'><strong>te</strong></span> <span class='ocrx_word' id='word_1_438' title='bbox 2627 1443 2768 1496; x_wconf 82' lang='lat' dir='ltr'><strong>enim</strong></span> <span class='ocrx_word' id='word_1_439' title='bbox 2809 1451 2888 1496; x_wconf 84' lang='lat' dir='ltr'><strong>est</strong></span> <span class='ocrx_word' id='word_1_440' title='bbox 2951 1440 3069 1509; x_wconf 74' lang='lat' dir='ltr'><strong>fons</strong></span> <span class='ocrx_word' id='word_1_441' title='bbox 3112 1441 3269 1505; x_wconf 69' lang='lat' dir='ltr'><strong>vita,</strong></span> <span class='ocrx_word' id='word_1_442' title='bbox 3318 1440 3397 1495; x_wconf 90' lang='lat' dir='ltr'><strong>ait</strong></span> 
     </span>
    </p>
   </div>
   <div class='ocr_carea' id='block_1_61' title="bbox 1826 1516 3449 1603">
    <p class='ocr_par' dir='ltr' id='par_1_61' title="bbox 1826 1516 3449 1603">
     <span class='ocr_line' id='line_1_61' title="bbox 1826 1516 3449 1603; baseline -0.003 -15"><span class='ocrx_word' id='word_1_443' title='bbox 1826 1534 2110 1603; x_wconf 83' lang='lat' dir='ltr'><strong>Scriptura</strong></span> <span class='ocrx_word' id='word_1_444' title='bbox 2139 1532 2205 1603; x_wconf 85' lang='grc'><strong>³).</strong></span> <span class='ocrx_word' id='word_1_445' title='bbox 2257 1532 2399 1586; x_wconf 88' lang='lat' dir='ltr'><strong>Idem</strong></span> <span class='ocrx_word' id='word_1_446' title='bbox 2428 1540 2483 1586; x_wconf 90' lang='lat' dir='ltr'><strong>et</strong></span> <span class='ocrx_word' id='word_1_447' title='bbox 2511 1530 2725 1587; x_wconf 82' lang='lat' dir='ltr'><strong>Veritas</strong></span> <span class='ocrx_word' id='word_1_448' title='bbox 2758 1539 2862 1596; x_wconf 87' lang='lat' dir='ltr'><strong>est,</strong></span> <span class='ocrx_word' id='word_1_449' title='bbox 2895 1541 2949 1586; x_wconf 88' lang='lat' dir='ltr'><strong>et</strong></span> <span class='ocrx_word' id='word_1_450' title='bbox 2981 1530 3274 1587; x_wconf 79' lang='lat' dir='ltr'><strong>Veritatem</strong></span> <span class='ocrx_word' id='word_1_451' title='bbox 3305 1546 3397 1602; x_wconf 65' lang='grc' dir='ltr'><strong>εβ-</strong></span> <span class='ocrx_word' id='word_1_452' title='bbox 3442 1516 3449 1519; x_wconf 46' lang='grc'>⁷</span> 
     </span>
    </p>
   </div>
   <div class='ocr_carea' id='block_1_62' title="bbox 1750 1608 3394 1704">
    <p class='ocr_par' dir='ltr' id='par_1_62' title="bbox 1750 1608 3394 1704">
     <span class='ocr_line' id='line_1_62' title="bbox 1750 1608 3394 1704; baseline -0.002 -25"><span class='ocrx_word' id='word_1_453' title='bbox 1750 1608 1792 1667; x_wconf 73' lang='grc' dir='ltr'><em>Β</em></span> <span class='ocrx_word' id='word_1_454' title='bbox 1821 1625 1981 1704; x_wconf 83' lang='lat' dir='ltr'><strong>nuit;</strong></span> <span class='ocrx_word' id='word_1_455' title='bbox 2041 1624 2401 1693; x_wconf 87' lang='lat' dir='ltr'><strong>similiterque</strong></span> <span class='ocrx_word' id='word_1_456' title='bbox 2460 1624 2645 1678; x_wconf 87' lang='lat' dir='ltr'><strong>lumen</strong></span> <span class='ocrx_word' id='word_1_457' title='bbox 2696 1631 2803 1688; x_wconf 90' lang='lat' dir='ltr'><strong>est,</strong></span> <span class='ocrx_word' id='word_1_458' title='bbox 2854 1631 2910 1679; x_wconf 89' lang='lat' dir='ltr'><strong>et</strong></span> <span class='ocrx_word' id='word_1_459' title='bbox 2955 1623 3138 1679; x_wconf 88' lang='lat' dir='ltr'><strong>lumen</strong></span> <span class='ocrx_word' id='word_1_460' title='bbox 3175 1623 3394 1692; x_wconf 87' lang='lat' dir='ltr'><strong>genuit;</strong></span> 
     </span>
    </p>
   </div>
   <div class='ocr_carea' id='block_1_63' title="bbox 1821 1713 3398 1783">
    <p class='ocr_par' dir='ltr' id='par_1_63' title="bbox 1821 1713 3398 1783">
     <span class='ocr_line' id='line_1_63' title="bbox 1821 1713 3398 1783; baseline -0.001 -14"><span class='ocrx_word' id='word_1_461' title='bbox 1821 1715 1933 1769; x_wconf 91' lang='lat' dir='ltr'><strong>vita</strong></span> <span class='ocrx_word' id='word_1_462' title='bbox 1964 1719 2075 1777; x_wconf 90' lang='lat' dir='ltr'><strong>est,</strong></span> <span class='ocrx_word' id='word_1_463' title='bbox 2103 1721 2156 1768; x_wconf 90' lang='lat' dir='ltr'><strong>et</strong></span> <span class='ocrx_word' id='word_1_464' title='bbox 2186 1713 2355 1766; x_wconf 90' lang='lat' dir='ltr'><strong>vitam</strong></span> <span class='ocrx_word' id='word_1_465' title='bbox 2391 1713 2746 1783; x_wconf 78' lang='lat' dir='ltr'><strong>propagavit;</strong></span> <span class='ocrx_word' id='word_1_466' title='bbox 2777 1713 2941 1783; x_wconf 85' lang='lat' dir='ltr'><strong>idque</strong></span> <span class='ocrx_word' id='word_1_467' title='bbox 2968 1714 3089 1769; x_wconf 87' lang='lat' dir='ltr'><strong>sine</strong></span> <span class='ocrx_word' id='word_1_468' title='bbox 3118 1713 3228 1767; x_wconf 89' lang='lat' dir='ltr'><strong>ullo</strong></span> <span class='ocrx_word' id='word_1_469' title='bbox 3253 1713 3398 1783; x_wconf 88' lang='lat' dir='ltr'><strong>prin-</strong></span> 
     </span>
    </p>
   </div>
   <div class='ocr_carea' id='block_1_64' title="bbox 1820 1798 3399 1874">
    <p class='ocr_par' dir='ltr' id='par_1_64' title="bbox 1820 1798 3399 1874">
     <span class='ocr_line' id='line_1_64' title="bbox 1820 1798 3399 1874; baseline -0.001 -15"><span class='ocrx_word' id='word_1_470' title='bbox 1820 1804 1987 1874; x_wconf 90' lang='lat' dir='ltr'><strong>cipio,</strong></span> <span class='ocrx_word' id='word_1_471' title='bbox 2035 1804 2107 1858; x_wconf 87' lang='lat' dir='ltr'><strong>ab</strong></span> <span class='ocrx_word' id='word_1_472' title='bbox 2154 1810 2380 1869; x_wconf 65' lang='lat' dir='ltr'><strong>artemo,</strong></span> <span class='ocrx_word' id='word_1_473' title='bbox 2431 1803 2679 1874; x_wconf 84' lang='lat' dir='ltr'><strong>citraque</strong></span> <span class='ocrx_word' id='word_1_474' title='bbox 2729 1811 2965 1874; x_wconf 87' lang='lat' dir='ltr'><strong>tempus.</strong></span> <span class='ocrx_word' id='word_1_475' title='bbox 3009 1798 3127 1869; x_wconf 84' lang='lat' dir='ltr'><strong>Qua</strong></span> <span class='ocrx_word' id='word_1_476' title='bbox 3189 1802 3399 1857; x_wconf 83' lang='lat' dir='ltr'><strong>ratione</strong></span> 
     </span>
    </p>
   </div>
   <div class='ocr_carea' id='block_1_65' title="bbox 1823 1892 2806 1950">
    <p class='ocr_par' dir='ltr' id='par_1_65' title="bbox 1823 1892 2806 1950">
     <span class='ocr_line' id='line_1_65' title="bbox 1823 1892 2806 1950; baseline 0.001 -1"><span class='ocrx_word' id='word_1_477' title='bbox 1823 1892 2116 1950; x_wconf 81' lang='lat' dir='ltr'><strong>Marcionis</strong></span> <span class='ocrx_word' id='word_1_478' title='bbox 2138 1907 2295 1949; x_wconf 89' lang='lat' dir='ltr'><strong>error</strong></span> <span class='ocrx_word' id='word_1_479' title='bbox 2315 1893 2498 1949; x_wconf 87' lang='lat' dir='ltr'><strong>omnis</strong></span> <span class='ocrx_word' id='word_1_480' title='bbox 2517 1894 2806 1950; x_wconf 85' lang='lat' dir='ltr'><strong>evertitur.</strong></span> 
     </span>
    </p>
   </div>
   <div class='ocr_carea' id='block_1_66' title="bbox 1890 1980 3399 2050">
    <p class='ocr_par' dir='ltr' id='par_1_66' title="bbox 1890 1980 3399 2050">
     <span class='ocr_line' id='line_1_66' title="bbox 1890 1980 3399 2050; baseline -0.003 -10"><span class='ocrx_word' id='word_1_481' title='bbox 1890 1983 2027 2050; x_wconf 77' lang='lat' dir='ltr'><strong>Qua:</strong></span> <span class='ocrx_word' id='word_1_482' title='bbox 2071 1998 2196 2039; x_wconf 88' lang='lat' dir='ltr'><strong>cum</strong></span> <span class='ocrx_word' id='word_1_483' title='bbox 2251 1982 2329 2036; x_wconf 88' lang='lat' dir='ltr'><strong>ita</strong></span> <span class='ocrx_word' id='word_1_484' title='bbox 2378 1997 2439 2038; x_wconf 90' lang='lat' dir='ltr'><strong>se</strong></span> <span class='ocrx_word' id='word_1_485' title='bbox 2493 1982 2752 2048; x_wconf 80' lang='lat' dir='ltr'><strong>habeant,</strong></span> <span class='ocrx_word' id='word_1_486' title='bbox 2792 1997 2860 2039; x_wconf 88' lang='lat' dir='ltr'><strong>ac</strong></span> <span class='ocrx_word' id='word_1_487' title='bbox 2899 1981 3194 2039; x_wconf 80' lang='lat' dir='ltr'><strong>nebulonis</strong></span> <span class='ocrx_word' id='word_1_488' title='bbox 3237 1980 3399 2036; x_wconf 80' lang='lat' dir='ltr'><strong>istius</strong></span> 
     </span>
    </p>
   </div>
   <div class='ocr_carea' id='block_1_67' title="bbox 1825 2070 3400 2130">
    <p class='ocr_par' dir='ltr' id='par_1_67' title="bbox 1825 2070 3400 2130">
     <span class='ocr_line' id='line_1_67' title="bbox 1825 2070 3400 2130; baseline -0.001 -2"><span class='ocrx_word' id='word_1_489' title='bbox 1825 2074 2013 2130; x_wconf 88' lang='lat' dir='ltr'><strong>multis</strong></span> <span class='ocrx_word' id='word_1_490' title='bbox 2042 2080 2096 2128; x_wconf 86' lang='lat' dir='ltr'><strong>et</strong></span> <span class='ocrx_word' id='word_1_491' title='bbox 2130 2070 2457 2128; x_wconf 87' lang='lat' dir='ltr'><strong>certissimis</strong></span> <span class='ocrx_word' id='word_1_492' title='bbox 2488 2074 2799 2129; x_wconf 89' lang='lat' dir='ltr'><strong>rationibus</strong></span> <span class='ocrx_word' id='word_1_493' title='bbox 2831 2074 2944 2129; x_wconf 88' lang='lat' dir='ltr'><strong>sint</strong></span> <span class='ocrx_word' id='word_1_494' title='bbox 2971 2073 3223 2129; x_wconf 91' lang='lat' dir='ltr'><strong>convicta</strong></span> <span class='ocrx_word' id='word_1_495' title='bbox 3253 2085 3400 2127; x_wconf 87' lang='lat' dir='ltr'><strong>men-</strong></span> 
     </span>
    </p>
   </div>
   <div class='ocr_carea' id='block_1_68' title="bbox 1822 2161 3398 2239">
    <p class='ocr_par' dir='ltr' id='par_1_68' title="bbox 1822 2161 3398 2239">
     <span class='ocr_line' id='line_1_68' title="bbox 1822 2161 3398 2239; baseline -0.002 -20"><span class='ocrx_word' id='word_1_496' title='bbox 1822 2164 2000 2228; x_wconf 88' lang='lat' dir='ltr'><strong>dacia,</strong></span> <span class='ocrx_word' id='word_1_497' title='bbox 2030 2178 2095 2219; x_wconf 88' lang='lat' dir='ltr'><strong>ac</strong></span> <span class='ocrx_word' id='word_1_498' title='bbox 2124 2167 2403 2236; x_wconf 74' lang='lat' dir='ltr'><strong>negotium</strong></span> <span class='ocrx_word' id='word_1_499' title='bbox 2430 2166 2598 2236; x_wconf 72' lang='lat'><strong>378</strong></span> <span class='ocrx_word' id='word_1_500' title='bbox 2616 2180 2778 2222; x_wconf 89' lang='lat' dir='ltr'><strong>omne</strong></span> <span class='ocrx_word' id='word_1_501' title='bbox 2806 2164 3140 2239; x_wconf 79' lang='lat' dir='ltr'><strong>contectum,</strong></span> <span class='ocrx_word' id='word_1_502' title='bbox 3184 2161 3254 2217; x_wconf 89' lang='lat' dir='ltr'><strong>ad</strong></span> <span class='ocrx_word' id='word_1_503' title='bbox 3289 2161 3398 2217; x_wconf 78' lang='lat' dir='ltr'><strong>alia</strong></span> 
     </span>
    </p>
   </div>
   <div class='ocr_carea' id='block_1_69' title="bbox 1824 2252 3400 2325">
    <p class='ocr_par' dir='ltr' id='par_1_69' title="bbox 1824 2252 3400 2325">
     <span class='ocr_line' id='line_1_69' title="bbox 1824 2252 3400 2325; baseline 0 -17"><span class='ocrx_word' id='word_1_504' title='bbox 1824 2262 2207 2319; x_wconf 82' lang='lat' dir='ltr'><strong>transeamus;</strong></span> <span class='ocrx_word' id='word_1_505' title='bbox 2256 2263 2313 2310; x_wconf 92' lang='lat' dir='ltr'><strong>et</strong></span> <span class='ocrx_word' id='word_1_506' title='bbox 2350 2255 2454 2310; x_wconf 90' lang='lat' dir='ltr'><strong>bac</strong></span> <span class='ocrx_word' id='word_1_507' title='bbox 2496 2256 2643 2310; x_wconf 89' lang='lat' dir='ltr'><strong>velut</strong></span> <span class='ocrx_word' id='word_1_508' title='bbox 2687 2253 2912 2310; x_wconf 83' lang='lat' dir='ltr'><strong>immani</strong></span> <span class='ocrx_word' id='word_1_509' title='bbox 2941 2254 3173 2325; x_wconf 87' lang='lat' dir='ltr'><strong>quadam</strong></span> <span class='ocrx_word' id='word_1_510' title='bbox 3207 2252 3400 2322; x_wconf 80' lang='lat' dir='ltr'><strong>aspide</strong></span> 
     </span>
    </p>
   </div>
   <div class='ocr_carea' id='block_1_70' title="bbox 1824 2341 3392 2414">
    <p class='ocr_par' dir='ltr' id='par_1_70' title="bbox 1824 2341 3392 2414">
     <span class='ocr_line' id='line_1_70' title="bbox 1824 2341 3392 2414; baseline -0.002 -16"><span class='ocrx_word' id='word_1_511' title='bbox 1824 2344 2135 2411; x_wconf 75' lang='lat' dir='ltr'><strong>verissimis</strong></span> <span class='ocrx_word' id='word_1_512' title='bbox 2192 2345 2494 2402; x_wconf 79' lang='lat' dir='ltr'><strong>Salvatoris</strong></span> <span class='ocrx_word' id='word_1_513' title='bbox 2539 2343 2724 2401; x_wconf 85' lang='lat' dir='ltr'><strong>verbis</strong></span> <span class='ocrx_word' id='word_1_514' title='bbox 2781 2344 3006 2410; x_wconf 85' lang='lat' dir='ltr'><strong>obtrita,</strong></span> <span class='ocrx_word' id='word_1_515' title='bbox 3065 2343 3160 2414; x_wconf 91' lang='lat' dir='ltr'><strong>qui</strong></span> <span class='ocrx_word' id='word_1_516' title='bbox 3214 2341 3392 2399; x_wconf 89' lang='lat' dir='ltr'><strong>dixit:</strong></span> 
     </span>
    </p>
   </div>
   <div class='ocr_carea' id='block_1_71' title="bbox 1824 2434 3398 2506">
    <p class='ocr_par' dir='ltr' id='par_1_71' title="bbox 1824 2434 3398 2506">
     <span class='ocr_line' id='line_1_71' title="bbox 1824 2434 3398 2506; baseline -0.002 -17"><span class='ocrx_word' id='word_1_517' title='bbox 1824 2434 2137 2491; x_wconf 63' lang='lat' dir='ltr'><strong>Dedioobis</strong></span> <span class='ocrx_word' id='word_1_518' title='bbox 2166 2435 2372 2490; x_wconf 84' lang='lat' dir='ltr'><strong>calcare</strong></span> <span class='ocrx_word' id='word_1_519' title='bbox 2398 2450 2553 2505; x_wconf 76' lang='lat' dir='ltr'><strong>super</strong></span> <span class='ocrx_word' id='word_1_520' title='bbox 2581 2444 2863 2506; x_wconf 73' lang='lat' dir='ltr'><strong>serpentes,</strong></span> <span class='ocrx_word' id='word_1_521' title='bbox 2892 2444 2944 2489; x_wconf 86' lang='lat' dir='ltr'><strong>et</strong></span> <span class='ocrx_word' id='word_1_522' title='bbox 2989 2434 3307 2505; x_wconf 71' lang='lat' dir='ltr'><strong>scorpiones,</strong></span> <span class='ocrx_word' id='word_1_523' title='bbox 3345 2438 3398 2486; x_wconf 77' lang='lat' dir='ltr'><strong>et</strong></span> 
     </span>
    </p>
   </div>
   <div class='ocr_carea' id='block_1_72' title="bbox 1824 2525 3397 2594">
    <p class='ocr_par' dir='ltr' id='par_1_72' title="bbox 1824 2525 3397 2594">
     <span class='ocr_line' id='line_1_72' title="bbox 1824 2525 3397 2594; baseline -0.002 -13"><span class='ocrx_word' id='word_1_524' title='bbox 1824 2541 1982 2594; x_wconf 78' lang='lat' dir='ltr'><strong>super</strong></span> <span class='ocrx_word' id='word_1_525' title='bbox 2037 2542 2244 2580; x_wconf 84' lang='lat' dir='ltr'><strong>onmem</strong></span> <span class='ocrx_word' id='word_1_526' title='bbox 2302 2534 2613 2594; x_wconf 83' lang='lat' dir='ltr'><strong>potestatem</strong></span> <span class='ocrx_word' id='word_1_527' title='bbox 2654 2526 2942 2594; x_wconf 78' lang='lat' dir='ltr'><strong>inimici&quot;;</strong></span> <span class='ocrx_word' id='word_1_528' title='bbox 2982 2525 3050 2582; x_wconf 87' lang='lat' dir='ltr'><strong>ad</strong></span> <span class='ocrx_word' id='word_1_529' title='bbox 3074 2534 3397 2583; x_wconf 58' lang='lat' dir='ltr'><strong>exterarum</strong></span> 
     </span>
    </p>
   </div>
   <div class='ocr_carea' id='block_1_73' title="bbox 1826 2612 3393 2684">
    <p class='ocr_par' dir='ltr' id='par_1_73' title="bbox 1826 2612 3393 2684">
     <span class='ocr_line' id='line_1_73' title="bbox 1826 2612 3393 2684; baseline -0.001 -16"><span class='ocrx_word' id='word_1_530' title='bbox 1826 2628 1928 2669; x_wconf 87' lang='lat' dir='ltr'><strong>nos</strong></span> <span class='ocrx_word' id='word_1_531' title='bbox 1972 2613 2393 2684; x_wconf 87' lang='lat' dir='ltr'><strong>contemplanda</strong></span> <span class='ocrx_word' id='word_1_532' title='bbox 2418 2629 2484 2669; x_wconf 90' lang='lat' dir='ltr'><strong>ac</strong></span> <span class='ocrx_word' id='word_1_533' title='bbox 2513 2614 2803 2670; x_wconf 75' lang='lat' dir='ltr'><strong>refutanda</strong></span> <span class='ocrx_word' id='word_1_534' title='bbox 2826 2614 3018 2671; x_wconf 88' lang='lat' dir='ltr'><strong>deliria</strong></span> <span class='ocrx_word' id='word_1_535' title='bbox 3048 2612 3345 2670; x_wconf 80' lang='lat' dir='ltr'><strong>referamus</strong></span> <span class='ocrx_word' id='word_1_536' title='bbox 3379 2631 3393 2667; x_wconf 92' lang='lat'><strong>:</strong></span> 
     </span>
    </p>
   </div>
   <div class='ocr_carea' id='block_1_74' title="bbox 1823 2703 3396 2777">
    <p class='ocr_par' dir='ltr' id='par_1_74' title="bbox 1823 2703 3396 2777">
     <span class='ocr_line' id='line_1_74' title="bbox 1823 2703 3396 2777; baseline -0.002 -15"><span class='ocrx_word' id='word_1_537' title='bbox 1823 2706 1906 2763; x_wconf 86' lang='lat' dir='ltr'><strong>sic</strong></span> <span class='ocrx_word' id='word_1_538' title='bbox 1933 2711 1995 2761; x_wconf 90' lang='lat' dir='ltr'><strong>ut</strong></span> <span class='ocrx_word' id='word_1_539' title='bbox 2030 2704 2128 2762; x_wconf 89' lang='lat' dir='ltr'><strong>Dei</strong></span> <span class='ocrx_word' id='word_1_540' title='bbox 2169 2706 2224 2761; x_wconf 91' lang='lat' dir='ltr'><strong>in</strong></span> <span class='ocrx_word' id='word_1_541' title='bbox 2244 2706 2501 2764; x_wconf 86' lang='lat' dir='ltr'><strong>omnibus</strong></span> <span class='ocrx_word' id='word_1_542' title='bbox 2533 2720 2694 2777; x_wconf 81' lang='lat' dir='ltr'><strong>Opem</strong></span> <span class='ocrx_word' id='word_1_543' title='bbox 2736 2719 2802 2760; x_wconf 90' lang='lat' dir='ltr'><strong>ac</strong></span> <span class='ocrx_word' id='word_1_544' title='bbox 2843 2705 3154 2776; x_wconf 68' lang='lat' dir='ltr'><strong>praesidium</strong></span> <span class='ocrx_word' id='word_1_545' title='bbox 3200 2703 3396 2774; x_wconf 82' lang='lat' dir='ltr'><strong>implo-</strong></span> 
     </span>
    </p>
   </div>
   <div class='ocr_carea' id='block_1_75' title="bbox 1825 2811 2037 2853">
    <p class='ocr_par' dir='ltr' id='par_1_75' title="bbox 1825 2811 2037 2853">
     <span class='ocr_line' id='line_1_75' title="bbox 1825 2811 2037 2853; baseline -0.005 0"><span class='ocrx_word' id='word_1_546' title='bbox 1825 2811 2037 2853; x_wconf 85' lang='lat' dir='ltr'><strong>remus.</strong></span> 
     </span>
    </p>
   </div>
   <div class='ocr_carea' id='block_1_76' title="bbox 2207 2905 3018 2970">
    <p class='ocr_par' dir='ltr' id='par_1_76' title="bbox 2207 2905 3018 2970">
     <span class='ocr_line' id='line_1_76' title="bbox 2207 2905 3018 2970; baseline 0.007 -6"><span class='ocrx_word' id='word_1_547' title='bbox 2207 2907 2487 2964; x_wconf 80' lang='lat' dir='ltr'><strong>CONTRA</strong></span> <span class='ocrx_word' id='word_1_548' title='bbox 2537 2905 3018 2970; x_wconf 67' lang='lat' dir='ltr'><strong>LUCIANISTAS.</strong></span> 
     </span>
    </p>
   </div>
   <div class='ocr_carea' id='block_1_77' title="bbox 2065 3015 3157 3087">
    <p class='ocr_par' dir='ltr' id='par_1_77' title="bbox 2065 3015 3157 3087">
     <span class='ocr_line' id='line_1_77' title="bbox 2065 3015 3157 3087; baseline -0.001 -13"><span class='ocrx_word' id='word_1_549' title='bbox 2065 3018 2198 3087; x_wconf 70' lang='lat' dir='ltr'><strong>Qua</strong></span> <span class='ocrx_word' id='word_1_550' title='bbox 2228 3029 2308 3074; x_wconf 84' lang='lat' dir='ltr'><strong>est</strong></span> <span class='ocrx_word' id='word_1_551' title='bbox 2335 3019 2551 3075; x_wconf 71' lang='lat' dir='ltr'><strong>hzresis</strong></span> <span class='ocrx_word' id='word_1_552' title='bbox 2582 3017 2791 3073; x_wconf 82' lang='lat' dir='ltr'>XXIII</span> <span class='ocrx_word' id='word_1_553' title='bbox 2823 3018 2904 3073; x_wconf 78' lang='lat' dir='ltr'><strong>vel</strong></span> <span class='ocrx_word' id='word_1_554' title='bbox 2933 3015 3157 3073; x_wconf 81' lang='lat' dir='ltr'>XLIII.</span> 
     </span>
    </p>
   </div>
   <div class='ocr_carea' id='block_1_78' title="bbox 1896 3124 3395 3200">
    <p class='ocr_par' dir='ltr' id='par_1_78' title="bbox 1896 3124 3395 3200">
     <span class='ocr_line' id='line_1_78' title="bbox 1896 3124 3395 3200; baseline -0.003 -16"><span class='ocrx_word' id='word_1_555' title='bbox 1896 3131 1935 3186; x_wconf 93' lang='grc'>1.</span> <span class='ocrx_word' id='word_1_556' title='bbox 1991 3128 2273 3186; x_wconf 81' lang='lat' dir='ltr'><strong>Lucianus</strong></span> <span class='ocrx_word' id='word_1_557' title='bbox 2331 3128 2552 3200; x_wconf 89' lang='lat' dir='ltr'><strong>quidam</strong></span> <span class='ocrx_word' id='word_1_558' title='bbox 2612 3128 2936 3199; x_wconf 85' lang='lat' dir='ltr'><strong>antiquior:</strong></span> <span class='ocrx_word' id='word_1_559' title='bbox 2996 3142 3105 3181; x_wconf 91' lang='lat' dir='ltr'><strong>nou</strong></span> <span class='ocrx_word' id='word_1_560' title='bbox 3164 3126 3253 3180; x_wconf 88' lang='lat' dir='ltr'><strong>ille</strong></span> <span class='ocrx_word' id='word_1_561' title='bbox 3300 3124 3395 3196; x_wconf 91' lang='lat' dir='ltr'><strong>qui</strong></span> 
     </span>
    </p>
   </div>
   <div class='ocr_carea' id='block_1_79' title="bbox 1824 3216 3393 3285">
    <p class='ocr_par' dir='ltr' id='par_1_79' title="bbox 1824 3216 3393 3285">
     <span class='ocr_line' id='line_1_79' title="bbox 1824 3216 3393 3285; baseline -0.006 -8"><span class='ocrx_word' id='word_1_562' title='bbox 1824 3229 1984 3277; x_wconf 80' lang='lat' dir='ltr'><strong>aetate</strong></span> <span class='ocrx_word' id='word_1_563' title='bbox 2024 3228 2211 3277; x_wconf 85' lang='lat' dir='ltr'><strong>nostra</strong></span> <span class='ocrx_word' id='word_1_564' title='bbox 2241 3220 2344 3276; x_wconf 90' lang='lat' dir='ltr'><strong>sub</strong></span> <span class='ocrx_word' id='word_1_565' title='bbox 2390 3219 2751 3274; x_wconf 84' lang='lat' dir='ltr'><strong>Constantino</strong></span> <span class='ocrx_word' id='word_1_566' title='bbox 2790 3216 3005 3273; x_wconf 86' lang='lat' dir='ltr'><strong>seniore</strong></span> <span class='ocrx_word' id='word_1_567' title='bbox 3034 3216 3190 3279; x_wconf 81' lang='lat' dir='ltr'><strong>vixit,</strong></span> <span class='ocrx_word' id='word_1_568' title='bbox 3230 3229 3393 3285; x_wconf 88' lang='lat' dir='ltr'><strong>quem</strong></span> 
     </span>
    </p>
   </div>
   <div class='ocr_carea' id='block_1_80' title="bbox 1825 3307 3395 3382">
    <p class='ocr_par' dir='ltr' id='par_1_80' title="bbox 1825 3307 3395 3382">
     <span class='ocr_line' id='line_1_80' title="bbox 1825 3307 3395 3382; baseline -0.004 -15"><span class='ocrx_word' id='word_1_569' title='bbox 1825 3314 2011 3367; x_wconf 82' lang='lat' dir='ltr'><strong>Ariani</strong></span> <span class='ocrx_word' id='word_1_570' title='bbox 2039 3313 2182 3367; x_wconf 82' lang='lat' dir='ltr'><strong>inter</strong></span> <span class='ocrx_word' id='word_1_571' title='bbox 2216 3319 2482 3382; x_wconf 87' lang='lat' dir='ltr'><strong>martyres</strong></span> <span class='ocrx_word' id='word_1_572' title='bbox 2505 3310 2806 3365; x_wconf 85' lang='lat' dir='ltr'><strong>ascribunt.</strong></span> <span class='ocrx_word' id='word_1_573' title='bbox 2842 3307 2965 3363; x_wconf 86' lang='lat' dir='ltr'><strong>Fuit</strong></span> <span class='ocrx_word' id='word_1_574' title='bbox 3013 3308 3158 3363; x_wconf 90' lang='lat' dir='ltr'><strong>enim</strong></span> <span class='ocrx_word' id='word_1_575' title='bbox 3202 3307 3395 3361; x_wconf 87' lang='lat' dir='ltr'><strong>Lucia-</strong></span> 
     </span>
    </p>
   </div>
   <div class='ocr_carea' id='block_1_81' title="bbox 1824 3395 3397 3469">
    <p class='ocr_par' dir='ltr' id='par_1_81' title="bbox 1824 3395 3397 3469">
     <span class='ocr_line' id='line_1_81' title="bbox 1824 3395 3397 3469; baseline -0.004 -12"><span class='ocrx_word' id='word_1_576' title='bbox 1824 3418 1931 3457; x_wconf 89' lang='lat' dir='ltr'><strong>nus</strong></span> <span class='ocrx_word' id='word_1_577' title='bbox 1970 3401 2073 3456; x_wconf 87' lang='lat' dir='ltr'><strong>iste</strong></span> <span class='ocrx_word' id='word_1_578' title='bbox 2117 3400 2302 3469; x_wconf 82' lang='lat' dir='ltr'><strong>junior</strong></span> <span class='ocrx_word' id='word_1_579' title='bbox 2347 3398 2673 3453; x_wconf 82' lang='lat' dir='ltr'><strong>Arianorum</strong></span> <span class='ocrx_word' id='word_1_580' title='bbox 2725 3397 3004 3453; x_wconf 88' lang='lat' dir='ltr'><strong>erroribus</strong></span> <span class='ocrx_word' id='word_1_581' title='bbox 3033 3395 3288 3461; x_wconf 80' lang='lat' dir='ltr'><strong>infectus,</strong></span> <span class='ocrx_word' id='word_1_582' title='bbox 3328 3395 3397 3451; x_wconf 84' lang='lat' dir='ltr'><strong>de</strong></span> 
     </span>
    </p>
   </div>
   <div class='ocr_carea' id='block_1_82' title="bbox 1824 3487 3393 3564">
    <p class='ocr_par' dir='ltr' id='par_1_82' title="bbox 1824 3487 3393 3564">
     <span class='ocr_line' id='line_1_82' title="bbox 1824 3487 3393 3564; baseline -0.003 -18"><span class='ocrx_word' id='word_1_583' title='bbox 1824 3507 1934 3564; x_wconf 88' lang='lat' dir='ltr'><strong>quo</strong></span> <span class='ocrx_word' id='word_1_584' title='bbox 1968 3501 2179 3563; x_wconf 74' lang='lat' dir='ltr'><strong>postea,</strong></span> <span class='ocrx_word' id='word_1_585' title='bbox 2217 3505 2342 3546; x_wconf 77' lang='lat' dir='ltr'><strong>cum</strong></span> <span class='ocrx_word' id='word_1_586' title='bbox 2395 3488 2718 3545; x_wconf 80' lang='lat' dir='ltr'><strong>refutandus</strong></span> <span class='ocrx_word' id='word_1_587' title='bbox 2770 3489 2895 3555; x_wconf 88' lang='lat' dir='ltr'><strong>crit,</strong></span> <span class='ocrx_word' id='word_1_588' title='bbox 2941 3487 3119 3543; x_wconf 89' lang='lat' dir='ltr'><strong>acturi</strong></span> <span class='ocrx_word' id='word_1_589' title='bbox 3160 3503 3393 3542; x_wconf 82' lang='lat' dir='ltr'><strong>sumus:</strong></span> 
     </span>
    </p>
   </div>
   <div class='ocr_carea' id='block_1_83' title="bbox 1828 3581 3395 3654">
    <p class='ocr_par' dir='ltr' id='par_1_83' title="bbox 1828 3581 3395 3654">
     <span class='ocr_line' id='line_1_83' title="bbox 1828 3581 3395 3654; baseline -0.004 -11"><span class='ocrx_word' id='word_1_590' title='bbox 1828 3602 1976 3643; x_wconf 86' lang='lat' dir='ltr'><strong>nunc</strong></span> <span class='ocrx_word' id='word_1_591' title='bbox 2030 3585 2296 3640; x_wconf 83' lang='lat' dir='ltr'><strong>adversus</strong></span> <span class='ocrx_word' id='word_1_592' title='bbox 2338 3585 2599 3654; x_wconf 86' lang='lat' dir='ltr'><strong>majorem</strong></span> <span class='ocrx_word' id='word_1_593' title='bbox 2656 3584 2808 3638; x_wconf 88' lang='lat' dir='ltr'><strong>illum</strong></span> <span class='ocrx_word' id='word_1_594' title='bbox 2856 3581 3159 3638; x_wconf 87' lang='lat' dir='ltr'><strong>Lucianum</strong></span> <span class='ocrx_word' id='word_1_595' title='bbox 3214 3584 3395 3637; x_wconf 61' lang='lat' dir='ltr'><strong>suscio</strong></span> 
     </span>
    </p>
   </div>
   <div class='ocr_carea' id='block_1_84' title="bbox 1826 3671 3399 3747">
    <p class='ocr_par' dir='ltr' id='par_1_84' title="bbox 1826 3671 3399 3747">
     <span class='ocr_line' id='line_1_84' title="bbox 1826 3671 3399 3747; baseline -0.001 -16"><span class='ocrx_word' id='word_1_596' title='bbox 1826 3674 2023 3747; x_wconf 83' lang='lat' dir='ltr'><strong>pienda</strong></span> <span class='ocrx_word' id='word_1_597' title='bbox 2071 3674 2232 3729; x_wconf 84' lang='lat' dir='ltr'><strong>nobis</strong></span> <span class='ocrx_word' id='word_1_598' title='bbox 2260 3680 2345 3729; x_wconf 85' lang='lat' dir='ltr'><strong>est</strong></span> <span class='ocrx_word' id='word_1_599' title='bbox 2390 3674 2710 3744; x_wconf 86' lang='lat' dir='ltr'><strong>disputatio.</strong></span> <span class='ocrx_word' id='word_1_600' title='bbox 2768 3673 2867 3728; x_wconf 83' lang='lat' dir='ltr'><strong>Hic</strong></span> <span class='ocrx_word' id='word_1_601' title='bbox 2909 3675 3077 3744; x_wconf 85' lang='lat' dir='ltr'><strong>igitur</strong></span> <span class='ocrx_word' id='word_1_602' title='bbox 3106 3671 3399 3730; x_wconf 79' lang='lat' dir='ltr'><strong>Marcionis</strong></span> 
     </span>
    </p>
   </div>
   <div class='ocr_carea' id='block_1_85' title="bbox 1826 3762 3396 3833">
    <p class='ocr_par' dir='ltr' id='par_1_85' title="bbox 1826 3762 3396 3833">
     <span class='ocr_line' id='line_1_85' title="bbox 1826 3762 3396 3833; baseline -0.004 -12"><span class='ocrx_word' id='word_1_603' title='bbox 1826 3774 1952 3821; x_wconf 86' lang='lat' dir='ltr'><strong>ante</strong></span> <span class='ocrx_word' id='word_1_604' title='bbox 2000 3772 2261 3828; x_wconf 86' lang='lat' dir='ltr'><strong>sectator,</strong></span> <span class='ocrx_word' id='word_1_605' title='bbox 2304 3772 2428 3833; x_wconf 88' lang='lat' dir='ltr'><strong>post</strong></span> <span class='ocrx_word' id='word_1_606' title='bbox 2460 3764 2529 3818; x_wconf 91' lang='lat' dir='ltr'><strong>ab</strong></span> <span class='ocrx_word' id='word_1_607' title='bbox 2577 3762 2766 3818; x_wconf 89' lang='lat' dir='ltr'><strong>eodem</strong></span> <span class='ocrx_word' id='word_1_608' title='bbox 2812 3763 3080 3826; x_wconf 88' lang='lat' dir='ltr'><strong>divulsus,</strong></span> <span class='ocrx_word' id='word_1_609' title='bbox 3127 3763 3396 3832; x_wconf 90' lang='lat' dir='ltr'><strong>privatum</strong></span> 
     </span>
    </p>
   </div>
   <div class='ocr_carea' id='block_1_86' title="bbox 1825 3845 3397 3920">
    <p class='ocr_par' dir='ltr' id='par_1_86' title="bbox 1825 3845 3397 3920">
     <span class='ocr_line' id='line_1_86' title="bbox 1825 3845 3397 3920; baseline -0.004 -15"><span class='ocrx_word' id='word_1_610' title='bbox 1825 3850 1927 3905; x_wconf 82' lang='lat' dir='ltr'><strong>sibi</strong></span> <span class='ocrx_word' id='word_1_611' title='bbox 1955 3858 2171 3920; x_wconf 84' lang='lat' dir='ltr'><strong>gregem</strong></span> <span class='ocrx_word' id='word_1_612' title='bbox 2213 3847 2547 3902; x_wconf 83' lang='lat' dir='ltr'><strong>contrahens</strong></span> <span class='ocrx_word' id='word_1_613' title='bbox 2578 3860 2730 3902; x_wconf 65' lang='lat' dir='ltr'><strong>novae</strong></span> <span class='ocrx_word' id='word_1_614' title='bbox 2762 3853 2925 3901; x_wconf 77' lang='lat' dir='ltr'><strong>secta:</strong></span> <span class='ocrx_word' id='word_1_615' title='bbox 2956 3845 3133 3901; x_wconf 80' lang='lat' dir='ltr'><strong>factus</strong></span> <span class='ocrx_word' id='word_1_616' title='bbox 3156 3853 3241 3901; x_wconf 89' lang='lat' dir='ltr'><strong>est</strong></span> <span class='ocrx_word' id='word_1_617' title='bbox 3267 3860 3397 3899; x_wconf 86' lang='lat' dir='ltr'><strong>con-</strong></span> 
     </span>
    </p>
   </div>
   <div class='ocr_carea' id='block_1_87' title="bbox 1825 3937 3393 4007">
    <p class='ocr_par' dir='ltr' id='par_1_87' title="bbox 1825 3937 3393 4007">
     <span class='ocr_line' id='line_1_87' title="bbox 1825 3937 3393 4007; baseline -0.003 -11"><span class='ocrx_word' id='word_1_618' title='bbox 1825 3940 2005 4006; x_wconf 85' lang='lat' dir='ltr'><strong>ditor;</strong></span> <span class='ocrx_word' id='word_1_619' title='bbox 2032 3939 2101 3992; x_wconf 85' lang='lat' dir='ltr'><strong>ab</strong></span> <span class='ocrx_word' id='word_1_620' title='bbox 2128 3953 2304 4007; x_wconf 85' lang='lat' dir='ltr'><strong>eoque</strong></span> <span class='ocrx_word' id='word_1_621' title='bbox 2345 3937 2674 3993; x_wconf 83' lang='lat' dir='ltr'><strong>Lucianistae</strong></span> <span class='ocrx_word' id='word_1_622' title='bbox 2696 3944 2908 3992; x_wconf 86' lang='lat' dir='ltr'><strong>veteres</strong></span> <span class='ocrx_word' id='word_1_623' title='bbox 2939 3951 3136 3991; x_wconf 89' lang='lat' dir='ltr'><strong>nomen</strong></span> <span class='ocrx_word' id='word_1_624' title='bbox 3169 3949 3393 4003; x_wconf 87' lang='lat' dir='ltr'><strong>accepe-</strong></span> 
     </span>
    </p>
   </div>
   <div class='ocr_carea' id='block_1_88' title="bbox 1825 4024 3398 4097">
    <p class='ocr_par' dir='ltr' id='par_1_88' title="bbox 1825 4024 3398 4097">
     <span class='ocr_line' id='line_1_88' title="bbox 1825 4024 3398 4097; baseline -0.005 -11"><span class='ocrx_word' id='word_1_625' title='bbox 1825 4037 1975 4087; x_wconf 89' lang='lat' dir='ltr'><strong>runt.</strong></span> <span class='ocrx_word' id='word_1_626' title='bbox 2017 4027 2191 4083; x_wconf 87' lang='lat' dir='ltr'><strong>Porro</strong></span> <span class='ocrx_word' id='word_1_627' title='bbox 2240 4026 2535 4083; x_wconf 75' lang='lat' dir='ltr'><strong>Marcionis</strong></span> <span class='ocrx_word' id='word_1_628' title='bbox 2579 4026 2671 4082; x_wconf 90' lang='lat' dir='ltr'><strong>ille</strong></span> <span class='ocrx_word' id='word_1_629' title='bbox 2699 4026 2954 4097; x_wconf 86' lang='lat' dir='ltr'><strong>dogmata</strong></span> <span class='ocrx_word' id='word_1_630' title='bbox 2989 4024 3209 4096; x_wconf 86' lang='lat' dir='ltr'><strong>penitus</strong></span> <span class='ocrx_word' id='word_1_631' title='bbox 3247 4039 3398 4080; x_wconf 86' lang='lat' dir='ltr'><strong>com-</strong></span> 
     </span>
    </p>
   </div>
   <div class='ocr_carea' id='block_1_89' title="bbox 1826 4115 3393 4190">
    <p class='ocr_par' dir='ltr' id='par_1_89' title="bbox 1826 4115 3393 4190">
     <span class='ocr_line' id='line_1_89' title="bbox 1826 4115 3393 4190; baseline -0.003 -17"><span class='ocrx_word' id='word_1_632' title='bbox 1826 4120 2017 4190; x_wconf 76' lang='lat' dir='ltr'><strong>ptexus</strong></span> <span class='ocrx_word' id='word_1_633' title='bbox 2063 4127 2167 4174; x_wconf 87' lang='lat' dir='ltr'><strong>est.</strong></span> <span class='ocrx_word' id='word_1_634' title='bbox 2219 4116 2432 4184; x_wconf 83' lang='lat' dir='ltr'><strong>Quibus</strong></span> <span class='ocrx_word' id='word_1_635' title='bbox 2470 4117 2697 4188; x_wconf 81' lang='lat' dir='ltr'><strong>perinde</strong></span> <span class='ocrx_word' id='word_1_636' title='bbox 2742 4124 2828 4172; x_wconf 86' lang='lat' dir='ltr'><strong>est</strong></span> <span class='ocrx_word' id='word_1_637' title='bbox 2870 4130 3023 4179; x_wconf 90' lang='lat' dir='ltr'><strong>usus,</strong></span> <span class='ocrx_word' id='word_1_638' title='bbox 3073 4122 3131 4170; x_wconf 85' lang='lat' dir='ltr'><strong>ut</strong></span> <span class='ocrx_word' id='word_1_639' title='bbox 3179 4115 3246 4171; x_wconf 88' lang='lat' dir='ltr'><strong>ad</strong></span> <span class='ocrx_word' id='word_1_640' title='bbox 3297 4130 3393 4169; x_wconf 84' lang='lat' dir='ltr'><strong>nos</strong></span> 
     </span>
    </p>
   </div>
   <div class='ocr_carea' id='block_1_90' title="bbox 1830 4206 3397 4279">
    <p class='ocr_par' dir='ltr' id='par_1_90' title="bbox 1830 4206 3397 4279">
     <span class='ocr_line' id='line_1_90' title="bbox 1830 4206 3397 4279; baseline -0.001 -15"><span class='ocrx_word' id='word_1_641' title='bbox 1830 4210 1971 4264; x_wconf 78' lang='lat' dir='ltr'><strong>fama</strong></span> <span class='ocrx_word' id='word_1_642' title='bbox 2000 4217 2085 4266; x_wconf 82' lang='lat' dir='ltr'><strong>est</strong></span> <span class='ocrx_word' id='word_1_643' title='bbox 2114 4218 2169 4264; x_wconf 91' lang='lat' dir='ltr'><strong>et</strong></span> <span class='ocrx_word' id='word_1_644' title='bbox 2201 4208 2480 4265; x_wconf 75' lang='lat' dir='ltr'><strong>auditione</strong></span> <span class='ocrx_word' id='word_1_645' title='bbox 2515 4209 2800 4279; x_wconf 89' lang='lat' dir='ltr'><strong>perlatum.</strong></span> <span class='ocrx_word' id='word_1_646' title='bbox 2834 4206 2967 4261; x_wconf 82' lang='lat' dir='ltr'><strong>Nam</strong></span> <span class='ocrx_word' id='word_1_647' title='bbox 2997 4223 3120 4262; x_wconf 86' lang='lat' dir='ltr'><strong>cum</strong></span> <span class='ocrx_word' id='word_1_648' title='bbox 3156 4206 3397 4277; x_wconf 79' lang='lat' dir='ltr'><strong>antiquis</strong></span> 
     </span>
    </p>
   </div>
   <div class='ocr_carea' id='block_1_91' title="bbox 143 4288 1723 4371">
    <p class='ocr_par' dir='ltr' id='par_1_91' title="bbox 143 4298 1721 4371">
     <span class='ocr_line' id='line_1_91' title="bbox 143 4298 1721 4371; baseline 0.004 -22"><span class='ocrx_word' id='word_1_649' title='bbox 143 4298 431 4368; x_wconf 80' lang='grc' dir='ltr'>’Δρχαίων</span> <span class='ocrx_word' id='word_1_650' title='bbox 475 4298 585 4371; x_wconf 81' lang='grc' dir='ltr'><strong>γὰρ</strong></span> <span class='ocrx_word' id='word_1_651' title='bbox 616 4299 823 4354; x_wconf 83' lang='grc' dir='ltr'>τούτων</span> <span class='ocrx_word' id='word_1_652' title='bbox 863 4300 1063 4367; x_wconf 77' lang='grc' dir='ltr'>ὄντων,</span> <span class='ocrx_word' id='word_1_653' title='bbox 1099 4303 1195 4356; x_wconf 78' lang='grc' dir='ltr'><strong>καὶ</strong></span> <span class='ocrx_word' id='word_1_654' title='bbox 1223 4303 1415 4357; x_wconf 79' lang='grc' dir='ltr'>θᾶττον</span> <span class='ocrx_word' id='word_1_655' title='bbox 1449 4303 1721 4357; x_wconf 74' lang='grc' dir='ltr'>κατασϐε-</span> 
     </span>
    </p>
   </div>
   <div class='ocr_carea' id='block_1_92' title="bbox 1823 4288 3393 4371">
    <p class='ocr_par' dir='ltr' id='par_1_92' title="bbox 1828 4298 3393 4371">
     <span class='ocr_line' id='line_1_92' title="bbox 1828 4298 3393 4371; baseline -0.003 -15"><span class='ocrx_word' id='word_1_656' title='bbox 1828 4301 1906 4356; x_wconf 83' lang='lat' dir='ltr'><strong>illi</strong></span> <span class='ocrx_word' id='word_1_657' title='bbox 1961 4300 2301 4371; x_wconf 80' lang='lat' dir='ltr'><strong>temporibus</strong></span> <span class='ocrx_word' id='word_1_658' title='bbox 2343 4299 2678 4365; x_wconf 81' lang='lat' dir='ltr'><strong>exstiterint,</strong></span> <span class='ocrx_word' id='word_1_659' title='bbox 2721 4302 2776 4353; x_wconf 88' lang='lat' dir='ltr'><strong>et</strong></span> <span class='ocrx_word' id='word_1_660' title='bbox 2810 4313 2975 4368; x_wconf 88' lang='lat' dir='ltr'><strong>quam</strong></span> <span class='ocrx_word' id='word_1_661' title='bbox 3006 4298 3275 4353; x_wconf 87' lang='lat' dir='ltr'><strong>citissime</strong></span> <span class='ocrx_word' id='word_1_662' title='bbox 3304 4312 3393 4352; x_wconf 85' lang='lat' dir='ltr'><strong>re-</strong></span> 
     </span>
    </p>
   </div>
   <div class='ocr_carea' id='block_1_93' title="bbox 126 4388 1725 4464">
    <p class='ocr_par' dir='ltr' id='par_1_93' title="bbox 126 4388 1725 4464">
     <span class='ocr_line' id='line_1_93' title="bbox 126 4388 1725 4464; baseline 0.003 -21"><span class='ocrx_word' id='word_1_663' title='bbox 126 4388 410 4453; x_wconf 73' lang='grc' dir='ltr'>σθέντων,</span> <span class='ocrx_word' id='word_1_664' title='bbox 432 4388 689 4461; x_wconf 74' lang='grc' dir='ltr'>δυσχερὲς</span> <span class='ocrx_word' id='word_1_665' title='bbox 713 4392 1010 4462; x_wconf 79' lang='grc' dir='ltr'>γεγένηται</span> <span class='ocrx_word' id='word_1_666' title='bbox 1040 4394 1194 4464; x_wconf 81' lang='grc' dir='ltr'>ὑμῖν,</span> <span class='ocrx_word' id='word_1_667' title='bbox 1222 4394 1299 4457; x_wconf 86' lang='grc' dir='ltr'>ὡς</span> <span class='ocrx_word' id='word_1_668' title='bbox 1336 4393 1552 4464; x_wconf 82' lang='grc' dir='ltr'>ἀληθῶς</span> <span class='ocrx_word' id='word_1_669' title='bbox 1577 4394 1725 4447; x_wconf 76' lang='grc' dir='ltr'>ἔστιν</span> 
     </span>
    </p>
   </div>
   <div class='ocr_carea' id='block_1_94' title="bbox 127 4480 1724 4557">
    <p class='ocr_par' dir='ltr' id='par_1_94' title="bbox 127 4480 1724 4557">
     <span class='ocr_line' id='line_1_94' title="bbox 127 4480 1724 4557; baseline 0.004 -23"><span class='ocrx_word' id='word_1_670' title='bbox 127 4480 299 4544; x_wconf 65' lang='grc' dir='ltr'>ἰδεῖν,</span> <span class='ocrx_word' id='word_1_671' title='bbox 327 4481 363 4551; x_wconf 85' lang='grc' dir='ltr'><strong>ή</strong></span> <span class='ocrx_word' id='word_1_672' title='bbox 389 4480 509 4535; x_wconf 83' lang='grc' dir='ltr'>κατ’</span> <span class='ocrx_word' id='word_1_673' title='bbox 538 4482 737 4547; x_wconf 81' lang='grc' dir='ltr'>αὐτοὺς</span> <span class='ocrx_word' id='word_1_674' title='bbox 768 4483 982 4555; x_wconf 70' lang='grc' dir='ltr'>ἔρευνα.</span> <span class='ocrx_word' id='word_1_675' title='bbox 1018 4486 1084 4538; x_wconf 80' lang='grc' dir='ltr'>Ἃ</span> <span class='ocrx_word' id='word_1_676' title='bbox 1110 4485 1168 4539; x_wconf 79' lang='grc' dir='ltr'>δὲ</span> <span class='ocrx_word' id='word_1_677' title='bbox 1199 4485 1310 4540; x_wconf 82' lang='grc' dir='ltr'>ἀπὸ</span> <span class='ocrx_word' id='word_1_678' title='bbox 1341 4486 1541 4557; x_wconf 85' lang='grc' dir='ltr'>μέρους</span> <span class='ocrx_word' id='word_1_679' title='bbox 1559 4486 1724 4555; x_wconf 74' lang='grc' dir='ltr'>ἔγνω·</span> 
     </span>
    </p>
   </div>
   <div class='ocr_carea' id='block_1_95' title="bbox 122 4570 949 4641">
    <p class='ocr_par' dir='ltr' id='par_1_95' title="bbox 122 4570 949 4641">
     <span class='ocr_line' id='line_1_95' title="bbox 122 4570 949 4641; baseline 0.006 -18"><span class='ocrx_word' id='word_1_680' title='bbox 122 4587 249 4641; x_wconf 76' lang='grc' dir='ltr'>μεν</span> <span class='ocrx_word' id='word_1_681' title='bbox 282 4570 399 4624; x_wconf 82' lang='grc' dir='ltr'>τῶν</span> <span class='ocrx_word' id='word_1_682' title='bbox 427 4570 616 4641; x_wconf 79' lang='grc' dir='ltr'>αὑτοῦ,</span> <span class='ocrx_word' id='word_1_683' title='bbox 650 4572 766 4627; x_wconf 74' lang='grc' dir='ltr'>ἐστι</span> <span class='ocrx_word' id='word_1_684' title='bbox 802 4574 949 4629; x_wconf 85' lang='grc' dir='ltr'>τάδε.</span> 
     </span>
    </p>
   </div>
   <div class='ocr_carea' id='block_1_96' title="bbox 207 4740 1726 4817">
    <p class='ocr_par' dir='ltr' id='par_1_96' title="bbox 207 4740 1726 4817">
     <span class='ocr_line' id='line_1_96' title="bbox 207 4740 1726 4817; baseline 0.001 -20"><span class='ocrx_word' id='word_1_685' title='bbox 207 4740 376 4797; x_wconf 70' lang='grc' dir='ltr'>Μετά</span> <span class='ocrx_word' id='word_1_686' title='bbox 405 4743 467 4795; x_wconf 80' lang='grc' dir='ltr'>τὸ</span> <span class='ocrx_word' id='word_1_687' title='bbox 503 4743 761 4814; x_wconf 81' lang='grc' dir='ltr'>συστῆναι</span> <span class='ocrx_word' id='word_1_688' title='bbox 789 4743 951 4815; x_wconf 76' lang='grc' dir='ltr'>δῆθεν</span> <span class='ocrx_word' id='word_1_689' title='bbox 979 4744 1165 4817; x_wconf 69' lang='grc' dir='ltr'>ἕτερον</span> <span class='ocrx_word' id='word_1_690' title='bbox 1198 4744 1299 4815; x_wconf 78' lang='grc' dir='ltr'>μὲν</span> <span class='ocrx_word' id='word_1_691' title='bbox 1333 4744 1426 4800; x_wconf 84' lang='grc' dir='ltr'>τὸν</span> <span class='ocrx_word' id='word_1_692' title='bbox 1454 4747 1726 4817; x_wconf 86' lang='grc' dir='ltr'>Δημιουρ-</span> 
     </span>
    </p>
   </div>
   <div class='ocr_carea' id='block_1_97' title="bbox 115 4833 1726 4907">
    <p class='ocr_par' dir='ltr' id='par_1_97' title="bbox 115 4833 1726 4907">
     <span class='ocr_line' id='line_1_97' title="bbox 115 4833 1726 4907; baseline 0.003 -22"><span class='ocrx_word' id='word_1_693' title='bbox 115 4833 265 4903; x_wconf 72' lang='grc' dir='ltr'>γδν,</span> <span class='ocrx_word' id='word_1_694' title='bbox 301 4833 401 4886; x_wconf 78' lang='grc' dir='ltr'><strong>καὶ</strong></span> <span class='ocrx_word' id='word_1_695' title='bbox 428 4835 642 4905; x_wconf 81' lang='grc' dir='ltr'>κριτὴν,</span> <span class='ocrx_word' id='word_1_696' title='bbox 672 4836 769 4889; x_wconf 75' lang='grc' dir='ltr'><strong>καὶ</strong></span> <span class='ocrx_word' id='word_1_697' title='bbox 813 4836 1020 4890; x_wconf 85' lang='grc' dir='ltr'>δίκαιον</span> <span class='ocrx_word' id='word_1_698' title='bbox 1040 4851 1054 4866; x_wconf 77' lang='grc'><strong>⁸</strong></span> <span class='ocrx_word' id='word_1_699' title='bbox 1088 4837 1276 4907; x_wconf 72' lang='grc' dir='ltr'>ἕτερον</span> <span class='ocrx_word' id='word_1_700' title='bbox 1318 4836 1477 4907; x_wconf 76' lang='grc' dir='ltr'>δῆθεν</span> <span class='ocrx_word' id='word_1_701' title='bbox 1521 4837 1726 4905; x_wconf 77' lang='grc' dir='ltr'>ἀγαθὸν</span> 
     </span>
    </p>
   </div>
   <div class='ocr_carea' id='block_1_98' title="bbox 118 4923 1727 5001">
    <p class='ocr_par' dir='ltr' id='par_1_98' title="bbox 118 4923 1727 5001">
     <span class='ocr_line' id='line_1_98' title="bbox 118 4923 1727 5001; baseline 0.002 -22"><span class='ocrx_word' id='word_1_702' title='bbox 118 4923 442 4990; x_wconf 76' lang='grc' dir='ltr'>ὡσαύτως,</span> <span class='ocrx_word' id='word_1_703' title='bbox 471 4927 771 4999; x_wconf 71' lang='grc' dir='ltr'>καὶέτερον</span> <span class='ocrx_word' id='word_1_704' title='bbox 798 4928 889 4982; x_wconf 80' lang='grc' dir='ltr'>τὸν</span> <span class='ocrx_word' id='word_1_705' title='bbox 922 4928 1183 5000; x_wconf 60' lang='grc' dir='ltr'>πονηρόν</span> <span class='ocrx_word' id='word_1_706' title='bbox 1216 4927 1463 4999; x_wconf 81' lang='grc' dir='ltr'>βούλεται</span> <span class='ocrx_word' id='word_1_707' title='bbox 1494 4929 1727 5001; x_wconf 77' lang='grc' dir='ltr'>χρῆσθαι</span> 
     </span>
    </p>
   </div>
   <div class='ocr_carea' id='block_1_99' title="bbox 116 5016 1727 5091">
    <p class='ocr_par' dir='ltr' id='par_1_99' title="bbox 116 5016 1727 5091">
     <span class='ocr_line' id='line_1_99' title="bbox 116 5016 1727 5091; baseline 0.002 -21"><span class='ocrx_word' id='word_1_708' title='bbox 116 5016 242 5070; x_wconf 76' lang='grc' dir='ltr'><strong>καὶ</strong></span> <span class='ocrx_word' id='word_1_709' title='bbox 287 5017 615 5088; x_wconf 85' lang='grc' dir='ltr'>μαρτυρίαις</span> <span class='ocrx_word' id='word_1_710' title='bbox 645 5020 754 5071; x_wconf 78' lang='grc' dir='ltr'>τισὶ</span> <span class='ocrx_word' id='word_1_711' title='bbox 783 5018 923 5073; x_wconf 84' lang='grc' dir='ltr'>κατά</span> <span class='ocrx_word' id='word_1_712' title='bbox 955 5018 1049 5072; x_wconf 82' lang='grc' dir='ltr'>τὸν</span> <span class='ocrx_word' id='word_1_713' title='bbox 1081 5018 1404 5089; x_wconf 78' lang='grc' dir='ltr'>Μαρκίωνα,</span> <span class='ocrx_word' id='word_1_714' title='bbox 1453 5018 1595 5072; x_wconf 81' lang='grc' dir='ltr'>κατὰ</span> <span class='ocrx_word' id='word_1_715' title='bbox 1628 5018 1727 5091; x_wconf 77' lang='grc' dir='ltr'><strong>τήν</strong></span> 
     </span>
    </p>
   </div>
   <div class='ocr_carea' id='block_1_100' title="bbox 116 5105 1719 5180">
    <p class='ocr_par' dir='ltr' id='par_1_100' title="bbox 116 5105 1719 5180">
     <span class='ocr_line' id='line_1_100' title="bbox 116 5105 1719 5180; baseline 0.004 -21"><span class='ocrx_word' id='word_1_716' title='bbox 116 5105 316 5160; x_wconf 72' lang='grc' dir='ltr'>αὑτοῦ</span> <span class='ocrx_word' id='word_1_717' title='bbox 364 5106 619 5161; x_wconf 79' lang='grc' dir='ltr'>ὑπόνοιαν</span> <span class='ocrx_word' id='word_1_718' title='bbox 652 5108 761 5163; x_wconf 80' lang='grc' dir='ltr'>ἀπὸ</span> <span class='ocrx_word' id='word_1_719' title='bbox 807 5108 910 5180; x_wconf 78' lang='grc' dir='ltr'>τῆς</span> <span class='ocrx_word' id='word_1_720' title='bbox 965 5108 1075 5163; x_wconf 83' lang='grc' dir='ltr'><strong>τῶν</strong></span> <span class='ocrx_word' id='word_1_721' title='bbox 1121 5108 1419 5180; x_wconf 81' lang='grc' dir='ltr'>προφητῶν</span> <span class='ocrx_word' id='word_1_722' title='bbox 1463 5108 1719 5179; x_wconf 80' lang='grc' dir='ltr'><strong>Γραφῆς·</strong></span> 
     </span>
    </p>
   </div>
   <div class='ocr_carea' id='block_1_101' title="bbox 113 5196 1724 5271">
    <p class='ocr_par' dir='ltr' id='par_1_101' title="bbox 113 5196 1724 5271">
     <span class='ocr_line' id='line_1_101' title="bbox 113 5196 1724 5271; baseline 0.004 -22"><span class='ocrx_word' id='word_1_723' title='bbox 113 5198 294 5270; x_wconf 73' lang='grc' dir='ltr'>φημὶ</span> <span class='ocrx_word' id='word_1_724' title='bbox 325 5196 384 5252; x_wconf 75' lang='grc' dir='ltr'>δὲ</span> <span class='ocrx_word' id='word_1_725' title='bbox 426 5197 509 5263; x_wconf 81' lang='grc' dir='ltr'>τὸ,</span> <span class='ocrx_word' id='word_1_726' title='bbox 554 5199 815 5268; x_wconf 79' lang='grc' dir='ltr'>Μάταιος</span> <span class='ocrx_word' id='word_1_727' title='bbox 860 5205 892 5258; x_wconf 84' lang='grc' dir='ltr'><strong>ό</strong></span> <span class='ocrx_word' id='word_1_728' title='bbox 939 5202 1244 5256; x_wconf 67' lang='grc' dir='ltr'><strong>δουλεύων</strong></span> <span class='ocrx_word' id='word_1_729' title='bbox 1283 5201 1507 5271; x_wconf 75' lang='lat' dir='ltr'><strong>Kvplqr</strong></span> <span class='ocrx_word' id='word_1_730' title='bbox 1540 5201 1724 5256; x_wconf 76' lang='grc' dir='ltr'>καὶτὸ</span> 
     </span>
    </p>
   </div>
   <div class='ocr_carea' id='block_1_102' title="bbox 113 5289 1717 5361">
    <p class='ocr_par' dir='ltr' id='par_1_102' title="bbox 113 5289 1717 5361">
     <span class='ocr_line' id='line_1_102' title="bbox 113 5289 1717 5361; baseline 0.002 -17"><span class='ocrx_word' id='word_1_731' title='bbox 113 5289 441 5361; x_wconf 72' lang='grc' dir='ltr'>ειρημένον</span> <span class='ocrx_word' id='word_1_732' title='bbox 465 5307 479 5321; x_wconf 87' lang='grc'><strong>·</strong></span> <span class='ocrx_word' id='word_1_733' title='bbox 549 5291 949 5359; x_wconf 76' lang='grc' dir='ltr'>Ἀντέστησαν</span> <span class='ocrx_word' id='word_1_734' title='bbox 1016 5292 1168 5358; x_wconf 81' lang='grc' dir='ltr'>Θεῷ,</span> <span class='ocrx_word' id='word_1_735' title='bbox 1227 5293 1327 5347; x_wconf 74' lang='grc' dir='ltr'><strong>καὶ</strong></span> <span class='ocrx_word' id='word_1_736' title='bbox 1380 5292 1717 5361; x_wconf 83' lang='grc' dir='ltr'>ἐσώθησαν.</span> 
     </span>
    </p>
   </div>
   <div class='ocr_carea' id='block_1_103' title="bbox 116 5373 1717 5454">
    <p class='ocr_par' dir='ltr' id='par_1_103' title="bbox 116 5373 1717 5454">
     <span class='ocr_line' id='line_1_103' title="bbox 116 5373 1717 5454; baseline 0.002 -21"><span class='ocrx_word' id='word_1_737' title='bbox 116 5378 370 5433; x_wconf 70' lang='grc' dir='ltr'>’τέλειον</span> <span class='ocrx_word' id='word_1_738' title='bbox 411 5378 470 5431; x_wconf 80' lang='grc' dir='ltr'>δὲ</span> <span class='ocrx_word' id='word_1_739' title='bbox 520 5373 674 5445; x_wconf 73' lang='grc' dir='ltr'>οὗτος</span> <span class='ocrx_word' id='word_1_740' title='bbox 725 5383 875 5454; x_wconf 84' lang='grc' dir='ltr'><strong>παρά</strong></span> <span class='ocrx_word' id='word_1_741' title='bbox 916 5381 1011 5453; x_wconf 79' lang='grc' dir='ltr'><strong>τήν</strong></span> <span class='ocrx_word' id='word_1_742' title='bbox 1059 5382 1151 5436; x_wconf 77' lang='grc' dir='ltr'>τοῦ</span> <span class='ocrx_word' id='word_1_743' title='bbox 1189 5382 1506 5437; x_wconf 80' lang='grc' dir='ltr'>διδασκάλου</span> <span class='ocrx_word' id='word_1_744' title='bbox 1554 5382 1717 5437; x_wconf 76' lang='grc' dir='ltr'>αὑτοῦ</span> 
     </span>
    </p>
   </div>
   <div class='ocr_carea' id='block_1_104' title="bbox 1823 4389 3394 4460">
    <p class='ocr_par' dir='ltr' id='par_1_104' title="bbox 1823 4389 3394 4460">
     <span class='ocr_line' id='line_1_104' title="bbox 1823 4389 3394 4460; baseline -0.003 -13"><span class='ocrx_word' id='word_1_745' title='bbox 1823 4391 2012 4447; x_wconf 90' lang='lat' dir='ltr'><strong>stincti</strong></span> <span class='ocrx_word' id='word_1_746' title='bbox 2059 4394 2188 4456; x_wconf 88' lang='lat' dir='ltr'><strong>sint,</strong></span> <span class='ocrx_word' id='word_1_747' title='bbox 2243 4389 2559 4445; x_wconf 78' lang='lat' dir='ltr'><strong>difﬁcillima</strong></span> <span class='ocrx_word' id='word_1_748' title='bbox 2608 4390 2788 4454; x_wconf 79' lang='lat' dir='ltr'><strong>nobis,</strong></span> <span class='ocrx_word' id='word_1_749' title='bbox 2825 4398 2885 4445; x_wconf 92' lang='lat' dir='ltr'><strong>ut</strong></span> <span class='ocrx_word' id='word_1_750' title='bbox 2915 4389 3142 4460; x_wconf 82' lang='lat' dir='ltr'><strong>intelligi</strong></span> <span class='ocrx_word' id='word_1_751' title='bbox 3176 4389 3245 4445; x_wconf 91' lang='lat' dir='ltr'><strong>ab</strong></span> <span class='ocrx_word' id='word_1_752' title='bbox 3274 4403 3394 4442; x_wconf 80' lang='lat' dir='ltr'><strong>om-</strong></span> 
     </span>
    </p>
   </div>
   <div class='ocr_carea' id='block_1_105' title="bbox 1825 4479 3392 4553">
    <p class='ocr_par' dir='ltr' id='par_1_105' title="bbox 1825 4479 3392 4553">
     <span class='ocr_line' id='line_1_105' title="bbox 1825 4479 3392 4553; baseline -0.002 -17"><span class='ocrx_word' id='word_1_753' title='bbox 1825 4482 1990 4538; x_wconf 82' lang='lat' dir='ltr'><strong>nibus</strong></span> <span class='ocrx_word' id='word_1_754' title='bbox 2037 4490 2254 4553; x_wconf 88' lang='lat' dir='ltr'><strong>potest,</strong></span> <span class='ocrx_word' id='word_1_755' title='bbox 2317 4481 2534 4536; x_wconf 84' lang='lat' dir='ltr'><strong>illorum</strong></span> <span class='ocrx_word' id='word_1_756' title='bbox 2580 4480 2869 4552; x_wconf 85' lang='lat' dir='ltr'><strong>inquisitio</strong></span> <span class='ocrx_word' id='word_1_757' title='bbox 2927 4481 3047 4536; x_wconf 79' lang='lat' dir='ltr'><strong>fuit.</strong></span> <span class='ocrx_word' id='word_1_758' title='bbox 3106 4479 3212 4534; x_wconf 86' lang='lat' dir='ltr'><strong>Sed</strong></span> <span class='ocrx_word' id='word_1_759' title='bbox 3270 4494 3392 4549; x_wconf 72' lang='lat' dir='ltr'><strong>qua:</strong></span> 
     </span>
    </p>
   </div>
   <div class='ocr_carea' id='block_1_106' title="bbox 1821 4568 3392 4641">
    <p class='ocr_par' dir='ltr' id='par_1_106' title="bbox 1821 4568 3392 4641">
     <span class='ocr_line' id='line_1_106' title="bbox 1821 4568 3392 4641; baseline -0.001 -17"><span class='ocrx_word' id='word_1_760' title='bbox 1821 4570 1890 4625; x_wconf 88' lang='lat' dir='ltr'><strong>de</strong></span> <span class='ocrx_word' id='word_1_761' title='bbox 1919 4569 2013 4624; x_wconf 92' lang='lat' dir='ltr'><strong>illo</strong></span> <span class='ocrx_word' id='word_1_762' title='bbox 2055 4577 2330 4641; x_wconf 82' lang='lat' dir='ltr'><strong>utcunque</strong></span> <span class='ocrx_word' id='word_1_763' title='bbox 2366 4570 2672 4640; x_wconf 86' lang='lat' dir='ltr'><strong>oomperire</strong></span> <span class='ocrx_word' id='word_1_764' title='bbox 2716 4570 3015 4640; x_wconf 88' lang='lat' dir='ltr'><strong>potuimus,</strong></span> <span class='ocrx_word' id='word_1_765' title='bbox 3063 4576 3193 4624; x_wconf 87' lang='lat' dir='ltr'><strong>sunt</strong></span> <span class='ocrx_word' id='word_1_766' title='bbox 3240 4568 3392 4638; x_wconf 87' lang='lat' dir='ltr'><strong>ejus-</strong></span> 
     </span>
    </p>
   </div>
   <div class='ocr_carea' id='block_1_107' title="bbox 1821 4658 2533 4714">
    <p class='ocr_par' dir='ltr' id='par_1_107' title="bbox 1821 4658 2533 4714">
     <span class='ocr_line' id='line_1_107' title="bbox 1821 4658 2533 4714; baseline -0.004 0"><span class='ocrx_word' id='word_1_767' title='bbox 1821 4658 1987 4714; x_wconf 82' lang='lat' dir='ltr'><strong>modi.</strong></span> <span class='ocrx_word' id='word_1_768' title='bbox 2510 4694 2533 4711; x_wconf 30' lang='grc' dir='ltr'>κ.</span> 
     </span>
    </p>
   </div>
   <div class='ocr_carea' id='block_1_108' title="bbox 1892 4748 3393 4819">
    <p class='ocr_par' dir='ltr' id='par_1_108' title="bbox 1892 4748 3393 4819">
     <span class='ocr_line' id='line_1_108' title="bbox 1892 4748 3393 4819; baseline -0.001 -15"><span class='ocrx_word' id='word_1_769' title='bbox 1892 4748 2029 4805; x_wconf 81' lang='lat' dir='ltr'><strong>Nam</strong></span> <span class='ocrx_word' id='word_1_770' title='bbox 2078 4754 2429 4819; x_wconf 79' lang='lat' dir='ltr'><strong>posteaquam</strong></span> <span class='ocrx_word' id='word_1_771' title='bbox 2481 4749 2622 4805; x_wconf 86' lang='lat' dir='ltr'><strong>alius</strong></span> <span class='ocrx_word' id='word_1_772' title='bbox 2670 4750 2740 4806; x_wconf 84' lang='lat' dir='ltr'><strong>ab</strong></span> <span class='ocrx_word' id='word_1_773' title='bbox 2793 4764 2859 4806; x_wconf 86' lang='lat' dir='ltr'><strong>eo</strong></span> <span class='ocrx_word' id='word_1_774' title='bbox 2913 4750 3248 4805; x_wconf 84' lang='lat' dir='ltr'><strong>constitutus</strong></span> <span class='ocrx_word' id='word_1_775' title='bbox 3307 4756 3393 4803; x_wconf 86' lang='lat' dir='ltr'><strong>est</strong></span> 
     </span>
    </p>
   </div>
   <div class='ocr_carea' id='block_1_109' title="bbox 1822 4838 3395 4910">
    <p class='ocr_par' dir='ltr' id='par_1_109' title="bbox 1822 4838 3395 4910">
     <span class='ocr_line' id='line_1_109' title="bbox 1822 4838 3395 4910; baseline -0.002 -17"><span class='ocrx_word' id='word_1_776' title='bbox 1822 4839 2049 4895; x_wconf 82' lang='lat' dir='ltr'><strong>Creator</strong></span> <span class='ocrx_word' id='word_1_777' title='bbox 2067 4854 2133 4894; x_wconf 84' lang='lat' dir='ltr'><strong>ac</strong></span> <span class='ocrx_word' id='word_1_778' title='bbox 2160 4838 2351 4909; x_wconf 80' lang='lat' dir='ltr'><strong>judex,</strong></span> <span class='ocrx_word' id='word_1_779' title='bbox 2383 4848 2438 4895; x_wconf 91' lang='lat' dir='ltr'><strong>et</strong></span> <span class='ocrx_word' id='word_1_780' title='bbox 2462 4839 2689 4910; x_wconf 85' lang='lat' dir='ltr'><strong>justus;</strong></span> <span class='ocrx_word' id='word_1_781' title='bbox 2731 4840 2908 4895; x_wconf 81' lang='lat' dir='ltr'><strong>bonus</strong></span> <span class='ocrx_word' id='word_1_782' title='bbox 2946 4840 3115 4905; x_wconf 86' lang='lat' dir='ltr'><strong>alius;</strong></span> <span class='ocrx_word' id='word_1_783' title='bbox 3155 4840 3395 4905; x_wconf 79' lang='lat' dir='ltr'><strong>itemque</strong></span> 
     </span>
    </p>
   </div>
   <div class='ocr_carea' id='block_1_110' title="bbox 1824 4927 3392 5000">
    <p class='ocr_par' dir='ltr' id='par_1_110' title="bbox 1824 4927 3392 5000">
     <span class='ocr_line' id='line_1_110' title="bbox 1824 4927 3392 5000; baseline -0.003 -15"><span class='ocrx_word' id='word_1_784' title='bbox 1824 4931 2002 4987; x_wconf 83' lang='lat' dir='ltr'><strong>malus</strong></span> <span class='ocrx_word' id='word_1_785' title='bbox 2054 4932 2273 4995; x_wconf 80' lang='lat' dir='ltr'><strong>tertius,</strong></span> <span class='ocrx_word' id='word_1_786' title='bbox 2323 4931 2605 4987; x_wconf 85' lang='lat' dir='ltr'><strong>nonnullis</strong></span> <span class='ocrx_word' id='word_1_787' title='bbox 2639 4929 2933 4987; x_wconf 77' lang='lat' dir='ltr'><strong>Marcionis</strong></span> <span class='ocrx_word' id='word_1_788' title='bbox 2963 4930 3212 5000; x_wconf 84' lang='lat' dir='ltr'><strong>exemplo</strong></span> <span class='ocrx_word' id='word_1_789' title='bbox 3240 4927 3392 4983; x_wconf 82' lang='lat' dir='ltr'><strong>testi-</strong></span> 
     </span>
    </p>
   </div>
   <div class='ocr_carea' id='block_1_111' title="bbox 1826 5018 3392 5093">
    <p class='ocr_par' dir='ltr' id='par_1_111' title="bbox 1826 5018 3392 5093">
     <span class='ocr_line' id='line_1_111' title="bbox 1826 5018 3392 5093; baseline -0.001 -18"><span class='ocrx_word' id='word_1_790' title='bbox 1826 5020 2025 5076; x_wconf 85' lang='lat' dir='ltr'><strong>moniis</strong></span> <span class='ocrx_word' id='word_1_791' title='bbox 2085 5022 2280 5087; x_wconf 89' lang='lat' dir='ltr'><strong>utitur,</strong></span> <span class='ocrx_word' id='word_1_792' title='bbox 2337 5036 2460 5093; x_wconf 76' lang='lat' dir='ltr'><strong>qua:</strong></span> <span class='ocrx_word' id='word_1_793' title='bbox 2508 5037 2573 5078; x_wconf 85' lang='lat' dir='ltr'><strong>ex</strong></span> <span class='ocrx_word' id='word_1_794' title='bbox 2625 5021 3015 5092; x_wconf 86' lang='lat' dir='ltr'><strong>prophetarum</strong></span> <span class='ocrx_word' id='word_1_795' title='bbox 3067 5018 3291 5090; x_wconf 85' lang='lat' dir='ltr'><strong>scriptis</strong></span> <span class='ocrx_word' id='word_1_796' title='bbox 3325 5018 3392 5073; x_wconf 82' lang='lat' dir='ltr'><strong>ad</strong></span> 
     </span>
    </p>
   </div>
   <div class='ocr_carea' id='block_1_112' title="bbox 1826 5111 3395 5182">
    <p class='ocr_par' dir='ltr' id='par_1_112' title="bbox 1826 5111 3395 5182">
     <span class='ocr_line' id='line_1_112' title="bbox 1826 5111 3395 5182; baseline -0.003 -13"><span class='ocrx_word' id='word_1_797' title='bbox 1826 5113 2054 5176; x_wconf 85' lang='lat' dir='ltr'><strong>erroris,</strong></span> <span class='ocrx_word' id='word_1_798' title='bbox 2101 5120 2161 5166; x_wconf 89' lang='lat' dir='ltr'><strong>ut</strong></span> <span class='ocrx_word' id='word_1_799' title='bbox 2204 5112 2315 5178; x_wconf 88' lang='lat' dir='ltr'><strong>ille,</strong></span> <span class='ocrx_word' id='word_1_800' title='bbox 2368 5114 2451 5169; x_wconf 88' lang='lat' dir='ltr'><strong>sui</strong></span> <span class='ocrx_word' id='word_1_801' title='bbox 2501 5114 2864 5182; x_wconf 89' lang='lat' dir='ltr'><strong>patrocinium</strong></span> <span class='ocrx_word' id='word_1_802' title='bbox 2913 5112 3155 5167; x_wconf 83' lang='lat' dir='ltr'><strong>adducit.</strong></span> <span class='ocrx_word' id='word_1_803' title='bbox 3195 5111 3395 5181; x_wconf 79' lang='lat' dir='ltr'><strong>Cujus-</strong></span> 
     </span>
    </p>
   </div>
   <div class='ocr_carea' id='block_1_113' title="bbox 1828 5198 3391 5272">
    <p class='ocr_par' dir='ltr' id='par_1_113' title="bbox 1828 5198 3391 5272">
     <span class='ocr_line' id='line_1_113' title="bbox 1828 5198 3391 5272; baseline -0.001 -14"><span class='ocrx_word' id='word_1_804' title='bbox 1828 5203 1973 5259; x_wconf 87' lang='lat' dir='ltr'><strong>modi</strong></span> <span class='ocrx_word' id='word_1_805' title='bbox 2006 5203 2151 5258; x_wconf 82' lang='lat' dir='ltr'><strong>istud</strong></span> <span class='ocrx_word' id='word_1_806' title='bbox 2197 5211 2326 5259; x_wconf 87' lang='lat' dir='ltr'><strong>est:</strong></span> <span class='ocrx_word' id='word_1_807' title='bbox 2376 5200 2553 5257; x_wconf 81' lang='lat' dir='ltr'><strong>Vanus</strong></span> <span class='ocrx_word' id='word_1_808' title='bbox 2599 5215 2673 5258; x_wconf 85' lang='lat' dir='ltr'><strong>est</strong></span> <span class='ocrx_word' id='word_1_809' title='bbox 2730 5203 2820 5272; x_wconf 84' lang='lat' dir='ltr'><strong>qui</strong></span> <span class='ocrx_word' id='word_1_810' title='bbox 2881 5204 3038 5257; x_wconf 73' lang='lat' dir='ltr'><strong>servit</strong></span> <span class='ocrx_word' id='word_1_811' title='bbox 3087 5198 3391 5269; x_wconf 80' lang='lat' dir='ltr'><strong>Domino&#39;;</strong></span> 
     </span>
    </p>
   </div>
   <div class='ocr_carea' id='block_1_114' title="bbox 1825 5291 3398 5367">
    <p class='ocr_par' dir='ltr' id='par_1_114' title="bbox 1825 5291 3398 5367">
     <span class='ocr_line' id='line_1_114' title="bbox 1825 5291 3398 5367; baseline -0.001 -18"><span class='ocrx_word' id='word_1_812' title='bbox 1825 5293 1953 5350; x_wconf 87' lang='lat' dir='ltr'><strong>item</strong></span> <span class='ocrx_word' id='word_1_813' title='bbox 1981 5313 1994 5349; x_wconf 91' lang='lat'><strong>:</strong></span> <span class='ocrx_word' id='word_1_814' title='bbox 2025 5292 2346 5349; x_wconf 79' lang='lat' dir='ltr'><strong>Restiterunt</strong></span> <span class='ocrx_word' id='word_1_815' title='bbox 2405 5291 2535 5357; x_wconf 85' lang='lat' dir='ltr'><strong>Deo,</strong></span> <span class='ocrx_word' id='word_1_816' title='bbox 2556 5304 2604 5349; x_wconf 84' lang='lat' dir='ltr'><strong>et</strong></span> <span class='ocrx_word' id='word_1_817' title='bbox 2634 5296 2769 5352; x_wconf 79' lang='lat' dir='ltr'><strong>salvi</strong></span> <span class='ocrx_word' id='word_1_818' title='bbox 2799 5297 2930 5367; x_wconf 82' lang='lat' dir='ltr'><strong>[acti</strong></span> <span class='ocrx_word' id='word_1_819' title='bbox 2951 5304 3076 5352; x_wconf 67' lang='lat' dir='ltr'><strong>sunt</strong></span> <span class='ocrx_word' id='word_1_820' title='bbox 3101 5296 3144 5349; x_wconf 78' lang='grc'>⁸.</span> <span class='ocrx_word' id='word_1_821' title='bbox 3178 5293 3257 5348; x_wconf 75' lang='lat' dir='ltr'><strong>Ad</strong></span> <span class='ocrx_word' id='word_1_822' title='bbox 3282 5294 3398 5349; x_wconf 61' lang='lat' dir='ltr'><strong>hac</strong></span> 
     </span>
    </p>
   </div>
   <div class='ocr_carea' id='block_1_115' title="bbox 1833 5382 3399 5459">
    <p class='ocr_par' dir='ltr' id='par_1_115' title="bbox 1833 5382 3399 5459">
     <span class='ocr_line' id='line_1_115' title="bbox 1833 5382 3399 5459; baseline -0.001 -20"><span class='ocrx_word' id='word_1_823' title='bbox 1833 5384 2017 5440; x_wconf 87' lang='lat' dir='ltr'><strong>omnia</strong></span> <span class='ocrx_word' id='word_1_824' title='bbox 2075 5392 2270 5455; x_wconf 69' lang='lat' dir='ltr'><strong>praeter</strong></span> <span class='ocrx_word' id='word_1_825' title='bbox 2315 5384 2561 5456; x_wconf 88' lang='lat' dir='ltr'><strong>magistri</strong></span> <span class='ocrx_word' id='word_1_826' title='bbox 2608 5387 2693 5442; x_wconf 90' lang='lat' dir='ltr'><strong>sui</strong></span> <span class='ocrx_word' id='word_1_827' title='bbox 2739 5387 2994 5459; x_wconf 87' lang='lat' dir='ltr'><strong>dogmata</strong></span> <span class='ocrx_word' id='word_1_828' title='bbox 3040 5386 3260 5458; x_wconf 81' lang='lat' dir='ltr'><strong>nuptias</strong></span> <span class='ocrx_word' id='word_1_829' title='bbox 3307 5382 3399 5438; x_wconf 81' lang='lat' dir='ltr'><strong>ilie</strong></span> 
     </span>
    </p>
   </div>
   <div class='ocr_carea' id='block_1_116' title="bbox 210 5491 1723 5567">
    <p class='ocr_par' dir='ltr' id='par_1_116' title="bbox 210 5491 1723 5567">
     <span class='ocr_line' id='line_1_116' title="bbox 210 5491 1723 5567; baseline 0.002 -19"><span class='ocrx_word' id='word_1_830' title='bbox 210 5491 456 5567; x_wconf 48' lang='lat' dir='ltr'><strong>ippon.</strong></span> <span class='ocrx_word' id='word_1_831' title='bbox 477 5495 692 5564; x_wconf 84' lang='lat' dir='ltr'><strong>opinor,</strong></span> <span class='ocrx_word' id='word_1_832' title='bbox 719 5497 941 5565; x_wconf 81' lang='lat' dir='ltr'><strong>aliquid.</strong></span> <span class='ocrx_word' id='word_1_833' title='bbox 974 5498 1145 5565; x_wconf 79' lang='grc' dir='ltr'>λέγων</span> <span class='ocrx_word' id='word_1_834' title='bbox 1185 5497 1551 5554; x_wconf 86' lang='lat' dir='ltr'><strong>scribendum.</strong></span> <span class='ocrx_word' id='word_1_835' title='bbox 1629 5501 1648 5531; x_wconf 81' lang='grc'><strong><em>³</em></strong></span> <span class='ocrx_word' id='word_1_836' title='bbox 1679 5495 1723 5551; x_wconf 73' lang='lat' dir='ltr'><strong>it</strong></span> 
     </span>
    </p>
   </div>
   <div class='ocr_carea' id='block_1_117' title="bbox 1823 5491 3395 5567">
    <p class='ocr_par' dir='ltr' id='par_1_117' title="bbox 1823 5491 3395 5567">
     <span class='ocr_line' id='line_1_117' title="bbox 1823 5491 3395 5567; baseline -0.014 0"><span class='ocrx_word' id='word_1_837' title='bbox 1823 5538 1833 5554; x_wconf 86' lang='lat'><strong><em>-</em></strong></span> <span class='ocrx_word' id='word_1_838' title='bbox 1870 5497 2045 5565; x_wconf 64' lang='grc' dir='ltr'><strong>ν’ιῖὖὶ</strong></span> <span class='ocrx_word' id='word_1_839' title='bbox 2080 5512 2162 5564; x_wconf 71' lang='lat' dir='ltr'><strong>Ill.</strong></span> <span class='ocrx_word' id='word_1_840' title='bbox 2200 5495 2300 5557; x_wconf 68' lang='grc'><strong>26.</strong></span> <span class='ocrx_word' id='word_1_841' title='bbox 2371 5498 2395 5530; x_wconf 82' lang='grc'>³</span> <span class='ocrx_word' id='word_1_842' title='bbox 2426 5496 2563 5553; x_wconf 84' lang='lat' dir='ltr'><strong>Psal.</strong></span> <span class='ocrx_word' id='word_1_843' title='bbox 2603 5515 2767 5567; x_wconf 80' lang='lat' dir='ltr'><strong>xxxv,</strong></span> <span class='ocrx_word' id='word_1_844' title='bbox 2803 5499 2883 5555; x_wconf 82' lang='grc'><strong>10.</strong></span> <span class='ocrx_word' id='word_1_845' title='bbox 2960 5500 2981 5533; x_wconf 74' lang='grc'>⁸</span> <span class='ocrx_word' id='word_1_846' title='bbox 3020 5498 3154 5554; x_wconf 87' lang='lat' dir='ltr'><strong>Luc.</strong></span> <span class='ocrx_word' id='word_1_847' title='bbox 3204 5510 3256 5563; x_wconf 73' lang='grc' dir='ltr'>κ,</span> <span class='ocrx_word' id='word_1_848' title='bbox 3303 5491 3395 5548; x_wconf 79' lang='lat' dir='ltr'><strong>I9.</strong></span> 
     </span>
    </p>
   </div>
   <div class='ocr_carea' id='block_1_118' title="bbox 208 5560 1094 5635">
    <p class='ocr_par' dir='ltr' id='par_1_118' title="bbox 208 5560 1094 5635">
     <span class='ocr_line' id='line_1_118' title="bbox 208 5560 1094 5635; baseline 0.009 -18"><span class='ocrx_word' id='word_1_849' title='bbox 208 5560 605 5635; x_wconf 62' lang='lat' dir='ltr'><strong>&#39;llalacth,</strong></span> <span class='ocrx_word' id='word_1_850' title='bbox 646 5567 727 5622; x_wconf 71' lang='lat' dir='ltr'><strong>Ii.</strong></span> <span class='ocrx_word' id='word_1_851' title='bbox 805 5560 979 5624; x_wconf 72' lang='lat' dir='ltr'><strong>‘ibid.</strong></span> <span class='ocrx_word' id='word_1_852' title='bbox 1013 5560 1094 5625; x_wconf 69' lang='lat' dir='ltr'><strong>l5.</strong></span> 
     </span>
    </p>
   </div>
  </div>
