3932 6064
533 227 636 284 819

1938 226 1992 282 S.
2044 225 2380 283 EPIPHANII

3709 226 3808 285 820

533 341 881 408 condemnat,
927 352 982 398 et
1019 342 1399 399 castimoniam
1449 341 1756 412 profitetur,
1800 358 1910 397 non
1942 343 2108 413 hujus

2220 345 2558 400 διδασκαλίαν
2617 344 2936 416 ἀπαρνείται
2986 343 3077 396 τὸν
3129 340 3307 416 γάμον
3335 383 3351 409 ,
3419 337 3518 398 καὶ
3577 341 3808 411 ἁγνείαν

530 449 721 488 amore
771 434 1010 498 virtutis,
1070 433 1166 489 sed
1216 440 1274 487 ut
1331 446 1498 502 opera
1545 431 1824 488 Creatoris
1875 442 2104 488 evertat.

534 525 717 591 Quare
748 524 1020 594 conjugiis
1050 523 1349 578 interdicit.
1393 522 1468 577 Ex
1505 524 1727 593 quibus,
1757 524 1954 594 inquit,
1989 540 2115 594 pro-

541 625 737 686 pagata
766 616 952 671 sobole
973 618 1150 684 major
1180 617 1234 670 in
1266 615 1472 670 mundo
1487 614 1769 670 Conditori
1803 616 2025 671 ubertas
2043 630 2108 670 ac

530 708 686 776 copia
725 708 984 776 suppetit.
1030 705 1143 761 Hoc
1179 707 1344 779 igitur
1368 709 1424 761 in
1451 705 1665 775 opificis
1695 722 1758 760 ac
1794 706 2108 762 Conditoris

530 795 716 850 odium
774 797 1040 867 suscipit,
1079 813 1188 852 -ne
1249 813 1317 852 ex
1367 797 1666 852 liberorum
1729 797 2110 866 procreatione

528 885 694 955 379
742 885 892 940 illius
939 901 1072 956 opes
1105 894 1427 956 augeantur.
1492 882 1695 937 Verum
1747 883 1908 952 hujus
1955 897 2111 938 error

530 975 685 1029 nullo
735 976 959 1046 negotio
1009 975 1294 1047 detegetur
1323 991 1386 1030 ac
1424 973 1703 1031 refelletur
1729 988 1796 1028 ex
1825 989 1886 1029 ea
1916 972 2110 1028 confuv

529 1067 756 1130 talione,
797 1082 959 1136 quam
985 1074 1178 1121 contra
1211 1068 1384 1137 ipsius
1415 1075 1806 1137 praeceptorem
1834 1073 1959 1117 ante
1991 1077 2110 1133 pro-

531 1160 836 1230 posuimus.
893 1158 1063 1226 Cujus
1129 1160 1416 1229 opiniones
1478 1159 1727 1230 pioribus
1779 1155 2110 1226 disputando

529 1249 904 1314 convicimus;
963 1250 1128 1320 idque
1174 1250 1350 1320 ipsum
1381 1251 1745 1316 ostendimus,
1778 1247 2107 1317 cujusmodi,

531 1356 596 1394 ac
623 1356 784 1410 quam
823 1342 990 1394 multa
1031 1342 1158 1406 siut,
1193 1343 1246 1395 in
1276 1342 1477 1411 quibus
1507 1354 1721 1394 summa
1754 1345 1836 1392 est
1869 1336 2111 1407 Evange-

531 1429 586 1482 lii
632 1427 955 1499 Veterisque
1004 1429 1343 1486 Testamenti
1393 1429 1706 1485 consensio.
1743 1427 2110 1493 Quemadmo-

529 1521 658 1574 dum
717 1521 879 1576 etiam
954 1522 1218 1578 Dominus
1273 1524 1391 1592 ipse
1448 1521 1684 1577 fateatur
1755 1535 1909 1575 suam
1987 1535 2110 1574 esse

531 1612 722 1666 mtmdi
775 1611 1210 1678 fabricationem,
1274 1628 1337 1667 ac
1380 1611 1644 1683 quidquid
1699 1610 1976 1664 conditum
2029 1619 2114 1664 est

2213 436 2407 488 ἀσκεϊο
2445 436 2506 488 ού
2557 435 2624 488 δι’
2667 435 2910 503 ἁγνείαν,
2955 435 3070 488 ἀλλ’
3115 435 3203 488 ἵνα
3257 434 3507 508 ἀθετήσῃ
3553 433 3628 486 τά
3671 434 3807 504 ἔργα

2211 522 2306 575 τοῦ
2348 522 2726 594 Δημιουργοῦ,
2759 523 3027 576 διδάσκων
3072 523 3146 594 μὴ
3197 524 3574 577 συνάπτεσθαι
3616 524 3800 595 γάμῳ.

2223 613 2341 682 Ἀφ’
2374 607 2434 666 οὗ
2470 615 2648 685 γάμου
2697 613 2950 684 εύθηνία,
2989 613 3145 685 φησὶ,
3180 615 3269 669 διὰ
3311 615 3413 686 τῆς
3451 616 3803 680 παιδοποιίας

2212 705 2269 757 ἐν
2300 704 2488 775 κόσμῳ
2517 705 2594 775 τῷ
2616 706 2940 777 Δημιουργῷ
2971 708 3198 776 γίνεται,
3228 707 3366 777 πρὸς
3393 707 3680 761 ἀντίθεσιν
3711 710 3801 778 τῆς

2213 793 2304 847 τοῦ
2339 797 2687 868 Δημιουργοῦ
2722 797 2817 851 καὶ
2849 799 3082 852 Κτίστου
3109 799 3198 852 διὰ
3223 799 3322 870 τῆς
3359 799 3720 863 παιδοποιίας
3748 803 3798 853 ἐν

2210 887 2288 957 τῷ
2329 889 2520 959 κόσμῳ
2550 889 2826 961 εὐθηνίας.
2852 891 3242 962 Φωραθήσεται
3267 891 3322 943 δέ
3344 893 3374 943 ὁ
3404 892 3676 956 τοιοῦτος,
3713 895 3797 945 καὶ

2211 979 2684 1052 διελεγχθήσεται,
2741 983 2848 1036 ἀπὸ
2896 983 2994 1053 μὲν
3036 984 3136 1054 τῆς
3169 984 3270 1054 ἤδη
3313 983 3453 1055 πρὸς
3500 985 3596 1038 τὸν
3636 986 3792 1038 αὖτοῦ

2212 1072 2512 1142 ἐπιστάτην
2566 1074 2924 1141 ἀντιθέσεως,
2981 1075 3068 1128 διὰ
3138 1075 3347 1128 πολλῶν
3408 1077 3795 1147 ποιησαμένων

2212 1165 2370 1235 ἡμῶν
2406 1164 2503 1235 τὴν
2540 1166 2674 1238 πρὸς
2706 1166 2867 1219 αὐτὸν
2899 1167 3208 1234 ἀντιλογίαν
3241 1185 3299 1220 τε
3332 1169 3426 1220 καὶ
3459 1169 3791 1240 ἀνατροπὴν,

2212 1255 2270 1308 ἐν
2299 1256 2515 1320 ὁποίαις
2542 1275 2599 1309 τε
2641 1258 2736 1311 καὶ
2766 1259 2989 1321 ὁπόσαις
3024 1259 3239 1328 συνᾴδει
3268 1259 3327 1311 τὸ
3368 1259 3707 1326 Εύαγγέλιον
3735 1264 3793 1329 τῇ

2213 1346 2425 1417 Παλαιᾷ
2447 1345 2692 1418 Διαθήκῃ
2717 1364 2728 1375 ο
2767 1348 2861 1400 καὶ
2887 1347 2962 1411 ὡς
2992 1349 3154 1411 αὐτὸς
3189 1349 3217 1400 6
3253 1349 3460 1419 Κύριος
3487 1349 3648 1418 ἡμῶν
3675 1352 3794 1419 ὁμο-

2211 1436 2361 1504 λογεῖ
2390 1437 2451 1490 τὸ
2500 1438 2711 1507 ποίημα
2742 1438 2834 1491 τοῦ
2871 1440 3077 1508 κόσμου
3120 1435 3256 1492 εἶναι
3292 1440 3423 1493 ἴδιον
3465 1441 3563 1492 καὶ
3613 1441 3790 1502 αὑτοῦ,

2211 1529 2307 1580 καὶ
2341 1527 2434 1581 τοῦ
2463 1529 2675 1599 Πατρὸς
2730 1526 2869 1583 εἶναι
2915 1530 3011 1601 τὴν
3066 1530 3273 1584 κτίσιν·
3327 1531 3404 1595 ὥς
3449 1548 3514 1599 γε
3566 1533 3793 1602 μάλιστα

2218 1619 2488 1673 συνελόντι
2515 1621 2720 1691 φράσαι
2762 1621 3189 1692 κορυφαιότατόν
3236 1641 3288 1675 τι
3339 1623 3493 1694 ῥῆμα
3526 1625 3683 1695 παρὰ
3725 1623 3792 1692 τῷ

532 1701 681 1758 Patri
720 1719 820 1760 suo
865 1704 1236 1759 tribuendum.
1279 1704 1435 1768 Quod
1467 1701 1685 1772 quidem
1717 1700 2110 1770 praestantissi-

2220 1712 2353 1782 ἁγίῳ
2387 1713 2605 1784 Ἰωάννῃ
2637 1714 2946 1785 εἰρημένον,
2976 1715 3037 1767 τὸ
3058 1754 3073 1780 ,
3111 1716 3212 1769 Ἐν
3239 1713 3396 1783 ἀρχῇ
3422 1711 3503 1784 ἦν
3525 1718 3560 1768 ό
3589 1716 3789 1784 Αόγηος,

530 1795 638 1851 ruis
688 1797 838 1852 hisce
888 1796 1072 1851 verbis
1125 1796 1440 1851 summatim
1493 1794 1735 1848 Joannes
1793 1793 2110 1861 complexus

529 1895 647 1942 est:
673 1887 737 1941 In
769 1889 1026 1956 principia
1053 1897 1165 1941 erat
1204 1886 1425 1940 Verbum
1451 1926 1465 1950 ,
1492 1895 1540 1939 et
1576 1884 1798 1938 Verbum
1831 1894 1944 1937 erat
1973 1882 2111 1950 apud

529 1979 719 2042 Deum,
772 1989 820 2033 et
876 1979 1014 2033 Deus
1071 1989 1184 2033 erat
1249 1977 1497 2031 Verbum.
1558 1975 1755 2031 Omnia
1804 1991 1896 2044 per
1938 1975 2111 2040 ipsum

530 2071 676 2138 facta
704 2079 847 2133 sum,
882 2079 929 2123 et
954 2070 1064 2124 sine
1091 2070 1202 2139 ipso
1235 2068 1436 2137 factum
1463 2076 1539 2122 est
1561 2065 1714 2132 nihil,
1746 2063 1884 2135 quod
1913 2064 2110 2133 factum

528 2173 605 2216 est
632 2164 670 2226 ⁸,
704 2171 810 2217 etc.

604 2251 668 2307 ll.
711 2253 876 2324 Atqui
919 2253 1105 2308 statim
1141 2253 1233 2308 ille
1257 2253 1516 2309 facillime
1541 2250 1934 2308 confutabitur.
1978 2249 2112 2304 Nam

526 2343 574 2398 si
608 2342 941 2413 respondere
989 2342 1062 2396 ita
1119 2343 1266 2407 velit,
1317 2356 1376 2398 se
1422 2350 1481 2396 ut
1524 2342 1592 2396 iis
1631 2356 1752 2412 qua:
1789 2338 2104 2396 Conditoris

526 2435 616 2490 hic
639 2450 764 2491 esse
792 2437 1013 2506 propria
1049 2435 1331 2502 dicuntur,
1362 2435 1657 2491 obsisteret
1689 2449 1752 2489 ac
1782 2434 2112 2495 destrueret,

532 2527 854 2597 nuptiarum
903 2528 1167 2583 damnare
1207 2528 1456 2598 copulas,
1505 2542 1575 2582 ne
1613 2523 2113 2582 Conditorisufl‘ra-

526 2618 644 2688 gari
682 2618 954 2684 videatur,
986 2629 1149 2691 atque
1188 2627 1250 2674 ut
1281 2620 1352 2675 ab
1382 2619 1503 2689 ejus
1530 2633 1698 2688 Opere
1729 2631 1852 2672 sese
1881 2615 2112 2670 omnino

528 2715 750 2779 praestet
809 2710 1070 2778 alienum,
1119 2725 1303 2766 nonne
1353 2727 1385 2764 a
1443 2709 1654 2763 ratione
1713 2721 1942 2776 prorsus
1998 2706 2113 2761 haec

527 2801 788 2857 abhorret
824 2803 1050 2872 opinio,
1095 2802 1326 2872 ejusque
1370 2799 1706 2870 deprehendi
1749 2799 1994 2862 falsitas,
2051 2815 2115 2854 ac

530 2893 787 2964 redargui
838 2893 1000 2949 facile
1033 2893 1246 2964 potest?
1289 2892 1430 2947 Ecce
1481 2892 1579 2946 tibi
1621 2891 1857 2946 conditis
1883 2905 1913 2943 a
1946 2889 2113 2946 Crea-

532 2996 654 3039 tore
685 2985 875 3052 rebus,
906 2987 1076 3040 veluti
1103 2986 1266 3049 cibis,
1297 3000 1362 3040 ac
1394 2985 1662 3052 vestibus,
1706 2995 1762 3040 et
1797 2985 2110 3056 unguentis,

531 3089 596 3128 ac
624 3082 777 3144 potu,
803 3083 857 3131 et
896 3076 1098 3132 eduliis
1146 3076 1492 3133 miserrimus
1539 3078 1641 3132 iste
1677 3076 1978 3133 circulator
2004 3078 2113 3132 uti-
2141 3052 2184 3110 θ’

530 3175 656 3234 tur;
695 3161 796 3224 n'ec
841 3169 1078 3241 eﬂugere
1125 3170 1285 3224 aliter
1326 3178 1526 3240 potest,
1575 3171 1707 3241 quin
1743 3189 1803 3230 se
1829 3176 1898 3234 iis
1931 3175 2008 3230 uti
2035 3174 2116 3228 fa-

531 3265 734 3312 teatur.
765 3256 908 3314 Deus
932 3259 1077 3314 enim
1109 3270 1194 3316 est
1222 3260 1487 3315 Dominus
1521 3262 1768 3316 omnium
1817 3280 1881 3319 ac
1926 3263 2116 3319 condi-

527 3357 617 3402 tor
648 3348 741 3418 qui
773 3363 961 3403 curam
997 3351 1240 3405 omnium
1273 3349 1412 3420 gerit
1454 3363 1518 3402 ac
1555 3350 1718 3405 solem
1763 3369 1920 3406 suum
1959 3368 2118 3422 super

530 3439 695 3494 bonos
725 3449 776 3494 et
799 3440 972 3495 malos
1007 3443 1140 3497 oriri
1173 3442 1308 3511 facit
1333 3442 1376 3495 ’.
1427 3439 1568 3496 Tum
1605 3457 1735 3498 vero
1757 3443 1813 3498 in
1847 3459 1944 3501 eos
1979 3445 2117 3515 pari-

533 3539 644 3594 ter,
679 3531 771 3601 qui
825 3547 885 3587 se
923 3534 1273 3588 contumeliis
1303 3531 1566 3601 alliciunt,
1596 3541 1650 3589 ct
1674 3535 1768 3605 qui
1793 3535 1972 3605 ipsum
2005 3536 2118 3591 lau-

529 3622 667 3677 dant
714 3637 780 3677 ac
823 3623 1146 3694 pradicant,
1195 3625 1434 3694 pluviam
1491 3626 1750 3694 demittit,
1805 3638 1967 3698 atque
2019 3628 2116 3682 alit

533 3713 848 3770 universos.
886 3713 1046 3781 Quod
1100 3730 1213 3770 non
1261 3717 1553 3771 temeraria
1609 3719 1813 3789 aliqua,
1869 3721 2117 3792 citraque

531 3805 800 3860 rationem
847 3819 912 3861 ac
958 3821 1182 3863 sensum
1212 3807 1437 3864 definita
1471 3811 1587 3882 lege
1615 3813 1973 3872 constitutum
2009 3823 2114 3881 est,

531 3896 628 3952 sed
672 3896 795 3952 ideo
832 3897 1115 3966 nimirum,
1155 3898 1301 3970 quod
1340 3915 1629 3972 pmnarum
1659 3903 1728 3959 ab
1765 3903 1857 3960 illo
1901 3913 2119 3977 tempus

531 3991 587 4044 in
621 3989 866 4046 futurum
891 3990 1168 4061 judicium
1198 4001 1536 4048 reservatum
1582 4003 1688 4061 est,
1730 3997 2000 4067 patienter
2031 4015 2119 4054 ex-

531 4091 768 4154 spectat,
822 4098 888 4139 ac
937 4083 1166 4154 privatis
1225 4085 1460 4156 legibus,
1509 4094 1564 4141 et
1607 4090 1876 4158 sapientia
1917 4102 2117 4148 cuncta

531 4176 890 4242 moderatur,
947 4177 1411 4248 quemadmodum
1451 4179 1751 4235 beneficam
1798 4183 1944 4237 illam
1987 4199 2118 4257 erga

531 4285 726 4328 omnes
754 4273 1152 4341 providentiam
1181 4271 1359 4339 decet,
1397 4279 1458 4326 ut
1497 4272 1544 4328 si
1593 4273 1688 4344 qui
1733 4276 2116 4345 paenitentiam

531 4361 909 4430 susceperint,
944 4361 1216 4417 scelerum
1251 4360 1500 4416 omnium
1543 4362 1872 4419 oblivionem
1915 4366 1984 4421 ab
2023 4366 2118 4421 illo

534 4450 706 4517 nacti,
734 4451 967 4507 salutem
998 4453 1398 4524 adipiscantur.
1431 4453 1528 4510 Sin
1553 4457 1965 4513 contumeliosis
2004 4459 2115 4515 illis

533 4542 779 4599 divinum
823 4543 878 4598 in
925 4542 1140 4600 Numen
1191 4547 1565 4616 opinionibus,
1608 4558 1772 4620 atque
1809 4551 2114 4620 erroribus,

532 4649 767 4704 quorum
792 4635 936 4691 Deus
965 4645 1159 4691 auctor
1196 4651 1307 4692 non
1353 4646 1460 4704 est,
1507 4641 1812 4710 insistant;
1857 4649 1972 4696 tum
2000 4659 2116 4699 me-

532 4725 640 4778 rita
664 4725 930 4795 supplicia
952 4735 1076 4795 post
1103 4725 1247 4780 hanc
1270 4727 1441 4782 vitam
1484 4729 1815 4801 expendant,
1850 4746 1974 4786 cum
2006 4746 2117 4786 non

535 4816 775 4886 amplius
802 4818 1104 4874 voluntatis
1141 4819 1198 4874 in
1237 4819 1318 4876 eis
1357 4820 1582 4877 libertas
1613 4821 1874 4877 manebit.
1910 4820 2112 4877 Verum

537 4923 719 4979 neque
774 4909 941 4964 animi
989 4911 1228 4981 quadam
1291 4910 1614 4983 impotentia
1673 4911 1919 4967 futurum
1981 4913 2114 4968 illud

529 5001 801 5071 judicium
833 5002 1092 5068 instituit;
1132 5019 1236 5059 nec
1271 5010 1504 5059 ventura
1538 5004 1632 5058 illa
1660 5003 1804 5058 mala
1830 5004 2116 5059 iracundia

533 5094 647 5149 ulla
692 5094 893 5150 ductus
938 5095 1155 5165 infligit.
1209 5095 1336 5152 Hazc
1385 5096 1552 5166 380
1603 5095 1750 5150 enim
1789 5096 1972 5150 omnia
2016 5113 2116 5168 pro

534 5197 601 5238 ea
631 5197 737 5251 qua
763 5184 1024 5254 praeditus
1054 5195 1138 5242 est
1179 5187 1248 5242 ab
1281 5186 1430 5240 omni
1469 5187 1903 5256 perturbatione,
1945 5189 2114 5244 libera

533 5273 823 5329 divinitate
852 5275 1158 5332 denuntiat.
1189 5276 1294 5333 Sed
1325 5278 1396 5333 ob
1429 5293 1546 5333 eam
1575 5279 1828 5334 videlicet
1867 5294 2113 5345 causam,

2215 1805 2312 1858 καὶ
2344 1808 2376 1858 ό
2415 1805 2606 1875 Λόγος
2647 1802 2726 1876 ἦν
2755 1807 2904 1875 πρὸς
2937 1807 3043 1862 τὸν
3086 1808 3257 1870 Θεὸν,
3305 1807 3404 1862 καὶ
3453 1809 3602 1874 Θεὸς
3649 1803 3724 1878 ἦν
3765 1809 3793 1860 ὁ

2215 1895 2423 1962 Λόγος.
2454 1894 2658 1948 Πάντα
2705 1895 2778 1949 δι’
2813 1896 3001 1950 αὺτοῦ
3039 1897 3301 1966 ἐγένετο,
3340 1896 3440 1950 καὶ
3476 1897 3660 1966 χωρὶς
3696 1897 3779 1950 αὑ

2215 1986 2320 2039 τοῦ
2343 1984 2581 2055 ἐγένετο
2606 1987 2750 2041 οὐδὲ
2778 1987 2868 2055 ἒν,
2902 1989 2933 2042 ὃ
2966 1988 3190 2059 γέγονε,
3225 1989 3317 2042 καὶ
3347 1988 3415 2042 τά
3439 1989 3592 2060 ἐξῆς.

2301 2255 2462 2309 Ἀλλά
2487 2272 2550 2324 γε
2583 2258 2610 2309 6
2633 2257 2872 2321 τοιοῦτος
2905 2257 3067 2322 εὐθὺς
3094 2260 3570 2331 ἀνα-τραπήσεται.
3609 2262 3670 2314 Ei
3695 2263 3793 2334 γὰρ

2219 2344 2460 2416 βούλοιτο
2497 2347 2698 2416 λέγειν,
2736 2349 2820 2402 ὁτι
2862 2349 3189 2414 ἀντιθέσεως
3220 2352 3378 2422 χάριν
3404 2354 3501 2406 καὶ
3541 2353 3792 2425 καθαιρέο

2221 2457 2356 2504 σεως
2389 2441 2497 2494 τῶν
2544 2442 2650 2494 ὑπὸ
2689 2441 2783 2495 τοῦ
2821 2444 3163 2514 Δημιουργοῦ
3206 2443 3440 2499 ἐνταῦθα
3495 2445 3793 2518 λεγομένων

2219 2536 2252 2604 ἡ
2279 2533 2372 2586 τοῦ
2420 2534 2599 2604 γάμου
2635 2534 2784 2604 αύτῷ
2830 2536 3095 2605 συνάφεια
3139 2535 3412 2590 ἁθετεῖται
3438 2578 3452 2602 ,
3489 2538 3579 2591 ἵνα
3630 2539 3705 2610 μὴ
3728 2539 3795 2609 τῷ

2219 2624 2548 2696 Δημιουργῷ
2605 2627 3008 2699 συμπράξειεν,
3058 2627 3199 2682 ὥστε
3241 2629 3546 2700 ἀπέχεσθαι
3603 2634 3794 2688 παπὲ-

2219 2731 2352 2766 πασι
2406 2714 2499 2768 τοῦ
2541 2715 2702 2785 ἔργου
2734 2717 2826 2770 τοῦ
2867 2719 3247 2791 Δημιουργοῦ’
3292 2721 3410 2785 πῶς
3451 2722 3577 2792 οὐχὶ
3617 2723 3797 2792 ἄλογος

2217 2805 2362 2876 αὐτῷ
2397 2809 2428 2878 ἡ
2473 2807 2729 2870 ὑπόθεσις
2752 2809 2792 2874 ³,
2833 2811 2927 2864 καὶ
2956 2812 3203 2883 φωρατὴ.
3249 2813 3342 2865 καὶ
3374 2813 3797 2884 εύθυέλεγκτος;

2231 2899 2362 2953 Ἰδοὺ
2396 2899 2502 2972 γὰρ
2532 2901 2640 2954 ἀπὸ
2672 2903 2770 2973 τῆς
2805 2902 3036 2968 κτίσεως
3069 2905 3161 2958 καὶ
3195 2908 3293 2976 τῆς
3321 2906 3415 2959 τοῦ
3454 2907 3795 2978 Δημιουργοῦ

2217 2989 2598 3062 δημιουργίας,
2630 2993 2724 3046 καὶ
2759 2993 2870 3047 τῶν
2905 2994 3135 3060 ἐδωδῶν,
3171 2997 3394 3050 καὶτῶν
3427 2997 3676 3068 ἀμφίων,
3712 2999 3796 3053 καὶ

2218 3081 2317 3152 τῆς
2360 3083 2611 3154 χρήσεως
2656 3085 2917 3155 πομάτων
2955 3087 3198 3157 μέτεισιν
3227 3089 3256 3141 ὁ
3277 3089 3411 3160 γόης
3445 3090 3545 3142 κει)⁸
3577 3093 3607 3144 ὁ
3639 3091 3798 3162 ἀγύρ-

2217 3190 2318 3243 της
2342 3191 2355 3203 ·
2399 3174 2494 3227 κα)⁵
2529 3174 2705 3239 ἄλλως
2737 3176 2796 3228 οὑ
2827 3176 3114 3249 δυνήσεται
3144 3181 3426 3248 ἐκφυγεῖν,
3455 3182 3552 3234 καὶ
3590 3183 3665 3253 μὴ
3687 3183 3799 3253 οὐχὶ

2217 3264 2429 3329 τούτοις
2461 3266 2714 3338 χρῆσθαι.
2753 3267 2885 3332 Θεὸς
2919 3269 3028 3341 γὰρ
3073 3273 3102 3324 6
3145 3271 3362 3325 πάντων
3397 3273 3679 3344 Δεσπότης
3712 3275 3798 3328 καὶ

2219 3351 2572 3427 δημιουργὸς,
2619 3357 2837 3414 πάντων
2901 3361 3329 3432 ἐπιμελόμενος,
3379 3363 3474 3416 καὶ⁷
3525 3364 3624 3416 ἐπὶ
3667 3364 3796 3430 τοὺς

2220 3447 2526 3516 πονηροὺς
2582 3451 2680 3504 καὶ
2733 3452 2996 3523 ἀγαθοὺς
3065 3454 3382 3508 ἀνατέλλει
3443 3456 3636 3509 αὑτοῦ
3701 3457 3796 3508 τὸν

2223 3537 2421 3606 ἣλιον,
2453 3540 2546 3592 καὶ
2576 3541 2670 3593 ἐπὶ
2702 3543 2829 3605 τοὺς
2859 3543 3022 3597 αὐτὸν
3069 3545 3549 3617 βλασφημοῦντας,
3585 3548 3678 3601 καὶ
3711 3549 3794 3601 ἐπὶ

2220 3631 2346 3695 τοὺς
2374 3631 2536 3687 αὑτὸν
2564 3632 2886 3699 δοξάζοντας
2915 3635 3124 3707 πέμπει
3165 3637 3330 3691 αὑτοῦ
3362 3638 3460 3691 τὸν
3491 3639 3670 3703 ὑετὸν,
3709 3639 3791 3691 καὶ

2222 3725 2428 3787 πάντας
2469 3723 2684 3796 τρέφει,
2717 3726 2817 3780 οὐκ
2849 3727 3027 3798 ἀλόγῳ
3059 3729 3166 3782 τινὶ
3207 3730 3301 3783 καὶ
3336 3731 3655 3802 ἀναισθήτῳ
3691 3733 3793 3800 6p:-

2223 3815 2366 3886 σμῷ,
2410 3815 2547 3868 ἀλλά
2596 3816 2812 3889 ἐκδικίᾳ
2850 3821 2918 3888 τῇ
2965 3821 3096 3890 παρ’
3123 3819 3288 3872 αὑτοῦ
3319 3820 3606 3892 ὁρισθείση
3639 3824 3692 3874 ἐν

2224 3905 2491 3978 μελλούσῃ
2537 3907 2716 3978 κρίσει
2776 3908 3171 3980 μακροθυμῶν,
3226 3910 3321 3962 καὶ
3365 3913 3619 3982 ὁρισμοῖς
3659 3911 3791 3972 loica;

2220 3999 2315 4054 καὶ
2351 3999 2512 4070 σοφίᾳ
2555 3998 2623 4052 τὰ
2674 3999 2853 4053 πάντα
2897 3999 3146 4054 διοικῶν·
3192 4002 3269 4066 ὡς
3315 4001 3433 4055 ἐστι
3489 4006 3696 4074 πρέπον
3735 4004 3789 4071 τῇ

2221 4089 2386 4144 αὐτοῦ
2413 4091 2494 4154 εἰς
2523 4089 2730 4154 πάντας
2760 4090 2996 4162 ὠφελείᾳ
3015 4106 3028 4120 ·
3064 4093 3131 4146 ἶν’
3151 4093 3201 4146 οἱ
3234 4097 3687 4166 μετανοήσαντες,
3707 4095 3792 4163 τῆς

2221 4183 2353 4254 παρ’
2383 4181 2549 4235 αὑτοῦ
2584 4183 2919 4255 ἀμνηστείας
2947 4186 3222 4256 τυχόντες,
3252 4186 3316 4239 τὸ
3361 4189 3636 4260 σωτήριον
3670 4189 3791 4258 κτή-

2223 4291 2400 4327 σοιντο
2421 4291 2434 4304 ·
2466 4275 2514 4327 εἰ
2540 4274 2598 4327 δέ
2636 4275 2945 4346 ἐπιμένοιεν
2984 4281 3106 4342 ταῖς
3130 4279 3308 4333 αὐτῶν
3343 4280 3685 4354 βλασφήμοις
3709 4283 3790 4334 καὶ

2151 4397 2194 4452 D
2225 4365 2503 4430 ὑπονοίαις
2557 4368 2651 4420 καὶ
2701 4371 3199 4442 ματαιοφροσύναις
3257 4376 3378 4437 ταῖς
3433 4375 3510 4445 μὴ
3567 4377 3628 4428 ἐκ
3669 4371 3788 4427 Θεοῦ

2223 4458 2406 4522 αὐτοῖς
2450 4457 2752 4523 δοθείσαις,
2786 4461 2848 4514 τὸ
2883 4463 3181 4533 τηνικαῦτα
3231 4465 3368 4536 μετὰ
3415 4467 3518 4538 τὴν
3563 4465 3788 4521 ἐντεῦθεν

2224 4551 2565 4622 ἀπαλλαγὴν,
2586 4553 2681 4606 τοῦ
2713 4553 3056 4619 αύτεξουσίου
3085 4557 3283 4629 μηκέτι
3308 4560 3492 4624 αὐτοῖς
3521 4576 3784 4632 συμπαρα-

2229 4642 2480 4714 μένοντος
2503 4661 2516 4675 ο
2563 4645 2699 4698 ἀλλά
2746 4644 2868 4699 οὔτε
2920 4647 3007 4701 διὰ
3063 4647 3235 4720 θυμὸν
3279 4650 3466 4714 αὐτοῖς
3537 4653 3637 4722 τὴν
3682 4650 3784 4702 τότε

2225 4733 2490 4804 ἐσομένην
2547 4735 2768 4807 κρίσιν,
2819 4737 2942 4792 οὔτε
2993 4740 3068 4804 ὡς
3115 4742 3174 4796 ἐν
3221 4742 3357 4814 ὀργῇ
3411 4745 3685 4816 ἐπιφέρων
3729 4741 3782 4795 τὰ

2227 4825 2484 4894 ἐσόμενα.
2515 4827 2657 4881 Ὅλα
2693 4830 2801 4903 γὰρ
2831 4831 2854 4862 ι
2884 4833 3247 4903 προεθέσπισε
3286 4835 3373 4888 διὰ
3412 4837 3514 4907 τὴν
3548 4839 3642 4890 οὐκ
3673 4837 3781 4888 εἴσω

2225 4915 2416 4970 παθῶν
2480 4922 2880 4993 περιεχομένην
2917 4925 3083 4979 αὐτοῦ
3133 4926 3400 4998 θεότηταο
3443 4929 3580 4982 ἀλλὰ
3630 4929 3692 4982 δι’
3728 4927 3780 4996 ἦν

2225 5009 2456 5074 ἕκαστος
2483 5010 2593 5064 τῶν
2619 5013 2713 5066 ἐπὶ
2740 5013 2914 5090 βλάϐῃ
2935 5018 3127 5072 ἐαυτοῦ
3151 5037 3199 5072 τι
3227 5021 3616 5092 ἐργαζόμενος,
3634 5017 3779 5085 ἑαυτῷ

2229 5101 2519 5172 παραίτιος
2553 5105 2876 5178 γεγένηται,
2933 5109 3029 5163 τοῦ
3060 5111 3196 5165 Θεοῦ
3250 5113 3496 5166 ἀναιτίου
3527 5114 3671 5175 ὁντος
3700 5111 3778 5178 τῆς

2227 5189 2348 5242 καθ’
2385 5193 2533 5262 ἡμᾶς
2563 5199 2953 5270 παρεκτροπῆς
2988 5217 3047 5252 τε
3081 5199 3177 5252 καὶ
3221 5201 3322 5270 τῆς
3355 5202 3422 5253 ἐκ
3453 5200 3651 5269 ταύτης
3682 5195 3778 5250 καθ’

2224 5283 2382 5354 ἡμῶν
2420 5285 2722 5359 μελλούσης
2749 5288 2967 5344 ἔσεσθαι
2995 5291 3314 5362 καταδίκης.

531 5368 680 5441 quod
710 5370 1089 5442 unusquisque
1141 5388 1297 5428 suam
1338 5374 1393 5428 in
1439 5374 1682 5431 fraudem
1731 5375 1937 5446 aliquid
1991 5377 2242 5444 moliens,
2308 5381 2452 5436 ultro
2501 5383 2663 5453 capiti
2715 5399 2816 5439 suo
2841 5385 3044 5440 malum
3081 5388 3336 5452 arcessit,
3401 5404 3529 5443 cum
3591 5383 3776 5440 interim

611 5548 628 5576 ί
651 5545 812 5624 Joan.
851 5564 889 5614 ι,
924 5549 946 5600 -Ι
975 5517 1129 5618 sqq.~
1168 5552 1188 5581 ⁸
1221 5551 1412 5606 Matth.
1444 5570 1494 5620 v,
1527 5555 1619 5610 45.
1696 5555 1715 5586 ³
1755 5573 1843 5624 rp.
1883 5556 2127 5611 ὑπόνοια.

529 5614 648 5689 γὰρ
677 5617 795 5672 ὂλα.

2209 5558 2230 5591 ⁸
2256 5559 2458 5618 Deesse
2513 5563 2728 5619 videtur
2769 5565 2994 5635 aliquid.
3051 5567 3179 5620 Cor.
3237 5567 3539 5638 ἐπιφέρων.
3574 5567 3647 5619 Τὰ
3677 5565 3773 5618 ἐςὸ.
