3932 6064
210 257 308 312 82!

854 262 1226 323 ADVERSUS
1256 263 1600 324 HERESES
1634 267 1764 325 LIB.
1808 270 1847 324 I.
1890 269 2056 328 TOM.
2097 270 2562 328 [IL—HIERES.
2605 271 2783 326 XLIV.

3354 271 3463 327 89.2

211 376 543 447 corruptelae
595 377 763 448 hujus
818 389 1041 447 nostrae,
1117 382 1614 456 damnationisque,
1670 400 1790 456 quae
1848 386 1999 442 illinc
2047 389 2337 458 sequitur,
2396 389 2612 460 culpam
2657 388 2800 443 Deus
2856 386 3007 442 nullo
3051 386 3213 443 modo
3291 388 3463 442 susti-

213 475 359 525 neat.

250 598 263 611 .
295 564 384 617 Ἐν
408 561 612 616 ἅπασιν
633 556 727 615 οῦν
756 563 850 616 καὶ
876 556 1029 626 οὗτος
1051 565 1459 638 φωραθήσεται,
1496 569 1618 632 ταῖς
1650 567 1788 640 πρό-

1966 565 2336 633 Quamobrem
2393 564 2617 636 ubique;
2639 578 2699 621 se
2718 634 2721 635 ν
2744 564 2936 636 prodet
2959 565 3135 635 ipsum
3185 563 3460 635 prioribus

208 671 369 726 τερον
414 653 510 707 καὶ
558 653 855 724 μετέπειτα
905 654 1335 727 ὲγκαταμιχθεὶς
1381 658 1657 731 αἱρέσεσιν
1679 696 1694 723 ,
1729 659 1793 712 ὲκ

208 745 305 801 τοῦ
354 745 593 817 ἀριθμοῦ
635 744 746 799 τῶν
795 746 895 816 τῆς
929 745 1205 812 ἀπωλείας
1249 749 1453 804 τέκνων
1496 750 1794 822 ύπάρχωνο

209 835 479 907 δηλούσης
502 837 602 907 τῆς
633 835 935 905 Ἀληθείας,
961 837 1175 891 καὶτοῦ
1214 839 1387 908 φωτὸς
1417 839 1513 893 τοῦ
1554 838 1797 910 Εὐαγγε-

210 929 328 983 λίου
358 925 638 997 φωτεινῶς
659 928 757 998 τὴν
781 930 963 982 πᾶσαν
983 930 1309 1001 οἰκουμένην
1324 931 1793 1000 .καταυγάζοντος,

210 1023 307 1076 καὶ
353 1018 620 1083 σώζοντος
657 1020 785 1084 τοὺς
830 1021 981 1084 υἱοὺς
1012 1021 1114 1092 τῆς
1158 1020 1423 1093 ἀληθινῆς
1472 1022 1706 1086 πίστεως
1737 1023 1796 1076 ὲν

213 1109 466 1181 ἀληθεία.
505 1110 593 1173 Ὠς
620 1105 714 1164 οῦν
751 1112 817 1164 ὲκ
846 1112 1114 1183 συντόμου
1154 1112 1359 1166 σκοποῦ
1388 1111 1513 1182 ὅφιν
1544 1112 1795 1184 παρακύ-

211 1200 393 1268 ψαντα
416 1200 504 1254 διά
534 1200 735 1271 μικροῦ
766 1218 914 1265 τινος
951 1202 1181 1266 σκεύους
1212 1202 1512 1267 ἀνελόντες,
1551 1202 1794 1257 θανατω-

212 1292 399 1346 θεῖσαν
430 1290 638 1363 ταύτην
664 1292 1138 1358 καταλελοιπότες,
1174 1293 1270 1348 ἐπὶ
1308 1294 1417 1358 τὰς
1437 1294 1567 1366 ἑξῆς
1602 1294 1795 1366 ἴωμεν,

211 1381 355 1436 κατά
388 1381 490 1453 τὴν
531 1383 861 1452 ἐπαγγελίαν
898 1384 999 1456 τὴν
1031 1384 1126 1438 τοῦ
1157 1383 1294 1438 Θεοῦ
1337 1385 1795 1457 συμπαραλαϐόν-

209 1489 301 1537 τες
345 1471 632 1543 βοήθειαν,
677 1475 758 1537 είς
801 1475 862 1528 τὸ
913 1476 1261 1547 παραστῆσαι
1295 1475 1393 1547 τὴν
1439 1474 1606 1530 αὐτοῦ
1654 1475 1788 1547 ἀλή-

210 1565 383 1619 θειαν.

566 1775 757 1829 ΚΑΤΑ
783 1776 1285 1830 ΔΠΕΛΛΗΙᾹΝΩΝ
1302 1776 1436 1848 (87),

209 1889 475 1959 Εἱκοστὴ
507 1888 777 1958 τετάρτη,
811 1889 849 1957 ή
892 1888 990 1943 καὶ
1024 1890 1484 1961 τεσσαρακοστὴ
1521 1870 1788 1959 τετάρτη.
1822 1918 1865 1974 Β

282 1997 361 2051 A'.
405 1994 606 2050 Τοῦτον
637 1994 728 2049 τὸν
757 1997 1153 2068 προειρημένον
1180 1999 1477 2055 Λουκιανὸν
1496 1999 1794 2071 διαδέχεται

225 2086 489 2157 Ἀπελλῆς
507 2103 520 2117 ο
545 2087 644 2156 οὐχ
666 2089 695 2140 ὁ
721 2085 876 2156 ἆγιος
900 2087 1109 2151 ἐκεῖνος
1135 2091 1163 2142 ὁ
1195 2089 1301 2143 ὑπὸ
1326 2088 1420 2144 τοῦ
1441 2090 1598 2160 ἀγίου
1636 2091 1796 2144 Ἀπο-

212 2178 403 2233 στόλου
445 2179 857 2251 συνιστάμενος,
898 2180 1011 2234 ἀλλ’
1047 2180 1254 2252 ἕτερος,
1290 2182 1350 2246 te
1391 2174 1562 2255 οὗπερ
1603 2182 1795 2236 Ἀπελ-

209 2269 442 2340 ληῖανοὶ,
471 2267 548 2323 ὢν
575 2268 668 2324 καὶ
690 2270 852 2333 αὐτὸς
878 2271 1250 2343 συσχολαστὴς
1278 2270 1444 2324 αὐτοῦ
1471 2270 1793 2337 Λουκιανοῦ,

212 2362 308 2415 καὶ
340 2360 593 2433 μαθητὴς
625 2359 721 2414 τοῦ
765 2362 1169 2435 προειρημένου
1216 2361 1541 2433 Μαρκίωνος
1564 2376 1578 2391 ⁸
1619 2361 1696 2426 ὡς
1733 2364 1797 2415 ἐκ

214 2454 351 2525 μιᾶς
399 2452 557 2524 ῥίζης
599 2451 810 2506 πολλῶν
854 2451 1109 2507 ἀκανθῶν
1149 2452 1563 2524 ὑλομανήσασαι
1619 2468 1797 2523 παρα-

210 2542 436 2613 φυὰδες.
467 2543 671 2614 Ἕτερα
696 2543 753 2596 δὲ
787 2535 943 2606 οὗτος
973 2542 1124 2615 παρὰ
1165 2544 1293 2607 τοὺς
1320 2543 1514 2607 ἄλλους
1548 2543 1797 2614 βούλεται

206 2635 585 2707 δογματίζειν.
629 2636 740 2688 Καὶ
770 2636 912 2690 κατά
962 2635 1062 2706 μὲν
1094 2634 1189 2689 τοῦ
1238 2635 1434 2690 ἑαυτοῦ
1477 2635 1796 2690 διδασκάλου

207 2726 579 2797 ὁπλισάμενος
626 2726 841 2792 ἑαυτὸν,
883 2727 978 2781 καὶ
1009 2725 1151 2780 κατά
1188 2727 1288 2797 τῆς
1315 2726 1600 2799 ἀληθείας,
1632 2729 1713 2792 εἰς
1735 2727 1799 2781 τὸ

214 2818 562 2888 σνναγείρειν
592 2818 771 2889 ἑαυτῷ
805 2819 897 2873 καὶ
932 2818 1096 2884 αὐτὸς
1140 2818 1335 2891 σχολὴν
1366 2820 1799 2892 πεπλανημένων

210 2909 539 2981 ἀνθρώπων,
561 2909 632 2963 τά
654 2908 879 2963 τοιαῦτα
902 2909 1151 2981 βούλεται
1172 2908 1522 2982 δογματίζειν
1538 2927 1552 2941 ⁸
1576 2911 1800 2981 φάσκων

213 3000 339 3072 μὲν,
386 3000 471 3054 ὅτι
499 3000 598 3072 οὐχ
626 3000 820 3065 οὕτως,
851 3002 1006 3072 φησὶ,
1035 3002 1329 3077 γεγένηται
1353 3019 1367 3034 ·
1411 3000 1548 3056 ἀλλὰ
1592 3002 1801 3058 πεπλά-

211 3107 380 3161 νηται
415 3088 682 3161 Μαρκίων
701 3106 717 3121 ·
759 3088 846 3143 ἵνα
886 3089 1224 3161 πανταχόθεν
1271 3091 1450 3163 ἑαυτῷ
1492 3089 1603 3163 (88)
1649 3092 1802 3161 ἐλέγ-

213 3183 393 3263 χουσά
426 3198 487 3235 τε
525 3182 559 3253 ἠ
597 3181 775 3249 ἄνοια,
812 3182 908 3236 καὶ
940 3184 975 3253 ὴ
1013 3181 1215 3253 ἀνομία
1265 3182 1322 3236 ὲν
1366 3184 1534 3255 ἑαυτῇ
1580 3199 1801 3256 συντρι-

1898 674 1964 715 ac
1988 656 2393 729 posterioribus
2434 656 2602 712 sectis
2642 656 3003 728 implicatum,
3040 671 3104 711 ac
3146 670 3255 721 see
3281 655 3459 726 perdi-

1892 750 2060 806 tionis
2112 749 2343 805 filiorum
2394 763 2621 803 numero
2663 762 2784 804 esse
2832 747 3179 811 monstrabit,
3230 761 3353 801 cum
3408 745 3460 799 id

1893 842 2190 897 manifeste
2219 838 2439 896 Veritas
2486 839 2605 909 ipsa
2652 837 2923 905 declaret;
2966 838 3252 907 ipsumque
3280 836 3460 890 lumen

1895 935 2170 1008 Evangelii
2228 943 2401 990 totum
2457 942 2729 988 terrarum
2785 932 2972 987 orbem
3027 945 3129 986 suo
3175 928 3463 1000 splendore

1894 1030 2200 1091 collustret,
2250 1041 2314 1081 ac
2362 1026 2592 1081 sincerae
2632 1023 2913 1095 religionis
2960 1021 3101 1078 ﬁlios
3134 1020 3200 1076 ad
3233 1021 3463 1076 salutem

1896 1119 2164 1178 beneflcio
2198 1116 2448 1173 veritatis
2493 1115 2748 1170 adducat.
2792 1112 3089 1183 Postquam
3146 1112 3309 1181 igitur
3338 1111 3464 1166 bre-

1893 1214 2121 1269 vissimo
2149 1210 2253 1265 illo
2282 1208 2568 1280 proposito
2596 1206 2754 1261 nobis
2787 1205 2855 1259 ad
2887 1204 3275 1273 disputandum
3305 1204 3465 1273 argu—

1895 1310 2081 1359 mento
2115 1314 2388 1356 emersum
2431 1313 2462 1353 e
2507 1296 2733 1352 latebris
2766 1301 3085 1367 serpentem
3098 1293 3242 1349 velut
3272 1292 3467 1362 exiguo

1895 1395 2002 1451 telo
2055 1392 2409 1455 confecimus,
2460 1396 2624 1458 atque
2674 1396 2979 1443 emortuam
3030 1383 3265 1439 baeresin
3318 1382 3467 1436 illam

1892 1483 2239 1554 reliquimus,
2273 1482 2341 1538 ad
2372 1482 2611 1551 reliquas
2640 1478 3079 1550 progrediamur,
3105 1475 3220 1540 Dei,
3246 1481 3303 1530 ut
3325 1487 3469 1543 saepe

1894 1550 2130 1645 professi
2183 1587 2397 1635 sumus,
2453 1550 2743 1641 implorata
2798 1569 2952 1640 prius
2996 1582 3119 1638 ope,
3163 1580 3273 1637 quo
3320 1565 3468 1620 illius

1892 1662 2179 1718 veritatem
2210 1661 2486 1732 explicare
2515 1659 2812 1728 possimus.

2274 1770 2556 1828 CONTRA
2593 1754 3092 1833 APELLEIANOS,

2157 1888 2289 1955 Qua:
2314 1896 2393 1943 est
2418 1888 2634 1942 hwresis
2657 1884 2706 1939 Χ
2712 1884 2761 1939 Χ
2772 1883 2793 1938 ι
2810 1884 2852 1937 γ
2879 1884 2985 1938 sive
3014 1880 3144 1937 XLI
3161 1881 3219 1935 V.

1963 2005 2004 2061 l.
2044 2003 2345 2060 Lucianum
2407 2001 2656 2072 proxime
2712 1999 2963 2070 sequitur
3030 1995 3287 2067 Apelles:
3357 2006 3472 2049 non

1894 2097 1985 2154 ille
2013 2104 2260 2160 sanctus,
2300 2103 2358 2151 et
2384 2095 2454 2150 ab
2483 2092 2744 2164 Apostolo
2769 2089 3229 2156 commendatus;
3265 2085 3361 2143 sed
3392 2085 3473 2140 di-

1893 2204 2090 2245 versus
2134 2187 2204 2243 ab
2240 2185 2576 2256 eoquidam,
2623 2198 2654 2238 a
2700 2198 2810 2253 quo
2849 2180 3155 2252 Apelleiani
3186 2174 3474 2248 cognomi-

1895 2280 2008 2335 nati
2056 2289 2203 2336 sunt.
2247 2277 2348 2333 Hic
2393 2276 2622 2333 Luciani
2669 2274 3105 2345 condiscipulus,
3145 2278 3201 2327 et
3237 2269 3464 2325 Marcio-

1894 2371 1982 2427 nis
2025 2370 2243 2426 auditor
2288 2367 2411 2434 fuit,
2456 2366 2914 2438 quemadmodum
2960 2378 3103 2434 saepe
3156 2362 3234 2427 fit,
3265 2368 3328 2416 ut
3359 2359 3471 2429 spi-

1896 2463 2016 2519 nosi
2062 2460 2291 2516 frutices
2322 2458 2480 2514 multi
2511 2473 2578 2513 ex
2614 2471 2722 2511 una
2752 2455 2939 2511 radice
2981 2453 3325 2508 luxuriantes
3358 2449 3475 2519 pul-

1898 2554 2082 2610 lulent.
2124 2551 2446 2621 Quanquam
2500 2549 2592 2604 ille
2638 2548 2853 2603 diversa
2902 2546 2972 2600 ab
3015 2544 3139 2599 aliis
3188 2538 3474 2612 quamplu-

1896 2646 2037 2702 rima
2060 2644 2272 2701 statuit.
2309 2640 2444 2696 Nam
2475 2648 2530 2696 et
2557 2639 2823 2696 adversus
2852 2637 3172 2708 magistrum
3204 2646 3386 2694 suum,
3419 2638 3476 2683 et

1899 2737 2166 2792 adversus
2246 2732 2530 2789 veritatem
2585 2730 2763 2801 ipsam
2820 2741 3068 2782 armasse
3124 2739 3183 2780 se
3234 2721 3472 2781 videtur.

1901 2843 2012 2901 quo
2048 2827 2104 2883 in
2137 2841 2327 2883 errore
2384 2823 2720 2880 versantium
2757 2820 3039 2875 hominum
3078 2813 3330 2887 privatim
3368 2809 3475 2866 sibi

1900 2923 2020 2993 ipse
2053 2920 2297 2977 scholam
2329 2922 2621 2989 quaereret.
2658 2910 2945 2984 Ejusmodi
2984 2916 3114 2966 sunt
3142 2912 3323 2961 autem
3353 2902 3476 2973 ejus

1900 3011 2175 3081 dogmata.
2229 3005 2402 3078 Negat
2448 3006 2545 3067 ita,
2594 3003 2675 3057 uti
2724 2997 2932 3055 Marcio
2973 2993 3336 3058 deﬂnit,sesc
3360 3000 3476 3043 rem

1900 3100 2148 3166 habere;
2210 3096 2552 3170 proindeque
2592 3095 2746 3148 illum
2804 3089 3064 3161 Opinione
3127 3086 3361 3154 lapsum,
3417 3086 3478 3134 ut

1903 3191 2188 3249 confutata
2217 3204 2315 3260 per
2338 3189 2579 3258 seipsam
2624 3182 2859 3248 insania,
2903 3179 3097 3235 collisa
3130 3189 3314 3231 secum
3346 3186 3479 3227 con¢

215 3274 424 3346 δομένη
462 3276 784 3346 φανήσεται,
811 3274 908 3328 καὶ
944 3273 1067 3328 καθ’
1111 3275 1311 3346 ἑαυτῆς
1350 3275 1450 3347 τὴν
1489 3276 1798 3349 ἀνατροπὴν

1904 3283 2191 3353 fractaque
2246 3279 2499 3335 videatur
2554 3275 2807 3346 impietas
2832 3313 2848 3340 ,
2905 3281 2959 3327 et
2994 3269 3059 3324 ad
3131 3263 3477 3331 semetipsam

218 3364 604 3435 ἐπεγείρουσα,
643 3365 742 3437 τῆς
782 3364 1043 3436 ἀληθείας
1080 3365 1167 3419 ἀεὶ
1212 3366 1431 3438 ἑδραίας
1472 3366 1658 3440 οὔσης.
1708 3368 1798 3422 καὶ

1904 3373 2251 3432 evertendam
2287 3371 2437 3426 velut
2465 3366 2700 3440 quadam
2730 3361 3138 3432 conspiratione
3165 3356 3482 3413 concitata:

224 3456 303 3526 μὴ
353 3455 545 3527 χρείαν
594 3455 827 3525 ἐχούσης
876 3455 1157 3526 βοηθείας,
1209 3456 1346 3510 ἀλλά
1402 3456 1798 3512 αὐτοσυστάτου

1904 3476 2028 3518 cum
2054 3459 2271 3517 interim
2310 3459 2514 3514 veritas
2564 3454 2782 3511 stabilis
2824 3461 2880 3508 et.
2943 3450 3098 3505 firma
3142 3450 3487 3517 permaneat,

216 3546 412 3618 οῦσης,
436 3546 531 3599 καὶ
558 3546 711 3618 παρά
740 3544 861 3617 Θεῷ
894 3545 972 3617 τῷ
1000 3545 1170 3610 ὅντως
1196 3546 1284 3600 ἀεὶ
1313 3546 1728 3618 συνισταμένης.

291 3811 499 3865 Φάσκει
536 3807 665 3878 γοῦν
692 3802 845 3871 οὗτος
892 3809 920 3861 ὁ
972 3806 1365 3878 προειρημένος
1406 3804 1667 3877 Ἀπελλῆς
1710 3806 1806 3859 καὶ

218 3908 272 3960 οἱ
304 3906 402 3960 ἀπ’
431 3901 595 3958 αὐτοῦ
615 3943 631 3969 ,
661 3902 743 3956 ὅτι
771 3902 870 3955 οὐκ
898 3901 1005 3954 είσὶ
1033 3904 1181 3967 τρεῖς
1207 3900 1400 3971 ἀρχαὶ,
1435 3898 1559 3952 οὔτε
1587 3896 1701 3964 δύο,
1731 3896 1805 3962 ὡς

217 4000 339 4060 τοῖς
388 3995 517 4066 περὶ
549 3994 845 4048 Λουκιανὸν
880 3993 975 4047 καὶ
1022 3990 1329 4065 Μαρκίωνα
1380 3988 1576 4055 ἔδοξεν.
1624 3988 1804 4053 Ἀλλὰ,

220 4087 424 4159 φησιν,
458 4079 537 4149 εἷς
588 4085 736 4137 ἐστιν
765 4082 969 4152 ἀγαθὸς
1020 4081 1186 4146 Θεὸς,
1218 4080 1311 4135 κα)⁸
1345 4079 1443 4153 μία
1488 4081 1661 4152 ἀρχὴ,
1714 4081 1811 4146 καὶζ

227 4181 329 4252 μία
360 4178 589 4248 δύναμις
625 4175 1086 4247 ἀκατονόμαστος.
1117 4168 1191 4245 ’ᾯ
1218 4172 1299 4226 ὲνὶ
1324 4172 1442 4244 Θεῷ
1461 4212 1474 4234 ,
1505 4174 1672 4244 ἤγουν
1710 4174 1809 4245 μιᾷ

226 4274 374 4343 ἀρχῇ
396 4310 411 4336 ,
445 4269 596 4323 οὐδὲν
640 4267 944 4339 μεμέληται
982 4264 1090 4319 τῶν
1121 4263 1355 4318 ἐνταῦθα
1403 4266 1459 4318 ὲν
1514 4264 1592 4335 τῷ
1620 4265 1810 4337 κόσμῳ

225 4364 408 4434 τούτῳ
433 4360 832 4432 γεγενημένων.
882 4357 1041 4411 Ἀλλά
1074 4358 1103 4410 ὁ
1142 4356 1304 4421 αὐτὸς
1355 4355 1509 4425 ἅγιος
1536 4356 1668 4421 Θεὸς
1715 4357 1811 4410 καὶ

223 4450 435 4520 ἀγαθὸς
456 4491 473 4514 ,
506 4452 535 4503 ὁ
567 4448 775 4505 ἀνωθεν
803 4447 935 4512 Θεὸς
983 4448 1078 4501 καὶ
1114 4446 1318 4516 ἀγαθὸς
1345 4486 1361 4509 ,
1407 4445 1661 4518 ἐποίησεν
1715 4446 1809 4500 ἕνα

222 4541 573 4598 ἀλλονὉεόν.
626 4541 684 4593 '0
712 4540 769 4592 δὲ
805 4539 1093 4610 γενόμενος
1145 4536 1303 4602 ἄλλος
1333 4536 1465 4602 Θεὸς
1506 4536 1687 4590 ἔκτισε
1741 4536 1812 4590 τὰ

224 4635 440 4698 πάντα,
476 4631 705 4703 οὐρανὸν
730 4672 746 4697 ,
798 4631 893 4684 καὶ
945 4630 1078 4702 γῆν,
1126 4629 1221 4682 καὶ
1264 4629 1443 4683 πάντα
1498 4628 1567 4682 τὰ
1616 4629 1674 4680 ὲν
1733 4626 1810 4698 τῷ

224 4726 439 4795 κόσμῳ.
489 4721 693 4793 Ἀπέδη
727 4721 785 4774 δὲ
834 4720 934 4773 οὐκ
965 4719 1208 4788 ἀγαθὸς,
1258 4718 1351 4772 καὶ
1401 4717 1471 4772 τὰ
1518 4719 1609 4771 ὑπ’
1644 4717 1809 4772 αὐτοῦ

224 4815 530 4886 γενόμενα,
574 4810 739 4882 φησὶν
768 4851 783 4873 ,
824 4811 923 4864 οὐκ
975 4808 1194 4879 ἀγαθῶς
1252 4806 1619 4879 εἰργασμένα·
1676 4807 1814 4862 ἀλλὰ

223 4908 377 4964 κατὰ
404 4907 502 4979 τὴν
523 4905 687 4960 αὑτοῦ
732 4903 941 4975 φαύλην
988 4904 1229 4958 διάνοιαν
1276 4901 1345 4956 τὰ
1376 4904 1469 4957 ὕπ’
1515 4902 1679 4956 αὐτοῦ
1724 4902 1813 4956 ἐκ·

1904 3567 2009 3609 nec
2054 3551 2262 3606 auxilio
2315 3548 2645 3618 cujusquam
2695 3542 2975 3614 indigeat;
3032 3546 3218 3609 utpote
3240 3549 3361 3604 quae
3386 3544 3482 3603 per.

1907 3657 2030 3698 sese
2062 3639 2363 3703 cohareat,
2394 3646 2447 3693 et
2479 3634 2622 3706 apud
2655 3633 2846 3700 Deum,
2901 3631 2997 3701 qui
3041 3641 3230 3685 revera
3274 3623 3480 3693 sempi-

1905 3739 2099 3787 ternus
2124 3738 2230 3794 est,
2263 3735 2527 3799 perpetuo
2555 3725 2845 3780 consistat.

1977 3818 2140 3890 381
2190 3816 2359 3887 igitur
2391 3813 2629 3884 Apelles,
2701 3810 2932 3878 ejusque
2978 3805 3151 3861 factio
3188 3801 3367 3857 omnis
3405 3800 3481 3853 ita

1908 3912 2075 3966 sentit
2105 3927 2119 3964 :
2151 3908 2271 3963 Non
2327 3921 2451 3961 esse
2499 3902 2768 3974 principia
2827 3900 2955 3963 tria,
3011 3912 3186 3968 neque
3236 3894 3365 3955 duo,
3424 3898 3483 3945 ut

1908 4000 2154 4056 Luciano
2217 4012 2281 4053 ac
2343 3994 2605 4050 Marciani
2662 3991 2908 4057 videtur,
2972 3988 3067 4045 sed
3125 3998 3296 4040 unum
3357 3995 3482 4035 esse

1912 4095 2116 4151 bonum
2159 4089 2351 4156 Deum,
2405 4100 2681 4156 unumque
2718 4081 3071 4156 principium,
3117 4092 3182 4132 ac
3224 4075 3486 4129 virtutem

1910 4201 2075 4243 unam
2113 4181 2353 4241 nominis
2392 4185 2690 4250 expertem.
2728 4175 2832 4244 Qui
2868 4174 3088 4245 quidem
3135 4168 3279 4223 Deus
3320 4179 3484 4226 unus,
3600 4236 3623 4245 ἢ

1911 4291 2190 4351 unumque
2242 4272 2570 4344 principium
2621 4269 2825 4324 nullam
2874 4280 3062 4321 eorum
3110 4276 3231 4333 qua":
3279 4258 3334 4313 in
3381 4256 3487 4311 hoc

1912 4348 2116 4426 mundo
2163 4371 2429 4439 geruntur
2480 4375 2667 4417 curam
2722 4357 2975 4428 suscipit.
3029 4355 3298 4410 Caeterum
3343 4348 3485 4405 idem

1914 4463 2004 4517 ille
2033 4467 2283 4522 sanctus,
2317 4458 2604 4525 bonusque
2627 4452 2791 4517 Deus,
2831 4450 2926 4522 qui
2966 4464 2996 4502 a
3035 4445 3306 4519 principio
3346 4441 3488 4496 Deus

1912 4560 2018 4620 est,
2070 4566 2135 4607 ac
2166 4551 2367 4612 bonus,
2398 4546 2564 4601 alium
2605 4543 2863 4615 produxit
2898 4540 3087 4597 Deum.
3120 4538 3201 4593 Ah
3239 4537 3341 4590 hoc
3374 4531 3489 4587 uni-

1917 4658 2074 4699 versa
2098 4640 2318 4698 condita
2352 4645 2502 4702 sunt,
2526 4637 2726 4692 caelum
2756 4634 3009 4689 videlicet
3030 4647 3095 4685 ac
3124 4636 3290 4690 terra,
3322 4632 3486 4678 caate-

1916 4751 2086 4807 raque
2113 4749 2235 4805 quae
2260 4732 2316 4787 in
2341 4732 2445 4787 hoc
2467 4727 2670 4783 mundo
2691 4728 2965 4782 cernimus
2987 4767 3002 4790 ,
3031 4722 3124 4780 sed
3159 4721 3245 4775 hic
3263 4716 3487 4773 minime

1918 4828 2097 4883 bonus
2126 4825 2320 4889 evasit,
2347 4823 2576 4892 ejusque
2603 4834 2768 4890 opera
2798 4818 2980 4872 omnia
3012 4830 3121 4869 non
3157 4814 3294 4866 bene
3324 4808 3488 4869 facta,

1921 4934 1984 4976 ac
2010 4933 2109 4989 pro
2139 4918 2280 4972 mala
2306 4916 2454 4970 illius
2481 4921 2660 4968 mente
2681 4917 2809 4965 sunt
2839 4909 2909 4963 ab
2940 4907 3035 4962 illo
3063 4906 3344 4961 fabricata.

225 5016 434 5054 τισται.

304 5095 382 5147 B’.
418 5091 514 5155 Τίς
542 5091 597 5144 δὲ
645 5089 893 5154 ἀνέξεται
938 5088 1045 5143 τῶν
1074 5086 1329 5141 τοιούτων
1373 5085 1545 5151 λόγων
1569 5126 1584 5151 ,
1634 5084 1728 5139 καὶ
1753 5084 1798 5139 οἰ

1991 5076 2055 5133 li.
2081 5075 2283 5132 Verum
2307 5075 2431 5146 quis
2457 5072 2547 5127 illa
2574 5071 2826 5142 dogmata
2857 5066 3125 5139 patienter
3156 5061 3360 5122 audiat,
3394 5073 3493 5113 nec

233 5184 440 5258 μᾶλλον
484 5180 876 5249 καταγελάσειε
929 5180 1027 5251 τῆς
1078 5177 1333 5245 τοιαύτης
1389 5173 1780 5245 ματαιοπονίας

1924 5168 2194 5225 insaniam
2217 5166 2362 5220 illam
2395 5165 2578 5235 potius
2599 5170 2653 5218 et
2676 5159 2967 5215 amentiam
2990 5153 3244 5210 irrideat?
3272 5150 3492 5205 Duobus

230 5244 397 5329 ίίατά
428 5272 536 5343 γὰρ
585 5244 679 5323 δύο
721 5268 953 5342 τρόπους
984 5244 1352 5339 ἐὑρεθήσεται
1392 5244 1499 5335 οὐχ
1543 5263 1798 5334 ἁρμοδίως

1922 5261 2123 5332 quippe
2151 5256 2324 5312 modis
2354 5256 2455 5310 hac
2483 5254 2701 5327 quidem
2736 5253 2790 5306 in
2829 5247 3084 5319 opinione
3112 5244 3335 5300 minime
3361 5258 3495 5297 cun-

232 5336 533 5438 ﬁpétrmv',
569 5336 848 5433 χρώμενός
899 5363 965 5432 τῇ
1011 5336 1232 5427 τοιαύτῃ
1286 5355 1529 5425 ὑπονοίᾳ.
1568 5354 1679 5408 Καὶ
1729 5353 1798 5407 διέ

1923 5359 2181 5407 sentanca
2213 5345 2427 5401 videtur
2448 5360 2713 5400 asserere.
2743 5340 2927 5411 Itaque
2956 5338 3036 5393 sic
3065 5336 3213 5391 illum
3237 5343 3494 5406 tanquam
3538 5356 3545 5359 ·

308 5522 423 5588 (87)
476 5514 937 5588 Ἀπενῑλητανῶν.
992 5514 1068 5588 De
1121 5512 1305 5581 Apelle
1370 5508 1811 5588 meminit_inter
1919 5505 2251 5584 Novatianos
2280 5507 2548 5556 recenset.
2598 5497 2725 5570 ch.
2771 5495 3101 5566 Apelleianos
3166 5508 3264 5564 pro
3293 5487 3504 5561 .lpoili-

236 5577 377 5647 alios
402 5577 678 5644 i’acianns
708 5577 865 5654 epist.
904 5587 955 5647 Ι,
976 5583 1135 5650 cujus
1169 5577 1223 5654 et
1254 5579 1609 5654 corrigendns
1638 5578 1808 5647 locus,
1921 5577 2146 5654 uarices.

314 5628 440 5733 ἰἷυο
470 5628 846 5714 Μιιτοιοιιίἶιιε,
890 5628 1306 5725 Apollinaricos,
1340 5628 1798 5721 Cautaphrygas,ei

1922 5628 2103 5718 "77(88)
2136 5628 2267 5698 ’Ἵνα
2297 5642 2670 5711 πανταχόθεν
2699 5636 2905 5705 ἐαυτῷ.
2950 5634 3085 5704 Lege
3116 5628 3349 5700 ἑαυτήν..
