3932 6064
508 224 614 280 8'23

1919 221 1982 278 S.
2027 219 2372 278 ΕΡΙΡΗΔΝΙΙ

3676 215 3794 272 824

508 347 834 408 praesentem
867 333 1141 406 alloquar:
1172 333 1268 390 Dic
1295 331 1454 398 mibi,
1487 333 1670 400 sodes,
1702 333 1939 404 Apelles.
1975 333 2083 390 Hoc

2193 331 2350 386 τοῦτο
2381 331 2518 404 πρὸς
2546 330 2707 386 αὑτὸν
2733 328 2808 394 ὡς
2837 328 2975 400 πρὸς
3019 326 3261 402 παρόντα
3304 326 3418 399 ἐρῶ
3439 344 3454 358 ο
3485 327 3634 397 Λέγε
3669 347 3795 400 μοι,

508 427 655 482 enim
688 425 865 489 dabis,
893 427 1114 495 opinor:
1148 429 1242 477 aut
1271 421 1426 476 illum
1455 437 1772 492 supremum
1802 421 1969 478 Deum
1999 423 2086 478 fu-

510 524 632 568 tura
659 514 1012 577 nescientem,
1057 513 1201 566 hunc
1239 525 1401 582 quem
1445 510 1585 568 dicis
1622 526 1786 582 Opera
1817 528 1918 568 sua
1945 513 2086 569 male

509 601 829 669 fabricasse,
875 599 1148 657 effinxisse
1198 599 1408 669 Deum;
1451 608 1546 657 aut
1593 617 1718 658 cum
1765 603 1925 659 talem
1969 603 2087 660 fore

506 703 882 766 cognosceret,
914 693 1036 751 ideo
1065 693 1411 766 produxisse,
1445 704 1506 752 ut
1534 711 1724 753 eorum
1759 705 1905 754 esset
1936 696 2085 768 ipso-

507 802 628 841 rum
654 801 843 853 causa,
874 801 996 857 quae
1024 787 1166 843 male
1196 796 1385 859 postea
1411 787 1676 842 condidit.
1704 786 1781 842 Ex
1811 802 1921 859 quo
1947 803 2083 844 con-

507 892 744 948 sequens
773 885 879 943 est,
915 893 1234 949 supremum
1275 879 1426 934 illum
1467 878 1636 935 Deum
1671 879 1830 950 plane
1860 880 2085 936 Creato-

506 984 620 1026 rem
647 984 790 1038 esse,
817 970 912 1040 qui
942 985 1110 1026 unum
1141 971 1292 1026 illum
1322 971 1644 1042 procrearit,
1669 986 1700 1025 a
1732 986 1842 1039 quo
1867 971 2083 1028 condita

507 1070 638 1117 sunt
676 1063 880 1118 omnia.
919 1063 1101 1129 Quare
1135 1077 1302 1118 causa
1339 1063 1444 1118 erit
1475 1061 1639 1118 etiam
1680 1063 1805 1131 ille;
1848 1078 1955 1120 non
1989 1065 2082 1136 qui

506 1167 596 1209 res
619 1161 830 1208 creatas
851 1153 1043 1216 edidit,
1063 1152 1157 1209 sed
1181 1168 1428 1210 summus
1445 1153 1560 1223 ipse
1580 1151 1854 1211 Creatoris
1871 1163 2083 1223 auctor,

505 1241 600 1314 qui
637 1242 707 1300 sit
734 1243 1113 1298 universorum
1143 1240 1344 1311 opifex.

577 1415 691 1472 Hoc
729 1433 858 1473 vero
887 1417 1112 1488 insuper
1141 1415 1398 1482 affirmas,
1429 1419 1723 1490 postremis
1750 1421 2086 1491 temporibus

506 1510 750 1568 adfuisse
786 1511 1092 1575 Christum,
1134 1512 1375 1582 supremi
1423 1512 1682 1568 nimirum
1727 1527 1791 1568 ac
1834 1513 1962 1568 boni
1991 1513 2084 1570 Dei

505 1602 725 1665 Filium,
746 1603 974 1672 ejusque
998 1600 1260 1671 Spiritum
1286 1610 1560 1666 sanctum,
1581 1602 1647 1658 ad
1671 1617 1860 1658 eorum
1891 1603 2086 1658 simili-

2187 418 2233 477 ὦ
2269 419 2440 488 οὗτος.
2476 423 2677 486 Δώσεις
2712 422 2850 494 γὰρ,
2887 417 2933 475 ὦ
2967 419 3226 490 Ἀπελλῆ,
3259 420 3294 491 ἢ
3317 418 3411 472 τὸν
3430 419 3570 472 Θεὸν
3602 421 3797 488 ἀγνω-

2187 525 2313 568 στον
2349 513 2457 567 τῶν
2508 512 2811 584 μελλόντων
2856 509 3196 582 πεποιηκότα
3223 509 3359 563 Θεδν
3383 548 3398 573 ,
3447 509 3508 562 δν
3544 510 3793 579 φάσκεις

2185 605 2256 659 τά
2291 606 2568 678 ποιήματα
2619 605 2798 668 καλῶς
2840 604 2858 634 ί
2886 603 3446 674 δεδημιουργηκέναιο
3505 603 3541 674 ἢ
3585 621 3795 675 προγι-

2186 691 2462 748 νώσκοντα
2491 694 2590 766 μὲν
2608 733 2624 759 ,
2675 695 2756 747 ὅτι
2785 692 3024 756 τοιοῦτος
3067 693 3096 744 6
3122 693 3214 745 ὑπ’
3257 691 3424 745 αὑτοῦ
3453 687 3808 762 κτιζόμενεξ

2185 785 2318 850 Θεὸς
2347 787 2527 859 ἀπέϐη
2555 786 2744 840 τούτου
2769 784 2931 856 χάριν
2958 781 3121 837 αὑτὸν
3148 781 3535 854 πεποιηκέναι,
3574 785 3667 838 ἵνα
3699 787 3788 838 αῖ⁶

2185 894 2297 941 τιος
2334 877 2560 949 γένηται
2614 876 2726 931 τῶν
2754 876 2940 940 κακῶς
2972 875 3062 928 ὑπ’
3101 874 3266 928 αὐτοῦ
3297 874 3786 947 δεδημιουργημέο

2185 986 2311 1024 νων.
2364 970 2474 1024 Καὶ
2519 969 2672 1023 ἔσται
2723 967 3022 1035 ἐξάπαντος
3072 967 3100 1018 6
3150 967 3262 1021 ἀνω
3299 965 3433 1028 Θεὸς
3478 965 3647 1030 αὑτὸς
3677 971 3785 1038 Aq-

2189 1061 2447 1135 μιουργός
2467 1103 2482 1126 ,
2516 1061 2749 1134 ποιήσας
2776 1061 2867 1114 τὸν
2912 1060 3008 1113 ἕνα
3039 1057 3130 1112 τὸν
3173 1058 3244 1112 τὰ
3272 1058 3450 1112 πάντα
3477 1059 3784 1128 πεποιηκό-

2183 1173 2254 1209 τα
2278 1172 2292 1186 ’
2324 1155 2418 1208 καὶ
2442 1153 2594 1206 ἐσται
2621 1152 2805 1206 οὐκέτι
2827 1151 2998 1215 αἴτιος
3019 1152 3048 1204 ό
3074 1150 3174 1212 τὰς
3197 1149 3406 1212 κτίσεις
3429 1149 3777 1219 πεποιηκὼς,

2186 1246 2321 1301 ἀλλά
2345 1249 2372 1300 6
2403 1246 2516 1302 ἀνω
2546 1245 2678 1309 Θεὸς
2711 1247 2739 1299 ό
2764 1245 2855 1299 τὸν
2881 1243 3123 1298 Κτίσττκν
3158 1243 3410 1314 ποιήσας.
3433 1243 3531 1295 καὶ
3564 1242 3642 1296 ὢν
3679 1243 3781 1296 αὑ-

2185 1339 2277 1402 16;
2302 1337 2412 1392 τῶν
2435 1338 2652 1392 πάντων
2681 1335 3033 1407 δημιουργός.

2257 1428 2492 1500 Χριστὸν
2537 1428 2596 1481 δέ
2631 1429 2788 1498 ἥκειν
2822 1425 2929 1497 φῂς
2983 1423 3071 1479 ἐπ’
3110 1423 3354 1494 ἐσχάτων
3403 1422 3516 1477 τῶν
3546 1424 3778 1494 καιρῶν,

2188 1519 2302 1574 υίδν
2331 1519 2460 1574 δντα
2489 1517 2583 1573 τοῦ
2615 1519 2726 1573 ἀνω
2769 1517 2975 1587 ἀγαθοῦ
3011 1517 3176 1578 Θεοῦ,
3208 1515 3303 1570 καὶ
3330 1513 3392 1569 16
3418 1515 3577 1582 ἀγιον
3609 1513 3777 1568 αὑτοῦ

2188 1607 2413 1679 Πνεῦμα
2437 1605 2698 1670 ὡσαύτως
2730 1607 2823 1659 ἐπὶ
2848 1605 3092 1677 σωτηρίᾳ
3122 1604 3232 1658 τῶν
3260 1605 3339 1668 είς
3373 1602 3582 1672 γνῶσιν
3608 1604 3776 1658 αὑτοῦ

504 1706 590 1753 ter
636 1699 888 1763 salutem,
938 1696 1148 1768 qui.ad
1198 1697 1372 1768 ipsius
1425 1697 1675 1752 notitiam
1716 1699 2083 1766 pervenirent.

2191 1699 2500 1772 ἐρχομένων
2519 1717 2532 1730 ο
2563 1701 2658 1754 κα)⁵
2692 1699 2915 1753 ἐλθόντα
2942 1699 3003 1752 ού
3024 1697 3246 1768 δοκήσει
3271 1696 3603 1767 πεφηνέναι,
3640 1697 3777 1749 ἀλλά

384 1811 390 1814 -
505 1785 768 1843 Eumdem
801 1801 966 1858 porro
994 1801 1104 1842 non
1138 1785 1320 1856 specie
1348 1786 1668 1856 apparuisse
1701 1786 1846 1848 sola,
1879 1787 1974 1842 sed
2008 1802 2086 1842 re-

506 1893 637 1934 vera
667 1894 885 1934 carncm
921 1878 1222 1950 sumpsisse
1251 1897 1263 1933 :
1295 1893 1404 1933 non
1436 1877 1504 1933 de
1535 1878 1701 1932 Maria
1743 1885 1925 1933 tamen
1965 1878 2084 1934 Vir-

505 1973 634 2041 gine
681 1972 830 2026 illam
869 1971 1246 2043 expressisse,
1275 1970 1370 2027 sed
1407 1971 1620 2027 tametsi
1657 1984 1780 2026 vera
1816 1985 1984 2028 carne
2021 1986 2086 2028 ac

506 2074 736 2132 corpore
757 2069 900 2118 esset
931 2061 1210 2132 praeditus,
1241 2075 1418 2132 neque
1444 2076 1508 2116 ex
1541 2061 1683 2115 virili
1720 2061 1960 2124 semine,
1990 2076 2086 2117 ne-

506 2168 615 2223 que
664 2168 730 2208 ex
777 2153 1006 2208 muliere
1057 2153 1270 2225 virgine
1307 2154 1411 2209 sibi
1459 2154 1594 2210 illud
1643 2154 1940 2222 ascivisse;
1989 2155 2085 2210 sed

505 2257 690 2298 veram
721 2241 940 2298 aliunde
973 2256 1198 2298 carnem
1233 2241 1336 2297 sibi
1378 2255 1749 2311 comparasse.
1779 2239 1936 2308 Quod
1972 2241 2087 2311 qui-

504 2334 627 2389 dent
654 2332 799 2388 hunc
837 2332 893 2387 in
925 2331 1147 2388 modum
1177 2331 1431 2404 explicat.
1461 2332 1621 2398 Cum,
1655 2332 1851 2402 inquit,
1885 2345 1916 2386 e
1946 2330 2087 2386 cmlo

504 2425 763 2495 delapsus
799 2432 946 2480 esset
992 2424 1048 2478 in
1091 2430 1317 2489 terram,
1361 2437 1562 2494 corpus
1609 2423 1712 2480 sibi
1751 2431 1987 2494 quatuor
2017 2438 2084 2478 ex

505 2517 791 2572 elementis
819 2515 1045 2572 eliinxit.
1083 2515 1284 2572 Verum
1320 2533 1504 2571 nonne
1542 2516 1608 2570 ad
1645 2515 1697 2571 id
1735 2517 1896 2572 etiam
1941 2515 2088 2570 festi-

506 2623 641 2663 nare
674 2608 888 2664 videtur
915 2608 1040 2672 iste,
1074 2617 1135 2663 ut
1167 2607 1333 2677 impia
1365 2607 1528 2678 382
1561 2607 1683 2678 ejus
1714 2606 2086 2674 scelerataque

505 2703 776 2757 sententia
822 2701 890 2756 ad
931 2709 1172 2758 veterum
1209 2707 1492 2770 poetarum
1532 2699 1840 2755 Graecorum
1873 2696 2085 2752 somnia

505 2805 571 2845 ac
605 2807 780 2863 nugas
824 2789 1149 2847 ascribenda
1190 2788 1478 2844 videatur?
1508 2787 1710 2842 Eadem
1743 2787 1888 2842 enim
1926 2787 2087 2856 plane

506 2897 633 2938 cum
672 2883 802 2944 illis,
832 2895 897 2936 ac
928 2881 1105 2952 magis
1131 2879 1296 2936 etiam
1330 2879 1562 2936 ridicula
1593 2880 1865 2950 proponit,
1920 2877 2084 2934 Chri-

507 2979 651 3029 stum
685 2972 1008 3044 sibimetipsi
1068 2971 1370 3028 fabricasse
1424 2984 1645 3040 corpus.
1715 2970 1791 3025 lta
1847 2985 1880 3026 θ
1935 2970 2085 3027 sicco

508 3067 718 3121 siccum
760 3065 1053 3136 expressit,
1100 3080 1133 3121 e
1180 3065 1363 3120 calore
1403 3064 1662 3128 calidum,
1692 3063 1974 3120 humidum
2017 3080 2083 3120 ex

508 3156 757 3221 tumore,
803 3171 835 3211 e
893 3154 1094 3226 frigore
1158 3154 1436 3226 frigidum.
1495 3153 1539 3210 Ε
1573 3154 1776 3226 quibus
1829 3154 2086 3210 omnibus

509 3247 745 3303 formato
787 3247 892 3306 sibi
934 3261 1183 3318 corpore,
1230 3261 1356 3302 vere
1398 3247 1452 3301 in
1500 3255 1645 3302 terra
1683 3247 1836 3303 visus
1868 3255 1974 3311 est,
2021 3261 2086 3302 ac

507 3339 816 3395 i‘mlestium
850 3353 1033 3394 rerum
1060 3337 1221 3393 nobis
1252 3337 1536 3392 scientiam
1579 3338 1914 3408 importavit,
1945 3347 2005 3393 ut
2033 3347 2087 3394 et

506 3429 862 3485 Conditorem
918 3443 1364 3500 aspernaremur,
1418 3437 1472 3483 et
1519 3427 1640 3498 ejus
1689 3427 2086 3500 abnegaremus

507 3536 674 3590 opera
699 3564 714 3589 ,
752 3521 828 3575 ita
858 3530 916 3576 ut
947 3521 1106 3578 nobis
1134 3521 1267 3576 illud
1303 3520 1590 3586 indicaret,
1623 3535 1870 3591 quaenam
1900 3521 1957 3577 in
1993 3537 2085 3578 sa-

509 3613 622 3668 cris
648 3611 868 3669 Litteris
908 3615 992 3669 vel
1035 3628 1096 3670 se
1138 3613 1260 3685 ipso
1305 3613 1653 3683 pronuntiata
1697 3613 1894 3678 forent,
1937 3615 2020 3670 vel
2055 3631 2084 3670 a

508 3705 806 3762 Conditore
827 3709 1060 3776 prolata.
1085 3705 1176 3762 Sic
1197 3705 1366 3772 enim,
1390 3705 1485 3770 ait,
1515 3705 1570 3760 in
1598 3704 1890 3778 Evangelio
1911 3707 2080 3762 dixit:

511 3797 697 3853 Estote
732 3799 882 3870 probi
923 3798 1234 3870 argentarii.
1265 3796 1452 3863 Utere,
1483 3797 1684 3870 inquit,
1712 3799 1991 3864 omnibus,
2017 3817 2083 3857 ex

511 3890 796 3963 Scriptura
829 3891 1022 3961 quavis
1055 3890 1209 3945 utilia
1250 3890 1507 3961 seligens.
1546 3889 1770 3956 Deinde,
1808 3891 2084 3961 Christus,

508 3986 605 4051 ait,
623 3982 975 4053 semetipsum
999 3982 1055 4037 in
1077 3996 1308 4053 corpore
1334 3983 1402 4037 ad
1423 3980 1739 4052 patiendum
1757 3983 2084 4056 supplicium

508 4075 728 4141 obtulit,
773 4090 837 4130 ac
889 4090 1076 4132 revera
1121 4075 1177 4129 in
1227 4089 1392 4130 cruce
1441 4073 1668 4130 sufﬁxus
1710 4082 1816 4141 est,
1857 4091 2088 4148 eamque

509 4171 683 4240 ipsam
707 4183 926 4225 carnem
954 4167 1239 4239 discipulis
1271 4166 1528 4224 ostendit.
1560 4165 1755 4223 Postea
1793 4167 2084 4225 humanam

509 4263 657 4316 illam
694 4276 856 4332 quam
893 4269 1203 4334 sumpserat
1235 4269 1484 4336 naturam
1529 4261 1827 4326 resolvens,
1863 4263 2080 4318 unicui-

2189 1791 2246 1843 ἐν
2272 1789 2498 1861 ἀληθείᾳ
2527 1789 2705 1860 σάρκα
2749 1788 3030 1858 εἰληφέναι
3060 1828 3074 1851 ,
3113 1788 3212 1841 οὑκ
3258 1786 3366 1840 ἀπὸ
3401 1785 3628 1856 Μαρίας
3677 1785 3777 1854 τῆς

2188 1880 2466 1953 Παρθένου
2487 1921 2502 1945 ,
2532 1881 2669 1935 ἀλλά
2703 1879 2964 1951 ἀληθινὴν
2998 1880 3096 1950 μὲν
3140 1878 3434 1949 ἐσχηκέναι
3463 1877 3565 1948 τὴν
3598 1877 3777 1948 σάρκα

2188 1973 2282 2026 καὶ
2313 1973 2470 2044 σῶμα
2498 2013 2513 2037 ,
2560 1971 2684 2026 οὕτε
2717 1971 2823 2027 ἀπὸ
2872 1971 3184 2043 σπέρματος
3232 1969 3426 2040 ἀνδρὸς
3451 2010 3467 2034 ,
3507 1968 3635 2022 οὒτε
3671 1969 3776 2021 ἀπὸ

2186 2064 2446 2133 γυναικὸς
2475 2063 2748 2136 παρθένου
2776 2079 2791 2094 ο
2833 2062 2948 2117 ἀλλ’
2981 2062 3107 2134 ἔσχε
3142 2061 3241 2133 μὲν
3289 2059 3469 2128 σάρκα
3513 2058 3775 2131 ἀληθινὴν

2187 2155 2361 2227 τούτῳ
2393 2153 2471 2226 τῷ
2511 2155 2714 2226 τρόπῳ.
2747 2154 2856 2208 Καί
2889 2169 3089 2224 φησιν’
3129 2155 3220 2206 Ἐν
3260 2152 3337 2224 τῷ
3370 2151 3634 2224 ἔρχεσθαι
3670 2151 3776 2205 ἀπὸ

2184 2245 2296 2299 τῶν
2320 2244 2680 2316 ἐπουρανίων,
2713 2239 2876 2316 ἦλθεν
2919 2247 3000 2308 είς
3027 2243 3127 2316 τὴν
3160 2242 3265 2313 γῆν
3290 2281 3305 2306 ,
3344 2244 3440 2296 καὶ
3466 2243 3776 2312 συνήγαγεν

2187 2335 2363 2408 ἐαυτῷ
2389 2335 2496 2392 ἀπὸ
2527 2335 2638 2390 τῶν
2666 2337 2946 2407 τεσσάρων
2979 2334 3258 2406 στοιχείων
3303 2333 3484 2404 σῶμα.
3517 2335 3632 2387 Καὶ
3661 2333 3774 2396 πῶς

2187 2429 2282 2482 καὶ
2308 2423 2461 2493 οὗτος
2487 2429 2588 2483 οὑκ
2621 2428 2900 2497 ἐπείγεται
2932 2429 3012 2491 είς
3036 2426 3098 2480 τὸ
3135 2425 3456 2498 φωραθῆναι
3486 2424 3654 2478 αὑτοῦ
3675 2425 3773 2495 τὴν

2187 2521 2418 2592 ἀνομίαν
2463 2519 2864 2575 ἀκολουθοῦσαν
2900 2522 3020 2583 ταῖς
3059 2518 3168 2572 τῶν
3211 2517 3458 2570 παλαιῶν
3506 2517 3772 2587 Ἐλλήνων

2189 2611 2428 2683 ποιητῶν
2455 2611 2583 2684 περὶ
2615 2612 2714 2683 τῆς
2739 2611 3070 2680 κενοφωνίας
3100 2608 3303 2677 ταύτης
3328 2608 3510 2675 δόξαις
3532 2625 3547 2673 ;
3573 2608 3773 2661 Φάσκει

2187 2704 2296 2774 γὰρ
2329 2703 2422 2757 καὶ
2453 2697 2610 2767 οὗτος
2636 2702 2713 2766 ὡς
2753 2704 2983 2770 ἐκεῖνοι,
3018 2702 3110 2755 καὶ
3142 2699 3223 2753 ἔτι
3263 2699 3618 2772 ψυχροτέρους
3645 2701 3773 2771 παρ’

2186 2793 2427 2858 ἐκείνους
2453 2793 2627 2863 λέγων
2653 2794 2744 2846 τὸν
2779 2793 3008 2864 Σωτῆρα
3041 2791 3219 2863 ἐαυτῷ
3265 2792 3682 2861 ὑποστήσασθαι
3718 2792 3774 2843 16

2189 2883 2367 2955 σῶμα.
2408 2885 2540 2938 Ἀπὸ
2584 2882 2694 2956 γὰρ
2731 2881 2826 2936 τοῦ
2859 2881 3026 2954 ξηροῦ
3065 2883 3127 2936 16
3168 2881 3360 2953 ξηρὸν,
3394 2882 3492 2935 καὶ
3537 2881 3650 2936 ἀπὸ
3682 2881 3773 2935 τοῦ

2187 2973 2392 3047 θερμοῦ
2423 2975 2483 3042 16
2515 2975 2735 3047 θερμὸν,
2775 2973 2869 3028 καὶ
2895 2974 3003 3028 ἀπὸ
3035 2973 3131 3027 τοῦ
3163 2973 3332 3046 ὑγροῦ
3362 2974 3422 3028 16
3456 2974 3649 3046 ὑγρὸν,
3681 2975 3772 3028 καὶ

2187 3067 2294 3120 ἀπὸ
2314 3065 2406 3120 τοῦ
2426 3067 2635 3138 ψυχροῦ
2663 3065 2723 3120 16
2749 3065 2976 3138 ψυχρόν.
3005 3067 3116 3121 Καὶ
3147 3066 3320 3130 οὑτως
3345 3066 3561 3130 πλάσας
3594 3066 3771 3137 ἑαυτῷ

2189 3155 2383 3227 σῶμα.
2428 3155 2698 3227 ἀληθινῶς
2731 3154 2972 3229 πέφηνεν
3010 3157 3068 3210 ἐν
3111 3156 3335 3227 κόσμῳ,
3393 3157 3488 3210 καὶ
3535 3157 3770 3223 ἐδίδαξεν

2186 3251 2336 3321 ἡμᾶς
2367 3249 2466 3320 τὴν
2495 3249 2606 3304 ἀνω
2633 3249 2835 3319 γνῶσιν
2858 3289 2873 3314 ,
2903 3252 3265 3322 καταφρονεῖν
3295 3267 3355 3303 τε
3379 3249 3476 3303 τοῦ
3502 3252 3770 3323 Δημιουρ-

2187 3340 2283 3410 γοῦ
2309 3383 2324 3408 ,
2354 3341 2448 3395 καί⁵
2479 3341 2762 3414 ἀρνεῖσθαι
2793 3341 2962 3396 αὑτοῦ
3009 3342 3076 3395 τὰ
3111 3341 3278 3413 ἔργαο
3319 3341 3608 3408 ὑποδείξας
3642 3344 3768 3414 ἡμῖν

2187 3433 2244 3486 ἐν
2275 3432 2405 3505 ποίᾳ
2442 3431 2634 3505 Γραφῇ
2670 3434 2799 3488 ποῖά
2823 3434 2942 3487 ἐστι
2970 3433 3038 3487 τά
3069 3433 3228 3502 φύσει
3265 3433 3323 3502 ἐξ
3354 3433 3522 3487 αὑτοῦ
3553 3436 3768 3506 εἰρημέ-

2187 3540 2254 3576 να
2278 3563 2292 3588 ,
2347 3525 2441 3578 καὶ
2494 3526 2624 3579 ποῖά
2670 3525 2785 3579 ἐστι
2824 3525 2893 3580 τὰ
2921 3525 3029 3579 ἀπὸ
3059 3523 3153 3579 τοῦ
3183 3526 3552 3600 Δημιουργοῦ.
3589 3526 3767 3590 Οῦτως

2188 3616 2331 3686 γὰρ,
2366 3617 2561 3688 φησιν,
2598 3617 2701 3689 ἔφη
2755 3619 2813 3671 ἐν
2851 3616 2930 3687 τῷ
2969 3617 3318 3687 Εὑαγγελίῳο
3355 3619 3645 3675 Γίνεσθαι
3681 3618 3768 3672 δό-

2189 3723 2345 3776 κιμοι
2374 3706 2727 3776 τραπεζῖται.
2752 3708 2882 3780 Χρῶ
2906 3708 3044 3780 γάρ,
3076 3710 3260 3779 φησιν,
3291 3709 3400 3762 ἀπὸ
3429 3711 3613 3782 πάσης
3634 3711 3768 3782 Γραο

2189 3799 2294 3869 φῆς
2343 3799 2620 3867 ἀναλέγων
2664 3797 2733 3852 τὰ
2765 3799 3028 3870 χρήσιμα.
3067 3796 3203 3855 Εἶτά
3232 3817 3398 3872 φησιν
3424 3818 3440 3832 ·
3477 3802 3714 3856 Ἔδωκεν
3739 3804 3766 3854 6

2187 3889 2423 3960 Χριστὸς
2471 3889 2664 3943 ἑαυτὸν
2717 3890 2910 3943 παθεῖν
2959 3891 3018 3943 ἐν
3069 3891 3221 3964 αὑτῷ
3257 3891 3334 3963 τῷ
3391 3891 3627 3965 σώματι,
3677 3896 3764 3947 καὶ

2189 3981 2508 4054 ἐσταυρώθη
2573 3983 2632 4035 ἐν
2695 3980 2967 4052 ἀληθείᾳ,
3032 3982 3128 4037 καὶ
3189 3981 3388 4048 ἔδειξεν
3447 3984 3616 4055 αὑτὴν
3671 3986 3763 4056 τὴν

2189 4072 2369 4144 σάρκα
2410 4076 2522 4136 τοῖς
2558 4070 2752 4127 ἑαυτοῦ
2814 4071 3101 4143 μαθηταῖς.
3145 4073 3256 4128 Καὶ
3306 4073 3582 4140 ἀναλύσας
3607 4116 3622 4140 ,
3661 4093 3759 4147 φη-

2191 4164 2312 4229 σὶν,
2363 4163 2530 4234 αὑτὴν
2583 4164 2682 4236 τὴν
2727 4163 3137 4236 ἐνανθρώπησιν
3176 4164 3408 4232 ἐαυτοῦ,
3467 4167 3759 4238 ἀπεμέρισε

2197 4255 2360 4309 πάλιν
2411 4256 2623 4326 ἐκάστῳ
2653 4253 2761 4307 τῶν
2800 4255 3078 4326 στοιχείων
3127 4255 3186 4309 16
3233 4257 3362 4310 ίδιον
3409 4258 3676 4321 ἀποδοὺς,
3705 4261 3761 4310 16

509 4367 615 4423 que
647 4353 918 4408 elemento
959 4354 1104 4424 quod
1141 4353 1425 4424 proprium
1463 4362 1582 4409 erat
1615 4353 1892 4420 restituit;
1937 4357 2083 4412 velut

2191 4345 2389 4418 θερμὸν
2422 4345 2500 4418 τῷ
2533 4345 2718 4418 θερμῷ
2743 4387 2758 4412 ,
2789 4347 2850 4400 16
2882 4346 3088 4419 ψυχρὸν
3119 4346 3198 4419 τῷ
3229 4347 3424 4420 ψυχρῷ
3447 4390 3462 4415 ,
3496 4350 3556 4402 16
3609 4349 3760 4420 ξηρὸν

510 4440 689 4497 calido
717 4441 977 4507 calidum,
1003 4440 1259 4513 frigidum
1291 4439 1506 4512 frigido,
1539 4441 1748 4497 siccum
1776 4441 1950 4510 sicco,
1980 4442 2085 4496 hu-

509 4536 718 4592 midum
741 4534 986 4590 humido.
1013 4532 1088 4588 lta
1119 4548 1350 4604 corpore
1379 4533 1473 4589 illo
1501 4533 1646 4605 quod
1676 4549 1843 4590 carne
1873 4543 2088 4590 consta-

510 4627 604 4683 bat
643 4627 906 4691 resoluto,
947 4626 1001 4680 in
1037 4626 1256 4692 caelum,
1283 4625 1428 4704 unde
1452 4635 1694 4690 venerat,
1725 4626 1994 4682 ascendit.

578 4718 666 4773 ill.
695 4717 739 4774 Ο
769 4719 1061 4774 mendaces
1096 4719 1225 4772 talia
1257 4717 1581 4789 jactantium
1614 4717 1851 4774 fabulas!
1885 4719 2000 4789 qui,
2027 4728 2087 4775 ut

510 4823 672 4864 nemo
703 4823 812 4863 non
840 4807 1110 4879 intelligit,
1149 4807 1440 4865 mimorum
1484 4807 1671 4864 ludum
1713 4814 1877 4878 atque
1916 4807 2084 4864 ofﬁci-

510 4914 637 4955 nam
678 4899 889 4970 aperire
921 4900 1102 4970 potius
1137 4912 1299 4970 quam
1347 4899 1470 4955 vita:
1507 4895 1908 4967 consequentia:
1961 4911 2088 4967 pro-

510 4993 825 5055 fessionem,
853 5001 947 5047 aut
974 4991 1345 5065 intelligentiae
1371 4989 1599 5046 formam
1622 4988 1869 5044 obtinere
1895 4988 2086 5044 viden-

509 5094 618 5140 tur.
651 5083 861 5140 Etenim
897 5085 943 5140 si
983 5085 1207 5141 omnino
1245 5083 1388 5156 quod
1424 5083 1694 5138 asciverat
1740 5081 1845 5137 sibi
1885 5095 2086 5151 corpus

509 5173 779 5239 dissolvit,
809 5190 909 5230 cur
942 5176 995 5231 id
1031 5177 1188 5232 initio
1215 5174 1532 5230 fabricavit?
1559 5173 1712 5242 Quod
1747 5172 1793 5230 si
1823 5172 1891 5228 ad
1923 5189 2082 5229 usum

511 5262 796 5318 fabricavit
829 5265 1088 5336 aliquem,
1132 5268 1234 5322 hoc
1275 5267 1393 5337 ipso
1424 5281 1524 5322 usu
1559 5265 1879 5337 perfunctus
1913 5263 2083 5319 relin-

507 5370 674 5427 quere
723 5355 855 5410 illud
905 5358 958 5412 in
1005 5358 1166 5415 terris
1217 5358 1439 5423 debuit;
1493 5357 1792 5428 praesertim
1843 5369 1968 5410 cum
2018 5369 2082 5411 ex

505 5457 686 5503 vestra
735 5450 1004 5504 sententia
1049 5451 1221 5506 forma
1272 5451 1386 5520 ipsa
1437 5450 1858 5507 resurrectionis
1901 5448 2084 5506 carnis

579 5632 592 5662 '
629 5628 790 5685 Forte
822 5630 1023 5694 κακῶς.

2192 4439 2271 4510 τῷ
2299 4437 2446 4512 ξηρῷ
2466 4479 2480 4502 ,
2522 4438 2583 4492 16
2627 4439 2792 4510 ὑγρὸν
2824 4437 2902 4510 τῷ
2931 4439 3082 4512 ὑγρῷ
3108 4457 3121 4471 ⁸
3164 4442 3259 4495 καὶ
3291 4440 3467 4506 οὕτως
3514 4441 3758 4505 διαλύσας

2194 4531 2287 4585 ἀπ’
2319 4529 2481 4585 αὑτοῦ
2516 4529 2674 4583 πάλιν
2699 4529 2760 4583 16
2789 4529 3054 4602 ἔνσαρκον
3095 4531 3254 4604 σῶμα
3276 4573 3290 4593 ,
3331 4533 3538 4605 ἀνέπτη
3572 4536 3648 4598 εἰς
3677 4535 3759 4588 τὸν

2191 4621 2418 4692 οὑρανδν
2438 4663 2452 4686 ,
2481 4620 2603 4674 ὅθεν
2628 4619 2722 4674 καὶ
2749 4616 2871 4692 ἧκε.

2264 4713 2334 4766 Γ’.
2376 4713 2484 4766 Καὶ
2509 4712 2554 4766 ὣ
2585 4713 2784 4784 πολλῆς
2823 4713 3266 4785 δραματουργίας
3301 4711 3409 4767 τῶν
3453 4712 3522 4768 τὰ
3550 4714 3759 4768 τοιαῦτα

2191 4803 2492 4871 λεγόντωνί
2534 4803 2607 4866 ὡς
2646 4803 2807 4857 παντί
2842 4821 2918 4874 τῳ
2971 4801 3140 4873 σαφὲς
3169 4805 3276 4875 εἴη,
3333 4803 3520 4876 μίμων
3571 4806 3757 4876 μᾶλλον

2193 4893 2554 4967 ἐργαστήριον
2589 4897 2734 4968 ἥπερ
2768 4896 3100 4965 ἐπαγγελίας
3129 4896 3274 4968 ζωῆς
3301 4897 3333 4968 ἦ
3379 4899 3640 4963 συνέσεως
3668 4918 3757 4970 χα-

2195 4992 2441 5063 ρακτῆρα
2474 4992 2845 5062 κεκτημένων.
2903 4992 2966 5045 Εί
3017 4991 3126 5062 γὰρ
3161 4992 3297 5056 δλως
3329 4992 3484 5046 ἔλυεν
3529 4994 3656 5047 αὑτὸ
3702 4995 3757 5046 16

2195 5083 2382 5154 σῶμα,
2415 5084 2551 5154 ὅπερ
2581 5083 2790 5154 εἴληφε,
2829 5083 2935 5137 τίνι
2981 5083 3059 5154 τῷ
3100 5083 3245 5156 λόγῳ
3289 5085 3385 5138 ἀπ’
3417 5087 3591 5158 ἀρχῆς
3635 5088 3757 5141 αὑτὸ

2193 5173 2366 5246 ἐαυτῷ
2414 5173 2846 5240 κατεσκεύαζεν;
2890 5175 2951 5228 El
3001 5174 3057 5227 δὲ
3111 5173 3481 5240 κατεσκεύαζε
3523 5177 3612 5230 διά
3643 5194 3754 5231 τινα

2191 5266 2384 5338 χρῆσιν
2415 5306 2428 5329 ,
2468 5266 2760 5320 ἀπετέλεσε
2797 5265 2855 5319 δὲ
2907 5266 2968 5319 16
3006 5267 3167 5338 ἔργον
3205 5267 3301 5337 τῆς
3333 5269 3618 5340 χρήσεως·
3658 5271 3755 5323 ἔδει

2190 5355 2510 5426 καταλεῖψαι
2550 5355 2680 5410 αὑτὸ
2713 5357 2770 5409 ἐν
2813 5358 2879 5426 τῇ
2922 5358 2991 5427 γῇ
3013 5397 3027 5420 ,
3061 5356 3298 5427 μάλιστα
3337 5357 3460 5411 καθ’
3494 5359 3632 5429 ὑμᾶς
3665 5359 3757 5428 τῆς

2191 5449 2333 5503 κατὰ
2370 5449 2472 5520 τὴν
2506 5449 2800 5504 ἀνάστασιν
2835 5447 2930 5518 τῆς
2973 5447 3173 5518 σαρκὸς
3223 5447 3438 5512 ἐλπίδος
3471 5449 3639 5512 εἴδους
3687 5453 3756 5521 μὴ
