4008 6078
184 128 294 188 8‘15

868 127 1238 186 ADVERSUS
1277 129 1618 187 [UEBESES
1658 132 1784 189 LIB.
1820 134 1858 189 1.
1899 135 2062 192 TOM.
2108 135 2198 193 Ill.
2225 139 2587 198 —-IIASRES.
2631 140 2790 196 XLlV

3351 141 3461 197 εεϐ

187 249 380 319 χρείαν
429 245 646 316 ἔχοντος
686 244 1062 315 τελειωθῆναι.
1110 245 1274 300 Ἀλλὰ
1315 247 1612 318 ἀνέστησεν
1650 249 1772 303 αὐτὸ

1885 252 2070 322 perﬁci
2117 255 2268 308 nullo
2305 225 2465 325 pacto
2504 257 2794 311 desideret.
2837 255 2998 325 Atqui
3039 253 3168 308 illud
3207 257 3462 313 excitavit

186 340 374 405 πάλιν,
411 339 497 392 ἵνα
537 339 617 399 είς
645 336 892 407 κάματον
922 336 1118 390 ἑαυτὸν
1145 339 1236 391 τὸν
1273 337 1496 410 μείζονα
1520 339 1770 410 ὲμσάλοι,

185 432 276 485 ἵνα
314 430 481 502 μηδὲν
508 427 768 500 ὠφελήσῃ
819 427 1281 493 κατασκευάζων,
1316 428 1412 482 καὶ
1438 431 1496 482 ὲν
1532 431 1772 500 μνήματι

184 520 617 592 ἀποτιθέμενος,
668 520 764 573 καὶ
805 519 1038 574 διαλύων
1062 561 1076 584 ,
1118 518 1212 573 καὶ
1269 519 1505 591 μερίζων
1558 521 1773 592 ἑκάστῳ

184 612 297 668 τῶν
332 610 633 680 στοιχείων,
662 609 797 680 ὅπερ
829 611 959 680 παρ’
995 607 1159 662 αὐτοῦ
1189 609 1432 680 εἴληφεν,
1467 611 1774 680 ὠςεύγνὼ-

189 721 310 774 μων
355 699 761 772 χρεοφειλέτης.
798 699 907 752 Καὶ
957 700 1004 751 εί
1058 699 1196 762 ὅλως
1245 700 1460 770 ἑκάστῳ
1500 701 1768 766 ἀπεδίδου,

187 796 440 850 τουτέστι
470 793 531 847 τὸ
569 793 777 864 ψυχρὸν
813 791 892 862 τῷ
923 791 1146 863 ψυχρῷ,
1195 793 1288 846 καὶ
1334 791 1395 845 τὸ
1444 791 1644 864 Θερμὸν
1696 794 1772 865 τῷ

185 886 408 960 Θερμῷ,
433 883 665 957 ἠδύνατο
686 883 860 938 ταῦτα
891 884 965 956 μὴ
993 884 1221 956 ὁρᾶσθαι
1253 887 1366 948 τοῖς
1396 885 1560 938 αὐτοῦ
1599 886 1774 958 μαθη-

184 983 336 1043 ταῐςο
373 978 488 1032 ἀλλ’
517 980 580 1031 οὐ
630 975 736 1048 μὴν
769 976 828 1030 τὸ
883 975 1041 1046 σῶμα
1078 973 1140 1027 τὸ
1183 975 1364 1046 ξηρόν.
1399 976 1636 1040 Πάντως.
1663 977 1772 1048 γάρ

185 1072 250 1124 τὸ
278 1071 443 1143 ξηρὸν
469 1069 630 1140 σῶμά
659 1071 796 1132 ἐστι,
839 1067 974 1138 σὰρξ
1009 1067 1104 1121 καὶ
1133 1067 1317 1120 ὀστέα.
1362 1069 1472 1120 Καὶ
1509 1067 1570 1120 τὸ
1607 1069 1771 1140 ὑγρὸν

185 1164 408 1226 πάντως
437 1160 632 1233 ῐχῶρὲς
667 1159 804 1224 ιστι,
825 1159 920 1212 καὶ
955 1157 1090 1229 σὰρξ
1144 1159 1224 1221 είς
1262 1158 1533 1230 ὑγρότητα
1563 1159 1765 1214 διαλιιο⁹

187 1253 351 1324 μένη.
387 1251 582 1304 Ἀτινα
633 1249 849 1312 πάντως
895 1250 1007 1311 τοῖς
1047 1248 1365 1312 ἀποστόλοις
1418 1245 1772 1321 φανερώτατα

184 1341 612 1412 ἀποτιθέμενος,
663 1340 935 1410 ἐσήμανεν
965 1379 979 1403 ,
1025 1338 1100 1400 ὡς
1153 1339 1245 1391 καὶ
1278 1337 1339 1391 τὸ
1383 1338 1598 1410 πρῶτον
1625 1379 1640 1404 ,
1681 1343 1770 1394 ὅτε

182 1435 453 1488 ἐθάπτετο
491 1432 553 1486 τὸ
581 1431 743 1485 αὑτοῦ
777 1431 934 1501 σῶμα
954 1470 968 1494 ,
1015 1430 1336 1500 κατηξιοῦτο
1379 1433 1574 1504 Ἰωσὴφ
1607 1436 1636 1486 6
1664 1434 1772 1488 ἀπὸ

197 1525 560 1600 Ἀριμαθαίας
585 1522 850 1588 ἐντυλίξαι
872 1522 1004 1575 αὐτὸ
1028 1524 1085 1576 ὲν
1110 1523 1325 1587 σινδόνι,
1355 1524 1448 1576 καὶ
1473 1525 1770 1579 ἀποθέσθαι

1873 342 2074 405 denuo,
2107 361 2216 414 quo
2243 346 2500 416 majorem
2533 346 2638 400 sibi
2665 345 2904 399 laborem
2934 346 3267 415 imponeret,
3298 347 3461 416 idque

1874 433 1995 490 sine
2042 435 2151 489 ullo
2204 435 2384 490 fructu
2437 443 2775 499 contextum,
2831 445 2993 504 atque
3042 435 3095 488 in
3144 437 3458 506 sepulcrum

1873 524 2180 595 depositum
2222 539 2406 597 postea
2438 535 2740 593 retexeret,
2787 536 2949 599 atque
2971 565 2985 589 ,
3024 533 3080 579 ιιι
3109 528 3458 597 aequissimus

1873 615 2105 684 debitor,
2148 619 2294 688 quod
2342 619 2410 671 ab
2453 632 2781 687 unoquoque
2819 617 3087 671 elemento
3127 627 3454 686 sumpserat,

1872 707 2077 761 eisdem
2113 709 2316 776 optima
2360 707 2461 762 ﬁde
2494 707 2830 762 resumeret.
2871 703 2990 759 Jam
3031 714 3090 758 ut
3121 720 3219 759 sua
3258 707 3459 776 cuique

1873 797 2192 862 reddiderit,
2227 808 2355 868 puta
2387 798 2582 870 frigido
2607 798 2885 868 frigidum,
2912 806 2966 852 et
2994 798 3170 853 calido
3194 799 3456 863 calidum,

1875 890 2049 959 potuit
2105 889 2156 942 id
2203 891 2371 945 latere
2411 891 2633 960 quidem
2682 889 3006 958 discipulos,
3053 889 3230 959 ipsum
3275 898 3458 944 tamen

1873 993 2071 1046 corpus
2111 978 2313 1033 siccum
2351 979 2575 1033 minime
2610 978 2806 1048 potuit.
2845 976 3064 1032 Siccum
3111 981 3254 1035 enim
3300 981 3460 1050 plane

1873 1083 2074 1139 corpus
2105 1069 2265 1138 383
2299 1078 2405 1135 est,
2447 1084 2598 1132 caro,
2645 1070 2891 1138 inquam,
2922 1078 2977 1123 ct
3013 1085 3161 1123 ossa.
3198 1070 3459 1126 Similiter

1870 1168 1923 1213 et
1954 1157 2238 1212 lmmidum
2271 1159 2454 1213 sanies
2485 1166 2603 1223 est,
2640 1165 2694 1212 et
2742 1173 2872 1210 caro
2916 1173 3036 1226 quae
3081 1158 3134 1211 in
3176 1157 3458 1212 lmmorem

1873 1249 2198 1320 extabescit.
2238 1247 2371 1313 Quae
2411 1249 2596 1304 omnia
2640 1264 2762 1303 cum
2808 1251 3097 1304 manifeste
3141 1248 3455 1320 deponeret,

1871 1341 2134 1410 apostolis
2181 1315 2296 1395 suis
2336 1341 2564 1396 omnino
2611 1340 2996 1410 signiﬁcasset,
3053 1347 3114 1394 ut
3163 1349 3324 1394 antea
3375 1341 3457 1396 fe-

1871 1441 2042 1492 cerat.
2093 1447 2216 1485 cum
2271 1432 2391 1499 ejus
2433 1447 2635 1500 corpus
2682 1432 2934 1500 sepulcro
2984 1431 3302 1486 mandatum
3349 1440 3454 1488 est.

1872 1520 2011 1576 Tum
2040 1521 2188 1577 enim
2224 1521 2464 1591 Josepho
2499 1523 2919 1577 Arimathaeensi
2954 1521 3304 1591 permissum,
3341 1521 3458 1576 sin~

181 1621 246 1673 tv
283 1619 545 1689 μνήματι.
579 1617 730 1686 ’Ἅμα
757 1615 814 1670 δὲ
847 1616 940 1668 καὶ
967 1615 1024 1667 αἱ
1045 1618 1300 1682 γυναῖκες
1332 1611 1476 1686 εἶχον
1506 1615 1637 1678 ίδεῖν,
1667 1616 1770 1670 ποῦ

1878 1614 2018 1668 done
2055 1623 2112 1666 ut
2142 1613 2277 1666 illud
2312 1613 2644 1676 obvolveret,
2680 1621 2846 1682 atque
2881 1614 2936 1666 in
2971 1621 3327 1666 monumento
3358 1611 3455 1667 de-

180 1709 516 1778 κατελείφθη
545 1708 614 1761 τὰ
652 1706 905 1777 λείψανα,
938 1706 1026 1758 ῐνα
1059 1706 1197 1759 αὑτά
1241 1708 1511 1777 τιμήσωσι
1543 1707 1628 1760 διὰ
1670 1708 1770 1778 μύ-

186 1819 298 1873 ρων
326 1801 419 1854 καὶ
448 1798 776 1871 ἀρωμάτων,
807 1799 882 1862 ὡς
912 1797 973 1850 τὸ
994 1796 1229 1868 πρῶτον.
1279 1797 1418 1850 Ἀλλ’
1440 1797 1678 1869 οὐδαμοῦ
1708 1799 1768 1852 τὸ

180 1891 380 1961 ψεῦδος
410 1889 561 1960 ὑμῶν
583 1886 739 1941 τοῦτο
768 1887 1090 1956 δεδήλωται,
1125 1879 1170 1938 ὢ
1215 1885 1585 1956 ’Δπελληῖανοὶ
1610 1927 1624 1951 ,
1657 1888 1767 1942 άπὸ

181 1983 305 2046 ἑνὸς
345 1981 453 2034 τῶν
476 1981 644 2048 άγίων
670 1977 998 2032 ἀποστόλων.
1026 1979 1101 2030 Οὐ
1127 1979 1234 2049 γάρ
1264 1979 1430 2031 ἐστιν.
1467 1979 1624 2033 Ἀλλά
1642 1981 1768 2044 τοὺς

187 2075 288 2144 μὲν
315 2073 578 2144 άοράτους
607 2071 816 2142 ὁρατῶς
844 2065 983 2122 εἶδον
1007 2068 1099 2123 δύο
1123 2069 1350 2141 ἄνδρας,
1380 2071 1472 2124 καὶ
1508 2070 1667 2124 αὑτὸν
1689 2074 1768 2135 είς

177 2163 414 2236 οὐρανὸν
465 2163 823 2234 ἀνερχόμενον
855 2200 869 2224 ,
918 2160 1013 2213 καὶ
1065 2159 1170 2212 ὑπὸ
1225 2159 1450 2230 νεφέλης
1501 2161 1768 2230 φωτεινῆς

181 2254 721 2324 ὗωλαμῆανόμενον,
761 2251 1011 2320 λείψανον
1040 2249 1096 2304 δὲ
1123 2250 1286 2303 αὐτοῦ
1317 2249 1552 2321 οὐδαμοῦ
1600 2269 1764 2305 κατα-

181 2346 556 2417 λελειμμένον.
613 2345 686 2399 Οὐ
735 2345 842 2416 γὰρ
880 2343 1048 2417 ἐχρῆν
1075 2382 1090 2405 ,
1143 2344 1263 2398 οὐδὲ
1314 2344 1603 2414 ἐνεδέχετο.
1657 2345 1768 2398 Καὶ

177 2439 436 2512 ψεύδεται
481 2438 740 2508 Ἀπελλῆς
763 2477 777 2502 ,
816 2437 910 2490 καὶ
943 2438 990 2490 oi
1031 2436 1126 2490 ἀπ’
1167 2435 1332 2490 αὑτοῦ
1371 2435 1765 2505 Ἀπελληῖανοί.

1877 1713 2124 1773 poneret.
2167 1704 2439 1760 Praeterea
2483 1706 2744 1759 mulieres
2787 1707 2967 1759 locum
3009 1706 3160 1759 illmn
3205 1705 3454 1760 animad-

1881 1803 2099 1851 vertere
2115 1796 2446 1866 potuisscnt,
2473 1797 2559 1850 cui
2581 1798 2822 1871 reliquia;
2837 1798 3231 1853 commendatae
3256 1799 3454 1863 forent,

1872 1894 1932 1940 ut
1968 1902 2064 1944 eas
2105 1887 2397 1956 unguentis
2441 1895 2496 1942 et
2540 1890 2877 1943 aromatibus
2925 1890 3229 1945 honoriﬁce
3274 1890 3459 1944 condi-

1875 1989 2016 2034 rent.
2082 1978 2188 2035 Sed
2219 1983 2321 2037 hoc
2351 1989 2614 2045 vestrum,
2649 1982 2977 2052 Apelleiani,
3013 1983 3357 2036 mendacium
3392 1996 3459 2036 ne

1875 2086 2019 2125 unus
2059 2071 2279 2141 quidem
2322 2088 2385 2128 ex
2427 2073 2692 2143 apostolis
2733 2073 3206 2128 commemoravit.
3249 2073 3458 2144 Quippe

1874 2180 2154 2235 nunquam
2189 2166 2259 2220 ita
2289 2173 2502 2236 gestum
2535 2166 2664 2219 illud
2700 2173 2804 2220 est.
2835 2164 3037 2220 Verum
3066 2165 3205 2220 duos
3234 2165 3453 2234 quidem

1875 2270 1975 2326 per
1996 2271 2119 2312 sese
2143 2258 2365 2312 minime
2397 2257 2782 2327 aspcctabiles,
2816 2267 3038 2310 externa
3071 2263 3250 2309 tamen
3275 2255 3457 2324 specie

1866 2357 2197 2418 apparentes
2231 2349 2380 2405 viros
2411 2349 2594 2403 intuiti
2629 2356 2790 2412 sunt,
2842 2349 3131 2418 ipsumque
3165 2347 3218 2401 in
3256 2349 3454 2401 malum

1866 2439 2278 2503 ascendentem,
2324 2455 2388 2494 ac
2433 2440 2614 2494 lucida
2651 2439 2798 2492 nub‘e
2827 2437 3226 2491 circumfusum
3267 2436 3308 2499 ί,
3339 2437 3457 2490 reli-

178 2536 346 2605 quias
395 2549 526 2588 vero
577 2546 850 2603 nusquam
896 2541 1165 2586 terrarum
1213 2531 1440 2586 relictas
1483 2517 1756 2586 viderunt.
1794 2530 1981 2602 Neque
2007 2534 2155 2588 enim
2187 2535 2306 2590 ﬁeri
2340 2535 2486 2591 istud
2518 2535 2832 2605 oportebat,
2882 2541 2980 2587 aut
3036 2549 3167 2588 vero
3219 2540 3452 2602 poterat-

181 2627 366 2693 Quare
404 2634 514 2680 tam
554 2624 769 2694 Apelles
810 2625 959 2694 ipse,
987 2637 1163 2692 quam
1203 2622 1507 2691 Apelleiani
1547 2623 1760 2677 mentiti
1791 2629 1946 2678 sunt.

254 2720 333 2775 A".
376 2720 456 2772 Τὰ
486 2721 648 2790 ὃμοια
697 2719 755 2773 δὲ
809 2718 886 2789 τῷ
944 2716 1136 2771 ἑαυτοῦ
1191 2717 1454 2790 ἐπιστάτῃ
1479 2716 1766 2788 Μαρκίωνι

180 2813 314 2886 περί
350 2830 410 2866 τε
455 2813 555 2883 τῆς
602 2812 768 2883 ἄλλης
805 2812 1006 2885 σαρκὸς
1043 2812 1138 2864 καὶ
1189 2811 1296 2863 τῶν
1347 2810 1520 2864 ἄλλων
1565 2811 1767 2881 ὁμοίως

1944 2719 2033 2776 ιν.
2061 2720 2273 2776 Caetera
2308 2735 2472 2791 porro
2511 2735 2637 2774 cum
2680 2727 3013 2788 przeceptore
3049 2731 3151 2771 suo
3183 2713 3459 2770 lliareione

1872 2819 2244 2868 consentanea
2296 2811 2604 2882 proﬁtetur,
2646 2826 2768 2880 qua:
2815 2811 2880 2864 ad
2933 2809 3162 2862 aliorum
3213 2822 3456 2869 carnem,

178 2880 541 2974 ἐδογμάτισελ
574 2880 796 2973 φάσκων
823 2880 897 2974 μη
927 2900 1064 2956 εἶναι
1095 2903 1390 2956 ἀνάστασιν
1417 2880 1644 2974 νεκρῶν,
1675 2902 1770 2955 καὶ

1878 2917 1936 2956 ac
1970 2902 2179 2972 reliqua
2217 2902 2267 2956 id
2298 2880 2477 2972 genus
2527 2902 2824 2972 pertinent.
2867 2899 3039 2970 Negat
3084 2898 3229 2952 enim
3271 2912 3460 2966 corpo-

180 2995 251 3049 τὰ
276 2994 434 3059 ἄλλα,
471 2996 682 3066 ὅσαπερ
715 2994 806 3046 ἐπὶ
826 2994 924 3064 τῆς
953 2993 1055 3064 γῆς
1089 2992 1261 3056 ἔδοξεν
1287 2993 1487 3063 ὁμοίως
1516 2991 1772 3062 δογματί-

183 3083 321 3152 ζειν.
365 3087 832 3158 Ἀνατραπήσεται
857 3085 913 3138 δὲ
944 3087 972 3138 6
997 3083 1161 3138 αὐτοῦ
1199 3084 1454 3153 λογισμὸς
1477 3083 1643 3155 λῆρός
1688 3099 1772 3146 τις

183 3180 260 3234 ὢν
300 3183 393 3235 καὶ
423 3179 564 3233 κατὰ
598 3178 774 3232 πάντα
807 3177 1005 3248 τρόπον
1035 3176 1466 3246 πεπλανημένος.
1504 3175 1640 3228 Οὔτε
1664 3174 1772 3244 γὰρ

187 3273 398 3344 ἰσχύσει
451 3269 641 3332 σκότος
674 3268 801 3322 ἔνθα
837 3267 898 3321 τὸ
926 3267 1041 3337 φῶς
1076 3267 1476 3337 παραφαίνεται
1505 3303 1520 3326 ,
1551 3263 1675 3316 οὔτε
1711 3262 1772 3315 τὸ

181 3365 380 3436 ψεῦδος
410 3362 737 3432 σταθήσεται
761 3359 927 3432 οὔσης
949 3353 1356 3430 τῆςάληοείας.
1404 3357 1466 3410 Εἰ
1497 3356 1605 3428 γάρ
1637 3356 1772 3418 ὅλως

185 3458 457 3527 κέχρησαι
484 3458 602 3517 ταῖς
644 3453 682 3504 Γ
688 3454 920 3524 ραφαίς,
953 3445 998 3504 ὦ
1041 3451 1270 3521 Ἀπελλῆ
1317 3450 1410 3502 καὶ
1450 3449 1500 3501 οἱ
1537 3448 1644 3502 άπὸ
1679 3447 1772 3501 σοῦ

199 3545 578 3614 Ἀπελληῐανοὶ
607 3585 621 3609 ,
662 3543 720 3610 ἐξ
773 3543 952 3597 αὐτῶν
1011 3541 1119 3595 τῶν
1151 3540 1384 3612 Γραφῶν
1415 3538 1770 3610 ιὺρεΟήσεσθε

186 3639 537 3709 ἐλεγχόμενοι
571 3653 583 3666 ·
645 3633 858 3708 πρῶτον
921 3635 1018 3706 μὲν
1049 3673 1064 3696 ,
1114 3635 1194 3686 ὃτι
1247 3633 1366 3686 κατ’
1417 3632 1600 3684 εἰκόνα
1638 3629 1773 3682 Θεοιὶ

185 3729 445 3797 ἐποίησεν
494 3729 524 3779 6
567 3725 699 3788 Θεὸς
727 3724 817 3777 τὸν
852 3723 1165 3794 ἄνθρωπον⁸
1214 3724 1242 3774 6
1274 3720 1328 3773 δὲ
1362 3721 1594 3790 ποιήσας
1634 3718 1736 3786 ἔφη
1757 3734 1770 3746 ·

188 3818 544 3886 Ποιήσωμεν
575 3817 889 3884 ἄνθρωπον
935 3813 1062 3867 κατ’
1093 3813 1298 3865 εἰκόνα
1340 3811 1634 3880 ἡμετέραν
1677 3807 1774 3861 καὶ

188 3911 323 3967 καθ’
362 3909 665 3979 ὁμοίωσιν.
715 3906 802 3970 Ὦς
831 3905 884 3958 εί
906 3921 990 3968 τις
1022 3903 1130 3957 ἀπὸ
1157 3904 1255 3975 τῆς
1301 3902 1394 3957 σοῦ
1423 3898 1774 3970 πεπλανημέ-

188 4023 288 4077 νης
316 4003 581 4074 αἱρέσεως
603 3999 946 4071 ὲπιστρέψειε
978 3999 1114 4069 πρὸς
1138 3997 1237 4067 τὴν
1265 3995 1519 4066 ἀλήθειαν
1571 3993 1645 4056 ὡς
1668 3992 1774 4046 ἀπὸ

192 4098 420 4159 σκότους
452 4093 761 4164 ἀποδράσας
800 4092 894 4144 καὶ
925 4090 1034 4144 ἀπὸ
1081 4089 1270 4152 νυκτὸς
1301 4087 1572 4151 ἀναστὰς,
1626 4085 1774 4156 εὖροι

1871 3009 1992 3049 rum
2036 3009 2159 3050 esse
2203 2995 2690 3058 resurrectionem,
2747 3000 3054 3060 caeteraque
3091 2980 3455 3042 adcumdem

1871 3083 2114 3149 modum,
2151 3098 2262 3155 quo
2304 3083 2395 3138 ille
2435 3099 2558 3137 cum
2601 3081 2654 3134 in
2695 3081 2834 3134 vivis
2879 3087 3062 3148 ageret
3105 3078 3160 3131 in
3199 3077 3456 3147 opinione

1873 3191 1973 3232 sua
1997 3177 2200 3248 posuit.
2242 3175 2346 3230 Sed
2381 3173 2700 3243 opinionum
2738 3171 2844 3224 illa:
2879 3183 3035 3238 nugae
3075 3183 3136 3222 ac
3173 3165 3454 3221 mendacia

1872 3268 2162 3324 manifeste
2199 3267 2616 3333 redarguentur.
2657 3259 2843 3331 Neque
2877 3259 3020 3313 enim
3059 3257 3257 3311 virium
3296 3255 3451 3325 quid-

1873 3375 2038 3431 quam
2074 3360 2274 3414 habent
2310 3356 2570 3418 tenebrze,
2609 3354 2699 3408 ubi
2737 3351 2998 3422 splendor
3035 3348 3174 3402 lucis
3226 3349 3454 3410 emicat;

1876 3468 1977 3507 nec
2023 3451 2301 3521 aperiente
2343 3463 2404 3502 se
2447 3447 2676 3502 veritate
2727 3444 2940 3498 falsitas
2983 3440 3258 3495 consistit.
3300 3437 3456 3503 Quod

1876 3544 1921 3599 si
1978 3556 2262 3599 sacrarum
2320 3539 2655 3592 Litterarum
2725 3537 2804 3590 uti
2869 3532 3191 3590 testimonio
3254 3531 3453 3600 placet,

1874 3634 2114 3704 Apelles,
2152 3645 2360 3699 vosque
2395 3628 2724 3697 Apelleiani,
2769 3627 2874 3680 illa:
2910 3627 3042 3694 ipsa:
3080 3639 3178 3677 sua
3214 3637 3314 3676 vos
3353 3636 3450 3674 au-

1873 3725 2126 3781 ctoritate
2155 3721 2501 3776 convincent.
2544 3718 2820 3784 Primum,
2873 3714 3021 3784 quod
3052 3715 3116 3768 ad
3155 3714 3445 3780 imaginem

1875 3815 1968 3870 Dei
2011 3815 2175 3868 homo
2219 3826 2249 3865 a
2293 3809 2404 3865 Deo
2448 3810 2627 3863 factus
2666 3815 2771 3861 est.
2813 3807 2891 3858 Ac
2931 3805 3024 3874 qui
3070 3804 3222 3856 illum
3268 3801 3396 3855 fecit
3438 3819 3450 3854 :

1876 3906 2186 3967 Faciamus,
2228 3903 2426 3974 inquit,
2463 3901 2722 3955 hominem
2762 3897 2832 3952 ad
2874 3896 3154 3964 imaginem
3185 3901 3234 3945 et
3267 3892 3447 3946 simili-

1877 3995 2111 4051 tudinem
2159 4006 2395 4048 nostram
2439 3995 2484 4046 '.
2529 3990 2803 4056 Quocirca
2841 3987 2887 4042 si
2927 3986 3050 4054 quis
3090 3997 3119 4036 a
3161 3981 3454 4036 falsissitna

1877 4095 1971 4144 tua
2020 4087 2211 4144 haeresi
2264 4101 2388 4142 sese
2422 4083 2490 4138 ad
2533 4084 2816 4138 veritatem
2848 4075 3205 4140 converterit,
3239 4083 3291 4127 et
3326 4081 3453 4126 tan-

191 4189 255 4242 ἂν
283 4189 348 4241 τὸ
389 4187 504 4257 φῶς
537 4185 686 4254 αὐτῷ
724 4183 1007 4238 άνατεῐλαν
1056 4182 1153 4250 τῆς
1206 4179 1299 4232 τοῦ
1355 4178 1490 4232 Θεοῦ
1523 4177 1772 4246 γνώσεως

1878 4198 2041 4253 quam
2091 4195 2122 4235 e
2177 4186 2335 4232 nocte
2387 4191 2451 4229 ac
2509 4173 2747 4228 tenebris
2795 4167 3104 4230 emerserit,
3157 4165 3210 4218 itt
3257 4163 3454 4218 divina:

194 4279 346 4350 ἡλίου
375 4277 530 4346 δίκην
559 4275 653 4328 καὶ
675 4273 816 4343 ὑπὲρ
847 4271 1015 4342 ἥλιον.

259 4457 568 4525 Φανὴσεται
619 4453 727 4524 γὰρ
780 4452 941 4506 παντὶ
985 4452 1064 4523 τῷ
1107 4451 1200 4504 τὸν
1247 4449 1464 4520 εῦλογον
1515 4448 1776 4519 λογισμὸν

192 4545 518 4614 κεκτημένῳ
543 4583 556 4606 ,
594 4544 675 4596 ὅτι
713 4545 742 4595 ὀ
774 4541 943 4594 εἰπὼν
969 4581 984 4604 ,
1038 4541 1390 4610 Ποιήσωμεν
1442 4540 1774 4607 ἄνθρωπον,

191 4641 219 4690 6
249 4637 386 4699 Θεὸς
415 4638 560 4688 ἐστιν
588 4635 617 4687 6
647 4635 754 4686 τῶν
781 4633 916 4686 ὅλων
943 4632 1153 4704 Πατήρ.
1186 4631 1542 4700 Συγκαλείται
1569 4631 1626 4683 δὲ
1657 4629 1778 4700 μεθ’

192 4729 391 4784 ἑαυτοῦ
414 4729 504 4782 τὸν
533 4728 620 4782 ἀεὶ
645 4728 767 4791 ὄντα
811 4729 908 4780 σὺν
940 4725 1088 4796 αὐτῷ
1115 4725 1248 4777 Θεὸν
1276 4724 1444 4792 Λόγον
1470 4723 1596 4775 Υἱὸν
1623 4738 1778 4792 μονοο

192 4821 327 4892 γενῆ
355 4861 371 4884 ,
407 4817 468 4884 ἐξ
489 4819 652 4873 αὑτοῦ
691 4820 941 4889 ἀνάρχως
975 4817 1066 4869 καὶ⁵
1092 4816 1333 4886 ἀχρόνως
1361 4813 1774 4884 γεγεννημένον·

194 4915 313 4985 ἃμα
347 4913 404 4966 δὲ
457 4913 549 4966 καὶ
590 4912 652 4964 τὸ
693 4911 844 4979 ἆγιον
897 4906 1060 4961 αὐτοῦ
1115 4905 1376 4975 Πνεῦμα,
1425 4905 1485 4958 τὸ
1533 4905 1633 4958 οὐκ
1679 4903 1776 4957 άλ-

193 5006 406 5074 λότριον
438 5002 599 5056 αὐτοῦ
641 5001 758 5054 οὐδὲ
784 5000 876 5053 τοῦ
907 4997 1069 5053 αὐτοῦ
1102 4998 1229 5052 ἰδίου
1267 4998 1417 5052 Υίοῦ.
1447 4999 1508 5051 Εἰ
1548 4997 1655 5069 γάρ
1682 4997 1775 5051 ἄλο

196 5099 284 5163 λος
311 5093 381 5167 ἦν
413 5097 442 5147 6
474 5093 682 5155 πλάσας
706 5093 797 5145 τὸν
831 5092 1112 5162 ἄνθρωπον
1139 5131 1152 5153 ,
1188 5090 1282 5143 καὶ
1311 5090 1401 5142 τὸν
1431 5090 1632 5158 κόσμον
1667 5090 1782 5143 κτί-

198 5206 327 5252 σας.
358 5186 517 5249 ἄλλος
559 5184 616 5238 δὲ
664 5185 693 5236 6
743 5183 855 5236 ἄνω
883 5180 1085 5250 ἀγαθὸς
1119 5180 1251 5243 Θεὸς
1275 5219 1289 5241 ,
1322 5180 1446 5249 παρ’
1483 5174 1544 5232 οὗ
1582 5179 1780 5250 κατῆλ-

199 5281 348 5332 θενό
395 5276 626 5348 Χριστός
648 5292 660 5305 ·
690 5275 792 5328 οὐκ
840 5273 904 5328 ἂν
933 5276 960 5328 6
1008 5273 1239 5344 Χριστὸς
1272 5270 1573 5341 ἐλάμϐανεν
1607 5270 1782 5342 ἑαυτῷ

199 5372 395 5442 σῶμα,
459 5367 552 5421 καὶ
583 5366 784 5420 ἔπλασε
833 5365 930 5437 τὴν
973 5364 1157 5418 εἰκόνα
1203 5360 1298 5417 τοῦ
1332 5361 1671 5435 Δημιουργοῦ
1707 5362 1786 5426 εἰς

275 5546 446 5604 ⁸Δει.
489 5563 527 5616 ι,
556 5546 588 5600 9
616 5562 716 5617 sqq
815 5546 832 5574 ²
873 5539 1005 5598 Gen.
1041 5559 1099 5608 ιι,
1133 5540 1220 5594 26.

1877 4273 2118 4334 scientia:
2158 4271 2338 4324 lumen
2383 4269 2646 4325 incurret,
2695 4261 2840 4332 quod
2876 4259 2924 4314 ei
2977 4258 3110 4312 solis
3159 4257 3332 4310 instar
3373 4256 3454 4310 vel

1873 4371 2035 4427 etiam
2071 4364 2182 4418 sole
2208 4366 2325 4430 ipso
2355 4359 2557 4411 clarius
2590 4355 2889 4410 illucescet.

1947 4456 2080 4511 Nam
2115 4454 2246 4507 illud
2277 4444 2527 4518 cuilibet,
2561 4449 2653 4518 qni
2689 4448 2922 4503 rationis
2955 4447 3199 4503 nonnihil
3238 4444 3454 4506 haheat,

1878 4547 2107 4603 evidens
2140 4545 2268 4605 erit,
2299 4517 2466 4596 [xeunt
2498 4556 2621 4596 esse
2649 4548 2927 4609 parentem
2953 4539 3218 4598 omnium,
3254 4537 3344 4606 qui
3384 4535 3455 4587 ita

1879 4637 2096 4692 locutus
2124 4643 2208 4690 est
2241 4652 2254 4687 :
2295 4631 2580 4685 Faciamus
2610 4629 2891 4684 hominem.
2918 4628 3033 4696 Qua
3071 4626 3287 4698 quidem
3324 4640 3458 4680 voce

1878 4737 2142 4782 aeternum
2199 4723 2354 4777 illum
2400 4721 2593 4784 Deum,
2647 4719 2908 4784 Verbum,
2950 4721 3193 4790 inquam,
3258 4714 3453 4770 Filium

1879 4833 2040 4874 suum
2092 4815 2384 4886 unigenam
2429 4813 2748 4882 complexus
2781 4818 2866 4866 est
2908 4826 2922 4862 :
2960 4826 3120 4880 quem
3163 4825 3228 4863 ex
3277 4808 3458 4875 seipso

1878 4911 2000 4964 sine
2023 4908 2180 4962 initio
2206 4907 2356 4960 onmi
2379 4921 2442 4958 ac
2467 4915 2710 4974 tempore
2735 4904 2956 4972 genuit;
2989 4918 3088 4955 nec
3111 4915 3218 4953 non
3243 4906 3296 4952 et
3330 4897 3455 4966 Spi-

1882 5001 2048 5053 ritum
2085 5005 2361 5060 sanctum,
2398 4995 2493 5066 qui
2524 5010 2624 5049 nec
2655 4995 2723 5048 ab
2757 4995 2873 5056 illo,
2907 5007 3008 5046 nec
3038 4991 3106 5046 ab
3143 4989 3310 5061 384
3338 4989 3460 5057 ejus

1887 5088 2026 5143 Filio
2051 5089 2121 5144 sit
2147 5089 2380 5143 alienus.
2417 5085 2472 5142 Si
2509 5087 2653 5141 enim
2689 5086 2830 5140 alius
2865 5084 3002 5138 foret
3024 5083 3264 5136 hominis
3294 5080 3463 5134 fabri-

1889 5190 2066 5244 calor,
2121 5180 2311 5235 mundi
2351 5179 2642 5244 conditor;
2683 5177 2824 5232 alius
2855 5190 3144 5244 supremus
3182 5189 3244 5225 ac
3285 5171 3464 5225 bonus

1892 5271 2056 5338 Deus,
2085 5287 2112 5323 a
2147 5287 2258 5340 quo
2282 5270 2534 5326 Christus
2561 5268 2865 5330 descendit,
2899 5282 3174 5335 nunquam
3209 5263 3465 5317 Christus

1893 5364 2000 5419 sibi
2027 5377 2230 5432 corpus
2269 5361 2570 5432 effingeret,
2601 5369 2695 5416 aut
2728 5357 2954 5430 ﬁguram
2995 5357 3048 5411 in
3088 5370 3148 5412 se
3181 5353 3462 5410 Creatoris
3499 5398 3508 5404 .
