3932 6064
499 195 597 250 827
1914 212 1972 266 S.
2017 211 2065 266 Ε]

2170 211 2354 267 ΗΑΝΙΙ
3054 220 3057 225 ’
3672 222 3785 277 8Ξ8

491 304 846 374 exprimeret.
905 309 1086 376 Quare
1140 316 1491 386 perspicuum
1537 326 1643 383 est,
1698 319 1844 376 hunc
1887 321 2065 392 ipsum

2172 323 2365 378 ἑαυτὸν
2402 323 2725 378 ἀνατυπιῖιν·
2781 324 2918 380 ἀλλὰ
2966 326 3156 396 δῆλον,
3206 329 3288 383 δτι
3343 332 3511 397 αὑτός
3550 338 3712 389 ἐστιν
3756 339 3787 392 ό

495 391 736 452 hominis
798 401 1098 472 mundique
1158 418 1283 460 esse
1333 408 1717 475 conditorem,
1777 391 1940 481 quem
1997 413 2065 467 ita

2177 413 2517 485 Δημιουργδς
2548 413 2644 468 τοῦ
2680 415 2972 488 ἀνθρώπου
3006 391 3101 472 καὶ
3131 420 3226 474 τοῦ
3261 391 3512 493 κόσμου,
3621 423 3785 481 εἶπεν

496 482 659 541 Pater
686 488 983 559 alloquitur
1016 512 1028 547 :
1067 492 1356 550 Faciamus
1395 499 1656 555 hominem
1690 502 1759 556 ad
1784 504 2065 574 imaginem

2174 504 2203 555 ὁ
2233 482 2462 574 Πατήρ)
2498 482 2850 573 Ποιήσωμεν
2887 505 3203 575 ἄνθρωπον
3234 482 3606 591 κατ’ἶείκόνα
3629 515 3780 584 ἠμε-

494 585 545 630 et
570 578 970 636 similitudinem
1001 595 1262 640 nostram.
1307 588 1486 659 Atque
1526 590 1630 646 hoc
1656 608 1724 647 ex
1761 608 1869 648 uno
1907 609 2073 664 opere

494 667 818 724 manifestus
867 672 973 726 erit
1027 675 1249 743 artifex,
1302 695 1482 751 neque
1537 683 1681 738 alius
1736 685 2072 754 intelligetur

495 753 685 820 fuisse,
725 760 819 828 qui
866 767 995 817 tum-
1031 764 1307 822 hominem
1352 775 1746 840 procreaverit,
1786 783 1839 829 et
1874 753 2068 831 Adami

492 860 692 916 corpus
717 857 915 905 eterra
941 855 1162 912 molitus
1190 857 1372 924 fuerit,
1403 864 1763 935 eumdemque
1807 866 1861 921 in
1893 868 2073 924 viven-

491 944 599 990 tem
666 941 901 997 animam
970 944 1178 1003 fecerit.
1255 948 1354 1006 Cui
1436 956 1657 1025 quidem
1721 959 1800 1013 rei
1874 960 2068 1018 beatus

488 1025 732 1087 Joannes
765 1032 820 1088 in
856 1034 1145 1109 Evangelio
1188 1056 1288 1095 suo
1323 1043 1654 1116 suﬂragatur
1695 1048 1780 1104 his
1823 1051 2008 1107 verbis
2040 1070 2054 1106 :

492 1116 560 1172 In
610 1123 867 1192 principio
916 1138 1031 1181 erat
1099 1129 1344 1197 Verbum,
1394 1145 1444 1188 et
1501 1136 1727 1192 Verbum
1769 1152 1881 1194 erat
1926 1144 2068 1209 apud

492 1206 680 1272 Deum,
711 1221 760 1264 et
794 1212 933 1270 Deus
970 1227 1084 1271 erat
1130 1219 1372 1278 Verbum.
1416 1223 1531 1278 Hoc
1565 1238 1678 1280 erat
1720 1229 1774 1280 in
1811 1206 2069 1299 principio

491 1297 632 1362 apud
667 1299 856 1357 Deum.
878 1303 1103 1381 ,Omnia
1147 1324 1238 1375 per
1283 1312 1456 1380 ipsum
1487 1313 1632 1383 facta
1675 1328 1820 1384 sunt,
1859 1328 1909 1372 et
1957 1297 2071 1375 sine

490 1388 604 1456 ipso
640 1390 842 1459 factum
872 1404 951 1451 est
987 1398 1122 1451 nihil
1151 1401 1194 1463 ί,
1226 1409 1335 1456 etc.

559 1479 714 1544 Quod
745 1483 792 1537 si
824 1483 878 1537 in
919 1485 1039 1555 ipso
1079 1487 1224 1544 facta
1271 1500 1421 1557 sunt,
1459 1502 1514 1549 et
1550 1510 1648 1563 per
1678 1496 1857 1565 ipsum
1900 1498 2065 1565 facta,

489 1568 580 1622 ille
606 1576 659 1623 et
687 1570 956 1628 Adamum
991 1575 1306 1645 fabricavit,
1339 1593 1395 1638 et
1420 1599 1487 1637 ex
1517 1583 1685 1639 Maria
1722 1589 1937 1659 Virgine
1963 1592 2067 1646 sibi

2176 592 2356 661 τέραν
2400 593 2497 647 καὶ
2526 595 2655 649 καθ’
2686 595 2994 664 ὁμοίωσιν.
3042 597 3175 651 Ἀπὸ
3219 599 3277 652 δὲ
3305 600 3402 654 τοῦ
3436 602 3560 665 ἑνὸς
3603 604 3775 674 ἔργω

2180 682 2504 753 σταθήσεται
2534 685 2766 755 φανερὸς
2797 685 3077 757 γινόμενος
3105 690 3134 741 ό
3174 691 3461 762 τεχνίτης,
3499 694 3587 746 ὅτι
3615 689 3773 761 οὗτός

2178 773 2326 825 ἐστιν
2350 775 2380 826 ὁ
2406 774 2525 827 τότε
2550 774 2642 827 τὸν
2673 774 2958 848 ἄνθρωπον
2990 781 3333 851 πεποιηκὼς,
3366 783 3586 851 πλάσας
3615 806 3680 842 τε
3707 792 3772 844 ὲκ

2176 862 2279 931 γῆς
2312 860 2371 915 τὸ
2396 861 2488 915 τοῦ
2527 863 2700 933 ’Δδάμ
2729 863 2908 933 σῶμα,
2941 866 3036 920 καὶ
3059 868 3292 939 ποιήσας
3315 871 3451 924 αὐτὸ
3478 875 3561 936 είς
3587 875 3770 947 ψυχὴν

2176 948 2380 1014 ζῶσαν.
2422 950 2514 1003 Διὸ
2562 952 2656 1005 καὶ
2704 953 3085 1025 ἐμαρτύρησεν
3130 956 3159 1008 ὁ
3201 955 3356 1024 ἅγιος
3414 961 3673 1031 Ἰωάννης
3708 968 3769 1019 ὲν

2174 1041 2252 1111 τῷ
2282 1041 2420 1112 ἁγίῳ
2456 1042 2771 1114 Εὐαγγελίῳ
2796 1084 2813 1110 ,
2841 1044 3015 1112 λέγων
3040 1085 3055 1110 ,
3106 1047 3189 1100 ὅτι
3246 1048 3344 1101 Ἐν
3392 1051 3558 1120 ἀρχῇ
3604 1049 3687 1123 ἦν
3732 1058 3767 1110 ό

2175 1133 2363 1200 Λόγος
2386 1171 2402 1195 ,
2438 1132 2537 1185 καὶ
2574 1136 2607 1186 ό
2635 1134 2825 1205 Λόγος
2855 1131 2934 1203 ἦν
2956 1136 3106 1204 πρὸς
3132 1139 3240 1191 τὸν
3269 1141 3419 1193 Θεὸν
3442 1182 3456 1203 ,
3489 1143 3595 1195 καὶ
3618 1144 3766 1211 Θεὸς

2173 1217 2253 1292 ἦν
2285 1225 2318 1276 ὁ
2362 1223 2570 1292 Λόγος.
2606 1218 2796 1289 Οὗτος
2829 1221 2905 1293 ἦν
2947 1225 3018 1278 ἐν
3047 1225 3208 1295 ἀρχῇ
3245 1228 3400 1296 πρὸς
3445 1231 3557 1283 τὸν
3591 1234 3759 1287 Θεόν.

2174 1311 2377 1367 Πάντα
2408 1312 2482 1365 δι’
2518 1313 2703 1368 αὑτοῦ
2733 1314 2969 1382 ἐγένετο
2992 1355 3009 1379 ,
3053 1316 3152 1369 καὶ
3180 1319 3361 1386 χωρὶς
3399 1322 3593 1376 αὑτοῦ
3637 1322 3762 1392 ἐτέ-

2173 1418 2309 1455 νετο
2347 1400 2486 1455 οὐδε
2516 1400 2616 1468 ἐν,
2645 1404 2740 1455 καὶ
2773 1402 2841 1455 τὰ
2865 1401 3011 1472 ἑξῆς.

2244 1493 2307 1546 Ei
2339 1493 2396 1546 δὲ
2431 1494 2490 1547 ἐν
2544 1492 2692 1563 αὐτῷ
2747 1493 2963 1562 ἐγένετο
2988 1536 3002 1559 ,
3045 1495 3139 1550 καὶ
3176 1496 3267 1549 ὑπ’
3300 1497 3470 1552 αὐτοῦ
3517 1500 3761 1568 ἐγένετο,

2172 1584 2337 1647 αὐτὸς
2381 1585 2500 1638 τότε
2550 1585 2639 1637 τὸν
2681 1584 2850 1655 Ἀδὰμ
2899 1585 3130 1653 ἔπλασε,
3166 1587 3259 1641 καὶ
3310 1590 3473 1653 αὐτὸς
3503 1591 3669 1647 πάλιν
3698 1592 3763 1648 τὸ

487 1674 690 1730 corpus
723 1663 952 1729 ellinxit,
977 1683 1041 1722 ac
1073 1677 1241 1724 totam
1271 1675 1506 1744 denique
1546 1678 1648 1731 sibi
1682 1688 1938 1734 naturam
1975 1683 2065 1737 ho-

2174 1675 2334 1746 σῶμα
2365 1675 2473 1728 ἀπὸ
2500 1674 2717 1746 Μαρίας
2754 1675 2856 1745 τῆς
2880 1675 3155 1747 Παρθένου
3185 1677 3265 1740 εἰς
3296 1679 3493 1732 ἑαυτὸν
3527 1680 3759 1735 ἀνεπλάο

488 1751 655 1807 minis
685 1754 957 1822 adjunxit,
995 1756 1161 1828 quam
1194 1776 1224 1815 a
1261 1778 1321 1818 se
1357 1764 1450 1819 illo
1492 1773 1737 1835 tempore
1767 1770 2067 1839 conditam,

486 1838 707 1895 demum
734 1846 1046 1902 arctissime
1082 1850 1185 1903 sibi
1214 1854 1512 1920 copulavit.
1549 1854 1667 1909 Jam
1699 1873 1829 1912 vero
1863 1861 1912 1915 si
1944 1862 2080 1917 alie-‘

484 1943 616 1982 num
661 1945 800 1999 opus
841 1936 1129 2004 usurpavit
1169 1938 1312 2008 ejus,
1372 1941 1465 2011 qui
1516 1952 1735 2001 creatas
1785 1962 1875 2001 res
1928 1948 2070 2004 male

483 2017 751 2086 condidit,
787 2036 851 2075 ac
880 2024 1057 2079 malus
1100 2028 1359 2095 opinione
1397 2038 1487 2084 tua
1522 2029 1657 2098 fuit;
1698 2034 1770 2100 si,
1821 2035 2065 2105 inquam,

484 2107 646 2163 malis
678 2112 940 2179 cperibus
984 2130 1118 2171 usus
1155 2124 1259 2182 est,
1302 2134 1424 2188 qua:
1459 2136 1488 2175 a
1519 2124 1663 2177 malo
1697 2133 1826 2180 sunt
1859 2126 2068 2182 artitice

483 2196 751 2266 profecta,
778 2202 1058 2260 Creatoris
1080 2222 1138 2261 se
1163 2210 1406 2278 nequitia
1437 2210 1798 2282 implicaverit
1825 2225 2064 2287 oportet,

485 2303 587 2343 usu
622 2291 715 2345 illo
743 2307 807 2348 ac
837 2295 1106 2352 beneﬁcio
1142 2318 1154 2353 :
1188 2306 1302 2354 tum
1334 2301 1581 2371 ejusdem
1617 2306 1854 2378 imagine
1884 2324 2069 2380 capes-

481 2380 685 2449 senda;
738 2385 884 2454 quod
927 2388 1044 2442 ﬁeri
1095 2392 1321 2447 omnino
1364 2409 1475 2449 non
1515 2406 1716 2466 potest.
1754 2398 1968 2456 Etenim
2018 2402 2066 2458 si

482 2470 724 2528 hominis
761 2484 1012 2532 naturam
1042 2481 1240 2546 induit,
1283 2499 1393 2539 non
1427 2501 1647 2543 carnem
1680 2490 1862 2556 modo,
1890 2493 1984 2548 sed
2013 2502 2068 2549 et

481 2562 719 2616 animam
755 2569 1016 2638 suscepit.
1055 2569 1245 2643 Neque
1273 2576 1419 2630 enim
1452 2577 1750 2634 obscurum
1788 2580 1923 2638 illud
1959 2595 2062 2640 est.

480 2646 584 2714 Qui
611 2651 758 2705 enim
782 2655 987 2726 alioqui
1012 2659 1218 2716 diceret
1241 2678 1260 2715 :
1288 2662 1612 2720 Potestatem
1643 2668 1805 2723 habeo
1831 2675 2067 2741 accipere

481 2739 717 2794 animam
748 2759 936 2812 meam,
959 2756 1009 2801 et
1035 2763 1227 2817 ponere
1257 2768 1375 2805 eam
1397 2756 1462 2808 ’Ὺ
1491 2755 1860 2821 Quamobrem
1892 2770 2065 2818 totum

482 2832 616 2885 illud
649 2848 789 2903 Opus
823 2852 1134 2907 assumens,
1173 2858 1335 2912 quam
1376 2845 1606 2902 Creator
1644 2850 1931 2922 imaginem
1965 2871 2063 2925 ap-

483 2923 670 2984 pellat.
709 2932 880 2980 totum
916 2929 1070 2995 illud,
1112 2933 1358 3002 inquam,
1401 2951 1467 2990 ex
1511 2954 1740 3010 corpore
1773 2923 2064 3017 animaque

480 3012 809 3084 conﬂatum,
840 3020 1039 3089 quibus
1066 3023 1228 3079 homo
1257 3028 1507 3096 partibus
1534 3041 1773 3099 constat,
1813 3011 2060 3095 divinum
2089 3011 2131 3068 ς·

486 3104 591 3160 sibi
624 3104 858 3164 Verbum
891 3111 1160 3182 adjunxit.
1207 3117 1364 3183 Quod
1412 3121 1457 3176 si
1500 3122 1573 3176 ita
1606 3132 1712 3191 est,
1743 3130 1937 3185 veneni
1981 3132 2064 3186 tui

483 3197 777 3255 ellicacitas
802 3205 981 3259 omnis
1008 3208 1394 3279 exstinguitur,
1427 3224 1490 3267 ac
1517 3216 1914 3274 tumultuosum
1944 3236 2065 3289 perv

486 3284 874 3364 turbatumque
918 3296 1111 3367 dogma
1150 3301 1387 3357 concidit
1427 3321 1441 3358 :
1478 3305 1626 3375 quod
1670 3307 1821 3362 nullo
1870 3284 2063 3365 funda-

487 3392 671 3438 mento
711 3386 1040 3455 stabilitum,
1083 3392 1234 3445 nulla
1274 3393 1524 3451 veritatis
1561 3394 1818 3454 ﬁrmitate
1845 3414 1908 3456 ac
1937 3404 2066 3459 soli-

486 3473 660 3532 ditate
696 3478 916 3533 nititur.

552 3563 618 3619 ν.
650 3567 923 3623 Caeterum
949 3586 1071 3625 cum
1099 3588 1128 3628 e
1151 3576 1322 3630 sacris
1351 3575 1574 3636 Litteris
1603 3583 1866 3654 quidquid
1900 3586 2064 3658 385

480 3656 748 3725 placuerit
790 3660 982 3731 eligas,
1038 3671 1132 3718 aut
1189 3667 1437 3736 rejicias,
1498 3672 1660 3741 plane
1715 3656 2067 3745 judicemitie

481 3748 659 3819 legum
708 3766 817 3806 non
860 3754 1209 3825 interpretem
1254 3757 1427 3826 facis,
1469 3778 1533 3818 ac
1573 3765 1905 3824 deloctorcm
1950 3784 2068 3824 om-

480 3837 631 3891 nium
676 3855 798 3909 qua:
830 3858 899 3896 ex
942 3845 1110 3899 animi
1156 3848 1232 3901 tui
1282 3853 1556 3908 sententia
1598 3855 1821 3913 minime
1862 3859 2067 3929 scripta

479 3938 645 3998 sunt;
673 3946 794 4001 quae
816 3934 919 3989 etsi
946 3937 1234 3995 verissima
1257 3941 1389 4005 sint,
1418 3945 1556 4000 falso
1577 3961 1607 3999 a
1636 3953 1690 4002 te
1711 3948 2065 4006 nihilominus

479 4031 913 4090 commutantur,
948 4034 1002 4082 et
1035 4028 1102 4082 ad
1136 4039 1289 4086 luum
1333 4048 1396 4088 ac
1438 4042 1660 4090 tuorum
1693 4054 1937 4094 errorem
1971 4055 2065 4095 ac-

477 4115 919 4173 commodantur.
950 4118 1105 4186 Quod
1139 4123 1185 4178 si
1217 4126 1395 4181 malus
1426 4127 1650 4197 quidam
1692 4130 1884 4186 artifev
1929 4132 2066 4188 infe-

480 4203 627 4260 riora
648 4206 785 4273 haac,
822 4224 887 4264 ac
921 4212 1182 4267 mundum
1213 4213 1349 4269 adeo
1379 4217 1543 4272 istum
1571 4220 1796 4275 molitus
1826 4216 1929 4287 est,
1966 4239 2067 4278 cur

2172 1782 2330 1819 σατο·
2362 1767 2456 1819 καὶ
2483 1765 2702 1829 τελείως
2734 1766 2831 1836 τὴν
2887 1768 3065 1820 πᾶσαν
3119 1767 3286 1822 αὑτοῦ
3338 1770 3755 1844 ὲνανθρὼπησιν

2171 1858 2444 1927 συνήνωσε
2471 1896 2486 1920 ,
2510 1855 2609 1928 τὴν
2641 1858 2732 1910 ὑπ’
2782 1856 2948 1910 αὑτοῦ
2981 1859 3105 1912 τότε
3135 1859 3469 1916 πλασθείσαν
3490 1904 3507 1927 ,
3536 1866 3634 1918 aut
3662 1865 3753 1918 νῦν

2168 1947 2227 2001 ὲν
2277 1945 2452 2017 ἐαυτῷ
2486 1946 2893 2000 συνενωθεῖσαν.
2933 1950 2995 2001 Εί
3029 1949 3086 2002 δὲ
3138 1950 3429 2023 ἀλλοτρίαν
3490 1956 3751 2027 ἐργασίαν

2168 2038 2248 2100 είς
2276 2036 2463 2089 ἑαυτὸν
2497 2035 2656 2089 ἔλαϐε
2704 2036 2800 2090 τοῦ
2842 2037 3026 2102 κακῶς
3054 2040 3152 2109 τὴν
3189 2040 3387 2095 πλάσιν
3421 2043 3748 2110 πλάσαντος,

2169 2128 2261 2181 κα)⁸
2289 2126 2458 2180 κακοῦ
2484 2127 2817 2198 ὑπάρχοντος
2845 2130 2984 2184 κατά
3010 2131 3109 2200 τὴν
3132 2131 3226 2185 σοῦ
3257 2132 3631 2201 διδασκαλίαν,
3658 2138 3749 2191 καὶ

2167 2220 2216 2272 εί
2254 2218 2390 2282 ὅλως
2418 2220 2686 2290 κέχρηται
2710 2223 2820 2284 τοῖς
2847 2224 3037 2284 κακοῖς
3068 2224 3369 2294 ποιήμασιν
3395 2268 3409 2292 ,
3439 2224 3525 2290 οἷς
3545 2231 3577 2281 ὁ
3611 2231 3748 2284 κατά

2170 2309 2229 2363 σὲ
2257 2309 2427 2372 κακὸς
2454 2312 2682 2381 ποιητὴς
2709 2311 3001 2383 εἰργάσατο
3024 2329 3037 2342 °
3065 2313 3173 2384 ἄρα
3215 2316 3457 2388 ἐπεμίγη
3488 2321 3555 2390 τῇ
3584 2324 3748 2393 κακίᾳ

2166 2394 2261 2449 τοῦ
2309 2396 2532 2467 ποιητοῦ
2571 2399 2765 2469 χρήσει
2804 2417 2864 2452 τε
2913 2402 3009 2455 καὶ
3057 2403 3381 2476 εὐεργεσίᾳ,
3418 2409 3516 2461 καὶ
3542 2414 3614 2481 τῇ
3644 2412 3747 2483 ἰδίᾳ

2166 2483 2331 2538 αὐτοῦ
2358 2485 2527 2539 εἰκόνι
2551 2501 2563 2514 ·
2594 2487 2709 2540 ἀλλ’
2741 2488 2840 2542 οὐκ
2882 2489 3175 2561 ἐνδέχεται.
3207 2494 3270 2545 Et
3317 2496 3427 2566 γάρ
3471 2498 3746 2570 ἐνηνθρώ-

2168 2592 2340 2645 πησεν
2363 2614 2379 2639 ,
2412 2576 2473 2629 οὐ
2517 2578 2675 2646 μόνον
2710 2577 2888 2650 σάρκα
2939 2580 3188 2650 εἴληφεν,
3229 2583 3365 2638 ἀλλά
3405 2587 3502 2639 καὶ
3545 2587 3743 2660 ψυχήν.

2166 2666 2331 2736 Δῆλον
2360 2667 2467 2736 γάρ
2491 2666 2641 2721 ἔσται
2667 2668 2843 2723 τοῦτο.
2889 2671 3041 2724 Ἐπεή⁸
3072 2672 3234 2727 πόθεν
3263 2674 3450 2744 ἔλεγεν
3479 2694 3495 2709 ο
3545 2679 3745 2744 Ἔξῡυο

2165 2757 2309 2810 alar
2345 2757 2462 2827 ἔχω
2493 2758 2702 2813 λαϐεῖν
2738 2759 2852 2829 τὴν
2880 2761 3094 2832 ψυχήν
3121 2782 3263 2833 μου,
3290 2768 3389 2821 καὶ
3424 2770 3618 2826 θεῖναι
3644 2775 3747 2827 αὺ-

2164 2847 2308 2914 τήν;
2337 2848 2447 2919 Τὴν
2480 2851 2661 2903 πᾶσαν
2687 2850 2867 2904 τοίνυν
2901 2856 3282 2923 πραγματείαν
3319 2858 3743 2932 ἀναλεξάμενος,

2163 2937 2262 3009 τὴν
2308 2939 2561 3011 ῥηθεῖσαν
2617 2941 2722 2994 ὑπὸ
2768 2940 2859 2994 τοῦ
2899 2945 3249 3017 Δημιουργοῦ
3292 2949 3514 3016 εἰκόνα,
3570 2956 3748 3009 πᾶσαν

2165 3033 2545 3103 πραγματείαν
2579 3034 2886 3101 ἀνεδέξατο,
2925 3038 2981 3090 ὲν
3008 3038 3084 3108 τῷ
3115 3038 3322 3110 σώματι
3352 3042 3450 3097 καὶ
3481 3044 3630 3116 ψυχῇ
3663 3048 3746 3100 ὲλο

2166 3122 2274 3178 θὼν
2315 3125 2344 3177 ὁ
2387 3125 2591 3193 Λόγος.
2621 3128 2714 3181 καὶ
2748 3130 2807 3180 ὲν
2848 3129 3052 3194 ὁποίοις
3080 3130 3280 3187 ἅπασίν
3311 3136 3461 3189 ἐστιν
3489 3138 3519 3190 ὁ
3544 3138 3748 3209 ἅνθρω-

2165 3231 2285 3279 πος.
2354 3216 2568 3294 Τούτων
2625 3218 2683 3271 δὲ
2748 3219 2922 3284 οὕτως
2981 3221 3345 3279 τελεσθέντων
3373 3266 3389 3291 ,
3451 3227 3748 3294 ὲξάπαντος

2165 3292 2491 3377 ἡμαύριιῖταί
2529 3324 2620 3360 σου
2655 3308 2715 3360 τὸ
2738 3309 3083 3383 δηλητήριον,
3113 3315 3206 3368 καὶ
3236 3314 3402 3370 ἔπεσέ
3429 3335 3525 3371 σου
3551 3322 3585 3391 ἡ
3624 3292 3747 3377 στάζ

2165 3416 2249 3461 σις
2283 3399 2315 3469 ἡ
2347 3398 2709 3470 ἀθεμελίωτος
2735 3441 2751 3469 ,
2803 3401 2877 3475 μὴ
2927 3402 3125 3473 ἔχουσα
3167 3406 3330 3477 πῆξιν
3379 3410 3749 3483 ἑδραιῶματος

2164 3490 2427 3563 ἀληθείας
3296 3570 3319 3579 ί

2236 3585 2309 3637 E'.
2347 3585 2408 3637 Ei
2433 3585 2491 3639 δὲ
2534 3586 2629 3640 καὶ
2667 3586 2701 3640 ἃ
2733 3586 2912 3657 βούλει
2952 3588 3249 3661 λαμϐάνεις
3296 3593 3408 3647 ἀπὸ
3451 3597 3554 3668 τῆς
3598 3596 3743 3663 θείας

2166 3675 2388 3746 Γραφῆς
2415 3716 2429 3741 ι
2487 3677 2582 3731 καὶ
2629 3677 2665 3732 ἃ
2723 3679 2902 3749 βούλει
2953 3682 3423 3751 καταλιμπάνεις’
3462 3688 3574 3760 ἄρα
3622 3690 3745 3758 γοῦν

2167 3764 2358 3836 κριτὴς
2408 3768 2743 3837 προκαθίσας
2785 3768 2806 3799 ³
2830 3809 2846 3835 ,
2876 3770 2973 3840 οὐχ
3007 3772 3348 3845 ἑρμηνευτὴς
3384 3775 3497 3830 τῶν
3546 3777 3742 3848 νόμων,

2167 3856 2302 3911 ἀλλά
2351 3857 2608 3927 ὲκλογεὺς
2661 3860 2768 3915 τῶν
2806 3860 2867 3914 οὐ
2907 3860 3049 3914 κατά
3085 3863 3176 3916 τὸν
3208 3864 3333 3917 νοῦν
3383 3882 3478 3919 σου
3516 3869 3745 3938 γραφέν-

2165 3965 2275 4002 των
2299 3992 2315 4016 ,
2362 3949 2497 4004 ἀλλά
2526 3950 2695 4006 ὄντων
2721 3951 2822 4023 μὲν
2845 3951 3129 4024 ’ἀληθινῶν
3149 3993 3164 4018 ,
3201 3956 3351 4027 παρά
3380 3957 3466 4010 σοὶ
3503 3958 3560 4012 δὲ
3589 3977 3743 4031 μετα-

2167 4040 2501 4112 ποιηθὲντων
2525 4041 2756 4112 ψευδῶς,
2792 4045 2889 4098 καὶ
2920 4044 3061 4099 κατά
3083 4045 3172 4099 τὸν
3197 4046 3320 4100 νοῦν
3352 4051 3450 4121 τῆς
3478 4050 3581 4121 σῆς
3609 4053 3744 4106 ἀπάο

2164 4148 2295 4201 της,
2326 4134 2420 4186 καὶ
2457 4132 2564 4189 τῶν
2596 4134 2701 4188 ὑπὸ
2732 4134 2825 4188 σοῦ
2867 4137 3251 4208 ἠπατημένων.
3303 4139 3364 4192 Ei
3402 4140 3461 4193 δὲ
3492 4142 3587 4195 καὶ
3614 4143 3744 4206 ὅλως

2166 4221 2335 4284 κακὸς
2366 4224 2595 4294 ποιητὴς
2642 4227 2709 4278 τά
2742 4224 2974 4278 ἐνταῦθα
3027 4227 3350 4298 εἰργάσατο,
3400 4231 3545 4301 φημὶ
3575 4230 3630 4285 δὲ
3657 4232 3743 4285 τὸν

479 4310 513 4350 a
541 4295 688 4352 bono
725 4297 887 4356 Patre
918 4302 1121 4385 m‘issus
1160 4305 1267 4360 huc
1300 4307 1391 4363 ille
1421 4308 1741 4369 descendit?
1771 4311 1825 4364 Si
1873 4319 1931 4366 ut
1964 4314 2060 4367 ho-

2170 4313 2390 4384 κόσμον,
2422 4315 2563 4379 τίνος
2591 4316 2751 4371 ἕνεκα
2785 4312 2947 4389 ἦλθεν
2979 4321 3007 4372 ὁ
3050 4295 3158 4374 ἀπὸ
3190 4295 3641 4394 ἀγαθοῦ
3668 4325 3741 4387 εἰς

482 4385 690 4441 minum
740 4404 912 4457 genus
953 4395 1223 4465 eriperet.
1278 4398 1474 4454 horum
1532 4401 1746 4457 scilicet
1801 4413 2060 4474 tanquam

482 4489 709 4533 suorum
765 4497 952 4537 curam
1000 4489 1270 4557 suscepit.
1318 4507 1418 4546 nec
1466 4493 1608 4548 alius
1636 4494 1765 4563 ~jam
1813 4496 2066 4550 conditor

440 4554 447 4561 ί
479 4581 602 4622 esse
625 4571 903 4638 putandus
935 4584 1037 4629 est.
1078 4576 1173 4653 Sin
1216 4579 1424 4637 alienos
1471 4584 1704 4647 curavit,
1737 4601 1910 4655 eaque
1942 4603 2063 4656 qua:

483 4656 617 4711 nihil
646 4659 712 4712 ad
738 4676 798 4716 se
823 4664 1191 4732 pertinebant,
1218 4684 1484 4740 usurpare
1521 4687 1584 4726 ac
1611 4690 1833 4730 servare
1858 4678 2060 4743 voluit;

483 4755 578 4800 aut
630 4751 971 4808 adulatorem
1025 4753 1196 4812 fuisse
1253 4776 1480 4817 necesse
1529 4772 1640 4830 est,
1703 4765 1799 4834 qui
1870 4766 2063 4821 alienis

482 4839 801 4909 adhaeserit;
847 4854 942 4899 aut
985 4848 1173 4919 gloria:
1218 4852 1499 4922 cupidum,
1546 4855 1639 4925 qui
1680 4863 1737 4910 ut
1768 4856 2064 4915 Conditore

483 4945 543 4985 se
568 4936 1003 5001 praestantiorem
1032 4942 1368 5008 ostenderet,
1411 4961 1522 5015 pra:
1561 4948 1752 5003 alienis
1781 4964 1901 5017 qua:
1944 4966 2062 5004 ser-

484 5036 610 5076 vare
660 5023 991 5089 instituerat.
1034 5045 1260 5086 suorum
1317 5035 1543 5091 minime
1587 5037 1858 5093 desiderio
1912 5047 2061 5096 tene-

485 5121 633 5168 retur
669 5136 680 5170 :
713 5134 777 5172 ex
819 5136 926 5188 quo
956 5137 1118 5178 verus
1152 5139 1215 5179 ac
1248 5126 1496 5183 sincerus
1525 5144 1647 5185 esse
1679 5129 1910 5186 desinet.
1952 5132 2057 5187 Sed

486 5220 660 5273 neque
691 5212 1061 5269 moderatione
1092 5217 1263 5270 animi
1295 5220 1587 5288 praeditus,
1620 5223 1711 5293 qui
1746 5239 1870 5277 cum
1902 5238 2057 5277 crea-

486 5304 597 5350 tam
649 5314 759 5352 rem
799 5304 1001 5357 nullam
1041 5309 1313 5377 propriam
1365 5310 1578 5378 habeat,
1626 5315 1804 5369 aliena
1849 5329 2057 5369 concu-

485 5386 669 5455 piscit,
701 5395 754 5443 et
782 5390 1130 5451 intervertere
1163 5398 1379 5462 studet,
1416 5400 1517 5455 hoc
1547 5411 1632 5459 est
1658 5404 1869 5459 animas
1890 5444 1905 5470 ,
1938 5419 2059 5474 qua:

580 5540 598 5571 ί
627 5541 782 5598 .loan.
817 5560 853 5607 ι,
897 5547 951 5627 Ι,
979 5549 1030 5604 “3.

2164 4402 2311 4456 τόνδε
2340 4406 2429 4457 τὸν
2472 4406 2679 4472 αἰῶνα;
2713 4407 2820 4460 Καὶ
2869 4410 2917 4461 εἰ
2956 4409 3054 4480 μὲν
3087 4410 3172 4462 ἵνα
3207 4408 3355 4481 σώσῃ
3401 4411 3738 4482 ἀνθρώπως,

2163 4493 2272 4565 ἄρα
2302 4494 2407 4547 τῶν
2439 4496 2583 4549 ἰδίων
2622 4498 3015 4570 ἑπεμελήσατο,
3053 4499 3145 4552 καὶ
3185 4499 3368 4553 οὐκέτι
3411 4500 3573 4565 ἄλλος
3604 4503 3688 4574 εἴη
3716 4505 3742 4555 ό

2162 4583 2521 4656 δημιουργός·
2556 4590 2602 4641 εἰ
2645 4588 2700 4641 δὲ
2729 4589 2790 4642 οὐ
2839 4590 2948 4642 τῶν
2980 4589 3125 4643 ἰδίων
3161 4590 3441 4661 προενόει,
3502 4592 3740 4662 βούλεται

2161 4673 2217 4725 δὲ
2251 4676 2307 4726 ἐν
2345 4677 2455 4738 τοῖς
2502 4675 2801 4748 ἀλλοτρίοις
2834 4679 3184 4750 ἐπεμϐαίνειν
3208 4723 3221 4745 ,
3257 4683 3351 4736 καὶ
3388 4686 3460 4739 τὰ
3484 4688 3587 4740 οὐκ
3618 4688 3739 4741 ὄντα

2162 4764 2309 4834 αὐτῷ
2375 4765 2655 4830 διασώζειν
2689 4785 2701 4799 -
2764 4769 2797 4840 ἢ
2861 4769 3025 4833 κόλαξ
3098 4772 3215 4824 ἐστὶ
3276 4776 3388 4838 τοῖς
3448 4775 3739 4848 ἀλλοτρίοις

2166 4856 2584 4929 προσλιπαρῶν,
2706 4859 2980 4923 κενόδοξος
3006 4900 3021 4924 ,
3051 4861 3137 4914 ἵνα
3183 4863 3447 4935 κρείττων
3478 4865 3572 4918 τοῦ
3613 4868 3738 4920 Κτίο

2167 4963 2292 4999 στου
2320 4952 2459 5019 φανῇ
2482 4989 2496 5009 ,
2530 4949 2663 5018 πρὸς
2695 4949 2763 5002 τὰ
2795 4950 3047 5022 ἀλλότρια
3074 4951 3109 5005 ἃ.
3137 4952 3421 5018 διασώζειν
3466 4959 3734 5027 πειρᾶται,

2162 5039 2270 5091 τῶν
2305 5039 2447 5092 ἰδίων
2479 5040 2552 5111 μὴ
2582 5041 2894 5111 ἐφιέμενοςο
2929 5044 3021 5095 καὶ
3060 5044 3240 5097 οὐκέτι
3267 5044 3419 5100 ἔσται
3456 5039 3733 5120 ἀληθινὸςσ

2165 5130 2198 5200 ἢ
2231 5132 2311 5184 ὅτι
2348 5133 2565 5204 μέτριός
2595 5136 2710 5186 ἐστι
2742 5133 2880 5185 κατά
2910 5134 2987 5197 σὲ,
3022 5128 3066 5186 ὦ
3099 5136 3345 5208 ἀγύρτα,
3377 5142 3471 5193 καὶ
3501 5142 3577 5212 μὴ
3606 5141 3735 5212 ἔχων

2166 5212 2343 5277 κτίσιν
2375 5224 2568 5277 ἑαυτοῦ
2590 5265 2605 5288 ,
2645 5225 2715 5277 τά
2754 5224 3005 5296 ἀλλότρια
3033 5225 3339 5297 ἐπιθυμῶν,
3367 5231 3539 5284 ταῦτα
3578 5233 3731 5303 συλᾷν

2168 5317 2443 5387 πειρᾶται,
2469 5317 2577 5369 ἀπὸ
2613 5315 2719 5368 τῶν
2746 5315 3036 5386 ἀλλοτρίων
3073 5318 3251 5390 ἐαυτῷ
3294 5322 3730 5393 περιποιούμενος

2165 5404 2341 5476 ψυχὰς
2371 5410 2468 5470 τὰς
2502 5407 2600 5461 οὐκ
2637 5405 2799 5471 οὔσας
2840 5407 3002 5461 αὐτοῦ
3040 5410 3132 5462 καὶ
3163 5409 3256 5463 τοῦ
3298 5412 3462 5467 αὑτοῦ
3505 5415 3724 5486 Πατρός.

1112 5553 1129 5580 ¹
1156 5552 1313 5607 Junu.
1362 5572 1411 5619 ς,
1447 5559 1524 5611 l8.
1610 5562 1627 5591 ³
1660 5559 1815 5616 Forte
1854 5562 2242 5632 προύκάθισας.
