3932 6064
233 224 344 284 829

916 225 1283 285 onsnsus
1326 227 1668 287 llASRESES
1700 229 1826 287 LIB.
1870 230 1910 288 ι.
1952 231 2115 289 ron.
2159 232 2340 288 lll.-
2366 232 2644 289 amnes.
2685 231 2870 290 xuv.
2982 214 2991 219 ’

3418 230 3523 288 850

234 343 300 397 Εί
328 341 388 396 δὲ
437 340 604 396 αὐτοῦ
653 342 751 414 μέν
782 345 920 398 εἰσιν
951 347 1006 399 αί
1032 345 1201 418 ψυχαὶ
1225 386 1239 410 ,
1269 347 1364 401 καὶ
1394 347 1599 402 ἀνωθεν
1644 349 1828 405 ἐλθοῦ-

1934 351 2070 407 nihil
2108 351 2175 407 ad
2216 366 2277 408 se
2316 353 2402 407 vel
2448 350 2735 408 Parentem
2782 364 2944 407 suum
2990 348 3288 420 pertinent,
3331 358 3525 403 contra

237 450 329 486 σαι
365 432 646 503 φαίνονται
671 473 687 496 ,
719 434 828 505 ἄρα
855 435 939 499 είς
966 435 1171 502 ἀγαθὸν
1210 436 1413 506 κόσμον
1442 437 1831 509 ἀπεστάλησαν

234 523 393 595 παρὰ
418 523 515 577 τοῦ
548 522 756 578 ἄνωθεν
786 524 930 579 κατὰ
968 524 1029 578 σὲ
1058 524 1266 594 ἀγαθοῦ
1296 524 1457 592 Θεοῦ,
1487 528 1583 581 καὶ
1610 529 1712 583 οὐκ
1754 530 1835 593 είς

234 615 479 687 πονηρὸν
528 613 711 689 ἔργον.
764 614 827 670 El
877 616 937 670 δὲ
987 616 1375 689 ἀπεστάλησαν
1404 659 1416 683 ,
1448 619 1537 673 διά
1574 635 1697 674 τινα
1735 621 1833 691 μὲν

234 709 469 779 χρῆσιν,
504 708 747 779 ἢνέτᾶχα
797 708 1112 781 μυθοποιεὶξ
1137 750 1151 774 ,
1200 709 1541 766 εἰσελθοῦσαι
1586 713 1644 766 δὲ
1699 729 1831 783 μετ-

232 798 436 853 έπεσον
465 801 547 863 είς
580 799 774 871 ἑτέραν
793 816 807 831 ·
836 801 1115 854 τουτέστιν
1142 800 1229 854 ἵνα
1249 801 1459 857 δίκαιόν
1479 820 1532 857 τι
1559 802 1828 876 πράξωσι,

233 889 476 960 πονηρὸν
514 888 573 943 δὲ
604 889 932 960 εἰργάσαντο
952 927 967 953 ,
998 888 1296 960 ὀφθήσεται
1325 892 1353 943 ὁ
1391 891 1708 955 ἐπιστείλας
1735 892 1832 945 αὑ-

232 983 336 1044 τὰς
362 981 673 1053 πρόγνωσιν
706 980 772 1035 ἂν
808 980 881 1052 μὴ
925 981 1085 1052 ἔχων.
1132 983 1350 1055 Ἐπειδὴ
1376 983 1486 1055 γὰρ
1511 984 1832 1039 ἀπέστειλεν

234 1072 411 1136 αὐτὰς
436 1072 504 1126 δι’
539 1072 726 1145 ἕτερον
747 1113 763 1137 ,
792 1074 888 1126 καὶ
921 1073 1110 1146 ἕτερόν
1149 1091 1202 1127 τι
1251 1075 1556 1147 εὑρέθησαν
1595 1076 1831 1147 ἐργασά-

239 1180 424 1235 μεναι.
456 1164 527 1217 Ἢ
563 1164 726 1218 πάλιν
775 1165 872 1219 ἐὰν
925 1165 1115 1236 εἴπῃς,
1148 1167 1231 1220 ὅτι
1264 1168 1325 1221 οὐ
1368 1167 1511 1221 κατὰ
1542 1168 1641 1237 τὴν
1663 1167 1830 1221 αὑτοῦ

237 1255 499 1327 βούλησιν
563 1256 890 1328 ἐληλύθασιν
921 1296 936 1321 ,
1006 1257 1144 1311 ἀλλά
1200 1259 1342 1312 κατά
1397 1258 1688 1331 τυραννίδα
1735 1250 1829 1312 τοῦ

236 1347 689 1419 ἀφαρπάζοντος·
713 1347 824 1418 ἄρα
854 1348 1073 1419 ίσχυρός
1100 1350 1250 1405 ἐστιν
1273 1353 1302 1405 6
1332 1350 1574 1415 κτισθεις
1598 1349 1705 1403 ὑπὸ
1734 1349 1829 1404 τοῦ

238 1438 449 1507 ἀγαθοῦ
478 1439 615 1493 Θεοῦ
643 1439 881 1511 πονηρὸς
925 1439 1259 1513 δημιουργὸς
1308 1442 1459 1515 παρὰ
1498 1442 1590 1495 τὸν
1627 1442 1831 1511 ἀγαθὸν

236 1530 396 1595 Θεὸν,
426 1531 511 1585 ὅτι
538 1531 609 1585 τὰ
636 1531 802 1587 αὐτοῦ
827 1533 1141 1605 ὑπάρχοντα
1171 1534 1503 1607 ἀφαρπάξας
1535 1534 1826 1606 ἐχρήσατο.

236 1625 412 1679 Πόθεν
460 1625 519 1679 δὲ
572 1626 633 1678 οὐ
669 1625 1025 1698 διελεγχθήσῃ
1050 1667 1064 1690 ,
1105 1625 1272 1681 αὐτοῦ
1316 1625 1413 1678 τοῦ
1444 1625 1696 1696 Σωτῆρος
1726 1626 1830 1695 φά-

1929 443 2022 512 jus
2069 441 2263 513 fasque
2312 441 2617 498 vindicare.
2661 440 2820 508 Quod
2869 441 2914 497 si
2959 441 3196 512 propria:
3235 447 3365 495 sunt
3403 439 3526 508 ejus

1933 533 2151 599 animae,
2177 541 2344 604 atque
2369 548 2401 588 e
2430 534 2572 588 coelo
2601 533 2839 604 delapsa:
2868 532 3143 597 videntur,
3174 546 3521 602 consequens

1932 630 2038 690 est,
2066 639 2162 680 eas
2200 639 2231 678 a
2273 640 2533 695 supremo
2560 625 2814 696 bonoque
2841 622 2955 679 Deo
2996 623 3219 688 missas,
3251 630 3307 677 et
3342 622 3395 676 in
3428 623 3526 678 bo-

1934 729 2063 767 num
2104 712 2371 769 mundum
2405 713 2748 770 introductas
2789 712 2981 768 fuisse.
3015 713 3195 782 Atque
3233 720 3291 765 ut
3321 710 3524 767 missas
3586 770 3595 789 ην

1933 805 2057 860 illas
2088 804 2156 859 ad
2188 819 2348 861 usum
2377 804 2612 874 aliquem
2632 802 2867 868 fateare,
2893 818 3054 873 quem
3085 810 3203 858 tute
3228 801 3517 857 conﬂuxe-

1930 896 2031 961 ris,
2056 896 2149 952 ubi
2190 904 2373 953 autem
2415 896 2681 967 ingressae
2727 904 2858 951 sunt
2902 895 3167 950 aliorsum
3209 891 3522 959 deﬂexisse,

1935 993 2067 1056 puta
2113 993 2173 1040 ut
2206 986 2358 1056 juste
2384 985 2595 1056 aliquid
2637 994 2864 1056 agerent
2919 984 3230 1049 immissas,
3286 982 3512 1039 sceleris

1931 1075 2216 1146 quidpiam
2254 1084 2636 1146 perpetrasse;
2666 1075 2757 1145 qui
2804 1090 2900 1131 eas
2941 1074 3198 1145 allegavit
3227 1073 3364 1128 nihil
3408 1088 3529 1128 om-

1937 1168 2072 1222 nino
2103 1165 2423 1237 praevidisse
2472 1165 2761 1222 videbatur
2781 1206 2795 1231 ,
2828 1181 2955 1221 cum
2987 1165 3216 1219 alterius
3243 1165 3322 1219 rei
3349 1164 3525 1234 gratia

1932 1257 2166 1322 miserit,
2194 1272 2274 1313 ere
2307 1272 2439 1314 vero
2467 1257 2749 1312 contraria
2780 1256 2964 1313 omnia
3012 1254 3392 1327 praestiterint.
3428 1254 3525 1308 Sin

1931 1365 1998 1405 eo
2028 1349 2339 1422 confugias,
2384 1359 2445 1404 ut
2492 1351 2641 1406 illius
2690 1350 2930 1420 injussu,
2974 1364 3040 1404 ac
3083 1348 3321 1419 raptoris
3347 1355 3529 1418 tyran-

1931 1441 2061 1496 nide
2091 1449 2313 1498 coactas
2344 1442 2562 1497 venisse
2597 1442 2942 1513 pronunties,
2977 1440 3140 1512 plane
3173 1448 3394 1495 creatus
3435 1438 3526 1493 ille

1932 1546 1962 1584 a
2016 1531 2162 1587 bono
2215 1530 2326 1587 Deo
2371 1532 2552 1587 malus
2596 1531 2789 1587 artifex
2832 1532 2979 1586 bono
3016 1531 3137 1602 ipso
3174 1528 3287 1585 Deo
3334 1528 3528 1583 fortior

1931 1617 2247 1674 censendus
2284 1612 2389 1679 est,
2437 1619 2531 1690 qui
2567 1635 2691 1689 qua:
2732 1620 2800 1675 ad
2840 1619 2993 1675 illum
3032 1620 3374 1689 pertinebant
3414 1619 3529 1674 vio.

239 1734 465 1782 σκοντος
484 1758 499 1782 ,
529 1718 611 1771 ὅτι
652 1693 980 1783 Ἐξούσνίαν
998 1693 1134 1787 ἰἔχει)
1160 1717 1277 1787 τὴν
1303 1718 1517 1787 ψυχήν
1555 1693 1679 1786 ab»
1710 1693 1828 1772 dsi-

1934 1707 2107 1762 lenter
2132 1717 2321 1778 erepta
2350 1712 2419 1764 ad
2443 1724 2577 1765 usus
2616 1725 2748 1767 suos
2773 1712 3077 1767 transtulit.
3109 1709 3310 1767 Verum
3344 1727 3529 1767 nonne

234 1824 362 1871 ναι,
391 1805 493 1861 καὶ
528 1806 740 1861 λαϐεῖν
770 1806 968 1874 αὑτήν
992 1825 1005 1839 ·
1034 1807 1110 1872 ὡς
1131 1807 1297 1861 αὑτοῦ
1334 1807 1433 1878 μὲν
1465 1806 1642 1879 ψυχὴν
1680 1807 1830 1878 εἱλη-

235 1895 438 1965 φότος,
475 1896 568 1950 καὶ
612 1894 829 1961 θέντος,
871 1896 968 1950 καὶ
1018 1896 1184 1949 πάλιν
1229 1895 1487 1959 λαϐόντος
1510 1913 1524 1927 ⁸
1573 1896 1675 1949 οὐκ
1729 1895 1828 1950 ἀλ-

233 1987 458 2060 λοτρίαν
493 1984 633 2043 εἶναι
671 1988 770 2061 τὴν
796 1987 974 2061 ψυχὴν
997 2028 1013 2055 ,
1050 1989 1144 2042 καὶ
1176 1987 1368 2060 ἑτέρου
1401 1987 1756 2059 δημιουργοῦ.

1933 1807 1985 1853 te
2019 1813 2126 1853 vox
2152 1800 2272 1869 ipsa
2298 1798 2605 1856 Salvatoris
2628 1800 2912 1858 evidenter
2938 1804 3190 1871 coarguit
3221 1820 3234 1856 :
3273 1803 3526 1861 Potesta-

1932 1898 2037 1944 tem
2093 1891 2258 1946 habeo
2321 1891 2550 1962 ponendi
2610 1893 2846 1947 animam
2906 1911 3110 1961 meam,
3172 1903 3222 1949 et
3282 1893 3528 1950 sumendi

1932 1980 2123 2039 illam?
2166 1982 2326 2052 quasi
2370 1983 2609 2037 animam
2664 1984 2755 2040 ille
2800 1986 3120 2056 sumpserit,
3156 2000 3220 2040 ac
3256 1986 3525 2055 posuerit,

1932 2071 2226 2141 denuoque
2255 2073 2561 2141 receperit;
2595 2080 2653 2125 ut
2688 2088 2799 2128 non
2831 2074 3009 2130 aliena
3038 2089 3162 2131 esse
3191 2074 3400 2140 anima,
3432 2082 3528 2129 aut

1814 2220 1817 2223 λ
1933 2163 2089 2219 alteri
2109 2161 2291 2234 Opiﬁci
2318 2163 2613 2219 tribuenda
2636 2162 2907 2220 videatur.

309 2276 480 2332 Πάλιν
506 2277 564 2331 δὲ
590 2277 943 2349 εὑρεθήσεται
972 2279 1176 2349 ἀγαθὸν
1210 2280 1370 2351 σῶμα
1402 2281 1602 2352 φορῶν.
1623 2284 1698 2338 Οὐ
1721 2285 1831 2359 γὰρ

238 2369 309 2424 ἀν
356 2367 709 2440 πεισθήσεται
757 2371 961 2439 ἀγαθός
1006 2390 1091 2436 τις
1139 2373 1375 2445 χρῆσθαι
1407 2375 1629 2447 πονηρῷ
1657 2375 1827 2449 ἔργῳ,

235 2460 326 2513 ῐνα
363 2459 437 2532 μὴ
471 2460 581 2514 ἀπὸ
604 2460 698 2515 τοῦ
732 2461 980 2534 μετέχειν
1013 2464 1216 2533 μέρους
1236 2464 1329 2518 τοῦ
1357 2466 1597 2538 πονηροῦ
1621 2469 1715 2522 καὶ
1735 2469 1835 2522 a6-

233 2551 329 2616 τὸς
373 2552 738 2623 κρανθήσεται
784 2555 850 2624 τῇ
899 2553 1001 2623 τῆς
1050 2555 1351 2625 ἐπιμίξεως
1391 2559 1647 2630 πονηρίᾳ.
1679 2560 1742 2613 Ei
1775 2561 1832 2614 δὲ

234 2643 334 2695 καὶ
382 2643 546 2707 αὐτὸς
592 2644 878 2717 ἀνέστησε,
905 2645 1031 2714 λέγε
1085 2664 1198 2717 μοι,
1230 2648 1284 2701 τί
1332 2648 1417 2703 ἵνα
1465 2653 1667 2726 ποιήσῃ
1695 2654 1834 2724 μετά

233 2733 538 2789 ἀνάστασιν
567 2736 661 2788 καὶ
691 2736 822 2790 αὐτὸ
847 2737 1009 2791 πάλιν
1039 2738 1419 2794 καταλέλοιπε.
1450 2744 1681 2814 μερίσας
1721 2747 1834 2808 τοῖς

233 2825 501 2897 τέσσαρσι
550 2828 855 2899 στοιχείοις,
888 2828 968 2900 τῷ
1021 2828 1209 2902 θερμῷ
1255 2831 1318 2885 τὸ
1369 2831 1591 2905 θερμὸν,
1625 2835 1721 2888 καὶ
1753 2835 1833 2908 τῷ

234 2918 435 2990 ψυχρῷ
479 2920 541 2973 τὸ
588 2920 819 2992 ψυχρὸν,
849 2922 943 2974 καὶ
991 2921 1072 2992 τῷ
1123 2920 1273 2994 ξηρῷ
1303 2924 1365 2977 τὸ
1398 2923 1582 2997 ξηρὸν,
1612 2927 1705 2981 καὶ
1755 2928 1834 3001 τῷ

2004 2275 2141 2331 Illud
2161 2278 2324 2333 etiam
2345 2281 2613 2348 sequitur,
2634 2278 2841 2334 bonum
2872 2279 3007 2333 illud
3025 2279 3281 2335 habuisse
3300 2295 3525 2350 corpus.

1933 2367 2124 2438 Neque
2144 2369 2288 2424 enim
2307 2370 2627 2440 persuaderi
2662 2371 2805 2426 bono
2833 2371 3072 2441 cuipiam
3102 2380 3306 2442 potest,
3349 2371 3519 2443 386

1934 2461 2136 2514 malum
2164 2467 2223 2514 ut
2250 2476 2389 2529 opus
2416 2461 2484 2515 ad
2518 2476 2684 2516 usum
2724 2462 2979 2518 adhibeat
3004 2480 3016 2516 :
3046 2478 3114 2518 ne
3143 2463 3273 2518 dum
3300 2464 3427 2516 mali
3462 2463 3522 2515 lit

1933 2551 2230 2622 particeps,
2266 2551 2634 2622 improbitatis
2665 2567 2730 2609 ac
2764 2553 3022 2623 nequitia:
3049 2552 3375 2623 contagione
3406 2552 3526 2622 pol-

1934 2643 2138 2695 luatur.
2198 2640 2319 2695 Jam
2371 2657 2540 2706 vero,
2606 2643 2654 2699 si
2716 2644 2948 2715 ipsemet
3012 2659 3213 2714 corpus
3267 2642 3526 2699 excitavit

1938 2748 2122 2797 suum,
2177 2734 2314 2789 cedo
2366 2732 2499 2804 quid
2536 2749 2603 2791 eo
2644 2743 2768 2806 post
2824 2736 3287 2792 resurrectionem
3332 2734 3517 2789 facere

1933 2826 2301 2881 decreverat?
2328 2833 2425 2880 aut
2456 2840 2558 2880 cur
2600 2827 2799 2882 iterum
2834 2827 2967 2883 illud
3003 2827 3250 2898 reliquit.
3275 2834 3440 2897 atque
3467 2827 3522 2880 in

1934 2925 2172 2987 quatuor
2200 2917 2470 2972 elementa
2496 2918 2736 2988 partitus
2766 2926 2872 2985 est,
2914 2918 3050 2974 adeo
3082 2927 3142 2972 ut
3164 2919 3401 2972 calidum
3429 2932 3525 2972 ca-

238 3010 396 3082 ὑγρῷ
419 3010 482 3064 τὸ
510 3012 708 3083 ὑγρόν;
732 3013 795 3065 Εἰ
822 3012 934 3084 γὰρ
961 3012 1184 3086 ἤγειρεν
1209 3015 1360 3080 αὐτὸ,
1389 3016 1473 3069 ἵνα
1507 3017 1669 3071 πάλιν
1698 2999 1828 3074 αὒτδ

1936 2999 2066 3077 lido,
2097 3009 2297 3081 frigido
2331 3011 2612 3083 frigidum,
2639 3012 2789 3067 sicco
2830 3012 3062 3075 siccum,
3104 3011 3387 3065 humidum
3427 3010 3525 3065 hu-

235 3103 399 3175 λύσῃ,
427 3102 534 3176 ἄρα
554 3104 998 3176 δραματουργίας
1023 3106 1082 3160 τὸ
1105 3107 1264 3178 ἔργον
1288 3108 1448 3162 τοῦτο
1480 3111 1587 3180 εἴη,
1613 3112 1707 3164 καὶ
1729 3113 1830 3166 οὐκ

234 3194 759 3269 ἁ).ηθείας.Ἦγειρε
803 3196 862 3250 δὲ
910 3196 1044 3251 αὐτὸ
1090 3201 1120 3252 6
1162 3197 1367 3271 Κύριος
1416 3200 1577 3271 ἡμῶν
1620 3201 1831 3274 Ἰησοῦς

237 3286 494 3359 Χριστὸς,
526 3287 622 3341 καὶ
652 3288 1075 3360 συμπαρέλαϐεν
1099 3289 1297 3360 ἑαυτῷ,
1322 3292 1460 3362 ὅπερ
1487 3292 1831 3348 ἀνεπλὰσατο

235 3382 318 3444 εἰς
353 3380 545 3433 ἑαυτὸν
590 3380 751 3451 σῶμα
800 3383 898 3436 σὺν
942 3381 1087 3453 ψυχῇ
1123 3383 1217 3436 καὶ
1243 3384 1390 3456 πάσῃ
1420 3385 1829 3459 ὲνανθρωπήσει

234 3471 630 3536 τελεωτάτως.
650 3473 866 3545 Ἐπειδὴ
900 3474 1012 3545 γὰρ
1038 3475 1379 3542 συνεκάθισε,
1405 3478 1547 3533 κατὰ
1573 3479 1667 3533 τὸν
1695 3483 1831 3535 ἀπο-

240 3564 492 3618 στολικδν
513 3564 697 3635 λόγον,
724 3566 805 3619 ὅτι
821 3567 874 3619 Ὀ
893 3566 1037 3634 Θεὸς
1062 3566 1280 3637 ἤγειρε,
1299 3570 1399 3623 καὶ
1424 3572 1832 3629 συνεκάθισεν

238 3656 313 3710 ἐν
337 3655 465 3721 τοῖς
493 3655 906 3724 ἐπουρανίοιςο
937 3657 1015 3720 ὡς
1046 3658 1418 3729 μαρτυροῦσιν
1461 3662 1511 3714 οἱ
1555 3660 1651 3715 δύο
1691 3663 1742 3716 oi
1770 3665 1829 3719 ὲν

240 3747 434 3818 ἐσθῆτι
481 3747 710 3821 λαμπρᾷ
756 3748 1012 3818 ὀφθέντες
1044 3750 1382 3817 ἀποστόλοις,
1415 3752 1492 3818 ὠς
1540 3753 1788 3823 λέγουσιν
1810 3773 1825 3789 ο

243 3839 491 3909 Ἄνδρες
527 3840 859 3908 Γαλιλαῖοι,
892 3843 952 3896 τί
987 3841 1285 3912 ἑστήκατε
1328 3842 1694 3913 ἀτενίζοντες
1742 3849 1831 3915 εις

238 3932 352 3987 τὸν
372 3933 670 4001 οὐρανόν;
710 3934 908 4001 Οὕτως
942 3935 1276 4002 ἐλεύσεται,
1310 3934 1383 3990 ὃν
1406 3937 1631 4005 τρόπον
1665 3938 1822 3993 ἐθεά·

239 4027 440 4081 σασθε
462 4022 651 4079 αὐτὸν
670 4024 1261 4097 ἀναλαμϐανόμενον.
1840 4038 1853 4043 '

309 4309 404 4374 ς’.
447 4306 559 4361 Καὶ
592 4306 679 4361 ἵνα
707 4307 782 4379 μὴ
803 4280 965 4363 πάλιν
985 4307 1115 4381 δοθῇ
1142 4325 1224 4363 σοι
1252 4309 1527 4382 πρόφασις
1562 4312 1828 4383 πονηρίας

236 4398 385 4453 κατά
413 4398 515 4471 τῆς
537 4375 815 4471 ἀληθείαξ,
855 4401 995 4471 μετά
1038 4375 1229 4473 χρόνον
1267 4375 1437 4456 πολίιν
1460 4402 1563 4473 τῆς
1588 4375 1827 4457 τοῦ-’Σωέ
1859 4375 1902 4432 D

234 4492 406 4564 τῆρος
438 4489 595 4561 ἡμῶν
637 4490 982 4563 ἀναλήψεως,
1016 4493 1289 4562 Στέφανος
1316 4496 1345 4548 6
1369 4493 1522 4563 ἅγιος
1542 4494 1637 4548 τοῦ
1688 4496 1824 4550 Θεοῦ

239 4584 463 4655 μάρτυρ
496 4581 850 4654 λιθαζόμενος
890 4584 997 4637 ὑπὸ
1038 4584 1149 4637 τῶν
1175 4585 1447 4640 Ἰουδαίων
1469 4588 1823 4658 ἀπεκρίνατο,

234 4674 450 4744 λέγων’
500 4673 646 4727 Ἰδοὺ
687 4672 804 4742 ὁρῶ
846 4673 955 4727 τὸν
997 4676 1262 4744 οὐρανὸν
1290 4676 1689 4747 ἀνεῳγμένον,
1728 4682 1827 4736 καὶ

235 4767 349 4820 τὸν
404 4767 541 4819 Υὶὸν
583 4765 690 4820 τοῦ
738 4765 1053 4834 ἀνθρώπου
1101 4766 1333 4822 ἑστῶτα
1366 4769 1435 4823 ἐκ
1466 4768 1682 4835 δεξιῶν
1721 4772 1830 4827 τοῦ

237 4858 501 4926 Πατρός’
532 4858 619 4911 ἵνα
641 4856 789 4931 δείξῃ
815 4858 946 4911 αὐτὸ
967 4858 1028 4912 τὸ
1055 4857 1215 4930 σῶμα
1234 4861 1292 4914 ἐν
1312 4860 1539 4933 ἀληθείᾳ
1561 4864 1641 4927 είς
1664 4866 1828 4917 πνευ-

240 4947 475 5019 ματικὸν
520 4948 744 5020 ἀνιστᾷν
788 4949 885 5001 σὺν
933 4947 1149 5019 θεότητι
1180 4949 1274 5003 τοῦ
1318 4953 1681 5022 Μονογενοῦς,
1709 4954 1827 5009 ὅλον

235 5041 319 5102 εἰς
360 5038 735 5109 πνευματικὸν
762 5039 979 5103 ὲνωθὲν,
1012 5042 1105 5094 καὶ
1134 5043 1183 5094 εί
1195 5060 1215 5105 ς
1248 5041 1475 5111 θεότητα
1508 5047 1823 5118 συνηνωμέ-

234 5132 510 5184 νον.⁹Δνω
533 5131 589 5184 δὲ
614 5130 745 5184 αὐτὸ
772 5131 832 5184 τὸ
866 5132 1019 5200 ἆγιον
1050 5132 1209 5204 σῶμα
1240 5133 1338 5187 σὺν
1365 5138 1430 5207 τῇ
1465 5134 1679 5208 θεότητι
1705 5138 1825 5204 ὅλος

234 5222 392 5288 Θεδς,
419 5217 501 5287 εἷς
520 5222 647 5287 Υἱὸς
666 5224 694 5275 6
724 5224 877 5293 ἅγιος
905 5224 998 5278 τοῦ
1028 5224 1186 5286 Θεοῦ.
1204 5225 1565 5298 καθεζόμενος
1593 5231 1650 5283 ἐν
1676 5230 1825 5304 δεξιᾷ

235 5315 333 5369 τοῦ
371 5313 588 5388 Πατρός
608 5329 621 5343 ’
658 5315 735 5379 ὡς
769 5316 882 5385 ἔχει
913 5317 1006 5370 καὶ
1031 5317 1092 5370 τὸ
1113 5318 1208 5372 τοῦ
1236 5318 1465 5392 Μάρκου
1494 5321 1825 5390 Εὐαγγέλιον

234 5409 333 5463 καὶ
357 5408 466 5463 τῶν
499 5407 675 5463 ἄλλων
710 5408 1108 5478 εὐαγγελιστῶν
1135 5427 1150 5443 ο
1187 5413 1295 5466 Καὶ
1329 5413 1599 5482 ἀνῆλθεν
1621 5418 1710 5481 εἰς
1730 5421 1820 5472 οὐ·

1932 3100 2078 3154 iuido
2123 3102 2475 3166 restitueret;
2519 3115 2646 3155 nam
2682 3102 2727 3156 si
2769 3101 2905 3156 illud
2959 3101 3236 3156 excitabat
3274 3101 3420 3164 ideo,
3461 3108 3522 3155 ut

1933 3190 2134 3245 iterum
2159 3191 2508 3256 dissolveret,
2549 3206 2647 3261 per
2678 3190 2868 3245 ludum
2902 3191 3008 3246 hoc
3041 3191 3260 3258 fecisse,
3292 3207 3400 3246 non
3440 3207 3525 3247 se-

1930 3286 2016 3341 rio
2043 3300 2108 3339 ac
2130 3284 2273 3340 bona
2310 3285 2418 3341 fide
2449 3286 2743 3343 videbitur.
2799 3286 3092 3342 Enimvero
3135 3285 3401 3342 Dominus
3436 3286 3524 3344 Je-

1935 3393 2031 3433 sus
2062 3377 2320 3435 Christus
2371 3379 2623 3451 idipsum
2674 3380 2966 3447 excitavit;
3018 3394 3241 3451 corpus,
3275 3380 3521 3451 inquam,

1930 3467 2113 3539 ipsum
2154 3469 2306 3540 quod
2354 3469 2624 3527 formarat
2670 3472 2776 3529 sibi
2805 3487 2915 3527 una
2953 3488 3078 3528 cum
3114 3472 3297 3527 anima
3346 3481 3502 3529 crete-

1930 3566 2120 3634 rlsque
2163 3563 2366 3634 quibus
2404 3564 2647 3621 hominis
2702 3574 2896 3621 natura
2937 3573 3178 3629 constat,
3215 3564 3504 3638 perfectis-

1930 3655 2069 3711 sime
2094 3670 2289 3712 rursus
2317 3658 2633 3728 assumpsit.
2665 3658 2824 3725 Cum,
2848 3659 3219 3729 utApostolus
3250 3659 3517 3730 loquitur,

1935 3745 2281 3812 consederit,
2307 3749 2778 3820 quandoquidem,
2810 3750 2958 3805 Deus
2986 3752 3136 3804 illum
3161 3753 3423 3806 revocarit
3452 3751 3522 3803 ad

1930 3837 2113 3903 vitam,
2138 3845 2189 3890 et
2220 3837 2275 3890 in
2300 3839 2599 3893 caelestibus
2629 3839 2929 3905 consedit‘,
2958 3841 3011 3895 id
3044 3840 3191 3910 quod
3231 3842 3392 3895 ambo
3418 3841 3519 3907 illi,

1929 3926 2028 3995 qui
2059 3926 2118 3980 in
2145 3934 2300 3983 veste
2330 3929 2618 3999 spiendida
2642 3930 2913 4000 apostolis
2938 3929 3209 3985 videndos
3243 3945 3365 3985 sese
3390 3947 3523 3999 prae-
3610 3986 3629 4003 ,

1931 4020 2184 4085 buerant,
2240 4020 2392 4077 hisce
2437 4024 2621 4080 verbis
2671 4025 2858 4079 testati
2908 4031 3038 4081 sunt
3078 4042 3091 4078 :
3137 4022 3251 4077 Viri
3280 4022 3515 4088 Galilei,

1931 4110 2060 4182 quid
2096 4114 2254 4168 statis
2290 4115 2605 4185 aspicientes
2636 4117 2690 4171 in
2718 4117 2904 4171 caelum
2926 4120 2952 4174 ?
2982 4115 3071 4171 Sic
3111 4117 3296 4182 reniet,
3337 4132 3518 4186 quem-

1930 4204 2221 4260 admodum
2250 4206 2458 4263 vidistis
2489 4225 2608 4263 eum
2636 4208 2999 4264 ascendentem
3016 4212 3057 4264 '.

2002 4316 2094 4374 VI.
2134 4319 2316 4391 Atque
2350 4328 2412 4375 ut
2456 4323 2637 4375 omnis
2680 4322 2776 4377 tibi
2832 4322 3235 4377 ealumniandae
3268 4321 3520 4379 veritatis

1932 4413 2154 4467 occasio
2180 4414 2631 4483 praecluderetur,
2671 4414 2769 4470 diu
2817 4428 2942 4486 post
2988 4420 3369 4473 ascensionem
3412 4415 3517 4471 Do-

1934 4502 2069 4556 mini
2123 4512 2352 4560 sanctus
2403 4504 2496 4559 ilie
2548 4504 2641 4560 Dei
2700 4516 2908 4579 martyr
2952 4508 3287 4579 Stephanus.
3331 4524 3455 4563 Clllll
3487 4524 3518 4560 a

1933 4592 2141 4649 Judazis
2187 4593 2467 4666 lapidibus
2506 4596 2856 4663 obrueretur,
2892 4601 2962 4654 ita
3004 4601 3220 4656 locutus
3254 4610 3339 4657 est
3371 4621 3383 4657 :
3430 4601 3521 4656 Vi-

1933 4686 2030 4740 deo
2064 4687 2251 4741 cwlum
2279 4699 2543 4757 apertum,
2600 4700 2650 4745 et
2696 4692 2900 4747 Filium
2952 4694 3181 4748 hominis
3224 4704 3455 4750 stantem
3486 4712 3520 4749 α

1938 4777 2143 4833 dextris
2176 4778 2360 4836 Patris
2391 4781 2433 4848 ³,
2479 4790 2536 4835 ιιι
2570 4784 2882 4840 ostenderet
2934 4800 3137 4857 corpus
3173 4786 3354 4857 ipsum
3394 4802 3520 4843 sur-

1934 4870 2163 4939 rexisse,
2182 4889 2309 4928 vere
2338 4873 2392 4928 in
2416 4874 2661 4944 spiritale
2689 4886 2978 4943 mutatum,
2998 4894 3063 4933 ac
3085 4894 3208 4933 cum
3243 4879 3518 4950 Unigeniti

1934 4962 2225 5021 divinitate
2263 4966 2648 5037 conjunctum.
2704 4968 2861 5035 Quod
2908 4970 3047 5023 idem
3097 4982 3517 5027 sacrosanctum
3556 5038 3565 5047 ,

1934 5055 1989 5109 in
2022 5057 2165 5111 caelo
2196 5073 2401 5128 corpus
2426 5076 2550 5116 eum
2585 5062 2704 5130 ipsa
2733 5061 3020 5116 divinitate
3058 5069 3207 5116 totus
3241 5061 3383 5118 Deus
3411 5072 3515 5130 cst,

1932 5156 1988 5203 et
2019 5165 2164 5206 unus
2205 5160 2547 5223 sanctusque
2592 5154 2685 5209 Dei
2733 5153 2927 5220 Filius,
2959 5152 3025 5206 ad
3059 5151 3238 5208 Patris
3267 5153 3518 5210 dextram

1891 5292 1910 5309 ,
1932 5240 2251 5304 considens,
2280 5244 2740 5312 quemadmodum
2781 5255 2890 5301 tam
2935 5244 3125 5313 Marci,
3161 5263 3325 5317 quam
3356 5260 3520 5305 ea:te-

1933 5346 2123 5385 rorum
2156 5332 2451 5403 Evangelia
2477 5341 2754 5390 testantur
2784 5356 2798 5393 :
2834 5336 2904 5391 Et
2950 5338 3188 5393 ascendit
3234 5341 3285 5394 in
3331 5341 3513 5404 cwlos,

1933 5433 1980 5476 et
2022 5421 2155 5476 sedit
2193 5424 2247 5478 in
2291 5423 2511 5479 dextera
2563 5425 2748 5483 Patris
2774 5428 2815 5484 ⁸.
2880 5430 2957 5485 lta
3012 5440 3103 5486 tua
3132 5431 3224 5486 illa
3269 5441 3518 5488 tuorum-

313 5659 561 5729 ‘prcs.
600 5672 661 5721 ιι,
694 5656 746 5710 6.
823 5657 841 5687 ²
873 5656 992 5710 Act.
1035 5671 1071 5724 ι,
1116 5658 1199 5711 ll.
1278 5658 1299 5689 ³
1330 5657 1585 5723 Λοιυιτιι,
1613 5658 1697 5712 .35.
1780 5661 1800 5691 ⁸

1934 5676 1999 5716 rc.
2041 5678 2151 5729 κνι,
2190 5662 2280 5728 i9;
2310 5660 2438 5717 Luc.
2492 5682 2639 5734 χειν,
2681 5669 2770 5724 5!.
