3932 6064
467 199 567 262 851

1895 201 1952 257 S.
2001 197 2344 254 EPIPHANII

3661 195 3785 250 832

469 333 576 386 que
617 314 919 373 falsissima
970 316 1245 374 sententia
1297 331 1366 372 ex
1417 315 1572 372 omni
1626 323 1783 387 parte
1831 315 2056 371 convel-

2165 312 2399 377 ρανοὺς,
2444 311 2544 366 καί
2593 308 2971 364 ἐκάθισενὲν
2997 309 3164 378 δεξιᾷ
3205 311 3311 365 τοῦ
3350 311 3613 378 Πατρός.
3653 311 3784 364 Καὶ

472 411 621 464 litur.

543 584 700 650 Quod
763 600 890 639 vero
942 592 1286 639 mortuorum
1333 585 1404 640 ad
1441 583 1902 640 resurrectionem
1933 596 2058 652 spe-

471 684 604 740 ctat,
666 678 792 732 audi
842 678 973 747 quid
1022 677 1320 748 Apostolus
1359 679 1527 734 dicat.
1564 678 1799 746 Oportet,
1849 677 2054 746 inquit,

469 770 816 839 corruptibile
845 771 942 824 Iwc
967 772 1187 827 induere
1223 772 1694 842 incorruptionem,
1737 780 1788 824 et
1832 767 2057 823 mortale

469 863 564 915 hoc
594 862 813 915 induere
834 863 1294 917 immortalitatem
1339 864 1381 918 ί.
1422 862 1540 919 Nisi
1570 863 1718 919 enim
1741 861 1887 933 quod
1918 875 2059 914 mor-

472 953 582 1008 tale
614 960 700 1008 est
737 953 1208 1009 immortalitatem
1243 954 1495 1010 indueret
1527 954 1844 1026 aliquando,
1876 962 1934 1009 et
1965 953 2053 1008 in~

467 1044 878 1114 corruptionem
911 1045 1058 1114 quod
1103 1054 1191 1100 est
1231 1045 1610 1116 corruptibile,
1669 1058 1951 1114 nunquam
1987 1043 2054 1098 ad

394 1137 409 1146 ’
468 1139 779 1194 obeundam
838 1148 1073 1194 mortem
1164 1140 1491 1206 immortalis
1565 1139 1930 1203 accessisset,
1996 1145 2058 1193 ut

465 1242 704 1301 corpore
737 1245 840 1284 suo
870 1245 1061 1298 pinnas
1116 1231 1470 1300 expenderet,
1501 1246 1567 1284 ac
1608 1230 1904 1286 defunctus
1942 1237 2057 1284 ter-

471 1321 547 1374 tia
581 1322 671 1377 die
701 1321 864 1392 387
897 1330 1229 1392 resurgeret,
1265 1329 1320 1376 et
1347 1338 1472 1377 eum
1495 1322 1789 1377 divinitate
1824 1336 1945 1386 sua,
1990 1335 2056 1376 ac

469 1413 659 1484 gloria:
703 1414 998 1484 splendore
1033 1415 1240 1484 pariter
1283 1415 1416 1469 illud
1468 1414 1709 1480 efferret,
1747 1421 1820 1468 'ut
1863 1430 1928 1470 ex
1961 1413 2056 1468 be-

468 1504 638 1575 nigno
663 1505 758 1559 illo
785 1505 1067 1568 convictu,
1111 1507 1519 1577 prmsentiaque
1549 1522 1672 1571 sua,
1703 1521 1866 1576 quam
1894 1504 2054 1560 nobis

468 1599 733 1654 hactenus
801 1599 1180 1670 impertierat,
1243 1615 1430 1654 veram
1491 1616 1646 1672 spem
1708 1600 2053 1668 solidamque

2158 401 2495 474 πανταχόθεν
2527 400 2865 454 διαπεσεῖταί
2895 417 2991 454 σου
3022 401 3117 455 καὶ
3147 401 3256 456 τῶν
3287 401 3395 456 ὑπὸ
3418 401 3516 456 σοῦ
3545 403 3782 456 πεπλα-

2156 495 2410 566 νημένων
2439 493 2468 546 ὁ
2493 493 2740 565 ἀγύρτης
2770 493 2950 562 λόγος.

2228 592 2339 646 Καὶ
2378 590 2507 662 περὶ
2533 589 2744 661 νεκρῶν
2775 589 3128 653 ἀναστάσεως
3163 591 3330 644 ἄκουε
3361 589 3460 643 τοῦ
3497 590 3778 644 17:06:6-

2157 683 2271 750 λου,
2299 681 2573 750 λέγοντος,
2607 681 2690 734 ὅτι
2733 679 2836 733 Δεῖ
2873 679 2938 733 τὸ
2982 679 3249 748 φθαρτὸν
3277 679 3458 734 τοῦτο
3493 680 3774 734 ἐνδύσα-

2158 780 2299 832 σθαι
2321 774 2686 845 ἀφθαρσίαν,
2721 774 2819 828 καί
2873 774 2942 828 τὸ
2995 773 3219 841 θνητὸν
3267 775 3452 829 τοῦτο
3497 774 3774 829 ἐνδύσα-

2157 871 2297 922 σθαι
2324 866 2686 922 ἀθανασίαν.
2718 865 2781 919 Εἱ
2815 864 2890 935 μὴ
2923 864 3033 935 γὰρ
3064 864 3259 935 ἔμελλε
3291 865 3353 918 τὸ
3380 865 3582 936 θνητὸν
3613 866 3772 919 ἐνδεῖ-

2159 959 2359 1013 σασθαι
2388 958 2710 1021 ἀθανασίαν,
2735 956 2830 1010 καὶ
2855 956 2916 1010 τὸ
2939 956 3179 1028 φθαρτὸν
3201 957 3532 1012 ἐνδύσασθαι
3554 958 3772 1028 ἀφθαρ-

2160 1049 2302 1115 σίαν,
2333 1050 2434 1104 οὐκ
2480 1049 2547 1103 ἀν
2602 1050 2631 1101 ὁ
2675 1047 2944 1112 ἀθάνατος
2979 1048 3162 1102 θανεῖν
3190 1043 3377 1119 ἦλθεν,
3406 1050 3497 1102 ἴνα
3525 1051 3589 1102 ὲν
3613 1050 3772 1120 αὐτῷ

2157 1142 2329 1214 πάθῃ,
2357 1142 2452 1195 καὶ
2486 1137 2775 1210 κοιμηθεὶς
2807 1138 2870 1191 τὸ
2900 1139 3200 1210 τριήμερον
3229 1139 3464 1207 ἀναστῇ,
3498 1139 3598 1191 καὶ
3629 1155 3764 1190 σνν-

2159 1233 2426 1306 ανενέγκῃ
2459 1233 2518 1285 ὲν
2548 1229 2698 1302 αὑτῷ
2725 1233 2792 1302 τῇ
2823 1229 3036 1300 θεότητι
3069 1230 3163 1283 καὶ
3189 1233 3257 1300 τῇ
3288 1230 3456 1284 αὑτοῦ
3479 1231 3610 1302 δόξῃ
3630 1248 3643 1258 ·
3674 1231 3766 1284 ἵνα

2160 1325 2226 1378 ὲκ
2257 1323 2358 1393 τῆς
2381 1321 2547 1376 αὐτοῦ
2582 1319 2792 1392 ἀγαθῆς
2822 1319 2959 1392 πρὸς
2989 1321 3136 1390 ἡμᾶς
3161 1319 3424 1390 δνδημίας
3451 1321 3555 1390 τὴν
3571 1322 3770 1380 πᾶσαν

2162 1415 2352 1470 ἐλπίδα
2403 1414 2772 1485 κατάσχωμεν
2817 1414 2874 1465 ἐν
2907 1411 3159 1484 ἀληθείᾳ,
3190 1412 3514 1476 ὑποδεικνὺς
3565 1411 3766 1466 ἑαυτὸν

2158 1507 2329 1562 τύπον
2378 1509 2532 1579 ἡμῖν,
2568 1507 2664 1560 καὶ
2709 1506 3006 1579 ἀρραϐῶνα
3057 1508 3138 1570 είς
3183 1505 3376 1560 ἐλπίδα
3424 1507 3530 1577 τῆς
3578 1508 3766 1576 πάσης

2164 1599 2313 1669 ζωῆς
2343 1597 2749 1670 πραγματείας.

466 1693 886 1760 eoneiperemus
913 1734 929 1758 ,
987 1709 1113 1748 cum
1172 1709 1294 1749 sese
1342 1696 1502 1750 nobis
1531 1696 1596 1750 ad
1627 1711 1748 1751 eam
1793 1695 1916 1748 vita:
1953 1693 2500 1765 immortalitatisque
2538 1694 2790 1750 fiduciam
2865 1692 3336 1749 corroborandam
3387 1695 3543 1750 velut
3575 1710 3762 1750 exem-

467 1787 610 1857 plar,
647 1794 703 1840 et
732 1787 1099 1842 arrhabonem
1137 1789 1484 1857 prwbuissct.

537 1881 648 1936 VII.
690 1881 814 1936 llaec
839 1897 963 1936 cum
1011 1883 1083 1936 ita
1137 1899 1259 1939 sese
1311 1886 1564 1954 habeant,
1617 1899 1794 1956 eoque
1831 1899 1862 1938 a
1904 1884 2057 1939 nobis

2237 1883 2310 1935 Z'.
2353 1878 2574 1932 Τούτων
2625 1877 2683 1931 δὲ
2732 1877 2905 1940 οὕτως
2951 1876 3183 1946 ἑχόντων
3209 1876 3305 1929 καὶ
3345 1875 3646 1946 ῥηθέντων,
3680 1877 3761 1939 τίς

469 1975 633 2030 modo
683 1974 969 2045 disputata
1010 1975 1142 2040 sint,
1183 1977 1314 2046 quid
1364 1977 1559 2032 attinet
1587 1977 1643 2032 in
1671 1976 2057 2032 vilissimoillo

467 2067 764 2134 crabrone,
799 2082 961 2137 quem
987 2080 1250 2136 zopyrum
1294 2076 1515 2136 vocant,
1565 2067 1928 2140 proﬂigando,
1969 2069 2056 2122 vel

468 2159 629 2214 aliter
652 2157 980 2229 occupando
1033 2159 1254 2229 ingenio
1315 2159 1524 2216 haerere
1569 2161 1819 2217 diutius?
1882 2159 2054 2214 Suum

467 2250 614 2304 enim
672 2265 772 2320 per
817 2263 941 2304 sese
998 2250 1250 2304 aculeum
1303 2251 1573 2320 perdidit;
1639 2265 1704 2306 ac
1761 2251 2056 2307 eontictum

468 2343 616 2397 velut
651 2357 680 2395 a
713 2342 1050 2399 circulatore
1085 2343 1308 2415 dogma,
1361 2357 1463 2399 nec
1517 2344 1586 2399 ab
1635 2344 1869 2398 aliorum
1907 2357 2058 2398 som-

470 2434 579 2489 niis
628 2434 885 2490 diversus
919 2450 1080 2490 error
1115 2436 1335 2491 abunde
1373 2436 1785 2491 demonstratus
1812 2442 1918 2491 est.
1951 2432 2057 2490 Fe-

471 2535 602 2578 runt
650 2527 798 2581 enim
856 2528 1314 2584 molestissimum
1361 2529 1495 2583 illud
1529 2528 1816 2584 crabronis
1858 2543 2054 2599 genus,

467 2614 619 2684 quod
659 2631 924 2688 zopyrum
957 2619 1261 2690 appellant,
1292 2621 1487 2676 aculeo
1513 2620 1752 2690 quodam
1786 2627 2057 2674 armatum

467 2722 614 2772 esse,
655 2718 929 2765 venenato
978 2712 1073 2766 illo
1122 2714 1369 2784 quidem,
1426 2715 1521 2770 sed
1573 2714 1810 2784 exiguo,
1855 2713 2060 2782 quique

471 2797 617 2851 haud
654 2799 886 2853 multum
919 2801 1130 2858 doloris
1163 2803 1419 2868 incutiat,
1449 2811 1504 2858 et
1534 2818 1602 2858 ex
1639 2817 1742 2856 suo
1779 2801 2060 2856 nihilomi-

471 2901 578 2940 nus
611 2902 813 2955 genere
846 2889 919 2943 sit
947 2898 1274 2945 venenatus.
1312 2893 1391 2947 Ac
1421 2892 1469 2947 si
1501 2891 1625 2961 quis
1663 2891 1804 2947 forte
1837 2898 2060 2961 praeter-

471 2977 656 3033 eundo
706 2979 945 3038 latebras
997 2981 1148 3039 illius
1179 2984 1480 3056 nidumque
1509 2985 1697 3041 diruat
1728 3003 1741 3054 ;
1777 3001 1942 3056 quem
1972 2986 2058 3042 in-

471 3076 558 3124 ter
604 3069 832 3127 frutices
869 3089 934 3126 ac
976 3073 1264 3132 densiores
1309 3077 1510 3134 herbas
1554 3077 1662 3132 favi
1700 3079 1892 3145 instar,
1932 3087 2057 3134 tan—

470 3177 636 3232 quam
669 3163 723 3216 in
753 3165 981 3231 alveari,
1010 3168 1311 3234 construit,
1349 3171 1536 3240 ibique
1567 3171 1778 3226 semine
1808 3171 2057 3226 immisso

473 3254 618 3310 fetus
645 3257 888 3312 excludit
923 3277 936 3312 :
971 3259 1066 3315 sed
1102 3261 1146 3316 si
1183 3262 1312 3331 quis
1341 3262 1521 3316 viator
1555 3263 1752 3318 baculo
1783 3264 1868 3319 vel
1907 3265 2055 3334 virga

471 3349 646 3414 favos,
681 3350 759 3403 uti
787 3350 1054 3417 diximus,
1087 3352 1441 3420 demoliatur,
1492 3354 1684 3412 furens
1735 3356 1886 3412 illico
1929 3373 2058 3427 pro-

473 3441 680 3508 rumpit
721 3456 846 3497 acer
893 3443 984 3498 ille
1033 3445 1280 3514 quidem,
1326 3445 1423 3500 sed
1479 3446 1787 3505 imbecillus
1834 3451 2053 3506 crabro.

474 3531 613 3585 Tum
652 3533 894 3588 vicinum
927 3535 1150 3605 aliquod
1183 3552 1378 3593 saxum
1411 3539 1689 3610 lignunive
1723 3551 1942 3610 nactus,
1976 3545 2056 3599 ira

471 3633 785 3680 exaestuans
815 3641 882 3680 eo
907 3641 1032 3680 cum
1059 3628 1262 3700 impetu
1299 3629 1496 3696 fertur,
1531 3647 1593 3686 ac
1618 3633 1829 3689 silicem
1853 3637 2056 3701 tundit,

472 3722 569 3768 aut
599 3714 827 3786 lignum.
873 3716 1085 3782 Quibus
1122 3734 1250 3774 cum
1297 3730 1493 3777 noceat
1541 3723 1699 3789 nihil,
1742 3740 1807 3781 ac
1849 3741 1918 3782 ne
1961 3727 2059 3782 ho-

473 3806 606 3861 mini
653 3807 914 3876 quidem,
962 3813 1319 3880 quantumvis
1378 3823 1607 3886 pungat,
1665 3817 1811 3871 aliud
1863 3826 2060 3888 praeter

472 3897 814 3980 levissimum
873 3900 1119 3958 dolorem
1183 3903 1417 3971 inferat,
1482 3922 1677 3963 saxum
1738 3924 1871 3965 vero
1924 3911 2059 3966 nihil

468 3989 726 4055 oblzedat,
755 3993 1010 4048 aculeum
1042 3995 1146 4050 sibi
1177 3995 1401 4051 interim
1431 4001 1662 4065 excutit,
1706 4001 1894 4072 itaque
1938 4018 2057 4057 mo-

469 4081 634 4137 ritur.
674 4081 766 4139 Sic
797 4081 889 4138 illa
933 4085 1215 4142 simillima
1257 4090 1448 4159 zopyri
1488 4092 1780 4148 crabronis
1806 4093 2057 4160 haeresis,

470 4174 574 4229 levi
603 4174 791 4230 dolore
819 4175 1052 4243 inﬂicto,
1097 4178 1153 4232 in
1201 4187 1435 4248 petram,
1481 4181 1586 4236 hoc
1621 4191 1706 4238 est
1745 4185 2058 4254 veritatem,

473 4266 789 4333 incurrens,
819 4277 873 4323 et
911 4271 1162 4327 aculeum
1199 4271 1506 4342 infringens
1538 4277 1876 4331 enecabitur.
1912 4277 2061 4335 Hane

472 4359 640 4430 igitur
671 4370 1116 4431 praetergressus,
1151 4364 1216 4418 ad
1249 4366 1385 4420 alias
1414 4368 1718 4422 orationem
1749 4369 2055 4436 conferam,

471 4461 621 4505 certa
661 4452 751 4505 Dei
791 4453 988 4507 fiducia
1041 4455 1235 4520 fretus,
1291 4458 1605 4514 institutum
1661 4477 1748 4516 uie
1805 4479 1944 4533 opus
1992 4452 2088 4518 ad-

471 4542 677 4597 exitum
707 4560 830 4598 esse
855 4545 1276 4612 perducturum.

789 4653 1247 4724 agscos'mA
1289 4655 1743 4724 sevemauos,

753 4765 885 4832 Qua:
915 4777 992 4820 est
1023 4766 1236 4822 Itwresis
1267 4767 1428 4824 XXV
1456 4771 1563 4826 sive
1601 4771 1773 4827 XLV.

540 4879 582 4933 Ι.
622 4878 726 4946 Qui
776 4882 1161 4951 superioribus
1193 4882 1302 4938 illis
1347 4885 1599 4954 proxime
1648 4900 1678 4938 a
1730 4901 1813 4940 me
1877 4886 2056 4956 subji-

467 4973 699 5028 ciendus
731 4983 835 5038 est,
872 4974 953 5030 vel
987 4973 1180 5030 iisdem
1222 4975 1560 5045 temporibus
1611 4976 1768 5043 vixit,
1816 4979 1900 5032 vel
1945 4979 2058 5033 sal—

471 5075 577 5118 tem
605 5074 690 5121 est
723 5075 882 5121 aetate
916 5081 1150 5137 suppar;
1207 5083 1384 5138 neque
1433 5066 1578 5121 enim
1628 5075 1845 5137 tempus
1876 5069 2056 5138 ipsum

470 5163 732 5211 accurate
757 5171 1200 5212 commemorare
1243 5171 1492 5226 possum,
1547 5156 1656 5212 nisi
1705 5158 1850 5227 quod
1887 5159 2054 5213 vicini

2088 3229 2131 3284 (Σ

2160 1971 2241 2024 ἔτι
2282 1987 2372 2040 μοι
2419 1969 2577 2049 χρεία
2630 1967 2748 2020 ἐστὶ
2795 1967 3224 2039 κατατρίϐεσθαι
3277 1967 3408 2038 περ)⁵
3438 1967 3637 2020 τούτου
3666 1967 3760 2019 τοῦ

2160 2061 2414 2133 ζωπύρου
2448 2059 2703 2132 σφηκίου,
2735 2061 2831 2114 καὶ
2861 2059 3073 2124 οὐδενὸς
3110 2061 3265 2123 ὄντος
3291 2059 3616 2132 ἀνατροπῆς
3643 2060 3761 2111 ἓνε-

2160 2171 2252 2217 κα,
2287 2151 2321 2222 ἦ
2353 2151 2520 2222 ἀλλης
2545 2150 2691 2215 τινος
2721 2152 3138 2222 πραγματείαςς
3166 2152 3285 2219 Ἀφ’
3317 2152 3518 2205 ἑαυτοῦ
3550 2153 3662 2221 γὰρ
3699 2151 3759 2203 τὺ

2160 2245 2384 2315 κέντρον
2425 2241 2710 2297 ἀπώλεσε·
2756 2244 2852 2297 καὶ
2894 2243 3317 2316 ἀπαράλλακτον
3352 2243 3524 2297 αὑτοῦ
3569 2245 3631 2296 τὸ
3661 2243 3758 2312 τῆς

2160 2335 2370 2406 πλάνης
2414 2334 2939 2406 παραπεποιημένον
2967 2334 3146 2405 δόγμα
3178 2333 3273 2388 καὶ
3315 2333 3634 2404 ἀγυρτῶδες
3676 2333 3760 2385 δέ·

2158 2428 2386 2481 δεικται.
2421 2427 2560 2479 Φασὶ
2609 2426 2725 2498 γὰρ
2769 2427 2830 2480 τὸ
2876 2425 3134 2498 ὀδυνηρὸν
3161 2426 3412 2498 σφηκίον,
3447 2426 3477 2478 ὃ
3503 2424 3760 2495 ζώπυρον

2159 2521 2304 2583 τινὲς
2329 2519 2685 2590 κεκλήκασιν,
2719 2517 2864 2589 ἔχειν
2902 2519 3000 2590 μὲν
3037 2520 3284 2591 κεντρίον
3319 2519 3528 2573 ἰοϐόλον
3560 2517 3758 2592 βραχὺ,

2162 2611 2522 2682 περιωδυνίαν
2566 2611 2768 2683 πολλὴν
2810 2612 2871 2665 ού
2921 2613 3282 2683 κεκτημένον,
3312 2611 3451 2666 ἀλλὰ
3491 2613 3636 2666 κατά
3661 2611 3758 2682 τὴν

2159 2705 2326 2759 αὑτοῦ
2370 2705 2602 2776 δύναμιν
2653 2705 2856 2760 ίοὸόλον
2903 2705 2992 2758 δν⁸
3037 2705 3177 2759 ὲπάν
3207 2705 3264 2760 δέ
3296 2724 3381 2770 τις
3406 2706 3757 2778 διερχόμενος

2159 2797 2251 2850 τὸν
2284 2797 2448 2851 αὑτοῦ
2480 2796 2688 2866 φωλεὸν
2721 2797 2754 2868 ἢ
2788 2795 2983 2851 καλιὰν
3013 2798 3229 2851 καθέλοι
3249 2815 3263 2828 ο
3299 2799 3357 2852 ἐν
3389 2799 3503 2872 γὰρ
3532 2799 3757 2868 θάμνοις

2162 2887 2404 2958 βοτανῶν
2440 2892 2672 2943 ποιεῖται
2721 2889 2818 2943 καὶ
2867 2889 3062 2961 κηρίου
3097 2891 3254 2961 δίκην
3283 2889 3466 2961 ἐαυτῷ
3493 2891 3757 2962 σίμϐλους

2159 2981 2335 3046 τινάς,
2373 2982 2432 3036 ὲν
2463 2977 2546 3045 οἷς
2578 2981 2827 3052 σίμϐλοις
2871 2981 3289 3051 ὲγκατατίθεται
3321 2983 3420 3054 τὴν
3456 2983 3626 3036 αὑτοῦ
3667 3001 3759 3052 γο-

2162 3077 2280 3144 νὴν,
2329 3075 2426 3128 καὶ
2481 3077 2716 3128 ποιεῖται
2765 3073 2946 3145 ὲαυτῷ
2992 3073 3060 3127 τὰ
3104 3078 3451 3146 γεννήματα·
3502 3076 3552 3128 εί
3594 3074 3757 3138 δέτις

2162 3165 2511 3238 διερχόμενος
2540 3165 2721 3239 ῥάϐδῳ
2744 3166 2778 3236 ἢ
2809 3165 2951 3237 ξύλῳ
2973 3165 3134 3230 νύξας
3162 3166 3223 3219 τὸ
3255 3166 3470 3238 κηρίον,
3492 3166 3570 3231 ὡς
3599 3165 3753 3236 ἔφην,

2166 3257 2490 3322 ωταὸἀλοι,
2516 3257 2794 3328 ἐξέρχεται
2826 3255 3163 3328 θυμούμενον
3194 3257 3326 3309 αὐτὸ
3363 3256 3428 3326 δὴ
3479 3257 3541 3310 τὸ
3586 3255 3756 3309 δεινὸν

2167 3349 2286 3420 μὲν,
2317 3349 2547 3421 βληχρδν
2575 3350 2633 3403 δὲ
2662 3352 2892 3422 σφηκίον
2918 3367 2930 3381 ⁸
2965 3349 3060 3403 καὶ
3087 3349 3184 3404 ἐὰν
3213 3349 3350 3421 εὕρῃ
3382 3350 3594 3421 πέτραν
3620 3348 3756 3418 πλη·

2166 3441 2278 3496 σίον
2305 3442 2338 3513 ἢ
2377 3441 2552 3508 ξύλον,
2585 3441 2694 3496 ἀπὸ
2720 3441 2814 3496 τοῦ
2849 3439 3228 3513 ὲμπλήσαντος
3251 3439 3412 3494 αὐτὸν
3441 3438 3617 3510 θυμοῦ
3647 3439 3748 3509 ῥοί-

2165 3532 2242 3603 ζῳ
2283 3531 2381 3601 μὲν
2426 3531 2716 3600 ἐφίσταται
2750 3531 2845 3584 καὶ
2873 3532 3040 3602 ὁρμᾷ,
3077 3529 3172 3583 καὶ
3193 3529 3342 3582 παίει
3375 3529 3478 3598 τὴν
3509 3530 3714 3599 πέτραν
3738 3545 3751 3558 ·

2165 3625 2260 3678 καὶ
2286 3623 2386 3694 τὴν
2420 3622 2520 3694 μὲν
2551 3621 2760 3695 πέτραν
2785 3623 2936 3676 οὐδὲν
2963 3622 3159 3688 ἀδικεῖ,
3187 3618 3310 3674 οὔτε
3335 3620 3396 3673 τὸ
3429 3611 3610 3687 ξύλον,
3633 3621 3752 3676 οὔτε

2169 3716 2275 3787 μὴν
2303 3716 2394 3770 τὸν
2422 3716 2733 3788 ἄνθρωπον,
2762 3717 2863 3771 κάν
2901 3734 2960 3770 τε
2987 3715 3164 3782 δάκοι,
3199 3713 3338 3768 ἀλλά
3384 3714 3523 3786 πρὸς
3568 3715 3754 3784 ὀδύνην

2164 3808 2353 3880 ὀλίγην
2381 3809 2558 3872 ,οὐδὲν
2608 3810 2804 3873 ἀδικεῖ,
2840 3809 3078 3880 μάλιστα
3109 3808 3210 3878 τὴν
3240 3807 3474 3878 πέτραν,
3518 3807 3651 3862 ἀλλὰ
3696 3807 3754 3861 τὸ

2169 3902 2268 3972 μὲν
2303 3902 2530 3974 κέντρον
2566 3902 2853 3966 ἀπόλλυσι,
2881 3902 2977 3957 καὶ
3003 3901 3146 3956 οὕτω
3171 3900 3476 3974 φθείρεται,
3506 3903 3540 3972 ἡ
3567 3902 3622 3955 δὲ
3660 3902 3753 3955 πέ-

2164 4011 2271 4065 τρα
2303 3995 2457 4049 οὐδὲν
2483 3994 2874 4067 ἀδικηθήσεται
2913 3995 3018 4050 ὑπὸ
3059 3994 3156 4050 τοῦ
3182 3996 3447 4050 τοιούτου.
3475 3993 3635 4051 Οὕτω
3661 3995 3750 4049 καὶ

2165 4086 2303 4158 α’ύτη
2339 4089 2370 4158 ἡ
2401 4086 2716 4158 σφηκιώδης
2741 4087 2996 4161 ζωπύρου
3022 4088 3178 4160 δίκην
3206 4088 3408 4160 μικρὰν
3433 4088 3631 4159 ἔχουσα
3656 4089 3750 4159 τὴν

2167 4176 2532 4248 περιωδυνίαν
2563 4178 3010 4251 ἀνατραπήσεται
3058 4181 3127 4249 τῇ
3175 4179 3350 4252 πέτρᾳ
3400 4173 3749 4248 συντυχοῦσα,

2165 4269 2413 4322 τουτέστι
2439 4272 2504 4340 τῇ
2537 4269 2784 4343 ἀληθείᾳ,
2808 4271 2904 4324 καὶ
2927 4271 2989 4324 τὸ
3010 4270 3234 4342 κέντρον
3258 4271 3594 4326 ἀπολέσασα.
3612 4271 3752 4324 Ταύεο

2165 4377 2265 4432 την
2281 4359 2338 4414 δὲ
2365 4360 2612 4427 διελθὼν,
2637 4364 2731 4416 ἐπὶ
2760 4361 2860 4426 τὰς
2884 4362 2969 4415 έτέ
2979 4379 3078 4434 ρας
3100 4363 3260 4416 πάλιν
3283 4363 3595 4435 βαδιοῦμαι,
3619 4364 3754 4416 κατά

2166 4455 2265 4524 τὴν
2298 4453 2434 4507 Θεοῦ
2463 4455 2657 4508 ἐλπίδα
2683 4455 2977 4520 πιστεύων,
3007 4457 3090 4509 ὄτι
3120 4455 3184 4508 τὸ
3216 4456 3543 4528 ἐπάγγελμα
3565 4457 3621 4512 ὲν
3639 4455 3753 4526 Θεῷ

2170 4545 2613 4618 πληρωθήσεται.

2619 4659 2801 4714 ΚΑΤΑ
2841 4661 3306 4728 ΣΕΥΗΡΙΔΝΩΝ,

2201 4771 2468 4841 Εἰκοστὴ
2490 4772 2752 4844 πέμπτη,
2784 4776 2822 4844 ή
2851 4773 2951 4828 καί
2977 4772 3440 4842 τεσσαρακοστὴ
3465 4773 3713 4842 πέμπτη.

2237 4885 2315 4940 A'.
2357 4885 2582 4952 Τούτοις
2615 4887 2851 4960 καθεξῆς
2896 4888 3088 4942 ἕπεται
3135 4889 3253 4959 ἢτοι
3287 4888 3606 4958 σύγχρονος,
3639 4887 3748 4957 ἦτοι

2169 4978 2323 5051 παρά
2351 4979 2442 5032 τὸν
2471 4981 2662 5051 χρόνον
2682 4999 2696 5014 ο
2722 4982 2822 5034 οὐκ
2850 4979 2959 5052 ἔχω
2995 4980 3104 5052 γὰρ
3149 4981 3277 5051 περὶ
3308 4980 3402 5034 τοῦ
3440 4980 3628 5051 χρόνου
3652 4979 3748 5031 αύ-

2165 5073 2275 5126 τῶν
2306 5073 2562 5142 ἀσφαλῶς
2593 5075 2793 5142 λέγειν,
2824 5073 2966 5143 πλὴν
3013 5073 3278 5142 σύνεγγυς
3325 5073 3572 5146 ἀλλήλων
3597 5069 3743 5143 ἦσαν.

2178 5165 2269 5230 Ὠς
2296 5164 2352 5219 δὲ
2388 5167 2458 5218 τὰ
2484 5169 2564 5231 εἰς
2596 5169 2742 5237 ἡμᾶς
2770 5165 2993 5220 ἐλθόντα
3019 5167 3368 5236 διηγήσομαι.

472 5244 578 5300 sibi
636 5246 871 5303 invicem
940 5249 1293 5304 exstiterunt.
1357 5247 1489 5315 Quae
1543 5265 1674 5305 vero
1737 5250 1804 5305 ad
1856 5252 2178 5310 memoriam
2254 5266 2505 5314 nostram
2550 5267 2941 5330 pervenerunt,
3000 5275 3163 5330 quam
3238 5257 3556 5314 ﬁdelissime
3612 5270 3747 5309 ροιυ-

473 5337 700 5408 plectar.

545 5427 782 5486 Severus
829 5435 1082 5500 quidam,
1119 5448 1150 5487 a
1183 5449 1292 5503 quo
1324 5432 1640 5490 Severianis
1671 5450 1867 5491 nomen
1906 5433 2052 5489 indi-

547 5612 565 5646 ¹
597 5615 616 5671 Ι
646 5608 774 5670 Cor.
814 5632 900 5685 xv,
937 5615 1030 5677 55,

2158 5447 2162 5451 ‘
2244 5435 2482 5509 Σευῆρός
2507 5453 2592 5497 τις
2617 5433 2835 5504 ἀνέστη,
2868 5431 2926 5498 ἐξ
2951 5426 3120 5503 οὗπερ
3148 5435 3198 5488 οί
3225 5433 3546 5507 Σευηριανοὶ
3572 5432 3746 5487 καλοί-
