3932 6064
222 292 326 348 833

865 295 1233 352 ADVERSUS
1271 295 1612 353 ".‘ERESES
1649 296 1778 352 LIB.
1821 295 1863 352 1.
1907 295 2071 352 ΤΟΜ.
2105 295 2192 352 Ill.
2221 327 2287 336 —
2320 292 2596 350 IDERES.
2636 293 2798 349 XLV.

3386 293 3493 350 854

223 422 398 476 μενοι,
427 404 661 474 καθεξῆς
703 409 1068 477 συνεπόμενος
1098 407 1176 479 τῷ
1213 405 1594 480 προειρημένῳ
1618 408 1804 462 Ἀπελ-

1915 416 2030 462 tum
2081 417 2187 473 est,
2241 416 2364 479 post
2416 409 2661 480 Apellem
2709 408 2860 461 illum
2919 405 3141 476 prodiit.
3177 404 3348 476 Cujus
3377 408 3492 461 haec

219 496 470 567 ληϊανῷ¹.
486 497 566 548 Τά
590 496 645 547 δὲ
675 497 804 567 παρ’
819 498 965 568 αὐτῷ
989 498 1257 568 μυθολογή
1267 515 1412 569 ματα
1436 499 1611 554 ταῦτά
1637 501 1804 564 ἐστιν,

221 588 381 641 ἅτινα
417 587 598 657 μέλλω
627 588 828 656 λέγειν.
859 589 1116 644 Βούλεταί
1141 608 1200 642 τε
1221 591 1316 644 καὶ
1342 590 1505 655 αὐτὸς
1527 593 1724 663 ἀρχαῖς
1746 610 1806 646 τε

219 679 315 733 καὶ
357 678 629 744 ἐξουσίαις
667 679 1004 748 προσάπτειν
1033 680 1131 750 τὴν
1163 680 1284 734 καθ’
1309 681 1458 752 ἡμᾶς
1489 682 1666 736 κτίσιν
1687 699 1701 714 ο
1729 680 1808 736 εἷ-

217 769 306 828 ναί
331 788 392 823 τε
428 772 486 823 ἐν
515 771 943 841 ἀκατονομάστῳ
972 772 1079 824 τινὶ
1108 771 1369 843 άνωτάτῳ
1390 790 1449 826 τε
1469 773 1687 844 οὐρανῷ
1711 773 1807 828 καὶ

219 859 377 914 αίῶνι
426 858 629 927 ἀγαθόν
664 875 786 912 τινα
827 859 979 912 Θεόν.
1005 860 1108 913 Τὸν
1136 861 1192 913 δὲ
1231 861 1475 916 διάϐολον
1509 862 1623 916 υἱὸν
1667 857 1806 917 εἶναι

219 951 418 1020 φάσκει
442 949 536 1002 τοῦ
573 949 812 1020 μεγάλου
858 950 1118 1021 ἄρχοντος
1147 952 1246 1022 τῆς
1276 953 1384 1006 τῶν
1408 954 1664 1020 ἐξουσιῶν
1709 955 1807 1008 τά-

220 1043 376 1108 ξεως,
406 1034 453 1108 ᾧ
484 1042 654 1110 ὄνομα
681 1040 889 1094 τίθεται
915 1041 991 1112 πὴ
1025 1043 1122 1112 μὲν
1149 1042 1498 1107 Ἰαλδαῦαῶθ,
1526 1044 1602 1115 πὴ
1629 1044 1685 1098 δὲ
1711 1045 1807 1097 Σα-

216 1132 390 1186 ϐαὼθ.
426 1131 630 1186 Τοῦτον
652 1132 708 1186 δὲ
734 1131 1060 1202 γεννηθέντα
1089 1132 1148 1197 ἐξ
1169 1133 1333 1186 αὑτοῦ
1355 1130 1494 1188 εἶναι
1515 1135 1638 1202 ὅφιν
1663 1152 1674 1163 ·
1698 1134 1806 1188 ἀπὸ

215 1225 275 1278 δὲ
300 1224 403 1294 τῆς
429 1225 540 1278 ἀνω
564 1223 847 1294 δυνάμεως
871 1223 1308 1294 καταὸεσλῆσθαι
1338 1225 1540 1297 είςστὴν
1564 1227 1686 1297 γῆν,
1711 1226 1804 1280 καὶ

216 1316 622 1386 κατεληλυθότα
652 1316 954 1386 ὀφιείκελον
977 1316 1129 1380 ὄντα,
1161 1318 1240 1380 είς
1280 1311 1494 1387 οἶστρον
1541 1318 1804 1389 ἐληλακέ-

213 1426 328 1469 ναι,
360 1407 454 1460 καὶ
478 1409 542 1478 τῇ
576 1408 615 1458 Γ
617 1409 650 1478 ᾖ
683 1407 942 1478 μεμίχθαι
971 1407 1160 1479 ῶσπερ
1193 1409 1412 1477 γυναικί
1434 1423 1447 1436 ⁸
1480 1409 1572 1462 καὶ
1593 1409 1686 1462 ἀπ’
1711 1409 1808 1461 αὐ-

213 1500 313 1553 τοῦ
336 1499 430 1552 τοῦ
455 1499 764 1570 σπέρματος
791 1499 1374 1570 ἀποσπερματίσαντος
1399 1501 1496 1569 τῆς
1525 1500 1689 1570 γονῆς
1706 1500 1805 1570 τὴν

214 1591 464 1662 ἄμπελον
494 1590 940 1661 βεϐλαστηκέναι.
969 1591 1059 1644 Διὸ
1085 1591 1148 1660 δὴ
1176 1591 1489 1662 μυθολογῶν
1516 1593 1596 1654 εἰς
1624 1591 1804 1662 παρά·

215 1699 409 1735 στασιν
429 1681 528 1752 τῆς
556 1681 734 1734 αὐτῶν
763 1681 1052 1751 ληρῳδίας,
1081 1681 1142 1734 τὸ
1164 1682 1464 1750 όεριείκελον
1493 1682 1592 1752 τῆς
1620 1682 1801 1751 ἀμπέ-

1912 506 2044 554 sunt
2077 499 2281 554 fabulis
2313 514 2378 554 ac
2413 498 2716 554 mendaciis
2755 497 2957 552 referta
2985 497 3276 567 dogmata:
3303 496 3488 550 Mundi

1905 591 2176 660 originem
2238 591 2524 662 principiis
2562 591 2751 647 nescio
2799 590 3003 661 quibus
3035 605 3102 646 ac
3125 590 3491 661 potestatibus

1904 683 2134 750 tribuit;
2172 698 2298 739 esse
2349 698 2481 738 vero
2536 689 2796 750 praeterea
2847 698 3104 753 supremo
3148 683 3203 736 in
3247 683 3388 737 coelo
3420 697 3483 736 ac

1866 773 2132 836 “saeculo,
2181 773 2328 842 quod
2372 772 2646 827 nominari
2683 788 2792 826 non
2830 778 3030 842 potest,
3065 772 3268 825 bonum
3296 785 3490 840 quem-

1906 863 2032 917 dam
2067 862 2257 918 Deum.
2290 863 2571 917 Diabolum
2623 864 2804 933 magni
2836 863 3105 932 principis
3137 863 3306 916 lilium
3339 871 3483 922 esse’.

1909 952 2004 1020 qui
2053 951 2424 1021 potestatibus
2485 952 2765 1021 praesidet,
2814 951 2976 1020 cujus
3035 966 3232 1006 nomen
3285 950 3483 1017 partim

1904 1042 2256 1108 Jaldabaoth,
2295 1045 2494 1113 partim
2548 1044 2789 1098 Sabaoth
2825 1044 3084 1113 appellat,
3128 1059 3157 1096 a
3197 1060 3305 1113 quo
3336 1044 3490 1114 geni-

1905 1143 1996 1191 tus
2028 1135 2119 1190 ille
2147 1150 2378 1205 serpens
2416 1137 2656 1204 primum
2685 1135 2824 1199 fuit;
2860 1135 2989 1189 inde
3025 1135 3093 1188 ab
3126 1135 3336 1188 cmlesti
3373 1134 3491 1187 vir-

1905 1232 2021 1282 tute
2046 1225 2293 1295 dejectus
2327 1227 2382 1280 in
2422 1233 2625 1280 terram
2663 1241 2726 1280 ac
2761 1227 3044 1296 delapsus,
3079 1226 3350 1297 serpentis
3377 1225 3488 1280 for-

1909 1333 2020 1381 ma,
2069 1317 2310 1373 libidinis
2339 1318 2580 1374 stimulis
2607 1318 2848 1388 percitus
2877 1334 3001 1372 cum
3039 1317 3210 1372 Terra
3236 1333 3336 1372 ceu
3366 1334 3489 1373 mu-

1904 1410 2040 1466 liere
2085 1411 2322 1480 quadam
2359 1410 2514 1463 coiit.
2573 1408 2694 1474 Quo
2727 1425 2790 1464 ex
2831 1417 2950 1464 satu
2979 1409 3111 1464 vitis
3167 1409 3482 1480 pullulavit.

1906 1501 2062 1557 Unde
2097 1501 2164 1556 ad
2192 1501 2596 1556 conciliandam
2643 1500 2802 1570 nugis
2846 1501 2962 1555 suis
2996 1498 3181 1565 ﬁdem,
3223 1500 3490 1556 sinuosos

1901 1592 2095 1645 vitium
2134 1590 2326 1655 ﬂexus,
2369 1605 2434 1643 ac
2481 1589 2774 1653 rotundos,
2829 1597 2884 1644 et
2919 1590 3227 1658 cuiusmodi
3259 1606 3489 1660 serpen-

1907 1681 2044 1735 tium
2077 1681 2242 1751 spira:
2275 1689 2426 1744 sunt,
2453 1680 2732 1748 obliquos,
2780 1679 2847 1734 ad
2887 1679 3024 1734 illud
3059 1681 3489 1750 significandum

212 1773 312 1827 λου
348 1772 645 1844 περιφερὲς
677 1773 966 1838 ἐκτυποῦν,
1001 1772 1174 1841 λέγων
1200 1773 1288 1826 διὰ
1316 1774 1374 1826 τὸ
1405 1774 1666 1844 σκαληνὸν
1704 1773 1799 1826 τοῦ

1912 1771 2177 1825 referunt.
2216 1769 2349 1823 Nam
2397 1771 2574 1823 albam
2617 1785 2750 1824 sane
2792 1771 2951 1824 vitem
2981 1774 3254 1841 serpentis
3294 1772 3488 1828 simili-

214 1865 390 1934 φυτοῦ
425 1860 566 1919 εἶναι
599 1865 730 1918 αὐτὸ
771 1865 948 1933 ὄφεως
975 1865 1130 1936 δίκην
1152 1885 1165 1896 ·
1203 1865 1298 1918 καὶ
1328 1865 1425 1935 τὴν
1467 1868 1566 1935 μὲν
1603 1866 1803 1936 λευκὴν

213 1953 360 2012 εἶναι
395 1956 471 2020 ὡς
503 1956 645 2026 ὅφιν,
680 1956 778 2026 τὴν
809 1955 866 2008 δέ
907 1955 1168 2025 μέλαιναν
1210 1955 1282 2019 ῶς
1313 1955 1600 2026 δράκοντα.
1649 1950 1803 2007 Εἶναι

210 2050 275 2103 δὲ
315 2050 408 2102 καὶ
441 2047 539 2112 τὰς
573 2047 747 2118 ῥάγας
775 2047 874 2117 τῆς
900 2045 1147 2116 ἀμπέλου
1177 2045 1368 2116 ὥσπερ
1411 2044 1491 2098 ίοῦ
1531 2044 1805 2117 ῥαθάμιγ-

211 2159 338 2210 γας.
367 2140 542 2194 εῖτουν
573 2139 858 2207 σταγόνας,
883 2138 971 2191 διὰ
1002 2137 1061 2190 τὸ
1087 2137 1416 2202 κυκλοειδὲς,
1453 2138 1487 2209 ἢ
1520 2139 1582 2191 τδ
1614 2138 1801 2207 μείου-

215 2250 314 2305 ρον
347 2232 442 2285 καὶ
470 2231 703 2302 διαμφές
731 2231 963 2286 ἑκάστου
995 2229 1163 2300 ραγδς
1193 2231 1649 2300 στρογγυλώσεως
1667 2249 1681 2261 ο
1711 2231 1803 2286 τὸν

211 2324 275 2378 δὲ
302 2318 445 2377 οῐνον
475 2324 539 2375 ὲκ
567 2322 670 2392 τῆς
703 2320 1016 2383 ὑποθέσεως
1045 2319 1248 2390 ταύτης
1279 2321 1408 2374 ὅντα
1438 2323 1530 2376 τὸν
1564 2321 1688 2375 νοῦν
1715 2321 1803 2375 θο-

213 2413 347 2468 λοῦν
372 2415 471 2482 τῆς
491 2411 931 2484 ἀνθρωπότητος.
955 2411 1067 2480 Kal.
1097 2411 1174 2482 πὴ
1201 2413 1298 2482 μὲν
1330 2415 1410 2477 είς
1438 2413 1615 2480 θέλειν
1635 2415 1803 2484 ἀφρο-

213 2507 407 2560 δισίων
435 2506 609 2573 ἄγειν,
644 2506 718 2578 πὴ
751 2506 810 2559 δὲ
837 2509 916 2570 είς
939 2503 1156 2578 οἶστρον
1181 2505 1416 2576 ἐγείρειν
1437 2521 1450 2535 ο
1480 2505 1514 2576 ἢ
1540 2505 1586 2559 δ’
1607 2500 1674 2558 αὖ
1700 2504 1804 2558 πά-

211 2599 301 2652 λιν
346 2598 515 2668 όργὴν
542 2598 790 2668 ἐμποιεῖν
825 2597 914 2651 διὰ
955 2599 1016 2651 τὸ
1062 2596 1402 2668 κεπφοῦσθαι
1429 2597 1490 2651 τὸ
1532 2596 1691 2667 σῶμα
1737 2598 1802 2650 ἐκ

212 2690 316 2759 τῆς
345 2689 454 2744 ἀπὸ
475 2687 566 2741 τοῦ
596 2689 738 2742 οῐνου
759 2689 1062 2760 δυνάμεως,
1087 2686 1295 2742 καὶτοῦ
1321 2687 1402 2741 ἰοῦ
1431 2685 1524 2740 τοῦ
1552 2703 1804 2758 προειρη-

217 2781 387 2853 μένου
417 2780 898 2852 δράκοντος.”Οθεν
937 2781 1234 2851 ἀπέχονται
1265 2779 1410 2834 οἴνου
1444 2778 1724 2840 παντελῶς
1753 2779 1802 2832 ot

214 2890 472 2927 τοιουτοι.

290 2987 368 3039 B'.
407 2985 680 3038 Φάσκουσι
709 2983 765 3037 δέ
796 2983 891 3037 καὶ
930 2983 1030 3053 τὴν
1061 2985 1295 3053 γυναῖκα
1343 2979 1485 3036 εἶναι
1517 2982 1678 3054 ἔργον
1707 2982 1801 3036 τοῦ

1906 1862 2152 1917 tudinem
2181 1861 2521 1932 exprimere;
2554 1861 2764 1931 nigra‘m
2798 1861 3088 1927 draconis;
3114 1848 3306 1917 acinos
3322 1878 3492 1933 porro

1905 1962 2167 2024 tanquam
2211 1952 2408 2008 veneni
2455 1960 2645 2023 guttas
2702 1967 2767 2008 ac
2819 1953 3000 2008 stillas
3056 1969 3202 2018 esse,
3262 1965 3488 2025 propter

1905 2046 2322 2106 rotunditatem.
2378 2059 2444 2100 ae
2497 2045 2837 2114 singulorum
2875 2046 3221 2112 discrimina,
3254 2048 3391 2102 adeo
3425 2053 3487 2101 ut

1904 2139 2138 2194 orbiculi
2182 2138 2283 2205 ipsi
2315 2152 2346 2191 a
2384 2153 2444 2193 se
2482 2137 2716 2194 invicem
2760 2139 2936 2194 avulsi
2981 2140 3332 2208 separatione
3369 2155 3491 2195 cer-

1906 2237 2129 2284 nantur.
2185 2227 2548 2298 lndidemque
2589 2236 2645 2283 et
2693 2228 2884 2282 vinum
2936 2229 3220 2284 hominum
3273 2241 3490 2300 pertur-

1904 2320 2034 2374 bare
2065 2326 2272 2375 mentes
2305 2334 2369 2374 ac
2402 2321 2600 2389 partim
2631 2319 2848 2382 veneris
2882 2320 3134 2375 illecehra
3185 2321 3486 2384 concitare,

1905 2405 2105 2482 partim
2143 2410 2350 2464 furoris
2381 2409 2595 2480 agitare
2624 2411 2883 2476 stimulis,
2917 2411 3116 2481 partim
3149 2411 3383 2482 denique
3417 2411 3484 2466 ad

1901 2501 2242 2558 iracundiam
2295 2515 2636 2571 provocare;
2701 2502 2847 2571 quod
2907 2517 2971 2556 ea
3021 2501 3129 2556 vini
3157 2501 3228 2564 vi,
3264 2501 3370 2555 hoc
3401 2509 3485 2556 est

1906 2591 2166 2648 draconis
2190 2592 2342 2648 illius
2372 2607 2604 2658 veneno,
2641 2593 2756 2648 leve
2828 2593 2920 2646 tia:
2956 2592 3323 2663 etl‘eratnrque
3357 2609 3486 2648 cor-

1905 2699 2029 2753 pus.
2057 2682 2232 2748 Quam
2264 2682 2334 2737 ob
2361 2696 2586 2736 causam
2618 2682 2886 2752 quilhanc
2927 2692 3134 2737 sectam
3163 2682 3487 2750 proﬁtentur

1904 2774 1974 2829 ab
1997 2774 2144 2828 omni
2175 2789 2280 2828 usu
2313 2772 2422 2828 vini
2457 2773 2676 2843 penitus
2711 2773 3012 2828 abstinent.

1976 2971 2040 3025 ll.
2083 2967 2362 3024 Mulierem
2402 2977 2661 3038 praeterea
2702 2965 2918 3022 Satante
2945 2981 3085 3037 opus
3122 2980 3244 3020 esse
3272 2965 3484 3028 dicunt,

216 3077 457 3140 Σατανᾶ,
494 3076 746 3146 καθάπερ
778 3076 872 3128 καλ⁸
901 3077 950 3128 οί
975 3077 1317 3148 Ἀρχοντικοὶ
1359 3075 1516 3129 τοῦτο
1553 3076 1759 3145 ἔφασαν
1784 3093 1798 3108 ο

1908 3065 1959 3120 id
1987 3064 2132 3135 quod
2169 3074 2219 3118 et
2241 3062 2588 3116 Archonticis
2613 3059 2815 3128 placuit
2839 3079 2853 3113 :
2881 3059 3048 3129 389
3065 3059 3293 3129 ideoque
3311 3061 3400 3130 qui
3429 3075 3490 3115 se

213 3164 300 3219 διὸ
347 3167 473 3228 τοὺς
519 3165 681 3235 γάμῳ
721 3164 1142 3236 πλησιάζοντας,
1176 3163 1271 3218 τοῦ
1317 3165 1531 3217 Σατανᾶ
1561 3165 1622 3217 τὸ
1648 3165 1806 3236 ἔργον

219 3257 466 3329 πληροῦν
513 3256 780 3324 λέγουσιν.
800 3256 957 3310 Ἀλλά
991 3257 1085 3310 καὶ⁹
1129 3256 1223 3308 τοῦ
1269 3255 1559 3327 ἀνθρώπου
1601 3254 1661 3308 τὸ
1710 3256 1809 3326 μὲν

216 3350 394 3419 ἥμισυ
424 3343 559 3400 εἶναι
583 3346 676 3399 τοῦ
711 3347 867 3412 Θεοῦ,
901 3347 963 3400 τὸ
989 3347 1045 3400 δὲ
1076 3347 1248 3416 ἥμισυ
1277 3345 1370 3399 τοῦ
1399 3345 1668 3399 διαϐόλου.
1689 3344 1807 3396 Ἀπ’

213 3439 468 3511 ὀμφαλοῦ
497 3441 605 3512 γάρ
636 3441 730 3493 καὶ
763 3439 1023 3494 ἀνωτάτω
1061 3435 1202 3492 εἶναι
1241 3439 1341 3509 τῆς
1372 3438 1464 3492 τοῦ
1491 3437 1625 3492 Θεοῦ
1659 3436 1808 3490 δυνάο

223 3548 374 3603 μεως
406 3530 555 3598 λέγει
599 3531 697 3601 τὴν
747 3530 944 3584 πλάσιν
965 3545 979 3560 ⁸
1008 3530 1116 3583 ἀπὸ
1143 3530 1200 3582 δέ
1225 3527 1469 3600 ὀμφαλοῦ
1511 3530 1605 3581 καὶ
1638 3545 1809 3579 κατω-

216 3621 394 3686 τάτω,
424 3621 522 3688 τῆς
546 3621 787 3693 πονηρᾶς
819 3619 1065 3684 ἐξουσίας
1092 3620 1190 3690 τὴν
1208 3620 1423 3672 πλάσιν.
1451 3618 1650 3688 Διόπερ
1674 3617 1807 3687 φησὶ

219 3711 404 3765 πάντα
431 3711 551 3764 καθ’
576 3712 763 3782 ἡδονὴν
787 3712 880 3764 καὶ
905 3709 1120 3782 οἶστρον
1147 3711 1242 3763 καὶ
1271 3710 1566 3780 ἐπιθυμίαν
1595 3709 1690 3762 ἀπ’
1714 3710 1808 3778 ὀμ·

219 3801 397 3869 φαλοῦ
429 3801 524 3854 καὶ
555 3803 852 3855 κατωτάτω
873 3802 1139 3870 γίνεσθαι.
1159 3801 1318 3855 Ἀλλά
1339 3801 1430 3854 καὶ
1460 3801 1517 3854 αἱ
1545 3799 1700 3855 ἄλλαι
1727 3801 1809 3853 αἱ-

217 3893 408 3962 ρέσεῖς
436 3891 594 3944 τοῦτο
614 3891 819 3960 ἔφασαν
853 3889 1008 3946 εἶναι.

296 4005 461 4058 Ὅθεν
485 4006 580 4058 καὶ
612 3999 766 4068 οὗτος
786 4005 1071 4059 ἁλίσκεται
1090 4004 1230 4060 κατά
1259 4005 1435 4059 πάντα
1469 4005 1665 4077 τρόπον
1692 4007 1802 4067 τοῖς

222 4097 408 4160 ἄλλοις
435 4097 816 4151 ἐπακολουθῶν
843 4095 1132 4167 ἀγύρταις,
1162 4099 1274 4160 τοῖς
1306 4097 1374 4150 τὰ
1397 4098 1695 4169 δηλητήρια
1726 4097 1803 4169 τῷ

221 4188 326 4258 βίῳ
370 4189 866 4242 κατασκευάσασιν.
922 4189 1392 4259 Ἀνατραπὴσεται
1432 4189 1540 4260 γὰρ
1585 4189 1800 4259 ῥᾳδίως.

223 4279 302 4332 Οὐ
325 4278 436 4349 γὰρ
469 4278 662 4332 πολλοῦ
697 4279 1112 4350 ἐπιδεηθήσεται
1142 4279 1390 4349 καμάτου
1416 4283 1448 4350 ἡ
1473 4281 1609 4352 πρὸς
1641 4281 1804 4335 αὐτὸν

220 4371 526 4440 ἀνατροπή.
572 4369 730 4424 Ὄλον
771 4371 876 4441 γὰρ
918 4370 980 4423 τὸ
1027 4370 1186 4440 σῶμα
1216 4371 1664 4442 συγκεκραμένον
1691 4375 1804 4435 τοῖς

1911 3158 2116 3228 nuptiis
2170 3157 2448 3226 copulant,
2506 3153 2722 3207 Satanae
2767 3167 2905 3220 opus
2951 3151 3232 3220 perlicere.
3270 3151 3388 3206 lmo
3433 3161 3489 3208 et

1911 3247 2152 3302 hominis
2185 3246 2416 3299 alteram
2453 3251 2662 3313 partem
2697 3239 2815 3302 Dei,
2847 3241 3074 3294 alteram
3114 3239 3318 3294 diaboli
3364 3256 3488 3296 esse
3576 3263 3582 3269 ·

1910 3337 2262 3393 conﬁrmant.
2297 3334 2433 3388 Nam
2459 3332 2606 3402 quod
2648 3331 2717 3385 ab
2763 3330 3022 3384 umbilico
3060 3344 3279 3384 sursum
3313 3329 3490 3398 porri-

1911 3432 2077 3502 gitur,
2113 3429 2310 3483 divina:
2347 3425 2648 3480 molitioms
2683 3437 2848 3488 csse;
2914 3419 3058 3491 quod
3099 3419 3242 3474 infra
3267 3419 3489 3474 umbili—

1909 3538 2056 3587 cum,
2089 3535 2119 3573 a
2155 3519 2300 3573 mala
2332 3524 2607 3588 potestate
2657 3512 2940 3570 conditum
2990 3519 3261 3568 statuunt.
3311 3510 3393 3567 0b
3435 3513 3488 3566 id

1909 3610 2188 3680 inquiunt,
2243 3607 2589 3676 voluptatum
2642 3603 2980 3659 titillationes
3035 3617 3227 3658 omnes
3259 3618 3323 3666 ac
3373 3603 3494 3657 libi-

1909 3704 2068 3759 dines
2131 3701 2200 3753 ab
2265 3699 2527 3752 umbilico
2588 3703 2752 3765 atque
2811 3694 3166 3750 inferioribus
3240 3695 3492 3764 partibus

1907 3795 2239 3850 excitantur.
2309 3789 2453 3843 ldem
2520 3796 2574 3843 et
2647 3788 2881 3840 aliarum
2943 3786 3224 3840 haereseon
3288 3786 3490 3856 dogma

1909 3887 2029 3940 fuit.

1979 3996 2054 4050 Ex
2095 4008 2202 4064 quo
2247 3992 2417 4060 liquet
2449 3988 2586 4043 nihil
2615 3987 2761 4042 hunc
2797 3987 2902 4042 nisi
2940 3987 3225 4057 planorum
3258 3994 3487 4042 caetero-

1906 4105 2026 4144 rum
2059 4084 2343 4142 inhaesisse
2372 4080 2650 4151 vestigiis,
2690 4078 2781 4149 qui
2817 4078 3124 4148 perniciosa
3157 4093 3221 4131 ac
3272 4075 3487 4133 letifera

1905 4196 2110 4235 venena
2169 4179 2224 4233 in
2271 4178 2552 4232 hominum
2604 4193 2774 4248 genus
2828 4179 3156 4234 etl'uderunt.
3194 4175 3297 4232 Sed
3338 4177 3489 4235 nullo

1906 4272 2065 4341 plane
2103 4271 2355 4341 negotio,
2405 4285 2503 4323 nec
2538 4285 2770 4339 operoso
2805 4270 3094 4324 admodum
3140 4271 3324 4325 labore
3353 4285 3488 4324 con-

1909 4363 2190 4417 futabitur.
2231 4361 2444 4431 Corpus
2488 4360 2632 4415 enim
2681 4363 2997 4415 universum
3053 4377 3117 4416 ex
3169 4361 3238 4416 iis
3283 4375 3405 4430 qua:
3457 4377 3489 4414 a

220 4461 408 4524 καλῶς
435 4461 492 4513 ἐν
522 4461 668 4532 αὐτῷ
691 4461 970 4530 γεγονόσιν
1003 4462 1067 4513 ἐκ
1098 4461 1255 4526 Θεοῦ,
1282 4463 1425 4532 φημὶ
1449 4462 1504 4515 δὲ
1533 4463 1794 4533 ὀρέξεσιν,

1908 4454 2012 4509 Deo
2044 4463 2191 4509 recte
2236 4453 2498 4508 fabricata
2530 4462 2693 4517 sunt,
2725 4454 2826 4508 hoc
2874 4463 2980 4517 est,
3028 4454 3371 4508 naturalibus
3402 4463 3488 4509 est

217 4553 283 4604 οὐ
312 4551 380 4604 δι’
409 4551 641 4604 ἀτοπίαν
678 4553 742 4605 ἐκ
768 4549 903 4605 Θεοῦ
928 4551 1270 4622 γενομέναις,
1303 4551 1439 4606 ἀλλά
1477 4552 1568 4606 διὰ
1607 4555 1803 4624 χρῆσιν

218 4643 436 4712 ἀγαθὴν
489 4643 581 4695 καὶ
634 4643 940 4711 ἀναγκαίας
988 4645 1176 4715 χρείας
1214 4643 1404 4710 τάξιν·
1441 4644 1584 4716 λέγω
1631 4646 1688 4699 δὲ
1743 4646 1805 4699 τὸ

216 4734 516 4804 ὀρέγεσθαι
562 4733 754 4799 ὕπνου,
801 4735 1044 4805 βρωτῶν,
1081 4737 1344 4805 πόματος,
1386 4738 1670 4802 ἐνδύσεως,
1712 4740 1806 4792 καὶ

216 4825 333 4878 τῶν
358 4825 534 4879 ἄλλων
566 4827 780 4880 πάντων
800 4827 906 4879 τῶν
931 4829 1009 4890 είς
1041 4827 1110 4881 τά
1134 4828 1242 4882 ίδια
1273 4829 1368 4881 καὶ
1389 4823 1508 4901 Θεῷ
1536 4832 1806 4902 εὐάρεστα

216 4914 356 4984 ἡμῖν
379 4914 776 4984 συμϐαίνοντα·
804 4916 880 4978 ὡς
907 4917 998 4969 καὶ
1024 4917 1193 4988 αὐτὴν
1217 4917 1315 4990 τὴν
1343 4919 1520 4991 ὄρεξιν
1546 4923 1643 4992 τῆς
1666 4923 1804 4978 κατά

215 5003 281 5055 τὸ
339 5003 503 5074 σῶμα
556 5004 853 5075 ἐπιθυμίας
894 5006 995 5058 οὐκ
1053 5006 1252 5059 ἄτοπον
1291 5004 1458 5062 οὖσαν
1520 5013 1803 5083 παραστή-

216 5095 375 5163 σαιμ’
416 5094 503 5148 ἀν.
541 5095 697 5147 Ἔστι
727 5095 836 5164 γάρ
869 5094 1003 5165 πρὸς
1032 5095 1376 5150 παιδοποιίαν
1413 5098 1472 5150 ἐν
1511 5098 1802 5169 σεμνότητι

213 5184 457 5246 δοθεῖσα,
489 5186 583 5239 καὶ
630 5186 708 5248 είς
758 5185 916 5250 δόξαν
949 5185 1042 5238 τοῦ
1092 5187 1415 5258 ποιήσαντος
1466 5189 1535 5241 τὰ
1595 5188 1800 5255 πάντα,

214 5273 478 5344 καθάπερ
511 5276 576 5345 τῇ
612 5277 681 5344 γῇ
710 5273 778 5327 τὰ
826 5272 1114 5344 σπέρματα
1145 5276 1222 5337 είς
1268 5275 1519 5344 ἐπίχυσιν
1557 5276 1801 5346 πλήθους

211 5366 329 5417 τῶν
375 5365 482 5418 ὑπὸ
529 5365 664 5418 Θεοῦ
711 5364 1043 5434 ἐκτισμένων
1099 5358 1278 5419 καλῶν
1331 5365 1687 5436 γεννημάτων
1739 5368 1799 5421 τέ

212 5473 365 5524 φημι
415 5455 508 5508 καὶ
553 5453 891 5525 ἀκροδρύων.
927 5452 1111 5518 υῦτως
1161 5456 1254 5509 καὶ
1298 5458 1364 5526 τῇ
1420 5455 1797 5526 ἀνθρωπότητι

290 5655 306 5684 ⁸
347 5650 471 5707 For.
523 5652 790 5706 Ἀπελὶεῖ⁸

1909 4544 2338 4615 appetitionibus
2375 4545 2666 4599 conﬂatum
2701 4564 2716 4601 :
2751 4561 2890 4616 quas
2919 4561 3028 4601 non
3057 4546 3356 4602 absurdum
3388 4547 3489 4600 ali-

1907 4652 2068 4706 quem
2107 4635 2174 4690 ad
2203 4651 2384 4700 usum,
2409 4637 2505 4692 sed
2529 4637 2819 4692 honestum
2849 4651 2914 4690 ac
2941 4638 3312 4692 necessarium
3345 4636 3489 4692 Deus

1907 4725 2140 4784 indidit.
2180 4727 2436 4780 nimirum
2472 4733 2531 4780 ut
2569 4735 2624 4781 et
2656 4743 2908 4781 somnum
2947 4737 3298 4798 appetamus,
3329 4735 3383 4782 et
3409 4729 3488 4782 civ

1909 4817 2036 4872 bum
2057 4859 2071 4884 ,
2105 4834 2167 4872 ac
2193 4827 2377 4888 potum
2399 4859 2412 4880 ,
2446 4819 2733 4883 vestitum,
2761 4835 2824 4874 ac
2849 4829 3075 4876 caateras
3104 4819 3487 4890 opportunita-

1912 4921 2014 4975 tes,
2033 4928 2155 4982 qua:
2174 4912 2390 4982 quidem
2407 4910 2517 4967 Deo
2542 4912 2681 4966 haud
2703 4912 2928 4980 ingrata:
2950 4913 3108 4967 nobis
3127 4913 3484 4976 usuveniunt,

1911 5000 2049 5055 adeo
2081 5007 2139 5053 ut
2166 5001 2248 5055 vel
2283 5001 2454 5069 ipsam
2485 5015 2514 5052 a
2552 5000 2764 5054 ratione
2798 5000 3023 5055 minime
3065 5002 3363 5056 abhorrere
3396 5017 3487 5055 ve-

1911 5091 2058 5146 neris
2090 5091 2442 5160 cupiditatem
2473 5091 2849 5148 demonstrare
2883 5092 3065 5146 liceat.
3103 5092 3196 5146 Est
3239 5092 3385 5147 enim
3419 5093 3486 5147 ad

1906 5184 2195 5239 honestam
2245 5185 2450 5239 sobolis
2505 5185 2956 5256 propagationem
3002 5191 3055 5239 et
3080 5183 3146 5238 ad
3175 5184 3489 5240 Conditoris

1906 5275 2150 5332 omnium
2200 5275 2366 5331 decus
2396 5285 2447 5330 et
2490 5279 2752 5332 honorem
2793 5292 3057 5333 concessa
3083 5318 3099 5345 ,
3131 5277 3488 5347 quemadmo-

1907 5365 2035 5420 dum
2068 5365 2272 5419 semina
2303 5365 2370 5419 ad
2409 5382 2598 5421 eorum
2630 5368 2897 5423 bonorum
2929 5382 3051 5437 quae
3082 5367 3224 5423 Deus
3249 5367 3484 5429 creavit,

1907 5460 2206 5529 germinum
2247 5458 2501 5514 videlicet
2535 5475 2598 5514 ac
2643 5460 2916 5515 fructuum
2947 5462 3250 5516 ubertatem
3302 5473 3365 5513 ac
3396 5472 3489 5511 co-
