4008 6078
507 311 613 368 835

1823 370 1829 377 κ
1927 303 1986 358 s.
2024 302 2367 359 EPIPIIAMI

3697 306 3809 368 85⁸3

508 420 656 492 piam
709 419 957 475 instituta
1006 424 1155 473 sunt.
1213 414 1305 472 Sic
1349 413 1594 467 humano
1628 412 1812 481 generi
1863 414 1932 467 ad
1968 414 2101 468 illud

2212 416 2285 478 εἰς
2317 412 2378 469 τό
2405 413 2690 485 πληρῶσαι
2722 415 2804 478 τὸ,
2840 415 3210 481 Δὺξάνεσθε,
3248 416 3342 471 καί
3377 420 3799 487 πληθύνεσθῆ

512 511 877 583 praestandum
916 527 929 562 :
959 500 1223 569 Crescite.
1261 515 1310 561 et
1353 505 1818 576 multiplicamini,
1840 514 1889 558 et
1917 506 2108 567 replete

512 614 707 658 terram
733 603 772 667 ⁸,
809 600 1008 656 infiniti
1049 610 1177 655 sunt
1206 600 1283 653 illi
1314 598 1615 668 voluptatis
1654 598 1854 653 aculei.

582 694 852 749 Caaterum
898 691 1228 763 apocryphis
1274 690 1604 760 quibusdam
1660 689 1815 744 libris
1869 688 1946 742 uti
1986 687 2109 743 illos

510 788 853 854 accepimus;
895 798 959 839 ac
1001 785 1198 854 partim
1234 783 1399 838 etiam
1431 783 1667 852 publicis
1714 796 1779 836 ac
1828 781 2105 850 receptis,

509 892 574 931 ex
614 877 815 948 quibus
842 891 907 933 ea
941 879 1061 933 sola
1106 875 1386 946 deligunt,
1428 888 1550 946 quae
1588 888 1689 945 pro
1720 872 1887 927 animi
1917 872 2001 927 sui
2036 872 2107 926 li-

512 967 701 1024 bidine
748 976 1087 1023 commutata
1120 967 1538 1036 adulterataque
1569 964 1893 1043 depravant.
1922 961 2110 1017 Enim-
2149 984 2153 993 ι

510 1072 645 1113 vero
679 1058 809 1113 vitis
854 1071 1200 1128 nequaquam
1230 1066 1314 1112 est
1343 1071 1375 1111 e
1404 1055 1624 1110 diabolo
1657 1055 1868 1109 consita
1888 1093 1903 1118 ,
1931 1065 2111 1123 neque

508 1165 579 1205 ex
629 1150 903 1220 serpentis
965 1150 1176 1204 semine
1220 1155 1551 1218 procreata.
1599 1147 1676 1200 uti
1732 1144 1893 1200 facile
1927 1145 2109 1215 quivis

512 1240 784 1311 intelligit.
827 1238 935 1306 Qui
970 1240 1117 1293 enim
1154 1237 1268 1293 ﬁeri
1312 1245 1496 1307 posset
1545 1234 1727 1299 istud,
1769 1249 1894 1288 cum
1925 1241 2111 1305 aperte

512 1326 768 1382 Salvator
808 1329 925 1398 ipse
957 1325 1236 1380 contraria
1266 1324 1450 1378 omnia
1490 1328 1721 1377 testetur
1763 1321 1832 1376 iis
1876 1321 2057 1375 verbis
2089 1338 2104 1376 :

514 1416 639 1472 Non
669 1417 843 1471 bibam
865 1417 962 1470 hoc
996 1416 1060 1470 de
1091 1415 1355 1486 genimine
1388 1413 1509 1467 vitis
1541 1412 1729 1476 istius,
1753 1409 1915 1466 donec
1933 1410 2111 1465 bibam

509 1509 647 1564 illud
681 1524 872 1563 novum
905 1508 960 1561 in
995 1523 1152 1577 regno
1169 1505 1421 1560 calorum
1448 1506 1491 1558 '.
1525 1502 1591 1556 Et
1624 1502 1884 1573 quoniam
1907 1502 2110 1557 veritas

512 1613 645 1655 suos
683 1600 883 1668 ubique
924 1597 1111 1653 radios
1172 1593 1507 1658 diffundens,
1538 1607 1639 1662 pro
1669 1606 1734 1646 ea
1772 1606 1936 1662 quam
1968 1588 2111 1646 Deus

510 1690 677 1746 habet
700 1688 1103 1744 imminentium
1134 1687 1404 1740 malorum
1431 1684 1649 1747 notitia,
1668 1697 1952 1739 sermones
1976 1698 2109 1738 suos

2213 507 2308 561 καί
2341 506 2698 574 πληρώσατε
2720 505 2836 574 τὴν
2869 505 3007 576 γῆν.

2282 688 2590 761 Κέχρηνται
2617 689 2674 742 δὲ
2699 688 2750 742 oi
2774 687 3009 742 τοιοῦτοι
3036 689 3131 742 καὶ
3158 688 3502 759 άποκρύφοις
3524 689 3694 756 τισὶν,
3720 692 3799 753 ὥς

2210 782 2562 851 ἀκηκόαμεν·
2599 780 2737 834 ἀλλὰ
2775 780 2868 834 καὶ
2904 780 2963 832 ἐν
2997 779 3153 851 μέρει
3182 782 3306 842 ταῖς
3337 781 3529 852 ῥηταῖς
3566 780 3794 852 βίϐλοις,

2209 873 2603 945 λεξιθηρῶντες
2655 874 2839 925 ἐκεῖνα
2904 872 3042 942 μόνα
3068 912 3084 938 ,
3144 872 3304 926 ἅτινα
3350 871 3492 926 κατᾶ
3531 874 3623 928 τὸν
3669 871 3798 929 νοῦν

2210 966 2390 1020 αὑτῶν
2430 965 2877 1037 παραπλέκοντες
2904 963 3108 1034 ἑτέρως
3138 961 3632 1035 μεταχειρίζονται.
3655 964 3797 1019 Οὔτε

2209 1057 2385 1131 γὰρὴ
2440 1054 2686 1127 ἄμπελος
2742 1057 2808 1108 ἐκ
2856 1053 3106 1108 διαϐόλου
3152 1054 3515 1123 πεφύτευται,
3564 1053 3693 1109 οὔτε
3737 1056 3799 1120 ἐξ

2208 1150 2387 1219 ὄφεως
2436 1148 2561 1220 ἔσχε
2601 1147 2699 1219 τὴν
2732 1147 2963 1217 σπορὰν,
3010 1145 3087 1209 ὡς
3126 1131 3289 1198 παντί
3331 1162 3413 1216 τῳ
3443 1146 3605 1218 δῆλόν
3654 1149 3793 1201 ἐστι.

2209 1242 2336 1305 Πῶς
2367 1242 2477 1312 γάρ
2524 1243 2639 1294 ἐστι
2688 1239 2878 1304 solito;
2910 1237 3076 1291 αὑτοῦ
3120 1235 3215 1290 τοῦ
3250 1236 3457 1309 Κυρίου
3490 1240 3798 1310 ἐπιμαρτυ-

2213 1332 2453 1405 ροῦντος,
2485 1331 2580 1384 καλ⁸
2604 1329 2882 1398 λέγοντος,
2906 1329 2989 1381 ὅτι
3010 1327 3095 1380 Οὐ
3118 1324 3206 1394 μὴ
3250 1325 3365 1378 πίω
3411 1326 3483 1379 ἐκ
3520 1326 3631 1380 τοῦ
3663 1342 3797 1396 γεν-

2208 1423 2474 1493 νήματος
2503 1418 2615 1489 τῆς
2662 1418 2937 1486 ἀμπέλου
2978 1416 3218 1484 ταύτης,
3251 1415 3363 1480 ἕως
3391 1414 3470 1470 ἂν
3503 1418 3621 1470 πίω
3646 1416 3797 1471 αὐτὸ

2211 1514 2424 1572 καινὸν
2448 1512 2578 1583 μεθ’
2613 1509 2781 1581 ὑμῶν
2815 1510 2887 1563 ἐν
2914 1508 2989 1577 τῇ
3016 1507 3311 1576 ,βασιλείᾳ
3339 1506 3461 1561 τῶν
3495 1507 3795 1576 οὐρία-ὥν.

2211 1607 2322 1661 Καὶ
2351 1602 2540 1674 ἐπειδὴ
2571 1603 2604 1672 ἡ
2634 1599 2884 1669 ἀλήθεια,
2905 1597 3006 1661 τὰς
3040 1596 3240 1661 ἑαυτῆς
3271 1596 3497 1658 ἀκτῖνας
3536 1595 3800 1648 ἀποστίλο

2211 1697 2384 1750 ϐουσα
2422 1676 2514 1756 είξ
2556 1692 2618 1745 τὸ
2665 1687 2928 1751 παντελὲς
2968 1684 3111 1741 κατὰ
3155 1684 3462 1755 πρόγνωσιν
3510 1682 3652 1736 Θεοῦ
3690 1683 3799 1736 τῶν

509 1782 578 1837 ad
609 1780 1019 1858 convincendos
1038 1793 1256 1833 errores
1273 1776 1729 1838 accommodavit,
1749 1774 1877 1830 inde
1902 1774 2103 1829 factum

2212 1784 2625 1858 ἐπιφερομένων
2663 1778 2887 1841 κακῶν,
2934 1778 3015 1840 εἰς
3046 1776 3267 1845 ἔλεγχον
3311 1773 3626 1845 προετύτεου
3670 1776 3800 1840 τοὺς

508 1874 674 1946 39o
692 1856 797 1939 est,
813 1873 1018 1944 passim
1050 1878 1109 1925 ut
1139 1884 1311 1927 sacrae
1333 1853 1760 1923 Litteraeeorum
1791 1867 1886 1938 qui
1909 1874 2107 1922 contra

508 1967 794 2021 veritatem
816 1968 1164 2034 insurgerent
1183 1975 1440 2017 occasum
1459 1967 1624 2031 atque
1657 1960 1941 2015 interitum
1971 1975 2110 2030 prat-

507 2057 769 2112 dixcrint.
803 2053 895 2110 Sic
923 2056 1068 2110 enim
1101 2061 1291 2124 aperte
1312 2053 1552 2123 quodam
1581 2050 1783 2106 inloco
1813 2050 2103 2123 Dominus,

512 2162 571 2208 ut
598 2153 868 2208 infelicem
894 2152 1045 2206 illum
1070 2162 1124 2207 et
1144 2152 1501 2222 impostorem
1529 2148 1795 2207 Severum
1824 2159 2106 2221 argueret,

508 2246 677 2300 vitem
718 2260 778 2300 se
821 2259 947 2300 esse
981 2244 1324 2314 pronuntiat.
1366 2240 1480 2313 Ego
1531 2259 1684 2310 sum,
1729 2242 1942 2312 inquit,
1984 2242 2107 2296 vitis

509 2353 632 2393 tera
665 2337 706 2392 ³.
740 2337 908 2408 Atqui
946 2338 992 2393 si
1021 2336 1381 2407 vituperanda
1410 2351 1639 2406 prorsus
1669 2335 1798 2391 vitis
1828 2342 1975 2390 esset
2002 2350 2105 2406 ap-

509 2429 751 2502 pellatio,
787 2444 1067 2500 nunquam
1094 2429 1258 2499 hujus
1294 2429 1360 2483 ad
1393 2444 1453 2484 se
1484 2427 1898 2483 similitudinem
1934 2433 2116 2482 trans-

510 2519 696 2575 ferret.
768 2518 912 2584 Quin
942 2526 996 2574 et
1028 2519 1264 2590 apostoli
1300 2518 1354 2573 in
1386 2533 1452 2573 eo
1480 2518 1619 2572 libro
1639 2556 1654 2581 ,
1681 2518 1775 2589 qui
1800 2515 2103 2583 Διάταξις,

510 2611 616 2667 hoc
643 2620 727 2667 est
765 2610 1083 2668 Constitutio
1116 2618 1365 2677 vocatur,
1406 2610 1496 2664 Dci
1530 2610 1754 2680 stirpem
1787 2624 1850 2664 ac
1879 2609 2093 2689 vineam

510 2718 634 2759 esse
684 2704 1010 2759 catholicam
1061 2703 1362 2758 Ecclesiam
1398 2700 1656 2772 produnt.
1701 2699 1796 2764 Et,
1825 2699 1967 2769 quod
1990 2715 2109 2753 am-

512 2794 656 2862 plius
683 2803 767 2848 est
788 2831 804 2857 ,
847 2791 1112 2848 Dominus
1143 2793 1260 2862 ipse
1296 2805 1515 2845 rursum
1546 2791 1603 2844 in
1635 2787 1929 2859 Evangelio
1964 2788 2104 2842 idem

509 2885 816 2956 expressit,
850 2884 943 2939 ubi
974 2884 1122 2936 illam
1171 2882 1347 2937 vineae
1404 2882 1720 2957 parabolam
1770 2881 2103 2951 proposuit:

510 2975 685 3031 llomo
738 2974 962 3045 quidam
1015 2971 1422 3042 paterfamilias
1470 2971 1707 3026 habebat
1749 2973 1967 3026 vineam
1999 2989 2013 3025 :
2048 2979 2103 3025 et

511 3069 712 3123 locavit
751 3067 899 3121 illam
934 3065 1220 3137 agricolis;
1252 3072 1308 3120 et
1339 3064 1490 3120 misit
1535 3079 1786 3135 quaerens
1831 3061 2101 3125 fructum,

508 3167 564 3212 et
610 3172 719 3211 non
763 3135 1036 3212 dederunt
1064 3155 1106 3209 ι.
1159 3153 1290 3211 Item
1328 3172 1354 3209 εΔ
1379 3153 1552 3209 Homo
1599 3153 1821 3224 quidam
1870 3152 2105 3222 paterfa-
2131 3135 2176 3196 (ἶ

510 3250 692 3306 milias
740 3249 949 3305 habens
998 3249 1213 3304 vineam
1248 3248 1383 3303 exiit
1435 3262 1686 3317 quaerens
1737 3245 2021 3316 operarios
2049 3244 2103 3298 in

510 3342 725 3397 vineam
758 3359 772 3398 :
807 3348 862 3397 et
889 3342 1038 3396 circa
1093 3341 1312 3396 tertiam
1370 3340 1561 3393 horam
1587 3379 1601 3403 ,
1655 3346 1708 3392 et
1745 3347 1958 3392 sextam
1981 3374 1997 3401 ,
2049 3344 2104 3391 et

510 3450 750 3502 nonam,
794 3441 851 3490 et
904 3433 1247 3488 undecimam
1277 3431 1325 3483 '.
1367 3429 1435 3485 Ut
1471 3444 1539 3485 ex
1575 3429 1723 3483 omni
1762 3434 1916 3498 parte
1965 3426 2102 3481 vafri

511 3526 746 3580 hominis
780 3525 931 3580 fraus
961 3531 1016 3579 et
1066 3520 1390 3591 improbitas
1422 3519 1668 3575 veritatis
1701 3518 1949 3573 oratione
1976 3532 2105 3571 sau-

506 3620 704 3674 cietur.
746 3617 882 3672 Nam
922 3624 985 3672 ut
1033 3616 1261 3671 absente
1315 3616 1436 3670 luce
1479 3621 1760 3684 utcunque
1805 3621 2105 3683 appareant

506 3711 783 3775 tenehrze,
834 3708 1166 3777 simulatque
1209 3707 1291 3761 vel
1332 3705 1559 3759 minima
1614 3702 1853 3759 scintilla
1901 3702 2105 3756 micare

506 3799 758 3870 cmperit,
789 3808 1126 3855 evanescunt
1155 3797 1261 3851 illa:
1305 3797 1568 3850 continuo
1591 3834 1606 3857 ,
1645 3794 1971 3864 penitusque
1998 3792 2108 3849 dis-

507 3894 778 3964 sipantur.
832 3891 943 3964 Ego
977 3906 1105 3947 vero
1142 3890 1266 3945 ideo
1310 3889 1499 3943 leviter
1526 3888 1669 3941 hanc
1705 3885 1952 3941 haeresim
1980 3900 2105 3955 per-

507 3990 687 4053 curri,
724 3986 871 4058 quod
897 4001 1047 4049 cum,
1082 3993 1139 4039 ut
1176 3982 1337 4037 initio
1367 3982 1597 4044 monui,
1627 3979 1865 4033 refutatu
1897 3980 1971 4033 sit
2015 3976 2101 4031 fa-

506 4082 665 4145 cilis,
707 4096 817 4135 non
859 4092 1056 4149 magno
1107 4075 1294 4129 labore
1348 4072 1627 4127 contraria
1678 4070 1854 4141 possit
1898 4071 2102 4125 veritas

507 4174 786 4230 allii-mari.
829 4170 1055 4226 Accedit
1088 4176 1143 4224 et
1186 4164 1358 4230 illud,
1410 4164 1559 4234 quod
1601 4163 1687 4219 vel
1723 4162 1889 4216 nullae
1940 4161 2103 4218 hodie

507 4268 787 4337 supersint
828 4266 973 4319 illius
1009 4268 1173 4318 sectae
1210 4257 1484 4328 reliquiae,
1537 4254 1621 4310 vel
1670 4255 1880 4326 exigua:
1906 4253 2101 4308 admo-

509 4360 638 4414 dum
668 4356 1044 4427 superioribus
1077 4355 1133 4409 in
1169 4350 1470 4424 provinciis
1514 4348 1743 4403 relictae.

577 4447 940 4515 Quamobrem
972 4460 1072 4500 nos
1118 4460 1181 4500 ee
1211 4441 1577 4514 praetermissa
1604 4479 1620 4504 ,
1684 4438 1835 4493 velut
1874 4434 2099 4505 scorpio

507 4540 746 4612 quodam
798 4537 982 4594 subito
1034 4536 1386 4606 proculcato,
1431 4540 1659 4588 caeteras
1691 4527 2092 4601 aggrediamur.

510 4633 617 4689 Sed
661 4633 908 4688 divinum
953 4638 1081 4684 ante
1112 4628 1296 4683 omnia
1345 4624 1748 4695 implorandum
1795 4619 2095 4686 auxilium,

508 4740 619 4796 quo
658 4732 713 4779 et
750 4738 878 4778 vera
927 4719 1205 4792 possimus
1252 4717 1468 4788 eloqui,
1522 4730 1699 4785 neque
1747 4712 1907 4773 nobis
1963 4711 2097 4781 ipsis

509 4815 687 4871 fraudi
731 4814 803 4870 sit
830 4826 1019 4867 earum
1059 4825 1243 4866 rerum
1293 4808 1587 4872 tractatio,
1636 4804 1940 4875 praesertim
1970 4817 2094 4857 cum

509 4917 617 4963 tam
669 4905 933 4963 nefariam
963 4910 1018 4959 et
1053 4908 1293 4957 atrocem
1345 4897 1730 4968 pestiferorum
1775 4893 2093 4964 dogmatum

509 4998 909 5071 improbitatem
948 4994 1202 5067 persequi
1252 4992 1593 5049 studeamus.

946 5080 1633 5170 CONTRA'TATIANOS,

718 5229 849 5296 Qua:
900 5236 976 5282 est
1026 5225 1242 5281 Itwresis
1281 5219 1382 5277 XX
1407 5218 1475 5274 Vl
1506 5220 1612 5275 sive
1664 5215 1758 5271 XL
1776 5215 1870 5271 Vl.

579 5339 617 5392 1.
653 5339 919 5393 Tatianus
951 5336 1174 5407 quidam
1224 5342 1345 5404 post
1404 5332 1527 5386 illos
1576 5330 1821 5393 exstitit,
1853 5328 1943 5396 qui
1976 5326 2092 5382 sive

504 5432 697 5490 eodem
752 5430 969 5500 penitus
1024 5438 1303 5497 tempore,
1367 5424 1525 5495 391
1578 5424 1693 5479 sive
1745 5422 1909 5493 paulo
1969 5427 2092 5491 post

589 5588 605 5619 ¹
634 5588 768 5643 Gen.
815 5601 852 5651 t,
878 5583 968 5639 28.
1044 5584 1063 5614 ¹
1102 5582 1290 5635 Matth.
1324 5597 1468 5645 Μῖνι,
1494 5581 1586 5635 ‘29.

1685 5580 1706 5611 ³
1732 5577 1890 5631 .lnau.
1936 5592 2023 5639 xv,
2064 5575 2116 5629 l.
2191 5575 2215 5604 ⁸
2244 5577 2374 5629 Luc.
2411 5590 2501 5638 xx,
2530 5574 2562 5629 9
2602 5590 2722 5646 sqq.

2210 1878 2382 1949 αὑτῆς
2450 1875 2640 1944 λόγους
2696 1869 2976 1941 πανταχοῦ
3006 1885 3020 1899 ’
3086 1865 3454 1939 προεθέσπισε
3519 1865 3583 1918 τὸ
3654 1864 3802 1920 θεῖον

2208 1970 2444 2043 γράμμα
2466 1968 2564 2036 τὴν
2589 1964 2874 2037 ἀναίρεσιν
2892 1962 3001 2016 τῶν
3030 1959 3332 2033 μελλόντων
3362 1958 3506 2013 κατὰ
3537 1959 3640 2029 τῆς
3664 1959 3801 2030 ἄλη-

2210 2062 2360 2126 θείας
2392 2056 2813 2131 ἐπεγείρεσθαι·
2860 2054 2936 2117 ὡς
2962 2052 3258 2125 διαρρήδην
3287 2050 3450 2115 αὑτός
3489 2068 3598 2104 που
3626 2053 3658 2105 ό
3681 2051 3797 2106 Κύο

2214 2170 2365 2225 ριος,
2408 2153 2485 2214 είς
2537 2149 2761 2220 ἔλεγχον
2810 2145 2905 2201 τοῦ
2949 2143 3182 2199 ἐλεεινοῦ
3236 2144 3333 2197 καὶ
3371 2143 3797 2215 πεπλανημένον

2208 2245 2472 2314 Σευήρου,
2504 2240 2704 2310 φάσκει
2730 2238 2894 2301 αὑτὸς
2924 2236 3114 2290 ἑαυτὸν
3144 2232 3243 2305 τὴν
3281 2232 3549 2303 ἄμπελον,
3583 2232 3764 2301 λέγων
3783 2249 3797 2265 ·

2221 2335 2371 2406 Ἐγώ
2419 2337 2535 2404 ειμι
2578 2334 2619 2400 ἡ
2662 2331 2935 2401 ἄμπελος
3003 2328 3043 2396 ἠ
3104 2323 3386 2393 ἀληθινή.
3432 2324 3497 2377 Εἰ
3545 2323 3606 2377 δὲ
3661 2323 3799 2387 ὅλως

2207 2427 2410 2497 ψεκτὸν
2449 2420 2519 2497 ἦν
2558 2423 2622 2477 τὸ
2660 2424 2759 2494 τῆς
2797 2418 3048 2492 ἀμπέλου
3076 2416 3267 2488 ὄνομα,
3299 2411 3401 2468 οὑκ
3441 2412 3509 2467 ἂν
3538 2413 3638 2467 τοῦ
3682 2413 3800 2469 όνό-

2221 2534 2389 2591 ματος
2419 2519 2497 2580 είς
2528 2515 2722 2571 ἑαυτὸν
2755 2514 2990 2567 ἐποιεῖτο
3023 2510 3124 2579 τὴν
3153 2506 3467 2578 ὁμοιότητα.
3507 2504 3675 2559 Ἀλλά
3704 2507 3799 2559 καὶ

2201 2590 2258 2666 ὀί
2286 2607 2574 2664 ἀπόστολοι
2594 2606 2705 2677 (89)
2730 2621 2894 2675 φασιν
2916 2604 2973 2655 ἐν
2998 2602 3064 2671 τῇ
3085 2598 3436 2667 Διατάξειτῇ
3458 2596 3795 2668 καλουμένῃ,

2208 2703 2291 2757 ὃτι
2321 2700 2517 2770 φυτεία
2548 2697 2684 2752 Θεοῦ
2714 2696 2808 2751 καὶ
2833 2691 3094 2766 άμπελὼν
3118 2692 3152 2762 ἡ
3179 2688 3442 2761 καθολικὴ
3467 2687 3793 2758 Ἐκκλησία.

2222 2794 2383 2847 Ἀλλά
2427 2793 2523 2846 καὶ
2555 2790 2716 2854 αὑτὸς
2744 2790 2773 2841 ό
2824 2786 3031 2859 Κύριος
3078 2784 3241 2838 πάλιν
3267 2786 3324 2837 ἐν
3363 2781 3441 2853 τῷ
3472 2779 3797 2849 Εὑαγγελίῳ

2208 2885 2532 2957 ποιούμενος
2557 2882 2655 2954 τὴν
2674 2880 2767 2935 τοῦ
2796 2876 3118 2950 ἀμπελῶνος
3146 2873 3480 2947 παραϐολὴν,
3510 2872 3599 2925 ὅτι
3630 2871 3797 2941 ’Δνήρ

2207 2993 2293 3040 τις
2319 2973 2702 3044 οἰκοδεσπότης
2730 2970 2876 3042 εἶχεν
2908 2958 3228 3038 ἀμπελῶνα.
3260 2965 3353 3018 καὶ
3385 2962 3600 3030 ἐξέδοτο
3630 2961 3795 3015 αὑτὸν

2207 3069 2498 3141 γεωργοῖς,
2529 3063 2623 3119 καὶ
2660 3061 2873 3133 ἔπεμψε
2918 3059 3096 3131 ζητῶν
3125 3056 3361 3130 καρπόν.
3397 3054 3491 3109 καὶ
3523 3055 3630 3108 οὑκ
3669 3053 3796 3107 ἑδω-

2208 3179 2330 3216 καν.
2376 3157 2535 3212 Ἀλλὰ
2560 3157 2654 3212 καὶ
2693 3154 2887 3208 πάλιν⁶
2928 3153 3093 3223 Ἀνήρ
3126 3167 3207 3213 τις
3233 3147 3625 3218 οἰκοδεσπότης
3654 3145 3793 3216 ἔχων

2208 3250 2507 3325 ἀμπελῶνα
2531 3289 2546 3314 ,
2584 3246 2775 3318 ἐξῆλθε
2820 3232 2999 3315 ζητῶν
3046 3242 3287 3315 ἐργάτας
3337 3242 3416 3303 είς
3459 3238 3553 3291 τὸν
3610 3238 3791 3309 ἀμπεο

2206 3345 2371 3398 λῶνα.
2405 3342 2502 3397 καὶ
2524 3341 2617 3395 ἐπὶ
2637 3338 2826 3411 τρίτην
2850 3336 3023 3408 ῶραν,
3054 3334 3149 3388 καὶ
3191 3334 3382 3404 ἕκτην,
3409 3330 3504 3384 καί⁸
3537 3330 3789 3401 ἐννάτην,

2212 3437 2306 3490 καὶ
2333 3434 2646 3504 ἑνδεκάτην.
2701 3431 2789 3495 Ὠς
2815 3428 3113 3495 ἐξάπαντος
3154 3425 3216 3478 τὸ
3256 3424 3357 3494 τῆς
3391 3421 3792 3494 ἐπιτηδεύσεως

2207 3525 2545 3600 σκευώρημα
2588 3524 2684 3577 καὶ
2730 3506 2922 3576 τούτου
2952 3518 3046 3573 τοῦ
3091 3514 3409 3579 ἀπατεῶνος
3453 3511 3789 3584 πανταχόθεν

2206 3620 2350 3692 ἔχειν
2373 3617 2437 3672 τὸ
2489 3614 2888 3688 τιτρώσκεσθαι
2931 3612 3073 3681 λόγῳ
3114 3608 3219 3679 τῆς
3250 3606 3529 3678 ἀληθείας.
3576 3604 3689 3659 Κᾶν
3732 3619 3788 3655 τε

2209 3712 2314 3783 γὰρ
2342 3709 2688 3779 ἐπιφαίνεται
2732 3705 2794 3759 τδ
2839 3703 3031 3765 σκότος
3066 3702 3243 3773 φωτὸς
3290 3700 3364 3770 μὴ
3399 3696 3692 3769 παρόντος,
3722 3696 3787 3748 δι’

2205 3801 2388 3870 ὀλίγου
2410 3798 2706 3869 σπινθῆρος
2739 3797 2771 3866 ή
2804 3793 2969 3849 αὑτοῦ
3005 3793 3317 3863 ἀφάντωσις
3345 3790 3445 3860 τῆς
3474 3786 3790 3860 ἀνατροπῆς

2206 3894 2516 3963 γενήσεται.
2550 3887 2841 3958 Συντόμως
2875 3885 2933 3939 δὲ
2964 3884 3239 3956 κέχρημαι
3265 3884 3331 3954 τῇ
3351 3881 3592 3952 αἱρέσει,
3620 3879 3715 3933 διὰ
3733 3877 3791 3931 τὺ

2206 3982 2306 4054 ήδη
2347 3980 2619 4047 ἐξειπεῖν,
2669 3980 2751 4033 ὅτι
2802 3977 3070 4040 εὐάλωτος
3114 3976 3435 4047 ὑπάρχουσα
3468 3973 3532 4027 οὑ
3592 3970 3789 4041 πολλῆς

2204 4072 2374 4126 δεῖται
2398 4071 2683 4143 ἐργασίας,
2711 4068 2848 4140 πρὸς
2876 4068 3135 4122 σύστασιν
3164 4067 3263 4137 τῆς
3292 4066 3409 4119 κατ’
3445 4065 3623 4135 αὑτῆς
3656 4064 3788 4132 άλη-

2206 4162 2385 4227 θείας⁶
2426 4162 2661 4233 μάλιστα
2702 4160 2782 4225 δὲ,
2831 4160 2914 4214 ὅτι
2953 4160 3094 4230 τάχα
3126 4153 3280 4229 οἶμαι
3333 4156 3427 4209 καὶ
3479 4154 3681 4227 μηκέτι
3724 4156 3789 4207 ἐκ

2202 4256 2409 4327 ταύτης
2433 4255 2695 4326 ὑπάρχειν
2729 4252 2901 4316 τινὰς,
2929 4250 3041 4307 ἀλλ’
3066 4252 3115 4304 εί
3150 4250 3258 4321 ἄρα
3286 4248 3529 4313 σπανίως
3553 4251 3614 4303 ἐν
3648 4248 3789 4302 ἀνω-

2204 4350 2350 4404 τάτω
2383 4348 2624 4420 μέρεσιν.

2287 4440 2419 4494 Ἀπὸ
2465 4439 2670 4509 ταύτης
2722 4438 2779 4491 δὲ
2830 4435 3223 4509 παρελθόντες,
3287 4433 3479 4506 ὥσπερ
3529 4433 3790 4506 σκορπίον

2202 4535 2373 4590 δεινὸν
2420 4534 2908 4604 καταπατήσαντες
2953 4530 3204 4603 ἀθρόως,
3251 4528 3351 4593 τὰς
3401 4527 3533 4599 ἑξῆς
3567 4529 3789 4582 δτασκο-

2206 4623 2473 4694 πησομεν,
2506 4619 2642 4673 Θεοῦ
2670 4619 2769 4691 τὴν
2802 4618 3032 4690 δύναμιν
3071 4616 3494 4689 ἐπικαλούμενοι
3544 4618 3627 4680 εἰς
3658 4616 3789 4688 βοή-

2204 4713 2377 4779 θειαν,
2412 4712 2507 4767 τοῦ
2544 4730 2604 4766 τε
2638 4712 2698 4766 τὸ
2739 4711 2939 4783 ἀληθὲς
2980 4712 3186 4773 εἰπεῖν,
3226 4712 3322 4765 καὶ
3361 4709 3455 4764 τοὺ
3492 4710 3659 4764 αὑτὸν
3691 4711 3790 4780 ἐμὲ

2207 4806 2281 4878 μὴ
2318 4803 2675 4876 βλάπτεσθαι,
2713 4803 2948 4874 μάλιστα
2980 4803 3108 4875 περὶ
3152 4802 3253 4871 τῆς
3300 4800 3561 4872 τοιαύτης
3606 4801 3791 4870 δεινῆς

2202 4899 2296 4953 καὶ
2340 4896 2620 4968 όλετηρίου
2665 4896 2773 4951 τῶν
2820 4894 3108 4966 δογμάτων
3154 4892 3417 4965 μέλλοντα
3465 4893 3789 4963 ὑποφαίνειν

2203 4987 2590 5061 κακοτροπίας.
3263 4991 3266 4994 ’

2688 5102 2878 5155 ΚΑΤΑ
2917 5100 3266 5156 ΤΑΤΙΑΝΩΝ

2270 5215 2536 5287 Εἰκοστὴ
2576 5216 2719 5285 ἕκτη
2741 5257 2755 5280 ,
2798 5217 2838 5285 ἠ
2886 5215 2984 5270 καί
3028 5211 3497 5282 τεσσαρακοστὴ
3547 5211 3717 5279 ἕκτη.

2270 5330 2347 5383 A’.
2390 5327 2653 5391 Τατιανός
2686 5344 2769 5392 τις
2823 5326 3057 5397 ἀνέστη,
3098 5324 3320 5397 τοςότςυς
3368 5323 3785 5393 διαδεξάμενος,

2201 5421 2320 5492 ἦτοι
2365 5419 2504 5474 κατὰ
2536 5420 2661 5484 τοὺς
2706 5418 2884 5473 αὑτῶν
2929 5418 3150 5491 χρόνους
3188 5415 3287 5482 ῶν,
3330 5415 3363 5487 ἢ
3402 5415 3518 5487 μετ’
3552 5417 3789 5481 αὐτοὺς,

2804 5576 2824 5607 ⁸
2858 5573 3049 5630 Matth.
3078 5588 3167 5638 xx,
3199 5572 3222 5626 l
3257 5587 3379 5643 sqq.

577 5744 690 5817 (89)
742 5744 916 5800 Ἀλλὰ
959 5741 1055 5795 καί
1097 5743 1150 5795 οἱ
1200 5739 1548 5793 ἀπόστολοι.
1595 5733 1773 5788 Lucus
1808 5740 1984 5788 exstat
2028 5731 2083 5786 in

2212 5728 2260 5793 l,
2302 5731 2335 5782 Ι.
2370 5746 2381 5782 l
2414 5729 2640 5784 Conslit.
