3866 6068
479 231 583 288 839

1861 222 1942 310 ηε.
1985 222 2324 279 EPIPHANII

3621 216 3750 275 ‘810

475 344 534 402 in
568 348 687 415 ipso
719 342 851 399 flore
891 339 1230 412 juventu’tis,
1277 353 1424 394 anno
1456 337 1714 393 videlicet
1749 339 1925 393 aetatis
1953 339 2054 392 tri-

2165 337 2298 391 ἐτῶν
2319 335 2611 407 τριάκοντα
2631 334 2893 405 ὑπάρχων
2914 331 2971 384 ἐν
2992 328 3311 401 καθεστώσῃ
3330 327 3542 400 ἡλικία.
3562 328 3748 400 Τούτῳ

474 439 704 494 eesimo.
724 437 864 489 Huic
883 448 1007 488 cum
1039 447 1098 488 se
1129 431 1393 486 Tatianus
1419 430 1580 484 initio
1611 429 2061 499 dedisset,quan—

474 529 569 583 diu
593 542 712 582 cum
737 534 930 580 sancto
947 532 1186 592 martyre
1204 523 1340 576 vixit
1357 564 1394 614 ,‘
1411 537 1537 576 cum
1576 521 1792 576 caeteris
1815 519 1868 574 in
1894 521 2060 576 rebus

477 617 862 674 honestissime
917 629 976 670 se
1009 614 1216 686 gessit,
1264 611 1389 667 tum'
1426 613 1643 688 egregia
1683 611 1786 666 fuit
1824 626 1888 666 ac
1927 625 2057 665 con-

475 709 643 765 stanti
701 708 808 763 fide
859 707 1143 777 praeditus.
1193 704 1299 760 Sed
1343 705 1437 759 illo
1478 713 1696 758 mortuo
1733 703 1959 773 perinde
1995 716 2060 756 ac

474 803 519 858 si
549 817 729 857 caecus
763 801 831 855 ab
867 801 1038 855 altero
1071 798 1342 854 deductus
1388 811 1418 850 a
1451 795 1680 850 ductore
1710 795 2056 861 destituatur,

471 895 527 950 in
554 909 794 965 praeceps
825 893 1354 968 seseﬁomhtittens,
1382 905 1491 958 pra:
1515 889 1758 942 caecitate
1801 888 2058 942 deorsum

471 988 547 1043 ita
590 987 797 1050 fertur,
837 993 892 1038 ut
949 985 1208 1039 cohibere
1254 983 1432 1052 ipsum
1480 986 1752 1050 nequeat,
1799 979 1974 1042 donec
2003 980 2058 1034 in

469 1080 702 1135 exitium
743 1086 868 1131 ruat
903 1095 918 1131 :
953 1076 1028 1129 ita
1059 1074 1290 1128 Tatiano
1319 1073 1566 1142 contigit.

547 1170 676 1223 Erat
732 1169 859 1230 hic,
920 1166 1380 1237 quemadmodum
1434 1165 1783 1234 accepimus,
1840 1165 2060 1220 natione

478 1262 668 1333 Syrus.
701 1260 802 1326 Qui
835 1260 1066 1328 primum
1107 1259 1158 1311 in
1211 1247 1599 1328 Mesopotamia
1630 1273 1826 1313 novam
1853 1265 2057 1312 sectam

475 1353 712 1407 condere
750 1365 1044 1421 aggressus
1077 1357 1193 1413 est,
1246 1351 1394 1404 circa
1445 1365 1650 1402 annum
1687 1365 1760 1403 χιι
1795 1348 2058 1403 Antonini

472 1444 572 1506 Pii.
611 1445 819 1513 Quippe
875 1451 997 1512 post
1046 1443 1222 1498 sancti
1255 1441 1455 1496 Justini
1513 1443 1832 1511 martyrium
1885 1439 2057 1494 Roma

474 1536 750 1607 profectus
783 1535 837 1589 in
871 1533 1183 1596 Orientem,
1224 1544 1278 1588 et
1317 1534 1513 1600 ibidem
1555 1535 1809 1589 habitans
1861 1534 1915 1587 in
1961 1533 2058 1588 ab-

472 1627 670 1682 surdas
706 1627 993 1696 opiniones
1037 1625 1228 1679 incidit
1259 1643 1271 1680 :
1307 1640 1370 1678 ac
1423 1625 1611 1679 nescio
1644 1640 1784 1694 quos
1812 1640 1996 1679 :eonas
2027 1641 2058 1679 e

2157 430 2185 480 ὁ
2220 425 2618 499 προειρημένος
2649 424 2912 488 Τατιανδς
2945 421 3300 491 συνακμάσας
3319 420 3391 473 τὰ
3427 419 3625 489 πρῶτα
3657 439 3744 476 κα·

2159 521 2266 583 λῶς
2301 520 2621 591 φερόμενος,
2658 518 2752 573 καὶ
2776 519 2841 589 τῇ
2869 516 3050 570 πίστει
3084 513 3398 586 ἐρρωμένος
3424 512 3742 583 ἐτύγχανεν,

2157 612 2282 664 ὅσον
2313 607 2380 682 ἦν
2413 611 2511 664 σὺν
2539 608 2616 680 τῷ
2651 609 2791 678 άγίῳ
2815 607 3086 676 Ἰουστίνῳ
3117 605 3194 676 τῷ
3239 605 3505 676 μάρτυρι.
3533 605 3664 656 Ὅτε
3692 605 3744 658 δὲ

2159 702 2410 756 ἐτελεύτα
2451 703 2770 763 ’1ουστίνοςό
2795 700 2968 768 ἅγιος,
3001 697 3188 770 ὥσπερ
3209 699 3223 728 ¹
3247 695 3447 762 τυφλὸς
3476 713 3744 767 χειραγω-

2157 792 2420 862 γούμενος
2453 789 2558 843 ὑπὸ
2592 787 2684 841 τοῦ
2707 785 3049 858 χειραγωγοῦ
3085 783 3499 854 καταλειφθείη,
3533 784 3628 836 καὶ
3652 799 3744 838 κα-

2157 882 2465 952 ταλειφθεὶς
2492 881 2585 933 ἐπί
2619 880 2863 951 κρημνὸν
2895 877 3084 932 ἐαυτὸν
3117 877 3304 940 ἐκδοὺς
3330 875 3419 928 διὰ
3451 875 3556 945 τὴν
3585 891 3744 946 προσ-

2158 975 2329 1027 οῦσαν
2367 972 2516 1043 αὐτῷ
2547 972 2857 1040 τύφλωσιν,
2907 969 3279 1040 καταφέρεται
3329 968 3742 1038 ἀνεπισχέτως,

2158 1065 2264 1127 ἕως
2298 1066 2373 1127 εἰς
2399 1064 2628 1118 θάνατον
2654 1061 3006 1132 κατενεχθείη
3025 1078 3037 1090 ·
3067 1060 3208 1114 οὕτω
3232 1061 3326 1112 καὶ
3359 1058 3547 1122 αὐτός.

2230 1154 2342 1207 Καὶ
2361 1149 2428 1224 ἦν
2463 1154 2560 1226 μὲν
2587 1153 2754 1224 Σύρος
2783 1151 2840 1205 τὸ
2863 1152 3042 1220 γένος,
3073 1151 3147 1213 ὡς
3169 1152 3202 1220 ἡ
3233 1151 3311 1213 είς
3336 1151 3485 1219 ἡμᾶς
3517 1146 3744 1201 ἐλθοῦσα

2159 1245 2361 1314 γνῶσις
2394 1246 2667 1316 περιέχει·
2703 1245 2763 1297 τὸ
2784 1244 2841 1296 δέ
2874 1243 3038 1296 αὑτοῦ
3065 1242 3442 1296 διδασκαλεῖον
3478 1240 3744 1310 προεστή-

2160 1356 2291 1392 σατο
2329 1339 2422 1392 ἀπ’
2462 1337 2639 1409 ἀρχῆς
2671 1338 2768 1408 μὲν
2818 1338 2876 1390 ἐν
2907 1339 2974 1406 τῇ
3022 1337 3179 1406 Μέσῃ
3221 1335 3329 1387 τῶν
3367 1332 3633 1403 ποταμῶν
3671 1331 3743 1394 ὡς
3801 1369 3807 1374 .

2160 1430 2291 1502 περὶ
2319 1428 2381 1482 τὸ
2413 1428 2709 1482 δωδέκατον
2739 1427 2855 1491 ἔτος
2873 1428 2986 1497 (9'2)
3017 1425 3336 1480 Ἀντωνίνου
3356 1423 3452 1477 τοῦ
3475 1420 3744 1484 Εὐσεϐοῦς

2160 1519 2440 1590 Καίσαρος
2467 1515 2872 1587 ἐπικληθέντος.
2917 1515 3049 1570 Ἀπὸ
3081 1514 3301 1586 Ῥώμης
3337 1514 3449 1585 γὰρ
3483 1514 3622 1585 μετὰ
3648 1513 3744 1583 τὴν

2159 1609 2254 1662 τοῦ
2290 1609 2448 1678 ἁγίου
2494 1609 2780 1662 Ἰουστίνου
2821 1607 3098 1661 τελείωσιν
3128 1605 3353 1660 διελθὼν
3396 1606 3495 1660 ἐπὶ
3537 1605 3608 1658 τὰ
3651 1605 3744 1674 τῆς

473 1719 872 1774 Valentinianis
903 1717 1123 1779 fabulis,
1156 1731 1220 1771 ac
1261 1717 1531 1787 principia
1565 1717 1811 1786 quaedam
1844 1731 1907 1770 ac
1936 1733 2052 1786 pro-

2165 1701 2446 1771 Λνατολῆς
2482 1701 2647 1772 μέρη,
2687 1701 2786 1754 καὶ
2810 1701 2989 1753 ἐκεῖσε
3013 1698 3326 1770 διατρίϐων,
3359 1701 3508 1768 κακῇ
3541 1697 3743 1768 διανοίᾳ

473 1812 796 1882 pagationes
830 1817 1178 1865 commentus
1213 1817 1318 1865 est.
1362 1808 1466 1863 Sed
1497 1809 1785 1864 Antiochia
1830 1825 2058 1879 praeser-

470 1903 567 1956 tim
589 1944 602 1965 ,
637 1917 757 1971 quae
795 1901 860 1954 ad
899 1900 1160 1970 Daphnen
1199 1908 1302 1964 est,
1340 1901 1489 1956 illius
1521 1899 1716 1970 dogma
1749 1900 2055 1955 derivatum

468 1991 524 2044 in
566 1989 756 2046 Cilicia
792 2005 857 2044 ac
888 1988 1092 2044 Pisidia
1144 1989 1464 2057 cumprimis
1495 1989 1719 2043 coaluit.
1747 1989 1885 2044 llinc
1911 1989 2056 2045 enim

469 2079 879 2136 Encratitarnm
919 2088 1038 2134 orta
1087 2081 1366 2135 successio
1401 2087 1518 2142 est,
1559 2080 1758 2150 quibus
1787 2096 2057 2136 venenum

470 2171 607 2225 illud
639 2187 947 2242 aspersum.
974 2170 1180 2226 Ferunt
1211 2187 1350 2241 opus
1375 2173 1506 2227 illud
1538 2173 1682 2244 quod
1710 2188 1775 2227 ex
1804 2190 1856 2228 tv
1885 2173 2061 2227 Evan-

468 2261 625 2332 geliis
658 2271 974 2330 contextum
1011 2271 1094 2318 est
1117 2304 1130 2328 ,
1164 2263 1422 2333 quodque
1468 2264 1769 2320 secundum
1802 2263 2058 2321 Hebraeos

469 2355 718 2411 nonnulli
763 2363 980 2420 vocant,
1011 2355 1082 2410 ab
1124 2370 1190 2410 eo
1229 2355 1631 2425 conscriptum.

545 2615 604 2674 ll.
635 2615 905 2671 Caeterum
935 2615 1126 2671 eadem
1161 2614 1274 2671 fere
1322 2631 1447 2672 cum
1479 2616 1719 2687 antiquis
1757 2616 2057 2672 hmresibus

468 2707 734 2763 defendit.
769 2709 848 2762 Ac
895 2709 1131 2777 primum
1165 2707 1435 2762 Adamum
1469 2719 1631 2779 negat
1668 2723 1792 2764 csse
1822 2710 2052 2765 salvum.

470 2797 676 2852 Deinde
715 2799 1112 2852 continentiam
1164 2795 1520 2870 caelibe’mque
1569 2796 1734 2854 vitam
1775 2802 2054 2872 praedicat.

469 2888 700 2958 Nuptias
751 2888 1082 2943 adulterium
1137 2905 1261 2946 esse
1310 2906 1521 2946 merum
1573 2907 1637 2947 ac
1688 2895 2054 2964 corruptelam

466 2981 776 3047 existimat;
814 2996 913 3036 nec
949 2981 1018 3033 ab
1049 2981 1140 3034 illa
1178 2981 1497 3053 discrepare
1530 2985 1883 3054 penitus,sed
1913 2985 2052 3041 idem

2159 1793 2498 1865 περιπεσὼν,
2529 1793 2732 1857 αἰῶνας
2754 1810 2906 1856 τινας
2937 1792 3077 1845 κατὰ
3103 1793 3230 1854 τοὺς
3278 1791 3487 1862 μύθους
3512 1790 3742 1847 Ούαλεν·

2156 1884 2326 1947 τίνου,
2364 1886 2458 1940 καὶ
2487 1886 2660 1956 ἀρχάς
2694 1902 2865 1948 τινας,
2898 1884 2993 1937 καὶ
3021 1883 3292 1954 προϐολάς
3321 1883 3418 1936 καὶ
3449 1881 3617 1946 αὐτὸς
3642 1883 3744 1936 εἱσ-

2156 1977 2406 2046 ηγήσατο
2425 1991 2441 2005 “
2475 1976 2536 2028 τὸ
2556 1977 2612 2029 δὲ
2643 1975 2892 2028 πλεῖστον
2927 1973 3021 2028 τοῦ
3055 1973 3220 2028 αὐτοῦ
3250 1973 3616 2046 κηρύγματος
3643 1973 3743 2025 ἀπὸ

2171 2067 2504 2138 Ἀντιοχείας
2536 2069 2634 2138 τῆς
2667 2067 2802 2138 πρὸς
2829 2067 3068 2137 Δάφνην,
3103 2069 3198 2121 καὶ
3231 2069 3324 2120 ἐπὶ
3347 2068 3419 2120 τὰ
3450 2066 3565 2120 τῶν
3594 2066 3740 2119 Κιλί-

2159 2177 2271 2213 κων
2316 2160 2482 2231 μέρη,
2529 2161 2622 2213 ἐπὶ
2667 2160 2848 2214 πλεῖον
2876 2160 2932 2214 δέ
2961 2162 3018 2213 ἐν
3061 2164 3129 2232 τῇ
3159 2158 3379 2230 Πισιδίᾳ
3423 2159 3740 2229 ἐκράτυνεν.

2173 2250 2306 2303 ’Δπὸ
2325 2251 2518 2303 τούτου
2549 2251 2657 2322 γάρ
2687 2252 2830 2306 κατὰ
2863 2252 3112 2323 διαδοχὴν
3137 2253 3186 2304 οἱ
3208 2251 3570 2321 Ἑγκρατίται
3591 2251 3742 2317 λεγό-

2163 2358 2315 2411 μενοι
2366 2341 2460 2395 τοῦ
2503 2342 2580 2395 ἰοῦ
2628 2343 3024 2415 μετεσχηκότες
3059 2343 3385 2413 ὑπάρχουσι.
3430 2341 3742 2410 Λέγεταιδὲ

2158 2432 2218 2486 τὸ
2246 2432 2336 2487 διὰ
2359 2435 2640 2506 τεσσάρων
2680 2434 3027 2502 Εὑαγγελίων
3066 2434 3158 2488 ὑπ’
3189 2432 3358 2487 αὐτοῦ
3391 2431 3740 2504 γεγενῆσθαι,

2159 2523 2296 2592 ὅπερ
2329 2522 2473 2575 κατὰ
2507 2524 2794 2594 Ἐϐραίους
2824 2523 2969 2587 τινὲς
2998 2522 3244 2577 καλοῦσι.

2230 2614 2303 2666 B'.
2345 2613 2426 2666 Τὰ
2472 2614 2610 2667 αύτά
2643 2613 2699 2666 δέ
2738 2617 2858 2678 ταῖς
2886 2615 3142 2678 παλαιαῖς
3168 2613 3415 2684 αἱρέσεσι
3464 2614 3565 2666 καὶ
3598 2607 3743 2674 οὗτος

2158 2707 2491 2778 δογματίζει.
2545 2708 2658 2761 Καὶ
2707 2708 2924 2779 πρῶτον
2983 2708 3081 2780 μὲν
3110 2710 3308 2778 φάσκει
3355 2708 3436 2780 μὴ
3478 2709 3745 2774 σώζεσθαι

2157 2798 2249 2852 τὸν
2304 2799 2500 2869 Ἀδάμ.
2539 2800 2899 2870 Ἐγκράτειαν
2930 2800 2986 2852 δὲ
3023 2796 3175 2865 οὗτος
3215 2800 3503 2871 κηρύττει.
3550 2804 3658 2857 Τὸν
3693 2805 3746 2858 δὲ

2159 2890 2334 2960 γάμον
2362 2890 2617 2961 πορνείαν
2649 2893 2745 2945 καὶ
2774 2891 2980 2966 φθοράν
3024 2894 3238 2964 ἡγεῖται
3260 2911 3274 2925 ο
3313 2895 3548 2964 φάσκων
3583 2897 3748 2968 μηδὲν

2158 2979 2490 3034 διαλλάττειν
2532 2982 2788 3053 πορνείας
2813 2983 2906 3037 τὸν
2931 2983 3128 3055 γάμον,
3159 2984 3294 3038 ἀλλὰ
3317 2987 3378 3038 τὸ
3419 2986 3556 3041 αὐτὸ
3586 2984 3744 3042 εἶναι.

468 3079 521 3123 et
551 3084 718 3122 unum
758 3085 882 3124 esse
932 3069 1054 3135 Qua
1101 3071 1325 3140 quidem
1360 3073 1716 3130 continentiae
1761 3089 1825 3129 ac
1857 3076 2054 3144 pudici-

2165 3068 2328 3122 Ὅθεν
2355 3071 2413 3122 ἐν
2461 3069 2542 3141 τῷ
2583 3072 2932 3142 προσχήματι
2987 3072 3088 3142 τῆς
3129 3074 3461 3145 ἐγκρατείας
3513 3077 3611 3130 καὶ
3655 3077 3752 3131 τοῦ

464 3160 558 3215 tiae
598 3160 758 3231 392
793 3161 975 3231 specie
997 3201 1014 3227 ,
1061 3162 1210 3217 velut
1244 3163 1498 3220 illecebra
1545 3167 1860 3236 proposita,
1897 3167 2062 3222 homo

465 3251 622 3305 vafer
656 3253 938 3322 obrepsit,
969 3258 1234 3322 tanquam
1288 3268 1457 3324 rapax
1493 3255 1715 3326 quidam
1757 3257 1917 3327 lupus
1956 3258 2064 3328 pcl-

466 3341 572 3398 lem
613 3343 731 3398 ovis
778 3343 1051 3407 inducas,
1090 3359 1270 3413 eoque
1310 3347 1496 3409 cultu,
1528 3363 1692 3417 quem
1725 3349 1791 3402 ad
1843 3356 2060 3420 tempus

468 3442 808 3502 susceperat,
834 3435 1070 3490 miseros
1099 3435 1351 3491 homines
1387 3437 1442 3492 in
1476 3438 1721 3493 fraudem
1753 3440 2057 3510 pellieiens.

469 3521 735 3577 Similiter
765 3530 821 3577 et
863 3525 1126 3594 mysteria
1171 3528 1420 3595 quaedam
1461 3528 1529 3583 ad
1572 3528 1831 3586 Ecclesiae
1857 3533 2060 3588 sanctae

468 3611 829 3666 imitationem
864 3613 1128 3680 instituit;
1154 3614 1250 3671 sed
1279 3616 1346 3671 ad
1385 3633 1449 3673 ea
1483 3627 1663 3673 tamen
1697 3621 1832 3675 nihil
1864 3631 2060 3692 praeter

467 3715 668 3770 aquam
707 3701 980 3756 adhibuit.
1029 3701 1230 3758 Verum
1276 3722 1344 3762 ne
1371 3708 1460 3763 ille
1489 3709 1708 3779 quidem
1738 3713 1938 3782 poterit
1977 3728 2060 3767 ra-

467 3792 616 3846 tione
663 3792 771 3845 ulla
816 3795 1149 3859 consistere,
1194 3797 1353 3868 cujus
1387 3805 1496 3854 tam
1535 3802 1868 3858 imbecillum
1899 3805 2058 3860 mini-

466 3899 664 3952 meque
690 3884 974 3940 cohmrens
1007 3897 1092 3942 est
1117 3888 1337 3959 dogma.

534 3975 638 4036 Ac,
663 3975 764 4028 nisi
800 3975 980 4040 fallor,
1011 3976 1115 4032 hoc
1147 3987 1390 4050 tempore
1415 3997 1539 4038 enm
1569 3987 1716 4040 onmi
1750 3987 1940 4045 schola
1958 4006 2055 4045 sua

464 4065 772 4121 exstinctus
805 4067 1101 4122 intercidit.
1149 4071 1290 4138 Quid
1326 4075 1472 4127 enim
1513 4075 1579 4129 ad
1612 4078 1762 4132 illum
1806 4081 2054 4138 refutan—

465 4159 595 4212 dum
644 4159 825 4215 alferri
866 4177 974 4215 non
1009 4164 1225 4232 potest?
1251 4163 1359 4219 Sed
1395 4167 1531 4221 illud
1565 4170 1710 4224 valet
1746 4172 1801 4226 in
1836 4175 2052 4243 primis,

465 4249 612 4317 quod
644 4250 908 4306 adversus
934 4255 1142 4310 similes
1173 4257 1410 4314 haereses
1442 4268 1602 4315 antea
1642 4268 2052 4334 proposuimus,

468 4340 582 4394 fieri
609 4342 832 4396 onmino
868 4359 975 4398 non
1007 4362 1168 4418 posse
1213 4350 1367 4420 plura
1409 4360 1467 4406 nt
1509 4354 1783 4428 principia
1823 4359 1935 4415 sint
1965 4376 2058 4417 eo-

541 4497 553 4526 '
587 4495 746 4552 Deest
779 4499 850 4554 εί.

2163 3160 2566 3232 ὲγκρατητικοῦ
2599 3161 2762 3233 ἤθους
2803 3163 3133 3237 κυϐευτικὴν
3172 3163 3294 3235 ἔσχε
3337 3165 3438 3238 τὴν
3484 3168 3747 3240 ἀγωγήνο

2162 3252 2238 3314 ὡς
2273 3253 2437 3316 λύκος
2482 3254 2666 3326 ἅρπαξ
2715 3255 3034 3328 ἐνδυόμενος
3081 3257 3352 3328 προϐάτου
3390 3258 3607 3324 κώδιον,
3657 3263 3749 3316 καὶ

2126 3346 2136 3351 ’
2163 3343 2381 3396 πλανῶν
2411 3345 2490 3416 τῷ
2522 3350 2871 3420 προσχήματι
2913 3351 3039 3415 τοὺς
3080 3351 3494 3420 ἀπατωμένους.
3524 3355 3749 3426 Much;-

2163 3435 2300 3505 ρίοις
2323 3435 2380 3488 δὲ
2409 3437 2673 3503 ὡσαύτως
2709 3441 2973 3513 κέχρηται
3009 3442 3150 3497 κατὰ
3198 3443 3431 3516 μίμησιν
3456 3447 3558 3517 τῆς
3586 3448 3748 3515 ἁγίας

2173 3523 2500 3597 Ἐκκλησίας
2521 3545 2533 3558 '
2562 3529 2719 3584 ὕδατι
2749 3531 2805 3584 δέ
2846 3533 2991 3608 μόνῳ
3015 3535 3298 3607 χρώμενος
3319 3537 3378 3590 ἐν
3414 3540 3527 3602 τοῖς
3563 3540 3749 3602 αὐτοῖς

2161 3621 2506 3692 μυστηρίοις.
2551 3623 2807 3678 Πεσεῖται
2834 3625 2890 3678 δέ
2927 3629 3020 3680 καὶ
3051 3620 3204 3690 οὗτος
3230 3628 3374 3685 κατά
3413 3630 3592 3688 πάντα
3620 3634 3751 3706 τρὸ·

2159 3725 2282 3778 πον,
2311 3713 2615 3770 ἀσύστατον
2647 3716 2786 3788 έχων
2811 3717 2872 3772 τὸ
2908 3719 3189 3793 κήρυγμα.

2233 4001 2373 4070 ’Ἤδη
2399 4001 2453 4054 δὲ
2483 4002 2577 4057 καὶ
2613 3998 2768 4067 οὗτος
2796 4008 3214 4072 κατασϐεσθεὶς,
3248 4006 3426 4080 οἶμαι,
3462 4013 3619 4084 ἔληξε
3651 4018 3748 4068 καὶ

2156 4091 2219 4146 τὸ
2243 4093 2432 4146 τούτου
2467 4094 2858 4154 διδασκαλεῖον.
2884 4097 3056 4152 Πόθεν
3085 4100 3194 4172 γὰρ
3222 4102 3320 4154 ούκ
3355 4102 3751 4174 ἐλεγχθήσεται

2155 4183 2184 4235 ὁ
2204 4181 2474 4249 τοιοῦτος;
2509 4186 2733 4256 Πρῶτον
2763 4187 2862 4256 μὲν
2890 4187 3000 4260 γὰρ
3034 4191 3176 4244 κατὰ
3199 4193 3267 4245 τά
3307 4193 3420 4246 ἄνω
3449 4195 3577 4264 ἡμῖν
3611 4212 3751 4267 προ-

2154 4273 2526 4346 δεδηλωμένα,
2557 4278 2652 4332 καὶ
2683 4280 2820 4351 πρὸς
2838 4281 2937 4344 τὰς
2965 4281 3108 4334 οὕτω
3133 4284 3451 4350 φασκούσας
3480 4287 3748 4357 αἱρέσεις,

2154 4365 2237 4421 ὅτι
2285 4365 2548 4424 ἀδύνατον
2597 4364 2737 4426 εἶναι
2789 4371 2992 4440 πολλὰς
3037 4373 3212 4448 ἀρχὰς
3257 4377 3581 4448 γεννητικὰς
3637 4381 3752 4436 τῶν

465 4651 1212 4758 ἩιέξλῇιῖιρζιἱιιζιιιιταῙρζὲε.
1231 4656 1542 4758 ’σξιο
1561 4663 1884 4758 επέιαίαρςήι
1913 4685 2046 4751 aura
2078 4677 2124 4736 ο
2153 4674 2500 4758 ἱιιῃκξιτιηιθ.Δ
2524 4679 2718 4737 Postea
2762 4684 2866 4740 sub
2908 4685 3186 4741 Antonino
3232 4690 3470 4758 majores
3517 4693 3754 4749 trahens

465 4722 791 4804 eguiculuiis
816 4765 828 4786 ,
873 4741 980 4804 non
1009 4729 1190 4804 curapi
1231 4729 1560 4804 investigare.
1611 4733 1948 4804 Epiphanius

466 4789 910 4846 Marcionitarum
967 4795 1190 4859 haeresi,
1237 4789 1441 4854 scribit
1474 4789 1800 4859 Marcionem
1827 4789 2043 4864 Elii-{5

463 4868 749 4936 patresuo
775 4865 965 4932 pulsus
993 4882 1179 4936 pacem
1212 4884 1276 4922 ac
1307 4871 1518 4924 veniam
1571 4874 1841 4930 eblandiri
1885 4879 2050 4936 nullis

463 4934 719 5014 precibus
757 4944 939 5014 posset
966 4934 1007 4996 ,“
1038 4936 1271 5014 Romam
1311 4955 1371 4995 se
1421 4952 1542 5014 post
1589 4942 1784 5014 Hygini
1839 4934 2049 5004 obitum

461 5005 780 5090 Sontuli‘s‘se.
834 5005 1082 5090 Quinque
1141 5009 1311 5090 nihilo
1366 5005 1538 5090 magis
1588 5005 1733 5090 quod
1796 5021 2053 5090 cupiebat

461 5073 585 5149 illic
620 5074 912 5149 obtineret,
962 5073 1075 5131 tum
1125 5077 1341 5149 demum
1392 5073 1666 5149 publicata
1718 5073 1909 5145 haeresi
1938 5073 2050 5145 sua

462 5141 761 5220 Ecclesiatn
795 5162 1159 5216 oppugnasse.
1211 5141 1406 5220 Hygini
1454 5154 1637 5210 obitus
1671 5141 2048 5215 confertur—in

461 5227 664 5296 annum
716 5215 975 5296 Antonini
1017 5234 1180 5296 xvnt;
1212 5215 1337 5296 aut}:
1382 5224 1526 5292 quod
1566 5234 1783 5296 tempus
1813 5229 2049 5286 Marcio-

463 5283 1050 5364 nem.Ineresitnsnam
1093 5283 1482 5364 disseminasse
1512 5283 1737 5353 necesse
1784 5283 2046 5364 est,entn

459 5349 744 5440 gifts-tinus,
766 5356 879 5440 rq‘ui
912 5359 1269 5440 .AntoninoL
1296 5372 1351 5416 et
1372 5349 1888 5440 _gnideniiinipervii'

459 5427 649 5496 ipitio,
688 5427 1016 5496 Aapologiam
1080 5429 1310 5488 obtulit.
1371 5427 1664 5492 Marcionis
1713 5427 2042 5496 meminerit.

459 5490 640 5558 Quare
668 5490 902 5568 duplex,
935 5499 1009 5551 uti
1045 5501 1480 5568 conjiciebainns
1502 5545 1516 5566 .
1564 5490 2042 5564 Mai-cidit'i'giiiiiiui

458 5574 612 5618 ortus
643 5579 766 5640 esse
791 5567 985 5640 debet.
1017 5567 1163 5623 Nam,
1187 5571 1423 5640 primum
1463 5575 1517 5629 in
1544 5575 1724 5632 Ponto
1752 5581 1881 5634 Asia
1910 5584 2045 5635 dun-

456 5641 608 5688 taxat
642 5633 910 5693 nefarium
958 5639 1152 5710 dogma
1187 5633 1551 5711 praedicavit,
1604 5647 1772 5718 idque
1800 5633 2044 5707 Adriano

2151 4748 2380 4833 spiritus
2422 4752 2799 4833 vehementius
2836 4756 2888 4809 in
2916 4759 3137 4833 eosdem
3177 4760 3299 4814 illos
3319 4748 3752 4833 'erroresfcaapit

2151 4819 2495 4898 i_ncutnhere._
2539 4821 2750 4898 Hygino
2798 4841 2924 4898 vero
2954 4829 3173 4898 demum
3225 4840 3440 4885 mortuo
3485 4819 3752 4898 primitus

2147 4887 2343 4958 dogma
2360 4887 3012 4964 certloni's'interpolasse
3041 4897 3373 4955 Marcionem
3403 4887 3553 4956 nullo
3577 4887 3751 4961 modo

2147 4971 2367 5042 censeo.
2416 4959 2548 5042 Haec
2583 4963 2650 5018 de
2697 4959 2899 5042 Justini
2951 4981 3016 5020 ac
3067 4967 3361 5042 Marcionis
3398 4959 3754 5042 temporibus

2148 5026 2313 5082 habui
2340 5046 2473 5106 qu:e_
2499 5033 2759 5106 dicerem.
2809 5035 3000 5092 Dicent
3047 5039 3139 5091 alii
3190 5039 3427 5097 fortasse
3473 5026 3751 5106 meliora}

2147 5113 2276 5174 nam
2303 5103 2508 5157 nostris
2553 5104 2662 5157 illis
2708 5121 2815 5159 non
2853 5107 2988 5161 adeo
3019 5110 3376 5174 conlidimus,
3408 5125 3468 5166 nt
3497 5128 3614 5168 non
3649 5103 3756 5169 at;

2151 5167 2547 5244 ferticertiora
2578 5189 2741 5243 posse
2767 5193 3073 5244 speremus.
3109 5211 3112 5214 η

2222 5239 2334 5310 (9‘2)
2376 5240 2473 5308 Ὧς
2501 5239 2633 5312 περὶ
2661 5245 2728 5300 τὸ
2759 5239 3097 5301 δωδέκατον
3127 5248 3284 5312 ἔτος.
3318 5248 3758 5311 Consentanens

2146 5325 2304 5385 error
2343 5321 2427 5367 est
2457 5316 2540 5376 ei,
2587 5330 2748 5384 quem
2805 5317 2968 5385 paulo
3007 5325 3168 5373 antea
3205 5318 3597 5384 refutavimus,
3643 5327 3753 5379 snt

2147 5381 2388 5436 Adriano
2425 5381 2646 5453 passum
2678 5381 3127 5443 esse-Justinum.
3160 5389 3317 5453 Quod
3369 5406 3496 5445 eum
3536 5381 3756 5448 falsum

2145 5453 2238 5510 sit.
2279 5454 2502 5524 perinde
2542 5456 2738 5510 falsum
2770 5465 2854 5510 est
2883 5459 2985 5511 sub
3011 5458 3291 5513 Antonino
3326 5458 3458 5524 Pio,
3488 5463 3754 5519 videlicet

2146 5535 2266 5600 post
2291 5522 2494 5577 Justini
2522 5527 2754 5600 obitum1
2787 5527 3034 5600 scholam
3066 5530 3279 5600 erroris
3308 5522 3603 5600 aperuisse
3639 5533 3752 5589 Ta-

2143 5596 2374 5658 tianum,
2405 5596 2548 5665 quod
2573 5596 2676 5651 sub
2709 5596 2888 5653 Maleo
2910 5599 3135 5654 Aurelio
3169 5596 3362 5656 facere
3389 5603 3593 5672 potuit.
