4008 6078
264 216 361 278 8M

942 219 1310 278 ADVERSUS
1346 221 1688 280 H/ERESES
1728 220 1835 276 LIB

1973 220 2135 280 ΤΟΜ.
2174 224 2259 281 ΙΙΙ.
2307 225 2578 284 HAERES.
2613 228 2795 286 XLVI.

3430 238 3538 297 888

262 336 406 390 κατά
432 336 683 410 διαδοχὴν
714 338 1087 408 γεννωμένων.
1110 340 1175 391 Al
1206 338 1313 410 γὰρ
1344 335 1501 393 οὖσαι
1529 339 1720 394 πολλαὶ
1746 340 1841 395 καὶ

1945 357 2066 396 rum
2103 358 2223 413 qua:
2263 346 2617 402 successione
2661 355 3014 418 generantur.
3063 347 3226 405 Plura
3265 350 3535 422 siquidem

264 427 365 499 μία
414 429 479 480 ἐκ
529 429 628 497 τῆς
674 429 804 499 μιᾶς
851 429 1216 500 ὑπάρχουσαι,
1249 433 1314 484 ἐκ
1346 432 1444 502 τῆς
1491 430 1659 502 οὔσης
1714 435 1844 503 μιᾶς

260 518 443 583 αίτίας
470 518 576 573 τῶν
603 518 793 572 παθῶν
822 521 835 551 ¹
868 520 1260 592 εὑρεθήσονται
1283 540 1296 555 ⁸
1323 524 1418 576 καὶ
1442 521 1625 575 οὐκέτι
1653 523 1844 577 πολλαὶ

257 610 449 680 ἀρχαὶ,
490 610 606 664 ἀλλ’
640 612 672 682 ἢ
737 612 836 683 μία
884 614 919 683 ἡ
972 612 1178 667 τούτων
1221 613 1372 668 αἰτία
1414 618 1695 684 γεγονυῖα’
1748 616 1844 670 καὶ

258 702 629 774 ἀναχθήσεται
696 704 873 758 πάντα
916 707 997 768 είς
1045 705 1145 782 τὴν
1187 706 1314 776 μίαν
1361 707 1694 779 μοναρχίαν·
1748 708 1843 761 καὶ

255 795 513 849 διέπεσεν
543 797 577 866 ἡ
619 796 716 850 τοῦ
747 795 993 849 τοιούτου
1026 794 1397 865 πιθανολογία,
1434 798 1529 851 καὶ
1569 798 1667 851 οὐκ
1710 797 1842 867 άλήο

257 886 404 950 θεια,
443 885 568 940 οὔτε
590 886 690 959 τὴν
733 887 1115 958 πιθανολογίαν
1145 888 1420 961 δυναμένη
1454 889 1616 961 ἐχειν.
1645 889 1841 961 Μωρὺν

255 977 372 1051 γὰρ
416 978 477 1031 τὸ
506 978 626 1033 ὃλον
677 982 956 1052 κήρυγμα.
997 981 1106 1034 Καὶ
1136 982 1185 1034 εί
1227 981 1453 1052 δἈδὰμ
1489 982 1550 1034 ού
1589 980 1840 1047 σώζεται,

254 1068 320 1122 τὸ
355 1070 614 1141 φύραμα,
664 1071 788 1125 οὐδέ
836 1089 890 1125 τι
936 1070 1032 1125 τοῦ
1082 1071 1403 1143 φυράματος
1448 1068 1679 1137 σώζεται
1700 1075 1742 1127 ⁹.
1782 1076 1841 1128 Ei

256 1161 373 1233 γὰρ
402 1164 432 1216 6
464 1163 889 1234 πρωτόπλαστος
919 1164 1017 1218 καὶ
1057 1163 1117 1230 ἐξ
1157 1163 1381 1219 ἀθίκτου
1413 1166 1517 1235 γῆς
1552 1165 1843 1235 γενόμενος

258 1255 540 1325 σωτηρίας
572 1255 635 1308 οὒ
665 1254 901 1327 μεθέξει,
935 1254 1054 1318 πῶς
1080 1254 1151 1309 τὰ
1190 1256 1249 1320 ἐξ
1274 1255 1441 1309 αὑτοῦ
1471 1256 1841 1328 γεγεννημένα

260 1346 479 1419 μεθέξει
507 1345 808 1419 σωτηρίας;

1950 437 2071 499 illa,
2106 446 2160 493 et
2205 453 2412 503 unum,
2462 438 2531 493 ah
2565 454 2675 494 uno
2723 439 2998 510 profecta,
3047 443 3118 499 ab
3158 459 3264 498 una
3291 448 3535 517 omnium

1949 542 2146 594 causa,
2199 544 2454 585 manasse
2501 531 2863 600 reperiemus.
2913 529 2989 586 Ita
3041 548 3150 589 non
3209 534 3323 602 jam
3365 537 3535 593 multa

1947 618 2249 688 principia,
2283 618 2378 673 sed
2406 636 2572 674 unum
2608 620 2733 684 erit,
2767 636 2796 674 a
2825 637 2935 692 quo
2961 631 3157 678 caetera
3190 625 3533 696 dependent,

1946 720 2002 765 et
2029 712 2095 767 ad
2127 712 2293 767 unius
2320 698 2608 783 imperium
2653 715 2906 772 universa
2947 716 3259 773 referentur
3294 738 3308 773 :
3342 721 3535 791 sicque

1949 802 2112 858 fallax
2158 819 2223 857 ac
2267 804 2457 859 fucosa
2505 805 2653 860 illius
2693 807 2872 861 oratio
2905 809 3191 875 concidet,
3229 812 3363 866 nihil
3414 813 3532 880 ipsa

1948 893 2167 962 quidem
2205 895 2454 950 veritatis
2487 895 2721 959 habens,
2758 911 2821 952 ac
2851 898 2934 953 vel
2965 900 3113 953 omni
3145 901 3535 970 probabilitate

1947 984 2229 1064 destituta.
2269 983 2448 1039 Stulta
2482 988 2684 1057 quippe
2733 996 2847 1045 tota
2884 989 3000 1053 haec
3032 998 3116 1046 est
3145 992 3354 1063 opinio.
3394 994 3530 1048 Nam

1945 1078 1991 1131 si
2027 1078 2272 1134 Adamus
2310 1080 2542 1135 salutem
2596 1080 2824 1136 minime
2868 1091 2953 1138 est
2999 1084 3266 1154 adeptus,
3307 1085 3411 1141 hoc
3447 1095 3532 1141 est

1945 1171 2065 1238 ipsa
2105 1171 2509 1239 quodammodo
2535 1173 2752 1239 generis
2792 1187 3010 1239 massa;
3060 1190 3164 1230 nec
3196 1176 3303 1230 ulla
3336 1192 3533 1233 massa:

1948 1263 2112 1331 hujus
2160 1263 2428 1333 particula
2475 1266 2685 1321 servari
2738 1266 2960 1336 poterit.
3000 1265 3060 1322 Si
3100 1268 3246 1323 enim
3292 1268 3386 1339 qui
3421 1269 3534 1338 pri.

1944 1369 2068 1407 mus
2118 1355 2366 1409 omnium
2402 1353 2662 1410 conditus
2709 1363 2829 1419 est,
2880 1365 2936 1411 et
2980 1372 3048 1412 ex
3090 1357 3303 1428 integra
3349 1359 3529 1415 adhuc

257 1445 408 1492 terra
444 1437 740 1503 formatus,
772 1435 969 1493 salutis
1007 1437 1232 1493 minime
1259 1445 1343 1495 est
1373 1437 1680 1509 particeps,
1712 1454 1835 1510 quae
1868 1442 1935 1495 ah
1963 1444 2154 1499 eodem
2197 1453 2317 1500 orta
2357 1452 2488 1500 sunt
2518 1461 2628 1515 quo
2674 1447 2894 1502 tandem
2931 1456 3095 1519 pacto
3149 1448 3380 1504 salutem
3434 1448 3531 1504 ob-

255 1527 546 1582 tinebunt?

329 1617 406 1671 Ρ.
448 1616 604 1671 Κατὰ
629 1618 737 1689 γὰρ
774 1618 867 1672 δύο
891 1618 1126 1691 τρόπους
1163 1618 1519 1691 εὑρεθήσεται
1552 1620 1671 1674 καθ’
1704 1622 1833 1674 ἑαυ-

2011 1616 2098 1669 lll.
2137 1615 2502 1681 Quamobrem
2551 1615 2769 1673 duobus
2818 1618 2997 1674 modis
3040 1633 3225 1674 secum
3272 1621 3388 1692 ipse
3417 1639 3521 1695 pu-

253 1707 355 1761 τοῦ
384 1707 591 1776 λέγων’
625 1708 823 1777 φάσκει
858 1708 968 1780 γὰρ
1014 1709 1103 1761 τὸν
1134 1711 1310 1780 γάμον
1339 1705 1479 1763 εἶναι
1520 1711 1621 1763 οὑκ
1653 1714 1718 1764 ὲκ
1744 1710 1839 1764 τοῦ

255 1797 434 1864 Θεοῦ,
483 1797 621 1851 ἀλλὰ
666 1799 926 1869 πορνείας
957 1795 1097 1852 εἶναι
1141 1800 1304 1853 αὐτὸν
1363 1801 1457 1853 καὶ
1501 1800 1706 1871 μῦσος,
1748 1803 1844 1855 καὶ

257 1890 455 1944 ἑαυτὸν
488 1890 666 1960 γάμου
698 1890 1034 1961 ὑπάρχοντα,
1068 1889 1162 1942 καὶ
1194 1891 1256 1942 ὲκ
1292 1892 1550 1957 γυναικὸς
1580 1908 1840 1962 γεγεννη-

261 1981 447 2051 μένον,
470 1983 564 2035 καὶ
583 1984 647 2034 ὲκ
676 1984 887 2053 σπορᾶς
909 1982 1119 2054 ἀνδρῶν
1142 1985 1362 2054 ἡγεῖται
1392 1983 1678 2048 σώζεσθαι.
1702 1987 1843 2057 Ἀρα

256 2068 355 2128 οὖν
384 2072 544 2127 πάλιν
584 2073 810 2127 ἀνέλυσε
851 2075 951 2144 τὴν
973 2074 1137 2127 αὑτοῦ
1166 2074 1306 2127 κατὰ
1335 2074 1428 2128 τοῦ
1473 2075 1649 2145 γάμου
1678 2076 1844 2147 βλασ-

258 2165 495 2237 φημίαν.
523 2166 585 2218 El
607 2165 714 2236 γάρ
769 2159 926 2229 οὗτος
954 2168 1019 2219 ἐκ
1045 2166 1239 2236 γάμων
1270 2167 1531 2237 ὑπάρχων
1559 2170 1836 2240 σωτηρίαν

256 2254 394 2321 ἔξει,
422 2256 530 2327 ἄρα
567 2256 629 2308 οὐ
677 2255 952 2327 βδέλυγμα
977 2258 1006 2309 ὁ
1039 2256 1235 2327 γάμος,
1268 2258 1299 2310 6
1337 2256 1544 2326 γεννῶν
1588 2260 1715 2322 τοὺς
1744 2260 1845 2330 τῆς

262 2347 539 2419 σωτηρῖας
570 2347 918 2418 μετέχοντας,
949 2348 1047 2420 οἵῳ
1082 2349 1127 2402 δ’
1151 2348 1218 2402 ἂν
1252 2348 1398 2402 θέλοι
1425 2350 1612 2420 τρόπῳ
1639 2350 1840 2419 λέγειν.

260 2440 330 2492 Ei
361 2437 417 2490 δὲ
448 2438 675 2509 συσταίη
711 2441 831 2491 κατ’
857 2439 1037 2492 αὐτῶν
1061 2440 1237 2509 λόγος,
1267 2441 1390 2493 Ὅτι
1418 2440 1675 2511 ἁθέμιτός
1697 2444 1844 2495 ἐστιν

257 2531 289 2581 6
324 2529 502 2600 γάμος
524 2545 538 2559 ·
588 2530 696 2601 ἄρα
745 2530 945 2600 μᾶλλον
972 2533 1002 2584 6
1051 2531 1222 2602 ’Δδὰμ
1264 2531 1590 2603 σωθήσεται,
1626 2533 1699 2604 μὴ
1735 2534 1843 2589 ἀπὸ

257 2622 442 2693 γάμου
479 2620 831 2693 ὁρμώμενος.
867 2622 983 2676 ἀλλ’
1032 2625 1091 2678 ὲν
1124 2624 1265 2695 χειρὶ
1314 2625 1527 2696 Πατρδς
1571 2627 1665 2681 καὶ
1712 2626 1841 2680 Υίοῦ

259 2715 360 2768 καλ⁸
390 2713 547 2782 ἁγίου
578 2714 894 2787 Πνεύματος
919 2715 1321 2788 πεπλασμένος,
1346 2717 1487 2772 κατὰ
1511 2718 1572 2772 τὸ
1598 2736 1845 2791 γεγραμ-

264 2804 429 2874 μένον
450 2805 472 2837 ³
504 2805 597 2858 ὑπ’
637 2806 803 2859 αὐτοῦ
833 2806 928 2859 τοῦ
966 2807 1121 2875 ἁγίου
1158 2809 1372 2879 Πατρὸς
1401 2808 1536 2880 πρὸς
1573 2809 1666 2863 τὸν
1692 2810 1839 2877 Υίδν,

258 2895 346 2949 ὅτι
386 2894 737 2965 Ποιήσωμεν
775 2895 1091 2964 ἄνθρωπον
1136 2899 1261 2951 κατ’
1311 2899 1515 2951 εἰκόνα
1550 2899 1844 2969 ἡμετέραν

256 2987 361 3042 καὶ
390 2988 518 3043 καθ’
568 2988 870 3057 ὁμοίωσιν.
900 2987 1025 3051 Πῶς
1070 2988 1127 3041 δὲ
1175 2989 1239 3042 οὐ
1272 2987 1505 3054 σώζεται
1532 2993 1559 3044 6
1590 2990 1779 3062 Ἀδάμ,
1799 2996 1842 3047 ’ὁ
1871 2976 1912 3032 (ἶ

257 3074 415 3147 ’ταρὰ
467 3078 551 3131 σοὶ
610 3077 1079 3151 ἀπελπιζόμενος,
1136 3080 1299 3135 ὁπότε
1347 3081 1511 3145 αὐτὸς
1557 3084 1588 3134 6
1637 3081 1841 3151 Κύριος

261 3168 421 3240 ἡμῶν
439 3170 649 3242 Ἰησοῦς
680 3171 938 3243 Χριστὸς,
968 3170 1136 3225 ἐλθὼν
1164 3172 1347 3234 είςτδν
1373 3172 1599 3241 κόσμον,
1617 3174 1843 3241 νεκροῖις

260 3263 405 3337 μετὰ
435 3264 536 3336 τὴν
579 3264 835 3336 τελευτὴν
866 3265 1071 3337 ἐγείρει
1106 3268 1164 3318 ὲν
1200 3264 1349 3336 αὑτῴ
1388 3263 1466 3335 τῷ
1500 3263 1736 3334 σώματι,
1766 3265 1841 3325 ὡς

251 3355 351 3408 τὸν
380 3352 653 3425 Λάζαρον,
692 3356 785 3409 καὶ
811 3354 925 3407 υἱὸν
956 3355 1055 3426 τῆς
1084 3356 1277 3426 χήρεες,
1312 3354 1409 3407 καὶ
1433 3352 1534 3424 τὴν
1566 3353 1843 3425 θυγατέρα

251 3443 351 3497 τοῦ
370 3443 845 3515 ’Δρχισυναγώγου
871 3463 885 3510 ;
910 3446 1022 3499 Καὶ
1047 3447 1095 3499 εί
1116 3445 1279 3507 αὐτὸς
1304 3445 1404 3497 οὑκ
1422 3439 1491 3516 ἦν
1518 3444 1548 3498 6
1564 3443 1657 3500 τὸν
1672 3443 1844 3514 Ἀδὰμ

252 3531 474 3594 πλάσας
519 3533 584 3585 ἐκ
629 3532 755 3603 χοὸς
800 3533 896 3586 ἀπ’
950 3532 1166 3603 ἀρχῆς.
1227 3532 1346 3596 πῶς
1392 3531 1603 3594 πτύσας
1670 3533 1843 3603 χαμαὶ

252 3623 486 3694 ἐποίησε
528 3624 722 3695 πηλὸν,
758 3625 852 3678 καὶ
876 3624 1101 3678 δπέθετο
1121 3625 1215 3678 ἐπὶ
1245 3624 1371 3686 τοὺς
1411 3623 1719 3696 ὀφθαλμοὺς
1747 3623 1841 3677 τοῦ

253 3710 467 3783 τυφλοῦ
495 3712 590 3767 τοῦ
623 3714 689 3766 ὲκ
719 3714 965 3784 γενετῆς,
990 3713 1087 3767 καὶ
1117 3713 1373 3784 ἐποίησεν
1394 3712 1559 3767 αὑτὸν
1577 3713 1840 3783 ,βλέπειν;

254 3808 383 3862 Ἱνα
414 3807 564 3879 δείξῃ
600 3807 792 3861 ἑαυτὸν
817 3807 915 3879 μὲν
948 3802 1086 3860 εἶναι
1109 3806 1202 3860 τὸν
1225 3806 1478 3876 Πλάστην
1505 3808 1603 3860 σὺν
1628 3806 1708 3876 τῷ
1733 3808 1845 3860 Πα-

252 3905 349 3974 τρὶ
375 3902 472 3955 καὶ
499 3899 580 3971 τῷ
606 3900 747 3971 ἁγίῳ
771 3898 1072 3968 Πνεύματι,
1104 3898 1199 3951 καὶ
1232 3897 1293 3951 τὸ
1329 3896 1545 3960 ἐλλιπὲς
1578 3897 1742 3969 μέρος
1785 3898 1843 3949 ὲν

253 3992 337 4062 τῷ
361 3992 472 4045 ἀπὸ
514 3992 739 4063 γενετῆς
763 3990 1147 4061 γεγεννημένῳ
1186 3987 1374 4060 τυφλῷ
1399 3988 1490 4042 διὰ
1529 3988 1621 4042 τοῦ
1667 3988 1841 4061 πηλοῦ

256 4082 577 4156 προστιθεὶς
607 4082 686 4152 τῷ
710 4081 948 4135 λείποντι
977 4080 1154 4152 τόπιξν
1211 4078 1547 4152 διορθώσεως
1577 4079 1687 4152 γὰρ
1724 4080 1842 4134 ἓνε-

254 4193 355 4229 κεν
393 4174 489 4228 τοῦ
533 4173 813 4238 λείποντος
844 4174 1043 4243 μέρους
1076 4171 1325 4241 φαίνεται
1360 4170 1519 4224 τοῦτο
1550 4172 1843 4241 πεποιηκέ-

1955 1714 2087 1777 gnat
2117 1722 2131 1759 :
2162 1704 2308 1775 quod
2341 1712 2396 1759 et
2429 1705 2652 1773 nuptias
2694 1708 2908 1760 auctori
2947 1706 3057 1761 Deo
3089 1709 3407 1767 tribuendas
3440 1730 3535 1769 ne-

1945 1805 2071 1862 gat,
2112 1810 2317 1864 easque
2359 1794 2625 1865 flagitium
2676 1805 2732 1851 et
2779 1797 3108 1853 adulterium
3153 1802 3431 1869 nominat,
3483 1817 3539 1861 et

1943 1888 2184 1957 seipsum
2227 1885 2586 1940 nihilominus
2629 1901 2659 1942 e
2711 1887 2940 1942 muliere
2974 1884 3302 1959 prognatum
3366 1904 3530 1964 atque

1943 1994 2008 2033 cx
2049 1978 2193 2033 virili
2248 1986 2372 2032 satu
2430 1987 2781 2047 procreatum
2832 1981 3043 2034 servari
3079 1996 3245 2052 posse
3286 1985 3535 2041 conlidit.

1943 2070 2062 2136 Qua
2096 2069 2315 2140 quidem
2351 2071 2563 2125 ratione
2602 2072 2838 2140 priorem
2880 2073 3030 2126 illam
3054 2113 3069 2136 ,
3119 2090 3286 2145 quam
3330 2078 3539 2149 nuptiis

1945 2162 2303 2232 imposuerat,
2341 2162 2730 2217 contumeliam
2760 2163 3005 2218 rescidit.
3039 2163 3096 2218 Si
3128 2166 3275 2220 enim
3305 2167 3398 2221 ille
3422 2168 3539 2238 ipse

1945 2255 2218 2325 originem
2268 2253 2491 2308 trahens
2536 2268 2565 2305 a
2607 2252 2818 2323 nuptiis
2875 2254 3107 2308 salutem
3154 2257 3533 2326 consequitur,

1944 2361 2055 2401 non
2083 2346 2252 2417 igitur
2294 2342 2633 2399 detestandae
2671 2351 2801 2398 sunt
2851 2344 3086 2414 nuptiae,
3140 2359 3266 2415 qua
3311 2360 3409 2402 eos
3455 2348 3536 2417 si-

1941 2446 2149 2507 gnant,
2188 2437 2389 2507 quibus
2442 2436 2594 2490 salus
2650 2435 2939 2490 tribuenda
2988 2436 3093 2501 sit,
3147 2452 3536 2511 quamcunque

1944 2536 2154 2598 partem
2172 2528 2391 2599 eligant.
2406 2528 2564 2593 Quod
2586 2529 2630 2583 si
2646 2542 2773 2583 vera
2790 2529 2863 2583 sit
2879 2528 3198 2585 earumdem
3216 2532 3491 2587 sententia
3510 2573 3525 2597 ,

1946 2623 2018 2680 Ut
2041 2623 2246 2678 illicitae
2273 2624 2384 2679 sint
2405 2624 2611 2693 nuptiae
2634 2640 2649 2690 ;
2673 2632 2825 2679 tanto
2861 2625 3036 2696 magis
3055 2625 3325 2682 Adamum
3354 2627 3532 2699 ipsum

1945 2730 2045 2786 par
2073 2724 2160 2771 est
2198 2716 2395 2771 salutis
2422 2726 2732 2787 compotem
2760 2716 2898 2781 ﬁeri,
2932 2718 3025 2789 qui
3066 2719 3234 2776 nullis
3264 2737 3532 2794 pr0paga-

1943 2815 2036 2865 tus
2065 2808 2317 2880 nuptiis,
2396 2806 2578 2863 Patris
2631 2822 2695 2862 ac
2730 2806 2893 2873 Filii,
2946 2816 3001 2864 et
3059 2808 3299 2881 Spiritus
3348 2813 3530 2869 sancti

1948 2917 2112 2957 manu
2157 2909 2245 2956 est
2296 2898 2507 2955 eliictus
2539 2918 2551 2952 :
2587 2899 3052 2969 quemadmodum
3111 2900 3394 2973 Scriptura
3446 2912 3530 2962 te-

1946 3004 2149 3058 statur,
2174 3008 2300 3047 cum
2343 2994 2418 3046 ita
2456 2991 2616 3047 Pater
2661 2989 2859 3046 Filium
2899 2994 3186 3064 alloquens
3226 2995 3530 3052 introduci-

1946 3094 2035 3138 tur
2071 3103 2084 3139 :
2119 3083 2409 3138 Faciamus
2432 3083 2694 3137 hominem
2714 3082 2784 3136 ad
2817 3086 3097 3154 imaginem
3135 3097 3184 3141 et
3212 3087 3529 3143 similitudi-

1945 3191 2061 3228 nent
2090 3184 2326 3229 nostram
2359 3174 2402 3225 ⁸.
2427 3174 2531 3239 Qui
2568 3188 2735 3243 porro
2761 3176 3020 3229 convenit
3046 3175 3339 3243 Adamum,
3361 3194 3528 3249 quem

2053 3265 2105 3336 3
2132 3280 2230 3335 pro
2246 3264 2537 3336 deSperato
2550 3266 2740 3329 habes,
2759 3280 2789 3318 a
2803 3264 2978 3321 salute
2995 3266 3231 3323 alienum
3246 3284 3388 3333 esse,
3405 3286 3532 3326 cum

2028 3356 2210 3412 minus
2224 3356 2541 3427 ipsenoster
2554 3353 2715 3412 Jesus
2736 3356 3011 3425 Christus,
3031 3358 3083 3412 in
3104 3357 3249 3415 hunc
3268 3360 3533 3416 mundum

1945 3447 2198 3513 veniens,
2241 3446 2354 3502 vita
2402 3446 2519 3517 jam
2554 3445 2842 3503 defunctos
2865 3447 3115 3504 homines
3149 3463 3380 3519 corpore
3410 3451 3531 3521 ipso

1945 3538 2227 3594 suscitarit
2252 3577 2267 3601 ,
2323 3537 2404 3591 uti
2447 3536 2717 3593 Lazarum
2748 3538 2803 3603 ⁸,
2863 3553 2930 3594 ac
2984 3537 3159 3595 vidua:
3188 3538 3357 3596 filium
3387 3541 3432 3607 ⁷,
3472 3550 3527 3597 ct

1947 3627 2242 3699 Synagogae
2270 3628 2532 3697 principis
2563 3628 2728 3683 filiam
2761 3629 2821 3683 'l
2847 3627 2983 3684 Nam
3015 3631 3063 3685 si
3095 3629 3142 3687 is
3182 3646 3526 3703 nequaquam

1943 3719 2210 3773 Adamum
2242 3719 2400 3773 initio
2442 3719 2510 3774 de
2542 3727 2689 3774 terra
2722 3718 3046 3786 formasset,
3087 3737 3187 3777 cur
3211 3722 3265 3776 in
3308 3722 3531 3777 humum

1943 3811 2216 3880 despuens
2249 3808 2425 3863 lutum
2470 3809 2677 3863 faceret
2701 3850 2715 3872 .,
2749 3808 2980 3878 ejusque
3027 3810 3119 3878 qui
3156 3825 3333 3864 czecus
3370 3822 3532 3866 natus

1946 3901 2121 3956 fuerat
2170 3901 2348 3955 oculis
2405 3900 2676 3965 illiueret,
2731 3900 2896 3970 eique
2949 3901 3127 3955 visum
3190 3900 3533 3956 redderet’?

1943 3989 2063 4056 Quo
2098 3988 2269 4057 facto,
2312 3989 2668 4046 Conditorem
2716 4004 2775 4045 se
2795 4003 2919 4045 esse
2961 4003 3085 4043 cum
3118 3986 3278 4043 Patre
3306 4004 3371 4044 ac
3412 3988 3532 4061 Spi-

1945 4081 2052 4135 ritu
2081 4087 2276 4136 sancto
2300 4078 2592 4135 manifeste
2620 4077 2941 4142 declaravit,
2966 4091 3089 4131 cum
3118 4083 3326 4147 partem
3355 4077 3526 4142 illam,

1945 4185 2067 4241 qua:
2100 4185 2246 4226 caeco
2284 4177 2415 4224 nato
2447 4170 2637 4225 deerat
2657 4212 2670 4233 ,
2697 4183 2925 4237 πενίη-ευ
2955 4168 3090 4233 luto,
3126 4166 3376 4222 mutilato
3400 4182 3527 4221 eor-

254 4286 370 4321 ναι.
404 4267 466 4321 Εἰ
493 4267 551 4320 δὲ
577 4266 739 4321 πάλιν
772 4265 933 4329 αὑτός
956 4266 1103 4318 ἐστιν
1128 4266 1158 4317 6
1183 4263 1386 4339 Κύριος
1416 4262 1587 4334 Ἀδάμ
1610 4262 1841 4329 πλάσας,

1945 4262 2097 4332 poris
2153 4262 2399 4316 membro
2452 4261 2726 4325 restituit;
2778 4267 2835 4313 ut
2879 4259 3024 4314 enim
3082 4273 3336 4314 mancum
3378 4259 3526 4315 istud

253 4361 357 4413 καὶ
382 4358 548 4412 αὑτὸν
567 4359 660 4411 τὸν
683 4356 1105 4429 πρωτόπλαστον
1126 4354 1403 4417 ἀπολλύει,
1421 4355 1545 4417 τοὺς
1564 4354 1620 4406 δὲ
1645 4353 1839 4416 ἄλλους

1944 4354 2248 4409 membrum
2276 4353 2576 4419 corrigeret
2601 4392 2615 4417 ,
2648 4353 2752 4407 hoc
2781 4350 2961 4422 egisse
2990 4350 3224 4406 videtur.
3248 4347 3366 4406 1am
3397 4365 3527 4407 vero

255 4452 449 4518 σώζει,
476 4447 521 4505 ὦ
546 4450 713 4521 πολλή
750 4467 843 4504 σου
880 4446 1343 4520 ματαιοφροσύνη,
1380 4446 1644 4501 Τατιανέί
1684 4446 1837 4499 Ἀδυ-

250 4546 464 4617 ναμίαν
494 4543 604 4614 γάρ
628 4543 707 4613 τῷ
732 4540 922 4614 Κυρίῳ
951 4539 1093 4594 κατά
1123 4538 1350 4609 δύναμιν
1383 4538 1736 4609 προσάπτεις,
1761 4536 1839 4607 τῷ

249 4638 543 4707 δυναμένῳ
578 4637 669 4690 τὸν
700 4634 1127 4707 πρωτόπλαστον
1168 4632 1356 4695 αὑτοῦ,
1392 4630 1480 4684 διά
1501 4630 1631 4701 μίαν
1659 4646 1839 4701 παρα-

253 4732 395 4800 κοὴν
434 4727 836 4799 ἐκϐεϐλημένον
868 4725 963 4778 τοῦ
994 4723 1348 4795 παραδείσου,
1380 4723 1472 4776 καὶ
1500 4722 1747 4785 παιδείας
1775 4720 1837 4773 οὑ

251 4823 357 4892 τῆς
414 4819 684 4890 τυχούσης
720 4817 1092 4889 μετασχόντα,
1129 4817 1186 4867 ὲν
1248 4814 1431 4885 ἱδρῶτι
1466 4815 1561 4868 καὶ
1609 4814 1842 4885 καμάτῳ

251 4907 702 4975 διατετελεκότα,
738 4908 834 4961 καὶ
868 4905 1159 4959 κατέναντι
1198 4903 1293 4957 τοῦ
1339 4903 1669 4973 παραδείσου
1709 4920 1839 4956 κατ-

251 5001 539 5074 ῳκηκότα,
566 5000 713 5064 ὅπως
755 4995 1084 5069 μνημονεύοι
1121 4994 1220 5065 τῆς
1262 4995 1472 5064 ἀγαθῆς
1518 4993 1605 5049 διά
1635 4995 1733 5065 τῆς
1765 4995 1845 5056 εἰς

258 5096 487 5167 μνήμην
545 5092 833 5163 μετανοίας
885 5089 1113 5155 σώζειν
1172 5087 1206 5157 ἦ
1257 5086 1540 5158 δυναμένῳ
1580 5086 1709 5157 μὲν,
1768 5084 1842 5156 μὴ

255 5184 504 5239 ἑλεοῦντι
537 5184 617 5237 δέ.
654 5182 730 5235 Δι’
758 5182 825 5251 ἢν
856 5180 951 5234 τοῦ
980 5179 1075 5233 νῦν
1103 5177 1283 5232 αἰτίαν
1306 5176 1329 5209 ⁴⁵
1358 5179 1487 5247 ἄχρι
1525 5176 1634 5228 τῶν
1675 5193 1843 5229 κατα-

256 5277 492 5348 χθονίων
526 5274 758 5346 Χριστὸς
789 5270 1053 5342 κατῆλθες
1087 5270 1208 5322 Τίνι
1238 5267 1316 5339 τῷ
1346 5268 1491 5338 λόγῳ
1519 5267 1580 5320 τὸ
1607 5267 1838 5337 τριήμε-

260 5388 355 5444 ρον
391 5367 676 5437 κοιμηθεὶς
708 5362 994 5425 πεπονθὼς
1028 5362 1226 5430 ἀνέστη
1252 5377 1266 5425 ;
1288 5360 1412 5421 Πῶς
1438 5359 1494 5411 δὲ
1518 5357 1839 5427 πληροῦται,

330 5527 347 5558 ¹
375 5522 435 5578 Ρ.
467 5523 706 5578 πάντων.

256 5595 382 5653 τινα
405 5594 463 5649 δὲ
493 5594 692 5647 αἰτίαν.
841 5590 861 5620 ³
886 5590 1021 5644 Gen.
1051 5606 1089 5653 ι,
1131 5590 1221 5642 9.6.

668 5692 937 5751 ΡΑτιιοι..
979 5690 1096 5751 Gtt.
1134 5686 1295 5749 XLI.

1302 5590 1321 5617 “
1346 5587 1503 5642 Joau.
1539 5601 1616 5651 XI,
1644 5585 1730 5641 45.

819 5522 837 5551 ⁸
875 5519 1033 5574 Deest
1072 5519 1356 5586 repetitum
1419 5517 1479 5570 οὑ
1533 5512 1784 5586 σώζεται,
1810 5530 1843 5566 v

1944 5528 2025 5585 σ’ς-
2054 5514 2116 5567 οὺ
2156 5511 2218 5586 δὲ
2251 5498 2684 5586 τδξφνράματοςε

1808 5587 1825 5615 ⁷
1856 5580 2118 5651 ιιιοῖνιι,
2146 5582 2231 5638 lt.
2314 5580 2544 5638 tum.
2574 5598 2629 5648 v,
2664 5582 2752 5641 Η.
2827 5583 2849 5615 ⁹
2879 5580 3037 5636 Joau.
3061 5580 3154 5642 'ix,
3194 5581 3216 5632 l
3246 5591 3367 5644 sqq.

1941 4442 1989 4499 si
2025 4442 2295 4497 Adainum
2340 4441 2605 4497 Dominus
2653 4442 2769 4511 ipse
2811 4440 3134 4504 fabricavit,
3183 4456 3246 4496 ac
3288 4441 3524 4512 primum

1942 4531 2076 4587 illud
2121 4546 2281 4587 suum
2316 4544 2458 4601 opus
2489 4531 2848 4587 nihilominus
2886 4531 3251 4597 exterminat,
3280 4531 3412 4585 dum
3443 4546 3525 4587 re-
3640 4582 3647 4587 .

1939 4625 2121 4697 liquos
2148 4625 2364 4680 interim
2399 4632 2615 4693 servat;
2645 4633 2850 4696 quanta
2881 4625 3018 4689 lucc,
3050 4622 3280 4680 Taliane
3306 4663 3321 4689 ,
3353 4624 3531 4681 stulti-

1944 4718 2017 4772 tia
2049 4718 2169 4774 est!
2199 4715 2635 4773 lmbecillitatem
2661 4717 2806 4772 enim
2832 4715 3063 4772 Domino
3089 4726 3351 4787 quantum
3383 4716 3438 4771 in
3469 4723 3527 4772 te

1949 4818 2035 4865 est
2062 4807 2307 4879 alhngis;
2332 4809 2427 4879 qui
2467 4822 2592 4863 cum
2644 4807 2956 4871 hominem,
2984 4823 3147 4877 quem
3181 4816 3308 4863 ante
3338 4823 3529 4864 omnes

1946 4902 2264 4965 enituerat,
2297 4901 2370 4954 ob
2403 4900 2625 4955 unicum
2644 4900 2829 4954 violati
2868 4899 3112 4954 mandati
3143 4900 3353 4954 crimen
3379 4914 3409 4954 e
3438 4913 3529 4969 pa-

1949 4992 2133 5048 radiso
2184 4992 2505 5062 depulsum,
2569 5004 2669 5044 nec
2724 4988 2986 5043 mediocri
3052 4986 3531 5045 animadversione

1948 5084 2310 5154 castigatum,
2348 5090 2408 5137 ut
2451 5087 2665 5136 atatem
2715 5093 2871 5134 suam
2910 5087 3172 5147 perpetuo
3216 5075 3418 5133 sudore
3466 5094 3531 5135 ac

1947 5174 2139 5230 labore
2182 5173 2553 5243 transigeret,
2595 5177 2760 5241 atque
2787 5183 2819 5224 e
2847 5167 3090 5240 paradisi
3121 5167 3344 5240 regione
3368 5167 3534 5239 dege-

1946 5274 2059 5331 ret,
2100 5280 2211 5336 quo
2239 5279 2305 5320 ex
2335 5262 2510 5319 felicis
2536 5260 2798 5318 domicilii
2828 5259 3212 5316 recordatione
3238 5260 3534 5316 vehemen-

1946 5365 2030 5413 ter
2049 5372 2176 5413 eum
2231 5355 2550 5426 pmniteret;
2580 5352 2750 5420 hunc,
2783 5353 3030 5424 inquam,
3059 5368 3279 5409 servare
3302 5352 3531 5407 minime

2800 5512 2820 5542 ³
2840 5508 2905 5583 ῐ·”ἒ
2928 5512 3238 5583 εἰρημένον.
3319 5505 3339 5536 ⁸
3361 5503 3422 5559 F.
3447 5505 3539 5561 διὰ

3192 5671 3270 5730 27
