3866 6068
459 238 566 296 843

1880 233 1938 285 S.
1980 231 2326 286 EPU’HANII

3643 235 3749 291 864

461 354 724 427 potuerit,
776 365 867 407 aut
916 362 973 404 ut
1007 349 1721 420 potuerit,misericordiam
1757 347 1806 400 ei
1842 347 2044 401 nullam

2154 348 2276 403 Ἵνα
2303 347 2401 399 κιιί
2445 345 2676 414 νεκρῶν
2714 347 2809 400 καὶ
2853 345 3081 407 ζώντων
3113 347 3444 415 κυριεύσῃ;
3483 346 3665 399 Ποέων
3691 346 3747 400 δὲ

461 447 790 502 adhibuerit.
835 443 975 511 Quid
1022 442 1165 498 enim
1202 455 1384 495 causa:
1417 439 1519 494 fuit
1558 457 1656 495 cur
1692 440 1945 495 Cliaistus
1978 439 2043 493 ad

459 539 668 594 inferos
714 550 889 606 usque
942 531 1339 595 descenderet;
1396 540 1491 584 aut
1549 531 1730 584 triduo
1800 531 2046 599 sepultus

462 638 586 700 post
652 627 963 697 passionem
1012 624 1370 693 resurgeret?
1400 621 1503 689 Qui
1542 638 1705 693 porro
1755 622 1900 677 istud
1938 622 2041 675 im-

461 718 637 788 pletur
672 735 684 770 :
721 713 786 771 c’l
829 714 1052 769 mortuis
1089 715 1318 784 vivisque
1358 714 1656 767 dominetur
1699 712 1755 765 ‘?
1782 710 1883 778 Qui
1917 720 2044 765 sunt

461 809 566 863 vivi
600 809 674 863 illi
707 807 1045 878 mortuique,
1077 806 1182 861 nisi
1204 806 1296 877 qui
1328 812 1439 860 tam
1488 803 1630 858 infra
1666 820 1829 874 quam
1878 817 2045 872 supra

459 910 662 957 terram
692 917 795 972 ope
822 901 969 956 illius
999 899 1359 971 indigebant?
1395 897 1633 954 Possunt
1669 913 1794 951 vero
1824 913 1944 967 qua:
1970 913 2037 950 ex

459 1008 640 1048 massa
681 993 771 1046 illa
806 993 1062 1061 decerpta
1111 998 1237 1044 sunt
1288 1004 1411 1044 esse
1464 995 1651 1044 sancta
1678 1027 1692 1049 ,
1722 988 1825 1041 nisi
1858 1002 2038 1041 massa

2154 438 2369 501 ζώντων
2402 438 2496 491 καὶ
2536 438 2766 511 νεκρῶν,
2794 437 2907 491 ἀλλ’
2941 439 2973 508 ἢ
3016 438 3125 491 τῶν
3156 436 3474 509 χρῃζόντων
3516 436 3617 506 τῆς
3651 438 3744 491 αὖ·

2152 528 2243 582 τοῦ
2272 529 2386 582 ἀνω
2420 529 2517 583 καὶ
2548 529 2700 583 κάτω
2726 531 3080 600 ὲπικουρίας;
3115 529 3236 593 Πῶς
3270 530 3327 582 δὲ
3353 528 3513 582 ἔσται
3538 531 3610 582 τὰ
3636 529 3739 582 ἀπὸ

2153 622 2475 694 φυράματος
2501 620 2654 690 ἅγια,
2682 624 2729 674 εἰ
2754 622 2885 675 αὐτὸ
2922 623 2982 675 τὸ
3006 621 3234 692 φύραμα
3255 622 3355 674 οὐκ
3379 620 3534 674 ἐστιν
3564 612 3763 730 ἅγιον]

2152 714 2227 777 ὡς
2261 713 2354 766 καὶ
2387 713 2537 784 παρὰ
2566 711 2641 783 τῷ
2666 712 2806 783 ἁγίῳ
2821 713 3129 783 Ἀποστόλῳ
3156 712 3463 784 ἐμφέρεται
3492 755 3507 776 ,
3538 711 3761 765 tiam."

2153 804 2263 876 γὰρ
2302 805 2396 858 καὶ
2426 805 2556 875 περὶ
2589 803 2731 867 Εὔας
2765 805 2794 855 ὁ
2842 804 3003 867 αὐτὸς
3033 804 3375 867 ἀπόστολος..
3418 804 3504 858 ὅτι
3537 803 3729 871 Σωθή·

2146 911 2315 950 σεται
2371 895 2470 949 διὰ
2525 893 2634 961 τῆς
2689 896 3102 964 τεκνογονίας,
3159 895 3267 949 ἐὰν
3326 897 3626 965 μείνωσιν
3672 895 3735 947 ἐν

2145 988 2344 1041 πίστει
2377 987 2475 1041 καὶ
2508 987 2884 1055 δικαιοσύνῃ.

460 1089 575 1157 ipsa
606 1088 680 1142 sit
708 1097 897 1143 sancta
921 1128 936 1151 ,
969 1094 1025 1139 ut
1053 1086 1194 1152 apud
1221 1094 1467 1138 sanctum
1506 1083 1826 1152 Apostolum
1858 1082 2126 1152 legimus?
2151 1080 2255 1147 Qui
2285 1083 2354 1137 de
2414 1080 2523 1135 Eva
2559 1082 2789 1151 loquens
2823 1104 2834 1135 ;
2870 1080 3198 1142 Saluabitur,
3249 1080 3452 1149 inquit,
3495 1095 3589 1148 per
3611 1079 3732 1133 lib:-

460 1196 641 1233 rorum
692 1196 803 1249 gen.
824 1179 1116 1239 rationem;
1148 1178 1191 1229 si
1221 1176 1275 1228 in
1307 1174 1412 1243 ﬁde
1440 1190 1501 1228 ac
1520 1174 1741 1243 iustitia
1771 1173 2158 1243 prrmauserint
2190 1174 2221 1227 ’³.

529 1270 619 1325 ιν.
672 1269 960 1323 innumera
1008 1276 1136 1320 sunt
1179 1281 1302 1337 quae
1346 1265 1413 1321 de
1471 1265 1662 1319 eodem
1715 1270 2040 1335 argumento

457 1357 727 1426 disputari
793 1363 1025 1426 possunt
1076 1374 1089 1408 :

459 1453 739 1516 comperta
786 1460 911 1501 esse
943 1453 1122 1515 potest
1165 1443 1407 1511 Tatiani,
1441 1442 1910 1513 Tatianorumque
1960 1450 2044 1498 te-

459 1539 694 1594 meraria
735 1539 1155 1609 blasphemandi
1204 1539 1447 1601 licentia,
1483 1537 1761 1607 animique
1804 1534 2041 1590 caecitas.

462 1630 534 1684 De
562 1629 765 1700 quibus
787 1630 861 1683 ita
895 1629 1131 1683 breviter
1161 1628 1548 1690 disseruimus,
1584 1639 1644 1681 ut
1686 1628 1904 1682 illorum
1934 1626 2049 1681 vcl-

2213 1265 2285 1315 A'.
2331 1262 2441 1316 Kal
2475 1260 2645 1314 πολλά
2676 1261 2791 1314 ἔστι
2825 1261 2952 1332 περὶ
2990 1259 3192 1313 τούτων
3222 1259 3422 1328 λέγειν,
3458 1259 3534 1322 ὡς
3578 1260 3732 1312 παντὶ⁹

1136 1370 1202 1409 ex
1251 1354 1453 1424 quibus
1514 1354 1766 1425 prudenti
1817 1352 2044 1408 cuilibet

2151 1352 2220 1424 τῷ
2249 1352 2462 1405 σύνεσιν
2491 1350 2814 1422 κεκτημένῳ
2842 1352 3142 1421 φανήσεται
3174 1353 3207 1420 ή
3252 1368 3327 1421 πρ
3346 1352 3545 1422 Ῑχειρος
3578 1348 3730 1419 βλασ-

2143 1443 2342 1515 φημία,
2396 1444 2492 1497 καὶ
2532 1442 2881 1514 ἐσκοτωμένη
2937 1440 3148 1495 διάνοια
3199 1440 3607 1495 τοῦὝατιανοῦ
3642 1443 3733 1495 καὶ

2143 1536 2251 1590 τῶν
2316 1537 2410 1589 ἀπ’
2473 1534 2639 1588 αὑτοῦ
2705 1533 2986 1588 Τατιανῶν
3044 1533 3416 1603 καλουμένων.
3472 1533 3608 1605 Περὶ
3660 1527 3731 1586 ὧν

2149 1629 2432 1700 συντόμως
2463 1627 2845 1694 διεξελθόντες,
2879 1629 2948 1681 τά
2980 1629 3099 1681 κατ’
3143 1628 3343 1690 αὐτοὺς
3376 1625 3617 1697 βλαϐερὰ
3643 1625 3732 1678 καὶ

442 1727 518 1776 ut
560 1722 797 1775 rulicum
849 1720 1030 1775 noxiis
1080 1720 1381 1784 morsibus,
1430 1720 1670 1773 adhibita
1716 1721 1784 1774 iis
1822 1719 1915 1789 qui
1953 1720 2044 1774 icti

2157 1719 2433 1774 κωνώπων
2475 1719 2630 1791 δίκην
2680 1719 2953 1790 δήγματα,
3011 1717 3190 1773 ἐλαίου
3250 1717 3454 1788 ἰκμάδα
3492 1717 3592 1785 τῆς
3641 1715 3734 1769 τοῦ

460 1817 676 1868 fuerant
718 1812 935 1881 Domini
983 1812 1259 1877 doctrina,
1305 1818 1567 1881 tanquam
1611 1811 1715 1864 olei
1762 1808 2048 1877 cuiusdam

460 1906 624 1969 illitu,
677 1904 1003 1959 medicinam
1052 1902 1379 1967 fecerimus,
1437 1902 1584 1956 illius
1635 1900 1866 1956 veritate
1888 1899 2053 1972 394

459 2012 523 2050 ac
577 1996 818 2066 potentia
877 1994 1042 2060 freti,
1096 1995 1190 2065 qui
1248 1994 1385 2048 dixit
1424 2015 1435 2049 :
1481 1992 1603 2045 Non
1656 1993 1772 2046 veni
1826 1992 1931 2045 nisi
1981 1992 2050 2044 ad

460 2107 576 2144 ores
624 2105 742 2159 qua:
795 2089 1061 2157 perierant
1113 2087 1300 2141 domus
1360 2084 1534 2140 Israel
1559 2084 1600 2138 ³.
1661 2082 1815 2138 Unde
1877 2090 1932 2138 et
1995 2084 2056 2145 in

462 2180 717 2251 pai'abola
773 2178 910 2234 dixit
950 2199 961 2233 :
1006 2177 1179 2232 Homo
1224 2177 1439 2249 quidam
1491 2174 1761 2230 descendit
1804 2173 1870 2227 ab
1925 2172 2052 2227 Hia—

460 2269 693 2325 rusalem
758 2271 814 2324 in
869 2267 1085 2323 Iericho
1138 2269 1195 2323 δι
1240 2281 1403 2338 quem
1475 2268 1529 2319 in
1598 2264 1841 2319 latrones
1907 2263 2047 2317 inci-

461 2361 611 2417 disse
653 2360 936 2426 narrabat,
988 2369 1047 2414 ut
1085 2368 1139 2414 et
1173 2374 1353 2425 ovem,
1401 2365 1456 2412 et
1505 2356 1783 2411 hominem
1834 2354 1927 2426 qui
1980 2354 2051 2408 ab

463 2453 804 2509 Hierusalem
859 2453 914 2507 in
962 2450 1185 2507 Jerieho
1233 2449 1617 2512 descenderat,
1670 2448 1822 2503 illum
1865 2448 2045 2518 ipsum

462 2548 687 2599 duceret
732 2558 878 2606 esse.
911 2543 1004 2613 qui
1036 2542 1105 2597 ab
1152 2541 1408 2613 ampliori
1436 2540 1705 2611 dignitate
1748 2539 2044 2600 ceciderat,

462 2646 516 2693 ct
552 2637 621 2690 ab
654 2650 764 2690 uno
795 2635 1033 2706 pastoris
1056 2634 1142 2691 sui
1174 2633 1435 2688 mandato
1464 2631 1716 2687 divulsus
1745 2637 2044 2685 erraverat.

464 2726 540 2780 Ex
576 2740 687 2796 quo
721 2720 973 2781 sanctum
999 2723 1268 2777 Adamum
1302 2730 1587 2792 parentem
1618 2728 1871 2774 nostrum
1904 2718 2048 2772 inter

462 2821 617 2872 vivos
642 2830 1023 2880 numeramus,
1055 2821 1277 2885 propter
1309 2829 1469 2883 quem
1496 2820 1552 2867 et
1578 2827 1678 2867 nos
1705 2826 1897 2866 omnes
1926 2810 2049 2881 eius

461 2919 717 2980 posteros
764 2907 1023 2962 Christus
1068 2906 1308 2969 advenit,
1347 2913 1407 2960 ut
1445 2905 1513 2961 iis
1557 2904 1653 2975 qui
1694 2905 1872 2974 ipsum
1913 2902 2043 2957 olim

2157 1811 2362 1883 Κυρίου
2409 1810 2757 1872 διδασκαλίας
2805 1812 2919 1874 τοῖς
2968 1809 3314 1879 δεδηγμένοις
3359 1809 3466 1861 ὑπὸ
3494 1807 3604 1860 τῶν
3633 1807 3733 1859 Τα-

2154 1903 2338 1958 τιανοῦ
2389 1904 2562 1972 λόγων
2616 1903 2963 1974 ἐπιθέμενοι,
3019 1901 3289 1973 ἰασάμεθα
3350 1901 3441 1954 διὰ
3493 1902 3593 1972 τῆς
3645 1900 3733 1955 τοῦ

2154 1996 2358 2067 Κυρίου
2390 1995 2664 2066 ἀληθείας,
2702 1997 2798 2051 καί⁸
2825 1996 3106 2067 δυνάμεως
3139 1994 3305 2048 αὐτοῦ
3351 1995 3629 2064 λέγοντος,
3656 1996 3732 2049 ὅτι

2158 2089 2278 2140 Οὐκ
2307 2082 2499 2156 ἦλθον
2528 2089 2579 2140 εἰ
2621 2085 2709 2155 μὴ
2757 2088 2845 2153 είς
2878 2086 2945 2139 τὸ
2975 2086 3274 2155 πρόϐατον
3320 2085 3388 2139 τὸ
3423 2088 3731 2151 38.11am-

2146 2179 2337 2249 μένον
2371 2179 2542 2233 οἴκου
2589 2178 2856 2248 Ἰσραήλ.
2894 2179 2985 2232 Διὸ
3016 2179 3111 2233 καὶ
3145 2181 3201 2232 ὲν
3244 2177 3584 2249 παραϐολαῖς
3628 2178 3732 2231 ελε-

2151 2289 2264 2340 γεν,
2327 2272 2409 2325 ὅτι
2445 2272 2789 2339 Ἀνθρωπος
2822 2289 2912 2337 τις
2957 2272 3305 2325 κατέϐαινεν
3340 2272 3464 2327 ἀπὸ
3519 2272 3730 2340 Ἰερου-

2150 2361 2359 2430 σαλὴμ
2394 2364 2484 2427 είς
2524 2361 2782 2430 Ἶεριχώ·
2819 2362 2875 2416 ὃν
2918 2362 2982 2432 δὴ
3028 2363 3121 2415 καὶ
3154 2363 3381 2434 λῃσταῖς
3420 2365 3733 2432 περιπεσεῖν

2149 2453 2407 2523 διηγεῖτο,
2438 2453 2526 2505 ἵνα
2551 2452 2699 2524 δείξῃ
2737 2454 2797 2506 τὸ
2831 2453 3122 2524 πρόϐατον,
3159 2455 3253 2507 καὶ
3283 2454 3377 2507 τὸν
3402 2455 3516 2508 ἀπὸ
3548 2455 3735 2526 Ἰερου-

2114 2565 2122 2571 -
2153 2546 2334 2617 σαλὴμ
2362 2546 2799 2618 καταϐεϐηκότα,
2834 2547 2925 2600 τὸν
2959 2547 3068 2601 ἀπὸ
3103 2548 3202 2618 τῆς
3229 2547 3387 2618 δόξης
3418 2549 3521 2619 τῆς
3551 2550 3730 2620 μείζου

2151 2653 2240 2700 νος
2291 2640 2373 2701 εἰς
2419 2637 2715 2692 ἐλάττωσιν
2754 2638 3164 2708 κατενεχθέντα,
3217 2640 3314 2692 καὶ
3359 2639 3453 2691 τὸν
3485 2639 3598 2692 ἀπο
3639 2641 3734 2709 τῆς

2154 2732 2279 2803 μιᾶς
2309 2731 2531 2801 ἐντολῆς
2562 2730 2657 2785 τοῦ
2709 2731 2839 2786 ἰδίου
2868 2732 3124 2801 ποιμένος
3165 2732 3594 2786 ἀποσπασθέντα
3643 2734 3735 2786 καὶ

2150 2821 2567 2892 πεπλανημένον
2589 2838 2602 2851 ·
2649 2822 2771 2876 ὅθεν
2809 2824 2901 2876 καὶ
2946 2822 3037 2877 τὸν
3089 2822 3243 2890 ἅγιον
3285 2822 3458 2893 ’Δδάμ
3506 2823 3601 2876 τὸν
3632 2840 3739 2876 πα-

2147 2911 2283 2982 τέρα
2312 2912 2368 2963 έν
2420 2910 2554 2976 ζῶσι
2588 2913 3065 2984 πεπιστεύκαμεν
3117 2912 3185 2966 δι’
3235 2913 3294 2966 ὃν
3325 2914 3413 2967 καῖ
3465 2915 3597 2976 τοὺς
3641 2913 3736 2969 ἀπ’

462 3007 856 3071 cognoverant,
893 3013 997 3055 nec
1025 3013 1056 3052 a
1083 2998 1371 3054 divinitate
1401 2997 1524 3069 ejus
1553 2998 1966 3063 aberraverant,
1992 3004 2044 3051 et

2152 3002 2318 3058 αὐτοῦ
2351 3005 2500 3073 ἡμᾶς
2549 3004 2757 3067 πάντας
2798 3004 3030 3076 Χριστὸς
3079 2999 3230 3076 ἦλθε,
3270 3008 3384 3069 τοῖς
3439 3005 3543 3075 μὲν
3571 3005 3736 3060 πάλαι

464 3092 536 3149 ob
569 3092 834 3146 nonnulla
862 3090 1063 3146 delicta
1092 3103 1192 3147 sua
1223 3090 1367 3160 apud
1397 3088 1605 3146 inferos
1636 3088 2044 3152 detinebantur,

462 3184 791 3255 iniuriarum
839 3180 1176 3237 oblivionem
1209 3181 1552 3246 concederet,
1588 3194 1822 3251 eamque
1848 3188 1901 3235 et
1952 3178 2049 3235 ad-

464 3280 574 3335 huc
608 3275 920 3333 viventibus
961 3289 1056 3345 per
1096 3272 1495 3351 pcenitentiam,
1544 3280 1599 3327 et
1665 3271 1808 3341 apud
1842 3270 2049 3328 inferos

465 3370 792 3442 degentibus
815 3383 911 3439 per
940 3364 1379 3422 misericordiam
1399 3377 1464 3418 ac
1495 3363 1727 3419 salutem
1760 3362 2046 3419 tribueret.

537 3545 604 3600 V.
649 3545 747 3600 Est
778 3543 1024 3613 profecto
1067 3539 1213 3611 quod
1254 3538 1576 3610 intelligenti
1617 3540 1816 3595 mirum
1861 3539 2050 3603 videa-

463 3648 575 3704 tur,
622 3638 675 3692 id
732 3635 878 3706 quod
930 3650 961 3690 e
1017 3633 1281 3688 librorum
1335 3631 1682 3688 monimentis
1726 3632 2044 3700 didicimus,

462 3732 755 3788 Dominum
805 3736 1055 3784 nostrum
1096 3725 1281 3781 Jesum
1320 3724 1600 3781 Christum
1663 3725 1717 3779 in
1780 3724 2047 3797 Gdlgotha

461 3842 584 3882 esse
622 3824 968 3888 cruciﬁxum,
1014 3819 1273 3874 nimirum
1317 3818 1374 3872 in
1405 3832 1471 3873 eo
1507 3817 1854 3887 potissimum
1900 3819 2047 3885 loco,

460 3915 515 3970 in
551 3928 660 3984 quo
690 3911 882 3965 Adami
926 3899 1128 3979 corpus
1149 3909 1378 3977 iaceret.
1410 3905 1511 3961 Hie
1549 3909 1695 3962 enim
1727 3924 1759 3962 e
1791 3909 2046 3979 paradiso

460 4006 795 4078 digrediens,
823 4002 914 4056 diu
952 4018 1018 4057 ex
1052 4002 1284 4055 adverso
1326 4000 1474 4055 illius
1513 4000 1799 4055 habitavit.
1842 4001 2047 4058 Deinde

461 4102 622 4170 longo
651 4107 839 4169 postea
884 4103 1127 4165 tempore
1158 4095 1213 4147 in
1258 4092 1429 4156 illum,
1452 4107 1613 4162 quem
1644 4093 1756 4147 dixi
1787 4093 2045 4150 Hieroso-

459 4188 756 4261 lymorum,
788 4186 968 4241 locum
1019 4181 1269 4247 secessit,
1331 4180 1426 4236 ubi
1472 4189 1527 4236 et
1580 4182 1690 4236 vita
1739 4183 1961 4239 functus
1990 4185 2042 4240 in

458 4278 728 4349 Golgotha
769 4276 1016 4347 sepultus
1048 4283 1153 4330 est.
1190 4275 1309 4340 Qua
1334 4288 1403 4328 ex
1429 4272 1488 4327 re
1511 4273 1710 4329 merito
1744 4275 1899 4331 locus
1927 4278 2044 4348 ipse

457 4385 660 4427 nomen
700 4368 945 4436 accepit,
1001 4374 1059 4419 ut
1101 4365 1353 4419 calvariae
1398 4365 1808 4434 interpretando
1833 4363 2042 4422 dicere-

458 4471 570 4518 tur.
596 4459 769 4531 Cujus
795 4456 1177 4529 appellationis
1212 4456 1359 4510 nulla
1400 4455 1454 4509 in
1484 4471 1548 4510 eo
1583 4457 1703 4510 loco
1738 4457 2043 4513 similitudo

458 4556 724 4612 cernitur.
760 4549 894 4606 Nam
926 4562 1026 4603 nec
1053 4548 1105 4601 in
1137 4548 1279 4602 clivo
1302 4548 1488 4617 aliquo
1517 4549 1654 4603 situs
1690 4557 1796 4613 est,
1831 4556 1889 4603 ut
1914 4564 2044 4619 pro.

458 4658 648 4720 pterea
702 4644 954 4699 calvaria:
1002 4640 1269 4695 vocabulo
1315 4638 1671 4694 nominetur:
1728 4641 2041 4710 cuiusmodi

458 4738 656 4809 capitis
702 4738 756 4791 in
793 4735 1033 4789 humano
1060 4747 1289 4801 corpore
1328 4730 1487 4786 sedes
1528 4739 1642 4799 est;
1685 4748 1861 4802 neque
1907 4735 2041 4805 ligu-

460 4843 578 4885 ram
612 4829 777 4883 habet
798 4826 959 4881 edita:
1004 4824 1307 4895 cuiuspiam
1339 4823 1608 4893 speculae;
1639 4839 1703 4879 ac
1732 4841 1800 4880 ne
1828 4829 2043 4884 caeteris

458 4921 678 4994 quidem
750 4918 1270 4988 circumiacentibus
1328 4916 1462 4970 locis
1517 4917 1682 4971 altius
1732 4920 2039 4990 consurgit.

456 5015 669 5086 Quippe
719 5028 785 5068 ex
821 5010 1051 5067 adverso
1101 5016 1185 5064 est
1215 5006 1411 5063 Oliveti
1446 5022 1605 5063 mons
1655 5007 1891 5077 editior;
1943 5012 2038 5068 sed

529 5172 545 5203 ¹
579 5171 740 5225 Rom.
767 5187 876 5234 xiv,
909 5171 964 5225 9.
1062 5170 1083 5199 ’
1110 5166 1130 5220 ι
1159 5168 1303 5224 Tim.
1336 5186 1396 5235 ιι,
1443 5170 1526 5225 ιδ.

529 5303 639 5371 (95)
682 5302 928 5371 Ἕνεκεν
961 5301 1029 5353 δὲ
1068 5299 1440 5371 σφαλμάτων
1480 5301 1552 5353 ἑν
1600 5300 1751 5371 ᾅδῃ,
1787 5301 2036 5357 Notauda

460 5370 749 5441 Epiphanii
785 5373 1086 5441 sententia:
1118 5380 1329 5425 veteres
1358 5370 1550 5425 Patres
1579 5380 1703 5425 ante
1729 5370 2035 5434 Christum,

499 5439 736 5495 iii—salva
772 5439 875 5493 lide
919 5449 1296 5510 peccaverant,
1334 5451 1621 5509 propterea
1656 5443 1797 5510 apud
1830 5443 2037 5498 inieros

499 5460 549 5495 ut
586 5459 736 5495 salva
772 5459 875 5493 uue
919 5459 1296 5509 peccaverant,
1334 5459 1621 5509 propterea
1656 5459 1797 5510 apuu

456 5459 708 5568 ﬂetentos
740 5524 885 5573 esse,
919 5512 1094 5564 donec
1126 5525 1155 5562 a
1179 5509 1402 5563 Christo
1436 5511 1820 5566 liberarentur.

529 5584 641 5654 (95)
677 5581 773 5654 Διό
811 5580 918 5654 καὶΔ
954 5578 1254 5654 θαυμάσαι
1280 5581 1412 5632 ἐστι
1439 5579 1782 5654 τόν-εἰδότα.
1827 5579 2033 5654 'l‘ritam

459 5660 526 5712 de
540 5646 834 5728 'Gulgothze
876 5650 990 5709 sive
1022 5646 1283 5707 calvariae
1311 5646 1672 5718 appellatione
1705 5653 2036 5707 sententiam

2154 3096 2318 3150 αὑτὸν
2346 3094 2696 3164 γινώσκουσι,
2739 3098 2832 3150 καὶ
2876 3097 2951 3168 μὴ
2983 3097 3332 3168 πλανηθεῑσιν
3363 3098 3484 3152 ἀπὸ
3511 3100 3610 3171 τῆς
3640 3101 3739 3154 αὖ·

2155 3186 2252 3241 τοῦ
2266 3187 2539 3259 θεότητος.
2576 3178 2763 3243 ἕνεκεν
2795 3188 2851 3242 δὲ
2883 3190 3210 3261 σφαλμάτων
3237 3192 3295 3243 ὲν
3328 3190 3429 3263 ᾄδῃ
3465 3193 3577 3260 ίθῦ)
3607 3210 3737 3248 κατ-

2154 3279 2474 3350 εσχημένοις
2503 3279 2807 3350 ἀμνηστίαν
2867 3279 3232 3353 χαρίσασθαιδ
3272 3285 3387 3343 τοῖς
3433 3283 3534 3352 μὲν
3569 3284 3650 3337 ἔτι
3680 3285 3736 3337 ὲν

2151 3368 2344 3440 κόσμῳ
2374 3368 2462 3423 διὰ
2500 3369 2808 3440 μετανοίας,
2842 3374 2955 3435 τοῖς
2995 3370 3054 3424 δὲ
3096 3372 3153 3424 ἐν
3193 3370 3296 3443 ᾄδῃ
3325 3371 3393 3425 δι’
3429 3372 3611 3436 ἐλέους
3644 3377 3734 3428 καὶ

2153 3458 2445 3531 σωτηρίας.

2220 3549 2296 3605 E’.
2337 3550 2429 3604 Διὸ
2458 3552 2553 3605 καὶ
2582 3550 2864 3624 θαυμάσαι
2889 3553 3008 3607 ἔστι
3040 3555 3133 3608 τὸν
3167 3554 3347 3611 εἰδότα
3374 3556 3517 3627 (94),
3542 3559 3617 3622 ὡς
3640 3561 3733 3613 καὶ

2149 3644 2208 3696 ὲν
2249 3642 2450 3713 βίϐλοις
2506 3645 2862 3717 ηὑρήκαμεν,
2905 3644 2996 3699 τὸν
3043 3645 3248 3717 Κύρων
3306 3648 3467 3719 ἡμῶν
3532 3652 3733 3721 Ἰησοῦν

2149 3733 2380 3806 Χριστὸν
2414 3736 2473 3787 ὲν
2516 3734 2595 3806 τῷ
2628 3733 2668 3787 Γ
2670 3734 2868 3807 ολγοθᾷ
2893 3737 3290 3810 ἐσταυρῶσθαι,
3325 3740 3429 3793 οὐκ
3460 3740 3596 3815 ἄλλῃ
3631 3760 3732 3798 πω

2147 3825 2263 3880 ἀλλ’
2307 3827 2342 3898 ἢ
2391 3824 2520 3879 ἔνθα
2561 3825 2740 3880 ἔκειτο
2778 3827 2839 3880 τὸ
2885 3828 2979 3882 τοῦ
3034 3830 3205 3901 ’Δδάμ
3246 3832 3428 3902 σῶμα.
3476 3834 3731 3901 Ἐξελθὼν

2147 3918 2257 3992 γὰρ
2299 3921 2362 3972 ὲκ
2399 3917 2495 3971 τοῦ
2549 3918 2900 3989 παραδείσου.
2955 3922 3048 3975 καὶ
3075 3922 3420 3994 κατῳκηκὼς
3449 3926 3732 3980 κατέναντι

2146 4009 2315 4063 αὑτοῦ
2343 4009 2521 4080 πολλῷ
2548 4009 2626 4081 τῷ
2654 4011 2849 4081 χρόνῳ,
2884 4004 2976 4065 καῖ
3004 4013 3092 4065 διὰ
3142 4013 3351 4067 πολλῶν
3379 4016 3492 4070 τῶν
3517 4018 3731 4089 ἡμερῶν

2144 4099 2385 4165 διελθὼν,
2434 4100 2661 4173 ὕστερον
2691 4097 2822 4173 ἦλθε
2864 4102 2960 4156 καὶ
2992 4105 3051 4156 ὲν
3091 4103 3171 4174 τῷ
3202 4105 3353 4176 τόπῳ
3403 4107 3594 4177 τούτῳ,
3635 4109 3730 4161 Ἰε-

2149 4188 2463 4265 ροσολύμων
2512 4192 2569 4246 δέ
2629 4211 2791 4265 φημι,
2846 4195 2907 4248 τὸ
2964 4194 3141 4267 χρεὼν
3195 4198 3586 4263 ἀποδεδωκὼς,
3639 4202 3732 4254 καὶ

2147 4285 2325 4337 ἐκεῖσε
2356 4284 2528 4354 ἐτάφη
2560 4286 2618 4338 ἐν
2647 4284 2727 4355 τῷ
2755 4285 2904 4357 τόπῳ
2924 4285 3002 4358 τῷ
3030 4286 3284 4360 Γολγοθᾷ.
3318 4289 3486 4344 Ὅθεν
3511 4290 3732 4355 εἰκότως

2076 4400 2120 4456 D
2146 4374 2206 4427 τὸ
2238 4372 2527 4446 ἐπώνυμον
2560 4378 2588 4429 ὁ
2625 4376 2787 4441 τόπος
2831 4378 2978 4449 ἔσχε,
3015 4381 3266 4448 κρανίου
3299 4382 3734 4453 ἑρμηνευόμενος

2150 4466 2334 4533 τόπος,
2361 4462 2428 4538 ἦς
2454 4468 2748 4538 ὀνομασίας
2775 4470 2836 4522 τὸ
2867 4471 3051 4541 σχῆμα
3095 4469 3189 4525 τοῦ
3237 4472 3407 4526 τόπου
3438 4473 3733 4543 ἐμφέρειαν

2149 4576 2270 4612 τινα
2301 4561 2397 4630 οὐχ
2422 4560 2817 4615 ὑποδείκνυσιν.
2843 4563 2980 4616 Οὔτε
3004 4564 3113 4635 γὰρ
3142 4566 3200 4617 ὲν
3226 4566 3374 4636 ἄκρᾳ
3398 4567 3505 4618 τινί
3536 4569 3733 4626 κεῖται,

2150 4652 2235 4703 ἴνα
2287 4652 2534 4718 κρανίον
2556 4650 2712 4704 τοῦτο
2760 4654 3159 4726 ἑρμηνεύηται,
3215 4656 3292 4720 ὡς
3346 4659 3440 4711 ἐπὶ
3484 4658 3731 4729 σώματος

2150 4740 2359 4813 κεφαλὴ
2388 4742 2551 4807 τόπος
2576 4743 2815 4813 λέγεται.
2850 4746 2973 4799 οὕτε
3023 4749 3288 4812 σκοπιᾶς’
3337 4751 3435 4805 καὶ
3470 4751 3578 4821 γὰρ
3608 4750 3730 4804 οὔτε

2149 4834 2206 4884 ἐν
2238 4832 2359 4902 ὕψει
2387 4837 2565 4888 κεῖται
2612 4836 2763 4907 παρά
2803 4838 2929 4901 τοὺς
2952 4838 3145 4902 ἄλλους
3180 4840 3404 4905 τόπους.
3443 4845 3731 4914 ’Δντικρυς

2147 4924 2257 4995 γάρ
2305 4926 2422 4977 ἐστι
2475 4926 2537 4978 τὸ
2587 4926 2682 4979 τοῦ
2739 4928 3026 4993 Ἐλαιῶνος
3075 4931 3200 5002 ζρος
3245 4932 3597 5005 ὑψηλότερον,
3640 4937 3731 4989 καὶ

2146 5015 2255 5067 ἀπὸ
2289 5017 2531 5087 σημείων
2563 5018 2707 5071 όκτὼ
2734 5022 2766 5090 ἠ
2800 5019 3039 5092 Γαϐαὼμ
3072 5022 3405 5097 ὑψηλοτάτη.
3451 5026 3608 5079 Ἀλλὰ
3639 5030 3731 5081 καὶ

1604 5170 1622 5201 ³
1663 5170 1855 5225 Matth.
1887 5187 1976 5233 xv,
2002 5170 2094 5226 24.
2168 5173 2187 5203 ⁸
2221 5172 2353 5227 Luc.
2390 5191 2441 5238 χ,
2478 5175 2548 5229 50
2569 5190 2692 5245 sqq.

2139 5306 2408 5378 sequitur,
2445 5315 2502 5360 ut
2530 5309 2599 5361 ab
2628 5306 2819 5361 Adami
2848 5311 3062 5378 sepulto
3095 5312 3385 5378 cadavere,
3438 5332 3502 5371 ac
3538 5319 3734 5373 cranio

2137 5376 2372 5456 deducta
2413 5378 2502 5431 sit.
2534 5378 2603 5456 At
2631 5380 2867 5448 Cyrillus
2892 5376 3138 5456 _catecli._
3160 5398 3256 5437 xui
3297 5376 3615 5456 prophetica
3650 5390 3733 5445 sic

2137 5448 2423 5527 a_Cli_rist_o
2450 5449 2790 5527 nominatum
2820 5450 3273 5527 existiiuatluinc
3297 5448 3513 5518 iocum,
3552 5460 3729 5527 quod,

2137 5525 2197 5570 ut
2241 5519 2317 5570 ait
2355 5518 2690 5588 Apostolus,
2739 5531 2902 5588 caput
2942 5521 3043 5575 viri
3078 5524 3151 5576 sit
3185 5522 3477 5587 Christus.
3512 5518 3725 5585 Christi

2137 5596 2314 5641 autem
2345 5586 2489 5642 Deus
2522 5586 2571 5649 (I
2600 5587 2725 5644 Cor.
2756 5586 2830 5652 si,
2860 5590 2935 5658 5).
