3866 6068
308 304 411 362 855’

1261 298 1630 357 ADVERSUS
1660 298 2001 377 [UERESES
2038 298 2169 357 LIB.
2216 302 2279 357 ll.
2317 302 2481 359 ΤΟΜ.
2524 302 2566 359 l.

3448 307 3553 365 διο

304 424 337 491 ἡ
373 418 516 489 ἄκρα
544 418 577 484 ἡ
614 417 744 469 ποτὲ
773 417 1091 488 ὑπάρχουσα
1119 417 1176 468 ἐν
1205 415 1362 478 Σιὼν,
1386 415 1484 468 νῦν
1509 415 1564 467 δὲ
1593 414 1883 486 τμηθεῖσα,

2011 430 2043 467 n
2073 415 2265 484 primis
2304 416 2510 471 arduus
2559 424 2645 472 est
2671 416 2948 473 Gabaonis
2987 432 3146 473 mons
3193 429 3387 474 octavo
3435 420 3565 477 inde

310 510 402 565 καὶ
429 507 570 578 αὑτὴ
599 507 905 579 ὑψηλοτέρα
936 506 1148 576 ὑπῆρχε
1176 504 1270 558 τοῦ
1298 505 1483 560 τόπου.
1532 504 1701 558 Πόθεν
1730 500 1822 558 οὖν
1852 506 1885 575 ἡ

310 600 595 671 ἐπωνυμία
646 599 741 653 τοῦ
769 600 1064 668 κρανίου;
1123 597 1259 650 Ἀλλ’
1306 597 1495 668 ἐπειδὴ
1545 595 1639 650 τοῦ
1679 613 1889 668 πρωτο-

312 692 550 747 πλάστου
598 686 884 761 ἀνθρώπου
934 691 1050 742 ἐκεῖ
1098 689 1158 742 τὸ
1212 688 1436 760 κρανίον
1484 687 1742 760 εὓρηται,
1799 688 1891 740 καὶ

312 783 428 839 ἐκεῖ
458 784 518 837 τὸ
560 782 810 852 λείψανον
851 780 1186 843 ὲναπέκειτο,
1220 779 1406 834 τούτου
1452 781 1612 833 ἕνεκα
1643 781 1889 848 κρανίου

311 876 472 937 τόπος
498 873 829 943 ἐπεκέκλητο
848 889 863 905 ο
891 873 975 941 ἐφ’
1003 867 1063 926 οὗ
1094 871 1423 943 σταυρωθεὶς
1452 875 1480 924 ὁ
1512 870 1709 943 Κύριος
1734 870 1891 941 ήμῶν

326 962 531 1034 Ἰησοῦς
573 961 823 1033 Χριστὸς,
859 961 947 1015 διὰ
982 960 1076 1015 τοῦ
1109 962 1394 1032 ῥεύσαντος
1427 964 1521 1015 ἀπ’
1569 961 1735 1015 αὐτοῦ
1767 960 1892 1013 ὓδα-

314 1073 403 1119 τος
434 1055 527 1108 καὶ
564 1053 816 1123 αἵματος,
864 1051 953 1105 διὰ
988 1054 1087 1122 τῆς
1124 1050 1414 1122 νυχθείσης
1443 1052 1607 1107 αὑτοῦ
1631 1053 1889 1123 πλευρᾶς,

313 1143 729 1216 αἰνιγματωδῶς
794 1143 963 1209 ἔδειξε
1004 1143 1102 1214 τὴν
1136 1144 1292 1213 ἡμῶν
1324 1145 1616 1214 σωτηρίαν,
1660 1144 1767 1198 ἀπὸ
1797 1146 1893 1214 τῆς

315 1237 489 1307 ἀρχῆς
532 1233 626 1286 τοῦ
672 1232 992 1303 φυράματος
1042 1232 1346 1303 ἀρξάμενος
1376 1232 1644 1303 ραντίζειν
1671 1234 1741 1287 τὰ
1790 1234 1888 1286 λεία

313 1328 459 1395 dav:
505 1322 599 1377 τοῦ
647 1323 1010 1394 προπάτορος,
1060 1324 1148 1377 ἴνα
1193 1325 1285 1378 καὶ
1328 1326 1460 1394 ἡμῖν
1510 1324 1761 1396 ὑποδείξῃ
1804 1326 1895 1378 τὸν

320 1414 614 1487 ῥαντισμὸν
664 1412 760 1466 τοῦ
824 1413 988 1466 αὐτοῦ
1032 1413 1294 1484 αἵματος,
1349 1417 1430 1477 εἰς
1483 1415 1747 1486 κάθαρσιν
1796 1417 1895 1486 τῆς

318 1504 471 1575 ἡμῶν
516 1502 819 1567 κοινώσεως
868 1506 959 1557 καὶ
1009 1504 1187 1574 ψυχῆς
1245 1507 1646 1578 μετανοούσης,
1678 1507 1772 1560 καὶ
1819 1509 1896 1572 εἰς

318 1598 620 1667 ὑπόδειγμα
673 1597 957 1668 φυράσεως
1017 1597 1115 1651 καὶ
1171 1597 1511 1668 καθαρισμοῦ
1574 1599 1744 1671 ῥύπου
1789 1599 1897 1652 τῶν

319 1689 600 1760 ἡμετέρων
630 1690 1049 1760 ἁμαρτημάτων
1071 1689 1379 1759 γενόμενον,
1405 1690 1466 1743 τὸ
1499 1690 1729 1761 ἐκχυθὲν
1755 1689 1898 1759 ὕδωρ

1991 506 2170 577 lapide
2195 507 2426 563 distans.
2477 507 2762 564 Postremo
2793 510 2968 565 clivus
3016 511 3177 566 etiam
3232 511 3341 573 ille,
3373 512 3466 579 qui
3506 513 3561 567 in

1992 594 2158 652 Sione
2184 597 2460 666 quondam
2485 599 2719 662 exstitit,
2753 598 2846 654 sed
2872 599 3088 654 excisus
3134 599 3294 654 hodie
3327 609 3433 665 est,
3464 601 3565 657 fuit

1990 686 2270 758 Golgotbte
2294 688 2389 743 illo
2421 688 2542 743 loco
2583 690 2888 743 sublimior.
2919 688 3201 744 Undenam
3234 692 3396 761 igitur
3449 691 3564 745 cal-

1992 780 2152 833 variae
2185 795 2384 835 nomen
2421 779 2696 834 obtinuit?
2726 778 2879 845 Quod
2924 780 3179 835 nimirum
3211 782 3369 849 primi
3396 779 3568 836 homi-

1993 875 2078 929 nis
2125 873 2235 927 illic
2281 873 2519 927 calvaria
2552 880 2763 942 reperta
2809 873 2900 934 sit,
2933 871 3161 942 ejusque
3202 874 3445 943 reliquiae
3474 873 3568 929 de-

1994 964 2174 1029 fossae,
2233 966 2305 1020 ob
2334 965 2387 1019 id
2423 965 2671 1019 calvariw
2717 965 2869 1018 locus
2906 965 3208 1033 appellatus
3243 963 3435 1039 est.‘ln
3459 980 3568 1034 quo

1996 1056 2257 1113 Dominus
2286 1067 2472 1113 noster
2496 1056 2656 1112 Jesns
2686 1056 2939 1111 Christus
2964 1056 3217 1111 sublatus
3242 1056 3295 1109 in
3323 1071 3564 1119 crucem,

1997 1165 2091 1218 per
2119 1165 2316 1218 aquam
2346 1151 2491 1204 illam
2519 1157 2573 1204 et
2596 1149 2920 1217 sanguinem
2941 1164 3004 1201 ex
3035 1147 3156 1217 ejus
3187 1147 3463 1217 perforato
3494 1148 3571 1201 la-

1997 1250 2108 1293 tere
2144 1238 2520 1308 proﬂuentem,
2557 1240 2702 1293 velut
2734 1240 3022 1308 imaginem
3057 1237 3370 1307 quamdam,
3397 1246 3570 1291 totum

1998 1330 2191 1385 salutis
2247 1341 2447 1386 nostra:
2492 1331 2766 1401 negotium
2798 1327 2960 1400 395
3002 1327 3384 1392 adumbravit,
3440 1327 3570 1382 dum

1999 1421 2159 1490 primi
2194 1423 2435 1491 parentis
2481 1422 2739 1490 reliquias
2787 1422 2854 1475 ab
2899 1423 3016 1489 ipso
3060 1434 3256 1474 massae
3300 1418 3574 1489 principio

1999 1514 2178 1582 rigare
2208 1514 2394 1583 coepit.
2439 1522 2497 1567 ut
2527 1514 2591 1567 ad
2622 1512 3009 1582 detergendam
3040 1512 3214 1565 labem
3249 1510 3576 1564 fmditatcm-

2001 1621 2105 1673 que
2134 1614 2403 1667 nostram,
2446 1620 2508 1657 ac
2548 1604 2862 1673 pamitentis
2915 1604 3108 1656 anima:
3140 1602 3574 1671 repnrgationcm

2003 1699 2086 1750 sui
2146 1698 2428 1767 sanguinis
2483 1697 2855 1766 aspersionem
2906 1696 3254 1760 ostenderet,
3293 1701 3457 1763 atque
3508 1693 3577 1748 ad

319 1783 412 1834 ἐπὶ
454 1782 543 1835 τὸν
592 1781 949 1850 ὑποκείμενον
978 1779 1057 1850 τῷ
1098 1781 1269 1851 τόπῳ,
1320 1783 1414 1835 καὶ
1441 1783 1781 1853 τεθαμμένον
1822 1784 1900 1843 είς

2010 1788 2380 1841 subactionem
2443 1786 2734 1856 quamdam
2780 1786 3328 1855 commistionemque
3370 1783 3579 1854 signiti-

318 1870 512 1925 ιλπίδα
559 1869 722 1923 αὑτοῦ
760 1886 821 1923 τε
872 1870 966 1922 καὶ
999 1869 1159 1940 ἡμῶν
1187 1869 1294 1922 τῶν
1340 1870 1401 1934 ἐξ
1439 1870 1604 1923 αὐτοῦ
1644 1887 1895 1939 γεγεννη-

324 1960 517 2031 μένων.
548 1958 639 2012 Arb
684 1959 778 2013 καὶ
822 1958 1052 2012 ἐνταῦθα
1103 1959 1405 2030 ἐπληροῦτο
1454 1960 1514 2013 τὸ
1567 1960 1891 2031 εἰρημένον·

326 2053 575 2120 Ἔγειρε.
604 2052 638 2104 ὁ
672 2049 995 2114 καθεύδων,
1023 2050 1114 2102 καὶ
1143 2049 1380 2105 ἀνάστα
1404 2050 1474 2103 ἐκ
1502 2047 1622 2105 τῶν
1647 2050 1895 2119 νεκρῶν,

320 2140 418 2195 καί
463 2141 784 2209 ἐπιφαύσει
827 2155 925 2193 σοι
976 2145 1009 2194 ό
1052 2142 1326 2210 Χριστός.
1371 2142 1433 2195 Ei
1479 2141 1588 2212 γάρ
1626 2143 1720 2196 καὶ
1770 2144 1899 2212 περί

323 2231 479 2304 ἡμῶν
501 2231 651 2300 λέγει
693 2230 801 2284 τῶν
838 2230 1258 2303 νενεκρωμένων
1285 2234 1397 2295 τοῖς
1425 2230 1627 2303 ἔργοις,
1659 2232 1753 2286 καὶ
1792 2231 1898 2285 τῶν

324 2324 688 2383 καθευδόντων
713 2324 771 2376 ὲν
810 2323 962 2393 βάθει
1009 2323 1176 2378 ὕπνου
1206 2323 1306 2393 τῆς
1336 2323 1605 2392 ἀγνωσίας
1626 2341 1638 2353 ·
1668 2323 1782 2377 ἀλλ’
1808 2320 1901 2377 οὖν

326 2432 386 2484 γε
415 2415 624 2470 ἐκεῖθεν
652 2418 685 2486 ἡ
716 2415 981 2486 ἀρχὴτῆς
1010 2414 1257 2479 αίνξξεως
1288 2413 1532 2485 περιέχει
1559 2414 1651 2469 τὸν
1676 2414 1898 2486 τρόπον,

327 2508 419 2562 καὶ
466 2508 564 2577 οὐχ
598 2506 804 2568 ἁπλῶς,
847 2506 967 2559 οὐδὲ
1019 2505 1237 2578 ἀργῶς·
1291 2505 1543 2573 Ἀνέστη
1577 2506 1901 2576 γὰρ,φησ“ι,

329 2601 525 2655 πολιὰ
544 2597 789 2668 σώματα
815 2596 934 2651 τῶν
954 2597 1135 2667 ἁγίων
1185 2597 1281 2663 (ὡς
1309 2595 1420 2667 ἔχει
1444 2597 1506 2649 τὸ
1528 2596 1904 2666 Εὐαγγέλιον),

329 2691 426 2744 καὶ
476 2689 767 2757 εἰσῆλθον
809 2688 931 2742 σὺν
983 2686 1144 2753 αὐτῷ
1188 2690 1277 2753 εις
1332 2687 1446 2755 τὴν
1474 2687 1652 2756 ἁγίαν
1702 2687 1902 2750 πόλιν,

332 2783 424 2835 καὶ
447 2780 517 2834 τὰ
543 2779 687 2849 ἑξῆς.

2002 1880 2253 1943 c-amlain,
2288 1893 2353 1931 ac
2390 1885 2703 1932 nostrarum
2735 1876 3003 1941 sordium,
3046 1875 3149 1930 hoc
3176 1882 3259 1931 est
3286 1875 3575 1938 scelerum,

2004 1969 2391 2040 expiationem,
2433 1983 2630 2039 aquam
2671 1954 2816 2022 illam
2856 1968 2910 2021 in
2960 1966 3267 2035 subjectum
3305 1965 3581 2019 hominem

2005 2063 2315 2131 ibidemque
2342 2062 2614 2131 sepultum
2644 2061 2952 2116 destillasse
2982 2064 3345 2123 monstraret;
3377 2070 3442 2110 ac
3469 2064 3582 2110 tam

2007 2156 2207 2222 ipsum.
2253 2167 2416 2222 quam
2468 2168 2569 2207 nos
2626 2153 2749 2220 ejus
2793 2159 3041 2220 posteros
3085 2148 3153 2203 ad
3193 2163 3346 2217 spem
3396 2158 3586 2201 consc-

2005 2241 2234 2311 quendae
2282 2242 2473 2295 salutis
2527 2241 2782 2310 erigeret.
2822 2238 3093 2304 Quocirca
3140 2236 3251 2289 illic
3289 2233 3585 2302 Scriptura:

2005 2334 2213 2387 dictum
2259 2333 2405 2386 illud
2430 2332 2711 2401 impletum
2739 2337 2862 2385 est:
2901 2328 3088 2398 Surge,
3128 2328 3216 2397 qui
3261 2325 3485 2385 dormis.
3528 2329 3584 2377 et

2004 2422 2236 2475 excitare
2269 2438 2302 2474 a
2343 2420 2670 2483 mortuis,“
2703 2417 3026 2472 illuminabit
3056 2426 3105 2471 te
3143 2415 3445 2472 Christus‘.
3486 2412 3584 2467 Li-

2009 2517 2095 2563 cet
2127 2508 2272 2562 enim
2306 2506 2375 2561 ad
2404 2523 2506 2563 nos
2542 2508 2687 2563 istud
2717 2507 3009 2576 pertineat.
3037 2506 3130 2577 qui
3154 2513 3211 2560 et
3238 2504 3398 2559 malis
3422 2501 3585 2558 factis

2012 2600 2212 2653 mortui
2244 2613 2457 2665 sumus,
2489 2607 2544 2653 et
2572 2598 2844 2653 altissimo
2884 2596 3208 2668 ignorantiae
3232 2609 3426 2651 somno
3451 2608 3585 2649 cou-

2013 2689 2197 2758 sopiti,
2246 2689 2603 2745 nihilominus
2634 2689 2784 2744 illinc
2809 2688 3050 2759 ﬁguratae.
3082 2687 3250 2758 hujus
3298 2686 3586 2743 sententia:

2013 2780 2404 2834 arcessendum
2430 2788 2514 2836 est
2544 2781 2781 2844 initium,
2813 2787 2874 2833 ut
2895 2794 3003 2834 non
3028 2787 3255 2846 temere,
3284 2794 3390 2835 nec
3409 2779 3587 2835 otiose

333 2875 678 2944 pronuntiata
719 2872 1011 2927 videatur:
1050 2870 1406 2927 Surrexerunt
1458 2872 1596 2933 enim
1654 2870 1822 2923 multa
1876 2888 2105 2942 corpora
2146 2884 2452 2929 sanctorum
2485 2875 2567 2945 (ut
2602 2878 2655 2930 in
2700 2874 2993 2946 Evangelia
3043 2875 3307 2946 scriptum
3352 2872 3485 2943 est),
3532 2880 3589 2928 et

329 2967 645 3022 introierunt
675 2981 792 3018 cum
824 2967 939 3034 ipso
965 2966 1020 3017 in
1055 2975 1295 3018 sanctam
1330 2963 1595 3018 civitatem
1614 2965 1657 3029 ',
1693 2973 1797 3019 etc.

400 3058 744 3128 Πανταχόθεν
774 3058 952 3111 τοίνυν
985 3057 1464 3129 ἀποκρουσάμενος
1504 3058 1598 3112 τοῦ
1651 3056 1900 3120 κώνωπος

2084 3057 2218 3110 Cum
2264 3057 2429 3128 igitur
2466 3056 2661 3112 culicis
2696 3056 2860 3112 istius
2886 3071 3102 3114 morsus
3133 3057 3331 3113 divina:
3373 3057 3590 3115 miseri-

330 3150 522 3206 τούτου
551 3150 618 3203 τὰ
654 3151 926 3222 δήγματα,
970 3147 1037 3200 δι’
1067 3148 1247 3202 ὲλαίου
1294 3150 1395 3219 τῆς
1422 3148 1516 3202 τοῦ
1549 3148 1684 3203 Θεοῦ
1730 3148 1917 3219 φιλαν-

333 3242 605 3316 θρωπίας,
632 3243 727 3295 καὶ
756 3240 962 3313 Κυρίου
993 3240 1149 3311 ἡμῶν
1178 3241 1456 3311 ἐνδημίας,
1488 3242 1584 3294 καὶ
1610 3239 1786 3312 φωτὸς
1814 3237 1911 3293 τοῦ

2012 3145 2213 3202 cordia:
2241 3147 2384 3211 oleo,
2421 3161 2485 3201 ac
2515 3146 2729 3201 Domini
2758 3147 2933 3201 nostri
2982 3147 3284 3204 Salvatoris
3322 3149 3584 3217 adventu,

2011 3249 2064 3295 et
2092 3239 2337 3293 veritatis
2360 3237 2689 3308 evangelicae
2709 3237 2829 3292 luce
2859 3238 3315 3307 propulsaverim,
3346 3239 3413 3294 ad
3451 3238 3588 3296 alias

332 3332 667 3402 Εὑαγγελίου
722 3332 821 3399 τῆς
871 3330 1149 3402 ἀληθείας,
1207 3332 1299 3384 ἐπὶ
1341 3331 1442 3396 τὰς
1487 3332 1612 3404 ἑξῆς
1673 3331 1815 3386 κατὰ
1856 3329 1900 3384 τί

2015 3330 2267 3391 haereses,
2300 3328 2505 3391 divina,
2544 3343 2642 3398 pro
2673 3344 2738 3384 eo
2772 3344 2834 3384 ac
2877 3329 3048 3394 soleo,
3080 3328 3250 3384 fretus
3275 3344 3376 3399 ope
3403 3336 3591 3399 patro-

331 3425 523 3488 είωθδς
546 3424 705 3478 πάλιν
739 3423 1019 3494 προελθεῖν
1047 3424 1104 3476 ὲν
1118 3424 1185 3494 τῇ
1213 3422 1308 3476 τοῦ
1337 3424 1473 3477 Θεοῦ
1506 3425 1731 3495 δυνάμει
1759 3440 1919 3477 σπου⁴

328 3516 606 3586 δάσωμεν.
1598 3568 1613 3588 ⁸

422 3610 438 3640 ¹
471 3608 669 3678 Ephes.
695 3626 748 3673 ν,
779 3609 864 3663 14.
942 3612 962 3640 ⁸
1000 3609 1191 3666 Matth.
1225 3627 1394 3677 xxv",
1430 3611 1519 3666 52.

2012 3422 2266 3491 cinioque
2294 3419 2627 3492 progrediar.

341 3789 3566 3835 ΜΝ

652 3938 831 3990 ΊἌΔΕ
881 3933 1154 3988 ΕΝΕΣΤΙ
1192 3934 1319 3985 ΚΑΙ
1370 3931 1471 3983 ΕΝ
1520 3931 1605 3998 Ίᾩ
1645 3927 1854 3997 ΤΡΙΤῼ
1898 3926 2088 3994 ΤΟΜῼ
2140 3925 2355 3993 ΤΟΥΤῼ
2399 3924 2527 3976 ΤΟΥ
2559 3919 3271 3975 ΔΕΥἸῈΡΟΥΒΙΒΛΙΟΥ

1639 4079 1954 4150 ΤΕΤᾹΡἹᾨ
1988 4079 2069 4131 ΔΕ
2105 4077 2288 4143 ONTI,

505 4248 665 4303 Κατὰ
687 4246 800 4313 τὴν
823 4243 923 4298 ἀπ’
960 4240 1152 4310 ἀρχῆς
1181 4238 1298 4292 τῶν
1338 4240 1528 4305 τίτμων
1567 4234 1671 4288 τοῦ
1705 4232 1952 4302 ἀριθμοῦ
1981 4232 2381 4286 ἀκολουθίαν·
2414 4232 2483 4284 ἐν
2514 4224 2563 4297 ᾧ
2593 4228 2751 4284 εἰσιν
2774 4226 3035 4296 αἱρέσεις
3082 4221 3401 4280 δεκαοκτώ.

1946 4373 2015 4384 ..ι-

1324 4460 1489 4530 396
1535 4460 1913 4521 SYNOPSIS
1950 4457 2151 4522 TOMI
2192 4455 2274 4515 Ill
2311 4452 2524 4513 LIBRI
2556 4451 2634 4524 ll,

550 4596 675 4670 Qui
709 4595 774 4655 in
805 4602 1121 4654 tomorum
1157 4590 1338 4651 initio
1375 4589 1717 4651 constituta
1751 4587 1920 4649 serie
1950 4595 2215 4667 quartus
2244 4592 2362 4658 est,
2393 4583 2811 4659 continetque
2855 4578 3129 4642 hareses
3158 4578 3386 4641 XVIII.

414 4831 494 4884 Δΐ.
547 4826 942 4896 Ἐτκρατῖται,
972 4822 1019 4873 οἳ
1054 4819 1392 4889 ἀπόσπασμα
1446 4815 1770 4887 τυγχάνουσι
1819 4817 1899 4869 Ta

2095 4817 2135 4871 l.
2176 4813 2493 4876 Encratitaa,
2527 4807 2738 4863 Tatiani
2769 4804 3013 4876 qua‘dam
3037 4803 3180 4859 velut
3209 4800 3496 4873 appendix.
3526 4798 3593 4855 Hi

338 4918 549 4983 τιανοῦ,
589 4917 680 4970 τὸν
710 4915 887 4986 γάμον
916 4910 1298 4974 ἀποϐάλλουσι,
1329 4907 1422 4961 τοῦ
1450 4907 1664 4961 Σατανᾶ
1696 4906 1926 4975 φάσκον-

341 5030 437 5076 τες
467 4997 655 5065 τοῦτον
681 5003 839 5061 εἶναι.
887 5005 1075 5058 Πᾶσαν
1123 5002 1180 5054 δὲ
1220 4999 1652 5071 ἀπαγορεύουσιν
1693 4998 1924 5069 ἔμψυχο-

345 5102 570 5174 φαγίαν.

416 5195 493 5247 B'.
534 5186 1058 5261 Καταφρυγαστῶν
1081 5229 1097 5254 ,
1157 5185 1250 5238 καὶ
1307 5178 1737 5237 Μοντανιστῶν
1756 5220 1771 5245 ,
1832 5179 1924 5236 καὶ

352 5276 948 5348 Τασκονδρουγιτῶν,
1005 5277 1197 5339 οἵτινες
1232 5270 1472 5325 Παλαιὰν
1506 5270 1598 5323 καὶ
1632 5270 1775 5325 Νέαν
1801 5271 1925 5323 Δια-

346 5375 522 5447 θήκην
547 5372 795 5443 δέχονται
816 5386 829 5399 σ
856 5371 1073 5441 ἐτέρους
1104 5367 1159 5420 δὲ
1188 5365 1471 5438 προφήτας
1498 5361 1923 5447 παρεισφέρουσι

350 5446 491 5534 μετὰ
522 5462 648 5524 τοὺς
680 5459 979 5530 προφήτας,
1012 5455 1286 5510 Μοντάνον
1324 5449 1445 5504 τινὰ
1474 5446 1784 5519 αὐχοῦντες,
1833 5449 1925 5501 καὶ

348 5552 699 5626 Πρίσκιλλαν,
728 5551 824 5603 καὶ
853 5546 1209 5619 Μαξιμίλλαν.

417 5644 493 5697 Γ’.
533 5638 941 5701 Πεπουᾷανοί,
975 5641 1023 5692 οἱ
1053 5638 1146 5693 καὶ
1172 5632 1635 5696 Κυϊντιλλιανοί,
1673 5630 1753 5695 οἷς
1798 5648 1922 5686 συν-

348 5735 615 5792 ἅπτονται
631 5729 1020 5802 Ἀρτοτυρϊται.
1041 5728 1134 5779 Ἐκ
1156 5723 1358 5779 τούτων
1390 5722 1487 5792 μέν
1518 5724 1621 5775 εἰσι
1648 5720 1755 5775 τῶν
1782 5720 1925 5776 κατά

2022 4909 2242 4979 nuptias
2290 4904 2574 4966 damnant,
2620 4913 2758 4968 quas
2793 4895 3006 4951 Satanas
3037 4895 3302 4948 tribuunt.
3347 4893 3426 4947 Ab
3470 4892 3594 4948 anic

2024 5007 2297 5052 malorum
2345 4990 2589 5047 omnium
2620 5004 2721 5042 usu
2754 4983 3136 5041 abstinendum
3162 4998 3285 5038 esse
3326 4982 3590 5037 sentiunt.

2092 5168 2152 5222 ll.
2197 5167 2655 5237 Cataphrygastw,
2691 5158 3032 5215 Montaniana
3053 5164 3107 5212 et
3138 5155 3594 5227 Tascondrugitw,

2022 5261 2114 5332 qui
2152 5266 2443 5326 utrumque
2471 5255 2882 5310 Testamentum
2918 5249 3259 5320 approbant;
3300 5246 3393 5303 sed
3424 5261 3595 5302 novos

2021 5350 2315 5423 prophetas
2360 5346 2427 5400 ad
2478 5351 2728 5415 receptos
2768 5350 2824 5398 et
2871 5340 3126 5411 antiquos
3176 5337 3477 5408 adjiciunt;
3531 5353 3596 5391 ac

2022 5441 2335 5496 Montanum
2364 5434 2676 5506 quemdam,
2700 5441 2754 5489 et
2782 5431 3111 5495 Priscillam,
3149 5445 3212 5484 ac
3242 5428 3593 5484 Maximillam

2023 5531 2338 5604 praedicant.

2100 5624 2182 5679 111.
2224 5622 2535 5692 Pepuxiani,
2566 5619 2660 5692 qui
2693 5624 2753 5675 et
2786 5613 3131 5684 Quintilliani
3162 5612 3440 5672 dicuntur,
3473 5607 3597 5677 qui-

2028 5719 2131 5776 bus
2176 5715 2443 5773 accedunt
2492 5720 2548 5773 et
2582 5710 2919 5783 Artotyritte,
2966 5702 3338 5777 superioribus
3376 5697 3597 5769 quidem
