3866 6068
398 204 501 260 857

1799 202 1855 256 S.
1898 199 2239 254 EPIPHANII

3552 204 3660 260 8&3

397 326 526 387 iiiis,
550 324 655 379 hoc
676 331 759 379 est
785 322 1240 394 Cataphrygibus,
1263 321 1657 375 annumerandi
1685 329 1830 375 sunt.
1863 320 1948 375 Ser

2074 312 2322 390 Φρύγας·
2359 322 2517 391 ἕτερα
2553 321 2608 373 δὲ
2646 322 2771 393 παρ’
2811 321 3050 384 ἐκείνους
3086 320 3495 390 δογματίζουσι,
3549 324 3657 376 Πέ-

396 417 466 471 ab
509 417 578 472 iis
621 424 801 470 tamen
840 413 1052 468 diversa
1095 411 1355 467 nonnulla
1395 412 1660 467 sentiunt.
1693 413 1770 466 Ac
1794 410 1971 482 Pepu-

402 522 518 561 zam
544 506 821 562 desertum
846 504 1115 573 quoddam
1141 503 1399 573 oppidum
1423 502 1692 558 Galatiam
1725 503 1865 559 inter
1918 513 1971 557 et

397 596 796 667 Cappadociam
849 595 1012 650 silum
1059 594 1262 649 divinis
1319 594 1622 651 honoribus
1669 595 1966 659 extollunt,

394 708 622 763 eamque
663 691 1098 763 Hierosolymam
1131 706 1253 748 esse
1278 692 1486 748 dicunt.
1518 693 1838 750 Mulieribus
1883 709 1971 749 sa-

395 800 518 841 cros
549 784 901 855 magistratus
929 796 994 837 ac
1023 785 1330 838 sacerdotia
1360 784 1633 841 deferunt.
1660 785 1839 842 Certis
1869 787 1969 840 ini—

396 879 600 933 tiantur
623 874 922 947 mysteriis,
946 874 1146 944 quibus
1168 875 1452 944 puerulum
1483 875 1822 931 confodiunt.
1849 874 1970 930 Fin-

393 975 527 1039 gunt
554 966 784 1037 Pepuzze
810 965 1091 1020 Christum
1125 966 1255 1020 olim
1283 967 1557 1031 Quintillae
1589 967 1877 1023 videndum
1910 985 1967 1022 se

396 1054 696 1126 przebuisse
729 1054 981 1109 muliebri
1034 1056 1233 1124 specie.
1277 1054 1412 1109 Tam
1452 1054 1621 1111 Vetus
1656 1072 1819 1128 quam
1856 1056 1967 1113 No-

391 1162 518 1199 vum
553 1144 964 1199 Testamentum
995 1143 1273 1209 adhibent,
1307 1145 1378 1199 ita
1413 1154 1589 1201 tamen
1625 1155 1685 1202 ut
1709 1148 1966 1219 pleraque

394 1253 494 1308 pro
523 1236 690 1291 animi
727 1234 954 1289 libidine
981 1243 1337 1290 commutent.

466 1326 555 1382 IV.
600 1323 1190 1394 Tessarescwdecatitw,
1217 1328 1310 1395 qui
1335 1335 1478 1382 stato
1499 1329 1623 1383 anni
1645 1327 1732 1383 die
1760 1328 1965 1384 Pascha

394 1419 696 1476 celebrant.
730 1415 799 1470 Ut
827 1430 1210 1487 quamcunque
1236 1418 1289 1472 in
1328 1417 1468 1474 diem
1498 1435 1586 1473 xw
1614 1420 1755 1474 lunae
1780 1420 1964 1474 incur-

391 1511 547 1574 rerit,
579 1510 695 1566 sive
742 1508 1061 1573 Sabbatum,
1098 1508 1212 1564 sive
1243 1508 1521 1565 Dominica
1569 1511 1749 1575 fuerit,
1780 1526 1844 1567 ea
1876 1512 1963 1566 die

386 1602 652 1672 jejunent,
682 1614 745 1655 ac
773 1599 1054 1669 pervigilia
1088 1600 1381 1655 celebrent.

458 1775 524 1831 V.
587 1776 743 1848 Alogi
806 1792 834 1829 a
891 1776 1050 1830 nobis
1098 1778 1171 1830 ila
1224 1777 1524 1842 nominati,
1574 1779 1664 1848 qui
1734 1778 1961 1837 Joannis

390 1865 763 1938 Erangelium,
812 1882 874 1922 ac
914 1868 1106 1936 Λόγον,
1159 1869 1259 1922 hoc
1308 1878 1394 1923 est
1427 1867 1661 1924 Verbum
1710 1870 1880 1926 Deum
1931 1887 1960 1924 a

390 1955 549 2012 Patre
579 1971 795 2027 semper
816 1957 1079 2026 genitum,
1105 1957 1431 2025 cmlitusque
1451 1956 1613 2028 397
1638 1958 1958 2021 demissum,

387 2047 548 2117 cujus
575 2047 629 2101 in
677 2046 971 2117 Evangelii)
1016 2047 1108 2100 illo
1152 2047 1355 2101 mentio
1381 2050 1459 2112 lit,
1499 2048 1822 2118 repudiarit;
1859 2064 1961 2105 nec

382 2134 612 2192 Joannis
643 2136 911 2191 duntaxat
952 2135 1326 2206 Eyangelium,
1373 2138 1467 2192 sed
1512 2147 1567 2193 et
1595 2139 1960 2211 Apocalypsin:

383 2228 460 2298 rej
470 2228 657 2283 icium.
1608 2246 1615 2252 ι

453 2315 543 2369 Vl.
584 2315 873 2370 Adamiam'
905 2315 974 2370 ab
1015 2314 1224 2370 Adamo
1266 2316 1453 2372 nescio
1491 2333 1599 2388 quo
1639 2318 1849 2374 vivente
1874 2322 1961 2376 sic

384 2405 537 2469 dicti,
563 2405 855 2459 ridiculum
885 2405 1066 2474 potius
1083 2421 1244 2479 quam
1265 2407 1561 2463 verisimile
1610 2408 1806 2480 dogma
1831 2426 1959 2481 pro-

385 2495 627 2552 ﬁtentur.
651 2494 790 2549 Nudi
813 2496 1035 2566 quippe,
1059 2500 1248 2567 quales
1271 2512 1337 2551 ex
1364 2508 1518 2553 utero
1536 2502 1727 2556 matris
1749 2502 1957 2572 egressi

381 2597 532 2656 sunt,
577 2589 680 2645 viri
714 2587 937 2659 perinde
980 2602 1044 2641 ac
1097 2587 1354 2642 mulieres
1405 2591 1755 2657 conveniunt,
1796 2604 1958 2662 atque

381 2683 457 2737 ita
504 2680 853 2742 lectionibus,
903 2678 1247 2733 orationibus
1308 2694 1372 2733 ac
1420 2681 1634 2736 caeteris
1678 2682 1956 2752 religionis

379 2772 571 2827 ciliciis
630 2771 962 2841 funguntur;
1026 2776 1080 2823 et
1136 2770 1387 2824 videlicet
1440 2756 1834 2827 monachorum
1890 2788 1955 2829 ac

379 2863 778 2917 continentium
824 2860 1075 2914 instituta
1116 2867 1414 2927 sectantur,
1456 2865 1784 2935 nuptiasque
1821 2881 1953 2921 con-

378 2952 659 3007 demnant.
689 2948 989 3005 Ecclesiam
1024 2961 1155 3002 vero
1178 2963 1331 3003 suam
1374 2952 1688 3022 paradisum
1736 2969 1948 3010 nuncu-
1977 2997 2021 3058 Ο

449 3049 528 3095 nt.

449 3056 528 3095 nt.

376 3056 558 3186 paVII.
601 3131 862 3201 Sampswi
891 3131 1007 3187 sive
1038 3131 1256 3188 Elceswi
1298 3133 1365 3187 ad
1403 3132 1543 3189 hanc
1573 3134 1712 3189 diem
1740 3135 1794 3189 in
1818 3136 1949 3189 Ara-

374 3224 462 3280 bia
491 3224 717 3295 degunt,
762 3239 927 3294 supra
964 3224 1235 3280 Mortuum
1275 3240 1445 3288 mare,
1488 3225 1631 3280 Elxre
1659 3226 1946 3295 cujusdam

373 3316 860 3388 pseudOprophelae
909 3315 1188 3387 discipuli.
1236 3316 1279 3369 E
1308 3317 1468 3385 cujus
1505 3317 1673 3388 stirpe
1703 3317 1947 3375 Mar-thus

371 3417 427 3464 et
458 3407 750 3471 Marthina,
784 3407 999 3462 feminae
1036 3407 1157 3462 dua:
1184 3416 1340 3462 aetate
1376 3417 1563 3462 nostra
1592 3407 1960 3478 prodierunt;-

372 3513 513 3569 quas
568 3497 795 3552 dearum
845 3497 1021 3552 instar
1074 3498 1299 3553 ha:resis
1352 3499 1456 3553 ista
1503 3500 1692 3555 coluit.
1744 3500 1942 3556 Eadem

373 3607 537 3665 porro
565 3606 688 3645 cum
715 3589 985 3647 Ebionaeis
1016 3591 1240 3647 omnino
1268 3592 1533 3671 sentiunt.

444 3765 577 3820 Vlll.
624 3763 970 3820 Theodotiam‘
997 3778 1026 3817 a
1055 3763 1338 3819 Theodoto
1366 3763 1614 3820 Coriario
1644 3766 1941 3837 Byzantino

369 3859 521 3914 dicti.
554 3858 660 3924 Qui
696 3856 901 3912 Grazcis
942 3856 1154 3913 artibus
1186 3858 1443 3927 adprime
1488 3858 1590 3913 fuit
1629 3860 1937 3913 institutus.

371 3949 471 4005 llic
501 3966 627 4005 cum
667 3938 791 4003 aliis
827 3948 1157 4020 quihusdam
1186 3949 1241 4003 in
1270 3964 1334 4004 ea
1365 3965 1486 4020 quae
1516 3958 1630 4005 tum
1664 3953 1936 4019 sanriebat,

367 4040 753 4113 persecutione
783 4040 1238 4110 comprehensus,
1272 4054 1394 4093 cum
1425 4041 1559 4095 socii
1595 4042 1715 4110 ejus
1749 4057 1939 4097 omnes

366 4128 1014 4200 martyrium-obiissent,
1056 4129 1211 4184 solus
1257 4128 1417 4183 {idem
1449 4129 1701 4197 ejuravit.
1736 4129 1819 4186 Ob
1850 4132 1935 4185 id-

2076 408 2280 474 πουζάν
2314 427 2433 462 τινα
2484 410 2637 464 πόλιν
2670 411 2874 481 ἔρημον
2902 409 3006 463 ἀνὰ
3061 409 3227 480 μέσον
3257 410 3533 475 Γαλατίας
3563 415 3657 468 καὶ

2073 499 2467 563 Καππαδοκίας
2511 499 2912 565 ἐκθειάζοντες,
2965 503 3059 555 καὶ
3106 502 3169 572 δὴ
3212 503 3417 575 ταύτην
3456 505 3655 577 Ἰερου-

2075 588 2255 660 σαλὴμ
2289 588 2579 659 ἡγούμενοι
2605 606 2616 619 ·
2652 589 2865 659 γυναιξὶ
2909 591 2968 643 δὲ
3006 590 3348 657 ἀποδιδόντες
3375 593 3439 646 τὸ
3465 592 3655 666 ἄρχειν

2071 697 2129 732 τε
2173 680 2268 733 καὶ
2309 680 2625 750 ἱερατεύειν.
2667 681 2942 735 Μυοῦνται
2984 682 3209 748 δὲ,τινὰ
3270 682 3439 737 παῖδα
3488 701 3651 738 κατα-

2072 770 2384 835 κεντοῦντες
2444 771 2581 824 νέον.
2639 771 2751 825 Καὶ
2813 770 2877 842 δὴ
2929 774 2995 842 τῇ
3060 771 3357 844 Κυϊντίλλῃ
3413 770 3651 843 Χριστὸν

2070 864 2246 917 ἐκεῖσε
2281 865 2337 916 ἐν
2382 863 2636 937 Πεπούζῃ
2685 864 3132 933 άποκεκαλύφθαι
3173 864 3230 916 έν
3279 864 3393 934 ἰδέᾳ
3432 864 3649 933 θηλείας

2073 953 2510 1024 μυθοποιοῦνται.
2558 956 2865 1027 Κέχρηνται
2912 955 2967 1008 δέ
3010 955 3270 1018 ὡσαύτως
3311 955 3528 1026 Παλαιᾷ
3557 958 3647 1008 καὶ

2070 1049 2245 1118 Καινῇ
2275 1048 2537 1121 Διαθήκῃ,
2578 1048 2721 1103 κατὰ
2754 1048 2845 1101 τὸν
2888 1047 3010 1101 νοῦν
3038 1048 3129 1102 τὸν
3163 1048 3292 1102 ἴδιον
3323 1048 3647 1118 μεταποιού-

2072 1155 2241 1209 μενοι.

2137 1317 2210 1369 Δ’.
2259 1313 2992 1385 Τεσσαρεσκαιδεκατῖται,
3035 1314 3086 1366 οἱ
3132 1313 3258 1384 μίαν
3289 1313 3509 1385 ἡμέραν
3552 1313 3639 1367 τοῦ

2067 1406 2218 1470 ἔτους
2254 1406 2316 1459 τὸ
2365 1405 2559 1477 Πάσχα
2593 1405 2957 1468 ἐκτελοῦντες.
3023 1403 3110 1456 Ἑν
3154 1403 3315 1473 ὁποίᾳ
3362 1403 3409 1455 δ’
3462 1403 3642 1474 ἡμέρᾳ

2065 1496 2281 1569 ἐμπέσῃ
2320 1499 2353 1567 ἡ
2390 1496 2487 1566 τῆς
2534 1495 2760 1567 σελήνης
2793 1494 3384 1566 τεσσαρεσκαιδεκάτη,
3437 1496 3557 1565 ἦτοι
3585 1496 3640 1547 ἐν

2066 1587 2330 1659 Σαϐϐάτῳ
2381 1589 2500 1658 ἦτοι
2552 1589 2610 1641 ἐν
2641 1589 2918 1659 κυριακῇ,
2951 1587 3166 1658 ἐκείνην
3196 1603 3256 1640 τε
3291 1586 3637 1658 νηστεύοντες

1993 1667 2033 1720 Β
2068 1679 2159 1731 καὶ
2189 1678 2589 1747 ἀγρυπνοῦντες
2614 1678 2978 1749 ἑορτάζουσιν.

2134 1769 2207 1821 E'.
2254 1770 2491 1838 Ἀλογοι
2540 1769 2632 1837 ἀφ’
2663 1769 2822 1840 ἡμῶν
2870 1767 3177 1840 κληθέντες,
3211 1770 3261 1821 οί
3301 1768 3363 1822 τὺ
3396 1771 3637 1840 Εὐαγγέ-

2061 1859 2174 1912 λιον
2233 1860 2477 1913 Ἰωάννου
2527 1860 2621 1913 καὶ
2666 1860 2757 1913 τὸν
2789 1861 2847 1912 ἐν
2884 1858 3031 1929 αύτῷ
3061 1859 3266 1915 ἄνωθεν
3289 1861 3399 1914 ἀπὸ
3429 1863 3637 1933 Πατρὸς

2061 1953 2146 2004 ἀεὶ
2180 1950 2309 2005 Θεὸν
2339 1950 2513 2019 Λόγον
2542 1950 3036 2021 παρεκϐάλλοντες,
3066 1950 3125 2004 τὺ
3147 1951 3483 2020 Εὐαγγέλιωο
3511 1952 3637 2008 αὐτὸ

2060 2042 2124 2113 δὴ
2167 2043 2227 2095 τὸ
2256 2041 2397 2095 κατὰ
2435 2043 2688 2112 Ἰωάννην
2721 2043 2796 2113 μὴ
2831 2041 3128 2113 δεχόμενοι,
3162 2044 3300 2114 μήτε
3333 2044 3435 2115 τὴν
3475 2045 3636 2099 αὑτοῦ

2074 2131 2462 2202 Ἀποκάλυψιν.

2132 2318 2222 2382 ς’.
2265 2316 2591 2385 Ἀδαμιανοὶ
2622 2317 2728 2371 ἀπό
2753 2334 2895 2380 τινος
2934 2318 3102 2389 ’Λδὰμ
3140 2318 3341 2385 ζῶντος
3369 2321 3632 2395 καλούμε-

2059 2423 2159 2470 νοι,
2216 2406 2413 2478 χλεύης
2456 2407 2490 2478 ἢ
2529 2407 2782 2478 ἀληθείας
2832 2408 3029 2479 μᾶλλον
3077 2410 3139 2463 τὸ
3181 2410 3359 2481 δόγμα
3400 2414 3628 2484 ἔχοντες.

2058 2497 2259 2567 Γυμνοὶ
2286 2498 2413 2569 γάρ,
2444 2498 2517 2562 ὡς
2548 2501 2609 2551 ἐκ
2645 2499 2868 2570 μητρὸς,
2922 2500 3113 2570 ἄνδρες
3146 2519 3206 2554 τε
3246 2505 3342 2557 καὶ
3379 2509 3630 2573 γυναῖκες

2058 2588 2151 2640 ἐπὶ
2184 2588 2245 2641 τὸ
2287 2589 2419 2641 αὐτὸ
2452 2590 2793 2657 συνάγονται,
2818 2592 2910 2644 καὶ
2939 2591 3113 2656 οὕτως
3138 2592 3235 2656 τὰς
3274 2594 3629 2665 ἀναγνώσεις,

2059 2680 2152 2733 καὶ
2188 2680 2371 2750 εὐχάς,
2408 2681 2499 2734 καὶ
2534 2683 2639 2735 πᾶν
2680 2681 2857 2734 ὁτιοῦν
2895 2682 3228 2736 ἐπιτελοῦσι·
3270 2684 3436 2754 δῆθεν
3470 2688 3631 2757 μονά-

2057 2763 2240 2828 ζοντές
2271 2783 2330 2818 τε
2375 2769 2468 2820 καὶ
2509 2769 2961 2840 ἐγκρατευόμενοι
2993 2771 3164 2839 δντες,
3218 2774 3311 2826 καὶ
3343 2776 3523 2845 γάμον
3555 2778 3628 2848 μὴ

2056 2856 2354 2926 δεχόμενοι,
2411 2861 2459 2912 οἱ
2521 2861 2618 2931 τὴν
2679 2861 2855 2914 αὐτῶν
2923 2862 3243 2934 Ἐκκλησίαν
3306 2868 3629 2937 παράδεισον

2054 2946 2190 3017 ήγού
2196 2965 2368 3018 μενοι.

2120 3130 2193 3180 Z'.
2226 3126 2541 3197 Σαμψαῖοι,
2577 3128 2627 3181 οἱ
2669 3128 2761 3181 καὶ
2802 3129 3148 3196 Ἐλκεσαῖοι,
3193 3132 3274 3187 ἔτι
3319 3134 3481 3207 δεῦρο
3527 3137 3622 3207 τὴν

2062 3218 2321 3288 Ἀραϐίαν
2355 3218 2445 3289 (οἱ)
2472 3219 2869 3286 κατοικοῦντες,
2895 3221 3239 3296 καθύπερθεν
3274 3229 3372 3297 τῆς
3406 3229 3621 3298 Νεκράς

2049 3308 2325 3379 Θαλάσσης
2374 3310 2634 3381 κειμένην
2674 3310 2893 3382 χώραν’
2940 3315 3133 3379 οἵτινες
3169 3317 3278 3369 ἀπὸ
3323 3304 3420 3372 τοῦ
3462 3320 3619 3385 Ἦλξά

2046 3415 2190 3461 τινος
2214 3397 2657 3470 ψευδοπροφήτου
2680 3400 3018 3471 ἠπατημένοι
3036 3420 3049 3433 ·
3079 3396 3138 3457 οὗ
3164 3404 3244 3456 ἔτι
3265 3404 3428 3477 δεῦρο
3447 3409 3511 3461 ὲκ
3528 3408 3619 3461 τοῦ

2045 3488 2233 3558 γένους
2260 3487 2483 3559 ὡρμᾶτο
2510 3489 2769 3561 Μαρθοῦς
2798 3491 2893 3543 καὶ
2924 3492 3195 3565 Μαρθίνη,
3225 3499 3485 3563 γυναῖκες
3508 3497 3616 3556 δύο.

2045 3579 2515 3650 προσκυνούμεναι
2556 3579 2658 3632 ὑπὸ
2678 3580 2777 3650 τῆς
2810 3580 3098 3653 αἱρέσεως,
3140 3585 3215 3648 ὡς
3253 3585 3407 3641 θεαί’
3443 3606 3618 3660 παρα-

2048 3672 2291 3742 πλησίως
2321 3672 2429 3726 τῶν
2468 3674 2793 3731 Ἐϐιωναίων
2821 3677 2888 3732 τὰ
2921 3678 3097 3732 πάντα
3124 3678 3361 3748 ἔχοντες.

2114 3765 2194 3817 Η’.
2228 3763 2618 3830 Θεοδοτιανοὶ,
2643 3768 2692 3821 oi
2714 3768 2821 3820 άπὸ
2836 3768 2929 3823 τοῦ
2947 3769 3201 3823 Θεοδότου
3222 3771 3493 3837 Σκυτέως,
3526 3770 3613 3826 τοῦ

2044 3851 2151 3904 ἀπὸ
2176 3850 2491 3915 Βυζαντίου.
2530 3848 2698 3918 Οὗτος
2728 3858 2784 3909 ἐν
2817 3857 3035 3929 παιδείᾳ
3081 3857 3366 3931 Ἐλληνικῇ
3398 3862 3615 3929 γέγονεν

2043 3944 2229 4015 ἄκρος.
2260 3944 2410 4014 ’Ἅμα
2440 3944 2497 3997 δὲ
2523 3944 2703 4009 ἄλλοις
2735 3948 2877 4000 τισὶν
2895 3949 2952 4001 ἐν
2984 3949 3223 4020 ἡμέραις
3250 3949 3345 4003 τοῦ
3375 3952 3495 4004 τότε
3521 3969 3614 4021 γε·-

2040 4035 2264 4104 νομένου
2296 4035 2536 4107 διωγμοῦ
2578 4037 2735 4107 μόνος
2770 4038 3043 4104 ἐκπεσὼν,
3078 4040 3303 4094 ἐκείνων
3333 4060 3608 4115 μαρτυρη-

2041 4127 2268 4190 σάντων,
2303 4127 2390 4180 διὰ
2419 4127 2478 4180 τὸ
2499 4127 2870 4203 ὀνειδίζεσθαι,
2896 4133 3194 4204 ἐπινοήσας
3219 4134 3375 4204 ψιλὸν
3405 4135 3607 4208 ἄνθρω-

364 4237 471 4291 que
509 4221 729 4291 probris
763 4221 1056 4290 appetitus,
1098 4220 1150 4275 id
1184 4220 1534 4290 excogitavit,
1570 4228 1627 4274 ut
1650 4222 1930 4276 Christum

2065 4233 2138 4268 τον
2168 4215 2343 4283 λέγειν
2369 4217 2459 4269 τὸν
2485 4219 2735 4289 Χριστὸν,
2773 4222 2858 4274 ἵνα
2883 4223 2956 4291 μὴ
2989 4223 3092 4275 ύπδ
3113 4222 3366 4295 ἔγκλημα
3390 4226 3606 4297 γένηται

365 4314 574 4368 nudum
619 4327 741 4366 esse
786 4313 1059 4366 hominem
1110 4320 1401 4376 assereret,
1452 4329 1521 4368 ne
1568 4313 1785 4367 crimini
1831 4314 1933 4368 sibi

2065 4305 2173 4357 Debv
2203 4306 2593 4377 ἀρνησάμενος.
2629 4307 2801 4371 οὕτως
2826 4307 3083 4375 ἐδίδαξεν.

312 4462 321 4466 _
366 4403 514 4459 istud
542 4409 860 4461 verteretur,
897 4401 1044 4471 quod
1068 4403 1188 4472 ejus
1222 4403 1557 4459 divinitatem
1589 4414 1863 4477 negasset.

433 4492 525 4550 ix.
569 4492 1029 4549 Melchisedeciani
1070 4493 1518 4550 Melchisedecurn
1568 4497 1640 4549 ita
1675 4513 1937 4553 veneran-

361 4594 473 4647 tur,
512 4592 570 4638 ut
601 4584 855 4636 virtutem
893 4600 1022 4639 esse
1059 4583 1347 4653 quamdam
1383 4583 1654 4652 jactitent,
1684 4601 1793 4639 non
1832 4585 1936 4640 ho-

358 4676 559 4731 minem
593 4676 861 4730 duntaxat
891 4694 905 4730 :
935 4683 989 4730 et
1025 4675 1078 4729 in
1118 4675 1237 4744 ejus
1264 4677 1482 4730 nomine
1522 4674 1703 4731 facere
1752 4691 1815 4730 ac
1854 4677 1928 4731 di-

336 4756 481 4822 'cere
510 4766 693 4821 omnia
720 4781 1062 4837 nequaquam
1094 4765 1366 4820 dubitant.

425 4856 494 4911 Χ.
535 4856 971 4914 Bardesianistw.
1016 4856 1375 4911 Bardesianns
1418 4859 1520 4912 iste
1552 4873 1581 4911 e
1621 4856 1927 4927 Mesopota-

354 4946 463 5000 mia
497 4948 768 5003 oriundus
799 4949 1069 5003 sinceram
1097 4948 1254 5001 lidem
1291 4948 1446 5001 initio
1477 4951 1791 5017 complexus
1816 4959 1922 5011 est,

351 5052 417 5090 ac
449 5040 715 5108 sapientia
745 5040 1018 5108 prazstitit.
1065 5037 1171 5094 Sed
1200 5053 1229 5091 a
1276 5039 1501 5093 veritate
1538 5048 1723 5109 postea
1770 5057 1923 5095 rece-

351 5125 487 5181 dens
521 5129 712 5183 cadem
750 5144 879 5183 cum
922 5128 1210 5184 Valentino
1251 5129 1462 5194 docuit,
1508 5144 1706 5199 praner
1747 5147 1917 5201 pauca

349 5216 621 5284 quaedam,
653 5218 709 5273 in
743 5220 942 5289 quibus
964 5220 1032 5274 ab
1057 5220 1148 5275 illo
1174 5219 1471 5289 discrepat.

420 5386 506 5442 XI.
555 5386 828 5444 Noetiani.
881 5390 1085 5446 Noctus
1130 5394 1216 5447 hic
1277 5394 1627 5465 Smyruensis
1680 5412 1744 5451 ex
1787 5399 1912 5452 Asia

347 5475 467 5535 init.
499 5479 602 5547 Qui
639 5482 692 5534 in
725 5481 892 5536 altum
937 5484 1183 5539 sublatus
1232 5500 1356 5539 cum
1401 5486 1521 5539 aliis
1560 5488 1909 5561 quibusdam,
1947 5527 1955 5535 .

455 5599 470 5629 ¹
509 5598 566 5657 F.
604 5602 834 5674 ἅρματι.

2104 4502 2182 4557 Θ’.
2228 4504 2776 4571 Μελχισεδεκιανο),
2816 4508 2864 4559 οἱ
2915 4507 3006 4562 τὸν
3054 4508 3386 4582 Μελχισεδὲκ
3429 4516 3604 4587 γεραί-

2037 4611 2241 4667 ροντες,
2292 4594 2412 4647 τινά
2445 4595 2675 4668 δύναμιν
2705 4598 2865 4651 αὐτὸν
2908 4600 3245 4667 φάσκοντεςτ
3279 4606 3376 4658 καὶ
3418 4606 3491 4676 μὴ
3515 4607 3603 4660 ἂν·

2036 4683 2249 4755 θρωπον
2268 4682 2440 4752 ψιλὸν,
2468 4686 2561 4738 καὶ
2584 4688 2663 4748 είς
2687 4686 2748 4739 τὸ
2768 4685 2955 4741 τούτου
2984 4688 3156 4761 ὄνομα
3186 4693 3364 4747 πάντα
3387 4695 3600 4763 ἀνάγειν

2037 4777 2129 4826 καὶ
2159 4773 2337 4841 λέγειν
2362 4774 2772 4846 τετολμηκότες.

2106 4866 2159 4916 l'.
2213 4863 2736 4931 Βαρδησιανισταί.
2790 4868 3155 4940 Βαρδησιανδς
3197 4869 3354 4939 οὗτος
3402 4879 3465 4929 ἐκ
3510 4877 3601 4945 τῆς

2032 4953 2454 5025 Μεσοποταμίας
2480 4956 2726 5027 ὡρμᾶτο,
2753 4959 2820 5012 τὰ
2848 4960 3038 5031 πρῶτα
3082 4963 3178 5033 μὲν
3211 4966 3312 5034 τῆς
3353 4967 3599 5037 ἀληθινῆς

2032 5045 2264 5108 πίστεως
2289 5046 2569 5118 ὑπάρχων,
2592 5048 2682 5101 καὶ
2709 5050 2765 5101 ἐν
2788 5051 2947 5122 σοφίᾳ.
2972 5052 3291 5123 διαπρέπων
3308 5073 3323 5085 δ
3355 5059 3599 5121 ἐκκλίνας

2026 5132 2081 5185 δὲ
2113 5134 2210 5204 τῆς
2255 5134 2531 5205 ἀληθείας,
2564 5137 2955 5209 παραπλησίως
2994 5140 3333 5216 Ούαλεντίνῳ
3371 5148 3595 5218 ἐδογμά-

2026 5240 2162 5285 τισε,
2186 5226 2353 5298 χωρὶς
2391 5226 2547 5281 ἐνίων
2588 5227 2804 5295 ὀλίγων,
2833 5222 2909 5283 ὧν
2941 5230 3259 5304 διαφέρεται
3301 5239 3437 5311 πρδς
3460 5241 3592 5292 Ozia-

2026 5313 2277 5368 λεντῖνον.

2094 5408 2551 5475 1Α’.’Νοητ‹ανοί.
2585 5410 2788 5480 Νοητδς
2804 5406 2957 5477 οὗτος
2984 5415 3089 5468 ἀπὸ
3107 5417 3365 5490 Σμύρνης
3387 5422 3587 5493 ὑπῆρχε

2021 5496 2119 5565 τῆς
2154 5496 2353 5559 Ἀσίας.
2395 5498 2480 5549 Ἐν
2500 5497 2734 5569 ἃρματι¹
2768 5498 2825 5551 δέ
2849 5500 3084 5572 ἐνεχθεὶς
3114 5505 3212 5557 σὺν
3234 5506 3415 5573 ἄλλοις
3438 5511 3588 5576 τισὶν,
