3866 6068
355 188 452 249 851

1773 191 1832 251 S.
1871 190 2213 250 EPIPHANII

3516 190 3621 247 85?.

353 303 589 361 consilio
636 303 864 363 forsitan
905 307 1135 361 inditum
1189 315 1293 371 est,
1329 308 1476 377 quod
1507 309 1630 364 talis
1675 323 1739 364 ac
1779 310 1915 363 tanti

2040 309 2147 380 γὰρ
2174 307 2312 361 κατὰ
2334 307 2466 360 Θεοῦ
2484 308 2806 378 ,οἰκονομίαν
2833 321 2847 336 ·
2888 306 2981 361 καὶ
3004 306 3175 371 οὕτως
3195 307 3230 377 ή
3258 311 3466 379 πατρὶς
3489 308 3615 361 τοῦ‹

352 396 562 451 erroris
587 396 856 465 pravitate
883 397 1029 452 illius
1062 397 1253 452 incolae
1283 398 1688 468 quodammodo
1716 398 1924 452 conﬂa-

353 485 650 555 graveriut.
706 483 804 540 Est
856 485 999 539 enim
1051 485 1349 540 haeresibus
1404 486 1647 555 adprime
1701 485 1922 542 referta.

354 574 620 630 Praeterea
663 591 791 629 vero
833 576 887 628 in
929 576 1073 631 Asiae
1125 577 1444 646 provinciis,
1504 585 1557 632 et
1604 578 1658 631 in
1692 577 1923 642 Isauria,

346 666 691 737 Pamphylia,
741 666 950 730 Cilicia,
1006 666 1239 735 Galatia,
1295 668 1591 723 Encratita:
1644 670 1924 740 propagati

352 765 516 823 sunt;
548 758 655 811 imo
683 764 737 812 et
782 756 836 811 in
874 757 1122 813 Romano
1148 768 1345 824 tractu,
1390 768 1444 815 et
1480 761 1825 816 Antiocbeno
1870 761 1926 815 in

354 848 535 921 Syria,
571 850 699 904 licet
728 866 836 906 non
871 851 1074 925 ubique
1106 853 1430 925 pervaserit.

420 1110 586 1187 m
615 1110 890 1182 Principia
938 1114 1103 1167 etiam
1151 1113 1228 1165 illi
1261 1113 1414 1182 plura
1462 1113 1826 1175 constituunt,
1873 1121 1928 1167 et

351 1204 496 1260 inter
524 1220 589 1260 ea
617 1205 897 1259 diabolum
931 1206 1193 1267 referunt.
1226 1222 1386 1275 quem
1422 1204 1512 1259 Dei
1537 1205 1797 1275 operibus
1828 1204 1928 1258 adv

352 1298 582 1361 versari,
618 1313 718 1353 nec
752 1296 827 1350 illi
867 1314 989 1353 esse
1033 1298 1312 1352 subditum
1354 1298 1565 1363 volunt,
1601 1297 1696 1352 sed
1733 1296 1928 1369 praeci-

353 1402 458 1456 pua
481 1386 719 1457 quadam
759 1395 1025 1456 potestate
1055 1389 1339 1457 praeditum
1384 1402 1544 1459 agere
1584 1403 1707 1458 quae
1751 1388 1928 1442 libue-

353 1474 448 1538 rit,
479 1490 587 1529 non
620 1476 826 1532 malitia
864 1477 1241 1545 depravatum.
1281 1477 1418 1532 Cum
1451 1476 1696 1533 Ecclesia
1727 1478 1930 1548 quippe

355 1566 581 1622 minime
630 1568 1004 1634 consentiunt,
1043 1569 1137 1624 sed
1183 1584 1213 1623 a
1247 1570 1495 1624 veritatis
1521 1570 1772 1624 doctrina
1808 1570 1929 1623 lon-

2027 416 2164 469 νομα
2194 399 2381 470 εἴληφε
2410 399 2687 451 καλεῖσθαι
2716 400 2774 452 ὲν
2805 398 2885 469 τῷ
2908 400 3114 470 κόσμῳ,
3135 400 3225 453 διὰ
3240 399 3299 453 τὸ
3312 401 3613 455 κεκαῦσθαι

2025 491 2151 555 τοὺς
2190 492 2480 560 οἰκήτορας
2522 489 2629 542 ἀπὸ
2667 490 2768 559 τῆς
2813 488 3144 562 διαστροφῆς
3224 493 3324 561 τῆς
3362 492 3613 563 τοιαύτης

2027 583 2120 636 καὶ
2142 582 2410 653 τοσαύτης
2436 582 2662 653 πλάνης.
2695 582 2894 636 Πολλαλ.
2924 584 3032 654 γάρ
3060 584 3301 654 αἱρέσεις
3323 587 3382 638 ἐν
3406 586 3486 656 τῷ
3511 604 3613 655 χω-

2031 672 2149 744 ρίῳ.
2203 674 2322 727 Εἰσὶ
2362 674 2419 726 δὲ
2464 674 2557 727 καὶ
2599 675 2655 726 ὲν
2698 675 2888 745 μέρεσι
2929 674 3029 744 τῆς
3076 676 3285 739 Ἄσίας,
3328 678 3427 730 καὶ
3469 679 3527 730 ὲν
3548 682 3612 748 τῇ

2041 764 2316 836 Ἰσαύρων,
2365 765 2456 817 καὶ
2483 764 2815 835 Παμφύλων,
2869 766 2962 818 καὶ
3007 765 3246 819 Κιλίκων
3289 770 3389 839 γῇ,
3422 770 3517 822 καὶ
3556 772 3613 822 ἐν

2026 856 2293 928 Γαλατίᾳο
2339 857 2438 928 ἤδη
2486 856 2542 909 δὲ
2579 858 2672 909 καὶ
2714 856 2804 908 ἐπὶ
2834 857 2895 908 τὸ
2932 858 3038 910 τῶν
3082 859 3371 929 Ῥωμαίων
3408 860 3606 931 μέρος·

2029 949 2161 1002 ἀλλὰ
2212 950 2305 1001 καὶ
2349 950 2441 1001 ἐπὶ
2480 949 2580 1019 τῆς
2619 949 2725 1002 τῶν
2766 948 3076 1019 Ἀντιοχέων
3120 950 3218 1020 τῆς
3258 952 3479 1023 Συρίας,
3540 955 3609 1007 Οὐ

2029 1038 2191 1095 παντὶ
2217 1040 2235 1070 "
2275 1040 2331 1093 δὲ
2366 1041 2648 1110 ἡτοιαύτη
2681 1040 2915 1112 αἵρεσις.

2096 1132 2367 1185 Φάσκουσι
2400 1132 2456 1185 δὲ
2496 1134 2590 1186 καὶ
2641 1125 2786 1186 οὗτοι
2822 1133 2997 1202 ἀρχάς
3032 1149 3182 1196 τινας
3225 1128 3386 1197 εἶναι,
3439 1135 3610 1203 τῆντε

2027 1223 2123 1276 τοῦ
2170 1223 2418 1277 διαϐόλου
2471 1225 2856 1295 ἀντικειμένην
2886 1225 3021 1295 πρὸς
3062 1224 3133 1277 τὰ
3164 1224 3257 1277 τοῦ
3286 1225 3423 1278 Θεοῦ
3466 1228 3612 1297 ποιὴ-

2032 1332 2192 1385 ματα,
2243 1315 2337 1371 καὶ
2378 1315 2453 1387 μὴ
2505 1316 2960 1387 ὑποτασσομένην
2996 1317 3144 1387 Θεῷο
3186 1317 3323 1370 ἀλλὰ
3362 1317 3608 1387 ἰσχύοντα

2030 1407 2122 1459 καὶ
2147 1406 2471 1477 πράττοντα,
2513 1406 2588 1471 ὡς
2619 1407 2760 1461 κατὰ
2805 1408 2941 1461 ίδίαν
2985 1408 3252 1475 ἐξουσίαν,
3285 1411 3378 1464 καὶ
3405 1411 3504 1480 οὐχ
3535 1411 3606 1474 ὡς

2031 1500 2088 1551 ὲν
2113 1501 2471 1571 παρεκτροπῇ
2498 1499 2806 1570 γενόμενον.
2840 1500 2915 1553 Οὐ
2948 1498 3056 1571 γὰρ
3081 1500 3221 1553 κατὰ
3243 1501 3343 1570 τὴν
3383 1500 3607 1570 Ἐκκλη-

2033 1589 2153 1641 σίαν
2185 1589 2453 1658 λέγουσιν,
2487 1590 2622 1644 ἀλλὰ
2647 1591 2821 1652 άλλως
2846 1591 2998 1658 παρὰ
3022 1591 3083 1643 τὸ
3108 1592 3207 1657 τῆς
3231 1591 3493 1666 ἀληθείας
3515 1606 3603 1661 κη-

353 1658 474 1725 gius
506 1657 784 1712 aberrant.
826 1657 971 1714 Inter
1019 1661 1309 1730 pritnarias
1362 1659 1677 1730 Scripturas
1729 1662 1928 1716 habent

2038 1697 2220 1751 ρυγμα
2259 1654 2269 1658 Ψ
2294 1681 2619 1751 Κέχρηνταιί
2630 1681 2686 1734 δὲ
2714 1654 2953 1752 Γραφαῐς
2988 1654 3357 1751 πρωτοτύπως
3383 1654 3505 1745 ταῖς
3523 1654 3601 1734 λέ.

354 1745 583 1803 Andre-.e
607 1762 671 1802 ac
690 1748 918 1807 Joannis
969 1751 1102 1806 Acta
1123 1791 1138 1815 ,
1201 1766 1415 1807 necnon
1442 1750 1684 1817 Thomas,
1714 1763 1766 1805 et
1795 1769 1928 1821 apo—

353 1839 590 1908 cryplios
636 1841 793 1895 alios.
845 1840 886 1893 E
922 1840 1111 1898 Vetere
1159 1841 1511 1898 Testamento
1544 1858 1665 1913 qua:
1710 1845 1928 1897 libuerit

352 1929 582 1999 eligunt.
626 1928 953 2001 Nuptiarum
1002 1941 1279 1997 auctorem
1327 1933 1606 1989 diabolum
1640 1934 1928 1990 manifeste

353 2022 712 2081 constituunt.
744 2023 1014 2081 Animatis
1044 2025 1190 2080 vesci
1224 2026 1537 2094 prohibent,
1571 2042 1677 2081 non
1715 2035 1927 2096 tempe-

353 2114 547 2169 rantiae
585 2115 786 2178 studio,
837 2131 1014 2184 neque
1044 2118 1307 2186 peculiari
1364 2133 1432 2173 ex
1494 2118 1748 2173 instituto
1785 2118 1926 2182 vitm,

351 2205 449 2263 sed
478 2205 616 2260 falso
643 2206 880 2277 quodam
912 2216 966 2261 et
999 2206 1249 2262 aﬂectato
1287 2219 1459 2276 metu,
1501 2225 1569 2264 ne
1615 2211 1686 2264 ob
1717 2211 1929 2267 anima-

350 2305 532 2352 torum
599 2314 757 2354 usum
816 2300 918 2356 sibi
974 2300 1079 2370 ipsi
1147 2301 1556 2357 damnationem
1621 2310 1926 2358 arcessant.

349 2388 561 2457 Aquam
628 2386 698 2447 ad
755 2388 1014 2460 mysteria
1066 2390 1239 2445 solam
1287 2390 1570 2445 adhibent.
1616 2390 1750 2446 Nam
1801 2392 1928 2445 vino

350 2480 573 2550 penitus
625 2481 922 2549 abstinent,
964 2489 1019 2538 et
1047 2482 1381 2539 diabolicum
1433 2485 1737 2555 appellant;
1781 2485 1926 2554 quod

350 2572 447 2644 qui
482 2572 693 2637 bibant,
736 2588 869 2628 eove
901 2582 1147 2641 utantur,
1185 2578 1466 2646 improbos
1514 2586 1569 2633 et
1608 2590 1927 2648 peccatores

350 2674 480 2718 esse
523 2668 794 2716 statuunt.
834 2660 1177 2723 Mortuorum
1212 2666 1676 2721 resurrectionem
1726 2682 1927 2738 appro-

350 2751 504 2817 bant,
531 2752 672 2807 adeo
696 2761 754 2806 ut
789 2752 1012 2809 furiosa:
1043 2756 1332 2823 cujusdam
1364 2758 1591 2813 insania:
1623 2759 1779 2828 plena
1813 2759 1926 2812 haec

350 2857 475 2899 esse
498 2843 748 2898 videatur
773 2844 1022 2901 heresis.
1050 2844 1146 2902 Est
1175 2847 1309 2902 illud
1338 2863 1471 2903 sane
1508 2848 1804 2917 cujuslibet
1838 2864 1926 2903 sa-

348 2932 558 3002 pientis,
595 2941 650 2987 et
695 2933 1081 2989 observatione
1115 2944 1170 2989 et
1196 2936 1556 2993 admiratione
1582 2938 1827 3009 dignum.
1860 2955 1925 2994 ex

351 3117 490 3173 nihil
522 3116 627 3172 sibi
656 3126 921 3175 constans
951 3133 1018 3172 ac
1046 3127 1477 3177 consentaneum
1510 3136 1654 3185 esse,
1688 3132 1782 3177 aut
1821 3124 1927 3177 ulla

350 3208 598 3266 veritatis
635 3209 815 3280 specie
844 3208 1141 3277 probabile.

426 3386 489 3442 ll.
531 3387 743 3443 Etenim
771 3390 813 3444 si
841 3399 947 3442 tam
972 3388 1160 3456 Vetus,
1185 3405 1348 3459 quam
1381 3388 1589 3442 Novum
1614 3388 1931 3444 Testamen-

354 3491 469 3539 tum
514 3480 809 3550 recipiunt,
841 3479 1118 3548 quomodo
1146 3479 1364 3534 diversa
1409 3480 1500 3532 illa
1536 3478 1807 3548 principia
1834 3494 1930 3548 po-

354 3584 573 3637 nentur,
619 3587 746 3629 cum
775 3572 939 3627 ambo
983 3574 1125 3626 inter
1159 3587 1219 3627 se
1248 3570 1601 3627 Testamenta
1644 3572 1712 3627 de
1740 3571 1929 3642 singu-

354 3662 455 3718 lari
511 3661 800 3717 divinitate
846 3662 1218 3724 consentiant,
1274 3662 1508 3730 ejusque
1558 3662 1930 3731 cognitionem

353 3754 688 3828 przedicent?
730 3752 811 3811 Ad
846 3755 980 3817 haec,
1010 3754 1054 3807 si
1111 3762 1449 3808 mortuorum
1500 3764 1583 3808 est
1621 3756 1801 3808 futura
1842 3770 1931 3809 re-

352 3846 646 3912 surrectio,
694 3846 784 3916 qui
826 3847 1045 3900 tandem
1085 3846 1328 3900 honesta:
1375 3848 1579 3915 nuptiae
1607 3846 1771 3900 tribui
1812 3845 1931 3900 dia-

351 3938 477 3992 bolo
514 3944 767 4007 possunt,
812 3952 935 3991 cum
987 3936 1290 4006 praesertim
1323 3936 1465 3991 Deus
1506 3937 1774 3991 edixerit:
1804 3936 1930 3992 Cre-

351 4027 480 4080 scite
518 4034 567 4080 et
600 4026 1104 4095 multiplicamini‘;
1149 4035 1204 4079 et
1241 4028 1294 4079 in
1329 4025 1622 4095 Evangelio
1664 4027 1930 4082 Dominus

353 4120 429 4175 ita
460 4120 812 4190 praeceperit:
845 4117 977 4184 Quae
1028 4117 1163 4171 Deus
1211 4116 1485 4178 coniunxit
1523 4116 1678 4170 homo
1722 4134 1826 4171 non
1857 4134 1929 4171 se-

352 4212 577 4279 parct’;
609 4209 702 4264 sed
741 4216 795 4263 et
838 4208 1168 4278 Apostolus:
1215 4204 1566 4259 Honorabiles
1618 4209 1836 4275 nuptiae,
1881 4219 1928 4262 et

2032 1769 2291 1838 γομὲναις
2332 1770 2577 1841 Ἀνδρέου
2615 1770 2708 1824 καὶ
2748 1772 2995 1823 Ἰωάννου
3020 1769 3283 1839 Πράξεσι,
3310 1772 3407 1825 καὶ
3421 1771 3607 1842 Θωμὶ.

2033 1859 2126 1911 καὶ
2181 1858 2519 1929 ἀποκρύφοις
2561 1860 2673 1912 τισὶ
2697 1899 2711 1921 ,
2744 1860 2837 1913 καὶ
2871 1855 2951 1924 οἷς
2989 1860 3266 1929 βούλονται
3313 1860 3496 1929 λόγοις
3518 1862 3613 1930 τῆς

2036 1948 2280 2012 Παλαιᾶς
2303 1950 2599 2020 Διαθήκης.
2624 1950 2729 2003 Τὸν
2760 1950 2815 2004 δὲ
2842 1951 3018 2021 γάμον
3041 1952 3227 2021 σαφῶς
3250 1952 3342 2005 τοῦ
3370 1952 3613 2006 διαϐόλου

2030 2040 2320 2110 ὁρίζονται.
2368 2038 2627 2111 Ἔμψυχα
2659 2040 2714 2093 δὲ
2747 2040 3123 2110 βδελύσσονται
3162 2041 3611 2114 ἀπαγορεύοντες.

2030 2132 2128 2201 οὐχ
2163 2131 2347 2184 ἕνεκεν
2397 2131 2743 2201 ἐγκρατείας,
2793 2130 2915 2184 οὔτε
2961 2134 3261 2199 πολιτείας,
3298 2133 3439 2187 ἀλλὰ
3474 2134 3607 2187 κατὰ

2031 2222 2192 2291 φόϐον
2215 2263 2228 2280 .
2294 2222 2386 2275 καὶ
2446 2222 2696 2292 ίνδαλμὸν
2737 2221 2828 2274 τοῦ
2878 2223 2952 2294 μὴ
3006 2224 3470 2293 καταδικασθῆναι
3512 2224 3615 2276 ἀπὸ

2029 2312 2131 2382 τῆς
2169 2311 2276 2365 τῶν
2334 2312 2592 2381 ἐμψύχων
2635 2313 3008 2383 μεταλήψεως.
3070 2315 3380 2386 Κέχρηνται
3422 2314 3480 2366 δὲ
3527 2313 3611 2367 καὶ

2028 2400 2178 2454 αὐτοὶ
2225 2400 2540 2470 μυστηρίοις
2568 2398 2635 2451 δι’
2667 2397 2872 2462 ὓδατος.
2924 2397 3085 2454 οἶνον
3118 2400 3173 2454 δὲ
3210 2401 3349 2465 ὅλως
3368 2402 3429 2455 οὐ
3454 2418 3607 2472 μετα-

2029 2490 2396 2561 λαμϐάνουσι·
2448 2490 2749 2560 φάσκοντες
2796 2485 2934 2542 εἶναι
2975 2490 3309 2545 διαϐολικόν·
3353 2493 3448 2546 καὶ
3492 2493 3612 2559 τοὺς

2030 2583 2301 2645 πίνοντας,
2352 2582 2443 2634 καὶ
2493 2582 2619 2644 τοὺς
2666 2581 2979 2651 χρωμένους
3033 2582 3269 2653 ἀνόμους
3323 2580 3466 2635 εἶναι
3523 2587 3612 2635 καὶ

2030 2673 2367 2744 ἁμαρτάδας.
2425 2671 2748 2725 Πιστεύουσι
2785 2671 2843 2726 δὲ
2895 2671 2990 2724 καὶ
3036 2673 3246 2743 νεκρῶν
3297 2672 3612 2726 ἀνάστασιν.

2041 2763 2129 2824 Ὠς
2162 2759 2301 2814 εἶναι
2339 2760 2489 2831 παρὰ
2529 2763 2643 2823 τοῖς
2684 2759 2826 2812 οὕτω
2863 2759 3304 2830 πεπλανημένοις
3340 2762 3410 2814 τά
3442 2761 3610 2814 πάντα

2032 2853 2229 2924 μανίας
2268 2852 2497 2922 ἔμπλεα.
2554 2851 2663 2904 Καὶ
2692 2850 2802 2922 γὰρ
2841 2851 2986 2904 ἐστιν
3024 2852 3151 2904 ἰδεῖν
3195 2853 3288 2905 καὶ
3317 2851 3613 2923 θαυμάσαι.

2169 2946 2247 2996 εἰς
2279 2943 2538 2996 ἔκπληξιν
2563 2943 2738 2995 ἐλθεῖν
2779 2943 2872 2996 τὸν
2901 2943 3188 2996 ἄνθρωπον
3222 2943 3349 2996 περὶ
3378 2944 3471 2996 πάι

351 2941 558 3002 pientis,
595 2941 650 2987 et
695 2941 1081 2989 observatione
1115 2944 1170 2989 et
1196 2941 1556 2993 admiratione
1582 2941 1827 3009 dignum.
1860 2955 1925 2994 ex

351 3025 612 3081 omnibus
646 3040 766 3095 quae
795 3026 867 3081 ab
902 3026 1174 3083 haereticis
1207 3027 1315 3082 dici
1366 3027 1593 3099 ﬁerique
1624 3031 1924 3091 cernimus.

2033 2944 2129 2996 καὶ
2168 2946 2247 3008 εἰς
2279 2941 2538 3012 ἔκπληξιν
2563 2941 2738 2995 ἐλθεῖν
2779 2943 2872 2996 τὸν
2901 2942 3188 3015 ἄνθρωπον
3222 2943 3349 3015 περὶ
3378 2944 3612 3007 πάντων,

2033 3031 2107 3089 ὧν
2135 3038 2183 3089 οἱ
2214 3035 2484 3099 ἀλλότριοι
2515 3034 2735 3099 λέγουσί
2768 3051 2827 3087 τε
2854 3036 2946 3088 καὶ
2979 3034 3309 3099 πράττουσιν
3334 3052 3347 3065 ·
3385 3036 3612 3091 ἀσυστά-

2033 3031 2107 3089 ὧν
2135 3038 2183 3089 οἱ
2214 3035 2484 3106 ἀλλότριοι
2515 3034 2735 3103 λέγουσί
2768 3051 2827 3087 τε
2854 3036 2946 3088 καὶ
2979 3034 3309 3106 πράττουσιν
3334 3052 3347 3065 ·
3385 3036 3615 3091 suum-

2028 3146 2137 3193 τως
2163 3128 2271 3182 τῶν
2304 3128 2519 3182 πάντων
2576 3128 2706 3198 παρ’
2751 3127 2933 3191 αὐτοῖς
2962 3127 3268 3198 λεγομένων
3311 3145 3373 3180 τε
3410 3130 3507 3183 καὶ
3536 3145 3614 3196 γι-

2030 3217 2304 3288 νομένων,
2357 3218 2450 3270 καὶ
2494 3216 2762 3287 μηδεμίαν
2804 3216 3041 3287 ἔμφασιν
3080 3217 3331 3287 ἀληθείας
3377 3219 3614 3289 ἐπιδεχο-

2034 3312 2234 3381 μένων.

2105 3404 2174 3455 B'.
2207 3400 2270 3454 Ei
2292 3401 2401 3472 γὰρ
2420 3401 2713 3472 κέχρηνται
2738 3401 2950 3471 Halano}
2972 3403 3064 3455 καὶ
3083 3401 3197 3473 Νέᾳ
3212 3402 3479 3475 Διαθήκῃ,
3504 3400 3614 3463 πῶς

2032 3494 2197 3565 ἁρχαὶ
2212 3493 2460 3563 διάφοροι
2474 3491 2990 3564 εὑρεθήσονται,τῶν
3001 3492 3390 3563 δύοΔιαθηκῶν
3404 3509 3466 3544 συ
3475 3509 3616 3562 μφω-

2030 3582 2236 3635 νουσῶν
2260 3582 2385 3650 περὶ
2411 3583 2540 3651 μιᾶς
2562 3579 2834 3652 θεότητος,
2861 3582 2953 3634 καὶ
2980 3582 3079 3652 τὴν
3100 3581 3301 3651 γνῶσιν
3322 3599 3612 3653 κηρυττου-

2034 3673 2140 3727 σῶν
2155 3675 2176 3703 ⁸
2197 3692 2211 3739 ;
2237 3671 2299 3726 Εἰ
2316 3673 2371 3724 δὲ
2385 3672 2469 3741 εἴη
2485 3672 2578 3725 καὶ
2591 3671 2799 3742 νεκρῶν
2816 3672 3132 3736 ἀνάστασις,
3149 3672 3265 3734 πῶς
3281 3672 3362 3726 ἔτι
3378 3676 3407 3727 ὁ
3424 3674 3613 3743 σεμνὸς

2030 3769 2207 3839 γάμος
2240 3766 2332 3819 τοῦ
2365 3766 2611 3820 διαϐόλου
2649 3765 3002 3838 εὑρεθήσεται
3037 3805 3051 3829 ,
3085 3767 3244 3819 ὁπότε
3267 3767 3401 3830 Θεὸς
3431 3766 3607 3834 λέγει·

2033 3859 2376 3925 Αὺξάνεσθε
2399 3860 2494 3912 καὶ
2528 3860 2911 3926 πληθύνεσθε
2930 3876 2942 3889 ⁸
2995 3860 3087 3913 καὶ
3114 3859 3206 3912 τοῦ
3240 3858 3440 3931 Κυρίου
3463 3862 3520 3915 ἐν
3540 3854 3612 3928 τῷ

2032 3948 2347 4019 Εὐαγγελίῳ
2389 3948 2669 4016 λέγοντος·
2739 3951 2797 4002 Ἀ
2840 3952 2872 4002 ό
2905 3948 3049 4015 Θεὸς
3081 3949 3476 4015 συνέζευξεν,
3512 3952 3609 4003 tir-

2031 4042 2260 4107 θρωπος
2282 4039 2369 4109 μὴ
2394 4039 2704 4109 χωριζέτω·
2738 4041 2831 4094 καὶ
2856 4040 2951 4092 τοῦ
2983 4041 3308 4095 Ἀποστόλου
3330 4042 3577 4111 λέγοντος
3594 4059 3605 4070 ·

2038 4133 2230 4201 Ἠμιος
2261 4134 2293 4185 ό
2320 4129 2525 4201 γάμος,
2557 4132 2654 4185 καί
2681 4134 2719 4200 ἠ
2745 4132 2912 4202 κοίτη
2941 4134 3253 4201 ἀμίαντος;
3288 4136 3382 4198 Εἰς
3408 4135 3608 4188 ἑαυτῶν

2031 4224 2085 4277 δὲ
2114 4223 2337 4295 γνώμην
2365 4224 2459 4278 καὶ
2490 4226 2830 4297 παράστασιν
2863 4225 3186 4297 μυθολογίας
3215 4227 3309 4279 καὶ
3344 4226 3454 4279 τῶν
3473 4230 3492 4258 ⁹
3527 4244 3608 4277 πι-

355 4308 503 4351 torus
549 4295 924 4348 immaculatus
950 4297 991 4347 ³.
1039 4293 1238 4349 Verum
1280 4295 1345 4348 ad
1395 4296 1704 4364 opinionem
1751 4312 1926 4359 suam,

2036 4313 2235 4366 νόντων
2266 4314 2357 4364 τὸν
2385 4307 2546 4375 οἶνον,
2580 4313 3040 4384 ἐπιλαμϐάνονταί
3066 4333 3186 4368 τινα
3225 4315 3609 4386 θηρολεκτοῦν-

355 4387 472 4441 sive
511 4370 690 4454 potius
736 4383 971 4437 l‘aliulam
1008 4385 1383 4447 asserendam,
1424 4400 1630 4456 eosque
1661 4387 1930 4442 damnan-

353 4478 475 4539 dos.
500 4477 593 4546 qui
618 4478 805 4530 vinum
828 4476 1108 4537 adhibent,
1143 4478 1422 4532 nonnullis
1447 4478 1749 4534 abutuntur
1778 4479 1929 4535 Scri-

354 4577 529 4641 ptura:
552 4568 708 4629 locis,
737 4582 801 4622 ac
820 4582 981 4620 voces
1007 4577 1370 4637 aucupantur,
1398 4569 1599 4639 quibus
1627 4584 1658 4623 a
1684 4571 1933 4626 daemone

354 4660 658 4736 profectum
698 4661 842 4715 istud
874 4661 1050 4730 ipsum
1090 4659 1486 4717 demonstrent.
1523 4660 1658 4715 Nam
1698 4672 1752 4716 et
1795 4661 1933 4717 Noe-

356 4769 500 4816 mus,
552 4754 827 4823 inquiunt,
877 4761 1233 4823 posteaquam
1283 4756 1466 4808 viuum
1508 4756 1664 4816 bibit,
1697 4755 1933 4810 nudatus

355 4852 438 4904 est
458 4844 501 4897 ⁸.
533 4843 635 4898 Lot
673 4846 858 4900 ebrius
886 4860 1010 4899 cum
1048 4845 1262 4901 ﬁliabus
1311 4847 1428 4903 suis
1460 4847 1777 4916 imprudens
1808 4864 1927 4901 cou-

358 4937 550 4991 cubuit
573 4938 614 4990 ⁵.
653 4936 848 4992 Eadem
895 4938 962 4991 ad
1006 4938 1385 4997 fabricandum
1426 4940 1660 4995 vitulum
1693 4940 1932 4996 ebrietas

356 5029 625 5099 impulit“.
653 5030 772 5097 Quo
792 5032 882 5085 illa
910 5030 1204 5102 Scriptura:
1230 5033 1389 5086 verba
1409 5031 1831 5102 pertinent:Cui
1850 5045 1931 5086 tu-

359 5124 598 5179 multus?
637 5128 722 5179 cui
762 5129 996 5197 pugnae?
1025 5127 1109 5179 cui
1143 5126 1396 5180 molestia:
1439 5141 1502 5178 ac
1528 5123 1883 5192 fabulationes
1908 5130 1933 5181 Ρ

352 5212 441 5267 cui
483 5211 640 5283 40],
687 5217 1027 5270 contritiones
1088 5217 1332 5286 frustra?
1394 5217 1545 5286 cujus
1602 5216 1751 5271 lividi
1811 5228 1930 5272 sunt

354 5304 536 5360 Oculi?
588 5302 771 5359 Nonne
816 5323 994 5361 eorum
1042 5310 1132 5376 qui
1169 5318 1647 5363 commemorantur
1687 5310 1741 5363 in
1771 5310 1932 5365 vino?

425 5484 447 5518 ι
477 5479 617 5539 Gen.
645 5497 684 5545 ι,
719 5481 822 5547 Ξες
853 5498 926 5545 ix,
974 5483 1022 5535 l.

352 5552 411 5615 4.
485 5552 507 5586 ⁷
535 5550 598 5611 F.
639 5553 835 5624 πάντη.
917 5554 938 5584 ⁵
969 5550 1128 5609 Deest
1156 5553 1378 5625 aliquid.
1455 5561 1475 5590 ³
1508 5554 1566 5609 F.
1632 5556 1769 5611 κατὰ
1799 5556 1927 5611 τῶν.

1100 5485 1121 5514 ¹
1152 5483 1342 5538 Matth.
1374 5502 1489 5549 XIX,
1521 5487 1574 5539 6.
1651 5486 1673 5519 ³
1696 5484 1860 5541 Hebr.
1884 5499 2004 5552 xm,
2046 5486 2101 5540 4.

2030 4420 2139 4466 τες,
2168 4403 2260 4455 καί
2279 4418 2439 4470 φασιν
2461 4405 2524 4455 ὲκ
2546 4403 2640 4455 τοῦ
2660 4404 2897 4474 πονηροῦ
2921 4405 2981 4456 τὸ
3006 4404 3250 4458 τοιοῦτον
3278 4401 3418 4458 εἶναι
3442 4405 3605 4467 τέλος.

2034 4488 2193 4546 "Eriza
2222 4494 2352 4566 γὰρ,
2378 4496 2530 4565 φησὶ,
2573 4494 2696 4548 Νῶε
2719 4496 2827 4549 ἀπὸ
2854 4495 2949 4549 τοῦ
2981 4497 3143 4563 οἴνου,
3176 4498 3268 4550 καὶ
3298 4496 3605 4569 ἐγυμνώθη.

2031 4588 2139 4639 Καὶ
2189 4586 2334 4650 Λὼτ,
2371 4587 2524 4656 φησὶ,
2563 4586 2871 4657 μεθυσθεὶς,
2908 4587 3244 4660 θυγατράσιν
3283 4588 3441 4652 ἰδίαις
3475 4587 3609 4642 κατὰ

2030 4677 2254 4745 ἄγνοιαν
2287 4676 2572 4747 συνεμίγη.
2620 4677 2730 4732 Καὶ
2767 4678 2855 4731 διὰ
2884 4680 3054 4749 μέθης
3086 4679 3309 4747 γέγονεν
3343 4681 3377 4751 ἡ
3415 4698 3607 4751 μοσχο-

2035 4768 2204 4820 ποιία.
2242 4767 2347 4819 Καί
2384 4784 2546 4837 φησιν
2585 4769 2617 4839 ἡ
2648 4769 2861 4840 Γραφή·
2900 4772 3018 4824 Τίνι
3051 4769 3609 4841 θόρυϐος;τι’νιμά-

2032 4875 2166 4927 χαι;
2219 4860 2333 4912 τίνι
2374 4858 2573 4926 ἀηδίαι
2613 4862 2712 4913 καὶ
2749 4861 3001 4931 λέσχαι;
3033 4865 3149 4917 τίνι
3198 4866 3609 4935 συντρίμματα

2030 4949 2344 5018 διακενῆς;
2391 4951 2556 5016 τίνος
2591 4953 2861 5007 πελιδνοὶ
2897 4959 2949 5007 οὶ
2999 4956 3297 5024 ὀφθαλμοί
3316 4974 3333 5017 ;
3371 4960 3454 5011 Οὐ
3500 4957 3611 5010 τῶν

2030 5036 2417 5107 χρονιζόντων
2441 5037 2511 5090 ἑν
2538 5038 2759 5104 οἵνοις;
2793 5043 2862 5096 οὐ
2893 5039 3009 5093 τῶν
3034 5042 3474 5110 ὲξιχνευόντων
3497 5042 3608 5094 ποῦ

2030 5132 2199 5184 πότοι
2222 5129 2485 5199 γίνονται
2506 5147 2523 5191 ;
2562 5133 2672 5185 Kal.
2695 5131 2828 5186 ἄλλα
2848 5131 3072 5184 τοιαῦτά
3096 5149 3217 5186 τινα
3248 5132 3606 5201 ἐξιχνεύοντες

2032 5221 2430 5292 συσσωρεύουσι
2453 5221 2539 5278 διὰ
2564 5225 2659 5296 τὴν
2689 5222 2893 5277 ἑαυτῶν
2929 5222 3264 5295 πιθανότητα
3290 5242 3302 5255 ·
3348 5225 3449 5278 οὐκ
3474 5224 3601 5277 είδόι

2029 5329 2139 5377 τες,
2176 5313 2256 5366 ὅτι
2287 5315 2393 5368 πᾶν
2422 5315 2482 5368 τὸ
2508 5314 2744 5388 ἄμετρον
2775 5314 3048 5384 πανταχοῦ
3083 5315 3350 5386 λυπηρὸν,
3384 5316 3477 5370 καὶ
3507 5314 3603 5381 ἔξω

2177 5487 2198 5520 δ
2231 5487 2365 5545 Gen.
2401 5506 2472 5553 ix,
2501 5490 2589 5543 2|.
2664 5488 2686 5520 '
2712 5486 2846 5543 Cen.
2878 5504 2989 5555 xu,
3031 5489 3120 5545 33.
3188 5489 3397 5545 “Exod.
3436 5502 3598 5552 χχιιι,
