3866 6068
386 96 491 153 855

1730 168 1737 174 ⁸
1807 107 1865 162 S.
1907 107 2253 167 EPIPIIANII

3552 104 3681 165 ‘856

384 213 522 285 ipsis
550 216 801 275 veritatis
830 220 1079 287 vocibus,
1111 223 1271 293 quasi
1304 236 1370 277 ex
1400 224 1591 280 multis
1623 226 1974 296 seplasiario-

2092 232 2233 286 εἰδῶν
2263 232 2372 286 ἀπὸ
2397 230 2491 286 τοῦ
2520 232 2680 301 λόγου
2703 230 2803 301 τῆς
2830 229 3086 299 ἀληθείας
3115 215 3673 301 κατασκευάσαιτοᾷ
3692 230 3707 258 '

386 320 508 359 rum
546 307 892 379 simplicibus
918 312 1265 382 corporibus,
1302 313 1453 368 velut
1483 315 1794 371 antidotum
1834 333 1970 375 con-

389 396 552 454 iicere
590 401 888 470 possimus,
922 402 975 456 in
1002 417 1191 457 eorum
1219 404 1312 481 qui
1343 405 1455 475 jam
1493 406 1588 460 icti
1618 405 1822 463 fuerint
1851 425 1971 481 gra—

388 493 543 559 tiam,
572 501 633 548 ιιι
671 495 752 551 vel
783 496 915 551 iisce
954 497 1162 551 nostris
1206 498 1467 568 perlectis
1510 501 1812 556 remedium
1858 504 1968 560 illis

390 580 752 650 adhibeatur;
807 585 891 640 vel
916 585 962 640 si
994 587 1199 642 nullam
1241 588 1421 643 adhuc
1454 589 1574 659 ejus
1605 591 1683 646 rei
1716 593 1965 647 notitiam

2074 322 2174 394 ήδη
2207 323 2637 394 πεπληγμένοις,
2684 324 2768 386 είς
2800 326 2945 377 ἴασιν
2975 322 3070 375 xui
3107 320 3409 392 θεραπείαν
3440 322 3554 381 τοῖς
3584 321 3668 369 ἐν-

2071 415 2425 488 τυγχάνομσι,
2461 416 2555 470 xui
2580 418 2695 478 τοῖς
2725 414 2979 485 μέλλουσι
3010 412 3325 483 γινώσκειν,
3350 410 3390 464 ἃ
3415 411 3492 480 μὴ
3515 409 3664 479 ᾔδει-

2075 522 2196 571 σαν,
2237 508 2316 571 εἰς
2364 506 2555 561 παθῶν
2590 505 3026 579 προκατάληψιν,
3066 505 3160 559 xui
3201 505 3335 574 ἡμῖν
3370 503 3454 565 είς
3490 517 3663 570 σωτη-

2075 596 2217 667 ρίαν,
2249 600 2342 653 xui
2376 597 2513 652 Θεοῦ
2549 596 2760 669 μισθὸν,
2787 597 3037 666 ἀφθόνως
3059 593 3538 667 δωρηθησόμενον.

391 672 701 741 habuerint,
730 691 795 732 ea
826 678 1045 732 demum
1084 691 1341 751 percepta
1370 695 1567 738 cavere
1601 683 1708 739 sibi
1745 685 1981 754 possint,
2039 686 2295 761 idemque
2344 690 2523 760 ipsum
2559 698 2614 744 ct
2654 690 2883 745 salutem
2932 687 3112 753 nobis,
3143 694 3199 741 et
3248 684 3591 741 uberrimum
3628 696 3658 734 a

389 766 502 826 Deo
535 772 822 841 praemium
858 788 921 829 ac
952 775 1260 831 mercedem
1293 777 1575 835 conciliet.

773 884 1054 942 CONTRA
1091 887 1371 943 PHRYGA
1381 888 1580 954 STAS,

391 994 514 1053 Sive
546 995 903 1054 Montanistas
931 1010 1025 1054 aut
1044 1001 1457 1070 Tascodrugitas
1474 1004 1688 1060 Itwresis
1709 1005 1760 1059 X
1770 1006 1817 1059 Χ
1831 1006 1969 1061 VIII

1006 1071 1082 1125 uel
1116 1071 1213 1126 XL
1230 1072 1387 1128 γιιι.

463 1180 503 1239 1.
525 1181 704 1239 Abbis
725 1182 830 1237 alia
850 1199 1069 1240 rursum
1085 1184 1375 1241 emorescit
1392 1187 1634 1254 hrcresis,
1654 1205 1775 1259 quae
1797 1190 1967 1263 Phry-

390 1286 521 1344 gum
559 1272 785 1339 dicitur,
822 1272 925 1328 sub
948 1272 1090 1327 idem
1120 1272 1233 1328 fere
1260 1275 1525 1344 producta
1556 1285 1791 1347 tempus,
1814 1280 1976 1349 eique

393 1364 756 1419 successione
808 1363 1081 1433 proxima.
1135 1364 1271 1420 Nam
1332 1367 1422 1423 isti
1466 1368 1570 1423 sub
1600 1369 1823 1425 Antonii
1868 1370 1975 1437 Pii,

392 1454 488 1524 qui
509 1461 633 1524 post
659 1453 958 1508 Adrianum
991 1455 1298 1526 imperavit,
1336 1471 1538 1512 annum
1568 1475 1661 1514 χιι
1693 1476 1975 1532 emergere

2460 894 2647 947 ΚΑΤΑ
2685 893 3089 947 ΦΡΥΓΑΣΤΩΝ
3120 892 3263 963 (97),

2077 1007 2199 1061 Εἶτ’
2223 1003 2336 1062 οὖν
2356 1005 2788 1061 Μοντανιστῶν
2811 1006 3221 1075 καλοιννμένων,
3250 1004 3290 1072 ἢ
3317 1006 3416 1060 καί
3450 1010 3657 1061 Τασκο-

2425 1075 2754 1146 δρουγιτῶν
2783 1075 2922 1139 KH',
2953 1076 2992 1144 ἢ
3025 1075 3127 1129 καὶ
3156 1079 3301 1130 MH’.

2148 1190 2225 1242 A'.
2275 1188 2409 1241 Ἀπὸ
2429 1188 2633 1241 τούτων
2681 1188 2844 1259 ἑτέρα
2887 1186 3051 1241 πάλιν
3085 1187 3297 1257 αἵρεσις
3327 1186 3650 1251 ἀνακόπτει,

2076 1280 2183 1332 τῶν
2207 1279 2436 1350 Φρυγῶν
2459 1278 2793 1349 καλουμένη,
2818 1277 3117 1350 σύγχρονος
3138 1276 3407 1347 γενομένη
3428 1275 3654 1340 τούτοις,

2075 1373 2170 1425 xui
2195 1373 2394 1436 αὐτοὺς
2421 1365 2980 1442 διαδεχομένη.,οῦτοι
3012 1371 3123 1441 γὰρ
3147 1370 3408 1439 γεγόνασι
3441 1371 3571 1440 περὶ
3602 1372 3655 1423 τί

2076 1463 2556 1518 ἐννεακαιδέκατον
2588 1462 2709 1525 ἔτος
2739 1461 2849 1532 (98)
2897 1461 3211 1515 Ἀντωνίνου
3251 1460 3345 1514 τοῦ
3390 1461 3658 1526 Εὐσεϐοῦς

392 1552 697 1615 ceperunt.
731 1544 938 1601 Marcio
967 1561 1120 1613 vero,
1154 1546 1421 1603 Tatianus
1449 1557 1503 1604 et
1547 1552 1841 1606 Encratitae
1869 1552 1973 1607 ho-

2092 1556 2218 1610 ιετά
2259 1554 2554 1628 Ἀδριανόν.
2590 1555 2702 1609 Kui
2725 1556 2754 1607 ὁ
2784 1552 3157 1627 Μαρκίωνδὲ,
3195 1554 3288 1606 xui
3318 1552 3367 1604 οἱ
3400 1553 3532 1623 περὶ
3559 1553 3660 1606 Tu-

393 1654 517 1694 rum
545 1639 804 1711 discipuli
833 1641 937 1696 sub
970 1640 1236 1705 Adriano,
1267 1655 1333 1695 ac
1369 1650 1495 1711 post
1525 1641 1824 1697 Adrianum
1848 1658 1977 1714 pro-

392 1730 636 1787 dierunt.

464 1820 711 1894 Phryges
762 1822 949 1893 itaque
1001 1819 1104 1889 (sic
1132 1824 1277 1879 enim
1310 1824 1612 1898 appellant)
1659 1833 1769 1879 tam
1806 1824 1977 1881 Vetus

393 1926 560 1983 quam
601 1912 812 1968 Novum
852 1913 1267 1971 Testamentum
1306 1918 1608 1972 asciscunt.
1636 1916 1976 1973 Mortuorum

394 2003 860 2058 resurrectionem
891 2004 1215 2074 approbant.
1264 2004 1385 2076 .Sed
1431 2006 1748 2063 Montanum
1792 2024 1982 2079 quem-

394 2091 524 2146 dam
578 2092 920 2164 prophetam,
966 2110 1090 2149 cum
1131 2093 1377 2152 Priscilla
1431 2108 1483 2153 et
1512 2098 1813 2152 Maximilla
1854 2086 1981 2168 pro—

401 2183 664 2254 phetissis
695 2186 1014 2256 praedicant;
1051 2188 1251 2258 quibus
1280 2188 1609 2244 inhaerentes
1643 2205 1674 2242 a
1707 2196 1851 2244 recta
1890 2190 1979 2242 via

404 2272 712 2331 deﬂectunt.
735 2275 871 2332 Nam
891 2279 959 2334 de
977 2279 1137 2334 Patre
1155 2321 1170 2343 ,
1195 2289 1250 2334 et
1277 2278 1439 2345 Filio,
1456 2294 1521 2334 ac
1540 2278 1744 2349 Spiritu
1783 2288 1976 2335 sancto

401 2367 591 2423 eadem
621 2382 748 2424 cum
785 2382 976 2427 sancta
1007 2371 1250 2427 Ecclesia
1277 2372 1545 2427 catholica
1576 2373 1842 2428 sentiunt.
1867 2370 1973 2428 Sed

316 2489 323 2495 ο
396 2453 468 2509 ab
510 2454 632 2523 ejus
692 2468 754 2511 se
815 2457 1203 2514 communione
1248 2458 1609 2529 separarum,
1638 2461 1785 2530 quod
1825 2477 1983 2516 erro-

397 2545 477 2602 ris
522 2546 753 2618 spiritus
817 2562 882 2603 ac
958 2549 1242 2606 doctrinas
1294 2551 1604 2606 daemonum
1655 2561 1978 2627 sequantur.

397 2637 511 2696 Nos
532 2640 703 2709 enim,
731 2642 1008 2713 inquiunt.
1041 2645 1286 2700 cmlestia
1309 2654 1526 2716 oportet
1547 2646 1690 2701 dona
1718 2649 1983 2717 recipere.

402 2729 514 2788 Sua
546 2734 769 2804 quidem
793 2744 848 2790 et
876 2734 1127 2791 Ecclesia
1192 2736 1463 2792 catholica
1524 2739 1668 2793 dona
1721 2739 1985 2794 divinitus

401 2824 645 2894 accipit,
709 2825 806 2880 sed
858 2842 980 2895 quae
1039 2841 1171 2881 vera
1238 2828 1381 2881 dona
1437 2836 1589 2894 sunt,
1644 2837 1697 2885 et
1749 2829 1988 2901 Spiritus

2075 1644 2279 1708 τιανον,
2323 1644 2417 1698 xui
2451 1645 2545 1697 ἀπ’
2594 1641 2757 1697 αὐτοῦ
2792 1640 3162 1712 διαδεξάμενοι
3208 1640 3565 1709 Ἐγκρατῖται
3607 1641 3659 1691 ἐν

2077 1735 2289 1807 χρόνοις
2328 1733 2631 1807 Ἀδριανοῦ,
2663 1735 2758 1789 xui
2793 1734 2932 1805 μετά
2973 1732 3267 1805 Ἀδριανὸν.

2149 1819 2312 1881 Οὗτοι
2351 1826 2459 1898 γὰρ
2497 1830 2545 1881 οἱ
2583 1827 2727 1881 κατά
2769 1826 2987 1898 Φρύγας
3034 1824 3386 1895 καλούμενοι,
3413 1824 3660 1895 δέχονται

2078 1919 2173 1973 xui
2189 1918 2343 1973 αὐτοὶ
2382 1920 2561 1973 πᾶσαν
2596 1917 2842 1989 Γραφὴν,
2875 1914 3119 1969 Παλαιὰν
3153 1914 3248 1967 xui
3288 1913 3440 1966 Νέαν
3468 1911 3662 1982 Διαθῆ-

2081 2028 2201 2081 κην’
2230 2011 2323 2064 xui
2348 2009 2559 2081 νεκρῶν
2586 2009 2883 2065 ἀνάστασιν
2921 2006 3123 2078 ὁμοίως
3161 2005 3403 2074 λέγουσι.
3447 2004 3661 2057 Μοντα-

2080 2100 2171 2154 νόν
2204 2101 2261 2154 δέ
2296 2118 2420 2155 τινα
2460 2101 2745 2172 προφήτην
2772 2099 3030 2169 αὐχοῦσιν
3059 2096 3225 2167 ἒχειν,
3266 2096 3363 2150 xui
3404 2095 3661 2167 Πρίσκιλ-

2080 2193 2200 2257 λαν,
2244 2193 2340 2247 xui
2385 2191 2730 2264 Μαξιμίλλαν
2773 2189 3131 2262 προφήτιδας⁸
3173 2183 3255 2251 οἷς
3302 2187 3664 2257 προσέχοντες

2081 2286 2173 2340 τὸν
2204 2285 2327 2341 νοῦν
2376 2286 2779 2357 ἐξετράπησαν.
2809 2283 2945 2354 Περὶ
2985 2282 3042 2336 δὲ
3088 2281 3322 2352 Πατρός,
3368 2280 3468 2332 xui
3512 2278 3661 2341 Υίοῦ,

2084 2378 2179 2431 xui
2208 2376 2365 2446 ἁγίου
2393 2366 2531 2429 [isz
2541 2393 2707 2447 ματος
2737 2374 2939 2445 ὁμοίως
2969 2372 3225 2444 φρονοῦσι
3252 2374 3319 2442 τῇ
3347 2369 3486 2442 ἁγία
3507 2370 3662 2424 καθο-

2083 2467 2207 2539 λικῇ
2238 2467 2547 2539 Ἐκκλησία.
2568 2468 2896 2537 Ἀπέσχισαν
2917 2463 2973 2517 δὲ
2998 2464 3248 2530 ἑαυτοὺς,
3272 2462 3634 2534 προσέχουσιν
3649 2462 3664 2489 ³

2085 2560 2361 2631 πνεύμασι
2395 2560 2603 2631 πλάνης
2630 2561 2725 2614 xui
2750 2558 3123 2620 διδασκαλίαις
3159 2556 3454 2627 δαιμόνων,
3480 2553 3666 2622 λέγον-

2084 2669 2196 2717 τες,
2220 2652 2301 2705 δτι
2330 2653 2421 2705 Δεῖ
2442 2652 2612 2722 ἡμᾶς,
2647 2652 2801 2719 φασὶ,
2827 2650 2925 2703 xui
2950 2648 3020 2702 τά
3046 2646 3363 2719 χαρίσματα
3393 2642 3662 2715 δέχεσθαι.

2087 2742 2248 2812 Καὶή
2270 2740 2401 2811 ἁγία
2426 2740 2520 2813 τοῦ
2548 2738 2685 2793 Θεοῦ
2718 2738 3014 2809 Ἐκκλησία
3034 2736 3237 2808 ὁμοίως
3257 2735 3325 2789 τά
3352 2733 3666 2806 χαρίσματα

2086 2830 2320 2901 δέχεται’
2349 2830 2485 2884 ἀλλά
2507 2828 2578 2882 τά
2603 2829 2773 2892 ὅντως
2802 2828 3141 2900 χαρίσματα,
3166 2827 3261 2879 xui
3282 2829 3349 2897 τῇ
3378 2826 3516 2895 ἁγίᾳ
3536 2823 3664 2877 Θεοῦ

398 2913 563 2986 403
621 2916 823 2979 sancti,
887 2931 951 2971 ac
986 2917 1415 2987 prOphetarum,
1478 2927 1533 2975 et
1584 2924 1984 2992 apostolorum,

2104 2919 2402 2990 Ἐκκλησία
2424 2918 2514 2972 διὰ
2535 2918 2674 2972 Πνεύ
2683 2935 2851 2990 ματος
2877 2916 3031 2986 ἁγίου
3059 2916 3498 2986 δεδοκιμασμένα
3521 2915 3667 2984 παρά

402 3003 733 3076 Dominique
790 3007 967 3077 ipsius
1019 3009 1350 3066 auctoritate
1395 3015 1769 3085 comprobata.
1814 3014 1985 3072 Joan—

401 3109 502 3150 nes
531 3095 797 3166 siquidem
844 3099 1128 3167 apostolus
1155 3100 1314 3156 sicin
1342 3100 1583 3172 Epistula
1618 3119 1717 3159 sua
1752 3119 1856 3160 nos
1893 3106 1980 3160 ad-

401 3196 626 3243 monet:
662 3186 893 3244 Probate
921 3190 1163 3260 spiritus,
1212 3192 1259 3246 si
1292 3207 1358 3247 ea:
1405 3192 1515 3247 Deo
1538 3197 1719 3249 sunt‘.
1766 3196 1829 3248 Et
1864 3212 1986 3250 rur-

400 3291 579 3334 sum:
635 3278 879 3334 Audistis
920 3282 1049 3351 quia
1105 3282 1466 3336 Anticltristus
1519 3286 1697 3347 venit;
1747 3296 1795 3338 et
1851 3303 1987 3340 nunc

402 3366 722 3423 Antichristi
771 3369 927 3424 multi
968 3381 1115 3425 sunt.
1164 3370 1213 3424 Ε
1247 3372 1398 3426 nobis
1443 3374 1706 3437 exierunt,
1748 3376 1840 3429 sed
1884 3394 1986 3431 non

403 3470 557 3515 nant
581 3477 609 3515 e
641 3461 814 3517 nobis.
843 3462 905 3518 Si
942 3465 1082 3517 enim
1112 3479 1140 3517 ε
1178 3463 1328 3517 nobis
1369 3463 1618 3533 fuissent,
1667 3468 1987 3523 mansissent

404 3552 587 3623 utique
623 3552 926 3619 uobiscum;
961 3553 1053 3609 sed
1104 3564 1165 3607 ut
1212 3556 1483 3624 manifesti
1527 3558 1682 3626 ﬁant,
1737 3562 1987 3630 quoniam

406 3658 512 3697 non
553 3651 675 3697 sunt
710 3660 740 3698 ε
772 3642 944 3705 nobis,
972 3643 1173 3699 idcirco
1201 3645 1377 3699 scribo
1412 3644 1579 3713 vobis,
1613 3648 1771 3717 ﬁlioli
1802 3652 1845 3717 ε,
1879 3659 1985 3706 etc.

407 3735 683 3803 Quocirca
712 3751 902 3792 verum
947 3745 1032 3793 est
1064 3738 1187 3793 illos
1221 3753 1253 3794 e
1289 3747 1605 3795 sanctorum
1659 3758 1822 3814 grege
1877 3761 1988 3799 non
2038 3766 2041 3767 ν

406 3841 552 3883 esse.
604 3826 689 3883 Ab
719 3827 789 3884 iis
825 3828 974 3883 enim
1000 3829 1371 3886 eonteudendi
1407 3832 1590 3887 studio
1619 3845 1987 3901 recesserunt,

407 3926 463 3973 et
482 3918 691 3975 erroris
719 3933 785 3973 ac
809 3917 1121 3975 fabularum
1148 3928 1409 3979 auctores
1432 3924 1659 3993 spiritus
1688 3930 1989 3984 consectati

407 4018 559 4066 sunt.

479 4101 542 4157 Il.
587 4102 728 4161 Ecce
758 4106 857 4161 tibi
895 4105 981 4161 vel
1014 4120 1081 4161 eo
1130 4105 1273 4176 ipso.
1318 4106 1466 4176 quod
1507 4107 1613 4162 sibi
1647 4109 1987 4178 propositum

407 4195 647 4264 habent,
695 4206 884 4268 aperte
928 4199 1374 4266 convincuntur,
1426 4214 1779 4269 nequaquam
1842 4200 1988 4255 istud

2092 3028 2149 3064 τε
2183 3009 2479 3083 προφητῶν
2514 3010 2608 3065 xui
2646 3009 2981 3070 ἀποστόλων,
3059 3008 3154 3062 xui
3194 3004 3363 3061 αὐτοῦ
3416 3005 3514 3059 τοῦ
3558 3007 3664 3059 Κυ-

2096 3103 2235 3173 ρίου·
2272 3102 2574 3172 φάσκοντος
2605 3100 2904 3154 ἀποστόλου
2948 3098 3191 3153 Ἰωάννου
3226 3098 3284 3150 ὲν
3313 3099 3380 3167 τῇ
3425 3096 3667 3150 Ἐπιστο-

2093 3194 2181 3265 λῇ.
2204 3194 2285 3247 ὃτι
2304 3192 2645 3263 Δοκιμὰζετε
2672 3192 2746 3246 τὰ
2766 3191 3094 3261 πνεύματα,
3124 3192 3178 3243 εὶ
3199 3190 3372 3243 ἔστιν
3401 3189 3473 3242 ἐκ
3503 3186 3664 3242 Θεοῦ.

2096 3285 2263 3339 Πάλιν
2282 3285 2340 3337 δὲ
2358 3284 2627 3354 λέγοντος,
2660 3284 3106 3348 ὄτιἩκούσατε,
3142 3282 3231 3335 ὅτι
3270 3281 3668 3349 Ἀντίχριστος

2095 3373 2346 3446 ἕρχείαι,
2379 3376 2477 3429 καί
2512 3376 2631 3430 νῦν
2679 3377 3062 3444 Ἀντίχριστοι
3083 3373 3302 3428 πολλοὶ
3329 3375 3664 3443 γεγόνασιν.

2108 3468 2204 3533 Ἐξ
2240 3465 2411 3538 ἡμῶν
2447 3466 2727 3536 ἐξῆλθον·
2759 3468 2899 3522 ἀλλ’
2922 3468 3034 3521 οὐκ
3073 3461 3236 3536 ἦσαν
3278 3464 3349 3529 ἐξ
3386 3462 3578 3533 ἡμῶν.
3605 3465 3666 3516 El

2095 3561 2205 3631 γὰρ
2234 3557 2399 3632 ἦσαν
2425 3562 2495 3627 ἐξ
2521 3561 2711 3631 ἡμῶν,
2737 3558 3184 3630 μεμενήκεισαν
3215 3557 3293 3612 ὃν
3326 3558 3458 3627 μεθ’
3484 3556 3662 3625 aper.

2094 3654 2234 3708 ἀλλ’
2258 3654 2359 3707 ἵνα
2382 3652 2758 3723 γνωσθῶσιν,
2788 3652 2875 3706 ὅτι
2893 3652 3004 3705 οὐκ
3034 3651 3196 3704 είσίν
3222 3649 3292 3714 ἐξ
3320 3647 3514 3718 ἡμῶν,
3545 3648 3668 3701 τού-

2096 3766 2202 3802 του
2230 3746 2405 3817 χάριν
2420 3745 2620 3818 γράφω
2648 3744 2809 3815 ὑμῖν,
2836 3744 3057 3798 τεκνία.
3078 3743 3170 3795 xui
3184 3741 3253 3794 τὰ
3268 3739 3418 3809 ἑξῆς.
3436 3738 3667 3809 Ἀληθῶς

2094 3836 2190 3893 οῦν
2233 3839 2315 3892 ὅτι
2359 3838 2459 3891 οὐκ
2512 3837 2650 3890 εἰσὶν
2693 3834 2751 3900 ἐξ
2797 3833 2978 3888 αὐτῶν
3020 3831 3129 3886 τῶν
3155 3831 3343 3899 ἁγίων.
3380 3828 3667 3899 Ἐξέϐησαν

2096 3930 2205 4005 γάρ
2237 3933 2301 4002 τῇ
2328 3928 2539 3984 ἑαυτῶν
2576 3926 2893 3998 φιλονεικίᾳ,
2932 3925 3361 3999 προσανέχοντες
3394 3922 3493 3975 xui
3518 3920 3668 3974 πνεύ-

2099 4038 2233 4092 μασι
2262 4020 2472 4091 πλάνης
2498 4020 2593 4073 xui
2625 4017 2970 4090 μυθολογίας.

2169 4111 2244 4164 B’.
2277 4111 2410 4164 Ἰδοὺ
2440 4110 2548 4181 γὰρ
2584 4106 2645 4173 ἐξ
2685 4108 2854 4178 αὐτῆς
2885 4107 2985 4177 τῆς
3021 4105 3330 4169 ὑποθέσεως
3362 4103 3662 4174 ἐλέγχονται
3775 4106 3785 4121 '

2102 4191 2176 4272 μὴ
2202 4200 2489 4271 δυνάμενοι
2520 4199 2762 4271 πληροῦν
2787 4199 2857 4253 τά
2890 4197 3101 4251 ἑαυτῶν
3131 4198 3191 4251 ὲν
3235 4195 3541 4267 φιλονεικία
3567 4196 3663 4248 ὑπ-

409 4288 614 4357 ipsum,
662 4289 808 4357 quod
862 4292 1211 4347 contentiosa
1263 4291 1353 4344 illa
1403 4291 1702 4346 ambitione
1761 4307 1871 4362 prae
1928 4307 1984 4347 se

2096 4291 2439 4364 ισχνούμενα.
2480 4293 2541 4345 Εί
2575 4291 2685 4363 γὰρ
2708 4291 2791 4344 δεῖ
2820 4291 3137 4362 χαρίσματα
3164 4287 3441 4360 δέχεσθαι,
3478 4292 3568 4341 xui
3595 4286 3666 4339 δεῖ

408 4378 621 4441 terunt,
673 4379 924 4436 obtinere
970 4397 1150 4451 posse.
1184 4381 1318 4435 Nam
1355 4383 1400 4438 si
1431 4384 1677 4439 ctelestia
1716 4384 1811 4438 illa
1841 4384 1985 4439 dona

2090 4385 2151 4439 ὲν
2165 4381 2463 4454 Ἐκκλησία
2481 4383 2794 4454 χαρίσματα
2809 4382 2852 4447 ⁸,
2876 4381 2994 4445 πῶς
3009 4379 3189 4434 οὐκέτι
3214 4377 3355 4450 μετά
3380 4377 3666 4441 Μοντανὺν,

483 4534 501 4566 ³
536 4531 729 4589 lJoan.
772 4550 845 4598 tv,
889 4537 933 4589 l.
1011 4538 1030 4567 ’
1058 4535 1077 4589 l
1110 4535 1267 4591 Joau.
1300 4553 1361 4602 ιῖ,
1401 4538 1466 4593 18
1492 4554 1613 4610 sqq.
1690 4541 1711 4572 ⁸
1751 4539 1812 4594 F.
1850 4541 1984 4594 xui:

2092 4557 2136 4594 σ.
2217 4540 2237 4571 ⁸
2269 4539 2431 4595 Deest
2470 4539 2613 4609 ἔχειν
2637 4539 2720 4594 vel
2755 4533 2918 4593 εἶναι.

486 4688 598 4764 (97)
636 4691 803 4764 Κόιτά
831 4690 1216 4764 Φρυταστῷν.
1263 4691 1506 4764 Phryges
1537 4694 1653 4749 sive
1680 4691 1999 4764 Phrygastae

453 4759 634 4835 reprie
677 4760 829 4823 dicti,
880 4761 1024 4830 quod
1057 4777 1087 4817 e
1114 4760 1349 4835 Phrygia
1377 4759 1618 4835 prirnum
1672 4759 1995 4835 prodierint.

442 4832 583 4903 idem
637 4837 820 4886 tamen
846 4832 1683 4903 Anonnunquam‘Cataphryges
1736 4842 1792 4889 et
1843 4834 2002 4888 Cata-

413 4901 666 5027 ghrygae,
699 4901 860 4973 quasi
903 4901 1257 4974 Evangelium
1283 4901 1463 4967 esset,
1495 4901 1820 4973 vel’dogma
1860 4905 2000 4959 κατά

465 4988 656 5027 ουγας.

499 4989 656 5026 υγας.

464 4988 819 5111 ρῶξῗςὸῦτοι
875 5041 989 5112 γὰρ
1036 5043 1318 5113 γεγόνασι
1358 5046 1490 5113 περὶ
1525 5042 1591 5095 τό
1621 5042 1999 5097 ἐννεακαιδέ-

418 5128 621 5167 stator.
663 5112 1051 5169 Consentanea
1098 5124 1225 5168 sunt
1276 5129 1396 5182 qua:
1442 5112 1510 5166 de
1569 5112 1733 5181 hujus
1777 5115 1998 5168 haeresis

417 5183 569 5254 exitu
612 5196 675 5254 ac
710 5191 953 5254 tempore
998 5182 1242 5247 disserit,
1278 5198 1402 5237 cum
1437 5184 1503 5237 iis
1541 5198 1661 5254 quae
1700 5198 1865 5253 supra
1896 5184 1998 5235 do-

417 5252 557 5314 cuit,
591 5250 845 5333 nimirum
878 5250 1153 5307 Justinum
1188 5254 1414 5333 Adriani
1448 5250 1691 5333 tempore
1719 5250 1996 5333 mortuum

417 5337 573 5389 esse;
606 5323 909 5376 secundum
941 5339 1101 5392 quem
1133 5324 1297 5392 paulo
1326 5332 1447 5392 post
1480 5323 1747 5378 Tatianus
1777 5324 1996 5393 prodie-

419 5393 531 5456 rit,
565 5407 594 5444 a
628 5407 738 5463 quo
779 5393 1071 5463 Encratitse
1116 5393 1380 5463 originem
1418 5397 1731 5463 acceperint
1762 5396 1865 5449 sub
1896 5395 2002 5446 An-

419 5463 614 5534 tonino
645 5462 781 5534 Pio:
810 5477 919 5531 quo
960 5462 1159 5534 eodem,
1184 5462 1506 5534 imperante,
1542 5462 1704 5534 atque
1753 5480 1897 5519 anno
1936 5465 1999 5516 il-

420 5531 530 5593 lius
564 5550 650 5589 xu
688 5532 974 5587 Montanus
1026 5531 1314 5587 exstiterit.
1362 5533 1466 5588 Sed
1501 5531 1632 5589 cum
1657 5552 1719 5588 cx
1774 5536 1839 5589 iis
1878 5550 1997 5604 quur.

2102 4694 2263 4765 paulo
2291 4700 2417 4765 ante
2449 4693 2724 4765 disputata
2773 4700 2923 4757 sunt,
2973 4698 3187 4748 constet
3219 4690 3505 4765 {iisunum
3542 4706 3667 4746 non-

2103 4760 2209 4820 nisi
2241 4765 2344 4819 sub
2364 4760 2553 4818 Marco
2566 4764 2787 4819 Aurelio
2813 4779 3035 4833 passum
3064 4778 3206 4823 esse.
3230 4760 3667 4833 Tatianumvero

2103 4836 2384 4904 aliquanto
2432 4835 2596 4888 etiam
2624 4831 2825 4905 postea
2850 4834 3098 4888 haeresim
3143 4831 3662 4905 suamfcon‘didisss,

2103 4901 2391 4959 manifesta
2437 4906 2523 4960 hic
2567 4901 2653 4960 est
2697 4914 3001 4972 temporum
3033 4904 3390 4972 perturbatio.
3421 4901 3576 4968 Quod
3609 4903 3663 4972 ad

2101 4974 2475 5046 Cataphrygas
2511 4982 2762 5046 spectat,
2793 4970 3058 5029 Eusebius
3089 4974 3147 5046 in_
3170 4970 3371 5046 Chron.
3425 4987 3570 5025 anno
3606 4970 3663 5024 Μ.

2100 5045 2305 5099 Aurelii
2350 5044 2405 5098 si
2458 5045 2648 5099 scribit
2681 5044 3085 5114 Cataphryguu
3136 5044 3668 5114 lnercsimLauctore

2103 5114 2358 5169 Montano
2379 5156 2393 5179 ,
2438 5125 2492 5169 et
2519 5114 2768 5169 Priscilla
2788 5154 2802 5175 .
2823 5103 2900 5168 'ac
2925 5103 3245 5174 Maximilla;
3267 5103 3554 5166 exordium
3593 5112 3666 5164 ha-

2103 5186 2308 5240 buisse.
2340 5183 2478 5239 Tum
2508 5200 2654 5238 anno
2675 5193 2938 5254 sequente
2962 5182 3271 5254 Encratitas
3295 5181 3531 5254 Tatiano
3547 5183 3667 5254 dure

2103 5254 2392 5326 prodiisse.
2428 5254 2559 5320 Qua:
2592 5255 2636 5309 si
2667 5251 2794 5308 vera
2824 5262 2972 5313 sunt.
3022 5252 3232 5305 'l'atiani
3277 5261 3331 5326 et
3379 5251 3666 5326 Encratita-

2106 5322 2223 5379 rum
2284 5326 2477 5380 haeresi
2547 5328 2784 5393 priorem
2834 5330 3049 5393 oportet
3115 5338 3237 5393 esse
3284 5322 3665 5393 Cataphrygum

2106 5396 2388 5462 haeresim;
2423 5392 2614 5449 contra
2644 5392 2954 5448 institutum
2984 5393 3051 5446 ab
3080 5392 3389 5461 Epiphanio
3415 5392 3663 5451 ordinem,

2108 5483 2171 5521 ac
2198 5467 2300 5522 sub
2324 5466 2549 5521 Aurelio
2580 5466 2848 5519 duntaxat
2877 5464 3208 5532 imperatore
3235 5464 3538 5517 cxst.tis.~'e.
