3866 6068
244 234 352 292 857

949 233 1316 290 ADVERSUS
1356 233 1695 290 HIERESES
1736 233 1863 290 LIB.
1907 233 1969 289 ll.
2012 234 2175 303 TOM,
2216 236 2260 292 I.
2299 235 2573 291 llAERI-JS.
2609 236 2835 293 XLVIII.

3412 239 3517 297 858

150 417 160 427 ,
246 357 343 410 καὶ
374 355 727 426 Πρίσκιλλαν,
768 354 863 409 καὶ
902 353 1270 424 Μαξιμίλλαν,
1295 354 1476 423 ἔχουσι
1514 354 1831 426 προφήτας;

1955 354 2251 424 ἐεἰρὶειιιιιι
2304 363 2454 415 sunt,
2510 355 2686 424 iisque
2740 353 3025 424 praeditam
3057 353 3359 410 Ecclesiam
3395 372 3518 413 esse

212 438 395 520 "'Apa
423 447 664 518 ’ήργησεν
689 448 724 517 ὴ
755 447 949 518 χάρις;
974 444 1088 498 Ούκ
1110 446 1271 519 ἀργεῖ
1295 445 1351 498 δὲ
1380 447 1413 515 ὴ
1442 444 1599 517 χάρις
1617 446 1674 497 ὲν
1697 442 1830 513 ἁγίᾳ

251 537 572 608 Ἐκκλησία·
609 536 686 608 μὴ
722 537 958 606 γένοιτοί
998 536 1060 588 Ei
1084 536 1143 589 δὲ
1182 536 1288 601 ἕως
1321 538 1466 601 τινὸς
1496 538 1833 609 προεφήτευ-

251 645 353 683 σαν
384 629 433 681 οἱ
463 626 963 697 προφητεύσαντες,
996 628 1090 681 καὶ
1122 628 1223 680 ούκ
1255 627 1335 680 ἔτι
1374 628 1829 699 προφητεύουσιν’

251 717 390 771 ἀλλὰ
420 717 544 772 οὔτε
570 718 893 789 Πρίσκιλλα,
920 715 1041 770 οὔτε
1067 717 1385 788 Μαξιμίλλα
1415 720 1834 789 προεφήτευσαν

253 807 397 877 μετὰ
423 805 524 870 τάς
550 806 888 877 προφητείας
934 805 1034 870 τὰς
1064 806 1154 860 διά
1183 806 1290 860 τῶν
1322 807 1493 876 ἁγίων
1523 807 1834 861 ἀποστόλων

254 899 314 951 ἐν
344 900 409 968 τῇ
439 896 573 967 ἁγίᾳ
597 895 898 965 Ἐκκλησία
929 896 1371 967 δοκιμασθείσας.
1420 899 1575 952 Κατὰ
1618 899 1710 952 δύο
1743 893 1834 952 οὖν

253 991 492 1060 τρόπους
518 986 907 1057 ἐλεγχθήσεται
942 989 976 1057 ή
1005 986 1169 1041 αὐτοῦ
1201 988 1376 1043 ἄνοια.
1409 989 1480 1041 Ἣ
1514 989 1624 1059 γάρ
1651 987 1836 1052 δείξω·

256 1097 343 1135 σιν
363 1075 502 1133 εἶναι
529 1078 812 1149 προφήτας
844 1078 981 1147 μετὰ
1009 1076 1375 1149 Μαξιμίλλαν,
1404 1079 1489 1132 ἵνα
1514 1080 1589 1150 μὴ
1616 1081 1834 1153 ἀργήση

254 1173 388 1245 παρ’
421 1172 603 1232 αὐτοῖς
635 1162 906 1239 λεγομένη
953 1167 1128 1239 χάρις·
1181 1168 1213 1240 ἢ
1254 1171 1299 1220 οἱ
1334 1170 1461 1240 περὶ
1493 1169 1834 1240 Μαξιμίλλαν

253 1261 699 1334 ψευδοπροφῆται
729 1259 1113 1329 εὑρεθήσονται
1149 1259 1288 1329 μετά
1313 1260 1401 1313 τὸν
1421 1261 1545 1330 ὅρον
1569 1259 1676 1313 τῶν
1707 1276 1840 1330 προ·

256 1351 505 1423 φητικῶν
533 1349 887 1422 χαρισμάτων
919 1348 1290 1420 τολμήσαντες
1310 1350 1408 1403 οὐκ
1430 1350 1537 1403 ἀπὸ
1559 1350 1654 1402 τοῦ
1681 1350 1836 1420 ἁγίου

254 1442 598 1512 Πνεύματος,
632 1436 748 1491 ἀλλ’
778 1437 885 1490 ἀπὸ
918 1437 1125 1508 πλάνης
1151 1438 1421 1508 δαιμόνων
1447 1439 1836 1511 ἐνθουσιασθῆ-

254 1554 370 1598 ναι,
410 1533 505 1588 καὶ
546 1530 816 1601 φαντάσαι
855 1531 982 1591 τοὺς
1014 1529 1310 1592 ἀκούοντας
1338 1529 1539 1594 αὐτῶν,
1565 1533 1657 1584 καὶ
1692 1533 1839 1597 ὅπως

257 1626 320 1691 ἐξ
347 1624 527 1679 αὐτῶν
556 1622 664 1677 τῶν
687 1622 818 1692 παρ’
846 1621 1031 1683 αὐτοῖς
1056 1620 1367 1691 λεγομένων
1393 1623 1421 1673 ὁ
1450 1622 1670 1692 ἐλεγχος
1702 1624 1837 1694 πρὸς

257 1717 458 1778 αὐτοὺς
492 1712 812 1785 ῥηθήσεται.
848 1711 1051 1765 Φάσκει
1088 1713 1196 1785 γάρ
1228 1714 1260 1782 ἡ
1300 1715 1431 1782 παρ’
1464 1713 1648 1777 αὐτοῖς
1685 1714 1840 1782 λεγο-
1874 1703 1911 1755 Β

258 1803 397 1874 μένη
422 1800 735 1872 Μαξιμίλλα
782 1801 1159 1871 ή’προφῆτις,
1217 1802 1321 1864 ὅτι,
1376 1802 1527 1872 φησὶ,
1572 1803 1709 1856 Μετ’
1736 1803 1841 1872 ἐμὲ

256 1892 556 1963 προφῆτις
589 1891 790 1946 οὐκέτι
821 1889 1017 1954 ἔσται,
1059 1891 1218 1946 ἀλλὰ
1250 1893 1591 1947 συντέλεια.
1623 1894 1756 1947 Ἰδοὺ
1787 1895 1843 1947 δὲ

257 1986 522 2041 πάντοθεν
553 1984 804 2055 φαίνεται
830 1983 892 2035 τὸ
925 1984 1142 2054 πνεῦμα
1168 1986 1266 2055 τῆς
1301 1986 1532 2056 πλάνης.
1569 1985 1709 2038 Ὅσα
1734 1986 1842 2058 γάρ

253 2078 310 2130 ot
345 2076 623 2149 προφῆται
664 2077 944 2147 εἰρήκασι,
987 2076 1080 2128 καὶ
1126 2076 1264 2145 μετὰ
1304 2076 1570 2139 συνέσεως
1604 2093 1846 2147 παρακο-

255 2168 580 2231 λουθοῦντες
636 2166 983 2235 ἐφθέγγοντο,
1047 2166 1142 2218 καὶ
1200 2166 1561 2237 ἐτελέσθησαν
1604 2168 1672 2220 τά
1716 2169 1844 2237 παρ’

258 2259 441 2316 αὐτῶν
483 2257 769 2330 είρημένα,
815 2257 908 2310 καὶ
954 2257 1033 2310 ἔτι
1082 2256 1405 2328 πληροῦται.
1453 2259 1602 2329 Λύτη
1639 2259 1694 2311 δὲ
1727 2256 1847 2313 εἷπε

262 2351 382 2424 μετ’
411 2350 584 2419 αὐτὴν
622 2345 761 2401 εἶναι
804 2347 1133 2400 συντέλειαν·
1164 2346 1259 2399 καὶ
1287 2346 1439 2400 ούπω
1470 2350 1845 2421 συνετελέσθη,

262 2442 500 2513 μάλιστα
522 2439 792 2492 τοσούτων
828 2438 1092 2509 βασιλέων
1118 2437 1448 2508 γενομένων,
1474 2441 1569 2493 καὶ
1592 2441 1847 2493 τοσούτου

259 2530 456 2603 χρόνου
502 2527 964 2599 ύπερὸεόηκότος.
1011 2528 1146 2597 Ἐτη
1194 2526 1303 2598 γάρ
1350 2530 1489 2580 εἰσιν
1526 2527 1712 2581 ἔκτοτε
1737 2530 1848 2601 (99)

261 2620 434 2675 πλείω
464 2620 498 2692 ἦ
540 2619 753 2673 ἐλάσσω
791 2618 1042 2671 διακόσια
1078 2619 1431 2688 ἐννενήκοντα
1462 2618 1565 2682 ἕως
1596 2621 1687 2673 τοῦ
1715 2623 1851 2692 ἡμε.

269 2713 426 2785 τέρου
473 2711 690 2784 χρόνου,
738 2709 1041 2763 δωδεκάτου
1073 2708 1226 2774 ἔτους
1255 2710 1723 2776 Οὐαλεντινιανοῦ,
1757 2714 1851 2766 καὶ

261 2806 585 2868 Οὐάλεντος,
622 2804 716 2857 καὶ
747 2799 1046 2874 Γρατιανοῢ
1073 2800 1368 2871 βασιλείας
1401 2802 1496 2856 καὶ
1516 2801 1694 2874 οὖτεή
1724 2820 1839 2857 συν.

261 2898 446 2955 τέλεια
490 2895 629 2951 κατὰ
672 2893 770 2966 τήν
816 2895 1102 2965 ἠχήσασαν
1149 2895 1349 2964 ἑαυτήν
1395 2896 1724 2968 προφήτιδα,
1776 2897 1849 2967 μὴ

1940 446 2219 510 convenit,
2276 462 2375 499 cur
2437 456 2560 514 post
2618 444 2956 508 Montanum,
3006 460 3068 497 ac
3096 443 3428 507 Priscillam,
3462 457 3518 503 et

1939 535 2291 590 Maximillam
2358 539 2540 589 nullos
2607 537 2808 590 habent
2879 537 3115 604 amplius
3178 537 3521 607 prophetas?

1946 624 2276 681 Divinumne
2316 635 2399 681 est
2450 644 2650 680 munus
2680 628 3051 681 exhaustum?
3086 628 3155 679 At
3188 629 3242 681 in
3278 628 3516 683 Ecclesia

1940 718 2211 772 catholica
2246 717 2467 773 minime
2503 719 2553 771 id
2588 719 2805 787 quidem
2834 728 2917 772 est
2946 717 3291 773 exhaustura.
3330 720 3515 775 Ahsit!

1941 807 2095 872 Quod
2143 808 2190 862 si
2221 807 2408 877 aliquo
2454 816 2615 862 tenus
2646 808 2924 878 prepbetae
2960 809 3240 863 vaticinati
3274 820 3425 872 sunt,
3464 821 3519 864 et

1940 897 2226 951 vaticinari
2285 897 2450 951 modo
2505 898 2790 966 desinunt,
2877 915 3226 968 consequens
3281 910 3367 956 est
3453 918 3520 956 ne

1942 984 2241 1057 Priscillam
2279 989 2500 1058 quidem
2553 999 2717 1058 atque
2774 988 3166 1053 Maximillam,
3220 990 3518 1045 secundum

1943 1079 2321 1147 apostolorum
2375 1080 2658 1143 vaticinia,
2727 1095 2846 1149 quae
2896 1080 2948 1133 in
3008 1079 3254 1135 Ecclesia
3302 1092 3520 1151 recepta

1945 1175 2094 1233 sunt,
2124 1170 2410 1222 oraculum
2445 1171 2617 1225 ullum
2642 1170 2905 1226 edidisse.
2939 1169 3305 1236 Quamobrem
3348 1174 3523 1226 utrin-

1942 1276 2048 1330 que
2073 1250 2293 1315 illorum
2353 1262 2569 1318 insania
2619 1263 3038 1333 constringitur.
3081 1261 3217 1316 Nam
3260 1273 3355 1318 aut
3391 1279 3520 1332 pro-
3558 1318 3565 1325 ,

1945 1353 2139 1421 phctas
2170 1365 2289 1423 post
2326 1353 2678 1409 Maximillam
2725 1354 2939 1423 aliquos
2973 1354 3261 1409 ostendant
3287 1373 3303 1422 ;
3335 1371 3405 1411 ne
3434 1371 3519 1424 ea.

1944 1460 2107 1514 quam
2150 1446 2229 1499 illi
2258 1447 2541 1513 jactitant,
2578 1447 2754 1518 gratia
2784 1447 3055 1502 exstincta
3089 1447 3376 1514 rideatur;
3431 1457 3525 1501 aut

1948 1534 2243 1589 yllaximilla
2301 1552 2423 1589 cum
2474 1539 2591 1592 suis
2627 1538 2777 1593 falsae
2814 1539 2958 1593 vatis
2985 1539 3203 1593 nomine
3237 1538 3529 1592 censenda:

1946 1633 2096 1687 sunt,
2145 1643 2266 1695 quae
2298 1638 2420 1696 post
2478 1630 2852 1697 praescriptum
2893 1628 3193 1698 prophetici
3239 1629 3366 1683 doui
3407 1628 3526 1682 oili-

1942 1717 2123 1786 ciique
2161 1728 2397 1786 tempus,
2451 1733 2562 1771 non
2597 1719 2773 1775 sancti
2807 1718 3068 1787 Spiritus,
3107 1720 3202 1774 sed
3239 1718 3470 1775 immissi
3495 1734 3526 1773 a

1944 1804 2288 1864 dtemonibus
2337 1811 2550 1865 erroris
2606 1810 2845 1864 aIIlatum
2908 1811 3198 1867 admittere
3237 1828 3348 1866 non
3400 1822 3528 1871 sunt

1943 1900 2150 1963 veritze,
2190 1915 2254 1954 ac
2295 1901 2412 1955 suis
2454 1901 2806 1957 auditoribus
2852 1902 3101 1957 illudere.
3137 1902 3427 1958 Enimvero
3462 1919 3528 1959 ex

1947 1992 2016 2047 iis
2073 1991 2207 2061 ipsis
2259 2008 2380 2062 qua:
2419 2002 2699 2055 asserunt,
2735 2008 2922 2048 eorum
2958 1994 3242 2048 mendacia
3276 1994 3529 2050 refellen-

1952 2092 2066 2139 tur.
2098 2082 2190 2137 Sic
2222 2085 2366 2138 enim
2403 2094 2554 2139 vates
2610 2084 2829 2138 illorum
2881 2084 3178 2139 Maximilla
3225 2086 3484 2154 praedicat
3514 2105 3526 2140 :

1942 2173 2078 2229 °Post
2111 2191 2190 2228 me
2224 2174 2374 2227 nulla
2429 2174 2658 2243 amplius
2703 2175 2805 2228 erit
2858 2173 3208 2242 prophetissa,
3265 2174 3353 2227 sed
3407 2174 3530 2242 ﬁnis

1948 2275 2208 2336 sequetur.
2254 2264 2428 2320 Vides
2458 2273 2517 2318 ut
2553 2264 2794 2333 undique
2817 2279 2876 2317 se
2907 2264 3100 2332 prodat
3130 2264 3335 2317 erroris
3364 2264 3532 2331 spiri-

1950 2365 2058 2412 tus.
2130 2356 2264 2410 Nam
2315 2372 2662 2426 qumcunque
2712 2357 2993 2426 propheta:
3049 2356 3217 2408 locuti
3278 2364 3427 2420 sunt,
3468 2371 3530 2408 ea

1951 2450 2189 2505 scientes
2237 2450 2708 2518 intelligentesque
2756 2446 3015 2500 dixerunt
3066 2464 3078 2499 :
3136 2444 3404 2514 planeque
3450 2445 3529 2496 uti

1954 2539 2202 2593 nuntiata
2259 2549 2387 2592 sunt
2421 2537 2775 2601 acciderunt,
2834 2544 2889 2590 et
2942 2536 3101 2589 hodie
3151 2534 3527 2604 perficiuntur.

1951 2632 2019 2683 At
2051 2630 2141 2683 illa
2181 2637 2302 2699 post
2339 2644 2398 2684 se
2429 2644 2609 2682 rerqu
2658 2626 2906 2681 oumium
2963 2626 3171 2680 exitum
3232 2624 3348 2678 fore
3396 2639 3529 2694 pra»

1952 2716 2119 2784 dixit;
2152 2717 2296 2787 quod
2328 2716 2592 2786 hactenus
2628 2712 2872 2769 nondum
2913 2712 3185 2766 accidisse
3216 2711 3534 2765 cernimus:

1955 2809 2252 2878 prccsertim
2287 2822 2410 2861 cum
2446 2815 2525 2863 tot
2557 2806 2660 2861 sibi
2727 2806 3086 2874 imperatores
3138 2803 3535 2858 successerint.

1955 2915 2017 2953 ac
2051 2907 2259 2953 tantum
2297 2898 2370 2954 sit
2402 2897 2661 2967 temporis
2698 2896 3076 2963 interlapsum.
3108 2890 3436 2963 Αιιιιίήοάι
3461 2891 3539 2945 si-

264 2990 504 3061 γνοῦσαν
537 2990 673 3060 μήτε
711 2989 809 3058 τὴν
844 2986 1062 3059 ἡμέραν
1092 2986 1194 3057 τῆς
1222 2988 1394 3058 αὐτῆς
1433 2988 1707 3059 τελευτῆς.
1742 2990 1850 3043 Καὶ

1955 2992 2173 3061 quidem
2217 2993 2280 3046 ad
2317 2992 2418 3045 hoc
2474 2999 2710 3060 tempus,
2759 2990 2851 3058 qui
2905 2998 2989 3043 est
3049 2986 3436 3050 Valentiniani,
3477 3000 3540 3038 ac

269 3084 401 3137 ἰδεῖν
424 3081 563 3145 ἐστι,
593 3078 712 3142 πῶς
747 3080 951 3140 πάντες
977 3078 1027 3130 οἱ
1058 3078 1167 3131 ἀπὸ
1195 3078 1297 3148 τῆς
1336 3079 1593 3148 ἁληθείας
1629 3081 1853 3144 ἑαυτοὺς

265 3170 751 3243 ἀλλοτριώσαντες,
786 3169 887 3221 οὐκ
916 3168 973 3221 ὲν
1003 3168 1293 3240 εὐσταθείᾳ
1310 3172 1415 3223 τινὶ
1437 3169 1594 3237 λόγου
1620 3173 1855 3242 μεμενή-

268 3279 449 3317 κασιν’
484 3260 599 3315 ἀλλ’
632 3261 708 3323 ὡς
740 3261 922 3329 νήπιοι
961 3261 1065 3313 ὑπὸ
1092 3258 1188 3312 τοῦ
1224 3260 1310 3313 ἀεὶ
1337 3260 1647 3324 πλανῶντος
1680 3261 1856 3330 ὄφεως

267 3352 809 3423 παραπεποιημένοι,
847 3353 927 3415 εἰς
958 3351 1235 3405 ἀπώλειαν
1253 3354 1475 3414 ἑαυτοὺς
1504 3352 1852 3406 ὲκδεδώκασι.

268 3446 382 3498 Καὶ
416 3446 497 3506 είς
534 3442 598 3495 τὸ
628 3440 880 3510 γενέσθαι
928 3440 1269 3512 κατάϐρωμα
1310 3441 1401 3494 τοῦ
1442 3440 1628 3506 λύκου,
1671 3443 1734 3495 ἐκ
1760 3443 1857 3513 τῆς

274 3536 520 3608 μάνδραις
543 3532 855 3606 αἱρεθέντες
890 3533 1355 3604 παρελκυσθῆναι,
1391 3535 1485 3587 καὶ
1514 3534 1686 3599 οὕτως
1719 3536 1857 3588 ἀπο-

269 3627 484 3690 λέσθαι,
518 3625 591 3697 μὴ
653 3625 987 3697 κρατοῦντες
1047 3626 1148 3697 τήν
1177 3627 1373 3697 ἀρχὴν,
1418 3626 1555 3680 ἀλλὰ
1612 3626 1861 3680 καταλεί-

269 3719 473 3788 ψαντες
515 3715 614 3786 τὴν
664 3713 944 3786 ἀλήθειαν,
994 3716 1052 3767 ὲν
1095 3716 1339 3784 ναυαγίῳ
1388 3716 1614 3778 ἑαυτοὺς
1657 3717 1750 3769 καὶ
1796 3718 1853 3769 ὲν

270 3809 507 3863 κλύδωνι
552 3810 653 3878 τῆς
687 3807 869 3877 πάσης
903 3806 1112 3877 πλάνης
1140 3806 1608 3878 παραδεδώκασιν.
1651 3808 1714 3860 Εἰ
1746 3807 1854 3879 γὰρ

272 3900 419 3968 λέξει
457 3899 800 3970 Μαξιμίλλα,
845 3900 928 3952 ὃτι
975 3900 1263 3971 προφήτης
1307 3898 1490 3952 οὐκέτι
1533 3898 1706 3962 ἔσται,
1750 3899 1858 3970 ἄρα

271 3994 493 4063 ἀναιρεῖ
521 3990 583 4043 τὸ
614 3986 754 4045 εἶναι
788 3990 917 4062 παρ’
950 3987 1136 4050 αὐτοῖς
1164 3989 1225 4041 τὸ
1256 3988 1519 4059 χάρισμα,
1548 3989 1642 4042 καὶ
1670 3990 1749 4052 είς
1778 3988 1857 4041 ἔτι

271 4082 435 4155 δεῦρο
465 4081 748 4154 φέρεσθαι.
781 4082 844 4135 Εἰ
877 4081 933 4134 δὲ
973 4081 1077 4145 ἓως
1106 4081 1295 4151 αὐτῆς,
1337 4080 1412 4143 ὡς
1444 4083 1703 4152 προεῖπον
1735 4080 1854 4150 μὲν,

273 4176 337 4230 τὸ
359 4176 626 4247 χάρισμα,
659 4173 768 4244 ἄρα
793 4175 889 4226 καὶ
918 4173 1057 4243 αὑτὴ
1085 4173 1145 4225 ού
1181 4172 1409 4243 μετέσχε
1447 4172 1552 4224 τῶν
1587 4171 1858 4244 χαρισμά-

275 4286 409 4322 των.

1961 3083 2225 3147 Valentis,
2266 3091 2318 3136 et
2349 3081 2594 3135 Gratiani
2649 3082 2998 3151 imperatoris
3052 3096 3230 3134 annus
3278 3094 3374 3140 xtl,
3420 3078 3540 3146 plus

1960 3177 2142 3231 minus
2173 3189 2304 3228 ccxc
2328 3180 2733 3236 numerantur;
2784 3180 2840 3225 et
2882 3180 3062 3224 tamen
3093 3170 3182 3223 hic
3221 3170 3307 3222 ille
3349 3167 3545 3239 praedi-

1960 3275 2083 3321 ctus
2110 3266 2177 3319 ab
2207 3264 2353 3318 inani
2407 3278 2637 3329 seseque
2694 3267 3008 3317 ostentante
3038 3260 3382 3330 prophetissa
3408 3273 3543 3311 non-

1962 3358 2091 3413 dmn
2153 3372 2334 3412 rerum
2399 3357 2581 3410 exitus
2644 3353 2865 3408 advenit
2906 3366 3072 3421 :qnte
3125 3350 3341 3420 quidem
3399 3348 3541 3402 diem

1963 3449 2147 3505 obitus
2190 3448 2276 3504 sui
2321 3447 2547 3504 minime
2590 3454 2927 3515 compertum
2979 3442 3191 3497 habuit.
3238 3439 3374 3492 llinc
3412 3439 3541 3492 illud

1964 3540 2150 3595 videre
2205 3539 2354 3601 licet,
2413 3552 2608 3592 omnes
2657 3536 2750 3606 qui
2813 3551 2871 3591 se
2913 3550 2942 3588 a
2975 3533 3203 3588 veritate
3233 3537 3540 3601 segregant,

1965 3631 2171 3684 nullam
2224 3630 2278 3682 in
2332 3627 2679 3684 sermonibus
2712 3627 2913 3681 habere
2972 3623 3383 3679 constantiam:
3425 3618 3542 3681 sed,

1953 3717 2244 3773 infantium
2276 3717 2545 3785 morebab
2588 3717 2885 3784 impostore
2950 3722 3201 3784 serpente
3251 3711 3532 3779 deceptos,

1961 3812 2104 3863 ultro
2171 3825 2230 3863 se
2287 3809 2340 3861 in
2403 3808 2629 3863 exitium
2695 3807 3101 3877 perniciemque
3160 3806 3535 3867 committere;

1959 3916 2085 3954 nam
2117 3915 2240 3954 eum
2270 3901 2517 3969 utalupo
2543 3897 2894 3960 devorentur,
2916 3910 2944 3948 a
2964 3896 3118 3947 caula
3141 3893 3355 3961 longius
3389 3893 3547 3945 aber-

1966 4007 2091 4045 rare
2121 4006 2184 4045 ac
2222 3991 2399 4061 perire
2438 3990 2729 4051 voluerint,
2785 4002 2896 4041 non
2944 3992 3156 4039 retento
3206 3982 3473 4052 principio
3498 3982 3541 4041 ⁸,

1966 4087 2059 4140 sed
2098 4084 2380 4155 repudiata
2415 4083 2661 4146 veritate,
2695 4082 2748 4135 in
2784 4079 3129 4148 naufragium
3184 4088 3546 4141 errorumque

1967 4178 2213 4232 omnium
2240 4184 2620 4246 tempestatem
2653 4189 2774 4229 sese
2805 4171 3177 4240 coniecerunt.
3203 4165 3337 4219 Nam
3369 4164 3414 4217 si
3444 4163 3547 4215 boc

1968 4267 2266 4322 Maximilla
2319 4267 2541 4332 dixerit,
2606 4265 2925 4335 prOphelam
2982 4259 3217 4329 amplius
3275 4255 3544 4311 neminem

278 4362 546 4425 futurum,
596 4360 841 4414 divinmn
881 4361 980 4413 hoc
1006 4359 1114 4413 illis
1155 4374 1356 4413 munus
1390 4358 1637 4414 intriditus
1688 4360 1872 4430 eripit,
1911 4370 1968 4416 ut
2002 4364 2068 4417 ad
2107 4362 2428 4417 hodiernum
2482 4369 2697 4430 tempus
2754 4358 2976 4412 minime
3004 4360 3335 4426 perseveret.
3386 4349 3543 4416 Quod

278 4454 323 4507 si
369 4451 436 4506 ad
475 4451 623 4505 illam
656 4464 851 4519 usque,
894 4455 955 4502 ut
1001 4457 1128 4503 ante
1191 4447 1457 4512 diximus,
1507 4448 1698 4504 eadem
1757 4460 2059 4521 propagata
2108 4438 2289 4522 gratia
2344 4457 2449 4515 est,
2491 4464 2559 4505 ne
2623 4448 2738 4518 ipsa
2779 4446 2997 4517 quidem
3064 4441 3327 4512 ejusmodi
3371 4439 3548 4494 dono-

280 4560 402 4599 rum
432 4557 657 4612 compos
681 4549 767 4597 est
796 4540 964 4597 facta.

349 4638 425 4690 1".
461 4636 808 4706 Πεπλάνηται
829 4635 958 4706 γάρ.
996 4636 1331 4707 Ἐσφράγισε
1359 4636 1467 4708 γάρ
1491 4638 1520 4689 ὁ
1541 4637 1746 4709 Κύριος
1771 4637 1869 4708 τὴν
1905 4642 1945 4695 D

280 4726 632 4798 Ἐκκλησίαν,
678 4727 773 4781 καὶ
821 4726 1140 4799 ἐπλήρωσεν
1185 4728 1324 4799 αὐτὴ
1355 4729 1370 4759 ⁸
1412 4728 1481 4782 τὰ
1523 4729 1855 4800 χαρίσματα.

283 4824 415 4877 Ὅτε
446 4822 555 4893 γάρ
591 4816 659 4892 ἦν
691 4819 872 4892 χρεία,
898 4822 957 4874 ὲν
984 4821 1295 4891 προφήταις
1335 4824 1391 4875 ὲν
1422 4821 1662 4893 ἀληθινῷ
1692 4824 1856 4875 πνεύ-

283 4930 437 4984 ματι,
477 4910 571 4964 καὶ
614 4909 901 4981 ὲρῤωμένῃ
938 4911 1168 4981 διανοίᾳ,
1220 4913 1312 4965 καὶ
1366 4912 1859 4983 παρακολουθοῦντί

279 5002 381 5073 νῷ.
421 5003 469 5055 οἱ
501 4999 666 5055 αὐτοῦ
726 4999 875 5068 ἅγιοι
912 5000 981 5053 τά
1022 5002 1200 5055 πάντα
1238 5005 1670 5074 προεφήτευσαν·
1699 5005 1862 5073 ὲμπι-

283 5092 561 5163 πλὼμενοι
589 5088 905 5161 Πνεύματος
932 5090 1110 5159 ἁγίου,
1142 5092 1282 5144 κατὰ
1305 5091 1401 5160 τὴν
1436 5091 1725 5158 ἀναλογίαν
1757 5090 1863 5143 τῶν

280 5189 351 5241 ὲκ
399 5182 717 5252 Πνεύματος
761 5183 1114 5252 χαρισμάτων
1156 5184 1369 5252 ἑκάστῳ
1412 5183 1722 5252 διδομένων,
1772 5184 1864 5233 καὶ

361 5343 378 5373 ¹
415 5341 475 5395 F.
503 5341 663 5412 αὐτῇ.
741 5341 762 5370 ⁸
786 5338 995 5394 Coluss.
1026 5353 1082 5395 tt,
1114 5338 1173 5390 l9

363 5496 472 5565 (99)
517 5496 640 5548 Ἔτι
680 5491 790 5563 γάρ
829 5495 987 5547 εἰσιν
1026 5487 1864 5565 ἔκτοτε.-νίιίιιιηῇίιι-ηιιηιειίὶε

284 5559 393 5626 εει.
425 5559 619 5619 Annus
641 5559 896 5618 Antonini
935 5580 1023 5616 XIX
1049 5561 1300 5629 congruit
1320 5576 1465 5613 anno
1491 5559 1695 5614 Christi
1722 5559 1823 5611 HG
1849 5576 1861 5621 ;

286 5653 471 5695 annus
503 5652 633 5691 vero
681 5633 1040 5688 Valentiniani
1079 5648 1148 5684 χιι
1200 5632 1451 5683 convertit
1500 5630 1700 5683 Christi
1738 5630 1859 5683 575.

2046 4634 2128 4688 Ill.
2195 4632 2302 4687 Sed
2362 4631 2621 4687 nimirum
2681 4630 3030 4685 vehementer
3092 4632 3262 4680 errat.
3328 4623 3543 4679 Etenim

1968 4723 2111 4780 Deus
2160 4723 2459 4778 Ecclesiam
2513 4737 2668 4776 suam
2720 4720 2866 4775 velut
2905 4715 3235 4787 obsignavit,
3270 4729 3333 4769 ac
3364 4714 3548 4769 divina

1965 4817 2056 4871 illa
2111 4826 2340 4871 munera
2402 4813 2716 4883 complevit.
2767 4808 3022 4877 Quandiu
3076 4807 3221 4861 enim
3262 4806 3547 4876 prophctis

1953 4922 2093 4975 opus
2156 4906 2280 4973 fuit,
2338 4913 2393 4960 et
2451 4904 2561 4958 veri
2605 4902 2845 4972 Spiritus
2905 4899 3189 4960 instinctu,
3222 4910 3346 4949 cum
3376 4894 3547 4948 animi

1963 5000 2236 5064 Iirmitatc,
2273 5010 2436 5069 atque
2466 4995 2800 5057 constantia,
2851 5001 2906 5046 et
2944 5006 3135 5045 eorum
3197 5002 3317 5057 quae
3364 4989 3551 5056 loque-

1962 5099 2154 5147 rentur
2210 5089 2568 5161 intelligentia
2635 5083 2970 5143 sanctissimi
3024 5080 3125 5135 viri
3200 5094 3297 5134 sua
3355 5079 3545 5132 omnia

1966 5196 2227 5250 responsa
2254 5189 2305 5234 et
2337 5180 2556 5234 oracula
2586 5176 2875 5238 dederunt,
2916 5173 3193 5241 iidemque
3225 5184 3323 5240 pro
3360 5169 3552 5238 cujus-

1974 5489 2273 5543 Discrimcn
2316 5497 2399 5543 est
2446 5487 2883 5541 annorum‘ﬂﬂO.
2938 5485 3119 5551 Itaque
3166 5500 3264 5553 pro
3304 5481 3556 5536 διακόσια

1972 5561 2344 5628 ἐννενήκοντα,
2379 5559 2726 5614 scribendum
2763 5560 2864 5614 I'ttit
2894 5557 3142 5610 διακόσια
3169 5554 3360 5608 εἴκοσι.
