4008 6078
445 216 550 274 859

1992 220 2333 280 EPIPHANII

3594 224 3689 282 860

444 346 556 404 que
609 344 998 387 concessorum
1040 345 1068 384 a
1109 338 1303 385 sancto
1361 330 1566 399 Spiritu
1613 332 1904 398 donorum,
1968 352 2027 390 ac

2151 340 2275 394 ιατά
2296 340 2394 411 τὴν
2419 339 2710 409 ἀναλογίαν
2743 341 2841 412 τῆς
2875 341 3106 405 πίστεως
3140 340 3273 413 πρὸς
3305 338 3366 394 τδ
3396 343 3688 414 συμφέρον.
3769 363 3782 375 ο

454 425 581 479 ﬁdei
636 426 868 488 ratione,
929 438 1274 479 communem
1337 424 1403 477 ad
1455 425 1740 479 utilitatem
1785 427 1875 480 illo
1908 428 2026 498 ipso

449 516 656 588 Spiritu
715 516 903 586 repleti
959 524 1106 571 sunt.
1165 514 1307 580 Quid
1356 514 1523 583 igitur
1598 516 1668 571 ab
1718 517 1823 573 illis
1847 520 2024 573 estad

453 608 735 664 hominum
789 607 1078 661 utilitatem
1141 606 1483 675 pratdictum,
1537 616 1631 661 aut
1664 624 1786 676 quae
1843 610 2026 663 habita

454 701 576 755 ﬁdei
632 700 807 754 ratio?
862 698 1053 753 Nonne
1096 699 1365 766 ejusmodi
1426 699 1607 768 potius
1663 700 1893 755 habendi
1953 702 2027 755 illi

451 803 601 856 sunt,
636 795 701 847 de
730 792 930 862 quibus
963 792 1186 847 locutus
1240 799 1325 847 est
1378 790 1675 847 Dominus:
1704 794 1971 848 Attendite
1998 813 2029 847 a

452 887 609 957 falsis
647 885 930 956 prophetis,
982 886 1069 955 qui
1108 886 1324 939 veniunt
1375 884 1443 937 ad
1484 902 1574 939 vos
1610 886 1663 938 in
1713 888 2028 939 vestimentis

450 978 646 1040 ovium,
679 978 993 1031 intrinsecus
1044 987 1218 1031 autem
1260 986 1381 1030 sunt
1420 976 1530 1046 lupi
1568 994 1786 1045 rapaces
1812 978 1863 1030 '?
1923 980 2032 1047 Age

452 1086 587 1125 vero
616 1085 739 1140 quae
801 1070 872 1125 ab
927 1069 1037 1124 illis
1086 1068 1346 1122 dicuntur
1371 1086 1494 1122 cum
1552 1070 1619 1123 iis
1645 1084 1767 1138 quae
1796 1069 1848 1122 in
1883 1078 2033 1121 utro-

453 1179 561 1233 que
587 1162 944 1218 Testamento
995 1176 1182 1217 revera
1236 1163 1607 1224 continentur,
1648 1176 1876 1231 quaeque
1914 1176 2035 1213 rer-

454 1256 670 1310 tissime
701 1264 855 1325 gesta
898 1269 962 1308 ac
1004 1253 1261 1324 praedicta
1294 1260 1443 1317 sunt,
1478 1262 1886 1322 comparantes,
1928 1254 2036 1309 disc

456 1368 751 1408 cernamus
794 1368 916 1423 qua:
971 1353 1043 1406 sit
1092 1367 1243 1416 vera,
1282 1366 1515 1421 quasque
1558 1349 1693 1405 falsa
1728 1351 2028 1421 prophetia.

458 1443 638 1498 Verus
664 1444 868 1514 quippe
924 1443 1187 1513 propheta
1239 1458 1363 1496 cum
1413 1442 1499 1496 sui
1552 1457 1800 1512 compos,
1833 1448 2037 1496 tumea

456 1550 580 1607 qua!
606 1534 822 1589 dicebat
873 1535 1207 1605 intelligens,
1267 1533 1447 1588 futura
1476 1534 1799 1598 nuntiabat;
1833 1548 2040 1602 proque

457 1642 526 1683 eo
546 1642 612 1682 ac
644 1625 887 1696 Spiritus
913 1635 1139 1681 sanctus
1165 1625 1479 1695 impulerat,
1503 1624 1783 1694 praecipuo
1801 1625 2037 1694 quodam

2128 433 2193 485 Τί
2215 430 2308 487 οὖν
2339 433 2618 504 συμφέρον
2652 427 2796 486 οῦτοι
2832 436 3145 506 εἰρήκασιν;
3181 432 3214 503 ἢ
3250 435 3401 485 ποῖον
3441 432 3694 499 ἀνάλογον

2128 524 2227 594 τῆς
2261 524 2522 589 πίστεωςς
2572 525 2696 589 Πῶς
2742 526 2799 579 δέ
2840 526 2961 594 οὐχὶ
3004 524 3201 593 μᾶλλον
3238 518 3380 577 οὗτοί
3413 524 3540 586 είσι,
3571 522 3693 594 περὶ

2127 607 2200 665 ὧν
2234 610 2387 667 εἶπεν
2412 618 2440 668 6
2463 614 2683 687 Κύριος,
2714 616 2795 668 ὃτι
2824 612 3157 682 Προσέχετε
3187 613 3306 667 ἀπὸ
3334 609 3452 665 τῶν
3483 609 3697 679 ψευδο-

2132 708 2469 776 προφητῶν,
2505 710 2722 772 οἵτινες
2748 707 3025 777 ἔρχονται
3051 706 3203 774 πρὸς
3230 703 3386 774 ὑμᾶς
3418 704 3487 757 ἐν
3528 701 3696 755 ἐνδύ-

2126 813 2277 866 μασι
2302 797 2634 866 προὸάτων,
2683 800 2911 852 ἔσωθεν
2934 797 3001 849 δέ
3038 800 3159 850 εἱσι
3194 796 3368 849 λύκοι
3404 794 3698 862 ἄρπαγεςῖ

2135 892 2526 963 Συγκρίνοντες
2557 892 2663 962 γὰρ
2686 892 2753 943 τά
2775 892 2903 962 παρ’
2932 890 3110 942 αὐτῶν
3137 887 3421 958 εἰρημένα,
3446 888 3541 939 καὶ
3566 887 3699 939 κατά

2134 985 2231 1055 τὴν
2265 984 2507 1038 Παλαιὰν
2537 984 2811 1055 Διαθήκην
2844 983 2936 1036 καὶ
2972 981 3176 1051 Καινὴν
3209 982 3264 1032 ἐν
3298 978 3525 1049 ἀληθείᾳ
3552 978 3696 1039 ὄντα,

2146 1077 2239 1127 καὶ
2271 1076 2328 1127 ἐν
2362 1075 2589 1145 ἀληθείᾳ
2617 1074 2904 1142 γενόμενα,
2945 1073 3040 1125 καὶ
3074 1068 3590 1142 προπεφητευμένα,
3622 1068 3703 1120 δο-

2137 1168 2464 1237 κιμάσωμεν
2491 1165 2621 1219 ποία
2650 1163 2952 1235 προφητεία
2982 1161 3258 1231 τυγχάνει,
3294 1161 3390 1214 καὶ
3423 1159 3552 1212 ποία
3577 1157 3689 1227 ψευο

2135 1256 2524 1328 δοπροφητεία.
2584 1257 2641 1309 ὐ
2690 1258 2974 1325 προφήτης
3018 1252 3157 1324 μετά
3194 1251 3585 1313 καταστάσεως
3622 1250 3703 1302 λο-

2136 1345 2370 1415 γισμῶν,
2401 1346 2493 1398 καὶ¹
2524 1344 3042 1416 παρακολουθήσεως
3063 1342 3261 1403 ἐλάλει,
3292 1342 3387 1395 καὶ
3418 1339 3704 1408 ἐφθέγγετο

2140 1438 2203 1489 ἐκ
2234 1436 2550 1507 Πνεύματος
2577 1434 2755 1502 ἁγίου,
2784 1433 2852 1487 τὰ
2873 1434 3051 1486 πάντα
3080 1432 3407 1504 ἐρρωμένως
3423 1429 3616 1496 λέγων·
3637 1427 3706 1489 ὡς

2140 1526 2403 1595 Μωῢσῆς
2429 1530 2462 1581 ό
2490 1526 2761 1595 θεράπων
2788 1525 2893 1579 τοῦ
2912 1522 3080 1591 θεοῦ,
3100 1522 3199 1577 καὶ
3222 1522 3439 1587 πιστὸς
3463 1522 3534 1574 ἐν
3554 1520 3704 1585 etiam.

2152 1619 2206 1671 Ὁ
2230 1617 2486 1684 βλέπων
2520 1619 2737 1688 ἐλέγετο
2762 1621 2790 1672 6
2819 1617 3106 1689 προφήτης
3142 1617 3199 1669 ἐν
3238 1617 3306 1685 τῇ
3350 1612 3565 1683 Παλαιᾷ
3596 1614 3714 1664 Δια-

457 1719 629 1775 animi
663 1721 863 1774 robore
893 1717 1183 1772 vaticinari
1227 1716 1457 1772 solebat.
1492 1716 1586 1771 Sic
1616 1732 1794 1770 servus
1823 1717 1911 1770 ille
1943 1715 2039 1769 Dei

2151 1712 2313 1790 θήκῃ,
2336 1704 2600 1778 Ὅρασις,
2626 1710 2809 1780 φησιν,
2841 1706 2922 1775 ἣν
2933 1703 3093 1761 εἶδεν
3128 1706 3365 1770 Ἡσαΐας
3389 1700 3715 1790 υἱὸςᾎμὼς

458 1810 686 1884 Moyses,
720 1828 782 1866 ac
798 1809 1145 1882 ﬁdelism5
1177 1809 1232 1862 in
1264 1807 1419 1862 domo
1434 1810 1477 1864 ⁸.
1500 1808 1653 1862 Unde
1686 1818 1740 1862 et
1771 1807 1949 1861 videns
1981 1807 2035 1861 in

457 1903 654 1959 Vetere
677 1902 1026 1957 Testamento
1048 1900 1310 1971 propheta
1332 1900 1536 1953 dicitur
1551 1900 1593 1952 ⁸.
1635 1899 1800 1962 Visio,
1829 1900 2033 1970 inquit,

457 2011 618 2065 quam
666 1994 797 2048 vidit
843 1992 1022 2047 Isaias
1044 1992 1189 2063 [ilius
1240 1994 1401 2045 Amos
1457 1990 1732 2060 propheta.
1770 1989 1888 2045 Vidi
1934 1991 2040 2044 Do-

459 2087 661 2141 minum
714 2086 977 2140 sedentem
1026 2099 1184 2153 super
1225 2083 1472 2158 tltronum
1503 2082 1766 2135 excelsum
1797 2091 1846 2135 et
1866 2083 2039 2135 eiera-

462 2188 594 2233 tum.
658 2178 725 2231 Et
756 2178 862 2232 vidi
891 2175 1155 2245 seraphim
1185 2183 1234 2229 et
1258 2173 1560 2234 cherubim;
1591 2183 1639 2226 et
1665 2175 1845 2227 audivi
1869 2190 2042 2227 vocem

461 2269 678 2324 Domini
731 2267 987 2321 dicentem
1020 2267 1089 2320 ad
1123 2282 1205 2320 me
1236 2282 1253 2319 :
1291 2264 1453 2329 Vade,
1494 2265 1581 2320 dic
1635 2266 1827 2335 populo
1882 2265 2041 2320 huic:

458 2358 662 2415 Auditu
691 2359 941 2425 audietis,
972 2370 1022 2413 et
1057 2374 1161 2412 non
1191 2357 1534 2428 intelligetis;
1562 2367 1611 2412 et
1636 2358 1864 2412 videntes
1902 2359 2044 2412 vide-

463 2453 609 2516 bitis,
631 2460 679 2506 et
705 2469 807 2507 non
828 2451 1091 2520 aspicietis
1110 2450 1151 2504 ⁸.
1175 2448 1307 2516 Quae
1330 2463 1454 2504 cum
1483 2450 1724 2505 audisset
1740 2465 1769 2503 a
1792 2452 2040 2515 Domino,

461 2553 578 2599 tum
607 2542 673 2598 ad
701 2545 962 2614 populum
999 2542 1268 2598 accedens
1312 2542 1387 2596 ita
1420 2543 1717 2597 narrabat:
1751 2540 1879 2595 Hac
1916 2541 2044 2596 dicit

465 2635 749 2690 Dominus.

543 2725 780 2781 Videsne
822 2725 1174 2795 intelligentis
1213 2723 1329 2779 haec
1378 2738 1509 2780 esse
1536 2739 1658 2793 quae
1708 2724 1874 2787 dicat,
1938 2738 2047 2777 non

467 2819 590 2890 ejus
615 2818 709 2889 qui
765 2828 920 2873 extra
959 2823 1285 2885 potestatem
1336 2816 1574 2870 exierit?
1614 2814 1748 2869 ham
1778 2815 2048 2883 ejusmodi

469 2925 575 2964 vos
602 2908 807 2962 nullam
836 2904 1007 2960 fuisse
1028 2905 1228 2959 mentis
1258 2904 1722 2974 perturbationem
1754 2904 2045 2974 signiﬁcat.

469 2998 549 3055 Ita
578 3007 805 3053 sanctus
825 2996 1072 3051 Ezechiel
1108 2996 1370 3066 prOpheta
1402 2995 1618 3051 dicente
1633 2996 1860 3052 Domino
1894 3014 1909 3054 :
1938 2995 2051 3050 Fac

471 3091 569 3146 tibi
595 3106 781 3160 panem
805 3089 858 3143 in
884 3098 1112 3143 stercore
1132 3088 1383 3150 humano,
1410 3089 1725 3159 respondit:
1749 3089 1922 3151 Absit,
1950 3087 2053 3141 Do-

470 3182 647 3238 mine!
704 3181 837 3236 nihil
875 3196 1105 3251 unquam
1142 3197 1416 3234 commune
1444 3189 1491 3234 et
1523 3179 1854 3233 immundum
1888 3181 2059 3233 intra-

468 3275 544 3332 vit
581 3275 636 3329 in
695 3291 750 3329 os
798 3291 968 3329 meum
997 3273 1039 3327 ⁸.
1075 3272 1211 3327 Cum
1245 3274 1390 3328 enim
1443 3272 1725 3326 minitandi
1751 3274 1923 3341 gratia
1954 3273 2056 3327 sibi

471 3383 504 3423 a
526 3367 754 3422 Domino
788 3366 995 3419 dictum
1028 3362 1161 3417 illud
1193 3363 1678 3428 animadverteret,
1716 3378 1822 3416 non
1854 3363 2001 3416 velut
2030 3380 2059 3418 e

473 3457 675 3512 mentis
693 3462 839 3510 statu
865 3453 1130 3522 dejectus,
1163 3451 1347 3506 statim
1383 3453 1563 3505 facere
1596 3451 1740 3504 istud
1768 3466 2059 3521 aggressus

472 3555 595 3614 est;
631 3546 723 3601 sed
763 3543 1041 3597 constanti
1076 3542 1244 3595 animi
1298 3543 1496 3595 robore
1535 3541 1818 3611 prteditus,
1860 3555 1922 3595 ac
1957 3542 2061 3596 sibi

474 3652 718 3710 praesens
776 3637 853 3689 ita
900 3632 1183 3702 respondit
1217 3651 1231 3690 :
1264 3631 1432 3697 Absit,
1464 3631 1727 3687 Domine!
1760 3632 1883 3687 Haec
1913 3633 2059 3686 enim

482 3727 870 3799 prophetarum
927 3738 1113 3778 revera
1167 3722 1383 3792 propria
1442 3730 1589 3786 sunt,
1618 3723 1712 3792 qui
1762 3722 1969 3775 ﬁrmam
1999 3736 2063 3775 ac

479 3819 730 3876 stabilem
769 3817 823 3870 in
858 3814 1066 3885 Spiritu
1100 3821 1292 3867 sancto
1325 3821 1559 3868 mentem
1592 3814 1848 3876 retinent,
1891 3827 1953 3867 ac
1974 3813 2064 3867 do-

478 3910 639 3967 cendi
678 3905 1136 3975 discernendique
1168 3904 1503 3959 facultatem.
1550 3903 1684 3957 Nam
1724 3902 1911 3958 Daniel
1950 3903 2065 3973 ipse

2145 1812 2178 1864 ὁ
2199 1789 2539 1876 προφήτης.
2575 1797 2778 1863 Εἶδον,
2813 1797 2967 1868 φησὶ,
2999 1794 3111 1848 τὸν
3136 1796 3357 1861 Κύριον
3386 1789 3719 1860 καθήμενον

2145 1902 2245 1955 ἐπὶ
2289 1898 2505 1968 θρόνου
2553 1891 2821 1963 ὑψηλοῦ,
2870 1888 2966 1942 καὶ
3018 1885 3376 1954 ἐπηρμένου.
3424 1883 3532 1937 Kal
3564 1879 3720 1937 εἶδον

2147 1990 2410 2060 σεραφὶμ
2431 1986 2529 2040 καὶ
2553 1983 2857 2054 χερουϐίμ·
2882 1978 2987 2032 καὶ
3012 1976 3249 2045 ἤκουσα
3276 1973 3483 2044 φωνῆς
3504 1974 3721 2043 Κυρίου

2146 2085 2449 2153 λεγούσης
2476 2079 2624 2148 πρός
2653 2092 2749 2147 με’
2790 2070 3017 2134 Βάδιζε,
3046 2066 3219 2124 εἷπον
3248 2067 3330 2134 τῷ
3356 2066 3486 2134 λαῷ
3518 2069 3717 2135 τούτῳ·

2161 2174 2331 2243 Ἀκοῇ
2361 2173 2682 2238 ἀκούσητε,
2714 2167 2813 2221 καὶ
2840 2166 2912 2219 οὐ
2934 2162 3018 2233 μὴ
3056 2159 3305 2231 μάθητεο
3338 2160 3437 2212 καὶ
3460 2159 3722 2223 ,βλέπον-

2152 2286 2252 2334 τες
2277 2265 2569 2334 βλέψητε,
2601 2261 2698 2315 καὶ
2727 2261 2799 2314 οὐ
2828 2256 2915 2327 μὴ
2952 2255 3139 2323 ἴδητε.
3169 2254 3280 2307 Καὶ
3304 2252 3547 2316 ἀκούσας
3577 2250 3730 2322 παρὰ.

2149 2366 2245 2419 τοῦ
2286 2363 2513 2435 Κυρίου,
2555 2357 2725 2414 ἐλθὼν
2776 2356 2911 2426 πρὸς
2951 2352 3041 2406 τὸν
3075 2349 3202 2402 λαὸν
3233 2348 3358 2419 ἔφη·
3403 2348 3547 2403 Τάδε
3571 2347 3729 2418 λέγει

2153 2460 2385 2528 Κύριος.

2226 2720 2337 2789 Οὐχ
2362 2719 2514 2789 ὁρᾷς,
2536 2717 2617 2769 ὅτι
2665 2706 3194 2784 παρακολουθοῦντος
3244 2708 3271 2759 6
3295 2703 3467 2771 λόγος,
3503 2696 3599 2753 καὶ
3637 2695 3739 2749 οὐκ

2115 2870 2124 2877 _
2158 2810 2529 2882 ἐξισταμένου,
2564 2806 2687 2860 οὔτε
2732 2805 2807 2867 ὡς
2842 2801 3196 2872 ἐξισταμένης
3218 2796 3495 2864 διανοίαςή
3520 2791 3736 2863 φθοτγὴ

2156 2906 2474 2968 ἀπεδίδοτο;
2517 2900 2791 2961 Ὡσαύτως
2838 2898 2894 2951 δὲ
2937 2895 3030 2949 καὶ
3076 2890 3331 2961 Ἰεζεκιὴλ
3366 2891 3393 2941 ὁ
3435 2887 3594 2955 ἅγιος
3643 2885 3737 2938 καὶ

2160 2997 2459 3070 προφήτης,
2488 2990 2703 3046 ἀκούων
2730 2989 2878 3060 παρὰ
2904 2985 3132 3057 Κυρίου,
3158 2984 3240 3037 ὅτι
3268 2980 3532 3047 Ποίησον
3561 2991 3741 3070 σεαυ-

2159 3066 2237 3152 τῷ
2262 3087 2443 3155 ἄρτον
2477 3082 2576 3136 ἐπὶ
2606 3081 2833 3146 κόπρου
2874 3075 3264 3145 ἀνθρωπείας,
3297 3072 3449 3138 ἔλεγε
3468 3087 3481 3100 ·
3540 3066 3739 3135 Mucia-

2153 3178 2300 3248 μῶς,
2336 3176 2540 3244 Κύριε·
2571 3170 2857 3226 οὐδέποτε
2874 3165 3079 3221 κοινόν
3110 3165 3216 3218 παὶ
3252 3162 3595 3231 ἀκάθαρτον
3613 3161 3738 3212 εισ-

2159 3247 2346 3337 ῆλθεν
2390 3269 2477 3331 εὶς
2541 3263 2607 3317 τὸ
2645 3263 2839 3331 στόμα
2886 3275 3028 3329 μου.
3075 3253 3362 3310 Γινώσκων
3393 3251 3504 3320 γὰρ
3543 3251 3643 3320 τὴν
3675 3247 3740 3301 δι’

2160 3358 2387 3428 ἀπειλὴν
2416 3358 2491 3425 (1)
2526 3352 2826 3424 λεγομένην
2857 3349 2991 3421 πρὸς
3016 3347 3174 3401 αὐτὸν
3201 3347 3357 3418 ῥῆσιν
3385 3344 3493 3397 ὑπὸ
3513 3342 3741 3413 Κυρίου,

2162 3452 2253 3505 καὶ
2279 3452 2396 3520 οὐχ,
2434 3448 2509 3511 ὡς
2536 3448 2595 3500 ἐν
2624 3445 2876 3499 ἐκστάσει
2904 3443 3142 3504 διανοίας
3167 3439 3487 3511 φερόμενος,
3516 3433 3745 3488 ἐπεϐἀλο

2160 3541 2281 3593 λετο
2329 3537 2486 3591 τοῦτο
2546 3536 2838 3607 πράττειν·
2889 3533 3001 3586 ἀλλ’
3040 3530 3190 3602 ἠξίου
3241 3526 3562 3601 ἐρρωμένην
3608 3525 3751 3594 ἔχων

2162 3634 2261 3704 τὴν
2296 3632 2551 3695 διάνοιαν,
2581 3629 2677 3683 καὶ
2703 3624 3238 3700 παρακολουθοῦσαν,
3276 3621 3371 3674 καὶ
3403 3619 3557 3687 ἔλεγε
3580 3635 3593 3646 ’
3625 3621 3750 3683 Mq-

2164 3724 2382 3795 δαμῶς,
2411 3725 2607 3792 Κύριε.
2632 3721 2816 3775 Ταῦτα
2834 3720 2941 3791 γὰρ
2964 3716 3179 3788 ἀληθῶς
3204 3713 3498 3787 προφητῶν
3528 3714 3586 3765 ἐν
3614 3710 3751 3782 ἁγίῳ

2166 3816 2444 3886 Πνεῦματι
2478 3813 2799 3884 ἐρρωμένην
2831 3810 3060 3881 ἐχόντων
3096 3808 3193 3878 τὴν
3223 3805 3485 3870 διάνοιαν,
3531 3803 3627 3856 καὶ
3654 3803 3753 3871 τὴν

2164 3905 2534 3967 διδασκαλίαν,
2556 3903 2651 3957 καὶ
2680 3902 2778 3973 τὴν
2801 3900 3077 3971 διαλογήν.
3121 3899 3177 3951 Ὀ
3206 3897 3262 3950 δὲ
3307 3896 3507 3967 Δανιὴλ
3538 3896 3640 3964 οὐχ
3662 3894 3752 3946 εὖ·

401 4045 409 4049 -
478 4016 665 4059 nonne
694 4000 886 4071 plenus
918 4000 1066 4052 oumi
1103 3996 1371 4064 sapientia
1405 3996 1595 4057 fuisse,
1621 4010 1853 4064 quaeque
1882 3995 2045 4048 animi

2169 3996 2416 4067 ρίσκεται
2452 3996 2632 4066 πάσης
2678 3995 2942 4055 συνέσεως
2971 3990 3241 4061 ἔμπλεως,
3269 3988 3362 4041 κα¹ι
3404 3990 3519 4050 τοῖς
3551 3988 3750 4059 φρονή-

481 4100 812 4166 conceperat
849 4092 1008 4162 plane
1049 4089 1385 4143 intellexisse
1421 4087 1638 4140 videtur
1686 4086 1735 4139 ’ἲ
1761 4087 1852 4156 qui
1883 4095 1936 4139 et
1968 4084 2045 4138 Na

2172 4104 2304 4158 μασι
2324 4083 2777 4157 παρακολουθῶν;
2803 4083 2862 4146 ὃς
2879 4082 2948 4134 τὰ
2977 4080 3275 4149 αἰνίγματα
3290 4077 3383 4130 τοῦ
3414 4075 3754 4146 Ναϐουχοδοο

481 4186 961 4247 buchodonosoris
1016 4182 1302 4253 aenigmata
1344 4179 1617 4241 dissolvit.
1657 4186 1711 4232 et
1744 4194 1864 4247 qua:
1895 4181 1943 4233 ei
1974 4193 2045 4249 pel

2169 4180 2344 4250 νόσωρ
2376 4178 2624 4239 ἐπέλυσε,
2650 4176 2744 4228 καὶ
2765 4174 2801 4227 ἃ.
2827 4176 3031 4235 ἐκεῖνος
3052 4171 3118 4225 δι’
3136 4169 3430 4240 ὀνειράτων
3465 4168 3754 4228 ἐθεάσατο,

485 4281 762 4339 somnium
795 4279 977 4333 oblata
1012 4276 1251 4339 fuerant,
1283 4272 1377 4329 sed
1409 4274 1559 4326 illum
1591 4273 1767 4341 ipsum
1804 4273 1895 4341 qui
1927 4272 2045 4325 vide

2169 4271 2265 4324 καὶ
2299 4271 2509 4340 ἀπέστη
2551 4269 2643 4321 ἀπ’
2675 4264 2840 4319 αὑτοῦ
2871 4263 2965 4316 τοῦ
2988 4261 3323 4341 ἐωρακὸτος,
3353 4258 3529 4322 οὕτως
3550 4262 3753 4327 ὑπομι-

484 4377 571 4425 rat
591 4369 912 4438 ellugerant,
943 4382 1049 4420 non
1083 4367 1240 4419 aliter
1276 4366 1332 4419 in
1361 4365 1675 4419 memoriam
1712 4362 1923 4417 reduxit
1966 4381 1978 4416 :
2012 4378 2041 4417 e

2174 4363 2403 4433 μνήσκει
2422 4379 2435 4391 ·
2469 4360 2564 4412 καὶ
2586 4360 2685 4431 τὴν
2709 4357 2953 4410 ἐπίλυσιν
2982 4353 3139 4415 εὐθὺς
3168 4352 3435 4421 ἐπέφερεν
3458 4350 3761 4421 ἐρρωμένη

486 4472 612 4513 cum
660 4454 848 4511 eadem
908 4454 1075 4506 animi
1116 4452 1392 4514 tlrmitate,
1428 4467 1492 4504 ac
1535 4450 1745 4505 caelesti
1790 4450 1882 4502 illo
1916 4448 2045 4503 dont

2169 4453 2519 4516 καταστάσει,
2542 4452 2634 4505 καὶ
2658 4447 2929 4520 ὑπερϐολῇ
2960 4444 3317 4516 χαρίσματος,
3353 4441 3759 4513 περιττοτέρως

487 4552 764 4609 uberrime
792 4549 1049 4620 perfusus
1081 4549 1215 4603 citra
1235 4548 1398 4601 ullam
1435 4561 1641 4601 moram
1673 4547 2045 4614 interpretatur:

2168 4546 2267 4616 τὴν
2299 4545 2556 4617 φρόνησιν
2579 4541 2714 4611 ἔχων
2742 4539 2882 4610 ὺπέρ
2926 4537 3103 4592 πάντα
3134 4533 3420 4604 ἄνθρωπον
3448 4531 3538 4584 διὰ
3574 4531 3637 4584 τὸ
3670 4529 3761 4599 χάι

488 4652 595 4709 est,
633 4656 759 4697 cum
790 4638 1080 4710 prudentia
1127 4637 1600 4707 intelligentiuque
1644 4637 1857 4691 caeteris
1887 4637 2045 4690 humi

2175 4653 2347 4709 ρισμα
2391 4635 2483 4689 τοῦ
2515 4634 2669 4702 ἁγίου
2704 4631 3043 4702 Πνεύματος,
3084 4628 3145 4681 τὸ
3189 4624 3407 4694 σοφίξον
3453 4624 3626 4687 ὄντως
3666 4622 3758 4675 τὸν

491 4733 656 4789 nibus
706 4731 1078 4793 antecelleret,
1139 4728 1210 4782 ob
1247 4744 1366 4783 eam
1430 4729 1639 4782 scilicet
1671 4743 1776 4796 qua
1811 4728 2045 4796 praeditu:

2175 4730 2481 4801 προφήτην,
2515 4728 2608 4780 καὶ
2643 4727 2769 4788 τοὺς
2798 4723 2884 4778 διὰ
2914 4721 3022 4776 ’τοῦ
3056 4723 3336 4792 προφήτου
3368 4717 3471 4787 τῆς
3502 4716 3761 4769 διδασκα-

492 4831 613 4881 erat
650 4822 891 4894 Spiritus
949 4821 1125 4877 sancti
1158 4821 1412 4891 gratiam,
1443 4836 1564 4891 quae
1614 4836 1720 4874 non
1754 4821 1915 4874 modo
1945 4836 2069 4889 pro-

492 4919 709 4990 phetam
741 4917 1022 4981 informat,
1058 4917 1151 4971 sed
1201 4923 1253 4970 et
1307 4930 1408 4970 nos
1436 4931 1647 4975 omnes.
1683 4915 1882 4984 quibus
1924 4915 2071 4970 illius

492 5012 829 5067 adminiculo
867 5009 1010 5067 Deus
1066 5010 1372 5065 doctrinam
1420 5007 1668 5061 veritatis
1709 5008 1967 5077 impertit.
2004 5010 2071 5061 At

2174 4822 2294 4884 λίας
2322 4821 2418 4891 τῆς
2439 4819 2696 4890 ἀληθείας
2724 4813 3204 4885 καταξιουμένους.
3239 4813 3307 4863 Ἀ
3338 4808 3395 4862 δέ
3426 4802 3572 4862 οὗτοι
3588 4809 3758 4872 ἐπαγ-

2176 4913 2454 4982 γέλλονται
2480 4908 2865 4981 προφητεύειν,
2894 4906 3014 4961 οὑδέ
3034 4901 3419 4965 εὐπαθοῦντες
3444 4898 3757 4970 φανοῦνται,

2175 5005 2297 5059 οὔτε
2324 5002 2760 5076 παρακολουθίαν
2788 5002 2946 5069 λόγου
2973 4999 3205 5069 ἔχοντες.
3233 4995 3376 5062 Λοξὰ
3397 4996 3510 5065 γὰρ
3540 4993 3607 5045 τὰ
3630 4990 3757 5058 παρ’

492 5113 685 5159 contra
708 5124 828 5175 qua:
861 5106 950 5161 isti
989 5105 1291 5160 vaticinare
1320 5118 1377 5159 se
1399 5101 1675 5171 jactitant.
1708 5115 1885 5169 neque
1918 5109 2045 5155 cert:

2176 5098 2354 5152 αὐτῶν
2389 5101 2628 5171 ῥήματα,
2654 5098 2748 5152 καὶ
2782 5093 3044 5164 σκαληνὰ,
3077 5093 3170 5147 καὶ
3188 5090 3446 5161 οὐδεμιᾶς
3471 5087 3759 5159 ὀρθότητος

494 5208 619 5247 cum
653 5196 819 5248 animi
853 5196 1105 5248 llrmitate
1139 5193 1457 5263 praedicant,
1500 5207 1600 5245 nec
1626 5196 1747 5260 quae
1774 5191 1964 5245 dicunt
1990 5192 2068 5244 in—
2175 5192 2428 5263 ἐχόμενα.

495 5288 797 5356 telligentia
826 5300 1257 5359 consequuntur.
1293 5288 1396 5343 Sed
1437 5288 1657 5357 obliqua
1697 5293 1825 5341 sunt
1893 5287 2108 5341 illorum
2164 5302 2228 5342 ac
2286 5289 2540 5359 perplexa
2582 5287 2765 5348 verba,
2834 5302 2935 5340 nec
2985 5284 3119 5339 recti
3175 5279 3402 5335 onmino
3460 5276 3754 5346 quidquam

495 5379 769 5436 eliutiunt.

578 5473 593 5502 ¹
623 5469 812 5524 Matth.
840 5487 935 5532 vn,
968 5470 1050 5524 15.

500 5545 522 5576 ⁸
557 5542 690 5596 Dan.
723 5540 873 5605 ",27
918 5557 1039 5609 sqq.

576 5634 650 5699 (Ι)
692 5631 1013 5685 Γινώιντκωι·
1059 5632 1165 5697 ν’(ρ
1199 5632 1307 5695 τὴν
1342 5631 1411 5681 δι’
1442 5632 1723 5695 (inut/1r.
1772 5630 1842 5683 De
1877 5631 1975 5683 hoc
2002 5630 2077 5683 di-

506 5706 706 5759 vinitus
750 5706 894 5758 edito
930 5705 1202 5773 pt‘ttpllt‘lilt
1237 5700 1488 5753 tutandum
1522 5704 1890 5769 ronsttlc‘quac
1927 5717 1954 5753 at
1988 5717 2074 5756 sa-

3253 5459 3273 5488 ⁶
3299 5454 3496 5509 Ezech.
3565 5471 3633 5516 tr,
3669 5450 3751 5504 l5.

1127 5475 1145 5503 ¹
1178 5470 1336 5524 Num.
1371 5488 1467 5530 ιιι,
1505 5474 1554 5535 '7;
1596 5472 1755 5525 llehr.
1795 5488 1877 5535 Ill,
1907 5476 1961 5526 2.

2151 5466 2278 5537 Reg.
2309 5482 2383 5527 Ix,
2416 5465 2466 5520 9.
2511 5465 2530 5495 ⁸
2561 5463 2660 5519 Isa.
2699 5478 2734 5525 ι,
2779 5462 2829 5527 Ι;
2869 5478 2940 5525 \‘l,
2985 5461 3006 5513 1
3055 5475 3174 5527 sqq.

2184 5642 2400 5681 crurum
2461 5623 2747 5679 Librorum
2800 5619 3184 5689 interpretibus
3249 5616 3522 5671 uberrime
3566 5611 3760 5678 dispu-

2183 5707 2382 5753 lantur.
