3866 6068
191 237 289 294 861

897 238 1270 296 ADVERSUS
1309 237 1656 296 IUEBESES
1689 239 1820 300 LIB.
1859 241 1926 300 II.
1967 241 2131 301 Τοὶί.
2172 242 2213 298 l.
2254 243 2530 300 HERES.
2571 243 2798 302 XLVIII.
2897 217 2905 226 I

262 353 338 404 Δ’.
367 351 542 415 Εὑθὺς
571 349 684 424 γὰρ
723 355 754 407 ὁ
797 354 1075 418 Μοντανός
1111 373 1305 426 φησιν·
1358 357 1509 412 Ἰδοὺ
1547 357 1767 427 ἅνθρω-

1937 358 2027 416 ιγ.
2060 360 2152 416 Sic
2175 361 2320 416 enim
2347 360 2657 426 Montanus,
2675 361 2905 432 exempli
2936 363 3130 432 gratia,
3159 363 3404 432 loquitur
3429 385 3443 421 :

195 459 308 508 πος
330 441 471 496 ὡσεί
501 443 656 512 λύρα
673 459 687 470 ·
721 443 883 514 κάγὼ
909 445 1151 515 ἵπταμαι
1175 447 1315 501 ὡσεί
1339 447 1664 516 πλῆκτρον.
1706 449 1768 503 '0

187 533 502 600 ἠνθρωπος
516 531 790 602 κοιμᾶται
813 551 826 564 ο
863 535 1024 604 κάγὼ
1047 537 1333 606 γρηγορῶ.
1369 539 1524 593 Ἰδοὺ
1552 541 1768 608 Κύριός

191 623 363 676 ἐστιν·
383 625 418 676 ό
441 622 755 677 exercier
789 626 804 656 ί
828 625 1076 692 καρδίας
1089 627 1433 696 ἀνθρώπων,
1454 631 1551 688 καὶ
1565 629 1769 696 διδοὺς

191 714 438 783 καρδίας
463 713 816 783 ἀνθρώποις.
841 717 939 780 Τίς
969 717 1148 772 τοίνυν
1171 718 1280 772 τῶν
1303 721 1770 792 παρακολουθούν-

190 822 318 868 των,
343 804 436 858 καὶ
469 803 607 874 μετὰ
639 805 908 869 συνέσεως
927 806 1230 877 δεχομένων
1256 810 1346 863 τὸν
1365 811 1463 880 τῆς
1501 811 1769 880 ὠφελείας

189 893 366 961 λόγον,
395 893 491 947 κα)⁵
512 894 612 965 τῆς
641 895 848 949 ἑαυτῶν
871 895 1018 965 ζωῆς
1046 899 1474 970 ἐπιμελομένων,
1507 903 1566 954 οὑ
1607 919 1771 956 κατα-

189 983 456 1054 γνώσεται
481 985 582 1056 τῆς
604 985 860 1057 τοιαύτης
881 1005 1234 1061 παραπεποιη
1244 990 1410 1062 μένης
1441 991 1768 1057 ὑποθέσεως,

189 1071 398 1127 καὶτοῦ
422 1071 578 1141 λόγου
600 1073 696 1126 τοῦ
732 1074 1026 1146 αὑχοῦντος
1049 1077 1240 1131 ἑαυτὸν
1261 1079 1319 1131 ἐν
1349 1081 1655 1152 προφήταις
1680 1099 1772 1134 κα-

189 1163 526 1232 ταλέγεσθαι,
579 1165 654 1235 μὴ
687 1165 984 1236 δυναμένου
1025 1167 1090 1220 τὰ
1122 1169 1281 1238 ὃμοια
1327 1169 1507 1238 λέγειν
1559 1173 1772 1242 προφή-

189 1271 310 1318 ταις
333 1271 348 1320 ;
383 1252 523 1308 Οὑτε
551 1255 659 1327 γὰρ
689 1257 914 1326 Πνεῦμα
940 1257 1093 1327 ἅγιον
1122 1259 1384 1330 ἐλάλησεν
1411 1263 1469 1314 ὲν
1493 1262 1663 1333 αὑτῷ.
1698 1263 1772 1316 Τὸ

186 1342 296 1414 γὰρ
339 1345 556 1398 εἰπεῖν’
605 1345 980 1416 Ἔφίπταμαι,
1027 1349 1122 1402 καὶ
1163 1351 1458 1418 πλήσσω,
1499 1353 1594 1407 καὶ
1627 1371 1768 1424 mn-

189 1431 366 1504 νορῶ,
413 1435 510 1488 καὶ
536 1435 742 1504 ἐξιστᾷ
777 1439 990 1506 Κύριος
1031 1441 1298 1509 καρδίας,
1327 1443 1648 1498 ὲκστατικοῦ
1681 1447 1774 1517 ῥή-

191 1540 336 1593 ματα
385 1523 621 1596 ὑπάρχει
665 1525 859 1590 ταῦτα,
902 1529 995 1580 καὶ
1041 1529 1160 1600 οὐχὶ
1207 1532 1767 1602 παρακολουθοῦντος.

187 1615 324 1670 ἀλλὰ
351 1615 515 1670 ἄλλον
539 1619 862 1690 χαρακτῆρα
897 1619 1335 1687 ὑποδεικνύοντος
1379 1625 1529 1696 παρά
1555 1626 1647 1678 τὸν
1674 1645 1768 1697 χα·

1867 442 2003 499 Ecce
2023 446 2178 502 homo
2208 456 2458 516 tanquam
2483 449 2621 520 lyra,
2655 466 2748 520 ego
2765 466 2881 504 vero
2903 467 2994 504 ceu
3025 451 3276 519 plectrum
3310 455 3444 510 voto.

1870 533 2042 588 Homo
2063 535 2260 590 dormit
2285 553 2304 601 ,'
2351 553 2442 608 ego
2469 555 2585 592 vero
2645 540 2818 610 vigilo.
2871 537 3002 593 Ecce
3045 541 3302 596 Dominus
3348 555 3444 605 est,

1867 629 1956 700 qui
1981 628 2144 683 corda
2177 628 2444 684 hominum
2468 633 2521 686 in
2570 643 2837 702 stuporem
2875 634 3048 696 vertit,
3081 643 3129 688 et
3163 635 3326 687 corda
3355 635 3445 688 dot

1867 719 2187 775 hominibus.
2219 719 2354 786 Quis
2381 730 2464 776 est
2495 722 2680 794 igitur,
2725 725 2816 794 qui
2847 725 2891 780 si
2928 725 3276 780 utilissimam
3325 725 3445 780 fidei

1869 813 2178 868 doctrinam
2238 817 2520 886 percipiat,
2562 817 3033 888 intelligentiaqne
3085 817 3250 890 406
3291 833 3447 872 com-

1873 901 2200 973 prehendat,
2233 918 2297 958 ac
2345 905 2469 958 vitae
2501 919 2612 958 Sine
2663 905 2978 958 nonnullam
3011 919 3199 958 curam
3231 905 3446 969 habeat,

1871 1009 1981 1048 non
2013 1002 2394 1064 argumentum
2431 995 2745 1067 istiusmodi
2775 996 2845 1050 ab
2868 995 3046 1052 otioso
3070 994 3290 1049 homine
3322 1009 3449 1049 con-

1873 1084 2080 1149 fictum,
2120 1095 2175 1141 et
2209 1087 2540 1158 arrogantia;
2569 1089 2784 1156 plenam
2828 1087 2948 1156 ejus
2980 1087 3284 1142 orationem
3317 1101 3449 1141 eon-

1869 1176 2109 1242 demnet,
2127 1176 2219 1247 qui
2233 1193 2292 1232 se
2313 1178 2698 1248 prephetarum
2715 1193 2941 1232 numero
2961 1177 3258 1231 insolenter
3277 1178 3450 1230 ascri-

1871 1266 1982 1331 bat,
2010 1281 2135 1321 cum
2162 1268 2378 1322 interim
2408 1268 2599 1324 eadem
2633 1269 2834 1332 dicere,
2869 1284 2988 1338 qua:
3014 1269 3140 1322 olim
3177 1267 3449 1336 prophetae

1871 1357 2192 1426 nequeant?
2239 1356 2357 1413 Non
2411 1360 2558 1414 enim
2599 1359 2840 1430 Spiritus
2880 1367 3105 1414 sanctus
3155 1358 3206 1412 in
3240 1358 3332 1411 illo
3369 1359 3440 1410 lo-

1871 1456 2030 1502 cutus
2059 1454 2162 1502 est.
2195 1449 2372 1518 Atque
2435 1448 2552 1503 haec
2587 1449 2704 1518 ipsa
2737 1449 2938 1503 verba:
2992 1447 3138 1510 Volo,
3174 1455 3229 1500 et
3265 1463 3448 1516 percu-

1872 1537 1966 1602 tio,
1996 1547 2051 1592 et
2074 1538 2254 1610 vigilo,
2308 1549 2361 1594 et
2395 1538 2651 1594 Dominus
2696 1539 2856 1594 corda
2885 1541 2939 1592 in
2978 1549 3242 1607 stuporem
3271 1540 3445 1600 vertit,

1873 1624 2066 1682 furiosi
2105 1627 2344 1682 hominis
2374 1627 2542 1683 verba
2579 1637 2728 1692 sunt,
2762 1612 3092 1698 minimeque
3119 1643 3237 1697 quq:
3272 1627 3450 1696 loqui-

190 1705 438 1778 ρακτῆρα
461 1707 555 1761 τοῦ
575 1707 734 1773 ἁγίου
763 1708 1099 1780 Πνεύματος,
1130 1711 1224 1765 τοῦ
1253 1715 1312 1768 ὲν
1339 1718 1647 1786 προφήταις
1673 1718 1764 1770 λε-

1874 1723 1962 1770 tur
1989 1719 2332 1787 assequentis
2358 1735 2372 1772 :
2401 1719 2456 1772 in
2487 1734 2596 1788 quo
2627 1721 2732 1772 alia
2754 1735 2980 1788 prorsus
3012 1730 3140 1772 nota
3173 1720 3450 1788 figuraque

187 1797 501 1868 λαληκότος.

257 2064 318 2116 Εἰ
345 2063 403 2117 δὲ
443 2063 729 2136 Θελήσουσι
771 2067 1142 2139 παραπλέκειν
1175 2073 1240 2140 τῇ
1284 2071 1510 2144 ἀληθεία
1552 2074 1610 2128 τὸ
1640 2075 1767 2144 ψεῦ-

189 2151 295 2218 δος,
323 2157 417 2210 καὶ
454 2157 668 2224 ἀγνοεῖν
703 2157 795 2211 τὸν
825 2158 950 2212 νοῦν
993 2159 1081 2213 τὸν
1111 2159 1211 2231 τῆς
1240 2163 1526 2234 ἀκριϐείας
1571 2168 1765 2238 ἐπιμε-

187 2243 428 2316 λόμενον,
480 2246 695 2311 ἑαυτοῖς
734 2247 792 2301 δὲ
833 2249 1188 2320 ἐπισωρεύειν
1217 2251 1424 2319 λόγους,
1461 2253 1528 2306 δι’
1559 2249 1632 2309 ὧν
1660 2274 1764 2311 πα-

191 2336 638 2410 ραποιητεύονται
665 2339 764 2411 τὴν
790 2340 1000 2394 ἑαυτῶν
1023 2343 1249 2412 πλάνην,
1277 2346 1468 2415 ὁμοίαν
1495 2349 1616 2401 τινὰ
1640 2351 1766 2405 ἀπο-

187 2427 396 2484 τελέσαι
449 2431 892 2502 παραστήσουσιν
937 2432 1044 2486 ἀπὸ
1089 2435 1184 2487 τοῦ
1209 2435 1306 2506 τὴν
1339 2436 1500 2504 ἁγίαν
1542 2439 1764 2511 Γραφὴν

189 2520 501 2592 εἰρηκέναιο
551 2520 870 2576 Ἐπέϐιιλεν
902 2526 940 2576 ό
975 2523 1119 2590 Θεὸς
1165 2525 1459 2580 ἔκστασιν
1504 2529 1603 2582 ἐπὶ
1659 2530 1766 2584 τὸν

200 2607 388 2679 Ἀδὰμ,
430 2609 536 2664 καί
571 2609 844 2665 ὕπνωσε·
879 2612 972 2665 καὶ
1011 2611 1195 2666 οὐκέτι
1225 2613 1408 2684 ὅμοιον
1438 2613 1594 2669 τοῦτο
1623 2617 1764 2670 ὲκεί-

187 2718 292 2755 νου.
324 2702 396 2754 υὺ
439 2700 554 2773 γὰρ
599 2703 690 2756 καὶ
737 2701 970 2756 ἐνταῦθα
1013 2703 1173 2774 σῶμα
1205 2703 1396 2774 ἔμελλε
1445 2705 1702 2762 πλάσσειν
1735 2710 1764 2762 ὁ

185 2789 330 2858 Θεὸς,
355 2791 450 2867 ἀφ’
487 2784 548 2844 οὗ
573 2793 652 2855 εἰς
699 2791 954 2845 ἔκστασιν
983 2791 1196 2863 ἔφερεν,
1231 2793 1318 2848 ἵνα
1346 2795 1414 2849 τὰ
1459 2797 1620 2868 ὃμοια
1675 2799 1765 2852 ἐπ-

185 2881 375 2954 ενέγκῃ
428 2883 505 2936 δι’
555 2881 858 2954 ὑπερϐολὴν
891 2885 989 2954 τῆς
1037 2883 1474 2955 φιλανθρωπίας⁸
1527 2887 1605 2957 τῷ
1655 2889 1766 2962 γὰρ

197 2971 361 3043 ’Δδάμ
395 2973 675 3042 ἐπήνεγκε
701 2971 799 3042 τὴν
825 2971 1080 3026 ἔκστασιν
1107 2972 1202 3026 τοῦ
1235 2973 1422 3040 ὑπνου,
1453 2976 1553 3030 οὑκ
1579 2977 1768 3034 ἔκστα-

1872 1809 2140 1872 cernitur,
2195 1826 2359 1880 quam
2419 1827 2540 1880 quae
2587 1813 2823 1879 Spiritus
2858 1813 3053 1874 sancti,
3079 1813 3171 1882 qui
3205 1828 3297 1880 per
3324 1828 3451 1882 pro-

1873 1900 2065 1971 phetas
2094 1901 2222 1954 olim
2277 1902 2493 1956 locutus
2521 1909 2606 1956 est
2639 1917 2900 1972 germana
2951 1903 3199 1958 videatur
3233 1920 3294 1956 ac
3325 1917 3452 1972 pro-

1873 1992 2010 2063 pria.

1942 2079 2099 2145 Quod
2129 2081 2176 2136 si
2197 2081 2413 2138 veritati
2470 2082 2813 2138 mendacium
2842 2081 3148 2137 admiscere
3173 2081 3444 2137 voluerint

1871 2179 1925 2224 et
1941 2178 2258 2226 accuratum
2290 2187 2572 2228 sacrarum
2601 2171 2929 2227 Litterarum
2956 2171 3306 2227 dissimulare
3327 2187 3456 2226 sen-

1871 2275 2016 2324 sum,
2037 2273 2110 2313 -ac
2143 2260 2262 2313 loca
2297 2260 2544 2330 quaedam
2578 2261 2953 2325 accumulare,
2983 2261 3184 2330 quibus
3207 2276 3448 2316 errorem

1873 2366 2034 2405 suum
2072 2351 2401 2421 procedant,
2455 2362 2509 2407 et
2541 2352 2744 2407 divinis
2775 2352 3014 2408 oraculis
3044 2367 3204 2422 quam
3238 2351 3455 2406 similli-

1872 2457 2020 2496 mum
2059 2440 2306 2506 reddant,
2341 2451 2471 2512 puta
2531 2443 2676 2514 quod
2715 2443 3000 2514 Scriptura
3032 2443 3267 2498 dixerit:
3298 2441 3451 2496 Misit

1872 2531 2011 2587 Deus
2067 2533 2344 2600 ἔκστασιν,
2380 2536 2482 2590 hoc
2510 2545 2592 2590 est
2641 2553 2900 2605 soporem,
2937 2537 2990 2590 in
3019 2536 3212 2598 Adam,
3246 2545 3296 2590 et
3322 2535 3451 2589 dor-

1873 2625 1986 2678 miit
2008 2623 2053 2688 ⁸,
2079 2625 2256 2680 sciant
2282 2627 2440 2698 longe
2469 2627 2632 2681 aliam
2659 2628 2746 2682 hic
2773 2642 2917 2690 esse,
2951 2643 3114 2698 quam
3149 2627 3200 2680 in
3233 2626 3448 2682 illorum

1872 2717 2092 2787 negotio
2125 2719 2412 2789 rationem.
2444 2717 2564 2772 Non
2587 2719 2730 2778 enim
2770 2719 2918 2790 quod
2951 2719 3017 2773 ad
3055 2718 3192 2772 istos
3233 2716 3447 2776 attinet,

1871 2821 2072 2860 novum
2096 2806 2370 2877 quoddam
2403 2824 2606 2878 corpus
2637 2825 2666 2862 a
2694 2807 2802 2864 Deo
2835 2808 3254 2880 designabantur;
3289 2807 3450 2874 cujus

1871 2895 2071 2968 gratia,
2097 2899 2242 2968 quod
2263 2899 2393 2952 olim
2430 2897 2640 2953 Adamo
2693 2899 2918 2956 fecerat.
2949 2914 3047 2968 pro
3077 2913 3176 2952 sua
3213 2896 3454 2966 benigni-

1873 2997 1982 3044 tate
2034 2995 2312 3059 stnporem
2367 2989 2706 3044 immitteret.
2753 2988 2887 3043 Nam
2929 2988 3123 3044 Adami
3171 2996 3448 3056 stuporem

190 3079 269 3116 σιν
301 3064 539 3135 φρενῶν.
569 3061 866 3127 Ἐκστασις
891 3064 950 3118 δὲ
979 3064 1122 3118 κατά
1145 3065 1409 3137 διαφορὰς
1435 3068 1634 3134 πολλὰς
1653 3069 1766 3142 ἔχει

1874 3080 1980 3147 ille,
2017 3081 2196 3135 somni
2240 3081 2462 3150 quidam
2505 3090 2695 3152 torpor
2723 3083 2966 3145 exstitit,
3001 3096 3110 3134 non
3139 3081 3338 3134 mentis
3370 3078 3455 3131 in-

190 3153 276 3206 τδν
315 3153 540 3225 τρόπον.
579 3153 877 3216 Ἔκστασις
913 3151 981 3204 δι’
1013 3153 1320 3226 ὑπερϐολὴν
1363 3153 1639 3226 θαύματος
1681 3157 1768 3210 λέ-

191 3261 360 3311 γεται.
395 3243 699 3307 Ἔκστασις
729 3243 944 3313 λέγεται
990 3245 1024 3315 ἡ
1055 3244 1242 3314 μανία,
1281 3245 1370 3300 διὰ
1409 3247 1470 3299 τὸ
1508 3249 1764 3320 ἐκστῆναι

191 3334 280 3388 τοῦ
323 3334 705 3407 προκειμένου.
754 3336 964 3408 Ἐκείνη
1005 3336 1062 3389 δὲ
1098 3335 1250 3406 ὴτοῦ
1301 3336 1467 3391 ὕπνου
1507 3338 1761 3404 ἔκστασις

192 3427 324 3482 κατά
351 3429 508 3484 ἄλλον
536 3429 739 3499 τρόπον
773 3427 994 3499 ἐρρέθη.
1028 3428 1168 3482 κατά
1201 3429 1301 3502 τὴν
1331 3431 1566 3503 φυσικὴν
1609 3432 1761 3504 ὲνέρο

191 3537 364 3588 γειαν·
403 3521 641 3593 μάλιστα
673 3520 727 3572 δὲ
750 3518 827 3590 τῷ
861 3518 1175 3588 βαθυτάτως
1216 3519 1386 3592 αὑτὴν
1409 3522 1764 3593 ἐπενηνέχθαι

190 3611 265 3684 τῷ
291 3614 430 3684 ἁγίῳ
469 3613 664 3683 Ἀδὰμ,
691 3613 784 3664 καὶ
813 3613 869 3663 ὲν
895 3614 1037 3685 χειρὶ
1065 3614 1201 3667 Θεοῦ
1233 3614 1620 3687 πεπλασμένῳ.

1869 3171 2046 3227 sauia.
2093 3171 2348 3242 Stuporis
2403 3187 2566 3242 porro
2625 3173 2948 3226 vocabulum
2995 3171 3244 3240 pluribus
3276 3167 3451 3224 modis

1869 3263 2124 3332 usurpari
2191 3263 2349 3318 solet.
2407 3263 2563 3318 Alius
2610 3263 2756 3318 enim
2787 3270 2892 3324 est,
2935 3276 3094 3330 quem
3157 3260 3452 3314 vehemens

1864 3354 2113 3424 quaedam
2156 3355 2294 3424 parit
2324 3354 2637 3410 admiratio.
2707 3354 2851 3412 Alias
2883 3369 2980 3424 pro
3009 3353 3190 3406 furore
3215 3360 3268 3406 et
3297 3353 3448 3405 insa-

1864 3443 1954 3496 nia
1992 3444 2247 3507 sumitur,
2285 3460 2434 3498 exeo
2473 3445 2620 3514 quod
2649 3445 2866 3500 animus
2889 3460 2918 3496 a
2948 3443 3227 3514 proposito
3259 3440 3452 3510 ἐκστῆ-

1871 3550 1980 3600 ναι,
2009 3533 2114 3588 hoc
2141 3542 2224 3588 est
2254 3535 2523 3602 aberrare,
2571 3535 2790 3590 dicitur.
2825 3537 2894 3588 At
2937 3535 3012 3588 illi
3040 3551 3232 3588 somno
3261 3540 3452 3601 stupor

1873 3621 2002 3688 alio,
2053 3622 2314 3676 nimirum
2367 3623 2432 3677 ad
2462 3625 2740 3678 naturales
2772 3624 3084 3679 functiones
3131 3620 3451 3676 referendus

191 3711 292 3768 est,
344 3704 648 3774 praesertim
693 3719 816 3756 eum
879 3704 1087 3758 Adamo
1131 3707 1249 3761 viro
1311 3716 1524 3771 sancto,
1593 3725 1658 3764 ac
1703 3711 1796 3768 Dei
1861 3717 2118 3771 manibus
2179 3717 2450 3786 perpolita
2511 3719 2816 3774 altissimus
2872 3719 2941 3773 sit
3007 3719 3094 3771 ille
3134 3724 3326 3784 stupor
3362 3715 3448 3768 in-

187 3798 379 3867 jectus.

257 3899 332 3952 E'.
362 3901 473 3954 Καὶ
505 3898 617 3968 γὰρ
646 3895 858 3968 ἀληθῶς
891 3895 1038 3947 ἐστιν
1063 3893 1212 3960 ἰδεῖν,
1237 3895 1311 3958 ὼς
1337 3895 1558 3959 δικαίως
1579 3894 1768 3950 ἔκσταο

193 4007 272 4043 σιν
299 3990 506 4061 ταύτην
549 3991 582 4060 ἠ
621 3988 742 4041 θεία
791 3984 979 4057 Γραφὴ
1029 3985 1291 4057 βέϐληκεν
1319 3988 1360 4040 ⁸.
1411 3988 1497 4040 Ἐν
1533 3987 1612 4058 τῷ
1657 3989 1765 4060 γὰρ

194 4079 384 4132 ὑπνοῦν
406 4079 497 4132 τὸν
519 4077 804 4150 ἄνθρωπον
827 4076 1177 4148 μεθίστανται
1205 4078 1376 4132 πᾶσαι
1400 4079 1456 4131 αἱ
1485 4080 1764 4149 αἰσθήσεις

193 4173 268 4236 είς
292 4171 600 4225 ἀνάπαυσιν
621 4171 933 4242 τραπεῖσαι.
979 4167 1066 4231 Ὡς
1124 4163 1234 4222 οἷον
1273 4171 1467 4234 εἰπεῖν,
1517 4169 1766 4241 παροῦσα

193 4262 538 4334 ἠδιορατικὴ
574 4262 672 4333 οὑχ
722 4261 851 4332 ὁρᾷο
885 4259 1301 4314 ἀποκέκλεισται
1339 4259 1446 4333 γὰρ
1482 4261 1542 4313 τὸ
1580 4261 1762 4332 ὄμμα·

191 4354 450 4425 ἡσυχάζει
475 4353 537 4406 τὸ
567 4351 748 4406 κινοῦν
787 4353 844 4404 ἐν
877 4350 954 4422 τῷ
983 4350 1256 4422 ἀνθρώπῳ
1284 4352 1518 4422 πνεῦμα,
1553 4354 1648 4405 εἴτ’
1673 4349 1766 4406 οὖν

191 4444 332 4519 ψυχή
353 4463 370 4480 ⁸
397 4446 691 4518 δυσοδμίας
713 4443 878 4516 οὔσης
903 4447 959 4498 ἐν
981 4445 1136 4514 οἴκῳ,
1167 4444 1261 4496 καὶ
1283 4443 1559 4514 εὑοδμίας,
1593 4447 1770 4498 καίτοι

191 4555 254 4608 γε
283 4537 568 4613 παρούσης
599 4540 713 4607 τῆς⁶
741 4535 1106 4608 ὀσφραντικῆς
1133 4533 1456 4604 αἰσθήσεως,
1489 4537 1590 4588 οὑκ
1623 4537 1770 4590 ἀντι-

190 4627 560 4704 λαμϐάνεται⁸
599 4630 790 4699 ἐξέστη
811 4628 918 4700 γὰρ
950 4629 984 4698 ἠ
1014 4627 1236 4698 τοιαύτη
1271 4627 1520 4698 αἴσθησις
1548 4630 1628 4692 εἰς
1647 4629 1772 4682 ἀνά-

191 4737 390 4778 παυσιν
425 4723 722 4793 τραπεῖσα.
758 4717 978 4784 Πικρῶν
1009 4718 1178 4772 ὄντων
1206 4717 1395 4788 χυμῶν
1429 4720 1486 4772 ὲν
1531 4717 1608 4788 τῷ
1649 4717 1768 4771 στό-

195 4831 346 4886 ματι,
396 4815 433 4886 ἢ
485 4811 765 4884 ἁλμυρῶν.
826 4811 860 4880 ἢ
914 4809 1183 4879 γλυκέων,
1225 4808 1285 4862 τὸ
1334 4809 1622 4878 γευστικὸν
1670 4810 1770 4862 οὑκ

191 4906 508 4962 αἰσθάνεται
533 4921 548 4934 ·
585 4904 882 4974 ἐπειδήπερ
913 4905 969 4955 ἐν
999 4901 1252 4954 ἐκστάσει
1279 4901 1378 4972 τῆς
1411 4900 1770 4964 ἀναπαύσεως

190 5001 364 5054 κεῖται
385 4997 465 5069 μὴ
495 4995 773 5068 ἐνεργοῦν,
807 4995 941 5064 ὅπερ
970 4994 1028 5044 ὲν
1046 4990 1122 5062 τῷ
1149 4990 1294 5062 ῦπαρ
1324 4990 1565 5063 ἐνήργει.
1607 4993 1768 5064 Ἀκοὴ

193 5091 456 5165 πάρεστιν
473 5107 488 5123 ’
521 5088 634 5143 ἀλλ’
669 5090 830 5160 ἀργεῖ
853 5086 914 5139 τὸ
948 5085 1268 5140 ἀκουστικὸν
1295 5083 1438 5138 κατὰ
1462 5084 1559 5155 τὴν
1582 5083 1771 5154 αἴσθη-

151 5247 156 5251 _
195 5199 304 5236 σιν·
331 5184 429 5238 καὶ
465 5180 725 5244 πολλάκις
760 5179 868 5231 τῶν
904 5175 1206 5230 λαλούντων
1240 5177 1298 5228 ὲν
1341 5175 1494 5244 οἴκῳ,
1524 5175 1571 5226 εί
1615 5177 1768 5244 μήτι

191 5273 475 5345 διυπνισθῇ
508 5275 538 5326 ὁ
567 5271 869 5342 ἄνθρωπος,
900 5269 998 5338 οὐχ
1021 5264 1279 5320 ὑπακούει
1307 5263 1413 5317 τῶν
1441 5264 1590 5334 παρά
1610 5280 1770 5316 τινων

199 5365 493 5436 ῥηθέντων,
515 5361 607 5415 διὰ
645 5361 707 5413 τὸ
737 5359 1034 5428 ἀποστῆναι
1065 5355 1160 5426 τὴν
1188 5355 1461 5426 ἐνέργειαν
1503 5354 1638 5426 πρὸς
1673 5353 1770 5425 τὴν

195 5455 358 5528 ὥραν.
393 5453 576 5509 Τινῶν
622 5449 904 5505 κνωδάλων
927 5448 1284 5518 διερχομένων
1325 5447 1412 5499 διὰ
1449 5445 1541 5498 τοῦ
1571 5447 1769 5516 ἡμετέ-

266 5615 438 5687 ’Βρεο
471 5612 702 5677 ξτάξων.
783 5615 798 5642 ¹
834 5611 986 5664 Corr.
1030 5609 1315 5680 κέκληκεν.
1395 5609 1412 5636 ³
1442 5605 1578 5661 Gen.
1607 5623 1663 5670 ιι,
1695 5607 1783 5662 21.

1950 3892 2014 3948 ν.
2073 3893 2302 3948 Constat
2332 3895 2478 3949 enim
2514 3910 2679 3965 quam
2717 3893 2914 3948 merito
2943 3895 3185 3963 stuporis
3219 3895 3320 3948 hoc
3359 3911 3452 3950 no-

1873 4002 1994 4040 men
2024 4001 2052 4038 a
2089 3983 2370 4055 Scriptura
2407 3983 2570 4040 fuerit
2620 3993 2960 4056 usurpatum.
2992 3983 3441 4054 Quandoquidem

1875 4075 2091 4131 homine
2149 4078 2436 4146 consopito
2489 4093 2688 4132 sensus
2718 4092 2909 4132 omnes
2957 4075 3022 4129 ad
3053 4075 3288 4144 quietem
3323 4091 3446 4130 sese

1873 4169 2230 4224 transferunt.
2286 4170 2377 4224 Sic
2439 4170 2656 4226 videndi
2687 4169 2939 4231 facultas,
2972 4167 3205 4236 exempli
3251 4167 3445 4236 gratia,

1875 4263 2090 4315 tametsi
2124 4277 2362 4332 praesens
2392 4263 2568 4326 adsit,
2597 4261 2803 4315 clausis
2845 4259 3022 4313 oculis
3054 4259 3190 4312 nihil
3225 4261 3450 4312 omnino

1871 4351 2135 4408 discernit
2171 4371 2183 4405 :
2222 4367 2504 4423 propterea
2534 4351 2680 4421 quod
2712 4359 2826 4404 tum
2863 4351 2978 4412 ille,
3001 4365 3108 4420 quo
3141 4364 3445 4412 movemur,

1870 4444 2097 4514 spiritus
2133 4443 2248 4499 sive
2282 4445 2466 4498 anima
2497 4443 2816 4515 requiescit.
2861 4442 2951 4496 Sic
2983 4441 3274 4512 quantavis
3300 4441 3446 4514 domi

1866 4534 2166 4604 fragrantia
2214 4536 2307 4601 sit,
2337 4543 2432 4590 aut
2473 4536 2634 4599 fetor,
2687 4537 2818 4613 nihil
2856 4546 3036 4590 tmnen
3069 4535 3328 4598 odoratu,
3353 4535 3446 4604 qui

1867 4643 1999 4683 sane
2043 4644 2286 4697 praesens
2331 4636 2436 4695 est,
2491 4629 2773 4700 percipere
2817 4644 3144 4699 possumus;
3189 4641 3254 4681 eo
3301 4627 3447 4695 quod

1869 4721 2056 4780 sensui
2083 4719 2159 4773 illi
2187 4720 2255 4776 ad
2287 4720 2526 4792 quietem
2558 4722 2864 4791 composito
2899 4721 3046 4774 velut
3084 4720 3302 4788 quidam
3339 4728 3452 4772 tor-

1871 4825 1972 4880 por
2015 4812 2277 4881 obrepsit.
2343 4812 2473 4867 Itcm
2519 4813 2645 4866 licet
2685 4827 2905 4865 amarus
2951 4811 3004 4865 in
3044 4826 3136 4866 ore
3163 4811 3234 4865 sit
3263 4824 3447 4880 sapor,

1829 4891 1966 4955 'aut
2023 4901 2220 4966 falsus,
2271 4911 2366 4956 aut
2405 4902 2604 4967 dulcis,
2652 4903 2787 4960 nihil
2827 4911 3048 4970 gustatu
3094 4902 3348 4962 sentitur,
3380 4916 3446 4954 eo

1871 4991 2014 5062 quod
2083 4991 2336 5060 stupidus
2389 4992 2478 5047 hic
2531 5007 2750 5054 sensus,
2783 5007 2846 5044 ac
2878 4989 3040 5061 407
3077 4991 3289 5057 sepitns
3323 4989 3448 5042 fun-

1871 5083 2109 5136 ctionem
2144 5083 2348 5136 nullam
2393 5091 2633 5148 exercet,
2671 5081 2977 5150 cujusmodi
3020 5091 3278 5149 praestare
3310 5079 3446 5148 vigi-

1877 5173 1995 5228 lans
2039 5173 2269 5228 solebat.
2332 5173 2512 5231 Manet
2538 5181 2591 5228 et
2621 5173 2842 5228 auditus
2872 5173 3008 5242 ipse,
3047 5171 3140 5225 sed
3185 5169 3442 5223 audiendi

1875 5274 1960 5320 est
2017 5262 2248 5318 facultas
2305 5265 2482 5320 otiosa
2518 5265 2694 5320 :adeo
2733 5272 2794 5319 ut
2828 5264 3145 5334 plerumque
3187 5260 3333 5315 domi
3370 5261 3450 5315 lo-

1875 5355 2170 5426 quentibus
2197 5356 2498 5424 nonnullis,
2528 5356 2636 5412 nisi
2667 5361 2761 5428 qui
2796 5355 2998 5412 dormit
3033 5353 3448 5426 expergefactus

1880 5447 2061 5510 fuerit,
2093 5463 2212 5519 qua:
2243 5448 2312 5504 ab
2345 5449 2411 5504 iis
2436 5448 2696 5505 dicuntur
2718 5464 2826 5506 non
2853 5447 3060 5512 audiat,
3096 5446 3240 5518 quod
3271 5444 3450 5502 omnis
