4008 6078
464 237 617 303 .865

1931 235 1987 292 S.
2034 234 2381 293 EPIPHANII

3686 235 3790 287 εει

512 372 580 411 eo
608 364 861 427 tempore
881 354 1180 425 intercepta
1205 353 1279 409 sit
1301 354 1462 409 actio.
1487 352 1777 409 Postremo
1802 369 1927 409 cum
1947 371 2095 425 quae-

2215 372 2297 423 aou
2332 353 2602 425 σώματος,
2632 353 2733 406 οὐκ
2782 352 3146 424 αἰσθανόμεθα
3189 352 3289 423 τῆς
3329 351 3505 406 αὐτῶν
3549 348 3685 421 περὶ
3735 350 3790 401 τὸ

512 447 637 501 dam
667 463 762 517 per
809 462 1010 517 corpus
1035 448 1289 501 aberrent
1324 446 1530 509 ὺεειίιιι,
1572 447 1765 500 harum
1805 455 2094 503 contactus

514 538 739 593 minime
776 545 889 591 tum
949 554 979 591 a
1031 538 1192 593 nobis
1251 539 1552 608 percipitur
1601 538 1706 592 nisi
1757 537 1897 593 forte
1933 539 2095 594 vehe-

514 628 751 683 mentius
783 628 1131 698 pupugerint.
1167 628 1338 698 Cujus
1361 645 1423 683 ea
1456 645 1623 684 causa
1655 637 1761 693 est,
1798 632 1943 701 quod
1979 647 2096 686 sen-

513 734 609 772 sus
631 718 804 772 nostri
829 717 1169 771 domicilium
1208 718 1262 772 in
1302 719 1393 771 illa
1420 720 1598 773 somni
1630 720 1811 789 quiete
1845 720 1914 773 ab
1946 721 2094 773 omni

514 810 730 863 actione
779 810 1101 864 cessaverit.
1134 808 1303 875 .Quod
1354 811 1576 879 quidem
1628 826 1824 867 sensus
1890 812 2096 867 instru-

513 907 777 964 mentum,
839 916 963 955 cum
997 902 1068 956 sit
1123 910 1319 955 natura
1355 913 1655 967 terrenum,
1694 904 1987 972 animaque
2011 903 2095 957 ni-

512 992 812 1047 hilominus
845 993 1133 1048 excellenti
1166 994 1455 1063 praeditum
1493 1013 1505 1048 :
1540 993 1683 1063 quod
1711 997 1786 1047 ita
1822 993 1962 1050 Deus
1986 995 2094 1048 uti-

515 1085 683 1138 litatis
708 1092 909 1139 nostrze
940 1099 1105 1139 causa
1136 1085 1423 1140 constituit
1452 1102 1466 1144 ;
1504 1101 1664 1141 suum
1716 1086 1877 1141 habet
1902 1101 2096 1140 somno

514 1186 731 1247 tempus
753 1176 1102 1239 attributum,
1132 1177 1389 1246 perquod
1420 1178 1489 1231 ab
1525 1183 1791 1231 acerrima
1823 1178 2095 1232 sentiendi

514 1270 817 1334 functione,
854 1270 908 1323 in
938 1269 1173 1338 quietem
1201 1276 1590 1341 torporemque
1649 1262 1959 1325 resolvitur.
2012 1270 2097 1324 ln-

516 1362 675 1415 terim
704 1362 902 1415 animae
924 1376 1052 1430 pars
1089 1360 1175 1413 illa
1229 1361 1503 1432 prtecipua
1536 1362 1985 1433 intelligendique
2013 1364 2098 1418 vis

516 1452 785 1521 ejusmodi
838 1459 923 1506 est
974 1453 1217 1521 stuporis
1250 1469 1464 1521 expers.
1511 1452 1664 1522 Saepe
1692 1454 1851 1507 enim
1898 1461 2099 1508 semct-

517 1546 691 1614 ipsam
762 1544 866 1600 sibi
918 1546 1073 1615 quasi
1133 1547 1441 1616 vigilantem
1513 1546 1731 1614 objicit,
1787 1546 2095 1610 ambulans,

2201 447 2359 517 σῶμα
2394 444 2548 516 ἡμῶν
2588 445 2751 516 άφῆς,
2780 447 2827 498 εί
2862 446 2933 517 μή
2968 462 3021 498 τι
3063 444 3275 516 βαρέως
3307 441 3604 497 ἐπιθῶνται
3651 442 3789 510 ἡμῖν

2196 538 2265 590 τὰ
2289 534 2534 588 κνώδαλα
2562 553 2572 565 ·
2607 536 2682 599 ὡς
2704 534 2797 588 τοῦ
2829 535 3026 598 παντὸς
3047 536 3280 607 ὀργάνου
3306 533 3394 587 διὰ
3423 533 3522 603 τὴν
3540 531 3788 586 ἀνάπαυο

2199 645 2281 681 σιν
2309 626 2401 679 τοῦ
2430 624 2598 678 ὕπνου
2640 625 2931 689 ἐκστάντος
2961 626 3068 679 ἀπὸ
3108 626 3205 698 τῆς
3237 625 3538 696 ἐνεργείας.
3575 623 3654 675 Τὸ
3690 624 3788 693 μὲν

2196 718 2306 789 γάρ
2336 717 2565 788 ὄργανον
2589 716 2805 785 φύσεως
2827 716 2887 769 ὃν
2909 718 3125 788 γηῖνης,
3147 717 3243 771 καὶ
3270 716 3396 786 περὶ
3426 714 3524 786 τὴν
3552 717 3574 744 ⁵
3603 713 3788 783 ψυχὴν
3846 744 3852 749 ~

2197 810 2338 881 ἕχον,
2378 810 2465 863 διὰ
2489 810 2549 863 τὸ
2585 808 2759 870 οὕτως
2792 811 2855 862 ἐκ
2887 807 3021 861 Θεοῦ
3055 808 3164 863 τῶν
3197 809 3482 880 χρησίμων
3512 809 3653 877 ἡμῖν
3686 822 3789 873 γε-

2196 904 2478 974 γενῆσθαι,
2498 902 2810 955 ἀποδίδοται
2836 901 2912 973 τῷ
2942 901 3095 971 ὕπνῳ
3122 901 3331 973 καιρὸς,
3354 898 3626 971 μεθιστῶν
3657 899 3789 952 αὺτδ

2198 995 2305 1049 ἀπὸ
2358 994 2457 1064 τῆς
2513 991 2909 1064 ἐνεργεστάτης
2962 991 3272 1063 αἰσθήσεως
3317 992 3397 1054 είς
3448 990 3785 1061 μετάστασιν

2197 1086 2575 1149 ἀναπαύσεως.
2609 1084 2756 1156 Αὐτὴ
2781 1084 2837 1137 δὲ
2862 1085 2894 1155 ἠ
2922 1082 3066 1154 ψυχὴ
3091 1084 3191 1137 οὐκ
3231 1082 3420 1154 ἐξέστη
3454 1082 3550 1135 τοῦ
3581 1084 3787 1154 ἡγεμο-

2196 1180 2349 1233 νικοῦ
2375 1179 2494 1232 οὑδέ
2517 1179 2610 1231 τοῦ
2640 1180 3003 1251 φρονήματος.
3024 1175 3288 1239 Πολλάκις
3320 1176 3428 1247 γὰρ
3454 1175 3786 1245 φαντάζεται

2198 1271 2395 1342 ἑαυτὴν
2406 1271 2481 1335 ὡς
2495 1273 2550 1323 ἐν
2563 1289 2596 1339 γ
2605 1275 2808 1343 ρηγορή
2816 1288 2916 1335 σει,
2931 1271 3024 1324 καὶ
3037 1271 3348 1340 περιπατεῖ,
3362 1269 3458 1321 καὶ
3468 1266 3785 1339 ἐργάζεται.

2200 1364 2293 1416 καὶ
2327 1365 2666 1434 ποντοπορεί,
2702 1363 2795 1415 καὶ
2815 1363 2873 1414 ἐν
2904 1360 3111 1414 πλείοσι
3132 1360 3225 1413 καὶ
3249 1359 3457 1430 μείζοσι
3483 1360 3696 1412 τούτων
3722 1358 3786 1411 δι’

2199 1453 2491 1525 ὀνειράτων
2520 1453 2716 1523 ἑαυτὴν
2739 1451 2984 1522 θεωμένη
3011 1463 3025 1477 '
3059 1444 3096 1520 ἦ
3147 1447 3252 1519 μὴν
3290 1448 3430 1501 κατά
3467 1446 3560 1500 τὸν
3589 1445 3787 1515 ἀφραί-

2200 1562 2381 1608 νοντα,
2415 1545 2509 1597 καὶ
2537 1546 2593 1598 ἐν
2627 1543 2879 1597 ἐκστάσει
2907 1542 3187 1611 γινόμενον
3220 1537 3539 1592 ἐκστατικὸν
3582 1535 3787 1608 ἅνθρω-

517 1652 686 1707 agens
720 1638 945 1707 aliquid,
980 1639 1277 1707 navigans;
1320 1648 1482 1707 atque
1516 1638 1567 1690 in
1607 1637 1875 1707 pluribus,
1899 1647 1951 1691 et
1994 1653 2100 1691 ma-

2215 1653 2323 1697 rtov,
2339 1636 2429 1688 τὸν
2460 1634 2535 1705 τῷ
2559 1633 2767 1705 σώματι
2794 1633 2883 1686 καὶ
2905 1635 2969 1703 τῇ
2993 1631 3138 1701 ψυχῇ
3160 1630 3515 1701 ἐγρηγορότα,
3546 1627 3618 1680 τὰ
3639 1628 3786 1681 δεινά

510 1730 732 1799 joribus
778 1730 1012 1800 negotiis
1064 1729 1269 1783 versari
1330 1740 1425 1797 per
1476 1730 1749 1782 somnium
1800 1728 2097 1783 existimat.

515 1818 841 1887 Quanquam
878 1820 1037 1887 longe
1080 1817 1227 1872 istud
1254 1818 1363 1869 alio
1393 1816 1577 1878 ntodo,
1611 1831 1772 1885 quam
1815 1831 1845 1868 a
1894 1815 2100 1872 furioso

518 1925 584 1964 ac
609 1909 866 1972 fanatico,
900 1908 1139 1979 geritur;
1167 1907 1258 1976 qui
1291 1921 1520 1975 corpore
1544 1907 1837 1975 animoque
1869 1905 2101 1977 vigilans

518 2000 727 2054 atrocia
760 1998 1007 2070 quaedam
1043 2005 1338 2068 perpetrat,
1369 2004 1424 2051 et
1453 2012 1576 2050 cum
1613 1996 1715 2050 sibi
1751 2003 1863 2049 tum
1892 1996 2103 2052 caeteris

2211 1726 2740 1799 μεταχειριζόμενον.
2777 1725 2869 1777 καὶ
2912 1723 3168 1785 πολλάκις
3207 1720 3385 1791 ἐαυτῷ
3415 1719 3608 1782 δεινῶς
3641 1720 3783 1789 χρώ·

2210 1836 2368 1889 μενον
2401 1819 2495 1871 καὶ
2525 1820 2637 1880 τοῖς
2668 1816 2853 1879 πέλας.
2908 1815 3116 1882 Ἀγνοεῐ
3148 1811 3256 1883 γάρ
3287 1811 3323 1865 ἃ.
3360 1811 3661 1880 φθέγγεταξ
3730 1828 3783 1862 τε

2208 1908 2302 1960 καὶ
2344 1907 2607 1978 πράττει·
2649 1906 2947 1976 ἐπειδήπερ
2977 1906 3033 1958 ἐν
3071 1902 3325 1958 ἐκστάσει
3368 1903 3597 1970 γέγονεν
3624 1903 3789 1971 ἀφρο-

2212 1999 2376 2069 σύνης
2403 2001 2430 2052 ὁ
2450 1998 2708 2062 τοιοῦτος.

518 2093 774 2147 omnibus
822 2092 1056 2148 infestus
1113 2100 1227 2156 est;
1287 2091 1462 2147 nescit
1496 2092 1639 2145 enim
1668 2091 1799 2162 quid
1830 2091 1974 2147 dicat
2011 2100 2105 2146 aut
2141 2092 2324 2159 faciat,
2357 2096 2615 2167 quoniam
2664 2111 2696 2149 a
2730 2095 2959 2150 rationis
3019 2100 3162 2148 statu
3195 2091 3440 2162 dejectus
3488 2099 3545 2146 et
3601 2090 3657 2144 in
3708 2088 3792 2143 fu.

517 2202 697 2241 rorem
721 2202 912 2239 versus
937 2195 1041 2241 est.

592 2275 678 2330 Vl.
708 2277 829 2331 lliec
863 2294 964 2333 nos
995 2277 1177 2331 omnia
1205 2278 1351 2333 illius
1379 2277 1672 2333 occasione
1701 2278 1837 2332 loci:
1867 2277 2098 2334 Immisit

517 2367 660 2422 Deus
703 2378 969 2437 stuporem
1026 2370 1078 2422 in
1130 2369 1416 2433 Adamum,
1441 2381 1488 2423 et
1518 2370 1759 2431 dormiit,
1786 2372 2100 2425 necessario

516 2462 939 2532 disputavimus,
987 2477 1051 2516 ac
1106 2462 1358 2517 diversos
1392 2463 1635 2531 stuporis
1684 2464 1876 2518 modos
1905 2479 2105 2533 propo-

520 2552 732 2606 suimus
756 2569 771 2618 ;
799 2561 964 2622 atque
985 2552 1119 2606 illud
1162 2553 1343 2623 ipsum
1369 2554 1766 2623 explicavimus
1793 2596 1808 2620 ,
1840 2554 2000 2624 cujus
2030 2554 2107 2609 rei

519 2643 696 2713 gratia
729 2659 960 2699 somnus
992 2644 1080 2699 ille
1111 2643 1349 2714 injectus
1378 2659 1408 2697 a
1437 2643 1668 2699 Domino
1708 2654 1901 2715 stupor
1920 2647 2106 2716 appel-

518 2734 681 2790 letur.
730 2734 998 2790 Nimirum
1024 2736 1127 2791 hoc
1149 2737 1413 2807 singulari
1465 2736 1556 2791 Dei
1593 2738 1846 2792 cautione
1872 2753 1935 2791 ac
1958 2739 2107 2792 beni-

522 2828 727 2896 gnitate
750 2828 1078 2897 perfectum,
1103 2844 1265 2897 quam
1286 2828 1472 2898 generi
1510 2829 1792 2882 hominum
1819 2829 2101 2899 impertiit.

522 2934 633 2988 quo
659 2933 719 2973 se
748 2919 816 2971 ad
870 2919 1048 2973 somni
1089 2920 1330 2989 requiem
1361 2936 1388 2972 a
1412 2919 1731 2989 quotidiana
1760 2923 2102 2992 negotiorum

2281 2281 2369 2345 (Γ.
2404 2276 2589 2331 Ταῦτα
2631 2276 2687 2329 δέ
2737 2276 2913 2331 πάντα
2966 2274 3052 2328 διὰ
3092 2274 3173 2339 τὸ,
3236 2273 3525 2327 Ἐπέϐαλε
3579 2273 3789 2339 Κύριος

2208 2370 2506 2424 ἔκστασιν
2534 2368 2634 2422 ἐπὶ
2669 2370 2773 2421 τὸν
2810 2365 3012 2435 Ἀδὰμ,
3057 2365 3155 2420 καί
3206 2365 3510 2426 ὕπνωσεν,
3549 2363 3792 2433 ἀνάγκην

2211 2463 2546 2533 ἐσχήκαμεν,
2594 2454 2638 2513 ὦ
2667 2459 3005 2529 ἐπιπόθητοι,
3037 2458 3362 2525 συναγαγεῖν
3393 2455 3495 2518 τάς
3530 2453 3791 2525 διαφορὰς

2210 2555 2318 2608 τῶν
2346 2554 2563 2625 τρόπων
2600 2553 2700 2623 τῆς
2749 2552 3056 2613 ἐκστάσεως
3082 2568 3094 2581 ·
3129 2550 3223 2603 καὶ
3274 2548 3599 2618 ἐφράσαμεν
3634 2547 3702 2601 δι’
3732 2549 3793 2615 ἦν

2212 2644 2391 2698 αἰτίαν
2426 2646 2541 2697 ἐκεῖ
2570 2644 2721 2714 παρὰ
2737 2642 2940 2713 Κυρίου
2957 2641 3211 2704 ἔκστασις
3232 2641 3444 2711 εἴρηται
3461 2642 3493 2710 ὴ
3513 2638 3609 2693 τοῦ
3627 2639 3792 2692 ὕπνου

2215 2735 2415 2806 μετοχή
2438 2753 2451 2764 ·
2487 2736 2570 2787 ὃτι
2602 2732 2689 2785 διὰ
2715 2731 2813 2803 τὴν
2838 2732 2931 2785 τοῦ
2966 2731 3102 2783 Θεοῦ
3148 2729 3311 2800 φειδὼ
3351 2730 3444 2783 καὶ
3494 2729 3797 2800 φιλανθρω-

2213 2825 2364 2888 πίαν,
2394 2824 2461 2896 ἢν
2491 2826 2623 2877 πᾶσι
2654 2824 2749 2893 μέν
2796 2820 3103 2893 ἀνθρώποις
3129 2821 3172 2887 ,ὁ
3201 2820 3360 2883 αὐτὸς
3382 2818 3713 2891 δεδώρηται,
3750 2823 3798 2873 εἰ

2215 2916 2277 2968 τὸ
2318 2914 2718 2996 μεταφέρεσθαι
2764 2915 2854 2967 τὸν
2907 2912 3193 2983 ἄνθρωπον
3240 2911 3346 2965 ἀπὸ
3394 2911 3674 2983 μερίμνης
3720 2914 3799 2975 εἰς

522 3023 657 3064 cura
717 3024 782 3064 ac
836 3009 1211 3065 sollicitudine
1246 3010 1578 3066 traduceret.
1626 3011 1954 3083 Quanquam
1996 3013 2107 3068 illic

2216 3009 2519 3062 ἀνάπαυσιν
2550 3005 2716 3059 ὕπνου
2753 3005 2845 3059 καί
2873 3003 2981 3058 τῶν
3004 3003 3080 3075 τῷ
3111 3003 3209 3074 βίῳ
3233 3001 3507 3073 χρειωδῶν
3536 3002 3802 3072 πραγμά-

524 3100 725 3172 potiori
751 3100 876 3170 jure
908 3102 1152 3171 stuporis
1183 3103 1509 3158 vocabulum
1544 3103 1674 3158 illud
1705 3103 2017 3169 adlimserit,
2042 3122 2107 3160 eo

513 3191 673 3259 λιιιοά
702 3191 985 3262 aliquanto
1032 3193 1185 3246 illum
1250 3203 1494 3263 tempore
1523 3194 1590 3248 ab
1618 3195 1767 3248 omni
1806 3210 1970 3249 sensu
2012 3196 2109 3249 do-

526 3282 661 3339 loris
709 3284 954 3350 exemit,
1017 3300 1141 3340 cum
1191 3284 1238 3338 ei
1285 3296 1494 3340 costam
1553 3284 1903 3340 detracturus
1928 3294 2108 3351 esset,

527 3395 691 3449 quam
721 3380 772 3433 in
797 3381 1080 3435 mulierem
1112 3388 1477 3436 converteret.
1508 3379 1626 3435 Non
1655 3388 1771 3435 erat
1797 3382 1887 3435 ille
1911 3378 2109 3437 meritis

528 3477 624 3523 aut
656 3470 823 3523 animi
864 3479 1075 3540 stupor.
1125 3469 1258 3523 Nam
1294 3472 1476 3525 statim
1510 3474 1674 3540 atqu'e
1696 3471 2109 3542 expergefactus

527 3565 635 3620 est,
666 3557 810 3627 quod
841 3566 1053 3627 gestum
1094 3568 1211 3613 erat
1235 3559 1476 3628 agnovit,
1508 3574 1571 3613 ac
1595 3560 1731 3614 dixit
1765 3579 1777 3614 :
1807 3559 1922 3613 lloc
1973 3578 2111 3615 nunc

530 3666 589 3703 os
611 3664 676 3703 ea:
698 3649 906 3703 ossibus
945 3650 1071 3703 meis
1101 3660 1147 3704 et
1179 3668 1304 3705 caro
1331 3652 1394 3706 de
1438 3667 1597 3706 carne
1627 3668 1741 3705 utea
1772 3667 1789 3706 :
1814 3651 1923 3707 hazc
1959 3669 2111 3707 voca-

531 3740 673 3791 bitur
723 3738 928 3809 virago,
980 3740 1105 3810 quia
1134 3756 1198 3793 ex
1224 3742 1334 3795 viro
1385 3758 1480 3795 suo
1527 3751 1736 3810 sumpta
1774 3752 1850 3796 est
1880 3744 1920 3799 ί.
1946 3741 2113 3814 408

531 3825 720 3889 Vides.
765 3829 979 3898 opinor,
1036 3830 1495 3899 quemadmodmn
1547 3840 1656 3885 tam
1708 3833 1910 3902 priora,
1944 3847 2108 3901 quam

531 3918 841 3988 posteriora
895 3920 1140 3986 noverit,
1201 3935 1265 3975 ac
1318 3920 1499 3975 futura
1550 3921 1828 3993 prtedicat.
1899 3922 2109 3975 Etenim

531 4010 716 4080 priora
772 4009 991 4079 quidem
1053 4011 1482 4083 intellexit,quae
1534 4013 1839 4069 dormiente
1874 4030 1933 4069 se
1958 4021 2111 4085 gesta

533 4102 787 4168 fuerant,
816 4110 874 4157 ut
906 4118 971 4157 ex
1004 4104 1071 4158 iis
1119 4088 1226 4159 illis
1253 4106 1435 4160 verbis
1469 4105 1746 4175 colligitur
1782 4124 1793 4159 :
1831 4105 1903 4161 Os
1930 4121 1995 4159 ex
2024 4122 2112 4160 os—

532 4193 678 4248 sibus
706 4194 856 4247 meis.
892 4191 1188 4249 Pncsentia
1224 4210 1372 4261 vero,
1398 4209 1461 4249 ac
1488 4195 1734 4250 mulieris
1772 4196 2111 4265 procreatio-

532 4300 658 4339 nem
690 4285 985 4341 subsecuta
1031 4287 1328 4357 cognovit;
1378 4288 1582 4358 quippe
1628 4287 1695 4341 de
1745 4302 1847 4342 suo
1881 4302 2133 4356 corpore.

2212 3118 2338 3153 των.
2388 3099 2534 3151 Ἑκεί
2582 3097 2638 3150 δέ
2679 3096 3072 3168 περιττοτέρως
3122 3092 3336 3164 ἐκείνην
3401 3093 3665 3147 ἔκστασιν
3710 3092 3800 3146 κέ-

2214 3191 2403 3257 κληκε,
2436 3191 2523 3245 διὰ
2552 3191 2611 3244 τὸ
2658 3191 2880 3259 ποιῆσαι
2919 3189 3081 3244 αὑτὸν
3122 3189 3257 3259 πρὸς
3284 3187 3381 3258 τὴν
3407 3186 3559 3257 ὤραν
3589 3187 3666 3257 μὴ
3716 3188 3800 3239 ai-

2216 3282 2508 3335 aOivsoOat
2551 3283 2738 3345 πόνου,
2767 3281 2833 3335 δι’
2879 3282 2944 3353 ἢν
2977 3279 3166 3351 ἔμελλε
3213 3278 3510 3349 λαμϐάνειν
3558 3277 3803 3348 πλευράν

2214 3377 2310 3429 ἀπ’
2351 3374 2538 3439 αὑτοῦ,
2574 3375 2668 3428 καὶ
2707 3374 2965 3427 πλάττειν
3003 3372 3170 3444 αὐτὴν
3226 3370 3376 3440 αὐτῷ
3421 3371 3502 3434 εἰς
3543 3373 3800 3437 γυναῖκα.
3880 3426 3892 3439 ⁸

2228 3464 2386 3518 Ἀλλὰ
2436 3464 2537 3517 οὐκ
2587 3460 2655 3535 ἦν
2702 3463 2955 3526 ἔκστασις
2990 3460 3202 3533 φρενῶν
3250 3459 3344 3513 καὶ
3398 3459 3798 3529 διανοημάτων.

2216 3553 2391 3617 Εὐθὺς
2420 3552 2530 3625 γὰρ
2571 3553 2810 3617 ἀναστὰς
2834 3552 3069 3621 ἐπέγνω,
3118 3552 3211 3604 καὶ
3254 3546 3374 3603 εἷπε
3400 3567 3411 3580 '
3452 3549 3631 3603 Τοῦτο
3690 3549 3805 3603 νῦν

2216 3645 2441 3700 ὀστοῦν
2471 3646 2538 3698 ἐκ
2574 3645 2693 3698 τῶν
2718 3644 2916 3699 ὀστῶν
2942 3661 3083 3713 μου,
3119 3643 3216 3696 καὶ
3239 3643 3395 3711 σὰρξ
3415 3643 3485 3695 ἐκ
3511 3641 3623 3709 τῆς
3657 3660 3805 3710 σαρ-

2216 3738 2323 3803 κός
2333 3755 2472 3807 μου·
2487 3738 2639 3806 αὕτη
2671 3735 3037 3803 κληθήσεται
3053 3734 3229 3803 γυνὴ.
3250 3733 3337 3787 ὅτι
3366 3734 3434 3787 ἐκ
3454 3733 3560 3787 τοῦ
3581 3733 3805 3801 ἀνδρὸς

2215 3828 2652 3897 αὐτῆςθὲλήέρθη
2668 3828 2843 3896 αὕτη.
2866 3828 2974 3881 Καὶ
2990 3828 3280 3880 ἐπίσταται
3296 3830 3425 3896 γάρ,
3443 3827 3516 3890 ὡς
3532 3828 3688 3897 ὁρᾷς,
3704 3827 3804 3880 καὶ

2216 3922 2283 3975 τὰ
2301 3922 2509 3993 πρῶτα,
2529 3921 2623 3974 καί
2637 3920 2705 3974 τά
2716 3920 2956 3991 παρόντα
2970 3918 3062 3972 καὶ
3076 3918 3405 3990 προφητεύει
3424 3918 3668 3990 περὶτῶν
3685 3918 3805 3987 μελε

2217 4014 2437 4069 λόντων.
2469 4013 2599 4067 Ἰδοὺ
2620 4012 2728 4083 γὰρ
2751 4011 2964 4080 ἐπέγνω
2988 4011 3057 4065 τὰ
3088 4012 3299 4083 πρῶτα,
3330 4012 3416 4064 ὅτε
3449 4006 3516 4081 ἦν
3542 4012 3600 4063 ἐν
3627 3993 3803 4081 ὕπνῳ,

2216 4105 2407 4173 λέγων,
2439 4105 2521 4158 ὅτι
2559 4103 2815 4157 Ὀστοῦν
2839 4103 2908 4157 ἐκ
2924 4102 3043 4157 τῶν
3068 4100 3267 4156 ὀστῶν
3284 4119 3424 4171 μου.
3452 4101 3563 4154 Καὶ
3585 4101 3809 4167 ἐπέγνω

2217 4197 2284 4248 τά
2320 4196 2581 4265 reip/mra,
2635 4193 2772 4264 μετὰ
2812 4193 2874 4246 τὸ
2917 4192 3222 4263 πλασθῆναι
3255 4193 3354 4263 τὴν
3394 4194 3644 4260 γυναῖκα,
3686 4192 3811 4243 ἐπιδ

2220 4288 2386 4356 γνοὺς
2413 4285 2581 4355 αὐτὴν
2608 4285 2715 4338 ἀπὸ
2739 4283 2833 4337 τοῦ
2866 4283 3116 4354 σώματος
3134 4283 3399 4354 ἠρμένην.
3421 4284 3529 4335 Καὶ
3564 4284 3807 4352 3902;13-

535 4375 858 4429 translatam
932 4378 1075 4431 illam
1140 4378 1549 4435 animadvertit.
1609 4379 1889 4434 Postremo
1933 4377 2107 4433 futura

2224 4393 2382 4429 τευσε
2422 4376 2551 4446 περὶ
2581 4375 2688 4426 τῶν
2724 4374 3018 4445 ἐσομένων,
3061 4374 3140 4426 ὅτι
3171 4375 3419 4426 Ἕνεκεν
3453 4373 3665 4425 τούτου
3702 4389 3812 4424 κα-
3842 4418 3853 4460 ἑ

536 4482 757 4538 quoque
833 4469 1163 4527 vaticinatus
1234 4481 1354 4535 est,
1398 4489 1521 4527 cum
1572 4474 1646 4526 ita
1703 4472 2117 4543 pronuntiavit:

543 4559 764 4628 Propter
788 4560 884 4615 hoc
901 4562 1150 4632 relinquet
1198 4564 1349 4617 homo
1385 4577 1588 4635 patrem
1612 4582 1766 4619 suum
1806 4575 1853 4620 et
1897 4574 2119 4618 matrem

537 4667 725 4715 suam;
756 4662 804 4705 et
844 4651 1129 4707 adltwrebit
1156 4656 1311 4707 uxori
1331 4671 1457 4720 sum,
1485 4665 1532 4709 et
1559 4666 1710 4710 erunt
1735 4655 1886 4708 ambo
1919 4656 1972 4708 in
2001 4671 2120 4708 car-

539 4758 655 4796 nem
689 4759 849 4796 unam
882 4745 924 4797 '.
965 4742 1088 4798 Hinc
1118 4744 1405 4815 igiturnon
1445 4747 1663 4800 fanatici
1705 4747 1940 4802 hominis
1970 4756 2116 4813 sunt,

542 4849 650 4886 non
679 4832 808 4903 quid
829 4833 977 4887 dicat
1017 4834 1356 4905 ignorantis;
1397 4838 1490 4892 sed
1535 4838 1699 4892 animi
1732 4837 1925 4892 robore
1952 4853 2015 4892 ac
2038 4822 2147 4891 ηρ

541 4926 729 4981 luitatc
750 4925 980 4996 praediti.

615 5017 722 5073 VII.
770 5017 887 5073 Jam
924 5034 1052 5075 vero
1083 5026 1141 5073 ut
1170 5019 1372 5074 deloco
1403 5020 1493 5073 illo
1521 5038 1533 5074 :
1564 5018 1672 5089 Ego
1703 5020 1884 5074 dixiin
1904 5035 2119 5075 excessu

544 5129 656 5166 meo
686 5130 704 5168 :
741 5112 927 5168 Omnis
957 5114 1108 5168 homo
1138 5114 1365 5168 mendax
1394 5113 1433 5173 ³,
1466 5111 1670 5181 ιιιίμιὶᾱ
1697 5112 1980 5180 dicamus;
2014 5112 2117 5166 alia

545 5203 792 5271 qna-dam
853 5204 1017 5274 hujus
1066 5206 1214 5259 verbi
1256 5205 1404 5259 notio
1450 5212 1551 5265 est,
1604 5220 1712 5258 non
1741 5219 1801 5258 ea
1851 5203 2120 5261 videlicet,

546 5295 886 5362 quaeatueuti
922 5312 986 5349 ac
1016 5295 1222 5351 furioso
1246 5296 1524 5350 tribuitur.
1560 5296 1717 5350 Absit
1750 5305 1804 5349 ut
1837 5295 1886 5347 id
1921 5294 1973 5347 in
2008 5295 2124 5346 ani-

547 5399 698 5438 mum
762 5383 1101 5440 inducamus.
1158 5387 1266 5441 Sed
1318 5388 1592 5442 hominem
1652 5385 2028 5441 incredibilem
2066 5385 2118 5438 in

553 5475 777 5532 modqu
808 5476 1283 5544 obstuprsrcntt-m
1346 5478 1637 5546 significat,
1681 5486 1733 5532 et
1791 5477 2011 5553 usitatis
2061 5493 2121 5529 ac,

624 5632 797 5688 ‘ch.
837 5649 892 5696 ll,
940 5634 1026 5688 25.
1112 5636 1127 5662 ¹
1162 5634 1290 5687 ibid.
1325 5635 1411 5686 ἐξ.
1496 5638 1512 5663 ³
1539 5636 1681 5688 l‘sal.
1718 5653 1837 5698 ιλιι,
1882 5635 1961 5687 Η.

2086 5635 2224 5665 δι’,κο
2244 5651 2264 5663 ολ
2323 5650 2509 5665 ’.αῖισσι

2158 5638 2165 5643 ⁷
2214 5650 2264 5663 σος
2323 5638 2561 5665 -αιισσιέι

2130 5638 2280 5687 (.4055.
2326 5656 2595 5687 o-~_I-bo-,/c

2228 4470 2496 4536 ταλείψει
2541 4467 2850 4535 ἅνθρωπος
2898 4467 3006 4521 τὸν
3048 4465 3273 4534 πατέρα
3309 4464 3515 4527 αὐτοῦ,
3555 4465 3653 4515 καὶ
3699 4464 3848 4535 τὶινί

2221 4558 2446 4630 μητέρα
2472 4557 2679 4623 αὐτοῦ,
2710 4557 2807 4612 καὶ
2835 4555 3439 4627 προσκολληθήσεται
3464 4551 3539 4621 τῇ
3571 4556 3811 4622 γυναικί

2226 4653 2433 4715 αὑτοῦ,
2469 4651 2559 4703 καὶ
2582 4653 2823 4705 ἔσονται
2875 4654 2928 4705 οἱ
2975 4649 3083 4704 δύο
3107 4652 3193 4715 εις
3217 4647 3414 4715 σάρκα
3436 4647 3602 4715 μίαν.
3624 4646 3814 4699 Ταῦτα

2226 4744 2282 4797 δὲ
2307 4746 2403 4796 οὐκ
2419 4745 2475 4795 ἐν
2503 4745 2522 4774 ³
2546 4741 2865 4797 ἐκστατικοῦ
2889 4742 3097 4812 ἀνδρὸς,
3120 4740 3241 4793 οὐδὲ
3268 4736 3812 4810 ἁπαρακολουθήτου,

2229 4834 2362 4889 ἀλλὰ
2403 4832 2720 4905 ἐρρωμένην
2753 4832 2967 4903 ἔχοντος
3000 4832 3098 4902 τὴν
3135 4831 3395 4885 διάνοιαν.

2300 5018 2372 5069 Z'.
2402 5016 2463 5069 Ei
2493 5015 2549 5068 δέ
2572 5016 2667 5069 καὶ
2701 5015 2828 5086 περὶ
2860 5012 2972 5077 τοῦ,
3021 5011 3168 5080 Ἐγὼ
3196 5007 3371 5064 εἷπον
3395 5010 3465 5063 ὲν
3501 5008 3575 5078 τῇ
3600 5011 3821 5063 ἐκσείει

2227 5126 2322 5162 σει
2348 5124 2468 5178 μου
2489 5126 2501 5138 ·
2538 5106 2664 5173 Πᾶς
2696 5107 3006 5175 ἅνθρωπος
3034 5104 3328 5172 ψεύστης,
3372 5101 3613 5161 λεκτέον,
3652 5102 3820 5172 ἐτέριι

2231 5201 2395 5255 πάλιν
2418 5200 2554 5271 αὕτη
2594 5199 2904 5271 ήδύναμις,
2944 5200 3043 5269 οὐχ
3079 5198 3137 5251 ὂν
3190 5197 3390 5265 τρόπον
3431 5195 3577 5256 τινὸς
3615 5196 3821 5266 ἁφραὶ-

2230 5310 2411 5355 νοντος
2436 5291 2721 5364 ἀνθρώπου
2763 5292 2857 5344 καὶ
2886 5290 3206 5345 ἐκστατικοῦ
3231 5331 3245 5354 ,
3275 5290 3349 5360 μὴ
3379 5290 3622 5356 γένοιτοε
3683 5290 3825 5343 ἀλλὰ

2233 5385 2733 5456 ὑποθαυμάξοντος,
2766 5387 2857 5439 καὶ
2895 5384 3274 5456 διανοουμένου
3307 5383 3448 5453 ὺπέρ
3480 5381 3588 5434 τῶν
3619 5382 3641 5413 ⁶
3677 5385 3826 5437 κατὰ

2232 5478 2329 5546 τὴν
2373 5475 2656 5546 συνήθειαν
2689 5474 2965 5545 λογισμῶν
3004 5474 3108 5527 τῶν
3150 5474 3478 5545 συμμέτρως
3516 5474 3829 5543 ὁρωμένων

2323 5636 2595 5683 κεἰιττέν.
2671 5632 2690 5662 ⁸
2722 5633 2873 5683 (ῖιιιν.
2906 5632 3001 5683 οὐκ
3034 5636 3116 5683 ἑήν.
3212 5634 3226 5657 ’”
3273 5630 3331 5683 θ’.
3365 5633 3440 5683 ti.

2671 5632 2690 5662 ⁸
2722 5633 2873 5685 (ῖιιιν.
2906 5632 3001 5683 οὐκ
3034 5627 3116 5699 ἦν.

3586 5715 3613 5729 θ
