3866 6068
176 253 288 308 εδδ

907 255 1276 311 ΔΜἘΒΞΗΒ
1309 254 1652 310 ΙιΛΞιιΕδΕδ
1692 255 1764 309 ωε

1868 256 1920 313 ιι.
1966 257 2129 313 Ton.
2173 257 2212 312 ι.
2257 257 2526 312 tenues.
2562 257 2789 313 XLVIII.
2873 238 2876 242 ’

3355 267 3461 326 866

179 390 245 427 τε
275 371 373 425 καὶ
399 373 811 442 πραττομένων.
850 374 1065 446 Ἐπειδὴ
1094 375 1202 447 γὰρ
1228 374 1539 447 ἐθαύμασεν
1564 378 1764 449 προφή-

1879 376 2217 446 quotidianis
2251 376 2465 441 eorum,
2501 376 2595 446 qui
2627 375 2903 443 videnlur,
2948 387 3043 429 aut
3073 384 3334 445 aguntur,
3367 394 3461 429 ru-

180 478 307 534 της,
342 462 432 516 διὰ
471 461 798 534 θαυμασμὸν
843 464 1074 519 ἐνταῦθα
1123 465 1293 534 λέγει.
1333 467 1594 536 Γεγόνασι
1628 469 1684 521 δὲ
1715 470 1764 520 ἐν

1879 468 2237 536 gitationibus
2258 468 2469 537 majora
2500 475 2834 524 versantem.
2857 465 2995 522 Cum
3024 466 3166 521 enim
3188 466 3459 537 Propheta

179 552 444 607 ἐκστάσει
475 553 524 605 oi
574 554 873 625 προφῆται,
919 555 1018 608 οὐκ
1067 556 1125 608 ἐν
1171 557 1426 610 ἐκστάσει
1474 557 1768 629 λογισμῶν.

178 646 382 716 Γέγονε
412 647 523 718 γὰρ
555 647 649 699 καὶ
682 647 890 718 Πέτρος
918 649 977 700 ἐν
1009 649 1285 713 ἐκστάσει,
1315 649 1435 720 οὐχὶ
1480 650 1555 722 μὴ
1589 666 1769 723 παρα-

177 735 455 792 κολουθῶν
483 736 560 806 τῷ
587 736 751 808 λόγῳ,
783 737 895 790 ἀλλ’
937 738 1080 810 ὀρῶν
1128 739 1504 812 καθημερινῆς
1542 742 1771 795 ἀκολου-

176 829 303 892 θίας
331 829 495 899 ἔτερα
524 828 677 900 παρὰ
704 831 817 891 τοῖς
843 827 1152 900 ἀνθρώποις
1182 829 1456 901 ὁρώμενα.
1490 828 1629 886 Εἷδε
1661 837 1771 904 γὰρ

175 919 402 985 ὀθόνην
423 916 803 987 καθιεμένην,
828 918 926 970 καί
959 918 1157 971 πάντα
1189 920 1260 974 τὰ
1284 919 1635 988 τετράποδα,
1671 923 1770 977 καί

172 1008 418 1077 ἑρπετὰ,
464 1009 561 1061 καὶ
613 1007 722 1062 τοῦ
772 1009 1035 1075 οὐρανοῦ
1073 1010 1146 1063 τὰ
1188 1012 1431 1067 πετεινὰ
1474 1012 1546 1066 ἐν
1590 1013 1766 1084 αὐτῇ.

180 1104 326 1172 Ὅρα
353 1101 432 1165 δὲ,
446 1103 526 1154 ὃτι
550 1099 966 1171 παρακολουθεῖ,
990 1103 1083 1155 καὶ
1095 1103 1196 1156 οὐκ
1208 1098 1275 1175 ἦν
1289 1105 1346 1158 ἐν
1360 1105 1613 1160 ἐκστάσει
1632 1124 1766 1178 φρε-

177 1193 287 1247 νῶν
301 1194 330 1245 6
342 1193 495 1261 ᾶγιος
510 1192 732 1263 Πέτρος·
751 1194 840 1245 ὅτε
857 1194 1225 1265 γὰρήκουσεν,
1254 1197 1533 1261 Ἀνάστα,
1550 1199 1763 1267 θῦσον,

176 1284 277 1337 καὶ
312 1283 486 1353 φάγε,
522 1285 622 1354 οὐχ
645 1284 720 1347 ὡς
752 1283 826 1356 μὴ
854 1284 947 1340 τὸν
980 1285 1105 1341 νοῦν
1157 1289 1468 1360 ἐρρωμένος
1493 1292 1719 1363 ἐπείσθη
1747 1311 1760 1323 -

160 1375 313 1446 ,ἀλλὰ
346 1375 481 1445 φησὶ
510 1373 647 1443 πρὸς
676 1374 766 1428 τὸν
793 1376 995 1447 Κύριον
1014 1393 1031 1409 ⁶
1070 1379 1387 1449 Μηδαμῶς,
1424 1383 1599 1452 Κύριε
1617 1399 1632 1416 ο
1657 1386 1761 1438 οὺ..

93 1457 100 1462 ’
170 1466 391 1520 δέποτε
419 1466 627 1520 κοινὸν
647 1467 683 1533 ἢ
706 1465 1047 1536 ἀκάθαρτον
1067 1469 1353 1538 εἰσῆλθεν
1365 1476 1452 1540 είς
1473 1474 1537 1527 τὸ
1569 1476 1764 1544 στόμα

104 1612 113 1619 ,
164 1574 313 1625 μου.
350 1555 461 1609 Καὶ
509 1555 674 1608 Δαδὶδ
702 1556 730 1607 6
772 1555 927 1624 ἆγιος
964 1553 1134 1624 εἷπεν,
1163 1559 1244 1612 ὅτι
1280 1560 1406 1627 Πᾶς
1449 1560 1762 1631 ἄνθρωπος

169 1652 470 1720 ψεύστης.
524 1649 582 1702 Ὀ
615 1648 670 1702 δὲ
696 1648 891 1717 λέγων,
922 1651 1116 1704 Εἶπον
1148 1651 1283 1721 ἐγὼ,
1319 1653 1425 1724 ίδίᾳ
1456 1653 1630 1724 ἔλεγε,
1667 1655 1762 1709 καὶ

1874 559 2146 614 miraculo
2180 566 2324 613 esset
2358 559 2643 620 attonitus,
2673 573 2785 629 pra:
2841 557 3204 613 admiratione
3265 559 3339 611 ita
3386 560 3459 613 lo-

1872 659 2035 705 cutus
2083 658 2193 705 est.
2236 648 2392 715 Quod
2418 664 2549 703 vero
2590 647 2878 718 Propheta:
2918 655 3072 702 extra
3105 662 3164 701 se
3210 648 3351 716 rapti
3383 647 3453 700 le-

1872 750 2095 814 guntur,
2147 757 2257 796 non
2289 741 2371 795 sic
2429 739 2807 809 accipiendum
2858 747 2963 802 est,
3009 738 3166 808 quasi
3224 739 3457 791 rationis

1875 850 2034 889 usum
2076 831 2386 887 amiserint.
2443 829 2578 884 Nam
2608 839 2663 884 et
2712 830 2909 885 Petrus
2962 839 3115 885 extra
3160 845 3221 885 se
3264 839 3457 900 raptus

1872 926 2169 996 aliquando
2202 925 2429 985 dicitur,
2465 937 2574 976 non
2594 922 2739 992 quod
2767 922 3010 976 habitum
3033 922 3179 976 uitro
3206 922 3457 991 citroque

1870 1030 2177 1073 sermonem
2209 1014 2504 1085 ignorarit;
2546 1013 2640 1067 sed
2667 1011 2814 1081 quod
2849 1019 3043 1081 praeter
3072 1012 3454 1082 quotidianum

1869 1123 2035 1163 usum
2067 1107 2330 1161 nonnulla
2362 1105 2477 1159 ﬁeri
2505 1104 2647 1158 inter
2681 1103 2932 1157 homines
2970 1102 3454 1157 animadverteret.

1878 1200 2020 1255 Vidit
2045 1200 2182 1253 enim
2214 1199 2432 1251 linteum
2456 1194 2764 1259 demissum,
2793 1206 2842 1248 ct
2865 1195 3041 1247 omnia
3064 1193 3454 1263 quadrupedia,

1866 1307 1930 1345 ac
1955 1290 2187 1361 rcptitia,
2215 1297 2265 1343 et
2318 1288 2435 1343 ειείὶ
2474 1288 2707 1343 volucres
2755 1286 2811 1340 in
2839 1304 2899 1340 eo
2925 1287 3183 1340 contineri
3210 1287 3249 1338 ¹.
3280 1285 3455 1351 Quam

1865 1398 2031 1453 porro
2063 1398 2185 1453 quae
2211 1380 2529 1437 dicerentur
2564 1380 2747 1435 animo
2763 1378 3088 1449 perceperit,
3122 1393 3223 1432 nec
3249 1392 3278 1430 a
3311 1384 3455 1431 statu

1863 1475 2100 1531 rationis
2132 1475 2347 1529 alienus
2410 1472 2594 1539 fuerit,
2668 1487 2737 1526 ex
2795 1486 2861 1525 eo
2888 1478 3044 1540 potes
3104 1468 3455 1533 discernere;

1865 1567 2009 1637 quod
2043 1581 2167 1621 cum
2194 1565 2438 1620 audisset
2471 1582 2485 1617 :
2519 1563 2710 1634 Surge,
2731 1562 2908 1617 occide
2951 1570 2999 1615 et
3028 1560 3314 1623 manduca,
3344 1575 3456 1614 non

1863 1660 2012 1714 illico
2052 1658 2198 1714 velut
2231 1658 2430 1712 mentis
2466 1657 2693 1710 minime
2715 1670 2941 1724 compos
2972 1654 3325 1723 obsequitur;
3357 1652 3454 1707 sed

172 1744 306 1815 περὶ
328 1742 438 1795 τῶν
463 1741 783 1813 ἀνθρώπων,
813 1742 917 1805 ὅτι,
948 1743 1123 1812 ἔλεγε,
1144 1744 1459 1799 Ψεύδονται.
1498 1748 1640 1817 Ἀρα
1665 1748 1761 1800 αύ-

1868 1753 1940 1807 ita
1966 1750 2199 1804 Domino
2229 1748 2562 1818 respondet:
2591 1747 2765 1811 Absit,
2796 1744 3039 1799 Domine!
3070 1744 3199 1797 nihil
3223 1759 3455 1812 unquam

170 1835 264 1899 τὸς
292 1834 393 1887 οὐκ
420 1832 692 1903 ἐψεύδετο.
744 1834 1212 1907 Ἐκπληττόμενος
1234 1836 1311 1902 δὲ,
1344 1838 1439 1891 καὶ
1461 1837 1756 1909 θαυμάξων

163 1927 273 1999 τὴν
321 1925 488 1981 αὑτοῦ
540 1925 968 1998 φιλανθρωπίαν,
1016 1929 1112 1981 καὶ
1154 1929 1222 1982 τὰ
1273 1930 1424 2001 αὐτῷ
1461 1932 1614 2002 παρὰ
1662 1929 1757 1985 τοῦ

167 2017 381 2088 Κυρίου
407 2016 818 2087 κεκηρυγμένα,
842 2016 1117 2088 ἐθαύμαζε
1145 2017 1267 2071 καθ’
1291 2019 1597 2091 ὑπερϐολήν
1620 2037 1633 2050 ·
1664 2020 1759 2074 καὶ

166 2109 315 2180 ὀρῶν
372 2108 552 2162 πάντα
596 2108 883 2182 ἄνθρωπον
942 2108 1257 2180 ἐνδεόμενον
1298 2110 1394 2164 τοῦ
1433 2111 1616 2175 ἐλέους
1662 2111 1757 2165 τοῦ

166 2200 330 2265 Θεοῦ,
371 2202 519 2272 μόνῳ
549 2201 735 2273 Κυρίῳ
766 2200 827 2254 τό
859 2200 1143 2272 ἀληθεύειν
1186 2202 1428 2259 ἐπέδωκε
1452 2221 1465 2235 '
1498 2204 1677 2257 πάντα
1702 2203 1760 2257 δέ

166 2293 459 2369 ἄνθρωπον
485 2292 591 2347 ὑπὸ
613 2294 886 2362 ἐπιτίμιον
917 2293 1059 2362 ἔγνω
1079 2311 1091 2323 ·
1127 2294 1214 2347 ἴνα
1247 2294 1396 2367 δείξῃ
1420 2296 1481 2349 τὸ
1508 2296 1759 2367 ἀληθινὸν

166 2389 398 2462 Πνεῦμα
432 2389 493 2442 τὸ
523 2392 580 2443 ἐν
629 2390 935 2461 προφήταις
968 2388 1226 2458 λαλῆσιν,
1259 2388 1353 2441 καὶ
1384 2389 1451 2442 τὰ
1493 2386 1630 2458 βάθη
1659 2387 1755 2439 αὐ-

165 2486 284 2546 τοῖς
317 2481 674 2552 ἁποκαλύψαν
725 2481 825 2552 τῆς
853 2480 947 2533 τοῦ
992 2480 1125 2533 Θεοῦ
1163 2479 1419 2549 γνώσεως
1463 2479 1558 2531 καὶ
1601 2479 1761 2549 ἀκρι-

167 2573 347 2636 ϐείας.
392 2572 641 2641 Ἐγένετο
666 2572 722 2625 δέ
750 2574 843 2624 καὶ
886 2571 1139 2642 Ἀδραὰμ
1172 2572 1229 2622 ἐν
1267 2568 1543 2630 ἐκστάσει,
1575 2570 1675 2621 οὐκ
1703 2571 1760 2622 ἐν

166 2664 428 2719 ἐκστάσει
452 2661 687 2734 φρενῶν,
720 2661 858 2715 ἀλλὰ
884 2659 1139 2714 ἐκστάσει
1168 2658 1356 2728 φόϐου.
1397 2657 1631 2711 Ἔϐλεπε
1652 2655 1761 2729 γὰρ

167 2753 429 2810 κλίϐανον
481 2754 574 2807 καὶ
609 2754 896 2824 λαμπάδας
930 2752 1058 2825 περὶ
1109 2752 1208 2823 τὴν
1252 2749 1349 2804 τοῦ
1393 2750 1545 2821 ήλίου
1587 2749 1758 2804 δύσιν.

167 2848 284 2902 Καὶ
317 2847 465 2901 ἄλλοι
509 2846 786 2918 προφῆται
812 2844 1047 2917 ὁρῶντες
1082 2843 1151 2897 τά
1181 2844 1434 2915 ὁράματα
1471 2846 1529 2899 ἐν
1552 2843 1763 2917 διανοίᾳ

168 2939 464 3012 ἐρρωμένη
496 2937 701 3006 ἐλεγον.
751 2937 839 3000 Ὠς
870 2938 898 2989 6
922 2936 1162 3007 Μωῡσῆς
1194 2933 1374 3006 φησίν
1397 2936 1495 3004 (2)°
1535 2937 1759 3006 Ἕμςρο-

168 3032 282 3098 σός
313 3033 426 3100 ειμι
461 3029 561 3083 καὶ
593 3029 900 3099 ἔντρομος.
942 3028 1124 3097 Ἔγνω
1157 3025 1212 3080 δὲ
1252 3026 1521 3099 Ἀϐραὰμ,
1546 3028 1614 3081 τὰ
1653 3026 1762 3081 ὑπὸ

167 3123 269 3178 τοῦ
301 3122 506 3194 Κυρίου
552 3121 820 3192 λεγόμενα
839 3137 852 3151 ο
883 3118 1209 3173 Γινώσκων
1241 3118 1465 3189 γνώσῃ,
1492 3119 1761 3194 deincip-

1861 1855 2135 1895 commune
2192 1838 2271 1891 vel
2325 1837 2655 1891 immun‘dum
2708 1835 2929 1888 intravit
2977 1834 3034 1887 in
3086 1850 3143 1888 os
3182 1849 3354 1887 meum
3407 1841 3452 1885 ³.

1861 1930 2019 1997 Quod
2054 1937 2237 1985 autem
2270 1928 2336 1983 ad
2372 1927 2629 1983 Davidem
2655 1926 2874 1991 attinet,
2908 1925 3004 1996 qui
3037 1924 3175 1978 dixit
3205 1943 3218 1979 :
3266 1924 3456 1980 Omnis

1860 2024 2019 2077 homo
2049 2020 2312 2086 mendax;
2337 2036 2463 2075 cum
2504 2019 2707 2088 adjecit
2737 2033 2748 2068 :
2779 2016 2893 2089 Ego
2937 2015 3071 2081 dixi,
3111 2016 3366 2087 privatim
3399 2023 3455 2069 et

1860 2130 1924 2171 ex
1976 2130 2076 2170 sua
2132 2128 2370 2184 persona
2424 2112 2646 2167 locutus
2674 2117 2777 2177 est,
2830 2117 2889 2163 ut
2936 2108 3152 2164 mentiri
3203 2108 3454 2162 homines

1862 2208 2177 2272 atlirmaret,
2213 2206 2483 2261 mendacii
2520 2206 2635 2276 ipse
2693 2214 2838 2262 esset
2889 2220 3104 2274 expers.
3151 2202 3259 2258 Sed
3296 2203 3457 2257 nimi-

1859 2316 1983 2354 rum
2016 2298 2113 2354 Dei
2159 2299 2552 2369 benignitatem
2599 2298 2953 2352 vehementer
2986 2296 3285 2351 admiratus
3324 2303 3453 2361 est;

1861 2404 1976 2447 tum
2001 2393 2148 2463 quod
2180 2392 2423 2447 numinis
2446 2390 2626 2444 aﬂlatu
2650 2390 3051 2460 quamplurima
3066 2389 3194 2442 olim
3225 2395 3454 2443 ventura

1862 2483 2235 2554 praedixisset;
2268 2496 2505 2552 cumque
2540 2481 2817 2536 universis
2849 2479 3167 2535 hominibus
3198 2492 3458 2534 necessa-

1860 2574 1999 2627 riam
2032 2588 2158 2628 esse
2190 2571 2282 2627 Dei
2313 2572 2750 2627 misericordiam
2787 2579 3055 2634 cerneret,
3088 2570 3192 2625 Soli
3224 2568 3457 2623 Domino

1861 2668 2147 2719 veritatem
2206 2663 2480 2727 attribuit,
2514 2678 2576 2717 ac
2622 2663 2883 2717 mortales
2934 2678 3124 2716 omnes
3170 2660 3458 2731 reprelien-

1864 2754 2008 2810 sioni
2058 2754 2325 2809 obnoxios
2385 2768 2509 2808 esse
2568 2753 2982 2831 pronuntiavit;
3044 2758 3101 2805 ut
3150 2764 3338 2805 verum
3396 2749 3455 2804 in

1862 2847 2151 2918 prophetis
2194 2847 2439 2901 locutum
2472 2860 2596 2901 esse
2627 2845 2891 2915 Spiritum
2941 2844 3277 2906 ostenderet,
3301 2857 3455 2896 cum-
3554 2893 3563 2903 ,

1863 2955 1970 3008 que
2004 2938 2073 2993 iis
2102 2938 2369 2995 altissima
2400 2937 2601 2991 divinm
2647 2935 2813 3008 ms
2848 2934 3181 3006 cognitionis
3224 2947 3457 2986 accura-

1866 3038 2043 3099 tzeque
2068 3030 2313 3085 scientia:
2360 3044 2561 3083 arcana
2610 3027 3071 3084 communicasse.
3104 3025 3456 3080 Ahrahamns

1868 3120 2054 3175 itidem
2108 3129 2266 3174 extra
2315 3135 2374 3174 se
2408 3119 2581 3173 fuisse
2650 3126 2845 3188 raptus
2903 3118 3191 3183 scribitur,
3248 3134 3358 3171 non
3388 3124 3449 3170 ut

171 3234 347 3275 οικεν
384 3216 561 3269 ἔσται
591 3214 656 3267 τὸ
682 3211 923 3281 σπέρμα
974 3227 1091 3265 σου
1121 3210 1192 3263 ἐν
1229 3209 1306 3280 τῇ
1337 3211 1625 3278 ἀλλοτρίᾳ
1656 3211 1761 3279 ἐτη

1868 3212 2032 3268 animi
2103 3212 2376 3281 impotens
2411 3222 2577 3273 esset,
2625 3210 2719 3264 sed
2770 3210 3042 3264 duntaxat
3094 3210 3288 3262 timore
3330 3222 3455 3277 per-

169 3312 551 3379 τετρακόσια.
583 3306 696 3360 Καὶ
721 3305 874 3376 ὁρᾷς,
902 3302 977 3366 ὡς
1008 3301 1122 3355 ἔστι
1149 3302 1217 3355 τὰ
1245 3301 1421 3354 πάντα
1437 3303 1504 3354 ἐν
1535 3302 1764 3374 ἀληθείᾳ

1868 3306 2071 3360 eulsus.
2107 3301 2251 3357 Vidit
2275 3303 2420 3358 enim
2446 3302 2550 3357 sub
2576 3302 2706 3355 solis
2724 3312 2983 3355 occasum
3012 3298 3287 3353 clibanuui
3319 3312 3446 3349 cum

174 3407 331 3466 ἰδεῖν,
364 3401 514 3472 παρὰ
542 3402 655 3461 τοῖς
698 3398 1009 3467 προφήταις
1046 3393 1332 3466 εἰρημένα,
1364 3393 1459 3446 καὶ
1489 3394 1546 3446 ἐν
1590 3395 1764 3466 ἐρρω-

1868 3394 2232 3466 lampadibus.
2304 3392 2617 3463 Eodemque
2680 3393 2842 3448 modo
2900 3390 3181 3462 propheta:
3241 3389 3449 3448 caeteri,

179 3497 321 3570 μένῃ
350 3493 579 3564 διανοίᾳ,
609 3492 704 3545 καὶ
736 3492 794 3543 ἐν
843 3488 1081 3559 σώφρονι
1128 3486 1395 3557 λογισμῷ,
1449 3487 1544 3540 καὶ
1569 3487 1669 3540 οὐκ
1708 3490 1764 3541 ἐν

1868 3504 1990 3542 cum
2026 3487 2243 3556 objecta
2282 3487 2385 3541 sibi
2441 3486 2557 3541 visa
2594 3494 2907 3547 cernerent,
2944 3484 3000 3537 in
3032 3481 3222 3537 eodeni
3255 3481 3457 3534 mentis

173 3585 559 3660 παραπληξίᾳ.

1868 3581 2051 3649 vigore
2107 3580 2490 3647 perstiterunt.
2555 3576 2645 3632 Sic
2699 3578 2844 3632 enim
2912 3574 3131 3648 Moyses
3188 3573 3451 3627 dicebat:

175 3680 389 3735 Timore
438 3674 713 3748 perculsus
779 3689 895 3728 sum
940 3689 1003 3726 ac
1046 3672 1293 3726 cohorrui
1327 3671 1366 3725 ³.
1399 3668 1747 3725 Abrahamus
1789 3686 1920 3725 vero
1955 3686 2075 3740 qua:
2104 3685 2135 3723 a
2164 3669 2395 3723 Domino
2428 3676 2554 3723 sunt
2590 3668 2735 3721 dicta
2799 3669 3080 3737 percepit:
3133 3666 3277 3720 Scito
3326 3679 3459 3731 pne-

172 3788 419 3831 noscens,
471 3765 609 3837 quod
659 3765 992 3835 peregrinum
1026 3763 1265 3832 futurum
1312 3763 1380 3816 sit
1438 3777 1610 3816 semen
1664 3770 1810 3814 tuum
1870 3763 1949 3816 in;
1982 3772 2124 3815 terra
2180 3760 2358 3813 aliena
2412 3760 2570 3811 annis
2620 3759 3019 3829 quadringentis
3074 3758 3115 3810 ⁸.
3162 3755 3279 3809 Jam
3321 3753 3456 3806 illul

172 3863 619 3919 animadvertere
688 3866 742 3913 te
792 3866 943 3928 puto,
977 3871 1175 3927 querna
1212 3853 1493 3927 prophetis
1522 3855 1969 3925 pronuntiantur
2013 3853 2221 3915 omnia,
2280 3860 2331 3906 et
2397 3865 2523 3905 eum
2585 3849 2777 3903 eadem
2826 3848 2992 3900 animi
3047 3845 3336 3916 praesentia
3402 3854 3457 3896 et

174 3973 318 4036 cum.
345 3962 494 4010 certa
521 3968 586 4006 ac
616 3952 869 4022 prudenti
908 3952 1119 4007 ratione
1149 3949 1406 4021 proferri.

250 4025 333 4102 117.
361 4049 426 4101 Εἰ
471 4046 528 4099 δὲ
568 4046 662 4098 καὶ
706 4044 869 4098 πάλιν
902 4043 1188 4113 θελήσουσι
1227 4041 1426 4110 λέγειν·
1470 4042 1581 4112 Οὐχ
1613 4042 1764 4112 ὅμοια

1948 4029 2079 4085 Vill.
2124 4029 2280 4096 Quod
2308 4030 2354 4084 si
2387 4027 2517 4083 illud
2549 4026 2837 4096 objiciant,
2867 4025 3263 4096 posterioribus
3288 4027 3452 4082 donis

174 4146 247 4197 τὰ
293 4140 490 4213 πρῶτα
537 4136 853 4209 χαρίσματα
896 4137 1009 4200 τοῖς
1057 4134 1346 4213 ἐσχάτοιςο
1411 4134 1574 4188 πόθεν
1621 4132 1764 4186 τοῦτ(

1875 4126 2060 4196 priora
2093 4139 2199 4176 non
2239 4122 2409 4178 fuisse
2445 4122 2679 4186 similia;
2714 4120 3043 4190 quibusnam
3081 4118 3133 4172 id
3170 4133 3458 4188 argumen-

178 4210 365 4307 ἔχουσι
394 4231 598 4298 δεῖξαις
652 4229 884 4299 Ὁμοίως
928 4226 1037 4298 γὰρ
1081 4210 1332 4297 ἀλλήλοις
1375 4227 1423 4278 οἱ
1456 4224 1600 4294 ἅγιοι
1642 4241 1764 4296 προ·

1874 4219 1947 4272 tis
1973 4215 2249 4272 ellicient?
2275 4214 2437 4270 Certe
2473 4214 2621 4268 enim
2669 4211 2946 4283 prophetae
2985 4225 3197 4273 omnes,
3232 4217 3286 4265 et
3332 4226 3459 4281 apo-

179 4302 369 4397 φῆται,
406 4322 503 4379 καὶ
535 4322 585 4374 οἱ
618 4320 763 4389 ἆγιοι
807 4316 1090 4372 ἀπόστολοι
1131 4318 1564 4387 προεφήτευσαν.
1614 4315 1764 4388 Πρῶ-

1880 4311 2005 4366 stoli
2034 4324 2144 4364 non
2187 4308 2443 4363 dissimili
2484 4321 2512 4359 a
2543 4321 2603 4361 se
2641 4305 2875 4359 invicem
2919 4302 3135 4358 ratione
3173 4302 3457 4361 vaticinati

176 4436 270 4472 τον
309 4417 412 4489 μὲν
445 4410 541 4467 οὖν
576 4409 942 4483 άνερχομένου
972 4407 1063 4462 τοῦ
1101 4407 1351 4479 Σωτῆρος
1384 4408 1463 4470 είς
1492 4406 1584 4460 τὸν
1617 4407 1764 4477 ούρα-

1880 4409 2030 4457 sunt.
2060 4402 2113 4455 In
2146 4400 2339 4468 primis
2369 4414 2493 4453 cum
2532 4397 2869 4452 ascendente
2895 4395 2949 4448 in
2985 4394 3185 4449 cmlum
3224 4392 3458 4448 Domino

181 4512 291 4565 νὺν.
323 4510 421 4564 καὶ
454 4507 654 4569 ἰδόντες
691 4504 817 4566 τοὺς
856 4502 948 4556 δύο
981 4503 1108 4562 τοὺς
1144 4501 1201 4554 ἐν
1244 4500 1499 4572 ἐσθήσεσι
1536 4501 1764 4565 λευκαῖς.

1878 4496 2018 4550 duos
2048 4494 2173 4547 illos
2210 4493 2265 4547 in
2308 4490 2553 4546 vestibus
2586 4490 2723 4544 albis
2757 4488 3089 4558 aspicerent,
3132 4502 3239 4540 non
3276 4502 3461 4540 amen-

179 4603 282 4657 οὐκ
326 4602 387 4653 ἐν
433 4593 791 4671 παραπληξίᾳ
830 4593 1061 4666 ὁρῶσιν·
1098 4592 1234 4647 ἀλλὰ
1267 4593 1463 4664 ἤκουον
1489 4593 1764 4665 ἐρῤωμέντ

1877 4597 1961 4643 tes
1993 4584 2298 4653 furiosique
2327 4582 2617 4645 viderunt;
2657 4580 2752 4635 sed
2785 4579 3001 4648 integro
3040 4578 3207 4631 animi
3246 4576 3458 4646 judicio

178 4700 245 4769 τῇ
277 4693 511 4764 διανοίᾳ,
535 4693 618 4744 ὅτι
660 4689 900 4758 Ἄνδρες
931 4687 1264 4743 Γαλιλαῖοι.
1293 4687 1348 4739 τί
1373 4686 1669 4751 ἑστήκατε
1689 4688 1764 4751 είς

1875 4682 2071 4750 suique
2100 4684 2385 4746 compotes
2416 4673 2709 4728 audierunt
2738 4692 2752 4727 :
2787 4672 2902 4726 Viri
2924 4670 3159 4734 Caiilwi,
3178 4671 3305 4740 quid
3337 4679 3453 4723 sta-

177 4790 290 4843 τὸν
326 4784 594 4854 οὐρανὸν
634 4780 1042 4846 ἀτενίζοντεω
1087 4774 1276 4843 Οὗτος
1319 4781 1350 4831 ὸ
1396 4777 1625 4844 Ἰησοῦς
1674 4778 1775 4844 ἀφ’

179 4879 352 4951 ὑμῶν
381 4882 469 4943 είς
512 4876 617 4931 τὸν
660 4874 922 4943 οὐρανὸν
953 4869 1341 4939 ἀναληφθεὶς,
1381 4870 1569 4935 οὕτως
1604 4870 1775 4922 ἐλεύ-

181 4991 378 5035 σεται,
408 4972 504 5025 καὶ
532 4969 601 5023 τὰ
639 4967 786 5039 ἑξῆς.
819 4962 955 5021 Εἶτα
977 4965 1036 5019 δέ
1067 4965 1160 5018 καὶ
1190 4965 1218 5017 6
1252 4963 1478 5034 Πέτρος,
1506 4962 1580 5025 ὼς
1618 4961 1775 5031 ἔφην,

182 5065 327 5137 ὁρῶ-ι
362 5064 459 5116 καὶ
493 5059 740 5121 ἁκούων,
790 5058 883 5111 καὶ
927 5054 1377 5126 ἀποκρινόμενος,
1422 5053 1516 5105 καὶ
1560 5051 1733 5119 λέγων
1756 5092 1769 5114 ,

186 5152 507 5225 Μηδαμῶς,
539 5152 735 5219 Κύριε,
773 5146 1052 5202 εύσταθῶν
1086 5142 1152 5218 ἦν
1181 5147 1247 5216 τῇ
1279 5142 1504 5213 διανοίᾳ.
1539 5140 1777 5211 Ἄγιδος

184 5256 291 5325 γίιρ
334 5246 696 5321 προφητεύων
725 5243 896 5312 ἔλεγε,
943 5242 1035 5295 καὶ
1076 5238 1217 5292 κατὰ
1266 5239 1541 5309 σχήματος
1571 5235 1779 5305 θαυμα-

1878 4775 1946 4828 tis
1977 4772 2285 4841 aspicientes
2323 4770 2376 4822 in
2405 4767 2637 4821 coelum?
2680 4764 2781 4818 Hic
2821 4771 3002 4827 Jcsus,
3039 4764 3129 4832 qui
3153 4774 3460 4831 assumptus

1874 4874 1949 4919 est
1977 4883 2009 4917 α
2032 4863 2172 4917 vobis
2196 4863 2248 4915 in
2274 4861 2479 4923 caelum,
2515 4859 2591 4913 sic
2616 4859 2777 4911 veniet
2808 4858 2851 4919 ⁵,
2874 4864 2977 4911 etc.
3008 4855 3151 4921 Quin
3183 4863 3236 4910 et
3269 4854 3462 4908 Petrus

1877 4958 2093 5019 videns,
2132 4956 2213 5010 uti
2241 4957 2447 5009 dictum
2476 4960 2580 5015 est,
2608 4963 2662 5006 et
2700 4950 2935 5004 audiens
2971 4958 3135 5018 atque
3162 4949 3248 5003 his
3282 4948 3460 5002 verbis

1882 5048 2224 5118 respondens
2247 5065 2257 5100 :
2281 5046 2454 5110 Absit,
2474 5044 2692 5098 Domine
2711 5043 2763 5095 ’ί
2789 5041 3033 5096 eamdem
3062 5040 3329 5095 retinebat
3350 5040 3463 5091 ani-

1881 5140 1958 5195 mi
1986 5137 2620 5209 constantiam.Agabus
2643 5132 2902 5191 similiter
2929 5129 3112 5184 amatu
3142 5130 3462 5201 prophetico

1887 5233 2228 5294 instructus,
2282 5227 2593 5283 admirabili
2638 5224 2878 5297 quodam
2935 5222 3131 5277 habitu
3191 5229 3463 5294 gestuque

255 5399 699 5469 ‘Act.x,5,6.
770 5397 958 5453 ιιιῄιι.
991 5397 1041 5461 7,
1073 5398 1126 5452 8.
1204 5364 1665 5459 'chr.xtt,2|.
1740 5391 1764 5423 ι

1868 5408 1930 5447 τι.
1971 5405 2063 5451 xv,
2104 5386 2187 5440 15.
2267 5387 2287 5417 ⁸
2320 5386 2435 5441 Act.
2472 5402 2510 5450 ι,
2542 5386 2627 5440 ll.
2708 5383 2871 5439 “Act.
2901 5400 2952 5448 κ,
2993 5383 3072 5437 Η.
3167 5449 3175 5455 ἡ

257 5583 335 5653 (‘2)
367 5582 468 5653 ’ῼς
488 5575 813 5653 όλΜωῖνσ-ξξς
829 5589 1036 5644 φησιν.
1065 5574 1220 5640 Quod
1246 5585 1503 5642 tanquam
1531 5587 1560 5626 a
1593 5570 1777 5641 Moyse

1874 5572 2057 5630 enim,
2105 5574 2162 5621 ut
2200 5568 2454 5622 observat
2505 5566 2903 5632 Hieronymus,
2961 5568 3014 5620 in
3065 5566 3166 5619 hac
3219 5560 3461 5632 Epistula

192 5629 702 5708 .ii.‘~ﬁiuiii'aiu}isaa
725 5629 1019 5713 “duini-ap.
1044 5629 1118 5698 ιιῘι
1145 5629 1570 5713 ctunuwiuorat;
1604 5629 1778 5711 neque
1876 5629 2150 5713 quasigde
2185 5636 2378 5693 Vetere
2414 5629 2767 5713 Testamento
2826 5637 3202 5708 proferuntur,
3241 5629 3364 5702 tina:
3400 5631 3459 5684 in

194 5724 483 5781 tamen~in
548 5718 739 5772 Vetere
794 5708 1160 5770 lustr-uiuente
1229 5714 1444 5791 legitur.
1515 5708 1779 5783 Pleraque
1879 5708 2226 5767 illomiuime
2257 5709 2623 5781 reperiuntur.
