4008 6078
471 260 477 267 ’
514 244 618 301 867
1935 230 1994 285 S.
2037 229 2121 284 ΕΡ

2239 227 2385 284 ιΑΝιι
3709 230 3813 288 868

514 358 659 429 quod
686 356 931 412 futurum
966 361 1083 409 erat
1112 348 1442 405 adumbrare
1476 348 1691 410 volens,
1724 345 1880 401 Pauli
1904 360 2095 401 zonam

2239 346 2328 400 τοῦ
2374 346 2775 417 αἰνιττόμενος,
2831 340 3014 401 λαϐὼν
3059 343 3156 418 τὴν
3209 344 3385 415 ζώνην
3440 342 3535 399 τοῦ
3585 345 3817 403 Παύλου

517 451 751 521 arripuit
787 462 961 518 eaque
990 443 1162 515 pedes
1193 457 1326 498 suos
1361 440 1593 512 alligans
1623 440 1695 494 ita
1734 438 1950 494 locutus
1973 447 2096 492 est:

2242 439 2298 493 al
2335 439 2503 510 δήσας
2539 441 2648 503 τοῖς
2697 439 2848 502 ἰδίοις
2887 438 3037 503 ποσὶ,
3069 438 3235 510 φησὶν
3276 437 3482 502 οὕτως·
3547 439 3667 493 Τὸν
3703 439 3817 493 ἇν-

526 541 712 593 νίηιιη
744 537 898 606 cujus
920 544 995 589 est
1026 538 1141 588 lucc
1176 548 1332 594 zona,
1372 529 1608 601 ligabunt
1644 530 1819 594 illum,
1848 539 1899 585 ct
1927 529 2100 583 abdu-

2239 547 2313 598 pa
2349 525 2421 585 οὗ
2465 529 2637 583 ἐστιν
2665 529 2703 597 ἡ
2742 527 2890 597 ζώνη
2925 529 3099 598 αὕτη,
3129 526 3436 597 δήσουσιν
3461 529 3677 592 αὐτὸν,
3713 530 3813 584 καὶ

518 644 632 686 rent
656 632 710 683 in
740 624 1075 682 Hierusalem
1096 626 1140 678 ⁸.
1177 623 1261 678 Ad
1295 625 1411 678 haec
1434 622 1785 677 Antiochiam
1826 621 2104 693 prophetae

2239 621 2580 675 [ποίσουσιν
2606 623 2695 688 είς
2730 621 3141 691 Ἰερουσαλήμ.
3185 620 3348 675 Ἀλλὰ
3395 622 3489 676 καὶ
3540 621 3712 676 πάλιν
3754 626 3815 676 ἐν

519 724 741 795 quidam
775 720 993 774 venisse
1052 722 1390 782 narrantur,
1442 714 1756 785 famemque
1818 715 2105 769 nuntiasse

2239 711 2521 783 Αντιοχείᾳ
2559 710 2825 784 κατῆλθον
2868 712 3167 784 προφῆται,
3203 713 3299 767 καὶ
3334 713 3711 784 κατήγγελλον
3737 714 3817 767 λι-

523 826 637 872 toto
661 825 936 872 terrarum
962 813 1095 867 orbe
1124 810 1391 865 futuram.
1419 808 1530 864 Nec
1550 823 1690 863 vana
1717 808 2104 879 praedictorum

2239 801 2311 855 ιὸν
2344 801 2563 856 ἔσεσθαι
2591 802 2712 856 καθ’
2741 798 2871 875 ὅλης
2917 803 3019 872 τῆς
3066 802 3411 874 οἰκουμένης.
3457 803 3570 858 Καὶ
3638 805 3703 858 οὺ
3735 805 3816 857 δι-

524 910 657 964 lides
702 906 826 960 fuit.
865 906 1043 974 Atque
1095 909 1153 956 ut
1194 915 1357 956 veros
1404 900 1530 955 illos
1582 900 1880 970 prophetas
1937 898 2108 954 fuisse

2244 911 2407 949 πεσεν
2437 897 2466 949 ὁ
2493 896 2698 949 τούτων
2728 894 2905 963 λόγος.
2949 894 3086 948 Ἀλλ’
3106 895 3192 948 ἵνα
3226 893 3375 968 δείξῃ
3400 891 3599 959 αὐτοὺς
3624 895 3814 966 ἀληθι-

524 1003 884 1059 monstraret,
924 993 1213 1062 Scriptura
1247 990 1430 1047 statim
1464 990 1754 1060 adjunxit:
1800 989 1933 1055 Quae
1963 989 2110 1059 facta

2241 990 2336 1054 οὺς
2379 991 2685 1061 προφήτας,
2732 988 2987 1059 ήΓραφὴ
3034 986 3197 1051 εὐθὺς
3237 987 3491 1057 ἐπιφέρει
3537 988 3810 1057 λέγουσασ

523 1100 600 1145 est
629 1089 725 1144 sub
767 1086 995 1143 Claudio
1038 1085 1252 1139 δαῖσαι-ε
1273 1087 1316 1140 ³.
1367 1084 1435 1138 At
1481 1084 1683 1138 Paulus
1724 1082 2109 1138 sanctissimus

2239 1085 2382 1147 Ητις
2408 1080 2646 1151 ἐγένετο
2704 1079 2803 1132 ἐπὶ
2831 1077 3133 1133 Κλαυδίου
3161 1078 3480 1146 Καίσαρος.
3507 1078 3728 1143 Παῦλος
3752 1079 3813 1133 δὲ

526 1183 813 1253 apostolus
855 1179 1122 1233 instinctu
1156 1176 1483 1247 prophetico
1522 1176 1707 1229 dixit:
1750 1173 1984 1243 Spiritus
2016 1191 2112 1227 au-

2239 1204 2241 1217 ›
2278 1172 2579 1241 ἀγιὼτατος
2625 1170 2923 1235 ἀπόστολος
2973 1170 3332 1242 προφητεύων
3382 1171 3568 1239 ἔλεγεο
3622 1170 3698 1225 Τὸ
3743 1169 3813 1225 δὲ

529 1285 633 1328 tem
670 1272 952 1340 manifeste
986 1270 1157 1323 dicit:
1193 1267 1260 1321 In
1287 1267 1584 1321 novissimis
1613 1265 1797 1320 diebus
1836 1265 2114 1320 instabunt

2239 1266 2458 1335 Ἰνεῦμα
2490 1265 2687 1334 ῥητῶς
2718 1263 2897 1334 λέγει’
2944 1264 3048 1317 Ἑν
3078 1262 3367 1331 ἐσχάταις
3415 1262 3665 1332 ἡμέραις
3710 1263 3813 1316 ἐν-

531 1356 767 1434 ιειηρονὶι
788 1362 1024 1432 difﬁcilia
1051 1363 1098 1427 ³,
1122 1371 1227 1415 etc.
1257 1361 1388 1434 ltetn
1413 1359 1520 1413 alio
1549 1359 1605 1413 in
1636 1359 1759 1413 loco
1784 1377 1798 1412 :
1834 1357 2115 1412 Discedent

2239 1358 2551 1428 ντήσονται
2586 1355 2778 1424 καιροὶ
2812 1354 3087 1425 χαλεποὶ,
3123 1354 3219 1409 καὶ
3265 1354 3335 1408 τὰ
3372 1354 3516 1426 ἑξῆς.
3549 1354 3665 1407 Kal
3707 1355 3815 1409 πά-

530 1456 748 1529 quidam
782 1473 814 1509 a
868 1471 1005 1509 sana
1056 1453 1196 1522 ﬁde,
1232 1449 1559 1505 attendentes
1594 1448 1874 1518 spiritibus
1916 1450 2115 1503 erroris

2239 1467 2301 1502 ,ιν
2352 1446 2563 1512 ἄλλοτε,
2612 1447 2692 1500 ὅτι
2741 1445 3213 1513 Ἀποστήσονταί
3261 1463 3420 1511 τινες
3469 1444 3579 1514 τῆς
3624 1448 3815 1515 ὑγιαι-

529 1559 580 1603 ct
601 1547 857 1603 doctrinis
887 1545 1295 1607 dmmoniorum,
1318 1541 1483 1613 410
1498 1540 1886 1609 prohibentium
1904 1540 2115 1603 nubere,

2239 1541 2451 1606 coriam;-
2488 1536 2904 1603 διδασκαλίας,
2952 1537 3356 1606 προσέχοντες
3403 1537 3664 1604 πλάνοις
3720 1538 3816 1592 καὶ

531 1640 795 1694 abstinere
825 1656 855 1692 a
883 1638 1034 1703 cibis,
1063 1653 1192 1707 quos
1226 1635 1365 1688 Deus
1401 1634 1596 1687 creavit
1630 1633 1698 1685 ad
1727 1631 2120 1702 percipiendum

2239 1631 2642 1696 ἳιδασκαλίαις
2672 1630 2991 1701 δαιμόνων,
3037 1631 3396 1684 κωλυόντων
3427 1630 3660 1699 ταμεῖν,
3704 1631 3803 1685 ἀετ-

534 1731 683 1785 nobis
724 1732 813 1799 qui
843 1746 959 1783 cum
1004 1729 1300 1798 gratiarum
1334 1727 1540 1777 actione
1570 1726 1773 1776 utimur
1794 1724 1848 1777 δε
1885 1724 1936 1777 id
1969 1723 2117 1793 quod

2239 1723 2466 1792 ἔχεσθαι
2508 1722 2857 1792 βρωμάτων,
2886 1720 2925 1776 d
2976 1725 3009 1775 ό
3059 1722 3201 1788 Θεὸς
3230 1721 3473 1775 ἔκτισεν
3512 1724 3605 1789 εις
3638 1722 3807 1793 μετὰ·

536 1824 591 1876 in
619 1822 780 1876 vobis
814 1837 875 1875 ac
903 1820 1072 1875 vestri
1104 1817 1380 1871 similibus
1408 1831 1533 1870 esse
1564 1815 1863 1884 perfectura
1886 1831 1973 1869 res
1999 1816 2117 1885 ipsa

534 1910 795 1963 declarat.
824 1907 1033 1961 Etenim
1058 1908 1327 1976 pleneque
1355 1905 1572 1957 illarum
1602 1905 1884 1960 hazreseon
1914 1906 2119 1975 nuptiis

536 2010 702 2071 atque
746 2016 849 2054 usu
900 1998 1263 2069 quorumdam
1304 1999 1555 2053 ciborum
1614 1999 1975 2063 interdicunt,
2009 2014 2118 2053 non

539 2102 601 2147 ut
658 2092 958 2148 sanctioris
992 2091 1118 2145 vitae
1156 2106 1330 2161 genus
1381 2092 1697 2157 instituant,
1731 2099 1826 2145 aut
1872 2092 1937 2144 ad
1994 2108 2123 2162 pray

538 2183 860 2237 stantiorcm
897 2182 1178 2247 virtutem,
1214 2196 1279 2236 ac
1311 2182 1557 2236 cmlestia
1605 2184 1850 2251 praemia,
1889 2192 1943 2237 et
1972 2198 2124 2254 coro-

540 2288 642 2326 nas
667 2277 1018 2341 comparent;
1051 2268 1146 2324 sed
1170 2268 1317 2339 quod
1340 2269 1660 2325 detestanda
1682 2285 1804 2339 quae
1833 2287 1863 2324 a
1896 2270 2123 2326 Domino

538 2363 759 2418 condita
800 2371 934 2414 sunt
964 2360 1303 2415 existiment.

613 2538 705 2594 lx.
750 2539 819 2592 At
850 2539 1092 2594 Ecclesia
1125 2540 1395 2595 catholica
1446 2548 1499 2595 et
1540 2541 1909 2611 virginitatem
1935 2544 2121 2613 praedi-

543 2639 654 2695 cat,
687 2639 740 2685 et
767 2632 1020 2685 etelibem
1051 2632 1239 2696 vitam,
1269 2646 1334 2686 ac
1362 2633 1748 2688 castimoniam
1781 2634 2127 2690 viduitatem-

541 2735 650 2790 que
677 2720 985 2786 collaudat;
1020 2728 1074 2774 et
1112 2721 1376 2775 honestas
1404 2722 1627 2790 nuptias
1663 2723 1817 2785 colit,
1848 2730 1903 2777 et
1934 2738 2127 2795 appro-

473 2814 477 2818 ’
544 2814 671 2879 bat;
708 2823 896 2882 stupra
940 2827 1089 2876 vero,
1126 2812 1397 2866 adulteria
1448 2827 1511 2867 ac
1559 2813 1816 2869 libidines
1851 2817 2124 2885 prohibet.

547 2904 623 2957 Ex
674 2920 785 2972 quo
839 2920 1024 2957 veram
1074 2918 1139 2958 ac
1186 2918 1503 2973 germanam
1534 2904 1791 2961 Ecclesia:
1843 2910 2128 2965 catholicae

548 3005 756 3060 notam,
789 3004 840 3049 et
877 2996 1218 3051 adulterinos
1260 2996 1493 3051 aliorum
1545 2998 1686 3054 ritus
1736 3000 1859 3055 licet
1888 3002 2125 3069 intueri;

2223 1819 2416 1883 ληψιν
2461 1814 2638 1882 ἡμῖν,
2691 1814 2815 1880 τοῖς
2858 1816 2988 1884 μετ’
3035 1815 3462 1882 εὐχαριστίας·
3502 1815 3580 1879 ὡς
3630 1816 3812 1887 σαφῶς

2224 1910 2306 1976 ἐφ’
2337 1909 2465 1978 ὑμῖν
2492 1907 2587 1961 καὶ
2615 1909 2727 1970 τοῖς
2755 1906 2961 1977 ὁμοίοις
2997 1907 3123 1977 ὑμῖν
3157 1907 3513 1978 πεπλήρωται
3544 1906 3607 1973 ἐξ
3638 1908 3812 1963 αὐτῶν

2223 1999 2333 2053 τῶν
2368 1998 2768 2069 προκειμένων.
2797 1999 2861 2051 Αἱ
2888 1997 2997 2069 γὰρ
3028 1996 3243 2064 πλείους
3271 1998 3379 2051 τῶν
3412 1998 3681 2071 αἱρέσεων
3700 2001 3810 2055 τού-

2223 2109 2332 2144 των
2378 2090 2472 2146 τοῦ
2530 2094 2728 2161 γαμεῖν
2780 2086 3117 2154 κωλύουσιν,
3165 2090 3465 2162 ἀπέχεσθαι
3511 2091 3813 2163 βρωμάτων

2227 2183 2720 2255 παραγγέλλουσιν,
2759 2182 2857 2252 ούχ
2901 2182 3086 2236 ἕνεκεν
3130 2180 3404 2246 πολιτείας
3433 2186 3813 2256 προτρεπόμεο

2226 2292 2327 2338 νοι,
2361 2275 2459 2345 οὐχ
2491 2272 2677 2327 ἕνεκεν
2713 2275 2917 2346 ἀρετῆς
2960 2274 3224 2345 μείζονος,
3268 2275 3364 2327 καὶ
3404 2274 3700 2347 βραϐείων,
3730 2275 3816 2330 καί

2229 2364 2531 2432 στεφάνων,
2563 2363 2697 2417 ἀλλὰ
2734 2363 2994 2434 βδελυκτὰ
3035 2365 3101 2417 τὰ
3144 2365 3248 2417 ὑπὸ
3287 2364 3381 2417 τοῦ
3422 2366 3633 2436 Κυρίου
3663 2381 3818 2435 γεγε·

2230 2469 2293 2525 νη
2302 2455 2436 2525 μένα
2466 2454 2598 2525 ήγού
2608 2471 2777 2524 μενοι.
3074 2456 3077 2463 “

2313 2545 2377 2598 Ἥ
2415 2545 2472 2599 δὲ
2517 2545 2649 2613 ἁγία
2691 2545 2986 2617 Ἐκκλησία
3011 2546 3086 2615 (5)
3118 2547 3211 2598 καὶ
3262 2545 3561 2617 παρθενίαν
3586 2545 3816 2612 δοξάζει,

2231 2639 2326 2693 καὶ
2362 2637 2651 2709 μονότητα,
2692 2637 2785 2690 καὶ
2828 2637 3053 2706 ἁγνείαν
3099 2637 3193 2691 καὶ
3235 2637 3541 2709 χηροσύνην
3585 2639 3817 2701 ἐπαινεῖ,

2231 2731 2325 2784 καὶ
2368 2730 2544 2801 γάμον
2597 2729 2794 2800 σεμνὸν
2845 2730 2980 2801 τιμᾷ
3031 2730 3123 2783 καὶ
3172 2727 3409 2801 δέχεται,
3455 2730 3726 2801 Πορνείαν
3769 2729 3826 2784 δὲ

2233 2823 2328 2875 καὶ
2365 2822 2630 2893 μοιχείαν,
2663 2822 2757 2876 καὶ
2790 2821 3078 2889 ἀσέλγειαν
3109 2820 3457 2893 ἀπαγορεύει.
3489 2821 3661 2874 ’Όθεν
3698 2821 3828 2875 ἰδεῖν

2182 2946 2187 2951 -
2233 2914 2347 2967 ἔστι
2395 2914 2488 2967 τὸν
2527 2914 2851 2986 χαρακτῆρα
2892 2914 2990 2985 τῆς
3044 2913 3207 2982 ἁγίας
3254 2912 3545 2983 καθολικῆς
3593 2913 3826 2986 Ἐκκλη-

2237 3006 2389 3071 σίας,
2432 3005 2525 3060 καὶ
2567 3008 2693 3070 τοὺς
2742 3005 3293 3077 παραπεποιημένους
3338 3004 3445 3058 τῶν
3485 3003 3662 3059 ἄλλων
3698 3005 3827 3077 :96-

546 3102 612 3142 ac
663 3088 1122 3158 quemadmodum
1163 3089 1393 3144 sincera:
1441 3090 1725 3160 religionis
1754 3092 2005 3165 dogmata
2058 3096 2127 3150 ab

2239 3118 2398 3164 πους-
2437 3100 2528 3153 καὶ
2564 3099 2632 3152 τὰ
2673 3099 3068 3170 δοκιμασθέντα
3113 3099 3527 3170 ἀποδιδράσκειν
3570 3096 3682 3154 ἀπὺ
3723 3098 3829 3153 πά-

547 3182 699 3235 omni
729 3197 936 3243 errore,
981 3196 1044 3234 ac
1087 3180 1349 3236 ﬂexuosis
1389 3183 1735 3254 ambagibus,
1776 3195 1853 3248 et,
1879 3187 2129 3258 abruptis

548 3289 613 3329 ac
645 3275 944 3330 salebrosis
971 3274 1261 3329 itineribus
1290 3275 1583 3330 declinent.
1610 3276 1724 3332 Hoc
1742 3279 1887 3332 enim
1913 3287 1967 3334 et
1992 3288 2122 3336 ante

547 3367 738 3422 monui
778 3366 847 3422 ab
875 3366 1140 3435 Apostolo
1181 3382 1305 3421 esse
1337 3367 1680 3435 praedictum,
1703 3378 1758 3423 et
1793 3370 1988 3424 iterum
2023 3387 2134 3429 rno-

551 3460 714 3523 neho,
748 3459 828 3512 uti
864 3474 966 3513 nos
999 3458 1275 3511 cautiores
1313 3456 1548 3512 ediceret
1569 3498 1583 3521 ,
1618 3474 1681 3512 ac
1716 3473 2128 3516 sacrosanctam

548 3549 852 3604 Ecclesiam
896 3548 1133 3618 propriis
1184 3547 1511 3617 quibusdam
1560 3551 1707 3605 notis
1746 3553 1813 3604 ab
1856 3552 2133 3609 haeretico.

551 3657 671 3696 rum
714 3656 904 3696 errore
954 3640 1315 3704 discerneret,
1351 3642 1423 3695 ita
1470 3646 1898 3713 pronuntiasse:
1939 3644 2069 3713 Quae
2104 3667 2131 3700 a

553 3733 661 3789 Deo
690 3742 840 3789 recte
867 3735 1168 3789 constituta
1200 3742 1329 3789 sunt
1357 3734 1664 3791 incredibili
1694 3738 1923 3794 audacia
1958 3742 2136 3810 prohi-

551 3828 743 3881 bentes
768 3825 905 3880 istos
938 3825 1151 3893 privata
1184 3828 1431 3895 quzcdatn
1463 3827 1681 3883 decreta
1708 3831 1941 3886 sancire.
1977 3834 2130 3899 Quod

552 3920 619 3972 ad
664 3934 759 3974 eos
803 3918 1039 3988 pertinet
1070 3918 1162 3984 qui
1206 3920 1426 3988 nuptias
1465 3921 1783 3988 prohibent,
1815 3932 1869 3978 et
1926 3942 1954 3978 a
1994 3927 2134 3982 cibis

553 4011 830 4065 abstinere
862 4010 1205 4078 praecipiunt.
1241 4009 1413 4078 .Atqui
1451 4009 1593 4064 Deus
1629 4011 1744 4080 ipse
1774 4011 2011 4069 Verbum
2077 4018 2131 4071 in

556 4102 853 4172 livangelio
886 4100 1317 4154 moderationem
1342 4102 1391 4155 ei
1424 4101 1501 4155 rei
1526 4102 1817 4170 quamdam
1843 4107 2130 4175 apposuit:

563 4195 675 4260 Vis,
715 4195 892 4266 inquit
917 4193 1177 4261 perfectus
1213 4208 1326 4246 esse
1359 4192 1406 4244 °?
1448 4193 1503 4247 in
1535 4210 1645 4264 quo
1663 4212 1723 4250 se
1752 4197 1814 4251 ad
1841 4198 2134 4255 humanam

554 4288 925 4342 conditionem
958 4295 1012 4341 et
1038 4286 1464 4340 imbecillitatem
1491 4289 1913 4345 accommodare
1942 4293 2134 4347 voluit.

556 4379 630 4432 lis
660 4379 805 4432 enim
843 4378 1146 4432 delectatur
1183 4378 1428 4451 quidem,
1459 4380 1555 4449 qui
1597 4380 1866 4451 ejusmodi
1915 4384 2136 4454 pietatis

2237 3210 2336 3264 σης
2372 3194 2599 3262 πλάνης,
2645 3192 2740 3245 καὶ
2785 3192 3004 3257 σκολιᾶς
3040 3191 3183 3255 ὁδοῦ,
3215 3191 3308 3246 καὶ
3351 3190 3537 3262 τρίϐου
3570 3191 3776 3262 ἀνάντη
3804 3191 3828 3222 ⁶

2233 3283 2601 3355 διακειμένης.
2666 3284 2843 3354 ’Ἐφήν
2899 3284 3008 3356 γὰρ
3054 3283 3200 3345 ἀνω,
3248 3283 3325 3346 ὡς
3369 3281 3478 3335 ἀπὸ
3520 3281 3617 3336 τοῦ
3667 3281 3828 3352 ἁγίου

2248 3376 2573 3429 ’Λποστόλου
2606 3376 2948 3447 προείρηται,
2992 3376 3086 3430 καὶ
3120 3375 3280 3429 πάλιν
3318 3373 3450 3445 ἐρῶ,
3484 3376 3566 3429 ὅτι
3596 3375 3820 3443 ἀσφαλι-

2237 3468 2461 3538 ζόμενος
2489 3470 2657 3539 ἡμᾶς.
2684 3467 2779 3521 καὶ
2809 3468 2899 3521 τὸν
2925 3466 3248 3539 χαρακτῆρα
3268 3467 3367 3536 τῆς
3399 3466 3562 3535 ἁγίας
3601 3466 3829 3538 Ἐκκλη-

2238 3561 2358 3623 σίας
2392 3559 2612 3630 διαιρῶν
2638 3558 2746 3614 ἀπὸ
2771 3562 2869 3630 τῆς
2896 3559 3004 3611 τῶν
3036 3558 3303 3630 αἱρέσεων
3341 3557 3570 3629 πλάνης,
3598 3557 3727 3630 ἔφη,
3754 3557 3829 3622 ὡς

2238 3652 2539 3725 Τολμηρῶς
2566 3652 2635 3705 τὰ
2670 3654 2733 3706 ὲκ
2763 3649 2854 3705 τοῦ
2887 3649 3026 3704 Θεοῦ
3066 3650 3247 3715 καλῶς
3279 3651 3591 3721 τεταγμένα
3618 3651 3829 3719 ἀπαγο-

2241 3745 2490 3817 ρεύοντες
2522 3742 2894 3814 νομοθετοῦσι,
2931 3744 3109 3814 φήσας
3142 3741 3270 3812 περί
3313 3759 3476 3795 τινων
3514 3741 3829 3794 κωλυόντων

2239 3838 2457 3905 γαμεῖν.
2494 3834 2586 3887 καὶ
2618 3832 2920 3903 ἀπέχεσθαι
2959 3831 3282 3903 βρωμάτων.
3333 3832 3443 3886 Kal
3480 3830 3591 3902 γὰρ
3619 3848 3829 3902 συμμε-

2239 3928 2365 3999 τρίᾳ
2389 3927 2494 3980 τινὶ
2528 3926 2556 3978 ὁ
2580 3926 2712 3990 Θεὸς
2737 3926 2926 3995 Λόγος,
2961 3927 3017 3979 ὲν
3054 3925 3127 3995 τῷ
3148 3922 3463 3993 Εὑαγγελίῳ
3502 3924 3703 3993 φήσας,
3728 3923 3832 3977 Θέ-

2238 4025 2369 4085 ,ίὲις
2409 4019 2638 4082 τέλειος
2684 4017 3009 4087 γενέσθαι;
3066 4016 3465 4087 συγγνωμονιῖω
3506 4018 3573 4086 τῇ
3607 4016 3718 4069 τῶν
3739 4015 3833 4067 ἀνα

2241 4110 2474 4182 (ip-imor;
2528 4112 2721 4164 πλάσει
2772 4110 2867 4164 καλ⁵
2912 4108 3186 4179 ἀσθενείᾳ,
3238 4108 3420 4179 χαίρει
3471 4106 3566 4159 ἐπὶ
3607 4109 3722 4170 τοίς
3766 4106 3835 4159 τὰ

2239 4200 2460 4270 δοκίμια
2510 4201 2606 4271 τῆς
2660 4199 2970 4261 θεοσεϐείας
3045 4198 3360 4269 δυναμένοις
3425 4196 3830 4258 ἐνδείκνυσθαι,

2244 4289 2540 4359 παρθενίαν
2586 4291 2775 4343 ἀσκεῖν
2818 4287 3184 4360 αἱρουμένοις,
3228 4286 3324 4339 καὶ
3354 4285 3603 4355 ἁγνείαν,
3629 4286 3721 4337 καὶ
3752 4286 3836 4351 ἔγ·

2246 4379 2529 4447 κράτειαν·
2563 4377 2659 4448 τὴν
2697 4378 2753 4431 δὲ
2783 4376 3120 4448 μονογαμίαν
3164 4376 3328 4445 τιμᾷ’
3369 4375 3419 4427 εί
3458 4373 3553 4427 καὶ
3594 4372 3834 4444 μάλιστα

557 4471 840 4541 specimen
880 4478 1143 4539 praestare
1178 4473 1474 4540 potuerint,
1514 4480 1573 4527 ut
1616 4474 2007 4545 virginitatem,
2041 4492 2131 4532 ca-

2241 4471 2309 4521 τὰ
2350 4470 2662 4541 χαρίσματα
2689 4471 2785 4540 τῆς
2841 4467 3165 4539 ἱερωσύνης.
3192 4466 3279 4520 διὰ
3318 4466 3430 4519 τῶν
3454 4466 3564 4520 ἀπὸ
3605 4481 3837 4535 μονογα-

557 4564 868 4621 stimoniam
919 4564 1427 4633 continentiamque
1482 4566 1884 4634 proﬁteantur;
1952 4567 2139 4638 singu-

556 4658 702 4711 lares
738 4671 901 4726 porro
928 4654 1148 4724 nuptias
1186 4656 1568 4711 commendat:
1606 4671 1730 4710 cum
1776 4659 2136 4712 sacerdotalia

558 4760 787 4800 munera
834 4751 889 4798 et
950 4749 1273 4797 ornamenta
1326 4757 1451 4796 cum
1504 4743 1610 4809 iis,
1664 4743 1758 4814 qui
1819 4753 1944 4813 post
2000 4760 2139 4800 unas

558 4834 786 4905 nuptias
808 4832 1208 4887 continentiam
1231 4832 1593 4897 servaverint,
1623 4840 1719 4886 aut
1744 4833 1798 4887 in
1826 4832 2139 4903 virginitate

556 4927 922 5002 pcrstiterint,
954 4923 1411 4980 communicanda
1451 4939 1578 4980 esse
1619 4926 1765 4978 velut
1807 4925 1862 4979 in
1903 4925 2138 4995 quodam

558 5020 861 5092 exemplari
896 5018 1333 5077 monstraverit:
1373 5016 1426 5071 id
1459 5016 1607 5088 quod
1653 5016 1908 5086 apostoli,
1941 5017 2139 5073 deinde

557 5111 935 5168 ecclesiastica
970 5109 1267 5166 sacerdotii
1298 5110 1489 5180 regula
1526 5109 1758 5164 honeste
1789 5122 1853 5163 ac
1885 5109 2141 5180 religiose

648 5266 664 5294 ¹
695 5264 818 5319 Act.
845 5280 961 5330 ut,
997 5265 1084 5319 ll.
1162 5267 1184 5297 ³
1220 5262 1354 5319 ibid.
1383 5262 1477 5318 28.

1585 5263 1605 5294 ³
1636 5260 1681 5317 ll
1708 5261 1850 5318 Tim.
1880 5276 1962 5327 nt,
1994 5262 2042 5316 1.

636 5399 714 5470 (⁸5)
766 5398 827 5473 'H_
856 5398 925 5473 δὲ
951 5398 1093 5469 ἁγία
1132 5402 1481 5473 Ἐκκλησία.
1513 5401 1707 5457 Totum
1738 5402 1843 5458 hoc
1870 5410 2036 5473 caput
2068 5403 2147 5457 in-

565 5469 772 5541 signem
809 5469 1159 5543 habetusum
1190 5471 1255 5543 ad
1287 5472 1615 5527 catholicum
1650 5473 1844 5543 dogma
1876 5469 1953 5528 ab'
1976 5473 2147 5529 heare.

563 5538 801 5614 tiéorum
842 5538 1049 5614 invidia
1078 5554 1142 5594 ac
1165 5541 1441 5614 calumnia
1487 5538 1877 5598 vindieaﬁdum
1909 5560 1921 5595 :
1955 5544 2046 5614 qui
2087 5551 2147 5598 ut

565 5610 788 5669 modum
818 5609 1053 5674 nullum,
1081 5623 1146 5664 ac
1175 5610 1601 5666 moderationem
1634 5615 1891 5679 retinent,
1918 5609 2042 5670 cum
2070 5615 2141 5670 ab

565 5681 813 5741 Ecclesia
853 5680 1222 5738 commendari
1264 5680 1483 5752 quidem
1515 5683 1755 5752 nuptias,
1788 5684 1884 5741 sed
1917 5685 2142 5756 virgini-

2151 5261 2173 5293 ⁸
2209 5262 2231 5314 Ι
2259 5262 2402 5318 Tim.
2430 5280 2504 5329 tv,
2536 5263 2643 5317 1-5.

2250 4563 2377 4631 μίας
2412 4560 2953 4633 ἐγκρατευσαμένων,
2978 4561 3071 4614 καὶ
3103 4558 3209 4612 τῶν
3247 4559 3305 4611 ἐν
3348 4557 3623 4628 παρθενίᾳ
3656 4556 3835 4610 Sta-:8-

2247 4650 2482 4703 λούντων
2517 4652 2799 4721 κοσμήσας
2826 4650 3132 4721 προετύπου
3151 4666 3164 4678 ·
3200 4648 3274 4712 ὡς
3308 4649 3404 4703 καὶ
3427 4649 3478 4700 οἱ
3509 4646 3675 4701 αὑτοῦ
3699 4645 3837 4699 ἁπό-

2250 4740 2423 4792 στολοι
2448 4740 2540 4794 τὸν
2568 4740 3019 4811 ἐκκλησιαστικὸν
3060 4740 3258 4793 κανόνα
3286 4740 3385 4808 τῆς
3423 4739 3726 4810 ἱερωσύνης
3752 4737 3840 4791 εὐ·

2246 4831 2460 4896 τάκτως
2496 4832 2589 4885 καὶ
2622 4831 2784 4895 ὁσίως
2816 4830 3147 4896 διετάξαντο,
3199 4832 3263 4883 Εἰ
3294 4830 3354 4882 δέ
3394 4848 3479 4893 τις
3508 4830 3647 4883 κατὰ
3675 4829 3840 4882 ἀσθέ-

2246 4940 2394 4976 νειαν
2434 4922 2763 4993 ἐπιδεηθείη,
2805 4921 2941 4992 μετὰ
2975 4922 3074 4993 τὴν
3107 4919 3360 4990 τελευτὴν
3403 4921 3503 4989 τῆς
3560 4919 3694 4982 ιδίας
3739 4938 3841 4988 γα-

2251 5014 2423 5085 μετῆς
2464 5014 2803 5085 συναφθῆναι
2844 5014 3081 5087 δευτέρῳ
3118 5013 3301 5084 γάμῳ.
3349 5013 3452 5065 οὐκ
3505 5010 3845 5081 ἀπαγορεύει

2246 5108 2405 5163 τοῦτο
2455 5111 2484 5163 ὁ
2525 5108 2705 5162 κανὼν
2737 5107 2839 5176 τῆς
2868 5106 3146 5177 ἀληθείας,
3174 5104 3416 5157 τουτέστι
3466 5105 3560 5156 τὸν
3605 5102 3675 5172 μὴ
3712 5103 3845 5154 ὅντα

2773 5263 2794 5294 ⁸
2826 5260 3019 5317 Matth.
3046 5276 3172 5324 XIX,
3211 5260 3301 5313 ει.
3402 5261 3424 5290 ⁸
3458 5257 3521 5313 F.
3557 5256 3842 5318 ἐναντίως.

2254 5413 2421 5462 tatem
2452 5404 2958 5474 continentiamque
2983 5401 3226 5473 praeferri
3271 5401 3459 5474 vident
3479 5440 3495 5464 ,
3530 5402 3846 5474 caclamant

2257 5477 2425 5536 illico.
2457 5487 2510 5531 et
2544 5477 2599 5531 in
2635 5471 3036 5531 conventiculis
3069 5474 3187 5529 suis
3214 5471 3358 5541 apud
3390 5471 3674 5540 imperitos
3702 5484 3845 5541 per-

2258 5547 2448 5602 ﬁdiosc
2500 5563 2563 5600 ac
2613 5545 2809 5602 stolide
2863 5540 3261 5606 vociferantur,
3286 5541 3537 5595 damnari
3569 5555 3599 5593 a
3633 5540 3850 5596 Catho-

2252 5619 2371 5674 licis
2397 5618 2638 5689 nuptias,
2674 5630 2740 5672 ac
2771 5615 3021 5671 ciborum
3053 5629 3155 5671 usu
3187 5611 3407 5684 penitus
3435 5608 3715 5667 interdici.
