3866 6068
294 214 409 271 869,
604 224 609 227 ‘
986 215 1356 273 ADVERSUS
1398 213 1736 271 IIIERESES
1773 214 1876 269 LIII

1992 255 2004 269 .
2042 215 2205 272 Ton.
2246 218 2286 272 I.
2329 218 2602 276 HASRES.
2649 219 2850 275 XLVIII
3338 195 3349 205 ’
3461 230 3567 290 870

986 215 1356 273 ADV’ERSUS
1398 213 1736 271 IIIERESES
1773 214 1901 269 LIB.
1941 212 2004 269 Il.
2042 215 2205 272 ΤΟΜ,
2246 218 2286 272 l.
2329 218 2602 276 HASRES.
2649 219 2850 275 XLVIII

298 330 467 400 ἱερέα.
494 318 655 380 Οὗτοι
679 327 736 379 δέ
768 328 1032 381 κωλύουσι
1059 326 1197 382 κατᾶ
1233 330 1246 359 ¹
1280 328 1567 399 εἰρημένον
1586 367 1600 389 ,
1627 328 1876 381 κωλυόν·

1995 326 2375 384 decreverunt.
2423 329 2578 395 Quod
2617 331 2659 385 si
2692 332 2816 400 quis
2856 340 2977 401 post
3011 336 3196 392 uxoris
3233 339 3438 396 obitqu
3472 360 3567 402 se—

295 436 413 472 των
464 417 693 488 γαμεῖν.
734 419 1084 472 Ἐκδάλλουσι
1132 419 1243 490 γὰρ
1292 419 1382 473 τὸν
1437 419 1675 491 δευτέρῳ
1721 419 1876 489 γάμῳ

1985 422 2197 476 cundas
2253 423 2478 492 nuptias
2526 439 2624 493 pro
2685 440 2784 477 sua
2838 425 3205 484 imbecillitate
3257 432 3564 503 desiderat,

297 510 667 579 συναφθέντα,
723 512 819 565 καὶ
869 509 1238 578 ἀναγκάζουσι
1296 511 1371 581 μὴ
1433 509 1669 583 δευτέρῳ
1721 510 1876 581 γάμῳ

1986 511 2211 566 minime
2243 512 2295 567 id
2333 512 2554 583 quidem
2600 516 2849 571 veritatis
2886 520 3072 588 regula
3111 521 3383 590 prohibet,
3414 524 3468 579 in
3504 542 3573 582 eo

296 601 684 655 συνάπτεσθαι.
732 602 923 672 Ἡμεῖς
963 601 1018 655 δέ
1057 601 1158 654 οὐκ
1196 602 1444 672 ἀνάγκην
1487 600 1840 672 ἐπιτιθέαμεν
1865 640 1880 665 ,

291 693 430 748 ἀλλὰ
491 693 864 765 παραινοῦμεν
910 692 1047 763 μετά
1103 692 1434 763 συμϐουλίας
1489 692 1702 762 ἀγαθῆς
1748 709 1883 763 προ-

289 782 615 854 τρεπόμενοι
658 782 749 834 τὸν
795 781 1126 853 δυνάμενον
1177 782 1278 835 οὐκ
1320 782 1565 852 ἀνάγκην
1615 781 1671 833 δέ
1711 783 1885 834 ἐπιτι-

294 873 495 944 θέαμεν
521 872 600 943 τῷ
631 872 705 943 μὴ
735 873 1051 945 δυναμένῳ·
1085 874 1185 927 οὐκ
1213 872 1548 944 ἐκϐάλλομεν
1582 872 1743 925 αὐτὸν
1776 872 1884 926 ἀπὸ

291 966 391 1036 τῆς
425 964 590 1035 ζωῆς.
633 965 691 1017 ’0
734 964 843 1036 γὰρ
895 964 1048 1034 ἆγιος
1097 965 1251 1034 λόγος
1294 966 1459 1018 παντὶ
1505 964 1739 1037 ἐκήρυξε
1784 966 1883 1036 τὴν

292 1055 578 1109 ἀσθένειαν
618 1054 727 1108 τῶν
780 1054 1148 1108 ἀσθενούντων
1182 1054 1499 1126 βαστάζεινο
1532 1054 1607 1118 ὡς
1654 1055 1746 1107 καὶ
1788 1055 1884 1108 αύ-

290 1147 378 1209 τὸς
435 1148 464 1200 ὁ
521 1147 674 1214 ἅγιος
719 1146 1035 1211 ’Λπόστολος
1098 1145 1453 1217 εὑρεθήσεται
1514 1146 1719 1216 λέγων,
1792 1147 1883 1201 καὶ

206 1311 211 1315 ,
290 1239 527 1309 ἐλέγχων
575 1240 701 1302 τοὺς
742 1239 1019 1303 τοιούτους
1055 1239 1128 1310 μὴ
1171 1238 1331 1301 ὄντας
1371 1236 1467 1291 τοῦ
1510 1236 1675 1292 αὐτοῦ
1721 1239 1881 1311 χαρί⁴

292 1347 321 1381 σ
329 1342 517 1399 ματος·
546 1330 626 1382 ὅτι
656 1330 960 1397 Νεωτέρας
984 1329 1175 1399 χήρας
1190 1329 1502 1399 παραιτοῦ·
1519 1330 1672 1400 μετὰ
1690 1331 1799 1401 γὰρ
1816 1332 1880 1385 τὸ

290 1419 803 1489 καταστρηνιὰσαι
855 1421 961 1474 τοῦ
999 1421 1278 1489 Χριστοῦ,
1323 1422 1531 1492 ταμεῖν
1571 1422 1878 1489 θέλουσιν,

288 1513 542 1581 Exoraui
569 1512 766 1583 κρῖμα,
790 1513 879 1567 ὅτι
913 1513 1026 1582 τὴν
1053 1514 1293 1583 πρώτην
1314 1515 1523 1569 πίστιν
1549 1514 1877 1584 ἠθέτησαν.

289 1605 353 1658 Ai
411 1605 517 1678 γὰρ
576 1605 1039 1677 ἐπαγγειλάμεναι
1098 1608 1192 1661 καὶ
1261 1607 1635 1679 ἀθετήσασαι,
1698 1607 1880 1677 ἔχουσι

1984 600 2255 657 duntaxat
2301 605 2394 674 qui
2451 609 2712 662 sacerdos
2764 623 2872 663 non
2916 610 3103 666 fueIit.
3147 613 3212 667 At
3254 616 3342 670 isti
3393 618 3564 688 prohi-

1990 692 2143 760 bent,
2182 696 2430 765 adeoque
2477 696 2630 752 Pauli
2666 700 2754 752 illa
2794 704 3065 756 sententia
3103 708 3569 777 comprehendun-

1989 791 2081 837 tur
2116 826 2131 851 ,
2169 784 2556 855 prohibentium
2597 789 2805 844 nubere.
2832 791 2972 849 Nam
3004 810 3150 862 eum,
3188 798 3280 868 qui
3310 801 3571 855 secundis

1988 875 2198 945 nuptiis
2239 877 2483 948 illigatus
2539 877 2738 942 fuerit,
2788 884 3090 952 expellunt,
3151 902 3214 940 ac
3272 905 3340 943 ne
3391 890 3570 944 facere

1988 966 2132 1021 istud
2178 969 2379 1024 audeat
2414 970 2522 1024 vim
2578 987 2642 1025 ac
2695 976 3077 1032 necessitatem
3130 980 3411 1038 adhibent.
3458 983 3569 1039 Nos

1986 1064 2170 1114 autem
2203 1077 2382 1130 neque
2411 1061 2572 1134 ιιι
2611 1066 2940 1122 necessitate
2973 1069 3082 1122 ulla
3113 1074 3566 1143 constringimus,

1987 1147 2081 1203 sed
2119 1149 2451 1214 suademus;
2486 1168 2586 1206 nec
2619 1152 2777 1205 aliter
2807 1170 2971 1223 quam
3005 1157 3249 1213 honestis
3283 1163 3569 1230 praeceptis

1986 1254 2051 1292 ac
2096 1241 2347 1296 consiliis
2381 1258 2505 1296 eum
2528 1285 2543 1309 ,
2576 1246 2669 1314 qui
2718 1246 2936 1316 quidem
2972 1248 3184 1316 possit,
3237 1250 3303 1304 ad
3355 1250 3406 1304 id
3440 1266 3573 1320 prae-

1986 1329 2244 1384 standum
2305 1333 2666 1403 impellimus;
2708 1350 2831 1390 cum
2864 1352 2993 1391 vero
3024 1337 3116 1407 qui
3150 1340 3331 1393 minus
3368 1349 3567 1409 potest,

1987 1422 2135 1474 nulla
2160 1422 2212 1475 vi
2248 1425 2517 1493 cogimus,
2542 1441 2643 1479 nec
2680 1441 2708 1478 a
2739 1427 2916 1480 salute
2946 1442 3174 1495 prorsus
3201 1430 3567 1487 exi-ludimus.

1985 1514 2123 1567 Nam
2173 1519 2487 1569 tenuiorum
2542 1517 2977 1572 imbecillitatem
3027 1519 3306 1575 ferendam
3340 1523 3573 1578 cuilibet

1986 1605 2173 1659 divino
2234 1622 2488 1662 sermone
2550 1608 2889 1677 praecipitur.
2929 1610 3122 1680 Adque
3180 1611 3285 1665 hoc
3344 1621 3571 1668 sanctus

288 1698 483 1765 κρῖμα.
513 1696 575 1748 Ai
607 1696 661 1748 δὲ
699 1697 772 1769 μὴ
820 1698 1307 1768 ἐπαγγειλάμεναι,
1351 1698 1486 1752 ἀλλὰ
1522 1698 1876 1768 συναφθεῖσαι

1984 1695 2280 1765 Apostolus
2329 1713 2437 1750 non
2489 1697 2695 1754 dixisse
2758 1700 2919 1755 modo
2975 1703 3311 1771 reperietur;
3377 1704 3471 1758 sed
3516 1713 3573 1757 et

286 1785 355 1838 δι’
379 1786 685 1848 ἀσθένειαν,
722 1791 897 1859 κρῖμα
939 1790 1038 1843 οὐκ
1084 1789 1315 1861 ἔχουσιν.
1362 1791 1425 1842 Ei
1467 1790 1524 1844 δὲ
1568 1790 1663 1844 καὶ
1704 1793 1882 1860 κρῖμα

288 1876 513 1947 ἔμελλον
563 1878 728 1950 ἔχειν,
788 1880 905 1946 πῶς
957 1880 1141 1950 ἔλεγε·
1196 1880 1604 1950 Γαμείτωσαν,
1650 1880 1876 1934 ι’ίλιοδε·

289 1970 705 2023 σποτείτωο-αν
725 1988 745 2037 ;

1992 1788 2127 1841 istos
2160 1796 2344 1858 aperte
2369 1787 2636 1852 refellere,
2670 1800 2724 1845 et
2757 1791 2826 1846 ab
2852 1807 2913 1847 ea
2945 1808 3108 1863 quam
3138 1794 3372 1849 habebat
3397 1796 3569 1865 gratia

1988 1879 2200 1933 alienos
2262 1880 2572 1934 ostendere.
2610 1880 3102 1947 Adolescentiores,
3134 1884 3342 1954 inquit,
3384 1885 3570 1941 viduas

1984 1971 2178 2024 devita.
2236 1967 2369 2024 Cum
2443 1971 2578 2023 enim
2635 1971 2923 2025 quurialw
2971 1973 3167 2041 fuerint
3212 1975 3265 2028 in
3318 1974 3571 2041 Christo,

289 2062 482 2117 nubere
519 2064 698 2120 volunt
730 2064 977 2119 habentes
1011 2065 1407 2120 damnationem
1457 2067 1583 2137 quia
1633 2066 1863 2135 primam
1903 2066 2062 2135 ﬁdem
2090 2065 2301 2118 irritam
2337 2063 2570 2135 fecerant
2625 2066 2664 2119 ⁸.
2733 2064 2788 2120 Si
2843 2068 3062 2138 quidem
3098 2085 3220 2139 qua:
3261 2070 3571 2125 castitatem

290 2156 550 2226 professa:
599 2156 811 2211 irritam
867 2173 986 2211 eam
1028 2155 1426 2228 professionem
1480 2156 1732 2224 fecerint,
1791 2158 2205 2213 damnationem
2274 2157 2477 2212 habere
2520 2157 2798 2212 dicuntur.
2839 2157 2969 2224 Quae
3000 2176 3127 2214 \ero
3164 2162 3387 2226 minime
3452 2177 3575 2233 pro-

291 2249 447 2304 fessa:
497 2248 720 2315 fuerint,
774 2250 870 2305 sed
912 2265 1011 2321 pro
1063 2248 1383 2305 infirmitate
1437 2265 1536 2306 sua
1576 2252 1889 2323 nupserint.
1950 2249 2324 2306 damnationis
2380 2257 2509 2306 sunt
2555 2266 2780 2321 prorsus
2837 2258 3110 2321 expertes.
3172 2251 3227 2307 Si
3269 2254 3414 2307 enim
3467 2255 3567 2309 ulli

287 2349 473 2396 essent
505 2342 777 2406 obnoxias,
819 2357 921 2396 cur
953 2340 1203 2397 diceret:
1246 2341 1490 2405 Nubant,
1518 2343 1701 2397 domui
1740 2343 2036 2411 prwsint'?

358 2434 413 2485 I'.
447 2432 612 2496 Πῶς²
644 2434 822 2487 τοίνυν
871 2434 1229 2506 προφητεύων
1276 2434 1700 2506 παρακολουθῶν
1735 2435 1876 2506 εὑρί-

2068 2434 2130 2488 X.
2173 2432 2365 2490 Omnis
2405 2434 2568 2506 igitur
2602 2435 2889 2505 propheta,
2922 2444 3035 2490 tam
3079 2437 3133 2491 in
3166 2435 3361 2492 Vetere
3400 2453 3567 2508 quam

289 2541 477 2579 σκεται
515 2525 615 2579 κᾶν
661 2543 720 2580 τε
749 2526 807 2578 ὲν
840 2528 906 2597 τῇ
955 2525 1170 2598 Παλαιᾷ
1201 2526 1465 2599 Διαθήκῃ,
1498 2528 1598 2581 κᾶν
1626 2543 1685 2579 τε
1716 2528 1773 2580 ἐν
1814 2530 1876 2597 τῇ

1992 2525 2045 2578 in
2080 2524 2230 2580 Novo
2255 2524 2629 2589 Testamento,
2659 2541 2779 2596 quae
2815 2525 2949 2580 dicit
2984 2527 3345 2597 intelligentia
3380 2544 3570 2585 conse-

288 2617 463 2688 Καινῇ
484 2634 497 2647 ·
534 2617 609 2680 ὡς
642 2618 734 2670 καὶ
761 2620 788 2671 ὁ
821 2616 976 2686 ἅγιος
1013 2618 1267 2688 Ἰωάννης
1306 2618 1363 2672 ἐν
1400 2621 1467 2689 τῇ
1513 2616 1876 2687 Ἀποκαλύψει

1985 2621 2193 2690 quitur.
2258 2618 2408 2676 Unde
2455 2626 2511 2674 et
2568 2616 2810 2674 Joannes
2879 2619 2953 2672 ita
3007 2619 3060 2672 in
3105 2620 3431 2692 Apocalypsi
3495 2621 3571 2675 lo-

286 2710 438 2779 ἔλεγε
455 2726 468 2740 ·
501 2709 643 2763 Τάδε
668 2708 1029 2777 ἀπε-κάλυψε
1049 2711 1263 2778 Κύριος
1283 2709 1403 2776 τοῖς
1425 2711 1612 2765 αὐτοῦ
1634 2709 1875 2774 δούλοις

1983 2711 2198 2780 quitnr:
2225 2714 2355 2767 ch
2380 2708 2620 2764 reuelauit
2647 2707 2905 2761 Dominus
2927 2709 3087 2762 servis
3110 2709 3220 2763 suis
3241 2726 3334 2779 per
3362 2726 3568 2764 servant

287 2801 385 2855 διὰ
416 2794 523 2856 τοῦ
561 2800 786 2855 δούλου
827 2801 1012 2856 αὐτοῦ
1059 2801 1362 2857 Ἰωάννου’
1387 2801 1504 2867 καὶ,
1544 2799 1686 2854 Τάδε
1714 2800 1876 2871 λέγει

1984 2819 2137 2857 suum
2170 2802 2433 2856 Joannem
2458 2802 2500 2867 8;
2556 2808 2650 2856 et:
2683 2804 2812 2855 Ilaec
2841 2800 2967 2853 dicit
2997 2800 3278 2856 Dominus.
3312 2800 3443 2869 Qua:
3471 2803 3568 2874 qui

286 2895 523 2964 Κύριος.
562 2894 618 2948 '0
639 2894 811 2948 ταῦτα
829 2894 1005 2963 λέγων
1026 2894 1346 2966 ἐρρωμένην
1368 2890 1479 2965 εἶχε
1501 2893 1599 2963 τὴν
1617 2893 1876 2960 διάνοιαν,

1986 2894 2144 2959 dixit,
2175 2893 2419 2964 proiecto
2452 2891 2606 2947 firmo
2636 2902 2753 2947 erat
2776 2891 2987 2961 judicio
3033 2892 3317 2962 praeditus,
3343 2909 3406 2948 ac
3433 2894 3570 2965 quid

289 2986 384 3040 καὶ
417 2985 834 3057 παρηκολούθει.
885 2986 1012 3040 Ἰδοὺ
1028 2987 1231 3049 τοίνυν,
1271 2984 1416 3042 Τάδε
1439 2986 1601 3056 λέγει
1634 2987 1876 3054 Κύριος·

1993 2987 2306 3055 loqueretur
2356 2985 2540 3039 animo
2580 2992 2916 3054 perceperat.
2962 2980 3098 3038 Ilinc
3144 2983 3251 3038 illa:
3291 2983 3569 3050 formulae,

286 3079 382 3133 καὶ
397 3119 412 3143 ,
437 3078 679 3147 Ὃρασις
700 3076 782 3145 ἢν
796 3073 976 3134 εἶδεν.
1009 3076 1067 3130 Ὀ
1086 3077 1143 3130 δὲ
1163 3075 1441 3140 Μοντανδς
1464 3068 1621 3140 οὗτος
1637 3078 1666 3129 ὁ
1694 3074 1876 3146 αὐχῶν

1986 3081 2116 3131 Ηανε
2140 3077 2269 3131 dicit
2291 3076 2593 3140 Dominus;
2618 3087 2706 3129 et:
2748 3074 2890 3128 Visio
2917 3091 3073 3141 quam
3097 3074 3247 3129 vidit.
3276 3074 3569 3133 Montanus

284 3169 480 3225 ἑαυτὸν
512 3164 653 3222 εἶναι
688 3168 994 3240 προφήτην,
1036 3167 1128 3220 καὶ⁹
1169 3166 1447 3238 πλανήσας
1487 3167 1612 3229 τοὺς
1649 3165 1740 3219 ὑπ’
1781 3165 1876 3218 αὐ-

1982 3182 2134 3231 vero,
2185 3167 2279 3237 qui
2331 3182 2390 3221 se
2438 3165 2758 3235 prophetam
2805 3163 3048 3233 jactitat,
3078 3180 3143 3219 ac
3194 3165 3568 3220 sectatoribus

284 3260 382 3317 τοῦ
416 3258 1190 3333 πεπλανημένους,ἁσύστατα
1236 3258 1378 3312 κατὰ
1414 3259 1513 3322 τὰς
1551 3257 1697 3321 θείας
1730 3247 1882 3328 Γρα-’

285 3352 397 3425 φὰς
440 3352 729 3423 διηγεῖται.
778 3351 942 3420 Λέγει
987 3345 1098 3423 γάρ
1147 3351 1204 3403 ἐν
1250 3352 1317 3422 τῇ
1365 3350 1561 3403 ἑαυτοῦ
1608 3348 1881 3422 λεγομένῃ

286 3446 623 3518 προφητείᾳ’
667 3445 729 3500 Τί
753 3443 954 3514 ,λέγεις
997 3442 1106 3496 τὸν
1152 3442 1307 3512 ὑπὲρ
1354 3442 1669 3511 ἄνθρωπον
1700 3439 1878 3501 σωζό-

280 3555 474 3609 {mror
494 3554 513 3603 ;
557 3536 794 3607 Λάμψει
828 3536 938 3605 τὰρ
990 3539 1023 3589 ὁ
1062 3535 1314 3601 δίκαιος,
1346 3535 1544 3605 φησιν,
1580 3532 1734 3601 ὑπὲρ
1771 3530 1876 3585 τὸν

286 3630 469 3698 ἣλιον
503 3626 1126 3692 ἑκατονταπλασίονα.
1178 3628 1242 3679 οι
1295 3623 1363 3677 δὲ
1392 3623 1594 3694 μικροὶ
1635 3623 1707 3677 ἐν
1734 3621 1878 3691 ὑμῖν

285 3722 627 3792 σωζόμενοι,
676 3718 1032 3788 λάμψουσιν
1076 3716 1679 3770 ἑκατονταπλασίονα
1724 3714 1877 3782 ὑπὲρ

284 3817 405 3885 τὴν
430 3816 726 3882 σελήνην.
769 3813 826 3866 '0
863 3811 922 3865 δέ
954 3809 1159 3889 Κύριος
1190 3808 1402 3879 ἐλέγχει
1437 3808 1528 3861 τὸν
1561 3806 1818 3868 τοιοῦτον.
1848 3807 1877 3859 ὁ

284 3908 427 3979 ἔχων
462 3907 559 3979 τὴν
601 3904 848 3970 ἐξουσίαν
877 3901 1207 3975 χαρίσασθαι
1235 3901 1296 3953 τδ
1325 3899 1561 3971 λάμπειν
1604 3898 1674 3953 τὰ
1710 3899 1876 3971 πρόσ-

284 4017 414 4054 ωπα
451 3998 559 4051 τῶν
597 3997 790 4067 ἁγίων,
837 3995 930 4049 καὶ
978 3992 1275 4065 φαιδρύνας
1328 3992 1389 4046 τὸ
1442 3991 1733 4062 πρόσωπον
1782 3989 1875 4043 τοῦ

284 4090 588 4155 Μωῦσέως,
630 4088 726 4143 καὶ
767 4085 1085 4160 μεταϐαλὼν
1126 4084 1254 4148 τοὺς
1295 4083 1486 4152 ἁγίους
1518 4083 1575 4136 ἐν
1618 4084 1686 4152 τῇ
1745 4081 1875 4152 ἁγίᾳ

284 4181 454 4237 αὑτοῦ
496 4181 788 4235 ἀναστάσει
833 4179 940 4233 τῶν
988 4176 1274 4247 σωμάτων,
1317 4176 1442 4238 τοὺς
1488 4174 1876 4245 σπειρομένους

285 4279 346 4329 ἐν
384 4277 451 4346 τῇ
488 4272 702 4343 ἀτιμίᾳ,
747 4271 839 4325 καὶ
889 4268 1274 4341 ἐγειρομένους
1317 4269 1376 4321 ἐν
1419 4266 1577 4339 δόξῃ·
1608 4266 1708 4319 οὐκ
1739 4264 1874 4320 ἄλλα

288 4330 519 4438 σώματα
726 4362 795 4416 τά
842 4330 1169 4427 δντάίὰλλά
1210 4358 1349 4411 αὐτὰ
1404 4356 1473 4410 τὰ
1494 4330 1644 4411 Ῠδντα
1666 4355 1875 4428 ἐγειρό-
1910 4330 1950 4384 D

287 4475 428 4532 μενα
473 4456 597 4511 ὃλαο
647 4454 994 4526 λαμὸάνοντα
1035 4451 1089 4505 δὲ
1138 4448 1295 4515 δόξαν
1355 4448 1486 4520 παρ’
1522 4447 1683 4501 αὐτοῦ
1735 4446 1874 4518 μετὰ

282 4553 600 4611 ἀνάστασιν,
633 4546 785 4618 παρὰ
811 4543 905 4597 τοῦ
947 4542 1045 4614 τὴν
1079 4541 1235 4606 δόξαν
1265 4539 1511 4609 ἀφθόνως
1543 4539 1874 4610 παρέχοντος

281 4652 397 4711 τοῖς
422 4644 587 4701 αὑτοῦ
622 4643 829 4713 ἁγίοις’
860 4638 1051 4709 ἐπειδὴ
1084 4638 1197 4708 ἔχει
1243 4636 1340 4708 τὴν
1378 4634 1628 4701 ἐξουσίαν
1667 4634 1871 4698 δοῦναι,

282 4740 382 4795 καὶ
413 4734 760 4808 χαρίσασθαι,
791 4733 867 4796 ὡς
908 4731 1039 4795 Θεὸς
1081 4730 1173 4785 καὶ
1210 4729 1432 4797 Κύριος.
1473 4727 1652 4799 Ἐχων
1689 4726 1746 4780 δὲ
1775 4726 1868 4780 τοῦ

284 4827 637 4901 χαρίσασθαι,
677 4824 778 4879 οὐκ
799 4822 818 4854 ³
841 4819 1203 4893 ἐπηγγείλατο
1227 4817 1368 4871 κατὰ
1398 4814 1672 4871 Μοντανόν
1691 4830 1705 4845 ⁸
1736 4814 1873 4868 ἀλλὰ

285 4921 452 4993 φησί·
501 4918 736 4988 Λάμψει
781 4914 949 4985 ὑμῶν
1005 4914 1078 4965 τὰ
1124 4912 1416 4978 πρόσωπα
1462 4908 1545 4973 ὠς
1596 4911 1628 4962 ὁ
1678 4907 1869 4975 ἣλιος.

285 5012 352 5067 Ei
382 5009 565 5064 τοίνυν
597 5008 626 5059 ὁ
653 5007 791 5078 ἔχων
813 5004 910 5076 τὴν
946 5001 1219 5067 ἐξουσίαν,
1247 4999 1341 5052 καὶ
1368 4997 1582 5069 άληθῶς
1609 4997 1872 5070 ὑπάρχων

283 5102 573 5172 δεσπότης,
611 5100 706 5153 καὶ
750 5097 952 5168 Κύριος
997 5092 1153 5166 ἡμῶν
1196 5088 1401 5162 Ἰησοῦς
1445 5089 1700 5161 Χριστὸς,
1729 5089 1804 5153 ὡς
1843 5090 1871 5141 ὁ

282 5196 435 5266 ἥλιος
461 5192 608 5262 λέγει
640 5189 707 5244 τά
739 5188 1003 5259 πρόσωπα
1034 5184 1143 5238 τῶν
1181 5182 1405 5237 δικαίων
1448 5180 1684 5251 λάμψειν
1703 5196 1717 5211 ⁸
1754 5182 1871 5245 πῶς

283 5286 564 5349 Μοντανδς
614 5280 1002 5350 ἐπαγγέλλεται
1046 5273 1424 5348 περιττότερον
1469 5272 1870 5324 ἑκατονταπλα-

284 5381 478 5443 σίονα;
514 5377 564 5429 εί
611 5373 687 5446 μὴ
736 5375 845 5442 ἄρα
882 5372 1068 5440 ὅμοιος
1101 5363 1149 5421 εἶ
1191 5365 1381 5433 ἐκείνῳ
1423 5362 1500 5434 τῷ
1539 5363 1869 5433 ἐπαγγειλα-

224 5496 235 5505 ·
284 5474 435 5545 μένῳ
473 5471 589 5532 τοῖς
637 5466 765 5539 περὶ
809 5464 898 5519 τὸν
934 5462 1138 5533 Ἀδὰμ,
1184 5461 1265 5513 ὅτι
1297 5458 1549 5510 Ἐσεσθε
1594 5456 1675 5519 ὡς
1720 5457 1863 5524 θεοὶ,

354 5581 372 5613 ί
401 5579 564 5633 Deest
594 5578 675 5632 τό.
749 5578 769 5608 ¹
800 5574 860 5631 F.
889 5578 1018 5642 πᾶς.
1125 5572 1145 5605 ³
1176 5568 1236 5627 F.
1265 5568 1533 5635 ἐξουσίαν.

278 5666 404 5717 xm,
432 5650 524 5706 43.

1992 3258 2173 3313 illudit
2203 3258 2340 3323 suis,
2365 3272 2428 3313 ea
2455 3255 2607 3321 dicit,
2633 3270 2756 3326 quae
2779 3255 2954 3311 sacris
2973 3253 3192 3312 Litteris
3219 3272 3570 3328 nequaquam

1980 3359 2355 3406 consentanea
2391 3351 2661 3406 videntur.
2699 3349 2790 3406 Sic
2817 3349 2962 3405 enim
3004 3349 3059 3403 in
3093 3362 3155 3402 ea
3189 3364 3353 3418 quam
3385 3349 3564 3419 appel-

1981 3445 2114 3510 lant,
2153 3446 2273 3512 ejus
2306 3444 2594 3516 pmphctia
2633 3443 2900 3513 scriptum
2932 3449 3048 3496 est:
3084 3439 3226 3505 Quid
3256 3457 3372 3494 eum
3402 3439 3558 3503 dicis,

1978 3540 2067 3608 qui
2121 3553 2283 3606 supra
2335 3534 2601 3590 hominem
2654 3550 2773 3588 cum
2810 3534 2898 3598 sit,
2940 3529 3168 3586 salutem
3216 3530 3571 3598 adipiscitur?

1977 3629 2166 3683 Justus
2196 3629 2355 3692 enim,
2386 3629 2582 3698 inquit.
2620 3625 2861 3695 centupto
2896 3641 3054 3696 quam
3094 3622 3176 3678 sol
3218 3620 3567 3692 splendidiori

1981 3720 2094 3774 luce
2141 3718 2381 3788 fulgebit.
2426 3719 2497 3770 At
2545 3719 2635 3788 qui
2665 3719 2802 3770 inter
2837 3732 2925 3770 vos
2964 3716 3141 3785 exigui
3188 3724 3331 3780 sunt,
3384 3714 3567 3768 lunam

1979 3809 2218 3877 centuplo
2244 3808 2588 3877 superabunt.
2618 3806 2722 3862 Sed
2755 3807 2901 3860 hunc
2937 3806 3151 3859 Domini
3181 3806 3355 3875 ipsius
3383 3815 3573 3860 aucto-

1980 3904 2117 3958 ritas
2152 3901 2392 3966 refellit;
2426 3914 2594 3969 penes
2619 3913 2781 3969 quem
2801 3897 2895 3966 jus
2926 3911 3087 3950 omne
3113 3911 3175 3949 ac
3206 3904 3450 3965 potestas
3479 3905 3566 3951 est

1979 3995 2032 4049 id
2070 3994 2278 4049 sanctis
2330 3995 2448 4049 suis
2485 3990 2784 4056 tribuendi,
2837 3996 2897 4042 ut
2931 4003 3122 4043 eorum
3158 3987 3344 4041 vultus
3384 3989 3566 4057 splen-

1978 4088 2111 4142 dore
2162 4087 2581 4141 eollustrentur.
2640 4082 2742 4149 Qui
2795 4081 2998 4153 Moysis
3048 4078 3243 4134 faciem
3293 4079 3563 4149 ejusmodi

1980 4181 2099 4234 luce
2146 4177 2421 4248 perfudit:
2468 4177 2563 4247 qui
2620 4175 2841 4231 eosdem
2890 4179 3115 4227 sanctos
3163 4171 3218 4224 in
3263 4185 3561 4240 corporum

1980 4268 2388 4325 resurrectione
2430 4274 2771 4332 commutat;
2820 4269 3062 4323 sanctos,
3113 4260 3361 4331 inquam,
3416 4259 3568 4327 illos,

1980 4364 2074 4432 qui
2110 4361 2347 4431 quadam
2388 4358 2536 4413 velut
2569 4372 2696 4411 cum
2742 4352 3041 4426 ignominia
3074 4352 3200 4415 sati,
3232 4367 3356 4406 cum
3388 4352 3564 4422 gloria

1982 4468 2046 4508 ac
2080 4452 2344 4522 dignitate
2397 4455 2726 4519 resurgunt,
2769 4462 2879 4501 non
2939 4452 2997 4500 ut
3038 4445 3144 4498 alia
3194 4453 3564 4515 praeterquam

1981 4557 2108 4597 vera
2164 4540 2495 4610 propriaque
2544 4552 2812 4607 corpora,
2863 4536 2960 4591 sed
3000 4543 3060 4589 ut
3103 4533 3294 4590 eadem
3324 4573 3339 4597 ,
3398 4542 3565 4604 atque

1983 4637 2194 4705 integra
2249 4633 2470 4704 penitus
2517 4631 2865 4686 excitentur:
2917 4628 2990 4682 ita
3051 4636 3231 4681 tamen
3288 4633 3347 4679 ut
3385 4625 3453 4678 ab
3496 4641 3565 4681 eo

1980 4726 2281 4785 secundum
2324 4722 2785 4779 resurrectionem
2831 4716 3032 4774 novﬁm
3073 4716 3349 4788 quoddam
3392 4716 3564 4773 decus

1979 4832 2044 4872 ac
2096 4815 2435 4884 niajcstatem
2486 4810 2795 4879 accipiant,
2828 4809 2921 4879 qui
2972 4809 3178 4863 sanctis
3226 4806 3343 4863 suis
3384 4806 3559 4860 incre-

1979 4907 2205 4962 dibilem
2236 4904 2423 4976 gloria:
2458 4902 2762 4957 ubertatem
2800 4900 3079 4967 impertit;
3115 4897 3559 4966 quandoquidem

1983 5000 2248 5072 largiendi
2286 4998 2472 5067 hujus,
2510 5004 2698 5067 utpote
2740 4993 3004 5047 Dominus
3039 5006 3101 5045 ac
3135 4990 3300 5052 Deus,
3335 4991 3559 5060 amplis-

1980 5093 2118 5145 sima
2147 5098 2231 5146 est
2266 5098 2535 5160 potestate
2563 5086 2843 5158 praeditus.
2868 5084 3033 5152 Atqui
3070 5082 3286 5136 tametsi
3319 5097 3555 5149 summa,

1977 5185 2058 5239 uti
2093 5183 2227 5245 dixi,
2255 5198 2420 5252 penes
2454 5183 2605 5235 illum
2633 5181 2704 5234 sit
2738 5185 3003 5247 potestas,
3035 5174 3170 5228 nihil
3202 5182 3385 5230 tamen
3409 5175 3561 5244 ejus-

1978 5277 2125 5331 modi
2168 5274 2442 5346 promisit,
2500 5273 2662 5343 quale
2710 5269 3004 5324 Montanus
3056 5268 3254 5333 finxit;
3311 5270 3406 5323 sed
3454 5270 3556 5324 hoc

1976 5386 2145 5424 unum
2173 5367 2461 5440 pollicetur
2493 5386 2505 5420 :
2540 5364 2839 5436 Fulgebunt
2869 5362 3033 5432 facies
3056 5374 3238 5418 vestra:
3252 5363 3386 5417 sicut
3413 5362 3495 5417 τοί
3510 5363 3554 5418 ⁷.

1972 5461 2136 5535 412
2171 5460 2359 5531 ha(lue
2389 5473 2513 5513 cum
2543 5459 2611 5522 is,
2649 5474 2818 5529 penes
2850 5472 3012 5528 quem
3050 5456 3231 5510 omnis
3278 5462 3362 5511 est
3398 5461 3557 5520 pote-

1652 5571 1672 5603 ⁴
1699 5573 1718 5626 ι
1743 5571 1876 5627 Tim.

1982 5615 1989 5640 ,
2046 5574 2275 5643 tum.
2378 5571 2559 5627 “ibid.
2618 5572 2705 5627 Η.
2799 5571 3021 5642 “Apoc.
3078 5585 3114 5635 I,
3160 5569 3209 5623 i.
3304 5567 3324 5598 '
3361 5564 3553 5618 Matth.
