3866 6068
437 184 534 240 871

1852 189 1910 242 S.
1951 185 2291 243 EPlPllANll

3607 185 3712 242 8'19.

433 320 569 367 Stas.
612 309 816 378 quique
847 324 973 362 vere
1003 309 1245 362 omnium
1295 306 1557 362 Dominus
1595 316 1700 373 est,
1738 307 1992 363 Christus

2120 310 2371 380 φήσαντι,
2412 309 2504 362 καὶ
2538 308 2644 361 ἀπὸ
2687 309 2785 378 τῆς
2832 308 3183 381 ὑπαρχούσης
3217 311 3404 375 αὐτοῖς
3433 309 3597 381 δόξης
3621 317 3707 369 καί

435 399 682 467 inquam,
731 399 894 454 Jesus
931 399 1193 453 Dominus
1237 406 1445 463 noster,
1479 400 1613 455 solis
1660 400 1835 455 instar
1887 400 2012 453 illu-

433 493 694 546 strandos
729 506 852 544 esse
880 491 1159 557 justorum
1196 490 1381 544 vultus
1414 489 1657 555 deﬁrniat,
1685 506 1793 560 qua
1829 491 2011 546 fronte

2119 402 2444 473 παραδείσου
2475 402 2684 472 τρυφῆς
2701 404 3181 473 παρασκευάσαντι
3212 404 3402 467 αὐτοῖς
3425 401 3529 475 την
3556 403 3709 457 ἐκδικ-

2118 490 2215 561 λὴν
2244 491 2520 560 γενέσθαι,
2551 492 2645 546 καὶ
2680 494 2762 556 εἰς
2787 492 2991 564 φθοράν
3024 493 3257 547 θανάτου
3284 495 3689 566 κατενεχθῆναι.

432 585 689 652 centuplo
736 584 995 637 clariores
1051 582 1166 638 fore
1216 583 1508 641 Montanus
1587 584 1879 640 allirmat?
1932 584 2048 640 Nisi
2120 587 2257 642 forte
2302 588 2450 643 illius
2505 603 2566 643 es
2615 588 2834 652 similis,
2889 590 2983 659 qui
3037 590 3089 644 id
3148 591 3340 661 primis
3396 591 3706 649 hominibus

446 679 805 747 pollicebatur
848 697 861 731 :

922 677 1091 733 Erilis
1133 679 1271 733 sicut
1303 680 1460 747 dii‘;
1494 682 1697 751 quique
1736 690 1795 735 ut
1845 681 1915 736 ab
1943 697 2005 735 ea
2061 699 2225 752 quam
2277 683 2562 738 consecuti
2596 683 2812 739 fuerant
2880 685 3079 755 gloria,
3136 701 3201 741 ac
3264 687 3529 757 paradiso
3581 689 3706 759 deji-

431 780 708 834 γειτονίαν,
734 780 787 824 et
811 772 864 825 in
890 773 1043 826 exitii
1077 773 1450 842 corruptelam
1475 773 1838 838 incurrerent,
1863 774 2165 829 calliditate
2193 790 2292 830 sua
2329 775 2581 845 perfecit.

502 866 589 921 XI.
628 865 731 921 Sed
768 869 881 922 lucc
909 868 1136 937 insuper
1164 868 1459 924 Montanus
1494 870 1714 938 adjicit:
1752 864 1860 939 Ego
1892 887 2009 923 sum

430 955 689 1010 Dominus
726 956 889 1022 Deus,
918 959 1008 1028 qui
1035 960 1088 1012 in
1118 958 1328 1013 homine
1366 977 1563 1016 versor.
1589 960 1856 1016 Praeclare
1889 961 2012 1031 qui-

429 1052 551 1101 ιζιιιιι
584 1066 681 1103 nos
702 1049 991 1120 Scriptura
1021 1067 1202 1116 sacra,
1225 1060 1279 1107 et
1305 1062 1673 1108 consentanea
1694 1053 1799 1109 sibi
1830 1053 2011 1110 sancti

432 1143 507 1210 Sp
534 1143 672 1196 ritus
726 1143 981 1197 doctrina
1043 1145 1474 1201 commonitione
1544 1162 1644 1200 sua
1705 1154 2012 1217 comparat,

429 1240 492 1283 ut
543 1248 666 1301 qua:
701 1234 864 1287 alieni
918 1243 1048 1288 sunt
1089 1236 1321 1304 spiritus
1361 1238 1426 1289 ad
1476 1238 1588 1292 veri
1651 1237 2013 1293 imitationem

428 1325 665 1377 conficta
717 1326 1000 1395 dogmata,
1046 1342 1109 1380 ac
1146 1328 1363 1382 veritati
1416 1330 1694 1383 contraria
1727 1331 2010 1385 discerna-

435 1433 579 1470 mus.
614 1416 811 1469 Statim
840 1417 987 1471 enim
1020 1434 1087 1473 ac
1117 1418 1411 1475 Montanus
1441 1422 1544 1475 hoc
1573 1421 1732 1484 dixit,
1760 1437 1823 1476 ea
1854 1422 2012 1477 nobis

430 1508 484 1562 in
524 1509 845 1564 memoriam
880 1511 1161 1564 revocavit
1186 1527 1307 1580 quae
1341 1526 1371 1564 a
1402 1511 1631 1566 Domino
1661 1513 2012 1583 pronuntiata

2191 874 2293 926 IA’.
2333 873 2452 926 Ἔτι
2490 872 2548 925 δὲ
2585 873 2940 945 προστίθησιν
2977 876 3004 928 ό
3032 875 3194 939 αὐτὸς
3238 878 3540 943 Μοντανδς,
3574 878 3703 933 οὕτω

2117 963 2322 1032 λέγων’
2370 962 2519 1034 Ἐγὼ
2550 966 2763 1033 Κύριος
2796 969 2829 1019 ό
2864 966 3007 1031 Θεὸς
3037 969 3069 1019 ό
3092 966 3520 1036 παντοκράτωρ
3541 986 3703 1022 κατα-

2120 1052 2430 1122 γινόμενος
2475 1052 2546 1105 ἐν
2591 1052 2896 1123 ἀνθρώπῳ.
2931 1055 3073 1127 "Aput
3121 1051 3215 1109 οὖν
3258 1056 3444 1122 καλῶς
3487 1059 3633 1128 ἡμᾶς
3671 1062 3699 1130 ή

2122 1141 2240 1194 Θεία
2287 1141 2478 1213 Γραφὴ
2525 1142 2984 1212 ἐπασφαλίζεται,
3033 1147 3126 1198 καὶ
3184 1147 3217 1217 ἡ
3268 1146 3566 1211 ἀκόλουθος
3616 1142 3699 1202 τοῦ

2115 1234 2271 1301 ἁγίου
2302 1233 2618 1305 Πνεύματος
2661 1235 3000 1300 διδασκαλία,
3047 1237 3377 1292 νουθετοῦσα
3411 1240 3582 1310 ἡμᾶς,
3622 1242 3699 1294 ἶνα

2114 1324 2466 1397 γινώσκωμεν
2525 1327 2652 1381 ποῖά
2710 1328 2826 1380 ἐστι
2871 1328 2940 1381 τὰ
2999 1328 3213 1399 μιμηλά
3267 1329 3363 1383 τοῦ
3425 1331 3695 1403 ἀλλοτρίου

2118 1417 2450 1487 πνεύματος,
2474 1419 2569 1472 καὶ
2603 1418 2670 1472 τά
2706 1418 2958 1472 ἀντίθετα
2996 1419 3134 1491 πρὸς
3163 1419 3259 1490 τὴν
3290 1421 3583 1492 ἀλήθειαν·
3618 1422 3697 1476 ὅτε

2113 1508 2223 1580 γὰρ
2265 1509 2426 1574 εὐθὺς
2459 1509 2615 1563 τοίτο
2662 1506 2783 1564 εἷπε
2835 1512 3134 1575 Μοντανὸς,
3165 1512 3423 1566 ὑπόνοιαν
3462 1515 3596 1583 ἡμῖν
3621 1514 3697 1567 δέ·

428 1600 704 1667 leguntur.
749 1600 828 1653 lta
871 1600 1017 1654 enim
1052 1601 1107 1653 in
1144 1600 1437 1671 Evangelio
1469 1610 1702 1657 testatus
1736 1610 1821 1657 est
1850 1621 1862 1656 :
1901 1601 2000 1672 Ege

2113 1601 2285 1653 δωκεν
2313 1601 2723 1671 ἀναμνησθῆναι
2771 1600 2842 1655 τὰ
2885 1603 2992 1655 ὑπὸ
3035 1602 3130 1656 τοῦ
3175 1604 3381 1675 Κυρίου
3421 1607 3696 1676 εἰρημένα.

425 1692 540 1744 veni
574 1692 626 1744 in
659 1692 870 1746 nomine
910 1691 1116 1754 Patris,
1148 1701 1198 1744 et
1232 1708 1334 1771 n‘on
1374 1693 1675 1758 suscepistis
1710 1708 1825 1754 me;
1868 1692 2009 1746 alius

424 1784 587 1837 veniet
624 1785 676 1837 iu
700 1784 913 1837 nomine
937 1799 1055 1847 suo,
1090 1791 1140 1836 et
1168 1784 1325 1837 talem
1355 1784 1634 1851 suscipient
1662 1784 1703 1835 ’.
1741 1781 2009 1848 Quocirca

426 1873 745 1928 Montanum
782 1889 810 1926 a
841 1874 1018 1928 sacris
1061 1871 1286 1927 Litteris
1330 1873 1627 1929 dissentire
1655 1873 1882 1927 omnino
1916 1874 2011 1927 de-

427 1967 898 2033 monstravimus;
937 1967 1103 2036 idque
1134 1967 1337 2021 nemini
1383 1982 1489 2019 non
1518 1964 1870 2034 perspicuum
1902 1974 2007 2027 est,

423 2058 518 2126 qui
570 2058 688 2126 ejus
734 2059 940 2128 scripta
976 2075 1099 2111 cum
1146 2057 1357 2126 judicio
1400 2057 1714 2111 revolverit.
1770 2055 1923 2121 Quod
1961 2058 2007 2111 si

424 2148 497 2199 ita
542 2156 648 2211 est,
687 2157 858 2203 restat
911 2156 969 2202 ut
1006 2158 1114 2202 tam
1166 2149 1200 2216 ἰι
1224 2163 1283 2202 se
1336 2148 1406 2200 ab
1440 2146 1684 2203 Ecclesia
1734 2146 2007 2201 catholica

421 2240 637 2292 alienus
676 2240 1049 2305 existimetur,
1087 2255 1251 2309 quam
1291 2240 1412 2309 ejus
1452 2239 1698 2301 haeresis,
1735 2254 1856 2309 quae
1889 2254 2009 2309 pro-

420 2328 617 2396 phetas
651 2344 715 2382 ac
766 2330 1014 2384 coelestia
1047 2330 1138 2382 illa
1182 2328 1325 2383 dona
1367 2345 1534 2399 penes
1567 2344 1627 2384 se
1662 2344 1786 2385 esse
1816 2330 2009 2398 praedi-

421 2428 530 2483 cat,
582 2436 704 2489 quas
746 2437 1093 2491 nequaquam
1137 2424 1430 2490 acceperit,
1460 2422 1556 2475 sed
1610 2421 1678 2476 ab
1716 2421 1784 2476 iis
1824 2421 2007 2491 potius

417 2512 737 2566 dcsciverit.
782 2512 985 2582 Ecquis
1023 2513 1213 2583 igitur,
1248 2514 1293 2568 si
1350 2514 1632 2583 paululum
1682 2511 1815 2582 quid
1858 2511 2009 2567 dicat

419 2605 711 2674 intelligat,
755 2597 1051 2675 prophetas
1084 2605 1242 2669 istos,
1287 2620 1350 2658 ac
1386 2622 1495 2659 non
1539 2606 1734 2674 planos
1773 2613 1828 2659 et
1858 2612 2007 2660 vete-

416 2706 632 2752 ratores
680 2698 1031 2766 appcllandos
1075 2698 1333 2753 censeat?
1382 2697 1638 2752 Christus
1694 2698 1837 2751 enim
1893 2711 1996 2752 nos
2032 2744 2044 2756 .

415 2791 645 2845 docuit:
691 2790 753 2843 Et
805 2788 1100 2857 Spiritum,
1139 2789 1352 2859 inquit,
1403 2789 1741 2844 Paracletum
1796 2791 2004 2843 mittam

415 2880 485 2934 ad
521 2897 610 2935 vos
634 2880 675 2936 ³.
740 2878 968 2934 Necnon
1003 2879 1292 2935 miraculis
1336 2880 1499 2936 editis
1530 2881 1709 2937 aiebat
1742 2900 1755 2936 :
1795 2881 1895 2935 Ille
1927 2899 2007 2936 me

413 2973 734 3045 glorificabit
760 2972 802 3025 ⁸.
837 2972 994 3038 Quod
1031 2972 1195 3025 etiam
1244 2972 1427 3044 reipsa
1485 2973 1786 3045 contigisse
1827 2976 2004 3028 cerni-

416 3081 559 3127 mus,
595 3080 661 3133 eo
696 3065 841 3134 quod
891 3064 1148 3133 apostoli,
1180 3080 1307 3119 cum
1355 3064 1699 3120 Paracletum
1734 3063 1998 3135 Spiritum

413 3155 800 3227 accepissent,
853 3156 1133 3210 Christum
1186 3156 1654 3225 glorificaverunt.
1707 3154 2001 3210 Montanus

413 3263 543 3303 vero
569 3263 725 3303 suam
762 3248 879 3318 ipse
908 3247 1138 3317 gloriam
1172 3248 1435 3301 celebrat.
1477 3246 1743 3301 Dominus
1784 3246 1999 3303 Patren

414 3353 577 3391 suum
605 3337 956 3406 glorificavit.
993 3336 1136 3389 Idem
1171 3335 1262 3388 ille
1294 3332 1560 3402 Spiritum
1596 3350 1817 3404 quoque
1842 3337 2002 3403 glori-

415 3428 619 3492 ficavit,
653 3444 778 3481 cum
810 3428 1060 3480 veritatis
1118 3441 1242 3480 esse
1293 3424 1557 3493 Spiritum
1597 3426 1804 3480 docuit.
1853 3426 2003 3481 Mon-

413 3527 580 3572 tanus
608 3534 777 3571 unum
817 3535 875 3571 se
907 3516 1204 3587 glorificat,
1238 3530 1304 3569 ac
1331 3514 1549 3569 Patrem
1577 3531 1701 3571 esse
1724 3516 1858 3572 dicit
1891 3534 2002 3572 om-

415 3611 774 3681 nipotentem,
812 3611 903 3678 qui
950 3609 1004 3661 in
1040 3622 1163 3663 sese
1207 3607 1453 3662 habitet:
1495 3620 1555 3661 ut
1592 3608 1725 3663 illud
1775 3609 2000 3664 omnino

412 3709 665 3765 constet,
719 3701 883 3753 talem
925 3716 1050 3753 eum
1088 3715 1197 3753 non
1252 3714 1410 3765 esse,
1440 3699 1661 3769 qualem
1711 3715 1771 3757 se
1824 3700 1997 3756 videri

413 3792 649 3848 voluerit
676 3809 690 3858 ;
721 3808 824 3846 nec
856 3793 926 3845 ah
962 3791 1177 3846 cmlesti
1210 3792 1304 3845 illo
1346 3790 1505 3846 Patre
1539 3791 1796 3856 missum,
1835 3809 1936 3847 nec
1967 3810 1997 3846 a

410 3884 632 3940 Christo
655 3881 958 3953 quidquam
988 3881 1289 3951 accepisse.
1332 3879 1468 3935 Nam
1498 3881 1553 3934 in
1598 3880 1831 3935 Domino
1858 3897 1999 3935 com-

414 3977 622 4049 placuit
674 3990 893 4028 omncm
952 3971 1351 4041 plenitudinem
1390 3972 1697 4027 divinitatis
1748 3973 1998 4027 habitare

408 4065 842 4137 corporaliter“;
880 4063 1043 4135 413
1074 4071 1128 4116 et
1172 4061 1241 4116 de
1285 4062 1628 4131 plenitudine
1663 4064 1820 4132 ejus,
1872 4080 1999 4135 pro-

408 4159 582 4229 phetae
625 4171 819 4211 omnes
875 4162 1234 4223 acceperunt,
1294 4163 1347 4206 ut
1400 4150 1642 4207 Joannes
1694 4152 1991 4208 atlirmat‘.

412 4248 574 4304 Vides
601 4265 734 4303 sane
760 4247 1228 4317 quemadmodum
1257 4244 1538 4300 Christum
1568 4253 1777 4301 veteres
1800 4263 1990 4301 Otttttrs
2024 4285 2064 4335 υ
2099 4246 2335 4318 Χριστὸν
2395 4245 2790 4316 κατήγγελλον,
2839 4245 2933 4297 καὶ
2987 4246 3038 4297 oi
3074 4262 3197 4337 per:

2088 4338 2365 4401 ἐδόξασανο
2386 4337 2479 4391 καὶ
2496 4337 2660 4390 αὐτὸν
2676 4336 3052 4403 ὡμολόγησαν.
3071 4335 3349 4395 Μοντανδς
3361 4335 3418 4388 δὲ
3435 4336 3590 4403 είσέφ

2088 4351 2365 4401 ἐδόξασανο
2386 4351 2479 4391 και
2496 4351 2660 4390 αυτον
2676 4351 3052 4408 ωμολογησαν.
3073 4351 3349 4395 Μοντανος
3361 4351 3418 4388 οε
3435 4351 3689 4405 εισεφρηο

2038 4410 2041 4417 ’
2088 4449 2179 4484 σεν
2195 4430 2533 4495 ὲαυτὸν,τινά
2550 4429 2742 4497 λέγων,
2755 4429 2901 4491 ὅπως
2911 4427 3117 4498 δειχθῇ,
3134 4428 3214 4480 ὅτι
3237 4426 3361 4480 οὔτε
3378 4423 3687 4493 ἐστιν,ρῦτε

2089 4525 2183 4577 ἀπ’
2232 4523 2399 4577 αὐτοῦ
2468 4521 2823 4585 ἀπέσταλται,
2863 4520 2988 4575 οὔτε
3036 4520 3168 4593 παρ’
3221 4519 3391 4573 αὐτοῦ
3441 4520 3683 4590 εἴληφεν.

409 4340 779 4411 praadicarint,
813 4350 926 4391 tum
960 4338 1053 4407 qui
1093 4345 1284 4407 postea
1327 4336 1502 4391 secuti
1542 4343 1671 4390 sunt
1700 4337 1977 4393 Christum

408 4431 684 4501 praeconio
716 4444 819 4482 suo
851 4438 904 4482 et
954 4427 1306 4483 confessione
1339 4427 1692 4484 celebrarint.
1733 4428 1802 4482 At
1837 4428 1982 4482 Mon-

409 4536 575 4582 tanus
604 4521 874 4576 violenter
905 4519 1127 4589 irrupit,
1170 4517 1462 4573 mirificum
1491 4519 1782 4589 quemdam
1817 4519 1986 4573 homi.

2113 1690 2269 1744 Οὖτω
2306 1692 2408 1760 γάρ
2436 1709 2600 1763 φησιν
2640 1694 2669 1745 ό
2707 1692 2911 1764 Κύριος
2950 1695 3008 1747 ὲν
3052 1693 3130 1764 τῷ
3166 1694 3490 1765 Εὐαγγελίῳ
3513 1711 3529 1725 ·
3566 1695 3696 1765 Ἐγὼ

2110 1780 2302 1852 ἦλθον
2330 1785 2401 1837 ἐν
2427 1784 2508 1850 τῷ
2542 1786 2785 1855 ὀνόματι
2832 1785 2938 1840 τοῦ
2991 1785 3245 1855 Πατρός,
3292 1787 3391 1840 καὶ
3434 1790 3549 1840 οὐχ
3585 1788 3697 1840 ἐδέ-

2112 1873 2300 1937 ξασθέ
2326 1891 2421 1944 με.
2454 1878 2670 1942 Ἄλλος
2693 1877 3006 1930 ἐλεύσεται
3032 1877 3129 1929 ἐπὶ
3156 1876 3236 1942 τῷ
3270 1876 3400 1942 ιδίῳ
3430 1878 3687 1946 ὀνόματι,

2110 1965 2207 2018 καί
2268 1964 2543 2030 δέξονται
2607 1967 2714 2020 τὸν
2762 1967 3057 2022 τοιοῦτον.
3107 1968 3463 2039 Ἀσύμφωνος
3534 1971 3698 2024 τοίνυν

2109 2054 2456 2109 παντάπασιν
2481 2059 2510 2110 ὁ
2535 2055 2776 2121 τοιοῦτος
2799 2056 2907 2111 τῶν
2933 2056 3092 2111 θείων
3123 2057 3353 2129 Γραφῶν
3390 2060 3611 2131 εὑρέθη,
3632 2060 3697 2124 ὡς

2111 2145 2275 2197 παντί
2303 2163 2380 2217 τῳ
2424 2149 2592 2216 σαφές
2636 2147 2846 2218 ἐστιτῷ
2891 2148 3154 2219 νουνεχῶς
3201 2151 3605 2221 ἐντυγχάνοντι.
3642 2153 3697 2207 Ei

2109 2236 2289 2288 τοίνυν
2317 2237 2645 2307 ἀσύμφωνος
2669 2238 2925 2309 ὑπάρχει,
2961 2239 3239 2311 ἀλλότριος
3267 2243 3388 2295 ἐστι
3415 2244 3520 2314 τῆς
3550 2244 3697 2311 ἁγίας

2109 2325 2408 2398 καθολικῆς
2452 2329 2808 2401 Ἐκκ).ησίας,.
2848 2330 2943 2384 καὶ
2993 2333 3026 2402 ἡ
3081 2333 3202 2385 κατ’
3252 2333 3417 2387 αὑτὸν
3466 2333 3698 2404 αύχοῦσα

2110 2418 2322 2488 αἵρεσις
2364 2421 2647 2492 προφήτας
2680 2421 2823 2491 ἔχειν
2863 2421 2956 2475 καὶ
2993 2422 3328 2493 Χαρίσματαν
3365 2423 3403 2477 ἃ
3447 2425 3525 2497 μὴ
3563 2425 3697 2496 em}-
3798 2433 3807 2442 .

2111 2527 2230 2579 φεν,
2268 2510 2405 2564 ἀλλὰ
2447 2513 2510 2565 ἐκ
2550 2512 2752 2565 τούτων
2797 2514 3031 2585 ἀπέστη.
3078 2515 3174 2578 Τίς
3208 2514 3388 2568 τοίνυν
3418 2517 3696 2589 τολμήσειε

2109 2602 2532 2673 παρακολουθῶν
2589 2603 2805 2667 τούτους
2863 2606 3147 2676 προφήτας
3202 2605 3421 2669 καλεῖν,
3474 2608 3573 2661 καὶ
3629 2610 3697 2679 μὴ

2112 2693 2310 2762 μᾶλλον
2355 2693 2584 2757 πλάνους
2628 2689 2767 2747 εἶναι
2811 2696 2938 2758 τοὺς
2969 2694 3277 2761 τοιούτους;
3327 2697 3569 2767 Χριστὸς
3598 2698 3699 2767 γὰρ

2107 2785 2254 2854 ἡμᾶς
2283 2784 2487 2851 ἐδίδαξε
2508 2785 2705 2852 λέγων,
2726 2786 2806 2838 ὅτι
2843 2786 2912 2839 Τὸ
2938 2786 3181 2855 Πνεῦμα
3215 2786 3280 2840 τὸ
3302 2787 3700 2856 Παράλελητον

2106 2875 2467 2930 ἀποστέλλω
2510 2876 2673 2946 ὐμῐν“.
2721 2877 2832 2930 Kal
2883 2876 2954 2930 τὰ
2999 2879 3199 2948 σημεῖα
3250 2876 3426 2940 διδοὺς
3481 2877 3696 2945 ἔλεγεν,

2032 2945 2071 2996 (Ἰ
2103 2969 2187 3021 δτι
2235 2967 2497 3034 Ἐκεῖνος
2545 2945 2651 3037 ἐμὲ
2726 2966 2994 3043 δοξάσει.
3042 2945 3129 3031 ’ὸς
3186 2968 3255 3021 τὰ
3310 2967 3491 3038 ἀληθῆ
3554 2968 3696 3021 ἐστιν

2108 3062 2255 3123 ίόεἴν,
2283 3060 2363 3113 ὅτι
2395 3062 2445 3113 ol
2478 3060 2622 3128 ἅγιοι
2652 3059 2964 3125 ἀπόστολοι,
2991 3060 3051 3113 τὸ
3083 3059 3443 3131 Παράκλητον
3476 3060 3701 3130 Πνεῦμα

2101 3151 2373 3212 λαϐόντες,
2430 3148 2664 3220 Χριστὸν
2703 3148 2979 3213 ἐδόξασαν.
3030 3142 3199 3213 Οὗτος
3240 3149 3299 3202 δὲ
3349 3152 3379 3202 ὁ
3409 3150 3686 3213 Μοντανὺς

2103 3240 2293 3294 ἑαυτὸν
2334 3239 2563 3307 δοξάζει.
2609 3239 2665 3291 ὐ
2718 3238 2922 3310 Κύριος
2969 3239 3060 3293 τὸν
3110 3239 3327 3311 Πατέρα
3381 3240 3550 3293 αὑτοῦ
3592 3241 3693 3295 ess-

2103 3333 2255 3398 ξασε.
2311 3332 2421 3383 Kal
2464 3332 2493 3383 ὁ
2547 3332 2750 3401 Κύριος
2792 3330 2954 3384 πάλιν
3007 3333 3036 3385 ό
3082 3331 3315 3402 Χριστὸς
3362 3331 3425 3384 τὸ
3475 3331 3695 3403 Πνεῦμα

2103 3424 2340 3488 eaeaeae,
2368 3421 2539 3490 λέγων
2573 3421 2702 3474 αὐτὸ
2738 3420 2962 3493 Πνεῦμα
2993 3420 3272 3493 ἀληθείας.
3319 3421 3381 3475 Ὁ
3411 3423 3689 3485 Μοντανὸς

2101 3515 2157 3566 δὲ
2208 3514 2397 3567 ἑαυτὸν
2442 3512 2654 3578 δοξάζει
2712 3513 2891 3585 μόνον,
2932 3514 3028 3567 καὶ
3080 3513 3227 3583 λέγει
3272 3508 3416 3567 εἶναι
3467 3515 3688 3586 Πατέρα

2102 3606 2536 3677 παντοκράτορα,
2564 3607 2656 3660 καὶ
2695 3608 2751 3660 ὲν
2781 3605 2931 3676 αὐτῷ
2965 3606 3272 3678 ἐνοικῆσαι⁹
3305 3605 3394 3659 ίνα
3424 3608 3692 3677 πανταχό-

2101 3698 2191 3751 θεν
2217 3697 2400 3769 δειχθῇ
2437 3698 2537 3751 ούκ
2573 3697 2735 3759 αὐτὸς
2765 3694 2860 3759 ὢν,
2892 3695 3021 3765 οὑδέ
3049 3697 3140 3750 ὑπ’
3171 3696 3381 3749 ἐκείνου
3425 3695 3695 3750 ἀπεσταλ-

2105 3789 2282 3860 μένος,
2314 3788 2434 3843 οὐδὲ
2472 3790 2598 3861 παρ’
2628 3785 2794 3840 αὐτοῦ
2833 3786 3146 3857 λαμὸἁνων.
3188 3787 3276 3839 Ἐν
3308 3786 3420 3858 γάρ
3464 3787 3547 3857 τῷ
3585 3789 3692 3840 Ku-

2102 3881 2202 3952 ρίῳ
2233 3880 2499 3951 ηὑδόκησε
2533 3880 2641 3931 πᾶν
2683 3878 2744 3931 τὸ
2784 3878 3056 3950 πλήρωμα
3087 3878 3190 3948 τῆς
3220 3877 3475 3950 θεότητος
3508 3896 3691 3933 κατοιο

2099 3974 2265 4044 κῆσαι
2301 3971 2655 4042 σωματικῶς·
2689 3970 2784 4024 καὶ
2825 3970 2935 4023 ἀπὸ
2982 3970 3076 4024 τοῦ
3121 3968 3492 4042 πληρώματος
3527 3970 3689 4024 αὑτοῦ

2100 4066 2297 4128 πάντες
2326 4064 2376 4117 οἱ
2411 4064 2687 4134 προφῆται
2723 4061 2998 4133 εἰλήφασι,
3055 4060 3198 4115 κατά
3243 4061 3337 4114 τὸν
3385 4062 3483 4115 τοῦ
3537 4062 3689 4130 ἁγίου

2111 4156 2356 4208 Ἰωάννου
2404 4155 2579 4223 λόγον.
2632 4154 2740 4209 Kal
2787 4155 2919 4224 ὁρᾷς
2967 4152 3085 4217 πῶς
3130 4153 3332 4217 πάντες
3377 4153 3428 4206 οἱ
3475 4153 3691 4207 παλαιοὶ

2099 4246 2335 4318 Χριστὸν
2395 4245 2790 4316 κατήγγελλον,
2839 4245 2933 4297 καὶ
2987 4246 3038 4297 oi
3100 4244 3399 4318 μετέπειτα
3458 4244 3691 4313 Χριστὸν

342 4604 345 4607 ’
405 4627 529 4667 nem
554 4628 614 4669 se
636 4627 758 4666 esse
784 4609 1081 4679 jaetitans;
1115 4619 1174 4663 ut
1196 4609 1277 4665 vel
1306 4610 1410 4663 hoc
1439 4610 1558 4679 ipso
1582 4625 1686 4664 nec
1712 4611 1983 4680 ejusmodi
2014 4628 2158 4681 esse,
2185 4630 2285 4670 nec
2316 4616 2385 4669 ab
2412 4615 2508 4669 illo
2538 4615 2762 4679 missus,
2794 4628 2895 4669 nec
2947 4614 3017 4669 ab
3049 4628 3115 4669 eo
3174 4613 3484 4685 quidquam
3538 4624 3697 4665 acce-

408 4707 557 4774 pisse
585 4712 945 4757 monstretur.

474 4793 654 4858 Pcrgit
684 4794 970 4848 Montanus
1000 4793 1188 4848 infelix
1220 4794 1549 4849 homuncio:
1577 4792 1700 4848 Non
1738 4795 1979 4865 angelus,

405 4885 602 4956 inquit,
638 4903 739 4941 non
787 4889 991 4956 legatus
1036 4886 1267 4955 aliquis;
1304 4885 1394 4939 sed
1423 4895 1622 4955 egomet
1654 4884 1794 4939 Deus
1826 4885 1989 4940 Pater

403 4982 620 5035 accessi.
657 4980 776 5047 Qua
815 4996 912 5035 sua
952 4994 1083 5036 voce
1118 4980 1331 5033 alienus
1383 4994 1506 5033 esse
1537 4978 1986 5049 deprehenditur,

402 5073 496 5141 qui
518 5072 797 5127 Christum
845 5072 1071 5127 minime
1120 5070 1509 5141 praedicatione
1536 5086 1637 5126 sua
1674 5072 1987 5127 celebrave-

404 5161 497 5224 rit,
523 5177 685 5230 quem
721 5162 945 5218 cmleste
972 5179 1134 5218 omne
1177 5164 1380 5217 donum
1415 5163 1683 5219 divinitus
1724 5163 1982 5219 Ecclesiae

403 5250 664 5304 collatum
726 5267 850 5306 vere
904 5268 1119 5323 semper
1174 5268 1238 5306 ac
1296 5254 1583 5325 magnifice
1646 5255 1981 5325 praedicavit.

404 5340 589 5408 Quare
636 5350 791 5396 extra
825 5358 1027 5413 corpus
1080 5343 1363 5409 Ecclesiae,
1401 5347 1680 5417 totiusque
1731 5347 1983 5413 corporis

402 5440 734 5503 caput.esse
772 5435 1075 5503 reperietur
1108 5452 1122 5489 :
1154 5450 1255 5490 nec
1299 5450 1423 5490 cum
1462 5439 1575 5503 illo,
1609 5438 1851 5507 inquam,
1899 5451 1987 5489 co-

2164 4789 2297 4846 Εἶτα
2322 4792 2481 4845 πάλιν
2508 4792 2639 4862 φησι
2663 4791 2724 4844 τὸ
2741 4790 2941 4843 ἐλεινὸν
2961 4789 3346 4862 ἀνθρωπάριον
3379 4792 3679 4856 Μοντανὸςς

2093 4889 2173 4941 ὅτι
2199 4885 2348 4939 Οὔτε
2380 4884 2658 4953 ἄγγελος,
2677 4883 2816 4936 οὔτε
2837 4883 3124 4951 πρέσϐυς,
3143 4882 3307 4937 ἀλλὰ
3331 4883 3451 4954 ἐγὼ
3472 4888 3683 4953 Κύριος

2097 4984 2129 5034 ό
2154 4978 2299 5045 Θεὸς
2337 4975 2539 5045 Πατὴρ
2568 4972 2779 5046 ἦλθον.
2814 4973 2999 5028 Ταῦτα
3019 4974 3075 5026 δὲ
3103 4973 3279 5043 λέγων
3290 4976 3680 5047 φωραθήσεται

2096 5069 2371 5140 ἀλλότριος
2409 5068 2506 5133 ὢν,
2546 5066 2780 5139 Χριστὸν
2813 5066 2887 5137 μὴ
2915 5064 3173 5131 δοξάζων,
3199 5065 3259 5118 ὃν
3301 5068 3413 5120 πᾶν
3441 5068 3681 5139 χάριᾶμα

2091 5160 2537 5233 ἐκκλησιαστικὸν
2553 5161 2608 5211 ὲν
2633 5156 2927 5228 Ἐκκλησία
2940 5158 3005 5227 τῇ
3022 5155 3153 5227 ἁγίᾳ
3181 5155 3360 5222 δοθὲν,
3377 5160 3435 5210 ἐν
3454 5157 3678 5228 ἀληθεία

2092 5253 2363 5318 ἐδόξασεν.
2422 5248 2789 5321 Εὑρεθήσεται
2834 5247 2944 5318 γὰρ
3005 5246 3161 5309 ἐκτὸς
3235 5243 3376 5300 εἶναι
3433 5249 3678 5318 σώματος

2103 5341 2448 5411 Ἐκκλησίας,
2517 5339 2612 5392 καὶ
2663 5338 2905 5410 κεφαλῆς
2946 5337 3039 5391 τοῦ
3080 5338 3423 5407 σύμπαντος,
3476 5340 3569 5393 καὶ
3602 5339 3675 5408 μὴ

2093 5433 2308 5505 κρατῶν
2323 5433 2419 5503 τὴν
2453 5430 2713 5502 κεφαλὴν,
2750 5430 2818 5495 ἐξ
2850 5425 3048 5499 ἧσπερ
3072 5427 3196 5483 πᾶν
3224 5429 3290 5483 τὸ
3329 5430 3507 5500 σῶμα
3530 5442 3678 5484 συγ-

469 5584 491 5620 ³
519 5583 655 5643 Gen.
690 5601 770 5656 tu,
799 5585 853 5640 5.
930 5588 949 5618 ²
976 5585 1132 5643 Joan.
1171 5605 1222 5655 v,
1261 5589 1350 5644 45.
1423 5588 1624 5643 'Joan.
1658 5606 1767 5667 xvi,
1795 5590 1846 5646 7.
1927 5594 1947 5619 δ
1980 5588 1995 5642 i

2108 5629 2111 5641 .
2150 5588 2230 5640 Η.
2308 5588 2327 5618 ⁸
2363 5586 2577 5640 Coloss.
2613 5600 2673 5649 ll,
2702 5582 2755 5638 9.
2824 5568 2857 5613 ’⁸
2886 5580 3043 5637 Joan.
3076 5597 3112 5643 t,
3152 5582 3236 5636 16.
