3866 6068
196 264 303 322 87S

828 263 1197 321 ADVERSUS
1234 259 1579 316 HAERESES
1608 258 1737 315 LIB.
1775 258 1840 314 Il.
1879 252 2046 313 TOU.
2087 253 2128 311 I.
2167 285 2237 294 -—
2270 252 2545 309 ILERES.
2585 250 2815 307 XLVIII.

3273 300 3277 302 γ
3342 248 3447 306 87$

201 374 724 450 αρμολοτφύμενον
757 378 947 442 αὔξει,
991 376 1129 430 κατὰ
1166 375 1226 428 τὸ
1263 374 1668 444 γεγραμμένον.
1718 369 1779 426 '0

1905 384 2088 425 tterere
2118 369 2316 438 capite,
2349 382 2415 420 ex-
2441 383 2541 436 quo
2586 360 2750 420 totum
2795 379 2982 434 corpus
3027 373 3446 435 coagmentatum

202 473 309 543 γὰρ
344 469 547 540 Κύριος
598 469 755 539 ἡμῶν
817 468 1023 539 Ἰησοῦς
1074 466 1307 538 Χριστὸς
1344 465 1534 518 ἑαυτὸν
1573 463 1774 528 ἔδειξεν

1908 460 2083 522 rescit,
2132 464 2192 511 ut
2235 455 2519 526 Scriptura
2567 455 2811 525 loquitur
2842 455 2882 509 ³.
2918 454 3132 526 Quippe
3180 454 3447 511 Dominus

203 562 373 624 ὅντως
409 558 485 612 ὢν
543 559 671 621 Υἱὸς
707 560 765 611 ὲν
794 558 1040 628 ἀληθείᾳ.
1068 556 1344 619 Μοντανδς
1372 555 1427 609 δὲ
1463 552 1654 608 ἑαυτὸν
1681 554 1775 607 καὶ

1905 560 2064 605 uoster
2100 546 2261 603 Jesns
2303 548 2557 603 Christus
2604 548 2677 600 ita
2725 547 3078 617 semetipsum
3130 547 3444 610 declaravit,

204 652 425 722 Πατέρα
447 650 642 718 λέγει.-

270 915 376 970 ῙΒ’.
407 915 535 979 Πῶς
587 911 860 979 τοίνυν,ὦ
906 914 1134 988 Φρύγες,
1176 918 1307 987 ἡμῖν
1358 916 1517 970 πάλιν
1572 918 1776 970 ἐπανα-

204 1006 434 1072 στάντες
466 1008 735 1079 πολέμιοι,
774 1009 868 1061 καὶ
905 1008 1321 1080 μεμορφωμένοι
1361 1010 1438 1072 είς
1463 1007 1780 1079 Χριστιανι-

1874 650 2066 691 revera
2111 642 2169 688 ut
2199 648 2517 704 germanum
2561 649 2685 690 esse
2731 635 2978 692 Parentis
3018 634 3216 691 Filium
3261 645 3450 692 osten-

1875 730 2049 785 deret.
2107 727 2398 784 Montanus
2419 735 2633 795 contra,
2666 729 2750 784 vel
2777 727 3067 785 Parentem
3098 745 3158 785 se
3186 745 3308 785 esse
3334 732 3453 801 glo-

1878 822 2071 875 riatur.

1950 912 2062 965 XII.
2103 910 2235 978 Qum
2260 927 2386 967 cum
2414 912 2489 967 ita
2509 913 2644 977 sint,
2676 928 2787 983 quo
2815 913 3029 969 tandem
3061 922 3241 985 pacto,
3279 913 3453 984 Phry-

1881 1018 1996 1074 ges,
2023 1004 2115 1073 qui
2136 1011 2327 1058 contra
2358 1020 2462 1061 nos
2496 1007 2620 1059 novi
2648 1005 2843 1062 iterum
2871 1006 3059 1061 hostes
3097 1007 3450 1077 consurgitis,

205 1100 308 1171 κὴν
325 1099 630 1170 ἐπίκλησιν,
656 1098 943 1169 βαρϐάρων
957 1099 1013 1151 δὲ
1030 1100 1433 1172 ἐπανῃρημένοι
1454 1101 1657 1171 μάχην,
1685 1102 1779 1155 καὶ

1905 1107 1935 1151 ιι
1967 1105 2191 1151 externa
2222 1096 2457 1167 quadam
2496 1099 2678 1168 specie
2724 1099 3100 1154 Christianum
3146 1101 3215 1154 ad
3256 1116 3453 1156 nomen

203 1192 314 1244 τῶν
331 1188 533 1262 Τρώων
560 1190 655 1244 καὶ
675 1190 900 1260 Φρυγῶν
930 1192 1253 1263 μιμούμενοι
1276 1192 1337 1244 τὸ
1364 1191 1641 1261 πολέμιον,
1666 1191 1783 1255 πῶς

1884 1187 2262 1257 usurpandum
2299 1189 2563 1253 illuditis;
2610 1205 2674 1243 ac
2703 1191 3068 1261 Troianorum
3099 1198 3147 1246 et
3179 1190 3454 1262 Phrygum

207 1282 518 1352 πεισθῶμεν
576 1283 726 1352 ὑμῖν,
754 1283 972 1351 λέγουσι
1010 1283 1098 1335 διὰ
1138 1283 1454 1354 χαρίσματα
1484 1284 1778 1351 ἀφεστάναι

1905 1279 2082 1334 tostile
2116 1280 2169 1333 in
2212 1294 2314 1333 nos
2345 1280 2528 1335 odium
2568 1282 2889 1336 imitamini:
2921 1284 3014 1351 qui
3051 1297 3172 1347 nos,
3207 1281 3452 1352 inquam,

205 1376 305 1444 τῆς
338 1374 690 1444 Ἐκκλησίας;
726 1375 922 1427 Οὐκέτι
952 1374 1062 1445 γὰρ
1089 1376 1405 1445 χαρίσματα
1430 1373 1513 1445 εἴη
1547 1374 1614 1427 τὰ
1641 1374 1767 1428 ἀλλό

205 1480 334 1535 τρια
365 1463 721 1533 χαρισμάτων
748 1464 895 1526 ὅντα,
924 1463 1017 1517 καὶ
1050 1464 1199 1534 παρὰ
1227 1464 1317 1517 τὸν
1350 1462 1785 1535 χαρακτῆρα“τδν

204 1555 316 1608 ὑπὸ
333 1555 538 1625 Κυρίου
566 1555 1002 1625 ὑπισχνούμενα,
1023 1556 1098 1617 ὡς
1118 1558 1166 1608 ot
1188 1554 1309 1608 καθ’
1345 1557 1488 1625 ὑμᾶς
1516 1556 1788 1626 προφῆται

207 1644 477 1713 λέγουσιν.
537 1644 828 1712 Εἱσάγεται
858 1646 875 1677 ί
924 1627 1055 1715 ἡμῖν
1087 1646 1250 1699 πάλιν
1284 1645 1379 1700 καὶ
1410 1645 1751 1715 Μαξιμίλλαν
1770 1663 1785 1676 ο

1886 1370 2087 1424 habere
2144 1369 2303 1423 ﬁdem
2356 1370 2511 1425 vobis
2571 1385 2885 1440 possumus,
2922 1387 3045 1425 cum
3096 1372 3168 1426 ob
3216 1372 3456 1427 cmlestia

1887 1454 2029 1509 dona
2046 1471 2144 1510 vos
2170 1456 2238 1509 ab
2269 1455 2511 1512 Ecclesia
2538 1456 2861 1513 discessisse
2886 1459 3109 1527 jactatis
3126 1460 3149 1512 ?
3167 1458 3284 1513 Non
3312 1461 3456 1514 enim

1888 1548 2134 1603 caelestia
2166 1563 2291 1603 esse
2319 1549 2461 1603 dona
2495 1560 2746 1618 possunt,
2776 1567 2895 1620 qua:
2921 1560 3205 1622 tantopere
3237 1559 3364 1608 sunt
3391 1553 3460 1607 ab

1889 1638 2160 1709 ejusmodi
2189 1640 2349 1694 donis
2378 1640 2588 1704 aliena;
2619 1656 2848 1712 quaeque
2873 1651 3068 1712 praeter
3090 1643 3396 1698 institutam
3429 1658 3461 1697 a

207 1737 307 1790 καὶ
328 1736 437 1809 γὰρ
465 1737 559 1790 καὶ
584 1737 652 1789 τὰ
671 1737 910 1806 ὀνόματα
934 1736 1089 1806 ἡμῶν
1109 1736 1477 1807 διηλλαγμένα
1504 1737 1598 1789 καὶ
1626 1736 1785 1804 φοϐε-

1905 1729 2118 1791 Domino
2141 1731 2465 1795 formam,ac
2485 1734 2751 1787 rationem
2773 1735 3083 1799 ostenditis,
3105 1736 3463 1804 quemadmo-

212 1826 448 1897 ρώτατα,
473 1828 568 1881 καὶ
590 1827 714 1880 οὔτε
739 1827 1009 1897 προσηνές
1026 1843 1078 1879 τι
1109 1828 1202 1880 καὶ
1224 1825 1558 1895 γλυκύτατον
1576 1825 1790 1895 ἔχοντα,

204 1917 349 1971 ἀλλά
364 1918 554 1989 ἄγριον
589 1920 682 1971 καὶ
705 1900 1056 1990 βαρϐαρικόν.
1088 1918 1264 1980 Εὐθὺς
1292 1918 1402 1988 γάρ
1439 1917 1574 1987 αὕτη
1604 1918 1637 1987 ἡ
1676 1917 1794 1970 Μα-

207 2008 431 2079 ξιμίλλα
449 2011 483 2081 ή
518 2008 669 2079 παρά
695 2012 805 2072 τοῖς
825 2008 1083 2071 τοιούτοις
1107 2008 1249 2062 κατά
1283 2007 1502 2079 Φρύγας
1521 2007 1662 2060 οὕτω
1695 2023 1795 2060 κα-

210 2100 515 2172 λουμένοις,
561 2100 849 2165 ἀκούσατε,
890 2095 935 2153 ὧ
984 2100 1174 2164 παῖδες
1211 2099 1471 2170 Χριστοῦ,
1511 2099 1564 2152 τί
1600 2097 1788 2167 λέγει’

225 2192 406 2260 Ἔμοῦ
448 2191 534 2261 μὴ
590 2193 911 2259 ἀκούσητε,
949 2192 1112 2246 ἀλλὰ
1167 2190 1423 2259 Χριστοῦ
1467 2191 1789 2246 ἀκούσατε.

211 2284 327 2337 Καὶ
359 2286 418 2336 ὲν
456 2278 537 2347 οἷς
590 2284 734 2350 ἔδοξε
792 2284 1027 2354 Χριστὸν
1066 2282 1309 2349 δοξάζειν
1336 2281 1699 2351 πεπλάνηται.
1726 2280 1792 2334 Et

211 2374 324 2445 γὰρ
347 2369 416 2444 ἧν
435 2372 529 2427 τοῦ
550 2373 806 2444 Χριστοῦ,
834 2374 1018 2440 ἔλεγεν
1037 2373 1102 2427 ἂν
1129 2372 1272 2426 κατὰ
1290 2372 1418 2435 τοὺς
1442 2371 1630 2440 ἁγίους
1656 2370 1795 2424 ἀπο-

213 2466 455 2531 στόλους,
503 2466 580 2530 ὡς
620 2464 848 2529 ἕκαστος
884 2466 1071 2533 λέγει’
1106 2466 1309 2536 Πέτρος
1347 2465 1442 2535 μὲν
1472 2464 1684 2536 πρῶτος
1709 2464 1798 2518 λέ-

212 2573 329 2625 γων
346 2596 362 2621 ,
392 2557 474 2610 ὅτι
498 2556 698 2625 Ἡμεῖς
725 2558 862 2625 παρ’
886 2556 1073 2610 αὐτοῦ
1100 2556 1450 2625 ἠκούσαμεν
1471 2572 1484 2586 ·
1507 2557 1601 2608 καὶ
1628 2555 1796 2610 αὐτοῦ

210 2650 308 2704 τοῦ
375 2650 582 2721 Κυρίου
631 2650 918 2717 λέγοντοςο
999 2649 1062 2701 '0
1116 2648 1283 2717 ὑμῶν
1337 2650 1591 2712 ἁκούων,
1650 2649 1796 2720 ἐμοῦ

203 2740 422 2795 ἀκούει
447 2756 462 2770 ·
494 2740 589 2793 καὶ
606 2738 723 2791 ’τοῦ
759 2738 972 2792 Παύλου
1025 2738 1307 2806 λέγοντος⁸
1365 2739 1624 2807 Mummi
1677 2756 1796 2807 μου

214 2832 481 2899 γίνεσθε,
541 2830 736 2895 καθὼς
765 2829 924 2898 κάγὼ
952 2829 1230 2899 Χριστοῦ.
1272 2830 1420 2900 Αὕτη
1457 2830 1514 2884 δὲ
1543 2830 1797 2901 ἀληθεύει

206 2922 544 2993 ψευδομένη,
599 2923 691 2975 καὶ
751 2922 824 2994 μὴ
853 2920 1170 2992 βουλομένη.
1197 2921 1394 2985 Καλῶς
1417 2922 1474 2974 δὲ
1510 2922 1657 2989 λέγει
1694 2922 1798 2991 φά-

210 3030 446 3079 σκουσα,
475 3012 636 3068 ἀλλὰ
673 3014 951 3082 Χριστοῦ.
987 3012 1255 3076 Πολλάκις
1280 3012 1388 3086 γὰρ
1412 3014 1481 3067 τὰ
1513 3012 1799 3085 ἀκάθαρτα

1889 1820 2021 1873 dum
2052 1821 2329 1890 prophetae
2364 1822 2529 1876 vestri
2562 1822 2906 1892 proﬁtentur.
2968 1823 3075 1879 Sed
3108 1826 3461 1881 Maximillam

1890 1916 2078 1969 nescio
2112 1930 2275 1984 quam
2303 1916 2462 1970 nobis
2498 1916 2791 1972 obtruditis
2833 1935 2847 1971 :
2875 1919 3074 1991 quippe
3111 1919 3193 1974 vel
3221 1920 3335 1989 ipsa
3373 1936 3467 1973 no-

1890 2004 2039 2059 mina
2080 2013 2263 2061 vestra
2312 2022 2344 2060 a
2378 2009 2658 2062 communi
2700 2025 2806 2064 usu
2853 2017 3061 2065 remota
3114 2020 3261 2076 sunt,
3295 2020 3348 2064 et
3396 2010 3466 2064 atl

1892 2105 2153 2151 terrorem
2207 2100 2542 2168 composita;
2597 2116 2773 2170 neque
2828 2102 2958 2157 mite
3006 2102 3303 2173 quidquam
3358 2103 3467 2158 illis

1893 2188 2054 2256 inest,
2083 2199 2175 2243 aut
2218 2191 2569 2259 jucundum:
2607 2194 2701 2248 sed
2762 2195 3078 2259 barbarum,
3123 2204 3178 2248 et
3229 2205 3463 2265 agri-ste.

1894 2278 2019 2334 Haec
2063 2282 2229 2350 igitur
2275 2282 2592 2346 Maximilla,
2633 2299 2794 2353 quam
2844 2275 3083 2356 Phryges
3136 2287 3224 2340 isti
3271 2287 3467 2355 prmdi-

1895 2378 2042 2437 cant,
2068 2372 2270 2435 audite,
2302 2372 2504 2427 Christi
2542 2375 2659 2436 lilii,
2688 2376 3147 2445 quemadmodum
3181 2378 3421 2447 loquitur
3451 2396 3466 2432 :

1896 2458 1985 2517 He
2016 2462 2224 2532 quidem
2252 2481 2354 2517 non
2385 2464 2583 2530 audite,
2613 2466 2704 2520 sed
2731 2465 3001 2521 Christum
3034 2468 3229 2521 audite.
3259 2467 3468 2533 Quibus

1896 2554 2096 2620 verbis,
2127 2554 2251 2609 licet
2290 2555 2510 2611 Christo
2537 2557 2799 2612 honorem
2833 2559 3034 2614 habere
3080 2559 3347 2622 videatur,
3375 2560 3471 2614 iis.

1896 2643 2017 2699 dem
2042 2653 2223 2699 tamen
2250 2644 2382 2714 ipsis
2410 2662 2650 2701 errorem
2680 2664 2836 2702 suum
2865 2649 3226 2703 demonstrat.
3262 2648 3395 2703 Nam
3423 2650 3470 2704 si

1896 2734 2098 2790 Christi
2140 2734 2297 2802 foret,
2326 2737 2569 2799 eamdem
2602 2739 2657 2792 in
2686 2739 2960 2809 loquendo
2998 2741 3281 2794 formulam
3312 2739 3471 2794 adhi-

1898 2826 2075 2891 beret,
2130 2843 2233 2897 qua
2286 2829 2515 2897 apostoli
2576 2845 2766 2885 omnes
2819 2832 3134 2902 singillatim
3182 2834 3267 2888 usi
3302 2836 3470 2897 sunt.

1899 2915 2155 2988 Inprimis
2189 2917 2422 2975 Petrus:
2470 2918 2609 2982 Nos,
2641 2921 2835 2992 inquit,
2866 2926 2929 2975 ab
2972 2923 3064 2977 illo
3101 2924 3397 2979 audivimus
3427 2926 3470 2978 ⁸.

1902 3011 2009 3066 Sed
2040 3021 2093 3067 et
2122 3012 2382 3068 Dominus
2432 3013 2547 3084 ipse
2575 3014 2713 3069 dixit
2742 3034 2756 3071 :
2793 3016 2896 3081 Qui
2942 3031 3012 3078 va,
3088 3017 3234 3081 .udit,
3275 3034 3354 3071 me
3378 3034 3479 3070 au-

156 3128 159 3129 ν
210 3101 508 3173 πνεύματα
558 3102 925 3171 ἀναγκάζεται
974 3103 1142 3158 ἑαυτᾶ
1184 3103 1486 3176 καθαιρεῖν,
1537 3104 1638 3157 οὐκ
1673 3104 1799 3159 ὅντα

1905 3103 1981 3156 dit
2011 3105 2053 3158 ⁸.
2096 3102 2298 3160 Paulus
2325 3106 2451 3160 item
2478 3125 2492 3162 :
2523 3105 2827 3162 Imitatores
2870 3111 2970 3162 mei
3020 3119 3201 3175 estote,
3247 3111 3383 3163 sicut
3427 3119 3478 3163 et

210 3195 319 3263 τῆς
365 3193 644 3266 ἀληθείας,
695 3197 788 3249 καὶ
841 3195 1158 3265 ὑποφαίνειν
1208 3195 1301 3248 τὸν
1352 3195 1556 3265 Κύριον
1594 3194 1795 3260 αὐτῶν,

220 3283 465 3349 θέλοντα,
497 3286 591 3339 καὶ
620 3286 693 3356 μὴ
724 3285 962 3352 θέλοντα,
990 3287 1058 3339 δι’
1083 3287 1325 3356 ἀνάγκην
1342 3304 1355 3317 ·
1386 3286 1460 3350 ὡς
1485 3288 1517 3357 ἡ
1540 3286 1795 3358 παιδίσκη

214 3377 256 3446 ἠ
287 3375 484 3446 ἔχουσα
511 3377 730 3448 πνεῦμα
760 3378 1014 3443 Πύθωνος
1045 3378 1228 3448 ἔλεγεν
1250 3395 1267 3411 ο
1296 3373 1469 3434 Οὗτοι
1488 3382 1544 3433 οἱ
1580 3378 1801 3447 ἅνθρω-

218 3480 325 3519 ποι
370 3467 476 3521 τοῦ
504 3469 652 3522 Θεοῦ
702 3468 908 3523 δοῦλοι
932 3469 1039 3524 τοῦ
1109 3471 1377 3538 ὑψίστου
1404 3472 1553 3524 εἰσί·
1585 3470 1679 3523 καὶ
1717 3472 1799 3534 τὸ,

225 3558 296 3613 Τί
327 3558 511 3626 ἦλθες
539 3561 651 3628 πρὸ
696 3562 903 3630 καιροῦ
946 3563 1283 3626 βασανίσαι
1303 3563 1501 3633 quae;
1549 3563 1804 3634 Οἵδαμέν

218 3664 300 3703 σε
327 3651 421 3717 τίς
449 3647 523 3716 εἷ,
552 3655 585 3705 ὁ
611 3652 802 3722 Ἄγιος
828 3652 934 3708 τοῦ
961 3655 1111 3708 Θεοῦ
1131 3673 1144 3687 ·
1172 3655 1246 3719 ὡς
1272 3655 1367 3709 καὶ
1394 3655 1531 3727 αὕτη
1565 3657 1803 3725 ἀναγκα-

215 3739 428 3810 ζομένη
454 3740 642 3809 ἔλεγεν
666 3743 834 3812 αὐτῆς
865 3744 939 3816 μὴ
973 3743 1212 3811 ἀκούειν,
1242 3745 1376 3798 ἀλλά
1402 3745 1660 3817 Χριστοῦ.

1902 3210 1995 3265 ego
2030 3194 2300 3249 Christi".
2351 3196 2420 3250 At
2468 3197 2559 3253 illa
2596 3200 2906 3254 mentiendo
2937 3201 3021 3254 vel
3070 3201 3241 3256 invita
3288 3217 3476 3256 verum

1904 3284 2078 3337 dicit:
2122 3284 2287 3357 414
2330 3296 2585 3358 recteque
2626 3288 2773 3345 istud
2817 3290 3022 3360 adjicit,
3065 3292 3155 3346 sed
3184 3291 3475 3347 Christum.

1910 3373 2062 3444 Saepe
2110 3376 2253 3429 enim
2306 3376 2503 3447 impuri
2557 3380 2783 3449 spiritus
2828 3383 3152 3452 semetipsos
3208 3392 3482 3454 coguntur

1908 3474 2174 3533 evertere,
2201 3483 2325 3522 cum
2357 3483 2385 3521 a
2415 3470 2642 3526 veritate
2687 3473 3034 3539 abhorreant,
3079 3488 3145 3529 ac
3188 3473 3477 3530 Dominum

1910 3576 2093 3626 suum,
2128 3561 2298 3616 velint
2329 3562 2523 3627 nolint,
2562 3566 2876 3621 necessario
2932 3567 3229 3623 declarant.
3277 3566 3485 3634 Quom-

1910 3651 2200 3706 admodum
2256 3652 2434 3719 puella
2494 3654 2585 3707 illa
2652 3655 2950 3726 Pythonico
3002 3657 3200 3727 spiritu
3256 3658 3481 3729 pradita

1910 3743 2222 3797 clamabat:
2252 3743 2506 3797 Homines
2550 3743 2640 3795 isti
2679 3743 2772 3797 Dei
2818 3746 3071 3801 altissimi
3102 3751 3237 3803 servi
3268 3759 3390 3803 sunt
3438 3750 3480 3802 ".

220 3829 349 3896 Quo
398 3840 454 3889 et
502 3833 633 3888 illud
675 3834 907 3903 pertinet
952 3853 966 3889 ε
1004 3835 1114 3888 Cur
1164 3836 1347 3889 venisti
1398 3844 1519 3889 aute
1576 3844 1774 3902 tempus
1827 3842 2065 3902 torquere
2110 3834 2251 3886 nos?
2287 3829 2544 3884 Nouimus
2586 3831 2678 3900 qui
2726 3833 2798 3885 sis
2840 3848 2859 3886 :
2912 3832 3143 3889 Sanctus
3190 3836 3289 3889 Dei
3317 3839 3357 3888 ⁸.
3408 3837 3483 3891 lta

223 3925 524 3981 Maximilla
576 3925 627 3979 vi
673 3924 908 3993 quadam
962 3925 1196 3994 impulsa
1246 3924 1420 3978 audiri
1471 3939 1529 3978 se
1582 3923 1804 3978 minime
1831 3922 1968 3987 vult,
2005 3920 2100 3976 sed
2127 3920 2426 3975 Christum.
2949 3939 2958 3943 τ

299 4015 425 4078 Πῶς
445 4010 540 4068 οὖν
567 4013 724 4068 τοῦτο
758 4016 808 4067 οἱ
832 4015 959 4087 παρ’
984 4015 1154 4079 αὐτῆς
1191 4014 1506 4084 ἀκηκοότες,
1544 4014 1636 4067 καὶ
1666 4012 1802 4084 αὐτῇ

227 4103 675 4165 πεπιστευκότες,
713 4102 988 4171 βούλονται
1010 4102 1179 4173 αὐτῆς
1208 4102 1447 4167 ἀκούειν,
1476 4103 1604 4172 παρ’
1639 4101 1807 4172 αὐτῆς

231 4196 498 4269 μαθόντες
533 4195 607 4267 μὴ
641 4195 810 4265 αὐτῆς
843 4195 1083 4259 ἀκούειν,
1126 4194 1262 4248 ἀλλὰ
1298 4195 1502 4266 Κυρίου
1524 4210 1538 4258 ;
1561 4194 1671 4247 Καὶ⁵
1699 4193 1808 4265 γὰρ

228 4285 448 4357 ἀληθῶς
475 4285 691 4354 ἐπίγεια
713 4284 1090 4355 φθεγγομένης
1114 4286 1303 4356 αὐτῆς,
1340 4287 1389 4338 sl
1411 4285 1592 4356 παρῆν
1626 4285 1811 4348 αὐτοῖς

236 4380 473 4444 σύνεσις,
499 4379 598 4431 οὐκ
626 4378 730 4431 ἔδει
775 4379 946 4449 αὐτὴν
978 4377 1288 4433 ἀκούεσθαι.
1319 4379 1428 4433 Καὶ
1454 4380 1529 4450 μὴ
1557 4378 1704 4447 λέγε,
1728 4379 1809 4431 ὅτι

232 4469 660 4542 παρηκολούθει,-
676 4470 748 4521 Ού
767 4469 874 4540 γὰρ
896 4469 1425 4539 παρακολουθοῦντος
1446 4471 1561 4524 ἐστι
1587 4470 1648 4522 τὸ
1666 4469 1812 4525 διδά-

234 4579 409 4625 σκειν,
433 4562 528 4614 καὶ
554 4560 743 4614 ἑαυτὸν
763 4561 1110 4633 ἀνατρέπειν.
1144 4561 1208 4615 Et
1234 4560 1341 4632 γὰρ
1366 4561 1501 4624 ὅλως
1532 4560 1812 4630 λέγει,Μὴ

230 4653 487 4710 ἀκούετέ
505 4669 647 4723 μου,
681 4656 830 4705 ποῖον
853 4648 920 4723 ἦν
939 4653 999 4707 τὺ
1026 4652 1248 4724 Πνεῦμα
1268 4652 1329 4705 τὸ
1345 4650 1538 4705 λαλοῦν
1562 4654 1620 4705 ὲν
1639 4652 1775 4722 αὐτῇ
1799 4669 1813 4717 ;

232 4748 299 4802 Et
333 4745 475 4816 αὐτὴ
513 4744 717 4812 ἔλεγεν,
763 4744 796 4814 ἢ
834 4747 852 4774 ¹
884 4743 1187 4815 ἄνθρωπος,
1214 4744 1321 4816 ἄρα
1344 4745 1443 4796 οὐκ
1473 4739 1540 4814 ἦν
1562 4745 1618 4796 ὲν
1646 4742 1815 4795 Πνεῦ-

236 4855 371 4909 ματι
390 4836 555 4905 ἁγίῳ.
597 4836 659 4888 Ἦ
679 4835 788 4905 γὰρ
814 4834 1068 4904 λέγουσα,
1100 4836 1194 4901 Μὴ
1210 4835 1462 4891 ἀκούετέ
1484 4852 1624 4903 μου,
1659 4834 1818 4903 δῆλον

231 4930 294 4982 τὸ
327 4928 668 5000 ἀνθρώπινον
707 4928 880 4996 ἔλεγε,
909 4928 1003 4980 καὶ
1034 4927 1132 4979 οὐκ
1160 4923 1227 4996 ἦν
1271 4928 1326 4978 ὲν
1352 4925 1626 4995 Πνεύματι
1651 4925 1813 4995 ἁγίῳ.

245 5022 310 5075 Ἥ
338 5022 396 5074 δὲ
417 5021 492 5091 μὴ
514 5016 646 5074 οὖσα
672 5023 729 5072 ὲν
746 5019 1022 5090 Πνεύματι
1056 5018 1193 5088 ἀγίῳ
1219 5016 1446 5079 ἄνωθεν,
1472 5013 1604 5071 οὖσα
1636 5017 1692 5070 δὲ
1718 5015 1813 5070 τοῦ

234 5116 587 5188 ἀνθρωπίνου
638 5115 1002 5186 φρονήματος,
1051 5113 1202 5165 οὐδὲν
1240 5110 1522 5178 ἐγίνωσκε.
1560 5110 1682 5187 ¹Καὶ
1715 5110 1814 5162 οὐκ

236 5207 306 5281 ἦν
338 5212 451 5281 ἄρα
481 5207 706 5277 Πνεῦμα
752 5205 929 5274 ἅγιον,
980 5205 1115 5259 ἀλλά
1156 5200 1481 5274 ἀνθρωπίνῳ
1514 5202 1821 5272 φρονήματι

1982 4010 2085 4075 Qui
2135 4010 2436 4080 igiturhoc
2462 4009 2533 4064 ab
2579 4010 2669 4064 illa
2705 4011 2999 4077 audierint,
3034 4014 3193 4085 eique
3239 4016 3485 4074 credide~

1913 4099 2045 4163 rint,
2096 4113 2196 4153 cur
2243 4115 2362 4153 eam
2410 4100 2619 4156 diutius
2672 4102 2920 4163 audiunt,
2958 4118 3081 4157 cum
3122 4120 3232 4158 non
3284 4105 3481 4173 ipsam,

1917 4191 2011 4245 sed
2034 4190 2312 4246 Christum
2337 4191 2668 4247 audiendum
2696 4194 2765 4248 ab
2790 4194 2992 4249 illamet
3016 4196 3132 4265 ipsa
3158 4195 3491 4251 didicerint?

1917 4282 1981 4337 Et
2013 4271 2143 4338 vero
2187 4298 2310 4339 cum
2349 4285 2568 4340 nonnisi
2620 4293 2836 4341 terrena
2878 4286 3124 4354 quaedam
3157 4286 3388 4352 etl‘utiat,
3442 4290 3487 4344 si

1916 4375 2061 4431 ullus
2091 4375 2145 4429 in
2172 4374 2253 4431 eis
2276 4389 2472 4431 sensus
2502 4377 2728 4442 inesset,
2753 4377 2940 4433 audire
2968 4378 3112 4433 illam
3145 4395 3489 4452 nequaquam

1915 4474 2211 4538 oporteret.
2259 4466 2369 4522 Nec
2399 4476 2484 4522 est
2514 4467 2658 4539 quod
2697 4468 2928 4538 obiicias
2978 4469 3117 4525 hanc
3159 4473 3493 4527 intellexisse

1917 4558 2047 4628 quid
2104 4558 2332 4612 diceret.
2369 4557 2491 4611 Non
2526 4560 2670 4612 enim
2731 4557 3082 4630 intelligcnlis
3135 4577 3256 4617 esse
3315 4571 3494 4632 potest

1918 4656 2105 4705 contra
2158 4665 2218 4704 se
2261 4654 2458 4704 docere
2515 4649 2743 4721 aliquid,
2800 4666 2863 4706 ae
2901 4653 3005 4706 sibi
3053 4652 3156 4721 ipsi
3210 4654 3492 4723 refragari.

1914 4741 2051 4797 Nam
2084 4743 2129 4797 si
2162 4745 2387 4797 omnino
2416 4744 2491 4797 ita
2522 4744 2766 4813 loquitur
2800 4764 2813 4799 :
2849 4744 2932 4798 Ne
2967 4762 3046 4798 me
3074 4746 3331 4812 auditote,
3361 4762 3496 4816 qua-

1922 4836 2122 4890 lisnam
2180 4837 2268 4891 hic
2319 4839 2412 4907 qui
2470 4838 2523 4891 in
2570 4853 2633 4892 ea
2693 4839 3017 4909 loquebatur
3076 4841 3303 4911 spiritus
3355 4840 3498 4895 fuit?

1924 4925 2078 4992 Quod
2113 4929 2157 4981 si
2194 4944 2289 4998 per
2319 4944 2441 4983 sese
2464 4929 2582 4999 ipsa
2612 4938 2886 4999 quatenus
2913 4929 3079 4983 homo
3101 4939 3239 4995 erat,
3267 4931 3340 4984 ita
3372 4948 3498 5000 pro—

1922 5020 2219 5081 nuntiavit,
2255 5034 2364 5073 non
2398 5020 2567 5090 igitur
2598 5017 2840 5089 Spiritus
2864 5035 2983 5073 eam
3015 5031 3240 5074 sanctus
3280 5020 3498 5074 amave—

1923 5121 2027 5167 rat.
2071 5112 2203 5177 Quae
2230 5112 2373 5166 enim
2400 5113 2578 5168 audiri
2612 5127 2670 5169 se
2704 5112 2977 5181 prohibet.
3009 5111 3306 5165 humanum
3338 5111 3491 5180 quid-

1922 5205 2045 5259 dam
2082 5205 2271 5274 procul
2335 5205 2501 5259 duhio
2550 5205 2845 5275 signiﬁcat,
2886 5218 2986 5258 nec
3036 5204 3274 5272 impulsu
3324 5204 3498 5258 Sancti

236 5301 422 5355 ἐλάλει
471 5299 567 5351 καὶ
603 5296 915 5366 ἐφθέγγετο.
961 5294 1024 5349 Et
1052 5295 1108 5347 δὲ
1157 5291 1430 5361 Πνεύματι
1466 5291 1604 5360 ἁγίῳ
1647 5292 1799 5344 ὲλάλε

1926 5292 2166 5362 Spiritus
2222 5294 2423 5362 agitur.
2483 5294 2648 5348 Porro
2710 5311 2831 5365 qum
2880 5295 3098 5349 caelitus
3148 5295 3346 5348 hausto
3409 5294 3501 5347 illo

235 5397 334 5451 καὶ
375 5393 738 5464 προεφήτευε,
780 5391 930 5442 ποῖον
963 5388 1071 5459 ἄρα
1098 5383 1166 5457 ἦν
1201 5385 1262 5438 τὸ
1308 5382 1530 5454 Πνεῦμα
1559 5383 1618 5435 τὸ
1648 5383 1823 5451 ἅγιον,

1928 5383 2136 5454 Spiritu
2187 5385 2412 5439 minime
2460 5385 2788 5452 ducebatur,
2827 5386 2921 5440 sed
2959 5386 3196 5439 humana
3235 5386 3504 5440 duntaxat

318 5571 333 5602 ¹
368 5568 427 5623 F.
462 5567 737 5632 εἰσάγετε.
814 5566 835 5598 ²
862 5564 933 5637 Ε.
970 5559 1025 5637 ᾖ.
1104 5564 1126 5596 ⁸
1154 5563 1367 5618 Coloss.
1409 5548 1467 5629 ll,
1512 5559 1594 5615 l9.
1671 5559 1695 5590 ⁸
1722 5561 1798 5615 Ac

1913 5576 1965 5628 ν,
2007 5563 2096 5618 20.
2175 5563 2195 5592 ³
2230 5561 2452 5629 Luc.,x,
2490 5565 2577 5621 16.
2658 5567 2677 5597 θ
2713 5565 2730 5619 l
2769 5566 2897 5628 ,Cor.
2932 5581 3008 5631 XI,
3048 5565 3096 5617 1.
3175 5564 3195 5595 ⁷
3225 5548 3500 5623 Αει.ἰνι,

245 5643 334 5696 16.
426 5640 448 5670 ⁸
474 5637 672 5690 Matth.
701 5649 819 5698 vm,
849 5636 927 5689 29.

443 5735 727 5798 ΡΑτιιοι..
767 5730 880 5789 Gn.
926 5729 978 5790 Χ
994 5728 1091 5789 LI.

1786 5792 1817 5807 Ι

3114 5719 3192 5777 28
