3866 6068
478 172 608 232 '875

1904 169 1966 229 s.
2009 169 2355 226 EPIPHA‘NII
2410 232 2431 249 κ

3622 175 3735 233 δτῦ

488 284 1043 359 ,ηρίεοιὶοκηοισειόι
1072 284 1227 340 nihil.
1258 283 1377 340 Non
1407 292 1526 339 erat
1561 282 1727 354 igitur
1763 282 1818 338 in
1849 297 1915 339 ea
1939 280 2063 354 Spi-

2173 283 2227 337 τδ
2273 281 2450 351 λέγον,
2508 282 2669 354 Ἐμοῦ
2707 280 2784 355 μὴ
2834 281 3091 351 auctius;
3141 282 3253 339 Kal.
3279 283 3455 354 πολλή
3498 283 3615 339 ἐστι
3652 284 3746 349 τῆς

499 380 639 435 ritus
669 386 915 442 sanctus,
956 376 1053 433 sed
1099 377 1356 443 humana,
1402 383 1461 430 ut
1491 373 1629 438 dixi,
1663 372 1930 445 sapientia
1949 374 2072 429 uni-

479 486 656 526 versa
694 468 1103 540 pronuntiabat.
1143 466 1361 537 Alioqui
1396 467 1445 523 si
1498 466 1677 521 sancti
1727 464 1968 536 Spiritus
2001 467 2073 522 lo-

497 570 758 630 queretur
805 572 869 613 ac
901 557 1297 613 vaticinaretur
1345 557 1635 623 instinctu,
1684 556 1810 626 quis
1844 555 1935 610 ille
1977 553 2071 610 de-

498 666 643 706 mum
679 651 904 719 spiritus
929 649 1162 712 exstitit,
1202 648 1295 718 qui
1333 647 1514 703 audiri
1556 662 1614 702 se
1644 646 1847 702 nollet?
1880 644 2071 715 Magna

474 742 743 814 ,proferto
780 741 1051 797 mendacii
1088 749 1174 796 est
1221 741 1538 810 errorisque
1567 739 1806 794 caecitas.
1844 735 2099 809 Magnus

496 848 660 904 porro
703 832 796 887 Dei
846 848 1047 896 sermo,
1080 833 1173 902 qui
1207 846 1307 888 nos
1339 832 1486 885 omni
1512 830 1724 884 ratione
1755 828 1823 883 ad
1862 843 1926 884 ea
1954 828 2070 882 dis-

473 925 766 979 ~cerneuda
820 925 1078 986 instituit,
1139 939 1261 994 quae
1307 922 1481 978 sancti
1538 920 1775 991 Spiritus
1829 920 2070 991 impulsu

486 1019 704 1088 prolata
737 1025 867 1072 sunt
901 1036 912 1070 :
943 1032 1066 1087 quae
1099 1016 1296 1085 partim
1338 1031 1401 1070 ex
1438 1029 1672 1085 persona
1710 1012 1914 1077 Patris,
1945 1027 2071 1082 par-

454 1094 589 1161 }:tim
632 1122 699 1161 ex
743 1122 977 1176 persona
1036 1104 1199 1169 Filii,
1249 1106 1447 1175 partim
1496 1120 1561 1160 ex
1616 1104 1852 1173 Spiritus
1894 1101 2069 1157 sancti

476 1178 728 1269 ‘persona
779 1199 1055 1253 dicuntur.
1092 1197 1256 1267 Atqui
1312 1197 1357 1252 si
1408 1197 1498 1251 ille
1549 1195 1644 1266 qui
1681 1196 1736 1248 in
1776 1193 2068 1249 Maximilla

493 1288 602 1343 fuit
655 1288 894 1358 Spiritus
941 1296 1166 1342 sanctus
1215 1287 1555 1349 exstitisset,
1614 1300 1894 1354 nunquam
1952 1283 2070 1338 suis

494 1380 611 1449 ipse
653 1379 838 1433 verbis
873 1378 1298 1434 contradiceret.
1345 1376 1493 1431 Unus
1537 1378 1676 1431 enim
1727 1385 1805 1431 est
1838 1375 2069 1444 Spiritus

491 1481 726 1533 sanctus,
779 1471 869 1540 qui
918 1470 1104 1524 dividit
1145 1469 1369 1539 singulis
1423 1477 1579 1538 prout
1627 1468 1737 1522 vult
1784 1471 1825 1522 ¹.
1880 1468 1984 1534 Qui
2016 1475 2070 1523 et

491 1561 709 1631 pietatis
737 1569 791 1615 et
820 1561 1025 1615 Christi
1061 1560 1299 1630 Spiritus
1329 1567 1580 1623 vocatur,
1610 1567 1665 1615 et
1688 1575 1718 1613 a
1742 1558 1905 1614 Patre
1938 1574 2068 1629 pro—

491 1651 713 1715 cedens,
765 1659 820 1705 et
854 1665 885 1703 a
936 1649 1075 1704 Filio
1118 1651 1413 1719 accipiens,
1450 1656 1504 1703 et
1554 1664 1584 1702 a
1634 1648 1797 1709 Patre
1835 1665 1899 1704 ac
1929 1648 2069 1704 Filio

493 1743 717 1797 minime
750 1743 961 1797 alienus
988 1742 1313 1811 appellatur.
1349 1739 1469 1794 Non
1498 1738 1664 1809 igitur
1693 1741 1951 1795 dixiSset:
1986 1738 2070 1793 Ne

2175 374 2391 443 ἀπάτης
2432 375 2466 444 ἡ
2499 372 2788 445 τύφλωσις,
2822 374 2919 428 καὶ
2947 375 3124 447 μέγας
3157 375 3306 431 ἐστὶν
3333 378 3363 431 6
3386 375 3485 430 τοῦ
3504 374 3642 431 Θεοῦ
3663 375 3746 431 λό-

2173 481 2291 533 γος,
2328 464 2357 516 6
2405 463 2546 519 κατὰ
2596 465 2775 519 πάντα
2810 466 3012 538 τρόπον
3054 469 3204 538 ἡμᾶς
3234 466 3555 533 συνετίζων,
3587 468 3667 530 εἰς
3690 467 3745 521 τὺ

2173 556 2370 610 ειδέναι
2403 559 2529 610 ποῖα
2557 556 2624 610 τὰ
2651 559 2715 611 ἐκ
2738 556 2833 611 τοῦ
2881 557 3196 629 Πδεύματος
3221 557 3316 612 τοῦ
3345 559 3506 628 ἀγίου
3528 558 3741 629 λελαλη-

2176 648 2333 717 μένα,
2367 646 2440 718 πὴ
2473 646 2570 718 μὲν
2602 648 2667 701 ἐκ
2699 646 2991 718 προσώπου
3022 647 3253 719 Πατρδς,
3399 647 3457 700 δὲ
3494 649 3560 700 ἐκ
3585 663 3741 718 προσ·

2172 736 2322 792 ώπου
2353 738 2506 810 Υίοῦ,
2535 737 2611 810 πὴ
2631 738 2688 791 δὲ
2727 741 2792 792 ἐκ
2812 738 3104 809 προσώπου
3120 738 3213 792 τοῦ
3237 739 3394 807 ἁγίου
3416 740 3739 808 Πνεδματος.

2172 830 2282 883 Καὶ
2315 830 2445 883 εἰτὸ
2474 831 2531 884 ἐν
2557 827 2868 901 Μαξιμίλλῃ
2914 829 3139 900 Πνεῦμα
3182 830 3338 898 ἅγιον
3363 824 3455 900 ἧν,
3495 830 3600 881 οὐκ
3652 830 3739 884 ἀπ-

2166 921 2403 992 ηγόρευε
2458 921 2525 974 τὰ
2566 908 2685 975 tam
2739 923 2982 993 ῥήματα.
3032 923 3144 975 Ἕν
3184 921 3297 992 γάρ
3331 922 3464 974 ἐστι
3494 921 3561 974 τὸ
3588 921 3739 990 ἅγιον

2170 1013 2432 1083 Πνεῦμα,
2451 1012 2518 1067 τὸ
2539 1012 2810 1083 διαιροῦν
2832 1013 3067 1077 ἑκάστῳ
3090 1015 3171 1078 ὡς
3186 1014 3501 1078 βούλεται.
3531 1012 3738 1081 Λέγεται

2173 1102 2231 1156 δὲ
2263 1103 2487 1173 Πνεῦμα
2522 1103 2827 1167 εὐσεϐείας,
2845 1104 2939 1156 καὶ
2965 1102 3181 1172 λέγεται
3210 1099 3350 1156 εἶναι
3370 1102 3602 1174 Πνεῦμα
3624 1104 3739 1175 Χρι-

2174 1194 2300 1247 στοῦ
2324 1232 2340 1260 ,
2389 1195 2484 1248 καὶ
2536 1193 2761 1264 Πνεῦμα
2817 1195 2968 1265 παρά
3016 1195 3228 1266 Πατρὸς
3279 1195 3737 1266 ἐκπορευόμενον,

2172 1286 2264 1341 καὶ
2323 1285 2418 1339 τοῦ
2450 1283 2582 1338 Υἱοῦ
2612 1285 2908 1356 λαμϐάνον,
2942 1286 3044 1340 οὐκ
3084 1285 3367 1357 ἀλλότριον
3404 1286 3619 1357 Πατρὺς
3659 1284 3738 1338 καὶ

2190 1373 2321 1429 Υίοῦ
2373 1375 2451 1429 δν.
2507 1377 2651 1448 ’Ἄρα
2706 1376 2803 1429 οὐκ
2853 1376 3037 1445 ἐλεγεο
3069 1376 3167 1443 Μὴ
3201 1376 3453 1430 ἀκούετέ
3483 1393 3622 1444 μου.
3670 1376 3739 1428 Τὰ

2174 1466 2286 1538 γάρ
2307 1467 2541 1538 Χριστοῦ
2573 1466 2633 1520 τὸ
2674 1466 2897 1537 Πνεῦμα
2930 1466 3104 1521 ἐλάλει
3131 1465 3255 1538 (3'),
3278 1466 3370 1519 καὶ
3390 1467 3420 1519 6
3442 1465 3669 1537 Χριστὸς
3689 1463 3738 1518 τὺ

2178 1558 2400 1629 Πνεῦμα
2440 1557 2778 1622 ἀποστέλλει,
2830 1557 2925 1610 καὶ
2958 1560 3014 1611 ὲν
3053 1556 3332 1627 Πνεύματι
3361 1556 3507 1626 ἁγίῳ
3562 1556 3737 1609 £3661-

2170 1650 2252 1703 λει
2294 1648 2367 1702 τὰ
2406 1649 2660 1721 δαιμόνια
2682 1665 2696 1679 ο
2730 1649 2827 1702 καὶ
2868 1650 2897 1701 6
2924 1648 3129 1720 Κύριος
3158 1648 3226 1702 τὰ
3258 1647 3352 1701 τοῦ
3410 1648 3625 1719 Πατρδς
3662 1646 3737 1700 λέ-

2161 1757 2296 1811 ·γειο
2343 1740 2441 1794 καὶ
2495 1743 2528 1795 ό
2576 1739 2780 1810 Πατὴρ
2829 1740 2938 1795 τὸν
2995 1740 3136 1795 flor
3183 1741 3439 1809 ἡγίασε,
3484 1741 3584 1794 καί
3616 1741 3732 1795 ἀκέο

491 1848 572 1886 me
610 1832 863 1887 nuditate.
918 1831 1049 1898 Quae
1096 1832 1241 1886 enim
1275 1832 1479 1885 Christi
1515 1840 1646 1885 sunt
1702 1830 1942 1900 Spiritus
1999 1831 2071 1886 lo-

2173 1835 2415 1888 στειλεν
2441 1834 2529 1898 εὶς
2563 1831 2672 1885 τὸν
2704 1832 2958 1901 κόσμον,
2989 1832 3090 1885 ἵνα
3128 1832 3517 1902 τινώσκωσιν
3553 1831 3735 1894 αὐτόν.

492 1929 776 1991 queretur.
831 1921 1087 1977 Christus
1137 1921 1339 1991 quippe
1394 1919 1661 1991 Spiritum
1699 1921 1885 1986 mittit,
1920 1930 1974 1977 et
2015 1922 2071 1976 in

2173 1921 2272 1975 καὶ
2301 1919 2628 1984 δοξάσωσι,
2661 1922 2854 1988 καθὼς
2870 1920 3205 1986 ’δοξάζουσι
3228 1922 3339 1975 τὸν
3362 1922 3622 1991 Πατέρα.
3645 1920 3736 1976 Kal

494 2013 701 2080 Spiritu
737 2020 928 2066 sancto
959 2012 1236 2067 daemones
1267 2011 1451 2081 ejirit;
1495 2011 1759 2067 Dominus
1797 2027 1928 2067 vero
1955 2027 2071 2081 quae

2173 2012 2390 2067 διέπεσε
2423 2010 2567 2064 κατά
2607 2010 2783 2065 πάντα
2808 2010 3009 2082 τρόπον
3039 2013 3072 2082 ἡ
3110 2010 3219 2065 τῶν
3249 2011 3736 2083 ἀπαλλπριοὸντων

492 2100 671 2156 l’atris
700 2110 829 2157 sunt
854 2103 1126 2173 eloquitur
1143 2104 1161 2134 ⁸
1183 2121 1197 2157 :
1225 2115 1277 2158 et
1294 2100 1496 2157 Filium
1513 2102 1680 2158 Pater
1695 2104 2066 2172 sanctiﬁcavit,

2173 2104 2399 2167 ἑαυτοὺς
2426 2102 2633 2157 διάνοια
2661 2103 2770 2156 ἀπὸ
2797 2102 2896 2173 τῆς
2922 2101 3015 2155 τοῦ
3032 2101 3268 2174 Χριστοῦ
3303 2102 3647 2165 ἀκολουθίας.

489 2208 554 2246 ac
607 2195 748 2247 misit
780 2195 851 2259 in
888 2193 1050 2265 415
1122 2195 1405 2263 mundum,
1467 2204 1525 2249 ut
1586 2192 1894 2266 cognoscant
1945 2196 2204 2264 ipsumet
2266 2196 2561 2266 glorificent
2612 2193 3049 2265 quemadmodum
3100 2193 3405 2264 gloriﬁcent
3463 2193 3674 2249 Patren
3701 2195 3736 2253 '.

489 2280 582 2339 Sic
624 2287 854 2341 istorum
905 2287 1206 2350 hominum,
1259 2288 1352 2358 qui
1410 2303 1470 2343 se
1510 2303 1539 2341 a
1582 2288 1784 2343 Christi
1827 2297 1973 2342 secta
2028 2302 2091 2365 ac
2145 2287 2431 2357 disciplina
2486 2293 2810 2357 segregant,
2853 2286 3098 2341 funditus
3138 2285 3507 2341 labefactatur
3553 2284 3734 2355 opinio-

560 2375 698 2430 Xlll.
731 2378 802 2430 At
827 2378 971 2430 enim
1004 2376 1297 2431 Maximilla
1327 2378 1521 2448 pergit,
1553 2392 1765 2433 summa
1799 2377 1890 2431 illa
1917 2376 2071 2432 intel-

2253 2376 2353 2431 li".
2398 2377 2601 2431 Φάσκει
2635 2376 2693 2430 δὲ
2743 2375 2905 2429 πάλιν
2952 2378 2986 2445 ἡ
3029 2375 3165 2446 αὐτὴ
3194 2375 3540 2447 Μαξιμίλλα,
3578 2379 3612 2449 ἡ
3650 2377 3735 2446 τῆς

492 2469 726 2539 ligentiac
753 2466 1128 2538 doctrimeque
1159 2468 1264 2531 vis,
1308 2476 1367 2521 ut
1401 2468 1455 2522 id
1496 2467 1607 2537 joci
1657 2468 1835 2522 obiter
1880 2482 2071 2538 asper-

2173 2468 2621 2541 παρακολουθίας
2662 2467 2757 2521 καὶ
2798 2465 3145 2529 διδασκαλίας
3183 2464 3417 2535 γνῶσις,
3450 2466 3544 2522 ἵνα
3570 2467 3738 2538 χλευα-

491 2573 613 2626 gam
648 2575 662 2613 :
694 2556 952 2610 Dominus
985 2572 1067 2609 me
1100 2555 1266 2618 misit,
1298 2554 1496 2624 inquit,
1549 2552 1748 2607 laboris
1785 2552 1965 2622 hujus,
2010 2568 2071 2605 ac

2178 2558 2380 2622 στικῶς
2444 2557 2604 2621 εἴπω,
2658 2557 2741 2610 ὅτι
2798 2555 3137 2610 Ἀπέστειλε
3169 2573 3246 2625 με
3273 2558 3495 2624 Κύριος
3548 2560 3740 2612 τούτου

488 2648 854 2718 professionis,
897 2657 946 2701 et
976 2646 1185 2715 [aderis
1215 2644 1351 2699 velut
1380 2653 1535 2699 sectte
1565 2644 1882 2702 antistitem.
1914 2659 2070 2697 enar-

2174 2649 2281 2704 τοῦ
2310 2650 2529 2713 πόνου,
2569 2648 2666 2721 καὶ
2694 2647 2807 2716 τῆς
2837 2649 3217 2720 ἐπαγγελίας,
3252 2649 3350 2702 καὶ
3385 2649 3501 2718 τῆς
3534 2649 3739 2719 συνθή-

491 2747 742 2802 ratorem,
774 2748 821 2791 et
852 2738 1219 2805 interpretem;
1245 2743 1294 2787 et
1340 2733 1547 2804 quidem
1590 2732 1658 2787 ad
1683 2729 2069 2802 percipiendam

2176 2757 2289 2808 κης
2315 2740 2685 2809 αἱρετιστὴν,
2718 2739 3022 2811 μηνυτὴν,
3059 2741 3458 2810 ἐρμηνευτὴν,
3492 2743 3743 2811 ἠναγκα-

492 2831 591 2885 Dci
624 2831 889 2892 notitiam,
924 2828 1104 2882 vellem
1138 2826 1349 2886 nollem,
1387 2824 1580 2892 majori
1633 2824 1863 2894 quadam
1897 2838 2070 2877 neces-

2178 2832 2426 2901 σμένον,
2455 2830 2728 2895 θέλοντα,
2764 2831 2865 2886 καὶ
2885 2830 2971 2902 μὴ
2996 2831 3271 2895 θέλοντα,
3287 2831 3511 2900 μαθεῖν
3535 2832 3744 2902 γνῶσιν

492 2924 649 2975 sitate
671 2920 1029 2989 .conqmlsum.
1083 2916 1181 2971 llic
1216 2932 1314 2972 nos
1355 2916 1545 2986 igitur,
1576 2913 1914 2978 charissimi,
1949 2913 2071 2967 vitae

2176 2925 2347 2980 Θεοῦ.
2384 2926 2753 2996 Σκοπήσωμεν
2774 2920 2866 2978 οὖν
2896 2924 2993 2994 τῆς
3026 2924 3181 2995 ἡμῶν
3207 2923 3353 2994 ζωῆς
3379 2924 3484 2996 τὴν
3522 2924 3741 2995 εὐσταθῆ

494 3025 695 3068 nostra:
750 3012 985 3067 solidum
1015 3018 1068 3065 et
1114 3009 1309 3065 stabile
1360 3010 1780 3070 firmamentum,
1822 3019 1886 3058 ac
1924 3005 2071 3059 viam

2176 3012 2349 3083 βάσιν,
2381 3013 2475 3067 καλ⁹
2496 3012 2595 3085 τὴν
2635 3013 2754 3069 ὁδὸν
2789 3013 2883 3067 τοῦ
2914 3015 3118 3083 φωτὸς,
3147 3008 3202 3067 ὦ
3224 3014 3525 3085 ἀγαπητοὶ,
3555 3016 3647 3068 καὶ
3678 3017 3741 3086 μὴ

493 3104 636 3159 lueis
669 3102 1100 3167 consideremus,
1149 3116 1324 3170 neque
1354 3100 1690 3154 contrarium
1742 3096 2071 3163 insistentis,

2176 3103 2465 3174 σφαλῶμεν
2512 3103 2601 3158 διὰ
2646 3104 2755 3158 τῶν
2774 3104 2949 3172 λόγων
2985 3104 3094 3159 τῶν
3127 3103 3221 3159 τοῦ
3265 3103 3333 3158 δι’
3365 3105 3635 3169 ἐναντίας,
3662 3108 3742 3159 καὶ

497 3196 598 3249 hoc
630 3204 715 3249 est
742 3194 1031 3264 peregrino
1062 3194 1258 3263 spiritu
1293 3192 1508 3261 agitata:
1551 3189 1778 3260 pecudis
1805 3186 2072 3258 ejusmodi

502 3286 722 3341 vocibus
759 3286 812 3337 in
849 3299 1089 3338 errorem
1120 3283 1482 3337 abducantur.
1517 3279 1658 3344 Quid
1690 3279 1835 3346 enim
1861 3274 1960 3331 ille
1990 3276 2072 3331 di-

495 3383 585 3431 cat
619 3374 1011 3428 animadverte.
1049 3371 1168 3426 Non
1198 3388 1297 3426 sua
1329 3377 1523 3440 sponte
1564 3384 1643 3435 se,
1693 3368 1789 3423 sed
1820 3377 2073 3441 coactum

496 3467 549 3520 id
562 3466 875 3534 suscepisse
892 3463 1152 3517 declarat.
1178 3463 1340 3531 Atqui
1365 3461 1625 3515 Dominus
1644 3467 1830 3513 noster
1850 3459 1906 3512 in
1929 3459 2075 3514 hunc

502 3557 685 3609 urbem
713 3553 857 3607 haud
877 3552 1081 3606 invitus
1111 3550 1414 3614 descendit,
1443 3564 1541 3603 nec
1559 3547 1769 3603 aPatre
1792 3544 1900 3600 ulla
1918 3546 2076 3601 adhi-

438 3626 441 3629 I
499 3647 612 3700 trita
671 3642 1000 3699 necessitate
1039 3641 1240 3696 missus
1273 3650 1375 3696 est.
1430 3638 1535 3694 Sed
1568 3655 1694 3694 cum
1726 3652 2071 3694 communem

493 3753 621 3793 cum
647 3737 804 3790 Patre
840 3734 1138 3789 voluntatis
1178 3749 1360 3799 usum,
1391 3739 1445 3787 et
1478 3746 1603 3787 cum
1637 3731 1845 3801 Spiritu
1880 3739 2073 3786 sancto

496 3826 760 3898 largiendi
786 3841 982 3881 munus
1005 3825 1223 3888 haheat,
1255 3839 1363 3878 una
1390 3832 1443 3879 et
1467 3831 1528 3877 ut
1553 3824 1682 3878 velit
1710 3821 2076 3901 eicumPatre

493 3918 773 3980 convenit,
809 3924 864 3972 et
898 3924 958 3971 ut
996 3917 1135 3970 citra
1171 3915 1550 3970 necessitatem
1604 3916 1792 3981 ullam,
1829 3929 1931 3984 pro
1974 3929 2075 3970 sua

495 4005 760 4061 duntaxat
792 4003 1100 4059 incredibili
1149 4003 1484 4073 benignitate
1529 4002 1855 4058 beneﬁcium
1886 4003 1990 4058 hoc
2018 4003 2074 4057 in

498 4099 788 4153 universos
838 4095 1107 4151 conferat.
1152 4093 1245 4148 Sic
1283 4109 1424 4164 quos
1460 4094 1696 4159 vocavit,
1738 4094 2075 4150 voluntarios

2171 3194 2266 3248 τοῦ
2299 3194 2644 3265 βοσκήματος
2681 3194 2774 3249 τοῦ
2801 3195 3082 3267 ἀλλοτρίου
3117 3194 3448 3267 πνεύματος.
3484 3197 3628 3269 Ὅρα
3649 3198 3743 3268 γὰρ

2174 3286 2410 3341 ἐνταῦθα
2439 3287 2530 3341 τὸν
2555 3286 2731 3351 οὕτως
2768 3286 3096 3357 λαλήσαντα,
3123 3287 3545 3358 ἠναγκασμένον
3567 3290 3743 3344 ἐαυτὸν

2175 3376 2551 3448 ἀποφήναντα,
2574 3377 2673 3448 οὐχ
2701 3378 2923 3449 ἑκουσίᾳ
2947 3376 3164 3450 γνώμῃ.
3203 3379 3261 3431 '0
3286 3378 3344 3431 δέ
3373 3380 3582 3451 Kupm;
3602 3379 3741 3451 ἡμῶν

2170 3468 2273 3521 οὐκ
2296 3468 2443 3522 ἄκων
2462 3465 2624 3540 ἦλθεν
2662 3470 2742 3532 εἰς
2772 3469 2862 3521 τὸν
2909 3471 3132 3539 κόσμον,
3164 3468 3285 3521 οὐδὲ
3328 3469 3469 3539 μετά
3513 3472 3740 3538 ἀνάγκης

2175 3559 2284 3614 ἀπὸ
2304 3560 2518 3631 Πατρὸς
2545 3559 2822 3631 ἀπεστάλη
2844 3576 2858 3591 ο
2896 3559 3033 3614 ἀλλὰ
3054 3560 3168 3631 ἄμα
3196 3560 3295 3613 σὺν
3316 3561 3498 3632 Πατρί
3527 3562 3662 3632 ἔχων
3690 3561 3742 3613 τὸ

2175 3647 2372 3712 θέλειν,
2423 3649 2517 3702 καὶ
2575 3650 2673 3703 σὺν
2724 3649 2869 3719 ἁγίῳ
2915 3648 3194 3720 Πνεύματι
3237 3649 3301 3702 τὸ
3341 3650 3630 3721 παρέχειν,
3663 3650 3742 3703 καὶ

2164 3739 2435 3804 ιώσαύτως
2466 3739 2583 3811 ἅμα
2630 3741 2732 3794 σὺν
2762 3740 2840 3811 τῷ
2883 3741 3059 3811 Πατρὶ
3092 3740 3154 3793 τὸ
3174 3740 3355 3798 θέλειν
3395 3742 3538 3812 ἔχει,
3571 3742 3665 3796 καὶ
3692 3742 3742 3793 τὸ

2165 3831 2294 3900 οὐχὶ
2339 3832 2475 3901 μετά
2508 3831 2753 3900 ἀνάγκης
2799 3830 3003 3900 ταύτην
3054 3832 3158 3903 τὴν
3182 3832 3342 3903 χάριν
3368 3835 3509 3887 πᾶσι
3538 3834 3740 3895 διδόναι,

2177 3920 2319 3975 ἀλλά
2340 3921 2407 3974 δι’
2445 3920 2749 3991 ὑπερϐολὴν
2783 3920 3209 3991 φιλανθρωπίας.
3238 3923 3349 3976 Καὶ
3380 3922 3528 3977 οὕτω
3549 3925 3644 3977 καὶ
3663 3923 3741 3984 οὓς

2177 4012 2424 4075 ἐκάλεσε,
2470 4011 2607 4083 μετά
2644 4010 3013 4083 προαιρέσεως
3054 4012 3344 4083 κέκληκεν,
3376 4014 3480 4067 ούκ
3512 4016 3742 4084 ἀνάγκην

2175 4103 2501 4167 ἐπιϐάλλων,
2528 4103 2589 4157 οὐ
2621 4103 2800 4157 κλοιὸν
2846 4103 3239 4176 ἐπιτιθέμενος.
3273 4105 3484 4159 Φάσκει
3511 4106 3641 4177 γὰρ.
3671 4107 3744 4159 ὅτι

496 4191 687 4257 utique
716 4188 947 4251 vocavit,
1001 4202 1113 4242 non
1164 4193 1223 4239 ut
1262 4185 1427 4239 ullam
1477 4185 1586 4238 vim
1638 4184 1942 4250 adhiberet,
1976 4191 2070 4239 aut

2173 4192 2486 4262 Διψῶντες,
2506 4192 2708 4248 ἔλθετε
2736 4193 2885 4262 πρὸς
2903 4193 3010 4264 μέῐ·
3046 4195 3135 4251 καὶ
3170 4193 3361 4249 πάλιν
3386 4194 3463 4248 Εἴ
3485 4212 3576 4260 τις
3598 4194 3745 4248 θέλει

497 4281 640 4333 collo
665 4278 944 4332 vinculum
974 4278 1293 4331 innecteret.
1320 4274 1396 4328 Ita
1421 4275 1567 4330 enim
1585 4275 1852 4346 loquitur:
1870 4273 2068 4329 Omnes

498 4370 754 4434 sitientes,
788 4369 951 4421 venite
985 4367 1053 4421 ad
1087 4383 1167 4421 me
1210 4367 1252 4421 ³.
1296 4366 1467 4422 item:
1504 4366 1563 4423 Si
1602 4368 1720 4438 quis
1752 4366 1861 4420 vult
1899 4368 2071 4421 venire

501 4462 571 4515 ad
596 4458 705 4521 me,
737 4452 952 4526 abneget
978 4459 1329 4527 semetipsum,
1363 4471 1412 4512 et
1442 4467 1690 4528 sequatur
1713 4475 1794 4513 me
1826 4458 1867 4514 ⁸.
1901 4457 2071 4525 Quin-

498 4553 663 4608 etiam
694 4564 791 4619 per
817 4548 1012 4604 Isaiam
1039 4549 1115 4603 ita
1149 4550 1284 4604 dixit
1318 4569 1330 4604 :
1371 4547 1431 4604 Si
1471 4550 1740 4605 volueritis
1766 4560 1816 4605 et
1838 4552 2072 4607 audieri-

501 4644 567 4695 tis
601 4657 681 4695 me
716 4641 761 4694 ⁸.
798 4644 876 4694 Ac
909 4640 1187 4710 deinceps,
1214 4635 1274 4694 u't
1315 4640 1567 4710 quisnam
1599 4640 1914 4709 loqueretur
1955 4658 2074 4712 pro-

498 4728 660 4797 pheta
694 4729 999 4784 declararet
1033 4748 1054 4783 :
1084 4722 1155 4784 0s
1178 4730 1339 4791 enim,
1379 4730 1573 4799 inquit,
1598 4728 1812 4784 Domini
1841 4730 2071 4787 locutum

494 4831 575 4876 est
620 4823 728 4876 ista
780 4821 823 4878 ⁸.
868 4821 1059 4876 Jamne
1103 4821 1256 4879 vides
1293 4823 1426 4879 istos
1456 4837 1580 4878 cum
1626 4823 1801 4879 sacris
1846 4822 2069 4880 Litteris

468 4915 647 4969 'nulla
679 4930 744 4969 ex
782 4922 938 4984 parte
975 4914 1289 4981 convenire,
1320 4913 1433 4969 "sed
1466 4912 1844 4967 abhorrentem
1879 4929 1908 4968 a
1936 4930 2078 4971 con—

497 5013 763 5061 sentanea
802 5004 1002 5060 divinae
1026 5003 1147 5059 ﬁdei
1178 5003 1427 5058 doctrina
1451 5003 1780 5058 sententiam
1801 5019 2072 5061 errorem-

497 5113 603 5167 que
641 5096 974 5154 del‘endere?
1014 5090 1229 5152 Etenim
1268 5095 1561 5151 Maximilla
1599 5097 1844 5163 volentes
1885 5098 2071 5153 nolen-

500 5196 583 5241 tes
621 5203 812 5260 cogere
853 5204 913 5243 se
950 5189 1189 5254 dicebat,
1235 5196 1292 5242 ut
1322 5187 1405 5241 vel
1442 5187 1542 5241 hoc
1574 5188 1693 5258 ipso
1733 5188 1877 5243 dicto
1916 5205 2069 5245 men-

505 5274 715 5333 dacium
761 5279 881 5348 ejus
929 5281 1101 5350 possit
1143 5279 1389 5350 agnosci.
1448 5278 1580 5334 Nam
1640 5296 1739 5336 nec
1802 5283 2066 5347 volentes,

2174 4284 2456 4354 ἔρχεσθαι
2491 4283 2642 4353 πρὸς
2656 4283 2754 4353 μὲ,
2799 4284 3164 4354 ἀρνησάσθω
3209 4284 3451 4353 ἑαυτὸν,
3492 4287 3592 4340 καί
3615 4287 3735 4341 ἀκος

2175 4376 2460 4431 λουθειτω
2470 4377 2705 4444 μοι.Καὶ
2717 4377 2803 4431 διὰ
2817 4378 3035 4431 Ἡσαΐου
3050 4377 3207 4431 τοῦτο
3222 4378 3354 4431 αύτδ
3366 4379 3743 4451 φθεγγόμενος.

2176 4465 2392 4535 ἔλεγεν·
2430 4463 2573 4520 Ἐὰν
2617 4468 2850 4535 θέλητε,
2884 4467 2983 4520 καί
3015 4468 3426 4536 είσακούσητέ
3457 4488 3605 4539 μου.
3651 4470 3745 4523 Καὶ

2181 4556 2425 4629 ὕστερον,
2453 4558 2540 4612 ἵνα
2559 4558 2707 4632 δείξῃ
2730 4561 2760 4613 6
2791 4560 3093 4631 προφήτης,
3113 4562 3194 4614 ὅτι
3216 4561 3303 4623 τίς
3330 4564 3486 4615 ἐστιν
3511 4564 3541 4615 6
3564 4564 3743 4630 λέγων,

2177 4647 2280 4719 ἔφη
2302 4663 2314 4679 '
2361 4649 2430 4703 Τὸ
2468 4647 2583 4718 γὰρ
2627 4650 2821 4719 στόμα
2851 4652 3072 4718 Κυρίου
3097 4650 3372 4719 ἐλάλησεν
3404 4654 3614 4708 ταῦτα.
3649 4651 3746 4705 Καὶ

2176 4739 2309 4809 δρᾷς
2335 4739 2477 4794 κατά
2521 4741 2696 4794 πάντα
2735 4741 2937 4812 τρόπον
2960 4742 3059 4813 τὴν
3095 4742 3229 4813 πρὸς
3254 4742 3317 4795 τὸ
3347 4742 3495 4797 θεῖον
3528 4744 3766 4815 γράμμ’

2173 4829 2377 4883 τούτων
2433 4830 2750 4900 διαφωνίαν,
2794 4833 2886 4886 καὶ
2919 4832 3019 4905 τὴν
3052 4832 3271 4889 ἀλλοίαν
3306 4835 3571 4889 ὑπόνοιαν
3592 4832 3747 4890 τεκαὶ

2175 4920 2442 4998 ὑπόληψιν
2473 4922 2623 4995 παρὰ
2647 4923 2746 4994 τὴν
2778 4923 2873 4977 τοῦ
2905 4923 3038 4977 Θεοῦ
3065 4924 3248 4979 πίστιν
3275 4927 3373 4980 καὶ
3404 4924 3743 4983 ἀκολουθίανς

2175 5011 2288 5065 Καὶ
2318 5010 2427 5083 γὰρ
2456 5014 2551 5067 καὶ
2581 5013 2891 5084 Μαξιμίλλα
2914 5016 3041 5079 τοὺς
3073 5015 3326 5080 θέλοντας
3351 5018 3451 5072 καὶ
3482 5019 3558 5089 μὴ
3580 5015 3748 5070 θέλον⁵

2174 5117 2273 5164 τας
2307 5101 2493 5172 ἔλεγεν
2545 5104 2875 5172 ἀναγκάζειν
2897 5123 2911 5136 ·
2947 5105 3023 5168 ὡς
3050 5107 3145 5159 καὶ
3167 5105 3229 5171 ἐξ
3268 5107 3438 5161 αὐτοῦ
3466 5106 3563 5161 τοῦ
3593 5098 3745 5178 ῥητοῦ

2173 5190 2432 5261 ψεύσεται
2462 5196 2496 5266 ἡ
2533 5195 2777 5267 τοιαύτη.
2811 5195 2949 5250 Οὔτε
2970 5196 3081 5270 γὰρ
3099 5196 3355 5263 θέλοντας
3382 5198 3588 5263 ἐδίδαξε
3613 5192 3746 5264 Ταῖ’-

2175 5302 2257 5339 σιν
2286 5285 2441 5353 Θεοῦ,
2468 5290 2533 5358 ἣν
2561 5289 2661 5342 οὐκ
2678 5288 2811 5360 ᾔδει,
2840 5288 2960 5343 οὐδὲ
2986 5292 3116 5355 τοὺς
3139 5292 3216 5363 μὴ
3244 5291 3500 5356 θέλοντας
3518 5293 3747 5363 ἠνέγκω

572 5390 593 5424 ⁸
629 5389 650 5445 Ι
683 5390 809 5447 Cor.
841 5407 941 5459 xu,
971 5392 1057 5446 il.
1132 5395 1154 5426 ³
1181 5390 1337 5447 Joan.
1366 5393 1542 5459 x,.36;
1565 5412 1618 5462 ν,
1644 5396 1734 5450 23.
1812 5396 1831 5428 ³
1866 5398 1970 5453 lsa.
2007 5413 2071 5451 LV

2173 5438 2186 5453 .
2263 5390 2287 5431 ‘
2313 5400 2499 5461 Matth.
2534 5418 2643 5470 1m,
2682 5404 2770 5460 24.
2849 5407 2870 5439 ⁸
2896 5404 3008 5463 lsa.
3038 5422 3074 5471 ι,
3104 5404 3191 5462 l9.
3267 5409 3289 5442 ⁸
3318 5404 3422 5462 lsa.
3453 5422 3606 5472 ιτιιι,
3637 5402 3723 5459 ιι.

562 5506 676 5579 ’(5⁸)
714 5504 876 5563 Forte
900 5504 1190 5578 legendum
1217 5507 1284 5561 ἂν
1318 5508 1513 5576 ἐλάλει,
1551 5511 1632 5566 vel
1665 5510 1835 5567 λαλεῖ.
1869 5509 2028 5568 Eutr.

2173 5530 2288 5572 reor.
2300 5558 2312 5573 .
2650 5524 2653 5529 ‘
3617 5498 3623 5503 ’
