3866 6068
248 218 354 274 οη

863 211 1232 270 ADVERSUS
1270 208 1615 266 HERESES
1654 208 1784 263 LIB.
1828 209 1838 259 l

1945 207 2103 265 TOM.
2142 207 2161 261 l
2202 240 2272 250 -
2311 208 2590 265 HERES.
2631 209 2861 265 XLVIII.

3393 216 3498 269 επ

245 343 362 384 σεν.
414 326 620 381 Αὐτίκα
665 327 726 381 οὗ
782 329 983 391 πάντες
1020 330 1071 382 οί
1120 329 1178 381 ἐν
1204 326 1283 395 τῷ
1318 327 1507 396 κόσμῳ
1532 324 1726 385 οἴδασι,
1774 322 1825 375 τί

1945 320 2050 389 Dei,
2082 338 2245 392 quam
2271 337 2383 379 non
2428 323 2680 386 habebat,
2716 321 3081 393 cognitionem
3112 322 3366 386 edocuit;
3406 341 3501 381 ne-

247 420 396 472 ἐστιν
434 417 605 488 ὄνομα
665 418 1036 489 Μαξιμίλλης,
1067 418 1187 471 οὐδὲ
1214 418 1322 471 τῶν
1345 418 1527 488 ἀὐτῆς
1571 416 1742 484 λόγων
1763 414 1825 467 τὸ

249 507 646 579 παράφθεγμα.
710 510 823 562 Καὶ
873 508 1016 561 κατὰ
1049 507 1226 561 πάντα
1276 509 1480 579 τρόπον
1517 506 1762 560 διέπεσεν
1791 506 1826 575 ἡ

245 600 454 654 τούτων
488 600 880 671 πεπλανημένη
908 600 1139 667 ἐπίνοια,
1156 601 1256 654 οὐκ
1284 596 1422 653 οὖσα
1453 603 1552 671 τῆς
1580 597 1675 654 τοῦ
1690 597 1825 652 Θεοῦ

247 690 528 764 ἀληθείας.

320 867 421 920 1Δ’.
452 865 665 936 Τιμῶσι
698 866 756 920 δὲ
812 867 862 919 οἱ
904 865 1133 921 τοιοῦτοι
1166 868 1259 922 καὶ
1283 866 1446 922 τόπυν
1473 867 1593 923 τινὰ
1625 866 1827 938 ἔρημον

249 963 310 1014 ἐν
337 963 401 1031 τῇ
423 960 655 1032 Φρυγίᾳ,
691 960 976 1024 Πέπουζάν
1002 979 1132 1016 ποτε
1167 963 1508 1034 καλουμένην
1531 963 1704 1028 πόλιν,
1734 963 1829 1017 νῦν

248 1052 309 1105 δὲ
354 1051 747 1122 ὴδαφισμένην.
784 1053 894 1107 Καί
923 1070 1089 1122 φασιν
1116 1056 1292 1108 ἐκεῖσε
1331 1055 1573 1110 κατιέναι
1600 1054 1697 1125 τὴν
1717 1055 1830 1110 ἄνω

257 1143 568 1215 Ἰερουσαλή
579 1161 636 1214 μ.
669 1143 835 1198 ’Ὅθεν
867 1145 1231 1216 ἀπερχόμενοι
1260 1148 1534 1219 μυστήριά
1560 1164 1681 1202 τινα
1710 1151 1829 1202 ἐπι-

248 1232 495 1287 τελοῦσιν
527 1235 586 1287 ὲν
606 1233 686 1304 τῷ
705 1234 877 1305 τόπῳ,
919 1237 1017 1288 καὶ
1042 1236 1384 1303 ἁγιάζουσιν,
1404 1236 1479 1300 ὠς
1508 1237 1829 1308 61:01:1qu—

224 1316 450 1381 Ἠνουσιν.
495 1325 653 1378 Ἔστι
691 1325 799 1397 γὰρ
832 1325 927 1379 καὶ
977 1325 1039 1380 τὸ
1069 1328 1226 1401 γένος
1265 1330 1325 1381 ἐν
1359 1329 1424 1399 τῇ
1461 1328 1830 1400 Καππαδοκίᾳ

250 1417 348 1470 καὶ
390 1416 645 1487 Γαλατίᾳ,
691 1417 785 1472 καὶ⁹
832 1418 889 1473 ἐν
917 1420 982 1489 τῇ
1031 1419 1406 1492 προειρημένῃ
1445 1420 1831 1492 Φρυγίᾳσὸθεν

255 1506 409 1562 κατὰ
428 1508 662 1577 Φρύγας
682 1509 716 1578 ἡ
737 1507 948 1578 αἵρεσις
962 1508 1224 1563 καλεῖται·
1241 1508 1379 1565 ἀλλὰ
1405 1510 1499 1564 καὶ
1520 1514 1577 1563 ὲν
1592 1510 1829 1582 Κιλικίᾳ,

252 1598 353 1652 καὶ
382 1600 441 1651 ἐν
478 1599 1043 1659 Κωνσταντινουπόλει
1063 1599 1124 1653 τὸ
1149 1599 1417 1656 πλεῖστον.
1562 1616 1569 1629 ‘

325 1863 441 1918 Ἵνα
476 1863 533 1916 δὲ
590 1863 753 1935 μηδὲν
787 1862 1201 1933 καταλείψωμεν
1236 1862 1312 1934 (4)
1351 1863 1459 1917 τῶν
1495 1864 1630 1935 πρὸς
1662 1864 1830 1934 ὄνομα

248 1956 491 2025 ἑκάστης
550 1955 817 2027 αἱρέσεως
864 1955 954 2023 ὑφ’
1003 1954 1162 2025 ήμῶν
1197 1953 1708 2025 προδεδηλωμένης,
1738 1955 1831 2007 καὶ

254 2049 382 2122 περὶ
410 2046 503 2101 τοῦ
561 2046 1039 2119 Τασκώρουγιτῶν
1072 2046 1334 2117 ὀνόματος
1377 2042 1531 2109 αὖθις
1579 2046 1830 2118 ἐροῦμεν.

259 2140 415 2193 Ἔστι
458 2138 567 2211 γὰρ
595 2139 654 2193 τὸ
678 2138 848 2210 ὄνομα
873 2138 1034 2193 τοῦτο
1072 2138 1103 2208 ἢ
1144 2139 1202 2191 ἐν
1230 2137 1368 2209 αὐτῇ
1397 2137 1591 2210 ταύτῃ,
1624 2138 1657 2208 ἣ
1687 2141 1744 2192 ἐν
1765 2140 1832 2208 τῇ

253 2229 398 2301 μετὰ
415 2230 620 2302 ταύτην
652 2229 761 2284 τῶν
790 2228 1208 2284 Κυϊντιλλιανῶν
1230 2229 1536 2302 καλουμένῃ
1554 2246 1567 2259 ·
1609 2229 1703 2282 ἀπ’
1741 2229 1836 2282 αύ-

254 2323 363 2376 τῶν
398 2322 507 2394 γὰρ
541 2322 744 2375 τούτων
777 2323 1014 2393 ὁρμᾶται
1054 2321 1149 2374 καὶ
1188 2319 1345 2374 τοῦτο
1379 2320 1440 2373 τὸ
1492 2320 1682 2391 ὄνομα.
1729 2320 1836 2373 Κα-

255 2414 473 2471 λοῦνται
531 2415 588 2468 δὲ
664 2414 753 2467 διὰ
815 2412 1072 2482 τοιαύτην
1126 2412 1306 2466 αἰτίαν
1352 2410 1835 2484 Τασκοδρουγῖται.

259 2509 474 2570 Τασκδς
503 2507 632 2579 παρ’
673 2506 856 2570 αὐτοῖς
891 2504 1167 2567 πασσαλος
1202 2503 1278 2573 (5)
1308 2503 1591 2557 καλεῖται’
1624 2501 1837 2572 δροῦτ-

259 2618 368 2670 τος
393 2599 450 2652 δὲ
486 2597 720 2669 μυκτὴρ,
756 2598 930 2650 είτουν
954 2595 1152 2666 ῥύγχος
1177 2593 1415 2648 καλεῖται
1436 2609 1451 2624 ⁸
1489 2594 1583 2647 καὶ
1608 2591 1714 2646 ἀπὸ
1744 2591 1837 2646 τοῦ

258 2674 463 2745 etot-sva;
518 2690 726 2744 ἑαυτῶν
767 2689 858 2743 τὸν
885 2686 1143 2742 δάκτυλον
1175 2685 1268 2738 τδν
1306 2684 1596 2755 λεγόμενον
1625 2683 1840 2754 λιχανὸν

259 2783 355 2836 ἐπὶ
390 2783 479 2837 τόν
525 2782 781 2853 μυκτῆρα
812 2782 870 2834 ἐν
904 2777 983 2849 τῷ
1025 2776 1300 2849 εΰχεσθαι,
1347 2775 1509 2847 δῆθεν
1539 2774 1840 2845 κατηφείας

262 2874 443 2946 χάριν,
464 2875 558 2927 καὶ
578 2869 1093 2945 ἐθελοδικαιοσύνης,
1121 2868 1427 2939 ἐκλήθησαν
1445 2866 1547 2920 ὑπό
1561 2883 1719 2919 τινων
1734 2866 1842 2918 Τα-

258 2967 659 3038 σκοδρουγϊται,
674 2964 920 3018 τουτέστι
952 2960 1542 3029 Πασσαλορυγχῒται.
1564 2958 1652 3009 Ἐν
1669 2956 1842 3027 ταύτῃ

184 3086 193 3101 ι
255 3053 317 3107 δὲ
349 3055 414 3123 τῇ
445 3050 731 3123 αίρέσει,ἢ
764 3052 907 3121 ἐντῇ
933 3049 1151 3119 συζύγῳ
1178 3047 1381 3118 ταύτης
1412 3047 1510 3116 τῆς
1534 3044 1642 3099 τῶν
1672 3046 1840 3099 Κυϊν-

258 3144 569 3211 τιλλιανῶν,
609 3145 784 3198 εῐτουν
825 3139 1276 3215 Πρισκιλλιανῶν,
1316 3139 1410 3192 καὶ¹
1457 3135 1839 3200 Πεπουζιανῶν

257 3236 595 3308 καλουμένῃ,
642 3233 811 3288 δεινόν
839 3250 892 3286 τι
924 3232 1018 3286 καὶ
1058 3229 1321 3300 ,ἀθέμιτον
1353 3227 1512 3298 ἔργον
1544 3225 1679 3295 φασὶ
1697 3226 1843 3295 γίνε-

261 3328 410 3384 σθαι.
438 3327 613 3382 Παῖδα
636 3327 745 3397 γὰρ
784 3323 979 3396 κομιδῇ
1006 3324 1198 3395 νήπιον
1229 3320 1370 3377 κατὰ
1400 3320 1593 3391 ἑορτήν
1620 3334 1741 3372 τινα
1772 3317 1840 3371 δι’

259 3423 387 3478 ὅλου
419 3420 512 3475 τοῦ
540 3419 790 3491 σώματος
833 3413 1273 3477 κατακεντῶντες
1293 3411 1481 3484 ραφίσι
1508 3408 1755 3481 χαλκαῖς,
1780 3409 1843 3462 τὸ

263 3507 408 3584 αἷμα
439 3509 604 3565 αὐτοῦ
654 3505 1112 3580 προσπορίζονται
1140 3502 1352 3564 ἑαυτοῖς
1384 3500 1464 3561 εἰς
1498 3494 1843 3566 ἐπιτήδευσιν

260 3604 426 3673 δῆθεν
452 3602 664 3663 θυσίας.
887 3647 891 3650 ,

337 3690 438 3743 lE’.
485 3686 733 3758 Ἀρκέσει
756 3686 814 3739 δὲ
849 3685 982 3755 ἡμῖν
1023 3683 1060 3737 ἃ
1105 3681 1200 3737 καὶ
1228 3680 1358 3752 περὶ
1387 3680 1588 3753 ταύτης
1611 3682 1843 3753 εἰρήκα-

267 3798 394 3853 μεν,
437 3773 482 3833 ὧ
528 3776 869 3847 ἐπιπόθητοι.
911 3770 1387 3844 Ἐπηγγειλάμεθα
1431 3771 1538 3844 γὰρ
1573 3772 1680 3826 ἀπὸ
1711 3771 1845 3826 ἐκά-

265 3888 398 3941 στης
426 3869 527 3938 τῆς
547 3870 563 3900 ¹
597 3868 693 3940 μὲν
714 3866 979 3938 αἱρέσεως
998 3864 1072 3936 μὴ
1098 3863 1381 3933 φθονῆσαι,
1407 3863 1544 3921 ἀλλὰ
1572 3864 1844 3934 ὑποφῆναι

265 3965 320 4017 εί
351 3977 413 4017 τε
465 3961 533 4015 δι’
588 3960 775 4031 ἀκοῆς,
818 3958 855 4012 ἆ
897 3975 954 4010 τε
985 3956 1089 4011 ὑπὸ
1119 3955 1430 4027 ἐγγράφων,
1473 3955 1567 4009 καὶ
1595 3955 1631 4010 ἆ
1655 3972 1711 4009 τε
1741 3955 1847 4009 ὑπό

165 4051 182 4063 ⁸
263 4071 425 4109 τινων
457 4050 673 4123 ἀληθῶς
696 4049 1125 4120 πιστωσαμένων
1159 4047 1255 4117 τὴν
1279 4045 1436 4117 ἡμῶν
1469 4045 1677 4100 ἔννοιαν
1708 4063 1845 4101 κατ-

263 4141 568 4213 ειλὴφαμεν
588 4156 603 4172 ο
638 4141 747 4202 ἵνα,
783 4138 949 4210 μηδέν
995 4155 1050 4191 τι
1083 4136 1335 4208 περιττὸν
1364 4128 1438 4191 ὧν
1469 4134 1570 4205 (τε)
1600 4135 1845 4206 ἔγνωμεν

264 4233 648 4311 ποιησαμενοι,
680 4231 784 4285 ὑπὸ
819 4230 1123 4301 συνείδησιν
1152 4227 1394 4299 δόξωμεν
1424 4223 1583 4292 εἶναι,
1620 4227 1694 4299 μὴ
1711 4227 1846 4298 ὀρθὰ

264 4329 363 4382 καὶ
418 4326 574 4385 αὐτοὶ
628 4324 1047 4397 ἐφευρίσκοντες
1099 4321 1240 4376 κατὰ
1287 4319 1588 4394 ἀνθρώπων
1630 4319 1807 4387 λέγειν
1826 4363 1840 4388 ,

1931 430 2038 485 que
2075 416 2183 469 vim
2232 404 2547 472 nolentibus
2578 417 2778 472 attulit.
2819 415 2938 472 Non
2985 414 3131 472 enim
3169 431 3362 474 omnes
3406 420 3503 489 qui

1929 513 2045 560 toto
2084 506 2218 561 orbe
2248 514 2398 568 sunt,
2440 505 2747 561 Maximillae
2786 521 2984 561 nomen
3010 507 3212 571 sciunt,
3255 513 3351 561 aut
3383 507 3503 576 ejus

1930 595 2068 652 falsa
2101 597 2355 667 dogmata
2381 605 2434 652 et
2461 612 2742 654 sermones
2785 598 3095 653 audierunt.
3145 596 3237 653 Sic
3274 600 3502 653 omnino

1912 687 2162 742 .conﬁcta
2220 687 2438 743 illorum
2484 689 2695 743 somnia
2758 704 3020 761 nugaeque
3082 689 3398 757 concidunt,
3442 699 3504 745 ut

1928 794 2049 849 quae
2078 780 2215 834 nihil
2258 780 2500 835 habeant
2538 796 2661 835 cum
2691 774 2873 835 divina
2915 782 3144 836 veritate
3186 797 3497 841 commune.

1996 869 2162 942 416
2174 870 2315 925 XIV.
2340 871 2609 927 Caeterum
2631 872 2790 927 iidem
2818 873 2895 928 illi
2917 873 3190 931 desertum
3209 876 3499 945 quemdam

1932 962 1987 1017 in
2016 961 2249 1033 Phrygia
2274 964 2452 1021 locum
2483 964 2754 1034 praecipue
2770 974 3120 1032 venerantur,
3148 967 3241 1021 ubi
3285 966 3501 1037 Pcpuza

1931 1054 2206 1123 quondam
2239 1056 2501 1126 oppidum
2534 1055 2658 1119 fuit,
2695 1056 2841 1125 quod
2884 1056 3046 1113 hodie
3075 1058 3193 1113 solo
3228 1069 3499 1128 aequatum

1931 1155 2034 1200 est.
2072 1146 2148 1200 Eo
2181 1147 2447 1217 siquidem
2482 1147 2810 1206 descendere
2840 1148 3121 1203 caelestem
3162 1148 3503 1205 Hierusalem

1930 1235 2219 1292 allirmant.
2283 1238 2425 1311 Ergo
2476 1240 2569 1294 illo
2626 1239 3068 1310 proﬁciscuntur,
3120 1255 3188 1295 ac
3246 1242 3505 1311 mysteria

1932 1314 2185 1398 quaedam
2237 1330 2465 1395 obeunt,
2524 1333 2808 1402 sacrisque
2867 1332 3207 1388 caeremoniis
3255 1348 3354 1402 pro
3405 1346 3504 1386 sua

1932 1419 2190 1489 opinione
2235 1421 2536 1476 celebrant.
2572 1422 2667 1477 Est
2695 1423 2838 1479 enim
2886 1423 3165 1479 hominum
3199 1423 3291 1477 illa
3338 1422 3505 1477 factio

1932 1527 2030 1580 per
2073 1509 2493 1582 Cappadociam,
2533 1511 2819 1578 Galatiam,
2870 1512 3293 1584 Phrygiamque,
3339 1531 3504 1585 quam

1933 1607 2059 1656 ante
2094 1601 2665 1668 commemoravimus,
2696 1602 2976 1673 dispersa;
3011 1604 3154 1659 unde
3203 1612 3257 1659 et
3306 1621 3497 1659 secum

1936 1691 2061 1744 dum
2100 1690 2342 1761 Phrygas
2383 1698 2532 1744 secta
2584 1691 2805 1747 dicitur.
2857 1691 2962 1746 Sed
3007 1704 3060 1748 et
3103 1693 3159 1746 in
3193 1693 3404 1758 Cilicia,
3451 1700 3509 1748 et

1863 1766 1904 1821 Β
1933 1778 2405 1847 Constantinopoli
2437 1770 2878 1848 frequentissima
2908 1780 3170 1833 cernitur.

2003 1867 2289 1924 Postremo
2329 1883 2400 1923 ne
2443 1869 2572 1939 quid
2595 1869 2866 1938 .omisisse
2910 1869 3217 1936 videamur,
3257 1872 3402 1940 quod
3440 1871 3510 1925 ad

1934 1960 2272 2031 singularum
2306 1950 2823 2029 comprehe‘nsarum
2863 1975 2891 2013 a
2918 1960 3078 2015 nobis
3108 1962 3386 2018 haereseon
3417 1979 3512 2033 ap-

1936 2053 2288 2123 pellationem
2337 2053 2612 2122 pertinet,
2672 2055 2740 2108 de
2794 2052 3319 2123 Tascodrugitarum
3377 2070 3512 2111 voce

1937 2141 2199 2195 nonnulla
2232 2141 2462 2195 dicenda
2488 2147 2637 2196 sunt.
2671 2139 2786 2195 lioe
2823 2142 2969 2196 enim
3001 2157 3199 2197 nomen
3226 2144 3310 2199 vel
3343 2160 3512 2214 penes

1938 2229 2075 2284 hanc
2110 2230 2308 2301 ipsam,
2350 2230 2432 2285 vel
2464 2246 2631 2300 penes
2660 2241 2980 2301 sequentem
3027 2223 3509 2299 Quintillianorum

1939 2322 2172 2376 htcrcsin
2235 2321 2457 2376 resedit.
2526 2321 2769 2377 Indidem
2825 2323 2971 2377 enim
3028 2324 3131 2378 hoc
3182 2323 3507 2378 vocabulum

1938 2413 2203 2483 originem
2252 2415 2481 2484 accepit.
2530 2412 2700 2485 Igitur
2732 2413 3144 2485 Tascodrugitaa
3178 2400 3512 2471 idcirco‘co-

1938 2501 2239 2571 gnominati
2267 2511 2417 2566 sunt,
2456 2503 2602 2570 quod
2635 2502 2837 2566 τασκός
2860 2504 3078 2558 illorum
3108 2504 3292 2574 lingua
3335 2507 3513 2574 paxil-

1943 2590 2363 2663 lumsigniﬁcat;
2386 2592 2651 2664 δροῦγκος
2678 2610 2804 2649 vero
2844 2611 3054 2661 nasum,
3106 2596 3221 2650 sive
3256 2607 3509 2671 rostrum.

1943 2680 2096 2748 Quod
2128 2684 2294 2754 igitur
2326 2685 2467 2740 inter
2498 2686 2763 2740 orandum
2796 2686 3031 2742 iudicem
3059 2701 3254 2741 manus
3284 2686 3512 2757 digitum

1942 2789 2079 2831 naso
2129 2776 2436 2845 imponunt,
2468 2784 2527 2830 ut
2577 2777 2743 2831 animi
2781 2778 3086 2843 tristitiam,
3118 2786 3172 2834 et
3206 2778 3513 2834 aﬁ'ectatain

1943 2866 2232 2934 quamdam
2274 2868 2622 2922 sanctitatem
2670 2882 2781 2937 prae
2825 2883 2884 2923 se
2933 2868 3132 2934 ferant,
3165 2885 3195 2923 a
3235 2872 3514 2925 nonnullis

1944 2955 2065 3011 ideo
2094 2956 2503 3029 Tascodrugitae
2533 2959 2910 3025 nominantur,
2947 2961 3106 3030 quasi
3139 2961 3517 3018 Paxillonaso-

1944 3064 2034 3102 nes
2067 3048 2291 3104 dixeris.
2335 3050 2441 3105 Sed
2484 3051 2540 3105 in
2585 3051 2687 3105 hac
2721 3050 2987 3116 Montani,
3039 3053 3123 3108 vel
3157 3055 3211 3108 in
3247 3055 3366 3125 ejus
3391 3070 3516 3126 ger-

1943 3155 2105 3194 mana
2141 3139 2646 3208 Quintillianorum,
2684 3151 2777 3196 aut
2825 3153 2973 3198 certe
3022 3144 3515 3208 Priscillianorum.

1941 3240 1997 3288 et
2041 3231 2473 3301 Pepuzianorum
2514 3232 2709 3289 haeresi
2763 3233 3097 3289 horrendum
3152 3237 3410 3307 quiddam
3451 3253 3516 3291 ac

1940 3320 2324 3376 detestandum
2358 3320 2473 3376 ﬁeri
2513 3321 2735 3376 dicitur.
2770 3320 2903 3376 Nam
2938 3323 3266 3379 infantulum
3300 3340 3397 3396 per
3424 3342 3518 3382 so-

1943 3411 2123 3467 lemne
2160 3412 2432 3482 quoddam
2470 3412 2669 3468 festum
2714 3414 2925 3469 acubus
2948 3417 3109 3471 aereis
3138 3424 3255 3471 toto
3288 3431 3517 3487 corpore

1943 3508 2272 3570 pungentes,
2299 3510 2585 3572 exceptum
2613 3501 2937 3573 sanguinem
2963 3505 3250 3563 sacriﬁciis
3273 3508 3390 3563 suis
3415 3508 3516 3561 ad-

1944 3590 2150 3646 bibent.

2016 3680 2132 3736 XV.
2185 3679 2290 3736 Sed
2344 3681 2408 3737 de
2464 3681 2569 3738 hac
2626 3683 2820 3741 haeresi
2875 3685 3009 3743 satis
3060 3686 3343 3745 hactenus.
3403 3687 3518 3743 Hoc

1942 3770 2091 3825 enim
2132 3769 2190 3824 in
2232 3784 2562 3841 unaquaque
2589 3773 2970 3843 suscepimus;
3006 3777 3144 3831 nihil
3197 3786 3258 3832 ut
3305 3787 3519 3848 prteter-

1902 3862 2306 3929 »mitteremus,
2349 3862 2443 3917 sed
2487 3854 2723 3933 ingenue
2770 3866 3325 3932 communicaremus,
3369 3872 3516 3938 quod

1944 3951 2027 4008 vel
2045 3952 2695 4027 auditionecompertum,
2718 3955 2803 4010 vel
2829 3955 3061 4011 aliorum
3093 3957 3313 4027 scriptis
3341 3959 3522 4027 prodi.-

1946 4050 2085 4106 tum,
2113 4042 2198 4096 vel
2239 4042 2651 4109 nonnullorum,
2695 4043 2791 4113 qui
2827 4043 2988 4099 ﬁdem
3019 4044 3180 4099 nobis
3232 4043 3514 4110 fecissent,

1948 4133 2332 4192 testiﬁcatione
2376 4135 2662 4206 cognitum
2711 4134 3041 4192 haberemus
3085 4153 3098 4188 :
3146 4150 3216 4191 ne
3260 4136 3310 4191 si
3360 4138 3518 4206 plura

1947 4242 2112 4299 quam
2160 4242 2281 4297 quae
2322 4208 2657 4297 accepimus,
2702 4226 2964 4281 mandare
3002 4226 3223 4296 scriptis
3266 4228 3517 4292 velimus,

1949 4316 2003 4370 in
2032 4333 2154 4375 eam
2205 4320 2574 4390 suspicionem
2623 4319 2820 4374 merito
2862 4316 3172 4384 veniamus,
3217 4334 3383 4388 prava
3418 4336 3521 4374 nos

265 4410 406 4476 ἀλλὰ
472 4414 869 4476 ὑποπίπτοντες
914 4412 1094 4476 πάθει,
1141 4403 1185 4477 ᾧ
1215 4411 1310 4464 καὶ
1355 4410 1508 4464 αὐτοὶ
1543 4409 1838 4475 une-necas),

1949 4409 2197 4478 quaedam
2244 4418 2300 4465 et
2346 4409 2585 4466 absurda
2637 4424 2704 4465 eo
2746 4408 3081 4465 conﬁnxisse
3127 4411 3329 4475 studio,
3362 4420 3422 4467 ut
3451 4415 3521 4468 ad

262 4507 526 4579 ἀλήθειαν
558 4503 632 4575 μὴ
652 4504 920 4572 λέγοντες,
951 4500 1088 4556 ἀλλὰ
1113 4500 1476 4572 κηρύσσοντες
1501 4500 1539 4557 ἃ
1575 4500 1648 4572 μὴ
1677 4501 1852 4572 ἐωρά-
1884 4512 1899 4530 '

267 4616 454 4661 κασιν,
484 4595 604 4659 οὐδὲ
633 4596 891 4666 ἥκουσαν,
908 4592 1029 4647 οὐδὲ
1056 4592 1208 4664 παρὰ
1236 4592 1336 4662 τῆς
1355 4591 1568 4663 ἀληθῶς
1595 4593 1849 4658 διδασκα.

269 4695 393 4758 λίας
442 4691 540 4747 τοῦ
576 4690 732 4757 ἁγίου
772 4686 1089 4758 Πνεύματος
1117 4685 1538 4759 παρειλήφασιν.
1582 4685 1848 4756 ’Λκριϐὦς

269 4788 329 4843 δὲ
362 4786 564 4845 πάντα.
581 4782 657 4844 ὡς
686 4780 841 4849 ἔφην,
865 4776 1263 4849 διεξερχόμενοι
1297 4775 1424 4847 περὶ
1447 4775 1682 4847 ἐκάστης
1699 4775 1848 4848 αἱρέ-

267 4893 429 4940 σεως,
486 4874 548 4927 τὸ
580 4874 679 4944 μὲν
719 4870 893 4925 δεινὸν
944 4866 1420 4930 ἀποκαλύπτοντες
1461 4867 1542 4930 είς
1567 4865 1847 4936 διόρθωσιν

265 4968 378 5023 τῶν
407 4961 979 5037 παρεντυγχανόντων,
1012 4959 1107 5013 καὶ
1140 4956 1228 5011 διὰ
1267 4957 1366 5028 τῆς
1392 4957 1709 5029 ,ἀνατροπῆς
1738 4958 1847 5013 τῶν

265 5060 379 5114 ἀπὸ
406 5056 563 5111 θείων
587 5055 782 5124 λόγων,
800 5054 895 5106 xui.
926 5050 985 5117 ἐξ
1016 5047 1191 5120 ὀρθῶν
1219 5047 1492 5117 λογισμῶν
1515 5047 1845 5119 ποιούμενοι,

268 5148 500 5214 ιατικδν,
549 5145 628 5209 ὡς
662 5146 857 5208 εἰπεῖν,
882 5141 1171 5213 φάρμακον
1204 5138 1347 5193 κατὰ
1369 5136 1582 5201 διττοὺς
1613 5138 1848 5209 τρόπους

340 5266 360 5298 ⁸
391 5262 509 5319 Del.
533 5261 656 5332 τῆς,
691 5267 746 5316 et
772 5272 894 5314 mox
925 5257 1031 5327 leg.
1054 5253 1152 5311 ἅτε
1177 5252 1245 5307 δι’
1272 5254 1395 5307 ἀκο.

302 5358 309 5365 ’
337 5374 422 5446 (ι)
460 5375 589 5428 ἰνα
622 5370 694 5427 δὲ
730 5367 926 5446 μηδὲν
956 5363 1458 5446 famulatu-cogar...
1470 5359 1844 5446 Theo‘doretus

273 5429 616 5502 Ascndrutas
635 5485 671 5513 ,_
701 5429 1240 5513 vial'Ascodrupitas',
1265 5429 1387 5513 sive
1416 5429 1843 5513 Tascodrupitas

272 5516 554 5597 EPP?“3‘.=
584 5502 677 5583 ‘1'“
704 5511 918 5597 "10'1""
947 5502 1838 5597 “.03'1‘3‘3.leilﬁﬁffiiﬂ‘iﬂﬂf:

272 5568 620 5642 i’h’il'astrius‘
650 5594 779 5646 vero
816 5568 1209 5644 Ascodrogilas
1230 5568 1246 5573 ”
1267 5587 1299 5628 a
1356 5568 1846 5639 Passalorynchitis

272 5654 534 5714 secernit.

1948 4501 2332 4557 haereticorum
2372 4494 2632 4556 invidiam
2662 4502 2731 4558 iis
2774 4502 3196 4565 aseriberemus,
3216 4502 3522 4573 eodemque

1951 4605 2061 4662 quo
2093 4592 2172 4647 illi
2203 4591 2435 4647 crimine
2468 4600 2773 4657 teneamur,
2808 4592 2902 4663 qui
2934 4592 3046 4647 veri
3081 4593 3216 4648 nihil
3248 4593 3519 4655 alterunt;

1951 4684 2045 4740 sed
2073 4698 2195 4754 qua
2220 4698 2500 4755 nunquam
2530 4692 2628 4739 aut
2655 4684 2951 4748 audierint,
2984 4692 3079 4738 aut
3120 4684 3381 4752 viderint,
3427 4695 3522 4740 aut

1927 4790 2207 4845 .germana
2240 4774 2504 4845 ,Spiritus
2557 4775 2736 4829 sancti
2768 4776 3062 4848 disciplina
3118 4774 3433 4840 didicerint,
3465 4777 3521 4833 in

1951 4867 2188 4923 medium
2233 4865 2708 4938 adducunt._Cum
2762 4866 2927 4936 igitur
2963 4875 3238 4935 accurate,
3284 4875 3345 4921 ut
3378 4867 3523 4921 dixi-

1951 4974 2094 5025 mus,
2128 4961 2311 5015 omnia
2342 4974 2462 5030 qute
2491 4957 2655 5030 417
2694 4957 2763 5011 ad
2804 4972 3245 5027 unamquamque
3271 4964 3523 5026 spectant

1952 5050 2186 5106 lueresin
2235 5049 2783 5121 comprehendamus,
2837 5048 2973 5103 adeo
3015 5057 3074 5103 ut
3117 5048 3264 5118 quod
3311 5049 3366 5103 in
3415 5050 3523 5105 illis

1951 5142 2244 5199 exitiosum
2281 5151 2386 5207 est,
2419 5157 2484 5197 ac
2513 5140 2854 5212 pestiferum,
2886 5140 2954 5196 ad
2981 5141 3244 5196 lectorum
3273 5141 3525 5196 emendao

2024 5356 2102 5431 (5)
2119 5356 3060 5437 Taa'xdcatap'a_t?tofg_xdo'p’a.10¢,
3075 5364 3241 5437 κ,τ.ἐ.
3265 5364 3523 5437 Drungus

1950 5428 2056 5487 voti
2088 5436 2173 5482 est
2202 5442 2233 5482 a
2264 5429 2663 5501 recentioribus
2686 5428 2891 5501 Grateis
2941 5433 3190 5501 perinde.
3222 5451 3285 5490 ac
3313 5428 3522 5491 Latinis

1949 5505 2236 5574 usurpata,
2280 5513 2442 5574 quam
2492 5513 2522 5551 a
2556 5495 2751 5574 graeca
2787 5495 2987 5574 ῥύγχος
3035 5503 3304 5574 detortam
3345 5506 3519 5560 innuit

1954 5565 2317 5643 Epiphanius.‘
2340 5565 2541 5643 νοεοι.-
2556 5568 2652 5624 lib.
2690 5584 2748 5625 tu
2772 5565 2799 5633 ,'
2824 5565 2978 5625 ρξ’ἰϐ
3029 5581 3082 5627 et
3125 5572 3192 5628 i9
3216 5574 3398 5643 globes
3426 5588 3523 5642 ap-

1954 5639 2147 5709 pellat,
2184 5637 2637 5707 quemadmodum
2659 5651 2712 5695 et
2739 5655 2943 5697 cuneos
2968 5650 3126 5711 caput
3150 5637 3445 5711 po'rcinuu.
