3866 6068
210 263 313 322 38!

895 269 1263 327 ADVERSUS
1301 271 1644 329 lWRESES
1686 273 1813 331 LIB.
1857 272 1918 328 il.
1964 272 2126 329 TOM.
2165 274 2281 329 l.—-
2320 272 2595 329 IIAZRES.
2642 270 2703 325 L.

3366 267 3473 324 889.

210 382 394 447 ταίας,
441 383 601 457 χάριν
641 385 874 452 διδόντες
907 392 973 460 τῇ
1006 390 1142 461 Εὕα,
1171 392 1252 445 ὃτι
1287 392 1477 466 πρώτη
1504 394 1772 467 ζβὲϐρωκεπ

1896 395 2088 450 ritates
2121 395 2538 451 circumferunt.
2575 392 2921 464 Singularem
2949 390 3073 446 Erae
3104 390 3332 461 gratiam
3371 391 3472 444 tri-

211 472 325 527 ἀπὸ
351 473 444 528 τοῦ
472 474 629 541 ξύλου
657 478 757 548 τῆς
791 482 1124 550 φρονήσεως.
1165 484 1276 536 Καὶ
1304 484 1400 555 τὴν
1431 485 1662 558 ἀδελφὴν
1698 486 1792 540 τοῦ

213 561 495 629 Μωῡσέως
515 567 589 631 ὡς
612 570 921 640 προφήτιδα
948 571 1216 641 λέγουσιν,
1246 575 1327 637 είς
1351 575 1656 647 μαρτυρίαν
1684 575 1793 629 τῶν

212 659 347 728 παρ’
367 659 552 723 αὐτοῖς
574 660 984 733 καθισταμένων
1006 665 1279 732 γυναικῶν
1305 668 1361 719 ἐν
1384 666 1480 738 κλή
1490 685 1586 739 ρῳ.
1612 668 1790 734 Ἀλλὰ,

212 744 370 817 φησι,
400 747 667 818 τέσσαρες
695 750 990 829 θυγατέρες
1018 749 1157 824 ἦσαν
1183 753 1262 824 τῷ
1295 755 1545 827 Φιλίππῳ
1576 775 1791 829 προφηοο

218 838 496 892 τεύουσαι.
534 840 802 906 Πολλάκις
823 824 879 895 δὲ
919 846 977 897 ἐν
1013 848 1079 915 τῇ
1112 845 1320 899 ἑαυτῶν
1383 824 1648 919 ἐκκλησία
1682 824 1792 902 εἱσ-

213 927 468 999 ἐρχονται
516 931 1042 1004 λαμπαδηφοροῠσαι
1099 937 1241 991 ἐπτά
1299 955 1445 1001 τινες
1492 939 1787 1010 παρθένοι,

165 1036 171 1042 ’
213 1019 580 1094 λευχείμονες,
609 1024 769 1095 δῆθεν
803 1028 1115 1099 ἐρχόμεναι,
1148 1030 1237 1085 ἵνα
1267 1032 1683 1102 προφητεύσωσι
1712 1032 1790 1103 τῷ

212 1111 347 1183 λαῷ.
376 1115 442 1167 Ai
480 1115 538 1168 δὲ
568 1118 771 1187 τρόπον
790 1121 913 1174 τινὰ
947 1122 1354 1195 ἐνδεικνύμεναι
1393 1126 1788 1199 ἐνθουσιασμοῦ

211 1208 327 1269 τοῖς
375 1208 612 1280 παροῦσι
654 1212 806 1276 λαοῖς
856 1214 1072 1286 ἀπάτην
1110 1219 1456 1288 ἐργάζονται,
1495 1219 1702 1274 κλαίειν
1728 1237 1788 1273 τε

212 1295 479 1367 ποιοῦσιν,
512 1300 588 1364 ὼς
615 1302 795 1357 οἷκτον
823 1306 1110 1374 μετανοίας
1132 1308 1380 1376 ἄγουσαι,
1416 1310 1629 1387 ῥάκρυα
1670 1312 1789 1382 χεότ

215 1404 396 1458 μεναι,
419 1393 518 1444 καὶ
566 1394 806 1463 σχήματί
852 1412 959 1449 τινι
1004 1398 1395 1469 ἐποδυρόμεναι
1427 1400 1517 1454 τὸν
1546 1401 1655 1455 τῶν
1696 1403 1790 1456 ἀν-

77 1531 101 1546 ,
212 1478 448 1551 θρώπων
479 1481 613 1552 βίον.
670 1484 990 1541 Ἐπίσκοποί
1019 1505 1079 1541 τε
1121 1492 1251 1561 παρ’
1287 1492 1473 1554 αὐτοῖς
1506 1495 1784 1560 γυναῖκες,

211 1572 305 1624 καὶ
331 1573 690 1646 πρεσϐύτεροι
723 1580 1000 1646 γυναῖκες,
1047 1574 1142 1634 καὶ
1185 1581 1253 1635 τὰ
1303 1583 1438 1637 ἄλλα
1456 1599 1473 1612 ο
1498 1582 1574 1649 ὡς
1619 1585 1785 1655 μηδὲν

209 1660 487 1731 διαφέρειν
535 1667 698 1736 φησιν
728 1670 768 1722 ¹.
822 1671 920 1723 Ἐν
962 1672 1073 1741 γὰρ
1117 1673 1349 1741 Χριστῷ
1398 1677 1600 1744 Ἰησοῦ
1644 1679 1786 1733 οὔτε

1898 487 2095 549 buunt,
2133 488 2278 556 quod
2325 488 2500 558 prima
2533 485 2601 541 de
2641 485 2885 541 scientia;
2925 485 3105 538 fructu
3144 482 3469 538 comederit.

1898 578 2156 637 Sororem
2190 597 2320 637 vero
2366 581 2568 653 Moysis
2599 582 3003 651 prophetissam
3043 580 3332 650 jaetitan-t;
3375 594 3474 633 cu-

1888 671 1981 741 jus
2013 673 2265 743 exemplo
2294 688 2403 728 suo
2430 673 2508 726 illi
2535 674 2969 743 eooptandarum
3011 673 3066 726 in
3108 672 3315 727 clerum
3349 686 3470 724 mu-

1893 763 2088 817 lierum
2135 764 2395 820 instituto
2454 764 2843 837 suﬂ‘ragantur.
2908 764 3051 830 Quin
3095 770 3151 818 et
3204 770 3467 833 quatuor,

1892 853 2161 925 inquiunt,
2181 853 2465 925 Philippus
2495 856 2863 926 prophetissas
2896 856 3033 910 tilias
3065 854 3254 908 habuit
3280 854 3320 906 ³.
3354 851 3467 906 Sa:-

1891 936 2184 1014 penumero
2212 946 2267 1000 in
2298 946 2513 1001 illorum
2544 947 2831 1002 ecclesiam
2867 955 3075 1016 septem
3098 962 3224 1000 cum
3255 944 3468 999 facibus

1888 1034 2130 1106 virgines
2188 1035 2592 1107 ingrediuntur,
2632 1036 2869 1092 candida
2922 1045 3091 1097 veste.
3148 1043 3209 1089 ut
3260 1035 3462 1105 populo

1890 1124 2147 1180 videlicet
2174 1127 2399 1181 oracula
2430 1126 2682 1182 reddant.
2723 1127 2815 1182 [ιω
2849 1142 2972 1182 cum
3004 1125 3242 1195 speciem
3274 1139 3464 1194 quam-

1888 1214 2012 1270 dam
2047 1216 2250 1271 furoris
2294 1233 2406 1288 prae
2452 1233 2512 1274 se
2560 1219 2808 1281 tulerint,
2860 1216 3171 1273 astantibus
3206 1215 3484 1279 illudunt,.

1887 1313 1943 1361 et
1984 1307 2050 1361 ad
2093 1306 2282 1363 ﬂetum
2314 1317 2643 1379 provocant,
2692 1318 2749 1364 ut
2805 1310 2851 1365 is
2902 1308 3246 1379 pmnitentiae
3284 1306 3488 1361 luctus.

1886 1411 2012 1452 esse
2059 1397 2326 1453 videatur.
2379 1396 2537 1453 Nam
2564 1408 2620 1455 et
2669 1402 2943 1470 lacrymas
3000 1397 3361 1468 profundunt.
3413 1403 3487 1449 et.

1887 1493 2004 1541 toto
2061 1487 2314 1557 corporis
2362 1498 2518 1559 gestu
2572 1490 2740 1543 vitam
2814 1489 3098 1543 hominum
3153 1486 3463 1555 deplorant.

1885 1573 2043 1645 Apud
2074 1575 2297 1631 eosdem
2330 1576 2588 1631 mulieres
2615 1576 2861 1646 episcopi
2903 1585 3031 1631 sunt
3053 1583 3107 1631 et
3132 1574 3489 1645 presbyteri,

1885 1671 1941 1718 et
1972 1663 2041 1718 ad
2081 1672 2310 1719 exteros
2342 1664 2549 1734 gradus
2586 1666 2917 1735 alleguntur,
2950 1666 3161 1720 nullum
3194 1672 3253 1718 ut
3298 1679 3466 1720 sexus

209 1752 400 1822 ἄρσεν
426 1755 565 1809 οὔτε
617 1757 793 1827 θῆλυ.
845 1739 1031 1816 Ταῦτά
1072 1739 1248 1828 ἐστιν,
1280 1739 1325 1819 ἀί
1356 1739 1772 1838 κατειλήφαμεν.

1884 1754 2182 1810 discrimen
2210 1758 2478 1809 servetur.
2510 1755 2654 1809 Nam
2678 1758 2732 1809 in
2762 1755 2972 1811 Christo
3002 1757 3133 1811 Jesu
3159 1773 3319 1827 neque
3340 1772 3456 1811 mas

222 1843 609 1920 Ἀρτοτυρίτας
639 1848 695 1903 δὲ
743 1851 942 1917 αὐτοὺς
972 1854 1230 1908 καλοῦσιν
1274 1857 1383 1911 ἀπὸ
1431 1856 1526 1910 τοῦ
1571 1859 1629 1911 ἐν
1671 1860 1783 1922 τοῖς

207 1934 386 1989 αὐτῶν
420 1939 747 2009 μυστηρίοις
767 1942 1117 2008 ἐπιτιθέντας
1147 1945 1311 2016 ἄρτον
1348 1946 1443 2001 καὶ
1480 1948 1664 2018 τυρδν,
1686 1949 1797 2002 καὶο

206 2025 380 2093 οὕτως
407 2033 582 2084 ποιεῖν
612 2031 683 2086 τά
709 2033 890 2087 αὐτῶν
925 2037 1214 2108 μυστήρια.

273 2178 348 2231 I".
408 2179 566 2233 Πᾶσα
612 2180 669 2234 δὲ
711 2182 1013 2254 ἀνθρώπων
1047 2185 1212 2255 χλεύη
1263 2187 1321 2240 ἐν
1354 2186 1430 2258 τῷ
1475 2188 1780 2262 ἀποστῆναι

201 2269 310 2323 ἀπὸ
357 2270 458 2342 τῆς
512 2272 678 2343 ὀρθῆς
719 2273 982 2342 πίστεως,
1038 2277 1133 2328 καὶ
1168 2279 1248 2341 είς
1299 2279 1611 2351 ἀμηχανίαν
1651 2284 1779 2353 τρέ-

201 2361 423 2429 πεσθαι,
452 2363 544 2417 καὶ
578 2366 658 2427 εἰς
683 2364 946 2437 διαφορὰν
986 2368 1394 2441 ὲνθουσιασμῶν
1425 2389 1483 2425 τε
1511 2373 1605 2427 καὶ
1628 2375 1779 2445 ἐνερ-

200 2453 384 2524 γειῶν.
422 2455 920 2528 Ἐκϐακχευόμεναι
952 2459 1062 2530 γὰρ
1084 2462 1140 2514 αἱ
1167 2461 1396 2517 διάνοιαι
1423 2465 1510 2518 ἀεὶ
1542 2465 1668 2531 τοὺς
1700 2467 1776 2540 μὴ

199 2545 532 2617 κατέχοντας
557 2547 655 2619 τὴν
694 2547 944 2622 ἄγκυραν
991 2552 1090 2622 τῆς
1127 2553 1406 2623 ἀληθείας,
1446 2556 1562 2609 ἀλλ’
1601 2558 1777 2612 ἐπιδι-

195 2635 383 2701 δόντας
405 2637 632 2703 ἑαυτοὺς
663 2638 742 2710 τῷ
765 2640 981 2714 φέροντι
1003 2643 1143 2696 κατά
1167 2646 1346 2699 πᾶσαν
1370 2647 1548 2701 ὁτιοῦν
1573 2649 1772 2705 αἰτίαν.

200 2727 316 2782 Κάν
348 2746 410 2782 τε
469 2729 577 2801 γὰρ
609 2734 864 2799 γυναῖκες
911 2737 1040 2807 παρ’
1089 2737 1273 2802 αὐτοῖς
1315 2740 1395 2803 εἰς
1468 2742 1774 2815 ἐπισκοπὴν

195 2818 286 2872 καὶ
360 2820 756 2892 πρεσϐυτέριον
845 2825 1199 2882 καθίστανται
1263 2828 1353 2883 διὰ
1417 2832 1519 2902 τὴν
1584 2833 1730 2888 Εὔαν
1757 2874 1772 2899 ,

194 2908 451 2963 ἀκούουσι
507 2910 600 2965 τοῦ
646 2914 852 2986 Κυρίου
907 2916 1189 2988 λέγοντος’
1242 2923 1401 2991 Πρός
1446 2924 1554 2979 τὸν
1581 2927 1771 2996 ἄνδρα

193 3016 309 3060 σου
330 3003 368 3071 ἡ
395 3003 750 3075 ἀποστροφή
779 3024 895 3063 σου
915 3052 930 3077 ,
959 3011 1058 3065 καὶ
1084 3014 1268 3080 αὑτός
1293 3029 1410 3070 σου
1442 3019 1766 3087 κυριεύσει.
1804 3022 1829 3087 ,‘

191 3094 399 3165 Λέληθε
444 3096 501 3150 δὲ
557 3071 756 3163 αύτούς
803 3071 926 3154 καὶ,
949 3103 978 3155 ό
1028 3071 1386 3169 ἀποστολικὸς
1442 3071 1632 3175 λόὲος·
1801 3071 1842 3128 c

1820 3258 1827 3263 ,
1870 3204 1968 3256 erit
2014 3208 2280 3260 conversio
2320 3217 2435 3272 tua,
2467 3217 2516 3263 et
2562 3210 2672 3277 ipse
2706 3208 3071 3265 dominabitur
3119 3211 3276 3266 tibi'.
3311 3212 3453 3278 Quin

191 3186 446 3239 Γυναικὶ
491 3190 602 3243 οὐκ
647 3189 942 3259 ἐπιτρέπω
982 3194 1230 3259 λαλεῖν,
1277 3196 1415 3251 οὔτε
1459 3199 1769 3254 αὐθεντεῖν

187 3274 411 3347 ἀνδρός
435 3294 449 3307 ο
490 3280 585 3333 καὶ
615 3280 778 3335 πάλιν
798 3299 812 3314 ’
848 3285 931 3337 οὐ
956 3284 1066 3353 γάρ
1093 3287 1265 3341 ἐστιν
1290 3288 1445 3357 ἀνὴρ
1471 3290 1538 3343 ἐκ
1568 3308 1769 3361 γυναι-

186 3366 317 3433 κὸς,
368 3368 539 3423 ἀλλὰ·
564 3372 720 3440 γυνὴ
761 3374 832 3438 ἐξ
872 3375 1130 3443 ἀνδρός·
1164 3378 1279 3444 καὶ,
1337 3381 1398 3433 '0
1441 3380 1612 3451 Ἀδὰμ
1655 3386 1767 3438 οὐκ

184 3456 487 3525 ἠπάτηται
512 3499 528 3526 ,
579 3462 720 3516 ἀλλ’
764 3465 821 3537 ἡ,
856 3467 984 3520 Εὔα
1034 3466 1234 3537 πρώτη
1282 3471 1655 3540 ἀπατηθεῒσα
1699 3475 1769 3528 ἐν

185 3549 523 3639 πιφαᾷὶὶσει
559 3552 786 3622 γέγονε.
832 3557 945 3609 Καὶ
973 3556 1019 3611 ὣ
1064 3559 1166 3629 τῆς
1208 3561 1514 3635 πολυφόρου
1558 3566 1768 3639 πλάνης

183 3635 280 3689 τοῦ
314 3638 524 3709 κόσμου
550 3641 741 3696 τούτου
764 3644 786 3697 ι

255 3816 349 3871 Διὸ
387 3817 464 3879 ὡς
492 3818 657 3872 νωδόν
691 3837 741 3872 τι
776 3823 868 3874 καὶ
891 3822 1204 3896 ἀφροσύνης
1232 3825 1488 3896 ἔμπλεον.
1522 3832 1767 3887 ἀσκαλα-

183 3906 361 3994 ϐώτου
390 3907 545 3978 δίκην
570 3910 775 3983 ταύτην
797 3914 1103 3987 παρελθὼν,
1127 3918 1219 3970 ἐπὶ
1252 3919 1351 3983 τὰς
1384 3920 1511 3993 ἑξῆς
1550 3923 1766 3994 βαδιοῦ-

186 4015 307 4067 μαι,
338 3992 385 4052 ὦ
423 4000 719 4072 ἀγαπητοὶ,
751 4000 884 4059 Θεὸν
922 4007 1342 4079 ἐπικαλούμενοι
1367 4014 1387 4045 ¹
1410 3992 1491 4077 είς
1515 3992 1766 4086 βοήθειαν

146 4089 282 4158 ’τῆς
312 4091 591 4163 ἡμετέρας
627 4096 1034 4169 ταπεινότητος,
1081 4100 1175 4152 καὶ
1224 4102 1307 4165 εἰς
1341 4103 1620 4175 πλήρωσιν
1669 4109 1766 4180 τῆς

181 4183 216 4252 ὴ
223 4181 344 4251 μῶν
387 4184 736 4261 ἐπαγγελίας.

347 4294 540 4348 ΚΑΤΑ
578 4296 1450 4362 ΤΕΣΣΑΡΕΣΚΑΙΔΕΚΑΤΙΤΩΝ
1493 4308 1603 4381 (6),

491 4410 840 4481 Τμακοστὴ,
870 4415 907 4482 ἠ
932 4415 1033 4469 καὶ
1062 4421 1467 4489 πεντηκοστὴ.

251 4522 333 4576 A'.
386 4522 518 4576 Ἀπὸ
544 4523 751 4579 τούτων
787 4528 899 4583 τῶν
922 4529 1016 4584 δύο
1044 4533 1308 4604 αἱρέσεων
1341 4536 1477 4607 ὁμοῦ
1503 4536 1759 4609 ἀλλήλαις

257 4678 274 4709 ¹
309 4675 436 4759 Chr.
459 4677 654 4759 £9669).
872 4686 1318 4759 ἐπικαλούμενος.

174 4748 267 4802 51.
349 4748 369 4778 ⁷
403 4747 422 4800 l
454 4750 581 4804 Cor.
619 4766 694 4816 xl,
727 4752 784 4808 8.
873 4753 939 4807 ‘l
974 4754 1115 4812 Tim.
1141 4747 1216 4822 ἠ,
1255 4747 1339 4817 ιᾎ..

249 4900 327 4974 (ϐ)
375 4908 1121 4982 Τεσσαρεσκαιδεκατιτῶν,
1161 4913 1275 4970 sive
1309 4912 1756 4982 Quartadecima-

174 4990 399 5056 ηοωηεὶ
425 4975 649 5056 haeresis
698 4994 761 5033 ea
810 4981 1031 5056 proprie
1081 4975 1480 5056 dicitur,"quze
1524 4988 1755 5044 Judaico

173 5054 333 5099 more
359 5043 569 5129 Pascha
599 5048 723 5129 luna
752 5043 842 5129 χιῇ
883 5043 1269 5129 celebrandum
1296 5043 1537 5129 'as'serit,
1571 5043 1759 5129 quam-

173 5130 398 5193 cunque
445 5115 663 5193 demum
708 5119 767 5193 in
800 5120 997 5193 feriam
1027 5123 1232 5178 incidat
1259 5140 1273 5178 :
1307 5141 1429 5193 quae
1462 5115 1565 5181 fuit
1591 5115 1755 5183 'Asia-

171 5185 412 5269 tico_r_um
436 5186 771 5269 opinio,__qui
803 5189 1034 5246 Joannis
1063 5185 1390 5269 auctoritate
1423 5196 1543 5251 freti
1585 5200 1754 5269 perti-

173 5256 387 5334 naciter
424 5256 804 5334 ritumillu‘m,
828 5264 1390 5334 consuetudinemque
1439 5256 1752 5322 tenuerunt.

173 5322 251 5404 I_)e
277 5340 389 5393 quo
417 5325 756 5404 Eusebius].
781 5322 815 5384 v
851 5330 992 5404 Hist.
1032 5332 1195 5404 Addit
1223 5322 1564 5404 Augustinus
1596 5339 1633 5391 l.
1677 5338 1756 5392 De

175 5393 364 5449 haeres.
401 5397 622 5451 eosdem
660 5399 784 5454 illos
818 5417 906 5454 xiv
938 5403 1066 5456 luna
1101 5402 1279 5457 Martii
1312 5393 1516 5461 mensis
1543 5405 1753 5463 Pascha

178 5465 386 5536 ﬁxisse.
426 5465 532 5521 Ubi
570 5465 823 5522 Martium
869 5487 977 5527 non
1019 5470 1295 5527 lulianum
1324 5513 1338 5536 ,
1375 5474 1470 5530 sed
1507 5477 1753 5532 lunarem

177 5534 407 5617 intelligi
438 5551 667 5617 necesse
692 5547 808 5617 est,
834 5557 964 5617 cum
993 5543 1248 5617 plerique
1276 5534 1574 5617 paschales
1603 5561 1757 5617 men~

177 5620 266 5679 ses
297 5605 464 5679 etiam
492 5605 705 5679 Iudaici
738 5610 791 5662 in
817 5605 1054 5679 Aprilem
1108 5605 1429 5668 incide-rent.
1466 5612 1580 5668 Nisi
1616 5614 1755 5670 forte

177 5673 231 5728 in
273 5692 338 5733 ea
375 5678 599 5749 quidam
646 5673 899 5748 opinione
953 5681 1151 5737 fuerint
1175 5722 1191 5751 ,
1229 5691 1289 5737 ut
1329 5683 1524 5741 Martio
1570 5700 1758 5742 mense

1430 4692 1451 4723 ³
1477 4696 1597 4748 Aet.
1637 4711 1747 4759 χει,
1793 4697 1851 4757 9.
1929 4698 1946 4729 ³
1980 4701 2154 4756 Galat.
2192 4719 2274 4768 Ill,
2324 4706 2415 4762 23.

1882 1851 1983 1910 est,
2023 1861 2185 1914 neque
2216 1845 2414 1914 femina
2434 1845 2475 1898 ⁸.
2506 1844 2630 1900 Haec
2675 1854 2804 1901 sunt
2834 1863 2958 1917 qlia:
2986 1848 3053 1902 de
3102 1848 3211 1902 illis
3247 1863 3468 1918 compa"

1882 1933 1994 1989 rire
2050 1935 2356 2004 potuimus.
2401 1935 2675 1991 Caeterum
2718 1936 3053 2009 Artotyritas
3104 1937 3326 1993 eosdem
3379 1940 3465 1993 id—

1882 2024 2035 2080 circo
2065 2035 2296 2094 vocant,
2317 2025 2465 2096 quod
2492 2026 2559 2080 ad
2590 2026 2924 2082 celebranda
2960 2028 3221 2099 mysteria
3242 2044 3340 2084 sua
3370 2045 3467 2100 pa-

1881 2128 2006 2170 nem
2035 2122 2091 2168 et
2129 2126 2353 2170 c‘aseum
2393 2115 2677 2171 adhibent.

1950 2200 2040 2256 Ill.
2082 2202 2286 2259 Verum
2315 2208 2598 2262 enimvero
2622 2207 2714 2261 ubi
2742 2208 2809 2262 ab
2838 2208 3053 2263 sincera
3085 2210 3347 2279 religione
3376 2226 3463 2265 se-

1880 2294 1990 2348 mel
2017 2294 2333 2350 aberratum
2362 2305 2469 2362 est,
2499 2297 2732 2353 ridicula
2767 2315 2834 2354 ae
2870 2301 3209 2369 perturbata,
3244 2316 3365 2371 qua:
3391 2304 3469 2356 ab

1880 2383 2200 2441 hominibus
2238 2395 2529 2457 geruntur,
2567 2404 2691 2445 esse
2727 2391 2911 2444 omnia
2954 2404 3181 2447 necesse
3225 2402 3330 2457 est,
3367 2409 3465 2447 va-

1878 2477 1962 2529 ria
1995 2486 2052 2531 ut
2083 2478 2210 2533 inde
2256 2478 2463 2536 furoris
2516 2497 2738 2551 genera,
2774 2483 3199 2555 diemonumque
3240 2488 3296 2539 in
3343 2500 3462 2539 cor-

1877 2582 2011 2636 pora
2036 2568 2431 2647 impressiones
2454 2572 2726 2627 oriantur.
2751 2571 2885 2627 Nam
2909 2576 3002 2645 qui
3032 2577 3277 2631 veritatis
3295 2575 3462 2648 419

1875 2657 2176 2713 anchoram
2236 2661 2461 2717 minime
2489 2662 2761 2728 retinent,
2799 2663 2893 2718 sed
2924 2673 3209 2720 ventorum
3233 2664 3459 2719 ﬂatibus

1876 2763 2208 2821 quacunque
2246 2765 2305 2807 se
2341 2752 2630 2810 occasione
2663 2756 3005 2826 permittunt,
3054 2758 3249 2811 horum
3281 2757 3453 2811 animi

1876 2842 2193 2913 praecipites
2218 2845 2456 2900 amentia
2488 2845 2761 2903 feruntur.
2792 2847 2950 2914 Quod
2983 2850 3127 2904 enim
3167 2850 3459 2906 muliereu»

1876 2931 1958 2987 las
2006 2934 2073 2987 ad
2125 2934 2512 3017 episcoporum
2570 2946 2663 2992 aut
2714 2939 3161 3009 presbyterorum
3205 2940 3454 2997 ordinem

1877 3021 2178 3084 asciscunt,
2215 3024 2379 3094 idque
2408 3027 2478 3081 ob
2515 3026 2678 3082 Evam
2723 3028 2905 3084 facere
2949 3045 3009 3086 se
3049 3030 3328 3099 dictitant,
3363 3048 3457 3087 ους

1876 3111 2036 3168 diunt
2088 3130 2224 3169 sane
2264 3118 2411 3186 quod
2444 3132 2475 3171 a
2504 3117 2736 3174 Domino
2769 3120 2977 3174 dictum
3017 3128 3101 3176 est
3131 3141 3143 3175 :
3173 3121 3255 3175 Ad
3285 3124 3455 3177 virum

1870 3293 2006 3348 illud
2045 3296 2305 3366 ignorant
2348 3299 2596 3370 Apostoli
2637 3302 3017 3372 prtescriptum
3051 3321 3064 3356 :
3098 3302 3312 3357 Mulieri
3350 3323 3453 3359 nor:

1868 3387 2114 3454 permitto
2144 3388 2311 3459 loqui,
2344 3408 2504 3461 neque
2533 3393 2586 3446 in
2616 3396 2753 3447 viros
2788 3395 3159 3447 auctoritatem
3194 3394 3385 3451 habere
3404 3396 3450 3460 ⁶;

1869 3476 1997 3530 item
2032 3496 2045 3531 :
2074 3476 2197 3553 Non
2227 3480 2364 3533 enim
2413 3481 2493 3534 vir
2520 3476 2617 3536 ἐει
2670 3499 2703 3536 a
2742 3482 2979 3548 muliere,
3017 3483 3108 3562 sed
3159 3482 3349 3536 mulier
3385 3500 3454 3536 ea:

1868 3568 2045 3635 viro';
2093 3577 2146 3625 et
2177 3588 2189 3623 :
2221 3571 2394 3624 Adam
2434 3590 2537 3628 non
2572 3584 2650 3627 est
2699 3575 2965 3645 deceptus,
3016 3576 3106 3629 sed
3159 3574 3270 3629 Era
3305 3577 3453 3644 prior

1865 3660 2081 3731 decepta
2113 3666 2166 3717 in
2208 3668 2630 3736 transgressione
2657 3669 2758 3738 fuit
2779 3671 2822 3727 ⁸.
2859 3671 2903 3725 0
2948 3671 3137 3725 mundi
3165 3670 3331 3741 hujus
3355 3686 3450 3726 va-

1869 3752 2099 3808 nitatem
2129 3770 2487 3826 erroremque
2516 3761 2911 3829 multiplicem!

1939 3840 2045 3897 Sed
2083 3843 2219 3911 jam,
2267 3846 2604 3915 charissimi,
2637 3853 2899 3904 calentula
2935 3852 3056 3918 hac,
3093 3862 3149 3908 et
3197 3857 3448 3909 amentiae

1868 3934 2026 4005 plena
2076 3936 2275 3992 hzercsi
2320 3940 2592 3996 stellionis
2645 3934 2821 3998 instar
2869 3946 3162 4013 praeterita,
3205 3946 3447 4016 reliquas

1866 4027 2282 4097 aggrediamur;
2332 4045 2397 4086 ac
2445 4031 2543 4088 Dei
2595 4036 2832 4104 primum
2879 4037 3238 4105 imploremus
3287 4040 3445 4093 auxi-

1866 4117 2022 4182 lium,
2059 4126 2118 4171 ut
2152 4120 2199 4175 is
2230 4122 2485 4177 tenuitati
2512 4132 2716 4180 n0straa
2761 4127 3076 4192 subveniat,
3112 4143 3220 4197 quo
3250 4144 3442 4185 susce-

1864 4215 2015 4278 ptum
2048 4224 2188 4280 Opus
2219 4211 2288 4266 ad
2317 4214 2521 4269 exitum
2551 4219 2945 4287 perducamus.

2138 4325 2420 4382 CONTRA
2455 4330 3165 4401 QUARTADECIMANOS,

2332 4437 2566 4495 eresis
2592 4440 2775 4508 XXX,
2810 4444 2914 4499 sive
2939 4442 3009 4497 L.

1938 4544 1977 4598 l.
2023 4544 2096 4598 Ex
2155 4548 2221 4604 iis
2253 4548 2466 4607 duabus
2508 4552 2652 4610 inter
2700 4571 2760 4611 se
2803 4558 3108 4614 commistis
3139 4557 3437 4631 Phrygum,

2510 4708 2529 4739 ⁸
2562 4707 2699 4768 Gen.
2748 4702 2829 4774 ιὶι,
2881 4712 2961 4765 l6.
3044 4713 3064 4744 °
3101 4710 3273 4767 lCor.
3324 4730 3435 4779 xtv,

1858 4930 2124 4996 perpetuo
2155 4924 2547 4996 celebrandum
2581 4935 2857 4996 putarent.
2899 4930 3103 4983 Scribit
3126 4932 3269 4984 enim
3310 4930 3436 4985 Phi-

1858 4994 2082 5047 lastrius
2141 4993 2668 5059 Quartadecimanos
2726 4998 2935 5054 Pascha
2997 5015 3183 5053 mense
3241 4998 3437 5056 Martio

1856 5064 2246 5137 celebrandum
2295 5081 2564 5121 asserere.
2608 5069 2786 5137 Atque
2831 5068 2944 5121 haec
2984 5067 3092 5120 τῶν
3129 5071 3439 5137 Τεσσαρεσ-

1857 5132 2248 5208 καιδεκατιτῶν
2283 5151 2409 5189 vera
2452 5143 2569 5208 est,
2620 5145 2674 5190 et
2699 5132 2959 5208 'germana
3007 5139 3187 5202 notio,
3235 5132 3331 5194 sed
3382 5151 3437 5195 et

1858 5204 1965 5256 alia
2015 5201 2116 5278 [uit
2148 5204 2339 5278 eodem
2375 5206 2647 5278 vocabulo
2685 5201 3079 5278 comprehensa
3113 5201 3436 5278 depravata»

1858 5287 1978 5347 rum
2022 5273 2251 5347 istorum
2300 5271 2488 5340 factio,
2532 5291 2653 5344 quae
2701 5271 2838 5330 mira
2870 5277 3103 5347 quadam
3141 5271 3429 5340 abusione.

1859 5342 2496 5419 Quartadecimanol'nnr
2517 5342 2716 5419 nomen
2745 5342 2966 5419 meruit.
2990 5346 3246 5419 Nonnulli
3272 5349 3434 5419 quip-

1859 5427 1926 5481 pe
1968 5412 2297 5466 celebrando
2348 5413 2597 5468 Paschati
2649 5426 2857 5472 certum
2909 5418 2961 5471 in
3020 5433 3160 5473 anno
3211 5412 3432 5474 Juliano

1859 5483 2003 5554 diem
2033 5489 2344 5554 statuerunt
2380 5502 2391 5536 :
2428 5485 2574 5539 velut
2604 5503 2697 5540 vm
2755 5486 2873 5545 Kal.
2905 5495 2997 5541 aut
3030 5503 3116 5549 xv,
3153 5499 3246 5543 aut
3273 5506 3337 5554 x,_
3361 5488 3430 5542 de

1858 5551 2059 5637 quibus
2104 5553 2265 5637 paulo
2294 5562 2414 5621 post
2437 5555 2728 5637 figendum
2759 5559 2864 5612 erit
2892 5574 2903 5608 :
2937 5574 3072 5637 quos
3097 5574 3286 5637 Oul‘llno's
3312 5551 3430 5637 Epi-

1862 5620 2186 5697 phaniusad
2212 5620 2733 5697 QuartadeEimanos
2759 5620 3087 5697 aggregavit.
3115 5626 3301 5697 Tertia
3326 5620 3428 5695 τῆς

1862 5688 1953 5743 τοῦ
2002 5689 2191 5760 Πάσχα
2222 5692 2550 5768 διαστροφῆς
2595 5697 2733 5751 ratio
2752 5736 2765 5761 ,
2795 5688 2978 5767 ’ίῖιιιιῖο
3007 5696 3269 5761 haeresis,
3300 5699 3361 5752 ut
3383 5688 3437 5751 ἐι
