3866 6068
212 216 317 271 835

925 213 1300 273 ADVERSUS
1338 213 1681 270 HERESES
1715 212 1797 269 LII

1903 212 1940 270 Ι.
1987 213 2150 270 ΤΟΜ.
2187 213 2230 273 ῐ.
2269 244 2339 255 -
2379 212 2654 271 ΗΑΞΚΕΒ.
2699 214 2761 270 ι..

3361 217 3477 274 886

209 334 470 404 ἄγοντες,
518 335 611 388 καὶ
646 334 748 405 τὴν
800 335 971 406 αὐτὴν
1008 335 1137 405 μίαν
1165 333 1381 406 ἡμέραν
1421 335 1794 406 νηστεύοντες,

1903 333 2130 404 demque
2168 334 2314 389 diem
2367 333 2687 399 observant,
2742 339 2797 388 et
2849 346 2956 400 una
3002 330 3303 401 eademque
3324 330 3469 402 jeju-

209 424 308 477 καὶ
346 422 417 477 τά
475 424 753 496 μυστήρια
819 423 1222 487 ἐπιτελοῦντες,
1257 424 1365 477 ἀπὸ
1420 426 1530 479 τῶν
1572 427 1787 479 Ἀκτων

206 513 372 583 δῆθεν
402 512 633 567 Πιλάτου
671 515 898 585 αὐχοῦσι
936 514 1034 586 τὴν
1066 514 1351 587 ἀκρίϐειαν
1386 516 1701 588 εὑρηκέναι,
1730 518 1788 570 ἐν

207 598 290 667 οἷς
331 604 649 674 ἐμφέρεται,
689 608 756 676 τῇ
798 606 901 676 πρὸ
927 603 1070 658 ὀκτὼ
1123 604 1417 659 Καλανδῶν
1468 605 1787 678 Ἀπριλλίων

207 696 303 750 τδν
353 696 582 767 Σωτῆρα
615 695 961 750 πεπονθέναι.
1013 695 1122 749 Kal.
1158 697 1215 748 ὲν
1266 695 1451 767 ἐκείνῃ
1502 698 1565 766 τῇ
1608 696 1789 767 ἡμέρᾳ

212 786 494 859 βούλονται
549 787 701 854 ἄγειν
746 786 807 840 τὸ
855 785 1066 856 Πάσχα,
1121 785 1282 856 ὁποίᾳ
1308 785 1352 838 δ’
1388 785 1455 839 ἂν
1495 785 1711 857 ἐμπέσῃ
1752 787 1788 857 ἡ

208 878 776 949 τεᾶσαρεσκαιδεκάτη
825 877 923 947 τῆς
970 876 1218 946 σελήνης.
1256 877 1318 929 Oi
1346 876 1402 928 δὲ
1434 878 1491 929 ὲν
1533 878 1599 947 τῇ
1631 877 1788 928 Καπ-

211 969 447 1041 παδοκίᾳ.
484 968 583 1039 τὴν
617 968 785 1039 αὐτὴν
816 967 943 1039 μίαν
974 967 1183 1038 ἡμέραν
1213 967 1311 1037 τὴν
1344 967 1448 1039 πρὸ
1500 966 1643 1021 ὀκτὼ
1674 968 1788 1020 Κα-

210 1060 422 1115 λανδῶν
465 1058 1050 1131 Ἀπριλλίων.άγουσι.
1096 1059 1204 1111 Καὶ
1239 1060 1296 1111 ὲν
1339 1058 1522 1121 αὐτοῖς
1559 1057 1616 1110 δὲ
1661 1057 1787 1110 στά-

214 1163 300 1213 σις
329 1148 408 1217 (9)
436 1148 536 1216 οὐχ
560 1149 594 1218 ἡ
640 1144 898 1216 τυχοῦσα,
920 1132 1038 1198 τῶσ
1068 1145 1166 1214 μὲν
1194 1145 1463 1214 λεγόντων
1493 1148 1560 1215 τῇ
1596 1160 1790 1197 τεσσα-

213 1240 604 1316 ρεσκαιδεκάτῃ
650 1238 747 1309 τῆς
773 1236 999 1308 σελήνης
1025 1236 1132 1290 τῶν
1165 1235 1270 1308 πρὸ
1318 1234 1462 1290 ὀκτὼ
1495 1234 1787 1289 Καλανδῶν

224 1329 568 1400 Ἀπριλλίων.
603 1328 723 1381 Ἔτι
752 1326 807 1380 δὲ
843 1324 1074 1397 εὕρομεν
1102 1326 1414 1398 ἀντίγραφα
1454 1329 1519 1380 ὲκ
1544 1326 1651 1379 τῶν
1692 1327 1790 1379 Πι-

213 1416 402 1480 λάτου,
446 1417 504 1468 ὲν
559 1407 645 1478 οἷς
696 1413 948 1483 σημαίνει
998 1414 1104 1485 πρὸ
1156 1414 1451 1468 δεκαπέντε
1495 1415 1789 1469 Καλανδῶν

223 1504 549 1576 ’Δπριλλίων
575 1505 637 1557 τὸ
661 1503 840 1567 Πάθος
900 1504 1248 1576 γεγενῆσθαι.
1284 1505 1501 1577 Τάληθῆ
1527 1506 1602 1571 δὲ,
1620 1506 1697 1570 ὡς
1724 1507 1789 1560 ὲκ

215 1594 416 1666 πολλῆς
468 1593 755 1667 ἀκριϐείας
811 1594 1089 1667 ἔγνωμεν,
1142 1597 1201 1649 ὲν
1243 1600 1307 1668 τῇ
1339 1598 1444 1669 πρὸ
1489 1595 1786 1667 δεκατριῶν

1894 432 2051 489 nant,
2085 440 2150 479 ac
2183 424 2463 495 mysteriis
2492 431 2811 494 operantur.
2847 421 2983 478 Nam
3014 439 3082 478 ex
3121 422 3278 477 Actis
3306 421 3465 479 Pilati

1892 524 2207 569 accuratam
2259 530 2320 570 se
2377 513 2545 582 hujus
2600 514 2835 569 instituti
2887 514 3156 568 rationem
3203 512 3467 569 didicisse

1890 605 2220 676 gloriantur,
2263 605 2315 659 in
2349 605 2559 678 quibus
2588 607 2851 675 scriptum
2891 616 2973 660 est
3006 621 3102 658 νιιι
3136 604 3263 658 Kal.
3305 605 3469 674 Apri-

1891 693 1958 751 lis
2005 694 2342 749 Salvatorem
2372 709 2496 750 esse
2528 709 2771 763 passum.
2809 694 3174 759 Quamobrem
3219 693 3309 746 illa
3346 694 3465 762 ipsa

1888 785 1976 840 die
2004 786 2281 840 celebrare
2304 786 2512 840 Pascha
2536 784 2814 851 volunt,iu
2842 800 3225 855 quamcunque
3245 785 3465 838 demum

1889 875 2031 929 luna:
2082 890 2172 929 xw
2223 875 2342 929 dies
2396 874 2714 930 incurrerit.
2767 874 2977 945 Λιιᾳυί
3024 876 3079 928 in
3112 875 3465 945 Cappadoéia

1893 963 2119 1035 degunt,
2150 966 2396 1020 eamdem
2437 965 2604 1028 diem,
2637 980 2758 1035 qua:
2796 975 2880 1020 est
2910 982 3005 1019 vm
3041 965 3160 1020 Kal.
3196 967 3329 1035 Apr.
3374 980 3475 1021 cei

1852 1082 1861 1090 ι
1891 1056 2127 1110 lehrant.
2158 1055 2399 1111 Tametsi
2433 1071 2544 1111 non
2583 1057 2877 1111 mediocris
2902 1064 2984 1111 est
3016 1059 3159 1112 inter
3193 1059 3314 1113 illos
3343 1058 3465 1112 dis-

1888 1144 2093 1199 sensio.
2144 1142 2403 1198 Nonnulli
2464 1144 2608 1200 enim
2662 1144 2848 1198 lunam
2904 1138 2995 1199 xxv
3036 1153 3282 1202 statuunt
3338 1163 3461 1216 qua:

1890 1234 1946 1288 in
1988 1249 2084 1288 vm
2112 1232 2232 1288 Kal.
2286 1234 2419 1303 Apr.
2472 1234 2682 1289 incidit.
2737 1233 2849 1290 Nos
2887 1236 3148 1289 Actorum
3194 1236 3494 1305 ejusmodi:

1888 1323 2049 1378 Pilati
2102 1325 2437 1394 exemplaria
2491 1325 2739 1395 quaedam
2796 1325 3127 1391 invenimus,
3170 1342 3292 1396 quae
3340 1337 3469 1384 ante

1889 1414 2034 1470 diem
2089 1431 2161 1469 xv
2210 1414 2331 1468 Kal.
2364 1415 2497 1485 Apr.
2540 1414 2858 1471 Passionem
2916 1415 3121 1481 Christi
3157 1418 3465 1488 contigisse

1889 1507 2207 1562 narrabant.
2237 1506 2437 1562 Verum
2466 1515 2619 1562 certo
2663 1516 2717 1563 et
2762 1524 2825 1564 ex
2862 1509 2941 1562 rei
2976 1510 3205 1564 veritate
3245 1523 3467 1578 compe-

1890 1596 2084 1659 rimus,
2125 1604 2250 1649 ante
2280 1595 2423 1649 diem
2478 1610 2576 1650 xm
2609 1594 2730 1651 Kal.
2766 1597 2899 1666 Apr.
2933 1612 3157 1666 passum
3192 1613 3314 1653 esse
3344 1597 3466 1653 Salo

215 1683 517 1739 Καλανδῶν
559 1684 879 1757 Ἀπριλλίων
912 1685 1002 1738 τὸν
1050 1685 1277 1757 Σωτῆρα
1311 1685 1636 1739 πεπονθέναι
1665 1703 1792 1739 κατ-

1903 1691 2156 1738 vatorcm.
2192 1682 2297 1735 Alii
2340 1681 2409 1735 ad
2443 1698 2475 1736 ι
2501 1682 2621 1736 Kal.
2667 1683 2799 1752 Apr.
2846 1684 3122 1753 rejiciunt.
3167 1682 3395 1742 Scdisti
3434 1704 3466 1742 ιι

211 1774 409 1846 ειλὴφα
420 1791 536 1845 μεν.
576 1775 731 1836 Τινὲς
754 1774 809 1828 δὲ
840 1777 905 1845 τῇ
931 1775 1037 1846 πρὸ
1062 1776 1195 1829 δέκα
1221 1776 1511 1830 Καλανδῶν
1570 1777 1791 1849 Ἀπριλο

214 1865 345 1920 λίων
388 1865 658 1934 λέγουσιν.
711 1865 998 1930 Ἐξέπεσον
1030 1866 1087 1921 δὲ
1132 1868 1227 1921 καὶ
1268 1860 1413 1921 οὗτοι
1444 1867 1539 1920 τοῦ
1578 1883 1793 1938 προκει-

222 1955 403 2025 μένου.
438 1956 594 2009 Δέδια
631 1955 688 2009 δὲ
716 1957 811 2009 καὶ
860 1958 988 2028 περὶ
1019 1952 1224 2011 τοῦτων
1266 1957 1359 2011 ἐπὶ
1405 1958 1653 2011 πλεῖστον
1690 1974 1793 2030 μη-

218 2047 376 2101 κῦναι
406 2048 497 2101 τὸν
527 2048 705 2117 λόγον.
740 2048 919 2102 Πολλὰ
946 2048 1053 2121 γὰρ
1080 2048 1276 2120 ἔχομεν
1308 2049 1507 2118 λέγειν.

284 2137 361 2191 B’.
402 2137 706 2209 Πληρώσας
734 2138 845 2207 γὰρ
876 2138 905 2190 δ
943 2140 1240 2211 νομοθέτης
1276 2140 1368 2194 τὸν
1403 2140 1580 2194 πάντα
1630 2142 1791 2213 νόμον

217 2230 439 2300 Μωσῆς,
473 2230 716 2288 ὲκ,Θεοῦ
746 2229 925 2283 λαϐὼν
969 2231 1029 2284 τὸ
1061 2233 1294 2302 πρᾶγμα
1324 2233 1340 2263 ¹
1385 2234 1442 2285 ὲν
1494 2235 1560 2303 τῇ
1589 2233 1793 2305 ἐσχάτῃ

215 2320 383 2392 βίϐλῳ
429 2321 890 2392 Δευτερονομίου,
930 2320 1177 2373 τουτέστι
1227 2321 1413 2392 τίθησι
1456 2321 1639 2384 πάσας
1692 2322 1791 2385 τὰς

212 2413 499 2482 κατάρας,
540 2411 602 2464 οὐ
666 2411 822 2481 μόνον
853 2410 982 2481 περὶ
1036 2409 1289 2481 Πασχῶν,
1332 2409 1470 2465 ἀλλὰ
1520 2410 1615 2464 καὶ
1665 2411 1792 2483 περὶ

213 2499 549 2570 περιτομῆς,
596 2498 691 2551 καλ⁵
727 2499 854 2569 περὶ
890 2497 1269 2562 δεκατώσεως,
1306 2499 1401 2552 καὶ
1442 2497 1789 2570 προσφορῶν.

216 2589 381 2644 Ὥστε
415 2586 529 2669 adv,
561 2590 611 2642 ei
642 2588 767 2660 μίαν
807 2591 1051 2661 κατάραν
1076 2589 1428 2659 πεφεύγασιν,
1468 2591 1547 2653 είς
1589 2588 1793 2653 πολλάς

213 2681 445 2744 ἑαυτοὺς
475 2680 780 2752 ὲνέπειραν.
811 2679 1212 2752 Εὐρεθὴσονται
1239 2680 1345 2754 γὰρ
1378 2681 1790 2752 ὲπικατάρατοι,

219 2772 296 2844 μὴ
333 2771 784 2842 περιτεμνόμενοι
804 2786 818 2801 ⁸
841 2770 1259 2840 ὲπικατάρατοι,
1289 2771 1372 2853 μὴ
1400 2770 1795 2825 άποδεκατοῦν-

214 2879 310 2926 τες
329 2879 346 2894 ο
382 2862 478 2915 καὶ
506 2861 898 2934 ὲπικατάρατοι
930 2862 1193 2930 γίνονται,
1226 2862 1301 2933 μὴ
1327 2865 1407 2926 είς
1438 2860 1792 2933 Ἰερουσαλὴμ

218 2953 645 3026 προσφέροντες.
704 2952 816 3006 Καὶ
860 2952 906 3005 ὢ
940 2952 1045 3005 τῶν
1090 2952 1297 3005 πολλῶν
1337 2949 1640 3025 ἀνθρώπων
1687 2942 1794 3007 τῶν

1892 1772 2176 1843 proposito
2201 1770 2544 1826 exciderunt.
2574 1770 2776 1825 Verum
2805 1774 2932 1827 nolo
2956 1774 3204 1844 pluribus
3227 1791 3295 1829 ea
3317 1776 3383 1830 de.
3409 1792 3468 1832 re

1892 1863 2199 1932 disputare.
2230 1861 2451 1931 Alioqui
2498 1862 2677 1918 multa
2710 1863 2868 1921 nobis
2904 1864 2973 1918 ad
3002 1865 3297 1922 dicendum
3335 1883 3495 1937 sup-—

1892 1960 2105 2023 petunt.

1962 2129 2027 2183 ll.
2074 2129 2285 2201 Moyses
2343 2129 2560 2201 quidem
2615 2130 2917 2200 legislatur,
2980 2149 3103 2188 eum
3154 2136 3493 2191 universam-2

1893 2219 2065 2290 legem
2108 2219 2395 2283 edixisset,
2450 2219 2709 2273 mandato
2746 2220 3014 2276 divinitus
3045 2235 3285 2293 recepto,
3322 2235 3381 2279 ut
3411 2226 3491 2279 in‘

1893 2317 2174 2381 postremo
2200 2310 2605 2364 Deuteronomii
2639 2310 2777 2363 libro
2802 2312 3066 2382 scriptum
3096 2318 3233 2377 cst‘,
3265 2315 3465 2385 impre-

1893 2400 2137 2456 cationes
2196 2415 2388 2456 omnes
2435 2401 2757 2471 proposuit;
2817 2403 2926 2457 non
2988 2403 3151 2458 modo
3220 2423 3342 2476 quae
3396 2408 3463 2465 ad

1892 2491 2182 2548 Paschalis
2226 2493 2676 2558 celebrationem,
2730 2495 2823 2549 sed
2865 2496 3026 2550 etiam
3072 2512 3192 2565 qua:
3242 2496 3311 2552 ad
3357 2499 3467 2551 cir-

1894 2581 2318 2650 cumcisionem,
2372 2598 2437 2638 ac
2482 2583 2746 2646 decimas.
2800 2592 2853 2637 et
2895 2586 3199 2641 oblationes
3252 2594 3468 2657 specta-

1892 2671 2048 2729 bant.
2082 2671 2264 2739 Quare
2290 2672 2421 2728 dum
2458 2689 2625 2728 unum
2656 2675 3067 2743 imprecationis
3106 2682 3278 2746 genus
3317 2676 3469 2732 devia

1892 2767 2031 2827 tant,
2075 2764 2128 2817 in
2155 2763 2291 2819 alias
2318 2765 2630 2835 complures
2654 2765 2976 2837 semetipsos
3010 2766 3262 2822 induunt.
3296 2767 3468 2823 Exsc-

1893 2852 2127 2908 crabiles
2168 2854 2369 2924 quippe
2413 2869 2509 2910 eos
2558 2862 2772 2925 oportet
2804 2870 2947 2918 csse,
2989 2857 3082 2925 qui
3129 2873 3309 2927 neque
3355 2858 3470 2912 cir-

1894 2944 2277 2999 cumcidantur
2327 2944 2583 3016 amplius,
2639 2961 2818 3016 neque
2867 2945 3109 3002 decimas
3168 2948 3466 3017 pensitent,

218 3040 300 3101 ιις
322 3038 522 3101 πολλὰς
545 3038 770 3101 ἑαυτοὺς
794 3039 1101 3110 ἐρεσχελίας
1124 3040 1497 3111 ἐμϐαλλόντων
1526 3042 1539 3095 ί
1559 3040 1797 3111 Ἀληθῶς

1903 3050 2078 3104 neque
2103 3033 2478 3107 Hierosolyma
2504 3036 2802 3107 quidquam
2831 3037 3096 3093 olYerendi
3132 3041 3305 3106 gratia
3335 3040 3468 3095 sub«

221 3127 334 3199 γάρ
361 3128 508 3181 ἔστιν
538 3130 713 3183 εἰπεῖν
746 3131 922 3184 ἐκεῖνο
949 3128 1011 3183 τὸ
1046 3132 1197 3201 ῥῆμα
1220 3130 1283 3183 τὸ
1308 3130 1521 3184 συνετὸν
1544 3130 1639 3184 τοῦ
1681 3129 1800 3184 Ἐκ-

222 3220 551 3289 κλησιαστοῦ
572 3223 615 3285 ³,
649 3221 712 3274 τὸ
744 3224 808 3276 ὲκ
853 3220 1167 3292 Πνεύματος
1202 3221 1355 3290 ἁγίου
1398 3224 1530 3293 ἡμῖν
1556 3220 1799 3275 διεσταλ-

227 3309 389 3379 μένον
408 3327 423 3342 ο
458 3311 539 3364 ὅτι
570 3311 741 3365 Τοῦτο
772 3311 913 3381 ἔγνω
938 3314 969 3366 ό
1011 3312 1463 3385 Ἐκκλησιαστὴς,
1494 3314 1575 3368 ὅτι
1603 3315 1631 3366 ὁ
1668 3313 1799 3376 Θεὸς

226 3401 448 3455 συνετὸν
469 3400 753 3475 ἄνθρωπον
782 3404 1037 3475 ἐποίησεν
1065 3402 1196 3475 εὑθῆ
1217 3418 1230 3432 ·
1264 3404 1416 3458 αὐτοὶ
1443 3404 1498 3458 δὲ
1529 3402 1811 3476 ἐζήτησαν

224 3490 428 3556 πολλάς
450 3492 662 3557 ἑαυτοῖς
680 3493 854 3559 ὁδούς.

299 3756 477 3810 Πόθεν
508 3756 616 3827 γάρ
643 3758 702 3810 οὐ
739 3757 1018 3812 διαπίπτει
1054 3756 1257 3811 τούτων
1292 3758 1326 3828 ἡ
1362 3757 1605 3823 διάνοια;
1646 3759 1803 3829 Πρῶ-

228 3866 320 3903 τον
354 3847 464 3919 γὰρ
493 3850 549 3902 ὲν
579 3851 645 3919 τῇ
684 3847 1244 3919 τεσσαρεσκαιδεκάτῃ
1274 3848 1336 3900 τὸ
1360 3849 1550 3919 Πάσχα
1587 3849 1801 3917 ἄγουσι,

206 3936 424 4007 ⁸-χρείαν
461 3935 641 4005 ἔχουσι
677 3935 741 3989 τδ
767 3936 1035 4008 πρόϐατον
1072 3936 1257 3989 λαϐεῖν
1285 3937 1391 3990 ἀπὸ
1418 3936 1672 4008 δεκάτης,
1710 3938 1807 3991 καὶ

230 4028 421 4098 τηρεῖν
445 4026 575 4080 αὐτὸ
596 4026 701 4090 ἕως
718 4026 1315 4099 τεσσαρεσκαιδεκάτης
1333 4042 1346 4056 ·
1373 4028 1468 4081 καὶ
1501 4014 1681 4081 οὐκέτι
1712 4028 1807 4099 μία

238 4119 417 4189 ἡμέρα
434 4117 583 4171 ἔσται
612 4119 709 4189 τῆς
726 4120 977 4190 νηστείας
998 4134 1013 4150 ⁸
1033 4119 1167 4173 άλλὰ
1198 4119 1379 4184 πέντε,
1398 4120 1432 4190 ἢ
1461 4120 1559 4191 τῇ³
1582 4121 1802 4195 δεκάτῃ,

232 4210 330 4264 καὶ
360 4208 638 4282 ἑνδεκάτῃ,
664 4209 759 4263 καὶ
793 4209 1093 4282 δωδεκάτης
1121 4209 1216 4263 καὶ
1244 4211 1686 4284 τρισκαιδεκάτῃ,
1713 4215 1809 4267 καὶ

233 4302 818 4374 τεσσαρεσκαιδεκάτῃ.
856 4301 982 4357 Ἐάν
1025 4302 1081 4357 δὲ
1108 4302 1243 4374 πρὸς
1273 4302 1512 4376 ἑσπέραν
1531 4303 1643 4375 (ιυ)
1674 4304 1808 4379 τυθῇ

1898 3126 2137 3180 mittant.
2186 3125 2232 3181 Ο
2274 3127 2526 3183 homines
2569 3136 2765 3198 sponte
2816 3129 3256 3187 cavillationibus
3304 3132 3471 3187 variis

1899 3230 1963 3285 ac
1996 3216 2252 3273 ludibriis
2301 3220 2672 3288 opportunos!
2716 3218 2831 3275 Hoc
2863 3224 3006 3275 enim
3039 3222 3108 3275 ab
3142 3221 3472 3278 Ecclesiaste

1899 3307 2173 3376 sapienter
2215 3308 2444 3375 dictum,
2478 3309 2565 3364 vel
2603 3310 2783 3380 potius
2829 3325 2860 3364 a
2900 3309 3108 3381 Spiritu
3155 3305 3472 3370 sancto'no-

1898 3405 2013 3455 ειη
2065 3413 2233 3455 causa
2282 3400 2718 3471 pronuntiatum,
2771 3402 2840 3457 ad
2898 3403 3022 3459 illos
3068 3404 3467 3459 accommodari

1898 3498 2113 3561 potest:
2140 3490 2254 3546 Hoc
2286 3492 2438 3547 novit
2464 3491 2846 3559 Ecclesiastes,
2876 3493 3136 3564 quoniam
3169 3492 3311 3548 Deus
3341 3510 3474 3564 pru-

1900 3581 2117 3638 dentem
2163 3583 2440 3639 hominem
2491 3582 2621 3639 l'ecit
2654 3591 2899 3648 rectum;
2935 3585 3014 3642 illi
3064 3591 3246 3639 autem
3293 3585 3468 3655 inqui-

1902 3674 2113 3729 sierunt
2149 3675 2331 3728 varias
2362 3674 2723 3746 sibimetipsis
2745 3676 2864 3730 vias
2885 3671 2930 3731 ⁸.

1970 3766 2167 3817 Annon
2241 3764 2475 3819 istorum
2534 3764 2875 3834 explodenda
2930 3766 3126 3819 merito
3206 3765 3473 3820 sententia

1902 3853 2023 3908 est?
2076 3851 2321 3907 Primum
2370 3854 2513 3908 enim
2550 3854 2597 3907 si
2640 3852 2853 3908 Pascha
2904 3853 2994 3908 die
3030 3870 3125 3907 xw
3172 3854 3471 3920 celebrant,

1898 3940 2010 4011 jam
2041 3949 2155 3995 tum
2184 3956 2214 3996 a
2245 3942 2332 3997 die
2360 3957 2392 3997 χ
2432 3941 2828 4013 praeparandus
2861 3941 2970 3998 illis
3012 3957 3186 4013 agnus
3215 3945 3338 4003 erit,
3370 3959 3472 3998 nec

1906 4034 2144 4104 amplius
2165 4050 2275 4089 una
2302 4035 2407 4090 erit
2430 4042 2754 4091 consecrata
2775 4034 2989 4105 jejunio
3020 4036 3135 4091 dies
3156 4052 3171 4102 ;
3196 4035 3291 4090 sed
3313 4035 3473 4105 quin-

1906 4140 2033 4196 que,
2062 4126 2324 4181 nimirum
2366 4127 2599 4191 decima,
2644 4127 2955 4190 undecima,
2991 4126 3338 4191 duodecima,
3370 4125 3473 4180 de-

1907 4216 2049 4271 cima
2100 4218 2259 4272 tertia
2298 4229 2353 4273 ct
2399 4217 2612 4274 decima
2651 4226 2869 4289 quarta.
2902 4217 3061 4289 42],
3095 4215 3252 4283 Quod
3306 4217 3350 4272 si
3406 4216 3483 4269 axl'

1907 4323 2192 4379 vesperam
2232 4309 2442 4365 Pascha
2481 4309 2645 4365 fuerit
2675 4309 3038 4373 immolatum,
3085 4307 3231 4378 quod
3265 4323 3355 4362 xiv
3387 4305 3475 4360 die

303 4456 322 4488 ⁸
350 4453 411 4509 F.
445 4453 795 4526 πρόσταγμα.
870 4456 888 4486 ’
924 4472 1013 4524 πρ.
1054 4455 1561 4527 Ἐκκλησιαστικοῦ.
1637 4458 1657 4489 ³
1683 4456 1740 4512 F.
1774 4460 1797 4529 ’ἦ

1903 4479 1959 4514 ›ν.
2038 4462 2060 4494 ⁵
2095 4462 2248 4519 Deut.
2280 4480 2450 4529 xxv",
2488 4464 2553 4519 18
2593 4480 2715 4535 sqq.
2796 4465 2820 4496 ⁸
2850 4463 3029 4519 Eccle.
3056 4460 3159 4526 vn,
3193 4463 3281 4520 50.

237 4578 291 4648 et
321 4582 387 4622 eo
422 4566 656 4648 amplius
687 4566 997 4648 an'ticipatre
1030 4569 1178 4648 _sint_
1200 4570 1533 4634 neomenize,
1570 4580 1633 4627 ut
1662 4572 1799 4627 nihil
1832 4580 1880 4637 υ
1907 4577 2230 4648 absurdum,
2261 4580 2417 4648 quasi
2444 4578 2512 4633 ad
2550 4594 2671 4634 cum
2700 4578 2843 4633 diem
2876 4580 3134 4648 lunceaiv
3165 4577 3281 4631 dies
3304 4578 3476 4646 possit

239 4639 345 4692 hac
397 4637 613 4710 quidem
664 4636 876 4689 ratione
922 4636 1179 4710 Sealigeri
1221 4649 1542 4707 argumenta
1577 4656 1797 4710 promo-

239 4704 427 4780 veant.
460 4704 565 4780 Sed
594 4721 774 4780 ea_res_
802 4722 903 4780 suo
934 4708 1053 4780 loco
1072 4704 1419 4764 tractabitur.
1458 4704 1647 4780 Neque
1673 4726 1802 4766 vero

243 4778 449 4850 ιιιίιιοιζΔ
475 4776 777 4850 (Zalviniani
826 4778 1051 4850 alterius
1088 4786 1173 4832 cst
1198 4782 1442 4850 vanitas,
1478 4776 1570 4850 qui
1602 4779 1799 4850 Epiph.

243 4844 584 4917 credulitatis
618 4846 914 4917 insimulat
956 4862 1023 4900 ex
1061 4862 1127 4900 eo
1172 4849 1315 4917 quod
1353 4844 1518 4905 variis
1564 4849 1620 4904 in
1651 4844 1806 4906 'lo'eis

244 4914 407 4968 Pilati
440 4913 573 4989 acta
618 4915 799 4989 laudet
822 4932 1046 4989 ._nequc
1077 4913 1259 4989 tamen
1292 4920 1345 4971 in
1378 4917 1499 4974 falsi
1530 4920 1803 4989 suspicio-

245 5001 369 5039 nem
406 4984 662 5038 adducat.
713 4983 868 5050 Quod
918 4983 987 5041 ne
1014 4986 1402 5045 refutationem
1432 4983 1653 5059 quidem
1697 5005 1812 5045 me-

246 5066 420 5109 I'Cllll‘.

268 5180 277 5191 _
323 5124 401 5194 (9)
438 5123 550 5177 Καὶ
583 5124 653 5177 ἐν·
699 5124 904 5190 αὐτοῖς
944 5124 1012 5179 δὲ
1048 5124 1285 5191 στάσις.
1338 5126 1464 5182 Haec
1505 5127 1671 5182 verba
1707 5129 1816 5185 τῶν

255 5195 355 5263 μὲν
382 5194 668 5268 λεγόντων,
691 5205 839 5268 Δ(ξιοη
884 5194 1059 5268 aliena
1087 5196 1156 5249 ab
1201 5195 1305 5249 hoc
1336 5196 1459 5268 loco
1495 5197 1665 5252 videri
1694 5214 1818 5268 pos-

254 5262 405 5319 ειιιιι.
439 5262 572 5335 Nam
622 5264 865 5335 priorum
897 5264 1113 5335 illorum
1146 5266 1474 5320 sententiam
1505 5262 1811 5333 continent,

254 5335 348 5401 qui
374 5350 463 5388 τιν
487 5331 1027 5387 ιιιηιιόυιεὶιιιιιιιὶιιιιι
1063 5332 1273 5387 Pascha
1304 5335 1598 5390 sciverant.
1625 5331 1813 5402 Quané

256 5418 421 5473 quam
456 5418 599 5473 saepe
632 5403 808 5457 otiOsa
854 5402 1122 5470 ejusmodi
1174 5404 1424 5524 repetitio
1472 5404 1615 5474 apud
1664 5406 1811 5461 hunc

259 5474 581 5524 scrinlorem
630 5471 1100 5524 animadvertitur.
1154 5470 1223 5524 Se
1302 5472 1431 5524 auid
1477 5487 1541 5524 ea
1589 5476 1806 5524 tandem

259 5470 1100 5543 scriptoremanimadvertitur.
1141 5470 1431 5543 _Sed_quid
1477 5470 1541 5543 ea
1589 5476 1806 5530 tandem

257 5540 615 5614 silii'volunt?
648 5540 932 5614 ‘Statuisse
958 5541 1102 5614 illos
1118 5540 1365 5614 _Pascha_
1391 5556 1484 5614 χιιι
1510 5542 1662 5614 luna,
1687 5560 1807 5614 qua:

259 5611 315 5666 in
352 5628 445 5669 vm
476 5610 595 5668 Kal.
633 5611 763 5680 Apr.
795 5610 1067 5665 incurrat?
1118 5609 1207 5667 Est
1239 5611 1368 5667 illud
1396 5610 1613 5681 quidem
1641 5609 1804 5671 nimis

1907 4646 2299 4719 adhaerescere.
2327 4647 2470 4719 Quid
2501 4649 2546 4704 si
2570 4649 2676 4719 πρὸ
2702 4648 2810 4701 τῶν
2830 4647 2982 4719 νόκτῴ
3006 4647 3155 4719 βαι,
3176 4648 3338 4719 γιβειιε
3365 4663 3472 4701 ιιυιι

1905 4716 2015 4770 τῶν
2048 4718 2157 4790 πρὸ
2190 4719 2332 4790 ὀκτῲ
2348 4721 2411 4790 ?__
2426 4717 2558 4790 Nam
2594 4716 2650 4771 αἱ
2680 4718 2785 4788 πρὸ
2817 4718 2961 4790 όκτῴ
3004 4717 3124 4790 Kal.
3172 4717 3312 4790 idem
3335 4727 3480 4790 _suat

1908 4797 2071 4856 atque
2093 4784 2163 4841 ἀί
2195 4787 2341 4842 ὀκτώ
2371 4787 2491 4843 Kal.
2523 4788 2656 4854 Qua:
2702 4784 2956 4857 loquendi
3002 4787 3237 4857 foriuula
3260 4800 3297 4857 ia
3334 4784 3480 4841 Lati-

1908 4857 1997 4911 nis
2028 4861 2289 4928 manavit,
2325 4860 2525 4928 quibus
2591 4865 2719 4912 ante
2750 4856 2893 4913 diem
2930 4875 3025 4928 vm
3065 4856 3185 4911 Kal.
3220 4856 3362 4928 idem
3391 4865 3481 4928 est

1923 4935 2084 4998 atque
2110 4944 2205 4982 vm
2236 4926 2357 4983 Kal.
2391 4928 2459 4981 At
2494 4928 2537 4983 si
2574 4928 2680 4998 πρὸ
2707 4928 2814 4981 τῶν
2842 4926 2989 4979 ὀκτώ
3016 4929 3184 4996 legas,
3221 4926 3366 4979 hunc
3390 4926 3481 4979 ha-

1923 4997 2012 5050 bet
2039 5013 2284 5061 seusum,
2317 4999 2499 5051 lunam
2530 4997 2651 5052 illos
2690 5013 2780 5051 xiv
2807 4997 3181 5055 constituisse.
3220 5010 3325 5064 qua
3353 5004 3481 5050 ante

1920 5081 2017 5120 vm
2066 5067 2185 5137 Kal.
2236 5067 2517 5124 incideret.
2563 5066 2677 5121 Nisi
2720 5065 2869 5137 forte
2901 5082 2990 5119 xiv
3010 5066 3201 5137 lunam
3230 5063 3339 5137 τῶν
3375 5066 3482 5137 πρὸ

1919 5137 2064 5189 ὀκτώ
2077 5136 2200 5192 Kal.
2233 5147 2390 5193 vocet
2414 5152 2696 5207 eam,qu@
2717 5135 3097 5207 huictermino
3128 5134 3481 5207 propinquior

1921 5214 2026 5277 est,
2059 5207 2203 5277 quod
2251 5222 2440 5262 verum
2467 5204 2619 5277 puto}
2653 5205 2709 5261 Si
2741 5205 2962 5275 quidem
2995 5214 3049 5259 et
3077 5204 3189 5258 hmo
3220 5204 3479 5277 loquendi

1921 5273 2188 5345 formula,
2237 5291 2401 5344 quam
2453 5273 2553 5345 pro
2602 5273 2821 5345 recepta
2868 5288 3179 5345 excusaque
3210 5275 3480 5345 isuhstitui

1922 5360 2083 5428 posse
2108 5344 2349 5426 diximus
2383 5344 2491 5417 πρὸ
2519 5345 2638 5428 τῶν.
2670 5344 2813 5399 ὀκτώ
2830 5360 2940 5428 pro
2965 5344 3154 5428 eodem
3174 5413 3186 5428 1
3206 5344 3482 5400 interdum

1923 5412 2057 5485 solet
2089 5415 2368 5485 usurpari,
2400 5412 2565 5485 atque
2591 5416 2760 5485 altera
2788 5412 2895 5485 τῶν
2927 5412 3033 5485 πρὸ
3057 5413 3219 5485 ὀκτώ.

1992 5484 2104 5552 (10)
2157 5484 2289 5537 Ἐὰν
2322 5482 2488 5553 πρὸς-⁷
2510 5483 2792 5556 ἑσπέραν.
2824 5482 3231 5543 νὶάοᾺιιίιιιιιιι.
3265 5489 3483 5541 nostra:

1956 5554 1987 5610 d
2024 5554 2154 5610 liter.
2185 5567 2313 5610 tu.
2346 5570 2401 5608 n.
2442 5555 2525 5610 il.

1919 5567 1987 5610 ad
2025 5567 2154 5610 lla'l'.
2185 5567 2313 5618 LXX,
2346 5570 2401 5608 ιι.
2442 5567 2525 5610 11.
