3866 6068
409 143 510 210 ηδτ

1810 161 1865 217 S.
1909 157 2257 218 EPIPHANII

2436 84 2525 96 *μα’

3601 156 3720 213 εεδ

406 275 761 334 ιὲιιιοεεορηῑθ
785 278 1016 350 geritur,
1054 294 1106 332 vt
1129 278 1249 334 dies
1273 280 1485 349 jejunio
1511 282 1790 337 tribuendi
1822 290 1981 347 sunt;

2104 282 2151 335 τὸ
2173 268 2432 352 Πάσχα,ἠ
2464 281 2600 353 αὐτὴ
2621 278 3188 352 τεσσαρεσκαιδεκάτη
3212 276 3627 349 ἐπιφὼσκουσα
3648 277 3712 343 ἓξ

406 382 507 424 nec
527 368 641 438 jam
669 386 813 425 unus
848 369 1214 441 praeﬁnietur;
1245 371 1435 442 sicque
1463 374 1643 429 omnis
1668 374 1758 427 illa
1791 374 1859 429 de
1883 391 1991 429 una

404 461 495 515 die
519 463 750 531 quaastio
774 477 871 531 per
903 478 960 517 se
992 463 1110 531 ipsa
1134 462 1363 527 corruit,
1398 480 1521 534 qua:
1550 480 1674 521 esse
1703 466 1867 520 unica
1899 467 1994 521 de-

406 554 559 609 sinit.
592 554 730 606 Nam
779 560 833 607 et
867 553 936 607 ad
972 554 1096 609 illas
1128 553 1430 623 ﬁgurarum
1474 558 1723 620 umbras,
1767 575 1888 628 qua:
1922 561 1992 613 iis

403 645 541 714 ipsis
612 643 993 714 signiﬁcantur
1073 646 1414 703 adamussim
1512 660 1864 721 congruunt;
1934 659 1988 707 et

404 739 541 790 istos
582 750 814 792 necesse
837 745 921 793 est
969 737 1117 793 haud
1164 739 1496 796 mediocrem
1532 741 1844 797 divinorum
1877 759 1994 815 my-

404 827 698 882 steriorum
729 829 1005 897 jacturam
1040 830 1238 887 facere.
1275 833 1559 888 Christum
1589 837 1735 890 enim
1776 852 1869 891 xw
1905 836 1994 891 die

361 925 366 997 ξ
406 919 638 972 mactari
691 936 757 974 ex
797 912 1121 992 praescripto
1156 924 1292 993 legis
1343 927 1606 996 oportuit,
1653 937 1710 980 ut
1754 928 1875 996 ejus
1916 928 1993 981 lu-

362 1006 370 1021 '
403 1025 551 1074 men,
591 1012 735 1080 quod
766 1012 988 1069 Iudaeos
1022 1015 1404 1081 collustrabat,
1437 1018 1648 1073 oriente
1680 1019 1795 1073 sole
1829 1034 1891 1072 ac
1920 1020 1994 1072 lu.

405 1118 532 1157 nam
562 1104 960 1172 abscondente,
985 1107 1284 1163 desineret.
1312 1108 1524 1166 Etenim
1557 1127 1709 1165 a-xrv
1732 1112 1820 1167 die
1842 1112 1995 1165 dcin-

406 1211 537 1265 ceps
567 1197 711 1251 lunae
741 1198 1004 1267 splendor
1035 1198 1404 1254 imminuitur.
1444 1197 1537 1255 Sic
1568 1201 1622 1255 in
1647 1203 1819 1256 veteri
1853 1203 1990 1272 lege,

405 1294 532 1357 post
577 1287 867 1342 adt'entum
922 1304 986 1342 ac
1040 1290 1355 1360 passionem
1400 1289 1638 1357 Domini,
1675 1292 1990 1348 Judaaorum

405 1377 699 1433 obscurata
742 1377 1048 1450 Synagoga,
1098 1382 1472 1452 evangelicum
1523 1384 1703 1439 lumen
1758 1383 1986 1450 aﬁ‘ulsit,

407 1484 518 1524 non
565 1478 624 1524 ut
661 1471 839 1525 soluta
883 1473 965 1526 lex
1027 1474 1119 1536 sit,
1162 1473 1257 1528 sed
1312 1464 1568 1544 impletaﬁ
1607 1491 1784 1547 neque
1838 1485 1897 1531 ut
1936 1478 1989 1533 in

404 1561 643 1616 nihilum
678 1562 853 1633 ﬁgura
892 1564 1115 1620 redacta
1150 1567 1241 1630 sit,
1275 1567 1372 1622 sed
1414 1574 1473 1619 ut
1503 1568 1789 1623 veritatem
1838 1569 1991 1623 exhi-

2099 373 2332 427 διατελεί
2353 373 2568 445 ἡμέρας
2602 375 2659 425 ἐν
2785 372 3035 443 νηστείᾳ·
3066 372 3161 424 καὶ
3188 369 3380 424 οὐκέτι
3414 369 3520 439 μία
3550 366 3706 421 E512.-

2099 466 2198 536 τῆς
2248 466 2542 536 νηστείας·
2595 465 2690 537 καὶ
2743 463 2990 517 διέπεσεν
3035 463 3068 533 ἡ
3120 462 3249 534 περὶ
3295 462 3435 533 μιᾶς
3487 460 3704 530 ἡμέρςς

2100 554 2280 608 αὐτῶν
2319 555 2566 626 ζήτησις,
2601 556 2663 608 ού
2697 554 2795 625 μία
2828 570 2909 617 τις
2936 547 3088 607 οὖσα.
3120 553 3275 622 Ἔχει
3301 550 3415 621 γὰρ
3446 548 3521 603 τὰ
3560 566 3683 621 πρω

2100 644 2307 698 τότυπα
2357 644 2795 715 συνεζευγμένα·
2841 644 2935 697 καὶ
2986 641 3324 713 ἐζημίωνται
3364 642 3473 694 οὐκ
3510 641 3699 709 ὀλίγην

2101 737 2242 791 κατὰ
2283 736 2416 790 Θεὸν
2448 736 2851 809 πραγματείαν.
2888 735 3039 788 Ἔδει
3082 735 3191 806 γὰρ
3224 735 3317 787 τὸν
3361 735 3608 806 Χριστὸν
3641 736 3700 786 ἐν

2099 831 2670 902 τεσσαρεσκαιδεκάτῃ
2701 829 2885 901 ἡμέρα
2910 828 3135 882 θύεσθαι
3175 828 3318 882 κατὰ
3364 830 3462 881 τὸν
3505 828 3691 898 νόμον,

2100 920 2247 982 ὅπως
2273 920 2408 992 λήξῃ
2440 921 2570 991 παρ’
2596 920 2780 983 αὐτοῖς
2807 918 2869 972 τὸ
2903 918 3137 988 φωτίζον
3170 920 3372 981 αὐτοὺς
3402 918 3524 988 φῶς
3551 919 3692 971 κατὰ

2099 1011 2190 1063 τὸν
2221 1013 2402 1083 νόμον,
2437 1011 2529 1064 τοῦ
2563 1011 2715 1083 ήλίου
2746 1011 3145 1075 ἀνατείλαντος,
3177 1010 3275 1063 καὶ
3308 1011 3695 1073 σκεπάσαντος

2099 1103 2197 1173 τῆς
2226 1103 2455 1176 σελήνης
2478 1102 2538 1155 τὺ
2570 1102 2749 1166 σέλας.
2785 1101 2917 1154 Ἀπὸ
2943 1101 3053 1173 γάρ
3078 1101 3689 1173 τεσσαρεσκαιδεκάτης

2101 1197 2194 1248 καὶ
2232 1196 2382 1249 κάτω
2411 1196 2586 1266 φθίνει
2621 1195 2681 1249 τὸ
2730 1194 2947 1264 φαεινὸν
2976 1196 3073 1266 τῆς
3113 1195 3364 1266 σελήνης.
3394 1194 3556 1247 Οῦτω
3598 1195 3689 1247 καὶ

2099 1288 2157 1339 ἐν
2203 1287 2281 1357 τῷ
2313 1286 2462 1358 νόμῳ
2504 1288 2612 1341 ἀπὸ
2659 1286 2761 1357 τῆς
2803 1286 2895 1340 τοῦ
2953 1286 3191 1358 Χριστοῦ
3236 1285 3548 1356 παρουσίας
3598 1288 3687 1339 καὶ

2099 1377 2307 1438 πάθους
2328 1376 2655 1449 ἠμαύρωται
2686 1380 2718 1448 ἡ
2757 1376 3019 1448 Ἰουδαῖκὴ
3040 1367 3351 1449 συναγωγὴ,
3370 1377 3685 1448 κατηύγασε

2098 1469 2154 1522 δὲ
2212 1468 2273 1522 τὸ
2326 1469 2691 1539 Εὐαγγέλιον·
2762 1470 2837 1541 μὴ
2897 1469 3290 1533 καταλυθέντος
3348 1469 3444 1523 τοῦ
3499 1470 3681 1541 νόμον,

2098 1561 2235 1614 ἀλλὰ
2282 1561 2688 1634 πληρωθέντος·
2732 1561 2806 1632 μὴ
2868 1561 3309 1632 καταργηθέντος
3354 1561 3453 1615 τοῦ
3493 1563 3685 1627 τύπου,

404 1654 609 1708 buerit.
651 1654 729 1709 ita
757 1664 883 1726 post
910 1655 1124 1711 Pascha
1157 1658 1224 1713 ad
1272 1656 1683 1714 Hierichuntem
1712 1670 1989 1731 peractum

2104 1653 2236 1707 ἀλλὰ
2268 1655 2720 1725 παραστήσαντος
2742 1653 2841 1725 τὴν
2873 1653 3154 1725 ἀληθειαν.
3181 1653 3339 1707 Οὕτω
3360 1654 3474 1726 γάρ
3503 1655 3602 1708 καὶ
3630 1656 3683 1706 ἐν

407 1746 692 1817 Scriptura
723 1748 912 1803 statim
944 1750 1146 1820 adjecit
1173 1768 1185 1803 :
1222 1750 1291 1803 Et
1323 1750 1658 1806 comederunt
1700 1753 1755 1806 in
1791 1751 1991 1824 Calga-

407 1838 496 1901 lis,
536 1849 586 1893 et
620 1839 809 1910 defecit
838 1857 1036 1895 manna
1066 1843 1106 1897 ¹.
1152 1842 1362 1908 Quibus
1397 1844 1582 1900 verbis
1618 1844 1857 1925 jdipsum
1906 1862 1993 1900 sa-

407 1948 516 1988 crae
564 1932 787 1989 Littera:
853 1934 1209 1989 vaticinando
1265 1943 1476 1991 testatae
1518 1943 1668 2000 sunt,
1709 1937 1991 1992 Dominica

406 2040 562 2092 nece,
604 2032 828 2097 prepter
867 2026 1198 2097 adnegatum
1246 2027 1315 2081 ab
1360 2028 1471 2082 illis
1517 2044 1741 2092 numen.
1793 2028 1995 2098 angeli-

404 2133 554 2181 cum,
579 2134 643 2173 ac
664 2118 887 2174 caeleste
908 2119 1186 2190 pabulum,
1215 2120 1363 2191 quod
1395 2121 1742 2192 appellabant
1767 2136 1989 2187 manna,

405 2211 737 2268 desiturum.

475 2394 564 2449 ill.
609 2395 852 2451 Ecclesia
885 2410 1049 2466 porro
1077 2395 1384 2462 Catholica,
1420 2413 1541 2467 quae
1574 2397 1641 2451 ad
1679 2397 1731 2451 id
1784 2405 2000 2469 myste‘

406 2489 549 2542 rium
591 2486 978 2542 celebrandum
1032 2489 1348 2544 necessaria
1405 2498 1534 2545 sunt
1571 2490 1812 2561 undique
1862 2505 1995 2544 con—

403 2579 653 2643 trahens,
688 2579 827 2635 etin
864 2595 1033 2634 unum
1073 2579 1398 2647 conferens,
1455 2583 1738 2637 veritatem
1756 2581 1995 2637 retinet.

403 2667 542 2724 Nam
568 2686 678 2725 non
709 2670 886 2725 solum
926 2686 1019 2724 xnv
1057 2670 1201 2724 diem
1225 2672 1519 2738 observat;
1557 2671 1652 2728 sed
1687 2678 1744 2727 et
1787 2671 1994 2727 hebdo-

405 2761 661 2828 madam;
701 2761 806 2820 hoc
843 2768 928 2816 est
976 2770 1229 2831 septenos
1291 2760 1418 2816 illos
1456 2750 1679 2817 Sabbati
1708 2761 1826 2818 dies
1852 2803 1866 2828 ,
1897 2764 1992 2834 qui

408 2860 672 2920 perpetuo
731 2852 968 2907 circuitu
1016 2866 1080 2905 ac
1129 2853 1470 2907 revolutione
1507 2853 1771 2919 redeunt,
1823 2863 1884 2910 ut
1925 2856 1992 2910 ad

405 2956 598 2995 eorum
629 2941 911 3011 exemplar
942 2958 1063 3012 quin
1104 2952 1233 2998 sunt
1268 2958 1300 2998 a
1336 2943 1566 2999 Domino
1593 2952 1774 3015 gesta.
1807 2961 1994 3002 resur-

408 3031 580 3085 rectio
614 3032 894 3103 epulaeque
934 3033 1299 3089 celebrentur.
1356 3034 1560 3091 Deinde
1612 3048 1811 3107 praeter
1849 3039 1993 3094 lunae

405 3140 499 3178 xiv
530 3125 703 3191 diem,
747 3127 912 3182 etiam
948 3141 1172 3183 cursum
1223 3128 1356 3184 solis
1390 3130 1647 3194 adhibet,
1689 3147 1758 3186 ne
1795 3132 1999 3203 duplex,

406 3221 460 3269 in
519 3219 769 3275 eumdem
824 3235 1028 3276 annum
1068 3220 1280 3277 Pascha
1339 3223 1412 3277 ita
1466 3225 1875 3293 committatur,
1935 3239 1995 3282 ut

407 3310 578 3365 altero
618 3327 764 3367 anno
818 3328 887 3368 ne
922 3330 1096 3369 unum
1127 3314 1350 3384 quidem
1407 3315 1692 3370 habeatur.
1722 3316 1993 3383 Quocirca

405 3418 498 3456 xw
529 3404 675 3457 illam
712 3403 854 3458 diem
889 3406 972 3461 sic
1008 3415 1258 3462 tenemus
1284 3449 1299 3473 ,
1344 3415 1405 3462 ut
1434 3408 1827 3477 aequinoctium
1857 3426 1993 3481 prae-

406 3490 847 3558 tergrediamur;
904 3507 970 3548 ae
1009 3493 1232 3549 demum
1273 3497 1328 3550 in
1377 3505 1623 3553 sanctam
1653 3498 1993 3556 Dominicam

407 3579 807 3648 religioSissimi
826 3585 1087 3653 temporis
1116 3585 1277 3641 ﬁnem
1301 3587 1648 3655 conjicimus,
1673 3588 1770 3644 sed
1794 3605 1992 3660 agnum

402 3669 518 3735 jam
559 3678 673 3725 tum
707 3687 736 3725 a
779 3664 994 3731 decimo
1022 3676 1110 3731 die
1150 3679 1457 3743 sumimus,
1492 3681 1753 3750 quoniam
1787 3681 1842 3736 in
1878 3681 1988 3736 lota

402 3764 588 3819 littera
640 3762 770 3821 Jesu
811 3781 1012 3823 nomen
1053 3769 1435 3840 agnoscimus;
1476 3785 1547 3826 ne
1591 3771 1725 3842 quid
1769 3774 2011 3849 omnino.

405 3856 743 3926 diligentiam
784 3866 1026 3914 nostram
1067 3859 1310 3932 ell'ugiat,
1348 3863 1493 3933 quod
1549 3863 1619 3918 ad
1655 3866 1995 3922 ecclesiasti-

405 3964 529 4004 cam
563 3957 614 4005 et
649 3968 1002 4023 germanam,
1035 3968 1100 4009 ac
1136 3955 1265 4010 vitae
1323 3956 1624 4028 salutisque
1657 3959 1993 4015 conciliatri-

407 4058 524 4098 cem
558 4041 849 4101 Paschatis
887 4046 1311 4104 celebrationem
1351 4050 1626 4118 pertinere
1650 4052 1919 4107 videatur.

475 4136 639 4209 422
671 4136 775 4192 Sed
803 4138 916 4208 jam
951 4139 1272 4209 pestiferum
1304 4140 1526 4197 bufonis
1554 4141 1718 4212 hujus
1752 4146 1989 4201 afﬂatum

405 4226 612 4281 Christi
646 4228 885 4297 poten’tia
919 4228 1418 4301 velutlobsignatus
1459 4232 1811 4305 munitusque
1850 4251 1991 4305 prae-

2094 1746 2173 1817 τῷ
2226 1745 2585 1817 πεποιηκέναι
2633 1746 2695 1798 τὸ
2747 1746 2939 1817 Πάσχα
2996 1747 3052 1797 ἐν
3104 1747 3173 1816 τῇ
3229 1745 3467 1818 Ἱεριχὼ,
3528 1745 3684 1810 εὐθὺς

2095 1839 2399 1909 ἐπήνεγκεν
2438 1839 2471 1909 ἡ
2501 1837 2622 1891 Οεία
2661 1837 2874 1909 Γραφὴ,
2912 1838 3177 1906 λέγουσα·
3212 1838 3322 1891 Καὶ
3355 1837 3592 1907 ἔφαγον
3616 1838 3683 1892 ἐν

2092 1929 2436 1997 Γαλγάλοις
2465 1929 2565 1983 καὶ
2592 1928 2835 1992 ἐξέλιπε
2857 1930 2923 1982 τὸ
2945 1928 3149 1998 μάννα
3171 1945 3182 1957 ·
3216 1929 3681 2002 προμαρτυροῦσα

2095 2020 2279 2083 αὐτοῖς
2331 2022 2364 2091 ἡ
2400 2020 2521 2074 θεία
2560 2010 2785 2091 Γραφὴ,
2832 2020 2926 2073 καὶ
2972 2020 3437 2092 προφητεύουσα,
3490 2022 3574 2074 ὅτι
3606 2021 3679 2091 τῷ

2094 2112 2257 2168 πάθει
2293 2112 2497 2184 Κυρίου
2544 2111 2634 2164 διὰ
2680 2110 2779 2182 τὴν
2822 2111 3003 2166 αὐτῶν
3054 2112 3490 2184 ἐπαρνησιθεῖαν
3536 2113 3681 2185 λήξει

2095 2206 2224 2276 παρ’
2254 2204 2437 2266 αὐτοῖς
2468 2204 2501 2273 ἡ
2532 2202 2737 2274 βρῶσις
2764 2203 3145 2275 ἡεύαγγελικὴ
3172 2208 3190 2236 ¹
3218 2205 3311 2258 καὶ
3334 2205 3677 2277 ἐπουράνιος,

2093 2295 2234 2363 ὅπερ
2273 2293 2449 2364 μάννα
2477 2292 2607 2363 παρ’
2644 2293 2828 2356 αὐτοῖς
2867 2293 3150 2364 κέκληται.

2165 2386 2238 2438 Γ’.
2280 2382 2623 2454 Πανταχόθεν
2668 2383 2725 2435 δέ
2781 2384 2813 2455 ή
2864 2384 2995 2451 ἁγία
3031 2383 3143 2455 (ll)
3192 2381 3331 2437 Θεοῦ
3386 2386 3678 2456 Ἐκκλησία

2096 2476 2223 2550 περὶ
2252 2477 2352 2548 τῆς
2376 2476 2564 2548 χρείας
2595 2473 2798 2545 ταύτης
2828 2475 2926 2546 τῆς
2964 2476 3353 2545 μυσταγωγίας
3390 2477 3679 2546 συλλέγου.

2097 2587 2165 2622 σα
2201 2568 2292 2623 τὸν
2325 2567 2617 2639 σύνδεσμον
2640 2610 2654 2633 ,
2678 2567 2740 2620 οὐ
2773 2566 3054 2621 διαπίπτει
3097 2572 3198 2641 τῆς
3244 2568 3530 2641 ἀληθείας.
3570 2571 3683 2624 Κέ-

2094 2680 2297 2735 χρηται
2322 2662 2431 2733 γὰρ
2454 2662 2513 2715 οὐ
2549 2661 2707 2733 μόνον
2725 2664 2789 2732 τῇ
2805 2662 3374 2734 τεσσαρεσκαιδεκάτῃ
3393 2705 3407 2727 ,
3435 2665 3574 2718 ἀλλὰ
3590 2665 3681 2718 καὶ

2093 2758 2159 2826 τῇ
2196 2753 2453 2825 ἐδδομάδι
2477 2757 2540 2825 τῇ
2577 2752 2717 2807 κατὰ
2752 2754 3001 2825 περίοδον
3043 2755 3500 2827 ἁνακυκλουμένῃ
3532 2756 3678 2822 τάξει

2092 2846 2201 2900 τῶν
2242 2845 2337 2899 τοῦ
2388 2846 2666 2899 Σαϐϐάτω
2697 2846 2837 2900 ἑπτὰ
2872 2846 3097 2918 ἡμερῶν
3119 2864 3132 2876 ·
3166 2848 3252 2901 ἵνα
3285 2848 3428 2902 κατὰ
3481 2850 3551 2902 τὰ
3582 2849 3677 2902 ὑπὸ

2096 2941 2189 2995 τοῦ
2215 2940 2422 3012 Κυρίου
2457 2939 2726 3010 γενόμενα
2755 2940 2896 2993 κατὰ
2928 2939 2987 2993 τὸ
3021 2942 3399 3013 πρωτότυπον,
3433 2943 3521 3013 εἴη
3548 2943 3676 2996 ἀνά·

2099 3034 2287 3096 στασίς
2325 3051 2385 3087 τε
2431 3034 2526 3086 καὶ
2570 3033 2793 3103 εὐωχία.
2830 3034 2941 3086 Καὶ
2981 3033 3247 3107 κέχρηται
3291 3036 3351 3088 ού
3410 3037 3572 3107 μόνον

2094 3126 2664 3200 τεσσαρεσκαιδεκάτῃ
2692 3128 2790 3198 τῆς
2824 3128 3054 3201 σελήνης
3076 3169 3091 3192 ,
3144 3129 3279 3182 ἀλλὰ
3315 3130 3411 3183 καὶ
3442 3129 3524 3199 τῷ
3563 3129 3681 3201 δρό-

2101 3238 2186 3291 μῳ
2237 3220 2330 3273 τοῦ
2379 3219 2562 3290 ἡλίου·
2622 3220 2709 3272 ἴνα
2760 3219 2867 3291 μὴ,
2904 3221 2985 3273 ἐνὶ
3046 3220 3280 3291 ἐνιαυτῷ
3335 3221 3431 3274 δύο
3492 3223 3676 3292 Πάσχα

2098 3310 2404 3375 ποιοῦντες,
2435 3312 2492 3363 ἐν
2530 3308 2608 3380 τῷ
2650 3310 2821 3382 ἑτέρῳ
2870 3310 3003 3381 μηδὲ
3034 3310 3093 3364 ἓν
3125 3310 3317 3380 Πάσχα
3348 3311 3675 3382 τελέσωμεν.

2088 3402 2187 3455 Διὸ
2236 3400 2706 3473 παρατηρούμεθα
2753 3402 2850 3472 μὲν
2900 3403 2997 3472 τὴν
3053 3403 3673 3475 τεσσαρεσκαιδεκάτην,

2098 3492 2499 3565 ὑπερϐαίνομεν
2533 3492 2714 3565 δὲτὴν
2751 3493 3062 3564 ἰσημερίαν,
3096 3493 3334 3565 φέρομεν
3367 3495 3426 3548 δὲ
3467 3498 3561 3549 ἐπὶ
3585 3496 3673 3566 τὴν

2096 3585 2258 3654 ἁγίαν
2285 3584 2572 3656 Κυριακὴν
2609 3584 2669 3637 τὸ
2701 3584 2854 3648 τέλος
2892 3584 2992 3654 τῆς
3025 3585 3506 3657 συμπληρώσεως·
3540 3588 3674 3658 λαμ-

2095 3679 2331 3749 ϐάνομεν
2355 3677 2411 3731 δὲ
2435 3678 2497 3731 τὸ
2521 3677 2790 3749 πρόϐατον
2818 3677 2925 3730 ἀπὸ
2948 3676 3212 3749 δεκάτης,
3240 3678 3414 3751 ὄνομα
3443 3681 3540 3734 τοῦ
3577 3682 3673 3752 Ἰη-

2096 3771 2191 3826 σοῦ
2225 3772 2538 3841 ἐπιγνόντες
2567 3772 2653 3826 διὰ
2679 3771 2739 3825 τὸ
2768 3770 2939 3825 ἰῶτα·
2978 3771 3067 3824 ἵνα
3101 3771 3177 3842 μὴ
3217 3769 3359 3844 λάθῃ
3393 3774 3545 3843 ἡμᾶς
3578 3790 3672 3842 μη-

2093 3866 2181 3919 δὲν
2210 3864 2319 3919 τῶν
2355 3863 2500 3919 κατὰ
2528 3864 2627 3935 τὴν
2657 3864 2917 3934 ἀλήθειαν
2944 3866 3124 3918 πᾶσαν
3148 3865 3250 3935 τῆς
3280 3863 3525 3934 ζωτικῆς
3549 3864 3668 3918 ταύ·

2093 3975 2194 4030 της
2232 3957 2327 4011 τοῦ
2371 3956 2717 4033 Πάσγα-τῆς
2763 3956 3223 4028 ἐκκλησιαστικῆς
3275 3958 3371 4010 καὶ
3424 3957 3673 4028 ἀληθινῆς

2097 4049 2499 4122 πραγματείας.

2177 4140 2590 4212 Ὑπερϐήσομαι
2649 4141 2706 4192 δὲ
2758 4139 2849 4193 καὶ
2900 4139 3058 4193 τοῦτο
3109 4140 3172 4193 τὸ
3228 4139 3539 4212 ἐμφύσημα
3584 4138 3667 4193 τοῦ

2097 4233 2294 4304 βέωνος
2343 4233 2485 4304 (12),
2530 4234 2704 4286 είτουν
2743 4231 2982 4301 φυσαλοῦ
3033 4233 3249 4303 ὄφεως,
3303 4232 3393 4287 διὰ
3438 4237 3538 4304 τῆς
3582 4232 3666 4287 τοῦ

404 4319 618 4383 teribo;
656 4333 721 4373 ac
760 4319 854 4375 Dei
900 4337 1002 4391 ope
1044 4324 1338 4393 postulata,
1378 4324 1619 4379 animum
1654 4326 1721 4381 ad
1755 4329 1989 4400 reliquas

2104 4326 2333 4398 Χριστοῦ
2372 4325 2652 4397 δυνάμεως
2683 4324 3223 4396 ἐπισφραγισάμενος
3246 4366 3260 4389 ,
3298 4326 3392 4379 καὶ
3436 4326 3529 4379 ἐπὶ
3582 4325 3666 4388 τὰς

408 4420 749 4466 convertam.
842 4432 852 4439 ‘

674 4614 1045 4672 ADVERSUS
1085 4614 1413 4673 II/ERESIN
1460 4618 1666 4673 ILLAM
1690 4660 1704 4683 .

411 4729 544 4795 Qum
596 4729 832 4804 lcannis
883 4730 1224 4801 Evnngelium
1275 4742 1324 4789 et
1376 4735 1734 4804 Apocalypsin
1794 4736 1986 4804 rejicit,

440 4817 600 4868 quam
624 4801 924 4856 Amantium
951 4804 1203 4871 appellat,
1235 4801 1451 4860 haeresis
1477 4801 1692 4872 XXXI,
1725 4801 1958 4860 sire'LI.

475 4977 516 5036 Ι.
562 4977 695 5037 Post
727 4980 1155 5054 Cataphrygum,
1189 4982 1694 5049 Quintillianorum,
1732 4994 1786 5040 et
1821 4986 1992 5050 Quar—

403 5073 877 5128 tldecimanorum
906 5084 1105 5138 sectas,
1131 5090 1272 5130 neva
1304 5074 1549 5145 quaedam
1584 5075 1635 5130 in
1665 5078 1850 5133 orbem
1882 5088 1992 5134 ter-

402 5178 589 5217 rarum
647 5166 830 5235 erupit
885 5166 1153 5228 haeresis,
1194 5167 1343 5223 velut
1394 5168 1702 5224 imbecillus
1741 5185 1993 5241 serpens,

2095 4417 2222 4487 ἑξῆς
2253 4416 2340 4469 τὸν
2371 4415 2496 4470 νοῦν
2529 4415 2843 4486 προτείνων,
2875 4415 3006 4468 Θεὸν
3043 4414 3288 4485 συνήθως
3317 4418 3669 4487 ἐπικαλούμε-

2094 4525 2184 4571 νος
2216 4510 2296 4571 είς
2322 4508 2591 4580 βοήθειαν.
3118 4560 3119 4563 η

2520 4624 2707 4677 ΚΑΤΑ
2747 4623 2883 4677 ΤΗΣ
2918 4622 3260 4685 ΑΙΡΕΣΕΩΣ,

2097 4735 2216 4806 Τῆς
2239 4735 2675 4807 μὴδεχομένης
2702 4735 2767 4790 τὸ
2798 4735 2948 4807 κατὰ
2984 4734 3263 4807 Tingim-nr
3284 4738 3663 4807 Εὑαγηέλιωῇ.

2154 4804 2252 4862 και
2284 4804 2847 4874 τὴνἏποκάλυιιζνν,
2869 4804 2949 4873 ἣν
2974 4804 3273 4860 ἐκάλεσεν
3318 4804 3603 4872 Ἄνοήτων
3627 4805 3662 4869 ³,

2142 4876 2469 4947 τριακοστὴ
2499 4877 2695 4947 πρώτη
2720 4919 2734 4943 ,
2770 4878 2808 4945 ὴ
2839 4876 2937 4929 καὶ
2958 4877 3359 4947 πεντηκοστὴ
3400 4876 3615 4948 πρώτη.

2158 4988 2236 5043 A'.
2268 4988 2521 5060 Καθεξῆς
2568 4989 2625 5042 δὲ
2671 4987 2875 5041 τούτων
2921 4988 3029 5040 τῶν
3058 4988 3361 5059 αἱρέσεων,
3396 4988 3538 5058 μετὰ
3581 4988 3666 5058 τὴν

2090 5079 2231 5134 κατὰ
2284 5080 2502 5153 Φρύγας
2557 5098 2616 5133 τε
2668 5080 2762 5134 καί
2811 5080 3301 5144 Κυῖντιλλιανοὺς,
3344 5081 3442 5135 καὶ
3469 5082 3665 5134 Τεσσα-

2096 5173 2575 5243 ρεσκαιδεκατίτας
2607 5171 2749 5225 οὕτω
2791 5172 3159 5244 καλουμένους
3179 5211 3195 5237 ,
3225 5171 3439 5244 ἀνεφύη
3471 5171 3547 5247 τῷ
3579 5171 3666 5242 βίῳ

479 5321 491 5350 ¹
528 5319 645 5377 Jos.
680 5339 735 5389 ν,
773 5323 839 5377 18
913 5325 934 5355 ³
964 5323 1026 5379 F.
1056 5325 1342 5398 ἁγγελική.
1420 5325 1573 5382 ³ιιιιο
1614 5328 1796 5397 potius
1843 5328 2102 5397 Ἀλόγων.

477 5437 589 5508 (Η)
622 5439 1019 5513 ,Πανταχόθεν
1049 5441 1120 5495 ὃς
1154 5444 1193 5511 ἡ
1227 5444 1383 5513 ἁγία.
1438 5444 1569 5511 Quae
1616 5445 1681 5497 ad
1718 5445 1865 5500 hunc
1902 5445 1985 5500 lo-

403 5522 533 5585 cum
570 5508 884 5585 adnotanda
913 5508 1284 5585 era‘nt._ea'4ad'
1311 5508 1587 5569 hacrftxx
1619 5531 1739 5585 qua:
1772 5523 1856 5570 est
1882 5515 1991 5569 Au-

410 5581 559 5652 dian.
603 5578 954 5652 differemus,
1018 5583 1106 5640 ubi
1156 5583 1313 5652 plura
1377 5585 1443 5639 ad
1507 5578 1985 5642 hoe'institutum

410 5647 601 5722 Epiph.
640 5651 903 5721 disputat.

2168 5447 2279 5519 (l2)
2327 5448 2394 5502 Τὸ
2438 5448 2768 5521 ἐμφύσημα
2797 5448 2902 5521 τοῦ
2941 5450 3206 5521 βέωνος.
3242 5447 3359 5506 Vox
3397 5451 3502 5507 ista
3538 5450 3659 5521 ῥέων

2095 5517 2369 5591 nusquam
2409 5517 2581 5591 ame
2637 5517 2796 5591 lecta.
2846 5519 3023 5588 Atque
3067 5519 3230 5591 haud
3271 5521 3391 5576 scio
3434 5537 3503 5577 an
3539 5517 3663 5591 ’βούι

2097 5607 2274 5658 φωνος
2301 5587 2495 5647 Latino
2522 5588 2787 5647 vocabulo
2819 5587 3108 5661 scripserit
3136 5589 3333 5662 Epiph.
