4008 6078
274 160 380 217 839

949 163 1316 223 ADVERSUS
1356 167 1701 229 H/ERESES
1738 174 1864 233 LIB.

1964 218 1973 233 .
2012 178 2176 235 TOM.
2216 180 2260 234 ι.
2295 212 2367 225 -
2398 144 2668 239 Ηιειιεε.
2710 183 2800 240 Li.

3404 172 3520 249 .890

276 284 485 354 αἵρεσις
518 279 682 352 ἑτέρα
708 319 722 344 ,
748 278 935 353 ὥσπερ
973 284 1208 354 ἑρπετὸν
1227 286 1476 352 ἀσθενὲς,
1514 290 1589 361 μὴ
1617 291 1845 362 δυνάμε.

1964 298 2044 367 ιιιί
2074 297 2358 377 dictamni,
2388 301 2470 355 vel
2502 292 2756 370 styracis,
2785 308 2874 355 aut
2894 300 3229 363 libauitidis,~
3245 310 3339 357 aut
3367 305 3523 358 abro-

275 389 364 427 νον
394 372 665 442 ἀντισχεῖν
702 372 838 443 πρὸς
864 374 962 443 τὴν
1005 374 1179 446 ὀσμὴν
1213 377 1308 448 τῆς
1355 378 1651 450 δικτάμνου
1679 422 1694 446 ,
1732 386 1850 454 ἤτοι

277 464 582 535 στύρακος,
626 463 659 533 ἢ
708 463 1058 529 λιϐανίτιδος,
1101 466 1134 535 ἢ
1173 468 1270 537 τῆς
1324 469 1617 541 ἀδροτόνου
1646 511 1661 535 ,
1692 473 1722 543 ἦ
1752 475 1851 545 τῆς

276 556 455 626 ὀσμῆς
481 554 576 608 τοῦ
607 555 881 624 ἀσφάλτου
903 596 918 621 ,
970 557 1002 627 ἣ
1038 558 1130 611 τοῦ
1162 559 1504 631 θυμιάματος
1523 604 1539 629 ,
1586 564 1619 634 ἢ
1651 565 1743 617 τοῦ
1773 565 1851 618 λί-

278 649 373 701 θου
425 646 521 700 τοῦ
553 648 796 716 γαγάτου
846 648 994 718 (l5),
1028 649 1060 720 ἢ
1115 650 1208 703 τοῦ
1243 652 1471 723 κέρατος
1501 656 1597 725 τῆς
1630 656 1848 724 ἐλάφου.

276 740 412 792 Φασὶ
440 738 549 811 γὰρ
594 740 645 791 οἱ
684 741 743 792 ἐν
772 737 1028 810 συνήθείᾳ
1079 742 1363 809 γεγονότες
1396 745 1490 798 καὶ
1526 745 1615 799 διὰ
1656 748 1851 818 πείρας

276 830 480 885 τούτων
500 828 674 882 ταῦτα
703 828 770 882 τὰ
802 830 915 900 εἴδη
950 830 1288 886 ἀπελαστικά
1319 830 1456 888 εἶναι
1484 837 1727 906 ἑρπετῶν
1757 838 1852 890 καὶ

280 920 519 973 ίοὸόλων.
555 919 664 973 Καὶ
698 920 798 989 τὴν
835 921 933 991 μὲν
952 920 1241 992 δίκταμνον
1282 941 1427 988 τινες
1462 926 1715 981 καλοῦσιν
1744 929 1851 981 ἀπὸ

276 1014 370 1068 τοῦ
423 1014 549 1076 τοὺς
596 1013 787 1076 παῖδας
822 1012 931 1067 τῶν
973 1014 1173 1085 ἰατρῶν
1218 1017 1514 1087 κεχρῆσθαι
1552 1019 1722 1089 ταύτῃ
1772 1020 1851 1091 ei;

276 1106 375 1176 τὴν
409 1105 519 1158 τῶν
557 1104 857 1157 τικτουσῶν
908 1106 1182 1173 γυναικῶν
1232 1107 1504 1178 βοήθειαν.
1545 1110 1706 1162 Ὥστε
1757 1111 1851 1181 ἀφ’

275 1196 437 1264 ἡμῶν
463 1194 688 1258 εἰκότως
718 1194 1111 1258 άπεικάζεσθαι
1148 1198 1228 1259 εἰς
1272 1197 1361 1250 τὸν
1390 1197 1592 1251 ἄνωθεν
1632 1199 1851 1252 ἐλθόντα

279 1285 473 1353 Λόγον,
504 1285 635 1338 Θεὸν
681 1284 787 1339 ἀπὸ
814 1285 923 1338 τῶν
952 1287 1287 1355 ἐπουρανίων
1307 1326 1322 1351 ,
1348 1289 1412 1340 ὲκ
1451 1288 1663 1357 Πατρὸς
1693 1290 1855 1360 ἀχρό-

278 1393 386 1439 νως
418 1376 510 1429 καὶ
548 1376 798 1447 ἀνάρχως
828 1377 1242 1447 γεγεννημένον.
1300 1379 1436 1448 Φησὶ
1481 1378 1589 1450 γάρ
1621 1381 1649 1432 ὁ
1698 1379 1854 1433 Σολο-

281 1465 401 1535 μὼν
454 1467 580 1537 περὶ
632 1467 727 1537 τῆς
766 1467 995 1535 ἄφρονος
1052 1471 1147 1521 καὶ
1192 1467 1400 1538 φαύλης
1449 1468 1739 1536 γυναικὸς,
1772 1470 1852 1522 ὅτι

258 1557 463 1611 .Μισεῖ
493 1558 679 1626 ,λόγον
709 1559 1066 1626 ἀσφαλείας.
1102 1557 1287 1622 Οὕτως
1319 1559 1412 1612 καὶ
1443 1553 1587 1613 οὗτοι
1628 1559 1698 1613 τὰ
1736 1576 1853 1613 στε-

278 1648 381 1720 ρεά
416 1647 508 1700 τοῦ
546 1648 901 1723 κηρύγματος
955 1649 1326 1718 μεμισήκασιν
1352 1687 1367 1711 ,
1418 1648 1647 1716 ἐπίγειοι
1680 1647 1851 1713 ὄντες,

279 1742 374 1792 καὶ
404 1739 540 1810 πρὸς
572 1739 640 1792 τὰ
669 1739 967 1809 ἐπουράνια
1004 1738 1453 1810 ἀπεχθανόμενοιε
1484 1738 1644 1791 Ὅθεν
1693 1738 1855 1791 δεδιό-

277 1851 371 1896 τες
396 1832 492 1903 τὴν
523 1831 706 1901 φωνὴν
731 1830 824 1884 τοῦ
858 1831 1012 1898 ἁγίου
1046 1831 1361 1903 Πνεύματος
1381 1872 1396 1896 ,
1426 1830 1522 1902 τὴν
1556 1831 1818 1899 λέγουσαν
1837 1847 1850 1860 ⁸

279 1922 455 1991 Φωνὴ
483 1922 701 1989 Κυρίου
730 1918 1185 1990 καταρτιζομένη
1222 1920 1490 1990 ἐλάφους
1508 1936 1523 1952 ·
1561 1919 1654 1973 τοῦ
1679 1922 1857 1974 εἰπόν-

283 2033 373 2080 τος
405 2018 516 2079 τοῖς
539 2013 703 2069 αὐτοῦ
741 2012 944 2077 δούλοις
971 2014 1066 2067 καὶ
1093 2013 1407 2078 ἀποστόλοις
1427 2030 1441 2044 ’
1489 2012 1647 2067 Ἰδοὺ
1681 2012 1859 2066 δέδω-

278 2123 360 2161 κα
412 2105 553 2175 ὑμῖν
606 2104 720 2174 τὴν
755 2104 1047 2169 ἐξουσίαν
1082 2102 1293 2156 πατεῖν
1340 2102 1433 2155 ἐπὶ
1499 2101 1697 2170 ὄφεις,
1758 2100 1858 2154 καὶ

281 2197 615 2267 σκορπίους
645 2235 661 2261 ,
725 2195 827 2248 καὶ
879 2194 977 2249 ἐπὶ
1036 2194 1243 2250 πᾶσαν
1287 2193 1402 2263 τὴν
1450 2193 1705 2261 δύναμιν
1752 2191 1858 2245 τοῦ

284 2289 519 2357 ἐχθροῦ.
549 2285 696 2358 Αὕτη
720 2286 828 2359 γὰρ
866 2281 934 2357 ἦν
959 2286 992 2356 ἡ
1023 2285 1229 2357 φωνὴή
1265 2282 1699 2356 καταρτιζομένη
1732 2282 1856 2337 ἐλά-

282 2398 418 2450 φους
441 2424 454 2443 ,
488 2381 522 2450 ἡ
549 2378 761 2432 δοθεῖσα
807 2379 886 2441 είς
916 2379 1006 2432 τὸν
1031 2377 1233 2448 κόσμον
1269 2375 1357 2430 διὰ
1384 2376 1492 2428 τῶν
1526 2374 1693 2445 ἁγίων
1724 2375 1859 2428 ἀπο-

282 2470 487 2524 στόλων
515 2468 608 2523 καὶ
634 2467 1053 2537 εύαγγελιστῶν,
1084 2466 1469 2537 καταπατῆσαι
1497 2464 1595 2536 τὴν
1623 2463 1717 2517 τοῦ
1742 2464 1858 2517 δια-

281 2560 440 2613 εόλου
485 2558 855 2629 ἐναντιότητα.
903 2556 992 2623 Ἐξ
1045 2550 1119 2609 ὧν
1151 2556 1355 2623 ὁάγιος
1390 2555 1642 2620 Ἰωάννης
1691 2549 1858 2625 ἀκρό-

279 2666 426 2703 τατα
470 2649 735 2720 ἐπέστησε
756 2687 771 2711 ,
807 2647 899 2701 καὶ
931 2646 1176 2717 διήλεγξε
1226 2644 1319 2716 τὴν
1351 2644 1578 2714 δύναμιν
1610 2639 1717 2695 τῶν
1766 2659 1862 2694 πε-

283 2744 461 2811 πλάνη
470 2743 666 2812 μένων,
700 2741 794 2793 καὶ
824 2740 943 2807 όφιο
950 2739 1015 2809 μό
1024 2755 1193 2811 pacem.
1659 2738 1665 2745 ’

238 2814 245 2821 ’
359 2836 434 2887 B'.
488 2831 647 2886 Ἀλλά
672 2832 772 2884 οὐκ
811 2830 1081 2900 ἰσχύουσιν
1112 2830 1168 2882 ὲν
1194 2830 1257 2899 τῇ
1298 2826 1515 2898 κιϐωτῷ
1536 2828 1585 2881 οἱ
1608 2826 1857 2882 τοιοῦτοι.

294 2923 684 2994 Ἐπιτρὲπεται
717 2922 826 2992 γάρ
856 2922 885 2973 ό
927 2920 1079 2988 ἅγιος
1111 2918 1233 2972 Νῶε
1285 2918 1419 2973 κατά
1465 2918 1526 2972 τὸ
1562 2918 1714 2990 ῥῆμα
1745 2920 1860 2972 Κυ-
1887 2946 1929 3007 c

285 3018 419 3088 ρίου
454 3012 926 3083 ὲπασφαλίσασθαι
965 3011 1060 3080 τὴν
1100 3011 1385 3080 τοιαύτην,
1433 3009 1509 3071 ὡς
1551 3010 1683 3079 φησὶ
1726 3008 1862 3080 πρὸς

283 3108 480 3162 αὐτόν’
535 3104 977 3174 Ἀσφαλτώσεις
1005 3101 1199 3170 αὐτὴν
1223 3101 1471 3165 ἔσωθεν,
1495 3100 1594 3153 καὶ
1621 3100 1861 3163 ἔξωθεν*

285 3203 375 3255 ἴνα
403 3200 555 3273 δείξῃ
585 3199 645 3251 τὸ
673 3194 810 3260 εἶδος
838 3197 937 3266 τῆς
977 3194 1139 3262 ἁγίας
1188 3192 1296 3264 (id)
1334 3192 1428 3246 τοῦ
1458 3190 1591 3244 Θεοῦ
1636 3190 1890 3262 Ἐκκλη--

286 3294 412 3355 σέας
434 3330 449 3355 ,
479 3289 710 3361 ἐχούσης
743 3291 843 3359 τῆς
876 3285 1147 3354 ἀσφάλτου
1175 3284 1274 3355 τὴν
1311 3283 1539 3353 δύναμιν
1558 3324 1572 3350 ,
1599 3284 1698 3353 τὴν
1735 3282 1869 3334 ἀπο-

284 3383 590 3437 διώκουσαν
618 3381 685 3434 τὰ
712 3379 858 3433 δεινά
888 3380 982 3431 καὶ
1010 3377 1265 3448 όλετήρια
1290 3374 1569 3447 ἐρπετὼδη
1604 3373 1867 3443 διδάγμα-

285 3493 374 3529 τα.
417 3473 752 3543 ’οπου-γάρ
789 3471 1048 3542 θυμιᾶται
1092 3471 1128 3537 ἡ
1165 3467 1470 3538 ἄσφαλτος,
1519 3466 1621 3519 οὐκ
1664 3463 1869 3535 ἰσχύσει

287 3567 485 3638 στῆναι
528 3566 671 3635 ὄφις.
714 3563 991 3635 Ἐκάρωσε
1020 3562 1197 3616 τοίνυν
1232 3562 1454 3622 τούτους
1494 3558 1555 3611 τὸ
1592 3557 1746 3625 ἅγιον
1776 3555 1871 3608 Bue

288 3660 473 3731 μίαμα
516 3656 611 3710 τοῦ
648 3655 946 3727 στύρακος,
981 3655 1076 3707 καὶ
1107 3649 1501 3724 παραιτοῦνται
1539 3647 1728 3700 τούτου
1771 3645 1870 3716 τὴν

285 3750 458 3819 ὀδμὴν
479 3787 493 3811 ,
526 3748 620 3801 καὶ
660 3746 759 3818 τῆς
789 3744 1083 3816 ἀϐροτόνου
1109 3784 1123 3808 ,
1158 3742 1333 3795 εἶτουν
1366 3736 1687 3799 λιδανίτιδος
1720 3738 1754 3806 ἡ
1783 3734 1871 3788 δύ-

288 3856 455 3909 ναμις
475 3878 490 3901 ,
519 3840 639 3892 κατ’
668 3837 832 3890 αὐτοῦ
865 3836 959 3889 τοῦ
991 3834 1166 3905 ὄφεως
1195 3830 1532 3901 ἐπιφύσασα,
1562 3824 1871 3896 καιὲπάνω

287 3933 381 3986 τοῦ
435 3929 646 4000 φωλεοῦ
702 3927 866 3982 αὑτοῦ
920 3925 1351 3995 ἑκϐλαστήσασα.
1408 3918 1576 3973 Ἔνθα
1628 3917 1735 3989 γὰρ
1779 3916 1871 3970 τὸν

288 4023 526 4092 Χριστὸν
558 4024 620 4074 ἐκ
650 4019 992 4091 παρατριϐἦς
1023 4017 1175 4087 ψιλὸν
1206 4013 1488 4083 ἄνθρωπον
1518 4011 1812 4081 ἐκήρυττεν
1843 4010 1872 4061 ὁ

301 4112 501 4166 Ἐϐίων
529 4111 624 4164 καὶ
652 4112 681 4163 ὁ
712 4108 1012 4181 Κήρινθος,
1065 4106 1160 4159 καὶ
1205 4105 1254 4158 οί
1292 4103 1428 4174 ἀμφ’
1463 4100 1694 4163 αὐτοὺς,
1730 4099 1871 4169 φημὶ

288 4204 344 4258 δὲ
386 4205 445 4256 ὲν
490 4206 557 4272 τῇ
602 4200 795 4271 Ἀσίᾳ,
832 4200 948 4252 ἐκεῖ
983 4196 1043 4249 τὸ
1087 4192 1310 4264 Πνεῦμα
1354 4191 1417 4244 τὸ
1451 4189 1603 4257 ἀγιον
1633 4186 1871 4265 ἀνέτειλε

1954 390 2091 453 toni,
2114 397 2207 443 aut
2241 390 2546 455 bituminis,
2576 401 2669 446 aut
2698 391 2928 453 sullilus,
2958 402 3051 447 aut
3076 401 3279 463 gagataa
3305 394 3520 463 lapidis.

1952 487 2046 533 aut
2089 481 2322 551 denique
2369 480 2574 537 cervini
2614 498 2787 538 cornu
2822 484 3041 539 odorem
3098 500 3207 539 non
3264 485 3519 540 sustinet.

1952 569 2049 627 His
2077 572 2221 626 enim
2251 572 2412 627 rebus
2440 582 2719 642 serpentes
2751 590 2813 629 ac
2854 580 3146 629 venenatas
3175 575 3378 630 bestias
3404 576 3521 630 abi-

1950 664 2002 734 gi
2054 663 2328 732 proditum
2374 664 2441 718 ab
2491 664 2558 719 iis
2592 672 2694 728 est,
2727 668 2817 734 qui
2856 667 2905 721 id
2942 682 3042 721 usu
3080 667 3523 737 experientiaque

1951 752 2279 808 didicerunt.
2304 751 2457 818 Quod
2487 768 2617 807 vero
2648 755 2713 808 ad
2744 754 3077 809 dictamnum
3110 756 3363 825 pertinet,
3395 756 3522 812 inde

1951 856 2072 895 esse
2116 840 2319 894 dictum
2367 841 2611 910 plerique
2645 850 2903 905 censent,
2944 843 3087 912 quod
3123 843 3187 896 ad
3218 843 3523 913 parturien.

1952 932 2085 985 tium
2136 930 2375 986 remedia
2414 946 2444 984 a
2482 932 2708 988 medicis
2755 932 3065 986 adhibetur.
3103 932 3282 998 Quare
3329 936 3527 990 merito

1953 1020 2005 1075 id
2034 1019 2216 1074 divino
2250 1018 2447 1084 Verbo,
2482 1018 2609 1083 Deo,
2631 1019 2871 1090 inquam,
2893 1020 2984 1089 qui
3012 1021 3077 1074 de
3104 1021 3242 1076 cmlo
3266 1021 3522 1090 delapsus

1952 1118 2069 1175 est,
2098 1118 2153 1165 et
2184 1125 2215 1164 a
2245 1109 2405 1165 Patre
2430 1112 2548 1166 sine
2573 1111 2686 1164 ullo
2715 1110 2956 1179 tempore
2979 1118 3085 1175 est,
3126 1118 3218 1163 aut
3246 1110 3404 1164 initio
3431 1126 3525 1180 ge-

1952 1200 2120 1263 nitus,
2157 1216 2187 1253 a
2226 1202 2385 1257 nobis
2408 1202 2872 1257 accommodatur.
2907 1200 3064 1268 Quod
3094 1218 3222 1257 vero
3262 1202 3525 1257 Salomon

1953 1290 2021 1347 de
2059 1292 2258 1347 stolida
2300 1306 2366 1348 ac
2413 1308 2645 1363 nequam
2678 1294 2905 1349 muliere
2936 1294 3111 1357 dicit,
3157 1293 3341 1349 odisse
3374 1293 3526 1347 illam

1953 1385 2265 1441 securitatis
2318 1400 2658 1452 sermonem;
2693 1387 2796 1442 hoc
2823 1385 2891 1440 ad
2931 1387 3070 1441 istos
3116 1385 3400 1440 transferri
3433 1400 3525 1455 po-

1954 1483 2081 1542 test,
2120 1474 2214 1545 qui
2251 1476 2482 1531 solidam
2509 1491 2573 1529 ac
2599 1484 2939 1531 constantem
2973 1476 3276 1531 doctrinam
3305 1476 3529 1544 penitus

1953 1565 2206 1621 oderunt.
2238 1564 2418 1619 Terrae
2442 1564 2708 1633 siquidem
2744 1565 2883 1618 alIixi
2923 1572 3089 1629 sunt,
3116 1573 3171 1618 et
3207 1580 3236 1616 a
3284 1564 3518 1618 caslesti-

1954 1656 2059 1711 bus
2082 1656 2397 1711 abhorrent.
2425 1655 2657 1724 Ideoque
2694 1669 2883 1709 vocem
2910 1655 3057 1708 illam
3088 1655 3260 1708 sancti
3282 1653 3526 1723 Spiritus

1955 1746 2418 1816 perhorrescunt:
2470 1745 2583 1799 Vox
2628 1743 2843 1797 Domini
2886 1747 3237 1814 prwparantis
3274 1762 3448 1799 cervos
3479 1747 3522 1808 ις

1956 1837 2048 1907 qui
2089 1836 2306 1906 quidem
2332 1836 2505 1891 servis
2533 1836 2650 1890 suis
2680 1842 2734 1890 et
2761 1836 3024 1905 apostolis
3044 1836 3179 1891 dixit
3198 1856 3215 1891 -.
3245 1836 3377 1891 Ecce
3403 1836 3529 1892 dedi

1957 1926 2099 1980 vobis
2131 1933 2440 1995 potestatem
2470 1924 2714 1979 calcandi
2743 1940 2899 1991 super
2926 1936 3186 1994 serpentes
3215 1935 3264 1979 et
3296 1929 3533 1996 scorpio-

1957 2033 2047 2071 nes
2066 2054 2081 2079 ,
2127 2027 2175 2069 et
2215 2032 2373 2085 super
2398 2031 2601 2069 omnem
2630 2016 2872 2069 virtutem
2903 2017 3106 2071 inimici
3135 2018 3178 2070 ².
3221 2015 3346 2071 Haec
3382 2018 3527 2072 enim

1959 2107 2049 2162 illa
2090 2122 2194 2161 vox
2225 2116 2343 2162 erat
2380 2121 2572 2161 cervos
2605 2121 2956 2176 praeparans,
3002 2122 3126 2177 qua:
3162 2123 3259 2176 per
3305 2116 3532 2162 sanctos

1957 2199 2322 2270 apostolosct
2370 2197 2736 2267 evangelistas
2775 2212 2871 2266 per
2897 2196 3085 2251 orbem
3113 2204 3198 2251 est
3238 2195 3533 2264 dissipata.

1960 2291 2037 2344 uti
2075 2290 2279 2345 diaboli
2312 2289 2529 2343 hostilis
2559 2288 2625 2343 ad
2662 2286 3074 2357 repugnandum
3108 2286 3190 2341 vis
3216 2292 3271 2341 et
3299 2286 3529 2342 audacia

1958 2382 2388 2453 proculcaretur.
2427 2377 2532 2433 Sed
2572 2394 2638 2434 ex
2693 2377 3062 2448 apostolorum
3115 2390 3342 2432 numero
3392 2390 3532 2445 pra:-

1959 2475 2117 2543 cipue
2151 2471 2391 2526 Joannes
2427 2470 2678 2535 exstitit,
2709 2468 2804 2539 qui
2836 2468 3076 2523 animum
3107 2467 3395 2523 intendens
3422 2480 3531 2522 cat-

1960 2576 2148 2617 corum
2183 2560 2437 2623 istorum,
2469 2574 2533 2613 ac
2562 2557 2908 2629 serpentibus
2937 2555 3196 2612 similium
3234 2556 3534 2625 potentiam

1961 2651 2302 2723 reprimeret.

2030 2822 2193 2895 523
2234 2821 2298 2879 ll.
2337 2823 2658 2893 Quanquam
2686 2820 2818 2876 nihil
2847 2821 3110 2877 adversus
3143 2835 3324 2875 arcam
3365 2835 3532 2876 cona-

1962 2920 2052 2971 tus
2084 2915 2311 2969 istormn
2345 2913 2576 2982 prolicit.
2611 2912 2783 2978 Quam
2821 2911 2942 2967 idco
2989 2911 3200 2967 munire
3228 2928 3290 2965 ac
3318 2911 3535 2968 ﬁrmare

1966 3009 2189 3058 sanctus
2234 2998 2347 3076 Npe
2396 2999 2581 3054 divina
2631 3014 2765 3055 voce
2811 3007 3208 3054 commonctur.
3251 2998 3343 3054 Sic
3388 3002 3535 3054 enim

1966 3092 2107 3148 Deus
2136 3092 2409 3161 praecipit:
2445 3090 2622 3145 Lintea
2652 3106 2769 3144 eam
2797 3090 3049 3145 bitumine
3083 3092 3224 3146 intus
3253 3102 3305 3146 et
3335 3092 3465 3157 faris
3487 3093 3535 3146 ⁸.

1966 3181 2036 3238 Ut
2057 3190 2259 3239 sancta:
2291 3181 2387 3238 Dei
2411 3181 2668 3237 Ecclesia:
2696 3182 2933 3252 speciem
2969 3182 3250 3252 praeberet,
3302 3198 3422 3252 qum
3449 3183 3535 3236 bi—

1966 3276 2191 3331 tuminis
2218 3275 2327 3331 vim
2378 3275 2576 3337 habet,
2604 3288 2711 3344 qua
2741 3274 3050 3344 perniciosa
3079 3288 3143 3328 ac
3175 3271 3382 3328 letifera
3415 3288 3532 3328 ser-

1967 3374 2190 3437 pentum
2248 3366 2498 3435 dogmata
2554 3364 2961 3435 propulsantur.
3020 3361 3339 3433 Ubicunque
3388 3361 3536 3416 enim

1967 3459 2210 3514 bitumen
2245 3442 2484 3520 sulliunt,
2514 3455 2697 3509 nullus
2721 3454 2794 3509 ibi
2822 3468 3046 3525 serpens
3094 3461 3361 3509 moratur.
3393 3451 3536 3518 Quin

1968 3549 2129 3604 etiam
2153 3556 2343 3602 sancto
2379 3546 2613 3616 styracis
2640 3544 2831 3600 nidore
2865 3546 3175 3615 sapiuntur,
3214 3546 3372 3614 cujus
3405 3543 3539 3599 odo—

1968 3656 2082 3696 rem
2117 3638 2364 3709 fugiunt,
2401 3648 2460 3692 ut
2496 3646 2549 3692 et
2589 3638 2878 3703 abrotoni,
2916 3638 3030 3692 sive
3072 3637 3371 3692 libanitidis
3409 3637 3541 3698 vim.

1970 3730 2016 3786 si
2046 3744 2211 3799 supra
2240 3728 2508 3798 serpentis
2546 3727 2830 3781 latibulum
2879 3728 3091 3781 consita
3136 3729 3335 3791 fuerit,
3381 3728 3542 3796 atque

1969 3811 2268 3891 pullularit.
2302 3815 2515 3870 Etenim
2553 3815 2744 3870 iisdem
2787 3814 2895 3868 illis
2947 3815 3001 3869 in
3033 3815 3168 3871 locis
3190 3854 3207 3879 ,
3259 3818 3313 3870 in
3341 3817 3542 3886 quibus

1971 3907 2517 3981 nudum‘hominem,
2574 3914 2627 3961 et
2673 3921 2736 3960 ex
2791 3908 3076 3976 utriusque
3115 3922 3279 3961 sexus
3308 3907 3540 3975 conjuno

1972 4000 2151 4053 ctione
2201 4005 2377 4051 satum
2436 4010 2560 4049 esse
2603 3993 2880 4049 Christum
2915 3993 3085 4049 Ehion
3134 4006 3187 4049 et
3244 3993 3542 4050 Cerinthus

1973 4105 2097 4146 cum
2126 4087 2243 4143 suis
2271 4101 2516 4142 asserere
2547 4085 2667 4140 ausi
2703 4092 2867 4151 sunt,
2908 4087 3011 4140 hoc
3039 4092 3122 4140 est
3166 4084 3218 4138 in
3256 4083 3407 4147 Asia,
3438 4084 3541 4139 ibi-

1976 4182 2098 4236 dem
2130 4179 2364 4250 Spiritus
2391 4184 2618 4232 sauctus
2653 4176 2797 4229 illam
2830 4176 2977 4229 velut
3007 4173 3229 4228 herbam
3259 4172 3544 4229 sanctissi-

289 4298 367 4369 τῷ
397 4296 586 4365 κόσμῳ
613 4293 815 4363 ταύτην
846 4291 944 4362 τὴν
978 4288 1134 4357 ἁγίαν
1157 4286 1407 4357 βοτάνην,
1449 4283 1622 4335 εῐτουν
1651 4280 1864 4349 θάμνον,

1981 4288 2151 4339 mam,
2184 4280 2276 4324 aut
2328 4268 2579 4322 fruticem
2632 4267 2684 4321 in
2723 4267 2909 4321 orbem
2938 4266 3167 4331 extulit,
3204 4280 3313 4336 quo
3344 4273 3396 4320 et
3426 4279 3544 4321 ser-

289 4367 392 4458 τῆν
429 4385 807 4451 ἀποδιώξασαν
832 4382 922 4435 τὸν
951 4381 1094 4449 ὅφιν,
1130 4377 1225 4430 καὶ
1246 4374 1486 4427 λύσασαν
1511 4370 1608 4442 τὴν
1637 4367 1729 4422 τοῦ
1760 4367 1873 4419 δια-

288 4457 451 4535 ϐόλου
488 4475 799 4551 τυραννίδα.
853 4472 998 4526 Ἐκεῖ
1029 4470 1135 4541 γάρ
1184 4469 1212 4520 ὁ
1253 4467 1407 4535 ἅγιος
1461 4463 1713 4529 Ἰωάννης
1753 4457 1871 4529 μεθ’

288 4571 515 4645 ἠλικίαν
558 4567 836 4639 γηραλὲαν
880 4562 1230 4633 ἐπιτρέπεται
1282 4557 1387 4611 ὑπὸ
1414 4553 1508 4608 τοῦ
1556 4552 1873 4621 ῐῐνεύματος

288 4637 386 4715 τοῦ
416 4659 575 4727 ἁγίου
613 4637 882 4728 κηρύξαι,
929 4652 1021 4705 καὶ
1050 4646 1369 4719 ἀνακάμψαι
1398 4645 1524 4704 τοὺς
1554 4642 1611 4694 ὲν
1654 4642 1718 4711 τῇ
1768 4637 1873 4708 ὁδῷ

290 4748 789 4820 πεπλανημένους,
863 4745 924 4798 ού
998 4743 1133 4815 μετὰ
1188 4738 1476 4806 ἀνάγκης,
1541 4731 1677 4787 ἀλλά
1740 4728 1874 4800 μετά

290 4844 691 4921 προαιρέσεως.
717 4844 832 4906 τοῖς
871 4838 1210 4909 πειθομένοις
1243 4830 1596 4901 ἀποκαλύψας
1641 4824 1776 4881 Θεοῦ
1816 4824 1876 4878 τὸ

373 5001 393 5031 ⁸
421 4996 569 5054 Psal.
603 5010 792 5060 xxvm,
824 4992 877 5048 9.
950 4995 972 5026 ⁸
1000 4990 1132 5045 Luc.
1170 5005 1225 5052 χ,
1260 4987 1346 5042 16.
1424 4986 1447 5017 ³
1472 4983 1606 5040 Gen.
1636 4998 1716 5047 vr,
1749 4981 1842 5037 ﬂ.

368 5158 488 5225 (l3)
539 5156 600 5211 Ἠ
645 5154 761 5225 τοῦΔ
802 5153 977 5225 ,λίθου
1032 5149 1139 5225 τοῦ
1180 5148 1463 5225 ρηα-γᾴτουί
1516 5141 1717 5225 Eadem
1771 5138 1884 5225 fere

296 5211 986 5297 serpentuntﬁtkeﬁqtqpsa
1020 5211 1221 5276 cecinit
1252 5211 1542 5273 Nicander.
1586 5211 1660 5266 De
1688 5218 1883 5281 gagate

295 5312 473 5369 porro
497 5314 516 5352 ;
880 5336 891 5342 -

381 5415 643 5468 'A.l.10ts
669 5409 721 5462 δ’
755 5405 1012 5471 ἀζαλέην
1046 5405 1230 5477 καίων
1255 5398 1569 5477 emerim-eda
1600 5394 1856 5477 πέτρην..

380 5485 492 5537 Ἦν
535 5480 679 5535 οὐδὲ
709 5468 1013 5547 κρατεροῖο
1044 5475 1230 5542 πυρὸς
1271 5468 1679 5540 πὲρικίιίνυται
1712 5468 1881 5532 ὁρμή.

290 5572 410 5633 Ubi
456 5572 648 5629 Schol.
684 5569 847 5636 ι.Τὴν
890 5568 1141 5636 γαγγίτιν
1182 5564 1359 5619 λίθονυ
1411 5564 1468 5614 ἐν
1503 5558 1740 5628 Γάγγαις
1781 5553 1888 5625 γὰρ

1977 4380 2110 4437 peus
2149 4362 2457 4431 abigeretur
2489 4401 2502 4426 ,
2557 4369 2611 4414 et
2648 4358 2964 4429 tyrannicus
3003 4358 3204 4413 diaboli
3232 4357 3547 4412 dominatus

1977 4463 2327 4512 everteretur.
2387 4448 2501 4504 Illic
2549 4449 2815 4522 siquidem
2854 4450 3043 4505 beatus
3072 4449 3310 4506 Joannes
3354 4449 3547 4505 affecta

1974 4547 2089 4616 jam
2104 4552 2260 4601 aetate
2290 4541 2585 4613 praedicare
2611 4543 2783 4597 sancti
2806 4540 3042 4611 Spiritus
3066 4542 3280 4596 hortatu
3299 4540 3546 4611 jubetur.

1977 4645 2029 4691 et
2050 4643 2295 4691 errantes
2325 4650 2354 4689 a
2380 4636 2466 4689 via
2494 4649 2752 4691 revocare
2772 4672 2787 4698 ,
2828 4648 2935 4687 non
2970 4640 3029 4687 ut
3056 4631 3107 4687 vi
3133 4648 3195 4687 ac
3222 4632 3550 4688 necessitate

1978 4736 2231 4798 cogeret,
2259 4725 2353 4783 sed
2385 4734 2443 4781 ut
2481 4733 2677 4796 sponte
2727 4740 2790 4779 ac
2824 4724 3069 4777 volentes
3108 4722 3419 4785 induceret,
3455 4722 3551 4777 iis-

1979 4822 2212 4891 demque
2250 4827 2437 4891 pestca
2485 4818 2730 4873 divinum
2788 4814 3028 4869 cmlestis
3061 4811 3322 4867 doctrina:
3365 4812 3549 4867 lmnen

1985 5134 2086 5204 τῆς
2119 5131 2321 5194 Λυκίας
2352 5126 2699 5204 εὑρίσκεταί
2727 5122 2825 5184 τάς
2860 5120 2918 5204 se
2945 5119 3163 5204 [άγγας
3200 5114 3354 5169 πόλιν
3384 5109 3551 5204 οὖσαν

2118 5189 2344 5273 Λυκίας,
2363 5189 2462 5273 καὶ
2491 5194 2730 5273 Γαγγίδά
2753 5191 2935 5273 (ξασίν.
2954 5190 3098 5273 Plin:
3129 5190 3166 5273 ι.
3187 5201 3440 5273 nstrae.

1989 5254 2247 5340 tia'gates
2272 5254 2412 5340 lapis
2437 5254 2861 5340 nomen‘hu'bet
2900 5260 3005 5315 loci
3046 5266 3099 5313 et
3142 5257 3316 5311 amnis
3349 5254 3551 5325 Gangis

1991 5334 2193 5412 Lyciae,
2219 5334 2484 5412 piosc.‘l._
2497 5351 2556 5412 ἓν,
2584 5348 2633 5387 c.
2957 5396 2982 5408 η

2063 5390 2193 5479 (fit?
2214 5390 2351 5479 ἔιὴᾴ
2395 5390 2563 5479 δείξῄ
2609 5402 2676 5479 τε
2720 5397 2878 5479 εἶδος
2913 5396 3018 5479 τῇς
3062 5397 3250 5479 ἀπζας.
3296 5390 3551 5479 Εειῑιόςιιι

1995 5470 2607 5535 ιηὸιοέἰιιιίιίιιιιιὶιιοιη
2645 5471 2884 5527 declarat
2931 5471 3065 5539 Aug.
3111 5470 3204 5523 lib.
3255 5479 3324 5518 xu
3368 5470 3553 5514 contra

1997 5549 2215 5618 Faust.,
2244 5562 2296 5603 c.
2332 5546 2427 5605 ιι.
