4008 6078
486 203 587 261 891,

1888 202 1947 261 S.
1987 203 2331 261 EPIPIIANII

3652 203 3775 261 899

488 312 812 384 impertiret.
861 310 1064 370 Verum
1102 313 1234 385 quid
1267 328 1373 385 ego
1416 313 1484 370 de
1517 328 1581 370 ea
1632 329 1692 369 re
1718 284 1930 395 diutius
1960 315 2077 372 dis-

2203 318 2297 386 ρῶς
2319 357 2333 383 ,
2363 316 2425 371 τὺ
2458 317 2517 370 ἐν
2538 318 2604 388 τῇ
2629 314 2761 387 ἀγία
2787 314 2921 369 Θεοῦ
2950 312 3283 387 διδασκαλίᾳ.
3323 313 3461 367 Ἀλλ’
3485 312 3599 378 ἓως
3627 317 3767 370 ποτε

488 406 664 475 puto?
726 404 1052 477 Quicunque
1106 406 1253 462 enim
1303 409 1359 461 in
1411 421 1478 462 eo
1540 406 1663 462 loco
1711 415 1934 471 manet,
1978 408 2069 462 ubi

489 498 820 552 abrotonum
847 498 1121 553 consitum
1149 505 1253 561 est,
1282 498 1468 554 nullus
1499 497 1575 554 ibi
1605 498 1847 553 manebit
1870 498 2076 553 latebit-

490 604 597 657 que
625 604 868 657 serpens.
909 587 1001 643 Sic
1037 587 1129 643 ubi
1184 604 1311 644 vera
1353 600 1438 649 est
1470 589 1566 645 Dei
1595 588 1846 645 doctrina
1871 610 1896 656 ,ο
1926 590 2075 644 nulla

491 688 771 735 venenata:
821 680 1087 735 doctrinae
1138 682 1348 736 latebra
1401 683 1513 737 vim
1547 681 1770 737 habebit
1816 682 2076 752 aliquam,

490 771 585 826 sed
616 770 867 826 funditus
896 772 1134 829 occidet.

454 836 463 869 ³
560 859 650 916 ltl.
690 861 815 919 ll.ec
853 864 1021 931 igitur
1041 866 1337 936 Alogorum
1377 872 1463 920 est
1505 863 1729 934 opinio:
1774 878 1900 918 nam
1933 862 2082 933 ejus-

491 954 640 1008 modi
677 955 759 1013 eis
792 971 993 1011 nomen
1027 958 1387 1027 imponimus,
1422 971 1523 1012 nec
1563 971 1595 1010 a
1633 956 1794 1012 nobis
1821 956 2082 1027 deinceps

493 1046 653 1102 aliter
680 1049 915 1104 vocandi
963 1058 1114 1105 sum.
1149 1049 1218 1103 Et
1248 1066 1347 1105 vos
1402 1064 1641 1111 mecum,
1687 1063 1722 1103 ο
1746 1047 2081 1111 charissimi,

493 1135 699 1206 Alogos
755 1138 881 1192 illos
936 1139 1236 1195 nominate.
1289 1139 1534 1206 Quorum
1593 1137 1821 1192 haeresis
1855 1135 2084 1191 Joannis

494 1227 669 1284 libros
698 1231 983 1300 repudiat-
998 1231 1366 1297 Quamobrem
1389 1246 1516 1286 cum
1542 1228 1781 1283 Verbum
1815 1244 1845 1283 a
1872 1227 2083 1283 Joanne

496 1320 854 1391 praedicatum
885 1330 1164 1393 respuant,
1199 1323 1377 1393 Alogi,
1415 1322 1521 1377 hoc
1543 1328 1628 1377 est
1657 1335 1687 1374 a
1713 1317 1895 1375 Verbo
1921 1319 2083 1374 alieni

499 1412 853 1482 nuncupandi
885 1421 1039 1469 sunt.
1069 1414 1212 1485 Ergo
1234 1413 1311 1469 illi
1346 1430 1377 1467 a
1402 1413 1654 1468 doctrina
1687 1410 1937 1466 veritatis
1964 1408 2086 1464 fune

497 1502 650 1558 ditus
679 1504 1039 1560 abhorrentes
1094 1505 1368 1560 sinceram
1416 1505 1574 1558 tidem
1619 1500 1929 1573 abnegant,
1984 1516 2087 1555 nec

498 1592 728 1650 Joannis
771 1597 1161 1667 Evangelium,
1196 1607 1292 1652 aut
1342 1595 1711 1666 Apocalypsin
1756 1592 2082 1664 approbant.

2179 409 2406 480 μηκύνω
2438 408 2530 462 τὸν
2556 407 2748 477 λόγον;
2797 405 2906 460 Καὶ
2940 404 3048 477 γὰρ
3093 403 3171 476 τῷ
3202 403 3415 475 μένοντι
3448 404 3583 458 ὅπου
3624 407 3763 458 ἀνα-

2176 503 2283 572 φυῇ
2310 499 2632 572 ἀϐρότονος,
2665 499 2782 551 ἐκεῖ
2814 494 2934 566 δφις
2966 494 3147 549 οὐκέτι
3192 493 3558 564 ὲγκαταμένει
3577 533 3593 557 ,
3634 493 3765 546 οὔτε

2177 591 2508 662 ὲμφωλεύει.
2539 592 2649 644 Kal.
2693 590 2826 643 ὅπου
2875 586 3008 641 Θεοῦ
3056 586 3260 658 ἀληθὴς
3300 585 3658 647 διδασκαλία,
3700 586 3765 639 οὗ

2179 683 2496 753 κατισχύσει
2532 681 2950 753 κατοικητήριον
2997 675 3337 750 ἑρπετῶδὶυς
3388 677 3765 743 διδασκαλίας,

2179 776 2316 830 ἀλλά
2352 775 2638 829 διόλλυται.

2252 870 2327 922 Γ’.
2357 867 2628 921 Φάσκουσι
2660 864 2838 918 τοίνυν
2867 864 2916 917 οί
2944 861 3184 930 Ἀλογοι’
3208 862 3411 933 ταύτην
3437 862 3549 933 γὰρ
3575 862 3766 925 αὐτοῖς

2181 960 2370 1031 τίθημι
2403 959 2501 1030 τὴν
2540 956 2877 1027 ἐπωνυμίαν.
2923 954 3056 1007 Ἀπὸ
3104 954 3210 1025 γάρ
3250 954 3351 1023 τῆς
3386 950 3549 1024 δεῦρο
3590 953 3767 1015 οὕτως

2183 1053 2549 1124 κληθήσονται
2574 1069 2589 1083 °
2618 1049 2715 1104 καὶ
2738 1048 2943 1112 οῦτως,
3001 1046 3310 1118 ἀγαπητοὶ,
3360 1044 3644 1115 ἐπιθῶμεν
3673 1045 3768 1097 αῦ-

2183 1148 2294 1210 τοῖς
2329 1145 2506 1216 ὄνομα
2530 1185 2543 1206 ,
2581 1142 2858 1196 τουτέστιν
2895 1140 3135 1209 ’Λλογοι.
3160 1136 3319 1211 Εἶχον
3352 1138 3460 1210 γὰρ
3485 1139 3589 1207 τὴν
3618 1138 3769 1208 αἴρε-

2186 1255 2270 1292 σιν
2293 1237 2658 1309 καλουμένην,
2681 1233 3092 1289 ἀποϐάλλουσαν
3130 1233 3376 1286 Ἰωάννου
3399 1231 3499 1295 τάς
3524 1229 3769 1300 βίϐλους.

2196 1331 2351 1386 Ἐπεὶ
2379 1326 2472 1384 οῦν
2515 1330 2605 1383 τὸν
2638 1328 2809 1397 Λόγον
2840 1327 2901 1380 οὗ
2930 1326 3173 1397 δέχονται
3211 1324 3303 1380 τὸν
3333 1324 3481 1395 παρά
3517 1323 3767 1377 Ἰωάννου

2186 1418 2620 1493 κεκηρυγμένον,
2661 1416 2880 1484 Ἀλογοι
2903 1413 3286 1486 κληθήσονται.
3326 1411 3628 1483 Ἀλλότριοι
3661 1410 3770 1463 τοία

2184 1527 2279 1564 νυν
2335 1506 2681 1563 παντάπασιν
2732 1503 3069 1575 ὑπάρχοντες
3112 1501 3206 1555 τοῦ
3259 1501 3617 1572 κηρύγματος·
3674 1499 3770 1568 τῆς

2192 1600 2480 1671 ἀληθείας,
2528 1597 2818 1670 ἀρνοῦνται
2860 1596 2922 1650 τὸ
2959 1594 3198 1667 καθαρὸν
3240 1592 3332 1647 τοῦ
3388 1592 3773 1664 κηρύγματος,

499 1688 666 1758 Atqui
707 1689 754 1743 si
798 1688 1124 1761 Apocalypsi
1183 1690 1449 1743 duntaxat
1495 1686 1698 1756 reiecta
1738 1684 2087 1755 Evangelium

2203 1668 2432 1749 italos-ca
2462 1692 2523 1747 τὸ
2551 1668 2643 1746 τοῦ
2685 1690 2930 1744 Ἰωάννου
2963 1687 3297 1757 Εὐαγγὲλιον
3331 1685 3577 1756 δέχονται
3599 1727 3615 1751 ,
3652 1683 3771 1737 οὕτε

501 1779 877 1845 admitterent,
918 1779 1029 1834 dici
1062 1779 1117 1834 id
1152 1785 1380 1850 possent
1417 1776 1606 1832 subtili
1636 1775 1874 1846 quodam
1908 1781 1962 1829 et
2000 1788 2091 1828 ac-

503 1880 697 1926 curato
730 1871 942 1941 judicio
988 1869 1223 1934 fecisse,
1265 1875 1326 1923 ut
1370 1867 1680 1939 apocrypha
1729 1874 2086 1935 respuerent;

505 1964 652 2035 quod
698 1965 958 2034 pleraque
1008 1962 1063 2016 in
1124 1960 1453 2031 Apocalypsi
1494 1958 1796 2014 altissimos
1836 1965 1891 2011 et
1926 1954 2093 2028 424

504 2055 775 2112 obscuros
804 2070 1001 2111 sensus
1028 2055 1287 2110 habeant.
1320 2051 1426 2107 Sed
1456 2066 1581 2106 cum
1612 2050 1899 2106 universos
1924 2046 2094 2102 Joan-

507 2147 595 2201 nis
636 2146 809 2202 libros
840 2147 1062 2218 proprie
1094 2146 1372 2215 rejiciant,
1414 2144 1668 2199 dubitare
1698 2157 1859 2198 nemo
1890 2148 2089 2213 potest,

480 2239 639 2310 quin
666 2238 731 2303 ii,
772 2253 1076 2309 eorumque
1102 2238 1349 2303 similes,
1412 2238 1492 2293 illi
1522 2236 1628 2307 ipsi
1663 2234 1775 2290 sint
1800 2275 1815 2295 ,
1853 2249 2091 2305 quorum

506 2330 564 2385 in
610 2329 907 2385 Catholicis
950 2325 1214 2400 Epistolis
1250 2327 1489 2385 Joannes
1557 2328 1845 2383 meminit:
1899 2325 2094 2381 Novis-

508 2423 647 2477 sima
678 2421 809 2476 hora
855 2431 934 2476 est
954 2462 967 2487 ,
1006 2422 1185 2493 inquit
1206 2463 1221 2485 ,
1253 2432 1305 2477 et
1355 2421 1582 2476 audistis
1608 2461 1623 2487 ,
1652 2420 1901 2491 quoniam
1933 2419 2092 2473 Anti—

508 2512 738 2567 christus
771 2515 948 2577 venit;
975 2523 1023 2568 et
1056 2531 1193 2568 nunc
1218 2529 1334 2568 ecce
1373 2513 1681 2566 antichristi
1713 2512 1869 2566 multi
1903 2514 1944 2575 ί,
1983 2522 2091 2568 etc.

510 2603 837 2676 Quanquam
880 2607 958 2660 illi
994 2606 1244 2660 nonnihil
1279 2606 1346 2659 ad
1384 2604 1756 2661 excusandam
1792 2620 1947 2661 suam
1995 2619 2096 2657 au-

511 2698 726 2753 daciam
761 2705 1033 2752 conantur
1087 2697 1301 2753 aﬂ‘erre.
1335 2696 1507 2752 Pudet
1534 2697 1678 2751 enim
1716 2697 1893 2767 palam
1926 2696 2088 2751 beato

509 2785 711 2842 Joanni
737 2788 1136 2854 contradicere,
1163 2788 1309 2857 quod
1342 2796 1397 2842 ct
1433 2788 1610 2858 ipsum
1638 2788 1779 2843 inter
1816 2790 2095 2860 apostolos

514 2879 685 2934 fuisse
717 2885 1061 2934 numeratum
1096 2918 1110 2941 ,
1134 2887 1189 2933 et
1218 2894 1248 2932 a
1272 2877 1502 2933 Domino
1529 2879 1801 2950 prmcipue
1838 2881 2094 2935 dilectum

514 2985 624 3025 non
653 2968 945 3036 dubitent;
981 2971 1075 3041 qui
1105 2978 1159 3024 et
1181 2984 1339 3025 sacra
1375 2972 1633 3043 mysteria
1673 2987 1771 3043 pro
1796 2972 1874 3028 rei
1911 2972 2090 3043 digni-

514 3070 626 3117 tate
667 3062 964 3133 patefecit,
1000 3075 1054 3119 et
1103 3078 1267 3132 supra
1325 3062 1537 3118 Domini
1591 3074 1781 3135 pectus
1828 3064 2094 3119 incubuit.

515 3154 698 3221 Quare
755 3154 915 3208 aliam
971 3155 1407 3209 damnandorum
1476 3156 1704 3225 apostoli
1766 3157 2099 3227 scriptorum

515 3258 740 3300 causam
786 3246 1080 3299 commenti
1114 3253 1264 3300 sunt.
1318 3244 1529 3317 Negant
1561 3246 1674 3299 lnec
1702 3245 1931 3301 Joannis
1957 3263 2098 3312 esse,

517 3344 571 3390 et
597 3334 861 3389 Cerintho
887 3335 1171 3400 tribuunt;
1205 3350 1304 3390 nec
1333 3350 1455 3391 esse
1490 3334 1651 3406 digna
1694 3342 1927 3405 putant,
1980 3352 2102 3407 qua:

519 3428 587 3481 ab
612 3425 855 3482 Ecclesia
891 3428 1213 3497 probentur.

595 3517 682 3571 IV.
710 3516 913 3573 Verum
953 3519 1036 3573 vel
1090 3518 1192 3572 hoc
1234 3518 1355 3588 ipso
1384 3518 1468 3573 sui
1502 3526 1733 3574 conatus
1769 3517 1930 3574 initio
1966 3534 2102 3575 con-

516 3610 849 3673 vincuntur,
882 3624 999 3663 .nec
1054 3606 1185 3679 quid
1241 3609 1431 3663 dicant
1492 3610 1839 3680 intelligere,
1878 3626 1979 3667 nec
2037 3598 2111 3666 de}

520 3701 722 3777 quibus
749 3700 1017 3755 allirment
1040 3701 1083 3757 '.
1134 3702 1239 3769 Qui
1268 3701 1416 3758 enim
1452 3700 1564 3757 ﬁeri
1597 3709 1775 3772 potest
1801 3742 1815 3764 ,
1847 3712 1904 3756 ut
1928 3703 2047 3757 haec
2075 3721 2104 3757 a

517 3792 784 3849 Cerintho
822 3794 1027 3865 scripta
1064 3795 1215 3860 sint,
1272 3811 1395 3866 qua:
1446 3794 1707 3850 Cerintho
1758 3795 2102 3865 potissimum

518 3884 857 3953 repugnent?
890 3882 987 3939 Hic
1010 3884 1155 3940 enim
1186 3891 1461 3940 recentem
1492 3898 1556 3938 ac
1585 3883 1793 3937 nudum
1830 3883 2105 3938 hominem

518 3989 644 4029 esse
686 3975 964 4031 Christum
1021 3976 1279 4031 asseruit.
1322 3976 1528 4029 Contra
1552 3973 1793 4029 Joannes
1845 3983 2106 4046 perpetuo

519 4065 693 4122 fuisse
722 4063 985 4133 Verbum,
1021 4073 1185 4136 atque
1217 4081 1247 4121 e
1280 4065 1420 4119 ccelo
1458 4064 1763 4135 delapsum,
1797 4072 1851 4119 et
1884 4081 2103 4121 carnem

520 4174 642 4216 esse
682 4160 883 4214 factum
909 4158 1244 4229 pronuntiat.
1275 4156 1546 4223 Quocirca
1579 4157 1761 4211 statim
1791 4156 1940 4211 aditu
1985 4158 2105 4227 ipso

522 4250 978 4319 deprehenditur,
1014 4267 1209 4308 vanam
1244 4250 1476 4306 istorum
1519 4248 1898 4303 calumniandi
1939 4249 2107 4305 licen-

2126 3021 2173 3085 Ο

2195 1787 2291 1859 τὴν
2344 1784 2508 1840 αὐτοῦ
2567 1781 2951 1852 Ἀποκάλυψιν.
3013 1781 3123 1835 Καὶ
3178 1781 3233 1833 εί
3277 1778 3374 1850 μὲν
3412 1777 3664 1847 ἐδέχοντο
3713 1777 3775 1829 τὸ

2198 1878 2529 1947 Εὐαγγέλιον
2560 1876 2671 1945 (l5)
2695 1916 2710 1941 ,
2745 1874 2847 1948 τὴν
2884 1874 2941 1928 δὲ
2987 1870 3351 1940 ’Λποκὰλυψιν
3379 1868 3768 1932 ἀπεϐάλλοντο,

2198 1970 2456 2041 ἐλέγομεν
2483 1969 2571 2033 ἂν,
2614 1969 2691 2040 μὴ
2747 1968 2825 2037 πῆ
2868 1967 2979 2038 ἀρα
3023 1965 3163 2019 κατὰ
3193 1961 3581 2035 ἀκριϐολογίαν
3617 1960 3771 2013 τοῦτο

2197 2062 2511 2123 ποιοῦνται,
2579 2060 2895 2132 ἀπόκρυφον
2941 2057 3017 2130 μὴ
3049 2056 3356 2128 δεχόμενοι,
3383 2053 3476 2107 διὰ
3516 2053 3588 2107 τὰ
3622 2054 3682 2104 ἐν
3704 2054 3768 2123 τῇ

2211 2150 2574 2222 ’Ᾱποκαλύψει
2609 2148 2818 2222 βαθέως
2850 2149 2944 2203 καὶ
2968 2146 3255 2209 σκοτεινῶς
3283 2143 3550 2216 εἰρημένα
3572 2160 3589 2174 ο
3613 2144 3770 2196 ὁπότε

2197 2247 2256 2302 δὲ
2296 2248 2357 2300 οὒ
2414 2245 2660 2317 δέχονται
2696 2243 2856 2314 φύσει
2899 2241 2967 2296 τὰ
2998 2239 3177 2313 βιϐλία
3223 2237 3292 2293 τά
3342 2237 3449 2291 ἀπὸ
3483 2234 3581 2288 τοῦ
3617 2235 3769 2302 ἁγίου

2212 2338 2458 2393 Ἰωάννου
2498 2337 2883 2409 κεκηρυγμένα
2909 2376 2924 2402 ,
2967 2333 3130 2388 παντί
3181 2350 3259 2403 τῳ
3304 2329 3462 2401 δῆλον
3511 2328 3598 2397 εἴη
3621 2367 3636 2388 ,
3693 2328 3772 2379 ὅτι

2200 2422 2345 2483 οὗτοί
2401 2430 2507 2483 είσι
2562 2429 2656 2481 καὶ
2692 2429 2741 2481 οἱ
2770 2428 2946 2498 ὅμοιοι
2994 2423 3232 2486 τούτοις,
3268 2420 3395 2491 περὶ
3431 2412 3505 2472 ὧν
3563 2413 3714 2470 εἶπεν
3744 2418 3772 2469 δ

2202 2521 2356 2589 ἀγιος
2396 2519 2649 2592 Ἰωάννης
2701 2519 2760 2572 ἐν
2795 2521 2915 2582 ταῖς
2945 2515 3258 2577 καθολικαῖς
3289 2510 3667 2574 Ἐπιστολαῖς,
3696 2511 3775 2564 ὅτι

2196 2611 2477 2683 ’Ἕσχάτη
2501 2611 2622 2681 ὥρα
2663 2598 2817 2676 ἐστὶ,
2874 2608 2973 2663 καί
3002 2608 3322 2676 ἠκούσατε,
3354 2604 3444 2658 ὅτι
3484 2602 3774 2670 Ἀντῖχρι·

2202 2719 2349 2770 στος
2378 2704 2642 2780 591ml-
2666 2701 2763 2755 καί
2794 2700 2912 2755 νῦν
2943 2698 3073 2753 ὶδοὺ
3109 2696 3476 2765 ἀντίχριστοι
3529 2690 3771 2751 πολλοὶ,

2203 2795 2297 2849 καὶ
2320 2795 2389 2848 τά
2418 2794 2566 2866 ἑξῆς.
2599 2792 3033 2865 Προφασίζονται
3066 2788 3172 2861 γὰρ
3198 2783 3364 2851 οῦτοι,
3399 2786 3801 2854 αίσχυνόμενσι-

2203 2883 2503 2953 ἀντιλέγειν
2546 2883 2624 2954 τῷ
2657 2883 2795 2955 ἁγίῳ
2843 2882 3061 2953 Ἰωάννῃ
3109 2879 3197 2933 διὰ
3243 2878 3304 2931 τὸ
3353 2876 3549 2929 εἰδέναι
3581 2875 3782 2937 αὐτοὺς

2205 2975 2299 3029 καὶ
2337 2975 2498 3029 αὐτὸν
2526 2977 2583 3029 ὲν
2610 2972 2829 3046 ἀριθμῷ
2852 2973 2960 3027 τῶν
2990 2970 3301 3026 ἀποστόλων
3331 2967 3478 3031 ὄντα,
3513 2966 3608 3019 καὶ
3636 2965 3782 3034 ἠγα-

2204 3067 2447 3138 ¹ι’ξημ.ένον
2486 3065 2590 3120 ὑπὸ
2636 3065 2730 3120 τοῦ
2770 3064 2976 3135 Κυρίου
3010 3081 3025 3095 ·
3064 3062 3122 3127 ὃς
3164 3059 3326 3126 ἀξίως
3374 3058 3445 3112 τά
3503 3058 3787 3128 μυστήρια

2203 3158 2519 3229 ἀπεκάλυψε
2545 3197 2560 3222 ,
2596 3158 2690 3212 καὶ
2722 3158 2814 3211 ἐπὶ
2850 3156 2911 3209 τὸ
2944 3155 3137 3226 στῆθος
3181 3151 3344 3207 αὑτοῦ
3382 3151 3631 3205 ἀνέπεσε.
3668 3149 3789 3202 Καὶ

2207 3252 2410 3322 ἑτέρως
2461 3250 2601 3304 αὺτά
2652 3248 2978 3321 ἀνατρέπειν
3031 3245 3346 3317 πειρῶνται.
3383 3241 3612 3309 Λέγουσι
3667 3240 3798 3311 γὰρ

2208 3342 2282 3414 μὴ
2318 3338 2456 3397 εἶναι
2507 3342 2647 3397 αὐτά
2685 3340 2932 3395 Ἰωάννου
2959 3379 2973 3404 ,
3009 3337 3147 3392 ἀλλά
3195 3332 3497 3408 Κηρίνθου⁹
3539 3330 3640 3383 καὶ
3679 3331 3792 3384 οὐκ

2203 3433 2331 3500 ἄξια
2370 3434 2509 3488 αὐτά
2538 3450 2702 3502 φασιν
2734 3427 2871 3486 εἶναι
2904 3432 2962 3485 ὲν
3012 3429 3326 3500 Ἐκκλησία.
3396 3482 3401 3487 ,

2275 3524 2351 3578 Δ’.
2393 3523 2504 3578 Καὶ
2527 3523 2621 3577 ἀπ’
2654 3523 2825 3594 αὐτῆς
2850 3522 2944 3592 τῆς
2976 3520 3232 3590 ἐπιϐολῆς
3263 3518 3422 3581 εὐθὺς
3448 3515 3798 3587 ἐλέγχονται,

2210 3617 2347 3688 μήτε
2387 3616 2423 3671 ἀ
2453 3616 2703 3684 λέγουσιν
2736 3614 3014 3677 νοοῦντες,
3047 3613 3185 3685 μήτε
3224 3612 3353 3684 περὶ
3398 3610 3558 3663 τίνων
3600 3609 3791 3663 διαϐε-

2207 3702 2504 3756 ϐαιοῦνται.
2538 3702 2661 3765 Πῶς
2687 3702 2794 3773 γὰρ
2822 3701 2974 3754 ἔσται
3008 3700 3283 3772 Κηρίνθου
3313 3699 3382 3753 τά
3410 3699 3554 3754 κατά
3585 3698 3794 3769 Κηρίν-

2207 3794 2300 3848 οου
2357 3794 2622 3864 λέγοντας
2668 3793 2943 3865 Κήρινθος
2987 3793 3097 3864 γὰρ
3144 3793 3455 3866 πρόσφατον
3505 3792 3602 3845 καὶ
3633 3790 3791 3859 ψιλὸν

2203 3886 2296 3939 τὸν
2325 3886 2560 3959 Χριστὸν
2592 3886 2705 3957 ἔχει
2737 3885 3145 3961 ἄνθρωπον.ιύ
3186 3885 3244 3938 δὲ
3292 3884 3543 3952 Ἰωάννης
3579 3883 3670 3935 ἀεὶ
3701 3883 3789 3935 δν-

2207 3995 2274 4031 τα
2315 3977 2405 4031 τδν
2451 3977 2622 4046 Λόγον
2666 3977 2971 4047 κεκήρυχε,
3021 3975 3117 4029 καὶ
3160 3975 3366 4030 ἀνωθεν
3403 3975 3605 4045 ἥκοντα
3633 4011 3648 4033 ,
3702 3973 3791 4026 καὶ

2210 4069 2581 4141 σαρκωθέντα.
2624 4069 2743 4123 Ἀπ’
2769 4070 2936 4139 αὐτῆς
2961 4067 3140 4122 τοίνυν
3164 4067 3267 4137 τῆς
3294 4066 3542 4136 είσϐολῆς
3569 4065 3793 4135 etiam-

2210 4175 2335 4211 κται
2375 4160 2408 4229 ἡ
2463 4158 2667 4212 τούτων
2718 4157 3255 4228 ματαιοσυκοφαντία
3296 4155 3474 4227 μωρία
3504 4172 3589 4219 τις
3630 4150 3793 4213 οὖσα.

2211 4247 2305 4300 καὶ
2343 4246 2419 4317 μὴ
2467 4245 2663 4300 νοοῦσα
2702 4244 2864 4298 πόθεν
2901 4244 3255 4316 διελέγχεται.
3289 4242 3515 4297 Δοκοῦσι
3543 4244 3652 4313 γὰρ
3700 4243 3795 4296 καὶ

523 4342 653 4395 tiam
679 4356 882 4395 meram
914 4357 1034 4397 esse
1058 4343 1368 4406 stultitiam,
1399 4357 1499 4397 nec
1524 4343 1668 4397 unde
1696 4342 1949 4415 redargui
1974 4360 2094 4415 pos-

2212 4338 2364 4391 αὑτοὶ
2394 4337 2465 4392 τά
2514 4337 2604 4391 ίσα
2652 4339 2783 4409 ἡμῖν
2817 4336 3125 4390 πιστεύεινο
3172 4338 3245 4408 μὴ
3279 4335 3600 4405 κατέχοντες
3624 4335 3682 4389 δὲ
3729 4336 3798 4387 1'1

526 4432 599 4488 sit
626 4433 762 4488 satis
801 4433 1269 4500 animadvertere;
1309 4450 1434 4489 nam
1472 4435 1550 4489 illi
1582 4435 1866 4491 nobiscum
1906 4436 2094 4507 alioqui

2213 4430 2427 4501 ἀσῳαλῆ
2476 4428 2569 4483 τοῦ
2622 4431 2685 4483 ὲκ
2729 4429 2864 4483 Θεοῦ
2913 4429 3353 4500 οἰκονομηθέντος
3392 4430 3524 4498 ημῖν
3579 4428 3674 4481 διὰ
3703 4428 3799 4481 τοῦ

525 4525 713 4581 eadem
748 4542 812 4582 ac
844 4525 998 4597 paria
1036 4527 1240 4583 sentire
1268 4527 1542 4583 videntur.
1581 4527 1688 4583 Sed
1719 4543 1844 4583 cum
1878 4527 1947 4583 ad
1981 4530 2102 4599 ejus

525 4614 813 4679 doctrinae,
850 4630 1013 4685 quam
1056 4630 1151 4687 per
1174 4615 1395 4671 beatum
1429 4614 1693 4671 Joannem
1734 4616 1916 4672 divina
1951 4618 2109 4675 nobis

529 4705 793 4774 sapientia
824 4703 1082 4774 providit,
1128 4704 1455 4762 soliditatem
1499 4721 1842 4778 nequaquam
1870 4705 2113 4763 adhaere-

528 4806 704 4859 scant,
729 4796 783 4851 in
806 4797 873 4851 iis
900 4811 1020 4867 qua:
1048 4796 1301 4853 nesciunt
1329 4806 1521 4853 contra
1545 4798 1790 4854 veritatis
1816 4799 2101 4856 scientiam

462 4922 467 4926 ι
528 4884 828 4941 insolenter
850 4883 972 4941 illos
1006 4884 1185 4941 eﬂ‘erri
1216 4888 1622 4959 cognoscimus.
1653 4890 1828 4959 Atque
1853 4890 1955 4945 hoc
1984 4891 2111 4961 ipsi-

528 4986 641 5033 met
688 4978 987 5051 intelligere
1027 4987 1326 5051 poterunt,
1369 4980 1415 5035 si
1450 4980 1774 5051 resipiscere
1806 4982 1968 5037 modo
1997 5023 2011 5048 ,
2044 4998 2108 5039 ac

529 5078 767 5125 mentem
824 5071 1106 5128 advertere
1153 5071 1446 5128 voluerint.
1487 5069 1600 5128 Nos
1640 5073 1787 5126 enim
1825 5088 1890 5128 ea
1925 5074 2106 5129 moni-

408 5165 419 5176 '
533 5168 711 5213 menta
740 5162 945 5231 quibus
972 5161 1213 5233 Spiritus
1263 5163 1441 5219 sancti
1488 5163 1740 5218 doctrina
1773 5165 2107 5232 continetur,

532 5266 652 5321 quae
680 5253 899 5322 quidem
922 5255 1027 5312 [ide
1054 5256 1239 5329 digna,
1270 5256 1607 5329 probataque
1638 5256 1771 5325 sint,
1804 5256 1957 5312 nullo
1987 5270 2107 5311 mo-

493 5406 500 5440 ³
604 5405 622 5440 ⁸
650 5404 671 5460 ι
697 5404 857 5462 Joan.
888 5424 947 5475 ιι,
991 5409 1077 5467 18.
1152 5413 1170 5444 ³
1201 5413 1223 5465 ι
1254 5411 1394 5466 Tim.
1427 5430 1468 5478 ι.
1507 5412 1559 5467 7.

2214 4522 2370 4591 ἀγίου
2432 4523 2685 4581 Ἰωάννου
2723 4521 3107 4594 κηρύγματος,
3149 4521 3537 4592 εὑρεθήσονται
3592 4520 3797 4589 διελεγο

2215 4614 2433 4686 χόμενοι
2455 4616 2511 4668 ὲν
2549 4608 2629 4678 οἷς
2654 4614 2927 4684 ἀγνοοῦσι,
2957 4613 3073 4678 πῶς
3104 4613 3243 4668 κατά
3270 4613 3369 4683 τὴν
3391 4610 3493 4681 τῆς
3537 4611 3800 4683 ἀληθείας

2217 4706 2532 4777 ἐπαίρονται
2562 4704 2781 4774 γνῶσιν.
2817 4706 2928 4759 Καὶ
2957 4706 3051 4760 ὲάν
3078 4723 3141 4774 γε
3172 4704 3470 4777 θελήσωσιν
3500 4703 3797 4774 ἀνανῆψαι.

2213 4798 2308 4854 καὶ
2338 4797 2692 4867 κατανοῆσαι,
2723 4795 3042 4867 γνώσονται.
3081 4796 3273 4866 Ἡμεῖς
3298 4794 3407 4866 γάρ
3435 4794 3534 4857 τὰς
3566 4794 3682 4846 ἀπὸ
3711 4791 3800 4845 τοῦ

2212 4889 2369 4959 ἁγίου
2414 4888 2728 4961 Πνεῦματος
2767 4890 3117 4953 διδασκαλίας
3165 4886 3459 4954 ἀξιολόγως
3488 4886 3588 4938 καὶ
3623 4887 3799 4955 ἠσφα-

2213 4979 2481 5051 λισμένως
2504 4980 2672 5045 οῦσας
2693 4982 2794 5036 οὐκ
2822 4980 3207 5051 ἀποϐάλοιμεν.
3231 4977 3506 5031 ⁴Μισκουσι
3535 4975 3655 5047 γὰρ
3682 4972 3800 5028 καθ’

2213 5072 2454 5134 ἑαυτῶν,
2505 5074 2566 5127 οὐ
2614 5072 2721 5144 γάρ
2754 5072 2962 5144 εἴποιμι
2997 5071 3140 5127 κατά
3171 5069 3273 5141 τῆς
3299 5067 3593 5140 ἀληθείας,
3630 5069 3717 5122 ὅτι
3742 5066 3799 5118 οὐ

2215 5166 2495 5235 συμφωνεῖ
2534 5165 2603 5219 τὰ
2634 5165 2797 5219 αὑτοῦ
2835 5164 3017 5237 βιϐλία
3065 5166 3179 5226 τοῖς
3209 5163 3419 5225 λοιποῖς
3451 5160 3796 5220 ἀποστόλοις.

2216 5258 2325 5311 Καὶ
2372 5255 2587 5312 δοκοῦσι
2623 5256 2809 5312 λοιπὸν
2857 5254 3323 5330 ἐπιλαμϐάνεσθαι
3360 5254 3464 5325 τῆς
3509 5252 3680 5322 ἀγίας
3708 5247 3801 5303 καὶ

612 5566 724 5633 (IS)
758 5564 975 5649 Καί-ει,
992 5564 1109 5649 μέγ
1134 5564 1411 5649 ἐδέχοντο
1443 5567 1507 5649 nl
1544 5570 1932 5649 Εξςιιιῖῖέλσον.
1971 5566 2094 5623 Nam

2229 5567 2550 5639 Apocalypsi
2609 5565 2859 5622 nonnihil
2908 5579 2935 5618 a
2964 5562 3296 5649 quibusdam
3351 5560 3691 5624 dubitatum,
3739 5558 3807 5613 dc

612 5584 724 5633 ua)
758 5584 867 5633 mu
907 5584 959 5619 ει
992 5584 1109 5633 μεν
1134 5584 1411 5689 εοεῆοντο
1443 5584 1507 5619 το
1544 5584 1762 5637 gmw,

535 5654 643 5710 quo
676 5644 931 5695 accurate
965 5636 1017 5692 in
1050 5637 1188 5691 Ann.
1268 5652 1399 5691 aron
1434 5676 1447 5702 ,
1478 5638 1542 5692 Λ.
1576 5637 1636 5693 (ἶ.
1676 5641 1762 5695 97.
