3866 6068
229 252 330 313 893

893 235 1273 315 sumasne
1307 256 1648 313 umnsses
1685 259 1807 316 LIB.

1909 303 1913 316 .
1957 262 2122 318 10M.
2162 264 2291 319 I.—
2330 251 2603 320 unus.
2646 264 2730 321 ιι.
3369 275 3479 333 εει

228 370 411 426 ἐνθέου
442 372 814 438 διδασκαλίας.
841 374 951 427 Καὶ
989 374 1061 438 τί,
1099 373 1284 445 φησὶν,
1312 367 1502 441 eis-rev;
1534 374 1656 429 Ὀτι
1712 377 1807 430 Ἑν

1909 379 1982 434 do
2013 381 2314 451 rejicimus.
2347 382 2416 434 At
2464 381 2542 436 illi
2569 389 2760 436 contra
2792 396 2850 437 se
2877 383 3058 452 potius
3087 400 3248 455 quam
3287 397 3477 442 contra

225 461 386 532 ἀρχῇ
418 461 503 533 ἦν
543 466 577 518 ό
626 463 855 535 Λόγος,
906 464 1007 518 καί
1051 466 1086 518 ό
1131 465 1322 535 Λόγος
1364 461 1447 534 ἦν
1494 466 1646 535 πρὸς
1697 467 1806 522 τὸν

228 552 418 621 Θεὸν,
466 554 565 608 καὶ
616 556 760 622 Θεὸς
796 553 875 627 ἦν
927 559 960 610 ό
996 556 1221 626 Λόγος·
1261 557 1354 611 καὶ
1405 557 1486 611 ὅτι
1535 557 1587 611 '0
1618 559 1806 630 Λόγος

225 642 385 713 σὰρξ
420 644 659 716 ἐγένετο
684 687 699 711 ,
739 647 836 704 καὶ
877 648 1348 716 κατεσκήνωσεν
1385 649 1456 703 ἐν
1495 649 1640 719 ἡμῖν
1659 670 1671 681 ·
1709 651 1807 705 καὶ

222 734 465 805 εῖδομεν
489 737 605 807 τὴν
638 738 827 802 δόξαν
856 728 1073 807 αὐτοῦ,
1101 740 1291 804 δόξαν
1317 742 1398 806 ὡς
1429 744 1806 812 Μονογενοῦς

196 824 386 892 ⁸ινιναριί
409 826 659 897 Πατρός,
694 829 929 897 πλήρης
961 829 1202 899 χάριτος
1232 830 1331 884 καὶ
1358 833 1642 899 ἀληθείας
1663 847 1677 862 ⁸
1712 834 1807 886 καὶ

223 913 426 979 εὐθέως
449 932 464 946 ο
504 916 558 969 '0
606 916 878 985 Ἰωάννης
903 919 1226 989 μαρτυρεῖ.
1261 922 1357 975 καὶ
1397 922 1668 993 κέκραγε,
1702 922 1804 977 λέέ

225 1023 380 1078 των·
434 1005 524 1061 ὅτι
568 1005 756 1075 οὗτός
803 1011 1007 1075 ἐστιν,
1061 1010 1134 1067 ὃν
1171 1009 1345 1066 εἷπον
1380 1013 1556 1083 ὑμῖνο
1592 1015 1685 1068 καὶ
1723 1017 1806 1071 ὅτι

229 1094 422 1163 Οὗτός
464 1098 637 1154 ἐστιν·
683 1104 717 1154 ό
758 1100 971 1170 Ἀμνὸς
998 1101 1105 1156 τοῦ
1155 1103 1302 1158 Θεοῦ
1328 1146 1343 1171 ,
1394 1107 1427 1158 ό
1462 1104 1645 1174 αἵρων
1691 1106 1807 1175 τὴν

224 1188 518 1257 ἁμαρτίαν
562 1189 671 1243 τοῦ
708 1191 961 1259 κόσμου.
1019 1193 1129 1245 Καὶ
1176 1191 1414 1264 καθεξῆς
1459 1208 1592 1264 φησι
1622 1210 1638 1225 θ
1691 1194 1818 1263 Kal,

220 1273 398 1332 εἷπον
421 1279 583 1346 αὐτῷ
611 1282 667 1334 oi
692 1280 1102 1348 ἀκούσαντες·
1150 1282 1336 1337 Ῥαϐϐὶ
1357 1322 1373 1348 ,
1416 1282 1534 1337 ποῦ
1568 1283 1804 1353 μένεις;

226 1368 380 1439 Ἅμα
404 1368 461 1422 δὲ
488 1370 547 1423 ἐν
579 1362 790 1441 ταυτῷο
836 1369 917 1440 Τῇ
947 1372 1254 1441 ἐπαύριον,
1287 1373 1472 1443 φησὶν,
1500 1373 1805 1442 ἠθέλησεν

220 1459 493 1524 ἐξελθεῖν
514 1462 604 1527 εις
633 1461 750 1531 τὴν
774 1464 1128 1531 Γαλιλαίαν,
1160 1464 1258 1519 καὶ
1287 1466 1553 1534 εὑρίσκει
1585 1467 1797 1520 eum-

221 1556 343 1602 πον
365 1588 381 1614 ,
413 1550 512 1604 καί
534 1550 695 1621 λέγει
726 1549 887 1616 αὐτῷ
912 1552 946 1606 d
986 1553 1226 1621 Ἰησοῦς
1255 1568 1272 1586 ο
1324 1555 1655 1612 Ἀκολούθει
1680 1575 1798 1628 μοι.

221 1640 333 1693 Καὶ
365 1638 501 1711 μετὰ
531 1639 688 1694 τοῦτο
709 1639 875 1711 ὀλίγῳ
900 1641 1134 1712 πρόσθεν
1163 1643 1319 1713 φησί’
1344 1645 1453 1699 Καὶ
1475 1646 1626 1715 μετὰ
1647 1645 1803 1714 τρεῖς

1906 473 2189 528 veritatem
2224 471 2359 528 illud
2404 469 2670 536 aderunt,
2708 471 2937 530 Joannis
2991 474 3162 532 libros
3209 492 3331 532 cum
3370 492 3478 533 ca:-

1905 571 2144 618 terorum
2186 565 2559 634 apostolorum
2591 566 2813 636 scriptis
2867 567 3094 623 minime
3144 570 3476 629 consentire.

1904 652 1983 708 Ex
2014 669 2123 724 quo
2175 654 2434 725 deinceps
2464 665 2891 710 sacrosanctam
2950 672 3015 712 ac
3051 659 3289 713 divinam
3332 661 3481 716 illius

1905 745 2209 800 doctrinam
2252 746 2604 814 redarguunt.
2641 747 2778 813 Quid
2820 750 2988 815 enim,
3026 751 3299 819 inquiunt,
3338 753 3479 806 scri-

1907 836 2054 907 psit?
2109 837 2175 891 ln
2214 838 2469 905 principio
2497 849 2611 892 erat
2655 839 2880 893 Verbum
2911 882 2925 907 ,
2986 851 3034 895 et
3096 842 3317 896 Verbum
3362 854 3479 897 erat

1905 926 2045 995 apud
2073 926 2260 995 Deum,
2302 938 2349 982 et
2379 928 2520 982 Deus
2553 939 2668 983 erat
2715 929 3011 997 Verbum”;
3039 931 3200 987 item:
3240 932 3307 987 Et
3352 933 3479 988 Ver-

1906 1018 2027 1073 bum
2067 1036 2192 1073 caro
2242 1020 2441 1089 factum
2472 1029 2570 1081 est.
2597 1030 2647 1075 et
2675 1020 2933 1076 habitavit
2963 1024 3015 1077 in
3041 1024 3230 1087 nobis;
3258 1034 3308 1077 et
3346 1024 3482 1094 vidi-

1905 1125 2021 1164 mus
2045 1110 2269 1179 gloriam
2310 1113 2449 1191 ejus,
2476 1113 2701 1181 gloriam
2732 1116 2885 1183 quasi
2919 1111 3186 1186 Unigeniti
3227 1132 3260 1169 a
3291 1115 3473 1184 Patre,
3554 1146 3557 1149 η

1901 1203 2115 1271 plenum
2148 1202 2338 1271 gratia:
2364 1212 2414 1256 et
2443 1203 2678 1257 veritatis
2711 1204 2768 1271 ⁸;
2800 1212 2854 1259 et
2883 1206 3099 1260 statim:
3126 1205 3360 1262 Joannes
3404 1220 3479 1265 te-

1902 1304 2098 1358 statur,
2130 1302 2179 1348 et
2217 1293 2415 1347 clamat
2435 1292 2649 1350 dicens:
2678 1297 2778 1350 llic
2814 1306 2893 1350 est
2927 1312 3074 1366 quem
3104 1297 3217 1350 dixi
3241 1297 3382 1352 vobis
3411 1298 3432 1331 ⁵
3460 1317 3475 1367 ;

1902 1376 2064 1450 425
2081 1386 2170 1433 et:
2206 1377 2306 1432 llic
2334 1387 2413 1433 est
2441 1381 2619 1450 Agnus
2652 1379 2765 1444 Dei,
2799 1382 2887 1451 qui
2926 1378 3063 1433 tollit
3088 1389 3304 1449 peccata
3334 1397 3481 1435 muni

1903 1469 2028 1524 di“.
2061 1469 2262 1525 Deinde
2314 1471 2390 1525 ita
2442 1471 2669 1526 scribit:
2713 1468 2778 1523 Et
2829 1470 3077 1524 dixerunt
3107 1471 3189 1524 illi
3229 1472 3320 1540 qui
3376 1488 3478 1525 au—

1902 1562 2108 1617 dierant
2133 1576 2153 1615 :
2188 1562 2376 1629 Rabbi,
2407 1564 2499 1617 ubi
2532 1564 2786 1618 manes“?
2822 1563 3015 1618 Postea
3057 1577 3213 1617 vero:
3251 1561 3480 1615 Postera

1903 1653 2028 1718 die,
2072 1655 2290 1724 inquit,
2322 1655 2485 1708 voluit
2530 1654 2676 1709 abire
2715 1655 2770 1707 in
2817 1651 3095 1708 Galilwam
3127 1692 3142 1717 ,
3188 1661 3238 1707 et
3284 1652 3479 1706 invenit

219 1729 449 1799 ἡμέρας
498 1730 686 1801 γάμος
709 1731 944 1801 ἐγένετο
981 1734 1054 1787 ἐν
1089 1734 1257 1802 Κανᾷ
1283 1735 1393 1805 τῆς
1424 1738 1758 1805 Γαλιλαίας
1783 1753 1797 1769 °

1909 1744 2210 1814 Philippum
2234 1785 2249 1810 ,
2302 1753 2352 1799 et
2382 1744 2513 1798 dicit
2555 1745 2604 1798 ei
2636 1742 2827 1798 Jesus:
2857 1744 3081 1813 Sequere
3121 1760 3200 1798 me
3231 1745 3274 1799 ⁷.
3308 1743 3478 1798 Paulo

218 1821 318 1875 καὶ
352 1822 579 1891 ἐκλήθη
613 1825 665 1909 ό-
704 1823 944 1891 Ἰησοῦς
981 1825 1080 1879 καὶ
1117 1829 1171 1880 οἱ
1212 1827 1472 1897 μαθηταὶ
1505 1828 1690 1884 αὐτοῦ
1715 1831 1802 1897 εἰς

215 1911 328 1966 τὸν
352 1911 565 1983 γάμον,
592 1915 691 1970 καί
724 1913 804 1987 ἦν
829 1916 959 1970 ἐκεῖ
981 1916 1019 1987 ἡ
1048 1915 1247 1987 μήτηρ
1277 1917 1486 1974 αὐτοῦ.

291 2112 355 2165 Οἱ
382 2111 440 2165 δὲ
468 2111 613 2166 ἄλλοι
652 2113 1034 2182 εὑαγγελισταὶ
1066 2114 1177 2187 (16)
1225 2116 1523 2186 φάσκουσιν
1554 2117 1717 2172 αὐτὸν
1745 2116 1805 2168 ἐν

212 2205 283 2274 τῇ
315 2203 506 2275 ἐρήμῳ
536 2204 893 2273 πεποιηκέναι
926 2206 1334 2276 τεσσαράκοντα
1361 2206 1592 2277 ἡμέρας,
1620 2221 1804 2276 πειρα·

215 2293 446 2365 ζόμενον
481 2294 586 2347 ὑπὸ
632 2293 726 2346 τοῦ
773 2293 1043 2360 διαϐόλου,
1074 2295 1168 2349 καὶ
1209 2295 1330 2348 τότε
1366 2297 1799 2368 ὑποστρέψαντα,

214 2385 315 2439 καὶ
349 2383 734 2457 παραλαϐόντα
762 2384 886 2448 τοὺς
916 2384 1183 2457 μαθητάς.
1216 2387 1323 2439 Καὶ
1367 2387 1464 2439 οὐκ
1509 2388 1711 2442 οἴδασιν
1750 2390 1801 2443 oi

212 2475 747 2548 ἀπαρακολούθητοι,
773 2476 853 2529 ὅτι
884 2475 1097 2547 ἑκάστῳ
1121 2476 1475 2548 εὐαγγελιστῇ
1505 2476 1803 2551 μεμελέτη-

210 2580 308 2620 ται
342 2565 647 2636 συμφώνως
679 2565 776 2635 μὲν
802 2568 916 2628 τοῖς
948 2565 1153 2637 ἐτέροις
1176 2565 1405 2637 λαλῆσαι
1437 2567 1505 2619 τὰ
1540 2567 1632 2620 ὑπ’
1656 2568 1800 2621 ὲκεί-

212 2672 326 2712 νων
355 2656 653 2728 εἰρημένα·
687 2656 822 2709 ἀλλὰ
860 2656 924 2727 δὴ
956 2656 1024 2710 τὰ
1055 2657 1145 2709 ὑπ’
1182 2658 1404 2711 ἐκείνων
1435 2656 1668 2729 ρηθέντα
1699 2676 1805 2712 παι

216 2748 577 2823 ραλειφθὲντα
608 2746 780 2811 οὕτως
803 2746 1171 2817 ἀποκαλύψαι.
1200 2748 1274 2801 οὐ
1301 2748 1409 2820 γὰρ
1438 2744 1504 2819 ἦν
1535 2749 1714 2803 αὐτῶν
1742 2749 1804 2802 τὸ

194 2836 453 2913 θέλημα,
481 2840 616 2895 ἀλλὰ
655 2844 719 2894 ἐκ
753 2839 1070 2910 Πνεύματος
1101 2840 1258 2908 ἁγίου
1295 2843 1327 2911 ἠ
1361 2840 1679 2894 διδασκαλία
1710 2842 1804 2895 καὶ

212 2936 247 3006 ἡ
298 2931 607 2987 ἀκολουθία.
649 2932 713 2986 Εἰ
758 2933 866 3005 γὰρ
908 2933 1097 2986 τούτου
1130 2931 1408 3002 βούλονται
1440 2930 1804 3002 ἐπιλαμϐάνε-

218 3025 370 3089 σθαι,
399 3025 742 3096 μαθέτωσαν,
777 3025 858 3077 ὃτι
899 3025 948 3077 οἱ
990 3023 1138 3078 ἄλλοι
1187 3023 1334 3092 τρεῖς
1368 3022 1468 3075 οὐκ
1509 3023 1604 3075 ἀπ’
1635 3021 1802 3092 αὐτῆς
1830 3065 1872 3122 C

215 3117 517 3189 ἐνήρξαντο
545 3116 643 3187 τῆς
671 3115 1007 3178 ἀκολουθίας.
1031 3114 1304 3177 Ματθαῖος
1332 3113 1440 3185 γὰρ
1468 3113 1681 3184 πρῶτος
1706 3114 1801 3185 ἄρα

214 3225 371 3281 χεται
420 3207 881 3276 εὐαγγελίζεσθαι.
915 3205 1103 3277 Τούτῳ
1143 3204 1253 3276 γάρ
1281 3199 1348 3277 ἦν
1382 3204 1803 3276 ἐπιτεταγμένον

214 3299 279 3352 τὸ
329 3295 655 3366 Εὑαγγέλιον
704 3295 939 3367 κηρύξαι
991 3294 1086 3349 ἀπ’
1113 3296 1306 3366 ἀρχῆς,
1340 3294 1415 3358 ὡς
1454 3294 1549 3348 καὶ
1590 3296 1647 3348 ἐν
1670 3294 1802 3366 ἄλλῃ

215 3389 430 3460 αἱρέσει
458 3388 585 3460 περὶ
616 3387 804 3441 τούτου
830 3386 915 3441 διὰ
943 3385 1177 3450 πλάτους
1207 3386 1507 3458 εἰρήκαμεν
1526 3402 1539 3417 ο
1574 3386 1723 3439 οὐδὲν
1748 3386 1805 3440 δὲ

216 3482 370 3552 ἡμᾶς
401 3480 632 3550 λυπήσει
666 3479 761 3533 καὶ
791 3473 946 3541 αὖθις
974 3478 1103 3549 περὶ
1132 3478 1239 3531 τῶν
1284 3475 1462 3532 αὐτῶν
1506 3477 1805 3550 διαλαμϐά-

216 3586 356 3637 νειν,
392 3574 471 3636 εἰς
518 3571 862 3640 παράστασιν
908 3570 1009 3641 τῆς
1041 3569 1297 3643 ἀληθείας
1330 3570 1424 3625 καὶ
1455 3570 1674 3642 ἔλεγχον
1697 3570 1806 3625 τῶν

219 3664 677 3735 πεπλανημένων.
702 3708 709 3709 κ

292 3840 372 3895 E'.
415 3834 583 3904 Οὗτος
612 3839 786 3894 τοίνυν
819 3841 846 3893 ὁ
873 3837 1150 3901 Mat-.0010;
1175 3836 1524 3902 καταξιοῦται
1549 3837 1608 3891 τὸ
1628 3838 1805 3907 Εὐαγ-

218 3933 425 4002 γέλιον,
453 3932 528 3995 ὡς
579 3930 746 4002 ἔφην’
782 3930 875 3984 καὶ
919 3930 1233 3983 δικαιότατα
1283 3924 1526 3999 ἦν.Ἔδει
1576 3927 1685 3997 γὰρ
1715 3928 1805 3983 τὸν

218 4003 334 4078 ἀπὸ
381 4021 592 4076 πολλῶν
638 4022 748 4093 (i7)
794 4020 1203 4093 ἁμαρτημάτων
1256 4017 1678 4089 ἐπιστρέψαντα,
1712 4020 1806 4072 καὶ

217 4116 332 4170 ἀπὸ
364 4114 457 4169 τοῦ
477 4112 757 4168 τελωνείου
784 4111 1089 4166 ἀναστάντα
1115 4109 1194 4180 τῷ
1214 4108 1419 4162 ἐλθόντι
1446 4109 1539 4161 ἐπὶ
1564 4109 1806 4179 σωτηρίᾳ

216 4206 301 4279 τῷ
331 4207 481 4277 γένει
526 4205 634 4260 τῶν
677 4204 1001 4277 ἀνθρώπων,
1033 4203 1129 4256 καὶ
1182 4201 1424 4270 λέγοντιδ
1457 4202 1578 4255 Οὐκ
1618 4196 1807 4270 ἦλοον

218 4298 484 4354 καλέσαι
517 4298 807 4363 δικαίους,
850 4295 1011 4350 ἀλλὰ
1062 4293 1449 4364 ἁμαρτωλοὺς
1495 4295 1579 4359 εἰς
1626 4292 1805 4363 μετὰ-

216 4407 419 4454 νοιαν,
456 4392 535 4453 εἰς
565 4388 869 4461 ὑπόδειγμα
893 4389 1023 4457 ἡμῖν
1050 4385 1158 4439 τῶν
1189 4384 1490 4456 μελλόντων
1514 4384 1802 4449 σώζεσθαι,
1837 4422 1883 4479 D

218 4481 239 4512 ί
254 4482 337 4554 τῷ
362 4483 426 4535 ἐν
454 4481 531 4551 τῷ
563 4478 829 4548 τελωνείῳ
863 4478 1172 4550 ἀναχθέντι,
1193 4478 1287 4532 καὶ
1306 4477 1414 4531 ἀπὸ
1442 4477 1653 4540 ἀδικίας
1673 4476 1804 4529 ἁνα-

216 4575 518 4647 στρέψαντι
551 4571 930 4645 παρασχέσθαι
962 4571 1024 4624 τὸ
1066 4571 1329 4643 κήρυγμα
1355 4569 1455 4641 τῆς
1493 4569 1767 4640 σωτηρίας
1792 4585 1805 4600 ο

214 4668 313 4722 ἵνα
340 4667 437 4720 ἀπ’
466 4664 629 4719 αὑτοῦ
677 4663 918 4734 μάθωσιν
946 4665 994 4717 οἱ
1029 4662 1304 4733 ἄνθρωποι
1342 4662 1440 4734 τὴν
1478 4661 1577 4732 τῆς
1610 4677 1813 4731 παρου-

215 4761 346 4825 σίας
378 4756 805 4828 φιλανθρωπίαν.
835 4754 989 4809 Μετὰ
1019 4754 1127 4826 γὰρ
1154 4754 1252 4824 τὴν
1285 4753 1478 4823 ἄφεσιν
1502 4752 1610 4806 τῶν
1632 4752 1814 4822 ἁμαρ-

207 4850 358 4905 ’τιῶν
404 4849 712 4920 ἐδωρήσατο
758 4847 906 4917 αὐτῷ
954 4847 1049 4900 καὶ
1101 4846 1394 4899 ἀνάστασιν
1440 4843 1670 4917 νεκρῶν,
1714 4843 1807 4898 καὶ

211 4940 495 5012 κάθαρσιν
523 4937 749 5010 λέπρας,
785 4939 877 4991 καὶ
906 4937 1151 5007 ἰαμάτων
1177 4935 1453 5006 δυνάμεις,
1481 4938 1574 4989 καὶ
1607 4936 1805 4989 ἀπέλα-

214 5050 308 5086 σιν
357 5031 661 5101 δαιμόνων·
698 5030 788 5083 ἵνα
836 5029 909 5100 μὴ
959 5027 1116 5099 μόνον
1158 5026 1266 5080 ἀπὸ
1310 5026 1403 5080 τοῦ
1455 5026 1614 5096 λόγου
1645 5026 1806 5098 πείσῃ

213 5125 354 5187 τοὺς
383 5120 700 5185 ἀκούοντας,
729 5119 864 5175 ἀλλὰ
890 5120 984 5173 καὶ
1009 5119 1102 5173 ἀπ’
1131 5117 1295 5172 αὑτοῦ
1330 5118 1423 5171 τοῦ
1456 5118 1614 5190 ἔργου
1640 5120 1808 5190 κηρύ-

305 5280 319 5309 ι
364 5278 671 5345 Gerruptus
693 5274 782 5345 hic
809 5275 985 5330 locus.
1061 5274 1275 5345 ’rgloan.
1308 5289 1349 5337 ι,
1382 5275 1434 5328 1.
1513 5275 1533 5306 ³
1567 5272 1700 5328 ibid.
1763 5274 1850 5329 14.
1895 5304 1901 5310 ο

217 5349 241 5387 ⁸
266 5348 434 5404 Joan.
467 5362 526 5410 ll,
546 5343 615 5399 Ἰ.
686 5347 706 5377 ⁹
736 5343 927 5398 Matth.
957 5360 1034 5411 ix,
1064 5344 1150 5399 15.

298 5460 421 5535 (l6)
457 5463 523 5515 Ol
560 5459 628 5514 δὲ
664 5460 842 5514 ἄλλοι
885 5460 1325 5535 ενὺαηιτγελιτνταί.
1394 5458 1529 5514 Vide
1575 5459 1833 5530 Angust.‘

222 5537 263 5591 ι.
304 5531 345 5588 it
386 5531 461 5586 De
506 5548 653 5584 cons.
688 5546 894 5598 erang.,
929 5546 979 5583 c.
1015 5531 1105 5584 16.

301 5604 351 5671 (l
369 5603 420 5666 7)
463 5600 621 5654 Ἔδει
646 5599 753 5671 γὰρ
782 5596 888 5652 τὸν
916 5599 1038 5671 Δἀπὸ
1073 5596 1340 5671 πολλῶν.
1378 5596 1554 5650 Malim
1687 5596 1801 5671 ἐπι-

223 5666 572 5744 στρέψαντι.
621 5666 673 5725 εὶ
718 5666 1039 5725 ⁷ιίινειττόιντι.
1090 5666 1343 5723 Vicissim
1397 5683 1547 5732 vero,
1595 5667 1682 5719 τὶν
1718 5667 1800 5719 ὲ).-

1904 1847 2026 1908 post
2054 1852 2184 1892 vero
2224 1836 2300 1889 ita
2336 1837 2720 1906 prosequitur:
2765 1832 2834 1889 Et
2876 1846 2991 1901 post
3024 1835 3259 1888 triduum
3283 1834 3478 1903 nuptia:

1903 1929 2061 1997 facta
2110 1936 2231 1982 sunt
2256 1928 2311 1980 in
2353 1925 2504 1982 Cana
2544 1926 2821 1989 Galilwae;
2849 1936 2898 1981 et
2926 1935 3138 1980 vocatus
3163 1931 3240 1979 e‘st
3282 1924 3477 1990 Iesus,
3580 2002 3584 2005 _

1901 2028 1951 2073 et
1986 2018 2234 2084 discipuli
2262 2018 2375 2087 ejus
2407 2017 2478 2071 ad
2507 2019 2739 2086 nuptias,
2763 2026 2812 2072 et
2854 2031 2967 2071 erat
3003 2018 3075 2071 ibi
3098 2027 3265 2070 mater
3303 2015 3474 2086 ejus“.

1973 2108 2328 2180 Evangelistm
2359 2122 2487 2164 vero
2516 2110 2697 2164 creteri
2730 2115 2951 2163 narrant
2982 2125 3048 2162 xx.
3079 2109 3196 2164 dies
3232 2104 3383 2162 illum
3420 2108 3478 2162 in

1904 2200 2122 2256 deserto
2153 2202 2440 2263 mansisse,
2468 2208 2521 2255 et
2552 2215 2583 2254 a
2616 2199 2833 2253 diabolo
2867 2199 3035 2254 fuisse
3071 2199 3378 2262 tentatum;
3415 2212 3481 2252 ac

1902 2296 2017 2346 tum
2044 2290 2264 2347 demum
2297 2290 2610 2345 redeuntem
2658 2289 3052 2359 discipulorum
3086 2290 3347 2344 habuisse
3381 2288 3479 2344 de-

1905 2381 2123 2437 lectum.
2157 2378 2267 2436 Nec
2297 2380 2453 2445 illud,
2480 2394 2600 2450 qua:
2627 2392 2816 2435 eorum
2849 2382 3068 2435 inscitia
3094 2388 3198 2447 est,
3229 2379 3478 2435 animad-

1904 2479 2160 2529 vertunt:
2195 2470 2249 2525 id
2276 2471 2734 2541 evangelistarum
2764 2484 3210 2542 unumquemque
3244 2472 3483 2526 studuis-

1905 2579 1983 2629 se,
2016 2570 2095 2629 ut,
2132 2578 2253 2634 qua:
2278 2563 2346 2617 ab
2373 2561 2495 2617 aliis
2519 2571 2702 2617 essent
2730 2561 2944 2631 prodita
2967 2603 2982 2627 ,
3016 2578 3079 2619 ea
3109 2573 3478 2620 consentanee

1903 2670 2027 2713 cum
2056 2657 2163 2712 illis
2191 2661 2486 2726 exponeret
2521 2674 2535 2710 :
2563 2654 2780 2710 interim
2816 2640 2993 2709 tamen
3026 2657 3288 2710 nonnulla
3309 2698 3324 2725 ,
3357 2673 3482 2728 quas

1905 2749 1972 2802 ab
2014 2744 2206 2802 iisdem
2250 2752 2435 2802 essent
2474 2744 2876 2815 praztermissa,
2922 2757 3264 2800 memoraret.
3297 2746 3482 2818 Neque

1904 2837 2046 2893 enim
2072 2836 2125 2891 id
2148 2836 2203 2890 in
2226 2848 2413 2891 eorum
2437 2836 2716 2890 voluntate
2739 2835 2902 2890 situm
2929 2833 3030 2889 fuit
3055 2854 3070 2903 ;
3099 2837 3193 2892 sed
3214 2853 3244 2891 a
3273 2838 3478 2909 Spiritu

1905 2937 2094 2984 sancto
2138 2929 2317 2984 omnis
2357 2928 2575 2983 illorum
2615 2927 2885 2993 doctrina,
2920 2928 3305 2998 scribendique
3345 2930 3483 2984 ordo

1906 3020 2182 3089 profectus
2221 3025 2328 3073 est.
2371 3016 2505 3071 Nam
2554 3018 2600 3073 si
2642 3016 3149 3088 reprehendendum
3198 3016 3331 3071 illud
3367 3019 3483 3072 exi-

1906 3111 2151 3174 stimant,
2181 3109 2488 3179 intelligant
2522 3115 2633 3164 tres
2682 3111 2822 3164 alios
2863 3110 3229 3179 evangelistas
3268 3123 3376 3162 non
3414 3111 3482 3163 ab

1904 3200 2022 3271 ipso
2067 3212 2249 3255 rerum
2294 3207 2569 3270 gestarum
2618 3201 2774 3254 initio
2806 3186 3289 3254 narrationis'suaa
3334 3216 3482 3256 sum-

1905 3294 2079 3364 psisse
2109 3293 2428 3364 primordia.
2475 3291 2763 3349 Matthazus
2807 3294 2952 3349 enim
2998 3295 3207 3364 primus
3240 3291 3485 3364 Evange—

1906 3380 2036 3438 lium
2065 3384 2307 3439 scribere
2332 3398 2625 3455 aggressus
2653 3393 2758 3439 est.
2785 3385 2886 3440 Cui
2917 3385 3134 3456 quidem
3168 3385 3324 3439 initio
3354 3400 3485 3455 prac-

1904 3475 2121 3530 dicandi
2165 3473 2443 3544 Evangelii
2494 3492 2695 3532 munus
2733 3484 2817 3532 est
2847 3478 3223 3533 commissum.
3267 3474 3343 3530 De
3375 3492 3482 3546 qua

1905 3580 1964 3620 re
2007 3565 2062 3619 in
2107 3565 2215 3618 alia
2260 3564 2456 3620 haeresi
2503 3566 2725 3635 cepiose
2774 3566 3210 3637 disputavimus,
3247 3577 3300 3622 et
3338 3584 3484 3622 nunc

1904 3656 2093 3712 eadem
2125 3657 2226 3710 hoc
2245 3655 2366 3709 loco
2399 3664 2644 3725 repetere
2666 3674 2788 3712 cum
2807 3657 2874 3711 ad
2896 3659 3142 3713 veritatis
3161 3659 3341 3724 iidem,
3370 3668 3482 3714 tum

1906 3747 1972 3801 ad
2003 3747 2222 3800 illorum
2254 3744 2659 3802 convincendos
2701 3762 2916 3802 errores
2969 3749 3193 3802 minime
3233 3749 3455 3818 pigebit.

1975 3837 2041 3892 ν.
2080 3838 2366 3893 Μθιιιιωυε
2414 3838 2580 3906 igitur
2627 3839 2835 3908 primus
2880 3837 3156 3908 Evangelii
3202 3840 3476 3894 scribendi

1906 3930 2241 4002 pr0vinciam
2290 3935 2483 3984 nactus
2512 3934 2616 3994 est,
2651 3936 2708 3982 ut
2754 3928 2996 3983 diximus
3018 3968 3032 3993 ,
3066 3930 3229 3999 iique
3277 3929 3326 3984 ei
3361 3932 3486 4000 jure

1907 4023 2117 4077 merito'
2150 4020 2399 4091 conligit.
2452 4018 2753 4091 Oportebat
2785 4020 2932 4072 enim
2974 4035 3098 4074 eum
3144 4020 3354 4089 ipsum,
3389 4023 3483 4091 qui

1907 4114 1976 4170 ad
2012 4114 2407 4170 conciliandam
2439 4114 2682 4169 humano
2725 4115 2911 4186 generi
2961 4115 3191 4168 salutem
3245 4112 3482 4170 advene-

1907 4213 2014 4273 rat,
2040 4207 2241 4276 quique
2271 4207 2344 4260 ita
2375 4206 2584 4261 dixerat
2610 4225 2622 4261 :
2656 4205 2779 4261 Non
2817 4207 2931 4261 veni
2962 4222 3145 4259 uocare
3162 4204 3362 4274 justas,
3391 4204 3482 4260 sed

1908 4307 2202 4366 peccatores
2232 4296 2299 4348 ad
2324 4281 2683 4365 paenitentiam
2708 4297 2764 4363 ’;
2792 4296 2859 4349 ad
2884 4310 3074 4350 eorum
3104 4296 3194 4365 qui
3229 4294 3482 4349 servandi

1907 4399 2065 4445 erant
2087 4390 2417 4459 exemplum,
2440 4391 2488 4446 ei
2514 4391 2720 4444 homini
2747 4390 3090 4461 potissimum
3127 4390 3486 4461 praedicanda:

1907 4482 2101 4538 salutis
2135 4498 2334 4538 munus
2368 4484 2670 4553 injungere,
2702 4482 2795 4554 qui
2819 4484 2887 4539 ab
2917 4483 3219 4538 innumeris
3246 4483 3485 4554 peccatis

1909 4584 2234 4637 conversus,
2274 4580 2329 4628 et
2366 4588 2397 4627 a
2428 4573 2629 4627 telonio
2663 4574 2958 4629 suscitatus
2991 4572 3194 4637 fuerat,
3235 4588 3300 4627 ac
3330 4588 3390 4629 se
3416 4573 3483 4627 ab

1908 4663 2058 4717 omni
2108 4664 2314 4720 scelere
2371 4672 2424 4719 et
2477 4663 2747 4733 injustitia
2789 4670 3110 4727 remearat,
3157 4671 3215 4717 ut
3268 4663 3336 4718 ab
3391 4664 3484 4718 illo

1911 4766 2113 4826 quanta
2145 4756 2247 4811 sibi
2274 4762 2418 4811 esset
2442 4756 2676 4810 adventu
2710 4756 2913 4813 Christi
2943 4757 3253 4811 humanitas
3288 4757 3482 4812 collata

1914 4846 2170 4901 mortales
2206 4845 2497 4900 discerent.
2538 4844 2749 4916 Quippe
2796 4858 2918 4917 post
2965 4858 3311 4917 peccatorum
3357 4862 3487 4901 con-

1914 4936 2264 4992 donationem
2286 4975 2299 4998 ,
2333 4936 2435 4992 hoc
2470 4937 2645 4992 cidem
2678 4936 2969 5002 concessit,
3008 4943 3066 4991 ut
3112 4946 3360 4991 mortuos
3391 4952 3483 4991 cx-

1912 5028 2083 5083 ‘citare
2113 5036 2295 5098 posset
2324 5028 2392 5084 ad
2438 5030 2625 5093 vitam,
2670 5044 2963 5098 repurgare
3008 5028 3233 5097 lepram,
3263 5040 3318 5082 et
3344 5043 3486 5081 mor-

1912 5117 2012 5176 bos
2044 5121 2330 5190 depellere,
2362 5121 2744 5192 damionesque
2770 5120 3125 5193 propulsare:
3155 5135 3224 5175 ne
3256 5118 3491 5174 dicende

1931 5275 2109 5330 ηοω.
2150 5275 2235 5329 15.
2316 5276 2337 5307 ⁸
2385 5277 2517 5333 ibid.
2580 5278 2672 5334 29.
2748 5278 2767 5310 ⁸
2812 5275 2944 5332 ibid.
2986 5276 3075 5332 58.
3149 5274 3332 5331 'ibid.
3391 5275 3487 5330 45.

1918 5460 2078 5535 θόντα
2105 5464 2280 5535 .'etc.__
2318 5460 2384 5517 Ut
2431 5464 2594 5520 dandi
2632 5479 2794 5522 casus
2840 5462 3137 5535 Apostolo.
3188 5458 3485 5535 accusandi

1914 5532 2136 5670 '(lllirislo
2195 5532 2520 5591 tribuatur:
2573 5537 2716 5607 quod
2771 5532 3330 5605 nos'interpretando
3384 5543 3481 5586 se-

1952 5616 2151 5658 unnur.

1952 5616 2151 5658 ιιιιιιω.
