3866 6068
461 230 568 286 895

1857 218 1919 275 S.
1974 216 2313 273 EPIPIIANII

3628 209 3738 266 εκ

462 346 641 401 solum
690 345 1041 416 persuaderet
1089 340 1470 402 auditoribus,
1517 336 1613 393 sed
1668 336 2037 407 evangelicum

2144 334 2229 400 ξαι
2254 333 2362 404 (18)
2387 332 2691 401 Εὐαγγέλια
2717 330 2831 394 τοῖς
2857 327 3263 399 ἀπολλυμένοις,
3289 326 3375 380 ὅτι
3401 322 3737 396 εὗρεθήσον-

462 432 770 488 doctrinam
806 434 964 487 lactis
1009 431 1173 486 etiam
1221 429 1355 498 ipsis
1392 426 1750 496 praedicaret;
1791 433 1955 495 atque
1983 430 2038 479 et

462 524 695 593 perditis
723 523 1033 578 hominibus
1056 520 1350 597 nuntiaret,
1376 533 1541 593 posse
1573 517 1696 581 illos
1717 515 2036 585 paenitendo

2142 443 2231 479 ται
2258 423 2349 477 διὰ
2382 422 2689 494 μετανοίας,
2717 421 2812 474 καὶ
2834 423 2947 483 τοῖς
2976 418 3341 481 πεπτωκόσιν,
3374 417 3461 469 ὅτι
3495 416 3731 486 ἀναστήρ

2147 530 2350 578 σονται,
2382 512 2478 565 καὶ
2501 514 2611 573 τοῖς
2639 508 2981 579 τεθνηκόσιν,
3005 508 3088 561 ὅτι
3113 504 3647 577 ζωογονηθήσονται.

461 613 810 682 recuperari;
838 620 892 666 et
931 611 998 663 iis
1040 594 1133 679 qui
1175 605 1506 673 ceciderant,
1558 615 1971 661 resurrecturos
2001 619 2062 660 se
2094 618 2257 670 esse;
2287 601 2453 673 526
2478 608 2534 657 et
2582 600 2677 670 qui
2708 598 2910 654 mortui
2941 604 3148 662 essent,
3178 598 3343 652 vitam
3392 609 3523 650 esse
3552 594 3731 648 denuo

462 708 877 755 consecuturos.

423 806 427 857 ι
531 786 629 841 llic
666 788 833 859 igitur
864 786 1147 841 Mattlueus
1175 784 1446 841 Hebraica
1476 785 1663 855 lingua
1693 782 1939 853 scripsit,
1972 796 2037 837 ac

440 881 775 952 praedicavit
806 879 1181 950 Evangelinm,
1214 894 1315 933 nec
1346 879 1415 933 ab
1442 878 1562 947 ejus
1592 877 1747 931 initio
1772 876 2039 929 duntaxat

457 988 690 1027 exorsus
738 979 854 1038 est;
897 972 992 1026 sed
1037 970 1271 1041 primum
1315 969 1519 1024 Christi
1568 966 1941 1038 genealogiam
1970 966 2040 1021 ab

458 1064 769 1118 Abrahamo
840 1062 1130 1133 pertexuit.
1182 1061 1486 1125 Abraham,
1554 1059 1731 1131 inquit
1772 1059 1807 1125 ⁸,
1864 1059 2042 1128 genuit

460 1152 810 1222 Isaac,lsaae
839 1165 1014 1207 autem
1039 1153 1216 1221 genuit
1247 1151 1582 1218 Iacob,etc.,
1605 1166 1781 1221 usque
1804 1150 1871 1205 ad
1898 1149 2046 1206 Iose-

460 1250 627 1317 phnm
656 1253 711 1300 et
739 1245 987 1299 Mariam.
1022 1243 1088 1297 Et
1117 1242 1249 1297 illud
1294 1243 1514 1313 quidem
1557 1243 1713 1297 initio
1759 1241 2031 1312 przellxit:

459 1333 617 1390 Liber
674 1335 1026 1406 generationis
1067 1332 1199 1388 Iesu
1248 1331 1449 1387 Christi
1492 1333 1596 1402 ﬁlii
1639 1333 1844 1398 David;
1886 1332 2039 1386 addit

460 1424 679 1490 deinde,
710 1424 811 1492 ﬁlii
858 1422 1147 1478 Abraham.
1177 1420 1314 1476 Tum
1353 1423 1422 1477 ad
1456 1422 1509 1476 id
1538 1422 1684 1491 quod
1727 1422 2041 1482 instituerat

459 1516 835 1584 progressus:
891 1511 1121 1576 Christi,
1181 1513 1386 1582 inquit,
1436 1513 1702 1583 generatio
1752 1514 1829 1566 sic
1876 1520 2040 1567 erat:

2204 777 2313 831 Καϊ
2341 767 2493 839 οὗτος
2527 773 2627 845 μὲν
2654 767 2747 827 οὖν
2794 774 2823 826 6
2872 772 3151 836 Ματθαῖος
3190 772 3509 845 Ἑϐραϊκοῖς
3541 777 3725 848 γράμο

2138 885 2270 939 μασι
2303 866 2505 937 γράφει
2537 864 2599 917 τὸ
2630 863 2981 932 Εὑαγγέλιον,
3010 864 3104 916 καὶ
3149 864 3433 933 κηρύττει.
3470 867 3587 919 Καὶ
3628 867 3726 938 ἄρα

2135 976 2292 1029 χεται
2319 959 2421 1011 οὐκ
2446 957 2541 1011 ἀπ’
2570 957 2743 1028 ἀρχῆς
2762 973 2779 987 ο
2805 956 2941 1010 ἀλλά
2969 957 3233 1029 διηγεῖται
3262 956 3364 1026 μὲν
3396 957 3501 1027 τὴν
3536 974 3724 1025 γενεα-

2137 1051 2322 1120 λογίαν
2344 1050 2452 1104 ἀπὸ
2480 1048 2574 1102 τοῦ
2600 1048 2868 1125 Ἁϐραάμ.
2889 1048 3163 1117 Ἀϐραὰμ,
3198 1047 3388 1119 φησὶν,
3430 1048 3723 1119 ἐγέννησε

2138 1142 2246 1197 τὸν
2279 1138 2517 1196 Ἰσαάκ·
2548 1138 2758 1194 Ἰσαὰκ
2798 1138 2868 1191 δὲ
2891 1138 3185 1208 ἐγέννησε
3225 1138 3336 1192 τὸν
3356 1138 3596 1207 Ἰακὼϐ,
3635 1141 3720 1195 καὶ

2129 1234 2200 1288 τά
2228 1232 2376 1302 ἑξῆς,
2400 1230 2529 1302 ἄχρι
2555 1230 2650 1284 τοῦ
2676 1229 2875 1301 Ἰωσὴφ
2898 1229 2993 1284 καὶ
3022 1230 3266 1300 Μαρίας.
3295 1231 3409 1284 Καὶ
3429 1232 3530 1284 ἀπ’
3551 1233 3718 1302 ἀρχῆς

2133 1328 2338 1391 τάττει,
2381 1324 2554 1393 λέγων
2573 1341 2590 1357 ο
2626 1324 2845 1389 Βίϐλος
2886 1324 3180 1393 γενέσεως
3202 1324 3408 1392 Ἰησοῦ
3464 1323 3717 1393 Χριστοῦ

2134 1418 2270 1473 υἱοῦ
2296 1414 2476 1470 Δαϐίδ
2499 1431 2514 1447 ·
2541 1412 2660 1469 είτά
2691 1431 2888 1487 φησιν·
2919 1414 3055 1469 υἱοῦ
3088 1406 3531 1485 Ἀϐραάμ.Ἐῖτα
3556 1415 3718 1468 ἐλθὼν

2140 1511 2229 1563 ἐπ’
2262 1508 2395 1562 αὐτὸ
2424 1506 2487 1560 τὸ
2518 1504 2868 1577 ζητούμενον,
2904 1505 3066 1576 φησί’
3107 1504 3220 1559 Τοῦ
3252 1504 3320 1559 δὲ
3346 1506 3561 1569 Ἰησοῦ
3600 1509 3718 1576 Χρι-

459 1604 594 1659 Cum
632 1613 768 1659 esset
814 1605 1130 1674 desponsata
1169 1614 1338 1658 mater
1383 1604 1549 1673 ipsius
1599 1602 1780 1657 Maria
1825 1602 2037 1671 Ioseph,

2143 1600 2292 1656 στοῦ
2334 1600 2373 1668 ἠ
2407 1597 2503 1667 γέν
2513 1611 2693 1665 νησις
2715 1597 2905 1662 οὕτως
2927 1592 3007 1666 ἦν
3023 1612 3037 1624 ·
3063 1598 3571 1665 Μνηστευθείσης
3615 1598 3716 1665 τῆς

459 1708 740 1765 antequam
771 1697 1119 1762 convenirent,
1148 1696 1356 1749 inventa
1384 1705 1462 1748 est
1490 1695 1545 1748 in
1576 1704 1723 1748 utero
1748 1693 1944 1747 habens
1972 1691 2037 1747 de

461 1783 665 1851 Spiritu
711 1791 916 1836 sancto.
968 1782 1166 1852 Ioseph
1218 1791 1414 1845 autem;
1470 1799 1587 1836 cum
1636 1791 1769 1837 esset
1815 1782 2034 1851 justus,

459 1871 727 1939 qawrebat
776 1872 975 1926 occulte
1026 1871 1292 1926 dimittere
1334 1872 1503 1928 illam.
1559 1871 1629 1926 Et
1664 1889 1780 1927 ecce
1820 1874 2037 1943 angelus

464 1958 681 2015 Domini
709 1962 954 2031 apparuit
985 1961 1065 2015 illi
1091 1962 1146 2015 in
1179 1963 1400 2027 somnis,
1433 1962 1610 2017 dicens
1640 1980 1658 2017 :
1691 1962 1821 2017 Noli
1849 1962 2035 2016 dimit-

465 2063 572 2105 tere
602 2052 874 2123 conjugem
903 2061 1069 2107 tuam.
1104 2052 1257 2118 Quod
1286 2054 1423 2108 enim
1453 2055 1508 2107 in
1539 2056 1654 2122 ipsa
1686 2063 1786 2118 est,
1824 2055 1889 2108 de
1919 2052 2039 2123 Spi-

462 2144 573 2196 ritu
616 2154 802 2198 sancto
846 2157 944 2200 est.
981 2145 1115 2199 Ecce
1154 2147 1293 2199 enim
1334 2148 1505 2214 pariet
1538 2147 1709 2216 [ilium
1737 2156 1786 2201 et
1830 2146 2037 2201 vocabis

458 2249 648 2286 nomen
692 2234 807 2303 ejus
853 2232 1060 2289 Iesum.
1108 2236 1212 2289 Hic
1262 2236 1487 2290 salvabit
1533 2237 1781 2306 populum
1819 2253 1973 2291 suum
2005 2252 2039 2289 a

457 2326 706 2393 pereatis.
752 2324 821 2378 Et
861 2325 978 2391 hoc,
1035 2327 1232 2396 inquit,
1272 2326 1473 2395 factum
1504 2336 1603 2392 est,
1644 2336 1700 2380 ut
1738 2328 2041 2396 impleretur

458 2417 597 2485 quod
629 2417 827 2470 dictum
853 2427 931 2471 est
960 2433 993 2471 a
1021 2417 1249 2473 Domino
1277 2434 1369 2487 per
1393 2419 1699 2488 prophetam
1728 2419 1984 2475 dicentem
2019 2436 2038 2473 :

461 2504 597 2559 Ecce
629 2504 783 2575 Virgo
811 2508 1083 2575 concipiet,
1117 2512 1222 2564 et'c.
1250 2507 1549 2579 Exsurgens
1582 2520 1756 2563 autem
1785 2527 1819 2564 a
1856 2526 2040 2567 somno

460 2598 538 2650 ita
583 2597 707 2665 fecit
755 2598 970 2667 Ioseph.
1009 2599 1074 2653 Et
1118 2602 1329 2684 accepit.
1362 2616 1579 2655 uxorem
1613 2618 1804 2666 suam;
1848 2610 1900 2655 et
1936 2618 2040 2656 non
2076 2620 2083 2629 ε

460 2691 804 2757 cognoscebat
847 2708 962 2745 eam
982 2730 995 2754 ,
1025 2692 1187 2746 donec
1220 2694 1416 2761 peperit
1461 2694 1632 2762 ﬁlium
1657 2709 1811 2747 suum
1839 2694 2040 2760 primo-

460 2782 722 2847 genitum;
752 2792 799 2835 et
833 2783 1033 2836 vocavit
1069 2799 1252 2837 nomen
1290 2784 1405 2852 ejus
1433 2783 1638 2837 Iesum.
1673 2782 1853 2852 Pergit
1885 2782 2043 2838 dein-

461 2867 531 2922 de
558 2870 578 2898 ²
612 2885 625 2919 :
660 2866 794 2923 Cum
844 2879 1001 2922 natus
1032 2879 1166 2924 esset
1210 2869 1368 2924 Iesus
1414 2872 1471 2923 in
1507 2869 1804 2923 Bethlehem
1835 2867 2042 2923 Iuda'tz

2133 1687 2358 1759 μητρὸς
2397 1686 2586 1740 αὐτοῦ
2629 1686 2859 1753 Μαρίας
2884 1683 2965 1750 τῷ
2987 1683 3233 1753 Ἰωσὴφ,
3272 1684 3459 1753 πρινὴ
3508 1689 3716 1740 συνεὼ

2138 1779 2265 1835 θεῖν
2293 1777 2538 1845 αὐτοὺς,
2566 1774 2779 1845 εὑρέθη
2816 1776 2888 1829 ἐν
2918 1776 3131 1845 γαστρὶ
3158 1775 3394 1845 ἔχουσα
3422 1776 3499 1830 ἐκ
3535 1778 3715 1831 Πνεῦ-

2132 1887 2321 1939 ματος
2351 1870 2546 1939 ἁγίου.
2573 1868 2683 1922 Kal
2708 1867 2956 1936 Ἰωσὴφ,
2978 1865 3212 1933 δίκαιος
3241 1866 3349 1930 ὢν,
3377 1866 3569 1932 ἐζήτει
3590 1868 3718 1921 ἀπο-

2136 1961 2324 2015 λῦσαι
2366 1958 2562 2028 αὐτὴν
2607 1958 2818 2027 λάθρα.
2863 1958 2975 2012 Kal
3019 1957 3148 2012 ἰδοὺ
3193 1956 3456 2027 ἄγγελος
3506 1958 3714 2026 Κυρίου

2137 2049 2339 2119 ἐφάνη.
2364 2047 2525 2113 αὐτῷ
2555 2048 2681 2102 κατ’
2704 2047 2851 2116 ὄναρ
2887 2048 3109 2117 λέγων’
3138 2046 3234 2115 Μὴ
3258 2048 3588 2116 ἀπολύσῃς
3613 2048 3715 2117 τὴν

2138 2138 2391 2210 γυναῖκά
2410 2156 2527 2194 σου
2550 2155 2561 2164 ’
2594 2137 2658 2193 τὸ
2678 2139 2801 2209 rep;
2816 2139 2886 2192 ἐν
2910 2137 3066 2208 αὑτῇ
3086 2139 3156 2213 ἐκ
3184 2140 3536 2209 Πνεύματός
3559 2141 3716 2194 ἐστιν

2138 2232 2332 2302 ἁγίου.
2350 2230 2503 2286 Ἰδοὺ
2528 2229 2640 2299 γὰρ
2672 2230 2951 2300 γεννήσει
3000 2230 3159 2296 υἱὸν,
3198 2232 3297 2284 καὶ
3340 2232 3624 2298 καλέσεις
3656 2232 3712 2286 τὸ

2141 2323 2327 2392 ὄνομα
2355 2322 2540 2378 αὑτοῦ
2570 2324 2832 2392 Ἰησοῦν.
2868 2318 3057 2389 Οὗτος
3088 2322 3276 2378 σώσει
3310 2323 3423 2378 τὸν
3440 2325 3597 2379 λαὸν
3623 2327 3715 2380 αὐ-

2100 2475 2109 2485 ,
2139 2413 2245 2468 τοῦ
2269 2414 2388 2468 ἀπὸ
2417 2412 2735 2483 ἁμαρτιῶν.
2761 2413 2871 2468 Kal
2892 2413 3088 2479 τοῦτο,
3119 2416 3272 2487 φησὶ,
3311 2416 3590 2485 γέγονεν,
3626 2417 3715 2470 ἵνα

2140 2505 2426 2575 πληρωθῇ
2446 2505 2514 2560 τὸ
2535 2506 2725 2574 ῥηθὲν
2749 2506 2870 2561 ὑπὸ
2911 2505 3019 2560 τοῦ
3038 2507 3263 2574 Κυρίου
3304 2506 3405 2561 διὰ
3447 2508 3556 2562 τοῦ
3588 2520 3692 2575 προ

2139 2597 2354 2668 φήτου,
2396 2596 2716 2669 λέγοντοῳ
2764 2596 2922 2652 Ἰδοὺ
2966 2598 3004 2665 ἠ
3052 2598 3355 2666 Παρθένος
3391 2599 3466 2652 ἐν
3512 2598 3713 2669 γαστρί

2139 2686 2282 2751 ἕξει,
2318 2685 2413 2741 καὶ
2450 2686 2520 2739 τά
2566 2686 2714 2757 ἑξῆς.
2754 2687 2865 2741 Kal
2907 2687 3191 2757 ἐγερθεὶς,
3222 2689 3411 2758 φησὶν,
3457 2687 3578 2742 ἀπὸ
3620 2687 3717 2741 τοῦ

2140 2777 2357 2843 ὕπνου,
2388 2778 2683 2848 ἐποίησεν
2708 2778 2895 2844 οὕτως
2922 2780 2955 2833 ό
2982 2778 3232 2848 Ἰωσήφ.
3276 2780 3388 2835 Kal
3428 2781 3717 2848 παρέλαϐε

2143 2868 2257 2937 τὴν
2285 2870 2536 2938 γυναῖκα
2576 2870 2761 2924 αὐτοῦ
2785 2885 2797 2899 ·
2834 2869 2932 2923 καί
2976 2873 3087 2925 οὐκ
3127 2871 3462 2941 ἐγίνωσκεν
3502 2871 3710 2936 αὐτὴν,

463 2959 518 3009 in
546 2957 728 3013 diebus
758 2960 986 3015 Herodis
1017 2962 1177 3031 regis,
1202 2977 1317 3016 ecce
1350 2962 1491 3031 magi
1522 2960 1587 3014 ab
1634 2959 1848 3016 Oriente
1884 2976 2035 3014 vene-

2143 2962 2250 3029 ἕως
2274 2958 2347 3018 οὗ
2375 2963 2542 3017 ἔτεκε
2564 2962 2672 3018 τόν
2693 2963 2826 3018 υἱὸν
2846 2961 3035 3029 αὐτῆς
3064 2962 3172 3015 τὸν
3208 2964 3608 3031 πρωτότοκον
3628 2961 3715 3016 καὶ

462 3057 588 3101 runt
615 3049 1037 3121 Hierosolymam
1074 3050 1340 3106 dicentes:
1380 3051 1479 3106 Ubi
1521 3062 1598 3106 est
1637 3053 1726 3123 qui
1772 3061 1929 3106 natus
1958 3060 2036 3106 est

463 3154 557 3191 rex
575 3136 886 3194 Iuda-orum
912 3145 937 3197 ?
972 3140 1205 3196 Vidimus
1229 3143 1367 3197 enim
1390 3144 1600 3199 stellam
1623 3143 1738 3213 ejus
1765 3144 1821 3198 in
1850 3144 2038 3199 Orien-

463 3241 530 3293 te,
557 3241 606 3285 et
634 3233 865 3287 venimus
896 3232 1121 3287 adorare
1150 3251 1289 3288 eum.
1324 3234 1425 3290 Ubi
1456 3235 1622 3305 igitur
1649 3243 1734 3290 est
1760 3234 2038 3291 Zachariae

463 3321 557 3374 illa
592 3323 774 3378 omnis
812 3323 1076 3378 historia?
1112 3322 1211 3378 Ubi
1255 3331 1385 3379 sunt
1417 3339 1539 3393 qua:
1572 3339 1602 3377 a
1634 3321 1780 3378 Luca
1811 3338 2039 3379 narrané

464 3413 592 3466 tur?
626 3413 727 3469 Ubi
759 3415 936 3469 visum
967 3414 1101 3469 illud
1131 3414 1349 3484 angeli?
1375 3412 1479 3466 Ubi
1517 3411 1747 3467 Ioannis
1778 3412 2037 3483 Baptista:

463 3504 795 3574 prophetia?
832 3505 933 3559 Ubi
969 3506 1269 3575 increpatio
1300 3503 1598 3568 Zacharias,
1632 3512 1691 3557 ut
1738 3505 1886 3574 loqui
1912 3514 2038 3561 ante

464 3612 574 3649 non
608 3603 830 3665 posset,
861 3612 1025 3667 quam
1074 3596 1314 3667 perlecta
1359 3603 1545 3650 essent
1577 3594 1782 3657 omnia,
1815 3610 1936 3664 qua:
1969 3596 2038 3649 ab

465 3687 661 3757 angelo
686 3694 846 3743 erant
881 3687 1083 3740 allata?
1114 3685 1217 3741 Ubi
1264 3694 1395 3741 sunt
1438 3701 1559 3756 quae
1599 3687 1827 3755 angelus
1856 3684 2039 3740 Maria:

464 3778 684 3833 loeutus
734 3780 858 3834 est?
888 3777 990 3833 Ubi
1034 3778 1219 3834 cautio
1268 3779 1359 3832 illa
1399 3792 1464 3832 ac
1514 3778 1837 3846 prudentia,
1872 3792 2035 3847 quam

465 3886 567 3925 suo
601 3871 698 3927 illo
744 3872 813 3926 ad
863 3873 1116 3943 angelum
1151 3884 1417 3941 responso
1447 3868 1617 3923 Maria
1661 3885 1772 3939 prae
1806 3885 1865 3926 se
1893 3870 2035 3933 tulit,

464 3979 588 4018 cum
632 3964 702 4018 ita
733 3964 883 4019 illum
915 3961 1322 4032 interrogavit‘
1356 3977 1369 4012 :
1417 3960 1694 4027 Quomodo
1736 3962 1827 4030 [iet
1869 3961 2030 4026 illud,

462 4056 711 4122 quoniam
741 4057 909 4109 virum
956 4070 1062 4107 non
1105 4055 1399 4123 cognosco?
1430 4060 1524 4105 aut
1563 4053 1781 4107 sincera
1813 4053 1905 4107 illa
1940 4067 2038 4105 an-

464 4146 571 4212 geli
601 4154 969 4216 aeeurataquc
1007 4146 1086 4199 rei
1128 4142 1379 4214 gerendae
1408 4143 1748 4213 propositio?
1777 4141 2034 4212 Spiritus,

465 4238 664 4307 inquit,
698 4248 911 4292 sanctus
939 4241 1257 4308 superveniet
1288 4237 1343 4290 in
1375 4246 1455 4300 te,
1496 4245 1545 4289 et
1578 4234 1743 4288 virtus
1775 4233 2039 4289 Altissimi

469 4326 797 4379 obumbrabit
836 4328 958 4385 tibi.

2141 3054 2397 3110 ἐκάλεσε
2430 3054 2496 3109 τὸ
2523 3055 2713 3124 ὄνομα
2750 3055 2937 3110 αὐτοῦ
2962 3057 3227 3125 Ἰησοῦν.
3257 3056 3368 3111 Τοῦ
3409 3054 3483 3109 δὲ
3522 3053 3727 3124 Ἰησοῆ

2142 3147 2558 3217 γεννηθέντος,
2588 3146 2775 3219 φησὶν,
2802 3147 2874 3201 ἐν
2904 3146 3179 3216 Βηθλεὲμ
3211 3146 3322 3215 τῆς
3341 3146 3719 3215 Ἰουδαίας-ἐν

2140 3239 2388 3308 ἡμέραις
2426 3236 2685 3306 Ἡρώδου
2723 3236 2833 3292 τοῦ
2874 3236 3197 3305 βασιλέως,
3223 3238 3353 3293 ιδοὺ
3392 3238 3576 3307 μάγοι
3610 3239 3718 3294 ἀπὸ

2155 3326 2489 3384 Ἀνατολῶν
2506 3329 2900 3399 παρεγένοντο
2942 3332 3030 3396 είς
3068 3329 3489 3399 Ἰερουσαλὴμ,
3530 3330 3719 3400 ,ιέτονι

2141 3435 2266 3485 τες·
2291 3419 2415 3473 Ποῦ
2437 3419 2609 3473 ἐστιν
2635 3422 2668 3473 ό
2687 3419 2917 3489 τεχθεὶς
2932 3420 3235 3497 ,βασιλεὺς
3256 3418 3375 3473 τῶν
3401 3419 3716 3481 Ἰουδαίωιτ

2143 3510 2398 3580 Ετὸομεν
2441 3510 2550 3581 γὰρ
2590 3509 2697 3564 τὸν
2730 3509 2955 3578 ἀστέρα
2982 3510 3168 3565 αὐτοῦ
3193 3511 3263 3564 ἐν
3289 3509 3369 3580 τῇ
3410 3509 3715 3577 ἈνατολιῙ,

2144 3602 2243 3656 καὶ
2286 3601 2549 3671 ἤλθομεν
2577 3600 2999 3671 προσκυνῆσαι
3033 3601 3215 3668 αὐτῷ.
3248 3601 3359 3656 Ποῦ
3390 3599 3489 3656 οὖν
3518 3605 3552 3673 ἡ
3585 3620 3716 3675 πρα-

2143 3692 2379 3761 γματεία
2430 3691 2525 3744 τοῦ
2570 3692 2880 3762 Ζαχαρίου;
2926 3690 3035 3744 Ποῦ
3070 3691 3139 3745 τά
3165 3691 3244 3763 τῷ
3292 3694 3482 3763 Δουκᾷ
3517 3709 3717 3761 πεπραο

2144 3781 2533 3852 γματευμένας
2563 3780 2675 3833 Ποῦ
2724 3783 2757 3853 ὴ
2800 3782 3037 3835 ὁπτασία
3081 3781 3177 3834 τοῦ
3222 3781 3497 3850 ἀγγέλους
3537 3780 3649 3834 Ποῦ
3689 3784 3717 3850 η

2146 3873 2452 3945 προφητεία
2478 3873 2726 3926 Ἰωάννου
2752 3873 2846 3927 τοῦ
2873 3871 3217 3941 Bais-rimi};
3261 3873 3373 3927 Ποῦ
3413 3874 3512 3927 τοῦ
3554 3875 3717 3945 Ζαχα-

2148 3966 2261 4034 ρίου
2310 3967 2342 4035 ή
2391 3964 2729 4036 ἐπιτίμησις,
2755 3964 2852 4019 τοῦ
2904 3965 2980 4037 μὴ
3029 3964 3295 4020 δύνασθαι
3338 3965 3502 4019 αὑτὸν
3554 3965 3719 4018 λαλεῖν

2144 4054 2303 4124 ἄχρις
2330 4045 2392 4106 οὗ
2425 4053 2651 4123 γένηται
2700 4053 2764 4107 τά
2807 4055 2912 4108 ὑπὸ
2952 4053 3047 4109 τοῦ
3083 4054 3315 4123 ἀγγέλου
3352 4054 3717 4127 λελαλημένας

2145 4140 2255 4195 Ποῦ
2282 4141 2350 4194 τά
2379 4141 2483 4194 ὑπὸ
2508 4142 2601 4195 τοῦ
2631 4142 2671 4194 Γ
2674 4141 2872 4214 αϐριὴλ
2899 4145 2966 4213 τῇ
2997 4143 3259 4215 Παρθένῳ
3292 4142 3587 4214 λεχθέντα;
3620 4142 3718 4197 Ποῦ

2143 4233 2178 4303 ἡ
2228 4231 2571 4303 παράστασις
2620 4232 2718 4302 τῆς
2763 4231 3085 4301 ἀσφαλείας,
3122 4232 3223 4304 τῆς
3271 4234 3412 4304 μετά
3465 4234 3719 4292 συνέσεως

2072 4311 2114 4365 Ῑ)
2142 4324 2240 4395 τῆς
2262 4323 2479 4395 Μαρίας
2505 4321 2654 4393 αὐτῷ
2682 4321 2760 4393 τῷ
2788 4323 3007 4394 ἀγγέλῳ
3028 4323 3448 4395 ἀποκριθείσης,
3478 4327 3555 4389 ὡς
3583 4322 3719 4397 ὴρώ·

456 4431 485 4463 τ
501 4430 548 4475 1,
577 4412 807 4484 λέγουσα
870 4418 1003 4486 Πῶς
1028 4418 1198 4475 ἔσται
1222 4419 1418 4482 τοῦτο,
1442 4418 1572 4473 ἐπεὶ
1607 4418 1796 4486 ἄνδρα
1834 4420 1907 4487 οἱ(
1950 4416 2443 4489 γννώσκω;καὶὴ
2500 4416 2640 4487 μετά
2692 4416 2979 4487 ἀκριϐείας
3030 4416 3249 4488 καθαρά
3295 4418 3598 4490 ὑφήγησις,
3657 4417 3723 4481 ὡς

460 4500 617 4559 εἶπεν
648 4508 783 4577 αὐτῇ
804 4522 818 4537 ·
864 4509 1105 4577 Πνεῦμα
1136 4507 1355 4578 Κυρίου
1390 4510 1908 4568 ἐπελεύσεται.ἐπί
1935 4507 2031 4575 σὲ,
2059 4509 2157 4564 καὶ
2179 4509 2436 4577 δύναμις
2474 4507 2755 4575 Ὑψίστου
2777 4507 3121 4563 ἐπισκιάσει
3145 4525 3247 4564 σοι
3275 4525 3294 4573 ;

540 4592 625 4649 Vl.
660 4588 897 4663 Quinani
926 4613 1056 4670 ergo
1091 4598 1293 4655 factum
1323 4603 1661 4671 putabimus,
1700 4610 1759 4656 ut
1786 4617 1906 4672 quae
1939 4601 2041 4658 [λιιι

464 4703 560 4740 ms
592 4690 867 4757 exposuit.
898 4706 961 4745 ea
988 4690 1099 4746 sint
1126 4706 1155 4744 a
1181 4691 1436 4747 Matthaeo
1467 4693 1872 4764 praetermissa?
1897 4692 2037 4747 Num

467 4776 780 4857 Slptthaaum
822 4782 891 4835 ab
934 4783 1013 4836 rei
1062 4784 1287 4839 veritate
1336 4785 1651 4855 discrepare
1697 4785 2039 4841 statuemus?

461 4867 626 4939 427
657 4869 739 4925 Αιι
775 4878 967 4926 contra
1012 4872 1066 4927 in
1114 4874 1307 4944 primis
1342 4876 1452 4931 illis
1487 4876 1654 4931 rebus
1680 4879 1869 4947 gestis,
1900 4891 2040 4946 quas

467 4962 753 5018 .‘llatthzeus
802 4964 1145 5035 perscripsit,
1178 4964 1379 5019 Lucam
1429 4966 1609 5037 ipsum
1651 4966 1876 5023 minime
1907 4984 2036 5024 vera

444 5054 762 5117 ,narrassc?
807 5054 999 5111 Nonne
1047 5055 1280 5125 singulis
1328 5058 1547 5129 propria
1595 5060 1855 5129 quedam,
1893 5059 2037 5118 Deus

468 5144 734 5212 attribuit,
772 5154 831 5199 ut
864 5150 1211 5218 evangelista:
1251 5156 1489 5216 quatuor
1517 5150 1585 5204 ad
1631 5151 2033 5219 prazdicandum

386 5282 393 5287 ,
467 5234 817 5304 livzmgelium
843 5237 1039 5293 delecti
1070 5254 1230 5295 suum
1259 5239 1533 5311 quoddam
1563 5244 1897 5312 praecipuum
1924 5258 2036 5295 nin-

540 5412 552 5441 '
587 5410 776 5465 Matth.
809 5428 823 5465 ι
876 5414 897 5467 1
937 5430 1057 5484 sqq.
1138 5434 1155 5447 -
1187 5415 1373 5469 Matth.
1406 5432 1467 5479 ιι,
1505 5419 1521 5470 ι
1553 5432 1671 5487 sqq.

2218 4602 2307 4667 (ζ’.
2350 4599 2414 4652 Τί
2436 4594 2528 4653 οὖν
2556 4597 2826 4671 ὲροῦμενς
2857 4601 2977 4653 ἐπεὶ
3011 4599 3085 4672 μὴ
3123 4601 3497 4673 κατήγγελλεν
3529 4607 3559 4658 6
3587 4606 3725 4659 Ματ-

2147 4692 2295 4755 θαῖος
2349 4690 2414 4744 τὰ
2454 4691 2558 4744 ὑπὸ
2600 4689 2697 4744 τοῦ
2745 4693 2930 4745 Λουκᾶ
2960 4692 3217 4764 ρηθέντα,
3248 4695 3357 4766 ἄρα
3407 4697 3724 4768 ἀσύμφωνος

2142 4782 2227 4854 εἴη
2276 4785 2305 4835 ὁ
2339 4783 2493 4851 ἆγιος
2519 4783 2799 4845 Ματθαῖος
2833 4783 2972 4854 πρὸς
3013 4782 3112 4853 τὴν
3143 4784 3436 4856 ἀληθειανς
3466 4786 3610 4839 Ἀλλ’
3635 4787 3725 4839 οὐκ

2144 4874 2396 4944 ἀληθεύει
2420 4876 2447 4926 ὁ
2480 4873 2635 4943 ἆγιος
2659 4876 2895 4938 Λουκᾶς,
2920 4873 3092 4929 εἰπὼν
3116 4876 3245 4944 περὶ
3270 4877 3381 4929 τῶν
3406 4879 3640 4949 πρώτων

2144 4963 2407 5036 Ματοαίῳ
2434 4965 3014 5036 πεπραγματευμένων
3037 4965 3210 5034 ;Οὺχὶ
3231 4965 3455 5036 ἑκάστῳ
3481 4968 3721 5039 ἐμέρισεν

2143 5058 2171 5109 6
2204 5055 2354 5119 Θεὸς,
2384 5056 2469 5109 ἵνα
2496 5057 2544 5110 οἱ
2576 5056 2840 5127 τέσσαρες
2860 5055 3268 5123 εὐαγγελισταὶ,
3295 5057 3607 5126 ὀφείλοντες
3634 5074 3719 5125 κη»

2147 5146 2326 5217 ρύξαι,
2362 5146 2598 5219 εὕρωσιν
2625 5147 2853 5208 ἕκαστος
2874 5145 2927 5198 τί
2955 5145 3335 5216 ὲργάσωνται;
3386 5151 3484 5203 καὶ
3527 5149 3597 5204 τά
3641 5148 3720 5220 μὲν

2145 5239 2450 5310 συμφώνως
2500 5239 2594 5294 καὶ
2646 5240 2775 5302 ῐσως
2816 5237 3144 5307 κηρύξωσιν,
3190 5240 3279 5295 ἵνα
3316 5240 3626 5314 δεηθῶσιν,
3654 5240 3720 5293 ὃτι

1745 5416 1764 5446 ³
1799 5414 1932 5473 an.
1971 5430 2010 5479 ι,
2042 5414 2133 5480 54,
2162 5414 2250 5470 53.

536 5588 648 5658 (l8)
706 5586 829 5643 Ἀπ’
864 5585 1050 5639 αὐτοῦ
1086 5585 1189 5641 τοῦ
1229 5590 1403 5655 ἔργον
1444 5591 1712 5658 ituri-6m.
1747 5591 1851 5645 Ant
1894 5589 2035 5660 κηρύ

2143 5592 2262 5663 leg,
2310 5600 2401 5647 aut
2430 5592 2521 5648 τοῦ
2552 5592 2802 5666 κηρύξαι.
