3866 6068
212 212 323 277 897

943 212 1305 275 Aiivmsus
1348 209 1686 268 [massas
1726 211 1848 266 LIB.
1898 209 1959 266 ll.
1999 208 2159 268 τοιι.
2203 210 2240 267 ι.
2283 243 2349 252 -
2411 212 2681 272 manus.
2724 215 2806 274 ιι.
2894 206 2913 217 ‘

211 330 270 396 ἐξ
294 326 462 403 αὖτῆς
503 334 603 403 τῆς
628 335 817 406 ’πηγῆς
859 334 1140 405 ὥρμηνται
1158 351 1175 367 θ
1196 334 1267 387 τὰ
1293 334 1350 387 δὲ
1377 334 1590 403 ἑκάστῳ
1615 348 1762 403 παρα

1900 345 2003 386 nus
2048 330 2345 386 haberent?
2376 329 2453 385 lta
2503 332 2747 402 quidem,
2799 344 2858 389 ut
2908 337 3174 393 nonnulla
3207 342 3473 397 concordi

210 421 503 493 ληφθέντα,
534 422 695 487 ἄλλος
714 424 1048 496 διηγήσεται,
1074 425 1133 489 ὃς
1156 425 1311 477 ἔλαϐε
1333 425 1484 495 παρὰ
1503 423 1595 505 τοῦ
1621 422 1792 476 Ilvati-

211 531 380 585 ματος
414 515 580 586 μέρος
609 517 714 586 τῆς
747 517 1059 586 ἀναλογίας.
1090 517 1155 569 Τί
1194 518 1256 571 δὲ
1293 519 1608 589 ποιήσομεν,
1638 517 1791 569 Ματ-

207 604 361 658 θαίου
394 606 492 676 μὲν
521 605 883 677 κηρύττοντος
916 610 974 662 ὲν
1008 608 1255 678 Βηθλεὲμ
1307 608 1406 678 τὴν
1435 606 1669 678 Μαριὰμ
1695 621 1787 675 γε-

204 694 548 763 γεννηκέναι,
592 693 736 747 κατά
781 694 879 759 τὰς
930 696 1061 766 παρ’
1085 696 1234 766 αὐτῷ
1274 694 1643 764 γενεαλογίας,
1671 693 1779 746 ἀπὸ

217 784 470 856 ’Δϐραὰμ
493 785 590 840 καὶ
615 784 779 841 Δαϐὶδ
799 788 897 859 τὴν
921 788 1182 858 ἔνδαρκον
1202 785 1437 857 Χριστοῦ
1459 785 1783 856 παρουσίαν,

204 872 281 938 ὡς
333 875 431 945 οὐχ
480 878 796 949 εὑρίσκεται
841 882 870 933 ὁ
916 879 1072 946 ἅγιος
1102 879 1328 950 Μάρκος
1354 876 1527 931 ταῦτα
1574 876 1780 945 λέγων’

203 966 343 1020 ἀλλὰ
373 968 483 1021 ἀπὸ
507 969 609 1040 τῆς
640 972 699 1022 ἐν
727 969 804 1041 τῷ
834 966 1078 1042 Ἰορδάνῃ
1124 970 1507 1042 πραγματείας
1550 972 1784 1022 ποιεῖται

201 1059 302 1130 τὴν
335 1061 645 1131 εἰσαγωγὴν
697 1062 790 1116 τοῦ
835 1062 1191 1131 Εὐαγγελίου,
1226 1064 1321 1117 καὶ
1364 1061 1559 1132 φησίν·
1611 1058 1782 1130 Ἀρχὴ

201 1151 310 1205 τοῦ
335 1153 707 1221 Εὑαγτειιίου
727 1170 742 1184 ·
765 1155 847 1221 ὠς
870 1152 1189 1224 γέγραπται
1211 1155 1281 1208 ἐν
1305 1154 1508 1219 Ἡσαΐᾳ
1535 1151 1616 1217 τῷ
1639 1168 1782 1220 προ-

200 1241 384 1313 φήτῃ.
418 1243 591 1311 Φωνὴ
616 1245 888 1310 βοῶντος
929 1246 999 1299 ἐν
1045 1245 1119 1315 τῇ
1151 1245 1365 1314 ἐρήμῳ.
1395 1243 1551 1298 Οὕτω
1591 1243 1686 1296 καὶ
1714 1243 1783 1296 τά

198 1330 278 1402 τῷ
327 1334 467 1403 ἁγίῳ
518 1335 739 1407 Ἰωάννῃ
786 1337 1352 1409 πεπραγματευμένα,
1399 1337 1494 1389 καὶ
1538 1337 1596 1388 ὲν
1642 1334 1781 1404 ἁγίῳ

199 1422 480 1493 Πνεῦματι
524 1427 903 1498 ἠσφαλισμένα
938 1428 1037 1499 τὴν
1083 1428 1338 1499 φροντίδα
1371 1427 1526 1498 ἔσχεν
1557 1426 1619 1480 οὐ
1650 1423 1780 1495 περὶ

197 1507 305 1561 τῶν
338 1509 440 1580 ἤδη
481 1514 906 1584 κεκηρυγμὲνων
935 1515 1191 1578 πολλάκις
1230 1516 1388 1586 μόνον
1413 1515 1611 1582 λέγειν,
1643 1511 1780 1567 ἀλλὰ

197 1599 462 1668 περὶτῶν
496 1602 809 1672 ἀναγκαίων
837 1605 940 1659 ὑπὸ
968 1606 1075 1660 τῶν
1107 1607 1281 1661 ἄλλων
1306 1608 1386 1669 είς
1411 1605 1609 1668 αὐτοὺς
1629 1606 1645 1636 ³
1679 1620 1778 1674 κη-

1892 435 1957 474 ac
1991 430 2361 478 consentanea
2410 438 2544 478 VOCC
2580 434 2902 491 narrarent,
2940 443 3051 498 quo
3080 444 3140 485 se
3167 445 3232 485 ex
3275 431 3472 488 eodem

1891 509 2141 566 hausisse
2171 509 2323 567 l‘onte
2367 520 2738 569 monstrarent
2768 531 2782 580 ;
2817 517 3063 585 quaadam
3099 535 3228 575 vero
3259 520 3328 575 ab
3355 523 3471 577 sin-

1889 601 2029 671 gulis
2085 602 2450 671 prmtermissa
2497 603 2639 660 alius
2686 616 3017 676 exponeret,
3070 611 3159 663 cui
3213 612 3467 681 privatim

1887 689 2022 744 illud
2047 698 2194 746 esset
2226 706 2257 745 a
2285 690 2490 763 Spiritu
2520 704 2715 750 sancto
2764 712 2862 769 pro
2891 706 3012 753 rata
3046 703 3302 769 portione
3332 717 3467 758 con-

1886 796 2123 836 cessum.
2152 780 2294 848 Quid
2328 782 2496 853 igitur
2526 784 2813 853 faciemus,
2852 804 2976 843 cum
3026 789 3317 848 Matthzeus
3348 792 3465 847 hia-

1886 872 2026 926 riam
2056 873 2392 931 Bethlebemi
2425 877 2706 946 peperisse
2751 881 2977 946 scribat,
3009 884 3312 938 secundum
3342 900 3467 955 per-

1884 964 2144 1033 scriptam
2217 965 2289 1020 ab
2344 965 2539 1021 eodem
2598 970 3006 1040 genealogiam,
3072 989 3179 1043 qua
3253 974 3465 1030 Christi

1883 1069 2007 1109 eum
2039 1070 2204 1111 carne
2230 1057 2501 1113 venientis
2530 1060 2798 1130 originem
2830 1062 2898 1115 ab
2921 1063 3234 1122 Abrahamo
3263 1082 3328 1122 ac
3355 1068 3463 1121 Da-

1882 1144 2011 1204 vide'
2036 1148 2338 1216 pertexuit;
2379 1147 2596 1206 Marcus
2628 1166 2760 1206 vero
2786 1153 2921 1206 nihil
2947 1154 3144 1209 habeat
3164 1156 3458 1225 ejusmodi,

1882 1237 1979 1291 sed
2013 1237 2081 1292 ab
2111 1252 2177 1292 eo
2205 1238 2349 1308 quod
2396 1240 2464 1294 ad
2506 1239 2799 1295 Jordanem
2829 1251 3041 1313 gestum
3072 1256 3179 1310 est,
3214 1249 3460 1319 Evange-

1882 1324 2013 1379 lium
2067 1326 2341 1388 ordiatur.
2394 1329 2470 1383 ita
2520 1331 2814 1386 scribens:
2864 1332 3088 1388 Initium
3132 1336 3406 1408 Evangelii
3438 1352 3460 1392 :

1879 1417 2016 1471 sicut
2044 1418 2296 1486 scriptum
2321 1429 2398 1473 ut
2422 1421 2477 1474 in
2512 1419 2663 1475 Isaia
2692 1424 2945 1492 propheta
2973 1441 2992 1479 :
3031 1425 3143 1479 Vox
3176 1429 3458 1483 clamantis

1878 1508 1935 1562 in
1971 1508 2177 1563 deserto
2207 1509 2263 1563 ‘Y
2296 1508 2388 1566 Sic
2436 1512 2492 1565 in
2532 1513 2601 1568 iis
2645 1530 2767 1583 quae
2801 1516 2991 1571 beatus
3020 1515 3262 1574 Joannes
3300 1536 3460 1581 man-

1879 1596 2030 1652 davit
2060 1600 2357 1667 memoriae,
2388 1618 2617 1673 quisque
2653 1604 2858 1674 Spiritu
2890 1618 3084 1662 sancto
3115 1611 3459 1680 gubernante

198 1691 498 1761 ρυγμάτων
531 1695 1021 1764 καταλειφθέντων.
1038 1700 1103 1751 Ἠ
1140 1698 1250 1771 γὰρ
1290 1698 1439 1751 πᾶσα
1465 1695 1572 1749 τῶν
1597 1695 1762 1764 Εὐαγ-

1879 1690 1985 1746 ﬁde
2016 1693 2164 1747 omni
2217 1709 2283 1747 ac
2326 1696 2557 1750 veritate
2609 1698 2851 1751 stabilita
2892 1708 3043 1762 sunt,
3098 1675 3149 1755 id
3202 1703 3455 1757 videlicit

192 1785 394 1851 γελίων
420 1787 673 1852 ὑπόθεσις
692 1789 933 1843 τοιοῦτον
961 1785 1074 1860 εἶχε
1100 1789 1321 1862 τρόπον.

1881 1789 2064 1837 actum
2096 1792 2208 1848 est,
2256 1791 2316 1837 ut
2357 1801 2468 1840 non
2512 1787 2687 1841 solum
2724 1804 2787 1842 ea
2828 1805 2949 1858 qua!
2979 1791 3178 1859 smpius
3208 1796 3457 1851 nuntiata

191 1875 436 1942 fuerant,
472 1890 939 1949 proponerentur;
972 1882 1067 1937 sed
1106 1891 1160 1935 et
1189 1881 1498 1937 necessaria
1523 1877 1771 1951 quaedam
1806 1874 2138 1929 adderentur
2162 1875 2437 1947 dogmata,
2469 1893 2589 1947 qua:
2615 1880 2796 1934 cazteri
2848 1889 2975 1936 ante
3024 1883 3176 1937 illum
3233 1885 3457 1942 minime

196 1972 430 2042 scriptis
462 1973 794 2044 attigissent.
823 1973 1103 2043 Ejusmodi
1145 1988 1341 2042 nempe
1385 1979 1558 2025 totum
1595 1965 2014 2037 Evangeliorum
2044 1974 2428 2036 argumentum
2458 1968 2580 2024 fuit.

262 2063 547 2118 Ματθαίου
578 2065 676 2135 μὲν
707 2066 816 2139 γὰρ
843 2066 1208 2138 κεκηρυχότος
1238 2063 1327 2117 τὸν
1370 2062 1603 2133 Χριστὸν
1651 2076 1773 2129 γεν-

184 2154 451 2225 νηθέντα,
479 2155 574 2211 καὶ
621 2158 686 2209 ἐκ
719 2157 1034 2228 Πνεύματος
1075 2156 1229 2225 ἁγίου
1283 2153 1671 2238 συλληφθέντα,
1706 2151 1771 2204 ὲκ

188 2247 512 2318 σπέρματος
544 2247 706 2300 Δαϐὶδ
749 2248 853 2302 καῖ
888 2247 1138 2319 Ἀϐραὰμ
1166 2245 1307 2300 κατὰ
1352 2246 1532 2317 σάρκα
1564 2245 1770 2297 οἰκονο-

190 2336 460 2407 μηθέντα,
493 2335 670 2407 πλάνη
697 2337 808 2389 τισὶ
832 2336 1123 2407 γεγένηται
1143 2338 1257 2398 τοῖς
1304 2336 1377 2405 μὴ
1421 2333 1731 2404 νενοηκόσιν
1751 2349 1766 2362 ·

186 2430 250 2482 οὐ
284 2427 378 2481 τοῦ
410 2427 750 2496 Εὐαγγελίου
780 2428 954 2481 αίτίου
986 2428 1136 2491 ὄντος
1162 2427 1342 2489 αὐτοῖς
1367 2427 1446 2488 είς
1468 2424 1530 2477 τὸ
1562 2423 1770 2493 πλανη-

187 2520 374 2591 θῆναι,
404 2519 543 2575 ἀλλὰ
582 2521 681 2591 τῆς
723 2520 903 2574 αὐτῶν
944 2521 1182 2584 διανοίας
1223 2517 1668 2589 πεπλανημένης,
1690 2515 1771 2579 είς

182 2612 536 2682 παράστασιν
577 2610 679 2679 τῆς
724 2611 854 2681 περὶ
900 2610 1009 2664 τῶν
1060 2609 1239 2665 αὐτῶν
1280 2605 1674 2679 πληροφορίας,
1701 2603 1772 2658 τὰ

185 2702 297 2754 ἀπὸ
345 2700 441 2754 τοῦ
482 2700 820 2769 Εὑαγγελίου
866 2703 1009 2772 κακῇ
1045 2702 1271 2773 ὑπονοίᾳ
1315 2703 1769 2777 ³ὲπινενοημένα.

189 2792 388 2846 Ἔνθεν
414 2790 523 2862 γάρ
554 2792 605 2844 οἱ
631 2792 761 2863 περὶ
805 2791 1077 2864 Κήρινθον
1108 2794 1202 2847 καὶ
1234 2794 1464 2850 Ἑϐίωνα
1494 2796 1650 2866 ψιλὸν
1674 2797 1766 2852 τὸν

184 2883 477 2953 ἄνθρωπον
533 2882 819 2952 κατέσχον.
870 2884 965 2937 καὶ
1006 2884 1304 2956 Μήρινθον,
1349 2888 1444 2940 καὶ
1484 2886 1758 2954 Κλεόϐιον,

1947 2056 2083 2111 Cum
2116 2056 2403 2114 Matthazus
2430 2060 2673 2130 genitum
2699 2060 2979 2141 Christum
3013 2072 3178 2134 atque
3202 2082 3232 2121 e
3263 2077 3459 2123 sancto

1879 2145 2088 2217 Spiritu
2132 2157 2499 2219 conceptum,
2549 2166 2615 2205 ac
2659 2152 2729 2207 de
2757 2152 2980 2209 Davidis
3027 2163 3082 2210 et
3129 2156 3451 2223 Abrahami,

1876 2238 2020 2308 quod
2064 2237 2134 2292 ad
2177 2254 2399 2295 carnem
2448 2242 2677 2306 attinet,
2720 2259 2921 2313 genere
2972 2255 3303 2314 prognatum
3351 2264 3454 2303 sua

1874 2331 2191 2385 narratione
2215 2330 2622 2401 descripsisset,
2654 2335 2936 2389 nonnullis
2963 2335 3342 2406 ignomntibus
3366 2354 3454 2393 er-

1873 2419 2016 2474 roris
2053 2420 2200 2476 istud
2228 2424 2577 2477 occasionem
2623 2424 2794 2479 dedit.
2822 2425 2995 2495 Cujus
3035 2428 3251 2496 quidem
3283 2443 3451 2486 causa

1872 2524 1984 2564 non
2010 2509 2304 2582 Evangelia
2333 2512 2435 2583 ipsi
2467 2513 2790 2577 tribuenda;
2821 2515 2916 2570 sed
2951 2515 3088 2571 falsa
3116 2517 3329 2571 illorum
3362 2533 3451 2572 ac-

1870 2601 2116 2656 cusanda
2145 2617 2325 2666 mens,
2350 2603 2442 2674 qui
2475 2604 2540 2658 ad
2568 2603 2621 2658 id
2657 2604 2801 2674 quod
2840 2590 3003 2660 certo
3023 2608 3125 2663 sibi
3159 2623 3450 2678 persuase-

1870 2698 2016 2757 rant,
2043 2707 2328 2762 perperam
2358 2702 2614 2764 acceptas
2655 2711 2720 2751 ex
2764 2697 3061 2769 Evangelio
3092 2701 3450 2771 auctoritates

1872 2783 2380 2838 aeconunndabant.
2441 2784 2581 2839 Hinc
2631 2785 2775 2841 enim
2825 2788 3160 2853 Cerinthus,
3211 2798 3265 2844 et
3315 2790 3449 2845 Ebiu

1866 2873 2072 2928 nudum
2124 2873 2402 2929 hominem
2458 2875 2632 2932 fuisse
2665 2875 2941 2932 Christum
2995 2880 3253 2942 asseruit,
3295 2888 3355 2933 ut
3397 2889 3446 2935 rt

184 2972 367 3025 εἶτουν
415 2970 747 3025 Κλεόϐουλον
782 2972 914 3042 (l9),
960 2975 1055 3027 καὶ
1102 2975 1385 3042 Κλαύδιον,
1418 2977 1514 3030 καὶ
1555 2980 1762 3049 Δημᾶν,

1871 2964 2194 3032 Merinthus,
2221 2966 2576 3031 etClcohius,
2602 2968 2717 3023 sive
2732 2968 3055 3035 Cleobulus,
3086 2977 3140 3025 et
3163 2971 3446 3035 Claudius,

185 3064 279 3115 καὶ
323 3060 659 3131 Ἑρμογένην
691 3060 825 3129 (20),
858 3065 983 3126 τοὺς
1005 3065 1396 3135 ἀγαπήσαντας
1420 3067 1510 3120 τὸν
1536 3067 1769 3121 ἐνταῦθα

184 3152 384 3214 αἰῶνα,
417 3153 512 3205 καὶ
558 3152 989 3224 καταλείψαντας
1035 3155 1135 3226 τὴν
1181 3156 1298 3211 ὁδὸν
1338 3158 1440 3227 τῆς
1488 3157 1765 3229 ἀληθείας.

196 3242 604 3311 Ἀντιλέγοντες
653 3245 763 3316 γὰρ
807 3247 919 3310 τοῖς
963 3245 1059 3299 τοῦ
1104 3248 1309 3319 Κυρίου
1355 3247 1622 3319 μαθηταῖς
1644 3252 1766 3304 κατ’

184 3338 368 3391 ἐκεῖνο
396 3336 613 3408 καιροῦ,
648 3338 756 3391 ἀπὸ
786 3338 884 3408 τῆς
915 3338 1056 3393 κατὰ
1081 3339 1174 3393 τὸν
1197 3339 1450 3412 Ἀϐραάμ
1474 3341 1570 3395 καὶ
1600 3341 1767 3396 Δαϐὶδ

181 3425 540 3493 γενεαλογίας
585 3424 688 3498 τὴν
711 3427 891 3481 αὐτῶν
917 3428 1101 3482 ἄνοιαν
1135 3432 1410 3502 παριστᾷυ
1431 3430 1754 3504 ἐπειρῶντοσ

180 3518 242 3570 οὐ
275 3516 462 3580 καλῶς
508 3517 608 3587 μὲν
630 3517 886 3588 οἰόμενοι,
919 3519 1060 3591 πλὴν
1083 3520 1332 3577 ἐντεῦθεν
1357 3523 1457 3594 τὴν
1492 3524 1764 3596 πρόφασιν

181 3607 519 3680 θηρώμενοι.
537 3609 876 3679 Ἀντέλεγον³
907 3611 1012 3683 γὰρ
1042 3613 1302 3678 πολλάκις
1334 3615 1440 3669 ὑπὸ
1481 3616 1576 3669 τοῦ
1607 3617 1764 3686 ἁγίου

193 3699 448 3755 Ἰωάννου
487 3702 581 3754 καὶ
619 3700 727 3754 τῶν
766 3702 902 3773 ἀμφ’
933 3703 1134 3769 αὐτῶν,
1161 3706 1397 3759 Λευκίου
1452 3708 1547 3761 καὶ
1591 3708 1765 3763 ἄλλων

177 3791 419 3847 πολλῶν.
447 3793 843 3867 Παρατρίψὶασα
867 3796 925 3849 δὲ
950 3796 1148 3866 ἑαυτῆς
1170 3797 1232 3851 τὸ
1255 3797 1522 3869 μετώπιον
1550 3801 1584 3871 ἡ
1611 3801 1762 3855 ἁναι⁴

180 3882 435 3952 σχυντία,
466 3884 630 3954 ἑαυτῇ
665 3884 812 3939 κακά
842 3885 1248 3940 ἐπισπάσασθαι
1279 3887 1726 3960 ἐφιλοτιμήσατο.

180 4116 185 4123 ’
247 4142 434 4207 Εὐθὺς
463 4143 519 4197 δὲ
550 4145 686 4215 μετὰ
714 4146 807 4199 τὸν
838 4144 1115 4199 Ματθαῖον
1143 4144 1254 4217 (21)
1293 4143 1583 4209 ἀκόλουθος
1609 4145 1763 4215 γενόο

1863 3072 1929 3113 ac
1958 3055 2174 3123 Demas,
2218 3065 2273 3114 et
2314 3057 2702 3129 Hermogenes,
2738 3063 2830 3131 qui
2875 3061 3184 3117 dilexerunt
3213 3064 3315 3119 hoc
3343 3080 3446 3119 sa:-

1862 3148 2068 3213 culum,
2151 3156 2204 3203 et
2246 3149 2391 3203 viam
2438 3150 2692 3205 veritatis
2746 3152 3085 3222 reliquerunt
3129 3155 3172 3208 '.
3230 3154 3445 3225 Quippe

1865 3238 2081 3296 Domini
2104 3240 2392 3312 discipulis
2417 3257 2513 3312 per
2535 3242 2589 3298 id
2616 3249 2830 3313 tempus
2870 3245 3312 3299 contradicentes
3337 3246 3441 3307 illi,

1861 3348 1928 3389 ex
1952 3332 2154 3388 Christi
2197 3333 2512 3403 genealogia
2550 3334 2618 3389 ab
2658 3333 2969 3389 Abrahamo
3001 3342 3054 3388 et
3084 3334 3291 3390 Davide
3323 3352 3443 3406 per-

1861 3424 2024 3480 ducta
2044 3423 2314 3479 insaniam
2342 3438 2499 3479 suam
2523 3424 2880 3502 corroborare
2905 3426 3253 3483 studuerunt.
3282 3427 3442 3493 Quod

1860 3515 1965 3571 etsi
1995 3528 2278 3584 perperam
2324 3515 2379 3568 in
2423 3515 2668 3570 animum
2701 3515 3053 3581 induxerant,
3081 3516 3442 3573 nihilominus

1860 3604 2013 3660 illinc
2040 3604 2385 3659 occasionem
2431 3605 2579 3660 nacti
2620 3612 2768 3660 sunt.
2812 3604 2879 3659 Et
2909 3605 3148 3661 Joannes
3203 3608 3440 3676 quidem,

1861 3694 2089 3771 ejusque
2131 3692 2420 3762 discipuli,
2450 3694 2796 3764 maximeque
2838 3693 3071 3771 Lucius,
3105 3705 3160 3750 et
3197 3696 3290 3750 alii
3324 3698 3441 3767 ple-

1861 3781 2019 3852 rique
2060 3767 2289 3836 istorum
2334 3782 2627 3836 conatibus
2652 3782 2853 3851 saepius
2893 3767 3061 3853 428
3087 3785 3437 3842 obstiterant.

1863 3870 1972 3926 Sed
2007 3869 2268 3924 nimirum
2301 3869 2397 3924 ubi
2424 3869 2593 3926 semel
2640 3868 2875 3924 frontem
2909 3884 3064 3924 suam
3101 3872 3437 3940 impudentia

1861 3957 2182 4032 perfricuit,
2217 3959 2361 4013 mala
2408 3958 2513 4015 sibi
2564 3959 2734 4015 multa
2773 3958 3034 4030 deinceps
3088 3963 3439 4018 accumulare

1862 4066 1971 4107 non
2003 4050 2227 4106 destitit.

1928 4143 2117 4216 Itaque
2144 4152 2268 4216 post
2307 4143 2619 4202 Matthaaum
2660 4147 2843 4203 statim
2889 4145 3094 4215 Marco,
3127 4147 3219 4218 qui
3251 4145 3437 4201 Reum

251 4327 268 4359 ¹
304 4325 372 4381 F.
408 4325 617 4396 a616v._
665 4325 685 4356 ¹
720 4324 918 4382 Deesse
976 4325 1192 4381 videtur
1246 4323 1514 4380 nonnihil.
1590 4323 1613 4355 ³
1646 4285 1762 4378 F.d

1871 4322 2109 4392 λέγοντο,
2149 4334 2203 4379 et
2246 4335 2393 4385 mox,
2450 4321 2586 4391 ἀμφ·
2619 4321 2797 4375 αὐτόν.
2878 4320 2899 4353 ⁸
2930 4321 3096 4379 Marc.
3129 4338 3143 4376 ι
3171 4363 3186 4387 ,
3232 4324 3254 4377 1
3310 4340 3434 4396 sqq.

170 4396 194 4428 '
221 4396 269 4452 ll
305 4396 452 4451 Tim.
488 4411 561 4460 tv,
593 4394 646 4450 9.

249 4552 390 4626 (19)
410 4553 521 4626 Ιςαὶ
552 4553 867 4626 -Κλεόϐιοῃ,
900 4550 1104 4626 εἵτουν
1150 4547 1549 4626 Ῑςλεᾴϐουέον.
1587 4544 1744 4626 lgna:

1870 4554 2067 4626 potest,
2118 4548 2196 4626 uti
2243 4547 2353 4626 duo
2400 4547 2645 4626 ejusdem
2689 4551 2927 4626 nominis
2972 4550 3153 4626 Demae
3206 4551 3429 4626 fuerint.

169 4628 283 4683 tius
318 4614 392 4677 a’d
434 4624 736 4698 Trallianos
767 4619 1217 4698 :_‘b3tiye_ga,_xat
1255 4616 1327 4698 τὰ
1367 4614 1473 4698 τοίἱ
1502 4614 1741 4687 πονηροῦ

166 4698 402 4767 ἔγγονα,
429 4693 702 4767 Θεόδοτον,
733 4692 837 4767 καὶΔ
859 4688 1287 4767 Κλεόϐουλον-τὰ
1310 4688 1584 4755 γεννῶντα
1609 4702 1747 4767 καρο

242 4757 274 4821 ν
313 4757 709 4837 θανατηφρριιν.
739 4759 841 4816 Ubi
868 4757 1388 4837 non_Nieolaitarum
1409 4757 1745 4837 propagines

168 4840 328 4908 istos
344 4824 524 4889 fuisse
543 4824 702 4908 docet
721 4873 737 4896 ,
767 4839 826 4885 ut
866 4842 951 4908 est
977 4830 1031 4883 in
1065 4828 1265 4908 ᾼιιχιᾳί.
1286 4865 1302 4889 ,
1331 4824 1746 4908 sedanda:qu-

167 4907 269 4978 ροῦ
301 4904 530 4978 ἔγγονα,
583 4902 819 4978 hoc_est_
847 4899 1111 4978 daemonis
1144 4897 1307 4952 fetus.
1339 4895 1609 4978 Imposuit
1633 4898 1744 4978 14.n-

164 4964 400 5030 imliui'n'
421 4973 675 5043 scriptori
706 4971 931 5043 Latinus
970 4968 1259 5037 interpres,
1296 4965 1391 5035 qui
1415 4967 1489 5019 ita
1520 4964 1696 5020 reddit
1724 4982 1739 5019 :

169 5047 400 5114 Fugite,
435 5044 663 5114 peruersi
698 5042 844 5114 illius
868 5049 1108 5114 praepetes.

238 5103 363 5184 (ΞΟ)
386 5103 629 5182 λημᾶν,
679 5111 779 5165 καὶ
802 5103 1198 5184 ΑἘριιο-γένηζ.
1251 5103 1623 5160 Theodoretus
1644 5182 1653 5184 _
1675 5103 1742 5184 ad

162 5185 207 5241 il
236 5177 395 5240 Tim.
445 5177 500 5238 οῖ
529 5177 620 5246 Iv,
655 5177 922 5236 eumdem
946 5177 1364 5246 illumADemam
1406 5190 1529 5246 esse
1561 5181 1740 5246 putat,

161 5258 257 5325 qui
315 5253 497 5323 Epist.
552 5244 619 5325 ad
679 5250 908 5325 Philem.
969 5244 1307 5325 ett__Colo§s.
1340 5259 1391 5325 t_v
1453 5244 1740 5325 laudatur;

160 5311 382 5394 quique
419 5322 677 5377 saeculum
703 5319 962 5394 diligens,
998 5316 1189 5394 relicto
1228 5314 1431 5394 Paulo,
1462 5311 1739 5394 discessit.

163 5381 532 5450 Sed'mutato
561 5390 792 5463 consilio
811 5381 889 5442 ad
919 5384 1479 5463 Pauluiii,revertisse
1513 5381 1735 5463 quidam

158 5465 509 5521 existimant.
564 5460 846 5530 Chrysost.
873 5473 1001 5530 vero
1038 5464 1158 5530 post
1192 5453 1560 5530 honorificam
1588 5453 1733 5505 illam

158 5535 228 5591 de
255 5551 326 5590 eo
362 5526 707 5604 intentionem
731 5545 760 5580 ιι
790 5527 955 5604 Paulo
985 5526 1444 5604 seiunctumesse
1472 5528 1647 5604 putari,
1679 5530 1736 5602 ut

160 5590 254 5661 illa
301 5603 376 5659 ad
429 5600 655 5656 Philem.
688 5590 819 5654 ante
861 5596 901 5651 ll
935 5597 1001 5652 ad
1032 5590 1174 5650 Tim.
1208 5594 1411 5665 scripta
1459 5590 1550 5647 sit.
1594 5590 1743 5657 Fieri

1847 4615 2007 4692 _A_pud
2036 4617 2206 4692 lguat.
2237 4615 2511 4692 Epirum!
2545 4618 2852 4692 Magnesiae
2879 4622 3201 4676 nominatur
3231 4624 3430 4677 Damas

1846 4684 2248 4757 Magnes’iorum
2283 4684 2599 4757 episcopus.

1917 4756 2029 4827 (2|)
2059 4757 2270 4830 _Ed0b¢
2318 4756 2386 4811 δὲ
2420 4756 2572 4827 μετὰ
2614 4760 2722 4812 τὸν
2761 4760 3081 4815 ΙίΙατθαῖον.
3132 4758 3211 4814 Ex
3263 4777 3429 4830 prava

1843 4824 2094 4897 Coruarii
2128 4824 2579 4897 interpretatione
2625 4838 2716 4883 aut
2749 4830 2885 4884 falsa
2914 4838 3008 4883 aut
3034 4831 3202 4885 dubia
3231 4824 3297 4885 ei:
3341 4832 3427 4885 bis

1842 4896 2035 4969 verbis
2061 4896 2288 4953 historia
2318 4899 2619 4968 Colligitur,
2646 4900 2864 4969 jussum
2898 4916 2949 4969 7a
2990 4900 3151 4955 Petro
3185 4899 3428 4969 Marcum

1842 4966 2129 5021 historiam
2180 4966 2491 5036 scripsisse.
2542 4966 2826 5024 Sic‘enim
2869 4968 3177 5023 Cornarius
3231 4987 3244 5023 :
3296 4968 3425 5022 Post

1841 5036 2156 5107 blatthaauu'.
2201 5048 2426 5093 secutus
2478 5046 2562 5093 est
2595 5037 2828 5107 Marcus,
2867 5039 3059 5107 jussus
3094 5053 3125 5091 a
3162 5038 3221 5091 S.
3262 5036 3426 5093 Petro

1845 5105 2032 5159 Romae
2076 5105 2429 5174 Evangelium
2477 5108 2658 5163 edere.
2717 5105 2979 5162 Neutrum
3034 5109 3231 5162 horum
3290 5107 3425 5163 dicit

1842 5175 2036 5244 Epipb.
2086 5185 2179 5247 aut
2209 5175 2352 5230 Petri
2378 5176 2540 5243 jussu
2563 5218 2578 5240 ,
2608 5185 2702 5232 aut
2741 5178 2930 5232 Romae
2960 5179 3253 5247 scripsisse
3283 5176 3426 5232 Mar-

1841 5261 1988 5317 cum,
2022 5245 2116 5301 sed
2139 5247 2261 5317 hoc
2292 5254 2526 5317 tantum,
2562 5249 2820 5303 comitem
2850 5248 3004 5301 illum
3037 5245 3225 5303 Romae
3253 5247 3425 5305 fuisse
3500 5310 3507 5317 _

1842 5315 2010 5379 Petri,
2047 5325 2101 5369 et
2134 5315 2526 5385 ἐπιτρέπεσθαι
2570 5317 2630 5371 τὸ
2680 5318 3011 5385 Εὐαγγὲλιον
3052 5317 3333 5372 ἐκθέσθαι.
3376 5319 3422 5373 Α

1843 5364 2730 5455 ⁷έριῖἱιιιῂεειιιριο.
2762 5364 2941 5443 Ιιίέεὶο
2973 5390 3118 5443 enim
3151 5387 3315 5443 Petro
3353 5388 3421 5442 ad

1844 5454 2193 5525 scribendum
2246 5470 2537 5524 aggressus
2593 5466 2714 5520 est,
2769 5457 3029 5513 Romanis
3082 5458 3137 5513 id
3188 5460 3257 5513 ab
3299 5461 3420 5525 ipso

1845 5523 2265 5594 postuiantibus,
2303 5523 2359 5578 ut
2381 5535 2573 5582 auctor
2603 5535 2689 5582 est
2724 5526 2948 5584 Hieron.
2998 5529 3094 5583 lib.
3129 5528 3205 5582 De
3233 5523 3417 5593 script.

1843 5592 2050 5662 coclea,
2078 5601 2130 5649 et
2177 5592 2374 5651 Euseb.
2408 5596 2501 5653 lib.
2536 5613 2596 5665 ιι,
2625 5614 2656 5654 e
2708 5598 2794 5655 14.
2825 5597 2983 5666 Quod
3008 5614 3140 5654 cum
3172 5598 3419 5657 audisset
