3866 6068
224 202 319 261 9)!
933 195 1302 257 ADVERSUS
1343 197 1683 258 llikESES
1721 200 1800 257 ιιι

1903 202 1956 258 ιι.
1984 176 2149 259 “ron.
2190 203 2231 261 ι.
2256 235 2328 248 -
2365 206 2635 264 inanes.
2677 208 2765 266 ιι.
2942 252 2949 255 ι
3379 209 3487 267 sos

217 320 316 377 τοῦ
345 316 726 375 Ματθαίου.’0
774 318 874 389 μὲν
918 317 1028 389 γὰρ
1066 318 1345 381 Ματθαῖος
1389 319 1627 390 ἑσήμανε
1656 332 1800 389 τρια-

1904 322 2143 385 chorios,
2160 332 2208 377 et
2224 338 2361 378 uxor
2385 323 2500 392 ejus
2524 325 2590 378 de
2605 324 2819 393 ﬁliabus
2846 326 3050 389 Aaron,
3069 327 3284 382 nomine
3302 325 3486 384 Ειτοα-

216 394 487 481 κονταετῆ
521 407 712 480 χρόνον
741 408 839 460 ἀπ’
868 408 1071 479 ἀρχῆςο
1119 408 1150 459 ὁ
1199 408 1255 461 δὲ
1276 408 1514 480 Μάρκος
1559 408 1627 464 τὰ
1669 411 1800 482 μετὰ

1904 412 2050 468 bella.
2068 413 2248 470 Altius
2275 429 2406 485 ergo
2433 430 2597 485 quam
2631 414 2915 473 Mattbaeus
2934 433 3168 474 exorsus
3200 429 3305 475 est.
3343 419 3484 475 Mat-

223 504 519 577 τριάκοντα
552 500 776 554 ἔταττεν
806 499 924 571 ἔτη,
947 500 1046 569 τὴν
1075 502 1132 553 ἐν
1157 500 1235 571 τῷ
1254 500 1492 573 Ἰορδάνῃ
1514 492 1800 576 γενομένηι

1903 506 2086 561 tinens
2104 506 2248 561 enim
2274 506 2620 562 tricesimum
2645 510 2823 564 uitatis
2842 524 3046 564 annum
3073 512 3231 571 initio
3246 511 3490 568 declara-

225 592 284 649 ἐν
312 590 542 674 ἀληθείᾳ
569 590 975 662 πραγματείαν.
1010 592 1170 660 ὅμοια
1202 591 1281 663 τῷ
1312 593 1578 665 Ματθαίῳ
1609 595 1705 650 καὶ
1732 596 1800 667 τῷ

1907 597 2230 655 vit.Marcus
2245 615 2374 655 vero
2382 615 2506 671 quae
2519 610 2641 670 post
2654 602 2996 657 tricesimum
3012 612 3164 674 gesta
3181 612 3489 674 suntcxpo-

223 682 444 754 Λουκᾷ’
470 670 509 737 ό
553 683 610 735 δὲ
655 682 931 745 Ματθαῖος
966 681 1077 736 ἀπὸ
1126 685 1576 754 τριακονταέτους
1614 688 1800 758 χρόνου

1903 692 2019 747 suit
2037 708 2051 744 :
2071 700 2125 747 et
2154 688 2290 747 iniis
2302 670 2423 762 qua:
2435 692 2504 747 ad
2527 692 2821 748 Jnrdanem
2853 670 3199 765 centigerunt
3225 670 3488 751 enarran-

228 775 333 846 πρὸ
360 775 459 845 τῆς
482 776 540 826 ὲν
564 772 643 843 τῷ
657 772 901 845 Ἰορδάνῃ
920 772 1125 826 καὶτοῦ
1148 774 1523 846 βαπτίσματος
1549 794 1810 849 πραγμα-

224 867 377 929 τείας
411 866 472 920 τὸ
510 864 757 935 διήγημα
794 866 1061 917 ἐποιεῖτο·
1097 866 1314 929 Λουκᾶς
1347 866 1531 939 δὲπρδ
1554 868 1648 922 τοῦ
1678 870 1808 941 χρά-

225 956 321 1013 νου
355 957 452 1011 τοῦ
490 956 859 1027 συλληφθῆναι
904 955 995 1008 τὸν
1028 954 1259 1028 Σωτῆρα
1288 961 1347 1013 ἐν
1379 962 1582 1032 γαστρὶ
1607 963 1719 1016 ἀπὸ
1748 964 1810 1030 ἒξ

229 1054 416 1127 μηνῶν
457 1054 551 1107 τὸν
597 1052 790 1125 χρόνον
834 1050 1047 1123 ἐδήλου,
1080 1051 1175 1105 καὶ
1213 1053 1370 1107 ἐννέα
1411 1055 1596 1125 μηνῶν
1625 1057 1804 1124 πάλιν,

220 1147 320 1199 καὶ
347 1145 543 1214 ὀλίγων
570 1142 793 1215 ἡμερῶν
840 1143 940 1213 τῆς
984 1142 1301 1215 συλλήψεως
1330 1145 1425 1198 τοῦ
1455 1147 1661 1218 Κυρίου
1683 1164 1697 1179 ·
1730 1150 1808 1213 ὡς

222 1233 363 1291 εἶναι
414 1236 507 1289 τὸν
551 1234 730 1288 πάντα
753 1233 944 1306 χρόνον
976 1233 1088 1305 (ΞΞ)
1136 1235 1431 1305 τριάκοντα
1451 1236 1511 1290 ἓν
1537 1238 1677 1303 ἔτος,
1710 1241 1805 1294 καὶ

225 1329 506 1385 ἐπέκεινα.
528 1330 803 1399 Διηγεῐται
832 1327 888 1380 δὲ
918 1326 1014 1381 καὶ
1040 1328 1140 1397 τὴν
1163 1326 1272 1382 τῶν
1296 1332 1570 1401 ποιμένων
1592 1332 1680 1387 διὰ
1696 1333 1806 1387 τῶν

224 1418 736 1491 εὐαγγελισαμένων
767 1418 1014 1487 ἀγγέλων
1038 1416 1322 1472 θεοπτίαν’
1354 1421 1450 1474 καὶ
1480 1418 1556 1486 ὦς
1586 1423 1809 1496 ὲγεννήο

224 1508 290 1579 θη
321 1512 379 1563 ὲν
412 1509 681 1580 Βηθλεὲμ,
716 1509 810 1562 καὶ
834 1508 1234 1580 ὲσπαργανώθη
1280 1512 1340 1563 έν
1388 1512 1585 1585 φάτνῃ,
1616 1515 1712 1568 καὶ
1736 1518 1802 1586 τῇ

220 1601 384 1675 ὀγδόῃ
412 1600 776 1673 περιετμήθη,
806 1601 902 1654 καὶ
940 1602 997 1654 ἐν
1031 1600 1442 1673 τεσσαράκοντα
1472 1603 1708 1675 ἡμέραις
1734 1604 1806 1659 τὰ

1904 784 1994 839 dis
2018 782 2272 837 Mattbaao
2296 798 2361 837 ac
2380 782 2543 839 Lucae
2559 798 2955 841 consentaneus
2974 795 3077 840 est.
3091 785 3484 844 SedMattbaurs

1898 873 1979 929 ab
2008 888 2152 928 anno
2186 874 2308 943 ipso
2351 874 2647 936 tricesimo,
2693 883 2822 930 ante
2863 875 3012 930 illam
3054 890 3272 931 onmem
3307 877 3488 946 bapti-

1903 964 2033 1031 smi,
2064 979 2127 1018 ac
2158 979 2342 1018 rerum
2391 962 2461 1018 ad
2503 961 2799 1019 Jordanem
2839 974 3118 1037 gestarum
3170 968 3477 1032 historiam,

1843 1062 1854 1079 '
1904 1051 2277 1106 narrationem
2318 1052 2615 1108 inchoavit.
2653 1051 2832 1109 Lucas
2872 1070 3036 1124 porro
3072 1070 3104 1108 a
3147 1063 3301 1110 sexto
3329 1072 3479 1112 men-

1902 1156 1987 1205 se,
2030 1149 2156 1197 ante
2200 1142 2498 1198 Salvatoris
2540 1142 2596 1198 in
2640 1152 2796 1198 utero
2821 1146 3246 1214 generationem,
3280 1147 3484 1215 princi-

1906 1232 2054 1303 pium
2078 1232 2304 1288 deduxit
2329 1250 2342 1287 :
2365 1235 2567 1304 quibus
2594 1249 2786 1289 novem
2824 1235 3020 1291 deinde
3049 1251 3266 1292 menses
3309 1238 3481 1301 addit,

1906 1340 2014 1379 una
2040 1341 2165 1380 cum
2199 1327 2387 1395 paucis
2417 1327 2617 1397 quibus
2639 1328 2856 1398 genitus
2884 1336 2971 1383 est
2994 1329 3207 1393 diebus,
3231 1337 3291 1384 ut
3316 1345 3482 1401 supra

1906 1418 2070 1473 unius
2100 1433 2164 1473 ac
2190 1420 2413 1490 triginta
2444 1435 2713 1475 annorum
2741 1420 2977 1491 spatium
3004 1421 3314 1490 colligatur.
3341 1420 3481 1475 Nar-

1905 1515 1990 1558 rat
2016 1514 2275 1574 praeterea
2314 1508 2777 1576 quemadmodum
2808 1516 3058 1579 pastores
3089 1509 3159 1563 ab
3194 1509 3483 1564 internun-

1906 1594 1997 1649 tiis
2039 1597 2246 1666 angelis
2286 1598 2547 1652 admoniti
2582 1599 2751 1655 Deum
2784 1601 3204 1670 conspexerunt;
3237 1610 3404 1671 utque
3434 1603 3483 1657 is

223 1692 366 1747 κατὰ
409 1693 500 1747 τὸν
546 1693 710 1764 νόμον
761 1693 1066 1765 προσφόρια
1096 1693 1237 1765 ὑπὲρ
1279 1694 1443 1747 αὐτοῦ
1477 1695 1799 1749 ἐπετέλουνο

1909 1685 2244 1742 Bethlehemi
2278 1689 2331 1742 in
2363 1689 2540 1745 lucem
2573 1690 2775 1756 editus,
2803 1706 2867 1746 ac
2892 1692 3091 1761 pannis
3122 1692 3403 1749 involutus
3425 1694 3479 1747 in

222 1786 317 1839 καὶ
359 1785 439 1849 ὡς
502 1788 531 1839 ὁ
578 1784 801 1855 Συμεὼν
847 1786 905 1838 ὲν
944 1786 1216 1854 ἀγκάλαις
1261 1785 1473 1856 ἐδέχετο
1497 1802 1511 1816 ’
1573 1786 1666 1839 καὶ
1730 1786 1807 1850 ὡς

209 1871 397 1933 ’Ἄννα
434 1878 860 1948 ἀνθωμολογεῖτο
906 1878 1155 1951 θυγάτηρ
1189 1878 1435 1949 Φανουήλ
1455 1894 1470 1909 ⁸
1513 1879 1608 1933 καὶ
1637 1879 1713 1942 ὼς
1741 1879 1805 1933 ἐκ

219 1970 476 2041 Ναζαρὲτ
505 1970 671 2042 ἀπῄει
690 1972 770 2034 εἰς
810 1972 1165 2044 Ἰερουσαλὴμ
1191 1971 1308 2041 ἅμα
1334 1974 1450 2035 τοῖς
1471 1970 1688 2040 γονεῦσι
1717 1989 1808 2026 τε-

219 2062 405 2117 λοῦσιν
435 2062 574 2133 ὐπέερ
593 2062 758 2115 αὑτοῦ
781 2061 924 2116 κατὰ
946 2062 1038 2115 τὸν
1066 2055 1358 2132 νόμον.Ὦν
1382 2061 1530 2114 οὐδὲν
1552 2060 1631 2132 τῷ
1654 2062 1806 2115 Ματ-

218 2154 359 2225 θαίῳ
409 2154 788 2225 ἐπείργασται,
821 2154 943 2207 οὐδὲ
981 2152 1061 2225 τῷ
1090 2153 1326 2225 Μάρκῳ,
1356 2151 1494 2206 ἀλλὰ
1538 2151 1645 2224 μὴν
1684 2151 1804 2206 οὐδὲ

218 2246 299 2319 τῷ
326 2247 571 2319 Ἰωάννῃ.

288 2425 371 2479 Ii'.
413 2423 577 2477 Ὅθεν
627 2423 720 2478 καί
761 2440 905 2486 τινες
953 2422 1101 2477 ἄλλοι
1153 2422 1212 2487 ἐξ
1267 2420 1536 2492 Ἑλλήνων
1586 2419 1802 2495 φιλοσό-

168 2570 169 2575 ,
214 2533 364 2585 φων,
406 2514 549 2586 φημὶ
579 2513 634 2567 δὲ
664 2513 991 2585 Πορφύριος,
1021 2514 1116 2566 καὶ
1148 2512 1376 2578 Κέλσος,
1405 2512 1501 2565 καὶ
1534 2512 1804 2566 Φιλοσαϐ-

212 2606 402 2668 ϐάτιος
435 2603 571 2675 (-24),
615 2606 643 2658 ὁ
693 2607 757 2657 ἐκ
798 2603 908 2657 τῶν
948 2602 1215 2657 Ἰουδαίων
1257 2601 1599 2674 ὁρμώμενος,
1632 2602 1802 2666 δεινὸς

211 2699 315 2752 καὶ
367 2695 624 2751 ἀπατεὼν
667 2696 826 2766 ὄφις,
872 2697 950 2760 εἰς
988 2694 1086 2766 τὴν
1120 2694 1260 2749 κατά
1295 2694 1398 2764 τῆς
1444 2692 1802 2765 εὐαγγελικῆς

213 2788 603 2861 πραγματείας
628 2786 912 2854 διεξιόντες
937 2785 1266 2857 ἀνατροπὴν,
1288 2784 1398 2839 τῶν
1441 2785 1610 2854 ἁγίων
1638 2785 1802 2855 εὐαγ-

213 2878 486 2948 γελιστῶν
515 2876 903 2950 κατηγοροῦσι,
930 2876 1152 2947 ψυχικοί
1193 2877 1289 2929 καὶ⁹
1336 2876 1589 2949 σαρκικοὶ
1623 2872 1800 2949 ὑπάρο

216 2988 426 3043 χοντες,
463 2970 602 3024 κατά
627 2970 803 3041 σάρκα
834 2968 891 3022 δὲ
921 2968 1357 3040 στρατευόμενοι,
1407 2968 1502 3021 καὶ
1525 2967 1660 3021 Θεοῦ
1708 2968 1801 3021 εὐ-

1907 1778 2157 1846 praesepi,
2187 1785 2241 1831 et
2273 1786 2467 1833 octavo
2496 1779 2584 1834 die
2613 1780 2973 1837 circumcisus
3006 1781 3193 1850 luerit,
3223 1799 3325 1838 nec
3370 1799 3482 1838 non

1906 1874 2028 1936 post
2055 1867 2173 1924 dies
2219 1885 2288 1923 ιι.
2334 1885 2435 1939 pro
2465 1869 2653 1925 eodem
2685 1872 2866 1927 oblata
2911 1874 3045 1938 sint,
3074 1890 3196 1944 qum
3225 1877 3310 1932 lex
3346 1892 3484 1947 prte-

1905 1959 2226 2029 scripserat.
2270 1960 2410 2016 Tum
2459 1970 2520 2016 ut
2552 1978 2679 2017 eum
2711 1962 2950 2035 Symeon
2980 1966 3035 2020 in
3069 1967 3229 2021 ulnas
3259 1984 3483 2038 accepe-

1904 2052 2009 2114 rit,
2059 2043 2353 2109 Phanuelis
2387 2054 2494 2107 ﬁlia
2543 2056 2795 2111 coitiessa
2847 2057 2954 2124 sit;
3004 2066 3172 2129 utque
3217 2059 3482 2116 Nazareto

1905 2156 2029 2195 cum
2078 2145 2397 2212 parentibus
2428 2144 2874 2222 'llierosolymam
2920 2150 3138 2214 abierit,
3192 2155 3285 2222 qui
3333 2136 3480 2223 quod

1906 2232 1990 2287 lex
2035 2229 2278 2302 iusserat
2321 2236 2469 2291 illius
2510 2239 2732 2293 nomine
2780 2237 3181 2309 dependet-unt.
3214 2242 3346 2308 Quae
3378 2260 3480 2299 nec

1904 2320 2217 2388 Matthteus,
2249 2341 2350 2381 nec
2382 2326 2618 2392 Marcus,
2645 2343 2746 2383 nec
2772 2328 3012 2385 Joannes
3040 2335 3357 2401 attigerunt.

1978 2414 2118 2470 VIII.
2164 2417 2246 2471 Ex
2280 2435 2389 2488 quo
2417 2419 2617 2474 factum
2650 2432 2752 2485 est,
2786 2431 2845 2476 ut
2867 2425 3095 2493 gentiles
3119 2426 3337 2495 quidam
3358 2426 3484 2497 phi-

1907 2504 2139 2576 losophi,
2187 2506 2524 2580 Porphyrius
2555 2511 2785 2576 scilicet,
2837 2527 2900 2565 ac
2946 2514 3163 2578 Celsus,
3203 2524 3257 2569 et
3297 2515 3483 2570 Philo.

1905 2599 2251 2667 sabbnthius,
2299 2617 2499 2672 genere
2538 2600 2782 2669 Iudaeus,
2810 2612 3085 2659 veterator
3108 2622 3171 2661 ac
3201 2609 3479 2677 ncquissi-

1903 2707 2027 2747 mus
2059 2693 2304 2757 coluber,
2338 2709 2461 2750 cum
2490 2684 2755 2750 adiersus
2782 2698 3149 2767 evangelicam
3191 2699 3484 2754 historiam

1905 2783 2230 2850 scriberent,
2252 2800 2441 2841 sacros
2474 2786 2839 2855 evangelisms
2865 2790 3145 2858 arguerint
3169 2808 3182 2845 :
3214 2792 3485 2846 animales

1904 2871 1985 2927 illi
2035 2875 2279 2944 quidem,
2336 2882 2391 2930 et
2440 2877 2693 2932 carnales
2733 2877 3008 2941 homines,
3063 2894 3127 2933 ac
3175 2882 3482 2934 secundum
3594 2920 3599 2931 .

1904 2978 2125 3020 carnem
2170 2966 2493 3032 militantes,
2542 2969 2638 3039 qui
2667 2982 2769 3023 nec
2801 2967 2912 3025 Deo
2943 2970 3163 3039 placere
3202 2980 3484 3042 poterant,

219 3063 526 3135 αρέστησιν
568 3061 844 3125 ἀδυνάτως
873 3059 1109 3131 ἔχοντες,
1151 3058 1244 3113 καὶ
1270 3060 1337 3113 τὰ
1366 3057 1459 3112 τοῦ
1493 3057 1800 3130 Πνεύματος

1915 3071 2015 3111 nec
2042 3072 2105 3112 ea
2132 3074 2253 3127 qua:
2280 3066 2410 3114 sunt
2440 3060 2679 3128 Spiritus
2706 3062 2883 3116 sancti
2920 3075 3311 3132 cognoverant.
3341 3064 3486 3121 Nam

220 3153 299 3225 μὴ
324 3152 680 3226 -θνενοηκότες
737 3152 1007 3215 Ἕκαστος
1038 3150 1149 3222 γὰρ
1190 3150 1548 3222 προσκύπτων
1580 3153 1692 3215 τοῖς
1721 3150 1803 3205 λό-

213 3261 336 3315 γοις
385 3244 486 3311 τῆς
527 3242 784 3313 ἀληθείας
828 3242 917 3296 διὰ
961 3241 1060 3313 τὴν
1103 3242 1162 3294 ὲν
1207 3240 1357 3312 αὐτῷ
1386 3240 1660 3312 τύφλωσιν
1702 3241 1802 3313 τῆς

179 3352 182 3356 ‘
216 3336 513 3406 ἀγνωσίας,
545 3336 625 3399 εἰς
662 3333 819 3387 τοῦτο
852 3334 1217 3405 ἐμπίπτοντες
1241 3332 1424 3402 ἔλεγον
1444 3349 1459 3363 ο
1494 3331 1619 3397 Πῶς
1647 3331 1803 3387 δύνα-

214 3447 303 3483 ται
338 3431 372 3500 ή
405 3426 545 3497 αὐτή
578 3426 761 3499 ήμέρα
791 3422 927 3479 εἶναι
967 3427 1067 3497 τῆς
1100 3428 1158 3480 ὲν
1187 3425 1435 3497 Βηθλεὲμ
1471 3426 1798 3497 γεννήσεως,

215 3521 358 3593 αὐτὴ
385 3519 483 3573 καὶ
515 3517 817 3590 περιτομὴν
849 3516 992 3588 ἔχειν
1019 3517 1386 3588 ὀκταήμερον,
1437 3516 1532 3570 ml.
1567 3516 1657 3570 διὰ
1684 3533 1802 3572 τεσ-

216 3613 531 3684 σαράκοντα
561 3608 787 3680 ήμερῶν
821 3609 878 3662 ὲν
921 3606 1313 3680 Ἱεροσολύμοις
1362 3608 1570 3673 ἄνοδον,
1607 3608 1703 3662 καὶ
1731 3606 1801 3661 τά

215 3706 331 3761 ἀπὸ
379 3702 667 3773 Συμεῶνος
715 3702 810 3755 καὶ
853 3702 1053 3763 ’Ἄννας
1095 3702 1174 3764 εἰς
1212 3700 1374 3754 αὐτὸν
1415 3700 1796 3770 τετελεσμένα,

213 3797 379 3850 ὁπότε
415 3797 475 3848 ὲν
498 3796 567 3865 τῇ
594 3792 750 3848 νυκτὶ
839 3792 1125 3863 ἐγεννήθη,
1156 3790 1399 3862 πέφηνεν
1421 3790 1589 3862 αὐτῷ,
1612 3791 1797 3862 φησιν,

211 3886 471 3957 ἄγγελος,
516 3885 653 3956 μετά
677 3884 775 3955 τὴν
797 3884 906 3938 τῶν
940 3884 1127 3954 μάγων
1169 3881 1378 3935 έλευσιν
1405 3882 1514 3937 τῶν
1539 3882 1799 3937 ἐλθόντων

214 3976 595 4049 προσκυνῆσαι
634 3972 804 4045 αὐτῷ,
837 3974 932 4026 καὶ
966 3971 1293 4038 ἀνοιξάντων
1325 3969 1428 4034 τὰς
1475 3972 1675 4043 πήρας,
1704 3970 1800 4024 καὶ

216 4069 735 4142 προσενεγκάντωνς
782 4067 858 4130 ὡς
909 4065 1081 4135 λέγει,
1137 4063 1335 4135 φησίνσ
1395 4064 1583 4133 Ὠφθη
1638 4059 1799 4129 αὺτῷ

214 4160 475 4231 ἄγγελος
503 4157 699 4228 λέγων
721 4174 737 4190 ο
779 4155 1066 4220 Ἀναστὰς
1111 4153 1258 4209 λάϐε
1286 4153 1352 4207 τὸ
1384 4152 1656 4207 παιδίον·
1700 4153 1798 4208 καί

211 4252 331 4319 τὴν
365 4248 621 4321 γυναῖκά
671 4262 811 4313 σου,
855 4246 952 4301 καὶ
1005 4245 1266 4315 πορεύου
1316 4245 1405 4310 εὶς
1455 4243 1757 4313 Αἴγυπτον
1780 4259 1795 4274 ·

211 4343 303 4398 ὅτι
347 4341 508 4411 ζητεῖ
564 4339 822 4410 Ἡρώδης
853 4338 970 4407 τὴν
1004 4336 1219 4406 ψυχὴν
1264 4334 1373 4390 τοῦ
1420 4335 1682 4390 παιδίου.
1732 4336 1797 4388 Ei

1882 3162 2101 3202 ~omnes
2127 3147 2292 3220 5.30
2331 3149 2409 3203 illi
2432 3152 2505 3203 ad
2533 3166 2817 3208 sermones
2850 3154 3097 3208 veritatis
3114 3154 3483 3216 oﬂ‘endenles.

1904 3253 2015 3309 pra:
2040 3239 2273 3295 inscitia:
2307 3241 2578 3303 caecitate,
2622 3248 2787 3312 atque
2821 3243 2888 3297 ad
2932 3258 2995 3297 ea
3039 3244 3244 3314 delapsi
3275 3246 3485 3316 jactare

1904 3329 2201 3386 identidem
2239 3332 2486 3387 solebant
2514 3351 2527 3387 :
2556 3332 2770 3389 Fierine
2797 3344 2997 3406 potest,
3034 3343 3095 3390 nt
3127 3337 3314 3392 eadem
3361 3338 3481 3394 dies

1896 3420 2317 3479 etBethlebemi
2350 3433 2542 3480 natum
2584 3427 2801 3495 viderit,
2847 3438 2922 3491 ει,
2978 3428 3124 3499 quod
3166 3442 3291 3499 post
3336 3433 3480 3505 θεαὶ,-

1901 3513 2071 3569 duum
2127 3517 2336 3572 solebat
2386 3517 2525 3584 ﬁeri,
2568 3520 2983 3587 circumcisum,
3014 3529 3069 3575 et
3104 3533 3225 3592 post
3261 3524 3375 3578 dies
3410 3538 3482 3579 xl.

1900 3602 2278 3677 Hierosolyma
2338 3608 2729 3680 deportatum;
2786 3620 2848 3667 ut
2902 3613 3031 3667 item
3078 3611 3356 3670 Simeonis
3426 3625 3480 3669 et

1900 3696 2071 3753 Anna;
2116 3688 2235 3753 acta
2262 3700 2361 3753 illa
2396 3701 2450 3754 in
2501 3702 2748 3758 eamdem
2790 3703 2934 3758 diem
2979 3704 3307 3772 inciderint;
3344 3722 3479 3776 prte-

1900 3789 2092 3843 sertim
2123 3805 2247 3844 cum
2283 3806 2390 3858 qua
2419 3798 2581 3846 nocte
2610 3789 2771 3846 Iesus
2818 3800 2903 3847 est
2949 3793 3003 3846 in
3056 3793 3230 3847 lucem
3276 3794 3478 3855 editus,

1900 3877 2139 3950 Josepbo
2191 3883 2422 3951 angelus
2475 3884 2815 3953 apparuerit,
2880 3891 3001 3953 post
3051 3898 3335 3953 magorum
3386 3885 3482 3938 ad-

1896 3979 2150 4037 ventum,
2201 3971 2294 4041 qui
2334 3971 2483 4028 illius
2531 3972 2793 4039 adorandi
2830 3988 3000 4028 causa
3031 3984 3319 4036 venerant,
3350 3975 3479 4044 qui-

1902 4076 2011 4132 que
2069 4077 2300 4118 munera
2337 4078 2437 4120 sua
2465 4064 2669 4136 apertis
2698 4065 2938 4121 sacculis
2968 4059 3317 4120 obtulerant?
3341 4063 3479 4119 Tum

1899 4150 2043 4206 enim
2079 4154 2350 4221 apparuit,
2380 4153 2579 4223 inquit,
2603 4154 2652 4208 ei
2677 4154 2895 4225 angelus
2934 4153 3110 4208 dicens
3130 4169 3149 4207 :
3177 4151 3367 4224 Surge.
3394 4170 3478 4207 ae-

1899 4242 2013 4311 cipe
2044 4257 2286 4310 puerum,
2327 4252 2377 4297 et
2419 4243 2691 4314 conjugem
2732 4253 2900 4306 tuam,
2944 4251 2995 4297 et
3036 4242 3163 4297 vade
3204 4243 3261 4298 in
3304 4241 3478 4314 Egy-

1899 4341 2079 4400 ptum;
2111 4334 2359 4403 quoniam
2417 4335 2610 4406 quierit
2669 4332 2905 4389 Herodes
2958 4335 3195 4388 animam
3248 4336 3475 4405 .pucrt’.

209 4437 398 4491 τοίνυν
429 4435 489 4486 ἐν
526 4430 893 4503 ταύτῃνυκτὶ
915 4424 952 4503 ᾖ
975 4429 1319 4499 γεγέννηται,
1360 4425 1687 4497 παρελήφθη
1717 4427 1798 4489 εἰς

1903 4421 2268 4489 Quamobrem
2338 4424 2384 4479 si
2449 4425 2640 4479 eadem
2702 4441 2810 4496 qua
2874 4433 3037 4481 natus
3081 4435 3167 4483 est
3211 4436 3370 4482 nocte
3423 4428 3481 4481 in

209 4527 492 4595 Αἴγυπτον
523 4524 615 4577 καὶ
649 4524 768 4575 ἐκεῖ
794 4518 883 4593 ἦν,
915 4522 1020 4585 ἕως
1052 4522 1174 4575 ὅτου
1205 4518 1476 4574 ἀπέθανεν
1515 4518 1760 4591 Ἡρώδης
1779 4535 1795 4552 ο

210 4617 381 4671 πόθεν
409 4615 470 4668 τὸ
503 4616 804 4686 ἐπιμεῖναι,
833 4612 928 4666 καὶ
970 4612 1312 4684 ὀκταήμερον
1358 4609 1795 4683 περιτμηθῆναις

207 4712 242 4783 ἢ
290 4709 412 4774 πῶς
465 4708 528 4761 τὸ
581 4705 722 4779 μετά
779 4704 1188 4777 τίσσαράκοντα
1228 4703 1540 4776 εὑρίσκεται
1580 4702 1798 4765 Λουκᾶς

205 4800 578 4873 ψευδόμενος;
648 4795 788 4867 (Ὦς
848 4795 982 4865 φασὶ
1033 4791 1487 4865 βλασφημοῦντες
1525 4790 1668 4845 κατὰ
1697 4791 1797 4862 τῆς

207 4890 426 4946 ἑαυτῶν
470 4887 715 4958 κεφαλῆς
736 4886 777 4958 ·)
821 4885 902 4938 ὅτι
950 4883 1114 4954 φησὶν
1164 4883 1223 4935 ὲν
1269 4884 1336 4955 τῇ
1382 4882 1794 4954 τεσσαρακοστῇ

206 4984 400 5055 ἡμέρα
436 4981 742 5051 ἀνήνεγκαν
787 4976 950 5031 αὐτὸν
986 4978 1067 5040 εἰς
1111 4972 1487 5047 Ἰερουσαλὴμ,
1537 4972 1794 5028 κάκεῖθεν

203 5078 287 5139 είς
330 5070 609 5143 Ναζαρέτ.
641 5069 752 5123 Καὶ
798 5069 899 5121 οὐκ
925 5067 1133 5122 οἴδασιν
1181 5068 1231 5119 oi
1272 5064 1521 5136 ἀγνωσία
1574 5064 1795 5135 κατεγόο

208 5182 367 5240 μενοι
395 5162 491 5217 τοῦ
531 5160 687 5232 ἁγίου
720 5155 1033 5231 Πνεῦματος
1063 5157 1162 5229 τὴν
1187 5155 1435 5226 δύναμιν.

280 5368 299 5398 ¹
329 5360 524 5420 Matth.
557 5376 619 5424 ιι,
659 5360 747 5415 l3.
822 5361 843 5391 '
881 5361 1011 5413 an.
1044 5376 1105 5423 ιι,
1143 5358 1213 5413 22
1248 5373 1369 5427 sqq.

279 5454 398 5530 (ἐξ)
433 5454 527 5521 Ὠς
547 5450 702 5508 εἶναι
716 5452 827 5515 ,τὸν
849 5452 1045 5507 πάντα
1066 5453 1306 5530 χρόνον,
1324 5445 1562 5530 Tempus
1583 5447 1784 5530 ipsum,

203 5542 317 5589 quo
344 5522 591 5581 Joannes
625 5535 924 5591 conceptus
947 5538 1011 5577 ac
1043 5522 1206 5577 natus
1227 5528 1332 5591 est,
1388 5524 1443 5573 et
1471 5522 1788 5591 incarnatus

204 5587 379 5667 atque
432 5595 489 5650 in
536 5587 717 5649 lucem
754 5587 935 5649 editus
964 5592 1239 5659 Christus,
1264 5590 1440 5646 Lucas
1469 5587 1787 5659 complecti-

1901 4512 2196 4588 Egyptum
2230 4512 2447 4569 delatus
2486 4522 2593 4580 est,
2624 4526 2680 4571 et
2711 4516 2826 4571 illic
2862 4515 2987 4596 iuit,
3018 4515 3197 4571 donec
3233 4514 3483 4572 Herodes

1899 4614 2154 4660 mortuus
2175 4598 2280 4672 est,
2295 4607 2571 4676 quomodo
2603 4624 2928 4678 permanere
2956 4610 3012 4664 in
3052 4608 3242 4664 Iudaea
3275 4609 3481 4679 potuit,

1899 4702 2170 4750 etoctavo
2183 4696 2274 4751 die
2288 4695 2647 4752 circumcidi?
2666 4695 2776 4752 Aut
2795 4698 2928 4769 quid
2951 4698 3173 4753 tandem
3202 4707 3329 4769 post
3361 4699 3483 4754 dies

1900 4801 1972 4840 ιιι.
2005 4787 2211 4843 factum
2252 4803 2380 4844 esse
2419 4787 2599 4845 Lucas
2629 4791 2895 4846 mentitus
2922 4791 3040 4847 est?
3069 4789 3185 4861 (Sic
3214 4790 3358 4846 enim
3384 4804 3483 4860 per

1902 4897 2174 4938 summam
2201 4881 2281 4937 illi
2307 4882 2726 4953 blasphemiam,
2752 4882 2809 4937 id
2838 4881 2988 4953 quod
3017 4882 3074 4937 in
3099 4897 3290 4938 eorum
3317 4888 3481 4950 caput

1902 4981 2099 5035 vertat,
2147 4972 2465 5043 objiciunt.)
2502 4971 2639 5027 Nam
2672 4972 3102 5044 quadragesimo
3144 4972 3246 5042 (ait
3274 4970 3481 5043 Lucas)

1902 5060 1994 5116 die
2023 5061 2272 5116 tulerunt
2299 5063 2451 5117 illum
2491 5064 2545 5118 in
2575 5062 2940 5129 Hierusalem,
2971 5071 3026 5120 et
3054 5063 3185 5120 inde
3214 5064 3269 5119 in
3302 5062 3479 5119 Naza-

1903 5151 2084 5208 reth'.
2125 5151 2234 5208 Sed
2274 5154 2452 5223 ignari
2514 5155 2769 5213 videlicet
2816 5155 3077 5213 homines
3118 5172 3251 5228 quae
3275 5155 3362 5212 vis
3400 5156 3483 5213 sit

1902 5243 2080 5299 sancti
2111 5244 2352 5315 Spiritus
2380 5262 2727 5321 nequaquam
2755 5249 3094 5321 intelligunt.

1895 5459 2028 5522 tur;
2063 5450 2208 5522 quod
2236 5459 2454 5521 tempus
2482 5455 2757 5511 mensium
2790 5464 2874 5512 est
2901 5453 3015 5510 fere
3046 5472 3137 5513 xv.

1965 5520 2095 5591 (εει
2121 5521 2256 5593 ΔΚαὶ
2318 5520 2804 5593 Φιλοσωὸσάτιος.
2868 5525 2944 5581 De
3003 5527 3107 5583 hoc

1895 5589 2091 5647 etenus
2112 5589 2248 5663 legi.

3182 5525 3317 5585 nihil
3376 5523 3480 5583 ha-
