3866 6068
429 234 559 291 W

1818 219 1892 275 ‘S.
1931 214 2277 272 ΕΡΙΡΗΑΝΠ

3608 215 3719 272 301

523 344 616 400 IX.
681 343 891 400 Etenim
939 341 1239 409 unicuique
1282 335 1744 406 evangelistarum
1799 347 2026 387 conces-

2196 330 2274 384 8'.
2346 329 2593 399 Ἐκάστῳ
2667 327 2769 400 γὰρ
2841 328 2945 380 τῶν
3000 325 3402 397 εὖαγγελιστῶν
3464 328 3723 399 ἐδωρήθη

454 450 577 492 sum
611 445 718 500 est,
768 443 833 488 ut
876 448 997 502 quae
1031 430 1265 500 singulis
1288 438 1343 482 et
1374 426 1715 498 temporibus
1747 432 1803 480 et
1825 438 2022 494 oppor-

456 518 785 578 tunitatibus
815 526 966 590 gesta
1001 526 1161 573 erant
1187 516 1470 571 verissime
1498 513 1881 585 perscriberet.
1918 513 2023 565 lta-

453 625 564 683 que
591 612 902 675 Matthaeus,
934 623 1059 662 cum
1091 607 1144 662 id
1179 621 1350 661 unum
1384 606 1751 676 exposuisset,
1780 602 1864 672 .de
1895 600 2022 672 Spi—

460 704 572 757 ritu
615 712 805 756 sancto
854 706 1170 769 susceptum
1207 698 1366 753 illum
1400 712 1465 752 ac
1496 697 1761 768 genitum,
1801 693 1869 749 de
1917 694 2025 749 cir-

460 791 798 847 cumcisione
833 782 1038 857 tacuit;
1071 803 1175 843 nec
1200 788 1365 843 ullam
1393 803 1584 843 earum
1611 800 1793 841 rerum
1823 783 2021 853 attigit,

460 898 582 954 qua:
611 889 737 937 ante
764 881 1048 936 biennium
1081 880 1426 945 acciderunt;
1466 878 1559 934 sed
1606 891 1888 948 magorum
1933 876 2028 930 de-

459 989 607 1028 mum
636 974 916 1029 enarravit
958 971 1272 1033 adventum,
1309 968 1768 1040 quemadmodum
1807 967 2023 1023 verissi-

457 1080 587 1121 mus
631 1065 725 1120 Dei
776 1079 959 1119 sermo
1006 1070 1240 1118 testatur
1272 1064 1313 1127 ³,
1360 1076 1484 1117 cum
1515 1061 1726 1116 scilicet
1752 1068 1967 1129 tempus
1997 1072 2030 1112 a

462 1156 640 1227 magis
675 1155 974 1226 exquisivit
1021 1153 1287 1219 Herodes,
1332 1167 1397 1207 ac
1428 1152 1496 1207 de
1527 1152 1684 1206 stella
1707 1165 1829 1221 qua:
1858 1164 2028 1220 appa-

463 1256 656 1303 ruerat
704 1255 961 1302 accurate
1002 1245 1318 1301 sciscitatus
1351 1251 1455 1300 est.
1487 1244 1571 1298 Ad
1606 1244 1720 1298 lucc
1751 1257 2029 1312 magorum

463 1346 895 1394 commemorata
918 1337 1227 1405 responsio,
1253 1335 1320 1389 de
1341 1334 1557 1390 duobus
1580 1334 1763 1398 annis,
1789 1342 1844 1388 et
1866 1332 2028 1396 infra,

465 1440 522 1486 ut
557 1430 832 1485 diversum
895 1429 963 1483 ab
992 1443 1058 1483 eo
1098 1436 1310 1497 tempus
1342 1442 1465 1482 esse
1489 1434 1721 1490 constet,
1757 1424 1900 1495 quod
1927 1424 2037 1478 Lu-

465 1536 560 1577 cas
606 1521 922 1575 narratione
957 1533 1057 1574 sua
1093 1518 1415 1588 complexus
1448 1526 1551 1573 est.
1585 1518 1684 1593 Hie
1723 1515 1869 1570 enim
1913 1530 2035 1584 qua:

465 1620 597 1666 ante
655 1610 940 1666 biennium
989 1610 1123 1664 illud
1168 1617 1319 1679 gesta
1362 1608 1757 1678 sintiexponit.
1801 1608 1869 1660 At
1908 1607 2039 1660 Mat-

2127 420 2359 474 ἑκάστου
2388 420 2580 490 χρόνου
2611 419 2705 472 καὶ
2742 416 2934 489 καιροῦ
2961 418 3264 488 διηγεῖσθαι
3296 417 3371 471 τά
3402 420 3464 471 ὲν
3492 418 3724 491 ἀληθείᾳ

2129 509 2508 579 πληρωθέντα.
2562 509 2672 561 Καὶ
2713 510 2742 560 6
2816 510 2913 579 μὲν
2955 507 3258 571 Ματθαῖος,
3305 509 3723 579 διηγησάμενος

2132 601 2322 669 μόνον,
2376 602 2460 654 ὃτι
2515 599 2777 670 ἐγεννήθη
2818 601 2877 652 ἐν
2939 598 3219 667 Πνεύματι
3270 600 3435 670 ἁγίῳ,
3493 602 3591 653 καὶ
3639 601 3722 653 ὅτι

2133 690 2437 763 συνελήφθη
2482 692 2609 745 ἄνευ
2659 690 2967 762 σπέρματος
3011 689 3225 759 ἀνδρὸς,
3262 689 3418 742 οὐδὲν
3460 691 3599 760 περὶ
3623 690 3723 759 τῆς

2132 783 2433 854 περιτομῆς
2463 778 2638 846 εἶπεν,
2669 782 2789 835 οὐδὲ
2820 781 2925 851 πρὸ
2950 780 3060 833 τῶν
3095 779 3190 833 δύο
3232 781 3372 832 ἑτῶν
3402 798 3458 833 τι
3499 781 3616 834 τῶν
3646 784 3721 844 εἰς

2131 872 2294 926 αὐτὸν
2323 888 2516 940 γεγενη
2526 871 2732 941 μένων·
2768 868 2903 923 ἀλλὰ
2927 869 3195 938 διηγεῖται
3223 868 3323 939 τὴν
3356 867 3580 921 ἐλευσιν
3613 869 3721 921 τῶν

2137 962 2360 1032 μάγων·
2409 962 2485 1025 ὡς
2529 962 2893 1032 ἐπιμαρτυρεῖ
2940 960 3068 1029 ὑμῖν
3110 961 3139 1012 6
3185 958 3395 1030 ἀληθὴς
3436 959 3537 1012 τοῦ
3587 958 3717 1013 Θεοῦ

2133 1051 2309 1121 λόγος,
2337 1050 2647 1122 ἐρωτῶντος
2677 1048 2770 1102 τοῦ
2801 1046 3040 1119 Ἡρώδου
3069 1046 3221 1118 παρὰ
3246 1046 3358 1099 τῶν
3406 1047 3607 1116 μάγων
3632 1047 3717 1098 τὸν

2134 1144 2347 1215 χρόνον.
2396 1143 2506 1196 Καὶ
2547 1141 2822 1213 ὴκρίὸωτο
2848 1140 2943 1194 τοῦ
2979 1138 3272 1210 γενομένου
3324 1139 3584 1209 ἀστέρος,
3628 1141 3716 1192 καὶ

2133 1234 2242 1287 τῶν
2292 1234 2481 1303 μάγων
2545 1233 2579 1302 ἡ
2642 1231 2955 1304 ἀπόκρισις,
3004 1232 3084 1283 ὃτι
3141 1229 3250 1283 ἀπὸ
3293 1230 3392 1282 δύο
3436 1230 3586 1283 ἐτῶν
3629 1233 3716 1285 καὶ

2134 1322 2460 1392 κατωτέρω·
2506 1322 2581 1384 ὼς
2622 1322 2696 1391 μὴ
2738 1317 2876 1374 εἶναι
2918 1320 3009 1373 τὸν
3038 1320 3230 1390 χρόνον
3272 1320 3488 1384 τοῦτον,
3525 1321 3619 1374 τὸν
3648 1324 3715 1391 τῷ

2138 1415 2321 1484 Λουκᾷ
2369 1411 2955 1483 πεπραγματευμένον.
3012 1410 3151 1463 Ἀλλ’
3176 1413 3204 1464 6
3259 1412 3359 1481 μὲν
3388 1413 3613 1476 Λουκᾶς
3652 1415 3714 1467 τὰ

2141 1506 2246 1576 πρὸ
2291 1505 2384 1558 δύο
2431 1504 2567 1557 ἐτῶν
2611 1506 2911 1575 διηγεῖται·
2962 1503 3237 1568 Ματθαίος
3287 1505 3369 1568 δὲ,
3400 1504 3578 1558 εἰπὼν
3625 1506 3714 1575 τὴν

2140 1598 2417 1666 γέννησιν,
2446 1597 2794 1667 ἀπεπήδησεν
2817 1598 2895 1660 είς
2922 1597 3012 1649 τὸν
3051 1596 3198 1665 διετῆ
3227 1596 3449 1665 χρόνον,
3480 1597 3578 1648 καὶ
3609 1596 3717 1664 ἐδή-

472 1704 644 1758 thaeus
669 1719 698 1756 a
729 1702 1015 1756 nativitate
1050 1700 1233 1755 statim
1275 1696 1347 1755 ad
1391 1700 1691 1755 secundum
1743 1712 1947 1752 annum
1980 1712 2040 1752 se

2153 1688 2281 1739 λωσε
2312 1685 2382 1739 τά
2410 1685 2678 1756 γενόμενα
2719 1684 2856 1755 μετά
2880 1683 2973 1737 δύο
2997 1684 3112 1754 ἔτη.
3140 1683 3230 1736 Διὸ
3256 1682 3413 1736 καὶ-ό
3455 1683 3710 1754 'Hptwnc.

468 1795 721 1860 contulit,
750 1802 803 1847 et
836 1807 956 1862 qua:
986 1798 1109 1861 post
1134 1785 1413 1845 b'iennium
1444 1788 1744 1845 acciderint
1784 1787 2044 1842 declarat.

469 1884 627 1951 Quod
694 1882 940 1937 llerodes
992 1885 1176 1936 animo
1228 1887 1510 1950 reputans,
1569 1888 1859 1950 postquam
1905 1878 2047 1948 magi

470 1976 578 2030 alia
626 1976 712 2029 via
760 1974 1160 2038 discesserunt,
1197 1974 1264 2041 .in
1292 1973 1386 2026 illa
1424 1971 1716 2025 infantium
1755 1970 1913 2024 turba
1963 1968 2049 2023 de-

474 2063 744 2138 prehendi
771 2063 1061 2134 puerulum
1091 2063 1268 2127 illum,
1294 2068 1458 2130 atque
1484 2058 1716 2115 interfici
1749 2073 1911 2129 posse
1937 2072 2051 2113 cre-

470 2159 712 2213 diderat.
781 2155 1021 2213 Infantes
1069 2156 1213 2211 enim
1262 2168 1476 2213 omnes.
1524 2159 1789 2223 quotquot
1833 2151 1889 2204 in
1917 2164 2049 2219 agro

476 2246 933 2303 Bethlehemitico
987 2245 1189 2308 forent,
1246 2258 1275 2296 a
1323 2242 1532 2297 bimatn
1585 2248 1641 2296 et
1693 2238 1837 2294 infra
1884 2238 2042 2310 431

468 2338 641 2409 jussit
675 2337 876 2402 occidi,
923 2335 990 2390 ad
1040 2334 1189 2389 illam
1237 2347 1409 2404 usque
1447 2331 1614 2397 diem,
1655 2345 1763 2402 qua
1806 2329 1952 2400 apud
1987 2343 2047 2385 se

475 2425 618 2496 magi
651 2424 907 2480 fuissent.

548 2515 629 2567 Ex
651 2530 761 2584 quo
803 2514 928 2582 quis
968 2528 1078 2566 non
1123 2511 1325 2574 videat,
1372 2519 1487 2564 tum
1535 2524 1662 2564 cum
1702 2507 1847 2578 magi
1881 2521 2047 2563 vene-

478 2605 633 2661 runt,
688 2597 956 2650 bimulum
1009 2595 1180 2651 fuisse
1230 2595 1498 2665 puerum?
1553 2592 1821 2664 siquidem
1870 2605 1935 2647 ea
1970 2591 2050 2646 rei

477 2696 646 2759 gestae
714 2687 957 2742 narratio
1027 2688 1316 2743 veritatem
1392 2687 1566 2757 ipsam
1630 2683 2050 2739 accuratissime

479 2778 837 2833 demonstrat.
895 2776 1107 2831 Etenim
1136 2775 1311 2830 Lucas
1333 2790 1582 2845 puerum,
1606 2774 1770 2829 simul
1799 2787 1864 2826 ac
1889 2778 2049 2827 natus

479 2874 583 2931 est,
620 2866 803 2939 fasciis
832 2866 1137 2919 involutum
1190 2878 1313 2918 esse
1357 2863 1586 2928 scribit;
1650 2871 1703 2915 et
1735 2862 1790 2914 in
1818 2859 2048 2930 praesepi

480 2971 543 3011 ac
594 2957 850 3026 spelunca
897 2954 1160 3025 jacuisse,
1210 2953 1356 3023 quod
1401 2953 1585 3007 nullus
1638 2953 1696 3006 in
1743 2950 2049 3007 diversorio

2143 1776 2446 1847 διανοηθεὶς
2469 1776 2625 1829 τοῦτο
2650 1775 2789 1845 μετά
2820 1776 2880 1828 τὸ
2911 1772 3204 1830 ἀπονεῦσαι
3245 1776 3375 1837 τοὺς
3416 1775 3636 1845 μάγους.
3653 1776 3713 1828 δι’

2142 1866 2337 1938 ἑτέρας
2360 1866 2505 1929 ὁδοῦ,
2534 1866 2687 1937 ᾠήθη
2714 1868 2772 1917 ὲν
2803 1865 2881 1935 τῷ
2908 1864 3100 1936 πλήθει
3128 1865 3236 1918 τῶν
3266 1866 3477 1919 παίδων
3503 1866 3600 1918 καὶ
3625 1867 3712 1919 αὑ-

2145 1958 2233 2012 τὸν
2272 1957 2602 2028 γεννηθέντα
2647 1957 3062 2029 εὑρεθήσεσθαι,
3100 1956 3195 2011 καὶ
3237 1958 3336 2011 σὺν
3363 1958 3556 2021 αὐτοῖς
3597 1958 3712 2010 ἀπο-

2146 2048 2480 2104 κτίννυσθαι.
2534 2048 2815 2102 Ἐκὲλευσε
2861 2048 2970 2120 γὰρ
3009 2050 3131 2113 τοὺς
3162 2051 3219 2103 ὲν
3246 2053 3361 2113 τοῖς
3401 2050 3574 2119 ὁρίοις
3618 2049 3711 2119 Br;

2145 2140 2311 2211 θλεὲμ
2348 2141 2543 2204 παῖδας
2579 2139 3007 2215 ἀποκτανθῆναι,
3036 2141 3162 2204 τοὺς
3192 2141 3303 2194 ἀπὸ
3339 2140 3436 2194 δύο
3465 2140 3603 2194 ἐτῶν
3628 2142 3711 2195 καὶ

2146 2231 2439 2302 κατωτέρω
2474 2230 2578 2295 ἕως
2605 2231 2775 2302 αὐτῆς
2800 2231 2900 2302 τῆς
2943 2229 3171 2301 ἡμέρας,
3208 2226 3278 2301 ἧς
3308 2233 3360 2284 οἱ
3396 2231 3564 2304 μάγοι
3592 2232 3708 2300 παρ’

2146 2321 2294 2394 αὐτῷ
2327 2322 2591 2391 ἐγένοντο.

2221 2495 2411 2550 Ἔνθεν
2458 2495 2563 2549 τίνι
2603 2496 2663 2549 οὐ
2716 2496 2961 2564 φανεῖται
2992 2484 3142 2564 (23),
3189 2495 3294 2557 ὅτι,
3329 2493 3424 2548 ὅτε
3468 2489 3631 2564 ἦλθον
3667 2495 3737 2561 οἱ,

2150 2589 2334 2661 μάγοι,
2368 2587 2461 2641 δύο
2497 2584 2567 2659 ἦν
2605 2586 2741 2641 ἐτῶν
2781 2589 2810 2641 6
2846 2590 2975 2652 παῖς
3019 2588 3420 2658 γεγενημένοςς
3475 2588 3586 2640 Καὶ
3615 2589 3713 2658 γὰρ

2148 2680 2244 2733 καὶ
2283 2681 2316 2750 ἡ
2351 2677 2487 2749 αὐτὴ
2522 2677 2874 2750 πραγματεία
2900 2678 2998 2749 τὴν
3027 2680 3208 2732 πᾶσαν
3237 2678 3529 2750 ἀκρίϐειαν
3559 2695 3715 2747 σαφη-

2148 2767 2310 2834 νίζει.
2353 2769 2411 2821 '0
2444 2769 2542 2841 μὲν
2576 2769 2683 2841 γὰρ
2711 2770 2926 2833 Λουκᾶς
2962 2769 3109 2837 λέγει
3146 2770 3607 2840 ὲσπαργανῶσθαι
3634 2771 3714 2822 τὶν

2148 2858 2322 2912 Παῖδα
2357 2858 2518 2921 εὐθὺς
2546 2859 2887 2929 τετεγμένον,
2920 2859 3017 2912 καὶ
3050 2859 3259 2913 κεῖσθαι
3290 2861 3348 2914 ἐν
3395 2859 3598 2932 φάτνῃ,
3632 2859 3715 2911 καὶ

2150 2950 2209 3002 ὲν
2240 2950 2506 3021 σπηλαίῳ,
2554 2950 2642 3003 διὰ
2675 2951 2736 3003 τὸ
2788 2951 2861 3022 μὴ
2912 2945 3051 3004 εἶναι
3079 2952 3244 3005 τόπον
3273 2953 3330 3004 ἐν
3366 2951 3447 3022 τῷ
3494 2950 3718 3004 121115-
3790 2964 3795 2969 ‘

481 3047 635 3101 locus
665 3054 830 3102 esset.
868 3046 1006 3099 Tum
1040 3046 1185 3099 enim
1236 3059 1437 3100 census
1487 3043 1827 3109 habebatur;
1869 3051 1925 3097 et
1954 3041 2048 3111 qui

2155 3057 2315 3111 ματι·
2362 3040 2655 3112 ἀπογραφὴ
2706 3040 2814 3112 γὰρ
2864 3037 2932 3112 ἧν
2968 3041 3114 3097 τότε.
3156 3041 3266 3095 Καὶ
3311 3043 3360 3093 οἱ
3408 3041 3717 3112 διασκορπι-

483 3136 749 3191 bellorum
783 3136 1142 3206 temporibus,
1182 3151 1304 3206 qua:
1334 3135 1437 3191 sub
1470 3134 1795 3190 Machabaeis
1825 3135 2053 3190 exstite-

483 3234 628 3292 rant,
688 3220 922 3297 dispersi
980 3227 1219 3292 fuerant,
1260 3228 1457 3298 quovis
1504 3234 1775 3281 terrarum
1808 3240 2057 3295 pervase-

484 3325 645 3384 rant;
702 3319 841 3373 adeo
886 3325 945 3373 ut
989 3319 1151 3388 pauci
1191 3318 1416 3372 omnino
1444 3316 1780 3372 Bethlehemi
1811 3331 2057 3371 remane-

483 3415 631 3462 rent.
668 3408 849 3472 Quare
884 3408 941 3462 in
976 3408 1216 3477 quodam
1262 3408 1722 3477 evangelistarum
1761 3409 2057 3478 exemplari

487 3498 709 3553 Davidis
739 3498 871 3552 urbs
901 3498 1141 3564 dicitur;
1169 3499 1225 3552 in
1259 3498 1366 3551 alio
1394 3513 1526 3552 vero
1554 3497 2056 3568 vicusappellatur,

488 3587 637 3658 quod
683 3602 875 3656 agrum
929 3587 1157 3643 haberet
1210 3588 1683 3659 angustissimum.
1717 3588 1853 3643 Cum
1893 3588 2058 3660 igitur

490 3672 725 3742 Augusti
783 3672 1132 3741 imperatoris
1184 3677 1421 3731 edictum
1470 3684 1616 3733 esset
1669 3678 1915 3743 allatum,
1962 3679 2057 3750 qui

373 3810 385 3819 ,
489 3762 598 3817 huc
635 3763 876 3834 illucque
920 3764 1169 3836 dissipati
1208 3777 1383 3835 erant,
1426 3784 1548 3825 cum
1578 3768 1800 3825 familiis
1833 3770 1950 3828 suis
1982 3771 2052 3827 ad

490 3852 643 3906 illum
678 3853 855 3908 locum
906 3856 1166 3911 censendi
1206 3859 1380 3928 gratia
1429 3859 1614 3916 venire
1657 3860 1852 3925 coacti,
1898 3859 2060 3916 facile

489 3943 925 4012 compleverunt,
979 3954 1039 3998 ut
1093 3953 1318 4015 prepter
1364 3946 1649 4002 hominum
1695 3949 2058 4019 frequentiam

490 4033 627 4087 nihil
674 4041 821 4090 esset
870 4035 929 4089 in
973 4033 1280 4090 diversorio
1326 4035 1430 4091 loci
1471 4038 1743 4094 relictum.
1777 4039 1908 4096 Post
1942 4056 2062 4096 cen-

491 4136 613 4178 sum
646 4139 777 4179 vero
815 4124 1196 4195 unusquisque
1248 4139 1335 4190 eo,
1384 4125 1477 4180 ubi
1520 4126 1855 4182 domicilium
1893 4131 2061 4185 collo-

487 4222 667 4279 carat,
721 4230 977 4272 reversus
1028 4222 1133 4272 est.
1169 4213 1325 4271 Unde
1368 4215 1546 4271 laxius
1593 4217 1661 4271 ad
1707 4218 2059 4274 habitandum

493 4308 733 4371 spatium
761 4301 881 4359 fuit.
906 4304 1095 4373 Itaque
1132 4304 1315 4374 priore
1346 4303 1461 4374 jam
1508 4320 1653 4360 anno
1685 4306 1859 4374 finito,
1895 4315 1950 4362 et
1982 4310 2063 4362 al-

494 4402 612 4450 tero
658 4393 901 4463 insuper,
950 4395 1021 4449 ob
1046 4409 1234 4450 eorum
1261 4410 1382 4465 qum
1408 4405 1560 4468 gesta
1591 4397 1704 4453 illic
1732 4406 1909 4464 erant,
1944 4415 2057 4455 me-

566 4548 581 4579 ¹
613 4545 803 4602 Matth.
837 4562 899 4612 ιι,
927 4549 958 4602 7
980 4563 1105 4617 sqq.
1179 4549 1199 4580 ²
1225 4546 1287 4604 F.
1310 4550 1467 4604 κατά.

568 4702 681 4771 (25)
716 4704 936 4758 Ἔνθεν
972 4702 1090 4755 τίνι
1125 4704 1197 4756 οὺ
1249 4702 1537 4771 φανεῖται.
1570 4702 1809 4759 Tametsi
1836 4704 2062 4761 nihilex

495 4770 787 4844 Evangelio
820 4773 908 4844 _de_
932 4786 1224 4844 magorum
1254 4770 1528 4827 adventus
1560 4782 1798 4842 tempore
1857 4776 2062 4844 liquido

497 4841 936 4910 possitexprimi,
962 4840 1293 4910 probabilior
1326 4850 1504 4896 tamen
1535 4850 1618 4895 est
1643 4840 1973 4907 communis,
1997 4859 2061 4897 ac

497 4913 1037 4981 receptasentcntia,
1066 4924 1229 4980 quam
1265 4912 1357 4964 illa
1394 4927 1463 4967 ex
1503 4910 1784 4981 Epiphanii
1842 4928 1906 4967 ac
1952 4911 2065 4967 Eu-

495 4978 638 5035 sebii
668 4978 944 5035 Chronicis
1003 4978 1218 5042 hausta,
1246 4981 1464 5036 biennio
1515 4978 1635 5042 post
1678 4981 1955 5036 Christum
2006 4986 2063 5037 in

498 5051 673 5103 lucem
704 5051 909 5104 editum
945 5066 1133 5120 magos
1159 5050 1464 5105 advenisse.
1500 5050 1654 5120 Quod
1685 5066 1752 5105 ex
1786 5051 1894 5107 illis
1923 5050 2060 5106 Mat-

496 5119 618 5191 thaai
650 5121 829 5175 verbis
850 5120 1027 5191 colligi
1044 5117 1331 5191 putabant,
1361 5120 1559 5191 quibus
1582 5117 1844 5175 Herodem
1879 5130 2063 5175 narrat

497 5203 530 5238 ιι
552 5187 751 5260 bimatn
779 5199 828 5243 et
848 5187 1004 5257 infra'
1028 5187 1218 5257 pueros
1241 5187 1514 5260 occidisse,
1544 5191 1828 5260 secundum
1861 5201 2062 5260 tempus

498 5257 633 5329 quod
655 5260 971 5329 exquisierat
1017 5276 1052 5313 α
1087 5260 1255 5329 magis
1284 5257 1500 5328 (Matth.
1541 5274 1602 5322 tt,
1636 5259 1748 5328 16).
1785 5261 1888 5315 Sed
1920 5257 2064 5315 hunc

500 5327 703 5395 inodum
750 5327 1074 5395 jampridem
1132 5327 1497 5384 dissolverant
1538 5329 1737 5384 eruditi
1780 5345 2063 5387 sacrarum

497 5391 831 5449 Litterarum
866 5391 1219 5463 interpretes.

572 5464 681 5534 (26)
719 5463 829 5517 Kal
888 5464 1157 5538 ἀνάγκην
1197 5465 1386 5535 ἔσχον
1411 5470 1483 5538 -οὶ
1521 5467 2060 5538 διεσκορπισμένα.

499 5536 776 5603 Quantum
812 5535 989 5603 verba
1012 5535 1127 5600 ipsa
1166 5550 1277 5602 prae
1317 5551 1377 5591 se
1404 5536 1604 5601 ferunt,
1636 5535 1885 5593 indicare
1911 5539 2059 5593 vide-

501 5602 594 5665 tur
628 5602 844 5660 Indicos
869 5602 1110 5670 quolibet
1142 5614 1403 5659 terrarum
1432 5605 1707 5674 dispersos
1739 5610 1794 5663 in
1825 5606 2062 5663 Palaesti-

2156 3129 2372 3193 σθέντες
2405 3129 2513 3183 άπὸ
2553 3130 2649 3183 τοῦ
2689 3130 3019 3202 χρόνουχτῶν
3048 3130 3297 3201 πολέμων
3333 3130 3444 3183 τῶν
3485 3133 3579 3184 ἐπὶ
3617 3133 3718 3192 τοῖς

2153 3222 2533 3286 Μακκαὸαίοις
2574 3222 2875 3291 γεγονότων
2903 3224 2997 3276 ἐπὶ
3064 3223 3133 3276 τὰ
3184 3220 3463 3292 πανταχοῦ
3510 3223 3614 3293 γῆς
3656 3222 3715 3274 δι-

2155 3313 2615 3385 εσκορπίσθησαν,
2673 3315 2767 3368 καὶ
2826 3316 2994 3384 ὀλίγοι
3054 3314 3330 3378 παντελῶς
3396 3315 3616 3385 ἔμειναν
3666 3317 3719 3367 ἐν

2156 3403 2401 3474 Βηθλεὲμ
2440 3405 2840 3470 κατοικοῦντες.
2883 3407 2975 3459 Διὸ
3022 3407 3078 3460 ἓν
3124 3423 3231 3460 τινι
3272 3407 3593 3477 ἀντιγράφω
3623 3407 3719 3458 τῶν

2158 3496 2560 3565 εὐαγγελιστῶν
2591 3496 2834 3551 καλεῖται
2873 3499 3028 3564 πόλις
3050 3499 3142 3553 τοῦ
3172 3499 3368 3552 Δαὸίδ·
3402 3502 3461 3552 ὲν
3507 3498 3648 3569 ἄλλῳ
3671 3497 3723 3550 δὲ

2158 3584 2350 3657 κώμην
2376 3586 2546 3657 αὐτὴν
2590 3587 2832 3653 καλοῦσι,
2859 3589 2946 3643 διὰ
2985 3590 3046 3643 τὸ
3077 3592 3156 3653 εἰς
3194 3589 3384 3661 ὀλίγην
3416 3591 3522 3661 γῆν
3567 3590 3718 3658 αὐτὴν

2158 3675 2372 3746 ήκέναι.
2420 3676 2550 3729 Ὅτε
2591 3676 2649 3729 δὲ
2680 3678 2871 3746 γέγονε
2918 3679 2979 3733 τὸ
3012 3679 3287 3750 κέλευσμα
3325 3681 3421 3734 τοῦ
3473 3679 3719 3749 βασιλέως

2157 3766 2511 3835 Αὐγούστου,
2566 3767 2661 3820 καὶ
2707 3768 2952 3842 ἀνάγκην
3008 3769 3165 3841 ἔσχον
3211 3772 3263 3823 oi
3316 3770 3706 3843 6tsaxopmapé

2158 3873 2238 3911 νοι
2261 3856 2393 3928 (26),
2427 3857 2522 3912 καὶ
2555 3857 2624 3911 τὰ
2649 3860 2670 3890 ⁸
2699 3860 2879 3914 αὐτῶν
2908 3860 3061 3933 γένη,
3092 3856 3254 3931 ἦλθεν
3295 3862 3377 3925 είς
3411 3862 3505 3915 τὸν
3550 3863 3719 3925 τόπον,

2160 3948 2247 4002 ἶνα
2295 3949 2688 4021 ἀπογραφῶσιν
2732 3951 3055 4024 ἐπιρρέοντα
3105 3952 3175 4006 τά
3216 3952 3433 4024 πλήθη,
3480 3956 3608 4008 -καὶ
3653 3956 3730 4006 ὲν-

2166 4037 2371 4112 έπλησε
2410 4041 2502 4095 τὸν
2523 4041 2704 4109 τόπον,
2743 4042 2838 4097 καὶ
2868 4044 2968 4096 οὐκ
2999 4038 3069 4114 ἦν
3106 4043 3271 4106 τόπος
3300 4046 3357 4099 ὲν
3385 4043 3466 4115 τῷ
3508 4044 3719 4099 καταλὺ·

2164 4146 2292 4199 ματι
2326 4131 2414 4185 διὰ
2460 4131 2556 4204 τὴν
2600 4132 2900 4204 συνέχειαν.
2938 4133 3142 4189 Λοιπὸν
3184 4134 3241 4189 δὲ
3278 4135 3422 4206 μετά
3468 4137 3571 4208 τὴν
3598 4139 3722 4191 ἀπο-

2161 4223 2376 4295 γραφὴν
2400 4225 2654 4294 ἀπῆλθεν
2693 4225 2942 4290 ἕκαστος,
2971 4227 3097 4282 ὀποί
3141 4227 3245 4297 γῆς
3284 4226 3384 4298 τὴν
3425 4228 3725 4299 καταμονὴν

2162 4314 2262 4382 τῆς
2290 4314 2659 4385 κατοικήσεως
2693 4310 2828 4383 εἶχε.
2874 4314 2966 4368 Διὸ
2994 4315 3090 4369 καὶ
3120 4315 3320 4380 πλάτος
3345 4317 3643 4388 ἐτύγχανεν
3674 4317 3727 4367 ἑν

2164 4405 2228 4473 τῇ
2259 4406 2351 4473 γῇ.
2406 4405 2718 4477 Ἐρχόμενοι
2741 4405 2820 4471 δὲ,
2848 4407 2924 4470 ὡς
2951 4409 3124 4461 εἰπεῖν
3153 4406 3287 4478 (27),
3333 4409 3560 4479 μνήμης
3580 4409 3727 4462 ἕνεκα

2164 4721 2289 4760 nam
2351 4712 2571 4776 coactos
2625 4718 2767 4776 esse.
2800 4702 2908 4759 Sed
2946 4704 3387 4776 commodeihzec
3424 4707 3723 4776 accipienda

2165 4782 2315 4845 sunt,
2358 4781 2412 4845 ut
2436 4775 2502 4828 de
2533 4774 2601 4826 iis
2639 4775 2911 4845 loquatur,
2936 4776 3041 4844 qui
3079 4774 3131 4828 in
3163 4773 3454 4829 Palaestina
3495 4773 3635 4845 ipsa,
3654 4780 3723 4829 vel

2164 4842 2321 4914 §yria
2368 4844 2644 4914 degerent.
2703 4842 2909 4914 Neque,
2943 4842 3086 4914 enim
3140 4852 3269 4912 puto
3321 4846 3374 4897 in
3429 4842 3722 4909 ltaiia,vel

2162 4912 2391 4986 Graecia,
2429 4919 2523 4966 aut
2557 4912 2813 4986 Egypto'
2846 4913 3008 4967 etiam
3055 4913 3383 4979 habitarent,
3417 4917 3549 4969 alibi
3578 4930 3722 4986 quam

2163 4982 2257 5041 ibi.
2288 4983 2378 5036 ubi
2408 4993 2581 5042 erant.
2619 4982 2786 5037 fuiSse
2821 4997 3036 5037 censos.

2234 5052 2346 5122 (27)
2391 5052 2731 5122 Ἐρχόμενοι
2773 5051 2864 5115 δὲ,
2899 5053 2979 5118 ὡς
3006 5050 3218 5105 εἰπεῖν.
3254 5050 3468 5122 Nollem
3526 5054 3725 5109 erudito

2163 5120 2569 5192 Maldonato’id
2622 5121 2688 5192 ln_
2732 5131 2965 5175 mentem
3024 5123 3263 5176 venisset
3302 5121 3611 5192 Epiphanio
3640 5125 3723 5176 tri.

2164 5191 2331 5245 buere
2386 5191 2532 5261 quod
2564 5199 2617 5244 et
2641 5190 3094 5261 absurdissimum
3137 5200 3241 5255 est,
3302 5190 3514 5246 nec—ab
3546 5209 3611 5248 eo
3650 5192 3721 5244 vel

2166 5259 2440 5331 levissime
2488 5262 2803 5331 cogitatum.
2836 5259 3039 5331 Scribit
3084 5262 3229 5313 enim
3252 5261 3447 5331 mirari
3479 5277 3559 5327 se,
3592 5262 3720 5331 quod

2168 5329 2501 5400 Epiphanius
2529 5330 2801 5401 existimet
2839 5329 3475 5401 Josephum‘ecMariam
3508 5329 3721 5401 singulis

2165 5397 2325 5455 annis
2357 5415 2421 5454 eo
2451 5401 2538 5454 die
2574 5415 2637 5454 ex
2669 5397 2902 5469 IEgypto
2940 5397 2991 5451 in
3038 5398 3350 5452 Bethlchem
3376 5402 3569 5456 venire
3597 5397 3717 5454 Eon-

2166 5471 2410 5524 suevisse
2433 5487 2446 5534 ;
2470 5483 2701 5536 cumque
2727 5479 2846 5536 post
2864 5469 3001 5523 duos
3018 5483 3189 5521 annos
3208 5470 3527 5533 rediissent,
3548 5483 3717 5535 magos

2166 5555 2262 5593 eos
2292 5540 2584 5593 invenisse.
2620 5537 2731 5590 lloc
2763 5553 2894 5592 vero
2926 5552 3203 5609 nunquam
3242 5541 3468 5609 scripsit
3501 5540 3715 5609 Epipha-

2166 5610 2312 5664 nius.
2332 5609 2507 5674 Quare
2524 5608 2887 5664 hallucinatus
2906 5619 2985 5664 est
3012 5608 3423 5665 eruditissimus
3454 5610 3546 5665 illc
3562 5608 3712 5663 Evan-
