3866 6068
185 251 289 309 905

968 249 1336 306 anvensus
1370 246 1712 309 ll/ERESES
1749 228 1876 303 uel
1912 246 1976 304 Il.
2019 244 2184 302 Τοιι.
2224 246 2265 301 ι.
2311 206 2581 301 amnes.
2628 245 2712 302 LI.

3273 213 3281 221 ’
3340 247 3449 304 sae

187 361 294 416 τῶν
325 361 443 414 ἐκεῖ
471 358 907 430 γεγεννημένων,
950 357 1165 430 πρώτου
1198 359 1444 414 ἐνιαυτοῦ
1490 342 1767 414 τελεσθένέ

1876 359 2096 433 moriam
2128 372 2195 423 eo
2220 374 2279 433 se
2312 366 2568 430 parentes
2604 357 2890 425 Nazareto,
2932 358 3079 417 velut
3102 359 3169 414 ad
3194 362 3443 419 eamdem

188 471 300 517 τος,
337 452 431 506 καὶ
466 450 563 505 τοῦ
593 451 850 521 δευτέρου
885 450 1285 522 πληρωθέντος,
1313 446 1476 522 ἦλθον
1513 454 1562 507 οί
1594 456 1770 522 γονεῖς

184 546 370 598 ἑκεῖσε
420 540 530 597 ἀπὸ
580 540 855 613 Ναζαρὲτ,
896 542 972 605 ὡς
1013 543 1094 605 είς
1148 540 1247 613 τὴν
1294 544 1601 615 πανήγυριν
1640 543 1756 598 ταύ-

184 652 288 704 την
324 632 461 706 (ἳθ).
495 634 587 687 Διὸ
614 633 708 687 καὶ
752 635 786 705 ἠ
833 632 1040 696 ἑλευσις
1073 633 1181 687 τῶν
1238 635 1429 705 μάγων
1481 636 1769 707 γεγένηται

185 725 285 780 καὶ
319 724 461 779 κατὰ
503 723 601 795 τὴν
648 724 903 794 τοιαύτην
953 724 1275 797 συγκυρίαν.
1312 727 1510 782 Οὐκέτι
1543 726 1674 794 ἴσως
1700 730 1767 800 τῇ

185 814 484 869 καταλύσει
539 814 661 869 τότε
712 815 811 886 τῆς
873 815 1092 888 Μαρίας
1143 818 1237 871 καὶ
1300 817 1495 890 Ἰωσὴφ
1542 818 1632 873 διὰ
1672 820 1769 892 τὴν

183 907 520 980 ἀπογραφὴν
569 909 636 978 τῇ
688 907 794 960 ὑπὸ
845 907 939 963 τοῦ
979 910 1164 962 Λουκᾶ
1206 910 1489 984 εἰρημένῃ.
1539 913 1616 966 Οὐ
1654 912 1769 984 ,γὰρ

181 974 361 1068 ηὗραν
512 974 745 1071 Μαριάμ
772 1001 831 1052 ὲν
858 999 940 1070 τῷ
976 974 1409 1072 amicitiai-anon
1440 974 1766 1076 gyéwqcev"

183 1091 326 1159 ἀλλὰ
375 1091 452 1154 ὡς
503 1090 615 1162 ἔχει
662 1090 723 1144 τὸ
771 1091 1122 1160 Εὑαγγέλιον,
1172 1093 1254 1147 ἂτι
1308 1094 1529 1165 ὡδήγει,
1581 1097 1767 1167 φησὶν,

182 1182 388 1245 αὐτοὺς
441 1182 470 1234 6
515 1181 691 1254 ἀστὴρ
727 1182 855 1253 άχρι
906 1182 999 1236 τοῦ
1047 1183 1235 1245 τόπου,
1275 1180 1347 1240 οὗ
1402 1184 1483 1253 ἦν
1528 1184 1660 1240 ἐκεῖ
1703 1186 1769 1241 τὸ

183 1273 452 1328 παιδίον.
489 1274 600 1329 Kal
630 1276 756 1327 είσε
769 1274 1007 1341 λθόντες
1029 1278 1114 1342 εἰς
1145 1275 1253 1329 τὸν
1276 1272 1464 1343 οἷκον,
1491 1273 1672 1346 εὖρον
1702 1277 1770 1332 τὸ

179 1365 415 1434 βρέφος
449 1365 600 1434 μετὰ
629 1366 880 1434 Μαρίας,
925 1366 1109 1420 οὐκέτι
1141 1368 1202 1421 ὲν
1250 1366 1450 1440 φάτνῃ,
1495 1369 1679 1423 οὐκέτι
1710 1372 1770 1425 ὲν

187 1456 467 1528 σπηλαίῳ,
492 1454 608 1509 ἀλλ’
639 1457 699 1508 ἑν
737 1455 870 1526 οίκῳ
891 1471 905 1485 ο
951 1455 1041 1509 ἵνα
1067 1457 1283 1530 γνωσθῇ
1316 1461 1414 1529 τῆς
1451 1457 1705 1530 ἀληθείας
1732 1462 1765 1531 ἡ

183 1547 467 1619 ἀκρίϐεια,
500 1547 595 1602 καὶ
622 1547 717 1601 τοῦ
746 1547 938 1619 χρόνου
958 1547 1068 1601 τῶν
1097 1547 1191 1603 δύο
1222 1550 1358 1604 ἑτῶν
1383 1551 1443 1604 τδ
1472 1551 1764 1623 διάστημα,

182 1640 468 1695 τουτέστιν
513 1637 696 1706 ὲξότου
746 1640 1031 1712 ἐγεννήθη,
1059 1641 1164 1704 ἓως
1197 1643 1286 1696 ὅτε
1323 1642 1682 1713 παρεγένοντο
1716 1645 1766 1696 οἱ

1870 451 2267 515 celebritatem,
2315 450 2688 508 contulerunt.
2737 449 2859 519 Quo
2880 457 3128 522 tempore
3160 466 3442 522 magorum

1868 542 2136 607 adventus
2164 540 2437 611 ejusmodi
2468 541 2708 612 quadam
2742 542 3157 613 opportunitate
3190 543 3440 613 contigit.

1870 630 2114 689 Tametsi
2146 633 2341 689 nonin
2371 634 2564 690 eodem
2593 634 2689 690 illo
2718 632 2970 692 fortassis
2997 633 3300 691 diversorio
3327 650 3445 691 ver-

1826 749 1828 751 >
1869 723 2156 790 sabantur,
2205 726 2264 781 in
2288 740 2399 797 quo
2446 725 2673 782 Mariam
2700 723 3081 798 ac‘Josephum
3121 728 3444 799 descriptio-

1870 815 1957 871 nis
2004 822 2251 886 tempore
2276 817 2549 873 mansisse
2605 816 2785 874 Lucas
2835 825 3067 875 testatus
3108 828 3211 875 est.
3258 818 3445 888 Neque

1869 907 2014 967 enim
2057 906 2284 963 Mariam
2322 909 2377 964 in
2408 909 2697 979 spelunca,
2736 909 2828 965 ubi
2861 917 3172 981 pepererat,
3227 924 3446 980 repere-

1869 1006 2033 1066 runt;
2102 1000 2221 1067 sed,
2256 1007 2318 1055 ut
2375 999 2726 1072 Evangelium
2777 1012 2988 1064 narrat,
3029 1002 3186 1057 stella
3213 1001 3337 1057 illos
3374 1002 3443 1057 ad

1868 1108 1993 1161 eum
2023 1094 2200 1149 locum
2228 1095 2518 1165 perduxit,
2554 1095 2641 1150 ubi
2665 1104 2779 1150 erat
2801 1110 2950 1164 puer.
2977 1093 3044 1148 Et
3069 1096 3327 1149 intrantes
3355 1095 3444 1150 do-

1871 1199 2013 1238 mum
2040 1185 2347 1239 invenerunt
2370 1201 2591 1255 puerum
2636 1201 2755 1241 cum
2791 1185 2850 1240 Η
2855 1188 2975 1242 aria
3002 1188 3043 1251 ',
3082 1202 3188 1243 non
3219 1188 3276 1243 in
3302 1203 3441 1257 prte-

1869 1276 2006 1346 sepi,
2041 1276 2124 1332 vel
2146 1276 2202 1331 in
2233 1278 2517 1348 spelunca,
2545 1277 2642 1334 sed
2677 1279 2731 1333 in
2759 1279 2924 1334 domo
2972 1280 3208 1343 scilicet,
3256 1288 3318 1334 ut
3346 1295 3443 1337 ac-

1868 1373 2059 1420 curata
2098 1366 2176 1422 rei
2212 1369 2438 1433 veritas,
2470 1384 2533 1423 ac
2556 1368 2764 1424 biennii
2793 1368 3138 1426 intervallum
3167 1373 3442 1443 exprime-

1867 1462 2038 1522 retur,
2078 1457 2226 1527 quod
2252 1457 2322 1513 ab
2343 1458 2463 1530 ejus
2500 1460 2671 1514 natali
2717 1459 2783 1515 ad
2825 1474 3107 1532 magorum
3151 1463 3442 1518 adventum

1867 1544 2169 1603 eﬂluxerat.
2221 1547 2424 1606 Eadem
2459 1550 2551 1605 illa
2585 1566 2716 1607 vero
2754 1560 2933 1617 nocte,
2982 1552 3197 1609 duobus
3232 1570 3261 1609 a
3302 1556 3448 1610 nati-

1870 1637 2038 1694 vitate
2091 1640 2253 1696 annis
2281 1642 2508 1713 elapsis,
2549 1646 2778 1715 angelus
2811 1646 3085 1715 apparuit,
3121 1661 3185 1701 ac
3215 1662 3445 1718 puerum

187 1730 378 1802 μάγοι.
419 1729 530 1785 Καὶ
558 1732 677 1784 κατ’
705 1730 919 1802 εκείνην
948 1730 1046 1803 τὴν
1075 1730 1246 1786 νύκτα
1276 1732 1414 1803 μετὰ
1433 1732 1526 1787 δύο
1547 1733 1639 1805 ἑτη
1665 1733 1765 1803 τῆς

1876 1744 1995 1783 cum
2027 1738 2202 1786 matre
2227 1732 2283 1787 in
2314 1741 2517 1789 terram
2567 1734 2789 1807 Egypti
2831 1736 2999 1806 jussit
3028 1739 3318 1795 abducere.
3359 1738 3446 1794 ld-

184 1824 497 1894 γεννήσεως
525 1820 679 1894 ὤφθη
709 1823 740 1875 6
780 1822 1029 1892 ἄγγελος,
1065 1823 1158 1877 καὶ
1194 1819 1315 1878 εἶπε
1346 1824 1680 1895 παραλαϐεῖν
1707 1825 1768 1879 τὸ

186 1915 401 1968 παιδίον
435 1914 531 1968 καὶ
554 1913 653 1985 τὴν
687 1913 900 1986 μητέρα
932 1915 1012 1979 είς
1039 1914 1141 1984 γῆν
1184 1914 1479 1984 Αἰγύπτου.
1515 1916 1607 1969 Διὸ
1641 1916 1769 1969 οὐκ·

184 2011 268 2064 ἐτι
312 2006 512 2078 Ἰωσὴφ
557 2005 905 2077 ἀνακάμπτει
947 2006 1027 2071 είς
1071 2005 1349 2077 Ναζαρὲτ,
1402 2006 1556 2061 ἀλλά.
1583 2008 1766 2063 ἀποδι-

185 2099 418 2171 δράσκει
446 2098 562 2168 ἄμα
595 2097 673 2169 τῷ
716 2099 885 2160 παιδὶ,
921 2100 1016 2153 καὶ
1061 2102 1127 2170 τῇ
1169 2100 1337 2171 μητρὶ
1369 2098 1532 2154 αὑτοῦ
1563 2101 1643 2164 είς
1668 2100 1765 2154 Αί-

187 2208 415 2260 γυπτον,
450 2191 546 2245 καὶ
578 2190 713 2245 ἄλλα
753 2191 848 2245 δύο
892 2192 988 2262 ἑτη
1017 2194 1162 2245 ποιεῖ
1200 2193 1380 2247 ἐκεῖσε
1405 2209 1417 2222 ⁸
1455 2193 1550 2247 καὶ
1597 2192 1769 2257 οὕτως

190 2282 350 2338 πάλιν
382 2285 411 2337 6
455 2281 683 2352 ἄγγελος
727 2283 864 2353 μετά
919 2283 1019 2353 τὴν
1065 2284 1159 2336 τοῦ
1225 2283 1468 2356 Ἡρώδου
1514 2283 1771 2355 τελευτὴν

187 2374 506 2446 ἐπιστρέφει
542 2373 633 2427 τὸν
663 2372 826 2427 αὐτὸν
866 2374 922 2427 ἐν
955 2376 1020 2444 τῇ
1064 2373 1311 2445 Ἰουδαίᾳ.

258 2469 316 2522 ι’.
359 2465 450 2537 Τῷ
484 2464 593 2537 γάρ
624 2463 930 2536 τριακοστῷ
963 2465 1132 2535 τρίτῳ
1170 2464 1281 2535 (29)
1322 2466 1430 2523 ἑτει
1461 2465 1555 2521 τοῦ
1595 2465 1771 2539 Ἠρώ-

188 2558 278 2612 δου
327 2559 584 2627 γεννᾶται
631 2557 659 2609 6
714 2555 948 2628 Κύριος·
996 2556 1304 2628 τριακοστῷ
1335 2556 1571 2629 πέμπτῳ
1611 2552 1773 2628 ἦλθον

189 2651 239 2703 ot
277 2650 476 2721 μάγοι·
512 2647 817 2719 τριακοστῷ
861 2647 1075 2719 ἑϐδόμῳ
1120 2648 1228 2702 ἔτει
1260 2648 1486 2720 τελευτᾷ
1528 2650 1558 2703 6
1600 2647 1775 2721 Ἦρώο

189 2740 286 2813 δης
307 2758 321 2771 ·
362 2740 457 2795 καὶ
484 2739 785 2810 διαδέχεται
837 2739 1126 2811 Ἀρχέλαος
1173 2740 1287 2804 υίὸς
1335 2741 1501 2794 αὐτοῦ
1529 2741 1591 2794 τὸ
1620 2741 1775 2812 βασί-

191 2833 355 2895 λειον,
390 2834 622 2903 ποιήσας
673 2831 769 2904 ἔτη
819 2832 975 2887 ἐννέα
1023 2831 1343 2903 βασιλεύων,
1385 2832 1636 2905 καθάπερ
1685 2851 1774 2905 μοι

195 2927 253 2979 ἐν
304 2923 485 2987 ἄλλοις
530 2925 716 2987 τόποις
759 2925 992 2996 εἴρηται.
1057 2923 1425 2996 ’Δνεχώρησεν
1468 2920 1561 2980 οὖν
1612 2924 1776 2979 ἀκού-

196 3032 293 3080 σας
323 3014 453 3086 περὶ
491 3014 803 3086 Ἀρχελάου,
840 3016 934 3069 καὶ
966 3014 1136 3069 ἐλθὼν
1168 3014 1491 3087 κατῴκησεν
1539 3017 1619 3080 είς
1659 3016 1773 3070 Να-

193 3103 381 3174 ζαρέτ.
436 3102 543 3155 Καὶ
589 3103 797 3157 ἐκεῖθεν
841 3103 1004 3157 πάλιν
1045 3105 1164 3158 κατ’
1194 3104 1313 3168 ἑτος
1349 3103 1503 3175 ἀνῄει
1536 3106 1615 3168 είς
1678 3104 1774 3158 Ἰε-

195 3193 500 3269 ρουσαλήμ.
563 3194 727 3265 Ὁρᾷς
784 3195 884 3265 ὅση
930 3195 1188 3266 τυγχάνει
1248 3193 1502 3264 ἀκρίϐεια
1551 3196 1610 3247 ἑν
1660 3196 1773 3258 τοῖς

193 3285 359 3348 θείοις
391 3282 745 3354 Εὑαγγελίοις
790 3283 918 3354 περὶ
960 3283 1197 3354 ἑκάστης
1241 3281 1662 3354 πραγματείας;
1708 3281 1771 3333 Ol

193 3376 251 3430 δὲ
282 3376 478 3447 ἀγνοίᾳ
515 3375 824 3448 φερόμενοι.
854 3375 946 3428 τὸν
983 3373 1192 3428 ἑαυτῶν
1222 3372 1347 3428 νοῦν
1382 3372 1770 3436 σκοτώσαντες,

191 3469 292 3522 οὐκ
324 3468 472 3522 ἴσασι
498 3466 559 3520 τὸ
588 3466 740 3530 τέλος
772 3466 1003 3521 ἑκάστου
1036 3465 1195 3535 λόγου
1215 3483 1228 3496 ·
1256 3465 1393 3519 ἀλλά
1420 3464 1606 3528 ἁπλῶς
1631 3462 1772 3518 κατά

190 3560 302 3615 τῶν
352 3558 523 3627 ἀγίων
580 3558 865 3630 ἐπαίρουσι
913 3556 975 3610 τὸ
1030 3557 1223 3626 στόμα,
1275 3556 1370 3611 καὶ
1419 3554 1623 3628 χαλῶσι
1672 3556 1793 3641 τὴνι

190 3651 462 3720 γλῶτταν,
503 3649 670 3721 μηδὲν
712 3649 810 3719 μὲν
857 3648 1103 3716 λέγοντες
1144 3650 1202 3703 ὲν
1249 3648 1497 3719 ἀληθείᾳ,
1548 3647 1771 3706 ἑαυτοὺς

190 3742 251 3796 δὲ
279 3742 380 3813 τῆς
411 3741 553 3813 ζωῆς
582 3739 1004 3812 ἀλλοτριοῦντες.

268 3923 464 3978 Ἔνθεν
511 3920 604 3977 οὖν
646 3926 675 3978 6
717 3924 952 3986 Λουκᾶς,
1021 3922 1157 3992 μετὰ
1204 3921 1266 3974 τὸ
1307 3920 1664 3991 διηγησασθαι
1704 3921 1773 3975 τὰ

192 4015 423 4087 πρῶτα,
477 4015 641 4068 πάλιν
692 4014 872 4083 λέγει,
933 4013 1049 4077 πῶς
1103 4013 1162 4065 ἑν
1207 4012 1288 4083 τῷ
1336 4011 1638 4084 δωδεκάτῳ.
1664 4011 1773 4066 ἔτει

195 4106 428 4178 ἀνῆλθεν
454 4108 532 4170 είς
576 4105 961 4178 Ἰερουσαλήμο
1012 4105 1099 4158 ἵνα
1151 4103 1226 4174 μὴ
1258 4102 1570 4177 παραλείψει
1610 4104 1775 4158 τόπον

195 4201 310 4263 τοῖς
348 4198 629 4269 νομίσασιν
656 4197 815 4251 αὑτὸν
843 4195 1031 4259 ἁπλῶς
1055 4194 1224 4266 ἄνδρα
1249 4195 1451 4249 τέλειον
1491 4197 1548 4248 ὲν
1586 4195 1776 4267 κόσμῳ

196 4290 518 4360 πεφηνέναι,
553 4288 647 4343 καὶ
678 4289 759 4352 είς
786 4287 876 4342 τὸν
922 4287 1192 4359 Ἰορδάνην
1223 4286 1361 4358 πρὸς
1385 4286 1477 4340 τὸν
1522 4287 1774 4356 Ἰωάννην

1869 1818 2018 1873 circo
2045 1835 2155 1875 non
2214 1821 2330 1892 jam
2388 1820 2719 1879 Nazaretum
2769 1825 3047 1898 Josephus
3102 1831 3444 1901 regreditur;

1838 1911 1965 1967 ‘sed
2015 1927 2142 1968 cum
2198 1930 2370 1985 puero
2402 1930 2467 1972 ac
2493 1924 2668 1975 matre
2703 1918 2839 1991 fugit
2890 1920 2946 1975 in
2996 1919 3312 1993 Egyptum,
3353 1924 3445 1978 nlni

1870 2002 2092 2060 biennio
2120 2006 2290 2062 altero
2321 2017 2699 2066 commoratus
2730 2019 2816 2067 est
2843 2028 2860 2079 ;
2918 2021 3081 2085 atque
3113 2015 3187 2069 ita
3224 2031 3446 2073 rursum

1870 2104 1996 2163 post
2019 2094 2250 2154 llerodis
2266 2099 2474 2155 obitum
2499 2103 2725 2173 angelus
2748 2104 3023 2170 eumdem,
3046 2114 3105 2161 ut
3128 2106 3183 2162 in
3205 2106 3445 2165 Judteam

1871 2186 2094 2256 rediret,
2126 2190 2426 2247 admonuit.

1941 2446 2105 2521 5,32
2139 2447 2209 2504 X.
2241 2449 2453 2520 Quippe
2480 2467 2653 2507 χχχιιι
2686 2452 2919 2513 Herodis
2948 2473 3095 2513 anno
3146 2468 3310 2517 natus
3361 2473 3448 2519 est

1874 2537 2157 2609 Dominus,
2190 2543 2547 2615 ejusdemque
2586 2562 2730 2604 xxxv
2756 2549 2895 2620 magi
2924 2560 3213 2608 venerunt.
3246 2553 3450 2613 Deinde

1875 2648 2063 2687 xxxvn
2106 2634 2323 2704 imperii
2363 2652 2509 2692 anno
2547 2639 2782 2695 moritur
2813 2639 3077 2707 Herodes,
3107 2647 3195 2700 cui
3227 2627 3446 2705 succes-

1876 2722 1947 2778 sit
1980 2724 2311 2791 Archelaus,
2345 2727 2504 2798 isque
2532 2743 2726 2783 novem
2757 2732 3002 2802 regnavit
3029 2737 3210 2800 amis,
3248 2746 3307 2791 ut
3341 2739 3445 2794 alio

1876 2826 1906 2865 a
1939 2826 2024 2867 me
2052 2813 2172 2867 loco
2201 2812 2406 2869 dictum
2449 2816 2689 2871 memini.
2725 2818 2905 2885 Quare
2937 2836 3062 2877 cum
3088 2824 3154 2879 dc
3179 2826 3445 2884 Archelao

1878 2904 2206 2974 accepisset,
2259 2908 2492 2963 recessit
2535 2907 2846 2981 Iosephus,
2900 2928 2965 2967 ac
3013 2930 3073 2971 se
3121 2915 3440 2976 Nazaretum

1878 2994 2161 3052 habitandi
2195 3011 2363 3054 causa
2384 3000 2641 3056 contulit.
2674 3002 2830 3058 Unde
2860 3007 3161 3075 quotannis
3190 3008 3446 3081 Hieroso~

1800 3056 1842 3115 ο
1876 3085 2074 3158 lymam
2108 3087 2382 3157 proﬁcisci
2410 3100 2789 3147 consueverat.
2832 3095 2994 3153 Vides
3033 3073 3349 3168 quanta‘sit
3391 3106 3446 3160 in

1877 3178 2057 3233 sacris
2081 3176 2392 3248 Evangeliis
2424 3180 2717 3249 cujuslibet
2750 3183 2828 3238 rei
2858 3188 3145 3244 narrandae
3173 3207 3449 3264 quamque

1874 3278 2133 3325 accurata
2163 3269 2493 3340 diligentia?
2522 3271 2593 3328 At
2642 3273 2733 3331 isti
2778 3276 3086 3347 ignorantia
3115 3282 3268 3347 cazci,
3308 3299 3449 3353 quo-

1872 3374 1994 3414 rum
2045 3367 2131 3416 est
2179 3361 2425 3450 tenebris
2474 3362 2715 3420 obducta
2773 3383 2960 3435 mens,
3013 3371 3450 3446 uniuscujusque

1873 3450 2210 3507 narrationis
2251 3452 2455 3507 exitum
2493 3455 2781 3526 ignorant;
2833 3459 2928 3515 sed
2965 3460 3228 3520 adversus
3267 3480 3449 3521 sacru-

1871 3552 2064 3599 sancta
2104 3558 2335 3614 quaeque
2378 3559 2442 3601 os
2484 3561 2643 3601 suum
2682 3559 3007 3622 arroganter
3043 3556 3335 3625 extollunt,
3381 3573 3449 3615 ac

1872 3636 2115 3708 linguam
2167 3636 2452 3700 relaxant,
2486 3639 2625 3695 adeo
2666 3651 2723 3696 ut
2765 3659 2940 3714 neque
2985 3646 3100 3702 veri
3148 3649 3445 3720 quidquam

1873 3727 2122 3792 aﬂerant,
2155 3734 2210 3781 et
2240 3741 2269 3779 a
2299 3727 2406 3780 vita
2440 3729 2798 3788 nihilominus
2825 3749 2889 3788 ac
2924 3736 3099 3792 salute
3125 3743 3451 3812 semetipsos

1873 3821 2131 3875 alienent.
2196 3858 2203 3865 .

1943 3910 2074 3967 Post
2098 3912 2213 3967 haec
2243 3911 2423 3968 Lucas
2459 3912 2552 3968 ubi
2595 3926 2779 3983 priora
2823 3926 3148 3985 persecutus
3190 3926 3298 3983 est,
3347 3935 3444 3975 ex-

1873 4005 2028 4075 ponit
2076 4004 2535 4075 quemadmodum
2587 4020 2736 4061 anno
2776 4023 2852 4062 xu
2903 4006 3282 4081 Hierosolyma
3325 4027 3449 4082 per-

1875 4095 2100 4160 rexerit,
2135 4111 2204 4151 ne
2229 4111 2392 4166 quem
2423 4096 2644 4153 illorum
2674 4098 2852 4154 errori
2886 4098 3064 4153 locum
3091 4100 3446 4171 relinqueret,

1874 4189 1967 4260 qui
2001 4188 2152 4244 illum
2182 4189 2433 4245 arbitrati
2462 4199 2592 4247 sunt
2618 4190 2856 4261 perfecta
2888 4207 2951 4246 ac
2979 4191 3121 4246 virili
3147 4192 3260 4264 jam
3289 4200 3449 4249 aetate

1876 4281 1930 4334 in
1969 4280 2174 4337 mundo
2212 4290 2434 4352 repente
2462 4281 2634 4338 fuisse
2666 4291 3022 4353 conspectum
3057 4284 3283 4357 :itaque
3312 4301 3447 4342 con-

197 4380 390 4450 ἠκέναι
415 4395 429 4409 °
464 4379 540 4442 ὡς
566 4375 843 4449 ὑπεϐλήθη
879 4376 983 4430 ὑπὸ
1011 4376 1307 4448 Κηρίνθου,
1358 4376 1450 4430 καὶ
1499 4375 1770 4441 Ἐϐίωνος,

1878 4372 2132 4430 veniendi
2180 4372 2407 4429 Joannis
2438 4375 2639 4445 gratia.
2669 4374 2735 4429 ad
2793 4373 3084 4432 Jordanem
3123 4380 3446 4445 accessisse,

196 4472 294 4526 καὶ
316 4470 425 4523 τῶν
457 4469 651 4525 ἄλλων.
683 4469 862 4531 Δεινὸς
893 4468 1002 4541 γὰρ
1032 4467 1154 4538 δερις
1184 4467 1464 4540 σκαληνῶς
1484 4467 1775 4523 διαϐαίνων

195 4568 258 4619 ἑν
292 4566 393 4636 μιᾷ
422 4563 617 4636 γνώμῃ
647 4563 745 4633 οὐχ
791 4562 1004 4616 ἵσταται
1028 4579 1040 4592 ο
1078 4561 1214 4615 ἀλλὰ
1249 4564 1359 4625 τοῖς
1399 4562 1499 4632 μὲν
1528 4563 1675 4616 δοκεῖ
1715 4564 1780 4618 ἑκ

198 4656 549 4729 παρατριϐῆς
582 4657 677 4709 καὶ
726 4654 1039 4725 σπέρματος
1067 4646 1258 4725 ἀνδρὸς
1290 4652 1635 4726 γεγενῆσθαι,
1665 4657 1781 4720 τοῖς

194 4750 243 4804 δ’
283 4749 464 4813 ἄλλοις
495 4748 681 4811 ἁπλῶς
723 4747 1008 4818 ἄνθρωπος
1052 4746 1368 4818 πεφηνέναι.
1410 4747 1501 4800 Διὸ
1546 4746 1686 4802 κατά
1719 4748 1783 4801 τδ

196 4839 395 4893 λεπτὸν
422 4838 491 4892 τά
524 4838 701 4892 πάντα
732 4836 1076 4908 διηγούμενοι
1121 4838 1169 4889 οἱ
1213 4836 1355 4905 άγιοι
1387 4837 1772 4906 εύαγγελιστα)⁸

196 4928 637 5004 ἀκριϐολογοῖωι.
683 4927 792 4980 Καὶ
827 4927 985 4996 φύσει
1014 4929 1043 4980 6
1086 4927 1299 4990 Λουκᾶς
1341 4926 1416 4989 ὡς
1446 4927 1554 4981 ἀπὸ
1594 4928 1774 4982 κάτω-

195 5023 291 5077 θεν
321 5023 414 5076 ἑπὶ
437 5021 505 5076 τά
535 5021 648 5076 ἀνω
675 5019 960 5090 ἀναφέρων
988 5018 1087 5090 τὴν
1115 5018 1348 5072 διάνοιαν
1374 5017 1572 5090 φάσκει
1595 5033 1608 5046 ·
1653 5012 1775 5072 Ἦν

270 5180 288 5211 ⁸
321 5178 511 5234 Matth.
533 5195 600 5242 tt,
623 5177 677 5243 9,
701 5176 790 5230 11.

193 5336 466 5407 geliorum
495 5334 800 5407 interpres;
832 5344 930 5385 nec
960 5326 1081 5407 ideo
1096 5334 1277 5407 tamen
1305 5328 1767 5407 tantumcomme-

196 5395 333 5469 Fuit,
368 5413 430 5458 ut
475 5418 506 5457 a
556 5395 881 5473 Casauhono
912 5407 1021 5473 tam
1066 5396 1422 5473 inclementer
1466 5395 1767 5473 ac.pntitle

196 5463 508 5537 notaretur,
533 5481 588 5527 et
619 5470 1098 5529 virulentissimus,
1122 5481 1186 5520 ac
1212 5463 1767 5537 maledicentissimus

196 5531 835 5617 scriptorappellaretnr
882 5540 939 5617 in
979 5538 1287 5617 illoJopere,
1314 5531 1765 5617 quodjpsumiex

197 5600 814 5680 viru'lentis'calumnlis
843 5620 894 5664 et
922 5600 1194 5680 haereticis
1247 5600 1600 5680 opinionibus
1631 5615 1764 5657 con-

198 5668 411 5742 textum
439 5683 706 5738 adversus
736 5677 1073 5733 Baronianos
1096 5668 1326 5729 Annalis
1349 5668 1560 5729 eﬂudit.

473 5784 482 5796 '
530 5771 808 5831 ΡΑτιιοι..
852 5767 971 5829 Gn.
1016 5763 1183 5849 XLI.

1877 4481 2000 4536 qua:
2030 4464 2143 4519 fuit.
2188 4462 2459 4537 Cerinthi,
2518 4463 2769 4530 Ebionis,
2844 4475 2897 4523 et
2955 4468 3189 4523 aliorum
3238 4470 3445 4539 opinio.

1879 4554 2167 4621 Siquidem
2193 4555 2429 4610 callidus
2464 4555 2556 4612 ille
2577 4572 2805 4627 serpens
2830 4558 3069 4630 obliquis
3095 4559 3320 4617 ﬂexibus
3349 4562 3449 4617 ad-

1877 4662 2097 4718 repens,
2161 4646 2298 4703 nihil
2340 4662 2509 4702 unum
2539 4663 2604 4704 ac
2637 4656 2900 4707 constans
2928 4652 3147 4706 asserit.
3190 4650 3297 4709 Sed
3323 4655 3449 4717 aliis

1876 4740 2055 4810 placet
2074 4755 2142 4793 ex
2177 4740 2466 4810 utriusque
2515 4739 2902 4809 conjunctione
2956 4756 3143 4809 sexus,
3191 4758 3256 4799 ac
3299 4746 3445 4801 virili

1879 4832 2089 4888 semine
2112 4831 2391 4888 Christum
2433 4846 2556 4886 esse
2583 4841 2950 4901 procreatum.
2994 4834 3098 4888 Alii
3130 4837 3452 4906 simpliciter

1881 4923 2157 4977 hominem
2191 4923 2515 4994 apparuisse
2543 4929 2815 4978 statuunt.
2846 4926 2977 4991 Qua:
3003 4942 3172 4983 causa
3218 4931 3320 4984 fuit
3351 4947 3453 4986 cur

1882 5015 2162 5073 subtiliter
2216 5023 2586 5087 accurateque
2638 5015 2822 5070 omnia
2872 5020 3051 5072 sancti
3104 5021 3455 5093 evangelista:

1937 5321 2051 5392 (28)
2081 5324 2173 5390 Ὡς
2188 5326 2275 5391 είς
2291 5324 2408 5398 τὴν
2422 5332 2763 5398 πανήγυριν
2778 5330 3024 5397 ταύτην.
3045 5329 3218 5397 Quam
3237 5331 3455 5388 tandem

1863 5392 1955 5476 llic
1990 5397 2300 5481 πανήγυριν
2332 5392 2609 5481 intelligat
2632 5392 2843 5481 nescio.
2873 5392 3103 5481 Videtur
3127 5400 3232 5456 loci
3280 5402 3453 5481 illius,

1864 5466 1921 5518 in
1947 5478 2057 5532 quo
2082 5473 2246 5527 natus
2267 5474 2385 5520 erat
2445 5466 2729 5535 Dominus,
2762 5470 3091 5528 celebratam
3133 5471 3457 5527 memoriam

1864 5536 2173 5593 πανήγυριν
2207 5536 2505 5593 aDDellare.

1864 5536 2173 5681 “(ama
2201 5536 2677 5678 mimicas
2698 5610 2891 5681 τρίτῳ.
2919 5608 2995 5667 De
3029 5612 3115 5668 his
3141 5608 3454 5666 accuratius

1864 5675 2028 5748 paulo
2060 5682 2185 5765 post
2218 5690 2462 5747 agemus.

3048 5771 3128 5829 29
