3866 6068
472 222 574 275 907
1881 229 1938 285 S.
1981 227 2323 290 EPlPllANll
3653 240 3765 297 908

383 376 387 382 .
469 334 750 390 narrando
789 336 1057 409 complexi
1107 335 1237 392 sint.
1286 335 1565 406 Praecipue
1594 321 1772 395 Lucas
1802 341 1910 394 anit

2275 349 2504 415 Ἰησοῦς
2537 350 2870 420 ἀρχόμενος
2902 345 3052 402 εἶναι
3090 349 3169 416 ὡς
3213 349 3368 403 ἐτῶν
3402 350 3757 419 τριάκοντα,

470 427 539 479 ah
587 425 940 483 inferioribus
995 427 1062 481 ad
1112 428 1400 498 superiora
1442 428 1684 486 referens
1720 431 1791 485 ita
1817 433 1997 488 scribit

2230 454 2242 469 '
2291 438 2453 504 υἱὸς,
2482 441 2562 506 ὠς
2599 439 2916 510 ἐνομίζετο,
2958 441 3063 495 τοῦ
3106 443 3350 511 Ἰωσήφ.
3394 444 3470 496 Τὸ
3500 444 3558 498 δὲ
3604 453 3757 517 νομι-

472 515 540 568 Et
582 527 698 570 erat
739 517 897 572 Iesus
943 519 1192 587 incipiens
1244 535 1357 574 esse
1403 523 1558 590 quasi
1608 539 1867 577 annorum
1904 541 1999 578 xx:

2227 525 2344 579 σθαι
2377 527 2477 581 οὐκ
2503 528 2718 600 ἀληθῶς
2749 531 2929 584 ἐστιν’
2967 531 3102 584 ἀλλὰ
3136 533 3193 584 ἐν
3219 531 3372 598 τάξει
3410 532 3514 603 μὲν
3545 515 3754 605 πατρὸς

472 608 637 674 ﬁlius,
667 617 723 660 ut
751 607 1063 674 putabatur,
1112 608 1305 678 Ioseph
1331 610 1370 663 ¹.
1411 610 1565 676 Quod
1611 621 1791 667 autem
1848 615 1999 670 solun

2221 616 2452 688 ύγχανεν
2481 622 2509 673 ὁ
2555 621 2771 692 Ἰωσὴφ,
2802 621 2889 675 διὰ
2917 622 2976 676 τὸ
3003 621 3176 687 οὕτως
3208 623 3288 693 τῷ
3316 624 3439 695 Θεῷ
3467 625 3719 699 δεδόχθαι
3737 645 3748 657 ·

474 698 635 750 nodo
675 707 918 766 putatur,
954 699 1180 754 minime
1229 709 1313 756 est
1358 701 1562 771 reipsa.
1613 702 1719 758 Sed
1759 706 1930 775 patris
1967 721 1997 756 ν

2224 728 2258 764 κ
2283 707 2352 782 ἦν
2381 712 2438 766 δὲ
2481 713 2683 784 πατὴρ,
2716 717 2746 767 ὁ
2800 715 2873 786 μὴ
2918 716 3054 786 πρὸς
3087 715 3184 789 τὴν
3215 717 3458 790 Μαριὰμ
3501 698 3751 790 Emittit;

470 803 585 841 cem
619 787 884 858 Iosephus
925 791 1146 861 gerebat
1192 792 1281 846 ille
1326 794 1566 863 quidem,
1611 795 1757 864 quod
1806 796 1878 849 ita
1942 794 1997 847 υι

2219 803 2472 871 ινάφειαν,
2504 805 2535 876 ἢ
2582 805 2741 875 μόνον
2780 807 2862 859 ὃτι
2890 806 3028 878 ἀνὴρ
3059 787 3282 878 ἐκλήθη,
3316 787 3505 861 διὰτὸ
3538 787 3746 879 μεμνη-

467 879 788 947 placuerat:
818 891 976 951 pater
1023 899 1153 938 vero
1206 899 1316 939 non
1357 893 1511 952 erat;
1545 894 1603 941 ut
1641 887 1734 957 qui
1771 903 1992 957 nunqua

2221 891 2375 946 εῢθαι
2423 895 2731 966 πρεσϐύτης
2765 897 2898 967 (50),
2933 897 3072 952 ἐτῶν
3105 900 3437 972 ὀγδοήκοντα
3463 902 3746 971 τυγχάνων

466 989 674 1028 secum
723 973 892 1028 Maria
949 977 1271 1046 copularat;
1326 977 1431 1032 nisi
1475 978 1619 1047 quod
1666 977 1812 1033 illius
1841 978 1920 1031 vir
1958 993 1984 1030 a

2216 984 2382 1056 .ειωῆ
2416 986 2649 1051 ἐλάσσω,
2686 989 2779 1041 καὶ
2823 988 2961 1059 ἔχων
3007 992 3156 1055 υἱοὺς
3203 990 3262 1056 ἓξ
3299 992 3407 1045 ἀπὸ
3448 993 3551 1063 τῆς
3585 993 3743 1056 ovet»;

465 1065 701 1136 pellatus
728 1077 832 1134 est,
873 1067 1019 1138 quod
1056 1079 1371 1123 eam’senex
1402 1068 1671 1135 duxisset,
1705 1087 1846 1125 anno
1872 1079 1992 1124 aetat

2214 1075 2315 1128 ’τοῦ
2348 1078 2596 1149 γαμετῆς
2628 1079 2873 1151 πρώτης,
2907 1081 3006 1152 τὴν
3028 1081 3084 1135 δὲ
3113 1082 3180 1135 δι’
3208 1084 3525 1154 οξκονομίαν
3557 1101 3741 1154 παρει-

466 1157 588 1224 plus
641 1156 824 1212 minus
872 1173 1036 1220 Lxxx,
1088 1173 1213 1212 eum
1267 1158 1379 1228 jam
1437 1159 1640 1214 liberos
1683 1175 1776 1215 sex
1815 1175 1845 1214 e
1876 1161 1993 1229 prio

2211 1166 2356 1235 φὼς,
2385 1169 2466 1234 ὡς
2509 1170 2604 1224 καὶ
2630 1170 2767 1244 ἄλλῃ
2802 1189 2904 1224 που
2951 1173 3341 1244 ἀκριϐέστερον
3391 1177 3527 1247 περὶ
3556 1175 3738 1228 τούτου

469 1248 702 1318 conjuge
732 1249 1077 1315 sustulisset;
1109 1249 1246 1304 hanc
1280 1265 1407 1304 vero
1449 1251 1802 1320 posteriorem
1845 1252 1996 1321 singu

2208 1258 2390 1329 ,iktlov.
2425 1261 2550 1324 Πῶς
2579 1258 2672 1316 οὖν
2699 1264 2729 1314 ὁ
2770 1263 2842 1334 μὴ
2866 1263 3003 1333 ἔχων
3037 1265 3334 1335 συνάφειαν
3363 1267 3549 1338 πατὴρ
3581 1267 3735 1320 αὐτοῦ

465 1345 569 1399 lari
604 1345 695 1400 Dei
730 1347 1072 1414 providentia
1106 1347 1232 1410 sibi,
1278 1355 1337 1400 ut
1365 1347 1472 1402 alio
1508 1348 1627 1402 loco
1659 1346 1838 1402 fusius
1863 1346 1992 1417 disp

1392 1347 1472 1402 ,lio
1508 1348 1627 1402 loco
1659 1346 1838 1402 fusius
1863 1346 2049 1417 dispu-
2153 1351 2430 1422 ὑπῆρχεν;
2459 1354 2600 1426 ὅπερ
2644 1355 2919 1411 ἀδύνατον.

465 1445 666 1498 tamus,
713 1437 1016 1491 ascivisset.
1070 1436 1172 1503 Qui
1215 1437 1389 1507 igitur
1433 1437 1640 1492 nullum
1676 1453 1799 1494 curn
1866 1446 2042 1492 matre
2090 1443 2546 1499 consuetudinem
2595 1445 2883 1512 habuerat,
2926 1449 3020 1518 qui
3089 1449 3182 1504 ﬁlii
3244 1459 3402 1520 pater
3461 1468 3586 1507 esse
3641 1467 3705 1522 po

463 1528 604 1582 tuit?
641 1527 784 1582 Fieri
817 1527 960 1582 istud
990 1527 1216 1582 omnino
1254 1543 1361 1583 non
1392 1537 1592 1598 potest.
1671 1558 1686 1573 ι

533 1624 625 1680 XI.
668 1625 734 1678 At
763 1625 908 1679 enim
945 1625 1096 1680 dices
1134 1644 1144 1678 :
1182 1625 1294 1680 Cur
1323 1642 1453 1696 ergo
1483 1627 1566 1680 vir
1605 1623 1753 1682 illius
1806 1627 2042 1697 appella-

2223 1627 2323 1679 IA'.
2381 1627 2539 1680 Ἀλλὰ
2586 1626 2733 1698 ἐρεῖς
2769 1645 2858 1698 μοι
2880 1644 2892 1658 ·
2945 1628 3069 1692 Πῶς
3112 1625 3204 1683 οὖν
3233 1630 3376 1705 ἀνὴρ
3411 1636 3591 1708 αὐτῆς
3619 1638 3729 1691 ἐκέ-

460 1725 549 1772 tus
575 1723 680 1778 est,
730 1716 833 1770 nisi
862 1731 980 1770 eam
1029 1717 1342 1772 obtineret?
1381 1717 1484 1784 Qui
1520 1719 1602 1773 sic
1647 1719 1881 1784 dubitat,
1915 1735 1984 1790 qu

2199 1731 2334 1786 Ιιητο,
2401 1717 2450 1768 εἰ
2509 1715 2582 1788 μὴ
2631 1716 2758 1787 ἔσχε
2811 1717 3047 1787 ταύτην;
3103 1718 3163 1771 '0
3223 1719 3280 1774 δὲ
3339 1721 3518 1776 ταῦτα
3567 1726 3726 1796 ἀμφι-

462 1812 546 1863 ιοι
594 1816 754 1864 vetus
781 1807 946 1863 ferret
976 1808 1191 1879 ignorat
1221 1827 1233 1862 :
1265 1809 1425 1880 433
1462 1809 1720 1864 nimirum
1778 1811 1925 1865 enim
1977 1828 1989 1866 ι

2201 1806 2357 1859 ἱλλων
2401 1807 2588 1875 ἀγνοεῖ
2637 1807 2708 1861 τὰ
2751 1808 2892 1862 κατὰ
2919 1807 3010 1860 τὸν
3056 1808 3241 1880 νόμον,
3293 1811 3376 1864 ὅτι
3429 1815 3598 1879 ἐξότε
3624 1818 3728 1870 ὀνο-

458 1917 570 1971 quo
617 1902 738 1955 viro
773 1899 977 1955 femina
1009 1900 1283 1970 desponsa
1311 1901 1510 1965 fuerat,
1539 1902 1655 1957 sive
1691 1901 1845 1973 virgo
1875 1918 1985 1958 esse

2198 1899 2378 1963 ἅζεται
2408 1899 2544 1971 γυνὴ
2577 1900 2754 1970 ἀνδρὶ,
2789 1901 2891 1954 κᾶν
2934 1917 2993 1953 τε
3042 1901 3310 1973 παρθένος
3337 1899 3394 1976 ᾖ,
3442 1907 3547 1960 κάν
3574 1927 3635 1962 τε
3674 1913 3725 1963 ὲν

460 1995 577 2048 sive
611 2002 834 2064 paterna
862 1992 1042 2048 adhue
1068 1995 1120 2047 in
1155 1993 1320 2047 domo
1363 1993 1602 2064 degeret,
1636 1995 1854 2049 nomine
1882 2003 1987 2048 tent

2193 1991 2279 2060 ’κῳ
2314 1991 2519 2063 πατρὸς
2558 1991 2638 2044 ἔτι
2674 1992 2929 2064 ὑπάρχει,
2958 1993 3096 2065 γυνὴ
3128 1993 3221 2048 τοῦ
3270 1997 3538 2068 ὀνόματος
3570 2003 3720 2072 μόνον

461 2101 600 2140 uxor
647 2085 954 2140 dicebatur.
1005 2084 1187 2150 Quare
1221 2087 1448 2156 angelus
1475 2085 1556 2140 sic
1585 2084 1880 2156 Josepbnm
1911 2087 1988 2140 allt

2194 2082 2360 2151 Ξγεται
2392 2085 2424 2154 ἡ
2455 2082 2702 2153 τοιαύτη.
2754 2083 2957 2138 Τούτου
3013 2085 3175 2139 ἕνεκα
3224 2088 3251 2140 ὁ
3299 2088 3457 2158 ἆγιος
3504 2093 3721 2162 ἄγγελός

457 2179 686 2250 quitur:
724 2177 852 2232 Noli
889 2180 1070 2232 timere
1113 2178 1348 2247 accipere
1389 2178 1661 2248 conjugem
1699 2187 1844 2231 tuam
1869 2179 1911 2232 ³.
1964 2181 1984 2230 1

2196 2189 2278 2245 ησι
2305 2189 2318 2204 ·
2370 2172 2470 2242 Μὴ
2539 2173 2807 2244 φοϐηθῇς
2865 2177 3233 2246 παραλαϐεῖν
3297 2180 3412 2249 τὴν
3480 2185 3723 2254 γυναῖκά

437 2291 526 2343 pne
552 2274 676 2345 quis
707 2290 952 2330 errorem
998 2275 1062 2330 in
1106 2272 1416 2342 Evangeliis
1445 2273 1614 2328 ullum
1645 2289 1766 2328 esse
1794 2269 1964 2340 suspit

2193 2284 2283 2320 ου.
2332 2267 2442 2319 Καὶ
2475 2267 2562 2320 ἵνα
2599 2267 2675 2338 μή
2722 2285 2806 2331 τις
2836 2269 3050 2343 νομίσῃ,
3087 2272 3169 2324 ὅτι
3209 2272 3387 2345 πλάνη
3413 2293 3501 2340 τις
3535 2279 3592 2332 ἐν
3617 2281 3720 2342 τοῖς

457 2377 546 2421 tur
575 2385 587 2421 :
621 2375 706 2422 est
738 2367 883 2420 enim
923 2365 1081 2435 plane
1107 2363 1436 2434 stupendum
1466 2361 1569 2417 hoc
1601 2362 1943 2434 mysterium,
1976 2376 1984 2414 ε

2191 2356 2530 2426 ὐαγγελίοιςο
2589 2357 2890 2429 ἔκπληκτον
2935 2361 3042 2432 γὰρ
3093 2364 3154 2416 τὸ
3204 2368 3520 2438 μυστήριον,
3572 2369 3715 2440 καὶὴ

456 2471 623 2527 supra
669 2456 970 2510 humanum
1002 2462 1223 2524 captum
1262 2460 1376 2507 tota
1407 2453 1510 2506 ista
1536 2451 1802 2515 narratio,
1835 2459 1888 2505 et
1917 2466 1983 2518 qu

2187 2448 2394 2519 ,ἡγησις
2434 2447 2576 2519 ὑπὲρ
2619 2446 2904 2518 ἄνθρωπον
2928 2465 2940 2478 ·
2980 2449 3162 2518 μόνοις
3205 2452 3263 2505 δὲ
3304 2457 3418 2518 τοῖς
3449 2457 3587 2520 υἱοῖς
3631 2458 3714 2511 τοῦ

457 2548 594 2604 solis
645 2546 885 2617 Spiritus
933 2546 1110 2600 sancti
1167 2545 1293 2600 filiis
1349 2545 1497 2599 clara
1548 2543 1619 2598 sit
1664 2550 1718 2598 et
1767 2541 1980 2612 exposit

2192 2536 2302 2605 γίου
2349 2537 2668 2609 Πνεύματός
2718 2542 2834 2593 ἐστι
2891 2541 3012 2596 λεία
3058 2544 3207 2597 πᾶσά
3255 2562 3313 2598 τε
3357 2548 3452 2598 καὶ
3491 2565 3719 2617 πεφωτι-

459 2640 596 2694 Ειοαι
633 2639 818 2709 igitur,
860 2637 1059 2708 inquit,
1115 2638 1266 2708 quasi
1307 2652 1568 2689 annorum
1604 2651 1748 2701 xxx;
1787 2635 1986 2704 ﬁlius,t

2192 2628 2474 2703 μένηῘΗν
2492 2629 2606 2690 οὖν
2623 2635 2704 2700 ὡς
2729 2634 2880 2689 ἐτῶν
2905 2640 2978 2700 λ’,
2997 2637 3079 2703 ὠς
3119 2638 3433 2708 ἐνομίζετο,
3467 2642 3598 2708 υἱὸς
3620 2642 3719 2696 τοῦ

453 2731 762 2801 putabatur,
801 2727 1038 2796 Ioseph;
1081 2728 1170 2798 qui
1206 2727 1306 2795 fuit
1341 2727 1446 2791 Eli,
1478 2726 1568 2795 qui
1598 2724 1698 2794 fuit
1722 2723 1969 2777 Matt/tan

2192 2724 2389 2794 ωσὴφ,
2413 2727 2520 2781 τοῦ
2564 2727 2716 2796 Ἠλὶ,
2750 2729 2856 2783 τοῦ
2883 2730 3144 2786 Ματθάν.
3182 2732 3289 2784 Καὶ
3318 2733 3582 2805 ἀναφέρει
3627 2735 3719 2804 τὴν

455 2820 594 2874 Τιιιη
654 2821 720 2874 ad
775 2817 1146 2872 Abrahamum
1201 2831 1376 2884 usque
1424 2813 1795 2884 generationis
1841 2815 1980 2868 serie

2191 2821 2396 2891 ἑννησιν
2427 2824 2519 2876 ἐπὶ
2547 2824 2637 2877 τὸν
2653 2823 2932 2896 Ἀδραάμο
2963 2825 3084 2878 ὅθεν
3105 2827 3198 2880 καὶ
3219 2828 3246 2879 ὁ
3263 2827 3542 2893 Ματθαῖος
3568 2832 3718 2901 ἐνήρ-

456 2912 686 2977 retexit;
719 2926 748 2963 a
780 2925 889 2979 quo
923 2908 1208 2962 Matthteus
1245 2922 1478 2962 exorsus
1525 2915 1627 2962 est.
1677 2905 1782 2961 Sed
1809 2913 1861 2960 et
1896 2904 1983 2958 Νο‹

2190 2927 2288 2965 ιτο.
2333 2912 2682 2984 ’Υπερὸαίνει
2731 2915 2788 2969 δὲ
2816 2916 2910 2969 τὸν
2958 2916 3103 2980 Νῶε,
3141 2917 3234 2970 καὶ
3277 2918 3466 2986 φθάνει.
3497 2921 3592 2974 ἐπὶ
3634 2922 3717 2975 τὸν

457 3017 602 3056 ιιιιιιιι
637 3008 879 3070 superat,
919 3005 972 3054 et
1001 2997 1068 3051 ad
1102 2997 1368 3052 Adamttm
1402 2998 1668 3068 pervenit,
1706 3005 1762 3052 ut
1788 3013 1912 3052 eum
1939 3013 1984 3068 qt

2190 3002 2341 3074 ιδάμ,
2377 2967 2587 3058 tua,
2619 2967 2982 3078 metu;
3014 2967 3602 3084 ag.ts.;';,;;sgi
3631 2967 3717 3084 ἐξιζ

455 3095 669 3165 primus
696 3093 938 3148 omnium
986 3092 1256 3147 formatus
1290 3099 1407 3147 erat
1452 3093 1520 3147 ab
1555 3108 1620 3147 eo
1657 3092 1748 3162 qui
1789 3107 1852 3146 ex
1891 3090 1982 3145 illi:

2189 3093 2397 3163 ιύμενον
2425 3094 2515 3148 διὰ
2540 3096 2633 3149 τοῦ
2678 3097 2788 3150 ἀπὸ
2834 3096 2927 3150 τοῦ
2975 3099 3298 3170 φυράματος
3331 3101 3500 3154 αύτοῦ
3550 3101 3716 3158 ἐλθόν-

454 3201 658 3250 massa,
693 3185 753 3240 B.
789 3183 1047 3239 nimirum
1086 3183 1324 3255 Virgine,
1361 3193 1691 3255 propagatus
1725 3183 1922 3248 fuerat,
1965 3200 1981 3237 ε

2187 3204 2248 3250 ις,
2303 3187 2581 3241 τουτέστιν
2623 3189 2730 3242 ἀπὸ
2787 3189 2888 3259 τῆς
2947 3190 3108 3258 ἁγίας
3159 3192 3436 3263 Παρθένου
3482 3196 3714 3266 Μαρίας.

453 3279 687 3332 salutem
735 3284 1072 3331 monstraret
1109 3290 1232 3330 esse
1271 3276 1585 3344 qumsitum.
1621 3275 1755 3329 Nam
1786 3285 1838 3330 et
1869 3275 1980 3344 hujt

2189 3278 2309 3331 nos
2340 3280 2448 3348 γὰρ
2479 3280 2544 3333 δι’
2589 3281 2792 3334 ἐκεῖνον
2822 3282 2912 3334 τὸν
2944 3283 3072 3334 ποτὲ
3100 3283 3424 3349 πλασθέντα,
3463 3287 3560 3339 καί
3605 3289 3716 3350 τοὺς

451 3370 649 3442 ipsius,
712 3369 804 3439 qui
871 3368 1032 3424 fictus
1090 3376 1176 3422 est
1221 3366 1529 3437 quondam,
1582 3373 1635 3420 et
1687 3372 1974 3436 posteroru

2186 3371 2230 3422 π’
2286 3371 2449 3427 αὐτοῦ
2502 3372 2960 3443 γεγεννημένους,
3019 3373 3270 3438 θέλοντας
3310 3375 3454 3447 ζωὴν
3512 3376 3713 3432 attitva

453 3464 630 3534 ipsius
662 3476 826 3515 causa
862 3449 1182 3524 descendit;
1214 3474 1403 3514 eorum
1436 3459 1720 3523 duntaxat,
1757 3459 1848 3528 qui
1884 3475 1980 3514 seu

2184 3463 2561 3534 ληρονομῆσαι.
2611 3464 2882 3535 ’Υπερὸὰς
2933 3465 2987 3518 δὲ
3031 3467 3123 3519 τὸν
3169 3466 3360 3538 Ἀδᾲμ,
3407 3468 3577 3538 λέγει,
3620 3469 3711 3525 τοῦ

457 3555 686 3624 pi'terna:
721 3551 844 3605 vita:
875 3550 1250 3606 haereditatem
1281 3550 1497 3620 assequi
1526 3549 1768 3605 student.
1808 3549 2031 3606 Demum
2139 3557 2302 3610 Θεοῦ.

455 3658 581 3696 vero
641 3640 908 3694 Adamutu
963 3654 1183 3710 quoque
1231 3649 1648 3710 praetergressus
1677 3639 1781 3706 ait,
1807 3641 1897 3711 qui
1930 3641 2030 3711 fuit

458 3734 549 3788 Dei
578 3737 616 3786 ⁵.

523 3824 650 3880 Inde
680 3840 843 3896 porro
875 3825 1165 3880 manifesto
1196 3831 1412 3879 constat
1443 3821 1535 3880 Dei
1573 3824 1722 3878 illum
1755 3825 2033 3880 exstitisse

2221 3815 2499 3870 Ἐντεῦθεν
2529 3817 2712 3870 λοιπὸν
2752 3816 2862 3888 (51)
2900 3813 2966 3889 ἦν
3007 3818 3334 3890 φανέρωσις,
3371 3821 3453 3874 ὅτι
3495 3819 3588 3874 τοῦ
3624 3821 3708 3891 μὲν

449 3917 668 3980 Filium,
687 3916 780 3986 qui
805 3931 867 3971 ex
892 3915 1082 3970 Adanti
1112 3914 1319 3970 semine
1339 3915 1655 3968 continuata
1685 3916 1976 3968 suecessim

2182 3908 2270 3962 εοῦ
2293 3905 2361 3980 ἦν
2395 3909 2540 3973 Υἱὸς,
2569 3909 2656 3963 διὰ
2685 3911 2741 3963 δὲ
2772 3909 2865 3964 τοῦ
2900 3910 3210 3982 σπέρματος
3240 3912 3335 3966 τοῦ
3381 3914 3552 3983 Ἀδὰμ
3583 3913 3707 3966 κατὰ

447 4025 616 4064 carne
646 4009 907 4079 praeditus
940 4007 1178 4062 advenit.
1212 4005 1417 4062 Verum
1454 4023 1522 4060 ne
1550 4007 1630 4062 sic
1660 4007 1875 4076 quidem
1902 4022 1974 4061 cm

2179 4002 2386 4073 ιαδοχὴν
2418 4003 2476 4055 ἐν
2513 4003 2672 4073 σαρκὶ
2706 4003 3055 4080 παρεγένετο.
3102 4003 3262 4056 Ἀλλὰ
3301 4005 3402 4056 οὐκ
3437 4004 3594 4072 ἔσχον
3618 4005 3706 4056 τεά-

448 4101 697 4155 ltotnines
745 4107 950 4154 tantam
1002 4099 1178 4152 lucem
1235 4096 1514 4166 percipere
1557 4103 1885 4165 potuerunt;
1937 4112 1975 4151 St

2176 4109 2217 4144 ιν
2242 4092 2518 4162 φωτισμὸν
2533 4095 2581 4145 οἱ
2599 4093 3024 4166 πεπλανημένοι.
3053 4089 3363 4162 Ἀντέλεγον
3385 4094 3442 4147 δὲ
3465 4094 3542 4165 τῷ
3558 4093 3703 4162 λόγῳ,

446 4195 592 4249 ultro
621 4209 649 4246 a
683 4194 914 4248 veritate
945 4192 1282 4249 aberrantes.
1319 4196 1376 4258 et
1410 4203 1647 4244 errorem
1673 4189 1973 4245 aseiscente

2175 4186 2362 4248 ιυτοὺς
2383 4183 2697 4249 πλανῶντες
2721 4186 2862 4256 ὑπὲρ
2890 4187 2988 4258 τὴν
3019 4185 3298 4256 ἀλήθειαν.
3336 4187 3615 4253 Ἐφασκον
3637 4185 3702 4244 δὲ.

445 4285 730 4339 catholica
767 4284 1029 4338 doctrinm
1077 4279 1548 4337 contradicebant.
1597 4278 1686 4334 Sic
1721 4285 1865 4336 enim
1900 4283 1972 4350 oh,

2178 4292 2218 4327 rt
2261 4273 2389 4328 Ἰδοὺ
2426 4275 2606 4346 τρίτον
2651 4275 2978 4343 Εύαγγέλιον
3011 4277 3070 4328 τὸ
3109 4275 3251 4328 κατὰ
3283 4276 3523 4329 Δουκᾶν.
3555 4277 3705 4330 Τοῦτο

445 4373 662 4428 ciebant
711 4391 726 4426 :
777 4373 916 4426 Ecce
953 4373 1183 4427 4ertium
1225 4371 1337 4440 jam
1395 4368 1746 4438 Evangelittm
1804 4386 1833 4424 a
1883 4370 1972 4424 ιω

2179 4368 2248 4439 ἀρ
2275 4367 2558 4439 ἐπετράπη
2586 4365 2663 4436 τῷ
2689 4367 2890 4438 Λουκᾷ,
2919 4367 3030 4422 ὄντι
3056 4369 3148 4421 καὶ
3177 4368 3328 4440 αύτῷ
3347 4369 3466 4440 (52)
3485 4373 3590 4424 ἀπὸ
3615 4371 3705 4422 τῶν

446 4463 838 4532 conscriptum.
885 4461 957 4515 Ea
993 4462 1190 4532 quippe
1230 4459 1507 4531 provincia
1542 4459 1702 4515 Lucae
1739 4461 1973 4514 commis:

2177 4457 2552 4528 [ἐϐδομήκοντα
2583 4455 2676 4510 δύο
2708 4456 2812 4510 τῶν
2843 4457 3376 4530 διασκορπισθέντων
3405 4463 3499 4512 ἐπὶ
3524 4461 3600 4531 τῷ
3626 4462 3704 4514 τοῦ

447 4559 539 4611 ιιιιί
597 4573 663 4611 ex
713 4571 858 4609 t.xxn
899 4555 1209 4623 discipulis,
1266 4569 1404 4624 quos
1449 4553 1650 4608 Christi
1703 4553 1792 4608 ille
1851 4570 1973 4608 sern

2179 4553 2387 4624 ωτῆρος
2427 4553 2600 4623 λόγῳ,
2634 4552 2720 4606 διὰ
2754 4553 2810 4606 δὲ
2845 4553 3057 4608 Παύλου
3087 4554 3180 4607 τοῦ
3214 4553 3372 4622 ἁγίου
3417 4556 3582 4609 πάλιν
3619 4559 3705 4610 ἐπ·

447 4649 763 4712 tt-fssiparat,
795 4661 956 4716 (ιω-ιιι
1006 4646 1204 4700 deinde
1240 4644 1441 4700 Paulus
1486 4645 1767 4716 apostolus
1811 4661 1972 4700 revoc

2182 4644 2552 4715 νακάμψαντος
2587 4645 2722 4716 πρὸς
2749 4646 2839 4698 τὸν
2869 4645 3092 4716 Κύριον,
3126 4645 3528 4716 ἐπιτραπέν-τος
3550 4648 3604 4701 δὲ
3625 4647 3709 4702 αὖ·

520 4812 531 4839 ¹
571 4807 702 4861 Luc.
742 4823 818 4866 ιιι,
853 4808 941 4860 ‘25.
1022 4809 1039 4836 ³
1077 4805 1262 4859 Matth.
1304 4821 1341 4868 ι,
1375 4805 1462 4858 20.
1538 4806 1557 4836 ³
1588 4803 1722 4857 Luc.
1760 4821 1840 4867 ιιι,
1870 4804 1940 4857 2‘5
1975 4820 2047 4874 εψ

938 4849 941 4858 .
1022 4809 1039 4836 ²
1077 4805 1262 4859 Matth.
1304 4821 1341 4868 ι,
1375 4805 1462 4858 20.
1538 4806 1557 4836 ³
1588 4803 1722 4857 Luc.
1760 4821 1840 4867 ιιι,
1870 4804 1940 4857 ‘25
1975 4820 2095 4874 sqq.
2174 4805 2193 4834 ⁸
2219 4804 2348 4858 ibid.
2380 4803 2465 4858 58.

518 4964 734 5035 (50)Διὰ
751 4964 818 5017 τὸ
835 4959 1664 5035 μεμνηστεῦθαιλτρεσόὑτης.
1687 4955 1841 5035 Quod
1873 4956 2019 5015 Jose-

2178 4959 2431 5035 :ripserit.
2487 4958 2605 5035 Sed
2633 4972 2846 5035 contra
2889 4939 3132 5018 sentiunt
3161 4963 3435 5035 plerique,
3474 4975 3528 5018 et
3569 4965 3617 5019 id
3649 4980 3705 5020 ex

441 5029 584 5104 phus
608 5029 884 5104 decrepita
909 5029 1246 5104 'jatn77a:tate
1274 5030 1498 5104 Mariam
1519 5029 1738 5104 (luserit
1762 5037 1916 5104 vetus
1936 5040 2019 5085 est
2127 5029 2260 5098 ipsis
2290 5029 2459 5104 Lucae
2498 5031 2677 5104 verbis
2701 5034 2983 5104 colligunt,
3023 5029 3264 5104 cum'ait
3289 5053 3299 5086 :
3320 5029 3529 5100 *Εδοξε
3557 5036 3708 5104 κάμοὶ

441 5099 645 5176 opinio.
667 5099 1045 5176 Qttotlat7ttetit_
1044 5103 1244 5176 liberos
1260 5116 1334 5176 ex
1362 5102 1542 5176 priore
1571 5099 1754 5168 aliqua
1785 5101 1968 5170 conju;

2178 5101 2630 5176 κρηκολῳθηκότι
2657 5099 2862 5176 ἄνωθεν
2895 5105 3057 5176 πᾶσιν
3088 5103 3332 5176 ἀκριϐῶς
3371 5099 3611 5174 καθεξῆς
3630 5099 3705 5176 ’σοι

442 5170 762 5244 susceperit,
795 5175 895 5229 etsi
928 5172 979 5226 id
1007 5171 1558 5244 EpiphaniuSaliique
1580 5177 1790 5244 veteres
1812 5185 2017 5244 metuo:
2125 5170 2353 5244 γράψαι.
2385 5170 2726 5226 δειιιιιιιιιιιιι
2747 5175 2920 5233 abest.
2941 5184 2998 5227 ut
3023 5175 3136 5227 haec
3157 5170 3497 5244 discipulum
3517 5170 3705 5228 Christi

443 5247 536 5300 ria:
576 5239 934 5313 prodiderint,
1002 5239 1299 5296 reclamant
1340 5239 1522 5296 tamen
1576 5239 1774 5294 merito
1833 5241 2014 5294 czeteri
2123 5239 2316 5306 fuisse,
2368 5258 2430 5296 ae
2492 5259 2596 5298 non
2641 5243 2916 5313 pleraque,
2948 5259 3072 5297 cum
3124 5243 3193 5296 ab
3239 5239 3317 5297 eo'
3365 5247 3701 5313 gererentur,

438 5330 649 5369 omnes.
685 5314 758 5366 De
787 5330 892 5382 qua
930 5331 988 5368 re
1016 5313 1280 5367 Baronius
1319 5313 1371 5366 in
1405 5315 1599 5381 Appar.
1801 5380 1810 5382 7
1999 5381 2007 5382 7
2122 5313 2298 5367 oculis
2328 5328 2624 5382 usurpasse
2657 5322 2872 5382 negent,
2904 5321 2963 5368 ut
2994 5314 3334 5367 contrarium
3377 5316 3567 5382 potius
3595 5316 3704 5367 hinc

512 5383 621 5452 (5t)
672 5380 977 5454 Ἐντεῦθεν
1026 5385 1252 5436 τοίνυν.
1309 5380 1454 5454 11ςιξος
1483 5380 1671 5454 igitur
1700 5380 1865 5454 verba
1930 5381 2021 5454 τού

2184 5383 2248 5436 ici
2290 5380 2478 5454 possit:
2541 5380 2774 5436 Verbum
2807 5387 2952 5438 enim
2988 5380 3422 5454 παρακολουθεῖν
3460 5400 3703 5438 ιιοιιιιιιιι-

439 5455 574 5507 ωεοῦ
641 5453 708 5505 ad
767 5452 952 5506 Jesum
996 5455 1270 5523 pertinere
1319 5452 1547 5508 credidit
1579 5453 1774 5522 Epiph.
1815 5467 1920 5506 non
1953 5453 2018 5507 ad
2125 5468 2288 5523 quam
2323 5453 2388 5506 ad
2425 5468 2541 5525 eam
2595 5454 2842 5525 notitiam
2897 5452 3153 5515 refertur,
3187 5469 3309 5523 quae
3342 5458 3527 5510 oculis
3561 5455 3702 5525 ipsis.

439 5527 730 5594 ΑεῑιιιιιιιιιιΣ
952 5591 964 5594 7
1302 5593 1307 5594 7
1473 5592 1491 5594 _
1572 5592 1590 5594 _
1764 5591 1779 5594 7
2126 5539 2189 5577 ac
2221 5525 2440 5594 propria
2496 5524 2853 5594 intelligentia
2913 5534 3289 5593 comparatur,
3334 5541 3445 5578 non
3485 5524 3704 5579 aliorum

499 5595 622 5666 (52)
659 5591 743 5657 Τῷ
765 5591 990 5660 Λουκᾷ,
1045 5594 1182 5666 errr.
1218 5593 1313 5666 arat
1342 5592 1520 5666 αὐτῷ.
1559 5592 1716 5666 Quth
1763 5591 1937 5666 Lucas
1966 5609 2018 5666 7e

2179 5591 2487 5666 :rt'nonihtts.
2516 5664 2525 5666 _
2560 5593 2772 5666 ULClilll
2835 5591 3100 5666 Detnost.,
3122 5665 3125 5666 7
3149 5596 3213 5666 év7
3241 5595 3320 5664 τῷ
3357 5598 3500 5662 Περὶ
3531 5600 3706 5661 Παρα-

441 5661 835 5735 discipulorum
857 5679 1084 5735 numero
1117 5663 1527 5735 fuerit,_asserit
1553 5661 2016 5735 et_D_orot7heusin
2120 5665 2464 5730 πρεσϐείας,
2497 5664 2562 5718 de
2589 5663 2868 5721 Aischine.
2913 5665 3074 5733 cujus
3119 5665 3182 5735 in
3208 5661 3486 5733 legatione
3533 5680 3702 5719 comes

440 5731 688 5806 .Syaopsi,
717 5736 964 5806 quamvis
988 5735 1038 5792 id
1071 5734 1246 5802 ipsum
1273 5733 1338 5787 ab
1365 5748 1428 5788 eo
1454 5732 1636 5803 negari
1673 5731 1967 5788 Maldonatt

2167 5743 2328 5800 terat,
2383 5736 2462 5788 sic
2518 5735 2754 5804 luq'titnr
2789 5752 2800 5788 :
2841 5736 2948 5798 Kal
2986 5731 3032 5788 ⁷ὀ
3092 5731 3287 5788 τούτου
3324 5737 3694 5808 πονηρεύματα
