3866 6068
231 273 338 332 909

918 271 1235 329 ADVERSU
1248 271 1293 349 St
1325 270 1673 329 HERESES
1707 270 1815 326 LIB

1928 310 1940 323 .
1984 267 2148 324 ΤΟΜ.
2188 268 2209 324 1
2248 298 2320 311 —
2356 266 2631 323 HAZRES.
2675 268 2759 325 LI.

3403 269 3510 327 ςιιο

234 388 324 443 τοῦ
347 386 582 462 κηρύξαι
604 387 664 442 τὸ
684 386 1035 456 Εὑαγγὲλιον·
1060 387 1154 441 καὶ
1178 386 1436 459 κηρύττει
1468 387 1683 461 πρῶτον
1701 385 1811 457 (55)

1924 383 2012 437 vit.
2075 381 2214 436 Illuc
2258 381 2425 453 igitur
2469 380 2802 452 praedicandi
2859 381 3133 451 Evangelii
3178 399 3379 441 munus
3423 389 3508 442 est

231 483 288 534 ὲν
311 481 614 553 Δαλματίᾳ,
645 481 739 534 καὶ
766 479 987 549 Γαλλίᾳ,
1019 479 1114 532 καὶ
1144 479 1203 533 ὲν
1242 479 1462 552 Ἰταλίᾳ,
1500 480 1595 535 καὶ
1628 480 1815 534 Μακε-

229 573 398 644 δονίᾳ.
443 572 610 645 Ἀρχὴ
640 572 697 625 δὲ
722 575 780 626 ὲν
808 574 874 641 τῇ
906 569 1125 641 Γαλλίᾳσ
1161 571 1238 634 ὼς
1266 570 1361 623 καὶ
1380 569 1507 641 περί
1529 586 1688 624 τινων
1706 566 1814 621 τῶν

228 664 397 719 αὐτοῦ
428 665 736 732 ἀκολούθων
776 665 922 735 λέγει
953 667 1010 719 ὲν
1047 666 1166 727 ταῖς
1202 661 1368 716 αὑτοῦ
1418 660 1754 723 Ἐπιστολαῖς
1787 661 1816 713 ὁ

228 755 395 819 αὐτὸς
424 756 655 821 Παῦλος·
689 758 979 826 Κρίσκης,
1010 754 1198 826 φησιν,
1228 755 1298 807 ἐν
1330 753 1402 823 τῇ
1428 753 1662 819 Γαλλίᾳ
1679 751 1811 820 (54)·

230 847 307 899 Ού
342 844 452 919 γὰρ
486 848 543 900 ὲν
570 849 637 918 τῇ
670 846 929 919 Γαλατίᾳ,
965 845 1041 910 ὥς
1079 862 1226 910 τινες
1265 843 1630 915 πλανηθέντες
1663 843 1816 914 νομί-

231 939 439 1003 ζουσιν,
462 940 598 993 ἀλλὰ
630 942 687 993 ὲν
713 942 782 1011 τῇ
818 939 1036 1011 Γαλλίᾳ.

306 1031 408 1084 ιΒ’.
439 1030 587 1101 Πλὴν
620 1030 714 1082 ἐπὶ
741 1029 800 1083 τὸ
836 1028 1195 1100 προκείμενον
1223 1027 1533 1097 ἐλεύσομαι.
1573 1025 1816 1095 Ἀνενέγ-

235 1141 432 1187 καντος
455 1123 564 1194 γὰρ
588 1120 680 1175 τοῦ
706 1122 890 1175 Λουκᾶ
911 1121 1010 1183 τὰς
1027 1120 1380 1189 γενεαλογίας
1403 1118 1513 1172 ἀπὸ
1535 1117 1643 1171 τῶν
1668 1117 1817 1171 κάτω

234 1215 327 1268 ἐπὶ
357 1213 426 1266 τὰ
457 1213 587 1277 ἄνω,
622 1212 716 1266 καὶ
749 1210 1054 1281 φθάσαντος
1091 1211 1189 1275 τὴν
1223 1209 1459 1281 ἔμφασιν
1491 1206 1815 1279 ποιήσασθαι

228 1307 328 1377 τῆς
363 1305 569 1359 ἄνωθεν
596 1304 689 1357 τοῦ
713 1302 849 1357 Θεοῦ
878 1303 1051 1372 Λόγου
1076 1302 1399 1374 παρουσίας,
1430 1298 1567 1370 ὁμοῦ
1598 1316 1655 1353 τε
1686 1315 1814 1352 συν-

229 1393 496 1462 αφθέντος
528 1394 594 1463 τῇ
633 1392 884 1463 ὲνσάρκῳ
921 1389 1086 1445 αὐτοῦ
1115 1389 1416 1461 οἰκονομίᾳ,
1458 1389 1548 1442 ἵνα
1583 1387 1817 1458 ἀποτρέ-

226 1485 396 1556 ψηται
440 1484 550 1538 ἀπὸ
581 1483 689 1536 τῶν
724 1482 1154 1553 πεπλανημένων
1192 1481 1291 1553 τὴν
1328 1480 1559 1549 πλάνην,
1591 1481 1693 1534 οὐκ
1732 1480 1818 1533 ὲν-

227 1574 480 1645 ενὸησαν.
509 1572 600 1626 Διὸ
628 1572 852 1645 ὕστερον
883 1571 1184 1640 ἀναγκάζει
1212 1572 1274 1627 τὸ
1302 1573 1455 1642 ἆγιον
1476 1571 1702 1642 Πνεῦμα
1723 1571 1815 1625 τὸν

240 1666 496 1735 Ἰωάννην
540 1663 978 1736 παραιτούμενον
1029 1663 1487 1733 εὐαγγελίσασθαι
1533 1663 1597 1716 δι’
1652 1661 1812 1715 εὐλά-

1918 475 2218 542 crcditum;
2255 474 2419 545 idque
2443 474 2560 545 ipse
2604 475 2840 544 primum
2894 476 2946 529 in
2980 475 3270 543 Dalmatia,
3311 476 3507 540 Gallia,

1918 565 2070 621 italia
2110 577 2164 622 et
2213 564 2529 620 Macedonia
2581 565 2875 635 praestitit;
2926 566 3021 621 sed
3077 568 3131 623 in
3175 568 3353 623 Gallia
3399 585 3511 639 prae

1917 659 2170 725 caeteris;
2206 665 2263 713 ut
2296 658 2363 714 de
2405 658 2684 713 nonnullis
2730 658 3027 715 comitibus
3066 659 3182 716 suis
3222 659 3427 716 Paulus
3455 663 3509 716 in

1918 749 2178 822 Epistolis
2235 757 2513 805 testatur:
2557 748 2847 815 Crescens,
2899 751 3110 822 inquit,
3155 754 3210 807 in
3261 752 3438 808 Gallia
3467 755 3508 808 ί.

1916 842 2034 898 Non
2068 843 2212 898 enim
2248 842 2303 896 in
2337 839 2547 896 Galatia
2578 842 2864 913 legendum
2906 852 3025 909 est,
3076 854 3134 899 ut
3183 846 3511 916 quibusdam

1917 934 2196 990 immerito
2233 934 2458 1005 placuit,
2495 933 2589 989 sed
2624 933 2680 987 in
2716 931 2911 988 Gallia.

1989 1027 2103 1084 XII.
2139 1027 2246 1083 Sed
2290 1035 2352 1082 ut
2398 1027 2465 1082 ad
2505 1026 2816 1082 institutum
2856 1025 3074 1083 redeam
3107 1048 3120 1082 :
3158 1044 3283 1084 cum
3334 1028 3512 1084 Lucas

1918 1118 1987 1173 ab
2035 1116 2393 1174 inferioribus
2442 1118 2508 1172 ad
2565 1119 2852 1186 superiora
2898 1120 3280 1190 generationes
3321 1122 3519 1192 perdu<

1917 1211 2109 1272 xisset,
2160 1223 2226 1264 ac
2270 1209 2514 1265 divinum
2548 1207 2788 1265 Verbum
2820 1224 2851 1265 e
2885 1210 3024 1264 coelo
3063 1210 3348 1282 delapsum
3389 1227 3514 1268 esse

1918 1300 2321 1372 signiﬁcasset;
2372 1302 2649 1373 simulque
2692 1313 2961 1372 susceptae
2997 1301 3183 1357 carnis
3223 1303 3293 1358 ab
3320 1304 3513 1359 eodem

1918 1393 2237 1465 mysterium
2281 1394 2580 1464 attigisset,
2613 1402 2673 1448 ut
2710 1408 2886 1449 cmcos
2928 1393 3179 1450 homines
3217 1394 3286 1448 ab
3328 1409 3515 1449 errore

1916 1492 2217 1550 revocaret,
2253 1485 2360 1541 hoc
2401 1485 2478 1539 illi
2525 1491 2708 1540 tamen
2749 1480 2968 1554 assequi
3017 1484 3400 1554 nequiverunt.
3431 1483 3513 1540 Ob

1925 1575 1977 1629 id
2013 1575 2212 1632 deinde
2247 1574 2488 1647 Spiritus
2517 1582 2742 1632 sanctus
2768 1574 3058 1640 Joannem,
3088 1576 3320 1631 invitum
3344 1562 3510 1643 licet,

1917 1681 1981 1721 ac
2022 1666 2283 1737 religione
2312 1665 2551 1736 quadam
2606 1674 2661 1721 et
2715 1666 2886 1720 animi
2939 1666 3313 1723 moderatione
3364 1668 3513 1741 defu-

224 1758 380 1810 ϐειαν
421 1757 515 1809 κα)⁸
558 1754 1058 1827 ταπεινοφροσύνην
1101 1756 1193 1808 ἐπὶ
1233 1756 1300 1825 τῇ
1355 1752 1601 1825 γηραλέᾳ
1648 1751 1815 1806 αὐτοῦ

1924 1757 2179 1828 gientem,
2212 1757 2278 1811 ad
2311 1757 2666 1813 scribendum
2697 1755 3054 1827 Evangelium
3086 1760 3319 1830 impulit,
3350 1760 3518 1834 434

225 1848 437 1920 ἡλικίᾳ,
472 1846 611 1919 μετὰ
634 1846 730 1919 ἐτη
763 1848 1089 1919 ἐνενήκοντα
1116 1847 1214 1917 τῆς
1239 1843 1434 1899 ἑαυτοῦ
1470 1844 1637 1913 ζωῆς,
1677 1842 1815 1915 μετὰ

221 1941 326 2012 τὴν
366 1938 534 1993 αὑτοῦ
577 1939 686 1992 ἀπὸ
716 1941 815 2011 τῆς
854 1941 1076 2010 Πάτμου
1105 1938 1219 2009 (55)
1266 1935 1543 2000 ἐπάνοδον,
1590 1935 1689 2006 τὴν
1722 1933 1817 1987 ἐπὶ

130 2040 136 2045 ’
224 2031 500 2086 Κλαυδίου
533 2030 831 2102 γενομένην
865 2030 1161 2102 Καίσαρος.
1198 2029 1306 2083 Καὶ
1348 2026 1486 2098 μετὰ
1520 2028 1681 2081 ἱκανὰ
1721 2024 1815 2096 ἔτη

219 2120 317 2175 τοῦ
348 2120 629 2192 διατρίψαι
664 2121 826 2174 αὐτὸν
855 2119 963 2197 ᾶπδ
988 2119 1085 2190 τῆς
1127 2117 1310 2182 Ἀσίας
1332 2116 1699 2185 ἀναγκάζεται
1720 2116 1814 2168 ὲκ-

225 2212 419 2267 θέσθαι
459 2211 520 2265 τὸ
552 2211 905 2280 Εὑαγγέλιον.
944 2210 1054 2263 Καὶ
1085 2209 1185 2262 οὐκ
1213 2204 1281 2281 ἦν
1313 2207 1464 2279 αὐτῷ
1498 2207 1658 2279 χρεία
1688 2208 1817 2278 περὶ

224 2305 327 2376 τῆς
379 2304 649 2376 ἐνσάρκου
696 2302 1077 2374 πραγματείας
1129 2300 1492 2369 λεπτολογεῖνο
1546 2292 1649 2371 ⁷ήδη
1707 2300 1817 2371 γὰρ

225 2397 553 2468 ὴσφάλιστο.
598 2395 759 2450 Ἀλλὰ
783 2395 859 2459 ὡς
885 2394 1113 2448 κατόπιν
1133 2391 1296 2448 τινῶν
1320 2392 1539 2464 βαίνων,
1564 2392 1655 2445 καὶ
1675 2391 1818 2464 ὁρῶν

224 2490 425 2552 αὐτοὺς
467 2489 561 2542 ἐπὶ
597 2488 665 2542 τὰ
709 2487 1017 2559 ἔμπροσθεν
1053 2487 1232 2551 ὄντας,
1276 2486 1370 2540 καὶ
1397 2485 1492 2539 ἐπὶ
1520 2484 1587 2539 τὰ
1613 2483 1819 2557 τραχύ-

224 2599 365 2654 τερα
398 2581 625 2645 ἑαυτοὺς
650 2580 1016 2643 ἐκδεδωκότας
1076 2580 1172 2633 καὶ
1201 2579 1410 2644 πλάνας
1442 2579 1534 2632 καὶ
1572 2575 1819 2632 ἀκανθώ-

221 2672 314 2743 δη,
349 2671 792 2726 ἀνακαλέσασθαι
822 2656 1020 2734 αὐτοὺς
1045 2671 1124 2734 εἰς
1153 2668 1366 2733 εὐθεῖαν
1390 2669 1507 2723 ὁδὸν
1530 2668 1820 2741 προνοοῦν-

220 2781 340 2831 τος,
390 2763 484 2818 atad.
531 2762 966 2835 ἀσφαλιζομένου
1024 2761 1560 2834 ἐπικηρυκεύσασθαι
1611 2762 1814 2826 αὐτοῖς’

224 2856 323 2908 καὶ
356 2849 499 2908 εἴπεο
533 2854 599 2907 Τί
630 2853 901 2907 πλανᾶσθε
922 2871 936 2917 ;
960 2854 1368 2926 ποίτρέπεσθες
1397 2854 1491 2907 ποῖ
1519 2851 1815 2918 πλανᾶσθε,

222 2946 496 3019 Κήρινθε,
525 2946 620 3001 καὶ
659 2946 872 3014 Ἑὸίων,
898 2947 991 3001 καὶ
1017 2948 1067 3000 οἱ
1102 2947 1281 3011 dum;
1310 2947 1423 3001 Οὐκ
1452 2945 1599 2999 ἐστιν
1623 2943 1816 3009 οὕτως,

223 3039 307 3103 ὡς
344 3039 613 3109 νομίζετε.
656 3038 764 3091 Ναὶ
803 3038 1067 3111 ἐγεννήθη
1098 3040 1126 3091 ό
1161 3039 1397 3112 Χριστὸς
1436 3037 1576 3092 κατὰ
1616 3037 1817 3110 σάρκα,

1920 1849 2113 1903 atl‘reta
2152 1849 2265 1920 jam
2313 1855 2495 1916 aetate,
2548 1855 2737 1918 utpote
2788 1848 2882 1919 qui
2932 1849 3046 1919 jam
3097 1853 3516 1923 nonagesimum

1918 1952 2122 1992 annum
2172 1937 2493 2002 excederet,
2547 1933 2838 2006 postquam
2878 1952 2908 1992 a
2963 1935 3155 1993 Patmo
3203 1939 3383 1995 insula
3437 1955 3516 1996 re-

1922 2045 2110 2085 versus
2139 2036 2243 2095 est,
2292 2029 2439 2100 quod
2466 2028 2687 2100 quidem
2725 2028 2952 2083 Claudio
3004 2029 3306 2099 imperante
3345 2032 3519 2086 conti-

1916 2121 2015 2193 git.
2047 2120 2414 2189 Quamobrem
2448 2137 2572 2178 cum
2615 2121 2816 2176 multos
2848 2121 2960 2191 jam
3002 2135 3180 2180 annos
3220 2126 3517 2183 mansisset

1919 2214 1973 2267 in
2005 2212 2156 2277 Asia,
2195 2212 2546 2284 Evangelium
2588 2212 2830 2269 scribere
2869 2222 3097 2269 coactus
3139 2224 3245 2271 est.
3297 2217 3355 2271 ln
3405 2233 3515 2288 quo

1918 2303 2053 2358 nihil
2090 2318 2230 2374 opus
2267 2304 2455 2360 habuit
2506 2305 2821 2361 accuratius
2866 2320 2931 2361 ea
2977 2299 3264 2365 mandare
3291 2308 3514 2372 litteris.

1918 2402 2049 2471 quas
2075 2395 2350 2461 Christus,
2381 2404 2653 2466 quatenus
2696 2411 2865 2455 carne
2910 2409 3031 2455 erat
3090 2398 3375 2469 praeditus,
3405 2401 3517 2456 edi-

1917 2486 2108 2543 disset.
2150 2484 2277 2542 Haec
2322 2486 2468 2543 enim
2514 2487 2755 2543 stabilita
2788 2488 2904 2559 jam
2945 2504 3011 2545 ac
3058 2490 3355 2546 constituta
3405 2490 3551 2566 ἤιε-ο

1919 2585 2064 2632 rant.
2103 2575 2210 2633 Sed
2240 2576 2464 2648 perinde
2487 2579 2618 2650 egit,
2651 2594 2718 2635 ac
2752 2580 2797 2636 si
2842 2588 2968 2652 post
3012 2580 3150 2637 alios
3188 2581 3515 2649 ambularet,

1918 2685 2059 2742 quos
2087 2680 2142 2726 et
2169 2671 2554 2729 antecedentes
2581 2681 2853 2740 cerneret,
2886 2682 2941 2730 et
2969 2689 3067 2746 per
3094 2674 3421 2747 confragosa
3450 2690 3514 2732 ac

1919 2764 2093 2833 epinis
2127 2763 2308 2820 obsita
2338 2764 2478 2829 loca,
2515 2772 2568 2820 et
2594 2766 2916 2822 diverticula
2945 2765 3256 2838 gradientes
3289 2768 3345 2822 in
3371 2768 3514 2822 viam

1919 2849 2180 2913 revocare
2235 2867 2479 2929 cuperet,
2521 2866 2575 2914 et
2621 2860 2676 2913 in
2724 2867 2901 2913 tutum
2940 2860 3225 2923 reducere,
3280 2861 3356 2915 ita
3407 2861 3515 2916 illis

1912 2947 2254 3003 denuntians
2310 2955 2364 3004 et
2417 2950 2950 3017 exclamansaQuid
2989 2951 3222 3007 erratis?
3263 2967 3375 3022 quo
3419 2968 3516 3007 vos

1924 3038 2288 3095 convenitis?
2325 3055 2464 3110 quos
2515 3041 2799 3096 anfractus
2830 3041 3099 3112 qua-ritis,
3143 3049 3202 3098 tu
3237 3042 3515 3110 Cerinthe,

222 3133 409 3204 δῆλον.
454 3131 585 3185 Ἰδοὺ
614 3130 722 3202 γὰρ
750 3129 913 3194 αὐτὸς
941 3129 1210 3201 ὁμολογῶ,
1242 3131 1324 3184 ὅτι
1367 3130 1421 3182 Ὁ
1444 3130 1635 3200 Λόγος
1664 3127 1817 3198 σὰρξ

1928 3138 1985 3186 ιιι
2018 3130 2242 3198 Marcio,
2279 3147 2486 3202 vosque
2520 3135 2735 3189 caeteri?
2774 3133 2892 3189 Non
2926 3136 2999 3190 ita
3033 3151 3095 3192 se
3124 3152 3213 3193 res
3246 3137 3430 3202 habet,
3461 3146 3513 3192 ut

223 3223 488 3296 ἐγένετο.
535 3223 693 3277 Ἀλλὰ
721 3222 814 3294 μὴ,
841 3222 991 3288 ἐξότε
1013 3223 1233 3292 ἐγένετο
1261 3223 1417 3295 σὰρξ,
1447 3224 1706 3302 νομίσητε
1732 3223 1817 3277 τὸν

1925 3223 2171 3279 creditis.
2201 3222 2455 3279 Christus
2489 3224 2708 3295 quidem
2756 3228 3058 3283 secundum
3091 3243 3313 3284 carnem
3355 3238 3515 3287 natus

224 3315 393 3371 αὐτὸν
421 3310 583 3370 εἴναι.
612 3316 726 3370 Ούκ
747 3314 862 3368 ἔστι
890 3314 1001 3386 γὰρ
1029 3314 1138 3369 ἀπὸ
1159 3315 1367 3386 χρόνων
1391 3314 1611 3388 Μαρίας
1636 3315 1817 3386 μόνον,

1926 3322 2030 3377 est,
2060 3330 2238 3385 neque
2273 3315 2378 3371 hoc
2409 3316 2706 3373 obscurum
2745 3327 2849 3375 est.
2887 3318 3041 3377 Ultro
3078 3321 3129 3376 id
3160 3336 3263 3393 ego
3301 3322 3514 3378 fateor:

226 3410 307 3473 ὡς
332 3409 566 3471 ἕκαστος
596 3407 755 3479 ἡμῶν
782 3407 877 3477 ἀφ’
897 3407 1021 3460 ὅτου
1048 3407 1302 3476 γεννᾶται
1328 3406 1585 3479 ὑπάρχει·
1612 3407 1742 3478 πρὶν
1765 3405 1817 3459 δὲ

1937 3405 2185 3473 Verbum,
2232 3406 2478 3477 inquam,
2513 3424 2640 3464 caro
2690 3408 2889 3479 factum
2934 3420 3011 3465 est
3042 3412 3083 3464 ¹.
3116 3409 3315 3466 Verum
3350 3427 3421 3467 ne
3450 3412 3521 3467 ab

223 3500 324 3556 τοῦ
350 3499 699 3572 γεννηθῆναι,
729 3499 829 3553 οὐκ
857 3494 1020 3552 εἶναι.

1927 3512 1993 3553 eo
2022 3498 2199 3554 solum
2231 3488 2477 3570 tempore
2525 3516 2634 3571 quo
2686 3516 2817 3558 caro
2869 3501 3070 3559 factum
3115 3514 3219 3571 est,
3266 3505 3522 3561 eumdem

228 3594 405 3649 fuisse
470 3599 731 3663 putatote.
790 3590 974 3662 Neque
1031 3590 1177 3646 enim
1239 3605 1269 3644 a
1334 3589 1517 3645 Mariae
1570 3598 1814 3662 tempore
1849 3590 2114 3646 duntaxat
2169 3593 2419 3661 exstitit;
2484 3594 2943 3665 quemadmodum
3009 3598 3519 3668 quilibetuostrum

312 3783 374 3835 '0
419 3781 473 3834 δὲ
514 3781 669 3850 ἂγιος
697 3780 826 3845 Θεὸς
870 3780 1064 3849 Λόγος,
1093 3779 1223 3843 Υἱὸς
1252 3778 1345 3832 τοῦ
1387 3778 1545 3846 Θεοῦ,
1587 3779 1824 3850 Χριστὸς

226 3870 440 3944 Κύριος
469 3870 628 3942 ἡμῶν
666 3869 892 3943 Ἰησοῦς,
928 3871 1028 3923 οὐκ
1061 3867 1209 3922 ἔστιν
1239 3867 1348 3922 ἀπὸ
1368 3867 1577 3939 χρόνων
1602 3868 1823 3937 Μαρίας

230 3965 396 4036 μόνον
473 3961 597 4016 οὕτε
645 3962 755 4016 ἀπὸ
786 3964 993 4036 χρόνων
1052 3962 1250 4034 Ἰωσὴφ
1285 3961 1465 4031 μόνον,
1513 3959 1637 4013 οὕτε
1683 3959 1822 4025 Ἠλὶ,

226 4054 359 4110 ούτε
393 4053 546 4120 Λευῒ,
577 4052 700 4108 οὔτε
727 4053 1052 4126 Ζοροόάὸελ,
1083 4052 1207 4107 οὔτε
1237 4050 1528 4123 Σαλαθιὴλ,
1563 4050 1686 4105 οὔτε
1711 4051 1825 4123 Nai:

307 4211 323 4242 ⁸
354 4208 399 4263 ll
428 4207 571 4264 Tim.
603 4223 678 4276 Iv,
718 4206 805 4262 ll).
878 4209 899 4240 ¹
928 4178 1086 4262 Joan.
1123 4224 1161 4271 ι,
1192 4207 1278 4262 14.

226 4365 411 4430 εἰδὼς,
435 4437 447 4438 7
471 4367 567 4422 καί
620 4364 1122 4438 παρηκολουθηκὼς
1157 4365 1332 4438 ἅπασι
1381 4364 1695 4438 κατηγορῶ.
1729 4363 1823 4420 Sic

227 4437 607 4511 igiturLucas
639 4436 845 4511 ἄνωθεν
886 4436 1426 4511 παρήηκολουθηκέναι
1459 4436 1625 4490 πᾶσιν
1664 4438 1825 4508 ἀκρι-

271 4507 351 4572 ὦς
398 4510 624 4574 dicitur,
679 4508 784 4561 hoc.
833 4516 917 4563 est
950 4507 1268 4578 comperta,
1295 4507 1709 4578 explorataque,
1744 4507 1821 4560 ac

230 4587 483 4648 spectata
518 4579 681 4633 etiam
724 4579 1001 4635 habuisse.
1042 4579 1122 4633 Ac
1150 4579 1325 4634 videri
1360 4585 1562 4649 potest,
1598 4586 1654 4634 et
1684 4591 1822 4631 non-

229 4649 388 4704 nulla
419 4650 504 4704 hic
539 4648 831 4705 antithesis
877 4665 1020 4713 esse,
1055 4656 1114 4703 ut
1157 4664 1282 4704 cum
1315 4648 1599 4713 superiore
1655 4662 1819 4703 versu

227 4720 437 4802 dixerit
463 4736 477 4772 :
506 4719 957 4802 Quandoquidem
998 4721 1161 4802 multi
1186 4735 1277 4775 res
1307 4734 1336 4772 a
1362 4719 1584 4802 Christo
1614 4725 1821 4802 gestas

224 4791 479 4862 scribere
530 4789 773 4862 aggressi
833 4799 983 4854 sunt,
1030 4789 1231 4862 καθὼςΔ
1257 4789 1564 4862 παρέδοσαν
1604 4791 1740 4862 ἡμίν
1770 4789 1819 4841 οἱ

221 4859 327 4933 ᾁπ*
355 4861 550 4933 άρχῆςς
573 4859 766 4916 statim
784 4862 1038 4931 subjiciat
1065 4859 1273 4933 ῖἜδοξε
1290 4859 1458 4931 κάμοι
1479 4859 1822 4933 παρηκολου-

223 4930 449 5004 θηκότι,
476 4930 581 4986 hoc
620 4938 727 5004 est.
756 4934 859 5004 Aqui
900 4948 1046 5004 non,
1079 4939 1138 4985 ut
1169 4932 1268 4993 illi,
1329 4930 1411 5004 es;
1443 4930 1817 5004 παραδόσεως,

222 5002 329 5058 sed
360 5018 429 5056 ex
461 5002 684 5073 propria
717 5001 794 5056 id’
832 5002 1061 5059 scientia
1112 5002 1496 5073 compererim.
1526 5001 1819 5073 Caeterum

220 5070 710 5128 tametsi'ad'enm
742 5088 909 5128 sensu
934 5091 964 5125 ιι
1011 5070 1413 5126 accommodari
1455 5072 1618 5127 Lucas
1658 5070 1818 5125 verba

221 5143 680 5213 nihil‘probibet,
722 5159 830 5198 non
869 5142 1077 5203 idcirco
1111 5151 1290 5196 tamen
1331 5142 1537 5197 Christi
1573 5142 1820 5213 discipu-

221 5213 346 5267 lum
378 5210 551 5270 fuisse
576 5222 728 5269 certo
774 5215 1129 5283 pronuntiare
1159 5214 1358 5283 ausim,
1393 5227 1519 5267 cum
1556 5212 1684 5267 huic
1716 5210 1818 5283 ad:

221 5285 442 5354 versari
467 5285 754 5341 sententiae
776 5280 946 5354 longe
985 5284 1168 5354 plures
1211 5281 1316 5337 PP.
1350 5283 1674 5353 intelligam.
1710 5280 1816 5354 Sed

218 5353 339 5409 ista
374 5354 823 5420 commemoravi,
857 5352 915 5407 ut
948 5352 1016 5408 ne
1056 5352 1218 5408 Lucae
1244 5353 1350 5423 ipsi
1396 5354 1464 5408 de
1498 5352 1558 5408 se
1591 5353 1816 5407 testanti

222 5423 503 5494 refragari
527 5424 820 5494 quisquam
854 5423 1213 5494 Epiphanium
1248 5422 1567 5494 arbitretur.

303 5491 421 5567 (33)
441 5491 560 5549 Kal
580 5491 854 5567 κηρύττει
885 5491 1142 5567 ᾇτρὥτον.
1173 5491 1453 5567 Ιιιιθοιιιίιι
1479 5491 1818 5567 Galliaprazf

220 5562 713 5651 ἀίεέθεέενηηιεξμίεγ
745 5564 1143 5651 ξιξφειεβςίὲηετ
1171 5562 1813 5651 ρςειίὶίςέίιιθξειὲεηβιξφῒ

219 5637 355 5706 scio
387 5651 454 5690 an
477 5634 709 5706 Galliam
743 5633 1077 5705 Cisalpinam
1110 5633 1397 5706 intelligat,
1435 5648 1532 5706 per
1556 5647 1721 5703 quam
1758 5635 1813 5688 in

218 5705 580 5769 Dalmatiam,
606 5702 978 5775 Graeciamque
1002 5702 1361 5759 contenderit.

1854 4404 1901 4464 υ
1928 4404 2688 4508 ΓαὶῖἷέιᾶἶἮΞὲιἿξῖιιξὲνέἔς⁹
2715 4404 3003 4492 Folia-2551;.

130 3690 137 3691 ’
227 3693 345 3741 tum
379 3701 504 3741 cum
538 3694 699 3741 natus
725 3692 830 3749 est,
861 3700 984 3741 esse
1026 3684 1228 3753 coepit;
1270 3699 1373 3740 nec
1408 3692 1698 3755 antequam
1730 3692 2049 3740 nasceretur
2081 3683 2191 3737 ullo
2224 3685 2387 3739 modo
2427 3684 2548 3739 fuit.

1908 3834 1913 3839 ,
1993 3779 2063 3832 At
2119 3790 2510 3835 sacrosanctus
2565 3780 2708 3837 Deus
2765 3781 3027 3849 Verbum,
3079 3798 3143 3837 ac
3196 3782 3289 3838 Dei
3322 3783 3512 3841 Filius.

1919 3869 2172 3925 Christus
2196 3868 2357 3927 Iesus
2386 3870 2651 3927 Dominus
2676 3881 2889 3938 noster,
2930 3889 3038 3928 non
3064 3889 3093 3927 a
3124 3873 3308 3929 Mariae
3338 3877 3516 3932 solum

1921 3968 2166 4031 tempore
2192 3976 2315 4016 esse
2347 3963 2533 4034 coepit,
2561 3978 2739 4034 neque
2761 3962 2987 4035 Joseph,
3016 3965 3097 4019 vel
3128 3963 3231 4028 Eli,
3256 3966 3338 4019 vel
3362 3964 3514 4031 Levi,

1923 4053 2006 4107 vel
2032 4051 2357 4124 Zorobahel,
2393 4055 2476 4110 vel
2503 4052 2783 4121 Salatbiel,
2814 4055 2899 4110 vel
2933 4054 3170 4121 Nathan,
3200 4055 3281 4111 vel
3308 4054 3515 4125 David;

2002 4365 2115 4438 (54)
2143 4368 2433 4438 Κρίσκης,
2465 4366 2688 4436 φησιν,
2740 4367 2811 4421 ἐν
2868 4365 2944 4436 τῇ
2980 4366 3236 4436 Γαλλίᾳ.
3280 4366 3397 4422 lmo
3436 4370 3516 4434 εἰς

2002 4437 2177 4492 λλίαν.
2206 4436 2341 4492 Nam
2381 4439 2544 4505 vulgo
2590 4439 2670 4502 εἰς
2715 4437 3003 4492 Γαλατίαν.
3048 4437 3181 4505 Qua:
3226 4448 3310 4494 est
3360 4449 3516 4495 vetu-

3101 4452 3181 4492 ua:
3226 4448 3310 4494 est
3360 4449 3519 4495 vetu-

1925 4508 2169 4578 stissima
2226 4516 2281 4563 et
2324 4507 2636 4564 certiSsima
2708 4509 2891 4569 lectio.
2954 4508 3225 4578 quidquid
3286 4507 3518 4564 allirmet

1926 4576 2282 4648 Epiphanius.
2341 4578 2514 4644 Quam
2551 4585 2604 4633 et
2649 4580 2921 4635 Eusebius
2974 4576 3020 4633 Ἰ.
3064 4576 3124 4633 ni
3178 4578 3348 4644 Ilist.,
3384 4580 3514 4642 c.4,

1927 4593 2282 4701 eripuamus.
2341 4593 2514 4644 uuam
2551 4593 2604 4633 et
2650 4593 2921 4635 musculus
2984 4593 3020 4633 l.
3064 4595 3122 4633 ιιι
3178 4593 3348 4644 ιιιδι.,
3384 4593 3514 4642 (2.4,

1923 4649 2236 4720 Cirysost.,
2275 4649 2620 4712 Ambrosius,
2665 4649 3065 4713 Theodoretus,
3123 4664 3187 4704 ac
3230 4648 3428 4712 Graeci,
3462 4660 3518 4705 et

1923 4718 2104 4791 Latini
2168 4735 2369 4791 omnes
2414 4728 2744 4791 agnoscunt.
2775 4719 3100 4791 Quanquam
3147 4736 3257 4775 non
3288 4720 3513 4783 desunt;

1922 4789 2016 4859 qui
2040 4805 2150 4862 per
2171 4789 2614 4862 Palactav'apud
2648 4790 2877 4846 Paulum
2917 4789 3149 4862 Galliam
3187 4792 3512 4862 intelligant,

1925 4858 1984 4913 ut
2038 4858 2437 4917 Theodoretus.
2497 4860 2850 4916 Cresrcttlcm
2908 4876 3039 4916 vero
3113 4858 3415 4915 Galliarum
3461 4872 3516 4916 et

1922 4928 2171 5004 Galatiae
2202 4932 2761 5004 pariter__apostolum
2806 4933 2998 4993 fuisse.
3037 4931 3153 4985 Ado
3175 4933 3248 5004 _in
3278 4930 3507 5004 Mar-lyr.

1922 5018 1954 5055 v
1991 5000 2111 5057 Kal.
2144 4999 2254 5057 Jul.
2315 5003 2368 5057 in
2400 4999 2661 5057 Chronico
2691 5009 2944 5062 testatur,
2976 5010 3034 5054 ut
3075 5008 3129 5056 et
3173 4999 3335 5055 Rom.
3370 4999 3517 5055 Mar-

1922 5079 2029 5139 tyr.
2056 5088 2279 5128 novum.
2314 5071 2485 5128 Vetus
2507 5072 2654 5126 enim
2687 5072 2915 5127 Galatiae
2943 5070 3212 5125 duntaxat
3240 5072 3510 5128 meminit.

1921 5143 1988 5197 Et
2006 5152 2168 5213 certe
2191 5143 2427 5198 dubitari
2452 5150 2650 5213 potest,
2681 5152 2862 5197 utrum
2896 5157 3004 5213 non
3030 5140 3191 5195 modo
3218 5139 3511 5213 Crescens,

1922 5212 2018 5284 sed
2071 5215 2157 5268 vel
2218 5213 2361 5268 alius
2405 5210 2697 5284 quisquam
2756 5228 2852 5283 per
2904 5212 2997 5266 illa
3027 5218 3276 5283 tempora
3313 5210 3513 5269 Galliis

1921 5282 2202 5353 Evangelii
2229 5286 2403 5353 lucem
2428 5282 2770 5353 importarit.

1990 5351 2099 5423 (55)
2127 5352 2290 5425 Μετὰ
2309 5351 2427 5422 τὴν
2456 5351 2642 5425 αὑτοῦ
2671 5352 2788 5425 ἀίτὸ
2827 5351 3228 5425 τῆςνΠάτμου.
3257 5352 3379 5425 Non
3412 5354 3509 5425 igi.

1919 5431 2012 5495 tur
2060 5425 2116 5479 in
2168 5423 2360 5478 Patmo
2400 5424 2647 5495 scripsit
2698 5423 3048 5495 Evangelium
3076 5423 3103 5495 ξ
3137 5425 3232 5481 sed
3284 5423 3506 5495 Ephesi.

1918 5494 2106 5565 Neque
2147 5509 2276 5548 vero
2329 5494 2435 5549 sub
2489 5494 2740 5559 Claudio,
2784 5494 2880 5552 sed
2929 5496 3033 5551 sub
3063 5494 3237 5552 Nerva
3273 5494 3513 5565 Cocceio

1919 5567 1988 5638 at)
2016 5562 2216 5638 exsilio
2244 5578 2496 5620 reversus
2531 5572 2636 5628 est,
2666 5566 2919 5638 quamvis
2951 5568 3148 5623 iterum
3182 5573 3371 5638 postea
3405 5562 3513 5620 sa)

1916 5635 2150 5692 Claudio
2190 5644 2505 5691 revocatum
2551 5637 2771 5692 asserit.
