3866 6068
409 266 474 327 9i
493 271 510 325 I
1818 264 1877 325 S.
1925 265 2276 325 EPIPHANII
3602 267 3713 327 912

412 400 588 458 neque
627 385 695 441 ab
720 383 910 449 Iacob.
944 389 1037 439 aut
1062 382 1233 448 Isaac,
1263 386 1356 436 aut
1389 381 1459 437 ab
1486 379 1678 438 Adaml
1714 390 1778 436 ac
1810 379 1998 438 Noemi

2112 383 2225 451 Βαν,
2257 379 2381 436 οὔτε
2408 380 2591 447 Δαόὶδ,
2627 377 2750 435 οὔτε
2780 379 2888 435 ἀπὸ
2933 379 3147 447 Ἰακὼϐ,
3176 378 3300 434 οὔτε
3333 378 3446 436 ἀπὸ
3492 382 3705 447 Ἰσαὰκ,

410 480 816 550 Abraliamique
845 477 1180 547 temporibus
1206 492 1221 543 ;
1264 476 1358 532 sed
1382 490 1483 532 nec
1516 491 1547 530 a
1570 475 1659 532 die
1676 475 1887 547 quinta,
1913 476 2000 531 vel

2112 473 2224 528 >61:
2249 473 2358 529 ἀπὸ
2382 474 2590 545 χρόνων
2611 472 2705 527 τοῦ
2742 472 2939 544 Ἀδὰμ,
2960 472 3084 527 οὔτε
3103 474 3253 538 Νῶε,
3274 472 3404 527 οὔτε
3418 474 3704 546 ’Δσραὰμη

410 585 628 643 quarza,
652 573 734 627 vel
765 570 944 632 tertia,
973 568 1059 623 vel
1079 567 1317 623 secunda
1342 585 1359 635 ;
1383 568 1492 623 imo
1513 583 1582 624 ne
1600 584 1668 624 ex
1688 583 1754 624 eo
1778 569 1998 639 quidem

2112 566 2225 620 abte
2257 566 2366 621 ἀπὸ
2400 566 2502 639 τῆς
2525 564 2785 637 πέμπτης
2811 565 3045 637 ἡμέρας,
3076 564 3201 620 οὕτε
3229 564 3340 620 ἀπὸ
3370 567 3479 636 τῆς
3508 567 3708 639 τετάρ-

412 674 675 735 tempore,
708 677 818 731 quo
846 661 1042 717 caelum
1067 674 1132 714 ac
1155 666 1305 714 terra
1330 659 1677 730 mundusque
1702 658 2000 719 fabricatus

2112 673 2203 728 της
2227 656 2464 729 ἡμέρας,
2491 654 2616 709 οὔτε
2644 655 2754 709 ἀπὸ
2783 657 2885 727 τῆς
2915 655 3128 728 τρίτης,
3160 655 3287 710 οὔτε
3316 656 3428 711 ἀπὸ
3456 658 3562 729 τῆς
3588 657 3707 711 δευ-

412 768 496 813 cst
529 775 543 811 :
577 754 673 810 scd
706 752 771 809 In
798 752 1059 824 principio
1089 761 1205 807 erat
1255 751 1502 819 Verbum,
1541 763 1591 807 et
1630 752 1848 807 Verbum
1885 760 2003 807 erat

2112 750 2288 822 τέρας,
2313 747 2438 804 οὔτε
2467 746 2663 814 ὲξὸτου
2685 747 2915 820 οὐρανὸς
2942 748 3035 801 καὶ
3060 750 3093 819 ἠ
3122 749 3195 819 γῆ
3226 749 3549 821 γεγένηται,
3583 750 3705 805 οὒτε

412 846 551 915 apud
582 844 769 908 Deum,
808 852 858 898 et
887 842 1027 898 Deus
1056 851 1173 897 erat
1204 841 1450 899 Verbum.
1486 840 1680 896 Omnia
1717 855 1810 908 per
1832 840 2002 908 ipsum

410 941 558 1010 facta
584 947 728 998 sunt,
762 945 811 989 et
840 936 952 989 sine
969 935 1081 1004 ipso
1105 933 1305 1003 factum
1337 942 1415 987 est
1446 931 1599 997 nihil,
1630 931 1769 1003 quod
1802 930 2002 1001 factum

412 1039 512 1088 est.
543 1037 651 1084 etc.
677 1026 743 1081 Et
782 1026 1002 1081 Verbum
1024 1042 1151 1080 caro
1185 1026 1387 1096 factum
1425 1033 1524 1089 est,
1560 1034 1609 1079 et
1652 1023 1906 1077 habitavit
1948 1023 2003 1076 in

414 1116 588 1184 nobis,
630 1129 680 1175 et
722 1118 946 1173 vidimus
998 1118 1155 1173 illud.
1193 1116 1431 1172 Deinde:
1484 1115 1610 1169 Fuit
1634 1114 1788 1171 homo
1808 1114 2002 1168 missus

416 1229 449 1265 a
492 1211 635 1277 Deo,
679 1212 765 1264 cui
788 1227 975 1264 nomen
1003 1217 1115 1264 erat
1138 1208 1393 1263 Ioannes.
1426 1202 1543 1260 ‘Hic
1585 1207 1718 1260 venit
1754 1207 1809 1260 in
1864 1208 2006 1260 testi-

416 1305 671 1364 monium.
726 1312 780 1356 ut
815 1303 1169 1356 testimonium
1217 1299 1503 1370 perhiberet
1558 1299 1624 1351 de
1677 1298 1894 1361 lumine,
1946 1309 2003 1351 ut

2103 842 2287 910 ὲξότου
2309 843 2338 896 ὁ
2366 841 2592 912 κόσμοςο
2630 839 2765 894 ἀλλὰ
2801 841 2906 894 Ἔν
2934 838 3094 910 ἀρχῇ
3122 836 3204 912 ἦν
3233 843 3267 894 ὁ
3291 842 3512 912 Λόγος,
3542 843 3643 897 καὶ
3667 847 3700 897 ὁ

2104 934 2296 1004 Λόγος
2320 929 2400 1005 ἦν
2424 934 2575 1003 πρός
2606 931 2715 985 τὸν
2746 931 2915 997 Θεὸν,
2961 932 3063 985 καὶ
3098 932 3240 1000 Θεὸς
3289 928 3372 1003 ἦν
3415 937 3450 987 ό
3488 937 3700 1005 Λόγος.

2106 1024 2309 1080 Πάντα
2330 1024 2404 1079 δι’
2428 1008 2617 1079 αὐτόῦ
2641 1025 2904 1094 ἐγένετο,
2932 1024 3031 1078 καὶ
3051 1024 3233 1095 χωρὶς
3254 1026 3447 1082 αὑτοῦ
3465 1027 3702 1098 ἐγένετο

2106 1117 2249 1173 οὐδὲ
2277 1118 2366 1185 ἐν,
2398 1118 2430 1172 ὃ
2461 1118 2693 1188 γέγονε,
2733 1118 2829 1171 καὶ
2855 1117 2925 1170 τὰ
2955 1116 3102 1189 ἑξῆς.
3128 1119 3238 1172 Kal
3269 1122 3303 1173 ὀ
3327 1120 3527 1193 Λόγος
3549 1121 3702 1191 σὰρξ

2106 1210 2367 1281 ἐγένετο,
2398 1211 2497 1265 καὶ
2527 1209 2886 1277 ἐσκήνωσεν
2903 1211 2974 1263 ἐν
2997 1209 3164 1280 ἡμῖν,
3206 1211 3305 1266 καὶ
3331 1211 3582 1283 ειδομεν
3608 1218 3703 1270 αὐ-

2104 1303 2229 1357 τόν.
2264 1298 2417 1357 Εἶτα·
2467 1302 2732 1373 Ἐγένετο
2765 1300 3075 1369 ἄνθρωπος
3103 1303 3573 1374 ἀπεσταλμένος
3598 1321 3701 1360 πα-

417 1414 594 1452 onmes
647 1398 911 1450 crederent
960 1410 1053 1464 per
1102 1392 1277 1448 illum.
1333 1392 1456 1446 Non
1500 1401 1617 1446 erat
1656 1392 1783 1456 lux,
1827 1392 1915 1446 sed
1944 1402 2003 1445 ut

2112 1393 2177 1462 ρὰ
2213 1395 2602 1464 Θεοῦ.’δνομα
2638 1394 2800 1461 αὐτῷ
2840 1395 3134 1463 Ἰωάννης.
3179 1391 3372 1462 Οὗτος
3403 1392 3594 1467 ἦλθεν
3618 1400 3699 1464 εις

419 1489 773 1543 testimonium
811 1484 1103 1555 perhiberet
1148 1483 1212 1539 de
1251 1484 1469 1538 lumine.
1526 1482 1660 1537 Erat
1702 1483 1796 1537 lux
1843 1499 2001 1548 vera,

2112 1484 2452 1552 μαρτυρίαν,
2488 1484 2589 1537 ἵνα
2632 1485 2993 1555 μαρτυρήσῃ
3032 1486 3163 1555 περὶ
3201 1486 3307 1541 τοῦ
3349 1488 3571 1559 φωτὸς,
3605 1492 3700 1544 ἵνα

416 1594 535 1648 qum
566 1578 838 1633 illuminat
883 1590 1088 1632 omnem
1122 1576 1383 1630 hominem
1432 1575 1717 1629 venientem
1758 1575 1812 1629 in
1869 1574 2005 1629 hunc

2112 1574 2330 1640 πάντες
2354 1577 2731 1631 πιστεύσωσι
2765 1576 2841 1630 δι’
2866 1576 3075 1632 αὐτοῦ.
3111 1579 3233 1632 οὐκ
3264 1574 3344 1649 ἦν
3377 1580 3615 1649 ἐκεῖνος
3636 1583 3697 1636 τὸ

418 1670 693 1725 mundum.
753 1668 819 1724 In
880 1667 1076 1723 mundo
1137 1677 1274 1729 erat,
1317 1677 1367 1721 et
1424 1666 1652 1720 mundus
1692 1682 1782 1734 per
1831 1667 2002 1737 ipsum

2112 1667 2252 1736 ςεῶσ
2297 1668 2437 1723 ἀλλ’
2478 1668 2579 1723 ἵνα
2618 1669 2981 1738 μαρτυρήσῃ
3022 1670 3155 1739 περὶ
3191 1671 3300 1725 τοῦ
3332 1675 3556 1741 φωτός.
3597 1671 3699 1731 Ἦν

417 1761 591 1829 factus
616 1769 717 1824 est,
757 1770 805 1814 et
829 1757 1055 1812 mundus
1082 1773 1201 1811 eum
1253 1773 1354 1810 non
1394 1758 1651 1826 cognovit.
1692 1755 1756 1810 In
1787 1757 2004 1825 pro,;ria

2112 1758 2171 1813 τὸ
2208 1758 2335 1829 φῶς
2367 1759 2433 1813 τὸ
2462 1761 2777 1843 ἀληθινὸν,
2814 1760 2846 1815 ὃ
2888 1761 3119 1831 φωτίζει
3158 1762 3359 1817 πάντα
3386 1763 3700 1835 ἄνθρωπον

417 1853 575 1921 venit,
628 1860 678 1907 et
731 1853 816 1907 sui
842 1868 960 1905 eum
1008 1867 1111 1904 non
1157 1860 1478 1918 receperunt.
1527 1849 1689 1921 435
1737 1849 2006 1919 Quotquot

418 1956 595 2000 autem
622 1953 922 2015 receperunt
948 1959 1087 2009 eum,
1121 1941 1264 1996 dedit
1296 1942 1370 1996 eis
1400 1950 1711 2010 potestatem
1735 1940 1878 2011 ﬁlios
1912 1940 2009 1996 Dri

419 2041 539 2110 fieri
570 2055 588 2093 :
626 2040 716 2111 qui
745 2055 846 2092 non
885 2052 950 2091 ex
982 2034 1329 2107 sanguinibus
1369 2044 1417 2089 et
1463 2050 1642 2111 carne.
1686 2035 1776 2089 sed
1816 2050 1880 2087 ex
1899 2033 2006 2089 Deo

419 2131 534 2184 nati
565 2140 709 2185 sunt.
744 2128 811 2183 Et
842 2128 1067 2184 Verbum
1097 2145 1223 2183 caro
1246 2127 1448 2197 factum
1471 2110 1570 2189 est,
1600 2126 1694 2190 ait,
1723 2125 2009 2181 et‘habita-

418 2222 490 2274 vit
513 2221 568 2274 in
590 2220 760 2275 nobis.
788 2219 1020 2273 Joannes
1047 2218 1403 2274 testimonium
1429 2215 1682 2285 perhibet,
1703 2226 1752 2271 et
1783 2218 2004 2283 clamat,

417 2313 596 2367 dicens
621 2312 643 2367 ':
677 2309 781 2366 Hic
812 2321 928 2365 erat
956 2328 1105 2383 quem
1143 2311 1259 2364 dixi
1280 2310 1464 2371 vobis;
1493 2321 1543 2365 et
1579 2309 1642 2364 de
1680 2309 2007 2381 plenitudine

417 2405 531 2471 ejus
573 2421 668 2458 nos
706 2421 883 2458 omnes
924 2403 1239 2472 accepimus.
1289 2402 1356 2455 Et
1405 2400 1581 2454 dicit:
1617 2399 1726 2473 Ego
1753 2417 1854 2456 non
1886 2418 2004 2457 sum

386 2494 685 2558 .Christus,
714 2496 805 2549 sed
832 2510 930 2550 vox
960 2495 1239 2549 clamantis
1264 2495 1317 2548 in
1356 2498 1563 2548 deserto
1595 2493 1635 2548 ⁸.

2105 1851 2435 1921 ἐρχόμενον
2465 1854 2552 1917 εἰς
2583 1851 2692 1905 τὸν
2715 1853 2969 1923 κόσμον.
3006 1854 3103 1907 Ἐν
3126 1852 3209 1921 τῷ
3237 1859 3449 1927 κόσμῳ
3478 1855 3577 1928 ἦν,
3604 1862 3694 1914 καὶ

2108 1945 2142 1998 ὁ
2173 1945 2403 2013 κόσμος
2433 1943 2509 1997 δι’
2541 1945 2731 2000 αὑτοῦ
2762 1946 3023 2016 ἐγένετο,
3059 1948 3157 2002 καὶ
3192 1952 3226 2003 ὁ
3259 1950 3491 2020 κόσμος
3519 1953 3697 2008 αὑτὸν

2107 2038 2219 2092 οὐκ
2239 2036 2411 2106 ἔγνω.
2447 2039 2553 2104 Εἰς
2577 2037 2650 2092 τὰ
2681 2036 2803 2092 ιδια
2833 2034 3003 2110 ἦλθε,
3038 2039 3139 2093 καὶ
3174 2043 3229 2096 οἱ
3253 2040 3395 2096 ἴδιοι
3416 2043 3606 2097 αὐτὸν
3629 2047 3693 2098 οὐ

2108 2127 2470 2198 ἐταρέλαόον.
2499 2130 2665 2184 Ὅσοι
2688 2130 2757 2184 δέ
2778 2132 3001 2187 ἔλαϐον
3023 2132 3232 2197 αὑτὸν,
3250 2133 3483 2189 ἔδωκεν
3502 2136 3694 2203 αὐτοῖς

2111 2218 2405 2283 ἐξουσίαν
2433 2219 2617 2273 τέκνα
2653 2220 2801 2276 Θεοῦ
2846 2223 3144 2292 γενέσθαι·
3180 2224 3237 2278 οἳ
3268 2227 3381 2279 οὐκ
3424 2226 3499 2291 ἐξ
3537 2227 3696 2298 αἱμά-

2110 2326 2231 2363 των
2256 2310 2353 2364 καὶ
2382 2311 2636 2380 σαρκὸς,
2667 2312 2809 2367 ἀλλ’
2834 2314 2903 2367 ἐκ
2944 2315 3091 2369 Θεοῦ
3117 2314 3566 2387 ἐγεννήθησαν.
3595 2319 3697 2373 Kal

2111 2404 2146 2457 ό
2183 2402 2374 2472 Λόγος
2403 2403 2561 2475 σὰρξ
2590 2404 2850 2475 ἐγένετο,
2893 2407 3047 2477 φησὶ,
3094 2407 3194 2461 καὶ
3234 2410 3697 2477 κατεσκήνωσεν

2108 2493 2180 2548 ἐν
2211 2494 2375 2565 ἡμῖν.
2416 2493 2691 2565 Ἰωάννης
2714 2498 3022 2567 μαρτυρεῖ,
3060 2499 3158 2553 καὶ
3198 2499 3455 2570 κέκραγε
3483 2503 3691 2567 λέγων·

422 2588 612 2659 οὗτος
643 2587 745 2662 ἦν,
778 2591 851 2645 ὃν
876 2586 1052 2645 εἶπον
1076 2590 1237 2662 ὑμῖν*
1270 2591 1369 2645 καὶ
1409 2590 1498 2644 ὅτι
1540 2568 1607 2644 ἐῖι
1640 2587 1749 2643 τοῦ
1804 2588 2200 2661 πληρώματος
2252 2592 2438 2648 αὑτοῦ
2477 2592 2647 2663 ἡμεῖς
2692 2593 2917 2662 πάντες
2965 2595 3278 2668 ἐλάϐομεν.
3305 2568 3448 2653 πάι
3521 2601 3695 2669 λέγει’

422 2690 546 2741 Οὐκ
575 2686 691 2756 εἰμὶ
719 2683 835 2755 ἐγὼ
869 2688 901 2739 ό
934 2685 1212 2755 Χριστὸς,
1244 2684 1407 2739 ἀλλὰ
1437 2685 1608 2755 φωνὴ
1632 2683 1910 2750 βοῶντος
1940 2684 2009 2738 ἐν
2044 2683 2119 2754 τῇ
2146 2683 2362 2755 ἐρήμῳ.

489 2778 630 2834 XIII.
659 2779 872 2846 Quibus
903 2779 1190 2849 expositis,
1230 2778 1304 2831 ita
1360 2776 1555 2833 deinde
1597 2778 1953 2848 prosequitur
1984 2796 1997 2830 :

424 2870 555 2925 IIa’c
581 2872 632 2923 in
658 2869 961 2924 Bethabara
990 2868 1136 2937 facta
1165 2876 1287 2921 sunt
1307 2869 1349 2919 '.
1378 2866 1432 2921 In
1466 2867 1587 2922 aliis
1609 2867 2010 2938 exemplaribus

420 2958 550 3016 esl:
586 2960 868 3022 Bethania,
918 2968 1064 3013 trans
1099 2957 1412 3012 Iordanem.
1460 2955 1590 3012 Post
1641 2958 1756 3013 haec
1818 2965 2007 3013 narrat.

2189 2778 2285 2831 Il".
2316 2776 2421 2831 Καὶ
2447 2778 2534 2833 ὅτε
2564 2778 2831 2852 διηγεῖται
2862 2758 3269 2845 ταῦτα-πάντα,
3303 2781 3475 2852 λέγει·
3519 2784 3700 2839 Ταῦτα

2116 2868 2187 2923 ὲν
2200 2869 2518 2941 Βηθαϐαρᾷ
2537 2871 2645 2944 (36)
2662 2871 2923 2947 ἐγένετο.
2946 2873 3038 2927 Ἐν
3057 2872 3237 2937 ἄλλοις
3254 2873 3309 2927 δὲ
3326 2875 3698 2948 ἀντιγράφοις,

2116 2961 2187 3016 ἐν
2206 2965 2494 3032 Βηθανίᾳ,
2526 2964 2718 3034 πέραν
2742 2963 2847 3019 τοῦ
2881 2965 3200 3034 Ἰορδάνου.
3232 2967 3341 3020 Καὶ
3368 2968 3508 3038 με.τὰ
3536 2969 3699 3023 ταῦτα

419 3052 648 3109 Ioannis
686 3050 989 3121 discipulos
1042 3051 1408 3121 interrogasse
1442 3070 1455 3106 :
1500 3047 1690 3115 Rabbi,
1727 3048 1817 3104 ubi
1857 3049 2005 3104 habi-

2112 3054 2403 3119 δείκνυσιν,
2435 3056 2518 3109 ὅτι
2551 3052 2704 3112 εἷπον
2736 3057 2886 3128 αὐτῷ
2912 3059 2960 3111 οἱ
2992 3058 3098 3111 ἀπὸ
3122 3057 3215 3112 τοῦ
3246 3057 3502 3113 Ἰωάννου
3530 3060 3697 3134 μαθη-

424 3142 790 3210 tasIQuibus
837 3142 928 3198 ille
978 3142 1299 3214 respondit:
1342 3141 1542 3210 Venite,
1587 3151 1637 3198 et
1695 3144 1882 3198 videte.
1942 3142 2009 3197 Et

420 3236 684 3299 abierunt,
712 3245 764 3290 et
792 3233 929 3303 apud
957 3250 1074 3289 eum
1106 3244 1413 3288 manserunt
1440 3234 1524 3288 die
1557 3234 1671 3288 illa.
1708 3233 1775 3287 Et
1800 3244 2009 3303 postera

419 3332 526 3394 die,
570 3329 703 3383 hora
744 3337 860 3383 erat
904 3329 1059 3400 quasi
1102 3327 1353 3392 decima;
1395 3336 1508 3381 erat
1551 3326 1790 3381 Andreas
1841 3327 2012 3394 frater

423 3424 657 3479 Simonis
710 3423 855 3477 Petri
906 3439 1042 3477 unus
1084 3437 1150 3476 ex
1197 3419 1400 3473 duobus
1446 3420 1536 3490 qui
1589 3420 1755 3473 secuti
1797 3418 2009 3489 fuerant

421 3534 562 3572 eum.
597 3514 800 3570 Invenit
839 3513 924 3567 hic
957 3514 1161 3581 primus
1190 3513 1411 3582 fratrem
1451 3527 1607 3567 suum
1646 3509 1936 3578 Simonem,
1960 3521 2009 3567 et

422 3608 552 3661 dicit
597 3607 647 3661 ei
692 3621 712 3660 :
769 3603 1070 3659 Invenimus
1128 3602 1421 3668 Messium,
1477 3605 1568 3677 qui
1626 3603 2010 3674 interpretatur

425 3694 690 3754 Christus.
735 3696 839 3751 IIic
867 3696 1090 3751 adduxit
1127 3714 1246 3751 eum
1284 3696 1353 3751 ad
1390 3695 1595 3752 Iesum.
1646 3696 1883 3752 Intuitus
1911 3713 2003 3751 au-

425 3801 524 3845 tem
549 3805 669 3843 eum
698 3787 854 3844 Iesus
899 3788 1082 3842 dixit:
1121 3787 1199 3842 Tu
1237 3804 1290 3843 es
1332 3785 1518 3843 Simon
1554 3788 1699 3859 [ilius
1736 3786 1917 3854 Iona;
1952 3801 2007 3843 tu

422 3879 693 3934 vocaberis
719 3877 943 3949 Cephas,
969 3878 1108 3950 quod
1138 3880 1517 3949 interpretatur
1552 3878 1760 3934 Petrus.
1793 3878 1859 3934 In
1893 3897 2008 3934 cra-

422 3969 622 4022 stinum
654 3970 817 4023 voluit
847 3968 991 4023 exire
1027 3968 1081 4021 in
1125 3966 1429 4033 Galilwam,
1471 3976 1520 4022 et
1559 3968 1752 4023 invenit
1801 3968 2007 4041 Philip-

420 4077 569 4130 pum,
594 4068 648 4116 et
681 4060 808 4116 dicit
829 4062 879 4116 ei
899 4059 1095 4116 Iesus:
1123 4058 1347 4132 Sequere
1376 4076 1476 4114 me.
1502 4057 1636 4114 Erat
1672 4068 1847 4115 autem
1878 4059 2010 4116 Phi-

424 4155 595 4225 lippus
623 4171 657 4209 α
687 4153 995 4217 Bethsaida,
1031 4152 1239 4207 civitate
1273 4151 1501 4207 Andrete
1531 4160 1582 4206 et
1605 4151 1772 4207 Petri.
1802 4152 2007 4208 Invenit

423 4247 704 4318 Philippus
768 4245 1113 4308 Nathanael,
1165 4253 1216 4299 et
1264 4244 1392 4299 dicit
1441 4246 1539 4299 ei:
1582 4244 1750 4311 Quem
1793 4247 2008 4316 scripsit

423 4337 636 4409 Moyses
662 4337 716 4392 in
745 4338 873 4406 lege,
909 4347 957 4391 et
992 4337 1273 4405 prophetw.
1299 4336 1589 4391 invenimus
1618 4337 1803 4391 Iesum
1834 4338 2006 4406 ﬁlium

2112 3145 2223 3199 ταί·
2266 3147 2477 3209 Ῥαϐϐὶ,
2531 3148 2649 3203 ποῦ
2697 3149 2936 3216 uersae;
2976 3149 3033 3203 '0
3066 3149 3122 3203 δὲ
3164 3144 3306 3204 εἷπε*
3354 3142 3559 3218 Δεῦτε,
3609 3153 3701 3207 καὶ

2114 3238 2287 3293 ἴδετε.
2330 3241 2441 3295 Kal
2481 3240 2782 3310 ἀπῆλθον.
2827 3242 2929 3295 καὶ
2958 3244 3093 3313 παρ’
3120 3241 3281 3309 αὐτῷ
3312 3243 3567 3315 ἔμειναν
3594 3246 3701 3315 τὴν

2110 3327 2343 3398 ἡμέραν
2356 3329 2615 3398 ἐκείνην.
2641 3330 2750 3385 Kal
2775 3328 2850 3399 τῇ
2864 3330 3093 3398 αὔριον,
3118 3328 3240 3400 ὥρα
3260 3328 3339 3401 ἦν
3353 3332 3435 3398 ὠς
3458 3331 3693 3400 δεκάτηο

2110 3416 2192 3492 ἦν
2230 3421 2501 3490 Ἀνδρέας
2545 3425 2578 3476 ό
2621 3421 2887 3491 ἀδελφὸς
2934 3422 3202 3492 Σίμωνος
3232 3422 3490 3492 Πέτρου,
3525 3421 3612 3491 εἷς
3634 3424 3696 3480 ἐκ

2111 3513 2232 3568 τῶν
2268 3512 2379 3569 δύο
2424 3512 2545 3567 τῶν
2587 3513 3142 3583 ἀκολουθησάντων
3186 3515 3371 3582 αὐτῷ.
3420 3519 3695 3586 Εὐρίσκει

2111 3602 2291 3674 οὗτος
2313 3605 2546 3675 πρῶτος
2573 3608 2683 3660 τὸν
2704 3606 2973 3677 ἀδελφὸν
2995 3608 3103 3662 τὸν
3133 3607 3288 3662 ἴδιον
3321 3609 3582 3680 Σίμωνα,
3604 3611 3693 3665 καὶ

2109 3701 2272 3768 λέγει
2320 3697 2500 3764 αὐτῷ·
2541 3698 2898 3770 Εἰφήκαμεν
2935 3701 3237 3768 Μεσσίαν,
3277 3701 3387 3756 τὸν
3418 3705 3697 3772 μεθερμη-

2110 3789 2444 3861 νευόμενον
2496 3791 2778 3861 Χριστόν.
2826 3787 3014 3858 Οὗτος
3044 3790 3272 3862 ἤγαγεν
3313 3792 3510 3847 αὑτὸν
3556 3793 3696 3864 πρὸς

2111 3885 2220 3939 τόν
2254 3883 2506 3953 Ἰησοῦν.
2553 3884 2883 3956 Ἐμϐλέψας
2913 3883 2983 3938 δέ
3010 3884 3170 3952 αὐτῷ
3196 3889 3230 3941 ὁ
3269 3885 3528 3954 Ἰησοῦς,
3552 3883 3691 3942 εἷπε·

2111 3976 2196 4033 Σὺ
2248 3973 2309 4032 εἴ
2356 3979 2552 4047 Σίμων
2600 3977 2730 4044 υἱὸς
2790 3977 2971 4033 Ἰωνᾶ’
3021 3978 3104 4032 σὺ
3148 3977 3432 4048 κληθήσῃ
3472 3979 3691 4049 Κηφᾶς.

2111 4070 2143 4124 ὃ
2189 4071 2575 4140 ἑρμηνεύεται
2626 4072 2869 4139 Πέτρος.
2928 4070 3009 4141 Τῇ
3054 4072 3346 4140 ἐπαύριον
3396 4072 3695 4141 ἠθέλησεν

2108 4160 2380 4227 ἐξελθεῖν
2407 4164 2495 4227 εἰς
2521 4161 2636 4230 τὴν
2664 4163 3024 4228 Γαλιλαίαν,
3054 4164 3153 4219 καὶ
3185 4165 3460 4235 εὑρίσκει
3489 4167 3691 4220 Φίλιπ-

2110 4269 2250 4316 πον,
2300 4252 2394 4307 καὶ
2435 4252 2600 4323 λέγει
2641 4253 2807 4321 αὐτῷ
2838 4258 2872 4310 ὀ
2912 4256 3165 4323 Ἰησοῦς·
3212 4258 3552 4312 Ἀκολούθει
3578 4275 3690 4328 μοι.

2109 4338 2219 4399 Ἦν
2244 4342 2313 4397 δὲ
2336 4344 2635 4411 φίλιππος
2677 4345 2797 4399 ἀπὸ
2840 4344 3168 4413 Βηθσαὶδᾶ,
3215 4347 3286 4401 ἐκ
3324 4347 3437 4416 τῆς
3469 4349 3697 4415 πόλεως

422 4429 616 4498 Ioseph
643 4446 675 4482 a
710 4427 1005 4484 Nazareth.
1038 4429 1103 4482 Et
1134 4429 1270 4482 dixit
1291 4431 1342 4483 ei
1370 4427 1675 4484 Nathanael
1698 4444 1717 4483 :
1750 4431 1787 4483 Α
1823 4427 2005 4484 Naza-

2124 4434 2393 4504 Ἀνδρέου
2447 4436 2544 4489 καὶ
2597 4435 2843 4506 Πέτρου.
2896 4438 3184 4507 Εὐρίσκει
3236 4440 3542 4508 Φίλιππος
3596 4439 3695 4493 τὸν

423 4523 536 4578 reth
573 4530 745 4592 potest
777 4521 982 4593 aliquid
1025 4522 1146 4599 boni
1191 4527 1344 4579 esse?
1394 4522 1536 4577 Dicit
1587 4524 1636 4578 ei
1686 4521 2006 4594 Philippus:

431 4612 563 4669 Veni
599 4624 649 4670 et
701 4613 834 4669 vide.
874 4612 1068 4669 Videns
1142 4624 1315 4669 autem
1359 4613 1517 4671 Iesus
1566 4613 1871 4670 Nathanael
1919 4633 2005 4671 ve-

421 4708 649 4763 nientem
680 4706 749 4761 ad
787 4723 845 4761 se
874 4706 1012 4762 dixit
1052 4706 1117 4760 de
1143 4706 1253 4775 ipso
1281 4723 1299 4761 :
1333 4706 1466 4761 Ecce
1488 4723 1603 4761 vere
1642 4705 1914 4766 Israelita.
1951 4709 2005 4760 in

421 4814 524 4870 quo
553 4796 710 4852 dolus
762 4813 866 4851 non
919 4807 1018 4854 est.
1070 4796 1216 4852 Dicit
1258 4801 1307 4853 ei
1356 4798 1711 4854 Nat/tanael:
1746 4798 1893 4855 Unde
1926 4817 2005 4855 me

422 4891 606 4947 nosti?
638 4889 926 4960 Respondit
956 4889 1138 4956 Iesus,
1188 4901 1240 4947 et
1281 4893 1423 4946 dixit
1467 4891 1517 4949 ei
1545 4908 1561 4946 :
1601 4890 1925 4963 Priusquam
1957 4903 2006 4948 te

422 4982 703 5053 Philippus
734 4992 961 5049 vocaret,
1002 4999 1122 5037 cum
1162 5000 1302 5039 esses
1343 4983 1438 5039 sub
1478 4983 1584 5054 ﬁcu
1636 4984 1741 5038 vidi
1783 4993 1848 5039 te.
1900 4983 2004 5040 Re-

420 5076 628 5145 spondit
651 5078 700 5131 ei
732 5075 1059 5142 Nathanael,
1093 5087 1143 5131 et
1182 5076 1319 5130 dixit
1349 5091 1369 5130 :
1399 5074 1585 5141 Rubbi,
1629 5086 1685 5130 tu
1726 5093 1779 5131 es
1828 5076 2004 5134 Filius

420 5167 540 5234 Dei,
572 5178 628 5223 tu
656 5186 710 5225 es
748 5186 840 5226 rex
871 5168 1067 5226 Israel.
1098 5167 1387 5239 Respondit
1435 5166 1612 5225 Iesus.
1643 5178 1693 5224 et
1734 5168 1870 5224 dixit
1910 5171 1959 5225 ei
1984 5188 2003 5226 .'

420 5260 561 5327 Quia
594 5260 709 5315 dixi
737 5262 870 5317 tibi:
914 5262 1033 5317 Vidi
1081 5272 1128 5317 te
1174 5261 1271 5316 sub
1312 5262 1437 5332 ﬁcu,
1475 5260 1686 5317 credis?
1712 5259 1893 5331 Hujus
1923 5263 2005 5317 his

419 5350 640 5408 videbis.
672 5351 740 5406 Et
768 5354 905 5408 dixit
936 5356 983 5408 ei
1012 5371 1030 5409 :
1061 5354 1248 5419 Amen,
1281 5371 1431 5409 auten
1469 5354 1587 5408 dico
1617 5353 1782 5420 vobis,
1811 5353 2005 5408 videbi~

494 5510 695 5567 'Ioun.
728 5527 769 5576 ι,
803 5512 822 5565 I
858 5529 981 5583 sqq.
1059 5514 1079 5544 ²
1111 5512 1242 5569 ibid.
1275 5512 1345 5568 28
1370 5529 1491 5583 sqq.

488 5669 605 5739 (56)
641 5670 832 5725 Ταῦτα
856 5670 925 5724 ἐν
949 5668 1281 5740 Βηθαόαρᾷ.
1316 5668 1557 5738 Utraque
1586 5684 1695 5740 vox,
1725 5675 1781 5723 et
1812 5666 2007 5740 Betha-

420 5736 665 5809 bam,7et
694 5742 957 5799 Bethania
1016 5736 1480 5812 apud'amiquos
1523 5739 1813 5808 reperitur.
1869 5736 2004 5795 Vide

2109 4527 2459 4598 Ναθαναὴλ,
2498 4527 2597 4582 καὶ
2623 4527 2786 4599 λέγει
2817 4528 2996 4595 αὐτῷ·
3040 4532 3140 4586 Ὃν
3171 4531 3400 4602 ἔγραψε
3437 4530 3694 4600 Μωῦσῆς

2108 4621 2179 4675 ἐν
2203 4618 2285 4686 τῷ
2306 4620 2488 4691 νόμῳ,
2514 4620 2613 4675 και
2637 4623 2691 4675 οἱ
2722 4622 3043 4692 προφῆται,
3074 4622 3416 4694 εὑρήκαμεν
3457 4624 3697 4694 Ἰησοῦν

2109 4715 2245 4769 υἱὸν
2288 4713 2397 4767 τοῦ
2453 4712 2666 4783 Ἰωσὴφ
2716 4714 2825 4768 τὸν
2872 4714 2991 4768 ἀπὸ
3040 4716 3320 4785 Ναζαρέτ.
3368 4717 3482 4772 Kal
3535 4714 3696 4773 εἶπεν

2107 4804 2268 4872 αὐτῷ
2296 4805 2646 4877 Ναθαναήλο
2687 4808 2785 4862 Ἐκ
2817 4809 3081 4878 Ναζαρὲτ
3112 4808 3369 4864 δύναταί
3392 4828 3447 4865 τι
3474 4811 3695 4882 ἀγαθὸν

2109 4894 2299 4962 sirm;
2329 4897 2500 4968 Λέγει
2528 4897 2689 4965 αὐτῷ
2709 4901 2743 4954 ὁ
2761 4899 3078 4965 Φίλιππος·
3108 4901 3348 4968 Ἔρχου,
3386 4899 3501 4956 ἴδε.
3544 4900 3697 4955 Ἰδὼν

2111 4986 2180 5042 δὲ
2212 4991 2245 5043 ὁ
2286 4987 2520 5057 Ἰησοῦς
2547 4988 2658 5042 τὸν
2689 4988 3017 5057 Ναθαναὴλ
3054 4989 3389 5060 ἐρχόμενον
3414 4990 3568 5058 πρὸς
3589 4991 3693 5044 αὐ·

2112 5080 2239 5145 τὸν,
2261 5079 2424 5153 λέγει
2453 5081 2585 5150 περὶ
2611 5081 2819 5136 αὐτοῦ·
2878 5080 2992 5136 Ἵδε
3019 5064 3280 5149 ἀληθῶς”
3301 5082 3690 5151 Ἰσραηλίτης,

2109 5172 2181 5226 ἐν
2205 5165 2254 5239 ᾧ
2284 5172 2466 5241 δόλος
2498 5174 2611 5228 οὐκ
2638 5172 2790 5228 ἐστι.
2826 5170 2996 5244 Λέγει
3025 5173 3186 5239 αὐτῷ
3211 5173 3566 5240 Ναθαναήλ’
3589 5172 3693 5229 Πό-

2110 5266 2216 5319 θεν
2241 5281 2319 5335 με
2346 5264 2698 5335 τινώσκεις;
2748 5265 3055 5333 Ἀπεκρίθη
3098 5263 3353 5333 Ἰησοῦς,
3400 5265 3505 5319 καὶ
3531 5261 3694 5319 εἶπεν

2110 5354 2287 5422 αὐτῷ’
2332 5357 2451 5427 Πρὸ
2478 5356 2584 5412 τοῦ
2612 5371 2687 5411 σε
2702 5356 3001 5411 Φίλιππον
3029 5356 3382 5430 [φωνῆσαιὶ
3409 5356 3559 5412 εντα
3582 5355 3688 5411 ὑπὸ

2156 5683 2237 5721 me
2258 5666 2326 5723 de
2357 5665 2460 5720 hoc
2490 5663 2623 5735 loco,
2665 5665 2939 5735 scripsere
2979 5662 3184 5735 ilosius
3216 5676 3269 5723 et
3301 5665 3589 5725 Scrrarius
3629 5668 3683 5720 in

2150 5754 2295 5794 osue.
2328 5734 2568 5791 Maldon.
2594 5730 2641 5791 et
2672 5730 2893 5791 Tolélus
2925 5736 2977 5788 in
3002 5730 3204 5807 Erang.
