4008 6078
457 279 563 336 915

1860 296 1919 356 S.
1978 297 2321 357 EPlPllANll

3633 301 3749 362 9H3

456 412 581 467 qum
630 399 795 469 paulo
843 409 970 458 ante
1022 406 1570 464 commemoravimus
1602 427 1614 464 :
1645 408 1785 478 Quia
1843 411 2039 469 inveni-

2146 414 2213 469 τά
2244 413 2641 488 προειρημέναι
2677 414 2802 470 Ὅτι
2836 413 3150 489 εὑρήκαμεν
3176 415 3443 471 Μεσσίαψ
3479 416 3573 470 καὶ
3603 417 3746 484 ἀγα-

459 503 584 543 mus
618 488 896 559 Messium;
930 494 1120 564 sicque
1155 494 1306 550 illum
1358 496 1423 552 ad
1465 497 1746 557 Christum
1784 503 2047 573 perduce-

459 587 561 646 ret,
597 587 700 638 etc.
736 580 932 638 Secuta
961 595 1089 640 sunt
1116 584 1223 643 'illa
1264 591 1544 666 deinceps,
1600 605 1660 653 ut
1708 598 1758 655 ei
1788 597 1995 655 diceret
2029 619 2042 655 :

462 671 541 764 Tu
572 674 839 730 vocaberis
889 675 1111 747 Cephas.
1161 680 1227 737 In
1280 688 1574 743 crastinum
1614 691 1798 758 uoluit,
1847 692 2042 764 inquit,

456 763 601 816 exire
652 765 704 817 in
747 764 1061 836 Galilaeam,
1102 781 1152 827 et
1207 776 1402 832 invenit
1442 778 1779 851 Philippum,
1819 795 1870 838 et
1911 763 2043 837 dicit
2090 802 2093 805 λ

455 855 506 908 ci
525 853 684 911 Jesus
712 874 732 913 :
759 857 983 932 Sequere
1013 880 1113 921 me.
1147 867 1281 923 Erat
1305 882 1480 925 autem
1518 871 1792 945 Philippus
1823 892 1855 930 a
1886 875 2044 931 Beth-

456 948 634 1040 saida,
661 952 872 1009 civitate
908 955 1136 1015 Audrea:
1163 971 1212 1015 et
1248 962 1458 1019 Petri‘.
1487 965 1655 1024 Vides
1697 971 2046 1040 quemadmo-

454 1036 586 1094 dum
616 1044 966 1115 cogitandum
1017 1052 1176 1109 nobis
1214 1055 1346 1111 illud
1384 1058 1658 1130 relinquat
1685 1036 1800 1127 {ex
1827 1062 2043 1119 duobus

456 1131 566 1189 illis
592 1132 821 1194 Joannis
864 1140 1170 1214 discipulis,
1198 1149 1293 1217 qui
1337 1148 1617 1207 Christum
1662 1153 1835 1209 secuti
1877 1161 2039 1217 sunt;

455 1242 690 1298 quorum
726 1232 890 1290 unius
939 1250 1159 1304 nomen,
1199 1240 1431 1298 Andrete
1485 1245 1716 1310 scilicet,
1749 1249 2040 1318 expressit,

456 1319 682 1378 alterius
721 1324 914 1392 tacuit,
950 1326 1097 1383 hunc
1133 1331 1308 1405 ipsum
1348 1350 1472 1392 esse
1517 1335 1850 1410 Philippum,
1882 1340 2041 1410 cujus

455 1425 654 1466 nomen
699 1421 785 1467 est
832 1418 1120 1483 omissum,
1149 1408 1296 1491 quod
1324 1432 1378 1479 et
1409 1408 1849 1499 popularisejus
1871 1408 2037 1496 esset,

452 1502 617 1575 437
653 1514 708 1560 et
757 1510 1190 1581 contubernalis,
1242 1524 1296 1571 et
1354 1520 1602 1576 eamdem
1652 1531 1825 1579 artem
1876 1532 2041 1595 atque

452 1596 728 1666 opiﬁcium
757 1611 1055 1659 exerceret.
1088 1605 1201 1663 Nisi
1236 1607 1375 1666 forte
1412 1609 1679 1669 Joannem
1720 1616 1915 1684 mavis,
1946 1628 2040 1673 aut

451 1685 713 1743 Jacohum
748 1689 993 1749 Zebedaei
1028 1694 1218 1752 tilium.
1264 1698 1481 1759 Primos
1513 1705 1658 1759 enim
1693 1708 1876 1761 vocari
1916 1708 2039 1765 illos

2147 510 2263 576 γεῖν
2289 506 2449 561 αὐτὸν
2477 507 2614 578 πρὸς
2635 506 2725 560 τὸν
2747 506 2973 580 Κύριον,
2998 509 3092 562 καὶ
3116 509 3182 562 τὰ
3206 506 3351 579 ἑξῆς.
3382 507 3491 561 Καὶ
3522 512 3600 570 ὡς
3622 508 3745 577 ἔχει

2145 602 2178 672 ἡ
2215 598 2529 666 ἀκολουθία,
2565 601 2647 654 ὄτι
2689 596 2841 653 εἶπεν
2882 600 3050 672 αὐτῷ·
3081 602 3164 655 Σὺ
3193 599 3473 668 κληθήσῃ
3501 598 3741 670 Κηφᾶς.

2145 692 2255 747 Καὶ
2277 691 2351 761 τῇ
2377 692 2668 762 ἐπαύριον
2694 691 2978 761 ἠθέλησε,
3017 710 3088 765 φη
3098 692 3203 758 civ,
3224 692 3494 757 ἐξελθεῖν
3510 692 3600 759 εις
3622 691 3744 761 τὴν

2146 784 2510 847 Γαλιλαίαν,
2572 784 2671 838 καὶ
2723 785 2993 853 εὑρίσκει
3048 786 3370 850 Φίλιππον,
3423 786 3520 840 καὶ
3572 784 3741 855 λέγει

2144 874 2307 940 αὐτῷ
2331 877 2364 929 d
2404 875 2655 951 ἶιησοῦςο
2699 876 3036 931 Ἀκολούθει
3060 895 3183 947 μοι.
3216 874 3329 933 Ἦν
3349 878 3417 931 δὲ
3436 879 3743 946 Φίλιππος

2144 965 2264 1020 ἀπὸ
2290 966 2620 1035 Βηθσαϊδᾶ,
2663 967 2733 1021 ἐκ
2761 969 2996 1035 πόλεως
3043 968 3314 1039 Ἀνδρέου
3352 970 3447 1024 καὶ
3483 970 3737 1040 Πέτρου.

2144 1060 2253 1114 Καὶ
2281 1061 2434 1131 ὁρᾷς,
2479 1061 2561 1115 ὃτι
2604 1061 2666 1115 τὸ
2702 1061 3052 1134 διανοηθῆναι
3087 1064 3220 1133 ἡμῖν
3247 1062 3480 1126 δίδωσιν,
3510 1064 3595 1117 ὅτι
3627 1063 3743 1116 τῶν

2142 1148 2235 1204 δύο
2285 1150 2394 1205 τῶν
2452 1151 2939 1223 ἀκολουθησάντων
2999 1153 3456 1225 μαθητευομένων
3509 1155 3611 1225 μὲν
3662 1155 3744 1226 τῷ

2143 1239 2386 1315 Ἰωάννῃ,
2421 1242 2479 1310 ἐξ
2505 1237 2580 1297 ὧν
2611 1243 2731 1307 ἑνὸς
2761 1243 2822 1297 τὸ
2858 1244 3028 1316 ὄνομα
3052 1236 3311 1317 εἴρηκεν,
3352 1247 3435 1299 ὅτι
3477 1246 3744 1318 Ἀνδρέας

2141 1329 2235 1407 ἦν,
2267 1333 2362 1387 τοῦ
2391 1334 2449 1388 δὲ
2477 1334 2638 1389 ἄλλου
2685 1336 2786 1390 οὐκ
2829 1334 3071 1409 εἴρηκεν·
3101 1336 3177 1401 ὡς
3219 1336 3547 1391 διανοεῖσθαι
3586 1341 3742 1409 ἡμᾶς

2140 1425 2330 1480 τοῦτον
2352 1422 2511 1492 εἶναι,
2533 1419 2595 1480 οὗ
2613 1426 2675 1481 τὸ
2696 1426 2868 1499 ὄνομα
2887 1428 2988 1480 οὐκ
3007 1426 3220 1499 εἴρηκε,
3242 1426 3332 1481 διὰ
3350 1427 3411 1481 τὸ
3429 1428 3740 1502 όμόχωρον,

2141 1517 2230 1572 διὰ
2265 1518 2327 1573 τὸ
2356 1517 2646 1590 σύσκηνον,
2683 1518 2773 1572 διά
2800 1518 2862 1572 τὸ
2890 1520 3204 1590 ὁμότεχνον,
3234 1518 3322 1573 διὰ
3355 1519 3416 1573 τὸ
3445 1520 3737 1591 ὁμοεργές·

2141 1608 2175 1679 ἢ
2216 1609 2308 1663 τὸν
2336 1607 2591 1681 Ἰωάννην
2632 1604 2794 1671 εἶναι,
2828 1609 2862 1680 ἢ
2897 1609 2987 1662 τὸν
3025 1609 3302 1674 Ἰάκωϐον,
3344 1610 3442 1665 ἕνα
3467 1610 3581 1664 τῶν
3605 1613 3742 1665 υἱῶν

2142 1699 2451 1755 Ζεϐεδαίου.
2516 1700 2664 1754 Ἔδει
2724 1699 2835 1772 γὰρ
2884 1698 3112 1764 τούτους
3168 1701 3386 1772 πρῶτον
3438 1701 3737 1773 κληθῆναιο

453 1782 732 1872 oportuit;
763 1791 877 1839 tum
909 1784 1168 1859 deinceps
1203 1787 1538 1864 Philippum,
1577 1813 1689 1867 quo
1720 1798 1777 1852 in
1801 1796 2039 1872 Evange-

2144 1790 2336 1846 ἔπειτα
2368 1791 2459 1846 τὸν
2484 1767 2770 1855 Φίλιππον,
2806 1767 2955 1845 κατᾶ
2978 1793 3077 1864 τὴν
3112 1767 3453 1859 ἀκολουθίαν,
3580 1767 3742 1849 τέτα·

453 1870 541 1927 liis
588 1873 780 1929 ordine
835 1887 1214 1935 numerantur.
1290 1880 1489 1941 Petrus
1538 1887 1750 1957 primus
1780 1924 1796 1954 ,
1844 1870 2041 1947 deinde

454 1962 722 2032 Andreas,
752 1974 865 2022 tum
906 1967 1178 2039 Jacobus,
1220 1973 1345 2030 inde
1393 1974 1656 2044 Joannes,
1696 1989 1884 2052 postea
1924 1980 2045 2038 Phi—

454 2055 652 2126 lippus.
706 2057 812 2115 Sed
853 2062 918 2118 de
961 2063 1028 2120 iis
1073 2065 1364 2125 hactenus.
1410 2067 1653 2142 Longius
1700 2072 1846 2128 enim
1894 2081 2043 2145 patet

453 2147 558 2202 ista
588 2148 908 2221 disputatio.

523 2327 639 2383 XV.
675 2330 831 2390 Nunc
864 2336 932 2391 ad
970 2337 1025 2393 id
1051 2339 1200 2410 quod
1225 2349 1344 2397 erat
1377 2342 1430 2397 in
1461 2346 1767 2414 quaestione
1799 2346 2036 2403 redeun-

451 2419 582 2475 dum
613 2433 717 2490 est,
743 2426 1025 2495 nimirum,
1063 2432 1468 2492 observandum
1504 2438 1640 2494 illud
1668 2454 1811 2506 esse,
1843 2456 2035 2512 quem-

453 2511 750 2571 admodum
790 2518 870 2574 illi
903 2537 1026 2578 cum
1063 2522 1293 2583 Joannis
1338 2540 1527 2586 essent
1566 2511 2039 2603 discipuli,ieique

450 2616 719 2663 navarent
765 2624 1013 2682 operam,
1048 2616 1194 2687 apud
1237 2616 1424 2676 Iesum
1462 2621 1639 2692 prima
1685 2623 1775 2679 die
1813 2638 2036 2680 manse-

452 2705 603 2753 runt.
638 2699 684 2754 A
716 2716 826 2772 quo
860 2706 1126 2776 postridie
1153 2707 1409 2781 digressi,
1454 2713 1653 2769 iterum
1700 2714 1768 2769 ad
1816 2717 2037 2784 piscan-

449 2789 580 2846 dum
624 2794 832 2852 reversi
881 2807 1031 2865 sunt,
1070 2802 1150 2856 uti
1194 2811 1524 2860 ceterorum
1575 2807 2035 2877 evangelistarum

450 2886 698 2942 narratio
742 2888 1009 2945 continet.
1046 2889 1263 2947 Etenim
1306 2895 1402 2950 ubi
1452 2894 1614 2953 Jesus
1656 2906 1873 2969 postera
1917 2900 2037 2957 luce

449 2977 734 3044 discessit,
772 2982 959 3037 statim
989 2985 1305 3056 evangelica
1336 2987 1471 3044 illud
1508 2990 1739 3047 historia
1771 2993 2033 3064 subjicit:

2143 1902 2268 1939 κται
2285 1886 2471 1948 ἐντοῖς
2499 1883 2872 1953 Εὐαγγελίοις·
2903 1882 3111 1955 Πέτρος
3138 1883 3374 1956 πρῶτος,
3399 1884 3596 1938 ἔπειτα
3619 1887 3739 1938 Ἀν-

2140 1976 2323 2048 δρέας,
2372 1973 2492 2031 εἶτα
2542 1976 2824 2041 Ἰάκωϐος,
2865 1971 2987 2028 εἶτα
3025 1975 3299 2047 Ἰωάννης·
3337 1977 3483 2048 μετά
3510 1976 3739 2041 τούτους

2141 2068 2429 2132 Φίλιππος.
2462 2067 2627 2122 Ἀλλά
2670 2068 2800 2138 περὶ
2840 2066 3044 2121 τούτων
3076 2066 3146 2121 τὰ
3186 2067 3282 2123 νῦν
3319 2067 3505 2122 ὲάσθω
3534 2067 3735 2138 λέγειν.

2143 2160 2318 2233 Πολλὴ
2364 2162 2475 2232 γάρ
2515 2163 2661 2215 ἐστιν
2710 2162 2743 2233 ὴ
2792 2159 2892 2231 τῆς
2938 2159 3323 2232 πραγματείας
3367 2152 3581 2231 ταύτης
3608 2161 3741 2214 ἁκο-

2140 2254 2347 2308 λουθία.

2210 2372 2313 2425 ιε’.
2345 2370 2441 2434 Εἰς
2466 2369 2521 2423 δὲ
2548 2370 2611 2423 τὸ
2639 2368 2973 2442 ζητούμενον
3004 2369 3414 2440 ἀνακαμπτέον,
3453 2369 3595 2441 ὅπερ
3618 2371 3738 2424 ἐστὶ

2140 2466 2499 2535 κατανοῆσαι,
2538 2462 2642 2526 ὅτι,
2700 2462 2953 2533 καθάπερ
3004 2461 3082 2532 τῷ
3144 2462 3367 2535 Ἰωάννῃ
3406 2461 3510 2533 ἤδη
3563 2463 3741 2533 μαθη-

2138 2555 2438 2627 τευόμενοι,
2475 2554 2570 2607 καὶ
2599 2557 2666 2625 τῇ
2702 2553 2968 2625 μαθητείᾳ
2993 2553 3437 2626 προσανέχοντες,
3469 2554 3742 2621 ὡσαύτως

2139 2649 2232 2701 καὶ
2261 2648 2409 2725 παρὰ
2438 2646 2517 2718 τῷ
2554 2645 2732 2718 Ἰησοῦ
2780 2647 3106 2719 ποιήσαντες
3138 2645 3360 2719 πρώτην
3404 2648 3649 2719 ἡμέραν,
3668 2651 3742 2721 τῇ

2138 2738 2266 2808 ἑξῆς
2310 2737 2660 2803 ἀπελθόντες,
2709 2736 2871 2792 πάλιν
2915 2739 2973 2791 ἐν
3035 2740 3101 2810 τῇ
3147 2738 3274 2810 ἁλίᾳ⁴
3311 2738 3632 2809 ἐσχόλαζον,
3662 2739 3745 2805 ὥς

2138 2827 2356 2898 ἔχουσιν
2419 2828 2476 2880 σί
2546 2826 2859 2882 ἀκολουθίαι
2916 2827 3025 2881 τῶν
3106 2829 3306 2901 ἑτέρων
3352 2829 3739 2898 Εὐαγγελίων.

2138 2919 2295 2974 Μετά
2325 2919 2435 2991 γὰρ
2468 2920 2527 2974 τὸ
2559 2920 2658 2992 τὴν
2683 2919 2873 2993 αὔριον
2913 2918 3149 2987 ἐξελθεῖν
3173 2920 3263 2975 τὸν
3302 2920 3531 2993 Ἰησοῦν,
3567 2922 3745 2988 εὐθὺς

2140 3013 2174 3084 ἡ
2218 3010 2507 3067 ἀκολουθία
2554 3011 2789 3080 φάσκει,
2826 3012 2909 3066 ὅτι
2968 3010 3047 3080 Τῇ
3095 3012 3263 3081 τρίτῃ
3300 3012 3491 3082 ἡμέρᾳ
3545 3013 3743 3085 γάμος

448 3070 550 3125 Die
585 3075 740 3128 tertia
776 3075 975 3143 nuptiae
1019 3076 1182 3147 facta:
1226 3089 1350 3135 sunt
1398 3083 1453 3137 in
1491 3081 1644 3139 Cana
1681 3083 1957 3150 Galilaew;
1988 3095 2039 3141 et

2143 3070 2377 3175 ἐγένετο
2430 3104 2499 3157 ἐν
2542 3070 2708 3170 [iani
2753 3070 2865 3172 τῆς
2896 3070 3263 3170 miluum:
3301 3070 3517 3176 xwai'ﬁo-

446 3173 562 3216 erat
602 3176 773 3222 mater
801 3167 933 3224 Jesu
963 3170 1059 3227 ibi.
1102 3171 1330 3230 Vocatus
1362 3186 1440 3230 est
1480 3187 1658 3232 autent
1695 3187 1745 3232 et
1776 3177 1955 3245 Iesus,
1985 3192 2034 3236 et

2143 3167 2336 3267 μίὶτηρ
2370 3195 2476 3251 τοῦ
2525 3167 2735 3263 Ἰησοῧ.
2778 3167 3038 3263 Ἐκλήθη
3058 3193 3127 3248 δὲ
3168 3167 3269 3248 καὶ
3301 3197 3334 3249 ὁ
3380 3167 3618 3264 Ἰησοῦς
3638 3167 3735 3253 καί

448 3254 701 3326 discipuli
720 3259 835 3329 ejus
866 3262 937 3315 ad
969 3266 1184 3333 nuptias
1207 3267 1249 3319 ¹.
1275 3265 1381 3322 Ubi
1416 3283 1483 3323 ex
1515 3270 1821 3326 enucleatis
1859 3274 2031 3327 utrin—

448 3361 558 3414 que
618 3349 960 3420 minutisque
1016 3355 1202 3411 verbis
1259 3371 1325 3411 ac
1380 3359 1669 3413 sententiis
1724 3360 2033 3432 colligitur,

447 3438 730 3495 Christum
782 3441 923 3498 alios
970 3459 1162 3501 secum
1210 3445 1510 3503 adduxisse
1559 3447 1884 3520 discipulos,
1942 3456 2036 3525 qui

449 3539 578 3579 cum
614 3543 686 3583 eo
733 3542 1136 3588 remanserant.
1179 3534 1506 3606 Cujusmodi
1555 3537 1697 3595 forte
1736 3538 2038 3601 Nathanael

448 3614 575 3680 l'uit,
606 3624 663 3671 et
700 3615 1013 3690 Philippus,
1055 3623 1261 3696 aliique
1295 3629 1585 3699 nonnulli;
1626 3646 1752 3686 nam
1785 3634 2038 3694 Andreas

445 3720 575 3763 cum
609 3709 729 3766 suis
771 3722 1098 3771 recesserat.
1134 3716 1241 3784 Qui
1271 3734 1403 3777 vero
1438 3723 1585 3793 apud
1624 3725 1778 3782 illum
1819 3744 2040 3788 manse-

447 3809 596 3870 rant,
637 3818 764 3860 cum
798 3820 865 3862 eo
894 3807 963 3862 ad
1003 3810 1228 3883 nuptias
1258 3812 1478 3870 invitati
1508 3825 1658 3872 sunt.
1688 3816 1887 3878 Postea
1910 3820 2049 3880 cum'

447 3895 690 3967 primum
722 3898 855 3954 illud
888 3903 1202 3975 prodigium
1250 3904 1496 3974 fecisset,
1546 3911 1601 3965 in
1654 3911 2042 3985 Capharnaitiv

448 4004 574 4044 cum
625 4005 818 4063 agrum
855 3995 1139 4065 profectus
1190 3997 1394 4055 ibidem
1445 4000 1711 4060 habitavit
1757 4025 1772 4065 :
1814 4024 1883 4064 ex
1928 4026 2039 4081 quo

447 4087 700 4152 tempore
750 4085 858 4140 alia
911 4086 1173 4159 deinceps
1220 4090 1490 4148 miracula
1542 4097 1710 4168 coepit
1750 4099 1934 4165 edere,
1980 4110 2038 4157 ut

449 4187 575 4226 cum
600 4175 812 4232 aridam
837 4177 1076 4237 hominis
1104 4197 1327 4239 manum
1352 4185 1578 4243 sanitati
1607 4190 1869 4246 restituit.
1898 4192 2036 4248 Tum

448 4262 597 4319 Petri
628 4281 853 4323 socrum
880 4274 1117 4330 curavit.
1153 4274 1253 4332 llic
1282 4278 1429 4335 enim
1454 4278 1746 4337 Bethsaida
1769 4284 2051 4342 oriundus

449 4373 518 4413 ex
553 4360 756 4429 oppido
794 4361 1181 4434 Capharnaum
1225 4388 1455 4429 uxorem
1489 4373 1743 4444 duxerat,
1776 4395 1898 4449 quae
1926 4378 2039 4436 duo

2143 3290 2198 3342 oi
2221 3287 2473 3355 μαθηταὶ
2496 3287 2681 3342 αὐτοῦ
2701 3288 2789 3353 εις
2818 3287 2927 3341 τὸν
2958 3286 3181 3357 γάμονί
3212 3284 3344 3339 Ἀπὸ
3367 3286 3423 3339 δὲ
3456 3287 3737 3358 ἑκατέρων

2143 3379 2251 3434 τῶν
2277 3380 2385 3447 τῆς
2400 3379 2755 3449 λεπτολογίας
2791 3380 3053 3453 ῥημάτων
3094 3379 3190 3433 καὶ
3218 3377 3538 3432 ὑποθέσεων
3564 3380 3737 3434 ίστέον

2146 3473 2315 3538 ἐστὶν,
2346 3474 2429 3527 ὃτι
2459 3473 2552 3526 καὶ
2581 3472 2802 3545 ἑτέρους
2840 3473 3261 3544 συμπαρείληιρε
3301 3470 3581 3544 μαθητάς,
3603 3474 3735 3526 oin-

2146 3584 2234 3630 νες
2266 3567 2364 3620 σὺν
2415 3564 2562 3635 αὑτῷ
2590 3564 2834 3636 ἔμειναν.
2888 3564 3040 3636 Τάχα
3087 3564 3145 3618 δὲ
3180 3565 3229 3619 οἱ
3259 3566 3390 3636 περὶ
3413 3564 3735 3636 Ναθαναὴλ,

2146 3656 2241 3710 καὶ
2265 3655 2844 3719 Φίλιππον,καὶ·ἀλλοι
2868 3655 3033 3719 τινές.
3073 3656 3136 3709 Οἱ
3160 3654 3269 3727 γάρ
3309 3655 3438 3728 περὶ
3479 3655 3738 3726 Ἀνδρέαν

2147 3746 2523 3820 ἀνεχώρησαν.
2548 3748 2612 3801 Οἱ
2636 3746 2693 3801 δὲ
2712 3747 2842 3820 παρ’
2867 3746 3014 3818 αὐτῷ
3033 3747 3406 3818 μεμενηκότες
3423 3747 3634 3820 ἐκλήθη
3644 3764 3737 3801 σαν

2147 3845 2243 3899 καὶ
2298 3845 2451 3898 αὐτοὶ
2510 3845 2590 3908 εἰς
2631 3844 2757 3907 τοὺς
2805 3843 3038 3914 γάμους.
3080 3844 3190 3897 Καὶ
3229 3842 3369 3913 μετά
3409 3842 3474 3895 τὸ
3514 3842 3736 3914 ποιῆσαι

2145 3938 2304 3992 τοῦτο
2344 3936 2556 4008 πρῶτον
2615 3938 2861 4007 σημεῖον,
2914 3933 3190 3989 κατελθὼν
3245 3936 3324 3998 εἰς
3359 3933 3429 3987 τά
3472 3935 3617 4008 μέρη
3640 3934 3736 4004 τῆς

2146 4028 2527 4100 Καφαρναοὺμ
2554 4025 2723 4080 ἐλθὼν
2775 4025 3085 4098 κατῴκησε·
3122 4027 3215 4080 καὶ
3267 4025 3457 4080 λοιπὸν
3534 4029 3735 4098 σημεῖα

2146 4120 2265 4174 ἐκεῖ
2305 4119 2416 4192 ('58)
2462 4118 2691 4191 ἄρχεται
2741 4118 3069 4192 ἐργάζεσθαι
3112 4120 3303 4191 ἕτερα·
3351 4121 3444 4175 ὅτε
3488 4119 3588 4192 τὴν
3641 4117 3733 4172 τοῦ

2148 4209 2320 4283 ξηράν
2353 4208 2569 4280 ἔχοντος
2603 4211 2761 4280 χεῖρα
2789 4210 2993 4264 ἰάσατο.
3031 4210 3190 4264 Ἀλλὰ
3213 4211 3309 4265 καὶ
3332 4211 3435 4283 τὴν
3467 4211 3733 4283 πενθερὰν

2145 4301 2240 4356 τοῦ
2273 4301 2500 4374 Πέτρου,
2537 4302 2632 4355 τοῦ
2666 4301 2764 4373 μὲν
2806 4302 2914 4356 ἀπὸ
2944 4303 3228 4375 Βηθσαῖδᾶ
3254 4304 3429 4372 ὄντος,
3455 4309 3734 4377 γήμαντος

2146 4391 2203 4445 δὲ
2218 4391 2326 4445 ἀπὸ
2355 4392 2757 4463 Καφαρναοὺμ,
2791 4394 3009 4466 μακρὰν
3031 4394 3051 4425 ³
3071 4394 3240 4448 ὄντων
3266 4394 3376 4449 τῶν
3406 4396 3591 4449 τόπων
3614 4396 3732 4449 τού-

450 4454 654 4555 oppida
690 4455 855 4555 haud-
871 4462 1063 4530 procul
1094 4478 1124 4516 a
1159 4479 1218 4520 se
1254 4466 1489 4523 invicem
1524 4468 1723 4526 dissita
1757 4480 1906 4528 sunt.
1936 4472 2027 4529 So.

2143 4499 2249 4536 των
2264 4480 2342 4552 τῷ
2374 4481 2723 4554 διαστήματι,
2758 4484 2960 4554 ταύτην
2997 4484 3104 4538 ἀπὸ
3132 4484 3225 4538 τοῦ
3262 4485 3504 4555 πυρετοῦ
3537 4485 3730 4539 διασὼι-

449 4560 583 4603 crus
618 4546 787 4619 igitur
818 4547 966 4606 Petri
999 4567 1031 4607 a
1064 4552 1314 4614 febribus
1343 4557 1576 4615 liberata
1605 4572 1830 4632 repente
1864 4563 2034 4619 mini-

449 4636 670 4693 atravit.
706 4639 801 4697 Sic
839 4641 984 4696 enim
1022 4645 1364 4703 narrationis
1406 4649 1546 4706 ordo
1577 4654 1903 4722 pertexitur.
1941 4655 2040 4713 His

450 4728 525 4782 ita
565 4731 736 4800 gestis
774 4731 1128 4803 Nazaretum,
1181 4739 1273 4795 ubi
1316 4740 1589 4801 educatus
1623 4745 1824 4811 fuerat,
1856 4748 2039 4805 denuo

449 4823 763 4881 revertitur.
799 4825 938 4883 Tum
971 4828 1191 4887 demum
1232 4833 1387 4891 Isaia:
1414 4837 1694 4915 prophetat
1722 4838 1926 4895 librum
1961 4842 2037 4899 le-

447 4914 547 4984 git,
571 4918 793 4987 quando
822 4930 877 4977 et
906 4923 1269 4995 occupatione
1296 4914 1537 4999 quadam
1571 4930 1651 4987 sic
1681 4930 1805 4987 illos
1826 4932 2036 4990 allocu-

448 5012 539 5063 tus
569 5017 656 5066 est
686 5029 699 5067 :
733 5012 924 5086 Utique
958 5015 1147 5073 dicetis
1179 5019 1311 5076 mihi
1347 5020 1484 5075 hanc
1519 5022 1834 5090 parabolam
1870 5040 1889 5078 :
1921 5024 2036 5080 Με-

518 5209 536 5240 ¹
568 5210 729 5268 Joan.
761 5231 799 5279 ι,
825 5215 896 5270 42
925 5231 1047 5287 sqq.
1094 5298 1096 5300 ν
1124 5219 1144 5249 ³
1169 5216 1327 5273 Joan.
1361 5220 1472 5286 ",1
1517 5236 1618 5293 sqq

516 5381 630 5468 {68)
661 5386 794 5468 Καὶ·
823 5388 1299 5468 λοιπὸνλσημεῒα
1364 5392 1506 5450 ἐκεῖ.
1540 5393 1671 5451 Post
1718 5397 2034 5468 nuptiarum

444 5453 684 5535 (iniciunt
735 5456 991 5535 Christus
1030 5453 1414 5535 Capharn‘aunt
1477 5481 1601 5523 sese
1639 5453 1893 5535 contu'lit,
1943 5469 2036 5524 ubi

447 5527 1127 5606 prodigianmulta.patrata
1147 5527 1320 5587 credit
1342 5531 1704 5606 Epiphanius,
1734 5527 1891 5595 velut
1911 5554 2036 5595 cum

447 5596 668 5652 socrum
696 5596 840 5654 Petri
875 5596 1195 5669 febrientem
1211 5596 1461 5669 curavit;
1476 5614 1529 5661 et
1557 5596 1767 5663 aridam
1796 5609 2037 5665 hominis

454 5681 677 5742 manum
710 5669 973 5727 restituit.
1034 5667 1141 5726 Sed
1171 5667 1452 5742 perperam
1482 5676 1599 5732 haec
1627 5680 1737 5732 duo
1770 5683 2035 5734 miracula

451 5738 506 5794 in
569 5739 711 5797 idem
768 5746 983 5817 tempus
1027 5738 1299 5815 conjecta".
1357 5743 1491 5801 Nam
1522 5749 1776 5817 alterum,
1812 5751 1916 5807 hoc
1947 5758 2034 5807 est

2145 4571 2249 4636 ζει,
2283 4570 2378 4624 καὶ
2428 4570 2825 4643 θεραπευθεῖσα
2863 4572 3136 4642 διηκόνει·
3166 4571 3309 4625 ὥστε
3348 4569 3492 4626 εἶναι
3533 4574 3730 4645 ταύτην

2141 4660 2483 4717 ἀκολουθίαν.
2535 4663 2645 4715 Καὶ
2689 4661 2826 4730 μετά
2857 4660 3031 4715 ταῦτα
3066 4661 3226 4716 πάλιν
3272 4662 3441 4717 αὐτοῦ
3471 4662 3731 4735 ἀναστρέ-

2139 4752 2342 4822 ψαντος
2385 4755 2465 4817 είς
2508 4754 2607 4824 τὴν
2640 4753 2921 4827 Ναζαρὲτ,
2958 4756 3090 4809 ὅπου
3123 4750 3189 4827 ἦν
3221 4755 3728 4829 ἀνατεθραμμένος.

2141 4844 2276 4898 Τότε
2306 4844 2516 4914 ἀνέγνω
2544 4844 2606 4898 τὸ
2640 4845 2841 4915 βιϐλίον
2869 4847 3087 4900 Ἡσαΐου
3114 4846 3207 4901 τοῦ
3233 4849 3546 4919 προφήτου,
3572 4848 3728 4904 αὑτοῦ

2139 4937 2326 4992 λοιπὸν
2350 4937 2714 5009 προλαϐόντος
2733 4939 2955 5004 αὐτοὺς,
2982 4941 3077 4994 καὶ
3088 4939 3358 5007 λέγοντος,
3382 4941 3470 4994 ὃτι
3488 4942 3728 5004 Πάντως

2141 5027 2327 5096 ἐρεῖτέ
2359 5047 2461 5098 μοι
2503 5029 2619 5100 τὴν
2648 5029 3002 5099 παραϐολήν
3022 5049 3036 5062 ·
3093 5028 3298 5098 Ἰατρέ,
3353 5032 3732 5101 θεράπευσον

1718 5223 1740 5254 ³
1779 5222 1941 5281 Deest
1975 5225 2169 5296 Opinor
2193 5227 2256 5280 οὐ
2292 5245 2459 5301 μακρ.

2139 5399 2309 5477 arida:
2344 5418 2538 5477 manus
2567 5403 2863 5477 restitutio,
2901 5404 3061 5477 longe
3088 5414 3213 5476 post
3247 5407 3404 5476 prius
3439 5409 3573 5463 illud
3603 5425 3732 5463 con-

2138 5471 2282 5542 tigit,
2346 5474 2604 5550 nimirum
2661 5484 2784 5550 post
2814 5471 3028 5550 Pascha
3050 5494 3068 5549 ;
3091 5471 3424 5550 :secundutn
3458 5481 3603 5550 quod
3633 5495 3732 5549 per

2138 5553 2421 5620 satagunt
2456 5542 2754 5620 discipulis
2797 5542 3061 5620 transiit.’
3087 5545 3194 5620 Sed
3227 5547 3309 5620 de,
3341 5548 3413 5604 iis
3440 5542 3731 5620 posteaad

2137 5627 2196 5668 η.
2235 5612 2491 5690 ΧΧἚᾞ.Δ
2518 5612 2782 5690 Imposuit
2844 5612 3490 5690 Epiphanioamultiplex
3533 5635 3598 5676 ac
3641 5618 3731 5675 ἀί-

2136 5699 2332 5742 versus
2361 5686 2426 5741 ad
2452 5685 2835 5757 Capharnaun‘t
2865 5685 3046 5743 aditus
3072 5687 3303 5743 Christi.
