3866 6068
230 262 333 319 917

931 260 1304 317 ADVERSUS
1345 259 1686 316 ll/ERESES
1726 258 1851 315 LIB.
1885 257 1950 316 ll.
1992 257 2154 314 ΤΟΜ.
2190 258 2231 313 Ι.
2259 255 2621 312 -—H}ERES.
2653 254 2717 310 ιι

3379 246 3489 306 9Τ8

226 384 501 440 σεαυτόν.
549 381 702 437 Ὅσα
759 382 1112 450 ἠκούσαμεν
1155 381 1373 450 σημεῖα
1418 381 1712 451 γενόμενα
1737 380 1809 435 ἐν

1917 379 2045 443 dice,
2072 394 2201 434 cura
2231 380 2476 449 teipsum.
2512 376 2728 445 Quanta
2755 374 3055 429 audivimus
3080 372 3230 444 signa
3262 372 3407 440 facta
3434 371 3489 425 in

228 473 646 545 Καφαρναοὺμ,
672 474 937 539 ποίησον
956 471 1052 524 καὶ
1071 466 1188 524 ὦδε
1213 471 1285 522 ἐν
1314 469 1385 538 τῇ
1411 470 1645 540 πατρίδι
1666 485 1805 525 σου.

296 567 405 622 Καὶ
429 566 583 637 ὁρᾷς,
613 564 686 627 ὡς
723 564 839 617 ἐστι
870 564 971 633 τῆς
991 561 1252 632 ἀληθείας
1282 564 1316 633 ἡ
1344 561 1637 615 ἀκολουθία
1657 578 1672 627 ;
1696 560 1809 614 Καὶ

225 658 324 711 οὐκ
355 654 576 725 ἐποίησε
607 652 698 706 διά
737 653 837 725 τὴν
878 651 1137 706 ἀπιστίαν
1169 650 1347 705 αὐτῶν
1368 691 1384 717 ,
1415 651 1602 722 φησιν,
1633 649 1806 704 οὐδέν.

226 745 489 801 Κάκεῖθεν
520 741 807 816 παρελθὼν
829 745 910 807 εἰς
947 744 1047 815 τὴν
1067 744 1445 814 Καφαρναοὺμ
1470 742 1644 808 πόλιν,
1680 758 1811 796 κατ-

222 838 424 911 ᾤκησε.
480 835 587 891 Καὶ
631 834 800 889 ἐλθὼν
844 836 926 899 είς
965 834 1034 888 τὰ
1078 834 1218 907 μέρη
1252 834 1356 904 τῆς
1403 833 1699 904 θαλάσσης,
1734 832 1810 898 ὥς

226 941 388 996 φησι)
411 926 441 979 ό
473 922 773 988 Ματθαῖος,
814 919 937 977 εἶδε
968 924 1207 993 Σίμωνα
1243 924 1491 992 Πέτρον,
1534 922 1635 977 καί
1683 923 1812 978 Ἀν-

225 1015 402 1085 δρέαν
425 1014 534 1068 τὸν
558 1014 830 1084 ἀδελφόν
870 1016 1058 1071 αὑτοῦ
1080 1015 1434 1082 βάλλοντας
1464 1014 1536 1070 τὰ
1560 1014 1775 1070 δίκτυα
1794 1032 1807 1047 ⁸

225 1111 319 1162 καὶ
362 1107 526 1162 πάλιν
589 1108 844 1163 Ἰάκωϐον
891 1109 986 1163 καὶ
1028 1109 1283 1181 Ἰωάννην
1316 1109 1467 1173 υἱοὺς
1499 1107 1808 1174 Ζεϐεδαίου,

225 1200 317 1254 καὶ
343 1200 405 1253 τὸ
447 1198 628 1253 τέλεον
673 1201 873 1265 αὐτοὺς
899 1200 1149 1255 ἐκάλεσε.
1193 1202 1307 1254 Καὶ
1340 1201 1597 1272 ῥίψαντες
1624 1200 1812 1254 λοιπὸν

222 1289 289 1343 τά
318 1288 532 1354 δίκτυα,
564 1287 939 1360 ἠκολούθησαν
972 1288 1143 1361 αὐτῷ.
1187 1288 1248 1346 '0
1273 1289 1329 1344 δὲ
1355 1291 1570 1355 Λουκᾶς
1593 1290 1688 1345 καὶ
1711 1291 1812 1360 τὴν

221 1381 507 1455 ἀκρίϐειαν
537 1382 796 1453 σημαίνει
820 1381 916 1436 τοῦ
946 1383 1296 1454 πράγματος,
1323 1382 1406 1437 διὸ
1429 1384 1445 1415 ί
1470 1384 1565 1438 καὶ
1585 1383 1811 1454 ἠκολού-

222 1473 393 1544 θησαν
432 1472 623 1526 λοιπὸν
657 1473 1085 1546 ἀμετάτρεπτοι,
1122 1473 1323 1544 μηκέτι
1382 1472 1811 1545 ἀναϐαλλόμενοι

218 1566 319 1636 τῆς
365 1567 635 1638 κλήσεως,
689 1567 890 1637 φήσας,
946 1568 1031 1621 ὅτι
1077 1565 1355 1631 Ἐλθόντος
1386 1566 1554 1620 αὐτοῦ
1584 1566 1679 1620 ἐπὶ
1712 1564 1813 1638 τὴν

194 1659 413 1731 ολίμνην
444 1661 809 1733 Γεννησαρὲὼ
844 1656 953 1715 εἶδε
992 1661 1214 1733 Σίμωνα
1248 1661 1342 1715 καὶ
1393 1661 1647 1732 Ἀνδρέαν
1677 1677 1811 1714 κατ’

216 1717 541 1824 αρτίέοντας
599 1717 672 1807 τὰ
694 1717 905 1816 δίκτυα,
945 1717 1244 1825 καὶιάνέὸη
1292 1754 1373 1823 είς
1434 1752 1496 1806 τὸ
1521 1717 1739 1819 ’πλοῖον,
1780 1751 1810 1805 ὃ
1841 1717 1884 1777 Β

213 1839 282 1916 ἦν
327 1844 595 1916 Σίμωνος,
658 1846 812 1916 φησὶ.
867 1846 1079 1917 Πέτρου
1111 1846 1206 1900 καὶ
1250 1843 1521 1915 Ἀνδρέου.
1546 1842 1721 1897 Τοῦτο
1742 1842 1802 1896 δὲ

218 1937 499 2008 σημαίνει,
546 1936 624 2001 ὡς
681 1937 783 2009 ἤδη
815 1937 967 2002 ὄντος
999 1936 1166 1991 αὐτοῦ
1208 1937 1267 1989 ὲν
1303 1938 1415 1999 τοῖς
1437 1937 1458 1968 ¹
1492 1935 1552 1989 ὲν
1585 1934 1806 2005 γνώσει.

215 2028 308 2082 Διὸ
335 2027 426 2081 διά
456 2030 561 2100 τὴν
596 2027 885 2099 συνήθειαν
908 2029 1002 2082 καὶ
1035 2029 1384 2100 προσήκαντο
1406 2041 1423 2060 ο
1453 2026 1548 2081 καὶ
1573 2024 1811 2080 ἀνελθὼν

215 2119 492 2173 ἐκάθισεν.
543 2115 678 2173 Εἶτα
724 2118 870 2188 λέγει
909 2118 987 2190 τῷ
1021 2120 1214 2193 Πέτρῳ
1249 2118 1388 2191 μετὰ
1426 2117 1527 2191 τὴν
1553 2119 1812 2173 διδασκα-

215 2210 332 2266 λίαν
348 2228 363 2244 σ
401 2210 784 2281 Ἐπανάγαγε
805 2213 891 2279 εὶς
914 2211 982 2266 τὸ
1005 2212 1222 2278 βάθος,
1253 2212 1352 2267 καί
1397 2211 1712 2281 χαλάσατε
1738 2214 1812 2266 τὰ

210 2302 448 2357 δίκτυα.
497 2305 564 2356 Ol
599 2302 667 2356 δὲ
695 2299 869 2357 εἷπον
886 2319 900 2334 ·
949 2300 1294 2357 Ἐπιστάτα.
1321 2302 1457 2374 Ἤδη
1474 2302 1582 2375 γὰρ
1603 2302 1690 2356 διὰ
1711 2303 1810 2375 τὴν

214 2393 307 2446 τοῦ
349 2394 608 2447 Ἰωάννου
643 2392 950 2463 μαρτυρίαν
985 2392 1285 2462 ἐπιστάτην
1314 2391 1477 2445 αὑτὸν
1505 2391 1735 2446 ἐκάλουν
1760 2394 1810 2446 oi

220 2484 487 2556 πρότερον
516 2483 684 2539 αὑτοῦ
708 2482 1062 2548 ἀκούσαντες,
1091 2484 1172 2538 ὅτι
1210 2483 1365 2537 Ἰδοὺ
1404 2487 1437 2538 ό
1471 2484 1678 2553 Ἁμνὸς
1702 2484 1810 2539 τοῦ

221 2574 387 2639 θεοῦ,
412 2578 446 2629 ὁ
463 2575 655 2644 αἴρων
680 2574 798 2642 τὴν
824 2576 1119 2644 ἁμαρτίαν
1134 2574 1243 2630 τοῦ
1263 2576 1498 2644 κόσμου
1519 2591 1533 2605 ·
1567 2577 1665 2630 καὶ
1726 2577 1810 2630 ὅτι

215 2666 343 2738 παρ’
390 2665 548 2738 αύτῷ
582 2665 805 2737 ἔμειναν
829 2665 926 2738 τὴν
947 2665 1191 2737 ἡμέραν,
1215 2666 1311 2720 καὶ
1332 2667 1412 2730 είς
1437 2665 1535 2738 τὴν
1554 2666 1812 2739 δευτέραν

216 2754 462 2828 ἐξῆλθον.
678 2776 687 2782 ⁸

282 2848 608 2902 Μετέπειτα
668 2848 728 2903 ὲν
769 2851 836 2920 τῇ
861 2848 1011 2920 ἄγρᾳ
1035 2847 1145 2901 τῶν
1183 2847 1380 2919 ίχθύων
1414 2847 1810 2921 θαυμασάντων

215 2938 416 3002 αὐτῶν,
438 2940 537 2994 καὶ
564 2940 779 3012 Πέτρου
801 2940 1049 3009 λέγοντος
1066 2956 1081 2972 ³
1118 2939 1371 3006 Ἔξελθε
1391 2940 1493 2995 ἀπ’
1519 2939 1685 3010 ἐμοῦ,
1722 2939 1811 2994 ὅτι

1910 471 2314 540 Capharnaum,
2345 469 2433 539 fac
2460 469 2544 523 hic
2572 469 2626 522 in
2655 468 2833 537 patria
2870 475 2962 520 tua
2983 465 3025 518 ³.

1984 561 2171 618 Viden’
2198 576 2364 633 quam
2396 561 2469 618 sit
2499 560 2750 617 veritatis
2779 565 3037 615 conserta
3060 556 3492 624 continuataque

1909 653 2116 709 series?
2146 650 2415 707 Caeterum
2454 651 2667 705 nullum
2702 649 2777 704 ibi
2809 655 3031 719 propter
3062 648 3282 703 illorum
3311 649 3491 704 incre-

1908 743 2196 800 dulitatem
2245 742 2463 814 signum
2518 741 2710 797 edidit.
2761 740 2892 796 Inde
2935 739 3320 811 Capharnaum
3364 752 3494 809 pro-

1912 835 2108 901 fectus,
2138 835 2196 890 in
2221 849 2288 891 eo
2313 832 2518 904 oppido
2545 831 2771 889 resedit.
2809 830 2941 889 Post
2962 832 3030 887 ad
3059 831 3338 885 maritima
3368 831 3490 885 loca

1909 927 2247 998 digrediens,
2281 926 2448 999 5.38
2484 932 2714 980 auclore
2748 922 3027 987 Mattltaao,
3059 922 3191 976 vidit
3224 919 3489 977 Simonem

1911 1017 2154 1083 Petrum,
2192 1026 2244 1073 et
2275 1016 2544 1071 Andream
2575 1013 2799 1084 fratrem
2828 1012 2944 1082 ejus
2986 1013 3252 1066 mittentes
3294 1011 3429 1064 retia
3448 1010 3488 1061 ⁵.

1912 1108 2051 1165 Τιιηι
2086 1107 2353 1165 Iacobum
2387 1117 2444 1164 et
2475 1106 2742 1162 Joannem
2790 1105 2933 1160 tilios
2976 1102 3245 1167 Zebedaei,
3279 1118 3343 1156 ac
3371 1116 3493 1171 per-

1913 1201 2056 1258 fecte
2095 1200 2319 1257 demum
2367 1200 2493 1255 illos
2536 1198 2808 1254 evocavit.
2846 1196 2948 1264 Qui
3002 1196 3216 1252 retibus
3265 1194 3494 1265 abjeclis

1912 1293 2088 1350 secuti
2121 1302 2251 1349 sunt
2278 1292 2528 1364 ipsum“.
2559 1291 2733 1359 Quam
2772 1305 2886 1346 rem
2928 1288 3345 1345 accuratissime
3382 1285 3491 1339 Lu-

1911 1399 2007 1441 cas
2030 1386 2326 1456 expressit,
2360 1399 2460 1440 cur
2488 1384 2564 1438 ita
2595 1382 2769 1440 secuti
2803 1383 2936 1448 sint,
2973 1396 3257 1452 nunquam
3290 1388 3351 1433 ut
3377 1394 3494 1433 am-

1913 1478 2058 1550 plius
2081 1477 2473 1544 discesserint;
2499 1490 2603 1532 nec
2622 1475 2803 1531 vocati
2824 1474 3161 1531 distulerint.
3193 1473 3270 1528 lla
3294 1472 3495 1549 quippe

1912 1570 2141 1642 scripsit
2172 1589 2188 1627 :
2218 1569 2358 1626 Cum
2386 1569 2454 1623 ad
2486 1569 2667 1623 lacum
2698 1566 3034 1625 Genesareth
3062 1566 3323 1631 venisset,
3360 1563 3496 1619 vidit

1915 1660 2204 1732 Simonem
2228 1669 2284 1717 et
2311 1660 2589 1716 Andream
2619 1661 2929 1716 reﬁcientes
2954 1659 3133 1726 retia;
3166 1668 3222 1714 et
3246 1655 3497 1711 ascendit

1913 1754 1970 1809 in
2012 1754 2219 1818 navim,
2271 1766 2395 1823 quae
2439 1758 2560 1807 erat
2609 1751 2853 1808 Simonis
2894 1749 3065 1813 Petri,
3105 1758 3161 1805 et
3192 1747 3425 1803 Andreae
3450 1747 3492 1803 ⁸.

1913 1843 2071 1913 Quod
2102 1843 2321 1915 quidem
2353 1844 2619 1908 declarat,
2646 1843 2762 1913 jam
2793 1843 2937 1898 inter
2968 1843 3121 1913 ipsos
3151 1841 3390 1912 aliquam
3419 1839 3499 1894 in-

1911 1936 2237 1993 tercessisse
2266 1935 2542 1991 notitiam.
2573 1934 2736 1990 Hunc
2764 1934 2935 2005 igitur
2963 1943 3186 2004 propter
3210 1931 3498 1987 familiari-

1913 2034 2079 2084 tatem
2130 2028 2434 2098 accipiunt,
2489 2036 2545 2084 et
2589 2028 2637 2083 is
2690 2041 2997 2083 conscenso
3050 2026 3269 2097 navigio
3333 2024 3496 2081 sedit.

1913 2118 2054 2175 Tum
2084 2127 2145 2173 ut
2170 2118 2372 2174 docere
2399 2119 2660 2190 populum
2689 2120 2874 2184 desiit,
2901 2118 3123 2175 Petrum
3155 2119 3228 2174 ita
3257 2119 3498 2188 compel-

1913 2212 1990 2265 lat
2023 2228 2038 2268 :
2070 2210 2249 2265 Reduc
2286 2213 2342 2266 in
2374 2213 2566 2277 altum,
2597 2221 2647 2266 et
2688 2212 2869 2266 laxate
2916 2213 3076 2266 retia.
3126 2212 3196 2265 At
3232 2210 3316 2264 illi
3344 2211 3496 2265 dixe-

1913 2313 2065 2357 runt:
2083 2302 2381 2374 Prwceptor
2401 2311 2442 2357 ⁷.
2459 2302 2578 2357 Jam
2602 2303 2749 2357 enim
2773 2304 2843 2358 ob
2865 2301 3093 2358 Joannis
3121 2302 3495 2368 testimonium

1913 2402 2304 2467 praeceptorem
2350 2396 2503 2450 illum
2536 2396 2838 2461 vocabant;
2887 2409 3013 2451 cum
3059 2394 3127 2449 ab
3158 2409 3224 2449 eo
3257 2394 3494 2464 primum

1913 2488 2265 2544 audiissent:
2307 2486 2444 2542 Ecce
2485 2486 2662 2558 Agnus
2713 2486 2834 2552 Dei,
2890 2487 2981 2556 qui
3036 2485 3176 2540 tollit
3225 2495 3497 2553 peccatum

1913 2580 2169 2646 mundi”;
2200 2586 2256 2634 et
2281 2578 2469 2635 eadem
2505 2579 2595 2634 die
2623 2594 2749 2634 cum
2781 2594 2848 2635 eo
2874 2577 3197 2635 commorati
3231 2576 3503 2649 postridie

1913 2671 2292 2728 recessissent.

1984 2847 2117 2905 Post
2149 2849 2265 2905 haec
2304 2849 2359 2905 in
2405 2848 2616 2921 piscatu
2649 2848 3001 2906 vehementer
3031 2849 3183 2904 illum
3219 2846 3500 2904 admiran-

1913 2940 2084 3003 tibus,
2133 2954 2199 2996 ac
2234 2939 2450 2998 dicente
2481 2941 2645 2997 Petro
2678 2959 2691 2995 :
2723 2939 2947 2996 Discede
2984 2957 3018 2994 a
3046 2957 3149 3005 me,
3184 2943 3311 3010 quia
3344 2941 3500 2995 homo

214 3027 369 3098 ἀνὴρ
385 3030 742 3100 ἁμαρτωλός
760 3032 897 3100 ειμι,
943 3030 1123 3099 Κύριε
1162 3029 1325 3101 (τάχα
1336 3029 1446 3102 γάρ
1464 3029 1560 3083 καὶ
1587 3029 1811 3101 μετεμέ-

1917 3044 2156 3103 peccator
2201 3036 2363 3089 sum’
2395 3034 2675 3107 (fortassis
2734 3036 2881 3090 enim
2934 3034 3236 3106 paenitebat
3294 3035 3496 3106 ipsum,

216 3122 336 3175 λετο
358 3122 450 3176 διὰ
504 3122 571 3176 τὸ
616 3122 881 3194 πρότερον
907 3122 1070 3175 αὐτὸν
1106 3120 1425 3193 κεκλῆσθαι,
1457 3121 1554 3174 καὶ
1587 3120 1814 3191 στρέψαι

216 3214 307 3267 ἐπὶ
323 3215 457 3278 τοὺς
476 3212 696 3285 ἰχθύας.
717 3213 813 3266 καὶ
833 3213 932 3284 τὴν
953 3211 1291 3284 ἀνεργασίαν
1318 3213 1417 3283 τῆς
1447 3209 1653 3281 ἀλείας)
1678 3229 1690 3241 ·
1715 3214 1744 3266 ὁ
1758 3211 1817 3266 δὲ

216 3300 337 3357 εἷπε
358 3323 372 3335 ·
395 3303 499 3373 Μὴ
517 3302 711 3374 φοϐοῦ
729 3320 744 3336 ο
778 3302 1212 3376 παραθαρσύνων
1237 3302 1420 3367 αὑτὸν,
1456 3303 1539 3356 ὅτι
1579 3302 1680 3356 οὐκ
1714 3304 1819 3357 ἀπ-

216 3398 517 3470 ηγορεύθη,
549 3396 666 3452 ἀλλ’
687 3396 1002 3450 ὃτιδύναται
1026 3397 1123 3466 τῆς
1159 3394 1404 3467 κλήσεως
1425 3394 1815 3466 ἔχεσθαι.’¹οτι,

217 3490 405 3560 φησιν,
432 3490 560 3545 άπὸ
590 3488 698 3544 τοῦ
732 3488 852 3543 νῦν
881 3487 1234 3556 ἀνθρώπους
1276 3486 1393 3555 ἔσῃ
1430 3484 1694 3558 ζωγρῶν·
1728 3485 1818 3539 ὅτε

216 3583 309 3635 καὶ
332 3582 433 3636 σὺν
454 3585 574 3647 τοῖς
609 3582 855 3653 μετόχοις
884 3583 999 3644 τοῖς
1016 3581 1074 3632 ὲν
1104 3578 1184 3650 τῷ
1202 3579 1374 3650 ἑτέρῳ
1400 3578 1570 3651 πλοίῳ
1592 3577 1818 3632 ἕνευσαν

214 3671 296 3734 εἰς
350 3670 625 3742 σύλληψιν
682 3670 838 3741 ἥκειν
890 3656 997 3739 ’τῆς
1029 3668 1203 3738 αὐτῆς
1245 3667 1442 3741 ἄγρας.
1479 3664 1661 3722 Ἦσαν
1708 3667 1822 3737 γὰρ

214 3762 594 3829 κοινωνοὶ,ὥς
635 3778 790 3833 φησι,
828 3759 908 3831 τῷ
938 3760 1167 3830 Σίμωνι,
1210 3758 1463 3830 καθάπερ
1493 3759 1607 3814 ἄνω
1647 3759 1819 3829 κάμοὶ

215 3854 627 3927 προδεδήλωται
649 3856 713 3907 ἐκ
731 3853 828 3926 τῆς
844 3852 1152 3917 ὑποθέσεως
1173 3851 1378 3925 ταύτης
1397 3868 1410 3883 °
1438 3848 1542 3905 Δύο
1564 3851 1664 3923 μὲν
1686 3851 1819 3904 ἀκο-

215 3945 608 4019 λουθησάντων
658 3946 807 4017 αὐτῷ
866 3946 1019 4018 παρά
1052 3946 1300 4001 Ἰωάννου
1352 3945 1693 4015 ἀκηκοότων,
1744 3937 1819 3998 ὧν

213 4038 309 4092 δύο
342 4034 427 4105 εἷς
491 4036 564 4111 ἦν
600 4042 629 4094 ό
684 4039 960 4111 Ἀνδρέας.
1003 4039 1117 4108 Ἐφ’
1161 4041 1293 4111 ἡμῖν
1325 4038 1383 4092 δὲ
1418 4037 1819 4110 διανενοημένοι

214 4130 529 4197 καλλίστως
558 4131 651 4185 τὸν
672 4132 859 4204 ἓτερον
891 4127 1031 4187 εἶναι
1062 4132 1206 4203 τάχα
1227 4131 1325 4185 ἕνα
1360 4130 1469 4183 τῶν
1492 4129 1625 4183 υἱῶν
1656 4128 1821 4184 Ζεϐε-

213 4221 387 4289 δαίου,
415 4223 511 4278 διὰ
557 4223 620 4277 τὸ
661 4225 926 4296 συνεργὸν
958 4226 1053 4280 καὶ
1082 4225 1314 4295 μέτοχον
1340 4225 1436 4276 καὶ
1479 4220 1816 4277 κοινωνικόν.

214 4317 326 4371 Καὶ
348 4316 546 4371 λοιπὸν
583 4316 721 4387 μετὰ
758 4318 931 4372 ταῦτα
953 4318 1134 4371 πάντα
1164 4316 1594 4385 καταλείψαντες
1620 4314 1669 4367 οἱ
1697 4313 1821 4371 τέσ-

1918 3126 2065 3197 quod
2098 3126 2167 3186 ab
2201 3126 2295 3182 illo
2343 3136 2570 3183 vocatus
2619 3127 2779 3181 initio
2817 3126 2886 3181 ad
2932 3127 3268 3197 piscatnram
3316 3126 3500 3182 denuo

1919 3219 2221 3291 rediisset),
2252 3219 2327 3274 ita
2361 3216 2627 3274 Dominus
2653 3217 2985 3287 alloquitur:
3015 3215 3145 3270 Noli
3184 3217 3403 3281 timere;
3441 3229 3503 3274 ut

1916 3313 2072 3368 illum
2104 3311 2175 3368 ab
2209 3325 2276 3366 eo
2312 3319 2459 3366 metu
2490 3309 2877 3378 conﬁrmaret;
2918 3323 3020 3363 nec
3060 3323 3122 3363 se
3146 3308 3500 3379 repudiatum
3602 3328 3613 3335 *

1917 3403 2146 3459 omnino
2171 3409 2391 3475 putaret
2420 3417 2579 3470 esse;
2609 3400 2704 3458 sed
2742 3396 2987 3473 pristina;
3018 3400 3294 3456 vocationi
3328 3400 3500 3456 inhae-

1918 3509 2043 3550 rere
2071 3509 2237 3565 posse
2279 3495 2599 3550 conllderet.
2644 3493 2847 3561 Quare,
2894 3509 2960 3549 ea:
3001 3492 3117 3558 hoc,
3157 3492 3355 3563 inquit,
3394 3492 3501 3547 eris

1910 3588 2030 3657 jam
2059 3585 2293 3640 homines
2322 3586 2532 3655 capiens
2555 3586 2620 3639 ‘°.
2655 3586 2776 3652 Quo
2813 3596 3057 3656 tempore
3087 3585 3276 3653 sociis,
3317 3586 3410 3655 qui
3446 3585 3500 3639 in

1894 3682 2092 3735 ‘altera
2145 3677 2269 3732 navi
2319 3686 2500 3741 erant,
2539 3678 2856 3744 innuerunt,
2893 3687 2951 3732 ut
2990 3678 3059 3733 ad
3087 3678 3498 3735 convehendnm

1919 3771 2196 3842 piscatum
2228 3769 2335 3825 sibi
2365 3769 2631 3824 auxilium
2668 3768 2894 3825 ferrent.
2924 3769 3091 3823 Erant
3114 3773 3260 3824 enim
3289 3770 3497 3824 Simoni

1921 3862 2080 3929 socii,
2113 3861 2576 3933 quemadmodum
2613 3860 2779 3931 paulo
2818 3867 2944 3914 ante
2971 3860 3238 3922 diximus,
3269 3875 3394 3914 cum
3426 3860 3501 3912 ita

1920 3955 2329 4026 disputavimus
2360 3971 2374 4008 :
2400 3951 2551 4007 Duos
2575 3952 2699 4008 illos
2726 3950 2956 4007 Joannis
2979 3951 3162 4004 audita
3190 3963 3322 4004 voce
3340 3949 3501 4004 Chri-

1921 4057 2069 4105 stum
2103 4057 2359 4115 secutos;
2386 4060 2621 4118 quorum
2647 4060 2791 4101 unus
2814 4052 2935 4098 erat
2960 4041 3227 4096 Andreas.
3253 4040 3500 4096 Alterum

1922 4154 2110 4195 verum
2136 4154 2307 4193 unum
2339 4152 2370 4192 e
2395 4135 2645 4193 Zebedzei
2678 4133 2869 4190 liberis
2901 4132 3094 4197 fuisse,
3121 4139 3344 4203 propter
3365 4129 3502 4185 artis

1921 4228 2265 4294 societatem,
2297 4241 2364 4283 ac
2402 4227 2844 4282 communionem
2878 4223 3186 4278 rectissima
3219 4221 3504 4292 conjectu-

1922 4334 1984 4374 ra
2021 4317 2291 4389 suspicati
2322 4330 2537 4372 sumus.
2572 4313 2944 4381 Quamobrem
2996 4308 3206 4366 relictis
3239 4308 3503 4378 deinceps

216 4424 408 4480 σαρες,
435 4410 513 4465 τά
531 4426 592 4464 τε
620 4409 799 4473 πλοῖα,
828 4412 906 4475 είς
927 4409 1026 4481 τὴν
1052 4409 1158 4479 γῆν
1185 4407 1583 4479 ἠκολούθησαν,
1605 4406 1682 4469 ὡς
1708 4405 1811 4476 ἔχει

1927 4411 2207 4475 omnibus,
2241 4408 2490 4479 adeoque
2524 4405 2759 4476 navigiis
2807 4404 2965 4476 ipsis,
3014 4401 3083 4457 ad
3127 4409 3330 4458 terram
3359 4415 3502 4472 qua-

154 4498 254 4572 σήν
281 4502 380 4557 τοῦ
407 4504 606 4557 Λουκᾶ
636 4503 934 4575 μαρτυρία.
960 4504 1124 4556 ’Ὥστε
1153 4500 1455 4567 ὲξάπαντος
1486 4499 1811 4565 δείκνυσθαι,

1922 4512 2046 4560 ιιιοι·
2086 4502 2167 4557 illi
2196 4499 2373 4557 secuti
2408 4507 2572 4564 sunt;
2606 4497 2751 4568 quod
2783 4495 2945 4553 Lucae
2980 4503 3215 4552 testatur
3249 4496 3501 4550 historia.

211 4593 294 4647 ὃτι
320 4593 565 4664 οὐδεμία
588 4593 892 4665 σκολιότης,
925 4591 1048 4646 οὗτε
1076 4593 1388 4663 ἐναντιότης
1418 4594 1474 4645 ὲν
1500 4594 1612 4654 τοῖς
1646 4591 1811 4660 ἁγίοις

1920 4598 1997 4653 Ex
2023 4595 2224 4667 quibus
2252 4590 2514 4648 omnibus
2540 4589 2775 4646 efﬁcitur
2795 4631 2811 4657 ,
2848 4591 2988 4647 nihil
3019 4589 3075 4644 in
3108 4588 3286 4644 sacris
3324 4586 3505 4641 Evan-

210 4683 604 4754 Εύαγγελίοις,
663 4683 789 4739 οὔτε
837 4684 988 4758 παρὰ
1045 4686 1157 4749 τοῖς
1196 4684 1374 4753 ἁγίοις
1411 4683 1811 4752 εύαγγελισταῖς

1919 4687 2099 4757 geliis,
2138 4699 2440 4756 eorumque
2487 4683 2855 4754 scriptoribus
2900 4682 3221 4754 perplexum
3261 4695 3386 4736 esse
3414 4679 3502 4735 vel

208 4775 567 4847 εὑρίσκεται,
596 4776 731 4833 ἀλλά
750 4775 925 4831 πάντα
954 4776 1122 4847 σαφῆ,
1146 4775 1354 4847 χρόνων
1379 4773 1435 4829 δέ
1470 4776 1578 4830 είσι
1604 4773 1800 4829 διαστά

1919 4792 2271 4849 repugnante;
2319 4776 2416 4833 sed
2466 4776 2629 4847 plana
2672 4781 2727 4829 et
2764 4773 3019 4844 expedita
3053 4789 3177 4831 esse
3209 4773 3416 4837 omnia,
3453 4771 3502 4826 si

208 4881 348 4929 σεις.
410 4866 703 4921 Ἐντεῦθεν
754 4868 864 4939 γὰρ
903 4867 998 4921 καὶ
1053 4865 1312 4920 ἐπέκεινα
1362 4865 1495 4934 (⁸59),
1539 4863 1647 4918 τῶν
1689 4865 1811 4937 περὶ

1925 4876 2233 4939 temporum
2256 4868 2543 4924 intervalla
2567 4865 2896 4936 distinguas.
2931 4865 3030 4922 His
3056 4866 3132 4920 ita
3158 4867 3353 4938 gestis,
3375 4878 3501 4918 cum

206 4957 425 5029 Πέτρον
480 4956 585 5011 καὶ
629 4958 883 5029 Ἰωάννην
908 4956 1095 5018 λοιπὸν
1134 4955 1537 5026 συναφθέντων,
1570 4954 1666 5009 καὶ
1688 4955 1811 5008 ἀκο-

1919 4960 2034 5030 jam
2067 4959 2264 5017 Petrus
2295 4976 2359 5015 ac
2390 4959 2633 5016 Joannes
2661 4958 2956 5029 caeterique
2978 4959 3198 5028 penitus
3237 4956 3504 5011 adhaesis-

204 5048 579 5114 λουθούντων,
621 5050 838 5120 ἐγένετο
859 5049 1125 5103 διδάσκων
1155 5050 1214 5101 ὲν
1269 5048 1421 5120 πάσῃ
1447 5049 1514 5118 τῇ
1559 5045 1811 5116 Γαλιλαίᾳ

1925 5059 2070 5117 sent,
2100 5067 2164 5106 ac
2195 5062 2591 5122 sequerentur;
2622 5065 2720 5120 per
2743 5056 2911 5104 totam
2940 5047 3107 5122 439
3131 5046 3410 5101 Galilaeam
3440 5061 3506 5102 ac

204 5142 300 5196 xci.
350 5145 413 5195 ἐν
449 5143 522 5212 τῇ
581 5142 833 5214 Ἰουδαίᾳ.
889 5142 1000 5217 Καὶ
1049 5140 1234 5197 λοιπὸν
1289 5139 1693 5209 πλατυνομένου
1722 5138 1811 5193 τοῦ

1922 5141 2165 5199 ,ιυάαειιιη
2189 5143 2390 5200 docere
2418 5144 2603 5214 cmpit.
2639 5143 2820 5213 Atque
2853 5142 2927 5196 ita
2960 5141 3118 5212 longe
3149 5140 3363 5210 lateque
3390 5137 3508 5193 dis-

272 5307 286 5337 '
324 5304 386 5360 [ε’.
427 5306 499 5360 δι’
531 5305 587 5360 ὃ.
691 5308 711 5338 ¹
738 5305 800 5361 F.
837 5308 1039 5371 αὐτοῖς.
1141 5309 1161 5339 ³
1195 5307 1324 5361 Luc.
1358 5322 1430 5371 Iv,
1465 5305 1556 5361 ‘25.

1663 5307 1684 5338 ⁸
1716 5306 1906 5363 Matth.
1946 5323 2020 5375 tv,
2059 5308 2143 5364 18.

203 5375 225 5405 ⁸
254 5374 424 5432 Joan.
461 5394 502 5443 ι,
546 5375 643 5432 29.
720 5377 739 5409 ⁹
773 5376 908 5432 Luc.
941 5394 992 5442 v,
1030 5377 1084 5435 8.
1163 5378 1207 5409 ¹⁰
1242 5378 1376 5434 ibid.
1406 5376 1493 5432 10.

2256 5310 2275 5341 ⁸
2307 5309 2434 5366 ibid.
2462 5308 2552 5364 20.
2630 5309 2650 5339 ⁸
2676 5307 2810 5363 Luc.
2844 5323 2896 5376 ν,
2923 5308 2977 5375 2,
3009 5309 3062 5363 3.
3140 5308 3159 5338 ⁷
3193 5305 3327 5362 ibid.
3365 5304 3420 5368 4,
3448 5303 3501 5357 5.

279 5492 403 5563 (⁸5⁸))
421 5490 752 5563 Ἐντεῦθεν
766 5493 875 5561 γὰρ
890 5492 990 5546 καί
1004 5492 1301 5547 ἐπέκεινα.
1319 5492 1394 5546 Ex
1419 5492 1487 5547 iis
1500 5506 1620 5562 qua:
1630 5491 1807 5548 disse-

210 5564 282 5618 rit
321 5561 701 5632 Epiphanius,
727 5562 957 5615 cllicitur
984 5564 1143 5632 paulo
1170 5573 1292 5632 post
1331 5561 1529 5632 ultimo
1560 5572 1803 5627 vocatos,

206 5649 273 5687 ac
306 5630 415 5691 sibi
436 5630 756 5699 ’adjunclos
784 5630 1059 5701 apostolos
1081 5676 1094 5698 ,
1131 5630 1372 5697 Petrum,
1416 5631 1687 5685 Andream
1756 5643 1811 5688 et

207 5715 452 5762 σιω-ιιι·οι
480 5702 555 5757 ad
590 5701 1027 5771 prmdicatiouem
1075 5718 1419 5775 aggressum;
1459 5704 1619 5759 etiam
1653 5711 1809 5759 aute-

1916 5512 2080 5568 quam
2114 5495 2353 5552 Joannes
2397 5496 2452 5552 in
2513 5499 2733 5554 vincula
2776 5497 3164 5567 conjiceretur.
3203 5493 3275 5568 De
3302 5509 3410 5564 qua
3443 5506 3501 5547 re

1919 5566 2264 5638 postmodum
2298 5577 2510 5638 agetur,
2544 5576 2602 5624 ut
2633 5578 2685 5626 et
2733 5571 2800 5626 de
2836 5566 3005 5625 natali
3041 5566 3242 5624 (ihrisli
3280 5580 3343 5619 ac
3374 5578 3502 5619 vero

1920 5639 2171 5708 baptismi
2196 5644 2248 5695 tt
2274 5639 2547 5710 passionis
2572 5656 2738 5698 anno.
2806 5642 2813 5653 ’
