4008 6078
487 240 592 301 919

1868 266 1926 320 S.
1995 268 2332 330 EPIPHANII

3646 284 3748 346 99.0

490 368 669 436 sipata
692 365 968 444 Evangelii
996 377 1404 446 przedicatione,
1440 390 1637 438 caetera
1668 385 1918 458 prodigia
1947 405 2070 460 per-

2176 397 2562 467 κηρύγματος,
2615 399 2683 453 τά
2738 399 2864 472 ἑξῆς
2915 401 3024 455 τῶν
3085 401 3425 474 θεοσημείων
3474 406 3746 461 ἐπετέλει·

495 458 644 524 fecit,
692 469 752 516 ut
801 463 892 520 hic
936 467 1227 525 subductis
1277 472 1539 530 omnibus
1573 491 1756 532 rerum
1790 458 2070 550 gestarum

2176 458 2488 544 ὥστεεῐναι
2639 458 2959 545 ἀκολουθίαν
2984 458 3284 560 ὲξάπαντος
3313 494 3506 560 οὕτως.

491 553 650 619 ordo,
689 569 754 609 ac
784 558 957 612 series
994 559 1329 617 instituenda
1363 565 1458 621 sit.
1872 628 1873 631 η

565 643 705 700 XVI.
758 645 817 703 In
846 650 1040 718 primis
1090 652 1403 724 baptizatus
1446 667 1552 723 est,
1592 661 1638 714 si
1689 660 2075 734 Egyptiorum

495 739 768 794 mensium
803 743 1069 798 rationem
1100 745 1327 814 habeas,
1383 749 1558 822 Athyr
1589 768 1685 807 χιι.
1711 769 1762 806 a.
1792 755 1844 808 d.
1874 771 1927 811 νι
1957 757 2073 813 Eid.

495 829 745 897 Novem,
765 833 868 890 hoc
889 843 974 890 est
1009 853 1076 892 ιι
1103 850 1228 895 ante
1260 840 1460 898 festum
1491 844 1925 917 Epiphaniorum
1961 851 2072 919 die,

496 939 604 992 qua
658 925 703 980 is
741 929 1041 986 secundum
1083 947 1306 990 carnem
1355 943 1520 992 natus
1567 947 1693 996 est:
1737 941 1792 995 id
1827 943 1973 1013 quod
2009 959 2077 999 ex

497 1013 796 1086 Evangelia
834 1017 997 1078 Luca:
1027 1034 1283 1081 constare
1301 1033 1500 1096 potest.
1539 1029 1631 1084 Sic
1663 1032 1807 1085 enim
1840 1033 2070 1089 scribit:

497 1102 804 1162 EratJesus
838 1111 1091 1179 incipiens
1118 1130 1231 1168 esse
1262 1117 1418 1185 quasi
1453 1133 1711 1173 annorum
1745 1137 1874 1188 xxx,
1898 1124 2073 1191 ﬁlius,

496 1207 552 1250 ut
582 1199 894 1266 putabatur,
923 1201 1122 1272 Josep/t
1153 1206 1193 1260 ¹.
1225 1205 1360 1262 Nam
1389 1209 1434 1265 si
1461 1220 1772 1267 accuratam
1814 1215 2076 1285 temporis

498 1290 766 1346 rationem
819 1292 994 1358 ineas,
1052 1300 1274 1354 nonnisi
1333 1317 1461 1357 uix
1496 1319 1764 1358 annorum
1815 1315 1956 1372 erat,
2012 1324 2076 1362 ac

495 1395 527 1433 κ
562 1383 856 1448 mensium,
890 1399 1015 1439 cum
1069 1387 1137 1442 ad
1172 1388 1503 1460 baptismum
1547 1411 1670 1451 sese
1719 1399 1972 1463 contulit,
2019 1409 2078 1454 ut

495 1471 722 1543 triginta
761 1489 1055 1544 annorum,
1090 1495 1198 1534 non
1225 1488 1409 1538 tamen
1444 1485 1752 1554 plenoruni,
1792 1489 1961 1546 fuisse
1993 1491 2078 1546 di-

492 1559 669 1620 catur.
708 1565 944 1640 ldeoque
977 1572 1243 1643 scriptum
1275 1584 1392 1631 est:
1432 1576 1699 1648 Incipiens
1725 1583 1880 1652 quasi
1909 1600 2077 1637 anno-

491 1672 610 1710 rum
643 1675 772 1716 xxx.
808 1660 1075 1734 Deinceps
1118 1682 1186 1721 ιι.
1219 1670 1538 1726 tentationis
1568 1672 1685 1727 dies
1715 1676 1886 1728 secuti
1924 1685 2071 1730 sunt.

2249 667 2364 734 tq'.
2394 667 2618 739 Πρῶτον
2650 669 2747 740 μὲν
2793 669 3180 739 βαπτισθέντος
3225 673 3392 727 αὐτοῦ
3431 677 3552 728 κατ’
3589 676 3747 744 Αἰγυ-

2177 758 2383 823 πτίους,
2439 761 2516 826 ὼς
2554 762 2786 834 ἔφημεν,
2835 764 3000 836 Ἀθὺρ
3033 765 3308 840 δωδεκάτῃ
3357 767 3464 840 πρὸ
3500 768 3559 836 ἒξ
3587 770 3748 824 mea»

2175 851 2520 923 Νοεμϐρίων,
2551 855 2793 910 τουτέστι
2823 857 2926 928 πρὸ
2950 857 3214 929 ἑξήκοντα
3237 859 3460 932 ἡμερῶν
3500 861 3745 934 (πλήρης)

2175 943 2271 1014 τῆς
2329 944 2541 1016 ήμέρας
2591 946 2701 1001 τῶν
2763 948 3118 1018 Ἐπιφανίων,
3170 952 3204 1021 ἦ
3241 952 3390 1004 ἐστιν
3439 952 3620 1024 ἡμέρα
3655 954 3746 1024 τῆς

2176 1033 2342 1089 αὐτοῦ
2377 1038 2681 1109 γεννήσεως
2722 1039 2863 1093 κατά
2903 1040 3102 1111 σάρκα,
3151 1039 3226 1106 ὡς
3261 1041 3372 1113 ἔχει
3419 1045 3452 1114 ὴ
3487 1045 3748 1116 μαρτυρία

2177 1127 2271 1178 τοῦ
2305 1127 2446 1180 κατά
2479 1129 2692 1182 Λουκᾶν
2717 1129 3047 1200 Ἐὑαγγελίου
3071 1175 3085 1199 ,
3136 1134 3216 1186 ὅτι
3247 1129 3358 1188 Ἦν
3395 1135 3626 1202 Ἰησοῦς
3651 1137 3747 1203 ἀρ·

2178 1218 2434 1286 χόμενος
2474 1215 2628 1273 εἶναι
2675 1220 2756 1286 ὡς
2799 1221 2953 1277 ἐτῶν
2996 1223 3334 1291 τριάκοντα,
3378 1223 3465 1278 ὢν
3503 1226 3650 1292 υίὸς,
3675 1228 3750 1292 ὡς

2176 1305 2491 1374 ἐνομίζετο,
2526 1307 2635 1364 τοῦ
2668 1308 3018 1380 ἰωσιήφτίἶν
3048 1313 3157 1386 γὰρ
3178 1313 3255 1384 τῷ
3283 1316 3380 1386 μὲν
3407 1316 3521 1369 ὄντι
3562 1319 3750 1372 εἰκοσι-

2179 1397 2334 1450 εννέα
2386 1398 2542 1460 ἐτῶν,
2593 1401 2688 1453 καὶ
2727 1403 2913 1473 μηνῶν
2939 1403 3093 1470 δέκα,
3134 1405 3222 1458 ὅτε
3257 1407 3348 1459 ἐπὶ
3374 1406 3437 1460 τὸ
3477 1406 3752 1478 βάπτισμα

2177 1482 2303 1558 ἧκε,
2335 1490 2628 1560 τριάκοντα
2651 1492 2748 1563 μὲν
2775 1494 2931 1560 ἐτῶν,
2967 1496 3082 1550 ἀλλ’
3115 1496 3174 1550 οὐ
3211 1497 3445 1568 πλήρης,
3478 1499 3572 1551 Διὸ
3593 1489 3749 1566 λέγει’

2191 1582 2539 1652 Ἀρχόμενος
2581 1585 2662 1652 ὡς
2715 1585 2867 1641 ἐτῶν
2919 1587 3253 1657 τριάκοντα.
3311 1588 3664 1642 Ἀπεντεῦθεν
3701 1590 3754 1642 αἱ

2177 1671 2586 1742 τεσσαράκοντα
2630 1673 2726 1727 τοῦ
2759 1677 3092 1749 πειρασμοῦ,
3127 1678 3221 1732 καὶ
3253 1681 3306 1732 αἱ
3346 1679 3439 1732 δύο
3468 1678 3756 1749 mactatas;

492 1748 632 1806 Tum
665 1752 1039 1812 hebdomades
1079 1759 1204 1829 plus
1245 1762 1430 1817 minus
1459 1764 1600 1831 duae,
1647 1780 1786 1834 quas
1824 1766 2070 1823 Nazareti

2181 1763 2362 1834 μικρῷ
2417 1764 2597 1819 πλεῖον
2647 1769 2702 1819 αἱ
2762 1769 2821 1820 ὲν
2855 1748 3112 1838 Ναζαρὲτ
3150 1771 3256 1825 ἀπὸ
3288 1770 3396 1824 τῶν
3420 1748 3645 1843 ἡμερῶν
3667 1770 3754 1825 τοῦ

492 1849 617 1911 post
650 1846 1007 1901 tentationem
1039 1852 1250 1921 exegit;
1294 1864 1430 1916 tum,
1477 1855 1620 1925 apud
1659 1855 1927 1912 Joannem
1959 1859 2075 1929 pri-

490 1947 580 1986 ma
601 1935 885 2006 alteraque
909 1938 1058 2003 dies;
1087 1957 1170 2008 ac,
1198 1953 1489 2016 postquam
1510 1962 1539 2001 a
1561 1946 1773 2004 Joanne
1793 1949 2071 2017 discessit,

491 2025 743 2092 totidem,
777 2044 900 2082 cum
928 2029 1174 2090 Andreas
1197 2034 1349 2090 illum
1379 2053 1488 2092 una
1517 2053 1644 2092 cum
1673 2040 1827 2096 socio
1853 2053 2074 2100 secutus

490 2123 600 2182 est,
634 2115 830 2173 deinde
868 2118 1059 2176 Simon
1113 2123 1331 2180 Petrus.
1379 2128 1563 2184 Altera
1594 2146 1725 2186 vero
1763 2131 1872 2197 die,
1917 2142 1975 2188 ut
2021 2144 2075 2191 et

491 2220 596 2262 nos
624 2207 888 2277 diximus,
921 2220 974 2267 et
1003 2217 1332 2286 evangelicae
1359 2221 1694 2278 narrationis
1722 2224 1858 2279 ordo
1887 2233 2075 2296 postu-

490 2295 590 2362 lat,
620 2297 905 2371 Philippus
937 2314 1186 2374 vocatus,
1218 2323 1282 2364 ac
1307 2308 1636 2370 Nathanael.
1663 2313 1852 2372 Tertio
1882 2295 2072 2388 postea

490 2389 581 2446 die
626 2395 824 2462 nuptiae
864 2397 1023 2465 facta?
1053 2411 1177 2454 sunt
1213 2405 1265 2455 in
1308 2403 1458 2458 Cana
1495 2403 1734 2463 Galilww
1762 2411 1803 2474 ¹,
1833 2420 1956 2480 post
1991 2413 2074 2466 bi-

490 2486 660 2538 duum
695 2486 828 2542 illud
861 2508 874 2542 :
908 2489 1072 2561 idque
1123 2494 1360 2563 primum
1407 2498 1786 2570 prodigiorum
1829 2504 2072 2559 omnium

489 2577 742 2646 exstitit;
776 2594 840 2634 ac
873 2589 988 2635 tum
1018 2599 1286 2640 annorum
1314 2605 1422 2643 xxx
1446 2607 1712 2648 numerus
1737 2593 1806 2648 ab
1829 2594 1952 2664 ejus
1979 2611 2075 2650 na-

489 2669 590 2724 tali
621 2673 928 2744 completus
961 2684 1067 2732 est.
1107 2677 1304 2734 Eadem
1345 2682 1547 2753 quippe
1583 2684 1690 2750 die,
1729 2702 1837 2755 qua
1867 2703 2071 2743 secun-

490 2761 619 2815 dum
657 2777 875 2819 carnem
910 2775 1072 2824 natus
1108 2768 1306 2838 fuerat,
1342 2772 1578 2841 primum
1624 2775 1758 2829 illud
1792 2792 2074 2835 conversa:

490 2853 548 2907 in
583 2854 773 2910 vinum
805 2871 961 2928 aqua:
1000 2859 1330 2915 miraculum
1362 2863 1604 2919 edidisse
1637 2866 1905 2934 creditur,
1946 2883 2071 2924 cum

487 2945 713 3016 triginta
739 2948 854 3018 jam
888 2964 1065 3006 annos
1113 2953 1319 3008 solidos
1357 2953 1426 3008 ab
1459 2963 1584 3008 ortu
1629 2971 1731 3010 suo
1768 2961 2070 3014 secundum

490 3053 738 3108 carnem,
767 3041 1117 3114 adventuque
1143 3045 1435 3102 clausisset
1461 3064 1474 3102 :
1503 3046 1556 3101 id
1584 3047 1730 3118 quod
1761 3065 1904 3120 saepe
1923 3066 2072 3106 com-

489 3132 939 3198 memoravimus,
981 3143 1034 3189 et
1075 3143 1133 3189 ut
1181 3136 1247 3191 ad
1277 3153 1403 3192 eum
1447 3139 1668 3194 modum
1712 3141 2069 3212 accipiamus,

489 3225 822 3295 evangelica:
854 3227 1196 3284 narrationis
1236 3238 1430 3284 exacta
1468 3231 1642 3288 series
1681 3234 1961 3302 postulare
1990 3236 2073 3289 vi-

489 3319 670 3370 detur.
701 3315 822 3371 Jam
855 3328 980 3388 post
1030 3319 1265 3389 primum
1307 3320 1440 3375 illud
1485 3323 1814 3376 miraculum
1859 3325 2072 3396 reliqua

490 3409 742 3478 prodigia
787 3410 1083 3464 subsecuta
1124 3429 1137 3466 :
1171 3426 1272 3466 nec
1303 3427 1411 3465 non
1445 3421 1500 3468 et
1532 3414 1776 3469 caelestis
1807 3414 2072 3473 doctrinae

488 3498 829 3568 praedicatio,
860 3509 914 3554 et
951 3499 1004 3552 id
1037 3515 1212 3570 genus
1241 3511 1460 3566 caetera,
1493 3519 1614 3574 qua:
1641 3505 1708 3558 ad
1737 3507 2069 3579 singularem

491 3594 549 3643 in
590 3605 694 3644 nos
741 3590 1161 3656 humanitatem,
1195 3593 1584 3667 Evangeliique
1614 3599 1902 3656 miriticam
1937 3605 2068 3668 vim,

490 3697 556 3738 ac
579 3682 887 3738 doctrinam
923 3687 1314 3755 praestandam,
1349 3703 1413 3744 ac
1441 3689 1925 3749 demonstrandam
1952 3712 2072 3766 per-

486 3776 686 3832 tinent.
724 3776 878 3843 Quod
908 3793 1034 3832 cum
1063 3793 1092 3832 a
1126 3794 1212 3834 me
1241 3790 1326 3835 est
1357 3797 1466 3836 non
1497 3785 1665 3839 semel
1696 3783 1925 3854 dictum,
1953 3796 2070 3845 tum

486 3866 559 3922 ob
593 3881 863 3922 caecorum
897 3867 1203 3936 hominum,
1235 3869 1332 3940 qui
1363 3870 1703 3929 inﬁdelitatis
1739 3879 2068 3946 asserenda,

487 3963 652 4027 atque
689 3965 744 4013 et
773 3966 966 4014 sancto
998 3955 1249 4029 Spiritui,
1279 3966 1333 4014 et
1360 3961 1776 4034 Evangeliorum
1808 3977 2068 4024 constan-

484 4051 704 4108 tissimo
732 4053 914 4109 ordini
957 4053 1374 4110 contradicendi
1421 4059 1771 4123 occasionem
1823 4063 2065 4135 undique

485 4150 732 4215 captant,
768 4158 937 4215 cogor
963 4157 1106 4212 saepe
1137 4151 1403 4213 repetere.

557 4235 724 4290 XVII.
765 4235 976 4291 Etenim
1019 4243 1128 4290 tam
1174 4236 1461 4291 enucleata
1503 4249 1870 4314 accurataque
1906 4243 2070 4317 ΜΟ

487 4330 631 4385 ratio
662 4329 786 4384 illos
817 4344 1008 4385 omnes
1047 4329 1371 4400 occupando
1411 4332 1716 4400 submovet,
1751 4336 1843 4406 qui
1877 4339 2069 4401 adver-

2181 1854 2514 1923 πειρασμοῦ,
2581 1855 2676 1908 καὶ
2721 1856 2912 1929 πρώτη
2958 1859 3140 1930 ἡμέρα
3201 1859 3336 1930 πρὸς
3382 1861 3640 1931 Ἰωάννην
3670 1861 3757 1913 καὶ

2177 1943 2424 2018 δευτέρα.
2489 1947 2598 2000 Kal
2637 1948 2800 2001 πάλιν
2834 1948 2944 2004 ἀπὸ
2989 1952 3236 2006 Ἰωάννου
3275 1953 3466 2024 πρώτη
3519 1954 3615 2005 καὶ
3649 1953 3757 2004 δευ-

2176 2037 2330 2110 τέρα,
2377 2038 2466 2092 ὄτε
2539 2040 2913 2112 ἠκολούθησαν
2980 2043 3129 2114 αὐτῷ
3183 2045 3232 2096 οἱ
3278 2043 3407 2114 περὶ
3483 2043 3754 2114 Ἀνδρέαν,

2179 2129 2369 2185 ἔπειτα
2392 2131 2574 2202 Σίμων
2605 2133 2828 2203 Πέτρος.
2877 2135 2988 2188 Kal
3021 2137 3086 2208 τῇ
3112 2135 3244 2209 ἄλλῃ
3275 2135 3479 2207 ἡμέρᾳ,
3514 2135 3591 2199 ὼς
3628 2136 3756 2206 ἔφη-

2180 2237 2300 2292 μεν,
2340 2223 2436 2276 καὶ
2469 2222 2582 2293 ἔχει
2607 2225 2638 2294 ὴ
2675 2223 2964 2277 ἀκολουθία
2989 2223 3086 2277 τοῦ
3108 2225 3465 2294 Εὐαγγελίου,
3493 2225 3757 2278 Φιλίππου

2177 2313 2390 2385 κλῆσις,
2445 2316 2539 2369 καὶ
2587 2315 2682 2369 τοῦ
2741 2316 3058 2388 Ναθαναήλ.
3106 2317 3216 2370 Kal
3261 2317 3450 2371 λοιπὸν
3489 2320 3556 2388 τῇ
3603 2317 3757 2388 τρίτῃ

2177 2406 2362 2478 ἡμέρᾳ
2383 2406 2566 2478 γάμος
2585 2408 2823 2479 ἐγένετο
2851 2407 3100 2476 ἐνΚανᾷ
3114 2408 3224 2477 τῆς
3247 2411 3604 2475 Γαλιλαίας.
3625 2408 3759 2479 μετά

2176 2499 2280 2563 τὰς
2301 2499 2394 2553 δύο
2418 2501 2515 2565 τάς
2550 2503 2955 2574 προειρημένας
2974 2521 2986 2533 ·
3013 2504 3151 2575 ὅπερ
3174 2503 3391 2574 πρῶτον
3421 2506 3649 2573 σημεῖον
3668 2503 3761 2556 καὶ

2177 2591 2450 2664 πλήρωμα
2478 2593 2769 2664 τριάκοντα
2801 2595 2938 2649 ἐτῶν
2965 2595 3072 2648 ἀπὸ
3097 2598 3401 2668 γεννήσεως
3435 2595 3538 2665 τῆς
3565 2596 3763 2666 ὲνσάρ-

2176 2699 2275 2737 κου
2314 2684 2478 2737 αὐτοῦ
2532 2686 2852 2757 παρουσίας.
2901 2687 2988 2740 Ἐν
3027 2688 3164 2758 αὐτῇ
3195 2687 3306 2759 γὰρ
3336 2688 3655 2758 εὑρίσκεται
3693 2689 3759 2758 τῇ

2177 2776 2358 2847 ἡμέρᾳ
2409 2775 2511 2847 τῆς
2561 2777 2724 2831 αὑτοῦ
2769 2780 2911 2833 κατά
2972 2779 3150 2850 σάρκα
3183 2780 3483 2850 γεννήσεως
3517 2795 3763 2849 πεποιηο

2177 2865 2288 2930 κὼς
2319 2867 2379 2921 τὸ
2411 2868 2624 2940 πρῶτον
2661 2869 2820 2925 πάλιν
2867 2876 3091 2943 σημεῖον
3114 2871 3208 2926 τοῦ
3240 2873 3421 2934 ὓδατος
3475 2873 3558 2934 εἰς
3591 2867 3762 2938 οἶνον,

2176 2960 2234 3013 ὲν
2267 2957 2345 3030 τῷ
2377 2960 2666 3033 πληρῶσαι
2722 2963 2884 3016 αὑτὸν
2912 2965 3205 3037 τριάκοντα
3235 2964 3346 3035 έτη,
3371 2964 3447 3027 ὡς
3493 2963 3764 3026 πολλάκις

2176 3046 2350 3117 εἷπον,
2398 3053 2509 3106 ἀπὸ
2550 3053 2652 3125 τῆς
2693 3055 2961 3128 ἐνσάρκου
3000 3057 3167 3109 αὑτοῦ
3209 3055 3513 3126 γεχνήσεώς
3566 3073 3630 3109 τε
3672 3056 3765 3110 καὶ

2177 3142 2478 3212 παρουσίας
2506 3160 2519 3174 ·
2565 3144 2647 3208 ὡς
2692 3145 3003 3198 ὑποτίθεται
3039 3147 3172 3216 ἡμῖν
3210 3145 3446 3198 συνιέναι
3503 3143 3600 3198 καὶ
3659 3161 3762 3196 κα-

2174 3233 2544 3304 ταλαμϐάνειν
2569 3237 2601 3307 ἡ
2643 3235 2749 3289 τῶν
2776 3236 3123 3306 Εὐαγγελίων
3147 3236 3402 3308 ἀκρίϐειά
3430 3253 3490 3288 τε
3519 3237 3615 3290 καὶ
3635 3237 3763 3289 ἀκο-

2175 3324 2378 3381 λουθία.
2411 3326 2514 3380 Kal
2545 3328 2732 3382 λοιπὸν
2761 3329 2868 3382 ἀπὸ
2904 3328 2997 3382 τοῦ
3039 3329 3257 3400 πρώτου
3296 3329 3526 3400 σημείου
3571 3327 3761 3381 τούτου

2174 3418 2244 3472 τά
2269 3436 2327 3471 τε
2361 3419 2497 3474 ἄλλα
2528 3423 2727 3493 σημεῖα
2756 3462 2771 3487 ,
2809 3423 2902 3476 καὶ
2941 3423 3002 3476 τὸ
3025 3425 3289 3494 κήρυγμα
3321 3422 3530 3484 λοιπὸν,
3566 3423 3662 3474 xa‘t
3699 3420 3764 3473 τὰ

2175 3507 2309 3562 ἄλλα
2355 3510 2531 3565 πάντα
2579 3513 2678 3584 τῆς
2711 3513 3033 3585 θαυμαστῆς
3070 3513 3234 3567 αὐτοῦ
3286 3511 3626 3585 πληρώσεως
3668 3511 3763 3580 τῆς

2174 3600 2606 3672 φιλανθρωπίας,
2639 3604 2732 3657 καὶ
2771 3605 3133 3676 εὐαγγελικῆς
3196 3604 3650 3676 θαυματουργίας
3706 3619 3761 3654 τε

2173 3692 2268 3745 καὶ
2287 3692 2652 3765 διδασκαλίας,
2687 3698 2763 3762 ὡς
2785 3698 3042 3762 πολλάκις
3066 3691 3222 3768 ἔφην,
3246 3698 3340 3751 καὶ
3377 3694 3764 3765 ἀναγκάζομαι

2172 3781 2489 3849 πλειστάκις
2537 3785 2734 3855 λέγειν,
2767 3789 2788 3820 ³
2819 3789 2906 3842 διά
2936 3789 3035 3860 τὴν
3061 3789 3170 3841 τῶν
3217 3789 3623 3860 ἀπατωμένων,
3674 3790 3765 3840 καὶ

2173 3876 2658 3948 προφασιζομένων
2709 3877 2978 3951 θηρᾶσθαι
3016 3881 3230 3944 ἑαυτοῖς
3254 3880 3323 3934 τὰ
3350 3880 3448 3950 τῆς
3477 3878 3764 3940 ἀπιστίας,

2172 3965 2375 4020 καὶτοῦ
2416 3969 2717 4039 ἀντιλέγειν
2741 3971 2818 4042 τῷ
2840 3972 2978 4041 ἁγίῳ
3004 3972 3301 4044 Πνεῦματι,
3331 3974 3428 4026 καὶ
3445 3974 3512 4043 τῇ
3545 3971 3764 4043 θαυμα-

2174 4062 2273 4130 στῇ
2305 4059 2413 4113 τῶν
2439 4062 2784 4131 Εὑαγγελίων
2818 4064 3129 4137 ἀκολουθίᾳ.

2249 4241 2344 4294 ΙΖ’.
2402 4241 2582 4312 nam
2644 4243 2754 4312 γὰρ
2812 4244 2938 4306 τοὺς
2984 4243 3432 4313 ἐναντιουμένους
3495 4241 3569 4311 τῷ
3615 4242 3766 4312 ἀγίῳ

2173 4332 2488 4403 Εὐαγγελίῳ
2517 4334 2854 4405 προλήψεται
2905 4336 2938 4405 ὴ
2984 4333 3221 4404 τοσαύτη
3253 4334 3632 4404 ἀκριϐολογία,
3661 4333 3767 4404 δη-

486 4435 582 4476 sus
605 4418 957 4488 Evangelium
983 4435 1226 4490 pugnare
1249 4437 1359 4476 non
1381 4420 1654 4487 dubitant,
1679 4441 1805 4480 cum
1831 4427 2064 4498 idipsum

2176 4424 2357 4488 λοῦσα,
2400 4421 2480 4478 ὅτι
2510 4425 2619 4478 ἀπὸ
2662 4425 2755 4478 τοῦ
2792 4426 3225 4498 βαπτίσματοςή
3262 4427 3405 4496 ἀρχὴ
3435 4427 3536 4496 τῆς
3562 4426 3769 4494 λοιπῆς

486 4512 868 4576 demonstrat;
911 4509 1214 4565 secundum
1262 4510 1595 4582 baptismum
1627 4523 1947 4572 czeterarnm
1983 4534 2068 4574 re-

485 4622 606 4660 rutn
635 4612 914 4676 gestarum
943 4605 1098 4660 initia
1124 4607 1273 4664 hunc
1293 4611 1349 4664 in
1376 4611 1600 4666 modum
1626 4620 1835 4664 secuta.
1861 4609 2068 4666 Deinde

482 4711 606 4765 quae
649 4705 770 4765 post
806 4697 1137 4768 baptismum
1179 4700 1232 4754 in
1269 4701 1358 4755 illa
1391 4716 1457 4754 χι.
1492 4701 1703 4756 dierum
1739 4701 2063 4766 tentatione,

483 4799 549 4839 ac
575 4783 796 4840 deserto
822 4788 1194 4858 contigerunt,
1229 4803 1336 4846 non
1366 4791 1487 4848 sine
1513 4791 1689 4846 sancti
1715 4789 1956 4860 Spiritus
1981 4790 2066 4846 af-

481 4875 613 4931 ﬂatu
649 4889 679 4929 a
711 4875 923 4932 Joanne
957 4880 1346 4948 praetermissa,
1374 4881 1522 4951 quod
1556 4897 1586 4936 a
1620 4883 1797 4936 tribus
1832 4895 2063 4952 evange-

484 4971 624 5027 listis
663 4978 825 5026 antea
867 4974 1145 5028 memoria:
1186 4982 1376 5029 essent
1422 4974 1658 5044 prodita.
1697 4972 2065 5040 Quemadmo-

481 5062 611 5117 dum
653 5062 758 5117 alia
804 5064 896 5119 alii
949 5065 1299 5136 evangelista:
1352 5066 1731 5136 pratereunda
1763 5072 2061 5137 (putarunt,

411 5179 414 5183 -
481 5155 625 5223 quod
651 5156 882 5212 alterius
922 5158 1060 5212 alter
1091 5158 1239 5213 velut
1273 5158 1524 5214 subsidio
1559 5159 1843 5216 niteretur.
1874 5159 1951 5216 Ita
1979 5172 2064 5217 ta-

481 5261 628 5310 men,
676 5255 735 5301 ut
778 5265 885 5303 una
926 5251 995 5304 sit
1039 5264 1103 5304 ex
1147 5251 1406 5308 omnibus
1439 5252 1670 5308 collecta
1698 5268 1760 5308 ac
1791 5253 2062 5310 subducta

556 5408 570 5436 ¹
605 5403 737 5477 Luc.
769 5421 853 5470 ιιι,
888 5407 978 5462 23.
1057 5410 1076 5439 '
1104 5407 1262 5466 Joan.
1301 5429 1358 5477 ιι,
1398 5413 1445 5467 i.

488 5474 688 5549 σαράκ.
721 5477 944 5546 ἡμερῶν
974 5477 1229 5533 refertur.

1564 5414 1584 5445 ³
1620 5412 1775 5469 Deest
1812 5413 2084 5468 nonnihil.

2169 4516 2574 4588 πραγματείας,
2609 4518 2686 4582 ὡς
2737 4518 2848 4590 ἔχει
2877 4520 3078 4582 οὕτως·
3123 4520 3204 4573 ὅτι
3245 4519 3437 4572 ἔπειτα
3483 4519 3632 4572 κατά
3667 4520 3771 4589 τὴν

2165 4610 2380 4680 ἡμέραν
2405 4609 2500 4663 τοῦ
2537 4609 2919 4681 βαπτίσματος
2945 4613 3002 4664 ὲν
3029 4611 3106 4682 τῷ
3129 4610 3423 4682 πειρασμῷ
3457 4612 3768 4680 γενομένου

2164 4700 2351 4762 αὑτοῦ,
2385 4702 2494 4754 τῶν
2520 4703 2926 4773 τεσσαράκοντα
2960 4702 3180 4775 ἡμερῶν
3211 4706 3268 4756 ὲν
3283 4705 3349 4774 τῇ
3381 4706 3576 4775 ἐρήμῳ
3601 4703 3772 4776 περλδ

2164 4793 2344 4865 (Θεοῦ)
2401 4794 2480 4865 τῷ
2538 4795 2818 4867 Πνεῦματι
2874 4796 2956 4867 τῷ
3003 4797 3153 4867 ἀγίῳ
3187 4795 3433 4868 (40),διᾶ
3479 4796 3767 4860 Ἰωάννου,

2164 4889 2226 4941 οὺ
2271 4889 2659 4959 πεφρόντισται
2714 4893 2976 4962 σημᾶναι.
3023 4890 3161 4959 Ἤδη
3205 4889 3314 4960 γὰρ
3351 4885 3422 4961 ἦν
3468 4889 3637 4943 τοῦτο
3677 4886 3772 4941 διὰ

2167 4977 2274 5031 τῶν
2301 4979 2470 5050 τριῶν
2512 4980 2916 5050 εὐαγγελιστῶν
2963 4981 3259 5053 σημανθέν.
3307 4978 3414 5033 Καὶ
3449 4981 3620 5034 πάλιν
3650 4979 3770 5040 τοῖς

2166 5069 2345 5134 ἄλλοις
2390 5071 2807 5141 εὐαγγελισταῖς
2862 5074 2990 5146 περὶ
3021 5074 3130 5128 τῶν
3159 5073 3335 5128 ἄλλων
3373 5072 3435 5125 οὐ
3464 5072 3770 5142 πεφρόντι-

2168 5178 2310 5227 σται,
2360 5164 2448 5218 διὰ
2495 5165 2556 5219 τὸ
2597 5166 2828 5220 ἕκαστον
2865 5169 2959 5237 ἀφ’
3002 5167 3233 5221 ἑκάστου
3265 5162 3606 5235 βοηθεῖσθαι.
3652 5160 3771 5214 Kal

2167 5253 2320 5327 παρά
2354 5255 2570 5312 πάντων
2617 5257 2985 5330 συλλεγομένη
3015 5260 3048 5330 ή
3082 5256 3312 5328 ἀλήθεια
3334 5255 3618 5308 δείκνυται
3661 5251 3768 5323 μία

2193 5415 2214 5446 ⁸
2251 5413 2317 5470 F.
2351 5417 2477 5490 πέρι
2507 5419 2590 5472 vel
2623 5418 2687 5471 ὲκ
2737 5418 3012 5490 περιττοῦ.
3057 5418 3115 5474 Si
3157 5417 3285 5488 πέρι
3321 5417 3470 5485 legas
3525 5414 3596 5470 ad
3631 5428 3762 5467 τεσ-

557 5655 672 5727 (40)
720 5654 1175 5736 118191.959:le
1227 5659 1544 5728 [Ti-stipati.
1593 5662 1794 5720 Practer
1844 5663 2216 5735 conjecturam
2284 5663 2424 5722 illam
2471 5680 2632 5736 quam
2694 5665 2855 5721 modo
2887 5665 3236 5733 attexuimus,
3284 5675 3526 5722 occurrit
3585 5643 3762 5721 scribi

487 5721 672 5798 posse,
707 5721 834 5801 περὶ
855 5721 915 5782 οῦ
942 5726 1018 5799 τῷ
1045 5727 1141 5781 Πν.
