3866 6068
156 255 260 313 931

895 263 1264 321 ADVERSUS
1303 263 1645 323 HERESES
1682 267 1809 325 LIB.
1840 267 1902 326 Il.
1947 268 2112 327 TOM.
2156 270 2198 327 Ι.
2240 300 2304 312 -—
2350 270 2626 329 IIERES.
2670 270 2756 326 LI.

3264 246 3275 259 ί
3327 274 3437 332 922

158 391 245 467 τις
273 371 432 467 οὖσα.
463 378 560 432 καὶ
586 380 724 451 πρὸς
753 381 953 452 ἑαυτὴν
979 384 1055 455 μὴ
1087 386 1475 451 στασιάζουσα.
1516 388 1757 446 Ἐκεῖθεν

1876 393 2084 460 veritas,
2119 408 2221 450 nec
2259 407 2289 449 a
2331 408 2392 450 se
2422 393 2541 465 ipsa
2575 393 2883 452 dissentiat.
2916 393 3053 450 Nam
3099 404 3225 467 post
3265 397 3445 467 bapti-

160 462 271 535 γάρ
305 464 470 527 εὐθὺς
497 467 609 521 ἀπὸ
632 469 726 523 τοῦ
757 470 1087 543 πειρασμοῦ,
1114 473 1191 538 ὡς
1215 474 1374 546 ἔφην,
1402 480 1484 542 εἰς
1513 479 1615 550 τὴν
1642 482 1752 534 Να-

161 555 330 627 ζαρὲτ
360 557 601 631 ἔρχεται,
636 563 731 616 καὶ
766 563 918 635 μένει
969 565 1089 619 ἐκεῖ
1131 564 1285 622 οὔπω
1330 570 1474 634 τινὸς
1509 570 1756 644 μαθητοῦ

165 649 288 720 μετ’
304 649 470 706 αὐτοῦ
490 651 662 719 δντρς.
680 655 949 710 Κάκεῖθεν
965 657 1291 730 κατέρχεται
1314 661 1452 734 πρὸς
1478 664 1753 737 Ἰωάννην,

160 741 251 794 ὅτε
274 742 439 808 εὐθὺς
460 744 548 799 διὰ
580 742 675 799 τοῦ
722 744 972 818 Ἀνδρέου
1013 750 1260 804 καλεῖται
1298 754 1328 805 ὁ
1365 752 1603 825 Πέτροςο
1637 750 1758 810 εἶτα

161 832 451 899 Φίλιππος,
490 836 583 891 καὶ
623 837 712 891 διὰ
753 839 1022 895 Φιλίππου
1058 843 1088 894 ὁ
1119 843 1678 917 ΝαθαναήληΜηδεὶς
1700 845 1759 902 δὲ

163 926 262 979 καὶ
310 927 472 981 τοῦτο
524 928 884 999 ἀμφιϐάλλων
928 935 1402 1006 περιεργαζέσθω,
1461 937 1627 1009 ὀρῶν,
1675 940 1759 994 ὅτι

177 1017 436 1086 ’Δνδρέας
456 1020 672 1091 πρῶτος
694 1023 971 1095 ὑπήντησε
988 1026 1066 1097 τῷ
1091 1027 1288 1100 Ἰησοῦ,
1311 1028 1501 1083 ἔπειτα
1530 1030 1759 1101 Πέτρος,

164 1110 262 1162 καὶ
292 1109 360 1163 δι’
387 1111 553 1165 αὑτοῦ
585 1113 813 1187 ἐκλήθη,
848 1118 943 1171 καὶ
975 1118 1213 1191 ἄρξηται
1270 1121 1366 1175 καὶ
1409 1123 1537 1193 περὶ
1569 1122 1760 1176 τούτου

166 1200 479 1270 ἀσχάλλειν.
535 1203 597 1256 Ἡ
665 1206 764 1276 μὲν
824 1207 931 1280 γάρ
1014 1210 1337 1283 συνάντησις
1396 1210 1477 1282 τῷ
1536 1212 1761 1285 Ἀνδρέᾳ

168 1291 361 1364 πρώτη
394 1295 707 1365 γεγένηται,
756 1301 1083 1372 μικροτέρου
1126 1302 1286 1367 δντος
1303 1301 1399 1357 τοῦ
1432 1304 1645 1377 Πέτρου
1682 1303 1762 1378 τῷ

167 1382 350 1456 χρόνῳ
376 1383 480 1455 τῆς
510 1386 751 1456 ἡλικίας.
878 1414 887 1419 ·

242 1475 510 1548 ’Ὕστερον
536 1478 645 1549 γάρ
681 1478 862 1543 πάλιν,
882 1481 972 1535 ὅτε
998 1484 1031 1554 ἡ
1070 1483 1256 1538 τελεία
1282 1486 1467 1550 αὐτοῖς
1495 1485 1764 1551 ἀπόταξις

165 1564 484 1635 γεγένηται,
511 1567 620 1621 ἀπὸ
656 1567 751 1622 τοῦ
790 1570 999 1643 Πέτρου
1052 1575 1366 1646 γεγένηται.
1411 1577 1631 1648 Ἐπειδὴ
1655 1576 1765 1647 γάρ

166 1653 264 1707 καὶ
315 1654 479 1720 αὐτὸς
531 1658 798 1727 ἀφηγεῖτο
829 1659 926 1713 τοῦ
986 1660 1115 1715 ἰδίου
1152 1663 1408 1734 ἀδελφοῦ·
1451 1666 1545 1719 καὶ
1584 1665 1675 1718 -ἔτι
1706 1663 1765 1719 δὲ

1856 498 2038 541 smum
2072 486 2260 541 statim
2293 485 2446 541 iliine
2477 483 2829 552 Nazaretum,
2864 487 2944 541 uti
2973 486 3108 552 dixi,
3141 488 3445 559 proﬁcisci-

1858 585 1969 640 tur,
1998 575 2187 647 ibique
2213 576 2335 634 sine
2358 575 2488 632 ullis
2518 575 2698 631 adhuc
2725 575 3018 649 discipulis
3052 579 3274 636 mansit.
3303 577 3444 635 Ilinc

1858 668 1929 725 ad
1967 667 2238 725 Joannem
2279 668 2565 724 contendit
2601 688 2615 724 :
2650 684 2760 740 quo
2800 678 3045 741 tempore
3089 670 3287 728 Petrus
3333 673 3449 725 An-

1857 760 2002 817 dreae
2029 768 2260 816 vocatus
2286 768 2372 816 est
2400 774 2600 830 opera;
2633 767 2746 815 tum
2783 757 3089 832 Philippus,
3116 769 3170 822 et
3201 778 3298 833 per
3319 760 3450 816 Phi-

1858 852 2068 924 lippum
2103 852 2427 908 Nathanael.
2469 850 2580 908 Nec
2625 861 2711 909 est
2744 853 2889 923 quod
2929 855 3034 909 ista
3070 854 3451 924 scrupulosius

1857 945 2154 1015 exquirens
2178 945 2391 1001 dubitet
2416 944 2713 1016 quispiam,
2747 947 2890 1016 quod
2909 946 3181 1002 Andream
3209 948 3447 1018 primum

1859 1036 2175 1092 occurrisse
2213 1035 2345 1093 Jesu
2385 1035 2596 1099 videat;
2645 1034 2845 1092 deinde
2906 1035 3150 1101 Petrum,
3210 1038 3303 1107 qui
3357 1052 3452 1107 per

1862 1126 2014 1181 illum
2057 1129 2129 1184 sit
2160 1135 2423 1193 vocatus;
2452 1126 2523 1183 ob
2565 1143 2798 1200 eamque
2848 1142 3070 1185 causam
3107 1135 3448 1187 succenseat.

1862 1217 2074 1274 Etenim
2121 1218 2369 1276 Andreas
2412 1221 2564 1290 prior
2618 1222 2673 1275 in
2736 1219 3043 1276 Dominum
3084 1219 3296 1285 incidit,
3343 1234 3454 1291 quo

1862 1310 2060 1368 Petrus
2085 1320 2204 1368 erat
2237 1321 2395 1368 aetate
2420 1312 2630 1383 junior.

1936 1490 2133 1547 Postea
2189 1506 2343 1560 vero,
2399 1507 2524 1549 cum
2590 1494 2839 1551 absoluta
2898 1490 2990 1547 illa
3049 1501 3307 1563 suscepta
3367 1499 3453 1549 est

1864 1584 2109 1639 omnium
2146 1599 2328 1640 rerum
2370 1585 2665 1651 abdicatio,
2716 1584 2938 1640 initium
2968 1590 3053 1640 est
3087 1599 3115 1638 a
3166 1582 3331 1639 Petro
3370 1582 3455 1638 fa-

1866 1684 2039 1732 ctum.
2072 1675 2228 1730 Tunc
2256 1677 2403 1739 enim
2438 1685 2493 1732 et
2530 1679 2648 1747 ipse
2682 1677 2841 1732 fratri
2874 1692 2978 1731 suo
3012 1677 3247 1747 praeivit.
3287 1677 3454 1732 Acce-

164 1745 313 1802 κατά
349 1747 527 1812 τοῦτο,
574 1749 656 1802 ὅτι
696 1750 828 1815 Θεός
859 1752 1008 1808 ἔστιν
1041 1754 1197 1819 εἰδὼς
1226 1758 1326 1819 τὰς
1367 1756 1590 1826 κλήσεις
1615 1758 1631 1787 ¹
1658 1754 1765 1810 τῶν

1876 1767 1948 1822 dit
1977 1768 2120 1838 quod
2157 1767 2302 1824 Deus
2334 1768 2703 1822 humanorum
2746 1767 2996 1822 cordium
3037 1762 3202 1822 nutus
3229 1782 3293 1821 ac
3329 1782 3455 1837 pro-

166 1838 433 1909 καρδιῶν,
469 1839 564 1894 καὶ
601 1839 886 1909 γινώσκων
914 1842 999 1907 τίς
1038 1845 1096 1897 ὲν
1136 1845 1373 1917 πρώτοις
1400 1846 1547 1912 ἄξιος
1575 1846 1766 1899 τάττε-

167 1928 324 1998 σθαι,
350 1931 444 1984 καὶ
494 1931 775 1997 ἐξελέξατο
796 1933 887 1987 τὸν
949 1936 1156 2008 Πέτρον
1186 1936 1296 2008 (41)
1334 1938 1578 2009 ἀρχηγὸν
1626 1933 1766 1993 εἶναι

170 2019 282 2074 τῶν
309 2019 477 2073 αὐτοῦ
520 2021 799 2093 μαθητῶν,
837 2024 914 2087 ὡς
939 2024 1116 2097 πάντη
1147 2026 1335 2096 σαφῶς
1358 2027 1762 2103 ἀποδέδεᾳται.

164 2112 482 2168 Μετέπειτα
504 2114 614 2187 γὰρ
647 2115 912 2171 ἐλθόντων
935 2117 1118 2172 αὐτῶν
1145 2120 1278 2191 παρ’
1306 2119 1478 2191 αὐτῷ,
1509 2121 1609 2173 καὶ
1644 2136 1766 2190 μει-

171 2203 384 2259 νάντων
432 2205 532 2277 τὴν
578 2206 806 2279 πρώτην
848 2208 1084 2280 ἡμέραν,
1123 2210 1200 2272 ὡς
1238 2208 1398 2281 ἔφην,
1424 2212 1493 2281 τῇ
1537 2209 1769 2281 δευτέρᾳ

166 2296 529 2363 ὁδευσάντων,
559 2300 624 2370 τῇ
666 2298 825 2370 τρίτη
870 2299 928 2352 δὲ
974 2299 1159 2373 ἡμέρᾳ
1189 2300 1286 2354 τοῦ
1315 2300 1643 2373 θεοσημείου
1672 2300 1768 2355 τοῦ

167 2388 388 2457 πρώτου
417 2388 737 2459 γενομένου,
778 2389 874 2444 καί
911 2407 1074 2445 τινων
1102 2392 1369 2446 συνόντων
1391 2391 1563 2462 αὐτῷ,
1585 2397 1645 2444 ού
1669 2390 1767 2445 τοῦ

182 2477 465 2549 Ἀνδρέου,
496 2477 620 2533 οὔτε
649 2478 743 2532 τοῦ
780 2480 1013 2552 Πέτρου,
1060 2482 1184 2536 οὐδὲ
1210 2480 1306 2536 τοῦ
1349 2483 1620 2548 Ἰωάννου,
1647 2483 1771 2536 οὐδὲ

168 2570 265 2623 τοῦ
327 2569 606 2635 Ἰακώϐου,
644 2571 775 2644 ἑξῆς
834 2572 975 2644 μετὰ
1014 2573 1076 2627 τὸ
1119 2572 1299 2627 ἐλθεῖν
1336 2573 1499 2627 αὐτὸν
1545 2575 1626 2637 εἰς
1653 2575 1773 2628 Κα-

172 2663 490 2734 φαρναοὺμ,
523 2662 618 2717 καὶ
652 2663 896 2717 ἀνελθεῖν
922 2664 1085 2719 πάλιν
1114 2667 1194 2728 εἰς
1217 2664 1494 2737 Ναζαρὲτ,
1518 2664 1773 2719 κάκεῖθεν

172 2754 340 2808 πάλιν
376 2757 456 2819 εἰς
510 2756 911 2828 Καφαρναοὺμ,
968 2758 1063 2811 καὶ
1118 2757 1343 2829 ποιῆσαι
1387 2758 1552 2829 μέρος
1589 2756 1773 2810 τιτῶν

172 2846 440 2918 σημείων,
467 2847 563 2901 τοῦ
598 2849 696 2919 τὴν
727 2847 898 2921 ξηρὰν
947 2853 1105 2921 χεῖρα
1136 2850 1370 2922 ἔχοντος,
1404 2849 1621 2919 καὶτῆς
1650 2864 1778 2902 πεν-

174 2938 342 3011 θερᾶς
362 2938 571 3013 Πέτρου
598 2941 696 3013 τὴν
733 2943 896 3005 ἴασιν,
931 2943 1174 2997 ἀνελθεῖν
1205 2943 1367 2998 πάλιν
1395 2945 1476 3007 εἰς
1498 2940 1772 3013 Ναζαρὲτ,

174 3033 271 3087 καὶ
326 3031 634 3101 ἀναγνῶναι
660 3034 720 3087 τὺ
786 3034 988 3105 βιϐλίον
1047 3035 1269 3089 Ἡσαΐου
1297 3078 1311 3102 ,
1349 3035 1444 3089 καὶ
1496 3033 1777 3089 κατελθεῖν

177 3125 341 3179 πάλιν
397 3127 478 3190 εἰς
523 3124 919 3199 Καφαρναοὺμ,
980 3128 1069 3181 ὅτε
1116 3128 1235 3182 τότε
1287 3129 1322 3199 ἡ
1362 3127 1544 3181 τελεία
1587 3125 1778 3196 κλῆσις

177 3216 288 3270 τῶν
328 3216 457 3287 περὶ
491 3217 696 3285 Πέτρον
729 3220 821 3273 καὶ
849 3218 1104 3289 Ἰωάννην
1129 3218 1447 3291 γεγένηται.
1473 3217 1583 3271 Καὶ
1602 3213 1775 3278 οὕτως

179 3311 216 3380 ἡ
265 3310 420 3364 πᾶσα
477 3310 771 3364 ἀκολουθία
820 3311 1193 3381 ἀναλογεῖται,
1237 3312 1454 3376 οὐδενὸς
1496 3308 1776 3365 ἀντιθέτου

177 3403 538 3472 ὑπάρχοντος,
574 3402 711 3457 ἀλλά
744 3404 925 3476 πάσης
959 3405 1059 3477 τῆς
1096 3390 1358 3475 ἀληθείας
1400 3398 1779 3474 τηλαυγεστά-

176 3510 279 3563 της
305 3491 494 3565 οὔσης,
545 3495 639 3547 καὶ
670 3497 729 3548 ὲν
761 3494 989 3568 ἀληθείᾳ
1017 3495 1458 3568 κεκηρυγμένης.
1498 3494 1635 3548 Φασὶ
1670 3492 1781 3563 γὰρ

177 3585 357 3650 οὕτως
388 3588 436 3640 οἱ
459 3587 611 3641 ἄλλοι
636 3588 749 3658 (42)
801 3589 1219 3661 εὑαγγελισταὶ,
1256 3591 1337 3644 ὅτι
1382 3589 1562 3660 φυγὰς
1601 3586 1780 3659 ῷχετο

179 3679 293 3740 ἀπὸ
347 3678 645 3751 προσώπου
697 3680 964 3755 Ἡρώδου,
1011 3682 1107 3735 καὶ
1157 3681 1296 3753 μετά
1341 3682 1440 3753 τὴν
1479 3679 1659 3751 φυγὴν
1686 3680 1773 3733 et.

183 3768 297 3836 θὼν
346 3772 645 3844 κατέμενεν
669 3773 750 3837 εἰς
782 3772 1057 3845 Ναζαρέτ.
1081 3774 1196 3829 Καὶ
1233 3773 1373 3844 μετά
1398 3773 1500 3844 τὴν
1525 3772 1780 3845 Ναζαρὲτ

1867 1860 2162 1931 pensiones
2193 1858 2602 1926 animadvertit,
2648 1874 2713 1915 ac
2755 1859 2847 1929 qui
2888 1860 2960 1914 sit
2993 1859 3172 1929 primo
3209 1860 3330 1915 loco
3360 1859 3447 1915 di-

1867 1965 2009 2021 gnus
2036 1950 2312 2020 intelligit.
2338 1948 2520 2015 Quare
2542 1948 2762 2005 Petrum
2796 1950 3196 2020 discipulorum
3226 1964 3454 2006 suorum

1865 2042 2172 2112 principem
2196 2042 2380 2112 elegit,
2407 2043 2487 2095 uti
2524 2041 2818 2113 perspicue
2849 2042 3190 2097 declaratum
3220 2054 3325 2098 est.
3353 2044 3450 2098 Se-

1867 2130 2109 2185 cundum
2134 2130 2250 2187 haec
2272 2133 2463 2197 igitur,
2495 2147 2618 2186 cum
2646 2132 2714 2186 ad
2735 2133 3019 2189 Christum
3050 2133 3126 2188 illi
3149 2134 3456 2198 venissent,

1868 2238 1935 2277 ac
1962 2223 2160 2293 prima,
2195 2230 2257 2278 ut
2285 2223 2551 2288 diximus,
2587 2223 2675 2279 die
2709 2224 3058 2291 commorati,
3096 2233 3315 2294 postera
3345 2224 3459 2280 dis-

1870 2312 2208 2378 cessissent;
2241 2327 2306 2366 ac
2361 2311 2557 2368 deinde
2580 2312 2673 2369 alii
2712 2329 2771 2369 se
2797 2315 3019 2384 quidam
3055 2313 3457 2383 adiunxissent,

1871 2405 1941 2461 ab
1971 2405 2211 2469 Andrea,
2248 2403 2434 2471 Petro,
2472 2404 2683 2461 Joanne
2715 2419 2780 2460 ac
2809 2404 3016 2460 Jacobo
3042 2403 3249 2460 diversi
3282 2423 3295 2459 :
3329 2405 3457 2474 qui-

1871 2496 1979 2552 bus
2005 2511 2130 2551 cum
2158 2495 2545 2567 Capharnaum
2580 2497 2774 2553 abiens
2813 2496 2941 2552 inde
2974 2495 3301 2551 Nazaretum
3333 2510 3461 2566 per-

1871 2589 2035 2654 rexit,
2085 2588 2436 2659 indidemque
2483 2604 2679 2646 rursus
2729 2589 3116 2659 Capharnaum
3162 2588 3349 2651 rediit,
3397 2603 3462 2643 ac
3520 2618 3539 2625 ι

1873 2679 2141 2733 miracula
2178 2677 2427 2750 quaedam
2477 2678 2670 2744 edidit,
2723 2678 3036 2749 cuiusmodi
3080 2685 3163 2735 est
3203 2677 3462 2733 arefacta:

1874 2785 2075 2826 manus
2126 2785 2189 2825 ac
2240 2784 2434 2826 socrus
2482 2767 2630 2826 Petri
2677 2770 2914 2825 curatio.
2954 2768 3085 2825 Inde
3126 2767 3462 2823 Nazaretum

1875 2862 2056 2918 denuo
2089 2875 2368 2925 reversus,
2418 2861 2579 2917 Isaia
2615 2861 2871 2916 volumen
2926 2860 3079 2931 legit,
3125 2868 3182 2915 et
3215 2857 3463 2928 Caphar-

1876 2968 2042 3008 naum
2076 2967 2199 3008 sese
2234 2953 2436 3007 iterum
2477 2953 2703 3023 recepit.
2759 2951 2899 3005 Tum
2954 2950 3175 3006 demum
3222 2948 3468 3020 perfecte

1879 3043 2077 3099 Petrus
2108 3042 2459 3113 Joannesqne
2498 3041 2681 3096 vocati
2724 3048 2873 3096 sunt.
2904 3040 3085 3111 Atque
3119 3037 3212 3093 hic
3245 3036 3464 3092 tandem

1886 3137 2057 3192 totius
2084 3135 2327 3191 historia:
2355 3149 2530 3191 nexus
2563 3142 2670 3198 est,
2712 3147 2898 3189 secum
2934 3133 3053 3203 ipse
3081 3131 3464 3195 consentiens,

1872 3243 1977 3286 nec
2007 3228 2116 3282 ulla
2148 3237 2305 3297 parte
2334 3224 2634 3289 dissidens,
2674 3232 2736 3279 ut
2768 3233 2825 3280 et
2854 3223 3166 3279 clarissima
3196 3220 3357 3293 ul
3393 3219 3468 3275 sit

1876 3333 2157 3394 gestarum
2198 3333 2380 3374 rerum
2421 3317 2650 3382 veritas,
2684 3325 2740 3373 et
2770 3315 3080 3373 certissime
3108 3313 3466 3385 praedicatur.

1876 3414 1953 3468 Ita
1991 3412 2136 3467 enim
2183 3410 2531 3482 evangelista:
2573 3408 2759 3464 cmteri
2791 3414 3088 3470 testantur,
3130 3413 3278 3460 metu
3312 3402 3467 3457 illum

1878 3505 2111 3561 Herodis
2143 3503 2370 3575 fugisse,
2404 3519 2469 3559 ac
2500 3510 2627 3574 post
2663 3502 2845 3573 fugam
2875 3499 3192 3557 venientem
3238 3494 3469 3551 haesisse

1878 3595 2151 3651 Nazareti.
2177 3592 2335 3648 Unde
2357 3592 2619 3663 baptismi
2639 3606 2810 3647 causa
2834 3589 3144 3662 digressus,
3173 3592 3299 3657 post
3320 3585 3472 3639 hunc

1882 3686 2112 3743 secessit
2144 3684 2200 3738 in
2226 3683 2528 3739 desertum.
2565 3682 2774 3740 Deinde
2802 3682 3026 3738 rediens
3056 3678 3363 3752 praedicare
3384 3682 3473 3732 est

1883 3790 2199 3849 aggressus.

185 3857 372 3919 λαϐὼν
415 3863 477 3917 τὸ
525 3862 834 3935 βάπτισμα,
882 3862 1126 3934 ἀπῆλθεν
1166 3863 1248 3925 εἰς
1281 3863 1382 3936 τὴν
1413 3862 1637 3935 ἔρημον.
1661 3865 1773 3920 Καὶ
1809 3866 1949 3940 μετά
1996 3864 2171 3918 ταῦτα
2197 3861 2507 3933 ἀνέκαμψε.
2559 3859 2716 3916 Μετὰ
2773 3855 2837 3914 τδ
2899 3859 3226 3930 ἀνακάμψαι
3268 3855 3472 3927 ἤρξατο

183 3954 502 4028 κηρύττειν.

262 4050 370 4103 1Η’.
402 4047 476 4102 Τὸ
494 4046 552 4100 δὲ
575 4044 910 4116 Εὐαγγέλιον
928 4046 991 4100 τὸ
1012 4047 1093 4110 εἰς
1118 4045 1291 4118 ὄνομα
1318 4046 1592 4111 Ἰωάννου,
1616 4046 1771 4117 φασὶ,

185 4138 468 4212 ψεύδεται.
500 4136 654 4191 Μετὰ
689 4136 801 4207 γὰρ
835 4134 898 4191 τὸ
922 4137 1120 4201 εἰπεῖν,
1149 4136 1233 4212 ὅτι
1275 4135 1338 4189 '0
1382 4136 1574 4206 Λόγος
1616 4135 1776 4205 σάρξ

183 4200 448 4303 ἐγένετο,
489 4229 587 4285 καὶ
611 4200 968 4298 ἐσκήνωσεν
1004 4229 1077 4283 ἐν
1107 4200 1273 4298 ἡμῖν,
1304 4227 1400 4283 καὶ
1426 4200 1584 4296 ὀλίγα
1616 4200 1774 4293 ἀλλα,

187 4319 354 4382 εὐθὺς
378 4317 547 4388 λέγει,
573 4318 657 4372 ὅτι
690 4316 894 4388 Γάμος
921 4317 1161 4389 ἐγένετο
1183 4318 1254 4372 ἐν
1272 4316 1441 4384 Κανᾷ
1474 4317 1584 4387 τῆς
1595 4321 1775 4374 Γαλι-

183 4413 392 4479 λαίας.
415 4411 528 4466 Καὶ
558 4411 619 4465 οὐ
658 4411 965 4484 μέμνηνται
998 4412 1047 4466 οἱ
1078 4411 1390 4484 ἀφροσύνην
1416 4413 1630 4476 ἑαυτοῖς
1654 4414 1777 4466 ὲπι-
1817 4400 1820 4403 λ

188 4504 508 4576 σπώμενοι,
561 4504 637 4571 ὡς
695 4503 947 4575 Ἰωάννης
979 4503 1121 4575 μετά
1166 4505 1228 4558 τὸ
1256 4506 1447 4567 εἰπεῖν,
1492 4504 1554 4558 '0
1584 4504 1779 4573 Λόγος

185 4595 351 4666 σὰρξ
392 4594 671 4665 ἐγένετο,
717 4596 888 4664 λέγει,
921 4594 1023 4650 καὶ
1076 4596 1432 4665 ἐσκήνωσεν
1481 4597 1552 4650 ἐν
1596 4595 1775 4666 ἡμῖν,

186 4688 478 4743 τουτέστιν
516 4687 807 4761 ἄνθρωπον
847 4687 1131 4757 γεγονέναι
1151 4703 1165 4717 ·
1216 4689 1312 4742 καὶ
1344 4688 1428 4742 ὃτι
1472 4683 1605 4759 ἦλθε
1645 4687 1780 4761 πρὸς

190 4781 288 4835 τὸν
339 4780 599 4853 Ἰωάννην
635 4780 726 4834 τὸν
769 4778 1082 4851 Βαπτιστὴν
1127 4781 1187 4833 ὲν
1229 4778 1308 4851 τῷ
1368 4779 1641 4854 Ἰορδάνῃ,
1685 4778 1782 4833 καὶ

190 4870 505 4943 ἐϐαπτίσθη
566 4872 657 4924 ὑπ’
707 4868 915 4935 αὐτοῦ,
965 4868 1210 4923 Ἰωάννου
1252 4868 1347 4923 τοῦ
1393 4867 1782 4939 εὐαγγελιστοῦ

196 4964 649 5035 μαρτυροῦντος,
700 4961 840 5050 μετά
882 4961 984 5033 τὴν
1026 4960 1187 5015 πάλιν
1231 4960 1490 5017 ἐπάνοδον
1540 4961 1648 5015 ἀπὸ
1690 4959 1783 5016 τοῦ

197 5053 537 5127 πειρασμοῦ,
562 5053 638 5119 ὡς
660 5053 757 5108 τοῦ
780 5051 1090 5108 Βαπτιστοῦ
1121 5051 1371 5107 Ἰωάννου
1400 5051 1674 5121 λέγοντος,
1703 5053 1784 5108 ὃτι

274 5214 291 5244 ¹
321 5209 385 5268 F.
414 5210 643 5276 κλίσεις.
755 5210 777 5243 ¹
804 5207 965 5266 Joan.
1004 5226 1042 5277 ι,
1079 5209 1161 5265 14.
1262 5207 1284 5242 ³
1317 5205 1476 5264 Joan.
1510 5224 1571 5276 η,
1602 5209 1653 5265 l.

274 5368 391 5438 (ιι)
422 5365 534 5421 Καὶ
565 5365 889 5438 έξελέξατρ
924 5363 1031 5420 τὸν
1081 5364 1327 5438 Πέτρον.
1374 5361 1640 5438 Egregius
1699 5363 1791 5419 hic

204 5434 395 5505 locus;
424 5453 490 5493 ex
512 5452 622 5507 quo
650 5438 818 5506 liquet
839 5434 1056 5490 Petrum
1084 5436 1315 5491 Andreae
1328 5447 1407 5507 ac
1430 5434 1644 5507 caeteris
1660 5449 1793 5505 apo-

205 5503 392 5570 stolis,
426 5503 547 5562 non_
569 5503 767 5569 aetatis,
795 5516 888 5560 aut
915 5506 1219 5561 vocationis
1241 5503 1457 5570 ordine,
1493 5503 1588 5558 sed
1633 5503 1788 5576 prin-

208 5579 424 5649 cipatus
449 5593 514 5631 ac.
539 5578 842 5649 dignitatis,
875 5577 1151 5649 anteponi.

282 5649 395 5718 (42)
419 5647 575 5702 Φασὶ
602 5644 713 5717 ⁸γὰρ
748 5646 935 5712 οὕτως
973 5644 1254 5718 οὶ-ᾂλλοι.
1297 5644 1492 5718 Mirum
1524 5651 1609 5697 est
1642 5645 1787 5713 quod

176 5774 179 5781 ,
212 5713 321 5775 hoc
349 5713 470 5776 loco
509 5713 709 5774 asserit
742 5718 974 5786 primum
1036 5716 1305 5772 lIct'odcm
1338 5715 1561 5786 fugisse,
1597 5725 1783 5784 postea

1949 4039 2136 4096 XVIII.
2169 4039 2242 4094 At
2284 4038 2457 4107 enim,
2498 4038 2775 4110 inquiunt,
2835 4035 3066 4093 mendax
3122 4044 3210 4092 est
3263 4036 3472 4092 editum

1876 4134 2101 4190 nomine
2151 4131 2382 4190 Joannis
2421 4132 2798 4203 Evangelium.
2835 4128 3136 4200 Postquam
3174 4128 3318 4183 enim
3365 4131 3474 4185 ista

1878 4226 2054 4293 dixit,
2101 4226 2327 4282 Verbum
2364 4243 2491 4282 caro
2524 4226 2727 4296 factum
2755 4233 2833 4279 est
2857 4263 2872 4288 ,
2908 4226 2958 4278 ἐι
2991 4221 3251 4277 [cubitavit
3285 4224 3339 4276 in
3371 4240 3467 4278 no-

1878 4318 1956 4373 bis
1991 4319 2011 4349 ¹
2033 4358 2049 4383 ,
2080 4318 2296 4388 aliaque
2350 4318 2615 4374 nonnulla
2641 4355 2658 4379 ,
2723 4316 2910 4370 statim
2954 4314 3144 4385 adjicit
3176 4333 3190 4370 :
3256 4314 3476 4385 Nuptiae

1876 4410 2037 4481 facta
2075 4420 2197 4466 sunt
2231 4410 2287 4464 in
2320 4408 2472 4465 Cana
2505 4408 2748 4464 Galilww
2789 4407 2831 4462 ³.
2867 4406 2977 4464 Nec
3014 4407 3330 4478 intelligunt
3357 4408 3475 4475 isti,

1876 4508 1971 4575 qui
2005 4518 2125 4559 eam
2184 4502 2289 4559 sibi
2328 4503 2474 4558 ultro
2521 4501 2798 4558 insaniam
2838 4508 3128 4575 arcessunt
3153 4539 3170 4567 ,
3199 4498 3467 4557 Joannem

1879 4604 2003 4668 post
2030 4595 2152 4652 illas
2189 4609 2387 4660 voces,
2424 4593 2492 4648 Et
2534 4593 2757 4649 Verbum
2794 4610 2918 4649 caro
2956 4593 3156 4663 factum
3191 4602 3291 4654 est,
3324 4593 3483 4649 addi-

1883 4688 2068 4753 disse,
2098 4698 2149 4743 ει
2184 4687 2444 4743 habitavit
2476 4688 2529 4742 in
2586 4687 2777 4742 nobis:
2810 4685 2956 4758 quod
2992 4685 3135 4741 idem
3164 4692 3277 4751 est,
3312 4694 3480 4756 atque

1886 4781 2162 4838 hominem
2202 4780 2505 4838 exstitisse.
2543 4779 2813 4836 Praeterea
2867 4779 2936 4834 ad
2980 4776 3247 4834 Joannem
3298 4776 3483 4847 Bapti-

1885 4882 2029 4930 stam
2061 4881 2117 4928 et
2151 4871 2460 4930 Jordanem‘
2497 4872 2803 4927 accessisse
2831 4908 2847 4934 ,
2886 4869 2961 4925 ab
3007 4884 3185 4939 eoque
3222 4868 3477 4938 baptiza-

1892 4975 2044 5029 tum,
2080 4973 2142 5019 ut
2176 4964 2318 5020 idem
2351 4964 2441 5020 ille
2486 4963 2827 5033 evangelista
2883 4967 3279 5017 commemorat
3303 4997 3318 5020 ,
3352 4971 3483 5014 eum

1891 5060 2019 5126 post
2054 5054 2203 5109 illam
2233 5054 2594 5111 tentationem
2635 5051 2987 5108 discessisset
3016 5088 3032 5115 ,
3064 5063 3190 5103 cum
3239 5057 3296 5104 et
3335 5048 3481 5103 istud

1891 5364 2256 5429 Nazaretum;
2311 5360 2441 5418 inde
2483 5360 2552 5417 ad
2604 5359 2937 5431 baptismum
2979 5356 3321 5431 accessisse.
3359 5369 3482 5425 quae

1892 5450 2069 5506 neque
2094 5448 2218 5506 cum
2244 5427 2565 5506 Evangelio,
2610 5427 2789 5506 neque
2810 5445 2936 5506 eum
2975 5427 3354 5506 superioribus
3381 5441 3476 5506 co-

1894 5496 2122 5561 lizerent.
2154 5502 2288 5557 Nam
2323 5496 2591 5578 Ilerodem
2623 5496 2760 5578 fugit
2810 5496 3077 5578 duntaxat
3105 5496 3484 5578 postJozrnnis

1894 5591 2102 5638 necem,
2156 5591 2278 5643 qua:
2338 5574 2498 5640 longe
2526 5564 3058 5643 ipost'baptismum
3101 5564 3319 5623 accidit.
3347 5564 3479 5619 Vide

1892 5663 2012 5717 quae.
2049 5646 2113 5699 ad
2154 5661 2305 5700 num.
2342 5642 2558 5699 XXVIII
2587 5644 2967 5700 observamus.
