4008 6078
516 241 626 298 923

1933 251 1989 305 S.
2052 252 2391 308 El’lPllANll

3676 251 3793 310 925

519 356 760 413 Joannes
802 356 1042 428 [laptista
1075 360 1461 425 pronuntiavit.
1516 359 1617 416 Hic
1647 372 1725 417 est
1759 364 1822 417 de
1850 381 1950 434 quo
1981 367 2097 420 dixi

2217 365 2385 436 ὶ-ὗτος
2421 370 2585 434 ἐστι,
2637 371 2768 439 περὶ
2801 364 2875 426 οὗ
2925 363 3098 424 εἷπον
3129 367 3307 440 ὑμῖν·
3359 368 3456 422 καὶ
3488 369 3674 428 πάλιν,
3703 372 3793 423 ὅτι

519 451 664 506 vobis
696 450 750 517 ‘;
786 451 946 506 item:
994 451 1110 504 Vidi
1145 452 1404 522 Spiritum
1437 464 1678 508 sanctum
1708 453 2100 511 descendentem

519 543 576 598 in
613 546 781 612 specie
817 545 1094 610 columine,
1123 555 1171 598 et
1205 556 1499 600 manentem
1532 563 1689 615 super
1721 548 1891 617 ipsum
1920 551 1940 579 ’
1965 566 1978 614 ;
2005 558 2097 604 et:

525 635 628 691 llic
657 647 734 690 est
765 637 854 705 qui
902 637 1040 689 tollit
1069 649 1339 705 peccatum
1375 641 1556 693 mundi
1598 640 1639 694 ⁸.
1695 641 2102 698 Animadvertis

523 727 689 797 igitur
721 727 854 782 nihil
894 729 961 782 ab
994 743 1059 782 eo
1090 745 1186 799 per
1223 730 1554 784 oblivionem
1585 745 1708 785 esse
1742 732 2098 801 praeteritum,

521 818 616 873 sed
653 833 717 872 ea
755 818 1019 874 duntaxat
1066 821 1258 876 relicta
1291 861 1306 885 ,
1336 837 1454 892 quae
1479 822 1593 892 jam
1620 823 1906 879 Mattbaeus
1936 839 2104 895 expoo

519 918 724 965 suerat.
757 909 967 977 Quibus
1002 927 1124 966 cum
1173 913 1476 988 nihil_0pus
1515 922 1630 968 erat
1675 915 1910 986 amplius
1937 954 1952 980 ,
1989 923 2102 969 tum

522 1001 708 1055 divina
744 1002 833 1055 illa
865 1003 1174 1057 adhibenda
1207 1020 1328 1070 vox,
1357 1021 1462 1074 qua
1492 1021 1681 1060 eorum
1707 1007 1943 1076 jugulari
1979 1022 2106 1075 pos-

523 1102 607 1147 set
637 1109 794 1147 error
815 1135 828 1156 ,
860 1095 953 1164 qui
985 1096 1262 1151 Christum
1303 1113 1332 1150 a
1365 1096 1535 1152 Maria
1576 1106 1809 1162 tantum,
1843 1106 2008 1169 atque
2037 1115 2103 1154 ex

447 1227 450 1231 .
523 1185 617 1240 illo
651 1187 887 1254 primum
922 1196 1164 1257 tempore
1192 1189 1534 1244 nominatum
1563 1189 1870 1257 crederent,
1902 1189 2106 1261 quique

525 1279 618 1334 Dei
647 1277 843 1333 Filium
885 1279 1089 1334 nudum
1124 1281 1399 1336 hominem
1435 1280 1606 1336 fuisse
1635 1281 1918 1345 dicerent,
1953 1297 2108 1336 eum-

525 1370 762 1440 demque
813 1371 981 1426 certis
1034 1373 1454 1427 accessionibus
1509 1382 1563 1426 et
1626 1373 1983 1428 incrementis
2042 1387 2108 1428 eo

524 1477 916 1534 progressum,
948 1473 1006 1516 ut
1037 1461 1160 1518 Filii
1213 1462 1307 1518 Dei
1361 1465 1779 1534 appellationem
1815 1465 2105 1520 obtineret.

525 1554 607 1610 Ob
663 1553 715 1608 id
754 1553 992 1611 Joannes
1024 1571 1142 1610 eam
1190 1556 1290 1610 sibi
1329 1566 1536 1626 partem
1570 1557 1970 1627 deposcendam
2009 1574 2110 1628 pu-

525 1647 679 1710 tavit,
707 1663 828 1718 qua:
868 1649 1180 1702 necessaria
1221 1649 1515 1704 videretur.
1551 1647 1700 1704 Licet
1728 1650 1871 1703 enim
1913 1665 2106 1720 magna

523 1739 704 1792 omnia
735 1740 846 1793 sint
883 1753 948 1792 ac
987 1738 1324 1798 necessaria,
1365 1747 1544 1792 tamen
1596 1740 1650 1792 in
1689 1738 1892 1793 divinis
1928 1741 2100 1808 potis-

525 1829 726 1884 simum
754 1829 1113 1900 explicandis,
1144 1845 1207 1883 ac
1241 1830 1449 1884 caelesti
1499 1829 1588 1882 illa
1627 1831 2101 1885 administratione

2209 462 2483 532 Τεθέαμαι
2515 463 2580 516 τὸ
2607 463 2848 533 Πνεῦμα
2885 462 2952 518 τὸ
2975 463 3150 533 ἅγιον
3188 463 3549 517 καταϐαῖνον
3584 463 3659 516 ἐν
3701 464 3788 516 ετ-

2201 550 2289 602 δει
2323 549 2697 618 περιστερᾶς,
2725 552 2823 605 καὶ
2853 550 3042 622 μένον
3075 553 3168 605 ἐπ’
3202 552 3418 606 αὐτόν·
3454 553 3570 617 καὶ,
3597 548 3790 619 Οὗτός

2201 641 2372 694 ἐστιν
2413 644 2446 695 ό
2492 642 2677 710 αἴρων
2716 643 2831 711 τὴν
2878 643 3176 712 ἁμαρτίαν
3222 644 3330 698 τοῦ
3377 647 3633 713 κόσμου.
3678 645 3790 698 Καὶ

2203 731 2354 802 ὁρᾷς.
2381 731 2462 784 ὅτι
2493 733 2645 786 οὐδὲν
2670 734 2813 787 κατὰ
2833 733 3112 804 λησμονὴν
3134 733 3428 802 ὑφηγεῖται
3445 750 3460 765 ο
3489 733 3787 802 παρέλειψε

2202 822 2259 875 δὲ
2289 821 2356 875 τὰ
2385 821 2462 893 τῷ
2490 824 2753 895 Ματθαίῳ
2776 824 3290 896 πραγματευθέντα.
3309 825 3382 878 Οὐ
3407 823 3518 894 γὰρ
3533 819 3603 894 ἦν
3634 825 3789 896 χρεία

2205 914 2429 967 ἐκείνων
2455 915 2680 981 οὐκέτι,
2717 915 2855 968 ἀλλὰ
2891 917 2989 986 τῆς
3023 916 3175 980 θείας
3221 918 3472 988 φράσεως
3520 917 3660 987 πρὸς
3702 918 3790 968 ἀν-

2204 1004 2456 1076 τίρρησιν
2505 1007 2615 1060 τῶν
2661 1006 2996 1077 νομιζόντων
3044 1008 3154 1062 ἀπὸ
3207 1009 3426 1079 Μαρίας
3482 1010 3580 1060 καὶ
3635 1007 3791 1079 δεῦρο

2205 1097 2439 1167 Χριστὸν
2468 1097 2628 1150 αὐτὸν
2677 1097 2996 1160 καλεῖσθαι,
3034 1100 3130 1151 καὶ
3160 1099 3285 1152 Υἰὸν
3331 1098 3465 1152 Θεοῦ
3507 1098 3668 1168 ψιλὸν
3701 1098 3789 1150 ἆν-

2209 1187 2445 1258 θρωπον,
2481 1188 2623 1241 κατὰ
2664 1190 2948 1260 προκοπὴν
2977 1189 3032 1242 δὲ
3066 1190 3262 1260 ἡκέναι
3293 1193 3372 1253 εἰς
3398 1192 3460 1242 τὸ
3507 1189 3791 1243 καλεῖσθαι

2207 1281 2336 1335 Υίὺν
2362 1281 2520 1338 Θεοῦ.
2556 1283 2648 1336 Διὸ
2677 1283 2785 1336 τῶν
2813 1284 3127 1351 ἀναγκαίων
3164 1282 3536 1353 ὲπιμελείται’
3576 1283 3795 1336 πάντων

2211 1373 2308 1445 μὲν
2329 1369 2420 1426 οὖν
2453 1373 2706 1444 μεγάλων
2736 1374 2905 1428 ὄντων
2928 1375 3024 1428 καὶ
3044 1375 3380 1443 ἀναγκαίων,
3411 1375 3794 1444 περιττότερον

2206 1462 2263 1516 δὲ
2314 1465 2638 1534 ποιούμενος
2679 1465 2786 1518 τῶν
2817 1465 3157 1537 ἐπουρανίων
3197 1465 3293 1537 τὴν
3336 1466 3548 1521 ἄνωθεν
3591 1468 3798 1518 οἰκονο-

2212 1553 2362 1623 μίαν.
2411 1555 2645 1624 Λέγουσι
2698 1557 2756 1610 δὲ
2810 1557 2871 1610 τὸ
2925 1558 3065 1611 κατὰ
3121 1559 3372 1629 Ἰωάννην
3423 1559 3796 1628 Ιῦὒαγγέλιον,

2209 1644 2399 1716 ἐπειδὴ
2448 1646 2520 1718 μὴ
2569 1647 2639 1700 τὰ
2676 1648 2814 1701 αὐτὰ
2861 1648 2988 1718 ἔφη,
3035 1649 3314 1703 ἀδιάθετον
3353 1645 3527 1713 εἶναι,
3577 1651 3676 1702 καὶ
3726 1653 3798 1720 μὴ

2206 1737 2456 1810 δέχεσθαι
2479 1737 2674 1801 αὐτοὺς
2702 1738 2851 1802 αὐτὸ,
2879 1739 3020 1792 κατὰ
3043 1740 3221 1797 πάντα
3248 1740 3684 1812 πεπλανημένοι,
3710 1742 3800 1794 καὶ

2207 1830 2612 1899 τυφλώττοντες
2639 1831 2738 1901 τὴν
2763 1831 3021 1886 διάνοιαν.

524 1923 738 1978 delixus
770 1932 874 1978 est.
915 1922 1070 1988 Quod
1102 1923 1269 1992 igitur
1309 1921 1537 1978 Joannis
1569 1921 1920 1992 Evangelium
1983 1923 2055 1977 ob
2111 1922 2167 1978 id
2211 1938 2241 1978 a
2295 1921 2448 1978 Novo
2508 1921 2862 1978 Testamento
2924 1923 3255 1994 repudiarit,
3309 1938 3412 1977 nec
3478 1921 3797 1988 admittunt,

524 2015 670 2073 uuod
699 2030 804 2069 non
839 2030 961 2069 cum
993 2014 1115 2068 aliis
1151 2013 1293 2067 haud
1329 2015 1465 2070 satis
1499 2015 1809 2069 consentiat
1837 2053 1852 2078 ,
1894 2029 2113 2069 summo
2155 2013 2209 2068 in
2238 2029 2447 2079 errore,
2480 2028 2545 2068 ac
2574 2014 2773 2068 mentis
2807 2016 3049 2069 caecitate
3077 2021 3385 2070 versantur.

594 2105 737 2162 XIX.
773 2105 982 2160 Etenim
1011 2105 1397 2160 sanctissimus
1433 2105 1520 2160 hic
1547 2107 1878 2175 evangelista
1915 2106 2109 2162 ordine

525 2214 590 2255 ac
629 2199 982 2254 successione
1019 2207 1288 2267 quartus,
1325 2211 1390 2252 ac
1443 2197 1660 2251 tametsi
1718 2198 1926 2266 primus
1963 2206 2110 2254 esset

523 2291 793 2353 omnium.
837 2289 1114 2345 scribendi
1139 2298 1315 2344 tamen
1350 2297 1594 2359 tempore
1627 2298 1953 2358 postremus,
1989 2305 2110 2358 quae

526 2392 654 2440 ante
693 2399 754 2439 se
807 2384 1067 2453 praeclare
1095 2390 1252 2438 erant
1302 2381 1531 2435 aliorum
1566 2397 1731 2451 opera
1770 2381 1978 2452 digesta
2027 2399 2113 2438 re-

526 2485 711 2547 petere
737 2477 940 2542 noluit;
975 2475 1070 2530 sed
1113 2481 1239 2528 ante
1281 2489 1343 2528 ea
1375 2489 1493 2543 quae
1522 2473 1636 2543 jam
1680 2473 1827 2526 dicta
1871 2473 2107 2538 fuerant,

528 2585 649 2641 qua:
682 2583 791 2622 non
842 2576 1001 2622 erant
1038 2568 1182 2621 dicta
1223 2565 1530 2635 proposuit.
1574 2563 1864 2621 Matthanis
1890 2565 2107 2636 quidem

530 2666 600 2720 ab
633 2661 946 2717 Abrahamo
997 2661 1275 2717 scribendi
1317 2661 1474 2715 initio
1507 2660 1651 2714 facto
1675 2700 1689 2726 ,
1732 2669 1854 2730 post
1890 2661 2113 2714 incuna-

529 2754 653 2808 bula
677 2754 905 2817 Christi,
942 2761 995 2808 et
1021 2755 1252 2808 alterum
1287 2767 1318 2806 a
1347 2752 1513 2807 natali
1548 2751 1670 2820 ejus
1703 2766 1906 2805 annum
1946 2749 2107 2820 M2

531 2845 902 2900 narrationem
953 2845 1212 2914 pertexit.
1264 2844 1482 2899 Marcus
1529 2859 1655 2898 vero
1689 2844 1757 2896 ab
1791 2859 1881 2897 an.
1918 2859 1984 2895 xv
2016 2841 2109 2895 Ti-

528 2936 663 2992 berii
688 2978 702 3000 ,
745 2937 1183 3006 circumscriptis
1223 2936 1384 2991 medii
1417 2936 1681 3006 temporis
1719 2935 1885 2989 rebus
1917 2934 2109 3004 gestis,

527 3045 762 3086 exorsus
795 3037 898 3084 est.
965 3029 1034 3082 At
1078 3027 1257 3084 Lucas
1304 3028 1466 3084 altius
1511 3027 1614 3082 ista
1658 3037 1908 3097 repetens
1941 3027 2012 3080 ab
2048 3040 2112 3079 eo

529 3134 776 3196 tempore
805 3126 970 3194 cepit
997 3165 1013 3189 ,
1049 3124 1194 3196 quod
1237 3124 1441 3181 Christi
1477 3133 1658 3179 ortum
1691 3123 2018 3187 antecessit;
2059 3128 2113 3176 et

531 3227 640 3272 tam
681 3217 881 3285 hujus,
939 3233 1103 3288 quam
1135 3217 1364 3274 Joannis
1412 3219 1467 3271 in
1508 3216 1692 3271 Maria:
1743 3224 1906 3284 atque
1945 3214 2114 3268 Elisa-

530 3307 657 3362 beth
709 3316 865 3362 utero
915 3315 1238 3377 conceptum
1298 3306 1570 3376 exposuit.
1610 3304 1851 3358 Joannes
1881 3302 2114 3372 denique

530 3407 842 3468 postremus
869 3398 1137 3453 accedens
1171 3396 1442 3452 altissime
1465 3395 1706 3449 omnium
1744 3395 2112 3448 narrationem

528 3486 784 3552 arcessit,
821 3494 878 3542 et
907 3502 1028 3556 quae
1055 3487 1259 3540 Christi
1288 3485 1620 3554 temporaria
1650 3484 1741 3538 illa
1765 3484 2114 3554 generatione

531 3577 713 3646 priora
747 3585 898 3640 sunt,
937 3577 1183 3631 stabilire
1226 3591 1291 3630 ac
1337 3576 1552 3630 munire
1598 3575 1856 3630 instituit.
1891 3573 2117 3645 Spit-ita-

533 3671 604 3722 lia
635 3669 782 3724 enim
825 3668 997 3724 ferme
1050 3678 1211 3732 sunt,
1247 3685 1369 3740 qua:
1399 3669 1490 3723 ille
1537 3669 1814 3724 memoria:
1846 3683 2118 3722 commen-

529 3759 714 3824 davit,
763 3775 887 3814 cum
940 3775 1061 3831 qua:
1097 3759 1162 3814 ad
1209 3775 1410 3831 corpus
1443 3759 1738 3814 attinerent
1779 3759 1994 3813 abunde
2026 3775 2116 3814 es-

531 3860 654 3908 sent
719 3853 950 3907 aliorum
1019 3850 1242 3924 scriptis
1309 3853 1687 3908 corroborata.
1749 3850 2116 3918 Quamobrem

531 3947 830 4017 spiritalem
865 3947 930 4001 de
959 3945 1146 4001 divino
1187 3947 1279 4001 illo
1317 3945 1464 4000 dono
1513 3945 1884 3999 narrationem
1923 3959 2119 4014 aggre-

528 4041 709 4105 ditur,
749 4039 896 4110 quod
941 4039 1096 4093 initio
1125 4053 1324 4093 carens
1374 4036 1523 4091 omni
1581 4036 1649 4089 ab
1687 4035 1896 4090 cmlesti
1934 4035 1987 4088 in
2018 4049 2119 4089 nos

528 4128 691 4186 Patre
748 4129 1088 4188 transfusum
1129 4137 1254 4194 est,
1312 4130 1471 4184 etde
1533 4126 1699 4196 hujus
1764 4125 1998 4180 consilio
2055 4139 2120 4179 ac

2264 2107 2383 2160 σθ’.
2429 2106 2700 2176 Τέταρτος
2732 2105 2840 2177 γάρ
2885 2110 3026 2160 κατὰ
3056 2105 3308 2177 διαδοχὴν
3349 2106 3524 2161 ἐλθὼν
3558 2109 3588 2162 ὁ
3624 2111 3802 2179 μακὰ-

2215 2216 2349 2270 ριος,
2379 2197 2594 2269 πρῶτος
2627 2198 2724 2268 μὲν
2757 2197 2853 2262 ὢν,
2883 2195 3109 2268 ὕστερος
3139 2198 3196 2251 δὲ
3229 2200 3341 2262 τοῖς
3367 2198 3549 2253 ἔτεσιν
3572 2203 3805 2270 εὐαγγε-

2211 2289 2501 2359 λισάμενος
2531 2289 2600 2341 τὰ
2628 2289 2732 2359 πρὸ
2761 2286 2925 2341 αὑτοῦ
2965 2287 3148 2351 καλῶς
3171 2288 3503 2358 τεταγμένα,
3541 2292 3643 2344 οὐκ
3673 2295 3696 2344 ὲ
3706 2311 3804 2362 με-

2217 2384 2476 2454 ρίμνησεν
2517 2381 2806 2435 ἐκθέσθαι·
2859 2381 2996 2443 ἀλλὰ
3038 2381 3416 2452 προλαμϐάνει
3463 2384 3577 2437 τῶν
3612 2387 3803 2456 ρηθέν-

2217 2493 2326 2527 των
2370 2473 2438 2526 τὰ
2484 2473 2558 2544 μὴ
2599 2472 2854 2544 ρηθέντα.
2901 2474 2958 2526 'O
2991 2473 3271 2536 Ματθαῖος
3301 2475 3408 2544 γὰρ
3439 2475 3675 2544 ἄρχεται
3701 2477 3805 2529 ἀπὸ

2231 2565 2508 2636 ’Δὸραάμο
2546 2565 2684 2635 μετὰ
2722 2565 2779 2618 δὲ
2804 2565 2903 2636 τὴν
2931 2566 3126 2636 ἀρχὴν,
3157 2565 3252 2618 καὶ
3287 2565 3425 2636 μετὰ
3452 2565 3548 2618 δύο
3578 2567 3676 2637 ἔτη
3710 2569 3806 2637 τῆς

2215 2658 2543 2728 γεννήσεως,
2579 2656 2743 2710 πάλιν
2768 2660 3001 2710 ποιεῖται
3031 2657 3130 2728 τὴν
3162 2658 3457 2730 ὑφήγησιν.
3484 2661 3725 2730 Μάρκος
3754 2660 3808 2713 δὲ

2216 2745 2443 2816 ἄρχεται
2475 2746 2583 2799 ἀπὸ
2608 2747 3091 2801 πεντεκαιδεκάτου
3131 2747 3283 2812 ἔτους
3316 2749 3612 2820 Τιϐερίουδ
3645 2750 3809 2821 μεσό-

2215 2855 2354 2908 τητα
2385 2838 2491 2890 τῶν
2524 2837 2663 2909 μετὰ
2687 2839 2783 2910 τὴν
2811 2840 3004 2910 ἀρχήν.
3035 2841 3251 2905 Λουκᾶς
3275 2841 3327 2894 δὲ
3354 2841 3529 2912 ἀρχὴν
3564 2844 3684 2914 πρὸ
3713 2844 3811 2912 τῆς

2218 2931 2391 3003 ἀρχῆς
2420 2931 2693 3001 ἐπήνεγκε
2721 2933 2820 3003 τὴν
2846 2932 2953 3004 πρὸ
2981 2933 3080 3004 τῆς
3103 2935 3403 3004 γεννήσεως
3431 2936 3488 2987 ὲν
3517 2938 3590 3006 τῇ
3615 2937 3810 3009 συλλή-

2217 3023 2308 3094 ψει
2330 3023 2430 3093 τῆς
2449 3041 2586 3092 γαστ
2597 3025 2687 3095 pb;
2707 3024 2928 3096 Μαρίας
2954 3026 3048 3078 καὶ
3071 3025 3174 3095 τῆς
3197 3025 3474 3080 Ἐλισάϐετ
3491 3034 3804 3097 γεγονυῖαν.

2233 3118 2486 3190 Ἰωάννης
2533 3119 2588 3171 δὲ
2623 3119 2703 3172 ἔτι
2741 3120 3025 3191 πρότερον,
3068 3121 3292 3192 ὕστερος
3323 3121 3515 3187 ἐλθὼν,
3556 3125 3808 3191 ὲπασφα-

2222 3209 2429 3273 λίζεται
2475 3210 2574 3282 τὴν
2610 3211 2716 3284 πρὸ
2757 3212 2860 3282 τῆς
2896 3215 3162 3286 ὲνσάρκου
3195 3215 3497 3286 παρουσίας
3541 3234 3805 3288 πραγμα-

2220 3300 2392 3354 τείαν.
2446 3303 2800 3374 Πνευματικὰ
2847 3304 2956 3374 γὰρ
2997 3300 3065 3375 ἦν
3107 3306 3176 3358 τὰ
3223 3306 3454 3360 πλεῖστα
3501 3308 3597 3360 ὑπ’
3643 3308 3807 3362 αὐτοῦ

2222 3389 2512 3461 λεγόμενα,
2549 3393 2657 3446 τῶν
2692 3393 2976 3464 σαρκικῶν
3005 3395 3104 3465 ἤδη
3142 3395 3684 3465 ὲπασφαλισθέντων.
3718 3395 3808 3450 Διό

2224 3483 2610 3553 πνευματικῶς
2647 3485 2748 3554 τὴν
2783 3486 3056 3556 ὑφήγησιν
3082 3490 3316 3540 ποιεῖται
3343 3488 3443 3558 τῆς
3466 3488 3676 3542 ἄνωθεν
3703 3491 3808 3542 ἀπὸ

2221 3575 2434 3646 Πατρὸς
2463 3576 2701 3648 ἀνάρχου
2743 3577 2953 3649 δωρεᾶς
2983 3580 3118 3648 ἡμῖν
3153 3577 3437 3650 ἐλθούσης,
3475 3579 3619 3632 κατὰ
3664 3580 3807 3632 εὐδο-

2221 3667 2346 3721 κίαν
2386 3667 2598 3739 Πατρὸς
2632 3670 2689 3722 ὲν
2717 3672 2782 3740 τῇ
2811 3669 2942 3742 ἁγίᾳ
2976 3670 3259 3742 Παρθένῳ,
3295 3672 3352 3722 ἐν
3391 3672 3580 3742 μήτρα
3609 3671 3804 3742 παρθε-

2220 3762 2344 3830 νικῇ
2382 3761 2847 3833 οίκονομηθείσης.
2883 3762 2990 3816 Καὶ⁵
3036 3763 3084 3815 οἱ
3120 3762 3296 3816 λοιποὶ
3329 3763 3407 3827 δὲ,
3449 3763 3519 3816 τὰ
3559 3765 3651 3816 τσα
3686 3763 3808 3815 τού-

2222 3869 2334 3915 τοις
2366 3851 2672 3922 συμφώνως
2697 3854 2964 3918 είπόντες.
2986 3847 3060 3907 ὧν
3085 3849 3153 3924 ἦν
3183 3855 3344 3927 χρεία
3375 3855 3804 3926 ὲπεμελήσαντο.

2236 3944 2294 3996 '0
2317 3943 2372 3996 δὲ
2419 3945 2684 4015 Ἰωάννης
2707 3945 2801 3999 καὶ
2835 3947 2933 4016 τὴν
2985 3947 3244 4017 πρόθεσιν
3266 3947 3398 4018 (45),
3432 3949 3518 4000 ἵνα
3554 3948 3663 4000 ἀπὸ
3691 3963 3807 3999 τεσ-

2221 4035 2402 4106 σάρων
2433 4035 2834 4105 εὐαγγελιστῶν
2859 4037 2956 4106 τὴν
2998 4039 3182 4091 πᾶσαν
3231 4041 3371 4092 κατά
3397 4057 3458 4092 τε
3494 4041 3595 4110 τὴν
3631 4041 3809 4111 σάρκα

2217 4126 2475 4180 καὶκατὰ
2496 4128 2594 4198 τὴν
2631 4128 2862 4200 θεότητα
2892 4129 3181 4199 ἀκρίϐειαν
3216 4132 3604 4202 κατάσχωμεν.

527 4226 806 4282 voluntate
844 4227 896 4280 in
937 4227 998 4282 Β.
1059 4225 1338 4297 Virginem
1381 4225 1635 4295 illapsum
1668 4263 1683 4287 ,
1717 4231 1881 4292 atque
1922 4222 1974 4275 in
2040 4222 2285 4292 virgineo
2353 4223 2474 4292 ejus
2516 4225 2723 4294 gremio
2779 4239 2902 4278 cum
2957 4241 3124 4280 carne
3174 4227 3554 4297 conjunctum.
3607 4229 3808 4282 Creteri

531 4335 695 4388 porro
731 4323 802 4375 ita
836 4323 1028 4376 iisdem
1063 4323 1171 4376 illis
1210 4329 1582 4376 consentanea
1615 4319 1908 4383 dixerunt,
1961 4326 2019 4371 ut
2082 4317 2156 4381 id,
2217 4318 2362 4388 quod
2416 4327 2534 4373 erat
2569 4335 2823 4383 necesse,
2868 4323 3214 4390 potissimum
3264 4332 3597 4394 spectarent.
3640 4323 3810 4379 Joan-

530 4431 629 4470 nes
663 4432 790 4471 vero
822 4418 972 4485 ejus,
1024 4418 1167 4487 quod
1227 4418 1331 4473 sibi
1390 4404 1786 4486 proposuerat,
1844 4416 2112 4468 rationem
2144 4413 2353 4469 habuit.
2397 4412 2474 4467 lta
2533 4414 2590 4468 lit
2652 4423 2710 4468 ut
2740 4430 2805 4470 ex
2841 4431 2894 4470 tv
2955 4416 3262 4486 Evangeliis
3321 4433 3515 4472 eorum
3564 4435 3687 4488 qua:
3742 4420 3812 4474 ad

528 4508 735 4562 Christi
769 4523 990 4561 carnem
1035 4517 1089 4561 et
1143 4509 1209 4562 ad
1250 4510 1592 4564 divinitatem
1640 4508 1916 4573 attinent,
1958 4513 2216 4560 accurata
2248 4505 2407 4561 nobis
2441 4507 2646 4562 veritas
2678 4522 2742 4561 ac
2768 4507 3077 4562 certissima
3111 4514 3354 4562 constet.

600 4596 716 4652 XX.
759 4597 969 4652 Etenim
1025 4607 1144 4654 toto
1209 4600 1300 4654 ilfo
1363 4599 1618 4670 baptismi
1680 4599 2109 4670 tentationisque

2289 4595 2374 4652 K'.
2417 4597 2825 4651 Τελειωθέντων
2869 4597 2978 4669 γὰρ
3019 4597 3127 4651 τῶν
3166 4601 3383 4652 πάντων
3415 4598 3528 4653 τῶν
3562 4599 3710 4652 κατὰ
3751 4601 3812 4652 τὸ

531 4690 749 4757 negotio
783 4690 1107 4760 perfunctus
1138 4695 1313 4756 venit,
1355 4709 1417 4748 ac
1461 4694 1751 4766 discipulis
1809 4694 2109 4764 adjunctis,

531 4779 764 4848 primum
818 4780 950 4834 illud
1007 4783 1056 4834 in
1105 4781 1252 4836 Cana
1293 4782 1528 4840 Galilaaae
1578 4786 1906 4840 miraculum
1966 4787 2113 4849 fecit,

527 4871 689 4926 tertia
724 4888 886 4942 quam
918 4875 1218 4944 praedicare
1245 4886 1486 4948 cmperat
1517 4877 1624 4954 die.
1667 4877 1787 4934 Non
1813 4880 1958 4934 enim
1990 4889 2117 4935 ante

529 4964 886 5019 tentatinnem
923 4966 1174 5022 Christus
1233 4968 1440 5038 nuptiis
1503 4969 1818 5024 interfuisse
1867 4968 2113 5034 dicitur;

530 5070 631 5108 nec
684 5056 852 5110 ullum
901 5059 1126 5112 omnino
1185 5060 1491 5130 prodigium
1544 5069 1670 5114 ante
1720 5059 1851 5114 illud
1904 5068 2119 5128 tempus

529 5146 722 5211 edidit,
756 5150 859 5204 nisi
898 5151 942 5205 si
974 5166 1095 5220 quae
1140 5150 1326 5206 forsan
1366 5150 1575 5204 ludicra
1613 5150 1806 5208 fecisse
1843 5153 1895 5207 in
1927 5153 2113 5223 pueri-

531 5239 607 5292 tia
645 5239 866 5306 dicitur,
898 5244 1046 5312 quod
1081 5260 1111 5298 a
1143 5245 1424 5299 nonnullis
1456 5244 1711 5298 aﬂirmari
1740 5246 1918 5300 video.
1949 5245 2113 5314 Atqui

533 5333 795 5386 nonnulla
841 5336 1063 5404 puerilis
1103 5337 1280 5392 aetatis
1315 5345 1633 5404 argumenta
1679 5338 1920 5407 praebere
1959 5338 2112 5390 illum

2222 4690 2504 4760 βάπτισμα
2565 4692 2659 4744 καὶ
2705 4692 2844 4746 κατὰ
2896 4692 2988 4744 τὸν
3031 4691 3336 4762 πειρασμὸν
3389 4692 3594 4756 αὑτοῦ,
3651 4693 3814 4757 εὐθὺς

2223 4782 2467 4845 ἐλθόντος
2503 4783 2596 4834 καὶ
2641 4783 3151 4855 συμπαρειληφότος
3186 4785 3312 4847 τοὺς
3349 4783 3623 4855 μαθητὰς,
3656 4783 3815 4838 τοῦτο

2223 4874 2436 4945 πρῶτον
2469 4876 2692 4944 σημεῖον
2725 4874 2989 4946 πεποίηκε
3022 4879 3088 4945 τῇ
3115 4875 3275 4948 τρίτῃ
3304 4876 3490 4946 ἡμέρα
3517 4876 3615 4929 τοῦ
3645 4875 3817 4947 κηρύ-

2221 4985 2429 5037 γματος
2461 4968 2516 5019 ἐν
2557 4967 2712 5037 Κανᾷ
2756 4967 2856 5037 τῆς
2904 4967 3212 5031 Γαλιλαίας.
3250 4967 3384 5021 Οὔτε
3419 4967 3529 5038 γὰρ
3577 4969 3683 5040 πρὸ
3722 4968 3814 5022 τοῦ

2225 5059 2530 5131 πειρασμοῦ
2595 5061 2652 5112 ἐν
2699 5061 2862 5130 γάμῳ
2905 5061 3104 5128 φάσκει
3164 5061 3255 5114 τὸν
3294 5061 3534 5132 Χριστὸν
3587 5064 3813 5131 ὴκένςιι⁹

2223 5152 2282 5204 οὐ
2311 5151 2420 5222 γὰρ
2455 5151 2590 5214 ὅλως
2620 5169 2671 5204 τι
2697 5150 2804 5204 τῶν
2836 5151 3173 5223 θεοσημείων
3203 5152 3296 5206 καὶ
3328 5151 3423 5206 τοῦ
3455 5153 3817 5225 κηρύγματος

2225 5244 2330 5316 πρὸ
2363 5244 2456 5297 τοῦ
2493 5243 2800 5315 πειρασμοῦ
2826 5247 2854 5298 ὁ
2894 5244 3128 5317 Χριστὸς
3160 5246 3474 5318 εἰργάσατο,
3509 5249 3560 5299 εξ
3593 5249 3669 5318 μή
3702 5264 3752 5298 τι
3781 5245 3818 5296 5.

2223 5337 2405 5408 ᾄδεται
2442 5337 2569 5408 περὶ
2591 5336 2754 5392 αὑτοῦ
2788 5339 2846 5390 ἐν
2877 5338 3028 5392 παιδὶ
3069 5338 3453 5410 πεποιηκέναι,
3484 5338 3564 5400 ὡς
3597 5341 3658 5392 ἐν
3687 5355 3816 5390 παι-

603 5511 618 5540 ¹
646 5507 802 5564 Joan.
834 5525 896 5576 tt,
938 5510 1026 5565 ⁸50.
1103 5513 1123 5542 ²
1168 5513 1296 5568 ibid.
1323 5515 1409 5570 32.
1490 5515 1672 5570 ’~ibid.
1701 5515 1791 5571 ἓξ).
1874 5515 1892 5545 ⁵
1917 5515 2338 5574 Mutiluslocus.

607 5670 722 5740 (45)
762 5671 812 5724 '0
865 5672 933 5725 es
997 5672 1266 5741 Ἰωάννης
1309 5678 1400 5729 καὶ
1453 5677 1561 5746 τῑιι·
1606 5680 1910 5746 πρόθεσιν.

1987 5679 2044 5735 ιε’.
2089 5679 2228 5733 κατᾶ
2264 5680 2358 5752 τὴν
2404 5681 2676 5751 πρόθεσιν.
