3866 6068
115 309 216 367 5‘25

821 300 1195 361 ADVERSUS
1233 296 1578 356 ii/ERESES
1615 296 1743 353 LIB.
1785 294 1850 352 ll.
1889 293 2054 353 TOM.
2088 293 2129 350 1.
2161 324 2231 335 -—
2260 290 2540 348 lizﬁkES.
2581 290 2670 347 LI.

2384 122 2423 135 ρ

3276 258 3386 338 ’θεε

108 429 264 500 γνίῳ,
291 425 367 490 ὥς
410 440 554 489 τινες
598 424 890 494 φάσκουσι.
927 426 1036 479 Καὶ
1079 425 1184 478 ἔδει
1206 423 1284 496 τῷ
1319 423 1563 496 μὲννὸντι
1609 421 1701 475 καὶ

1809 418 2087 491 oportuit,
2122 432 2214 483 ne,
2238 429 2348 486 qua
2386 412 2690 469 haeresibus
2737 409 2859 466 aliis
2890 406 3108 483 occasio
3135 403 3385 464 daretur,

109 516 414 591 παιδαρικά
444 515 605 570 αὐτὸν
631 516 794 587 ἔχειν,
826 517 912 569 ἵνα
937 516 1011 589 μὴ
1040 516 1313 588 πρόφασις
1334 515 1557 587 γένηται
1578 515 1699 577 ταῖς

109 609 300 673 ἄλλαις
349 608 629 681 αἱρέσεσι,
665 612 785 672 ταῖς
830 602 1149 677 λεγούσαις,
1186 608 1266 662 ὃτι
1295 608 1401 662 ἀπὸ
1436 606 1530 661 τοῦ
1568 607 1699 678 ’ῐορ-

109 705 267 759 δάνου
301 698 434 773 ἦλθε
471 700 706 771 Χριστὸς
742 703 823 764 εἰς
863 700 1046 765 αὐτὸν,
1081 702 1218 772 ὅπερ
1269 699 1419 753 ἐστὶν
1464 700 1497 769 ἡ
1542 715 1699 769 περιρ

112 796 298 867 στερά.
330 795 423 847 Διὸ
453 793 548 846 καὶ
582 793 639 845 έν
664 791 741 863 τῷ
768 792 1052 864 δωδεκάτῳ
1080 791 1188 845 ἔτει
1213 792 1398 861 σαφῶς
1429 791 1698 845 δείκνυσιν

113 892 141 942 6
159 887 395 949 Λουκᾶς,
423 885 508 938 ὅτι
539 883 1060 956 προσδιαλεγόμενος
1095 887 1206 947 τοῖς
1238 883 1441 956 ἱερεῦσι
1463 884 1557 936 καὶ
1584 884 1698 944 τοῖς

116 979 532 1052 πρεσϐυτέροις,
566 978 668 1049 ἔφη
697 980 762 1050 τῇ
794 978 1003 1049 Μαρίᾳ,
1028 979 1109 1032 ὅτι
1129 981 1249 1032 Οὐκ
1278 978 1488 1047 ᾔδειτε.
1515 976 1604 1031 ὅτι
1627 976 1699 1030 ἐν

114 1073 236 1138 τοῖς
270 1070 377 1125 τοῦ
429 1068 660 1138 Πατρός
696 1088 816 1140 μου
854 1069 950 1123 δεῖ
989 1088 1065 1140 με
1102 1066 1290 1133 air-ut;
1330 1070 1414 1122 ἵνα
1464 1069 1605 1142 πέσῃ
1668 1068 1697 1120 6

114 1165 268 1233 λόγος
295 1162 406 1215 τῶν
440 1161 727 1230 λεγόντων,
755 1163 837 1214 ὃτι
879 1161 985 1215 ἀπὸ
1021 1161 1113 1214 τοῦ
1151 1162 1343 1233 χρόνου
1377 1159 1472 1213 τοῦ
1502 1158 1695 1229 βαπτί-

118 1271 319 1327 σματος
362 1253 568 1324 κατέϐη
614 1254 694 1316 εἰς
732 1253 894 1306 αὑτὸν
931 1253 993 1306 τὸ
1037 1253 1261 1324 Πνεῦμα
1296 1253 1357 1306 τὸ
1391 1252 1566 1320 ἅγιον,
1601 1250 1697 1304 καὶ

118 1346 300 1416 σαφῶς
327 1344 570 1416 γνωσθῇ,
603 1346 684 1397 ὅτι
715 1344 920 1399 ἄνωθεν
949 1345 1292 1417 ἐπεδήμησεν
1319 1346 1347 1396 6
1379 1344 1571 1412 Λόγος,
1601 1343 1697 1395 καὶ

115 1434 402 1510 ἐσαρκὼοη
432 1436 541 1488 ἀπὸ
563 1434 803 1507 Μαρίας,
833 1436 928 1488 καὶ
955 1435 1012 1487 ὲν
1040 1434 1118 1506 τῷ
1154 1434 1393 1508 Ἰορδάνῃ
1430 1433 1696 1504 κατῆλθεν

115 1525 200 1579 ἐπ’
234 1523 397 1577 αὐτὸν
435 1522 498 1576 τὸ
530 1522 755 1594 Πνεῦμα
777 1539 789 1551 ·
822 1523 910 1577 ἵνα
941 1526 1159 1595 σημανῇ
1199 1524 1282 1587 τίς
1320 1526 1465 1577 ἐστιν
1498 1526 1525 1576 ὁ
1553 1542 1695 1596 μαρ-

115 1617 444 1691 τυρούμενος
489 1615 599 1671 ἀπὸ
638 1614 732 1668 τοῦ
786 1615 1034 1687 Πστρός,
1085 1617 1166 1671 ὅτι
1221 1612 1409 1683 Οὗτός
1453 1617 1625 1671 ἐστιν
1664 1620 1697 1671 ό

126 1711 253 1776 Υἱός
287 1728 408 1779 μου
462 1712 495 1762 ό
536 1708 877 1779 ἀγαπητόςο
918 1708 1103 1763 αὑτοῦ
1157 1709 1429 1763 ἀκούετε·
1469 1710 1563 1763 καὶ
1610 1709 1697 1763 ἵνα

117 1801 335 1872 γένηται
385 1798 549 1853 τοῦτο
602 1798 906 1870 ὑπόδειγμα
952 1802 1063 1864 τοῖς
1080 1800 1396 1871 κμέλλουσιν
1437 1802 1493 1854 ἐν
1547 1800 1697 1871 αὐτῷ

118 1898 464 1968 φωτίζεσθαι,
494 1900 577 1952 ὅτι
628 1898 1129 1969 καταξιωθήσονται
1174 1895 1491 1967 Πνεῦματος
1539 1893 1695 1961 ἁγίου

118 1992 173 2044 ἐν
200 1991 275 2063 τῷ
306 1990 519 2064 λουτρῷ
554 1991 653 2061 τῆς
699 1991 931 2061 δωρεᾶς,
969 1991 1064 2043 καὶ
1102 1989 1351 2059 ἀφέσεως
1388 1986 1696 2060 ἁμαρτιῶν,

119 2083 330 2155 χάριτος
357 2083 460 2154 τῆς
485 2083 577 2137 ὑπ’
606 2081 771 2137 αὐτοῦ
792 2081 1055 2154 δοθείσης.

183 2353 307 2407 KA'.
358 2351 592 2420 Ἀφότου
625 2348 682 2402 δὲ
723 2347 794 2402 τὰ
841 2345 1021 2401 τέλεια
1052 2342 1255 2417 ἤρξατο
1298 2343 1472 2396 ποιεῖν
1512 2339 1699 2413 θεοσή-

125 2463 244 2518 μεια
272 2447 327 2499 ὲν
363 2442 445 2514 τῷ
481 2439 662 2514 καιρῷ
697 2439 791 2494 τοῦ
833 2436 1212 2509 κηρύγματος,
1249 2434 1428 2490 Τοῦτο
1466 2432 1702 2501 πρῶτον

122 2536 361 2609 σημεῖον
395 2535 704 2601 ἐποίησεν
731 2533 763 2586 ὁ
797 2529 1061 2599 Ἰησοῦς,
1089 2528 1272 2598 φησιν,
1299 2526 1371 2580 ἐν
1399 2521 1565 2592 Κανᾷ
1591 2521 1702 2592 τῆς

123 2629 447 2694 Γαλιλαίας
467 2643 481 2656 ο
506 2625 628 2697 οὐχὶ
661 2623 768 2695 πρὸ
790 2622 882 2676 τοῦ
915 2620 1313 2692 βαπτίσματος,
1338 2618 1415 2681 ὡς
1442 2614 1701 2678 πολλάκις

124 2720 267 2792 ἔφην,
312 2719 426 2774 ἀλλ’
470 2706 915 2786 ὃτεάνέκαμψεν
967 2711 1076 2766 ἀπὸ
1119 2709 1213 2764 τοῦ
1261 2706 1603 2781 πειρασμοῦ,
1631 2707 1699 2776 τῇ

118 2814 268 2885 τρίτῃ
298 2811 487 2883 ἡμέρᾳ
516 2807 659 2881 μετά
679 2807 780 2871 τὰς
799 2805 913 2869 δύο,
937 2805 1115 2876 ἇσπερ
1145 2802 1366 2874 ἔμειναν
1395 2799 1525 2871 παρ’
1554 2795 1702 2867 αὑτῷ

123 2906 172 2959 οἱ
200 2904 288 2959 δύο
313 2903 561 2976 μαθηταὶ
578 2899 673 2956 τοῦ
708 2900 977 2961 Ἰωάννου,
999 2898 1046 2950 οἱ
1073 2895 1426 2958 ἀκούσαντες,
1451 2891 1545 2944 καὶ⁵
1567 2891 1700 2944 ἀκο-

126 2996 477 3069 λουθήσαντες
513 2993 685 3065 αὐτῷ.
722 2994 810 3055 Ὠς
837 2990 1000 3054 εὐθὺς
1035 2987 1173 3060 μετά
1205 2987 1304 3050 τὰς
1334 2985 1428 3040 δύο
1463 2984 1695 3058 ἡμέρας,

1801 526 1925 582 qua:
1984 508 2261 566 Christum
2323 506 2391 562 ad
2451 505 2747 561 Iordanem
2814 501 3036 557 ﬂuvium
3096 497 3150 552 in
3189 497 3381 579 ‘illum

1801 602 2153 660 descendisse
2186 601 2453 656 columba:
2484 597 2665 667 specie
2695 594 3012 667 pradicant.
3045 591 3225 657 Quare
3248 589 3384 644 dun-

1801 697 2014 751 decimo
2045 693 2221 750 aetatis
2260 706 2406 746 anno
2440 687 2730 743 manifeste
2776 685 2953 740 Lucas
2992 682 3045 737 id
3080 680 3381 752 expressit,
3464 678 3469 683 ’

1799 788 2167 858 disputantem
2199 785 2351 839 illum
2378 798 2503 838 cum
2534 777 2935 843 sacerdotibus,
2981 789 3046 828 ac
3073 771 3386 830 senioribus

1801 878 1987 934 Maria:
2014 877 2251 932 dixisse:
2291 871 2620 929 Nesciebatis
2674 869 2814 936 quod
2863 867 2919 921 in
2951 864 3031 919 his
3061 880 3177 935 qua:
3204 861 3384 917 Patris

1800 972 1903 1026 mei
1951 979 2074 1025 sunt
2134 974 2337 1037 oportet
2390 980 2471 1018 me
2507 978 2619 1017 esse
2650 960 2719 1013 ’Ἰ
2758 956 2828 1012 Ut
2875 972 3064 1011 eorum
3110 954 3381 1009 rationem

1799 1061 2139 1124 excluderet,
2174 1058 2265 1128 qui
2307 1057 2374 1112 ab
2412 1071 2477 1110 eo
2504 1055 2741 1126 primum
2776 1058 3040 1119 tempore,
3071 1060 3180 1114 quo
3203 1041 3384 1112 bapti~

1801 1162 1958 1211 zatus
2010 1160 2095 1208 est
2120 1193 2134 1216 ,
2171 1151 2436 1222 Spiritum
2476 1156 2726 1204 sanctum
2766 1143 2822 1195 in
2855 1141 3006 1194 illum
3040 1143 3237 1209 putant
3264 1149 3386 1189 esse

1799 1248 2127 1317 delapsum;
2187 1251 2410 1299 econtra
2470 1255 2602 1295 vero
2655 1238 2906 1294 homines
2987 1231 3384 1300 intelligerent,

1788 1339 2037 1398 .Verbum
2068 1337 2245 1407 ipsmn
2287 1351 2317 1390 e
2355 1333 2500 1389 coelo
2529 1329 2868 1387 descendens
2897 1338 3116 1382 carnem
3148 1337 3179 1377 e
3216 1318 3387 1373 Maria

1800 1433 2068 1497 traxisse;
2098 1443 2332 1499 cumque
2356 1426 2422 1481 ad
2453 1424 2745 1481 Iordanem
2777 1418 3103 1477 accessisset
3133 1419 3384 1469 sanctum

1800 1541 1860 1581 se
1890 1525 1946 1580 in
1982 1524 2133 1580 illum
2165 1519 2438 1576 infudisse
2470 1517 2770 1589 Spiritum:
2802 1528 2913 1585 quo
2944 1519 2998 1567 et
3029 1506 3163 1564 illud
3200 1504 3378 1560 decla-

1799 1617 1909 1673 rari
1939 1624 2144 1688 posset,
2181 1613 2305 1685 quis
2344 1619 2492 1668 esset
2521 1610 2612 1664 ille
2646 1609 2713 1663 de
2748 1604 2912 1679 443
2941 1616 3049 1673 quo
3078 1598 3240 1653 Pater
3272 1604 3383 1649 tam

1800 1711 2017 1778 insigne
2052 1707 2429 1762 testimonium
2465 1701 2737 1757 dedisset:
2775 1697 2878 1750 Hic
2928 1703 3003 1748 est
3032 1690 3208 1745 Filius
3238 1700 3385 1740 meus

1800 1802 2062 1865 dilectus;
2094 1799 2264 1867 ipsum
2294 1796 2474 1848 audite
2499 1793 2541 1847 ³.
2579 1789 2716 1846 lllud
2750 1804 2880 1845 vero
2911 1793 3171 1856 praeterea
3199 1793 3388 1836 exem-
3416 1855 3441 1862 ρ

1802 1895 1892 1966 plo
1928 1908 2051 1950 esse
2097 1906 2162 1946 ac
2193 1890 2524 1945 documento
2556 1883 2728 1939 voluit
2757 1881 2826 1935 iis
2854 1920 2868 1944 ,
2910 1878 3004 1947 qui
3060 1874 3244 1929 divina
3292 1881 3390 1939 per

1802 1988 1955 2042 illum
1994 1985 2117 2039 luce
2144 1978 2603 2054 perfunderentur
2629 1993 2644 2041 ;
2679 1975 2923 2028 futurum
2953 1966 3210 2028 omnino,
3243 1968 3303 2016 ut
3332 1966 3389 2014 et

1802 2079 1908 2151 ipsi
1929 2076 2192 2148 Spiritum
2225 2081 2499 2135 sanctum,
2522 2083 2624 2123 nec
2654 2080 2762 2121 non
2788 2063 3012 2118 caeleste
3038 2054 3383 2114 beneﬁcium,

1802 2187 1868 2228 ac
1895 2177 2247 2242 peccatorum
2277 2164 2516 2226 veniam,
2534 2170 2587 2217 et
2616 2156 3073 2215 communicatam
3102 2148 3172 2206 ab
3195 2144 3389 2202 eodem

1803 2263 2036 2337 gratiam
2079 2261 2132 2314 in
2156 2257 2434 2327 baptismo
2467 2258 2957 2321 consequerentur.

1873 2338 2016 2408 XXI.
2062 2349 2169 2406 Sed
2224 2346 2316 2402 ubi
2352 2344 2561 2414 majora
2603 2342 2696 2397 illa
2745 2335 3180 2410 perfectioraque
3220 2340 3389 2382 mira-

1803 2447 1924 2503 cula
1945 2440 2348 2516 praedicationis
2376 2453 2489 2492 suae
2518 2443 2763 2505 tempore
2788 2436 2874 2485 est
2895 2437 3187 2498 aggressus
3205 2460 3220 2486 ,
3247 2422 3385 2479 Hoc,

1804 2511 2017 2609 inquit,
2057 2535 2288 2606 primum
2338 2531 2545 2601 signum
2588 2527 2712 2597 fecit
2750 2524 2908 2579 Iesus
2948 2522 3003 2574 in
3050 2516 3204 2573 Caua
3247 2511 3393 2567 Gali-

1805 2601 1919 2686 lwa:
1953 2628 1996 2683 ⁵.
2052 2601 2168 2682 Non
2212 2632 2341 2679 ante
2381 2622 2753 2692 baptismum,
2788 2622 2847 2671 ut
2898 2627 3042 2683 saepe
3094 2606 3207 2664 dixi
3235 2645 3251 2671 ,
3293 2601 3392 2659 sed

1805 2732 1919 2777 tum
1969 2720 2207 2792 primum
2259 2714 2314 2771 id
2371 2714 2615 2776 accidit,
2668 2717 2960 2782 postquam
3006 2720 3037 2759 a
3094 2697 3393 2757 tentatione

1802 2788 2062 2869 reversus
2116 2813 2243 2874 est,
2282 2804 2440 2860 tertia
2478 2803 2567 2858 die
2621 2806 2745 2873 post
2798 2797 3031 2854 biduum
3079 2788 3248 2855 illud,
3280 2800 3393 2859 quo

1803 2904 1964 2960 anibo
2007 2901 2151 2973 apud
2200 2901 2381 2971 ipsum
2430 2897 2639 2950 haesere
2688 2890 2919 2947 Joannis
2955 2882 3253 2955 discipuli,
3296 2878 3391 2973 qui

1803 3000 1859 3047 et
1893 2970 2186 3045 audierunt
2216 2970 2367 3042 illum
2395 3024 2411 3050 ,
2458 2992 2509 3041 et
2566 2982 2743 3040 secuti
2797 2987 2946 3035 sunt.
2990 2974 3185 3030 Statim
3241 2970 3391 3030 enim

122 3095 187 3155 ἃς
237 3060 499 3161 ἐποίησαν
555 3060 684 3157 παρ’
760 3083 911 3155 αὐτῷ
937 3121 953 3150 ,
996 3082 1279 3149 ἐπεισάγει
1330 3079 1530 3148 λέγων’
1590 3075 1698 3129 Καὶ

1809 3092 1931 3155 post
1966 3080 2221 3143 biduum,
2262 3093 2371 3149 quo
2399 3074 2542 3148 apud
2575 3074 2727 3128 illum
2757 3070 2847 3127 isti
2880 3060 3208 3124 commorati
3238 3065 3390 3123 sunt,

126 3181 372 3252 ἐξῆλθεν
389 3183 479 3248 εις
508 3178 627 3247 τὴν
647 3177 1005 3248 Γαλιλαίαν,
1035 3174 1134 3230 καὶ
1162 3171 1355 3242 εὑρὼν
1375 3172 1699 3232 Φίλιππον,

127 3269 310 3328 εἷπεν·
352 3271 689 3327 Ἀκολούθει
714 3285 836 3339 μοι.
866 3262 1000 3322 Εἶτα
1030 3265 1216 3329 εὐθύςσ
1253 3263 1331 3333 Τῇ
1362 3264 1530 3334 τρίτῃ
1554 3260 1699 3331 ὴμέ-

122 3382 194 3433 ρςι
220 3363 399 3435 γάμος
438 3360 681 3433 ἐγένετο
712 3360 784 3415 ἐν
822 3356 991 3425 Κανᾷ
1017 3356 1129 3426 τῆς
1161 3353 1514 3419 Γαλιλαίας.
1555 3350 1701 3406 Ἔδει

129 3456 228 3529 γὰρ
260 3457 417 3511 αὐτὸν
460 3453 772 3510 ἀπελθόντα
814 3452 977 3515 εὐθὺς
1019 3449 1214 3521 γάμων
1257 3446 1592 3517 τελουμένων
1622 3444 1701 3508 είς

129 3550 218 3622 τὴν
254 3551 416 3623 τιμὴν
457 3546 627 3602 αὐτοῦ
659 3546 927 3620 κληθῆναι
978 3546 1063 3599 ἐπ’
1107 3541 1328 3613 εὐλογίᾳ
1367 3537 1462 3594 τοῦ
1500 3535 1698 3609 γάμου.

130 3643 230 3696 Καί
249 3661 377 3715 φησι
396 3660 409 3673 °
433 3641 643 3712 Γάμος
670 3638 908 3710 ἐγένετο
938 3636 1012 3706 τῇ
1044 3636 1212 3705 τρίτῃ
1233 3632 1423 3704 ἡμέρᾳ
1441 3630 1514 3685 ἐν
1535 3624 1703 3694 Κανᾷ

130 3733 232 3803 τῆς
266 3734 633 3801 Γαλιλαίας*
662 3732 761 3787 καὶ
785 3727 866 3809 ἦν
895 3730 933 3799 ἡ
955 3728 1155 3799 μήτηρ
1181 3725 1288 3780 τοῦ
1339 3721 1533 3792 Ἰησοῦ
1554 3718 1699 3773 ἐκεῖ.

142 3825 390 3895 Ἐκλήθη
417 3826 487 3880 δὲ
518 3824 618 3879 καὶ
654 3827 686 3878 ὁ
717 3821 958 3891 Ἰησοῦς
1009 3820 1106 3873 καὶ
1138 3821 1193 3873 οὶ
1226 3816 1487 3888 μαθηταὶ
1516 3809 1704 3868 αὐτοῦ

131 3920 182 3973 οι
213 3919 335 3989 μετ’
363 3918 553 3974 αὐτοῦ
591 3918 679 3983 εὶς
720 3914 829 3969 τὸν
858 3912 1067 3984 γάμον.
1106 3912 1218 3965 Καὶ
1251 3906 1706 3977 ὑστερήσαντος

133 4010 320 4076 οινου,
362 4009 527 4080 λέγει
576 4010 616 4078 ἡ
656 4006 857 4077 μήτηρ
915 4002 1022 4057 τοῦ
1077 4000 1316 4070 Ἰησοῦ·
1371 3995 1551 4054 οἶνον
1593 4002 1705 4053 οὐκ

134 4101 351 4171 ἔχουσι.
400 4102 512 4158 Καὶ
538 4101 703 4170 λέγει
746 4082 910 4165 ἀὐτῇ
948 4098 981 4150 ό
1021 4092 1296 4163 ’πεσοῦς’
1352 4093 1414 4147 Τί
1437 4091 1569 4162 ἐμοὶ
1605 4089 1707 4145 καί

138 4195 245 4259 σοὶ,
275 4197 483 4265 γύναι,
523 4194 688 4248 οὔπω
715 4191 848 4259 ἣκει
876 4191 914 4259 ἡ
938 4188 1060 4258 ὥρα
1083 4205 1224 4258 μου.

200 4288 347 4341 Μετὰ
389 4288 452 4341 τὸ
499 4285 673 4340 ἐλθεῖν
722 4283 887 4336 αὐτὸν
933 4281 1044 4335 ἀπὸ
1089 4279 1184 4334 τοῦ
1220 4275 1567 4351 πειρασμοῦ,
1612 4275 1708 4331 καλ⁵

140 4378 350 4434 διελθεῖν
398 4380 487 4434 διὰ
529 4378 630 4449 τῆς
676 4375 949 4447 θαλάσσης
997 4373 1092 4428 καὶ
1141 4370 1234 4425 τοῦ
1270 4371 1559 4443 Ἰορδάνου,
1609 4367 1708 4440 τὴν

1806 3174 2066 3244 subiicit:
2107 3171 2178 3226 Et
2202 3172 2333 3225 abiit
2366 3171 2421 3223 iu
2450 3166 2733 3223 Galiiwam
2753 3205 2767 3229 ,
2796 3172 2845 3218 et
2879 3160 3146 3217 inveniens
3188 3155 3390 3224 Philip-

1803 3280 1930 3335 pum
1996 3262 2181 3317 dixit:
2239 3260 2465 3331 Sequere
2520 3274 2601 3312 me
2647 3257 2691 3311 ⁸.
2750 3253 3004 3309 Deinde:
3068 3247 3249 3303 Tertia
3309 3245 3396 3297 die

1804 3355 2004 3425 nuptiis:
2054 3353 2213 3424 factio
2246 3360 2369 3407 sunt
2416 3350 2472 3405 in
2502 3348 2649 3406 Cana
2679 3342 2939 3401 Galilme.
2975 3340 3255 3412 Siquidem
3296 3352 3396 3408 par

1804 3454 1924 3502 erat
2001 3445 2151 3499 illum
2193 3483 2209 3508 ,
2290 3456 2416 3497 cum
2507 3439 2855 3503 discederet,
2938 3430 3396 3493 commodumque

1804 3535 2011 3605 nuptiae
2044 3533 2476 3597 celebrarentur,
2510 3528 2739 3584 honoris
2767 3540 2935 3582 causa
2970 3522 3039 3578 ad
3063 3519 3284 3577 easdem
3312 3517 3399 3571 iu—

1802 3626 2002 3692 vitari,
2039 3624 2118 3678 uti
2157 3623 2369 3695 nuptiis
2418 3622 2788 3678 benediceret.
2831 3616 3012 3685 Quare
3042 3615 3118 3670 ita
3170 3609 3391 3667 scribit:

1807 3716 2027 3787 Nuptiis
2056 3715 2214 3785 facta:
2252 3722 2374 3769 sunt
2420 3715 2579 3767 tertia
2622 3713 2705 3767 die
2743 3713 2799 3766 in
2838 3708 2991 3764 Cana
3029 3706 3288 3762 Galilaew.
3326 3699 3399 3756 Et

1804 3816 1920 3862 erat
1954 3817 2125 3861 mater
2159 3805 2288 3860 Iesu
2318 3804 2414 3858 ibi.
2456 3803 2686 3858 Vocatus
2715 3813 2792 3857 est
2833 3810 3009 3854 autem
3041 3809 3088 3852 et
3123 3794 3280 3851 Iesus
3301 3834 3316 3860 ,
3346 3803 3397 3849 et

1805 3894 2058 3967 discipuli
2103 3894 2217 3965 ejus
2268 3892 2337 3947 ad
2392 3892 2627 3962 nuptias.
2689 3889 2979 3960 Deﬁciente
3029 3895 3207 3945 autem
3256 3887 3396 3950 vino,

1806 3989 1936 4043 dicit
1980 3995 2152 4041 mater
2181 3984 2351 4040 Iesu:
2404 3984 2595 4037 Vinum
2641 3998 2743 4037 non
2793 3978 3006 4034 habent.
3052 3977 3194 4030 Dicit
3232 3976 3279 4029 ei
3305 3974 3400 4029 Ie-

1806 4098 1934 4138 sus:
1968 4080 2108 4148 Quid
2147 4078 2279 4135 mihi
2311 4086 2362 4134 et
2398 4074 2514 4143 tibi,
2554 4074 2792 4155 mulier?
2832 4070 3065 4127 nondum
3105 4068 3243 4123 venit
3267 4067 3399 4120 hora

1808 4192 1926 4230 mea
1965 4175 2006 4229 ‘.

1882 4268 2015 4334 Quae
2042 4273 2157 4320 tum
2182 4274 2334 4337 gesta
2364 4270 2514 4326 sunt,
2549 4277 2675 4317 cum
2704 4268 2828 4330 post
2849 4262 3230 4317 tentattonem,
3259 4250 3400 4305 mari

1812 4374 1877 4414 ac
1907 4357 2145 4415 Iordane
2184 4356 2415 4426 trajecta
2436 4394 2450 4419 ,
2480 4354 2581 4408 iter
2613 4353 2667 4406 in
2697 4349 2928 4421 patriam
2960 4344 3264 4407 convertit,
3295 4340 3403 4396 Na-

140 4470 300 4544 ὁρμὴν
334 4434 627 4543 ἐσχηκότος
668 4471 761 4525 ἐπὶ
805 4468 872 4522 τά
903 4434 1102 4531 οἰκεῖα,
1134 4434 1384 4520 ἀπελθὼν
1443 4434 1572 4516 ἔνθα
1615 4434 1702 4517 ἀν-

1815 4459 2057 4507 zaretum
2088 4449 2318 4513 scilicet,
2350 4447 2441 4532 ubi
2472 4445 2738 4502 educatus
2777 4457 2809 4496 a
2848 4446 3020 4495 matre
3061 4437 3258 4493 fuerat.
3298 4434 3398 4488 Ubi

140 4566 339 4637 ετράφη
374 4566 511 4640 πρὸς
549 4565 648 4636 τὴν
697 4563 909 4635 μητέρα
952 4562 1009 4614 ὲν
1053 4559 1344 4631 Ναζαρὲτ,
1379 4556 1475 4611 καὶ
1528 4573 1712 4628 παρα-

146 4657 321 4727 μείνας
360 4657 454 4711 δύο
499 4655 722 4730 ἡμερῶν
755 4656 805 4721 ³,
836 4652 1026 4707 λοιπὸν
1079 4649 1438 4722 ἐπειγομένου
1481 4651 1562 4713 είς
1611 4646 1710 4720 τὴν

145 4749 534 4821 σωτηρίαν-τῶν
571 4747 896 4822 ἀνθρώπων,
924 4743 1019 4798 τοῦ
1053 4742 1409 4815 κηρύγματος
1441 4740 1710 4813 ἄρξασθαι

142 4842 522 4914 ἐπιμελεῖσθαι.
550 4842 662 4896 Καὶ
686 4841 868 4912 ἔμεινε
900 4839 999 4910 μὲν
1027 4838 1120 4892 δύο
1147 4836 1383 4909 ἡμέρας.
1413 4835 1501 4888 διά
1536 4833 1600 4887 τὸ
1620 4832 1712 4886 διὰ

142 4934 323 5002 χρόνου
344 4935 555 5006 ήκέναι,
598 4933 737 5005 ἔχων
773 4931 892 5004 μεθ’
918 4926 1112 4983 ἑαυτοῦ
1146 4926 1240 4991 οὒς
1265 4927 1366 4997 ἤδη
1405 4924 1712 4996 παρείληφε

145 5025 380 5098 μαθητὰς
404 5070 418 5094 ,
458 5027 735 5092 ἀπολύσας
779 5026 905 5088 τοὺς
938 5022 1032 5077 δύο
1063 5022 1190 5084 τοὺς
1240 5018 1715 5091 ἀκολουθήσαντας

143 5116 303 5188 αὐτῷ,
331 5118 492 5182 εὐθὺς
524 5118 617 5170 ἐπὶ
652 5116 752 5187 τὴν
784 5113 1076 5168 Γαλιλαίαν
1118 5108 1352 5177 ἐξελθεῖν
1384 5106 1473 5161 διὰ
1511 5105 1573 5160 τὸ
1608 5105 1711 5177 κή-

144 5224 337 5280 ρυγμα,
362 5211 456 5263 καὶ
478 5210 541 5263 τὸ
570 5210 729 5282 ἔργον
753 5207 847 5261 τοῦ
880 5203 1223 5277 θεοσημείου,
1245 5200 1340 5254 τοῦ
1364 5201 1421 5254 ὲν
1440 5199 1518 5270 τῷ
1547 5200 1711 5271 γάμῳ

143 5299 583 5364 ἑπιτελεσθέντος.
642 5299 817 5354 Βλέπε
875 5296 983 5368 γάρ
1042 5293 1161 5359 πῶς
1213 5288 1636 5360 ὲπασφαλίζεται
1684 5290 1712 5341 ὁ

143 5386 312 5461 λόγος,
344 5393 730 5465 ὼςίωάννηςὸ
753 5388 1063 5458 Βαπτιστὴς
1101 5385 1388 5458 μαρτυρεῖ,
1418 5380 1610 5448 λέγων,
1636 5380 1713 5444 ὡς

148 5486 525 5556 παρῳχηκότος
570 5485 669 5556 ήδη
703 5481 797 5537 τοῦ
833 5482 1013 5550 λόγου,
1050 5480 1133 5533 ὅτι
1179 5473 1351 5547 Κάγὼ
1393 5474 1505 5527 οὐκ
1545 5471 1715 5542 ᾔδειν

147 5575 356 5630 αὐτόν’
392 5577 551 5634 ἀλλὰ
592 5580 624 5632 ὀ
661 5575 906 5646 πέμψας
950 5589 1026 5644 με
1054 5566 1367 5637 βαπτίζειν
1413 5561 1543 5620 εἶπέ
1572 5582 1674 5634 μοι
1698 5580 1710 5594 ·

1817 4559 1941 4600 cum
1979 4541 2205 4599 biduum
2238 4525 2489 4595 haesisset
2519 4577 2533 4602 ,
2569 4543 2819 4591 humana:
2870 4533 3061 4589 salutis
3091 4529 3274 4584 studio
3300 4542 3402 4581 cu.

1817 4651 1989 4706 raque
2038 4648 2341 4691 succensus
2381 4629 2714 4702 praedicandi
2769 4642 2973 4682 munus
3011 4624 3164 4678 obire
3211 4619 3399 4690 coepit.

1819 4720 2051 4783 Biduum
2082 4728 2245 4799 igitur
2278 4725 2475 4780 ibidem
2513 4738 2743 4778 manens
2768 4764 2785 4788 ,
2843 4717 2988 4790 quod
3042 4717 3202 4785 longo
3235 4713 3403 4768 inter-

1819 4821 1963 4877 vallo
2014 4820 2290 4880 redierat,
2335 4815 2731 4891 discipulorum
2788 4812 3032 4881 aliquot,
3089 4821 3231 4877 quos
3287 4804 3404 4875 jam

1822 4915 2112 4976 asciverat,
2166 4909 2433 4965 c‘omitatu
2486 4916 2717 4976 septas,
2759 4903 2977 4958 duobus
3006 4942 3022 4969 ,
3075 4900 3170 4970 qui
3228 4894 3403 4952 secuti

1755 5012 1758 5015 “
1823 5012 2022 5071 erant,
2062 5002 2359 5065 remissis,
2411 4998 2595 5055 statim
2646 4996 2703 5050 in
2742 4993 3018 5049 Galilaaam
3073 4985 3405 5060 praedicandi

1819 5113 1986 5152 causa
2022 5095 2300 5167 profectus
2328 5101 2442 5148 cst:
2485 5089 2650 5148 simul
2683 5095 2741 5143 ut
2777 5084 3086 5157 prodigium
3115 5079 3249 5135 illud
3277 5092 3406 5134 eue-

1818 5198 1946 5255 ret,
1979 5189 2125 5260 quod
2179 5189 2234 5242 in
2274 5186 2480 5256 nuptiis
2517 5185 2586 5239 ab
2623 5197 2690 5237 eo
2739 5180 2943 5234 factum
2984 5175 3236 5247 legimus.
3267 5169 3405 5225 Vide

1819 5291 2025 5355 quanta
2056 5296 2181 5336 cum
2205 5276 2700 5348 circumspectione
2730 5270 2874 5329 istud
2909 5270 3089 5341 ipsum
3117 5265 3405 5336 Scriptura

1820 5374 2202 5437 declaraverit,
2227 5370 2689 5444 quemadmodum
2708 5367 2947 5423 Ioannes
2969 5374 3230 5435 tanquam
3258 5359 3404 5415 iactu

1817 5471 1930 5542 jam
1963 5482 2217 5524 sermone
2248 5472 2483 5520 testetur
2509 5464 2595 5518 his
2626 5462 2840 5517 verbis:
2870 5458 2940 5513 Et
2977 5473 3069 5528 ego
3107 5451 3404 5511 nesciebam

1823 5563 1973 5618 illum
1991 5576 2010 5626 ;
2046 5558 2136 5614 sed
2169 5559 2258 5633 qui
2286 5556 2429 5610 misit
2455 5572 2535 5611 me
2571 5555 2843 5625 baptizare
2875 5552 3014 5607 dixit
3042 5549 3206 5604 mihi:
3237 5544 3406 5611 Super

220 5733 236 5765 ‘
259 5731 320 5789 ἴ.
350 5733 583 5806 ἡμέρας.
660 5736 678 5766 ¹
710 5733 842 5790 Luc.
879 5749 940 5797 tt,
969 5731 1055 5787 i9.
1133 5730 1153 5762 ³
1186 5713 1374 5784 Matth.
1402 5741 1537 5796 \‘Vll,
1695 5727 1702 5755 '

1813 5741 1900 5780 an.
1938 5738 1996 5788 ll,
2030 5722 2110 5775 tl.
2190 5725 2208 5753 ³
2239 5719 2393 5777 Ioan.
2433 5737 2471 5788 t,
2502 5720 2590 5776 1.5.
2672 5717 2689 5748 ⁶
2723 5713 2880 5772 Ioan.
2917 5729 2977 5776 ιι,
3011 5712 3031 5765 l
3071 5724 3197 5780 sqq.
