3866 6068
459 143 577 248 θεῖ’
1875 191 1936 254 s.
1996 192 2070 249 er

2175 192 2340 250 iANll
3690 188 3793 245 9‘23

478 322 634 374 quem
662 305 855 363 videris
893 305 1155 376 Spiritum
1188 306 1242 359 in
1270 305 1438 374 specie
1461 305 1718 362 columba
1759 306 2067 362 descenden—

2181 307 2306 378 Ἐφ’
2336 308 2409 363 ὃν
2456 307 2532 363 ἂν
2575 307 2712 376 ἴδῃς
2734 306 2801 360 τὸ
2831 305 3070 376 Πνεῦμα
3104 305 3176 359 ἐν
3207 304 3363 358 εῖδει
3397 302 3793 370 περιστερᾶς

485 408 625 464 tem,
677 390 761 452 hic
810 406 888 451 est
924 399 966 452 '.
995 395 1261 451 Joannem
1289 394 1489 466 quippe
1531 394 1847 467 baptizandi
1886 396 2060 467 gratia

2175 398 2489 469 ἐρχόμενον
2526 399 2617 453 ἐπ’
2651 397 2877 463 αὐτὸν,
2922 393 3099 463 οὗτός
3141 398 3339 451 ἐστιν.
3378 394 3788 449 ’Δποστέλλων

484 489 707 544 mittens
736 486 903 541 Pater
943 486 1046 541 hoc
1077 485 1127 541 ei
1162 486 1379 556 signum
1410 487 1716 556 praebuerat
1744 505 1759 555 ;
1796 502 1861 543 ex
1899 486 2064 560 m

2175 488 2272 563 γὰρ
2300 490 2329 542 ὁ
2354 490 2546 562 Πατὴρ
2573 488 2664 543 τὸν
2706 490 2960 559 Ἰωάννην
2988 486 3296 558 βαπτίζειν,
3319 485 3495 539 τοῦτο
3530 484 3707 556 αὐτῷ
3730 488 3788 538 τὸ

485 592 596 648 quo
651 574 989 630 Salvalorem
1036 575 1187 628 illum
1235 574 1303 628 de
1356 576 1554 630 animis
1606 575 1815 630 nostris
1860 577 2064 646 optime

486 664 743 720 meritum
796 671 1153 734 agnosceret,
1185 664 1276 734 qui
1325 664 1395 719 de
1432 665 1572 719 coelo
1603 665 1805 720 missus
1833 666 1887 719 in
1919 666 2064 721 hunc

485 756 673 810 orbem
708 754 967 811 venisset.
999 753 1364 821 Quamobrem
1408 770 1475 810 ex
1506 755 1815 811 istiusmodi
1838 758 2065 813 veritate

488 846 924 918 Scripturarum,
960 857 1325 918 accurataque
1367 846 1577 902 ratione
1610 845 1663 901 id
1696 862 1867 918 genus
1896 847 2066 902 Inomi-

488 955 589 995 nes
619 939 873 1011 redargui
912 949 1184 1010 possunt;
1220 953 1285 994 ac
1311 939 1715 1009 praesertich
1750 954 1801 992 iv
1840 953 2067 1009 evange-

488 1031 745 1087 listarum
778 1046 1079 1109 consensu.
1115 1029 1286 1087 Nemo
1327 1032 1470 1086 enim
1520 1030 1613 1100 qui
1667 1031 1886 1101 quidem
1920 1039 2065 1087 recte

491 1124 714 1187 sentiat,
754 1121 1052 1192 rejicienda
1085 1121 1174 1175 illa
1199 1120 1302 1177 sibi
1326 1121 1696 1192 persuadebit,
1732 1138 1853 1192 quae
1881 1138 1910 1176 a
1944 1121 2069 1192 Spi-

494 1214 606 1269 ritu
653 1224 845 1271 sancto
877 1214 931 1268 in
980 1213 1347 1270 sacrosanctis
1387 1213 1692 1284 Evangeliis
1724 1215 2067 1270 exactissime

499 1312 627 1361 sunt
658 1313 900 1375 peracta.

565 1394 728 1449 XXII.
769 1392 1038 1451 Caeterum
1075 1410 1141 1450 ex
1174 1394 1280 1449 alio
1308 1401 1571 1465 praeterea
1604 1394 1782 1466 capite
1814 1404 2064 1451 sanctum

497 1486 908 1558 evangelistam,
949 1488 1036 1541 vel
1078 1487 1253 1557 ipsius
1291 1488 1473 1558 potius
1504 1485 1856 1558 Evangelium
1888 1502 2065 1541 accu-

495 1585 656 1645 sant;
690 1579 982 1648 quoniam,
1017 1578 1312 1650 inquiunt,
1341 1578 1579 1635 Joannes
1607 1580 1716 1635 duo
1744 1580 1813 1635 ab
1849 1579 2068 1634 Christo

2165 583 2390 653 σημεῖον
2412 581 2743 654 ἐδωρήσατο,
2768 582 2858 648 ἵν’,
2890 583 3018 636 ὅταν
3047 581 3156 655 ἴδῃ,
3189 580 3408 650 ἐπιγνῷ
3425 579 3530 632 τὸν
3558 578 3785 633 ἀνωθεν

2163 671 2222 723 ἐν
2254 671 2331 741 τῷ
2369 671 2560 743 κόσμῳ
2609 671 3003 738 ἀποσταλέντα,
3032 672 3265 742 Σωτῆρα
3305 670 3408 724 καὶ
3460 670 3782 741 εὐεργέτην

2162 759 2270 812 τῶν
2295 761 2577 832 ἡμετέρων
2604 760 2809 831 ψυχῶν.
2836 760 3256 831 Ἀνατρέπονται
3283 760 3476 812 τοίνυν
3508 761 3563 811 0i.
3590 759 3779 812 τοιοῦ·

2158 844 2244 903 τοι
2268 850 2375 903 ἀπὸ
2405 851 2504 922 τῆς
2530 850 2788 922 ἀληθείας
2821 850 2930 904 τῶν
2971 848 3245 904 τοιούτων”
3266 849 3512 922 Γραφῶν
3540 849 3647 901 καὶ
3680 848 3778 918 τῆς

2164 937 2452 1011 ἀκριϐείας
2476 957 2491 972 ·
2517 939 2752 1010 μάλιστα
2797 939 2904 992 ἀπὸ
2935 941 3036 1010 τῆς
3071 936 3394 1008 συμφωνίας
3422 936 3544 988 τῶν
3569 936 3775 988 τεσσά-

2167 1047 2277 1101 ρων
2315 1030 2739 1100 εύαγγελιστῶν.
2788 1031 2864 1084 Οὐ
2896 1031 3006 1100 γάρ
3041 1047 3124 1094 τις
3173 1029 3286 1082 τῶν
3337 1027 3772 1099 εὐφρονούντων

2164 1120 2455 1175 ἀποϐάλλοι
2489 1122 2560 1175 τὰ
2587 1121 2666 1192 τῷ
2709 1121 2849 1191 ἁγίῳ
2872 1121 3150 1191 Πνεύματι
3184 1122 3240 1173 ὲν
3274 1122 3393 1182 τοῖς
3434 1118 3631 1187 ἁγίοις
3660 1118 3769 1173 Eii-

2166 1213 2439 1284 αγγελίοις
2464 1214 2708 1286 ἀκριϐῶς
2731 1214 2909 1285 πάντη
2938 1212 3520 1286 πεπραγματευμένα.

2234 1392 2362 1445 KB’.
2403 1393 2785 1465 Κατηγοροῦσι
2806 1393 2863 1447 δὲ
2885 1393 3045 1447 πάλιν
3068 1393 3177 1464 (44)
3204 1393 3253 1445 οί
3284 1392 3443 1447 αὐτοὶ
3472 1392 3574 1445 τοῦ
3602 1356 3763 1460 ἁγίου

2166 1485 2571 1555 εὐαγγελιστοῦ,
2606 1486 2803 1557 μᾶλλον
2832 1486 2889 1541 δὲ
2921 1485 3014 1540 τοῦ
3047 1485 3211 1539 αὐτοῦ
3234 1485 3617 1553 Εὐαγγελίου,
3660 1486 3759 1545 ὅτι,

2170 1577 2354 1646 φησὶν,
2384 1578 2413 1630 ὁ
2444 1578 2696 1651 Ἰωάννης
2722 1578 2824 1650 ἔφη
2854 1580 2982 1651 περὶ
3007 1578 3099 1631 δύο
3121 1577 3355 1647 Harii-3v
3383 1579 3478 1630 τὸν
3527 1577 3758 1647 Σωτῆρα

489 1669 767 1724 celebrata
798 1668 1066 1726 Paschata
1117 1679 1510 1726 commemorat
1533 1712 1548 1738 ,
1579 1686 1701 1726 cum
1736 1673 1901 1728 unius
1932 1671 2069 1725 dun-

2175 1671 2528 1740 πεποιηκότα,
2559 1672 2608 1723 οἱ
2653 1670 2710 1724 δὲ
2747 1670 2897 1725 ἄλλοι
2947 1670 3332 1740 εὐαγγελιστα)⁸
3384 1671 3520 1739 περὶ
3568 1669 3758 1737 Πάσχα

494 1769 645 1815 taxat
670 1763 851 1816 caeteri
892 1763 1224 1818 mentionem
1257 1762 1504 1817 fecerint.
1541 1762 1651 1818 Nec
1681 1763 1809 1817 illud
1841 1764 2070 1834 ineptis-

494 1853 619 1908 simi
661 1850 908 1909 homines
963 1851 1442 1916 animadvertunt,
1496 1868 1604 1907 non
1655 1855 1764 1908 duo
1803 1854 1979 1909 solum
2014 1854 2071 1907 in

490 1942 802 2016 Evangeliis
848 1943 1116 2001 Paschata
1156 1944 1586 2014 comprehendi,
1636 1945 1730 2000 sed
1778 1946 1846 1999 ad
1888 1945 2072 2015 priora

497 2037 589 2091 illa
617 2036 726 2091 duo
758 2036 979 2092 tertium
1008 2034 1291 2099 accedere,
1333 2036 1387 2089 in
1417 2052 1527 2107 quo
1552 2035 1804 2091 Salvator
1836 2044 1920 2092 est
1947 2052 2073 2107 pas-

496 2144 593 2183 sus
618 2169 634 2193 ,
667 2135 725 2183 ut
757 2128 981 2182 omnino
1006 2127 1110 2182 tria
1139 2126 1252 2183 sint
1287 2130 1383 2181 toti
1406 2127 1481 2184 illi
1507 2128 1910 2197 praedicationis
1940 2134 2074 2182 tem-

496 2221 613 2293 pori
654 2220 961 2278 tribuenda.
991 2218 1205 2276 Etenim
1233 2219 1416 2275 statim
1452 2229 1511 2275 ut
1541 2234 1570 2273 a
1599 2218 1837 2275 Iordane
1865 2218 2075 2289 digres-

495 2330 593 2370 sus
621 2320 739 2380 est,
774 2322 889 2368 erat
911 2353 926 2379 ,
967 2320 1027 2367 ut
1056 2327 1086 2367 a
1122 2311 1271 2367 Luca
1301 2312 1567 2383 scriptum
1600 2322 1715 2378 est,
1753 2309 1910 2366 Iesus
1944 2311 2075 2365 inci-

492 2406 641 2469 piens
671 2420 785 2460 esse
811 2406 963 2476 quasi
1007 2422 1266 2460 annorum
1311 2422 1441 2468 xxx,
1483 2407 1648 2475 ﬁlius,
1672 2412 1729 2458 ut
1762 2402 2072 2473 putabatur,

493 2494 719 2566 Jcseph,
768 2498 858 2567 qui
908 2498 1011 2567 fuit
1054 2497 1215 2562 Eli‘,
1257 2506 1364 2554 etc.
1404 2497 1564 2552 Anno
1604 2498 1806 2568 quippe
1843 2496 2074 2567 Augusti

496 2589 842 2659 imperatoris
876 2605 982 2644 xm
1015 2600 1177 2645 natus
1204 2600 1287 2646 est
1326 2589 1610 2654 Christus,
1645 2591 1734 2659 qui
1776 2595 1894 2643 erat
1920 2602 2072 2651 xxix,

493 2697 562 2735 ex
584 2696 693 2750 quo
724 2676 957 2736 Romani
998 2681 1105 2737 sibi
1130 2679 1347 2736 Judazos
1380 2681 1759 2751 adjunxeraut.
1796 2678 2074 2749 Siquidem

495 2772 778 2842 Augustus
821 2788 918 2826 xm
973 2773 1134 2828 annis
1181 2772 1508 2842 imperavit,
1566 2780 1859 2841 antequam
1889 2768 2076 2824 Iudaea

496 2865 714 2933 penitus
759 2872 905 2918 esset
937 2862 1202 2917 Romanis
1252 2862 1529 2932 adjuncta.
1586 2860 1910 2931 Quanquam
1954 2868 2078 2931 post

497 2968 674 3008 annos
704 2951 850 3018 fere,
905 2965 1069 3020 quam
1111 2949 1383 3020 imperare
1416 2956 1659 3020 cmperat
1681 2990 1695 3012 ,
1741 2950 1861 3020 plus
1894 2950 2076 3007 minus

496 3050 737 3114 quatuor
781 3042 959 3100 fmdus
998 3044 1135 3100 inter
1172 3041 1452 3098 Romanos
1492 3058 1558 3098 ac
1602 3040 1824 3097 Judmos
1876 3041 2075 3097 initum

499 3136 694 3203 fuerat,
729 3134 1045 3206 auxiliaque
1066 3135 1363 3192 submissa.
1400 3133 1546 3200 Quin
1580 3144 1632 3189 et
1662 3142 1987 3204 procurator
2020 3134 2074 3189 in

493 3224 681 3282 Iudaea
733 3227 1102 3292 constitutus,
1157 3242 1222 3282 ac
1253 3225 1505 3281 nonnihil
1543 3225 1873 3280 tributorum
1911 3225 2078 3297 quin-

495 3334 602 3389 que
628 3319 1018 3389 propemodum
1055 3303 1233 3374 annis'
1265 3316 1531 3372 indictum
1553 3356 1568 3378 ,
1599 3317 1774 3372 donec
1803 3314 2077 3374 Romano-

496 3426 616 3465 rum
646 3409 840 3466 ditioni
867 3413 1030 3466 cessit
1052 3410 1269 3481 penitus
1292 3449 1308 3473 ,
1343 3416 1397 3464 et
1427 3408 1655 3462 omnino
1678 3408 1961 3485 vectigalis
1993 3418 2077 3466 est

497 3498 663 3562 facta,
694 3512 816 3553 cum
842 3498 957 3569 jam
999 3499 1277 3569 principes
1309 3512 1339 3553 e
1370 3496 1515 3565 tribu
1541 3494 1695 3554 Iuda:
1722 3496 2073 3568 defecissent,

494 3601 551 3645 ct
584 3587 824 3645 Herodes
854 3605 918 3645 ex
948 3590 1222 3661 gentibus.
1264 3588 1359 3644 sed
1394 3596 1574 3646 tamen
1614 3591 1949 3663 proselytus,
1988 3606 2077 3648 re-

422 3730 427 3737 .
497 3672 664 3745 gnum
696 3680 985 3737 obtineret.
1038 3679 1235 3736 Postea
1267 3696 1396 3737 vero
1443 3681 1701 3740 Christus
1742 3683 2074 3741 Bethlehemi

494 3770 697 3827 ludam
715 3780 878 3828 natus
903 3783 1008 3839 est,
1038 3779 1093 3828 et
1116 3773 1185 3828 ad
1216 3773 1608 3844 auspicandum
1632 3776 2074 3845 praedicationem

495 3864 738 3936 prodiit;
805 3879 915 3937 quo
971 3872 1215 3936 tempore
1263 3865 1470 3921 Christi
1525 3864 1696 3922 duces
1764 3870 1924 3939 plane
1979 3868 2076 3924 de-

567 4004 583 4032 ⁶
605 3999 768 4059 Joan.
801 4017 841 4068 I,
866 4001 957 4057 35.
1033 4001 1056 4033 ³
1084 3998 1240 4057 Lue.-
1257 4016 1339 4069 ιιι,
1359 4001 1452 4059 9.3.

564 4136 677 4207 (44)
720 4134 1134 4206 Κατηγοροῦσι
1156 4134 1242 4207 ,δὲ
1274 4135 1482 4189 πάλιν.
1537 4134 1756 4189 ΝιιΙΙιιιιι
1787 4144 1872 4191 est
1901 4138 1954 4192 in
1987 4138 2074 4195 his

494 4206 663 4263 libris
706 4215 1110 4278 argumentum,
1153 4206 1209 4278 in
1248 4222 1358 4275 quo
1387 4207 1675 4278 tractando
1715 4206 1837 4275 plus
1894 4224 2074 4277 opera:
2110 4240 2117 4243 -

496 4293 562 4332 ac
596 4278 760 4357 studii
779 4276 1563 4357 pararitEpiplianiusuquaiu
1593 4277 1646 4330 in
1667 4292 1730 4331 ea
1743 4280 2068 4357 quzestione,

2170 1760 2309 1824 ἑνός.
2345 1761 2456 1814 Καὶ
2490 1762 2592 1814 οὐκ
2638 1761 2845 1815 οἴδασιν
2878 1764 2927 1815 οί
2976 1761 3203 1824 ἰδιῶται,
3234 1761 3316 1814 ὃτι
3357 1761 3421 1813 ού
3472 1759 3639 1830 μόνον
3669 1759 3757 1811 δύο

2173 1851 2364 1921 Πάσχα
2400 1852 2653 1922 ὁμολογεῖ
2679 1852 2748 1906 τὰ
2787 1852 3115 1922 Εὐαγγέλια,
3148 1851 3286 1907 ἀλλά
3314 1851 3410 1905 δύο
3434 1852 3539 1922 μὲν
3567 1850 3751 1921 πρῶτα

2171 1942 2349 2011 λέγει,
2401 1945 2496 1997 καὶ
2540 1945 2673 1998 αὐτὸ
2707 1944 2764 1999 δὲ
2807 1947 2866 1998 ἐν
2908 1938 2953 2012 ᾧ
2982 1944 3263 1998 πέπονθεν
3295 1946 3325 1997 ὁ
3368 1943 3592 2013 Σωτὴρ,
3632 1942 3750 2013 τρία

2172 2032 2365 2104 Πάσχα
2396 2033 2505 2087 τῶν
2556 2037 2615 2088 ἐν
2659 2035 2738 2107 τῷ
2789 2034 3102 2108 κηρύγματι
3146 2035 3744 2106 πεπραγματευμένων.

2175 2123 2348 2187 Εὐθὺς
2383 2124 2495 2197 γὰρ
2523 2125 2633 2180 ἀπὸ
2663 2125 2757 2180 τοῦ
2806 2127 3093 2196 Ἰορδάνου,
3123 2126 3200 2190 ὼς
3238 2128 3268 2180 ὁ
3312 2127 3532 2189 Λουκᾶς
3570 2141 3745 2196 φησιν,

2173 2211 2253 2286 ἦν
2297 2218 2330 2271 ό
2373 2217 2613 2283 Ἰησοῦς
2658 2220 2991 2288 ἀρχόμενος
3064 2214 3219 2272 εἷναι
3263 2219 3345 2284 ὡς
3394 2218 3551 2271 ἐτῶν
3596 2216 3745 2285 τριά-

2175 2324 2379 2373 κοντα,
2420 2309 2506 2363 ὢν
2546 2309 2697 2376 υἱὸς,
2740 2310 2820 2378 ὡς
2856 2310 3174 2380 ἐνομίζετο,
3217 2308 3324 2364 τοῦ
3369 2309 3604 2378 Ἰωσὴφ,
3649 2309 3745 2361 τοῦ

2189 2397 2343 2462 Ἠλὶ,
2396 2398 2491 2452 καὶ
2536 2399 2630 2453 ἐπὶ
2677 2399 2749 2453 τὰ
2791 2401 3070 2472 ἀνωτέρω.
3119 2400 3382 2456 Γεννᾶται
3427 2400 3528 2472 μὲν
3574 2399 3682 2470 γάρ
3720 2400 3746 2449 ὁ

2174 2487 2364 2561 Σωτὴρ
2404 2488 2482 2560 τῷ
2528 2490 2945 2565 τεσσαρακοστῷ
2991 2486 3231 2564 δευτέρῳ
3284 2490 3396 2545 ἔτει
3440 2489 3742 2560 Αὐγούστου

2178 2577 2440 2649 βασιλέως
2484 2581 2591 2635 τῶν
2635 2582 2960 2653 Ῥωμαίωνο
2992 2585 3130 2655 ὅπερ
3168 2578 3237 2655 ἦν
3286 2583 3580 2654 Ῥωμαίων
3622 2583 3745 2652 xy);

2189 2670 2471 2734 Ἰουδαίους
2495 2672 2787 2740 συναφείας
2813 2672 3058 2726 εἰκοστὸν
3091 2672 3276 2726 ἔνατον
3308 2672 3447 2736 ἔτος.
3473 2670 3747 2724 Βασιλεύει

2181 2761 2278 2832 μὲν
2305 2763 2414 2834 γὰρ
2453 2763 2762 2833 Αὔγουστος
2785 2765 3140 2838 τρισκαίδεκα
3172 2767 3267 2836 ἔτη
3299 2765 3465 2837 πρινὴ
3494 2763 3599 2835 τὴν
3630 2764 3748 2816 Ἰου-

2176 2853 2331 2907 δαίαν
2374 2856 2708 2928 συναφθῆναι
2754 2858 2976 2925 τελείως
3031 2857 3341 2929 Ῥωμαίοις.
3396 2852 3510 2911 Ἤν
3563 2856 3620 2909 δὲ
3665 2854 3749 2908 καὶ

2101 2985 2145 3044 C
2177 2942 2327 3010 ἐξότε
2357 2946 2706 3002 ἐϐασίλευσεν
2733 2947 3045 3018 Αὔγουστος
3083 2949 3222 3021 μετά
3253 2948 3348 3019 ἔτη
3382 2948 3631 3017 τέσσαρα
3658 2949 3749 3015 τῆς

2176 3034 2341 3091 αὐτοῦ
2391 3037 2665 3109 βασιλείας
2701 3041 2869 3095 πλείω
2905 3042 2940 3114 ἢ
2984 3042 3218 3107 ἐλάσσω,
3266 3041 3420 3112 φιλία
3470 3041 3575 3112 μὲν
3618 3041 3746 3093 Ῥω·

2180 3127 2355 3199 μαίων
2380 3129 2518 3201 πρὸς
2566 3130 2871 3197 Ἰουδαίους,
2913 3135 3008 3187 καὶ
3060 3133 3349 3205 συμμαχία
3392 3132 3743 3203 πεμπομένη.

2177 3219 2272 3272 καὶ
2319 3219 2612 3293 ἐπίτροπος
2641 3222 3069 3294 καθιστάμενος,
3110 3225 3207 3278 καὶ⁸
3254 3223 3396 3295 μέρη
3437 3224 3619 3296 φόρων
3661 3224 3744 3276 ἐπὶ

2177 3311 2339 3365 πέντε
2365 3311 2509 3367 ἔτεσι
2540 3314 2759 3388 πλείωῆ
2790 3315 3004 3371 ἐλάσσω
3024 3334 3039 3349 ’
3071 3316 3175 3382 ἕως
3230 3318 3353 3371 ὅτου
3379 3316 3562 3371 τέλεον
3612 3333 3741 3385 τιαρ-

2176 3402 2331 3475 εδόθη
2377 3405 2410 3476 ἡ
2463 3404 2723 3471 Ἰουδαία,
2755 3410 2849 3463 καὶ
2892 3410 2998 3464 ὑπὸ
3030 3396 3194 3482 φδρον
3235 3410 3536 3483 γεγένηται
3553 3410 3738 3463 τελειό-

2170 3512 2313 3552 ητατα
2332 3513 2346 3528 ο
2401 3495 2682 3569 ληξάντων
2751 3501 2859 3556 τῶν
2913 3504 3023 3558 ἀπὸ
3080 3502 3249 3559 Ἰούδα
3299 3504 3611 3576 ἀρχόντων,
3654 3502 3738 3557 καὶ

2188 3588 2423 3660 Ἡρώδου
2449 3591 2508 3658 ἐξ
2524 3593 2690 3647 ἐθνῶν
2709 3595 3164 3660 κατασταθέντος,
3184 3595 3530 3667 προσηλύτου
3554 3596 3738 3667 μέντοι·

2170 3697 2260 3749 γε.
2290 3678 2424 3736 Εἶτα
2450 3683 2687 3757 Χριστοῦ
2727 3687 3075 3759 γεννηθέντος
3100 3689 3159 3741 ἐν
3190 3687 3444 3757 Βηθλεὲμ
3482 3690 3581 3757 τῆς
3622 3688 3732 3740 10a-

2152 3772 2358 3838 ⁸δαίας,
2388 3774 2631 3842 ἐλθόντος
2680 3795 2739 3831 τε
2783 3779 2877 3833 ἐπὶ
2914 3779 2976 3833 τὸ
3023 3781 3309 3851 κήρυγμα,
3352 3779 3629 3849 ληξάντων
3656 3782 3735 3833 καὶ

2176 3863 2429 3938 Χριστῶν
2456 3868 2797 3940 ἡγουμένων,
2823 3868 3231 3941 διαρκεσάντων
3265 3870 3373 3935 ἓως
3404 3869 3731 3941 Ἀλεξάνδρον

2178 4135 2471 4207 uologicis;
2523 4142 2583 4190 ut
2610 4146 2664 4191 et
2700 4136 2769 4193 de
2795 4136 3151 4192 illustrissimi
3190 4138 3407 4193 Baronii
3436 4138 3729 4202 Annalibus,

2178 4221 2242 4260 ac
2269 4207 2482 4263 caeteris
2511 4207 2943 4278 chronographis
2971 4216 3199 4264 taceam.
3232 4208 3486 4275 Quorum
3513 4212 3729 4264 omnium

2177 4284 2298 4346 post
2324 4284 2433 4330 tam
2457 4278 2786 4350 esquirsitam
2822 4286 2877 4332 et
2931 4287 3179 4333 exactam
3209 4295 3463 4349 operam,
3505 4297 3731 4350 superva-

495 4362 603 4420 qua
641 4344 906 4420 Dominici
935 4341 1157 4420 natalis,
1186 4354 1239 4401 et
1256 4341 1531 4420 passionis
1553 4362 1731 4400 annus
1752 4341 2067 4420 inquiritur.
2104 4341 2147 4396 ι)
2176 4341 2404 4420 cuneum
2460 4341 2629 4402 videri
2665 4355 2894 4420 poterat.
2938 4364 2968 4402 a
3007 4350 3166 4403 nobis
3194 4341 3262 4405 ea
3288 4341 3561 4420 disputari
3575 4341 3730 4403 'vehe—

499 4415 606 4490 Sed
666 4429 766 4490 nec
817 4415 1104 4490 obscurior
1135 4415 1368 4490 usquam
1410 4418 1565 4490 locus
1606 4426 1710 4481 est,
1750 4415 1845 4490 alii
1878 4418 1931 4490 in
1962 4435 2071 4490 quo

498 4488 681 4540 minus
707 4487 988 4554 interpreti
1015 4486 1385 4554 tergiversari,
1416 4503 1483 4542 ac
1511 4486 1860 4543 dissimulare
1887 4486 2067 4545 liceat.

497 4555 733 4629 Tantum
764 4556 956 4629 abest,
1013 4564 1072 4629 ut
1108 4559 1261 4629 ineo
1301 4557 1633 4613 declarando
1660 4574 1728 4613 ne
1754 4558 1828 4614 sit
1860 4559 2073 4629 longior

495 4627 671 4682 vereri
695 4625 905 4688 debeat,
938 4632 1031 4678 aut
1060 4626 1306 4681 instituta
1356 4644 1416 4684 se
1454 4639 1705 4683 notarum
1742 4638 1796 4683 et
1825 4625 2071 4686 au'nn'mi-

495 4697 809 4770 versionum
835 4696 1101 4770 brevitate
1141 4696 1451 4770 defendere.
1478 4698 1655 4768 Atque
1681 4713 1744 4753 ea
1770 4715 1901 4755 sane
1925 4715 2071 4770 quae-

495 4767 603 4839 stio
631 4781 756 4820 cum
809 4780 916 4839 non
953 4766 1270 4839 minusghac
1299 4766 1638 4839 tempestate,
1672 4783 1832 4836 quam
1870 4766 2068 4838 priscis

495 4836 609 4908 illis
628 4836 990 4904 temporibus.
1017 4837 1262 4893 eruditos
1309 4836 1582 4899 exerceat.
1604 4854 1671 4894 eo
1701 4836 1935 4908 denique
1969 4843 2067 4895 ad-

493 4907 657 4979 ducta
686 4923 774 4962 res
799 4916 901 4979 est,
920 4914 986 4979 ut
1013 4908 1106 4978 qui
1137 4908 1410 4979 inscitiam
1440 4925 1595 4963 suam
1636 4907 1866 4979 ingenue
1890 4910 2069 4966 fassus

497 4977 1083 5050 fuerit.Apudeutiorein
1113 4978 1319 5050 exitum
1351 4986 1578 5049 quaerat.
1633 4977 1795 5050 quam
1840 4980 1885 5034 si
1930 4982 2069 5035 certi

494 5046 725 5117 aliquid,
785 5057 839 5102 et
887 5048 1155 5119 explorati
1190 5046 1381 5104 tenere
1420 5063 1479 5104 se
1513 5046 1673 5119 posse
1711 5051 1968 5105 conﬁdat.
2003 5050 2070 5106 Ut

490 5120 637 5172 enim
671 5118 1127 5191 {vetustioribus
1174 5120 1391 5174 initium
1443 5118 1722 5190 repetam;
1752 5121 1879 5191 quis
1924 5133 2071 5176 ante—

493 5202 656 5256 quam
699 5186 944 5259 Dionysii
976 5190 1216 5259 vulgaris
1251 5191 1339 5243 illa
1369 5186 1523 5245 ratio'
1552 5186 1976 5259 percrebuisset,
2012 5193 2068 5246 in

492 5265 721 5330 vertam,
753 5272 815 5310 ac
839 5258 1191 5314 eonStitutain
1212 5260 1535 5315 sententiam
1554 5258 1767 5315 includi
1795 5279 1853 5317 se
1874 5277 2068 5330 passus

491 5334 579 5397 est
599 5325 635 5397 ‘i
666 5327 910 5397 Longum
962 5339 1083 5393 est,
1128 5340 1182 5384 et
1236 5332 1477 5386 otiosum
1538 5342 1780 5388 veterum
1841 5325 2065 5386 Patrum

490 5394 1002 5482 upinjoqesiomucs
1029 5401 1281 5482 persequi
1286 5418 1324 5482 ,ξ
1356 5402 1602 5482 idqucab
1617 5402 1743 5482 aliis
1776 5401 2066 5482 diligenter
2106 5424 2119 5433 κ

492 5474 580 5543 est
614 5466 856 5543 factum;
892 5466 1254 5543 prwscrtiigi'a
1286 5466 1514 5526 Πειωὲἱο
1563 5471 1855 5543 nostrost};
1880 5466 2065 5541 μακα-

498 5535 728 5618 ρίτῃλρι
767 5535 977 5618 Joanne
1030 5536 1271 5618 δίψιοι-ο
1287 5543 1725 5618 ἰιιςιιιιειιιειιίιιοε-
1754 5535 2064 5618 ιηἐιυιιιιίιει

500 5608 593 5664 illa
606 5608 997 5667 dissertatione
1018 5609 1093 5665 De
1116 5627 1254 5665 anno
1281 5610 1488 5677 Natali,
1506 5621 1559 5667 et
1593 5613 1643 5666 in
1680 5611 1886 5684 Erlvgis
1916 5613 2037 5667 claro
2057 5636 2079 5652 σ-

2175 4417 2436 4481 mentius,
2461 4432 2588 4490 qua:
2620 4417 2891 4490 anxieab
2928 4420 3035 4473 illis
3063 4426 3216 4481 sunt,
3249 4417 3613 4490 accurateque
3634 4420 3731 4475 dis-

2173 4501 2361 4562 cussa,
2418 4489 2521 4542 nisi
2593 4505 2720 4562 nos_
2751 4488 2819 4543 ad
2850 4490 2901 4543 id
2954 4489 3364 4562 etiaminvitos
3414 4488 3729 4562 Epiphanius

2173 4558 2313 4627 ipse,
2359 4572 2423 4632 ac
2461 4559 3013 4632 susceptimuneris
3072 4559 3206 4615 fides
3270 4558 3596 4632 impelleret.
3633 4561 3727 4616 Erit

2173 4635 2354 4700 autem
2383 4627 2507 4682 huic
2531 4627 2774 4691 conatui.
2802 4631 3083 4700 laborique
3111 4639 3302 4686 nostro
3336 4627 3519 4688 facilis
3547 4633 3721 4693 lector.

2173 4699 2219 4753 si
2251 4697 2352 4774 hoc
2387 4713 2519 4774 ame
2543 4708 2845 4774 spectatum
2864 4697 3177 4774 agnoverit,
3196 4711 3256 4774 ut
3287 4701 3560 4774 infinitam
3584 4718 3726 4774 prepc

2171 4768 2627 4841 controversiam,
2688 4768 3045 4841 omniumque
3079 4770 3294 4839 judeio
3349 4768 3721 4834 diﬂicilliinaiu,

2173 4853 2349 4908 neque
2389 4839 2621 4913 brevius
2681 4854 2844 4909 quam
2908 4839 2996 4897 res
3033 4851 3179 4896 tanta
3225 4842 3502 4913 disputari
3546 4845 3721 4912 possit.

2173 4923 2350 4978 neque
2388 4908 2604 4979 longius
2632 4926 2795 5032 quain
2837 4927 3065 4968 necesse
3094 4913 3188 4972 sit.
3215 4908 3433 4967 summa
3472 4908 3597 4968 vero
3619 4928 3721 4968 cum

2175 4978 2432 5032 facilitate
2489 4994 2651 5032 conm
2671 4987 2919 5032 ecterer:
2979 4991 3035 5032 et
3078 4998 3140 5032 ea
3171 4999 3292 5032 una:
3346 4983 3417 5032 ah
3452 4982 3721 5032 ingeniosis

2175 4978 2432 5053 facilitate
2489 4978 2919 5053 complecterer;
2979 4991 3141 5053 etea
3171 4999 3292 5051 qum
3346 4983 3417 5035 ab
3452 4982 3723 5053 ingeniosis

2169 5048 2456 5129 doctisque
2493 5048 2632 5129 viris
2674 5049 2743 5104 de
2779 5066 2842 5103 ea
2892 5067 2951 5107 re
2984 5048 3218 5108 solerter
3237 5048 3554 5129 excogitata
3592 5063 3718 5115 sunt,

2171 5120 2511 5194 accessione
2547 5120 2728 5194 aliqua
2790 5130 2985 5194 nostra
3063 5124 3344 5177 cumulata
3387 5120 3716 5194 'proferrem.

2170 5189 2350 5264 Quare
2385 5189 2582 5264 duplex
2631 5189 2735 5264 erit
2790 5191 2892 5246 hoc
2937 5194 3059 5249 loco
3107 5189 3441 5263 disputanda
3480 5196 3715 5264 qumstio:

2172 5261 2340 5332 altera
2368 5261 2434 5315 de
2461 5275 2605 5315 anno
2638 5261 2904 5332 ipso,quo
2925 5271 3087 5318 natus
3116 5261 3213 5318 est
3232 5261 3527 5332 Christus;
3557 5268 3717 5325 altera,

2168 5330 2239 5403 de
2289 5346 2355 5403 eo
2412 5346 2521 5399 quo
2583 5344 2777 5399 passus
2816 5330 2941 5389 est.
2987 5334 3143 5403 (Qum
3171 5334 3255 5387 hic
3289 5334 3354 5387 de
3388 5330 3533 5388 arma
3559 5334 3718 5389 Natali

2170 5399 2372 5456 Christi
2388 5411 2438 5455 et
2467 5418 2529 5455 eo
2557 5416 2658 5469 quo
2682 5418 2872 5471 passus
2901 5415 2979 5455 est
2997 5399 3293 5471 disputavit
3330 5403 3595 5469 Petavius,
3620 5423 3718 5459 cura

2164 5471 2464 5534 prolixiora
2501 5473 2603 5525 siut
2640 5483 2695 5525 ut
2719 5474 2854 5526 inter
2885 5483 3037 5529 notas
3069 5474 3238 5528 locum
3277 5476 3531 5537 habeant,
3572 5494 3625 5530 ea
3661 5474 3717 5526 ml

2170 5540 2991 5616 AppeudiceniDissertationum
3016 5543 3420 5616 auiaudavimus
3454 5562 3580 5616 quas
3616 5546 3719 5615 liri-

2167 5611 2350 5685 phanii
2393 5613 2633 5683 operibus
2662 5613 3000 5682 subjecimus.
3036 5614 3213 5686 Eun.)
