4008 6078
580 271 678 330 931

1989 263 2045 319 S.
2111 258 2456 318 EPIPIIANZI

3773 259 3869 315 οδε

581 401 809 465 patuum
879 405 1053 462 nugas
1126 389 1249 444 illas
1322 386 1711 443 describendas
1783 386 2159 441 abuterentur.

2278 384 2364 438 mi.
2376 383 2560 455 ἀρχῶν
2581 383 2916 454 ἀναγράφειν
2931 382 3029 454 τὴν
3050 380 3391 454 μυθοποιίαν.
3407 380 3755 453 Εὑρίσκεται
3770 383 3873 452 γὰρ

584 489 743 541 Anno
763 483 965 555 quippe
988 483 1057 537 ab
1080 480 1462 536 lncarnatione
1489 481 1838 549 adventuque
1867 494 1968 534 suo
1997 494 2171 533 xxxiii

582 584 802 634 constat
832 577 1134 646 pnigenam
1198 573 1289 628 Dei
1342 573 1542 627 Filium
1594 588 1719 628 esse
1767 588 2012 643 passum.
2066 570 2171 637 Qui

585 666 798 722 tametsi
849 666 959 735 pati
992 679 1088 734 per
1117 678 1238 719 sese
1280 663 1419 717 nihil
1466 671 1680 733 posset,
1704 669 1896 732 utpote’
1933 660 2171 717 Verbum

584 758 679 814 Dei
709 758 776 813 de
816 757 956 811 cosio
990 755 1273 825 delapsum
1304 794 1320 819 ,
1362 755 1724 810 nihilominus
1771 760 2027 823 suscepta
2072 768 2173 823 pro

586 849 745 904 nobis
773 863 940 903 carne
971 856 1203 902 mortem
1252 848 1462 918 perpeti
1494 848 1700 912 voluit,
1746 854 1809 900 ut
1841 846 2038 900 mortis
2075 844 2173 898 ad-

586 955 805 996 versum
874 954 977 994 nos
1044 938 1467 1009 chirographum
1527 939 1845 994 solveret‘.
1900 937 2171 1004 Quocirca

586 1038 710 1101 post
751 1044 846 1085 eos
876 1044 1023 1084 coss.
1068 1028 1163 1099 qui
1205 1028 1259 1082 in
1288 1043 1491 1082 annum
1540 1028 1688 1084 illius
1729 1044 1838 1082 xxx
1879 1025 2168 1091 incidunt,

588 1135 688 1190 par
734 1119 882 1173 aliud
943 1134 1088 1174 coss.
1145 1118 1426 1187 sequitur,
1477 1115 1839 1173 Geminorum
1894 1117 2168 1181 duorum,

588 1211 787 1269 deinde
841 1210 964 1266 Ruﬁ
1028 1225 1093 1266 ac
1147 1208 1511 1265 Rubellionis.
1575 1209 1789 1276 Quibus
1850 1222 2174 1265 successere

588 1318 737 1358 coss.
785 1302 1068 1367 Vinicius,
1112 1316 1175 1356 ac
1215 1300 1497 1371 Longinus
1530 1301 1792 1368 Cassius;
1824 1301 1929 1356 sub
1968 1300 2172 1371 quibus

590 1392 843 1449 Salvator
868 1407 1079 1463 passus
1127 1399 1212 1446 est
1255 1406 1308 1445 a.
1359 1391 1416 1445 d.
1464 1406 1564 1444 xm
1599 1389 1720 1445 Kal.
1760 1391 1893 1460 Apr.
1933 1388 2008 1442 Ex
2061 1403 2172 1459 quo

590 1487 809 1541 illorum
854 1484 1099 1539 omnium
1146 1482 1500 1538 convincitur
1542 1498 1728 1546 error,
1755 1482 2171 1551 etpcertissima

588 1574 838 1629 veritatis
890 1571 1143 1627 doctrina
1188 1578 1559 1634 monstratur,
1596 1585 1705 1625 non
1736 1570 1847 1624 duo
1892 1570 2070 1627 solum
2114 1568 2172 1622 in

593 1664 893 1737 Scripturis
928 1664 1230 1728 Pascbata,
1262 1661 1359 1717 sed
1391 1668 1446 1716 et
1475 1662 1578 1717 tria
1602 1661 1854 1731 reperiri.

658 1932 850 1990 XXIV.
909 1931 1046 1988 Cum
1091 1929 1239 1986 enim
1271 1928 1537 1984 Januario
1581 1941 1768 1982 mense
1807 1932 1971 1981 natus
2002 1931 2169 1991 esset,

592 2043 686 2081 Vill
737 2025 814 2079 Id.
861 2022 983 2077 Jan.
1020 2022 1114 2093 qui
1146 2031 1232 2076 est
1262 2020 1406 2091 apud
1449 2019 1727 2074 Romanos
1774 2015 2023 2071 Januarii
2054 2017 2173 2072 dies

590 2136 621 2173 v
648 2117 961 2190 ;1Egyptiis
995 2130 1161 2187 porro
1194 2113 1331 2187 Tybi
1355 2129 1444 2177 xI;
1488 2112 1644 2184 Syris
1675 2111 1790 2166 sive
1829 2111 2036 2167 Graecis
2062 2112 2172 2165 Au-

588 2213 763 2284 dynaai
791 2207 1100 2281 vn;Cypriis
1127 2206 1244 2263 sive
1279 2204 1594 2260 Salaminiis
1614 2204 1792 2275 quinti
1819 2203 2024 2258 mensis
2054 2202 2174 2259 dies

589 2322 652 2374 v;
688 2304 910 2377 Paphirs
937 2301 1067 2357 Julii
1096 2317 1222 2368 xlv;
1249 2299 1391 2370 apud
1417 2297 1628 2353 Arabes
1651 2313 1781 2352 vero
1820 2297 2011 2352 Aleum
2041 2314 2170 2363 xxI;

589 2396 1012 2469 Cappadocibus
1064 2392 1274 2447 Atarta:
1322 2387 1736 2456 qu;Hebraeis
1780 2387 1988 2443 Tebeth
2042 2404 2174 2454 xm;

590 2489 1022 2545 Atheniensibus
1050 2483 1507 2541 Maemacterionis
1537 2499 1627 2548 v1;
1664 2496 1858 2536 omnes
1884 2481 2009 2537 illos
2039 2495 2179 2552 quos

591 2598 759 2653 supra
796 2578 1180 2635 recensuimus
1231 2592 1361 2630 χχιι
1384 2563 1636 2646 integros
1677 2574 2001 2630 consulatus
2048 2588 2178 2643 per-

590 2674 787 2730 currit.
833 2671 948 2728 Sub
989 2669 1273 2726 tricesimo
1308 2668 1507 2723 deinde
1547 2669 1875 2733 consulatu,
1915 2682 2107 2722 mense
2145 2682 2179 2720 x

591 2768 658 2822 ad
702 2765 971 2822 Joannem
1010 2763 1282 2829 accessit,
1330 2761 1492 2834 447
1542 2762 1611 2816 ab
1659 2776 1832 2831 eoque
1870 2760 2180 2829 baptizatus

589 2863 696 2919 est,
733 2868 877 2908 anno
897 2868 927 2906 a
957 2853 1125 2907 natali
1157 2866 1259 2906 suo
1288 2867 1417 2914 xxx,
1450 2850 1625 2921 Athyr
1656 2849 1960 2905 secundum
2006 2848 2180 2921 Egy-

591 2947 731 3016 ptios
760 2961 872 3013 xu,
913 2961 964 2998 vn
994 2943 1072 2998 Id.
1112 2942 1361 3006 Novem;
1393 2940 1597 2996 Graecis
1642 2958 1772 2997 vero
1803 2943 1884 2997 Dii
1916 2958 2041 3009 vtn;
2082 2939 2180 2996 Sa-

593 3036 868 3099 laminiis,
925 3034 1042 3090 sive
1082 3032 1637 3100 Constantiensibus,
1673 3034 1817 3089 tertii
1859 3033 2065 3088 Chieac
2090 3047 2176 3100 vl;

592 3095 1197 3201 Paphiis,'Apogonici
1244 3143 1369 3192 xvi;
1426 3095 1702 3183 Arabibus
1749 3095 2176 3198 Angalthabaith
2206 3095 2249 3154 ο

593 3238 755 3290 xxn;
825 3220 1217 3277 Macedonibus
1281 3219 1501 3290 Apellaai
1572 3235 1703 3285 xvn;
1758 3218 2178 3290 Cappadocibus

590 3318 831 3369 Aratatze
867 3329 969 3378 xv;
1009 3311 1440 3367 Atheniensibus
1474 3309 1884 3379 Metagitnionis
1928 3326 2039 3376 vn;
2068 3309 2178 3365 He-

593 3406 755 3461 lmeis
786 3404 1182 3458 Marchesuvan
1216 3418 1311 3455 vn.
1331 3401 1429 3455 Cui
1463 3399 1683 3469 quidem
1710 3401 1996 3456 sententia!
2018 3400 2180 3459 Lucae

591 3514 813 3570 quoque
872 3498 1210 3566 suifragatur
1262 3493 1659 3564 Evangelium,
1706 3493 1761 3546 in
1813 3509 1923 3563 quo
1958 3495 2065 3550 ista
2103 3496 2181 3551 le-

594 3598 839 3659 guntur:
877 3588 1010 3641 Erat
1041 3600 1215 3640 autem
1240 3584 1398 3639 Iesus
1431 3585 1684 3654 incipiens
1723 3587 1881 3656 quasi
1918 3602 2179 3642 annorum

594 3698 724 3749 xxx,
754 3680 896 3751 ﬁlius
916 3720 931 3745 ,
988 3689 1046 3733 ut
1074 3679 1393 3750 putabatur,
1414 3676 1608 3748 Joseph
1638 3681 1679 3731 ¹.
1720 3678 1849 3734 Post
1880 3679 1994 3735 haec
2034 3696 2065 3735 a
2100 3696 2176 3735 xu

592 3776 681 3830 die
719 3774 895 3845 Athyr
919 3772 1237 3842 praedicavit
1265 3786 1469 3825 annum
1505 3773 1894 3841 acceptabilem
1930 3772 2177 3837 Domini,

591 3865 1050 3938 quemadmodum
1151 3863 1321 3920 Isaias
1411 3863 1677 3933 propheta
1779 3865 2176 3934 praedixerat:

594 3961 829 4029 Spiritus
868 3956 1083 4029 Domini
1123 3972 1280 4025 super
1313 3971 1430 4019 me;
1470 3971 1563 4023 pro
1595 3969 1653 4007 eo
1696 3955 1837 4024 quod
1872 3956 2025 4009 unxit
2064 3973 2144 4009 me
2159 3974 2180 4020 ,'

591 4024 954 4121 euangelium
996 4024 1315 4119 pauperibus
1346 4046 1494 4100 misit
1523 4061 1602 4098 me
1627 4061 1646 4109 ;
1681 4046 1974 4114 praedicare
2011 4049 2181 4116 capti-

595 4146 673 4200 vis
705 4143 1068 4198 remissionem
1123 4147 1457 4209 peccatorum
1482 4177 1496 4198 ,
1531 4148 1581 4191 et
1604 4139 1756 4192 caecis
1795 4140 1999 4204 visunt;
2045 4152 2182 4208 prm-

592 4238 776 4291 dicare
805 4251 1003 4290 annum
1052 4230 1711 4300 Domini‘acct'ptabilem,
1758 4240 1807 4284 et
1854 4231 1995 4285 diem
2032 4233 2184 4287 retri-

593 4328 824 4382 butionis
850 4329 890 4383 ³.
948 4362 953 4365 -

2273 480 2331 532 ὲν
2350 477 2429 548 τῷ
2450 475 2760 548 τριακοστῷ
2778 475 2949 547 τρίτῳ
2971 474 3081 528 ἔτει
3107 475 3206 545 τῆς
3234 474 3399 529 αὑτοῦ
3424 472 3835 545 ὲνσαρκώσεως
3849 476 3869 505 δ

2272 567 2578 639 παρουσίας
2609 566 2835 636 πάσχων
2862 568 2891 619 ὁ
2929 565 3256 636 Μονογενὴς,
3292 563 3508 635 ἀπαθὴς
3537 561 3619 617 ὣν
3659 562 3870 616 ἄνωθεν

2271 658 2402 723 Θεὸς
2431 658 2623 727 Λόγος,
2662 658 2840 729 σάρκα
2864 656 2921 710 δὲ
2948 655 3347 727 ἀναδεξάμενος
3363 655 3512 727 ’ὑπὲρ
3556 655 3726 725 ἡμῶν
3768 671 3864 707 π³⁶
3944 655 3957 729 Il

2272 748 2384 803 Θεῖν
2406 749 2746 816 κατεδέξατο,
2769 748 2853 800 ἵνα
2887 745 2983 800 τοῦ
3012 746 3242 801 θανάτου
3280 746 3355 799 τὸ
3412 745 3534 800 καθ’
3562 745 3732 816 ἡμῶν
3762 763 3872 817 χει-

2274 844 2545 915 ρόγραφον
2594 840 2754 911 λύσῃ.
2811 841 2946 894 Μετ’
2973 839 3191 910 ἐκείνην
3224 838 3333 911 γὰρ
3372 839 3471 909 τὴν
3510 836 3790 891 ὑπατείαν
3815 839 3870 890 ἐν

2268 937 2347 1009 τῷ
2387 934 2694 1008 τριακοστῷ
2744 934 2853 988 ἔτει
2897 934 3061 988 αὑτοῦ
3093 933 3498 1005 σημαινομένην
3540 931 3689 1002 ἄλλη
3731 933 3870 985 ὑπα-

2270 1028 2389 1082 τεία
2416 1027 2627 1096 γέγονε,
2667 1024 2933 1096 λεγομένη
2974 1026 3082 1077 τῶν
3116 1025 3209 1077 δύο
3243 1023 3500 1096 Γεμηνῷν
3520 1039 3536 1053 ⁸
3563 1020 3692 1076 εἶτα
3737 1023 3866 1093 ἄλλη

2272 1118 2504 1174 ὑπατεία
2553 1116 2781 1186 Ῥούφου
2812 1117 2905 1170 καὶ
2948 1116 3382 1179 Ῥουὸελλίωνος.
3414 1115 3525 1167 Καὶ
3557 1113 3742 1178 οὕτως
3778 1132 3870 1185 με-

2269 1211 2542 1281 ταζούσης
2579 1208 2680 1279 τῆς
2733 1209 2995 1272 ὑπατείας
3017 1211 3115 1280 τῆς
3143 1208 3279 1280 μετὰ
3299 1208 3394 1279 τὴν
3416 1208 3690 1261 ὑπατείαν
3726 1209 3871 1260 Ῥου-

2273 1304 2581 1365 6ελλίωνος,
2602 1302 2725 1371 ἥτις
2757 1302 2984 1373 ὕστερον
3018 1298 3180 1373 ἦλθεν
3205 1302 3509 1355 Οὑῖννικίου
3530 1302 3866 1371 καλουμένη,

2272 1395 2368 1448 καὶ
2396 1392 2661 1461 Λογγίνου
2688 1393 2955 1456 Κασσίου,
2984 1392 3233 1463 πάσχειὸ
3259 1391 3451 1464 Σωτὴρ
3478 1394 3535 1445 ἐν
3562 1394 3633 1463 τῇ
3662 1392 3775 1463 πρὸ
3804 1397 3867 1459 ιγ’

2272 1486 2567 1541 Καλανδῶν
2584 1484 2931 1556 Ἀπριλλίων.
2958 1486 3070 1539 Καὶ
3107 1485 3427 1557 ἐλήλεγκται
3458 1484 3666 1537 τούτων
3696 1485 3871 1538 ἁπάνν

2270 1595 2379 1632 των
2401 1581 2434 1648 ἡ
2466 1575 2666 1644 πλάνη,
2696 1575 2754 1627 εὑ
2764 1578 3097 1647 ρισκομένης
3119 1576 3306 1644 σαφῶς
3331 1575 3428 1646 τῆς
3451 1575 3599 1628 κατὰ
3624 1576 3725 1648 τὴν
3747 1575 3871 1643 dli;-

2276 1673 2431 1729 θειαν
2456 1673 2830 1735 διδασκαλίας,
2854 1669 2927 1732 ὡς
2962 1669 3025 1721 οὑ
3054 1668 3212 1739 μόνον
3240 1667 3332 1721 δύο
3364 1667 3576 1738 χρόνων
3622 1667 3871 1738 περίοδος
3956 1678 3957 1687 ‘

2207 1753 2247 1811 Β
2279 1764 2509 1836 Πασχῶν
2556 1765 2613 1817 ἐν
2656 1765 2769 1825 τοῖς
2817 1756 3171 1827 Εὑαγγελίοις
3218 1756 3544 1829 ἐμφέρεται,
3588 1757 3729 1811 ἀλλὰ
3778 1759 3869 1810 καὶ

2272 1874 2459 1930 τριων.
2770 1893 2776 1899 η

2344 1950 2472 2003 ΚΔ’.
2513 1944 2875 2017 Γεννηθέντος
2898 1942 3007 2015 γὰρ
3031 1940 3195 1997 αὑτοῦ
3234 1941 3364 2014 περὶ
3386 1940 3479 1995 τὸν
3506 1941 3866 2012 Ἰαννουάριον

2278 2042 2445 2113 μῆνα,
2488 2038 2737 2093 τουτέστι
2766 2035 2876 2109 πρὸ
2936 2033 3081 2088 ὀκτὼ
3110 2032 3279 2087 Είδῶν
3317 2032 3721 2104 Ἰαννολκιριιιην
3751 2035 3863 2102 ητις

2276 2134 2394 2188 ἐστὶ
2414 2128 2879 2201 κατὰῬωμαίους
2902 2126 3128 2197 πέμπτη
3151 2123 3245 2177 τοῦ
3284 2123 3648 2195 Ἰαννουαρίου
3678 2123 3862 2195 μηνὸς,

2276 2224 2419 2279 κατὰ
2444 2222 2777 2293 Αἰγυπτίους
2800 2218 2938 2272 Τυϐὶ
2963 2216 3245 2287 ἑνδεκάτη*
3273 2214 3416 2269 κατὰ
3438 2214 3667 2293 Σύρους,
3694 2216 3864 2266 εἰτουν

2281 2317 2569 2389 Ἕλληνας,
2604 2312 2876 2367 Ᾱὺδυνέου
2910 2311 3094 2364 ἕκτου·
3144 2309 3287 2362 κατὰ
3334 2292 3640 2378 Κυπρίους,
3689 2306 3866 2359 εῖτουν

2279 2406 2659 2480 Σαλαμινίους,
2700 2403 2951 2475 πέμπτου
2986 2400 3246 2472 πέμπτη·
3286 2399 3426 2454 κατὰ
3456 2398 3700 2467 Παφίους
3740 2398 3865 2451 Ὶοὺ-

2279 2500 2373 2553 λου
2404 2493 2994 2569 τεσσαρεσκαιδεκάτη·
3042 2491 3181 2545 κατὰ
3211 2489 3459 2562 Ἀραϐας
3497 2488 3717 2560 Ἀλεὼμ
3760 2495 3863 2542 κα”

2281 2589 2424 2645 κατὰ
2451 2587 2825 2650 Καππαδόκας
2874 2584 3112 2656 Ἀταρτᾶ
3153 2590 3241 2652 ιγ’·
3275 2582 3418 2637 κατὰ
3451 2580 3749 2655 Ἐϐραίους
3783 2580 3865 2632 Τι-

2281 2682 2405 2755 ϐιὴθ
2439 2689 2525 2751 ιγ’·
2563 2680 2701 2735 κατὰ
2747 2679 3064 2749 Ἀθηναίους
3083 2674 3584 2749 Μαιμακτηριῶνος
3621 2681 3711 2740 ς⁹’
3747 2690 3876 2747 παρ-

2281 2775 2410 2849 ῆλθε
2458 2774 2557 2838 τὰς
2604 2770 3013 2845 προειρημένας
3051 2769 3315 2830 ὑπατείας
3352 2765 3696 2819 είκοσιεννέα
3750 2766 3877 2835 πλη-

2284 2882 2427 2940 ρεις·
2459 2867 2538 2929 είς
2577 2864 2634 2918 δὲ
2660 2862 2757 2935 τὴν
2797 2860 3124 2934 τριακοστὴν
3150 2858 3425 2921 ὑπατείαν,
3457 2858 3609 2927 φημὶ
3650 2857 3716 2910 δὲ
3754 2859 3874 2926 περὶ

2275 2953 2374 3007 τὸν
2404 2952 2628 3007 δέκατον
2652 2950 2817 3022 μῆνα,
2847 2946 2978 3021 ἦλθε
3009 2950 3146 3020 πρὸς
3174 2948 3266 3003 τὸν
3297 2948 3568 3017 Ἰωάννην,
3608 2947 3714 3001 καὶ
3750 2946 3866 3001 t6:-

2285 3046 2484 3118 πτίσθη
2515 3048 2572 3099 ὲν
2613 3044 2852 3116 Ἰορδάνῃ
2876 3042 3106 3114 ποταμῷ
3129 3042 3223 3095 τοῦ
3245 3040 3569 3114 τριακοστοῦ
3592 3041 3756 3105 ετους
3782 3041 3872 3110 τῆς

2281 3139 2549 3209 ὲνσάρκου
2565 3137 2891 3207 γεννήσεως,
2910 3136 3155 3190 τουτέστι
3178 3135 3318 3189 κατὰ
3339 3134 3673 3201 Αἰγυπτίους
3714 3133 3872 3196 Ἀθὺρ

2278 3229 2575 3303 δωδεκάτῃ,
2608 3228 2712 3300 πρὸ
2750 3227 2809 3294 ἒξ
2867 3228 3037 3282 Εἱδῶν
3065 3225 3409 3298 Νοεμϐρίων·
3429 3223 3575 3277 κατὰ
3603 3223 3873 3294 Ἕλληνας

2279 3322 2403 3375 Δίου
2431 3329 2512 3393 ηό
2541 3323 2684 3376 κατὰ
2710 3321 3091 3393 Σαλαμινίους,
3124 3321 3253 3383 τοὺς
3281 3319 3866 3380 καὶ-Κωσταντιαίους.

2278 3413 2464 3484 τρίτου
2498 3413 2672 3466 Χοιὰκ
2731 3419 2815 3479 ς”
2867 3412 3010 3466 κατὰ
3053 3411 3298 3479 Παφίους
3331 3410 3722 3479 Ἀπογονιστοῦ
3766 3410 3862 3475 ig"

2281 3504 2421 3560 κατὰ
2445 3505 2690 3576 ’Ἄραϐας
2718 3504 3146 3575 Ἀγγαλθαόαείθ
3164 3504 3248 3575 κβ¹
3266 3521 3281 3535 ο
3295 3504 3435 3558 κατὰ
3446 3504 3773 3567 Μακεδόνας
3796 3504 3871 3555 ’Λ-

2281 3596 2536 3651 πελλαίου
2569 3603 2663 3662 ις’·
2690 3597 2830 3650 κατὰ
2872 3597 3250 3661 Καππαδόκας
3285 3597 3562 3667 Ἀρατατᾶ
3609 3602 3673 3648 ιε’
3684 3611 3698 3622 ’
3734 3595 3869 3648 κατὰ

2294 3689 2611 3759 Ἀθηναίους
2637 3689 3105 3759 Μεταγειτνιῶνος
3133 3688 3367 3759 ἑϐδόμῃ·
3404 3688 3551 3742 κατὰ
3590 3686 3869 3757 Ἑϐραίους

2281 3781 2612 3854 Μαρεσουὰν
2641 3783 2872 3855 ἐϐδόμῃ·
2911 3781 2987 3845 ὡς
3015 3782 3384 3852 ἐπιμαρτυρεῖ
3405 3797 3508 3852 μου
3532 3779 3613 3850 τῷ
3642 3779 3785 3849 λόγῳ
3811 3777 3869 3829 τὸ

2281 3872 2438 3941 ἅγιον
2476 3872 2618 3927 κατά
2649 3875 2863 3928 Λουκᾶν
2885 3873 3237 3942 Εὐαγγέὶτιον,
3261 3865 3365 3925 ὧδέ
3394 3889 3512 3935 πως
3539 3871 3729 3941 λέγονο
3757 3867 3862 3925 Ἦν

2281 3964 2350 4019 δὲ
2399 3965 2633 4034 Ἰησοῦς
2668 3965 3000 4035 ἀρχόμενος
3031 3965 3175 4018 ὡσεί
3216 3963 3371 4018 ἑτῶν
3418 3963 3763 4033 τριάκοντα,
3789 3960 3872 4015 ὢν

2281 4056 2434 4124 υίὸς,
2491 4057 2573 4123 ὡς
2615 4056 2915 4126 ἐνομίζετο
2963 4053 3137 4120 εἶναι,
3173 4055 3279 4109 τοῦ
3324 4055 3571 4125 Ἰωσήφ.
3613 4056 3724 4110 Καὶ
3766 4055 3870 4108 άπ-

2282 4146 2529 4219 εντεῦθεν
2555 4148 2663 4201 ὑπὸ
2695 4148 2857 4221 Ἀθὺρ
2870 4146 3148 4217 δωδεκάτη
3166 4149 3186 4179 ⁸
3216 4146 3585 4219 κηρύττοντος
3603 4145 3770 4200 αὑτοῦ
3784 4145 3873 4198 τὸν

2281 4238 2469 4291 δεκτδν
2522 4238 2765 4292 ἐνιαυτὸν
2813 4238 3043 4309 Κυρίου,
3089 4239 3229 4293 κατά
3277 4239 3347 4292 τὰ
3397 4240 3456 4291 ἐν
3506 4238 3587 4310 τῷ
3620 4239 3872 4309 προφήτῃ

2296 4330 2495 4403 Ἡσαΐᾳ
2524 4330 2898 4404 προειρημένα
2918 4349 2931 4363 ·
2963 4332 3044 4385 ὅτι
3074 4331 3317 4401 Πνεῦμα
3354 4331 3581 4400 ΚιῬέου
3628 4331 3724 4384 ἐπ’
3749 4331 3871 4399 ἐμὲ.

592 4416 665 4476 οὗ
709 4421 945 4519 εἵνεκεκ
990 4418 1200 4519 ξχρισέ
1231 4433 1337 4488 με·
1370 4419 1879 4519 εὐαγγελίσασθαι
1926 4419 2186 4490 πτωχοῖς
2222 4424 2572 4481 ἀπέσταλκέ
2596 4444 2695 4519 με]
2725 4428 2980 4496 κηρύξαι
3028 4427 3427 4498 αἰχμαλώτοις
3479 4428 3727 4497 ἄφεσιν,
3770 4428 3879 4485 καὶ

593 4512 847 4583 τυφλοῖς
901 4510 1258 4595 ᾀνάὸλεψιν,
1311 4512 1567 4580 κηρύξαι
1629 4512 1912 4567 ἐνιαυτὸν
1962 4514 2185 4581 Κυρίου
2216 4517 2454 4584 δεκτόν,
2487 4520 2585 4575 καὶ
2613 4510 2843 4590 ἡμέραν
2871 4520 3356 4585 ἀνταποδόσεως,

662 4600 833 4659 XXV.
862 4602 1030 4657 Plane
1060 4602 1279 4673 quidem
1323 4618 1529 4656 annum
1563 4603 1883 4673 praedicavit
1925 4612 2177 4674 accepta«

2355 4610 2484 4665 KE'.
2534 4611 2621 4674 Ὠς
2648 4609 2864 4681 ἁληοῷς
2905 4610 3014 4682 γάρ
3066 4608 3329 4681 ἐκήρυξεν
3363 4609 3617 4662 ἐνιαυτὸν
3666 4611 3871 4669 δεκτδν,

593 4695 791 4758 bilem,
857 4696 911 4749 in
963 4708 1074 4764 quo
1133 4708 1295 4749 nemo
1349 4694 1399 4748 ei
1454 4694 1876 4750 contradixerit.
1931 4693 2179 4750 Primum

594 4788 742 4843 enim
793 4787 940 4841 hunc
980 4802 1183 4841 annum
1216 4797 1339 4858 post
1376 4805 1484 4843 xxx
1523 4802 1553 4841 a
1596 4788 1882 4843 nativitate
1917 4804 2016 4843 sua
2050 4805 2182 4860 pra:-

596 4879 833 4935 dicando
872 4880 1171 4952 transegit,
1225 4882 1660 4952 approbantibus
1707 4882 2018 4949 universis;
2052 4899 2179 4939 cum

594 4988 698 5029 nec
744 4971 915 5028 Judaei
962 4974 1304 5038 resisterent,
1341 4989 1443 5028 nec
1493 4974 1759 5045 gentiles,
1809 4989 1909 5030 nec
1938 4974 2182 5030 Samari-

595 5063 730 5125 tani,
755 5063 850 5119 sed
878 5062 1149 5118 dicentem
1173 5078 1368 5118 omnes
1399 5064 1733 5134 perlibenter
1760 5064 2032 5120 audirent.
2058 5064 2180 5132 Quo

593 5158 784 5213 eodem
838 5171 985 5211 anno
1014 5155 1453 5227 Hierosolymam
1501 5156 1782 5220 ascendit,
1817 5166 2176 5227 posteaquam

595 5247 903 5315 baptizatus
942 5255 1055 5312 est,
1085 5254 1140 5302 et
1191 5247 1310 5303 dies
1351 5260 1419 5301 ιιι.
1472 5248 1794 5304 tentationis
1845 5249 2061 5320 exegit,
2115 5265 2180 5305 ac

540 5400 546 5406 ,
594 5337 986 5405 discipulorum
1022 5341 1299 5397 delectum
1340 5341 1567 5404 habuit,
1592 5356 1718 5397 cum
1772 5341 1842 5397 ab
1875 5342 2180 5398 teutatione

593 5429 660 5483 ad
698 5427 992 5483 Jordanem
1039 5433 1231 5497 rediit,
1279 5448 1343 5488 ac
1392 5434 1626 5504 traiecto
1678 5434 1814 5488 mari
1868 5432 2180 5491 Tiberiatlis

591 5519 921 5578 Nazaretum
978 5523 1354 5591 contendens,
1402 5525 1841 5599 Hierosolymam
1901 5526 2176 5596 pervenit.

666 5695 920 5765 *,Coloss.
957 5712 1013 5766 ιι,
1053 5697 1139 5756 14.
1216 5701 1236 5732 ²
1264 5697 1395 5753 Luc-
1430 5716 1514 5766 ιιι,
1541 5701 1632 5758 25-

1715 5701 1734 5734 ³
1765 5699 1872 5758 lsa.
1906 5716 2019 5770 ιιιι,
2050 5702 2073 5756 l
2115 5716 2238 5774 sqq.

2285 4701 2533 4754 τουτέστι
2565 4702 2640 4772 μὴ
2670 4700 3224 4772 ἁντιλεγόμενον.Τὸν
3256 4701 3364 4772 γάρ
3385 4701 3609 4772 πρῶτον
3636 4703 3877 4757 ἐνιαυτὸν

2290 4792 2428 4863 μετὰ
2454 4793 2773 4866 τριακοστὸν
2804 4794 2923 4857 ἔτος
2952 4793 3052 4863 τῆς
3082 4791 3246 4847 αὑτοῦ
3274 4792 3544 4864 ὲνσάρκου
3575 4797 3877 4866 παρουσίας

2285 4882 2579 4953 ἐκήρυσσε,
2608 4883 2703 4937 καὶ
2724 4884 2926 4948 πάντες
2948 4884 3323 4955 κατεδέχοντο*
3356 4885 3451 4938 καὶ
3470 4883 3602 4938 οὔτε
3639 4887 3875 4940 1on

2286 4974 2593 5044 ἀντέλεγον,
2634 4975 2759 5029 οὔτε
2779 4976 2928 5049 ἔθνη,
2954 4976 3078 5030 οὔτε
3110 4977 3473 5047 Σαμαρεῖται·
3505 4976 3651 5031 ἀλλὰ
3681 4978 3879 5039 πάντες

2287 5067 2458 5139 ἡδέως
2490 5068 2687 5140 ῆκουον
2730 5068 2915 5122 αὑτοῦ.
2961 5069 3048 5123 Ἐν
3075 5061 3119 5136 ᾧ
3152 5067 3382 5138 ἐνιαυτῷ
3415 5069 3631 5123 ἄνεισιν
3663 5072 3743 5133 εἰς
3786 5071 3881 5122 'is-
3956 5132 3957 5135 η

2285 5160 2582 5231 ροσόλυμα,
2644 5162 2783 5231 μετὰ
2831 5161 2892 5214 τὸ
2932 5160 3316 5231 βαπτισθῆναι,
3364 5162 3460 5214 καὶ
3498 5161 3736 5216 διελθεῖν
3781 5163 3883 5217 τὰς
3956 5214 3957 5221 η

2280 5253 2688 5323 τεσσαράκοντα
2714 5253 2927 5324 ἡμέρας
2953 5254 3048 5307 τοῦ
3074 5252 3403 5323 πειρασμοῦ,
3435 5253 3526 5307 καὶ
3552 5254 3884 5319 ἐκλέξασθαι

2281 5344 2409 5407 τοὺς
2434 5343 2627 5395 ἑαυτοῦ
2658 5343 2927 5414 μαθητάς.
2963 5343 3293 5413 ἀνακάμψας
3315 5342 3427 5397 ἀπὺ
3446 5343 3542 5397 τσῦ
3566 5345 3884 5417 πειρασμοῧ
3956 5394 3957 5397 η

2282 5437 2377 5489 ἐπὶ
2405 5434 2499 5489 τὸν
2537 5434 2827 5505 Ἰορδάνην,
2856 5436 2951 5489 καὶ
2976 5433 3199 5490 διελθὼν
3222 5435 3314 5489 ἐπὶ
3338 5434 3440 5505 τῆς
3474 5435 3759 5504 θαλάσσης
3784 5435 3887 5505 τῆς
3956 5418 3957 5471 Ῑ

2283 5504 2621 5598 Τιϐεριάδος,
2652 5526 2745 5578 ἐπὶ
2771 5525 2869 5599 τὴν
2894 5526 3148 5598 Ναζαρὲτ
3183 5504 3570 5599 πορευόμενος,
3594 5527 3777 5601 ἀνέϐη
3804 5529 3889 5602 5:;-
3956 5504 3957 5589 ζ

2318 5701 2416 5759 ‘F.
2454 5702 2742 5759 ἑνσάοκου.
2819 5705 2839 5737 ⁵
2874 5703 2936 5760 F.
2970 5704 3296 5778 δωδεκάτης.
