3866 6068
161 233 264 289 935

835 224 1206 285 ADVERSUS
1248 224 1589 283 "ERESES
1622 223 1750 279 LIB.
1792 222 1859 280 ll.
1905 221 2072 279 TOM.
2108 221 2150 277 Ι.
2188 252 2256 262 —-
2292 220 2566 279 HIERES.
2600 220 2691 281 LI.

3304 222 3412 281 οτι

160 346 335 400 λονότι
386 345 466 407 είς
514 344 889 417 Ἰερουσαλήμ.
933 344 1039 398 Καὶ
1087 345 1145 396 ὲν
1195 342 1345 414 μέσῳ
1395 342 1496 414 τῆς
1543 342 1735 413 ἑορτῆς

1844 337 1914 394 lbi
1944 341 1998 394 in
2029 338 2210 394 medio
2241 337 2381 394 festo
2414 338 2752 396 vociferatus
2782 350 2867 396 est
2894 339 3084 398 dicens
3135 360 3148 397 :
3195 339 3257 398 Si
3293 344 3411 413 quis

161 436 454 506 ὲκέκραγε,
492 432 667 502 λέγων
686 452 700 466 °
729 436 800 487 ΕΖ
826 453 913 500 τις
942 430 1110 501 διψᾷ,
1156 432 1420 503 ἐρχέσθω
1458 435 1609 501 πρός
1635 447 1733 501 με,

136 527 261 595 ,καὶ
297 526 534 579 πινέτω.
568 527 681 579 Καὶ
722 525 896 589 οὕτως
945 524 1188 596 ἀπῆλθεν
1218 526 1298 587 είς
1342 526 1614 597 Ναζαρὲτ,
1641 524 1738 578 καὶ

161 618 248 680 εἰς
283 616 383 686 τὴν
432 615 715 681 Ἰουδαίαν,
762 616 854 668 καὶ⁸
897 616 977 678 είς
1029 612 1363 685 Σαμάρειαν,
1413 616 1506 668 καὶ
1543 615 1624 677 είς
1670 612 1738 667 τὰ

158 705 311 777 μέρη
343 706 538 777 Τύρου.
570 703 681 758 Καὶ
710 703 1083 776 πληρωθέντος
1107 705 1200 759 τοῦ
1229 706 1442 776 πρώτου
1466 705 1734 772 ἐνιαυτοῦ,

162 796 332 850 πάλιν
361 797 564 851 ἄνεισιν
607 797 687 859 είς
732 794 1095 867 Ἰεροσόλυμα.
1130 796 1239 850 Καὶ
1281 796 1465 850 λοιπὸν
1512 798 1737 870 ἐζήτουν

159 888 330 941 αὐτὸν
359 886 554 940 πιάσαι
585 888 644 941 ὲν
676 888 741 957 τῇ
793 888 975 957 ἑορτῇ,
1029 887 1124 940 καὶ
1174 887 1538 960 ἐφοϐήθησαν.
1583 890 1670 943 Ἑν

156 981 323 1052 ἑορτῇ
357 978 561 1046 ἔλεγεν,
592 978 673 1031 ὅτι
726 980 809 1055 οὐ
848 979 1181 1033 καταϐαίνω
1230 980 1318 1046 εὶς
1364 978 1480 1048 τὴν
1522 979 1739 1048 ἑορτὴν

156 1072 410 1138 ταύτην.
442 1069 517 1121 Οὐ
559 1069 667 1140 γὰρ
697 1068 967 1138 ἐψεύδετο,
1013 1070 1088 1141 μὴ
1130 1070 1377 1139 γένοιτοι
1415 1072 1737 1139 Μεσούσης

155 1161 274 1231 γὰρ
305 1159 417 1229 τῆς
444 1159 678 1228 ἑορτῆς,
708 1155 877 1230 ἦλθε,
905 1161 1059 1232 φησι,
1093 1161 1192 1216 καὶ
1222 1161 1402 1230 ἀνέϐη
1438 1164 1527 1229 εις
1565 1162 1740 1231 Ἰερο-

155 1253 433 1322 σόλυμα·
466 1252 564 1305 καί
611 1252 858 1321 ἔλεγονο
893 1255 1016 1322 Οὐχ
1054 1249 1235 1320 οὗτός
1274 1255 1464 1319 ἐστιν,
1499 1254 1574 1308 ὃν
1595 1253 1739 1323 ἐξῆ-

146 1361 311 1399 zam-
338 1342 586 1406 auia'at;
613 1344 722 1397 Kal
765 1343 893 1398 ίδοὺ
926 1346 1229 1415 παρρησίᾳ
1267 1346 1472 1401 λαλεῐο
1494 1346 1581 1418 μὴ
1624 1346 1739 1416 ἄρα

150 1437 386 1504 ἔμαθον
407 1438 462 1489 ol
477 1434 670 1504 ἱερεῖς,
688 1433 775 1488 ὅτι
801 1430 979 1501 οὗτός
992 1436 1163 1490 ἐστιν
1183 1441 1216 1492 ό
1229 1440 1517 1507 Χριστός;
1556 1440 1739 1496 Ἀλλὰ

140 1527 410 1596 οἴδαμεν
438 1523 618 1591 οὗτος
644 1527 829 1581 πόθεν
867 1526 1021 1582 ἐστί.
1053 1528 1460 1601 Μυστηριωδῶς
1500 1531 1608 1604 γὰρ
1645 1531 1739 1585 καὶ

154 1618 549 1690 πνευματικῶς
578 1618 955 1690 διαλεγομένου
992 1623 1104 1686 τοῖς
1145 1621 1310 1676 αὑτοῦ
1340 1622 1606 1693 ἀδελφοῖς,
1633 1623 1733 1677 οὐκ

151 1713 379 1782 ἧδεισαν
415 1712 467 1764 τί
493 1710 693 1780 ἔλεγεν.

236 1801 430 1870 Ἔλεγε
458 1801 567 1874 γὰρ
596 1801 777 1864 αὐτοῖς
826 1803 899 1872 μὴ
946 1801 1256 1858 ἀναϐαίνειν
1287 1806 1366 1869 είς
1404 1805 1463 1860 τὸ
1498 1806 1640 1878 ἱερὸν
1676 1807 1734 1860 ὲν

144 1897 226 1967 τῇ
262 1895 424 1968 ἑορτῇ
458 1894 661 1967 ἐκείνῃ,
679 1893 811 1966 μηδὲ
837 1895 918 1958 είς
941 1894 1032 1948 τὸν
1056 1895 1306 1967 σταυρὸν.
1330 1897 1424 1951 τοῦ
1449 1898 1737 1953 τελειῶσαι

146 1985 301 2048 τέως
324 1986 423 2055 τὴν
443 1982 750 2056 οἰκονομίαν
771 1985 864 2039 τοῦ
888 1986 1100 2051 Πάθους
1126 1987 1314 2051 αὐτοῦ,
1342 1990 1437 2042 καὶ
1467 1990 1737 2062 σωτηρίας

154 2078 482 2149 μυστήριον,
527 2079 621 2131 καὶ
663 2080 728 2132 ὲκ
765 2079 975 2151 νεκρῶν
1005 2080 1324 2151 ἀναστῆναι,
1375 2082 1470 2134 καὶ
1518 2083 1599 2146 εἰς
1644 2084 1736 2137 τὸν

148 2167 388 2239 οὐρανὸν
420 2167 685 2238 ἀναϐῆναι
704 2184 718 2199 ’
757 2166 913 2221 ἅτινα
961 2168 1199 2239 ἐπλήρου
1242 2169 1419 2223 πάντα
1449 2170 1507 2221 ὲν
1538 2172 1603 2241 τῇ
1633 2169 1738 2242 ἰδίᾳ

150 2257 330 2312 αὑτοῦ
357 2257 593 2330 ἐξουσίᾳ.
625 2260 735 2314 Καὶ
759 2259 898 2330 μετὰ
918 2259 1092 2314 ταῦτα
1132 2260 1207 2324 ὡς
1235 2260 1613 2332 πληρωθέντος
1642 2260 1735 2314 τοῦ

148 2348 369 2413 διετοῦς
392 2349 586 2421 χρόνου
625 2349 760 2421 μετὰ
789 2350 851 2403 τδ
873 2350 1173 2421 βάπτισμα,
1198 2351 1291 2403 καὶ
1310 2351 1409 2422 τὴν
1435 2351 1600 2405 αὐτοῦ
1624 2352 1741 2421 γέν-

150 2456 338 2507 νησιν,
372 2439 482 2493 ἀπὸ
512 2439 816 2511 Νοεμϐρίου
862 2440 1050 2512 μηνὸς,
1098 2441 1191 2493 καὶ
1238 2440 1345 2494 ἀπὸ
1382 2442 1737 2515 Ἰαννουαρίου

155 2531 355 2603 μηνὸς,
388 2531 484 2586 καὶ
516 2534 626 2587 τῶν
672 2532 948 2599 ἐπέκεινα,
996 2533 1180 2587 λοιπὸν
1221 2534 1279 2586 ὲν
1315 2533 1392 2606 τῷ
1435 2534 1741 2608 τριακοστῷ

151 2623 331 2696 τρίτῳ
359 2622 467 2676 ἔτει
496 2623 596 2695 τῆς
627 2623 794 2677 αὑτοῦ
838 2623 1102 2694 ὲνσάρκου
1143 2626 1473 2695 οἰκονομίας,
1508 2626 1647 2698 μετὰ
1678 2626 1742 2680 τὸ

150 2713 468 2785 ὑπερϐῆναι
502 2714 665 2768 αὐτὸν
701 2714 800 2780 τὰς
829 2714 923 2768 δύο
952 2715 1235 2781 ὑπατείας,
1266 2716 1332 2780 ἃς
1374 2717 1604 2788 ἔφημεν,
1633 2717 1741 2773 τῶν

152 2820 221 2856 τε
242 2802 338 2855 δύο
357 2802 614 2874 Γεμηνῶν
640 2803 732 2857 καὶ
760 2804 860 2875 τὴν
896 2804 1122 2874 Ῥούφου
1174 2807 1268 2859 καὶ
1306 2806 1739 2874 Ῥουϐελλίωνος,

153 2895 352 2948 λοιπὸν
379 2896 437 2947 ὲν
455 2897 520 2966 τῇ
550 2896 708 2967 τρίτῃ
741 2895 997 2967 ὑπατείᾳ,
1024 2898 1081 2949 ὲν
1105 2896 1181 2968 τῷ
1202 2898 1370 2969 τρίτῳ
1395 2899 1527 2971 μηνὶ
1549 2900 1737 2972 αὐτῆς,

1836 430 1980 496 sitit,
2020 431 2226 498 veniat,
2250 440 2299 485 et
2330 430 2475 484 bibat
2513 432 2554 484 ³.
2598 430 2724 487 Inde
2778 430 3102 487 Nazaretum
3142 433 3409 503 perrexit;

1836 529 1891 577 et
1919 522 1974 576 in
2005 519 2200 576 Judam
2221 561 2237 587 ,
2263 537 2327 576 ac
2352 521 2654 577 Samariam
2672 563 2688 587 ,
2711 538 2776 577 ac
2804 521 3091 594 Tyriorum
3133 526 3412 595 regionem

1837 613 2117 684 profectus
2164 621 2272 671 est.
2313 613 2444 670 Post
2478 616 2592 671 haec
2624 616 2843 671 evoluto
2875 617 2987 686 jam
3022 617 3202 686 priore
3235 631 3410 680 anno,

1837 703 2266 777 Hierosolymam
2315 710 2626 761 revertitur.
2662 705 2765 763 Ubi
2790 722 2916 762 cum
2954 724 3078 763 eum
3139 707 3281 763 festo
3325 707 3415 763 die

1837 798 2295 868 comprehendere
2324 800 2560 865 vellent,
2594 806 2739 852 metu
2764 798 3001 869 repressi
3032 808 3181 854 sunt.
3211 797 3287 852 Ac
3310 799 3416 853 sub

1838 887 1980 943 idem
2017 886 2215 944 festum
2248 891 2321 942 ita
2378 889 2496 944 suis
2532 888 2746 943 locutus
2782 894 2906 942 est:
2944 885 3065 940 Non
3087 888 3312 942 ascendo
3345 887 3415 940 ad

1836 979 1974 1034 diem
2026 981 2220 1049 festum
2260 983 2420 1034 istum
2449 981 2491 1034 ⁵.
2544 981 2603 1034 In
2662 995 2774 1050 quo
2827 980 2971 1035 absit
3022 988 3081 1033 ut
3131 981 3414 1034 mentitum

1838 1072 1988 1127 illum
2043 1073 2406 1127 arbitremur!
2457 1069 2585 1125 1am
2637 1072 2777 1125 enim
2827 1070 2910 1124 die
2965 1072 3100 1139 [esto
3154 1071 3419 1126 mediante

1838 1162 2002 1230 abiit,
2046 1163 2252 1233 inquit,
2281 1173 2329 1217 et
2374 1162 2609 1217 ascendit
2653 1162 2709 1215 in
2745 1161 3080 1216 Hierusalem
3111 1162 3168 1229 ';
3200 1170 3250 1217 ct
3277 1164 3419 1218 dira-

1838 1253 1965 1307 bant
1998 1269 2016 1307 :
2049 1252 2238 1307 Nonne
2297 1254 2381 1307 hic
2437 1263 2549 1316 est,
2602 1269 2753 1323 quem
2810 1256 3116 1323 quaerebant
3179 1271 3419 1324 cmnpre-

1837 1345 2057 1400 hendere
2080 1349 2106 1401 Ρ
2129 1345 2196 1399 Et
2242 1362 2356 1399 ecce
2384 1346 2563 1415 palam
2602 1345 2852 1415 loquitur.
2888 1344 3143 1417 Nunquid
3183 1364 3297 1402 vere
3339 1365 3423 1403 co-

1838 1449 2121 1506 gnoverunt
2162 1438 2494 1500 sacerdotes,
2546 1438 2672 1507 quia
2705 1437 2803 1490 'hic
2851 1446 2928 1493 est
2990 1438 3271 1494 Christus?
3316 1438 3421 1496 Sed

1837 1527 1975 1580 hunc
1995 1530 2188 1583 scimus
2213 1528 2350 1583 unde
2377 1529 2447 1581 sit
2473 1529 2513 1583 ⁸.
2542 1526 2675 1580 Nam
2699 1544 2822 1581 cum
2851 1530 3077 1600 mystice
3095 1570 3110 1595 ,
3150 1547 3214 1586 ac
3253 1532 3421 1602 spiri-

1840 1615 2023 1669 taliter
2070 1616 2331 1671 fratribus
2363 1616 2479 1673 suis
2508 1616 2846 1686 loqueretur,
2871 1618 3002 1687 quid
3038 1619 3246 1675 diceret
3274 1621 3422 1691 igno-

1764 1680 1807 1736 Β
1835 1706 2057 1761 rabant.

1905 1795 2073 1870 448
2103 1794 2349 1869 Negabat
2400 1803 2546 1857 enim
2597 1818 2657 1860 se
2699 1804 2794 1860 illo
2833 1804 2922 1860 die
2981 1803 3123 1859 festo
3184 1803 3238 1857 in
3284 1809 3424 1858 tem-

1837 1887 2119 1958 plum,aut
2145 1889 2200 1945 in
2233 1905 2454 1947 crucem
2479 1908 2859 1963 ascensurum,
2896 1893 3255 1951 utPassionis
3289 1908 3421 1958 suae,

1838 1993 1901 2033 ac
1928 1988 2130 2035 nostra:
2159 1982 2353 2039 salutis
2382 1985 2859 2043 administratione
2891 1987 3225 2058 fungeretur,
3260 1993 3426 2056 atque

1838 2084 1869 2123 a
1900 2072 2130 2127 mortuis
2152 2074 2426 2132 excitatus
2451 2077 2694 2132 evolaret
2726 2080 2781 2133 in
2826 2080 3027 2134 cmlum
3049 2119 3064 2144 ,
3091 2093 3213 2148 quae
3240 2078 3427 2132 omnia

1837 2175 1939 2232 pro
2012 2177 2111 2217 sua
2164 2173 2435 2234 potestate
2482 2181 2547 2221 ac
2586 2169 2865 2223 voluntate
2910 2176 3101 2239 postea
3152 2168 3424 2237 perstitit.

1838 2249 1978 2304 Hinc
2005 2250 2229 2307 biennio
2264 2253 2378 2323 jam
2409 2255 2596 2326 elapso
2642 2267 2766 2328 post
2817 2257 3073 2326 baptismi
3122 2271 3186 2310 ac
3231 2256 3418 2310 nativi-

1838 2343 1968 2396 tatis
2001 2341 2180 2409 diem,
2231 2342 2334 2398 hoc
2361 2351 2475 2411 est,
2533 2355 2659 2416 post
2690 2345 3050 2402 Novembrem
3104 2360 3168 2400 ac
3224 2342 3429 2399 Janua-

1836 2430 1982 2488 rium
2008 2473 2023 2498 ,
2048 2440 2102 2487 et
2131 2432 2450 2504 interjectos
2492 2436 2704 2507 aliquot
2737 2437 2887 2503 dies,
2920 2451 3066 2492 anno
3118 2436 3188 2509 ab
3244 2435 3430 2490 lucar-

1839 2523 2062 2579 natione
2085 2538 2183 2580 sua
2222 2541 2397 2581 xum
2417 2566 2432 2592 ,
2465 2529 2757 2599 praeteritis
2784 2528 2898 2598 jam
2923 2569 2939 2593 ,
2969 2528 3117 2599 quod
3148 2528 3426 2594 diximus,

1840 2615 2219 2671 consulatibus
2276 2617 2520 2685 duobus,
2576 2619 2860 2674 amborum
2909 2618 3299 2686 Geminorum,
3365 2635 3430 2675 ac

1841 2703 1965 2759 Rufi
1997 2714 2051 2760 et
2089 2705 2455 2776 Rubellionis,
2495 2711 2657 2766 tertio
2696 2711 2915 2766 demum
2961 2713 3293 2777 consulatu,
3337 2712 3431 2766 iti-

1842 2798 2075 2869 demque
2132 2800 2299 2855 tertio
2357 2808 2483 2871 post
2548 2800 2871 2858 Ianuarium
2942 2818 3008 2859 ac
3069 2803 3429 2860 Februarium

1844 2904 2052 2953 mense,
2086 2889 2178 2960 qui
2204 2889 2435 2947 Martius
2464 2891 2687 2959 dicitur,
2712 2890 2952 2949 Verbum
2985 2894 3121 2950 illud
3156 2894 3431 2966 passionis

152 2985 311 3058 μετὰ
332 2984 423 3038 τὸν
469 2987 822 3058 ’ἰαννουάριον
849 2989 942 3041 καὶ
982 2989 1364 3060 Φευρουάριον,
1409 2992 1469 3044 ὲν
1513 2992 1740 3062 Μαρτίῳ

1846 2981 2027 3037 omnis
2069 2997 2299 3050 expers,
2348 2985 2660 3054 passionem
2718 2985 2774 3040 in
2830 3002 2998 3043 carne
3044 3003 3199 3044 suam
3240 2996 3431 3043 nostra

159 3077 322 3149 μηνὶ,
354 3077 550 3131 τελειοῖ
567 3078 627 3131 τὸ
657 3077 751 3130 τοῦ
789 3079 993 3143 πάθους
1028 3085 1325 3153 μυστήριον
1347 3083 1376 3134 ὀ
1397 3083 1612 3155 ἀπαθὴς
1636 3084 1741 3136 Λό-

153 3186 263 3238 γος
302 3167 487 3221 παθῶν
519 3170 575 3221 ὲν
611 3168 773 3240 σαρκὶ
804 3169 872 3222 δι’
899 3171 1065 3241 ἡμᾶς.
1096 3171 1263 3225 Μένει
1289 3170 1345 3225 δὲ
1391 3173 1450 3226 ὲν
1482 3173 1742 3244 ἀπαθείᾳ,

155 3260 240 3324 ὡς
268 3258 416 3328 λέγει
453 3258 658 3329 Πέτρος
677 3274 690 3288 ·
735 3259 1101 3326 Θανατωθεὶς
1131 3262 1332 3329 σαρκί,
1364 3259 1745 3332 ζωογονηθείς

156 3348 234 3401 δὲ
266 3347 350 3413 τῷ
387 3349 695 3417 πνεύματι.

237 3440 387 3505 KCI'.
418 3437 622 3507 Πάσχει
664 3437 720 3491 δὲ
757 3437 815 3490 ἐν
850 3440 916 3509 τῇ
967 3438 1074 3511 πρὸ
1111 3439 1409 3513 δεκατριῶν
1450 3442 1745 3498 Καλανδῶν

171 3530 537 3601 Ἀπριλλίων,
585 3529 1037 3602 ὑπερϐεϐηκότων
1061 3530 1241 3585 αὐτῶν
1309 3533 1435 3604 μίαν
1486 3535 1741 3608 ἑσπέραν,

148 3620 446 3675 τουτέστιν
481 3620 539 3673 ὲν
561 3621 627 3690 τῇ
664 3620 1230 3695 τεσσαρεσκαιδεκάτῃ
1257 3622 1356 3692 τῆς
1395 3623 1624 3696 σελήνης
1654 3643 1745 3677 νυ-

152 3714 389 3783 κτερινῇ
429 3712 589 3785 μέσῃ.
621 3713 928 3784 Προέλαϐον
947 3713 1056 3784 γὰρ
1087 3715 1181 3767 καὶ
1207 3714 1407 3783 ἔφαγον
1438 3716 1500 3768 τὸ
1532 3716 1743 3788 Πάσχα,

152 3803 240 3866 ὥς
269 3819 404 3872 φησι
431 3803 491 3856 τὸ
523 3803 870 3873 Εὐαγγέλιον,
902 3804 996 3857 καὶ
1014 3806 1177 3875 ἡμεῖς
1209 3805 1467 3871 πολλάκις
1496 3808 1741 3878 εἴπομεν.

162 3895 419 3963 Ἔφαγον
456 3890 548 3950 οὖν
574 3896 633 3949 τὸ
661 3898 851 3967 Πάσχα
877 3896 982 3968 πρὸ
1009 3895 1104 3949 δύο
1140 3898 1360 3970 ἡμερῶν
1399 3899 1493 3952 τοῦ
1528 3901 1742 3969 φαγεῖν,

156 3988 413 4041 τουτέστι
442 3990 507 4059 τῇ
551 3987 709 4061 τρίτῃ
753 3989 990 4058 ἑσπέρας
1014 3987 1052 4054 ¹,
1083 3988 1219 4060 ὅπερ
1265 3989 1372 4042 ἔδει
1418 3993 1483 4062 τῇ
1520 3990 1747 4065 πέμπτῃ

150 4072 429 4143 ἑσπέρας.
446 4073 1017 4146 Τεσσαρεσκαιδεκάτη
1037 4074 1146 4147 γάρ
1169 4076 1339 4140 οὕτως
1354 4073 1421 4149 ἦν
1442 4080 1474 4150 ή
1498 4079 1742 4152 πέμπτη.

160 4164 612 4238 Συλλαμϐάνεται
660 4167 715 4219 δὲ
752 4170 817 4238 τῇ
862 4168 1019 4239 τρίτῃ
1063 4171 1130 4240 τῇ
1181 4170 1316 4241 αὐτῇ
1361 4170 1478 4241 ὀψὲ,
1515 4173 1636 4242 ἥτις
1677 4168 1746 4244 ἦν

156 4255 426 4328 ἑνδεκάτη
448 4257 547 4328 τῆς
580 4257 808 4330 σελήνης
838 4260 1148 4333 νυκτερινὴ,
1178 4262 1283 4333 πρὸ
1313 4261 1505 4328 δεκαὲξ
1535 4264 1747 4318 Καλαν-

1846 3086 2013 3127 causa
2072 3071 2261 3128 subiit.
2328 3073 2654 3145 Quanquam
2712 3075 2766 3129 in
2827 3092 2928 3131 sua
2987 3078 3431 3149 impassibilitatc

1847 3162 2167 3232 permansit,
2196 3170 2255 3217 ut
2284 3164 2360 3217 ait
2388 3162 2586 3220 Petrus
2621 3183 2634 3219 :
2671 3164 3032 3237 Mortiﬁcatus
3075 3186 3266 3235 carne,
3297 3172 3430 3224 vivi-

1846 3253 2036 3323 ficatus
2085 3266 2262 3309 autem
2290 3256 2481 3326 spiritu
2508 3257 2550 3311 ".

1915 3427 2107 3486 XXVI.
2136 3430 2342 3489 Passus
2371 3440 2456 3490 est
2497 3448 2598 3490 xm
2631 3435 2758 3492 Kal.
2789 3436 2943 3507 Apr.,
2972 3452 3096 3493 cum
3131 3438 3208 3493 illi
3239 3454 3436 3510 vespe-

1846 3533 1963 3575 ram
1993 3537 2160 3577 unam
2196 3525 2654 3589 antevertissent;
2681 3527 2788 3581 hoc
2810 3534 2896 3583 est
2929 3529 3055 3583 luna
3090 3544 3181 3585 xlv
3212 3536 3436 3585 noctur-

1847 3626 1916 3665 na
1956 3611 2154 3666 media.
2191 3610 2470 3682 Siquidem
2507 3625 2632 3669 ante
2666 3621 2883 3686 tempus
2942 3617 3020 3672 illi
3074 3616 3287 3675 Pascha
3338 3635 3431 3676 co-

1845 3702 2171 3768 mederunt,
2204 3711 2264 3756 ut
2313 3702 2668 3776 Evangelium
2720 3714 2993 3772 testatur,
3021 3723 3086 3764 ac
3147 3725 3251 3767 nos
3283 3727 3428 3782 saepe

1846 3795 2179 3849 monuimus.
2205 3793 2386 3861 Quare
2425 3797 2593 3852 biduo
2616 3807 2740 3852 ante
2771 3799 3071 3869 legitimum
3100 3800 3243 3855 diem
3274 3817 3430 3871 epuu

1846 3889 1959 3944 lum
1991 3887 2254 3946 Paschale
2304 3890 2671 3946 celebrarunt.
2706 3890 2821 3947 lloc
2854 3900 2939 3947 est
2991 3892 3127 3948 feria
3158 3895 3317 3948 tertia
3360 3895 3428 3949 ad

1844 3983 2313 4053 vesperam,quod
2338 3983 2528 4053 quinta
2556 3982 2671 4040 ﬁeri
2695 3986 2958 4056 Oportuit.
2982 3983 3056 4040 Ita
3079 3986 3224 4041 enim
3238 3986 3431 4056 quinta

1847 4071 1904 4126 in
1936 4068 2503 4144 decimam'quartam
2559 4074 2853 4131 incidebat.
2912 4076 3179 4132 Caeterum
3235 4075 3427 4132 eadem

1812 4155 1941 4218 'illa
1979 4164 2153 4232 feria,
2206 4167 2293 4223 die
2335 4168 2495 4222 tertia
2538 4168 2604 4222 ad
2656 4183 2937 4239 vesperam
3002 4169 3431 4239 comprehensus

1847 4261 1951 4323 est,
2011 4271 2134 4326 quae
2183 4266 2302 4313 erat
2334 4259 2458 4313 luna
2495 4275 2550 4314 xl
2606 4267 2876 4314 nocturna
2907 4300 2922 4325 ,
2983 4274 3071 4313 xvr
3103 4259 3222 4315 Kal.
3269 4261 3426 4330 Apr.;

157 4348 275 4401 δῶν
291 4349 638 4420 Ἀπριλλίων·
665 4351 859 4422 τετρὰς
888 4352 1162 4423 δωδεκάτη
1189 4355 1495 4426 νυκτερινὴ,
1521 4355 1627 4427 πρὸ
1656 4356 1740 4410 δε-

1848 4355 2042 4417 quarta
2075 4348 2241 4416 feria,
2283 4350 2583 4420 eademque
2622 4359 2888 4406 nocturna
2916 4350 3042 4405 luna
3078 4367 3151 4405 xu
3174 4390 3189 4414 ,
3217 4367 3282 4406 xv
3305 4350 3427 4405 Kal.

156 4442 404 4496 καπέντε
418 4441 702 4498 Καλανδῶν
717 4443 1063 4513 Ἀπριλλίων
1079 4445 1302 4517 πέμπτη
1324 4447 1742 4521 τρισκαιδεκάτη

152 4534 425 4607 ἡμερινὴ,
453 4534 739 4607 νυκτερινὴ
771 4535 829 4588 δὲ
850 4536 1434 4606 τεσσαρεσκαιδεκάτη,
1463 4538 1569 4610 πρὸ
1594 4539 1745 4593 δεκαο

151 4626 449 4698 τεσσάρων
489 4627 782 4681 Καλανδῶν
829 4627 1171 4699 Ἀπριλλίων
1215 4630 1591 4700 προσάϐϐατον
1618 4649 1744 4685 τεσ-

144 4702 635 4789 ’σαρεσκαιδεκάτη
650 4717 958 4788 νυκτερινὴ,
975 4716 1080 4788 πρὸ
1094 4717 1506 4791 δεκατεσσάρων
1523 4721 1741 4775 Καλανο

152 4808 273 4862 δῶν
289 4806 630 4879 Ἀπριλλίων·
649 4806 927 4860 Σάϐϐατον
955 4807 1409 4881 πεντεκαιδεκάτη
1431 4812 1741 4884 νυκτερινὴ,

154 4901 275 4973 πρὸ
305 4898 532 4953 δεκαδύο
549 4898 838 4953 Καλανδῶν
854 4899 1195 4971 Ἀπριλλίων⁸
1222 4900 1607 4970 ὲπιφώσκουσα
1638 4904 1745 4956 Κυ-

160 4987 337 5061 ριακὴ
354 4988 814 5060 πεντεκαιδεκάτη
828 4992 1142 5061 νυκτερινή¹
1162 5007 1176 5021 ο
1211 4990 1349 5062 ὅπερ
1377 4987 1445 5063 ἦν
1465 4994 1742 5064 φωτισμὸς

152 5080 318 5151 ᾅδου,
359 5080 457 5132 καὶ
502 5080 626 5149 γῆς,
668 5080 763 5133 καὶ
798 5078 1051 5150 οὐρανοῦ,
1102 5080 1198 5133 καὶ
1245 5081 1478 5151 ἡμέρας,
1511 5081 1600 5136 διὰ
1643 5083 1744 5155 τὴν

155 5171 664 5243 πεντεκαιδεκάτην
689 5170 938 5242 σελήνης,
966 5171 1059 5224 καὶ
1083 5170 1173 5225 τὸν
1202 5172 1352 5244 ήλίου
1382 5172 1581 5243 δρόμον
1604 5191 1618 5204 ·
1648 5175 1744 5229 καὶ

152 5262 245 5316 ὃτι
284 5261 587 5325 ἀνάστασις
632 5262 727 5316 καὶ
775 5261 1029 5332 ίσημερία
1060 5262 1166 5333 πρὸ
1211 5262 1402 5316 ἕνδεκα
1452 5264 1745 5320 Καλανδῶν

168 5353 526 5427 Ἀπριλλίων,
544 5355 610 5408 δι’
638 5356 705 5426 ἢν
737 5353 1097 5425 πλανηθέντες
1117 5355 1421 5427 ὑπέρϐατον
1454 5356 1582 5426 μίαν
1607 5358 1744 5428 ήμέ-

235 5535 250 5567 ί
284 5533 405 5605 vel?
439 5532 605 5605 τέίξῃ

154 5605 345 5662 ‘ibid.
375 5604 452 5659 25
468 5601 601 5657 427."
654 5604 673 5635 ⁷
701 5603 717 5655 ι
741 5601 885 5658 Petr.
922 5618 1003 5657 ιιι.
1041 5604 1126 5658 18.

656 5532 894 5615 saneea,
949 5542 1003 5588 et
1048 5533 1281 5615 ageam-9
1326 5537 1554 5608 ἑσπέρᾳ.
1630 5540 1650 5569 ¹
1682 5540 1740 5597 F.

1844 5544 2038 5615 ιερινή.
2116 5545 2137 5578 ⁸
2168 5543 2325 5599 Joan.
2379 5561 2475 5610 ru,
2526 5545 2616 5601 ὅτ.

1848 4445 2005 4513 Apr.;
2030 4442 2220 4512 quinta
2259 4441 2393 4496 feria
2436 4458 2533 4497 xm
2571 4442 2798 4508 diurna,
2839 4451 3113 4505 nocturna
3155 4458 3283 4498 vero
3313 4459 3427 4510 xiv,

1848 4542 1939 4591 inv
1978 4535 2101 4589 Kal.
2135 4536 2305 4604 Apr.;
2341 4533 2678 4601 Parasceve,
2724 4550 2812 4589 xw
2861 4543 3130 4590 nocturna
3151 4574 3165 4599 ,
3196 4550 3283 4588 xiv
3306 4533 3426 4589 Kal.

1847 4620 2011 4697 Apr.;
2038 4625 2370 4691 Sabbatum,
2399 4643 2463 4682 xv
2492 4636 2761 4682 nocturna
2786 4668 2803 4694 ,
2840 4642 2916 4681 ιιι
2964 4625 3084 4681 Kal.
3132 4627 3299 4695 Apr.;
3331 4626 3427 4682 de-

1848 4733 1996 4772 mum
2050 4718 2328 4774 Dominica
2358 4720 2476 4775 dies
2504 4719 2704 4784 iiluxit,
2749 4733 2873 4789 qua:
2922 4719 3160 4783 inferos,
3191 4726 3425 4780 terram,

1844 4818 2007 4881 atque
2040 4813 2239 4866 caelum
2281 4827 2378 4867 sua
2410 4811 2531 4867 luce
2574 4811 2953 4876 collustravit,
2994 4819 3215 4880 propter
3242 4811 3424 4863 lunam

1845 4918 1915 4956 xv
1941 4898 2183 4973 solisque
2213 4918 2456 4958 cursum.
2483 4902 2621 4957 Tum
2645 4900 2792 4972 quod
2825 4902 3160 4956 resurrectio
3186 4908 3239 4955 et
3262 4900 3424 4970 aequi-

1844 4995 2086 5048 noctium
2133 4995 2187 5049 in
2229 5010 2281 5050 a.
2331 4995 2386 5051 d.
2419 5011 2471 5050 τι
2506 4994 2626 5049 Kal.
2657 4994 2788 5064 Apr.
2818 4993 3091 5047 incidunt.
3122 4991 3333 5057 Quibus
3357 4990 3426 5047 de

1844 5085 2026 5140 causis
2059 5085 2397 5151 hallucinati,
2428 5102 2540 5141 uno
2563 5087 2652 5141 die
2692 5086 2994 5157 legitimum
3040 5093 3256 5151 tempus
3288 5098 3427 5154 prte-

1849 5179 2106 5248 tergressi
2143 5187 2304 5243 sunt,
2348 5189 2405 5234 ut
2451 5189 2579 5236 ante
2620 5179 2881 5235 diximus.
2921 5176 3230 5247 Supersunt
3276 5176 3423 5231 enim

1848 5285 1911 5325 ex
1938 5269 2154 5324 illorum
2179 5271 2485 5328 ratiociniis
2511 5273 2675 5327 horae
2701 5270 2911 5340 aliquot
2935 5267 3284 5339 appendices,
3303 5283 3424 5339 quae

1849 5362 2012 5417 tertio
2044 5376 2261 5433 quoque
2300 5377 2445 5418 anno
2472 5364 2577 5419 diei
2602 5362 2744 5435 apud
2781 5361 2905 5417 illos
2931 5360 3093 5415 unius
3127 5359 3423 5415 discrimen

2718 5545 2740 5578 ⁴
2780 5545 2914 5601 ibid.
2951 5544 3005 5603 8.
3088 5544 3109 5576 '
3147 5543 3280 5598 ibid.
3330 5541 3417 5596 14.
