  <div class='ocr_page' id='page_1' title='image "/cluster/home/n/w/nwhite01/storage/ocr_20150623/41/hvd.32044073501868/489.png"; bbox 0 0 4008 6078; ppageno 0'>
   <div class='ocr_carea' id='block_1_1' title="bbox 571 217 682 278">
    <p class='ocr_par' dir='ltr' id='par_1_1' title="bbox 571 217 682 278">
     <span class='ocr_line' id='line_1_1' title="bbox 571 217 682 278; baseline 0 0"><span class='ocrx_word' id='word_1_1' title='bbox 571 217 682 278; x_wconf 59' lang='lat'><strong>915</strong></span> 
     </span>
    </p>
   </div>
   <div class='ocr_carea' id='block_1_2' title="bbox 1955 215 2401 274">
    <p class='ocr_par' dir='ltr' id='par_1_2' title="bbox 1955 215 2401 274">
     <span class='ocr_line' id='line_1_2' title="bbox 1955 215 2401 274; baseline -0.002 -2"><span class='ocrx_word' id='word_1_2' title='bbox 1955 218 2016 274; x_wconf 86' lang='lat' dir='ltr'><strong>S.</strong></span> <span class='ocrx_word' id='word_1_3' title='bbox 2059 215 2401 274; x_wconf 74' lang='lat' dir='ltr'><strong>EPIPIIANII</strong></span> 
     </span>
    </p>
   </div>
   <div class='ocr_carea' id='block_1_3' title="bbox 3710 222 3805 280">
    <p class='ocr_par' dir='ltr' id='par_1_3' title="bbox 3710 222 3805 280">
     <span class='ocr_line' id='line_1_3' title="bbox 3710 222 3805 280; baseline 0 0"><span class='ocrx_word' id='word_1_4' title='bbox 3710 222 3805 280; x_wconf 76' lang='lat'><strong>936</strong></span> 
     </span>
    </p>
   </div>
   <div class='ocr_carea' id='block_1_4' title="bbox 570 330 2143 420">
    <p class='ocr_par' dir='ltr' id='par_1_4' title="bbox 570 330 2143 406">
     <span class='ocr_line' id='line_1_4' title="bbox 570 330 2143 406; baseline 0 -16"><span class='ocrx_word' id='word_1_5' title='bbox 570 335 824 393; x_wconf 64' lang='lat' dir='ltr'><strong>atterunt.</strong></span> <span class='ocrx_word' id='word_1_6' title='bbox 852 331 1061 405; x_wconf 82' lang='lat' dir='ltr'><strong>Quippe</strong></span> <span class='ocrx_word' id='word_1_7' title='bbox 1088 332 1337 393; x_wconf 80' lang='lat' dir='ltr'><strong>lunarem</strong></span> <span class='ocrx_word' id='word_1_8' title='bbox 1376 330 1443 387; x_wconf 87' lang='lat' dir='ltr'><strong>ad</strong></span> <span class='ocrx_word' id='word_1_9' title='bbox 1484 331 1706 386; x_wconf 88' lang='lat' dir='ltr'><strong>modum</strong></span> <span class='ocrx_word' id='word_1_10' title='bbox 1742 332 1909 406; x_wconf 61' lang='grc' dir='ltr'>αθ</span> <span class='ocrx_word' id='word_1_11' title='bbox 1949 341 2143 405; x_wconf 65' lang='lat' dir='ltr'><strong>praeter</strong></span> 
     </span>
    </p>
   </div>
   <div class='ocr_carea' id='block_1_5' title="bbox 2245 330 3805 420">
    <p class='ocr_par' dir='ltr' id='par_1_5' title="bbox 2252 333 3805 420">
     <span class='ocr_line' id='line_1_5' title="bbox 2252 333 3805 420; baseline 0.002 -30"><span class='ocrx_word' id='word_1_12' title='bbox 2252 352 2353 410; x_wconf 99' lang='grc' dir='ltr'><strong>ραν</strong></span> <span class='ocrx_word' id='word_1_13' title='bbox 2380 333 2670 405; x_wconf 81' lang='grc' dir='ltr'>ἐποίησαν,</span> <span class='ocrx_word' id='word_1_14' title='bbox 2704 333 2780 397; x_wconf 83' lang='grc' dir='ltr'>ὡς</span> <span class='ocrx_word' id='word_1_15' title='bbox 2821 334 3105 405; x_wconf 78' lang='grc' dir='ltr'>προεῖπον.</span> <span class='ocrx_word' id='word_1_16' title='bbox 3140 335 3294 406; x_wconf 83' lang='grc' dir='ltr'>Ἔχει</span> <span class='ocrx_word' id='word_1_17' title='bbox 3331 333 3388 389; x_wconf 85' lang='grc' dir='ltr'><strong>δέ</strong></span> <span class='ocrx_word' id='word_1_18' title='bbox 3436 333 3584 420; x_wconf 79' lang='grc' dir='ltr'>ὥρας</span> <span class='ocrx_word' id='word_1_19' title='bbox 3617 338 3751 405; x_wconf 72' lang='grc' dir='ltr'>τινας</span> <span class='ocrx_word' id='word_1_20' title='bbox 3778 340 3805 412; x_wconf 69' lang='grc' dir='ltr'><strong>ἡ</strong></span> 
     </span>
    </p>
   </div>
   <div class='ocr_carea' id='block_1_6' title="bbox 570 424 2147 499">
    <p class='ocr_par' dir='ltr' id='par_1_6' title="bbox 570 424 2147 499">
     <span class='ocr_line' id='line_1_6' title="bbox 570 424 2147 499; baseline 0.002 -18"><span class='ocrx_word' id='word_1_21' title='bbox 570 439 757 481; x_wconf 80' lang='lat' dir='ltr'><strong>cccuv</strong></span> <span class='ocrx_word' id='word_1_22' title='bbox 776 426 915 487; x_wconf 86' lang='lat' dir='ltr'><strong>dies,</strong></span> <span class='ocrx_word' id='word_1_23' title='bbox 943 426 1106 480; x_wconf 90' lang='lat' dir='ltr'><strong>horas</strong></span> <span class='ocrx_word' id='word_1_24' title='bbox 1136 424 1360 495; x_wconf 87' lang='lat' dir='ltr'><strong>insuper</strong></span> <span class='ocrx_word' id='word_1_25' title='bbox 1384 434 1683 494; x_wconf 79' lang='lat' dir='ltr'><strong>quaternas</strong></span> <span class='ocrx_word' id='word_1_26' title='bbox 1711 426 1998 495; x_wconf 78' lang='lat' dir='ltr'><strong>adjiciunt,</strong></span> <span class='ocrx_word' id='word_1_27' title='bbox 2027 444 2147 499; x_wconf 70' lang='lat' dir='ltr'><strong>quae</strong></span> 
     </span>
    </p>
   </div>
   <div class='ocr_carea' id='block_1_7' title="bbox 572 516 2157 589">
    <p class='ocr_par' dir='ltr' id='par_1_7' title="bbox 572 516 2157 589">
     <span class='ocr_line' id='line_1_7' title="bbox 572 516 2157 589; baseline 0.002 -16"><span class='ocrx_word' id='word_1_28' title='bbox 572 518 807 589; x_wconf 77' lang='lat' dir='ltr'><strong>singulis</strong></span> <span class='ocrx_word' id='word_1_29' title='bbox 835 516 1091 572; x_wconf 87' lang='lat' dir='ltr'><strong>trienniis</strong></span> <span class='ocrx_word' id='word_1_30' title='bbox 1130 516 1273 571; x_wconf 90' lang='lat' dir='ltr'><strong>diem</strong></span> <span class='ocrx_word' id='word_1_31' title='bbox 1315 516 1588 587; x_wconf 81' lang='lat' dir='ltr'><strong>integrum</strong></span> <span class='ocrx_word' id='word_1_32' title='bbox 1632 518 1950 574; x_wconf 73' lang='lat' dir='ltr'><strong>coniiciunt.</strong></span> <span class='ocrx_word' id='word_1_33' title='bbox 1988 520 2071 577; x_wconf 89' lang='lat' dir='ltr'><strong>0b</strong></span> <span class='ocrx_word' id='word_1_34' title='bbox 2100 521 2157 576; x_wconf 88' lang='lat' dir='ltr'><strong>id</strong></span> 
     </span>
    </p>
   </div>
   <div class='ocr_carea' id='block_1_8' title="bbox 572 609 2158 683">
    <p class='ocr_par' dir='ltr' id='par_1_8' title="bbox 572 609 2158 683">
     <span class='ocr_line' id='line_1_8' title="bbox 572 609 2158 683; baseline 0.003 -20"><span class='ocrx_word' id='word_1_35' title='bbox 572 612 698 663; x_wconf 87' lang='lat' dir='ltr'><strong>anni</strong></span> <span class='ocrx_word' id='word_1_36' title='bbox 735 625 825 662; x_wconf 80' lang='lat' dir='ltr'><strong>xiv</strong></span> <span class='ocrx_word' id='word_1_37' title='bbox 869 623 1084 664; x_wconf 85' lang='lat' dir='ltr'><strong>menses</strong></span> <span class='ocrx_word' id='word_1_38' title='bbox 1129 609 1412 678; x_wconf 87' lang='lat' dir='ltr'><strong>postulant</strong></span> <span class='ocrx_word' id='word_1_39' title='bbox 1441 610 1800 666; x_wconf 90' lang='lat' dir='ltr'><strong>intercalares</strong></span> <span class='ocrx_word' id='word_1_40' title='bbox 1821 627 1886 673; x_wconf 76' lang='grc' dir='ltr'><strong>ν,</strong></span> <span class='ocrx_word' id='word_1_41' title='bbox 1916 628 1984 668; x_wconf 90' lang='lat' dir='ltr'><strong>eo</strong></span> <span class='ocrx_word' id='word_1_42' title='bbox 2009 612 2158 683; x_wconf 88' lang='lat' dir='ltr'><strong>quod</strong></span> 
     </span>
    </p>
   </div>
   <div class='ocr_carea' id='block_1_9' title="bbox 570 700 2149 771">
    <p class='ocr_par' dir='ltr' id='par_1_9' title="bbox 570 700 2149 771">
     <span class='ocr_line' id='line_1_9' title="bbox 570 700 2149 771; baseline 0.003 -17"><span class='ocrx_word' id='word_1_43' title='bbox 570 700 638 754; x_wconf 87' lang='lat' dir='ltr'><strong>de</strong></span> <span class='ocrx_word' id='word_1_44' title='bbox 663 700 795 755; x_wconf 91' lang='lat' dir='ltr'><strong>solis</strong></span> <span class='ocrx_word' id='word_1_45' title='bbox 821 714 1012 763; x_wconf 88' lang='lat' dir='ltr'><strong>cursu,</strong></span> <span class='ocrx_word' id='word_1_46' title='bbox 1030 701 1121 771; x_wconf 86' lang='lat' dir='ltr'><strong>qui</strong></span> <span class='ocrx_word' id='word_1_47' title='bbox 1142 708 1228 756; x_wconf 86' lang='lat' dir='ltr'><strong>est</strong></span> <span class='ocrx_word' id='word_1_48' title='bbox 1252 700 1464 756; x_wconf 89' lang='lat' dir='ltr'><strong>dierum</strong></span> <span class='ocrx_word' id='word_1_49' title='bbox 1496 718 1695 758; x_wconf 68' lang='lat' dir='ltr'><strong>ccccxv</strong></span> <span class='ocrx_word' id='word_1_50' title='bbox 1719 717 1843 758; x_wconf 87' lang='lat' dir='ltr'><strong>cum</strong></span> <span class='ocrx_word' id='word_1_51' title='bbox 1874 704 2028 759; x_wconf 83' lang='lat' dir='ltr'><strong>horis</strong></span> <span class='ocrx_word' id='word_1_52' title='bbox 2060 721 2149 768; x_wconf 88' lang='grc' dir='ltr'>ιιι,</span> 
     </span>
    </p>
   </div>
   <div class='ocr_carea' id='block_1_10' title="bbox 572 792 2161 864">
    <p class='ocr_par' dir='ltr' id='par_1_10' title="bbox 572 792 2161 864">
     <span class='ocr_line' id='line_1_10' title="bbox 572 792 2161 864; baseline 0.006 -20"><span class='ocrx_word' id='word_1_53' title='bbox 572 806 734 844; x_wconf 86' lang='lat' dir='ltr'><strong>unam</strong></span> <span class='ocrx_word' id='word_1_54' title='bbox 781 792 968 846; x_wconf 87' lang='lat' dir='ltr'><strong>horam</strong></span> <span class='ocrx_word' id='word_1_55' title='bbox 1015 795 1333 864; x_wconf 89' lang='lat' dir='ltr'><strong>decerpunt.</strong></span> <span class='ocrx_word' id='word_1_56' title='bbox 1386 792 1520 849; x_wconf 86' lang='lat' dir='ltr'><strong>Nam</strong></span> <span class='ocrx_word' id='word_1_57' title='bbox 1552 795 1705 849; x_wconf 91' lang='lat' dir='ltr'><strong>horis</strong></span> <span class='ocrx_word' id='word_1_58' title='bbox 1745 795 1985 857; x_wconf 82' lang='lat' dir='ltr'><strong>additis,</strong></span> <span class='ocrx_word' id='word_1_59' title='bbox 2023 796 2161 856; x_wconf 87' lang='lat' dir='ltr'><strong>tlunt</strong></span> 
     </span>
    </p>
   </div>
   <div class='ocr_carea' id='block_1_11' title="bbox 569 879 2156 946">
    <p class='ocr_par' dir='ltr' id='par_1_11' title="bbox 569 879 2156 946">
     <span class='ocr_line' id='line_1_11' title="bbox 569 879 2156 946; baseline 0.003 -11"><span class='ocrx_word' id='word_1_60' title='bbox 569 879 766 935; x_wconf 89' lang='lat' dir='ltr'><strong>deinde</strong></span> <span class='ocrx_word' id='word_1_61' title='bbox 795 896 1001 937; x_wconf 81' lang='lat' dir='ltr'><strong>cccuv</strong></span> <span class='ocrx_word' id='word_1_62' title='bbox 1032 882 1171 946; x_wconf 89' lang='lat' dir='ltr'><strong>dies,</strong></span> <span class='ocrx_word' id='word_1_63' title='bbox 1216 898 1320 937; x_wconf 87' lang='lat' dir='ltr'><strong>una</strong></span> <span class='ocrx_word' id='word_1_64' title='bbox 1351 883 1485 938; x_wconf 85' lang='lat' dir='ltr'><strong>hora</strong></span> <span class='ocrx_word' id='word_1_65' title='bbox 1520 884 1726 938; x_wconf 90' lang='lat' dir='ltr'><strong>minus.</strong></span> <span class='ocrx_word' id='word_1_66' title='bbox 1758 882 1913 939; x_wconf 88' lang='lat' dir='ltr'><strong>Unde</strong></span> <span class='ocrx_word' id='word_1_67' title='bbox 1945 885 2022 939; x_wconf 87' lang='lat' dir='ltr'><strong>illi</strong></span> <span class='ocrx_word' id='word_1_68' title='bbox 2065 901 2156 941; x_wconf 79' lang='grc' dir='ltr'>ιιιν</span> 
     </span>
    </p>
   </div>
   <div class='ocr_carea' id='block_1_12' title="bbox 565 973 2155 1043">
    <p class='ocr_par' dir='ltr' id='par_1_12' title="bbox 565 973 2155 1043">
     <span class='ocr_line' id='line_1_12' title="bbox 565 973 2155 1043; baseline 0.001 -14"><span class='ocrx_word' id='word_1_69' title='bbox 565 973 730 1031; x_wconf 80' lang='lat' dir='ltr'><strong>annis</strong></span> <span class='ocrx_word' id='word_1_70' title='bbox 760 974 939 1028; x_wconf 78' lang='lat' dir='ltr'><strong>sexies</strong></span> <span class='ocrx_word' id='word_1_71' title='bbox 976 974 1378 1043; x_wconf 70' lang='lat' dir='ltr'><strong>multiplicatis,</strong></span> <span class='ocrx_word' id='word_1_72' title='bbox 1408 984 1467 1030; x_wconf 86' lang='lat' dir='ltr'><strong>ut</strong></span> <span class='ocrx_word' id='word_1_73' title='bbox 1494 991 1695 1030; x_wconf 79' lang='lat' dir='ltr'><strong>Lxxxtv</strong></span> <span class='ocrx_word' id='word_1_74' title='bbox 1745 977 1875 1030; x_wconf 90' lang='lat' dir='ltr'><strong>anni</strong></span> <span class='ocrx_word' id='word_1_75' title='bbox 1917 991 2155 1033; x_wconf 76' lang='lat' dir='ltr'><strong>consur—</strong></span> 
     </span>
    </p>
   </div>
   <div class='ocr_carea' id='block_1_13' title="bbox 564 1064 2158 1137">
    <p class='ocr_par' dir='ltr' id='par_1_13' title="bbox 564 1064 2158 1137">
     <span class='ocr_line' id='line_1_13' title="bbox 564 1064 2158 1137; baseline 0.002 -19"><span class='ocrx_word' id='word_1_76' title='bbox 564 1076 718 1136; x_wconf 80' lang='lat' dir='ltr'><strong>gant,</strong></span> <span class='ocrx_word' id='word_1_77' title='bbox 774 1080 921 1121; x_wconf 84' lang='lat' dir='ltr'><strong>anno</strong></span> <span class='ocrx_word' id='word_1_78' title='bbox 950 1080 1127 1121; x_wconf 76' lang='lat' dir='ltr'><strong>Lxxxv</strong></span> <span class='ocrx_word' id='word_1_79' title='bbox 1159 1080 1403 1119; x_wconf 90' lang='lat' dir='ltr'><strong>mensem</strong></span> <span class='ocrx_word' id='word_1_80' title='bbox 1442 1079 1609 1119; x_wconf 89' lang='lat' dir='ltr'><strong>unum</strong></span> <span class='ocrx_word' id='word_1_81' title='bbox 1643 1064 1972 1119; x_wconf 90' lang='lat' dir='ltr'><strong>intercalant</strong></span> <span class='ocrx_word' id='word_1_82' title='bbox 2008 1081 2158 1137; x_wconf 91' lang='lat' dir='ltr'><strong>:quo</strong></span> 
     </span>
    </p>
   </div>
   <div class='ocr_carea' id='block_1_14' title="bbox 567 1152 2157 1222">
    <p class='ocr_par' dir='ltr' id='par_1_14' title="bbox 567 1152 2157 1222">
     <span class='ocr_line' id='line_1_14' title="bbox 567 1152 2157 1222; baseline 0 -10"><span class='ocrx_word' id='word_1_83' title='bbox 567 1159 623 1212; x_wconf 80' lang='lat' dir='ltr'><strong>tit</strong></span> <span class='ocrx_word' id='word_1_84' title='bbox 651 1168 711 1213; x_wconf 89' lang='lat' dir='ltr'><strong>ut</strong></span> <span class='ocrx_word' id='word_1_85' title='bbox 778 1176 954 1213; x_wconf 73' lang='lat' dir='ltr'><strong>Lxxxv</strong></span> <span class='ocrx_word' id='word_1_86' title='bbox 1003 1152 1128 1213; x_wconf 87' lang='lat' dir='ltr'><strong>anni</strong></span> <span class='ocrx_word' id='word_1_87' title='bbox 1171 1172 1297 1212; x_wconf 70' lang='lat' dir='ltr'><strong>xxx:</strong></span> <span class='ocrx_word' id='word_1_88' title='bbox 1345 1171 1563 1211; x_wconf 80' lang='lat' dir='ltr'><strong>menses</strong></span> <span class='ocrx_word' id='word_1_89' title='bbox 1612 1156 1981 1222; x_wconf 77' lang='lat' dir='ltr'><strong>exhauriant;</strong></span> <span class='ocrx_word' id='word_1_90' title='bbox 2031 1173 2157 1212; x_wconf 89' lang='lat' dir='ltr'><strong>cum</strong></span> 
     </span>
    </p>
   </div>
   <div class='ocr_carea' id='block_1_15' title="bbox 564 1246 2160 1321">
    <p class='ocr_par' dir='ltr' id='par_1_15' title="bbox 564 1246 2160 1321">
     <span class='ocr_line' id='line_1_15' title="bbox 564 1246 2160 1321; baseline 0.001 -20"><span class='ocrx_word' id='word_1_91' title='bbox 564 1258 821 1305; x_wconf 87' lang='lat' dir='ltr'><strong>accurata</strong></span> <span class='ocrx_word' id='word_1_92' title='bbox 867 1251 1007 1304; x_wconf 83' lang='lat' dir='ltr'><strong>ratio</strong></span> <span class='ocrx_word' id='word_1_93' title='bbox 1059 1260 1257 1321; x_wconf 68' lang='lat' dir='ltr'><strong>praster</strong></span> <span class='ocrx_word' id='word_1_94' title='bbox 1295 1263 1514 1306; x_wconf 80' lang='lat' dir='ltr'><strong>menses</strong></span> <span class='ocrx_word' id='word_1_95' title='bbox 1555 1263 1697 1312; x_wconf 81' lang='lat' dir='ltr'><strong>xxx,</strong></span> <span class='ocrx_word' id='word_1_96' title='bbox 1734 1246 1851 1302; x_wconf 88' lang='lat' dir='ltr'><strong>dies</strong></span> <span class='ocrx_word' id='word_1_97' title='bbox 1896 1255 2160 1317; x_wconf 72' lang='lat' dir='ltr'><strong>praeterea</strong></span> 
     </span>
    </p>
   </div>
   <div class='ocr_carea' id='block_1_16' title="bbox 564 1342 1453 1413">
    <p class='ocr_par' dir='ltr' id='par_1_16' title="bbox 564 1342 1453 1413">
     <span class='ocr_line' id='line_1_16' title="bbox 564 1342 1453 1413; baseline 0.004 -20"><span class='ocrx_word' id='word_1_98' title='bbox 564 1357 722 1405; x_wconf 80' lang='lat' dir='ltr'><strong>xxiv,</strong></span> <span class='ocrx_word' id='word_1_99' title='bbox 748 1356 812 1396; x_wconf 90' lang='lat' dir='ltr'><strong>ac</strong></span> <span class='ocrx_word' id='word_1_100' title='bbox 839 1349 950 1398; x_wconf 91' lang='lat' dir='ltr'><strong>tres</strong></span> <span class='ocrx_word' id='word_1_101' title='bbox 976 1342 1140 1398; x_wconf 84' lang='lat' dir='ltr'><strong>horas</strong></span> <span class='ocrx_word' id='word_1_102' title='bbox 1192 1344 1453 1413; x_wconf 86' lang='lat' dir='ltr'><strong>requirat.</strong></span> 
     </span>
    </p>
   </div>
   <div class='ocr_carea' id='block_1_17' title="bbox 2253 425 3808 501">
    <p class='ocr_par' dir='ltr' id='par_1_17' title="bbox 2253 425 3808 501">
     <span class='ocr_line' id='line_1_17' title="bbox 2253 425 3808 501; baseline 0.005 -25"><span class='ocrx_word' id='word_1_103' title='bbox 2253 426 2432 497; x_wconf 77' lang='grc' dir='ltr'>ψῆφος</span> <span class='ocrx_word' id='word_1_104' title='bbox 2452 425 2552 496; x_wconf 83' lang='grc' dir='ltr'>τῆς</span> <span class='ocrx_word' id='word_1_105' title='bbox 2570 425 2921 493; x_wconf 81' lang='grc' dir='ltr'>λεπτολογίας</span> <span class='ocrx_word' id='word_1_106' title='bbox 2968 426 3092 496; x_wconf 72' lang='grc' dir='ltr'>ἥτις</span> <span class='ocrx_word' id='word_1_107' title='bbox 3112 426 3376 495; x_wconf 82' lang='grc' dir='ltr'>ἐμπίπτει</span> <span class='ocrx_word' id='word_1_108' title='bbox 3396 427 3484 482; x_wconf 80' lang='grc' dir='ltr'><strong>διὰ</strong></span> <span class='ocrx_word' id='word_1_109' title='bbox 3506 428 3638 482; x_wconf 81' lang='grc' dir='ltr'>ἐτῶν</span> <span class='ocrx_word' id='word_1_110' title='bbox 3662 432 3808 501; x_wconf 72' lang='grc' dir='ltr'>τριιῖιν</span> 
     </span>
    </p>
   </div>
   <div class='ocr_carea' id='block_1_18' title="bbox 2254 513 3807 590">
    <p class='ocr_par' dir='ltr' id='par_1_18' title="bbox 2254 513 3807 590">
     <span class='ocr_line' id='line_1_18' title="bbox 2254 513 3807 590; baseline 0.005 -22"><span class='ocrx_word' id='word_1_111' title='bbox 2254 514 2386 586; x_wconf 76' lang='grc' dir='ltr'>παρ’</span> <span class='ocrx_word' id='word_1_112' title='bbox 2414 513 2599 577; x_wconf 79' lang='grc' dir='ltr'>αὐτοῖς</span> <span class='ocrx_word' id='word_1_113' title='bbox 2618 513 3030 585; x_wconf 78' lang='grc' dir='ltr'>διαφωνουμένη</span> <span class='ocrx_word' id='word_1_114' title='bbox 3056 516 3090 585; x_wconf 81' lang='grc' dir='ltr'>ἡ</span> <span class='ocrx_word' id='word_1_115' title='bbox 3126 515 3221 585; x_wconf 98' lang='grc' dir='ltr'><strong>μία</strong></span> <span class='ocrx_word' id='word_1_116' title='bbox 3245 515 3453 588; x_wconf 77' lang='grc' dir='ltr'>ἡμέρα.</span> <span class='ocrx_word' id='word_1_117' title='bbox 3480 518 3807 590; x_wconf 59' lang='grc' dir='ltr'>Πρω-τιθέασι</span> 
     </span>
    </p>
   </div>
   <div class='ocr_carea' id='block_1_19' title="bbox 2253 605 3799 683">
    <p class='ocr_par' dir='ltr' id='par_1_19' title="bbox 2253 605 3799 683">
     <span class='ocr_line' id='line_1_19' title="bbox 2253 605 3799 683; baseline 0.003 -22"><span class='ocrx_word' id='word_1_118' title='bbox 2253 606 2364 678; x_wconf 81' lang='grc' dir='ltr'><strong>γὰρ</strong></span> <span class='ocrx_word' id='word_1_119' title='bbox 2392 606 2470 677; x_wconf 85' lang='grc' dir='ltr'>τῷ</span> <span class='ocrx_word' id='word_1_120' title='bbox 2495 605 2799 677; x_wconf 87' lang='grc' dir='ltr'>σεληνιακῷ</span> <span class='ocrx_word' id='word_1_121' title='bbox 2813 606 2999 678; x_wconf 86' lang='grc' dir='ltr'>δρόμῳ</span> <span class='ocrx_word' id='word_1_122' title='bbox 3032 608 3170 677; x_wconf 87' lang='grc' dir='ltr'><strong>μετά</strong></span> <span class='ocrx_word' id='word_1_123' title='bbox 3186 607 3284 671; x_wconf 77' lang='grc' dir='ltr'><strong>τὰς</strong></span> <span class='ocrx_word' id='word_1_124' title='bbox 3294 611 3611 679; x_wconf 72' lang='grc' dir='ltr'><strong>τριακοσίας</strong></span> <span class='ocrx_word' id='word_1_125' title='bbox 3634 629 3799 683; x_wconf 75' lang='grc' dir='ltr'>πεντη-</span> 
     </span>
    </p>
   </div>
   <div class='ocr_carea' id='block_1_20' title="bbox 2257 696 3808 768">
    <p class='ocr_par' dir='ltr' id='par_1_20' title="bbox 2257 696 3808 768">
     <span class='ocr_line' id='line_1_20' title="bbox 2257 696 3808 768; baseline -0.006 -16"><span class='ocrx_word' id='word_1_126' title='bbox 2257 696 2699 768; x_wconf 86' lang='grc' dir='ltr'>κοντατέσσαρας</span> <span class='ocrx_word' id='word_1_127' title='bbox 2744 696 2957 768; x_wconf 81' lang='grc' dir='ltr'>ἡμέρας</span> <span class='ocrx_word' id='word_1_128' title='bbox 2997 697 3092 749; x_wconf 63' lang='grc' dir='ltr'><strong>καὶ⁸</strong></span> <span class='ocrx_word' id='word_1_129' title='bbox 3123 696 3289 762; x_wconf 78' lang='grc' dir='ltr'>ἄλλας</span> <span class='ocrx_word' id='word_1_130' title='bbox 3326 699 3448 752; x_wconf 83' lang='grc' dir='ltr'>κατ’</span> <span class='ocrx_word' id='word_1_131' title='bbox 3482 698 3599 765; x_wconf 75' lang='grc' dir='ltr'>ἔτος</span> <span class='ocrx_word' id='word_1_132' title='bbox 3646 701 3808 756; x_wconf 67' lang='grc' dir='ltr'><strong>τέσσα.</strong></span> 
     </span>
    </p>
   </div>
   <div class='ocr_carea' id='block_1_21' title="bbox 2262 783 3806 865">
    <p class='ocr_par' dir='ltr' id='par_1_21' title="bbox 2262 783 3806 865">
     <span class='ocr_line' id='line_1_21' title="bbox 2262 783 3806 865; baseline 0.002 -22"><span class='ocrx_word' id='word_1_133' title='bbox 2262 807 2361 862; x_wconf 83' lang='grc' dir='ltr'><strong>ρας</strong></span> <span class='ocrx_word' id='word_1_134' title='bbox 2386 789 2533 862; x_wconf 82' lang='grc' dir='ltr'>ὥρας</span> <span class='ocrx_word' id='word_1_135' title='bbox 2557 805 2571 820; x_wconf 80' lang='grc'><em>’</em></span> <span class='ocrx_word' id='word_1_136' title='bbox 2615 788 2692 852; x_wconf 86' lang='grc' dir='ltr'>ὡς</span> <span class='ocrx_word' id='word_1_137' title='bbox 2734 783 2872 841; x_wconf 87' lang='grc' dir='ltr'>εἶναι</span> <span class='ocrx_word' id='word_1_138' title='bbox 2905 790 2986 853; x_wconf 85' lang='grc' dir='ltr'><strong>εἰς</strong></span> <span class='ocrx_word' id='word_1_139' title='bbox 3018 788 3088 842; x_wconf 80' lang='grc' dir='ltr'>τὰ</span> <span class='ocrx_word' id='word_1_140' title='bbox 3122 790 3249 861; x_wconf 88' lang='grc' dir='ltr'>τρία</span> <span class='ocrx_word' id='word_1_141' title='bbox 3293 789 3388 860; x_wconf 74' lang='grc' dir='ltr'>ἔτη</span> <span class='ocrx_word' id='word_1_142' title='bbox 3426 792 3639 863; x_wconf 80' lang='grc' dir='ltr'><strong>ἡμέραν</strong></span> <span class='ocrx_word' id='word_1_143' title='bbox 3679 793 3806 865; x_wconf 84' lang='grc' dir='ltr'>μίαν.</span> 
     </span>
    </p>
   </div>
   <div class='ocr_carea' id='block_1_22' title="bbox 2256 876 3810 952">
    <p class='ocr_par' dir='ltr' id='par_1_22' title="bbox 2256 876 3810 952">
     <span class='ocr_line' id='line_1_22' title="bbox 2256 876 3810 952; baseline 0.002 -20"><span class='ocrx_word' id='word_1_144' title='bbox 2256 879 2347 932; x_wconf 83' lang='grc' dir='ltr'><strong>Διὸ</strong></span> <span class='ocrx_word' id='word_1_145' title='bbox 2372 879 2501 947; x_wconf 78' lang='grc' dir='ltr'>παρ’</span> <span class='ocrx_word' id='word_1_146' title='bbox 2529 877 2715 941; x_wconf 81' lang='grc' dir='ltr'>αὐτοῖς</span> <span class='ocrx_word' id='word_1_147' title='bbox 2742 876 2904 931; x_wconf 84' lang='grc' dir='ltr'>πέντε</span> <span class='ocrx_word' id='word_1_148' title='bbox 2945 876 3115 946; x_wconf 80' lang='grc' dir='ltr'>μῆνες</span> <span class='ocrx_word' id='word_1_149' title='bbox 3138 876 3418 933; x_wconf 78' lang='grc' dir='ltr'>τελοῦνται</span> <span class='ocrx_word' id='word_1_150' title='bbox 3441 879 3714 952; x_wconf 81' lang='grc' dir='ltr'>ἐμϐόλιμοι</span> <span class='ocrx_word' id='word_1_151' title='bbox 3743 885 3810 945; x_wconf 80' lang='grc' dir='ltr'><strong>εἰς</strong></span> 
     </span>
    </p>
   </div>
   <div class='ocr_carea' id='block_1_23' title="bbox 2256 968 3811 1044">
    <p class='ocr_par' dir='ltr' id='par_1_23' title="bbox 2256 968 3811 1044">
     <span class='ocr_line' id='line_1_23' title="bbox 2256 968 3811 1044; baseline 0.002 -21"><span class='ocrx_word' id='word_1_152' title='bbox 2256 969 2349 1040; x_wconf 75' lang='grc' dir='ltr'><strong>ἐτη</strong></span> <span class='ocrx_word' id='word_1_153' title='bbox 2379 969 2776 1040; x_wconf 77' lang='grc' dir='ltr'><strong>δεκατέσσαρα,</strong></span> <span class='ocrx_word' id='word_1_154' title='bbox 2818 968 2906 1022; x_wconf 73' lang='grc' dir='ltr'><strong>διὰ</strong></span> <span class='ocrx_word' id='word_1_155' title='bbox 2942 969 3004 1022; x_wconf 85' lang='grc' dir='ltr'><strong>τὺ</strong></span> <span class='ocrx_word' id='word_1_156' title='bbox 3043 968 3396 1041; x_wconf 81' lang='grc' dir='ltr'>ἀφαιρεῖσθαι</span> <span class='ocrx_word' id='word_1_157' title='bbox 3431 971 3540 1025; x_wconf 83' lang='grc' dir='ltr'>ἀπὸ</span> <span class='ocrx_word' id='word_1_158' title='bbox 3568 972 3656 1026; x_wconf 74' lang='grc' dir='ltr'><strong>τοῦ</strong></span> <span class='ocrx_word' id='word_1_159' title='bbox 3684 973 3811 1044; x_wconf 77' lang='grc' dir='ltr'>ἡλια-</span> 
     </span>
    </p>
   </div>
   <div class='ocr_carea' id='block_1_24' title="bbox 2256 1058 3811 1135">
    <p class='ocr_par' dir='ltr' id='par_1_24' title="bbox 2256 1058 3811 1135">
     <span class='ocr_line' id='line_1_24' title="bbox 2256 1058 3811 1135; baseline 0 -19"><span class='ocrx_word' id='word_1_160' title='bbox 2256 1060 2356 1116; x_wconf 80' lang='grc' dir='ltr'><strong>κοῦ</strong></span> <span class='ocrx_word' id='word_1_161' title='bbox 2393 1061 2592 1131; x_wconf 83' lang='grc' dir='ltr'><strong>δρόμου</strong></span> <span class='ocrx_word' id='word_1_162' title='bbox 2619 1060 2730 1114; x_wconf 87' lang='grc' dir='ltr'><strong>τῶν</strong></span> <span class='ocrx_word' id='word_1_163' title='bbox 2762 1058 3093 1130; x_wconf 79' lang='grc' dir='ltr'><strong>τριακοσίων</strong></span> <span class='ocrx_word' id='word_1_164' title='bbox 3141 1060 3577 1135; x_wconf 77' lang='grc' dir='ltr'>ἐξηκονταπέντε</span> <span class='ocrx_word' id='word_1_165' title='bbox 3619 1065 3811 1134; x_wconf 76' lang='grc' dir='ltr'>ἡμερῶν</span> 
     </span>
    </p>
   </div>
   <div class='ocr_carea' id='block_1_25' title="bbox 2257 1149 3815 1226">
    <p class='ocr_par' dir='ltr' id='par_1_25' title="bbox 2257 1149 3815 1226">
     <span class='ocr_line' id='line_1_25' title="bbox 2257 1149 3815 1226; baseline 0.03 -19"><span class='ocrx_word' id='word_1_166' title='bbox 2257 1153 2354 1208; x_wconf 75' lang='grc' dir='ltr'>καὶ</span> <span class='ocrx_word' id='word_1_167' title='bbox 2393 1151 2551 1222; x_wconf 81' lang='grc' dir='ltr'>ὡρῶν</span> <span class='ocrx_word' id='word_1_168' title='bbox 2575 1151 2745 1223; x_wconf 79' lang='grc' dir='ltr'>τριῶν</span> <span class='ocrx_word' id='word_1_169' title='bbox 2787 1149 2884 1223; x_wconf 72' lang='grc' dir='ltr'><strong>τὴν</strong></span> <span class='ocrx_word' id='word_1_170' title='bbox 2928 1150 3056 1221; x_wconf 76' lang='grc' dir='ltr'>μίαν</span> <span class='ocrx_word' id='word_1_171' title='bbox 3091 1149 3261 1222; x_wconf 72' lang='grc' dir='ltr'>ὥραν·</span> <span class='ocrx_word' id='word_1_172' title='bbox 3306 1153 3692 1225; x_wconf 64' lang='grc' dir='ltr'><strong>Προσθεμένων</strong></span> <span class='ocrx_word' id='word_1_173' title='bbox 3717 1156 3815 1226; x_wconf 58' lang='grc' dir='ltr'><strong>γὰρ</strong></span> 
     </span>
    </p>
   </div>
   <div class='ocr_carea' id='block_1_26' title="bbox 2258 1238 3813 1314">
    <p class='ocr_par' dir='ltr' id='par_1_26' title="bbox 2258 1238 3813 1314">
     <span class='ocr_line' id='line_1_26' title="bbox 2258 1238 3813 1314; baseline -0.001 -16"><span class='ocrx_word' id='word_1_174' title='bbox 2258 1243 2365 1298; x_wconf 83' lang='grc' dir='ltr'><strong>τῶν</strong></span> <span class='ocrx_word' id='word_1_175' title='bbox 2398 1242 2579 1313; x_wconf 85' lang='grc' dir='ltr'>ὡρῶν,</span> <span class='ocrx_word' id='word_1_176' title='bbox 2628 1241 2816 1295; x_wconf 85' lang='grc' dir='ltr'>λοιπὸν</span> <span class='ocrx_word' id='word_1_177' title='bbox 2850 1240 3090 1309; x_wconf 87' lang='grc' dir='ltr'>γίνονται</span> <span class='ocrx_word' id='word_1_178' title='bbox 3120 1238 3225 1305; x_wconf 78' lang='grc' dir='ltr'>τξε¹</span> <span class='ocrx_word' id='word_1_179' title='bbox 3256 1242 3462 1312; x_wconf 71' lang='grc' dir='ltr'>ἡμέραι</span> <span class='ocrx_word' id='word_1_180' title='bbox 3496 1243 3647 1314; x_wconf 76' lang='grc' dir='ltr'>παρὰ</span> <span class='ocrx_word' id='word_1_181' title='bbox 3686 1243 3813 1314; x_wconf 78' lang='grc' dir='ltr'>ὤραν</span> 
     </span>
    </p>
   </div>
   <div class='ocr_carea' id='block_1_27' title="bbox 2261 1333 3816 1408">
    <p class='ocr_par' dir='ltr' id='par_1_27' title="bbox 2261 1333 3816 1408">
     <span class='ocr_line' id='line_1_27' title="bbox 2261 1333 3816 1408; baseline 0.001 -20"><span class='ocrx_word' id='word_1_182' title='bbox 2261 1336 2410 1408; x_wconf 80' lang='grc' dir='ltr'>μίαν.</span> <span class='ocrx_word' id='word_1_183' title='bbox 2442 1335 2606 1389; x_wconf 85' lang='grc' dir='ltr'>Ὅθεν</span> <span class='ocrx_word' id='word_1_184' title='bbox 2637 1334 2793 1389; x_wconf 75' lang='grc' dir='ltr'>αὐτοὶ</span> <span class='ocrx_word' id='word_1_185' title='bbox 2819 1333 3005 1400; x_wconf 75' lang='grc' dir='ltr'>ἑξάκις</span> <span class='ocrx_word' id='word_1_186' title='bbox 3032 1333 3576 1399; x_wconf 85' lang='grc' dir='ltr'>πολυπλασιάσαντες</span> <span class='ocrx_word' id='word_1_187' title='bbox 3596 1334 3662 1388; x_wconf 83' lang='grc' dir='ltr'>τὰ</span> <span class='ocrx_word' id='word_1_188' title='bbox 3681 1335 3816 1389; x_wconf 79' lang='grc' dir='ltr'>δεκα-</span> 
     </span>
    </p>
   </div>
   <div class='ocr_carea' id='block_1_28' title="bbox 563 1432 3816 1529">
    <p class='ocr_par' dir='ltr' id='par_1_28' title="bbox 563 1432 3816 1529">
     <span class='ocr_line' id='line_1_28' title="bbox 563 1432 3816 1529; baseline -0.002 -17"><span class='ocrx_word' id='word_1_189' title='bbox 563 1454 805 1525; x_wconf 77' lang='grc' dir='ltr'>τέσσαρα</span> <span class='ocrx_word' id='word_1_190' title='bbox 852 1455 947 1526; x_wconf 72' lang='grc' dir='ltr'><strong>ἐτη</strong></span> <span class='ocrx_word' id='word_1_191' title='bbox 998 1454 1092 1509; x_wconf 85' lang='grc' dir='ltr'>τοῦ</span> <span class='ocrx_word' id='word_1_192' title='bbox 1142 1456 1498 1529; x_wconf 56' lang='grc' dir='ltr'>ὀγδοηκοποῦ</span> <span class='ocrx_word' id='word_1_193' title='bbox 1531 1456 1796 1529; x_wconf 76' lang='grc' dir='ltr'><strong>τετάρτου</strong></span> <span class='ocrx_word' id='word_1_194' title='bbox 1833 1454 2010 1518; x_wconf 71' lang='grc' dir='ltr'>ἔτους.</span> <span class='ocrx_word' id='word_1_195' title='bbox 2052 1454 2110 1507; x_wconf 85' lang='grc' dir='ltr'><strong>ἐν</strong></span> <span class='ocrx_word' id='word_1_196' title='bbox 2156 1451 2234 1523; x_wconf 84' lang='grc' dir='ltr'>τῷ</span> <span class='ocrx_word' id='word_1_197' title='bbox 2270 1449 2613 1522; x_wconf 75' lang='grc' dir='ltr'>ὀγδοηκοστῷ</span> <span class='ocrx_word' id='word_1_198' title='bbox 2650 1432 2891 1521; x_wconf 65' lang='grc' dir='ltr'>πέμπτῳ</span> <span class='ocrx_word' id='word_1_199' title='bbox 2933 1448 3176 1502; x_wconf 81' lang='grc' dir='ltr'><strong>τιθέασιν</strong></span> <span class='ocrx_word' id='word_1_200' title='bbox 3204 1447 3500 1519; x_wconf 81' lang='grc' dir='ltr'>ἐμϐόλιμον</span> <span class='ocrx_word' id='word_1_201' title='bbox 3541 1447 3637 1501; x_wconf 74' lang='grc' dir='ltr'><strong>ενα</strong></span> <span class='ocrx_word' id='word_1_202' title='bbox 3672 1447 3816 1519; x_wconf 73' lang='grc' dir='ltr'>μῆνα,</span> 
     </span>
    </p>
   </div>
   <div class='ocr_carea' id='block_1_29' title="bbox 562 1534 3824 1620">
    <p class='ocr_par' dir='ltr' id='par_1_29' title="bbox 562 1534 3824 1620">
     <span class='ocr_line' id='line_1_29' title="bbox 562 1534 3824 1620; baseline -0.002 -20"><span class='ocrx_word' id='word_1_203' title='bbox 562 1547 644 1610; x_wconf 89' lang='grc' dir='ltr'><strong>εἰς</strong></span> <span class='ocrx_word' id='word_1_204' title='bbox 682 1545 743 1600; x_wconf 80' lang='grc' dir='ltr'>τὸ</span> <span class='ocrx_word' id='word_1_205' title='bbox 782 1542 927 1601; x_wconf 73' lang='grc' dir='ltr'><strong>εἶναί</strong></span> <span class='ocrx_word' id='word_1_206' title='bbox 966 1548 1366 1619; x_wconf 84' lang='grc' dir='ltr'>τριάκοντακαί</span> <span class='ocrx_word' id='word_1_207' title='bbox 1395 1548 1490 1602; x_wconf 75' lang='grc' dir='ltr'>ἕνα</span> <span class='ocrx_word' id='word_1_208' title='bbox 1511 1549 1655 1620; x_wconf 80' lang='grc' dir='ltr'>μῆνα</span> <span class='ocrx_word' id='word_1_209' title='bbox 1699 1550 1780 1613; x_wconf 82' lang='grc' dir='ltr'><strong>εἰς</strong></span> <span class='ocrx_word' id='word_1_210' title='bbox 1809 1548 1879 1603; x_wconf 85' lang='grc' dir='ltr'>τὰ</span> <span class='ocrx_word' id='word_1_211' title='bbox 1940 1544 2269 1619; x_wconf 77' lang='grc' dir='ltr'>ὁγδοήκοντα</span> <span class='ocrx_word' id='word_1_212' title='bbox 2321 1543 2419 1596; x_wconf 73' lang='grc' dir='ltr'>καὶ</span> <span class='ocrx_word' id='word_1_213' title='bbox 2469 1542 2629 1595; x_wconf 82' lang='grc' dir='ltr'>πέντε</span> <span class='ocrx_word' id='word_1_214' title='bbox 2667 1541 2786 1614; x_wconf 71' lang='grc' dir='ltr'>ἐτη,</span> <span class='ocrx_word' id='word_1_215' title='bbox 2814 1541 3013 1603; x_wconf 83' lang='grc' dir='ltr'>οἵτινες</span> <span class='ocrx_word' id='word_1_216' title='bbox 3064 1538 3294 1607; x_wconf 81' lang='grc' dir='ltr'>ὤφειλον</span> <span class='ocrx_word' id='word_1_217' title='bbox 3347 1534 3523 1591; x_wconf 74' lang='grc' dir='ltr'>εἶναι·</span> <span class='ocrx_word' id='word_1_218' title='bbox 3554 1538 3694 1593; x_wconf 86' lang='grc' dir='ltr'><strong>κατά</strong></span> <span class='ocrx_word' id='word_1_219' title='bbox 3736 1538 3824 1608; x_wconf 73' lang='grc' dir='ltr'>τὴν</span> 
     </span>
    </p>
   </div>
   <div class='ocr_carea' id='block_1_30' title="bbox 559 1631 2804 1716">
    <p class='ocr_par' dir='ltr' id='par_1_30' title="bbox 559 1631 2804 1716">
     <span class='ocr_line' id='line_1_30' title="bbox 559 1631 2804 1716; baseline -0.003 -20"><span class='ocrx_word' id='word_1_220' title='bbox 559 1641 848 1714; x_wconf 91' lang='grc' dir='ltr'>ἀκρίϐειαν</span> <span class='ocrx_word' id='word_1_221' title='bbox 885 1645 1262 1713; x_wconf 86' lang='grc' dir='ltr'>τριακονταεῖς</span> <span class='ocrx_word' id='word_1_222' title='bbox 1296 1642 1426 1713; x_wconf 80' lang='grc' dir='ltr'>μὴν,</span> <span class='ocrx_word' id='word_1_223' title='bbox 1474 1643 1570 1696; x_wconf 83' lang='grc' dir='ltr'>καὶ</span> <span class='ocrx_word' id='word_1_224' title='bbox 1602 1643 2044 1716; x_wconf 77' lang='grc' dir='ltr'>εἰκοσιτέσσαρες</span> <span class='ocrx_word' id='word_1_225' title='bbox 2094 1638 2323 1715; x_wconf 74' lang='grc' dir='ltr'>ἡμέραι,</span> <span class='ocrx_word' id='word_1_226' title='bbox 2346 1639 2441 1692; x_wconf 76' lang='grc' dir='ltr'>καὶ</span> <span class='ocrx_word' id='word_1_227' title='bbox 2460 1631 2599 1707; x_wconf 80' lang='grc' dir='ltr'>ὧραι</span> <span class='ocrx_word' id='word_1_228' title='bbox 2631 1640 2804 1707; x_wconf 74' lang='grc' dir='ltr'>τρεῖς.</span> 
     </span>
    </p>
   </div>
   <div class='ocr_carea' id='block_1_31' title="bbox 631 1751 2143 1827">
    <p class='ocr_par' dir='ltr' id='par_1_31' title="bbox 631 1758 2143 1827">
     <span class='ocr_line' id='line_1_31' title="bbox 631 1758 2143 1827; baseline 0.001 -14"><span class='ocrx_word' id='word_1_229' title='bbox 631 1758 847 1814; x_wconf 79' lang='lat' dir='ltr'><strong>XXVII.</strong></span> <span class='ocrx_word' id='word_1_230' title='bbox 892 1761 1023 1826; x_wconf 70' lang='lat' dir='ltr'><strong>Qua:</strong></span> <span class='ocrx_word' id='word_1_231' title='bbox 1057 1776 1183 1814; x_wconf 83' lang='lat' dir='ltr'><strong>cum</strong></span> <span class='ocrx_word' id='word_1_232' title='bbox 1230 1760 1339 1817; x_wconf 90' lang='lat' dir='ltr'><strong>illis</strong></span> <span class='ocrx_word' id='word_1_233' title='bbox 1375 1760 1665 1816; x_wconf 89' lang='lat' dir='ltr'><strong>aberraudi</strong></span> <span class='ocrx_word' id='word_1_234' title='bbox 1711 1776 1882 1817; x_wconf 86' lang='lat' dir='ltr'><strong>causa</strong></span> <span class='ocrx_word' id='word_1_235' title='bbox 1929 1761 2143 1827; x_wconf 80' lang='lat' dir='ltr'><strong>luisset,</strong></span> 
     </span>
    </p>
   </div>
   <div class='ocr_carea' id='block_1_32' title="bbox 2245 1751 3826 1827">
    <p class='ocr_par' dir='ltr' id='par_1_32' title="bbox 2324 1751 3826 1823">
     <span class='ocr_line' id='line_1_32' title="bbox 2324 1751 3826 1823; baseline -0.009 -6"><span class='ocrx_word' id='word_1_236' title='bbox 2324 1760 2446 1816; x_wconf 82' lang='lat' dir='ltr'><strong>KZ&#39;.</strong></span> <span class='ocrx_word' id='word_1_237' title='bbox 2488 1756 2716 1814; x_wconf 84' lang='grc' dir='ltr'>Ἕνεκεν</span> <span class='ocrx_word' id='word_1_238' title='bbox 2736 1753 2918 1808; x_wconf 82' lang='grc' dir='ltr'>τοίνυν</span> <span class='ocrx_word' id='word_1_239' title='bbox 2943 1754 3134 1807; x_wconf 85' lang='grc' dir='ltr'>τούτου</span> <span class='ocrx_word' id='word_1_240' title='bbox 3163 1753 3284 1807; x_wconf 88' lang='grc' dir='ltr'>τότε</span> <span class='ocrx_word' id='word_1_241' title='bbox 3308 1751 3631 1823; x_wconf 75' lang='grc' dir='ltr'>σφαλέντες,</span> <span class='ocrx_word' id='word_1_242' title='bbox 3658 1752 3716 1805; x_wconf 80' lang='grc' dir='ltr'>οὐ</span> <span class='ocrx_word' id='word_1_243' title='bbox 3743 1753 3826 1823; x_wconf 76' lang='grc' dir='ltr'>μό-</span> 
     </span>
    </p>
   </div>
   <div class='ocr_carea' id='block_1_33' title="bbox 561 1851 2149 1925">
    <p class='ocr_par' dir='ltr' id='par_1_33' title="bbox 561 1851 2149 1925">
     <span class='ocr_line' id='line_1_33' title="bbox 561 1851 2149 1925; baseline 0.003 -20"><span class='ocrx_word' id='word_1_244' title='bbox 561 1866 672 1905; x_wconf 84' lang='grc' dir='ltr'>ιιοιι</span> <span class='ocrx_word' id='word_1_245' title='bbox 703 1851 867 1905; x_wconf 91' lang='lat' dir='ltr'><strong>modo</strong></span> <span class='ocrx_word' id='word_1_246' title='bbox 912 1852 1301 1921; x_wconf 88' lang='lat' dir='ltr'><strong>perturbantes</strong></span> <span class='ocrx_word' id='word_1_247' title='bbox 1358 1852 1566 1917; x_wconf 86' lang='lat' dir='ltr'><strong>omnia,</strong></span> <span class='ocrx_word' id='word_1_248' title='bbox 1621 1852 1791 1909; x_wconf 86' lang='lat' dir='ltr'><strong>biduo</strong></span> <span class='ocrx_word' id='word_1_249' title='bbox 1847 1853 2149 1925; x_wconf 86' lang='lat' dir='ltr'><strong>legitimum</strong></span> 
     </span>
    </p>
   </div>
   <div class='ocr_carea' id='block_1_34' title="bbox 561 1939 2150 2013">
    <p class='ocr_par' dir='ltr' id='par_1_34' title="bbox 561 1939 2150 2013">
     <span class='ocr_line' id='line_1_34' title="bbox 561 1939 2150 2013; baseline 0.004 -19"><span class='ocrx_word' id='word_1_250' title='bbox 561 1939 848 1997; x_wconf 82' lang='lat' dir='ltr'><strong>Paschalis</strong></span> <span class='ocrx_word' id='word_1_251' title='bbox 888 1948 1102 2013; x_wconf 81' lang='lat' dir='ltr'><strong>tempus</strong></span> <span class='ocrx_word' id='word_1_252' title='bbox 1133 1950 1568 2011; x_wconf 88' lang='lat' dir='ltr'><strong>anteverterunt,</strong></span> <span class='ocrx_word' id='word_1_253' title='bbox 1614 1944 1710 2001; x_wconf 89' lang='lat' dir='ltr'><strong>sed</strong></span> <span class='ocrx_word' id='word_1_254' title='bbox 1749 1952 1805 2000; x_wconf 90' lang='lat' dir='ltr'><strong>et</strong></span> <span class='ocrx_word' id='word_1_255' title='bbox 1840 1960 1949 2001; x_wconf 91' lang='lat' dir='ltr'><strong>uno</strong></span> <span class='ocrx_word' id='word_1_256' title='bbox 1992 1947 2150 2000; x_wconf 89' lang='lat' dir='ltr'><strong>insu-</strong></span> 
     </span>
    </p>
   </div>
   <div class='ocr_carea' id='block_1_35' title="bbox 560 2032 2149 2108">
    <p class='ocr_par' dir='ltr' id='par_1_35' title="bbox 560 2032 2149 2108">
     <span class='ocr_line' id='line_1_35' title="bbox 560 2032 2149 2108; baseline 0.002 -21"><span class='ocrx_word' id='word_1_257' title='bbox 560 2048 659 2107; x_wconf 87' lang='lat' dir='ltr'><strong>per</strong></span> <span class='ocrx_word' id='word_1_258' title='bbox 682 2032 772 2087; x_wconf 84' lang='lat' dir='ltr'><strong>die</strong></span> <span class='ocrx_word' id='word_1_259' title='bbox 795 2033 1194 2105; x_wconf 64' lang='lat' dir='ltr'><strong>prmtergressi,</strong></span> <span class='ocrx_word' id='word_1_260' title='bbox 1230 2034 1443 2108; x_wconf 86' lang='lat' dir='ltr'><strong>magnis</strong></span> <span class='ocrx_word' id='word_1_261' title='bbox 1478 2050 1538 2091; x_wconf 90' lang='lat' dir='ltr'><strong>se</strong></span> <span class='ocrx_word' id='word_1_262' title='bbox 1576 2036 1863 2092; x_wconf 89' lang='lat' dir='ltr'><strong>erroribus</strong></span> <span class='ocrx_word' id='word_1_263' title='bbox 1896 2036 2149 2107; x_wconf 88' lang='lat' dir='ltr'><strong>implica-</strong></span> 
     </span>
    </p>
   </div>
   <div class='ocr_carea' id='block_1_36' title="bbox 563 2114 2150 2197">
    <p class='ocr_par' dir='ltr' id='par_1_36' title="bbox 563 2114 2150 2197">
     <span class='ocr_line' id='line_1_36' title="bbox 563 2114 2150 2197; baseline 0.003 -19"><span class='ocrx_word' id='word_1_264' title='bbox 563 2131 712 2178; x_wconf 87' lang='lat' dir='ltr'><strong>runt.</strong></span> <span class='ocrx_word' id='word_1_265' title='bbox 759 2123 867 2179; x_wconf 83' lang='lat' dir='ltr'><strong>Sed</strong></span> <span class='ocrx_word' id='word_1_266' title='bbox 916 2125 1163 2181; x_wconf 81' lang='lat' dir='ltr'><strong>veritatis</strong></span> <span class='ocrx_word' id='word_1_267' title='bbox 1197 2127 1433 2197; x_wconf 89' lang='lat' dir='ltr'><strong>sapienti</strong></span> <span class='ocrx_word' id='word_1_268' title='bbox 1485 2114 1724 2197; x_wconf 85' lang='lat' dir='ltr'><strong>quadam</strong></span> <span class='ocrx_word' id='word_1_269' title='bbox 1772 2127 2150 2196; x_wconf 78' lang='lat' dir='ltr'><strong>moderatione</strong></span> 
     </span>
    </p>
   </div>
   <div class='ocr_carea' id='block_1_37' title="bbox 563 2213 2147 2286">
    <p class='ocr_par' dir='ltr' id='par_1_37' title="bbox 563 2213 2147 2286">
     <span class='ocr_line' id='line_1_37' title="bbox 563 2213 2147 2286; baseline 0.003 -19"><span class='ocrx_word' id='word_1_270' title='bbox 563 2213 769 2270; x_wconf 82' lang='lat' dir='ltr'><strong>factum</strong></span> <span class='ocrx_word' id='word_1_271' title='bbox 824 2223 912 2270; x_wconf 90' lang='lat' dir='ltr'><strong>est</strong></span> <span class='ocrx_word' id='word_1_272' title='bbox 955 2223 1014 2269; x_wconf 90' lang='lat' dir='ltr'><strong>ut</strong></span> <span class='ocrx_word' id='word_1_273' title='bbox 1045 2230 1208 2286; x_wconf 88' lang='lat' dir='ltr'><strong>quam</strong></span> <span class='ocrx_word' id='word_1_274' title='bbox 1256 2216 1612 2273; x_wconf 85' lang='lat' dir='ltr'><strong>exactissima</strong></span> <span class='ocrx_word' id='word_1_275' title='bbox 1655 2215 1725 2272; x_wconf 91' lang='lat' dir='ltr'><strong>ad</strong></span> <span class='ocrx_word' id='word_1_276' title='bbox 1765 2216 1999 2272; x_wconf 80' lang='lat' dir='ltr'><strong>salutem</strong></span> <span class='ocrx_word' id='word_1_277' title='bbox 2047 2231 2147 2272; x_wconf 88' lang='lat' dir='ltr'><strong>no—</strong></span> 
     </span>
    </p>
   </div>
   <div class='ocr_carea' id='block_1_38' title="bbox 563 2305 2147 2379">
    <p class='ocr_par' dir='ltr' id='par_1_38' title="bbox 563 2305 2147 2379">
     <span class='ocr_line' id='line_1_38' title="bbox 563 2305 2147 2379; baseline 0 -17"><span class='ocrx_word' id='word_1_278' title='bbox 563 2314 736 2362; x_wconf 88' lang='lat' dir='ltr'><strong>stram</strong></span> <span class='ocrx_word' id='word_1_279' title='bbox 772 2305 1111 2362; x_wconf 83' lang='lat' dir='ltr'><strong>referrentur</strong></span> <span class='ocrx_word' id='word_1_280' title='bbox 1151 2307 1431 2363; x_wconf 87' lang='lat' dir='ltr'><strong>universa.</strong></span> <span class='ocrx_word' id='word_1_281' title='bbox 1471 2306 1654 2375; x_wconf 86' lang='lat' dir='ltr'><strong>Quare</strong></span> <span class='ocrx_word' id='word_1_282' title='bbox 1696 2315 1820 2379; x_wconf 89' lang='lat' dir='ltr'><strong>post</strong></span> <span class='ocrx_word' id='word_1_283' title='bbox 1863 2314 2147 2379; x_wconf 89' lang='lat' dir='ltr'><strong>peractum</strong></span> 
     </span>
    </p>
   </div>
   <div class='ocr_carea' id='block_1_39' title="bbox 561 2395 2147 2461">
    <p class='ocr_par' dir='ltr' id='par_1_39' title="bbox 561 2395 2147 2461">
     <span class='ocr_line' id='line_1_39' title="bbox 561 2395 2147 2461; baseline 0.001 -10"><span class='ocrx_word' id='word_1_284' title='bbox 561 2395 795 2461; x_wconf 86' lang='lat' dir='ltr'><strong>Pascha,</strong></span> <span class='ocrx_word' id='word_1_285' title='bbox 868 2395 1117 2451; x_wconf 80' lang='lat' dir='ltr'><strong>Salvator</strong></span> <span class='ocrx_word' id='word_1_286' title='bbox 1176 2396 1230 2451; x_wconf 93' lang='lat' dir='ltr'><strong>in</strong></span> <span class='ocrx_word' id='word_1_287' title='bbox 1278 2403 1519 2451; x_wconf 88' lang='lat' dir='ltr'><strong>montem</strong></span> <span class='ocrx_word' id='word_1_288' title='bbox 1572 2395 1820 2457; x_wconf 87' lang='lat' dir='ltr'><strong>secessit,</strong></span> <span class='ocrx_word' id='word_1_289' title='bbox 1864 2411 1989 2450; x_wconf 90' lang='lat' dir='ltr'><strong>cum</strong></span> <span class='ocrx_word' id='word_1_290' title='bbox 2044 2395 2147 2453; x_wconf 85' lang='lat' dir='ltr'><strong>hoc</strong></span> 
     </span>
    </p>
   </div>
   <div class='ocr_carea' id='block_1_40' title="bbox 564 2481 2143 2556">
    <p class='ocr_par' dir='ltr' id='par_1_40' title="bbox 564 2481 2143 2556">
     <span class='ocr_line' id='line_1_40' title="bbox 564 2481 2143 2556; baseline -0.002 -18"><span class='ocrx_word' id='word_1_291' title='bbox 564 2485 743 2556; x_wconf 90' lang='lat' dir='ltr'><strong>ipsum</strong></span> <span class='ocrx_word' id='word_1_292' title='bbox 788 2485 996 2541; x_wconf 85' lang='lat' dir='ltr'><strong>Pascha</strong></span> <span class='ocrx_word' id='word_1_293' title='bbox 1033 2482 1384 2549; x_wconf 87' lang='lat' dir='ltr'><strong>comedisset,</strong></span> <span class='ocrx_word' id='word_1_294' title='bbox 1431 2481 1578 2554; x_wconf 89' lang='lat' dir='ltr'><strong>quod</strong></span> <span class='ocrx_word' id='word_1_295' title='bbox 1623 2481 1899 2537; x_wconf 88' lang='lat' dir='ltr'><strong>desiderio</strong></span> <span class='ocrx_word' id='word_1_296' title='bbox 1933 2481 2143 2536; x_wconf 88' lang='lat' dir='ltr'><strong>deside-</strong></span> 
     </span>
    </p>
   </div>
   <div class='ocr_carea' id='block_1_41' title="bbox 562 2569 2146 2631">
    <p class='ocr_par' dir='ltr' id='par_1_41' title="bbox 562 2569 2146 2631">
     <span class='ocr_line' id='line_1_41' title="bbox 562 2569 2146 2631; baseline -0.004 -2"><span class='ocrx_word' id='word_1_297' title='bbox 562 2589 719 2631; x_wconf 88' lang='lat' dir='ltr'><strong>rasse</strong></span> <span class='ocrx_word' id='word_1_298' title='bbox 748 2589 807 2630; x_wconf 93' lang='lat' dir='ltr'><strong>se</strong></span> <span class='ocrx_word' id='word_1_299' title='bbox 832 2573 966 2629; x_wconf 87' lang='lat' dir='ltr'><strong>dicit</strong></span> <span class='ocrx_word' id='word_1_300' title='bbox 988 2575 1029 2629; x_wconf 90' lang='grc'><strong>¹.</strong></span> <span class='ocrx_word' id='word_1_301' title='bbox 1058 2572 1295 2629; x_wconf 89' lang='lat' dir='ltr'><strong>Proinde</strong></span> <span class='ocrx_word' id='word_1_302' title='bbox 1318 2572 1529 2627; x_wconf 87' lang='lat' dir='ltr'><strong>Pascha</strong></span> <span class='ocrx_word' id='word_1_303' title='bbox 1560 2571 1673 2626; x_wconf 89' lang='lat' dir='ltr'><strong>illic</strong></span> <span class='ocrx_word' id='word_1_304' title='bbox 1701 2569 1992 2625; x_wconf 66' lang='lat' dir='ltr'><strong>Iudaicum</strong></span> <span class='ocrx_word' id='word_1_305' title='bbox 2020 2585 2146 2625; x_wconf 88' lang='lat' dir='ltr'><strong>cum</strong></span> 
     </span>
    </p>
   </div>
   <div class='ocr_carea' id='block_1_42' title="bbox 563 2660 2147 2737">
    <p class='ocr_par' dir='ltr' id='par_1_42' title="bbox 563 2660 2147 2737">
     <span class='ocr_line' id='line_1_42' title="bbox 563 2660 2147 2737; baseline -0.003 -16"><span class='ocrx_word' id='word_1_306' title='bbox 563 2664 852 2737; x_wconf 85' lang='lat' dir='ltr'><strong>discipulis</strong></span> <span class='ocrx_word' id='word_1_307' title='bbox 894 2664 1168 2731; x_wconf 87' lang='lat' dir='ltr'><strong>comedit;</strong></span> <span class='ocrx_word' id='word_1_308' title='bbox 1206 2679 1308 2720; x_wconf 88' lang='lat' dir='ltr'><strong>nec</strong></span> <span class='ocrx_word' id='word_1_309' title='bbox 1341 2662 1500 2717; x_wconf 86' lang='lat' dir='ltr'><strong>aliter</strong></span> <span class='ocrx_word' id='word_1_310' title='bbox 1534 2662 1679 2718; x_wconf 90' lang='lat' dir='ltr'><strong>istud</strong></span> <span class='ocrx_word' id='word_1_311' title='bbox 1713 2662 1822 2733; x_wconf 87' lang='lat' dir='ltr'><strong>egit</strong></span> <span class='ocrx_word' id='word_1_312' title='bbox 1858 2662 2007 2732; x_wconf 89' lang='lat' dir='ltr'><strong>ipse,</strong></span> <span class='ocrx_word' id='word_1_313' title='bbox 2050 2660 2147 2717; x_wconf 87' lang='lat' dir='ltr'><strong>sed</strong></span> 
     </span>
    </p>
   </div>
   <div class='ocr_carea' id='block_1_43' title="bbox 562 2753 2147 2829">
    <p class='ocr_par' dir='ltr' id='par_1_43' title="bbox 562 2753 2147 2829">
     <span class='ocr_line' id='line_1_43' title="bbox 562 2753 2147 2829; baseline -0.003 -15"><span class='ocrx_word' id='word_1_314' title='bbox 562 2761 753 2814; x_wconf 89' lang='lat' dir='ltr'><strong>eodem</strong></span> <span class='ocrx_word' id='word_1_315' title='bbox 792 2773 1024 2829; x_wconf 86' lang='lat' dir='ltr'><strong>prorsus</strong></span> <span class='ocrx_word' id='word_1_316' title='bbox 1065 2756 1249 2821; x_wconf 90' lang='lat' dir='ltr'><strong>modo,</strong></span> <span class='ocrx_word' id='word_1_317' title='bbox 1280 2771 1391 2826; x_wconf 92' lang='lat' dir='ltr'><strong>quo</strong></span> <span class='ocrx_word' id='word_1_318' title='bbox 1448 2763 1502 2810; x_wconf 89' lang='lat' dir='ltr'><strong>et</strong></span> <span class='ocrx_word' id='word_1_319' title='bbox 1534 2756 1612 2809; x_wconf 91' lang='lat' dir='ltr'><strong>illi</strong></span> <span class='ocrx_word' id='word_1_320' title='bbox 1643 2753 2042 2824; x_wconf 66' lang='lat' dir='ltr'><strong>praestiterunt,</strong></span> <span class='ocrx_word' id='word_1_321' title='bbox 2088 2762 2147 2809; x_wconf 89' lang='lat' dir='ltr'><strong>ut</strong></span> 
     </span>
    </p>
   </div>
   <div class='ocr_carea' id='block_1_44' title="bbox 563 2831 2144 2920">
    <p class='ocr_par' dir='ltr' id='par_1_44' title="bbox 563 2831 2144 2920">
     <span class='ocr_line' id='line_1_44' title="bbox 563 2831 2144 2920; baseline -0.001 -18"><span class='ocrx_word' id='word_1_322' title='bbox 563 2865 632 2905; x_wconf 89' lang='grc' dir='ltr'><strong>ιιε</strong></span> <span class='ocrx_word' id='word_1_323' title='bbox 668 2850 828 2920; x_wconf 82' lang='lat' dir='ltr'><strong>legem</strong></span> <span class='ocrx_word' id='word_1_324' title='bbox 860 2831 1227 2913; x_wconf 34' lang='lat' dir='ltr'><strong>solveretfsed</strong></span> <span class='ocrx_word' id='word_1_325' title='bbox 1256 2845 1628 2914; x_wconf 78' lang='lat' dir='ltr'><strong>adimpleret&#39;.</strong></span> <span class='ocrx_word' id='word_1_326' title='bbox 1666 2843 1768 2898; x_wconf 79' lang='lat' dir='ltr'><strong>llic</strong></span> <span class='ocrx_word' id='word_1_327' title='bbox 1799 2845 1984 2914; x_wconf 83' lang='lat' dir='ltr'><strong>itaque</strong></span> <span class='ocrx_word' id='word_1_328' title='bbox 2019 2859 2144 2900; x_wconf 88' lang='lat' dir='ltr'><strong>cum</strong></span> 
     </span>
    </p>
   </div>
   <div class='ocr_carea' id='block_1_45' title="bbox 562 2936 2147 3008">
    <p class='ocr_par' dir='ltr' id='par_1_45' title="bbox 562 2936 2147 3008">
     <span class='ocr_line' id='line_1_45' title="bbox 562 2936 2147 3008; baseline -0.001 -14"><span class='ocrx_word' id='word_1_329' title='bbox 562 2940 843 2995; x_wconf 90' lang='lat' dir='ltr'><strong>tricesimo</strong></span> <span class='ocrx_word' id='word_1_330' title='bbox 876 2953 1021 2992; x_wconf 85' lang='lat' dir='ltr'><strong>anno</strong></span> <span class='ocrx_word' id='word_1_331' title='bbox 1046 2937 1160 3008; x_wconf 88' lang='lat' dir='ltr'><strong>jam</strong></span> <span class='ocrx_word' id='word_1_332' title='bbox 1192 2938 1381 3007; x_wconf 90' lang='lat' dir='ltr'><strong>elapso</strong></span> <span class='ocrx_word' id='word_1_333' title='bbox 1418 2936 1486 2990; x_wconf 89' lang='lat' dir='ltr'><strong>ad</strong></span> <span class='ocrx_word' id='word_1_334' title='bbox 1519 2937 1850 3007; x_wconf 85' lang='lat' dir='ltr'><strong>baptismum</strong></span> <span class='ocrx_word' id='word_1_335' title='bbox 1880 2937 2147 2992; x_wconf 83' lang='lat' dir='ltr'><strong>accessis-</strong></span> 
     </span>
    </p>
   </div>
   <div class='ocr_carea' id='block_1_46' title="bbox 560 3028 2141 3103">
    <p class='ocr_par' dir='ltr' id='par_1_46' title="bbox 560 3028 2141 3103">
     <span class='ocr_line' id='line_1_46' title="bbox 560 3028 2141 3103; baseline -0.002 -17"><span class='ocrx_word' id='word_1_336' title='bbox 560 3040 666 3097; x_wconf 87' lang='lat' dir='ltr'><strong>set,</strong></span> <span class='ocrx_word' id='word_1_337' title='bbox 715 3046 780 3087; x_wconf 87' lang='lat' dir='ltr'><strong>ac</strong></span> <span class='ocrx_word' id='word_1_338' title='bbox 813 3039 937 3103; x_wconf 90' lang='lat' dir='ltr'><strong>post</strong></span> <span class='ocrx_word' id='word_1_339' title='bbox 990 3029 1243 3086; x_wconf 88' lang='lat' dir='ltr'><strong>eumdem</strong></span> <span class='ocrx_word' id='word_1_340' title='bbox 1291 3029 1652 3095; x_wconf 88' lang='lat' dir='ltr'><strong>tricesimum,</strong></span> <span class='ocrx_word' id='word_1_341' title='bbox 1700 3028 1934 3084; x_wconf 88' lang='lat' dir='ltr'><strong>solidum</strong></span> <span class='ocrx_word' id='word_1_342' title='bbox 1986 3028 2141 3084; x_wconf 89' lang='lat' dir='ltr'><strong>illum</strong></span> 
     </span>
    </p>
   </div>
   <div class='ocr_carea' id='block_1_47' title="bbox 2256 1845 3825 1925">
    <p class='ocr_par' dir='ltr' id='par_1_47' title="bbox 2256 1845 3825 1925">
     <span class='ocr_line' id='line_1_47' title="bbox 2256 1845 3825 1925; baseline -0.005 -18"><span class='ocrx_word' id='word_1_343' title='bbox 2256 1870 2345 1907; x_wconf 88' lang='lat' dir='ltr'><strong>vov</strong></span> <span class='ocrx_word' id='word_1_344' title='bbox 2375 1850 2677 1925; x_wconf 84' lang='grc' dir='ltr'>προέλαϐον</span> <span class='ocrx_word' id='word_1_345' title='bbox 2707 1845 3121 1919; x_wconf 90' lang='grc' dir='ltr'>θορυϐούμενοι,</span> <span class='ocrx_word' id='word_1_346' title='bbox 3153 1845 3252 1911; x_wconf 85' lang='grc' dir='ltr'><strong>τὰς</strong></span> <span class='ocrx_word' id='word_1_347' title='bbox 3283 1846 3376 1900; x_wconf 86' lang='grc' dir='ltr'><strong>δύο</strong></span> <span class='ocrx_word' id='word_1_348' title='bbox 3388 1846 3610 1918; x_wconf 78' lang='grc' dir='ltr'>ἡμέρας</span> <span class='ocrx_word' id='word_1_349' title='bbox 3635 1846 3825 1917; x_wconf 82' lang='grc' dir='ltr'>βεϐρω-</span> 
     </span>
    </p>
   </div>
   <div class='ocr_carea' id='block_1_48' title="bbox 2249 1935 3827 2014">
    <p class='ocr_par' dir='ltr' id='par_1_48' title="bbox 2249 1935 3827 2014">
     <span class='ocr_line' id='line_1_48' title="bbox 2249 1935 3827 2014; baseline -0.006 -17"><span class='ocrx_word' id='word_1_350' title='bbox 2249 1944 2409 2008; x_wconf 90' lang='grc' dir='ltr'>κότες</span> <span class='ocrx_word' id='word_1_351' title='bbox 2439 1942 2503 1996; x_wconf 85' lang='grc' dir='ltr'>τὸ</span> <span class='ocrx_word' id='word_1_352' title='bbox 2530 1942 2741 2014; x_wconf 80' lang='grc' dir='ltr'><strong>Πάσχα,</strong></span> <span class='ocrx_word' id='word_1_353' title='bbox 2775 1935 2913 1991; x_wconf 86' lang='grc' dir='ltr'><strong>ἀλλά</strong></span> <span class='ocrx_word' id='word_1_354' title='bbox 2937 1940 3031 1992; x_wconf 81' lang='grc' dir='ltr'>καὶ</span> <span class='ocrx_word' id='word_1_355' title='bbox 3073 1937 3172 2009; x_wconf 82' lang='grc' dir='ltr'>τὴν</span> <span class='ocrx_word' id='word_1_356' title='bbox 3205 1936 3510 2008; x_wconf 80' lang='grc' dir='ltr'>ὑπέρϐατον</span> <span class='ocrx_word' id='word_1_357' title='bbox 3549 1937 3827 2009; x_wconf 78' lang='grc' dir='ltr'>προθέντες</span> 
     </span>
    </p>
   </div>
   <div class='ocr_carea' id='block_1_49' title="bbox 2253 2027 3824 2106">
    <p class='ocr_par' dir='ltr' id='par_1_49' title="bbox 2253 2027 3824 2106">
     <span class='ocr_line' id='line_1_49' title="bbox 2253 2027 3824 2106; baseline -0.003 -19"><span class='ocrx_word' id='word_1_358' title='bbox 2253 2035 2382 2106; x_wconf 88' lang='grc' dir='ltr'>μίαν</span> <span class='ocrx_word' id='word_1_359' title='bbox 2410 2033 2646 2105; x_wconf 74' lang='grc' dir='ltr'>ἡμέραν,</span> <span class='ocrx_word' id='word_1_360' title='bbox 2691 2027 2835 2086; x_wconf 87' lang='grc' dir='ltr'><strong>κατά</strong></span> <span class='ocrx_word' id='word_1_361' title='bbox 2869 2027 3049 2100; x_wconf 67' lang='grc' dir='ltr'>πάντα</span> <span class='ocrx_word' id='word_1_362' title='bbox 3073 2027 3272 2099; x_wconf 86' lang='grc' dir='ltr'>τρόπον</span> <span class='ocrx_word' id='word_1_363' title='bbox 3313 2027 3470 2082; x_wconf 78' lang='grc' dir='ltr'><strong>αὐτοὶ</strong></span> <span class='ocrx_word' id='word_1_364' title='bbox 3521 2029 3824 2099; x_wconf 82' lang='grc' dir='ltr'>σφαλέντες.</span> 
     </span>
    </p>
   </div>
   <div class='ocr_carea' id='block_1_50' title="bbox 2260 2115 3827 2193">
    <p class='ocr_par' dir='ltr' id='par_1_50' title="bbox 2260 2115 3827 2193">
     <span class='ocr_line' id='line_1_50' title="bbox 2260 2115 3827 2193; baseline -0.002 -18"><span class='ocrx_word' id='word_1_365' title='bbox 2260 2121 2325 2175; x_wconf 86' lang='grc' dir='ltr'><strong>Ἦ</strong></span> <span class='ocrx_word' id='word_1_366' title='bbox 2355 2120 2413 2175; x_wconf 73' lang='grc' dir='ltr'>δὲ</span> <span class='ocrx_word' id='word_1_367' title='bbox 2444 2121 2729 2193; x_wconf 83' lang='grc' dir='ltr'>οἰκονομία</span> <span class='ocrx_word' id='word_1_368' title='bbox 2757 2121 2857 2193; x_wconf 83' lang='grc' dir='ltr'>τῆς</span> <span class='ocrx_word' id='word_1_369' title='bbox 2882 2115 3140 2187; x_wconf 76' lang='grc' dir='ltr'><strong>ἀληθείας</strong></span> <span class='ocrx_word' id='word_1_370' title='bbox 3165 2115 3536 2187; x_wconf 86' lang='grc' dir='ltr'>ἀκριϐέστατα</span> <span class='ocrx_word' id='word_1_371' title='bbox 3559 2117 3628 2171; x_wconf 76' lang='grc' dir='ltr'>τὰ</span> <span class='ocrx_word' id='word_1_372' title='bbox 3665 2118 3827 2172; x_wconf 85' lang='grc' dir='ltr'>πάντα</span> 
     </span>
    </p>
   </div>
   <div class='ocr_carea' id='block_1_51' title="bbox 2249 2202 3829 2283">
    <p class='ocr_par' dir='ltr' id='par_1_51' title="bbox 2249 2202 3829 2283">
     <span class='ocr_line' id='line_1_51' title="bbox 2249 2202 3829 2283; baseline -0.005 -18"><span class='ocrx_word' id='word_1_373' title='bbox 2249 2213 2385 2283; x_wconf 74' lang='grc' dir='ltr'>ἡμῖν</span> <span class='ocrx_word' id='word_1_374' title='bbox 2420 2209 2778 2282; x_wconf 85' lang='grc' dir='ltr'>σωτηριωδῶς</span> <span class='ocrx_word' id='word_1_375' title='bbox 2811 2204 3130 2281; x_wconf 79' lang='grc' dir='ltr'>εἰργάσατο.</span> <span class='ocrx_word' id='word_1_376' title='bbox 3164 2202 3330 2257; x_wconf 84' lang='grc' dir='ltr'>Ὅθεν</span> <span class='ocrx_word' id='word_1_377' title='bbox 3354 2202 3449 2257; x_wconf 72' lang='grc' dir='ltr'><strong>καὶ</strong></span> <span class='ocrx_word' id='word_1_378' title='bbox 3487 2203 3656 2268; x_wconf 76' lang='grc' dir='ltr'>αὐτὸς</span> <span class='ocrx_word' id='word_1_379' title='bbox 3681 2206 3710 2257; x_wconf 84' lang='grc' dir='ltr'><strong>ό</strong></span> <span class='ocrx_word' id='word_1_380' title='bbox 3733 2204 3829 2256; x_wconf 86' lang='grc' dir='ltr'>Σιω-</span> 
     </span>
    </p>
   </div>
   <div class='ocr_carea' id='block_1_52' title="bbox 2248 2294 3827 2376">
    <p class='ocr_par' dir='ltr' id='par_1_52' title="bbox 2248 2294 3827 2376">
     <span class='ocr_line' id='line_1_52' title="bbox 2248 2294 3827 2376; baseline -0.009 -18"><span class='ocrx_word' id='word_1_381' title='bbox 2248 2304 2375 2376; x_wconf 83' lang='grc' dir='ltr'>τὴρ,</span> <span class='ocrx_word' id='word_1_382' title='bbox 2401 2302 2461 2357; x_wconf 80' lang='grc' dir='ltr'>τὸ</span> <span class='ocrx_word' id='word_1_383' title='bbox 2485 2302 2679 2372; x_wconf 79' lang='grc' dir='ltr'>Πάσχα</span> <span class='ocrx_word' id='word_1_384' title='bbox 2702 2300 3015 2368; x_wconf 80' lang='grc' dir='ltr'>τελειώσας,</span> <span class='ocrx_word' id='word_1_385' title='bbox 3059 2294 3284 2367; x_wconf 76' lang='grc' dir='ltr'>ἐξῆλθεν</span> <span class='ocrx_word' id='word_1_386' title='bbox 3324 2297 3404 2359; x_wconf 91' lang='grc' dir='ltr'><strong>εἰς</strong></span> <span class='ocrx_word' id='word_1_387' title='bbox 3438 2296 3500 2348; x_wconf 80' lang='grc' dir='ltr'>τὸ</span> <span class='ocrx_word' id='word_1_388' title='bbox 3544 2294 3671 2367; x_wconf 74' lang='grc' dir='ltr'>ὅρος</span> <span class='ocrx_word' id='word_1_389' title='bbox 3702 2297 3827 2367; x_wconf 72' lang='grc' dir='ltr'>μετὰ</span> 
     </span>
    </p>
   </div>
   <div class='ocr_carea' id='block_1_53' title="bbox 2246 2386 3829 2467">
    <p class='ocr_par' dir='ltr' id='par_1_53' title="bbox 2246 2386 3829 2467">
     <span class='ocr_line' id='line_1_53' title="bbox 2246 2386 3829 2467; baseline -0.006 -19"><span class='ocrx_word' id='word_1_390' title='bbox 2246 2394 2311 2448; x_wconf 82' lang='grc' dir='ltr'>τὸ</span> <span class='ocrx_word' id='word_1_391' title='bbox 2343 2393 2696 2467; x_wconf 81' lang='grc' dir='ltr'>βεϐρωκέναι,</span> <span class='ocrx_word' id='word_1_392' title='bbox 2738 2391 3004 2465; x_wconf 74' lang='grc' dir='ltr'>ἐπιθυμίᾳ</span> <span class='ocrx_word' id='word_1_393' title='bbox 3054 2386 3440 2465; x_wconf 80' lang='grc' dir='ltr'>ἐπιθυμήσας’</span> <span class='ocrx_word' id='word_1_394' title='bbox 3485 2387 3585 2442; x_wconf 63' lang='grc' dir='ltr'><strong>καί⁵</strong></span> <span class='ocrx_word' id='word_1_395' title='bbox 3630 2389 3748 2440; x_wconf 83' lang='grc' dir='ltr'>ἐκεῖ</span> <span class='ocrx_word' id='word_1_396' title='bbox 3776 2389 3829 2440; x_wconf 73' lang='grc' dir='ltr'>τὸ</span> 
     </span>
    </p>
   </div>
   <div class='ocr_carea' id='block_1_54' title="bbox 2249 2477 3829 2557">
    <p class='ocr_par' dir='ltr' id='par_1_54' title="bbox 2249 2477 3829 2557">
     <span class='ocr_line' id='line_1_54' title="bbox 2249 2477 3829 2557; baseline -0.006 -18"><span class='ocrx_word' id='word_1_397' title='bbox 2249 2484 2442 2556; x_wconf 80' lang='grc' dir='ltr'>Πάσχα</span> <span class='ocrx_word' id='word_1_398' title='bbox 2466 2483 2528 2536; x_wconf 80' lang='grc' dir='ltr'>τὸ</span> <span class='ocrx_word' id='word_1_399' title='bbox 2563 2482 2852 2537; x_wconf 80' lang='grc' dir='ltr'>Ἰουδαϊκὸν</span> <span class='ocrx_word' id='word_1_400' title='bbox 2877 2484 3017 2554; x_wconf 87' lang='grc' dir='ltr'><strong>μετά</strong></span> <span class='ocrx_word' id='word_1_401' title='bbox 3045 2482 3153 2536; x_wconf 83' lang='grc' dir='ltr'><strong>τῶν</strong></span> <span class='ocrx_word' id='word_1_402' title='bbox 3187 2483 3453 2556; x_wconf 80' lang='grc' dir='ltr'>μαθητῶν</span> <span class='ocrx_word' id='word_1_403' title='bbox 3480 2477 3710 2557; x_wconf 65' lang='grc' dir='ltr'>ἔφαγεν,</span> <span class='ocrx_word' id='word_1_404' title='bbox 3737 2479 3829 2531; x_wconf 75' lang='grc' dir='ltr'><strong>οὐκ</strong></span> 
     </span>
    </p>
   </div>
   <div class='ocr_carea' id='block_1_55' title="bbox 2247 2572 3828 2648">
    <p class='ocr_par' dir='ltr' id='par_1_55' title="bbox 2247 2572 3828 2648">
     <span class='ocr_line' id='line_1_55' title="bbox 2247 2572 3828 2648; baseline 0.004 -21"><span class='ocrx_word' id='word_1_405' title='bbox 2247 2574 2423 2640; x_wconf 76' lang='grc' dir='ltr'>ἄλλως</span> <span class='ocrx_word' id='word_1_406' title='bbox 2450 2576 2704 2647; x_wconf 86' lang='grc' dir='ltr'>ποιήσας,</span> <span class='ocrx_word' id='word_1_407' title='bbox 2737 2574 2872 2628; x_wconf 86' lang='grc' dir='ltr'><strong>άλλά</strong></span> <span class='ocrx_word' id='word_1_408' title='bbox 2900 2575 2995 2629; x_wconf 73' lang='grc' dir='ltr'>καὶ</span> <span class='ocrx_word' id='word_1_409' title='bbox 3026 2575 3189 2640; x_wconf 83' lang='grc' dir='ltr'>αὐτὸς</span> <span class='ocrx_word' id='word_1_410' title='bbox 3217 2577 3357 2648; x_wconf 85' lang='grc' dir='ltr'><strong>μετά</strong></span> <span class='ocrx_word' id='word_1_411' title='bbox 3398 2576 3507 2631; x_wconf 80' lang='grc' dir='ltr'><strong>τῶν</strong></span> <span class='ocrx_word' id='word_1_412' title='bbox 3536 2572 3828 2635; x_wconf 77' lang='grc' dir='ltr'>ποιούντων</span> 
     </span>
    </p>
   </div>
   <div class='ocr_carea' id='block_1_56' title="bbox 2250 2665 3829 2740">
    <p class='ocr_par' dir='ltr' id='par_1_56' title="bbox 2250 2665 3829 2740">
     <span class='ocr_line' id='line_1_56' title="bbox 2250 2665 3829 2740; baseline 0.006 -22"><span class='ocrx_word' id='word_1_413' title='bbox 2250 2665 2380 2731; x_wconf 70' lang='grc' dir='ltr'>ἴσως</span> <span class='ocrx_word' id='word_1_414' title='bbox 2413 2667 2647 2738; x_wconf 80' lang='grc' dir='ltr'>ποιήσας</span> <span class='ocrx_word' id='word_1_415' title='bbox 2666 2683 2678 2696; x_wconf 82' lang='lat'>&#39;</span> <span class='ocrx_word' id='word_1_416' title='bbox 2709 2666 2795 2720; x_wconf 82' lang='grc' dir='ltr'>ἵνα</span> <span class='ocrx_word' id='word_1_417' title='bbox 2824 2666 2900 2739; x_wconf 80' lang='grc' dir='ltr'>μὴ</span> <span class='ocrx_word' id='word_1_418' title='bbox 2932 2669 3247 2738; x_wconf 70' lang='grc' dir='ltr'>καταλύσῃ</span> <span class='ocrx_word' id='word_1_419' title='bbox 3284 2667 3392 2723; x_wconf 77' lang='grc' dir='ltr'><strong>τὸν</strong></span> <span class='ocrx_word' id='word_1_420' title='bbox 3427 2672 3646 2740; x_wconf 71' lang='grc' dir='ltr'>νόμον,</span> <span class='ocrx_word' id='word_1_421' title='bbox 3677 2672 3829 2728; x_wconf 72' lang='grc' dir='ltr'>ἀλλὰ</span> 
     </span>
    </p>
   </div>
   <div class='ocr_carea' id='block_1_57' title="bbox 2246 2751 3832 2833">
    <p class='ocr_par' dir='ltr' id='par_1_57' title="bbox 2246 2751 3832 2833">
     <span class='ocr_line' id='line_1_57' title="bbox 2246 2751 3832 2833; baseline 0.005 -23"><span class='ocrx_word' id='word_1_422' title='bbox 2246 2756 2561 2826; x_wconf 77' lang='grc' dir='ltr'><strong>πληρώσῃ.</strong></span> <span class='ocrx_word' id='word_1_423' title='bbox 2594 2756 2704 2811; x_wconf 76' lang='grc' dir='ltr'><strong>Καὶ</strong></span> <span class='ocrx_word' id='word_1_424' title='bbox 2730 2751 2885 2823; x_wconf 75' lang='grc' dir='ltr'>οὗτος</span> <span class='ocrx_word' id='word_1_425' title='bbox 2922 2759 3064 2829; x_wconf 84' lang='grc' dir='ltr'>μετὰ</span> <span class='ocrx_word' id='word_1_426' title='bbox 3093 2759 3153 2813; x_wconf 77' lang='grc' dir='ltr'>τὸ</span> <span class='ocrx_word' id='word_1_427' title='bbox 3177 2757 3474 2831; x_wconf 82' lang='grc' dir='ltr'>ὑπερϐῆναι</span> <span class='ocrx_word' id='word_1_428' title='bbox 3505 2765 3832 2833; x_wconf 69' lang='grc' dir='ltr'>τριακοστὸν</span> 
     </span>
    </p>
   </div>
   <div class='ocr_carea' id='block_1_58' title="bbox 2246 2848 3832 2922">
    <p class='ocr_par' dir='ltr' id='par_1_58' title="bbox 2246 2848 3832 2922">
     <span class='ocr_line' id='line_1_58' title="bbox 2246 2848 3832 2922; baseline 0.004 -21"><span class='ocrx_word' id='word_1_429' title='bbox 2246 2848 2389 2914; x_wconf 75' lang='grc' dir='ltr'>ἔτος,</span> <span class='ocrx_word' id='word_1_430' title='bbox 2419 2850 2508 2904; x_wconf 83' lang='grc' dir='ltr'>ὅτε</span> <span class='ocrx_word' id='word_1_431' title='bbox 2543 2848 2870 2922; x_wconf 80' lang='grc' dir='ltr'>ἐϐαπτίσθη,</span> <span class='ocrx_word' id='word_1_432' title='bbox 2917 2850 3011 2903; x_wconf 79' lang='grc' dir='ltr'>καὶ</span> <span class='ocrx_word' id='word_1_433' title='bbox 3063 2851 3203 2922; x_wconf 84' lang='grc' dir='ltr'>μετὰ</span> <span class='ocrx_word' id='word_1_434' title='bbox 3237 2852 3295 2905; x_wconf 88' lang='grc' dir='ltr'>τὸ</span> <span class='ocrx_word' id='word_1_435' title='bbox 3339 2853 3681 2922; x_wconf 81' lang='grc' dir='ltr'>τριακοστὸν</span> <span class='ocrx_word' id='word_1_436' title='bbox 3723 2854 3832 2919; x_wconf 72' lang='grc' dir='ltr'>ἔτος</span> 
     </span>
    </p>
   </div>
   <div class='ocr_carea' id='block_1_59' title="bbox 2246 2940 3834 3018">
    <p class='ocr_par' dir='ltr' id='par_1_59' title="bbox 2246 2940 3834 3018">
     <span class='ocr_line' id='line_1_59' title="bbox 2246 2940 3834 3018; baseline 0.002 -23"><span class='ocrx_word' id='word_1_437' title='bbox 2246 2940 2490 3014; x_wconf 79' lang='grc' dir='ltr'>κηρύξας</span> <span class='ocrx_word' id='word_1_438' title='bbox 2519 2942 2895 3014; x_wconf 79' lang='grc' dir='ltr'>πληρέστατον</span> <span class='ocrx_word' id='word_1_439' title='bbox 2937 2944 3183 2997; x_wconf 78' lang='grc' dir='ltr'>ἐνιαυτὸν</span> <span class='ocrx_word' id='word_1_440' title='bbox 3220 2942 3425 3007; x_wconf 69' lang='grc' dir='ltr'>δεκτόν,</span> <span class='ocrx_word' id='word_1_441' title='bbox 3452 2944 3555 2997; x_wconf 67' lang='grc' dir='ltr'>καὶ</span> <span class='ocrx_word' id='word_1_442' title='bbox 3584 2944 3666 3018; x_wconf 81' lang='grc' dir='ltr'>μὴ</span> <span class='ocrx_word' id='word_1_443' title='bbox 3694 2947 3834 3002; x_wconf 82' lang='grc' dir='ltr'>ἀντι-</span> 
     </span>
    </p>
   </div>
   <div class='ocr_carea' id='block_1_60' title="bbox 2246 3032 3833 3110">
    <p class='ocr_par' dir='ltr' id='par_1_60' title="bbox 2246 3032 3833 3110">
     <span class='ocr_line' id='line_1_60' title="bbox 2246 3032 3833 3110; baseline 0.004 -24"><span class='ocrx_word' id='word_1_444' title='bbox 2246 3032 2557 3105; x_wconf 83' lang='grc' dir='ltr'>λεγόμενον,</span> <span class='ocrx_word' id='word_1_445' title='bbox 2583 3035 2680 3088; x_wconf 71' lang='grc' dir='ltr'>καὶ</span> <span class='ocrx_word' id='word_1_446' title='bbox 2704 3034 2891 3105; x_wconf 68' lang='grc' dir='ltr'>ἕτερον</span> <span class='ocrx_word' id='word_1_447' title='bbox 2920 3034 3353 3107; x_wconf 79' lang='grc' dir='ltr'>ἀντιλεγόμενον,</span> <span class='ocrx_word' id='word_1_448' title='bbox 3383 3037 3479 3090; x_wconf 86' lang='grc' dir='ltr'><strong>καί</strong></span> <span class='ocrx_word' id='word_1_449' title='bbox 3515 3038 3576 3090; x_wconf 86' lang='grc' dir='ltr'><strong>ἐν</strong></span> <span class='ocrx_word' id='word_1_450' title='bbox 3608 3037 3833 3110; x_wconf 78' lang='grc' dir='ltr'>διωγμῷ</span> 
     </span>
    </p>
   </div>
   <div class='ocr_carea' id='block_1_61' title="bbox 560 3107 2143 3200">
    <p class='ocr_par' dir='ltr' id='par_1_61' title="bbox 560 3120 2139 3197">
     <span class='ocr_line' id='line_1_61' title="bbox 560 3120 2139 3197; baseline -0.004 -15"><span class='ocrx_word' id='word_1_451' title='bbox 560 3125 953 3197; x_wconf 89' lang='lat' dir='ltr'><strong>acceptabilem</strong></span> <span class='ocrx_word' id='word_1_452' title='bbox 1003 3123 1285 3194; x_wconf 88' lang='lat' dir='ltr'><strong>implesset</strong></span> <span class='ocrx_word' id='word_1_453' title='bbox 1324 3137 1551 3187; x_wconf 89' lang='lat' dir='ltr'><strong>annum,</strong></span> <span class='ocrx_word' id='word_1_454' title='bbox 1592 3120 2007 3177; x_wconf 83' lang='lat' dir='ltr'><strong>contradicente</strong></span> <span class='ocrx_word' id='word_1_455' title='bbox 2044 3136 2139 3176; x_wconf 86' lang='lat' dir='ltr'><strong>ne-</strong></span> 
     </span>
    </p>
   </div>
   <div class='ocr_carea' id='block_1_62' title="bbox 2245 3107 3832 3200">
    <p class='ocr_par' dir='ltr' id='par_1_62' title="bbox 2245 3107 3832 3200">
     <span class='ocr_line' id='line_1_62' title="bbox 2245 3107 3832 3200; baseline 0.003 -19"><span class='ocrx_word' id='word_1_456' title='bbox 2245 3128 2393 3194; x_wconf 79' lang='grc' dir='ltr'>ὖντα,</span> <span class='ocrx_word' id='word_1_457' title='bbox 2423 3128 2818 3200; x_wconf 86' lang='grc' dir='ltr'>ἐγκοτούμενόν</span> <span class='ocrx_word' id='word_1_458' title='bbox 2851 3145 2910 3181; x_wconf 90' lang='grc' dir='ltr'><strong>τε</strong></span> <span class='ocrx_word' id='word_1_459' title='bbox 2968 3130 3063 3182; x_wconf 78' lang='grc' dir='ltr'>καὶ</span> <span class='ocrx_word' id='word_1_460' title='bbox 3093 3131 3231 3200; x_wconf 84' lang='grc' dir='ltr'>μετὰ</span> <span class='ocrx_word' id='word_1_461' title='bbox 3269 3129 3360 3183; x_wconf 81' lang='grc' dir='ltr'>τὸν</span> <span class='ocrx_word' id='word_1_462' title='bbox 3394 3129 3558 3183; x_wconf 83' lang='grc' dir='ltr'>ἄλλον</span> <span class='ocrx_word' id='word_1_463' title='bbox 3588 3107 3832 3187; x_wconf 75' lang='grc' dir='ltr'>ἐνιαυτὸν</span> 
     </span>
    </p>
   </div>
   <div class='ocr_carea' id='block_1_63' title="bbox 560 3214 2139 3284">
    <p class='ocr_par' dir='ltr' id='par_1_63' title="bbox 560 3214 2139 3284">
     <span class='ocr_line' id='line_1_63' title="bbox 560 3214 2139 3284; baseline -0.006 -7"><span class='ocrx_word' id='word_1_464' title='bbox 560 3223 726 3281; x_wconf 87' lang='lat' dir='ltr'><strong>mine.</strong></span> <span class='ocrx_word' id='word_1_465' title='bbox 761 3236 883 3275; x_wconf 81' lang='lat' dir='ltr'><strong>mox</strong></span> <span class='ocrx_word' id='word_1_466' title='bbox 925 3219 1157 3272; x_wconf 90' lang='lat' dir='ltr'><strong>alterum</strong></span> <span class='ocrx_word' id='word_1_467' title='bbox 1186 3214 1511 3278; x_wconf 87' lang='lat' dir='ltr'><strong>addidisset,</strong></span> <span class='ocrx_word' id='word_1_468' title='bbox 1551 3228 1659 3284; x_wconf 87' lang='lat' dir='ltr'><strong>quo</strong></span> <span class='ocrx_word' id='word_1_469' title='bbox 1690 3220 1745 3267; x_wconf 90' lang='lat' dir='ltr'><strong>et</strong></span> <span class='ocrx_word' id='word_1_470' title='bbox 1770 3221 2139 3284; x_wconf 79' lang='lat' dir='ltr'><strong>repugnantes</strong></span> 
     </span>
    </p>
   </div>
   <div class='ocr_carea' id='block_1_64' title="bbox 557 3303 2138 3380">
    <p class='ocr_par' dir='ltr' id='par_1_64' title="bbox 557 3303 2138 3380">
     <span class='ocr_line' id='line_1_64' title="bbox 557 3303 2138 3380; baseline -0.006 -13"><span class='ocrx_word' id='word_1_471' title='bbox 557 3310 775 3367; x_wconf 71' lang='lat' dir='ltr'><strong>Judmos</strong></span> <span class='ocrx_word' id='word_1_472' title='bbox 804 3317 1064 3380; x_wconf 82' lang='lat' dir='ltr'><strong>expertus</strong></span> <span class='ocrx_word' id='word_1_473' title='bbox 1098 3313 1205 3371; x_wconf 89' lang='lat' dir='ltr'><strong>est,</strong></span> <span class='ocrx_word' id='word_1_474' title='bbox 1241 3317 1295 3360; x_wconf 91' lang='lat' dir='ltr'><strong>et</strong></span> <span class='ocrx_word' id='word_1_475' title='bbox 1323 3319 1517 3359; x_wconf 90' lang='lat' dir='ltr'><strong>eorum</strong></span> <span class='ocrx_word' id='word_1_476' title='bbox 1553 3303 1938 3358; x_wconf 78' lang='lat' dir='ltr'><strong>vexationibus</strong></span> <span class='ocrx_word' id='word_1_477' title='bbox 1974 3311 2138 3373; x_wconf 89' lang='lat' dir='ltr'><strong>atque</strong></span> 
     </span>
    </p>
   </div>
   <div class='ocr_carea' id='block_1_65' title="bbox 558 3396 2137 3470">
    <p class='ocr_par' dir='ltr' id='par_1_65' title="bbox 558 3396 2137 3470">
     <span class='ocr_line' id='line_1_65' title="bbox 558 3396 2137 3470; baseline -0.006 -13"><span class='ocrx_word' id='word_1_478' title='bbox 558 3401 763 3458; x_wconf 82' lang='lat' dir='ltr'><strong>invidia</strong></span> <span class='ocrx_word' id='word_1_479' title='bbox 795 3399 1090 3470; x_wconf 88' lang='lat' dir='ltr'><strong>plurimum</strong></span> <span class='ocrx_word' id='word_1_480' title='bbox 1132 3404 1216 3453; x_wconf 90' lang='lat' dir='ltr'><strong>est</strong></span> <span class='ocrx_word' id='word_1_481' title='bbox 1249 3396 1590 3465; x_wconf 78' lang='lat' dir='ltr'><strong>exagitatus;</strong></span> <span class='ocrx_word' id='word_1_482' title='bbox 1634 3407 1698 3447; x_wconf 89' lang='lat' dir='ltr'><strong>ac</strong></span> <span class='ocrx_word' id='word_1_483' title='bbox 1728 3401 1992 3462; x_wconf 71' lang='lat' dir='ltr'><strong>prazterea</strong></span> <span class='ocrx_word' id='word_1_484' title='bbox 2025 3402 2137 3448; x_wconf 89' lang='lat' dir='ltr'><strong>ter-</strong></span> 
     </span>
    </p>
   </div>
   <div class='ocr_carea' id='block_1_66' title="bbox 556 3485 2138 3563">
    <p class='ocr_par' dir='ltr' id='par_1_66' title="bbox 556 3485 2138 3563">
     <span class='ocr_line' id='line_1_66' title="bbox 556 3485 2138 3563; baseline -0.004 -16"><span class='ocrx_word' id='word_1_485' title='bbox 556 3494 693 3547; x_wconf 89' lang='lat' dir='ltr'><strong>tium</strong></span> <span class='ocrx_word' id='word_1_486' title='bbox 724 3492 837 3563; x_wconf 86' lang='lat' dir='ltr'><strong>jam</strong></span> <span class='ocrx_word' id='word_1_487' title='bbox 868 3491 1081 3545; x_wconf 88' lang='lat' dir='ltr'><strong>iniisset</strong></span> <span class='ocrx_word' id='word_1_488' title='bbox 1125 3502 1328 3542; x_wconf 89' lang='lat' dir='ltr'><strong>annum</strong></span> <span class='ocrx_word' id='word_1_489' title='bbox 1363 3487 1432 3541; x_wconf 88' lang='lat' dir='ltr'><strong>ab</strong></span> <span class='ocrx_word' id='word_1_490' title='bbox 1460 3501 1526 3541; x_wconf 76' lang='lat' dir='ltr'><strong>eo</strong></span> <span class='ocrx_word' id='word_1_491' title='bbox 1554 3485 1643 3542; x_wconf 88' lang='lat' dir='ltr'><strong>die</strong></span> <span class='ocrx_word' id='word_1_492' title='bbox 1685 3502 1794 3556; x_wconf 89' lang='lat' dir='ltr'><strong>quo</strong></span> <span class='ocrx_word' id='word_1_493' title='bbox 1828 3494 1993 3542; x_wconf 85' lang='lat' dir='ltr'><strong>natus</strong></span> <span class='ocrx_word' id='word_1_494' title='bbox 2030 3493 2138 3554; x_wconf 84' lang='lat' dir='ltr'><strong>est,</strong></span> 
     </span>
    </p>
   </div>
   <div class='ocr_carea' id='block_1_67' title="bbox 558 3575 2139 3650">
    <p class='ocr_par' dir='ltr' id='par_1_67' title="bbox 558 3575 2139 3650">
     <span class='ocr_line' id='line_1_67' title="bbox 558 3575 2139 3650; baseline -0.001 -14"><span class='ocrx_word' id='word_1_495' title='bbox 558 3583 663 3638; x_wconf 91' lang='lat' dir='ltr'><strong>hoc</strong></span> <span class='ocrx_word' id='word_1_496' title='bbox 694 3592 781 3635; x_wconf 91' lang='lat' dir='ltr'><strong>est</strong></span> <span class='ocrx_word' id='word_1_497' title='bbox 813 3579 1270 3650; x_wconf 85' lang='lat' dir='ltr'><strong>Epiphaniorum,</strong></span> <span class='ocrx_word' id='word_1_498' title='bbox 1303 3593 1424 3647; x_wconf 71' lang='lat' dir='ltr'><strong>qua:</strong></span> <span class='ocrx_word' id='word_1_499' title='bbox 1464 3579 1517 3633; x_wconf 91' lang='lat' dir='ltr'><strong>in</strong></span> <span class='ocrx_word' id='word_1_500' title='bbox 1547 3594 1600 3632; x_wconf 85' lang='grc' dir='ltr'><strong>νι</strong></span> <span class='ocrx_word' id='word_1_501' title='bbox 1631 3575 1880 3633; x_wconf 70' lang='lat' dir='ltr'><strong>Januarii</strong></span> <span class='ocrx_word' id='word_1_502' title='bbox 1911 3580 2139 3649; x_wconf 88' lang='lat' dir='ltr'><strong>mensis,</strong></span> 
     </span>
    </p>
   </div>
   <div class='ocr_carea' id='block_1_68' title="bbox 559 3669 2142 3745">
    <p class='ocr_par' dir='ltr' id='par_1_68' title="bbox 559 3669 2142 3745">
     <span class='ocr_line' id='line_1_68' title="bbox 559 3669 2142 3745; baseline 0.003 -21"><span class='ocrx_word' id='word_1_503' title='bbox 559 3672 831 3745; x_wconf 54' lang='lat' dir='ltr'><strong>Egyptiis</strong></span> <span class='ocrx_word' id='word_1_504' title='bbox 853 3686 984 3727; x_wconf 89' lang='lat' dir='ltr'><strong>vero</strong></span> <span class='ocrx_word' id='word_1_505' title='bbox 1026 3669 1163 3742; x_wconf 87' lang='lat' dir='ltr'><strong>Tybi</strong></span> <span class='ocrx_word' id='word_1_506' title='bbox 1197 3687 1272 3725; x_wconf 87' lang='lat' dir='ltr'><strong>xu</strong></span> <span class='ocrx_word' id='word_1_507' title='bbox 1308 3671 1620 3736; x_wconf 87' lang='lat' dir='ltr'><strong>incurrunt,</strong></span> <span class='ocrx_word' id='word_1_508' title='bbox 1669 3670 1738 3725; x_wconf 85' lang='lat' dir='ltr'><strong>ad</strong></span> <span class='ocrx_word' id='word_1_509' title='bbox 1773 3686 1935 3725; x_wconf 79' lang='lat' dir='ltr'><strong>Lxxw</strong></span> <span class='ocrx_word' id='word_1_510' title='bbox 1967 3688 2142 3743; x_wconf 88' lang='lat' dir='ltr'><strong>usque</strong></span> 
     </span>
    </p>
   </div>
   <div class='ocr_carea' id='block_1_69' title="bbox 556 3762 2144 3837">
    <p class='ocr_par' dir='ltr' id='par_1_69' title="bbox 556 3762 2144 3837">
     <span class='ocr_line' id='line_1_69' title="bbox 556 3762 2144 3837; baseline -0.001 -14"><span class='ocrx_word' id='word_1_511' title='bbox 556 3770 695 3832; x_wconf 90' lang='lat' dir='ltr'><strong>dies,</strong></span> <span class='ocrx_word' id='word_1_512' title='bbox 749 3766 866 3837; x_wconf 90' lang='lat' dir='ltr'><strong>qui,</strong></span> <span class='ocrx_word' id='word_1_513' title='bbox 921 3773 982 3820; x_wconf 92' lang='lat' dir='ltr'><strong>ut</strong></span> <span class='ocrx_word' id='word_1_514' title='bbox 1031 3765 1238 3820; x_wconf 89' lang='lat' dir='ltr'><strong>dictum</strong></span> <span class='ocrx_word' id='word_1_515' title='bbox 1283 3773 1391 3828; x_wconf 88' lang='lat' dir='ltr'><strong>est,</strong></span> <span class='ocrx_word' id='word_1_516' title='bbox 1436 3764 1489 3820; x_wconf 91' lang='lat' dir='ltr'><strong>in</strong></span> <span class='ocrx_word' id='word_1_517' title='bbox 1534 3780 1632 3819; x_wconf 85' lang='lat' dir='ltr'><strong>xm</strong></span> <span class='ocrx_word' id='word_1_518' title='bbox 1661 3762 1782 3818; x_wconf 82' lang='lat' dir='ltr'><strong>Kal.</strong></span> <span class='ocrx_word' id='word_1_519' title='bbox 1815 3766 1946 3835; x_wconf 89' lang='lat' dir='ltr'><strong>Apr.</strong></span> <span class='ocrx_word' id='word_1_520' title='bbox 1996 3764 2144 3821; x_wconf 86' lang='lat' dir='ltr'><strong>desi-</strong></span> 
     </span>
    </p>
   </div>
   <div class='ocr_carea' id='block_1_70' title="bbox 554 3855 2139 3933">
    <p class='ocr_par' dir='ltr' id='par_1_70' title="bbox 554 3855 2139 3933">
     <span class='ocr_line' id='line_1_70' title="bbox 554 3855 2139 3933; baseline -0.001 -18"><span class='ocrx_word' id='word_1_521' title='bbox 554 3869 714 3925; x_wconf 84' lang='lat' dir='ltr'><strong>nunt,</strong></span> <span class='ocrx_word' id='word_1_522' title='bbox 745 3860 837 3931; x_wconf 86' lang='lat' dir='ltr'><strong>qui</strong></span> <span class='ocrx_word' id='word_1_523' title='bbox 893 3868 978 3914; x_wconf 89' lang='lat' dir='ltr'><strong>est</strong></span> <span class='ocrx_word' id='word_1_524' title='bbox 1015 3856 1289 3930; x_wconf 62' lang='lat' dir='ltr'><strong>[Egyptiis</strong></span> <span class='ocrx_word' id='word_1_525' title='bbox 1331 3855 1673 3913; x_wconf 87' lang='lat' dir='ltr'><strong>Phamenoth</strong></span> <span class='ocrx_word' id='word_1_526' title='bbox 1712 3873 1877 3933; x_wconf 74' lang='lat' dir='ltr'><strong>xxiv;</strong></span> <span class='ocrx_word' id='word_1_527' title='bbox 1922 3859 2028 3913; x_wconf 91' lang='lat' dir='ltr'><strong>hoc</strong></span> <span class='ocrx_word' id='word_1_528' title='bbox 2060 3859 2139 3914; x_wconf 78' lang='lat' dir='ltr'><strong>iit-</strong></span> 
     </span>
    </p>
   </div>
   <div class='ocr_carea' id='block_1_71' title="bbox 554 3948 2140 4024">
    <p class='ocr_par' dir='ltr' id='par_1_71' title="bbox 554 3948 2140 4024">
     <span class='ocr_line' id='line_1_71' title="bbox 554 3948 2140 4024; baseline -0.001 -18"><span class='ocrx_word' id='word_1_529' title='bbox 554 3966 719 4024; x_wconf 89' lang='lat' dir='ltr'><strong>quam</strong></span> <span class='ocrx_word' id='word_1_530' title='bbox 754 3950 915 4007; x_wconf 91' lang='lat' dir='ltr'><strong>modo</strong></span> <span class='ocrx_word' id='word_1_531' title='bbox 947 3967 1097 4005; x_wconf 72' lang='lat' dir='ltr'><strong>xxxu</strong></span> <span class='ocrx_word' id='word_1_532' title='bbox 1121 3955 1368 4020; x_wconf 82' lang='lat' dir='ltr'><strong>integros</strong></span> <span class='ocrx_word' id='word_1_533' title='bbox 1399 3964 1595 4014; x_wconf 88' lang='lat' dir='ltr'><strong>annos,</strong></span> <span class='ocrx_word' id='word_1_534' title='bbox 1633 3964 1697 4004; x_wconf 91' lang='lat' dir='ltr'><strong>ac</strong></span> <span class='ocrx_word' id='word_1_535' title='bbox 1729 3948 1847 4005; x_wconf 90' lang='lat' dir='ltr'><strong>dies</strong></span> <span class='ocrx_word' id='word_1_536' title='bbox 1876 3958 2140 4020; x_wconf 72' lang='lat' dir='ltr'><strong>praeterea</strong></span> 
     </span>
    </p>
   </div>
   <div class='ocr_carea' id='block_1_72' title="bbox 549 4040 2140 4114">
    <p class='ocr_par' dir='ltr' id='par_1_72' title="bbox 549 4040 2140 4114">
     <span class='ocr_line' id='line_1_72' title="bbox 549 4040 2140 4114; baseline -0.003 -13"><span class='ocrx_word' id='word_1_537' title='bbox 549 4060 715 4101; x_wconf 77' lang='lat' dir='ltr'><strong>LXXIV</strong></span> <span class='ocrx_word' id='word_1_538' title='bbox 737 4044 805 4099; x_wconf 89' lang='lat' dir='ltr'><strong>ab</strong></span> <span class='ocrx_word' id='word_1_539' title='bbox 854 4043 1178 4114; x_wconf 87' lang='lat' dir='ltr'><strong>Epiphaniis</strong></span> <span class='ocrx_word' id='word_1_540' title='bbox 1239 4041 1504 4113; x_wconf 83' lang='lat' dir='ltr'><strong>implevit.</strong></span> <span class='ocrx_word' id='word_1_541' title='bbox 1560 4040 1885 4097; x_wconf 79' lang='lat' dir='ltr'><strong>Resurrexit</strong></span> <span class='ocrx_word' id='word_1_542' title='bbox 1936 4057 2140 4112; x_wconf 89' lang='lat' dir='ltr'><strong>porro,</strong></span> 
     </span>
    </p>
   </div>
   <div class='ocr_carea' id='block_1_73' title="bbox 548 4132 2140 4213">
    <p class='ocr_par' dir='ltr' id='par_1_73' title="bbox 548 4132 2140 4213">
     <span class='ocr_line' id='line_1_73' title="bbox 548 4132 2140 4213; baseline -0.001 -20"><span class='ocrx_word' id='word_1_543' title='bbox 548 4145 715 4213; x_wconf 85' lang='lat' dir='ltr'><strong>prout</strong></span> <span class='ocrx_word' id='word_1_544' title='bbox 771 4136 1012 4208; x_wconf 62' lang='lat' dir='ltr'><strong>z’Egyplii</strong></span> <span class='ocrx_word' id='word_1_545' title='bbox 1065 4142 1395 4196; x_wconf 89' lang='lat' dir='ltr'><strong>numerant,</strong></span> <span class='ocrx_word' id='word_1_546' title='bbox 1447 4132 1789 4189; x_wconf 88' lang='lat' dir='ltr'><strong>Pbamenoth</strong></span> <span class='ocrx_word' id='word_1_547' title='bbox 1836 4150 1984 4200; x_wconf 76' lang='lat' dir='ltr'><strong>xxvr,</strong></span> <span class='ocrx_word' id='word_1_548' title='bbox 2019 4135 2140 4208; x_wconf 87' lang='lat' dir='ltr'><strong>ipso</strong></span> 
     </span>
    </p>
   </div>
   <div class='ocr_carea' id='block_1_74' title="bbox 2246 3219 3833 3293">
    <p class='ocr_par' dir='ltr' id='par_1_74' title="bbox 2246 3219 3833 3293">
     <span class='ocr_line' id='line_1_74' title="bbox 2246 3219 3833 3293; baseline 0.003 -20"><span class='ocrx_word' id='word_1_549' title='bbox 2246 3219 2488 3292; x_wconf 82' lang='grc' dir='ltr'>ὑπερϐάς</span> <span class='ocrx_word' id='word_1_550' title='bbox 2520 3220 2626 3273; x_wconf 82' lang='grc' dir='ltr'>ἀπὸ</span> <span class='ocrx_word' id='word_1_551' title='bbox 2651 3221 2748 3291; x_wconf 79' lang='grc' dir='ltr'>τῆς</span> <span class='ocrx_word' id='word_1_552' title='bbox 2767 3221 2875 3273; x_wconf 82' lang='grc' dir='ltr'>τῶν</span> <span class='ocrx_word' id='word_1_553' title='bbox 2902 3219 3190 3288; x_wconf 80' lang='grc' dir='ltr'>γενεθλίων</span> <span class='ocrx_word' id='word_1_554' title='bbox 3213 3219 3380 3275; x_wconf 74' lang='grc' dir='ltr'>αὐτοῦ</span> <span class='ocrx_word' id='word_1_555' title='bbox 3408 3221 3659 3293; x_wconf 76' lang='grc' dir='ltr'>ἡμέρας,</span> <span class='ocrx_word' id='word_1_556' title='bbox 3680 3241 3833 3278; x_wconf 84' lang='grc' dir='ltr'>τουτ-</span> 
     </span>
    </p>
   </div>
   <div class='ocr_carea' id='block_1_75' title="bbox 2243 3311 3831 3386">
    <p class='ocr_par' dir='ltr' id='par_1_75' title="bbox 2243 3311 3831 3386">
     <span class='ocr_line' id='line_1_75' title="bbox 2243 3311 3831 3386; baseline 0.002 -22"><span class='ocrx_word' id='word_1_557' title='bbox 2243 3311 2392 3364; x_wconf 85' lang='grc' dir='ltr'>έστιν</span> <span class='ocrx_word' id='word_1_558' title='bbox 2440 3312 2791 3380; x_wconf 81' lang='grc' dir='ltr'>Ἐπιφανίων,</span> <span class='ocrx_word' id='word_1_559' title='bbox 2826 3313 2949 3383; x_wconf 75' lang='grc' dir='ltr'>ἥτις</span> <span class='ocrx_word' id='word_1_560' title='bbox 2975 3312 3235 3382; x_wconf 85' lang='grc' dir='ltr'>τυγχάνει</span> <span class='ocrx_word' id='word_1_561' title='bbox 3274 3312 3410 3382; x_wconf 77' lang='grc' dir='ltr'>ἕκτη</span> <span class='ocrx_word' id='word_1_562' title='bbox 3463 3313 3831 3386; x_wconf 81' lang='grc' dir='ltr'>Ἰαννουαρίου</span> 
     </span>
    </p>
   </div>
   <div class='ocr_carea' id='block_1_76' title="bbox 2247 3388 3833 3473">
    <p class='ocr_par' dir='ltr' id='par_1_76' title="bbox 2247 3388 3833 3473">
     <span class='ocr_line' id='line_1_76' title="bbox 2247 3388 3833 3473; baseline 0.003 -22"><span class='ocrx_word' id='word_1_563' title='bbox 2247 3388 2438 3471; x_wconf 66' lang='grc' dir='ltr'>μηνὸς,</span> <span class='ocrx_word' id='word_1_564' title='bbox 2468 3400 2612 3453; x_wconf 68' lang='grc' dir='ltr'>κατὰ</span> <span class='ocrx_word' id='word_1_565' title='bbox 2642 3400 2699 3454; x_wconf 79' lang='grc' dir='ltr'>δὲ</span> <span class='ocrx_word' id='word_1_566' title='bbox 2723 3402 3053 3471; x_wconf 86' lang='grc' dir='ltr'>Αἰγυπτίους</span> <span class='ocrx_word' id='word_1_567' title='bbox 3089 3400 3225 3455; x_wconf 78' lang='grc' dir='ltr'>Τυϐὶ</span> <span class='ocrx_word' id='word_1_568' title='bbox 3251 3401 3545 3473; x_wconf 77' lang='grc' dir='ltr'>ἑνδεκάτη,</span> <span class='ocrx_word' id='word_1_569' title='bbox 3580 3403 3682 3457; x_wconf 77' lang='grc' dir='ltr'>ἐπὶ</span> <span class='ocrx_word' id='word_1_570' title='bbox 3712 3404 3833 3466; x_wconf 77' lang='grc' dir='ltr'>ὅλας</span> 
     </span>
    </p>
   </div>
   <div class='ocr_carea' id='block_1_77' title="bbox 2240 3490 3833 3575">
    <p class='ocr_par' dir='ltr' id='par_1_77' title="bbox 2240 3490 3833 3575">
     <span class='ocr_line' id='line_1_77' title="bbox 2240 3490 3833 3575; baseline 0.003 -31"><span class='ocrx_word' id='word_1_571' title='bbox 2240 3490 2613 3564; x_wconf 80' lang='grc' dir='ltr'>ἐϐδομήκοντα</span> <span class='ocrx_word' id='word_1_572' title='bbox 2648 3493 2923 3567; x_wconf 78' lang='grc' dir='ltr'>τέσσαρας</span> <span class='ocrx_word' id='word_1_573' title='bbox 2962 3496 3199 3568; x_wconf 78' lang='grc' dir='ltr'>ἡμέρας,</span> <span class='ocrx_word' id='word_1_574' title='bbox 3234 3494 3312 3559; x_wconf 85' lang='grc' dir='ltr'>ὡς</span> <span class='ocrx_word' id='word_1_575' title='bbox 3339 3496 3711 3575; x_wconf 74' lang='grc' dir='ltr'>προείπομεν,</span> <span class='ocrx_word' id='word_1_576' title='bbox 3736 3498 3833 3559; x_wconf 73' lang='grc' dir='ltr'>ἕως</span> 
     </span>
    </p>
   </div>
   <div class='ocr_carea' id='block_1_78' title="bbox 2238 3582 3836 3659">
    <p class='ocr_par' dir='ltr' id='par_1_78' title="bbox 2238 3582 3836 3659">
     <span class='ocr_line' id='line_1_78' title="bbox 2238 3582 3836 3659; baseline 0.003 -24"><span class='ocrx_word' id='word_1_577' title='bbox 2238 3582 2341 3653; x_wconf 82' lang='grc' dir='ltr'>τῆς</span> <span class='ocrx_word' id='word_1_578' title='bbox 2371 3585 2475 3656; x_wconf 74' lang='grc' dir='ltr'><strong>πρὸ</strong></span> <span class='ocrx_word' id='word_1_579' title='bbox 2513 3584 2814 3658; x_wconf 80' lang='grc' dir='ltr'>δεκατριῶν</span> <span class='ocrx_word' id='word_1_580' title='bbox 2838 3586 3131 3641; x_wconf 83' lang='grc' dir='ltr'>Καλανδῶν</span> <span class='ocrx_word' id='word_1_581' title='bbox 3175 3587 3527 3659; x_wconf 85' lang='grc' dir='ltr'>Ἀπριλλίων,</span> <span class='ocrx_word' id='word_1_582' title='bbox 3570 3589 3673 3642; x_wconf 67' lang='grc' dir='ltr'>καὶ</span> <span class='ocrx_word' id='word_1_583' title='bbox 3700 3588 3836 3641; x_wconf 81' lang='grc' dir='ltr'><strong>κατά</strong></span> 
     </span>
    </p>
   </div>
   <div class='ocr_carea' id='block_1_79' title="bbox 2239 3676 3835 3754">
    <p class='ocr_par' dir='ltr' id='par_1_79' title="bbox 2239 3676 3835 3754">
     <span class='ocr_line' id='line_1_79' title="bbox 2239 3676 3835 3754; baseline 0.001 -25"><span class='ocrx_word' id='word_1_584' title='bbox 2239 3676 2571 3744; x_wconf 84' lang='grc' dir='ltr'>Αἰγυπτίους</span> <span class='ocrx_word' id='word_1_585' title='bbox 2622 3678 2885 3750; x_wconf 79' lang='grc' dir='ltr'>Φαμενὼθ</span> <span class='ocrx_word' id='word_1_586' title='bbox 2951 3680 3191 3754; x_wconf 80' lang='grc' dir='ltr'>τετάρτῃ</span> <span class='ocrx_word' id='word_1_587' title='bbox 3239 3681 3334 3735; x_wconf 81' lang='grc' dir='ltr'>καὶ</span> <span class='ocrx_word' id='word_1_588' title='bbox 3366 3680 3569 3744; x_wconf 80' lang='grc' dir='ltr'>εἰκάδι,</span> <span class='ocrx_word' id='word_1_589' title='bbox 3624 3680 3835 3734; x_wconf 78' lang='grc' dir='ltr'>ἐτέλεσε</span> 
     </span>
    </p>
   </div>
   <div class='ocr_carea' id='block_1_80' title="bbox 2241 3770 3834 3845">
    <p class='ocr_par' dir='ltr' id='par_1_80' title="bbox 2241 3770 3834 3845">
     <span class='ocr_line' id='line_1_80' title="bbox 2241 3770 3834 3845; baseline 0.001 -23"><span class='ocrx_word' id='word_1_590' title='bbox 2241 3770 2631 3841; x_wconf 82' lang='grc' dir='ltr'>τριακονταδύο</span> <span class='ocrx_word' id='word_1_591' title='bbox 2664 3770 2760 3844; x_wconf 76' lang='grc' dir='ltr'><strong>ἐτη</strong></span> <span class='ocrx_word' id='word_1_592' title='bbox 2791 3772 3162 3845; x_wconf 84' lang='grc' dir='ltr'>πληρέστατα,</span> <span class='ocrx_word' id='word_1_593' title='bbox 3194 3774 3290 3827; x_wconf 81' lang='grc' dir='ltr'>καὶ</span> <span class='ocrx_word' id='word_1_594' title='bbox 3323 3772 3834 3844; x_wconf 79' lang='grc' dir='ltr'>ἐϐδομηκοντατέσ-</span> 
     </span>
    </p>
   </div>
   <div class='ocr_carea' id='block_1_81' title="bbox 2245 3862 3835 3936">
    <p class='ocr_par' dir='ltr' id='par_1_81' title="bbox 2245 3862 3835 3936">
     <span class='ocr_line' id='line_1_81' title="bbox 2245 3862 3835 3936; baseline 0 -20"><span class='ocrx_word' id='word_1_595' title='bbox 2245 3880 2419 3934; x_wconf 87' lang='grc' dir='ltr'>σαρας</span> <span class='ocrx_word' id='word_1_596' title='bbox 2450 3862 2664 3934; x_wconf 81' lang='grc' dir='ltr'>ἡμέρας</span> <span class='ocrx_word' id='word_1_597' title='bbox 2713 3865 2822 3918; x_wconf 85' lang='grc' dir='ltr'>ἀπὸ</span> <span class='ocrx_word' id='word_1_598' title='bbox 2868 3865 3220 3936; x_wconf 81' lang='grc' dir='ltr'>Ἐπιφανίων.</span> <span class='ocrx_word' id='word_1_599' title='bbox 3256 3865 3372 3920; x_wconf 70' lang='grc' dir='ltr'>Καὶ</span> <span class='ocrx_word' id='word_1_600' title='bbox 3421 3864 3679 3929; x_wconf 82' lang='grc' dir='ltr'>ἀναστὰς</span> <span class='ocrx_word' id='word_1_601' title='bbox 3722 3864 3835 3917; x_wconf 77' lang='grc' dir='ltr'>κατ’</span> 
     </span>
    </p>
   </div>
   <div class='ocr_carea' id='block_1_82' title="bbox 2240 3954 3841 4032">
    <p class='ocr_par' dir='ltr' id='par_1_82' title="bbox 2240 3954 3841 4032">
     <span class='ocr_line' id='line_1_82' title="bbox 2240 3954 3841 4032; baseline 0.003 -23"><span class='ocrx_word' id='word_1_602' title='bbox 2240 3955 2571 4025; x_wconf 81' lang='grc' dir='ltr'>Αἰγυπτίους</span> <span class='ocrx_word' id='word_1_603' title='bbox 2597 3956 2858 4027; x_wconf 81' lang='grc' dir='ltr'>Φαμενὼθ</span> <span class='ocrx_word' id='word_1_604' title='bbox 2879 3958 3016 4032; x_wconf 75' lang='grc' dir='ltr'>ἕκτῃ</span> <span class='ocrx_word' id='word_1_605' title='bbox 3044 3959 3140 4014; x_wconf 74' lang='grc' dir='ltr'>καὶ</span> <span class='ocrx_word' id='word_1_606' title='bbox 3168 3958 3367 4024; x_wconf 87' lang='grc' dir='ltr'>εἰκάδι,</span> <span class='ocrx_word' id='word_1_607' title='bbox 3395 3958 3522 4029; x_wconf 80' lang='grc' dir='ltr'>ἥτις</span> <span class='ocrx_word' id='word_1_608' title='bbox 3548 3954 3626 4032; x_wconf 73' lang='grc' dir='ltr'>ἢν</span> <span class='ocrx_word' id='word_1_609' title='bbox 3659 3959 3841 4030; x_wconf 65' lang='lat' dir='ltr'><strong>[empi-</strong></span> 
     </span>
    </p>
   </div>
   <div class='ocr_carea' id='block_1_83' title="bbox 2244 4047 3842 4125">
    <p class='ocr_par' dir='ltr' id='par_1_83' title="bbox 2244 4047 3842 4125">
     <span class='ocr_line' id='line_1_83' title="bbox 2244 4047 3842 4125; baseline 0.002 -25"><span class='ocrx_word' id='word_1_610' title='bbox 2244 4047 2357 4118; x_wconf 90' lang='grc' dir='ltr'>ρία,</span> <span class='ocrx_word' id='word_1_611' title='bbox 2387 4049 2481 4102; x_wconf 79' lang='grc' dir='ltr'>καὶ</span> <span class='ocrx_word' id='word_1_612' title='bbox 2513 4050 2621 4121; x_wconf 76' lang='grc' dir='ltr'>πρὸ</span> <span class='ocrx_word' id='word_1_613' title='bbox 2639 4048 2706 4105; x_wconf 91' lang='grc' dir='ltr'>ια’</span> <span class='ocrx_word' id='word_1_614' title='bbox 2731 4050 3023 4104; x_wconf 84' lang='grc' dir='ltr'>Καλανδῶν</span> <span class='ocrx_word' id='word_1_615' title='bbox 3058 4049 3382 4125; x_wconf 84' lang='grc' dir='ltr'>Ἀπριλλίων</span> <span class='ocrx_word' id='word_1_616' title='bbox 3400 4068 3415 4082; x_wconf 64' lang='grc' dir='ltr'>θ</span> <span class='ocrx_word' id='word_1_617' title='bbox 3448 4052 3542 4105; x_wconf 83' lang='grc' dir='ltr'>ἵνα</span> <span class='ocrx_word' id='word_1_618' title='bbox 3569 4050 3842 4123; x_wconf 76' lang='grc' dir='ltr'>εὑρεθῶσι</span> 
     </span>
    </p>
   </div>
   <div class='ocr_carea' id='block_1_84' title="bbox 2241 4141 3749 4229">
    <p class='ocr_par' dir='ltr' id='par_1_84' title="bbox 2241 4141 3749 4229">
     <span class='ocr_line' id='line_1_84' title="bbox 2241 4141 3749 4229; baseline 0.004 -36"><span class='ocrx_word' id='word_1_619' title='bbox 2241 4141 2442 4205; x_wconf 87' lang='grc' dir='ltr'>πάντες</span> <span class='ocrx_word' id='word_1_620' title='bbox 2468 4141 2791 4213; x_wconf 78' lang='grc' dir='ltr'>ψευδόμενοι</span> <span class='ocrx_word' id='word_1_621' title='bbox 2818 4145 2869 4197; x_wconf 89' lang='grc' dir='ltr'>οἰ</span> <span class='ocrx_word' id='word_1_622' title='bbox 2906 4144 2981 4216; x_wconf 80' lang='grc' dir='ltr'>μὴ</span> <span class='ocrx_word' id='word_1_623' title='bbox 3015 4144 3167 4208; x_wconf 79' lang='grc' dir='ltr'>ὅντες</span> <span class='ocrx_word' id='word_1_624' title='bbox 3195 4145 3303 4198; x_wconf 67' lang='grc' dir='ltr'><strong>υἰολ⁸</strong></span> <span class='ocrx_word' id='word_1_625' title='bbox 3326 4146 3426 4215; x_wconf 83' lang='grc' dir='ltr'>τῆς</span> <span class='ocrx_word' id='word_1_626' title='bbox 3450 4144 3749 4229; x_wconf 42' lang='lat' dir='ltr'><strong>anesi“.</strong></span> 
     </span>
    </p>
   </div>
   <div class='ocr_carea' id='block_1_85' title="bbox 552 4227 3846 4329">
    <p class='ocr_par' dir='ltr' id='par_1_85' title="bbox 552 4227 3846 4329">
     <span class='ocr_line' id='line_1_85' title="bbox 552 4227 3846 4329; baseline 0.002 -40"><span class='ocrx_word' id='word_1_627' title='bbox 552 4232 891 4304; x_wconf 61' lang='lat' dir='ltr'><strong>Equinnctii</strong></span> <span class='ocrx_word' id='word_1_628' title='bbox 933 4231 1042 4297; x_wconf 91' lang='lat' dir='ltr'><strong>die,</strong></span> <span class='ocrx_word' id='word_1_629' title='bbox 1092 4230 1207 4286; x_wconf 89' lang='lat' dir='ltr'><strong>sive</strong></span> <span class='ocrx_word' id='word_1_630' title='bbox 1236 4244 1294 4284; x_wconf 74' lang='grc' dir='ltr'>ιι</span> <span class='ocrx_word' id='word_1_631' title='bbox 1352 4227 1476 4283; x_wconf 83' lang='lat' dir='ltr'><strong>Kal.</strong></span> <span class='ocrx_word' id='word_1_632' title='bbox 1514 4230 1646 4300; x_wconf 86' lang='lat' dir='ltr'><strong>Apr.</strong></span> <span class='ocrx_word' id='word_1_633' title='bbox 1712 4228 1790 4284; x_wconf 83' lang='lat' dir='ltr'><strong>Ex</strong></span> <span class='ocrx_word' id='word_1_634' title='bbox 1826 4232 2186 4329; x_wconf 63' lang='lat' dir='ltr'><strong>quo’illorum</strong></span> <span class='ocrx_word' id='word_1_635' title='bbox 2244 4239 2489 4294; x_wconf 88' lang='lat' dir='ltr'><strong>omnium</strong></span> <span class='ocrx_word' id='word_1_636' title='bbox 2548 4240 2837 4298; x_wconf 80' lang='lat' dir='ltr'><strong>manifesta</strong></span> <span class='ocrx_word' id='word_1_637' title='bbox 2890 4241 3185 4299; x_wconf 80' lang='lat' dir='ltr'><strong>mendacia</strong></span> <span class='ocrx_word' id='word_1_638' title='bbox 3234 4255 3386 4308; x_wconf 88' lang='lat' dir='ltr'><strong>sunt,</strong></span> <span class='ocrx_word' id='word_1_639' title='bbox 3443 4243 3542 4313; x_wconf 89' lang='lat' dir='ltr'><strong>qui</strong></span> <span class='ocrx_word' id='word_1_640' title='bbox 3586 4227 3846 4297; x_wconf 77' lang='lat' dir='ltr'><strong>veritatis</strong></span> 
     </span>
    </p>
   </div>
   <div class='ocr_carea' id='block_1_86' title="bbox 551 4323 974 4401">
    <p class='ocr_par' dir='ltr' id='par_1_86' title="bbox 551 4323 974 4401">
     <span class='ocr_line' id='line_1_86' title="bbox 551 4323 974 4401; baseline -0.002 -21"><span class='ocrx_word' id='word_1_641' title='bbox 551 4338 664 4401; x_wconf 74' lang='lat' dir='ltr'><strong>non</strong></span> <span class='ocrx_word' id='word_1_642' title='bbox 702 4332 828 4379; x_wconf 89' lang='lat' dir='ltr'><strong>sunt</strong></span> <span class='ocrx_word' id='word_1_643' title='bbox 858 4323 974 4379; x_wconf 84' lang='lat' dir='ltr'><strong>lilii.</strong></span> 
     </span>
    </p>
   </div>
   <div class='ocr_carea' id='block_1_87' title="bbox 623 4410 2143 4496">
    <p class='ocr_par' dir='ltr' id='par_1_87' title="bbox 623 4410 2136 4488">
     <span class='ocr_line' id='line_1_87' title="bbox 623 4410 2136 4488; baseline 0 -19"><span class='ocrx_word' id='word_1_644' title='bbox 623 4412 790 4488; x_wconf 66' lang='lat'><strong>450</strong></span> <span class='ocrx_word' id='word_1_645' title='bbox 832 4410 1068 4467; x_wconf 77' lang='lat' dir='ltr'><strong>XXVIII.</strong></span> <span class='ocrx_word' id='word_1_646' title='bbox 1110 4412 1321 4466; x_wconf 84' lang='lat' dir='ltr'><strong>Horum</strong></span> <span class='ocrx_word' id='word_1_647' title='bbox 1363 4411 1575 4483; x_wconf 87' lang='lat' dir='ltr'><strong>primus</strong></span> <span class='ocrx_word' id='word_1_648' title='bbox 1617 4412 1780 4470; x_wconf 89' lang='lat' dir='ltr'><strong>nobis</strong></span> <span class='ocrx_word' id='word_1_649' title='bbox 1809 4410 2136 4470; x_wconf 79' lang='lat' dir='ltr'><strong>Valentinus</strong></span> 
     </span>
    </p>
   </div>
   <div class='ocr_carea' id='block_1_88' title="bbox 2245 4410 3847 4496">
    <p class='ocr_par' dir='ltr' id='par_1_88' title="bbox 2311 4413 3847 4496">
     <span class='ocr_line' id='line_1_88' title="bbox 2311 4413 3847 4496; baseline 0.006 -27"><span class='ocrx_word' id='word_1_650' title='bbox 2311 4413 2447 4470; x_wconf 82' lang='lat' dir='ltr'><strong>KH&#39;.</strong></span> <span class='ocrx_word' id='word_1_651' title='bbox 2485 4417 2661 4483; x_wconf 80' lang='grc' dir='ltr'>Εὐθὺς</span> <span class='ocrx_word' id='word_1_652' title='bbox 2697 4418 2912 4489; x_wconf 85' lang='grc' dir='ltr'>πρῶτος</span> <span class='ocrx_word' id='word_1_653' title='bbox 2945 4419 3295 4483; x_wconf 83' lang='grc' dir='ltr'>Οὑαλεντίνος</span> <span class='ocrx_word' id='word_1_654' title='bbox 3326 4418 3847 4496; x_wconf 76' lang='grc' dir='ltr'>δραματουρτήσας</span> 
     </span>
    </p>
   </div>
   <div class='ocr_carea' id='block_1_89' title="bbox 551 4502 2139 4575">
    <p class='ocr_par' dir='ltr' id='par_1_89' title="bbox 551 4502 2139 4575">
     <span class='ocr_line' id='line_1_89' title="bbox 551 4502 2139 4575; baseline -0.001 -13"><span class='ocrx_word' id='word_1_655' title='bbox 551 4506 834 4562; x_wconf 89' lang='lat' dir='ltr'><strong>occurrit:</strong></span> <span class='ocrx_word' id='word_1_656' title='bbox 868 4504 966 4574; x_wconf 92' lang='lat' dir='ltr'><strong>qui</strong></span> <span class='ocrx_word' id='word_1_657' title='bbox 1016 4502 1238 4575; x_wconf 88' lang='lat' dir='ltr'><strong>quidem</strong></span> <span class='ocrx_word' id='word_1_658' title='bbox 1275 4519 1339 4557; x_wconf 87' lang='lat' dir='ltr'><strong>ex</strong></span> <span class='ocrx_word' id='word_1_659' title='bbox 1382 4504 1675 4559; x_wconf 87' lang='lat' dir='ltr'><strong>tricenario</strong></span> <span class='ocrx_word' id='word_1_660' title='bbox 1721 4519 1990 4559; x_wconf 89' lang='lat' dir='ltr'><strong>annorum</strong></span> <span class='ocrx_word' id='word_1_661' title='bbox 2035 4521 2139 4560; x_wconf 85' lang='lat' dir='ltr'><strong>nu-</strong></span> 
     </span>
    </p>
   </div>
   <div class='ocr_carea' id='block_1_90' title="bbox 551 4576 2140 4673">
    <p class='ocr_par' dir='ltr' id='par_1_90' title="bbox 551 4576 2140 4673">
     <span class='ocr_line' id='line_1_90' title="bbox 551 4576 2140 4673; baseline -0.001 -20"><span class='ocrx_word' id='word_1_662' title='bbox 551 4613 727 4662; x_wconf 84' lang='lat' dir='ltr'><strong>mero,</strong></span> <span class='ocrx_word' id='word_1_663' title='bbox 748 4576 829 4651; x_wconf 37' lang='lat' dir='ltr'><strong>’ad</strong></span> <span class='ocrx_word' id='word_1_664' title='bbox 856 4611 1018 4666; x_wconf 88' lang='lat' dir='ltr'><strong>quem</strong></span> <span class='ocrx_word' id='word_1_665' title='bbox 1057 4594 1362 4650; x_wconf 82' lang='lat' dir='ltr'><strong>Salvatoris</strong></span> <span class='ocrx_word' id='word_1_666' title='bbox 1396 4604 1636 4660; x_wconf 62' lang='lat' dir='ltr'><strong>aetatem,</strong></span> <span class='ocrx_word' id='word_1_667' title='bbox 1672 4611 1737 4651; x_wconf 88' lang='lat' dir='ltr'><strong>ac</strong></span> <span class='ocrx_word' id='word_1_668' title='bbox 1775 4596 1941 4673; x_wconf 80' lang='lat' dir='ltr'><strong>virile</strong></span> <span class='ocrx_word' id='word_1_669' title='bbox 1971 4597 2140 4652; x_wconf 90' lang='lat' dir='ltr'><strong>robur</strong></span> 
     </span>
    </p>
   </div>
   <div class='ocr_carea' id='block_1_91' title="bbox 549 4686 2136 4757">
    <p class='ocr_par' dir='ltr' id='par_1_91' title="bbox 549 4686 2136 4757">
     <span class='ocr_line' id='line_1_91' title="bbox 549 4686 2136 4757; baseline -0.001 -14"><span class='ocrx_word' id='word_1_670' title='bbox 549 4689 831 4744; x_wconf 80' lang='lat' dir='ltr'><strong>existimat</strong></span> <span class='ocrx_word' id='word_1_671' title='bbox 854 4687 1022 4742; x_wconf 81' lang='lat' dir='ltr'><strong>fuisse</strong></span> <span class='ocrx_word' id='word_1_672' title='bbox 1043 4686 1392 4757; x_wconf 88' lang='lat' dir='ltr'><strong>perductum,</strong></span> <span class='ocrx_word' id='word_1_673' title='bbox 1425 4702 1581 4742; x_wconf 90' lang='lat' dir='ltr'><strong>suam</strong></span> <span class='ocrx_word' id='word_1_674' title='bbox 1615 4686 1762 4740; x_wconf 91' lang='lat' dir='ltr'><strong>illam</strong></span> <span class='ocrx_word' id='word_1_675' title='bbox 1797 4702 2009 4742; x_wconf 68' lang='lat' dir='ltr'><strong>teonum</strong></span> <span class='ocrx_word' id='word_1_676' title='bbox 2036 4688 2136 4743; x_wconf 89' lang='lat' dir='ltr'><strong>tri-</strong></span> 
     </span>
    </p>
   </div>
   <div class='ocr_carea' id='block_1_92' title="bbox 550 4777 2132 4851">
    <p class='ocr_par' dir='ltr' id='par_1_92' title="bbox 550 4777 2132 4851">
     <span class='ocr_line' id='line_1_92' title="bbox 550 4777 2132 4851; baseline 0.001 -19"><span class='ocrx_word' id='word_1_677' title='bbox 550 4779 704 4851; x_wconf 80' lang='lat' dir='ltr'><strong>ginta</strong></span> <span class='ocrx_word' id='word_1_678' title='bbox 750 4778 991 4833; x_wconf 79' lang='lat' dir='ltr'><strong>fabulam</strong></span> <span class='ocrx_word' id='word_1_679' title='bbox 1037 4777 1326 4834; x_wconf 85' lang='lat' dir='ltr'><strong>conﬁnxit.</strong></span> <span class='ocrx_word' id='word_1_680' title='bbox 1372 4779 1430 4834; x_wconf 89' lang='lat' dir='ltr'><strong>In</strong></span> <span class='ocrx_word' id='word_1_681' title='bbox 1465 4795 1576 4850; x_wconf 90' lang='lat' dir='ltr'><strong>quo</strong></span> <span class='ocrx_word' id='word_1_682' title='bbox 1620 4777 1758 4850; x_wconf 79' lang='lat' dir='ltr'><strong>fugit</strong></span> <span class='ocrx_word' id='word_1_683' title='bbox 1798 4795 1924 4834; x_wconf 90' lang='lat' dir='ltr'><strong>eum</strong></span> <span class='ocrx_word' id='word_1_684' title='bbox 1968 4781 2132 4834; x_wconf 90' lang='lat' dir='ltr'><strong>ratio.</strong></span> 
     </span>
    </p>
   </div>
   <div class='ocr_carea' id='block_1_93' title="bbox 551 4869 2135 4943">
    <p class='ocr_par' dir='ltr' id='par_1_93' title="bbox 551 4869 2135 4943">
     <span class='ocr_line' id='line_1_93' title="bbox 551 4869 2135 4943; baseline 0.003 -19"><span class='ocrx_word' id='word_1_685' title='bbox 551 4870 670 4926; x_wconf 83' lang='lat' dir='ltr'><strong>Non</strong></span> <span class='ocrx_word' id='word_1_686' title='bbox 698 4870 845 4927; x_wconf 90' lang='lat' dir='ltr'><strong>enim</strong></span> <span class='ocrx_word' id='word_1_687' title='bbox 877 4870 1103 4943; x_wconf 76' lang='lat' dir='ltr'><strong>triginta</strong></span> <span class='ocrx_word' id='word_1_688' title='bbox 1145 4871 1296 4928; x_wconf 90' lang='lat' dir='ltr'><strong>solos</strong></span> <span class='ocrx_word' id='word_1_689' title='bbox 1325 4872 1483 4935; x_wconf 83' lang='lat' dir='ltr'><strong>vixit,</strong></span> <span class='ocrx_word' id='word_1_690' title='bbox 1526 4869 1622 4926; x_wconf 86' lang='lat' dir='ltr'><strong>sed</strong></span> <span class='ocrx_word' id='word_1_691' title='bbox 1669 4871 1949 4928; x_wconf 86' lang='lat' dir='ltr'><strong>tricesimo</strong></span> <span class='ocrx_word' id='word_1_692' title='bbox 1988 4887 2135 4928; x_wconf 89' lang='lat' dir='ltr'><strong>anno</strong></span> 
     </span>
    </p>
   </div>
   <div class='ocr_carea' id='block_1_94' title="bbox 549 4963 2134 5037">
    <p class='ocr_par' dir='ltr' id='par_1_94' title="bbox 549 4963 2134 5037">
     <span class='ocr_line' id='line_1_94' title="bbox 549 4963 2134 5037; baseline 0.001 -18"><span class='ocrx_word' id='word_1_693' title='bbox 549 4964 858 5037; x_wconf 80' lang='lat' dir='ltr'><strong>baptizatus</strong></span> <span class='ocrx_word' id='word_1_694' title='bbox 914 4971 1033 5028; x_wconf 89' lang='lat' dir='ltr'><strong>est,</strong></span> <span class='ocrx_word' id='word_1_695' title='bbox 1089 4979 1212 5019; x_wconf 90' lang='lat' dir='ltr'><strong>cum</strong></span> <span class='ocrx_word' id='word_1_696' title='bbox 1260 4964 1373 5033; x_wconf 84' lang='lat' dir='ltr'><strong>jam</strong></span> <span class='ocrx_word' id='word_1_697' title='bbox 1424 4963 1697 5018; x_wconf 88' lang='lat' dir='ltr'><strong>decimum</strong></span> <span class='ocrx_word' id='word_1_698' title='bbox 1743 4978 1986 5019; x_wconf 90' lang='lat' dir='ltr'><strong>mensem</strong></span> <span class='ocrx_word' id='word_1_699' title='bbox 2039 4981 2134 5021; x_wconf 79' lang='lat' dir='ltr'><strong>su-</strong></span> 
     </span>
    </p>
   </div>
   <div class='ocr_carea' id='block_1_95' title="bbox 548 5052 2133 5128">
    <p class='ocr_par' dir='ltr' id='par_1_95' title="bbox 548 5052 2133 5128">
     <span class='ocr_line' id='line_1_95' title="bbox 548 5052 2133 5128; baseline 0.001 -17"><span class='ocrx_word' id='word_1_700' title='bbox 548 5073 645 5128; x_wconf 90' lang='lat' dir='ltr'><strong>pra</strong></span> <span class='ocrx_word' id='word_1_701' title='bbox 676 5072 808 5112; x_wconf 64' lang='grc' dir='ltr'><strong>χχιχ</strong></span> <span class='ocrx_word' id='word_1_702' title='bbox 844 5071 1022 5112; x_wconf 89' lang='lat' dir='ltr'><strong>annos</strong></span> <span class='ocrx_word' id='word_1_703' title='bbox 1063 5056 1355 5128; x_wconf 77' lang='lat' dir='ltr'><strong>attigisset.</strong></span> <span class='ocrx_word' id='word_1_704' title='bbox 1386 5052 1559 5121; x_wconf 79' lang='lat' dir='ltr'><strong>Quem</strong></span> <span class='ocrx_word' id='word_1_705' title='bbox 1601 5055 1746 5111; x_wconf 90' lang='lat' dir='ltr'><strong>diem</strong></span> <span class='ocrx_word' id='word_1_706' title='bbox 1782 5066 1906 5111; x_wconf 87' lang='lat' dir='ltr'><strong>ante</strong></span> <span class='ocrx_word' id='word_1_707' title='bbox 1938 5056 2133 5113; x_wconf 82' lang='lat' dir='ltr'><strong>delini-</strong></span> 
     </span>
    </p>
   </div>
   <div class='ocr_carea' id='block_1_96' title="bbox 547 5145 2129 5217">
    <p class='ocr_par' dir='ltr' id='par_1_96' title="bbox 547 5145 2129 5217">
     <span class='ocr_line' id='line_1_96' title="bbox 547 5145 2129 5217; baseline 0.003 -17"><span class='ocrx_word' id='word_1_708' title='bbox 547 5147 727 5202; x_wconf 87' lang='lat' dir='ltr'><strong>vimus</strong></span> <span class='ocrx_word' id='word_1_709' title='bbox 773 5162 849 5200; x_wconf 75' lang='grc' dir='ltr'><strong>ιιι</strong></span> <span class='ocrx_word' id='word_1_710' title='bbox 903 5146 1076 5217; x_wconf 70' lang='lat' dir='ltr'><strong>[uisse</strong></span> <span class='ocrx_word' id='word_1_711' title='bbox 1122 5145 1330 5201; x_wconf 88' lang='lat' dir='ltr'><strong>mensis</strong></span> <span class='ocrx_word' id='word_1_712' title='bbox 1361 5145 1553 5217; x_wconf 85' lang='lat' dir='ltr'><strong>Athyr,</strong></span> <span class='ocrx_word' id='word_1_713' title='bbox 1606 5154 1660 5202; x_wconf 90' lang='lat' dir='ltr'><strong>et</strong></span> <span class='ocrx_word' id='word_1_714' title='bbox 1712 5162 1808 5202; x_wconf 84' lang='lat' dir='ltr'><strong>vm</strong></span> <span class='ocrx_word' id='word_1_715' title='bbox 1854 5146 1934 5202; x_wconf 87' lang='lat' dir='ltr'><strong>Id.</strong></span> <span class='ocrx_word' id='word_1_716' title='bbox 1990 5146 2129 5204; x_wconf 79' lang='lat' dir='ltr'><strong>Nov.</strong></span> 
     </span>
    </p>
   </div>
   <div class='ocr_carea' id='block_1_97' title="bbox 546 5233 2134 5310">
    <p class='ocr_par' dir='ltr' id='par_1_97' title="bbox 546 5233 2134 5310">
     <span class='ocr_line' id='line_1_97' title="bbox 546 5233 2134 5310; baseline 0.002 -19"><span class='ocrx_word' id='word_1_717' title='bbox 546 5233 679 5292; x_wconf 87' lang='lat' dir='ltr'><strong>Post</strong></span> <span class='ocrx_word' id='word_1_718' title='bbox 713 5236 829 5291; x_wconf 67' lang='lat' dir='ltr'><strong>haec</strong></span> <span class='ocrx_word' id='word_1_719' title='bbox 860 5253 982 5292; x_wconf 90' lang='lat' dir='ltr'><strong>cum</strong></span> <span class='ocrx_word' id='word_1_720' title='bbox 1023 5236 1348 5307; x_wconf 86' lang='lat' dir='ltr'><strong>placabilem</strong></span> <span class='ocrx_word' id='word_1_721' title='bbox 1384 5235 1599 5292; x_wconf 88' lang='lat' dir='ltr'><strong>Domini</strong></span> <span class='ocrx_word' id='word_1_722' title='bbox 1649 5239 1998 5310; x_wconf 67' lang='lat' dir='ltr'><strong>praedicasset</strong></span> <span class='ocrx_word' id='word_1_723' title='bbox 2040 5255 2134 5295; x_wconf 88' lang='lat' dir='ltr'><strong>an-</strong></span> 
     </span>
    </p>
   </div>
   <div class='ocr_carea' id='block_1_98' title="bbox 546 5330 2126 5405">
    <p class='ocr_par' dir='ltr' id='par_1_98' title="bbox 546 5330 2126 5405">
     <span class='ocr_line' id='line_1_98' title="bbox 546 5330 2126 5405; baseline 0.005 -22"><span class='ocrx_word' id='word_1_724' title='bbox 546 5343 702 5391; x_wconf 87' lang='lat' dir='ltr'><strong>num,</strong></span> <span class='ocrx_word' id='word_1_725' title='bbox 749 5330 1029 5401; x_wconf 88' lang='lat' dir='ltr'><strong>aliumque</strong></span> <span class='ocrx_word' id='word_1_726' title='bbox 1057 5331 1244 5385; x_wconf 88' lang='lat' dir='ltr'><strong>itidem</strong></span> <span class='ocrx_word' id='word_1_727' title='bbox 1301 5332 1735 5389; x_wconf 89' lang='lat' dir='ltr'><strong>contradictione</strong></span> <span class='ocrx_word' id='word_1_728' title='bbox 1775 5335 2020 5405; x_wconf 87' lang='lat' dir='ltr'><strong>plenum,</strong></span> <span class='ocrx_word' id='word_1_729' title='bbox 2060 5351 2126 5391; x_wconf 88' lang='lat' dir='ltr'><strong>ac</strong></span> 
     </span>
    </p>
   </div>
   <div class='ocr_carea' id='block_1_99' title="bbox 543 5423 2124 5495">
    <p class='ocr_par' dir='ltr' id='par_1_99' title="bbox 543 5423 2124 5495">
     <span class='ocr_line' id='line_1_99' title="bbox 543 5423 2124 5495; baseline 0.006 -20"><span class='ocrx_word' id='word_1_730' title='bbox 543 5431 712 5475; x_wconf 75' lang='lat' dir='ltr'><strong>Lxxlv</strong></span> <span class='ocrx_word' id='word_1_731' title='bbox 734 5428 995 5489; x_wconf 67' lang='lat' dir='ltr'><strong>praeterea</strong></span> <span class='ocrx_word' id='word_1_732' title='bbox 1026 5423 1146 5477; x_wconf 88' lang='lat' dir='ltr'><strong>dies</strong></span> <span class='ocrx_word' id='word_1_733' title='bbox 1170 5424 1358 5478; x_wconf 87' lang='lat' dir='ltr'><strong>eadem</strong></span> <span class='ocrx_word' id='word_1_734' title='bbox 1396 5426 1643 5481; x_wconf 86' lang='lat' dir='ltr'><strong>molestia</strong></span> <span class='ocrx_word' id='word_1_735' title='bbox 1676 5426 1934 5495; x_wconf 75' lang='lat' dir='ltr'><strong>refertos,</strong></span> <span class='ocrx_word' id='word_1_736' title='bbox 1966 5428 2035 5483; x_wconf 86' lang='lat' dir='ltr'><strong>ab</strong></span> <span class='ocrx_word' id='word_1_737' title='bbox 2057 5442 2124 5484; x_wconf 90' lang='lat' dir='ltr'><strong>eo</strong></span> 
     </span>
    </p>
   </div>
   <div class='ocr_carea' id='block_1_100' title="bbox 545 5507 2118 5589">
    <p class='ocr_par' dir='ltr' id='par_1_100' title="bbox 545 5507 2118 5589">
     <span class='ocr_line' id='line_1_100' title="bbox 545 5507 2118 5589; baseline 0.006 -23"><span class='ocrx_word' id='word_1_738' title='bbox 545 5507 656 5576; x_wconf 89' lang='lat' dir='ltr'><strong>die,</strong></span> <span class='ocrx_word' id='word_1_739' title='bbox 700 5525 810 5582; x_wconf 88' lang='lat' dir='ltr'><strong>quo</strong></span> <span class='ocrx_word' id='word_1_740' title='bbox 839 5512 970 5566; x_wconf 91' lang='lat' dir='ltr'><strong>olim</strong></span> <span class='ocrx_word' id='word_1_741' title='bbox 1000 5514 1309 5585; x_wconf 84' lang='lat' dir='ltr'><strong>baptizatus</strong></span> <span class='ocrx_word' id='word_1_742' title='bbox 1345 5524 1463 5570; x_wconf 89' lang='lat' dir='ltr'><strong>erat</strong></span> <span class='ocrx_word' id='word_1_743' title='bbox 1498 5525 1624 5573; x_wconf 90' lang='lat' dir='ltr'><strong>ante</strong></span> <span class='ocrx_word' id='word_1_744' title='bbox 1654 5520 1888 5575; x_wconf 85' lang='lat' dir='ltr'><strong>natalem</strong></span> <span class='ocrx_word' id='word_1_745' title='bbox 1920 5535 2118 5589; x_wconf 87' lang='lat' dir='ltr'><strong>suum;</strong></span> 
     </span>
    </p>
   </div>
   <div class='ocr_carea' id='block_1_101' title="bbox 617 5666 1654 5742">
    <p class='ocr_par' dir='ltr' id='par_1_101' title="bbox 617 5666 1654 5742">
     <span class='ocr_line' id='line_1_101' title="bbox 617 5666 1654 5742; baseline 0.005 -17"><span class='ocrx_word' id='word_1_746' title='bbox 617 5666 640 5703; x_wconf 73' lang='grc' dir='ltr'><strong>ί</strong></span> <span class='ocrx_word' id='word_1_747' title='bbox 682 5666 819 5727; x_wconf 87' lang='lat' dir='ltr'><strong>Luc.</strong></span> <span class='ocrx_word' id='word_1_748' title='bbox 860 5686 999 5739; x_wconf 67' lang='grc' dir='ltr'>χιιι,</span> <span class='ocrx_word' id='word_1_749' title='bbox 1034 5670 1119 5727; x_wconf 84' lang='lat' dir='ltr'><strong>I5.</strong></span> <span class='ocrx_word' id='word_1_750' title='bbox 1196 5674 1217 5706; x_wconf 81' lang='grc'><strong><em>³</em></strong></span> <span class='ocrx_word' id='word_1_751' title='bbox 1245 5671 1437 5730; x_wconf 79' lang='lat' dir='ltr'><strong>Matth.</strong></span> <span class='ocrx_word' id='word_1_752' title='bbox 1476 5690 1530 5742; x_wconf 71' lang='grc' dir='ltr'><strong>ν,</strong></span> <span class='ocrx_word' id='word_1_753' title='bbox 1568 5675 1654 5731; x_wconf 81' lang='lat' dir='ltr'><strong>I7.</strong></span> 
     </span>
    </p>
   </div>
   <div class='ocr_carea' id='block_1_102' title="bbox 2239 4510 3852 4588">
    <p class='ocr_par' dir='ltr' id='par_1_102' title="bbox 2239 4510 3852 4588">
     <span class='ocr_line' id='line_1_102' title="bbox 2239 4510 3852 4588; baseline 0.005 -26"><span class='ocrx_word' id='word_1_754' title='bbox 2239 4510 2536 4582; x_wconf 88' lang='grc' dir='ltr'>τριάκοντα</span> <span class='ocrx_word' id='word_1_755' title='bbox 2555 4514 2687 4582; x_wconf 79' lang='grc' dir='ltr'>ἡμῖν</span> <span class='ocrx_word' id='word_1_756' title='bbox 2709 4513 2934 4579; x_wconf 83' lang='grc' dir='ltr'>αἰῶνας,</span> <span class='ocrx_word' id='word_1_757' title='bbox 2959 4514 3068 4567; x_wconf 80' lang='grc' dir='ltr'>ἀπὸ</span> <span class='ocrx_word' id='word_1_758' title='bbox 3091 4514 3186 4567; x_wconf 82' lang='grc' dir='ltr'>τοῦ</span> <span class='ocrx_word' id='word_1_759' title='bbox 3207 4518 3676 4586; x_wconf 77' lang='grc' dir='ltr'>τριακονταέτους</span> <span class='ocrx_word' id='word_1_760' title='bbox 3695 4520 3852 4588; x_wconf 81' lang='grc' dir='ltr'>νομί-</span> 
     </span>
    </p>
   </div>
   <div class='ocr_carea' id='block_1_103' title="bbox 2239 4600 3851 4681">
    <p class='ocr_par' dir='ltr' id='par_1_103' title="bbox 2239 4600 3851 4681">
     <span class='ocr_line' id='line_1_103' title="bbox 2239 4600 3851 4681; baseline 0.007 -26"><span class='ocrx_word' id='word_1_761' title='bbox 2239 4600 2348 4667; x_wconf 81' lang='grc' dir='ltr'>ζων</span> <span class='ocrx_word' id='word_1_762' title='bbox 2380 4603 2479 4672; x_wconf 85' lang='grc' dir='ltr'><strong>τῆς</strong></span> <span class='ocrx_word' id='word_1_763' title='bbox 2511 4603 2605 4656; x_wconf 83' lang='grc' dir='ltr'><strong>τοῦ</strong></span> <span class='ocrx_word' id='word_1_764' title='bbox 2641 4604 2891 4676; x_wconf 83' lang='grc' dir='ltr'>Σωτῆρος</span> <span class='ocrx_word' id='word_1_765' title='bbox 2925 4607 3216 4678; x_wconf 80' lang='grc' dir='ltr'>ἀναγωγῆς</span> <span class='ocrx_word' id='word_1_766' title='bbox 3243 4608 3337 4660; x_wconf 82' lang='grc' dir='ltr'>καὶ</span> <span class='ocrx_word' id='word_1_767' title='bbox 3378 4608 3723 4680; x_wconf 82' lang='grc' dir='ltr'>ἀνδρώσεως</span> <span class='ocrx_word' id='word_1_768' title='bbox 3744 4612 3851 4681; x_wconf 75' lang='grc' dir='ltr'>τῆς</span> 
     </span>
    </p>
   </div>
   <div class='ocr_carea' id='block_1_104' title="bbox 2238 4694 3855 4776">
    <p class='ocr_par' dir='ltr' id='par_1_104' title="bbox 2238 4694 3855 4776">
     <span class='ocr_line' id='line_1_104' title="bbox 2238 4694 3855 4776; baseline 0.006 -28"><span class='ocrx_word' id='word_1_769' title='bbox 2238 4694 2402 4748; x_wconf 82' lang='grc' dir='ltr'>αὐτοῦ</span> <span class='ocrx_word' id='word_1_770' title='bbox 2433 4695 2651 4767; x_wconf 77' lang='grc' dir='ltr'>ἡλικίας</span> <span class='ocrx_word' id='word_1_771' title='bbox 2676 4713 2689 4725; x_wconf 92' lang='grc'><strong>·</strong></span> <span class='ocrx_word' id='word_1_772' title='bbox 2726 4697 2825 4751; x_wconf 79' lang='grc' dir='ltr'><strong>οὐκ</strong></span> <span class='ocrx_word' id='word_1_773' title='bbox 2859 4697 3036 4765; x_wconf 82' lang='grc' dir='ltr'>εἰδὼς,</span> <span class='ocrx_word' id='word_1_774' title='bbox 3070 4700 3153 4752; x_wconf 87' lang='grc' dir='ltr'>ὅτι</span> <span class='ocrx_word' id='word_1_775' title='bbox 3181 4699 3244 4751; x_wconf 86' lang='grc' dir='ltr'>οὐ</span> <span class='ocrx_word' id='word_1_776' title='bbox 3272 4701 3579 4768; x_wconf 81' lang='grc' dir='ltr'>τριάκοντα</span> <span class='ocrx_word' id='word_1_777' title='bbox 3610 4703 3717 4775; x_wconf 76' lang='grc' dir='ltr'><strong>ἐτη</strong></span> <span class='ocrx_word' id='word_1_778' title='bbox 3751 4706 3855 4776; x_wconf 77' lang='grc' dir='ltr'>μό-</span> 
     </span>
    </p>
   </div>
   <div class='ocr_carea' id='block_1_105' title="bbox 2236 4786 3857 4866">
    <p class='ocr_par' dir='ltr' id='par_1_105' title="bbox 2236 4786 3857 4866">
     <span class='ocr_line' id='line_1_105' title="bbox 2236 4786 3857 4866; baseline 0.005 -26"><span class='ocrx_word' id='word_1_779' title='bbox 2236 4802 2326 4840; x_wconf 88' lang='grc' dir='ltr'><strong>νον</strong></span> <span class='ocrx_word' id='word_1_780' title='bbox 2356 4786 2636 4858; x_wconf 84' lang='grc' dir='ltr'>ἐποίησεν,</span> <span class='ocrx_word' id='word_1_781' title='bbox 2665 4788 2780 4843; x_wconf 85' lang='grc' dir='ltr'>ἀλλ’</span> <span class='ocrx_word' id='word_1_782' title='bbox 2805 4790 2864 4843; x_wconf 88' lang='grc' dir='ltr'><strong>ἐν</strong></span> <span class='ocrx_word' id='word_1_783' title='bbox 2887 4790 2965 4860; x_wconf 87' lang='grc' dir='ltr'><strong>τῷ</strong></span> <span class='ocrx_word' id='word_1_784' title='bbox 2994 4790 3299 4862; x_wconf 86' lang='grc' dir='ltr'>τριακοστῷ</span> <span class='ocrx_word' id='word_1_785' title='bbox 3322 4790 3667 4865; x_wconf 80' lang='grc' dir='ltr'>ἐϐαπτίσθη,</span> <span class='ocrx_word' id='word_1_786' title='bbox 3701 4796 3857 4866; x_wconf 73' lang='grc' dir='ltr'>μετὰ</span> 
     </span>
    </p>
   </div>
   <div class='ocr_carea' id='block_1_106' title="bbox 2234 4877 3858 4955">
    <p class='ocr_par' dir='ltr' id='par_1_106' title="bbox 2234 4877 3858 4955">
     <span class='ocr_line' id='line_1_106' title="bbox 2234 4877 3858 4955; baseline 0.006 -25"><span class='ocrx_word' id='word_1_787' title='bbox 2234 4878 2297 4931; x_wconf 84' lang='grc' dir='ltr'>τὸ</span> <span class='ocrx_word' id='word_1_788' title='bbox 2329 4877 2620 4949; x_wconf 85' lang='grc' dir='ltr'>πληρῶσαι</span> <span class='ocrx_word' id='word_1_789' title='bbox 2663 4882 2996 4936; x_wconf 84' lang='grc' dir='ltr'>εἰκοσιεννέα</span> <span class='ocrx_word' id='word_1_790' title='bbox 3042 4881 3138 4953; x_wconf 79' lang='grc' dir='ltr'>ἔτη</span> <span class='ocrx_word' id='word_1_791' title='bbox 3191 4883 3286 4936; x_wconf 79' lang='grc' dir='ltr'>καὶ</span> <span class='ocrx_word' id='word_1_792' title='bbox 3317 4882 3453 4938; x_wconf 77' lang='grc' dir='ltr'>δέκα</span> <span class='ocrx_word' id='word_1_793' title='bbox 3503 4883 3727 4955; x_wconf 82' lang='grc' dir='ltr'>μῆνας,</span> <span class='ocrx_word' id='word_1_794' title='bbox 3773 4887 3858 4948; x_wconf 73' lang='grc' dir='ltr'>ὡς</span> 
     </span>
    </p>
   </div>
   <div class='ocr_carea' id='block_1_107' title="bbox 2236 4971 3858 5048">
    <p class='ocr_par' dir='ltr' id='par_1_107' title="bbox 2236 4971 3858 5048">
     <span class='ocr_line' id='line_1_107' title="bbox 2236 4971 3858 5048; baseline 0.006 -26"><span class='ocrx_word' id='word_1_795' title='bbox 2236 4971 2601 5043; x_wconf 75' lang='grc' dir='ltr'>προεῖπον,τῇ</span> <span class='ocrx_word' id='word_1_796' title='bbox 2616 4971 2893 5048; x_wconf 78' lang='grc' dir='ltr'>δωδεκάτῃ</span> <span class='ocrx_word' id='word_1_797' title='bbox 2936 4972 3123 5045; x_wconf 80' lang='grc' dir='ltr'>’Δθὺρ,</span> <span class='ocrx_word' id='word_1_798' title='bbox 3158 4974 3267 5045; x_wconf 81' lang='grc' dir='ltr'><strong>πρὸ</strong></span> <span class='ocrx_word' id='word_1_799' title='bbox 3279 4972 3425 5029; x_wconf 83' lang='grc' dir='ltr'>ὀκτὼ</span> <span class='ocrx_word' id='word_1_800' title='bbox 3451 4975 3641 5031; x_wconf 80' lang='grc' dir='ltr'>Εἰδῶν</span> <span class='ocrx_word' id='word_1_801' title='bbox 3663 4977 3858 5047; x_wconf 68' lang='lat' dir='ltr'><strong>Neap-</strong></span> 
     </span>
    </p>
   </div>
   <div class='ocr_carea' id='block_1_108' title="bbox 2234 5060 3863 5145">
    <p class='ocr_par' dir='ltr' id='par_1_108' title="bbox 2234 5060 3863 5145">
     <span class='ocr_line' id='line_1_108' title="bbox 2234 5060 3863 5145; baseline 0.009 -32"><span class='ocrx_word' id='word_1_802' title='bbox 2234 5060 2433 5132; x_wconf 73' lang='lat' dir='ltr'><strong>Sptwv&#39;</strong></span> <span class='ocrx_word' id='word_1_803' title='bbox 2467 5064 2564 5117; x_wconf 75' lang='grc' dir='ltr'>καὶ</span> <span class='ocrx_word' id='word_1_804' title='bbox 2607 5066 2748 5135; x_wconf 73' lang='grc' dir='ltr'>μετὰ</span> <span class='ocrx_word' id='word_1_805' title='bbox 2794 5066 2966 5120; x_wconf 84' lang='grc' dir='ltr'>ταῦτα</span> <span class='ocrx_word' id='word_1_806' title='bbox 3020 5066 3265 5139; x_wconf 79' lang='grc' dir='ltr'>κηρύξας</span> <span class='ocrx_word' id='word_1_807' title='bbox 3317 5070 3575 5126; x_wconf 73' lang='grc' dir='ltr'>ἐνιαυτὸν</span> <span class='ocrx_word' id='word_1_808' title='bbox 3620 5073 3863 5145; x_wconf 55' lang='lat' dir='ltr'><strong>Rupit»</strong></span> 
     </span>
    </p>
   </div>
   <div class='ocr_carea' id='block_1_109' title="bbox 2231 5152 3865 5224">
    <p class='ocr_par' dir='ltr' id='par_1_109' title="bbox 2231 5152 3865 5224">
     <span class='ocr_line' id='line_1_109' title="bbox 2231 5152 3865 5224; baseline 0.008 -18"><span class='ocrx_word' id='word_1_809' title='bbox 2231 5152 2421 5207; x_wconf 83' lang='grc' dir='ltr'>δεκτόν</span> <span class='ocrx_word' id='word_1_810' title='bbox 2441 5169 2455 5184; x_wconf 85' lang='grc'><strong>·</strong></span> <span class='ocrx_word' id='word_1_811' title='bbox 2493 5153 2590 5209; x_wconf 78' lang='grc' dir='ltr'><strong>καὶ</strong></span> <span class='ocrx_word' id='word_1_812' title='bbox 2620 5155 2761 5224; x_wconf 82' lang='grc' dir='ltr'>μετὰ</span> <span class='ocrx_word' id='word_1_813' title='bbox 2797 5156 2892 5210; x_wconf 83' lang='grc' dir='ltr'>τὸν</span> <span class='ocrx_word' id='word_1_814' title='bbox 2924 5160 3167 5215; x_wconf 79' lang='grc' dir='ltr'>ἐνιαυτὸν</span> <span class='ocrx_word' id='word_1_815' title='bbox 3200 5158 3360 5214; x_wconf 80' lang='grc' dir='ltr'>ἀλλον</span> <span class='ocrx_word' id='word_1_816' title='bbox 3392 5163 3654 5218; x_wconf 77' lang='grc' dir='ltr'>ἐνιαυτὸν</span> <span class='ocrx_word' id='word_1_817' title='bbox 3686 5166 3865 5218; x_wconf 77' lang='grc' dir='ltr'>ἀντι-</span> 
     </span>
    </p>
   </div>
   <div class='ocr_carea' id='block_1_110' title="bbox 2230 5239 3867 5323">
    <p class='ocr_par' dir='ltr' id='par_1_110' title="bbox 2230 5239 3867 5323">
     <span class='ocr_line' id='line_1_110' title="bbox 2230 5239 3867 5323; baseline 0.009 -29"><span class='ocrx_word' id='word_1_818' title='bbox 2230 5239 2541 5314; x_wconf 84' lang='grc' dir='ltr'>λεγόμενον,</span> <span class='ocrx_word' id='word_1_819' title='bbox 2577 5245 2672 5299; x_wconf 80' lang='grc' dir='ltr'>καὶ</span> <span class='ocrx_word' id='word_1_820' title='bbox 2690 5245 3332 5322; x_wconf 79' lang='grc' dir='ltr'>ἐϐδομηκοντατέσσαρας</span> <span class='ocrx_word' id='word_1_821' title='bbox 3361 5252 3587 5323; x_wconf 75' lang='grc' dir='ltr'>ἡμέρας</span> <span class='ocrx_word' id='word_1_822' title='bbox 3618 5254 3867 5308; x_wconf 74' lang='grc' dir='ltr'>ἀντιλε-</span> 
     </span>
    </p>
   </div>
   <div class='ocr_carea' id='block_1_111' title="bbox 2230 5335 3863 5413">
    <p class='ocr_par' dir='ltr' id='par_1_111' title="bbox 2230 5335 3863 5413">
     <span class='ocr_line' id='line_1_111' title="bbox 2230 5335 3863 5413; baseline 0.007 -24"><span class='ocrx_word' id='word_1_823' title='bbox 2230 5335 2487 5407; x_wconf 82' lang='grc' dir='ltr'>γομένας,</span> <span class='ocrx_word' id='word_1_824' title='bbox 2513 5336 2664 5403; x_wconf 84' lang='grc' dir='ltr'>ἐξότε</span> <span class='ocrx_word' id='word_1_825' title='bbox 2692 5338 3018 5411; x_wconf 80' lang='grc' dir='ltr'>ἐϐαπτίσθη,</span> <span class='ocrx_word' id='word_1_826' title='bbox 3041 5342 3151 5412; x_wconf 81' lang='grc' dir='ltr'>πρὸ</span> <span class='ocrx_word' id='word_1_827' title='bbox 3168 5341 3278 5396; x_wconf 86' lang='grc' dir='ltr'><strong>τῶν</strong></span> <span class='ocrx_word' id='word_1_828' title='bbox 3302 5343 3471 5397; x_wconf 80' lang='grc' dir='ltr'>αὐτοῦ</span> <span class='ocrx_word' id='word_1_829' title='bbox 3501 5345 3863 5413; x_wconf 57' lang='grc' dir='ltr'>γενεθλὲιωγ</span> 
     </span>
    </p>
   </div>
   <div class='ocr_carea' id='block_1_112' title="bbox 2229 5424 3871 5512">
    <p class='ocr_par' dir='ltr' id='par_1_112' title="bbox 2229 5424 3871 5512">
     <span class='ocr_line' id='line_1_112' title="bbox 2229 5424 3871 5512; baseline 0.009 -31"><span class='ocrx_word' id='word_1_830' title='bbox 2229 5426 2370 5482; x_wconf 82' lang='grc' dir='ltr'>ὥστε</span> <span class='ocrx_word' id='word_1_831' title='bbox 2402 5424 2541 5485; x_wconf 78' lang='grc' dir='ltr'>εἶναι</span> <span class='ocrx_word' id='word_1_832' title='bbox 2579 5430 2649 5484; x_wconf 80' lang='grc' dir='ltr'><strong>τά</strong></span> <span class='ocrx_word' id='word_1_833' title='bbox 2691 5432 2868 5486; x_wconf 84' lang='grc' dir='ltr'>πάντα</span> <span class='ocrx_word' id='word_1_834' title='bbox 2901 5431 2996 5505; x_wconf 79' lang='grc' dir='ltr'><strong>ἐτη</strong></span> <span class='ocrx_word' id='word_1_835' title='bbox 3026 5433 3128 5505; x_wconf 83' lang='grc' dir='ltr'>τῆς</span> <span class='ocrx_word' id='word_1_836' title='bbox 3165 5434 3331 5490; x_wconf 80' lang='grc' dir='ltr'>αὑτοῦ</span> <span class='ocrx_word' id='word_1_837' title='bbox 3373 5438 3655 5512; x_wconf 85' lang='grc' dir='ltr'>ἐνσάρκου</span> <span class='ocrx_word' id='word_1_838' title='bbox 3688 5456 3871 5512; x_wconf 72' lang='grc' dir='ltr'>παρ-</span> 
     </span>
    </p>
   </div>
   <div class='ocr_carea' id='block_1_113' title="bbox 2226 5522 3876 5607">
    <p class='ocr_par' dir='ltr' id='par_1_113' title="bbox 2226 5522 3876 5607">
     <span class='ocr_line' id='line_1_113' title="bbox 2226 5522 3876 5607; baseline 0.009 -32"><span class='ocrx_word' id='word_1_839' title='bbox 2226 5522 2413 5587; x_wconf 89' lang='grc' dir='ltr'>ουσίας</span> <span class='ocrx_word' id='word_1_840' title='bbox 2454 5522 2557 5589; x_wconf 60' lang='grc' dir='ltr'>ἕως</span> <span class='ocrx_word' id='word_1_841' title='bbox 2591 5524 2687 5580; x_wconf 83' lang='grc' dir='ltr'>τοῦ</span> <span class='ocrx_word' id='word_1_842' title='bbox 2721 5525 2928 5591; x_wconf 82' lang='grc' dir='ltr'>πάθους</span> <span class='ocrx_word' id='word_1_843' title='bbox 2968 5527 3075 5583; x_wconf 81' lang='grc' dir='ltr'>ἀπὸ</span> <span class='ocrx_word' id='word_1_844' title='bbox 3098 5529 3197 5602; x_wconf 83' lang='grc' dir='ltr'>τῆς</span> <span class='ocrx_word' id='word_1_845' title='bbox 3227 5532 3541 5603; x_wconf 80' lang='grc' dir='ltr'>γεννήσεως</span> <span class='ocrx_word' id='word_1_846' title='bbox 3576 5550 3876 5607; x_wconf 76' lang='grc' dir='ltr'>τριακον-</span> 
     </span>
    </p>
   </div>
  </div>
