3866 6068
167 410 264 471 945

909 410 1276 467 ADVERSUS
1312 413 1654 470 ιιΑΞιιΕδι-ῖε
1692 414 1744 468 LI

1864 416 2114 472 IIJTOM.
2158 417 2197 471 l.
2241 447 2309 455 —
2353 416 2624 470 “illis.
2663 414 2745 471 Ll.

3315 414 3419 483 om

227 519 511 591 Σημαίνων
545 521 671 591 περι
716 525 1111 596 Πεντηκοστῆς.
1151 529 1304 582 Μετὰ
1344 530 1452 601 γὰρ
1481 532 1541 584 τὸ
1581 532 1742 586 θῦσαι

1919 532 2130 600 Quibus
2160 534 2344 589 verbis
2374 533 2739 589 Pentecoslen
2790 532 3012 586 iudicat.
3051 531 3261 585 Etenim
3299 542 3423 600 post

159 614 217 664 τὸ
246 611 459 681 Πάσχα,
495 610 629 665 εἴσω
662 612 826 682 τριῶν
852 616 1097 685 ἡμερῶν,
1137 612 1383 673 τουτέστι
1419 622 1555 691 μετὰ
1588 625 1738 691 τρεῖς

156 702 365 774 ἡμέρας
392 701 490 755 τοῦ
518 704 811 774 προϐάτου,
839 706 1173 776 προσέταττε
1213 710 1275 762 τὸ
1313 699 1535 783 δράγμα
1561 715 1743 782 εἰσφέ-

159 794 362 863 ρεσθαι·
399 794 497 847 ἵνα.
525 796 746 867 σημάνῃ
786 796 847 850 τὸ
875 798 1236 870 εύλογημένον
1276 801 1494 873 δράγμα
1536 804 1743 875 ἐγειρό-

156 903 313 955 μενον
342 887 406 939 ἐκ
434 885 547 938 τῶν
578 887 791 958 νεκρῶν
823 889 960 959 μετὰ
1005 891 1196 962 τρίτην
1229 893 1462 964 ἡμέραν,
1506 896 1605 966 τῆς
1637 894 1741 964 γῆς

156 977 285 1030 αὐτὸ
323 978 774 1050 προσφερούσης,
822 983 917 1034 καὶ
949 981 1114 1035 αὐτοῦ
1160 984 1307 1038 αὐτὸ.
1332 986 1493 1045 πάλιν
1524 985 1743 1056 κομιζο-

157 1068 320 1137 μένου
350 1068 444 1121 ἀπ⁹
476 1069 646 1139 αὐτῆς
670 1072 726 1123 ὲν
756 1074 821 1143 τῇ
857 1062 1154 1127 ἀναστάσει
1186 1074 1277 1128 τοῦ
1312 1078 1615 1147 μνήματος,
1649 1077 1743 1131 καὶ

159 1159 409 1229 μένοντος
446 1161 543 1213 σὺν
579 1165 692 1225 τοῖς
741 1164 1009 1235 μαθηταῖς
1052 1168 1462 1238 τεσσαράκοντα
1508 1168 1741 1239 ἡμέρας,

159 1250 247 1303 καὶ
275 1251 368 1303 ἐπὶ
397 1251 475 1321 τῷ
502 1252 644 1310 τέλει
669 1253 770 1323 τῆς
798 1256 1179 1329 Πεντηκοστῆς
1227 1260 1571 1329 εἰσφέροντος
1613 1262 1745 1314 αὐτὸ

158 1341 233 1404 εἰς
254 1340 326 1402 τά
357 1342 658 1411 ἐπουράνια
682 1344 760 1415 τῷ
790 1347 966 1416 Πατρὶ
994 1348 1056 1400 τὸ
1081 1350 1423 1420 πρωτότοκον
1452 1350 1559 1405 τῶν
1591 1370 1744 1423 πρω-

152 1431 414 1497 τοτόκων,
448 1435 483 1503 ἡ
515 1435 738 1505 ἀπαρχὴ
769 1437 802 1507 ἡ
846 1437 977 1505 ἁγία
996 1479 1011 1504 ,
1040 1439 1101 1491 τὸ
1145 1439 1392 1511 δράγμα,
1427 1441 1455 1493 ὃ
1487 1442 1746 1513 ἐδράξατο

151 1523 258 1576 ἀπὸ
287 1525 515 1597 Μαρίας
540 1566 553 1586 ,
583 1526 616 1596 ἡ
648 1527 1041 1595 ἁγκαλισθείσα
1079 1531 1137 1583 ὲν
1169 1530 1290 1603 Θεῷ
1308 1573 1323 1598 ,
1350 1534 1379 1585 ό
1405 1534 1615 1605 καρπὸς
1647 1536 1746 1606 τῆς

153 1615 386 1679 κοιλίας,
417 1618 451 1687 ἡ
486 1618 712 1690 ἀπαρχὴ
739 1620 841 1691 τῆς
882 1621 1016 1676 ἅλω.
1052 1622 1250 1676 Ούκέτι
1286 1628 1395 1696 γὰρ
1431 1626 1570 1695 μετὰ
1604 1627 1746 1679 Πενη

149 1704 423 1777 τηκοστὴν
454 1705 517 1759 τὸ
541 1706 804 1778 δρέπανον
828 1711 1083 1782 ἀπαρχὴν
1107 1711 1225 1782 Θεῷ
1259 1714 1578 1785 προσφέρει.
1603 1717 1751 1769 Οὐκ-

1844 626 2179 679 immolatum
2228 624 2474 691 Pascha,
2529 626 2671 680 intra
2726 625 2947 679 tertium
3022 623 3186 687 diem,
3239 622 3422 677 olferri

1846 716 2183 786 manipulum
2231 714 2460 785 iubebat
2497 735 2509 769 :
2545 724 2604 769 ιιι
2643 716 2920 771 benedicti
2962 710 3107 769 illius
3158 713 3422 782 manipuli

1843 809 2196 864 adumbraret
2234 808 2551 879 imaginem,
2579 810 2672 878 qui
2704 825 2733 861 ιι
2780 807 3013 862 mortuis
3039 807 3338 867 excitatus,
3370 813 3425 858 et

1842 913 1871 952 a
1900 906 2045 954 terra
2078 899 2484 969 quodammodo
2527 900 2616 954 die
2671 900 2832 953 tertia
2871 909 2956 954 est
3000 899 3239 962 oblatus,
3279 894 3423 950 unde

1843 1006 1966 1045 eum
1999 992 2059 1044 in'
2086 991 2177 1044 illa
2204 990 2273 1046 de
2302 992 2562 1061 sepulcro
2604 990 3010 1044 resurrectione
3058 991 3422 1057 recuperavit.

1845 1081 1972 1135 Inde
2000 1097 2068 1135 τι.
2097 1081 2292 1137 diebus
2342 1096 2467 1135 cum
2506 1081 2790 1150 discipulis
2828 1086 3100 1143 moratus,
3146 1086 3427 1147 postremo

1846 1174 1949 1228 sub
1980 1172 2140 1228 linem
2195 1172 2571 1239 Pentecostes,
2612 1171 2865 1226 eumdem
2910 1170 3058 1223 Patri
3108 1167 3427 1222 coelestibus

1849 1265 1901 1319 in
1929 1265 2225 1320 domiciliis
2246 1266 2443 1320 obtulit
2464 1284 2478 1319 :
2497 1266 2589 1336 qui
2618 1273 2701 1321 est
2744 1262 3141 1334 primogenitns
3168 1275 3197 1313 e
3224 1260 3429 1329 primo-

1846 1358 2068 1427 genitis,
2124 1357 2383 1427 primitiae
2437 1368 2662 1421 sanctae,
2704 1355 3021 1425 manipulus
3064 1367 3105 1427 οἱ
3137 1351 3307 1404 Maria
3342 1348 3433 1404 dc-

1848 1455 2052 1511 sectus,
2074 1447 2242 1503 fascis
2271 1448 2325 1501 in
2354 1446 2465 1502 Deo
2490 1445 2945 1517 comprehensus,
2964 1442 3178 1496 fructus
3200 1441 3426 1502 ventris.

1848 1552 1989 1593 arcae
2022 1538 2295 1609 primitiae.
2330 1536 2516 1604 Neque
2538 1538 2684 1592 enim
2723 1543 2849 1606 post
2877 1534 3238 1589 Pentecostcn
3267 1532 3433 1600 depu-

1849 1636 1974 1682 tata:
2000 1628 2137 1684 falce
2161 1630 2418 1700 primitiae
2445 1627 3025 1696 oli‘erunturnamplius.
3057 1624 3240 1690 Quare
3267 1637 3431 1691 neque

1851 1715 2092 1771 Christus
2110 1718 2229 1787 jam
2253 1720 2501 1781 moritur,
2522 1733 2663 1771 mors
2683 1717 2730 1770 ei
2753 1717 2897 1768 ultra
2919 1731 3021 1768 non
3044 1712 3426 1772 dominabitur,

147 1795 234 1855 ἐτι
259 1798 373 1865 γὰρ
402 1799 662 1866 Χριστὸς
685 1800 1078 1869 ἀποθνήσκει,
1110 1801 1367 1869 θάνατος
1393 1803 1581 1857 αὐτοῦ
1606 1805 1744 1857 οὐκ·

1852 1817 1911 1862 ut
1946 1808 2208 1875 scriptum
2240 1808 2384 1862 est‘.
2411 1806 2602 1862 Jamne
2632 1805 2786 1861 vides
2821 1814 2954 1875 quot
2976 1807 3031 1859 in
3058 1808 3175 1873 lege
3223 1810 3429 1874 myste—

145 1885 231 1940 ἐτι
265 1888 560 1954 κυριεύει,
592 1889 732 1942 κατὰ
762 1890 822 1943 τὸ
857 1891 1262 1962 γεγραμμένον.
1300 1893 1409 1945 Καὶ
1444 1892 1578 1963 ὁρᾷς
1604 1893 1744 1947 πόσα

1852 1900 1929 1953 ria
1961 1882 2268 1969 significata
2301 1898 2435 1963 sint,
2472 1901 2523 1950 in
2564 1896 2859 1966 Evangelio
2901 1895 3186 1965 perfecta?
3215 1892 3432 1957 Quanta

147 1976 283 2030 Θεοῦ
339 1982 624 2051 μυστήρια
671 1982 980 2050 προετύπου
1029 1984 1226 2054 νόμος,
1272 1985 1371 2037 καὶ
1414 1985 1652 2056 ἐπλήρου
1689 1986 1744 2039 τὸ

1853 2004 2018 2060 porro
2052 1989 2127 2043 ad-
2162 2004 2281 2043 eam
2331 2004 2445 2043 rem
2502 1988 2792 2058 perspicue
2847 1983 3233 2039 declarandam
3278 1996 3435 2049 argu-

146 2069 525 2138 Εςδαγγέλιονς
565 2072 737 2161 Πόθεν
764 2073 820 2125 δὲ
849 2074 947 2127 οὑκ
986 2074 1183 2144 ἔχομεν
1218 2073 1423 2127 τούτων
1446 2073 1617 2142 δεῖξαι
1650 2077 1744 2146 τὴν

1853 2088 2160 2135 mentorum
2185 2076 2343 2149 copia
2368 2078 2646 2149 suppetit?
2678 2078 2785 2135 Sed
2826 2092 2895 2132 ne
2927 2075 3145 2145 longius
3174 2079 3434 2129 excurrat

147 2160 453 2233 σαφήνειαν
476 2162 613 2225 ;Διᾶι
636 2164 696 2217 τὺ
731 2165 805 2235 μὴ
833 2167 912 2228 εἰς
944 2165 1141 2227 πλάτος
1168 2164 1279 2236 (55)
1318 2166 1504 2236 φέρειν
1528 2167 1619 2219 τὸν
1652 2167 1744 2218 λό-

1852 2173 2059 2234 oratio,
2085 2171 2152 2224 ad
2183 2173 2234 2226 id
2272 2171 2419 2240 quod
2461 2171 2617 2225 initio
2648 2169 2990 2241 propositum
3038 2176 3155 2221 erat
3200 2165 3435 2220 redeun-

142 2270 258 2320 γον,
294 2257 311 2286 ¹
338 2255 426 2308 διὸ
462 2255 560 2308 ἐπὶ
608 2255 706 2326 τὴν
756 2257 1076 2311 ἀκολουθίαν
1121 2257 1282 2310 πάλιν
1333 2258 1744 2328 ἐπιπρεπτέον.

139 2343 396 2396 Φαίνεται
431 2344 497 2397 δὲ
527 2345 636 2398 ἀπό
678 2362 739 2397 τε
781 2346 887 2399 τῶν
939 2346 1184 2416 σταχύων
1221 2347 1313 2399 καὶ
1345 2346 1452 2398 άπὸ
1483 2345 1574 2398 τοῦ
1605 2348 1748 2416 ἀμη-

138 2438 253 2504 τοῦ,
298 2440 400 2494 καὶ
441 2440 563 2507 τῶν
597 2440 873 2513 μαθητῶν,
915 2443 990 2505 ὡς
1032 2442 1167 2512 μετὰ
1186 2442 1301 2495 ’τῶν
1341 2443 1749 2514 τεσσαράκοντα

134 2532 363 2603 ἡμερῶν
400 2533 724 2603 πειρασμὸν
758 2533 931 2586 ταῦτα
964 2534 1142 2587 πάντα
1184 2534 1451 2604 διηγεῖται
1490 2537 1519 2587 ὁ
1561 2536 1748 2589 Ἰωάνα

133 2638 249 2692 νης,
285 2622 385 2675 καὶ
417 2623 671 2685 Λουκᾶς,
703 2624 796 2675 καὶ
829 2625 876 2676 oi
902 2624 1122 2687 πάντες.

201 2713 328 2766 AB’.
368 2714 501 2766 Οὐκ
529 2711 804 2766 αἰδοῦνται
838 2712 895 2766 δὲ
928 2714 1088 2768 πάλιν
1130 2714 1181 2767 οἱ
1208 2713 1440 2768 τοιοῦτοι
1473 2715 1615 2769 κατὰ
1644 2714 1751 2768 τῶν

129 2803 237 2858 ὑπὸ
285 2804 386 2858 τοῦ
444 2803 618 2871 ἁγίου
675 2804 922 2857 Ἰωάννου
967 2804 1286 2875 εἰρημένων⁴
1319 2804 1748 2874 ἐξοπλιζόμενοι,

126 2896 455 2967 νομίζοντες
520 2896 592 2965 μή
629 2911 705 2967 πη
739 2896 848 2966 ἄρα
885 2895 1139 2951 δύνανται
1184 2896 1283 2967 τὴν
1324 2894 1579 2967 ἀλήθειαν
1624 2897 1753 2949 ἁναο

125 2987 356 3058 τρέπειν
381 3005 393 3019 ·
425 2988 546 3065 οὐκ
578 2985 934 3050 εἰδότες,,ὂτι
974 2986 1094 3039 καθ’
1125 2986 1335 3041 ἑαυτῶν
1369 2986 1567 3057 μᾶλλον
1600 2986 1753 3041 ὁπλί‹

124 3076 337 3145 ζονται,
373 3080 493 3150 ἧπε
515 3095 547 3149 ρ
577 3078 719 3132 κατὰ
743 3079 845 3149 τῆς
866 3076 1052 3146 ὑγιοῦς
1077 3077 1446 3141 διδασκαλίας.
1481 3080 1752 3132 Φάσκουσι

123 3168 183 3222 δὲ
218 3170 366 3223 κατὰ
396 3171 521 3240 τῆς
564 3168 983 3238 Ἀποκαλύύεως
1009 3167 1137 3221 τάδε
1162 3169 1533 3239 χλευάζοντες·
1563 3170 1627 3224 Τί
1661 3188 1749 3241 με,

121 3263 314 3333 φησιν,
345 3262 634 3332 ὠφελεῖή
677 3260 1045 3330 Ἀποκάλυψις
1087 3262 1354 3325 Ἰωάννου,
1381 3262 1619 3332 λέγουσέι
1659 3281 1750 3334 μοι

119 3354 258 3420 περὶ
302 3354 470 3408 ἑπτὰ
530 3352 823 3422 ἀγγέλων,
866 3352 965 3407 καὶ
1008 3352 1163 3407 ἑπτὰ
1213 3355 1599 3423 σαλπίγγων;
1652 3356 1752 3408 οὐκ

115 3446 345 3509 εἰδότες,
377 3445 528 3509 πῶς
551 3444 826 3512 ἀναγκαία
856 3446 950 3497 καὶ
981 3443 1236 3515 ὠφέλιμα
1264 3446 1487 3500 τοιαῦτα
1512 3447 1751 3520 ὑπῆρξεν

116 3541 173 3591 ὲν
205 3542 275 3610 τῇ
316 3538 604 3611 ὀρθότητι
635 3535 731 3589 τοῦ
780 3537 1153 3607 κηρύγματος.
1183 3538 1323 3591 Ὅσα
1353 3537 1461 3610 γὰρ
1492 3533 1560 3609 ἦν
1601 3540 1753 3611 νόμῳ

112 3632 213 3685 καὶ.
240 3634 302 3685 ὲν
332 3628 675 3703 προφήταις
721 3628 971 3681 σκοτεινὰ
1016 3630 1111 3682 καὶ
1152 3630 1549 3701 αἰνιγματώδη,
1580 3629 1751 3683 ταῦτα

117 3721 149 3773 ό
179 3722 403 3793 Κύριος
455 3719 789 3792 ᾠκονόμησε
835 3719 923 3772 διὰ
970 3720 1065 3772 τοῦ
1111 3720 1266 3789 ἁγίου
1309 3721 1632 3793 Πνεύματος
1671 3721 1753 3780 είς

113 3815 287 3885 ⁴ἡμῶν
312 3812 618 3884 σωτηρίαν
641 3811 719 3881 τῷ
740 3809 909 3881 δούλῳ
935 3811 1102 3865 αὐτοῦ
1138 3813 1357 3885 Ἰωάννη
1381 3812 1748 3883 ἀποκαλύψαιθ

115 3906 188 3965 τὰ
217 3909 418 3960 ἐκεῖσε
455 3903 718 3963 σκοτεινὰ
749 3897 851 3957 ὦδε
899 3906 980 3968 εἰς
1024 3906 1369 3975 πνευματικὰ
1414 3905 1508 3957 καὶ
1548 3902 1749 3973 ἔκδηλα

112 3997 459 4069 κηρύττων.
508 3994 909 4065 Πνευματικῶς
935 3994 991 4048 δὲ
1033 3995 1164 4065 ἡμῖν
1192 3993 1261 4048 τὰ
1290 3995 1431 4048 αὐτὰ
1460 3994 1748 4066 ᾠκονόμει.

112 4091 233 4144 Καὶ
264 4093 336 4144 ὲκ
372 4089 685 4161 δερμάτων
715 4088 813 4159 μὲν
856 4088 976 4141 τότε
1007 4085 1405 4152 κατασκευάζει
1450 4085 1568 4155 τὴν
1607 4104 1753 4156 ovan-

108 4182 260 4251 γὴν,
276 4174 432 4236 ’τῶν
463 4179 785 4249 δερμάτων
806 4178 1406 4249 ὴρυθροδανωμένων,
1431 4179 1530 4234 καὶ
1554 4182 1755 4234 baiar—

111 4276 333 4338 θίνων,
353 4274 466 4327 καὶ
489 4273 566 4324 τὰ
599 4270 745 4341 ἑξῆς,
765 4272 854 4325 ἴνα
877 4272 1024 4344 δείξῃ
1055 4272 1152 4342 τὴν
1186 4270 1388 4342 σκηνὴν
1411 4271 1590 4324 ἐκεῖσε
1623 4287 1744 4343 σκη-

1855 4265 2078 4329 ηιοιιιιω
2119 4265 2459 4320 conformata
2507 4269 2860 4333 proponeret.
2890 4261 3191 4349 ~Siquidem
3221 4269 3435 4316 veteres

106 4365 213 4437 κήν
268 4364 388 4436 μὲν
440 4359 661 4427 οὖσαν,
696 4362 1104 4435 ἀποδεχομένην
1158 4363 1216 4417 δὲ
1262 4361 1360 4433 τὴν
1407 4363 1744 4434 τελειοτάτην

1856 4358 1963 4413 illa:
2013 4373 2206 4412 omnes
2253 4358 2521 4427 imagines
2579 4363 2803 4426 propter
2863 4370 2964 4409 nos
3011 4353 3242 4424 spiritali
3276 4354 3435 4423 plane

106 4454 334 4527 σκηνὴν
365 4453 478 4507 τοῦ
519 4452 784 4523 Χριστοῦ.
825 4453 1014 4525 Δέρμα
1052 4454 1160 4525 γὰρ
1190 4453 1300 4507 ἀπὸ
1330 4451 1579 4523 σώματος
1617 4453 1744 4522 γίνε⁴

1855 4457 1984 4504 sunt
2027 4450 2243 4504 ratione
2301 4448 2599 4517 dispositae.
2645 4445 2804 4501 Velut
2845 4447 2990 4517 quod
3035 4445 3435 4500 tabernaculum

98 4565 197 4603 ται
246 4545 476 4619 νεκρὸν
524 4544 610 4607 ὃν,
655 4543 730 4608 ὡς
777 4544 906 4598 σκιὰ
942 4544 1189 4616 σώματος
1222 4542 1446 4609 ζῶντος,
1484 4545 1744 4617 ἴνα-δείξῃ

1853 4559 1918 4596 ex
1947 4542 2233 4595 rubricatis
2264 4550 2313 4594 et
2339 4540 2699 4611 hyacinthi-ds
2733 4538 2958 4608 pellibus
2995 4546 3434 4617 coagmentatum

100 4616 563 4711 adipata—dum
602 4634 703 4705 τὴν
740 4635 945 4708 σκηνὴν
971 4637 1065 4692 τοῦ
1108 4636 1264 4691 Θεοῦ.
1302 4637 1519 4709 Ἐπειδὴ
1552 4638 1659 4709 γὰρ
1691 4616 1744 4691 ὲν

1852 4634 2087 4706 legimus
2117 4634 2160 4699 ⁸,
2188 4630 2252 4688 ac
2277 4632 2323 4688 si
2358 4647 2463 4703 qua
2496 4640 2625 4688 sunt
2655 4631 2776 4702 cjus
2812 4632 3030 4702 generis
3057 4632 3185 4694 alia,
3217 4616 3282 4685 eo
3312 4616 3437 4699 per?-

97 4733 385 4805 σώμασιν
426 4712 983 4802 ἁγίοιςηκατασκηνοῖ
1008 4731 1037 4783 ὁ
1062 4729 1213 4796 Θεὸς,
1243 4731 1620 4803 πληρουμένου
1653 4729 1744 4785 τοῦ

1858 4728 2053 4787 tinent,
2105 4732 2165 4779 ut
2218 4725 2273 4779 in
2327 4724 2493 4794 hujus
2532 4722 2944 4780 tabernaculum
2990 4731 3279 4780 venturum
3311 4736 3435 4777 esse

95 4804 312 4897 ῥητοῦ,
369 4824 471 4878 ὃτι
522 4818 984 4886 Κατασκηνώσω
1023 4822 1095 4874 ἐν
1121 4822 1348 4888 αὐτοῖς,
1383 4821 1481 4875 καὶ
1513 4822 1744 4891 ἐμπερι-

1857 4826 2209 4873 monstraret.
2252 4815 2420 4873 Pellis
2456 4817 2659 4888 quippe
2687 4817 2920 4873 mortuis
2965 4816 3294 4887 corporibus
3349 4804 3473 4869 de-.

86 4917 406 4983 πατήσω.
1857 4909 2117 4974 trahitur,
2158 4925 2222 4965 ac
2276 4910 2358 4964 sic
2409 4916 2669 4979 tanquam
2726 4911 2973 4965 vivorum
3023 4908 3217 4962 umbra
3249 4922 3434 4962 comes

86 5020 205 5067 est.
246 5009 317 5064 In
354 5022 493 5078 quo
546 5018 776 5074 corpora
835 5013 1023 5061 nostra
1076 5004 1169 5060 Dei
1212 5021 1337 5061 esse
1404 5004 1822 5062 tabernaculum
1860 5002 2124 5058 declarat.
2178 5001 2315 5057 Cum
2360 5001 2616 5056 nimirum
2660 5001 2715 5055 in
2755 5008 3071 5055 sanctorum
3107 4997 3435 5069 corporibus

85 5105 333 5161 habitet
393 5098 592 5160 Deus,
638 5111 702 5152 ac
747 5097 963 5153 dictum
1000 5100 1134 5154 illud
1184 5098 1364 5169 reipsa
1417 5107 1751 5169 praestetur:
1789 5095 2058 5159 Habitabo
2092 5097 2144 5148 in
2177 5095 2310 5155 illis,
2345 5104 2393 5149 et
2432 5093 2778 5148 inambulabo
2810 5094 2850 5146 ⁸.

165 5196 492 5271 Ἐμελλεν
533 5187 629 5246 οὖν
663 5193 840 5264 πλάνη
865 5211 947 5258 τις
981 5195 1225 5262 γίνεσθαι
1251 5195 1310 5248 ὲν
1342 5197 1571 5259 πιστοῖς,
1602 5196 1649 5248 εξ
1677 5195 1744 5267 μὴ

1930 5193 2128 5247 Verum
2182 5192 2328 5247 haud
2388 5191 2552 5246 dubie
2602 5189 2840 5245 ﬁdelium
2892 5190 3168 5247 mentibus
3211 5188 3432 5260 quidam

80 5296 115 5364 ἡ
160 5291 381 5365 βίσλος
425 5285 839 5356 πνευματικῶς
862 5287 995 5359 ἡμῖν
1024 5287 1418 5359 ἀπεκαλύφθη,
1453 5288 1541 5341 ἵνα
1578 5286 1744 5357 μάθω-

1855 5285 2196 5356 obrepsisset
2225 5298 2400 5347 error.
2435 5281 2543 5337 nisi
2577 5284 2842 5353 spiritalis
2876 5284 3035 5339 nobis
3064 5297 3262 5338 sensus
3289 5289 3437 5337 esset

82 5403 196 5454 μεν
245 5382 338 5453 μὴ
396 5374 746 5444 σαλπίγγων
793 5371 931 5431 εἶναι
979 5378 1199 5449 χρείαν,
1232 5378 1371 5433 ἀλλὰ
1408 5377 1631 5441 εἰδέναι,
1668 5380 1744 5431 ὅτι

1855 5377 2004 5431 illius
2053 5376 2178 5429 libri
2230 5373 2663 5445 patefactuszut
2706 5375 2833 5430 inde
2884 5374 3247 5437 disceremus,
3297 5373 3434 5428 nihil

78 5467 499 5544 πνευματική
537 5466 688 5519 ἐστιν
715 5469 745 5536 ἡ
774 5468 920 5520 πᾶσα
948 5467 1042 5518 τοῦ
1080 5466 1217 5521 Θεοῦ
1252 5467 1626 5540 πραγματεία·
1661 5467 1744 5521 ἵνα

1853 5452 2003 5522 tubis
2030 5466 2153 5523 istis
2179 5481 2318 5538 opus
2337 5481 2483 5531 esse,
2498 5469 2591 5524 sed
2620 5466 2883 5539 quidquid
2905 5467 2994 5523 hic
3016 5464 3238 5522 molitur
3268 5464 3432 5528 Deus.

1852 2371 2054 2422 messe,
2093 2371 2155 2409 ac
2208 2354 2496 2424 discipulis
2538 2355 2818 2423 conjicere
2854 2365 3171 2422 possumus,
3211 2354 3435 2418 apparet

1854 2449 2002 2501 illam
2028 2446 2281 2511 Joannis,
2313 2447 2474 2502 Luca:
2506 2454 2940 2514 caeterorumque
2961 2441 3332 2497 narrationem
3366 2438 3433 2492 ad

1854 2535 1905 2589 id
1952 2543 2189 2606 tempus,
2230 2534 2377 2605 quod
2418 2535 2630 2591 dierum
2665 2551 2732 2588 xu.
2781 2534 3136 2589 tentationem
3183 2539 3433 2586 secutum
3484 2564 3487 2565 ν

1850 2636 1955 2691 est,
1990 2643 2113 2682 esse
2144 2627 2509 2682 referendam.
3266 2610 3275 2615 ’

1921 2714 2085 2786 454
2119 2714 2333 2773 XXXII.
2376 2706 2615 2770 Atcnim\
2650 2717 2825 2770 iidem
2863 2715 2942 2769 illi
2988 2714 3129 2768 citra
3167 2712 3433 2783 pudorem

1855 2806 2021 2859 ullum
2039 2820 2162 2859 sese
2178 2793 2441 2861 adversus
2458 2804 2687 2860 Joannis
2710 2806 3092 2860 auctoritatem
3117 2804 3434 2872 accingunt,

1852 2903 1905 2951 et
1936 2896 1989 2950 id
2020 2912 2191 2950 unum
2220 2897 2485 2967 cogitant,
2524 2908 2583 2950 ut
2617 2898 2799 2967 aliqua
2835 2913 2899 2950 ex
2925 2905 3099 2966 parte,
3123 2896 3170 2949 si
3196 2896 3432 2965 possint,

1853 2987 2138 3042 veritatem
2198 2998 2482 3053 evertant;
2551 3004 2653 3043 nec
2718 2988 3033 3057 intelligunt
3094 2994 3287 3041 contra
3351 3000 3439 3038 se-

1854 3079 2119 3148 mctipsos
2145 3079 2329 3149 potius
2380 3094 2543 3149 quam
2575 3087 2767 3133 contra
2801 3081 3071 3133 sinceram
3102 3077 3433 3139 doctrinam,

1852 3187 1973 3227 eam
2031 3188 2089 3227 se
2149 3172 2613 3241 oppugnationem
2667 3171 2971 3239 suscipere.
3025 3170 3230 3223 Contra
3290 3170 3439 3237 Apo-

1852 3263 2097 3334 calypsin
2143 3264 2440 3331 itaqueea
2488 3262 2699 3331 jactare
2733 3246 2831 3333 per
2875 3262 3172 3315 ludibriqu
3209 3262 3435 3317 solent:

1851 3355 1992 3422 Quid
2028 3370 2133 3417 me,
2165 3356 2440 3426 inquiunt,
2470 3354 2699 3410 Joannis
2722 3356 3077 3427 Apocalypsis
3103 3353 3279 3422 juvat,
3308 3367 3448 3431 cum.

1854 3448 1987 3502 mihi
2010 3458 2203 3515 septem
2226 3436 2439 3520 angelos
2468 3450 2783 3519 totidemque
2798 3449 2949 3502 tubas
2966 3445 3439 3502 commemorat‘?

1854 3542 1959 3597 Sed
2001 3556 2164 3611 quam
2211 3541 2326 3596 haec
2373 3542 2688 3597 necessaria
2746 3541 2877 3605 sint,
2932 3548 3312 3610 quantumque
3364 3538 3434 3591 ad

1852 3635 2155 3688 Christiani
2187 3633 2462 3703 dogmatis
2491 3635 2865 3689 sinceritatem
2910 3633 3216 3693 conferant,
3248 3631 3435 3685 miseri

1852 3724 2105 3779 homines
2134 3723 2405 3792 ignorant.
2442 3722 2574 3775 Nam
2608 3738 2947 3791 quaecunque
2977 3724 3031 3775 in
3060 3724 3177 3792 lege
3206 3736 3269 3774 ac
3309 3737 3437 3790 pro.

1852 3814 2032 3883 phetis
2077 3822 2235 3868 erant
2291 3814 2552 3877 obscura,
2598 3813 2680 3864 vel
2732 3814 3081 3882 tentigtnatum
3136 3812 3436 3866 involucris

1854 3903 2111 3967 obducta,
2165 3904 2279 3957 haec
2343 3904 2408 3955 ad
2470 3917 2821 3956 communem
2879 3909 3126 3955 nostrum
3190 3901 3436 3955 omnium

1853 3996 2085 4051 salutem
2123 3994 2265 4050 Deus
2295 4009 2455 4049 servo
2484 4009 2583 4048 suo
2619 3991 2863 4047 Joanni"
2907 3992 3169 4061 singulari
3198 3993 3433 4061 quadam

1854 4084 2203 4156 providentia
2233 4085 2487 4155 detegere
2527 4084 2720 4145 voluit.
2763 4090 2824 4136 ut
2854 4096 2975 4152 qua:
3002 4081 3291 4135 tenebrosa
3319 4079 3435 4133 illic

1853 4183 2012 4231 erant
2073 4181 2153 4228 et~
2185 4173 2392 4238 abdita,
2446 4173 2541 4226 hic
2591 4172 2896 4241 Spiritalem
2933 4184 2997 4223 ac
3047 4169 3336 4223 clariorem
3377 4168 3435 4222 in

1778 3229 1819 3286 C

159 5638 176 5668 ¹
222 5635 422 5689 Deest
460 5626 709 5696 aliquid.
791 5628 811 5655 ‘
845 5623 998 5680 Rom.
1034 5642 1104 5693 vr,
1143 5628 1195 5681 9.
1273 5629 1292 5656 ³
1321 5628 1487 5696 Apoc.
1525 5644 1639 5690 vin,
1679 5626 1731 5683 2.
1814 5627 1833 5657 ³
1864 5594 2103 5696 Αιιοεδι,
2137 5627 2185 5681 1.
2266 5627 2286 5658 ⁸
2323 5626 2492 5681 Exod.
2535 5642 2660 5693 xxv,
2690 5626 2740 5678 5.
2894 5626 2911 5656 ⁶
2943 5627 3116 5680 Levii.
3147 5641 3292 5684 xxvr.
3338 5623 3430 5687 l2;

791 5628 811 5655 ‘
845 5623 998 5680 Rom.
1034 5642 1104 5693 vr,
1143 5628 1195 5681 9.
1273 5629 1292 5656 ³
1321 5628 1487 5697 Apoc.
1525 5644 1639 5690 vni,
1679 5626 1731 5683 2.

70 5704 120 5763 ﬂ
162 5706 318 5763 Cor.
363 5717 456 5763 νι,
510 5697 602 5749 16.

148 5865 285 5933 (35)
342 5859 473 5911 Διά
541 5850 602 5905 τὲ
645 5852 732 5922 μὴ
781 5854 867 5915 εἰς
901 5850 1147 5919 πλάτος.
1203 5854 1430 5909 Scribe:
1473 5852 1571 5906 Διὰ
1602 5853 1656 5906 δὲ
1698 5850 1757 5906 τὸ
1790 5852 1867 5924 μὴ
1896 5854 1972 5915 εἰς
2010 5850 2207 5913 πλάτος
2242 5848 2429 5919 φέρειν
2461 5848 2549 5899 τόν
2580 5846 2754 5914 λόγον,
2781 5846 2870 5898 ἐπὶ
2897 5844 2991 5916 τὴν
3022 5841 3364 5901 ἀκολουθίαν.
3422 5920 3435 5927 -

1852 2264 1982 2318 dum
2033 2263 2193 2317 nobis
2238 2270 2342 2318 est.
2391 2262 2560 2331 Igitur
2601 2269 2867 2331 quantum
2901 2275 2965 2314 ex
3005 2259 3174 2328 spicis
3210 2256 3342 2319 illis,
3380 2262 3435 2310 et
3520 2322 3529 2329 ⁴
