4008 6078
207 210 315 268 933

858 194 883 211 ’
935 223 1309 285 ADVERSUS
1347 231 1692 289 ιιειιεεεε
1723 234 1763 287 ι.

1890 224 1949 290 η.
1983 235 2146 292 ΤΟΜ.
2190 236 2318 291 1.-
2360 238 2636 294 ΗᾸΞΒΕΞ.
2681 239 2786 296 ιιι.

3356 250 3463 305 934

203 332 273 385 δι’
295 333 474 387 αὐτῶν
496 334 742 392 ἐκδικίαν
762 341 1012 408 γενέσθαι
1044 346 1154 400 τῶν
1178 350 1346 404 αὑτοῦ
1378 352 1567 421 άγίων.
1608 356 1770 428 Ἐκρα

1895 374 2033 428 quos
2059 360 2300 414 nondum
2324 360 2418 415 Dei
2443 361 2657 431 justitia
2683 361 2947 429 solvebat,
2966 369 3026 417 ut
3049 371 3257 420 caetera:
3272 375 3463 436 gentes

202 423 399 478 τοῦντο
427 426 538 497 γάρ
563 429 610 481 οἱ
644 430 1063 505 ἐπιτεταγμένοι
1097 440 1318 509 ἄγγελοι
1359 444 1465 497 ὑπὸ
1496 446 1590 500 τοῦ
1624 423 1790 501 uvis-

208 532 400 585 ματος,
437 517 511 588 μὴ
542 519 755 590 ἔχοντες
786 526 975 596 καιρὸν
1027 529 1345 603 ἐπιδρομῆς,
1377 533 1464 589 διὰ
1513 537 1576 588 τὸ
1625 540 1790 607 μήπω

201 608 353 662 λύειν
388 610 570 673 αὐτοῖς
608 612 708 683 τὴν
742 614 919 687 δίκην,
948 616 1041 670 τοῦ
1078 619 1147 673 τά
1195 620 1355 676 λοιπὰ
1391 624 1519 695 ἔθνη
1562 625 1780 681 λύεσθαι

197 701 391 754 ινεκεν
418 702 518 772 τῆς
552 703 687 775 πρὸς
720 707 845 770 τοὺς
888 707 1071 776 ἁγίους
1103 710 1333 784 ὕϐρεως.
1382 716 1613 770 Λύονται
1649 718 1705 771 δὲ
1737 721 1787 773 ot

196 790 453 855 τοιοῦτοι,
491 794 582 847 καὶ
617 795 936 867 ἐπέρχονται
967 803 1031 870 τῇ
1065 805 1157 873 γῇ,
1189 804 1265 866 ὡς
1292 807 1553 883 ,Ἰωάννης
1585 826 1787 881 προφη-

194 881 350 936 τεύει
386 898 480 938 και
524 888 569 938 3’.
609 886 757 941 ἄλλοι
789 892 1082 962 προφῆται.
1115 897 1223 949 Καὶ
1250 881 1358 968 γὰρ
1396 902 1700 968 κινούμενοι
1737 907 1785 958 oi

196 973 423 1041 ἄγγελοι
454 976 656 1030 κινοῦσι
681 979 750 1032 τά
777 980 906 1052 ἔθνη
935 987 1014 1048 είς
1040 986 1214 1059 ὁρμὴν
1235 991 1491 1057 ἐκδικίας.
1524 997 1644 1050 ’Ότι
1682 999 1697 1028 ⁸
1728 999 1785 1052 δὲ

196 1064 461 1135 πυρίνους
485 1068 577 1119 καὶ
606 1066 861 1136 θειώδεις,
893 1074 987 1127 καὶ
1023 1076 1363 1145 ὑακινθίνους
1396 1082 1651 1153 θώρακας
1684 1105 1783 1160 σηι

199 1156 405 1249 μαίνει,
431 1157 605 1221 οὐδεὶς
636 1161 985 1232 ἀμφιϐάλλει.
1035 1169 1246 1224 Ἐκεῖνα
1278 1172 1389 1245 γὰρ
1423 1175 1492 1229 τά
1514 1177 1641 1249 εονη
1678 1156 1784 1234 alii

192 1246 577 1345 fﬁCEoufﬁm;
611 1253 778 1323 χρόας
823 1256 934 1326 ἔχει
979 1261 1078 1330 τὴν
1106 1262 1391 1333 ἁμφίασιν.
1437 1269 1515 1323 Τά
1552 1246 1652 1342 μὲν
1676 1272 1784 1345 γὰρ

192 1337 393 1435 θειώδη
422 1341 612 1435 ἱμάτια
641 1344 774 1435 χρόα
812 1348 894 1411 τίς
927 1350 1044 1402 ἐστι
1076 1352 1275 1425 μηλίνη
1308 1356 1448 1411 οὕτω
1475 1337 1780 1435 καλουμένη

191 1430 361 1500 ὶρέα·
395 1432 461 1485 τὰ
493 1432 548 1487 δὲ
578 1434 797 1508 πύρινα,
825 1439 910 1493 ἵνα
941 1442 1068 1514 εἴπῃ
1102 1445 1170 1499 τὰ
1203 1450 1452 1521 κοκκηρὰ
1488 1430 1779 1525 ἐνδύματα,

189 1526 294 1578 καὶ
323 1527 622 1592 ύακίνθινα,
652 1530 737 1584 ἵνα
762 1531 908 1604 δείξῃ
940 1535 1034 1606 τὴν
1065 1537 1368 1612 Καλλαίνην
1403 1544 1586 1615 ὲρέαν.

267 1617 389 1671 AE'.
430 1618 588 1671 Ἀλλὰ
646 1616 824 1688 οὗτοι,
872 1624 947 1694 μὴ
993 1626 1273 1700 δεξάμενοι
1323 1633 1548 1705 Πνεῦμα
1599 1624 1773 1706 ἅγιον,

187 1708 576 1779 ἁνακρίνονται
606 1712 704 1781 μὲν
736 1716 1139 1784 πνευματικῶς,
1173 1721 1247 1791 μὴ
1287 1723 1531 1786 νοοῦντες
1570 1727 1639 1778 τὰ
1680 1728 1773 1781 τοῦ

188 1797 531 1869 Πνεύματος,
579 1803 669 1857 καὶ
715 1805 857 1858 κατὰ
894 1807 983 1861 τὸν
1029 1809 1185 1879 λόγον
1220 1812 1530 1885 βουλόμενοι
1575 1817 1774 1886 λέγειν,

188 1891 286 1943 καὶ
316 1891 414 1944 ούκ
451 1893 650 1958 εἰδότες
677 1895 742 1948 τὰ
777 1898 835 1950 ἐν
854 1900 919 1968 τῇ
955 1900 1088 1974 ἁγίᾳ
1125 1904 1415 1978 Ἐκκλησία
1443 1910 1773 1982 χαρίσματα,

187 1981 352 2034 ᾶτινα
383 1982 598 2054 άληθῶς
639 1987 731 2040 καὶ
764 1989 1039 2071 εὐσταθῶς
1076 1995 1135 2047 ἐν
1173 1981 1640 2073 παρακολουθήσει
1683 2006 1776 2058 καὶ

186 2074 488 2146 ὶρῤωμένῳ
531 2076 608 2147 νῷ
643 2078 704 2130 τὸ
742 2080 967 2152 Πνεῦμα
997 2080 1059 2136 τὸ
1086 2086 1240 2155 ἅγιον
1267 2087 1563 2160 διηγήσατο
1584 2110 1597 2122 ·
1633 2093 1687 2146 οἶ
1714 2111 1774 2148 τε

184 2162 337 2232 ἆγιοι
368 2166 644 2237 προφῆται
676 2171 772 2224 καὶ
807 2174 858 2224 οἱ
889 2173 1033 2242 ἅγιοι
1060 2177 1378 2232 ἀπόστολοι·
1422 2182 1481 2234 ὲν
1512 2176 1592 2247 οἷς
1624 2185 1717 2237 καὶ
1745 2187 1774 2239 ὁ

182 2255 343 2323 ἅγιος
384 2259 634 2331 Ἰωάννης
659 2261 747 2315 διὰ
775 2263 870 2317 τοῦ
905 2266 1235 2336 Εὐαγγελίου
1270 2272 1363 2324 καὶ
1393 2272 1501 2326 τῶν
1521 2274 1772 2329 Ἐπιστο-

181 2346 296 2399 λῶν
327 2349 420 2401 καὶ
448 2350 545 2420 τῆς
583 2353 1000 2425 ’Λποκαλύψεως
1024 2361 1090 2413 ὲκ
1113 2360 1207 2413 τοῦ
1238 2361 1403 2417 αὐτοῦ
1437 2366 1773 2437 χαρίσματος

178 2438 282 2493 τοῦ
311 2441 469 2509 ἁγίου
507 2445 866 2512 μεταδέδωκε.
908 2449 1103 2504 Φθάνει
1146 2452 1204 2505 δὲ
1248 2455 1342 2508 καὶ
1381 2456 1468 2508 ἐπ’
1492 2458 1689 2523 αὐτοὺς
1710 2459 1774 2512 τὸ

179 2534 494 2605 εἰρημένον.
519 2538 599 2589 ὅτι
628 2536 711 2603 Τῷ
736 2540 1211 2611 βλασφημοῦντι
1238 2550 1326 2613 είς
1347 2548 1414 2602 τὸ
1439 2551 1677 2620 Πνεῦμα
1701 2535 1770 2606 τὸ

177 2622 376 2692 ἅγιον,
409 2627 520 2679 οὐκ
573 2628 937 2696 ἀφεθήσεται
1002 2632 1163 2698 αὺτῷ
1204 2635 1348 2689 οὐδὲ
1400 2639 1469 2691 ἐν
1521 2639 1600 2705 τῷ
1654 2641 1772 2696 νῦν

175 2712 374 2779 (ιίῶνι,
405 2715 550 2769 οὐδέ
600 2718 671 2771 ἐν
701 2719 781 2784 τῷ
826 2720 1135 2789 μέλλοντι.
1177 2727 1288 2781 Καὶ
1338 2728 1447 2801 γὰρ
1482 2731 1621 2784 κατὰ
1662 2731 1770 2788 τῶν

180 2805 447 2875 ῥημάτων
485 2808 592 2861 τῶν
632 2811 735 2864 ὑπὸ
772 2813 865 2866 τοῦ
914 2814 1227 2885 Πνεύματος
1268 2823 1571 2892 εἰρημένων
1625 2817 1768 2879 οὗτοι

177 2898 637 2969 ἐστρατεύσαντο.

254 2989 377 3041 Τῶν
422 2992 477 3044 δὲ

173 3083 280 3151 τῆς
317 3082 573 3156 τοιαύτης
618 3087 902 3158 αἱρέσεως,
942 3089 1150 3156 Ἱκανῶς
1191 3094 1333 3165 ἔχειν
1373 3098 1631 3167 νομίσας,
1674 3103 1767 3155 καὶ

175 3172 255 3236 ὡς
284 3174 701 3247 σκολόπενδραν,
736 3181 768 3251 ἢ
805 3180 975 3234 ίοῦλον
1010 3185 1339 3255 καλούμενον
1374 3188 1643 3260 (ἑρπετὸν,
1677 3211 1768 3246 πο-

174 3265 405 3328 λύποδα,
429 3269 607 3338 ὀλίγον
635 3272 736 3340 μὲν
759 3276 824 3345 τῇ
857 3274 1079 3346 δυνάμει
1104 3281 1171 3349 τῇ
1202 3281 1511 3354 περιοδυνίᾳ
1536 3284 1628 3338 τοῦ
1664 3285 1765 3350 ἰοῦ,

175 3359 460 3416 πολύπουν
486 3362 542 3416 δὲ
572 3365 669 3417 καὶ
709 3366 1116 3441 μακροείκε).ον)
1152 3373 1215 3441 τῇ
1248 3372 1341 3425 τοῦ
1377 3374 1511 3428 Θεοῦ
1540 3376 1766 3447 δυνάμει

175 3453 272 3505 καὶ
309 3452 535 3525 ἀληθείᾳ
568 3459 1087 3522 καταπατήσαντες,
1146 3461 1241 3514 ἐπὶ
1283 3462 1383 3526 τὰς
1435 3465 1561 3537 ἑξῆς
1610 3469 1765 3524 πάλιν

174 3544 582 3613 προϐαίνοντες,
616 3550 711 3602 σὺν
746 3551 809 3619 τῇ
844 3549 937 3603 τοῦ
974 3552 1108 3606 Θεοῦ
1136 3554 1360 3626 δυνάμει
1402 3557 1591 3628 ἴωμεν,
1632 3562 1767 3628 ἀγαο

172 3637 361 3707 πητοί.

582 3755 767 3808 ΚΑΤΑ
807 3758 1209 3814 ΑΔΑΜΙΑΝΩΝ
1228 3750 1361 3833 (6'3),

589 3870 828 3937 Αἵρεσις
852 3871 963 3927 AB’
994 3875 1031 3943 ἠ
1066 3875 1163 3929 καὶ
1199 3877 1329 3930 NB'.

243 3977 325 4032 A'.
365 3979 680 4052 ’Δσφᾲλακα
736 3983 959 4038 καλοῦσί
1009 4004 1061 4039 τι
1094 3988 1239 4052 ζῶον
1282 3992 1340 4043 ὲν
1371 3994 1438 4063 τῇ
1491 3995 1561 4064 γῇ
1614 3994 1764 4048 κάτω

172 4067 511 4136 ιμφωλεῦον,
550 4072 875 4143 τετράπουν,
904 4077 925 4106 ⁸
972 4075 1187 4147 ὀρύττει
1254 4080 1354 4151 τὴν
1414 4081 1538 4152 γῆν,
1577 4081 1668 4136 καὶ
1705 4083 1764 4137 ἐν

169 4160 281 4220 τοῖς
314 4161 636 4229 μυχοτάτοις
662 4162 832 4233 αὐτῆς
866 4164 978 4234 ἔχει
1006 4164 1104 4236 τὴν
1134 4167 1365 4238 οἴκησιν.
1393 4171 1475 4223 Τὰ
1505 4171 1560 4225 δὲ
1587 4172 1763 4227 πάντα

168 4247 264 4300 τοῦ
302 4247 444 4313 ζώου
484 4250 720 4322 ὑπάρχει
754 4253 885 4307 ὡσεὶ
919 4257 1118 4327 μικροῦ
1169 4258 1436 4325 σκύλακος
1473 4263 1632 4326 κυνὸς
1664 4263 1763 4334 τὴν

1893 451 1959 505 ad
1987 453 2418 522 persequendam
2462 462 2778 508 sanctorum
2805 454 3062 524 injuriam
3092 456 3462 515 solverentur.

1891 537 2058 594 lidcm
2118 548 2298 595 tamen
2355 542 2520 595 soluti
2571 541 2805 612 denique
2867 551 3066 598 terram
3123 545 3347 611 obeunt,
3399 557 3462 601 ιιι

1889 626 2127 685 Joannes
2165 646 2229 685 ac
2257 631 2536 701 pr0pbetm
2566 633 2747 688 caeteri
2784 634 3065 689 vaticinati
3100 645 3247 691 sunt.
3270 635 3461 708 Angeli

1888 721 2031 775 enim
2074 723 2203 778 dum
2235 732 2675 791 commoventur,
2701 735 2890 794 gentes
2915 728 3061 797 ipsas
3090 729 3156 782 ad
3186 729 3459 786 ulciscen—

1889 812 2017 866 dum
2073 822 2439 870 commovent.
2478 815 2597 870 Jam
2644 832 2745 871 cur
2773 819 2972 876 loricas
3026 820 3135 876 illis
3166 821 3377 891 igneas,
3405 830 3460 877 et

1889 904 2237 974 sulphureas,
2266 916 2321 962 et
2343 907 2726 978 hyacinthinas
2750 911 2974 978 tribuat,
3000 914 3201 967 nemini
3232 914 3456 969 dubium

1886 1007 1994 1060 est,
2026 1006 2311 1068 propterea
2340 1003 2486 1069 quod
2509 1001 2644 1055 iisce
2666 1003 2946 1058 coloribus
2968 1005 3210 1073 gentium
3240 1005 3457 1060 illarum

1886 1094 2065 1143 vestes
2082 1088 2299 1144 infecta:
2318 1099 2448 1146 sunt
2466 1109 2481 1158 ;
2498 1106 2621 1145 nam
2636 1093 2782 1162 quod
2803 1093 2870 1148 ad
2895 1095 3219 1164 sulphureas
3242 1097 3456 1160 attinet,

1888 1181 2122 1236 melinus
2153 1184 2260 1239 iste
2302 1184 2455 1239 color
2484 1195 2591 1250 est,
2622 1200 2651 1238 a
2670 1202 2778 1256 quo
2807 1194 2861 1241 et
2890 1187 3025 1242 lanae
3067 1186 3313 1255 quaedam
3363 1203 3459 1258 ap-

1885 1273 2178 1341 pellantur.
2225 1273 2398 1345 lgneae
2441 1290 2608 1345 porro
2636 1285 2818 1332 vestes
2867 1279 3160 1333 coccineae
3188 1278 3457 1340 indicant,

1884 1357 2338 1435 quemadmodum
2388 1368 2867 1438 hyacinthinarum
2904 1370 3172 1424 vocabulo
3205 1369 3456 1426 Callaicae

1884 1456 2041 1525 lana,
2073 1457 2176 1514 hoc
2207 1467 2293 1514 est
2321 1457 2668 1530 ferruginea,
2698 1460 3095 1529 significantur.

1811 1699 1849 1752 Β
1952 1654 2168 1710 XXXV.
2206 1657 2277 1709 At
2305 1657 2381 1711 illi
2409 1672 2535 1712 cum
2569 1660 2745 1714 sancti
2773 1658 3010 1730 Spiritus
3041 1670 3289 1731 expertes
3319 1663 3453 1729 sint,

1878 1745 2123 1813 ejusdem
2153 1747 2203 1800 vi
2237 1746 2477 1817 Spiritus
2499 1764 2620 1819 quae
2639 1751 2761 1819 ejus
2795 1759 2925 1806 sunt
2956 1753 3169 1807 nescire
3193 1753 3454 1810 facillime

1873 1835 2213 1904 judicantur.
2234 1837 2485 1903 Quicum
2511 1840 2700 1896 divino
2717 1842 2883 1897 verbo
2902 1853 3274 1898 consentanea
3303 1845 3453 1914 ιοιμιί

1876 1926 2049 1981 videri
2068 1930 2282 1993 volunt,
2305 1930 2550 1986 cmlestia
2573 1930 2663 1985 illa
2691 1932 2746 1986 in
2760 1931 3061 1988 Ecclesiam
3074 1935 3268 1988 collata
3288 1935 3451 1999 dona,

1875 2018 2136 2072 vaticinia
2166 2020 2400 2084 scilicet,
2432 2025 2703 2090 Ignorant,
2733 2038 2855 2092 qua:
2883 2039 3009 2079 vere
3041 2040 3106 2079 ac
3134 2034 3456 2088 constanter

1876 2124 1973 2178 per
2000 2124 2097 2165 eos
2128 2110 2401 2174 homines,
2423 2112 2519 2181 qui
2541 2127 2604 2167 ea
2633 2128 2755 2182 quis
2781 2112 3031 2170 dicerent
3065 2116 3451 2185 intelligerent,

1876 2215 1940 2254 ac
1990 2199 2144 2255 ﬁrma
2174 2209 2229 2257 et
2269 2202 2499 2257 robusta
2540 2212 2718 2257 mente
2751 2204 2963 2273 praediti
2994 2214 3176 2267 erant,
3210 2206 3452 2275 Spiritus

1875 2304 2100 2350 sanctus
2130 2294 2406 2363 exposuit.
2456 2294 2657 2359 Quales
2706 2297 2881 2350 sancti
2924 2297 3203 2367 prepheta:
3237 2307 3291 2352 et
3320 2313 3451 2369 apo-

1874 2386 1999 2441 stoli
2026 2383 2526 2450 fuerunt.Quoru.n
2548 2401 2579 2439 e
2606 2401 2833 2440 numero
2864 2387 3057 2449 beatus
3085 2386 3325 2443 Joannes
3355 2404 3452 2459 per

1873 2475 2230 2547 Evangelium
2263 2491 2448 2539 suum,
2484 2485 2651 2547 atque
2681 2476 2974 2546 Epistolas,
3004 2487 3057 2533 et
3083 2478 3448 2551 Apocalypsin

1874 2566 2015 2620 idem
2053 2566 2279 2620 caeleste
2326 2580 2524 2622 munus
2576 2568 2855 2638 impertiit.
2908 2567 3177 2623 Caeterum
3223 2571 3279 2625 in
3325 2573 3450 2628 illos

1871 2656 2107 2726 quadrat
2135 2656 2251 2711 haec
2288 2656 2496 2712 Christi
2528 2660 2833 2715 sententia:
2868 2659 2972 2726 Qui
3004 2660 3448 2730 blaspltemarerit

1872 2747 1927 2799 in
1969 2744 2223 2814 Spiritum
2248 2759 2511 2808 sanctum,
2543 2749 2592 2801 ei
2625 2766 2786 2819 neque
2819 2750 2870 2802 iu
2899 2753 3169 2819 pra'senti,
3202 2769 3362 2822 neque
3392 2751 3449 2807 in

1872 2839 2052 2908 futuro
2084 2840 2279 2893 seculo
2324 2850 2587 2923 peccatum
2626 2841 2888 2895 remitti‘.
2946 2840 3082 2895 Nam
3116 2843 3194 2896 illi
3222 2858 3452 2913 expres-

1870 2930 2105 2985 sissimis
2141 2931 2379 3001 Spiritus
2406 2933 2585 2986 sancti
2615 2932 2799 2987 verbis
2831 2942 3018 3003 aperte
3048 2944 3375 3007 repugnant.

524 2994 780 3048 τοιούτων
827 2998 921 3050 καὶ
970 3001 1234 3056 τοσούτων
1278 3004 1581 3076 εἰρημένων
1631 3010 1770 3063 κατὰ

1943 3020 2120 3089 Atque
2154 3020 2265 3074 haec
2295 3021 2560 3076 adversus
2600 3023 2749 3075 illam
2805 3023 3042 3079 haeresin
3075 3025 3220 3083 hunc
3247 3028 3303 3081 in
3335 3044 3451 3083 nio-

1869 3109 1999 3162 dum
2032 3111 2257 3179 c0piose
2298 3110 2574 3180 disputata
2626 3111 2874 3167 sufﬁcere
2915 3112 3210 3167 credimus.
3274 3116 3446 3180 Quam

1868 3201 2014 3255 velut
2052 3202 2493 3270 scopolendram,
2526 3203 2619 3272 qui
2659 3210 2714 3258 et
2748 3204 2896 3258 iulus
2924 3204 3129 3269 dicitur
3155 3208 3447 3275 (serpentis

1868 3289 1921 3343 id
1944 3306 2117 3361 genus
2141 3301 2247 3355 est,
2270 3293 2548 3362 multipes,
2569 3293 2923 3357 imbecillum,
2945 3294 3103 3363 cujus
3121 3295 3272 3352 virus
3302 3296 3446 3353 haud

1868 3396 2127 3453 magnum
2155 3382 2310 3439 aﬂ‘ert
2345 3385 2612 3450 dolorem,
2667 3386 2765 3442 sed
2811 3395 2865 3440 et
2911 3387 3101 3456 pedes.
3155 3396 3212 3442 ut
3241 3388 3446 3443 dii-tum

1869 3482 1973 3536 est,
1998 3475 2185 3543 plures
2215 3475 2395 3540 habet,
2419 3485 2472 3532 et
2497 3478 2791 3547 oblongum
2823 3479 2950 3545 est),
2978 3494 3102 3533 cum
3130 3479 3313 3534 divina
3336 3481 3448 3535 vir-

1868 3572 1984 3620 tute
2019 3581 2083 3620 ac
2129 3568 2359 3621 veritate
2403 3571 2844 3638 protriverimus,
2877 3570 3044 3642 [‘58
3078 3571 3145 3625 ad
3184 3572 3443 3642 reliquas,

1866 3656 2200 3724 charissimi,
2234 3674 2358 3711 cum
2388 3660 2585 3712 eadem
2610 3659 2701 3714 Dei
2732 3676 2835 3728 ope
2868 3662 3303 3730 progrediamur.

2272 3768 2551 3824 CONTRA
2589 3769 3011 3834 ADAMIANOS,

2256 3880 2489 3936 eresis
2522 3880 2752 3937 XXXII
2784 3884 2890 3937 sive
2915 3882 3047 3938 LII.

1935 3995 1974 4049 1.
2011 3993 2238 4067 Talpam
2277 4011 2451 4068 genus
2490 3996 2763 4068 quoddam
2807 3995 3059 4051 animalis
3096 4004 3438 4066 nuncupant,

1864 4086 2200 4158 quadrupes,
2254 4088 2402 4159 quod
2448 4089 2553 4146 sub
2604 4095 2751 4142 terra
2785 4088 3023 4142 latebras
3055 4087 3233 4149 habet,
3266 4102 3441 4157 eaque

1863 4178 2083 4246 eﬁ'ossa,
2135 4180 2189 4235 in
2235 4180 2444 4237 intimis
2497 4182 2645 4236 illius
2686 4180 3057 4259 penetralibus
3102 4178 3437 4233 domicilium

1865 4272 2117 4326 collocat.
2172 4271 2269 4327 Est
2303 4281 2483 4328 autem
2515 4274 2714 4327 canino
2742 4272 2923 4325 catulo
2955 4272 3136 4342 specie
3164 4286 3324 4341 quam
3359 4273 3440 4326 si-

170 4341 529 4411 τπριφέρειαν
554 4342 654 4413 τῆς
685 4344 898 4416 ἡλικίας
937 4346 1078 4417 ἔχον,
1113 4342 1157 4416 ᾧ
1207 4351 1326 4404 οὐδὲ
1362 4352 1497 4417 ὅλως
1525 4355 1758 4427 ὑπάρχει

1872 4363 2173 4428 utillimum,
2206 4364 2507 4436 eodemque
2536 4374 2761 4420 staturae
2787 4364 2992 4418 ambitu
3024 4373 3305 4424 Constans.
3343 4365 3440 4419 sed

163 4433 381 4500 ὅρασις.
429 4434 807 4506 Ἐρημωτικὸν
849 4439 906 4492 δὲ
930 4439 1008 4509 γδν
1041 4441 1103 4493 τὸ
1143 4441 1303 4508 ζῶον,
1335 4445 1577 4499 κάτωθεν
1609 4448 1759 4518 ἐκρι-

165 4522 299 4585 ζοῦν
344 4525 523 4580 πάντα
571 4528 639 4580 τά
683 4527 793 4582 τῶν
834 4530 1153 4602 ἀνθρώπων,
1178 4538 1566 4607 γεωργήματα,
1598 4539 1667 4594 τά
1697 4557 1755 4592 τε

168 4616 415 4687 σικυηρὰ
435 4617 502 4671 τὰ
526 4619 779 4689 μάλιστα,
806 4624 991 4676 καὶτὰ
1010 4624 1204 4696 δριμέα
1230 4629 1567 4698 φυτεύματα.
1596 4647 1760 4702 κρομ-

166 4707 330 4775 μύων
368 4725 428 4761 τε
467 4712 561 4764 καὶ
605 4712 893 4782 σκορόδων,
943 4713 1149 4784 βολϐῶν
1191 4718 1284 4771 καὶ
1327 4719 1435 4773 τῶν
1475 4720 1754 4784 τοιούτων,

163 4801 375 4870 κρίνων
399 4819 460 4856 τε
491 4804 585 4857 καὶ
609 4805 719 4857 τῶν
745 4805 938 4859 ἄλλων.
977 4807 1103 4861 Ἐὰν
1135 4807 1190 4862 δὲ
1215 4808 1376 4864 λαθὸν
1409 4814 1466 4865 ὲν
1496 4812 1572 4883 τῷ
1596 4813 1756 4884 ὀρύτ-

158 4910 284 4946 τειν
317 4892 497 4965 φθάσῃ
530 4897 622 4949 ἐπὶ
649 4896 751 4968 τῆς
777 4900 878 4969 γῆς
917 4899 1042 4967 ἔξω,
1070 4903 1151 4965 είς
1193 4901 1284 4955 τὸν
1312 4904 1452 4975 ἀέρα
1479 4905 1751 4972 γενέσθαι,

159 4986 200 5055 ἦ
239 4985 404 5050 ἁλοὺς
442 4985 731 5061 θηρευθείη
778 4991 885 5044 ὑπὸ
932 4992 1041 5045 τῶν
1088 4993 1410 5065 ἀνθρώπων,
1456 4997 1660 5065 γέλοιόν
1700 5017 1755 5053 τι

160 5080 390 5145 ἐμποιεῖ
422 5079 554 5132 πᾶσι
588 5083 699 5144 τοῖς
732 5082 887 5136 τοῦτο
916 5084 976 5136 τὸ
1017 5082 1154 5148 ζῶον
1188 5086 1528 5158 θηρεύσασιν.
1569 5090 1756 5156 Οὕτως

161 5170 264 5222 καὶ
293 5170 457 5234 αὐτὸς
481 5173 744 5245 ἐπιχειρῶ
770 5175 948 5243 λέγειν
984 5180 1111 5249 περὶ
1138 5183 1237 5249 τῆς
1264 5182 1378 5234 νυνὶ
1410 5182 1547 5251 μετὰ
1569 5187 1757 5255 χεῖρας

155 5261 453 5333 αἱρέσεως,
477 5261 554 5326 ὼς
582 5266 678 5334 μὲν
724 5267 863 5320 κατὰ
895 5270 993 5338 τὴν
1032 5270 1260 5340 καρδίαν
1297 5271 1619 5339 τυφλώττει,
1664 5278 1758 5330 καὶ

237 5416 250 5447 ¹
296 5420 438 5493 lege
493 5422 614 5476 ὅτι.
694 5426 714 5455 ³
748 5422 910 5480 Deest
933 5426 1089 5498 ὅπερ.
1170 5429 1190 5460 ³
1219 5427 1384 5483 Marc.
1420 5445 1500 5492 ιιι,
1541 5431 1631 5487 29.

1863 4452 1983 4507 visu
2023 4454 2241 4521 penitus
2279 4463 2444 4509 caret.
2513 4456 2654 4511 Idem
2707 4456 2854 4526 agris
2902 4457 3212 4511 vastitatem
3258 4454 3438 4520 all‘crt,

1858 4553 1913 4600 et
1936 4559 2124 4600 eorum
2160 4560 2282 4615 quae
2328 4545 2608 4600 hominum
2643 4547 2828 4601 labore
2855 4546 3066 4601 consita
3116 4553 3266 4629 sunt,
3292 4546 3440 4599 radi-

1856 4652 1953 4693 ces
1990 4637 2206 4704 evellit;
2255 4637 2350 4692 sed
2383 4653 2738 4693 cucumerum
2772 4640 2825 4693 in
2872 4640 3082 4711 primis,
3130 4647 3241 4693 tum
3274 4638 3437 4709 quid-

1855 4730 1987 4800 quid
2009 4732 2283 4785 acriorum
2311 4737 2396 4784 est
2423 4730 2726 4784 seminum:
2763 4731 3071 4800 cujusmodi
3101 4737 3230 4785 sunt
3252 4745 3433 4801 ctepze,

1855 4823 2007 4888 allia,
2056 4822 2230 4887 bulbi,
2276 4830 2584 4892 caeteraque
2628 4822 2681 4877 id
2730 4838 2941 4892 genus;
2985 4823 3114 4876 item
3172 4822 3303 4887 lilia,
3352 4832 3437 4876 at-

1855 4928 1963 4983 que
2017 4913 2122 4967 alia
2177 4914 2455 4985 pleraque.
2525 4915 2680 4982 Quod
2734 4916 2780 4970 si
2832 4914 3088 4969 fodiendo
3117 4914 3334 4968 demum
3366 4914 3432 4969 ad

1852 5005 2180 5060 exteriorem
2228 5014 2389 5063 terra:
2434 5006 2804 5077 superﬁciem.
2858 5014 3213 5077 apertumque
3251 5020 3433 5059 aerem

1855 5098 2183 5165 pervenerit,
2228 5106 2323 5151 aut
2354 5099 2635 5153 hominum
2666 5097 2882 5153 insidiis
2926 5106 3119 5169 captus
3152 5097 3338 5166 fuerit,
3368 5097 3434 5153 iis

1856 5203 1885 5241 a
1914 5188 2115 5258 quibus
2155 5198 2352 5260 captus
2385 5201 2489 5256 est,
2532 5192 2804 5247 ludicrum
2839 5191 2907 5248 de
2948 5208 3007 5248 se
3054 5192 3433 5262 spectaculum

1856 5281 2078 5349 Ρτωικι.
2118 5280 2263 5336 Idem
2298 5284 2460 5341 nobis
2497 5285 2565 5340 de
2597 5302 2685 5348 ea,
2725 5303 2889 5358 quam
2921 5302 3033 5357 pra
3056 5285 3314 5342 manibus
3338 5283 3432 5337 ha-

259 5576 806 5658 (651“‘A6ajuauér.
873 5579 1251 5653 Spurrissinnr
1306 5582 1468 5653 hujus
1530 5566 2080 5643 haeresisauctm‘em
2138 5586 2520 5650 Theodoretus
2560 5590 2689 5645 facit
2757 5587 3080 5653 Prodicum,
3117 5588 3274 5658 Cujus
3320 5590 3455 5633 ωε·

154 5648 325 5703 ῑιιὶιιὶι
358 5646 530 5701 (Σιριιι.
574 5664 629 5702 ιιι
668 5651 868 5705 Stram.
