4008 6078
481 354 593 411 vss
1958 362 2012 416 δ.
2043 361 2400 419 utrumn
3621 379 3738 435 sco

485 466 871 535 imploremus;
902 482 1011 539 quo
1033 478 1088 524 et
1116 467 1601 540 illastinvesugare
1624 463 1787 544 atque
1805 483 2049 530 evertere

2168 478 2230 540 εἰς
2261 477 2359 549 τὴν
2394 479 2499 532 τῶν
2530 480 2704 535 ἄλλων
2753 481 2969 554 εὕρεσιν
3001 501 3059 537 τε
3114 486 3208 538 καὶ
3246 488 3557 560 ἀνατροπὴν
3578 530 3592 553 ,
3628 495 3739 549 καὶ,

482 556 776 623 possimus,
816 567 873 613 et
898 559 1001 613 hoc
1032 560 1207 629 ipsum
1240 569 1349 616 tam
1380 563 1445 618 ad
1478 564 1745 632 nostram,
1777 582 1939 637 quam
1984 568 2050 623 ad

484 647 750 703 lectorum
783 650 1017 705 salutem
1053 653 1340 707 referatur.

748 761 905 833 ἀει
943 764 1309 823 anvsusus
1338 768 1760 837 saursssos,

833 874 1069 933 eresis
1091 879 1354 936 XXXIII
1393 885 1501 938 sive
1529 884 1698 941 LIII.

551 978 594 1043 ιζ
621 989 1019 1061 Sampszcorum
1048 996 1189 1081 in'ea
1215 1001 1454 1070 regione.
1478 1019 1600 1072 quae
1623 1003 1806 1059 Peraea
1830 1007 2054 1074 dicitur,

482 1080 707 1137 heresis
733 1084 977 1152 quaedam
1008 1080 1111 1150 est,
1165 1092 1259 1159 qui
1287 1100 1343 1146 et
1373 1092 1592 1150 Elcesaei
1620 1106 1887 1152 vocantur
1913 1118 1926 1152 :
1980 1100 2050 1155 de

481 1172 683 1242 quibus
732 1174 784 1226 in
817 1179 1195 1245 superioribus
1234 1181 1535 1240 heresibus
1563 1187 1899 1243 mentionem
1927 1189 2058 1244 feci-

482 1277 623 1317 mus.
652 1262 714 1317 Hi
745 1266 884 1320 ultra
913 1266 1150 1329 Salsum.
1178 1272 1294 1326 sive
1320 1272 1591 1330 Mortnum
1616 1292 1786 1343 mare,
1813 1279 2058 1336 habitant

483 1354 545 1407 in
576 1353 890 1421 Moabitide,
924 1359 1003 1413 ad
1036 1368 1332 1417 torrentem
1365 1364 1574 1432 Arnon,
1617 1378 1670 1423 et
1719 1370 1770 1422 in
1798 1372 2058 1428 ulteriore

484 1450 661 1497 tractu
711 1444 913 1502 Ituraea:
944 1465 1017 1503 ac
1069 1450 1391 1521 Nabattide,
1436 1456 1505 1511 de
1540 1474 1651 1527 quo
1700 1459 1899 1529 saepius
1943 1461 2055 1530 jam

482 1533 661 1602 egisse
705 1550 790 1590 me
838 1540 1089 1596 memini..
1134 1541 1347 1600 lactant
1401 1548 1547 1600 enim
1600 1550 1675 1604 illi
1721 1552 2056 1608 conditorem

484 1631 648 1679 sectae
682 1641 795 1680 sua:
840 1644 904 1683 ac
941 1633 1260 1702 magistrum
1295 1636 1554 1694 Elxaeum.
1604 1641 1646 1696 E
1682 1643 1842 1711 cujus
1888 1645 2059 1714 stirpe

482 1712 627 1771 duas
652 1717 716 1771 ad
753 1719 855 1775 hoc
883 1730 1094 1792 tempus
1121 1727 1473 1784 mulierculas
1505 1740 1766 1801 tanquam
1800 1735 1931 1790 deas
1959 1712 2059 1788 ad-

2156 569 2310 639 ήμῶν
2336 571 2428 624 καὶ
2454 571 2562 625 τῶν
2591 575 3021 643 ἐντυγχανόντων
3052 579 3347 650 σωτηρίαν.

2577 769 2763 823 ΚΑΤΑ
2814 770 3175 825 mamma:
3201 772 3336 843 (66),

2271 880 2591 947 Γριακοστὴ
2618 882 2805 949 τρίτη,
2838 884 2876 951 ἠ
2903 883 3000 936 καὶ
3022 884 3402 953 πεντηκοστὴ
3433 889 3639 955 τρίτη..

2227 993 2304 1046 A’.
2330 993 2598 1063 Σαμψαίοί
2635 1012 2781 1058 τινες
2797 996 2877 1047 ἐν
2899 998 2964 1066 τῇ
2996 998 3205 1066 Περαίᾳ
3228 1039 3243 1063 ,
3288 1001 3415 1071 περὶ
3440 994 3516 1054 ὧν
3540 1002 3638 1073 ἥδη
3665 1005 3743 1056 br-

2158 1084 2276 1143 ταῖς
2321 1081 2508 1145 ἄλλαις
2554 1083 2828 1153 αἱρέσεσιν
2877 1086 3339 1158 ἐπεμνήσθημεν,
3390 1089 3498 1142 τῶν
3529 1091 3591 1161 δὴ
3633 1094 3723 1145 καὶ

2171 1172 2491 1226 Ἐλκεσαιων
2519 1172 2866 1243 καλουμένων
2896 1191 2910 1205 ο
2942 1175 3154 1246 αἵρεσίς
3180 1195 3263 1240 τις
3298 1179 3531 1250 ὑπάρχει
3564 1181 3623 1234 ὲν
3657 1185 3722 1252 τῇ

2159 1265 2367 1336 Περαίᾳ
2396 1264 2541 1318 οὕτω
2585 1266 2895 1339 καλουμένῃ
2941 1268 3097 1340 χώρᾳ
3132 1270 3306 1341 πέραν
3357 1273 3456 1343 τῆς
3496 1274 3726 1344 Ἀλυκῆς

2157 1357 2276 1423 ἢτοι
2301 1355 2520 1426 Νεκρᾶς
2542 1355 2882 1426 καλουμένης
2912 1357 3184 1429 θαλάσσης
3201 1401 3216 1425 ,
3253 1362 3310 1414 ἒν
3334 1364 3398 1433 τῇ
3426 1362 3741 1418 Μωαϐίτιδι-

2159 1447 2347 1517 χώρᾳ,
2382 1447 2509 1517 περὶ
2551 1446 2642 1500 τὸν
2680 1448 3008 1520 χειμάρρουν
3046 1451 3268 1521 Ἀρνῶν,
3305 1454 3398 1506 καὶ
3452 1455 3724 1521 ἐπέκεινα,

2160 1537 2218 1588 ἐν
2243 1537 2310 1606 τῇ
2348 1535 2587 1605 Ἰτουρέᾳ
2613 1536 2707 1588 καὶ
2730 1536 3043 1603 Ναϐαττίδι,
3073 1537 3148 1600 ὡς
3179 1541 3274 1593 καὶ
3299 1540 3399 1610 ἤδη
3426 1559 3523 1611 μοι
3538 1543 3730 1597 πολλάν

2159 1645 2247 1691 κις
2288 1628 2417 1699 περὶ
2453 1627 2643 1681 τούτου
2680 1628 2992 1700 δεδήλωται.
3030 1622 3187 1685 Οὗτοι
3224 1631 3332 1706 γὰρ
3378 1633 3605 1704 αὐχοῦσι
3640 1635 3729 1687 τὸν

2172 1719 2417 1785 Ἠλξαῖον
2461 1719 2637 1773 αὐτῶν
2685 1715 2823 1773 εἶναι
2853 1722 3184 1779 διδάσκαλον,
3237 1726 3355 1777 Ἔτι
3401 1725 3458 1778 δὲ
3509 1728 3605 1780 καὶ
3652 1729 3731 1791 εἰς

486 1804 739 1869 orabant,
773 1809 918 1877 quod
939 1826 1005 1864 ex
1036 1812 1325 1870 henedicto
1347 1820 1553 1874 semine
1583 1830 1771 1878 essent
1789 1824 2057 1878 oriunda.

2168 1809 2318 1881 δεῦρο
2347 1810 2441 1863 τοῦ
2488 1812 2679 1879 γένους
2718 1811 2882 1865 αὑτοῦ
2935 1813 3282 1883 ὑπαρχούσας
3326 1815 3419 1868 δύο
3469 1820 3731 1884 γυναῖκας

486 1893 724 1951 Utuntur
775 1900 877 1954 hoc
919 1917 1107 1957 eorum
1155 1906 1295 1961 libro
1327 1916 1381 1963 et
1415 1910 1584 1966 Ossaei
1625 1922 1673 1968 et
1712 1913 1972 1978 Ehionazi,
2007 1927 2062 1971 et

484 1984 747 2061 Nasartei,
777 1999 833 2045 ut
868 2008 971 2046 non
1006 1996 1175 2051 semel
1205 2007 1362 2055 antea
1388 2000 1530 2070 dixi;
1558 2004 1653 2059 sed
1684 2004 1946 2076 Sampsaci
1967 2023 2061 2077 po-

487 2080 758 2135 tissimum
783 2083 875 2136 illo
897 2087 1163 2141 nituntur.
1207 2089 1309 2156 Qui
1330 2107 1453 2146 cum
1483 2110 1585 2149 nec
1604 2095 1901 2152 Christiani
1925 2101 2058 2164 sint,

489 2184 587 2222 nec
615 2168 808 2233 Judaei,
857 2188 957 2228 nec
1003 2178 1259 2244 gentiles,
1301 2182 1461 2236 medii
1495 2178 1779 2252 eujusdam
1825 2190 2061 2255 generis,

487 2259 600 2313 sive
633 2263 814 2331 potius
838 2266 971 2318 nihil
1000 2270 1224 2323 omnino
1249 2274 1543 2341 sunt.Quin
1581 2277 1742 2330 etiam
1773 2279 1939 2333 alium
1968 2280 2065 2336 ha-

490 2353 615 2406 bere
654 2368 712 2408 se
749 2355 944 2409 librum
988 2361 1303 2428 praedicant,
1359 2382 1519 2433 quem
1554 2366 1708 2422 fratri
1753 2369 1916 2425 Elxaei
1968 2372 2067 2425 tri-

488 2442 681 2498 buunt.
745 2444 921 2501 Unum
958 2464 1080 2504 esse
1111 2450 1279 2506 Deum
1312 2466 1589 2521 asserunt,
1619 2474 1683 2512 ac
1706 2462 1872 2515 certis
1899 2478 2063 2516 usur-

489 2538 629 2603 patis
663 2537 948 2606 baptismis
979 2543 1231 2597 eumdem
1266 2557 1614 2603 venerantur.
1659 2548 1864 2606 Judmis
1897 2567 2063 2623 porro

489 2625 542 2678 in
576 2627 831 2684 omnibus
881 2629 1282 2692 adhazrescunt.
1336 2636 1477 2691 Sunt
1523 2639 1663 2694 inter
1703 2656 1818 2705 eos,
1861 2644 1955 2712 qui
1995 2645 2065 2699 ab

489 2716 744 2773 animatis
771 2720 1026 2776 omnibus
1055 2726 1351 2783 abstinent.
1382 2728 1489 2783 Pro
1525 2729 1688 2787 Elxzei
1722 2749 1851 2788 vero
1894 2736 2065 2806 stirpe

491 2808 652 2861 morti
689 2824 810 2865 sese
835 2815 1178 2870 committere
1209 2832 1318 2871 non
1359 2820 1629 2875 dubitant.
1666 2822 1933 2879 Caeterum
1970 2842 2067 2895 per

491 2898 545 2951 id
573 2906 788 2968 tempus
819 2902 1099 2959 audieram
1134 2922 1297 2961 unam
1344 2925 1375 2963 e
1417 2911 1631 2968 duabus
1660 2914 1767 2970 illis
1808 2913 2069 2970 feminam

489 2988 710 3052 obiisse,
740 3006 860 3059 quae
884 2993 1092 3047 Martho
1115 2998 1519 3067 nominabatur,
1566 3007 1858 3073 superstite
1887 3008 2066 3062 adhuc

492 3079 801 3146 Marthana;
836 3082 940 3137 nisi
965 3084 1077 3153 jam
1102 3094 1155 3141 et
1188 3088 1303 3159 ipsa
1332 3090 1651 3149 decesserit.
1708 3098 1912 3153 Ambas
1944 3099 2066 3155 illas

489 3173 704 3237 quoties
725 3174 886 3229 domo
910 3192 1212 3248 progressa:
1232 3183 1417 3253 aliquo
1437 3201 1495 3241 se
1521 3187 1853 3253 conferrent,
1877 3192 2068 3258 ingens

490 3257 770 3315 hominum
794 3266 1085 3321 multitudo
1115 3272 1498 3343 comitabatur,
1527 3279 1619 3346 qui
1651 3295 1758 3333 non
1789 3281 1949 3336 modo
1976 3297 2069 3351 pc-

489 3351 616 3405 dum
648 3355 944 3424 pulverem,
979 3360 1073 3414 sed
1103 3370 1157 3415 et
1187 3372 1347 3433 sputa
1382 3369 1697 3422 morborum
1729 3371 1797 3424 ad
1828 3373 2066 3428 remedia

489 3444 826 3516 colligentes,
877 3465 984 3505 non
1033 3454 1151 3509 sine
1194 3472 1390 3527 magno
1434 3458 1670 3514 ludibrio
1720 3462 1787 3516 ad
1829 3462 2067 3519 amulcta

490 3543 544 3589 et
590 3538 921 3608 phylactcria
962 3547 1334 3602 reservabant.
1394 3548 1671 3620 Siquidem
1704 3569 1861 3608 error
1888 3557 2067 3613 omnis

491 3629 734 3685 crecitate
763 3633 1018 3702 primum,
1058 3646 1171 3692 tum
1204 3640 1452 3698 vanitate
1483 3651 1533 3698 et
1570 3647 1878 3717 arrogantia
1914 3648 2067 3703 labo-

493 3729 596 3774 rat.
638 3720 801 3778 lidem
840 3726 915 3780 illi
950 3730 1244 3798 prophetas
1279 3749 1386 3788 non
1445 3736 1626 3792 minus
1657 3753 1819 3807 quam
1852 3750 2069 3808 aposto-

493 3810 573 3863 los
600 3811 875 3881 rejiciunt,
907 3825 980 3879 et,
1017 3829 1073 3873 ut
1109 3822 1423 3877 summatim
1448 3824 1649 3892 dicam,
1677 3826 1958 3884 fraudibus
1994 3845 2059 3884 ac

492 3902 792 3960 mendaciis
850 3907 1067 3979 illorum
1126 3912 1309 3969 omnia
1364 3924 1495 3971 sunt
1556 3919 1780 3978 relerta.
1855 3923 2067 3994 Aquam

492 4008 823 4066 magnopere
854 4010 1205 4068 venerantur,
1238 4020 1301 4059 ac
1332 4009 1721 4076 propemodum
1760 4013 1935 4068 instar
1964 4032 2069 4069 nu-

493 4087 656 4141 minis
696 4088 917 4157 habent,
963 4093 1107 4161 quod
1158 4096 1227 4148 ab
1258 4112 1320 4150 ea
1351 4107 1703 4170 propagatam
1745 4118 1869 4159 esse
1900 4106 2065 4160 vitam

491 4186 764 4234 asserunt.
804 4182 1082 4239 Christum
1133 4187 1299 4241 verbo
1337 4197 1493 4245 tenus
1521 4193 1873 4258 conﬁtentur,
1904 4213 2064 4265 quem

491 4279 793 4326 creaturam
828 4290 950 4330 esse
998 4284 1212 4347 putant.
1243 4289 1295 4335 et
1329 4280 1623 4337 identidem
1649 4299 1930 4355 apparere.
1988 4288 2068 4345 Ac

493 4363 726 4432 primum
754 4363 943 4419 Adami
972 4382 1173 4438 corpus
1202 4371 1521 4438 labricasse,
1553 4391 1904 4449 rursumque,
1941 4396 2067 4436 cum

2166 1901 2529 1974 προσεκύνουν
2555 1943 2569 1968 ,
2597 1903 2672 1965 ὡς
2712 1902 2842 1966 θεὰς
2869 1904 3029 1974 δῆθεν
3049 1945 3063 1968 ,
3093 1905 3179 1958 διὰ
3206 1905 3266 1958 τὸ
3293 1901 3430 1960 εἶναι
3475 1908 3648 1970 αὑτὰς
3672 1910 3731 1960 ὲκ

2166 1993 2481 2064 σπέρματος
2535 1994 2920 2065 εὐλογημένου.
2974 1995 3281 2066 Κέχρηνται
3332 1996 3391 2050 δὲ
3450 2000 3517 2067 τῇ
3573 1996 3745 2066 βίϐλῳ-

2164 2082 2335 2155 ταύτῃ
2358 2082 2452 2136 καὶ
2493 2084 2749 2149 Ὀσσαῖοι,
2793 2084 2887 2138 καὶ
2925 2084 3247 2150 Ἑόιωναῖοι,
3278 2085 3739 2158 καὶΝαζωραῖοι,

2164 2174 2240 2238 ὡς
2267 2176 2364 2245 ἤδη
2402 2173 2660 2238 πολλάκις
2688 2170 2861 2230 εἷπον.
2889 2175 3052 2229 Φύσει
3071 2176 3127 2229 δὲ
3147 2169 3291 2230 οὗτοι
3311 2181 3360 2231 οἱ
3386 2179 3658 2248 Σαμτῂίοι
3678 2180 3737 2244 ἐξ

2164 2269 2333 2338 αὐτῆς
2363 2267 2660 2339 ὁρμῶνται,
2692 2268 2814 2322 οὔτε
2858 2271 3172 2340 Χριστιανοὶ
3204 2271 3545 2341 ὑπάρχοντες
3569 2313 3585 2334 ,
3616 2272 3735 2324 οὔτε

2164 2360 2444 2421 Ἰουδαῖοι,
2494 2360 2897 2435 οὔτελἝλληνες
2921 2404 2935 2426 ,
2976 2362 3110 2415 ἀλλὰ
3153 2363 3312 2432 μέσον
3345 2362 3535 2427 ἁπλῶς
3564 2364 3735 2435 ὑπάρ-

2165 2468 2348 2522 χοντες
2373 2451 2523 2505 οὐδέν
2551 2432 2675 2509 εἰσι.
2705 2432 2841 2506 Φασὶ
2866 2455 2923 2507 δὲ
2951 2455 3043 2508 καὶ
3066 2456 3192 2509 ἄλλο
3224 2456 3427 2525 βιϐλίον
3468 2458 3647 2528 ἔχειν,
3677 2432 3763 2511 et.

2164 2541 2456 2612 λεγόμενον
2485 2542 2714 2612 ἀδελφοῦ
2745 2543 2838 2597 τοῦ
2874 2544 3078 2611 Ἡλξαΐ.
3115 2527 3245 2598 Θεὸν
3275 2547 3331 2600 δὲ
3357 2548 3453 2601 ἕνα
3487 2527 3701 2616 λέγουσι
3722 2565 3739 2581 ⁸

2167 2632 2260 2684 καὶ
2300 2631 2460 2702 δῆθεν
2500 2634 2660 2687 αὑτὸν
2703 2633 2921 2689 σέϐουσι
2955 2635 3278 2707 βαπτισμοῖς
3301 2656 3408 2691 τισι
3441 2640 3764 2711 χρώμενοιι,

2167 2723 2525 2793 Πρόσκεινται
2559 2724 2617 2777 δὲ
2661 2725 2929 2788 Ἰουδαίοις
2960 2728 3015 2778 ὲν
3058 2725 3282 2783 ἅπασιν.
3330 2729 3650 2800 Ἀπέχονται
3685 2733 3763 2793 δὲΔ

2167 2816 2261 2867 καὶ
2296 2814 2553 2886 ἐμψύχων
2574 2818 2714 2880 τινὲς
2742 2816 2801 2882 ἐξ
2839 2818 3036 2872 αὒτῶνι
3077 2819 3653 2891 Ὑπεραποθνήσκουσι
3683 2824 3743 2875 δὲ

2166 2904 2274 2957 τῶν
2303 2907 2367 2958 ὲκ
2396 2906 2585 2974 γένους
2613 2907 2707 2961 τοῦ
2725 2953 2728 2957 .
2745 2908 2951 2973 Ἠλξαῖ.
2974 2910 3085 2963 Καὶ
3110 2911 3168 2962 ὲν
3195 2911 3291 2980 μὲν
3317 2910 3393 2981 τῷ
3416 2912 3595 2983 χρόνῳ
3618 2914 3750 2967 τού·

2167 3014 2244 3066 τῳ
2273 2996 2551 3067 ἀκηκόειν,
2582 3000 2670 3051 ὅτε
2703 3000 2718 3029 ¹
2762 2999 3019 3070 τέθνηκεν
3059 3002 3103 3068 ἡ,
3124 3000 3220 3071 μία
3248 3002 3382 3072 γυνὴ
3406 3004 3439 3071 ἡ
3480 3003 3746 3074 Μαρθ>ὖς

2170 3086 2479 3160 καλουμένη
2500 3106 2515 3120 ’
2544 3088 2726 3160 ἔμεινε
2758 3091 2816 3144 δὲ
2863 3092 2956 3144 καὶ
2988 3091 3080 3144 νῦν
3124 3093 3388 3161 Μαρθάνα
3415 3136 3429 3158 ,
3464 3095 3513 3145 εἰ
3547 3095 3623 3164 μὴ
3654 3099 3771 3156 καὶ,

2095 3158 2136 3215 C
2171 3180 2305 3250 αὑτὴ
2334 3158 2613 3252 τέθνηκεν.
2646 3182 2714 3234 Εἴ
2752 3199 2879 3236 ποτε
2904 3183 2960 3236 δὲ
3010 3182 3184 3249 ἔξοδον
3220 3158 3364 3254 εἶχον
3398 3187 3455 3239 αἱ
3496 3158 3745 3241 τοιαῦταί

2172 3288 2262 3325 ποι
2298 3271 2653 3342 βαδίζουσαι,
2702 3276 3055 3345 συνεπόμενοι
3107 3277 3164 3328 οἱ
3202 3276 3351 3347 ὀχλοι
3390 3279 3605 3342 αὐτῶν,
3653 3282 3771 3335 τὸν,

2169 3362 2299 3433 χοῦν
2327 3364 2439 3418 τῶν
2462 3364 2658 3425 ,ποδῶν
2695 3365 3063 3437 λαμϐάνοντες
3105 3368 3298 3429 ἰάσεως
3334 3369 3495 3439 δῆθεν
3540 3371 3746 3432 ἕνεκεν,

2171 3454 2260 3507 τὸν
2290 3453 2461 3508 σίελον
2497 3455 2603 3508 τῶν
2642 3457 2975 3527 πτυσμάτων
3015 3457 3307 3523 ὡσαύτως,
3353 3461 3609 3529 μεγάλως
3653 3463 3752 3530 ἐμ-

2171 3543 2493 3614 παιζόμενοι
2540 3546 2778 3617 ἐχρῶντο
2816 3549 2872 3601 ἐν
2924 3547 3309 3619 φυλακτηρίοις
3358 3568 3419 3603 τε
3468 3552 3563 3604 καὶ
3598 3569 3752 3621 περι-

2169 3637 2379 3713 άπτοις.
2414 3639 2567 3691 Πᾶσα
2592 3640 2697 3711 γὰρ
2732 3640 2907 3711 πλάνη
2935 3640 3058 3711 ἔσχε
3087 3640 3301 3713 πρῶτον
3327 3641 3427 3711 τὴν
3451 3642 3769 3711 τύφλωσιν,

2169 3710 2361 3782 ἔπειτα
2388 3730 2485 3799 τὴν
2507 3730 2858 3798 κενοφωνὶαν.
2892 3732 2999 3785 Καὶ
3025 3730 3148 3784 οὔτε
3182 3734 3467 3803 προφήτας
3506 3733 3754 3802 δέχονται

2169 3820 2216 3871 οἱ
2250 3819 2499 3884 τοιοῦτοι,
2536 3818 2656 3873 οὗτε
2691 3821 3040 3885 ἀποστόλους.
3073 3821 3154 3874 Τὰ
3194 3823 3371 3876 πάντα
3407 3823 3463 3876 δὲ
3494 3825 3626 3897 παρ’
3657 3827 3773 3877 αὐ-.

2168 3911 2279 3972 τοῖς
2309 3911 2605 3982 ἡπάτηται.
2641 3911 2939 3983 Τετίμηται
2968 3912 3024 3964 δὲ
3048 3912 3142 3965 καὶ
3174 3912 3234 3964 τὸ
3263 3912 3407 3984 ὕδωρ
3425 3955 3439 3977 ,
3468 3915 3562 3967 καὶ
3594 3914 3757 3968 τοῦτο

2170 4003 2244 4063 ὡς
2274 4001 2394 4055 θεὸν
2417 4002 2676 4073 ἡγοῦνται
2698 4043 2711 4067 ,
2746 4003 2933 4074 σχεδὸν
2972 4004 3271 4072 φάσκοντες
3309 3999 3449 4057 εἶναι
3482 4003 3580 4075 τὴν
3608 4006 3759 4075 ζωὴν

2170 4096 2234 4147 ἐκ
2278 4094 2486 4150 τούτου.
2518 4095 2748 4165 Χριστὸν
2788 4095 2845 4147 δὲ
2878 4096 3100 4165 ὀνόματι
3147 4095 3473 4164 ὁμολογοῦσι
3499 4136 3513 4159 ,
3547 4096 3759 4165 κτίσμα

2169 4194 2331 4246 αὐτὸν
2383 4191 2712 4262 ἡγούμενοι,
2765 4193 2858 4247 καὶ
2930 4194 3151 4249 ἀείποτε
3238 4196 3586 4265 φαινόμενον.
3638 4194 3754 4246 Καὶ

2170 4283 2384 4354 πρῶτον
2430 4286 2528 4356 μὲν
2560 4284 2856 4338 πεπλάσθαι
2904 4285 3065 4338 αὑτὸν
3108 4286 3168 4339 τὸ
3209 4287 3367 4356 σῶμα.
3400 4287 3493 4340 τοῦ
3553 4284 3776 4354 Ἀδὰμ,

2170 4376 2263 4430 καὶ
2288 4376 2446 4431 πάλιν
2475 4376 2774 4441 ἐνδύεσθαι,
2804 4376 2893 4429 ὅτε
2921 4375 3191 4447 βούλεται.
3232 4376 3531 4431 Καλείσθαι
3561 4377 3619 4430 δὲ
3654 4377 3763 4429 αὑ-

491 4455 541 4507 ei
574 4454 750 4508 visum
773 4466 879 4523 est,
904 4459 1149 4543 induere.
1174 4463 1335 4536 462
1367 4465 1425 4519 Εἰ
1442 4465 1662 4524 Christo
1688 4487 1883 4527 nomen
1907 4485 2062 4541 esse;

2168 4465 2259 4518 τὸν
2294 4465 2525 4535 Χριστὸν
2552 4505 2567 4529 ,
2602 4467 2694 4518 καὶ
2745 4461 2883 4518 εἶναι
2940 4464 2999 4519 τὸ
3040 4465 3193 4535 ἆγιον
3234 4466 3473 4537 ’Πνεῦμα
3515 4466 3765 4537 ἀδελφὴν

493 4548 657 4618 hujus
720 4563 963 4605 sororem
1010 4552 1273 4621 Spiritum
1326 4573 1448 4613 esse
1492 4572 1766 4629 sanctum,
1814 4566 2064 4622 muliebri

494 4638 745 4695 videlicet
793 4643 993 4712 specie.
1058 4643 1362 4718 Utrumque
1411 4666 1561 4716 vero,
1610 4662 1718 4708 tam
1762 4656 2062 4727 Christum,

493 4746 653 4801 quam
689 4731 950 4803 Spiritum
981 4749 1250 4805 sanctum,
1289 4746 1588 4815 nonaginta
1618 4760 1712 4803 sex
1756 4750 2064 4806 milliarium

493 4822 801 4891 altitudine,
832 4827 1016 4897 viginti
1046 4839 1281 4900 quatuor
1312 4834 1603 4894 latitudine
1661 4851 1933 4897 constare.
1985 4842 2066 4898 Ad

494 4915 609 4969 hmc
637 4915 953 4975 innumeras
981 4922 1117 4978 alias
1149 4940 1322 4997 nugas
1355 4929 1639 4999 adjiciunt.

562 5005 627 5060 ll.
667 5005 772 5063 Sed
800 5008 867 5064 de
896 5010 1203 5069 istiusmodi
1231 5016 1484 5088 dogmate
1515 5034 1638 5073 cum
1669 5021 1722 5074 in
1750 5022 1873 5078 aliis
1896 5023 2070 5079 ἣκει-εί

495 5095 649 5153 sibus
678 5100 873 5156 crebro
905 5105 1234 5171 mentionem
1273 5108 1574 5178 injecerim,
1603 5113 2063 5182 quemadmodum

494 5188 887 5247 confutandum
915 5204 1058 5252 esset
1092 5200 1455 5259 ostendimus.
1511 5201 1630 5268 Quo
1660 5204 1840 5261 minus
1874 5222 2062 5263 neces-

496 5283 702 5337 sarium
730 5286 1061 5353 existimavi,
1080 5294 1134 5347 in
1160 5309 1224 5349 eo
1248 5295 1547 5352 refellendo
1572 5313 1895 5371 magnopere
1918 5316 2060 5355 com-

498 5375 721 5439 morari,
779 5393 901 5432 cum
932 5380 983 5436 id
1005 5385 1119 5452 jam
1166 5385 1218 5440 in
1261 5390 1710 5448 antecedentibus
1741 5392 2056 5455 hieresibus,

578 5575 591 5605 ¹
626 5574 683 5628 Ρ.
718 5577 818 5630 ὅτι.

2171 4556 2335 4610 αὐτοῦ
2358 4599 2372 4621 ,
2407 4556 2624 4627 Θηλυκῷ
2655 4558 2895 4627 σχήματι
2929 4557 3275 4630 ὑπάρχουσαν
3299 4597 3313 4621 ,
3361 4557 3768 4628 ὲνενηκονταὲξ

2174 4650 2367 4719 μιλίων
2396 4650 2455 4703 τὸ
2490 4651 2620 4720 ὕψος
2664 4651 2892 4704 ἕκαστον
2932 4652 3111 4705 αὐτῶν
3156 4652 3277 4723 ἕχον
3301 4693 3315 4716 ,
3346 4651 3374 4706 ὅ
3416 4668 3475 4704 τε
3514 4652 3770 4723 Χριστος

2173 4745 2267 4798 καὶ
2298 4744 2359 4796 τὸ
2389 4743 2543 4811 ἅγιον
2566 4744 2810 4815 Πνεῦμα,
2844 4743 2940 4797 καὶ
2964 4744 3023 4797 τδ
3047 4744 3243 4807 πλάτος
3271 4743 3769 4813 εἰκοσιτεσσάρων.

2141 4858 2151 4865 ν
2174 4839 2283 4892 Καὶ
2318 4837 2487 4891 πολλὰ
2514 4836 2729 4910 ληρώδη
2744 4826 2745 4833 “
2763 4836 2945 4908 ἕτερα.

2241 5020 2314 5072 B’.
2347 5017 2485 5088 Ἤδη
2528 5015 2585 5069 δὲ
2621 5015 2749 5086 περὶ
2778 5013 2966 5068 τούτου
2999 5013 3255 5074 πολλάκις
3286 5011 3344 5063 ὲν
3378 5009 3568 5072 ἄλλαις
3601 5010 3774 5079 αἱρέ-

2171 5130 2286 5166 σεσι
2312 5110 2694 5182 διηγούμενος,
2725 5107 2824 5172 τὰς
2849 5107 3156 5178 ἀνατροπὰς
3184 5094 3485 5173 πεποίημαι
3501 5119 3515 5133 ⁸
3537 5102 3624 5155 διὸ
3649 5105 3771 5156 οὐκ

2168 5207 2462 5272 ἀναγκαῖον
2496 5202 2788 5273 ἡγησάμην
2836 5201 2967 5270 περὶ
3012 5197 3205 5252 πολλοῦ
3262 5194 3599 5267 ποιήσασθαι
3651 5197 3772 5265 τὴν

2169 5300 2296 5368 περὶ
2326 5296 2528 5350 τούτων
2566 5294 2793 5365 ζήτησιν
2825 5293 2923 5363 τῆς
2963 5290 3305 5362 ἀνατροπῆς,
3339 5288 3415 5351 ὡς
3454 5288 3555 5358 ἢδη
3588 5286 3772 5357 ἡμῶν

2168 5387 2559 5462 ἐργασαμένων
2607 5388 2683 5451 εἰς
2719 5385 2878 5439 αὑτὸν
2910 5385 3005 5437 τὸν
3056 5382 3322 5449 Ἦλξαῖον,
3359 5380 3458 5433 εἶτ’
3491 5374 3590 5433 οὖν
3627 5374 3772 5429 Ἡλο-

2691 5605 2729 5636 Ὁ

575 5750 692 5821 (66)
734 5750 1076 5818 Eri/itﬁuium
1125 5751 1194 5807 De
1235 5769 1295 5821 ea
1342 5753 1452 5818 jam
1502 5754 1555 5808 in
1600 5752 1975 5823 superioribus
2003 5753 2062 5808 (li:

2175 5771 2269 5821 us,
2305 5762 2361 5811 ut
2394 5762 2445 5809 ct
2478 5754 2541 5810 dc
2578 5754 2774 5821 Elueo,
2819 5754 2932 5810 sive
2965 5752 3136 5810 Elxai.
