4008 6078
561 298 667 357 979

1976 311 2032 367 S.
2074 313 2407 368 EPLPIMNII

3706 318 3825 371 asa
3876 284 3895 293 ’

637 418 726 474 IV.
770 418 955 476 Redeo
976 422 1088 490 iam
1116 422 1183 478 ad
1217 424 1268 478 id
1292 425 1439 494 quod
1468 426 1598 482 mihi
1627 444 2036 500 proposueram,
2066 447 2126 486 ea

2302 433 2374 482 A'.
2424 427 2882 499 Ἐπανελεύσομαι
2931 428 2987 480 δὲ
3035 426 3196 481 πάλιν
3227 426 3305 489 εἱς
3336 425 3405 478 τὰ
3443 425 3813 496 προκείμενα,

566 509 837 576 videlicet,
871 528 994 581 qum
1022 513 1088 568 de
1122 512 1517 571 Melchisedeco
1556 519 1897 588 ineptissime
1922 522 2130 575 conlin-

563 611 717 671 gnnt.
740 600 861 655 Fuit
883 603 1028 657 enim
1052 603 1236 673 justus
1260 605 1351 660 ille
1371 608 1613 677 quidem,
1640 625 1703 664 ac
1729 609 1820 666 Dei
1849 609 2141 678 sacerdos;

562 700 617 745 et
646 706 737 759 rex
768 690 945 746 Salem
974 709 989 756 ;
1025 695 1120 749 sed
1159 711 1334 766 neque
1374 698 1429 751 in
1462 700 1603 754 coelo
1630 699 1760 763 fuit,
1796 717 1897 757 nec
1933 718 1963 757 e
1990 705 2129 758 coelo

564 780 867 835 descendit.
911 782 1080 838 Nemo
1106 786 1247 839 enim
1298 789 1535 842 ascendit
1565 791 1620 843 in
1659 792 1867 860 cretum,
1906 793 2009 848 nisi
2040 795 2130 865 qui

431 927 440 936 ,
540 870 629 960 ‘de
659 873 784 925 caelo
810 873 1097 938 descendit,
1136 877 1313 932 Filius
1343 880 1593 946 hominis,
1635 883 1710 936 ait
1746 886 2131 942 sanctissimus

565 964 997 1035 verissimusque
1031 967 1173 1024 Deus
1212 971 1353 1026 idem
1386 980 1439 1025 et
1484 972 1747 1027 Verbutit'
1774 1017 1787 1030 .
1814 976 1964 1029 Illum
2001 992 2130 1031 vero

566 1052 948 1112 Melcliisedeei
987 1058 1238 1115 ordinem
1296 1078 1420 1116 cum
1476 1062 1761 1134 Scriptura
1801 1081 1956 1121 saera
2000 1082 2130 1121 con-

569 1145 767 1211 Iirmat,
798 1161 863 1201 ac
891 1158 1116 1205 sanctus
1141 1149 1380 1220 Spiritus
1410 1156 1684 1223 expressis
1707 1157 1887 1211 verbis
1908 1159 2127 1224 asserit,

566 1236 861 1312 sacerdOtii
896 1240 1311 1295 translationem
1356 1243 1617 1307 ostendit,
1664 1245 1810 1312 quod
1852 1246 1920 1300 ab
1951 1255 2131 1301 vetere

570 1302 854 1397 Synagoga
909 1330 1129 1400 rituque
1171 1332 1449 1403 egregium
1507 1348 1571 1388 ac
1602 1302 2127 1404 praestantissimum

568 1414 622 1468 in
656 1415 844 1481 ritum,
874 1434 1052 1489 neque
1072 1422 1279 1475 carnali
1309 1425 1663 1481 successione
1688 1425 2001 1482 devinctum
2034 1443 2124 1499 po-

567 1516 685 1561 stea
703 1508 943 1564 transiit.
966 1510 1171 1567 Etenim
1194 1522 1422 1571 sanctus
1443 1516 1531 1573 ille
1545 1516 1901 1574 Meleltisedec
1921 1519 2128 1573 nullum

569 1612 746 1668 neque
774 1610 897 1669 post
922 1616 983 1657 se
1013 1617 1392 1661 successorem
1424 1607 1634 1675 habuit,
1670 1624 1772 1664 nec
1803 1609 1851 1664 ei
1877 1608 2131 1665 sacerdo-

566 1691 702 1745 tium
735 1700 822 1747 est
863 1694 1218 1765 abrogatum,
1264 1697 1360 1753 sed
1410 1700 1666 1755 sacerdos
1701 1707 1815 1756 toto
1860 1699 1981 1754 vita:
2019 1715 2131 1756 sua:

567 1788 810 1852 tempore
856 1785 1080 1840 mansit.
1135 1786 1316 1852 Quare
1360 1788 1538 1847 adhuc
1598 1790 1652 1844 in
1701 1791 1874 1845 sacris
1909 1788 2129 1844 Litteris

568 1874 759 1930 eadem
803 1876 1096 1932 sacerdotii
1126 1878 1385 1949 dignitate
1429 1880 1770 1945 celebratur,
1801 1896 1926 1936 cum
1971 1896 2130 1935 nemo

570 1963 620 2017 ei
679 1968 1051 2032 successerit,
1093 1975 1191 2023 aut
1245 1970 1388 2025 illam
1443 1971 1734 2027 sacerdotii
1776 1972 2127 2038 iunctionem,

569 2070 675 2124 qua
706 2071 808 2111 suo
834 2064 1078 2129 tempore
1106 2071 1301 2117 nactus
1322 2070 1426 2126 est,
1450 2062 1720 2119 everterit.
1746 2063 1944 2117 Eodem
1974 2064 2131 2133 plane

567 2145 730 2202 modo
753 2146 1016 2207 Dominus
1045 2160 1234 2208 noster
1261 2168 1371 2208 non
1396 2154 1578 2208 nudus
1608 2154 1790 2218 homo,
1814 2156 1907 2211 sed
1931 2171 1993 2210 ex
2021 2154 2131 2211 Deo

568 2237 712 2295 Deus
733 2236 995 2305 Verbum,
1022 2240 1226 2312 Deique
1257 2241 1448 2310 Filius,
1475 2244 1543 2299 ab
1569 2245 1757 2299 eodem
1789 2246 1941 2300 nullo
1975 2246 2131 2304 initio

562 2335 659 2382 aut
693 2335 939 2399 tempore
971 2332 1210 2400 genitus,
1238 2334 1329 2401 qui
1375 2342 1458 2395 est
1492 2349 1616 2391 cum
1654 2333 1812 2391 Patre
1844 2346 2126 2408 perpetuo,

567 2416 663 2471 sed
693 2416 858 2473 homo
884 2429 1060 2474 tamen
1091 2421 1157 2475 de
1188 2420 1355 2475 Maria
1390 2432 1578 2479 nostra
1609 2440 1775 2480 causa
1806 2426 1981 2482 lactus
2010 2438 2126 2496 est;

564 2522 665 2563 nec
693 2523 761 2564 ex
791 2509 934 2563 virili
967 2511 1176 2566 semine
1209 2524 1547 2582 procreatus.
1570 2514 1673 2582 Qui
1701 2518 1917 2586 quidem
1948 2535 2131 2576 sacer-

564 2601 748 2656 dotale
785 2600 934 2657 Patri
987 2619 1087 2659 suo
1122 2620 1321 2661 munus
1355 2607 1534 2673 oﬂ‘crt,
1569 2618 1792 2678 accepta
1826 2626 1891 2665 ex
1933 2621 2129 2667 natura

563 2687 844 2744 horninum
875 2706 1078 2756 massa,
1119 2702 1175 2746 ut
1208 2710 1305 2765 pro
1335 2685 1495 2751 nobis
1539 2698 1798 2754 sacerdos
1827 2702 2125 2755 secundum

562 2780 812 2836 ordinem
854 2781 1209 2839 Melcltisedec
1257 2788 1608 2843 successione
1654 2791 1800 2843 omni
1852 2800 2126 2849 carentem

561 2872 957 2927 constituatur.
989 2873 1166 2928 Manet
1193 2876 1359 2940 enim,
1388 2887 1441 2932 et
1477 2877 1695 2934 assidue
1721 2879 1861 2934 dona
1894 2895 1994 2948 pro
2025 2897 2127 2937 no-

567 2960 651 3016 bis
684 2961 858 3017 ollert.
895 2965 953 3018 In
987 2965 1176 3034 primis
1207 2967 1408 3037 quippe
1444 2970 1793 3039 semetipsum
1820 2971 2037 3038 obtulit,
2069 2983 2128 3028 ut

2230 517 2305 581 ὼς
2352 511 2494 571 οὗτοι
2543 516 2899 585 φαντάζονται
2943 517 3071 583 περὶ
3106 515 3201 568 τοῦ
3244 514 3598 585 Μελχισεδέκ.
3631 516 3648 546 ¹
3679 516 3815 570 Ὀτι

2235 609 2331 677 μὲν
2363 608 2469 677 γὰρ
2519 608 2723 670 δίκαιος
2758 608 2993 679 ὑπῆρχε,
3033 608 3127 660 καὶ
3170 606 3350 679 ἱερεὺς
3381 605 3475 659 τοῦ
3514 606 3675 669 Θεοῦ,
3712 611 3814 661 καὶ

2233 699 2481 768 βασιλεὺς
2511 700 2607 769 τῆς
2655 699 2861 770 Σαλὴμ,
2904 699 3016 752 ἀλλ’
3042 700 3143 752 οὐκ
3183 702 3241 751 ὲν
3281 698 3493 770 οὐρανῷ
3519 700 3812 770 ὑπάρχων,

2232 792 2327 843 καὶ
2354 792 2448 844 ἀπ’
2493 790 2721 861 οὐρανοῦ
2759 790 3169 860 καταϐεϐηκώς.
3205 789 3412 856 Οὐδεὶς
3456 791 3568 859 γὰρ
3596 792 3803 844 ἀναϐέ-

2232 884 2412 949 ϐηκεν
2438 885 2524 949 εἱς
2556 883 2663 935 τὸν
2693 881 2971 949 οὐρανὸν,
2995 884 3045 935 ει
3081 880 3168 950 μὴ
3217 885 3251 935 ό
3288 881 3355 934 ἐκ
3394 881 3499 936 τοῦ
3539 884 3809 950 οὐρανοῦ

2232 975 2512 1041 καταϐὰς,
2544 976 2578 1028 ό
2610 973 2740 1037 Υἱὸς
2766 967 2873 1028 τοῦ
2902 972 3237 1041 ἀνθρώπου,
3269 973 3432 1044 φησιν
3469 975 3498 1027 ὁ
3524 973 3683 1041 ἅγιος
3717 973 3820 1025 καὶ

2232 1064 2466 1134 ἀψευδὴς
2496 1064 2628 1128 Θεὸς
2663 1065 2864 1134 Δόγος’
2902 1066 2998 1135 τὴν
3043 1064 3098 1116 δὲ
3144 1064 3295 1130 τάξιν
3329 1064 3422 1117 τοῦ
3469 1064 3814 1134 Μελχισεδὲκ

2232 1156 2635 1225 κρατύνουσαή
2678 1156 2799 1208 θεὶα
2842 1156 3063 1225 Γραφὴ,
3104 1156 3195 1208 καὶ
3233 1154 3295 1206 τὸ
3350 1155 3578 1224 Πνεῦμα
3627 1155 3815 1225 ῥητῶς

2231 1245 2514 1309 διδάσκον,
2559 1244 2657 1315 τὴν
2688 1244 2976 1315 μετάθεσιν
3009 1244 3172 1309 ἔδειξε
3221 1244 3321 1313 τῆς
3352 1244 3653 1315 ἱερωσύνης
3701 1244 3811 1296 dri;

2230 1339 2330 1409 τῆς
2364 1336 2595 1400 παλαιᾶς
2621 1336 2938 1405 συναγωγῆς
2962 1336 3054 1388 καὶ
3087 1335 3179 1388 τοῦ
3218 1336 3369 1399 ἔθους
3400 1337 3479 1400 εἱς
3517 1336 3641 1398 ἔθος
3680 1337 3806 1389 κάλ-

2232 1428 2410 1481 λιστον
2435 1428 2526 1479 καὶ
2556 1426 2877 1497 ὑπέρτατον,
2912 1427 3007 1479 καὶ
3038 1427 3097 1478 ού
3129 1426 3351 1496 μέτοχον
3385 1427 3658 1496 σαρκικῆς
3695 1427 3809 1477 δια-

2231 1517 2393 1588 δοχῆς
2437 1516 2733 1588 ήνωμὲνον.
2785 1516 2842 1568 '0
2878 1516 2986 1581 γὰρ
3016 1516 3347 1586 Μελχισεδὲκ
3390 1517 3417 1567 δ
3463 1516 3623 1580 ἅγιος
3654 1510 3812 1578 οὗτος

2232 1608 2413 1662 οὐκέτι
2441 1610 2557 1679 μετ’
2589 1607 2750 1660 αὑτὸν
2779 1605 3026 1677 διαδοχὴν
3058 1605 3307 1676 ἔσχηκεν,
3337 1606 3451 1659 ἀλλ’
3491 1606 3617 1659 οὔτε
3648 1607 3811 1676 iga!-

2239 1717 2383 1770 ρεσιν
2426 1700 2525 1770 τῆς
2559 1698 2890 1771 ἱερωσύνης·
2929 1698 3110 1769 ἔμεινε
3166 1697 3273 1767 γὰρ
3314 1699 3475 1762 αὐτὸς
3507 1700 3696 1768 ἱερεὺς
3722 1700 3808 1751 τὸν

2233 1790 2406 1843 πάντα
2440 1790 2628 1862 χρόνον
2651 1789 2748 1860 τῆς
2783 1787 2946 1841 αὐτοῦ
2970 1787 3133 1859 ζωῆς.
3174 1788 3282 1842 Καὶ
3309 1787 3386 1840 ἔτι
3421 1789 3479 1840 ἐν
3511 1791 3582 1859 τῇ
3617 1789 3807 1859 Γραφῇ

2231 1880 2411 1952 ᾅδεται
2458 1882 2657 1952 ἱερεὺς,
2694 1878 2919 1951 μηδενὸς
2952 1877 3130 1933 αὐτῶν
3165 1878 3574 1949 διαδεξαμένου,
3602 1879 3636 1949 ἦ
3683 1881 3805 1932 ἀνα-

2230 1972 2526 2043 τρέψαντος
2568 1972 2666 2042 τὴν
2722 1971 2862 2026 κατὰ
2908 1970 2999 2023 τὸν
3055 1969 3244 2040 χρόνον
3289 1969 3452 2021 αὑτοῦ
3502 1970 3806 2039 ὑπηρεσέαν

2231 2061 2331 2131 τῆς
2379 2061 2697 2133 ἱερωσύνης.
2726 2061 2882 2114 υῦτω
2926 2062 3019 2114 καὶ
3064 2062 3094 2113 ὁ
3140 2058 3341 2131 Κύριος
3375 2059 3556 2130 ἡμῶν,
3590 2062 3692 2112 οὐκ
3735 2058 3805 2111 ὢν

2230 2150 2546 2222 ἄνθρωπος,
2580 2150 2714 2203 ἀλλὰ
2744 2151 2806 2203 ὲκ
2856 2150 2989 2203 θεοῦ
3054 2149 3207 2218 ἆγιος
3249 2149 3380 2212 Θεὸς
3424 2149 3636 2217 Λόγος,
3684 2150 3805 2211 Tib;

2231 2240 2364 2295 Θεοῦ
2388 2241 2666 2314 γεννηθεὶς
2696 2242 2947 2313 ἀνάρχως
2969 2241 3061 2293 καὶ
3088 2241 3352 2311 ἀχρδνως.
3380 2240 3467 2293 ἀεὶ
3499 2241 3596 2292 σὺν
3632 2242 3805 2310 Πατρὶ

2230 2332 2326 2397 ὢν,
2376 2333 2663 2405 γενόμενος
2715 2333 2781 2386 δι’
2811 2334 2957 2403 ἡμᾶς
3004 2334 3066 2385 ὲκ
3111 2332 3329 2402 Μαρίας
3366 2333 3676 2402 ἄνθρωπος,
3715 2332 3805 2383 καὶ

2230 2425 2331 2478 ούκ
2371 2424 2478 2478 ἀπὸ
2523 2424 2833 2495 σπέρματος
2888 2422 3095 2493 ἀνδρός.
3130 2422 3239 2493 Τὴν
3281 2423 3337 2476 δὲ
3383 2422 3686 2494 ἱερωσύνην
3730 2424 3803 2491 τῷ

2231 2515 2405 2586 Πατρὶ
2452 2515 2769 2587 προσφέρει,
2797 2515 2854 2581 ἐξ
2896 2514 3309 2587 ἀνθρωπότητος
3346 2516 3406 2568 τὸ
3442 2515 3672 2588 φύραμα
3708 2515 3804 2567 λι-

2231 2606 2361 2671 ϐὼν,
2388 2606 2476 2660 ἵνα
2498 2606 2638 2678 ὑπὲρ
2666 2609 2697 2676 ἠ
2709 2606 2822 2677 μῶν
2864 2608 3040 2677 ἱερεὺς
3083 2609 3324 2676 καταστῇ
3351 2606 3489 2659 κατὰ
3524 2607 3621 2677 τὴν
3654 2606 3807 2670 τάξιν

2229 2697 2582 2768 Μελχισεδὲκ,
2606 2698 2704 2769 τὴν
2739 2698 2812 2768 μὴ
2844 2697 3069 2767 ἔχουσαν
3103 2698 3370 2768 διαδοχήν.
3399 2698 3565 2751 Μένει
3594 2698 3711 2770 γὰρ
3740 2702 3808 2752 τὰ

2232 2789 2371 2861 ὑπὲρ
2399 2789 2556 2861 ἡμῶν
2583 2790 2663 2854 εἱς
2695 2789 2756 2845 τὸ
2787 2789 3028 2860 διηνεκὲς
3067 2789 3214 2859 δῶρα
3254 2789 3601 2862 προσφέρωψ
3654 2792 3811 2861 πρῶ-

2229 2898 2322 2934 τον
2353 2881 2452 2950 μὲν
2498 2881 2687 2934 ἑαυτὸν
2724 2880 3115 2952 προσενέγκας,
3151 2881 3239 2935 ἴνα
3278 2881 3410 2953 λύσῃ
3451 2880 3648 2933 θυσίαν
3703 2901 3814 2936 πα-

2229 2973 2387 3037 λαιᾶς
2412 2972 2695 3045 διαθήκης,
2730 2972 2828 3045 τὴν
2856 2973 3235 3043 ἐντελεστέραν
3266 2958 3433 3037 ζῶισαν
3474 2973 3617 3043 ὑπὲρ
3665 2992 3814 3029 παν-

561 3053 891 3122 perlcctiore
931 3056 1160 3125 vivaque
1206 3073 1302 3128 pro
1351 3059 1519 3115 totius
1562 3063 1748 3118 mundi
1791 3064 1966 3121 salute
2012 3081 2126 3121 ma-

2232 3065 2321 3128 τὸς
2351 3064 2556 3135 κόσμου
2583 3066 2941 3137 ἱερουργήσας
2965 3083 2979 3097 ο
3016 3065 3176 3127 αὐτὸς
3203 3066 3409 3135 ἱερεῖον,
3432 3063 3589 3127 αὑτὸς
3623 3064 3699 3118 θῦ
3709 3086 3813 3136 μα,

562 3152 704 3199 ctata
758 3145 959 3210 hostia,
992 3148 1189 3202 veteris
1237 3152 1546 3207 testamenti
1576 3154 1905 3211 sacriﬁcium
1944 3158 2127 3214 abole-

561 3243 661 3290 ret.
694 3236 752 3290 In
774 3252 884 3306 quo
918 3237 1058 3293 idem
1094 3238 1210 3308 ipse
1235 3240 1456 3295 victima
1484 3241 1606 3307 fuit,
1631 3242 1746 3313 ipse
1769 3245 2124 3313 sacriﬁcium,

563 3329 679 3397 ipse
720 3328 1005 3390 sacerdos,
1040 3329 1156 3399 ipse
1189 3332 1381 3395 altare,
1430 3333 1546 3403 ipse
1581 3332 1745 3397 Deus,
1782 3336 1901 3405 ipse
1940 3337 2124 3402 homo,

559 3418 673 3485 ipse
693 3418 827 3483 Rex,
854 3418 1017 3491 472
1048 3421 1161 3490 ipse
1182 3419 1451 3487 Pontifex,
1476 3423 1590 3493 ipse
1611 3425 1749 3488 ovis,
1775 3425 1892 3495 ipse
1914 3442 2123 3497 agnus;

558 3507 803 3576 adeoque
829 3511 1007 3562 omnia
1032 3512 1083 3563 iu
1111 3510 1350 3566 omnibus
1373 3512 1392 3543 ³
1428 3522 1649 3584 propter
1675 3532 1778 3573 nos
1810 3524 1890 3573 est
1925 3519 2123 3585 lactus,

560 3606 620 3659 ut
653 3599 828 3654 modis
856 3601 1111 3657 omnibus
1151 3603 1307 3659 nobis
1333 3604 1444 3659 vita
1477 3616 1823 3677 suppeteret;
1852 3624 1916 3666 ac
1946 3626 2129 3667 sacer-

506 3733 510 3738 .
556 3688 691 3743 dotii
725 3689 810 3745 sui
844 3701 1206 3757 constantem,
1232 3701 1286 3749 et
1311 3694 1704 3754 immutabilem
1736 3699 2045 3756 ﬁrmitatem
2070 3701 2125 3757 in

558 3781 949 3853 sempiternum
982 3791 1264 3850 statueret,
1300 3794 1359 3841 ut
1414 3804 1520 3842 non
1567 3788 1680 3858 jam
1721 3791 1908 3862 stirpis
1941 3792 2125 3847 habita

557 3872 771 3931 ratione
805 3878 1185 3933 successiones
1216 3878 1599 3947 distribueret;
1635 3880 1731 3939 sed
1759 3897 1822 3937 ex
1851 3882 2123 3951 iustiﬁca-

556 3968 705 4026 tione
749 3969 1063 4024 conservari
1122 3972 1519 4043 propagarique
1569 3973 1624 4027 in
1676 3973 1882 4044 Spiritu
1933 3984 2126 4032 sancto

558 4061 833 4130 singulari
864 4061 1127 4117 beneﬂcio
1154 4062 1335 4117 vellet.

627 4151 694 4216 V,
735 4154 896 4210 Aliud
939 4162 1198 4225 praeterea
1245 4153 1494 4209 nonnulli
1521 4154 1589 4209 de
1618 4154 1806 4210 eodem
1848 4155 2127 4213 Melchise-

558 4249 694 4303 deco
727 4247 1022 4303 somniant.
1056 4244 1336 4316 Ejusmodi
1363 4246 1511 4301 enim
1547 4246 1796 4304 homines
1825 4249 2125 4303 carnaliter

556 4338 854 4393 examinati
890 4347 1020 4393 sunt
1042 4339 1097 4393 δι
1133 4354 1263 4392 eum
1298 4338 1615 4409 spiritaliter
1644 4354 1707 4393 ea
1738 4354 1859 4410 qum
1888 4341 1956 4395 ab
1980 4341 2124 4411 Apo-

2232 3156 2392 3220 αύτὺς
2416 3157 2610 3228 ἱερεὺς,
2645 3156 2806 3220 αὐτὸς
2840 3154 3241 3229 θυσιαστήριον,
3273 3157 3431 3219 αὐτὸς
3455 3156 3605 3221 Θεὸς,
3640 3160 3817 3222 αὐτὸς

2231 3247 2537 3319 ἄνθρωπος,
2573 3248 2734 3312 αὐτὸς
2774 3247 3044 3319 βασιλεὺς,
3079 3248 3241 3313 αὐτὸς
3296 3249 3596 3320 ἀρχιερεὺς,
3638 3250 3812 3312 αὐτὸς

2231 3337 2516 3409 πρόϐατον,
2562 3338 2723 3402 αὐτὸς
2748 3338 2951 3408 ἀρνίον,
2984 3339 3058 3393 τὰ
3092 3337 3289 3392 πάντα
3322 3339 3393 3391 ἐν
3431 3335 3619 3392 πᾶσιν
3654 3338 3803 3408 ὑπὲρ

2230 3426 2384 3497 ἡμῶν
2427 3427 2735 3498 γενόμενος,
2772 3429 2859 3481 ἵνα
2894 3430 3025 3498 ἡμῖν
3066 3429 3178 3497 ζωὴ
3221 3428 3359 3481 κατὰ
3393 3428 3565 3481 πάντα
3595 3429 3809 3497 τρόπον

2231 3515 2474 3585 γένηται,
2520 3516 2614 3568 καὶ
2650 3516 2747 3586 τῆς
2790 3516 3087 3586 ἱερωσύνης
3119 3516 3284 3569 αὑτοῦ
3328 3516 3388 3567 τὸ
3428 3515 3805 3584 ἀμετάστατον

2230 3606 2505 3678 ἑδραίωμα
2525 3606 2604 3670 εἱς
2627 3607 2752 3670 τοὺς
2777 3606 2979 3669 αἱῶνας
3010 3604 3413 3677 ἀπεργάσηται,
3449 3605 3629 3658 οὐκέτι
3661 3606 3807 3658 κατὰ

2232 3697 2454 3769 σπέρμα
2500 3697 2597 3762 τὰς
2651 3697 2900 3768 διαδοχὰς
2947 3696 3217 3770 μερίζων,
3262 3697 3397 3751 ἀλλὰ
3440 3697 3578 3750 κατὰ
3616 3697 3682 3750 τὸ
3728 3698 3806 3749 δι·

2231 3788 2447 3857 καίωμα
2499 3784 2860 3855 φυλάττεσθαι
2916 3787 2972 3839 ἐν
3015 3785 3291 3857 Πνεύματι
3343 3786 3484 3856 ἁγίῳ
3526 3786 3807 3856 δωρούμε-

2229 3895 2337 3941 νος.

2298 4161 2375 4213 E'.
2415 4159 2744 4226 Φαντάζουσι
2784 4158 2842 4212 δὲ
2882 4158 3033 4211 ἄλλοι
3071 4157 3201 4228 περὶ
3236 4158 3430 4211 τούτου
3474 4156 3565 4209 τοῦ
3593 4157 3809 4226 Μελχι-

2230 4252 2384 4306 σεδὲκ
2418 4251 2687 4320 λέγοντες.
2711 4248 2995 4321 Σαρκικῶς
3027 4248 3134 4321 γὰρ
3164 4249 3213 4302 οἱ
3255 4248 3486 4302 τοιοῦτοι
3512 4247 3810 4317 ἀνεκρίθη-

2229 4360 2350 4408 σαν,
2381 4340 2765 4412 πνευματικῶς
2805 4341 2879 4413 μὴ
2904 4340 3217 4411 νενοηκότες
3248 4340 3318 4393 τὰ
3366 4340 3471 4392 ὑπὸ
3505 4337 3598 4392 τοῦ
3643 4338 3809 4407 ἁγίου

557 4431 700 4486 stolo
722 4430 776 4484 in
798 4429 1038 4499 Epistula
1060 4432 1127 4487 ad
1154 4430 1579 4493 ﬂebraeosdieta
1605 4445 1754 4495 sunt,
1777 4448 2121 4503 nequaquam

2243 4435 2564 4489 ’Δποστόλου
2588 4436 2644 4487 ὲν
2666 4435 2732 4504 τῇ
2767 4432 3053 4503 Ἐπιστολῇ
3079 4434 3147 4502 τῇ
3177 4430 3315 4500 πρὸς
3345 4430 3633 4501 Ἐϐραίους
3650 4433 3812 4500 εἰρη-

558 4520 945 4576 iutellexerint.
1002 4519 1369 4586 Quamobrem
1420 4521 1619 4578 Hiera:
1669 4522 2123 4579 Melcltiscdecum

560 4613 821 4683 Spiritum
859 4627 981 4667 esse
1026 4619 1274 4665 sanctum
1309 4612 1605 4675 existimat,
1655 4614 1802 4682 quod
1842 4615 1916 4668 ita
1965 4615 2032 4669 de
2058 4630 2126 4670 eo

559 4709 822 4777 scriptum
873 4706 945 4760 sit
977 4723 993 4760 :
1024 4703 1364 4758 Assimilatus
1412 4703 1555 4758 Filio
1602 4704 1714 4759 Dei.
1760 4704 1938 4761 Manet
1988 4708 2125 4761 enim

557 4797 801 4855 sacerdos
863 4796 917 4850 in
968 4802 1272 4864 perpetuum
1299 4795 1341 4847 '.
1404 4797 1557 4860 Quod
1610 4802 1663 4848 et
1703 4796 1826 4850 aliis
1879 4796 2124 4865 Apostoli

558 4891 737 4946 verbis
765 4890 1088 4945 illustratur.
1130 4904 1253 4942 cum
1290 4886 1425 4941 dicit
1453 4903 1464 4938 :
1495 4886 1725 4956 Spiritus
1753 4904 1869 4943 vero
1898 4905 1992 4957 pro
2027 4907 2125 4945 no-

557 4984 635 5036 bis
674 4980 909 5051 postulat
939 4979 1217 5051 gemitibus
1242 4978 1692 5033 inenarrabilibus
1715 4980 1756 5033 ⁸.
1792 4980 1860 5034 At
1887 4982 1981 5050 qui
2009 4980 2125 5052 Spi-

557 5075 696 5130 ritus
751 5072 926 5129 sancti
964 5071 1252 5127 interiores
1298 5085 1494 5126 sensus
1532 5071 1704 5135 novit,
1752 5088 1858 5126 non
1910 5074 2125 5143 ignorat

557 5166 707 5219 illum
739 5164 847 5221 Deo
875 5180 972 5235 pro
996 5165 1188 5220 electis
1219 5162 1549 5233 supplicare.
1575 5163 1679 5217 Sed
1708 5162 1900 5234 ct,iste
1933 5165 2123 5221 nihilo-

556 5256 738 5310 minus
771 5270 802 5309 a
859 5256 1139 5325 proposito
1187 5254 1405 5323 penitus
1454 5252 1747 5308 aberravit.
1814 5254 1930 5309 Non
1975 5256 2120 5311 enim

558 5361 795 5415 unquam
829 5347 1065 5416 Spiritus
1098 5354 1324 5401 sanctus
1356 5362 1576 5401 carnem
1610 5347 1808 5401 induit.
1850 5346 1966 5411 Qua
1999 5348 2123 5416 qui-

556 5435 688 5491 dem.
707 5436 751 5490 si
782 5436 979 5497 caruit,
1000 5436 1112 5491 Rex
1136 5451 1260 5491 esse
1286 5436 1490 5504 Salem,
1515 5446 1608 5490 aut
1636 5438 1783 5491 illius
1810 5439 1912 5491 loci
1948 5452 2124 5492 sacer-

557 5527 657 5591 dos
687 5542 795 5582 non
833 5527 1025 5595 potuit.
1056 5524 1256 5582 Verum
1288 5530 1667 5598 opportuniori
1699 5538 1963 5599 tempore,
1995 5544 2119 5583 cum

2233 4526 2393 4599 μένα.
2423 4526 2534 4579 Καὶ
2564 4525 2592 4577 ὁ
2642 4524 2740 4594 μὲν
2778 4522 3171 4595 Ἰἐραξκτοῦτον
3212 4519 3421 4592 νομίζει
3464 4519 3812 4590 Μελχισεδὲκ

2231 4604 2370 4670 εἶναι
2406 4615 2466 4669 τὸ
2500 4614 2722 4683 Πνεῦμα
2758 4614 2820 4666 τὸ
2853 4613 3026 4681 ἅγιον,
3053 4611 3143 4667 διὰ,
3192 4611 3809 4680 τδ,Ἄφομοιούμεγον,

2231 4706 2385 4776 φησὶ,
2429 4706 2510 4769 τῷ
2550 4705 2657 4771 Υὶῷ
2684 4704 2790 4758 τοῦ
2840 4703 3007 4757 Θεοῦ.
3043 4702 3220 4756 Μένει
3246 4700 3355 4769 γὰρ
3383 4700 3576 4768 ἱερεὺς
3621 4704 3720 4766 εἰς
3750 4702 3813 4753 τὸ

2230 4795 2536 4866 διηνεκές·
2564 4795 2638 4858 ὡς
2682 4795 2789 4847 ἀπὸ
2836 4794 2933 4863 τῆς
2974 4793 3210 4865 λέξεως,
3248 4787 3315 4861 ἧς
3368 4787 3521 4843 εἶπεν
3566 4792 3603 4841 ό
3656 4793 3817 4858 ἅγιος

2243 4885 2561 4949 ’Λπόστολος
2584 4902 2597 4914 ·
2636 4884 2705 4939 Τὸ
2738 4883 2805 4937 δὲ
2846 4884 3085 4953 Πνεῦμα
3126 4879 3639 4950 ὑπερεντυγχάνει
3679 4900 3815 4936 creo

2231 4977 2479 5048 a'aryofc
2512 4975 2866 5043 ἀλαλήτοις·
2892 4976 2921 5028 δ
2951 4974 3006 5027 δὲ
3050 4973 3410 5042 ἐπιστάμενος
3442 4972 3505 5024 τὸ
3542 4971 3816 5043 φρόνημα

2228 5069 2323 5123 τοῦ
2370 5068 2685 5139 Πνεύματος
2712 5061 2872 5130 οἶδεν,
2901 5066 2997 5128 ὅτε
3015 5065 3155 5133 ὑπὲρ
3180 5063 3448 5116 ἐκλεκτῶν
3480 5064 3814 5131 ἐντυγχάνει

2229 5163 2307 5235 τῷ
2336 5161 2474 5232 Θεῷ.
2513 5160 2767 5225 Ἐξὲπεσε
2798 5157 2854 5210 δὲ
2893 5158 2985 5210 καὶ
3032 5150 3183 5217 οὗτος
3224 5152 3504 5215 παντελῶς
3526 5154 3634 5206 τοῦ
3686 5171 3814 5224 προ-

2230 5253 2504 5320 κειμένου.
2534 5252 2608 5304 Οὐ
2644 5240 2753 5319 γὰρ
2787 5248 2965 5318 σάρκα
2997 5244 3280 5299 ἐνεδύσατο
3300 5244 3363 5296 τὸ
3390 5241 3630 5311 Πνεῦμά.
3662 5260 3812 5297 ποτε.

2231 5345 2418 5414 Σάρκα
2449 5343 2505 5396 δὲ
2542 5343 2615 5413 μὴ
2641 5339 3021 5409 ἐνδυσάμενον,
3061 5337 3159 5390 οὐκ
3195 5331 3337 5405 εἶχεν
3376 5331 3515 5388 εἶναι
3545 5332 3816 5401 Bac-.132);

2228 5436 2327 5505 τῆς
2354 5435 2575 5505 Σαλὴμ.
2627 5433 2721 5485 καὶ
2768 5432 2946 5502 ἱερεὺς
2977 5430 3141 5482 τόπου
3182 5428 3345 5492 τινός.
3375 5425 3573 5497 Καιρῷ
3619 5428 3685 5481 δὲ
3730 5429 3816 5480 επ

2230 5528 2358 5598 περὶ
2401 5526 2589 5579 τούτου
2630 5523 2721 5577 τοῦ
2768 5524 3008 5595 Ἱέρακος
3046 5519 3268 5588 καὶτῆς
3322 5518 3486 5573 αὐτοῦ
3533 5522 3822 5591 αἱρέσεως

629 5688 650 5727 ι.
689 5682 846 5743 Deest
886 5682 1131 5739 verbum.
1209 5687 1228 5716 ³
1260 5682 1415 5740 Joan.
1444 5700 1526 5746 tu.
1563 5688 1647 5740 l5.
1727 5690 1746 5719 ³
1778 5688 1795 5742 l
1827 5687 1952 5743 Cor.
1986 5704 2073 5752 xv,
2100 5688 2126 5742 Ξ

2272 5689 2290 5717 ³
2323 5685 2365 5739 ll
2397 5686 2524 5741 Cor.
2551 5701 2612 5751 ll,
2653 5685 2733 5740 ιι.
2810 5686 2830 5717 ⁸
2858 5682 3019 5738 Hebr.
3054 5699 3150 5752 vn,
3182 5682 3233 5737 '5.
3312 5682 3331 5709 θ
3359 5678 3517 5735 Rom.
3558 5695 3703 5747 \‘lll,
3729 5680 3820 5737 ‘36.
