3866 6068
196 253 308 313 θῖὶδ

909 257 1278 317 ADVERSUS
1312 252 1658 315 IIIERESES
1697 256 1824 316 LIB.
1859 257 1924 315 ll.
1965 254 2131 317 ἸὌΜ.
2175 256 2215 313 1.
2264 289 2324 300 -
2364 256 2641 316 HERES.
2681 256 2840 317 LVII.

3367 266 3468 322 99-6

198 374 422 433 λιισινς
456 364 531 424 Ἥ
557 371 619 424 οὑ
652 370 925 443 μέμνησαι
954 372 1050 426 τοῦ
1077 373 1242 426 ’Ἅϐελ
1269 372 1406 445 μετὰ
1434 371 1662 428 θάνατον
1690 374 1789 444 τῆς

1897 373 1983 426 isti
2012 373 2065 425 in
2086 370 2401 441 supplicium
2432 372 2452 402 ’
2480 372 2505 425 ?
2545 370 2663 426 Non
2704 371 2833 425 illud
2861 369 3095 440 d‘eniqt'te
3125 368 3309 427 Abelis
3349 380 3471 443 post

201 455 344 531 πρὸς
374 460 506 512 Θεὸν
531 461 768 531 ὁμιλίας,
794 459 871 524 ὡς
906 462 967 513 οὑ
998 462 1097 532 τὴν
1125 462 1305 532 ψυχὴν
1346 461 1492 528 λέγει
1526 460 1787 531 ἐντυγχά-

196 566 314 601 νειν
355 550 450 602 καὶ
501 548 630 620 βοᾷν
663 550 799 621 πρὸς
844 550 937 604 τὸν
984 551 1138 615 Θεὸν,
1170 551 1306 604 ἀλλὰ
1334 551 1395 603 τὸ
1433 545 1607 621 αἷμα;
1643 547 1791 621 Αἷμα

194 637 255 691 δὲ
281 638 341 690 οὑ
367 638 513 709 ψυχὴ
542 640 796 711 ὑπάρχει,
821 639 935 694 ἀλλ’
962 641 1020 693 ὲν
1061 639 1139 717 τῷ
1175 641 1368 711 αἵματι
1401 641 1435 712 ὴ
1466 641 1609 712 ψυχή
1651 642 1787 694 ἐστι.

198 729 370 800 Σῶμα
395 731 505 801 γάρ
532 720 647 783 ἐστι
682 731 752 783 ’τὸ
788 726 929 802 αἷμα
956 731 1151 803 ὁρατόν
1168 748 1183 763 ο
1218 733 1252 802 ὴ
1269 729 1338 785 ⁸δὲ
1364 731 1531 803 ψυχὴ,
1559 730 1790 802 ἀόρατός

202 834 284 880 τις
332 818 674 890 ὑπάρχουσα,
710 821 767 873 ὲν
809 819 885 890 τῷ
917 820 1110 890 αἵματι
1158 819 1270 891 ἔχει
1316 820 1407 874 τὸν
1452 819 1649 891 χῶρον.
1678 818 1790 872 Καὶ

199 910 542 979 πανταχόθεν
574 912 897 983 ἐλήλεγκταί
942 927 1057 973 σου,
1091 905 1137 964 ὧ
1167 911 1534 983 Βαρδησιάνη,
1566 911 1600 982 ἡ
1629 922 1791 964 κακο-

200 1002 410 1068 πιστία,
439 1005 856 1075 ἁνατρεπομένη
890 1001 951 1068 ἐξ
986 1003 1157 1074 αὑτῆς
1177 1004 1288 1074 ’τῆς
1311 1001 1591 1073 ἀληθείας.

270 1185 352 1237 Ρ.
389 1186 527 1257 Περὶ
576 1180 637 1238 δὲ
678 1176 891 1238 πολλῶν
938 1183 1126 1255 ἀρχῶν
1170 1182 1468 1254 ἐπειδήπερ
1527 1181 1789 1245 πολλάκις

194 1275 345 1330 κατὰ
374 1276 484 1330 τῶν
510 1275 680 1340 οὑτως
708 1276 972 1345 λεγόντων
1004 1274 1173 1328 πολλὰ
1199 1275 1442 1337 εἰπόντες
1460 1275 1501 1337 ⁸,
1552 1273 1789 1326 ἐνταῦθα

198 1366 263 1418 οὑ
297 1365 498 1437 πολλὴν
540 1366 798 1435 ποιοῦμαι
826 1365 929 1435 τὴν
966 1364 1094 1435 περὶ
1133 1363 1325 1416 τούτου
1365 1360 1642 1432 διαλογὴν,
1670 1359 1785 1414 ἀλλ’

197 1456 280 1521 ὼς
320 1457 378 1508 ὲν
418 1456 719 1527 ὑπομνήσει
755 1454 848 1509 τοῦ
892 1452 1048 1524 ἁγίου
1077 1445 1425 1515 Ἀποστδλου,
1463 1452 1785 1522 φάσκοντος,

188 1544 288 1597 ὅτι
329 1543 491 1613 Ἡμῖν
519 1540 607 1610 εἷς
633 1544 776 1611 Θεὸς
801 1548 835 1599 ό
861 1545 1082 1612 Πατὴρ,
1105 1543 1183 1608 ,ἐξ
1215 1539 1287 1599 οὗ
1327 1544 1399 1603 τὰ
1429 1541 1647 1605 πάντα,
1686 1541 1786 1595 καὶ

193 1633 376 1703 ’ἡμεῖς
394 1637 480 1701 εις
507 1635 694 1689 αὐτόν
711 1650 726 1666 ·
766 1632 865 1687 καί
887 1634 971 1701 εἷς
1005 1634 1222 1702 Κύριος
1248 1631 1479 1700 Ἰησοῦς
1508 1630 1782 1699 Χριστὸς,

1890 472 2119 517 mortem
2154 478 2278 517 cum
2315 460 2423 516 Deo
2445 462 2780 533 colloquium
2803 461 3130 524 recordaris,
3159 472 3325 530 utque
3366 478 3472 517 non

1890 553 2036 609 illius
2070 555 2331 617 animam,
2364 552 2456 609 sed
2504 554 2827 625 sanguinem
2871 553 3369 623 su‘ppliraredieat.
3409 568 3473 606 ac

1892 645 2060 700 Deum
2091 645 2424 701 clamoribus
2449 641 2875 716 iuterpellare‘?
2904 642 3142 714 Sanguis
3174 659 3345 713 porro
3381 659 3459 698 ne-

1889 751 2165 808 quaquam
2201 736 2381 790 anima
2414 742 2533 801 est;
2563 734 2658 791 sed
2687 736 2740 788 in
2775 735 3044 805 sanguine
3071 735 3254 788 anima
3291 734 3471 803 potius

1890 824 2051 882 inest.
2119 825 2334 896 Quippe
2391 824 2620 895 sanguis
2698 824 3035 894 aspectabile
3091 838 3294 892 corpus
3352 831 3470 885 est;

1888 915 2070 968 anima
2098 930 2251 976 vero,
2306 928 2431 966 cum
2492 912 2673 966 visum
2731 928 2949 967 omnem
2982 911 3223 982 eﬂ'ugiat,
3257 912 3309 965 in
3347 925 3467 965 san-

1891 1006 2057 1075 guine
2097 1004 2319 1059 residet.
2357 1003 2431 1056 Ita
2465 1003 2738 1073 dogmatis
2771 1004 2869 1067 lui,
2891 1018 2924 1056 ο
2949 1002 3315 1057 Bardesianel
3348 1012 3471 1071 pra-

1887 1098 2031 1152 vitas
2072 1097 2246 1166 ipsius
2276 1097 2326 1150 vi
2358 1095 2616 1150 Veritatis
2652 1104 2845 1149 eversa
2877 1095 3093 1165 penitus
3118 1095 3375 1149 concidit.

1960 1186 2048 1241 lli.
2074 1187 2149 1242 De
2173 1188 2424 1257 pluribus
2448 1202 2579 1241 vero
2599 1186 2905 1256 principiis,
2928 1186 3184 1255 quoniam
3207 1185 3470 1240 adversus

1888 1277 2049 1342 alios,
2099 1277 2194 1347 qui
2248 1277 2304 1329 in
2352 1275 2543 1330 eodem
2576 1290 2765 1330 errore
2801 1283 3114 1342 versantur,
3142 1275 3466 1345 jampridem

1887 1368 2059 1421 multa
2092 1367 2351 1430 diximus,
2377 1365 2593 1435 longam
2618 1365 2720 1420 hoc
2753 1366 2875 1419 loco
2902 1364 3330 1434 diSputationem
3356 1376 3467 1418 non

1888 1457 2199 1512 instituam.
2234 1454 2343 1511 Sed
2384 1455 2517 1510 illud
2549 1471 2617 1509 ex
2648 1454 2912 1524 Apostolo
2951 1456 3219 1507 duntaxat
3255 1453 3311 1506 in
3349 1467 3467 1506 me-

1889 1548 2121 1602 moriam
2174 1545 2487 1603 revocabo:
2520 1543 2688 1599 Nobis
2735 1562 2869 1599 unus
2913 1553 2989 1599 est
3032 1543 3168 1598 Deus
3196 1542 3380 1605 Pater,
3405 1549 3471 1596 ex

1888 1651 1990 1710 quo
2045 1639 2221 1720 omnia
2256 1648 2307 1694 'et
2342 1656 2437 1694 nos
2464 1641 2518 1693 in
2560 1639 2752 1709 ipsum,
2782 1646 2831 1692 et
2860 1654 2997 1692 unus
3026 1635 3280 1689 Dominus
3305 1633 3464 1689 Iesus
3526 1701 3541 1710 .

188 1723 280 1779 ’δι’
303 1721 375 1781 οὗ
403 1724 475 1779 τὰ
501 1725 720 1788 πάντα,
758 1725 857 1779 καί
878 1724 1048 1795 ἡμεῖς
1072 1724 1145 1778 δι’
1166 1723 1376 1778 αὐτοῦ.
1413 1721 1538 1786 Πῶς
1559 1719 1652 1776 οὖν
1677 1740 1789 1775 πο-

1897 1731 2158 1796 Christus,
2204 1715 2423 1801 propter
2466 1748 2616 1801 quem
2647 1726 2848 1796 omnia,
2877 1740 2925 1785 et
2968 1745 3059 1798 per
3085 1739 3236 1800 quem
3265 1729 3467 1791 omnia,

193 1816 392 1871 suam
412 1816 593 1882 ἔσται,
621 1817 717 1871 καὶ
746 1816 938 1870 πολλαὶ
966 1816 1132 1888 ἀρχαί
1154 1856 1169 1881 ,
1199 1801 1307 1870 κω
1328 1809 1416 1879 εἷς
1446 1815 1661 1882 Κύριος
1680 1814 1789 1881 ’1η-

192 1909 357 1973 σοῦς
371 1909 643 1977 Χριστὸς,
673 1909 748 1962 δι’
771 1908 851 1962 ὃν
881 1909 954 1964 τὰ
984 1908 1199 1973 πάντα,
1215 1905 1321 1961 οιαὶ
1340 1904 1421 1959 δι’
1442 1901 1515 1961 οὗ
1544 1907 1617 1959 τὰ
1639 1904 1789 1958 πάν-

199 2014 296 2065 τα,
335 2000 434 2054 καὶ
471 1999 642 2069 ἡμεῖς
664 1999 737 2054 δι’
759 2000 1120 2071 αὐτοῦβΑηρα
1156 1995 1249 2054 οῦν
1276 1993 1357 2063 εἷς
1390 1999 1538 2051 ἐστιν
1571 1998 1600 2049 ὁ
1627 2013 1785 2066 ποιη-

196 2089 322 2161 τὴς,
349 2092 445 2146 καὶ
490 2091 615 2146 οὑτε
651 2092 835 2147 πολλοὶ
863 2092 997 2157 θεοὶ,
1024 2090 1150 2145 οὒτε
1183 2091 1368 2145 πολλοὶ
1414 2089 1783 2158 αἰῶνες.Ἔφη

197 2182 332 2253 γὰρ,
370 2183 453 2236 ὅτι
488 2184 670 2253 Εἴπερ
702 2183 819 2238 εἰσί
850 2183 1067 2238 πολλοὶ
1092 2182 1213 2236 θεοί
1243 2182 1576 2251 λεγόμενοι.
1609 2179 1684 2232 Τὸ
1709 2179 1788 2243 δὲ,

194 2275 529 2342 λεγόμενοι,
563 2275 640 2338 ὡς
684 2275 783 2346 οὑχ
828 2276 1182 2345 ὑπαρχόντων
1230 2275 1571 2344 ἀπεφήνατο.
1607 2273 1703 2324 Διὰ
1734 2271 1790 2325 δὲ

195 2367 327 2430 τοὺς
348 2367 458 2420 τῶν
472 2367 737 2439 Ἑλλήνων
757 2367 1101 2437 λεγομένους,
1118 2365 1212 2429 οὓς
1223 2363 1598 2435 ὲθεοποίησαν,
1616 2363 1787 2434 ἥλιον,

196 2458 299 2512 καὶ
331 2458 579 2531 σελήνην,
613 2459 786 2531 ἄστρα
823 2458 1002 2513 τεκαὶ
1036 2457 1104 2511 τὰ
1139 2457 1349 2519 τούτοις
1381 2457 1547 2527 ὃμοια
1575 2455 1792 2526 ἀποφη-

198 2552 455 2623 νάμενος,
483 2551 775 2607 ἀπέκλεισε
811 2553 1028 2607 πάντων
1072 2551 1183 2606 τῶν
1229 2548 1665 2619 πεπλανημένων
1691 2549 1791 2618 τὴν

193 2644 464 2698 διάνοιαν.

1888 1829 1938 1875 et
1957 1834 2050 1874 nos
2066 1834 2158 1888 per
2185 1819 2353 1887 ipsum
2382 1816 2425 1876 ‘.
2452 1819 2738 1885 Quomodo
2763 1821 2928 1890 igitur
2953 1821 3179 1875 deorum
3213 1818 3306 1874 illa
3339 1814 3451 1873 m‘ul

1892 1902 2597 1979 Iitudoﬂprin‘cipi‘Orumque
2624 1909 2939 1964 constabit?
2974 1908 3040 1962 Et
3082 1925 3239 1972 unus,
3267 1908 3469 1979 inquit,

1888 1988 2147 2057 Dominus
2173 1996 2330 2056 Iesus
2358 1999 2623 2065 Christus,
2659 2007 2874 2070 propter
2905 2017 3054 2071 quem
3078 2002 3275 2067 omnia,
3302 2009 3353 2055 et
3381 2010 3473 2068 per

1887 2107 2041 2160 quem
2079 2090 2280 2156 omnia,
2309 2100 2359 2144 et
2406 2106 2500 2144 nos
2537 2105 2631 2158 per
2668 2091 2863 2160 ipsum.
2911 2089 3275 2157 Quamobrem
3331 2100 3472 2145 unus

1896 2188 2001 2248 est,
2036 2179 2414 2235 tantummodo
2470 2180 2742 2245 conditor,
2789 2195 2965 2251 neque
3000 2182 3187 2251 plures
3217 2181 3291 2235 dii
3321 2190 3470 2243 sunt,

1893 2287 2143 2329 tenuesve
2170 2272 2375 2343 plures.
2407 2269 2501 2325 Sic
2532 2271 2679 2325 enim
2715 2271 2855 2324 dixit
2893 2287 2906 2321 :
2946 2271 3008 2326 Si
3037 2280 3161 2325 sunt
3184 2271 3358 2335 multi,
3380 2272 3473 2338 qui

1893 2361 2145 2415 dicuntur
2189 2359 2268 2413 dii
2322 2360 2366 2414 ⁵.
2426 2357 2599 2425 Quam
2652 2359 3000 2429 particulam,
3050 2360 3140 2430 qui
3199 2358 3469 2421 dicuntur,

1896 2450 2097 2520 adjecit
2150 2449 2297 2514 ideo,
2332 2457 2393 2504 ut
2438 2463 2549 2503 non
2586 2464 2708 2505 esse
2740 2461 2930 2505 revera
2967 2449 3319 2534 signiﬁcaret.
3362 2449 3468 2506 Sed

1895 2558 2020 2597 cum
2076 2549 2302 2614 propter
2366 2556 2483 2607 eos,
2519 2542 2613 2611 qui
2642 2542 2712 2596 ab
2740 2542 2978 2599 ethnicis
3023 2558 3146 2599 esse
3186 2542 3466 2608 dicuntur,

1898 2649 2149 2705 quosque
2204 2633 2282 2687 illi
2311 2631 2446 2688 deos
2484 2633 2848 2699 constituunt,
2875 2642 3004 2704 puta
3034 2636 3226 2699 solem,
3254 2634 3467 2699 lunam,

193 2738 372 2812 479
393 2739 599 2807 sidera,
629 2738 951 2810 reliquaque
981 2737 1035 2792 id
1064 2752 1239 2809 genus
1265 2734 1413 2791 istud
1452 2732 1783 2805 protulerit:
1827 2730 2038 2787 nullum
2099 2726 2471 2783 aberrantium
2512 2728 2795 2784 hominum
2842 2728 3086 2800 opinioni
3148 2730 3330 2786 locum
3379 2741 3468 2785 re-

196 2830 382 2889 tinuit.

264 2853 380 2904 |tt1l.

278 2926 391 2996 Τῆς
423 2926 484 2980 δὲ
536 2926 722 2995 ὑγιοῦς
774 2927 1007 2993 πίστεως
1061 2933 1396 3003 πανταχόθεν
1445 2926 1780 2999 σωζομένης.

1959 2900 2240 2965 (Σιεῑοι-ιιω
2281 2919 2406 2961 cum
2445 2905 2660 2987 sincera
2693 2905 2825 2961 ﬁdes
2871 2906 3113 2977 undique
3147 2916 3295 2963 sarta
3327 2917 3470 2967 tecta

197 3015 485 3087 ῗὲδραίωμα
538 3014 705 3081 οὔσης
730 3018 823 3070 καὶ
854 3019 1124 3090 σωτηρίας
1316 3019 1547 3085 πιστῶν,
1587 2998 1784 3088 ῥᾳδίως

1897 3001 2252 3065 custodiatur,
2280 2999 2335 3054 in
2357 3013 2531 3070 eaque
2551 2998 2790 3054 ﬁdelium
2813 3000 2963 3055 salus
2979 3014 3043 3054 ac
3070 2998 3469 3059 ﬁrmamentum

200 3106 242 3175 ἢ
269 3102 456 3158 πασῶν
476 3103 585 3158 τῶν
606 3104 872 3177 αἱρέσεων
897 3108 1143 3180 ὲπινενοη
1154 3109 1291 3179 μένη
1317 3108 1599 3177 κενολογία
1627 3119 1789 3176 προσ-

196 3196 487 3268 ανετράπη
516 3210 530 3225 ·
560 3195 635 3260 ὡς
687 3197 780 3251 καὶ
819 3189 974 3262 οὗτος
1012 3200 1368 3273 ἀνατραπεὶς,
1418 3199 1514 3253 καὶ
1559 3195 1788 3251 ἐλεεινὸν

196 3286 401 3340 ἑαυτὸν
421 3288 788 3358 καταστήσας,
812 3288 905 3340 καὶ
926 3289 1117 3342 ἑαυτὸν
1137 3288 1486 3356 ἀποξενώσας
1506 3288 1604 3358 τῆς
1622 3287 1785 3357 ζωῆς.

194 3377 346 3447 ﬁnal.
372 3376 479 3447 γὰρ
503 3378 531 3430 ὁ
560 3381 847 3450 προφήτης
886 3379 1022 3450 πρὸς
1051 3380 1148 3451 τὴν
1178 3379 1339 3448 ἁγίαν
1361 3379 1456 3433 τοῦ
1489 3379 1625 3433 Θεοῦ
1669 3378 1792 3431 Ἐκ·

200 3467 461 3540 κλησίαν,
484 3469 566 3522 ὅτι
596 3468 864 3539 Θήσομαι
891 3470 1160 3539 ἄνθρακα
1197 3471 1306 3526 τὸν
1319 3472 1496 3525 λίθον
1525 3487 1663 3537 σου,
1691 3469 1791 3525 καί

200 3558 353 3625 τοὺς
385 3559 699 3628 θεμελίους
722 3574 845 3615 σου
870 3560 1226 3631 σάπφειρον,
1257 3562 1354 3616 καὶ
1384 3563 1455 3618 τὰ
1477 3562 1646 3631 τείχη
1675 3578 1791 3615 σου

207 3652 422 3718 λίθους
448 3651 793 3718 ἐκλεκτοὺς,
822 3652 920 3706 καί
958 3653 1065 3719 τὰς
1090 3653 1375 3719 ἐπάλξεις
1399 3670 1516 3708 σου
1554 3654 1789 3710 ἴασπιν.

206 3737 347 3796 Εἶτα
373 3739 599 3811 ὕστερόν
633 3756 795 3812 φησι·
829 3739 1005 3796 Πᾶσα
1035 3742 1204 3811 φωνὴ
1240 3740 1278 3809 ἡ
1306 3740 1793 3809 ἐπαναστήσεται

207 3833 311 3888 ἐπὶ
353 3833 450 3898 σὲ,
492 3833 725 3901 πάντας
763 3834 987 3901 αὐτοὺς
1032 3834 1354 3904 ἡττήσεις·
1386 3833 1485 3887 ἐπὶ
1529 3833 1597 3886 δὲ
1623 3832 1699 3887 σὲ
1720 3836 1792 3893 οὑ

194 3923 775 3993 ικατευοδωθήσεται.
833 3926 968 3979 Οὑδὲ
1008 3925 1115 3998 γὰρ
1167 3924 1483 3995 κατισχύσει
1529 3924 1665 3996 πρὸς
1694 3925 1793 3997 τὴν

206 4015 311 4087 τῆς
362 4015 619 4087 ἀληθείας
666 4017 883 4071 πίστιν’
920 4016 1221 4088 ἐπειδήπερ
1266 4017 1365 4070 ἐπὶ
1415 4015 1529 4085 τὴν
1569 4016 1796 4084 πέτραν

192 4105 599 4176 ᾠκοδόμηται,
642 4106 739 4161 καὶ
785 4109 971 4160 πύλαι
1008 4106 1155 4174 ᾅδου
1197 4108 1268 4161 οὐ
1311 4108 1797 4176 κατισχύσουσιν

209 4197 432 4267 αὐτῆς·
503 4198 579 4263 ὣς
616 4199 981 4269 ἐπηγγείλατο
1013 4199 1150 4271 αὑτῇ
1191 4200 1220 4254 ὁ
1261 4199 1415 4269 ἅγιος
1442 4198 1575 4263 Θεὸς
1602 4199 1793 4268 Λόγος,

206 4294 236 4343 ὁ
281 4288 546 4352 Βασιλεὺς
583 4290 772 4361 αὑτῆς,
809 4291 902 4343 καὶ
931 4291 1199 4359 Νυμφίος,
1233 4293 1326 4344 καὶ
1363 4290 1566 4361 Κύριος
1605 4290 1794 4359 αὐτῆς,

1887 3092 2242 3163 sitpositum,
2290 3089 2448 3145 facile
2492 3090 2874 3146 universarum
2918 3090 3198 3147 ha-rcseon
3238 3096 3471 3151 conﬁcta

1888 3182 2174 3238 mendacia
2195 3180 2598 3236 dissolvuntur.
2615 3178 3085 3248 Quemadmodum
3102 3192 3160 3238 et
3180 3182 3472 3243 haereticus

1889 3276 1994 3332 iste
2047 3273 2313 3344 disjectus
2370 3283 2476 3337 est.
2533 3272 2629 3344 qui
2690 3288 2749 3329 se
2780 3269 3148 3330 miserrimUm
3178 3273 3235 3329 in
3264 3284 3471 3332 statum

1890 3364 2119 3437 redegit,
2154 3372 2262 3420 eta
2294 3362 2406 3418 vita
2462 3366 2684 3433 penitus
2731 3362 3011 3420 alienavit.
3068 3360 3281 3421 Etenim
3337 3382 3470 3437 pro-

1890 3457 2054 3531 pheta
2078 3458 2152 3512 ita
2177 3464 2421 3513 sanctam
2452 3455 2543 3511 Dei
2575 3454 2873 3511 Ecclesiam
2913 3455 3245 3528 alloquitur:
3266 3456 3471 3515 Portam

1890 3552 2273 3606 carbunculum
2306 3549 2537 3620 lapidem
2565 3559 2728 3608 tuum.
2766 3558 2816 3603 et
2846 3548 3193 3619 fundamenta
3223 3560 3316 3605 tua
3347 3567 3471 3621 sap-

1888 3642 2120 3709 phirum,
2151 3650 2202 3695 et
2233 3656 2415 3695 muros
2454 3648 2570 3694 tuos
2622 3638 2825 3708 lapides
2850 3640 3063 3705 electas,
3098 3650 3149 3695 et
3174 3656 3473 3713 propugna-

1891 3733 2013 3786 cula
2057 3741 2149 3785 tua
2192 3729 2461 3801 jaspidein
2489 3731 2534 3786 ⁸.
2561 3730 2769 3786 Deinde
2819 3733 3040 3801 subjicit
3070 3751 3084 3786 :
3120 3732 3304 3788 Omnis
3349 3749 3470 3797 vox,

1890 3839 2008 3894 qua:
2030 3821 2282 3876 adversus
2308 3831 2357 3876 te
2378 3831 2676 3892 consurget,
2695 3838 2873 3875 omnes
2896 3823 3020 3875 illos
3052 3823 3260 3887 vinces;
3284 3834 3473 3878 contra

1894 3923 1942 3968 te
1969 3929 2088 3967 vero
2146 3929 2250 3967 non
2300 3911 2701 3983 prosperabitur
2727 3913 2772 3966 ".
2803 3910 2944 3965 Nihil
2994 3912 3138 3967 enim
3196 3924 3280 3969 est
3324 3916 3469 3986 quod

1894 4022 2076 4062 veram
2113 4005 2271 4061 (idem
2304 3998 2619 4076 expugnare
2646 4004 2837 4076 possit,
2884 4006 3011 4075 quia
3059 4020 3212 4074 super
3266 4017 3471 4074 petram

1894 4096 2165 4167 tediﬁcata
2190 4106 2290 4163 est,
2321 4107 2370 4152 et
2401 4106 2565 4167 portw
2615 4096 2773 4166 inferi
2821 4113 2925 4151 non
2972 4096 3329 4165 pra'valebunt
3376 4099 3467 4152 ad-

1895 4207 2073 4246 versus
2120 4189 2270 4244 illam
2301 4189 2343 4243 ⁸.
2377 4188 2533 4256 Quod
2591 4188 2769 4243 eidem
2825 4186 2970 4243 Deus
3012 4184 3272 4251 Verbum,
3331 4188 3470 4252 Rex,

1896 4282 2142 4352 inquam,
2176 4280 2373 4352 ipsius,
2416 4294 2480 4334 ac
2503 4279 2755 4349 Sponsus
2788 4292 2851 4332 ac
2886 4277 3147 4332 Dmninus
3177 4280 3425 4348 promisit
3455 4298 3468 4334 :

210 4383 306 4435 καὶ
337 4379 612 4451 Δεσπότης
635 4398 649 4411 ·
686 4374 792 4452 ᾦῆ
843 4380 988 4446 δόξα,
1030 4381 1183 4452 τιμὴ.
1228 4381 1463 4453 κράτος,
1510 4382 1686 4454 Πατρὶ
1735 4384 1789 4435 ὲν

1899 4372 1987 4425 cui
2050 4371 2246 4442 gloria,
2292 4370 2488 4434 honor,
2542 4366 2855 4437 imperimn,
2916 4366 3062 4421 Patri
3120 4367 3370 4423 videlicet
3418 4370 3472 4423 iu

209 4460 347 4542 Υίῷ,
384 4471 482 4525 σὺν
515 4470 653 4541 ἁγίῳ
682 4469 958 4542 Πνεῦματι
995 4470 1074 4533 εἷς
1106 4472 1230 4535 τοὺς
1261 4471 1462 4534 αἰῶνας
1511 4470 1619 4524 τῶν
1656 4471 1791 4524 αἰώ-

204 4580 339 4619 νων.
390 4563 584 4635 Ἀμήν.

280 4653 501 4724 Ταύτης
536 4654 592 4708 δὲ
640 4654 731 4708 καί
776 4654 946 4725 αὑτῆς
997 4652 1479 4725 καταπατηθείσης
1502 4651 1604 4723 τῆς
1637 4652 1789 4724 αίρέ-

209 4765 373 4810 σεως,
430 4745 507 4809 ὼς
553 4744 663 4799 ἀπὸ
715 4746 889 4815 τομῆς
937 4745 1114 4815 ὄφεως
1159 4739 1293 4798 οὖσα
1327 4742 1558 4813 κεφαλὴ.
1589 4742 1684 4796 καὶ
1710 4742 1789 4796 ἔτι

206 4836 565 4910 σκαρίζουσα,
598 4838 676 4908 τῷ
706 4836 846 4908 ξύλῳ
876 4835 975 4906 τῆς
1001 4836 1145 4905 ζωῆς
1170 4834 1475 4898 πιεσθεῖσα,
1504 4833 1794 4905 αὑτοὶθεῴ

206 4927 658 5002 εὐχαριστοῦντες
698 4930 793 4982 ἐπὶ
833 4927 934 4993 τὰς
972 4928 1139 4990 ἄλλας
1185 4927 1345 4980 πάλιν
1373 4925 1793 4991 διασκοποῦντες

207 5025 273 5077 ἴω
283 5038 405 5085 usu,
440 5013 485 5074 ὧ
512 5019 804 5091 ἀγαπητοί.

683 5133 873 5186 ΚΑΤΑ
900 5127 1320 5191 ΝΟΗΤΙΑΝΩΝ,

206 5223 547 5295 Τριακοστὴ
593 5223 833 5293 ἑϐδόμη,
892 5221 932 5288 ἠ
971 5224 1069 5275 καὶ
1117 5221 1499 5287 πεντηκοστὴ
1548 5219 1786 5289 ἑϐδόμη.

280 5341 361 5389 ιν.
406 5336 634 5405 Ἕτερος
681 5334 843 5389 πάλιν
895 5332 1033 5402 μετὰ
1071 5331 1258 5384 τοῦτον
1317 5328 1524 5399 Νοητδς
1571 5329 1796 5401 ὀνόματι

207 5428 434 5499 ἆνέστη,
482 5427 543 5481 οὑ
596 5427 702 5497 πρὸ
730 5426 865 5479 ἐτῶν
895 5424 1174 5486 πλειόνων,
1211 5421 1327 5475 ἀλλ’
1362 5420 1438 5484 ὡς
1471 5420 1576 5491 πρὸ
1605 5420 1798 5492 χρόνου

288 5589 304 5618 ¹
335 5584 461 5639 For.
493 5579 668 5637 εἶπον.
740 5586 761 5616 ²
796 5584 987 5639 Matth.
1030 5598 1154 5644 xxv,
1181 5581 1271 5636 4?}.

218 5651 240 5681 "
268 5653 463 5710 Βοιαὶ.
504 5654 726 5710 χν1.18.

1369 5580 1389 5611 ³
1418 5576 1551 5632 Gen.
1583 5594 1655 5643 ιγ,
1702 5577 1784 5631 ll).
1864 5576 1887 5608 ⁸
1918 5576 1933 5629 l
1969 5575 2096 5632 Cor.
2128 5592 2243 5643 rm,
2281 5573 2336 5628 6.
2413 5575 2435 5605 ⁵
2469 5572 2599 5630 ibid.
2629 5573 2683 5630 5.
2762 5574 2782 5605 ⁸
2823 5571 2927 5628 lsa.
2960 5585 3072 5635 LW,
3109 5570 3191 5624 Η.

1894 4460 2054 4526 Filio,
2081 4475 2207 4516 cum
2242 4459 2446 4531 Spiritu
2488 4467 2702 4519 sancto,
2762 4456 2816 4511 iu
2871 4458 3072 4512 saecula
3118 4458 3467 4513 Sthulorum.

1895 4555 2087 4608 Amen.

1963 4633 2250 4701 Postremo
2269 4657 2397 4698 cum
2422 4643 2535 4697 haec
2555 4656 2585 4696 a
2609 4641 2767 4697 nobis
2782 4642 3104 4711 proculcata
3127 4641 3200 4695 sit
3220 4640 3469 4706 han-esis,

1893 4751 1956 4790 ae
1989 4736 2137 4791 velut
2193 4734 2444 4789 avulsum
2472 4748 2501 4787 a
2533 4743 2729 4788 trunco
2777 4732 3050 4803 serpentis
3097 4742 3260 4802 caput
3296 4733 3474 4788 adhuc

1894 4827 2173 4899 palpitans
2198 4825 2435 4896 quodam
2465 4825 2622 4896 quasi
2646 4825 2768 4879 vitae
2792 4824 2935 4880 fuste
2955 4825 3353 4879 comminutum
3381 4826 3471 4888 sit,

1897 4924 2153 4989 superest
2185 4924 2263 4981 ut,
2292 4916 2433 4972 actis
2456 4916 2561 4970 rite
2589 4913 2698 4970 Deo
2729 4916 2943 4985 gratiis,
2975 4915 3040 4969 ad
3076 4916 3313 4986 reliquas
3343 4930 3475 4969 con-

1896 5011 2244 5084 templandas
2279 5010 2518 5065 htereses
2554 5015 2920 5083 transeamus.

2316 5118 2591 5177 CONTRA
2625 5116 3018 5175 NOETIANOS
3037 5159 3051 5180 ,

2238 5211 2471 5266 Ilwresis
2515 5209 2673 5264 XXX
2692 5208 2799 5263 VII
2833 5211 2938 5265 sive
2974 5206 3157 5261 LVII.

1968 5325 2008 5380 Ι.
2046 5323 2176 5378 l‘ost
2207 5323 2354 5378 hunc
2382 5322 2523 5378 alius
2557 5320 2778 5392 quidam
2807 5319 3117 5379 haereticus,
3147 5319 3353 5373 Noelus
3379 5332 3475 5371 no-

1895 5419 2046 5474 mine
2070 5417 2311 5489 prodiit;
2336 5431 2517 5487 neque
2540 5415 2728 5470 multis
2755 5414 2955 5469 abhinc
2994 5413 3175 5477 annis,
3209 5412 3302 5468 sed
3352 5417 3476 5465 ante

3290 5568 3306 5597 ⁷
3341 5562 3470 5621 ibid.
