3866 6068
410 127 514 182 995

1825 123 1881 177 S.
1929 119 2270 175 ΕΡΙΡΗᾹΝΙΙ

3609 115 3732 176 996

411 246 512 301 hos
553 244 665 298 fere
703 251 923 300 centum
959 258 1020 296 ac
1055 242 1336 319 tringiuta,
1388 241 1442 293 in
1505 239 1635 296 Asia
1663 239 1975 303 oriundus,

2102 237 2190 292 τῶν
2241 237 2443 290 τούτων
2503 234 2696 289 ἑκατὸν
2754 234 3069 304 τριάκοντα,
3127 233 3303 286 πλείω
3366 231 3401 303 ἢ
3456 233 3724 302 ἐλάσσω,

411 337 545 392 urbe
573 336 806 408 Epheso.
839 333 942 400 Qui
967 334 1145 388 alieno
1191 331 1388 400 spiritu
1439 330 1652 386 adlatus
1698 345 1762 384 ea
1813 328 1995 384 dicere

411 443 475 481 ac
527 427 724 480 docere
779 438 948 478 ausus
1017 429 1123 483 est,
1187 435 1309 490 quae
1370 435 1472 475 nec
1521 420 1831 490 prophetae,
1895 435 1994 475 nec

411 515 663 586 apostoli,
694 528 793 568 nec
818 511 1060 565 Ecclesia
1096 509 1166 563 ab
1218 510 1374 564 initio
1423 512 1619 572 tenuit,
1658 524 1720 562 ac
1750 525 1816 564 ne
1847 509 1996 580 cogi-

411 607 545 662 tavit
568 605 808 676 quidem.

476 780 648 851 Igitur
677 777 825 833 velut
868 777 1103 848 quadam
1129 777 1308 832 elatus
1361 776 1574 832 insania
1613 790 1837 846 passum
1871 789 1993 832 esse

419 873 632 928 Patrem
658 885 766 924 non
807 868 1079 923 dubitavit
1105 883 1373 923 asserere.
1409 865 1514 922 Sed
1546 875 1600 922 et
1631 867 1824 936 majori
1859 882 1994 939 qua-

413 962 537 1016 dam
568 960 882 1031 arrogantia
941 974 1003 1014 ac
1041 957 1291 1013 vecordia
1345 958 1522 1013 elatus
1574 973 1696 1013 sese
1729 956 1989 1028 Moysem,

413 1054 639 1108 fratrem
669 1067 798 1106 vero
821 1034 980 1105 suum
1014 1049 1282 1106 Aaronem
1308 1064 1432 1105 esse
1452 1047 1609 1104 dixit.
1644 1049 1792 1103 Inter
1822 1047 1992 1120 480

415 1147 532 1200 haec
561 1147 733 1199 beate
764 1141 1038 1197 memoriae
1062 1141 1366 1212 presbyteri
1417 1140 1538 1210 ejus
1573 1139 1650 1194 rei
1703 1138 1845 1192 fama
1878 1153 1995 1208 per-

418 1237 549 1292 moti
580 1235 855 1292 hominem
889 1234 1195 1288 advocant:
1223 1231 1398 1302 deque
1431 1231 1516 1285 his
1545 1230 1802 1286 omnibus
1827 1231 1994 1284 inter-

415 1339 634 1398 rogant,
665 1335 976 1380 utrumnam
1021 1333 1129 1378 tam
1184 1323 1638 1378 contumeliosum
1681 1323 1734 1376 in
1769 1321 1988 1376 Patrem

413 1417 607 1487 dogma
652 1415 1052 1486 proposuisset.
1084 1413 1152 1467 At
1197 1415 1288 1470 ille
1326 1429 1514 1468 coram
1546 1413 1989 1482 presbyterorum

412 1521 675 1561 consessu
707 1506 1004 1576 productus
1025 1505 1251 1560 inficiari
1277 1505 1474 1576 primo,
1495 1503 1644 1574 quod
1666 1511 1790 1557 ante
1813 1503 1989 1572 ipsum

2111 329 2377 391 Ἀσιανὸς,
2417 328 2514 398 τῆς
2578 326 2804 394 Ἐφέσου
2849 324 3052 389 πόλεως
3086 323 3199 397 (96)
3228 323 3525 396 ὑπάρχων.
3589 329 3718 392 Ὃς,

2097 417 2362 490 ἀλλοτρίῳ
2394 415 2662 486 πνεύματι
2701 415 3019 487 φερόμενος,
3057 413 3325 486 ἠθέλησεν
3360 415 3459 485 ἀφ’
3501 417 3716 471 ἑαυτιοὶ

2083 505 2132 582 ⁵ὃ.
2163 507 2298 577 μήτε
2326 505 2621 577 προφῆται,
2655 505 2794 575 μήτε
2827 504 3134 569 ἀπόστολοι,
3171 507 3312 577 μήτε
3344 505 3408 570 ἐξ
3441 507 3713 579 ὑπαρχῆς

2097 595 2358 666 κατέσχεν
2389 597 2422 664 ἡ
2469 594 2786 665 Ἐκκλησία,
2825 595 2962 666 μήτε
2989 595 3268 668 ἐνενοήθη,
3297 595 3488 664 λέγειν
3517 615 3588 651 τε
3617 600 3711 652 καὶ

2094 687 2386 742 διδάσκειν.

2167 773 2355 842 Οὗτος,
2398 777 2490 848 ἀφ’
2523 775 2716 830 ἑαυτοῦ
2765 775 2852 828 ἐπ’
2881 777 3093 847 ἅρμασι
3133 777 3150 807 ¹
3179 775 3382 848 μανίας
3407 779 3708 848 ἐπαρθεὶς,

2094 869 2360 940 ἐτόλμησε
2413 869 2593 939 λέγειν
2647 867 2740 924 τὸν
2797 867 3022 940 Πατέρα
3073 867 3428 922 πεπονθέναι.
3468 870 3603 925 Ἔτι
3650 871 3706 925 δὲ

2097 959 2302 1031 μείζονί
2331 978 2434 1014 τινι
2467 958 2622 1031 τύφῳ
2651 959 2744 1013 καὶ
2774 944 3173 1032 παραφροσύνῃ
3201 959 3470 1029 ἐνεχθεὶς,
3503 961 3706 1014 ἑαυτὸν

2094 1051 2247 1121 ἔλεγε
2267 1050 2527 1114 Μωῦσέα,
2557 1051 2654 1104 xui.
2674 1050 2765 1104 τὸν
2779 1046 3006 1120 ἀδελφὺν
3033 1049 3200 1105 αὐτοῦ
3246 1052 3488 1122 Ἀαρών.
3531 1051 3702 1106 Ἀλλά

2097 1141 2296 1214 μεταξὺ
2344 1142 2547 1195 τούτων
2591 1142 2699 1195 ἀπὸ
2729 1141 2836 1212 τῆς
2890 1141 3020 1212 περὶ
3063 1141 3226 1196 αὑτὸν
3273 1143 3622 1214 ἐνηχήσεως,
3648 1147 3695 1198 οἱ

2097 1235 2356 1308 μακάριοι
2391 1233 2751 1307 πρεσϐύτεροι
2789 1233 2889 1304 τῆς
2934 1233 3264 1305 Ἐκκλησίας
3313 1237 3699 1306 προσκαλεσά-

2095 1343 2245 1398 μενοι
2271 1326 2454 1392 αὑτὸν,
2487 1324 2749 1397 ἐξήταζον
2798 1323 2928 1396 περὶ
2963 1324 3170 1378 τούτων
3203 1326 3491 1389 ἁπάντων,
3525 1327 3624 1379 καὶ
3649 1328 3695 1380 εί

2092 1418 2293 1488 ταύτην
2315 1417 2414 1488 τὴν
2437 1416 2784 1488 βλασφημίαν
2806 1415 2931 1486 περὶ
2943 1415 3159 1487 Πατρὸς
3171 1417 3546 1488 προηγάγετο.
3563 1417 3626 1472 Ὀ
3641 1418 3695 1471 δὲ

2091 1509 2162 1562 τὰ
2188 1508 2377 1581 πρῶτα
2411 1509 2510 1580 μὲν
2538 1509 2774 1579 ἠρνεῖτο,
2806 1509 2898 1560 ἐπὶ
2927 1507 3019 1561 τοῦ
3063 1507 3464 1580 πρεσϐυτερίου
3496 1507 3694 1580 ἀγόμε·

412 1613 574 1654 nemo
608 1607 761 1654 atrox
804 1597 934 1651 illud
975 1605 1138 1665 atque
1196 1595 1414 1651 exitiale
1445 1595 1597 1648 virus
1635 1591 1989 1648 evomuisset.

2102 1617 2202 1664 νος,
2235 1580 2322 1654 διά
2352 1599 2412 1654 τὸ
2459 1599 2661 1671 μηδένα
2699 1599 2806 1670 πρὸ
2839 1599 3004 1653 αὐτοῦ
3027 1599 3141 1670 (97)
3167 1597 3430 1670 ἐξεμέσαι
3464 1603 3688 1673 ταυτηνὶ

413 1691 606 1747 Postea
643 1705 794 1753 vero,
823 1703 946 1743 cum
1000 1688 1208 1742 rabiem
1265 1702 1422 1741 suam
1481 1683 1782 1748 nonnullis,
1822 1692 1883 1737 ut
1920 1681 1995 1735 ita

412 1782 615 1846 dicam,
650 1781 997 1848 aspersisset,
1041 1795 1104 1832 ac
1127 1779 1314 1833 decem
1347 1775 1462 1832 fere
1491 1777 1740 1831 homines
1769 1774 1876 1830 sibi
1901 1774 1996 1828 ad-

409 1874 708 1942 junxisset,
764 1871 1024 1939 majorem
1081 1871 1133 1923 in
1174 1869 1488 1938 superbiam
1551 1875 1715 1938 atque
1762 1865 1999 1922 insolen-

416 1967 546 2020 tiam
574 1966 772 2029 elatus,
811 1971 974 2033 atque
1001 1962 1260 2016 audacior
1300 1960 1498 2026 factus,
1529 1961 1707 2031 palam
1745 1959 1994 2015 haeresim

415 2073 569 2112 suam
592 2056 990 2112 disseminavit.
1005 2053 1244 2109 Proinde
1266 2069 1490 2109 rursum
1506 2053 1648 2108 idem
1671 2052 1748 2107 illi
1773 2052 1995 2123 presby-

417 2149 540 2214 teri,
565 2148 675 2202 tam
701 2147 902 2218 ipsum,
935 2161 1097 2218 quam
1121 2147 1214 2216 qui
1248 2161 1308 2201 se
1335 2145 1403 2200 ad
1432 2161 1556 2201 eum
1585 2145 1878 2201 infeliciter
1905 2159 1996 2216 ag-

413 2249 718 2310 gregarent,
745 2249 1053 2304 arcessunt,
1086 2247 1250 2308 atque
1279 2237 1478 2293 iisdem
1495 2237 1563 2292 de
1591 2237 1759 2292 rebus
1806 2237 1996 2292 scisci-

414 2338 624 2384 tantur.
653 2331 748 2385 lfle
769 2345 894 2384 cum
931 2344 1094 2400 grege
1140 2344 1242 2385 suo
1295 2329 1530 2383 frontem
1569 2325 1875 2398 perfricans
1899 2341 1997 2380 au-

413 2422 603 2475 dacter
655 2421 1032 2476 contradicere
1069 2420 1272 2490 carpit;
1305 2435 1390 2482 ac,
1421 2419 1587 2485 Quid,
1639 2418 1835 2488 inquit,
1863 2417 1992 2471 mali

416 2511 565 2567 feci?
598 2510 778 2566 Unum
809 2510 976 2589 Deum
1009 2527 1258 2577 veneror,
1286 2527 1452 2566 unum
1477 2511 1640 2578 novi;
1673 2527 1771 2566 nec
1803 2520 1993 2581 printer

417 2606 593 2674 ipsum
615 2605 845 2658 alterum
881 2611 1088 2666 natu-tn,
1117 2619 1362 2673 passum,
1384 2611 1681 2656 mortuum.

485 2769 564 2824 Ad
603 2786 766 2842 quam
797 2772 1108 2842 opinionem
1137 2787 1260 2826 cum
1289 2780 1606 2828 constanter
1661 2771 1998 2828 adhaeresce-

419 2869 520 2922 ret,
552 2876 676 2914 eum
725 2864 926 2930 pariter
957 2872 1118 2931 atque
1149 2863 1272 2930 ejus
1311 2864 1616 2932 discipulos
1650 2865 1718 2918 ab
1750 2864 2026 2932 Ecclesiaj

418 2950 648 3018 pellunt.
675 2949 905 3003 Moritur
941 2949 1136 3004 deinde
1169 2952 1334 3020 paulo
1357 2962 1480 3020 post
1513 2968 1637 3006 eum
1673 2952 1842 3007 fratre
1871 2968 1993 3018 suo;

419 3029 610 3109 neque
631 3049 812 3094 tamen
837 3051 928 3094 aut
967 3041 1056 3095 ille
1082 3042 1198 3111 pari
1227 3058 1288 3096 ac
1324 3041 1536 3114 Moyses
1564 3044 1714 3104 olim,
1757 3043 1852 3097 aut
1876 3044 1996 3114 ejus

421 3132 589 3186 frater
623 3131 958 3202 cadem,qua
989 3134 1171 3186 Aaron
1193 3133 1605 3188 honorificentia
1624 3135 1821 3204 sepulti
1846 3147 1992 3190 sunt:

419 3233 679 3296 tanquam
716 3227 860 3280 enim
909 3225 1219 3280 desertores
1247 3225 1446 3294 abjccti
1481 3234 1630 3287 sunt,
1664 3241 1764 3279 nec
1788 3227 1858 3280 ab
1887 3227 1996 3280 ullo

417 3317 826 3374 Catholicerum
862 3319 1155 3388 sepulturae
1179 3318 1437 3372 mandati.
1460 3316 1592 3372 Post
1615 3317 1729 3372 lnec
1759 3318 1850 3388 qui
1883 3333 1999 3372 cor-

420 3416 638 3478 ruptam
691 3409 760 3462 ab
806 3423 871 3462 eo
904 3409 1208 3482 doctrinam
1261 3408 1560 3461 hauserant
1615 3407 1761 3462 istud
1817 3409 1992 3479 ipsum

419 3501 615 3571 degma
645 3499 1096 3571 corroborarnnt,
1130 3497 1344 3566 iisdem,
1373 3499 1572 3569 quibus
1605 3500 1848 3569 ipsorum
1881 3515 1996 3553 ma~

421 3570 592 3660 gister
627 3570 804 3656 initio,
828 3589 1288 3656 verbisadducti;
1320 3606 1446 3644 nam
1493 3607 1616 3647 cum
1655 3592 1998 3663 presbytero-

421 3699 542 3736 rum
567 3681 804 3737 concilio
840 3683 1178 3752 percontanti
1235 3683 1480 3750 dixisset,
1523 3699 1692 3738 unum
1727 3700 1786 3740 se
1826 3683 1994 3739 Deum

419 3775 620 3836 colere,
657 3790 783 3828 vere
833 3773 934 3826 hoc
973 3776 1040 3826 ab
1067 3773 1173 3827 illis
1202 3789 1524 3842 responsum
1559 3773 1772 3829 audiit:
1801 3774 1866 3829 Et
1895 3791 1996 3830 nos

419 3882 588 3921 unum
637 3879 853 3934 quoque
899 3863 1064 3918 Deum
1098 3863 1350 3927 colimus,
1403 3864 1496 3919 sed
1536 3865 1995 3934 quemadmodum

421 3957 661 4026 legitime
697 3954 848 4007 illum
886 3953 1064 4006 colere
1089 3954 1359 4008 novimus.
1393 3951 1690 4022 Itidemque
1716 3953 1995 4008 Christum

420 4049 683 4101 habemus
711 4061 906 4106 unum,
932 4043 1024 4097 sed
1055 4041 1511 4112 quemadmodum
1535 4045 1808 4108 novimus,
1831 4062 1995 4099 unum

415 4141 694 4194 Christum
727 4137 818 4190 Dei
844 4135 1072 4201 Filium;
1107 4150 1348 4206 passum,
1381 4135 1654 4204 quomodo
1678 4151 1872 4204 passus
1889 4149 1992 4202 est;

2093 1690 2194 1760 τὴν
2216 1689 2394 1756 δεινὴν
2429 1688 2524 1740 καὶ
2548 1687 2826 1760 ὁλετήριον
2851 1688 3076 1760 πικρίαν
3101 1703 3114 1716 ·
3153 1687 3388 1759 ὕστερον
3419 1689 3483 1742 δὲ
3509 1692 3603 1758 ἀφ’
3625 1685 3688 1762 ἧς

2095 1779 2209 1851 εἶχε
2261 1780 2466 1850 λύσσης
2506 1779 2586 1842 εἷς
2639 1797 2793 1842 τινας
2828 1779 3020 1844 ἀλλους
3063 1778 3342 1852 ἐμϐαλὼν,
3382 1780 3462 1844 ὡς
3494 1782 3684 1844 εἰπεῖν,

2096 1869 2192 1924 καὶ
2225 1869 2320 1922 σὺν
2374 1867 2522 1938 αὐτῷ
2579 1866 2768 1940 ὥσπερ
2811 1867 2944 1921 δέκα
2975 1867 3174 1940 ἄνδρας
3199 1869 3575 1939 ἐπαγόμενος,
3612 1871 3687 1932 εἰς

2095 1960 2261 2029 τύφον
2298 1959 2518 2031 μείζονα
2539 1958 2634 2013 καὶ
2665 1959 2865 2031 Θράσος
2912 1961 3194 2032 ἐπαρθεὶς,
3228 1960 3511 2032 τολμηρὸς
3543 1975 3686 2029 γεγο-

2097 2051 2221 2117 νὼς,
2247 2053 2532 2124 παρρησίᾳ
2549 2051 2737 2105 λοιπὸν
2780 2051 2878 2122 τὴν
2901 2053 3116 2124 αἵρεσιν
3137 2051 3489 2124 ὲδογμάτιζε.
3526 2052 3685 2107 Πάλιν

2095 2139 2140 2197 δ’
2173 2137 2242 2197 αὖ
2264 2145 2312 2196 οί
2365 2143 2520 2197 αὐτοὶ
2552 2142 2932 2214 πρεσϐύτεροι,
2974 2143 3488 2214 προσκαλεσάμενοι
3531 2143 3686 2197 αὐτόν

2094 2250 2154 2286 τε
2184 2233 2277 2286 καὶ
2317 2233 2442 2296 τοὺς
2485 2231 2933 2304 προσφθαρέντας
2969 2231 3120 2303 αύτῷ
3169 2231 3522 2304 ἀνθρώπους,
3562 2235 3682 2304 περὶ

2095 2324 2204 2378 τῶν
2230 2323 2408 2378 αὐτῶν
2442 2324 2602 2378 πάλιν
2637 2321 2886 2395 ἠρώτων.
2931 2324 2988 2378 '0
3022 2324 3081 2378 δὲ
3111 2324 3227 2395 ἅμα
3253 2327 3369 2388 τοῖς
3399 2326 3494 2378 ὑπ’
3525 2327 3682 2380 αὑτοῦ

2099 2417 2530 2487 πεπλανημένοις
2580 2415 2885 2487 ὑποτρίψας
2921 2415 2981 2470 τὸ
3014 2415 3288 2488 μέτωπον,
3333 2416 3526 2473 λοιπὸν
3551 2419 3686 2489 παρο

2099 2509 2265 2580 ῥησίᾳ
2296 2507 2570 2576 ἀντέλεγε,
2613 2507 2884 2576 ’φάσκωνο
2920 2508 2986 2561 Τί
3018 2507 3128 2580 γὰρ
3157 2509 3329 2562 κακὸν
3373 2509 3682 2581 ﬂaminica;

2098 2600 2235 2653 Ἕνα
2295 2599 2427 2652 Θεδν
2478 2598 2706 2666 δοξάζω,
2739 2597 2835 2654 ἕνα
2872 2597 3198 2670 ἐπίσταμαι,
3241 2599 3337 2652 καὶ
3381 2599 3484 2653 οὐκ
3527 2599 3682 2654 ἄλλον

2098 2690 2238 2760 πλὴν
2263 2689 2450 2754 αὐτοῦ,
2481 2689 2832 2760 γεννηθέντα,
2859 2689 3184 2753 πεπονθότα,
3217 2689 3578 2744 ἀποθανόντα.

2179 2782 2267 2846 Ὠς
2325 2777 2416 2835 οὖν
2477 2783 2534 2834 ἐν
2585 2781 2794 2845 τούτοις
2854 2779 3064 2851 ἔμενεν,
3111 2781 3348 2844 ἐξέωσαν
3382 2781 3546 2834 αὑτὸν
3586 2781 3684 2851 τῆς

2112 2871 2437 2942 Ἐκκλησίας
2471 2871 2587 2942 ἅμα
2637 2873 2750 2933 τοῖς
2802 2869 2892 2923 ὑπ’
2922 2871 3085 2924 αὑτοῦ
3118 2871 3293 2942 δόγμα
3341 2870 3684 2942 μεμαθητευο

2103 2965 2301 3034 μένοις.
2343 2963 2580 3033 Τελευτᾷ
2642 2961 2698 3016 δὲ
2741 2963 2770 3014 ὁ
2813 2963 2970 3026 αὐτὸς
3022 2961 3248 3032 ἔναγχος
3291 2963 3410 3033 ἅμα
3453 2962 3534 3033 τῷ
3573 2963 3682 3031 ἰδίῳ

2098 3052 2332 3126 ἀδελφῷ,
2386 3055 2482 3126 οὐχ
2528 3054 2602 3118 ὡς
2628 3057 2656 3108 ό
2705 3055 2947 3125 Μωῢσῆς
2991 3056 3049 3107 ἐν
3093 3053 3240 3127 δόξῃ,
3278 3055 3400 3108 οὐδὲ
3446 3057 3476 3108 ό
3525 3054 3678 3108 αὐτού

2096 3147 2320 3217 ἀδελφὸς
2339 3147 2367 3199 ὁ
2409 3145 2616 3218 Ἀαρὼν
2646 3145 2821 3217 ἐτάφη
2851 3147 2906 3198 ἐν
2943 3149 3108 3218 τιμῇο
3143 3147 3451 3218 ἐρρίφησαν
3480 3147 3588 3218 γάρ
3609 3147 3680 3211 ὡς

2099 3239 2432 3309 παραϐάται,
2487 3238 2581 3290 καὶ
2613 3237 2785 3298 οὐδεὶς
2838 3237 3035 3298 αὐτοὺς
3067 3235 3174 3288 τῶν
3220 3235 3494 3290 θεοσεϐὦν
3536 3253 3678 3307 περι-

2097 3329 2322 3383 έστειλε.
2357 3328 2512 3382 Μετὰ
2532 3327 2688 3381 τοῦτο
2713 3329 2761 3379 οἱ
2797 3327 2889 3381 ὑπ’
2915 3327 3080 3380 αὑτοῦ
3107 3327 3196 3380 τὸν
3224 3327 3352 3381 νοῦν
3391 3327 3676 3400 φθαρέντες

2099 3421 2402 3491 ἐκράτυναν
2456 3418 2604 3470 τουτὶ
2647 3417 2707 3470 τὸ
2740 3419 2936 3490 δόγμα,
2973 3417 3182 3481 τούτοις
3211 3420 3327 3480 τοῖς
3364 3420 3550 3488 ῥητοῖς
3581 3418 3671 3472 ὑπο

2096 3509 2370 3579 αχθέντες,
2405 3501 2486 3570 οἷς
2510 3508 2604 3560 καὶ
2633 3509 2661 3560 ὁ
2681 3507 2856 3560 αὐτῶν
2885 3506 3198 3570 διδάσκαλος
3238 3507 3301 3570 ἐξ
3330 3505 3529 3578 ἀρχῆς.
3561 3507 3672 3559 Ὅτε

2097 3601 2204 3670 γὰρ
2227 3597 2579 3670 ἐρωτώμενος
2611 3599 2716 3652 ἀπὸ
2741 3599 2829 3652 τοῦ
2859 3599 3252 3670 πρεσϐυτερίου
3288 3598 3394 3668 ἔφη
3429 3598 3528 3652 ἕνα
3555 3599 3673 3650 Θεὸν

2097 3687 2358 3754 δοξάζειν,
2385 3689 2548 3759 ἤκουε
2579 3689 2708 3758 παρ’
2749 3686 2927 3741 αὐτῶν
2956 3686 3283 3756 φιλαλήθως,
3313 3687 3399 3740 ὅτι
3433 3687 3528 3739 ’ἐνα
3553 3686 3670 3740 Θεὸν

2096 3774 2392 3848 δοξάζομεν
2421 3779 2514 3831 καὶ
2555 3778 2730 3840 αὐτοὶ,
2779 3776 2893 3830 ἀλλ’
2923 3777 2998 3840 ὡς
3029 3777 3247 3848 οἴδαμεν
3274 3777 3502 3842 δικαίως
3528 3776 3668 3843 δοξά-

2100 3869 2232 3932 ζειν.
2275 3869 2385 3920 Καὶ
2415 3867 2511 3921 ’ἐνα
2546 3865 2777 3938 Χριστὸν
2828 3865 3044 3936 ἔχομεν,
3085 3865 3198 3920 ἀλλ’
3236 3867 3314 3928 ὡς
3341 3867 3565 3936 οἴδαμεν
3586 3867 3668 3918 ἓν).

2099 3959 2334 4030 Χριστὸν
2369 3959 2494 4012 Υίὸν
2521 3958 2676 4024 Θεοῦ,
2719 3943 2972 4012 παθόντα,
2999 3957 3178 4022 καθὼς
3215 3957 3442 4022 ἔπαθεν,
3474 3950 3669 4011 ἀποθα-

2098 4050 2257 4104 νόντα
2283 4049 2464 4116 καθὼς
2495 4050 2784 4112 ἀπέθανεν,
2811 4049 3138 4116 ἀναστάντα,
3166 4047 3460 4102 ἀνελθόντα
3487 4050 3563 4112 εἰς
3585 4047 3666 4103 τὸν

2097 4143 2345 4214 οὐρανὸν,
2379 4141 2506 4196 ὅντα
2541 4143 2597 4196 ἐν
2617 4141 2766 4212 δεξιᾷ
2791 4140 2884 4194 τοῦ
2920 4141 3152 4212 [ἰατρὸς.
3183 4140 3482 4212 ἐρχόμενον
3503 4143 3665 4210 κρῖναι

419 4246 526 4284 mor
542 4238 717 4283 tuum.
747 4227 1292 4296 quomodomortuus
1321 4235 1436 4292 est;
1473 4226 1564 4296 qui
1593 4235 1647 4282 et
1667 4228 1986 4293 resurrexit,

2102 4231 2300 4296 ζῶντας
2353 4230 2446 4283 καὶ
2491 4229 2735 4302 νεκρούς.
2779 4229 2966 4284 Ταῦτα
3025 4230 3254 4301 λέγομεν
3301 4227 3666 4302 μεμαθηκότες

392 4318 472 4374 ὀι
504 4320 556 4372 in
588 4317 786 4372 coelum
819 4318 1086 4386 ascendit,
1115 4325 1167 4370 et
1195 4318 1260 4370 ad
1280 4315 1458 4371 Patris
1481 4317 1761 4372 dexteram
1789 4330 1988 4385 manet,

2098 4321 2206 4374 ἀπὸ
2239 4321 2345 4374 τῶν
2373 4320 2532 4375 θείων
2567 4320 2820 4392 Γραφῶν,
2862 4320 2898 4374 ὃ.
2931 4322 3024 4374 καὶ
3047 4319 3413 4391 ἐπιστάμεθα.

417 4423 471 4467 ct
499 4420 763 4466 venturus
795 4419 878 4465 est
907 4409 1158 4480 judicare
1185 4412 1340 4464 vivos
1363 4416 1416 4464 et
1448 4419 1714 4466 mortuos.
1774 4409 1896 4467 litee
1952 4429 2052 4470 nos
2091 4415 2160 4471 ab
2216 4413 2520 4486 Scripturis
2567 4417 2742 4470 sacris
2795 4421 3015 4484 accepta
3069 4413 3412 4484 profitemur,
3459 4426 3576 4482 qua:
3617 4417 3666 4464 et

421 4520 688 4560 novimus.
1334 4551 1346 4558 .

491 4595 558 4650 ll.
594 4593 732 4648 llinc
769 4591 1043 4654 Noetiani,
1074 4591 1222 4661 velut
1282 4591 1348 4646 ab
1393 4608 1456 4647 eo
1489 4593 1664 4648 avulsi
1699 4611 1763 4650 ac
1794 4611 1994 4666 propa-

418 4690 550 4758 gati,
587 4697 750 4756 atque
780 4684 1020 4739 universi
1055 4683 1174 4752 ejus
1205 4683 1432 4737 asseclte
1469 4683 1608 4738 idem
1643 4685 1838 4756 dOgma
1877 4703 1996 4756 pro-

421 4784 660 4842 fitentur,
719 4793 782 4832 ac
827 4777 1127 4832 fanaticam
1175 4774 1324 4828 illam
1367 4773 1670 4830 doctrinam
1725 4777 1994 4846 ejusmodi

422 4875 600 4930 verbis
651 4871 918 4928 aflirntare
965 4875 1256 4931 conantur,
1321 4867 1519 4935 quibus
1580 4868 1815 4940 Moysem
1853 4870 1996 4927 Deus

421 4966 614 5022 affatus
635 4971 719 5021 est
746 4981 759 5016 :
793 4961 904 5033 Ego
927 4977 1043 5014 sum
1086 4959 1222 5012 Deus
1247 4966 1457 5026 patrum
1488 4969 1797 5014 vestrorum.
1829 4958 1990 5037 ἀει

495 5143 512 5174 ¹
543 5143 672 5200 Cor.
727 5147 950 5216 ἐπάρμα
963 5163 1035 5200 τι.

489 5299 599 5368 (96)
640 5297 1058 5380 Τῇςογίἒρέσου
1104 5299 1355 5364 πόλεως.
1401 5294 1776 5351 Theodoretus
1808 5292 1989 5364 Smyr-

422 5371 827 5511 ΜίὲῗῆιῖΔ-ίὲιιῖύ
855 5437 1085 5506 μηδένα
1115 5438 1226 5508 πρὸ
1251 5435 1595 5511 agitantem.
1631 5433 1742 5487 lino
1773 5433 1860 5485 diu
1897 5447 1990 5484 an-

420 5517 470 5562 te
492 5506 633 5582 {nam
667 5508 870 5564 Noelus
902 5506 1226 5576 emergeret,
1249 5508 1388 5560 idem
1423 5506 1512 5559 ille
1541 5519 1693 5559 error
1725 5513 1986 5572 patronos

1189 5591 1198 5612 ι

2165 4596 2240 4649 B'.
2299 4595 2394 4648 Ἐκ
2444 4593 2633 4646 τούτου
2682 4593 2731 4645 οἱ
2778 4592 3100 4662 Νοητιανοὶ,
3153 4591 3500 4663 ἀπόσπασμα
3530 4594 3681 4658 ὄντες

2094 4685 2280 4749 αὐτοῦ,
2321 4686 2418 4738 καὶ
2449 4685 2498 4736 oi.
2539 4685 2599 4748 ἐξ
2647 4681 2812 4736 αὑτοῦ
2845 4684 2993 4736 τουτὶ
3026 4682 3086 4734 τὸ
3126 4682 3302 4753 δόγμα
3345 4683 3659 4751 δοξάζουσιν,

2095 4780 2158 4831 ἐκ
2196 4775 2302 4828 τῶν
2333 4772 2516 4846 ῥητῶν
2541 4773 2746 4827 τούτων
2784 4770 3110 4844 πειρώμενοι
3144 4775 3401 4844 συνιστᾷν
3429 4775 3528 4846 τὴν
3558 4777 3658 4827 κατ’

2095 4867 2290 4928 αὐτοὺς
2345 4864 2563 4935 ἐμμανῆ
2617 4863 2982 4926 διδασκαλίαν,
3035 4861 3130 4935 ἀφ’
3186 4857 3253 4934 ἧς
3287 4858 3444 4916 εἶπεν
3483 4867 3510 4916 ὁ
3545 4863 3658 4926 Θεὸς

2096 4959 2232 5028 πρὸς
2293 4931 2572 5025 Μωῦήσῆνν·
2619 4951 2766 5022 Ἔγώ
2814 4956 2930 5022 ειμι
2968 4955 3000 5007 ὁ
3042 4931 3354 5018 Θῖὸςντᾱῖν
3411 4952 3658 5020 πατέρων

2092 5291 2602 5361 h_abuerat,_ut_ex
2636 5288 2846 5361 Tertul.
2887 5289 3166 5361 (Eypriano
3198 5305 3290 5361 cp.
3336 5291 3426 5361 73_.
3468 5291 3648 5361 Ignatio

2099 5358 2268 5426 Epist.
2296 5360 2363 5410 ad
2397 5359 2624 5428 Philipp.
2669 5359 2876 5427 colligit
2905 5358 3257 5421 Painnn'lius',
3289 5369 3345 5415 et
3379 5358 3643 5415 Baronius.

2100 5430 2207 5485 l’ios
2237 5445 2366 5500 vero
2390 5428 2828 5498 Patripassianos
2849 5429 3084 5500 appellat
3114 5430 3456 5500 Cyprianus,
3486 5445 3536 5486 et
3561 5431 3636 5484 Ma

2101 5501 2213 5554 rius
2253 5497 2560 5554 Victorinus
2595 5501 2607 5550 Ι
2644 5509 2814 5552 contr.
2849 5499 3054 5551 Arium.
