3866 6068
181 203 286 258 99Ἳ

855 203 1221 263 ADVERSUS
1253 203 1602 260 "IERESES
1646 203 1773 259 LIB.

1923 207 2089 263 TOM.
2131 210 2169 264 l.
2212 181 2580 266 James.
2625 214 2781 268 LVII.

3319 231 3324 234 ’
3350 223 3454 279 998

181 318 368 387 ὑμῶν.
444 319 586 388 Ἐγὼ
644 319 892 388 πρῶτος,
935 321 1033 374 καὶ
1064 316 1180 387 ἐγὼ
1204 308 1354 389 μετὰ
1390 323 1577 378 ταῦτα
1600 341 1612 355 ο
1649 326 1762 379 οὐκ

1885 324 1981 396 Ego
2011 327 2213 395 primus
2270 338 2320 382 et
2370 345 2462 400 ego
2517 334 2794 400 posterior.
2849 331 2972 387 Non
3023 345 3176 388 erunt
3233 338 3329 391 tibi
3377 341 3455 392 dit

183 411 432 464 ἴσοι-ται
461 425 560 465 σοι
590 412 710 465 θεοὶ
741 411 946 480 ἕτεροι,
971 413 1063 466 καὶ
1089 415 1156 466 τὰ
1197 413 1346 482 ἑξῆς.
1380 415 1606 484 Ἔλεγον
1633 411 1728 470 οὖν
1748 432 1761 448 ·

193 504 384 574 Ἡμεῖς
418 504 595 558 τοίνυν
637 505 798 559 αὑτὸν
833 506 1052 576 οἴδαμεν
1086 506 1264 576 μόνον.
1303 508 1364 560 Ei
1397 508 1576 562 τοίνυν
1598 509 1770 562 ἐλθὼν

184 591 420 662 Χριστὸς
477 593 762 663 ἐγεννήθη,
811 595 971 658 αὑτός
1019 596 1134 648 ἐστι
1175 595 1384 668 Πατὴρ,
1419 598 1578 662 αὑτὸς
1617 599 1765 663 Υἱὸς,

181 681 289 752 ἄρα
317 683 480 747 αὐτός
515 685 630 736 ἐστι
658 684 791 748 Θεὸς
820 687 848 738 6
885 686 992 750 ἀεὶ,
1022 686 1117 738 καὶ
1139 684 1236 740 νῦν
1273 686 1464 755 ἐλθὼν,
1506 688 1584 751 ὡς
1620 688 1767 758 λέγει

177 773 214 842 ὴ
246 773 473 845 Γραφή-
513 768 702 840 Οὗτος
750 777 782 828 ό
825 776 970 840 Θεός
1023 792 1142 830 σου
1169 792 1181 808 ο
1218 778 1290 831 οὐ
1338 778 1768 847 λογισθήσεται

177 863 386 931 ἕτερος
412 863 561 932 πρὸς
591 865 796 920 αὐτόν.
859 865 1092 934 Ἑξεῦρε
1116 867 1324 923 πᾶσαν
1353 867 1500 922 ὀδόν
1526 869 1769 937 ἐπιστή-

180 970 323 1021 μης,
363 956 459 1010 καὶ
496 955 720 1010 ἔδωκεν
769 956 968 1024 αὐτὴν
1006 957 1208 1013 Ἰακὼϐ
1231 958 1311 1024 τῷ
1353 959 1518 1014 παιδὶ
1554 961 1768 1024 αὑτοῦ,

180 1053 286 1106 καὶ
331 1053 583 1121 Ἰσραὴλ
617 1053 698 1119 τῷ
745 1054 1111 1124 ἠγαπημένῳ
1148 1056 1358 1110 αὐτοῦ.
1397 1057 1559 1110 Μετὰ
1586 1058 1772 1112 ταῦτα

179 1145 284 1198 ἐπὶ
312 1143 422 1211 τῆς
455 1145 569 1214 γῆς
616 1145 802 1214 ὤφθη,
841 1147 938 1200 καὶ
986 1148 1111 1214 τοῖς
1163 1147 1490 1216 ἀνθρώποις
1546 1163 1774 1204 συναν-

179 1236 476 1306 εστράςςη.
551 1237 732 1308 Ὁρᾷς,
779 1239 933 1308 φησὶ,
990 1239 1149 1293 πάλιν
1184 1239 1366 1311 πῶςή
1408 1239 1526 1293 θεία
1579 1241 1770 1313 Γραφὴ

181 1329 336 1398 ἡμᾶς
361 1327 650 1392 συνεθίζει,
687 1328 782 1382 τοῦ
819 1329 893 1402 μὴ
928 1329 1082 1384 ἄλλον
1114 1332 1207 1385 καὶ
1240 1331 1400 1387 ἄλλον
1447 1331 1579 1386 Θεὸν
1617 1335 1770 1404 ἡγεῖ-

183 1419 338 1484 σθαι,
407 1420 714 1488 φάσκουσα,
756 1422 837 1474 ὅτι
869 1421 1032 1485 αὐτὸς
1081 1422 1212 1486 Θεός
1243 1423 1359 1475 ἐστι
1390 1423 1548 1493 μόνος
1577 1422 1768 1487 ἐλθὼν,

180 1510 283 1564 καὶ
335 1510 496 1574 αὐτὸς
545 1510 706 1564 πάλιν
753 1509 978 1583 ὕστερον
1027 1511 1250 1580 ὁφθείς;
1301 1512 1469 1566 Πάλιν
1531 1512 1588 1566 δὲ
1605 1513 1773 1583 ’ἄλλῳ

181 1600 340 1671 ῥητῷ
391 1600 688 1672 κέχρηνται
713 1601 904 1669 τούτῳ,
937 1602 1014 1666 ὼς
1039 1601 1220 1671 λέγει·
1274 1603 1630 1656 Ἐκοπίασεν
1655 1603 1763 1658 Al-

1869 419 2045 485 alteri,
2089 425 2196 474 etc.
2227 418 2304 474 Ex
2343 423 2544 492 quibus
2597 424 2670 478 ita
2719 424 3045 494 colligebant
3074 423 3221 480 :Nos
3273 427 3453 498 ipsum

1869 510 2122 566 novimus
2175 511 2372 566 solum.
2429 511 2609 578 Quare
2645 515 2690 569 si
2731 515 2954 570 veniens
3001 517 3250 574 Christus
3298 529 3458 576 natus

1869 607 1974 664 est,
2032 600 2175 655 idem
2235 600 2351 671 ipse
2396 600 2559 658 Pater
2587 611 2690 668 est,
2727 613 2780 660 et
2828 605 3018 670 Filius,
3049 609 3192 662 idem
3222 611 3458 682 denique

1875 689 2018 746 Deus
2047 700 2153 756 est,
2182 693 2272 763 qui
2306 701 2360 749 et
2391 709 2607 766 semper
2645 696 2768 762 fuit,
2794 709 2847 752 et
2875 699 2930 753 in
2962 703 3253 772 praesentia
3289 706 3455 768 venit,

1873 788 1933 835 ut
1961 781 2243 853 Scriptura
2267 784 2512 839 declarat
2547 806 2559 840 :
2593 785 2693 841 Hic
2715 798 2793 842 est
2821 788 2962 843 Deus
2987 799 3142 866 tuus;
3171 809 3274 847 non
3305 811 3457 864 repu-

1873 869 2236 925 tabitur'alius
2261 871 2331 925 ad
2347 873 2540 942 ipsum.
2559 875 2763 934 Invenit
2798 893 3000 932 omnem
3029 881 3168 934 riam
3199 885 3455 946 scientia',

1870 969 1919 1010 et
1937 957 2079 1012 dedit
2108 959 2260 1013 illam
2284 959 2452 1015 Jacob
2477 977 2640 1029 puero
2670 981 2786 1029 suo,
2835 978 2885 1020 et
2928 965 3101 1023 Israel
3125 972 3317 1026 dilecto
3337 991 3453 1028 suo.

1885 1049 2014 1104 Post
2043 1050 2153 1104 lta‘c
2183 1052 2236 1106 in
2266 1062 2407 1106 terra
2432 1055 2574 1108 visus
2610 1065 2710 1118 est,
2756 1067 2804 1110 et
2833 1070 2950 1112 cum
2980 1061 3281 1117 hominibus
3327 1081 3455 1118 con-

1872 1152 2108 1196 uersatus
2130 1152 2208 1197 est
2224 1145 2262 1196 ί.
2282 1142 2360 1198 iis
2377 1145 2482 1210 his,
2513 1144 2784 1215 inquiunt,
2804 1148 3237 1208 animadvertere
3263 1163 3446 1222 potes,

1886 1235 2340 1303 quemadmodum
2383 1236 2666 1308 Scriptura
2705 1255 2806 1295 nos
2855 1243 3132 1312 sapienter
3178 1245 3454 1313 informet,

1885 1341 1956 1380 ne
1988 1325 2153 1380 alium
2181 1335 2344 1398 atque
2371 1325 2535 1382 alium
2568 1329 2734 1385 Deum
2769 1332 3115 1398 arbitremur,
3142 1351 3266 1390 eum
3299 1338 3454 1392 illum

1878 1415 2051 1473 Deum
2074 1433 2197 1476 esse
2219 1420 2396 1475 solum
2421 1421 2638 1488 asserit,
2654 1423 2747 1492 qui
2777 1424 3006 1490 venerit,
3031 1426 3233 1496 quique
3266 1436 3457 1498 postea

1881 1509 1960 1564 sit
1987 1509 2160 1566 visus.
2193 1509 2314 1564 Alia
2349 1520 2606 1582 praeterea
2651 1528 2715 1568 ex
2761 1514 2936 1572 sacris
2967 1516 3188 1572 Litteris
3225 1521 3461 1574 auctori.

1885 1606 1996 1652 tate
2045 1601 2406 1656 contendunt.
2454 1601 2761 1665 Laboravit,
2817 1604 3017 1676 inquit,
3069 1604 3357 1676 {Egi/plus,
3409 1617 3460 1662 et

176 1667 434 1762 Σγιιιπτος,
627 1667 880 1763 ἐμπορία
927 1667 1244 1761 Αἰθιόέτων,
1278 1695 1374 1749 καὶ
1411 1699 1464 1749 oi
1510 1696 1769 1766 Σαϐαεὶμ

1885 1691 2155 1760 regotiatio
2193 1689 2508 1759 lEthiopum
2533 1706 2551 1756 ,'
2576 1704 2625 1747 et
2667 1691 2870 1750 Sabain
2893 1667 3269 1754 insinuarit.-
3308 1700 3378 1753 (τά
3412 1711 3460 1758 te

179 1785 401 1854 ἄνδρες
426 1786 654 1854 ὑψηλοὶ
675 1787 771 1840 ἐπὶ
792 1786 866 1839 σὲ
882 1786 1294 1854 διαϐήσονται,
1321 1788 1418 1841 καὶ
1440 1788 1539 1841 σοὶ
1561 1787 1768 1842 δοῦλοι

175 1879 454 1932 ἔσονται.
492 1877 602 1932 Kal
657 1879 1057 1947 πορεύσονται
1087 1880 1282 1934 dalata
1315 1895 1432 1934 σου
1469 1879 1771 1950 δεδεμένοι

98 1961 110 1971 ’
181 1969 584 2039 χειροπέδιιις,
627 1970 724 2024 καὶ
769 1971 839 2024 ἐν
872 1971 969 2026 σοὶ
1005 1971 1534 2040 προσκυνήσουσι,
1571 1973 1667 2026 καὶ
1704 1971 1774 2025 ἐν

178 2061 286 2112 σοι
327 2061 798 2130 προσεύξονται·
831 2061 920 2115 ὅτι
948 2063 1016 2115 ἐν
1052 2063 1150 2116 σοὶ
1178 2063 1322 2130 Θεός
1359 2064 1509 2128 ἐστι,
1541 2063 1640 2117 καὶ
1661 2065 1773 2117 οὐκ

177 2151 321 2205 ἔστι
385 2153 529 2220 Θεὸς
574 2151 742 2221 πλὴν
788 2153 926 2206 σοῦ.
955 2153 1040 2206 Σὺ
1074 2153 1184 2222 γὰρ
1223 2150 1282 2208 εἷ
1337 2155 1503 2222 Θεὸς,
1535 2155 1631 2208 καὶ
1664 2155 1775 2208 οὐκ

183 2244 457 2311 ᾔδειμεν,
488 2247 521 2298 ό
551 2243 694 2308 Θεὸς
721 2242 825 2296 τοῦ
861 2243 1104 2311 Ἰσραὴλ
1143 2245 1366 2314 Σωτήρ.
1405 2246 1594 2316 Ὁρᾷς,
1619 2247 1774 2317 φησὶ,

181 2333 311 2396 πῶς
363 2334 418 2385 αἱ
476 2331 614 2385 θεῖαι
677 2331 890 2402 Γραφαὶ
937 2333 1032 2384 ἕνα
1084 2332 1214 2386 Θεὸν
1265 2334 1634 2403 σημαίνουσι,
1685 2337 1778 2388 καὶ

180 2424 654 2494 καταγγέλλουσιν
705 2425 866 2477 αὑτὸν
907 2423 1159 2496 ἐμφανῆ;
1195 2425 1305 2478 Καὶ
1335 2426 1780 2497 ὁμολογουμένως

184 2511 270 2579 εἷς
318 2517 491 2580 ἐστιν,
519 2517 548 2568 6
573 2515 734 2578 αὐτὸς
769 2517 853 2568 ἀεὶ
895 2514 988 2570 ὧν.
1025 2517 1132 2569 Καὶ
1167 2515 1353 2570 τούτου
1373 2517 1534 2570 ἕνεκα
1569 2517 1630 2570 οὐ
1654 2517 1780 2571 πολ-

183 2609 319 2670 λοὺς
351 2607 506 2670 θεοὺς
544 2607 794 2678 λέγομεν,
820 2608 936 2660 ἀλλ’
971 2607 1065 2661 ἕνα
1099 2609 1230 2661 Θεὸν
1259 2609 1350 2660 τὸν
1378 2609 1539 2664 αὑτὸν
1571 2608 1780 2680 ἀπαθῆ,

189 2703 360 2756 αὑτὸν
385 2701 604 2772 Πατέρα
629 2700 722 2754 τοῦ
756 2699 910 2761 Υἱοῦ,
956 2699 1118 2753 αὑτὸν
1148 2698 1298 2761 Υἱὸν,
1329 2699 1423 2752 καὶ
1454 2701 1782 2766 πεπονθότα,

191 2795 287 2847 ἵνα
319 2791 468 2865 σώσῃ
496 2793 645 2863 ἡμᾶς
681 2791 740 2843 ἐν
772 2790 850 2861 τῷ
887 2790 1000 2862 ἰδίῳ
1052 2789 1234 2852 πάθει,
1271 2790 1364 2844 καὶ
1407 2791 1469 2843 οὐ
1509 2790 1786 2861 δυνάμεθα

191 2883 356 2938 ἄλλον
384 2883 592 2950 λέγειν·
619 2882 778 2952 δῆθεν
814 2881 921 2934 ἀπὸ
957 2880 1050 2934 τοῦ
1080 2881 1368 2948 ἐπιστάτου
1401 2881 1580 2935 αὑτῶν
1613 2899 1788 2953 μεμα-

197 2973 431 3044 θηκότες
457 2971 660 3042 ταύτην
687 2970 783 3040 τὴν
805 2969 1114 3040 ὁμολογίαν,
1147 2970 1236 3022 καὶ
1257 2968 1355 3040 τὴν
1388 2969 1635 3041 πονηρὰν
1655 2969 1786 3024 ταὺ-

197 3083 302 3135 την
327 3064 602 3128 ὑπόνοιαν,
630 3063 724 3116 καὶ
744 3061 1080 3132 λυμαντικὴν
1108 3060 1322 3131 μανίαν.

274 3151 410 3208 Εἶτα
437 3155 570 3208 ἄλλα
613 3153 753 3224 ῥητά
803 3169 966 3222 φασιν
998 3154 1076 3216 εἰς
1107 3151 1362 3205 σύστασιν
1395 3152 1622 3214 ἑαυτῶν,
1655 3153 1730 3217 ὡς
1758 3157 1787 3208 6

201 3243 382 3298 αὐτῶν
403 3242 720 3306 διδάσκαλος
748 3241 953 3311 ἔλεγεν,
987 3243 1068 3294 ὅτι
1120 3242 1214 3296 καλ⁵
1250 3243 1278 3294 6
1320 3242 1639 3306 ’Λπόστολος
1665 3243 1786 3296 τοὺ-

200 3348 318 3394 τοις
349 3333 616 3402 μαρτυρεῖ
631 3333 739 3393 τοῖς
763 3330 944 3400 λόγοις
966 3347 979 3360 ·
1007 3326 1117 3382 Ὧν
1145 3333 1200 3383 οι
1229 3331 1499 3399 πατέρες,
1539 3332 1608 3395 ἐξ
1635 3326 1726 3386 ὧν
1751 3337 1784 3388 ὀ

202 3421 461 3490 Χριστὸς
505 3421 570 3475 τὸ
604 3420 755 3474 κατὰ
795 3422 1015 3488 σάρκα,
1049 3423 1080 3474 ό
1107 3420 1192 3473 ὢν
1229 3421 1326 3474 ἐπὶ
1365 3421 1606 3475 πάντων
1642 3422 1786 3490 Θεὸς

201 3514 534 3584 εὐλογητὸς
570 3517 658 3580 sic
696 3514 837 3580 τοὺς
881 3515 1120 3580 αἰῶνας.
1164 3513 1368 3584 Ἀμήν.
1416 3515 1702 3570 Βούλονται
1729 3517 1787 3571 δὲ

198 3603 506 3676 διηγεῖσθαι
539 3604 857 3676 μονοκὼλως
882 3605 1070 3658 τοῦτον
1117 3605 1210 3658 τὸν
1237 3607 1456 3676 τρόπον,
1492 3607 1567 3670 ὡς
1603 3608 1788 3662 Θεόδο-

199 3714 294 3760 τος
318 3711 331 3724 °
395 3697 602 3759 ἐκεῖνος
633 3696 730 3766 μὲν
755 3695 914 3766 φύσει
967 3697 1281 3768 ἀκροτάτως
1330 3697 1613 3768 ἄνθρωπον
1633 3697 1786 3768 ψιλὸν

197 3787 602 3858 διηγησάμενος
624 3803 638 3816 ·
668 3781 823 3850 οὗτος
847 3788 902 3840 δὲ
935 3789 1096 3841 πάλιν
1125 3787 1289 3857 ἄλλην
1320 3788 1600 3858 ἀκρότητα
1629 3807 1785 3859 μονο-

195 3880 385 3943 τὺπως
410 3879 501 3932 τὸν
523 3878 684 3933 αὑτὸν
705 3880 923 3950 Πατέρα
949 3881 1042 3934 καὶ
1075 3881 1200 3932 Υἱὸν
1233 3879 1326 3932 καὶ
1361 3880 1512 3948 ἅγιον
1540 3881 1784 3967 Πνεῦμα,

196 3973 260 4024 ἐν
305 3971 475 4041 σαρκὶ
527 3972 833 4026 πεπονθότα
895 3973 988 4026 καὶ
1047 3970 1374 4041 γεννηθέντα
1419 3973 1783 4044 ἡγησάμενος.

196 4063 336 4116 Οὔτε
375 4059 472 4117 οὖν
493 4065 690 4118 ἐκεῖνοι
723 4067 772 4118 οἱ
806 4065 913 4118 ἀπὸ
946 4063 1204 4134 Θεοδότου
1228 4081 1278 4116 τι
1320 4063 1378 4114 ἐν
1403 4063 1631 4135 ἀληθείᾳ
1657 4065 1788 4134 ἔφα-

200 4172 324 4220 σαν,
352 4154 480 4208 οὔτε
525 4151 677 4218 οὗτος
721 4159 748 4208 6
776 4155 980 4225 Νοητὸς
1011 4156 1104 4208 καὶ
1127 4155 1175 4207 οἱ
1205 4154 1304 4206 ἀπ’
1335 4154 1520 4217 αὑτοῦ,
1540 4156 1785 4227 ’Λνόητος

193 4245 252 4300 δὲ
317 4245 522 4316 μᾶλλον
580 4249 646 4317 τῇ
693 4246 940 4315 δυνάμει,
987 4245 1237 4316 καθάπερ
1283 4247 1338 4297 αἱ
1380 4245 1518 4298 θεῖαι
1573 4247 1786 4318 Γραφαὶ

1873 1781 2197 1841 transibunt.
2233 1791 2283 1835 et
2309 1784 2444 1836 servi
2473 1785 2550 1837 tui
2579 1793 2751 1838 erunt.
2787 1785 2856 1838 Et
2881 1789 3227 1844 ambulabunt
3263 1802 3379 1860 post
3412 1803 3462 1848 ts

1869 1871 2034 1925 uincti
2055 1874 2300 1936 manicis,
2330 1883 2379 1928 et
2411 1875 2465 1928 in
2503 1885 2551 1930 te
2598 1876 2920 1941 adorabunt,
2959 1889 3008 1934 et
3047 1881 3100 1934 in
3132 1895 3180 1936 te
3209 1883 3460 1953 depreca-

1875 1962 2089 2018 buntur.
2140 1962 2404 2030 Quoniam
2447 1968 2501 2020 in
2559 1976 2606 2020 te
2646 1967 2785 2022 Deus
2813 1978 2913 2032 est,
2965 1980 3016 2025 et
3049 1989 3154 2026 non
3203 1984 3280 2027 est
3324 1975 3459 2030 Deus

1874 2064 2068 2122 μηρίον
2107 2065 2176 2109 te.
2221 2055 2299 2110 Tu
2337 2058 2474 2110 enim
2531 2075 2586 2112 es
2634 2059 2798 2124 Deus,
2833 2071 2883 2115 et
2913 2063 3289 2124 nesciebamus.
3319 2066 3456 2121 Deus

1873 2141 2053 2198 Israel
2122 2144 2379 2200 Salvator
2429 2147 2468 2200 ¹.
2505 2146 2691 2212 Vides,
2763 2151 2978 2220 opinor,
3051 2153 3326 2224 inquiunt,
3405 2157 3460 2211 in

1874 2234 2180 2304 Seripturis
2208 2253 2376 2292 unum
2413 2239 2640 2293 indicari
2679 2239 2846 2295 Deum
2871 2258 2934 2297 ac
2958 2245 3241 2301 manifeste
3264 2249 3460 2317 praedi-

1879 2329 2014 2380 cari.
2044 2326 2303 2400 Adeoque
2329 2328 2665 2404 in,confesso
2709 2344 2788 2388 est
2833 2349 3002 2389 unum
3031 2336 3182 2390 illum
3219 2353 3362 2404 esse,
3395 2355 3459 2392 ac

1881 2431 2094 2486 semper
2123 2419 2410 2475 exsistere.
2443 2419 2524 2476 0b
2556 2421 2720 2491 idque
2779 2438 2885 2476 non
2934 2425 3122 2494 plures
3163 2426 3294 2482 deos
3327 2428 3462 2481 allir-

1881 2525 2116 2572 ruamus,
2167 2513 2259 2566 sed
2317 2529 2484 2567 unum
2545 2513 2812 2570 duntaxat
2863 2516 3056 2584 Deum,
3115 2521 3204 2589 qui
3243 2529 3298 2575 et
3352 2524 3459 2592 pati

1882 2602 2017 2656 nihil
2051 2604 2246 2672 possit,
2277 2615 2324 2657 et
2377 2605 2516 2661 idem
2551 2605 2673 2662 Filii
2724 2607 2883 2663 Pater
2925 2611 2994 2664 sit
3043 2626 3106 2665 ac
3137 2611 3338 2680 Filius;
3367 2616 3458 2684 qui

1885 2693 2008 2748 ideo
2041 2710 2239 2764 passus
2263 2697 2356 2760 sit,
2373 2706 2434 2751 ut
2461 2713 2560 2752 nos
2581 2713 2678 2754 sua
2702 2701 3053 2770 perpessione
3077 2714 3340 2762 servaret.
3362 2723 3461 2761 nec

1886 2785 2053 2838 alium
2099 2787 2168 2840 ab
2209 2802 2274 2841 eo
2302 2790 2660 2856 pronuntiare
2694 2807 3010 2861 possumus.
3041 2793 3212 2861 Quam
3245 2797 3461 2867 quidem

1887 2875 2012 2931 fidei
2043 2876 2468 2946 professionem,
2519 2897 2582 2936 ac
2623 2883 2969 2954 depravatum
3012 2887 3350 2957 opinionem,
3380 2889 3462 2944 vel

1888 2968 2202 3040 pestiferam
2237 2973 2418 3042 potius
2448 2974 2718 3028 insaniam
2759 2991 2789 3028 a
2820 2977 3080 3048 magistro
3127 2969 3462 3038 didicerunt.

1959 3143 2102 3210 Quin
2125 3146 2289 3200 etiam
2321 3147 2424 3200 alia
2458 3146 2759 3223 Serjpturae
2786 3151 2948 3205 verba
2983 3152 3050 3207 ad
3075 3168 3315 3208 errorem
3349 3165 3465 3212 sla-

1887 3237 2188 3293 biliendum
2219 3237 2478 3302 aderunt,
2511 3241 2712 3310 quibus
2744 3249 2796 3295 et
2819 3243 3133 3299 earumdem
3165 3257 3465 3318 praeceptor

1895 3329 2153 3384 utebatur
2183 3348 2195 3384 :
2227 3329 2485 3382 nimirum
2516 3329 2604 3382 his
2632 3330 2813 3386 verbis
2844 3331 3164 3402 Apostolum
3203 3352 3317 3390 sua:
3350 3339 3463 3407 opi—

1885 3421 2038 3476 nioni
2083 3420 2372 3490 suifragari
2405 3439 2418 3474 :
2454 3419 2692 3486 Quorum
2744 3430 2866 3475 sunt
2912 3433 3131 3492 patres;
3169 3440 3234 3480 ea:
3279 3425 3466 3496 quibus

1892 3512 2135 3569 Christus
2185 3513 2474 3567 secundum
2531 3527 2783 3578 carnem;
2823 3515 2914 3584 qui
2961 3526 3036 3570 est
3087 3533 3243 3586 super
3289 3521 3466 3573 omnia

1891 3603 2030 3657 Deus
2053 3602 2353 3658 benedictus
2378 3606 2430 3657 in
2458 3605 2679 3660 stecttla.
2714 3607 2879 3660 A‘men
2903 3606 2943 3661 ³.
2983 3605 3072 3661 Sic
3125 3608 3290 3680 igitur
3343 3609 3474 3664 sim-

1889 3694 2010 3762 plex
2043 3693 2304 3762 quiddam
2351 3693 2484 3758 Deo,
2520 3697 2794 3764 uniusque
2842 3695 3030 3752 forma:
3077 3699 3349 3762 tribuunt,
3403 3715 3468 3756 au

1888 3784 2233 3840 Theodotum
2267 3785 2582 3850 imitantur;
2613 3800 2736 3838 nam
2771 3795 2829 3839 ut
2863 3787 2965 3842 iste
2993 3787 3060 3841 ad
3093 3805 3259 3842 unum
3290 3799 3467 3846 extre-

1887 3891 2035 3930 mum
2067 3877 2368 3942 declinans,
2420 3878 2626 3931 nudum
2680 3877 2954 3932 hominem
3009 3880 3288 3934 Christum
3345 3897 3468 3937 esse

1887 3970 2182 4033 disseruit;
2216 3969 2296 4023 sic
2345 3968 2437 4023 ille
2477 3969 2624 4022 aliud
2670 3969 2735 4022 ad
2787 3977 3090 4024 extremum
3129 3970 3464 4036 deseisrens,

1887 4060 2140 4114 eumdem
2166 4075 2289 4115 esse
2318 4057 2768 4126 Patrem,Filium
2812 4068 2864 4115 et
2893 4061 3159 4130 Spiritum
3189 4070 3465 4124 sanctum,

1887 4149 2165 4220 uniusque
2191 4165 2438 4219 persona:
2477 4149 2709 4214 statuit;
2747 4159 2802 4206 et
2831 4152 2975 4204 hunc
3023 4150 3198 4218 ipsutn
3243 4165 3464 4220 passum

1889 4259 1952 4297 ac
1985 4251 2172 4297 natum
2207 4243 2558 4298 existimavit.
2609 4241 2714 4298 Sed
2768 4259 2944 4312 neque
2992 4240 3254 4297 Theodoti
3288 4252 3468 4297 secta-

192 4335 543 4404 ἀμφοτέρους
604 4336 696 4388 καὶ
760 4337 968 4399 πάντας
1033 4337 1160 4398 τοὺς
1209 4334 1653 4407 πεπλανημένους
1703 4337 1775 4389 δι-

1889 4342 2037 4390 tores
2071 4338 2182 4390 veri
2217 4335 2422 4406 aliquid
2451 4336 2650 4390 elocuti
2681 4345 2832 4400 sunt,
2888 4351 3063 4405 neque
3115 4333 3342 4400 Nactus,
3374 4345 3467 4388 aut

196 4427 505 4496 ελέγχουσι.

1895 4427 2049 4482 Nocti
2071 4428 2345 4497 discipuli,
2371 4428 2462 4497 qui
2488 4412 2748 4490 Anoclus,
2771 4428 2873 4483 hoc
2902 4441 2982 4483 est
3017 4429 3290 4496 insipiens,
3320 4431 3464 4498 quod

193 4517 262 4570 ad
295 4519 406 4570 vim
435 4517 636 4586 ingenii
687 4533 750 4572 ac
798 4517 1108 4572 facultatem
1145 4519 1441 4588 pertinent,
1480 4518 1659 4588 potius
1692 4527 1774 4571 est
1814 4517 2118 4585 dicendus;
2173 4517 2338 4589 482
2392 4533 2516 4571 cum
2563 4527 2823 4588 utrosque
2865 4534 2928 4572 ac
2980 4529 3205 4573 ueteres
3263 4535 3456 4572 ot‘nnes

195 4626 226 4664 a
255 4611 484 4666 veritate
514 4611 836 4666 aberrantes
863 4628 1034 4668 same
1065 4611 1284 4668 Littera--
1311 4614 1660 4682 redarguunt.

264 4703 305 4756 Γ
307 4709 340 4754 ¹.
377 4703 562 4774 Πάντη
592 4703 646 4758 δὲ
674 4703 752 4776 τῷ
778 4704 869 4758 τον
904 4705 1029 4758 νοῦν
1063 4706 1143 4768 εἶς
1167 4707 1298 4759 Θεὸν
1323 4707 1664 4776 κεκτημένῳ,
1687 4705 1780 4760 καὶ

189 4797 248 4848 ἐν
285 4793 412 4865 θείᾳ
463 4793 649 4866 Γραφῇ
679 4795 771 4848 καὶ
791 4797 850 4848 ὲν
876 4793 1152 4864 Πνεὺματι
1185 4797 1324 4866 ἁγίῳ
1345 4795 1782 4868 κατηυγασμὲνῳ

189 4885 586 4953 εὐθυέλεγκτος
617 4889 646 4938 6
691 4887 872 4939 αὐτῶν
901 4887 1080 4956 λόγος,
1122 4889 1216 4940 καὶ
1249 4888 1431 4957 πάσης
1459 4888 1648 4950 ἀνοίας
1679 4887 1780 4957 ἐμ-

195 4978 378 5038 πλεως
432 4974 701 5043 φαίνεται.
735 4977 953 5046 Τόλμης
985 4977 1094 5048 γὰρ
1115 4977 1176 5030 τὸ
1220 4977 1402 5048 ἔργον,
1435 4979 1529 5032 καὶ
1555 4977 1786 5046 τυφλώ-

193 5087 336 5132 σεως
366 5071 398 5139 ἡ
433 5069 662 5135 διάνοια,
704 5069 984 5138 φάσκουσα
1015 5071 1104 5122 τὸν
1147 5071 1311 5123 αὑτὸν
1369 5071 1591 5141 Πατέρα
1629 5071 1780 5134 ὄντα,

192 5164 288 5218 καὶ
321 5161 413 5215 τὸν
473 5161 636 5215 αὐτὸν
681 5163 829 5225 Υἰὸν.
865 5163 1070 5216 καὶτὸν
1105 5163 1264 5217 αὑτὸν
1295 5163 1610 5234 πεπονθότα
1632 5179 1646 5194 ο
1703 5163 1780 5226 ὡς

189 5255 288 5307 καὶ
320 5253 432 5306 ἀπὸ
468 5251 632 5322 ὀρθοῦ
679 5253 940 5324 λογισμοῦ
985 5253 1334 5324 κριθήσονται
1376 5256 1422 5306 οἱ
1469 5254 1781 5309 τὰτοιαῦτα

192 5345 524 5414 ᾳάσκοντες.
581 5343 706 5407 Πῶς
737 5345 842 5413 γὰρ
873 5343 956 5414 εἴη
1003 5345 1190 5415 Πατὴρ
1223 5346 1251 5398 6
1303 5343 1466 5408 αὑτὸς
1517 5346 1608 5398 καὶ
1652 5345 1781 5410 Υξ>,ς

188 5438 457 5506 ὑπάρχων
482 5451 497 5500 ;
523 5437 584 5488 Ei
615 5435 722 5505 γὰρ
775 5436 901 5498 Υἱὸς
946 5436 1202 5506 ὑπάρχει,
1244 5436 1461 5498 πάντως
1491 5435 1586 5489 τοῦ
1634 5454 1778 5502 τινος

247 5597 286 5624 Ἴ
322 5591 538 5644 Baruclt
573 5608 655 5655 ιιι,
687 5592 876 5648 56-58.
977 5598 995 5626 ’
1025 5591 1128 5648 Isa.
1162 5609 1281 5646 XLV.
1322 5595 1404 5654 Η,
1443 5593 1523 5646 ιδ.

1956 4703 2046 4758 ΠΙ.
2088 4699 2356 4767 Quocirca
2383 4701 2474 4770 qui
2502 4708 2736 4755 mentetn
2768 4701 2822 4756 in
2855 4701 2963 4757 Deo
2987 4701 3216 4758 deﬁxam
3244 4703 3466 4769 habeat,

1887 4797 2093 4866 quique
2151 4809 2432 4850 sacrarum
2470 4792 2823 4857 Litterarum,
2877 4811 2939 4849 ac
2982 4795 3227 4866 Spiritus
3290 4800 3468 4853 sancti

1888 4889 2177 4959 splendore
2201 4887 2541 4942 illuminatus
2565 4885 2746 4952 fuerit,
2765 4887 2812 4942 ei
2840 4895 2950 4942 tota
2983 4889 3197 4942 illorum
3221 4890 3468 4945 doctrina

1887 4994 2012 5034 cum
2072 4979 2250 5034 facilia
2295 4979 2361 5033 ad
2416 4977 2796 5044 refellendum,
2857 4987 2970 5032 tum
3029 4981 3266 5033 amentia
3317 4984 3467 5036 omni

1888 5071 2048 5140 plena
2088 5069 2360 5123 videatur.
2399 5068 2493 5124 Est
2546 5068 2708 5123 enim'
2743 5067 2979 5144 insignis
3032 5069 3319 5139 cujusdam
3368 5073 3470 5126 hoc

1890 5157 2138 5214 audacias
2167 5159 2401 5219 facinus,
2445 5174 2510 5214 ac
2569 5173 2898 5228 magnopere
2957 5168 3286 5214 exmeatam
3318 5179 3470 5216 men-

1890 5263 1995 5306 tem
2038 5252 2186 5304 illam
2249 5260 2462 5320 oportet
2528 5269 2650 5307 esse
2685 5292 2700 5316 ,
2765 5261 2819 5308 et
2875 5269 2997 5322 qua:
3049 5255 3300 5310 eumdem
3367 5253 3468 5310 Pa-

1891 5352 2025 5396 trem
2100 5355 2221 5395 csse
2274 5341 2419 5396 dicat
2487 5341 2739 5397 eumdem
2820 5341 3019 5396 Filium
3086 5351 3252 5414 atque
3317 5359 3472 5398 cum-

1889 5435 2011 5488 dem
2049 5433 2286 5504 denique
2333 5451 2454 5492 esse
2521 5451 2767 5504 passum.
2828 5433 2960 5501 Qua:
3016 5434 3112 5506 qui
3183 5435 3466 5507 garriunt,

1632 5595 1650 5624 ³
1673 5594 1831 5649 Rom.
1869 5611 1942 5660 ιιι,
1974 5595 2024 5648 5.
