3866 6068
158 278 280 334 1001

804 282 1166 338 ADVERSUS
1206 281 1547 338 HERc‘SES
1582 278 1707 339 LIB.

1849 272 2010 341 ron.
2056 285 2096 339 ι.
2120 315 2190 325 --
2228 281 2503 338 ιιτειιιῑε.
2546 278 2700 335 l.\'ll.

3235 279 3375 338 100‘s

156 405 268 471 φαὶ,
293 402 346 453 al
367 399 405 451 Γ
409 401 577 470 pauci.
599 404 654 454 αἰ
680 399 854 472 πάντη
888 402 1000 473 μὲν
1031 403 1249 474 Πατέρα
1286 403 1505 474 Πατέρα
1541 405 1702 472 γινὼ-

1812 409 1880 470 vi,
1916 424 2090 479 neque
2119 407 2372 478 prudenti
2418 407 2861 469 ratiocinatione,
2909 421 2971 461 ac
3028 420 3097 461 ne
3147 406 3375 460 minima

154 508 390 555 σκουσαι,
440 492 533 544 καὶ
578 492 707 546 Υίὸν
756 493 899 559 Υίδν,
950 495 1041 548 καὶ
1084 495 1237 563 ἀγιον
1285 495 1511 565 Πνεῦμα
1554 497 1705 564 ἅγιον

154 582 389 654 Πνεῦμα.

231 852 389 907 Ἀλλά
427 851 481 905 τί
531 853 781 921 φάσκεις,
816 846 862 905 ὦ
888 846 1081 917 οῦτος;
1116 853 1206 923 Μὴ
1247 851 1531 925 πολυθεῖαν
1570 853 1707 922 ἡγή-

152 960 326 998 σοιντο
367 944 418 996 οι
446 941 508 996 τδ
550 941 712 1006 σέϐας
754 943 1020 1013 ἀληθινῶς
1056 947 1121 1014 τῇ
1162 944 1347 1014 Τριάδι
1378 942 1709 1014 προσφέρον-

147 1052 264 1099 τες,
299 1034 492 1096 οἵτινές
528 1034 664 1086 εἰσιν
703 1033 809 1086 υἱοὶ
838 1034 934 1102 τῆς
966 1033 1250 1102 ἀληθείας,
1290 1033 1505 1103 καὶτῆς
1544 1034 1710 1101 μόνης

149 1124 436 1193 ωθολικῆς
480 1123 840 1193 Exscindine;
865 1125 972 1177 Καὶ
995 1126 1091 1195 οὐχ
1129 1123 1319 1186 οὕτως.
1364 1123 1459 1187 Τίς
1498 1124 1604 1196 γὰρ
1647 1125 1708 1177 ού

146 1215 322 1286 χαίρει
355 1216 369 1246 ⁸
400 1216 494 1267 ἕνα
525 1214 657 1268 Θεὸν
693 1210 829 1268 εἶναι
855 1215 956 1285 τῆς
984 1215 1236 1287 ἀληθείας
1266 1215 1480 1285 Πατέρα
1520 1229 1711 1268 παντο⁶

145 1306 387 1377 κράτορα
412 1346 427 1369 ,
485 1304 549 1370 ἐξ
595 1301 764 1376 οὗπερ
809 1309 838 1359 ό
886 1307 1176 1376 μονογενὴς
1219 1305 1347 1369 Υίὸς
1395 1308 1452 1358 έν
1485 1304 1711 1376 ἀληθεία

142 1398 273 1461 Θεὸς
299 1397 470 1464 Λόγος
491 1434 505 1457 .
556 1396 916 1459 ένυπόστατος
954 1396 1125 1464 Λόγος
1152 1395 1543 1465 γεγεννημένος
1574 1394 1709 1465 ἀλη-

143 1489 284 1552 θινὸς
316 1489 378 1554 ἐξ
410 1488 575 1542 αὐτοῦ
604 1490 853 1559 ἀνάρχως
885 1490 979 1541 καὶ¹
1019 1488 1299 1558 ἀχρόνως;
1332 1487 1424 1540 Διὸ
1457 1488 1550 1540 ἕνα
1579 1486 1710 1538 Θεὸν

116 1581 397 1650 ’ἀσφαλῶς
427 1579 682 1651 κηρύττει
716 1581 749 1648 ἡ
795 1578 1087 1647 Ἐκκλησία
1107 1619 1121 1640 ,
1176 1578 1395 1649 Πατέρα
1426 1579 1519 1630 καὶ
1560 1578 1706 1631 Υίόν.

137 1674 289 1727 Διότι
318 1672 434 1739 ἐγὼ
463 1672 533 1725 ἐν
560 1669 639 1735 τῷ
663 1670 865 1737 Harp),
908 1669 1003 1723 καὶ
1037 1672 1070 1725 ὀ
1088 1668 1290 1737 Πατὴρ
1316 1669 1385 1721 ἐν
1420 1667 1571 1737 ἐμοι,
1597 1669 1707 1721 καὶ·

1806 498 2025 568 quidem
2076 498 2238 565 hujus
2279 496 2677 565 signiﬁcatione
2727 496 2981 567 pradita;
3034 510 3376 565 consequens

1807 595 1890 641 est
1911 596 1967 639 ut
1991 601 2181 641 omnes
2208 584 2509 656 Scriptura:
2528 585 2907 655 repudientur,
2933 600 3055 655 quas
3087 586 3290 654 ubique
3318 592 3374 640 et

1806 675 2022 729 Patrem
2053 692 2174 731 esse
2198 674 2435 739 Patrem,
2470 683 2523 729 et
2556 674 2753 728 Filium
2786 673 3005 738 Filium,
3034 685 3086 728 et
3113 674 3373 744 Spiritum

1808 774 2059 819 sanctum
2093 763 2354 833 Spiritum
2385 770 2634 817 sanctum
2670 772 2993 832 agnoscunt.

1879 853 1959 908 Tu
1983 870 2133 918 vero,
2167 856 2237 907 mi
2269 854 2450 916 homo,
2485 854 2613 922 quid
2645 856 2863 909 tandem
2897 851 3097 908 achrS’?
3129 853 3209 908 An
3244 853 3375 907 illud

1810 948 2036 1009 vereris,
2064 960 2130 999 ne
2163 946 2384 999 deorum
2424 945 2499 997 illi
2531 946 2930 1000 multitudinem
2965 945 3245 1005 invchant.
3283 945 3374 1016 qui

1811 1046 2174 1091 sacrosanctae
2234 1034 2420 1090 Triadi
2481 1052 2667 1091 verum
2729 1037 3111 1106 sincerumque
3168 1039 3374 1091 cultum

1811 1127 2102 1188 adhibent,
2166 1128 2368 1197 quique
2446 1128 2689 1181 veritatis
2757 1134 2810 1182 et
2880 1128 3041 1181 unius
3095 1129 3378 1182 catholicae

1810 1217 2068 1273 Ecclesiae
2110 1229 2236 1272 sunt
2272 1218 2410 1272 ﬁlii?
2462 1217 2821 1273 Vehementer
2848 1233 3021 1274 erras.
3069 1218 3201 1285 Quis
3230 1222 3375 1276 enim

1810 1327 1919 1365 non
1970 1320 2181 1365 asserat
2238 1325 2405 1363 unum
2463 1309 2628 1365 Deum
2685 1326 2806 1365 esse
2860 1313 3105 1365 veritatis
3161 1309 3375 1366 Patrem

1810 1403 2264 1470 omnipotentem,
2307 1416 2334 1452 a
2371 1416 2479 1469 quo
2526 1402 2833 1470 unigcniuts
2879 1399 3049 1456 Filius
3094 1416 3217 1456 vere
3248 1417 3377 1470 pro-

1811 1506 2031 1561 gressus
2081 1498 2163 1545 est
2184 1529 2198 1552 ,
2256 1488 2396 1543 Deus
2430 1487 2693 1553 Verbum,
2737 1490 2967 1543 Verbum
2993 1532 3006 1553 ,
3040 1490 3259 1561 inquam
3282 1530 3295 1546 .
3322 1491 3376 1543 in

1811 1581 2030 1652 propria
2090 1594 2321 1650 persona
2383 1579 2727 1643 consistens,
2790 1587 2845 1633 et
2897 1593 2924 1631 a
2977 1577 3137 1632 Patre
3188 1593 3377 1632 revera

1812 1673 1930 1726 sine
1963 1672 2075 1725 ullo
2112 1670 2270 1723 initio
2304 1684 2367 1723 ac
2401 1682 2642 1738 tempore
2675 1669 2947 1738 genitum?
2985 1667 3159 1721 linum
3194 1669 3379 1738 itaque

139 1762 327 1816 Οἰδύο
474 1763 691 1831 ἐσμεν·
731 1734 975 1814 τουτέστι
1010 1761 1106 1830 μία
1141 1734 1363 1830 θεότης,
1404 1734 1494 1814 καὶ
1531 1760 1589 1813 ἓν
1620 1759 1707 1812 θέ-

1815 1762 1979 1816 Deum
2007 1768 2165 1814 caute
2188 1774 2252 1813 ac
2282 1761 2575 1828 prudenter
2594 1758 2834 1843 Ecclesia
2859 1760 3135 1828 praedicat,
3160 1759 3376 1813 Patrem

137 1854 283 1925 λημα
308 1898 320 1916 ,
355 1853 452 1907 καὶ
494 1854 592 1923 μία
623 1853 899 1923 κυριότης.
948 1850 1039 1915 Ἐξ
1079 1851 1244 1904 αὐτοῦ
1283 1851 1339 1904 δὲ
1375 1850 1465 1904 τοῦ
1499 1851 1708 1922 Πατρδς

137 1946 228 2001 καὶ
277 1945 340 1999 τὸ
388 1944 612 2015 Πνεῦμα
644 1943 1000 2015 ἐκπορεύεται
1022 1984 1036 2007 ,
1072 1942 1431 1996 ἐνυπόστατον
1468 1943 1527 1996 ὃν
1552 1982 1567 2004 ,
1613 1942 1708 1995 καὶ

134 2039 192 2091 ιν
229 2038 461 2109 ἀληθείᾳ
490 2038 688 2090 τέλειον
721 2035 943 2106 Πνεῦμα
969 2035 1030 2088 τὸ
1055 2037 1152 2104 τῆς
1180 2033 1433 2104 ἀληθείας
1456 2073 1471 2095 ,
1503 2034 1563 2086 τὸ
1593 2051 1706 2102 φω-

133 2127 277 2192 τίζον
307 2127 377 2180 τὰ
411 2126 588 2180 πάντα
605 2168 618 2188 ,
647 2125 707 2178 τὸ
731 2127 794 2179 ὲκ
824 2122 918 2177 τοῦ
946 2122 1077 2176 Υίοῦ
1105 2121 1379 2192 λαμϐάνον
1404 2160 1419 2183 ,
1445 2120 1504 2172 τὸ
1524 2118 1708 2171 ⁸Πνεῦ-

135 2234 207 2287 μα
237 2217 339 2287 τῆς
375 2216 633 2286 ἀληθείας
657 2256 670 2277 ,
700 2216 761 2268 τὸ
791 2215 1016 2282 Πνεῦμα
1047 2211 1141 2265 τοῦ
1174 2211 1387 2281 Ila-cpe;
1407 2251 1422 2275 ,
1457 2210 1516 2262 τὸ
1538 2208 1707 2261 Πνεῦ-

137 2325 209 2380 μα
257 2308 354 2361 τοῦ
391 2305 652 2378 Χριστοῦ.
682 2305 772 2357 Διὸ
817 2304 942 2375 μίαν
980 2304 1205 2372 θεότητα
1238 2299 1375 2354 οἶδεν
1406 2303 1439 2370 ἡ
1481 2299 1707 2368 Ἐκκλη-

132 2398 218 2451 σία
240 2413 254 2429 ’
299 2392 385 2459 εἷς
406 2395 539 2458 Θεὸς
561 2396 590 2446 ὀ
619 2394 717 2463 τῆς
748 2391 1001 2462 ἀληθείας
1035 2392 1220 2462 Πατὴρ
1239 2430 1253 2453 ,
1287 2390 1477 2460 Πατὴρ
1503 2388 1706 2450 τέλειος

131 2490 499 2550 ὲνυπόστατος
521 2527 536 2549 ,
584 2486 709 2549 Υἱὸς
746 2485 951 2546 τέλειος
992 2482 1352 2543 ἐνυπόστατος
1373 2520 1388 2543 ,
1422 2480 1519 2533 καὶ
1555 2479 1707 2547 ἅγιον

130 2581 355 2651 Πνεῦμα
400 2579 608 2631 τέλειον
655 2576 1046 2639 ὲνυπόστατον,
1089 2574 1185 2644 μία
1228 2572 1453 2643 θεότης;
1482 2572 1581 2641 μία
1623 2570 1708 2623 δε-

131 2672 386 2734 σποτεία,
426 2668 528 2739 μία
576 2667 851 2739 κυριότης.
891 2666 980 2718 Διὸ
1020 2664 1192 2735 πάντη
1235 2662 1421 2731 σαφῶς
1468 2660 1707 2732 κεκηρύ-

130 2781 286 2833 χασιν
319 2764 378 2815 αί
439 2760 583 2813 θεῖαι
625 2759 837 2827 Γραφαὶ
886 2757 982 2809 ἕνα
1030 2755 1192 2819 Θεὸν,
1227 2754 1472 2807 τουτέστι
1503 2751 1709 2823 Τριάδα

127 2854 412 2924 όμοούσιον
439 2892 455 2914 ,
512 2851 599 2905 ἀεὶ
648 2845 814 2902 οὖσαν
860 2847 958 2918 τῆς
1003 2845 1174 2915 αὐτῆς
1209 2844 1533 2913 ταυτότητας
1556 2882 1571 2907 ,
1611 2843 1708 2911 τῆς

129 2947 295 3017 αὐτῆς
317 2944 668 3017 κυριότητος.
692 2940 802 2994 Καὶ
827 2940 1071 2993 διέπεσεν
1096 2940 1161 2991 ὲκ
1189 2935 1526 3007 πανταχόθεν
1555 2937 1584 2988 ό
1608 2935 1707 3004 τῆς

126 3037 381 3109 ἀνοησίας
412 3052 510 3088 σου
542 3034 698 3101 λόγος
717 3072 733 3092 ,
767 3026 811 3085 ὦ
857 3032 1070 3101 ἀνόητε.
1111 3029 1303 3082 Τοίνυν
1322 3027 1526 3081 τούτων
1559 3029 1708 3097 εἰρη-

1809 1851 2062 1905 videlicet
2095 1858 2148 1905 et
2171 1848 2389 1903 Filium.
2426 1849 2688 1915 Quoniam
2715 1891 2729 1913 ,
2760 1851 2938 1920 inquit
2988 1868 3078 1919 ego
3111 1851 3167 1904 in
3193 1849 3376 1913 Patre,

1807 1954 1854 1996 ει
1889 1942 2050 1997 Pater
2087 1943 2137 1996 in
2169 1959 2247 1995 me
2278 1952 2355 1996 est
2388 1946 2431 1996 ί.
2474 1941 2534 1995 Et
2563 1962 2575 1995 :
2603 1941 2770 1995 Ambo
2791 1957 2950 1995 unum
2990 1958 3170 1996 sumus
3203 1942 3244 2005 ³,
3277 1942 3378 1995 hoc

1807 2044 1925 2099 cst,
1959 2049 2062 2087 una
2099 2034 2393 2095 divinitas,
2429 2041 2482 2087 et
2515 2033 2765 2087 voluntas
2808 2049 2937 2097 una,
2979 2041 3032 2087 et
3066 2048 3171 2086 una
3201 2031 3380 2087 domi-

1810 2126 1979 2178 natio.
2011 2124 2277 2178 Caeterum
2308 2140 2368 2178 ex
2400 2122 2562 2177 Patre
2588 2123 2825 2191 Spiritus
2849 2140 3065 2194 quoque
3096 2124 3337 2194 procedit
3360 2163 3374 2185 ,

1808 2224 2000 2283 suapte
2049 2224 2314 2270 constans
2374 2214 2687 2285 hypostasi,
2744 2230 2808 2267 ac
2864 2218 3043 2284 reipsa
3106 2214 3378 2282 perfectus

1807 2308 2053 2363 veritatis
2088 2305 2348 2376 Spiritus,
2373 2307 2463 2375 qui
2497 2306 2767 2360 illuminat
2808 2308 3025 2371 omnia;
3053 2307 3147 2376 qui
3180 2321 3208 2357 a
3241 2304 3378 2359 Filio

1808 2398 2040 2468 accipit;
2077 2400 2319 2453 veritatis
2340 2438 2353 2462 ,
2402 2398 2624 2467 inquam
2647 2439 2662 2460 ,
2699 2398 2939 2468 Spiritus
2960 2438 2973 2459 ,
3018 2397 3254 2467 Spiritus
3282 2395 3379 2450 Pa-

1807 2485 1943 2549 tris,
1991 2484 2227 2555 Spiritus
2264 2486 2487 2540 Cltristi.
2532 2485 2715 2556 Itaque
2754 2503 2917 2540 unam
2968 2486 3208 2542 Ecclesia
3239 2488 3378 2541 divi-

1806 2572 2032 2626 nitatem
2057 2574 2336 2641 agnoscit;
2363 2586 2557 2643 estque
2585 2574 2727 2630 Deus
2750 2592 2890 2631 unus
2921 2579 3165 2633 veritatis
3195 2576 3377 2643 Pater,

1808 2662 2081 2731 perfectus
2110 2663 2288 2728 Pater,
2326 2665 2604 2735 linOSIGSl
2640 2682 2739 2720 sua
2772 2670 3065 2737 praeditus;
3100 2670 3378 2739 perfectus

1808 2751 2015 2816 Filius,
2052 2768 2205 2807 suam
2242 2770 2494 2825 peraeque
2531 2757 2739 2813 habens
2775 2760 3153 2830 ltypostasim;
3206 2762 3379 2833 perfe-

1807 2854 1929 2900 ctus
1959 2845 2197 2915 denique
2231 2849 2469 2916 Spiritus
2495 2857 2749 2913 sanctus,
2783 2861 2835 2906 et
2883 2868 3037 2908 suam
3070 2856 3173 2909 sibi
3208 2855 3379 2926 hypo-

1807 2936 1995 2990 stasim
2046 2936 2330 2993 vindicans
2365 2956 2378 2991 :
2410 2954 2516 2991 una
2553 2939 2841 3003 divinitas,
2881 2958 3098 3011 unaque
3132 2943 3379 2998 domina-

1808 3025 1904 3078 tio.
1948 3024 2158 3091 Quibus
2205 3027 2285 3121 άεα
2318 3030 2503 3084 causis
2554 3029 2722 3084 Deum
2756 3048 2923 3086 unum
2965 3049 3149 3091 sacrae.
3178 3037 3381 3106 ubique

129 3087 474 3199 ,Ἰκαὶ
524 3087 816 3185 ἀντιθέτως
868 3087 1003 3192 πρὸς
1031 3120 1128 3184 τὰς
1170 3118 1266 3173 τοῦ
1307 3087 1704 3190 προειρημένου

1812 3118 2029 3173 Litterae
2090 3092 2473 3189 pronuntiant,
2532 3124 2790 3177 nimirum
2826 3087 3378 3182 consubstantialem

123 3219 333 3289 Νοητοῦ
378 3218 573 3288 φωνὰς
623 3218 842 3269 σκοπεῖν
881 3214 939 3279 ἐξ
973 3212 1226 3284 ὑπαρχῆς
1248 3252 1262 3274 ,
1292 3212 1386 3263 καὶ
1423 3209 1593 3273 οὕτως
1638 3209 1704 3261 τὰ

125 3312 261 3367 αὐτὰ
288 3308 575 3381 κεφάλαια
603 3308 947 3379 ἀνατρέπειν.

1812 3209 2100 3275 Triadem,
2130 3227 2193 3266 ac
2232 3229 2448 3283 semper
2470 3215 2854 3280 exsistentem,
2890 3219 2976 3271 cui
3012 3220 3199 3274 eadem
3237 3220 3382 3275 iden-

1807 3304 1965 3367 titas,
1988 3303 2238 3374 idemque
2262 3304 2574 3361 dominatus
2602 3307 2939 3362 attribuitur.
2975 3307 3139 3382 ω
3169 3308 3245 3363 Ex
3269 3324 3380 3379 quo

119 3410 213 3458 tua
252 3403 369 3467 illa,
407 3398 772 3456 stolidissime
806 3396 1147 3458 mortalium,
1192 3394 1373 3463 inepta
1413 3392 1553 3446 ratio
1606 3394 1866 3448 concidit.
1902 3393 1998 3450 llis
2032 3397 2460 3459 animadversis,
2499 3398 2762 3455 adversus
2828 3401 2948 3456 illas
3005 3401 3156 3456 Nocti
3218 3416 3379 3456 voces

125 3496 520 3565 opponendum
573 3493 735 3547 modo
785 3489 1021 3561 aliquid,
1076 3496 1130 3544 et
1177 3490 1246 3542 ab
1282 3491 1400 3557 ipso
1430 3486 1697 3557 principio
1725 3491 2075 3560 repetendum
2109 3501 2226 3556 est,
2262 3502 2425 3562 atque
2456 3508 2522 3549 eo
2587 3495 2752 3551 modo
2809 3496 3023 3568 singula
3056 3498 3232 3567 capita
3290 3511 3380 3551 re-

122 3587 377 3643 fellenda.

190 3678 267 3732 E'.
301 3675 540 3747 Πρῶτον
588 3672 686 3743 μὲν
733 3665 827 3724 οὖν
859 3670 1044 3739 ἐπειδὴ
1096 3669 1383 3738 παρήγαγε
1437 3666 1498 3721 τδ
1538 3668 1707 3736 κεφάο

119 3768 297 3833 λαιον,
342 3769 429 3821 ὅτι
467 3761 779 3830 ΕἷςίΘεὸς.
818 3762 888 3827 ἐξ
922 3757 994 3817 οὗ
1032 3761 1106 3813 τὰ
1145 3759 1372 3821 πάντα,
1404 3759 1503 3811 καὶ
1536 3758 1708 3827 ἡμεῖς

119 3864 204 3927 εις
245 3860 477 3923 αὐτόν,
514 3857 612 3911 καί
646 3852 733 3923 εἷς
776 3857 986 3923 Κύριος
1025 3852 1264 3921 Ἰησοῦς
1299 3853 1577 3919 Χριστὸς,
1610 3850 1710 3903 καί

117 3953 289 4023 ἡμεῖς
327 3951 415 4012 δι’,
436 3950 631 4004 αὐτοῦ
657 3990 671 4013 ,
704 3948 780 4002 δι’
810 3948 882 4002 ὃν
912 3948 985 4000 τὰ
1015 3944 1243 4009 πάντα,
1283 3944 1381 3997 καὶ
1430 3943 1599 4012 ἡμεῖς
1634 3941 1707 3995 δι’

118 4043 337 4097 αὐτοῦ’
384 4043 490 4113 οὐχ
525 4042 688 4113 ὁρᾷς,
728 4042 807 4093 ὅτι
847 4035 934 4104 εἷς
972 4037 1116 4104 Θεὸς
1140 4079 1155 4102 ,
1192 4037 1262 4101 ἐξ
1295 4031 1366 4091 οὗ
1393 4036 1465 4089 τὰ
1492 4034 1705 4098 πάντα,

117 4134 216 4188 καὶ
253 4134 437 4204 ἡμεῖς
480 4136 572 4198 είς
617 4132 835 4194 αὑτὸν,
873 4130 987 4192 πῶς
1025 4129 1121 4196 τὴν
1147 4129 1276 4198 μίαν
1304 4126 1478 4198 ἀρχὴν
1510 4125 1709 4194 σημαία

118 4243 239 4291 νει;
270 4226 362 4281 ἶνα
401 4226 482 4297 μὴ
524 4228 602 4287 είς
649 4223 847 4287 πολλὰς
879 4222 1052 4293 ἀρχὰς
1094 4222 1267 4293 τρέψῃ
1304 4219 1402 4290 τὴν
1450 4220 1706 4278 διάνοιαν,

118 4320 211 4372 καὶ
240 4322 322 4383 είς
355 4317 656 4371 πολυθεῖαν
681 4317 864 4389 ἀγάγῃ
905 4315 1067 4367 πάλιν
1098 4315 1196 4367 τὸν
1223 4310 1560 4383 πλανηθέντα
1584 4308 1708 4362 νοῦν

1880 3665 1943 3719 ν.
1995 3666 2148 3732 Quod
2184 3667 2351 3737 igitur
2377 3669 2429 3722 in
2462 3670 2655 3738 primis
2685 3672 2817 3726 illud
2852 3674 3040 3742 objicit
3073 3694 3085 3728 :
3126 3674 3272 3729 Unus
3302 3685 3381 3732 est

1812 3757 1948 3811 Deus
1976 3772 2040 3811 ex
2064 3773 2163 3825 quo
2203 3759 2413 3819 omnia,
2442 3770 2491 3812 et
2537 3777 2632 3814 nos
2672 3762 2725 3814 in
2769 3764 2939 3829 ipsum
2974 3782 2992 3816 :
3022 3774 3070 3818 et
3105 3782 3239 3820 unus
3275 3766 3381 3820 Do-

1810 3848 1983 3901 minus
2030 3846 2185 3902 Jesus
2248 3848 2523 3912 Christus,
2574 3860 2623 3903 et
2650 3868 2744 3905 nos
2781 3867 2873 3918 per
2919 3855 3089 3920 ipsum
3117 3896 3130 3919 ,
3172 3867 3380 3924 propter

1808 3953 1957 4006 quem
1981 3938 2177 3999 omnia,
2208 3947 2256 3991 et
2286 3953 2378 3991 nos
2402 3953 2495 4005 per
2518 3939 2688 4007 ipsum
2710 3940 2731 3972 ⁸
2757 3956 2771 4005 ;
2798 3956 2979 3997 nonne
3012 3943 3079 3998 iis
3104 3943 3239 4013 ipsis
3257 3960 3380 3999 ver-
3474 3967 3485 3981 υ

1808 4028 1891 4083 bis
1931 4032 2090 4097 (unm
2114 4027 2250 4082 Deus
2300 4044 2365 4083 ea:
2414 4045 2516 4098 quo
2560 4032 2768 4095 omnia,
2827 4041 2877 4085 et
2930 4049 3023 4087 nos
3082 4035 3137 4085 in
3183 4034 3378 4102 ipsum)

1807 4134 1975 4173 unum
2032 4120 2329 4189 signiﬁcari
2378 4123 2707 4193 principium
2765 4125 2961 4181 vides?
3005 4106 3083 4180 Ne
3135 4126 3378 4181 animum

1808 4217 2054 4264 nostrum
2088 4212 2157 4266 ad
2195 4212 2348 4281 plura
2389 4215 2679 4281 cogitanda
2714 4216 2980 4285 principia
3013 4222 3377 4280 converteret,

1806 4317 1869 4355 ac
1893 4305 2204 4356 mortalium
2229 4304 2444 4373 ingenia
2476 4307 2771 4361 vanissima
2813 4306 2903 4360 illa
2943 4296 3171 4362 deorum
3201 4307 3380 4362 multi-

115 4409 224 4462 τῶν
276 4409 601 4481 ἀνθρώπων
643 4409 734 4461 ἐπὶ
776 4384 863 4478 τῇ.-
895 4407 1196 4476 κενοφωνίᾳ
1248 4405 1345 4474 τῆς
1396 4402 1700 4465 πολυθεῒας.

1812 4393 1997 4447 tudine
2038 4395 2299 4465 decepta,
2357 4411 2551 4451 rursus
2600 4395 2667 4450 ad
2723 4396 2969 4452 eamdem
3027 4400 3378 4453 asserendam

129 4497 294 4570 Ὁρᾷς
328 4498 449 4570 γὰρ
485 4498 604 4560 πῶς
640 4498 719 4549 ἑνὶ
755 4496 976 4567 ὀνόματι
1015 4496 1307 4566 κέχρηται,
1335 4495 1427 4546 καὶ
1460 4495 1560 4563 μιᾷ
1591 4494 1704 4545 ὀνο-

118 4590 294 4661 μασίᾳ
318 4631 331 4650 ,
372 4590 484 4642 οὐκ
513 4587 844 4659 ἀρνούμενος
870 4588 961 4639 τὸν
993 4588 1249 4658 μονογενῆ
1275 4587 1425 4640 Θεόν.
1455 4580 1577 4638 Οἵδε
1602 4586 1709 4657 γὰρ

113 4682 283 4735 αὐτὸν
325 4680 545 4751 Κύριον
567 4721 580 4744 ,
626 4680 720 4732 καὶ
747 4675 887 4733 οἶδεν
914 4678 1074 4732 αὐτὸν
1117 4679 1266 4732 Θεόν.
1305 4677 1395 4730 Διὸ
1423 4676 1711 4745 ἀσφαλιζό-

115 4790 277 4841 μενος
308 4772 473 4838 λέγει
504 4786 522 4801 ·
557 4772 665 4825 Καὶ
694 4766 780 4835 εἷς
814 4770 1030 4837 Κύριος
1060 4767 1289 4834 Ἰησοῦς
1319 4765 1602 4835 Χριστὸς,
1638 4765 1710 4817 δι’

110 4858 184 4916 οὗ
224 4861 302 4914 τὰ
340 4860 572 4915 πάντα.
620 4862 730 4914 Καὶ
783 4858 874 4912 ὲπ⁴ί
915 4858 1011 4928 μὲν
1055 4856 1148 4909 τοῦ
1176 4858 1391 4924 Κύριος
1422 4856 1580 4910 τοῦτο
1624 4855 1712 4909 λέ-

1812 4486 2027 4554 copiam
2057 4485 2554 4542 a«lduceret.Virles
2580 4489 2724 4543 enim
2760 4489 3216 4559 quemadmodum
3267 4505 3380 4542 uno

1808 4578 2029 4631 nomine
2062 4578 2132 4631 sit
2162 4584 2392 4637 usus.et
2425 4579 2787 4647 appellatione
2822 4595 2951 4643 una,
2973 4595 3081 4634 non
3116 4586 3175 4632 ut
3199 4579 3386 4649 unige-

1809 4668 1981 4721 nitum
2048 4668 2209 4723 Deum
2265 4670 2580 4739 abnegaret.
2645 4670 2932 4726 Dominum
2992 4673 3193 4742 quippe
3254 4685 3379 4726 esse

1810 4759 1963 4813 illum
2006 4761 2287 4830 intelligit,
2313 4763 2673 4834 eumdemque
2728 4764 2916 4819 Deum.
2961 4765 3085 4820 Ideo
3114 4765 3377 4835 singulari

1810 4852 2043 4919 quadam
2090 4856 2342 4908 cautione
2392 4856 2527 4909 illud
2577 4853 2903 4925 adjecit,Et
2944 4873 3080 4911 unus
3122 4856 3380 4911 Dominus

1811 4940 1969 4995 Iesus
2003 4940 2244 4998 Christus
2292 4961 2383 5013 per
2430 4961 2581 5014 quem
2632 4945 2831 4999 omnia.
2881 4944 3035 5011 Quod
3086 4960 3209 5000 cum
3257 4946 3377 4998 voci

1813 5036 1926 5098 illi,
1992 5032 2280 5102 Dominus,
2340 5038 2611 5106 praecipue
2659 5035 2899 5102 aliinxit;
2961 5050 3069 5089 non
3127 5034 3377 5089 eumdem

1812 5128 2072 5183 indicavit
2118 5144 2241 5184 esse
2285 5128 2535 5193 Patrem,
2593 5129 2956 5199 eamdemque
2992 5127 3227 5195 Filium;
3283 5128 3378 5183 sed

1810 5234 1934 5274 eum
1965 5219 2058 5288 qui
2091 5218 2254 5274 Pater
2290 5228 2396 5281 est.
2432 5236 2553 5276 esse
2584 5220 2801 5275 Patrem
2833 5259 2848 5285 ,
2889 5222 2981 5291 qui
3011 5220 3216 5281 Filius,
3252 5233 3381 5275 vere

1814 5309 2007 5387 Filium
2055 5325 2178 5365 esse
2228 5309 2545 5366 declaravit.
2578 5310 2715 5365 Nam
2753 5320 2807 5366 et
2836 5326 2960 5366 cum
2992 5312 3059 5367 de
3101 5308 3263 5365 Patre
3297 5311 3375 5363 lo-

1816 5415 1992 5469 quens
2060 5416 2226 5455 unum
2278 5400 2448 5456 Deum
2489 5416 2614 5457 esse
2650 5402 2822 5469 dixit,
2868 5416 3208 5473 nequaquam
3244 5396 3387 5453 Filio

1815 5489 2154 5545 divinitatem
2187 5490 2441 5546 detraxit.
2475 5490 2611 5548 Nam
2646 5492 2693 5548 si
2728 5493 2875 5549 Deus
2906 5508 3013 5548 non
3048 5501 3165 5556 est,
3205 5502 3385 5559 neque

106 4972 222 5019 γων
256 4954 323 5006 οὐ
371 4952 473 5004 τὸν
529 4951 691 5004 αὑτὸν
722 4951 960 5021 ὲσήμανε
992 4947 1212 5018 Πατέρα
1258 4943 1397 5001 εἶναι
1423 4990 1438 5013 ,
1489 4948 1584 5000 καὶ
1618 4948 1709 5000 τὸν

106 5043 276 5096 αὐτὸν
318 5042 462 5094 Υἱόν
491 5058 508 5072 ο
564 5041 700 5094 ἀλλά
737 5039 901 5107 ἔδειξε
962 5042 1053 5094 τὸν
1106 5040 1204 5110 μὲν
1231 5036 1449 5108 Πατέρα
1488 5039 1708 5109 Πατέρα

103 5131 238 5184 ὄντα
258 5171 275 5194 ,
309 5130 411 5185 τὸν
444 5128 512 5182 δὲ
545 5129 674 5183 Υίὸν
725 5131 854 5184 Υίδν
886 5128 1117 5200 ἀληθῶς.
1165 5124 1379 5197 Ἐπειδὴ
1410 5125 1469 5178 τὸ
1513 5128 1706 5189 εἰπεῖν,

105 5216 189 5281 εἷς
234 5221 380 5284 Θεὸς
414 5221 520 5274 ἐπὶ
555 5220 632 5290 τῷ
661 5222 836 5292 Πατρὶ⁵
856 5260 871 5276 .
899 5221 1001 5290 οὐχ
1035 5219 1110 5282 ὡς
1138 5219 1466 5289 ἀρνούμενος
1506 5217 1598 5269 ἐπὶ
1631 5218 1710 5287 τῷ

104 5308 224 5380 Υιῷ
265 5312 331 5365 τὸ
363 5306 525 5364 εἶναι
573 5309 720 5373 Θεός.
757 5312 818 5363 Et
850 5308 959 5379 γὰρ
995 5308 1068 5377 μὴ
1109 5305 1269 5369 θεὸς,
1301 5303 1423 5357 οὔτε
1467 5303 1705 5375 Κύριος·

103 5402 302 5474 ἐπειδὴ
349 5401 414 5454 δὲ
449 5398 659 5470 Κύριος
684 5444 699 5465 ,
729 5400 821 5453 καὶ
848 5399 999 5461 Θεός.
1041 5395 1176 5451 Ἀλλ’
1226 5397 1305 5459 είς
1337 5394 1467 5465 μίαν
1512 5395 1708 5465 ὀνομα-

101 5493 230 5549 σίαν
257 5494 510 5562 ἀνάγειν
539 5491 971 5560 ἀναγκαζόμενος
1009 5488 1112 5542 ὑπὸ
1139 5487 1234 5540 τοῦ
1266 5488 1423 5555 ἀγίου
1454 5488 1706 5557 Πνεύμα-

177 5648 197 5684 ⁸
229 5647 369 5704 Cor.
406 5647 523 5700 οὐκ
553 5647 686 5715 ἐρεῖ.
763 5651 783 5678 ⁸
806 5645 961 5699 .lnan.
993 5618 1224 5713 χινξιο.
1303 5648 1322 5679 ³
1354 5644 1509 5699 Joan.
1546 5661 1603 5707 ι,
1634 5644 1702 5696 30

1812 5642 1861 5696 ’1
1892 5643 2020 5699 Cor.
2060 5660 2178 5713 vtn,
2201 5647 2259 5699 6.

452 5740 730 5801 Panem.
765 5741 881 5800 Gn.
918 5738 1055 5802 XLI
1513 5754 1528 5765 ‘
3032 5740 3112 5798 3S
