3866 6068
103 276 237 332 1005

739 274 1111 333 ADVERSUS
1144 272 1486 330 HASRESES
1520 266 1647 331 LIB.
1691 264 1755 330 ii.
1790 264 1955 332 ΤΟΜ.
2001 270 2041 330 l.
2084 302 2147 318 —-
2194 274 2466 330 ii/ERES.
2508 273 2666 328 LVII.

3205 274 3223 325 ι
3238 276 3301 326 01‘-
3310 270 3344 325 (ἶ

34 392 49 423 η
98 393 173 454 ὧν
222 399 415 468 φάσκει
466 398 515 461 ί,
560 398 654 450 καὶ
697 391 773 451 ὧν
828 398 1218 471 προϐάλλονται
1271 392 1530 462 νοοῦντες.
1582 398 1669 461 Ὠς

1775 409 1892 461 tus,
1924 398 2029 452 boc
2075 405 2160 454 est
2212 397 2525 468 intelligens
2551 435 2565 458 .
2626 393 2992 465 appellaretur
3029 393 3247 463 ineptus
3291 402 3346 447 et

37 472 47 517 ί
97 488 187 544 καὶ
232 487 566 561 πληροῦσθαι
611 487 699 540 ἐπ’
734 488 931 553 αὐτοὺς
966 489 1029 543 τὸ
1082 488 1370 562 εἰρημένον
1416 489 1521 543 ὑπὸ
1567 489 1662 543 τοῦ

34 574 39 609 ί
93 580 246 648 ἁγίου
280 581 624 635 Ἀποστόλουο
660 581 824 649 Μήτε
849 581 888 635 d
910 582 1160 652 λέγουσι
1176 582 1485 647 νοοῦντες,
1511 581 1664 650 μήτε

91 670 223 740 περὶ
249 672 430 725 τίνων
462 672 957 727 διαϐεϐαιοῦνται.

1768 489 2035 561 insipiens
2088 490 2291 555 homo;
2346 497 2401 545 et
2464 489 2571 544 hoc
2631 488 2810 557 ipsum
2865 498 3063 539 nomen
3117 485 3348 555 perinde

1772 582 1940 650 inepti
1978 582 2125 636 illius
2168 581 2423 652 discipuli
2459 584 2947 650 consequerentur.
2983 575 3085 643 Qui
3125 577 3344 646 quidem

1776 685 1971 727 eorum
2007 687 2130 742 qua:
2156 670 2370 733 dicunt,
2400 684 2464 724 ac
2491 670 2669 738 palam
2709 676 3039 736 pmpnnunt,
3078 667 3345 720 ιοιίοιινι..

35 748 43 795 ⁵
96 764 653 832 consequentiamque
687 779 792 817 non
820 763 1150 833 intelligunt,
1184 769 1244 817 ut
1272 762 1326 816 in
1365 762 1449 815 his
1471 762 1643 817 sancti

1774 764 1920 819 istoli
1953 764 2159 820 dictum
2203 762 2336 817 illud
2376 759 2707 830 impleatur:
2741 756 2853 811 Nec
2881 773 2999 828 quae
3034 757 3219 811 dicunt
3266 759 3351 810 in-

33 838 43 887 ‘3‘
95 852 405 919 tettigentes,
437 864 527 901 nec
554 849 619 901 de
646 850 836 919 quibus
861 852 1155 906 asserunt‘.

161 950 234 1002 Z'.
272 946 467 1018 Ὁρᾶτε
492 944 601 1016 γὰρ
622 984 637 1009 ,
667 939 713 999 ὦ
743 944 935 1018 ἄνδρες
974 940 1224 1014 ἀδελφοὶ,
1262 943 1380 1007 πῶς
1400 941 1671 1015 ἀνώτερον

34 1040 37 1069 ε
91 1030 240 1089 εἷπεν
264 1034 299 1105 ἡ
324 1033 441 1086 θεία
464 1032 686 1105 Γραφὴ,
729 1033 930 1105 μᾶλλον
967 1028 1026 1087 δὲ
1063 1033 1226 1098 αὐτὸς
1255 1034 1286 1087 ό
1316 1032 1524 1105 Κύριος
1544 1074 1558 1095 ν
1592 1031 1669 1101 ὡς

34 1130 37 1159 ί
92 1126 258 1197 ἔχειὴ
314 1126 456 1198 ἀρχὴ
494 1128 590 1178 τοῦ
639 1126 957 1196 κεφαλαίου.
993 1125 1158 1180 Ὅθεν
1186 1126 1279 1180 καὶ
1304 1125 1542 1180 δεικτέον
1576 1125 1669 1178 ἐπὶ

34 1226 35 1251 λ
91 1217 269 1286 πάσης
332 1218 391 1269 ὲν
449 1214 598 1286 αὐτῷ
658 1215 736 1287 τῷ
795 1215 1077 1286 κεφαλαίῳ
1133 1213 1390 1287 ἀληθείας
1452 1229 1513 1267 τε
1571 1214 1667 1267 καὶ

34 1316 36 1321 ’
90 1305 426 1369 ὑποθέσεως,
502 1305 583 1359 ὅτι
659 1304 1022 1374 Ἐρωτήσατέ
1063 1322 1139 1374 με
1186 1305 1316 1373 περὶ
1366 1301 1484 1357 τῶν
1518 1301 1669 1357 υἱῶν

88 1416 235 1467 μου,
288 1397 389 1451 καὶ
441 1394 562 1450 τῶν
606 1398 981 1466 θυγατέρων,
1032 1396 1131 1450 καὶ
1167 1394 1285 1449 τῶν
1316 1393 1506 1463 ἔργων
1549 1393 1669 1449 τῶν

89 1487 299 1559 χειρῶν
317 1506 441 1558 μου
470 1487 820 1543 ἐντείλασθέ
844 1505 966 1558 μοι.
1015 1487 1162 1559 Ἐγὼ
1184 1488 1442 1554 ἐποίησα
1464 1525 1479 1548 .
1513 1484 1665 1557 φησὶ,

88 1579 200 1647 τὴν
237 1577 389 1651 γῆν,
422 1578 521 1633 καὶ
555 1577 871 1645 ἄνθρωπον
898 1580 992 1633 ἐπ’
1024 1579 1235 1648 αὐτῆς.
1281 1579 1422 1648 Ἐγὼ
1446 1577 1521 1646 τῇ
1550 1595 1670 1649 χει-

1846 935 1955 992 Vll.
2018 935 2452 991 Animadvertite
2503 936 2688 1001 enim,
2745 937 2945 996 fratres
3008 940 3350 1003 citatissimi.

1770 1030 1901 1100 quid
1955 1036 2083 1085 ante
2141 1028 2423 1099 Scriptura
2463 1029 2696 1095 dixerit,
2739 1045 2835 1086 seu
2868 1031 3050 1102 potius
3090 1031 3357 1089 Dominus

1769 1122 1921 1193 ipse,
1970 1128 2030 1175 ut
2078 1120 2237 1174 initio
2269 1120 2467 1190 capitis
2503 1122 2770 1192 scriptum
2818 1131 2924 1178 est.
2968 1110 3124 1179 Unde
3152 1141 3217 1181 es
3256 1143 3352 1182 ve-

1768 1210 1987 1266 rissima
2045 1209 2171 1273 illa,
2218 1193 2341 1278 quae
2391 1209 2447 1264 in
2490 1218 2605 1264 toto
2649 1210 2829 1280 capite
2880 1222 2993 1278 est,
3038 1214 3356 1271 narratione

1766 1307 2197 1371 argumentoque
2233 1299 2546 1355 Christiana
2577 1301 2709 1356 tides
2728 1310 2814 1357 est
2845 1307 3354 1361 eommnnstranda.

1769 1390 1862 1446 Sic
1891 1391 2035 1447 enim
2083 1390 2160 1445 ait
2203 1409 2218 1445 :
2252 1389 2585 1462 Interrogate
2632 1410 2710 1447 me
2753 1394 2818 1448 de
2855 1394 2987 1462 ﬁliis
3024 1397 3154 1450 meis
3205 1408 3255 1451 et
3284 1400 3356 1468 fi-

1766 1482 1960 1547 liabus,
1980 1492 2027 1536 et
2050 1482 2115 1537 de
2130 1482 2369 1552 operibus
2388 1500 2639 1538 manuum
2662 1501 2898 1539 mearum
2926 1487 3172 1541 mandate
3204 1489 3351 1545 mihi.

1768 1577 1883 1643 Ego
1917 1574 2016 1642 feci
2033 1600 2055 1635 ,ί
2114 1574 2326 1644 inquit,
2367 1583 2564 1628 terram
2615 1585 2665 1629 et
2706 1575 2966 1630 hominem
2995 1578 3048 1630 in
3085 1578 3233 1646 ipsa;
3260 1597 3357 1650 ego

86 1672 141 1736 ρί
179 1688 300 1740 μου
344 1669 684 1739 ἐστερέωσα
734 1670 843 1726 τόν
873 1672 1135 1740 οὐρανόν
1159 1689 1173 1702 ·
1209 1671 1325 1741 ἐγὼ
1358 1671 1508 1727 πᾶσι
1540 1672 1664 1739 τοῖς

1774 1680 1930 1718 manu
1958 1680 2073 1719 mea
2104 1663 2327 1733 fundavi
2364 1665 2583 1727 coelum;
2618 1682 2710 1735 ego
2743 1666 2987 1720 omnibus
3019 1670 3186 1724 stellis
3218 1686 3357 1739 pra?-

86 1764 327 1834 ἆστροις
355 1762 750 1832 ἐνετειλάμην
767 1780 783 1795 ·
812 1764 928 1835 ἐγὼ
955 1763 1164 1834 ἤγειρα
1180 1766 1332 1834 μετὰ
1354 1765 1661 1819 δικαιοσύ-

85 1872 193 1922 νης
229 1852 506 1920 ,βασιλέα
532 1894 547 1917 ,
578 1853 677 1907 καὶ
717 1853 908 1914 πᾶσαι
945 1858 1006 1909 at
1036 1854 1165 1911 ὁδοὶ
1192 1856 1381 1911 αὑτοῦ
1418 1855 1659 1910 εὐθεῖαι.

87 1942 273 2013 οὗτος
314 1946 700 2016 οἰκοδομήσει
732 1946 846 2016 τὴν
891 1948 1075 2001 πόλιν
1104 1965 1225 2018 μου
1244 1962 1269 2013 ,ν
1295 1947 1392 2001 καὶ
1430 1946 1546 2015 τὴν
1573 1949 1663 2001 al-

84 2038 441 2109 χμαλωσίαν
476 2037 824 2106 ἐπιστρέψει
863 2055 878 2069 ⁸
933 2041 1007 2094 οὐ
1062 2038 1215 2110 μετὰ
1258 2040 1499 2110 λύτρων
1521 2078 1536 2103 ,
1591 2041 1664 2094 οὐ

83 2131 221 2200 μετὰ
254 2130 494 2201 δώρων,
527 2128 657 2186 εἷπε
708 2133 923 2200 Κύριος
961 2132 1202 2189 Σαϐαὼθ
1224 2151 1239 2165 ⁸
1280 2129 1398 2187 εἶτα
1429 2134 1615 2188 λοιπόν
1645 2152 1661 2166 ·

92 2223 452 2278 ἐκοπίασεν
476 2223 796 2292 Αἴγυπτος,
838 2223 936 2276 καὶ
961 2226 1019 2277 αι
1047 2224 1320 2292 ἐμπορίαι
1349 2224 1662 2286 Αἰθιόπων,

84 2315 267 2369 καὶτὰ
302 2317 477 2386 ὲξῆς’
519 2314 606 2367 ὅτι
659 2313 732 2367 ἐν
772 2314 870 2367 σοὶ
920 2317 1064 2379 ϐεός
1093 2316 1283 2368 ἐστιν.
1340 2316 1427 2367 Ἐν
1471 2314 1575 2367 τίνι
1609 2315 1664 2367 δὲ

81 2408 318 2478 φαίημεν
360 2406 483 2460 ἁλλ’
508 2406 541 2477 ἢ
570 2408 628 2458 ὲν
650 2405 729 2476 τῷ
758 2404 996 2477 πατρῴῳ
1033 2407 1220 2477 Λόγῳ;
1252 2406 1354 2460 Καὶ
1391 2405 1501 2476 γὰρ
1536 2405 1665 2475 ἀλη-

82 2498 182 2562 θῶς
204 2498 344 2559 Θεὸς
369 2497 548 2566 Λόγος
574 2498 602 2549 ό
646 2496 768 2560 Υἱὸς
793 2535 808 2559 ,
843 2497 937 2549 καὶ
972 2499 1028 2549 ἐν
1051 2496 1199 2566 αὐτῷ
1230 2500 1258 2551 ὁ
1282 2497 1471 2568 Πατὴρ
1504 2496 1666 2565 γινώ-

82 2605 295 2653 σκεται,
336 2588 419 2652 ὡς
471 2587 664 2657 λέγει’
709 2586 773 2640 ’0
829 2587 1101 2656 ἑωρακὼς
1152 2588 1258 2657 ἐμὲ
1297 2588 1518 2657 ἑώρακε
1561 2588 1670 2643 τὸν

84 2679 307 2749 Πατέρα
339 2696 351 2708 ·
395 2678 532 2740 καὶ,
586 2678 728 2748 Ἐγὼ
775 2679 1041 2744 ἐδόξασά
1091 2696 1206 2733 σου
1244 2679 1309 2733 τὸ
1349 2680 1533 2750 ὄνομα
1569 2682 1667 2736 ἐπὶ

82 2763 184 2838 τῆς
218 2770 336 2841 γῆς
361 2788 375 2803 ·
416 2766 542 2825 εἶτα
581 2770 775 2837 πάλιν,
809 2773 892 2824 ὅτι
935 2771 1081 2842 Ἐγὼ
1134 2768 1340 2841 ἤγειρα
1380 2770 1666 2836 βασιλέα.

81 2863 187 2931 Οὐχ
235 2864 408 2935 ὁρᾷς,
464 2862 546 2914 ὅτι
599 2863 747 2933 φωνή
784 2862 898 2914 ἐστι
946 2861 1159 2933 Πατρὸς
1198 2863 1231 2930 ἡ
1289 2859 1668 2932 ίδιάζουσα,ἡ

80 2955 367 3025 ἐγείρουσα
396 2952 654 3023 ἐξαυτῆς
684 2953 775 3005 τὸν
820 2951 1070 3022 ἀληθινὸν
1101 2951 1269 3016 Λόγον
1323 2951 1547 3023 βασιλέα
1576 2950 1671 3004 ἐπὶ

1766 1756 1877 1825 cepi
1902 1770 1921 1817 ;
1954 1772 2049 1825 ego
2076 1755 2335 1809 suscitari
2364 1771 2481 1807 cum
2512 1755 2721 1819 iustitia
2747 1772 2939 1826 regem,
2968 1767 3019 1812 et
3048 1774 3226 1815 omnes
3259 1763 3357 1817 tiu?

1764 1846 1878 1914 ejus
1922 1844 2090 1916 ᾆδε
2138 1852 2312 1898 rectm.
2350 1842 2462 1898 Iste
2521 1844 2806 1915 wdiﬁcabit
2847 1847 3110 1903 civitatem
3148 1867 3351 1914 meam,
3430 1872 3443 1877 ι

1764 1945 1816 1990 et
1871 1937 2228 2005 captivitatem
2284 1946 2571 1998 convertet.
2640 1953 2742 1992 non
2812 1954 2930 1991 cum
2982 1942 3181 2008 pretio,
3253 1961 3355 1997 non

1765 2041 1883 2079 cum
1935 2026 2259 2091 muneribus,
2290 2026 2364 2080 ait
2416 2024 2676 2081 Dominus
2721 2030 3098 2083 exercituum“.
3153 2029 3357 2087 Deinde

1769 2116 1957 2171 subdit
1983 2135 1995 2170 :
2022 2115 2313 2171 Laboravit
2343 2115 2632 2188 Egyptus,
2654 2127 2704 2171 et
2734 2121 3113 2189 negotiationes
3142 2120 3358 2176 Ethio-

1766 2224 1925 2277 pum,
1981 2215 2035 2261 et
2088 2215 2320 2269 caetera,
2367 2202 2613 2279 quoniam
2654 2211 2707 2262 in
2747 2219 2795 2263 te
2832 2209 2974 2264 Deus
3018 2220 3117 2265 est.
3155 2212 3214 2266 In
3246 2231 3356 2283 qtm

1768 2312 1897 2352 vero
1944 2298 2084 2359 alio.
2134 2314 2298 2368 quam
2331 2300 2384 2353 in
2440 2308 2669 2367 paterno
2720 2298 2896 2355 Verbo
2950 2300 3118 2357 Deum
3175 2303 3357 2358 inesse

1768 2390 2054 2445 dicemus?
2103 2388 2242 2445 Vere
2293 2390 2497 2465 quippe
2558 2389 2699 2445 Deus
2742 2391 2977 2446 Verbum
3026 2391 3198 2449 Filius
3234 2405 3350 2459 est;

1768 2480 1823 2533 in
1858 2494 2032 2550 eoque
2086 2482 2441 2548 cognoscitur
2490 2479 2678 2543 Pater,
2736 2480 3195 2550 quemadmodum
3235 2485 3352 2557 ipse

1772 2578 2003 2626 testatur
2031 2589 2044 2625 :
2070 2570 2175 2637 Qui
2201 2570 2327 2625 cidit
2355 2587 2452 2634 me,
2474 2572 2601 2625 vidit
2628 2581 2678 2626 et
2702 2570 2918 2627 Patrem
2942 2575 2996 2640 ⁶;
3022 2574 3152 2629 item
3186 2594 3200 2630 :
3237 2575 3350 2646 Ego

1769 2665 2067 2735 gioriﬁcavi
2125 2680 2312 2719 nomen
2364 2672 2510 2719 tuum
2562 2666 2616 2719 in
2663 2665 2903 2731 terra’;
2934 2667 3131 2724 deinde
3175 2688 3188 2724 :
3237 2668 3353 2742 Ego

1772 2756 2023 2811 suscitari
2086 2770 2274 2825 regem.
2325 2756 2385 2809 In
2434 2772 2543 2825 quo
2609 2771 2790 2812 nonne
2844 2758 3122 2829 propriam
3168 2759 3353 2817 Patris

1769 2853 1956 2894 vocem
1976 2843 2248 2912 agnoscis,
2267 2860 2390 2913 qua:
2402 2861 2589 2900 verum
2604 2861 2668 2899 ex
2687 2861 2807 2900 sese
2822 2844 3060 2901 Verbum
3083 2849 3354 2913 excitans,

1772 2929 1967 3001 Regem
1998 2936 2244 2990 omnium
2277 2937 2577 3003 constituit,
2606 2951 2730 2993 eum
2777 2938 3009 3005 scilicet,
3034 2954 3198 3008 quem
3222 2956 3350 2995 vere

82 3046 281 3110 πάντας
301 3088 316 3110 ,
340 3045 439 3099 τὸν
486 3044 546 3111 ἐξ
575 3043 740 3098 αὐτοῦ
772 3042 1042 3114 ἀληθινῶς
1065 3043 1390 3113 γεννηθέντα
1418 3043 1669 3114 ἀνάρχως

1774 3040 1833 3079 ex
1882 3040 1970 3092 se,
2025 3028 2143 3082 sine
2180 3030 2290 3084 ullo
2331 3029 2490 3085 initio
2539 3046 2605 3085 ac
2647 3040 2925 3102 tempore,
2974 3034 3203 3107 genuit?
3246 3034 3351 3100 Qui

81 3140 167 3190 καὶ
200 3138 450 3210 ἀχρόνως
477 3154 491 3203 ;
536 3139 630 3200 ὐς
654 3136 747 3189 καὶ
780 3137 968 3207 ἤγειρε
1009 3135 1167 3189 πάλιν
1200 3134 1360 3188 αὑτὸν
1392 3135 1482 3188 τὸν
1517 3133 1670 3201 βασι-

79 3226 211 3289 λέα,
242 3227 317 3290 ὡς
345 3227 502 3296 λέγει
554 3223 607 3278 ό’
626 3225 780 3293 ἅγιος
825 3224 1141 3288 ’Λπόστολος
1169 3263 1183 3286 ,
1214 3225 1436 3292 φάσκων
1455 3240 1468 3253 ·
1498 3224 1569 3276 Et
1602 3221 1670 3275 δὲ

82 3315 145 3370 τὸ
191 3317 442 3386 Πνεῦμα
477 3314 585 3369 τοῦ
627 3315 968 3384 ἐγείραντος
1009 3313 1267 3381 Χριστόν
1318 3314 1386 3367 ἐκ
1440 3313 1672 3381 νεκρῶν

79 3409 228 3463 οἰκεῖ
276 3411 349 3463 ἐν
413 3390 564 3479 ὑμῖν
588 3447 602 3470 ,
660 3410 691 3460 ὁ
743 3405 975 3475 ἐγείρας
1022 3403 1280 3474 Χριστὸν
1322 3405 1391 3457 ἐκ
1443 3402 1672 3469 νεκρῶν

80 3497 432 3568 ζωοποιήσει
472 3498 575 3553 καὶ
614 3497 687 3552 τὰ
716 3497 905 3565 θνητὰ
938 3496 1181 3566 σώματα
1224 3494 1523 3565 ὐμῶν-διὰ
1563 3492 1671 3547 τοῦ

78 3591 479 3657 ἐνοικοῦντος.
528 3591 872 3659 Πνεύματος
927 3587 1112 3643 αὐτοῦ
1169 3588 1239 3641 ἐν
1293 3585 1436 3656 ὑμῖν
1461 3601 1474 3613 ·
1523 3586 1671 3647 ὅπως

82 3684 281 3757 συνάδῃ
330 3683 408 3741 τὰ
446 3682 766 3757 προφητικὰ
814 3683 923 3744 τοῖς
980 3679 1358 3741 ἀποστολικοῖς
1384 3719 1399 3742 ,
1455 3677 1551 3732 καὶ
1602 3676 1670 3729 τὰ

77 3775 419 3830 ἀποστολικὰ
458 3777 575 3837 τοῖς
612 3774 986 3842 εὐαγγελικοῖς
1010 3815 1024 3837 ,
1079 3772 1172 3825 καὶ
1220 3770 1291 3823 τὰ
1340 3768 1673 3838 εὐαγγελικὰ

80 3870 188 3931 τοῖς
239 3868 671 3931 ἀποστολικοὶς,
737 3867 830 3919 καὶ
873 3865 942 3917 τὸ.
999 3861 1333 3917 ἀποστολικὰ
1378 3865 1490 3925 τοῖς
1537 3878 1671 3933 προ-

78 3944 353 4030 φητικοῖςξ

150 4048 312 4106 Εἶτα·
348 4053 595 4121 Ἦτειρα
616 4047 901 4114 βασιλέα.
937 4047 1047 4102 Καὶ
1084 4042 1184 4100 ὧδε
1218 4046 1248 4099 ό
1279 4044 1506 4116 ἐγείρων
1534 4045 1671 4116 Χρι-

80 4143 204 4197 στὸν
235 4144 305 4197 ὲκ
337 4141 582 4216 νεκρῶν.
636 4141 694 4193 ’0
725 4140 782 4194 δὲ
812 4142 855 4205 ²,
898 4141 997 4192 Ἐν
1043 4138 1143 4193 σοὶ
1177 4136 1321 4202 Θεός
1353 4136 1525 4190 ἐστιν
1546 4174 1562 4200 ,
1596 4135 1674 4199 ὡς

82 4234 489 4306 μυστηριωδῶς
527 4232 598 4287 τὰ
624 4233 800 4288 πάντα
848 4231 942 4285 xa‘t
988 4229 1304 4302 θαυμασίως
1336 4229 1603 4300 διηγεῖται
1638 4230 1672 4299 ἡ

79 4324 198 4379 θεία
220 4325 422 4397 Γραφή
447 4326 460 4377 ι
495 4323 706 4394 Ὥσπερ
735 4324 842 4393 γὰρ
869 4323 927 4375 ὲν
956 4321 1067 4392 ναῷ
1098 4321 1263 4393 σαρκὶ
1288 4320 1308 4351 ³
1335 4321 1669 4391 προεωρᾶτο,

1766 3115 1986 3183 quidem
2019 3118 2268 3170 eumdem
2300 3135 2492 3173 rursus
2509 3117 2711 3186 Regem
2739 3122 3015 3184 excitavit,
3046 3131 3102 3176 ut
3129 3112 3355 3178 sanctus

1768 3205 2066 3276 Apostolus
2080 3203 2171 3260 his
2188 3204 2373 3261 verbis
2393 3203 2665 3275 expressit
2684 3223 2696 3259 :
2722 3204 2877 3271 Quod
2892 3207 2939 3260 si
2952 3205 3185 3276 Spiritus
3213 3211 3351 3278 ejus,

1769 3297 1860 3366 qui
1895 3296 2170 3350 suscitavit
2191 3294 2462 3350 Christum
2488 3313 2520 3349 a
2551 3298 2795 3361 mortuis,
2836 3296 3052 3365 habitat
3087 3300 3141 3353 in
3166 3301 3309 3354 vobis
3335 3318 3353 3364 ;

1770 3389 1860 3458 qui
1890 3388 2163 3442 suscitavit
2193 3387 2463 3443 Christum
2488 3405 2520 3442 a
2549 3389 2796 3450 mortuis.
2820 3390 3103 3458 vivi/icabit
3127 3401 3179 3446 et
3212 3410 3354 3447 mor-

1772 3479 1907 3533 talia
1963 3494 2185 3549 corpora
2254 3488 2427 3534 uestra
2482 3496 2574 3549 per
2631 3480 3013 3536 inhabitantem
3094 3481 3353 3553 Spiritum

1770 3580 1924 3618 suum
1964 3566 2020 3618 in
2069 3566 2211 3620 vobis
2241 3566 2297 3632 ⁸,
2332 3577 2389 3621 ut
2430 3576 2484 3621 ct
2534 3569 2925 3639 prOpbetarum
2968 3574 3191 3628 oracula
3226 3591 3349 3630 cum

1774 3657 2122 3726 apostolicis,
2157 3666 2212 3710 et
2240 3659 2539 3729 apostolica
2561 3674 2686 3714 cum
2713 3663 3065 3732 evangeliris,
3103 3673 3157 3721 ct
3178 3650 3351 3723 evan-

1778 3748 1953 3816 gelica
1991 3763 2116 3802 cum
2174 3750 2534 3819 apostolicis,
2592 3753 2893 3823 apostolica
2957 3755 3194 3827 denique
3227 3776 3351 3815 cum

1774 3839 2112 3908 propheticis
2141 3842 2510 3896 consentiant.

1845 4035 2105 4106 Sequitur
2133 4056 2146 4092 :
2173 4034 2461 4093 Suscitanit
2511 4036 2697 4111 regem.
2721 4039 2786 4095 Et
2805 4041 2892 4096 hic
2912 4041 3223 4098 declaratur
3241 4045 3350 4107 ille,

1773 4128 1867 4199 qui
1900 4129 2180 4186 Christum
2224 4145 2253 4184 a
2308 4133 2540 4187 mortuis
2572 4134 2851 4189 excitavit.
2897 4134 2967 4189 At
3008 4151 3133 4190 cum
3184 4138 3349 4200 dicit,

1773 4221 1842 4276 In
1872 4232 1920 4276 te
1951 4221 2094 4277 Deus
2136 4212 2214 4279 est
2240 4262 2256 4286 ,
2297 4232 2507 4294 quanto
2555 4241 2679 4280 cum
2733 4228 3029 4297 mysterio,
3081 4244 3354 4301 quamque

1774 4313 2170 4370 admirabiliter
2195 4315 2378 4370 omnia
2411 4314 2694 4385 Scriptura
2746 4333 2900 4373 sacra
2929 4322 3216 4390 proponit!
3254 4321 3351 4376 Et-

79 4417 171 4469 καὶ
208 4414 736 4489 προκατηγγελλετο
762 4416 827 4484 τῇ
859 4412 969 4465 τῶν
1012 4410 1313 4484 ἀνθρώπων
1347 4410 1550 4475 ἐλπίδι,
1583 4409 1669 4463 διὰ

1774 4408 1918 4463 enim
1945 4406 2000 4461 in
2042 4423 2239 4471 carne,
2271 4407 2416 4462 velut
2446 4409 2498 4463 in
2520 4410 2742 4480 .tcmplo
2784 4413 3017 4480 quodam
3040 4456 3053 4476 ,
3087 4416 3350 4485 praevide-
3403 4403 3412 4413 ’

75 4507 175 4579 τῆς
221 4508 363 4580 πρὸς
418 4506 518 4559 τὸν
565 4505 695 4559 Θεὸν
744 4504 1075 4575 ἐπιστροφῆς
1122 4504 1156 4574 ἡ
1205 4502 1412 4572 θεότης.
1455 4503 1514 4555 ’0
1561 4503 1671 4572 γὰρ

77 4598 206 4663 Υἱὸς
251 4598 354 4652 τοῦ
400 4597 545 4650 Θεοῦ
579 4596 711 4659 θεὸς
749 4596 954 4664 Λόγος,
996 4594 1071 4660 ὡς
1120 4595 1177 4647 ἐν
1216 4594 1367 4649 πόλει
1399 4593 1530 4666 ἁγίᾳ
1580 4594 1673 4647 καὶ

76 4688 134 4741 ἐν
184 4688 302 4760 ναῷ
338 4687 493 4758 ἁγίῳ
516 4726 530 4750 ,
564 4685 843 4739 τουτέστιν
881 4686 939 4738 ὲν
979 4687 1045 4756 τῇ
1092 4684 1223 4755 ἁγίᾳ
1267 4684 1673 4756 ἐνανθρωπήσει

74 4780 170 4834 καὶ
211 4780 487 4851 ὲνσάρκῳ
519 4776 819 4849 παρουσίᾳ,
854 4774 985 4839 Θεὸς
1029 4776 1104 4829 ὣν
1124 4813 1139 4838 ,
1173 4773 1441 4828 κατοικῶν
1471 4775 1529 4828 ὲν
1560 4772 1673 4844 ναῷ

72 4867 216 4939 ἁγίῳ
269 4867 462 4935 λέγει·
522 4866 759 4921 Λύσατε
804 4865 911 4918 τὸν
953 4864 1104 4918 ναόν
1152 4864 1369 4919 τοῦτον
1393 4906 1407 4928 ,
1450 4866 1548 4919 καὶ
1604 4865 1675 4918 ἐν

71 4959 279 5025 τρισὶν
334 4954 598 5028 ἡμέραις
633 4954 815 5025 ἐγερῶ
851 4956 1056 5009 αὐτόν.
1102 4954 1248 5009 Διότι
1290 4956 1565 5027 μυστικῶς
1604 4956 1674 5010 τὰ

71 5050 256 5104 πάντα
302 5049 599 5119 οἰκονομεῖ
639 5047 771 5111 Θεὸς
802 5046 971 5115 Λόγος
1012 5045 1334 5110 ἀποσταλεὶς
1361 5047 1469 5100 ἀπὸ
1503 5047 1675 5100 Ilvati-

74 5157 248 5208 ματος
278 5143 342 5196 ὲν
366 5139 566 5209 σαρκὶ,
595 5138 690 5192 καὶ
712 5137 1006 5207 σύνδεσμον
1033 5136 1253 5208 ἀγάπης
1277 5136 1493 5201 δεικνὺς
1519 5137 1676 5205 ἐφέλ-

69 5246 251 5295 κεται,
287 5232 393 5286 καὶ
429 5229 738 5300 σμικρύνας
765 5230 958 5283 ἑαυτὸν
993 5229 1164 5299 μέγας
1198 5227 1275 5282 ὢν
1306 5229 1438 5293 Θεὸς
1460 5269 1475 5294 ,
1511 5229 1678 5294 αὐτὸς

69 5321 98 5373 ό
130 5322 345 5397 Λόγος,
382 5323 455 5375 ὲκ
493 5319 770 5389 Παρθένου
802 5319 892 5372 διὰ
940 5318 1256 5389 Πνεύματος
1283 5318 1442 5389 ἁγίου
1481 5337 1675 5391 γεννη-

71 5412 195 5477 θεὶς
222 5411 363 5476 Υἱὸς
399 5409 569 5473 Θεοῦ,
601 5406 680 5474 εἷς
718 5409 828 5474 ὢν,
865 5410 1055 5464 ἑαυτὸν
1085 5411 1247 5481 σαρκὶ
1278 5412 1371 5465 καὶ
1406 5410 1671 5482 πνεύματι

143 5570 161 5603 ⁸
196 5568 262 5625 F.
297 5567 451 5639 φασί
472 5606 491 5630 ,
527 5566 611 5621 vel
661 5567 976 5639 tpdaitoust._
1050 5569 1069 5598 ’
1096 5565 1154 5618 F.
1198 5568 1257 5619 τὸ
1281 5567 1358 5623 δέ.

70 5652 183 5708 xw,
217 5640 277 5695 9.
311 5635 324 5639 ’
363 5639 385 5670 ⁷
422 5635 588 5690 Joan.
626 5653 723 5699 \‘ll,
758 5636 812 5690 4.

1462 5569 1482 5599 ⁸
1605 5571 1662 5622 ἐν
1693 5572 1871 5642 σαρκί.
1967 5576 1987 5605 ⁵
2015 5575 2033 5628 1
2062 5572 2278 5640 TimJ,
2312 5577 2363 5631 7.

888 5636 908 5667 ⁸
942 5633 1098 5689 Rom.
1131 5652 1246 5701 vui,
1285 5640 1368 5690 Η.
1446 5640 1466 5670 ’
1505 5638 1661 5692 Joan.
1698 5633 1776 5701 ιι.’
1809 5646 1887 5697 19.

1777 4496 1968 4562 batur,
2019 4506 2183 4567 atque
2224 4497 2505 4553 hominum
2552 4501 2665 4569 spei
2702 4516 2799 4571 per
2830 4505 3240 4560 conversionem
3281 4508 3350 4560 ad

1775 4588 1945 4644 Deum
1983 4590 2372 4646 ostendebatur
2404 4591 2683 4648 divinitas.
2721 4593 2999 4665 Siquidem
3029 4595 3120 4651 Dei
3152 4596 3347 4661 Filius,

1776 4695 1839 4735 ac
1888 4679 2032 4736 Deus
2082 4682 2199 4751 ipse
2250 4680 2524 4745 Verbum,
2572 4688 2729 4754 quasi
2784 4686 2836 4739 in
2888 4698 3072 4743 sancta
3117 4690 3352 4760 quadam

1778 4774 1911 4828 urbe
1965 4774 2327 4847 religiosoque
2378 4778 2609 4846 templo.
2655 4778 2911 4834 nimirum
2964 4782 3017 4835 in
3075 4792 3355 4856 assumpta

1776 4866 2016 4921 hominis
2057 4876 2251 4922 natura
2287 4877 2342 4923 et
2379 4869 2759 4925 incarnatione
2806 4870 2951 4927 Deus
2984 4875 3278 4937 assistens,
3302 4875 3354 4929 in

1777 4959 2150 5022 sanctissimo,
2182 4959 2427 5030 inquam,
2463 4962 2664 5032 templo
2697 4960 2953 5018 habitans
2976 4963 3046 5016 ita
3076 4964 3353 5034 loquitur:

1779 5047 2007 5103 Soluite~
2034 5050 2284 5121 templum
2312 5052 2456 5119 ‘Itoc,
2488 5063 2539 5109 et
2579 5054 2636 5107 in
2674 5052 2845 5108 tribus
2889 5053 3071 5109 diebus
3112 5056 3356 5112 excitabo

1778 5137 1916 5193 illud
1944 5140 1986 5193 ’.
2010 5138 2291 5206 Quoniam
2324 5156 2423 5211 per
2449 5144 2769 5215 mysterium
2796 5144 3143 5201 administrat
3171 5147 3355 5202 omnia

1779 5248 1902 5287 cum
1935 5248 2103 5289 carne
2140 5234 2346 5291 missus
2378 5250 2407 5288 a
2453 5235 2657 5307 Spiritu
2688 5235 2830 5294 Deus
2871 5235 3140 5299 Verbum.
3191 5249 3358 5313 atque

1779 5326 2149 5383 arctissimum
2211 5325 2498 5383 charitatis
2552 5344 2750 5384 nexum
2792 5332 3089 5387 ostendens
3143 5332 3352 5398 allicit,

1790 5431 1914 5470 cum
1955 5432 2015 5472 se
2048 5417 2350 5487 praesertim
2402 5421 2716 5476 estenuavit
2746 5437 2974 5495 magnus
3024 5423 3141 5495 ipse
3188 5424 3357 5491 Deus,

2461 5578 2481 5609 ³
2512 5577 2613 5634 lsa.
2650 5595 2773 5645 XL“,
2811 5581 2867 5635 il
2911 5596 3037 5652 sqq.
3133 5584 3151 5614 ⁸
3190 5581 3356 5635 Joan.
