  <div class='ocr_page' id='page_1' title='image "/cluster/home/n/w/nwhite01/storage/ocr_20150623/41/hvd.32044073501868/525.png"; bbox 0 0 3948 6068; ppageno 0'>
   <div class='ocr_carea' id='block_1_1' title="bbox 3876 57 3895 221">
    <p class='ocr_par' dir='ltr' id='par_1_1' title="bbox 3876 57 3895 221">
     <span class='ocr_line' id='line_1_1' title="bbox 3876 57 3895 221; baseline 0 0"><span class='ocrx_word' id='word_1_1' title='bbox 3876 57 3895 221; x_wconf 79' lang='lat' dir='ltr'><strong>l</strong></span> 
     </span>
    </p>
   </div>
   <div class='ocr_carea' id='block_1_2' title="bbox 583 239 2114 343">
    <p class='ocr_par' dir='ltr' id='par_1_2' title="bbox 583 239 2114 311">
     <span class='ocr_line' id='line_1_2' title="bbox 583 239 2114 311; baseline 0.007 -16"><span class='ocrx_word' id='word_1_2' title='bbox 583 239 717 311; x_wconf 65' lang='lat' dir='ltr'><strong>reor</strong></span> <span class='ocrx_word' id='word_1_3' title='bbox 1964 244 2042 305; x_wconf 83' lang='lat' dir='ltr'><strong>‘s.</strong></span> <span class='ocrx_word' id='word_1_4' title='bbox 2092 252 2114 305; x_wconf 80' lang='grc' dir='ltr'><strong>ι</strong></span> 
     </span>
    </p>
   </div>
   <div class='ocr_carea' id='block_1_3' title="bbox 2215 239 3895 343">
    <p class='ocr_par' dir='ltr' id='par_1_3' title="bbox 2215 240 3895 343">
     <span class='ocr_line' id='line_1_3' title="bbox 2215 240 3895 343; baseline -0.005 -35"><span class='ocrx_word' id='word_1_5' title='bbox 2215 253 2434 313; x_wconf 73' lang='grc' dir='ltr'><strong>ρηΑΝιι</strong></span> <span class='ocrx_word' id='word_1_6' title='bbox 3266 295 3272 301; x_wconf 91' lang='grc'><strong>.</strong></span> <span class='ocrx_word' id='word_1_7' title='bbox 3671 270 3797 332; x_wconf 58' lang='lat' dir='ltr'><strong>Hm</strong></span> <span class='ocrx_word' id='word_1_8' title='bbox 3888 240 3895 343; x_wconf 51' lang='grc' dir='ltr'>ξ</span> 
     </span>
    </p>
   </div>
   <div class='ocr_carea' id='block_1_4' title="bbox 580 354 2114 453">
    <p class='ocr_par' dir='ltr' id='par_1_4' title="bbox 580 354 2114 433">
     <span class='ocr_line' id='line_1_4' title="bbox 580 354 2114 433; baseline 0.007 -24"><span class='ocrx_word' id='word_1_9' title='bbox 580 354 926 428; x_wconf 82' lang='lat' dir='ltr'><strong>Verbumque</strong></span> <span class='ocrx_word' id='word_1_10' title='bbox 957 359 1029 414; x_wconf 82' lang='lat' dir='ltr'><strong>de</strong></span> <span class='ocrx_word' id='word_1_11' title='bbox 1082 357 1297 431; x_wconf 75' lang='lat' dir='ltr'><strong>Virgine</strong></span> <span class='ocrx_word' id='word_1_12' title='bbox 1340 360 1647 419; x_wconf 75' lang='lat' dir='ltr'><strong>interventu</strong></span> <span class='ocrx_word' id='word_1_13' title='bbox 1680 362 1917 433; x_wconf 75' lang='lat' dir='ltr'><strong>Spiritus</strong></span> <span class='ocrx_word' id='word_1_14' title='bbox 1963 374 2114 422; x_wconf 86' lang='lat' dir='ltr'><strong>sanet</strong></span> 
     </span>
    </p>
   </div>
   <div class='ocr_carea' id='block_1_5' title="bbox 2215 354 3793 453">
    <p class='ocr_par' dir='ltr' id='par_1_5' title="bbox 2241 372 3793 453">
     <span class='ocr_line' id='line_1_5' title="bbox 2241 372 3793 453; baseline 0.012 -27"><span class='ocrx_word' id='word_1_15' title='bbox 2241 372 2338 427; x_wconf 72' lang='grc' dir='ltr'>ἕνα</span> <span class='ocrx_word' id='word_1_16' title='bbox 2360 374 2613 440; x_wconf 78' lang='grc' dir='ltr'><strong>τελέσας,</strong></span> <span class='ocrx_word' id='word_1_17' title='bbox 2645 379 2719 442; x_wconf 83' lang='grc' dir='ltr'><strong>ὡς</strong></span> <span class='ocrx_word' id='word_1_18' title='bbox 2748 378 2922 448; x_wconf 80' lang='grc' dir='ltr'><strong>λέγει·</strong></span> <span class='ocrx_word' id='word_1_19' title='bbox 2968 378 3021 432; x_wconf 83' lang='grc' dir='ltr'>Ὀ</span> <span class='ocrx_word' id='word_1_20' title='bbox 3052 382 3312 449; x_wconf 73' lang='grc' dir='ltr'>καταϐὰς</span> <span class='ocrx_word' id='word_1_21' title='bbox 3339 387 3522 453; x_wconf 79' lang='grc' dir='ltr'>αὐτός</span> <span class='ocrx_word' id='word_1_22' title='bbox 3551 387 3675 443; x_wconf 81' lang='grc' dir='ltr'><strong>ἐστι</strong></span> <span class='ocrx_word' id='word_1_23' title='bbox 3704 396 3793 447; x_wconf 74' lang='grc' dir='ltr'><strong>καὶ</strong></span> 
     </span>
    </p>
   </div>
   <div class='ocr_carea' id='block_1_6' title="bbox 574 447 2114 548">
    <p class='ocr_par' dir='ltr' id='par_1_6' title="bbox 574 447 2114 522">
     <span class='ocr_line' id='line_1_6' title="bbox 574 447 2114 522; baseline 0.007 -22"><span class='ocrx_word' id='word_1_24' title='bbox 574 448 789 516; x_wconf 75' lang='lat' dir='ltr'><strong>genitus</strong></span> <span class='ocrx_word' id='word_1_25' title='bbox 820 448 912 503; x_wconf 88' lang='lat' dir='ltr'><strong>Dei</strong></span> <span class='ocrx_word' id='word_1_26' title='bbox 944 447 1145 512; x_wconf 89' lang='lat' dir='ltr'><strong>Filius,</strong></span> <span class='ocrx_word' id='word_1_27' title='bbox 1198 452 1295 519; x_wconf 89' lang='lat' dir='ltr'><strong>qui</strong></span> <span class='ocrx_word' id='word_1_28' title='bbox 1338 466 1479 505; x_wconf 90' lang='lat' dir='ltr'><strong>unus</strong></span> <span class='ocrx_word' id='word_1_29' title='bbox 1508 462 1671 522; x_wconf 89' lang='lat' dir='ltr'><strong>atque</strong></span> <span class='ocrx_word' id='word_1_30' title='bbox 1698 454 1842 508; x_wconf 86' lang='lat' dir='ltr'><strong>idem</strong></span> <span class='ocrx_word' id='word_1_31' title='bbox 1876 470 1998 517; x_wconf 86' lang='lat' dir='ltr'><strong>sese</strong></span> <span class='ocrx_word' id='word_1_32' title='bbox 2028 472 2114 511; x_wconf 86' lang='lat' dir='ltr'><strong>car</strong></span> 
     </span>
    </p>
   </div>
   <div class='ocr_carea' id='block_1_7' title="bbox 2215 447 3797 548">
    <p class='ocr_par' dir='ltr' id='par_1_7' title="bbox 2251 447 3797 548">
     <span class='ocr_line' id='line_1_7' title="bbox 2251 447 3797 548; baseline 0.014 -32"><span class='ocrx_word' id='word_1_33' title='bbox 2251 466 2286 517; x_wconf 86' lang='grc' dir='ltr'><strong>ό</strong></span> <span class='ocrx_word' id='word_1_34' title='bbox 2332 465 2558 531; x_wconf 81' lang='grc' dir='ltr'><em>ἀναϐὰς</em></span> <span class='ocrx_word' id='word_1_35' title='bbox 2581 506 2595 533; x_wconf 89' lang='grc'><strong>,</strong></span> <span class='ocrx_word' id='word_1_36' title='bbox 2635 472 2668 522; x_wconf 82' lang='grc' dir='ltr'><strong>ό</strong></span> <span class='ocrx_word' id='word_1_37' title='bbox 2714 470 2846 537; x_wconf 76' lang='grc' dir='ltr'><strong>Υἱὸς</strong></span> <span class='ocrx_word' id='word_1_38' title='bbox 2897 470 3005 525; x_wconf 84' lang='grc' dir='ltr'><strong>τοῦ</strong></span> <span class='ocrx_word' id='word_1_39' title='bbox 3050 447 3359 541; x_wconf 75' lang='grc' dir='ltr'>ἀνθρώπου</span> <span class='ocrx_word' id='word_1_40' title='bbox 3387 517 3400 542; x_wconf 92' lang='grc'><strong>,</strong></span> <span class='ocrx_word' id='word_1_41' title='bbox 3441 481 3475 532; x_wconf 82' lang='grc' dir='ltr'><em>ὀ</em></span> <span class='ocrx_word' id='word_1_42' title='bbox 3498 447 3598 533; x_wconf 30' lang='grc' dir='ltr'><strong>γῶν</strong></span> <span class='ocrx_word' id='word_1_43' title='bbox 3627 482 3690 535; x_wconf 84' lang='grc' dir='ltr'><strong>ἐν</strong></span> <span class='ocrx_word' id='word_1_44' title='bbox 3723 483 3797 548; x_wconf 76' lang='grc' dir='ltr'><strong>τῷ</strong></span> 
     </span>
    </p>
   </div>
   <div class='ocr_carea' id='block_1_8' title="bbox 574 538 3897 621">
    <p class='ocr_par' dir='ltr' id='par_1_8' title="bbox 574 538 3897 621">
     <span class='ocr_line' id='line_1_8' title="bbox 574 538 3897 621; baseline 0.01 -30"><span class='ocrx_word' id='word_1_45' title='bbox 574 553 641 597; x_wconf 83' lang='lat' dir='ltr'><strong>ne</strong></span> <span class='ocrx_word' id='word_1_46' title='bbox 669 538 974 608; x_wconf 74' lang='lat' dir='ltr'><strong>spirituque</strong></span> <span class='ocrx_word' id='word_1_47' title='bbox 1007 539 1252 608; x_wconf 74' lang='lat' dir='ltr'><strong>perfecit.</strong></span> <span class='ocrx_word' id='word_1_48' title='bbox 1279 542 1397 607; x_wconf 89' lang='lat' dir='ltr'><strong>Quo</strong></span> <span class='ocrx_word' id='word_1_49' title='bbox 1428 543 1558 598; x_wconf 87' lang='lat' dir='ltr'><strong>illud</strong></span> <span class='ocrx_word' id='word_1_50' title='bbox 1603 545 1841 613; x_wconf 88' lang='lat' dir='ltr'><strong>pertinet</strong></span> <span class='ocrx_word' id='word_1_51' title='bbox 1876 565 1888 599; x_wconf 89' lang='lat'>:</span> <span class='ocrx_word' id='word_1_52' title='bbox 1919 545 2025 612; x_wconf 85' lang='lat' dir='ltr'><strong>Qui</strong></span> <span class='ocrx_word' id='word_1_53' title='bbox 2060 550 2152 601; x_wconf 86' lang='lat' dir='ltr'><strong>de-</strong></span> <span class='ocrx_word' id='word_1_54' title='bbox 2249 555 2498 621; x_wconf 80' lang='grc' dir='ltr'><strong>οὐρανῷ.</strong></span> <span class='ocrx_word' id='word_1_55' title='bbox 3156 538 3169 541; x_wconf 29' lang='grc'>⁷</span> <span class='ocrx_word' id='word_1_56' title='bbox 3387 538 3396 542; x_wconf 28' lang='grc'><strong>⁷</strong></span> <span class='ocrx_word' id='word_1_57' title='bbox 3766 538 3778 548; x_wconf 34' lang='grc'><strong>1</strong></span> <span class='ocrx_word' id='word_1_58' title='bbox 3892 548 3897 575; x_wconf 62' lang='grc'>¹</span> 
     </span>
    </p>
   </div>
   <div class='ocr_carea' id='block_1_9' title="bbox 571 629 2151 706">
    <p class='ocr_par' dir='ltr' id='par_1_9' title="bbox 571 629 2151 706">
     <span class='ocr_line' id='line_1_9' title="bbox 571 629 2151 706; baseline 0.007 -26"><span class='ocrx_word' id='word_1_59' title='bbox 571 629 803 691; x_wconf 77' lang='lat' dir='ltr'><strong>scendit,</strong></span> <span class='ocrx_word' id='word_1_60' title='bbox 839 630 948 697; x_wconf 85' lang='lat' dir='ltr'><strong>ipse</strong></span> <span class='ocrx_word' id='word_1_61' title='bbox 984 639 1061 683; x_wconf 85' lang='lat' dir='ltr'><strong>est</strong></span> <span class='ocrx_word' id='word_1_62' title='bbox 1099 640 1147 684; x_wconf 85' lang='lat' dir='ltr'><strong>et</strong></span> <span class='ocrx_word' id='word_1_63' title='bbox 1168 634 1255 701; x_wconf 87' lang='lat' dir='ltr'><strong>qui</strong></span> <span class='ocrx_word' id='word_1_64' title='bbox 1290 634 1525 688; x_wconf 75' lang='lat' dir='ltr'><strong>ascendit</strong></span> <span class='ocrx_word' id='word_1_65' title='bbox 1552 634 1727 691; x_wconf 80' lang='lat' dir='ltr'><strong>Filius</strong></span> <span class='ocrx_word' id='word_1_66' title='bbox 1779 636 2037 702; x_wconf 81' lang='lat' dir='ltr'><strong>hominis,</strong></span> <span class='ocrx_word' id='word_1_67' title='bbox 2059 640 2151 706; x_wconf 87' lang='lat' dir='ltr'><strong>qui</strong></span> 
     </span>
    </p>
   </div>
   <div class='ocr_carea' id='block_1_10' title="bbox 569 720 949 774">
    <p class='ocr_par' dir='ltr' id='par_1_10' title="bbox 569 720 949 774">
     <span class='ocr_line' id='line_1_10' title="bbox 569 720 949 774; baseline -0.003 0"><span class='ocrx_word' id='word_1_68' title='bbox 569 731 645 774; x_wconf 89' lang='lat' dir='ltr'><strong>est</strong></span> <span class='ocrx_word' id='word_1_69' title='bbox 675 722 726 773; x_wconf 89' lang='lat' dir='ltr'><strong>in</strong></span> <span class='ocrx_word' id='word_1_70' title='bbox 757 721 884 774; x_wconf 79' lang='lat' dir='ltr'><strong>caelo</strong></span> <span class='ocrx_word' id='word_1_71' title='bbox 910 720 949 773; x_wconf 80' lang='grc'>¹.</span> 
     </span>
    </p>
   </div>
   <div class='ocr_carea' id='block_1_11' title="bbox 636 810 2114 905">
    <p class='ocr_par' dir='ltr' id='par_1_11' title="bbox 636 810 2113 878">
     <span class='ocr_line' id='line_1_11' title="bbox 636 810 2113 878; baseline 0.009 -18"><span class='ocrx_word' id='word_1_72' title='bbox 636 810 774 864; x_wconf 82' lang='lat' dir='ltr'><strong>Vill.</strong></span> <span class='ocrx_word' id='word_1_73' title='bbox 835 811 975 878; x_wconf 87' lang='lat' dir='ltr'><strong>Quid</strong></span> <span class='ocrx_word' id='word_1_74' title='bbox 1028 811 1091 865; x_wconf 87' lang='lat' dir='ltr'><strong>ad</strong></span> <span class='ocrx_word' id='word_1_75' title='bbox 1134 812 1247 866; x_wconf 82' lang='lat' dir='ltr'><strong>haec</strong></span> <span class='ocrx_word' id='word_1_76' title='bbox 1276 812 1482 869; x_wconf 84' lang='lat' dir='ltr'><strong>Noetus</strong></span> <span class='ocrx_word' id='word_1_77' title='bbox 1516 831 1640 869; x_wconf 91' lang='lat' dir='ltr'><strong>cum</strong></span> <span class='ocrx_word' id='word_1_78' title='bbox 1693 832 1791 872; x_wconf 88' lang='lat' dir='ltr'><strong>sua</strong></span> <span class='ocrx_word' id='word_1_79' title='bbox 1846 818 2113 873; x_wconf 87' lang='lat' dir='ltr'><strong>stoliditat</strong></span> 
     </span>
    </p>
   </div>
   <div class='ocr_carea' id='block_1_12' title="bbox 2215 810 3791 905">
    <p class='ocr_par' dir='ltr' id='par_1_12' title="bbox 2316 818 3791 905">
     <span class='ocr_line' id='line_1_12' title="bbox 2316 818 3791 905; baseline 0.008 -30"><span class='ocrx_word' id='word_1_80' title='bbox 2316 822 2396 876; x_wconf 82' lang='lat' dir='ltr'><strong>H’.</strong></span> <span class='ocrx_word' id='word_1_81' title='bbox 2430 820 2493 875; x_wconf 81' lang='lat' dir='ltr'><strong>Ti</strong></span> <span class='ocrx_word' id='word_1_82' title='bbox 2522 818 2612 876; x_wconf 81' lang='grc' dir='ltr'>οὖν</span> <span class='ocrx_word' id='word_1_83' title='bbox 2640 823 2755 893; x_wconf 79' lang='grc' dir='ltr'>ἐρεῖ</span> <span class='ocrx_word' id='word_1_84' title='bbox 2789 823 2996 893; x_wconf 83' lang='grc' dir='ltr'>Νοητὸς</span> <span class='ocrx_word' id='word_1_85' title='bbox 3026 826 3084 878; x_wconf 84' lang='grc' dir='ltr'>ὲν</span> <span class='ocrx_word' id='word_1_86' title='bbox 3115 829 3181 897; x_wconf 77' lang='grc' dir='ltr'><strong>τῇ</strong></span> <span class='ocrx_word' id='word_1_87' title='bbox 3222 827 3386 881; x_wconf 80' lang='grc' dir='ltr'>αὑτοῦ</span> <span class='ocrx_word' id='word_1_88' title='bbox 3424 830 3650 902; x_wconf 74' lang='grc' dir='ltr'>ἀνοησίᾳ</span> <span class='ocrx_word' id='word_1_89' title='bbox 3673 850 3687 897; x_wconf 89' lang='lat'><strong>;</strong></span> <span class='ocrx_word' id='word_1_90' title='bbox 3713 836 3791 905; x_wconf 76' lang='grc' dir='ltr'><strong>Μὴ</strong></span> 
     </span>
    </p>
   </div>
   <div class='ocr_carea' id='block_1_13' title="bbox 567 902 2114 988">
    <p class='ocr_par' dir='ltr' id='par_1_13' title="bbox 567 902 2114 973">
     <span class='ocr_line' id='line_1_13' title="bbox 567 902 2114 973; baseline 0.004 -19"><span class='ocrx_word' id='word_1_91' title='bbox 567 908 728 971; x_wconf 86' lang='lat' dir='ltr'><strong>atque</strong></span> <span class='ocrx_word' id='word_1_92' title='bbox 763 902 997 955; x_wconf 82' lang='lat' dir='ltr'><strong>amentia</strong></span> <span class='ocrx_word' id='word_1_93' title='bbox 1051 910 1228 970; x_wconf 82' lang='lat' dir='ltr'><strong>potest.</strong></span> <span class='ocrx_word' id='word_1_94' title='bbox 1262 904 1539 973; x_wconf 77' lang='lat' dir='ltr'><strong>objieere?</strong></span> <span class='ocrx_word' id='word_1_95' title='bbox 1568 905 1707 959; x_wconf 87' lang='lat' dir='ltr'><strong>Num</strong></span> <span class='ocrx_word' id='word_1_96' title='bbox 1744 906 1798 960; x_wconf 92' lang='lat' dir='ltr'><strong>in</strong></span> <span class='ocrx_word' id='word_1_97' title='bbox 1829 910 1969 963; x_wconf 65' lang='lat' dir='ltr'><strong>caelo</strong></span> <span class='ocrx_word' id='word_1_98' title='bbox 2012 925 2114 964; x_wconf 61' lang='lat' dir='ltr'><strong>car.</strong></span> 
     </span>
    </p>
   </div>
   <div class='ocr_carea' id='block_1_14' title="bbox 2215 902 3790 988">
    <p class='ocr_par' dir='ltr' id='par_1_14' title="bbox 2242 902 3790 988">
     <span class='ocr_line' id='line_1_14' title="bbox 2242 902 3790 988; baseline 0.012 -29"><span class='ocrx_word' id='word_1_99' title='bbox 2242 908 2301 959; x_wconf 82' lang='grc' dir='ltr'>ὲν</span> <span class='ocrx_word' id='word_1_100' title='bbox 2341 907 2419 977; x_wconf 83' lang='grc' dir='ltr'><strong>τῷ</strong></span> <span class='ocrx_word' id='word_1_101' title='bbox 2446 908 2658 979; x_wconf 78' lang='grc' dir='ltr'>οὐρανῷ</span> <span class='ocrx_word' id='word_1_102' title='bbox 2692 908 2826 978; x_wconf 78' lang='grc' dir='ltr'>σὰρξ</span> <span class='ocrx_word' id='word_1_103' title='bbox 2871 906 2974 981; x_wconf 74' lang='grc' dir='ltr'>ἦνς</span> <span class='ocrx_word' id='word_1_104' title='bbox 3018 912 3267 982; x_wconf 87' lang='grc' dir='ltr'>Δηλονότι</span> <span class='ocrx_word' id='word_1_105' title='bbox 3310 916 3410 972; x_wconf 85' lang='grc' dir='ltr'><strong>οὐκ</strong></span> <span class='ocrx_word' id='word_1_106' title='bbox 3444 913 3535 988; x_wconf 78' lang='grc' dir='ltr'>ἦν.</span> <span class='ocrx_word' id='word_1_107' title='bbox 3566 920 3685 984; x_wconf 82' lang='grc' dir='ltr'>Πῶς</span> <span class='ocrx_word' id='word_1_108' title='bbox 3712 902 3790 977; x_wconf 73' lang='grc' dir='ltr'>οὖν</span> 
     </span>
    </p>
   </div>
   <div class='ocr_carea' id='block_1_15' title="bbox 566 988 2114 1079">
    <p class='ocr_par' dir='ltr' id='par_1_15' title="bbox 566 988 2109 1067">
     <span class='ocr_line' id='line_1_15' title="bbox 566 988 2109 1067; baseline 0.008 -27"><span class='ocrx_word' id='word_1_109' title='bbox 566 997 691 1041; x_wconf 90' lang='lat' dir='ltr'><strong>ante</strong></span> <span class='ocrx_word' id='word_1_110' title='bbox 716 988 1072 1042; x_wconf 83' lang='lat' dir='ltr'><strong>versabatur?</strong></span> <span class='ocrx_word' id='word_1_111' title='bbox 1109 989 1326 1045; x_wconf 85' lang='lat' dir='ltr'><strong>Minime</strong></span> <span class='ocrx_word' id='word_1_112' title='bbox 1358 990 1620 1062; x_wconf 90' lang='lat' dir='ltr'><strong>profecto.</strong></span> <span class='ocrx_word' id='word_1_113' title='bbox 1653 992 1936 1059; x_wconf 83' lang='lat' dir='ltr'><strong>Quomodo</strong></span> <span class='ocrx_word' id='word_1_114' title='bbox 1976 998 2109 1067; x_wconf 81' lang='lat' dir='ltr'><strong>igitu</strong></span> 
     </span>
    </p>
   </div>
   <div class='ocr_carea' id='block_1_16' title="bbox 2215 988 3789 1079">
    <p class='ocr_par' dir='ltr' id='par_1_16' title="bbox 2252 988 3789 1079">
     <span class='ocr_line' id='line_1_16' title="bbox 2252 988 3789 1079; baseline 0.012 -30"><span class='ocrx_word' id='word_1_115' title='bbox 2252 997 2316 1050; x_wconf 85' lang='lat'><strong>&#39;0</strong></span> <span class='ocrx_word' id='word_1_116' title='bbox 2347 998 2607 1064; x_wconf 79' lang='grc' dir='ltr'>καταϐὰς</span> <span class='ocrx_word' id='word_1_117' title='bbox 2634 999 2704 1063; x_wconf 78' lang='grc' dir='ltr'><strong>ἐξ</strong></span> <span class='ocrx_word' id='word_1_118' title='bbox 2730 1003 3024 1068; x_wconf 86' lang='grc' dir='ltr'>οὐρανοῦ,</span> <span class='ocrx_word' id='word_1_119' title='bbox 3065 1005 3249 1071; x_wconf 84' lang='grc' dir='ltr'>αὐτός</span> <span class='ocrx_word' id='word_1_120' title='bbox 3283 1006 3455 1060; x_wconf 80' lang='grc' dir='ltr'><strong>ἐστιν</strong></span> <span class='ocrx_word' id='word_1_121' title='bbox 3482 1012 3516 1062; x_wconf 84' lang='grc' dir='ltr'><strong>ό</strong></span> <span class='ocrx_word' id='word_1_122' title='bbox 3553 988 3789 1079; x_wconf 53' lang='grc' dir='ltr'><strong>ἀναϐάς</strong></span> 
     </span>
    </p>
   </div>
   <div class='ocr_carea' id='block_1_17' title="bbox 564 1078 2114 1177">
    <p class='ocr_par' dir='ltr' id='par_1_17' title="bbox 564 1078 2114 1159">
     <span class='ocr_line' id='line_1_17' title="bbox 564 1078 2114 1159; baseline 0.008 -28"><span class='ocrx_word' id='word_1_123' title='bbox 564 1079 653 1148; x_wconf 90' lang='lat' dir='ltr'><strong>qui</strong></span> <span class='ocrx_word' id='word_1_124' title='bbox 673 1078 935 1134; x_wconf 78' lang='lat' dir='ltr'><strong>descendit</strong></span> <span class='ocrx_word' id='word_1_125' title='bbox 963 1080 1026 1133; x_wconf 89' lang='lat' dir='ltr'><strong>de</strong></span> <span class='ocrx_word' id='word_1_126' title='bbox 1048 1082 1196 1146; x_wconf 66' lang='lat' dir='ltr'><strong>caelo,</strong></span> <span class='ocrx_word' id='word_1_127' title='bbox 1221 1082 1328 1148; x_wconf 81' lang='lat' dir='ltr'><strong>ipse</strong></span> <span class='ocrx_word' id='word_1_128' title='bbox 1350 1094 1426 1138; x_wconf 85' lang='lat' dir='ltr'><strong>est</strong></span> <span class='ocrx_word' id='word_1_129' title='bbox 1448 1086 1538 1154; x_wconf 87' lang='lat' dir='ltr'><strong>qui</strong></span> <span class='ocrx_word' id='word_1_130' title='bbox 1558 1086 1791 1140; x_wconf 80' lang='lat' dir='ltr'><strong>ascendit</strong></span> <span class='ocrx_word' id='word_1_131' title='bbox 1808 1090 1833 1143; x_wconf 84' lang='lat'><strong><em>?</em></strong></span> <span class='ocrx_word' id='word_1_132' title='bbox 1850 1088 2014 1159; x_wconf 66' lang='grc'><strong>48⁵1</strong></span> <span class='ocrx_word' id='word_1_133' title='bbox 2033 1090 2114 1145; x_wconf 90' lang='lat' dir='ltr'><strong>nis</strong></span> 
     </span>
    </p>
   </div>
   <div class='ocr_carea' id='block_1_18' title="bbox 2215 1078 3903 1177">
    <p class='ocr_par' dir='ltr' id='par_1_18' title="bbox 2251 1078 3903 1177">
     <span class='ocr_line' id='line_1_18' title="bbox 2251 1078 3903 1177; baseline 0.033 -38"><span class='ocrx_word' id='word_1_134' title='bbox 2251 1087 2387 1177; x_wconf 52' lang='lat' dir='ltr'><strong>pm</strong></span> <span class='ocrx_word' id='word_1_135' title='bbox 2412 1080 2500 1142; x_wconf 78' lang='grc' dir='ltr'>ἶνα</span> <span class='ocrx_word' id='word_1_136' title='bbox 2530 1090 2619 1143; x_wconf 80' lang='grc' dir='ltr'><strong>τὸν</strong></span> <span class='ocrx_word' id='word_1_137' title='bbox 2646 1090 2972 1145; x_wconf 81' lang='grc' dir='ltr'><strong>κατελθόντα</strong></span> <span class='ocrx_word' id='word_1_138' title='bbox 3016 1094 3189 1162; x_wconf 83' lang='grc' dir='ltr'>Λόγον</span> <span class='ocrx_word' id='word_1_139' title='bbox 3219 1097 3436 1171; x_wconf 69' lang='grc' dir='ltr'><strong>σημάνῃ</strong></span> <span class='ocrx_word' id='word_1_140' title='bbox 3469 1100 3532 1153; x_wconf 62' lang='grc' dir='ltr'><strong>οὐ</strong></span> <span class='ocrx_word' id='word_1_141' title='bbox 3565 1078 3792 1157; x_wconf 44' lang='grc' dir='ltr'><strong>κάτωθεν</strong></span> 
     </span>
    </p>
   </div>
   <div class='ocr_carea' id='block_1_19' title="bbox 564 1170 2114 1260">
    <p class='ocr_par' dir='ltr' id='par_1_19' title="bbox 564 1170 2114 1251">
     <span class='ocr_line' id='line_1_19' title="bbox 564 1170 2114 1251; baseline 0.008 -28"><span class='ocrx_word' id='word_1_142' title='bbox 564 1170 696 1223; x_wconf 90' lang='lat' dir='ltr'><strong>illud</strong></span> <span class='ocrx_word' id='word_1_143' title='bbox 729 1170 1036 1251; x_wconf 65' lang='lat' dir='ltr'><strong>significare</strong></span> <span class='ocrx_word' id='word_1_144' title='bbox 1070 1173 1279 1237; x_wconf 91' lang='lat' dir='ltr'><strong>voluit,</strong></span> <span class='ocrx_word' id='word_1_145' title='bbox 1313 1173 1547 1230; x_wconf 88' lang='lat' dir='ltr'><strong>Verbum</strong></span> <span class='ocrx_word' id='word_1_146' title='bbox 1602 1178 1778 1247; x_wconf 86' lang='lat' dir='ltr'><strong>ipsum</strong></span> <span class='ocrx_word' id='word_1_147' title='bbox 1801 1218 1816 1243; x_wconf 95' lang='lat'><strong>,</strong></span> <span class='ocrx_word' id='word_1_148' title='bbox 1858 1180 2005 1251; x_wconf 75' lang='lat' dir='ltr'><strong>quod</strong></span> <span class='ocrx_word' id='word_1_149' title='bbox 2040 1182 2114 1235; x_wconf 83' lang='lat' dir='ltr'><strong>de</strong></span> 
     </span>
    </p>
   </div>
   <div class='ocr_carea' id='block_1_20' title="bbox 2215 1170 3791 1260">
    <p class='ocr_par' dir='ltr' id='par_1_20' title="bbox 2236 1170 3791 1260">
     <span class='ocr_line' id='line_1_20' title="bbox 2236 1170 3791 1260; baseline 0.007 -31"><span class='ocrx_word' id='word_1_150' title='bbox 2236 1175 2383 1241; x_wconf 79' lang='grc' dir='ltr'>ὅντα,</span> <span class='ocrx_word' id='word_1_151' title='bbox 2410 1176 2545 1232; x_wconf 81' lang='grc' dir='ltr'>ἀλλὰ</span> <span class='ocrx_word' id='word_1_152' title='bbox 2570 1178 2775 1232; x_wconf 74' lang='grc' dir='ltr'>ἄνωθεν</span> <span class='ocrx_word' id='word_1_153' title='bbox 2798 1179 3142 1235; x_wconf 81' lang='grc' dir='ltr'><strong>κατελθόντα.</strong></span> <span class='ocrx_word' id='word_1_154' title='bbox 3192 1182 3345 1236; x_wconf 78' lang='grc' dir='ltr'>Ἐπεὶ</span> <span class='ocrx_word' id='word_1_155' title='bbox 3369 1170 3428 1237; x_wconf 69' lang='grc' dir='ltr'><strong>δὲ</strong></span> <span class='ocrx_word' id='word_1_156' title='bbox 3454 1186 3791 1260; x_wconf 80' lang='grc' dir='ltr'>ὲνηνθρώπη-</span> 
     </span>
    </p>
   </div>
   <div class='ocr_carea' id='block_1_21' title="bbox 562 1260 2114 1345">
    <p class='ocr_par' dir='ltr' id='par_1_21' title="bbox 562 1260 2114 1335">
     <span class='ocr_line' id='line_1_21' title="bbox 562 1260 2114 1335; baseline 0.005 -20"><span class='ocrx_word' id='word_1_157' title='bbox 562 1260 870 1326; x_wconf 88' lang='lat' dir='ltr'><strong>scenderat,</strong></span> <span class='ocrx_word' id='word_1_158' title='bbox 921 1278 1027 1316; x_wconf 91' lang='lat' dir='ltr'><strong>non</strong></span> <span class='ocrx_word' id='word_1_159' title='bbox 1065 1279 1132 1316; x_wconf 81' lang='lat' dir='ltr'><strong>ex</strong></span> <span class='ocrx_word' id='word_1_160' title='bbox 1166 1262 1409 1318; x_wconf 86' lang='lat' dir='ltr'><strong>inferiori</strong></span> <span class='ocrx_word' id='word_1_161' title='bbox 1441 1281 1566 1322; x_wconf 90' lang='lat' dir='ltr'><strong>esse</strong></span> <span class='ocrx_word' id='word_1_162' title='bbox 1595 1268 1716 1322; x_wconf 91' lang='lat' dir='ltr'><strong>loco</strong></span> <span class='ocrx_word' id='word_1_163' title='bbox 1742 1311 1756 1335; x_wconf 95' lang='lat'><strong>,</strong></span> <span class='ocrx_word' id='word_1_164' title='bbox 1803 1269 1897 1325; x_wconf 86' lang='lat' dir='ltr'><strong>sed</strong></span> <span class='ocrx_word' id='word_1_165' title='bbox 1934 1285 1965 1325; x_wconf 92' lang='lat' dir='ltr'><strong>e</strong></span> <span class='ocrx_word' id='word_1_166' title='bbox 1997 1270 2114 1324; x_wconf 73' lang='grc' dir='ltr'>εωιι</span> 
     </span>
    </p>
   </div>
   <div class='ocr_carea' id='block_1_22' title="bbox 2215 1260 3792 1345">
    <p class='ocr_par' dir='ltr' id='par_1_22' title="bbox 2237 1267 3792 1345">
     <span class='ocr_line' id='line_1_22' title="bbox 2237 1267 3792 1345; baseline 0.008 -27"><span class='ocrx_word' id='word_1_167' title='bbox 2237 1282 2327 1318; x_wconf 90' lang='grc' dir='ltr'><strong>σεν</strong></span> <span class='ocrx_word' id='word_1_168' title='bbox 2360 1267 2416 1318; x_wconf 86' lang='grc' dir='ltr'>ὲν</span> <span class='ocrx_word' id='word_1_169' title='bbox 2443 1267 2624 1337; x_wconf 76' lang='grc' dir='ltr'>σαρκὶ,</span> <span class='ocrx_word' id='word_1_170' title='bbox 2657 1268 2757 1320; x_wconf 81' lang='grc' dir='ltr'><strong>οὐκ</strong></span> <span class='ocrx_word' id='word_1_171' title='bbox 2785 1268 2896 1321; x_wconf 80' lang='grc' dir='ltr'>ἀπὸ</span> <span class='ocrx_word' id='word_1_172' title='bbox 2927 1269 3241 1340; x_wconf 87' lang='grc' dir='ltr'>σπέρματος</span> <span class='ocrx_word' id='word_1_173' title='bbox 3278 1272 3471 1345; x_wconf 81' lang='grc' dir='ltr'>ἀνδρὸς</span> <span class='ocrx_word' id='word_1_174' title='bbox 3494 1314 3509 1336; x_wconf 89' lang='grc'><strong>,</strong></span> <span class='ocrx_word' id='word_1_175' title='bbox 3549 1277 3615 1328; x_wconf 80' lang='grc' dir='ltr'><strong>ἐκ</strong></span> <span class='ocrx_word' id='word_1_176' title='bbox 3648 1278 3792 1331; x_wconf 58' lang='lat' dir='ltr'><strong>meti.</strong></span> 
     </span>
    </p>
   </div>
   <div class='ocr_carea' id='block_1_23' title="bbox 561 1350 2114 1439">
    <p class='ocr_par' dir='ltr' id='par_1_23' title="bbox 561 1350 2114 1422">
     <span class='ocr_line' id='line_1_23' title="bbox 561 1350 2114 1422; baseline 0.005 -17"><span class='ocrx_word' id='word_1_177' title='bbox 561 1366 683 1407; x_wconf 84' lang='lat' dir='ltr'><strong>esse</strong></span> <span class='ocrx_word' id='word_1_178' title='bbox 710 1351 1011 1420; x_wconf 86' lang='lat' dir='ltr'><strong>delapsum.</strong></span> <span class='ocrx_word' id='word_1_179' title='bbox 1055 1350 1417 1422; x_wconf 86' lang='lat' dir='ltr'><strong>Posteaquam</strong></span> <span class='ocrx_word' id='word_1_180' title='bbox 1465 1370 1594 1411; x_wconf 91' lang='lat' dir='ltr'><strong>vero</strong></span> <span class='ocrx_word' id='word_1_181' title='bbox 1627 1371 1844 1413; x_wconf 84' lang='lat' dir='ltr'><strong>carnem</strong></span> <span class='ocrx_word' id='word_1_182' title='bbox 1889 1358 2114 1412; x_wconf 80' lang='lat' dir='ltr'><strong>homini:</strong></span> 
     </span>
    </p>
   </div>
   <div class='ocr_carea' id='block_1_24' title="bbox 2215 1350 3789 1439">
    <p class='ocr_par' dir='ltr' id='par_1_24' title="bbox 2237 1355 3789 1439">
     <span class='ocr_line' id='line_1_24' title="bbox 2237 1355 3789 1439; baseline 0.009 -32"><span class='ocrx_word' id='word_1_183' title='bbox 2237 1370 2405 1424; x_wconf 81' lang='grc' dir='ltr'><strong>ματος</strong></span> <span class='ocrx_word' id='word_1_184' title='bbox 2423 1355 2479 1408; x_wconf 79' lang='grc' dir='ltr'><strong>δὲ</strong></span> <span class='ocrx_word' id='word_1_185' title='bbox 2503 1356 2597 1408; x_wconf 84' lang='grc' dir='ltr'><strong>καὶ</strong></span> <span class='ocrx_word' id='word_1_186' title='bbox 2619 1356 2823 1427; x_wconf 81' lang='grc' dir='ltr'>σαρκὸς</span> <span class='ocrx_word' id='word_1_187' title='bbox 2845 1356 3126 1439; x_wconf 74' lang='grc' dir='ltr'>ἐτελείωσε</span> <span class='ocrx_word' id='word_1_188' title='bbox 3156 1360 3254 1432; x_wconf 71' lang='grc' dir='ltr'>τὴν</span> <span class='ocrx_word' id='word_1_189' title='bbox 3280 1362 3446 1416; x_wconf 79' lang='grc' dir='ltr'>αὐτοῦ</span> <span class='ocrx_word' id='word_1_190' title='bbox 3473 1364 3789 1437; x_wconf 67' lang='grc' dir='ltr'>οἰκονομίαν*</span> 
     </span>
    </p>
   </div>
   <div class='ocr_carea' id='block_1_25' title="bbox 560 1443 2114 1525">
    <p class='ocr_par' dir='ltr' id='par_1_25' title="bbox 560 1443 2114 1513">
     <span class='ocr_line' id='line_1_25' title="bbox 560 1443 2114 1513; baseline 0.007 -19"><span class='ocrx_word' id='word_1_191' title='bbox 560 1443 887 1511; x_wconf 88' lang='lat' dir='ltr'><strong>assumpsit,</strong></span> <span class='ocrx_word' id='word_1_192' title='bbox 925 1457 1034 1495; x_wconf 91' lang='lat' dir='ltr'><strong>non</strong></span> <span class='ocrx_word' id='word_1_193' title='bbox 1068 1443 1216 1496; x_wconf 80' lang='lat' dir='ltr'><strong>illam</strong></span> <span class='ocrx_word' id='word_1_194' title='bbox 1253 1444 1472 1513; x_wconf 89' lang='lat' dir='ltr'><strong>quidem</strong></span> <span class='ocrx_word' id='word_1_195' title='bbox 1507 1461 1538 1501; x_wconf 93' lang='lat' dir='ltr'><strong>e</strong></span> <span class='ocrx_word' id='word_1_196' title='bbox 1570 1447 1670 1500; x_wconf 84' lang='lat' dir='ltr'><strong>viri</strong></span> <span class='ocrx_word' id='word_1_197' title='bbox 1706 1449 1915 1504; x_wconf 88' lang='lat' dir='ltr'><strong>semine</strong></span> <span class='ocrx_word' id='word_1_198' title='bbox 1943 1464 2114 1505; x_wconf 86' lang='lat' dir='ltr'><strong>susee</strong></span> 
     </span>
    </p>
   </div>
   <div class='ocr_carea' id='block_1_26' title="bbox 2215 1443 3793 1525">
    <p class='ocr_par' dir='ltr' id='par_1_26' title="bbox 2230 1444 3793 1525">
     <span class='ocr_line' id='line_1_26' title="bbox 2230 1444 3793 1525; baseline 0.008 -27"><span class='ocrx_word' id='word_1_199' title='bbox 2230 1444 2319 1498; x_wconf 84' lang='grc' dir='ltr'><strong>διὰ</strong></span> <span class='ocrx_word' id='word_1_200' title='bbox 2354 1445 2542 1511; x_wconf 84' lang='grc' dir='ltr'>τοῦτο,</span> <span class='ocrx_word' id='word_1_201' title='bbox 2607 1444 2735 1519; x_wconf 80' lang='grc' dir='ltr'>μίαν</span> <span class='ocrx_word' id='word_1_202' title='bbox 2770 1449 2994 1520; x_wconf 76' lang='grc' dir='ltr'><strong>ἑνότητα</strong></span> <span class='ocrx_word' id='word_1_203' title='bbox 3029 1452 3309 1522; x_wconf 81' lang='grc' dir='ltr'><strong>σημαίνων</strong></span> <span class='ocrx_word' id='word_1_204' title='bbox 3352 1453 3453 1524; x_wconf 78' lang='grc' dir='ltr'>τῆς</span> <span class='ocrx_word' id='word_1_205' title='bbox 3505 1456 3603 1509; x_wconf 72' lang='grc' dir='ltr'><strong>τοῦ</strong></span> <span class='ocrx_word' id='word_1_206' title='bbox 3633 1459 3793 1525; x_wconf 77' lang='grc' dir='ltr'>Λόγου</span> 
     </span>
    </p>
   </div>
   <div class='ocr_carea' id='block_1_27' title="bbox 558 1533 2114 1614">
    <p class='ocr_par' dir='ltr' id='par_1_27' title="bbox 558 1533 2114 1602">
     <span class='ocr_line' id='line_1_27' title="bbox 558 1533 2114 1602; baseline 0.006 -17"><span class='ocrx_word' id='word_1_207' title='bbox 558 1539 728 1602; x_wconf 90' lang='lat' dir='ltr'><strong>ptam,</strong></span> <span class='ocrx_word' id='word_1_208' title='bbox 766 1548 797 1587; x_wconf 91' lang='lat' dir='ltr'><strong>e</strong></span> <span class='ocrx_word' id='word_1_209' title='bbox 823 1533 1018 1601; x_wconf 84' lang='lat' dir='ltr'><strong>spiritu</strong></span> <span class='ocrx_word' id='word_1_210' title='bbox 1050 1533 1255 1602; x_wconf 86' lang='lat' dir='ltr'><strong>pariter</strong></span> <span class='ocrx_word' id='word_1_211' title='bbox 1283 1551 1345 1589; x_wconf 90' lang='lat' dir='ltr'><strong>ac</strong></span> <span class='ocrx_word' id='word_1_212' title='bbox 1382 1551 1547 1593; x_wconf 87' lang='lat' dir='ltr'><strong>carne</strong></span> <span class='ocrx_word' id='word_1_213' title='bbox 1578 1547 1750 1593; x_wconf 88' lang='lat' dir='ltr'><strong>totum</strong></span> <span class='ocrx_word' id='word_1_214' title='bbox 1781 1542 2114 1596; x_wconf 31' lang='lat' dir='ltr'><strong>administrat</strong></span> 
     </span>
    </p>
   </div>
   <div class='ocr_carea' id='block_1_28' title="bbox 2215 1533 3796 1614">
    <p class='ocr_par' dir='ltr' id='par_1_28' title="bbox 2233 1536 3796 1614">
     <span class='ocr_line' id='line_1_28' title="bbox 2233 1536 3796 1614; baseline 0.008 -24"><span class='ocrx_word' id='word_1_215' title='bbox 2233 1536 2577 1604; x_wconf 85' lang='grc' dir='ltr'>συνενώσεως</span> <span class='ocrx_word' id='word_1_216' title='bbox 2633 1542 2728 1595; x_wconf 78' lang='grc' dir='ltr'><strong>καὶ</strong></span> <span class='ocrx_word' id='word_1_217' title='bbox 2788 1542 2886 1614; x_wconf 84' lang='grc' dir='ltr'>τῆς</span> <span class='ocrx_word' id='word_1_218' title='bbox 2952 1541 3357 1614; x_wconf 78' lang='grc' dir='ltr'>ἀνθρωπήσεως</span> <span class='ocrx_word' id='word_1_219' title='bbox 3382 1584 3398 1608; x_wconf 87' lang='grc'><strong>,</strong></span> <span class='ocrx_word' id='word_1_220' title='bbox 3458 1548 3663 1613; x_wconf 82' lang='grc' dir='ltr'><strong>φάσκει</strong></span> <span class='ocrx_word' id='word_1_221' title='bbox 3713 1549 3796 1602; x_wconf 72' lang='grc' dir='ltr'>τὸν</span> 
     </span>
    </p>
   </div>
   <div class='ocr_carea' id='block_1_29' title="bbox 557 1624 2114 1707">
    <p class='ocr_par' dir='ltr' id='par_1_29' title="bbox 557 1624 2114 1694">
     <span class='ocr_line' id='line_1_29' title="bbox 557 1624 2114 1694; baseline 0.006 -17"><span class='ocrx_word' id='word_1_222' title='bbox 557 1624 723 1692; x_wconf 72' lang='lat' dir='ltr'><strong>tionis</strong></span> <span class='ocrx_word' id='word_1_223' title='bbox 749 1639 861 1678; x_wconf 71' lang='lat' dir='ltr'><strong>sua:</strong></span> <span class='ocrx_word' id='word_1_224' title='bbox 892 1624 1163 1694; x_wconf 80' lang='lat' dir='ltr'><strong>negotium</strong></span> <span class='ocrx_word' id='word_1_225' title='bbox 1197 1626 1442 1694; x_wconf 80' lang='lat' dir='ltr'><strong>perfecit.</strong></span> <span class='ocrx_word' id='word_1_226' title='bbox 1470 1629 1834 1694; x_wconf 85' lang='lat' dir='ltr'><strong>Quamobrem</strong></span> <span class='ocrx_word' id='word_1_227' title='bbox 1868 1633 2114 1688; x_wconf 79' lang='lat' dir='ltr'><strong>ut.divinl</strong></span> 
     </span>
    </p>
   </div>
   <div class='ocr_carea' id='block_1_30' title="bbox 2215 1624 3791 1707">
    <p class='ocr_par' dir='ltr' id='par_1_30' title="bbox 2229 1625 3791 1707">
     <span class='ocr_line' id='line_1_30' title="bbox 2229 1625 3791 1707; baseline 0.006 -28"><span class='ocrx_word' id='word_1_228' title='bbox 2229 1625 2433 1680; x_wconf 81' lang='grc' dir='ltr'>ἄνωθεν</span> <span class='ocrx_word' id='word_1_229' title='bbox 2470 1628 2672 1699; x_wconf 77' lang='grc' dir='ltr'>ἥκοντα</span> <span class='ocrx_word' id='word_1_230' title='bbox 2705 1631 2817 1685; x_wconf 81' lang='grc' dir='ltr'>ἄνω</span> <span class='ocrx_word' id='word_1_231' title='bbox 2868 1631 3073 1685; x_wconf 82' lang='grc' dir='ltr'><strong>ἀνιέναι</strong></span> <span class='ocrx_word' id='word_1_232' title='bbox 3120 1632 3178 1685; x_wconf 79' lang='grc' dir='ltr'>ἐν</span> <span class='ocrx_word' id='word_1_233' title='bbox 3218 1632 3493 1687; x_wconf 83' lang='grc' dir='ltr'><strong>τελειώσει</strong></span> <span class='ocrx_word' id='word_1_234' title='bbox 3531 1634 3791 1707; x_wconf 78' lang='grc' dir='ltr'><strong>θεότητος.</strong></span> 
     </span>
    </p>
   </div>
   <div class='ocr_carea' id='block_1_31' title="bbox 557 1708 2114 1797">
    <p class='ocr_par' dir='ltr' id='par_1_31' title="bbox 557 1715 2114 1789">
     <span class='ocr_line' id='line_1_31' title="bbox 557 1715 2114 1789; baseline 0.007 -19"><span class='ocrx_word' id='word_1_235' title='bbox 557 1715 716 1770; x_wconf 89' lang='lat' dir='ltr'><strong>Verbi</strong></span> <span class='ocrx_word' id='word_1_236' title='bbox 769 1716 1127 1788; x_wconf 67' lang='lat' dir='ltr'><strong>humanaeque</strong></span> <span class='ocrx_word' id='word_1_237' title='bbox 1188 1724 1397 1773; x_wconf 81' lang='lat' dir='ltr'><strong>naturae</strong></span> <span class='ocrx_word' id='word_1_238' title='bbox 1454 1721 1935 1789; x_wconf 89' lang='lat' dir='ltr'><strong>conjunctionem,</strong></span> <span class='ocrx_word' id='word_1_239' title='bbox 1986 1735 2040 1781; x_wconf 90' lang='lat' dir='ltr'><strong>et</strong></span> <span class='ocrx_word' id='word_1_240' title='bbox 2073 1726 2114 1780; x_wconf 80' lang='lat' dir='ltr'><strong>ir</strong></span> 
     </span>
    </p>
   </div>
   <div class='ocr_carea' id='block_1_32' title="bbox 2215 1708 3794 1797">
    <p class='ocr_par' dir='ltr' id='par_1_32' title="bbox 2232 1719 3794 1797">
     <span class='ocr_line' id='line_1_32' title="bbox 2232 1719 3794 1797; baseline 0.004 -24"><span class='ocrx_word' id='word_1_241' title='bbox 2232 1720 2340 1775; x_wconf 75' lang='grc' dir='ltr'><strong>Καὶ</strong></span> <span class='ocrx_word' id='word_1_242' title='bbox 2372 1719 2480 1791; x_wconf 84' lang='grc' dir='ltr'>γὰρ</span> <span class='ocrx_word' id='word_1_243' title='bbox 2511 1721 2603 1775; x_wconf 80' lang='grc' dir='ltr'><strong>νῦν</strong></span> <span class='ocrx_word' id='word_1_244' title='bbox 2629 1724 2657 1775; x_wconf 96' lang='lat'><strong>6</strong></span> <span class='ocrx_word' id='word_1_245' title='bbox 2696 1723 2770 1794; x_wconf 76' lang='grc' dir='ltr'><strong>μὴ</strong></span> <span class='ocrx_word' id='word_1_246' title='bbox 2790 1722 2866 1776; x_wconf 81' lang='grc' dir='ltr'>ὧν</span> <span class='ocrx_word' id='word_1_247' title='bbox 2894 1739 3045 1789; x_wconf 83' lang='grc' dir='ltr'>ποτε,</span> <span class='ocrx_word' id='word_1_248' title='bbox 3067 1722 3202 1793; x_wconf 81' lang='grc' dir='ltr'>σάρξ</span> <span class='ocrx_word' id='word_1_249' title='bbox 3229 1727 3374 1778; x_wconf 73' lang='grc' dir='ltr'>ἐστιν</span> <span class='ocrx_word' id='word_1_250' title='bbox 3400 1727 3465 1778; x_wconf 82' lang='grc' dir='ltr'>ἐκ</span> <span class='ocrx_word' id='word_1_251' title='bbox 3487 1726 3794 1797; x_wconf 73' lang='grc' dir='ltr'>Πνεῦματος</span> 
     </span>
    </p>
   </div>
   <div class='ocr_carea' id='block_1_33' title="bbox 556 1808 2127 1880">
    <p class='ocr_par' dir='ltr' id='par_1_33' title="bbox 556 1808 2127 1880">
     <span class='ocr_line' id='line_1_33' title="bbox 556 1808 2127 1880; baseline 0.006 -20"><span class='ocrx_word' id='word_1_252' title='bbox 556 1822 717 1861; x_wconf 87' lang='lat' dir='ltr'><strong>unam</strong></span> <span class='ocrx_word' id='word_1_253' title='bbox 752 1808 1104 1877; x_wconf 82' lang='lat' dir='ltr'><strong>eamdemque</strong></span> <span class='ocrx_word' id='word_1_254' title='bbox 1137 1823 1249 1861; x_wconf 89' lang='lat' dir='ltr'><strong>rem</strong></span> <span class='ocrx_word' id='word_1_255' title='bbox 1280 1811 1740 1867; x_wconf 79' lang='lat' dir='ltr'><strong>consociationem</strong></span> <span class='ocrx_word' id='word_1_256' title='bbox 1772 1824 2127 1880; x_wconf 83' lang='lat' dir='ltr'><strong>monstraret,</strong></span> 
     </span>
    </p>
   </div>
   <div class='ocr_carea' id='block_1_34' title="bbox 554 1897 2125 1968">
    <p class='ocr_par' dir='ltr' id='par_1_34' title="bbox 554 1897 2125 1968">
     <span class='ocr_line' id='line_1_34' title="bbox 554 1897 2125 1968; baseline 0.007 -17"><span class='ocrx_word' id='word_1_257' title='bbox 554 1898 705 1951; x_wconf 78' lang='lat' dir='ltr'><strong>illum</strong></span> <span class='ocrx_word' id='word_1_258' title='bbox 733 1897 908 1968; x_wconf 90' lang='lat' dir='ltr'><strong>ipsum</strong></span> <span class='ocrx_word' id='word_1_259' title='bbox 943 1898 1099 1962; x_wconf 80' lang='lat' dir='ltr'><strong>dixit,</strong></span> <span class='ocrx_word' id='word_1_260' title='bbox 1126 1899 1220 1968; x_wconf 90' lang='lat' dir='ltr'><strong>qui</strong></span> <span class='ocrx_word' id='word_1_261' title='bbox 1242 1914 1273 1954; x_wconf 91' lang='lat' dir='ltr'><strong>e</strong></span> <span class='ocrx_word' id='word_1_262' title='bbox 1308 1901 1447 1954; x_wconf 72' lang='lat' dir='ltr'><strong>cmlo</strong></span> <span class='ocrx_word' id='word_1_263' title='bbox 1479 1913 1702 1957; x_wconf 83' lang='lat' dir='ltr'><strong>venerat</strong></span> <span class='ocrx_word' id='word_1_264' title='bbox 1728 1942 1743 1967; x_wconf 86' lang='lat'><strong>,</strong></span> <span class='ocrx_word' id='word_1_265' title='bbox 1777 1906 1965 1960; x_wconf 87' lang='lat' dir='ltr'><strong>eodem</strong></span> <span class='ocrx_word' id='word_1_266' title='bbox 2000 1922 2125 1962; x_wconf 88' lang='lat' dir='ltr'><strong>cum</strong></span> 
     </span>
    </p>
   </div>
   <div class='ocr_carea' id='block_1_35' title="bbox 553 1990 2127 2069">
    <p class='ocr_par' dir='ltr' id='par_1_35' title="bbox 553 1990 2127 2069">
     <span class='ocr_line' id='line_1_35' title="bbox 553 1990 2127 2069; baseline 0.006 -25"><span class='ocrx_word' id='word_1_267' title='bbox 553 1991 804 2045; x_wconf 86' lang='lat' dir='ltr'><strong>absoluta</strong></span> <span class='ocrx_word' id='word_1_268' title='bbox 859 1990 1144 2045; x_wconf 84' lang='lat' dir='ltr'><strong>divinitate</strong></span> <span class='ocrx_word' id='word_1_269' title='bbox 1198 1992 1450 2049; x_wconf 80' lang='lat' dir='ltr'><strong>rediisse.</strong></span> <span class='ocrx_word' id='word_1_270' title='bbox 1505 1993 1659 2048; x_wconf 79' lang='lat' dir='ltr'><strong>Nune</strong></span> <span class='ocrx_word' id='word_1_271' title='bbox 1682 1997 1857 2060; x_wconf 91' lang='lat' dir='ltr'><strong>enim,</strong></span> <span class='ocrx_word' id='word_1_272' title='bbox 1888 1996 1940 2051; x_wconf 89' lang='lat' dir='ltr'><strong>id</strong></span> <span class='ocrx_word' id='word_1_273' title='bbox 1974 1999 2127 2069; x_wconf 84' lang='lat' dir='ltr'><strong>quod</strong></span> 
     </span>
    </p>
   </div>
   <div class='ocr_carea' id='block_1_36' title="bbox 552 2082 2128 2157">
    <p class='ocr_par' dir='ltr' id='par_1_36' title="bbox 552 2082 2128 2157">
     <span class='ocr_line' id='line_1_36' title="bbox 552 2082 2128 2157; baseline 0.006 -23"><span class='ocrx_word' id='word_1_274' title='bbox 552 2089 679 2135; x_wconf 86' lang='lat' dir='ltr'><strong>ante</strong></span> <span class='ocrx_word' id='word_1_275' title='bbox 735 2096 842 2134; x_wconf 91' lang='lat' dir='ltr'><strong>non</strong></span> <span class='ocrx_word' id='word_1_276' title='bbox 877 2089 1015 2143; x_wconf 88' lang='lat' dir='ltr'><strong>erat,</strong></span> <span class='ocrx_word' id='word_1_277' title='bbox 1050 2096 1179 2136; x_wconf 86' lang='lat' dir='ltr'><strong>caro</strong></span> <span class='ocrx_word' id='word_1_278' title='bbox 1203 2091 1307 2146; x_wconf 89' lang='lat' dir='ltr'><strong>est,</strong></span> <span class='ocrx_word' id='word_1_279' title='bbox 1349 2083 1417 2139; x_wconf 89' lang='lat' dir='ltr'><strong>de</strong></span> <span class='ocrx_word' id='word_1_280' title='bbox 1470 2082 1672 2154; x_wconf 87' lang='lat' dir='ltr'><strong>Spiritu</strong></span> <span class='ocrx_word' id='word_1_281' title='bbox 1727 2098 2012 2157; x_wconf 87' lang='lat' dir='ltr'><strong>susceptus</strong></span> <span class='ocrx_word' id='word_1_282' title='bbox 2063 2104 2128 2146; x_wconf 86' lang='lat' dir='ltr'><strong>ac</strong></span> 
     </span>
    </p>
   </div>
   <div class='ocr_carea' id='block_1_37' title="bbox 554 2170 2124 2243">
    <p class='ocr_par' dir='ltr' id='par_1_37' title="bbox 554 2170 2124 2243">
     <span class='ocr_line' id='line_1_37' title="bbox 554 2170 2124 2243; baseline 0.007 -20"><span class='ocrx_word' id='word_1_283' title='bbox 554 2170 799 2241; x_wconf 79' lang='lat' dir='ltr'><strong>Virgine;</strong></span> <span class='ocrx_word' id='word_1_284' title='bbox 836 2170 1132 2241; x_wconf 78' lang='lat' dir='ltr'><strong>perfectum</strong></span> <span class='ocrx_word' id='word_1_285' title='bbox 1185 2188 1377 2243; x_wconf 85' lang='lat' dir='ltr'><strong>nempe</strong></span> <span class='ocrx_word' id='word_1_286' title='bbox 1411 2173 1644 2230; x_wconf 88' lang='lat' dir='ltr'><strong>Verbum</strong></span> <span class='ocrx_word' id='word_1_287' title='bbox 1686 2178 1927 2232; x_wconf 83' lang='lat' dir='ltr'><strong>oblatum</strong></span> <span class='ocrx_word' id='word_1_288' title='bbox 1979 2178 2124 2234; x_wconf 87' lang='lat' dir='ltr'><strong>Patri</strong></span> 
     </span>
    </p>
   </div>
   <div class='ocr_carea' id='block_1_38' title="bbox 552 2263 2126 2339">
    <p class='ocr_par' dir='ltr' id='par_1_38' title="bbox 552 2263 2126 2339">
     <span class='ocr_line' id='line_1_38' title="bbox 552 2263 2126 2339; baseline 0.004 -22"><span class='ocrx_word' id='word_1_289' title='bbox 552 2263 681 2326; x_wconf 90' lang='lat' dir='ltr'><strong>Deo,</strong></span> <span class='ocrx_word' id='word_1_290' title='bbox 699 2264 843 2333; x_wconf 89' lang='lat' dir='ltr'><strong>quod</strong></span> <span class='ocrx_word' id='word_1_291' title='bbox 867 2273 1026 2319; x_wconf 86' lang='lat' dir='ltr'><strong>antea</strong></span> <span class='ocrx_word' id='word_1_292' title='bbox 1050 2280 1187 2318; x_wconf 89' lang='lat' dir='ltr'><strong>caro</strong></span> <span class='ocrx_word' id='word_1_293' title='bbox 1204 2266 1256 2318; x_wconf 93' lang='lat' dir='ltr'><strong>in</strong></span> <span class='ocrx_word' id='word_1_294' title='bbox 1278 2268 1417 2320; x_wconf 62' lang='lat' dir='ltr'><strong>caelo</strong></span> <span class='ocrx_word' id='word_1_295' title='bbox 1440 2282 1548 2321; x_wconf 88' lang='lat' dir='ltr'><strong>non</strong></span> <span class='ocrx_word' id='word_1_296' title='bbox 1578 2267 1771 2322; x_wconf 82' lang='lat' dir='ltr'><strong>fuerat.</strong></span> <span class='ocrx_word' id='word_1_297' title='bbox 1796 2268 1937 2333; x_wconf 84' lang='lat' dir='ltr'><strong>Quid</strong></span> <span class='ocrx_word' id='word_1_298' title='bbox 1963 2271 2126 2339; x_wconf 82' lang='lat' dir='ltr'><strong>igitur</strong></span> 
     </span>
    </p>
   </div>
   <div class='ocr_carea' id='block_1_39' title="bbox 550 2354 2119 2424">
    <p class='ocr_par' dir='ltr' id='par_1_39' title="bbox 550 2354 2119 2424">
     <span class='ocr_line' id='line_1_39' title="bbox 550 2354 2119 2424; baseline 0.004 -15"><span class='ocrx_word' id='word_1_299' title='bbox 550 2355 606 2409; x_wconf 89' lang='lat' dir='ltr'><strong>in</strong></span> <span class='ocrx_word' id='word_1_300' title='bbox 641 2359 781 2408; x_wconf 71' lang='lat' dir='ltr'><strong>cmlo</strong></span> <span class='ocrx_word' id='word_1_301' title='bbox 821 2354 923 2407; x_wconf 87' lang='lat' dir='ltr'><strong>fuit</strong></span> <span class='ocrx_word' id='word_1_302' title='bbox 948 2354 1093 2408; x_wconf 87' lang='lat' dir='ltr'><strong>aliud</strong></span> <span class='ocrx_word' id='word_1_303' title='bbox 1116 2396 1129 2417; x_wconf 86' lang='lat'><strong>,</strong></span> <span class='ocrx_word' id='word_1_304' title='bbox 1166 2364 1361 2424; x_wconf 68' lang='lat' dir='ltr'><strong>praeter</strong></span> <span class='ocrx_word' id='word_1_305' title='bbox 1412 2355 1648 2411; x_wconf 73' lang='lat' dir='ltr'><strong>Verbum</strong></span> <span class='ocrx_word' id='word_1_306' title='bbox 1682 2374 1712 2413; x_wconf 92' lang='lat' dir='ltr'><strong>e</strong></span> <span class='ocrx_word' id='word_1_307' title='bbox 1749 2357 1889 2414; x_wconf 64' lang='lat' dir='ltr'><strong>caelo</strong></span> <span class='ocrx_word' id='word_1_308' title='bbox 1919 2359 2119 2415; x_wconf 83' lang='lat' dir='ltr'><strong>demis-</strong></span> 
     </span>
    </p>
   </div>
   <div class='ocr_carea' id='block_1_40' title="bbox 550 2445 2149 2531">
    <p class='ocr_par' dir='ltr' id='par_1_40' title="bbox 550 2445 2149 2531">
     <span class='ocr_line' id='line_1_40' title="bbox 550 2445 2149 2531; baseline 0.003 -30"><span class='ocrx_word' id='word_1_309' title='bbox 550 2446 711 2501; x_wconf 84' lang='lat' dir='ltr'><strong>sum?</strong></span> <span class='ocrx_word' id='word_1_310' title='bbox 750 2446 849 2500; x_wconf 79' lang='lat' dir='ltr'><strong>Cui</strong></span> <span class='ocrx_word' id='word_1_311' title='bbox 894 2446 947 2498; x_wconf 90' lang='lat' dir='ltr'><strong>in</strong></span> <span class='ocrx_word' id='word_1_312' title='bbox 983 2460 1142 2499; x_wconf 85' lang='lat' dir='ltr'><strong>unam</strong></span> <span class='ocrx_word' id='word_1_313' title='bbox 1187 2445 1522 2502; x_wconf 85' lang='lat' dir='ltr'><strong>divinitatem</strong></span> <span class='ocrx_word' id='word_1_314' title='bbox 1578 2447 1896 2517; x_wconf 71' lang='lat' dir='ltr'><strong>coniunctio</strong></span> <span class='ocrx_word' id='word_1_315' title='bbox 1927 2466 2149 2531; x_wconf 37' lang='lat' dir='ltr'><strong>eonve-r</strong></span> 
     </span>
    </p>
   </div>
   <div class='ocr_carea' id='block_1_41' title="bbox 548 2535 2122 2621">
    <p class='ocr_par' dir='ltr' id='par_1_41' title="bbox 548 2535 2122 2621">
     <span class='ocr_line' id='line_1_41' title="bbox 548 2535 2122 2621; baseline 0.001 -30"><span class='ocrx_word' id='word_1_316' title='bbox 548 2538 766 2613; x_wconf 34' lang='lat' dir='ltr'><strong>niebat‘,</strong></span> <span class='ocrx_word' id='word_1_317' title='bbox 818 2535 1121 2591; x_wconf 85' lang='lat' dir='ltr'><strong>secundum</strong></span> <span class='ocrx_word' id='word_1_318' title='bbox 1164 2542 1446 2605; x_wconf 87' lang='lat' dir='ltr'><strong>paternam</strong></span> <span class='ocrx_word' id='word_1_319' title='bbox 1486 2537 1593 2590; x_wconf 91' lang='lat' dir='ltr'><strong>vim</strong></span> <span class='ocrx_word' id='word_1_320' title='bbox 1624 2540 1897 2621; x_wconf 42' lang='lat' dir='ltr'><strong>‘eopnlata</strong></span> <span class='ocrx_word' id='word_1_321' title='bbox 1961 2550 2122 2609; x_wconf 84' lang='lat' dir='ltr'><strong>atque</strong></span> 
     </span>
    </p>
   </div>
   <div class='ocr_carea' id='block_1_42' title="bbox 548 2628 2119 2694">
    <p class='ocr_par' dir='ltr' id='par_1_42' title="bbox 548 2628 2119 2694">
     <span class='ocr_line' id='line_1_42' title="bbox 548 2628 2119 2694; baseline -0.001 -9"><span class='ocrx_word' id='word_1_322' title='bbox 548 2628 800 2685; x_wconf 82' lang='lat' dir='ltr'><strong>conﬂata.</strong></span> <span class='ocrx_word' id='word_1_323' title='bbox 861 2628 979 2694; x_wconf 88' lang='lat' dir='ltr'><strong>Quo</strong></span> <span class='ocrx_word' id='word_1_324' title='bbox 1032 2636 1085 2683; x_wconf 90' lang='lat' dir='ltr'><strong>et</strong></span> <span class='ocrx_word' id='word_1_325' title='bbox 1128 2628 1259 2682; x_wconf 90' lang='lat' dir='ltr'><strong>illud</strong></span> <span class='ocrx_word' id='word_1_326' title='bbox 1316 2642 1425 2683; x_wconf 90' lang='lat' dir='ltr'><strong>una</strong></span> <span class='ocrx_word' id='word_1_327' title='bbox 1474 2628 1813 2691; x_wconf 84' lang='lat' dir='ltr'><strong>declararet,</strong></span> <span class='ocrx_word' id='word_1_328' title='bbox 1865 2630 1921 2683; x_wconf 90' lang='lat' dir='ltr'><strong>in</strong></span> <span class='ocrx_word' id='word_1_329' title='bbox 1976 2637 2119 2684; x_wconf 86' lang='lat' dir='ltr'><strong>terra</strong></span> 
     </span>
    </p>
   </div>
   <div class='ocr_carea' id='block_1_43' title="bbox 547 2717 2112 2789">
    <p class='ocr_par' dir='ltr' id='par_1_43' title="bbox 547 2717 2112 2789">
     <span class='ocr_line' id='line_1_43' title="bbox 547 2717 2112 2789; baseline 0.001 -15"><span class='ocrx_word' id='word_1_330' title='bbox 547 2724 794 2789; x_wconf 85' lang='lat' dir='ltr'><strong>coeloque</strong></span> <span class='ocrx_word' id='word_1_331' title='bbox 821 2718 1071 2774; x_wconf 87' lang='lat' dir='ltr'><strong>eumdem</strong></span> <span class='ocrx_word' id='word_1_332' title='bbox 1092 2734 1222 2774; x_wconf 83' lang='lat' dir='ltr'><strong>esse</strong></span> <span class='ocrx_word' id='word_1_333' title='bbox 1247 2717 1412 2773; x_wconf 90' lang='lat' dir='ltr'><strong>Deum</strong></span> <span class='ocrx_word' id='word_1_334' title='bbox 1439 2717 1673 2774; x_wconf 85' lang='lat' dir='ltr'><strong>Verbum</strong></span> <span class='ocrx_word' id='word_1_335' title='bbox 1693 2759 1707 2785; x_wconf 96' lang='lat'><strong>,</strong></span> <span class='ocrx_word' id='word_1_336' title='bbox 1732 2720 2112 2775; x_wconf 73' lang='lat' dir='ltr'><strong>conversionis</strong></span> 
     </span>
    </p>
   </div>
   <div class='ocr_carea' id='block_1_44' title="bbox 547 2808 2114 2879">
    <p class='ocr_par' dir='ltr' id='par_1_44' title="bbox 547 2808 2114 2879">
     <span class='ocr_line' id='line_1_44' title="bbox 547 2808 2114 2879; baseline 0 -15"><span class='ocrx_word' id='word_1_337' title='bbox 547 2810 724 2864; x_wconf 86' lang='lat' dir='ltr'><strong>omnis</strong></span> <span class='ocrx_word' id='word_1_338' title='bbox 737 2825 798 2864; x_wconf 87' lang='lat' dir='ltr'><strong>ac</strong></span> <span class='ocrx_word' id='word_1_339' title='bbox 817 2810 1132 2864; x_wconf 86' lang='lat' dir='ltr'><strong>mutationis</strong></span> <span class='ocrx_word' id='word_1_340' title='bbox 1146 2817 1440 2878; x_wconf 62' lang='lat' dir='ltr'><strong>expertem.</strong></span> <span class='ocrx_word' id='word_1_341' title='bbox 1466 2808 1596 2863; x_wconf 83' lang='lat' dir='ltr'><strong>Erat</strong></span> <span class='ocrx_word' id='word_1_342' title='bbox 1620 2812 1822 2879; x_wconf 80' lang='lat' dir='ltr'><strong>quippe</strong></span> <span class='ocrx_word' id='word_1_343' title='bbox 1860 2809 2114 2875; x_wconf 89' lang='lat' dir='ltr'><strong>Verbum,</strong></span> 
     </span>
    </p>
   </div>
   <div class='ocr_carea' id='block_1_45' title="bbox 547 2900 2109 2970">
    <p class='ocr_par' dir='ltr' id='par_1_45' title="bbox 547 2900 2109 2970">
     <span class='ocr_line' id='line_1_45' title="bbox 547 2900 2109 2970; baseline 0.001 -17"><span class='ocrx_word' id='word_1_344' title='bbox 547 2900 690 2955; x_wconf 85' lang='lat' dir='ltr'><strong>Deus</strong></span> <span class='ocrx_word' id='word_1_345' title='bbox 721 2912 834 2955; x_wconf 90' lang='lat' dir='ltr'><strong>erat</strong></span> <span class='ocrx_word' id='word_1_346' title='bbox 863 2915 1113 2970; x_wconf 89' lang='lat' dir='ltr'><strong>semper,</strong></span> <span class='ocrx_word' id='word_1_347' title='bbox 1142 2911 1259 2953; x_wconf 88' lang='lat' dir='ltr'><strong>erat</strong></span> <span class='ocrx_word' id='word_1_348' title='bbox 1290 2900 1552 2968; x_wconf 80' lang='lat' dir='ltr'><strong>Spiritus,</strong></span> <span class='ocrx_word' id='word_1_349' title='bbox 1595 2901 1674 2955; x_wconf 90' lang='lat' dir='ltr'><strong>vis</strong></span> <span class='ocrx_word' id='word_1_350' title='bbox 1707 2909 1827 2955; x_wconf 89' lang='lat' dir='ltr'><strong>erat</strong></span> <span class='ocrx_word' id='word_1_351' title='bbox 1856 2901 2109 2968; x_wconf 83' lang='lat' dir='ltr'><strong>denique.</strong></span> 
     </span>
    </p>
   </div>
   <div class='ocr_carea' id='block_1_46' title="bbox 546 2990 2115 3059">
    <p class='ocr_par' dir='ltr' id='par_1_46' title="bbox 546 2990 2115 3059">
     <span class='ocr_line' id='line_1_46' title="bbox 546 2990 2115 3059; baseline -0.001 -15"><span class='ocrx_word' id='word_1_352' title='bbox 546 2992 649 3058; x_wconf 87' lang='lat' dir='ltr'><strong>Qui</strong></span> <span class='ocrx_word' id='word_1_353' title='bbox 690 3006 979 3045; x_wconf 82' lang='lat' dir='ltr'><strong>commune</strong></span> <span class='ocrx_word' id='word_1_354' title='bbox 1020 2990 1149 3044; x_wconf 93' lang='lat' dir='ltr'><strong>illud</strong></span> <span class='ocrx_word' id='word_1_355' title='bbox 1198 3003 1420 3052; x_wconf 89' lang='lat' dir='ltr'><strong>nomen,</strong></span> <span class='ocrx_word' id='word_1_356' title='bbox 1452 2990 1703 3059; x_wconf 88' lang='lat' dir='ltr'><strong>quodque</strong></span> <span class='ocrx_word' id='word_1_357' title='bbox 1740 2990 1990 3044; x_wconf 83' lang='lat' dir='ltr'><strong>homines</strong></span> <span class='ocrx_word' id='word_1_358' title='bbox 2020 3004 2115 3044; x_wconf 85' lang='lat' dir='ltr'><strong>ca-</strong></span> 
     </span>
    </p>
   </div>
   <div class='ocr_carea' id='block_1_47' title="bbox 546 3080 2110 3153">
    <p class='ocr_par' dir='ltr' id='par_1_47' title="bbox 546 3080 2110 3153">
     <span class='ocr_line' id='line_1_47' title="bbox 546 3080 2110 3153; baseline 0 -16"><span class='ocrx_word' id='word_1_359' title='bbox 546 3098 673 3153; x_wconf 84' lang='lat' dir='ltr'><strong>pere</strong></span> <span class='ocrx_word' id='word_1_360' title='bbox 719 3090 976 3153; x_wconf 76' lang='lat' dir='ltr'><strong>possent,</strong></span> <span class='ocrx_word' id='word_1_361' title='bbox 1017 3098 1072 3135; x_wconf 83' lang='lat' dir='ltr'><strong>in</strong></span> <span class='ocrx_word' id='word_1_362' title='bbox 1107 3080 1350 3151; x_wconf 86' lang='lat' dir='ltr'><strong>seipsurn</strong></span> <span class='ocrx_word' id='word_1_363' title='bbox 1385 3083 1663 3153; x_wconf 88' lang='lat' dir='ltr'><strong>suscepit,</strong></span> <span class='ocrx_word' id='word_1_364' title='bbox 1697 3096 1821 3136; x_wconf 92' lang='lat' dir='ltr'><strong>cum</strong></span> <span class='ocrx_word' id='word_1_365' title='bbox 1870 3083 2110 3137; x_wconf 86' lang='lat' dir='ltr'><strong>hominis</strong></span> 
     </span>
    </p>
   </div>
   <div class='ocr_carea' id='block_1_48' title="bbox 546 3171 2112 3244">
    <p class='ocr_par' dir='ltr' id='par_1_48' title="bbox 546 3171 2112 3244">
     <span class='ocr_line' id='line_1_48' title="bbox 546 3171 2112 3244; baseline 0 -18"><span class='ocrx_word' id='word_1_366' title='bbox 546 3172 714 3228; x_wconf 79' lang='lat' dir='ltr'><strong>Fiiius</strong></span> <span class='ocrx_word' id='word_1_367' title='bbox 743 3175 1053 3244; x_wconf 68' lang='lat' dir='ltr'><strong>appellatus</strong></span> <span class='ocrx_word' id='word_1_368' title='bbox 1068 3183 1169 3239; x_wconf 89' lang='lat' dir='ltr'><strong>est,</strong></span> <span class='ocrx_word' id='word_1_369' title='bbox 1204 3173 1453 3242; x_wconf 83' lang='lat' dir='ltr'><strong>quamvis</strong></span> <span class='ocrx_word' id='word_1_370' title='bbox 1477 3172 1568 3227; x_wconf 88' lang='lat' dir='ltr'><strong>Dei</strong></span> <span class='ocrx_word' id='word_1_371' title='bbox 1601 3171 1775 3228; x_wconf 83' lang='lat' dir='ltr'><strong>Filius</strong></span> <span class='ocrx_word' id='word_1_372' title='bbox 1808 3181 1989 3229; x_wconf 66' lang='lat' dir='ltr'><strong>esset.</strong></span> <span class='ocrx_word' id='word_1_373' title='bbox 2008 3173 2112 3238; x_wconf 88' lang='lat' dir='ltr'><strong>Qui</strong></span> 
     </span>
    </p>
   </div>
   <div class='ocr_carea' id='block_1_49' title="bbox 542 3264 2110 3335">
    <p class='ocr_par' dir='ltr' id='par_1_49' title="bbox 542 3264 2110 3335">
     <span class='ocr_line' id='line_1_49' title="bbox 542 3264 2110 3335; baseline -0.001 -15"><span class='ocrx_word' id='word_1_374' title='bbox 542 3268 766 3335; x_wconf 89' lang='lat' dir='ltr'><strong>insuper</strong></span> <span class='ocrx_word' id='word_1_375' title='bbox 791 3281 821 3319; x_wconf 90' lang='lat' dir='ltr'><strong>a</strong></span> <span class='ocrx_word' id='word_1_376' title='bbox 854 3266 1131 3335; x_wconf 80' lang='lat' dir='ltr'><strong>prophetis</strong></span> <span class='ocrx_word' id='word_1_377' title='bbox 1161 3265 1213 3318; x_wconf 92' lang='lat' dir='ltr'><strong>id</strong></span> <span class='ocrx_word' id='word_1_378' title='bbox 1250 3264 1425 3333; x_wconf 89' lang='lat' dir='ltr'><strong>ipsum</strong></span> <span class='ocrx_word' id='word_1_379' title='bbox 1450 3302 1465 3326; x_wconf 94' lang='lat'><strong>,</strong></span> <span class='ocrx_word' id='word_1_380' title='bbox 1505 3264 1651 3332; x_wconf 85' lang='lat' dir='ltr'><strong>quod</strong></span> <span class='ocrx_word' id='word_1_381' title='bbox 1692 3265 1746 3317; x_wconf 92' lang='lat' dir='ltr'><strong>in</strong></span> <span class='ocrx_word' id='word_1_382' title='bbox 1781 3279 1947 3318; x_wconf 87' lang='lat' dir='ltr'><strong>carne</strong></span> <span class='ocrx_word' id='word_1_383' title='bbox 1972 3279 2110 3318; x_wconf 89' lang='lat' dir='ltr'><strong>non-</strong></span> 
     </span>
    </p>
   </div>
   <div class='ocr_carea' id='block_1_50' title="bbox 2231 1811 3791 1887">
    <p class='ocr_par' dir='ltr' id='par_1_50' title="bbox 2231 1811 3791 1887">
     <span class='ocr_line' id='line_1_50' title="bbox 2231 1811 3791 1887; baseline 0.001 -23"><span class='ocrx_word' id='word_1_384' title='bbox 2231 1812 2325 1865; x_wconf 68' lang='grc' dir='ltr'><strong>καὶ</strong></span> <span class='ocrx_word' id='word_1_385' title='bbox 2350 1811 2628 1882; x_wconf 74' lang='grc' dir='ltr'><strong>Παρθένου</strong></span> <span class='ocrx_word' id='word_1_386' title='bbox 2648 1853 2661 1876; x_wconf 89' lang='grc'><strong>,</strong></span> <span class='ocrx_word' id='word_1_387' title='bbox 2703 1814 2731 1865; x_wconf 97' lang='lat'><strong>6</strong></span> <span class='ocrx_word' id='word_1_388' title='bbox 2774 1813 3154 1884; x_wconf 70' lang='grc' dir='ltr'>προσενεχθεὶς</span> <span class='ocrx_word' id='word_1_389' title='bbox 3181 1815 3354 1886; x_wconf 74' lang='grc' dir='ltr'>Πατρὶ</span> <span class='ocrx_word' id='word_1_390' title='bbox 3380 1816 3589 1880; x_wconf 85' lang='grc' dir='ltr'>τέλειος</span> <span class='ocrx_word' id='word_1_391' title='bbox 3615 1818 3791 1887; x_wconf 61' lang='grc' dir='ltr'><strong>Λόγοςι</strong></span> 
     </span>
    </p>
   </div>
   <div class='ocr_carea' id='block_1_51' title="bbox 2228 1897 3792 1975">
    <p class='ocr_par' dir='ltr' id='par_1_51' title="bbox 2228 1897 3792 1975">
     <span class='ocr_line' id='line_1_51' title="bbox 2228 1897 3792 1975; baseline 0.004 -23"><span class='ocrx_word' id='word_1_392' title='bbox 2228 1901 2286 1964; x_wconf 83' lang='grc' dir='ltr'>ὃς</span> <span class='ocrx_word' id='word_1_393' title='bbox 2330 1900 2435 1971; x_wconf 77' lang='grc' dir='ltr'><strong>πρὸ</strong></span> <span class='ocrx_word' id='word_1_394' title='bbox 2464 1899 2651 1954; x_wconf 81' lang='grc' dir='ltr'>τούτου</span> <span class='ocrx_word' id='word_1_395' title='bbox 2693 1901 2750 1953; x_wconf 83' lang='grc' dir='ltr'>ὲν</span> <span class='ocrx_word' id='word_1_396' title='bbox 2779 1899 2992 1970; x_wconf 78' lang='grc' dir='ltr'>οὐρανῷ</span> <span class='ocrx_word' id='word_1_397' title='bbox 3022 1902 3120 1955; x_wconf 79' lang='grc' dir='ltr'><strong>οὐκ</strong></span> <span class='ocrx_word' id='word_1_398' title='bbox 3156 1897 3224 1972; x_wconf 80' lang='grc' dir='ltr'>ἦν</span> <span class='ocrx_word' id='word_1_399' title='bbox 3256 1901 3412 1973; x_wconf 80' lang='grc' dir='ltr'>σάρξ.</span> <span class='ocrx_word' id='word_1_400' title='bbox 3450 1903 3519 1956; x_wconf 82' lang='grc' dir='ltr'><strong>Τί</strong></span> <span class='ocrx_word' id='word_1_401' title='bbox 3545 1900 3640 1958; x_wconf 74' lang='grc' dir='ltr'>οὖν</span> <span class='ocrx_word' id='word_1_402' title='bbox 3672 1901 3734 1975; x_wconf 75' lang='grc' dir='ltr'>ἦν</span> <span class='ocrx_word' id='word_1_403' title='bbox 3766 1910 3792 1959; x_wconf 91' lang='lat'><strong>6</strong></span> 
     </span>
    </p>
   </div>
   <div class='ocr_carea' id='block_1_52' title="bbox 2228 1991 3789 2065">
    <p class='ocr_par' dir='ltr' id='par_1_52' title="bbox 2228 1991 3789 2065">
     <span class='ocr_line' id='line_1_52' title="bbox 2228 1991 3789 2065; baseline 0.004 -22"><span class='ocrx_word' id='word_1_404' title='bbox 2228 1993 2286 2044; x_wconf 81' lang='grc' dir='ltr'>ὲν</span> <span class='ocrx_word' id='word_1_405' title='bbox 2333 1992 2545 2063; x_wconf 77' lang='grc' dir='ltr'>οὐρανῷ</span> <span class='ocrx_word' id='word_1_406' title='bbox 2577 1991 2712 2046; x_wconf 82' lang='grc' dir='ltr'>ἀλλὰ</span> <span class='ocrx_word' id='word_1_407' title='bbox 2758 1991 2928 2058; x_wconf 85' lang='grc' dir='ltr'>Λόγος</span> <span class='ocrx_word' id='word_1_408' title='bbox 2972 1993 3001 2044; x_wconf 97' lang='lat'><strong>6</strong></span> <span class='ocrx_word' id='word_1_409' title='bbox 3042 1992 3150 2046; x_wconf 81' lang='grc' dir='ltr'><strong>ἀπὸ</strong></span> <span class='ocrx_word' id='word_1_410' title='bbox 3190 1994 3418 2065; x_wconf 82' lang='grc' dir='ltr'>οὐρανοῦ</span> <span class='ocrx_word' id='word_1_411' title='bbox 3451 1995 3789 2060; x_wconf 74' lang='grc' dir='ltr'>ἀποσταλεὶς,</span> 
     </span>
    </p>
   </div>
   <div class='ocr_carea' id='block_1_53' title="bbox 2227 2082 3788 2158">
    <p class='ocr_par' dir='ltr' id='par_1_53' title="bbox 2227 2082 3788 2158">
     <span class='ocr_line' id='line_1_53' title="bbox 2227 2082 3788 2158; baseline 0.001 -22"><span class='ocrx_word' id='word_1_412' title='bbox 2227 2082 2366 2153; x_wconf 78' lang='grc' dir='ltr'>ἔχων</span> <span class='ocrx_word' id='word_1_413' title='bbox 2412 2084 2507 2155; x_wconf 76' lang='grc' dir='ltr'>τὴν</span> <span class='ocrx_word' id='word_1_414' title='bbox 2557 2087 2637 2148; x_wconf 72' lang='grc' dir='ltr'>εἰς</span> <span class='ocrx_word' id='word_1_415' title='bbox 2690 2086 2817 2155; x_wconf 84' lang='grc' dir='ltr'>μίαν</span> <span class='ocrx_word' id='word_1_416' title='bbox 2850 2082 3077 2154; x_wconf 81' lang='grc' dir='ltr'>θεότητα</span> <span class='ocrx_word' id='word_1_417' title='bbox 3127 2084 3320 2138; x_wconf 75' lang='grc' dir='ltr'>ἕνωσιν</span> <span class='ocrx_word' id='word_1_418' title='bbox 3344 2125 3359 2149; x_wconf 92' lang='grc'><strong>,</strong></span> <span class='ocrx_word' id='word_1_419' title='bbox 3397 2086 3543 2139; x_wconf 78' lang='grc' dir='ltr'>κατὰ</span> <span class='ocrx_word' id='word_1_420' title='bbox 3576 2087 3788 2158; x_wconf 75' lang='grc' dir='ltr'>δύναμιν</span> 
     </span>
    </p>
   </div>
   <div class='ocr_carea' id='block_1_54' title="bbox 2227 2171 3787 2246">
    <p class='ocr_par' dir='ltr' id='par_1_54' title="bbox 2227 2171 3787 2246">
     <span class='ocr_line' id='line_1_54' title="bbox 2227 2171 3787 2246; baseline 0.001 -19"><span class='ocrx_word' id='word_1_421' title='bbox 2227 2173 2440 2244; x_wconf 81' lang='grc' dir='ltr'>Πατρὸς</span> <span class='ocrx_word' id='word_1_422' title='bbox 2465 2172 2869 2243; x_wconf 78' lang='grc' dir='ltr'>συνηνωμένην,</span> <span class='ocrx_word' id='word_1_423' title='bbox 2900 2173 2986 2226; x_wconf 77' lang='grc' dir='ltr'>ἵνα</span> <span class='ocrx_word' id='word_1_424' title='bbox 3006 2171 3152 2242; x_wconf 80' lang='grc' dir='ltr'><strong>δείξῃ</strong></span> <span class='ocrx_word' id='word_1_425' title='bbox 3177 2213 3193 2237; x_wconf 89' lang='grc'><strong>,</strong></span> <span class='ocrx_word' id='word_1_426' title='bbox 3224 2174 3303 2226; x_wconf 84' lang='grc' dir='ltr'>ὅτι</span> <span class='ocrx_word' id='word_1_427' title='bbox 3331 2175 3425 2227; x_wconf 74' lang='grc' dir='ltr'>ἐπὶ</span> <span class='ocrx_word' id='word_1_428' title='bbox 3450 2176 3558 2246; x_wconf 82' lang='grc' dir='ltr'>γῆς</span> <span class='ocrx_word' id='word_1_429' title='bbox 3594 2177 3685 2229; x_wconf 76' lang='grc' dir='ltr'><strong>καὶ</strong></span> <span class='ocrx_word' id='word_1_430' title='bbox 3706 2178 3787 2229; x_wconf 70' lang='grc' dir='ltr'><strong>οὐ⁴</strong></span> 
     </span>
    </p>
   </div>
   <div class='ocr_carea' id='block_1_55' title="bbox 2230 2263 3783 2338">
    <p class='ocr_par' dir='ltr' id='par_1_55' title="bbox 2230 2263 3783 2338">
     <span class='ocr_line' id='line_1_55' title="bbox 2230 2263 3783 2338; baseline 0 -19"><span class='ocrx_word' id='word_1_431' title='bbox 2230 2265 2389 2338; x_wconf 78' lang='grc' dir='ltr'>ροινοῦ</span> <span class='ocrx_word' id='word_1_432' title='bbox 2421 2267 2449 2319; x_wconf 93' lang='lat'><strong>6</strong></span> <span class='ocrx_word' id='word_1_433' title='bbox 2498 2264 2658 2327; x_wconf 80' lang='grc' dir='ltr'>αὐτὸς</span> <span class='ocrx_word' id='word_1_434' title='bbox 2701 2263 2831 2328; x_wconf 79' lang='grc' dir='ltr'><strong>Θεὸς</strong></span> <span class='ocrx_word' id='word_1_435' title='bbox 2874 2264 3047 2332; x_wconf 81' lang='grc' dir='ltr'>Λόγος</span> <span class='ocrx_word' id='word_1_436' title='bbox 3085 2265 3327 2336; x_wconf 74' lang='grc' dir='ltr'><strong>ὑπῆρχεν</strong></span> <span class='ocrx_word' id='word_1_437' title='bbox 3353 2304 3369 2327; x_wconf 90' lang='grc'><strong>,</strong></span> <span class='ocrx_word' id='word_1_438' title='bbox 3402 2265 3672 2336; x_wconf 78' lang='grc' dir='ltr'><strong>ἄτρεπτος</strong></span> <span class='ocrx_word' id='word_1_439' title='bbox 3697 2267 3783 2329; x_wconf 80' lang='grc' dir='ltr'>ὣν,</span> 
     </span>
    </p>
   </div>
   <div class='ocr_carea' id='block_1_56' title="bbox 2226 2350 3786 2428">
    <p class='ocr_par' dir='ltr' id='par_1_56' title="bbox 2226 2350 3786 2428">
     <span class='ocr_line' id='line_1_56' title="bbox 2226 2350 3786 2428; baseline 0 -18"><span class='ocrx_word' id='word_1_440' title='bbox 2226 2356 2317 2411; x_wconf 83' lang='grc' dir='ltr'>καὶ</span> <span class='ocrx_word' id='word_1_441' title='bbox 2348 2355 2721 2422; x_wconf 56' lang='grc' dir='ltr'>ἀναλλοίωτος</span> <span class='ocrx_word' id='word_1_442' title='bbox 2752 2353 2922 2422; x_wconf 82' lang='grc' dir='ltr'>Λόγος</span> <span class='ocrx_word' id='word_1_443' title='bbox 2943 2356 3051 2427; x_wconf 84' lang='grc' dir='ltr'><strong>γὰρ</strong></span> <span class='ocrx_word' id='word_1_444' title='bbox 3078 2351 3167 2426; x_wconf 81' lang='grc' dir='ltr'>ἧν,</span> <span class='ocrx_word' id='word_1_445' title='bbox 3195 2355 3326 2419; x_wconf 80' lang='grc' dir='ltr'>Θεὸς</span> <span class='ocrx_word' id='word_1_446' title='bbox 3344 2350 3413 2426; x_wconf 77' lang='grc' dir='ltr'>ἦν</span> <span class='ocrx_word' id='word_1_447' title='bbox 3439 2357 3548 2422; x_wconf 76' lang='grc' dir='ltr'><strong>ἀεὶ,</strong></span> <span class='ocrx_word' id='word_1_448' title='bbox 3575 2357 3786 2428; x_wconf 78' lang='grc' dir='ltr'><strong>Πνεῦμα</strong></span> 
     </span>
    </p>
   </div>
   <div class='ocr_carea' id='block_1_57' title="bbox 2221 2443 3785 2519">
    <p class='ocr_par' dir='ltr' id='par_1_57' title="bbox 2221 2443 3785 2519">
     <span class='ocr_line' id='line_1_57' title="bbox 2221 2443 3785 2519; baseline 0.003 -21"><span class='ocrx_word' id='word_1_449' title='bbox 2221 2444 2311 2519; x_wconf 81' lang='grc' dir='ltr'>ἦν,</span> <span class='ocrx_word' id='word_1_450' title='bbox 2342 2447 2569 2517; x_wconf 77' lang='grc' dir='ltr'>δύναμις</span> <span class='ocrx_word' id='word_1_451' title='bbox 2596 2443 2687 2518; x_wconf 80' lang='grc' dir='ltr'>ἦν,</span> <span class='ocrx_word' id='word_1_452' title='bbox 2715 2446 2790 2509; x_wconf 81' lang='grc' dir='ltr'>ὡς</span> <span class='ocrx_word' id='word_1_453' title='bbox 2820 2446 2841 2477; x_wconf 83' lang='grc'><em>³</em></span> <span class='ocrx_word' id='word_1_454' title='bbox 2866 2446 2926 2498; x_wconf 82' lang='grc' dir='ltr'><strong>τὸ</strong></span> <span class='ocrx_word' id='word_1_455' title='bbox 2956 2446 3130 2500; x_wconf 83' lang='grc' dir='ltr'>κοινὸν</span> <span class='ocrx_word' id='word_1_456' title='bbox 3173 2445 3342 2516; x_wconf 76' lang='grc' dir='ltr'>ὄνομα</span> <span class='ocrx_word' id='word_1_457' title='bbox 3380 2449 3473 2499; x_wconf 76' lang='grc' dir='ltr'><strong>καὶ</strong></span> <span class='ocrx_word' id='word_1_458' title='bbox 3518 2449 3671 2519; x_wconf 72' lang='grc' dir='ltr'>παρὰ</span> <span class='ocrx_word' id='word_1_459' title='bbox 3702 2451 3785 2502; x_wconf 81' lang='grc' dir='ltr'><strong>ἀν-</strong></span> 
     </span>
    </p>
   </div>
   <div class='ocr_carea' id='block_1_58' title="bbox 2222 2534 3782 2607">
    <p class='ocr_par' dir='ltr' id='par_1_58' title="bbox 2222 2534 3782 2607">
     <span class='ocr_line' id='line_1_58' title="bbox 2222 2534 3782 2607; baseline 0.003 -18"><span class='ocrx_word' id='word_1_460' title='bbox 2222 2536 2460 2607; x_wconf 86' lang='grc' dir='ltr'>θρώποις</span> <span class='ocrx_word' id='word_1_461' title='bbox 2483 2537 2725 2607; x_wconf 79' lang='grc' dir='ltr'>χωρητὺν</span> <span class='ocrx_word' id='word_1_462' title='bbox 2755 2534 3125 2605; x_wconf 78' lang='grc' dir='ltr'>ἀνελάμϐανεν</span> <span class='ocrx_word' id='word_1_463' title='bbox 3162 2538 3241 2599; x_wconf 74' lang='grc' dir='ltr'>εἰς</span> <span class='ocrx_word' id='word_1_464' title='bbox 3272 2538 3482 2601; x_wconf 75' lang='grc' dir='ltr'>ἑαυτὸν,</span> <span class='ocrx_word' id='word_1_465' title='bbox 3512 2539 3656 2591; x_wconf 76' lang='grc' dir='ltr'>οὕτω</span> <span class='ocrx_word' id='word_1_466' title='bbox 3692 2558 3782 2594; x_wconf 75' lang='grc' dir='ltr'><strong>κα·</strong></span> 
     </span>
    </p>
   </div>
   <div class='ocr_carea' id='block_1_59' title="bbox 2220 2623 3782 2699">
    <p class='ocr_par' dir='ltr' id='par_1_59' title="bbox 2220 2623 3782 2699">
     <span class='ocr_line' id='line_1_59' title="bbox 2220 2623 3782 2699; baseline 0.001 -18"><span class='ocrx_word' id='word_1_467' title='bbox 2220 2626 2475 2699; x_wconf 76' lang='grc' dir='ltr'>λούμενος</span> <span class='ocrx_word' id='word_1_468' title='bbox 2504 2627 2630 2689; x_wconf 77' lang='grc' dir='ltr'>Υἱὸς</span> <span class='ocrx_word' id='word_1_469' title='bbox 2656 2625 2938 2697; x_wconf 78' lang='grc' dir='ltr'>ἀνθρώπου</span> <span class='ocrx_word' id='word_1_470' title='bbox 2959 2664 2974 2688; x_wconf 85' lang='grc'><strong>,</strong></span> <span class='ocrx_word' id='word_1_471' title='bbox 3004 2625 3130 2688; x_wconf 77' lang='grc' dir='ltr'>Υἱὸς</span> <span class='ocrx_word' id='word_1_472' title='bbox 3158 2623 3233 2678; x_wconf 85' lang='grc' dir='ltr'>ὣν</span> <span class='ocrx_word' id='word_1_473' title='bbox 3257 2625 3412 2691; x_wconf 75' lang='grc' dir='ltr'>Θεοῦ,</span> <span class='ocrx_word' id='word_1_474' title='bbox 3451 2629 3547 2679; x_wconf 75' lang='grc' dir='ltr'><strong>καὶ</strong></span> <span class='ocrx_word' id='word_1_475' title='bbox 3570 2629 3628 2681; x_wconf 84' lang='grc' dir='ltr'>ὲν</span> <span class='ocrx_word' id='word_1_476' title='bbox 3660 2645 3782 2696; x_wconf 75' lang='grc' dir='ltr'>προ·</span> 
     </span>
    </p>
   </div>
   <div class='ocr_carea' id='block_1_60' title="bbox 2220 2713 3786 2791">
    <p class='ocr_par' dir='ltr' id='par_1_60' title="bbox 2220 2713 3786 2791">
     <span class='ocr_line' id='line_1_60' title="bbox 2220 2713 3786 2791; baseline 0.001 -20"><span class='ocrx_word' id='word_1_477' title='bbox 2220 2720 2417 2790; x_wconf 83' lang='grc' dir='ltr'>φήταις</span> <span class='ocrx_word' id='word_1_478' title='bbox 2476 2719 2658 2791; x_wconf 86' lang='grc' dir='ltr'>προὼν</span> <span class='ocrx_word' id='word_1_479' title='bbox 2688 2716 3016 2789; x_wconf 74' lang='grc' dir='ltr'><strong>ὠνομάζετο,</strong></span> <span class='ocrx_word' id='word_1_480' title='bbox 3050 2716 3189 2789; x_wconf 77' lang='grc' dir='ltr'>ὅπερ</span> <span class='ocrx_word' id='word_1_481' title='bbox 3227 2717 3377 2771; x_wconf 67' lang='grc' dir='ltr'>οὔπω</span> <span class='ocrx_word' id='word_1_482' title='bbox 3410 2720 3467 2771; x_wconf 81' lang='grc' dir='ltr'><strong>έν</strong></span> <span class='ocrx_word' id='word_1_483' title='bbox 3511 2713 3786 2791; x_wconf 50' lang='grc' dir='ltr'>σαρκὶίῆν,</span> 
     </span>
    </p>
   </div>
   <div class='ocr_carea' id='block_1_61' title="bbox 2216 2809 3789 2881">
    <p class='ocr_par' dir='ltr' id='par_1_61' title="bbox 2216 2809 3789 2881">
     <span class='ocr_line' id='line_1_61' title="bbox 2216 2809 3789 2881; baseline -0.001 -16"><span class='ocrx_word' id='word_1_484' title='bbox 2216 2811 2304 2865; x_wconf 76' lang='grc' dir='ltr'>διὰ</span> <span class='ocrx_word' id='word_1_485' title='bbox 2342 2811 2403 2863; x_wconf 81' lang='grc' dir='ltr'><strong>τὸ</strong></span> <span class='ocrx_word' id='word_1_486' title='bbox 2434 2810 2623 2880; x_wconf 78' lang='grc' dir='ltr'>μέλλον</span> <span class='ocrx_word' id='word_1_487' title='bbox 2661 2812 2719 2864; x_wconf 81' lang='grc' dir='ltr'>ὲν</span> <span class='ocrx_word' id='word_1_488' title='bbox 2769 2811 2917 2881; x_wconf 78' lang='grc' dir='ltr'>αὐτῷ</span> <span class='ocrx_word' id='word_1_489' title='bbox 2949 2809 3276 2864; x_wconf 81' lang='grc' dir='ltr'><strong>τελειοῦσθαι</strong></span> <span class='ocrx_word' id='word_1_490' title='bbox 3297 2825 3311 2838; x_wconf 77' lang='grc'><strong><em>⁸</em></strong></span> <span class='ocrx_word' id='word_1_491' title='bbox 3353 2809 3426 2872; x_wconf 82' lang='grc' dir='ltr'><strong>ὡς</strong></span> <span class='ocrx_word' id='word_1_492' title='bbox 3460 2811 3559 2863; x_wconf 78' lang='grc' dir='ltr'><strong>καὶ</strong></span> <span class='ocrx_word' id='word_1_493' title='bbox 3593 2812 3789 2881; x_wconf 69' lang='grc' dir='ltr'>Δανιὴλ</span> 
     </span>
    </p>
   </div>
   <div class='ocr_carea' id='block_1_62' title="bbox 2216 2893 3790 2967">
    <p class='ocr_par' dir='ltr' id='par_1_62' title="bbox 2216 2893 3790 2967">
     <span class='ocr_line' id='line_1_62' title="bbox 2216 2893 3790 2967; baseline 0.003 -17"><span class='ocrx_word' id='word_1_494' title='bbox 2216 2896 2319 2966; x_wconf 69' lang='grc' dir='ltr'><strong>ἔφη</strong></span> <span class='ocrx_word' id='word_1_495' title='bbox 2337 2913 2349 2926; x_wconf 86' lang='grc'><strong>·</strong></span> <span class='ocrx_word' id='word_1_496' title='bbox 2383 2893 2564 2950; x_wconf 79' lang='grc' dir='ltr'><strong>Εἶδον</strong></span> <span class='ocrx_word' id='word_1_497' title='bbox 2585 2896 2665 2963; x_wconf 85' lang='grc' dir='ltr'>ὡς</span> <span class='ocrx_word' id='word_1_498' title='bbox 2697 2896 2833 2951; x_wconf 79' lang='grc' dir='ltr'><strong>Υιὸν</strong></span> <span class='ocrx_word' id='word_1_499' title='bbox 2863 2897 3176 2966; x_wconf 81' lang='grc' dir='ltr'><strong>ἀνθρώπου</strong></span> <span class='ocrx_word' id='word_1_500' title='bbox 3201 2899 3521 2967; x_wconf 71' lang='grc' dir='ltr'><strong>ἐρχόμενον</strong></span> <span class='ocrx_word' id='word_1_501' title='bbox 3544 2899 3653 2953; x_wconf 75' lang='grc' dir='ltr'><strong><em>ἐπὶ</em></strong></span> <span class='ocrx_word' id='word_1_502' title='bbox 3681 2899 3790 2954; x_wconf 69' lang='grc' dir='ltr'>τῶν</span> 
     </span>
    </p>
   </div>
   <div class='ocr_carea' id='block_1_63' title="bbox 2216 2987 3787 3061">
    <p class='ocr_par' dir='ltr' id='par_1_63' title="bbox 2216 2987 3787 3061">
     <span class='ocr_line' id='line_1_63' title="bbox 2216 2987 3787 3061; baseline 0.001 -20"><span class='ocrx_word' id='word_1_503' title='bbox 2216 2987 2500 3056; x_wconf 72' lang='grc' dir='ltr'><strong>νεφελῶν.</strong></span> <span class='ocrx_word' id='word_1_504' title='bbox 2533 2988 2623 3040; x_wconf 78' lang='grc' dir='ltr'><strong>Διὸ</strong></span> <span class='ocrx_word' id='word_1_505' title='bbox 2642 2988 2861 3052; x_wconf 73' lang='grc' dir='ltr'>δικαίως</span> <span class='ocrx_word' id='word_1_506' title='bbox 2885 2990 2941 3041; x_wconf 81' lang='grc' dir='ltr'>ὲν</span> <span class='ocrx_word' id='word_1_507' title='bbox 2967 2989 3180 3061; x_wconf 81' lang='grc' dir='ltr'>οὐρανῷ</span> <span class='ocrx_word' id='word_1_508' title='bbox 3206 2989 3278 3059; x_wconf 80' lang='grc' dir='ltr'>τῷ</span> <span class='ocrx_word' id='word_1_509' title='bbox 3301 2992 3527 3059; x_wconf 84' lang='grc' dir='ltr'>ὀνόματι</span> <span class='ocrx_word' id='word_1_510' title='bbox 3555 2993 3752 3046; x_wconf 74' lang='grc' dir='ltr'>τοῦτον</span> <span class='ocrx_word' id='word_1_511' title='bbox 3768 2995 3787 3022; x_wconf 71' lang='grc'><strong><em>³</em></strong></span> 
     </span>
    </p>
   </div>
   <div class='ocr_carea' id='block_1_64' title="bbox 2141 3043 3791 3158">
    <p class='ocr_par' dir='ltr' id='par_1_64' title="bbox 2141 3043 3791 3158">
     <span class='ocr_line' id='line_1_64' title="bbox 2141 3043 3791 3158; baseline 0.004 -29"><span class='ocrx_word' id='word_1_512' title='bbox 2141 3043 2303 3130; x_wconf 68' lang='grc' dir='ltr'><strong>Ο’τὸν</strong></span> <span class='ocrx_word' id='word_1_513' title='bbox 2346 3077 2513 3145; x_wconf 84' lang='grc' dir='ltr'>Λόγον</span> <span class='ocrx_word' id='word_1_514' title='bbox 2566 3073 2672 3130; x_wconf 86' lang='grc' dir='ltr'>εἶδε</span> <span class='ocrx_word' id='word_1_515' title='bbox 2701 3043 2976 3147; x_wconf 51' lang='grc' dir='ltr'>Πνεύξιατι</span> <span class='ocrx_word' id='word_1_516' title='bbox 3026 3043 3166 3150; x_wconf 61' lang='grc' dir='ltr'>ἑιγιιρ</span> <span class='ocrx_word' id='word_1_517' title='bbox 3210 3043 3599 3158; x_wconf 30' lang='grc' dir='ltr'>όιπροςοὴτηςο,</span> <span class='ocrx_word' id='word_1_518' title='bbox 3638 3043 3791 3135; x_wconf 25' lang='grc' dir='ltr'><strong>νῗέόν</strong></span> 
     </span>
    </p>
   </div>
   <div class='ocr_carea' id='block_1_65' title="bbox 2225 3168 3790 3241">
    <p class='ocr_par' dir='ltr' id='par_1_65' title="bbox 2225 3168 3790 3241">
     <span class='ocr_line' id='line_1_65' title="bbox 2225 3168 3790 3241; baseline 0.001 -21"><span class='ocrx_word' id='word_1_519' title='bbox 2225 3168 2517 3237; x_wconf 63' lang='grc' dir='ltr'><strong>Ὑψίστου</strong></span> <span class='ocrx_word' id='word_1_520' title='bbox 2542 3169 2848 3223; x_wconf 81' lang='grc' dir='ltr'>ἀποκαλῶν.</span> <span class='ocrx_word' id='word_1_521' title='bbox 2878 3170 2969 3223; x_wconf 79' lang='grc' dir='ltr'><strong>Διὸ</strong></span> <span class='ocrx_word' id='word_1_522' title='bbox 3011 3172 3080 3222; x_wconf 77' lang='grc' dir='ltr'><strong>τὰ</strong></span> <span class='ocrx_word' id='word_1_523' title='bbox 3122 3169 3311 3241; x_wconf 84' lang='grc' dir='ltr'>πρῶτα</span> <span class='ocrx_word' id='word_1_524' title='bbox 3340 3170 3544 3240; x_wconf 80' lang='grc' dir='ltr'>ὕστερα</span> <span class='ocrx_word' id='word_1_525' title='bbox 3589 3173 3790 3241; x_wconf 66' lang='grc' dir='ltr'><strong>σημαῖ-</strong></span> 
     </span>
    </p>
   </div>
   <div class='ocr_carea' id='block_1_66' title="bbox 2214 3258 3789 3329">
    <p class='ocr_par' dir='ltr' id='par_1_66' title="bbox 2214 3258 3789 3329">
     <span class='ocr_line' id='line_1_66' title="bbox 2214 3258 3789 3329; baseline 0.001 -19"><span class='ocrx_word' id='word_1_526' title='bbox 2214 3275 2318 3311; x_wconf 86' lang='grc' dir='ltr'><strong>νων</strong></span> <span class='ocrx_word' id='word_1_527' title='bbox 2351 3259 2379 3310; x_wconf 94' lang='lat'><strong>6</strong></span> <span class='ocrx_word' id='word_1_528' title='bbox 2402 3258 2717 3329; x_wconf 76' lang='grc' dir='ltr'>’Μονογενὴς</span> <span class='ocrx_word' id='word_1_529' title='bbox 2739 3298 2753 3320; x_wconf 86' lang='grc'><strong>,</strong></span> <span class='ocrx_word' id='word_1_530' title='bbox 2797 3259 2994 3327; x_wconf 78' lang='grc' dir='ltr'>φάσκει</span> <span class='ocrx_word' id='word_1_531' title='bbox 3013 3275 3025 3288; x_wconf 79' lang='lat'><strong>&#39;</strong></span> <span class='ocrx_word' id='word_1_532' title='bbox 3065 3258 3274 3325; x_wconf 79' lang='grc' dir='ltr'><strong>Οὐδεὶς</strong></span> <span class='ocrx_word' id='word_1_533' title='bbox 3304 3260 3680 3325; x_wconf 73' lang='grc' dir='ltr'>ἀναϐέϐηκεν</span> <span class='ocrx_word' id='word_1_534' title='bbox 3702 3263 3789 3326; x_wconf 69' lang='grc' dir='ltr'>εἰς</span> 
     </span>
    </p>
   </div>
   <div class='ocr_carea' id='block_1_67' title="bbox 543 3348 2114 3424">
    <p class='ocr_par' dir='ltr' id='par_1_67' title="bbox 543 3353 2111 3424">
     <span class='ocr_line' id='line_1_67' title="bbox 543 3353 2111 3424; baseline -0.002 -12"><span class='ocrx_word' id='word_1_535' title='bbox 543 3358 670 3412; x_wconf 89' lang='lat' dir='ltr'><strong>dum</strong></span> <span class='ocrx_word' id='word_1_536' title='bbox 695 3366 970 3421; x_wconf 88' lang='lat' dir='ltr'><strong>erat,esse</strong></span> <span class='ocrx_word' id='word_1_537' title='bbox 1000 3363 1123 3408; x_wconf 86' lang='lat' dir='ltr'><strong>ante</strong></span> <span class='ocrx_word' id='word_1_538' title='bbox 1151 3353 1623 3424; x_wconf 86' lang='lat' dir='ltr'><strong>pronuntiabatur,</strong></span> <span class='ocrx_word' id='word_1_539' title='bbox 1655 3364 1873 3423; x_wconf 89' lang='lat' dir='ltr'><strong>propter</strong></span> <span class='ocrx_word' id='word_1_540' title='bbox 1889 3354 1942 3407; x_wconf 92' lang='lat' dir='ltr'><strong>id</strong></span> <span class='ocrx_word' id='word_1_541' title='bbox 1967 3354 2111 3423; x_wconf 89' lang='lat' dir='ltr'><strong>quod</strong></span> 
     </span>
    </p>
   </div>
   <div class='ocr_carea' id='block_1_68' title="bbox 2215 3348 3789 3424">
    <p class='ocr_par' dir='ltr' id='par_1_68' title="bbox 2215 3348 3789 3419">
     <span class='ocr_line' id='line_1_68' title="bbox 2215 3348 3789 3419; baseline 0.001 -17"><span class='ocrx_word' id='word_1_542' title='bbox 2215 3349 2319 3403; x_wconf 77' lang='grc' dir='ltr'><strong>τόν</strong></span> <span class='ocrx_word' id='word_1_543' title='bbox 2352 3350 2632 3418; x_wconf 71' lang='grc' dir='ltr'>οὐρανὸν,</span> <span class='ocrx_word' id='word_1_544' title='bbox 2650 3352 2699 3404; x_wconf 84' lang='grc' dir='ltr'><strong>εἰ</strong></span> <span class='ocrx_word' id='word_1_545' title='bbox 2722 3350 2807 3419; x_wconf 81' lang='grc' dir='ltr'><strong>μὴ</strong></span> <span class='ocrx_word' id='word_1_546' title='bbox 2836 3348 2955 3404; x_wconf 56' lang='lat' dir='ltr'><strong>es»</strong></span> <span class='ocrx_word' id='word_1_547' title='bbox 2988 3349 3093 3403; x_wconf 85' lang='grc' dir='ltr'><strong>τοῦ</strong></span> <span class='ocrx_word' id='word_1_548' title='bbox 3124 3350 3383 3417; x_wconf 74' lang='grc' dir='ltr'>οὐρανοῦ</span> <span class='ocrx_word' id='word_1_549' title='bbox 3411 3353 3675 3417; x_wconf 76' lang='grc' dir='ltr'>καταϐὰς</span> <span class='ocrx_word' id='word_1_550' title='bbox 3695 3392 3710 3415; x_wconf 89' lang='grc'><strong>,</strong></span> <span class='ocrx_word' id='word_1_551' title='bbox 3753 3353 3789 3404; x_wconf 84' lang='grc' dir='ltr'><strong>ό</strong></span> 
     </span>
    </p>
   </div>
   <div class='ocr_carea' id='block_1_69' title="bbox 541 3438 2114 3513">
    <p class='ocr_par' dir='ltr' id='par_1_69' title="bbox 541 3440 2106 3513">
     <span class='ocr_line' id='line_1_69' title="bbox 541 3440 2106 3513; baseline -0.003 -12"><span class='ocrx_word' id='word_1_552' title='bbox 541 3457 659 3502; x_wconf 88' lang='lat' dir='ltr'><strong>erat</strong></span> <span class='ocrx_word' id='word_1_553' title='bbox 693 3448 745 3499; x_wconf 90' lang='lat' dir='ltr'><strong>in</strong></span> <span class='ocrx_word' id='word_1_554' title='bbox 770 3461 835 3499; x_wconf 79' lang='lat' dir='ltr'><strong>eo</strong></span> <span class='ocrx_word' id='word_1_555' title='bbox 859 3444 1267 3513; x_wconf 78' lang='lat' dir='ltr'><strong>perficiendum.</strong></span> <span class='ocrx_word' id='word_1_556' title='bbox 1300 3442 1480 3507; x_wconf 87' lang='lat' dir='ltr'><strong>Quare</strong></span> <span class='ocrx_word' id='word_1_557' title='bbox 1509 3444 1581 3496; x_wconf 90' lang='lat' dir='ltr'><strong>ita</strong></span> <span class='ocrx_word' id='word_1_558' title='bbox 1610 3440 1799 3498; x_wconf 88' lang='lat' dir='ltr'><strong>Daniel</strong></span> <span class='ocrx_word' id='word_1_559' title='bbox 1830 3442 2068 3512; x_wconf 89' lang='lat' dir='ltr'><strong>loquitur</strong></span> <span class='ocrx_word' id='word_1_560' title='bbox 2093 3462 2106 3497; x_wconf 89' lang='lat'><strong>:</strong></span> 
     </span>
    </p>
   </div>
   <div class='ocr_carea' id='block_1_70' title="bbox 2215 3438 3781 3513">
    <p class='ocr_par' dir='ltr' id='par_1_70' title="bbox 2222 3438 3781 3513">
     <span class='ocr_line' id='line_1_70' title="bbox 2222 3438 3781 3513; baseline 0.003 -18"><span class='ocrx_word' id='word_1_561' title='bbox 2222 3442 2353 3509; x_wconf 70' lang='grc' dir='ltr'><strong>Υἱὸς</strong></span> <span class='ocrx_word' id='word_1_562' title='bbox 2386 3441 2490 3496; x_wconf 83' lang='grc' dir='ltr'><strong>τοῦ</strong></span> <span class='ocrx_word' id='word_1_563' title='bbox 2531 3443 2876 3513; x_wconf 67' lang='grc' dir='ltr'><strong>ἀνθρώπου⁸</strong></span> <span class='ocrx_word' id='word_1_564' title='bbox 2906 3443 3003 3512; x_wconf 77' lang='grc' dir='ltr'><strong>οὐχ</strong></span> <span class='ocrx_word' id='word_1_565' title='bbox 3050 3445 3129 3497; x_wconf 84' lang='grc' dir='ltr'><strong>ὅτι</strong></span> <span class='ocrx_word' id='word_1_566' title='bbox 3172 3443 3229 3495; x_wconf 87' lang='grc' dir='ltr'><strong>δὲ</strong></span> <span class='ocrx_word' id='word_1_567' title='bbox 3276 3442 3389 3496; x_wconf 81' lang='grc' dir='ltr'>ἄνω</span> <span class='ocrx_word' id='word_1_568' title='bbox 3437 3438 3508 3513; x_wconf 81' lang='grc' dir='ltr'>ἧν</span> <span class='ocrx_word' id='word_1_569' title='bbox 3555 3447 3587 3512; x_wconf 81' lang='grc' dir='ltr'>ὴ</span> <span class='ocrx_word' id='word_1_570' title='bbox 3627 3441 3781 3512; x_wconf 65' lang='grc' dir='ltr'>σὰρξ.</span> 
     </span>
    </p>
   </div>
   <div class='ocr_carea' id='block_1_71' title="bbox 549 3532 2114 3607">
    <p class='ocr_par' dir='ltr' id='par_1_71' title="bbox 549 3532 2101 3597">
     <span class='ocr_line' id='line_1_71' title="bbox 549 3532 2101 3597; baseline -0.001 -7"><span class='ocrx_word' id='word_1_571' title='bbox 549 3537 667 3590; x_wconf 84' lang='lat' dir='ltr'><strong>Vidi</strong></span> <span class='ocrx_word' id='word_1_572' title='bbox 690 3552 837 3597; x_wconf 76' lang='lat' dir='ltr'><strong>quasi</strong></span> <span class='ocrx_word' id='word_1_573' title='bbox 872 3532 1074 3586; x_wconf 85' lang='lat' dir='ltr'><strong>Filium</strong></span> <span class='ocrx_word' id='word_1_574' title='bbox 1121 3533 1345 3587; x_wconf 82' lang='lat' dir='ltr'><strong>hominis</strong></span> <span class='ocrx_word' id='word_1_575' title='bbox 1373 3534 1655 3587; x_wconf 83' lang='lat' dir='ltr'><strong>venientem</strong></span> <span class='ocrx_word' id='word_1_576' title='bbox 1716 3535 1770 3587; x_wconf 88' lang='lat' dir='ltr'><strong>in</strong></span> <span class='ocrx_word' id='word_1_577' title='bbox 1817 3534 2038 3588; x_wconf 85' lang='lat' dir='ltr'><strong>nubibus</strong></span> <span class='ocrx_word' id='word_1_578' title='bbox 2061 3536 2101 3588; x_wconf 86' lang='lat'><strong>&#39;.</strong></span> 
     </span>
    </p>
   </div>
   <div class='ocr_carea' id='block_1_72' title="bbox 2215 3532 3781 3607">
    <p class='ocr_par' dir='ltr' id='par_1_72' title="bbox 2215 3532 3781 3607">
     <span class='ocr_line' id='line_1_72' title="bbox 2215 3532 3781 3607; baseline -0.003 -17"><span class='ocrx_word' id='word_1_579' title='bbox 2215 3535 2345 3590; x_wconf 79' lang='grc' dir='ltr'>ἀλλὰ</span> <span class='ocrx_word' id='word_1_580' title='bbox 2373 3532 2576 3589; x_wconf 72' lang='grc' dir='ltr'>ἄνωθεν</span> <span class='ocrx_word' id='word_1_581' title='bbox 2602 3536 2929 3607; x_wconf 73' lang='grc' dir='ltr'><strong>κατήρχετο,</strong></span> <span class='ocrx_word' id='word_1_582' title='bbox 2958 3532 3131 3606; x_wconf 82' lang='grc' dir='ltr'>τούτῳ</span> <span class='ocrx_word' id='word_1_583' title='bbox 3168 3535 3243 3605; x_wconf 82' lang='grc' dir='ltr'>τῷ</span> <span class='ocrx_word' id='word_1_584' title='bbox 3264 3536 3409 3605; x_wconf 80' lang='grc' dir='ltr'>λόγῳ</span> <span class='ocrx_word' id='word_1_585' title='bbox 3437 3534 3650 3606; x_wconf 81' lang='grc' dir='ltr'>μέλλων</span> <span class='ocrx_word' id='word_1_586' title='bbox 3682 3553 3781 3587; x_wconf 74' lang='grc' dir='ltr'><strong>κα-</strong></span> 
     </span>
    </p>
   </div>
   <div class='ocr_carea' id='block_1_73' title="bbox 541 3623 2438 3685">
    <p class='ocr_par' dir='ltr' id='par_1_73' title="bbox 541 3623 2438 3685">
     <span class='ocr_line' id='line_1_73' title="bbox 541 3623 2438 3685; baseline 0.001 -6"><span class='ocrx_word' id='word_1_587' title='bbox 541 3628 695 3683; x_wconf 83' lang='lat' dir='ltr'><strong>Unde</strong></span> <span class='ocrx_word' id='word_1_588' title='bbox 725 3628 919 3682; x_wconf 84' lang='lat' dir='ltr'><strong>merito</strong></span> <span class='ocrx_word' id='word_1_589' title='bbox 950 3627 1004 3681; x_wconf 90' lang='lat' dir='ltr'><strong>in</strong></span> <span class='ocrx_word' id='word_1_590' title='bbox 1024 3627 1164 3681; x_wconf 58' lang='lat' dir='ltr'><strong>caelo</strong></span> <span class='ocrx_word' id='word_1_591' title='bbox 1196 3627 1296 3682; x_wconf 85' lang='lat' dir='ltr'><strong>hoc</strong></span> <span class='ocrx_word' id='word_1_592' title='bbox 1327 3626 1577 3681; x_wconf 78' lang='lat' dir='ltr'><strong>allectum</strong></span> <span class='ocrx_word' id='word_1_593' title='bbox 1617 3627 1840 3682; x_wconf 91' lang='lat' dir='ltr'><strong>nomine</strong></span> <span class='ocrx_word' id='word_1_594' title='bbox 1866 3626 2105 3685; x_wconf 76' lang='lat' dir='ltr'><strong>Verbum</strong></span> <span class='ocrx_word' id='word_1_595' title='bbox 2210 3623 2438 3681; x_wconf 84' lang='grc' dir='ltr'>λεῖσθαι.</span> 
     </span>
    </p>
   </div>
   <div class='ocr_carea' id='block_1_74' title="bbox 476 3718 3781 3793">
    <p class='ocr_par' dir='ltr' id='par_1_74' title="bbox 476 3718 3781 3793">
     <span class='ocr_line' id='line_1_74' title="bbox 476 3718 3781 3793; baseline -0.002 -18"><span class='ocrx_word' id='word_1_596' title='bbox 476 3790 479 3793; x_wconf 94' lang='lat'><em>_</em></span> <span class='ocrx_word' id='word_1_597' title='bbox 537 3721 711 3776; x_wconf 87' lang='lat' dir='ltr'><strong>sancti</strong></span> <span class='ocrx_word' id='word_1_598' title='bbox 776 3719 1012 3790; x_wconf 89' lang='lat' dir='ltr'><strong>Spiritus</strong></span> <span class='ocrx_word' id='word_1_599' title='bbox 1069 3719 1249 3775; x_wconf 74' lang='lat' dir='ltr'><strong>aﬂlatu</strong></span> <span class='ocrx_word' id='word_1_600' title='bbox 1313 3723 1578 3791; x_wconf 82' lang='lat' dir='ltr'><strong>propheta</strong></span> <span class='ocrx_word' id='word_1_601' title='bbox 1632 3724 1936 3791; x_wconf 72' lang='lat' dir='ltr'><strong>perspexit;</strong></span> <span class='ocrx_word' id='word_1_602' title='bbox 1995 3722 2087 3792; x_wconf 89' lang='lat' dir='ltr'><strong>qui</strong></span> <span class='ocrx_word' id='word_1_603' title='bbox 2127 3718 2329 3775; x_wconf 84' lang='lat' dir='ltr'><strong>Filium</strong></span> <span class='ocrx_word' id='word_1_604' title='bbox 2367 3718 2631 3771; x_wconf 78' lang='lat' dir='ltr'><strong>Altissimi</strong></span> <span class='ocrx_word' id='word_1_605' title='bbox 2675 3720 2905 3774; x_wconf 87' lang='lat' dir='ltr'><strong>vocavit.</strong></span> <span class='ocrx_word' id='word_1_606' title='bbox 2947 3719 3216 3786; x_wconf 83' lang='lat' dir='ltr'><strong>Quocirca</strong></span> <span class='ocrx_word' id='word_1_607' title='bbox 3254 3734 3374 3790; x_wconf 63' lang='lat' dir='ltr'><strong>quae</strong></span> <span class='ocrx_word' id='word_1_608' title='bbox 3414 3719 3592 3790; x_wconf 79' lang='lat' dir='ltr'><strong>prima</strong></span> <span class='ocrx_word' id='word_1_609' title='bbox 3656 3725 3781 3774; x_wconf 85' lang='lat' dir='ltr'><strong>sunt</strong></span> 
     </span>
    </p>
   </div>
   <div class='ocr_carea' id='block_1_75' title="bbox 535 3813 3777 3895">
    <p class='ocr_par' dir='ltr' id='par_1_75' title="bbox 535 3813 3777 3895">
     <span class='ocr_line' id='line_1_75' title="bbox 535 3813 3777 3895; baseline 0 -29"><span class='ocrx_word' id='word_1_610' title='bbox 535 3813 824 3895; x_wconf 67' lang='lat' dir='ltr'><strong>pomeriori</strong></span> <span class='ocrx_word' id='word_1_611' title='bbox 861 3815 1051 3870; x_wconf 85' lang='lat' dir='ltr'><strong>ordine</strong></span> <span class='ocrx_word' id='word_1_612' title='bbox 1103 3814 1388 3871; x_wconf 88' lang='lat' dir='ltr'><strong>declarans</strong></span> <span class='ocrx_word' id='word_1_613' title='bbox 1434 3817 1747 3885; x_wconf 77' lang='lat' dir='ltr'><strong>unigenitus</strong></span> <span class='ocrx_word' id='word_1_614' title='bbox 1787 3815 1880 3872; x_wconf 91' lang='lat' dir='ltr'><strong>Dei</strong></span> <span class='ocrx_word' id='word_1_615' title='bbox 1917 3814 2122 3872; x_wconf 82' lang='lat' dir='ltr'><strong>Filius:</strong></span> <span class='ocrx_word' id='word_1_616' title='bbox 2157 3814 2345 3880; x_wconf 83' lang='lat' dir='ltr'><strong>Nemo,</strong></span> <span class='ocrx_word' id='word_1_617' title='bbox 2403 3813 2613 3883; x_wconf 86' lang='lat' dir='ltr'><strong>inquit,</strong></span> <span class='ocrx_word' id='word_1_618' title='bbox 2667 3816 2898 3868; x_wconf 75' lang='lat' dir='ltr'><strong>ascendit</strong></span> <span class='ocrx_word' id='word_1_619' title='bbox 2942 3816 2997 3869; x_wconf 88' lang='lat' dir='ltr'><strong>in</strong></span> <span class='ocrx_word' id='word_1_620' title='bbox 3028 3816 3231 3880; x_wconf 74' lang='lat' dir='ltr'><strong>cmlum,</strong></span> <span class='ocrx_word' id='word_1_621' title='bbox 3278 3815 3383 3869; x_wconf 84' lang='lat' dir='ltr'><strong>nisi</strong></span> <span class='ocrx_word' id='word_1_622' title='bbox 3423 3817 3515 3883; x_wconf 83' lang='lat' dir='ltr'><strong>qui</strong></span> <span class='ocrx_word' id='word_1_623' title='bbox 3546 3815 3614 3868; x_wconf 86' lang='lat' dir='ltr'><strong>de</strong></span> <span class='ocrx_word' id='word_1_624' title='bbox 3654 3815 3777 3867; x_wconf 75' lang='lat' dir='ltr'><strong>arto</strong></span> 
     </span>
    </p>
   </div>
   <div class='ocr_carea' id='block_1_76' title="bbox 530 3900 3777 3978">
    <p class='ocr_par' dir='ltr' id='par_1_76' title="bbox 530 3900 3777 3978">
     <span class='ocr_line' id='line_1_76' title="bbox 530 3900 3777 3978; baseline -0 -20"><span class='ocrx_word' id='word_1_625' title='bbox 530 3900 829 3972; x_wconf 77' lang='lat' dir='ltr'><strong>descendit,</strong></span> <span class='ocrx_word' id='word_1_626' title='bbox 872 3904 1046 3961; x_wconf 86' lang='lat' dir='ltr'><strong>Filius</strong></span> <span class='ocrx_word' id='word_1_627' title='bbox 1080 3908 1324 3962; x_wconf 83' lang='lat' dir='ltr'><strong>hominis.</strong></span> <span class='ocrx_word' id='word_1_628' title='bbox 1354 3906 1473 3963; x_wconf 85' lang='lat' dir='ltr'><strong>Non</strong></span> <span class='ocrx_word' id='word_1_629' title='bbox 1509 3911 1654 3978; x_wconf 87' lang='lat' dir='ltr'><strong>quod</strong></span> <span class='ocrx_word' id='word_1_630' title='bbox 1698 3924 1829 3964; x_wconf 89' lang='lat' dir='ltr'><strong>caro</strong></span> <span class='ocrx_word' id='word_1_631' title='bbox 1871 3917 2017 3965; x_wconf 80' lang='lat' dir='ltr'><strong>esset</strong></span> <span class='ocrx_word' id='word_1_632' title='bbox 2049 3910 2102 3963; x_wconf 91' lang='lat' dir='ltr'><strong>in</strong></span> <span class='ocrx_word' id='word_1_633' title='bbox 2134 3908 2300 3971; x_wconf 67' lang='lat' dir='ltr'><strong>caelo,</strong></span> <span class='ocrx_word' id='word_1_634' title='bbox 2334 3906 2441 3962; x_wconf 86' lang='lat' dir='ltr'><strong>sed</strong></span> <span class='ocrx_word' id='word_1_635' title='bbox 2496 3906 2640 3975; x_wconf 85' lang='lat' dir='ltr'><strong>quod</strong></span> <span class='ocrx_word' id='word_1_636' title='bbox 2675 3921 2705 3962; x_wconf 94' lang='lat' dir='ltr'><strong>e</strong></span> <span class='ocrx_word' id='word_1_637' title='bbox 2740 3908 2878 3961; x_wconf 86' lang='lat' dir='ltr'><strong>coelo</strong></span> <span class='ocrx_word' id='word_1_638' title='bbox 2934 3907 3316 3973; x_wconf 83' lang='lat' dir='ltr'><strong>descenderet,</strong></span> <span class='ocrx_word' id='word_1_639' title='bbox 3365 3908 3461 3977; x_wconf 88' lang='lat' dir='ltr'><strong>qui</strong></span> <span class='ocrx_word' id='word_1_640' title='bbox 3504 3904 3777 3978; x_wconf 68' lang='lat' dir='ltr'><strong>ejusmodi</strong></span> 
     </span>
    </p>
   </div>
   <div class='ocr_carea' id='block_1_77' title="bbox 529 4001 1376 4059">
    <p class='ocr_par' dir='ltr' id='par_1_77' title="bbox 529 4001 1376 4059">
     <span class='ocr_line' id='line_1_77' title="bbox 529 4001 1376 4059; baseline 0.001 -3"><span class='ocrx_word' id='word_1_641' title='bbox 529 4011 675 4058; x_wconf 83' lang='lat' dir='ltr'><strong>esset</strong></span> <span class='ocrx_word' id='word_1_642' title='bbox 698 4001 963 4056; x_wconf 87' lang='lat' dir='ltr'><strong>vocabulo</strong></span> <span class='ocrx_word' id='word_1_643' title='bbox 991 4002 1376 4059; x_wconf 88' lang='lat' dir='ltr'><strong>nominandus.</strong></span> 
     </span>
    </p>
   </div>
   <div class='ocr_carea' id='block_1_78' title="bbox 601 4084 2114 4168">
    <p class='ocr_par' dir='ltr' id='par_1_78' title="bbox 601 4095 2100 4168">
     <span class='ocr_line' id='line_1_78' title="bbox 601 4095 2100 4168; baseline -0.001 -17"><span class='ocrx_word' id='word_1_644' title='bbox 601 4096 692 4152; x_wconf 84' lang='lat' dir='ltr'><strong>IX.</strong></span> <span class='ocrx_word' id='word_1_645' title='bbox 734 4095 934 4152; x_wconf 81' lang='lat' dir='ltr'><strong>Verum</strong></span> <span class='ocrx_word' id='word_1_646' title='bbox 984 4096 1114 4168; x_wconf 87' lang='lat' dir='ltr'><strong>quid</strong></span> <span class='ocrx_word' id='word_1_647' title='bbox 1166 4096 1405 4163; x_wconf 87' lang='lat' dir='ltr'><strong>tandem,</strong></span> <span class='ocrx_word' id='word_1_648' title='bbox 1449 4097 1524 4151; x_wconf 90' lang='lat' dir='ltr'><strong>mi</strong></span> <span class='ocrx_word' id='word_1_649' title='bbox 1576 4098 1761 4161; x_wconf 88' lang='lat' dir='ltr'><strong>homo,</strong></span> <span class='ocrx_word' id='word_1_650' title='bbox 1818 4096 2100 4168; x_wconf 82' lang='lat' dir='ltr'><strong>proferes?</strong></span> 
     </span>
    </p>
   </div>
   <div class='ocr_carea' id='block_1_79' title="bbox 2215 4084 3783 4168">
    <p class='ocr_par' dir='ltr' id='par_1_79' title="bbox 2275 4084 3783 4161">
     <span class='ocr_line' id='line_1_79' title="bbox 2275 4084 3783 4161; baseline 0.001 -17"><span class='ocrx_word' id='word_1_651' title='bbox 2275 4090 2348 4144; x_wconf 78' lang='lat'><strong>8&#39;.</strong></span> <span class='ocrx_word' id='word_1_652' title='bbox 2402 4091 2558 4144; x_wconf 78' lang='grc' dir='ltr'>Ἀλλὰ</span> <span class='ocrx_word' id='word_1_653' title='bbox 2608 4090 2658 4143; x_wconf 82' lang='grc' dir='ltr'>τί</span> <span class='ocrx_word' id='word_1_654' title='bbox 2687 4093 2833 4144; x_wconf 82' lang='grc' dir='ltr'>ἐστιν</span> <span class='ocrx_word' id='word_1_655' title='bbox 2879 4089 2908 4142; x_wconf 84' lang='grc' dir='ltr'><strong>ὃ</strong></span> <span class='ocrx_word' id='word_1_656' title='bbox 2946 4091 3109 4159; x_wconf 81' lang='grc' dir='ltr'>ἐρεῖς,</span> <span class='ocrx_word' id='word_1_657' title='bbox 3154 4084 3415 4154; x_wconf 78' lang='grc' dir='ltr'>ὧοῦτος;</span> <span class='ocrx_word' id='word_1_658' title='bbox 3462 4090 3671 4161; x_wconf 74' lang='grc' dir='ltr'>Φηιτίν·</span> <span class='ocrx_word' id='word_1_659' title='bbox 3716 4093 3783 4145; x_wconf 77' lang='lat'><strong>&#39;0</strong></span> 
     </span>
    </p>
   </div>
   <div class='ocr_carea' id='block_1_80' title="bbox 530 4169 2114 4259">
    <p class='ocr_par' dir='ltr' id='par_1_80' title="bbox 530 4186 2095 4259">
     <span class='ocr_line' id='line_1_80' title="bbox 530 4186 2095 4259; baseline -0.001 -17"><span class='ocrx_word' id='word_1_660' title='bbox 530 4190 802 4257; x_wconf 90' lang='lat' dir='ltr'><strong>Scriptum</strong></span> <span class='ocrx_word' id='word_1_661' title='bbox 833 4196 937 4253; x_wconf 88' lang='lat' dir='ltr'><strong>est,</strong></span> <span class='ocrx_word' id='word_1_662' title='bbox 979 4188 1154 4259; x_wconf 89' lang='lat' dir='ltr'><strong>inquit</strong></span> <span class='ocrx_word' id='word_1_663' title='bbox 1182 4206 1194 4242; x_wconf 89' lang='lat'><strong>:</strong></span> <span class='ocrx_word' id='word_1_664' title='bbox 1228 4186 1336 4242; x_wconf 87' lang='lat' dir='ltr'><strong>Iste</strong></span> <span class='ocrx_word' id='word_1_665' title='bbox 1382 4188 1521 4243; x_wconf 80' lang='lat' dir='ltr'><strong>Deus</strong></span> <span class='ocrx_word' id='word_1_666' title='bbox 1554 4197 1631 4242; x_wconf 87' lang='lat' dir='ltr'><strong>est</strong></span> <span class='ocrx_word' id='word_1_667' title='bbox 1661 4199 1853 4252; x_wconf 81' lang='lat' dir='ltr'><strong>noster,</strong></span> <span class='ocrx_word' id='word_1_668' title='bbox 1900 4199 1948 4242; x_wconf 89' lang='lat' dir='ltr'><strong>et</strong></span> <span class='ocrx_word' id='word_1_669' title='bbox 1994 4205 2095 4241; x_wconf 85' lang='lat' dir='ltr'><strong>non</strong></span> 
     </span>
    </p>
   </div>
   <div class='ocr_carea' id='block_1_81' title="bbox 2215 4169 3784 4259">
    <p class='ocr_par' dir='ltr' id='par_1_81' title="bbox 2215 4169 3784 4254">
     <span class='ocr_line' id='line_1_81' title="bbox 2215 4169 3784 4254; baseline -0.001 -17"><span class='ocrx_word' id='word_1_670' title='bbox 2215 4186 2349 4252; x_wconf 72' lang='grc' dir='ltr'>θεὸς</span> <span class='ocrx_word' id='word_1_671' title='bbox 2390 4184 2578 4254; x_wconf 70' lang='grc' dir='ltr'><strong>ἡμῶν,</strong></span> <span class='ocrx_word' id='word_1_672' title='bbox 2612 4169 2709 4237; x_wconf 73' lang='grc' dir='ltr'><strong>καὶ</strong></span> <span class='ocrx_word' id='word_1_673' title='bbox 2742 4186 2814 4237; x_wconf 80' lang='grc' dir='ltr'>οὐ</span> <span class='ocrx_word' id='word_1_674' title='bbox 2844 4182 3267 4252; x_wconf 72' lang='grc' dir='ltr'>λογισθήσεται</span> <span class='ocrx_word' id='word_1_675' title='bbox 3316 4172 3525 4247; x_wconf 64' lang='grc' dir='ltr'>ἄλλος.</span> <span class='ocrx_word' id='word_1_676' title='bbox 3577 4182 3784 4246; x_wconf 78' lang='grc' dir='ltr'>Καλῶς</span> 
     </span>
    </p>
   </div>
   <div class='ocr_carea' id='block_1_82' title="bbox 527 4272 2114 4371">
    <p class='ocr_par' dir='ltr' id='par_1_82' title="bbox 527 4279 2093 4351">
     <span class='ocr_line' id='line_1_82' title="bbox 527 4279 2093 4351; baseline -0.001 -17"><span class='ocrx_word' id='word_1_677' title='bbox 527 4281 877 4334; x_wconf 76' lang='grc' dir='ltr'>ωειὶηιαὸίιιιι·</span> <span class='ocrx_word' id='word_1_678' title='bbox 925 4280 1121 4335; x_wconf 78' lang='lat' dir='ltr'><strong>alius’.</strong></span> <span class='ocrx_word' id='word_1_679' title='bbox 1156 4279 1420 4336; x_wconf 66' lang='lat' dir='ltr'><strong>Praeclare</strong></span> <span class='ocrx_word' id='word_1_680' title='bbox 1448 4295 1598 4347; x_wconf 89' lang='lat' dir='ltr'><strong>vero,</strong></span> <span class='ocrx_word' id='word_1_681' title='bbox 1637 4281 2093 4351; x_wconf 80' lang='lat' dir='ltr'><strong>quemadmodum</strong></span> 
     </span>
    </p>
   </div>
   <div class='ocr_carea' id='block_1_83' title="bbox 2215 4272 3781 4371">
    <p class='ocr_par' dir='ltr' id='par_1_83' title="bbox 2215 4272 3781 4347">
     <span class='ocr_line' id='line_1_83' title="bbox 2215 4272 3781 4347; baseline -0.001 -20"><span class='ocrx_word' id='word_1_682' title='bbox 2215 4276 2341 4329; x_wconf 72' lang='grc' dir='ltr'>πάνυ</span> <span class='ocrx_word' id='word_1_683' title='bbox 2369 4276 2491 4347; x_wconf 69' lang='grc' dir='ltr'>ἔφη,</span> <span class='ocrx_word' id='word_1_684' title='bbox 2519 4276 2594 4338; x_wconf 87' lang='grc' dir='ltr'>ὼς</span> <span class='ocrx_word' id='word_1_685' title='bbox 2621 4276 2713 4328; x_wconf 59' lang='grc' dir='ltr'><strong>καὶ⁵</strong></span> <span class='ocrx_word' id='word_1_686' title='bbox 2732 4277 2759 4328; x_wconf 90' lang='lat'><strong>6</strong></span> <span class='ocrx_word' id='word_1_687' title='bbox 2791 4274 3105 4337; x_wconf 76' lang='grc' dir='ltr'>Ἀπόστολος</span> <span class='ocrx_word' id='word_1_688' title='bbox 3129 4272 3546 4339; x_wconf 77' lang='grc' dir='ltr'>διαϐεϐαιοῦται,</span> <span class='ocrx_word' id='word_1_689' title='bbox 3573 4272 3781 4342; x_wconf 66' lang='grc' dir='ltr'>λέγων*</span> 
     </span>
    </p>
   </div>
   <div class='ocr_carea' id='block_1_84' title="bbox 527 4360 2114 4443">
    <p class='ocr_par' dir='ltr' id='par_1_84' title="bbox 527 4371 2093 4443">
     <span class='ocr_line' id='line_1_84' title="bbox 527 4371 2093 4443; baseline 0.001 -20"><span class='ocrx_word' id='word_1_690' title='bbox 527 4378 581 4423; x_wconf 88' lang='lat' dir='ltr'><strong>et</strong></span> <span class='ocrx_word' id='word_1_691' title='bbox 619 4372 911 4440; x_wconf 82' lang='lat' dir='ltr'><strong>Apostolus</strong></span> <span class='ocrx_word' id='word_1_692' title='bbox 954 4371 1181 4425; x_wconf 78' lang='lat' dir='ltr'><strong>aliirmat</strong></span> <span class='ocrx_word' id='word_1_693' title='bbox 1209 4391 1221 4425; x_wconf 92' lang='lat'><strong>:</strong></span> <span class='ocrx_word' id='word_1_694' title='bbox 1248 4372 1510 4438; x_wconf 81' lang='lat' dir='ltr'><strong>Quarum,</strong></span> <span class='ocrx_word' id='word_1_695' title='bbox 1546 4373 1743 4443; x_wconf 66' lang='lat' dir='ltr'><strong>inquit,</strong></span> <span class='ocrx_word' id='word_1_696' title='bbox 1777 4382 1952 4441; x_wconf 85' lang='lat' dir='ltr'><strong>patres</strong></span> <span class='ocrx_word' id='word_1_697' title='bbox 1974 4414 1988 4434; x_wconf 93' lang='lat'><strong>,</strong></span> <span class='ocrx_word' id='word_1_698' title='bbox 2028 4386 2093 4425; x_wconf 75' lang='lat' dir='ltr'><strong>ea:</strong></span> 
     </span>
    </p>
   </div>
   <div class='ocr_carea' id='block_1_85' title="bbox 2215 4360 3779 4443">
    <p class='ocr_par' dir='ltr' id='par_1_85' title="bbox 2215 4360 3779 4434">
     <span class='ocr_line' id='line_1_85' title="bbox 2215 4360 3779 4434; baseline -0.002 -12"><span class='ocrx_word' id='word_1_699' title='bbox 2215 4362 2308 4422; x_wconf 80' lang='grc' dir='ltr'><strong>Ὠν</strong></span> <span class='ocrx_word' id='word_1_700' title='bbox 2329 4371 2382 4421; x_wconf 79' lang='grc' dir='ltr'>οἱ</span> <span class='ocrx_word' id='word_1_701' title='bbox 2417 4366 2688 4434; x_wconf 82' lang='grc' dir='ltr'>πατέρες,</span> <span class='ocrx_word' id='word_1_702' title='bbox 2717 4368 2786 4432; x_wconf 80' lang='grc' dir='ltr'><strong>ἐξ</strong></span> <span class='ocrx_word' id='word_1_703' title='bbox 2810 4360 2896 4420; x_wconf 81' lang='grc' dir='ltr'><strong>ὧν</strong></span> <span class='ocrx_word' id='word_1_704' title='bbox 2926 4370 2958 4421; x_wconf 85' lang='grc' dir='ltr'><strong>ό</strong></span> <span class='ocrx_word' id='word_1_705' title='bbox 2990 4366 3239 4434; x_wconf 80' lang='grc' dir='ltr'>Χριστὸς</span> <span class='ocrx_word' id='word_1_706' title='bbox 3268 4366 3335 4419; x_wconf 85' lang='grc' dir='ltr'><strong>τὸ</strong></span> <span class='ocrx_word' id='word_1_707' title='bbox 3360 4365 3508 4419; x_wconf 81' lang='grc' dir='ltr'><strong>κατά</strong></span> <span class='ocrx_word' id='word_1_708' title='bbox 3543 4366 3779 4434; x_wconf 68' lang='grc' dir='ltr'>σάρκα,</span> 
     </span>
    </p>
   </div>
   <div class='ocr_carea' id='block_1_86' title="bbox 526 4454 2114 4532">
    <p class='ocr_par' dir='ltr' id='par_1_86' title="bbox 526 4458 2094 4532">
     <span class='ocr_line' id='line_1_86' title="bbox 526 4458 2094 4532; baseline 0 -20"><span class='ocrx_word' id='word_1_709' title='bbox 526 4458 713 4528; x_wconf 82' lang='lat' dir='ltr'><strong>quibus</strong></span> <span class='ocrx_word' id='word_1_710' title='bbox 760 4458 1000 4515; x_wconf 73' lang='lat' dir='ltr'><strong>Christus</strong></span> <span class='ocrx_word' id='word_1_711' title='bbox 1045 4460 1330 4515; x_wconf 86' lang='lat' dir='ltr'><strong>secundum</strong></span> <span class='ocrx_word' id='word_1_712' title='bbox 1380 4478 1627 4527; x_wconf 86' lang='lat' dir='ltr'><strong>carnem;</strong></span> <span class='ocrx_word' id='word_1_713' title='bbox 1681 4463 1771 4532; x_wconf 89' lang='lat' dir='ltr'><strong>qui</strong></span> <span class='ocrx_word' id='word_1_714' title='bbox 1817 4470 1893 4515; x_wconf 88' lang='lat' dir='ltr'><strong>est</strong></span> <span class='ocrx_word' id='word_1_715' title='bbox 1942 4474 2094 4527; x_wconf 84' lang='lat' dir='ltr'><strong>super</strong></span> 
     </span>
    </p>
   </div>
   <div class='ocr_carea' id='block_1_87' title="bbox 2215 4454 3787 4532">
    <p class='ocr_par' dir='ltr' id='par_1_87' title="bbox 2215 4454 3787 4528">
     <span class='ocr_line' id='line_1_87' title="bbox 2215 4454 3787 4528; baseline 0.001 -18"><span class='ocrx_word' id='word_1_716' title='bbox 2215 4462 2224 4510; x_wconf 77' lang='grc' dir='ltr'>ς</span> <span class='ocrx_word' id='word_1_717' title='bbox 2255 4457 2339 4513; x_wconf 81' lang='grc' dir='ltr'><strong>ὢν</strong></span> <span class='ocrx_word' id='word_1_718' title='bbox 2373 4460 2468 4513; x_wconf 78' lang='grc' dir='ltr'><strong>ἐπὶ</strong></span> <span class='ocrx_word' id='word_1_719' title='bbox 2498 4459 2738 4512; x_wconf 58' lang='grc' dir='ltr'><strong>πάκτων</strong></span> <span class='ocrx_word' id='word_1_720' title='bbox 2767 4459 2929 4523; x_wconf 82' lang='grc' dir='ltr'>Θεός.</span> <span class='ocrx_word' id='word_1_721' title='bbox 2962 4457 3298 4528; x_wconf 46' lang='grc' dir='ltr'>Θαυμαστὰ</span> <span class='ocrx_word' id='word_1_722' title='bbox 3341 4457 3631 4527; x_wconf 82' lang='grc' dir='ltr'>διηγεῖται.</span> <span class='ocrx_word' id='word_1_723' title='bbox 3681 4454 3787 4512; x_wconf 70' lang='lat'><strong>05-</strong></span> 
     </span>
    </p>
   </div>
   <div class='ocr_carea' id='block_1_88' title="bbox 526 4545 2114 4622">
    <p class='ocr_par' dir='ltr' id='par_1_88' title="bbox 526 4547 2094 4619">
     <span class='ocr_line' id='line_1_88' title="bbox 526 4547 2094 4619; baseline 0.003 -19"><span class='ocrx_word' id='word_1_724' title='bbox 526 4549 703 4602; x_wconf 85' lang='lat' dir='ltr'><strong>omnia</strong></span> <span class='ocrx_word' id='word_1_725' title='bbox 750 4547 886 4603; x_wconf 83' lang='lat' dir='ltr'><strong>Deus</strong></span> <span class='ocrx_word' id='word_1_726' title='bbox 910 4550 951 4604; x_wconf 75' lang='grc'>⁶.</span> <span class='ocrx_word' id='word_1_727' title='bbox 1010 4548 1139 4614; x_wconf 73' lang='lat' dir='ltr'><strong>Qua:</strong></span> <span class='ocrx_word' id='word_1_728' title='bbox 1196 4550 1411 4619; x_wconf 84' lang='lat' dir='ltr'><strong>quidem</strong></span> <span class='ocrx_word' id='word_1_729' title='bbox 1461 4552 1856 4607; x_wconf 83' lang='lat' dir='ltr'><strong>admirabiliter</strong></span> <span class='ocrx_word' id='word_1_730' title='bbox 1900 4551 1968 4605; x_wconf 89' lang='lat' dir='ltr'><strong>ab</strong></span> <span class='ocrx_word' id='word_1_731' title='bbox 2028 4567 2094 4604; x_wconf 89' lang='lat' dir='ltr'><strong>eo</strong></span> 
     </span>
    </p>
   </div>
   <div class='ocr_carea' id='block_1_89' title="bbox 2215 4545 3787 4622">
    <p class='ocr_par' dir='ltr' id='par_1_89' title="bbox 2215 4545 3787 4622">
     <span class='ocr_line' id='line_1_89' title="bbox 2215 4545 3787 4622; baseline -0.001 -20"><span class='ocrx_word' id='word_1_732' title='bbox 2215 4560 2280 4614; x_wconf 72' lang='grc' dir='ltr'>τος</span> <span class='ocrx_word' id='word_1_733' title='bbox 2306 4552 2414 4622; x_wconf 72' lang='grc' dir='ltr'>γὰρ</span> <span class='ocrx_word' id='word_1_734' title='bbox 2443 4554 2470 4604; x_wconf 91' lang='lat'><strong>6</strong></span> <span class='ocrx_word' id='word_1_735' title='bbox 2502 4549 2577 4602; x_wconf 84' lang='grc' dir='ltr'>ὣν</span> <span class='ocrx_word' id='word_1_736' title='bbox 2626 4551 2771 4603; x_wconf 75' lang='grc' dir='ltr'>ἐστὶν</span> <span class='ocrx_word' id='word_1_737' title='bbox 2814 4549 2905 4601; x_wconf 72' lang='grc' dir='ltr'><strong>ἐπὶ</strong></span> <span class='ocrx_word' id='word_1_738' title='bbox 2952 4549 3167 4602; x_wconf 79' lang='grc' dir='ltr'>πάντων</span> <span class='ocrx_word' id='word_1_739' title='bbox 3191 4547 3342 4610; x_wconf 86' lang='grc' dir='ltr'>Θεός.</span> <span class='ocrx_word' id='word_1_740' title='bbox 3402 4545 3627 4618; x_wconf 80' lang='grc' dir='ltr'>Ἐπειδὴ</span> <span class='ocrx_word' id='word_1_741' title='bbox 3664 4549 3787 4617; x_wconf 71' lang='grc' dir='ltr'><strong>γὰρ</strong></span> 
     </span>
    </p>
   </div>
   <div class='ocr_carea' id='block_1_90' title="bbox 2192 4634 3781 4709">
    <p class='ocr_par' dir='ltr' id='par_1_90' title="bbox 2192 4634 3781 4709">
     <span class='ocr_line' id='line_1_90' title="bbox 2192 4634 3781 4709; baseline -0.001 -15"><span class='ocrx_word' id='word_1_742' title='bbox 2192 4641 2352 4704; x_wconf 73' lang='grc' dir='ltr'>αὐτὸς</span> <span class='ocrx_word' id='word_1_743' title='bbox 2377 4640 2610 4693; x_wconf 78' lang='grc' dir='ltr'>διδάσκει</span> <span class='ocrx_word' id='word_1_744' title='bbox 2647 4639 2817 4709; x_wconf 79' lang='grc' dir='ltr'>ἡμᾶς,</span> <span class='ocrx_word' id='word_1_745' title='bbox 2849 4637 3023 4705; x_wconf 82' lang='grc' dir='ltr'>λέγων</span> <span class='ocrx_word' id='word_1_746' title='bbox 3043 4652 3054 4665; x_wconf 86' lang='grc'><em>’</em></span> <span class='ocrx_word' id='word_1_747' title='bbox 3093 4635 3293 4691; x_wconf 74' lang='grc' dir='ltr'>Πάντα</span> <span class='ocrx_word' id='word_1_748' title='bbox 3310 4634 3413 4706; x_wconf 59' lang='lat' dir='ltr'><strong>per</strong></span> <span class='ocrx_word' id='word_1_749' title='bbox 3461 4638 3781 4707; x_wconf 75' lang='grc' dir='ltr'><strong>παρεδόθη</strong></span> 
     </span>
    </p>
   </div>
   <div class='ocr_carea' id='block_1_91' title="bbox 2194 4724 3790 4798">
    <p class='ocr_par' dir='ltr' id='par_1_91' title="bbox 2194 4724 3790 4798">
     <span class='ocr_line' id='line_1_91' title="bbox 2194 4724 3790 4798; baseline -0.001 -13"><span class='ocrx_word' id='word_1_750' title='bbox 2194 4729 2312 4785; x_wconf 80' lang='grc' dir='ltr'><strong>ὑπὸ</strong></span> <span class='ocrx_word' id='word_1_751' title='bbox 2339 4730 2443 4785; x_wconf 85' lang='grc' dir='ltr'><strong>τοῦ</strong></span> <span class='ocrx_word' id='word_1_752' title='bbox 2471 4731 2700 4798; x_wconf 83' lang='grc' dir='ltr'>Πατρός</span> <span class='ocrx_word' id='word_1_753' title='bbox 2729 4746 2846 4798; x_wconf 87' lang='grc' dir='ltr'><strong>μου</strong></span> <span class='ocrx_word' id='word_1_754' title='bbox 2868 4747 2882 4761; x_wconf 82' lang='grc'><em>’</em></span> <span class='ocrx_word' id='word_1_755' title='bbox 2917 4728 3004 4782; x_wconf 72' lang='grc' dir='ltr'>διὰ</span> <span class='ocrx_word' id='word_1_756' title='bbox 3033 4728 3189 4782; x_wconf 75' lang='grc' dir='ltr'>τοῦτο</span> <span class='ocrx_word' id='word_1_757' title='bbox 3222 4724 3329 4781; x_wconf 73' lang='grc' dir='ltr'><strong>ἐπὶ</strong></span> <span class='ocrx_word' id='word_1_758' title='bbox 3359 4728 3611 4782; x_wconf 70' lang='grc' dir='ltr'><strong>πάντων</strong></span> <span class='ocrx_word' id='word_1_759' title='bbox 3640 4730 3790 4783; x_wconf 74' lang='grc' dir='ltr'><strong>ἐστὶ</strong></span> 
     </span>
    </p>
   </div>
   <div class='ocr_carea' id='block_1_92' title="bbox 2195 4816 3791 4890">
    <p class='ocr_par' dir='ltr' id='par_1_92' title="bbox 2195 4816 3791 4890">
     <span class='ocr_line' id='line_1_92' title="bbox 2195 4816 3791 4890; baseline -0.002 -16"><span class='ocrx_word' id='word_1_760' title='bbox 2195 4821 2354 4886; x_wconf 85' lang='grc' dir='ltr'>Θεός.</span> <span class='ocrx_word' id='word_1_761' title='bbox 2385 4819 2539 4872; x_wconf 70' lang='grc' dir='ltr'>Οὕτω</span> <span class='ocrx_word' id='word_1_762' title='bbox 2568 4819 2663 4873; x_wconf 69' lang='grc' dir='ltr'><strong>καὶ</strong></span> <span class='ocrx_word' id='word_1_763' title='bbox 2718 4819 2966 4887; x_wconf 71' lang='grc' dir='ltr'>Ἰωάννης</span> <span class='ocrx_word' id='word_1_764' title='bbox 3010 4821 3291 4890; x_wconf 80' lang='grc' dir='ltr'>μαρτυρεῖ,</span> <span class='ocrx_word' id='word_1_765' title='bbox 3332 4817 3545 4885; x_wconf 77' lang='grc' dir='ltr'>λέγων’</span> <span class='ocrx_word' id='word_1_766' title='bbox 3599 4821 3667 4871; x_wconf 87' lang='grc' dir='ltr'><strong><em>Ὃ</em></strong></span> <span class='ocrx_word' id='word_1_767' title='bbox 3702 4816 3791 4888; x_wconf 75' lang='grc' dir='ltr'><strong>ἧν</strong></span> 
     </span>
    </p>
   </div>
   <div class='ocr_carea' id='block_1_93' title="bbox 2189 4907 3790 4977">
    <p class='ocr_par' dir='ltr' id='par_1_93' title="bbox 2189 4907 3790 4977">
     <span class='ocr_line' id='line_1_93' title="bbox 2189 4907 3790 4977; baseline -0.004 -14"><span class='ocrx_word' id='word_1_768' title='bbox 2189 4910 2289 4963; x_wconf 79' lang='grc' dir='ltr'><strong>ἀπ’</strong></span> <span class='ocrx_word' id='word_1_769' title='bbox 2348 4908 2575 4977; x_wconf 77' lang='grc' dir='ltr'>ἀρχῆς,</span> <span class='ocrx_word' id='word_1_770' title='bbox 2629 4909 2660 4961; x_wconf 85' lang='grc' dir='ltr'>ὃ</span> <span class='ocrx_word' id='word_1_771' title='bbox 2704 4908 3063 4976; x_wconf 74' lang='grc' dir='ltr'><strong>ἀκηκόαμεν,</strong></span> <span class='ocrx_word' id='word_1_772' title='bbox 3116 4907 3211 4961; x_wconf 76' lang='grc' dir='ltr'><strong>καὶ</strong></span> <span class='ocrx_word' id='word_1_773' title='bbox 3258 4908 3384 4970; x_wconf 78' lang='grc' dir='ltr'>τοῖς</span> <span class='ocrx_word' id='word_1_774' title='bbox 3432 4909 3790 4976; x_wconf 61' lang='grc' dir='ltr'><strong>ὀφθαλμοῖς</strong></span> 
     </span>
    </p>
   </div>
   <div class='ocr_carea' id='block_1_94' title="bbox 2186 4996 3785 5068">
    <p class='ocr_par' dir='ltr' id='par_1_94' title="bbox 2186 4996 3785 5068">
     <span class='ocr_line' id='line_1_94' title="bbox 2186 4996 3785 5068; baseline -0.003 -15"><span class='ocrx_word' id='word_1_775' title='bbox 2186 4998 2553 5068; x_wconf 71' lang='grc' dir='ltr'>ἑωράκαμεν,</span> <span class='ocrx_word' id='word_1_776' title='bbox 2609 5000 2705 5052; x_wconf 78' lang='grc' dir='ltr'><strong>καὶ</strong></span> <span class='ocrx_word' id='word_1_777' title='bbox 2755 5003 2812 5052; x_wconf 80' lang='grc' dir='ltr'>αἱ</span> <span class='ocrx_word' id='word_1_778' title='bbox 2863 4999 3058 5068; x_wconf 73' lang='grc' dir='ltr'>χεῖρες</span> <span class='ocrx_word' id='word_1_779' title='bbox 3107 4996 3274 5067; x_wconf 79' lang='grc' dir='ltr'><strong>ἡμῶν</strong></span> <span class='ocrx_word' id='word_1_780' title='bbox 3325 4996 3785 5065; x_wconf 48' lang='grc' dir='ltr'><strong>ἐψηλάφησαν.</strong></span> 
     </span>
    </p>
   </div>
   <div class='ocr_carea' id='block_1_95' title="bbox 511 5083 2114 5163">
    <p class='ocr_par' dir='ltr' id='par_1_95' title="bbox 511 5094 2079 5160">
     <span class='ocr_line' id='line_1_95' title="bbox 511 5094 2079 5160; baseline -0.002 -11"><span class='ocrx_word' id='word_1_781' title='bbox 511 5098 697 5160; x_wconf 76' lang='lat' dir='ltr'><strong>vimus,</strong></span> <span class='ocrx_word' id='word_1_782' title='bbox 729 5104 778 5149; x_wconf 87' lang='lat' dir='ltr'><strong>et</strong></span> <span class='ocrx_word' id='word_1_783' title='bbox 805 5097 969 5150; x_wconf 84' lang='lat' dir='ltr'><strong>oculis</strong></span> <span class='ocrx_word' id='word_1_784' title='bbox 994 5097 1237 5159; x_wconf 79' lang='lat' dir='ltr'><strong>vidimus,</strong></span> <span class='ocrx_word' id='word_1_785' title='bbox 1275 5106 1323 5149; x_wconf 89' lang='lat' dir='ltr'><strong>et</strong></span> <span class='ocrx_word' id='word_1_786' title='bbox 1356 5113 1542 5150; x_wconf 81' lang='lat' dir='ltr'><strong>manus</strong></span> <span class='ocrx_word' id='word_1_787' title='bbox 1564 5105 1761 5150; x_wconf 75' lang='lat' dir='ltr'><strong>nostra:</strong></span> <span class='ocrx_word' id='word_1_788' title='bbox 1782 5094 2079 5149; x_wconf 78' lang='lat' dir='ltr'><strong>contrecta-</strong></span> 
     </span>
    </p>
   </div>
   <div class='ocr_carea' id='block_1_96' title="bbox 2215 5083 3789 5163">
    <p class='ocr_par' dir='ltr' id='par_1_96' title="bbox 2215 5083 3789 5163">
     <span class='ocr_line' id='line_1_96' title="bbox 2215 5083 3789 5163; baseline -0.001 -20"><span class='ocrx_word' id='word_1_789' title='bbox 2215 5093 2290 5145; x_wconf 76' lang='lat' dir='ltr'><strong>Lal.</strong></span> <span class='ocrx_word' id='word_1_790' title='bbox 2346 5092 2504 5145; x_wconf 82' lang='grc' dir='ltr'>πάλιν</span> <span class='ocrx_word' id='word_1_791' title='bbox 2553 5095 2715 5163; x_wconf 61' lang='grc' dir='ltr'>φησιν</span> <span class='ocrx_word' id='word_1_792' title='bbox 2768 5093 2825 5143; x_wconf 81' lang='grc' dir='ltr'>ὲν</span> <span class='ocrx_word' id='word_1_793' title='bbox 2862 5094 2928 5161; x_wconf 77' lang='grc' dir='ltr'><strong>τῇ</strong></span> <span class='ocrx_word' id='word_1_794' title='bbox 2976 5083 3375 5159; x_wconf 70' lang='grc' dir='ltr'>Ἀποκαλὺψειο</span> <span class='ocrx_word' id='word_1_795' title='bbox 3420 5091 3477 5142; x_wconf 84' lang='lat'><strong>&#39;0</strong></span> <span class='ocrx_word' id='word_1_796' title='bbox 3515 5088 3614 5141; x_wconf 78' lang='grc' dir='ltr'><strong>ὢν</strong></span> <span class='ocrx_word' id='word_1_797' title='bbox 3672 5092 3789 5144; x_wconf 67' lang='grc' dir='ltr'><strong>ἀπ’</strong></span> 
     </span>
    </p>
   </div>
   <div class='ocr_carea' id='block_1_97' title="bbox 512 5179 2114 5259">
    <p class='ocr_par' dir='ltr' id='par_1_97' title="bbox 512 5185 2078 5259">
     <span class='ocr_line' id='line_1_97' title="bbox 512 5185 2078 5259; baseline -0.001 -22"><span class='ocrx_word' id='word_1_798' title='bbox 512 5187 755 5240; x_wconf 70' lang='lat' dir='ltr'><strong>verunt“.</strong></span> <span class='ocrx_word' id='word_1_799' title='bbox 791 5188 864 5239; x_wconf 81' lang='lat' dir='ltr'><strong>Ac</strong></span> <span class='ocrx_word' id='word_1_800' title='bbox 902 5202 1097 5244; x_wconf 88' lang='lat' dir='ltr'><strong>rursus</strong></span> <span class='ocrx_word' id='word_1_801' title='bbox 1136 5187 1189 5240; x_wconf 90' lang='lat' dir='ltr'><strong>in</strong></span> <span class='ocrx_word' id='word_1_802' title='bbox 1225 5187 1548 5259; x_wconf 84' lang='lat' dir='ltr'><strong>Apocalypsi</strong></span> <span class='ocrx_word' id='word_1_803' title='bbox 1587 5208 1599 5241; x_wconf 91' lang='lat'><strong>:</strong></span> <span class='ocrx_word' id='word_1_804' title='bbox 1635 5187 1739 5254; x_wconf 83' lang='lat' dir='ltr'><strong>Qui</strong></span> <span class='ocrx_word' id='word_1_805' title='bbox 1761 5195 1837 5241; x_wconf 89' lang='lat' dir='ltr'><strong>est</strong></span> <span class='ocrx_word' id='word_1_806' title='bbox 1886 5185 1951 5238; x_wconf 87' lang='lat' dir='ltr'><strong>ab</strong></span> <span class='ocrx_word' id='word_1_807' title='bbox 1978 5185 2078 5237; x_wconf 87' lang='lat' dir='ltr'><strong>ini-</strong></span> 
     </span>
    </p>
   </div>
   <div class='ocr_carea' id='block_1_98' title="bbox 2215 5179 3792 5259">
    <p class='ocr_par' dir='ltr' id='par_1_98' title="bbox 2215 5179 3792 5252">
     <span class='ocr_line' id='line_1_98' title="bbox 2215 5179 3792 5252; baseline -0.003 -16"><span class='ocrx_word' id='word_1_808' title='bbox 2215 5182 2395 5252; x_wconf 84' lang='grc' dir='ltr'>ρχῆς,</span> <span class='ocrx_word' id='word_1_809' title='bbox 2452 5183 2549 5236; x_wconf 78' lang='grc' dir='ltr'><strong>καὶ</strong></span> <span class='ocrx_word' id='word_1_810' title='bbox 2600 5186 2631 5235; x_wconf 84' lang='grc' dir='ltr'><strong>ό</strong></span> <span class='ocrx_word' id='word_1_811' title='bbox 2687 5183 3011 5251; x_wconf 73' lang='grc' dir='ltr'>ἐρχόμενος</span> <span class='ocrx_word' id='word_1_812' title='bbox 3058 5179 3508 5248; x_wconf 67' lang='grc' dir='ltr'>Παντοκράτωρ.</span> <span class='ocrx_word' id='word_1_813' title='bbox 3572 5180 3792 5241; x_wconf 74' lang='grc' dir='ltr'>Καλῶς</span> 
     </span>
    </p>
   </div>
   <div class='ocr_carea' id='block_1_99' title="bbox 508 5267 2114 5346">
    <p class='ocr_par' dir='ltr' id='par_1_99' title="bbox 508 5274 2081 5346">
     <span class='ocr_line' id='line_1_99' title="bbox 508 5274 2081 5346; baseline 0.001 -22"><span class='ocrx_word' id='word_1_814' title='bbox 508 5274 601 5336; x_wconf 84' lang='lat' dir='ltr'><strong>lio,</strong></span> <span class='ocrx_word' id='word_1_815' title='bbox 634 5285 681 5327; x_wconf 88' lang='lat' dir='ltr'><strong>et</strong></span> <span class='ocrx_word' id='word_1_816' title='bbox 708 5275 795 5343; x_wconf 87' lang='lat' dir='ltr'><strong>qui</strong></span> <span class='ocrx_word' id='word_1_817' title='bbox 823 5284 1065 5328; x_wconf 82' lang='lat' dir='ltr'><strong>uenturus</strong></span> <span class='ocrx_word' id='word_1_818' title='bbox 1111 5284 1187 5328; x_wconf 87' lang='lat' dir='ltr'><strong>est</strong></span> <span class='ocrx_word' id='word_1_819' title='bbox 1224 5277 1555 5345; x_wconf 82' lang='lat' dir='ltr'><strong>Omnipotens</strong></span> <span class='ocrx_word' id='word_1_820' title='bbox 1579 5278 1620 5331; x_wconf 82' lang='lat'><strong>&quot;.</strong></span> <span class='ocrx_word' id='word_1_821' title='bbox 1661 5275 1888 5346; x_wconf 76' lang='lat' dir='ltr'><strong>Egregie</strong></span> <span class='ocrx_word' id='word_1_822' title='bbox 1923 5274 2081 5343; x_wconf 82' lang='lat' dir='ltr'><strong>plane</strong></span> 
     </span>
    </p>
   </div>
   <div class='ocr_carea' id='block_1_100' title="bbox 2215 5267 3793 5346">
    <p class='ocr_par' dir='ltr' id='par_1_100' title="bbox 2220 5267 3793 5343">
     <span class='ocr_line' id='line_1_100' title="bbox 2220 5267 3793 5343; baseline -0.001 -16"><span class='ocrx_word' id='word_1_823' title='bbox 2220 5275 2325 5328; x_wconf 75' lang='grc' dir='ltr'>ατὰ</span> <span class='ocrx_word' id='word_1_824' title='bbox 2380 5275 2553 5328; x_wconf 75' lang='grc' dir='ltr'>πάντα</span> <span class='ocrx_word' id='word_1_825' title='bbox 2602 5269 2761 5326; x_wconf 85' lang='grc' dir='ltr'><strong>εἷπε·</strong></span> <span class='ocrx_word' id='word_1_826' title='bbox 2820 5274 2998 5336; x_wconf 80' lang='grc' dir='ltr'>καλῶς</span> <span class='ocrx_word' id='word_1_827' title='bbox 3048 5274 3156 5343; x_wconf 80' lang='grc' dir='ltr'>γὰρ</span> <span class='ocrx_word' id='word_1_828' title='bbox 3199 5267 3355 5324; x_wconf 81' lang='grc' dir='ltr'><strong>εἶπε·</strong></span> <span class='ocrx_word' id='word_1_829' title='bbox 3406 5272 3625 5326; x_wconf 68' lang='grc' dir='ltr'>Πάντα</span> <span class='ocrx_word' id='word_1_830' title='bbox 3676 5288 3793 5341; x_wconf 71' lang='grc' dir='ltr'>μοι</span> 
     </span>
    </p>
   </div>
   <div class='ocr_carea' id='block_1_101' title="bbox 508 5363 2114 5439">
    <p class='ocr_par' dir='ltr' id='par_1_101' title="bbox 508 5364 2072 5439">
     <span class='ocr_line' id='line_1_101' title="bbox 508 5364 2072 5439; baseline 0 -21"><span class='ocrx_word' id='word_1_831' title='bbox 508 5364 619 5419; x_wconf 65' lang='lat' dir='ltr'><strong>haec</strong></span> <span class='ocrx_word' id='word_1_832' title='bbox 650 5366 717 5420; x_wconf 83' lang='lat' dir='ltr'><strong>ab</strong></span> <span class='ocrx_word' id='word_1_833' title='bbox 741 5367 832 5420; x_wconf 89' lang='lat' dir='ltr'><strong>illo</strong></span> <span class='ocrx_word' id='word_1_834' title='bbox 860 5368 1212 5438; x_wconf 82' lang='lat' dir='ltr'><strong>pronuntiata</strong></span> <span class='ocrx_word' id='word_1_835' title='bbox 1243 5378 1391 5423; x_wconf 87' lang='lat' dir='ltr'><strong>sunt.</strong></span> <span class='ocrx_word' id='word_1_836' title='bbox 1418 5370 1604 5434; x_wconf 70' lang='lat' dir='ltr'><strong>Recte,</strong></span> <span class='ocrx_word' id='word_1_837' title='bbox 1627 5369 1869 5439; x_wconf 88' lang='lat' dir='ltr'><strong>inquam,</strong></span> <span class='ocrx_word' id='word_1_838' title='bbox 1899 5367 2072 5420; x_wconf 76' lang='lat' dir='ltr'><strong>dixit:</strong></span> 
     </span>
    </p>
   </div>
   <div class='ocr_carea' id='block_1_102' title="bbox 2215 5363 3903 5439">
    <p class='ocr_par' dir='ltr' id='par_1_102' title="bbox 2215 5363 3903 5439">
     <span class='ocr_line' id='line_1_102' title="bbox 2215 5363 3903 5439; baseline 0 -24"><span class='ocrx_word' id='word_1_839' title='bbox 2215 5363 2477 5433; x_wconf 66' lang='grc' dir='ltr'>παρεδόθη</span> <span class='ocrx_word' id='word_1_840' title='bbox 2535 5365 2646 5419; x_wconf 73' lang='grc' dir='ltr'><strong>ὑπὸ</strong></span> <span class='ocrx_word' id='word_1_841' title='bbox 2705 5364 2809 5419; x_wconf 78' lang='grc' dir='ltr'><strong>τοῦ</strong></span> <span class='ocrx_word' id='word_1_842' title='bbox 2863 5368 3090 5433; x_wconf 79' lang='grc' dir='ltr'>Πατρός</span> <span class='ocrx_word' id='word_1_843' title='bbox 3136 5382 3295 5434; x_wconf 79' lang='grc' dir='ltr'><strong>μου·</strong></span> <span class='ocrx_word' id='word_1_844' title='bbox 3367 5364 3463 5417; x_wconf 74' lang='grc' dir='ltr'><strong>καὶ</strong></span> <span class='ocrx_word' id='word_1_845' title='bbox 3517 5364 3793 5435; x_wconf 72' lang='grc' dir='ltr'><strong>ἀκριόὧς</strong></span> <span class='ocrx_word' id='word_1_846' title='bbox 3902 5396 3903 5439; x_wconf 28' lang='grc' dir='ltr'>ξ</span> 
     </span>
    </p>
   </div>
   <div class='ocr_carea' id='block_1_103' title="bbox 522 4639 2093 4713">
    <p class='ocr_par' dir='ltr' id='par_1_103' title="bbox 522 4639 2093 4713">
     <span class='ocr_line' id='line_1_103' title="bbox 522 4639 2093 4713; baseline 0.002 -20"><span class='ocrx_word' id='word_1_847' title='bbox 522 4641 667 4694; x_wconf 78' lang='lat' dir='ltr'><strong>dicta</strong></span> <span class='ocrx_word' id='word_1_848' title='bbox 711 4650 857 4696; x_wconf 89' lang='lat' dir='ltr'><strong>sunt.</strong></span> <span class='ocrx_word' id='word_1_849' title='bbox 897 4639 993 4696; x_wconf 82' lang='lat' dir='ltr'><strong>Hic</strong></span> <span class='ocrx_word' id='word_1_850' title='bbox 1035 4642 1203 4704; x_wconf 89' lang='lat' dir='ltr'><strong>enim,</strong></span> <span class='ocrx_word' id='word_1_851' title='bbox 1255 4644 1346 4712; x_wconf 90' lang='lat' dir='ltr'><strong>qui</strong></span> <span class='ocrx_word' id='word_1_852' title='bbox 1382 4651 1482 4709; x_wconf 87' lang='lat' dir='ltr'><strong>est,</strong></span> <span class='ocrx_word' id='word_1_853' title='bbox 1527 4660 1680 4713; x_wconf 80' lang='lat' dir='ltr'><strong>super</strong></span> <span class='ocrx_word' id='word_1_854' title='bbox 1724 4644 1901 4698; x_wconf 87' lang='lat' dir='ltr'><strong>omnia</strong></span> <span class='ocrx_word' id='word_1_855' title='bbox 1954 4641 2093 4696; x_wconf 83' lang='lat' dir='ltr'><strong>Deus</strong></span> 
     </span>
    </p>
   </div>
   <div class='ocr_carea' id='block_1_104' title="bbox 518 4730 2089 4803">
    <p class='ocr_par' dir='ltr' id='par_1_104' title="bbox 518 4730 2089 4803">
     <span class='ocr_line' id='line_1_104' title="bbox 518 4730 2089 4803; baseline 0.002 -20"><span class='ocrx_word' id='word_1_856' title='bbox 518 4741 615 4784; x_wconf 85' lang='lat' dir='ltr'><strong>est.</strong></span> <span class='ocrx_word' id='word_1_857' title='bbox 652 4730 782 4785; x_wconf 81' lang='lat' dir='ltr'><strong>Nam</strong></span> <span class='ocrx_word' id='word_1_858' title='bbox 829 4748 951 4786; x_wconf 90' lang='lat' dir='ltr'><strong>cum</strong></span> <span class='ocrx_word' id='word_1_859' title='bbox 993 4732 1061 4786; x_wconf 82' lang='lat' dir='ltr'><strong>iis</strong></span> <span class='ocrx_word' id='word_1_860' title='bbox 1095 4733 1210 4803; x_wconf 90' lang='lat' dir='ltr'><strong>ipse</strong></span> <span class='ocrx_word' id='word_1_861' title='bbox 1258 4749 1358 4789; x_wconf 86' lang='lat' dir='ltr'><strong>nos</strong></span> <span class='ocrx_word' id='word_1_862' title='bbox 1404 4737 1585 4791; x_wconf 86' lang='lat' dir='ltr'><strong>verbis</strong></span> <span class='ocrx_word' id='word_1_863' title='bbox 1626 4735 1820 4790; x_wconf 89' lang='lat' dir='ltr'><strong>doceat</strong></span> <span class='ocrx_word' id='word_1_864' title='bbox 1849 4753 1862 4789; x_wconf 75' lang='grc' dir='ltr'>ε</span> <span class='ocrx_word' id='word_1_865' title='bbox 1896 4734 2089 4789; x_wconf 84' lang='lat' dir='ltr'><strong>Omnia</strong></span> 
     </span>
    </p>
   </div>
   <div class='ocr_carea' id='block_1_105' title="bbox 522 4820 2089 4894">
    <p class='ocr_par' dir='ltr' id='par_1_105' title="bbox 522 4820 2089 4894">
     <span class='ocr_line' id='line_1_105' title="bbox 522 4820 2089 4894; baseline 0.001 -21"><span class='ocrx_word' id='word_1_866' title='bbox 522 4821 649 4873; x_wconf 70' lang='lat' dir='ltr'><strong>milii</strong></span> <span class='ocrx_word' id='word_1_867' title='bbox 697 4820 894 4874; x_wconf 82' lang='lat' dir='ltr'><strong>tradita</strong></span> <span class='ocrx_word' id='word_1_868' title='bbox 940 4831 1059 4876; x_wconf 86' lang='lat' dir='ltr'><strong>sunt</strong></span> <span class='ocrx_word' id='word_1_869' title='bbox 1095 4840 1127 4876; x_wconf 89' lang='lat' dir='ltr'><strong>a</strong></span> <span class='ocrx_word' id='word_1_870' title='bbox 1174 4822 1335 4887; x_wconf 79' lang='lat' dir='ltr'><strong>Patre</strong></span> <span class='ocrx_word' id='word_1_871' title='bbox 1374 4826 1562 4879; x_wconf 67' lang='lat' dir='ltr'><strong>meo“:</strong></span> <span class='ocrx_word' id='word_1_872' title='bbox 1604 4832 1889 4894; x_wconf 79' lang='lat' dir='ltr'><strong>propterea</strong></span> <span class='ocrx_word' id='word_1_873' title='bbox 1933 4838 2089 4891; x_wconf 88' lang='lat' dir='ltr'><strong>super</strong></span> 
     </span>
    </p>
   </div>
   <div class='ocr_carea' id='block_1_106' title="bbox 520 4911 2081 4985">
    <p class='ocr_par' dir='ltr' id='par_1_106' title="bbox 520 4911 2081 4985">
     <span class='ocr_line' id='line_1_106' title="bbox 520 4911 2081 4985; baseline 0 -20"><span class='ocrx_word' id='word_1_874' title='bbox 520 4916 696 4968; x_wconf 87' lang='lat' dir='ltr'><strong>omnia</strong></span> <span class='ocrx_word' id='word_1_875' title='bbox 727 4911 866 4967; x_wconf 87' lang='lat' dir='ltr'><strong>Deus</strong></span> <span class='ocrx_word' id='word_1_876' title='bbox 895 4924 991 4967; x_wconf 78' lang='lat' dir='ltr'><strong>est.</strong></span> <span class='ocrx_word' id='word_1_877' title='bbox 1043 4917 1218 4984; x_wconf 67' lang='lat' dir='ltr'><strong>Atque</strong></span> <span class='ocrx_word' id='word_1_878' title='bbox 1266 4917 1337 4969; x_wconf 83' lang='lat' dir='ltr'><strong>ita</strong></span> <span class='ocrx_word' id='word_1_879' title='bbox 1365 4930 1584 4985; x_wconf 86' lang='lat' dir='ltr'><strong>quoque</strong></span> <span class='ocrx_word' id='word_1_880' title='bbox 1622 4913 1862 4968; x_wconf 84' lang='lat' dir='ltr'><strong>Joannes</strong></span> <span class='ocrx_word' id='word_1_881' title='bbox 1907 4921 2081 4967; x_wconf 87' lang='lat' dir='ltr'><strong>testa-</strong></span> 
     </span>
    </p>
   </div>
   <div class='ocr_carea' id='block_1_107' title="bbox 515 5002 2075 5076">
    <p class='ocr_par' dir='ltr' id='par_1_107' title="bbox 515 5002 2075 5076">
     <span class='ocr_line' id='line_1_107' title="bbox 515 5002 2075 5076; baseline -0.001 -21"><span class='ocrx_word' id='word_1_882' title='bbox 515 5012 641 5058; x_wconf 88' lang='lat' dir='ltr'><strong>tur:</strong></span> <span class='ocrx_word' id='word_1_883' title='bbox 673 5003 825 5071; x_wconf 82' lang='lat' dir='ltr'><strong>Quod</strong></span> <span class='ocrx_word' id='word_1_884' title='bbox 851 5004 975 5073; x_wconf 80' lang='lat' dir='ltr'><strong>fuit,</strong></span> <span class='ocrx_word' id='word_1_885' title='bbox 1013 5004 1206 5074; x_wconf 85' lang='lat' dir='ltr'><strong>inquit,</strong></span> <span class='ocrx_word' id='word_1_886' title='bbox 1250 5004 1418 5076; x_wconf 67' lang='grc'><strong>488</strong></span> <span class='ocrx_word' id='word_1_887' title='bbox 1444 5004 1508 5057; x_wconf 84' lang='lat' dir='ltr'><strong>ab</strong></span> <span class='ocrx_word' id='word_1_888' title='bbox 1552 5005 1721 5066; x_wconf 85' lang='lat' dir='ltr'><strong>initio,</strong></span> <span class='ocrx_word' id='word_1_889' title='bbox 1751 5002 1888 5073; x_wconf 88' lang='lat' dir='ltr'><strong>quod</strong></span> <span class='ocrx_word' id='word_1_890' title='bbox 1921 5002 2075 5055; x_wconf 85' lang='lat' dir='ltr'><strong>audi-</strong></span> 
     </span>
    </p>
   </div>
   <div class='ocr_carea' id='block_1_108' title="bbox 574 5545 2114 5620">
    <p class='ocr_par' dir='ltr' id='par_1_108' title="bbox 574 5545 2066 5620">
     <span class='ocr_line' id='line_1_108' title="bbox 574 5545 2066 5620; baseline 0 -20"><span class='ocrx_word' id='word_1_891' title='bbox 574 5550 589 5580; x_wconf 78' lang='grc' dir='ltr'>ί</span> <span class='ocrx_word' id='word_1_892' title='bbox 612 5545 768 5620; x_wconf 76' lang='lat' dir='ltr'><strong>Juan.</strong></span> <span class='ocrx_word' id='word_1_893' title='bbox 797 5562 876 5606; x_wconf 85' lang='lat' dir='ltr'><strong>Ill,</strong></span> <span class='ocrx_word' id='word_1_894' title='bbox 907 5548 989 5599; x_wconf 79' lang='lat' dir='ltr'><strong>t5.</strong></span> <span class='ocrx_word' id='word_1_895' title='bbox 1043 5550 1085 5620; x_wconf 78' lang='lat'><strong>_&#39;</strong></span> <span class='ocrx_word' id='word_1_896' title='bbox 1119 5546 1251 5620; x_wconf 51' lang='lat' dir='ltr'><strong>Dant:</strong></span> <span class='ocrx_word' id='word_1_897' title='bbox 1285 5565 1378 5620; x_wconf 76' lang='lat' dir='ltr'><strong>vii,</strong></span> <span class='ocrx_word' id='word_1_898' title='bbox 1414 5550 1493 5601; x_wconf 75' lang='lat' dir='ltr'><strong>l5.</strong></span> <span class='ocrx_word' id='word_1_899' title='bbox 1542 5550 1587 5620; x_wconf 73' lang='lat'><strong>__‘</strong></span> <span class='ocrx_word' id='word_1_900' title='bbox 1618 5547 1847 5620; x_wconf 82' lang='lat' dir='ltr'><strong>Baruch.</strong></span> <span class='ocrx_word' id='word_1_901' title='bbox 1874 5563 1951 5620; x_wconf 86' lang='lat' dir='ltr'><strong>ltl_,</strong></span> <span class='ocrx_word' id='word_1_902' title='bbox 1978 5547 2066 5600; x_wconf 76' lang='lat'><strong>56.</strong></span> 
     </span>
    </p>
   </div>
   <div class='ocr_carea' id='block_1_109' title="bbox 2215 5545 3797 5620">
    <p class='ocr_par' dir='ltr' id='par_1_109' title="bbox 2215 5551 3797 5620">
     <span class='ocr_line' id='line_1_109' title="bbox 2215 5551 3797 5620; baseline 0.002 -17"><span class='ocrx_word' id='word_1_903' title='bbox 2215 5551 2345 5620; x_wconf 64' lang='lat' dir='ltr'><strong>tum.</strong></span> <span class='ocrx_word' id='word_1_904' title='bbox 2380 5567 2453 5614; x_wconf 79' lang='lat' dir='ltr'><strong>Ix,</strong></span> <span class='ocrx_word' id='word_1_905' title='bbox 2480 5554 2529 5607; x_wconf 76' lang='grc'>5.</span> <span class='ocrx_word' id='word_1_906' title='bbox 2609 5556 2628 5584; x_wconf 75' lang='grc'>⁵</span> <span class='ocrx_word' id='word_1_907' title='bbox 2663 5551 2848 5607; x_wconf 75' lang='lat' dir='ltr'><strong>Matth.</strong></span> <span class='ocrx_word' id='word_1_908' title='bbox 2881 5570 2953 5617; x_wconf 72' lang='lat' dir='ltr'><strong>XI,</strong></span> <span class='ocrx_word' id='word_1_909' title='bbox 2978 5553 3232 5618; x_wconf 63' lang='lat' dir='ltr'><strong>27;Luc.</strong></span> <span class='ocrx_word' id='word_1_910' title='bbox 3262 5571 3314 5620; x_wconf 68' lang='grc' dir='ltr'>ς,</span> <span class='ocrx_word' id='word_1_911' title='bbox 3353 5554 3437 5607; x_wconf 69' lang='grc'>12.</span> <span class='ocrx_word' id='word_1_912' title='bbox 3518 5556 3543 5584; x_wconf 80' lang='grc'><strong>⁸</strong></span> <span class='ocrx_word' id='word_1_913' title='bbox 3569 5551 3797 5609; x_wconf 61' lang='lat' dir='ltr'><strong>Uttan.</strong></span> 
     </span>
    </p>
   </div>
   <div class='ocr_carea' id='block_1_110' title="bbox 500 5614 2114 5688">
    <p class='ocr_par' dir='ltr' id='par_1_110' title="bbox 500 5614 2112 5688">
     <span class='ocr_line' id='line_1_110' title="bbox 500 5614 2112 5688; baseline -0.002 -15"><span class='ocrx_word' id='word_1_914' title='bbox 500 5640 540 5685; x_wconf 82' lang='grc' dir='ltr'><strong>ι,</strong></span> <span class='ocrx_word' id='word_1_915' title='bbox 578 5620 627 5673; x_wconf 76' lang='lat' dir='ltr'><strong>i.</strong></span> <span class='ocrx_word' id='word_1_916' title='bbox 710 5618 729 5649; x_wconf 85' lang='lat'><strong>&#39;</strong></span> <span class='ocrx_word' id='word_1_917' title='bbox 752 5619 918 5684; x_wconf 78' lang='lat' dir='ltr'><strong>Apoc.</strong></span> <span class='ocrx_word' id='word_1_918' title='bbox 965 5635 999 5680; x_wconf 83' lang='lat' dir='ltr'><strong>i,</strong></span> <span class='ocrx_word' id='word_1_919' title='bbox 1039 5617 1083 5669; x_wconf 87' lang='lat' dir='ltr'><strong>l.</strong></span> <span class='ocrx_word' id='word_1_920' title='bbox 1160 5618 1179 5644; x_wconf 74' lang='grc'><strong>⁸</strong></span> <span class='ocrx_word' id='word_1_921' title='bbox 1210 5615 1269 5670; x_wconf 68' lang='grc' dir='ltr'>ι’.</span> <span class='ocrx_word' id='word_1_922' title='bbox 1303 5618 1379 5678; x_wconf 73' lang='grc' dir='ltr'>ὃς.</span> <span class='ocrx_word' id='word_1_923' title='bbox 1488 5621 1506 5648; x_wconf 81' lang='grc'>⁹</span> <span class='ocrx_word' id='word_1_924' title='bbox 1538 5616 1597 5671; x_wconf 82' lang='lat' dir='ltr'><strong>F.</strong></span> <span class='ocrx_word' id='word_1_925' title='bbox 1631 5618 1801 5687; x_wconf 75' lang='grc' dir='ltr'>τούτῳ</span> <span class='ocrx_word' id='word_1_926' title='bbox 1829 5624 1881 5673; x_wconf 84' lang='lat' dir='ltr'><strong>et</strong></span> <span class='ocrx_word' id='word_1_927' title='bbox 1902 5614 2021 5671; x_wconf 83' lang='grc' dir='ltr'><strong>εἷπε</strong></span> <span class='ocrx_word' id='word_1_928' title='bbox 2048 5634 2112 5688; x_wconf 83' lang='lat' dir='ltr'><strong>pr</strong></span> 
     </span>
    </p>
   </div>
   <div class='ocr_carea' id='block_1_111' title="bbox 2215 5614 2302 5688">
    <p class='ocr_par' dir='ltr' id='par_1_111' title="bbox 2215 5618 2302 5674">
     <span class='ocr_line' id='line_1_111' title="bbox 2215 5618 2302 5674; baseline 0.023 -2"><span class='ocrx_word' id='word_1_929' title='bbox 2215 5618 2302 5674; x_wconf 66' lang='grc' dir='ltr'>ᾖδε.</span> 
     </span>
    </p>
   </div>
  </div>
