3948 6068
152 91 273 146 1009

811 105 1181 167 ADVERSUS
1224 109 1562 166 HIERESES
1594 111 1688 166 LII

1803 115 1832 170 I.
1875 115 2036 173 TOM.
2080 119 2120 173 Ι.
2156 151 2227 162 -
2260 121 2537 180 HASRES.
2577 124 2754 182 LVIII.

3255 131 3392 189 Il‘IO

143 204 438 313 institisse.
488 211 612 266 Ἐπὶ
645 216 854 284 πάντας
906 222 1008 293 μὲν
1044 219 1137 279 οὖν
1167 224 1244 280 ὢν
1276 225 1430 292 Θεὸς,
1472 226 1613 299 ἔχων
1655 228 1688 281 δ

1818 229 2010 288 Omnia
2038 236 2167 289 mihi
2197 237 2397 292 tradita
2440 249 2561 293 sunt
2585 256 2618 294 a
2658 240 2815 295 Patre
2856 256 2988 308 meo,
3026 249 3389 313 accurateque

143 295 267 402 i’6m‘v
326 295 492 402 αυτοῦ
554 305 794 379 Πατέρα,
855 313 914 365 ὲν
970 314 1048 383 τῷ
1094 315 1301 385 λέγειν·
1368 295 1688 387 Ἀπέρχομα

1814 339 1919 381 nos
1966 326 2173 383 docuit.
2197 328 2294 383 Ille
2322 330 2510 400 itaque
2548 346 2714 402 supra
2739 346 2931 387 omnes
2974 331 3116 388 Deus
3154 295 3383 399 exstitit,

138 380 284 454 πρὸς
314 388 427 444 τὸν
474 396 726 465 Πατέρα.
778 400 841 453 Et
883 401 940 456 δὲ
986 380 1054 474 ἦν
1102 380 1265 470 add;
1321 380 1713 480 Πατὴρί-πρὸς

138 481 284 534 ποῖον
316 482 534 555 Πατέρα
560 487 670 559 ἄρα
698 492 887 564 ἀπῄει,
918 491 964 548 ὦ
1019 497 1250 568 ἀνόητε;
1294 497 1461 553 ΙΙάλιν
1487 500 1596 572 γὰρ
1623 500 1712 554 λέ-

136 586 242 640 γει*
278 572 413 629 Ἵνα
443 572 597 639 ὦσιν
626 580 717 646 ἓν,
750 584 829 650 ὠς
866 586 1115 655 ἐγὼκαὶ
1142 589 1223 643 σὺ
1260 589 1331 644 ἓν
1359 591 1565 661 ἐσμεν.

196 867 252 919 1⁸.
308 866 427 920 Ἀεὶ
452 867 562 940 γὰρ
591 870 624 940 ή
663 869 853 943 Γραφὴ
909 873 1316 947 ἀσφαλιζομένη
1347 874 1447 940 τὰς
1475 876 1614 931 κατὰ
1645 878 1707 931 τὺ

122 954 289 1025 ἄκρον
344 957 582 1023 πτώσεις
620 959 731 1013 τῶν
772 962 1096 1034 ἀνθρώπων,
1130 969 1195 1021 ὲκ
1239 968 1571 1039 πανταχόθεν
1613 970 1704 1023 τὸν

123 1042 247 1097 νοῦν
280 1045 503 1113 συνάγει
533 1049 626 1101 ἐπὶ
662 1049 762 1122 τὴν
801 1051 975 1123 μέσην
1003 1055 1102 1125 τῆς
1140 1056 1399 1129 ἀληθείας
1425 1058 1561 1114 ὁδόν.
1593 1060 1703 1112 Καὶ

120 1135 256 1207 πρὸς
301 1138 527 1204 τούτους
580 1141 680 1211 μὲν
710 1145 837 1208 τοὺς
883 1146 1203 1217 νομίζοντας
1234 1149 1514 1222 ἀλλότριον
1562 1148 1701 1205 εἶναι

118 1227 209 1280 τὸν
248 1228 376 1283 Υἱὸν
418 1232 512 1285 τοῦ
562 1234 794 1305 Πατρὸς,
832 1238 974 1308 φημὶ
1012 1239 1070 1292 δὲ
1101 1240 1177 1303 ὡς
1215 1242 1429 1313 Ἄρειος
1470 1242 1698 1312 νομίζει,

117 1321 213 1375 καὶ
273 1323 435 1376 ἄλλαι
478 1326 737 1396 αἱρέσεις,
772 1328 953 1398 λέγει·
1002 1331 1144 1401 Ἐγὼ
1173 1333 1268 1386 καί
1310 1336 1343 1388 ό
1382 1333 1587 1403 Πατὴρ
1629 1334 1702 1389 ἓν

110 1413 334 1482 dapes“
371 1416 512 1487 πρὸς
558 1417 616 1470 δὲ
663 1420 791 1483 τοὺς
842 1421 1161 1491 νομίζοντας
1210 1422 1372 1495 αὐτὸν
1424 1419 1561 1479 εἶναι
1606 1425 1697 1478 τὸν

112 1503 354 1576 Πατέρα,
390 1507 482 1559 καὶ
510 1506 601 1561 τὸν
640 1508 802 1561 αὐτὸν
830 1505 969 1563 εἶναι
1010 1511 1156 1575 Υἱὸν,
1190 1511 1279 1565 διὰ
1309 1512 1369 1565 τὸ
1395 1513 1691 1584 εἰρηκέναι,

1814 429 1940 470 cum
1992 417 2353 476 nihilominus
2402 420 2623 477 Patrem
2659 424 2857 477 habeat
2912 438 3096 478 suum.
3130 422 3285 490 Quod
3320 425 3390 482 iis

1810 508 1994 563 verbis
2042 511 2359 578 expressit:
2404 510 2547 566 Vada
2588 512 2657 566 ad
2701 512 2973 567 Patrem'.
3017 514 3086 567 At
3126 517 3171 569 si
3217 513 3380 568 Pater

1808 606 1955 655 esset
1984 600 2119 669 ipse,
2148 617 2309 671 quem
2345 605 2565 658 tandem
2594 603 2660 657 ad
2695 603 2933 668 Patrem,
2968 619 3001 657 ο
3036 605 3220 669 stulte,
3263 606 3379 659 dis-
3455 630 3462 638 -

1806 691 2055 744 cederet?
2079 690 2153 744 Ita
2180 692 2380 762 quippe
2415 708 2610 748 rursus
2642 694 2880 764 loquitur
2913 713 2926 748 :
2958 692 3023 747 Ut
3054 696 3159 749 sint
3192 712 3377 759 unum,

1805 780 1943 833 sicut
1974 796 2065 851 ego
2085 789 2134 834 et
2164 790 2221 834 tu
2245 799 2405 836 unum
2429 799 2609 837 sumus
2632 785 2674 838 ³.

1879 874 1946 929 Χ.
2004 876 2213 931 Etenim
2271 874 2555 946 Scriptura
2609 876 2712 931 hoc
2764 879 3107 947 potissimum
3154 893 3376 943 cavens,

1806 980 1873 1020 ne
1902 966 2151 1020 homines
2176 966 2241 1019 ad
2273 973 2518 1019 extrema
2544 980 2774 1034 quaeque
2794 965 3105 1029 deﬂectant,
3137 966 3376 1021 medium

1805 1057 1859 1110 in
1908 1056 2157 1113 veritatis
2201 1057 2304 1111 iter
2347 1056 2549 1126 ubique
2595 1072 2818 1111 sensum
2857 1057 3379 1129 intelligentiamque

1803 1149 2098 1218 mmpellit.
2136 1148 2498 1213 Quamobrem
2545 1155 2605 1201 ut
2654 1147 2759 1201 illis
2802 1156 3077 1213 occurrat,
3122 1149 3217 1218 qui
3255 1149 3379 1205 alie-

1801 1256 1933 1295 num
1965 1255 1994 1292 a
2038 1238 2198 1294 Patre
2227 1238 2423 1293 Filium
2454 1255 2579 1294 esse
2623 1239 2945 1310 pradicant,
2980 1255 3100 1308 qua:
3129 1248 3211 1294 est
3236 1239 3376 1303 Arii,

1798 1332 1854 1379 et
1903 1325 2134 1378 aliarum
2176 1333 2451 1380 sectarum
2485 1326 2691 1395 opinio,
2740 1327 2819 1381 sic
2861 1327 3142 1397 loquitur:
3174 1327 3285 1397 Ego
3326 1339 3376 1383 et

1798 1416 1964 1471 Pater
2000 1433 2162 1471 unum
2194 1433 2376 1471 sumus
2394 1416 2437 1471 ⁵.
2485 1419 2689 1473 Contra
2719 1434 2872 1482 vero,
2908 1428 2967 1472 ut
2997 1433 3093 1474 eos
3136 1420 3373 1481 refellat,

1797 1508 1891 1577 qui
1944 1507 2198 1561 eumdem
2233 1522 2359 1562 esse
2387 1505 2606 1563 Patrem
2647 1516 2701 1564 et
2736 1507 2930 1562 Filium
2964 1517 3238 1576 asserunt,
3273 1524 3370 1580 pro

122 1596 272 1665 Ἐγὼ
300 1597 403 1650 καὶ
430 1601 464 1651 ὁ
499 1599 704 1667 Πατὴρ
729 1600 800 1654 ἓν
837 1602 1043 1671 ἐσμεν,
1074 1602 1256 1671 λέγει·
1293 1602 1562 1671 Ποίησον
1589 1606 1688 1658 αὐ-

1803 1614 1862 1654 eo
1892 1599 2035 1668 quod
2076 1599 2251 1653 dixit:
2286 1598 2393 1669 Ego
2429 1608 2477 1652 et
2503 1598 2665 1653 Pater
2711 1617 2873 1653 unum
2907 1617 3111 1665 sumus,
3158 1601 3233 1655 ita
3266 1602 3374 1657 alio

106 1684 273 1753 τοὺς,
305 1688 407 1740 ἵνα
432 1683 589 1741 ὦσιν.
615 1688 704 1754 ἓν,
735 1690 932 1758 καθὼς
975 1692 1090 1762 ἐγὼ
1126 1692 1225 1746 καὶ
1250 1692 1334 1747 σὺ
1362 1694 1435 1747 ἓν
1468 1694 1687 1763 ἐσμεν·

107 1777 193 1830 ἵνα
220 1778 561 1850 καταισχύνῃ
591 1780 799 1851 Νοητὸν
828 1782 925 1836 καὶ
966 1783 1063 1854 τὴν
1092 1782 1256 1837 αὑτοῦ
1302 1784 1516 1856 σχολὴν,
1544 1802 1689 1857 παρ-

100 1867 330 1935 αγαγὼν
380 1872 461 1933 είς
508 1871 572 1924 τὸ
625 1873 791 1943 μέσον
851 1873 952 1948 τὴν
1001 1875 1112 1928 τῶν
1166 1876 1424 1947 μαθητῶν
1472 1876 1688 1933 ἕνωσιν.

102 1957 231 2021 Πῶς
269 1958 378 2031 γάρ
414 1960 646 2031 ἠδύνατο
675 1962 881 2035 Πέτρος
912 1965 1005 2018 καὶ
1046 1965 1297 2038 Ἰωάννης
1316 2007 1331 2030 ,
1363 1967 1458 2021 καὶ
1481 1969 1529 2020 οἱ
1558 1966 1691 2021 καθ-

99 2047 233 2118 εξῆς
260 2047 399 2105 εἶναι
432 2051 490 2106 ἓν
534 2053 609 2117 ὡς
643 2054 785 2108 κατά
803 2055 1165 2127 συναλοιφὴνς
1211 2057 1371 2112 Ἀλλά
1399 2057 1487 2112 διὰ
1515 2059 1577 2112 τὸ
1607 2054 1687 2112 εἷς

98 2157 185 2194 ναι
215 2142 278 2195 ἐν
314 2145 413 2215 μιᾷ
442 2145 653 2217 ένότητι
684 2146 956 2218 θεότητος,
993 2148 1087 2202 καὶ
1116 2150 1174 2203 ἐν
1212 2151 1309 2221 μιᾷ
1341 2149 1555 2223 γνώμῃ,
1592 2149 1688 2203 καὶ

96 2232 349 2304 δυνάμει,
381 2238 462 2299 είς
488 2236 550 2289 τὸ
572 2238 1014 2308 ἀποκρούσασθαι
1044 2242 1224 2293 πᾶσαν
1256 2241 1510 2294 ὑπόνοιαν
1544 2239 1688 2295 κατὰ

94 2322 332 2395 θάτερον
372 2325 473 2396 τῆς
504 2326 763 2400 ἀληθείας
784 2313 1250 2403 ἑπανισταμένην.
1280 2333 1544 2398 Φίλιππος
1569 2333 1626 2388 δὲ
1658 2337 1686 2387 6

94 2412 256 2482 ἅγιος
286 2416 584 2481 ἀπόστολος
625 2419 824 2488 φάσκει
844 2438 859 2452 ο
893 2422 1101 2487 Δεῖξον
1129 2424 1274 2493 ἡμῖν
1304 2424 1413 2479 τὸν
1453 2425 1685 2496 Πατέρα

88 2522 231 2561 σου.
281 2506 340 2560 Ὀ
359 2507 415 2561 δὲ
444 2504 595 2565 εἶπεν
612 2528 626 2542 ’
652 2513 716 2566 '0
744 2513 1014 2582 ἑωρακὼς
1034 2515 1160 2585 ἐμὲ,
1186 2516 1406 2585 ἑώρακε
1433 2517 1541 2571 τὸν
1568 2521 1704 2571 Παοε

88 2596 252 2665 τέρα.
299 2598 415 2652 Καὶ
447 2600 547 2653 οὐκ
586 2596 736 2655 εἶπεν
761 2615 775 2632 ⁸
794 2601 942 2673 Ἐγώ
964 2605 1081 2673 ειμι
1114 2606 1147 2658 ὀ
1174 2605 1377 2674 Πατήρ
1395 2623 1411 2636 ·
1462 2605 1597 2659 ἀλλὰ
1622 2605 1684 2659 τδ

1799 1689 1922 1743 loco
1952 1696 2209 1758 precatur
2236 1707 2247 1742 :
2273 1687 2388 1741 Fac
2417 1689 2577 1756 ipsas,
2604 1701 2660 1742 ιιι
2690 1691 2795 1744 sint
2830 1706 3013 1757 unum,
3046 1694 3180 1746 sicut
3208 1709 3300 1763 ego
3322 1703 3374 1748 et

1800 1791 1855 1835 tu
1893 1795 2056 1833 unum
2080 1796 2284 1834 sumus.
2319 1779 2439 1846 Quo
2470 1778 2640 1835 Noeto
2689 1782 2917 1852 ejusque
2961 1784 3160 1838 scholae
3193 1784 3371 1854 pudo-

1798 1885 1912 1925 rem
1950 1871 2201 1936 incutiat,
2241 1872 2371 1926 dum
2400 1872 2546 1926 illam
2578 1873 2976 1943 discipulorum
3016 1875 3372 1943 conjunctio-

1796 1976 1921 2018 nem
1950 1963 2004 2017 in
2042 1963 2282 2019 medium
2315 1963 2557 2018 adducit.
2584 1962 2704 2029 Qua
2730 1965 2876 2019 enim
2909 1966 3120 2021 ratione
3153 1965 3368 2029 Petrus.

1795 2061 1849 2108 et
1882 2052 2147 2118 Joannes,
2194 2062 2249 2108 et
2294 2054 2476 2108 caeteri
2517 2070 2686 2108 unum
2739 2069 2881 2119 esse,
2919 2056 3065 2109 velut
3113 2056 3168 2109 in
3203 2072 3371 2111 unum

1795 2146 2164 2201 coalescentes
2204 2144 2549 2216 confusique,
2595 2146 2927 2215 potuerunt?
2959 2144 3065 2199 Sed
3102 2160 3168 2201 eo
3206 2147 3371 2200 nimi-

1794 2251 1914 2290 rum
1944 2237 2034 2290 illa
2074 2237 2220 2292 dicta
2253 2246 2402 2303 sunt,
2438 2237 2584 2308 quod
2616 2237 2670 2291 in
2701 2238 2868 2292 unius
2900 2237 3206 2292 divinitatis
3235 2252 3368 2289 con-

1788 2332 2090 2401 junctione.
2141 2324 2442 2402 eademque
2506 2331 2777 2387 sententia
2833 2346 2896 2385 ac
2940 2331 3144 2384 virtute
3185 2330 3369 2384 consi-

1793 2432 1962 2488 stant,
1996 2432 2053 2479 ut
2088 2440 2244 2480 error
2276 2424 2459 2480 omnis
2500 2423 2822 2479 excludatur
2854 2437 2917 2477 ac
2965 2421 3201 2485 falsitas,
3249 2436 3370 2489 qua:

1792 2517 2003 2571 utravis
2039 2533 2101 2571 ex
2138 2525 2294 2587 parte
2321 2524 2515 2571 contra
2545 2517 2834 2571 veritatem
2860 2515 3131 2595 insurgat.
3162 2511 3370 2583 Philip-

1792 2623 1896 2677 pus
1929 2624 2064 2663 vero
2096 2608 2380 2678 apostolus
2412 2607 2560 2662 hunc
2589 2608 2644 2662 in
2673 2606 2895 2661 modum
2923 2606 3201 2661 Christum
3233 2604 3370 2658 allo-

87 2689 194 2758 ἐμὲ
246 2694 515 2760 σημαῖνον
549 2692 619 2746 τά
655 2694 669 2724 ¹
724 2695 914 2749 ἑαυτὸν
960 2695 1171 2765 λέγων’
1228 2697 1289 2750 τὸ
1337 2697 1416 2763 δὲ,
1463 2697 1683 2767 ἑώρακε

1803 2698 1977 2768 quitur
2010 2717 2023 2754 :
2059 2697 2287 2761 Ostende
2333 2697 2483 2753 nobis
2538 2697 2751 2754 Patrem
2795 2706 2962 2751 tuum.
3007 2695 3109 2751 Cui
3161 2695 3235 2749 ita
3279 2709 3369 2749 re-

86 2782 194 2834 τὸν
228 2782 487 2850 Πατέρα,
518 2784 618 2854 οὐχ
652 2785 842 2839 ἑαυτὸν
888 2787 1080 2857 λέγων.
1117 2787 1278 2841 ’Δλλο
1298 2788 1407 2860 γὰρ
1437 2788 1518 2855 τὸ,
1553 2791 1677 2856 τὸν,

1803 2791 2011 2861 spondit
2043 2810 2055 2845 :
2091 2791 2195 2857 Qui
2227 2791 2363 2846 videt
2393 2808 2494 2853 me,
2516 2790 2653 2844 videt
2673 2798 2723 2843 et
2744 2788 2955 2842 Patrem
2982 2787 3210 2843 menm'.
3248 2785 3367 2841 Non

84 2874 181 2926 καὶ
219 2873 355 2927 ἄλλο
379 2874 460 2937 τὸ,
485 2875 612 2944 ἐμὲ,
658 2878 753 2931 καὶ
786 2878 915 2933 ἄλλο
941 2879 1079 2950 ἐγὼ,
1111 2882 1206 2935 καὶ
1235 2864 1421 2952 ἕτερον
1447 2881 1528 2948 τὸ,
1552 2882 1678 2950 ἐμέ.

1803 2882 1927 2936 lixit
1955 2900 1967 2936 :
1996 2880 2110 2952 Ego
2159 2900 2277 2960 sum
2307 2882 2508 2935 Pater:
2534 2881 2625 2935 sed
2660 2897 2760 2945 me,
2806 2880 2951 2950 quod
3003 2879 3145 2934 idem
3192 2885 3277 2933 cst
3305 2891 3369 2931 ac

84 2964 148 3015 Ei
196 2964 311 3038 γάρ
358 2960 427 3035 ἦν
483 2966 513 3017 6
564 2967 729 3030 αὐτὸς
783 2970 993 3041 Πατὴρ,
1048 2971 1265 3041 ἔλεγενο
1336 2971 1475 3042 Ἐγώ
1527 2976 1677 3043 εἰμι’

1803 2974 2052 3043 ιοίρευηι,
2102 2973 2322 3043 adjecit.
2365 2972 2516 3037 Item,
2550 2972 2712 3035 videt,
2752 2971 2951 3041 inquit,
2990 2971 3229 3032 Patrem,
3258 2983 3368 3023 non

80 3054 278 3127 ἐπειδὴ
321 3054 379 3108 δὲ
414 3055 515 3109 οὐκ
552 3057 715 3122 αὑτός
759 3059 908 3115 ἐστιν
954 3064 983 3116 6
1027 3063 1237 3135 Πατὴρ,
1274 3063 1408 3117 ἀλλά
1449 3066 1477 3118 6
1530 3065 1679 3132 Υἱὸς,

1803 3048 1979 3135 .ttique
2008 3063 2250 3133 seipsum
2287 3072 2703 3117 commemorat.
2739 3064 2900 3117 Aliud
2934 3063 3077 3119 enim
3114 3068 3192 3116 est
3233 3060 3367 3115 arti-

81 3146 307 3217 ἀληθῶς
343 3146 529 3215 λέγει’
577 3150 642 3203 '0
672 3151 944 3220 ἑωρακὼς
979 3154 1103 3224 ἐμὲ,
1151 3154 1374 3223 ἑώρακε
1404 3154 1513 3208 τόν
1561 3158 1679 3208 Πα-

1803 3156 1947 3211 :ulus
1974 3155 2085 3219 ille,
2119 3153 2231 3218 τόν,
2279 3153 2441 3209 aliud.
2486 3169 2810 3223 pronomen,
2850 3153 2985 3224 ἐμέ,
3045 3150 3189 3204 aliud
3230 3147 3364 3218 ἐγώ,

79 3237 263 3307 τέραα
317 3242 409 3297 ἴνα
448 3243 859 3316 ἀποκρούσηται
910 3246 1009 3316 τὴν
1049 3246 1143 3300 τοῦ
1191 3247 1400 3316 Ἀρείου
1439 3246 1681 3317 βλασφη-

1803 3246 1936 3300 ιὶίυό
1976 3244 2099 3317 ἐμέ.
2131 3244 2263 3298 Nam
2309 3245 2354 3316 si
2386 3245 2503 3315 ipse
2528 3244 2689 3300 Pater
2738 3253 2907 3306 esset,
2941 3243 3149 3297 diceret
3186 3238 3369 3311 profe-

81 3331 240 3399 μίαν,
289 3335 391 3404 τὴν
420 3334 511 3388 τὸν
536 3335 666 3389 Υἱὸν
696 3336 805 3390 ἀπὸ
840 3337 935 3390 τοῦ
965 3339 1179 3410 Πατρὸς
1207 3337 1605 3411 άλλοτριοῦσαν.

1803 3347 1919 3392 :to:
1960 3336 2070 3408 Ego
2103 3354 2240 3391 sum.
2276 3335 2459 3402 Quare
2507 3352 2631 3392 cum
2679 3337 2795 3407 ipse
2822 3336 2984 3390 Pater
3015 3334 3239 3388 minime
3272 3333 3365 3392 sit,

73 3426 173 3479 sed
211 3424 594 3493 Filius,.vere
638 3432 788 3489 istud
822 3435 1155 3503 usurpavit:
1202 3433 1305 3501 Qui
1330 3433 1466 3488 videt
1525 3450 1641 3499 me,
1708 3432 1843 3488 uidet
1883 3443 1932 3487 et
1990 3431 2239 3498 Patrem;
2293 3434 2357 3488 ad
2405 3433 2750 3487 refutandam
2797 3432 2909 3486 Arii
2951 3428 3363 3500 blasphemiam,

72 3533 204 3586 qua:
227 3520 438 3579 Fllium
468 3526 671 3581 alienat
698 3541 728 3579 a
757 3523 938 3582 Patre.

143 3612 246 3665 Διὸ
277 3613 383 3682 τῆς
416 3614 596 3686 πάσης
624 3616 848 3686 Γραφῆς
877 3615 1065 3685 σαφῶς
1094 3616 1221 3685 περὶ
1254 3617 1509 3688 ἀληθείας
1547 3619 1677 3689 ἡμῖν

63 3702 174 3772 τὴν
204 3702 338 3756 ὁδὸν
368 3703 791 3776 ὕποτιθεμένης,
838 3705 931 3758 καὶ
974 3704 1160 3757 τοῦτον
1191 3705 1280 3759 τὸν
1322 3705 1552 3777 Νοητδν,
1584 3708 1679 3763 καὶ

65 3792 172 3863 τὴν
204 3792 387 3848 αὐτοῦ
433 3795 665 3868 αἵρεσιν,
708 3794 1024 3866 Νοητιανῶν
1074 3812 1236 3868 φημι,
1287 3799 1383 3851 σὺν
1417 3799 1536 3861 ταῖς
1583 3796 1679 3849 ἀλ·-

61 3882 195 3946 λαις
247 3883 504 3954 αἱρέσεσι
551 3885 960 3959 παρωσάμενοι,
991 3886 1177 3957 ὥσπερ
1237 3886 1566 3958 ὀστρακίτην
1590 3886 1681 3940 τὸν

60 3975 426 4047 καλούμενον
456 3976 742 4048 δράκοντα,
774 3976 864 4030 τὸν
894 3977 969 4050 μὴ
993 3978 1290 4049 δυνάμενον
1330 3977 1678 4048 κάμπτεσθαι

57 4070 120 4120 ἐν
158 4069 249 4140 τῷ
282 4068 654 4124 καταδιώκειν
682 4070 985 4143 ἄνθρωπον,
1018 4072 1154 4143 μήτε
1195 4070 1344 4135 δεξιά
1375 4071 1511 4142 μήτε
1538 4069 1679 4123 εὐώ-

1803 4073 2045 4119 ‘estaceus
2089 4065 2322 4127 dicitur,
2369 4064 2463 4135 qui
2494 4079 2619 4119 cum
2657 4065 2935 4120 hominem
2990 4069 3363 4138 persequitur,

56 4178 243 4229 νυμα,
303 4160 660 4225 ἐκκλίναντες
713 4162 820 4216 ἀπὸ
864 4163 1029 4217 αὐτοῦ
1075 4180 1133 4215 τε
1191 4162 1284 4216 καὶ
1330 4163 1431 4233 τῆς
1482 4162 1677 4216 ἑαυτοῦ

1803 4172 1965 4227 ieque
1997 4156 2053 4211 in
2083 4157 2355 4221 dextram,
2396 4173 2575 4226 neque
2610 4157 2664 4210 in
2710 4156 2991 4211 sinistram
3030 4168 3241 4228 partem
3275 4159 3368 4217 ile-

52 4252 305 4323 σγολῆς,
350 4253 448 4306 καὶ
504 4253 824 4325 μοχθηρίας,
858 4255 951 4306 ἐπὶ
985 4255 1083 4318 τὰς
1116 4252 1244 4323 ἑξῆς
1283 4253 1509 4324 δυνάμει
1543 4253 1675 4306 Θεοῦ

1803 4256 1930 4304 rtere
1964 4264 2023 4303 se
2058 4250 2167 4304 ullo
2200 4249 2361 4302 modo
2401 4258 2573 4319 potest
2600 4266 2610 4301 :
2643 4249 2711 4303 ab
2740 4249 2833 4302 illo
2867 4248 3108 4310 demum.
3135 4252 3367 4322 ejusque

47 4341 150 4393 τὸν
188 4342 336 4397 νοῦν
367 4343 739 4414 ἀκοντίσωμεν
762 4344 897 4416 πρὸς
914 4345 1162 4415 διήγησιν
1192 4346 1285 4397 καὶ
1324 4343 1544 4415 ἔλεγχον
1571 4344 1678 4397 τῶν

1803 4342 1987 4406 .cbola,
2017 4349 2071 4397 et
2105 4342 2450 4412 improbitate
2492 4339 2856 4403 declinantes,
2902 4340 2969 4394 ad
3012 4351 3242 4399 cmteras
3276 4343 3365 4399 di-

43 4435 109 4484 ἐν
154 4435 383 4497 αὑταῖς
414 4434 853 4508 ὲπινενοημένων
905 4436 1046 4491 κατὰ
1088 4437 1188 4507 τῆς
1236 4435 1491 4507 ἀληθείας
1538 4434 1680 4503 ξενοτ

1803 4438 1908 4490 rina
1938 4452 2038 4506 ope
2068 4432 2191 4490 freti
2213 4434 2454 4490 animum
2478 4436 2825 4505 adjiciamus,
2871 4442 2929 4489 ut
2961 4437 3279 4506 peregrinas
3308 4447 3361 4495 et

41 4526 291 4594 λεξιῶν,
1786 4527 2061 4587 absurdas
2092 4526 2305 4582 dicendi
2332 4528 2580 4583 rationes
2603 4528 2873 4584 adversus
2902 4529 3179 4585 veritatem
3210 4532 3268 4586 in
3296 4531 3364 4585 il-

1789 4618 1855 4685 lis
1883 4620 2217 4690 excogitatas
2252 4626 2535 4690 pertexerc
2583 4638 2647 4677 ac
2685 4623 3014 4695 redarguere
3059 4627 3363 4696 possimus.

2221 4732 2500 4788 CONTRA
2547 4734 2900 4798 VALESIOS.

2077 4824 2307 4880 llwresis
2338 4824 2498 4880 XXX
2515 4825 2679 4890 VIII,
2710 4830 2816 4882 sive
2853 4826 3080 4883 LVIII.

1858 4917 1899 4969 ῐ.
1944 4914 2329 4987 Saepenumero
2368 4919 2436 4975 de
2485 4919 2718 4976 Valesiis
2765 4922 3111 4989 audivimus,
3163 4924 3236 4978 ita
3286 4931 3365 4978 ta-

1856 3606 1988 3673 Quaz
2018 3622 2140 3660 cum
2170 3604 2242 3659 ita
2287 3606 2416 3666 sint,
2461 3621 2523 3659 ac
2561 3622 2683 3665 cum
2724 3623 2895 3661 sacra:
2928 3624 3120 3665 onmes
3150 3609 3370 3666 Littera:

1787 3697 1932 3750 viam
1964 3696 2122 3750 nobis
2156 3697 2403 3751 veritatis
2444 3698 2757 3757 certissime
2783 3700 3184 3768 demonstrent,
3220 3714 3370 3773 post-

1787 3803 1950 3859 quam
1985 3786 2216 3842 Noetum
2253 3788 2440 3850 istum,
2463 3788 2531 3841 ab
2560 3804 2734 3859 eoque
2764 3800 3115 3861 propagatum
3142 3790 3365 3848 Noetia-

1787 3896 1981 3934 norum
2012 3880 2180 3953 489
2210 3889 2440 3947 sectam,
2479 3896 2585 3933 una
2617 3894 2742 3934 cum
2773 3882 2999 3950 reliquis
3045 3884 3365 3952 repulimus,

1787 3972 2016 4043 perinde
2072 3988 2136 4028 ac
2181 3974 2474 4027 draconem
2524 3972 2698 4036 illum,
2744 3975 2838 4043 qui
2887 3975 3209 4039 ostracites,
3252 3977 3369 4032 sive

580 4732 769 4786 ΚΑΤΑ
809 4734 1223 4799 ΟΥΑΛΗΣΙΩΝ,

112 4820 492 4891 Τριακοστή
532 4823 733 4893 ὀγδόη,
766 4828 801 4895 ἠ
834 4827 931 4880 καὶ
970 4828 1350 4897 πεντηκοστὴ
1383 4829 1599 4895 ὀγδόην

106 4911 203 4964 A'.
242 4907 410 4981 Περὶ
441 4909 759 4982 omnem»
789 4913 1063 4985 ἀκούομεν
1093 4913 1376 4978 πολλάκις.
1405 4915 1465 4968 οὐ
1498 4916 1683 4987 μέντοι

24 5000 330 5075 ἔγνωμεν
382 4999 507 5065 ποῦ,
553 5000 704 5074 τίςῆ
753 5003 917 5061 πόθεν
963 5005 1278 5077 (imitated)
1334 5004 1387 5058 τί
1419 5004 1612 5073 λέγων,
1649 5005 1682 5075 ἢ

1803 5024 1911 5065 ηιιοη
1943 5016 2002 5062 ut
2029 5009 2098 5064 de
2126 5010 2343 5065 illorum
2377 5020 2606 5068 auctore
2629 5011 2878 5078 Valente,
2907 5014 3129 5069 ubinam
3162 5016 3208 5071 is
3238 5032 3366 5088 gen-

21 5096 449 5167 νουθετῶν,ἧ
504 5096 873 5169 φθεγγόμενος
923 5099 953 5151 6
1004 5090 1422 5171 Οὐάληςόὗτος.
1455 5100 1529 5155 Τὸ
1580 5102 1677 5172 μὲν

1810 5099 1920 5153 ium
1977 5100 2162 5164 fuerit,
2209 5109 2303 5154 aut
2344 5101 2619 5157 undenam
2671 5103 2945 5160 excitatus
2995 5104 3192 5171 fuerit,
3245 5123 3366 5178 quae
3414 5108 3423 5121 “

15 5190 250 5261 εειομα,
320 5188 630 5259 Ἀραϐικὸν
662 5189 739 5259 (I)
783 5189 1048 5262 ὑπάρχον,
1093 5190 1215 5245 τινά
1247 5190 1502 5245 ὑπόνοιαν
1546 5192 1679 5261 ἡμῖν

1807 5191 1933 5246 Ilius
1968 5190 2134 5256 dicta,
2166 5206 2287 5261 qua?
2309 5199 2581 5263 prmeepta
2607 5207 2674 5249 ac
2714 5210 2999 5252 sermones
3024 5200 3362 5261 exstiterint.

14 5282 237 5336 (Siden:
295 5275 666 5351 διανοηθῆναὲ
724 5280 933 5347 τοῦτον,
991 5284 1084 5336 καὶ
1127 5285 1225 5354 τὴν
1256 5281 1420 5336 αὑτοῦ
1466 5282 1677 5353 αἵρεσιν

1805 5283 2025 5339 nondum
2056 5284 2366 5356 comperire
2399 5285 2761 5357 potuerimus.
2796 5287 3119 5361 Quanquam
3152 5307 3218 5347 ex
3248 5292 3367 5363 ejus

1958 5425 1975 5455 ³
2004 5424 2163 5481 Joan.
2194 5442 2244 5491 λ,
2270 5426 2365 5485 50.
2441 5430 2460 5461 '
2502 5426 2656 5484 Joan.
2698 5422 2894 5496 xn','8,
2932 5434 2988 5489 ll.

93 5425 322 5479 λαστ.
374 5428 635 5491 στμαῖνον
666 5424 744 5477 τό.
824 5427 843 5457 '
881 5424 1036 5479 Joan.
1078 5441 1186 5487 xw,
1228 5426 1309 5480 ll).
1387 5426 1405 5455 ³
1437 5423 1591 5479 Joan.
1631 5442 1687 5479 xx

1803 5425 1877 5479 Η.

92 5587 183 5659 ιι)
251 5580 339 5640 TC?
386 5579 501 5649 μέν
547 5580 1100 5647 ἒι·σμ‹ιο”Α,(ιιεικι’›·.
1136 5578 1247 5635 Ιιιιυ
1279 5579 1533 5637 Latinum
1615 5577 1823 5635 Valens.
