3948 6068
595 195 712 248 ιυΗ

1972 200 2028 254 8.
2073 199 2413 255 EPIPHANII

3691 192 3831 253 10ῑῖ

594 319 830 368 nummo,
867 286 1012 373 quod
1037 304 1324 363 Arabicum
1358 315 1463 366 est,
1495 307 1755 360 nonnulla
1792 308 1953 365 nobis
1982 311 2155 380 suspi-
2182 368 2185 376 η

2293 311 2425 363 ίσέτι
2454 309 2610 379 δεῦρο
2634 309 2916 381 φέρεσθαι,
2944 307 3018 370 ὡς
3050 309 3107 361 ὲν
3136 304 3379 374 ὑπονοίᾳ,
3409 301 3667 372 καθάπερ
3697 302 3831 373 ἔφην

593 392 677 447 cio
719 400 825 457 est,
874 392 928 446 in
975 392 1164 446 eadem
1221 391 1370 451 illum
1428 393 1686 463 opinione
1748 395 1938 462 fuisse,
1996 407 2159 469 atque

2291 401 2404 463 ινάς
2444 400 2603 472 ῥντας
2652 402 2709 452 ὲν
2752 397 3021 460 Βακάθοις
3052 397 3153 466 τῆς
3197 393 3596 464 Φιλαδελφηνῆς
3641 392 3831 462 χώρας

594 481 766 553 ipsius
784 484 890 537 hoc
912 490 1156 550 tempore
1181 484 1386 536 versari
1422 493 1650 547 sectam,
1680 501 1843 556 quam
1872 503 1995 543 esse
2016 496 2157 544 non;

2253 490 2426 561 πέραν
2464 488 2558 543 τοῦ
2607 489 2887 561 Ἰορδάνου.
2923 488 3033 540 Καὶ
3059 489 3107 540 οἱ
3155 487 3251 556 μὲν
3298 484 3577 555 ἐπιχώριοι
3605 485 3832 547 τούτους

599 574 864 627 nullorum
907 571 1147 626 diximus
1172 611 1186 637 ,
1238 572 1332 641 qui
1363 573 1417 625 in
1444 572 1700 629 Bacathis
1728 576 2157 647 Philadelphentc

2291 581 2591 645 ‘vma'rtxob;
2621 580 2902 649 βούλονται
2936 577 3112 645 λέγειν
3133 592 3145 606 ·
3193 575 3424 629 οὐκοείσὶ
3447 575 3503 628 δὲ
3532 575 3644 627 τῶν
3691 573 3831 627 Γνωο

598 663 890 733 provincize
927 664 1068 717 ultra
1092 661 1382 717 Iordanem
1420 664 1689 719 habitant,
1722 667 1823 734 Qui
1845 668 2064 737 quidem
2089 671 2158 725 ab

2291 672 2490 729 τικῶν’
2538 672 2702 742 ἔτερα
2748 670 2857 742 γὰρ
2901 669 3103 723 τούτων
3140 668 3207 721 τὰ
3253 668 3594 738 φρονήματα.
3644 663 3735 719 Τὰ
3779 665 3831 718 δι

598 753 716 820 ejus
767 752 869 806 loci
924 753 1121 807 incolis
1179 751 1425 809 Gnostici
1480 757 1868 823 nominantur,
1907 761 2156 828 quamvis

2291 764 2335 827 ίς
2363 763 2511 833 ήμᾶς
2551 760 2771 814 ἐλθόντα
2814 759 3054 830 περιέχει
3083 758 3269 812 τοῦτον
3298 756 3388 809 τὸν
3428 756 3653 825 τρόπον’

599 844 825 899 minime
861 843 1109 899 Gnostici
1162 845 1293 910 sint,
1325 854 1380 900 et
1423 848 1492 900 ab
1526 847 1593 901 iis
1649 847 1971 917 Opinionum
2020 853 2279 908 varietate
2333 854 2679 908 dissentiant.
2746 849 2945 905 Verum
2990 863 3110 920 quae
3159 849 3226 902 de
3272 848 3378 902 illis
3420 860 3586 902 nosse
3648 844 3827 914 potui-

600 956 741 1005 mus,
772 956 835 997 ea
867 939 979 996 fere
1002 950 1128 995 sunt
1154 941 1495 1010 hujusmodi:

667 1033 943 1104 Principio
977 1034 1161 1103 itaque
1211 1032 1510 1088 Eeclesiam
1567 1035 1810 1105 plerique
1858 1036 2165 1108 frequenta—
2234 1084 2239 1091 τ

2345 1037 2431 1091 Ἐν
2466 1037 2565 1107 μὲν
2604 1037 2669 1105 τῇ
2714 1030 3006 1102 Ἐκκλησία
3034 1030 3083 1083 οί
3129 1027 3341 1090 πλείους
3390 1027 3690 1096 συνήγοντο
3735 1026 3827 1090 ἕως

601 1129 748 1192 bant,
777 1127 922 1197 quod
958 1140 1202 1196 eousque
1240 1126 1435 1187 tenuit,
1479 1124 1673 1190 doner,
1708 1128 2034 1198 amplificata
2069 1129 2168 1185 dif-

2291 1128 2453 1196 ιαιροῦ
2496 1142 2660 1191 τινος,
2688 1125 2793 1187 ἕως
2835 1124 2919 1186 είς
2959 1122 3158 1183 πλάτος
3201 1114 3363 1191 ἦλθεν
3396 1117 3428 1187 ἡ
3457 1116 3639 1169 αὐτῶν
3660 1118 3826 1179 ἄνοια,

604 1220 832 1289 fusaque
863 1218 1079 1274 illorum
1109 1217 1343 1283 insania,
1374 1217 1445 1271 ab
1476 1216 1734 1272 Ecclesiae
1761 1221 2041 1275 consortio
2080 1228 2169 1276 Se-

2263 1218 2359 1271 καὶ
2391 1213 2776 1286 ἀπεϐλήθήσαν
2808 1211 2909 1282 τῆς
2967 1203 3310 1276 Ἐκκλησίας.
3364 1204 3484 1257 Εἰσὶ
3526 1202 3584 1255 δὲ
3632 1202 3826 1266 πάντες

602 1308 804 1379 gregati
840 1315 988 1362 sunt.
1026 1307 1278 1362 Universi
1314 1322 1479 1377 porro
1528 1310 1752 1363 castrati
1795 1318 1944 1373 sunt.
1996 1313 2073 1366 Ac
2101 1311 2170 1365 de

2291 1304 2534 1357 ιπόκοποι
2556 1318 2569 1332 ’
2618 1301 2712 1354 καὶ
2758 1299 2913 1354 αὐτοὶ
2943 1297 2998 1353 δὲ
3047 1295 3177 1365 περὶ
3203 1292 3383 1364 ἀρχῶν
3412 1292 3513 1362 (2).
3562 1292 3660 1345 καὶ
3690 1291 3829 1356 ἐξου-

603 1398 1001 1469 principatibus
1047 1404 1101 1452 et
1149 1398 1527 1467 potestatibus,
1569 1400 1890 1470 exterisque
1931 1400 2075 1455 hunc
2108 1402 2162 1457 in

604 1485 822 1541 modum
868 1485 1130 1565 sentiunt.
1172 1483 1563 1556 Quemcunque
1620 1504 1748 1543 vero
1782 1491 1838 1543 in
1887 1504 2042 1544 suam
2087 1490 2166 1544 di-

2272 1394 2423 1457 σιῶν,
2465 1393 2558 1447 καὶ
2590 1391 2763 1446 ἄλλων
2792 1390 2963 1452 οὕτως
3004 1386 3302 1453 δοξάζουσι.
3348 1383 3458 1437 Kal.
3487 1384 3613 1436 ὅταν
3659 1383 3830 1437 λάϐω-

2272 1501 2357 1538 σιν
2388 1483 2670 1555 ἀνθρωπον
2700 1482 2782 1543 εἰς
2827 1477 3144 1550 μαθητείαν,
3193 1474 3314 1529 καθ’
3358 1475 3480 1528 ὅσον
3516 1474 3615 1544 μὲν
3643 1474 3830 1545 χρόνον

604 1576 893 1646 sciplinam
937 1576 1262 1646 receperint.
1293 1576 1534 1645 quandiu
1587 1579 1827 1634 nondum
1869 1578 1918 1635 ei
1947 1588 2166 1637 exsecta

2291 1573 2420 1629 ιῦπω
2445 1573 2553 1627 τῶν
2597 1568 3138 1653 μορίων-ἀπετμήθη,
3184 1565 3439 1637 ἐμψύχων
3460 1565 3520 1618 οὐ
3560 1565 3831 1635 μεταλαμ-

606 1671 784 1725 virilia
815 1676 964 1734 sunt,
996 1670 1065 1723 ab
1092 1670 1347 1723 animatis
1389 1670 1645 1725 abstinet.
1685 1670 2045 1741 Posteaquam
2073 1686 2172 1726 au-

607 1772 712 1817 tem
753 1762 870 1817 sive
908 1761 985 1818 illi
1036 1759 1430 1828 persuaserint,
1479 1759 1592 1814 sive
1634 1762 1894 1817 violenter
1920 1777 2173 1819 exsecue-

606 1852 738 1916 rint,
773 1860 889 1905 tum
922 1851 1164 1912 demum,
1196 1847 1352 1918 quasi
1391 1848 1459 1902 ab
1493 1848 1642 1901 omni
1669 1850 1969 1905 certamine
2013 1851 2169 1914 liber,

609 1950 774 2010 atque
806 1936 959 1995 extra
993 1938 1293 2013 periculum
1327 1952 1489 1992 omne
1541 1940 1773 2007 positus,
1827 1955 1895 1995 ne
1926 1941 2167 1997 ciborum

615 2047 718 2086 usu
769 2030 838 2085 ad
884 2029 1169 2089 libidinum
1220 2029 1524 2100 voluptates
1574 2028 1958 2096 iullazumetur,
2003 2033 2176 2102 quod-

616 2137 830 2191 cunque
885 2122 1132 2179 ciborum
1180 2136 1353 2190 genus
1400 2121 1755 2191 permittitur.
1803 2118 1987 2190 Neque
2043 2137 2175 2177 vero

612 2226 742 2265 suos
772 2226 837 2265 eo
881 2209 1041 2264 modo
1082 2208 1346 2264 duntaxat
1382 2208 1643 2270 alliciunt,
1676 2208 1771 2265 sed
1815 2210 1979 2267 etiam
2025 2225 2176 2279 pere-

612 2304 798 2373 grinos
839 2316 981 2371 saepe
1011 2306 1379 2360 transeuntes,
1425 2306 1476 2359 et
1524 2297 1590 2351 ad
1635 2313 1757 2353 sese
1796 2298 2172 2358 divertentes:

613 2390 1067 2463 quemadmodum
1105 2390 1375 2460 frequenti
1409 2388 1475 2443 de
1505 2388 1612 2443 illis
1643 2403 1861 2443 rumore
1884 2378 2174 2459 spargitur.

618 2483 751 2539 Illos
792 2484 937 2538 enim
974 2483 1122 2536 intus
1154 2489 1454 2549 correptos,
1491 2487 1545 2535 et
1578 2479 1826 2542 manicis,
1858 2493 1922 2533 ac
1946 2479 2180 2533 vinculis

617 2574 870 2644 alligatos
915 2573 1183 2627 violenter
1232 2571 1492 2626 membris
1530 2569 1696 2642 490
1735 2571 1852 2625 suis
1907 2557 2177 2625 mutilant.

2271 1666 2456 1727 δάνει’
2501 1665 2631 1721 ὅταν
2663 1665 2720 1717 δὲ
2760 1650 2988 1730 ditamur
3016 1660 3107 1713 τὸν
3127 1657 3384 1722 τοιοῦτον,
3416 1656 3450 1727 ἢ
3502 1656 3638 1727 μετὰ
3665 1656 3829 1723 ἀνάγ-

2272 1774 2373 1828 κης
2404 1758 2568 1810 αὑτὸν
2592 1756 2953 1824 “ἀποτέμωσι,
3000 1751 3119 1806 τότε
3169 1751 3276 1804 πᾶν
3328 1748 3503 1804 ὁτιοῦν
3557 1746 3833 1818 μεταλαμ-

2256 1850 2444 1913 ϐάνει,
2472 1848 2547 1911 ὡς
2581 1847 2681 1917 ήδη
2713 1845 3060 1916 πεπαυμένος
3087 1842 3312 1911 ἀγῶνος,
3358 1840 3453 1893 καὶ
3488 1839 3685 1910 μηκέτι
3716 1840 3822 1890 ἔπιε

2273 1938 2514 2000 κίνδυνος
2538 1935 2635 2001 ὢν,
2666 1938 2746 2001 είς
2777 1935 2837 1988 τὸ
2867 1932 3257 2003 ὲποτρύνεσθαι
3283 1929 3371 1984 διὰ
3398 1930 3506 1983 τῶν
3530 1928 3829 1998 ἐδεσμάτων

2274 2029 2353 2091 είς
2382 2025 2570 2099 ἡδονὴν
2599 2027 2756 2096 ἥκειν
2782 2023 3096 2094 ἐπιθυμίας.
3140 2021 3215 2075 Οὐ
3248 2019 3405 2091 μόνον
3430 2018 3487 2073 δὲ
3524 2018 3648 2080 τοὺς
3680 2016 3827 2075 ἰδίους

2274 2117 2431 2171 τοῦτο
2472 2116 2832 2188 ἀπαρτίζουσι
2871 2114 2964 2168 τὸν
3009 2112 3229 2185 τρόπον,
3273 2109 3407 2166 ἀλλά
3446 2107 3703 2169 πολλάκις
3742 2106 3825 2158 καὶ

2279 2207 2461 2277 ξένους
2508 2204 2966 2278 παρερχομένους,
3005 2202 3098 2255 καὶ
3126 2201 3257 2271 παρ’
3287 2199 3467 2261 αὐτοῖς
3495 2194 3825 2260 ἐπιξενωθέν-

2278 2314 2408 2362 τας,
2461 2294 2631 2366 ταύτῃ
2678 2294 2914 2348 διέθεντο
2958 2294 3026 2363 τῇ
3068 2290 3330 2358 διαγωγῇ,
3383 2286 3459 2349 ὡς
3506 2283 3666 2346 πολὺς
3713 2283 3828 2352 περὶ

2277 2387 2464 2439 τοῦτον
2529 2383 2832 2455 θρυλλείται
2893 2384 3069 2453 λόγος.
3145 2378 3473 2450 Ἀρπάζουσι
3540 2374 3645 2445 γὰρ
3712 2374 3830 2434 τοὺς

2279 2477 2546 2539 τοιούτους
2583 2475 2747 2538 ἔνδον,
2796 2475 2890 2528 καὶ
2916 2471 3011 2526 ἀπὶ
3030 2467 3344 2541 συμψελίοις
3377 2468 3397 2498 ³
3437 2466 3692 2535 δήσαντες
3731 2464 3831 2531 ('5),

2285 2568 2421 2640 μετὰ
2464 2568 2716 2638 ἀνάγκης
2744 2564 2805 2620 τὸ
2842 2564 3212 2635 χειρότευκτον
3260 2558 3579 2630 ἐργάζονται
3607 2556 3705 2625 τῆς
3732 2556 3835 2607 τῶν

618 2663 742 2720 llaec
784 2673 911 2719 sunt
950 2678 1069 2733 qua:
1118 2662 1185 2716 de
1228 2661 1378 2717 hisce
1422 2661 1692 2717 haereticis
1736 2661 2042 2730 accepimus
2074 2678 2086 2713 :
2117 2660 2184 2715 de

2291 2657 2460 2729 μελῶν
2484 2654 2842 2725 ἀφαιρέσεως.
2877 2653 2988 2706 Καὶ
3015 2649 3188 2704 ταῦτά
3220 2650 3390 2711 ἐστιν,
3421 2647 3458 2701 ἀ
3480 2646 3608 2717 περὶ
3636 2643 3838 2699 τούτων

618 2753 817 2827 quibus
849 2769 970 2809 cum
1003 2753 1055 2807 id
1091 2751 1525 2822 cognoverimus,
1567 2765 1803 2821 quonam
1844 2750 1898 2804 in
1931 2750 2050 2803 loco
2082 2750 2184 2804 do-

2291 2753 2363 2812 εξς
2396 2749 2543 2820 ἡμᾶς
2584 2742 2750 2820 ἧκεν·
2787 2742 2992 2814 οὓσπερ
3023 2741 3240 2810 γνόντες
3284 2743 3341 2793 ὲν
3373 2739 3508 2808 ποίῳ
3746 2736 3841 2805 τὴν

623 2845 885 2899 mici'ium
916 2842 1174 2905 habeant,
1221 2856 1284 2895 ae
1317 2839 1771 2911 quemadmodum
1815 2839 2069 2909 frequens
2112 2838 2185 2892 sit

2291 2839 2593 2910 καταμονὴν
2642 2836 2855 2908 ἔχουσι,
2923 2832 3018 2887 καὶ
3055 2832 3130 2895 ὡς
3184 2830 3244 2883 τὸ
3283 2829 3444 2898 ὄνομα
3485 2826 3648 2880 τοῦτο
3709 2827 3839 2880 πολὺ

622 2934 766 2989 istud
805 2935 859 2988 in
890 2934 997 2987 illis
1043 2931 1356 3002 regionibus
1388 2946 1622 2998 nomen;
1650 2946 1774 2986 cum
1819 2931 2045 2985 alterius
2075 2931 2183 2984 ha:-

2291 2923 2536 2994 τυγχάνει
2563 2924 2619 2976 ὲν
2659 2924 2770 2985 τοῖς
2801 2920 3020 2992 μέρεσιν
3049 2917 3288 2981 ἐκείνοις,
3329 2916 3417 2967 καὶ
3445 2914 3519 2977 ὡς
3546 2915 3652 2985 τῆς
3698 2916 3844 2986 αἱρὲ-

624 3025 760 3080 resis
797 3024 1212 3095 appellationem
1243 3023 1448 3078 nullam
1476 3023 1871 3094 acceperimus,
1897 3023 2021 3092 jure
2045 3021 2187 3078 hanc

622 3115 863 3170 eamdem
893 3130 1014 3169 esse
1041 3113 1201 3167 nobis
1225 3114 1616 3184 persuasimus.

694 3205 755 3259 ll.
801 3204 907 3259 Sed
930 3204 1121 3258 horum
1146 3203 1375 3275 insignis
1399 3204 1644 3274 quaedam
1672 3211 1758 3259 est
1775 3203 2024 3260 stultitia.
2053 3201 2186 3259 Nam

624 3299 668 3352 si
703 3295 832 3350 illud
864 3296 1087 3366 exsequi
1114 3296 1323 3360 volunt,
1359 3296 1503 3366 quod
1533 3302 1618 3351 est
1648 3294 1705 3349 in
1729 3292 2026 3363 Evangelia
2057 3293 2190 3350 scri-

623 3396 776 3460 ptum
808 3405 822 3442 :
850 3385 910 3440 Si
948 3385 1387 3439 scandalizaverit
1423 3392 1469 3437 te
1503 3400 1667 3440 unum
1692 3399 1756 3438 ea:
1784 3383 2028 3440 membris
2059 3385 2186 3449 tuis,

626 3473 873 3531 abscinde
912 3474 1005 3530 abs
1034 3483 1100 3527 te.
1129 3472 1352 3542 Expedit
1373 3472 1508 3526 enim
1540 3473 1635 3525 tibi
1666 3475 1865 3527 intrare
1902 3473 1956 3527 in
1977 3489 2189 3544 regnum

625 3566 873 3622 σανίσι-ωτι
917 3566 1185 3628 claudum,
1218 3577 1310 3618 aut
1352 3581 1614 3628 mancum,
1652 3575 1743 3620 aut
1769 3581 1983 3620 curvum
2009 3567 2046 3631 ¹,
2082 3574 2187 3621 etc.

626 3658 909 3725 Quomodo
938 3672 1161 3728 regnum
1213 3656 1476 3712 caelorum
1529 3656 1736 3727 ingredi
1778 3656 2003 3711 mutilus
2040 3656 2191 3726 quis-

630 3751 770 3821 piam
830 3749 1046 3819 potest?
1100 3747 1234 3802 Nam
1290 3748 1337 3804 si
1375 3747 1637 3803 ctelorum
1682 3761 1906 3817 regnum
1956 3745 2191 3817 perfecta

627 3841 824 3901 habeat
852 3841 1058 3909 omnia,
1093 3839 1226 3895 nihil
1257 3839 1312 3903 in
1357 3854 1416 3894 se
1465 3838 1624 3893 habet
1656 3836 2054 3907 imperfectum.
2087 3834 2192 3889 Ita-

626 3945 732 3999 que
783 3944 908 3986 cum
970 3927 1251 3987 hominum
1299 3940 1532 3996 corpora
1590 3931 1893 3994 resurgent.
1939 3925 2193 3979 universa

629 4023 794 4075 simul
829 4020 1071 4075 membra
1106 4027 1416 4089 resurgent,
1447 4018 1526 4073 sic
1554 4025 1613 4071 ut
1643 4030 1832 4071 eorum
1864 4016 2071 4071 nullum
2106 4031 2195 4086 pe-

630 4115 778 4169 nitus
808 4112 1171 4180 relinquatur.
1206 4109 1284 4163 Ac
1326 4110 1373 4165 si
1418 4108 1643 4164 omnino
1689 4122 1976 4177 resurgere
2027 4122 2194 4163 mem-

632 4207 783 4257 hrum
824 4202 1041 4273 aliquod
1076 4215 1358 4272 negemus.
1412 4214 1481 4254 ne
1529 4206 1700 4255 totum
1733 4197 1948 4270 quidem
1993 4213 2194 4268 corpus

2290 3032 2427 3079 σεως
2455 3014 2637 3085 ἕτερον
2653 3014 2819 3085 ὄνομα
2840 3011 2915 3070 οὐ.
2932 3010 3348 3082 κατειλήφαμεν,
3366 3006 3704 3077 ἐνομίσαμεν
3726 3006 3851 3058 mi-

2286 3122 2385 3176 τήν
2422 3101 2577 3160 εἶναι.
2654 3121 2665 3135 ·

2359 3195 2434 3249 B'.
2477 3194 2651 3265 Πολλὴ
2676 3194 2732 3248 δὲ
2758 3192 3148 3265 φρενοὸλάϐεια
3193 3189 3299 3243 τῶν
3330 3186 3602 3240 τοιούτων.
3634 3185 3701 3236 Εἰ
3752 3183 3845 3254 μὲ.

2288 3286 2396 3357 γὰρ
2447 3284 2509 3338 τὸ
2553 3286 2610 3338 ὲν
2661 3282 2740 3354 τῷ
2784 3281 3095 3351 Εὐαγγε).ίῳ
3157 3278 3432 3349 βούλονται
3470 3266 3742 3344 πληροῦν,
3764 3273 3845 3341 τὸ,

2302 3379 2443 3431 Ἐὰν
2470 3373 2834 3442 σκανδαλίζῃ
2873 3388 2947 3428 σε
2992 3371 3062 3427 ἐν
3094 3368 3210 3424 τῶν
3233 3365 3439 3438 μελῶν
3469 3380 3606 3428 σου,
3636 3363 3820 3417 dudm

2289 3469 2410 3535 ψον
2455 3466 2571 3519 ἀπὸ
2626 3464 2763 3518 σοῦ.
2802 3461 3089 3532 Συμφέρει
3128 3457 3239 3528 γάρ
3271 3471 3369 3512 σοι
3398 3457 3485 3519 εὶς
3525 3451 3641 3518 τὴν
3670 3449 3840 3513 ,Βασι-

2289 3557 2461 3611 λείαν
2488 3553 2605 3607 τῶν
2636 3550 2904 3621 οὐρανῶν
2925 3551 2963 3620 ἢ
2993 3548 3210 3620 χωλὸν,
3261 3546 3299 3614 ἣ
3336 3541 3589 3613 τυφλὸν,
3638 3538 3676 3607 ἣ
3704 3539 3838 3589 mat-

2290 3648 2423 3702 υἱόν.
2463 3647 2485 3678 ⁸
2518 3646 2640 3708 Πῶς
2686 3643 2907 3697 δύναται
2950 3643 3007 3695 ὲν
3059 3637 3302 3711 βασιλείᾳ
3347 3635 3469 3689 τινὰ
3506 3636 3835 3703 ἠκρωτηρια-

2294 3738 2516 3808 σμένον;
2560 3735 2623 3787 El
2668 3733 2775 3804 γὰρ
2820 3729 3126 3803 ἡβασιλεία
3169 3720 3287 3780 τῶν
3311 3721 3555 3796 οὐρανῶν
3579 3719 3646 3772 τά
3681 3717 3840 3808 πάντα

2292 3807 2409 3884 ἐστὶ
2447 3825 2745 3888 τελειοῦσα,
2789 3823 2941 3877 οὐδὲν
2990 3819 3176 3883 ἀτελὲς
3224 3817 3335 3888 ἔχει
3394 3816 3453 3868 ἐν
3505 3812 3694 3883 ἑαυτῇ.
3746 3807 3839 3859 Καὶ

2291 3917 2449 3972 ὁπότε
2480 3915 2573 3969 τοῦ
2605 3914 2855 3987 σώματός
2884 3915 3030 3966 ἐστιν
3060 3910 3373 3971 ἀνάστασις,
3404 3905 3582 3958 πάντα
3618 3899 3689 3953 τά
3722 3898 3847 3969 μέλη

2293 4009 2674 4081 ἀναστήσεται,
2708 4007 2801 4060 καὶ
2832 4005 2951 4058 οὐδὲ
2982 4004 3238 4081 ὁπότερον
3283 3998 3459 4054 αὐτῶν
3490 3991 3846 4060 ιιαταλειςιςθή⁴

2296 4118 2467 4157 σεται.
2487 4078 2606 4154 *Καὶ
2637 4102 2684 4153 εἰ
2709 4098 2844 4163 ὅλως
2864 4099 2927 4151 τὸ
2953 4078 3243 4169 μέλοςόύκ
3273 4091 3562 4163 ἐγείρεται,
3599 4086 3722 4141 οὐδὲ
3752 4085 3849 4142 πᾶν

2298 4193 2455 4263 σῶμα
2485 4193 2865 4262 ἀναστήσεται.
2901 4188 3014 4243 Καὶ
3053 4189 3101 4241 εί
3129 4185 3190 4239 τὸ
3222 4184 3279 4238 ἓν
3309 4183 3465 4256 μέλος
3489 4182 3552 4235 τὸ
3579 4176 3849 4233 σκανδαλί-

631 4272 1098 4361 ιιρειινεοιξριιοᾱ
1148 4291 1194 4346 si
1248 4290 1549 4344 membrum
1600 4288 1731 4343 illud
1781 4303 1990 4367 unum,
2049 4287 2185 4359 quod

2300 4284 2412 4351 ζον,
2444 4282 2576 4337 αὐτὸ
2627 4282 2783 4355 μόνον
2808 4278 3291 4350 καταλιμπάνεται,
3324 4273 3473 4327 οὐδὲν
3510 4272 3646 4333 ὅλως
3689 4285 3851 4324 κατα-

630 4383 984 4445 seandalizat,
1049 4381 1469 4452 relinquendum
1532 4379 1624 4444 sit,
1691 4393 2033 4448 consequens
2086 4386 2190 4444 est,

633 4471 838 4523 nullum
869 4481 926 4524 ut
952 4487 1176 4540 prorsus
1209 4472 1568 4541 relinquatur.
1594 4468 1803 4525 Etenim
1826 4468 2066 4525 membra
2095 4483 2195 4524 nos

629 4559 812 4615 nuntia
858 4559 1383 4616 scandalizaverunt.
1418 4559 1553 4626 Quis
1594 4568 1773 4614 autem
1815 4567 1918 4622 est,
1968 4558 2062 4628 qui
2098 4573 2194 4614 cor

631 4668 790 4707 suum
825 4653 877 4705 in
908 4651 1161 4708 omnibus
1188 4651 1504 4707 scandalum
1551 4650 1816 4720 objiciens
1845 4649 2075 4703 avellere
2113 4656 2195 4703 at-

628 4761 736 4813 que
779 4752 1060 4816 amputare
1103 4742 1551 4814 possit?Quippe
1594 4758 1661 4796 ex
1702 4741 2075 4809 interioribus,
2113 4742 2195 4796 in-

630 4835 771 4905 quit,
799 4846 996 4890 exeunt
1041 4835 1452 4899 fornicationes,
1491 4833 1775 4899 adulteria,
1797 4833 2047 4889 libidines
2069 4836 2111 4901 ’,
2139 4844 2193 4888 et

633 4926 682 4982 id
715 4943 887 4997 genus
917 4924 1135 4989 αξιοι-ιι.
1164 4927 1368 4999 Ecquis
1415 4927 1581 4996 igitur
1632 4939 1728 4978 cor
1760 4939 1918 4978 suum
1963 4924 2190 4979 abrum—

633 5019 756 5087 pet?
786 5019 863 5074 Ac
893 5019 962 5083 si,
998 5028 1055 5073 ut
1085 5022 1468 5079 nonnullorum
1518 5016 1622 5072 fert
1650 5016 1899 5087 impietas
1919 5023 1973 5071 et
2000 5030 2188 5070 amen-

631 5113 725 5179 tia,
760 5128 963 5184 corpus
1000 5113 1224 5167 minime
1258 5108 1513 5180 resurgit,
1560 5108 1691 5179 quid
1741 5108 1958 5173 tandem
2004 5115 2189 5173 nostra

2297 4374 2667 4444 λειφθήσεται,
2715 4372 2835 4426 οὐδὲ
2873 4370 3130 4441 ὁπότερον
3160 4367 3267 4422 τῶν
3301 4363 3497 4437 μελῶν.
3536 4362 3722 4416 Πάντα
3755 4361 3855 4429 γὰρ

2299 4471 2446 4542 ἡμᾶς
2474 4465 2842 4520 ὲσκανδάλισε.
2873 4464 2967 4528 Τίς
3000 4461 3055 4517 δὲ
3088 4457 3380 4532 ἀναῤῥήξει
3411 4454 3576 4510 αὑτοῦ
3604 4453 3707 4524 τὴν
3726 4471 3854 4521 καρ-

2297 4558 2415 4612 δίαν
2460 4556 2635 4611 πάντα
2676 4551 3163 4617 σκανδαλίζουσανς
3217 4545 3461 4603 Ἔσωθεν
3502 4545 3634 4615 γὰρ,
3681 4544 3855 4614 φησὶν,

2301 4648 2685 4720 ἐκπορεύονται
2741 4646 3017 4717 πορνεῖαι,
3085 4644 3335 4715 μοιχεῖαι,
3390 4636 3673 4705 ἀσέλγειαι
3694 4678 3710 4701 ,
3771 4636 3857 4686 καὶ

2297 4740 2365 4794 τὰ
2396 4740 2603 4802 τούτοις
2648 4738 2828 4807 ὅμοια.
2880 4736 2978 4798 Τίς
3023 4730 3115 4788 οὖν
3161 4734 3310 4805 ῥήξει
3350 4730 3450 4801 τὴν
3475 4726 3677 4782 ἑαυτοῦ
3731 4743 3855 4795 καρ-

2297 4831 2454 4896 δίαν;
2502 4831 2563 4883 Εἰ
2599 4829 2657 4881 δὲ
2682 4827 2780 4880 οὐκ
2813 4824 3082 4896 ἐγείρεται
3111 4823 3172 4877 τὸ
3214 4820 3373 4893 σῶμα
3399 4818 3541 4873 κατά
3574 4818 3681 4887 τήν
3711 4831 3859 4868 τινων

2299 4921 2483 4976 ἄνοιαν
2511 4919 2606 4973 καὶ
2631 4917 2905 4979 ἀσέϐειαν,
2943 4914 3062 4977 πῶς
3087 4912 3194 4982 ἀρα
3223 4910 3409 4963 διοίσει
3441 4911 3469 4962 ὁ
3499 4907 3632 4979 περὶ
3666 4905 3861 4959 τούτων

2296 5010 2611 5084 ὁριζόμενος
2639 5009 2829 5077 λόγος;
2862 5006 2983 5060 Τῶν
3019 5005 3126 5074 γὰρ
3159 5000 3334 5073 μελῶν
3361 4999 3616 5054 ἁπάντων
3648 4997 3729 5069 μή
3758 4998 3857 5050 εἰσ-

2297 5102 2604 5176 ερχομένων
2651 5098 2731 5162 εἲς
2790 5097 3064 5168 βασιλείαν
3115 5091 3391 5166 οὐρανῶν,
3440 5089 3526 5154 τίς
3570 5088 3657 5142 ἔτι
3716 5087 3863 5161 χρεία

702 5270 718 5302 ί
760 5268 944 5322 Matth.
972 5284 1124 5334 xvm,
1155 5268 1208 5324 8.
1286 5267 1305 5297 ²
1334 5264 1523 5321 Matth.
1556 5282 1644 5332 xv,
1681 5265 1765 5321 l9.
1844 5264 1865 5296 ³
1899 5260 2013 5321 Vox
2047 5261 2153 5326 ista
2183 5258 2314 5313 mihi
2346 5258 2567 5330 quidem
2598 5255 2853 5312 obscura.
2932 5251 2951 5282 ⁸
2988 5249 3151 5306 Deest
3178 5245 3403 5316 aliquid.

705 5424 782 5492 (9-)
822 5424 931 5477 Καὶ
974 5427 1144 5478 αὐτοὶ
1169 5423 1241 5481 δὲ
1279 5424 1411 5493 περὶ
1436 5419 1657 5493 ἀρχῶν.
1689 5419 1914 5493 Videtur
1957 5416 2205 5471 nonnihil

633 5489 846 5560 deesse,
894 5493 1041 5560 quod
1084 5489 1364 5560 suspensa
1396 5489 1487 5550 sit'
1515 5489 1711 5549 horum
1743 5489 2032 5553 verborum
2074 5502 2199 5542 sene

636 5559 825 5628 tentia,
857 5559 1029 5625 οὕτως
1051 5559 1351 5633 δοξάζουσι.

2374 5414 2450 5483 (5)
2491 5412 2600 5467 Καὶ
2628 5410 2737 5483 ,ἐπὶ
2767 5406 3129 5483 συμψεβίοις
3164 5402 3496 5483 δήσαντες..
3518 5400 3633 5483 Aut
3674 5397 3869 5483 gelant.

2304 5465 2451 5544 vata:
2485 5465 2581 5536 alit
2623 5482 2807 5550 ignota
2847 5465 2987 5550 'm'ihi
3019 5465 3137 5550 vos
3164 5465 3250 5550 est
3276 5465 3635 5550 evulgato“.
3674 5465 3732 5550 in
3761 5481 3871 5535 qu:

2306 5539 2727 5622 divinationihus
2754 5564 2816 5603 ac
2839 5546 3172 5618 conjecturis
3201 5539 3388 5599 ludere
3417 5539 3576 5597 facile
3603 5546 3712 5603 est.
3738 5610 3743 5617 Ι
