3840 6062
148 191 277 248 ιοιδ

801 187 1164 245 ADVERSUS
1204 189 1544 246 HERESES
1581 189 1710 246 LIB.
1745 193 1813 248 II.
1858 191 2022 248 ΤΟΜ.
2066 193 2106 247 I.
2150 223 2219 234 —
2251 191 2524 247 HERES.
2559 188 2741 245 LVIII.

3243 182 3383 239 10ίύ

144 303 287 373 παρὰ
330 301 388 355 ιν
431 302 590 371 μέλος
623 303 890 370 γίνεσθαι,
916 305 1029 358 τῶν
1059 305 1232 360 ἄλλων
1267 306 1341 378 μὴ
1379 307 1535 361 τοῦτο
1564 308 1703 378 πλη-

1831 309 1996 372 efcrt,
2030 308 2177 379 quod
2212 307 2284 363 ab
2314 307 2424 362 illis
2455 305 2722 362 asseritur
2741 304 2766 356 ’ρ
2794 302 2930 356 Cum
2959 302 3103 355 enim
3130 299 3383 355 universe

148 392 409 464 ρούντων;
439 389 501 444 Εί
536 390 595 444 δὲ
620 391 891 463 ἐγείρεται
945 393 1008 446 τὸ
1046 393 1206 464 σῶμα
1235 395 1530 468 (ἐγείρεται
1553 398 1707 469 γὰρ),

143 481 256 546 πῶς
283 481 554 551 ἐνδέχεται
583 481 662 535 ἔτι
693 485 751 536 ὲν
786 482 1032 555 βασιλείᾳ
1081 485 1327 557 οὐρανῶν
1347 486 1586 559 λώὁησις
1627 489 1713 557 γί-

140 575 352 638 νεσθαι;
385 574 458 625 Ἣ
491 573 609 637 πῶς
640 566 739 627 οὐξι
771 574 923 628 ἔσται
958 575 1212 648 ἀπρεπὴς
1241 580 1274 648 ἠ
1316 577 1563 649 βασιλεία
1601 580 1711 634 τῶν

139 664 394 735 οὐρανῶν,
434 663 655 735 ἐπισινῆ
698 664 927 735 σώματα
950 664 1147 737 ἔχουσα
1175 668 1312 740 πρὸς
1342 669 1532 737 δόξανς
1563 671 1626 724 El
1653 670 1710 724 δὲ

139 748 271 810 ὅλως
295 749 390 840 καὶ
418 748 655 820 τμηθείη
703 750 766 803 τὸ
808 752 966 823 μέλος
996 752 1059 807 τὸ
1088 755 1459 822 σκανδαλίζον,
1494 760 1601 831 ἄρα
1632 760 1713 813 τέ-

140 856 359 910 τμηται,
399 841 494 893 καὶ
533 842 631 912 οὐχ
656 842 890 914 ἥμαρτε.
940 844 1157 917 Τμηθὲν
1195 847 1275 913 δὲ,
1304 850 1399 901 καὶ
1443 849 1517 921 μὴ
1544 851 1717 923 ἁμαρ-

140 929 328 1027 τῆσαν,
346 929 490 999 αὐτὸ
517 930 599 984 δεῖ
629 931 845 1002 πρῶτον
875 934 1092 991 πάντων
1122 937 1418 1009 ἀναστῆναι
1442 938 1518 1011 μὴ
1546 941 1719 1012 ἁμαρ-

140 1031 329 1084 τησαν.

1808 398 2051 453 membra
2103 397 2330 453 caeleste
2361 411 2589 467 regnum
2636 393 2859 448 minime
2896 388 3107 461 ingredi
3148 386 3383 457 possint,

1808 488 1940 557 quid
1974 488 2168 543 attinet
2199 502 2311 542 uno
2341 487 2520 541 solum
2564 481 2806 538 mutilari
2861 480 3127 545 membro,
3162 490 3303 539 cum,
3331 475 3387 530 id

1809 576 1915 630 alia
1969 591 2313 647 nequaquam
2373 571 2701 645 perficiant?
2741 568 2862 624 Iam
2915 582 3045 624 vero
3092 567 3138 623 si
3187 578 3403 633 corpus.

1807 670 2078 724 excitatur
2108 669 2211 740 (uti
2247 681 2375 721 vere
2408 662 2650 733 accidit),
2691 668 2845 717 estne
2898 666 2956 714 ut
2985 661 3038 713 in
3066 672 3235 728 regno
3277 670 3391 711 cos-

1810 763 1985 817 lorum
2038 773 2293 813 mancum
2346 753 2551 825 aliquid
2603 754 2674 808 sit
2712 760 2806 808 aut
2854 750 3148 805 mutilum?
3201 746 3392 803 Nonne

1812 848 1989 918 turpis
2020 844 2267 916 quaedam
2296 842 2538 898 caelestis
2583 841 2729 896 illius
2771 841 2923 909 regni
2954 836 3139 892 futura
3179 834 3393 907 species

1813 946 1919 1003 est,
1949 939 1996 993 si
2028 944 2282 992 truncata
2305 933 2549 988 membra
2578 931 2646 985 ad
2684 930 3071 1000 sempiternam
3106 927 3254 981 illam
3279 927 3396 995 glo-

1815 1029 1950 1085 r-iam
1997 1024 2400 1083 admittantur?
2450 1022 2722 1101 Praeterea
2782 1020 2830 1076 si
2886 1019 3196 1075 membrum
3238 1015 3394 1080 illud,

139 1109 629 1213 quodhscandalum
661 1114 886 1183 praebet,
916 1117 1221 1173 abscissum
1249 1118 1434 1186 fuerit,
1496 1129 1837 1191 amputatum
1869 1123 2058 1192 utique
2080 1127 2201 1184 est,
2258 1131 2325 1173 ac
2348 1117 2577 1188 proinde
2604 1129 2705 1171 nec
2728 1116 2997 1185 peccavit.
3060 1108 3219 1177 Quod
3269 1123 3395 1164 cum

141 1207 213 1254 ita
247 1207 340 1265 sit,
386 1207 624 1272 primum
659 1207 905 1262 omnium
941 1223 1231 1280 resurgere
1262 1213 1439 1282 ipsum
1469 1220 1706 1283 oportet,
1735 1214 1879 1285 quod
1904 1213 2128 1270 minime
2162 1210 2493 1283 peccaverit.

208 1292 282 1347 Γ.
324 1296 479 1349 Ὅσοι
515 1297 572 1352 δὲ
600 1301 679 1362 είς
704 1299 766 1352 τὸ
796 1301 1085 1373 πρόχειρον
1124 1302 1201 1376 (ι)
1229 1304 1388 1360 τοῦτο
1432 1305 1593 1379 ἔργον
1637 1307 1717 1362 έν-

139 1383 343 1455 τολμοι,
377 1385 485 1439 ἀπὸ
519 1387 735 1442 πάντων
764 1391 990 1456 ἑαυτοὺς
1027 1392 1322 1465 ἠθέτησαν,
1353 1396 1452 1450 καὶ⁹
1486 1397 1721 1468 ἀπηλλο-

136 1474 398 1545 τρίωσαν.
426 1476 562 1531 Οὔτε
596 1479 704 1551 γὰρ
737 1479 930 1554 ἄνδρες
966 1484 1073 1537 εἰσὶ
1117 1485 1204 1538 διὰ
1249 1486 1311 1539 τὸ
1340 1488 1715 1560 ἀφῃρημένον,

139 1566 260 1625 οὐτε
305 1573 563 1638 γυναῖκες
607 1571 866 1629 δύνανται
915 1570 1055 1628 εἶναι
1097 1575 1183 1631 διὰ
1221 1578 1284 1631 τὸ
1333 1580 1485 1651 παρὰ
1534 1579 1716 1650 φύσιν.

138 1656 420 1729 Προέλαΰε
458 1661 475 1692 ί
502 1660 559 1713 δὲ
593 1663 687 1716 καὶ⁵
723 1666 757 1735 ἡ
790 1663 884 1718 τοῦ
920 1667 1184 1735 στεφάνου
1229 1667 1327 1721 τοῦ
1361 1668 1594 1738 ἀγῶνος,
1628 1670 1724 1724 καὶ

141 1746 397 1818 βραϐείου
428 1748 618 1803 τούτου
649 1753 957 1824 ἐπωνυμία.
986 1755 1117 1809 Οὐδὲ
1143 1756 1391 1829 ὁπότεροι
1413 1757 1523 1830 γὰρ
1548 1759 1722 1829 φανὴ·

140 1851 325 1889 σονται
379 1830 526 1892 οὗτοι
574 1839 685 1894 τῶν
717 1841 889 1913 τριῶν
923 1841 1130 1908 τάξεων
1157 1844 1267 1897 τῶν
1310 1845 1582 1917 εὐνούχων
1613 1846 1725 1901 τῶν

135 1925 244 1980 ὑπὸ
271 1928 484 1999 Κυρίου
513 1930 844 2002 είρημένων.
874 1932 1009 1987 Εἰσὶ
1040 1934 1170 2004 γὰρ,
1205 1919 1721 2006 φησὶν,ἐὺνοῦχοι,

134 2018 195 2076 at
217 2020 288 2076 ἐκ
315 2024 554 2090 κοιλίας
569 2024 798 2094 μητρὸς
818 2025 1016 2082 αὐτῶν
1029 2026 1469 2098 ἐγεννήθησαν.
1497 2029 1726 2083 Ἐκεῖνοι

135 2113 244 2185 γὰρ
292 2113 533 2169 ἀναίτιοί
563 2118 670 2170 είσι
717 2117 816 2188 τῆς
858 2117 1402 2189 αι’)τῶνιεύνουχίας⁸
1437 2119 1560 2172 οὐτε
1619 2121 1728 2190 μὴν

131 2202 416 2275 ἁμαρτίαν
451 2203 684 2274 ἔχοντες,
723 2205 812 2259 διὰ
856 2206 918 2259 τὸ
966 2206 1137 2272 οὕτως
1182 2207 1541 2279 γεγενῆσθαι*
1597 2206 1724 2262 οὐτε

133 2291 296 2345 πάλιν
321 2293 603 2363 ἁμαρτίαν
634 2294 925 2366 δυνάμενοι
958 2298 1238 2367 πράττειν,
1270 2298 1373 2367 τὴν
1398 2299 1726 2367 ἀφροδισίων

134 2384 318 2455 φημί·
371 2384 564 2454 ἐπειδὴ
603 2384 679 2456 μὴ
724 2385 938 2455 πέφυκε
981 2389 1167 2451 αὐτοῖς
1208 2388 1277 2442 τὰ
1310 2389 1598 2444 παιδοποιὰ
1628 2391 1725 2463 ὅρ-

132 2489 296 2539 γανα,
342 2472 417 2526 τὰ
465 2475 530 2526 ὲκ
570 2473 705 2528 Θεοῦ
754 2476 1108 2548 κεκτισμένα.
1167 2477 1318 2531 Ἀλλ’
1363 2478 1487 2533 οὐτε
1539 2481 1729 2552 μισθὸν

133 2562 357 2635 ἔχουσιν
384 2565 672 2635 εὐνουχίας
700 2565 976 2636 βασιλείας
999 2569 1265 2640 οὐρανῶν,
1303 2570 1391 2625 διὰ
1421 2571 1480 2625 τὸ
1517 2572 1730 2642 ἀγῶνος

136 2657 209 2727 μὴ
236 2676 241 2681 ·
267 2656 597 2727 μεμυῆσθαι
627 2661 668 2711 ι.
712 2660 777 2712 Et
822 2659 878 2713 δὲ
927 2661 1021 2714 κα)⁸
1065 2661 1366 2733 ἐπιθυμιῶν
1422 2664 1731 2736 μεμύηνται

132 2748 183 2798 oi
218 2745 483 2811 τοιοῦτοι,
523 2746 598 2818 μὴ
634 2748 923 2820 δυνάμενοι
966 2751 1247 2823 πράττειν,
1300 2753 1395 2806 καὶ
1442 2754 1517 2825 μὴ
1558 2755 1732 2826 πράτ-

130 2854 343 2909 τοντες,
385 2836 583 2908 μισθὸν
611 2839 713 2893 οὐκ
743 2838 975 2910 ἔχουσιν.
1011 2842 1087 2895 Οὐ
1131 2842 1242 2914 γὰρ
1275 2843 1364 2897 διὰ
1395 2844 1458 2898 τὸ
1487 2845 1560 2917 μὴ
1608 2846 1733 2917 βού-

134 2927 346 2994 λεσθαι,
396 2928 461 2983 τὸ
495 2928 655 3001 ἔργον
709 2934 837 3003 παρ’
875 2933 1061 2997 αὐτοῖς
1104 2935 1164 2987 οὐ
1199 2935 1547 3006 πέπρακται,
1596 2937 1733 2993 ἀλλὰ

130 3020 222 3073 διὰ
267 3021 332 3074 τὸ
381 3019 463 3091 μὴ
513 3002 799 3077 δύνασθαι,
839 3024 950 3081 Καὶ
993 3023 1275 3095 αὐτημὲν
1391 3026 1581 3097 ἀγωγὴ
1632 3002 1803 3097 τῆςθ

1897 1308 1985 1363 ιιι.
2025 1306 2228 1363 Verum
2255 1305 2570 1376 quicunque
2610 1302 2678 1358 ad
2713 1302 2819 1355 hoc
2856 1296 3280 1370 perpetrandum
3316 1295 3401 1348 fa-

1824 1402 1983 1457 cinus
2022 1399 2260 1472 prompti
2316 1406 2443 1454 sunt
2497 1408 2550 1454 et
2592 1396 2849 1461 audaces,
2894 1393 2965 1446 ab
3010 1389 3158 1445 omni
3205 1402 3404 1459 genere

1826 1491 2109 1547 hominum
2138 1490 2351 1544 alienos
2372 1503 2433 1544 se
2456 1497 2816 1555 extorresque
2850 1482 3118 1539 fecerunt.
3150 1478 3285 1533 Nam
3308 1494 3406 1533 ne-

1826 1596 1933 1652 que
1977 1582 2078 1637 viri
2119 1589 2267 1644 sunt,
2305 1590 2526 1651 propter
2573 1584 2910 1647 amputatam
2967 1573 3115 1628 illam
3157 1571 3407 1640 corporis

1828 1682 2076 1745 partem;
2113 1687 2294 1742 neque
2342 1670 2577 1733 feminas,
2623 1675 2962 1738 repugnante
3005 1663 3216 1720 scilicet
3243 1659 3402 1733 491

1826 1775 2038 1823 naturae
2062 1765 2401 1830 conditione,
2435 1779 2558 1819 esse
2590 1769 2845 1833 possunt.
2878 1757 2987 1813 Sed
3010 1765 3065 1813 et
3092 1756 3409 1813 istiusmodi

1825 1854 2149 1911 certaminis
2177 1867 2383 1908 corona
2431 1865 2493 1905 ac
2543 1850 2821 1921 praemium
2864 1844 3229 1916 appellatione
3257 1842 3409 1898 nulla

1825 1946 2044 2015 concipi
2083 1950 2284 2016 potest.
2320 1941 2602 2013 Siquidem
2636 1954 2702 1995 ex
2748 1937 2929 1992 tribus
2961 1934 3267 2007 spadonum
3313 1948 3409 1988 or-

1825 2039 2071 2102 dinibus,
2106 2051 2247 2108 quos
2285 2033 2552 2089 Dominus
2585 2029 2883 2094 recensuit,
2928 2026 2995 2081 ad
3032 2024 3241 2080 nullum
3288 2036 3411 2078 om-

1829 2130 1961 2184 nino
1980 2127 2230 2183 revocari
2266 2130 2519 2196 possunt.
2560 2120 2695 2176 Sunt
2722 2122 2884 2185 enim,
2923 2117 3126 2188 inquit,
3162 2112 3411 2178 eunuchi,

1828 2223 1917 2293 qui
1940 2236 2004 2275 ea:
2028 2228 2203 2275 ventre
2231 2217 2419 2272 matris
2444 2231 2555 2269 sum
2577 2214 2692 2268 nati
2716 2219 2839 2266 sunt
2865 2211 2908 2263 ⁸.
2937 2209 3015 2263 Illi
3049 2222 3175 2262 vero
3206 2204 3412 2260 nullam

1830 2312 2187 2369 castrationis
2218 2326 2331 2365 suae
2367 2306 2584 2377 culpam
2627 2303 2936 2368 sustinent;
2976 2313 3152 2370 neque
3197 2297 3310 2353 ullo
3352 2311 3415 2351 se

1831 2405 2035 2461 scelere
2061 2402 2496 2462 obstrinxerunt,
2542 2411 2609 2452 eo
2634 2393 2779 2467 quod
2811 2394 2885 2447 ita
2910 2392 2964 2446 in
2994 2392 3174 2447 lucem
3197 2386 3417 2459 prodic-

1831 2496 1961 2552 rint.
2006 2493 2114 2548 Sed
2159 2508 2336 2563 neque
2390 2496 2679 2561 peccatum
2732 2485 2903 2539 ullum
2957 2482 3249 2537 admittere
3286 2492 3412 2550 pos-

1832 2593 1982 2651 sunt,
2022 2584 2170 2655 quod
2201 2583 2269 2638 ad
2297 2598 2411 2637 rem
2444 2580 2664 2651 quidem
2692 2589 2981 2632 veneream
3027 2573 3258 2638 attinet;
3287 2585 3414 2626 cum

1834 2676 2098 2732 membris
2133 2675 2241 2729 illis
2284 2682 2529 2733 careant,
2562 2684 2686 2741 qua:
2729 2668 2796 2722 ad
2827 2666 3034 2722 sobolis
3071 2664 3419 2736 propagatio-

1835 2783 1957 2823 nem
1995 2781 2024 2821 a
2053 2766 2165 2821 Deo
2197 2772 2327 2820 sunt
2356 2762 2598 2818 condita.
2630 2760 2861 2829 Ideoque
2891 2758 3100 2813 nullum
3138 2771 3204 2810 ex
3235 2769 3298 2810 ea
3331 2766 3418 2807 ca-

1835 2857 2103 2913 stratione
2156 2854 2309 2925 regni
2359 2853 2600 2909 cmlestis
2635 2851 2919 2921 praemium
2957 2848 3229 2909 obtinent,
3272 2844 3420 2916 quod

1837 2947 2159 3004 certaminis
2200 2946 2376 3016 ipsius
2408 2959 2476 2999 ne
2522 2942 2877 2998 meminerint
2903 2939 3146 3010 quidem.
3178 2935 3337 3004 Quod
3370 2934 3421 2992 si

1838 3037 2200 3109 cupiditatum
2266 3034 2759 3101 illecebrarumque
2822 3030 3226 3092 recordentur,
3290 3040 3421 3081 cum

134 3112 363 3220 πρώτης
397 3113 511 3220 ὐπὸ
553 3113 762 3187 Κυρίου
811 3115 1109 3220 εἰρημένης
1154 3117 1458 3187 εὐνουχίας,
1506 3118 1606 3190 τῆς
1646 3119 1718 3172 διὸ

1836 3127 1982 3198 quod
2030 3124 2179 3179 factu
2207 3130 2294 3178 est
2328 3121 2486 3177 nefas
2519 3121 2733 3176 ellicere
2772 3119 2925 3174 nullo
2972 3118 3135 3172 modo
3181 3115 3419 3187 possint,

131 3204 242 3261 τῶν
276 3206 560 3279 ’μητέρων
588 3206 955 3279 γεννωμένης,
989 3207 1049 3275 ἐξ
1077 3202 1152 3263 ὧν
1191 3209 1253 3262 οὐ
1296 3209 1556 3264 δύνανται
1583 3204 1718 3266 οὗτοι

1835 3217 1891 3271 in
1922 3232 1988 3272 eo
2014 3214 2162 3286 quod
2197 3213 2497 3277 abstinent,
2532 3210 2670 3266 nihil
2717 3210 2985 3266 mercedis
3016 3217 3420 3281 promerentur.

135 3301 433 3372 ὑπάρχειν·
1832 3307 2020 3377 Neque
2063 3307 2208 3362 enim
2255 3321 2322 3361 ex
2357 3320 2445 3371 eo,
2475 3302 2623 3376 quod
2666 3301 2956 3358 admittere
2995 3299 3293 3361 noluerint,
3327 3298 3424 3355 sed

128 3394 278 3480 quod
318 3410 434 3450 non
468 3394 772 3464 potuerint,
808 3406 917 3447 non
961 3400 1047 3449 est
1079 3394 1148 3449 ab
1202 3394 1313 3452 illis
1338 3393 1554 3451 facinus
1581 3394 1720 3452 Illud
1758 3400 1940 3472 reipsa
1965 3400 2294 3472 profectum.
2329 3400 2508 3471 Atque
2537 3399 2641 3454 hoc
2670 3396 2905 3469 primum
2964 3406 3050 3454 est
3115 3393 3423 3467 spadonum

131 3502 305 3629 gellius
336 3486 570 3541 Domini
597 3485 847 3541 oratione
876 3485 1236 3554 declaratum,
1287 3486 1435 3557 quod
1465 3486 1580 3558 jam
1611 3494 1727 3544 tum
1766 3493 1962 3550 matris
1998 3508 2068 3549 ex
2099 3500 2257 3550 utero
2287 3492 2513 3564 prodiit.
2555 3489 2704 3548 Inter
2769 3503 2909 3562 quos
2947 3502 3109 3545 nemo
3147 3488 3270 3544 illos
3334 3499 3424 3542 re-

154 3592 188 3629 ιι
213 3587 341 3629 erit.
1668 3610 1674 3616 ς

154 3587 341 3630 tuerit.

201 3668 276 3720 Δ’.
326 3663 444 3719 Καὶ
504 3664 666 3719 θεων
707 3665 1011 3736 εὐνοῦχοι,
1042 3666 1260 3733 οἵτινες
1296 3668 1418 3723 ὑπὸ
1476 3668 1597 3725 τῶν
1633 3669 1738 3726 ἀν-

126 3755 387 3824 θρώπων
413 3756 946 3826 εὐνουχίσθησαν,
976 3759 1143 3828 φησὶν
1179 3759 1210 3811 ὁ
1237 3760 1429 3829 Σωτήρ
1447 3776 1462 3791 ·
1496 3761 1589 3815 καὶ
1612 3758 1736 3814 οὐτε

129 3847 240 3901 ἀπὸ
275 3847 505 3902 τούτων
540 3848 681 3921 εἰσὶν
723 3849 773 3901 oi
826 3848 1237 3921 προειρημένοι.
1283 3843 1441 3904 Οὗτοι
1478 3850 1578 3922 μὲν
1626 3850 1737 3924 γὰρ

128 3940 441 4009 γεννῶνται
462 3957 479 3973 ο
511 3940 561 3994 οἱ
598 3940 655 3994 δὲ
687 3940 792 3994 ὐπὸ
820 3939 1124 4013 ἀνθρώπων
1156 3941 1594 4013 εὐνουχισθέντες
1617 3942 1737 3997 ἕνε-

132 4051 227 4087 κεν
260 4032 595 4107 χρήσεωςῆ
633 4032 917 4105 βασιλικῆς
949 4034 982 4105 ἦ
1023 4034 1370 4106 ἀρχοντικῆς.
1410 4034 1717 4106 Βουλόμενο

1844 4039 2092 4093 castrati.
2121 4036 2333 4108 Quippe
2366 4035 2586 4091 barbari
2619 4034 2841 4106 quidam
2872 4046 3049 4102 reges,
3080 4039 3175 4086 aut
3209 4034 3428 4103 tyranni

136 4126 250 4202 γάρ
272 4144 431 4192 τινες
461 4125 581 4182 τῶν
612 4126 903 4198 βαρϐάρων
948 4125 1211 4197 βασιλεῖς,
1238 4127 1272 4199 ἦ
1316 4128 1412 4181 καὶ
1460 4126 1712 4199 τύραννοι

1842 4129 2112 4201 zelotypia
2164 4137 2329 4200 atque
2383 4129 2437 4183 in
2485 4142 2688 4183 uxores
2741 4137 2870 4182 suas
2914 4122 3228 4194 suspicione
3274 4136 3430 4178 com-

133 4218 485 4290 ζηλοτυπίας
521 4217 685 4290 χάριν
723 4218 817 4272 καὶ
851 4218 1107 4283 ὑπονοίας
1138 4219 1237 4292 τῆς
1267 4219 1402 4290 πρὸς
1428 4218 1527 4284 τὰς
1559 4235 1718 4291 ταμε

1845 4220 2000 4283 moti,
2042 4220 2333 4276 admodum
2369 4233 2569 4290 pueros
2611 4224 2889 4281 exsecant,
2932 4228 3071 4285 quos
3103 4213 3199 4270 ubi
3245 4212 3431 4270 adole-

134 4282 235 4375 τέις
265 4310 375 4374 τὰς
405 4282 571 4373 ιδίας,
598 4282 683 4362 έτι
713 4309 913 4381 κομιδῇ
950 4282 1107 4374 νέους
1137 4282 1266 4374 τούς
1299 4282 1710 4381 autographa

1844 4314 2045 4378 verint,
2088 4314 2225 4377 suis,
2269 4320 2330 4367 ut
2372 4282 2581 4367 dictum
2627 4318 2733 4372 est,
2791 4282 3117 4378 conjugibus
3171 4298 3430 4362 custodes

133 4416 324 4469 νουσι,
369 4402 477 4455 κα)⁹
525 4400 896 4472 εὐνουχίζουσι
942 4401 1196 4467 τούτους,
1242 4403 1378 4474 πρὸς
1409 4402 1470 4456 τὸ
1515 4403 1718 4475 ἀνδρυν

1849 4404 2165 4460 adhibeant.
2197 4404 2377 4473 Atque
2400 4404 2503 4457 hoc
2537 4400 2699 4455 modo
2729 4398 3058 4453 calamitatis
3085 4395 3232 4452 illius
3263 4400 3431 4449 causa

134 4489 335 4555 θέντας
371 4488 863 4553 πιστεύεσθαι’τὰς
890 4489 1025 4554 ίδίας
1050 4491 1249 4556 αὐτῶν,
1276 4492 1350 4555 ὡς
1379 4492 1532 4561 ἔφην,
1567 4509 1718 4563 γαμει

1847 4492 1989 4549 inter
2039 4494 2288 4549 homines
2332 4491 2549 4547 accidit.
2583 4490 2717 4546 llinc
2753 4489 3006 4544 fortassis
3052 4494 3107 4543 et
3151 4485 3433 4541 eunucho-

130 4582 252 4646 τὰς.
289 4583 413 4637 Καὶ
447 4580 629 4646 οὕτως
658 4582 716 4635 έν
747 4580 825 4651 τῷ
858 4581 1048 4653 κόσμῳ
1079 4582 1300 4652 γέγονεν
1329 4585 1362 4655 ή
1399 4584 1526 4655 ’περὶ⁵
1551 4583 1718 4638 τούτοι

1848 4598 1970 4639 rum
2015 4584 2307 4656 appellatio
2336 4585 2638 4649 derivatur,
2686 4597 2716 4637 a
2752 4582 2921 4638 verbo
2955 4578 3170 4635 scilicet
3196 4577 3431 4639 εὐνοεῖν,

133 4673 311 4728 αίτία.
338 4671 521 4727 Ὅθεν
568 4671 710 4741 τάχα
747 4668 901 4743 οἶμαι
937 4674 1033 4727 καὶ
1063 4674 1125 4727 τὺ
1167 4675 1421 4747 εὐνοῦχον
1460 4676 1718 4731 καλεῖσθα

1846 4675 1991 4745 quod
2043 4676 2339 4747 amputatis
2388 4674 2540 4729 hisce
2584 4673 2835 4743 corporis
2877 4669 3126 4741 partibus
3182 4665 3433 4723 benevoli

131 4766 245 4819 ἀπὸ
270 4764 376 4819 τοῦ
410 4763 624 4817 εὐνοεῖν
653 4762 933 4828 δύνασθαι,
955 4765 1373 4835 ἀφαιρουμένων
1404 4766 1514 4820 τῶν
1542 4767 1718 4838 μελῶν

1842 4782 1968 4823 esse
1995 4768 2241 4837 possint,
2276 4781 2473 4836 neque,
2506 4772 2695 4834 utpote
2739 4761 3002 4819 membris
3026 4761 3135 4817 illis
3169 4757 3432 4824 mutilati,

131 4854 231 4907 καὶ
269 4854 353 4924 μὴ
388 4851 816 4923 ὲπεντρίόεσθαι
858 4851 1003 4925 μίξει
1046 4852 1155 4907 τῶν
1196 4856 1483 4925 σωμάτων,
1515 4857 1591 4921 ὡς
1633 4858 1718 4911 τῶι

1848 4858 1917 4913 ad
1986 4872 2281 4929 corporum
2325 4858 2668 4928 complexum
2723 4854 3040 4918 coitumque
3087 4853 3199 4907 sint
3248 4849 3431 4905 utiles.

126 4945 396 5016 ὀργάνων
440 4943 880 5017 ἀφῃρημένους.⁴
902 4944 1096 5017 Ἑτέρα
1137 4945 1318 5002 τοίνυν
1346 4946 1485 5020 αὐτη
1526 4951 1559 5020 ἡ
1594 4949 1714 5015 τάξι

1846 4947 1947 5002 Hic
1980 4948 2147 5018 igitur
2173 4948 2312 5003 alter
2334 4946 2715 5004 cunuchorum
2746 4944 2882 4997 ordo
2907 4951 3013 5004 est,
3045 4941 3138 5011 qui
3173 4955 3203 4993 a
3234 4938 3432 5009 puerili

132 5038 201 5088 ὲκ
238 5035 448 5097 παιδὸς
477 5033 892 5107 λαμϐανομένη,
920 5036 1016 5090 καὶ
1048 5037 1467 5109 εὐνουχιζομένη
1505 5040 1612 5095 ὐπὸ
1637 5040 1716 5095 τῶ

1847 5047 2006 5095 astate
2052 5039 2333 5094 hominum
2389 5040 2534 5096 istud
2590 5052 2753 5093 manu
2817 5050 2926 5090 non
2984 5033 3226 5088 caelestis
3280 5031 3433 5101 regni

126 5124 490 5199 ἀνθρώπων,
509 5125 633 5197 οὐχὶ
661 5125 749 5179 διὰ
769 5126 870 5201 τὴν
892 5119 1169 5197 βασιλείαν
1199 5128 1311 5183 τῶν
1338 5130 1602 5201 οὐρανῶν.

1847 5146 2016 5187 causa
2048 5133 2352 5203 patiuntur.

1912 3665 2003 3722 IV.
2045 3665 2115 3722 Et
2140 3677 2265 3722 sunt
2297 3674 2543 3730 eunuchi,
2573 3668 2650 3721 ait
2696 3665 2949 3721 Salvator
2972 3706 2988 3731 ,
3049 3666 3142 3736 qui
3169 3665 3235 3719 ab
3264 3666 3429 3721 hamis

1840 3760 1994 3815 uibus
2031 3760 2257 3815 eunuchi
2290 3759 2422 3830 facti
2459 3766 2609 3822 sunt,
2653 3773 2684 3813 a
2718 3759 2919 3828 quibus
2961 3758 3175 3828 priores
3219 3758 3425 3814 diversi

1841 3859 1990 3907 sunt.
2025 3848 2091 3903 Ili
2124 3850 2272 3905 enim
2313 3864 2437 3904 cum
2470 3849 2572 3903 hac
2598 3848 2751 3903 clade
2785 3854 3122 3911 nascuntur;
3154 3846 3427 3915 posterio-

1840 3957 1930 3999 res
1958 3949 2137 3998 autem
2186 3941 2255 3996 ad
2292 3941 2525 4011 aliquem
2571 3953 2759 4009 regum
2791 3944 2883 3992 aut
2914 3935 3425 4008 principum~usum

129 5284 228 5414 xui
260 5280 547 5408 ξιξ-ωιτη
566 5280 698 5336 illud
725 5281 997 5354 προέλαϐε
1034 5290 1351 5355 suspectum
1377 5282 1508 5337 mihi
1542 5291 1649 5339 est.

238 5394 255 5421 ,
379 5393 394 5407 .

1831 5300 1903 5342 or.
1945 5286 2289 5359 μεμνῆσθαι,
2346 5293 2406 5342 ut
2441 5294 2495 5342 et
2536 5292 2727 5356 postea
2773 5284 3099 5357 μέμνηνταιὶ
3192 5281 3429 5338 ³Μοιιιι.

209 5464 301 5549 (4).
341 5465 540 5549 ’ρᾳοε
560 5462 643 5549 δὲ
672 5461 1233 5549 ειςςξρόχειρονκ
1270 5456 1576 5549 Ειεετὶρξῖἰι
1601 5458 1713 5514 Ιιιιη

1851 5478 1975 5549 98p.
2008 5482 2102 5549 xix
2136 5466 2496 5541 plurimorum
2525 5446 2751 5528 Patrum
2781 5466 3029 5527 collectis
3053 5466 3337 5525 sententiis
3365 5462 3434 5520 il-

133 5527 456 5607 E‘p'ip'banii
526 5527 1105 5607 lqcymjégasiggins'
1151 5527 1748 5607 episcopus:__Nica:nus
1851 5527 2070 5596 lustrat.
2138 5527 2156 5541 ’
2824 5579 2837 5591 κ

138 5599 208 5673 ρ’.
240 5599 338 5672 το,
371 5614 529 5660 tom.
561 5602 741 5661 lBibl.
765 5601 876 5657 PP.
904 5601 996 5659 ubi
1027 5599 1217 5659 Matth.
1250 5599 1427 5659 locum
1460 5599 1614 5659 illum
1679 5614 1757 5658 ex,
