3948 6068
492 153 628 209 1015

1887 153 1943 210 s.
1984 134 2328 208 EPlPllANll

3608 135 3755 192 IOIO

564 270 823 341 Sequitur
847 270 1044 326 deinde
1073 287 1084 323 :
1122 268 1190 322 Et
1217 278 1338 322 sunt
1367 270 1590 323 eunuchi
1618 272 1707 341 qui
1750 272 1947 340 seipsos
1977 288 2066 326 ca-
2095 309 2104 334 λ

2239 269 2343 325 Καὶ
2365 266 2506 332 εισι,
2546 267 2731 339 φησὶν,
2771 259 3076 332 εὐνοῦχοι,
3112 259 3333 325 οἵτινες
3373 255 3747 323 εὐνούχισαν

492 354 790 419 straverunt
824 372 1035 431 propter
1080 378 1295 430 regnum
1317 364 1356 414 ι.
1386 359 1625 429 Quinam
1666 362 1738 416 illi
1774 378 1897 419 esse
1944 378 2071 432 pos-

496 463 648 517 sunt,
686 454 793 508 nisi
827 454 1029 523 egregii
1066 452 1140 505 illi
1174 452 1407 521 primum
1437 452 1695 521 apostoli,
1744 460 1861 507 tum
1884 469 2075 509 mona-

495 548 615 613 chi,
681 561 745 600 ac
805 544 996 613 reliqui
1057 544 1388 615 virginitatis
1439 545 1715 599 cultores?
1753 544 2074 613 Cujusmodi

499 639 652 692 fuere
672 634 912 690 Joannes
944 645 996 692 et
1020 632 1262 693 Jacobus
1293 634 1537 690 Zebedaci
1574 636 1667 690 lilii
1698 654 1710 690 :
1743 637 1838 706 qui
1884 637 1935 690 in
1967 636 2076 690 vir-

498 730 725 800 ginitate
770 726 1150 796 persistentes,
1202 741 1264 779 ac
1303 740 1479 796 neque
1524 728 1768 782 membra
1812 743 1909 783 sua
1957 743 2078 797 pro-

502 820 639 892 priis
696 827 1043 886 amputantes
1091 817 1378 881 manibus,
1431 834 1608 888 neque
1633 818 1798 890 592
1833 820 2075 889 copulati

502 912 731 980 nuptiis,
768 908 863 966 sed
922 909 1105 963 animo
1146 925 1210 963 ac
1246 918 1462 978 pectore
1516 911 1857 975 dimicantes,
1903 919 2080 966 certa-

507 1005 667 1058 minis
704 1001 852 1057 illius
892 1015 1149 1055 coronam
1196 1016 1261 1055 ac
1296 1002 1521 1067 gloriam
1571 1017 1787 1056 summa
1831 1018 1954 1057 cum
1985 1003 2080 1058 ad-

412 1104 415 1109 ‘
507 1093 796 1146 miratione
826 1097 1193 1159 reportarunt.
1230 1088 1543 1145 Secundum
1576 1106 1715 1160 quos
1739 1092 1950 1149 inlinita
1985 1093 2081 1148 lio-

509 1186 713 1239 miuum
733 1184 924 1245 millia.
956 1200 1077 1254 quae
1099 1185 1153 1239 in
1184 1183 1289 1237 hoc
1305 1184 1509 1251 mundo
1538 1186 1894 1240 monasticam
1915 1186 2082 1240 vitam

507 1277 755 1345 amplexa
802 1282 951 1339 sunt,
998 1276 1051 1329 in
1093 1276 1441 1333 monasteriis
1485 1276 1867 1347 virginumque
1899 1292 2084 1337 emno-

508 1368 614 1422 biis
655 1366 898 1435 ejusdem
946 1366 1266 1420 certaminis
1310 1366 1482 1421 decus
1530 1367 1724 1438 adepta
1757 1378 1905 1423 sunt.
1953 1368 2086 1433 Qua:

511 1444 762 1513 videlicet
789 1457 998 1517 nullam,
1020 1474 1143 1513 cum
1170 1459 1495 1517 mulieribus
1521 1460 1974 1515 cmisuetudinem
1999 1460 2087 1519 lia-

511 1553 778 1616 buerunt,
800 1552 898 1606 scd
912 1552 1169 1607 omnibus
1187 1553 1303 1607 suis
1319 1553 1562 1607 numeris
1584 1555 1894 1609 absolutum
1917 1562 2089 1608 certa-

2175 361 2427 427 ἐαυτοὺς
2480 358 2578 413 διὰ
2620 357 2734 425 τὴν
2772 353 3121 419 βασιλείαν.
3163 350 3320 414 Τίνες
3365 349 3546 403 τοίνυν
3593 342 3754 400 εἶπεν

2174 445 2321 505 οὗτοι
2348 450 2461 505 ἀλλ’
2487 449 2520 521 ἢ
2559 450 2609 502 οἱ
2640 448 2876 516 γενναῖοι
2935 438 3245 504 ἀπόστολοι,
3278 438 3374 490 καὶ
3401 435 3753 506 μονάζοντες,

2176 545 2271 602 καλ⁵
2293 545 2340 596 οἱ
2361 540 2595 611 καθεξῆς
2617 536 2909 610 παρθένοι;
2948 532 3203 601 Ἰωάννης
3231 529 3329 600 μὲν
3359 529 3457 603 καὶ
3492 524 3757 588 Ἰάκωϐος

2179 637 2284 694 υἱοὶ
2319 632 2624 694 Ζεϐεδαίου,
2673 630 2951 702 μείναντες
3003 626 3061 678 ἐν
3107 621 3407 693 παρθενίᾳ,
3452 620 3590 690 μήτε
3641 626 3755 691 μὴν

2182 728 2337 791 ἰδίαις
2368 727 2524 797 χερσὶ
2553 723 2622 777 τὰ
2659 721 2794 793 μέλη
2838 715 3236 786 ἀποτεμόντες,
3273 714 3411 784 μήτε
3454 709 3754 778 συναφθέν-

2178 834 2270 880 τες
2309 816 2494 886 γάμῳ,
2525 813 2659 868 ἀλλὰ
2698 815 2766 883 τῇ
2809 810 2913 881 ἰδίᾳ.
2966 806 3164 879 καρδία
3205 803 3628 875 ἀγωνισάμενοι.
3659 802 3759 855 καὶ

2182 905 2494 976 θαυμασίως
2523 902 2582 956 τὸ
2614 901 2769 963 κλέος
2787 898 2881 952 τοῦ
2908 893 3390 965 στεφάνουοτούτου
3416 892 3512 945 τοῦ
3541 890 3760 960 ἀγῶνος

2182 996 2616 1066 ἀπενεγκάμενοι
2636 1010 2648 1023 ·
2697 991 2812 1062 μετ’
2847 989 3045 1050 αὐτοὺς
3071 988 3128 1040 δὲ
3156 988 3279 1041 ὅσαι
3309 983 3564 1056 μυριάδες
3585 984 3648 1036 ἐν
3678 981 3762 1048 τῷ

2183 1090 2373 1161 κόσμῳ
2410 1087 2752 1159 μονάζοντες,
2784 1083 2879 1137 καὶ
2920 1081 3028 1135 ἀπὸ
3060 1078 3457 1149 μοναστηρίων,
3492 1075 3587 1128 κα)⁸
3615 1090 3764 1144 mp-

2185 1182 2351 1241 θένων
2383 1179 2533 1233 τουτὶ
2560 1177 2654 1232 τοῦ
2697 1176 2909 1244 ἀγῶνος
2938 1172 3001 1226 τὸ
3043 1170 3199 1233 κλέος
3240 1168 3641 1238 ἀπηνέγκαντο,
3680 1164 3764 1216 οῖ·-

2183 1289 2330 1335 τινες
2363 1269 2576 1340 σώμασι
2601 1264 2876 1336 γυναικῶν
2907 1265 3009 1318 οὐκ
3031 1262 3324 1334 ὲμίγησαν,
3351 1257 3487 1313 ἀλλὰ
3515 1254 3766 1327 ἧθλησαν

2188 1365 2245 1420 ἐν
2276 1363 2447 1431 ἀγῶνι
2475 1359 2796 1428 τελειοτάτῳ
2815 1399 2829 1423 ,
2862 1357 2940 1420 ὡς
2968 1355 3059 1408 καὶ
3093 1350 3279 1415 Ἠλίας
3312 1351 3369 1403 ἐν
3396 1348 3609 1417 Παλαιᾷ
3638 1350 3775 1399 Ata-

2189 1454 2330 1525 θήκῃ
2359 1452 2692 1524 εὑρίσκεται,
2731 1449 2827 1502 καὶ
2872 1446 3084 1509 Παῦλος
3116 1443 3319 1513 λέγων·
3355 1440 3517 1510 Aera»
3546 1439 3615 1493 δὲ
3639 1438 3773 1505 τοῖς

2190 1544 2459 1615 ἀγάμοις,
2491 1542 2581 1596 ὅτι
2622 1541 2814 1595 καλὸν
2839 1538 3063 1604 αὐτοῖς,
3097 1536 3206 1591 ἐὰν
3245 1536 3532 1605 μείνωσιν
3576 1531 3777 1598 οὕτως

514 1660 634 1699 men
662 1645 937 1700 obierunt.
971 1643 1196 1708 Qualem
1234 1646 1289 1699 in
1312 1643 1507 1700 Vetere
1532 1645 1882 1700 Testamento
1915 1645 2087 1699 Eliam

2206 1637 2268 1702 ἃς
2295 1634 2473 1705 κάγώ.
2501 1636 2570 1687 Et
2600 1633 2669 1686 δὲ
2699 1635 2809 1687 οὐκ
2839 1630 3317 1700 ἐγκρατεύονται,
3366 1625 3772 1695 γαμείτωσαν.

514 1736 686 1792 fuisse
709 1739 960 1808 legimus,
991 1753 1056 1793 ac
1087 1738 1344 1807 deinceps
1373 1737 1622 1803 Paulum,
1657 1737 2088 1807 quidixitzbico

2206 1731 2317 1793 [Ιῶς
2346 1725 2439 1783 οὖν
2476 1727 2637 1788 αὐτὸς
2675 1726 2924 1796 ἑμεινεν;
2950 1725 3014 1777 Et
3053 1722 3150 1794 μὲν
3177 1720 3286 1792 γὰρ
3317 1716 3775 1787 ἀποτετμημένος

514 1837 691 1882 autem
717 1844 831 1897 non
861 1829 1063 1897 nuptis,
1096 1828 1345 1897 quoniam
1372 1827 1564 1881 bonum
1604 1838 1683 1882 est
1722 1829 1873 1896 ipsis.
1906 1829 1953 1883 si
1977 1845 2090 1882 ma-

2206 1818 2277 1893 ῆν,
2311 1821 2406 1875 καὶ
2443 1819 2562 1873 κατ’
2597 1818 2760 1872 αὑτὸν
2792 1816 3021 1887 ἔμειναν
3065 1812 3410 1883 όμοιούμενοι
3450 1808 3635 1879 αὐτῷ,
3686 1809 3772 1862 ἵνα

516 1928 673 1972 neant
708 1918 844 1973 sicut
871 1934 963 1988 ego
978 1935 1001 1983 ,ﬁ
1051 1921 1098 1972 si
1127 1927 1303 1974 autem
1352 1935 1455 1971 non
1493 1919 1779 1985 continent,
1823 1918 2020 1984 nubant
2047 1922 2088 1970 ’.

2206 1911 2524 1984 πληρώσωσι
2573 1910 2654 1972 τὸ,
2700 1909 2781 1975 ὡς
2813 1906 3001 1977 κάγὼ·
3041 1905 3159 1970 πῶς
3190 1901 3640 1974 ἀποτετμημένος
3686 1917 3775 1963 τις

516 2008 802 2074 Quomodo
844 2009 1010 2079 igitur
1038 2008 1153 2077 ipse
1183 2008 1520 2077 permansit?
1561 2007 1618 2061 Si
1657 2007 1801 2061 enim
1838 2014 2093 2062 exsertus

2206 2006 2417 2063 Ιιδύνατο
2467 2006 2681 2075 γῆμαι,
2724 2003 2774 2055 εί
2820 2000 3017 2071 μηκέτι
3065 1994 3477 2068 ἐνεκρατεύετοξ
3530 1994 3641 2047 Καὶ
3681 1992 3770 2056 τὺ,

518 2107 623 2162 cst.
671 2111 724 2155 et
770 2099 837 2154 ad
886 2100 1032 2157 illius
1075 2100 1382 2169 exemplum
1429 2098 1825 2155 accommodati
1877 2112 2092 2155 manse-

2206 2098 2592 2167 γαμείτωσαν,
2617 2093 2715 2146 καὶ
2741 2091 2822 2160 μὴ
2855 2091 3317 2159 πυρούσθωσαν,
3345 2087 3500 2157 ὁρᾷς,
3530 2086 3615 2138 ὅτι
3644 2085 3773 2155 περὶ

519 2199 669 2256 runt,
705 2192 802 2261 qui
831 2191 879 2247 ei
916 2191 1123 2245 similes
1150 2199 1356 2253 essent,
1397 2200 1454 2244 ut
1479 2206 1597 2245 eam
1626 2189 1842 2245 consilii
1880 2196 2091 2260 partem

2206 2187 2524 2260 ἐγκρατείας
2578 2184 2799 2255 φάσκει,
2840 2182 2933 2236 καὶ
2982 2182 3103 2251 οὐχὶ
3139 2178 3268 2250 περὶ
3319 2175 3496 2248 μελῶν
3539 2172 3773 2243 ἀφαιρές

519 2283 827 2351 implerent,
879 2282 1016 2344 sicut
1072 2299 1166 2353 ego
1200 2282 1429 2337 :lierine
1472 2283 1671 2352 potuit,
1726 2290 1786 2337 ut
1839 2292 2092 2339 exsectus
2202 2297 2372 2345 σεως;

521 2375 812 2445 quispiam,
885 2374 991 2429 nisi
1044 2375 1441 2431 continentiam
1490 2391 1711 2432 servare
1772 2354 1977 2445 posset,
2021 2388 2243 2428 uxorem
2302 2371 2562 2427 duceret?
2618 2369 2753 2424 Illud
2802 2382 2954 2431 vero,
3025 2383 3217 2422 uxores
3282 2366 3510 2435 ducant,
3560 2376 3608 2420 et
3662 2380 3767 2420 non

526 2475 751 2520 urantur
777 2467 819 2533 ³,
870 2482 1055 2523 nonne
1097 2466 1163 2521 ad
1198 2468 1595 2523 continentiam
1642 2467 1937 2537 pertinere,
1994 2481 2102 2520 non
2129 2465 2195 2520 ad
2226 2465 2593 2519 membrorum
2631 2459 3026 2515 mutilationem
3053 2450 3483 2511 animadvertis?

594 2558 750 2626 Quod
807 2559 852 2614 si
898 2566 1120 2629 propter
1181 2575 1410 2629 regnum
1454 2562 1723 2615 caelorum
1777 2561 2104 2629 semetipsos

2274 2555 2337 2610 Ei
2367 2557 2424 2610 δὲ
2463 2556 2764 2625 φάσκουσιν
2787 2546 2933 2606 οὗτοι
2974 2550 3062 2603 διὰ
3090 2549 3188 2619 τὴν
3230 2544 3505 2617 βασιλείαν
3543 2543 3654 2596 τῶν
3684 2543 3775 2595 οὖν

526 2659 794 2705 mstrasse
841 2666 903 2704 se
929 2651 1188 2715 dixerint,
1215 2652 1309 2721 qui
1340 2651 1560 2707 tandem
1593 2653 1663 2707 ab
1696 2653 1785 2706 illa
1833 2651 2102 2707 sententia

2206 2648 2382 2718 ρανῶν
2424 2649 2649 2709 ἑαυτοὺς
2684 2643 3077 2714 εὐνουχικέναι,
3116 2640 3231 2703 πῶς
3272 2638 3500 2699 ἑαυτοὺς
3540 2634 3778 2688 amne.

527 2757 816 2800 secernere
852 2757 972 2798 sese
1007 2751 1257 2812 possunt,
1310 2759 1435 2813 qua:
1467 2744 1764 2798 nonnullos
1801 2759 1925 2799 esse
1950 2743 2100 2805 dicit,

2206 2738 2492 2810 τριώσουσι
2538 2737 2633 2791 τοῦ
2679 2736 2969 2808 εἰρημένου
3016 2736 3295 2804 ῥήματος,
3327 2730 3406 2783 ὅτι
3444 2727 3553 2781 είσί
3594 2743 3778 2789 τινες,

527 2835 622 2904 qui
668 2836 743 2891 ab
771 2835 1090 2890 hominibus
1138 2836 1379 2891 eunuchi
1409 2833 1535 2889 facti
1579 2834 1746 2890 sunt?
1777 2834 1915 2889 Cum
1954 2834 2100 2889 enim

2206 2831 2396 2893 οἵτινες
2440 2827 2860 2899 εὐνουχίσθησαν
2898 2827 3004 2880 ὑπὸ
3042 2825 3149 2878 τῶν
3196 2822 3519 2894 ἀνθρώπων;
3556 2819 3624 2872 Ei
3671 2818 3789 2889 γὰρ

528 2941 650 2982 sese
672 2927 868 2994 aliquis
891 2927 1007 2981 suis
1042 2925 1297 2979 manibus
1322 2932 1563 2990 exsecat,
1590 2926 1758 2980 homo
1785 2925 1970 2995 utique
1995 2935 2099 2985 est.

531 3114 636 3162 est.
676 3106 771 3161 Sin
823 3107 915 3161 ille
958 3107 1165 3161 cladem
1213 3108 1373 3166 istam
1410 3122 1507 3162 sua
1551 3108 1654 3163 sibi
1695 3122 1860 3163 manu
1892 3105 2109 3162 consci-

534 3215 687 3255 scere
711 3216 828 3257 non
854 3207 1055 3271 potest,
1089 3199 1184 3257 scd
1212 3201 1281 3255 ab
1313 3200 1435 3256 aliis
1465 3208 1740 3257 castratus
1770 3200 1954 3265 fuerit,
1999 3214 2107 3254 non

533 3293 643 3361 jam
681 3292 812 3353 illud
858 3293 1102 3348 cmlestis
1139 3292 1293 3362 regni
1343 3307 1512 3347 causa
1539 3292 1797 3362 patietur,
1829 3306 1895 3346 eo
1936 3290 2105 3360 quod,

536 3385 650 3438 sive
674 3399 770 3453 per
798 3399 877 3447 se,
912 3385 1026 3439 sive
1060 3384 1293 3437 aliorum
1324 3399 1489 3453 opera
1517 3383 1623 3437 sibi
1658 3382 1806 3435 istud
1833 3382 2107 3447 intulerit,

536 3469 603 3524 ab
663 3468 976 3529 hominibus
1028 3472 1316 3527 eunuchus
1358 3481 1443 3529 est
1502 3472 1698 3526 factus.
1745 3471 2109 3538 Quamobrem

537 3575 755 3614 coronae
810 3576 906 3630 spe
950 3577 1013 3615 ac
1067 3564 1275 3632 praemii
1311 3565 1414 3619 iste
1449 3580 1676 3635 prorsus
1728 3566 1962 3631 excidet,
1985 3580 2110 3620 cum

539 3652 746 3706 nullam
788 3651 1021 3721 amplius
1067 3654 1295 3723 gratiam
1326 3666 1623 3717 mereatur.
1666 3657 1813 3727 quod
1859 3655 1929 3709 ab
1967 3657 2114 3726 ejus-

541 3743 701 3803 mOdi'
720 3744 1015 3815 voluptatis
1059 3761 1163 3801 usu
1198 3753 1496 3817 temperet;
1539 3748 1633 3811 sed
1670 3747 1794 3803 ideo
1826 3747 1960 3801 illud
2006 3761 2114 3801 non

543 3836 747 3907 possit,
767 3836 917 3905 quod
950 3839 1286 3895 necessariis
1314 3838 1381 3893 ad
1425 3855 1544 3894 eam
1576 3839 1910 3895 iunctionem
1941 3854 2116 3894 mem-

542 3925 659 3982 bris
689 3925 763 3982 sit
782 3925 1104 3987 destitutus.
1137 3926 1407 3993 Quocirca
1438 3944 1536 3999 par
1565 3928 1817 4000 idemque
1849 3928 1917 3984 de
1944 3944 2012 3984 eo
2034 3926 2119 3998 ju—

544 4016 752 4075 dicium
800 4026 905 4083 est,
934 4033 1000 4074 ac
1017 4020 1086 4074 de
1116 4019 1229 4084 illo,
1265 4020 1357 4086 qui
1404 4020 1625 4091 aliquod
1663 4023 1912 4091 corporis
1948 4036 2118 4076 mem-

544 4112 706 4168 brum
733 4110 973 4177 violarit,
1007 4119 1102 4167 aut
1130 4111 1363 4165 alienam
1392 4113 1555 4166 vitem
1594 4113 1908 4169 succiderit.
1935 4112 2122 4183 Neque

544 4204 692 4259 enim
718 4204 959 4258 divinam
996 4202 1063 4257 ad
1093 4203 1427 4258 voluntatem
1457 4204 1671 4259 vivendi
1714 4206 1984 4261 rationem
2032 4205 2121 4258 in-

2129 2954 2173 3013 c
2205 2921 2365 2983 αὐτὸς
2387 2919 2543 2981 ἰδίαις
2566 2918 2751 2989 χερσὶν
2777 2915 2968 2969 ἔαυτόν
2989 2908 3605 3013 εὐνουχίζει..ἄνθρρ›πός
3629 2908 3786 2969 ἐστι,

530 3015 760 3086 ejusque
783 3015 1037 3077 manibus
1069 3016 1360 3072 scelestum
1389 3015 1521 3070 illud
1555 3014 1770 3072 facinus
1802 3015 2102 3070 admissum
2156 3018 2162 3026 '

2211 3013 2305 3067 καὶ
2350 3012 2408 3064 αι
2436 3013 2614 3081 χεῖρες
2656 3008 2820 3063 αὑτοῦ
2863 3007 2924 3061 τὸ
2957 3004 3210 3077 ἀθέμιτον
3239 3001 3393 3055 τοῦτο
3418 2999 3784 3069 είργάσαντο.

2210 3105 2275 3159 Et
2302 3103 2359 3157 δὲ
2393 3102 2553 3165 αὐτὸς
2577 3099 2754 3170 ἐαυτῷ
2775 3098 2927 3152 οὐδὲν
2957 3096 3179 3150 δύναται
3210 3091 3432 3164 πρᾶξαι,
3469 3089 3580 3142 ὑπὸ
3605 3088 3790 3143 ἄλλων

2209 3197 2264 3250 δὲ
2289 3192 2627 3266 εὐνουχισθῇ.
2657 3192 2841 3245 οὐκέτι
2872 3190 3026 3251 ἐσται
3064 3187 3153 3242 διὰ
3206 3184 3478 3258 βασιλείαν
3515 3179 3788 3253 οὐρανῶν,

2211 3287 2346 3341 διότι
2387 3287 2494 3339 ὑπὸ
2525 3282 2828 3355 ἀνθρώπων
2856 3278 3173 3351 εὐνουχίσθη
3206 3280 3325 3349 ἦτοι
3354 3276 3420 3329 δι’
3446 3274 3632 3331 αὑτοῦ.
3667 3273 3789 3342 ἦτοι

2212 3377 2300 3431 διὰ
2330 3376 2439 3429 τῶν
2485 3373 2645 3429 τοῦτο
2693 3372 3088 3442 πεποιηκότων.
3138 3370 3393 3422 Πεσεῖται
3442 3365 3500 3418 δὲ
3544 3363 3637 3417 καὶ
3679 3362 3789 3415 ἀπὸ

2211 3469 2305 3524 τοῦ
2345 3469 2638 3537 στεφάνου,
2674 3466 2769 3519 καὶ
2803 3464 2910 3539 ἀπὸ
2947 3462 3043 3517 τοῦ
3080 3461 3358 3534 βραϐείου,
3405 3456 3589 3511 οὐκέτι
3625 3454 3787 3526 χάριν

2212 3562 2352 3633 ἔχων
2390 3559 2477 3614 διὰ
2526 3560 2626 3631 τὴν
2660 3558 2871 3629 ἀποχὴν
2911 3556 3011 3626 τῆς
3054 3552 3313 3623 τοιαύτης
3346 3551 3617 3621 χρήσεως,
3650 3546 3789 3601 ἀλλὰ

2213 3654 2301 3708 διὰ
2342 3653 2404 3707 τὸ
2439 3652 2514 3723 μὴ
2560 3650 2814 3704 δύνασθαι
2861 3646 3096 3719 χρῆσθαι
3137 3644 3509 3717 ἀφῃρημένων
3546 3641 3655 3694 τῶν
3689 3642 3788 3710 τῆς

2213 3746 2472 3814 τοιαύτης
2510 3744 2819 3807 ὑποθέσεως
2848 3739 3045 3812 μελῶν.
3081 3740 3180 3794 ’Ἑν
3212 3738 3271 3791 δὲ
3299 3738 3394 3791 καὶ
3423 3735 3485 3789 τὸ
3509 3734 3643 3788 αὐτὸ
3672 3750 3793 3804 κρι-

2216 3837 2471 3907 θήσεται,
2515 3834 2591 3899 ὼς
2628 3836 2657 3886 6
2696 3831 3092 3903 λυμαινόμενος
3122 3827 3319 3882 ἐαυτοῦ
3361 3826 3425 3879 τὸ
3474 3824 3654 3896 μέλος,
3703 3823 3794 3875 καὶ

2214 3930 2291 3994 ὡς
2339 3930 2367 3982 6
2423 3928 2636 3998 τέμνων
2693 3925 2972 3997 ἀλλότριον
3020 3921 3339 3995 ἀμπελῶνα.
3370 3920 3448 3974 Οὐ
3489 3917 3601 3989 γὰρ
3654 3914 3795 3969 κατὰ

2215 4020 2350 4074 Θεὸν
2383 4019 2787 4081 ἐπολιτεύσατο,
2824 4017 2962 4071 ἀλλὰ
3007 4016 3149 4071 κατὰ
3183 4012 3479 4082 ἐπιϐουλὴν
3513 4009 3594 4081 τῷ
3630 4009 3797 4080 δημιο

2218 4112 2401 4185 ουργῷ
2437 4111 2629 4183 Κυρίῳ
2668 4110 2788 4181 Θεῷ
2827 4110 3057 4179 ἀντέστη
3103 4106 3361 4169 τοιοῦτος.
3418 4102 3716 4172 Ἐπιθυμίᾳ
3742 4100 3799 4154 δὲ

2221 4206 2582 4278 περισσοτέρᾳ
2610 4206 2639 4258 6
2668 4202 2906 4266 τοιοῦτος
2951 4200 3317 4271 ἐπχθὴσεται.
3348 4198 3461 4252 Καὶ
3501 4196 3611 4268 γὰρ
3641 4196 3675 4247 6
3706 4193 3811 4247 εὑί

547 4295 754 4360 stituit,
783 4295 881 4351 sed
910 4295 1096 4365 opiﬁci
1125 4312 1226 4352 suo
1255 4294 1591 4367 Dominoque
1625 4296 1733 4352 Deo
1759 4297 1996 4367 maligne
2028 4312 2104 4353 re-

2221 4298 2408 4369 νοῦχος
2443 4298 2627 4369 ᾄδεται
2666 4297 2817 4367 παρὰ
2855 4294 2933 4365 τῷ
2981 4292 3136 4363 Σοφῷ
3166 4292 3264 4345 οὐκ
3316 4291 3659 4359 ἀπεχόμενος
3703 4286 3802 4356 τῆς

548 4384 835 4453 pugnavit,
883 4384 1195 4450 Quinetiam
1233 4386 1625 4443 vehementiori
1672 4387 1973 4458 cupiditate
2024 4389 2123 4444 lla-

548 4473 744 4545 grabit.
786 4472 999 4533 Etenim
1043 4475 1236 4545 spado,
1269 4492 1379 4531 non
1414 4492 1444 4530 a
1484 4494 1583 4533 sua
1623 4480 1924 4550 cupiditate
1955 4480 2125 4536 absti—

551 4582 703 4630 nere,
762 4565 856 4621 sed
911 4582 1030 4620 eam
1079 4567 1339 4637 perlicere
1394 4584 1503 4624 non
1553 4584 1737 4640 posse,
1790 4586 1819 4624 a
1867 4569 2125 4641 Sapiente

550 4656 753 4711 dicitur
787 4676 802 4711 :
834 4656 1268 4725 Concupiscentia
1295 4659 1567 4727 spadonis,
1599 4661 1797 4730 inquit,
1823 4662 2123 4731 devirgina-

556 4750 626 4802 bit
645 4747 1047 4817 juvenculam‘.
1094 4746 1514 4820 Proindeque.o
1557 4753 1843 4807 stultitiam
1885 4753 2127 4810 incredi-

555 4842 740 4905 liilem,
779 4841 930 4896 varie
962 4840 1015 4919 in
1047 4840 1152 4897 hoc
1184 4842 1317 4898 orbe
1342 4852 1610 4898 terrarum
1640 4845 2042 4913 excogitatam!

622 4933 785 5007 493
822 4934 1003 5005 Atque
1034 4933 1149 4990 haec
1179 4942 1328 5001 sunt,
1359 4951 1483 5005 quae
1510 4936 1576 4990 de
1606 4936 1712 4991 hoc
1747 4936 2127 4992 hatreticorum

556 5043 752 5095 genere
784 5029 1073 5098 explorare
1125 5028 1424 5098 potuimus.
1483 5026 1560 5082 De
1599 5027 1822 5099 quibus,
1854 5043 1978 5082 cum
2007 5030 2131 5084 bre-

561 5122 693 5175 viter
724 5120 1049 5187 dixerimus,
1084 5120 1415 5190 eosdemque
1437 5135 1561 5175 esse
1589 5121 1956 5191 suspicemur,
1984 5137 2124 5191 quos

561 5220 714 5266 antea
742 5212 1311 5275 commemoravimus,
1347 5212 1555 5267 relictis
1612 5227 1677 5265 ac
1734 5226 1857 5267 cum
1888 5212 2126 5266 ludibrio

561 5300 779 5370 rejectis
812 5303 920 5357 illis
945 5305 1036 5374 qui
1068 5306 1372 5376 scorpionis
1407 5305 1582 5361 instar
1621 5304 1788 5361 biﬁdo
1817 5304 2008 5358 aculeo
2042 5319 2129 5357 ar-

2220 4389 2537 4460 ἐπιθυμίας,
2567 4388 2701 4442 ἀλλὰ
2739 4387 2812 4458 μὴ
2848 4386 3145 4456 δυνάμενος
3192 4383 3290 4454 τὴν
3338 4380 3640 4450 ἐπιθυμίαν
3684 4380 3806 4429 ἐπι·

2219 4483 2461 4544 τελέσαι,
2510 4482 2585 4545 ὡς
2622 4481 2799 4549 λέγει·
2838 4478 3151 4547 Ἐπιθυμία
3179 4476 3479 4543 εὐνούχου
3526 4474 3805 4539 ἀποπαρ·

2222 4574 2492 4629 θενεύσει
2524 4570 2787 4625 νεάνιδα.
2807 4571 2917 4623 Καὶ
2940 4571 3005 4621 ἐκ
3039 4566 3373 4638 πανταχόθεν
3400 4565 3448 4618 ὣ
3466 4564 3575 4634 τῆς
3602 4562 3807 4632 πολλῆς

2227 4667 2586 4739 ματαιότητος
2624 4665 2727 4736 τῆς
2768 4668 2829 4719 ἐν
2861 4664 2939 4734 τῷ
2985 4664 3176 4734 κόσμῳ
3226 4660 3587 4739 πολυτρόπως
3626 4661 3809 4713 ἐπινε-

2225 4778 2317 4832 νοη
2328 4762 2492 4830 μένης
2510 4760 2521 4811 !

2298 4940 2409 4993 Kal.
2448 4936 2613 4992 ταῦτὰ
2656 4938 2802 4990 ἐστιν
2830 4933 2865 4988 ἃ
2903 4932 3030 5004 nep‘t
3070 4930 3278 4984 τούτων
3307 4929 3586 4997 ἔγνωμεν.
3628 4927 3734 4980 Διδ
3762 4928 3814 4980 ἐν

2230 5031 2478 5101 συντόμῳ
2507 5030 2635 5102 περὶ
2667 5026 2848 5082 αὐτῶν
2883 5025 3185 5097 εἰρηκότες,
3227 5021 3345 5081 καὶ.
3376 5019 3455 5081 ὡς
3486 5017 3655 5090 ἔφην,
3685 5020 3807 5073 ὑπο

2231 5121 2520 5191 νοήσαντες
2567 5114 2705 5172 εἶναι
2738 5116 2961 5178 τούτους
2985 5113 3115 5176 τοὺς
3155 5108 3612 5183 προειρημένους,
3648 5126 3811 5162 κατα-

2232 5211 2479 5274 λιπόντες
2523 5211 2646 5274 τοὺς
2679 5211 2908 5272 αὐτοὺς,
2955 5207 3048 5261 καὶ
3097 5202 3571 5271 καταγελάσαντες
3626 5200 3819 5270 diem?

2238 5303 2496 5375 σκορπίου
2536 5302 2834 5373 δικέντρου,
2864 5301 2978 5362 τοῖς
3019 5297 3117 5368 μὲν
3167 5293 3361 5365 τέρασι
3383 5291 3461 5362 (3)
3493 5291 3591 5357 καὶ
3625 5290 3825 5361 χηλαῖς

635 5458 650 5494 ³
690 5457 879 5518 Matth,
909 5473 1020 5523 nux,
1053 5460 1136 5519 15.
1216 5465 1235 5494 ³
1267 5460 1282 5513 l
1311 5461 1438 5516 Cur.
1470 5476 1566 5528 vu,
1589 5461 1641 5517 8.
1721 5463 1741 5492 ³
1766 5460 1899 5517 ibid.
1934 5460 1985 5515 9.
2063 5462 2085 5503 ‘.
2123 5459 2292 5514 Eccli.
2333 5478 2418 5513 xx.
2456 5462 2506 5514 9..

634 5570 711 5649 (ἷί)
753 5567 878 5642 ch.
914 5568 1107 5642 πέρατι
1169 5550 1323 5629 Eutr.
