3840 6062
122 2900 125 2905 .
217 2854 360 2909 κατὰ
388 2856 628 2923 πάντων,
662 2860 739 2924 ὼς
762 2863 854 2915 ἐπὶ
887 2864 981 2918 τοῦ
1015 2865 1199 2935 φόνου·
1234 2868 1405 2934 οὓτως

246 213 376 268 1021

959 214 1329 273 Δυνειιευε
1366 218 1711 277 ΗΕΒΕΞΕΞ
1747 221 1803 277 Li

1912 222 1979 278 il.
2019 223 2184 282 του.
2219 227 2333 284 1.-
2377 229 2651 289 ΗΕΒΕΞ.
2697 234 2832 291 LIX.

3377 242 3515 298 1οη

244 319 541 421 ἀπολέσας,
568 323 853 391 ἀδυνάτως
879 328 993 400 ἔχει
1028 331 1235 403 ταύτην
1283 336 1590 406 κτήσασθαι
1640 354 1799 409 σωμα

1937 340 2303 411 virginitatem
2335 347 2541 415 amisit,
2603 351 2749 419 quod
2796 349 2870 405 ad
2909 366 3113 421 corpus
3167 356 3382 417 attinet,
3420 371 3513 412 re-

241 408 446 477 τικῶς,
491 413 566 485 μὴ
598 414 956 489 ινδεχομένης
998 422 1102 492 τῆς
1137 423 1378 493 φύσεωςο
1410 425 1552 480 οὕτω
1596 428 1690 482 καὶ

241 501 338 554 τοῦ
392 501 621 575 λουτροῦ
668 508 727 560 ὲν
768 510 1027 579 μεγάλοις
1069 516 1181 568 τισὶ
1227 517 1640 589 παραπτώμασι
1676 538 1830 592 περιρ

239 592 451 661 πεσὼν,
502 597 598 651 καὶ
643 597 835 671 ὥσπερ
885 603 915 654 ό
951 603 1060 658 ἀπὸ
1109 606 1408 676 παρθενίας
1455 610 1825 681 παραπεσὼν,

235 682 498 756 δευτέραν
521 686 686 758 τιμήν
717 688 817 761 τὴν
846 691 1172 763 ἐγκράτειαν
1207 694 1353 765 ἔχει*
1393 695 1537 751 οὕτω
1573 699 1668 752 καὶ
1703 701 1782 764 είς
1808 700 1826 731 ⁸

235 774 299 828 τὸ
333 775 563 848 λουτρὸν
590 780 619 833 ό
636 781 696 833 ἐν
730 782 1141 855 παραπτώματι
1173 787 1380 856 μείζονι
1406 789 1695 861 γενόμενος
1714 792 1826 861 ἔχει

234 862 502 936 δευτέραν
531 867 696 934 ἴασιν,
726 869 788 923 οὐ
813 871 1071 943 τοιαύτην
1104 876 1357 946 ἐνάρετον
1386 878 1526 932 κατὰ
1554 879 1651 951 τήν
1678 880 1825 953 πρὼο

233 968 358 1022 την,
383 954 486 1008 οὐκ
520 954 976 1033 ἀποδεδλημένην
1007 963 1065 1017 δὲ
1091 964 1241 1036 ζωῆς
1269 966 1383 1038 ἔχει
1422 968 1520 1040 τὴν
1543 969 1822 1042 δευτέραν,

232 1041 304 1114 ἢν
344 1045 632 1119 κέκτηται.
666 1051 782 1105 Οὐκ
833 1051 1018 1107 ἀθετεῖ
1050 1056 1230 1112 τοίνυν
1276 1061 1306 1112 ό
1349 1058 1490 1124 θεῖος
1541 1041 1707 1132 λόγος
1731 1064 1824 1119 τὸν

234 1134 435 1212 μισθὸν
461 1136 570 1195 τῶν
599 1140 658 1195 ὲν
695 1141 960 1215 μετανοίᾳ
985 1145 1325 1216 καμνόντων.

300 1395 378 1448 I".
411 1395 643 1453 Ἔπειτα
659 1399 716 1453 δὲ
731 1400 886 1455 αὐτοὶ
915 1402 1078 1456 πάλιν
1110 1405 1217 1461 ἀπὸ
1238 1406 1426 1462 τούτου
1448 1413 1820 1485 προπηδήσαν-

227 1501 343 1551 τες,
356 1487 453 1540 καὶ¹
488 1487 624 1543 ἀλλα
665 1491 787 1544 τινὰ
816 1490 1136 1564 ὲφεύραντο.
1163 1497 1273 1552 Καὶ
1288 1498 1398 1572 γὰρ
1414 1500 1568 1554 αὐτοὶ
1594 1502 1694 1575 τὴν
1722 1507 1820 1560 αὺ-

226 1577 349 1649 τὴν,
362 1579 432 1651 ἢν
453 1581 546 1634 καὶ
566 1582 727 1653 ήμείς
744 1586 1075 1657 κεκτήμεθα,
1093 1588 1275 1644 πίστιν
1290 1589 1532 1662 λέγουσιν
1543 1593 1708 1667 ἔχειν.
1726 1592 1822 1652 Οὗ-

226 1686 308 1723 τοι
341 1671 402 1724 δὲ
427 1672 489 1724 οὐ
524 1672 802 1742 βούλονται
826 1676 1105 1750 διδαγμοῖς
1129 1682 1150 1713 ²
1191 1680 1302 1751 (12)
1326 1684 1713 1743 ἐπικοινωνεῖν.
1749 1687 1814 1741 Εἰ
1847 1678 1889 1736 Β

223 1760 336 1831 γάρ
359 1778 446 1825 τις
481 1763 618 1833 μετὰ
650 1766 711 1818 τὸ
757 1764 1042 1840 βάπτισμα
1092 1770 1390 1844 συναφθείη
1438 1777 1658 1843 γυναικὶ
1689 1777 1811 1831 δευ-

224 1852 379 1924 τέρᾳ,
433 1856 584 1927 παρὰ
625 1856 847 1923 τούτοις
879 1860 978 1914 οὐκ
1031 1861 1435 1934 εἰσδεχθήσεται
1484 1867 1584 1931 ἔτι,
1624 1871 1719 1923 καὶ
1754 1870 1813 1924 τὸ

226 1946 334 1997 πᾶν
364 1947 513 2002 ἐστιν
542 1949 766 2020 ἠλίθιον.
816 1953 902 2017 Ὠς
933 1953 1041 2026 γὰρ
1078 1957 1131 2011 εί
1158 1974 1241 2020 τις
1282 1957 1543 2031 θεάσηταί
1563 1977 1684 2015 τινα
1714 1979 1810 2033 νη·-

62 2044 67 2047 ‘
164 2090 168 2095 .
223 2037 452 2107 χύμενον
477 2040 534 2093 ὲν
567 2041 741 2107 ὕδατι,
775 2046 869 2100 καὶ
904 2047 1114 2116 ἀγνοῶν
1143 2048 1242 2121 τὴν
1270 2052 1465 2123 πεῖραν
1495 2053 1593 2124 τῆς
1628 2054 1812 2127 διανή-

223 2127 379 2194 ξεως,
415 2131 608 2184 ἑαυτὸν
640 2133 856 2190 ἔκδοτον
892 2141 1005 2203 τοῖς
1049 2138 1207 2194 ὕδασι
1250 2140 1382 2213 δῴη,
1429 2144 1524 2196 καὶ
1572 2145 1812 2217 ὑποϐρύ-

220 2236 338 2295 χιος
385 2222 633 2293 γένηται,
667 2226 741 2296 μὴ
780 2227 840 2280 ἐν
881 2227 1048 2300 πείρα
1092 2229 1189 2297 ὢν,
1244 2233 1379 2304 μηδὲ
1424 2235 1612 2303 σαφῶς
1647 2238 1810 2303 γνοὺς

221 2311 328 2364 τῶν
356 2312 447 2379 διὰ
479 2315 676 2386 χειρῶν
704 2333 762 2369 τε
801 2319 896 2395 καὶ
934 2319 1109 2373 ποδῶν
1152 2320 1251 2392 τὴν
1294 2325 1567 2395 σωτηρίαν
1596 2328 1808 2391 ἑαυτοῖς

219 2382 740 2474 προσποριζομένων
778 2382 876 2477 τὴν
912 2382 1256 2483 ἐπιστήμηνο
1295 2382 1503 2483 νομίξει
1529 2416 1586 2470 δὲ
1622 2382 1807 2482 ἁπλῶς

218 2494 279 2547 τὸ
311 2493 460 2565 ὕδωρ
485 2494 865 2564 διαϐαστάζειν
898 2500 990 2554 τὸν
1025 2502 1308 2572 ἄνθρωπον
1353 2504 1474 2576 δίχα
1508 2508 1616 2562 τῶν
1661 2509 1806 2563 ίδίων

218 2585 457 2654 χειρῶν⁸
515 2587 546 2657 ῆ
595 2587 671 2651 ὼς
718 2590 773 2642 εἴ
815 2606 899 2653 τις
947 2591 1135 2646 ἀκούοι
1181 2594 1274 2648 τὸν
1320 2597 1568 2667 ἡγεμόνα
1627 2616 1802 2669 τιμω-

219 2673 420 2745 ροῦντα
450 2676 575 2740 τούς
600 2695 652 2731 τι
680 2679 923 2751 δρῶντας
952 2683 1047 2737 καὶ
1071 2684 1170 2755 τῆς
1194 2687 1525 2757 φαυλότητος
1555 2689 1682 2761 ἄχρι
1710 2692 1806 2745 καὶ

218 2765 538 2837 ἐλαχίστων,
566 2769 661 2823 καὶ
692 2771 901 2843 νομίζει
940 2774 1039 2844 μὲν
1066 2781 1166 2847 τὴν
1198 2777 1357 2848 δίκην
1398 2779 1519 2851 ἴσην
1553 2781 1801 2846 διεξιέναι

1452 2873 1547 2926 καὶ
1584 2873 1676 2927 ἐπὶ
1705 2874 1800 2928 τοῦ

1935 443 2268 502 praesentare
2294 440 2444 493 illam
2483 457 2591 495 non
2610 451 2948 512 potest,cum
2982 445 3034 499 id
3062 446 3285 501 minime
3314 456 3515 505 natura

1932 524 2175 593 patiatur.
2206 543 2221 592 ;
2253 528 2327 581 ita
2379 529 2472 598 qui
2521 540 2645 601 post
2675 533 3003 604 baptismum
3035 533 3198 606 495
3224 538 3277 590 in
3300 538 3509 608 major:

1928 615 2177 684 quaedam
2233 620 2467 681 crimina
2520 624 2814 694 prolapsus
2866 636 2980 689 est;
3015 625 3243 694 perinde
3299 643 3364 682 ac
3413 629 3508 698 qui

1931 704 2244 775 virginitate
2276 710 2490 765 excidit
2532 714 2835 768 secundum
2880 715 3045 769 habet
3082 717 3135 770 in
3168 719 3507 774 continentia

1927 799 2428 855 commendationis
2459 802 2721 871 gradum:
2758 804 2842 859 sic
2868 805 2959 859 ille
3006 814 3127 876 post
3175 806 3506 876 baptismum

1926 890 2179 959 graviore
2202 892 2503 949 obstrictus
2522 896 2729 952 scelere
2751 900 3051 953 secundum
3078 900 3239 953 habet
3254 900 3506 957 sanitatis

1925 992 2117 1047 genus.
2152 982 2309 1048 Quod
2338 984 2556 1038 tametsi
2587 1000 2713 1039 cum
2745 995 2919 1052 tanta,
2947 997 3150 1057 quanta
3187 990 3360 1057 prius,
3393 990 3507 1043 vira

1925 1077 2039 1125 tute
2068 1073 2292 1127 minime
2333 1075 2691 1144 conjunctum
2722 1077 2814 1140 sit,
2852 1092 2964 1132 non
2993 1086 3077 1133 est
3109 1088 3288 1133 tamen
3311 1094 3342 1134 a
3374 1093 3505 1135 con-

1928 1162 2221 1231 sequendae
2250 1164 2377 1218 vitae
2401 1180 2496 1235 spe
2521 1180 2586 1221 ac
2609 1166 2804 1221 salutis
2825 1167 3085 1221 alienum.
3101 1166 3270 1238 igitur
3288 1184 3500 1235 eorum,

1924 1252 2018 1321 qui
2054 1252 2109 1306 in
2136 1256 2479 1324 capessenda
2511 1258 2836 1328 paenitentia
2867 1258 3141 1323 laborant,
3173 1258 3410 1315 fructum
3437 1274 3504 1314 ac

1923 1342 2206 1411 praemium
2234 1345 2455 1402 divinus
2478 1363 2661 1404 sermo
2690 1362 2802 1403 non
2833 1349 3033 1419 rejicit.

1991 1432 2082 1490 ill.
2122 1434 2392 1494 Praeterea
2434 1440 2575 1496 idem
2624 1441 2700 1495 illi
2744 1443 2962 1511 longius
3004 1458 3073 1497 ex
3116 1443 3210 1496 illo
3252 1443 3502 1514 dogmate

1923 1527 2271 1595 prosilierites
2313 1531 2419 1585 alia
2473 1533 2723 1603 quaedam
2767 1532 3120 1602 adjecerunt.
3150 1533 3322 1588 Aiunt
3352 1535 3500 1588 enim

1921 1631 1982 1673 se
2020 1604 2269 1677 eamdem
2302 1618 2610 1679 nobiscum
2654 1625 2858 1680 habere
2908 1625 3112 1691 tidem;
3169 1613 3272 1682 sed.
3315 1632 3500 1681 tamen

1915 1710 2039 1763 cum
2068 1712 2298 1781 digamis
2327 1714 2743 1771 communicare
2768 1716 3099 1771 detrectant.
3132 1716 3268 1770 Nam
3299 1718 3344 1771 si
3375 1717 3501 1787 quis
3527 1728 3541 1743 ‘

1915 1808 2039 1869 post
2070 1801 2405 1870 baptismum
2433 1806 2735 1861 secundam
2760 1822 2987 1862 uxorem
3019 1806 3263 1868 duxerit,
3297 1808 3366 1861 ab
3390 1807 3501 1862 illis

1911 1904 2023 1944 non
2052 1892 2289 1960 amplius
2334 1892 2663 1948 admittitur.
2710 1895 2865 1960 Quod
2917 1896 3139 1965 quidem
3192 1897 3350 1965 plane
3381 1905 3499 1953 sto-

1912 1977 2082 2032 lidum
2129 1990 2232 2034 est.
2271 1978 2342 2035 Ut
2381 1983 2527 2036 enim
2576 1984 2622 2038 si
2669 1985 2794 2053 quis
2837 1992 3115 2039 natantem
3160 1986 3394 2054 aliquem
3443 1987 3500 2040 in

1911 2082 2055 2137 aqua
2100 2067 2321 2134 viderit,
2372 2086 2435 2125 ac
2487 2072 2708 2127 natandi
2769 2088 2925 2128 usum
2968 2072 3228 2144 ignorans
3275 2089 3397 2132 sese
3442 2074 3500 2129 in

1910 2172 2107 2228 aquam
2141 2160 2510 2226 commiserit,
2551 2177 2616 2218 ac
2663 2178 2883 2233 pessum
2914 2165 3068 2227 ierit,
3111 2165 3253 2234 quod
3293 2176 3348 2221 et
3377 2166 3499 2236 ejus

1909 2252 1989 2303 rei
2019 2248 2089 2303 sit
2117 2265 2345 2319 expers,
2390 2260 2445 2306 et
2474 2268 2664 2307 eorum
2687 2292 2704 2316 ,
2739 2255 2834 2323 qui
2868 2255 3118 2309 manibus
3157 2270 3221 2308 ac
3268 2258 3498 2325 pedibus

1909 2339 2072 2395 saluti
2107 2355 2222 2395 sua)
2250 2343 2570 2409 consulunt,
2598 2344 2829 2399 scientia
2853 2345 3079 2399 minime
3104 2346 3177 2400 sit
3202 2347 3495 2415 praeditus;

1909 2429 2002 2485 sed
2032 2431 2175 2486 ultro
2190 2447 2388 2502 aquam
2406 2436 2686 2490 existimet
2705 2436 2842 2490 citra
2865 2450 3125 2490 manuum
3145 2438 3495 2506 agitationem

1908 2521 2186 2577 hominem
2234 2524 2541 2599 sustinere:
2589 2535 2684 2580 aut
2735 2528 3225 2597 quemadmodum,
3274 2530 3320 2585 si
3372 2530 3495 2598 quis

1912 2613 2228 2682 praefectum
2266 2616 2455 2670 audiat
2485 2618 2538 2671 in
2578 2634 2675 2673 eos
2705 2619 3231 2674 animadvertentem
3262 2621 3352 2690 qui
3387 2620 3496 2674 ulla

1906 2702 1962 2756 in
2010 2719 2069 2758 re
2098 2704 2262 2759 etiam
2288 2705 2511 2760 minima
2551 2706 2905 2777 deliquerint,
2950 2718 3116 2778 atque
3152 2710 3398 2765 eamdem
3436 2712 3494 2766 in

1903 2805 2096 2846 omnes
2130 2807 2352 2862 poenam
2382 2797 2743 2852 constitutam
2778 2800 3099 2862 arbitretur,
3131 2800 3492 2868 quemadmo-

1902 2879 2030 2935 dum
2071 2881 2127 2936 in
2163 2897 2259 2938 eos
2307 2884 2402 2954 qui
2451 2886 2799 2953 patricidium
2839 2890 3254 2953 commiserint,
3306 2891 3387 2943 sic
3436 2891 3492 2945 in

216 2944 593 3049 διαεάλλοντος
637 2952 729 3006 τὸν
780 2955 967 3021 πέλας,
1009 2957 1043 3028 ἢ
1082 2962 1467 3031 μαχησαμένου
1492 2979 1504 2992 ·
1533 2965 1566 3033 ἦ
1596 2965 1672 3029 ὡς
1703 2965 1799 3021 ἐὰν

1910 2972 2064 3037 illos,
2107 2975 2201 3043 qui
2243 2944 2365 3029 aliis
2403 2944 2722 3031 calumniati
2772 2977 3015 3042 iuerint,
3048 2986 3143 3033 aut
3193 2980 3488 3049 pugnando

217 3034 247 3121 ᾖ
286 3058 371 3111 τις
408 3044 757 3112 παντάπασιν
800 3048 1038 3121 ἰδιώτης,
1075 3053 1167 3106 καὶ
1216 3053 1477 3126 θεάσηται
1517 3057 1608 3110 τὸν
1649 3058 1799 3132 εἰλη-

1910 3034 2280 3121 lacessiverint
2308 3085 2322 3121 :
2361 3067 2448 3121 vel
2478 3068 2707 3137 perinde
2733 3084 2799 3124 ac
2849 3071 2891 3125 si
2944 3034 3100 3126 rudis
3134 3034 3406 3140 quispiam
3438 3034 3492 3128 et

215 3132 347 3202 φότα
375 3134 619 3206 ἄρχοντα
646 3139 745 3210 τὴν
773 3139 1025 3206 ἐξουσίαν
1063 3146 1186 3197 κατ’
1227 3145 1519 3219 ἀλιτηρίων
1550 3150 1800 3206 ἀποσπά-

214 3241 377 3280 σαντα
430 3229 736 3301 μάχαιραν,
773 3230 806 3301 ἢ
849 3233 989 3286 κατά
1039 3236 1251 3305 γοήτων
1295 3238 1389 3291 καὶ
1436 3238 1794 3313 βλασφήμων,

211 3319 697 3391 ἢάκαθοσιώτωνο
755 3325 962 3396 νομίζει
1019 3326 1076 3381 δὲ
1114 3329 1240 3393 τοὺς
1289 3330 1497 3395 πάντας
1550 3329 1796 3399 ἐξουσίαν

209 3410 346 3483 ἔχειν
377 3415 488 3485 τῆς
511 3415 765 3487 τοιαύτης
809 3418 988 3482 αἰτίας
1019 3419 1288 3474 ποιεῖσθαι
1309 3422 1414 3492 τὴν
1441 3422 1596 3494 δίκην
1615 3442 1630 3457 ι
1667 3424 1795 3481 θεαο

210 3505 439 3576 σάμενος
475 3506 532 3559 δὲ
564 3507 719 3580 δίκην
741 3508 926 3574 δόντας
960 3509 1302 3582 ἀνθρώπους,
1333 3513 1426 3566 καί
1450 3515 1612 3580 αὐτὸς
1642 3516 1700 3570 δὲ
1726 3517 1795 3573 τὰ

211 3592 299 3649 ἶσα
331 3596 720 3668 μιμησάμενος
761 3598 976 3670 θελήσει
1013 3600 1333 3658 ἀποκτεῖναί
1369 3621 1542 3669 τινας,
1592 3607 1666 3670 ὼς
1697 3607 1795 3679 δῆ-

215 3681 301 3737 θεν
340 3690 470 3751 τοὺς
514 3688 844 3760 ἠδικηκότας
891 3691 1158 3757 δικάζων·
1196 3695 1357 3758 ἁλοὺς
1399 3695 1457 3750 δὲ
1493 3698 1522 3750 ό
1556 3696 1797 3764 τοιοῦτος

219 3774 373 3840 αὐτὸς
420 3778 580 3851 δίκην
624 3779 805 3846 δώσει,
842 3782 917 3855 μὴ
959 3783 1197 3855 εἰληφὼς
1226 3784 1381 3857 παρά
1413 3785 1676 3857 βασιλέως
1708 3790 1796 3856 ἐξ·

218 3869 400 3922 ουσίαν
430 3871 542 3926 τῶν
570 3872 825 3927 τοιούτων
845 3893 857 3904 ·
893 3876 987 3928 καὶ
1010 3876 1092 3929 ὅτι
1129 3875 1233 3947 τὴν
1256 3877 1377 3949 ίσην
1405 3878 1621 3949 ἐνόμιζε
1652 3882 1795 3937 κατὰ

222 3957 430 4014 πάντων
449 3960 651 4027 ἐξιέναι
672 3962 852 4034 ψῆφον
876 3965 984 4019 ἀπὸ
1001 3966 1100 4037 τῆς
1124 3967 1280 4038 δίκης
1304 3968 1412 4024 τῶν
1438 3971 1635 4041 νόμων,
1670 3973 1796 4028 ἐαυ-

220 4049 307 4103 τὸν
337 4051 392 4106 δὲ
419 4054 480 4108 ὲν
518 4058 584 4127 τῇ
612 4056 794 4128 ἀδικίᾳ
822 4056 909 4111 διὰ
937 4058 1037 4129 τῆς
1056 4059 1192 4123 ἰδίας
1208 4061 1466 4131 ἀπειρίας
1503 4062 1596 4119 καὶ
1622 4065 1795 4138 ἀπαρ·

221 4144 475 4221 ακολουθη
486 4147 600 4213 σίας
627 4148 840 4204 ἔκδοτον
866 4150 1141 4218 ἀπωλείας
1175 4154 1597 4224 παρασκευάσας
1621 4172 1634 4187 ο
1654 4155 1795 4210 οὕτω

224 4238 315 4292 καὶ
357 4242 557 4308 αὐτου,
609 4243 678 4298 τὰ
700 4244 916 4299 πάντων
963 4244 1099 4317 ὁμοῦ
1152 4247 1425 4316 μίξαντες,
1469 4250 1532 4303 ὲκ
1584 4250 1795 4305 πάντων

221 4329 480 4394 ἐξέπεσαν
498 4350 513 4365 ⁸
543 4336 637 4389 καὶ
673 4334 747 4406 μή
773 4337 1064 4406 νοήσαντες
1094 4337 1162 4391 τά
1183 4339 1387 4411 ἀκριδῆ
1420 4340 1521 4411 τῆς
1538 4340 1633 4395 τοῦ
1657 4341 1793 4396 Θεοῦ

1872 4339 2168 4394 "misceant
2220 4339 2479 4394 omnibus
2541 4338 2906 4397 exciderunt;

1901 3154 2187 3224 imperitus
2228 3157 2612 3226 magistratum
2656 3159 2836 3212 videat
2881 3168 3151 3228 potestate
3202 3161 3489 3229 pneditum

1897 3245 2138 3316 gladium
2177 3247 2234 3301 in
2283 3247 2580 3305 sceleratos
2620 3247 2984 3315 distringere,
3019 3251 3168 3306 velut
3219 3251 3491 3308 veneﬁcos

1899 3345 1995 3391 aut
2021 3337 2395 3407 blasphemas,
2430 3346 2525 3393 aut
2550 3339 2889 3410 perduelles,
2917 3356 2982 3395 ac
3012 3356 3176 3412 penes
3202 3342 3490 3400 universos

1897 3442 2019 3483 esse
2044 3435 2366 3498 potestatem
2396 3429 2715 3496 arbitretur,
2739 3436 2796 3483 ut
2830 3430 2978 3485 illius
3008 3433 3256 3487 criminis
3294 3449 3485 3504 prunas

1895 3519 2233 3574 constituant
2263 3537 2277 3574 :
2308 3534 2544 3590 cumque
2571 3522 2794 3592 punitos
2815 3522 2885 3576 ob
2903 3522 2955 3576 id
2978 3523 3227 3580 homines
3249 3525 3470 3586 viderit.

1895 3611 2096 3666 imitari
2128 3620 2184 3666 et
2218 3612 2337 3682 ipse
2368 3614 2518 3674 velit.
2558 3629 2623 3669 ac
2662 3624 2920 3685 tanquam
2960 3614 3029 3670 de
3072 3616 3181 3672 reis
3216 3617 3482 3685 judicium

1893 3716 2156 3757 exercens
2184 3712 2414 3761 mortem
2470 3704 2579 3760 illis
2628 3705 2831 3761 inferre
2881 3715 3142 3763 conetur:
3214 3709 3484 3778 ejusmodi

1893 3791 2096 3862 quippe
2137 3808 2328 3863 poenas
2358 3794 2477 3863 ipse
2508 3797 2782 3865 persolvet
2809 3835 2826 3861 ,
2864 3806 2980 3852 tum
3023 3799 3169 3868 quod
3210 3803 3415 3855 trullam
3449 3816 3481 3854 a

1894 3881 2139 3953 principe
2177 3883 2299 3953 ejus
2334 3885 2414 3939 rei
2450 3894 2776 3954 potestatem
2825 3890 3122 3957 acceperit,
3176 3899 3290 3944 tum
3335 3891 3482 3958 quod

1892 3972 2153 4042 aequalem
2187 3973 2245 4027 in
2275 3987 2469 4030 omnes
2494 3972 2707 4045 legibus
2739 3977 3097 4031 constitutam
3119 3993 3339 4046 pennam
3363 3995 3482 4033 esse

1900 4064 2005 4119 sibi
2048 4068 2422 4136 persuaserit;
2457 4082 2520 4121 ac
2551 4068 2784 4137 denique
2822 4083 2918 4136 per
2958 4067 3284 4135 imperitiam
3318 4068 3482 4121 insci-

1894 4155 2136 4227 tiamque
2158 4173 2314 4213 suam
2348 4159 2439 4214 tali
2471 4160 2675 4224 scelere
2698 4157 2922 4213 exitium
2952 4157 3052 4212 sibi
3090 4170 3154 4211 ac
3184 4157 3477 4227 perniciem

1894 4228 2264 4314 consciverit,
2302 4250 2375 4304 ita
2418 4251 2582 4305 etiam
2622 4248 2720 4312 illi,
2764 4264 2888 4303 cum
2924 4248 3085 4303 simul
3121 4249 3302 4302 omnia
3356 4264 3479 4318 per-

2984 4351 3221 4405 cmnque
3283 4336 3478 4389 divina

219 4422 582 4492 διδασκαλίας,
625 4404 953 4503 ἐπὶ-ἑτέραν
991 4431 1177 4504 τρίϐον
1229 4404 1520 4503 σιραλεντες
1556 4436 1795 4509 ἐτράπη-

1910 4430 2203 4501 disciplinte
2235 4438 2491 4485 accurata
2524 4431 2837 4500 cognitione
2872 4435 3117 4489 careant,
3151 4427 3316 4499 496
3351 4428 3466 4480 alie-

223 4532 349 4570 σαν·
378 4521 477 4575 οὑκ
509 4521 730 4587 εἰδότες,
766 4525 854 4578 ὃτι
896 4523 1034 4595 αὕτη
1081 4527 1227 4581 ἐστὶν
1270 4530 1303 4600 ή
1344 4528 1439 4598 τῆς
1474 4527 1624 4593 θείας
1652 4529 1794 4600 Γρα-

223 4608 326 4678 φῆς
358 4614 651 4686 παράδοσις
684 4616 779 4669 καὶ
805 4615 1113 4672 ἀκολουθία.
1164 4662 1171 4663 κ

289 4880 360 4933 Δ’.
377 4880 458 4935 Τά
471 4888 580 4953 γὰρ
595 4882 676 4947 είς
705 4883 1005 4956 ἱερωσύνην
1024 4886 1395 4958 παραδοθέντα
1421 4887 1507 4942 διὰ
1526 4889 1588 4942 τὸ
1603 4887 1794 4961 ἐξοχώ-

222 4982 376 5053 τατον
401 4971 500 5040 τῆς
536 4973 844 5046 ἱερουργίας
862 4978 942 5040 εἰς
964 4976 1172 5039 πάντας
1191 4978 1449 5049 ἐνόμισαν
1480 4981 1611 5044 ἴσως
1633 4982 1794 5053 φέρε-

225 5049 360 5106 σθαι·
381 5056 700 5127 ἀκηκοότες,
716 5062 795 5113 ὅτι
817 5059 898 5114 δεῖ
914 5061 1004 5114 τὸν
1018 5060 1311 5115 ἐπίσκοπον
1334 5064 1694 5136 ἀνεπίληπτον
1717 5062 1794 5120 εἷ-

223 5158 330 5211 ναι,
354 5151 480 5218 μιᾶς
509 5151 764 5219 γυναικὸς
787 5153 972 5224 ἀνδρα,
1000 5153 1242 5225 ἐγκρατῆ
1261 5170 1273 5183 ·
1303 5152 1565 5219 ὡσαύτως
1588 5158 1685 5213 καὶ
1702 5158 1794 5214 τὸν

294 5302 309 5333 ⁸
337 5302 394 5359 F.
422 5309 578 5377 μετά.
628 5309 678 5341 ’⁵
713 5308 987 5379 διγάμοις.

297 5414 403 5493 (i2)
447 5415 619 5493 Οὗτοι
662 5419 744 5493 δὲΔ
770 5422 842 5493 οὐ
879 5421 1210 5493 ,ϐούλιξνται
1278 5421 1601 5493 διδαγμοῖς.
1656 5422 1784 5480 Cor.

225 5482 488 5561 διγάμοις.
518 5489 622 5545 Sed
654 5482 911 5560 religione
939 5490 1172 5561 quadam
1207 5482 1787 5550 inducti'com'muncm

229 5570 289 5633 ac
327 5556 673 5635 depravatam
716 5556 1011 5635 lectionem
1059 5561 1588 5635 reprtcsentavimus,
1642 5566 1788 5635 quod

222 5621 330 5695 jam
362 5621 581 5692 niinime
614 5629 928 5709 probamus.
970 5621 1238 5687 Caeteium
1285 5621 1615 5691 Novalianos
1658 5621 1786 5697 'cum

1901 4537 2031 4575 num
2070 4521 2123 4574 in
2157 4520 2429 4575 tramitem
2469 4536 2685 4575 summo
2713 4536 2900 4576 errore
2930 4518 3283 4574 deﬂexeruut.
3330 4518 3475 4572 istud

1897 4612 2044 4667 enim
2100 4626 2442 4682 nequaquam
2496 4613 2834 4675 discernunt,
2888 4612 3051 4666 talem
3101 4624 3224 4665 esse
3260 4611 3474 4679 qualem

1898 4700 2157 4765 diximus,
2193 4701 2246 4755 in
2287 4700 2589 4773 Scripturis
2635 4703 2809 4758 sacris
2853 4700 3071 4755 modum
3109 4713 3174 4754 ac
3208 4700 3471 4753 rationem

1896 4793 2290 4863 prtescriptam.
3245 4864 3257 4874 ⁸

1968 4884 2058 4940 ιν.
2101 4885 2157 4940 Si
2179 4883 2395 4955 quidem
2421 4900 2541 4955 quae
2567 4883 2871 4940 sacerdotio
2892 4890 3114 4953 propter
3139 4882 3469 4952 singularem

1899 4975 2198 5032 (unctionis
2231 4977 2379 5032 illius
2411 4976 2727 5046 dignitatem
2762 4974 3034 5044 praecipue
3066 4973 3268 5026 tributa
3317 4980 3469 5037 sunt,

1899 5084 1961 5124 ea
1991 5068 2056 5123 ad
2086 5084 2277 5124 omnes
2310 5070 2670 5125 communiter
2700 5066 2972 5138 pertinere
3025 5064 3292 5134 iudicant.
3335 5062 3467 5120 Illud

1901 5160 2119 5231 quidem
2138 5161 2453 5227 audierunt,
2467 5160 2781 5233 episcopum
2803 5157 3331 5226 irreprebensibilem
3348 5173 3469 5214 esse

1895 5424 2125 5496 digamis
2153 5420 2560 5496 communicare
2606 5420 2848 5496 noluisse
2890 5426 3088 5496 prteter
3119 5427 3370 5496 auctores
3401 5419 3462 5472 il-

1896 5489 1998 5554 los.
2028 5493 2121 5561 qui
2161 5490 2230 5547 de
2256 5491 2559 5546 haeresibus
2596 5492 2956 5561 scripserunt,
2986 5489 3144 5561 docet
3174 5490 3336 5561 etiam
3370 5502 3462 5541 ca-

1897 5510 1998 5554 tos,
2068 5510 2121 5547 ttt
2161 5510 2230 5547 ae
2256 5510 2559 5546 nareswus
2596 5510 2956 5561 scripserunt,
2986 5510 3144 5545 (locet
3174 5510 3336 5543 etiam
3370 5510 3459 5541 ca-

1897 5510 2070 5641 nong
2095 5562 2325 5641 Nicena:
2355 5561 2569 5641 synodi,
2598 5561 2690 5641 qui
2717 5561 2797 5641 de
2824 5558 3242 5641 reconciliandis
3285 5557 3459 5641 Nox:-

1897 5633 2061 5690 tianis
2091 5633 2270 5690 editus
2306 5624 2407 5689 est'.
2439 5624 2583 5688 idem
2614 5624 2671 5688 et
2716 5629 2969 5687 Socrates
2996 5630 3090 5684 lib.
3127 5643 3179 5693 ν,
3213 5640 3331 5697 cap.
3362 5624 3453 5683 22.
