3840 6062
356 193 493 249 ιοιδ
1738 188 1798 245 3.
1837 186 2179 245 EPIPHANII
2286 202 2317 217 ἐ
3484 183 3635 237 ΠΒ.

355 310 629 374 oportere,
659 305 824 363 unius
852 322 1041 364 uxoris
1066 323 1262 375 virum,
1295 304 1705 364 continentem‘
1735 323 1751 361 :
1777 305 1935 361 simi-

2068 305 2304 368 ιάκονον,
2334 302 2542 358 καὶτὸν
2570 302 2957 374 πρεσϐύτερον.
2980 298 3225 370 Καὶλγάρ
3250 296 3334 368 τῷ
3375 312 3478 366 μεν
3506 296 3625 349 om

356 395 475 450 liter
511 404 566 452 et
599 395 891 454 diaconum
915 411 969 454 et
986 401 1386 472 presbyterum.
1426 399 1505 454 Ita
1520 399 1665 455 enim
1686 398 1932 470 profecto

2068 394 2098 447 ὑ
2123 394 2337 465 δέχεται
2363 392 2426 447 τὸ
2451 393 2607 462 ἆγιον
2637 393 2732 446 τοῦ
2764 392 2902 447 Θεοῦ
2931 393 3194 463 κήρυγμα
3236 387 3380 461 μετά
3398 386 3501 458 τὴν
3523 386 3627 441 τοῦ

359 502 482 542 sese
504 503 592 543 res
625 489 822 555 habet,
857 500 916 543 ut
944 498 1069 560 post
1101 490 1308 545 Christi
1344 490 1401 545 in
1432 490 1618 545 orbem
1659 496 1931 545 terrarum

2068 483 2274 556 ἱριστοῦ
2307 485 2568 556 ὲνδημίαν
2597 486 2724 548 τοὺς
2752 483 2862 537 ἀπὸ
2890 482 3108 554 πρώτου
3134 482 3340 552 γάμου,
3361 479 3625 549 τελευτη-

358 577 672 641 adventum,
700 593 795 633 eos
816 594 1006 636 omnes
1032 580 1123 650 qui
1148 580 1447 637 secundum
1475 580 1686 649 priores
1710 578 1932 649 nuptias

358 675 574 719 mortua
626 680 796 722 uxore
834 667 990 722 alteri
1036 685 1157 726 sese
1197 669 1403 739 nuptiis
1451 668 1746 738 illigarint,
1795 681 1928 722 san-

362 756 606 811 ctissima
640 756 729 812 Dei
766 756 1058 829 disciplina
1086 759 1328 830 rejiciat:
1356 767 1644 831 propterea
1667 754 1814 829 quod
1844 758 1932 811 in-

361 845 639 901 credibilis
679 854 765 903 est
809 848 1102 904 sacerdotii
1143 850 1320 905 honor
1353 864 1419 903 ac
1454 848 1721 918 dignitas.
1756 847 1938 916 Atque

362 935 509 991 istud
559 937 739 1008 ipsum
788 950 1143 998 sacrosancta
1187 941 1283 999 Dei
1322 941 1570 997 Ecclesia
1619 954 1747 995 cum
1787 939 1938 993 omni

361 1028 676 1096 provisione
713 1031 1103 1104 diligentiaque
1133 1041 1336 1089 servat.
1367 1031 1511 1099 Quin
1533 1046 1657 1088 eum
1690 1031 1934 1100 insuper,

359 1123 457 1193 qui
502 1124 683 1181 adhuc
746 1126 804 1180 in
851 1128 1201 1181 matrimonio
1251 1124 1434 1195 degit,
1497 1138 1562 1179 ac
1610 1123 1795 1178 liberis
1847 1121 1941 1177 dat

361 1207 606 1283 Operam,
647 1218 865 1273 tametsi
912 1219 1073 1273 unius
1104 1217 1175 1274 sit
1214 1218 1405 1273 uxoris
1443 1217 1550 1282 vir,
1600 1229 1944 1287 nequaquam

363 1312 546 1359 tamen
587 1306 655 1359 ad
689 1307 930 1376 diaconi,
973 1308 1300 1379 presbyteri,
1335 1308 1600 1378 episcopi,
1634 1314 1730 1361 aut
1773 1306 1947 1377 hypo-

2031 576 2204 647 σάσης
2228 575 2329 646 τῆς
2361 575 2541 629 αὐτῶν
2559 574 2838 643 γυναικὸς,
2869 573 3108 644 δευτέρῳ
3129 572 3297 643 γάμῳ
3324 569 3628 640 συναφθέν-

2029 685 2129 732 τας
2149 666 2236 721 διὰ
2256 667 2318 719 τὸ
2344 665 2681 738 ὑπερϐάλλον
2708 667 2809 737 τῆς
2847 668 3015 737 τιμῆς
3033 666 3133 737 τῆς
3155 663 3481 736 ἱερωσύνης.
3514 660 3641 714 Kal:

2031 758 2203 813 ταῦτα
2242 758 2499 828 ἀσφαλῶς
2541 760 2576 829 ἠ
2619 756 2750 826 ἁγία
2798 756 2894 810 τοῦ
2946 756 3084 810 Θεοῦ
3126 753 3428 825 Ἐκκλησία
3488 751 3632 822 μετά

2032 849 2317 921 ἀκριϐείας
2337 848 2837 921 παραφυλάττεται.
2872 847 3036 900 Ἀλλά
3064 847 3160 900 καὶ
3182 846 3276 899 τὸν
3295 845 3377 897 ιτι
3406 842 3639 914 βιοῦντα

2035 939 2131 995 καὶ
2172 938 2614 1008 τεκνογονοῦντα,
2674 940 2802 1010 μιᾶς
2839 938 3097 1007 γυναικὸς
3133 937 3263 990 ὄντα
3316 935 3519 1006 ἄνδρα,
3565 934 3629 985 οὐ

2035 1033 2269 1104 δέχεται,
2300 1032 2436 1087 ἀλλὰ
2481 1032 2591 1086 ἀπὸ
2633 1034 2763 1103 μιᾶς
2810 1030 3321 1102 ὲγκρατευσάμενον
3355 1027 3390 1097 ἢ
3431 1026 3634 1097 χηρεύ-

2041 1142 2230 1189 σαντα,
2256 1124 2501 1178 διάκονόν
2539 1140 2600 1176 τε
2625 1124 2720 1177 καὶ
2764 1121 3155 1193 πρεσϐύτερον,
3188 1120 3283 1173 καὶ
3307 1118 3637 1180 ἐπίσκοπον,

2041 1215 2411 1279 υποδιάκονον,
2440 1214 2678 1285 μάλιστα
2700 1213 2833 1267 ὅπου
2856 1212 3103 1285 ἀκριϐεῖς
3126 1210 3354 1272 κανόνες
3371 1211 3422 1262 οἱ
3443 1206 3637 1275 ὲκκληο

2046 1303 2333 1359 σιαστικοί.

362 1396 579 1453 diaconi
626 1400 872 1456 ordinem
905 1401 1163 1455 admittit.
1201 1400 1313 1456 Sed
1344 1416 1471 1456 eum
1503 1399 1806 1464 duntaxat,
1836 1398 1930 1469 qui
1969 1398 2040 1453 ab
2067 1398 2232 1453 unius
2265 1395 2454 1453 uxoris
2486 1394 2886 1452 consuetudine
2952 1407 3076 1448 sese
3131 1390 3496 1455 continuerit,
3537 1397 3634 1442 aut

362 1502 423 1543 ea
454 1490 525 1545 sit
550 1492 775 1547 orbatus
804 1512 818 1547 :
853 1493 999 1563 quod
1033 1495 1088 1549 in
1115 1495 1223 1551 illis
1249 1495 1385 1549 locis
1410 1495 1682 1566 praecipue
1715 1495 1795 1559 lit,
1822 1493 1917 1548 ubi
1952 1492 2316 1550 ecclesiastici
2343 1498 2583 1547 canones
2620 1498 2876 1547 accurate
2907 1495 3218 1545 servantur.

430 1580 500 1636 At
526 1584 674 1638 enim
707 1586 987 1642 nonnullis
1044 1587 1226 1643 adhuc
1283 1586 1361 1641 in‘
1402 1588 1540 1643 locis
1604 1584 1930 1658 presbyteri,

2124 1583 2285 1638 Ἀλλά
2316 1584 2532 1647 πάντως
2560 1585 2707 1656 ἐρεῖς
2743 1599 2854 1653 μοι,
2886 1581 2943 1634 ἐν
2971 1598 3082 1634 τισι
3127 1580 3316 1641 τόποις
3343 1577 3425 1630 ἔτι
3452 1595 3637 1631 τεκνο-

362 1671 579 1728 diaconi
614 1684 669 1730 et
693 1676 1051 1749 hypodiacoui
1090 1680 1292 1734 liberos
1325 1679 1674 1748 suscipiunt:
1714 1692 1945 1747 respon-

2068 1679 2226 1747 τονεϊν
2259 1675 2684 1747 πρεσϐυτέρους,
2717 1674 2814 1728 καὶ¹
2854 1673 3154 1735 διακόνους,
3202 1670 3299 1724 καὶ
3353 1670 3637 1723 ὑποδιακόι

363 1764 487 1830 deo,
536 1781 647 1821 non
702 1768 837 1823 illud
889 1785 958 1824 ex
1006 1771 1237 1827 canonis
1283 1771 1609 1827 auctoritate
1654 1769 1768 1824 ﬁeri
1795 1807 1810 1830 ,
1849 1766 1947 1823 sed

365 1868 587 1928 propter
616 1860 897 1916 hominum
935 1863 1226 1933 ignaviam,
1267 1879 1388 1933 quae
1415 1862 1583 1918 certis
1607 1861 1945 1932 temporibus

367 1951 703 2020 negligenter
753 1968 912 2023 agere
962 1969 1027 2008 ac
1072 1954 1366 2010 connivere
1415 1954 1572 2017 solet,
1607 1953 1678 2007 ob
1723 1951 1945 2005 nimiam

366 2042 552 2110 pepuli
604 2043 1042 2110 multitudinem,
1093 2060 1218 2099 cum
1266 2044 1477 2101 scilicet
1517 2044 1611 2114 qui
1658 2041 1726 2096 ad
1767 2057 1862 2096 eas
1889 2057 1949 2096 se

366 2131 679 2190 functiones
711 2136 985 2205 applicent
1008 2153 1117 2192 non
1169 2136 1329 2192 facile
1377 2136 1745 2205 reperiuntur.
1790 2134 1947 2200 Quod

368 2224 435 2277 azl
469 2225 643 2293 ipsam
691 2226 910 2295 quidem
966 2226 1262 2283 Ecclesiam
1294 2228 1520 2291 attinet,
1564 2240 1649 2290 ea,
1697 2233 1884 2293 utpote
1917 2238 1948 2278 a

369 2322 561 2369 sancto
584 2314 790 2385 Spiritu
816 2317 952 2373 bene
974 2319 1225 2373 ordinata
1259 2326 1420 2389 atque
1439 2318 1761 2381 constituta,
1792 2316 1937 2387 quod

367 2402 652 2461 decentius
685 2415 770 2462 est
814 2410 1071 2464 omnibus
1102 2411 1156 2464 in
1185 2411 1348 2467 rebus
1378 2411 1760 2475 considerans,
1788 2409 1837 2463 ei
1869 2409 1947 2463 rei

369 2494 590 2550 studere
613 2496 958 2565 potissimum
983 2500 1252 2566 instituit,
1283 2509 1342 2555 ut
1368 2516 1490 2571 quat
1520 2501 1707 2563 divino
1732 2500 1944 2554 numini

372 2586 678 2643 ministeria
711 2600 1062 2660 praestantur,
1095 2594 1245 2647 nulla
1279 2610 1358 2660 re,
1390 2592 1570 2662 quoad
1602 2592 1718 2648 ﬁeri
1750 2574 1947 2664 potest,

370 2676 777 2744 distrahantur,
816 2690 978 2751 atque
1019 2684 1285 2754 spiritalia
1337 2684 1521 2738 omnia
1571 2683 1746 2738 ollicia
1786 2698 1948 2753 quam

373 2768 578 2837 optima
635 2770 1030 2842 laatissimaque
1092 2775 1429 2830 conscientia
1493 2784 1771 2846 gerantur.
1837 2775 1951 2830 Hoc

375 2860 546 2927 igitur
582 2862 708 2916 dlco
736 2874 960 2934 propter
985 2865 1198 2921 subitas
1237 2867 1549 2923 functiones
1579 2876 1742 2937 atque
1775 2866 1950 2920 olIicia

374 2952 689 3015 convenire,
743 2963 801 3006 ut
832 2956 1116 3027 presbyter
1149 2970 1213 3010 ac
1244 2958 1532 3023 diaconus,
1568 2968 1621 3013 et
1658 2958 1950 3028 episc0pus

2051 1787 2193 1833 νους.
2223 1768 2394 1822 Τοῦτο
2413 1768 2475 1821 οὐ
2507 1766 2661 1837 παρὰ
2686 1766 2779 1820 τὸν
2812 1764 3034 1827 κανόνα,
3059 1763 3198 1819 ἀλλά
3234 1762 3391 1834 παρά
3409 1762 3510 1832 τὴν
3532 1760 3636 1813 τῶν

2050 1857 2354 1930 ἀνθρώπων
2402 1856 2546 1911 κατά
2598 1856 2788 1929 καιρὸν
2833 1855 3229 1928 ρᾳθυμήσασαν
3262 1854 3525 1915 διάνοιαν,
3549 1852 3637 1904 καὶ

2049 1951 2143 2005 τοῦ
2175 1950 2410 2023 πλήθους
2436 1951 2642 2016 ἕνεκεν,
2682 1952 2756 2022 μὴ
2791 1948 3188 2020 εὑρισκομένης
3214 1945 3545 2016 ὑπηρεσίας.
3568 1942 3637 1995 Τδ

2053 2037 2500 2109 πρεπωδέστερον
2551 2038 2663 2107 γάρ
2715 2038 2802 2091 ἀεὶ
2840 2040 2875 2110 ἡ
2923 2037 3219 2108 Ἐκκλησία
3257 2035 3468 2106 ὁρῶσα,
3507 2034 3637 2103 ἁγίῳ

2052 2128 2328 2199 Πνεύματι
2368 2126 2428 2182 εὖ
2467 2130 2848 2199 διαταχθεῖσα,
2880 2129 3020 2198 ἔγνω
3050 2129 3499 2198 ἀπερισπάστους
3529 2122 3638 2193 Θεῷ

2050 2216 2152 2280 τὰς
2181 2217 2437 2288 λατρείας
2465 2217 2830 2271 ἐπιτελεῖσθαι
2880 2217 3217 2281 σπουδάζειν,
3247 2216 3345 2269 καὶ
3383 2214 3454 2268 τά
3492 2231 3639 2267 πνευο

2056 2306 2261 2378 ματικά
2293 2307 2402 2360 τῶν
2445 2307 2644 2378 χρειῶν
2675 2306 2813 2378 μετὰ
2856 2307 3037 2377 πάσης
3062 2306 3431 2375 εὐνουστάτης
3472 2319 3638 2356 συνειο

2052 2401 2261 2472 δήσεως
2276 2399 2636 2453 τελειοῦσθαι.
2666 2401 2814 2470 Φημὶ
2835 2400 2912 2464 δὲ,
2941 2400 3023 2452 ὅτι
3045 2398 3253 2470 πρέπον
3287 2398 3407 2450 ἐστὶ
3438 2396 3525 2449 sta:
3550 2395 3638 2456 τὰς

2053 2493 2312 2563 ἐξαπίνης
2343 2490 2688 2564 λειτουργίας
2719 2492 2812 2545 καὶ
2844 2495 3034 2563 χρείας
3080 2489 3364 2560 σχολάζειν
3387 2488 3482 2541 τὸν
3518 2503 3640 2559 πρε-

2055 2582 2337 2653 σϐύτερον,
2366 2582 2463 2635 καὶ
2505 2582 2771 2645 διάκονον,
2815 2583 2907 2635 καὶ
2948 2580 3244 2632 ἐπίσκοπον
3271 2577 3417 2647 Θεῷ.
3452 2578 3516 2631 El
3540 2575 3642 2646 γὰρ

2054 2676 2148 2729 καὶ
2184 2678 2299 2737 τοῖς
2339 2674 2446 2728 ἀπὸ
2474 2672 2566 2727 τοῦ
2604 2673 2732 2727 λαοῦ
2757 2674 3087 2746 προστάσσει
3121 2673 3150 2724 ὁ
3190 2674 3344 2740 ἅγιος
3391 2669 3639 2723 ’Δπόστοο

2052 2765 2141 2828 λος
2154 2766 2349 2834 λέγων,
2379 2764 2516 2819 vlva
2548 2765 2697 2832 πρὸς
2736 2764 2942 2832 καιρὸν
2969 2763 3322 2832 σχολάσωσι
3353 2760 3430 2829 τῇ
3456 2758 3657 2829 εὐχῇ.

2053 2857 2205 2927 πόσῳ
2241 2872 2305 2922 γε
2340 2856 2539 2926 μᾶλλον
2580 2854 2659 2926 τῷ
2714 2857 2848 2927 ἱερεῖ
2889 2855 2948 2908 τὸ
2993 2856 3125 2909 αὐτὸ
3164 2854 3528 2926 «ponticam;
3570 2852 3643 2905 Τὸ

2057 2949 2469 3020 ἀπερίσπαστον
2500 2948 2557 3001 δὲ
2595 2948 2760 3017 λέγω,
2799 2949 2879 3011 είς
2917 2949 2981 3001 τὸ
3031 2947 3312 3018 σχολάζειν
3351 2946 3491 2999 κατά
3510 2944 3643 2998 Θεὸν

378 3041 488 3096 Ι)ρο
517 3044 733 3113 penitus
768 3054 942 3101 vat-et.
980 3026 1112 3099 Nam
1144 3047 1190 3102 si
1218 3049 1327 3103 illis
1360 3049 1549 3116 etiam,
1583 3026 1727 3120 quie
1756 3026 1955 3121 populo

2068 3040 2118 3093 ὲν
2169 3042 2291 3102 ταῖς
2344 3040 2556 3109 χρείαις
2615 3042 2737 3101 ταῖς
2798 3041 3197 3108 πνευματικαῖς
3255 3037 3646 3108 τελεσιουργη-

377 3141 537 3196 sunt,
574 3131 626 3185 id
654 3134 831 3202 ipsum
862 3132 1158 3203 Apostolus
1196 3137 1443 3207 praecipit
1473 3154 1486 3190 :
1513 3136 1614 3201 Ut,
1649 3137 1855 3205 inquit,
1886 3137 1955 3187 ad

379 3237 577 3291 tentpus
614 3234 791 3277 vacent
823 3216 1051 3279 orationi
1085 3229 1126 3290 ³,
1155 3236 1363 3296 quanto
1393 3229 1445 3282 id
1476 3229 1650 3296 magis
1682 3227 1957 3281 sacerdoti

380 3314 751 3383 praescripsit?
794 3314 1058 3369 Nimirum
1092 3318 1257 3371 nullis
1287 3326 1344 3371 ut
1386 3318 1790 3386 impedimentis
1826 3331 1958 3370 avo-

378 3415 556 3467 cetur,
586 3421 694 3474 quo
711 3406 763 3458 in
779 3407 1156 3473 spiritualibus
1174 3408 1476 3462 secundum
1496 3408 1661 3461 Deum
1687 3408 1921 3477 negotiis
1936 3449 1951 3471 ,

382 3495 437 3547 in
471 3495 591 3563 ipso
626 3490 725 3549 usu
783 3497 1077 3551 sacerdotii
1102 3497 1684 3567 administrationeque
1711 3496 1957 3554 ferietur.

382 3585 651 3637 Caeterum
705 3585 759 3636 iu
811 3586 1045 3653 pupulo,
1082 3598 1304 3658 propter
1341 3589 1459 3656 eius
1494 3590 1917 3645 imbecillitatem
1940 3630 1955 3655 ,

385 3674 606 3729 tolerari
641 3672 787 3729 istud
833 3682 1043 3743 potest,
1088 3688 1149 3732 ut
1186 3680 1279 3749 qui
1309 3695 1478 3736 uxore
1508 3682 1680 3750 prima
1715 3684 1956 3737 contenti

384 3782 508 3823 esse
541 3783 649 3823 non
679 3766 929 3836 possint,
962 3768 1126 3841 497
1151 3786 1216 3827 ea
1251 3781 1465 3827 mortua
1510 3773 1957 3830 secundam.sibi

2068 3134 2200 3203 μένῃ
2256 3132 2276 3163 ³
2328 3131 2614 3203 ἱερωσύνῃ.
2673 3131 2892 3196 Ἔξεστι
2955 3132 3011 3184 δὲ
3068 3131 3148 3201 τῷ
3195 3128 3313 3200 λαῷ
3357 3130 3427 3183 δι’
3487 3128 3642 3182 ἀσθέ-

2064 3242 2212 3280 νειαν
2251 3222 2747 3288 διαϐαστάζεσθαι,
2805 3224 2899 3276 καὶ
2946 3221 3021 3293 μὴ
3069 3220 3402 3292 δυνηθέντας
3458 3221 3548 3273 ἐπὶ
3583 3221 3641 3289 τῇ

2066 3317 2257 3389 πρώτῃ
2306 3319 2522 3387 γαμετῇ
2566 3315 2772 3385 στῆναι,
2819 3313 3049 3385 δευτέρα
3096 3313 3236 3384 μετὰ
3282 3312 3513 3367 θάνατον
3554 3311 3645 3380 τῆς

2067 3409 2292 3479 πρώτης
2341 3407 2699 3477 συναψθῆναι.
2750 3408 2861 3460 Καὶ
2896 3409 2926 3459 ὁ
2978 3406 3076 3476 μὲν
3121 3407 3250 3477 μίαν
3280 3405 3551 3477 ’ἐσχηκὼς
3594 3405 3643 3455 ὲν

2065 3500 2271 3569 ἐπαίνῳ
2297 3498 2501 3569 μείζονι
2528 3500 2622 3553 καί
2657 3501 2791 3569 τιμῇ
2839 3498 2989 3569 παρὰ
3021 3500 3187 3552 πᾶσιν
3219 3497 3642 3568 ὲκκλησιαζομέ·

2064 3608 2174 3654 νοις
2208 3590 2504 3661 ἐνυπάρχει
2529 3605 2543 3620 ·
2588 3590 2617 3641 ὁ
2655 3589 2713 3641 δὲ
2756 3589 2830 3659 μὴ
2875 3588 3210 3659 δυνηθεὶςτῇ
3258 3589 3359 3657 μιᾷ
3387 3586 3645 3658 ἀρκεσθῆ-

2063 3701 2152 3738 ναι
2184 3683 2294 3753 (ίῦ)
2317 3683 2687 3753 τελευτησάσῃ
2715 3684 2737 3713 ⁸
2763 3681 2953 3734 ἕνεκέν
2988 3698 3133 3745 τινος
3158 3681 3510 3751 προφάσεως,
3529 3695 3647 3749 mp-

2067 3774 2236 3838 νείας,
2265 3772 2299 3843 ἢ
2330 3772 2592 3845 μοιχείας,
2620 3773 2653 3845 ἢ
2689 3773 2867 3843 κακῆς
2893 3772 3072 3836 αἰτίας
3105 3771 3390 3843 χωρισμοῦ
3429 3771 3642 3842 γενομέι

460 3929 474 3959 ¹
510 3928 525 3981 l
557 3926 699 3983 Tim.
730 3945 814 3999 ιιι,
836 3930 891 3987 2.
957 3931 981 3961 ¹
1008 3927 1180 3985 lCor.
1204 3944 1303 3997 vn,
1344 3930 1397 3985 5.
1475 3929 1659 4001 'Lego
1685 3929 1957 4002 τελεσιουρ

2071 3930 2227 4001 μένῃ.
2299 3929 2322 3961 ⁸
2349 3928 2616 4000 Suspecta
2648 3928 2783 3984 mihi
2814 3929 2919 3983 loci
2957 3928 3123 3998 hujus
3156 3929 3454 4002 integritas
3483 3935 3583 3982 est.

464 4089 575 4159 (1'5)
624 4089 689 4142 '0
733 4088 801 4143 δὲ
841 4088 926 4158 μὴ
966 4088 1254 4159 ,δυνηθεὶς
1299 4088 1375 4156 τῇ
1420 4088 1529 4157 μιᾷ
1573 4087 1967 4158 ἀρκεσθῆναι.

395 4158 730 4229 Depravatus
780 4160 899 4213 sine
945 4158 1110 4213 dubio
1156 4161 1259 4213 iste
1312 4159 1467 4213 locus
1511 4171 1612 4212 est.
1664 4162 1795 4212 t\am
1848 4174 1970 4229 quae

396 4230 638 4299 proxime
677 4238 1001 4297 sequuntur,
1037 4229 1316 4283 evidenter
1340 4229 1718 4299 demonstrant
1757 4229 1808 4282 id
1843 4229 1969 4299 Epi-

2076 4104 2308 4159 rumque
2339 4087 2445 4159 PP.
2482 4089 2751 4144 sententia
2784 4086 2909 4142 fuit.
2959 4088 3004 4159 Α
3033 4102 3141 4158 qua
3175 4088 3397 4159 tametsi
3435 4085 3648 4159 nonnul-

2076 4155 2251 4214 lorum
2296 4158 2400 4214 PP.
2446 4161 2800 4213 auctoritates
2853 4173 2916 4211 ac
2966 4155 3183 4211 decreta
3242 4157 3540 4210 abhorrere
3580 4155 3647 4207 vi-

2074 4229 2332 4291 deantur,
2375 4244 2497 4299 qua:
2533 4231 2675 4297 apud
2716 4226 3036 4281 Gratianum
3082 4236 3235 4299 parte
3267 4243 3325 4287 ιι,
3369 4241 3539 4280 causa
3564 4224 3644 4299 δῇ,

396 4291 654 4368 ᾖδιιιιιιίιιιιι
706 4291 872 4369 velle:
930 4300 1095 4352 licere
1144 4314 1252 4353 non
1316 4298 1476 4353 modo
1538 4307 1659 4368 post
1720 4291 1973 4367 conjugis
2002 4291 2048 4351 D
2076 4308 2268 4369 quaest.
2308 4299 2359 4363 7,
2391 4291 2924 4362 hunnéunorantur;
2968 4305 3025 4352 et
3070 4291 3367 4365 Cajetanus
3412 4312 3536 4350 cum
3564 4296 3644 4347 ali-

402 4380 652 4432 mortem,
705 4368 797 4421 sed
848 4383 914 4439 eo
958 4384 1174 4437 quoque
1208 4370 1518 4439 superstite,
1556 4370 1599 4424 si
1642 4385 1807 4424 causa
1850 4370 1972 4439 legi-

400 4439 530 4508 tima
564 4440 845 4507 quaepiam.
877 4438 1289 4508 intercesserit,
1317 4440 1516 4493 alteras
1556 4440 1695 4494 inire
1725 4440 1969 4508 nuptias.

401 4507 533 4560 Nam
583 4509 627 4564 si
663 4509 732 4563 de
774 4507 1035 4580 Secundis
1065 4510 1327 4580 duntaxat
1353 4518 1473 4580 post
1504 4518 1731 4564 mortem
1768 4507 1970 4580 ageret,

400 4592 663 4661 quorsum
715 4581 827 4632 haec
880 4578 1162 4661 adiiceret,
1217 4578 1401 4661 ἕνεκέν
1448 4596 1592 4661 τινος
1647 4578 1973 4661 προφάσειυς

404 4649 679 4719 πορνείας,
707 4658 837 4711 etc.,
875 4649 937 4702 ob
965 4649 1198 4719 aliquam
1229 4651 1417 4717 stupri,
1453 4649 1723 4713 adulterii,
1755 4650 1831 4703 vel
1851 4650 1975 4702 alte-

404 4716 515 4771 rius
543 4719 736 4786 ﬂagitii
769 4721 1037 4774 causam?
1069 4716 1205 4771 Tum
1240 4722 1289 4771 id
1316 4716 1527 4772 clarius
1566 4719 1818 4783 subinde,
1850 4734 1972 4773 cum

402 4788 557 4862 dicit,
579 4788 691 4841 ἀλλ’
719 4788 839 4862 arto,
862 4791 989 4858 μιᾶς
1018 4788 1363 4862 ἀποσχεθεὶς,
1386 4789 1631 4862 δευτέρᾳ,
1655 4790 1703 4842 εί
1738 4788 1971 4862 τύχοιεν,

401 4858 552 4929 νόμῳ
602 4857 957 4929 συναφθῆναι.
1006 4857 1273 4929 Quocirca
1321 4875 1427 4913 non
1476 4857 1684 4917 dubito.
1716 4857 1845 4928 quin
1901 4859 1975 4912 ita

405 4931 780 5002 corrigendum
813 4928 904 5002 sit,
939 4928 1530 5002 τελευτησάσῃ,ἱνεκέν
1558 4947 1721 4992 τινος,
1748 4938 1878 4990 etc.,
1919 4938 1977 4982 ut

406 4999 513 5053 duo
544 5003 655 5054 sint
693 5000 940 5070 digumia:
966 4999 1162 5069 genera
1193 5018 1206 5054 :
1245 4999 1476 5069 primum
1529 5016 1695 5053 uxore
1722 5006 1971 5070 mortua;

410 5070 729 5133 secundum,
755 5067 885 5140 post
920 5067 1432 5140 divortimu,’altera
1465 5071 1566 5124 sibi
1597 5070 1865 5139 copulata.
1902 5067 1976 5121 Ita

410 5141 628 5210 quidem
671 5138 1027 5210 Epiphanius.
1067 5138 1171 5195 Sed
1207 5147 1266 5193 ut
1314 5141 1420 5193 illis
1463 5138 1804 5210 temporibus
1848 5142 1984 5192 nou-

411 5207 537 5261 dum
573 5225 635 5263 ea
679 5207 788 5264 res
826 5212 894 5264 ab
946 5210 1189 5265 Ecclesia
1248 5208 1464 5264 definita
1512 5207 1737 5271 prorsus
1790 5208 1975 5270 fuerit,

411 5277 573 5332 hodie
599 5288 800 5349 talium,
848 5281 1259 5348 prazsertimque
1305 5288 1429 5349 post
1476 5281 1678 5335 editum
1724 5296 1754 5333 a
1801 5293 1981 5333 sacro-

415 5356 603 5420 sancta
637 5343 955 5402 Trideniina
1004 5343 1214 5420 synodo
1258 5343 1541 5416 canonem,
1583 5351 1742 5405 aliter
1776 5348 1979 5403 sentire

415 5415 588 5490 nefas,
622 5431 793 5490 quam
828 5415 1319 5490 superstitepriori
1363 5421 1614 5490 conjuge,
1661 5421 1824 5474 etiam
1858 5424 1981 5488 post

415 5487 711 5571 trgitimum
743 5486 1069 5571 divortium,
1096 5486 1285 5571 alteris
1328 5486 1572 5571 copulari
1612 5489 1817 5570 nuptiis
1845 5486 1980 5571 riuu-

412 5555 572 5627 qoum
624 5557 805 5612 licere.
859 5555 989 5621 Qua:
1022 5564 1075 5612 ct
1127 5555 1439 5629 Augustini,
1474 5555 1809 5631 Hieronymi,
1842 5556 1978 5612 alio-

2072 4380 2207 4440 quot
2240 4369 2637 4440 recentioribus
2667 4370 2936 4438 theologis
2967 4379 3301 4440 contrariam
3350 4370 3408 4440 in
3449 4374 3655 4440 senten—

2075 4437 2203 4494 tiam
2256 4438 2591 4499 discesserit,
2624 4440 2783 4508 longe
2836 4437 3015 4508 potior
3064 4447 3148 4492 est
3202 4437 3306 4508 Ecc
3330 4438 3463 4508 4:,le
3488 4437 3648 4508 totius

2071 4526 2175 4565 vox
2202 4520 2255 4564 et
2286 4510 2602 4571 consensio,
2625 4506 2746 4578 quae
2774 4506 2912 4563 sess.
2930 4508 3022 4570 ει,
3049 4523 3173 4562 can.
3208 4507 3237 4560 7
3269 4523 3299 4558 a
3329 4506 3649 4561 Tridentino

2074 4595 2340 4636 consessu
2373 4577 2719 4650 proponitur.
2749 4577 2920 4633 Porro
2942 4580 3089 4650 inter
3116 4587 3360 4633 veterum
3409 4585 3649 4650 testiumr

2076 4651 2189 4711 nia,
2209 4648 2410 4720 quibus
2435 4657 2558 4719 post
2582 4648 2881 4720 legitimum
2904 4648 3031 4720 illud
3060 4648 3355 4720 divortium
3392 4648 3651 4715 permissa

2077 4716 2460 4775 innocentibus
2494 4719 2823 4788 corijugibus
2878 4719 3223 4772 matrimonia
3254 4716 3533 4779 videntur,
3566 4730 3652 4788 Are-

2079 4791 2208 4845 ferri
2237 4798 2414 4859 potest
2446 4784 2764 4859 Arelatense
2787 4789 3022 4858 primum
3059 4788 3354 4859 concilium
3387 4802 3512 4859 can.
3559 4784 3651 4859 1οξ

2076 4862 2168 4931 qui
2205 4854 2293 4914 hic
2326 4860 2503 4915 obiter
2531 4854 2902 4931 emendandus
2929 4866 3032 4931 est.
3074 4857 3149 4931 De
3189 4858 3293 4931 his,
3328 4856 3539 4931 inquit,
3564 4854 3653 4931 qui

2077 4923 2488 5001 conjugessuas
2538 4930 2591 4982 in
2632 4928 2908 5001 adulterio
2957 4923 3452 5001 deprehendunt._ct
3502 4923 3651 5001 iidem

2077 4994 2198 5055 sunt
2228 4994 2578 5054 adolescentes
2609 4998 2811 5067 ﬁdeles,
2836 5010 2885 5052 et
2917 4994 3257 5068 prohibentur
3297 4996 3507 5068 nubere.
3542 4994 3655 5064 pla-

2079 5072 2186 5124 cuit
2215 5079 2291 5127 ut,
2328 5072 2380 5123 in
2423 5066 2677 5138 quantum
2707 5066 2925 5136 potest
2951 5068 3233 5122 consilium
3267 5068 3342 5119 eis
3377 5066 3553 5138 detur,
3596 5077 3655 5138 ιιι

2079 5140 2369 5195 viventibus
2403 5134 2658 5192 uxoribus
2690 5134 2824 5198 suis,
2855 5140 2970 5192 licet
3003 5139 3287 5201 adulteris,
3337 5136 3477 5189 alias
3523 5134 3657 5186 acci-

2078 5211 2247 5279 piant.
2286 5209 2387 5264 Ubi
2421 5209 2760 5279 negationeui
2790 5211 3001 5268 deesse,
3034 5211 3455 5279 legendumque.
3486 5214 3539 5279 at
3558 5218 3657 5255 non

2078 5275 2420 5348 prohibentur
2462 5275 2650 5332 nubere
2679 5287 2968 5334 contextus
2987 5275 3112 5347 ipse
3131 5278 3402 5331 orationis
3430 5275 3653 5348 indicat.

2081 5344 2215 5405 Nam
2243 5352 2288 5406 si
2319 5350 2675 5421 prohibentur
2704 5350 2929 5421 nubere,
2957 5344 3066 5401 non
3097 5349 3417 5421 consilium_
3541 5344 3657 5421 illos

2082 5411 2453 5543 (Foercendos,
2515 5419 2608 5475 sed
2667 5411 2924 5489 praecepti
2988 5420 3301 5474 necessitas
3355 5411 3655 5470 adhibenda

2109 5502 2278 5543 uerat.

2109 5502 2278 5547 uerat.
