3948 6068
294 275 438 342 1'02’5

949 285 1314 344 ADVERSUS
1357 242 1700 346 diseases
1738 288 1864 347 LIB.

2006 289 2170 347 TOM.
2208 289 2247 346 1.
2286 322 2354 332 -
2387 290 2662 347 liAERES.
2705 291 2839 348 LIX.

3409 295 3547 350 1026

291 420 409 465 νου,
456 400 796 470 συναφθέντα
844 402 1071 475 δευτέρᾳ
1113 405 1352 472 γυναικὶ,
1387 405 1420 476 ἢ
1464 406 1598 479 γυνὴ
1639 407 1864 479 δευτέρῳ

1977 407 2253 478 copulent.
2318 392 2640 477 Quanquam
2688 406 2780 476 qui
2821 420 2981 460 unam
3017 404 3283 461 duntaxat
3319 406 3540 472 habuit,

292 490 468 563 ἀνδρὶ,
490 491 590 545 οὐκ
616 493 852 547 αἰτιᾶται
885 496 913 547 6
934 493 1073 558 Θείος
1104 495 1280 564 λόγος,
1306 497 1428 552 οὐδὲ
1468 499 1576 553 ἀπὸ
1602 500 1702 570 τῆς
1747 500 1867 554 Ἑκ-

292 582 521 652 κλησίας
547 582 641 635 καὶ
676 583 774 654 τῆς
805 582 952 654 ζωῆς
991 586 1377 658 ἀποκηρύττει,
1404 589 1538 643 ἀλλὰ
1575 590 1866 645 διαϐαστά-

291 672 374 737 {et
395 673 482 727 διὰ
508 674 569 728 τὸ
595 673 850 738 ἀσθενές·
883 678 983 747 οὐχ
1013 679 1099 731 ἵνα
1125 678 1219 733 δύο
1245 684 1507 748 γυναῖκας
1533 683 1626 736 ἐπὶ
1648 684 1709 736 τὸ
1737 684 1868 738 αὐτὸ

293 768 395 836 σ’χῇ
431 765 510 818 ἔτι
542 766 833 838 περιούσης
863 768 964 838 τῆς
998 771 1145 840 μιᾶς,
1181 770 1294 824 ἀλλ’
1327 772 1434 825 ἀπὸ
1476 775 1604 842 μιᾶς
1640 776 1870 844 ἀποσχε-

292 855 427 920 (ts-te,
461 857 710 929 δευτέρᾳ,
745 860 794 911 εἰ
838 859 1077 929 τύχοιεν,
1118 861 1267 932 νόμῳ
1302 864 1657 934 συναφθῆναι.
1700 864 1869 920 Ἐλεεῖ

288 940 478 994 τοῦτον
507 943 535 994 ό
578 944 729 1011 ἅγιος
763 943 918 1013 λόγος
956 945 1051 1000 καὶ
1095 948 1128 1018 ἡ
1178 948 1308 1016 ἁγία
1358 949 1491 1004 Θεοῦ
1537 952 1860 1024 Ἐκκλησία·

293 1028 528 1099 μάλιστα
561 1032 609 1083 ει
636 1032 892 1101 τυγχάνει
913 1035 941 1086 6
972 1033 1208 1098 τοιοῦτος
1236 1035 1305 1088 τὰ
1331 1036 1466 1091 ἄλλα
1493 1038 1746 1111 εὐλαϐὴς,
1771 1041 1865 1095 καὶ

290 1116 433 1169 κατά
480 1116 641 1187 νόμον
694 1119 827 1172 Θεοῦ
879 1120 1305 1191 πολιτευόμενος.
1340 1124 1449 1176 Καὶ
1499 1125 1607 1197 γὰρ
1647 1128 1747 1181 οὐκ
1797 1129 1863 1181 ἂν

289 1209 472 1276 ἔλεγεν
499 1211 528 1261 6
574 1210 892 1275 Ἀπόστολος
927 1215 1039 1278 ταῖς
1069 1216 1289 1284 χήραις⁸
1327 1216 1733 1284 Γαμείτωσαν,
1769 1236 1864 1273 τε-

287 1302 781 1368 κνογονείτωσαν,
835 1303 1476 1359 οὶκοδεσποτείτωσαν·
1528 1308 1650 1362 οὐδὲ
1703 1309 1863 1365 πάλιν

288 1392 438 1460 ἔλεγε
468 1392 544 1463 τῷ
586 1394 738 1465 ἀνδρὶ
764 1394 841 1464 τῷ
884 1394 982 1467 τὴν
1017 1400 1246 1464 γυναῖκα
1288 1399 1380 1454 τοῦ
1428 1399 1632 1470 πατρὸς
1664 1399 1859 1470 ἔχοντι,

288 1484 385 1536 καὶ
411 1482 803 1551 παραδοθὲν-τι
841 1484 920 1550 τῷ
939 1486 1175 1554 Σατανᾷ
1205 1490 1293 1554 εις
1325 1489 1573 1559 ὄλεθρον
1598 1495 1824 1559 σαρκός
1844 1506 1859 1522 ⁸

290 1575 425 1627 Ἵνα
454 1573 521 1635 τὸ
551 1572 787 1642 πνεῦμα
822 1573 987 1643 σωθῇ
1019 1575 1089 1628 ἐν
1123 1577 1199 1646 τῇ
1242 1577 1428 1647 ἡμέρᾳ
1468 1580 1574 1634 τοῦ
1608 1582 1856 1648 Κυρίου·

285 1663 388 1715 οὐκ
432 1662 585 1731 ἔλεγε
633 1664 822 1716 πάλιν
877 1664 1193 1732 Κυρώσατε
1235 1672 1323 1734 εὶς
1375 1672 1562 1724 αὑτὸν
1596 1671 1857 1742 ἀγάπην,

1969 500 2164 566 majori
2195 498 2453 553 Ecclesia:
2481 497 2689 567 judicio
2726 499 2933 554 lienore
2961 497 3162 567 dignus
3184 506 3286 553 est.
3311 496 3417 552 Sed
3439 499 3528 553 cui

1967 598 2182 645 mortua
2239 604 2348 644 una
2407 605 2515 643 non
2563 587 2782 653 suﬁicit,
2838 604 2961 642 cum
3014 589 3306 644 occasione
3361 589 3544 658 aliqua

1966 682 2138 751 stupri
2192 680 2576 749 adulteriique,
2626 687 2719 733 aut
2769 680 2996 736 alterius
3027 678 3251 750 ﬂagitii,
3300 694 3425 733 cum
3477 695 3543 735 ea

1965 772 2255 826 divortium
2288 770 2498 834 fecerit,
2526 771 2573 825 is
2596 770 2643 825 si
2673 771 2899 824 alteram
2928 785 3151 824 uxorem
3173 768 3413 833 duxerit,
3442 778 3542 824 aut

1965 862 2121 916 alteri
2162 860 2279 914 viro
2324 860 2522 914 mulier
2570 861 2842 929 nupserit,
2885 875 3165 914 sacrarum
3214 858 3545 915 Litterarum

1965 951 2263 1006 auctoritas
2315 950 2383 1003 ab
2426 950 2570 1003 omni
2646 951 2801 1018 culpa
2872 949 2993 1004 illos
3039 949 3317 1012 absolvit,
3369 964 3547 1017 neque

1965 1042 2033 1096 ab
2089 1040 2354 1105 Ecclesia,
2400 1049 2494 1093 aut
2538 1050 2737 1093 mterna
2780 1038 2890 1092 vita
2935 1040 3133 1108 rejicit,
3178 1040 3274 1094 sed
3323 1047 3548 1109 pr0pter

1962 1131 2387 1185 imbecillitatem
2423 1130 2731 1184 tolerandos
2764 1129 3056 1184 existimat.
3082 1128 3203 1184 Non
3230 1133 3300 1184 ita
3328 1122 3538 1191 ta’men,

1964 1220 2105 1277 duas
2141 1232 2201 1276 ut
2228 1223 2397 1277 altera
2428 1222 2724 1291 superstite
2753 1234 2954 1274 uxores
2997 1220 3160 1274 simul
3197 1220 3415 1283 habeat,
3451 1220 3548 1275 sed

1965 1322 2022 1367 ut
2054 1314 2122 1368 ab
2146 1328 2257 1368 una
2288 1320 2594 1383 separatus,
2622 1313 2845 1367 alteram
2883 1311 2986 1366 sibi
3013 1311 3269 1381 legitime,
3300 1311 3344 1365 si
3376 1310 3544 1372 lubet,

1961 1405 2242 1474 adjungat.
2267 1405 2632 1470 Quamobrem
2666 1418 2794 1473 erga
2824 1403 3095 1474 ejusmodi
3129 1403 3401 1457 hominem
3435 1410 3545 1455 tam

1961 1495 2183 1551 divinus
2213 1511 2414 1559 sermo,
2474 1511 2632 1566 quam
2678 1494 2918 1549 Ecclesia
2970 1494 3063 1548 Dei
3108 1493 3547 1548 misericordiam

1962 1582 2218 1649 adhibet,
2265 1585 2564 1652 praesertim
2619 1584 2663 1637 si
2707 1584 2917 1638 caeteris
2955 1584 3008 1637 in
3051 1584 3213 1637 rebus
3257 1582 3545 1652 religiosus

1962 1675 2052 1729 ille
2099 1674 2190 1736 sit,
2235 1681 2289 1727 et
2326 1673 2393 1726 ad
2439 1675 2636 1729 divina:
2686 1675 2819 1744 legis
2864 1674 3239 1744 praescriptum
3275 1672 3399 1728 vitae
3434 1689 3547 1728 sua

286 1754 389 1806 ἵνα
416 1752 500 1822 μὴ
532 1753 605 1821 τῇ
637 1756 1035 1824 περισσοτέρᾳ
1058 1759 1226 1827 λύπῃ
1266 1761 1575 1829 καταποθῇ
1612 1764 1645 1816 ὁ
1673 1763 1861 1816 τοιοῦ-

1968 1765 2207 1819 rationes
2233 1766 2628 1818 accommodet.
2656 1765 2812 1829 Quod
2838 1766 2942 1819 nisi
2975 1766 3047 1818 ita
3075 1773 3240 1830 esset,
3263 1780 3545 1834 nunquam

284 1859 412 1909 τος.
449 1842 640 1910 Ἔλεγε
699 1844 807 1916 γὰρ
854 1844 1048 1899 πάλιν·
1096 1842 1172 1917 Ὦ
1220 1865 1275 1901 τι
1318 1849 1641 1919 χαρίζεσθε,
1680 1853 1859 1922 κάγὼ.

280 1937 461 1998 Διότι,
500 1934 555 1987 εἴ
590 1950 644 1986 τι
685 1933 1058 2005 κεχάρισμαι,
1108 1935 1184 1990 δι’
1213 1937 1368 2006 ὑμᾶς
1406 1939 1758 2009 κεχάρισμαι
1794 1942 1863 1995 ἐν

283 2026 581 2094 προσώπῳ
612 2026 890 2094 Χριστοῦ,
930 2027 1031 2081 ἳνα
1054 2026 1142 2095 μὴ
1177 2030 1707 2101 πλεονεκτηθῶμεν
1743 2033 1861 2086 ὑπὸ

238 2112 251 2135 ³
285 2116 394 2170 τοῦ
423 2114 679 2170 Σατανᾶ.
722 2119 803 2170 Οὐ
836 2116 944 2188 γὰρ
975 2117 1161 2171 αὐτοῦ
1204 2118 1275 2171 τὰ
1316 2120 1581 2190 νοήματα
1612 2123 1863 2192 ἀγνοοῦ-

276 2224 417 2275 μεν.
461 2208 571 2260 Καὶ
600 2209 731 2279 ὁρᾷς
774 2208 889 2271 πῶς
918 2209 1099 2261 δίδωσι
1135 2211 1420 2280 μετάνοιαν
1467 2213 1566 2273 καὶ
1614 2214 1753 2284 μετὰ
1793 2215 1861 2269 τὰ

290 2300 713 2370 παραπτώματα
732 2316 747 2365 ;

1966 1853 2147 1909 viduis
2177 1855 2473 1923 Apostolus
2504 1854 2767 1909 dixisset:
2800 1854 3041 1920 Nubaut,
3074 1856 3216 1924 ﬁlios
3241 1866 3544 1924 procreent.

1968 1944 2191 2013 lautitia:
2215 1944 2432 2011 prwsint
2470 1944 2508 1997 ⁸.
2557 1941 2662 1997 Sed
2700 1959 2876 2013 neque
2906 1944 2974 1997 de
3020 1944 3239 1999 homine
3283 1946 3407 2008 illo,
3451 1945 3546 2014 qui

1969 2035 2141 2105 patris
2184 2048 2406 2088 uxorem
2441 2033 2700 2103 duxerat,
2733 2034 2802 2086 ob
2844 2033 3006 2102 idque
3032 2031 3248 2087 Satanae
3287 2035 3343 2087 in
3376 2035 3547 2086 inter-

1968 2128 2098 2193 itum
2133 2126 2310 2178 omnis
2347 2125 2576 2178 traditus
2612 2125 2809 2192 fuerat,
2847 2125 2923 2178 ita
2973 2126 3308 2194 loqueretur,
3335 2133 3391 2177 ut
3442 2126 3548 2192 spi-

1966 2216 2103 2269 ritus
2146 2215 2323 2269 salvus
2365 2215 2431 2268 sit
2468 2216 2523 2267 in
2567 2216 2651 2268 die
2684 2214 2977 2276 Domini’,
3018 2231 3193 2284 neque
3218 2216 3351 2268 illud
3386 2230 3546 2269 usur-

1967 2313 2168 2376 paret:
2219 2304 2542 2369 Couﬁrmate
2593 2306 2647 2358 in
2690 2305 2840 2357 illuni
2896 2305 3233 2369 charitatem,
3282 2322 3343 2359 ne
3378 2305 3546 2359 abun-

278 2393 526 2447 dantiore
575 2388 795 2445 tristitia
833 2389 1174 2446 absorbeatur
1212 2392 1472 2461 ejusmodi
1499 2394 1537 2446 ³.
1578 2394 1788 2461 Quibus
1809 2397 1925 2452 haec
1945 2396 2142 2465 adjecit
2168 2412 2182 2448 :
2213 2393 2312 2449 Cui
2338 2393 2538 2464 aliquid
2564 2394 2828 2458 donastis,
2853 2404 2901 2446 et
2923 2410 3054 2464 ego;
3080 2395 3329 2463 quoniam
3362 2395 3542 2463 siquid

282 2490 478 2543 donavi
503 2530 519 2553 ,
579 2496 792 2559 propter
854 2503 940 2541 vos
982 2486 1173 2540 donavi
1214 2488 1267 2540 iu
1319 2488 1456 2557 [acie
1493 2486 1694 2544 Christi
1707 2531 1722 2551 ,
1771 2507 1834 2544 ue
1892 2489 2362 2544 circumveniamur
2402 2505 2434 2541 a
2478 2487 2720 2543 Satana:
2755 2504 2913 2557 neque
2947 2488 3086 2541 enim
3125 2486 3270 2540 illius
3316 2490 3543 2542 astutias

280 2580 594 2651 ignoramus
626 2581 670 2636 ⁵.
723 2576 886 2633 Vides
921 2585 979 2632 ut
1003 2579 1335 2650 pmnitentiaa
1393 2579 1570 2633 locum
1607 2582 1771 2635 etiam
1811 2590 1934 2652 post
1974 2580 2172 2636 delicta
2206 2578 2504 2634 concedat?
2693 2576 2703 2585 “

360 2692 438 2744 E'.
468 2691 637 2746 Πάλιν
664 2689 720 2742 δὲ
760 2689 788 2742 6
831 2687 1032 2759 Κύριός
1084 2702 1277 2759 φησιν’
1312 2689 1524 2756 Ἅφετε
1571 2688 1867 2755 ἀλλήλοις

282 2784 362 2837 τὰ
417 2780 874 2851 παραπτώματα,
923 2780 1024 2832 ἵνα
1065 2778 1163 2834 καὶ
1226 2781 1259 2833 ὁ
1310 2777 1511 2846 Πατὴρ
1541 2778 1708 2847 ὑμῶν
1734 2782 1767 2833 ό
1796 2780 1868 2832 ἐν

276 2870 523 2942 οὐρανῷ
558 2870 780 2942 ἀφήσει
806 2869 969 2938 ἡμῖν.
1012 2867 1170 2922 Ἀλλὰ
1199 2870 1291 2922 καὶ
1335 2871 1395 2921 ὲν
1427 2868 1576 2939 ἄλλῳ
1598 2868 1750 2941 τόπῳ
1776 2869 1867 2924 οὗ·

281 2984 396 3030 τως
419 2953 552 3034 (me:
567 2982 581 2995 ’
609 2963 898 3029 Πενθήσω
928 2962 1199 3028 πολλοὺς
1231 2960 1373 3026 τοὺς
1416 2961 1486 3014 ἐν
1513 2960 1659 3030 ἡμῖν
1679 2977 1868 3029 παρα-

264 3054 609 3119 ¹πεσόντας,
660 3053 760 3106 καὶ
806 3052 891 3121 μὴ
938 3049 1433 3120 μετανοήσαντας
1451 3065 1464 3079 ⁸
1502 3048 1579 3113 ὡς
1628 3049 1861 3115 δεικνὺς,

2034 2686 2100 2741 ν.
2137 2687 2217 2741 Ad
2247 2688 2363 2742 haec
2386 2686 2596 2740 Domini
2632 2685 2722 2740 illa
2754 2699 2857 2741 vox
2882 2692 2988 2749 est,
3028 2684 3293 2740 Dimittit:
3324 2686 3543 2742 invicem

1961 2787 2273 2849 peccata,ut
2300 2787 2350 2832 et
2382 2776 2544 2831 Pater
2565 2786 2751 2840 vester,
2781 2777 2870 2847 qui
2907 2778 2962 2830 in
2996 2778 3139 2831 caelis
3162 2786 3264 2843 est,
3305 2776 3544 2831 dimittat

1962 2870 2103 2925 vobis
2131 2869 2174 2922 '.
2232 2868 2439 2923 Deinde
2485 2868 2565 2922 sic
2609 2868 2717 2920 alio
2754 2868 2874 2921 loco
2924 2867 3145 2936 scripsit
3199 2868 3495 2937 Apostolus
3522 2885 3540 2921 :

1961 2959 2169 3030 Lugebo
2198 2959 2414 3023 multos,
2453 2958 2545 3028 qui
2576 2958 2630 3012 in
2660 2957 2800 3011 vobis
2844 2958 3141 3013 ceciderunt
3170 2976 3330 3029 neque
3370 2962 3539 3030 pasti-

1966 3052 2178 3106 tentiam
2218 3059 2432 3120 egerunt
2467 3050 2520 3113 ⁸,
2568 3056 2627 3102 ut
2659 3050 2933 3113 ostendat,
2971 3051 3189 3106 tametsi
3216 3051 3534 3116 ceciderint,

282 3147 393 3210 ὅτι,
453 3146 501 3197 εἰ
547 3144 642 3197 καὶ
693 3119 1034 3214 παρεπεσαν,
1083 3141 1177 3194 καὶ
1208 3140 1557 3211 μετενόησαν,
1599 3139 1862 3194 εἰσδεκτοὶ

1968 3157 2030 3196 ac
2070 3139 2445 3211 paenitentiam
2484 3139 2859 3209 susceperint,
2900 3140 3114 3195 admitti
3166 3136 3542 3208 nihilominus,

283 3231 435 3291 οὗτοι
455 3236 721 3304 γίνονται,
751 3233 847 3287 καὶ
879 3233 977 3285 οὐκ
1012 3230 1502 3302 ἀποῦληθήσονται,
1524 3229 1617 3283 τοῦ
1655 3230 1859 3302 Κυρίου

285 3326 649 3397 γινώσκοντος
683 3324 734 3379 τί
762 3322 901 3395 μετὰ
928 3324 1158 3376 ἑκάστου
1186 3323 1455 3393 ποιήσειε.

362 3439 474 3492 Καὶ
517 3440 599 3501 ὅτι
637 3436 737 3508 μὲν
772 3437 803 3488 6
830 3434 1010 3490 κανὼν
1048 3436 1147 3506 τῆς
1177 3434 1435 3506 ἀληθείας
1474 3433 1714 3489 τοιοῦτον
1750 3435 1871 3506 ἔχει,

281 3532 382 3584 τὸν
405 3528 752 3602 χαρακτῆρα,
793 3527 953 3583 παντί
981 3544 1059 3597 τῳ
1086 3526 1257 3595 σαφές
1283 3530 1419 3580 ἐστι.
1453 3527 1607 3581 Μετὰ
1635 3527 1744 3598 γὰρ
1766 3526 1864 3599 τὴν

270 3622 517 3693 ’πρώτην
546 3621 833 3692 μετάνοιαν
860 3618 957 3691 τὴν
982 3618 1068 3673 διὰ
1092 3618 1185 3671 τοῦ
1215 3618 1439 3690 λουτροῦ
1472 3619 1570 3689 τῆς
1598 3619 1862 3687 παλιγγε-

288 3714 507 3777 νεσίας,
538 3714 596 3766 ἐν
707 3710 964 3784 μετανοίᾳ
1012 3709 1363 3780 ἀνεκαινίσθη
1409 3711 1516 3772 πᾶς
1557 3709 1860 3781 ἄνθρωπος,

286 3802 517 3874 δευτέρα
547 3819 630 3866 τις
661 3802 882 3874 τοιαύτη
909 3802 1007 3871 οὐχ
1032 3801 1282 3871 ὑπάρχει.
1316 3798 1454 3853 Οὔτε
1480 3798 1589 3868 γὰρ
1612 3796 1720 3853 ’δύο
1759 3801 1864 3853 εἰσὶ

288 3894 664 3966 βαπτίσματα,
690 3893 825 3947 ἀλλὰ
851 3894 938 3947 ἐν·
979 3891 1100 3946 οὔτε
1138 3892 1217 3955 δὶς
1261 3889 1576 3962 ἐσταυρώθη
1608 3890 1861 3963 Χριστὸς,

286 3985 407 4039 ἀλλ’
434 3984 601 4049 ἅπαξ·
623 3983 745 4039 οὔτε
763 3983 1133 4049 ἃςξάπέθανεν
1161 3981 1304 4053 ὑπὲρ
1325 3981 1502 4052 ἡμῶν,
1519 3981 1617 4036 καὶ
1640 3980 1861 4050 ἀνέστη.

288 4073 402 4128 Kal
431 4074 619 4128 τούτου
653 4076 813 4147 χάριν
840 4072 1310 4144 ὲπασφαλισασθαι
1337 4072 1437 4135 δεῖ,
1467 4072 1553 4125 ἵνα
1583 4072 1656 4142 μὴ
1687 4088 1865 4141 παρα-

286 4167 568 4232 πεσόντες,
601 4169 692 4222 τὸν
734 4168 996 4238 στέφανον
1033 4167 1128 4222 τοῦ
1154 4165 1548 4238 ἀνακαινισμοῦ
1590 4165 1866 4220 ἀπολέσω·-

287 4275 416 4330 μεν.
475 4258 635 4312 Ἀλλὰ
670 4259 764 4314 ἐάν
804 4277 889 4324 τις
932 4259 1255 4331 παραπέσῃ,
1298 4258 1394 4312 καὶ
1441 4255 1760 4326 προληφθῇ
1795 4256 1866 4311 ἐν

286 4367 408 4405 τινι
453 4350 874 4421 παραπτώματι
893 4390 908 4415 ,
944 4351 1019 4415 ὡς
1064 4349 1211 4419 λέγει
1255 4350 1285 4401 6
1327 4348 1668 4412 Ἀπόστολος,
1696 4346 1865 4417 ὑμεῖς

1966 3247 2069 3287 nec
2100 3231 2325 3287 omnino
2365 3230 2539 3299 rejici.
2571 3228 2731 3284 Novit
2770 3230 2914 3285 enim
2956 3230 3223 3287 Dominus
3255 3232 3387 3302 quid
3423 3234 3540 3287 uni-

1965 3327 2164 3396 cuique
2194 3324 2443 3380 facturus
2465 3324 2557 3380 sit.

2035 3436 2192 3506 Quod
2226 3436 2391 3506 igitur
2420 3436 2667 3491 veritatis
2695 3437 2879 3508 regula
2909 3435 2976 3491 ad
2999 3452 3118 3491 eam
3156 3451 3277 3492 sese
3310 3435 3539 3491 formam
3576 3454 3579 3461 ί

1966 3526 2183 3590 habeat,
2210 3526 2414 3580 nemini
2439 3534 2523 3582 est
2553 3526 2871 3581 obscurum.
2908 3525 3120 3597 Quippe
3151 3535 3275 3597 post
3307 3528 3541 3596 priorem

1964 3616 2359 3686 paenitentiam,
2394 3632 2515 3686 quae
2548 3633 2643 3686 per
2672 3618 2938 3673 secundm
2974 3619 3341 3689 generationis
3377 3620 3542 3673 lotio-

1963 3722 2087 3777 nem
2110 3706 2406 3771 obtinetur,
2441 3709 2494 3761 in
2522 3723 2629 3777 qua
2662 3709 2997 3777 pmttitentim
3032 3709 3295 3764 beneﬁcio
3315 3710 3540 3779 quilibet

1965 3809 2257 3853 renovatus
2307 3805 2426 3860 est,
2480 3798 2749 3866 ejusmodi
2811 3800 3051 3852 secunda
3101 3802 3336 3870 amplius
3392 3800 3540 3855 nulla

1967 3888 2292 3960 paenitentia
2330 3889 2589 3958 suppetit.
2616 3888 2735 3942 Non
2775 3889 2921 3944 enim
2952 3890 3205 3959 baptismi
3231 3890 3341 3944 duo
3375 3899 3540 3955 sunt,

1973 3980 2066 4036 sed
2099 3996 2242 4036 unus
2271 3979 2553 4037 duntaxat.
2585 3978 2773 4051 Neque
2809 3981 2892 4035 bis
2934 3982 2989 4035 in
3034 3995 3253 4035 crucem
3289 3981 3540 4037 Christus

1965 4079 2120 4125 actus
2154 4078 2261 4134 est,
2300 4071 2395 4125 sed
2446 4071 2647 4137 semel;
2682 4087 2793 4126 non
2841 4071 2928 4126 bis
2952 4072 3189 4142 denique
3236 4088 3337 4142 pro
3385 4074 3538 4128 nobis

1966 4170 2218 4217 mortuus
2234 4170 2339 4222 est.
2358 4175 2422 4216 ac
2436 4162 2753 4218 resurrexit.
2768 4161 2934 4235 5,98
2950 4162 3309 4229 Quamobrem
3326 4177 3538 4217 summa

1967 4254 2038 4308 ob
2072 4253 2127 4308 id
2156 4253 2464 4308 adhibenda
2496 4255 2680 4308 cautio
2704 4262 2810 4318 est,
2840 4270 2929 4320 ne,
2960 4256 3007 4309 si
3035 4256 3087 4308 in
3113 4266 3392 4325 peccatum
3416 4272 3542 4326 pre-

1967 4343 2105 4413 lapsi
2160 4342 2445 4406 fuerimus,
2493 4344 2911 4400 instauratiouis
2958 4345 3104 4402 illius
3142 4362 3344 4401 corona
3380 4348 3536 4403 nobis

284 4446 343 4496 οἱ
372 4441 756 4511 πνευματικοὶ
784 4440 1151 4511 καταρτίζετε
1182 4440 1290 4494 τὸν
1317 4438 1585 4493 τοιοῦτον
1603 4438 1675 4491 ὲν
1696 4438 1864 4492 πνεύ-

1973 4443 2175 4505 pereat.
2212 4433 2317 4489 Sed
2345 4436 2392 4490 si
2418 4436 2543 4505 quis
2573 4445 2753 4490 tamen
2778 4437 2965 4507 lapsus
2992 4437 3174 4504 fuerit,
3205 4440 3465 4509 fueritque
3487 4441 3537 4493 in

284 4548 428 4603 ματι
476 4536 834 4600 πραότητος·
889 4531 1137 4587 σκοπῶν
1168 4530 1468 4593 σεαυτὸν.
1506 4529 1592 4599 μὴ
1645 4528 1741 4583 καὶ
1783 4529 1866 4583 σὺ

285 4624 639 4693 πειρασθῇς.
692 4622 816 4679 Ἐάν
861 4642 944 4689 τις
989 4620 1081 4679 οὖν
1128 4623 1412 4695 προληφθῇ
1461 4620 1866 4694 παραπτώματι

287 4719 351 4769 ἐν
380 4716 478 4786 οἴῳ
503 4717 546 4769 δ’
573 4716 642 4771 ἃν
670 4716 777 4788 εἰη,
808 4716 1151 4787 μετανοειτω.
1177 4714 1400 4785 Δέχεται
1431 4714 1543 4785 γὰρ
1562 4714 1592 4765 6
1613 4711 1742 4775 Θεὸς
1768 4712 1868 4782 τὴν

291 4808 583 4875 μετάνοιαν
624 4810 718 4861 καὶ
745 4807 882 4878 μετὰ
912 4808 973 4860 τὸ
1000 4806 1299 4877 βάπτισμα,
1321 4806 1418 4859 ὲάν
1439 4822 1522 4869 τις
1550 4804 1863 4875 παραπέσῃ.

292 4895 420 4959 ne;
460 4895 517 4949 δὲ
557 4897 693 4968 μετὰ
740 4896 898 4951 τοῦτο
945 4899 1138 4959 ποιεῖν,
1183 4896 1344 4959 αὐτὸς
1383 4896 1542 4967 μόνος
1585 4892 1863 4965 γινώσκει.

301 4986 757 5057 ’.ἀνεξεραύνητα
776 4988 885 5060 γὰρ
912 4987 982 5042 τὰ
1025 4987 1276 5056 κρίματα
1310 4986 1520 5049 αὐτοῦ,
1564 4988 1662 5041 καὶ
1696 4986 1869 5050 ἀνεξ-

289 5079 593 5147 ιχνίαστοι
622 5083 682 5135 αἱ
722 5079 850 5134 ὁδοὶ
888 5075 1109 5132 αὐτοῦ’
1167 5078 1261 5131 καὶ
1309 5077 1415 5148 πρὸ
1448 5077 1546 5143 τῆς
1572 5077 1871 5148 παρουσίας

287 5170 353 5223 οὐ
379 5170 463 5224 δεῖ
486 5171 688 5242 κρίνειν
707 5190 720 5201 ·
754 5172 909 5237 ’Ἕως
930 5170 1008 5225 ἂν
1027 5171 1173 5239 ἔλθῃ
1201 5172 1235 5226 ό
1256 5170 1489 5237 Κύριος,
1513 5169 1585 5235 ὃς
1605 5169 1704 5224 καὶ
1731 5170 1874 5225 duo-

287 5262 554 5329 καλύψει
599 5260 672 5315 τὰ
710 5260 1045 5330 άπόκρυςρα
1094 5260 1206 5329 τῆς
1254 5257 1520 5328 καρδίας.
1570 5258 1682 5313 Καὶ
1741 5261 1872 5313 τότε

285 5352 535 5419 ἔπαινος
600 5352 864 5408 ἑκάστου
930 5351 1188 5422 φανερὸς
1239 5349 1575 5423 γενήσεται.
1640 5349 1701 5406 Ἠ
1759 5350 1870 5419 τὰρ

372 5597 386 5628 ¹
424 5594 598 5653 lCor.
635 5599 817 5663 νιι,9;
850 5599 865 5651 1
899 5600 1039 5654 Tim.
1073 5617 1124 5663 γ,
1162 5600 1247 5655 Η.

292 5664 317 5702 ⁸
348 5663 396 5723 ιι
423 5666 551 5723 Cor.
589 5684 688 5734 ιιι,
729 5671 817 5724 9i.
917 5674 933 5701 ⁷
971 5670 1145 5723 Galat.
1182 5687 1255 5737 vi,
1316 5673 1360 5726 ι.
1453 5671 1475 5700 ⁸
1500 5669 1657 5724 Rom.
1688 5683 1761 5734 ιι,
1787 5667 1875 5723 55.

1972 4529 2148 4598 aliqua
2178 4527 2392 4591 delicto,
2418 4534 2478 4581 ut
2505 4524 2805 4598 Apostolus
2835 4531 3095 4600 loquitur,
3124 4539 3536 4598 praeoccupatus,

1967 4638 2054 4674 vos
2090 4621 2179 4689 qui
2208 4619 2475 4689 spiritales
2492 4621 2640 4685 estis,
2674 4621 2935 4691 ejusmodi
2972 4623 3219 4675 iustruile
3258 4622 3311 4675 in
3350 4621 3537 4690 spiritu

1965 4711 2222 4775 lenitatis,
2252 4710 2594 4765 considerans
2619 4715 2969 4781 temetipsum,
3002 4728 3064 4766 ne
3090 4721 3141 4765 et
3172 4722 3228 4765 tu
3259 4714 3474 4766 tenteris
3495 4712 3537 4766 '.

1965 4803 2234 4869 Quocirca
2273 4803 2462 4871 siquis
2478 4812 2700 4873 peccato
2714 4804 2917 4875 aliquo,
2941 4805 3303 4876 quodcunque
3322 4805 3538 4860 demum

1966 4897 2098 4949 illud
2145 4896 2237 4963 sit,
2285 4904 2587 4966 occupatus
2615 4896 2815 4962 fuerit,
2860 4898 3024 4963 hujus
3067 4897 3218 4953 illum
3256 4898 3537 4969 pmniteat.

1966 4986 2350 5042 Ptnnitentiam
2370 4988 2517 5043 enim
2545 4987 2628 5041 vel
2646 4995 2774 5058 post
2806 4988 3135 5057 baptismum
3154 4990 3355 5058 accipit
3374 4989 3538 5051 Deus.

1967 5077 2013 5131 si
2041 5078 2170 5146 quis
2194 5077 2333 5133 forte
2357 5078 2667 5147 deliquerit.
2696 5076 2838 5143 Quid
2860 5086 3042 5131 autem
3068 5078 3330 5149 deinceps
3355 5079 3539 5142 faciat.

1968 5170 2120 5225 solus
2152 5169 2269 5238 ipse
2291 5170 2463 5224 novit.
2507 5168 2889 5223 Iuscrutabilia
2920 5170 3192 5237 siquidem
3222 5169 3370 5225 illius
3394 5170 3540 5239 judi-

1966 5262 2050 5314 cia
2075 5268 2220 5323 sunt,
2250 5268 2300 5314 et
2322 5260 2716 5329 investigabites
2742 5262 2839 5315 vite
2868 5261 2983 5330 ejus
3008 5261 3063 5326 ';
3104 5277 3206 5316 nec
3233 5271 3359 5317 ante
3395 5263 3544 5318 illius

1968 5343 2262 5407 adventum
2281 5350 2532 5420 judicare
2547 5366 2877 5421 quemquam
2902 5359 3149 5422 oportet:
3175 5351 3352 5408 Donec
3375 5354 3542 5407 veniat

1329 5603 1349 5631 '
1385 5601 1400 5654 Ι
1432 5599 1560 5653 Cor.
1586 5614 1639 5663 ν,
1665 5596 1716 5650 5.
1799 5598 1860 5648 ³1

1968 5611 2028 5651 )r.
2064 5612 2127 5661 ιι,
2177 5596 2207 5647 7
2251 5605 2309 5651 t-t
2337 5598 2395 5655 8.
2473 5596 2499 5630 ⁵
2540 5595 2672 5652 ibid.
2712 5598 2799 5665 ιο,
2837 5598 2920 5654 ll.
2998 5598 3018 5629 '
3058 5595 3250 5651 Ilatth.
3315 5608 3390 5652 γι.
3460 5588 3545 5643 ιι.
