3948 6068
376 275 396 328 1
410 271 507 328 027

1785 246 1844 316 s.
1889 256 2237 315 EPIPIIANII

3499 248 3655 306 £098

380 412 655 474 Dominus,
685 406 778 477 qui
803 416 850 460 et
880 374 1125 460 reuelabit
1152 398 1464 454 abscondita
1491 395 1684 451 cordis.
1718 393 1788 449 Et
1825 405 1950 451 tunc

2075 399 2246 468 ᾗμέρα
2309 397 2612 466 δηλώσει,
2663 397 2752 452 ὅτι
2807 396 2878 450 ἐν
2934 391 3078 462 πυρὶ
3131 389 3654 446 ἀποκαλύπτεται.

375 500 492 554 laus
523 494 930 564 uniuscujusque
956 490 1238 559 manifesta
1275 496 1372 544 erit
1395 492 1433 542 ‘.
1459 487 1579 542 Dies
1611 489 1747 541 enim
1768 487 2081 552 declarabit,
2111 491 2359 558 quoniam
2387 490 2439 542 in
2463 490 2578 559 igne
2610 487 2928 543 revelabitur
2963 487 3006 538 '.

447 593 534 649 Vl.
575 593 708 659 Qua:
748 607 873 645 cum
910 591 985 642 ita
1026 589 1155 651 sint,
1191 601 1364 655 neque
1399 585 1704 639 libertatem
1737 583 1806 637 iis
1836 597 1953 635 om-

377 686 511 740 nino
541 685 632 753 qui
673 688 796 755 post
835 679 1168 748 baptismum
1204 676 1556 745 deliquerint,
1588 672 1952 735 ostendimus,

378 793 554 847 neque
590 774 697 828 illis
730 787 882 842 spem
913 769 1108 825 salutis
1132 767 1416 837 eripimus.
1462 765 1771 819 Misericors
1809 763 1955 818 enim

376 868 520 923 Deus
558 873 642 921 est
674 873 728 919 et
783 862 1088 931 benignus,
1129 876 1194 914 ac
1241 867 1516 927 receptum
1561 855 1957 927 pmnitentibus

378 959 626 1012 indulsit.
691 957 770 1009 Ac
826 955 980 1024 prius
1030 951 1252 1022 quidem
1315 958 1397 1005 est
1453 948 1824 1002 manifestum.
1884 945 1958 1002 De

377 1047 622 1104 secundo
666 1047 984 1101 veroillud
1045 1043 1319 1104 novimus,
1379 1041 1790 1096 misericordem
1834 1053 1957 1093 esse

377 1137 570 1203 Deum,
615 1139 661 1194 si
699 1154 799 1192 nos
836 1153 901 1192 ex
946 1138 1132 1190 animo
1164 1143 1513 1205 peccatorum
1551 1132 1835 1202 pmnitcat.
1869 1129 1959 1184 El-

376 1233 521 1285 enim
554 1231 608 1284 in
645 1246 807 1283 manu
834 1231 924 1284 ille
949 1230 1137 1292 vitam,
1179 1235 1232 1282 et
1263 1228 1316 1280 in
1361 1227 1590 1280 salutem
1629 1237 1957 1294 propensam

377 1323 776 1401 humanitatem
829 1328 992 1375 tenet.
1037 1318 1309 1383 Quidnam
1350 1332 1479 1370 vero
1523 1316 1708 1377 faciat,
1735 1315 1834 1370 soli
1878 1320 1982 1368 est.

380 1415 483 1486 ipsi
524 1421 893 1485 perspectum.
921 1410 1054 1464 Illud
1084 1409 1302 1479 quidem
1325 1416 1570 1474 constat,
1598 1407 1798 1460 nemini
1821 1405 1962 1460 frau-

377 1507 431 1560 di
466 1521 590 1560 esse
627 1503 1024 1573 pwnitcntiam,
1063 1515 1238 1570 neque
1265 1514 1425 1568 quem
1459 1505 1811 1567 peccatorum
1843 1511 1964 1550 om-

378 1597 530 1650 nium
567 1595 816 1665 poenitet,
843 1593 995 1662 rejici
1022 1605 1115 1646 aut
1139 1591 1374 1646 excludi.
1401 1590 1618 1654 Quanto
1636 1603 1766 1658 ergo
1791 1586 1961 1655 magis

378 1687 521 1743 idem
553 1688 602 1740 ei
636 1685 988 1740 tribuendum
1021 1691 1128 1748 est,
1163 1683 1253 1751 qui
1283 1697 1405 1735 cum
1433 1683 1601 1735 altera
1630 1695 1800 1733 uxore
1827 1679 1959 1748 legi-

378 1777 527 1830 timis
567 1790 688 1830 sese
736 1775 946 1844 nuptiis
986 1773 1244 1842 illigarit?
1286 1769 1418 1823 Nam
1453 1779 1510 1824 ut
1552 1771 1723 1839 prima
1763 1783 1903 1822 uxor
1930 1781 1960 1819 a

2129 589 2218 652 (τ’.
2259 585 2396 640 Οὑτε
2446 580 2540 639 οὖν
2583 580 3030 652 ἐπαγγελλόμεθα
3083 576 3392 648 ἐλευθερίαν
3439 571 3652 628 παντάο

2057 695 2191 732 πασι
2218 681 2329 741 τοῖς
2363 677 2501 748 μετά
2534 676 2597 728 τὸ
2644 675 2923 745 βάπτισμα
2969 667 3490 743 παραπεπτωκόσιν,
3519 665 3660 719 οὒτε

2057 765 2473 834 ἀπαγορεύομεν
2519 764 2619 834 τὴν
2671 763 2840 833 αὐτὴν
2891 760 3070 814 αὐτῶν
3128 759 3294 829 ζωήν.
3347 757 3478 820 Θεὸς
3536 755 3662 826 γὰρ

2059 857 2305 926 ἐλεήμων
2347 857 2465 908 ἐστὶ
2508 855 2603 909 καὶ
2655 855 2977 925 οἰκτίρμων,
3008 851 3104 904 καὶ
3141 851 3306 903 ἔδωκε
3337 851 3448 910 τοῖς
3475 865 3659 918 μεταο

2058 949 2268 1002 νοοῦσιν
2297 948 2572 1002 ἐπάνοδον.
2608 947 2716 1000 Καὶ
2741 945 2802 998 τὸ
2836 945 2935 1015 μὲν
2961 943 3174 1012 πρῶτόν
3205 945 3320 995 ἐστι
3348 939 3545 1008 σαφές·
3585 937 3665 990 τὸ

2057 1041 2113 1094 δὲ
2151 1039 2423 1108 δεύτερον,
2455 1040 2696 1109 οἴδαμεν,
2735 1038 2816 1090 ὃτι
2853 1036 3100 1107 ἐλεήμων
3129 1033 3275 1086 ἐστὶν
3309 1033 3337 1084 ὁ
3368 1031 3520 1092 Θεὸς,
3553 1029 3664 1082 ἐὰν

2059 1131 2118 1197 ἐξ
2159 1130 2287 1201 ὅλης
2331 1130 2507 1200 ψυχῆς
2544 1129 2965 1200 μετανοήσωμεν
3013 1120 3659 1194 ἀπδπαραπτωμάτων.

2065 1223 2216 1294 Ἔχει
2241 1223 2346 1294 γὰρ
2397 1225 2455 1275 ὲν
2498 1221 2639 1293 χειρὶ
2683 1219 2848 1291 ζωὴν,
2897 1219 2989 1273 καὶ¹
3035 1216 3307 1289 σωτηρίας
3349 1213 3660 1284 φιλανθρω-

2062 1314 2212 1368 πίαν.
2247 1314 2357 1366 Καὶ
2383 1313 2432 1365 τί
2471 1313 2568 1383 μὲν
2603 1312 2767 1375 αὐτὸς
2807 1314 2966 1375 ποιεῖ,
3004 1309 3153 1380 αὐτῷ
3185 1309 3330 1380 μόνῳ
3358 1307 3658 1373 ἔγνωσται.

2063 1404 2209 1476 Πλὴν
2242 1405 2324 1457 ὄτι
2366 1403 2536 1475 ζημία
2583 1405 2681 1457 οὐκ
2731 1403 2809 1456 ἔνι
2868 1402 2976 1456 ἀπὸ
3019 1402 3119 1472 τῆς
3169 1399 3477 1471 μετανοίας,
3527 1396 3659 1449 οὐδὲ

2063 1498 2437 1569 ἀπηγόρευται
2479 1499 2508 1550 ό
2555 1493 2827 1568 μετανοῶν
2873 1496 2982 1548 ἀπὸ
3025 1495 3244 1548 πάντων
3292 1489 3657 1559 σεραλμάτων.

2065 1590 2222 1660 Πόσῳ
2246 1606 2308 1657 γε
2343 1587 2542 1659 μᾶλλον
2570 1591 2597 1641 ὁ
2625 1590 2765 1641 κατά
2789 1587 2950 1656 νόμον
2977 1585 3267 1653 συναφθεὶς
3298 1582 3524 1650 δευτέρᾳ
3551 1595 3660 1646 γυ-
3759 1636 3764 1640 ,

2065 1683 2244 1746 ναικί;
2277 1683 2445 1752 Καὶή
2477 1681 2576 1752 μὲν
2617 1680 2803 1751 πρώτη
2844 1679 3004 1750 γυνὴ,
3044 1678 3108 1730 ἐκ
3132 1675 3265 1729 θεοῦ
3305 1673 3616 1745 τεταγμένη
3639 1689 3655 1703 ·

2067 1773 2099 1842 ἡ
2132 1773 2185 1826 δὲ
2224 1774 2471 1844 δευτέρα,
2510 1773 2568 1838 ἐξ
2619 1771 2899 1835 ἀσθενείας
2937 1768 3238 1844 ἀνθρώπων
3263 1785 3276 1798 ⁸
3317 1767 3408 1821 καὶ
3441 1768 3520 1820 ἔτι

382 1867 493 1923 Deo
518 1868 819 1922 constituta
843 1875 946 1928 est,
973 1865 1046 1918 ita
1072 1862 1432 1916 imbecillitati
1469 1861 1749 1914 hominum
1784 1867 1964 1928 poste-

2075 1864 2353 1935 ρισσοτέρᾳ
2384 1866 2432 1917 εί
2477 1864 2792 1934 συναφθείη,
2823 1864 2885 1916 τὸ
2917 1862 3137 1925 ἀσθενὲς
3178 1863 3262 1914 ἀεὶ
3302 1861 3657 1925 διαϐάς-τάξε-

382 1959 495 2013 rior
526 1958 753 2012 indulta.
785 1956 939 2022 Quod
967 1955 1010 2009 si
1041 1955 1266 2006 alteram
1297 1961 1556 2023 praeterea
1590 1951 1695 2005 sibi
1723 1951 1960 2020 copulet,

381 2053 549 2123 hujus
582 2052 685 2105 hac
721 2051 772 2102 in
821 2057 975 2118 parte
1017 2048 1279 2100 toleratur
1327 2043 1636 2099 infirmitas.
1689 2041 1963 2113 Scriptum

382 2151 468 2200 est
493 2145 636 2198 enim
671 2159 686 2195 :
728 2139 923 2192 Mulier
967 2139 1189 2206 alligata
1227 2144 1302 2189 est
1350 2135 1569 2202 nuptiis,
1609 2143 1807 2202 quanto
1845 2143 1966 2186 temo

383 2248 507 2299 pore
553 2231 674 2284 vivit
710 2231 790 2283 uir
835 2226 985 2296 ejus;
1037 2227 1117 2279 sin
1159 2236 1335 2280 autem
1374 2236 1615 2279 mortuus
1669 2223 1825 2291 fuerit
1865 2224 1962 2287 uir,

388 2323 549 2376 libera
593 2329 669 2373 cst
712 2320 796 2372 cui
826 2319 931 2371 i-ult
971 2317 1161 2369 nubere
1193 2316 1232 2368 ³.
1269 2321 1389 2382 Quo
1431 2315 1654 2384 quidem
1701 2314 1962 2378 declarat,

388 2423 510 2482 post
532 2411 633 2464 viri
655 2411 860 2464 obitum
887 2409 954 2462 ab
971 2409 1120 2461 omni
1140 2408 1286 2461 illam
1313 2417 1540 2478 peccato
1563 2407 1787 2460 liberam
1811 2422 1963 2473 esse;

387 2504 532 2558 adeo’
554 2511 610 2555 ut
639 2501 1021 2556 contradicere
1049 2514 1209 2553 nemo
1243 2500 1436 2568 possit.
1468 2497 1621 2564 Quod
1653 2498 1753 2551 hoc
1783 2498 1967 2551 addito

386 2595 731 2664 signiﬁcavit,
761 2595 813 2646 in
847 2592 1096 2655 Domino,
1127 2591 1283 2660 quasi
1319 2591 1542 2644 minime
1570 2607 1598 2643 a
1636 2590 1867 2643 Domino
1895 2589 1968 2644 sit

389 2685 588 2747 aliena,
634 2700 756 2754 qua:
803 2692 928 2754 post
975 2683 1076 2736 viri
1116 2682 1326 2736 obitum
1372 2682 1525 2735 allcri
1583 2697 1641 2735 se
1687 2681 1805 2733 viro
1838 2695 1970 2734 con-

385 2775 650 2844 junxerit.
683 2784 742 2829 ut
775 2790 876 2828 nec
906 2775 1056 2827 illum
1085 2773 1348 2834 vicissim,
1381 2772 1491 2841 qui,
1529 2787 1699 2826 uxore
1734 2779 1966 2834 mortua,

389 2883 510 2924 sese
554 2869 620 2921 ad
657 2866 950 2921 secundani
996 2866 1308 2934 applicarit.
1366 2863 1600 2914 Tantum
1635 2863 1688 2915 in
1720 2862 1966 2927 Domino,

389 2960 464 3013 ait
487 2959 800 3029 Apostolus.
827 2956 990 3008 Addit
1013 2963 1192 3008 tamen
1219 2974 1230 3008 :
1263 2953 1476 3006 Beatior
1501 2962 1675 3006 autem
1702 2963 1799 3017 est,
1823 2953 1870 3007 si
1895 2953 1970 3007 sic

389 3052 641 3106 ntunserit
659 3053 698 3104 ⁵.
719 3049 848 3104 Illud
871 3057 1072 3108 autem.
1096 3049 1147 3100 in
1170 3046 1414 3110 Donino,
1443 3046 1582 3100 idem
1599 3055 1685 3101 est
1706 3061 1767 3099 ac
1785 3061 1891 3100 non
1915 3046 1972 3098 in

386 3151 598 3212 stupro,
624 3140 1022 3200 autadultcrio,
1064 3139 1463 3206 violationeque
1491 3135 1658 3209 499
1692 3137 1970 3190 matrimo-

2063 1973 2172 2008 ται.
2208 1957 2346 2025 Φησὶ
2372 1957 2480 2026 γάρ
2501 1973 2514 1986 ⁸
2545 1955 2716 2021 Γυνὴ
2754 1955 2984 2008 δέδεται
3011 1953 3192 2024 γάμῳ,
3339 1951 3488 2006 ὅσον
3512 1955 3656 2022 χρό-

2065 2065 2176 2101 νον
2209 2047 2275 2115 ζῇ
2301 2052 2332 2102 ό
2362 2047 2518 2116 ἀνὴρ
2551 2047 2760 2114 αὐτῆς.
2805 2049 2938 2101 Ἐὰν
2965 2045 3033 2099 δὲ
3082 2044 3355 2114 ἀποθάνῃ
3404 2047 3436 2098 ὀ
3471 2045 3652 2113 ἀνὴρ,

2065 2137 2348 2204 ἐλευθέρα
2385 2137 2558 2191 ἐστὶν
2582 2129 2630 2202 ᾧ
2657 2137 2803 2203 θέλῃ
2841 2133 3203 2206 πημηθῆναυ
3236 2135 3653 2206 ἀποφηνάμενος

2071 2229 2206 2297 μετά
2250 2227 2505 2299 τελευτὴν
2539 2229 2732 2299 ἀνδρὸς
2777 2227 2834 2280 τὸ
2876 2227 3180 2298 ἐλευθέριον
3232 2225 3337 2278 ἀπὸ
3379 2227 3654 2298 ἁμαρτίας

2068 2320 2236 2392 χωρὶς
2282 2322 2463 2391 πάσης
2500 2320 2827 2388 ἀντιλογίας,
2879 2319 3016 2390 μετά
3053 2320 3150 2388 τῆς
3195 2318 3509 2389 προσθήκης
3560 2335 3655 2388 ση-

2072 2410 2280 2478 μάνας,
2323 2409 2402 2474 τῷ
2457 2411 2526 2462 ἐν
2567 2411 2794 2477 Κιιρίῳ,
2840 2408 2913 2472 Co;
2962 2402 3061 2460 οὐκ
3106 2403 3240 2460 εἶναι
3286 2407 3454 2478 αὐτὴν
3491 2407 3651 2459 ἀλλο-

2068 2499 2225 2568 τρίαν
2259 2498 2479 2569 Κυρίου,
2514 2500 2613 2570 τὴν
2642 2499 2778 2570 μετά
2813 2498 3068 2568 τελευτὴν
3103 2497 3294 2569 ἀνδρὸς
3326 2499 3655 2568 συναπτομέ-

2070 2609 2166 2662 νην
2192 2591 2335 2661 ἄλλῳ
2360 2588 2533 2659 ἀνδρὶ,
2576 2590 2608 2659 ἢ
2653 2589 2747 2641 τὸν
2782 2587 2932 2658 μετὰ.
2957 2587 3212 2657 τελευτὴν
3249 2587 3496 2655 γυναικὸς
3534 2604 3656 2640 συνο

2071 2683 2373 2753 ἀπτόμενον
2426 2680 2650 2750 δευτέρᾳ
2696 2679 2933 2748 γυναικὶ,
2969 2680 3163 2747 μόνον
3205 2679 3275 2730 ἐν
3311 2680 3531 2746 Κυρίῳ,
3575 2678 3655 2741 ὡς

2071 2775 2218 2843 λέγει
2261 2777 2290 2828 ὁ
2345 2773 2683 2835 Ἀπόστολος.
2741 2771 2849 2824 Καί
2900 2785 3066 2841 φησιο
3115 2769 3523 2838 Μακαριωτέρα
3583 2768 3657 2822 δέ

2071 2865 2260 2929 ἐστιν,
2293 2863 2402 2917 ἐὰν
2419 2863 2599 2931 μείνῃ
2631 2861 2838 2926 οὕτως.
2881 2860 2976 2926 Τὸ,
2997 2861 3068 2913 ἐν
3088 2860 3294 2927 Κυρίῳ,
3333 2858 3401 2928 μὴ
3432 2861 3486 2910 έν
3517 2875 3651 2928 ττορ-

2072 2957 2211 3027 νείᾳ,
2244 2955 2317 3027 μὴ
2350 2957 2408 3007 ἐν
2449 2955 2686 3026 μοιχείᾳ,
2719 2952 2793 3023 μὴ
2832 2954 2889 3004 ὲν
2917 2951 3264 3021 κλεψιγαμίᾳ,
3287 2948 3397 3002 ἀλλ’
3418 2949 3476 3002 ἐν
3498 2953 3648 3022 παῤ-

2076 3048 2259 3119 ῥησίᾳ,
2306 3048 2362 3099 ὲν
2418 3045 2600 3118 σεμνῷ
2635 3046 2796 3115 γάμῳ
2841 3043 3141 3113 ἐπιμένειν,
3173 3044 3225 3094 ὲν
3263 3043 3326 3113 τῇ
3361 3041 3560 3101 πίστει,
3590 3042 3654 3093 ὲν

2074 3141 2192 3202 ταῖς
2217 3139 2475 3202 ἐντολαῖς,
2505 3140 2561 3190 ὲν
2585 3137 2872 3200 εὐποιίαις,
2901 3140 2958 3190 ὲν
2978 3137 3256 3209 εὐλαϐείᾳ,
3279 3139 3334 3190 ὲν
3358 3137 3655 3206 νηστείαις,

390 3237 635 3300 niorum;
660 3233 754 3290 sed
785 3233 837 3286 in
868 3231 1062 3286 ﬁducia
1088 3230 1404 3285 cthonestis
1435 3230 1636 3298 nuptiis
1657 3229 1968 3297 persistere,

2076 3236 2133 3286 ὲν
2175 3231 2418 3302 εὐνομίᾳ,
2461 3231 2519 3283 ἐν
2563 3229 2983 3302 ὲλεημοσύναις,
3027 3231 3085 3283 ὲν
3141 3229 3544 3299 σπουδαιότητι,
3593 3233 3653 3283 ἐν

393 3330 448 3382 in
477 3329 579 3382 [ide
599 3327 904 3397 pra‘ceptis,
929 3325 1085 3378 bonis
1109 3323 1389 3392 Operibus,
1415 3321 1696 3389 religione,
1723 3319 1970 3388 jejuniis,

392 3421 566 3490 legum
618 3417 989 3474 observantia,
1038 3411 1424 3481 eleemosynis,
1466 3410 1728 3475 bonitate,
1771 3409 1974 3463 beneﬁ-

390 3510 588 3564 centia.
619 3507 744 3561 llaec
763 3506 908 3559 enim
931 3520 1053 3557 cum
1081 3503 1133 3556 in
1158 3503 1316 3556 nobis
1341 3503 1525 3555 insunt
1546 3516 1608 3554 ac
1633 3509 1971 3569 permanent,

391 3613 499 3652 non
527 3597 736 3650 otiosos
758 3601 813 3648 et
841 3593 1221 3647 infructuosos
1248 3590 1661 3645 constituuntin
1681 3590 1974 3644 adventum

392 3685 628 3741 Domini.

463 3777 582 3833 Jam
635 3792 766 3832 vero
815 3761 1125 3830 sacerdotio
1169 3774 1379 3843 primus
1411 3771 1567 3838 ordo,
1609 3780 1976 3842 accurataque

395 3871 448 3925 in
478 3870 734 3926 omnibus
780 3870 922 3923 vitae
959 3867 1100 3921 ratio
1135 3867 1411 3920 tribuitur.
1457 3863 1663 3934 POpulo
1702 3881 1831 3920 vero
1861 3881 1978 3919 mo-

392 3963 643 4020 deratum
677 3961 959 4034 quiddam,
997 3968 1051 4014 et
1081 3958 1148 4012 ad
1184 3973 1374 4013 eorum
1406 3967 1628 4027 captum
1665 3972 1977 4013 accommo-

394 4057 602 4121 datum,
661 4064 870 4108 etcum
911 4051 1150 4122 quadam
1195 4048 1531 4118 indulgentia
1579 4049 1976 4117 conjunctum;

399 4157 459 4202 ut
487 4163 677 4204 omnes
709 4147 1035 4208 doceantur,
1068 4155 1132 4195 ac
1160 4138 1596 4194 misericordiam
1628 4155 1978 4209 consequan—

399 4249 508 4294 tur.
546 4238 860 4293 Misericors
909 4235 1116 4305 quippe
1166 4231 1453 4294 Dominus,
1498 4238 1552 4284 et
1594 4245 1813 4285 scnare
1865 4231 1980 4284 uni-

398 4344 590 4384 versos
638 4336 838 4397 potest,
885 4342 1009 4381 cum
1046 4323 1326 4395 praeclaris
1360 4324 1536 4393 legum
1574 4338 1796 4377 suarum
1826 4323 1980 4377 insti-

399 4422 555 4484 tutis,
597 4427 711 4472 tum
739 4433 866 4471 vera
894 4433 1143 4486 puraque
1184 4415 1512 4469 Christianae
1546 4415 1823 4485 religionis
1854 4415 1974 4470 title.

399 4512 492 4566 Ille
539 4509 684 4565 enim
732 4522 908 4579 purus
965 4509 1114 4561 solus
1163 4516 1267 4560 est.
1317 4507 1384 4558 At
1441 4507 1530 4559 isti
1587 4505 1715 4559 dum
1767 4507 1978 4576 seipsos

2076 3325 2429 3395 άγαθοεργίᾳ.
2473 3325 2658 3378 Ταῦτα
2685 3324 2814 3394 γὰρ,
2860 3323 3082 3376 συνόντα
3117 3325 3211 3378 καὶ
3259 3311 3650 3394 παραμένοντα,

2075 3417 2175 3470 οὐκ
2207 3417 2432 3487 ἀργοὺς,
2471 3415 2592 3468 οὐδὲ
2638 3416 2919 3485 ἀκάρπους
2953 3414 3276 3484 καθίστησιν
3315 3417 3392 3478 είς
3431 3412 3527 3483 τὴν
3565 3421 3658 3473 τοῦ

2077 3508 2281 3578 Κυρίου
2313 3507 2634 3588 παρουσίαν.

2151 3776 2261 3831 Καὶ
2293 3779 2359 3847 τῇ
2403 3774 2502 3846 μὲν
2549 3774 2816 3846 ἱερωσύνῃ
2862 3775 2924 3828 τὸ
2969 3774 3183 3846 πρῶτον
3245 3773 3432 3842 τάγμα
3493 3774 3589 3825 καὶ
3627 3775 3663 3842 ὴ

2080 3870 2207 3940 περὶ
2233 3869 2450 3942 πάντων
2480 3866 2833 3937 ἀκριϐολογία
2856 3885 2869 3898 ο
2910 3866 2988 3937 τῷ
3023 3867 3078 3920 δὲ
3105 3864 3218 3935 λαῷ
3245 3864 3305 3917 τὸ
3348 3863 3663 3934 σύμμετρον

2078 3959 2246 4020 καὶτὸ
2269 3959 2610 4027 συγγνωστόν
2629 3975 2640 3986 ·
2673 3959 2761 4011 ἴνα
2790 3958 2990 4022 πάντες
3011 3957 3370 4011 διδάσκωνται
3403 3956 3502 4007 καὶ
3520 3972 3661 4006 κατ-

2079 4049 2350 4104 ελεῶνται.
2405 4049 2679 4120 Ἐλεήμων
2718 4049 2826 4122 γάρ
2855 4052 3001 4103 ἐστιν
3038 4052 3072 4102 -ὁ
3099 4049 3397 4120 Δεσπότης.
3439 4049 3533 4101 καὶ
3569 4048 3665 4100 δ.)-

2079 4142 2235 4205 νατὸς
2258 4143 2464 4203 πάντας
2490 4139 2681 4204 σώζειν
2706 4145 2770 4212 τῇ
2809 4140 2914 4211 ἰδίᾳ
2934 4141 3098 4194 αὑτοῦ
3121 4141 3368 4211 εὐνομίᾳ,
3398 4140 3491 4191 καὶ
3524 4139 3660 4208 ἀλη-

2081 4235 2198 4304 θινῇ
2223 4235 2402 4286 πίστει
2442 4233 2542 4302 τῆς
2566 4233 2659 4286 τοῦ
2687 4233 3040 4305 κηρύγματος
3068 4219 3462 4303 καθαρότητος.
3488 4230 3663 4293 Αὑτθις

2083 4327 2192 4398 γὰρ
2228 4327 2385 4396 μόνος
2414 4325 2531 4377 ἐστὶ
2579 4325 2837 4395 καθαρός.
2878 4320 3035 4378 Οὗτοι
3066 4325 3141 4389 δὲ,
3196 4326 3418 4386 ἑαυτοὺς
3456 4325 3666 4394 φήσανο

2078 4436 2167 4482 τες
2199 4417 2506 4488 Καθαροὺς,
2542 4419 2638 4470 ἀπ’
2658 4417 2827 4486 αὐτῆς
2853 4417 2950 4486 τῆς
2983 4416 3288 4479 ὑποθέσεως
3317 4416 3668 4486 ἀκαθάρτοις

2081 4511 2307 4572 ἑαυτοὺς
2342 4509 2684 4563 ἀποτελοῦσι.
2713 4509 2826 4570 Πᾶς
2853 4509 2962 4578 γάρ
2989 4510 3017 4561 ὁ
3047 4507 3238 4561 ἑαυτὸν
3264 4509 3551 4586 ἀποφήνας
3576 4526 3666 4560 κα-

398 4603 571 4656 Puros
603 4616 725 4657 esse
751 4599 1071 4668 praedicant,
1107 4598 1200 4651 illo
1239 4597 1358 4666 ipso
1387 4613 1488 4652 suo
1517 4597 1770 4666 dogmate
1801 4599 1968 4668 impu-

2082 4603 2268 4675 θαρὸν,
2305 4601 2612 4674 ἀκάθαρτον
2645 4601 2836 4655 ἑαυτὸν
2857 4600 3076 4664 τελείως
3102 4601 3388 4671 κατέκρινε

397 4708 490 4747 ros
548 4708 669 4748 sese
728 4691 956 4745 faciunt.
1006 4687 1140 4744 Nam
1187 4689 1441 4759 quis'quis
1468 4706 1666 4759 plu-um
1699 4705 1821 4744 sese
1872 4691 1987 4758 ipse
2035 4697 2374 4765 pronuntiat,
2418 4703 2675 4750 extremae
2727 4710 2786 4750 se
2827 4695 3163 4762 impuritatis
3209 4704 3400 4764 suopte
3449 4695 3670 4764 judicio

397 4788 744 4842 condemnat.
783 4832 786 4836 .

468 4883 580 4938 V'll.
638 4883 742 4938 Sed
803 4881 1141 4936 incredibilis
1203 4881 1451 4951 quasdam
1497 4881 1695 4935 horum
1736 4881 1976 4936 stultitia

367 4987 502 5044 .cst,
539 4977 668 5031 dum
702 4977 943 5046 aliquam
980 4974 1254 5044 ejusmddi
1305 4973 1606 5042 Scriptura:
1651 4973 1975 5027 sententiam

397 5084 519 5123 esse
565 5076 786 5138 putant_
804 5057 1040 5135 (tametsi
1088 5080 1274 5121 verum
1304 5080 1455 5138 ‘esse
1511 5065 1727 5120 illorum
1783 5066 1977 5137 dogma

402 5135 688 5227 fateamur)
720 5173 839 5228 qua:
859 5160 927 5212 de
957 5158 1218 5212 universo
1246 5135 1458 5227 μοι)υῶ
1477 5157 1624 5212 hunc
1661 5158 1716 5212 in
1754 5135 1975 5214 modum

400 5257 626 5303 statuat.
676 5249 832 5303 Scire
877 5249 1021 5304 enim
1053 5250 1188 5304 illud
1236 5244 1560 5314 debuerant,
1612 5268 1721 5306 non
1765 5252 1820 5306 in
1872 5253 1975 5307 hoc

398 5342 576 5395 solum
608 5355 805 5409 genere
839 5342 1119 5396 hominum
1173 5342 1388 5398 animos
1444 5352 1537 5397 aut
1583 5345 1797 5413 culpam
1843 5357 1975 5398 con-

397 5431 634 5492 trahere,
668 5439 759 5483 aut
785 5431 983 5486 virtute
1016 5433 1272 5500 praeditos
1293 5451 1462 5516 £556,
1519 5436 1612 5489 sed
1661 5435 1792 5489 illud
1835 5447 1974 5503 prie-

485 5652 500 5683 '
537 5649 709 5706 lCor.
747 5669 817 5714 tv,
859 5651 908 5707 5.

2145 4885 2215 4936 Z'.
2247 4881 2424 4952 Πολλὴ
2451 4881 2510 4936 δὲ
2547 4880 2702 4936 ἄνοια
2735 4881 2844 4934 τῶν
2874 4884 3130 4935 τοιούτων
3158 4877 3492 4951 νομιζόντων
3522 4879 3671 4936 εἷναί

2073 4993 2149 5040 τι,
2188 4976 2237 5028 εἰ
2268 4974 2360 5027 καὶ
2403 4969 2471 5044 ἦν
2503 4973 2701 5044 ἀληθὲς
2746 4972 2810 5026 τὸ
2851 4974 3131 5043 κήρυγμα,
3164 4973 3290 5043 περὶ
3332 4973 3537 5035 παντὸς
3571 4975 3670 5027 τοῦ

2075 5066 2204 5120 λαοῦ
2235 5063 2408 5128 οὕτως
2439 5066 2668 5132 φάσκον.
2697 5065 2844 5118 Ἔδει
2868 5064 2925 5117 δὲ
2952 5064 3178 5131 γνῶναι,
3213 5064 3293 5116 ὅτι
3319 5063 3384 5116 οὐ
3409 5064 3542 5133 περὶ
3567 5065 3672 5133 τῆς

2075 5157 2384 5218 ὑποθέσεως
2410 5155 2614 5226 ταύτης
2651 5155 2808 5225 μόνον
2837 5155 2897 5208 τὸ
2935 5154 3187 5224 ἔγκλημα
3215 5153 3453 5224 ὑπάρχει
3490 5153 3673 5224 ψυχῇ,

2078 5249 2112 5319 ἢ
2151 5247 2213 5300 τὸ
2243 5246 2330 5301 διὰ
2362 5246 2521 5300 τοῦτο
2567 5246 2819 5316 ἐνάρετον
2875 5245 3121 5314 γενέσθαι
3165 5246 3343 5316 μόνον,
3386 5245 3530 5300 ἀλλὰ
3573 5250 3670 5299 καὶ

2079 5341 2140 5393 τὸ
2165 5341 2238 5413 μὴ
2279 5339 2558 5410 λοιδορεῖν,
2595 5338 2669 5410 μὴ
2700 5337 2929 5408 ὀμνύναι
2968 5339 3152 5408 ὅρκον,
3173 5341 3307 5409 μήτε
3327 5339 3385 5391 ὲν
3405 5337 3670 5410 ἀληθείᾳ.

2085 5433 2219 5502 μήτε
2241 5433 2300 5484 ὲν
2323 5429 2508 5500 ψεύδει
2536 5448 2547 5460 ·
2579 5429 2712 5482 ἀλλά
2740 5429 2982 5492 ναὶμτιὶ,
3023 5431 3114 5482 καὶ
3146 5429 3216 5483 οὓ
3238 5427 3522 5498 οὒ,λιγειν
3541 5445 3556 5458 ·
3591 5429 3672 5501 μὴ

992 5653 1010 5682 ³
1044 5650 1214 5704 lCor.
1256 5667 1338 5718 ιιι,
1375 5654 1503 5705 ~l5.~
1537 5653 1555 5681 ³
1598 5651 1764 5705 lCor.
1788 5669 1881 5718 vn,
1916 5652 2003 5706 59.
2079 5654 2094 5681 ³
2133 5652 2266 5704 ibid.
2300 5652 2387 5706 40.
