3840 6062
217 241 363 299 Ἶθὲθ

230 354 581 418 δολιεύεσθαι,
644 352 718 423 μὴ
731 351 1057 415 διαϐάλλειν,
1096 350 1171 422 μὴ
1194 349 1467 413 κλέπτειν,
1500 347 1575 420 μὴ
1607 349 1812 418 ὲμπορ⁴
1840 351 1881 407 Α

227 447 494 507 γεύεσθαι.
534 445 629 498 Ἐκ
670 443 876 497 τούτων
914 443 1022 515 γὰρ
1070 443 1288 496 πάντων
1336 441 1626 508 συνάγεται
1669 439 1801 511 ἡμῖν

228 539 293 594 τὰ
346 536 488 610 ρύπη
554 535 663 588 τῶν
721 533 1166 606 ἁμαρτημάτων.
1217 532 1316 598 Ὠς
1370 531 1500 602 γὰρ,
1556 530 1795 601 (meimei

227 627 545 693 πάσσαλος
585 626 695 697 (14)
733 626 851 680 ἀνὰ
889 623 1084 693 μέσον
1117 622 1234 676 τῶν
1274 623 1385 677 δύο
1417 623 1604 677 λίθων
1647 634 1800 699 dvr-

225 722 492 789 τρίϐεται.
526 717 714 782 οὕτως
749 716 788 783 ἠ
821 716 1076 785 ἁμαρτία
1121 714 1238 771 ἀνὰ
1262 713 1458 785 μέσον
1493 712 1805 784 ἀγοράζονα

226 826 326 875 τος
349 807 444 862 καὶ
470 805 842 870 πωλοῦντος*
875 805 969 858 καὶ⁵
996 804 1077 857 ὅτι
1106 804 1171 857 ὲκ
1201 802 1294 857 τοῦ
1320 801 1558 874 πλήθους
1586 801 1805 864 πάντως

212 898 319 954 ,καὶ
355 897 594 969 μέθυσοι,
639 897 733 949 καὶ
769 896 976 967 πόρνοι,
1011 895 1108 949 καὶ
1149 895 1487 957 πλεονέκται,
1529 893 1622 947 καὶ
1654 910 1803 945 τοκι-

228 990 368 1053 σταὶ,
397 990 492 1043 καὶ
523 988 738 1051 πάντως
775 988 856 1041 ὅτι
893 986 963 1040 τὰ
988 985 1212 1040 τοιαῦτα
1237 985 1442 1056 ἔχουσι,
1474 984 1571 1037 καὶ
1594 981 1805 1045 τούτοις

224 1084 386 1153 ὃμοια
409 1099 424 1116 σ
451 1083 533 1136 ὅτι
562 1082 656 1135 καὶ
683 1080 976 1151 ψεύσματα
1005 1081 1219 1148 ἑκάστῳ
1247 1078 1428 1132 αὐτῶν
1459 1075 1805 1147 παρακολου-

182 1174 325 1253 ρθεῐ.
362 1173 486 1237 Πῶς
515 1170 608 1228 οὖν
643 1173 894 1226 δύνανται
939 1172 1166 1234 ἑαυτοὺς
1195 1168 1479 1240 Καθαροὺς
1511 1166 1806 1221 ἀποκαλεῖν

221 1266 308 1320 διὰ
355 1266 453 1338 τῆς
505 1267 634 1336 μιᾶς
684 1264 1055 1335 ὑποσχέσεως,
1108 1261 1205 1333 τῆς
1255 1260 1436 1331 πάσης
1490 1257 1631 1311 κατὰ
1673 1256 1806 1310 Θεδν

224 1355 608 1427 πραγματείας
640 1354 770 1425 περὶ
810 1353 1027 1406 πάντων
1066 1350 1173 1404 τῶν
1218 1348 1544 1419 σφαλμάτων
1574 1344 1806 1413 ἀσφαλι-

222 1446 496 1518 ζομένηςς
534 1446 648 1499 Οὐκ
690 1444 932 1514 ἔγνωσαν
960 1460 1019 1497 τε
1058 1434 1203 1496 οῦτοι
1229 1440 1299 1494 τὰ
1335 1438 1537 1510 ἀκριϐῆ
1579 1434 1674 1490 τοῦ
1709 1453 1799 1507 κην

225 1535 526 1606 ρύγματος,
577 1535 697 1590 οὐδὲ
752 1534 857 1588 τίνι
910 1532 1153 1605 ἀφώρισε
1191 1530 1253 1585 τὸ
1291 1528 1610 1601 ἁκρίὸασιια
1649 1524 1807 1580 τοῦτο

206 1628 321 1697 ⁸τῆς
347 1628 629 1701 διγαμίας.

885 233 1250 292 ADVERSUS
1284 229 1623 288 HERESES
1662 229 1789 284 LIB.
1832 229 1907 315 ll1
1940 226 2100 287 TOM.
2150 228 2264 282 l.—
2303 226 2578 284 HERES.
2622 227 2762 284 ΗΧ.

3342 232 3481 289 ιοῖο

1914 322 2062 399 terea
2111 342 2344 413 requiri,
2379 350 2437 396 ut
2468 356 2644 412 neque
2691 340 3081 403 convitiéti'tur,
3122 355 3225 397 nec
3257 344 3484 399 omnino

1909 449 2036 489 vere
2084 431 2293 489 falsove
2336 432 2550 502 jureut,
2600 447 2701 488 nec
2742 432 2886 486 aliud
2929 432 3223 503 quidquam
3264 442 3486 503 praeter,

1903 526 2087 591 etiam,
2123 526 2319 593 etiam,
2381 541 2503 589 non,
2548 526 2718 590 non”,
2759 532 3060 595 usurpent;
3099 539 3169 579 ne
3207 524 3334 579 dulo
3384 526 3491 579 cir-

1903 619 2281 681 cumveniant,
2341 632 2410 672 ne
2459 616 2898 682 calumniantur,
2946 631 3015 671 ne
3069 604 3355 682 furentur,
3416 628 3478 669 ne

1904 715 2154 780 stuprum
2182 707 2555 763 committant.
2581 705 2795 773 Quibus
2822 722 2890 762 ex
2916 706 3169 761 omnibus
3194 706 3480 760 criminum

1906 798 2097 854 sordes
2130 799 2457 870 colligimus.
2512 798 2711 870 Atque,
2762 808 2821 852 ut
2871 799 3049 869 palus,
3099 797 3294 868 inquit,
3347 798 3479 853 inter

1904 891 2037 946 duos
2080 891 2279 959 lapides
2307 891 2598 947 conteritur
2618 932 2633 956 ,
2672 891 2749 945 sic
2778 898 3050 961 peccatum
3086 891 3140 943 in
3172 888 3341 943 medio
3370 888 3482 957 ejus

1905 985 1995 1052 qui
2021 985 2168 1047 emit,
2223 992 2273 1038 et
2306 982 2482 1039 vendit
2507 984 2554 1038 ³.
2589 983 2668 1038 Ad
2700 984 2815 1038 haec
2847 983 3224 1038 necessarium
3254 996 3394 1045 esse,
3428 987 3482 1034 ut

1907 1080 1961 1129 et
1989 1074 2146 1138 ebrii,
2170 1085 2224 1129 et
2251 1083 2613 1148 stupratores,
2655 1082 2717 1128 et
2746 1074 2920 1140 avari,
2953 1084 3006 1129 et
3048 1073 3405 1134 feneratores,
3435 1082 3482 1126 et

1909 1163 2201 1234 ejusmodi,
2250 1180 2312 1220 ac
2358 1165 2632 1220 similibus
2682 1164 2831 1221 vitiis
2883 1164 3142 1219 obstricti
3208 1164 3261 1218 in
3305 1163 3485 1236 populi

1910 1255 2269 1311 multitudine
2334 1265 2667 1311 versentur:
2701 1254 3143 1325 quandoquidem
3196 1254 3485 1321 unicuique

1910 1346 2193 1401 mendacia
2244 1346 2645 1402 adhmrescunt.
2692 1345 2939 1413 Quanam
2974 1346 3142 1418 igitur
3176 1344 3355 1401 fronte
3384 1344 3483 1402 Pu-

1910 1451 2004 1492 ros
2056 1437 2332 1507 appellare
2396 1437 2611 1505 seipsos
2676 1437 2943 1507 singulari
3000 1436 3092 1491 illa
3153 1435 3489 1507 professione

1910 1530 2144 1598 pohsunt
2175 1546 2189 1581 :
2223 1542 2346 1582 cum
2395 1528 2574 1582 omnis
2616 1526 2943 1581 Christiana:
2980 1525 3105 1581 vitae
3138 1525 3489 1581 instituenda

1912 1616 2054 1669 ratio
2096 1615 2169 1670 ab
2216 1616 2365 1669 omni
2412 1614 2737 1670 delictorum
2786 1630 2984 1686 genere
3035 1614 3334 1669 cavendum
3370 1629 3491 1670 esse

220 1720 561 1777 constituat?
610 1718 781 1790 Igitur
820 1715 1145 1773 Christianae
1171 1713 1436 1769 doctrinae
1477 1715 1792 1765 accuratam
1830 1705 1907 1761 illi
1936 1704 2169 1760 formam
2221 1720 2332 1760 non
2378 1712 2623 1769 norunt;
2662 1720 2840 1776 neque
2892 1705 3110 1779 cuinam
3162 1713 3354 1760 exacta
3401 1706 3497 1761 illa

202 1815 288 1870 -de
325 1812 587 1870 secundis
625 1811 833 1882 nuptiis
861 1808 1194 1880 praescriptis
1228 1807 1314 1861 lex
1355 1804 1541 1869 fuerit,
1575 1816 1803 1873 prorsus
1830 1797 2166 1868 intelligunt.

302 1907 467 1964 Ἀλλὰ
505 1909 600 1963 καὶ
625 1909 676 1959 οἱ
720 1896 830 1960 ἀπὸ
864 1903 957 1958 τοῦ
989 1902 1229 1975 διωγμοῦ
1282 1897 1804 1973 παραπεπτωκότες,
1838 1898 1881 1955 Β

203 2001 313 2055 "xui.
339 1998 500 2053 αὐτοὶ
532 1997 628 2051 ἐὰν
655 1994 995 2061 ὲνδείξωνται
1037 1991 1248 2046 τελείαν
1272 1991 1371 2062 τὴν
1406 1987 1715 2061 μετάνοιαν,
1751 1988 1809 2038 ὲν

217 2088 413 2157 σάκκῳ
448 2086 545 2140 καὶ
589 2082 772 2156 σποδῷ
797 2080 1173 2146 καθεσθέντες,
1207 2079 1302 2134 καὶ
1357 2076 1693 2140 κλαύσαντες
1726 2075 1811 2127 ὲν-

198 2175 395 2230 ιὼπιον
430 2174 662 2247 Κυρίου,
684 2172 911 2235 δυνατός
938 2173 1087 2224 ἐστιν
1118 2170 1148 2222 ὁ
1177 2168 1472 2238 εὐεργέτης
1503 2166 1597 2219 καὶ
1616 2164 1812 2225 αὐτοὺς

200 2269 464 2339 ὶλεῆσαι.
502 2267 575 2319 Οὐ
606 2267 717 2336 γάρ
751 2281 803 2317 τι
847 2261 1047 2332 φαῦλον
1091 2261 1298 2329 γίνεται
1349 2257 1459 2312 ἀπὸ
1500 2253 1809 2326 μετανοίας.

144 2380 149 2385 υ
216 2357 452 2428 Δέχεται
480 2351 574 2408 οῦν
605 2354 731 2416 τοὺς
765 2350 1160 2423 μετανοοῦντας
1187 2350 1215 2402 ὁ
1243 2345 1449 2418 Κύριος
1471 2346 1563 2398 καί⁸
1588 2345 1622 2415 ἡ
1643 2340 1809 2396 αὐτοῦ

205 2444 535 2515 ΔἘκκλησία
551 2460 564 2473 ·
589 2442 663 2505 ὡς
686 2440 985 2512 ἐπέστρεψε
1014 2439 1311 2508 Μανασσῆς
1336 2440 1364 2490 ό
1390 2435 1506 2500 υίὸς
1546 2433 1810 2519 Ἐζεκίου,

194 2537 313 2591 ’καὶ
359 2535 557 2605 ἐδέχθη
612 2534 716 2586 ύπὺ
766 2533 1007 2603 Κυρίου*
1044 2531 1139 2584 καὶ
1178 2531 1207 2582 ὁ
1247 2527 1626 2601 ἀρνησάμενος
1676 2523 1815 2596 πρὸς

193 2629 371 2699 σῶραν
407 2627 566 2695 ἅγιος
599 2624 824 2696 Πέτρος,
856 2624 949 2676 καὶ
978 2622 1407 2695 κορυφαιότατος
1439 2619 1547 2673 τῶν
1578 2616 1812 2673 ἀποστό-

194 2720 347 2782 λων,
394 2717 458 2781 ὃς
497 2716 720 2786 γέγονεν
750 2716 899 2786 ’ἡμῖν
936 2713 1152 2787 ἀληθῶς
1200 2712 1398 2783 στερεὰ
1441 2711 1618 2784 πέτρα
1650 2708 1814 2782 θεμε-

209 2808 415 2863 λιοῦσα
444 2807 545 2878 τὴν
587 2805 771 2859 πίστιν
804 2805 897 2859 τοῦ
944 2803 1155 2876 Κυρίου
1177 2820 1192 2834 ο
1225 2803 1310 2873 ἐφ’
1426 2801 1743 2874 ᾠκοδόμητο

225 2895 536 2966 Ἐκκλησία
557 2895 701 2950 κατά
730 2894 908 2949 πάντα
936 2893 1154 2966 τρόπον.
1187 2892 1413 2964 Πρῶτον
1436 2892 1535 2963 μὲν
1565 2893 1647 2946 ὅτι
1673 2892 1818 2965 ὠμο-

209 2987 423 3061 λόγησε
456 2987 693 3059 Χριστὸν
737 2987 827 3041 τὸν
859 2986 990 3040 Υἱδν
1024 2985 1117 3041 τοῦ
1157 2985 1292 3041 Θεοῦ
1332 2984 1426 3039 τοῦ
1469 2984 1691 3052 ζῶντος,
1720 2984 1818 3039 καὶ

202 3079 482 3152 ἤκουσεν,
528 3080 612 3132 ὅτι
662 3078 795 3133 Ἐπί
838 3075 914 3147 τῇ
947 3077 1132 3147 πέτρᾳ
1181 3078 1367 3148 ταύτῃ
1417 3076 1520 3148 τῆς
1569 3075 1818 3146 ἀσφαλῆς

215 3172 464 3236 πίστεως
484 3170 864 3240 οἰκοδομήσω
876 3187 996 3240 μου
1018 3168 1133 3238 τὴν
1170 3169 1559 3237 Ἐκκλησίαν.
1596 3169 1815 3240 Ἐπειδὴ

218 3263 412 3333 σαφῶς
442 3229 633 3314 -αύτὸν
665 3229 1016 3330 ιῖῦμολόγήσεν
1047 3229 1176 3312 raw
1222 3229 1494 3329 ἀληθίνόν.
1537 3258 1659 3324 Τὸ)
1703 3229 1815 3330 γάῥ
1838 3229 1887 3289 ο

202 3354 418 3418 ἐίπεῖν,
494 3349 626 3405 Υίδν
673 3346 809 3403 θεοῦ
864 3347 1066 3414 ζῶντος
1084 3388 1098 3413 ,
1157 3346 1363 3412 ἔδειξεν
1408 3347 1538 3401 Υίὸν
1591 3349 1812 3419 γνήσιον

211 3443 383 3510 εῖναι,
422 3442 572 3516 μετὰ
594 3442 913 3515 προσθήκης
938 3440 1059 3511 τῆς,
1083 3435 1320 3506 ζῶντος,
1349 3439 1426 3504 ὡς
1452 3440 1510 3493 ὲν
1538 3438 1687 3511 πάσῃ
1722 3456 1812 3510 μοι

215 3531 414 3604 σχεδὸν
443 3529 664 3602 αἱρέσει
700 3527 828 3600 περὶ
857 3527 1049 3582 τούτου
1080 3526 1317 3600 εἴρηται.
1765 3552 1815 3623 ιε

289 3796 374 3849 ειν.
420 3790 596 3847 ’Δλλὰ
619 3790 714 3847 καὶ
755 3791 883 3861 περὶ
910 3788 1006 3843 τοῦ
1045 3788 1201 3858 ἁγίου
1241 3788 1558 3859 Πνεύματος
1595 3792 1623 3844 ὁ
1655 3790 1816 3855 αὐτὸς

204 3887 595 3959 ὴσφαλίζεται
644 3885 815 3957 ἡμᾶς,
858 3884 1034 3953 λέγων
1076 3886 1191 3947 τοῖς
1238 3883 1367 3954 περὶ
1413 3883 1661 3938 ’Δνανίαν
1686 3903 1699 3916 ·
1758 3886 1819 3940 Τί

198 3980 309 4036 εὸτι
366 3981 707 4049 ἐπείρασεν
750 3976 906 4048 ὑμᾶς
948 3979 980 4032 ό
1028 3974 1323 4051 Σατανᾶς,
1358 3977 1704 4046 ψεύσασθαι
1750 3979 1819 4033 τὸ

215 4073 473 4143 Πνεῦμα
499 4072 572 4125 τὸ
598 4069 803 4139 (irier;
826 4070 951 4123 Οὐκ
964 4066 1254 4137 ἀνθρώπῳ
1271 4066 1637 4137 ἐψεύσασθε,
1657 4069 1822 4124 ἀλλά

205 4164 299 4233 τῷ
321 4163 473 4231 Θεῷ.
512 4161 665 4218 Διότι
690 4163 756 4217 ὲκ
783 4161 918 4215 Θεοῦ
938 4160 1000 4214 τὸ
1024 4160 1269 4231 Πνεῦμα,
1297 4159 1393 4214 καὶ
1414 4159 1514 4213 οὐκ
1542 4159 1821 4232 ἀλλότριον

205 4257 382 4313 Θεοῦ.
432 4254 609 4310 Ἀλλὰ
650 4253 746 4308 καὶ
797 4251 1033 4307 ἐνταῦθα
1065 4251 1262 4324 στερεὰ
1307 4251 1484 4324 πέτρα
1532 4253 1823 4323 οἰκοδομῆς

212 4352 315 4408 καὶ
347 4348 618 4421 θεμέλιος
645 4346 794 4399 οτκου
823 4343 959 4398 Θεοῦ
983 4345 1296 4416 γεγένηται,
1320 4344 1380 4397 ὲν
1401 4343 1483 4414 τῷ
1510 4344 1825 4416 ἀρνησάμε-

212 4461 308 4499 νον
331 4442 509 4497 αὑτὸν
532 4440 631 4494 καὶ
654 4437 818 4493 πάλιν
848 4436 1284 4509 ὑποστρέψαντα,
1313 4435 1601 4508 εὑρεθέντα
1632 4454 1692 4490 τε
1719 4438 1825 4492 ὑπὸ

213 4534 435 4607 Κυρίου
467 4531 574 4588 καὶ
606 4528 1011 4594 καταξιωθέντα
1039 4528 1203 4583 πάλιν
1244 4529 1508 4583 ἀκοῦσαιο
1544 4532 1827 4600 Ποίμαινε

213 4628 295 4682 τὰ
321 4622 614 4696 πρόϐατά
628 4639 767 4692 μου·
799 4622 916 4686 καὶ,
940 4623 1224 4691 Ποίμαινε
1246 4620 1318 4675 τὰ
1340 4621 1519 4690 ἀρνία
1545 4639 1686 4700 μους
1708 4608 1825 4689 καὶ,

212 4719 525 4788 Ποίμαινε
550 4713 626 4768 τὰ
656 4711 922 4782 πρόϐατά
950 4729 1091 4782 μου.
1139 4713 1198 4767 Ὃ
1223 4712 1332 4784 γὰρ
1370 4712 1624 4784 Χριστὸς,
1671 4715 1829 4770 τοῦτο

211 4807 425 4877 λέγων,
470 4808 562 4870 είς
609 4806 941 4878 ἐπιστροφὴν
972 4807 1119 4877 ἡμᾶς
1152 4807 1330 4877 ἤγαγε
1387 4808 1702 4877 μετανοίας·
1741 4809 1828 4862 ἵνα

212 4901 279 4955 ἑν
307 4899 474 4970 αὐτῷ
519 4897 688 4952 πάλιν
737 4897 1115 4969 οἰκοδομηθείη
1161 4899 1194 4967 ἡ
1242 4896 1701 4967 εύθεμελιώτατος
1737 4901 1829 4954 πίσ-

220 4999 370 5048 στις,
401 4986 438 5054 ἡ
472 4981 557 5054 μὴ
585 4983 1007 5056 ἀπαγορεύουσα
1038 4983 1187 5056 ζωὴν
1223 4982 1333 5038 τῶν
1364 4984 1692 5053 ἀνθρώπων,
1715 4983 1830 5036 ὅσοι

211 5076 540 5147 ὲμπνέουσι
596 5074 675 5145 τῷ
732 5075 853 5146 βίῳ,
913 5076 1007 5129 καὶ
1066 5073 1419 5146 μετανοοῦσιν
1472 5077 1532 5129 ὲν
1577 5073 1828 5165 ἀληθερδι,

294 5238 313 5269 ι
357 5233 429 5293 ιτ,
460 5231 572 5304 τῷ,
653 5232 893 5304 filatth.
920 5248 972 5297 γ,
999 5232 1090 5304 32.
1218 5231 1239 5261 ³
1263 5229 1431 5286 Eccli.
1457 5249 1630 5302 mm,
1653 5236 1711 5291 Ξ.

216 5305 388 5363 ’Act.
427 5301 573 5392 ν,
646 5301 848 5358 'Joan.
883 5317 997 5365 ut,
1026 5302 1091 5356 15
1111 5317 1233 5373 sqq.
1306 5360 1315 5379 ι

290 5486 417 5558 (14)
472 5483 587 5558 Ὠς
609 5481 743 5558 γᾴρ,
779 5479 991 5558 φησιν,
1030 5482 1064 5533 ό
1099 5478 1438 5558 πάσσατζος.
1476 5479 1717 5558 unitatis,
1762 5496 1826 5558 ῃι

216 5550 625 5622 solet,verbis
671 5553 849 5605 locum
902 5550 1065 5622 istum
1126 5550 1375 5622 protulit,
1408 5550 1504 5620 qui
1554 5552 1625 5604 ita
1654 5550 1817 5606 Encli.

218 5618 383 5682 nni
423 5632 744 5688 conceptus
760 5626 842 5675 est
878 5636 893 5670 :
940 5618 1236 5690 ’Λναμέσον
1268 5618 1485 5674 λιθίνων
1524 5623 1827 5693 παγήσεται

1836 5240 1860 5272 ⁸
1889 5239 1933 5296 ll
1956 5241 2080 5298 Par.
2125 5262 2318 5313 sum,
2339 5249 2426 5304 i3.

1979 1864 2134 1959 Quod
2183 1891 2248 1947 ad
2290 1907 2386 1948 eos
2438 1907 2568 1948 vero
2616 1899 2847 1964 spectat,
2905 1893 2996 1963 qui
3024 1864 3501 1962 itipersecutione

1913 1984 2075 2056 500
2122 1985 2365 2056 prolapsi
2401 1994 2552 2053 sunt,
2603 1986 2765 2040 etiam
2823 1986 2961 2050 illis,
3011 1984 3059 2040 si
3109 1984 3164 2038 in
3209 1997 3383 2051 sacco,
3430 1996 3496 2035 ac

1911 2080 2097 2133 cinere
2120 2078 2375 2133 sedentes
2392 2093 2693 2150 coramque
2717 2077 2948 2133 Domino
2970 2077 3182 2140 ﬁentes,
3201 2075 3495 2145 perfectam

1912 2183 2021 2237 prae
2066 2183 2125 2223 se
2170 2169 2553 2239 pmnitentiam
2610 2170 2860 2235 tulerint,
2909 2169 3186 2224 beneﬁcus
3231 2166 3321 2220 ille
3356 2163 3498 2219 Deus

1912 2259 2350 2314 misericordiam
2426 2260 2686 2315 adhibere
2744 2267 2946 2330 potest.
3019 2256 3168 2311 Nihil
3227 2256 3372 2311 cnim
3430 2270 3496 2308 ex

1913 2349 2231 2419 paenitentia
2267 2351 2395 2404 mali
2438 2350 2729 2405 redundat.
2769 2349 2984 2421 Excipit
3016 2365 3145 2421 ergo
3174 2352 3499 2421 pmnitentes
3576 2417 3586 2426 _

1915 2438 2188 2507 Dominus,
2263 2455 2477 2495 necnon
2535 2441 2658 2511 ejus
2714 2439 2982 2507 Ecclesia,
3037 2440 3498 2511 quemadmodum
3568 2476 3575 2483 ι

1914 2531 2196 2589 Manasscs
2229 2531 2475 2587 Ezechiae
2512 2533 2657 2589 ﬁlius
2690 2549 2986 2589 conversus
3008 2541 3113 2596 est,
3136 2541 3190 2588 et
3216 2548 3246 2586 a
3270 2532 3501 2587 Domino

1914 2632 2170 2693 receptus
2198 2623 2246 2687 δ,
2286 2610 2525 2694 itemque
2569 2626 2826 2696 princeps
2866 2627 3237 2695 apostolorum
3281 2622 3499 2688 Petrus.

1913 2713 2007 2782 qui
2085 2710 2380 2770 Dominum
2456 2713 2752 2784 aliquando
2810 2716 3051 2785 negavit.
3115 2713 3219 2781 Qui
3279 2714 3501 2785 quidem

1916 2801 2104 2858 solidae
2146 2811 2315 2872 petrae
2374 2804 2547 2859 instar
2577 2806 2737 2861 nobis
2771 2806 2998 2870 exstitit,
3027 2806 3114 2860 cui
3145 2806 3290 2860 velut
3319 2805 3505 2863 funda-

1915 2902 2099 2949 mento
2120 2892 2345 2948 Domini
2380 2893 2514 2951 ﬁdes
2544 2896 2826 2960 innititur.
2860 2912 3026 2967 supra
3065 2912 3227 2966 quam
3259 2895 3523 2957 Ecclesia,

1915 2985 2093 3039 modis
2138 2984 2393 3040 onmibus
2442 2994 2722 3043 exstructa
2751 2996 2855 3043 est.
2911 2986 2970 3041 In
3013 2988 3207 3058 primis
3260 2988 3501 3058 quidem.

1923 3076 2071 3145 quod
2100 3074 2382 3131 Christum
2428 3076 2521 3131 Dei
2551 3079 2660 3131 viri
2688 3077 2886 3132 Filium
2918 3094 3044 3133 esse
3070 3079 3359 3136 confessus
3397 3089 3502 3143 est,

1919 3164 2083 3235 idque
2137 3165 2380 3221 vicissim
2432 3165 2645 3220 audiit:
2681 3166 2857 3236 Supra
2912 3168 3050 3222 hanc
3116 3169 3308 3225 solidae
3370 3168 3495 3225 ﬁdei

1916 3265 2123 3324 petram
2196 3257 2473 3328 aediﬁcabo
2542 3258 2838 3313 Ecclesium
2917 3276 3088 3314 meam
3125 3260 3165 3314 ⁸.
3231 3260 3504 3328 Quoniam

1915 3347 2118 3402 diserte
2175 3364 2363 3403 verum
2419 3350 2571 3405 illum
2632 3366 2755 3407 esse
2813 3350 3011 3408 Filium
3064 3355 3322 3409 asseruit.
3368 3355 3505 3410 Cum

1914 3439 2060 3494 enim
2104 3439 2213 3493 vivi
2257 3438 2348 3495 Dei
2397 3437 2594 3494 Filium
2642 3441 2780 3496 dixit
2808 3442 2850 3507 ⁸,
2912 3442 3125 3511 adjecta
3192 3443 3295 3497 vivi
3332 3444 3505 3513 parti-

1915 3530 2063 3592 cula,
2089 3546 2410 3600 germanum
2439 3531 2590 3586 illum
2624 3546 2755 3588 esse
2790 3531 2990 3587 Filium
3022 3534 3232 3590 docuit.
3272 3534 3331 3589 id
3358 3534 3508 3606 quod

1918 3624 1974 3678 in
2010 3623 2266 3677 omnibus
2307 3639 2444 3693 pene
2479 3624 2788 3681 refutandis
2837 3626 3144 3684 hazresihus
3172 3642 3202 3682 a
3246 3628 3410 3684 nobis
3432 3643 3509 3685 re-

1917 3714 2144 3787 petitum
2175 3714 2545 3770 meminimus.
2657 3754 2664 3765 .

1992 3803 2129 3859 Vill.
2167 3802 2342 3860 Porro
2363 3804 2433 3860 de
2465 3804 2673 3876 Spiritu
2720 3815 2914 3864 sancto
2956 3809 3099 3865 idem
3137 3811 3228 3866 ille
3259 3827 3362 3869 nos
3407 3811 3510 3869 Pe-

1922 3905 2043 3951 trus
2071 3896 2340 3951 certiores
2371 3896 2561 3961 efﬁcit,
2594 3912 2718 3951 cum
2752 3898 2833 3953 sic
2869 3898 3139 3953 Ananiam
3176 3886 3505 3968 alloquitur:
3568 3914 3572 3922 '

1923 3986 2065 4057 Quid
2115 3989 2291 4058 utique
2335 3989 2554 4042 tentavit
2594 4005 2683 4044 vos
2732 3986 2986 4055 Salanus,
3020 3992 3234 4045 mentiri
3266 3990 3504 4060 Spiritui

1922 4081 2145 4135 sancto?
2195 4076 2319 4134 Non
2364 4079 2569 4134 homini
2615 4083 2820 4136 mentiti
2865 4084 3015 4146 estis,
3058 4081 3149 4138 sed
3180 4081 3347 4138 Deo".
3394 4080 3509 4137 Hoc

1923 4167 2071 4223 enim
2101 4182 2168 4223 eo
2197 4166 2405 4222 dictum
2445 4176 2550 4232 est,
2596 4170 2740 4241 quod
2784 4186 2850 4227 ex
2890 4171 3002 4229 Deo
3043 4170 3282 4243 Spiritus
3324 4172 3507 4243 profe-

1926 4267 2051 4316 ctus
2083 4260 2176 4325 sit,
2213 4276 2316 4316 nec
2355 4261 2423 4318 ab
2453 4278 2520 4317 eo
2549 4262 2622 4318 sit
2649 4264 2882 4319 alienus.
2912 4263 3116 4320 Verum
3154 4272 3209 4321 et
3255 4266 3347 4321 ille
3379 4280 3511 4336 quo-

1925 4366 2032 4421 que
2061 4351 2410 4410 ﬁrmissimus
2453 4360 2745 4410 structura:
2780 4354 2938 4425 lapis,
2982 4370 3047 4410 ac
3082 4355 3281 4412 divinae
3296 4339 3510 4412 'domus

1928 4441 2346 4496 fundamentum
2377 4443 2500 4509 fuit,
2532 4458 2658 4498 cum
2684 4455 2883 4517 negato
2908 4446 3130 4513 Christo
3158 4463 3412 4505 reversus
3440 4446 3510 4502 ad

1855 4558 1907 4620 υ
1946 4548 2091 4597 sese,
2146 4534 2296 4589 velut
2356 4544 2606 4606 repertus
2636 4552 2666 4591 a
2706 4536 2960 4604 Domino,
3011 4548 3065 4595 et
3112 4539 3317 4595 honore
3358 4546 3511 4593 tanto

1934 4624 2179 4691 aﬂ‘ectus,
2209 4626 2379 4680 audiit
2414 4646 2427 4680 :
2462 4625 2631 4683 Pasce
2653 4646 2769 4684 oves
2794 4646 2937 4686 meas
2966 4647 2985 4695 ;
3029 4639 3084 4686 et
3117 4625 3329 4703 :Q’asce
3348 4646 3510 4701 agnos

1935 4731 2120 4780 meos;
2161 4732 2225 4772 ac
2269 4720 2467 4796 tertio:
2498 4720 2671 4777 Pasce
2709 4740 2824 4778 oves
2855 4740 2998 4778 meas
3019 4723 3061 4777 ⁸.
3098 4721 3230 4789 Quae
3260 4722 3512 4779 Christus

1937 4823 2066 4864 cum
2098 4809 2257 4876 dixit,
2305 4813 2374 4868 ad
2411 4814 2747 4883 pmuitentia:
2777 4832 2881 4871 nos
2907 4815 3322 4872 conversionem
3352 4814 3515 4870 indu-

1938 4900 2040 4964 xit,
2081 4917 2190 4975 quo
2224 4919 2444 4960 rursum
2486 4902 2552 4961 in'
2588 4907 2683 4962 illo
2726 4908 3059 4965 solidissime
3104 4894 3328 4963 fundata
3380 4906 3515 4963 ﬁdes

1937 4993 2322 5062 aediﬁcaretur,
2354 5014 2476 5069 quae
2505 4999 2642 5054 nulli
2672 4999 2958 5055 hominum
3001 4999 3166 5054 vitam
3193 5015 3256 5054 ac
3282 4998 3516 5055 salutem

1938 5089 2249 5156 subtrahit,
2302 5095 2546 5167 quandiu
2602 5096 2724 5151 vivi-
2769 5111 2834 5185 a‘e
2867 5096 3143 5167 spirantes
3175 5107 3323 5161 sunt,
3350 5104 3516 5165 atque

2540 5253 2561 5283 ⁸
2602 5249 2794 5308 Matth.
2857 5268 2967 5316 xvt,
2995 5253 3083 5309 i8.

2762 5365 2817 5386 ο

3193 5255 3213 5287 ⁸
3249 5255 3384 5310 ibid.
3416 5253 3514 5311 16.

1934 5367 2232 5568 «uacuatos,
2278 5489 2371 5544 καὶ
2389 5491 2693 5568 ’ἀναμέσον
2751 5493 3005 5568 πράσεως
3053 5493 3147 5551 καὶ
3199 5488 3515 5564 ἀγορασμοῦ

1936 5558 2353 5631 συντριϐήσεται
2378 5558 2646 5635 ἁμαρτία.
2780 5565 2789 5574 ’
