3948 6068
432 298 565 357 1051

1840 285 1898 343 ε.
1916 250 1919 259 ³
1942 286 2283 346 EPIPHANII

3552 295 3575 348 1
3587 295 3715 350 052

428 435 495 473 ex
546 417 732 473 animo
753 415 1134 489 paenitentiam
1176 410 1487 482 suscipiunt
1541 423 1603 464 ac
1635 406 1870 478 denique
1902 423 1998 464 sua

2111 412 2197 464 καὶ
2228 410 2561 484 διορθοῦνται
2595 409 2662 464 τὰ
2710 408 2922 463 ἑαυτῶν
2965 407 3259 477 σφάλματα
3310 407 3368 460 ἑν
3405 408 3485 479 τῷ
3530 410 3717 468 αἰῶνι

429 508 483 561 in
517 507 619 563 hoc
641 505 847 561 mundo
881 504 1080 559 delicta
1109 502 1411 571 corrigunt.

504 598 597 653 IX.
665 599 946 668 Siquidem
999 597 1055 650 in
1134 594 1363 650 Cantico
1416 594 1754 649 canticorum
1816 594 2005 649 eadem

430 704 631 759 sponsa
668 688 813 742 hunc
841 687 897 741 in
930 686 1150 741 modum
1174 698 1378 754 sponso
1404 684 1684 755 loquitur:
1714 682 2007 753 Respondet

429 781 599 848 frater
650 796 820 845 meus,
857 787 907 834 et
936 778 1065 833 dicit
1090 777 1218 831 mihi
1247 791 1265 830 :
1292 774 1478 847 Surge,
1512 780 1806 847 propinqua
1854 794 2005 844 mea,

430 872 666 947 formosa
715 888 851 936 mea,
893 870 1138 925 columba
1160 885 1313 935 mea;
1345 871 1596 940 quoniam
1634 871 1796 925 hiems
1828 881 2007 925 trans-

429 962 560 1014 iit‘:
590 962 691 1017 hoc
712 970 817 1029 εει,
853 960 1027 1017 tristis
1057 961 1171 1025 illa,
1196 975 1261 1015 ac
1290 960 1575 1016 tenebrosa
1614 962 2004 1032 terribilisque,

428 1058 487 1104 ut
516 1051 589 1104 ita
650 1050 851 1115 dicam,
903 1051 1226 1104 nebularum
1287 1051 1466 1121 caligo
1532 1052 1774 1106 transiit.
1834 1053 2009 1107 Imber

427 1143 580 1208 abiit,
612 1152 661 1196 et
686 1143 918 1207 recessit,
944 1142 1101 1209 ﬂores
1131 1152 1488 1211 apparuerunt
1522 1141 1576 1195 in
1607 1153 1749 1196 terra
1780 1152 1962 1197 nostra
1987 1160 2006 1197 :

430 1244 629 1302 tempus
672 1234 967 1302 putationis
1011 1233 1263 1287 advenit:
1293 1248 1391 1286 vox
1422 1235 1646 1288 turturis
1696 1234 1882 1288 audita
1927 1245 2006 1289 est

428 1326 481 1377 in
515 1334 658 1378 terra
712 1334 896 1378 nostra
941 1340 959 1376 :
984 1324 1119 1392 ﬁcus
1157 1324 1377 1393 protulit
1421 1341 1635 1394 grossos
1665 1326 1820 1396 501
1854 1344 2002 1389 suos,

429 1418 589 1470 vinea:
640 1424 835 1469 nostra:
883 1416 1271 1484 germinarunt,
1311 1412 1567 1470 dederunt
1603 1416 1817 1472 odorem
1844 1421 1887 1471 '.
1937 1417 2005 1473 Ut

426 1507 705 1577 praeterita
737 1507 1247 1562 omniatransiisse
1291 1516 1645 1574 monstraret,
1682 1524 1744 1563 ac
1778 1524 2004 1565 vernum

426 1598 589 1652 modo
638 1607 855 1667 tempus
889 1595 1104 1662 ﬂorere,
1149 1608 1403 1668 pacatum
1440 1615 1591 1655 mare
1634 1616 1699 1653 ac
1742 1601 2006 1671 tranquil-

428 1692 539 1743 lum
591 1705 737 1753 esse,
800 1689 1058 1744 imbrium
1119 1692 1369 1745 timorem
1417 1692 1769 1760 praeteriisse,
1820 1702 2003 1748 vetera

2108 518 2301 571 τούτῳ.
3216 568 3221 572 ἢ

2179 592 2254 646 8'.
2296 591 2406 645 Καὶ
2438 591 2496 644 ὲν
2531 590 2611 661 τῷ
2651 593 2894 662 ’ᾼσματι
2924 588 3031 643 τῶν
3063 589 3323 660 ᾀσμάτων
3350 589 3455 661 ἔφη
3492 593 3641 664 αὐτὴ
3670 598 3710 666 ἡ

2108 681 2295 755 νύμφη
2333 684 2469 756 πρὸς
2497 684 2587 738 τὸν
2634 683 2867 754 νυμφίον
2901 682 3136 749 λέγουσα
3156 698 3170 712 ⁸
3219 684 3643 752 Ἀποκρίνεται
3675 690 3715 739 ό

2107 774 2369 845 ἀδελφός
2391 793 2532 845 μου,
2584 776 2683 829 καί
2718 773 2879 843 λέγει
2922 791 3058 843 μοι’
3110 774 3390 840 Ἀνάστα,
3435 776 3606 839 ἐλθὲ,
3666 778 3711 844 ἡ

2108 867 2378 935 πλησίον
2412 884 2532 937 μου
2557 884 2570 897 ·
2608 865 2764 934 καλή
2804 883 2945 935 μου,
2986 864 3305 933 περιστερά
3336 882 3491 934 μου’
3527 867 3625 920 ὅτι
3675 868 3714 920 ό

2107 958 2329 1029 χειμὼν
2383 958 2682 1026 παρῆλθε·
2713 957 2784 1011 τὰ
2832 957 3073 1029 στυγερά
3113 974 3172 1009 τε
3211 957 3305 1010 καὶ
3332 956 3546 1028 ζοφώδη
3594 958 3713 1027 τῆς

2110 1049 2416 1119 συννεφίας,
2467 1049 2563 1103 καλ⁸
2613 1047 2992 1120 φοϐερώτατα,
3030 1048 3106 1111 ώς
3152 1049 3345 1111 εἰπεῖν,
3387 1048 3705 1118 παρῆλθεν.

2122 1139 2183 1192 '0
2216 1140 2391 1205 ὑετὸς
2415 1137 2712 1207 ἀπῆλθεν,
2729 1140 3019 1207 ἐπορεύθη
3039 1138 3248 1203 ἑαυτῷ-
3265 1139 3337 1193 tit
3353 1139 3508 1208 ἄνθη
3525 1139 3704 1209 ὤφθη

2106 1232 2177 1285 ὲν
2203 1230 2278 1300 τῇ
2301 1229 2379 1301 τῇ
2402 1230 2600 1300 ἡμῶν·
2633 1235 2666 1285 ό
2698 1231 2904 1299 καιρός
2919 1229 3027 1299 τῆς
3045 1230 3232 1300 τομῆς
3253 1231 3501 1301 ἔφθασεο
3520 1231 3703 1301 φωνὴ

2076 1322 2216 1390 κτῆς
2262 1325 2551 1394 τρυγόνος
2584 1325 2855 1391 ἠκούσθη
2895 1324 2965 1376 ἐν
2998 1322 3072 1390 τῇ
3105 1322 3180 1392 γῇ
3215 1322 3412 1392 ἡμῶν·
3448 1325 3488 1392 ἡ
3528 1324 3703 1394 συκῆ

2105 1414 2393 1485 ἐξήνεγκε
2417 1415 2557 1482 τοὺς
2574 1416 2885 1488 ὀλύνθους
2911 1413 3122 1482 αὐτῆς,
3159 1418 3218 1467 al
3239 1414 3496 1484 ἄμπελοι
3521 1415 3702 1485 ἡμῶν

2106 1505 2521 1575 κυπρίζουσιν,
2562 1505 2795 1559 ἔδωκαν
2830 1505 3061 1575 ὀσμήν·
3105 1506 3190 1558 ἵνα
3220 1505 3367 1578 δείξῃ
3409 1508 3590 1562 πάντα
3625 1510 3699 1563 τά

2107 1600 2484 1671 παρῳχημένα
2522 1597 2859 1670 παρελθόντα
2884 1616 2897 1628 ’
2931 1596 3090 1668 ἔαρος
3120 1597 3176 1650 δὲ
3219 1597 3343 1668 ἄρτι
3373 1597 3694 1663 ἀνθοῦντος,

2106 1692 2202 1746 καὶ
2234 1690 2508 1760 θαλάσσης
2545 1688 2887 1761 γαληνιώσης
2930 1705 3011 1753 τε,
3053 1688 3146 1741 καὶ
3185 1688 3351 1756 φόϐου
3395 1687 3491 1742 τοῦ
3529 1689 3695 1744 ὑετοῦ

425 1790 702 1837 sarmenta
734 1783 859 1837 vitis
906 1790 1207 1850 amputata,
1254 1783 1450 1838 herbas
1491 1798 1657 1853 porro
1696 1798 1809 1837 non
1840 1785 2003 1839 modo

2111 1781 2419 1845 διελθόντος,
2456 1782 2549 1834 καὶ
2589 1781 2696 1835 τῶν
2726 1779 2974 1833 παλαιῶν
3011 1780 3108 1849 τῆς
3133 1779 3377 1850 ἀμπέλου
3407 1781 3695 1852 τετμημέο

426 1874 720 1937 virescere,
755 1874 850 1928 sed
897 1883 952 1928 et
999 1872 1161 1928 ﬂores
1205 1872 1462 1930 edidisse.
1496 1870 1641 1928 Cum
1664 1882 1714 1929 et
1746 1876 2007 1945 praedica-

426 1966 598 2020 tionis
647 1980 750 2020 vox
801 1966 855 2018 in
906 1965 1143 2028 deserto,
1204 1964 1309 2019 hoc
1363 1974 1447 2020 est
1498 1965 1552 2019 in
1608 1974 1749 2019 terra
1797 1975 2003 2030 nostra,

426 2056 732 2120 clamaret;
769 2072 831 2110 ac
865 2057 1001 2110 licus
1035 2057 1126 2109 illa
1152 2056 1426 2127 quondam
1457 2065 1743 2112 exsecrata
1779 2073 2006 2126 grossos

426 2163 561 2204 suos
596 2148 943 2219 produceret.
980 2149 1239 2202 nimirum
1276 2148 1610 2219 pmnitentim
1646 2149 1876 2213 fructus,
1911 2150 2003 2219 qui

427 2241 481 2293 in
519 2240 684 2294 ramis
715 2247 843 2295 sunt
874 2240 1273 2308 arboribusque
1319 2240 1641 2310 conspicui;
1683 2241 1822 2297 vites
1850 2242 2007 2297 deni-

424 2346 531 2399 que
583 2332 853 2400 parlurire
891 2331 1072 2398 ﬂores,
1125 2331 1176 2385 id
1207 2340 1289 2386 est
1324 2332 1652 2403 fragrantem
1682 2336 2007 2406 evangelica:

433 2421 557 2476 ﬁdei
621 2421 1065 2491 [medicationem
1110 2422 1426 2491 cmpissent.
1476 2423 1772 2493 Postquam
1824 2437 2003 2483 autem

427 2513 610 2566 subito
654 2527 775 2567 eam
826 2513 1198 2583 compellavit,
1263 2529 1328 2567 ac
1382 2514 1562 2569 dixit:
1596 2514 1798 2587 Surge,
1868 2522 2001 2575 veni.

431 2600 607 2673 Surge
660 2617 689 2657 a
740 2611 916 2656 morte
949 2611 1320 2674 peccatorum,
1373 2614 1427 2660 et
1481 2607 1602 2661 veni
1654 2608 1706 2663 in
1753 2609 2002 2680 iustitia;

426 2709 591 2763 surge
646 2708 675 2747 a
721 2693 956 2759 delicto,
1014 2702 1069 2749 et
1122 2696 1242 2751 veni
1297 2712 1420 2751 cum
1475 2697 1707 2766 fiducia;
1758 2718 1920 2772 surge
1973 2717 2005 2756 a

424 2784 686 2853 peccatis,
721 2790 775 2836 et
795 2784 917 2839 veni
953 2783 1018 2838 ad
1055 2786 1463 2855 pmuitentiam;
1506 2804 1670 2860 surge
1707 2792 1776 2845 ab
1808 2791 2000 2847 aﬂ’ecta

426 2873 760 2937 valetudine,
797 2880 852 2927 et
892 2875 1012 2929 veni
1048 2874 1102 2927 iu
1146 2875 1416 2943 sanitate;
1465 2893 1629 2948 surge
1668 2882 1736 2933 ah
1782 2879 2007 2937 intldeli-

425 2972 559 3025 tate,
615 2972 670 3019 et
702 2963 824 3019 veni
875 2964 931 3019 ia
986 2963 1119 3031 lidc;
1166 2981 1329 3037 surge
1367 2982 1397 3021 a
1431 2968 1759 3038 perditione,
1795 2982 1850 3028 et
1881 2972 2003 3028 veni

427 3054 483 3107 in
512 3054 949 3124 recuperatione.

496 3316 573 3369 Ac
605 3329 729 3370 cum
765 3314 1046 3385 Scriptura
1094 3332 1251 3373 sacra
1296 3312 1643 3392 nequaquam
1694 3323 1995 3399 ignoraret,

2107 1888 2232 1931 νων.
2255 1872 2350 1924 καὶ
2374 1873 2475 1941 τῆς
2508 1870 2644 1934 πόας
2677 1869 2873 1940 μηκέτι
2901 1867 3210 1938 ποαζούσης
3232 1868 3410 1938 μόνον.
3433 1870 3573 1924 ἀλλά
3597 1872 3694 1924 καὶ

2107 1962 2242 2034 άνθη
2276 1960 2633 2032 ὲκϐαλούσης,
2671 1959 2882 2014 καὶτοῦ
2914 1958 3268 2031 κηρύγματος
3298 1960 3398 2030 τῆς
3423 1961 3610 2033 φωνῆς
3633 1964 3693 2014 έν

2107 2057 2173 2126 τῇ
2212 2055 2403 2125 ἐρήμῳ
2442 2051 2674 2125 βοώσης,
2724 2050 3002 2104 τουτέστιν
3028 2052 3099 2105 ἐν
3135 2051 3210 2119 τῇ
3249 2052 3328 2122 γῇ
3356 2051 3557 2121 ἡμῶν·
3594 2053 3693 2106 καὶ

2109 2144 2279 2215 συκῆς
2334 2145 2434 2216 τῆς
2494 2161 2622 2205 ποτε
2679 2144 3084 2215 καταραθείσης
3139 2144 3510 2215 ἐκϐαλλούσης
3562 2144 3691 2207 τοὺς

2106 2234 2381 2300 ὀλύνθους,
2409 2237 2537 2298 τοὺς
2566 2235 2813 2307 καρποὺς
2844 2235 2943 2306 τῆς
2989 2236 3296 2306 μετανοίας,
3324 2235 3427 2307 ἢδη
3461 2236 3554 2288 ἐπὶ
3577 2238 3689 2298 τοῖς

2109 2323 2338 2379 κλώνεσι
2370 2325 2465 2378 καὶ⁵
2491 2324 2732 2395 δένδρεσι
2761 2323 3143 2394 φαινομένους·
3186 2321 3470 2392 ἀμπέλους
3492 2321 3550 2374 δὲ
3583 2319 3684 2391 ἤδη
3748 2360 3756 2369 .

2108 2415 2481 2489 κυπριζούσας
2504 2416 2565 2468 τὸ
2586 2413 2808 2484 εὔοδμον
2830 2414 2927 2484 τῆς
2971 2413 3066 2466 τοῦ
3095 2412 3431 2482 Εὐαγγελίου
3455 2410 3688 2472 πίστεως

2108 2508 2387 2579 κήρυγμα.
2434 2506 2649 2577 Ἐπειδὴ
2682 2506 2738 2559 δὲ
2769 2504 2971 2568 εὐθέως
3001 2504 3239 2571 κέκληκε
3268 2504 3366 2574 τὴν
3406 2503 3684 2572 τοιαύτην,

2107 2599 2203 2653 καὶ
2230 2594 2383 2651 εἶπεν
2402 2615 2417 2627 ·
2465 2597 2746 2663 Ἀνάστα,
2779 2596 2920 2651 ἐλθέ
2942 2613 2956 2626 ·
2991 2597 3199 2649 ἀνάστα
3229 2595 3337 2648 ἀπὸ
3363 2596 3693 2666 νεκρότητος

2108 2690 2542 2763 ἁμαρτημάτων,
2587 2690 2680 2743 καὶ
2716 2689 2837 2741 ἐλθὲ
2863 2690 2921 2741 ὲν
2950 2688 3263 2760 δικαιοσύνῃ
3285 2703 3298 2717 ·
3334 2687 3539 2741 ἀνάστα
3576 2685 3693 2738 ἀπὸ

2107 2780 2572 2855 παραπτώματος,
2606 2782 2697 2834 καὶ
2727 2780 2849 2833 ἐλθὲ
2888 2782 2948 2833 ἐν
2988 2782 3298 2851 παρρησίᾳ·
3339 2779 3547 2833 ἀνάστα
3572 2776 3696 2831 ἀπὸ

2105 2871 2411 2943 ἁμαρτιῶν,
2447 2871 2540 2924 καὶ
2569 2867 2693 2947 ἐλθέ
2718 2871 2798 2934 εἰς
2839 2871 3156 2943 μετάνοιαν·
3189 2872 3389 2924 ἀνάστα
3431 2869 3539 2922 ἀπὸ
3571 2883 3695 2923 πα-

2108 2961 2405 3034 ραλύσεως,
2436 2963 2529 3016 καὶ
2555 2962 2678 3016 ἐλθὲ
2706 2964 2763 3016 ὲν
2787 2962 3082 3034 τελειότητι
3105 2980 3117 2993 ·
3146 2964 3343 3016 ἀνάστα
3367 2961 3473 3015 ἀπὸ
3492 2959 3697 3031 λωϐή-

2109 3071 2266 3118 σεως,
2296 3054 2390 3108 καὶ
2418 3053 2540 3107 ἐλθὲ
2569 3056 2627 3108 ὲν
2655 3055 2847 3127 ὑγεία·
2889 3056 3097 3109 ἀνάστα
3129 3054 3234 3109 ἀπὺ
3272 3055 3548 3118 ἀπιστίας,
3586 3054 3701 3109 καὶ

2029 3129 2075 3190 C
2106 3144 2228 3198 ἐλθὲ
2267 3146 2326 3197 ὲν
2355 3144 2571 3199 πίστει·
2604 3144 2812 3199 ἀνάστα
2857 3145 2967 3198 ἀπὸ
3001 3144 3299 3209 ἀπωλείας,
3330 3144 3422 3199 καὶ
3460 3143 3585 3197 ἐλθὲ
3628 3145 3699 3199 ὲν

2100 3236 2336 3308 εὑρέσει.
3540 3234 3545 3239 ’

2184 3325 2406 3395 Ἐπειδὴ
2433 3326 2490 3379 δὲ
2518 3327 2634 3397 ᾔδει
2666 3326 2726 3382 τὸ
2753 3326 2876 3382 ὅλον
2905 3326 3102 3395 λόγιον,
3139 3326 3223 3380 ὅτι
3248 3326 3385 3397 μετά
3408 3324 3505 3395 τὴν
3530 3323 3696 3395 πρώ-

426 3414 549 3476 post
606 3408 840 3477 priorem
903 3410 1323 3478 paenitentiam,
1387 3427 1452 3467 ac
1508 3413 1884 3480 vocationem,
1947 3426 2001 3475 et

2111 3436 2203 3490 την
2222 3419 2533 3490 μετάνοιαν,
2558 3419 2654 3472 καὶ
2680 3421 2818 3489 μετὰ
2837 3419 2936 3491 τὴν
2947 3418 3169 3490 πρώτην
3191 3418 3382 3488 κλῆσιν
3400 3418 3492 3471 καὶ⁵
3518 3417 3695 3480 ῐασιν,

428 3498 742 3561 sanitatem,
800 3506 860 3551 ut
909 3498 984 3552 ita
1016 3499 1219 3564 dicam,
1254 3502 1658 3573 quamplurima
1689 3505 1743 3559 in
1780 3515 2000 3577 peccata

2111 3509 2178 3574 ὡς
2212 3513 2409 3573 εἰπεῖν,
2454 3511 2747 3577 συμϐαίνει
2778 3514 2845 3583 τῇ
2888 3511 3267 3583 ἀνθρωπότητι
3310 3510 3476 3564 πολλά
3503 3527 3695 3583 παρει-

427 3589 727 3643 bumanum
791 3606 965 3660 genus
1021 3593 1281 3657 incidere,
1319 3595 1392 3649 ita
1444 3610 1660 3650 rursum
1721 3599 1999 3669 loquitur:

2111 3600 2395 3670 πτώματα,
2427 3600 2588 3653 πάλιν
2636 3599 2821 3669 λέγει·
2873 3600 3153 3664 Ἀνάστα,
3197 3600 3338 3655 ἐλθὲ
3368 3600 3470 3664 σὺ,
3521 3616 3699 3667 περι-ν

428 3679 617 3749 Surge,
651 3682 782 3747 veni,
821 3682 1067 3738 columba
1102 3702 1255 3752 mea;
1295 3703 1396 3742 nec
1420 3690 1611 3753 semel,
1640 3690 1734 3746 sed
1762 3693 2004 3748 secundo

2111 3690 2290 3760 στερά
2310 3708 2449 3761 μου⁸
2473 3692 2726 3762 δεύτερον
2745 3691 2948 3763 ταύτην
2974 3695 3148 3758 καλεῖ,
3174 3695 3269 3745 καὶ
3294 3693 3392 3762 οὐχ
3418 3691 3561 3754 ἅπαξ
3577 3704 3593 3719 ·
3628 3691 3699 3743 τὸ

2104 3781 2158 3835 δὲ
2180 3781 2432 3853 δεύτερον
2452 3784 2554 3836 οὐκ
2582 3782 2695 3837 ἴσον
2719 3782 2799 3853 τῷ
2819 3782 3039 3855 πρώτῳ.
3069 3785 3207 3856 Φησὶ
3239 3784 3348 3854 γάρ
3373 3787 3431 3837 ὲν
3456 3786 3520 3854 τῇ
3545 3799 3695 3854 προ-

428 3862 502 3917 sit
533 3864 783 3932 aequalis.
813 3863 955 3918 Nam
995 3867 1049 3920 in
1103 3869 1272 3937 priori
1320 3870 1401 3924 sic
1453 3871 1599 3924 illam
1660 3872 2000 3943 alloquitur:

2111 3875 2241 3948 τέρᾳ
2255 3874 2444 3946 κλήσει
2469 3875 2643 3939 οὕτως
2661 3893 2674 3907 ·
2714 3874 2992 3938 Ἀνάστα,
3017 3878 3056 3945 ἡ
3080 3879 3349 3943 πλησίον
3363 3893 3499 3945 μου,
3525 3876 3697 3946 καλή

428 3954 615 4024 Surge,
654 3957 947 4026 propinqua
976 3973 1112 4021 mea,
1154 3959 1390 4028 formosa
1426 3978 1563 4029 mea,
1598 3963 1841 4018 columba
1868 3983 2002 4022 mea.

2111 3982 2242 4035 μου,
2301 3964 2622 4034 περιστερά
2643 3982 2784 4035 μου.
2828 3965 2903 4018 Τὸ
2962 3966 3063 4036 μὲν
3109 3967 3345 4037 πρῶτον,
3406 3964 3699 4028 Ἀνάστα,

428 4045 668 4100 Primum
721 4047 887 4117 igitur
917 4067 929 4101 :
992 4047 1178 4118 Surge,
1218 4051 1355 4114 veni,
1382 4049 1557 4106 dixit:
1590 4069 1699 4108 non
1725 4065 1925 4123 autem,
1949 4062 2000 4109 et

2111 4055 2269 4112 stoe-
2308 4057 2403 4111 καὶ
2436 4058 2537 4111 οὐκ
2585 4052 2730 4110 εἷπεν
2790 4058 2899 4110 Καὶ
2934 4056 3056 4111 ἐλθὲ
3086 4057 3170 4111 σύ.
3209 4058 3318 4112 Καὶ
3354 4058 3413 4110 τὸ
3437 4056 3702 4128 δεύτερον

429 4140 543 4193 veni
574 4149 648 4192 tu.
679 4138 752 4192 At
794 4139 847 4192 in
884 4141 1127 4195 secunda
1159 4142 1451 4199 articulum
1486 4144 1704 4214 adjecit,
1739 4156 1801 4201 ut
1828 4147 2004 4202 diver-

2111 4146 2433 4218 προστίθησι
2464 4147 2525 4200 τὸ
2557 4146 2781 4217 ἄρθρον,
2805 4148 2893 4201 ἵνα
2920 4149 3066 4220 δείξῃ
3095 4150 3286 4219 κλῆσιν
3312 4151 3415 4221 (ού)
3434 4149 3703 4220 δευτέραν

428 4247 547 4287 sam
590 4232 659 4286 ab
697 4232 868 4286 altera
909 4235 1255 4288 vocationem
1299 4250 1424 4291 esse
1471 4236 1833 4308 significaret;
1888 4254 2004 4310 quae

2111 4237 2573 4309 παρηλλαγμένην
2609 4238 2749 4308 μετὰ
2788 4240 2885 4312 τὴν
2933 4245 3189 4312 πρώτην’
3235 4241 3369 4295 ἀλλά
3398 4243 3487 4295 καὶ
3527 4244 3582 4294 ὲν
3621 4247 3701 4315 τῇ

429 4332 634 4387 tamen,
668 4333 789 4392 post
862 4326 1100 4395 priorem
1135 4327 1301 4392 illam,
1345 4327 1631 4400 benignam
1676 4346 1898 4385 manum
1946 4347 2004 4388 ac

2111 4327 2302 4401 πρώτῃ
2351 4329 2460 4397 (15)
2503 4329 2612 4382 ἀπὸ
2656 4333 3118 4403 παραπτωμάτων
3164 4334 3325 4388 πάλιν
3352 4332 3704 4405 ὀρεγομένην

429 4415 705 4469 εωιεειειη
752 4416 1093 4469 clementiam
1155 4419 1487 4474 ostenderet.
1527 4419 1594 4472 Et
1630 4422 1764 4486 veni,
1807 4423 2004 4494 inquit,

2111 4423 2269 4492 χεῖρα
2292 4418 2580 4483 ἐπιδέξιον,
2623 4422 2717 4473 καὶ
2764 4423 3085 4494 ἐπουράνιον
3119 4423 3545 4494 φιλανθρωπίας.
3567 4426 3702 4478 Kal

430 4504 674 4558 columba
712 4521 849 4570 mea,
880 4506 932 4557 in
968 4515 1168 4575 tegmen
1210 4518 1383 4575 petrar
1399 4525 1559 4579 prope
1596 4514 1925 4569 antemurale
1957 4514 2000 4566 ³.

2111 4512 2272 4576 ἐλθὲ,
2310 4514 2464 4583 φησι,
2499 4514 2819 4585 περιστερά
2841 4533 2982 4584 μου,
3010 4517 3079 4571 ὲν
3100 4516 3298 4586 σκέπῃ
3326 4516 3433 4584 τῆς
3466 4515 3708 4586 πέτρας

434 4597 499 4652 In
529 4607 725 4666 tegmen
749 4607 913 4666 petra:
929 4597 1087 4661 dixit,
1119 4598 1222 4652 hoc
1244 4609 1348 4664 est,
1369 4601 1572 4658 Christi
1610 4594 2003 4677 benignitatem

2111 4606 2370 4675 ἐχόμενα
2390 4605 2497 4660 τοῦ
2522 4608 3038 4677 προτειχίσματος.
3086 4611 3188 4664 Ἑν
3218 4611 3417 4679 σκέπῃ
3443 4612 3705 4681 πέτρας,

430 4688 975 4758 misericordiamque
1033 4688 1269 4744 Domini.
1330 4691 1446 4749 lloc
1510 4696 1656 4750 enim
1708 4706 1793 4752 est
1842 4707 2004 4766 petra:

2112 4699 2170 4751 ὲν
2199 4696 2576 4768 φιλανθρωπίᾳ
2601 4699 2859 4771 Χριστοῦ,
2903 4702 2995 4754 καὶ
3024 4703 3081 4754 ὲν
3105 4702 3239 4755 ἐλέει
3274 4703 3499 4775 Κυρίου,
3529 4721 3711 4758 τουτ-

434 4786 676 4849 tegmen;
731 4792 967 4850 tegmen,
1001 4783 1247 4852 inquam,
1280 4784 1417 4855 spei,
1456 4786 1578 4841 lidei
1612 4794 1775 4857 atque
1799 4790 1998 4843 verita-

2113 4787 2227 4842 ἐστι
2275 4788 2450 4857 σκέπη
2502 4788 2709 4860 πέτρας
2734 4832 2750 4853 ,
2797 4792 2969 4860 σκέπη
3010 4792 3243 4856 ἐλπίδος,
3295 4795 3387 4847 καὶ
3426 4794 3707 4860 πίστεως,

433 4870 521 4924 tis.
583 4868 758 4939 Prope
807 4872 1139 4926 antemurale
1189 4890 1336 4941 vero,
1393 4875 1498 4930 hoc
1546 4885 1651 4940 est,
1707 4886 2002 4949 antequam

2113 4880 2208 4934 καὶ
2245 4879 2522 4950 ἀληθείας.
2540 4881 2832 4951 Ἐχόμενα
2857 4883 2962 4937 τοῦ
2986 4887 3479 4954 προτειχίσματος
3501 4902 3517 4916 ·
3538 4902 3714 4941 τουτ-

431 4967 589 5031 porta
633 4961 940 5028 claudatur,
990 4973 1282 5036 antequam
1317 4965 1428 5023 Rex
1480 4970 1853 5038 introgressus
1893 4987 2004 5027 non

2111 4972 2252 5038 ἐστι,
2288 4970 2453 5042 πρινὴ
2493 4972 2804 5042 κλεισθῆναι
2842 4976 2940 5045 τὴν
2978 4978 3185 5047 πύλην,
3233 4976 3397 5048 πρινὴ
3446 4978 3554 5030 ἔσω
3595 4996 3713 5034 πε-

431 5052 664 5122 amplius
697 5064 818 5123 post
861 5055 1067 5109 exitum
1097 5058 1165 5111 ab
1191 5058 1295 5112 hac
1337 5060 1447 5111 vita
1478 5069 1821 5131 mortemque
1854 5066 2001 5117 reci-

2114 5061 2342 5133 ριϐόλων
2394 5063 2685 5132 γενόμενος
2733 5066 2762 5117 ὁ
2804 5065 3067 5131 Βασιλεὺς
3132 5068 3326 5138 μηκέτι
3386 5068 3713 5140 εἰσδέξηται

432 5145 563 5214 piat.
602 5146 738 5200 Cum
789 5161 895 5202 non
941 5149 1178 5218 amplius
1203 5165 1372 5222 pr0pe
1403 5153 1746 5209 antemurale
1775 5170 1999 5220 sumus;

2114 5154 2252 5222 μετά
2290 5153 2389 5224 τὴν
2422 5154 2671 5209 ἐντεῦθεν
2710 5155 3030 5229 ἀπαλλαγήν
3060 5176 3118 5212 τε
3159 5161 3251 5212 καὶ
3300 5158 3528 5213 θάνατον
3552 5175 3567 5190 ·
3605 5164 3711 5218 ὅτε

433 5236 528 5293 sed
582 5238 780 5294 clausae
835 5249 960 5296 sunt
1015 5249 1204 5312 portat,
1235 5258 1337 5297 nec
1361 5243 1508 5299 ullus
1553 5244 1881 5301 emendandi
1912 5246 1997 5301 sui

2111 5245 2294 5299 οὐκέτι
2325 5246 2563 5318 ἐχόμενα
2598 5247 2692 5301 τοῦ
2737 5251 3213 5322 προτειχίσματος,
3253 5250 3390 5306 ἀλλά
3433 5253 3714 5310 ἀπεκλεί-

435 5326 590 5381 locus
624 5336 726 5383 est.
2112 5336 2316 5407 σθησαν
2344 5340 2401 5391 αἱ
2427 5339 2612 5405 πύλαι,
2640 5341 2735 5395 καὶ
2758 5341 2943 5395 οὐκέτι
2972 5336 3052 5398 ἔνι
3075 5342 3495 5416 διορθώσασθαι.

429 3772 605 3841 ipsam
643 3774 903 3842 appellat,
952 3773 1026 3829 ita
1060 3786 1118 3831 ut
1144 3780 1417 3847 posterior
1443 3780 1610 3849 priori
1641 3783 1858 3837 vacatio
1893 3799 2004 3839 non

510 5546 525 5576 ³
554 5545 711 5603 Cant.
737 5562 794 5615 tt,
825 5547 912 5613 10,
946 5549 1031 5602 ll.
1107 5550 1127 5580 '
1150 5550 1285 5606 ibid.
1311 5552 1492 5606 11-15.
1563 5552 1583 5583 ³
1614 5551 1743 5610 ibid.
1769 5553 1855 5619 1³5,
1895 5547 2001 5607 M.

501 5694 612 5766 (15)
664 5702 851 5758 Ἀλλὰ
905 5704 1003 5757 καὶ
1049 5704 1120 5760 ἐν
1173 5704 1248 5776 τῇ
1305 5708 1524 5781 πρώτῃ.
1584 5709 1646 5769 F.
1711 5712 1805 5765 ἐπὶ
1864 5714 1932 5783 τῇ
1972 5710 2182 5787 πρώτῃ.
