3840 6062
164 243 297 301 i033

821 230 956 284 ADV
967 227 1192 287 ERSUS
1229 226 1571 283 lleRESES
1608 224 1733 280 LIB.

1875 223 2038 281 TOM.
2082 225 2120 279 Ι.
2167 257 2229 266 —
2274 227 2544 282 HERES.
2587 225 2720 280 [ΔΚ.

3264 219 3403 277 1034

228 353 284 403 l'.
329 346 415 398 Ἐν
445 343 552 412 γὰρ
582 340 660 411 τῷ
701 339 945 409 μέλλοντι
989 340 1167 402 αἰῶνι,
1201 339 1338 409 μετά
1383 339 1479 410 τὴν
1511 339 1716 410 ἀνθρὼ-

1891 340 1960 396 X.
1995 339 2204 396 Etenim
2255 340 2310 394 in
2345 340 2531 394 futuro
2561 339 2759 394 sacculo
2784 343 2905 406 post
2932 335 3169 389 hominis
3197 333 3402 388 obitum

163 457 263 494 που
327 433 673 503 ἀπαλλαγὴν,
727 432 786 483 οὐ
849 430 1104 500 νηστείας
1159 431 1461 501 πορισμὸς,
1512 432 1574 484 οὐ
1637 449 1732 501 με-

162 529 376 592 τανοίας
427 527 636 596 κλῆσις,
690 523 790 576 οὐκ
846 523 1213 594 ἐλεημοσύνης
1266 523 1554 587 ἐπίδειξιςο
1615 523 1728 576 ἀλλ’

161 619 281 673 οὔτε
303 615 658 685 ἐγκλημάτων
693 613 853 682 ἔργα,
885 612 945 664 ού
983 611 1238 680 πόλεμος,
1269 613 1330 663 οὐ
1369 612 1604 682 μοιχεία,
1633 612 1733 666 οὐκ

131 719 141 771 ,’
163 710 433 778 ἀσέλγεια,
457 706 569 758 ἀλλ’
593 704 716 758 οὗτε
734 701 1052 771 δικαιοσύνη
1077 702 1168 755 καὶ
1201 703 1476 772 μετάνοια.
1512 704 1599 766 Ὠς
1623 702 1731 774 γὰρ

166 799 300 871 μετά
332 796 584 868 θερισμὸν
621 795 716 847 τοῦ
749 796 981 864 στάχυος
1016 797 1117 850 οὐκ
1146 795 1224 848 ἔνι
1268 793 1606 865 παχυνθῆναι
1643 794 1735 846 τὸν

161 890 375 953 κόκκον,
427 888 525 939 οὐκ
571 885 938 957 ἀνεμοφθόρον
978 885 1252 953 γενέσθαι,
1301 885 1400 937 οὐκ
1442 884 1521 937 ἔνι
1565 885 1736 940 εὐπά-

165 979 282 1033 θειά
310 996 393 1041 τις
423 977 600 1048 ἐτέρα.
645 975 805 1028 Ἀλλὰ
829 977 902 1047 μὴ
941 977 1068 1044 λέγε
1112 993 1202 1045 μοι
1225 979 1323 1046 τῆς
1353 975 1639 1045 ἀποθήκης
1665 976 1736 1029 τά

166 1069 477 1140 φθάρματα,
552 1066 799 1119 τουτέστι
871 1069 965 1120 καὶ⁴
1028 1066 1315 1138 σκώληκας
1370 1069 1464 1120 καὶ
1525 1070 1731 1138 σῆτας·

166 1158 334 1210 ταῦτα
363 1157 470 1224 γάρ
501 1153 590 1206 διὰ
614 1154 682 1207 τὰ
711 1155 768 1208 ἐν
809 1154 886 1223 τῷ
923 1154 1080 1208 αἰῶνι
1126 1155 1354 1222 γίνεται.
1391 1155 1464 1208 Τὸ
1493 1156 1549 1208 δὲ
1573 1158 1736 1209 ἀπει-

166 1246 498 1315 κονισμένον,
529 1245 623 1297 καὶ
655 1245 714 1296 ὲν
745 1244 942 1307 πύλαις
966 1247 1100 1314 ἡμῖν
1131 1246 1440 1315 εἰρημένον,
1475 1245 1568 1298 καὶ
1598 1247 1734 1298 ἀπο-

169 1337 305 1406 θήκη
344 1334 768 1404 ἠσφαλισμένον,
812 1333 1047 1396 πίστεώς
1096 1337 1244 1388 ἐστιν
1295 1337 1596 1407 ὑπόδειγμα
1642 1339 1736 1390 καὶ

169 1425 543 1496 ὑπογραμμός.
598 1427 786 1478 Ἔνθα
835 1425 972 1478 οὔτε
1017 1426 1238 1493 λῃσταὶ
1297 1427 1733 1494 διορύττουσιν,

167 1517 301 1569 οὔτε
352 1515 538 1584 σῆτες
579 1513 992 1584 ἀφανίζουσιν,
1026 1516 1101 1578 ὡς
1148 1517 1251 1586 ἔφη
1304 1519 1332 1570 6
1379 1517 1519 1582 θεῖος
1557 1519 1735 1588 λόγος.

168 1605 300 1659 Οὔτε
331 1607 436 1676 μὴν
485 1605 752 1676 πορισμὸς
796 1607 1097 1671 εὐσεϐείας,
1148 1607 1269 1660 οὒτε
1305 1611 1612 1677 μετανοίας,
1664 1611 1740 1674 ὡς

168 1695 320 1764 ἔφην,
365 1695 504 1764 μετὰ
545 1695 792 1750 Θάνατον.
845 1697 918 1748 Οὐ
978 1697 1086 1766 γὰρ
1133 1697 1382 1768 Λάζαρος
1441 1701 1740 1771 ἀπέρχεται

169 1786 302 1857 πρὸς
322 1787 413 1839 τὸν
440 1786 694 1839 πλούσιον
716 1788 849 1850 ἐκεῖ,
872 1786 994 1840 οὔτε
1023 1789 1052 1840 6
1077 1786 1329 1851 πλούσιος
1352 1789 1487 1859 πρὸς
1513 1792 1604 1844 τὸν
1630 1793 1744 1846 Λά-

171 1877 331 1947 ζαρον
358 1893 371 1906 ⁶
422 1875 546 1930 οὔτε
587 1876 835 1947 Ἀϐραὰμ
878 1877 1198 1930 ἀποστέλλει
1241 1879 1484 1931 σκύλλων
1518 1881 1608 1934 τὸν
1647 1883 1746 1934 πέ-

170 1984 302 2037 νητα
335 1966 637 2036 πλουτῆσαι
684 1965 1100 2036 ὕστερονοόὓτε
1142 1970 1170 2020 6
1200 1967 1453 2033 πλούσιος
1475 1963 1549 2024 ὧν
1572 1973 1743 2025 αίτεῖ-

169 2075 275 2123 ται,
324 2058 528 2129 καίπερ
576 2058 713 2128 μετά
764 2059 992 2120 ἱκεσίας,
1036 2057 1126 2112 τὸν
1173 2057 1440 2129 ἐλεήμονα
1499 2061 1748 2134 Ἀϐραὰμ

169 2149 556 2219 παρακαλέσας
603 2151 644 2203 ί.
691 2148 1082 2218 Ἐσφράγισται
1133 2150 1239 2219 γὰρ
1264 2152 1332 2202 τά
1371 2155 1616 2220 ταμιεῖα,
1651 2171 1748 2206 πε-

170 2237 270 2308 πλή
281 2256 448 2309 ρωται
474 2241 502 2292 ὁ
523 2239 731 2309 χρόνος,
759 2239 850 2290 καὶ
869 2242 896 2291 ὁ
920 2236 1070 2306 ἀγὼν
1093 2239 1368 2310 ἐτελέσθη,
1393 2242 1484 2294 καὶ
1505 2243 1744 2314 ἐκενώθη

169 2331 226 2383 τὸ
256 2332 509 2400 σκάμμα,
543 2326 636 2384 κα⁴ι
667 2333 717 2383 οἱ
749 2332 1003 2400 στέφανοι
1036 2332 1295 2401 ἐδόθησαν
1315 2349 1327 2363 ·
1355 2335 1448 2386 καὶ
1472 2334 1748 2402 ἀγωνισά-

171 2440 318 2491 μενοι
347 2422 724 2475 ἀνεπαύσαντο
752 2423 771 2453 ²
796 2439 811 2454 ο
846 2423 938 2474 καὶ
977 2422 1026 2475 οἱ
1066 2423 1140 2492 μὴ
1172 2422 1473 2489 φθάσαντες
1512 2425 1743 2494 ἐξῆκαν’

171 2511 262 2563 καὶ
299 2513 348 2563 οἱ
375 2510 450 2580 μὴ
483 2511 882 2579 ἀγωνισάμενοι
911 2510 1094 2563 οὐκέτι
1123 2511 1442 2584 εὐποροῦσι’
1485 2515 1581 2567 καὶ
1613 2516 1663 2568 oi
1691 2516 1749 2569 ἐν

174 2603 247 2673 τῷ
283 2604 572 2673 σκάμματι
597 2603 919 2673 ἡττηθέντες
943 2602 1306 2673 ἐξεϐλήθησαν
1322 2620 1335 2633 ο
1367 2605 1462 2657 καὶ
1481 2605 1550 2659 τὰ
1571 2607 1750 2662 πάντα

179 2695 363 2764 σαφῶς
390 2694 733 2748 τετελείωται
764 2694 901 2764 μετά
924 2693 1019 2761 τὴν
1046 2693 1292 2748 ἐντεῦθεν
1317 2695 1599 2766 ἐκδημίαν.
1631 2700 1749 2753 Ἔτι

175 2787 228 2838 δὲ
253 2786 424 2838 ὄντων
456 2787 515 2837 ἐν
540 2785 618 2854 τῷ
661 2785 831 2852 ἀγῶνι
866 2783 1100 2848 πάντων,
1126 2785 1219 2837 καὶ
1263 2786 1402 2856 μετά
1435 2788 1641 2841 πτῶσιν
1670 2789 1749 2844 ἔνι

177 2877 488 2939 ἀνάστασις,
539 2875 619 2928 ἔτι
661 2876 837 2938 ἐλπὶς,
882 2875 962 2928 ἐτι
1008 2874 1294 2945 θεραπεία,
1333 2875 1414 2928 ἔτι
1456 2879 1745 2948 ὁμολογία·

1833 433 2018 488 nullus
2049 431 2285 503 amplius
2321 430 2517 500 jejunii
2571 436 2813 498 quastus
2838 435 2956 492 est;
2990 440 3100 478 non
3140 424 3402 494 pmniten-

1833 525 1921 579 tiae
1957 525 2210 588 vocatio;
2259 537 2372 576 non
2420 521 2779 590 eleemosyna‘.
2819 518 2978 589 502
3017 515 3262 571 ostensio
3295 519 3404 570 est.

1836 613 1944 669 Sed
1979 629 2157 684 neque
2180 613 2506 668 criminibus
2533 610 2662 664 ullis
2693 611 2868 675 locus,
2899 623 3008 663 non
3040 607 3264 670 bellum,
3293 620 3408 660 non

1834 705 2183 768 adulterium,
2217 719 2327 758 non
2360 703 2633 766 libidines,
2673 717 2849 771 neque
2881 716 2913 756 e
2945 700 3222 754 contrario
3244 696 3409 766 justi-

1834 799 1908 849 tia
1934 797 2018 851 vel
2047 796 2385 865 poenitentia.
2436 794 2568 848 Nam
2619 793 2763 849 sicut
2804 793 3051 847 demessa
3079 791 3249 860 spica,
3279 803 3408 859 gra-

1837 903 1965 941 num
1993 902 2095 942 nec
2136 894 2356 956 turgere
2389 886 2668 954 deinceps,
2711 899 2889 953 neque
2926 893 3090 937 vento
3129 881 3405 950 corrumpi

1838 983 2004 1046 atque
2051 991 2398 1039 evanescere,
2445 990 2546 1029 nec
2595 973 2732 1028 allici
2777 974 3012 1043 amplius
3053 981 3249 1042 potest.
3299 970 3410 1025 Nec

1837 1073 1921 1120 est
1952 1065 2098 1134 quod
2130 1066 2276 1118 illam
2311 1064 2446 1117 mihi
2483 1063 2854 1132 corruptelam
2897 1063 3149 1130 obiicias,
3191 1075 3313 1131 quae
3351 1065 3409 1112 in

1838 1155 2052 1208 horreis
2094 1155 2337 1210 accidit:
2375 1155 2680 1224 cujusmodi
2706 1162 2836 1208 sunt
2872 1166 3081 1206 vermes
3139 1165 3203 1204 ac
3230 1151 3408 1204 tineae.

1839 1244 1964 1299 Haec
1995 1246 2138 1300 enim
2183 1246 2251 1300 ad
2284 1260 2348 1300 ea
2378 1261 2498 1316 quae
2540 1246 2596 1298 in
2637 1244 2835 1298 saeculo
2881 1252 3166 1314 geruntur,
3213 1242 3406 1296 adum-

1840 1333 2049 1387 branda
2115 1342 2386 1403 spectant.
2449 1333 2605 1399 Quod
2665 1340 2845 1386 autem
2907 1332 3264 1386 similitudine
3319 1332 3410 1385 illa

1840 1424 2173 1488 declaratur,
2220 1431 2274 1478 et
2309 1425 2362 1477 in
2395 1425 2566 1494 portis
2595 1439 2714 1480 esse
2743 1424 2964 1488 dicitur,
3003 1432 3164 1492 atque
3194 1425 3246 1476 in
3279 1423 3412 1476 lior-

1841 1512 1950 1566 reis
1978 1511 2281 1576 conditum,
2320 1515 2387 1567 ad
2419 1515 2724 1583 exemplum
2773 1513 2926 1576 ﬁdei,
2982 1529 3047 1567 ac
3096 1513 3413 1568 delineatio-

1841 1618 1965 1657 nem
1997 1604 2252 1658 refertur.
2294 1603 2392 1657 Ubi
2421 1621 2581 1673 neque
2601 1604 2743 1672 fures
2769 1605 3046 1672 e/Iodiunt,
3077 1621 3238 1674 neque
3261 1605 3412 1658 (inec

1843 1704 2221 1762 corrumpunt,
2255 1705 2312 1749 ut
2347 1696 2610 1763 scriptum
2646 1703 2729 1749 est
2750 1696 2789 1748 ³.
2845 1695 2947 1748 Sed
2984 1711 3160 1764 neque
3197 1695 3414 1764 pietatis

1843 1785 2014 1838 ullum
2061 1785 2278 1839 lucrum
2333 1795 2442 1848 est,
2498 1793 2591 1839 aut
2626 1787 2972 1854 pmnitentiae,
3023 1787 3102 1839 uti
3151 1787 3411 1850 diximus,

1845 1883 1968 1944 post
2032 1885 2282 1930 mortem.
2347 1875 2467 1930 Non
2529 1878 2672 1931 enim
2737 1875 2978 1931 Lazarus
3037 1877 3147 1930 illic
3208 1877 3273 1932 ad
3338 1877 3416 1932 di-

1844 1967 2010 2020 vitem
2071 1968 2288 2038 pergit;
2369 1983 2548 2036 neque
2607 1967 2759 2022 dives
2821 1967 2888 2021 ad
2956 1966 3246 2022 Lazarum.
3311 1967 3418 2022 Ne-

1846 2071 1952 2126 que
2006 2057 2278 2112 Abrabam
2331 2073 2619 2128 pauperem
2679 2059 2876 2122 mittit,
2934 2067 3027 2111 aut
3081 2059 3130 2112 ei
3176 2058 3416 2112 laborem

1849 2149 2077 2212 indicit,
2125 2157 2185 2202 ut
2227 2158 2412 2217 postea
2461 2149 2718 2203 ditescat.
2761 2147 2947 2216 Neque
2989 2147 3142 2202 dives
3183 2161 3248 2201 ea
3296 2163 3417 2216 quae

1849 2240 2258 2308 postulaverat,
2347 2240 2656 2308 impetrat:
2710 2238 2926 2291 tametsi
3004 2235 3415 2290 misericordem

1846 2327 2218 2384 Abrahamum
2294 2329 2508 2399 magnis
2583 2327 2835 2397 precibus
2893 2327 3164 2380 obsecrat.
3233 2325 3416 2394 Siqui-

1848 2418 1971 2475 dem
2021 2419 2308 2490 obsignata
2367 2429 2493 2473 sunt
2545 2417 2958 2488 promptuaria,
2990 2425 3173 2486 .atque
3234 2417 3414 2486 exple-

1848 2518 1966 2568 tum
2000 2521 2214 2582 tempus
2248 2520 2355 2577 est,
2385 2520 2662 2566 certamen
2691 2510 3022 2569 confectum,
3052 2523 3284 2562 vacuum
3305 2516 3418 2563 sta-

1849 2606 2030 2671 dium,
2072 2603 2378 2658 distributae
2427 2617 2663 2665 coronze,
2708 2602 2922 2655 athleta:
2961 2599 3129 2669 quieti
3169 2615 3228 2654 se
3265 2599 3432 2654 dede-

1856 2708 2008 2752 runt.
2038 2699 2107 2750 At
2130 2695 2221 2765 qui
2265 2705 2537 2750 certamen
2570 2710 2674 2747 non
2707 2694 3020 2763 attigerunt,
3060 2692 3263 2745 nullam
3301 2706 3415 2744 am-

1851 2789 1995 2858 plius
2016 2787 2136 2856 ejus
2171 2786 2382 2855 capiam
2415 2785 2650 2848 habent;
2687 2793 2740 2837 et
2769 2784 2863 2852 qui
2889 2784 2941 2836 in
2973 2783 3149 2838 stadio
3174 2782 3415 2852 superati

1853 2886 2001 2939 sunt,
2033 2877 2191 2946 ejecti
2226 2876 2466 2929 fuerunt.
2507 2873 2748 2942 Denique
2792 2873 2972 2926 omnia
3008 2873 3190 2942 plane,
3219 2873 3310 2926 ubi
3341 2888 3410 2927 ex

173 2967 269 3021 κᾶν
299 2971 347 3020 εί
394 2967 472 3038 μὴ
512 2965 849 3030 τελειότατα,
901 2965 1016 3017 ἀλλ’
1045 2959 1137 3019 οὖν
1181 2981 1245 3034 γε
1292 2967 1402 3020 τῶν
1432 2968 1607 3024 ἄλλων
1646 2973 1743 3026 οὐκ

1853 2971 1956 3025 hac
1985 2971 2094 3023 vita
2123 2968 2426 3022 discessum
2468 2972 2572 3028 est,
2617 2965 2863 3018 absoluta
2909 2976 3036 3018 sunt
3063 2978 3127 3016 ac
3150 2962 3410 3033 perfecta.

173 3059 542 3129 ἀπηγόρευται
574 3059 606 3127 ἡ
643 3055 903 3126 σωτηρία.

1853 3063 2108 3128 Quandiu
2175 3059 2392 3129 quidem
2455 3057 2509 3110 in
2575 3058 2876 3111 certamine
2920 3057 3121 3111 adhuc
3175 3056 3420 3112 universi

172 3152 500 3213 consistunt,
542 3151 624 3205 vel
651 3159 774 3219 post
805 3165 995 3203 casum
1043 3165 1268 3220 surgere
1312 3151 1461 3217 licet,
1508 3169 1744 3228 spesque
1779 3148 1971 3214 adhuc
1995 3162 2274 3226 superest;
2307 3153 2486 3206 adhuc
2541 3150 2840 3206 remedium
2904 3161 3068 3220 atque
3123 3151 3418 3207 confessio.

174 3244 247 3297 Ac
293 3245 421 3300 licet
476 3260 586 3299 non
668 3245 1107 3313 perfectissimus
1174 3244 1264 3299 ille
1315 3254 1492 3304 status
1547 3250 1658 3316 sit,

183 3345 282 3392 est.

241 3429 340 3486 ΙΝ.
379 3431 537 3483 Πᾶσα
567 3430 626 3483 δὲ
668 3429 900 3500 αἵρεσις,
941 3429 1050 3483 ἀπὸ
1102 3431 1201 3501 τῆς
1253 3431 1509 3503 ἀληθείας
1551 3435 1754 3500 ἐξοκεί-

175 3521 326 3587 λασα,
358 3525 414 3576 ἐν
441 3522 622 3592 σκότῳ
645 3521 964 3590 τυφλώττει,
984 3522 1078 3575 καὶ
1107 3523 1410 3592 μυωπάξει,
1451 3523 1612 3595 ἕτερα
1637 3524 1752 3577 ἀνθ’

175 3611 368 3680 ἐτέρων
383 3611 759 3682 διανοουμένη.
789 3611 1028 3663 Ἐοίκασι
1047 3611 1154 3682 γὰρ
1174 3604 1316 3665 οὗτοι
1332 3615 1474 3666 τισὶν
1489 3615 1749 3684 ἀτέχνοις,

175 3701 264 3752 καὶ
297 3701 370 3772 μὴ
402 3701 739 3769 γινώσκουσι
769 3701 1006 3770 ἑκάστης
1035 3702 1336 3772 ποιότητος,
1367 3704 1460 3754 καί⁵
1483 3706 1748 3775 χρήσεως,

175 3791 262 3840 καὶ
294 3792 504 3860 κόσμου
544 3789 773 3843 ἑκάστου
815 3791 1030 3859 μέλους.
1069 3790 1180 3842 Καὶ
1203 3790 1280 3852 ὡς
1309 3793 1482 3844 εἰπεῖν
1511 3791 1752 3862 ληρῶδές

173 3896 220 3930 τι
248 3882 325 3942 είς
348 3881 376 3932 ὃ
404 3881 786 3952 προϐάλλομαι
814 3881 1012 3949 λέγειν,
1044 3881 1227 3951 ὅμοιον
1256 3882 1354 3951 τῆς
1382 3883 1560 3935 αύτῶν
1589 3884 1753 3955 ἀνοη-

178 3970 311 4032 σίας.
376 3973 467 4035 Ὠς
518 3970 864 4041 περιτιθέασι
909 3972 978 4026 τὰ
1035 3971 1355 4042 ὑποδήματα
1385 3973 1498 4042 (16)
1547 3977 1614 4045 τῇ
1663 3992 1755 4028 κε·-

177 4061 335 4130 φαλῇ,
374 4063 468 4114 τδν
501 4062 563 4115 δὲ
596 4062 860 4130 στέφανον
885 4065 998 4126 τοῖς
1031 4061 1179 4126 ποσὶ,
1205 4063 1296 4115 καὶ
1328 4062 1504 4116 κλοιὸν
1527 4064 1756 4136 χρύσεον

177 4150 298 4219 περὶ
332 4152 432 4220 τὴν
481 4149 731 4220 γαστέρα
756 4167 768 4178 ·
803 4150 871 4202 τὰ
918 4149 974 4200 δέ
1026 4147 1182 4213 ἄλλα,
1227 4149 1386 4203 πέδια
1433 4149 1510 4214 ὡς
1561 4153 1755 4215 εἰπεῖν,

176 4238 238 4290 τὰ
286 4239 343 4303 ἐξ
380 4241 617 4310 ἱματίων
665 4240 1005 4309 γεγενημένα
1043 4240 1194 4310 παρά
1235 4257 1374 4292 τισιν
1423 4240 1618 4295 ὀδώνια
1664 4243 1744 4295 κέι

177 4326 362 4396 κληται
395 4329 427 4398 ἢ
473 4330 697 4400 βράκαι,
735 4331 890 4399 χερσὶ
939 4329 1300 4400 περιτιθέασι,
1335 4330 1649 4395 δακτυλίους
1693 4333 1750 4386 δὲ

175 4420 280 4480 τοῖς
324 4421 502 4472 ποσίν.
553 4421 708 4474 Οὕτω
752 4421 860 4491 γὰρ
888 4423 921 4490 ἡ
966 4421 1073 4473 τῶν
1122 4420 1344 4488 ἄγνοιαν
1400 4424 1752 4494 κεκτημένων

179 4510 420 4581 σφαλερὰ
453 4512 550 4564 καὶ
575 4511 806 4574 ἄτακτος
828 4511 1080 4580 διαταγὴ.
1107 4510 1188 4564 Τὰ
1209 4511 1318 4582 γὰρ
1347 4513 1438 4566 ἐπὶ
1467 4514 1564 4583 τῆς
1597 4514 1753 4583 ἱερω-

179 4599 337 4671 σύνης
375 4602 762 4672 ἠσφαλισμένα
798 4602 926 4672 περὶ
969 4603 1218 4673 δευτέρου
1264 4604 1466 4672 γάμου,
1519 4605 1612 4656 καὶ
1644 4604 1753 4656 τῶν

1739 3252 2095 3309 nihilominus
2173 3247 2405 3301 aliorum
2474 3259 2819 3315 nequaquam
2897 3245 3187 3314 desperata
3272 3246 3423 3299 salus

1934 3431 2023 3487 Xl.
2069 3432 2137 3486 At
2165 3429 2345 3485 omnis
2375 3429 2598 3484 haeresis
2628 3428 2720 3482 ubi
2782 3442 2813 3482 a
2856 3429 3086 3484 veritate
3125 3432 3289 3484 semel
3331 3447 3425 3486 ex-

1863 3525 2019 3588 cidit,
2076 3524 2294 3578 cacntit
2337 3522 2392 3576 in
2437 3521 2707 3585 tenebris,
2742 3527 2797 3575 et
2832 3521 3214 3582 hallucinatur,
3266 3531 3428 3592 atque

1859 3616 1963 3669 alia
1995 3629 2092 3682 pro
2123 3614 2245 3668 aliis
2279 3621 2458 3667 mente
2483 3613 2745 3681 concipit.
2777 3610 2912 3665 Nam
2944 3613 3022 3666 illi
3054 3614 3281 3667 rudibus
3315 3615 3429 3683 qui-

1857 3702 2089 3756 busdam
2143 3709 2306 3770 atque
2351 3701 2617 3768 imperitis
2657 3701 2862 3755 similes
2907 3709 3054 3765 sunt,
3105 3703 3198 3771 qui
3233 3705 3428 3758 unius-

1856 3791 2121 3860 cujusque
2171 3789 2399 3844 membri
2449 3790 2840 3853 conditionem,
2895 3799 3058 3858 atque
3122 3807 3315 3856 usum,
3373 3801 3448 3847 et'

1855 3890 2106 3936 ornatum
2131 3881 2402 3936 nesciunt.
2430 3879 2589 3934 Juvat
2619 3895 2783 3949 porro
2816 3881 3112 3935 absurdum
3143 3885 3424 3952 quiddam,

1856 3981 1912 4028 et
1945 3973 2161 4026 illorum
2194 3972 2433 4026 amentia
2469 3967 2672 4034 sim‘ile,
2712 3972 2778 4025 ad
2813 3972 2863 4025 id
2890 3973 3033 4040 quod
3057 3973 3306 4029 volumus
3335 3991 3423 4029 ex-

1856 4063 2198 4134 primendum
2231 4062 2447 4117 all‘erre.
2484 4061 2717 4117 Perinde
2748 4077 2879 4133 ergo
2907 4064 2983 4117 illi
3013 4063 3239 4127 faciunt,
3276 4081 3340 4119 ac
3378 4068 3424 4121 si

1857 4155 2021 4224 capiti
2077 4155 2297 4208 calceos
2347 4154 2631 4217 inducant,
2683 4161 2734 4207 et
2777 4169 3034 4208 coronam
3084 4156 3332 4224 pedibus,
3370 4165 3427 4211 et

1858 4243 2032 4298 ventri
2075 4253 2324 4314 torquem
2371 4261 2627 4311 aureum;
2674 4254 2866 4299 caetera
2921 4261 3070 4311 vero,
3117 4249 3425 4316 cujusmodi

1856 4345 1984 4390 sunt
2030 4337 2244 4405 pednlia
2295 4345 2635 4399 ornamenta,
2710 4353 2850 4407 quos
2909 4340 3156 4393 nonnulli
3218 4342 3425 4397 udones

1849 4436 2069 4492 vocant,
2115 4437 2208 4481 aut
2249 4428 2493 4494 braccas,
2541 4429 2790 4483 manibus
2833 4431 3189 4496 circumdent,
3248 4450 3424 4488 annu-

1852 4517 1936 4570 lus
1995 4519 2242 4586 pedibus.
2299 4517 2447 4572 Talis
2481 4530 2566 4575 cst
2612 4522 2680 4574 ab
2736 4523 2999 4591 imperitis
3040 4523 3147 4577 illis
3176 4524 3422 4578 instituta

1853 4607 2016 4669 ratio,
2076 4609 2283 4662 erroris
2334 4611 2870 4682 perturbationisque
2925 4613 3261 4682 plenissima.
3293 4614 3423 4680 Quae

246 4753 260 4780 ¹
293 4751 457 4807 Deest
482 4753 710 4823 aliquid.
787 4756 806 4784 '
832 4770 923 4821 γρ.
956 4753 1330 4824 ἀνεπάγησαν.
1411 4755 1431 4786 ³
1452 4754 1642 4810 Matth.
1680 4773 1754 4824 Vl,
1784 4758 1874 4813 20.

247 4907 358 4980 (16)
386 4910 507 4980 νὨς
537 4910 892 4978 περιτιθέασι
923 4911 992 4964 τὰ
1019 4910 1391 4978 ὑποδήματα.
1433 4911 1550 4967 Non
1577 4914 1690 4968 haec
1717 4931 1749 4969 a

178 4975 431 5053 Qatharis
463 4975 720 5053 usurpata
751 4991 1074 5053 prmpostera
1102 4975 1328 5053 vestitus
1353 4983 1512 5053 ratio,
1545 4992 1600 5035 nt
1633 4988 1753 5053 qui-

177 5045 298 5098 dam
336 5045 638 5119 existimat,
671 5045 764 5102 sed
797 5045 1182 5118 ad'superioris
1205 5051 1472 5119 dogmatis
1500 5045 1750 5108 absurdi-

178 5122 344 5169 tatem
379 5118 757 5172 illustrandani
791 5134 852 5172 ea
904 5119 1202 5172 similitudo
1248 5118 1500 5174 refertur.
1548 5123 1749 5179 Obser-

179 5187 412 5262 tandum
473 5202 604 5262 vero
659 5188 814 5262 πόδια
845 5189 938 5262 (ita
975 5189 1120 5262 enim
1174 5190 1276 5241 hoc
1325 5189 1444 5262 loco
1494 5191 1596 5260 leg.
1650 5207 1748 5262 pro

178 5253 354 5330 ττέδια)
385 5256 787 5330 ρυιηίόδωνίοις
814 5253 866 5310 et
887 5256 1132 5330 epam};
1156 5259 1491 5330 prorniscue
1535 5253 1748 5330 accipi;

174 5324 274 5376 etsi
315 5305 546 5399 p'roprié
593 5305 1029 5399 πόδιίρς-ιίἶιδηι,
1069 5305 1276 5399 βράἔὲαι-
1310 5305 1752 5399 feminumvle'g'u:

175 5404 356 5446 menta
392 5397 540 5464 rsint.
596 5395 782 5448 Pollux
825 5395 915 5448 lib.
970 5411 1029 5453 ll,
1081 5395 1199 5464 cap.
1249 5397 1282 5449 4
1335 5396 1520 5448 ποδεῖα
1560 5395 1749 5464 scribit

175 5473 296 5536 csse
321 5463 450 5525 τοὺς
481 5465 900 5536 περἰ-τοῖς-ποσὶ
924 5461 1300 5536 ⁸τέίλουςλψιίιῖ
1337 5464 1633 5536 ΑΞειῑίιγιυε
1661 5461 1748 5521 πέ-

173 5525 360 5606 12:39:11
376 5525 569 5606 vocat:
614 5532 704 5606 Sic
735 5525 1024 5606 illesyChL:
1057 5525 1650 5606 Βῶκες-,ἀναξυρίδες
1685 5537 1749 5590 Et

176 5599 300 5652 alibi
319 5618 331 5652 :
347 5600 755 5668 ‘AraEvplchc,
775 5620 844 5671 φη
855 5599 1089 5671 μινάὶια.
1105 5599 1136 5672 β
1146 5599 1304 5673 ρακία
1319 5599 1646 5674 βαρϐαρικὰ,
1662 5606 1746 5659 έν-

543 5698 815 5758 PnnOL.
858 5697 901 5754 (ἶ
917 5717 969 5756 n.
1029 5700 1071 5758 Χ
1090 5700 1181 5756 [.l.

1847 4915 1988 4992 δυμα
2054 4918 2247 4992 ποδῶν,
2292 4920 2619 4992 ὑποδήματα,
2662 4920 2831 4990 βαθέα
2878 4922 2911 4992 ἢ
2982 4923 3252 4992 βασιλικά.
3319 4925 3421 4979 Ubi

1849 4985 2192 5062 ἀναξυρίδας,
2231 4985 2671 5062 quaefenioralia'
2694 5000 2840 5055 sunt,
2877 4985 3241 5062 calceamcnta
3282 5010 3418 5062 quo-

1847 5071 1952 5123 que
1981 5057 2134 5131 facit,
2156 5066 2217 5131 et
2243 5057 2460 5131 quidem
2494 5059 2679 5131 βαθέα,
2725 5069 2784 5112 ut
2815 5077 2848 5131 ιι
2900 5061 3066 5114 soleis
3097 5057 3416 5131 distinguat,

1849 5140 1970 5201 quae
1996 5126 2196 5201 plantis
2239 5126 2435 5201 pedum
2464 5126 2776 5201 suppositae.
2814 5127 2982 5201 Porro
3011 5133 3156 5198 quod
3189 5126 3416 5201 ait‘vEpiQ

1849 5194 2082 5272 phanius
2123 5197 2190 5248 τὰ
2328 5194 2958 5272 ἱματίων-γεγενημένα,
2994 5194 3092 5272 nos
3137 5202 3300 5272 ἐρίων
3336 5194 3418 5257 i'el

1847 5263 2152 5333 δερματίων
2187 5263 2480 5334 aliquando
2530 5263 2628 5335 legi
2664 5263 3000 5324 Censuimus.
3049 5263 3416 5326 Scd'l‘ortasse

1852 5335 2076 5387 retineri
2105 5335 2284 5406 satius
2305 5343 2409 5406 est.
2444 5345 2499 5388 ut
2532 5338 2720 5405 ἱμάτια
2748 5353 2844 5405 pro
2876 5341 3070 5405 pannis
3111 5352 3415 5406 sumantur,

1893 5418 1974 5475 ua:
2023 5410 2107 5477 est
2161 5405 2425 5477 igupilium
2483 5405 2709 5477 istorum
2766 5408 3116 5477 udnuumque
3170 5405 3413 5463 materia.

1902 5488 1982 5548 on‘
2000 5473 2150 5548 enim
2178 5473 2377 5548 fascias
2414 5475 2636 5542 pedules
2668 5477 2754 5548 hic
2779 5491 2900 5530 esse
2936 5473 3084 5546 puto,
3117 5479 3211 5534 sed
3251 5477 3412 5548 βαθέα

1853 5541 2192 5616 ὑποδήματα,
2225 5544 2326 5616 hoc
2357 5541 2438 5597 est
2467 5559 2658 5599 soccos
2695 5547 2902 5610 laneos,
2933 5541 3132 5616 quibus
3169 5541 3410 5603 calceano

1854 5621 1962 5677 tur,
1998 5626 2105 5666 non
2145 5613 2509 5668 obvolvuntur
2541 5617 2726 5684 pedes.

2956 5714 3028 5772 33
