3840 6062
425 231 434 237 ’
470 221 610 278 1055

1885 219 1942 274 S.
1986 219 2324 274 EI‘IPIIANII

3618 215 3636 266 ί
3653 214 3762 268 (356

469 338 616 393 enim
651 336 718 392 de
752 334 1010 390 secundis
1035 333 1197 406 503
1233 333 1459 402 nuptiis,
1495 333 1723 402 aliisque
1751 333 1802 386 id
1845 348 2029 403 genus,

2147 335 2340 396 ἄλλων,
2380 325 2524 386 οὗτοι
2557 334 2635 395 εἰς
2673 333 2854 386 πάντα
2875 329 2964 382 τὸν
2991 329 3118 383 λαὸν
3147 331 3510 401 νενομίκασι·
3558 331 3658 384 καὶ
3688 333 3754 384 τὰ

469 427 760 487 sacerdotii
807 439 977 482 causa
1029 424 1248 480 decreta
1313 431 1464 488 sunt,
1513 437 1574 477 ea
1617 423 1682 478 ad
1725 424 2044 480 universum

467 519 731 590 populum
751 513 1192 582 transtulerunt;
1245 521 1300 569 et
1328 529 1450 586 qua:
1495 513 1563 570 ad
1603 513 2043 569 constituendam

468 609 877 668 scverissimam
915 607 1262 677 disciplinam
1300 621 1330 661 a
1361 605 1473 662 Deo
1510 605 1767 661 mandata
1793 613 1942 670 sunt,
1976 619 2045 660 ne

466 701 608 757 forte
650 699 819 768 aliqui
857 714 968 769 prae
1016 699 1182 754 animi
1221 699 1475 758 socordia
1510 699 1564 752 in
1601 697 1856 754 delictum
1904 695 2044 750 inci-

465 793 694 859 derent;
736 791 852 850 haec
901 790 980 844 illi
1019 790 1148 844 dum
1189 789 1258 844 ad
1292 804 1482 844 omnes
1521 787 1796 859 pertinere
1826 787 2039 850 volunt,

463 885 650 939 divino
674 883 884 938 numini
913 882 1253 937 atrocitatem
1301 891 1355 937 et
1381 880 1837 936 inhumanitatem
1877 878 2044 934 ascri-

461 976 617 1031 bunt.
674 973 754 1029 Ac
789 973 938 1029 velut
987 973 1034 1029 si
1077 973 1201 1043 quis
1248 979 1455 1028 vestem
1507 979 1930 1034 manu'tenens,
1973 969 2042 1024 ab

461 1081 629 1136 carpo
655 1079 852 1120 manus
885 1065 1143 1118 duntaxat
1178 1063 1364 1118 cubito
1393 1070 1554 1117 tenus
1585 1061 1870 1116 brachium
1909 1075 2042 1131 ope-

460 1160 589 1223 riat,
623 1164 786 1227 atque
813 1154 1110 1210 identidem
1137 1154 1411 1209 manicam
1437 1151 1616 1207 oculis
1648 1151 1764 1207 suis
1790 1150 2035 1220 objiciat,

461 1257 517 1305 et
555 1249 694 1302 alios
731 1245 980 1309 irrideat,
1031 1243 1237 1298 oblitus
1292 1249 1408 1295 toto
1441 1257 1501 1296 se
1537 1255 1765 1310 corpore
1791 1254 1916 1295 esse
1939 1253 2038 1291 nu-

460 1341 692 1404 datum;
748 1335 973 1407 perinde
1015 1343 1070 1390 et
1112 1334 1191 1388 illi
1229 1333 1454 1396 faciunt,
1493 1333 1585 1403 qui
1625 1331 1755 1386 dum
1791 1330 2038 1402 digamos

461 1447 491 1484 a
547 1445 608 1486 se
663 1427 934 1498 repudiari
980 1425 1255 1495 iactitant,
1316 1425 1527 1493 reliqua
1569 1428 1839 1493 praecepta
1891 1419 2037 1475 illius

458 1522 544 1577 vel
595 1519 825 1580 similia,
878 1519 960 1573 vel
995 1517 1114 1572 sine
1159 1516 1268 1570 ulla
1307 1514 1718 1584 comparatione
1770 1518 2037 1582 praestan-

459 1613 623 1675 tiora,
677 1623 912 1680 quorum
963 1606 1324 1662 violatoribus
1357 1605 1550 1660 mortis
1591 1617 1750 1674 pmna
1777 1603 2035 1673 proponi-

2143 427 2210 480 δι’
2240 422 2542 496 ὑπερϐολὴν
2579 422 2979 495 στρυφνότητος
3009 421 3112 474 ὑπὸ
3152 421 3290 474 Θεοῦ
3313 423 3750 492 κεκηρυγμένα,

2145 518 2232 572 ἵνα
2263 517 2338 588 μὴ
2367 515 2780 588 ρᾳθυμήσαντές
2811 530 2960 578 τινες
3002 513 3427 584 παραπέσωσιν,
3464 514 3628 566 αὑτοὶ
3666 517 3746 578 εἰς

2143 605 2536 677 ἀπανθρωπίαν
2568 603 2688 674 Θεῷ
2710 604 2974 673 συνῆψαν.
3011 604 3119 655 Καὶ
3149 602 3225 666 ὡς
3259 603 3357 655 ὲάν
3388 604 3444 655 εί
3469 621 3580 666 τις,
3618 603 3745 673 ίμα-

2141 697 2257 751 τίου
2294 696 2437 768 χειρὶ
2463 695 2863 765 διακατασχὼν,
2900 694 2997 748 καὶ
3026 693 3132 757 ἕως
3166 695 3326 764 μόνον
3347 695 3610 762 ἀγκῶνος
3637 698 3742 750 ἀπὸ

2143 784 2355 856 καρποῦ
2411 783 2594 854 χειρὸς
2647 783 2743 837 τοῦ
2791 783 3130 854 καλουμένου
3188 784 3461 847 σκεπάζει
3510 785 3735 850 ἑαυτὸν,

2141 876 2440 947 προσφέρει
2460 874 2518 928 δὲ
2547 875 2656 946 πρὸ
2684 873 2979 944 ὀφθαλμῶν
3017 874 3138 928 καθ’
3174 875 3417 945 ἑκάστην
3460 875 3619 946 ὥραν
3641 879 3735 947 τὴν

2141 965 2372 1038 χειρίδα,
2403 965 2500 1018 καὶ
2524 964 2853 1029 ὲπιτωθάζει
2884 966 2994 1027 τοῖς
3025 964 3230 1028 ἄλλοις,
3277 965 3628 1035 ὲπιλησθεὶς,
3658 968 3734 1019 ὅτι

2139 1056 2260 1110 ὅλον
2307 1056 2370 1108 τὸ
2413 1055 2571 1126 σῶμα
2617 1054 2782 1109 αὑτοῦ
2827 1055 3194 1125 γυμνητεὺει·
3223 1054 3370 1108 οὕτω
3415 1057 3516 1109 καὶ
3564 1050 3729 1123 οὗτοι,

2142 1146 2530 1217 σεμνυνόμενοι
2563 1146 2638 1216 μὴ
2678 1146 2932 1216 δέχεσθαι
2970 1145 3254 1215 διγάμους,
3279 1145 3381 1209 τάς
3425 1147 3616 1210 πάσας
3651 1150 3729 1200 ὲν-

2138 1236 2296 1300 τολάς
2340 1237 2438 1300 τὰς
2479 1237 2671 1306 ὁμοίας
2703 1235 2930 1308 ταύτης,
2980 1238 3075 1290 καὶ
3126 1237 3206 1290 έτι
3261 1237 3382 1307 μεθ’
3423 1239 3726 1310 ὑπερϐολῆς

2139 1328 2422 1391 καλλίονας
2459 1328 2554 1382 καὶ
2578 1327 2980 1392 ἐπιθανατίους,
3001 1328 3099 1399 τὴν
3136 1327 3266 1398 μίαν
3297 1329 3722 1400 ἀπαγορεύουσι,

2135 1419 2236 1482 τὰς
2261 1420 2317 1473 δὲ
2359 1418 2525 1482 ἄλλας
2558 1417 3000 1473 καταλελοίπασι.
3046 1419 3158 1472 Καὶ
3198 1418 3586 1489 ἐπιλαθόμενοι
3610 1420 3722 1473 ὅλον

2139 1510 2239 1579 μὲν
2258 1510 2318 1562 τὸ
2343 1509 2504 1579 σῶμα
2533 1507 2989 1579 γυμνητεύουσιν,
3015 1509 3125 1562 ἀπὸ
3153 1510 3291 1563 ὅλων
3320 1511 3432 1564 τῶν
3461 1513 3720 1582 ὲνταλμὰ·

2139 1620 2246 1656 των
2278 1605 2642 1673 ἀργήσαντες,
2693 1601 2789 1655 καλ⁵
2827 1600 2926 1672 τὴν
2962 1601 3093 1670 μίαν
3139 1601 3364 1673 ἐντολὴν
3415 1604 3519 1672 οὑχ
3549 1604 3718 1672 ἁγνῶς

380 1736 395 1749 ο
458 1711 570 1765 tur,
617 1704 1000 1763 contemnunt,
1044 1708 1100 1753 et
1133 1697 1422 1766 abjiciunt,
1481 1703 1532 1749 et
1583 1710 1692 1747 uno
1734 1693 1827 1747 illo
1866 1695 2029 1748 inter-

2135 1694 2522 1765 κατασχόντες.

455 1793 605 1848 dicto
634 1793 877 1849 contenti
906 1799 1104 1847 caetera
1137 1790 1437 1860 negligant.
1465 1787 1647 1854 Quare
1670 1788 1751 1842 sic
1777 1796 2036 1857 tanquam
2074 1788 2228 1844 obliti
2249 1791 2392 1874 sint,
2415 1797 2528 1845 toto
2555 1803 2785 1860 corpore
2809 1787 2944 1845 nudi
2975 1795 3124 1857 sunt,
3185 1789 3318 1845 dum
3343 1797 3398 1846 et
3464 1791 3707 1846 universa

459 1883 552 1940 Dei
599 1891 872 1954 praecepta
929 1883 1270 1951 relinquunt,
1305 1894 1482 1950 neque
1515 1893 1684 1932 unum
1716 1877 1850 1932 illud
1885 1888 2038 1934 caste
2075 1895 2139 1935 ac
2173 1881 2388 1938 sincere
2423 1883 2767 1939 custodiunt.

527 1973 639 2028 Xll.
681 1973 725 2028 Ο
771 1971 1148 2028 admirandam
1194 1971 1478 2026 hominum
1530 1970 1832 2026 insaniam!
1885 1969 2029 2026 Sane

455 2064 713 2135 quaelibet
741 2063 983 2128 occasio,
1015 2063 1368 2133 quantumvis
1413 2061 1633 2133 exigua,
1664 2076 2024 2133 unamquam-

455 2171 561 2225 que
594 2155 847 2210 lueresim
884 2169 914 2207 a
950 2155 1177 2208 veritate
1207 2151 1483 2219 distraxit,
1516 2161 1681 2224 atque
1713 2153 1782 2206 ad
1815 2154 2030 2208 inlinita

455 2247 600 2301 mala
631 2243 905 2316 perduxit.
943 2243 1416 2310 Quemadmodum
1451 2244 1596 2300 enim
1635 2245 1679 2299 si
1711 2244 1836 2314 quis
1864 2245 2034 2302 inter-

456 2345 673 2409 ruptam
701 2351 882 2406 sepem
917 2335 983 2390 ad
1015 2335 1290 2406 publicam
1317 2335 1459 2390 viam
1492 2336 1778 2408 repererit,
1812 2343 1867 2392 et
1905 2337 2032 2392 illac

455 2431 561 2484 iter
591 2445 714 2486 esse
764 2429 866 2484 sibi
913 2427 1173 2493 credens,
1204 2428 1398 2482 relicta
1424 2425 1511 2482 via
1548 2427 1832 2497 paululum
1865 2427 2033 2484 delle-

457 2517 620 2582 xerit,
657 2525 811 2572 ratus
855 2519 1226 2588 propinquum
1277 2533 1400 2573 esse
1449 2518 1678 2582 exitum,
1717 2532 1814 2587 per
1867 2532 2028 2589 quem

454 2609 637 2664 redire
670 2609 725 2662 in
753 2609 897 2662 viam
934 2609 1134 2664 iterum
1173 2609 1368 2679 possit,
1403 2623 1505 2664 nec
1555 2607 1691 2663 illud
1723 2607 1926 2675 sciens,
1957 2608 2032 2662 al-

455 2701 726 2758 tissimum
774 2701 887 2756 illic
937 2716 1061 2767 esse
1114 2717 1355 2768 murum,
1392 2716 1456 2756 ac
1502 2701 1827 2772 longissimo
1851 2701 2030 2771 spatio

357 2817 360 2824 -
455 2794 853 2863 interceptum;
885 2801 1051 2862 atque
1101 2794 1177 2847 ita
1227 2791 1526 2857 discurrat,
1567 2807 1669 2848 nec
1719 2806 1827 2862 qua
1856 2792 2032 2862 possit

453 2883 640 2954 egredi
676 2885 891 2953 uspiam
927 2883 1198 2953 reperiat;
1227 2897 1463 2952 cumque
1495 2897 1608 2937 uno
1641 2882 1883 2938 alterove
1914 2882 2035 2936 mil-

2201 1974 2307 2028 IB'.
2341 1975 2452 2028 Kal.
2478 1973 2524 2027 ὣ
2547 1974 2648 2039 τῆς
2677 1973 2877 2045 πολλῆς
2905 1974 3014 2028 τῶν
3050 1969 3357 2044 ἀνθρώπων
3386 1990 3706 2044 ματαιοφρο-

2139 2047 2335 2134 σὺνηςῐ
2371 2067 2526 2120 Πᾶσα
2553 2066 2610 2119 δὲ
2653 2065 2927 2138 πρόφασις
2971 2063 3209 2136 ἑκάστην
3242 2065 3496 2134 αἵρεσιν,
3523 2066 3620 2118 κᾶν
3653 2082 3703 2116 τε

2142 2156 2370 2228 βραχεῖά
2394 2173 2478 2220 τις
2505 2156 2768 2226 ὑπῆρξεν,
2805 2155 2914 2210 ἀπὸ
2937 2155 3040 2225 τῆς
3067 2153 3329 2224 ἀληθείας
3363 2155 3699 2225 παρείλκυσε,

2139 2251 2235 2304 καὶ
2262 2251 2341 2312 εἰς
2377 2248 2574 2320 πολλὴν
2615 2249 2801 2302 κακῶν
2833 2249 2852 2279 '
2880 2248 3215 2317 κατήγαγεν.
3253 2247 3472 2318 Ὠσπερ
3500 2248 3604 2319 γάρ
3632 2264 3702 2309 τις

2135 2340 2439 2412 διασφαγὴν
2479 2339 2654 2412 εὑρὼν
2704 2341 2763 2392 ἐν
2815 2337 3054 2409 φραγμῷ
3095 2336 3249 2407 παρά
3297 2337 3594 2407 λεωφόρῳ,
3621 2338 3701 2390 καὶ

2135 2431 2363 2502 νομίσας
2410 2429 2501 2484 διὰ
2547 2428 2751 2500 ταύτης
2798 2427 3073 2499 βαδίζειν,
3115 2429 3209 2481 καὶ
3256 2427 3574 2482 καταλιπὼν
3617 2429 3699 2498 τὴν

2133 2519 2273 2583 ὁδὸν,
2320 2519 2608 2590 τρέπηται,
2643 2518 2868 2588 νομίσας
2916 2516 3216 2585 ὲγγὺτατον
3246 2516 3410 2588 ἔχειν,
3457 2517 3579 2571 ὅθεν
3600 2518 3701 2570 δια-

2134 2611 2360 2683 κάμψας
2386 2610 2545 2664 πάλιν
2579 2609 2678 2680 τῆς
2717 2607 2838 2662 ὁδοῦ
2866 2607 3198 2675 ἐπιλάϐοιτο,
3229 2608 3494 2679 ἀγνοήσει
3523 2608 3598 2673 δὲ,
3629 2611 3701 2662 ὅτι

2131 2705 2307 2774 τεῖχός
2333 2706 2479 2756 ἐστιν
2508 2701 2834 2774 ὑπέρτατον,
2865 2701 2960 2754 καὶ
2991 2699 3187 2772 μακρῷ
3207 2700 3540 2772 διαστήματι
3573 2701 3701 2771 epito-

2131 2796 2268 2866 δομη
2279 2796 2459 2866 μένον,
2491 2791 2768 2864 ἐπιτρέχοι
2808 2792 2864 2846 δὲ
2908 2790 2984 2863 μὴ
3013 2791 3286 2863 εὑρίσκων
3309 2791 3396 2844 διὰ
3419 2793 3584 2855 ποίας
3614 2791 3703 2861 τὴν

2133 2887 2364 2953 διέξοδον
2395 2886 2701 2956 ποιήσεται,
2743 2884 2864 2937 ἀντὶ
2903 2883 3022 2947 ἐνὸς
3059 2883 3323 2954 σημείου,
3374 2885 3494 2954 ἦτοι
3530 2883 3704 2953 μιλίου

453 2973 576 3028 liari
613 2987 939 3044 pr0gressus
965 2971 1154 3036 fuerit,
1188 2973 1404 3043 longius
1431 2972 1690 3042 deinceps
1717 2974 1818 3028 iter
1837 2987 2029 3044 super-

2135 2977 2494 3049 προσκόπτων
2521 2975 2564 3040 ³,
2611 2974 2753 3028 κατά
2794 2975 2951 3045 χεῖρα
2987 2972 3070 3026 ἔτι
3109 2973 3270 3027 πλέον
3311 2972 3384 3044 μὴ
3420 2971 3573 3045 εὖροι
3609 2973 3706 3044 τὴν

447 3064 548 3130 sit,
589 3080 690 3118 nec
724 3065 863 3118 viam
895 3065 1168 3134 expediat,
1201 3064 1299 3119 sed
1335 3065 1441 3118 huc
1472 3065 1714 3134 illucque
1747 3079 1807 3120 se
1835 3063 2028 3120 confes

457 3161 561 3207 rat.
597 3151 698 3208 Hic
726 3153 891 3224 igitur
921 3156 988 3207 a'd
1023 3169 1149 3208 eum
1182 3155 1404 3208 modum
1436 3155 1715 3219 laborans,
1745 3169 1921 3225 neque
1941 3154 2032 3210 ’ul-

455 3245 566 3298 lum
595 3245 660 3298 ad
696 3253 903 3299 rectam
935 3245 1080 3298 viam
1116 3245 1222 3300 iter
1249 3246 1570 3316 expediens,
1593 3260 1706 3300 non
1735 3245 1894 3300 aliter
1919 3243 2028 3300 ior-

455 3331 618 3386 tassis
647 3331 908 3394 inveniet,
941 3347 1105 3401 quam
1138 3332 1184 3386 si
1210 3333 1422 3396 eadem,
1447 3348 1556 3403 qua
1585 3334 1864 3402 ingressus
1887 3339 2026 3396 erat,

452 3430 783 3477 revertatur.
821 3420 914 3475 Sic
956 3421 1184 3478 haeresis
1223 3423 1426 3488 omnis,
1465 3437 1590 3476 cum
1633 3421 1844 3476 itineris
1878 3435 2028 3475 com-

453 3514 712 3584 pendium
761 3513 987 3568 haberet
1018 3514 1075 3568 in
1108 3522 1386 3584 promptu,
1420 3529 1518 3584 per
1547 3514 1738 3586 longas
1767 3512 2028 3583 ambages

452 3604 698 3674 digressa
721 3602 789 3656 in
818 3602 1211 3666 solidissimum
1243 3620 1464 3661 murum
1496 3604 1721 3672 incidit;
1751 3603 2030 3673 cujusmo—

452 3693 508 3748 di
538 3701 616 3749 est
645 3693 987 3764 ignorantiae,
1015 3695 1656 3768 inscitiaiqueimpedita,
1687 3710 1752 3751 ac
1778 3695 2028 3750 tertuosa

447 3783 634 3841 .ﬂexio.
669 3783 857 3854 Neque
901 3801 1031 3841 vero
1080 3787 1326 3843 invenire
1368 3801 1613 3858 unquam
1667 3786 1759 3840 illa
1806 3785 2025 3856 poterit,

449 3894 558 3950 qua
587 3891 646 3932 se
680 3877 750 3932 ad
784 3887 990 3934 rectam
1031 3880 1178 3935 viam
1209 3879 1432 3946 referat,
1465 3881 1574 3937 nisi
1608 3881 1675 3935 ad
1707 3879 2025 3950 primariam

447 3973 614 4035 viam.
647 3975 752 4030 hoc
774 3981 858 4028 est
887 3974 1114 4043 regiam,
1150 3973 1254 4029 iter
1283 3975 1591 4030 retorserit.
1624 3974 1682 4028 Id
1717 3975 1865 4046 quod
1897 3991 2029 4030 san-

447 4067 680 4121 ctissimi
721 4065 888 4122 Mosis
934 4067 1022 4121 lex
1052 4073 1240 4136 aperte
1268 4065 1701 4133 vociferabatur,
1740 4083 1866 4124 cum
1901 4068 2028 4124 ldu-

447 4173 586 4212 maeo
615 4157 729 4228 regi
765 4157 839 4210 ita
874 4157 1158 4212 mandaret
1195 4175 1207 4210 :
1244 4155 1374 4210 Han:
1398 4157 1527 4211 dicit
1570 4158 1741 4227 frater
1782 4168 1901 4214 tuus
1939 4157 2026 4212 ls-

447 4249 561 4302 rael
587 4264 605 4301 :
636 4248 842 4303 I'rreter
867 4250 1122 4304 terminos
1146 4261 1264 4304 tuos
1294 4250 1532 4304 transibo
1548 4251 1607 4304 in
1628 4260 1843 4316 terram,
1865 4267 2024 4321 quam

2131 3068 2268 3132 ὁδὸν,
2300 3067 2396 3121 καὶ⁹
2427 3065 2602 3130 οὕτως
2639 3066 2908 3136 τρέπηται
2937 3067 3032 3119 ἐπὶ
3076 3065 3147 3119 τὰ
3180 3066 3369 3118 πλείω
3395 3066 3623 3136 κάμνων
3652 3066 3703 3120 δὲ

2130 3157 2293 3224 οὕτω,
2322 3157 2416 3210 καὶ
2447 3157 2521 3228 μὴ
2566 3156 2815 3228 εὐπορῶν
2844 3157 2932 3210 διὰ
2965 3157 3126 3220 ποίας
3159 3158 3251 3210 ἐπὶ
3280 3157 3378 3228 τὴν
3404 3159 3700 3228 ὁδοιπορίαν

2130 3251 2348 3320 ἀγάγοι,
2379 3250 2519 3320 τάχα
2545 3267 2603 3304 τε
2633 3251 2769 3320 μήτε
2799 3250 2977 3320 εὑρεῖν
3009 3249 3286 3321 δυνηθείη,
3321 3252 3372 3304 εἰ
3405 3253 3480 3322 μή
3508 3268 3560 3304 τι
3586 3253 3699 3304 ἀνα-

2129 3343 2336 3413 κάμψει
2377 3343 2445 3395 δι’
2482 3339 2550 3415 ἧς
2584 3343 2678 3395 καὶ
2711 3343 2991 3412 εἰσῆλθεν·
3021 3341 3195 3405 οὕτως
3238 3344 3444 3413 ἑκάστη
3482 3345 3695 3414 αἵρεσις,

2129 3435 2204 3498 ὼς
2234 3434 2524 3506 συντομίαν
2551 3435 2672 3488 τινὰ
2712 3436 2962 3505 ὲφευρεῖν
2993 3435 3304 3502 δυνηθεῖσα,
3336 3433 3690 3504 παρεξώκειλε

2127 3526 2214 3580 διά
2249 3528 2347 3597 τῆς
2383 3525 2708 3598 μακροδίας·
2742 3525 2942 3598 εὑρέθη
2986 3525 3042 3578 δὲ
3087 3526 3222 3596 αὑτῇ
3255 3527 3436 3595 τεῖχος
3471 3525 3690 3597 apem;

2129 3621 2162 3690 ὴ
2207 3619 2305 3689 τῆς
2344 3619 2567 3685 ἀγνοίας
2595 3619 2690 3672 καὶ
2721 3618 2996 3687 ἀγνωσίας
3033 3617 3196 3671 πάλιν
3229 3617 3427 3688 πλοκή.
3474 3617 3585 3670 Καὶ
3609 3617 3691 3669 οὑχ

2129 3709 2195 3764 ἂν
2229 3709 2379 3780 εὖροι
2404 3710 2437 3780 ή
2467 3707 2692 3779 τοιαύτη
2727 3709 2821 3762 ἐπὶ
2856 3709 2956 3780 τὴν
2989 3709 3250 3780 ἀληθινὴν
3292 3710 3454 3780 ἥκειν
3484 3710 3628 3777 ὁδὸν,
3653 3713 3692 3762 εί

2131 3801 2204 3871 μή
2255 3818 2306 3853 τι
2337 3800 2652 3870 ἀνακάμψει
2683 3801 2763 3864 εἰς
2798 3801 2860 3853 τὸ
2887 3801 3194 3872 ἀρχέτυπον
3232 3803 3331 3873 τῆς
3364 3803 3487 3856 ὀδοῦ
3507 3845 3522 3869 ,
3555 3820 3690 3856 τουτο

2127 3894 2243 3946 ἐστι
2271 3893 2368 3963 τῆς
2404 3891 2707 3962 βασιλικῆς
2734 3891 2812 3956 ὡς
2862 3893 2954 3946 καὶ
2985 3894 3014 3944 ὁ
3044 3893 3207 3962 νόμος
3251 3893 3553 3966 διαρρήδην
3579 3893 3690 3946 ἐϐόα

2129 3983 2220 4036 τοῦ
2249 3983 2406 4052 ἁγίου
2434 3984 2734 4048 Μωῦσέως,
2761 3983 3012 4053 λέγοντος
3045 3984 3124 4055 τῷ
3154 3984 3366 4054 βασιλεῖ
3402 3986 3598 4056 Ἑδὼμ,
3621 3987 3689 4039 ὅτι

2131 4074 2275 4129 Τάδε
2314 4074 2475 4146 λέγει
2525 4078 2558 4129 ὁ
2608 4075 2874 4144 ἀδελφός
2923 4093 3040 4131 σου
3097 4077 3378 4145 Ἰσραήλ⁶
3429 4080 3596 4146 Παρὰ
3632 4078 3691 4130 τὰ

2126 4165 2256 4234 ὅριά
2289 4183 2406 4220 σου
2450 4166 2832 4235 διελεύσομαι
2863 4171 2950 4234 εἰς
2984 4168 3122 4238 γῆν,
3155 4167 3236 4236 ῆν
3267 4170 3468 4239 ὤμοσε
3498 4173 3690 4239 Κύριος

2125 4257 2252 4324 τοῖς
2279 4257 2579 4325 πατράσιν
2619 4258 2788 4328 ἡμῶν
2820 4259 3061 4314 δοῦναιο
3109 4259 3224 4330 γῆν
3254 4263 3530 4328 ῥέουσαν
3567 4261 3689 4331 μέλι

439 4339 641 4408 jurauit
675 4338 934 4394 Dominus
957 4340 1085 4395 dare
1103 4342 1344 4410 patribus
1375 4342 1612 4406 nostris;
1645 4351 1844 4396 terram
1864 4341 2028 4414 504

2133 4347 2229 4402 καὶ
2275 4348 2464 4416 τάλα,
2499 4348 2615 4416 τὴν
2665 4348 2782 4418 γῆν
2821 4349 2939 4404 τῶν
2979 4352 3340 4421 Ἀμορῤαίων
3388 4354 3492 4406 καὶ
3540 4357 3685 4420 Φερε-

447 4428 598 4482 metle
643 4439 694 4482 et
735 4429 871 4482 tacte
907 4439 1210 4484 manantem
1233 4445 1252 4483 :
1280 4441 1475 4486 terram
1499 4430 1946 4494 Amorrhworum,
1972 4439 2021 4482 et

444 4518 850 4576 Pheresreoram
871 4530 921 4574 et
949 4519 1335 4585 Iebusworum.
1365 4536 1417 4578 et
1449 4523 1748 4591 Emorum,
1794 4533 1844 4578 et
1881 4520 2021 4577 Cba-

446 4626 775 4675 nanworum,
798 4620 850 4666 et
887 4611 1260 4675 Chetta'orum,
1282 4623 1478 4669 terram
1508 4617 1754 4685 ﬂuentem
1794 4614 1947 4668 melle
1973 4622 2023 4667 et

447 4701 603 4755 tacte.
629 4700 751 4754 Non
781 4702 1162 4757 declinabimus
1195 4704 1263 4757 ad
1293 4704 1563 4760 dexteram
1593 4717 1684 4760 aut
1714 4707 2018 4774 sinistram,

445 4808 640 4864 aquam
679 4795 731 4846 in
766 4805 980 4864 argento
1013 4795 1266 4860 bibemus,
1298 4808 1347 4852 et
1378 4799 1521 4853 cibos
1556 4799 1761 4869 argenti
1787 4803 2023 4857 comede-

443 4899 583 4938 mus.
622 4883 745 4938 Non
776 4885 1160 4942 declinabimus
1189 4889 1287 4943 hac
1314 4900 1406 4944 aut
1437 4891 1582 4955 illac,
1612 4891 1697 4945 via
1732 4894 1872 4962 regia
1904 4911 2023 4963 gra-

443 4975 704 5032 diemur‘.
730 4976 826 5031 Est
857 4979 1004 5033 enim
1037 4981 1183 5052 regia
1211 4981 1459 5050 qumdam
1490 4982 1596 5047 via,
1637 4983 1891 5040 nimirum
1921 4985 2021 5042 Ec-

443 5065 608 5120 clesia
657 5066 874 5132 Dei,ac
905 5071 1156 5125 veritatis
1185 5071 1308 5126 iter.
1337 5070 1690 5142 Unaquaeque
1723 5089 1854 5130 vero
1884 5075 2022 5131 ista-

443 5173 563 5212 rum
603 5159 885 5214 haarcseon
919 5165 1066 5233 regia
1099 5162 1359 5217 derelicta
1392 5163 1502 5228 via,
1535 5165 1600 5217 ad
1631 5165 1914 5222 dexteram
1943 5169 2020 5223 sic

443 5251 740 5306 nistramve
761 5253 1077 5318 deﬂectens,
1114 5253 1372 5323 deinceps
1406 5254 1460 5308 in
1504 5255 1830 5311 immensum
1859 5272 2015 5312 erro-

444 5355 556 5395 rem
603 5357 726 5400 sese
767 5345 1118 5400 committens
1160 5345 1468 5416 abripitur:
1505 5347 1641 5401 adeo
1691 5357 1751 5403 ut
1801 5349 2008 5402 nullum

441 5434 700 5504 deinceps
751 5435 971 5491 modum
1017 5437 1215 5494 habeat
1245 5439 1299 5493 in
1333 5441 1578 5510 qualibet
1606 5440 1814 5497 erroris
1863 5441 2012 5495 inso-

442 5527 628 5581 lentia.

2129 4437 2322 4506 ζαέων,
2357 4439 2457 4494 καὶ
2498 4441 2894 4506 Ἰεϐουσαίων,
2936 4443 3036 4497 καί
3082 4445 3338 4511 Εὐαίων,
3382 4446 3485 4499 καὶ
3531 4448 3676 4499 Χανα

2127 4532 2332 4596 ναίων,
2358 4531 2457 4586 καὶ
2480 4535 2790 4587 Χετταίωνσ
2822 4533 3222 4604 γῆν-ῥέουσαν
3248 4532 3408 4604 τάλα
3424 4537 3681 4608 παὶμέλι,

2133 4626 2255 4676 Οὐκ
2280 4623 2676 4692 ἐκκλινοῦμεν
2699 4623 2870 4690 δεξιὰ
2897 4625 2935 4694 ἢ
2968 4625 3250 4696 ἀριστερὰ
3274 4641 3288 4656 ⁶
3320 4627 3481 4697 ὕδωρ
3506 4630 3575 4682 ἐν
3599 4630 3683 4696 dp-

2132 4715 2310 4783 γυρίφ
2340 4715 2610 4783 πιόμεθα,
2639 4715 2739 4768 καὶ
2756 4715 3040 4786 ,βρώματα
3063 4718 3351 4787 ἀργυρίου
3379 4721 3685 4788 gramineae.

2132 4808 2254 4859 Οὐκ
2285 4806 2684 4875 ἐκκλινοῦμεν
2705 4808 2990 4864 ἐντεῦθεν
3021 4810 3058 4878 ἢ
3088 4810 3370 4865 ἐντεῦθεν
3389 4827 3402 4840 ⁸
3440 4811 3561 4876 ὀδῷ
3592 4812 3684 4874 βα-

2127 4896 2336 4966 σιλικῇ
2375 4897 2726 4969 βαδιοῦμαι.
2761 4901 2918 4954 Ἐστι
2959 4900 3066 4973 γὰρ
3111 4902 3228 4962 ὁδὸς
3278 4901 3556 4974 βασιλικὴ,
3584 4903 3687 4974 ἥτις

2126 4989 2272 5040 ἐστὶν
2303 4989 2335 5058 ἡ
2361 4988 2456 5041 τοῦ
2483 4989 2618 5043 Θεοῦ
2661 4991 2978 5060 Ἐκκλησία,
3007 4993 3100 5044 καὶ
3125 4993 3402 5063 ὁδοιπορία
3438 4995 3540 5064 τῆς
3571 4994 3684 5064 alq-

2125 5077 2296 5142 θείας.
2342 5079 2578 5154 Ἐκάστη
2612 5082 2666 5136 δὲ
2700 5085 2938 5150 τούτων,
2983 5086 3082 5157 τὴν
3131 5085 3419 5156 βασιλικὴν
3455 5087 3682 5141 καταλεισ

2124 5169 2294 5239 ψασα,
2341 5172 2569 5226 κλίνασα
2609 5174 2663 5227 δὲ
2693 5176 2783 5227 ἐπὶ
2815 5177 2880 5228 τὰ
2923 5176 3072 5242 δεξιά
3111 5178 3144 5247 ἥ
3185 5178 3279 5230 ἐπὶ
3307 5179 3378 5231 τὰ
3417 5174 3688 5251 ἀριστερὰ.

2124 5261 2216 5314 ἐπὶ
2247 5263 2384 5316 πολὺ
2416 5264 2598 5318 λοιπὸν
2624 5266 2820 5336 ἑαυτὴν
2848 5267 3181 5332 ἐπιδιδοῦσα,
3209 5269 3290 5332 είς
3320 5267 3536 5340 πλάνην
3561 5285 3678 5339 παρ

2123 5351 2502 5426 ελκυθήσεται·
2541 5357 2634 5409 καὶ
2683 5356 2863 5408 οὐκέτι
2913 5357 3114 5429 μέτρον
3147 5357 3260 5428 ἔχει
3310 5359 3443 5431 παρ’
3502 5358 3689 5424 ἑκάστῃ

2121 5445 2328 5512 αἱρέσει
2364 5448 2397 5517 ἡ
2431 5447 2527 5517 τῆς
2550 5447 2754 5516 πλάνης
2778 5447 3041 5502 ἀναίδεια.

515 5638 532 5670 ¹
568 5638 732 5696 Num.
762 5655 877 5709 XXI,
907 5641 978 5697 22
1012 5657 1133 5713 sqq.
1203 5647 1222 5676 ⁸
1252 5643 1310 5698 F.
1346 5645 1562 5698 κακίαν.
1642 5646 1660 5677 ³
1697 5644 1758 5698 F.
1796 5644 2134 5720 προκόπτων.
