3840 6062
173 193 196 248 Ι
206 192 318 249 057

831 190 1202 249 ADVERSUS
1239 189 1579 248 HERESES
1617 190 1745 248 LIB.
1791 191 1854 247 ll.
1898 191 2061 248 TOM.
2105 196 2150 251 l.
2185 223 2255 234 —
2292 192 2567 251 HERES.
2606 193 2721 253 LX.

3297 200 3436 257 1058

247 307 352 362 ll".
387 308 524 376 Ἀγε
565 307 765 371 τοίνυν,
807 307 944 360 Θεοῦ
985 308 1194 372 δοῦλοι,
1226 307 1329 360 υἱοί
1370 323 1430 360 τε
1471 310 1568 378 τῆς
1601 308 1758 376 ἁγίας

1935 305 2076 360 XIII.
2121 307 2278 378 Agite
2309 309 2512 379 itaque,
2539 307 2636 363 Dei
2676 308 2845 376 servi,
2879 321 2942 363 ac
2976 316 3178 365 sanetae
3210 310 3305 368 Dei
3335 316 3441 372 Ec-

170 396 313 450 Θεοῦ
351 398 708 469 Ἐκκλησίας,
731 400 780 452 οἱ
807 398 897 451 τὸν
919 399 1120 452 κανόνα
1145 398 1362 467 ἀσφαλῆ
1383 397 1758 467 γινώσκοντες,

170 489 270 541 καὶ
315 489 421 558 τὴν
471 488 587 542 ὁδον
633 492 733 559 τῆς
781 488 1039 558 ἀληθείας
1081 487 1418 559 βαδίζοντες·
1454 489 1528 560 μὴ
1563 492 1763 558 φωναῖς

167 577 592 650 ἀνθελκόμενοι,
642 580 736 633 καὶ
775 581 925 649 φωνῇ
955 578 1191 650 ἑκάστης
1237 580 1763 652 παραπεποιημένης

165 667 604 738 ἐπιτηδεύσεως.
656 667 930 738 Σφαλεραὶ
979 668 1088 739 γὰρ
1133 671 1189 722 αἱ
1230 669 1434 723 τούτων
1486 669 1623 732 ὁδοὶ,
1668 669 1764 722 καὶ

165 756 418 828 ἀνάντης
463 761 496 828 ἡ
541 757 727 828 τρίϐος
759 757 856 828 τῆς
887 758 1063 812 αὐτῶν
1104 761 1636 831 παραπεποιημένης
1679 763 1764 813 ὲν-

165 847 347 911 νοίας.
405 847 866 918 Μεγαλαυχοῦσι,
920 849 1016 903 καὶ
1061 849 1130 904 τὰ
1181 853 1354 922 μικρά
1412 853 1512 905 οὐκ
1561 851 1759 905 ἴσασιν.

179 939 539 1012 Ἐλευθερίαν
586 941 1033 1010 ἐπαγγέλλονται,
1075 944 1228 997 αὐτοὶ
1259 944 1434 998 δοῦλοι
1478 945 1629 1008 ὄντες
1663 945 1762 1015 τῆς

167 1031 483 1102 ἁμαρτίας.
511 1032 590 1084 Τά
620 1031 842 1102 μείζονα
863 1034 1110 1105 αύχοῦσι,
1140 1035 1235 1088 καὶ
1268 1036 1376 1089 τῶν
1407 1035 1619 1107 μικρῶν
1652 1035 1760 1088 οὐδ’

166 1120 310 1183 ὅλως
338 1121 693 1174 ἐπελάϐοντο.

253 1211 421 1266 Ἀλλά
452 1213 546 1266 καὶ
586 1213 714 1284 περὶ
755 1213 958 1268 τούτων
986 1214 1094 1268 τῶν
1127 1215 1190 1287 δὴ
1220 1217 1504 1286 Καθαρῶν
1535 1218 1760 1289 λεγομέ-

169 1321 301 1368 νων,
349 1303 725 1373 Ἀκαθάρτων
756 1305 834 1369 δὲ,
873 1307 921 1358 εί
953 1306 1034 1358 δεῖ
1060 1306 1266 1378 τάληθῆ
1299 1307 1496 1376 λέγειν,
1531 1310 1760 1381 ἀρκετὸν

167 1394 420 1465 ἡγοῦμαι
467 1395 571 1458 ἕως
612 1395 845 1449 ἐνταῦθα
896 1396 1093 1460 ἱκανῶς
1136 1398 1405 1469 εἰρῆσθαι.
1456 1401 1670 1472 Ταύτην
1704 1401 1769 1458 δὲ,

169 1485 622 1556 παραλείψαντες
674 1486 749 1550 ὡς
794 1487 1103 1557 βασιλίσκου
1152 1488 1484 1559 πρόσωπον,
1532 1490 1610 1561 τῷ
1662 1491 1759 1562 μὲν

165 1578 533 1646 προσχήματι
571 1576 663 1630 τοῦ
710 1577 972 1648 ὀνόματος
1016 1579 1354 1652 ὲξοχωτάτην
1392 1582 1512 1635 τινὰ
1550 1585 1758 1636 ἐπωνυ-

170 1667 305 1736 μίαν
339 1668 710 1739 κεκτημένου,
756 1670 852 1722 καὶ
882 1673 947 1740 τῇ
980 1670 1074 1723 τοῦ
1108 1671 1264 1738 ξύλου
1308 1673 1533 1743 δυνάμει
1571 1674 1758 1728 τοῦτον

166 1755 500 1820 παίσαντες,
533 1757 623 1809 ἐπὶ
649 1757 747 1820 τάς
772 1758 963 1828 ἐτέρας
994 1760 1158 1812 πάλιν
1197 1762 1529 1832 ὁρμήσωμεν
1549 1801 1562 1824 ,
1591 1762 1759 1834 αὐτὴν

165 1845 508 1916 ἐπαγόμενοι
534 1846 631 1918 τὴν
669 1846 762 1900 τοῦ
788 1847 922 1900 Θεοῦ
953 1849 1204 1912 ἱκετείαν,
1231 1853 1309 1913 είς
1333 1851 1393 1902 τὸ
1422 1851 1755 1918 συνοδεύσαι,

168 1938 671 2008 συμπαραμεῖναι,
717 1942 990 2002 συνεῖναι,
1045 1941 1407 2011 συνεργῆσαι,
1460 1941 1756 2008 διασῶσαι,

168 2026 507 2092 παιδεῦσαι,
535 2027 873 2094 καταξιῶσαι
901 2029 1108 2101 τάληθῆ
1145 2029 1346 2099 λέγειν,
1379 2032 1465 2085 ἵνα
1499 2035 1636 2104 μήτε
1664 2035 1762 2086 αὐο

165 2117 288 2182 τοὶ,
325 2117 528 2188 ψεῦδός
574 2136 626 2171 τι
673 2118 942 2187 λέγοντες,
987 2125 1098 2185 τοῖς
1144 2123 1327 2185 αὐτοῖς
1373 2123 1756 2195 ὑποπέσωμεν,

165 2207 378 2271 ὁποίοις
412 2209 472 2260 αἱ
516 2210 582 2262 τά
609 2208 783 2279 ἀληθῆ
829 2211 919 2263 τὸν
965 2213 1166 2282 κόσμον
1194 2213 1269 2283 μὴ
1307 2212 1585 2277 διδάξασαι
1610 2216 1760 2286 αἱρέο

168 2314 300 2362 σεις.

241 2474 369 2528 Ἔτι
400 2474 461 2527 δὲ
501 2477 549 2527 οἱ
587 2477 644 2529 ὲν
680 2479 744 2548 τῇ
781 2476 1012 2550 Ἀφρικῇ
1039 2478 1150 2548 (l7)
1173 2496 1231 2531 τε
1255 2480 1348 2533 καὶ
1376 2480 1678 2555 Βιζικανίᾳ,
1705 2483 1754 2538 οἱ

167 2564 280 2620 ἀπὸ
320 2566 572 2624 Δωνάτου
602 2568 747 2632 τινὸς
770 2570 1098 2627 Δωνατιανοὶ
1138 2571 1280 2628 οὕτω
1319 2572 1662 2646 καλούμενοι,
1691 2575 1759 2628 τὰ

168 2662 333 2730 ὃμοια
356 2660 570 2724 τούτοις
613 2661 935 2732 φρονοῦντες
970 2666 1128 2730 εἰσιν,
1165 2666 1495 2736 ἀφηνιασταὶ
1534 2668 1629 2720 καὶ
1663 2666 1760 2721 αύ-

170 2753 252 2804 τοὶ
279 2751 450 2822 δῆθεν
478 2752 566 2807 διά
600 2756 661 2806 τὸ
689 2754 764 2824 μὴ
803 2760 1182 2822 συγκοινωνεῐν
1206 2760 1316 2821 τοῖς
1353 2760 1410 2811 ὲν
1429 2758 1507 2829 τῷ
1534 2758 1759 2829 διωγμῷ

174 2839 580 2911 παραπεσοῦσι,
606 2845 717 2905 τοῖς
763 2844 947 2906 αὐτοῖς
986 2845 1484 2916 ἀνατραπήσονται,
1509 2846 1760 2918 καθάπερ

176 2932 267 2986 καὶ
315 2933 366 2984 oi
404 2932 860 3003 ἑτεροζυγοῦντες
902 2936 1086 2998 αὐτοῖς
1131 2937 1490 3002 Νουατιανοὶ,
1535 2939 1632 2991 εἴτ’
1662 2935 1754 2992 οὖν
1787 2977 1829 3033 C

177 3023 426 3094 Καθαροί
468 3024 623 3100 ὀὕτω
652 3025 952 3096 λεγόμενοι.
987 3027 1079 3080 Διὸ
1108 3028 1168 3080 οὐ
1212 3029 1400 3100 χρείαν
1446 3031 1760 3100 ἐσχήκαμεν

178 3116 302 3184 περὶ
329 3114 539 3168 τούτων
571 3133 624 3168 τι
657 3118 1086 3186 ἐπεργάσασθαι,
1117 3119 1230 3172 ἀλλ’
1254 3120 1388 3188 ὁμοῦ
1425 3121 1620 3183 αὐτοὺς
1648 3123 1760 3183 τοῖς

177 3205 378 3274 ὁμοίοις
407 3207 595 3270 αὐτοῖς
627 3209 959 3279 συνήψαμεν.
987 3211 1376 3282 Περιττότερον
1408 3211 1463 3267 δὲ
1490 3205 1634 3264 οὗτοι
1663 3213 1762 3265 πά-

177 3292 256 3346 λιν
289 3297 384 3348 καὶ
427 3299 614 3368 χεῖρον
663 3297 938 3362 ἐξέπεσον.
981 3300 1092 3370 Τὴν
1126 3300 1234 3371 γὰρ
1276 3301 1453 3353 πίστιν
1498 3301 1642 3354 κατὰ
1667 3301 1760 3355 τὸν

183 3385 395 3456 Ἀρειον
450 3386 778 3461 φρονοῦσιν·
835 3390 1310 3462 ἀνατραπήσονται
1379 3391 1435 3445 δὲ
1499 3392 1760 3456 ὡσαύτως

181 3479 304 3549 περὶ
337 3479 599 3546 πίστεως,
624 3474 690 3552 ἦς
718 3481 904 3545 κακῶς
934 3482 1242 3553 φρονοῦσιν,
1268 3483 1344 3546 ὡς
1370 3483 1462 3536 καὶ
1483 3485 1512 3535 ὁ
1544 3485 1760 3555 ’Ἄρειος

179 3568 455 3641 ἀνετράπη
490 3570 579 3623 διὰ
610 3571 784 3640 λόγων
811 3572 1092 3644 ἀληθείας,
1130 3575 1199 3628 τά
1230 3575 1369 3628 αύτά
1392 3577 1602 3640 τούτοις
1631 3593 1762 3648 φρο-

181 3659 314 3725 νῶν⁹
356 3662 452 3715 καὶ⁵
497 3657 644 3717 οὗτοι
679 3664 891 3735 ἐκείνῳ.
921 3665 1032 3718 Καὶ
1075 3665 1280 3737 ταύτην
1323 3668 1381 3720 δὲ
1425 3668 1587 3722 πάλιν
1622 3686 1764 3738 παρ·

181 3751 543 3824 ελευσόμενοι,
585 3754 676 3806 ἐπὶ
708 3753 806 3816 τάς
836 3755 962 3824 ἑξῆς
995 3755 1280 3828 βαδιοῦμεν
1299 3801 1314 3825 ,
1339 3758 1527 3829 ῶσπερ
1555 3760 1761 3830 ἑρπετά

179 3841 324 3897 δεινά
355 3846 886 3917 καταπεπατηκότες
915 3848 974 3900 ἐν
1000 3847 1208 3918 Κυρίῳ.

572 4136 759 4190 ΚΑΤΑ
799 4138 1187 4194 ΑΓΓΕΛΙΚΩΝ
1229 4141 1363 4211 (ιε),

654 4229 888 4297 Α7ρεσις
921 4233 991 4283 Μ’
1020 4231 1056 4296 ἡ
1092 4231 1190 4285 καί
1215 4231 1295 4286 Ξ.

1865 397 2046 453 clesiae
2075 397 2194 463 ﬁlii,
2224 401 2318 469 qui
2358 407 2562 455 certam
2593 398 2712 454 ﬁdei
2746 400 2990 471 regulam
3031 405 3350 472 agnoscitis,
3374 424 3441 464 ac

1864 488 2009 542 viam
2042 489 2292 544 veritatis
2338 489 2592 545 inceditis
2623 509 2636 545 :
2667 506 2736 546 ne
2783 504 2881 545 vos
2933 495 3225 550 contrariae
3272 513 3442 555 voces

1865 579 2216 643 abstrahant,
2265 586 2361 632 aut
2391 581 2689 648 cujuslibet
2730 583 3007 638 ementita:
3035 593 3199 640 sectae
3231 603 3442 642 sermo-

1866 684 1965 723 nes
1997 669 2294 739 decipiant.
2335 669 2584 727 Lubrica:
2620 676 2819 744 quippe
2851 675 2951 728 via:
2976 683 3127 738 sunt,
3157 691 3220 731 ac
3251 679 3442 748 depra-

1863 767 2001 813 vatae
2039 761 2256 815 illorum
2293 761 2701 830 intelligentiae:
2747 765 2972 820 acclivis
3022 774 3108 820 est
3157 769 3441 839 arduaque

1864 849 2082 904 semita.
2136 850 2351 906 Etenim
2405 855 2692 924 magniﬁce
2727 871 2847 910 sese
2871 856 3102 924 jactant,
3130 868 3185 914 et
3220 861 3437 914 interim

1862 942 2074 998 minora
2105 946 2378 1000 nesciunt.
2409 945 2737 1002 Libertatem
2789 950 3105 1015 ostendunt,
3141 969 3262 1006 eum
3315 971 3442 1024 pec-

1864 1041 2117 1088 catorum
2175 1037 2320 1090 servi
2375 1037 2504 1092 sint.
2537 1037 2612 1092 De
2646 1039 2950 1108 majoribus
2990 1043 3316 1112 gloriantur,
3347 1061 3440 1101 ne-

1863 1137 1969 1192 que
1999 1130 2182 1178 tamen
2210 1125 2295 1179 vel
2327 1140 2493 1194 parva
2520 1137 2649 1182 sunt
2683 1132 2942 1185 assecuti.

1933 1209 2134 1265 Verum
2170 1214 2237 1269 de
2269 1230 2335 1268 eo
2365 1232 2563 1285 genere
2596 1218 3002 1285 haereticorum,
3049 1225 3142 1290 qui
3192 1225 3439 1291 Cat/rari,

1861 1300 1965 1356 hoc
1991 1311 2076 1358 est
2110 1302 2243 1357 Puri
2271 1316 2554 1370 vocantur,
2575 1309 2920 1382 Ἀκάθαρτοι,
2958 1314 3060 1369 hoc
3102 1324 3188 1372 est
3235 1316 3440 1386 lmpuri

1862 1395 2065 1450 rectius
2101 1398 2462 1466 appellentur,
2496 1401 2632 1455 satis
2666 1397 2906 1458 arbitrer
2958 1420 2988 1458 a
3039 1422 3124 1462 me
3171 1408 3439 1464 hactenus

1859 1502 1982 1542 esse
2015 1487 2242 1542 dictum.
2277 1489 2636 1556 Quamobrem
2666 1494 2854 1548 eadem
2885 1495 3076 1552 haeresi
3106 1503 3437 1568 praetermis-

1861 1593 1942 1643 sa,
1974 1582 2200 1650 perinde
2235 1598 2298 1637 ac
2333 1584 2577 1639 basilisci
2612 1601 2729 1650 ore,
2765 1588 2881 1657 qui,
2911 1591 3055 1660 quod
3099 1592 3166 1645 ad
3198 1595 3437 1662 speciem

1861 1673 2102 1728 nominis
2133 1673 2348 1738 attinet,
2379 1677 2666 1732 excellenti
2700 1680 2935 1748 quadam
2983 1685 3225 1739 nominis
3257 1687 3440 1755 appel-

1861 1758 2065 1816 latione
2110 1772 2416 1819 censetur:
2455 1765 2557 1818 hoc
2603 1767 2770 1836 igitur
2815 1769 2945 1837 ligni
2993 1773 3041 1826 vi
3091 1787 3155 1827 ac
3197 1777 3436 1843 potentia

1861 1852 2220 1917 comminuto,
2251 1855 2318 1907 ad
2352 1856 2589 1924 reliquas
2618 1869 2982 1918 transeamus.
3019 1863 3124 1920 Sed
3155 1867 3208 1920 in
3249 1864 3440 1937 primis

1860 1941 2050 1996 eadem
2105 1942 2294 1998 divino
2333 1944 2554 2002 Numini
2605 1965 2765 2018 prece
2818 1954 3211 2023 supplicemus,
3245 1967 3303 2011 ut
3341 1959 3441 2012 viae

1861 2033 2020 2086 nobis
2050 2047 2233 2090 comes
2263 2051 2389 2091 esse
2418 2039 2568 2102 velit,
2601 2049 2656 2095 et
2682 2042 2971 2098 nobiscum
3004 2056 3239 2112 maneat,
3271 2049 3438 2115 adsit,

1860 2126 2181 2194 epituletur,
2215 2141 2522 2195 conservet,
2557 2132 2830 2203 instituat,
2863 2145 2915 2191 et
2943 2146 3001 2192 ut
3031 2155 3157 2195 vera
3187 2142 3439 2200 dicamus

1860 2215 2164 2285 largiatur;
2207 2234 2277 2274 ne
2331 2219 2469 2276 forte
2501 2225 2829 2281 mentientes
2872 2228 3093 2297 ipsimet
3139 2233 3196 2287 in
3245 2235 3435 2290 eadem

1862 2305 2230 2373 incurramus,
2273 2312 2329 2366 in
2370 2329 2490 2383 qua;
2525 2315 2760 2373 hmreses
2811 2320 3119 2377 inciderunt
3155 2325 3278 2392 illae,
3316 2343 3440 2398 quae

1863 2395 2159 2454 humanum
2190 2419 2361 2471 genus
2390 2406 2528 2462 falsa
2560 2408 2888 2466 docuerunt.
3233 2417 3259 2448 ‘
3383 2407 3386 2409 Δ

1928 2486 2012 2541 Ad
2041 2489 2156 2544 haec
2207 2494 2300 2562 qui
2353 2496 2408 2548 in
2443 2495 2652 2562 Africa,
2681 2508 2736 2554 et
2765 2500 3031 2557 Bizacena
3062 2504 3285 2576 degunt,
3317 2515 3372 2564 et
3404 2524 3436 2564 a

1861 2578 2073 2636 Donato
2124 2585 2360 2655 quodam
2414 2587 2706 2646 Donatiani
2743 2604 3030 2661 vocantur,
3066 2600 3254 2654 eadem
3309 2616 3434 2655 cum

1860 2672 2139 2739 prioribus
2183 2677 2293 2732 illis
2339 2681 2656 2744 sentientes,
2688 2685 3043 2756 eamdemque
3075 2689 3146 2743 ob
3184 2704 3432 2753 causam.

1860 2763 2005 2832 quod
2056 2766 2304 2823 videlicet
2349 2785 2472 2825 cum
2526 2773 2611 2830 his
2661 2777 2754 2845 qui
2795 2776 2848 2830 in
2881 2783 3261 2847 persecutione
3294 2784 3434 2852 lapsi

1859 2862 2039 2918 erant,
2066 2855 2204 2910 nihil
2258 2859 2460 2917 habere
2507 2878 2798 2922 commune
2830 2869 3052 2936 vellent,
3083 2873 3434 2939 rebellantes.

1863 2943 2052 2997 eadem
2101 2947 2312 3004 ratione
2358 2951 2724 3020 disjieientur,
2756 2972 2863 3026 qua
2899 2967 2954 3013 et
2980 2958 3288 3029 Novatiani,
3324 2966 3440 3020 sive

1865 3032 2106 3098 Cathari,
2147 3036 2239 3105 qui
2291 3054 2579 3098 commune
2633 3060 2756 3100 cum
2791 3047 2898 3103 illis
2943 3050 3133 3121 jugum
3188 3053 3436 3110 trahunt.

1863 3120 2022 3192 505
2050 3123 2317 3190 Quocirca
2350 3145 2573 3188 necesse
2607 3151 2715 3190 non
2748 3120 3041 3197 habuimus
3089 3145 3342 3212 privatim
3371 3147 3439 3202 de

1863 3210 1973 3266 illis
2013 3214 2248 3283 amplius
2280 3217 2488 3288 aliquid
2516 3229 2790 3292 tractare;
2826 3228 2921 3282 sed
2954 3210 3228 3286 illos—cum
3253 3235 3336 3288 sui
3364 3237 3441 3290 si-

1863 3304 2081 3360 milibus
2102 3308 2518 3380 conjungendos
2541 3317 2871 3384 putavimus.
2902 3319 3007 3375 Sed
3035 3323 3124 3377 isti
3155 3325 3441 3383 vehemen-

1861 3395 1972 3452 tius
2001 3412 2064 3451 ac
2099 3399 2341 3458 deterius
2374 3404 2721 3476 aberrarunt,
2758 3413 2958 3483 quippe
2985 3417 3156 3484 quiin
3189 3420 3436 3475 eamdem

1861 3498 1987 3538 cum
2019 3485 2151 3542 Ario
2193 3488 2348 3545 fidem
2390 3498 2737 3551 consentiant
2765 3518 2779 3553 :
2817 3502 2962 3557 unde
2995 3513 3068 3569 et,
3095 3507 3242 3576 quod
3273 3509 3339 3564 ad
3374 3510 3440 3564 li-

1860 3573 1984 3629 dem
2016 3579 2230 3645 attinet,
2260 3581 2328 3636 de
2358 3598 2466 3652 qua
2499 3587 2640 3642 male
2665 3592 2928 3657 sentiunt,
2957 3573 3150 3650 eodem
3195 3606 3440 3654 everteno

1864 3674 1954 3719 tur
2003 3667 2185 3736 modo,
2223 3685 2332 3740 quo
2383 3674 2550 3730 Arius
2595 3679 2844 3736 veritatis
2887 3684 3135 3741 oratione
3167 3686 3439 3744 refutatus

1859 3764 1967 3822 est,
2001 3772 2124 3812 cum
2171 3775 2206 3813 a
2260 3776 2319 3816 se
2364 3763 2596 3820 invicem
2638 3770 2862 3826 minime
2891 3774 3241 3831 dissentiant.
3276 3777 3439 3834 Deni-

1859 3863 1968 3917 que
1996 3863 2098 3904 nos
2143 3849 2235 3905 illa
2280 3855 2578 3922 prmterita,
2609 3858 2677 3911 ad
2718 3861 2956 3931 reliquas
2996 3867 3435 3937 progrediemur,

1860 3947 2214 4011 posteaquam
2257 3945 2533 4003 horrenda
2570 3950 2736 4005 veluti
2785 3956 3122 4024 serpentium
3157 3967 3428 4025 monstra,

1860 4030 2091 4087 Domino
2119 4033 2432 4105 adjuvante,
2464 4041 2926 4110 proculcavimus.

2240 4147 2612 4209 ADVERSUS
2648 4154 3057 4226 ANGELICOS,

2333 4243 2564 4300 eresis
2588 4245 2688 4301 XL
2713 4249 2818 4302 sive
2844 4247 2963 4303 LX.

252 4321 327 4373 A’.
366 4318 697 4389 Ἀγγελικῶν
741 4321 953 4391 αἵρεσιν
993 4322 1337 4393 ἀκηκόαμεν,
1372 4324 1554 4378 καὶτὸ
1585 4325 1756 4396 δνομα

1931 4330 1972 4385 Ι.
2001 4332 2197 4389 Audita
2220 4349 2248 4389 a
2274 4335 2434 4392 nobis
2459 4345 2544 4391 est
2565 4337 2951 4409 Angelicorum
2983 4339 3227 4410 heresis,
3260 4359 3325 4400 ac
3353 4362 3465 4408 80-5

193 4409 344 4479 μόνον
393 4411 760 4483 ἐνηχήθημεν,
795 4412 856 4464 οὑ
903 4412 1045 4466 πάνυ
1075 4413 1131 4466 δὲ
1171 4415 1360 4485 σαφῶς
1409 4417 1566 4486 ίσμεν
1607 4417 1754 4490 τίςή

189 4503 404 4575 τοιαύτη
451 4505 684 4573 αἵρεσις,
727 4503 814 4556 διά
853 4503 914 4556 τὸ
958 4505 1098 4575 τάχα
1142 4508 1309 4570 ποτὲ,
1362 4508 1538 4578 καιρῷ
1587 4509 1758 4582 αὐτὴν

191 4593 469 4658 ὲνστᾶσαν,
502 4593 726 4665 ὕστερον
754 4594 930 4663 λῆξαι,
962 4597 1053 4648 καὶ
1080 4597 1446 4669 καταλυθῆναι
1476 4601 1557 4663 εἰς
1585 4599 1755 4665 τέλος.

191 4681 259 4734 Τὸ
292 4684 347 4736 δὲ
395 4687 568 4755 ὄνομα
619 4684 708 4738 διὰ
751 4685 909 4738 ποίαν
953 4687 1374 4759 αίτίανέσχεν,
1427 4690 1525 4743 οὐκ
1577 4692 1754 4762 ἴσμεν.

196 4773 344 4852 Ἤτοι
374 4777 482 4847 γὰρ
523 4774 675 4846 παρὰ
714 4775 774 4827 τὸ
817 4774 968 4838 τινὰς
1009 4777 1112 4829 ὑπὸ
1145 4779 1391 4846 ἀγγέλων
1433 4779 1525 4834 τὸν
1555 4782 1759 4852 κόσμον

193 4851 508 4934 γεγενῆσθαι
529 4866 770 4934 φάσκεινο
805 4865 918 4936 (καὶ
946 4869 992 4919 εί
1026 4867 1161 4938 αὐτὴ
1192 4867 1347 4922 τοῦτο
1373 4871 1654 4940 φάσκουσα
1681 4871 1759 4946 τῷ

195 4955 404 5023 ὀνόματι
451 4958 624 5026 τούτῳ
657 4957 932 5029 κέκληται,
967 4961 1065 5013 οὐκ
1097 4959 1204 5030 ἔχω
1249 4960 1473 5031 λέγειν),
1519 4965 1637 5035 ῆτοι
1670 4967 1758 5019 διὰ

194 5044 251 5093 τὸ
286 5047 341 5098 ἐν
385 5047 535 5113 τάξει
580 5049 825 5118 ἀγγέλων
873 5051 1098 5113 ἑαυτοὺς
1145 5051 1457 5119 σεμνύνειν,
1501 5058 1594 5108 καὶ
1657 5055 1758 5127 βίῳ

265 5237 378 5314 (17)Δ
394 5243 520 5314 Ἔτι
543 5243 612 5296 δὲ
632 5247 684 5298 οἱ
706 5244 776 5297 ἐν
802 5244 876 5312 τῇ
893 5246 1148 5314 Ἀφρικῇ.
1174 5246 1248 5302 De
1271 5247 1570 5305 Donatistis
1599 5253 1758 5308 levis.

201 5305 328 5361 sime
349 5305 659 5386 defungitur
685 5305 1040 5384 Epiphanius,
1067 5305 1210 5386 quod
1245 5319 1459 5372 illorum
1502 5305 1757 5379 fortassis

199 5390 404 5460 errores
470 5383 612 5438 haud
681 5383 816 5460 satis
882 5383 1242 5460 compererat.
1273 5459 1279 5460 ί
1315 5390 1477 5457 Atqui
1563 5403 1760 5460 prazter

200 5445 461 5535 schisma,
501 5462 556 5535 et
612 5445 1035 5535 pertinacem}
1093 5459 1317 5535 reliquis
1388 5445 1756 5535 secessionem

203 5520 563 5597 nonnulla‘de
614 5520 681 5597 iis
728 5523 1023 5597 peculiaria
1081 5520 1478 5597 dici'possent.
1538 5530 1645 5585 Sed
1691 5547 1757 5585 ex

202 5581 394 5652 Optati,
452 5581 777 5662 Augustini,
839 5593 1180 5664 aliorumque
1237 5581 1483 5666 scriptis,
1521 5581 1645 5653 tnui
1690 5581 1756 5654 ἐτί

1861 4421 1972 4477 lum
2018 4424 2138 4495 ejus
2188 4441 2384 4480 nomen
2419 4428 2751 4497 accepimus,
2787 4445 2965 4501 neque
3007 4433 3315 4503 eujusmodi
3347 4417 3464 4493 illas

1859 4512 2077 4568 demum
2112 4513 2335 4570 haeresis
2365 4516 2455 4579 sit,
2485 4527 2826 4586 compertum
2852 4521 3161 4578 habuimus.
3193 4526 3345 4590 Quod
3371 4542 3460 4582 eo~

1860 4603 2095 4659 fortasse
2129 4605 2380 4676 contigit,
2418 4607 2564 4676 quod
2617 4625 2742 4663 cum
2791 4612 3088 4681 aliquando
3119 4615 3454 4682 prodiisset,‘
3493 4609 3497 4612 ’

1859 4694 2022 4748 desiit
2053 4703 2263 4765 postea,
2309 4711 2374 4750 ac
2406 4699 2621 4752 tandem
2653 4702 2872 4770 penitus
2915 4706 3186 4759 exstincta
3229 4715 3334 4763 est.
3367 4707 3434 4761 ll-

1860 4785 1952 4839 lud
1987 4801 2118 4840 vero
2145 4802 2341 4842 nomen
2371 4794 2534 4858 quam
2567 4791 2638 4846 ob
2667 4808 2890 4848 causam
2925 4796 3247 4864 obtinuerit,
3280 4799 3435 4869 igno-

1860 4888 2066 4929 ramus.
2089 4874 2225 4929 Nam
2254 4891 2376 4931 cum
2404 4878 2641 4934 haeretici
2675 4883 2895 4950 quidam
2932 4886 3214 4942 conditum
3242 4889 3312 4942 ab
3331 4904 3434 4944 an-

1859 4966 1994 5035 gelis
2025 4968 2288 5022 mundum
2326 4985 2448 5024 esse
2476 4971 2738 5040 dixerint,
2773 4982 3084 5031 utrumnam
3112 4979 3227 5032 haec
3258 4990 3433 5046 secta,

1859 5057 2005 5126 quod
2055 5059 2195 5113 idem
2245 5069 2604 5125 asseveraret,
2636 5064 2826 5119 eodem
2869 5067 2942 5122 sit
2967 5066 3159 5123 aﬂ'ecta
3187 5072 3432 5138 nomine,

1861 5252 2117 5331 Ecclesiae
2149 5260 2436 5331 annalibus
2476 5261 2582 5331 peti
2614 5263 2796 5315 omnia
2831 5275 3083 5331 possunt.

2078 5324 2579 5397 A‘A'ijmdirCDe
2625 5332 2710 5385 his
2736 5324 2964 5397 August.
3010 5336 3140 5391 haar.
3176 5338 3244 5393 39
3275 5359 3287 5395 :
3325 5343 3438 5397 An-

1859 5395 2031 5480 gneltZCi',
2076 5395 2271 5477 inquit,
2320 5400 2374 5452 in
2416 5400 2724 5480 angelorqu
2753 5395 2954 5480 cultum
2997 5406 3264 5480 inclinati,
3305 5395 3434 5480 quos

1863 5463 2189 5540 Epiphanius
2229 5467 2346 5540 jam
2376 5463 2588 5522 omn-ina
2629 5472 2881 5540 defecisse
2919 5483 3163 5528 testatur.
3214 5463 3433 5534 C'ul'turn

1862 5533 2090 5614 hicﬁhv
2143 5533 2397 5614 λατρείαν
2445 5533 2878 5614 i_ntellige._Alia
2925 5543 3034 5598 τῶν
3102 5533 3434 5614 Ἀγγελικῶν

1863 5603 2011 5658 notio
2043 5603 2111 5660 ab
2143 5603 2258 5660 loci'
2279 5608 2563 5677 cujusdam
2596 5603 2815 5665 n'omine
2850 5628 3079 5683 prorsus
3107 5603 3427 5684 rejicienda.
