3948 6068
406 167 410 172 ’
429 162 566 216 ἶϋῦξ)
1781 146 1856 204 ’8.
1893 141 2240 203 ἘΡΙΡΠΑΝῘΙ
3545 141 3694 196 Μὶιο

432 286 580 335 certo
609 273 878 328 adlrmare
905 285 1015 326 non
1043 282 1286 340 possum.
1319 275 1402 320 An
1433 264 1618 336 potius
1646 263 1792 333 quod
1819 264 1874 318 in
1906 279 2006 318 an-

2126 259 2432 332 ἐξοχωτάτῳ
2457 258 2702 326 ἄγεσθαι,
2729 255 2850 310 οὐδὲ
2872 255 3030 311 τοῦτο
3059 257 3494 328 διαϐεϐαιοῦμαι’
3524 259 3559 329 ἢ
3593 261 3692 314 καὶ

433 371 663 441 gelicum
697 379 818 419 sese
850 363 1101 419 ordinem
1149 341 1473 429 arroganter
1519 355 1812 420 referrent,
1842 366 2004 424 atque

2126 357 2216 408 irrb
2248 354 2413 408 τόπου
2461 353 2609 413 τινος
2657 352 2940 421 εἰληφότες
2983 349 3240 419 τοῦνομα·
3277 352 3461 423 ἐπειδὴ
3508 353 3693 424 χῶρός

433 461 782 516 excellentem
823 453 1114 524 quamdam
1159 451 1286 505 vita:
1331 449 1600 504 rationem
1633 448 2001 512 instituerent,

2126 445 2192 507 τίς
2228 445 2374 496 ἐστιν
2419 441 2699 511 Ἀγγελίνη
2725 443 2983 495 ἐπέκεινα
3011 442 3109 512 τῆς
3132 441 3558 507 Μεσοποταμίας
3587 445 3694 514 χώ-

433 571 497 608 ne
531 555 634 606 hoc
665 547 882 619 quidem
935 558 1035 613 pro
1079 550 1362 611 comperto
1393 539 1579 594 affero.
1610 540 1690 593 An
1726 548 2004 610 postremo

2126 553 2217 607 ρας
2245 534 2516 605 κείμενος.

433 646 508 698 ab
555 645 676 696 loco
734 635 975 706 quedam
1025 649 1145 688 eam
1201 633 1618 702 appellationem
1665 630 1844 686 sortiti
1876 630 2005 683 sint.
2047 627 2320 694 Quoniam
2354 627 2573 696 quidem
2640 626 2788 697 regio
2846 627 3094 698 quaedam
3127 633 3212 683 est
3253 627 3395 682 ultra
3438 627 3692 698 Mesopo-

433 735 674 795 tamiam,
704 745 826 800 quae
858 728 1122 797 Angelina
1148 726 1369 780 dicitur.

503 825 563 876 ΙΙ.
603 823 721 876 Jam
764 835 894 875 vero
937 819 1189 888 quisquis
1227 832 1290 872 es
1322 817 1559 880 auditor,
1586 817 1638 870 si
1683 832 1804 886 qum
1847 831 1876 868 a
1921 831 2006 869 me

431 923 590 969 antea
620 915 767 967 dicta
804 918 934 964 sunt
968 909 1300 972 recorderis,
1328 909 1465 962 nihil
1498 908 1603 962 erit
1644 907 1790 978 quod
1824 922 1912 961 me
1950 908 2004 960 in

432 1002 681 1057 criminis
712 999 1079 1068 suspicionem
1112 997 1373 1051 adducas.
1417 996 1532 1050 Hoc
1563 997 1708 1052 enim
1735 997 1802 1052 de
1838 997 2008 1051 haere-

433 1093 588 1146 sibus
627 1091 937 1159 recepimus
973 1107 985 1140 :
1020 1087 1382 1156 quarumdam
1423 1102 1524 1140 nos
1571 1087 1784 1142 radices
1811 1103 1874 1140 ac
1903 1088 2005 1142 do-

433 1192 634 1253 gmata,
667 1192 760 1235 aut
801 1179 1007 1249 aliquid
1032 1193 1222 1232 eorum
1253 1193 1374 1248 qua:
1407 1178 1477 1232 ab
1517 1179 1624 1232 illis
1657 1178 1770 1233 fieri
1804 1181 2002 1244 solent,

433 1290 557 1329 esse
605 1280 960 1334 narraturos;
1007 1269 1237 1322 aliarum
1270 1283 1398 1322 vero
1428 1269 1650 1324 nomine
1674 1279 1832 1325 tenus
1857 1287 2007 1324 meu-

435 1366 638 1418 tionem
673 1377 796 1417 esse
829 1360 1094 1414 facturos.
1125 1358 1298 1412 Porro
1327 1367 1592 1427 quantum
1635 1361 1820 1415 divina
1848 1360 2005 1414 nobis

435 1471 538 1525 ope
571 1453 932 1524 praesidioque
973 1464 1297 1504 concessum
1350 1459 1454 1514 est,
1478 1452 1736 1507 omnibus
1763 1452 1830 1506 ad
1866 1452 2008 1505 hanc

2185 807 2258 862 B'.
2284 808 2422 879 Ἤδη
2450 808 2506 861 δὲ
2527 808 2583 860 ὲν
2601 807 2900 877 ὑπομνήσει
2929 823 3020 859 σου
3050 808 3335 879 γινομένου
3359 813 3455 865 τοῦ
3487 815 3690 885 ἀκροα-

2113 899 2243 963 τοῦ,
2296 899 2395 951 οῦκ
2463 901 2544 961 εἰς
2612 898 2957 966 κατάγνωσιν
3007 899 3066 950 ὲν
3126 901 3402 965 ὑπονοίαις
3461 906 3689 978 γενήσῃ.

2125 990 2600 1061 Ἐπηγγειλάμεθα
2644 990 2754 1060 γάρ
2800 989 2908 1042 τῶν
2957 990 3058 1060 μὲν
3100 990 3198 1056 τάς
3243 993 3399 1064 ῥίζας
3451 997 3547 1048 καὶ
3595 998 3694 1060 τάς

2113 1084 2433 1155 προφάσεις,
2465 1083 2498 1152 ἥ
2541 1100 2595 1136 τι
2628 1081 2736 1134 τῶν
2775 1083 2834 1135 ὲν
2864 1085 2973 1147 τοῖς
3009 1084 3138 1155 παρ’
3175 1086 3358 1149 αὑτοῖς
3391 1088 3695 1156 γινομένων

2111 1175 2368 1246 δηλῶσαιο
2403 1174 2576 1228 ἄλλων
2609 1174 2666 1227 δὲ
2716 1173 2876 1244 μόνον
2897 1173 2977 1244 τῷ
3006 1175 3226 1246 ὀνόματι
3271 1178 3695 1248 ἀπομνημονεῦ-

2114 1282 2225 1318 σαι.
2263 1265 2351 1326 Ὠς
2384 1264 2441 1316 δὲ
2483 1265 2516 1333 ἡ
2547 1261 2668 1316 Θεία
2708 1261 2937 1332 δύναμις
2984 1264 3381 1334 παρεσκεύασε,
3413 1269 3511 1320 καὶ
3537 1269 3698 1340 ἐϐοή-

2113 1356 2298 1428 θησεν,
2332 1355 2436 1419 ἕως
2461 1354 2664 1424 ταύτης
2709 1355 2810 1424 τῆς
2850 1355 3115 1427 αἱρέσεως
3147 1357 3245 1421 τὰς
3280 1360 3460 1423 πάσας
3497 1361 3698 1426 διεξελ-

2114 1447 2315 1513 θόντες,
2347 1447 2602 1518 οὐδεμίαν
2633 1447 2895 1516 εἰάσαμεν
2936 1449 3355 1520 άνερμήνευτον,
3391 1452 3532 1523 πλὴν
3561 1457 3697 1524 μιᾶς

433 1562 608 1615 usque
655 1544 822 1598 sectis
872 1542 1158 1612 expositis,
1191 1542 1419 1605 trullam,
1457 1542 1560 1598 hac
1590 1551 1836 1614 excepta,
1868 1559 2010 1613 pr2e~

2126 1541 2331 1609 ιαὺτης.
2366 1540 2518 1608 Τάχα
2549 1537 2605 1590 δὲ
2629 1537 2716 1590 διά
2743 1537 2833 1602 τὸ,
2869 1539 3197 1609 ἐπαρθεῖσαν
3226 1541 3303 1612 τῷ
3330 1542 3487 1614 τύψῳ
3513 1546 3696 1613 ὀλίγον

433 1637 793 1698 termisimus,
825 1649 987 1704 quam
1025 1650 1132 1688 non
1158 1634 1405 1688 oratione
1438 1633 1862 1691 declararemus.
1897 1633 2004 1690 Sed

434 1729 632 1784 accidit
671 1729 922 1791 fortasse,
962 1734 1018 1780 ut
1039 1743 1161 1780 cum
1192 1726 1337 1779 brevi
1371 1726 1458 1779 illa
1497 1735 1740 1796 tempore
1773 1744 1894 1782 sese
1918 1730 2005 1782 in-

435 1809 674 1875 solenfer
720 1819 1025 1880 extulisset,
1062 1831 1125 1870 ac
1163 1826 1436 1885 postremo
1466 1816 1743 1880 desiisset,
1777 1819 1911 1872 nihil
1943 1818 2010 1873 de

436 1908 552 1976 ipsa
583 1895 1124 1975 certiExploratique
1156 1904 1437 1974 percipere
1471 1921 1782 1974 possemus.
1824 1907 2011 1977 Itaque

437 1998 555 2052 sola
591 1999 713 2067 ejus
748 1997 1112 2068 appellatione
1162 1994 1418 2049 celeriter
1462 1999 1879 2066 comprehensa.
1920 2011 2012 2051 eo-

437 2106 546 2160 que
593 2091 833 2150 nomine,
865 2091 1021 2144 velut‘
1051 2090 1305 2143 abortivo
1345 2088 1581 2160 quodam
1634 2087 1769 2151 fetu,
1817 2087 2014 2150 functi,

439 2182 544 2235 hoc
588 2181 708 2234 loco
753 2179 1147 2249 prastertnisso,
1187 2179 1252 2232 ad
1302 2177 1750 2248 contemplandas
1789 2185 2014 2232 exteras

438 2273 680 2326 animum
715 2282 1118 2326 convertemus.
1156 2269 1344 2340 Itaque
1369 2272 1608 2341 «primum
1647 2269 1718 2324 ab
1741 2269 2013 2323 universi-

443 2355 570 2420 tatis
621 2363 850 2417 Domino
895 2364 1314 2432 postulabimus,
1351 2371 1409 2416 ut
1439 2362 1634 2416 adesse
1665 2361 1824 2416 nobis
1862 2361 2014 2423 velit,

439 2466 494 2511 et
527 2464 584 2510 ut
605 2471 726 2525 qua:
755 2455 896 2524 apud
930 2455 1054 2510 illos
1085 2454 1246 2526 506
1273 2453 1406 2507 fiunt
1430 2453 1635 2523 exiguo
1665 2461 1828 2522 atque
1853 2453 2020 2507 imbe-

439 2548 567 2602 cillo
601 2547 818 2616 ingenio
851 2557 1038 2601 nostro
1071 2547 1390 2615 subjiciens,
1421 2545 1673 2599 universa
1710 2559 1810 2599 nos
1850 2559 2014 2614 quam

440 2639 852 2694 accuratissime
883 2637 1170 2708 perdoceat
1211 2656 1223 2691 :
1260 2653 1369 2707 quo
1405 2643 1458 2691 et
1491 2651 1591 2690 nos
1621 2637 1791 2705 ipsos,
1831 2642 1884 2690 et
1911 2649 2017 2689 ca:-

2112 1634 2321 1706 γ.αιρδν,
2352 1633 2443 1685 καὶ
2475 1630 2699 1701 ὕστερον
2727 1631 2887 1701 λῆξαι
2929 1631 3028 1703 τὴν
3057 1633 3226 1704 αὑτῆς
3252 1635 3591 1706 κατάληψιν,
3632 1639 3694 1692 οὑ

2116 1728 2256 1782 πάνυ
2296 1723 2482 1794 σαφῶς
2511 1723 2776 1794 ἔγνωμεν.
2806 1723 3024 1795 Ταύτης
3050 1724 3104 1776 δὲ
3141 1728 3296 1795 μόνον
3323 1729 3695 1800 ἐπιμνησθέν..

2114 1836 2206 1881 τες
2238 1817 2338 1887 τῆς
2370 1814 2666 1885 ὀνομασίας
2697 1815 2756 1866 ὲν
2801 1815 2954 1885 τάχει
2975 1853 2990 1877 ,
3033 1815 3222 1886 ὥσπερ
3267 1817 3585 1888 ἐκτρώματι
3615 1821 3695 1891 τῷ

2112 1909 2336 1980 ὀνόματι
2359 1905 2740 1977 χρησάμενοι,
2773 1906 3216 1978 παρελευσόμεθα
3257 1909 3346 1962 τὸν
3382 1911 3565 1973 τόπον,
3602 1912 3694 1964 ἐπὶ

2113 1999 2212 2063 τὰς
2258 1998 2453 2070 ἑτέρας
2483 1997 2540 2051 δὲ
2589 1996 3010 2061 διασκοποῦντες
3051 1999 3148 2068 τὴν
3187 2001 3361 2071 ὁρμὴν
3399 2003 3692 2058 ποιεῖσθαι.

2115 2089 2225 2144 Καὶ
2273 2087 2586 2156 αἰτούμενοι
2633 2087 2740 2140 τῶν
2795 2088 2931 2141 ὅλων
2979 2089 3254 2161 Δεσπότην
3305 2093 3695 2163 παραφανῆναι

2115 2184 2271 2252 ἡμῖν,
2322 2179 2415 2233 καὶ
2457 2179 2523 2232 τὰ
2572 2179 2772 2252 ἀκριϐῆ
2823 2180 2931 2233 τῶν
2977 2181 3105 2251 παρ’
3157 2182 3341 2246 αὐτοῖς
3389 2186 3695 2254 γινομένων

2118 2269 2460 2334 ἐπιδείξαντα
2492 2267 2570 2338 τῷ
2605 2268 2826 2340 σμικρῷ
2851 2270 3007 2340 ήμῶν
3034 2272 3131 2343 νῷ,
3166 2273 3344 2327 πάντα
3368 2275 3511 2328 κατά
3539 2276 3696 2346 ἀκρίο

2117 2363 2270 2416 ϐειαν
2317 2363 2591 2432 σημᾶναιο
2645 2361 2711 2414 ἵν’
2742 2362 2954 2426 ἑαυτοῖς
2993 2381 3050 2415 τε
3098 2365 3193 2417 καὶ
3237 2368 3347 2429 τοῖς
3392 2367 3559 2431 πέλας
3598 2368 3697 2439 τὴν

2116 2451 2402 2522 διόρθωσιν
2436 2449 2813 2522 ποιησώμεθα,
2844 2449 2938 2504 τοῦ
2972 2452 3193 2522 φεύγειν
3225 2456 3293 2508 τά
3320 2455 3522 2524 φαῦλα,
3554 2459 3612 2510 ὲν
3639 2457 3696 2511 δὲ

2117 2547 2229 2607 τοῖς
2258 2542 2484 2612 ἀγαθοῖς
2511 2544 2605 2596 καὶ
2633 2542 3021 2614 ἀληθεστάτοις
3055 2545 3114 2598 τὸ
3141 2547 3353 2618 ἑδραῖον
3384 2549 3605 2602 ἐαυτοῖ·
3637 2549 3695 2602 ὲν

2119 2633 2238 2704 Θεῷ
2273 2633 2762 2705 προσπορίσασθαι.

441 2741 589 2786 teros
620 2733 838 2786 erudire.
865 2732 1160 2800 possimus,
1188 2731 1267 2785 uti
1296 2745 1420 2785 cum
1452 2729 1592 2782 mala
1625 2728 1886 2795 devitent,
1943 2739 2055 2782 tum
2095 2728 2150 2782 in
2186 2728 2273 2783 bis
2307 2741 2430 2799 quae
2470 2729 2634 2795 bona,
2692 2743 2756 2785 ac
2794 2732 3005 2787 veritati
3053 2734 3282 2789 maxime
3321 2745 3700 2792 consentanea

443 2836 592 2891 sunt,
627 2825 836 2879 firmam
891 2825 947 2877 in
997 2822 1108 2877 Deo
1155 2822 1507 2877 stabilitatem
1547 2837 1611 2877 ac
1653 2820 2016 2876 constantiam
2061 2819 2344 2875 obtineant

776 2933 1144 2990 ADVERSUS
1183 2933 1676 2997 APOSTOLICOS.

855 3027 1100 3080 "Ilwresis
1129 3025 1261 3080 XLI
1301 3027 1405 3080 sive
1435 3024 1588 3078 LXI.

493 3122 554 3176 'l.
589 3121 699 3176 'Alii
732 3119 1031 3175 secundum
1064 3117 1184 3173 illos
1218 3116 1326 3172 dici
1366 3132 1424 3170 se
1453 3116 1797 3187 Apostolicos
1827 3115 2015 3169 volue-

443 3224 591 3277 runt,
637 3213 730 3284 qui
759 3219 813 3266 ct
842 3208 1214 3279 Apotacticos,
1245 3207 1346 3261 hoc
1379 3215 1462 3261 est
1496 3206 1901 3260 Renuntiatores
1934 3220 2020 3260 se-

443 3307 594 3377 ipsos
622 3303 924 3358 nominant.
955 3298 1067 3352 Hoc
1104 3297 1247 3352 enim
1283 3297 1570 3366 diligenter
1601 3297 1918 3354 observant.
1954 3309 2020 3348 ne

443 3397 739 3468 quidquam
784 3390 1118 3461 possideant.
1158 3386 1322 3440 Iidem
1377 3400 1538 3456 porro
1588 3400 1616 3438 a
1667 3382 1888 3438 Tatiani
1923 3385 2020 3439 do-

443 3486 718 3558 gmatibus
756 3481 904 3534 velut
954 3477 1238 3531 avulsione
1287 3475 1525 3546 quadam
1579 3474 1885 3545 propagati,
1919 3476 2021 3529 hoc

444 3586 530 3634 est
569 3577 638 3629 ab
661 3572 996 3637 'Encratitis,
1031 3568 1277 3624 Tatianis
1303 3576 1357 3624 et
1383 3568 1658 3630 Catharis,
1693 3567 1788 3637 qui
1830 3580 2022 3621 omnes

451 3667 720 3739 praecipue
768 3665 938 3734 legem
988 3661 1281 3732 repudiant
1310 3682 1323 3717 :
1352 3661 1556 3717 habent
1605 3661 1682 3715 illi
1734 3660 1950 3716 diversa
1991 3675 2022 3714 a

448 3761 653 3818 nostris
686 3764 1030 3814 sacramenta
1067 3763 1235 3824 atque.
1277 3756 1557 3826 mysteria.
1593 3751 1670 3807 De
1714 3752 1900 3821 inopia
1945 3766 2027 3806 re-

449 3868 570 3908 rum
619 3842 861 3905 omnium
889 3847 1216 3920 gloriantur,
1251 3859 1314 3899 ac
1352 3851 1762 3900 sacrosanctam
1795 3842 1887 3898 Dei
1923 3841 2026 3898 Ec-

448 3945 672 4000 clesiam
753 3941 1010 3997 ascititiis
1078 3938 1565 4008 superstitionibus
1627 3944 1828 3991 temere
1889 3934 2026 3989 divi-

447 4036 608 4100 dunt,
645 4048 709 4087 ac
753 4031 1104 4092 labefactant,
1135 4037 1190 4083 et
1237 4043 1267 4080 a
1319 4027 1504 4081 divina
1555 4027 1845 4082 clementia
1879 4026 2028 4081 exci-

445 4128 603 4182 dunt.
635 4123 823 4194 Neque
851 4121 995 4176 enim
1022 4135 1145 4173 eum
1183 4118 1276 4188 qui
1302 4117 1793 4186 semclprolapsus
1819 4115 1910 4178 sit,
1939 4129 2026 4168 re-

446 4219 659 4288 cipiunt
696 4214 953 4284 amplius,
986 4217 1152 4280 atque
1183 4208 1374 4264 eadem
1421 4207 1647 4262 omnino
1683 4205 1752 4260 de
1796 4204 2023 4274 nuptiis,

2034 2935 2084 2993 Β

2529 2933 2716 2990 ΚΑΤΑ
2751 2936 3236 3000 ΑΠΟΣΤΟᾼΙΚΩΝ

2468 3028 2710 3100 Αἵρεσις
2763 3027 2880 3082 MA'
2931 3029 2971 3096 ἡ
3023 3028 3124 3087 καὶ
3182 3028 3304 3083 SA’.

2190 3115 2268 3170 A’.
2301 3117 2458 3171 Μετὰ
2485 3119 2542 3172 δὲ
2574 3119 2798 3182 τούτους
2837 3119 2986 3174 ἄλλοι
3020 3121 3245 3184 ἑαυτοὺς
3284 3121 3706 3186 ’Δποστολικοῦς

2119 3207 2430 3279 ὠνόμασαν.
2469 3209 2756 3263 Βούλονται
2788 3210 2844 3263 δὲ
2871 3211 2964 3265 καὶ
2991 3211 3452 3277 Ἀποτακτικοὺς
3476 3214 3703 3276 ἑαυτοὺς

2120 3298 2317 3367 λέγειν.
2349 3300 2680 3354 (humata-cat
2722 3301 2778 3354 δὲ
2827 3299 2956 3373 παρ’
2991 3302 3173 3365 αὑτοῖς
3206 3303 3267 3355 τὸ
3295 3302 3470 3374 ,μηδὲν
3502 3303 3702 3374 κεκτῆ-

2123 3384 2264 3439 σθαι.
2303 3387 2424 3440 Εἰσὶ
2451 3387 2507 3440 δὲ
2535 3390 2628 3441 καί
2657 3391 2704 3442 oi
2741 3390 2893 3443 αὐτοὶ
2919 3391 3259 3461 ἀπόσπασμα
3298 3392 3406 3445 τῶν
3437 3391 3704 3447 Τατιανοῦ

2121 3478 2428 3549 δογμάτων,
2461 3481 2834 3552 Ἐγκρατιτῶν
2859 3499 2918 3534 τε
2949 3484 3042 3536 καὶ
3069 3484 3372 3546 Τατιανῶν,
3399 3485 3496 3538 καὶ
3524 3486 3704 3539 Ralla-

2125 3569 2258 3640 ρῶν·
2285 3570 2482 3634 οἵτινες
2518 3569 2676 3644 φύσει
2719 3572 2883 3642 νόμον
2929 3574 2990 3626 οὑ
3033 3574 3449 3645 παραδέχονται.
3486 3577 3703 3647 Παρήλ-

2123 3662 2317 3716 λακται
2345 3663 2401 3716 δὲ
2431 3663 2563 3735 παρ’
2589 3664 2772 3728 αὑτοῖς
2802 3651 2896 3718 καὶ
2919 3665 2988 3718 τὰ
3016 3667 3308 3738 μυστήρια.
3338 3667 3704 3738 Σεμνύνονται

2125 3754 2183 3807 δὲ
2215 3755 2378 3826 δῆθεν
2407 3756 2793 3828 ἀκτημοσύνην
2815 3773 2832 3789 σ
2861 3757 3100 3827 σχίζουσι
3121 3758 3177 3811 δὲ
3210 3758 3387 3830 μάτην
3417 3755 3567 3812 οῦτοι
3616 3761 3702 3814 καί

2129 3845 2427 3916 βλάπτουσι
2470 3847 2570 3918 τὴν
2604 3847 2767 3916 ἀγίαν
2811 3847 2945 3900 Θεοῦ
2990 3848 3335 3917 Ἐκκλησίαν,
3376 3849 3466 3903 διὰ
3493 3850 3558 3902 τὸ
3587 3850 3704 3904 ὲθε-

2125 3936 2535 4006 λοθρησκεύειν,
2571 3938 2898 4001 ἐκπεσόντες
2935 3939 3035 4008 τῆς
3075 3939 3168 3992 τοῦ
3215 3938 3348 3992 Θεοῦ
3401 3941 3705 4014 φιλανθρω-

2127 4030 2276 4092 πίας.
2311 4027 2448 4082 Οὑτε
2493 4030 2600 4102 γὰρ
2632 4031 3136 4102 παραπεπτωκότος
3177 4032 3322 4095 τινὸς
3370 4032 3602 4098 εῐσδεξις
3626 4034 3702 4087 ἔτι

2127 4121 2358 4190 γίνεται·
2390 4121 2457 4175 τά
2484 4122 2646 4192 ὃμοια
2691 4123 2747 4175 δὲ
2781 4125 2894 4187 τοῖς
2931 4124 3190 4178 ἀνωτάτω
3221 4124 3536 4200 λεγομένοις
3579 4143 3702 4197 φρο-

2129 4213 2278 4266 νοῦσι
2312 4214 2440 4284 περί
2473 4231 2531 4267 τε
2568 4214 2662 4267 τοῦ
2713 4217 2892 4286 γάμου
2939 4215 3035 4269 καὶ
3078 4216 3184 4270 τῶν
3226 4216 3402 4270 ἄλλων
3450 4219 3706 4289 πραγμάο

444 4278 768 4374 θεοιετίείμιε
789 4303 840 4355 id
865 4317 1037 4372 genus
1061 4316 1187 4354 cum
1220 4297 1598 4368 superioribus
1629 4298 2017 4351 illissentiunt.

2128 4321 2256 4357 των.
2293 4278 2402 4359 Kal.
2427 4307 2476 4358 oi
2510 4306 2607 4376 μὲν
2633 4278 2879 4378 Καθαροί
2905 4311 3025 4371 ταῖς
3057 4310 3245 4378 ῥηταῖς
3277 4307 3439 4379 μόνον
3465 4278 3706 4381 έραιραῖς

445 4398 694 4465 Cumque
740 4393 960 4447 Cathari
1018 4391 1253 4460 receptis
1284 4391 1550 4443 duntaxat
1585 4387 1882 4456 Scripturis
1927 4387 2027 4441 ad-

448 4485 894 4546 haerescantyisti
928 4483 1177 4545 Andreae,
1230 4497 1294 4534 ac
1334 4481 1555 4536 Thomaa
1584 4481 1691 4550 (ita
1739 4479 1884 4533 enim
1926 4493 2026 4532 vo-

446 4577 610 4646 cant)
649 4576 802 4628 Actis
840 4572 1188 4642 potissimum
1245 4571 1515 4633 nituntur,
1563 4577 1799 4639 suntque
1828 4569 1895 4623 ab
1927 4569 2030 4622 Ec-

444 4670 629 4725 clesiae
661 4666 843 4736 regula
879 4678 1105 4734 prorsus
1141 4661 1322 4714 alieni.

519 4758 656 4812 Nam
690 4758 734 4811 si
771 4753 1152 4809 abominandae
1190 4760 1317 4806 sunt
1361 4753 1581 4822 nuptiae.
1620 4751 1813 4820 impuri
1868 4751 2028 4820 plane

451 4850 526 4903 illi
567 4849 670 4918 ipsi
713 4853 860 4909 sunt,
892 4844 984 4915 qui
1016 4861 1046 4899 e
1081 4845 1287 4915 nuptiis
1311 4845 1575 4912 originem
1609 4849 1913 4896 traxerunt.
1950 4845 2028 4898 Ac

451 4943 497 4997 si
532 4941 776 4997 Ecclesia
809 4938 904 4994 Dei
935 4955 1000 4993 ex
1033 4938 1101 4994 iis
1137 4937 1270 4992 solis
1297 4944 1537 4998 constat,
1571 4936 1671 5006 qui
1710 4937 1916 5006 nuptiis
1946 4952 2029 4992 re-

449 5035 776 5088 nuntiarunt
803 5049 819 5099 ;
851 5047 1031 5101 neque
1061 5030 1280 5100 nuptiaa,
1315 5043 1491 5098 neque
1521 5035 1694 5080 totum
1729 5043 2028 5098 propagan-

451 5127 533 5180 da:
562 5127 766 5179 sobolis
795 5123 1072 5194 negotium
1103 5138 1168 5176 ex
1200 5121 1308 5175 Deo
1344 5130 1446 5174 est.
1479 5117 1660 5185 Quare
1686 5127 1738 5173 et
1771 5119 1870 5189 ipsi
1900 5137 2022 5175 cum

453 5215 694 5269 indidem
740 5215 849 5266 nati
883 5215 1012 5275 sint,
1042 5227 1071 5265 a
1099 5212 1208 5265 Deo
1233 5219 1396 5265 erunt
1439 5211 1618 5265 alieni.
1657 5212 1825 5276 Quem
1863 5211 2026 5281 igitur

454 5306 632 5359 locum
665 5305 883 5356 habebit
909 5303 1036 5356 illud
1069 5320 1082 5355 :
1107 5302 1237 5367 Quae
1269 5303 1404 5355 Deus
1433 5302 1705 5370 conjunxit
1735 5303 1887 5357 homo
1923 5320 2025 5356 non

454 5393 728 5463 κρανενῖ
753 5391 886 5445 Nam
931 5409 996 5447 ex
1034 5395 1360 5447 necessitate
1402 5407 1683 5462 separare,
1707 5392 1775 5446 ab
1810 5393 2024 5448 homine

549 5555 567 5586 ⁸
604 5552 793 5609 Matth.
839 5565 950 5613 XIX,
983 5549 1038 5605 6.

2130 4396 2454 4467 κέχρηνται*
2489 4390 2632 4450 οὗτοι
2672 4399 2728 4451 δὲ
2769 4402 2889 4462 ταῖς
2918 4399 3238 4469 λεγομέναις
3276 4399 3552 4470 Πράξεσιν
3591 4402 3706 4454 Ἀν-

2127 4487 2283 4556 δρέου
2330 4506 2388 4541 τε
2435 4490 2530 4542 καὶ
2559 4489 2730 4560 Θωμᾶ
2756 4489 2819 4542 τὺ
2860 4489 3108 4544 πλεῖστον
3154 4492 3546 4562 ὲπερείδονται,
3577 4510 3705 4546 πανο

2127 4577 2363 4632 τάπασιν
2411 4579 2679 4650 ἀλλότριοι
2728 4580 2820 4633 τοῦ
2870 4583 3093 4644 κανόνος
3133 4581 3225 4635 τοῦ
3254 4584 3707 4654 ὲκκλησιαστικοῦ

2130 4669 2482 4740 ὑπάρχοντες.

2199 4761 2262 4813 El
2294 4760 2401 4830 γὰρ
2437 4761 2687 4834 βδελυρός
2719 4764 2866 4817 ἐστίν
2897 4765 2926 4815 ό
2959 4765 3154 4834 γάμος,
3192 4765 3298 4836 ἄρα
3325 4766 3438 4819 ὅλοι
3465 4766 3706 4837 ἀκάθαρ-

2129 4869 2210 4904 τοι
2241 4853 2542 4922 ύπάρχουσι
2572 4852 2659 4906 διὰ
2692 4855 2870 4925 γάμου
2897 4857 3272 4927 γεγενημένοι.
3305 4858 3415 4910 Καὶ
3443 4860 3493 4910 εί
3553 4859 3707 4930 μόνον

2131 4946 2390 5017 τυγχάνει
2422 4948 2455 5018 ή
2500 4948 2632 5016 ἁγία
2659 4948 2753 5000 τοῦ
2787 4949 2922 5002 Θεοῦ
2968 4949 3262 5020 Ἐκκλησία
3299 4950 3408 5004 τῶν
3436 4951 3518 5021 τῷ
3551 4953 3709 5022 γάμῳ

2133 5035 2582 5106 ἀποταξαμένων,
2609 5036 2794 5090 οὐκέτι
2834 5039 2862 5090 ό
2888 5038 3065 5109 γάμος
3091 5041 3156 5092 ὲκ
3193 5037 3328 5091 Θεοῦ
3359 5039 3647 5109 ὑπάρχων,
3679 5040 3710 5098 ἡ

2134 5127 2284 5178 πᾶσα.
2314 5126 2771 5198 παιδοποιουμένη
2819 5128 3076 5191 ὑπόθεσις
3096 5145 3108 5157 ·
3146 5131 3251 5202 ἄρα
3301 5129 3395 5180 καὶ
3429 5129 3587 5182 αὑτοὶ
3618 5129 3703 5182 ἀλα

2132 5218 2331 5289 λότριοι
2359 5218 2493 5272 Θεοῦ
2526 5219 2861 5290 ὑπάρχουσιν
2887 5220 2995 5274 ἀπὸ
3015 5219 3269 5274 τοιούτων
3296 5221 3710 5291 γεγεννημένος..

2135 5307 2246 5361 Ποῦ
2283 5310 2462 5365 τοίνυν
2502 5311 2563 5365 τὸ
2611 5313 2932 5383 εἰρημένον,
2975 5314 3041 5366 Ἃ
3071 5317 3104 5367 ό
3140 5313 3284 5379 Θεὸς
3322 5312 3710 5376 συνέζευξεν,

2133 5398 2440 5467 ἅνθρωπος
2464 5401 2548 5470 μὴ
2594 5399 2910 5471 χωριζέτω
2949 5403 3022 5456 Τὸ
3072 5404 3171 5473 μὲν
3201 5403 3308 5474 γὰρ
3340 5403 3437 5456 ἀπ’
3462 5405 3707 5474 ἀνάγκης
