3840 6062
218 299 344 357 που

863 297 1232 355 AD‘IiIlSUS
1264 296 1608 355 IIA'ZRESI'IS
1646 298 1773 355 LIB.

1906 298 2067 355 'I'OM.
2114 301 2152 353 Ι.
2192 330 2263 344 --
2306 298 2579 355 ΙΙιΕΙὶΕδ.
2622 300 2758 358 LXI.

3329 301 3489 357 ιοιε-

218 413 487 488 χωρίζειν,
523 413 632 467 ἀπὸ
660 414 949 486 ἀνοριὶρπου
978 416 1234 486 ὑπάρχει·
1255 415 1315 469 τὸ
1334 416 1392 470 δὲ
1428 416 1567 488 μετὰ
1592 434 1785 487 προαι-

1893 426 2009 482 cst;
2044 425 2241 487 sponte
2266 430 2397 472 vero
2423 418 2708 473 continere
2736 432 2879 483 sesc,
2910 432 3018 471 non
3056 416 3294 472 hominis
3321 432 3467 484 csse,

217 508 417 580 ρέσεως
464 504 891 576 ἑγκρατεύεσθαι
922 507 1024 559 ούκ
1065 506 1356 577 ἀνθρώπου
1400 506 1622 574 ἔδειξεν,
1651 508 1787 562 ἀλλὰ

217 596 347 651 θεοῦ
381 595 441 650 τὸ
482 596 665 667 ἔργον.
703 595 815 649 Καὶ
844 596 957 666 ἔχει
992 597 1093 667 μὲν
1134 597 1169 666 ἡ
1199 595 1340 649 κατά
1384 596 1545 666 φύσιν
1572 597 1786 669 ἀνάγκη

217 687 470 749 πολλάκις
502 676 729 757 μέμψιν·
775 686 860 740 ὅτι
901 687 962 739 ού
1009 688 1152 757 μετὰ
1196 688 1535 756 εὐλογιστίας
1581 688 1642 741 τὸ
1691 690 1790 740 ὲπ-

215 778 445 846 άναγκες
466 775 813 843 ἐπιτελεῖται,
844 777 980 832 ἀλλὰ
998 778 1153 842 ἐκτὸς
1169 778 1264 832 τού
1281 780 1505 843 κανόνος
1532 778 1785 850 βέϐηκεν.

213 870 289 923 Ού
321 870 431 940 γάρ
480 869 790 938 ἐπάναγκες
821 871 855 940 ἠ
900 870 1209 925 θεοσέϐεια·
1242 871 1379 926 ἀλλὰ
1425 875 1490 926 ἑκ
1533 872 1789 945 προαιρέ-

214 974 351 1023 σεως
379 960 413 1029 ἡ
435 958 770 1031 δικαιοσύνη.
811 959 894 1013 Τὰ
921 960 981 1014 δὲ
1015 960 1177 1030 φύσει
1207 962 1289 1026 εἰς
1335 961 1643 1016 θεοσέϐειαν
1691 962 1789 1015 ἑπ-

207 1053 448 1119 άναγκες
491 1051 703 1122 φανερά
742 1052 926 1119 ἔστιν,
957 1052 994 1107 ἃ
1023 1056 1087 1125 τῇ
1134 1054 1295 1123 φύσει
1326 1053 1784 1126 ὲπιμεμέτρηται.

213 1131 336 1192 Οἶον
364 1136 426 1190 τὸ
457 1134 534 1207 μὴ
563 1137 868 1209 πορνεύειν,
900 1140 963 1194 τὸ
1005 1141 1081 1213 μὴ
1109 1141 1406 1213 μοιχεύειν,
1434 1143 1496 1196 τὸ
1521 1143 1597 1214 μὴ
1626 1142 1788 1197 ἀσελ-

211 1224 440 1295 γαίνειν,
469 1225 533 1279 τὸ
582 1227 658 1299 μὴ
696 1230 754 1282 ὲν
780 1228 961 1301 ταυτῷ
1002 1230 1449 1303 δευτερογαμεῖν,
1482 1231 1653 1305 eam
1674 1233 1789 1305 ap-

210 1317 429 1383 στάζειν,
461 1319 525 1373 τὸ
559 1319 636 1392 μὴ
667 1320 890 1387 ἀδικεῖν,
937 1322 999 1377 τὸ
1045 1322 1121 1394 μὴ
1158 1322 1398 1394 μεθύειν,
1442 1324 1505 1378 τὸ
1540 1325 1615 1396 μὴ
1650 1324 1788 1396 ἀδη-

210 1411 431 1478 φαγεῖν,
459 1409 522 1462 τὸ
575 1409 651 1481 μὴ
693 1412 1099 1483 φαρμακεύειν,
1135 1413 1203 1467 τδ
1240 1414 1316 1486 μὴ
1359 1413 1786 1486 είδωλολατρεῖν,

207 1500 271 1555 τὸ
301 1501 378 1571 μὴ
411 1500 683 1569 φονεύειν,
711 1502 774 1555 τὸ
809 1502 884 1574 μὴ
911 1504 1279 1575 καταρᾶσθαι,
1312 1505 1375 1559 τὸ
1407 1506 1482 1577 μὴ
1507 1505 1787 1577 λοιδορεῖν,

206 1592 271 1646 τὸ
304 1590 381 1662 μὴ
409 1590 658 1662 ὀμνύναι,
684 1593 1017 1661 ἀγανακτεῖν
1033 1610 1093 1647 τε
1120 1595 1214 1648 καὶ
1242 1596 1379 1665 ταχὺ
1425 1594 1785 1666 πραΰνεσθαι,

205 1682 525 1755 ὀργίζεσθαι
556 1683 659 1737 καὶ
682 1684 759 1755 μὴ
806 1685 1167 1757 ἁμαρτάνειν,
1202 1685 1275 1757 μὴ
1322 1684 1594 1739 ὲπιδύνειν
1636 1684 1787 1755 ἥλιον

1888 510 1983 565 scd
2032 507 2124 563 Dei
2155 524 2294 579 Opus
2323 509 2580 565 ostendit.
2611 509 2689 562 Ad
2719 511 2831 564 hare
2864 508 3128 563 naturalis
3154 509 3243 562 illa
3272 524 3468 565 neces-

1890 601 2029 656 sitas
2052 601 2211 656 habet
2230 616 2376 668 saepe
2390 602 2897 671 reprehensionem,
2920 599 3177 671 quoniam
3192 600 3243 652 id
3264 599 3465 669 ipsum,

1890 693 2035 763 quod
2068 693 2382 747 necessario
2425 693 2881 763 impositumcst,
2913 706 3023 745 non
3060 698 3208 745 recto
3237 689 3469 745 consilio

1891 794 1954 835 ac
2005 781 2567 851 rationeperﬂcitnr,
2597 780 2692 837 sed
2747 781 2891 835 intra
2945 779 3191 851 regulam
3242 777 3471 832 minime

1888 870 2224 926 continetur.
2256 870 2383 925 Non
2428 872 2575 927 enim
2629 872 2682 925 vi
2726 871 3099 942 extorquenda
3140 871 3316 940 pietas
3364 876 3467 925 est.

1890 960 1985 1016 sed
2015 960 2245 1016 consilio
2284 975 2348 1015 ac
2376 961 2657 1016 voluntate
2684 960 2901 1030 iustitia
2936 960 3258 1029 suscipitur.
3308 957 3469 1028 507

1889 1049 2062 1105 Porro
2085 1066 2207 1121 qua:
2230 1051 2297 1105 ad
2322 1052 2576 1121 pietatem
2608 1052 2827 1122 praprie
2855 1060 2985 1108 sunt
3017 1052 3325 1108 necessaria
3360 1068 3474 1105 ma-

1890 1140 2088 1197 nifesta
2111 1149 2264 1206 sunt,
2296 1158 2419 1212 quae
2446 1143 2657 1199 scilicet
2683 1143 2936 1198 homines
2966 1150 3177 1196 naturae
3205 1143 3352 1197 velut
3374 1141 3472 1194 ad-

1889 1232 2216 1287 metiuntur.
2249 1231 2423 1297 Quale
2450 1242 2535 1287 est
2570 1248 2585 1286 :
2626 1249 2736 1289 non
2768 1233 3055 1297 fornicari,
3087 1248 3267 1303 neque
3317 1232 3474 1286 adul-

1890 1322 2089 1377 terium
2128 1331 2465 1393 perpetrare,
2496 1339 2607 1378 non
2656 1324 2951 1380 libidinose
3013 1339 3073 1380 se
3112 1339 3323 1394 gerere,
3362 1340 3472 1378 nou

1891 1414 2166 1470 secundas
2213 1415 2404 1471 eodem
2453 1425 2697 1485 tempore
2730 1416 2955 1486 nuptias
2980 1416 3330 1480 contrahere,
3363 1428 3472 1467 non

1890 1520 2106 1572 rapere,
2135 1521 2247 1561 non
2284 1506 2543 1576 injuriam
2579 1507 2779 1572 facere,
2806 1522 2917 1561 non
2949 1506 3234 1568 inebriari,
3270 1520 3375 1559 non
3415 1520 3475 1558 se

1890 1595 2031 1651 cibis
2055 1596 2412 1668 ingurgitare,
2440 1613 2553 1652 non
2584 1598 2907 1653 veneﬁcium
2940 1612 3152 1666 parare,
3191 1611 3296 1649 non
3327 1594 3472 1649 idola

1891 1688 2095 1751 colere,
2123 1704 2234 1744 non
2273 1689 2548 1754 occidere,
2576 1705 2685 1744 non
2720 1689 3032 1760 imprecari,
3064 1704 3171 1743 non
3207 1687 3473 1743 convitia-

203 1773 301 1827 ἐπὶ
347 1772 430 1843 τῷ
485 1773 874 1846 παροργισμῷ.
925 1774 1018 1845 Τῷ
1068 1774 1126 1828 δὲ
1165 1776 1183 1807 ³
1231 1776 1397 1846 γάμῳ
1449 1773 1785 1843 ωναφθῆναι

1893 1781 1963 1845 ri,
1992 1795 2103 1835 non
2144 1780 2353 1850 jurare,
2385 1796 2718 1836 succensere
2779 1796 2844 1835 ac
2887 1782 2998 1836 cito
3048 1780 3276 1851 placari,
3309 1779 3474 1835 irasci

205 1868 350 1938 μετὰ
380 1868 662 1939 εὐνομίας,
692 1870 727 1939 ὴ
772 1868 933 1939 φύσις
959 1869 1190 1942 δηλώσει
1219 1871 1284 1923 ἐκ
1304 1868 1440 1923 Θεοῦ
1465 1868 1783 1939 ἐκτισμένη,

204 1959 303 2013 καὶ
336 1960 730 2033 ὲπιτραπετσα.
777 1961 888 2016 Kal.
927 1962 997 2016 τὰ
1044 1961 1201 2027 ἄλλα,
1246 1961 1347 2015 ὅσα
1389 1960 1508 2014 ἐστὶ
1534 1958 1785 2025 τοιαῦτα,

199 2049 347 2104 κατὰ
375 2049 604 2123 θάτερον
635 2052 748 2123 ἔχει
773 2053 873 2123 τῆς
896 2052 1201 2123 ἐπισκοπῆς
1221 2050 1285 2105 τδ
1317 2050 1537 2122 μέτρον.

1890 1885 1995 1927 nec
2027 1886 2280 1941 peccare,
2305 1873 2476 1927 solem
2506 1887 2672 1944 super
2701 1871 3041 1926 iracundiam
3073 1885 3178 1925 non
3202 1870 3472 1925 occidere.

1892 1961 2112 2035 Nuptiis
2158 1978 2289 2019 vero
2338 1964 2584 2033 copulari
2639 1964 2920 2034 legitimis,
2954 1963 3037 2017 vel
3069 1968 3264 2016 natura
3299 1963 3415 2031 ipsa
3445 1976 3473 2013 a

1893 2052 2007 2110 Deo
2034 2054 2255 2110 condita
2282 2055 2610 2125 permissum
2652 2056 2758 2110 sibi
2799 2071 2922 2111 esse
2976 2053 3322 2111 monstrabit.
3357 2051 3476 2108 Cte—

202 2157 321 2202 tera
363 2143 625 2212 denique,
658 2161 781 2217 qua:
828 2145 1073 2216 ejusdem
1122 2146 1355 2202 rationis
1401 2154 1554 2209 sunt,
1588 2144 1657 2199 ad
1706 2144 2031 2204 alterutrum
2079 2165 2272 2221 genus,
2324 2165 2422 2221 pro
2454 2149 2617 2206 modo
2687 2166 2810 2216 suo,
2868 2165 2931 2204 ac
2977 2165 3255 2213 mensura,
3314 2162 3471 2202 revo-

199 2237 311 2291 cari
346 2249 601 2309 possunt.

267 2348 347 2404 B'.
396 2350 541 2404 Ἀλλ’
570 2351 646 2415 ὡς
678 2350 808 2423 περῖ
832 2352 1037 2408 τούτων
1064 2354 1236 2408 εἰπεῖν
1268 2354 1699 2427 προειλήφαμεν,
1729 2352 1787 2408 ὲν

194 2440 365 2512 ὀλίγῳ
399 2440 566 2513 χώρῳ
611 2435 757 2497 οὗτοι
795 2444 1118 2516 ὑπάρχουσι,
1157 2446 1287 2520 περὶ
1318 2449 1419 2519 τὴν
1458 2446 1695 2519 Φρυγίαν
1727 2462 1788 2498 τε

196 2525 293 2586 καῖ
325 2524 609 2599 Κιλικίαν,
635 2534 729 2587 καὶ
752 2534 1095 2606 Παμφυλίαν.
1140 2537 1206 2591 Τί
1224 2536 1317 2592 οὖν
1339 2538 1448 2610 ἄρα
1463 2538 1788 2592 ἐκκόπτεται

195 2616 230 2691 ἧ
271 2618 577 2690 Ἐκκλησία
607 2623 638 2693 ἠ
669 2623 777 2676 ἀπὸ
803 2623 909 2693 γῆς
936 2625 1186 2697 περάτων
1216 2628 1344 2698 ἄχρι
1375 2627 1478 2698 γῆς
1508 2626 1782 2697 περάτων,

196 2713 292 2767 καὶ
321 2712 513 2766 οὐκέτι
546 2715 633 2778 είς
658 2713 865 2769 πᾶσαν
892 2715 1007 2786 τὴν
1037 2716 1151 2788 γῆν
1173 2718 1431 2787 ἐξῆλθεν
1464 2722 1498 2774 ό
1523 2719 1785 2789 φθόγγος

195 2803 420 2868 αὐτῶν,
434 2803 533 2857 καί
551 2806 637 2870 είς
651 2805 724 2859 τὰ
739 2806 963 2874 πέρατα
977 2807 1087 2877 τῆς
1098 2808 1455 2879 οἰκουμένης
1471 2809 1543 2863 τὰ
1546 2809 1786 2879 ῥήματα

196 2894 433 2958 αὐτῶν;
451 2894 589 2948 υύδὲ
610 2895 795 2949 ούκέτι
822 2898 884 2951 τὸ
906 2899 1054 2970 παρὰ
1080 2898 1173 2952 τοῦ
1194 2900 1445 2972 Σωτῆρος
1470 2899 1781 2971 εἰρημένον,

194 2986 276 3051 τὸ,
307 2986 573 3042 Ἕσεσθέ
605 3006 705 3057 μοι
738 2989 1038 3059 μάρτυρες
1070 2991 1181 3057 ἕως
1209 2991 1474 3061 ἐσχάτου
1504 2991 1614 3061 τῆς
1640 2990 1783 3061 γῆς

1965 2346 2030 2405 ll.
2059 2347 2260 2404 Verum
2295 2358 2375 2415 ut,
2400 2365 2523 2420 qua:
2545 2350 2613 2406 de
2641 2350 2747 2405 illis
2776 2357 3010 2406 tractare
3036 2350 3322 2421 caepimus.
3359 2368 3475 2421 pcr-

1893 2455 2211 2511 sequamur,
2242 2441 2496 2497 habitant
2531 2442 2608 2495 illi
2643 2444 2706 2496 in-
2743 2442 2940 2512 exigua
2962 2443 3206 2512 quadam
3252 2443 3474 2512 regione

1892 2531 2162 2605 Phrygiae,
2219 2532 2425 2590 Cilicia:
2455 2548 2520 2589 ac
2563 2532 2937 2604 Pamphyliae.
2963 2532 3105 2599 Quid
3136 2534 3341 2605 igitur?
3373 2535 3473 2591 Ero

1891 2640 2032 2697 gone
2061 2625 2322 2687 Ecclesia,
2346 2640 2466 2695 quae
2494 2624 2562 2679 ad
2594 2632 2883 2695 utramque
2915 2636 3182 2681 terrarum
3213 2628 3472 2682 extremi-

1891 2721 2055 2769 tatem
2087 2713 2406 2783 porrigitur,
2460 2713 2678 2783 penitus
2706 2713 3068 2781 exscinditur,
3104 2730 3207 2769 nec
3237 2716 3472 2784 amplius

1889 2804 1947 2857 in
1995 2818 2200 2857 omnem
2242 2812 2438 2856 terram
2475 2803 2634 2855 exivit
2683 2819 2844 2857 sonus
2885 2819 3087 2865 eorum,
3136 2813 3184 2867 et
3233 2804 3287 2857 in
3338 2805 3470 2873 ﬁnes

1890 2894 2033 2948 orbis
2074 2902 2228 2948 terra:
2253 2891 2407 2947 verba
2436 2910 2617 2946 eorum
2650 2893 2710 2946 ’ἲ
2747 2891 2858 2947 Nec
2888 2893 3019 2948 illud
3060 2893 3220 2958 valet,
3261 2894 3406 2963 quod
3439 2910 3470 2949 a

1893 2984 2180 3041 Scrvatore
2210 2984 2416 3039 dictum
2445 2991 2529 3040 est
2551 3003 2563 3039 :
2582 2983 2749 3038 Eritis
2773 2984 2903 3037 mihi
2921 2993 3075 3039 testes
3108 3002 3269 3056 usque
3292 2985 3361 3039 ad
3383 2987 3471 3039 ul-

194 3078 261 3132 Εί
292 3078 393 3149 μὲν
415 3079 529 3152 γὰρ
551 3081 650 3133 οὐκ
671 3079 819 3135 ἔστιν
840 3083 897 3136 ὲν
926 3083 1217 3154 σεμνότητι
1245 3084 1275 3136 ό
1296 3085 1494 3155 γάμος,
1513 3083 1609 3137 καὶ
1637 3082 1781 3154 ζωὴν

1893 3079 2073 3134 timum
2101 3087 2256 3133 teme
2286 3078 2342 3131 ‘2
2384 3076 2679 3132 Enimvero
2709 3077 2754 3132 si
2784 3077 3080 3132 honestatis
3112 3078 3246 3131 nihil
3272 3078 3472 3133 habent

194 3169 335 3242 ἔχων
384 3174 414 3225 ὁ
451 3171 652 3242 γάμος,
701 3172 1033 3244 γεννηθῶσιν
1069 3173 1197 3227 ἄνευ
1241 3175 1459 3246 γάμου’
1512 3175 1560 3228 εί
1595 3174 1652 3227 δὲ
1676 3173 1786 3228 ἀπὸ

194 3260 376 3331 γάμου
408 3263 736 3331 γεννῶνται,
763 3263 870 3335 ἄρα
893 3262 1109 3335 βέὃηλοί
1135 3266 1239 3318 είσι
1268 3264 1356 3318 διὰ
1384 3265 1476 3318 τὸν
1496 3264 1694 3335 γάμον.
1720 3262 1786 3316 Et

193 3348 252 3405 δὲ
302 3352 464 3407 αὐτοὶ
510 3351 665 3423 μόνοι
706 3353 806 3407 οὐκ
856 3354 963 3407 εἰσὶ
1014 3354 1268 3426 βέϐηλοι,
1326 3354 1570 3424 καίτοιγε
1625 3353 1779 3419 ὄντες

194 3438 303 3493 ἀπὸ
337 3440 550 3512 γάμου,
605 3441 666 3494 ού
712 3441 935 3513 βέϐηλος
968 3445 997 3496 ὁ
1034 3444 1238 3515 γάμος·
1293 3444 1427 3497 διότι
1456 3445 1586 3499 ἄνευ
1618 3443 1784 3498 αὐτοῦ

193 3529 374 3595 οὐδεὶς
404 3530 805 3603 γεννηθήσεται
840 3549 969 3585 ποτε
1001 3535 1059 3588 ὲν
1094 3533 1303 3605 κόσμῳ.
1349 3534 1459 3588 Kal.
1496 3532 1663 3603 πολλή
1700 3534 1787 3596 τίς

193 3622 344 3675 ἐστιν
392 3623 428 3694 ἡ
469 3622 587 3675 τῶν
630 3621 932 3694 ἀνθρώπων
982 3624 1181 3696 πλάνη,
1237 3624 1327 3679 διά
1373 3625 1645 3690 ποικιλίας
1693 3625 1788 3679 καὶ

194 3713 409 3769 πολλῶν
435 3715 768 3787 προφάσεων
792 3716 1142 3789 ἐργασαμένη
1171 3717 1232 3771 τὸ
1255 3717 1458 3787 φαῦλον
1484 3720 1548 3789 τῇ
1577 3717 1788 3789 ἀνθρω-

193 3807 328 3881 πεία
360 3808 553 3877 φύσει,
592 3796 686 3862 καὶ
718 3807 1039 3880 πλανήσασα
1070 3809 1303 3863 ἕκαστον
1333 3809 1422 3864 διὰ
1457 3810 1788 3881 προφάσεως

194 3896 304 3952 ἀπὸ
324 3898 429 3968 τῆς
459 3896 743 3969 ἀληθείας.

262 4091 343 4153 I".
379 4094 498 4147 Kal.
523 4091 642 4162 ἔχει
673 4092 772 4163 μὲν
797 4087 891 4146 οὖν
923 4091 1220 4158 άποταξίαν
1246 4093 1279 4164 ἠ
1318 4091 1644 4165 Ἐκκλησία’
1674 4092 1788 4148 ἀλλ’

193 4185 255 4240 ού
274 4185 630 4257 βδελύττεται
645 4184 737 4238 τὸν
753 4185 947 4257 γάμον.
968 4186 1078 4239 Ka‘t
1092 4185 1204 4256 ἔχει
1220 4187 1360 4257 ἀκτη
1368 4184 1605 4256 μοσύνην
1618 4201 1634 4217 ο
1652 4185 1791 4241 ἀλλὰ

193 4276 295 4329 οὐκ
311 4279 339 4331 ὲ
349 4277 614 4349 παίρεται
624 4277 644 4307 ¹
663 4276 770 4330 τῶν
782 4274 838 4330 ἐν
855 4277 1041 4350 κτήσει
1054 4276 1399 4348 δικαιοσύνης
1413 4277 1788 4349 ὑπαρχόντων,

193 4366 289 4420 καὶ
326 4369 394 4421 ὲκ
434 4366 551 4420 τῶν
599 4365 742 4420 ίδίων
785 4367 984 4434 γονέων
1012 4366 1264 4437 ἐχόντων,
1303 4367 1448 4429 ὅπως
1477 4368 1688 4431 ἑαυτοῖς
1728 4383 1789 4420 τε

191 4459 292 4513 καὶ
310 4462 428 4525 τοῖς
446 4458 826 4530 ὲπιδεομένοις
851 4460 1177 4531 ἐπαρκέσαι.
1201 4458 1311 4513 Kal.
1330 4459 1623 4528 ἀπέχονται
1647 4458 1790 4533 βρω-

194 4548 386 4621 μάτων
415 4551 609 4606 πολλοί
632 4569 647 4583 ο
696 4550 811 4604 ἀλλ’
839 4551 899 4603 οὐ
927 4548 1242 4621 φυσιοῧνται
1274 4549 1415 4603 κατὰ
1436 4550 1543 4605 τῶν
1584 4551 1657 4622 μὴ
1685 4550 1788 4602 άπ-

191 4643 500 4714 εχομένων.
538 4645 594 4696 '0
615 4643 725 4713 γὰρ
745 4643 965 4697 ἐσθίων
981 4641 1086 4696 τὸν
1101 4642 1188 4712 μὴ
1209 4642 1494 4697 ἐσθίοντα
1513 4641 1600 4712 μὴ
1617 4641 1789 4707 ἐξου-

178 4736 441 4815 θενείτω
466 4752 483 4766 ο
520 4734 620 4788 καί
651 4739 684 4789 ὀ
715 4734 802 4805 μὴ
832 4736 1048 4789 ἐσθίων
1082 4734 1194 4789 τὸν
1224 4735 1506 4791 ἐσθίοντα
1533 4734 1620 4805 μὴ
1662 4752 1787 4802 κρι-

188 4826 364 4882 νέτω.
396 4827 639 4897 Χριστῷ
666 4827 776 4898 γὰρ
801 4826 988 4882 ἐσθίει
1011 4825 1107 4879 καί
1135 4826 1315 4880 πίνει.
1356 4826 1467 4879 Kal.
1497 4828 1629 4898 ὁρᾷς
1658 4827 1786 4897 μίαν

189 4914 476 4986 ὁμόνοιαν,
510 4913 609 4968 καὶ
654 4914 781 4986 μίαν
829 4913 1039 4977 ἐλπίδα,
1081 4916 1175 4968 καὶ
1219 4914 1349 4986 μίαν
1400 4914 1583 4969 πίστιν
1630 4916 1687 4967 ὲν
1718 4914 1785 4984 τῇ

202 5005 537 5079 Ἐκκλησία,
572 5007 788 5077 ἑκάστῳ
819 5005 1181 5079 χαριζομένην
1218 5005 1358 5060 κατὰ
1396 5005 1495 5077 τὴν
1532 5005 1666 5060 ἰδίαν
1694 5004 1788 5059 δύ·-

189 5114 382 5169 νιμιν,
408 5098 510 5152 καὶ
535 5098 675 5151 κατὰ
698 5097 791 5151 τὸν
813 5097 942 5151 ἴδιον
966 5095 1153 5165 ἀγῶνα
1175 5095 1271 5151 τοῦ
1297 5096 1576 5167 καμάτου;
1603 5096 1789 5149 Ἔοικε

186 5186 245 5240 δὲ
275 5189 311 5258 ἡ
344 5186 491 5256 ἁγία
516 5184 610 5239 τοῦ
641 5185 778 5239 Θεοῦ
818 5185 1111 5257 Ἐκκλησία
1140 5186 1254 5251 νηῒ.
1297 5184 1447 5250 Ναῦς
1476 5185 1535 5239 δὲ
1553 5185 1654 5238 ούκ
1682 5185 1790 5239 άπὸ

187 5278 309 5344 ἑνὸς
358 5277 531 5344 ξύλου
578 5278 900 5350 ἁρμόζεται,
940 5277 1056 5332 ἀλλ’
1100 5279 1166 5332 ἐκ
1197 5276 1491 5351 διαφόρων.
1545 5276 1654 5330 Kal
1686 5276 1787 5347 τὴν

188 5372 292 5444 μὲν
320 5370 531 5436 τρόπιν
563 5369 672 5423 άπὸ
702 5369 821 5434 ἑνὸς
850 5369 1006 5437 ξύλου
1036 5371 1321 5441 κέκτηται,
1355 5368 1490 5422 ἀλλὰ
1529 5368 1590 5421 ού
1627 5384 1784 5439 μονο-

185 5463 385 5527 εόλωςο
421 5460 531 5525 τὰς
562 5461 618 5515 δὲ
638 5461 883 5533 ἀγκύρας
911 5462 1133 5534 ἐτέρων.
1168 5462 1461 5535 Περιτόνεά
1482 5479 1541 5515 τε
1567 5464 1660 5516 καὶ
1684 5479 1781 5516 σα-

258 5670 276 5701 ¹
316 5666 381 5725 Ρ.
412 5668 477 5721 τὸ
501 5667 578 5721 δέ.
665 5669 684 5697 ¹
718 5666 874 5724 Dccst
903 5666 1060 5721 κατά.
1135 5668 1154 5698 ³
1181 5666 1323 5723 Psal.
1351 5683 1504 5731 xvm,
1534 5668 1584 5722 5.

1666 5668 1684 5696 ⁸
1714 5666 1829 5721 Act.
1868 5682 1905 5729 ι,
1927 5666 1976 5720 5.

1885 3170 2112 3241 nuptiae,
2149 3183 2250 3223 nec
2283 3168 2391 3222 ulla
2425 3167 2506 3222 eis
2539 3166 2662 3221 vita:
2689 3182 2816 3237 spes
2850 3168 3207 3236 relinquitur;
3245 3184 3474 3223 nascan-

1885 3267 1976 3314 tur
2020 3259 2099 3313 illi
2154 3260 2273 3315 sine
2317 3258 2543 3329 nuptiis.
2588 3256 2686 3312 Sin
2723 3273 2791 3313 ex
2839 3258 3045 3328 nuptiis
3092 3259 3364 3323 oriuntur,
3399 3258 3473 3313 ob

1884 3363 1978 3405 eas
2012 3347 2161 3418 ipsas
2199 3347 2395 3417 impuri
2433 3354 2580 3409 sunt,
2613 3353 2667 3401 et
2703 3346 3048 3401 exsecrandi.
3085 3345 3241 3412 Quod
3279 3347 3325 3401 si
3365 3347 3477 3402 soli

1885 3440 1964 3495 illi
2013 3439 2213 3510 impuri
2249 3439 2471 3493 minime
2502 3445 2649 3501 sunt,
2681 3438 2809 3493 licet
2858 3453 2889 3494 e
2936 3438 3145 3508 nuptiis
3176 3438 3463 3507 prepagati

1888 3532 2017 3597 sint,
2051 3546 2160 3584 non
2210 3539 2338 3593 sunt
2379 3530 2607 3599 impura:
2652 3514 2876 3600 nuptiae,
2917 3528 3175 3598 quoniam
3210 3528 3330 3583 sine
3364 3530 3473 3585 illis

1887 3637 2048 3678 nemo
2072 3622 2124 3674 in
2155 3620 2299 3674 hanc
2329 3621 2503 3675 lucem
2531 3620 2748 3689 prodire
2772 3628 2971 3690 potest.
2994 3618 3219 3690 Magnus
3247 3621 3483 3675 omnino.

1886 3712 2169 3768 hominum
2213 3711 2432 3764 illorum
2483 3725 2639 3764 error
2669 3717 2775 3775 est,
2826 3710 2917 3779 qui
2969 3711 3140 3773 varia,
3174 3725 3237 3764 ac
3282 3712 3469 3765 multi-

1886 3800 2015 3872 plici
2055 3800 2238 3869 specie
2292 3799 2532 3852 humano
2578 3798 2763 3869 generi
2814 3799 3110 3868 perniciem
3160 3800 3363 3863 attulit,
3412 3812 3468 3856 ct

1888 3906 2335 3961 unumquemque
2369 3889 2519 3944 inani
2556 3888 2793 3960 quodam
2841 3896 3103 3960 praetextu
3135 3903 3164 3942 a
3203 3897 3347 3944 recta
3382 3892 3468 3946 via

1887 3981 2136 4039 veritatis
2163 3981 2408 4037 abduxit.

1960 4093 2048 4151 III.
2090 4075 2264 4151 Habet
2300 4095 2521 4166 quidem
2551 4094 3009 4150 renuntiationcm
3050 4093 3331 4162 Ecclesia;
3371 4096 3479 4152 sed.

1888 4201 2000 4242 non
2034 4184 2158 4241 ideo
2187 4183 2538 4240 detestandas
2580 4184 2802 4255 nuptias
2830 4183 3126 4240 existimat.
3163 4183 3337 4242 Habet
3367 4186 3467 4242 bo-

1891 4290 2090 4331 norum
2141 4276 2386 4330 omnium
2440 4274 2701 4344 inopiam,
2753 4273 2851 4329 sed
2882 4289 2993 4328 non
3037 4275 3303 4332 adversus
3346 4276 3501 4333 illos.

1893 4366 2194 4427 insolenter
2222 4363 2463 4429 eiTertur,
2501 4363 2595 4432 qui
2626 4377 2688 4417 ea
2718 4362 2866 4433 juste
2897 4365 3181 4434 possident
3213 4380 3244 4419 a
3274 4381 3467 4436 paren—

1894 4460 2041 4515 tibus
2073 4469 2316 4529 accepta,
2350 4457 2552 4528 quibus
2587 4464 2697 4511 tam
2725 4457 2850 4524 sibi,
2877 4474 3039 4529 quam
3070 4460 3195 4515 aliis
3221 4461 3466 4531 indigem-

1894 4551 2041 4605 tibus
2066 4549 2412 4604 subveniant.
2442 4548 2521 4602 Ad
2550 4546 2664 4602 hate
2692 4563 2723 4602 a
2747 4549 2993 4604 ciborum
3030 4565 3133 4630 usu
3168 4558 3465 4620 temperant

1895 4642 2086 4710 multi;
2138 4641 2235 4697 sed
2278 4656 2387 4695 non
2436 4649 2628 4696 contra
2658 4656 2754 4698 eos
2793 4643 2887 4712 qui
2926 4642 3036 4698 illis
3075 4650 3330 4706 utuntur,
3372 4657 3463 4698 SIL-

1894 4736 2061 4804 perbe
2090 4748 2150 4789 se
2176 4739 2393 4804 gerunt.
2432 4731 2536 4799 Qui
2566 4734 2705 4787 enim
2749 4732 3058 4798 manducat,
3091 4749 3197 4787 non
3234 4733 3463 4791 manda.-

1892 4834 2099 4880 cantem
2140 4842 2244 4881 non
2274 4832 2602 4890 contemnat;
2627 4835 2677 4879 et
2715 4827 2806 4895 qui
2826 4842 2931 4879 non
2956 4825 3266 4888 manducat,
3311 4842 3463 4879 mam

1891 4918 2169 4970 ducantem
2224 4931 2329 4968 non
2365 4914 2592 4984 judicet.
2643 4913 2858 4970 Christo
2906 4918 3049 4969 enim
3094 4914 3377 4972 manducat
3417 4930 3462 4969 et

1891 5004 2021 5059 bibit
2056 5006 2098 5059 ³.
2142 5004 2334 5061 Jamne
2376 5006 2554 5070 vides,
2581 5006 2829 5061 eamdem
2862 5006 2918 5059 in
2955 5004 3199 5061 Ecclesia
3231 5020 3459 5060 concor-

1892 5095 2059 5162 diam,
2091 5096 2448 5166 eamdemque
2492 5110 2667 5164 spem,
2716 5109 2780 5150 ac
2814 5094 2975 5150 ﬁdem
3004 5110 3126 5165 qua:
3171 5095 3466 5165 unicuique

1894 5186 2193 5245 secundum
2229 5188 2505 5257 pr0priam
2532 5187 2642 5240 vim
2672 5186 3084 5256 propriumque.
3116 5185 3317 5242 laboris
3350 5202 3463 5241 cer-

1895 5289 2075 5334 tamen
2105 5276 2411 5348 gratiﬁcare
2441 5276 2664 5332 studet?
2704 5275 2870 5348 508
2899 5275 3112 5331 Etenim
3151 5284 3337 5332 sancta
3374 5275 3468 5330 Dei
3544 5346 3553 5355 .

1894 5368 2137 5424 Ecclesia
2173 5367 2295 5421 navi
2325 5367 2543 5421 cuidam
2583 5366 2779 5424 similis
2811 5375 2914 5424 est.
2952 5365 3118 5423 Navis
3162 5382 3324 5441 porro
3356 5382 3487 5423 nom

1891 5477 1955 5517 cx
1979 5458 2139 5515 unica
2168 5458 2371 5523 tabula,
2407 5458 2501 5514 scd
2535 5474 2600 5515 cx
2630 5459 2864 5518 diversis
2896 5467 3329 5534 coagmentatur.
3366 5455 3473 5517 llas.-

2056 5666 2076 5696 ⁵
2100 5662 2258 5720 Rom.
2286 5682 2397 5732 xw,
2427 5666 2481 5735 ὃ,
2514 5667 2568 5722 ὕ.
