3840 6062
453 288 593 345 10ιὸ

1851 289 1907 344 S.
1941 289 2278 345 EPIPIIANII

3561 295 3692 350 1048

455 399 544 452 bet
576 398 721 453 enim
759 415 825 483 ex
873 415 982 454 uno
1031 399 1247 468 quidem
1292 398 1440 470 ligno
1474 399 1736 466 carinam,
1771 400 1866 456 sed
1915 417 2020 456 non

2132 403 2292 468 νίδας,
2326 404 2418 457 καὶ
2449 405 2515 458 τὰ
2546 404 3075 478 ἐγκυλίσματάδίίθ)
3099 424 3182 472 τε,
3229 408 3325 460 καὶ
3377 407 3526 478 μέρη
3561 414 3690 478 πρυ-

456 502 566 542 uno
614 502 676 542 ac
712 489 944 557 simplici
992 489 1190 553 modo;
1246 488 1500 542 anchoras
1549 488 1744 543 deinde
1794 489 2016 546 alterius
2076 568 2080 571 _

453 579 666 648 generis
706 589 852 632 sunt.
886 577 1024 632 Tum
1049 579 1360 648 peritontea,
1390 579 1652 644 tabulata,
1697 581 2014 644 statumina,

452 686 516 724 ac
574 670 792 738 puppis,
845 670 1074 724 laterum
1113 678 1590 740 transtrorumque
1635 680 1837 742 partes,
1878 674 2016 741 vela,

452 769 714 820 temones,
747 757 1064 828 phalangas,
1100 759 1408 822 manubria,
1442 758 1648 825 clavos,
1692 774 1758 815 ac
1809 761 2018 832 reliqua

449 847 630 901 omnia
659 848 809 902 vario
850 863 915 902 ex
949 849 1189 903 materiae
1219 864 1417 919 genere
1445 857 1918 920 coagmentantur.
1948 853 2019 906 At

450 952 786 1008 unaquaque
819 938 1046 994 istarum
1073 939 1347 996 hareseon
1372 941 1533 996 unico
1562 941 1708 1011 ligno
1735 949 2015 1005 constans,

451 1025 704 1083 Ecclesia:
732 1040 911 1083 notam
945 1045 1009 1084 ac
1036 1030 1407 1086 characterem
1439 1045 1549 1100 prae
1592 1046 1652 1086 se
1685 1046 1793 1086 non
1835 1033 2016 1087 habet.

445 1118 647 1171 Contra
681 1119 772 1173 Dei
820 1117 1064 1175 Ecclesia
1094 1121 1354 1176 honestas
1385 1122 1605 1191 nuptias
1646 1121 1908 1186 admittit,
1955 1137 2020 1177 ac

449 1209 795 1263 veneratione
827 1212 1194 1279 prosequitur.
1221 1212 1466 1265 Honesta:
1489 1211 1628 1264 enim
1657 1212 1854 1279 nuptiae
1871 1219 2014 1277 sunt,

445 1301 494 1344 et
526 1303 670 1347 torus
702 1295 1075 1350 immaculatus
1110 1299 1148 1349 ³.
1190 1296 1364 1352 Habet
1411 1307 1464 1352 et
1510 1299 1923 1363 continentiam,
1965 1308 2020 1355 et

451 1384 665 1451 quidem
717 1387 1086 1456 singularem,
1134 1404 1362 1457 eamque
1417 1389 1777 1453 commendat,
1836 1397 2021 1460 utpote

449 1489 566 1540 qua:
599 1483 872 1528 certamen
905 1477 1175 1545 quoddam
1217 1477 1466 1545 suscipit,
1502 1478 1776 1546 vitamque
1824 1478 2017 1546 ipsam,

449 1564 602 1632 quasi
659 1565 933 1632 potentior
973 1566 1223 1634 despicit.
1276 1565 1390 1621 Nec
1441 1567 1620 1623 minus
1650 1567 2018 1636 virginitatem

449 1654 630 1716 habet,
687 1670 917 1724 eamque
970 1671 1296 1727 magnopere
1359 1658 1636 1726 praedicat,
1688 1659 1848 1728 quasi
1893 1673 2019 1712 cum

449 1744 644 1798 virtute
675 1745 1046 1813 conjunctam,
1085 1746 1472 1815 levissimaque
1500 1761 1677 1815 penna
1709 1747 2016 1816 praeditam.
2049 1739 2092 1793 Β

449 1830 554 1886 Nec
585 1833 633 1887 ei
665 1833 863 1888 desunt
894 1834 1028 1887 certi
1065 1833 1335 1896 homines,
1385 1833 1478 1902 qui
1508 1833 1712 1888 mundo
1740 1838 2019 1890 renuntia-

450 1929 576 1976 runt
607 1942 620 1977 :
656 1938 754 1977 nec
787 1923 1050 1978 adversus
1088 1939 1182 1977 eos
1224 1925 1314 1992 qui
1349 1924 1528 1979 adhuc
1576 1924 1630 1978 in
1665 1925 1867 1979 mundo
1896 1942 2020 1980 ver-

451 2023 664 2077 santur,
715 2023 1034 2085 arroganter
1081 2015 1437 2082 insolescunt,
1489 2015 1580 2070 sed
1633 2015 1700 2071 iis
1749 2017 1883 2086 ipsis
1924 2018 2020 2073 de-

451 2104 736 2158 lectantur.
790 2103 989 2170 Quales
1035 2107 1164 2159 olim
1211 2107 1443 2175 apostoli
1493 2106 1732 2169 fuerunt,
1772 2107 2015 2160 omnium

451 2196 656 2249 scilicet
704 2211 884 2250 rerum
919 2198 1267 2266 possessione
1314 2197 1488 2252 vacui.
1529 2199 1642 2251 lmo
1677 2204 1730 2250 et
1767 2196 2019 2250 Salvator

451 2301 564 2354 ipse
599 2285 860 2344 Dominus
889 2289 1154 2352 omnium,
1199 2303 1324 2342 cum
1370 2288 1426 2341 in
1468 2287 1569 2341 hac
1599 2302 1764 2342 carne
1791 2289 2016 2354 viveret,

452 2380 585 2433 nihil
617 2396 680 2434 cx
713 2380 864 2437 hisce
910 2383 1144 2437 terrenis
1179 2381 1342 2436 rebus
1376 2379 1658 2450 possidere
1694 2379 1884 2433 voluit.
1914 2377 2019 2434 Ne-

451 2486 557 2540 que
597 2479 775 2527 tamen
832 2472 1039 2527 idcirco
1086 2473 1344 2526 mulieres
1398 2471 1520 2524 illas
1588 2470 1818 2540 rejicere
1861 2470 2054 2533 voluit,

2120 511 2278 564 μνης,
2311 494 2405 546 καὶ
2432 495 2644 564 τοίχων,
2669 498 2761 549 καὶ
2782 496 3140 568 ζυγωμάτων,
3171 497 3358 549 ἱστίων
3388 513 3451 548 τε
3473 497 3570 548 καὶ
3589 515 3687 567 πη-

2115 583 2332 648 δαλίων,
2377 586 2550 638 ὀκνῶν
2586 603 2646 638 τε
2678 588 2772 640 καὶ
2799 587 3080 656 αύχενίων,
3115 589 3317 642 οίάκων
3350 605 3413 640 τε
3461 590 3558 641 καὶ
3586 590 3687 641 τῶν

2118 672 2291 726 ἄλλων
2320 675 2555 740 πάντων,
2588 677 2654 728 ὲκ
2677 675 2948 746 διαφόρων
2977 675 3148 740 ξύλων
3169 676 3285 746 ἔχει
3312 676 3417 746 τὴν
3453 693 3689 745 συνάγω-

2117 763 2243 834 γήν.
2292 763 2528 836 Ἐκάστη
2553 764 2611 818 δὲ
2635 765 2839 819 τούτων
2867 766 2976 818 τῶν
3002 766 3269 836 αἱρέσεων
3305 767 3599 838 μονόξυλός
3617 787 3690 832 τς

2115 849 2270 918 οὖσα,
2304 855 2396 908 τὸν
2421 856 2748 926 χαρακτῆρα
2773 856 2873 926 τῆς
2904 857 3228 928 Ἐκκλησίας
3256 858 3357 927 οὐχ
3388 858 3686 927 ὑποφαίνει.

2130 947 2193 1000 Ἦ
2220 948 2276 1000 δὲ
2308 946 2441 1014 ἀγία
2473 947 2609 1000 Θεοῦ
2653 948 2946 1020 Ἐκκλησία
2976 948 3086 1017 ἔχει
3125 949 3226 1019 μὲν
3254 949 3436 1019 γάμον
3485 951 3687 1020 σεμνὸν.

2119 1038 2211 1091 καὶ
2243 1039 2378 1108 τιμᾷ
2401 1037 2492 1090 τὸν
2521 1036 2789 1092 τοιοῦτονο
2830 1038 3062 1106 Ἐπειδὴ
3093 1040 3286 1107 τίμιος
3305 1041 3338 1092 ὁ
3365 1038 3577 1108 γάμος,
3602 1040 3690 1092 καὶ

2118 1130 2158 1196 ἡ
2174 1130 2340 1197 κοίτη
2361 1129 2666 1198 ἀμίαντος.
2697 1131 2849 1200 Ἔχει
2864 1130 3191 1202 ἐγκράτειαν
3215 1128 3686 1199 θαυμασιωτάτην,

2119 1220 2210 1273 καὶ
2243 1220 2457 1274 ἐπαινεῖ
2475 1220 2574 1292 τὴν
2597 1220 2851 1291 τοιαύτην
2873 1237 2887 1252 ο
2916 1221 3102 1290 ἐπειδὴ
3127 1220 3317 1289 ἀγῶνα
3347 1219 3686 1288 ἀγωνίζεται,

2119 1308 2213 1362 καί
2237 1311 2606 1381 κατεφρόνησε
2629 1311 2724 1364 τοῦ
2756 1311 2894 1381 βίου,
2923 1312 3000 1374 ὡς
3023 1311 3108 1365 ἔτι
3129 1311 3499 1381 δυνατωτέρα.
3548 1312 3687 1381 Ἔχει

2118 1399 2176 1453 δὲ
2208 1399 2522 1471 παρθενίαν,
2550 1402 2644 1455 καὶ
2669 1401 3021 1470 ὑπερδοξάζει
3040 1402 3138 1472 τὴν
3167 1403 3429 1472 τοιαύτην
3449 1403 3686 1471 ὲνάρετόν

2119 1501 2242 1538 τινα
2279 1482 2464 1550 οὖσαν,
2507 1488 2601 1541 καὶ
2657 1489 2842 1561 πτερῷ
2880 1492 3197 1560 κουφοτάτῳ
3243 1491 3680 1560 κεκοσμημένην.

2124 1577 2274 1644 Ἔχει
2318 1577 2758 1648 ἀποταξαμένους
2801 1579 2879 1650 τῷ
2926 1582 3134 1651 κόσμῳ,
3184 1581 3279 1634 καὶ
3314 1581 3393 1651 μὴ
3433 1598 3686 1650 πεφυσια-

2122 1665 2352 1734 σμένους
2391 1667 2531 1721 κατά
2553 1669 2662 1722 τῶν
2687 1668 2766 1722 ἔτι
2808 1672 2866 1723 ὲν
2899 1671 3088 1738 κόσμῳ
3129 1670 3518 1741 ὑπαρχόντων,
3556 1671 3681 1725 ἀλλὰ

2124 1757 2411 1827 χαίροντας
2439 1761 2550 1822 τοῖς
2572 1759 2831 1824 τοιούτοις
2852 1778 2865 1792 ·
2896 1761 3147 1831 καθάπερ
3177 1761 3273 1815 καὶ
3304 1762 3355 1814 oi
3387 1761 3683 1822 ἀπόστολοι.

2123 1846 2276 1900 αὐτοὶ
2305 1848 2402 1916 μὲν
2422 1848 2560 1919 ἀκτή
2570 1866 2730 1918 μονες
2750 1850 3104 1920 ὑπάρχοντες.
3152 1851 3262 1904 Καὶ
3282 1851 3446 1913 αὐτὸς
3470 1850 3684 1920 όΣωτὴρ

2129 1936 2345 1989 πάντων
2363 1937 2642 2008 Δεσπότης
2668 1938 2763 2003 ὢν,
2786 1942 2843 1992 ὲν
2878 1941 3042 2010 σαρκὶ
3068 1941 3384 2011 γενόμενος,
3415 1942 3569 1994 οὐδὲν
3591 1941 3685 1994 ἀπὸ

2123 2025 2222 2095 τῆς
2254 2027 2358 2097 γῆς
2390 2030 2696 2099 ἐκτήσατο·
2736 2030 2850 2084 ἀλλ’
2875 2033 2975 2086 ούκ
3008 2033 3313 2086 ἀπεϐάλετο
3339 2033 3442 2096 τὰς
3471 2033 3614 2103 αύτῷ
3633 2050 3685 2086 τε

2125 2116 2219 2168 καὶ
2252 2119 2366 2179 τοῖς
2397 2119 2559 2173 αὑτοῦ
2591 2122 2858 2191 μαθηταῖς
2886 2122 3238 2188 διακονούτας
3269 2129 3556 2194 γυναῖκας.
3599 2125 3684 2177 Δέ-

2123 2220 2208 2270 γει
2233 2206 2342 2277 γάρ
2363 2223 2377 2238 ο
2418 2209 2649 2273 Αἵτινες
2669 2211 3094 2279 ἠκολούθησαν
3117 2211 3279 2278 αὐτῷ
3307 2215 3428 2268 ἀπὸ
3457 2213 3564 2281 τῆς
3587 2216 3685 2267 I‘a-

2123 2296 2383 2362 λιλαίας,
2425 2297 2813 2354 διακονοῦσαι
2849 2301 3009 2367 αὐτῷ
3045 2304 3142 2356 καὶ
3205 2303 3331 2368 τοῖς
3361 2306 3491 2372 μετ’
3518 2303 3684 2357 αὑτοῦ

2123 2381 2241 2436 ἀπὸ
2266 2385 2382 2438 τῶν
2402 2387 2565 2438 ἰδίων
2587 2390 2996 2456 ὑπαρχόντων.

2118 2487 2239 2541 quae
2275 2475 2378 2530 sibi
2416 2491 2480 2530 ac
2531 2478 2646 2533 suis
2680 2478 2940 2548 apostolis
2991 2478 3389 2532 ministrarent.
3440 2476 3518 2530 Ita
3559 2476 3684 2530 enim

451 2566 712 2635 scriptum
754 2578 880 2623 est:
922 2569 1053 2634 Quae
1088 2567 1295 2637 quidem
1334 2577 1525 2621 secuta:
1553 2565 1765 2635 [nerant
1793 2564 1947 2618 illum
1992 2583 2025 2620 a
2061 2565 2309 2636 Galilwa,
2358 2573 2713 2627 ministrantes
2738 2574 2842 2642 ipsi
2886 2583 2937 2626 et
2981 2574 3046 2626 iis
3091 2574 3180 2644 qui
3219 2589 3342 2625 cunt
3424 2587 3485 2626 eo
3530 2574 3688 2641 erant,

451 2663 514 2716 de
551 2662 661 2715 suis
699 2661 1044 2729 facultatibus
1085 2662 1127 2713 ³.

524 2751 611 2806 ιν.
654 2752 806 2819 Quod
831 2753 935 2808 nisi
963 2754 1034 2806 ita
1069 2767 1128 2807 se
1158 2769 1245 2807 res
1283 2751 1522 2816 haberet,
1545 2752 1636 2821 qui
1672 2751 1888 2805 tandem
1920 2751 2022 2804 im-

454 2847 586 2916 pleri
615 2855 799 2915 posset
826 2847 956 2900 illud
991 2865 1004 2900 :
1049 2846 1224 2900 Venite
1255 2845 1323 2898 ad
1349 2845 1614 2898 dexteram
1647 2861 1837 2905 meam,
1878 2843 2025 2896 bene-

2201 2751 2273 2804 A'.
2334 2749 2488 2802 Ἐπεὶ
2530 2750 2646 2813 πῶς
2688 2750 2795 2823 ἄρα
2825 2749 3240 2822 πληρωθήσεται
3281 2751 3339 2802 τι
3377 2751 3690 2821 εἰρημένον·

2130 2839 2306 2893 Δεῦτε
2329 2841 2397 2894 ἐκ
2426 2842 2636 2907 δεξιῶν
2646 2862 2786 2912 μου,
2817 2848 2870 2898 οἱ
2893 2844 3308 2914 εὐλογημένοι.
3336 2839 3474 2909 οἴςό
3498 2844 3694 2914 Πατήρ

453 2936 603 3000 dicti,
649 2937 834 3006 quibus
875 2935 1036 2990 Pater
1071 2954 1213 2990 naeus
1247 2937 1465 2990 cwlestis
1503 2938 1708 3005 paravit
1745 2951 1960 3005 regnum
1990 2953 2021 2988 a

2132 2948 2242 2998 μου
2270 2933 2302 2982 ό
2345 2931 2623 2999 οὐράνιος
2669 2933 2836 2988 ἔθετο
2869 2936 2983 3003 τὴν
3019 2936 3343 2999 ,βασιλείαν
3369 2935 3480 3002 πρὸ
3520 2951 3696 2988 κατα-

454 3027 823 3081 constitutione
867 3027 1071 3082 mundi.
1108 3028 1319 3082 Esurivi
1357 3030 1518 3094 enim,
1557 3038 1605 3082 et
1637 3027 1856 3082 dedistis
1899 3028 2025 3081 mihi

454 3119 814 3183 manducare;
859 3121 1021 3186 sitivi,
1059 3129 1109 3174 et
1149 3119 1370 3175 dedistis
1429 3121 1558 3174 nti/ti
1602 3120 1809 3184 bibere;
1853 3118 2024 3173 nudus

389 3199 393 3206 ’
455 3209 549 3275 fni,
574 3220 623 3264 et
649 3213 986 3279 cooperuistis
1013 3229 1092 3266 me
1117 3211 1321 3278 ’?Qua:
1343 3213 1523 3266 omnia
1547 3212 1820 3282 quomodo
1848 3211 2028 3265 facere

454 3301 671 3357 tandem
703 3305 1027 3372 potuissent,
1079 3304 1184 3358 nisi
1218 3305 1383 3373 justis
1413 3319 1477 3357 ex
1514 3304 1813 3368 laboribus,
1862 3311 2026 3373 atque

453 3411 517 3446 ex
559 3395 783 3464 privatis
812 3397 1304 3464 facultatibusjure
1341 3394 1674 3464 comparatis
1717 3393 1906 3449 eadem
1937 3395 2028 3447 illa

455 3483 876 3552 prmstitissent?
907 3484 1062 3548 Quod
1096 3484 1141 3538 si
1177 3483 1288 3546 isti,
1337 3484 1430 3552 qui
1483 3483 1640 3537 bonis
1673 3498 1732 3536 sc
1776 3483 2030 3538 omnibus

457 3573 734 3635 abdicant,
771 3581 824 3627 et
857 3574 1215 3642 apostolicum
1261 3574 1385 3628 vitae
1430 3589 1602 3644 genus
1647 3573 2025 3638 instituerunt,

458 3663 580 3716 aliis
608 3670 792 3717 essent
831 3661 1074 3727 admisti,
1111 3679 1216 3718 non
1258 3663 1431 3718 aliena
1480 3671 1626 3718 esset
1675 3663 1766 3717 illa
1815 3662 2031 3717 vivendi

459 3753 618 3820 ratio,
673 3771 848 3825 neque
885 3770 917 3808 a
950 3755 1151 3810 divinis
1194 3755 1424 3825 legibus,
1463 3770 1526 3810 ac
1568 3756 1900 3826 praescriptis
1933 3755 2031 3809 ab-

458 3843 734 3912 horreret;
769 3860 831 3900 ac
866 3847 911 3900 si
954 3845 1214 3900 uxoribus
1250 3847 1472 3916 insuper
1513 3861 1622 3915 prae
1665 3845 2034 3915 temperantia:

460 3940 644 3995 studio
687 3941 1086 4002 renuntiarent,
1128 3938 1397 3992 laudabile
1431 3946 1576 3992 esset
1608 3936 1917 3991 institutum
1966 3936 2032 3988 il-

461 4033 576 4096 lud,
617 4047 715 4102 pro
760 4048 824 4086 eo
870 4029 1016 4099 quod
1066 4030 1284 4099 nuptias
1339 4029 1563 4082 minime
1609 4029 2029 4082 detestarentur.

463 4123 570 4178 Sed
610 4139 732 4177 eum
785 4121 946 4191 509
997 4121 1065 4176 iis
1111 4120 1204 4190 qui
1258 4117 1605 4172 matrimonia
1661 4117 2035 4170 contraxerint

460 4215 897 4268 communionem
930 4212 1128 4266 habere
1160 4211 1376 4276 vellent,
1420 4209 1564 4278 quod
1604 4207 2036 4276 uniuscujusque

2129 3020 2316 3088 ϐολῆς
2345 3023 2600 3092 κόσμου.
2662 3026 2978 3079 Ἐπείνασα
3006 3026 3132 3095 γὰρ,
3174 3025 3271 3079 καὶ
3308 3025 3564 3078 ἐδώκατέ
3602 3045 3694 3096 μοι

2127 3113 2366 3183 φαγεῖν
2393 3114 2684 3184 ἐδίψησα,
2719 3118 2815 3170 καὶ
2862 3116 3176 3171 ἐποτίσατέ
3192 3134 3268 3186 με
3288 3133 3302 3147 ⁸
3336 3117 3584 3186 γυμνὸς,
3609 3119 3692 3172 καὶ

2129 3205 2505 3273 περιεϐάλετέ
2535 3223 2646 3276 με;
2688 3208 2857 3262 Πόθεν
2883 3209 2940 3262 δὲ
2966 3201 3108 3261 οὗτοι
3139 3207 3312 3261 ταῦτα
3353 3203 3499 3278 εἶχον
3531 3211 3694 3280 πράτ-

2129 3314 2261 3360 τειν,
2297 3299 2344 3349 εί
2376 3297 2449 3369 μὴ
2483 3298 2589 3352 ἀπὸ
2624 3298 2845 3352 δικαίων
2878 3300 3050 3352 πόνων
3098 3299 3409 3358 ἐπετέλουν.
3464 3301 3555 3352 καὶ
3600 3301 3692 3352 ἀπὸ

2131 3388 2236 3441 τῶν
2277 3389 2420 3441 ίδίων
2459 3389 2743 3459 ύπάρξεων
2781 3393 2839 3444 ὲν
2879 3393 2942 3460 τῇ
2973 3390 3322 3464 δικαιοσύνῃ;
3360 3391 3474 3445 Καὶ
3521 3393 3567 3444 εξ
3610 3392 3692 3461 μὲν

2131 3479 2305 3543 αὐτοὶ,
2345 3481 2766 3552 ἀποταξάμενοι,
2801 3483 2894 3536 καὶ
2920 3483 3272 3536 ἀποστολικὸν
3296 3483 3412 3552 βίον
3446 3483 3690 3553 βιοῦντες,

2136 3571 2274 3641 μετά
2297 3571 2403 3624 τῶν
2433 3572 2606 3626 ἄλλων
2638 3569 2778 3643 ἦσαν
2820 3573 3165 3645 μεμιγμένοι,
3198 3576 3298 3628 ούκ
3334 3576 3612 3649 ἀλλότριος
3635 3573 3689 3646 ἦν

2132 3663 2161 3715 ό
2191 3662 2496 3734 χαρακτὴρ,
2531 3662 2652 3716 οὔτε
2683 3664 2790 3717 ἀπὸ
2815 3664 2914 3732 τῆς
2945 3665 3036 3718 τοῦ
3068 3664 3200 3718 Θεοῦ
3258 3665 3558 3731 διατάξεως
3588 3669 3680 3720 άπ-

2132 3753 2492 3825 εξενωμένοςο
2545 3755 2638 3808 καὶ
2658 3756 2704 3807 εἰ
2747 3755 2990 3823 γυναιξὶν
3036 3756 3372 3820 ἀπετάξαντο
3404 3757 3684 3828 δι’ἐκγρά-

2131 3860 2301 3926 τξιαν,
2342 3843 2593 3913 ἐπαινετὴ
2625 3840 2692 3914 ἦν
2723 3846 2753 3914 ἡ
2787 3845 3180 3917 προειρημένη,
3209 3847 3366 3918 εἴπερ
3399 3847 3492 3900 τὸν
3532 3849 3690 3918 γάμον

2133 3935 2233 3986 ούκ
2263 3934 2662 3988 ἐϐδελύσσοντο.
2711 3936 2868 3989 Ἄλλά
2899 3941 3009 4001 τοῖς
3039 3937 3116 3990 ἔτι
3149 3940 3206 3990 ἐν
3232 3940 3395 4009 γάμῳ
3436 3943 3696 4002 κοινωνοῖς

2135 4026 2434 4095 ἐχρήσαντο
2465 4025 2550 4088 ἂν,
2577 4027 2778 4090 ειδότες
2805 4029 3035 4081 ἑκάστου
3065 4029 3126 4081 τὸ
3154 4029 3353 4100 μέτρον
3380 4033 3475 4084 καὶ
3495 4031 3596 4101 τὴν
3616 4031 3698 4083 τάς

2137 4113 2238 4177 ξιν.
2283 4114 2344 4166 Ἦ
2368 4114 2476 4186 γὰρ
2500 4116 2593 4168 τοῦ
2629 4116 2764 4170 Θεοῦ
2794 4118 2925 4182 ναῦς
2954 4120 3129 4172 πάντα
3172 4121 3440 4192 ἐπιϐάτην
3478 4121 3698 4190 δέχεται.

2137 4203 2260 4274 δίχα
2288 4203 2505 4277 λῃστοῦ.
2543 4207 2746 4260 Γνοῦσα
2792 4208 2899 4279 γὰρ
2938 4209 3139 4282 λῃστὴν
3161 4212 3253 4264 καὶ
3279 4213 3564 4282 πειρατὴν,
3593 4207 3703 4264 τοῦ·

461 4320 774 4360 mensuram
823 4305 1181 4372 ordinemque
1231 4307 1644 4373 cognoscerent.
1695 4298 1787 4354 Dei
1833 4299 2028 4368 quippe

2138 4313 2229 4349 τον
2256 4298 2356 4349 ούκ
2393 4299 2712 4368 εἰσδέχεται,
2746 4301 2865 4352 οὐδὲ
2894 4302 3129 4370 φυγάδα,
3166 4303 3260 4355 καὶ
3294 4304 3403 4356 ἀπὸ
3431 4305 3541 4357 τῶν
3572 4305 3706 4357 ἰδίων

464 4397 620 4450 navis
650 4403 932 4448 vectorum
977 4409 1148 4463 genus
1193 4409 1354 4447 omne
1401 4391 1746 4462 praedonibus
1796 4389 2038 4458 exceptis

463 4486 720 4540 admittit.
769 4483 943 4550 Quem
989 4484 1132 4538 enim
1167 4468 1477 4553 praedonem
1511 4497 1574 4536 ac
1606 4483 1835 4551 piratam
1867 4494 2037 4550 agno-

462 4579 621 4644 verit,
673 4590 1018 4647 nequaquam
1075 4577 1302 4644 recipil,
1359 4591 1536 4644 neque
1585 4573 1891 4644 fugitivum,
1943 4579 2038 4626 aut

463 4688 610 4732 cunt,
644 4671 737 4740 qui
775 4669 1122 4724 dominorum
1169 4683 1392 4723 suorum
1423 4668 1742 4722 servitutem
1781 4681 2039 4720 excusse-

467 4765 556 4814 rit.
592 4761 672 4813 Ad
713 4759 964 4815 eumdem
1003 4759 1224 4812 modum
1266 4758 1509 4813 Ecclesia
1561 4757 1652 4812 Dei
1700 4773 1874 4825 neque
1927 4755 2038 4809 fur-

469 4853 794 4907 nicationem
828 4851 1086 4914 admittit,
1134 4867 1233 4905 nec
1277 4851 1623 4913 adulterium,
1655 4862 1830 4918 neque
1869 4846 2038 4900 divini

467 4943 718 4998 Numinis
753 4943 1135 5014 cjurationem,
1170 4958 1268 4998 nec
1314 4958 1410 4997 eos
1438 4943 1530 5012 qui
1580 4941 1694 5002 Dei,
1728 4947 1892 5010 atque
1920 4939 2039 5008 ejus

470 5039 836 5107 apostolorum
867 5038 1180 5093 sanctiones
1214 5052 1277 5090 ac
1305 5036 1518 5090 decreta
1549 5033 1887 5088 rescindunt.
1919 5031 2040 5087 Ca2—

540 5195 554 5223 ³
592 5193 754 5248 llebr.
791 5209 910 5258 xm,
941 5194 993 5250 4.

545 5352 654 5424 (19)
695 5353 800 5406 Καὶ
835 5352 905 5406 τὰ
933 5354 1362 5424 ἐγκυλίσματα.
1415 5346 1525 5401 Nos
1580 5347 1836 5424 pleraque
1885 5359 2049 5424 voca-

472 5416 724 5491 buiorutn
755 5416 984 5475 istorum
1007 5416 1246 5491 explicat
1261 5423 1425 5491 intus,
1439 5416 1723 5491 quomodo
1755 5416 2047 5491 potuimus.

473 5489 710 5566 [felicius
747 5492 815 5566 id
835 5484 1168 5566 praestabunt
1195 5491 1308 5552 alii,
1339 5484 1538 5566 quibus
1571 5500 1631 5566 ea
1662 5487 1881 5566 Inoti‘ora
1931 5484 2042 5537 fue-

475 5563 606 5617 rint.
659 5561 764 5616 Pro
803 5556 1178 5635 εγκυλίσματα
1209 5558 1533 5635 suspicabar
1572 5556 2052 5635 ωειχελύσματα,

479 5649 612 5706 qua;
647 5625 1011 5706 suntlfolluci
1035 5625 1136 5706 lib.
1172 5646 1210 5691 ι,
1243 5625 1363 5696 cap.
1392 5626 1444 5692 9,
1477 5625 1809 5706 statumina..
1840 5625 1906 5674 At
1951 5639 2054 5706 pro

481 5693 675 5770 όκνῶν,
715 5703 906 5766 όλκῶν,
943 5715 1064 5771 qua:
1109 5700 1251 5754 inter
1281 5693 1508 5751 ναυτικὰ
1547 5693 1714 5762 σκεύη
1763 5693 1830 5748 ab
1866 5693 2054 5748 eodem

1076 5197 1096 5226 ¹
1123 5192 1254 5246 Luc.
1312 5205 1429 5255 vni,
1455 5189 1512 5242 3.
1585 5188 1604 5218 ³
1639 5187 1830 5241 Matth.
1861 5203 1985 5252 xxv,
2016 5187 2105 5241 54.

2137 4389 2409 4442 δεσποτῶν
2451 4390 2835 4461 ἀφηνιάζοντα.
2879 4393 3034 4446 Οὕτω
3067 4396 3158 4447 καὶ
3205 4398 3238 4466 ἡ
3288 4396 3421 4463 ἁγία
3454 4395 3546 4448 τοῦ
3580 4394 3706 4448 Θεοῦ

2153 4481 2448 4552 Ἐκκλησία
2475 4484 2535 4536 ού
2567 4483 2777 4553 δέχεται
2811 4487 3085 4556 πορνείαν,
3117 4487 3175 4538 ού
3207 4486 3418 4556 δέχεται
3452 4488 3707 4557 μοιχείαν,

2141 4575 2202 4626 ού
2224 4573 2434 4644 δέχεται
2470 4576 2912 4648 ὲπαρνησιθεῒαν,
2946 4578 3068 4630 οὐδὲ
3101 4579 3228 4640 τοὺς
3258 4577 3591 4639 ἁθετοῦντας
3622 4576 3711 4644 τὴν

2142 4664 2461 4718 δεσποτείαν
2508 4667 2606 4736 τῆς
2654 4667 2748 4720 τοῦ
2783 4667 2916 4722 Θεοῦ
2951 4667 3244 4734 διατάξεως
3277 4669 3371 4721 καὶ
3413 4668 3523 4720 τῶν
3555 4665 3708 4721 αύτοῖ

2147 4757 2478 4813 ἀποστόλων.
2534 4759 2756 4828 Δέχεται
2781 4759 2838 4813 δὲ
2865 4761 2955 4813 τὸν
2989 4763 3084 4830 μὲν
3114 4764 3170 4814 ὲν
3219 4759 3430 4832 μεγάλῃ
3461 4777 3712 4829 πραγμα-

2145 4847 2286 4918 τείᾳ,
2316 4847 2404 4900 τὸν
2431 4847 2486 4900 δὲ
2507 4849 2564 4900 ὲν
2591 4850 2851 4922 ἐμπειρίᾳ
2875 4851 3157 4914 ναυτίλων,
3175 4851 3268 4902 τὸν
3296 4849 3350 4901 δὲ
3381 4848 3716 4918 κυϐερνήτῃ»

2147 4939 2239 4992 καὶ
2260 4940 2454 5010 ὲπιστή
2464 4957 2621 5010 μονα,
2639 4941 2728 4993 τὸν
2749 4942 2804 4994 δὲ
2821 4942 2878 4995 ἐν
2905 4943 3176 5014 πρωρικῇ,
3199 4942 3293 4995 τὸν·
3312 4941 3366 4994 δὲ
3395 4941 3454 4992 ὲν
3475 4940 3717 5008 πρύμνῃ.

2147 5031 2335 5103 ἔχοντα
2379 5031 2440 5084 τὸ
2484 5032 2875 5104 ἐμπειρότατον
2911 5034 3008 5102 τῆς
3059 5033 3401 5102 άποσκοπῆς,
3437 5032 3531 5084 τὸν
3575 5031 3632 5081 δὲ
3670 5032 3720 5081 ὲ.)

2205 5185 2226 5216 ’⁵
2267 5185 2326 5240 F.
2356 5186 2692 5258 χελύσματα.

2152 5355 2560 5412 percensentur,
2596 5344 2690 5396 lib.
2728 5360 2780 5406 χ,
2811 5358 2932 5412 cap.
2968 5343 3056 5396 50.
3081 5342 3142 5394 Et
3174 5341 3373 5412 Snidas
3405 5339 3482 5412 ait
3511 5355 3637 5412 esse
3667 5335 3721 5386 τὺ

2147 5409 2246 5483 τῆς
2279 5415 2527 5491 τρόπιδος
2555 5414 2784 5491 ξκταμα.
2820 5409 3102 5491 Postremo
3140 5411 3317 5491 αύχήχ
3344 5409 3552 5491 Polluci
3607 5421 3720 5476 pars

2150 5479 2232 5538 est
2258 5479 2499 5553 quaedam
2531 5479 2705 5544 clavi,
2725 5485 2839 5538 sive
2871 5479 3243 5553 gubernaculi.
3271 5479 3581 5553 Eustathio
3600 5489 3720 5528 vero

2152 5549 2325 5624 αὺχῆν
2365 5562 2418 5608 ct
2451 5553 2692 5623 αὐχένων
2746 5568 2843 5622 pro
2877 5549 3004 5624 toto
3037 5550 3411 5620 gubernaculo
3444 5549 3678 5604 sumitur
3706 5561 3719 5594 :

2156 5601 2454 5696 qtl’titi'iliiic
2491 5601 2608 5678 ideo
2645 5601 3054 5692 nonrcongruit:
