3948 6068
268 168 414 228 10ιὸ

945 179 1317 241 ADVERSUS
1352 189 1694 246 ΗΕΒεὸεὸ
1724 190 1822 245 Llﬂ

1928 189 1956 244 Γ.
2000 187 2160 245 TOR].
2203 186 2243 242 Ι.
2286 217 2352 228 -
2401 186 2674 246 ΗΔΖΒΕΒ.
2720 190 2858 244 LXI.

3386 191 3524 247 ιοισ

268 287 456 358 μέτρῳ
476 287 586 342 τινὶ
609 289 956 360 ὑποστάσεως
989 300 1081 352 καὶ⁵
1099 301 1340 374 ἐνθήκης
1365 305 1515 372 δντα,
1552 307 1644 362 τὸν
1673 308 1729 362 δὲ
1755 325 1822 360 κα

1952 313 2128 361 terum
2163 320 2230 360 ex
2262 305 2576 361 vectoribus
2605 305 2713 361 illis
2741 304 2914 360 alium
2947 304 3298 376 adima'gnam
3327 321 3519 374 quam-

263 376 371 441 ἕως
393 377 498 470 ,τοῦ
529 379 854 452 διαπεράσαι
883 386 1064 456 μόνον,
1093 393 1185 446 καὶ
1219 394 1294 464 μὴ
1321 395 1380 449 ἐν
1408 397 1650 470 θαλάσσῃ
1673 415 1842 452 κατα⁶

264 469 624 540 ποντωθῆναι.
679 473 792 526 Καὶ
818 475 878 527 οὐ
919 478 1138 544 πάντως
1164 482 1247 534 ὅτι
1289 484 1351 536 τὸ
1382 487 1457 557 μὴ
1487 487 1722 542 τοσαῦτα
1749 506 1842 542 κε-

262 559 519 630 κτημένῳ
563 561 664 632 τὴν
717 566 990 636 σωτηρίαν
1028 569 1088 621 οὐ
1131 573 1392 643 παρέχει*
1444 576 1558 630 ἀλλ’
1593 573 1698 631 οἶδε
1741 579 1840 649 μὲν

260 649 469 741 πάντας
499 649 713 741 σώζειν,
748 654 978 710 ἕκαστον
1007 659 1064 711 δὲ
1111 662 1252 715 κατὰ
1293 663 1390 735 τὴν
1423 665 1557 721 ἰδίαν
1582 685 1840 741 πραγμα-

258 737 408 790 τείαν
441 739 538 792 καὶ
567 741 862 812 σωτηρίαν.
896 747 1004 798 Καὶ
1034 748 1197 804 πόθεν
1222 753 1272 803 οί
1296 753 1353 818 ἐξ
1375 755 1552 818 οἰκίας
1578 737 1672 809 τοῦ
1701 737 1836 810 Καί-

259 846 425 901 σαρος
449 831 788 895 ἀσπάζονται
813 838 964 908 παρὰ
989 839 1066 910 τῷ
1101 841 1442 914 Ἀποστόλῳ;
1477 847 1647 900 Πόθεν
1679 848 1735 900 δὲ
1757 848 1836 919 τῷ

269 921 574 990 Ἀποστόλῳ
599 922 660 976 τὸ
691 927 1000 997 εἰρημένον,
1041 934 1122 994 τὸ,
1167 933 1301 988 Ἐὰν
1331 935 1535 1006 νομίζῃ
1565 939 1834 1008 ἀσχημο-

255 1010 386 1066 νεῖν
417 1011 518 1065 ἐπὶ
548 1013 664 1082 τὴν
697 1015 856 1070 ιδίαν
897 1020 1212 1088 παρθένον,
1257 1025 1357 1078 καὶ
1393 1027 1580 1093 οὕτως
1611 1029 1834 1096 ὀφείλει

253 1102 535 1172 ποιῆσαι,
574 1108 854 1174 γαμείτωο
897 1113 1012 1180 οὐχ
1053 1115 1403 1183 ἀμαρτάι·ει;
1443 1118 1556 1170 Οὐκ
1597 1119 1752 1182 ἐκτὸς
1776 1119 1833 1172 δέ

253 1191 480 1263 λουτροῦ
539 1195 759 1251 δύναται
809 1199 1047 1273 πληροῦν
1110 1206 1168 1258 τὸ
1215 1208 1313 1278 οὐχ
1365 1209 1716 1280 ἁμαρτάνειν.
1763 1213 1833 1265 El

253 1284 362 1352 γὰρ
389 1284 613 1354 πάντες
637 1288 918 1358 ἥμαρτον,
950 1297 1047 1349 καὶ
1082 1299 1474 1366 ὑστεροῦνται
1505 1302 1617 1369 τῆς
1649 1301 1832 1369 δόξης

253 1372 370 1460 τοῦ
405 1375 572 1440 Θεοῦ,
613 1375 1012 1449 δικαιούμενοι
1045 1384 1273 1451 δωρεὰν
1308 1387 1380 1456 τῇ
1422 1388 1616 1457 χάριτι
1643 1389 1830 1460 ,δῆλον

250 1456 337 1550 διὰ
361 1457 585 1550 λουτροῦ
610 1463 1050 1534 παλιγγενεσίας.
1081 1471 1155 1524 Τὸ
1181 1472 1290 1544 γὰρ
1310 1456 1531 1548 λουτρὸν
1553 1456 1829 1550 ἐκόσμτισε

1943 397 2067 451 dam
2121 396 2540 467 negotiationem
2582 395 2888 452 obeundam
2935 395 3189 462 adhibet,
3241 398 3406 451 alium
3448 397 3518 452 ad

1941 488 2193 544 nauticos
2226 501 2381 551 usus,
2414 487 2834 558 gubernatorem
2865 485 3032 541 alium
3062 487 3382 553 constituit;
3431 495 3516 540 at-

1940 593 2045 648 que
2076 580 2242 632 alium
2279 593 2480 648 prorae,
2515 579 2681 632 alium
2709 578 2873 650 puppi
2905 577 3159 649 praeﬁcit;
3188 579 3282 650 qui
3317 593 3514 649 specu-

1938 667 2084 723 landi
2137 669 2412 739 praecipua
2455 669 2688 738 quadam
2733 670 2804 726 sit
2852 670 3184 740 experientia
3234 670 3522 739 praeditus.-

1937 757 2116 810 Alium
2163 757 2312 811 velut
2358 756 2509 812 faecis
2543 758 2918 828 merciumque
2962 758 3080 813 loco
3121 758 3301 812 habet.
3333 757 3514 811 Alium

1937 847 2173 917 denique
2224 848 2612 904 transvehendi
2666 849 2839 904 solum
2870 851 3046 920 gratia
3082 849 3293 918 recipit,
3340 865 3407 902 ne
3455 849 3532 902 in.

1939 936 2075 990 mari
2113 937 2482 1006 demergatur.
2516 935 2628 991 Nec
2657 938 2767 991 ulla
2809 938 3034 992 omnino
3059 938 3376 1006 exceptione
3404 939 3512 989 nti-

1936 1035 2048 1089 tur,
2085 1037 2143 1081 ut
2170 1028 2219 1081 ei
2261 1028 2354 1097 qui
2408 1035 2615 1081 tantum
2668 1041 2775 1080 non
2825 1027 3118 1097 possideat,
3152 1028 3344 1083 salutis
3369 1027 3509 1081 viam

1935 1115 2293 1183 intercludat;
2324 1118 2569 1187 quinimo
2600 1117 2670 1172 ita
2705 1117 2977 1173 universis
3015 1118 3165 1170 novit
3219 1118 3511 1173 conciliare

1934 1207 2186 1273 salutem,
2240 1217 2299 1261 ut
2342 1208 2526 1262 habita
2580 1209 2849 1277 cujusque
2897 1207 3194 1264 functionis
3223 1222 3288 1262 ac
3319 1208 3510 1263 salutis

1933 1298 2144 1352 ratione
2187 1305 2495 1354 conservet.
2545 1297 2761 1368 Alioqui
2806 1313 2905 1351 cur
2944 1298 3038 1367 qui
3085 1313 3116 1353 e
3153 1296 3356 1352 familia
3390 1297 3508 1352 Cm.-

1932 1388 2072 1443 saris
2117 1395 2275 1442 erant
2303 1388 2532 1442 salutem
2562 1387 2706 1457 apud
2737 1388 3058 1457 Apostolum
3091 1388 3283 1443 dicunt
3317 1389 3374 1441 '?
3401 1391 3508 1442 Aut

1932 1478 2076 1533 unde
2105 1478 2464 1549 apostolicum
2514 1477 2648 1533 illud
2678 1478 2884 1533 dictum
2913 1497 2927 1533 :
2959 1478 3019 1533 Si
3055 1479 3173 1548 quis
3206 1488 3360 1544 putat
3397 1488 3509 1531 tur-

248 1546 347 1642 τὴν
375 1549 553 1623 ψυχὴν
602 1557 694 1608 καὶ
725 1557 785 1610 τὸ
822 1558 1003 1630 σῶμα,
1034 1562 1340 1618 ἀπολοῦσαν
1368 1546 1478 1621 πάν
1526 1546 1822 1642 ἁμάρτημα

1928 1585 2044 1638 pem
2102 1546 2157 1624 se
2192 1568 2357 1624 videri
2385 1585 2540 1638 super
2568 1570 2766 1640 virgine
2798 1587 2918 1635 sua,
2943 1580 2992 1624 et
3031 1546 3107 1623 ita
3135 1570 3308 1638 facere
3335 1569 3509 1632 debet,

246 1633 337 1732 διὰ
366 1642 674 1732 μετανοίας.
708 1646 850 1716 ’Λρα
878 1664 941 1716 γε
973 1651 1068 1702 καὶ
1093 1651 1187 1704 ἐπὶ
1217 1653 1316 1726 τὴν
1349 1653 1516 1711 οὖσαν
1554 1633 1822 1731 παρθένον

1931 1662 2130 1726 nubat;
2153 1677 2255 1714 non
2287 1672 2464 1729 peccat
2503 1661 2544 1714 ⁸.
2583 1660 2694 1715 Hoc
2723 1661 2902 1732 ipsum
2936 1675 3084 1727 vero,
3117 1676 3227 1715 non
3281 1674 3509 1730 peccare

245 1721 307 1821 το
354 1723 602 1821 χάρισμα
643 1731 958 1804 ἐφήπλωται
1001 1737 1095 1791 τοῦ
1148 1721 1539 1814 βαπτίσματος,
1591 1721 1685 1802 καὶ
1729 1750 1822 1803 ἐπὶ

1931 1754 2068 1808 citra
2097 1721 2430 1820 baptismum
2459 1751 2694 1806 obtineri
2743 1721 2853 1805 non
2901 1721 3102 1821 potest.
3134 1721 3326 1806 Omnes
3366 1749 3507 1804 enim

395 1820 517 1912 οὐκ
543 1818 708 1876 οὖσαν
754 1827 1040 1897 παρθένον,
1073 1831 1502 1900 σφραγίζεσθαιι
1549 1839 1822 1908 ἐπείγεται

1929 1814 2298 1912 peccaverunt,
2341 1850 2390 1895 et
2442 1851 2588 1912 egent
2628 1842 2802 1911 gloria
2854 1814 2982 1904 Dei,
3017 1842 3305 1910 justi/ictui
3338 1839 3511 1910 gratis

242 1905 335 1960 διὰ
362 1908 422 1962 τὸ
451 1911 682 1984 ἀϐαρές.
1683 1905 1692 1908 ⁷

1930 1905 2026 2002 per
2053 1933 2283 2003 gratiam
2312 1933 2356 1999 ⁸,
2391 1905 2495 1986 hoc
2524 1939 2608 1987 est
2629 1905 2891 1987 secunda:
2915 1905 3380 2002 quadamtlotionve
3410 1944 3505 2000 8ου

243 2005 566 2096 nerationis.
621 2007 754 2074 Quae
781 2011 999 2081 quidem
1052 2015 1185 2071 lotio
1216 2031 1378 2074 omne
1425 2035 1522 2090 per
1552 2022 1928 2090 pmnitentiam
1987 2032 2274 2096 peccatum
2325 2024 2538 2088 eluens,
2593 2025 2835 2078 animum
2873 2037 2938 2077 ae
2997 2037 3201 2092 corpus
3253 2027 3504 2077 exornat.

241 2093 609 2161 Quamobrem
653 2107 764 2156 tam
806 2104 872 2159 ad
914 2105 1178 2178 virginem
1209 2108 1463 2180 baptismi
1497 2114 1668 2183 gratia
1701 2115 1956 2182 pertinet,
1987 2093 2152 2187 quam
2187 2115 2254 2170 ad
2295 2131 2438 2179 eain,
2479 2130 2600 2185 qua:
2642 2115 2813 2185 virgo-
2853 2130 2963 2169 non
3019 2121 3122 2177 est,
3174 2128 3297 2184 quae
3367 2113 3505 2168 rele-

239 2189 431 2244 vandze
461 2191 545 2245 sui
577 2195 751 2264 gratia
780 2212 846 2252 eo
880 2215 941 2256 se
972 2201 1250 2273 obsignari
1296 2215 1644 2261 sacramento
1677 2207 1972 2264 desiderat.

313 2282 388 2334 E'.
446 2282 606 2338 Ἀλλὰ
635 2288 709 2358 μή
738 2304 883 2353 τινες
909 2291 1071 2346 πάλιν
1096 2293 1481 2365 ὑδαρευόμενοι
1504 2297 1819 2368 νομίσωσιν,

239 2371 339 2424 ἐὰν
378 2371 622 2444 εἴπωμεν
657 2377 787 2448 περὶ
833 2382 1104 2452 παρθένου
1129 2385 1478 2450 διατάξαντας
1521 2387 1615 2440 τοῦ
1660 2388 1819 2440 Ἀπο-

239 2462 429 2516 στόλου
457 2465 517 2518 τὸ
541 2467 740 2538 γῆμαι,
772 2471 848 2544 μὴ
867 2473 963 2544 τὴν
992 2475 1139 2544 ἅπαξ
1167 2477 1427 2550 όρίσασαν
1453 2479 1822 2550 παρθενεῦσαι

236 2555 359 2626 Θεῷ
380 2559 734 2614 κατασπάσαι
763 2563 857 2617 τοῦ
878 2565 1010 2619 ίδίου
1032 2568 1233 2639 δρόμου
1261 2570 1581 2643 βουλόμενος
1598 2573 1628 2623 ό
1662 2570 1822 2623 Ἀπό-

237 2650 426 2714 στολος
455 2652 627 2706 ταῦτα
665 2654 965 2722 διετάξατο.
1022 2661 1096 2714 Οὐ
1121 2662 1230 2732 γὰρ
1267 2663 1395 2733 περὶ
1427 2663 1633 2716 τούτων
1665 2665 1693 2715 ό
1737 2662 1822 2714 λό-

239 2757 354 2809 γος,
376 2741 512 2797 ἀλλὰ
541 2745 669 2816 περὶ
687 2747 968 2818 παρθένων
990 2750 1325 2824 ὑπεράκμων
1349 2754 1457 2808 τῶν
1487 2755 1547 2807 οὐ
1572 2753 1658 2807 διὰ
1689 2771 1822 2824 παρ-

237 2834 422 2888 θενίαν
455 2837 512 2887 ἐν
541 2839 608 2906 τῇ
641 2837 790 2910 ἀκμῇ
823 2843 1276 2912 παραμεινασῶν,
1309 2844 1447 2898 ἀλλὰ
1476 2846 1567 2899 διὰ
1590 2847 1652 2899 τὸ
1684 2849 1820 2916 ὴπο-

1995 2299 2060 2353 ν.
2104 2299 2298 2354 Verum
2340 2314 2406 2353 ne
2437 2299 2594 2353 diluti
2645 2298 2874 2352 nimium
2905 2306 2958 2352 et
3001 2297 3222 2367 insipidi
3255 2298 3504 2353 homines

1922 2389 2258 2453 existiment,
2310 2404 2433 2443 cum
2486 2389 2809 2458 Apostolum
2848 2387 3084 2442 dicimus
3123 2388 3345 2456 nuptias
3390 2388 3502 2441 vir-

1924 2481 2038 2552 gini
2067 2479 2490 2550 prmscripsisse,
2517 2477 2958 2533 eodem-decreto
3005 2484 3059 2532 et
3089 2476 3235 2530 illam
3281 2479 3504 2546 insuper

1926 2571 1994 2626 de
2023 2570 2302 2625 curriculo
2345 2584 2446 2623 suo
2479 2568 2716 2637 dejicere
2758 2567 3016 2632 voluisse,
3050 2583 3172 2636 qua;
3214 2567 3504 2637 virginita«

1926 2668 2036 2717 tem
2090 2659 2199 2716 Deo
2247 2661 2415 2716 semel
2453 2673 2777 2715 consecrare
2813 2659 3086 2714 statuerit.
3125 2657 3313 2728 Neque
3353 2657 3500 2713 enim

1927 2751 1995 2806 ad
2041 2765 2135 2806 eas
2178 2751 2511 2821 apostolicus
2544 2750 2635 2804 ille
2668 2764 2851 2804 sermo
2892 2748 3211 2804 referendus
3252 2757 3356 2812 est,
3407 2746 3502 2803 sed

1927 2840 1994 2895 ad
2022 2841 2209 2896 elfetas
2254 2841 2516 2911 virgines,
2545 2854 2665 2910 qua
2683 2855 2790 2893 non
2816 2854 3002 2894 amore
3024 2840 3371 2910 virginitatis,
3406 2838 3502 2893 sed

239 2925 468 2995 ρηκέναι
506 2926 716 2998 ἀνδρῶν
749 2930 885 3000 πρὸς
914 2931 1113 3002 γάμον.
1173 2934 1264 2998 Ἐξ
1299 2934 1567 2990 Ἰουδαίων
1595 2935 1705 3007 γὰρ
1739 2936 1822 3007 ὁρ-

1928 2931 2248 2986 maritorum
2297 2931 2503 3001 inopia,
2531 2931 2586 2985 in
2631 2931 2724 2984 illo
2769 2945 2871 2985 suo
2904 2929 3092 3001 vigore
3142 2928 3499 3000 perstiterint.

237 3015 481 3086 μώμενοι
504 3019 554 3070 oi
586 3019 895 3087 ἀπόστολοι,
919 3022 1011 3075 καὶ
1040 3023 1180 3076 κατὰ
1196 3025 1288 3079 τὸν
1315 3025 1476 3096 νόμον
1501 3025 1820 3081 πολιτευσά-

235 3125 414 3178 μενοι,
445 3109 545 3181 τὴν
587 3111 762 3182 ἀρχὴν
795 3111 888 3164 τοῦ
942 3112 1293 3184 κηρύγματος
1339 3116 1686 3186 ἐποιήσαντο,
1728 3117 1818 3170 θε-

236 3199 397 3267 σμοῖς
427 3197 507 3251 ἔτι
539 3200 892 3270 κατεχόμενοι
919 3205 1031 3266 τοῖς
1059 3204 1117 3256 ἐν
1149 3203 1226 3275 τῷ
1256 3205 1427 3275 νόμῳ,
1458 3206 1519 3259 οὐ
1553 3206 1694 3259 κατὰ
1722 3206 1820 3278 τὴν

234 3288 442 3358 σαρκὸς
476 3289 779 3365 δικαίωσιν,
830 3292 967 3346 ἀλλὰ
999 3293 1142 3348 κατὰ
1169 3294 1269 3366 τὴν
1295 3295 1508 3368 ἐμμελῆ
1532 3296 1626 3350 τοῦ
1654 3297 1819 3368 νόμου

233 3379 535 3447 ἀσφάλειαν
561 3382 655 3434 καὶ
681 3383 1082 3455 ἀκριϐολογίαν.
1135 3386 1478 3457 Θαυμαστῶς
1521 3389 1819 3461 ἐκήρυττεν

232 3470 261 3522 ό
298 3469 482 3540 νόμος,
515 3472 589 3542 μὴ
615 3472 800 3526 δοῦναι
822 3474 919 3539 τὰς
952 3475 1258 3546 θυγατέρας
1292 3477 1510 3549 Ἰσραὴλ
1535 3481 1648 3541 τοῖς
1667 3477 1822 3532 ἀλλο-

232 3559 446 3627 φύλοις,
482 3561 569 3614 ἴνα
620 3562 695 3634 μὴ
740 3564 1130 3618 ἀποπλανῶσιν
1171 3566 1342 3630 αὐτὰς
1380 3567 1474 3620 ἐπὶ
1501 3567 1566 3621 τὶ
1602 3567 1816 3622 εἴδωλα.

236 3650 512 3715 Ἕκαστος
555 3655 734 3707 τοίνυν
765 3654 874 3708 τῶν
913 3658 1321 3712 πιστευσάντων
1365 3659 1486 3712 τότε
1517 3662 1820 3731 προσετάτ-

230 3758 360 3795 τετο
372 3742 555 3795 οὐκέτι
580 3743 855 3810 Ἰουδαίοις
875 3747 1179 3801 ἐκδίδοσθαι
1194 3748 1292 3819 τὴν
1312 3747 1508 3802 ἐαυτοῦ
1531 3750 1818 3820 παρθένον,

232 3833 373 3888 ἀλλὰ
397 3835 745 3904 Χριστιανοῖς
765 3838 1041 3908 ὁμοδόξοις
1079 3841 1174 3893 καὶ
1194 3839 1564 3912 ὁμογνώμοσι.
1598 3842 1739 3894 Νέου
1763 3842 1820 3895 δὲ

231 3926 389 3990 ὄντος
415 3926 509 3979 τοῦ
529 3927 902 4000 κηρύγματος,
927 3929 1082 3983 οὔπω
1111 3930 1312 4002 πλῆθος
1344 3933 1482 3984 κατὰ
1504 3931 1669 3986 τόπον
1688 3935 1822 4004 Χρι-

234 4017 470 4071 στιανῶν
503 4019 715 4090 ὑπῆρχε
760 4021 851 4074 καὶ
877 4023 1267 4094 Χριστιανικῆς
1302 4023 1666 4089 διδασκαλίας.
1727 4025 1822 4080 Οἰ-

233 4127 381 4173 τινες
408 4107 502 4164 οὖν
532 4111 653 4163 τότε
687 4111 846 4182 ἔσχον
875 4113 1179 4186 θυγατέρας
1209 4115 1529 4186 παρθένους,
1561 4116 1636 4188 μὴ
1661 4119 1822 4174 εὐπο-

235 4199 458 4272 ροῦντες
493 4203 797 4258 ἐκδίδοσθαι
831 4206 1196 4276 Χριστιανοίς,
1230 4207 1526 4275 ἐφύλαττον
1563 4209 1662 4274 τὰς
1688 4211 1812 4263 ἐαυο

230 4293 342 4346 τῶν
368 4293 668 4365 παρθένους
712 4295 840 4369 ἄχρι
893 4296 1085 4350 πολλοῦ
1109 4296 1203 4351 τοῦ
1232 4298 1448 4370 χρόνου.
1496 4298 1728 4354 Ἐκείναι
1761 4301 1818 4355 δὲ

232 4387 725 4458 ὑπερακμάζουσαι
774 4387 1130 4460 περιέπιπτον
1160 4391 1386 4463 πορνείᾳ
1425 4391 1515 4447 διὰ
1541 4393 1640 4463 τὴν
1675 4394 1817 4448 κατὰ

229 4479 396 4549 φύσιν
433 4479 699 4552 ἀνάγκην.
760 4481 819 4534 '0
850 4481 980 4550 γοῦν
1029 4481 1374 4548 Ἀπόστολος,
1407 4483 1552 4553 όρῶν
1597 4487 1660 4536 τὸ
1690 4486 1816 4538 ἐπι-

229 4572 429 4644 ζήμιον
471 4573 558 4626 διὰ
606 4574 707 4644 τῆς
753 4573 1137 4644 ἀκριϐολογίας
1184 4576 1502 4646 συμϐαῖνον,
1547 4575 1814 4648 ἐπέτρεψε

228 4662 436 4730 λέγων·
460 4665 530 4718 Ei
553 4661 622 4716 δέ
654 4680 744 4729 τις
775 4664 1066 4728 ,ϐούλεται
1094 4663 1209 4733 τὴν
1245 4665 1464 4720 ἑαυτοῦ
1489 4665 1812 4735 παρθένον.

228 4757 342 4810 Καὶ
376 4755 476 4810 οὐκ
513 4751 654 4808 εἶπεν
712 4756 824 4825 Τὴν
862 4755 998 4809 ίδίαν
1045 4757 1364 4827 παρθενίαν.
1401 4759 1475 4813 Οὐ
1522 4759 1631 4831 γὰρ
1687 4759 1817 4830 περὶ⁵

227 4844 326 4898 τοῦ
369 4844 506 4898 ἰδίου
558 4845 809 4918 σώματος
852 4847 1057 4916 ἔλεγεν,
1112 4848 1248 4902 ἀλλὰ
1295 4851 1421 4919 περὶ
1468 4849 1676 4922 πατρὸς
1716 4867 1817 4919 φυ-

230 4934 524 5000 λάσσοντος
565 4937 887 5009 παρθενίαν.
937 4940 998 4992 Ei
1036 4939 1094 4992 δὲ
1137 4937 1253 5008 τὴν
1273 4940 1490 4995 ἑαυτοῦ
1515 4940 1816 5010 παρθένον

223 5027 291 5080 τὸ
337 5026 466 5081 ἴδιον
517 5028 677 5098 σῶμα
719 5029 889 5098 λέγει,
941 5031 1093 5084 οὐδὲν
1139 5031 1393 5087 κωλύσει.
1455 5034 1622 5103 Φησὶν
1676 5030 1768 5088 οὖν
1797 5051 1808 5063 ·

229 5116 531 5185 Ἰξστηκεν
572 5119 819 5187 ἐδραίως
871 5121 941 5173 ἐν
989 5121 1066 5186 τῷ
1110 5121 1240 5188 ἰδίῳ
1289 5121 1405 5187 νῷ,
1480 5124 1578 5176 καὶ
1639 5123 1813 5178 τοῦτο

225 5206 460 5275 ὀφείλει
485 5207 769 5276 ποιῆσαν
802 5211 1072 5279 γαμείτω,
1102 5211 1292 5282 φησίν·
1325 5214 1436 5280 οὐχ
1468 5211 1808 5281 ἁμαρτάνει.

227 5298 520 5366 Fayette),
544 5299 670 5354 οὐδ’
697 5300 775 5354 ἂν
793 5302 1134 5370 εὐποροῖεν¹
1152 5322 1164 5335 ο
1193 5306 1306 5372 οὐχ
1329 5302 1670 5372 ἁμαρτάνει.
1705 5305 1814 5357 Καὶ

220 5388 321 5442 διὰ
349 5397 529 5458 τοῦτο,
574 5389 817 5446 Δέδεσαι
856 5394 1094 5462 γυναικί
1107 5411 1124 5458 ;
1170 5394 1255 5466 μὴ
1286 5393 1436 5462 ζήτει
1469 5395 1674 5449 λύσιν.
1712 5394 1816 5448 Λέ-

1925 3019 2137 3075 Etenim
2180 3021 2413 3090 apostoli
2443 3036 2473 3075 e
2515 3019 2720 3076 Judaeis
2762 3007 3004 3088 oriundi,
3040 3035 3339 3091 eorumque
3372 3019 3504 3090 legi-

1926 3111 2029 3166 bus
2067 3111 2324 3175 instituti,
2358 3111 2432 3166 ita
2472 3111 2798 3166 Christiana:
2844 3113 3125 3184 religionis
3157 3112 3501 3184 praedicatio-

1923 3219 2048 3258 nem
2099 3203 2342 3275 aggressi
2391 3201 2552 3273 510
2608 3211 2759 3268 sunt,
2815 3214 2872 3257 ut
2911 3203 3109 3260 veteris
3138 3203 3316 3257 adhuc
3370 3203 3502 3274 legis

1923 3295 2300 3363 sanctionibus
2335 3303 2522 3351 essent
2553 3294 2826 3362 obstricti,
2859 3294 3021 3365 idque
3053 3294 3231 3364 ipsum
3277 3309 3386 3348 non
3430 3296 3500 3347 ad

1919 3385 2367 3456 justilicationem
2423 3383 2628 3449 carnis,
2678 3382 2775 3438 sed
2828 3383 2896 3437 ad
2953 3383 3281 3438 concinnam
3337 3389 3502 3451 atque

1924 3485 2107 3546 aptam
2159 3477 2293 3544 legis
2337 3475 2810 3539 observationem,
2863 3482 3284 3544 accuratamque
3339 3472 3500 3527 ollicii

1925 3571 2217 3635 rationem,
2253 3567 2565 3642 faciendum
2597 3567 2702 3623 sibi
2733 3583 2855 3624 esse
2884 3567 3180 3624 duxerunt.
3219 3565 3498 3638 Siquidem

1924 3662 2123 3716 mirum
2167 3661 2225 3714 in
2253 3660 2474 3716 modum
2505 3659 2610 3713 hoc
2658 3660 2884 3728 antiqua
2929 3660 3045 3730 lege
3077 3659 3394 3723 cavebatur,
3432 3672 3502 3713 ne

1924 3751 2295 3808 lsraelitarum
2351 3749 2473 3804 lilia:
2516 3751 2724 3805 exteris
2769 3749 3083 3805 nationibus
3129 3751 3498 3814 elocarentur,

1923 3855 1984 3900 ut
2011 3859 2081 3899 ne
2104 3843 2254 3913 ipsas
2283 3840 2351 3894 ad
2387 3841 2806 3897 simulacrorum
2856 3841 3060 3895 cultum
3101 3835 3497 3909 pertraherent.

1921 3935 2110 4006 itaque
2139 3934 2377 3989 ﬁdelium
2411 3933 2609 4002 cuique
2637 3948 2731 4002 per
2762 3931 2894 3986 illud
2931 3941 3142 4001 tempus
3169 3939 3498 4000 praeceptum

1921 4035 2060 4091 erat,
2093 4040 2161 4081 ne
2195 4025 2320 4094 quis
2369 4023 2534 4078 tiliam
2567 4038 2721 4078 suam
2758 4021 3023 4092 virginem
3064 4019 3268 4075 Judzeis
3299 4020 3354 4074 in
3385 4034 3499 4074 ina-

1923 4115 2240 4170 trimonium
2291 4113 2482 4179 daret,
2546 4113 2638 4169 sed
2685 4112 3014 4168 Christianis
3054 4111 3351 4175 duntaxat,
3403 4113 3497 4180 qui

1923 4206 2111 4261 eadem
2170 4205 2428 4275 religione
2477 4211 2663 4260 essent
2729 4218 2794 4257 ac
2855 4201 3122 4257 sententia
3189 4201 3492 4270 conjuncti.

1923 4297 2171 4369 Cumque
2198 4311 2337 4350 nova
2364 4305 2492 4350 tunc
2521 4302 2666 4349 esset
2695 4293 2969 4364 Evangelii
3003 4292 3338 4363 praedicatio,
3385 4308 3494 4348 non

1927 4403 2119 4459 magna
2157 4387 2356 4456 ubique
2400 4385 2838 4439 Christianorum
2885 4391 3023 4450 erat,
3066 4383 3499 4454 Christianzeque
3598 4389 3602 4392 ’

1925 4476 2186 4532 doctrina;
2223 4476 2399 4545 copia.
2435 4473 2616 4541 Quare
2645 4475 2845 4545 quibus
2888 4475 3012 4529 liliae
3051 4476 3290 4547 virgines
3317 4487 3516 4539 erant,.

1925 4584 2048 4625 eum
2083 4567 2478 4634 Christianum,
2505 4567 2594 4621 cui
2625 4567 2982 4630 collocarent,
3013 4566 3285 4622 neminem
3333 4566 3498 4622 habe—

1924 4669 2068 4724 rent,
2099 4659 2320 4716 easdem
2354 4658 2476 4715 illas
2518 4659 2758 4729 virgines
2801 4658 3111 4712 diutissime
3157 4657 3450 4712 servabant
3481 4679 3494 4714 :

1924 4765 2046 4821 quae
2075 4757 2342 4805 maturam
2385 4756 2597 4804 aetatem
2630 4760 3022 4820 pmtergressze
3054 4750 3398 4805 naturalibus
3431 4750 3497 4805 ad

1924 4850 2114 4912 stupra
2172 4840 2412 4897 libidinis
2478 4841 2718 4896 stimulis
2777 4842 3166 4896 incitabuntur.
3233 4841 3386 4896 Unde
3445 4850 3498 4910 et

1921 4933 2240 5004 Apostolus,
2276 4949 2400 4988 cum
2436 4949 2503 4988 ex
2536 4943 2790 4988 accurata
2821 4933 2910 4986 illa
2940 4934 3148 4986 ratione
3185 4932 3494 4986 detrimenti

1921 5025 2215 5096 plurimum
2243 5023 2427 5079 all'erri
2460 5023 2688 5089 videret,
2725 5023 2792 5077 iis
2827 5023 3004 5077 verbis
3033 5021 3257 5075 indulsit
3290 5039 3303 5076 ε
3338 5021 3492 5087 Quod

1920 5118 1967 5170 si
1985 5118 2100 5188 quis
2123 5115 2374 5185 uirginem
2393 5131 2545 5168 suam
2572 5114 2686 5167 velit
2707 5116 2746 5165 θ.
2779 5111 2893 5166 Non
2920 5113 3054 5166 dixit
3081 5132 3093 5167 :
3117 5112 3493 5182 Virginitatem

1922 5222 2100 5263 suam.
2142 5204 2329 5275 Neque
2391 5204 2536 5260 enim
2584 5203 2652 5258 de
2693 5203 2914 5274 proprio
2960 5218 3229 5272 corpore;
3283 5202 3377 5259 sed
3428 5203 3497 5258 de

1922 5306 2076 5368 patre
2107 5295 2439 5366 virginitatis
2471 5293 2698 5350 custode
2752 5294 3092 5363 loquebatur.
3154 5294 3261 5349 Sed
3297 5294 3344 5348 si
3395 5293 3498 5345 uir-

1921 5391 2091 5460 ginem
2121 5405 2272 5443 suam
2307 5386 2584 5459 proprium
2630 5401 2831 5456 corpus
2862 5387 3132 5457 appellare
3176 5387 3495 5450 dixerimus,

444 5508 564 5578 ἣτις
597 5526 798 5586 σίρραγ.
880 5513 900 5541 '
941 5511 1067 5566 Cor.
1127 5505 1188 5565 οὗ
1229 5513 1273 5566 δ’
1301 5514 1364 5569 ἂν
1394 5514 1671 5586 εὐποροίη.
1753 5510 1822 5564 ³ῐ

1928 5511 2032 5581 ipp.
2069 5527 2138 5574 tv,
2169 5508 2258 5561 22.
2341 5509 2357 5541 ⁵
2392 5505 2407 5560 Ι
2442 5502 2568 5557 Cor.
2614 5519 2708 5566 VII,
2766 5504 2856 5558 56.
2933 5505 2950 5534 ⁵
2982 5502 3139 5560 Rom.
3171 5521 3248 5571 III,
3276 5500 3367 5564 ‘23,
3402 5497 3502 5554 2L

227 5575 299 5628 ⁸1
332 5575 592 5644 Comum,
625 5575 692 5632 36
747 5575 868 5649 ειμι.
