3948 6068
457 206 593 263 1047
1865 204 1922 261 S.
1964 204 2055 261 ΕΡ]

2159 207 2299 264 ἈΝΙΙ
3575 206 3725 263 ιοιε

454 317 592 372 nihil
620 316 911 373 admodum
948 320 1106 374 nobis
1135 318 1359 372 obstare
1382 325 1581 388 potest.
1618 315 1803 387 Pergit
1831 332 2035 387 porro:

2159 323 2328 375 ίυσαι
2346 321 2467 376 άπὸ
2493 322 2811 392 γυναικός;
2836 320 2922 389 μὴ
2947 317 3101 384 ζήτει
3123 315 3400 385 γυναῖκα.
3434 316 3495 368 ’0
3523 314 3723 380 λέγων.
3760 351 3768 380 ,

454 407 575 463 Stat
602 410 828 476 ﬁrmiter
854 409 912 463 in
949 410 1126 463 animo
1161 425 1258 463 suo
1291 409 1464 463 ethoc
1496 408 1642 463 debet
1683 409 1892 477 facere;
1935 424 2036 462 nu-

2159 409 2310 464 Θέλω
2337 410 2568 479 πάντας
2609 408 2762 466 εἶναι
2786 411 2868 476 ὡς
2907 408 3186 478 ἐμαυτὸν,
3228 405 3413 474 ἔλεγεν
3435 420 3450 436 ’
3515 406 3588 458 Et
3617 406 3730 458 οὐκ

456 497 569 560 bat,
609 497 787 568 inquit
818 513 830 547 :
866 514 969 551 non
990 507 1187 564 peccat.
1229 497 1413 552 Nubat
1439 499 1488 552 ei
1508 514 1862 569 quemcunque
1883 508 2042 552 nacta

2159 501 2624 571 ἐγκρατεύονται,
2665 501 3132 574 γαμησάτωσαν.

453 592 615 659 fuerit
644 608 662 646 :
695 608 796 644 non
834 601 1031 658 peccat.
1071 591 1246 662 Atque
1273 591 1507 657 idcirco,
1538 592 1805 662 Alligatus
1841 609 1896 647 es
1930 594 2123 649 uxori?
2157 596 2267 649 noli
2303 613 2534 666 qua‘rere
2551 598 2886 654 solutionem.
2930 594 3148 650 Solutus
3191 610 3245 649 es
3285 592 3351 646 ab
3387 592 3596 646 mre?
3620 587 3732 642 noli

453 701 688 755 qua’rcre
725 701 962 740 uxorem.
988 686 1164 757 Atque
1195 687 1284 742 ille
1312 689 1403 758 qui
1434 689 1570 744 dixit
1600 707 1614 744 :
1653 688 1784 744 Volo
1823 707 2000 746 omnes
2036 708 2151 748 esse
2185 696 2322 750 sicut
2360 696 2652 766 meipsum;
2695 695 2826 749 illud
2856 708 2963 748 una
2992 691 3132 747 dixit
3163 711 3176 746 :
3212 689 3272 746 Si
3298 705 3402 744 non
3439 686 3728 745 continent,

378 2697 404 2711 -
477 2682 758 2736 admodum
801 2683 998 2736 tradidi
1029 2683 1172 2736 vobis
1207 2682 1268 2750 ⁴⁵;

456 776 678 827 nubant.

535 863 620 918 Vl.
661 865 930 922 Praeterea
962 884 1085 923 eum
1114 869 1361 940 innuptis
1387 879 1654 940 praecepta
1685 871 1839 925 daret
1864 890 1878 926 :
1916 871 2043 925 Dico

464 964 662 1021 autem,
699 957 897 1026 inquit,
943 959 1177 1027 innuptis
1218 970 1266 1014 et
1301 959 1493 1025 viduis,
1539 961 1730 1015 bonum
1775 972 1850 1016 est
1891 962 2040 1030 ipsis,

462 1049 508 1100 si
535 1057 780 1101 maneant
805 1059 860 1101 ut
883 1066 997 1119 ego.
1021 1050 1306 1116 Quomodo
1336 1053 1502 1122 igitur
1535 1053 1680 1107 istud
1713 1055 1999 1122 usurpavit
2026 1073 2040 1110 :

458 1136 728 1206 Alligatus
754 1155 807 1192 es
839 1140 994 1192 uxori
1016 1142 1040 1195 .9
1063 1141 1171 1194 noli
1196 1157 1428 1208 quaerere
1457 1142 1769 1196 solutionem
1787 1145 1814 1200 .9
1853 1141 2044 1200 Nonne

463 1229 800 1283 contrariam
838 1230 1057 1285 Domini
1099 1232 1185 1286 sui
1217 1231 1435 1288 decreto
1481 1233 1648 1303 legem
1699 1220 1939 1290 statuere
1969 1234 2046 1289 vi-

461 1323 641 1387 detur,
675 1323 767 1392 qui
799 1322 871 1376 ita
903 1323 1282 1392 pronuntiaret
1311 1342 1328 1378 :
1371 1323 1477 1390 Qui
1514 1341 1616 1378 non
1668 1327 1918 1397 relinquit
1944 1343 2041 1395 pa-

464 1421 616 1478 trem,
647 1423 698 1467 et
727 1425 969 1480 matrem,
1007 1424 1056 1469 et
1098 1415 1314 1484 fratres,
1348 1427 1397 1470 et
1432 1433 1668 1476 uxorem.
1709 1427 1758 1470 et
1800 1419 1962 1486 filios,
1997 1427 2048 1472 et

463 1503 626 1573 ﬁlias,
668 1521 772 1558 non
817 1515 894 1558 est
940 1506 1416 1576 meus,discipulus
1458 1507 1521 1561 ‘?
1551 1507 1634 1562 Ad
1663 1508 1777 1561 haec
1813 1509 1905 1577 qui
1954 1509 2051 1562 lio-

463 1603 676 1647 nestam
707 1594 1014 1664 coniugem,
1042 1605 1359 1667 patremque
1384 1598 1696 1668 relinquere
1716 1599 1889 1668 jubet,
1913 1613 2050 1668 quo-

464 1685 628 1739 modo
665 1686 807 1741 idem
855 1687 964 1740 alio
997 1687 1052 1740 in
1086 1689 1208 1742 loco
1250 1689 1416 1743 dicit:
1447 1689 1552 1754 Qui
1585 1689 1808 1744 honorat
1847 1698 2048 1759 patrem

463 1786 512 1830 et
560 1785 817 1841 matrem;
856 1777 951 1830 hoc
988 1779 1126 1831 enim
1179 1787 1255 1832 est
1303 1780 1530 1846 primum
1588 1781 1644 1832 in
1701 1781 2052 1847 promissione

469 1869 781 1921 mandatum
821 1869 877 1932 ¹;
921 1876 1016 1922 et:
1056 1867 1207 1934 Quod
1250 1867 1390 1922 Deus
1424 1870 1720 1938 conjunxit,
1754 1870 1909 1924 homo
1947 1886 2051 1925 non

471 1969 675 2027 separet
700 1959 762 2011 '?
806 1957 1006 2012 Verum
1042 1959 1226 2013 divina
1271 1960 1454 2014 omnia
1487 1961 1649 2016 verba
1685 1978 1792 2016 non
1824 1962 1890 2016 ad
1919 1963 2052 2016 allec

470 2050 653 2119 gorias
704 2048 1007 2111 referenda,
1067 2049 1224 2120 511
1272 2051 1368 2105 sed
1428 2060 1489 2106 ut
1532 2067 1592 2108 se
1649 2053 1850 2109 habent
1903 2055 2052 2108 acci-

467 2141 667 2210 pienrla
713 2150 860 2195 sunt.
898 2141 1356 2198 Consideratione
1408 2159 1537 2198 vero
1576 2159 1640 2199 ac
1692 2161 1858 2200 sensu
1912 2161 2052 2216 Opus

469 2232 693 2292 habent,
731 2242 786 2284 ut
821 2233 1127 2302 argumenti
1176 2232 1447 2302 cujusque
1477 2233 1559 2289 vis
1595 2248 1657 2287 ac
1690 2242 1931 2304 potestas
1964 2237 2052 2290 in-

469 2323 766 2392 telligatur.
808 2321 913 2377 Sed
956 2322 1252 2378 traditione
1279 2340 1497 2394 quoque
1546 2339 1685 2394 Opus
1727 2333 1830 2380 est.
1867 2324 2054 2395 Neque

469 2413 614 2466 enim
643 2429 708 2466 ex
740 2411 1042 2482 Scripturis
1077 2414 1186 2483 peti
1220 2422 1452 2483 possunt
1477 2415 1681 2468 omnia.
1710 2414 1919 2470 Idcirco
1946 2416 2053 2470 alia

471 2502 702 2570 scripto,
765 2502 1060 2557 traditione
1099 2503 1204 2555 alia
1257 2503 1588 2558 sanctissimi
1641 2505 1875 2573 apostoli
1927 2505 2057 2558 reli-

471 2599 732 2662 querunt.
776 2593 930 2658 Quod
968 2594 1146 2664 ipsum
1183 2597 1258 2648 ita
1306 2595 1506 2652 Paulus
1549 2594 1822 2650 aliirmat:
1857 2595 2054 2660 Quem-

1315 2684 1442 2739 item
1486 2686 1593 2739 alio
1623 2685 1783 2738 loco:
1819 2685 1908 2738 Ita
1949 2685 2048 2738 do-

472 2789 594 2837 ceo,
633 2783 684 2826 et
734 2775 812 2826 ita
854 2773 1051 2827 tradidi
1091 2775 1146 2827 in
1195 2772 1446 2828 Ecclesiis
1494 2775 1552 2843 ⁸;
1613 2778 1740 2831 item
1781 2793 1795 2828 :
1833 2773 1895 2830 Si
1956 2793 2057 2830 me-

473 2867 704 2920 ministis
724 2883 741 2930 ;
760 2867 864 2920 nisi
899 2867 1103 2935 frustra
1128 2863 1427 2921 credidistis
1447 2868 1488 2920 ⁸.

544 2954 664 3008 lam
701 2971 830 3010 vero
859 2956 992 3008 illud
1040 2956 1110 3010 ab
1159 2956 1423 3024 apostolis
1469 2965 1655 3010 sancta
1689 2955 1782 3012 Dei
1811 2956 2053 3012 Ecclesia

474 3047 736 3101 traditum
789 3047 1037 3116 accepit:
1072 3055 1196 3117 post
1241 3046 1517 3102 decretam
1571 3047 1939 3119 virginitatem
1988 3049 2056 3103 ad

476 3138 698 3207 nuptias
747 3152 869 3191 sese
919 3137 1192 3201 conferre,
1229 3137 1440 3192 scelere
1489 3138 1830 3206 implicatum
1860 3139 2054 3194 videri.

479 3230 546 3280 At
579 3227 722 3280 enim
772 3227 1064 3296 Apostolus
1115 3229 1337 3298 scripsit
1372 3248 1385 3282 :
1419 3227 1480 3282 Si
1509 3231 1740 3297 nupserit
1766 3230 1930 3298 virgo,
1957 3245 2060 3282 non

476 3320 759 3387 peccavit’.
781 3318 1012 3386 Quinam
1042 3321 1208 3390 igitur
1233 3321 1395 3374 ambo
1427 3320 1540 3374 hinc
1573 3321 1714 3375 inter
1741 3337 1800 3376 se
1825 3337 2054 3378 consen-

475 3413 655 3466 tiunt?
701 3410 802 3466 Sed
851 3411 1111 3466 nimirum
1159 3411 1226 3466 de
1277 3426 1340 3464 ea
1388 3411 1600 3480 virgine
1633 3411 1896 3480 loquitur,
1938 3428 2060 3483 quas

478 3500 590 3556 Deo
623 3503 990 3572 virginitatem
1025 3517 1180 3555 suam
1233 3518 1341 3555 non
1389 3501 1617 3566 addixit,
1651 3502 1894 3573 adeoque
1927 3520 2058 3574 pro-

480 3605 599 3663 pter
625 3594 1064 3647 Cliristianorum
1098 3592 1440 3662 temporibus
1482 3594 1592 3648 illis
1620 3595 1952 3663 paucitatem
1983 3602 2063 3651 at-

479 3701 587 3754 que
621 3683 879 3753 inopiam,
917 3685 1231 3738 necessario
1267 3683 1380 3739 haec
1435 3685 1500 3739 ad
1552 3701 1676 3740 eum
1714 3688 1934 3740 modum
1971 3688 2062 3742 ad-

479 3777 956 3831 ministrabantur.
987 3775 1142 3843 Quod
1189 3786 1372 3832 autem
1416 3777 1490 3830 ita
1539 3793 1661 3833 sese
1698 3793 1787 3834 res
1839 3779 2056 3845 habeat,

477 3846 720 3937 ejtisdem
753 3867 999 3939 Apostoli
1035 3869 1350 3923 testimonio
1385 3876 1626 3934 constat,
1645 3884 1769 3923 cum
1796 3870 2062 3928 ait3Ado-

479 3962 810 4015 lescentiores
847 3961 1032 4014 viduas
1061 3963 1256 4015 devita.
1301 3959 1595 4028 Postquam
1624 3963 1766 4014 enim
1815 3965 1868 4016 in
1913 3963 2062 4016 Chri-

477 4063 617 4106 stum
647 4054 992 4116 lasciricrint,
1026 4053 1217 4106 nubere
1265 4053 1466 4116 volunt,
1498 4053 1744 4106 habentes
1767 4054 2056 4122 judicium,

475 4145 725 4210 quoniam
775 4143 1001 4213 priorem
1043 4142 1199 4212 ﬁdem
1251 4143 1463 4195 irritam
1508 4143 1794 4211 fecerunt".
1827 4142 1984 4209 Quod
2013 4145 2060 4198 si

476 4237 562 4290 vel
595 4251 656 4289 ea
695 4235 910 4297 mulier,
946 4250 1067 4306 quae
1094 4233 1358 4288 mundum
1391 4233 1696 4301 periclitata
1725 4234 1890 4288 vidua
1919 4234 2058 4290 facta

2215 870 2304 934 ς’.
2342 867 2515 922 Πάλιν
2537 867 2595 921 δὲ
2619 865 3060 939 προτρεπόμενος
3089 864 3217 927 τοὺς
3232 863 3445 933 γάμους
3463 864 3509 929 ⁸,
3543 864 3697 934 ἔλεγε
3714 885 3729 897 ο

2139 957 2306 1028 Λέγω
2352 957 2422 1011 δὲ
2465 957 2593 1022 τοῖς
2623 956 2894 1027 ἀγάμοις,
2949 955 3049 1009 καί
3087 954 3218 1020 ταῖς
3259 952 3493 1023 χήραις,
3538 956 3734 1010 καλὸν

2138 1048 2364 1116 αὐτοῖς,
2415 1047 2523 1101 ἐὰν
2555 1049 2850 1117 μείνωσιν
2889 1047 2968 1112 ὠς
3021 1043 3202 1113 κάγώ.
3250 1044 3378 1107 Πῶς
3417 1040 3515 1098 οὗν
3568 1046 3734 1099 πάλιν

2140 1138 2328 1209 ἐλεγε;
2371 1141 2617 1194 Δέδεσαι
2647 1139 2918 1206 γυναικίς
2947 1138 3034 1207 μὴ
3066 1137 3221 1204 ζήτει
3246 1137 3472 1202 λύσιν;
3517 1138 3590 1191 Ἦ
3619 1138 3736 1203 πῶς

2142 1232 2243 1285 οὐκ
2294 1231 2724 1302 ἀντινομοθετῶν
2772 1231 3126 1303 εὑρεθήσεται
3175 1229 3253 1300 τῷ
3287 1229 3401 1300 ἰδίῳ
3431 1231 3627 1301 Κυρίῳ
3658 1231 3738 1301 τῷ

2142 1323 2353 1391 λέγοντι
2373 1367 2387 1388 ,
2461 1325 2515 1375 Ὀ
2549 1322 2635 1392 μὴ
2677 1321 3025 1378 καταλιπὼν
3067 1319 3314 1388 πατέρα,
3358 1320 3456 1372 καί
3479 1321 3734 1390 μητέρα,

2145 1414 2246 1470 καὶ
2273 1415 2594 1486 ἀδελφοὺς,
2624 1415 2723 1468 καὶ
2756 1413 3034 1484 γυναῖκα,
3069 1413 3169 1466 καὶ
3199 1413 3404 1475 τέκνα,
3433 1411 3532 1464 καὶ
3555 1415 3737 1482 θυγα-

2144 1506 2340 1575 τέρας,
2364 1508 2474 1560 οὺκ
2502 1506 2632 1560 ἔστι
2654 1523 2774 1575 μου
2789 1503 3094 1574 μαθητής;
3135 1503 3259 1567 Πῶς
3283 1503 3340 1557 δὲ
3371 1505 3401 1557 6
3423 1504 3626 1572 λέγων,
3651 1503 3733 1555 ὅτι

2147 1596 2229 1650 δεῖ
2258 1599 2580 1650 καταλιπεῖν
2621 1599 2855 1665 γυναῖκα
2906 1596 3111 1666 σεμνὴν
3153 1594 3248 1647 καὶ
3306 1595 3540 1664 πατέρα,
3577 1594 3740 1655 αὐτὸς

2149 1687 2309 1740 πάλιν
2329 1687 2476 1755 λέγει
2489 1705 2503 1718 ο
2539 1687 2590 1738 '0
2609 1686 2798 1756 τιμῶν
2808 1684 3032 1754 πατέρα
3049 1685 3144 1738 καὶ
3161 1683 3386 1754 μητέρα
3405 1702 3418 1714 ·
3445 1684 3602 1752 αὕτη
3629 1683 3738 1752 γάρ

2149 1779 2327 1832 ἐστιν
2354 1779 2437 1832 -ὲν
2468 1779 2798 1848 ἐπαγγελίᾳ
2842 1775 3041 1845 πρώτη
3084 1775 3304 1843 ἐντολὴ
3339 1774 3738 1842 ὑπάρχουσα·

2149 1871 2265 1936 καὶ,
2304 1871 2366 1922 ‘0
2394 1869 2538 1936 Θεὸς
2561 1868 2942 1932 συνέζευξεν,
2973 1867 3284 1936 ἄνθρωπος
3303 1867 3389 1937 μὴ
3421 1865 3740 1936 χωριζέτως

2162 1959 2327 2014 Ἀλλὰ
2355 1961 2532 2015 πάντα
2557 1960 2628 2014 τὰ
2649 1959 2766 2014 θεῖα
2799 1961 3018 2032 ῥήματα
3055 1959 3155 2011 οὐκ
3195 1957 3523 2029 ἀλληγορίας
3548 1959 3737 2020 δεῖται,

2149 2048 2286 2102 ἀλλὰ
2337 2051 2413 2112 ὡς
2439 2049 2570 2118 ἔχει.
2623 2049 2865 2120 Θεωρίας
2896 2050 2951 2103 δὲ
2982 2050 3152 2103 δεῖται
3185 2049 3280 2101 καὶ
3303 2048 3632 2118 αἰσθήσεως,
3660 2048 3737 2110 εἰς

2149 2139 2212 2192 τὸ
2243 2138 2442 2191 εἰδέναι
2460 2139 2698 2210 ἑκάστης
2719 2139 3030 2203 ὑποθέσεως
3051 2140 3152 2211 τὴν
3173 2138 3422 2208 δύναμιν.
3459 2140 3554 2190 Δεῖ
3573 2137 3629 2190 δὲ
3651 2139 3742 2191 καὶ

2152 2230 2450 2301 παραδόσει
2496 2230 2797 2301 κεχρῆσθαι
2821 2231 2962 2302 (20)·
3014 2233 3076 2284 οὐ
3128 2232 3240 2304 γάρ
3288 2231 3467 2285 πάντα
3499 2231 3609 2283 ἀπὸ
3646 2233 3742 2302 τῆς

2153 2320 2302 2384 Θείας
2336 2321 2563 2392 Γραφῆς
2601 2321 2830 2377 δύναται
2879 2322 3274 2392 λαμϐάνεσθαι.
3326 2323 3418 2375 Διὸ
3449 2322 3519 2375 τά
3557 2323 3656 2393 μὲν
3683 2324 3742 2376 ὲν

2152 2415 2416 2485 γραφαῖς,
2468 2415 2536 2468 τὰ
2581 2415 2639 2467 δὲ
2689 2416 2746 2468 ὲν
2781 2415 3079 2487 παραδόσει
3121 2415 3452 2486 παρέδωκαν
3504 2418 3556 2468 οἱ
3598 2416 3740 2485 ἅγιοι

2153 2505 2436 2559 ἀπόστολοι
2461 2523 2474 2536 '
2501 2505 2577 2569 ὥς
2607 2523 2770 2575 φησιν
2791 2507 2819 2558 6
2847 2507 2999 2575 ᾶγιος
3042 2506 3364 2570 Ἀπόστολος
3382 2523 3396 2536 ⁶
3441 2507 3539 2572 Ὠς
3595 2519 3743 2576 παρ-

2154 2594 2345 2649 έδωκα
2394 2597 2569 2665 ὑμῖν
2634 2598 2728 2651 καὶ
2766 2597 2953 2651 ἄλλοτε
2977 2614 2992 2626 ⁶
3058 2599 3256 2664 Οὕτως
3302 2597 3592 2665 διδάσκω,
3646 2598 3743 2651 καὶ

2156 2683 2346 2751 οὕτως
2386 2685 2700 2753 παρέδωκα
2742 2686 2812 2739 έν
2850 2685 2982 2751 ταῖς
3017 2686 3433 2753 Ἐκκλησίαις·
3487 2687 3619 2753 καὶ,
3679 2687 3748 2741 El

2156 2776 2435 2845 κατέχετε
2456 2793 2468 2806 '
2498 2777 2672 2844 ἐκτὸς
2697 2780 2751 2832 εὶ
2771 2776 2858 2848 μὴ
2891 2777 3024 2846 εικῆ
3052 2778 3469 2833 ἐπιστεύσατε.

2234 2954 2565 3027 Παρέδωκαν
2617 2957 2798 3010 τοίνυν
2854 2960 2903 3010 οἱ
2948 2957 3096 3026 ἆγιοι
3146 2957 3274 3012 Θεοῦ
3325 2957 3621 3010 ἀπόστολοι
3679 2962 3747 3031 τῇ

2158 3045 2290 3117 ἁγίᾳ
2325 3045 2458 3098 Θεοῦ
2521 3047 2821 3120 Ἐκκλησία
2846 3037 3172 3122 ὲφάμαρτον
3211 3045 3343 3102 εἶναι
3370 3048 3452 3112 τὸ,
3505 3049 3654 3119 μετὰ
3689 3051 3748 3102 τὸ

2159 3138 2342 3210 ὁρίσαι
2373 3141 2692 3210 παρθενίαν,
2737 3144 2817 3205 είς
2855 3140 3032 3212 γάμον
3070 3142 3388 3215 τρέπεσθαι.
3431 3141 3549 3196 Καὶ
3581 3142 3745 3210 ἐγρα-

2159 3228 2259 3299 ψεν
2305 3233 2334 3284 6
2395 3232 2715 3296 Ἀπόστολος
2750 3251 2763 3262 ·
2806 3233 2946 3287 Ἐὰν
2979 3233 3140 3304 γήμῃ
3189 3235 3228 3303 ἡ
3266 3232 3586 3302 παρθένος.
3637 3235 3744 3302 οὐχ

2161 3321 2404 3389 ἥμαρτε.
2442 3323 2566 3386 Πῶς
2607 3319 2699 3376 οὖν
2746 3325 2959 3395 συνᾴδει
2991 3324 3150 3378 τοῦτο
3187 3321 3398 3396 τούτῳς
3427 3325 3618 3378 nam
3658 3326 3745 3378 καὶ

2161 3411 2374 3486 ἐκείνην
2403 3411 2500 3482 τὴν
2527 3413 2806 3484 ’παρθένον
2844 3415 3016 3482 λέγει,
3051 3416 3150 3485 τὴν
3197 3415 3272 3485 μὴ
3305 3415 3574 3486 ὁρίσασαν
3612 3412 3742 3483 Θεῷ.

2171 3501 2333 3554 Ἀλλά
2363 3502 2450 3556 διὰ
2482 3504 2583 3574 τὴν
2611 3505 2846 3578 ἀπορίαν
2874 3505 2972 3576 τῆς
2997 3505 3139 3558 κατὰ
3169 3505 3262 3559 τὸν
3308 3506 3500 3578 καιρὸν
3537 3508 3740 3559 ἐκεῖνον

2161 3593 2374 3664 σπάνης
2402 3594 2508 3648 τῶν
2533 3596 2612 3658 είς
2653 3597 2887 3668 Χριστὸν
2921 3597 3368 3651 πεπιστευκότων
3400 3599 3548 3651 κατὰ
3585 3599 3746 3666 ἀνάγ-ν

2161 3701 2264 3755 κην
2315 3685 2488 3749 οὕτως
2535 3688 2861 3743 ὲπετελεῖτο.
2908 3689 3018 3742 Καὶ
3059 3689 3142 3742 ὅτι
3190 3689 3366 3742 ταῦτα
3399 3689 3578 3753 οὕτως
3619 3689 3743 3758 ἔχει,

2159 3775 2360 3843 διδάξει
2395 3779 2543 3847 ἡμᾶς
2577 3781 2604 3832 ό
2634 3779 2795 3843 αὐτὸς
2821 3780 3162 3844 Ἀπόστολος,
3196 3780 3370 3847 λέγων
3397 3797 3410 3809 ³
3444 3782 3738 3847 Νεωτέρας

2166 3869 2356 3937 χήρας
2397 3871 2706 3940 παραιτοῦ.
2751 3873 2912 3925 Μετὰ
2953 3871 3061 3941 γὰρ
3106 3870 3174 3923 τὸ
3231 3871 3746 3939 καταστρηνιάσαι

2159 3959 2268 4012 τοῦ
2304 3959 2586 4026 Χριστοῦ,
2640 3959 2852 4029 γαμεῖν
2885 3961 3193 4023 θέλουσιν,
3236 3959 3493 4027 ἔχουσαι
3550 3961 3742 4030 κρῖμα,

2161 4050 2249 4103 ὅτι
2286 4051 2402 4118 τὴν
2441 4051 2679 4118 πρώτην
2725 4053 2935 4106 πίστιν
2971 4050 3295 4120 ἠθέτησαν.
3338 4053 3402 4104 ΕΞ
3450 4054 3632 4107 τοίνυν
3657 4054 3744 4125 (εί)

2161 4141 2317 4212 καὶὴ
2358 4143 2495 4212 μετὰ
2529 4145 2723 4213 πεῖραν
2757 4144 2964 4213 κόσμου
3001 4141 3321 4214 χηρεύσασα
3361 4143 3524 4213 γυνὴ,
3561 4144 3648 4197 διὰ
3689 4144 3748 4198 τὺ

2159 4232 2417 4303 τετάχθαι
2453 4233 2593 4304 Θεῷ,
2630 4233 2820 4287 ἔπειτα
2858 4235 3106 4304 γήμασα,
3158 4237 3334 4305 κρῖμα
3373 4235 3507 4300 ἕξει,
3557 4236 3747 4305 eoag-

478 4334 586 4388 est,
619 4341 717 4395 pro
763 4341 830 4380 eo
875 4326 1022 4396 quod
1062 4325 1171 4381 Deo
1218 4333 1537 4381 consecrata
1566 4323 1753 4391 fuerit,
1791 4326 1836 4381 si
1867 4334 2055 4396 postea

2165 4340 2303 4376 σασα
2346 4323 2445 4394 τὴν
2497 4323 2721 4397 πρώτην
2761 4325 2945 4378 πίστιν
2972 4342 2984 4355 ·
3043 4326 3195 4395 πόσῳ
3227 4342 3291 4394 γε
3330 4325 3536 4395 μᾶλλον
3580 4329 3612 4395 ἠ
3659 4326 3746 4379 καὶ

478 4415 1040 4484 nupserit,judicium
1083 4415 1268 4478 habet,
1305 4415 1448 4486 quod
1483 4415 1715 4484 primam
1747 4415 1905 4471 ﬁdem
1939 4417 2061 4470 irri-

478 4515 592 4559 tam
645 4504 806 4572 l‘ecit;
846 4521 990 4575 qua,
1042 4513 1331 4575 antequam
1377 4506 1641 4559 mundum
1693 4506 2057 4575 experiretur,

481 4596 829 4666 scmetipsam
876 4595 984 4651 Deo
1026 4595 1292 4650 dicaverit
1333 4597 1507 4667 virgo,
1541 4611 1722 4650 nonne
1751 4596 1920 4649 multo
1948 4611 2060 4649 ma-

478 4685 563 4755 gis
590 4686 872 4740 lascivitin
890 4685 1191 4748 Christum,
1226 4685 1599 4755 majoremque
1645 4685 1803 4739 [idem
1847 4685 2058 4738 irritam

479 4777 739 4840 reddidit,
801 4794 865 4832 ac
908 4777 1181 4847 judicium
1241 4776 1363 4832 ideo
1419 4776 1736 4840 sustinebit,
1795 4791 1860 4830 eo
1913 4775 2059 4846 quod

2164 4413 2338 4484 αὐτὴν
2373 4415 2503 4468 ἄνευ
2528 4416 2726 4486 πείρας
2761 4415 2966 4485 κόσμου
3001 4414 3258 4468 ἀναθεῖσα
3306 4415 3580 4485 παρθένος
3611 4415 3742 4485 Θεῷ,

2161 4508 2479 4577 γαμήσασα,
2529 4506 2646 4570 πῶς
2675 4507 2796 4576 οὐχ).
2852 4505 3053 4577 μᾶλλον
3099 4507 3238 4577 αὐτῇ
3290 4504 3432 4576 ὑπὲρ
3485 4503 3743 4575 περισσοῦ

2163 4596 2593 4668 κατεστρηνίασε
2648 4595 2918 4670 Χριστοῦ,
2988 4595 3082 4649 καὶ
3142 4595 3241 4667 τὴν
3289 4593 3512 4666 μείζονα
3565 4595 3744 4647 πίστιν

2161 4688 2414 4758 ὴθέτησε,
2447 4689 2541 4742 καὶ¹
2569 4689 2682 4755 ἕξει
2722 4691 2899 4761 κρῖμα
2922 4687 2999 4752 ὼς
3019 4687 3461 4757 ἀναχαλασθεῖσα
3482 4689 3587 4758 τῆς
3615 4687 3744 4748 ἰδίας

2162 4779 2302 4834 κατὰ
2335 4779 2469 4833 Θεὸν
2503 4779 2818 4852 προθέσεως
2837 4796 2851 4845 ;

479 4885 641 4926 suum
718 4869 848 4923 illud
898 4868 1200 4924 secundum
1257 4868 1423 4924 Deum
1478 4868 1819 4938 propositum
1871 4867 2170 4923 relaxavit?

552 4991 566 5020 ¹
593 4987 725 5041 an.
770 5000 878 5047 xw,
913 4982 1003 5037 26.
1080 4985 1100 5014 ¹
1135 4982 1304 5036 Exod.
1341 4999 1430 5044 xx,
1475 4981 1571 5044 19.;
1619 4979 1754 5048 Eph.
1778 4996 1852 5044 vr,
1879 4981 1934 5034 ἓ.
2012 4982 2032 5014 ³
2060 4982 2252 5036 Matth.
2281 4999 2391 5046 xix,
2422 4981 2477 5036 6.
2554 4982 2575 5013 ‘
2607 4981 2775 5038 lCor.
2809 4997 2883 5044 χι,
2913 4981 2966 5034 2.
3047 4983 3068 5011 ⁸
3107 4978 3125 5032 1
3157 4978 3284 5035 Cor.
3316 4994 3403 5043 xv,
3435 4978 3488 5032 ‘5.
3566 4978 3587 5009 ⁶
3615 4976 3742 5030 ibid.

479 5061 534 5114 2.
610 5058 629 5088 ⁷
663 5055 681 5108 l
715 5056 840 5108 Cor.
884 5070 980 5118 vn,
1009 5052 1099 5108 28.
1177 5053 1238 5104 ⁸1
1267 5053 1408 5106 Tim.
1437 5067 1489 5115 ν,
1522 5053 1608 5118 il,
1643 5051 1730 5103 12.
1807 5053 1828 5083 ⁸
1859 5050 1918 5104 F.
1953 5053 2225 5124 ἀγάμους.

554 5173 664 5242 (20)
704 5170 797 5224 Δεῖ
836 5169 904 5242 δὲ
942 5169 1039 5223 καὶ
1069 5168 1394 5242 παραδόσει
1440 5167 1790 5237 κεχρῆσθαι.
1828 5168 2062 5242 Insignis

485 5240 574 5298 hic
611 5240 762 5296 lucus
795 5240 860 5293 ad
897 5241 1400 5295 ecclesiasticarum
1430 5242 1783 5294 traditionum
1818 5240 2063 5294 auctori-

484 5323 653 5366 tatem
683 5311 1056 5365 asserendam.
1089 5310 1187 5364 Cui
1217 5325 1512 5379 germanus
1540 5322 1624 5365 est
1654 5311 1744 5365 ille
1778 5309 1963 5365 Basilii
1995 5312 2061 5364 ad

483 5381 723 5452 Aliipliil.
767 5379 844 5452 οε
893 5379 1334 5452 δρῇνίιιιίδαιιειο
1363 5395 1380 5452 ς
1414 5380 1534 5432 Τῶν
1567 5383 1624 5432 ὲν
1659 5384 1724 5451 τῇ
1770 5380 2064 5452 Ἐκκλησία

485 5449 922 5522 πεφυλαγμένων
963 5449 1385 5522 δογμάτων-καὶ
1431 5449 1823 5522 κηρυγμάτων,
1853 5451 1920 5504 τὰ
1961 5449 2062 5522 μὲν

482 5527 550 5578 ὲκ
578 5521 676 5591 τῆς
723 5519 1000 5591 ἐγγράφου
1035 5519 1381 5591 διδασκαλίας
1427 5519 1643 5590 ἔχομεν,
1665 5521 1732 5574 τὰ
1765 5520 1821 5574 δὲ
1863 5522 1926 5573 ὲκ
1963 5519 2062 5590 τῆς

480 5593 594 5648 τῶν
636 5589 969 5661 ἀποστόλων
1018 5589 1374 5661 ’παραδόσεως
1443 5589 1752 5661 διαδοθέντα
1798 5594 1932 5661 ἡμῖν
2001 5591 2060 5661 ἐν

487 5664 772 5736 μυστηρίῳ
807 5659 1253 5730 παρεδεξάμεθα·
1287 5662 1427 5730 ἅπερ
1459 5659 1739 5732 ἀμφότερα
1768 5659 1864 5733 τὴν
1893 5659 2060 5730 αὐτὴν

2171 5172 2324 5245 ἰσχὺν
2372 5171 2484 5245 ἔχει
2516 5171 2650 5243 πρὸς
2689 5169 2786 5241 τὴν
2819 5167 3141 5245 εὐσέϐειαν,
3188 5167 3281 5245 και
3325 5164 3560 5245 τούτοιςΔ
3575 5166 3745 5245 οὐδεὶς

2171 5235 2433 5313 ἀντερεῖ,⁷
2470 5235 2616 5313 ὅστις
2666 5235 2755 5306 γε’
2777 5241 2882 5313 κᾷν
2928 5239 3110 5313 κατὰ-.
3122 5236 3320 5313 μικρὸν
3351 5235 3483 5302 γοῦν
3509 5235 3747 5313 ’θεσμῶν

2169 5303 2640 5382 ὲκκλὴσιαστικῶν
2672 5303 3021 5380 πεπείραται.
3072 5303 3206 5382 Vide
3221 5303 3239 5382 _'
3255 5314 3472 5360 czctera.
3509 5303 3616 5360 Ubi
3641 5303 3750 5382 tra-

2169 5377 2406 5437 ditiones
2462 5399 2566 5436 non
2628 5381 2748 5434 illas
2797 5377 3006 5432 tantum
3037 5377 3277 5438 asciscit,
3313 5383 3367 5430 et
3406 5378 3749 5431 necessarias

2168 5467 2292 5507 esse
2326 5451 2588 5517 defendit,
2617 5467 2738 5521 quae
2784 5450 2850 5504 ad
2886 5451 3025 5521 ritus
3068 5446 3746 5521 carrelnoniasque‘perti-

2168 5532 2321 5586 nent,
2377 5523 2472 5578 scd
2525 5516 2710 5588 etiain,
2760 5535 2881 5590 qua:
2934 5519 3190 5588 dogmata
3241 5516 3362 5572 lidei
3411 5532 3474 5570 ac
3533 5517 3748 5571 decreta

2166 5594 2463 5650 conﬁnenL
