  <div class='ocr_page' id='page_1' title='image "/cluster/home/n/w/nwhite01/storage/ocr_20150623/41/hvd.32044073501868/546.png"; bbox 0 0 3948 6068; ppageno 0'>
   <div class='ocr_carea' id='block_1_1' title="bbox 253 237 395 296">
    <p class='ocr_par' dir='ltr' id='par_1_1' title="bbox 253 237 395 296">
     <span class='ocr_line' id='line_1_1' title="bbox 253 237 395 296; baseline 0 -1"><span class='ocrx_word' id='word_1_1' title='bbox 253 237 395 296; x_wconf 71' lang='grc' dir='ltr'><strong>ΙΜΩ</strong></span> 
     </span>
    </p>
   </div>
   <div class='ocr_carea' id='block_1_2' title="bbox 881 234 2811 295">
    <p class='ocr_par' dir='ltr' id='par_1_2' title="bbox 881 234 2811 295">
     <span class='ocr_line' id='line_1_2' title="bbox 881 234 2811 295; baseline 0.001 -4"><span class='ocrx_word' id='word_1_2' title='bbox 881 235 1260 295; x_wconf 72' lang='lat' dir='ltr'><strong>ADVERSUS</strong></span> <span class='ocrx_word' id='word_1_3' title='bbox 1300 235 1644 293; x_wconf 64' lang='lat' dir='ltr'><strong>HERESES</strong></span> <span class='ocrx_word' id='word_1_4' title='bbox 1679 235 1806 291; x_wconf 81' lang='lat' dir='ltr'><strong>LIB.</strong></span> <span class='ocrx_word' id='word_1_5' title='bbox 1849 239 1912 294; x_wconf 94' lang='lat' dir='ltr'><strong>ll.</strong></span> <span class='ocrx_word' id='word_1_6' title='bbox 1949 234 2114 292; x_wconf 69' lang='lat' dir='ltr'><strong>TOM.</strong></span> <span class='ocrx_word' id='word_1_7' title='bbox 2154 236 2195 293; x_wconf 88' lang='grc' dir='ltr'>Ι.</span> <span class='ocrx_word' id='word_1_8' title='bbox 2239 265 2308 278; x_wconf 93' lang='lat'><strong>—-</strong></span> <span class='ocrx_word' id='word_1_9' title='bbox 2358 234 2632 292; x_wconf 67' lang='lat' dir='ltr'><strong>HERES.</strong></span> <span class='ocrx_word' id='word_1_10' title='bbox 2675 234 2811 292; x_wconf 81' lang='lat' dir='ltr'><strong>LXI.</strong></span> 
     </span>
    </p>
   </div>
   <div class='ocr_carea' id='block_1_3' title="bbox 3364 237 3504 295">
    <p class='ocr_par' dir='ltr' id='par_1_3' title="bbox 3364 237 3504 295">
     <span class='ocr_line' id='line_1_3' title="bbox 3364 237 3504 295; baseline 0.021 -3"><span class='ocrx_word' id='word_1_11' title='bbox 3364 237 3504 295; x_wconf 68' lang='lat'><strong>£050</strong></span> 
     </span>
    </p>
   </div>
   <div class='ocr_carea' id='block_1_4' title="bbox 321 348 1834 424">
    <p class='ocr_par' dir='ltr' id='par_1_4' title="bbox 321 350 1834 424">
     <span class='ocr_line' id='line_1_4' title="bbox 321 350 1834 424; baseline 0.002 -17"><span class='ocrx_word' id='word_1_12' title='bbox 321 353 396 407; x_wconf 88' lang='lat' dir='ltr'><strong>Z&#39;.</strong></span> <span class='ocrx_word' id='word_1_13' title='bbox 420 350 812 423; x_wconf 79' lang='grc' dir='ltr'><strong>Γαμείτωσαν</strong></span> <span class='ocrx_word' id='word_1_14' title='bbox 830 350 1030 417; x_wconf 81' lang='grc' dir='ltr'><strong>τοίνυν,</strong></span> <span class='ocrx_word' id='word_1_15' title='bbox 1052 355 1608 424; x_wconf 72' lang='grc' dir='ltr'>τεκνογονείτωαν,</span> <span class='ocrx_word' id='word_1_16' title='bbox 1622 356 1834 411; x_wconf 73' lang='grc' dir='ltr'>οἰκοδε-</span> 
     </span>
    </p>
   </div>
   <div class='ocr_carea' id='block_1_5' title="bbox 1938 348 3507 424">
    <p class='ocr_par' dir='ltr' id='par_1_5' title="bbox 2013 348 3507 424">
     <span class='ocr_line' id='line_1_5' title="bbox 2013 348 3507 424; baseline 0.001 -17"><span class='ocrx_word' id='word_1_17' title='bbox 2013 353 2122 408; x_wconf 84' lang='lat' dir='ltr'><strong>Vll.</strong></span> <span class='ocrx_word' id='word_1_18' title='bbox 2165 352 2307 424; x_wconf 85' lang='lat' dir='ltr'><strong>Ergo</strong></span> <span class='ocrx_word' id='word_1_19' title='bbox 2331 354 2423 408; x_wconf 90' lang='lat' dir='ltr'><strong>illa</strong></span> <span class='ocrx_word' id='word_1_20' title='bbox 2451 353 2694 423; x_wconf 82' lang='lat' dir='ltr'><strong>Apostoli</strong></span> <span class='ocrx_word' id='word_1_21' title='bbox 2719 351 2881 405; x_wconf 89' lang='lat' dir='ltr'><strong>verba</strong></span> <span class='ocrx_word' id='word_1_22' title='bbox 2914 390 2931 416; x_wconf 90' lang='lat'><strong>,</strong></span> <span class='ocrx_word' id='word_1_23' title='bbox 2956 348 3192 415; x_wconf 76' lang='lat' dir='ltr'><strong>Nubant,</strong></span> <span class='ocrx_word' id='word_1_24' title='bbox 3212 352 3353 420; x_wconf 73' lang='lat' dir='ltr'><strong>ﬁlios</strong></span> <span class='ocrx_word' id='word_1_25' title='bbox 3381 370 3507 424; x_wconf 84' lang='lat' dir='ltr'><strong>pro-</strong></span> 
     </span>
    </p>
   </div>
   <div class='ocr_carea' id='block_1_6' title="bbox 250 440 1829 519">
    <p class='ocr_par' dir='ltr' id='par_1_6' title="bbox 250 440 1829 519">
     <span class='ocr_line' id='line_1_6' title="bbox 250 440 1829 519; baseline 0.001 -18"><span class='ocrx_word' id='word_1_26' title='bbox 250 442 695 507; x_wconf 72' lang='grc' dir='ltr'>σποτείτωσαν,</span> <span class='ocrx_word' id='word_1_27' title='bbox 723 440 988 514; x_wconf 89' lang='grc' dir='ltr'>σύντομος</span> <span class='ocrx_word' id='word_1_28' title='bbox 1016 445 1111 498; x_wconf 76' lang='grc' dir='ltr'>καὶ</span> <span class='ocrx_word' id='word_1_29' title='bbox 1132 445 1298 514; x_wconf 81' lang='grc' dir='ltr'>μέσος</span> <span class='ocrx_word' id='word_1_30' title='bbox 1317 448 1346 499; x_wconf 86' lang='grc' dir='ltr'><strong>ό</strong></span> <span class='ocrx_word' id='word_1_31' title='bbox 1368 445 1525 515; x_wconf 80' lang='grc' dir='ltr'><strong>λόγος</strong></span> <span class='ocrx_word' id='word_1_32' title='bbox 1553 448 1694 519; x_wconf 78' lang='grc' dir='ltr'>κατὰ</span> <span class='ocrx_word' id='word_1_33' title='bbox 1719 448 1829 503; x_wconf 83' lang='grc' dir='ltr'><strong>τῶν</strong></span> 
     </span>
    </p>
   </div>
   <div class='ocr_carea' id='block_1_7' title="bbox 250 533 1830 612">
    <p class='ocr_par' dir='ltr' id='par_1_7' title="bbox 250 533 1830 612">
     <span class='ocr_line' id='line_1_7' title="bbox 250 533 1830 612; baseline 0.014 -28"><span class='ocrx_word' id='word_1_34' title='bbox 250 536 324 591; x_wconf 72' lang='grc' dir='ltr'><strong>τὰ</strong></span> <span class='ocrx_word' id='word_1_35' title='bbox 357 534 541 606; x_wconf 84' lang='grc' dir='ltr'>φαῦλα</span> <span class='ocrx_word' id='word_1_36' title='bbox 573 533 968 606; x_wconf 83' lang='grc' dir='ltr'><strong>διανοουμένων</strong></span> <span class='ocrx_word' id='word_1_37' title='bbox 998 537 1127 608; x_wconf 68' lang='grc' dir='ltr'>περὶ</span> <span class='ocrx_word' id='word_1_38' title='bbox 1157 537 1339 610; x_wconf 69' lang='grc' dir='ltr'>πάσης</span> <span class='ocrx_word' id='word_1_39' title='bbox 1369 539 1830 612; x_wconf 75' lang='grc' dir='ltr'>ἐκκλησιαστικῆς</span> 
     </span>
    </p>
   </div>
   <div class='ocr_carea' id='block_1_8' title="bbox 248 621 1832 702">
    <p class='ocr_par' dir='ltr' id='par_1_8' title="bbox 248 621 1832 702">
     <span class='ocr_line' id='line_1_8' title="bbox 248 621 1832 702; baseline 0.004 -23"><span class='ocrx_word' id='word_1_40' title='bbox 248 624 349 679; x_wconf 82' lang='grc' dir='ltr'><strong>τοῦ</strong></span> <span class='ocrx_word' id='word_1_41' title='bbox 378 621 735 696; x_wconf 77' lang='grc' dir='ltr'><strong>κηρύγματος</strong></span> <span class='ocrx_word' id='word_1_42' title='bbox 756 623 1086 689; x_wconf 83' lang='grc' dir='ltr'>ὑποθέσεως·</span> <span class='ocrx_word' id='word_1_43' title='bbox 1110 627 1565 699; x_wconf 79' lang='grc' dir='ltr'>παρεκὸάλλουσα</span> <span class='ocrx_word' id='word_1_44' title='bbox 1591 631 1688 702; x_wconf 80' lang='grc' dir='ltr'>μὲν</span> <span class='ocrx_word' id='word_1_45' title='bbox 1704 632 1832 694; x_wconf 76' lang='grc' dir='ltr'>τοὺς</span> 
     </span>
    </p>
   </div>
   <div class='ocr_carea' id='block_1_9' title="bbox 248 711 1828 790">
    <p class='ocr_par' dir='ltr' id='par_1_9' title="bbox 248 711 1828 790">
     <span class='ocr_line' id='line_1_9' title="bbox 248 711 1828 790; baseline 0.003 -23"><span class='ocrx_word' id='word_1_46' title='bbox 248 714 512 783; x_wconf 78' lang='grc' dir='ltr'>λέγοντας</span> <span class='ocrx_word' id='word_1_47' title='bbox 551 711 779 775; x_wconf 71' lang='grc' dir='ltr'>ἑαυτοὺς</span> <span class='ocrx_word' id='word_1_48' title='bbox 819 713 1235 778; x_wconf 78' lang='grc' dir='ltr'>Ἀποστολικοὺς</span> <span class='ocrx_word' id='word_1_49' title='bbox 1288 716 1382 770; x_wconf 77' lang='grc' dir='ltr'>καὶ</span> <span class='ocrx_word' id='word_1_50' title='bbox 1449 718 1828 790; x_wconf 86' lang='grc' dir='ltr'>Ἐγκρατίτας,</span> 
     </span>
    </p>
   </div>
   <div class='ocr_carea' id='block_1_10' title="bbox 248 802 1828 879">
    <p class='ocr_par' dir='ltr' id='par_1_10' title="bbox 248 802 1828 879">
     <span class='ocr_line' id='line_1_10' title="bbox 248 802 1828 879; baseline 0.003 -22"><span class='ocrx_word' id='word_1_51' title='bbox 248 802 713 876; x_wconf 80' lang='grc' dir='ltr'>παρεκδάλλουσα</span> <span class='ocrx_word' id='word_1_52' title='bbox 728 803 855 866; x_wconf 75' lang='grc' dir='ltr'>τοὺς</span> <span class='ocrx_word' id='word_1_53' title='bbox 878 802 1304 875; x_wconf 86' lang='grc' dir='ltr'>ὑδαρευομένους</span> <span class='ocrx_word' id='word_1_54' title='bbox 1328 807 1386 859; x_wconf 77' lang='grc' dir='ltr'>ὲν</span> <span class='ocrx_word' id='word_1_55' title='bbox 1407 809 1473 877; x_wconf 81' lang='grc' dir='ltr'>τῇ</span> <span class='ocrx_word' id='word_1_56' title='bbox 1514 807 1828 879; x_wconf 70' lang='grc' dir='ltr'>Ἐκκλησία,</span> 
     </span>
    </p>
   </div>
   <div class='ocr_carea' id='block_1_11' title="bbox 246 894 1830 973">
    <p class='ocr_par' dir='ltr' id='par_1_11' title="bbox 246 894 1830 973">
     <span class='ocr_line' id='line_1_11' title="bbox 246 894 1830 973; baseline 0.001 -21"><span class='ocrx_word' id='word_1_57' title='bbox 246 899 353 952; x_wconf 76' lang='grc' dir='ltr'>καὶ</span> <span class='ocrx_word' id='word_1_58' title='bbox 401 894 793 959; x_wconf 80' lang='grc' dir='ltr'>ἁναπείθοντας</span> <span class='ocrx_word' id='word_1_59' title='bbox 841 898 1075 964; x_wconf 79' lang='grc' dir='ltr'>γυναῖκα</span> <span class='ocrx_word' id='word_1_60' title='bbox 1138 897 1155 928; x_wconf 81' lang='grc'>¹</span> <span class='ocrx_word' id='word_1_61' title='bbox 1197 897 1305 951; x_wconf 79' lang='grc' dir='ltr'><strong>ἀπὸ</strong></span> <span class='ocrx_word' id='word_1_62' title='bbox 1370 899 1578 953; x_wconf 76' lang='grc' dir='ltr'>τελείου</span> <span class='ocrx_word' id='word_1_63' title='bbox 1629 900 1830 973; x_wconf 84' lang='grc' dir='ltr'>δρόμου</span> 
     </span>
    </p>
   </div>
   <div class='ocr_carea' id='block_1_12' title="bbox 246 982 1832 1059">
    <p class='ocr_par' dir='ltr' id='par_1_12' title="bbox 246 982 1832 1059">
     <span class='ocr_line' id='line_1_12' title="bbox 246 982 1832 1059; baseline 0.001 -21"><span class='ocrx_word' id='word_1_64' title='bbox 246 982 696 1054; x_wconf 79' lang='grc' dir='ltr'>ἀναχαλασθέντα</span> <span class='ocrx_word' id='word_1_65' title='bbox 727 982 939 1039; x_wconf 79' lang='grc' dir='ltr'><strong>ἀθετεῖν</strong></span> <span class='ocrx_word' id='word_1_66' title='bbox 976 984 1076 1055; x_wconf 77' lang='grc' dir='ltr'><strong>τὴν</strong></span> <span class='ocrx_word' id='word_1_67' title='bbox 1104 984 1361 1056; x_wconf 80' lang='grc' dir='ltr'>τοιαύτην</span> <span class='ocrx_word' id='word_1_68' title='bbox 1389 986 1481 1040; x_wconf 87' lang='grc' dir='ltr'><strong>τοῦ</strong></span> <span class='ocrx_word' id='word_1_69' title='bbox 1516 988 1716 1059; x_wconf 83' lang='grc' dir='ltr'>δρόμου</span> <span class='ocrx_word' id='word_1_70' title='bbox 1745 1005 1832 1040; x_wconf 84' lang='grc' dir='ltr'>τε-</span> 
     </span>
    </p>
   </div>
   <div class='ocr_carea' id='block_1_13' title="bbox 247 1074 1832 1150">
    <p class='ocr_par' dir='ltr' id='par_1_13' title="bbox 247 1074 1832 1150">
     <span class='ocr_line' id='line_1_13' title="bbox 247 1074 1832 1150; baseline -0.001 -20"><span class='ocrx_word' id='word_1_71' title='bbox 247 1076 524 1146; x_wconf 72' lang='grc' dir='ltr'>λειότητα.</span> <span class='ocrx_word' id='word_1_72' title='bbox 557 1074 667 1129; x_wconf 78' lang='lat' dir='ltr'><strong>Kal.</strong></span> <span class='ocrx_word' id='word_1_73' title='bbox 695 1074 808 1145; x_wconf 76' lang='grc' dir='ltr'>ἔχει</span> <span class='ocrx_word' id='word_1_74' title='bbox 844 1074 944 1145; x_wconf 84' lang='grc' dir='ltr'>μὲν</span> <span class='ocrx_word' id='word_1_75' title='bbox 979 1076 1254 1147; x_wconf 76' lang='grc' dir='ltr'>ἁμαρτίαν</span> <span class='ocrx_word' id='word_1_76' title='bbox 1283 1077 1379 1130; x_wconf 76' lang='grc' dir='ltr'>καὶ</span> <span class='ocrx_word' id='word_1_77' title='bbox 1413 1080 1586 1150; x_wconf 80' lang='grc' dir='ltr'>κρῖμα</span> <span class='ocrx_word' id='word_1_78' title='bbox 1627 1080 1656 1131; x_wconf 85' lang='grc' dir='ltr'><strong>ό</strong></span> <span class='ocrx_word' id='word_1_79' title='bbox 1706 1077 1832 1131; x_wconf 81' lang='grc' dir='ltr'>ἀθε-</span> 
     </span>
    </p>
   </div>
   <div class='ocr_carea' id='block_1_14' title="bbox 246 1164 1832 1239">
    <p class='ocr_par' dir='ltr' id='par_1_14' title="bbox 246 1164 1832 1239">
     <span class='ocr_line' id='line_1_14' title="bbox 246 1164 1832 1239; baseline 0.002 -20"><span class='ocrx_word' id='word_1_80' title='bbox 246 1167 429 1236; x_wconf 78' lang='grc' dir='ltr'>τήσας</span> <span class='ocrx_word' id='word_1_81' title='bbox 476 1164 613 1218; x_wconf 90' lang='grc' dir='ltr'>Θεοῦ</span> <span class='ocrx_word' id='word_1_82' title='bbox 668 1166 772 1235; x_wconf 79' lang='grc' dir='ltr'>τὴν</span> <span class='ocrx_word' id='word_1_83' title='bbox 826 1164 1144 1237; x_wconf 81' lang='grc' dir='ltr'>παρθενίαν,</span> <span class='ocrx_word' id='word_1_84' title='bbox 1193 1168 1288 1221; x_wconf 75' lang='grc' dir='ltr'><strong>καὶ</strong></span> <span class='ocrx_word' id='word_1_85' title='bbox 1350 1168 1714 1239; x_wconf 82' lang='grc' dir='ltr'>καταισχύνας</span> <span class='ocrx_word' id='word_1_86' title='bbox 1742 1169 1832 1222; x_wconf 84' lang='grc' dir='ltr'>τὸν</span> 
     </span>
    </p>
   </div>
   <div class='ocr_carea' id='block_1_15' title="bbox 249 1253 1834 1330">
    <p class='ocr_par' dir='ltr' id='par_1_15' title="bbox 249 1253 1834 1330">
     <span class='ocr_line' id='line_1_15' title="bbox 249 1253 1834 1330; baseline 0.003 -22"><span class='ocrx_word' id='word_1_87' title='bbox 249 1255 467 1323; x_wconf 81' lang='grc' dir='ltr'>ἀγῶνα.</span> <span class='ocrx_word' id='word_1_88' title='bbox 501 1253 890 1327; x_wconf 85' lang='grc' dir='ltr'>Παραφθείρας</span> <span class='ocrx_word' id='word_1_89' title='bbox 918 1254 1028 1327; x_wconf 82' lang='grc' dir='ltr'>γὰρ</span> <span class='ocrx_word' id='word_1_90' title='bbox 1067 1257 1253 1325; x_wconf 83' lang='grc' dir='ltr'>ἀγῶνα</span> <span class='ocrx_word' id='word_1_91' title='bbox 1284 1258 1313 1309; x_wconf 91' lang='grc' dir='ltr'><strong>ό</strong></span> <span class='ocrx_word' id='word_1_92' title='bbox 1341 1256 1601 1330; x_wconf 81' lang='grc' dir='ltr'>ἀθλητὴς,</span> <span class='ocrx_word' id='word_1_93' title='bbox 1643 1276 1834 1330; x_wconf 85' lang='grc' dir='ltr'>μαστι-</span> 
     </span>
    </p>
   </div>
   <div class='ocr_carea' id='block_1_16' title="bbox 250 1344 1834 1422">
    <p class='ocr_par' dir='ltr' id='par_1_16' title="bbox 250 1344 1834 1422">
     <span class='ocr_line' id='line_1_16' title="bbox 250 1344 1834 1422; baseline 0.003 -24"><span class='ocrx_word' id='word_1_94' title='bbox 250 1345 409 1416; x_wconf 74' lang='grc' dir='ltr'>χθεὶς</span> <span class='ocrx_word' id='word_1_95' title='bbox 445 1344 766 1399; x_wconf 72' lang='grc' dir='ltr'>ἐκϐάλλεται</span> <span class='ocrx_word' id='word_1_96' title='bbox 793 1344 887 1399; x_wconf 88' lang='grc' dir='ltr'><strong>τοῦ</strong></span> <span class='ocrx_word' id='word_1_97' title='bbox 922 1345 1151 1416; x_wconf 83' lang='grc' dir='ltr'>ἀγῶνος.</span> <span class='ocrx_word' id='word_1_98' title='bbox 1191 1348 1302 1401; x_wconf 73' lang='grc' dir='ltr'><strong>Καὶ</strong></span> <span class='ocrx_word' id='word_1_99' title='bbox 1341 1347 1720 1422; x_wconf 85' lang='grc' dir='ltr'>παραφθείρας</span> <span class='ocrx_word' id='word_1_100' title='bbox 1750 1367 1834 1413; x_wconf 88' lang='grc' dir='ltr'><strong>τις</strong></span> 
     </span>
    </p>
   </div>
   <div class='ocr_carea' id='block_1_17' title="bbox 250 1434 1835 1511">
    <p class='ocr_par' dir='ltr' id='par_1_17' title="bbox 250 1434 1835 1511">
     <span class='ocr_line' id='line_1_17' title="bbox 250 1434 1835 1511; baseline 0.003 -25"><span class='ocrx_word' id='word_1_101' title='bbox 250 1434 588 1506; x_wconf 77' lang='grc' dir='ltr'>παρθενίαν,</span> <span class='ocrx_word' id='word_1_102' title='bbox 640 1434 964 1489; x_wconf 76' lang='grc' dir='ltr'>ὲκῦάλλεται</span> <span class='ocrx_word' id='word_1_103' title='bbox 1018 1434 1112 1489; x_wconf 91' lang='grc' dir='ltr'><strong>τοῦ</strong></span> <span class='ocrx_word' id='word_1_104' title='bbox 1167 1436 1412 1492; x_wconf 86' lang='grc' dir='ltr'>τοιούτου</span> <span class='ocrx_word' id='word_1_105' title='bbox 1461 1437 1685 1511; x_wconf 83' lang='grc' dir='ltr'>δρόμου,</span> <span class='ocrx_word' id='word_1_106' title='bbox 1738 1439 1835 1492; x_wconf 76' lang='grc' dir='ltr'>καὶ</span> 
     </span>
    </p>
   </div>
   <div class='ocr_carea' id='block_1_18' title="bbox 254 1526 1833 1603">
    <p class='ocr_par' dir='ltr' id='par_1_18' title="bbox 254 1526 1833 1603">
     <span class='ocr_line' id='line_1_18' title="bbox 254 1526 1833 1603; baseline 0.004 -24"><span class='ocrx_word' id='word_1_107' title='bbox 254 1526 549 1595; x_wconf 74' lang='grc' dir='ltr'>στεφάνου,</span> <span class='ocrx_word' id='word_1_108' title='bbox 581 1526 677 1580; x_wconf 61' lang='grc' dir='ltr'><strong>καὶ⁵</strong></span> <span class='ocrx_word' id='word_1_109' title='bbox 711 1526 989 1599; x_wconf 73' lang='grc' dir='ltr'>βραδείου.</span> <span class='ocrx_word' id='word_1_110' title='bbox 1031 1527 1193 1581; x_wconf 70' lang='grc' dir='ltr'>Ἀλλὰ</span> <span class='ocrx_word' id='word_1_111' title='bbox 1220 1531 1465 1600; x_wconf 83' lang='grc' dir='ltr'>κρεῖττόν</span> <span class='ocrx_word' id='word_1_112' title='bbox 1497 1533 1614 1584; x_wconf 77' lang='grc' dir='ltr'>ἐστι</span> <span class='ocrx_word' id='word_1_113' title='bbox 1660 1534 1833 1603; x_wconf 86' lang='grc' dir='ltr'>κρῖμα</span> 
     </span>
    </p>
   </div>
   <div class='ocr_carea' id='block_1_19' title="bbox 251 1618 1831 1694">
    <p class='ocr_par' dir='ltr' id='par_1_19' title="bbox 251 1618 1831 1694">
     <span class='ocr_line' id='line_1_19' title="bbox 251 1618 1831 1694; baseline 0.003 -22"><span class='ocrx_word' id='word_1_114' title='bbox 251 1618 355 1672; x_wconf 77' lang='grc' dir='ltr'>καὶ</span> <span class='ocrx_word' id='word_1_115' title='bbox 392 1618 469 1690; x_wconf 80' lang='grc' dir='ltr'>μὴ</span> <span class='ocrx_word' id='word_1_116' title='bbox 507 1620 846 1692; x_wconf 82' lang='grc' dir='ltr'>κατάκριμα.</span> <span class='ocrx_word' id='word_1_117' title='bbox 892 1622 954 1674; x_wconf 86' lang='lat' dir='ltr'><strong>Oi</strong></span> <span class='ocrx_word' id='word_1_118' title='bbox 995 1620 1104 1693; x_wconf 82' lang='grc' dir='ltr'><strong>γὰρ</strong></span> <span class='ocrx_word' id='word_1_119' title='bbox 1142 1621 1232 1674; x_wconf 79' lang='grc' dir='ltr'><strong>διὰ</strong></span> <span class='ocrx_word' id='word_1_120' title='bbox 1280 1622 1341 1675; x_wconf 85' lang='grc' dir='ltr'>τὸ</span> <span class='ocrx_word' id='word_1_121' title='bbox 1374 1622 1450 1694; x_wconf 80' lang='grc' dir='ltr'>μὴ</span> <span class='ocrx_word' id='word_1_122' title='bbox 1480 1623 1831 1694; x_wconf 78' lang='grc' dir='ltr'>αἰσχυνθῆναι</span> 
     </span>
    </p>
   </div>
   <div class='ocr_carea' id='block_1_20' title="bbox 250 1685 1904 1786">
    <p class='ocr_par' dir='ltr' id='par_1_20' title="bbox 250 1685 1904 1786">
     <span class='ocr_line' id='line_1_20' title="bbox 250 1685 1904 1786; baseline 0.004 -25"><span class='ocrx_word' id='word_1_123' title='bbox 250 1709 372 1771; x_wconf 75' lang='grc' dir='ltr'>τοῖς</span> <span class='ocrx_word' id='word_1_124' title='bbox 397 1685 407 1689; x_wconf 15' lang='grc' dir='ltr'><strong>ἡ</strong></span> <span class='ocrx_word' id='word_1_125' title='bbox 429 1685 762 1780; x_wconf 34' lang='grc' dir='ltr'>άνθρώποίςν</span> <span class='ocrx_word' id='word_1_126' title='bbox 785 1709 969 1782; x_wconf 85' lang='grc' dir='ltr'>κρυφῆ</span> <span class='ocrx_word' id='word_1_127' title='bbox 1000 1685 1388 1783; x_wconf 45' lang='grc' dir='ltr'>πορνεύοντεςξ</span> <span class='ocrx_word' id='word_1_128' title='bbox 1433 1685 1643 1768; x_wconf 72' lang='grc' dir='ltr'>ποιοῦσι</span> <span class='ocrx_word' id='word_1_129' title='bbox 1698 1685 1833 1786; x_wconf 76' lang='grc' dir='ltr'>πορ-</span> <span class='ocrx_word' id='word_1_130' title='bbox 1861 1685 1904 1741; x_wconf 69' lang='grc' dir='ltr'><strong><em>Β</em></strong></span> 
     </span>
    </p>
   </div>
   <div class='ocr_carea' id='block_1_21' title="bbox 251 1800 1834 1875">
    <p class='ocr_par' dir='ltr' id='par_1_21' title="bbox 251 1800 1834 1875">
     <span class='ocr_line' id='line_1_21' title="bbox 251 1800 1834 1875; baseline 0 -18"><span class='ocrx_word' id='word_1_131' title='bbox 251 1801 410 1866; x_wconf 81' lang='grc' dir='ltr'>νείας</span> <span class='ocrx_word' id='word_1_132' title='bbox 435 1804 481 1864; x_wconf 79' lang='grc' dir='ltr'><strong>ί,</strong></span> <span class='ocrx_word' id='word_1_133' title='bbox 516 1800 549 1872; x_wconf 78' lang='grc' dir='ltr'>ἢ</span> <span class='ocrx_word' id='word_1_134' title='bbox 579 1800 891 1872; x_wconf 87' lang='grc' dir='ltr'>μονότητος,</span> <span class='ocrx_word' id='word_1_135' title='bbox 920 1800 955 1871; x_wconf 79' lang='grc' dir='ltr'>ἢ</span> <span class='ocrx_word' id='word_1_136' title='bbox 988 1801 1334 1872; x_wconf 74' lang='grc' dir='ltr'>ἐγκρατείας,</span> <span class='ocrx_word' id='word_1_137' title='bbox 1366 1805 1429 1857; x_wconf 85' lang='grc' dir='ltr'>οὐ</span> <span class='ocrx_word' id='word_1_138' title='bbox 1463 1804 1597 1875; x_wconf 81' lang='grc' dir='ltr'>πρὸς</span> <span class='ocrx_word' id='word_1_139' title='bbox 1624 1803 1834 1874; x_wconf 82' lang='grc' dir='ltr'>ἀνθρώ-</span> 
     </span>
    </p>
   </div>
   <div class='ocr_carea' id='block_1_22' title="bbox 255 1889 1834 1964">
    <p class='ocr_par' dir='ltr' id='par_1_22' title="bbox 255 1889 1834 1964">
     <span class='ocr_line' id='line_1_22' title="bbox 255 1889 1834 1964; baseline 0.001 -18"><span class='ocrx_word' id='word_1_140' title='bbox 255 1908 396 1956; x_wconf 80' lang='grc' dir='ltr'>πους</span> <span class='ocrx_word' id='word_1_141' title='bbox 428 1890 611 1961; x_wconf 78' lang='grc' dir='ltr'>ἔχουσι</span> <span class='ocrx_word' id='word_1_142' title='bbox 638 1889 737 1961; x_wconf 76' lang='grc' dir='ltr'>τὴν</span> <span class='ocrx_word' id='word_1_143' title='bbox 760 1890 1073 1961; x_wconf 79' lang='grc' dir='ltr'>ὁμολογίαν,</span> <span class='ocrx_word' id='word_1_144' title='bbox 1107 1891 1243 1945; x_wconf 81' lang='grc' dir='ltr'>ἀλλὰ</span> <span class='ocrx_word' id='word_1_145' title='bbox 1268 1893 1402 1964; x_wconf 77' lang='grc' dir='ltr'>πρὸς</span> <span class='ocrx_word' id='word_1_146' title='bbox 1440 1894 1573 1947; x_wconf 81' lang='grc' dir='ltr'>Θεὸν</span> <span class='ocrx_word' id='word_1_147' title='bbox 1622 1894 1714 1948; x_wconf 82' lang='grc' dir='ltr'>τὸν</span> <span class='ocrx_word' id='word_1_148' title='bbox 1756 1897 1834 1948; x_wconf 83' lang='grc' dir='ltr'>εί-</span> 
     </span>
    </p>
   </div>
   <div class='ocr_carea' id='block_1_23' title="bbox 254 1982 1834 2058">
    <p class='ocr_par' dir='ltr' id='par_1_23' title="bbox 254 1982 1834 2058">
     <span class='ocr_line' id='line_1_23' title="bbox 254 1982 1834 2058; baseline 0.001 -20"><span class='ocrx_word' id='word_1_149' title='bbox 254 1984 386 2038; x_wconf 86' lang='grc' dir='ltr'>δότα</span> <span class='ocrx_word' id='word_1_150' title='bbox 419 1982 487 2037; x_wconf 83' lang='grc' dir='ltr'><strong>τά</strong></span> <span class='ocrx_word' id='word_1_151' title='bbox 539 1982 767 2054; x_wconf 79' lang='grc' dir='ltr'>κρύφια,</span> <span class='ocrx_word' id='word_1_152' title='bbox 810 1982 903 2036; x_wconf 77' lang='grc' dir='ltr'>καὶ</span> <span class='ocrx_word' id='word_1_153' title='bbox 935 1982 1286 2054; x_wconf 73' lang='grc' dir='ltr'>ἐξελέγχοντα</span> <span class='ocrx_word' id='word_1_154' title='bbox 1335 1987 1514 2038; x_wconf 82' lang='grc' dir='ltr'>πᾶσαν</span> <span class='ocrx_word' id='word_1_155' title='bbox 1556 1985 1733 2058; x_wconf 87' lang='grc' dir='ltr'>σάρκα</span> <span class='ocrx_word' id='word_1_156' title='bbox 1776 1987 1834 2039; x_wconf 77' lang='grc' dir='ltr'>ὲν</span> 
     </span>
    </p>
   </div>
   <div class='ocr_carea' id='block_1_24' title="bbox 252 2066 1829 2148">
    <p class='ocr_par' dir='ltr' id='par_1_24' title="bbox 252 2066 1829 2148">
     <span class='ocr_line' id='line_1_24' title="bbox 252 2066 1829 2148; baseline 0.003 -21"><span class='ocrx_word' id='word_1_157' title='bbox 252 2076 326 2144; x_wconf 75' lang='grc' dir='ltr'><strong>τῇ</strong></span> <span class='ocrx_word' id='word_1_158' title='bbox 383 2071 548 2128; x_wconf 80' lang='grc' dir='ltr'>αὑτοῦ</span> <span class='ocrx_word' id='word_1_159' title='bbox 620 2072 927 2144; x_wconf 77' lang='grc' dir='ltr'>παρουσίᾳ,</span> <span class='ocrx_word' id='word_1_160' title='bbox 991 2073 1120 2145; x_wconf 62' lang='grc' dir='ltr'><strong>περ)⁸</strong></span> <span class='ocrx_word' id='word_1_161' title='bbox 1178 2066 1255 2129; x_wconf 82' lang='grc' dir='ltr'>ὧν</span> <span class='ocrx_word' id='word_1_162' title='bbox 1308 2074 1538 2140; x_wconf 75' lang='grc' dir='ltr'>ἕκαστος</span> <span class='ocrx_word' id='word_1_163' title='bbox 1593 2074 1829 2148; x_wconf 78' lang='grc' dir='ltr'>ἥμαρτε.</span> 
     </span>
    </p>
   </div>
   <div class='ocr_carea' id='block_1_25' title="bbox 253 2163 1835 2241">
    <p class='ocr_par' dir='ltr' id='par_1_25' title="bbox 253 2163 1835 2241">
     <span class='ocr_line' id='line_1_25' title="bbox 253 2163 1835 2241; baseline 0.001 -21"><span class='ocrx_word' id='word_1_164' title='bbox 253 2167 523 2237; x_wconf 80' lang='grc' dir='ltr'>Κρεῖττον</span> <span class='ocrx_word' id='word_1_165' title='bbox 553 2163 731 2219; x_wconf 87' lang='grc' dir='ltr'>τοίνυν</span> <span class='ocrx_word' id='word_1_166' title='bbox 759 2164 902 2235; x_wconf 70' lang='grc' dir='ltr'>ἔχειν</span> <span class='ocrx_word' id='word_1_167' title='bbox 939 2165 1211 2236; x_wconf 83' lang='grc' dir='ltr'>ἁμαρτίαν</span> <span class='ocrx_word' id='word_1_168' title='bbox 1246 2165 1396 2236; x_wconf 88' lang='grc' dir='ltr'>μίαν,</span> <span class='ocrx_word' id='word_1_169' title='bbox 1424 2173 1519 2220; x_wconf 77' lang='grc' dir='ltr'><strong>καί</strong></span> <span class='ocrx_word' id='word_1_170' title='bbox 1547 2166 1620 2238; x_wconf 75' lang='grc' dir='ltr'>μὴ</span> <span class='ocrx_word' id='word_1_171' title='bbox 1642 2183 1835 2241; x_wconf 88' lang='grc' dir='ltr'>περισ-</span> 
     </span>
    </p>
   </div>
   <div class='ocr_carea' id='block_1_26' title="bbox 258 2251 1836 2326">
    <p class='ocr_par' dir='ltr' id='par_1_26' title="bbox 258 2251 1836 2326">
     <span class='ocr_line' id='line_1_26' title="bbox 258 2251 1836 2326; baseline -0.001 -18"><span class='ocrx_word' id='word_1_172' title='bbox 258 2254 509 2326; x_wconf 82' lang='grc' dir='ltr'>σοτέρας.</span> <span class='ocrx_word' id='word_1_173' title='bbox 566 2254 829 2325; x_wconf 86' lang='grc' dir='ltr'>Κρεῖττον</span> <span class='ocrx_word' id='word_1_174' title='bbox 885 2251 1118 2305; x_wconf 81' lang='grc' dir='ltr'>πεσόντα</span> <span class='ocrx_word' id='word_1_175' title='bbox 1171 2252 1279 2305; x_wconf 80' lang='grc' dir='ltr'><strong>ἀπὸ</strong></span> <span class='ocrx_word' id='word_1_176' title='bbox 1336 2251 1533 2326; x_wconf 85' lang='grc' dir='ltr'>δρόμου</span> <span class='ocrx_word' id='word_1_177' title='bbox 1586 2255 1836 2325; x_wconf 81' lang='grc' dir='ltr'>φανερῶς</span> 
     </span>
    </p>
   </div>
   <div class='ocr_carea' id='block_1_27' title="bbox 255 2344 1834 2418">
    <p class='ocr_par' dir='ltr' id='par_1_27' title="bbox 255 2344 1834 2418">
     <span class='ocr_line' id='line_1_27' title="bbox 255 2344 1834 2418; baseline -0.001 -17"><span class='ocrx_word' id='word_1_178' title='bbox 255 2346 440 2418; x_wconf 77' lang='grc' dir='ltr'>ἑαυτῷ</span> <span class='ocrx_word' id='word_1_179' title='bbox 469 2345 653 2400; x_wconf 79' lang='grc' dir='ltr'>λαὸεἰν</span> <span class='ocrx_word' id='word_1_180' title='bbox 691 2347 923 2414; x_wconf 82' lang='grc' dir='ltr'>γυναῖκα</span> <span class='ocrx_word' id='word_1_181' title='bbox 960 2344 1103 2398; x_wconf 85' lang='grc' dir='ltr'>κατά</span> <span class='ocrx_word' id='word_1_182' title='bbox 1127 2344 1308 2414; x_wconf 89' lang='grc' dir='ltr'>νόμον,</span> <span class='ocrx_word' id='word_1_183' title='bbox 1344 2344 1438 2398; x_wconf 73' lang='grc' dir='ltr'>καὶ</span> <span class='ocrx_word' id='word_1_184' title='bbox 1473 2345 1584 2398; x_wconf 82' lang='grc' dir='ltr'><strong>ἀπὸ</strong></span> <span class='ocrx_word' id='word_1_185' title='bbox 1629 2344 1834 2417; x_wconf 87' lang='grc' dir='ltr'>παρθε-</span> 
     </span>
    </p>
   </div>
   <div class='ocr_carea' id='block_1_28' title="bbox 256 2435 1836 2509">
    <p class='ocr_par' dir='ltr' id='par_1_28' title="bbox 256 2435 1836 2509">
     <span class='ocr_line' id='line_1_28' title="bbox 256 2435 1836 2509; baseline -0.001 -18"><span class='ocrx_word' id='word_1_186' title='bbox 256 2438 383 2501; x_wconf 83' lang='grc' dir='ltr'>νίας</span> <span class='ocrx_word' id='word_1_187' title='bbox 414 2436 593 2508; x_wconf 83' lang='grc' dir='ltr'>πολλῷ</span> <span class='ocrx_word' id='word_1_188' title='bbox 633 2437 809 2509; x_wconf 81' lang='grc' dir='ltr'>χρόνῳ</span> <span class='ocrx_word' id='word_1_189' title='bbox 842 2436 1276 2507; x_wconf 79' lang='grc' dir='ltr'>μετανοήσαντα,</span> <span class='ocrx_word' id='word_1_190' title='bbox 1315 2435 1633 2505; x_wconf 76' lang='grc' dir='ltr'>εἰσαχθῆναι</span> <span class='ocrx_word' id='word_1_191' title='bbox 1676 2436 1836 2491; x_wconf 87' lang='grc' dir='ltr'>πάλιν</span> 
     </span>
    </p>
   </div>
   <div class='ocr_carea' id='block_1_29' title="bbox 256 2522 1836 2601">
    <p class='ocr_par' dir='ltr' id='par_1_29' title="bbox 256 2522 1836 2601">
     <span class='ocr_line' id='line_1_29' title="bbox 256 2522 1836 2601; baseline -0.002 -18"><span class='ocrx_word' id='word_1_192' title='bbox 256 2531 343 2594; x_wconf 87' lang='grc' dir='ltr'><strong>είς</strong></span> <span class='ocrx_word' id='word_1_193' title='bbox 392 2528 491 2600; x_wconf 77' lang='grc' dir='ltr'>τὴν</span> <span class='ocrx_word' id='word_1_194' title='bbox 546 2526 872 2601; x_wconf 83' lang='grc' dir='ltr'>Ἐκκλησίαν</span> <span class='ocrx_word' id='word_1_195' title='bbox 892 2570 907 2593; x_wconf 84' lang='grc'><strong>,</strong></span> <span class='ocrx_word' id='word_1_196' title='bbox 954 2527 1030 2591; x_wconf 85' lang='grc' dir='ltr'>ὡς</span> <span class='ocrx_word' id='word_1_197' title='bbox 1077 2522 1261 2590; x_wconf 83' lang='grc' dir='ltr'>κακῶς</span> <span class='ocrx_word' id='word_1_198' title='bbox 1301 2526 1710 2597; x_wconf 75' lang='grc' dir='ltr'>ἐργασάμενον,</span> <span class='ocrx_word' id='word_1_199' title='bbox 1761 2527 1836 2591; x_wconf 82' lang='grc' dir='ltr'>ὡς</span> 
     </span>
    </p>
   </div>
   <div class='ocr_carea' id='block_1_30' title="bbox 258 2616 1839 2695">
    <p class='ocr_par' dir='ltr' id='par_1_30' title="bbox 258 2616 1839 2695">
     <span class='ocr_line' id='line_1_30' title="bbox 258 2616 1839 2695; baseline -0.004 -20"><span class='ocrx_word' id='word_1_200' title='bbox 258 2622 675 2695; x_wconf 82' lang='grc' dir='ltr'>παραπεσόντα,</span> <span class='ocrx_word' id='word_1_201' title='bbox 700 2619 794 2673; x_wconf 76' lang='grc' dir='ltr'><strong>καὶ</strong></span> <span class='ocrx_word' id='word_1_202' title='bbox 833 2618 1154 2681; x_wconf 81' lang='grc' dir='ltr'>κλασθέντα,</span> <span class='ocrx_word' id='word_1_203' title='bbox 1179 2616 1274 2671; x_wconf 82' lang='grc' dir='ltr'>καὶ</span> <span class='ocrx_word' id='word_1_204' title='bbox 1303 2616 1490 2689; x_wconf 84' lang='grc' dir='ltr'>χρείαν</span> <span class='ocrx_word' id='word_1_205' title='bbox 1508 2617 1702 2687; x_wconf 76' lang='grc' dir='ltr'>ἔχοντα</span> <span class='ocrx_word' id='word_1_206' title='bbox 1726 2619 1839 2670; x_wconf 73' lang='grc' dir='ltr'>ἐπι-</span> 
     </span>
    </p>
   </div>
   <div class='ocr_carea' id='block_1_31' title="bbox 254 2707 1836 2786">
    <p class='ocr_par' dir='ltr' id='par_1_31' title="bbox 254 2707 1836 2786">
     <span class='ocr_line' id='line_1_31' title="bbox 254 2707 1836 2786; baseline -0.006 -17"><span class='ocrx_word' id='word_1_207' title='bbox 254 2715 515 2785; x_wconf 85' lang='grc' dir='ltr'>δέματος,</span> <span class='ocrx_word' id='word_1_208' title='bbox 548 2716 641 2769; x_wconf 72' lang='grc' dir='ltr'><strong>καὶ</strong></span> <span class='ocrx_word' id='word_1_209' title='bbox 682 2712 757 2786; x_wconf 80' lang='grc' dir='ltr'>μὴ</span> <span class='ocrx_word' id='word_1_210' title='bbox 792 2712 913 2767; x_wconf 87' lang='grc' dir='ltr'>καθ’</span> <span class='ocrx_word' id='word_1_211' title='bbox 954 2711 1191 2781; x_wconf 80' lang='grc' dir='ltr'>ἑκάστην</span> <span class='ocrx_word' id='word_1_212' title='bbox 1234 2708 1447 2780; x_wconf 78' lang='grc' dir='ltr'>ἡμέραν</span> <span class='ocrx_word' id='word_1_213' title='bbox 1481 2707 1659 2778; x_wconf 81' lang='grc' dir='ltr'>βέλεσι</span> <span class='ocrx_word' id='word_1_214' title='bbox 1702 2725 1836 2779; x_wconf 89' lang='grc' dir='ltr'>κρυ-</span> 
     </span>
    </p>
   </div>
   <div class='ocr_carea' id='block_1_32' title="bbox 257 2798 1836 2878">
    <p class='ocr_par' dir='ltr' id='par_1_32' title="bbox 257 2798 1836 2878">
     <span class='ocr_line' id='line_1_32' title="bbox 257 2798 1836 2878; baseline -0.006 -18"><span class='ocrx_word' id='word_1_215' title='bbox 257 2807 409 2878; x_wconf 75' lang='grc' dir='ltr'>φίοις</span> <span class='ocrx_word' id='word_1_216' title='bbox 438 2802 999 2876; x_wconf 82' lang='grc' dir='ltr'>κατατιτρώσκεσθαι,</span> <span class='ocrx_word' id='word_1_217' title='bbox 1026 2801 1121 2857; x_wconf 78' lang='grc' dir='ltr'>καὶ</span> <span class='ocrx_word' id='word_1_218' title='bbox 1153 2801 1419 2872; x_wconf 84' lang='grc' dir='ltr'>πονηρίας</span> <span class='ocrx_word' id='word_1_219' title='bbox 1452 2798 1556 2852; x_wconf 82' lang='grc' dir='ltr'><strong>ὑπὸ</strong></span> <span class='ocrx_word' id='word_1_220' title='bbox 1591 2798 1836 2853; x_wconf 74' lang='grc' dir='ltr'>διαϐόλου</span> 
     </span>
    </p>
   </div>
   <div class='ocr_carea' id='block_1_33' title="bbox 259 2896 868 2969">
    <p class='ocr_par' dir='ltr' id='par_1_33' title="bbox 259 2896 868 2969">
     <span class='ocr_line' id='line_1_33' title="bbox 259 2896 868 2969; baseline -0.003 -16"><span class='ocrx_word' id='word_1_221' title='bbox 259 2897 414 2969; x_wconf 79' lang='grc' dir='ltr'>αὐτῷ</span> <span class='ocrx_word' id='word_1_222' title='bbox 445 2896 868 2969; x_wconf 75' lang='grc' dir='ltr'>ἐπιφερομένης.</span> 
     </span>
    </p>
   </div>
   <div class='ocr_carea' id='block_1_34' title="bbox 331 3149 1841 3229">
    <p class='ocr_par' dir='ltr' id='par_1_34' title="bbox 331 3149 1841 3229">
     <span class='ocr_line' id='line_1_34' title="bbox 331 3149 1841 3229; baseline -0.009 -12"><span class='ocrx_word' id='word_1_223' title='bbox 331 3162 417 3217; x_wconf 83' lang='grc' dir='ltr'><strong>Η’.</strong></span> <span class='ocrx_word' id='word_1_224' title='bbox 443 3158 627 3223; x_wconf 74' lang='grc' dir='ltr'>Οὕτως</span> <span class='ocrx_word' id='word_1_225' title='bbox 651 3154 788 3213; x_wconf 71' lang='grc' dir='ltr'>οἶδεν</span> <span class='ocrx_word' id='word_1_226' title='bbox 824 3159 856 3229; x_wconf 77' lang='grc' dir='ltr'>ἡ</span> <span class='ocrx_word' id='word_1_227' title='bbox 888 3155 1183 3227; x_wconf 83' lang='grc' dir='ltr'>Ἐκκλησία</span> <span class='ocrx_word' id='word_1_228' title='bbox 1214 3154 1523 3226; x_wconf 86' lang='grc' dir='ltr'>κηρύττειν.</span> <span class='ocrx_word' id='word_1_229' title='bbox 1566 3151 1750 3205; x_wconf 84' lang='grc' dir='ltr'>Ταῦτα</span> <span class='ocrx_word' id='word_1_230' title='bbox 1770 3149 1841 3203; x_wconf 79' lang='grc' dir='ltr'>τὰ</span> 
     </span>
    </p>
   </div>
   <div class='ocr_carea' id='block_1_35' title="bbox 258 3238 1838 3324">
    <p class='ocr_par' dir='ltr' id='par_1_35' title="bbox 258 3238 1838 3324">
     <span class='ocr_line' id='line_1_35' title="bbox 258 3238 1838 3324; baseline -0.009 -15"><span class='ocrx_word' id='word_1_231' title='bbox 258 3254 532 3324; x_wconf 78' lang='grc' dir='ltr'>φάρμακα</span> <span class='ocrx_word' id='word_1_232' title='bbox 566 3251 665 3322; x_wconf 84' lang='grc' dir='ltr'>τῆς</span> <span class='ocrx_word' id='word_1_233' title='bbox 696 3249 890 3313; x_wconf 75' lang='grc' dir='ltr'>ἰάσεως</span> <span class='ocrx_word' id='word_1_234' title='bbox 910 3263 925 3278; x_wconf 86' lang='grc'><strong>·</strong></span> <span class='ocrx_word' id='word_1_235' title='bbox 957 3247 1132 3302; x_wconf 85' lang='grc' dir='ltr'>ταῦτα</span> <span class='ocrx_word' id='word_1_236' title='bbox 1163 3246 1231 3300; x_wconf 84' lang='grc' dir='ltr'>τὰ</span> <span class='ocrx_word' id='word_1_237' title='bbox 1254 3246 1365 3317; x_wconf 82' lang='grc' dir='ltr'>είδη</span> <span class='ocrx_word' id='word_1_238' title='bbox 1393 3243 1493 3315; x_wconf 80' lang='grc' dir='ltr'>τῆς</span> <span class='ocrx_word' id='word_1_239' title='bbox 1526 3238 1838 3316; x_wconf 68' lang='grc' dir='ltr'>μυρεψικῆς</span> 
     </span>
    </p>
   </div>
   <div class='ocr_carea' id='block_1_36' title="bbox 256 3331 1838 3416">
    <p class='ocr_par' dir='ltr' id='par_1_36' title="bbox 256 3331 1838 3416">
     <span class='ocr_line' id='line_1_36' title="bbox 256 3331 1838 3416; baseline -0.011 -18"><span class='ocrx_word' id='word_1_240' title='bbox 256 3342 561 3416; x_wconf 77' lang='grc' dir='ltr'>ἐργασίας·</span> <span class='ocrx_word' id='word_1_241' title='bbox 610 3339 749 3412; x_wconf 82' lang='grc' dir='ltr'>αῦτη</span> <span class='ocrx_word' id='word_1_242' title='bbox 789 3341 823 3411; x_wconf 77' lang='grc' dir='ltr'>ἡ</span> <span class='ocrx_word' id='word_1_243' title='bbox 867 3337 1179 3393; x_wconf 66' lang='grc' dir='ltr'>κατασκευὴ</span> <span class='ocrx_word' id='word_1_244' title='bbox 1219 3335 1315 3389; x_wconf 90' lang='grc' dir='ltr'><strong>τοῦ</strong></span> <span class='ocrx_word' id='word_1_245' title='bbox 1362 3335 1517 3403; x_wconf 82' lang='grc' dir='ltr'>ἁγίου</span> <span class='ocrx_word' id='word_1_246' title='bbox 1563 3331 1743 3386; x_wconf 75' lang='grc' dir='ltr'>ἐλαίου</span> <span class='ocrx_word' id='word_1_247' title='bbox 1781 3332 1838 3381; x_wconf 84' lang='grc' dir='ltr'>ὲν</span> 
     </span>
    </p>
   </div>
   <div class='ocr_carea' id='block_1_37' title="bbox 257 3426 1840 3507">
    <p class='ocr_par' dir='ltr' id='par_1_37' title="bbox 257 3426 1840 3507">
     <span class='ocr_line' id='line_1_37' title="bbox 257 3426 1840 3507; baseline -0.01 -16"><span class='ocrx_word' id='word_1_248' title='bbox 257 3435 342 3507; x_wconf 81' lang='grc' dir='ltr'>τῷ</span> <span class='ocrx_word' id='word_1_249' title='bbox 371 3436 548 3506; x_wconf 68' lang='grc' dir='ltr'>νόμιμ’</span> <span class='ocrx_word' id='word_1_250' title='bbox 587 3430 725 3503; x_wconf 78' lang='grc' dir='ltr'>αῦτη</span> <span class='ocrx_word' id='word_1_251' title='bbox 758 3434 791 3503; x_wconf 71' lang='grc' dir='ltr'><strong>η</strong></span> <span class='ocrx_word' id='word_1_252' title='bbox 822 3429 1247 3502; x_wconf 79' lang='grc' dir='ltr'>ἀρωματίζουσα</span> <span class='ocrx_word' id='word_1_253' title='bbox 1290 3427 1430 3498; x_wconf 77' lang='grc' dir='ltr'>καλὴ</span> <span class='ocrx_word' id='word_1_254' title='bbox 1469 3427 1685 3489; x_wconf 85' lang='grc' dir='ltr'>πίστις.</span> <span class='ocrx_word' id='word_1_255' title='bbox 1720 3426 1840 3477; x_wconf 75' lang='grc' dir='ltr'>ἐπι·</span> 
     </span>
    </p>
   </div>
   <div class='ocr_carea' id='block_1_38' title="bbox 258 3520 1839 3599">
    <p class='ocr_par' dir='ltr' id='par_1_38' title="bbox 258 3520 1839 3599">
     <span class='ocr_line' id='line_1_38' title="bbox 258 3520 1839 3599; baseline -0.008 -16"><span class='ocrx_word' id='word_1_256' title='bbox 258 3528 569 3598; x_wconf 62' lang='grc' dir='ltr'>σφίγγουσα</span> <span class='ocrx_word' id='word_1_257' title='bbox 622 3528 723 3599; x_wconf 80' lang='grc' dir='ltr'>μὲν</span> <span class='ocrx_word' id='word_1_258' title='bbox 756 3526 847 3580; x_wconf 77' lang='grc' dir='ltr'>τὸν</span> <span class='ocrx_word' id='word_1_259' title='bbox 898 3523 1165 3579; x_wconf 79' lang='grc' dir='ltr'>ἀθλοῦντα</span> <span class='ocrx_word' id='word_1_260' title='bbox 1187 3524 1267 3586; x_wconf 87' lang='grc' dir='ltr'><strong>είς</strong></span> <span class='ocrx_word' id='word_1_261' title='bbox 1313 3521 1529 3591; x_wconf 82' lang='grc' dir='ltr'>ἀγῶνα,</span> <span class='ocrx_word' id='word_1_262' title='bbox 1574 3520 1839 3588; x_wconf 75' lang='grc' dir='ltr'>ἐπικηρυ-</span> 
     </span>
    </p>
   </div>
   <div class='ocr_carea' id='block_1_39' title="bbox 256 3605 1839 3691">
    <p class='ocr_par' dir='ltr' id='par_1_39' title="bbox 256 3605 1839 3691">
     <span class='ocr_line' id='line_1_39' title="bbox 256 3605 1839 3691; baseline -0.008 -18"><span class='ocrx_word' id='word_1_263' title='bbox 256 3620 531 3691; x_wconf 81' lang='grc' dir='ltr'>κευομένη</span> <span class='ocrx_word' id='word_1_264' title='bbox 573 3617 628 3673; x_wconf 85' lang='grc' dir='ltr'>δὲ</span> <span class='ocrx_word' id='word_1_265' title='bbox 680 3616 830 3689; x_wconf 80' lang='grc' dir='ltr'>αὐτῷ</span> <span class='ocrx_word' id='word_1_266' title='bbox 868 3617 1125 3671; x_wconf 84' lang='grc' dir='ltr'>διατεῖναι</span> <span class='ocrx_word' id='word_1_267' title='bbox 1159 3612 1251 3667; x_wconf 76' lang='grc' dir='ltr'>τὸν</span> <span class='ocrx_word' id='word_1_268' title='bbox 1276 3613 1518 3684; x_wconf 82' lang='grc' dir='ltr'>δρόμον,</span> <span class='ocrx_word' id='word_1_269' title='bbox 1572 3612 1719 3673; x_wconf 80' lang='grc' dir='ltr'>ὅπως</span> <span class='ocrx_word' id='word_1_270' title='bbox 1750 3605 1839 3661; x_wconf 87' lang='grc' dir='ltr'>δυ-</span> 
     </span>
    </p>
   </div>
   <div class='ocr_carea' id='block_1_40' title="bbox 254 3700 1835 3782">
    <p class='ocr_par' dir='ltr' id='par_1_40' title="bbox 254 3700 1835 3782">
     <span class='ocr_line' id='line_1_40' title="bbox 254 3700 1835 3782; baseline -0.008 -18"><span class='ocrx_word' id='word_1_271' title='bbox 254 3709 399 3782; x_wconf 79' lang='grc' dir='ltr'>νηθῇ</span> <span class='ocrx_word' id='word_1_272' title='bbox 435 3708 842 3780; x_wconf 80' lang='grc' dir='ltr'>στεφανωθῆναι</span> <span class='ocrx_word' id='word_1_273' title='bbox 867 3725 882 3739; x_wconf 74' lang='grc' dir='ltr'><strong>ο</strong></span> <span class='ocrx_word' id='word_1_274' title='bbox 919 3706 1059 3779; x_wconf 82' lang='grc' dir='ltr'>αῦτη</span> <span class='ocrx_word' id='word_1_275' title='bbox 1090 3710 1123 3777; x_wconf 80' lang='grc' dir='ltr'>ἡ</span> <span class='ocrx_word' id='word_1_276' title='bbox 1164 3704 1256 3758; x_wconf 85' lang='grc' dir='ltr'><strong>τοῦ</strong></span> <span class='ocrx_word' id='word_1_277' title='bbox 1289 3703 1422 3757; x_wconf 83' lang='grc' dir='ltr'>Θεοῦ</span> <span class='ocrx_word' id='word_1_278' title='bbox 1463 3700 1835 3773; x_wconf 84' lang='grc' dir='ltr'>πραγματεία,</span> 
     </span>
    </p>
   </div>
   <div class='ocr_carea' id='block_1_41' title="bbox 256 3791 1837 3869">
    <p class='ocr_par' dir='ltr' id='par_1_41' title="bbox 256 3791 1837 3869">
     <span class='ocr_line' id='line_1_41' title="bbox 256 3791 1837 3869; baseline -0.009 -13"><span class='ocrx_word' id='word_1_279' title='bbox 256 3802 472 3864; x_wconf 80' lang='grc' dir='ltr'>πάντας</span> <span class='ocrx_word' id='word_1_280' title='bbox 521 3800 827 3869; x_wconf 86' lang='grc' dir='ltr'>συνάγουσα</span> <span class='ocrx_word' id='word_1_281' title='bbox 863 3800 944 3862; x_wconf 87' lang='grc' dir='ltr'><strong>είς</strong></span> <span class='ocrx_word' id='word_1_282' title='bbox 982 3796 1081 3869; x_wconf 85' lang='grc' dir='ltr'>τὴν</span> <span class='ocrx_word' id='word_1_283' title='bbox 1122 3794 1405 3867; x_wconf 78' lang='grc' dir='ltr'>βασιλικὴν</span> <span class='ocrx_word' id='word_1_284' title='bbox 1442 3791 1706 3856; x_wconf 77' lang='grc' dir='ltr'>διάταξιν,</span> <span class='ocrx_word' id='word_1_285' title='bbox 1742 3791 1837 3843; x_wconf 78' lang='grc' dir='ltr'>καὶ</span> 
     </span>
    </p>
   </div>
   <div class='ocr_carea' id='block_1_42' title="bbox 256 3881 1838 3963">
    <p class='ocr_par' dir='ltr' id='par_1_42' title="bbox 256 3881 1838 3963">
     <span class='ocr_line' id='line_1_42' title="bbox 256 3881 1838 3963; baseline -0.006 -17"><span class='ocrx_word' id='word_1_286' title='bbox 256 3890 549 3963; x_wconf 80' lang='grc' dir='ltr'>πορφύραν</span> <span class='ocrx_word' id='word_1_287' title='bbox 581 3890 680 3961; x_wconf 72' lang='grc' dir='ltr'>μὲν</span> <span class='ocrx_word' id='word_1_288' title='bbox 710 3891 819 3945; x_wconf 77' lang='grc' dir='ltr'><strong>ἀπὸ</strong></span> <span class='ocrx_word' id='word_1_289' title='bbox 847 3889 1140 3959; x_wconf 86' lang='grc' dir='ltr'>θαλάσσης,</span> <span class='ocrx_word' id='word_1_290' title='bbox 1168 3888 1262 3941; x_wconf 79' lang='grc' dir='ltr'><strong>καὶ</strong></span> <span class='ocrx_word' id='word_1_291' title='bbox 1302 3886 1448 3957; x_wconf 74' lang='grc' dir='ltr'>ἔριον</span> <span class='ocrx_word' id='word_1_292' title='bbox 1488 3885 1595 3937; x_wconf 75' lang='grc' dir='ltr'><strong>ἀπὸ</strong></span> <span class='ocrx_word' id='word_1_293' title='bbox 1633 3881 1838 3951; x_wconf 77' lang='grc' dir='ltr'>προϐά-</span> 
     </span>
    </p>
   </div>
   <div class='ocr_carea' id='block_1_43' title="bbox 254 3976 1838 4051">
    <p class='ocr_par' dir='ltr' id='par_1_43' title="bbox 254 3976 1838 4051">
     <span class='ocr_line' id='line_1_43' title="bbox 254 3976 1838 4051; baseline -0.005 -14"><span class='ocrx_word' id='word_1_294' title='bbox 254 3999 377 4044; x_wconf 71' lang='grc' dir='ltr'>του,</span> <span class='ocrx_word' id='word_1_295' title='bbox 403 3981 499 4036; x_wconf 79' lang='grc' dir='ltr'>καὶ</span> <span class='ocrx_word' id='word_1_296' title='bbox 529 3980 672 4034; x_wconf 89' lang='grc' dir='ltr'>λίνον</span> <span class='ocrx_word' id='word_1_297' title='bbox 699 3983 762 4035; x_wconf 81' lang='grc' dir='ltr'>ἐκ</span> <span class='ocrx_word' id='word_1_298' title='bbox 789 3980 915 4051; x_wconf 84' lang='grc' dir='ltr'>γῆς,</span> <span class='ocrx_word' id='word_1_299' title='bbox 949 3979 1043 4032; x_wconf 75' lang='grc' dir='ltr'>καὶ</span> <span class='ocrx_word' id='word_1_300' title='bbox 1083 3976 1302 4048; x_wconf 86' lang='grc' dir='ltr'>βύσσον,</span> <span class='ocrx_word' id='word_1_301' title='bbox 1338 3976 1432 4030; x_wconf 77' lang='grc' dir='ltr'><strong>καὶ</strong></span> <span class='ocrx_word' id='word_1_302' title='bbox 1463 3976 1708 4047; x_wconf 75' lang='grc' dir='ltr'>σηρικδν,</span> <span class='ocrx_word' id='word_1_303' title='bbox 1745 3976 1838 4029; x_wconf 78' lang='grc' dir='ltr'>καὶ</span> 
     </span>
    </p>
   </div>
   <div class='ocr_carea' id='block_1_44' title="bbox 254 4067 1835 4147">
    <p class='ocr_par' dir='ltr' id='par_1_44' title="bbox 254 4067 1835 4147">
     <span class='ocr_line' id='line_1_44' title="bbox 254 4067 1835 4147; baseline -0.003 -20"><span class='ocrx_word' id='word_1_304' title='bbox 254 4074 506 4147; x_wconf 80' lang='grc' dir='ltr'>δέρματα</span> <span class='ocrx_word' id='word_1_305' title='bbox 530 4071 1046 4144; x_wconf 66' lang='grc' dir='ltr'><strong>⁴Ιιρυθροδανωμένα,</strong></span> <span class='ocrx_word' id='word_1_306' title='bbox 1077 4070 1174 4123; x_wconf 76' lang='grc' dir='ltr'><strong>καὶ</strong></span> <span class='ocrx_word' id='word_1_307' title='bbox 1199 4068 1348 4122; x_wconf 88' lang='grc' dir='ltr'>λίθον</span> <span class='ocrx_word' id='word_1_308' title='bbox 1378 4069 1557 4139; x_wconf 90' lang='grc' dir='ltr'>τίμιον</span> <span class='ocrx_word' id='word_1_309' title='bbox 1581 4067 1673 4121; x_wconf 74' lang='grc' dir='ltr'><strong>τὸν</strong></span> <span class='ocrx_word' id='word_1_310' title='bbox 1697 4069 1835 4140; x_wconf 80' lang='grc' dir='ltr'>σμά-</span> 
     </span>
    </p>
   </div>
   <div class='ocr_carea' id='block_1_45' title="bbox 258 4159 1838 4240">
    <p class='ocr_par' dir='ltr' id='par_1_45' title="bbox 258 4159 1838 4240">
     <span class='ocr_line' id='line_1_45' title="bbox 258 4159 1838 4240; baseline -0.004 -21"><span class='ocrx_word' id='word_1_311' title='bbox 258 4166 479 4240; x_wconf 82' lang='grc' dir='ltr'>ραγδον,</span> <span class='ocrx_word' id='word_1_312' title='bbox 511 4163 721 4218; x_wconf 72' lang='grc' dir='ltr'>καὶτὸν</span> <span class='ocrx_word' id='word_1_313' title='bbox 751 4163 1115 4235; x_wconf 85' lang='grc' dir='ltr'>μαργαρίτην,</span> <span class='ocrx_word' id='word_1_314' title='bbox 1154 4160 1246 4214; x_wconf 72' lang='grc' dir='ltr'><strong>τὸν</strong></span> <span class='ocrx_word' id='word_1_315' title='bbox 1289 4161 1518 4232; x_wconf 82' lang='grc' dir='ltr'>ἀχάτην,</span> <span class='ocrx_word' id='word_1_316' title='bbox 1571 4162 1683 4224; x_wconf 80' lang='grc' dir='ltr'>τοῖς</span> <span class='ocrx_word' id='word_1_317' title='bbox 1740 4159 1838 4230; x_wconf 82' lang='grc' dir='ltr'>μὲν</span> 
     </span>
    </p>
   </div>
   <div class='ocr_carea' id='block_1_46' title="bbox 254 4250 1836 4331">
    <p class='ocr_par' dir='ltr' id='par_1_46' title="bbox 254 4250 1836 4331">
     <span class='ocr_line' id='line_1_46' title="bbox 254 4250 1836 4331; baseline -0.005 -21"><span class='ocrx_word' id='word_1_318' title='bbox 254 4257 513 4331; x_wconf 83' lang='grc' dir='ltr'>χρώμασι</span> <span class='ocrx_word' id='word_1_319' title='bbox 552 4254 961 4316; x_wconf 85' lang='grc' dir='ltr'>διαλλάττοντας</span> <span class='ocrx_word' id='word_1_320' title='bbox 1010 4252 1209 4318; x_wconf 90' lang='grc' dir='ltr'>λίθους,</span> <span class='ocrx_word' id='word_1_321' title='bbox 1261 4254 1327 4323; x_wconf 74' lang='grc' dir='ltr'><strong>τῇ</strong></span> <span class='ocrx_word' id='word_1_322' title='bbox 1382 4251 1440 4305; x_wconf 86' lang='grc' dir='ltr'>δὲ</span> <span class='ocrx_word' id='word_1_323' title='bbox 1482 4253 1615 4322; x_wconf 81' lang='grc' dir='ltr'>τιμῇ</span> <span class='ocrx_word' id='word_1_324' title='bbox 1648 4250 1836 4321; x_wconf 82' lang='grc' dir='ltr'>ὁμοτί-</span> 
     </span>
    </p>
   </div>
   <div class='ocr_carea' id='block_1_47' title="bbox 1930 434 3504 513">
    <p class='ocr_par' dir='ltr' id='par_1_47' title="bbox 1930 434 3504 513">
     <span class='ocr_line' id='line_1_47' title="bbox 1930 434 3504 513; baseline 0.001 -15"><span class='ocrx_word' id='word_1_325' title='bbox 1930 453 2125 510; x_wconf 78' lang='lat' dir='ltr'><strong>creent,</strong></span> <span class='ocrx_word' id='word_1_326' title='bbox 2159 444 2381 513; x_wconf 69' lang='lat' dir='ltr'><strong>familiae</strong></span> <span class='ocrx_word' id='word_1_327' title='bbox 2406 460 2589 497; x_wconf 84' lang='lat' dir='ltr'><strong>curam</strong></span> <span class='ocrx_word' id='word_1_328' title='bbox 2616 442 2903 506; x_wconf 75' lang='lat' dir='ltr'><strong>habeant&#39;,</strong></span> <span class='ocrx_word' id='word_1_329' title='bbox 2937 442 3120 497; x_wconf 80' lang='lat' dir='ltr'><strong>brevis</strong></span> <span class='ocrx_word' id='word_1_330' title='bbox 3166 434 3269 497; x_wconf 63' lang='lat' dir='ltr'><strong>est\</strong></span> <span class='ocrx_word' id='word_1_331' title='bbox 3284 457 3350 497; x_wconf 87' lang='lat' dir='ltr'><strong>ac</strong></span> <span class='ocrx_word' id='word_1_332' title='bbox 3389 462 3504 499; x_wconf 84' lang='lat' dir='ltr'><strong>nte-</strong></span> 
     </span>
    </p>
   </div>
   <div class='ocr_carea' id='block_1_48' title="bbox 1931 533 3506 604">
    <p class='ocr_par' dir='ltr' id='par_1_48' title="bbox 1931 533 3506 604">
     <span class='ocr_line' id='line_1_48' title="bbox 1931 533 3506 604; baseline -0.001 -12"><span class='ocrx_word' id='word_1_333' title='bbox 1931 536 2057 592; x_wconf 87' lang='lat' dir='ltr'><strong>dius</strong></span> <span class='ocrx_word' id='word_1_334' title='bbox 2086 536 2353 591; x_wconf 86' lang='lat' dir='ltr'><strong>adversus</strong></span> <span class='ocrx_word' id='word_1_335' title='bbox 2380 536 2501 591; x_wconf 90' lang='lat' dir='ltr'><strong>illos</strong></span> <span class='ocrx_word' id='word_1_336' title='bbox 2527 550 2730 600; x_wconf 84' lang='lat' dir='ltr'><strong>sermo,</strong></span> <span class='ocrx_word' id='word_1_337' title='bbox 2765 533 2859 604; x_wconf 98' lang='lat' dir='ltr'><strong>qui</strong></span> <span class='ocrx_word' id='word_1_338' title='bbox 2891 533 2961 588; x_wconf 88' lang='lat' dir='ltr'><strong>de</strong></span> <span class='ocrx_word' id='word_1_339' title='bbox 2987 533 3134 588; x_wconf 91' lang='lat' dir='ltr'><strong>omni</strong></span> <span class='ocrx_word' id='word_1_340' title='bbox 3168 534 3506 590; x_wconf 84' lang='lat' dir='ltr'><strong>ecclesiasti-</strong></span> 
     </span>
    </p>
   </div>
   <div class='ocr_carea' id='block_1_49' title="bbox 1931 624 3503 697">
    <p class='ocr_par' dir='ltr' id='par_1_49' title="bbox 1931 624 3503 697">
     <span class='ocr_line' id='line_1_49' title="bbox 1931 624 3503 697; baseline 0 -15"><span class='ocrx_word' id='word_1_341' title='bbox 1931 641 2012 682; x_wconf 66' lang='lat' dir='ltr'><strong>ea‘.</strong></span> <span class='ocrx_word' id='word_1_342' title='bbox 2059 628 2323 682; x_wconf 74' lang='lat' dir='ltr'><strong>doctrina:</strong></span> <span class='ocrx_word' id='word_1_343' title='bbox 2368 641 2566 697; x_wconf 88' lang='lat' dir='ltr'><strong>genere</strong></span> <span class='ocrx_word' id='word_1_344' title='bbox 2610 640 2895 697; x_wconf 78' lang='lat' dir='ltr'><strong>perperam</strong></span> <span class='ocrx_word' id='word_1_345' title='bbox 2943 624 3086 693; x_wconf 88' lang='lat' dir='ltr'><strong>apud</strong></span> <span class='ocrx_word' id='word_1_346' title='bbox 3136 640 3196 680; x_wconf 90' lang='lat' dir='ltr'><strong>se</strong></span> <span class='ocrx_word' id='word_1_347' title='bbox 3241 627 3503 695; x_wconf 80' lang='lat' dir='ltr'><strong>cogitant.</strong></span> 
     </span>
    </p>
   </div>
   <div class='ocr_carea' id='block_1_50' title="bbox 1931 716 3507 786">
    <p class='ocr_par' dir='ltr' id='par_1_50' title="bbox 1931 716 3507 786">
     <span class='ocr_line' id='line_1_50' title="bbox 1931 716 3507 786; baseline 0 -15"><span class='ocrx_word' id='word_1_348' title='bbox 1931 719 2063 785; x_wconf 68' lang='lat' dir='ltr'><strong>Qua:</strong></span> <span class='ocrx_word' id='word_1_349' title='bbox 2116 717 2337 785; x_wconf 82' lang='lat' dir='ltr'><strong>quidem</strong></span> <span class='ocrx_word' id='word_1_350' title='bbox 2381 718 2631 772; x_wconf 77' lang='lat' dir='ltr'><strong>doctrina</strong></span> <span class='ocrx_word' id='word_1_351' title='bbox 2673 731 2771 772; x_wconf 87' lang='lat' dir='ltr'><strong>eos</strong></span> <span class='ocrx_word' id='word_1_352' title='bbox 2821 731 3014 771; x_wconf 85' lang='lat' dir='ltr'><strong>omnes</strong></span> <span class='ocrx_word' id='word_1_353' title='bbox 3049 716 3277 785; x_wconf 88' lang='lat' dir='ltr'><strong>respuit,</strong></span> <span class='ocrx_word' id='word_1_354' title='bbox 3309 717 3401 786; x_wconf 86' lang='lat' dir='ltr'><strong>qui</strong></span> <span class='ocrx_word' id='word_1_355' title='bbox 3445 734 3507 771; x_wconf 84' lang='lat' dir='ltr'><strong>se</strong></span> 
     </span>
    </p>
   </div>
   <div class='ocr_carea' id='block_1_51' title="bbox 1930 807 3509 880">
    <p class='ocr_par' dir='ltr' id='par_1_51' title="bbox 1930 807 3509 880">
     <span class='ocr_line' id='line_1_51' title="bbox 1930 807 3509 880; baseline -0.001 -17"><span class='ocrx_word' id='word_1_356' title='bbox 1930 809 2299 880; x_wconf 78' lang='lat' dir='ltr'><strong>Apostolicos.</strong></span> <span class='ocrx_word' id='word_1_357' title='bbox 2354 817 2408 864; x_wconf 89' lang='lat' dir='ltr'><strong>et</strong></span> <span class='ocrx_word' id='word_1_358' title='bbox 2450 808 2764 864; x_wconf 86' lang='lat' dir='ltr'><strong>Encratitas</strong></span> <span class='ocrx_word' id='word_1_359' title='bbox 2815 807 3098 863; x_wconf 86' lang='lat' dir='ltr'><strong>nominant</strong></span> <span class='ocrx_word' id='word_1_360' title='bbox 3133 826 3146 862; x_wconf 91' lang='lat'><strong>:</strong></span> <span class='ocrx_word' id='word_1_361' title='bbox 3182 823 3395 862; x_wconf 82' lang='lat' dir='ltr'><strong>necnon</strong></span> <span class='ocrx_word' id='word_1_362' title='bbox 3453 818 3509 864; x_wconf 89' lang='lat' dir='ltr'><strong>et</strong></span> 
     </span>
    </p>
   </div>
   <div class='ocr_carea' id='block_1_52' title="bbox 1933 898 3505 972">
    <p class='ocr_par' dir='ltr' id='par_1_52' title="bbox 1933 898 3505 972">
     <span class='ocr_line' id='line_1_52' title="bbox 1933 898 3505 972; baseline -0.001 -18"><span class='ocrx_word' id='word_1_363' title='bbox 1933 900 2080 966; x_wconf 90' lang='lat' dir='ltr'><strong>illos,</strong></span> <span class='ocrx_word' id='word_1_364' title='bbox 2114 902 2207 972; x_wconf 85' lang='lat' dir='ltr'><strong>qui</strong></span> <span class='ocrx_word' id='word_1_365' title='bbox 2239 902 2294 956; x_wconf 92' lang='lat' dir='ltr'><strong>in</strong></span> <span class='ocrx_word' id='word_1_366' title='bbox 2328 901 2572 957; x_wconf 87' lang='lat' dir='ltr'><strong>Ecclesia</strong></span> <span class='ocrx_word' id='word_1_367' title='bbox 2616 900 2895 955; x_wconf 87' lang='lat' dir='ltr'><strong>molliores</strong></span> <span class='ocrx_word' id='word_1_368' title='bbox 2924 898 3327 968; x_wconf 90' lang='lat' dir='ltr'><strong>quodammodo</strong></span> <span class='ocrx_word' id='word_1_369' title='bbox 3354 908 3505 963; x_wconf 85' lang='lat' dir='ltr'><strong>sunt,</strong></span> 
     </span>
    </p>
   </div>
   <div class='ocr_carea' id='block_1_53' title="bbox 1934 989 3509 1065">
    <p class='ocr_par' dir='ltr' id='par_1_53' title="bbox 1934 989 3509 1065">
     <span class='ocr_line' id='line_1_53' title="bbox 1934 989 3509 1065; baseline -0.002 -19"><span class='ocrx_word' id='word_1_370' title='bbox 1934 992 2137 1064; x_wconf 88' lang='lat' dir='ltr'><strong>quique</strong></span> <span class='ocrx_word' id='word_1_371' title='bbox 2170 993 2492 1050; x_wconf 84' lang='lat' dir='ltr'><strong>mulieribus</strong></span> <span class='ocrx_word' id='word_1_372' title='bbox 2535 992 2890 1065; x_wconf 74' lang='lat' dir='ltr'><strong>persuadent,</strong></span> <span class='ocrx_word' id='word_1_373' title='bbox 2922 1000 2982 1046; x_wconf 91' lang='lat' dir='ltr'><strong>ut</strong></span> <span class='ocrx_word' id='word_1_374' title='bbox 3007 990 3075 1046; x_wconf 88' lang='lat' dir='ltr'><strong>de</strong></span> <span class='ocrx_word' id='word_1_375' title='bbox 3120 989 3344 1060; x_wconf 76' lang='lat' dir='ltr'><strong>perfecti</strong></span> <span class='ocrx_word' id='word_1_376' title='bbox 3388 1006 3509 1044; x_wconf 89' lang='lat' dir='ltr'><strong>cur-</strong></span> 
     </span>
    </p>
   </div>
   <div class='ocr_carea' id='block_1_54' title="bbox 1933 1068 3507 1149">
    <p class='ocr_par' dir='ltr' id='par_1_54' title="bbox 1933 1068 3507 1149">
     <span class='ocr_line' id='line_1_54' title="bbox 1933 1068 3507 1149; baseline -0.004 -11"><span class='ocrx_word' id='word_1_377' title='bbox 1933 1098 2031 1138; x_wconf 86' lang='lat' dir='ltr'><strong>sus</strong></span> <span class='ocrx_word' id='word_1_378' title='bbox 2079 1068 2437 1138; x_wconf 71' lang='lat' dir='ltr'><strong>contentione</strong></span> <span class='ocrx_word' id='word_1_379' title='bbox 2486 1083 2823 1136; x_wconf 71' lang='lat' dir='ltr'><strong>remittentes</strong></span> <span class='ocrx_word' id='word_1_380' title='bbox 2869 1095 2989 1135; x_wconf 85' lang='lat' dir='ltr'><strong>eam</strong></span> <span class='ocrx_word' id='word_1_381' title='bbox 3034 1079 3207 1149; x_wconf 86' lang='lat' dir='ltr'><strong>ipsam</strong></span> <span class='ocrx_word' id='word_1_382' title='bbox 3263 1077 3507 1132; x_wconf 70' lang='lat' dir='ltr'><strong>[traditus</strong></span> 
     </span>
    </p>
   </div>
   <div class='ocr_carea' id='block_1_55' title="bbox 1933 1167 3506 1242">
    <p class='ocr_par' dir='ltr' id='par_1_55' title="bbox 1933 1167 3506 1242">
     <span class='ocr_line' id='line_1_55' title="bbox 1933 1167 3506 1242; baseline -0.002 -17"><span class='ocrx_word' id='word_1_383' title='bbox 1933 1173 2215 1242; x_wconf 88' lang='lat' dir='ltr'><strong>abjiciant.</strong></span> <span class='ocrx_word' id='word_1_384' title='bbox 2246 1173 2443 1227; x_wconf 89' lang='lat' dir='ltr'><strong>Verum</strong></span> <span class='ocrx_word' id='word_1_385' title='bbox 2501 1178 2723 1241; x_wconf 89' lang='lat' dir='ltr'><strong>peccato</strong></span> <span class='ocrx_word' id='word_1_386' title='bbox 2772 1184 2832 1225; x_wconf 91' lang='lat' dir='ltr'><strong>se</strong></span> <span class='ocrx_word' id='word_1_387' title='bbox 2879 1184 2944 1223; x_wconf 90' lang='lat' dir='ltr'><strong>ac</strong></span> <span class='ocrx_word' id='word_1_388' title='bbox 2986 1167 3195 1237; x_wconf 90' lang='lat' dir='ltr'><strong>judicio</strong></span> <span class='ocrx_word' id='word_1_389' title='bbox 3244 1170 3506 1240; x_wconf 82' lang='lat' dir='ltr'><strong>implicat,</strong></span> 
     </span>
    </p>
   </div>
   <div class='ocr_carea' id='block_1_56' title="bbox 1934 1256 3509 1332">
    <p class='ocr_par' dir='ltr' id='par_1_56' title="bbox 1934 1256 3509 1332">
     <span class='ocr_line' id='line_1_56' title="bbox 1934 1256 3509 1332; baseline -0.003 -17"><span class='ocrx_word' id='word_1_390' title='bbox 1934 1262 2185 1332; x_wconf 84' lang='lat' dir='ltr'><strong>quisquis</strong></span> <span class='ocrx_word' id='word_1_391' title='bbox 2212 1260 2307 1315; x_wconf 88' lang='lat' dir='ltr'><strong>Dei</strong></span> <span class='ocrx_word' id='word_1_392' title='bbox 2340 1259 2705 1331; x_wconf 77' lang='lat' dir='ltr'><strong>virginitatem</strong></span> <span class='ocrx_word' id='word_1_393' title='bbox 2755 1257 2893 1311; x_wconf 93' lang='lat' dir='ltr'><strong>tollit</strong></span> <span class='ocrx_word' id='word_1_394' title='bbox 2923 1272 2954 1312; x_wconf 92' lang='lat' dir='ltr'><strong>e</strong></span> <span class='ocrx_word' id='word_1_395' title='bbox 2986 1256 3188 1321; x_wconf 89' lang='lat' dir='ltr'><strong>medio,</strong></span> <span class='ocrx_word' id='word_1_396' title='bbox 3218 1271 3282 1310; x_wconf 85' lang='lat' dir='ltr'><strong>ac</strong></span> <span class='ocrx_word' id='word_1_397' title='bbox 3330 1265 3509 1311; x_wconf 63' lang='lat' dir='ltr'><strong>certa-</strong></span> 
     </span>
    </p>
   </div>
   <div class='ocr_carea' id='block_1_57' title="bbox 1934 1346 3510 1422">
    <p class='ocr_par' dir='ltr' id='par_1_57' title="bbox 1934 1346 3510 1422">
     <span class='ocr_line' id='line_1_57' title="bbox 1934 1346 3510 1422; baseline -0.002 -15"><span class='ocrx_word' id='word_1_398' title='bbox 1934 1352 2069 1407; x_wconf 91' lang='lat' dir='ltr'><strong>mini</strong></span> <span class='ocrx_word' id='word_1_399' title='bbox 2119 1351 2472 1422; x_wconf 81' lang='lat' dir='ltr'><strong>ignominiam</strong></span> <span class='ocrx_word' id='word_1_400' title='bbox 2519 1348 2833 1405; x_wconf 90' lang='lat' dir='ltr'><strong>consciscit.</strong></span> <span class='ocrx_word' id='word_1_401' title='bbox 2860 1346 2963 1413; x_wconf 86' lang='lat' dir='ltr'><strong>Qui</strong></span> <span class='ocrx_word' id='word_1_402' title='bbox 3001 1348 3145 1402; x_wconf 89' lang='lat' dir='ltr'><strong>enim</strong></span> <span class='ocrx_word' id='word_1_403' title='bbox 3193 1363 3258 1402; x_wconf 81' lang='lat' dir='ltr'><strong>ex</strong></span> <span class='ocrx_word' id='word_1_404' title='bbox 3292 1346 3510 1404; x_wconf 75' lang='lat' dir='ltr'><strong>athletis</strong></span> 
     </span>
    </p>
   </div>
   <div class='ocr_carea' id='block_1_58' title="bbox 1934 1438 3510 1512">
    <p class='ocr_par' dir='ltr' id='par_1_58' title="bbox 1934 1438 3510 1512">
     <span class='ocr_line' id='line_1_58' title="bbox 1934 1438 3510 1512; baseline -0.004 -14"><span class='ocrx_word' id='word_1_405' title='bbox 1934 1441 2253 1498; x_wconf 87' lang='lat' dir='ltr'><strong>certaminis</strong></span> <span class='ocrx_word' id='word_1_406' title='bbox 2278 1443 2424 1512; x_wconf 81' lang='lat' dir='ltr'><strong>leges</strong></span> <span class='ocrx_word' id='word_1_407' title='bbox 2450 1440 2641 1507; x_wconf 84' lang='lat' dir='ltr'><strong>violat,</strong></span> <span class='ocrx_word' id='word_1_408' title='bbox 2682 1454 2806 1494; x_wconf 88' lang='lat' dir='ltr'><strong>eum</strong></span> <span class='ocrx_word' id='word_1_409' title='bbox 2842 1438 3169 1494; x_wconf 85' lang='lat' dir='ltr'><strong>verberibus</strong></span> <span class='ocrx_word' id='word_1_410' title='bbox 3202 1454 3231 1492; x_wconf 93' lang='lat' dir='ltr'><strong>a</strong></span> <span class='ocrx_word' id='word_1_411' title='bbox 3260 1441 3510 1494; x_wconf 86' lang='lat' dir='ltr'><strong>certami-</strong></span> 
     </span>
    </p>
   </div>
   <div class='ocr_carea' id='block_1_59' title="bbox 1935 1531 3511 1604">
    <p class='ocr_par' dir='ltr' id='par_1_59' title="bbox 1935 1531 3511 1604">
     <span class='ocr_line' id='line_1_59' title="bbox 1935 1531 3511 1604; baseline -0.002 -15"><span class='ocrx_word' id='word_1_412' title='bbox 1935 1550 2005 1591; x_wconf 87' lang='lat' dir='ltr'><strong>ne</strong></span> <span class='ocrx_word' id='word_1_413' title='bbox 2038 1534 2314 1604; x_wconf 88' lang='lat' dir='ltr'><strong>dejieitur.</strong></span> <span class='ocrx_word' id='word_1_414' title='bbox 2351 1532 2428 1588; x_wconf 90' lang='lat' dir='ltr'><strong>lta</strong></span> <span class='ocrx_word' id='word_1_415' title='bbox 2462 1533 2556 1602; x_wconf 88' lang='lat' dir='ltr'><strong>qui</strong></span> <span class='ocrx_word' id='word_1_416' title='bbox 2594 1531 2962 1601; x_wconf 78' lang='lat' dir='ltr'><strong>virginitatem</strong></span> <span class='ocrx_word' id='word_1_417' title='bbox 2989 1531 3319 1600; x_wconf 89' lang='lat' dir='ltr'><strong>corruperit,</strong></span> <span class='ocrx_word' id='word_1_418' title='bbox 3350 1531 3419 1586; x_wconf 88' lang='lat' dir='ltr'><strong>ab</strong></span> <span class='ocrx_word' id='word_1_419' title='bbox 3443 1546 3511 1586; x_wconf 89' lang='lat' dir='ltr'><strong>eo</strong></span> 
     </span>
    </p>
   </div>
   <div class='ocr_carea' id='block_1_60' title="bbox 1936 1622 3513 1697">
    <p class='ocr_par' dir='ltr' id='par_1_60' title="bbox 1936 1622 3513 1697">
     <span class='ocr_line' id='line_1_60' title="bbox 1936 1622 3513 1697; baseline -0.001 -18"><span class='ocrx_word' id='word_1_420' title='bbox 1936 1629 2058 1697; x_wconf 91' lang='lat' dir='ltr'><strong>ipso</strong></span> <span class='ocrx_word' id='word_1_421' title='bbox 2088 1625 2387 1687; x_wconf 88' lang='lat' dir='ltr'><strong>curriculo,</strong></span> <span class='ocrx_word' id='word_1_422' title='bbox 2420 1634 2474 1679; x_wconf 89' lang='lat' dir='ltr'><strong>et</strong></span> <span class='ocrx_word' id='word_1_423' title='bbox 2506 1623 2668 1693; x_wconf 75' lang='lat'><strong>512</strong></span> <span class='ocrx_word' id='word_1_424' title='bbox 2696 1637 2922 1688; x_wconf 88' lang='lat' dir='ltr'><strong>corona,</strong></span> <span class='ocrx_word' id='word_1_425' title='bbox 2959 1622 3291 1691; x_wconf 65' lang='lat' dir='ltr'><strong>praemiaque</strong></span> <span class='ocrx_word' id='word_1_426' title='bbox 3340 1624 3513 1692; x_wconf 87' lang='lat' dir='ltr'><strong>repel-</strong></span> 
     </span>
    </p>
   </div>
   <div class='ocr_carea' id='block_1_61' title="bbox 1935 1711 3510 1783">
    <p class='ocr_par' dir='ltr' id='par_1_61' title="bbox 1935 1711 3510 1783">
     <span class='ocr_line' id='line_1_61' title="bbox 1935 1711 3510 1783; baseline -0.002 -13"><span class='ocrx_word' id='word_1_427' title='bbox 1935 1717 2087 1770; x_wconf 90' lang='lat' dir='ltr'><strong>litur.</strong></span> <span class='ocrx_word' id='word_1_428' title='bbox 2114 1714 2316 1769; x_wconf 78' lang='lat' dir='ltr'><strong>Verum</strong></span> <span class='ocrx_word' id='word_1_429' title='bbox 2373 1713 2571 1769; x_wconf 88' lang='lat' dir='ltr'><strong>melius</strong></span> <span class='ocrx_word' id='word_1_430' title='bbox 2630 1714 2819 1782; x_wconf 86' lang='lat' dir='ltr'><strong>utique</strong></span> <span class='ocrx_word' id='word_1_431' title='bbox 2870 1711 3139 1781; x_wconf 89' lang='lat' dir='ltr'><strong>judicium</strong></span> <span class='ocrx_word' id='word_1_432' title='bbox 3201 1721 3305 1777; x_wconf 89' lang='lat' dir='ltr'><strong>est,</strong></span> <span class='ocrx_word' id='word_1_433' title='bbox 3344 1728 3510 1783; x_wconf 87' lang='lat' dir='ltr'><strong>quam</strong></span> 
     </span>
    </p>
   </div>
   <div class='ocr_carea' id='block_1_62' title="bbox 1935 1802 3514 1874">
    <p class='ocr_par' dir='ltr' id='par_1_62' title="bbox 1935 1802 3514 1874">
     <span class='ocr_line' id='line_1_62' title="bbox 1935 1802 3514 1874; baseline -0.001 -14"><span class='ocrx_word' id='word_1_434' title='bbox 1935 1806 2233 1861; x_wconf 88' lang='lat' dir='ltr'><strong>damnatio.</strong></span> <span class='ocrx_word' id='word_1_435' title='bbox 2263 1804 2397 1858; x_wconf 84' lang='lat' dir='ltr'><strong>Nam</strong></span> <span class='ocrx_word' id='word_1_436' title='bbox 2448 1804 2564 1874; x_wconf 86' lang='lat' dir='ltr'><strong>qui,</strong></span> <span class='ocrx_word' id='word_1_437' title='bbox 2600 1814 2660 1857; x_wconf 91' lang='lat' dir='ltr'><strong>ut</strong></span> <span class='ocrx_word' id='word_1_438' title='bbox 2697 1818 2766 1857; x_wconf 90' lang='lat' dir='ltr'><strong>ne</strong></span> <span class='ocrx_word' id='word_1_439' title='bbox 2800 1802 2941 1872; x_wconf 87' lang='lat' dir='ltr'><strong>apud</strong></span> <span class='ocrx_word' id='word_1_440' title='bbox 2982 1803 3229 1858; x_wconf 88' lang='lat' dir='ltr'><strong>homines</strong></span> <span class='ocrx_word' id='word_1_441' title='bbox 3278 1804 3333 1858; x_wconf 92' lang='lat' dir='ltr'><strong>in</strong></span> <span class='ocrx_word' id='word_1_442' title='bbox 3377 1804 3514 1858; x_wconf 79' lang='lat' dir='ltr'><strong>inla-</strong></span> 
     </span>
    </p>
   </div>
   <div class='ocr_carea' id='block_1_63' title="bbox 1935 1894 3515 1963">
    <p class='ocr_par' dir='ltr' id='par_1_63' title="bbox 1935 1894 3515 1963">
     <span class='ocr_line' id='line_1_63' title="bbox 1935 1894 3515 1963; baseline -0.001 -14"><span class='ocrx_word' id='word_1_443' title='bbox 1935 1896 2101 1950; x_wconf 88' lang='lat' dir='ltr'><strong>miam</strong></span> <span class='ocrx_word' id='word_1_444' title='bbox 2150 1894 2515 1958; x_wconf 83' lang='lat' dir='ltr'><strong>addueantur,</strong></span> <span class='ocrx_word' id='word_1_445' title='bbox 2541 1894 2681 1946; x_wconf 86' lang='lat' dir='ltr'><strong>clam</strong></span> <span class='ocrx_word' id='word_1_446' title='bbox 2737 1900 2987 1961; x_wconf 87' lang='lat' dir='ltr'><strong>stuprum</strong></span> <span class='ocrx_word' id='word_1_447' title='bbox 3042 1903 3376 1963; x_wconf 87' lang='lat' dir='ltr'><strong>perpetrant,</strong></span> <span class='ocrx_word' id='word_1_448' title='bbox 3404 1911 3515 1951; x_wconf 87' lang='lat' dir='ltr'><strong>mo-</strong></span> 
     </span>
    </p>
   </div>
   <div class='ocr_carea' id='block_1_64' title="bbox 1936 1984 3511 2056">
    <p class='ocr_par' dir='ltr' id='par_1_64' title="bbox 1936 1984 3511 2056">
     <span class='ocr_line' id='line_1_64' title="bbox 1936 1984 3511 2056; baseline -0.001 -15"><span class='ocrx_word' id='word_1_449' title='bbox 1936 1986 2165 2042; x_wconf 68' lang='lat' dir='ltr'><strong>nastica:</strong></span> <span class='ocrx_word' id='word_1_450' title='bbox 2189 1987 2329 2050; x_wconf 81' lang='lat' dir='ltr'><strong>vitae,</strong></span> <span class='ocrx_word' id='word_1_451' title='bbox 2349 1985 2433 2039; x_wconf 90' lang='lat' dir='ltr'><strong>vel</strong></span> <span class='ocrx_word' id='word_1_452' title='bbox 2456 1984 2810 2039; x_wconf 63' lang='lat' dir='ltr'><strong>continentiae</strong></span> <span class='ocrx_word' id='word_1_453' title='bbox 2834 1984 3130 2054; x_wconf 86' lang='lat' dir='ltr'><strong>sponsione</strong></span> <span class='ocrx_word' id='word_1_454' title='bbox 3156 2000 3263 2040; x_wconf 90' lang='lat' dir='ltr'><strong>non</strong></span> <span class='ocrx_word' id='word_1_455' title='bbox 3285 2000 3346 2039; x_wconf 89' lang='lat' dir='ltr'><strong>se</strong></span> <span class='ocrx_word' id='word_1_456' title='bbox 3368 1986 3511 2056; x_wconf 90' lang='lat' dir='ltr'><strong>apud</strong></span> 
     </span>
    </p>
   </div>
   <div class='ocr_carea' id='block_1_65' title="bbox 1936 2074 3512 2147">
    <p class='ocr_par' dir='ltr' id='par_1_65' title="bbox 1936 2074 3512 2147">
     <span class='ocr_line' id='line_1_65' title="bbox 1936 2074 3512 2147; baseline -0.003 -14"><span class='ocrx_word' id='word_1_457' title='bbox 1936 2077 2191 2134; x_wconf 85' lang='lat' dir='ltr'><strong>homines</strong></span> <span class='ocrx_word' id='word_1_458' title='bbox 2238 2077 2501 2147; x_wconf 85' lang='lat' dir='ltr'><strong>obligant,</strong></span> <span class='ocrx_word' id='word_1_459' title='bbox 2534 2075 2628 2133; x_wconf 89' lang='lat' dir='ltr'><strong>sed</strong></span> <span class='ocrx_word' id='word_1_460' title='bbox 2677 2074 2821 2146; x_wconf 87' lang='lat' dir='ltr'><strong>apud</strong></span> <span class='ocrx_word' id='word_1_461' title='bbox 2869 2074 3057 2140; x_wconf 84' lang='lat' dir='ltr'><strong>Deum.</strong></span> <span class='ocrx_word' id='word_1_462' title='bbox 3085 2077 3179 2147; x_wconf 90' lang='lat' dir='ltr'><strong>qui</strong></span> <span class='ocrx_word' id='word_1_463' title='bbox 3215 2085 3269 2131; x_wconf 92' lang='lat' dir='ltr'><strong>et</strong></span> <span class='ocrx_word' id='word_1_464' title='bbox 3296 2077 3512 2131; x_wconf 88' lang='lat' dir='ltr'><strong>occulta</strong></span> 
     </span>
    </p>
   </div>
   <div class='ocr_carea' id='block_1_66' title="bbox 1937 2165 3513 2239">
    <p class='ocr_par' dir='ltr' id='par_1_66' title="bbox 1937 2165 3513 2239">
     <span class='ocr_line' id='line_1_66' title="bbox 1937 2165 3513 2239; baseline -0.002 -16"><span class='ocrx_word' id='word_1_465' title='bbox 1937 2168 2241 2239; x_wconf 84' lang='lat' dir='ltr'><strong>cOgnoscit.</strong></span> <span class='ocrx_word' id='word_1_466' title='bbox 2273 2175 2328 2223; x_wconf 92' lang='lat' dir='ltr'><strong>et</strong></span> <span class='ocrx_word' id='word_1_467' title='bbox 2382 2167 2435 2221; x_wconf 91' lang='lat' dir='ltr'><strong>in</strong></span> <span class='ocrx_word' id='word_1_468' title='bbox 2494 2165 2729 2220; x_wconf 90' lang='lat' dir='ltr'><strong>adventu</strong></span> <span class='ocrx_word' id='word_1_469' title='bbox 2780 2180 2881 2220; x_wconf 92' lang='lat' dir='ltr'><strong>suo</strong></span> <span class='ocrx_word' id='word_1_470' title='bbox 2938 2166 3245 2220; x_wconf 90' lang='lat' dir='ltr'><strong>universam</strong></span> <span class='ocrx_word' id='word_1_471' title='bbox 3294 2181 3513 2222; x_wconf 90' lang='lat' dir='ltr'><strong>carnem</strong></span> 
     </span>
    </p>
   </div>
   <div class='ocr_carea' id='block_1_67' title="bbox 1936 2257 3510 2330">
    <p class='ocr_par' dir='ltr' id='par_1_67' title="bbox 1936 2257 3510 2330">
     <span class='ocr_line' id='line_1_67' title="bbox 1936 2257 3510 2330; baseline -0.001 -16"><span class='ocrx_word' id='word_1_472' title='bbox 1936 2260 2245 2330; x_wconf 81' lang='lat' dir='ltr'><strong>redarguit,</strong></span> <span class='ocrx_word' id='word_1_473' title='bbox 2281 2259 2336 2313; x_wconf 92' lang='lat' dir='ltr'><strong>in</strong></span> <span class='ocrx_word' id='word_1_474' title='bbox 2376 2257 2576 2328; x_wconf 82' lang='lat' dir='ltr'><strong>quibus</strong></span> <span class='ocrx_word' id='word_1_475' title='bbox 2618 2257 2869 2311; x_wconf 84' lang='lat' dir='ltr'><strong>videlicet</strong></span> <span class='ocrx_word' id='word_1_476' title='bbox 2898 2258 3133 2327; x_wconf 88' lang='lat' dir='ltr'><strong>quisque</strong></span> <span class='ocrx_word' id='word_1_477' title='bbox 3179 2261 3510 2328; x_wconf 88' lang='lat' dir='ltr'><strong>peccaverit.</strong></span> 
     </span>
    </p>
   </div>
   <div class='ocr_carea' id='block_1_68' title="bbox 1938 2337 3512 2415">
    <p class='ocr_par' dir='ltr' id='par_1_68' title="bbox 1938 2337 3512 2415">
     <span class='ocr_line' id='line_1_68' title="bbox 1938 2337 3512 2415; baseline 0.001 -13"><span class='ocrx_word' id='word_1_478' title='bbox 1938 2337 2206 2410; x_wconf 73' lang='lat' dir='ltr'><strong>Quocirca</strong></span> <span class='ocrx_word' id='word_1_479' title='bbox 2235 2347 2411 2402; x_wconf 89' lang='lat' dir='ltr'><strong>satius</strong></span> <span class='ocrx_word' id='word_1_480' title='bbox 2443 2352 2528 2401; x_wconf 89' lang='lat' dir='ltr'><strong>est</strong></span> <span class='ocrx_word' id='word_1_481' title='bbox 2561 2360 2671 2400; x_wconf 91' lang='lat' dir='ltr'><strong>uno</strong></span> <span class='ocrx_word' id='word_1_482' title='bbox 2703 2362 2759 2399; x_wconf 88' lang='lat' dir='ltr'><strong>se</strong></span> <span class='ocrx_word' id='word_1_483' title='bbox 2789 2355 3018 2415; x_wconf 87' lang='lat' dir='ltr'><strong>peccato</strong></span> <span class='ocrx_word' id='word_1_484' title='bbox 3055 2361 3217 2415; x_wconf 90' lang='lat' dir='ltr'><strong>quam</strong></span> <span class='ocrx_word' id='word_1_485' title='bbox 3262 2348 3512 2415; x_wconf 88' lang='lat' dir='ltr'><strong>pluribus</strong></span> 
     </span>
    </p>
   </div>
   <div class='ocr_carea' id='block_1_69' title="bbox 1938 2436 3508 2507">
    <p class='ocr_par' dir='ltr' id='par_1_69' title="bbox 1938 2436 3508 2507">
     <span class='ocr_line' id='line_1_69' title="bbox 1938 2436 3508 2507; baseline 0.001 -15"><span class='ocrx_word' id='word_1_486' title='bbox 1938 2438 2297 2507; x_wconf 84' lang='lat' dir='ltr'><strong>obstringere.</strong></span> <span class='ocrx_word' id='word_1_487' title='bbox 2333 2437 2518 2492; x_wconf 88' lang='lat' dir='ltr'><strong>Satius</strong></span> <span class='ocrx_word' id='word_1_488' title='bbox 2567 2444 2673 2501; x_wconf 87' lang='lat' dir='ltr'><strong>est,</strong></span> <span class='ocrx_word' id='word_1_489' title='bbox 2701 2436 2791 2491; x_wconf 92' lang='lat' dir='ltr'><strong>ubi</strong></span> <span class='ocrx_word' id='word_1_490' title='bbox 2842 2452 2870 2490; x_wconf 90' lang='lat' dir='ltr'><strong>a</strong></span> <span class='ocrx_word' id='word_1_491' title='bbox 2903 2438 3179 2493; x_wconf 85' lang='lat' dir='ltr'><strong>curriculo</strong></span> <span class='ocrx_word' id='word_1_492' title='bbox 3221 2439 3508 2505; x_wconf 66' lang='lat' dir='ltr'><strong>exciderit,</strong></span> 
     </span>
    </p>
   </div>
   <div class='ocr_carea' id='block_1_70' title="bbox 1937 2526 3513 2599">
    <p class='ocr_par' dir='ltr' id='par_1_70' title="bbox 1937 2526 3513 2599">
     <span class='ocr_line' id='line_1_70' title="bbox 1937 2526 3513 2599; baseline 0.001 -17"><span class='ocrx_word' id='word_1_493' title='bbox 1937 2529 2116 2599; x_wconf 79' lang='lat' dir='ltr'><strong>palam</strong></span> <span class='ocrx_word' id='word_1_494' title='bbox 2161 2526 2267 2582; x_wconf 87' lang='lat' dir='ltr'><strong>sibi</strong></span> <span class='ocrx_word' id='word_1_495' title='bbox 2308 2541 2533 2582; x_wconf 77' lang='lat' dir='ltr'><strong>uxorem</strong></span> <span class='ocrx_word' id='word_1_496' title='bbox 2580 2526 2836 2597; x_wconf 83' lang='lat' dir='ltr'><strong>legitimis</strong></span> <span class='ocrx_word' id='word_1_497' title='bbox 2870 2527 3077 2598; x_wconf 88' lang='lat' dir='ltr'><strong>nuptiis</strong></span> <span class='ocrx_word' id='word_1_498' title='bbox 3105 2528 3419 2598; x_wconf 89' lang='lat' dir='ltr'><strong>adjungere,</strong></span> <span class='ocrx_word' id='word_1_499' title='bbox 3448 2543 3513 2583; x_wconf 87' lang='lat' dir='ltr'><strong>ac</strong></span> 
     </span>
    </p>
   </div>
   <div class='ocr_carea' id='block_1_71' title="bbox 1937 2617 3516 2690">
    <p class='ocr_par' dir='ltr' id='par_1_71' title="bbox 1937 2617 3516 2690">
     <span class='ocr_line' id='line_1_71' title="bbox 1937 2617 3516 2690; baseline 0 -17"><span class='ocrx_word' id='word_1_500' title='bbox 1937 2628 2061 2689; x_wconf 80' lang='lat' dir='ltr'><strong>post</strong></span> <span class='ocrx_word' id='word_1_501' title='bbox 2103 2618 2466 2688; x_wconf 84' lang='lat' dir='ltr'><strong>virginitatem</strong></span> <span class='ocrx_word' id='word_1_502' title='bbox 2515 2618 2680 2689; x_wconf 91' lang='lat' dir='ltr'><strong>longo</strong></span> <span class='ocrx_word' id='word_1_503' title='bbox 2730 2617 3019 2671; x_wconf 86' lang='lat' dir='ltr'><strong>intervallo</strong></span> <span class='ocrx_word' id='word_1_504' title='bbox 3053 2627 3307 2690; x_wconf 80' lang='lat' dir='ltr'><strong>suscepta</strong></span> <span class='ocrx_word' id='word_1_505' title='bbox 3340 2619 3516 2689; x_wconf 67' lang='lat' dir='ltr'><strong>poeni-</strong></span> 
     </span>
    </p>
   </div>
   <div class='ocr_carea' id='block_1_72' title="bbox 1940 2707 3517 2780">
    <p class='ocr_par' dir='ltr' id='par_1_72' title="bbox 1940 2707 3517 2780">
     <span class='ocr_line' id='line_1_72' title="bbox 1940 2707 3517 2780; baseline -0.001 -17"><span class='ocrx_word' id='word_1_506' title='bbox 1940 2708 2115 2763; x_wconf 85' lang='lat' dir='ltr'><strong>tentia</strong></span> <span class='ocrx_word' id='word_1_507' title='bbox 2164 2710 2362 2763; x_wconf 87' lang='lat' dir='ltr'><strong>iterum</strong></span> <span class='ocrx_word' id='word_1_508' title='bbox 2410 2707 2669 2764; x_wconf 69' lang='lat' dir='ltr'><strong>Ecclesia:</strong></span> <span class='ocrx_word' id='word_1_509' title='bbox 2720 2708 3091 2770; x_wconf 80' lang='lat' dir='ltr'><strong>reconciliari,</strong></span> <span class='ocrx_word' id='word_1_510' title='bbox 3126 2716 3313 2779; x_wconf 85' lang='lat' dir='ltr'><strong>utpote</strong></span> <span class='ocrx_word' id='word_1_511' title='bbox 3338 2710 3517 2780; x_wconf 90' lang='lat' dir='ltr'><strong>quiet</strong></span> 
     </span>
    </p>
   </div>
   <div class='ocr_carea' id='block_1_73' title="bbox 1938 2798 3515 2870">
    <p class='ocr_par' dir='ltr' id='par_1_73' title="bbox 1938 2798 3515 2870">
     <span class='ocr_line' id='line_1_73' title="bbox 1938 2798 3515 2870; baseline -0.001 -16"><span class='ocrx_word' id='word_1_512' title='bbox 1938 2808 2223 2870; x_wconf 89' lang='lat' dir='ltr'><strong>peccatum</strong></span> <span class='ocrx_word' id='word_1_513' title='bbox 2271 2798 2575 2863; x_wconf 76' lang='lat' dir='ltr'><strong>admiserit,</strong></span> <span class='ocrx_word' id='word_1_514' title='bbox 2602 2806 2657 2854; x_wconf 89' lang='lat' dir='ltr'><strong>et</strong></span> <span class='ocrx_word' id='word_1_515' title='bbox 2700 2800 2994 2869; x_wconf 89' lang='lat' dir='ltr'><strong>prolapsus</strong></span> <span class='ocrx_word' id='word_1_516' title='bbox 3036 2798 3221 2857; x_wconf 76' lang='lat' dir='ltr'><strong>fuerit.</strong></span> <span class='ocrx_word' id='word_1_517' title='bbox 3252 2808 3306 2854; x_wconf 89' lang='lat' dir='ltr'><strong>et</strong></span> <span class='ocrx_word' id='word_1_518' title='bbox 3342 2800 3515 2854; x_wconf 82' lang='lat' dir='ltr'><strong>infra-</strong></span> 
     </span>
    </p>
   </div>
   <div class='ocr_carea' id='block_1_74' title="bbox 1942 2890 3514 2960">
    <p class='ocr_par' dir='ltr' id='par_1_74' title="bbox 1942 2890 3514 2960">
     <span class='ocr_line' id='line_1_74' title="bbox 1942 2890 3514 2960; baseline 0.001 -15"><span class='ocrx_word' id='word_1_519' title='bbox 1942 2900 2088 2955; x_wconf 90' lang='lat' dir='ltr'><strong>ctus,</strong></span> <span class='ocrx_word' id='word_1_520' title='bbox 2120 2899 2175 2945; x_wconf 91' lang='lat' dir='ltr'><strong>et</strong></span> <span class='ocrx_word' id='word_1_521' title='bbox 2222 2890 2557 2960; x_wconf 89' lang='lat' dir='ltr'><strong>obligatione</strong></span> <span class='ocrx_word' id='word_1_522' title='bbox 2586 2890 2830 2945; x_wconf 90' lang='lat' dir='ltr'><strong>vulneris</strong></span> <span class='ocrx_word' id='word_1_523' title='bbox 2876 2906 3015 2959; x_wconf 87' lang='lat' dir='ltr'><strong>opus</strong></span> <span class='ocrx_word' id='word_1_524' title='bbox 3060 2890 3275 2953; x_wconf 83' lang='lat' dir='ltr'><strong>habeat,</strong></span> <span class='ocrx_word' id='word_1_525' title='bbox 3300 2899 3358 2945; x_wconf 91' lang='lat' dir='ltr'><strong>ut</strong></span> <span class='ocrx_word' id='word_1_526' title='bbox 3406 2907 3514 2947; x_wconf 92' lang='lat' dir='ltr'><strong>non</strong></span> 
     </span>
    </p>
   </div>
   <div class='ocr_carea' id='block_1_75' title="bbox 1940 2978 3517 3050">
    <p class='ocr_par' dir='ltr' id='par_1_75' title="bbox 1940 2978 3517 3050">
     <span class='ocr_line' id='line_1_75' title="bbox 1940 2978 3517 3050; baseline 0 -14"><span class='ocrx_word' id='word_1_527' title='bbox 1940 2981 2172 3037; x_wconf 86' lang='lat' dir='ltr'><strong>occultis</strong></span> <span class='ocrx_word' id='word_1_528' title='bbox 2202 2981 2258 3036; x_wconf 93' lang='lat' dir='ltr'><strong>in</strong></span> <span class='ocrx_word' id='word_1_529' title='bbox 2289 2979 2407 3037; x_wconf 89' lang='lat' dir='ltr'><strong>dies</strong></span> <span class='ocrx_word' id='word_1_530' title='bbox 2437 2980 2695 3037; x_wconf 61' lang='lat' dir='ltr'><strong>immissa:</strong></span> <span class='ocrx_word' id='word_1_531' title='bbox 2726 2996 2756 3034; x_wconf 90' lang='lat' dir='ltr'><strong>a</strong></span> <span class='ocrx_word' id='word_1_532' title='bbox 2783 2978 2999 3035; x_wconf 87' lang='lat' dir='ltr'><strong>diabolo</strong></span> <span class='ocrx_word' id='word_1_533' title='bbox 3040 2980 3295 3050; x_wconf 70' lang='lat' dir='ltr'><strong>nequitiae</strong></span> <span class='ocrx_word' id='word_1_534' title='bbox 3317 2980 3517 3050; x_wconf 82' lang='lat' dir='ltr'><strong>jaculis</strong></span> 
     </span>
    </p>
   </div>
   <div class='ocr_carea' id='block_1_76' title="bbox 1940 3071 2237 3127">
    <p class='ocr_par' dir='ltr' id='par_1_76' title="bbox 1940 3071 2237 3127">
     <span class='ocr_line' id='line_1_76' title="bbox 1940 3071 2237 3127; baseline -0.01 0"><span class='ocrx_word' id='word_1_535' title='bbox 1940 3071 2237 3127; x_wconf 89' lang='lat' dir='ltr'><strong>saucietur.</strong></span> 
     </span>
    </p>
   </div>
   <div class='ocr_carea' id='block_1_77' title="bbox 2014 3157 3518 3229">
    <p class='ocr_par' dir='ltr' id='par_1_77' title="bbox 2014 3157 3518 3229">
     <span class='ocr_line' id='line_1_77' title="bbox 2014 3157 3518 3229; baseline -0.001 -15"><span class='ocrx_word' id='word_1_536' title='bbox 2014 3157 2147 3214; x_wconf 83' lang='lat' dir='ltr'><strong>Vill.</strong></span> <span class='ocrx_word' id='word_1_537' title='bbox 2192 3159 2347 3215; x_wconf 92' lang='lat' dir='ltr'><strong>llunc</strong></span> <span class='ocrx_word' id='word_1_538' title='bbox 2396 3159 2452 3213; x_wconf 90' lang='lat' dir='ltr'><strong>in</strong></span> <span class='ocrx_word' id='word_1_539' title='bbox 2498 3159 2718 3214; x_wconf 89' lang='lat' dir='ltr'><strong>modum</strong></span> <span class='ocrx_word' id='word_1_540' title='bbox 2749 3158 3048 3229; x_wconf 72' lang='lat' dir='ltr'><strong>praedicare</strong></span> <span class='ocrx_word' id='word_1_541' title='bbox 3096 3159 3381 3213; x_wconf 88' lang='lat' dir='ltr'><strong>consuevit</strong></span> <span class='ocrx_word' id='word_1_542' title='bbox 3414 3157 3518 3213; x_wconf 78' lang='lat' dir='ltr'><strong>Ec-</strong></span> 
     </span>
    </p>
   </div>
   <div class='ocr_carea' id='block_1_78' title="bbox 1938 3249 3517 3318">
    <p class='ocr_par' dir='ltr' id='par_1_78' title="bbox 1938 3249 3517 3318">
     <span class='ocr_line' id='line_1_78' title="bbox 1938 3249 3517 3318; baseline -0.001 -14"><span class='ocrx_word' id='word_1_543' title='bbox 1938 3250 2130 3307; x_wconf 89' lang='lat' dir='ltr'><strong>clesia.</strong></span> <span class='ocrx_word' id='word_1_544' title='bbox 2163 3249 2291 3305; x_wconf 64' lang='lat' dir='ltr'><strong>llaec</strong></span> <span class='ocrx_word' id='word_1_545' title='bbox 2341 3249 2408 3304; x_wconf 89' lang='lat' dir='ltr'><strong>ad</strong></span> <span class='ocrx_word' id='word_1_546' title='bbox 2455 3250 2756 3305; x_wconf 90' lang='lat' dir='ltr'><strong>remedium</strong></span> <span class='ocrx_word' id='word_1_547' title='bbox 2783 3258 3095 3318; x_wconf 87' lang='lat' dir='ltr'><strong>comparata</strong></span> <span class='ocrx_word' id='word_1_548' title='bbox 3122 3250 3517 3304; x_wconf 72' lang='lat' dir='ltr'><strong>medicamenta</strong></span> 
     </span>
    </p>
   </div>
   <div class='ocr_carea' id='block_1_79' title="bbox 1938 3337 3518 3409">
    <p class='ocr_par' dir='ltr' id='par_1_79' title="bbox 1938 3337 3518 3409">
     <span class='ocr_line' id='line_1_79' title="bbox 1938 3337 3518 3409; baseline -0.003 -15"><span class='ocrx_word' id='word_1_549' title='bbox 1938 3347 2102 3403; x_wconf 90' lang='lat' dir='ltr'><strong>sunt;</strong></span> <span class='ocrx_word' id='word_1_550' title='bbox 2132 3339 2247 3394; x_wconf 66' lang='lat' dir='ltr'><strong>haec</strong></span> <span class='ocrx_word' id='word_1_551' title='bbox 2290 3337 2595 3409; x_wconf 86' lang='lat' dir='ltr'><strong>seplasiarii</strong></span> <span class='ocrx_word' id='word_1_552' title='bbox 2639 3338 2821 3407; x_wconf 90' lang='lat' dir='ltr'><strong>operis</strong></span> <span class='ocrx_word' id='word_1_553' title='bbox 2854 3353 3055 3407; x_wconf 86' lang='lat' dir='ltr'><strong>genera</strong></span> <span class='ocrx_word' id='word_1_554' title='bbox 3090 3346 3250 3405; x_wconf 87' lang='lat' dir='ltr'><strong>sunt;</strong></span> <span class='ocrx_word' id='word_1_555' title='bbox 3284 3337 3398 3392; x_wconf 69' lang='lat' dir='ltr'><strong>haec</strong></span> <span class='ocrx_word' id='word_1_556' title='bbox 3430 3355 3518 3393; x_wconf 78' lang='lat' dir='ltr'><strong>Su-</strong></span> 
     </span>
    </p>
   </div>
   <div class='ocr_carea' id='block_1_80' title="bbox 1938 3427 3517 3502">
    <p class='ocr_par' dir='ltr' id='par_1_80' title="bbox 1938 3427 3517 3502">
     <span class='ocr_line' id='line_1_80' title="bbox 1938 3427 3517 3502; baseline -0.001 -17"><span class='ocrx_word' id='word_1_557' title='bbox 1938 3432 2018 3486; x_wconf 89' lang='lat' dir='ltr'><strong>cri</strong></span> <span class='ocrx_word' id='word_1_558' title='bbox 2059 3431 2115 3485; x_wconf 92' lang='lat' dir='ltr'><strong>in</strong></span> <span class='ocrx_word' id='word_1_559' title='bbox 2151 3432 2268 3502; x_wconf 83' lang='lat' dir='ltr'><strong>lege</strong></span> <span class='ocrx_word' id='word_1_560' title='bbox 2317 3430 2424 3485; x_wconf 90' lang='lat' dir='ltr'><strong>olei</strong></span> <span class='ocrx_word' id='word_1_561' title='bbox 2479 3427 2785 3495; x_wconf 81' lang='lat' dir='ltr'><strong>confectio;</strong></span> <span class='ocrx_word' id='word_1_562' title='bbox 2838 3428 2952 3483; x_wconf 72' lang='lat' dir='ltr'><strong>haec</strong></span> <span class='ocrx_word' id='word_1_563' title='bbox 2993 3436 3297 3483; x_wconf 86' lang='lat' dir='ltr'><strong>aromatum</strong></span> <span class='ocrx_word' id='word_1_564' title='bbox 3347 3429 3517 3484; x_wconf 88' lang='lat' dir='ltr'><strong>odore</strong></span> 
     </span>
    </p>
   </div>
   <div class='ocr_carea' id='block_1_81' title="bbox 1938 3518 3515 3592">
    <p class='ocr_par' dir='ltr' id='par_1_81' title="bbox 1938 3518 3515 3592">
     <span class='ocr_line' id='line_1_81' title="bbox 1938 3518 3515 3592; baseline -0.001 -16"><span class='ocrx_word' id='word_1_565' title='bbox 1938 3520 2190 3592; x_wconf 80' lang='lat' dir='ltr'><strong>fragrans</strong></span> <span class='ocrx_word' id='word_1_566' title='bbox 2235 3519 2453 3592; x_wconf 87' lang='lat' dir='ltr'><strong>egregia</strong></span> <span class='ocrx_word' id='word_1_567' title='bbox 2503 3518 2658 3583; x_wconf 79' lang='lat' dir='ltr'><strong>ﬁdes,</strong></span> <span class='ocrx_word' id='word_1_568' title='bbox 2688 3534 2809 3589; x_wconf 79' lang='lat' dir='ltr'><strong>qua:</strong></span> <span class='ocrx_word' id='word_1_569' title='bbox 2858 3519 3073 3573; x_wconf 72' lang='lat' dir='ltr'><strong>athletae</strong></span> <span class='ocrx_word' id='word_1_570' title='bbox 3124 3519 3190 3573; x_wconf 93' lang='lat' dir='ltr'><strong>ad</strong></span> <span class='ocrx_word' id='word_1_571' title='bbox 3238 3527 3515 3574; x_wconf 80' lang='lat' dir='ltr'><strong>certamen</strong></span> 
     </span>
    </p>
   </div>
   <div class='ocr_carea' id='block_1_82' title="bbox 1938 3610 3515 3684">
    <p class='ocr_par' dir='ltr' id='par_1_82' title="bbox 1938 3610 3515 3684">
     <span class='ocr_line' id='line_1_82' title="bbox 1938 3610 3515 3684; baseline -0.001 -17"><span class='ocrx_word' id='word_1_572' title='bbox 1938 3614 2258 3684; x_wconf 85' lang='lat' dir='ltr'><strong>prodeuntis</strong></span> <span class='ocrx_word' id='word_1_573' title='bbox 2285 3611 2621 3684; x_wconf 79' lang='lat' dir='ltr'><strong>astringendi</strong></span> <span class='ocrx_word' id='word_1_574' title='bbox 2650 3611 2757 3665; x_wconf 89' lang='lat' dir='ltr'><strong>vim</strong></span> <span class='ocrx_word' id='word_1_575' title='bbox 2790 3610 2972 3675; x_wconf 84' lang='lat' dir='ltr'><strong>habet,</strong></span> <span class='ocrx_word' id='word_1_576' title='bbox 3001 3611 3284 3681; x_wconf 83' lang='lat' dir='ltr'><strong>eidemque</strong></span> <span class='ocrx_word' id='word_1_577' title='bbox 3309 3611 3515 3665; x_wconf 84' lang='lat' dir='ltr'><strong>denun-</strong></span> 
     </span>
    </p>
   </div>
   <div class='ocr_carea' id='block_1_83' title="bbox 1937 3700 3518 3771">
    <p class='ocr_par' dir='ltr' id='par_1_83' title="bbox 1937 3700 3518 3771">
     <span class='ocr_line' id='line_1_83' title="bbox 1937 3700 3518 3771; baseline -0.003 -14"><span class='ocrx_word' id='word_1_578' title='bbox 1937 3703 2059 3767; x_wconf 83' lang='lat' dir='ltr'><strong>tiat,</strong></span> <span class='ocrx_word' id='word_1_579' title='bbox 2097 3704 2175 3757; x_wconf 91' lang='lat' dir='ltr'><strong>uti</strong></span> <span class='ocrx_word' id='word_1_580' title='bbox 2203 3718 2425 3756; x_wconf 87' lang='lat' dir='ltr'><strong>cursum</strong></span> <span class='ocrx_word' id='word_1_581' title='bbox 2458 3700 2775 3766; x_wconf 79' lang='lat' dir='ltr'><strong>contendat,</strong></span> <span class='ocrx_word' id='word_1_582' title='bbox 2806 3716 2914 3771; x_wconf 84' lang='lat' dir='ltr'><strong>quo</strong></span> <span class='ocrx_word' id='word_1_583' title='bbox 2938 3715 3195 3756; x_wconf 86' lang='lat' dir='ltr'><strong>coronam</strong></span> <span class='ocrx_word' id='word_1_584' title='bbox 3230 3700 3400 3770; x_wconf 91' lang='lat' dir='ltr'><strong>possit</strong></span> <span class='ocrx_word' id='word_1_585' title='bbox 3423 3716 3518 3753; x_wconf 89' lang='lat' dir='ltr'><strong>au-</strong></span> 
     </span>
    </p>
   </div>
   <div class='ocr_carea' id='block_1_84' title="bbox 1938 3790 3518 3861">
    <p class='ocr_par' dir='ltr' id='par_1_84' title="bbox 1938 3790 3518 3861">
     <span class='ocr_line' id='line_1_84' title="bbox 1938 3790 3518 3861; baseline -0.001 -14"><span class='ocrx_word' id='word_1_586' title='bbox 1938 3793 2111 3859; x_wconf 79' lang='lat' dir='ltr'><strong>ferre;</strong></span> <span class='ocrx_word' id='word_1_587' title='bbox 2153 3793 2257 3847; x_wconf 88' lang='lat' dir='ltr'><strong>hoc</strong></span> <span class='ocrx_word' id='word_1_588' title='bbox 2283 3790 2377 3847; x_wconf 87' lang='lat' dir='ltr'><strong>Dei</strong></span> <span class='ocrx_word' id='word_1_589' title='bbox 2415 3805 2576 3861; x_wconf 89' lang='lat' dir='ltr'><strong>opus,</strong></span> <span class='ocrx_word' id='word_1_590' title='bbox 2609 3804 2673 3844; x_wconf 89' lang='lat' dir='ltr'><strong>ac</strong></span> <span class='ocrx_word' id='word_1_591' title='bbox 2711 3794 2988 3860; x_wconf 88' lang='lat' dir='ltr'><strong>negotium</strong></span> <span class='ocrx_word' id='word_1_592' title='bbox 3023 3798 3125 3854; x_wconf 89' lang='lat' dir='ltr'><strong>est,</strong></span> <span class='ocrx_word' id='word_1_593' title='bbox 3154 3790 3296 3859; x_wconf 86' lang='lat' dir='ltr'><strong>quod</strong></span> <span class='ocrx_word' id='word_1_594' title='bbox 3328 3806 3518 3845; x_wconf 82' lang='lat' dir='ltr'><strong>omnes</strong></span> 
     </span>
    </p>
   </div>
   <div class='ocr_carea' id='block_1_85' title="bbox 1938 3880 3516 3958">
    <p class='ocr_par' dir='ltr' id='par_1_85' title="bbox 1938 3880 3516 3958">
     <span class='ocr_line' id='line_1_85' title="bbox 1938 3880 3516 3958; baseline -0.004 -18"><span class='ocrx_word' id='word_1_595' title='bbox 1938 3886 2142 3958; x_wconf 89' lang='lat' dir='ltr'><strong>regiam</strong></span> <span class='ocrx_word' id='word_1_596' title='bbox 2165 3884 2233 3939; x_wconf 91' lang='lat' dir='ltr'><strong>ad</strong></span> <span class='ocrx_word' id='word_1_597' title='bbox 2259 3882 2787 3938; x_wconf 89' lang='lat' dir='ltr'><strong>administrationem</strong></span> <span class='ocrx_word' id='word_1_598' title='bbox 2813 3889 3127 3950; x_wconf 83' lang='lat' dir='ltr'><strong>congregat,</strong></span> <span class='ocrx_word' id='word_1_599' title='bbox 3153 3881 3301 3934; x_wconf 87' lang='lat' dir='ltr'><strong>velut</strong></span> <span class='ocrx_word' id='word_1_600' title='bbox 3325 3897 3353 3933; x_wconf 92' lang='lat' dir='ltr'><strong>e</strong></span> <span class='ocrx_word' id='word_1_601' title='bbox 3378 3880 3516 3934; x_wconf 86' lang='lat' dir='ltr'><strong>mari</strong></span> 
     </span>
    </p>
   </div>
   <div class='ocr_carea' id='block_1_86' title="bbox 1938 3967 3515 4046">
    <p class='ocr_par' dir='ltr' id='par_1_86' title="bbox 1938 3967 3515 4046">
     <span class='ocr_line' id='line_1_86' title="bbox 1938 3967 3515 4046; baseline -0.006 -17"><span class='ocrx_word' id='word_1_602' title='bbox 1938 3988 2256 4046; x_wconf 89' lang='lat' dir='ltr'><strong>purpuram,</strong></span> <span class='ocrx_word' id='word_1_603' title='bbox 2289 3972 2470 4026; x_wconf 91' lang='lat' dir='ltr'><strong>lanam</strong></span> <span class='ocrx_word' id='word_1_604' title='bbox 2504 3987 2571 4026; x_wconf 74' lang='lat' dir='ltr'><strong>ex</strong></span> <span class='ocrx_word' id='word_1_605' title='bbox 2603 3969 2820 4031; x_wconf 82' lang='lat' dir='ltr'><strong>ovibus,</strong></span> <span class='ocrx_word' id='word_1_606' title='bbox 2852 3968 3019 4021; x_wconf 90' lang='lat' dir='ltr'><strong>linum</strong></span> <span class='ocrx_word' id='word_1_607' title='bbox 3042 3984 3071 4022; x_wconf 91' lang='lat' dir='ltr'><strong>e</strong></span> <span class='ocrx_word' id='word_1_608' title='bbox 3097 3977 3263 4032; x_wconf 90' lang='lat' dir='ltr'><strong>terra,</strong></span> <span class='ocrx_word' id='word_1_609' title='bbox 3290 3967 3515 4037; x_wconf 86' lang='lat' dir='ltr'><strong>byssum</strong></span> 
     </span>
    </p>
   </div>
   <div class='ocr_carea' id='block_1_87' title="bbox 1938 4058 3516 4133">
    <p class='ocr_par' dir='ltr' id='par_1_87' title="bbox 1938 4058 3516 4133">
     <span class='ocr_line' id='line_1_87' title="bbox 1938 4058 3516 4133; baseline -0.008 -9"><span class='ocrx_word' id='word_1_610' title='bbox 1938 4067 2198 4130; x_wconf 84' lang='lat' dir='ltr'><strong>sericum,</strong></span> <span class='ocrx_word' id='word_1_611' title='bbox 2222 4064 2529 4119; x_wconf 87' lang='lat' dir='ltr'><strong>rubricatas</strong></span> <span class='ocrx_word' id='word_1_612' title='bbox 2554 4061 2742 4133; x_wconf 88' lang='lat' dir='ltr'><strong>pelles,</strong></span> <span class='ocrx_word' id='word_1_613' title='bbox 2770 4060 3066 4131; x_wconf 89' lang='lat' dir='ltr'><strong>pretiosum</strong></span> <span class='ocrx_word' id='word_1_614' title='bbox 3092 4058 3348 4129; x_wconf 86' lang='lat' dir='ltr'><strong>lapidem,</strong></span> <span class='ocrx_word' id='word_1_615' title='bbox 3372 4074 3516 4112; x_wconf 88' lang='lat' dir='ltr'><strong>sma-</strong></span> 
     </span>
    </p>
   </div>
   <div class='ocr_carea' id='block_1_88' title="bbox 1939 4150 3514 4231">
    <p class='ocr_par' dir='ltr' id='par_1_88' title="bbox 1939 4150 3514 4231">
     <span class='ocr_line' id='line_1_88' title="bbox 1939 4150 3514 4231; baseline -0.008 -17"><span class='ocrx_word' id='word_1_616' title='bbox 1939 4159 2187 4231; x_wconf 90' lang='lat' dir='ltr'><strong>ragdum,</strong></span> <span class='ocrx_word' id='word_1_617' title='bbox 2218 4157 2496 4221; x_wconf 90' lang='lat' dir='ltr'><strong>unionem,</strong></span> <span class='ocrx_word' id='word_1_618' title='bbox 2529 4154 2798 4217; x_wconf 88' lang='lat' dir='ltr'><strong>achatem,</strong></span> <span class='ocrx_word' id='word_1_619' title='bbox 2831 4151 3060 4222; x_wconf 85' lang='lat' dir='ltr'><strong>lapides,</strong></span> <span class='ocrx_word' id='word_1_620' title='bbox 3113 4150 3353 4219; x_wconf 88' lang='lat' dir='ltr'><strong>inquam,</strong></span> <span class='ocrx_word' id='word_1_621' title='bbox 3398 4150 3514 4219; x_wconf 87' lang='lat' dir='ltr'><strong>qui,</strong></span> 
     </span>
    </p>
   </div>
   <div class='ocr_carea' id='block_1_89' title="bbox 1936 4239 3513 4313">
    <p class='ocr_par' dir='ltr' id='par_1_89' title="bbox 1936 4239 3513 4313">
     <span class='ocr_line' id='line_1_89' title="bbox 1936 4239 3513 4313; baseline -0.009 -6"><span class='ocrx_word' id='word_1_622' title='bbox 1936 4250 2039 4307; x_wconf 87' lang='lat' dir='ltr'><strong>etsi</strong></span> <span class='ocrx_word' id='word_1_623' title='bbox 2067 4248 2343 4303; x_wconf 89' lang='lat' dir='ltr'><strong>coloribus</strong></span> <span class='ocrx_word' id='word_1_624' title='bbox 2376 4245 2652 4305; x_wconf 81' lang='lat' dir='ltr'><strong>diﬂerant,</strong></span> <span class='ocrx_word' id='word_1_625' title='bbox 2685 4242 2867 4313; x_wconf 83' lang='lat' dir='ltr'><strong>pretio</strong></span> <span class='ocrx_word' id='word_1_626' title='bbox 2900 4247 3081 4296; x_wconf 90' lang='lat' dir='ltr'><strong>tamen</strong></span> <span class='ocrx_word' id='word_1_627' title='bbox 3112 4239 3348 4309; x_wconf 64' lang='lat' dir='ltr'><strong>aequales</strong></span> <span class='ocrx_word' id='word_1_628' title='bbox 3366 4251 3513 4293; x_wconf 89' lang='lat' dir='ltr'><strong>sunt.</strong></span> 
     </span>
    </p>
   </div>
   <div class='ocr_carea' id='block_1_90' title="bbox 257 4332 1834 4421">
    <p class='ocr_par' dir='ltr' id='par_1_90' title="bbox 257 4341 1834 4421">
     <span class='ocr_line' id='line_1_90' title="bbox 257 4341 1834 4421; baseline -0.005 -18"><span class='ocrx_word' id='word_1_629' title='bbox 257 4367 396 4421; x_wconf 85' lang='grc' dir='ltr'>μους</span> <span class='ocrx_word' id='word_1_630' title='bbox 430 4348 618 4412; x_wconf 72' lang='grc' dir='ltr'>ὄντας·</span> <span class='ocrx_word' id='word_1_631' title='bbox 650 4345 785 4401; x_wconf 81' lang='grc' dir='ltr'>ἀλλὰ</span> <span class='ocrx_word' id='word_1_632' title='bbox 812 4345 906 4399; x_wconf 73' lang='grc' dir='ltr'><strong>καὶ</strong></span> <span class='ocrx_word' id='word_1_633' title='bbox 930 4344 1151 4416; x_wconf 79' lang='grc' dir='ltr'>χρυσὸν,</span> <span class='ocrx_word' id='word_1_634' title='bbox 1181 4343 1274 4397; x_wconf 77' lang='grc' dir='ltr'>καὶ</span> <span class='ocrx_word' id='word_1_635' title='bbox 1298 4343 1555 4416; x_wconf 80' lang='grc' dir='ltr'>ἄργυρον,</span> <span class='ocrx_word' id='word_1_636' title='bbox 1588 4344 1681 4396; x_wconf 74' lang='grc' dir='ltr'>καὶ</span> <span class='ocrx_word' id='word_1_637' title='bbox 1706 4341 1834 4408; x_wconf 82' lang='grc' dir='ltr'>ξύλα</span> 
     </span>
    </p>
   </div>
   <div class='ocr_carea' id='block_1_91' title="bbox 1938 4332 3517 4421">
    <p class='ocr_par' dir='ltr' id='par_1_91' title="bbox 1945 4332 3517 4410">
     <span class='ocr_line' id='line_1_91' title="bbox 1945 4332 3517 4410; baseline -0.008 -11"><span class='ocrx_word' id='word_1_638' title='bbox 1945 4342 2051 4399; x_wconf 88' lang='lat' dir='ltr'><strong>Sed</strong></span> <span class='ocrx_word' id='word_1_639' title='bbox 2076 4349 2129 4398; x_wconf 86' lang='lat' dir='ltr'><strong>et</strong></span> <span class='ocrx_word' id='word_1_640' title='bbox 2158 4356 2374 4405; x_wconf 89' lang='lat' dir='ltr'><strong>aurum,</strong></span> <span class='ocrx_word' id='word_1_641' title='bbox 2401 4350 2456 4394; x_wconf 89' lang='lat' dir='ltr'><strong>et</strong></span> <span class='ocrx_word' id='word_1_642' title='bbox 2483 4332 2789 4410; x_wconf 88' lang='lat' dir='ltr'><strong>argentum,</strong></span> <span class='ocrx_word' id='word_1_643' title='bbox 2814 4343 2866 4389; x_wconf 91' lang='lat' dir='ltr'><strong>et</strong></span> <span class='ocrx_word' id='word_1_644' title='bbox 2892 4336 3207 4404; x_wconf 88' lang='lat' dir='ltr'><strong>incorrupta</strong></span> <span class='ocrx_word' id='word_1_645' title='bbox 3239 4334 3405 4405; x_wconf 81' lang='lat' dir='ltr'><strong>ligna,</strong></span> <span class='ocrx_word' id='word_1_646' title='bbox 3442 4350 3517 4388; x_wconf 64' lang='lat' dir='ltr'><strong>tes</strong></span> 
     </span>
    </p>
   </div>
   <div class='ocr_carea' id='block_1_92' title="bbox 253 4434 1839 4511">
    <p class='ocr_par' dir='ltr' id='par_1_92' title="bbox 253 4434 1839 4511">
     <span class='ocr_line' id='line_1_92' title="bbox 253 4434 1839 4511; baseline -0.007 -14"><span class='ocrx_word' id='word_1_647' title='bbox 253 4443 469 4511; x_wconf 73' lang='grc' dir='ltr'>ἄσηπα,</span> <span class='ocrx_word' id='word_1_648' title='bbox 501 4440 593 4493; x_wconf 76' lang='grc' dir='ltr'>καὶ</span> <span class='ocrx_word' id='word_1_649' title='bbox 620 4438 839 4511; x_wconf 71' lang='grc' dir='ltr'>χαλκὸν,</span> <span class='ocrx_word' id='word_1_650' title='bbox 864 4438 957 4491; x_wconf 77' lang='grc' dir='ltr'>καὶ</span> <span class='ocrx_word' id='word_1_651' title='bbox 988 4436 1229 4507; x_wconf 85' lang='grc' dir='ltr'>σίδηρον,</span> <span class='ocrx_word' id='word_1_652' title='bbox 1258 4434 1395 4489; x_wconf 82' lang='grc' dir='ltr'>ἀλλὰ</span> <span class='ocrx_word' id='word_1_653' title='bbox 1424 4436 1517 4489; x_wconf 64' lang='grc' dir='ltr'><strong>κα)⁵</strong></span> <span class='ocrx_word' id='word_1_654' title='bbox 1540 4434 1731 4506; x_wconf 84' lang='grc' dir='ltr'>τρίχας</span> <span class='ocrx_word' id='word_1_655' title='bbox 1754 4435 1839 4487; x_wconf 84' lang='lat' dir='ltr'><strong>ai-</strong></span> 
     </span>
    </p>
   </div>
   <div class='ocr_carea' id='block_1_93' title="bbox 256 4521 1838 4602">
    <p class='ocr_par' dir='ltr' id='par_1_93' title="bbox 256 4521 1838 4602">
     <span class='ocr_line' id='line_1_93' title="bbox 256 4521 1838 4602; baseline -0.004 -18"><span class='ocrx_word' id='word_1_656' title='bbox 256 4532 415 4601; x_wconf 82' lang='grc' dir='ltr'>γείας</span> <span class='ocrx_word' id='word_1_657' title='bbox 462 4531 536 4602; x_wconf 81' lang='grc' dir='ltr'>μὴ</span> <span class='ocrx_word' id='word_1_658' title='bbox 577 4527 1008 4599; x_wconf 66' lang='grc' dir='ltr'>ἀπνιϐαλλομένη.</span> <span class='ocrx_word' id='word_1_659' title='bbox 1064 4526 1174 4579; x_wconf 76' lang='grc' dir='ltr'><strong>Καὶ</strong></span> <span class='ocrx_word' id='word_1_660' title='bbox 1224 4525 1365 4595; x_wconf 83' lang='grc' dir='ltr'>αῦτη</span> <span class='ocrx_word' id='word_1_661' title='bbox 1428 4525 1525 4595; x_wconf 81' lang='grc' dir='ltr'>μὲν</span> <span class='ocrx_word' id='word_1_662' title='bbox 1555 4521 1623 4597; x_wconf 79' lang='grc' dir='ltr'>ἦν</span> <span class='ocrx_word' id='word_1_663' title='bbox 1651 4526 1771 4578; x_wconf 86' lang='grc' dir='ltr'>τότε</span> <span class='ocrx_word' id='word_1_664' title='bbox 1804 4527 1838 4597; x_wconf 80' lang='grc' dir='ltr'>ἡ</span> 
     </span>
    </p>
   </div>
   <div class='ocr_carea' id='block_1_94' title="bbox 256 4609 1835 4692">
    <p class='ocr_par' dir='ltr' id='par_1_94' title="bbox 256 4609 1835 4692">
     <span class='ocr_line' id='line_1_94' title="bbox 256 4609 1835 4692; baseline -0.006 -17"><span class='ocrx_word' id='word_1_665' title='bbox 256 4620 456 4692; x_wconf 82' lang='grc' dir='ltr'>σκηνὴ,</span> <span class='ocrx_word' id='word_1_666' title='bbox 474 4620 570 4674; x_wconf 86' lang='grc' dir='ltr'><strong>νῦν</strong></span> <span class='ocrx_word' id='word_1_667' title='bbox 591 4620 646 4673; x_wconf 84' lang='grc' dir='ltr'>δὲ</span> <span class='ocrx_word' id='word_1_668' title='bbox 669 4619 766 4691; x_wconf 79' lang='grc' dir='ltr'><strong>τῆς</strong></span> <span class='ocrx_word' id='word_1_669' title='bbox 789 4616 994 4688; x_wconf 78' lang='grc' dir='ltr'>σκηνῆς</span> <span class='ocrx_word' id='word_1_670' title='bbox 1014 4617 1042 4669; x_wconf 87' lang='grc' dir='ltr'><strong>ὁ</strong></span> <span class='ocrx_word' id='word_1_671' title='bbox 1061 4609 1208 4677; x_wconf 74' lang='grc' dir='ltr'>οἶκος</span> <span class='ocrx_word' id='word_1_672' title='bbox 1230 4613 1600 4686; x_wconf 82' lang='grc' dir='ltr'>ήδραιωμένος</span> <span class='ocrx_word' id='word_1_673' title='bbox 1619 4616 1676 4668; x_wconf 81' lang='grc' dir='ltr'>ὲν</span> <span class='ocrx_word' id='word_1_674' title='bbox 1696 4614 1835 4686; x_wconf 75' lang='grc' dir='ltr'>Θεῷ,</span> 
     </span>
    </p>
   </div>
   <div class='ocr_carea' id='block_1_95' title="bbox 253 4704 1837 4783">
    <p class='ocr_par' dir='ltr' id='par_1_95' title="bbox 253 4704 1837 4783">
     <span class='ocr_line' id='line_1_95' title="bbox 253 4704 1837 4783; baseline -0.007 -15"><span class='ocrx_word' id='word_1_675' title='bbox 253 4712 507 4783; x_wconf 85' lang='grc' dir='ltr'>θεμέλιος</span> <span class='ocrx_word' id='word_1_676' title='bbox 544 4710 602 4765; x_wconf 82' lang='grc' dir='ltr'>δὲ</span> <span class='ocrx_word' id='word_1_677' title='bbox 637 4712 696 4765; x_wconf 78' lang='grc' dir='ltr'>ὲν</span> <span class='ocrx_word' id='word_1_678' title='bbox 727 4709 973 4779; x_wconf 88' lang='grc' dir='ltr'>δυνάμει.</span> <span class='ocrx_word' id='word_1_679' title='bbox 996 4706 1107 4761; x_wconf 73' lang='grc' dir='ltr'><strong>Καὶ</strong></span> <span class='ocrx_word' id='word_1_680' title='bbox 1127 4705 1426 4759; x_wconf 87' lang='grc' dir='ltr'>παυσάσθω</span> <span class='ocrx_word' id='word_1_681' title='bbox 1449 4706 1597 4758; x_wconf 79' lang='grc' dir='ltr'>πᾶσα</span> <span class='ocrx_word' id='word_1_682' title='bbox 1626 4704 1837 4775; x_wconf 74' lang='grc' dir='ltr'>αἵρεσις</span> 
     </span>
    </p>
   </div>
   <div class='ocr_carea' id='block_1_96' title="bbox 254 4794 1830 4872">
    <p class='ocr_par' dir='ltr' id='par_1_96' title="bbox 254 4794 1830 4872">
     <span class='ocr_line' id='line_1_96' title="bbox 254 4794 1830 4872; baseline -0.004 -18"><span class='ocrx_word' id='word_1_683' title='bbox 254 4800 402 4854; x_wconf 78' lang='grc' dir='ltr'>κατὰ</span> <span class='ocrx_word' id='word_1_684' title='bbox 425 4801 526 4871; x_wconf 80' lang='grc' dir='ltr'>τῆς</span> <span class='ocrx_word' id='word_1_685' title='bbox 555 4799 813 4872; x_wconf 81' lang='grc' dir='ltr'>ἀληθείας</span> <span class='ocrx_word' id='word_1_686' title='bbox 850 4795 1270 4868; x_wconf 73' lang='grc' dir='ltr'>έπεγειρομένη,</span> <span class='ocrx_word' id='word_1_687' title='bbox 1304 4794 1503 4866; x_wconf 78' lang='grc' dir='ltr'>μᾶλλον</span> <span class='ocrx_word' id='word_1_688' title='bbox 1545 4794 1602 4849; x_wconf 71' lang='grc' dir='ltr'>δὲ</span> <span class='ocrx_word' id='word_1_689' title='bbox 1631 4795 1830 4866; x_wconf 72' lang='grc' dir='ltr'>ἑαυτὴν</span> 
     </span>
    </p>
   </div>
   <div class='ocr_carea' id='block_1_97' title="bbox 254 4889 977 4963">
    <p class='ocr_par' dir='ltr' id='par_1_97' title="bbox 254 4889 977 4963">
     <span class='ocr_line' id='line_1_97' title="bbox 254 4889 977 4963; baseline -0.004 -17"><span class='ocrx_word' id='word_1_690' title='bbox 254 4890 373 4948; x_wconf 74' lang='grc' dir='ltr'><strong>ἀπὸ</strong></span> <span class='ocrx_word' id='word_1_691' title='bbox 392 4890 654 4963; x_wconf 75' lang='grc' dir='ltr'>ἀληθείας</span> <span class='ocrx_word' id='word_1_692' title='bbox 684 4889 977 4945; x_wconf 81' lang='grc' dir='ltr'>διώκουσα.</span> 
     </span>
    </p>
   </div>
   <div class='ocr_carea' id='block_1_98' title="bbox 330 4973 1830 5050">
    <p class='ocr_par' dir='ltr' id='par_1_98' title="bbox 330 4973 1830 5050">
     <span class='ocr_line' id='line_1_98' title="bbox 330 4973 1830 5050; baseline -0.003 -15"><span class='ocrx_word' id='word_1_693' title='bbox 330 4980 443 5041; x_wconf 74' lang='grc' dir='ltr'><strong>Καὶ</strong></span> <span class='ocrx_word' id='word_1_694' title='bbox 473 4980 579 5043; x_wconf 69' lang='grc' dir='ltr'>ἕως</span> <span class='ocrx_word' id='word_1_695' title='bbox 609 4973 713 5034; x_wconf 80' lang='grc' dir='ltr'><strong>ὧδε</strong></span> <span class='ocrx_word' id='word_1_696' title='bbox 742 4978 916 5033; x_wconf 85' lang='grc' dir='ltr'>ταῦτα</span> <span class='ocrx_word' id='word_1_697' title='bbox 942 4980 1132 5050; x_wconf 67' lang='grc' dir='ltr'>ἐχέτω.</span> <span class='ocrx_word' id='word_1_698' title='bbox 1170 4977 1281 5049; x_wconf 78' lang='grc' dir='ltr'><strong>Τὴν</strong></span> <span class='ocrx_word' id='word_1_699' title='bbox 1312 4975 1515 5048; x_wconf 89' lang='grc' dir='ltr'>γαῦρον</span> <span class='ocrx_word' id='word_1_700' title='bbox 1541 4977 1599 5030; x_wconf 65' lang='grc' dir='ltr'>δὲ</span> <span class='ocrx_word' id='word_1_701' title='bbox 1626 4976 1830 5046; x_wconf 88' lang='grc' dir='ltr'>ταύτην</span> 
     </span>
    </p>
   </div>
   <div class='ocr_carea' id='block_1_99' title="bbox 255 5066 1818 5142">
    <p class='ocr_par' dir='ltr' id='par_1_99' title="bbox 255 5066 1818 5142">
     <span class='ocr_line' id='line_1_99' title="bbox 255 5066 1818 5142; baseline -0.003 -18"><span class='ocrx_word' id='word_1_702' title='bbox 255 5071 473 5142; x_wconf 76' lang='grc' dir='ltr'>ἔχιδναν</span> <span class='ocrx_word' id='word_1_703' title='bbox 491 5070 646 5141; x_wconf 84' lang='grc' dir='ltr'>δίκην</span> <span class='ocrx_word' id='word_1_704' title='bbox 674 5071 927 5125; x_wconf 68' lang='grc' dir='ltr'>ἀκοντίου</span> <span class='ocrx_word' id='word_1_705' title='bbox 955 5069 1050 5124; x_wconf 87' lang='grc' dir='ltr'><strong>τοῦ</strong></span> <span class='ocrx_word' id='word_1_706' title='bbox 1077 5068 1435 5140; x_wconf 84' lang='grc' dir='ltr'>καλουμένου,</span> <span class='ocrx_word' id='word_1_707' title='bbox 1466 5068 1500 5139; x_wconf 81' lang='grc' dir='ltr'>ἢ</span> <span class='ocrx_word' id='word_1_708' title='bbox 1523 5066 1818 5137; x_wconf 81' lang='grc' dir='ltr'>τύφλωπος</span> 
     </span>
    </p>
   </div>
   <div class='ocr_carea' id='block_1_100' title="bbox 254 5157 1834 5234">
    <p class='ocr_par' dir='ltr' id='par_1_100' title="bbox 254 5157 1834 5234">
     <span class='ocr_line' id='line_1_100' title="bbox 254 5157 1834 5234; baseline -0.004 -18"><span class='ocrx_word' id='word_1_709' title='bbox 254 5163 291 5233; x_wconf 81' lang='grc' dir='ltr'><strong>ἧ</strong></span> <span class='ocrx_word' id='word_1_710' title='bbox 334 5161 577 5234; x_wconf 78' lang='grc' dir='ltr'>μυάγρου</span> <span class='ocrx_word' id='word_1_711' title='bbox 604 5161 746 5233; x_wconf 80' lang='grc' dir='ltr'>ξύλῳ</span> <span class='ocrx_word' id='word_1_712' title='bbox 776 5160 870 5215; x_wconf 87' lang='grc' dir='ltr'><strong>τοῦ</strong></span> <span class='ocrx_word' id='word_1_713' title='bbox 904 5160 1138 5232; x_wconf 88' lang='grc' dir='ltr'>σταυροῦ</span> <span class='ocrx_word' id='word_1_714' title='bbox 1166 5159 1517 5221; x_wconf 81' lang='grc' dir='ltr'>πεπαικότες,</span> <span class='ocrx_word' id='word_1_715' title='bbox 1548 5157 1643 5212; x_wconf 73' lang='grc' dir='ltr'>καὶ</span> <span class='ocrx_word' id='word_1_716' title='bbox 1668 5174 1834 5211; x_wconf 86' lang='grc' dir='ltr'>κατα-</span> 
     </span>
    </p>
   </div>
   <div class='ocr_carea' id='block_1_101' title="bbox 254 5248 1835 5325">
    <p class='ocr_par' dir='ltr' id='par_1_101' title="bbox 254 5248 1835 5325">
     <span class='ocr_line' id='line_1_101' title="bbox 254 5248 1835 5325; baseline -0.003 -18"><span class='ocrx_word' id='word_1_717' title='bbox 254 5254 570 5324; x_wconf 75' lang='grc' dir='ltr'>λείψαντεςο</span> <span class='ocrx_word' id='word_1_718' title='bbox 611 5255 688 5308; x_wconf 77' lang='grc' dir='ltr'><strong>ίδν</strong></span> <span class='ocrx_word' id='word_1_719' title='bbox 721 5255 819 5325; x_wconf 80' lang='grc' dir='ltr'>μὲν</span> <span class='ocrx_word' id='word_1_720' title='bbox 848 5254 910 5307; x_wconf 85' lang='grc' dir='ltr'><strong>ού</strong></span> <span class='ocrx_word' id='word_1_721' title='bbox 947 5253 1200 5307; x_wconf 89' lang='grc' dir='ltr'>τοσοῦτον</span> <span class='ocrx_word' id='word_1_722' title='bbox 1234 5252 1426 5323; x_wconf 80' lang='grc' dir='ltr'>ἔχοντα</span> <span class='ocrx_word' id='word_1_723' title='bbox 1457 5250 1526 5304; x_wconf 80' lang='grc' dir='ltr'>τὰ</span> <span class='ocrx_word' id='word_1_724' title='bbox 1557 5248 1835 5322; x_wconf 73' lang='grc' dir='ltr'>ίρπετώδη</span> 
     </span>
    </p>
   </div>
   <div class='ocr_carea' id='block_1_102' title="bbox 257 5339 1836 5417">
    <p class='ocr_par' dir='ltr' id='par_1_102' title="bbox 257 5339 1836 5417">
     <span class='ocr_line' id='line_1_102' title="bbox 257 5339 1836 5417; baseline -0.005 -18"><span class='ocrx_word' id='word_1_725' title='bbox 257 5345 458 5410; x_wconf 85' lang='grc' dir='ltr'>ταῦτα,</span> <span class='ocrx_word' id='word_1_726' title='bbox 491 5346 633 5416; x_wconf 81' lang='grc' dir='ltr'>πλὴν</span> <span class='ocrx_word' id='word_1_727' title='bbox 662 5345 757 5400; x_wconf 83' lang='grc' dir='ltr'>καὶ</span> <span class='ocrx_word' id='word_1_728' title='bbox 793 5344 872 5416; x_wconf 81' lang='grc' dir='ltr'>τῷ</span> <span class='ocrx_word' id='word_1_729' title='bbox 902 5345 1105 5417; x_wconf 64' lang='grc' dir='ltr'>δρόμῳ,</span> <span class='ocrx_word' id='word_1_730' title='bbox 1142 5343 1237 5397; x_wconf 72' lang='grc' dir='ltr'>καὶ</span> <span class='ocrx_word' id='word_1_731' title='bbox 1264 5341 1341 5414; x_wconf 82' lang='grc' dir='ltr'><strong>τῷ</strong></span> <span class='ocrx_word' id='word_1_732' title='bbox 1361 5340 1719 5412; x_wconf 84' lang='grc' dir='ltr'>γαυριάματι,</span> <span class='ocrx_word' id='word_1_733' title='bbox 1741 5339 1836 5392; x_wconf 80' lang='grc' dir='ltr'>καὶ</span> 
     </span>
    </p>
   </div>
   <div class='ocr_carea' id='block_1_103' title="bbox 253 5427 1837 5507">
    <p class='ocr_par' dir='ltr' id='par_1_103' title="bbox 253 5427 1837 5507">
     <span class='ocr_line' id='line_1_103' title="bbox 253 5427 1837 5507; baseline -0.005 -18"><span class='ocrx_word' id='word_1_734' title='bbox 253 5437 328 5507; x_wconf 80' lang='grc' dir='ltr'><strong>τῇ</strong></span> <span class='ocrx_word' id='word_1_735' title='bbox 363 5435 692 5497; x_wconf 82' lang='grc' dir='ltr'>ἁκοντιάσει,</span> <span class='ocrx_word' id='word_1_736' title='bbox 719 5433 809 5487; x_wconf 73' lang='grc' dir='ltr'>διὰ</span> <span class='ocrx_word' id='word_1_737' title='bbox 838 5433 937 5505; x_wconf 82' lang='grc' dir='ltr'>τὴν</span> <span class='ocrx_word' id='word_1_738' title='bbox 959 5433 1137 5487; x_wconf 80' lang='grc' dir='ltr'>αὐτῶν</span> <span class='ocrx_word' id='word_1_739' title='bbox 1168 5429 1512 5503; x_wconf 79' lang='grc' dir='ltr'>ὲπεντριδὴν,</span> <span class='ocrx_word' id='word_1_740' title='bbox 1538 5427 1710 5492; x_wconf 75' lang='grc' dir='ltr'>οὕτως</span> <span class='ocrx_word' id='word_1_741' title='bbox 1737 5446 1837 5482; x_wconf 91' lang='grc' dir='ltr'>κα-</span> 
     </span>
    </p>
   </div>
   <div class='ocr_carea' id='block_1_104' title="bbox 1935 4424 3516 4505">
    <p class='ocr_par' dir='ltr' id='par_1_104' title="bbox 1935 4424 3516 4505">
     <span class='ocr_line' id='line_1_104' title="bbox 1935 4424 3516 4505; baseline -0.006 -17"><span class='ocrx_word' id='word_1_742' title='bbox 1935 4442 2099 4505; x_wconf 87' lang='lat' dir='ltr'><strong>atque</strong></span> <span class='ocrx_word' id='word_1_743' title='bbox 2135 4430 2366 4496; x_wconf 79' lang='lat' dir='ltr'><strong>ferrum,</strong></span> <span class='ocrx_word' id='word_1_744' title='bbox 2400 4427 2648 4498; x_wconf 89' lang='lat' dir='ltr'><strong>adeoque</strong></span> <span class='ocrx_word' id='word_1_745' title='bbox 2700 4441 2769 4480; x_wconf 93' lang='lat' dir='ltr'><strong>ne</strong></span> <span class='ocrx_word' id='word_1_746' title='bbox 2810 4425 3063 4496; x_wconf 85' lang='lat' dir='ltr'><strong>caprinos</strong></span> <span class='ocrx_word' id='word_1_747' title='bbox 3112 4424 3331 4496; x_wconf 89' lang='lat' dir='ltr'><strong>quidem</strong></span> <span class='ocrx_word' id='word_1_748' title='bbox 3377 4425 3516 4495; x_wconf 84' lang='lat' dir='ltr'><strong>pilos</strong></span> 
     </span>
    </p>
   </div>
   <div class='ocr_carea' id='block_1_105' title="bbox 1935 4516 3515 4597">
    <p class='ocr_par' dir='ltr' id='par_1_105' title="bbox 1935 4516 3515 4597">
     <span class='ocr_line' id='line_1_105' title="bbox 1935 4516 3515 4597; baseline -0.008 -16"><span class='ocrx_word' id='word_1_749' title='bbox 1935 4524 2204 4597; x_wconf 89' lang='lat' dir='ltr'><strong>repudiat.</strong></span> <span class='ocrx_word' id='word_1_750' title='bbox 2240 4522 2420 4591; x_wconf 81' lang='lat' dir='ltr'><strong>Atque</strong></span> <span class='ocrx_word' id='word_1_751' title='bbox 2471 4516 2741 4589; x_wconf 84' lang='lat' dir='ltr'><strong>ejusmodi</strong></span> <span class='ocrx_word' id='word_1_752' title='bbox 2785 4517 3060 4588; x_wconf 87' lang='lat' dir='ltr'><strong>quondam</strong></span> <span class='ocrx_word' id='word_1_753' title='bbox 3106 4517 3515 4571; x_wconf 83' lang='lat' dir='ltr'><strong>tabernaculum</strong></span> 
     </span>
    </p>
   </div>
   <div class='ocr_carea' id='block_1_106' title="bbox 1934 4606 3514 4678">
    <p class='ocr_par' dir='ltr' id='par_1_106' title="bbox 1934 4606 3514 4678">
     <span class='ocr_line' id='line_1_106' title="bbox 1934 4606 3514 4678; baseline -0.006 -9"><span class='ocrx_word' id='word_1_754' title='bbox 1934 4613 2092 4678; x_wconf 68' lang='lat' dir='ltr'><strong>l&#39;uit‘,</strong></span> <span class='ocrx_word' id='word_1_755' title='bbox 2118 4625 2266 4666; x_wconf 89' lang='lat' dir='ltr'><strong>nunc</strong></span> <span class='ocrx_word' id='word_1_756' title='bbox 2295 4615 2475 4663; x_wconf 90' lang='lat' dir='ltr'><strong>autem</strong></span> <span class='ocrx_word' id='word_1_757' title='bbox 2518 4606 2858 4663; x_wconf 82' lang='lat' dir='ltr'><strong>tabernaculi</strong></span> <span class='ocrx_word' id='word_1_758' title='bbox 2893 4606 3087 4661; x_wconf 87' lang='lat' dir='ltr'><strong>domus</strong></span> <span class='ocrx_word' id='word_1_759' title='bbox 3119 4607 3173 4660; x_wconf 88' lang='lat' dir='ltr'><strong>in</strong></span> <span class='ocrx_word' id='word_1_760' title='bbox 3211 4606 3319 4660; x_wconf 89' lang='lat' dir='ltr'><strong>Deo</strong></span> <span class='ocrx_word' id='word_1_761' title='bbox 3350 4608 3514 4660; x_wconf 61' lang='lat' dir='ltr'><strong>stabi-</strong></span> 
     </span>
    </p>
   </div>
   <div class='ocr_carea' id='block_1_107' title="bbox 1935 4696 3512 4771">
    <p class='ocr_par' dir='ltr' id='par_1_107' title="bbox 1935 4696 3512 4771">
     <span class='ocr_line' id='line_1_107' title="bbox 1935 4696 3512 4771; baseline -0.006 -11"><span class='ocrx_word' id='word_1_762' title='bbox 1935 4706 2052 4771; x_wconf 79' lang='lat' dir='ltr'><strong>lita,</strong></span> <span class='ocrx_word' id='word_1_763' title='bbox 2087 4703 2498 4758; x_wconf 82' lang='lat' dir='ltr'><strong>fundamentum</strong></span> <span class='ocrx_word' id='word_1_764' title='bbox 2526 4699 2648 4769; x_wconf 89' lang='lat' dir='ltr'><strong>ejus</strong></span> <span class='ocrx_word' id='word_1_765' title='bbox 2677 4700 2732 4754; x_wconf 92' lang='lat' dir='ltr'><strong>in</strong></span> <span class='ocrx_word' id='word_1_766' title='bbox 2765 4698 2968 4753; x_wconf 88' lang='lat' dir='ltr'><strong>virtute</strong></span> <span class='ocrx_word' id='word_1_767' title='bbox 3009 4698 3285 4752; x_wconf 77' lang='lat' dir='ltr'><strong>consistit.</strong></span> <span class='ocrx_word' id='word_1_768' title='bbox 3324 4696 3512 4751; x_wconf 83' lang='lat' dir='ltr'><strong>Proin-</strong></span> 
     </span>
    </p>
   </div>
   <div class='ocr_carea' id='block_1_108' title="bbox 1935 4789 3513 4867">
    <p class='ocr_par' dir='ltr' id='par_1_108' title="bbox 1935 4789 3513 4867">
     <span class='ocr_line' id='line_1_108' title="bbox 1935 4789 3513 4867; baseline -0.008 -15"><span class='ocrx_word' id='word_1_769' title='bbox 1935 4796 2113 4867; x_wconf 86' lang='lat' dir='ltr'><strong>deque</strong></span> <span class='ocrx_word' id='word_1_770' title='bbox 2150 4792 2365 4849; x_wconf 88' lang='lat' dir='ltr'><strong>desinat</strong></span> <span class='ocrx_word' id='word_1_771' title='bbox 2396 4791 2621 4846; x_wconf 64' lang='lat' dir='ltr'><strong>haresis</strong></span> <span class='ocrx_word' id='word_1_772' title='bbox 2642 4789 2843 4854; x_wconf 90' lang='lat' dir='ltr'><strong>omnis,</strong></span> <span class='ocrx_word' id='word_1_773' title='bbox 2869 4803 2991 4859; x_wconf 74' lang='lat' dir='ltr'><strong>qua:</strong></span> <span class='ocrx_word' id='word_1_774' title='bbox 3012 4796 3201 4843; x_wconf 84' lang='lat' dir='ltr'><strong>contra</strong></span> <span class='ocrx_word' id='word_1_775' title='bbox 3238 4789 3513 4843; x_wconf 82' lang='lat' dir='ltr'><strong>veritatem</strong></span> 
     </span>
    </p>
   </div>
   <div class='ocr_carea' id='block_1_109' title="bbox 1938 4882 3403 4957">
    <p class='ocr_par' dir='ltr' id='par_1_109' title="bbox 1938 4882 3403 4957">
     <span class='ocr_line' id='line_1_109' title="bbox 1938 4882 3403 4957; baseline -0.01 -15"><span class='ocrx_word' id='word_1_776' title='bbox 1938 4886 2194 4957; x_wconf 84' lang='lat' dir='ltr'><strong>insurgit,</strong></span> <span class='ocrx_word' id='word_1_777' title='bbox 2222 4885 2305 4940; x_wconf 88' lang='lat' dir='ltr'><strong>vel</strong></span> <span class='ocrx_word' id='word_1_778' title='bbox 2338 4883 2573 4953; x_wconf 87' lang='lat' dir='ltr'><strong>seipsam</strong></span> <span class='ocrx_word' id='word_1_779' title='bbox 2606 4882 2789 4952; x_wconf 90' lang='lat' dir='ltr'><strong>potius</strong></span> <span class='ocrx_word' id='word_1_780' title='bbox 2818 4896 2850 4936; x_wconf 89' lang='lat' dir='ltr'><strong>a</strong></span> <span class='ocrx_word' id='word_1_781' title='bbox 2882 4882 3114 4937; x_wconf 89' lang='lat' dir='ltr'><strong>veritate</strong></span> <span class='ocrx_word' id='word_1_782' title='bbox 3146 4887 3403 4936; x_wconf 86' lang='lat' dir='ltr'><strong>removet.</strong></span> 
     </span>
    </p>
   </div>
   <div class='ocr_carea' id='block_1_110' title="bbox 2006 4967 3524 5046">
    <p class='ocr_par' dir='ltr' id='par_1_110' title="bbox 2006 4967 3524 5046">
     <span class='ocr_line' id='line_1_110' title="bbox 2006 4967 3524 5046; baseline -0.005 -17"><span class='ocrx_word' id='word_1_783' title='bbox 2006 4974 2187 5046; x_wconf 81' lang='lat' dir='ltr'><strong>Atque</strong></span> <span class='ocrx_word' id='word_1_784' title='bbox 2235 4972 2350 5027; x_wconf 70' lang='lat' dir='ltr'><strong>haec</strong></span> <span class='ocrx_word' id='word_1_785' title='bbox 2392 4971 2679 5027; x_wconf 83' lang='lat' dir='ltr'><strong>hactenus.</strong></span> <span class='ocrx_word' id='word_1_786' title='bbox 2715 4967 2869 5025; x_wconf 78' lang='lat' dir='ltr'><strong>Nunc</strong></span> <span class='ocrx_word' id='word_1_787' title='bbox 2919 4980 3281 5041; x_wconf 88' lang='lat' dir='ltr'><strong>posteaquam</strong></span> <span class='ocrx_word' id='word_1_788' title='bbox 3328 4983 3524 5038; x_wconf 82' lang='lat' dir='ltr'><strong>super--</strong></span> 
     </span>
    </p>
   </div>
   <div class='ocr_carea' id='block_1_111' title="bbox 1938 5061 3511 5135">
    <p class='ocr_par' dir='ltr' id='par_1_111' title="bbox 1938 5061 3511 5135">
     <span class='ocr_line' id='line_1_111' title="bbox 1938 5061 3511 5135; baseline -0.006 -13"><span class='ocrx_word' id='word_1_789' title='bbox 1938 5068 2062 5122; x_wconf 86' lang='lat' dir='ltr'><strong>bam</strong></span> <span class='ocrx_word' id='word_1_790' title='bbox 2113 5066 2256 5121; x_wconf 87' lang='lat' dir='ltr'><strong>hanc</strong></span> <span class='ocrx_word' id='word_1_791' title='bbox 2301 5064 2565 5135; x_wconf 84' lang='lat' dir='ltr'><strong>viperam,</strong></span> <span class='ocrx_word' id='word_1_792' title='bbox 2597 5062 2823 5134; x_wconf 89' lang='lat' dir='ltr'><strong>perinde</strong></span> <span class='ocrx_word' id='word_1_793' title='bbox 2850 5077 2913 5117; x_wconf 83' lang='lat' dir='ltr'><strong>ac</strong></span> <span class='ocrx_word' id='word_1_794' title='bbox 2941 5063 3211 5133; x_wconf 86' lang='lat' dir='ltr'><strong>serpentis</strong></span> <span class='ocrx_word' id='word_1_795' title='bbox 3241 5076 3416 5133; x_wconf 87' lang='lat' dir='ltr'><strong>genus</strong></span> <span class='ocrx_word' id='word_1_796' title='bbox 3444 5061 3511 5113; x_wconf 86' lang='lat' dir='ltr'><strong>il-</strong></span> 
     </span>
    </p>
   </div>
   <div class='ocr_carea' id='block_1_112' title="bbox 1937 5151 3579 5225">
    <p class='ocr_par' dir='ltr' id='par_1_112' title="bbox 1937 5151 3579 5225">
     <span class='ocr_line' id='line_1_112' title="bbox 1937 5151 3579 5225; baseline -0.004 -17"><span class='ocrx_word' id='word_1_797' title='bbox 1937 5154 2053 5219; x_wconf 87' lang='lat' dir='ltr'><strong>lud,</strong></span> <span class='ocrx_word' id='word_1_798' title='bbox 2084 5154 2231 5225; x_wconf 90' lang='lat' dir='ltr'><strong>quod</strong></span> <span class='ocrx_word' id='word_1_799' title='bbox 2267 5153 2509 5222; x_wconf 85' lang='lat' dir='ltr'><strong>jaculum</strong></span> <span class='ocrx_word' id='word_1_800' title='bbox 2552 5162 2729 5218; x_wconf 83' lang='lat' dir='ltr'><strong>vocat,</strong></span> <span class='ocrx_word' id='word_1_801' title='bbox 2758 5161 2853 5206; x_wconf 89' lang='lat' dir='ltr'><strong>aut</strong></span> <span class='ocrx_word' id='word_1_802' title='bbox 2889 5151 3224 5223; x_wconf 81' lang='lat' dir='ltr'><strong>typhlopem.</strong></span> <span class='ocrx_word' id='word_1_803' title='bbox 3257 5151 3343 5205; x_wconf 88' lang='lat' dir='ltr'><strong>vel</strong></span> <span class='ocrx_word' id='word_1_804' title='bbox 3374 5164 3509 5221; x_wconf 73' lang='lat' dir='ltr'><strong>mya-</strong></span> <span class='ocrx_word' id='word_1_805' title='bbox 3572 5212 3579 5215; x_wconf 93' lang='lat'>_</span> 
     </span>
    </p>
   </div>
   <div class='ocr_carea' id='block_1_113' title="bbox 1939 5238 3512 5315">
    <p class='ocr_par' dir='ltr' id='par_1_113' title="bbox 1939 5238 3512 5315">
     <span class='ocr_line' id='line_1_113' title="bbox 1939 5238 3512 5315; baseline -0.004 -17"><span class='ocrx_word' id='word_1_806' title='bbox 1939 5259 2119 5315; x_wconf 89' lang='lat' dir='ltr'><strong>grum,</strong></span> <span class='ocrx_word' id='word_1_807' title='bbox 2160 5242 2344 5297; x_wconf 88' lang='lat' dir='ltr'><strong>crucis</strong></span> <span class='ocrx_word' id='word_1_808' title='bbox 2393 5243 2541 5312; x_wconf 88' lang='lat' dir='ltr'><strong>ligno</strong></span> <span class='ocrx_word' id='word_1_809' title='bbox 2585 5241 2987 5312; x_wconf 85' lang='lat' dir='ltr'><strong>percussimus,</strong></span> <span class='ocrx_word' id='word_1_810' title='bbox 3022 5256 3086 5295; x_wconf 89' lang='lat' dir='ltr'><strong>ac</strong></span> <span class='ocrx_word' id='word_1_811' title='bbox 3138 5238 3463 5309; x_wconf 88' lang='lat' dir='ltr'><strong>reliquimus</strong></span> <span class='ocrx_word' id='word_1_812' title='bbox 3497 5254 3512 5291; x_wconf 90' lang='lat'><strong>:</strong></span> 
     </span>
    </p>
   </div>
   <div class='ocr_carea' id='block_1_114' title="bbox 1940 5330 3512 5405">
    <p class='ocr_par' dir='ltr' id='par_1_114' title="bbox 1940 5330 3512 5405">
     <span class='ocr_line' id='line_1_114' title="bbox 1940 5330 3512 5405; baseline 0.003 -24"><span class='ocrx_word' id='word_1_813' title='bbox 1940 5350 2060 5405; x_wconf 65' lang='lat' dir='ltr'><strong>quae</strong></span> <span class='ocrx_word' id='word_1_814' title='bbox 2104 5335 2322 5404; x_wconf 88' lang='lat' dir='ltr'><strong>quidem</strong></span> <span class='ocrx_word' id='word_1_815' title='bbox 2372 5340 2687 5403; x_wconf 85' lang='lat' dir='ltr'><strong>serpentum</strong></span> <span class='ocrx_word' id='word_1_816' title='bbox 2723 5347 2922 5404; x_wconf 87' lang='lat' dir='ltr'><strong>genera</strong></span> <span class='ocrx_word' id='word_1_817' title='bbox 2954 5348 3063 5386; x_wconf 92' lang='lat' dir='ltr'><strong>non</strong></span> <span class='ocrx_word' id='word_1_818' title='bbox 3111 5339 3219 5386; x_wconf 87' lang='lat' dir='ltr'><strong>tam</strong></span> <span class='ocrx_word' id='word_1_819' title='bbox 3259 5330 3512 5402; x_wconf 72' lang='lat' dir='ltr'><strong>praesenti</strong></span> 
     </span>
    </p>
   </div>
   <div class='ocr_carea' id='block_1_115' title="bbox 1941 5420 3511 5495">
    <p class='ocr_par' dir='ltr' id='par_1_115' title="bbox 1941 5420 3511 5495">
     <span class='ocr_line' id='line_1_115' title="bbox 1941 5420 3511 5495; baseline 0.001 -15"><span class='ocrx_word' id='word_1_820' title='bbox 1941 5440 2151 5480; x_wconf 81' lang='lat' dir='ltr'><strong>veneno</strong></span> <span class='ocrx_word' id='word_1_821' title='bbox 2174 5432 2304 5480; x_wconf 88' lang='lat' dir='ltr'><strong>sunt</strong></span> <span class='ocrx_word' id='word_1_822' title='bbox 2338 5443 2351 5480; x_wconf 89' lang='lat'><strong>:</strong></span> <span class='ocrx_word' id='word_1_823' title='bbox 2391 5430 2772 5481; x_wconf 82' lang='lat' dir='ltr'><strong>verumtamen</strong></span> <span class='ocrx_word' id='word_1_824' title='bbox 2812 5433 2921 5480; x_wconf 90' lang='lat' dir='ltr'><strong>tam</strong></span> <span class='ocrx_word' id='word_1_825' title='bbox 2960 5425 3031 5480; x_wconf 92' lang='lat' dir='ltr'><strong>ob</strong></span> <span class='ocrx_word' id='word_1_826' title='bbox 3066 5438 3254 5481; x_wconf 90' lang='lat' dir='ltr'><strong>eorum</strong></span> <span class='ocrx_word' id='word_1_827' title='bbox 3283 5420 3511 5495; x_wconf 66' lang='lat' dir='ltr'><strong>peruict-</strong></span> 
     </span>
    </p>
   </div>
   <div class='ocr_carea' id='block_1_116' title="bbox 339 5602 1834 5684">
    <p class='ocr_par' dir='ltr' id='par_1_116' title="bbox 339 5605 1760 5684">
     <span class='ocr_line' id='line_1_116' title="bbox 339 5605 1760 5684; baseline -0.003 -18"><span class='ocrx_word' id='word_1_828' title='bbox 339 5616 354 5645; x_wconf 79' lang='grc'><strong>⁸</strong></span> <span class='ocrx_word' id='word_1_829' title='bbox 383 5611 443 5668; x_wconf 76' lang='lat' dir='ltr'><strong>F.</strong></span> <span class='ocrx_word' id='word_1_830' title='bbox 480 5612 695 5683; x_wconf 85' lang='grc' dir='ltr'>γύναια.</span> <span class='ocrx_word' id='word_1_831' title='bbox 773 5621 793 5652; x_wconf 75' lang='grc'>³</span> <span class='ocrx_word' id='word_1_832' title='bbox 824 5614 980 5670; x_wconf 85' lang='lat' dir='ltr'><strong>Deest</strong></span> <span class='ocrx_word' id='word_1_833' title='bbox 1023 5613 1245 5684; x_wconf 87' lang='lat' dir='ltr'><strong>aliquid.</strong></span> <span class='ocrx_word' id='word_1_834' title='bbox 1312 5615 1331 5646; x_wconf 90' lang='grc'><em>³</em></span> <span class='ocrx_word' id='word_1_835' title='bbox 1362 5610 1381 5667; x_wconf 89' lang='grc' dir='ltr'><strong>ι</strong></span> <span class='ocrx_word' id='word_1_836' title='bbox 1414 5608 1557 5668; x_wconf 81' lang='lat' dir='ltr'><strong>Tim.</strong></span> <span class='ocrx_word' id='word_1_837' title='bbox 1591 5625 1646 5673; x_wconf 71' lang='grc' dir='ltr'><strong>ν,</strong></span> <span class='ocrx_word' id='word_1_838' title='bbox 1679 5605 1760 5662; x_wconf 76' lang='grc' dir='ltr'>Η.</span> 
     </span>
    </p>
   </div>
   <div class='ocr_carea' id='block_1_117' title="bbox 1938 5602 2443 5684">
    <p class='ocr_par' dir='ltr' id='par_1_117' title="bbox 1944 5602 2443 5684">
     <span class='ocr_line' id='line_1_117' title="bbox 1944 5602 2443 5684; baseline 0.008 -26"><span class='ocrx_word' id='word_1_839' title='bbox 1944 5602 2067 5659; x_wconf 78' lang='lat' dir='ltr'><strong>xod.</strong></span> <span class='ocrx_word' id='word_1_840' title='bbox 2095 5620 2220 5672; x_wconf 73' lang='lat' dir='ltr'><strong>xxv,</strong></span> <span class='ocrx_word' id='word_1_841' title='bbox 2252 5602 2282 5656; x_wconf 73' lang='grc'><strong>4</strong></span> <span class='ocrx_word' id='word_1_842' title='bbox 2318 5621 2443 5684; x_wconf 76' lang='lat' dir='ltr'><strong>Sqq.</strong></span> 
     </span>
    </p>
   </div>
  </div>
