3948 6068
491 178 627 235 1051
1070 202 1105 233 4-

1904 174 1969 232 S.
2007 171 2348 230 EPIPHANII

493 303 685 361 tatem,
718 308 883 364 quam
913 294 1288 359 insowntiam,
1320 304 1380 349 et
1404 292 1842 365 ejaculationem,
1874 294 1940 349 ad
1966 293 2072 348 haz-

2187 288 2280 353 ιῶς
2333 252 2793 348 ἀπεικασθέντας,
2847 280 3344 355 περιφρονήσαντες
3386 280 3500 335 τῶν
3542 279 3765 347 αὐτῶν,

493 387 788 442 reticorum
837 385 1056 440 illorum
1102 383 1402 454 perniciem
1458 385 1868 457 signiﬁcandam
1913 400 2067 440 com-

493 476 655 531 mode
685 474 1034 539 adhibentur,
1066 475 1417 543 contemptis,
1451 475 1695 545 inquam,
1734 473 1894 545 513
1937 474 2067 539 illis,

491 579 549 623 et
576 563 829 635 abjectis,
856 562 923 617 ad
958 561 1200 633 reliquas
1239 563 1479 620 haereses
1509 570 1877 621 transeamus.

754 690 767 695 ‘
881 673 1163 739 CONTRA
1195 674 1680 744 SABELLIANOS,

905 766 1141 823 Haresis
1178 766 1343 822 XLII
1373 770 1453 824 vel
1476 768 1663 825 LXII.

562 877 606 934 1.
652 878 772 932 Non
829 878 1016 934 multis
1070 877 1270 934 abhinc
1314 880 1476 935 annis
1534 878 1809 937 Sabellius
1847 880 2069 952 quidam

494 968 790 1025 haereticus
839 969 1102 1025 emersit:
1135 968 1336 1040 quippe
1382 986 1577 1027 recens
1611 972 1704 1025 ille
1735 980 1841 1035 est,
1893 987 1924 1027 a
1961 987 2070 1042 quo

494 1060 795 1117 Sabelliani
828 1060 1061 1132 profecti
1108 1068 1259 1116 sunt.
1304 1060 1409 1127 Qui
1449 1061 1693 1131 quidem,
1724 1062 1915 1132 paucis
1946 1063 2070 1132 qui-

494 1152 724 1208 busdam
754 1151 1021 1222 exceptis,
1074 1150 1262 1207 eadem
1298 1167 1423 1207 cum
1476 1150 1759 1209 Noetianis
1808 1152 2067 1208 asseruit.

494 1242 672 1313 Atque
720 1243 887 1312 hujus
921 1252 1084 1298 sectae
1117 1243 1339 1314 plurimi
1375 1258 1499 1298 cum
1539 1244 1594 1297 in
1643 1242 2067 1315 Mesopotamia,

492 1342 606 1388 tum
649 1332 835 1389 Romae
872 1341 1186 1402 versantur,
1220 1334 1446 1389 vesania
1485 1334 1724 1406 quadam
1777 1334 1993 1406 perciti.

564 1505 771 1562 Horum
804 1507 920 1562 haec
951 1507 1141 1578 opinio
1178 1514 1265 1563 est
1295 1526 1309 1564 :
1344 1507 1608 1564 Eumdem
1656 1524 1781 1565 esse
1827 1508 2068 1575 Patrem,

492 1605 546 1651 et
579 1596 799 1665 Filium,
843 1606 896 1653 et
944 1598 1208 1670 Spiritum
1263 1607 1540 1663 sanctum,
1594 1607 1653 1654 ut
1703 1599 1773 1654 ad
1819 1599 2067 1655 eamdem

492 1664 817 1759 hypostasin
848 1699 962 1745 tres
985 1664 1397 1759 appellationes
1425 1689 1776 1744 conveniant.
1808 1688 1918 1744 Aut
1947 1704 2073 1761 per-
2104 1664 2147 1720 Β

495 1778 623 1833 inde
655 1786 820 1849 atque
869 1779 923 1833 in
976 1794 1086 1833 uno
1132 1779 1356 1834 homine
1404 1793 1625 1848 corpus,
1664 1787 1737 1835 et.
1766 1780 1972 1847 anima,
2020 1787 2075 1835 et

494 1870 726 1942 spiritus
758 1871 923 1925 inest.
962 1870 1037 1924 Ita
1073 1880 1131 1924 ut
1158 1867 1408 1939 corporis
1438 1869 1617 1924 instar
1643 1869 1717 1925 sit
1748 1868 1934 1935 Pater,
1963 1870 2077 1925 ani-

494 1975 599 2015 mae
628 1960 836 2027 Filius;
882 1958 1124 2029 Spiritus
1156 1958 1394 2029 denique
1429 1960 1482 2013 in
1516 1959 1633 2029 ipsa
1664 1959 1947 2015 divinitate
1970 1960 2075 2014 hu-

497 2052 646 2104 mani
676 2049 906 2119 spiritus
941 2050 1119 2103 instar
1158 2048 1446 2103 habeatur.
1479 2048 1635 2114 Quod
1667 2056 1722 2104 et
1761 2050 1895 2105 solis
1923 2049 2079 2106 simi-

498 2143 733 2198 litudine
761 2142 1079 2208 declarant;
1109 2140 1166 2195 in
1197 2155 1307 2213 quo
1337 2154 1463 2196 cum
1501 2154 1610 2194 una
1641 2140 1712 2196 sit
1743 2141 2073 2212 hypostasis,

494 2233 694 2303 triplex
732 2231 1091 2287 nihilominus
1121 2238 1279 2287 actus
1314 2238 1400 2288 est
1430 2249 1444 2287 :
1472 2229 1729 2284 nimirum
1767 2230 2077 2297 illustraqdi

497 2325 581 2381 vis
615 2335 669 2380 et
697 2322 1078 2388 calefaciendi,
1132 2331 1188 2379 et
1238 2322 1568 2378 orbicularis
1616 2320 1808 2393 ﬁgura.
1851 2322 1931 2375 Ac
1966 2321 2077 2375 vim

493 2415 715 2487 quidem
754 2415 901 2469 illam
939 2411 1316 2483 calefaciendi,
1357 2414 1462 2469 hoc
1491 2421 1576 2469 est
1621 2415 1882 2481 calorem,
1915 2423 2081 2485 atque

496 2512 712 2567 :rstum,
756 2504 985 2574 Spiritui
1019 2502 1383 2574 respondere;
1427 2504 1773 2558 illuminandi
1807 2521 1938 2561 vero
1968 2508 2080 2562 vim

496 2595 673 2664 Filio;
696 2594 912 2651 Patrem
938 2595 1176 2666 denique
1201 2596 1372 2651 totius
1393 2595 1707 2668 hypostasis
1730 2598 1876 2653 velut
1896 2613 2083 2669 quam-

497 2688 624 2743 dam
658 2703 782 2745 esse
816 2687 1070 2743 formam.
1105 2687 1278 2760 Igitur
1315 2687 1516 2743 Filium
1558 2686 1830 2742 aﬂirmant
1860 2687 1999 2743 radii
2024 2688 2081 2743 in

501 2794 708 2834 rnorem
739 2779 1006 2835 emissum
1043 2779 1251 2844 omnia,
1291 2793 1414 2850 quae
1451 2774 1520 2834 ad
1551 2779 1849 2850 Evangelii,
1887 2786 1941 2834 et
1979 2778 2082 2835 hu-

498 2885 674 2926 manae
732 2870 928 2925 salutis
983 2869 1424 2939 procurationem
1480 2869 1796 2933 attinerent,
1862 2869 1919 2923 in
1976 2869 2081 2925 hoc

499 2958 706 3014 mundo
739 2959 1080 3028 prastitisse,
1129 2966 1295 3028 atque
1342 2956 1416 3010 ita
1475 2957 1533 3012 in
1578 2957 1776 3012 caelum
1825 2955 2076 3023 rediisse,

500 3049 958 3122 quemadmodum
1010 3050 1080 3115 is,
1132 3050 1227 3119 qui
1267 3063 1297 3103 a
1341 3049 1459 3104 sole
1505 3049 1769 3114 manavit,
1805 3048 1996 3105 radius
2024 3049 2079 3103 in

497 3141 751 3198 eumdem
777 3150 963 3212 postea
991 3140 1323 3196 refunditur.
1352 3139 1618 3212 Spiritum
1644 3157 1810 3213 porro
1826 3151 2081 3199 sanctum

500 3237 558 3289 in
588 3235 734 3289 hunc
764 3232 953 3288 orbem
986 3232 1227 3297 immitti,
1264 3247 1330 3287 ac
1358 3232 1615 3304 deinceps
1654 3233 2083 3306 singillatimque

496 3328 555 3382 in
587 3340 683 3381 eos
730 3339 922 3381 omnes
974 3324 1146 3391 illabi,
1199 3324 1294 3395 qui
1340 3338 1407 3380 eo
1450 3340 1677 3379 munere
1730 3326 1877 3397 digni
1923 3334 2080 3395 sunt;

494 3419 862 3487 cumdemque
900 3418 1212 3472 instaurare
1241 3415 1430 3481 vitam,
1469 3425 1526 3471 et
1563 3415 1810 3473 animare
1837 3415 2080 3487 fervore;

500 3511 685 3567 fovere
713 3509 972 3581 denique,
1004 3522 1069 3563 ac
1096 3506 1417 3570 calefacere,
1452 3514 1513 3562 ut
1539 3507 1613 3561 ita
1643 3507 1844 3573 dicam,
1876 3509 1928 3565 vi
1954 3524 2086 3581 qua-

500 3601 627 3656 dam
657 3599 1133 3670 consensioneque
1179 3599 1431 3670 spiritus.
1487 3598 1771 3672 Ejusmodi
1808 3598 1923 3657 fere
1960 3601 2086 3658 illo-

497 3707 622 3746 rum
650 3690 905 3763 dogmata
938 3697 1089 3747 sunt.

570 3780 634 3836 ll.
668 3766 938 3837 Caeterum
987 3780 1245 3837 omnibus
1297 3788 1410 3836 tam
1460 3779 1700 3847 Veteris,
1752 3795 1916 3850 quam
1947 3778 2083 3836 Novi

498 3874 837 3933 Testamenti
885 3871 1190 3946 Scripturis
1241 3881 1496 3942 utuntur,
1551 3873 1636 3930 vel
1685 3873 1855 3930 certis
1901 3874 2084 3945 potius

498 3968 860 4034 dictionibus,
887 3982 1025 4037 quas
1055 3966 1277 4037 ipsimet
1304 3981 1403 4037 pro
1428 3965 1625 4021 insana
1654 3974 1839 4021 mente
1868 3980 1989 4030 sua,
2018 3979 2084 4020 ac

499 4060 754 4118 vecordia
788 4058 1053 4129 deligunt.
1097 4056 1377 4127 Principio
1405 4056 1550 4117 hanc
1580 4072 1612 4111 e
1650 4056 1823 4113 sacris
1860 4055 2084 4112 Litteris

498 4153 832 4209 sententiam
873 4149 1169 4220 arripiunt,
1223 4163 1386 4219 quam
1441 4147 1611 4221 Moysi
1661 4147 1804 4204 Deus
1836 4147 2084 4203 elocutus

500 4254 619 4300 est:
642 4243 804 4309 Audi,
841 4242 1035 4309 Israel,
1065 4240 1323 4295 Dominus
1359 4237 1523 4312 514
1555 4238 1694 4294 Deus
1728 4241 1872 4305 tuus,
1898 4239 2084 4295 Domi-

2172 380 2269 433 ἑπὶ
2290 378 2391 443 τὰς
2423 375 2550 449 ἑξῆς
2579 375 2769 447 ἴωμεν,
2789 366 2838 428 ὧ
2864 372 3159 444 ἀγαπητοί.

2593 662 2784 716 ΚΑΤΑ
2824 657 3328 722 ΣΔΒΕΛΛΙΛΝΩΝ,

2177 752 2646 826 Τεσσαρακοστὴ
2669 750 2936 820 δευτέρα,
2967 751 3006 818 ἡ
3029 748 3128 803 καί
3148 748 3448 817 ἐξηκοοτὴ
3478 745 3755 817 δευτέρα.

2241 870 2322 923 A'.
2365 863 2650 923 Σαϐέλλιός
2679 878 2764 925 τις
2787 862 2844 914 ὲν
2873 860 3087 931 χρόνοις
3107 857 3384 928 ἀνέστηςού
3409 855 3595 927 πολλῷ
3622 857 3757 927 πρό-

2167 973 2328 1030 τερον
2351 953 2750 1014 παλαιοτάτοιςο
2778 950 3090 1024 πρόσφατος
3119 948 3227 1020 γὰρ
3247 943 3422 1012 οὗτος·
3453 948 3550 1016 ἀφ’
3578 939 3757 1019 οὗπερ

2168 1051 2219 1103 οἱ
2240 1045 2592 1102 Σαϐελλιανοὶ
2621 1041 2786 1098 καλοῦ
2794 1058 2963 1114 μενοι.
2983 1042 3093 1094 Καὶ
3112 1035 3264 1104 οὗτος
3281 1041 3338 1093 δὲ
3352 1039 3759 1112 παραπλησίαις

2169 1139 2278 1193 τῶν
2323 1134 2660 1208 Νοητιανῶν,
2715 1132 2854 1205 πλὴν
2904 1131 3102 1202 ὀλίγων
3156 1130 3338 1197 τινῶν,
3388 1130 3755 1201 δογματίσας.

2170 1229 2366 1284 Πολλοὶ
2395 1229 2453 1281 δὲ
2481 1229 2539 1281 ἐν
2559 1230 2627 1298 τῇ
2648 1226 2807 1298 Μέσῃ
2834 1223 2944 1277 τῶν
2973 1222 3254 1294 ποταμῶν,
3284 1223 3379 1274 καὶ
3404 1223 3498 1274 ἐπὶ
3517 1221 3589 1274 τὰ
3612 1220 3754 1292 μέρη

2169 1323 2270 1393 τῆς
2312 1320 2533 1392 Ῥώμης
2562 1317 2657 1372 τοῦ
2698 1316 2864 1371 αὐτοῦ
2899 1315 3170 1387 δόγματος
3198 1313 3555 1384 ὑπάρχουσιν,
3597 1312 3759 1383 ἀνοίᾳ

2170 1413 2277 1467 τινὶ
2307 1413 2613 1485 φερόμενοι.

2242 1502 2569 1576 Δογματίζει
2608 1502 2720 1574 γὰρ
2749 1492 2901 1564 οὗτος
2930 1498 3026 1553 καὶ
3056 1499 3107 1551 οἱ
3142 1497 3237 1552 ἀπ’
3262 1497 3428 1552 αὑτοῦ
3452 1497 3753 1551 ὣόελλια-

2173 1598 2255 1653 νοὶ
2277 1598 2370 1652 τὸν
2391 1596 2550 1651 αὐτὸν
2572 1589 2712 1650 εἶναι
2730 1594 2972 1664 Πατέρα,
2994 1592 3086 1645 τὸν
3111 1591 3273 1646 αὐτὸν
3296 1591 3448 1655 Υίδν,
3471 1591 3567 1644 τὸν
3591 1589 3758 1670 αὐτον
3874 1622 3879 1623 κ

2175 1685 2314 1743 εἶναι
2348 1687 2501 1757 ἅγιον
2522 1684 2766 1756 Πνεῦμα·
2791 1683 2868 1747 ὡς
2891 1679 3031 1737 εἷναι
3058 1682 3117 1735 ὲν
3150 1682 3249 1753 μιᾷ
3279 1680 3578 1735 ὑποστάσει
3605 1682 3756 1751 τρεῖς
3838 1702 3845 1705 κ

2173 1780 2492 1852 ὀνομασίας,
2537 1777 2571 1851 ἦ
2607 1778 2683 1842 ὡς
2712 1778 2770 1831 ἐν
2796 1774 3068 1848 ἀνθρώπῳ
3100 1774 3281 1845 σῶμα,
3321 1774 3417 1827 καὶ
3454 1772 3631 1844 ψυχὴ,
3666 1774 3758 1826 καὶ

2177 1874 2418 1945 πνεῦμα.
2444 1870 2558 1925 Καὶ
2583 1865 2723 1924 εῖναι
2756 1869 2855 1942 μὲν
2891 1869 2951 1923 τὸ
2983 1867 3163 1939 σῶμα,
3194 1866 3271 1932 ὡς
3294 1868 3488 1929 είπεῖν,
3525 1864 3623 1919 τδν
3647 1866 3758 1918 lla-

2176 1966 2329 2039 τέρα,
2349 1966 2528 2036 ψυχὴν
2553 1964 2630 2030 δὲ,
2656 1964 2733 2027 ὡς
2752 1963 2948 2028 εἰπεῖν,
2973 1960 3064 2014 τὸν
3092 1959 3242 2022 Υἱδν,
3264 1957 3327 2011 τὸ
3350 1956 3577 2028 Πνεῦμα
3605 1956 3664 2010 δὲ
3684 1955 3758 2019 ὣς

2176 2056 2485 2129 ἀνθρώπου,
2513 2055 2686 2118 οὕτως
2707 2053 2801 2108 καὶ
2823 2052 2885 2106 τὸ
2910 2050 3063 2120 άγιον
3084 2048 3312 2119 Πνεῦμα
3337 2048 3395 2101 ὲν
3416 2049 3484 2119 τῇ
3516 2047 3752 2117 θεότητι.

2179 2110 2249 2203 ’Π
2269 2110 2343 2212 ως
2362 2110 2512 2220 ἐὰνῇ
2541 2148 2599 2199 ὲν
2629 2110 2764 2217 ἡλίῳ
2788 2144 2901 2197 ὄντι
3056 2110 3588 2221 exagitandam,
3612 2110 3802 2222 τέξῖςε,
3825 2110 3855 2209 Ι

2178 2240 2235 2296 δὲ
2265 2239 2443 2311 ἔχοντι
2468 2237 2566 2302 τάς
2594 2234 2895 2319 ὲνἯείας·
2938 2232 3081 2305 φημὶ
3112 2233 3170 2287 δὲ
3200 2233 3260 2286 τὸ
3287 2231 3636 2301 φωτιστικὺν,

2178 2330 2240 2384 τὸ
2267 2329 2493 2393 θάλπον,
2521 2329 2617 2381 καὶ⁸
2643 2316 2776 2379 αὐτὸ
2807 2323 2868 2378 τὺ
2894 2324 2992 2395 τῆς
3015 2321 3373 2394 περιφερείας
3412 2319 3621 2390 σχῆμα.
3648 2316 3757 2370 Καὶ

2178 2406 2320 2478 εἶναι
2371 2422 2469 2494 μὲν
2513 2420 2575 2474 τὸ
2628 2418 2852 2483 θάλπον,
2899 2416 3076 2470 εἵτουν
3120 2414 3323 2487 θερμὸν
3369 2413 3465 2467 καὶ
3516 2412 3660 2477 ζέον,
3697 2412 3757 2464 τὺ

2179 2512 2430 2585 Πνεῦμα,
2464 2512 2528 2565 τὸ
2559 2509 2886 2581 φωτιστικδν
2922 2509 2979 2562 δὲ
3006 2508 3097 2562 τὸν
3130 2506 3279 2572 rem,
3314 2505 3406 2559 τὸν
3442 2504 3502 2557 δὲ
3537 2502 3757 2573 Πατέρα

2181 2603 2342 2659 αὐτὸν
2373 2598 2513 2656 εἶναι
2553 2600 2615 2653 τὸ
2657 2593 2797 2663 εἶδος
2840 2598 3021 2669 πάσης
3062 2597 3160 2667 τῆς
3197 2594 3570 2657 ὑποστάσεως.
3614 2592 3761 2662 Πεμο

2182 2695 2385 2768 φθέντα
2412 2693 2469 2749 δὲ
2497 2692 2589 2747 τὸν
2618 2690 2749 2745 Υίδν
2787 2688 2970 2761 καιρῷ
2998 2704 3150 2750 ποτε,
3191 2686 3379 2757 ὥσπερ
3420 2685 3645 2749 ἀκτῖνα,
3673 2683 3762 2735 καὶ

2181 2789 2558 2860 ἐργασάμενον
2586 2784 2656 2839 τά
2693 2785 2868 2839 πάντα
2900 2784 2960 2836 ὲν
2987 2780 3068 2852 τῷ
3100 2781 3286 2851 κόσμῳ
3312 2777 3379 2831 τά
3412 2777 3516 2847 τῆς
3547 2778 3762 2829 οίκονο-

2185 2877 2314 2949 μίας
2337 2877 2435 2948 τῆς
2456 2872 2835 2943 εὺαΠελικῆς.
2874 2870 2969 2924 καὶ
3003 2868 3272 2939 σωτηρίας
3294 2865 3399 2919 τῶν
3418 2862 3763 2934 ἀνθρώπων,

2183 2966 2560 3038 ἀναληφθέντα
2581 2965 2639 3020 δὲ
2662 2959 2820 3026 αὖθις
2844 2963 2924 3026 εἰς
2946 2961 3194 3034 οὐρανὸν,
3215 2958 3285 3022 ὡς
3307 2955 3413 3010 ὑπὸ
3434 2955 3599 3026 ἡλίου
3630 2972 3766 3025 πεμ-

2185 3058 2411 3130 φθεῖσαν
2440 3057 2655 3119 ἀκτῖνα,
2687 3054 2783 3108 καὶ
2818 3052 2979 3108 πάλιν
3009 3054 3090 3116 είς
3117 3053 3208 3105 τὸν
3235 3049 3383 3121 ἣλιον
3413 3043 3762 3118 ἀναδραμοῦ-

2185 3171 2306 3208 σαν.
2339 3153 2413 3207 Τὸ
2440 3152 2497 3205 δὲ
2527 3151 2680 3221 ἅγιον
2708 3147 2934 3219 Πνεῦμα
2962 3145 3275 3217 πέμπεσθαι
3308 3145 3386 3207 είς
3410 3142 3502 3195 τὸν
3535 3140 3760 3209 κόσμον,

2183 3247 2276 3301 καὶ
2306 3242 2562 3315 καθεξῆς,
2592 3240 2687 3296 καὶ
2720 3240 2841 3295 καθ’
2871 3239 3076 3292 ἕκαστα
3110 3238 3191 3301 είς
3228 3235 3460 3289 ἕκαστον
3491 3231 3604 3285 τῶν
3643 3245 3763 3282 κατα

2183 3337 2535 3409 αξιουμένωνο
2570 3334 2963 3403 άναζωογονεῖν
2993 3331 3052 3385 δὲ
3083 3330 3174 3384 τὸν
3214 3326 3479 3389 τοιοῦτον,
3517 3324 3615 3377 xai.
3639 3323 3763 3409 ἀνα-

2184 3408 2351 3494 ζέειν,
2380 3426 2607 3480 θάλπειν
2635 3440 2697 3478 τε
2724 3424 2820 3477 καὶ
2849 3420 3188 3493 θερμαίνειν,
3217 3417 3295 3481 ὡς
3326 3416 3527 3478 είπεῖν,
3558 3410 3645 3465 διὰ
3666 3408 3761 3480 τῆς

2182 3517 2277 3573 τοῦ
2336 3516 2646 3587 πνεύματος
2699 3509 2982 3585 δυνάμεώς
3030 3527 3091 3564 τε
3138 3509 3233 3565 καὶ
3278 3505 3629 3578 συμϐάσεως.
3658 3499 3765 3554 Καὶ

2182 3609 2355 3667 ταῦτά
2381 3612 2528 3664 ἐστιν
2552 3607 2589 3664 ἃ
2612 3590 3023 3679 δογματίζουσι.

2255 3790 2330 3845 B’.
2350 3791 2664 3863 Κέχρηνται
2689 3789 2747 3843 δὲ
2770 3791 2889 3854 ταῖς
2911 3787 3111 3850 πάσαις
3164 3787 3405 3858 γραφαῖς
3435 3782 3680 3848 Παλαιᾰς
3700 3800 3754 3836 τε

2185 3885 2281 3940 καὶ
2310 3884 2519 3953 Καινῆς
2543 3880 2842 3952 Διαθήκης,
2872 3879 3054 3947 λέξεσι
3078 3878 3137 3932 δέ
3159 3895 3299 3931 τισιν
3324 3872 3412 3941 αῖς
3437 3876 3597 3932 αὐτοὶ
3620 3875 3758 3929 ὲκλέ-

2184 3992 2373 4045 γονται
2404 3971 2548 4028 κατὰ
2566 3972 2665 4043 τὴν
2700 3970 2837 4025 ίδίαν
2869 3969 3046 4023 αὐτῶν
3076 3967 3613 4040 παρα-πεποιημένην
3641 3983 3759 4037 φρε-

2183 4062 2505 4117 νοϐλάϐειαν
2540 4078 2601 4115 τε
2634 4058 2729 4115 καὶ
2760 4058 2966 4113 ἄνοιαν.
3007 4057 3233 4130 Πρῶτον
3265 4057 3364 4127 μὲν
3395 4056 3475 4128 τῷ
3514 4055 3683 4129 ῥητῷ,
3719 4047 3762 4122 ᾧ

2183 4153 2339 4211 εἶπεν
2371 4158 2400 4209 ὁ
2434 4154 2567 4218 Θεὸς
2607 4152 2743 4225 apo;
2772 4153 3034 4223 Μωῦσῆν,
3082 4151 3165 4205 ὅτι
3210 4152 3451 4216 Ἄκουε,
3506 4149 3758 4219 Ἰσραὴλ,

2186 4250 2401 4318 Κύριος
2428 4250 2461 4302 ὁ
2492 4245 2638 4312 Θεός
2661 4259 2802 4311 σου,
2824 4244 3039 4312 Κύριος
3059 4238 3148 4309 εἷς
3172 4243 3366 4297 ἐστιν.
3388 4244 3470 4297 Οὐ
3494 4243 3765 4311 ποιήσεις

499 4351 601 4389 nus
626 4350 760 4387 unus
788 4343 886 4387 est.
920 4333 1044 4389 Non
1076 4333 1238 4403 facies
1264 4334 1358 4388 tibi
1378 4333 1501 4388 deos
1525 4332 1743 4390 alteros.
1780 4330 1903 4388 Non
1929 4340 2076 4387 erunt

2187 4335 2420 4403 σεαυτῷ
2465 4334 2643 4400 θεοὺς
2688 4332 2951 4401 ἐτέρους.
3018 4333 3142 4387 Οὐκ
3195 4330 3448 4388 ἔσονταί
3464 4341 3468 4344 ‘
3494 4349 3598 4387 σοι
3649 4332 3761 4387 θεοί

500 4425 601 4479 tibi
624 4423 701 4478 dii
733 4433 959 4479 recentes
982 4425 1024 4478 ¹.
1061 4423 1324 4491 Quoniam
1355 4441 1445 4495 ego
1483 4421 1626 4480 Deus
1662 4426 1888 4495 primus,
1913 4434 1963 4480 et
1987 4440 2081 4478 no.

504 4515 771 4579 vissimus,
798 4525 844 4568 et
869 4523 1061 4582 prwter
1091 4529 1171 4568 me
1197 4530 1301 4567 non
1325 4523 1403 4568 est
1424 4513 1565 4569 Deus
1589 4515 1730 4569 alius
1744 4516 1785 4569 '.
1813 4513 1939 4569 Etsi
1962 4529 2083 4584 qua

502 4608 611 4663 alia
655 4614 784 4661 sunt
830 4604 899 4659 ad
945 4611 1181 4660 mentem
1224 4620 1380 4660 suam
1416 4604 1848 4670 accommodata,
1884 4605 2085 4676 quibus

499 4699 572 4753 ad
606 4696 1041 4753 confirmandum
1070 4711 1313 4752 errorem
1347 4696 1671 4753 abutuntur.
1712 4695 1981 4753 Praeterea
2015 4712 2082 4753 ex

502 4789 800 4861 Evangelia
830 4790 964 4844 illud
994 4797 1263 4860 usurpant
1291 4806 1305 4845 :
1334 4787 1448 4860 Ego
1479 4790 1535 4844 in
1558 4787 1744 4858 Patre,
1768 4798 1818 4843 et
1846 4788 2010 4845 Pater
2029 4789 2083 4844 in

501 4897 584 4937 me
615 4890 693 4937 est
712 4880 755 4936 ⁸.
782 4878 848 4933 Et
880 4898 893 4935 :
937 4879 1051 4933 Duo
1079 4896 1242 4934 unum
1274 4895 1455 4935 sumus
1479 4879 1520 4934 ⁵.

572 4973 730 5029 llunc
760 4979 942 5028 autem
967 4986 1208 5028 errorem
1239 4986 1479 5037 omnem,
1512 4970 1744 5041 ejusque
1776 4970 2086 5026 ﬁrmamen-

501 5077 619 5124 tum
646 5084 713 5125 ex
747 5066 1093 5139 Apocryphis
1122 5064 1452 5137 quibusdam
1481 5065 1818 5131 hauserunt;
1854 5078 2086 5135 praeser-

500 5164 599 5217 tim
647 5164 716 5219 ab
762 5160 1148 5232 Egyptiorum
1188 5157 1486 5228 Evangelio
1520 5175 1533 5211 :
1563 5157 1665 5211 hoc
1694 5156 1841 5212 enim
1872 5156 1949 5210 illi
1983 5169 2084 5210 no—

502 5268 627 5309 men
668 5252 1004 5318 indiderunt,
1045 5251 1101 5306 in
1129 5264 1241 5322 quo
1272 5249 1532 5321 pleraque
1560 5256 1691 5305 sunt
1722 5247 1887 5318 hujus
1920 5262 2084 5318 gene-

501 5344 604 5408 ris,
635 5359 758 5413 qua:
793 5358 859 5398 ex
893 5359 1128 5413 persona
1164 5341 1469 5398 Salvatoris
1503 5342 1643 5397 clam
1672 5349 1838 5411 atque
1867 5337 2082 5395 occulte

502 5435 653 5494 velut
687 5434 969 5505 mysteria,
1010 5442 1413 5504 proponuntur,
1444 5434 1602 5504 quasi
1637 5431 1927 5502 discipulis
1959 5428 2078 5500 ipse

577 5594 594 5626 ι
619 5590 777 5650 Deut.
807 5607 884 5660 vr,
907 5591 971 5659 ές
1013 5589 1184 5646 Exod.
1219 5606 1308 5650 xx.
1335 5591 1387 5645 5.

2186 4430 2541 4501 πρόσφατοι·
2584 4426 2674 4481 ὅτι
2719 4426 2834 4496 ἐγὼ
2881 4424 3025 4492 Θεὸς
3070 4428 3104 4480 ό
3150 4424 3403 4495 πρῶτος,
3439 4425 3539 4479 καὶ
3570 4428 3601 4479 ὁ
3625 4424 3764 4496 μετὰ

2188 4523 2394 4586 ταῦτα,
2429 4519 2526 4573 καὶ
2556 4515 2726 4586 πλὴν
2753 4513 2902 4585 ἐμοῦ
2932 4515 3045 4568 οὐκ
3076 4512 3209 4569 ἐστι
3236 4513 3381 4580 Θεὸς
3405 4513 3630 4583 ἔτερος.
3665 4514 3765 4567 Καὶ

2188 4613 2290 4667 ὅσα
2324 4610 2489 4681 ἕτερα
2513 4605 2653 4661 κατά
2680 4606 2770 4659 τὸν
2806 4603 2936 4658 ἴδιον
2965 4602 3147 4658 αὐτῶν
3178 4602 3325 4671 νοῦν,
3361 4604 3444 4666 είς
3474 4602 3679 4656 τούτων
3713 4601 3765 4654 δὲ

2191 4703 2540 4775 παράστασιν
2594 4696 2840 4769 φέρουσι.
2895 4694 3067 4749 Πάλιν
3122 4694 3232 4749 άπὸ
3279 4693 3641 4764 Εὐαγγελίου,
3689 4693 3767 4745 ὅτι

2203 4794 2346 4865 Ἐγὼ
2376 4794 2446 4847 ἐν
2486 4787 2567 4856 τῷ
2608 4787 2812 4857 Πατρὶ,
2854 4785 2953 4840 καὶ
2992 4788 3025 4840 ό
3056 4785 3261 4855 Πατὴρ
3283 4784 3354 4839 ἐν
3379 4784 3533 4854 ἐμοί·
3563 4785 3678 4846 καὶ,
3706 4783 3766 4834 Οί

2134 4876 2138 4879 ⁷
2189 4887 2298 4941 δύο
2326 4883 2396 4939 ἐν
2421 4881 2629 4952 ἐσμεν.

2260 4973 2368 5046 Τὴν
2396 4973 2453 5027 δὲ
2480 4973 2657 5026 πᾶσαν
2689 4968 2869 5024 αὐτῶν
2897 4968 3130 5041 πλάνην,
3174 4967 3269 5021 καὶ
3304 4965 3405 5038 τὴν
3432 4966 3533 5038 τῆς
3568 4965 3769 5035 πλάνης

2190 5065 2370 5125 αὐτῶν
2405 5063 2633 5135 δύναμιν
2676 5058 2890 5131 ἔχουσιν
2938 5060 2998 5126 te
3042 5058 3402 5132 Ἀποκρῦφων
3444 5058 3633 5124 τινῶν,
3674 5057 3771 5129 μάο

2188 5157 2346 5209 λιστα
2383 5153 2492 5209 άπὸ
2522 5150 2617 5206 τοῦ
2656 5150 2988 5221 καλουμένου
3020 5148 3317 5220 Δίγυπτίου
3343 5147 3702 5219 Εὑαγγελίου,
3725 5140 3771 5215 ᾧ

2188 5263 2333 5310 τινες
2369 5244 2429 5298 τὸ
2463 5242 2634 5314 ὄνομα
2668 5240 2926 5294 ἐπέθεντο
2956 5239 3132 5295 τοῦτο.
3166 5239 3257 5292 Ἑν
3283 5236 3433 5308 αὐτῷ
3462 5236 3576 5308 γὰρ
3610 5233 3771 5289 πολλὰ

2186 5334 2418 5391 τοιαῦτα
2442 5334 2518 5399 ὠς
2538 5335 2594 5388 ὲν
2618 5329 2952 5404 παραϐύστῳ
2979 5328 3371 5403 μυστηριωδῶς
3393 5330 3459 5383 ὲκ
3480 5325 3768 5399 προσώπου

2184 5425 2280 5480 τοῦ
2326 5424 2578 5495 Σωτῆρος
2613 5421 2968 5493 ἀναφέρεται,
3006 5420 3083 5485 ὡς
3121 5419 3288 5495 αρτοῦ
3330 5417 3625 5490 δηλοῦντος
3667 5417 3768 5476 τοῖς

1489 5592 1508 5622 ¹
1543 5587 1643 5645 lsa.
1680 5604 1822 5655 κων,
1856 5588 1910 5643 6.
1989 5586 2009 5619 ³
2046 5584 2204 5641 Joan.
2236 5599 2288 5637 κ.
2327 5582 2414 5636 38.
2495 5582 2515 5613 ⁸
2549 5578 2681 5636 ibid.
2724 5579 2813 5635 30.

3609 162 3770 221 ιοῡιι

3876 57 3900 367 l

3890 558 3900 879 l
