3840 6062
82 588 95 627 l

86 1914 105 2010 ἱ

115 251 134 303 Ι
146 245 248 303 055

849 240 1218 321 Αονειιευε
1254 242 1593 300 menssss
1628 238 1756 297 LIB.
1786 241 1851 298 n.
1882 241 2044 299 rom.
2088 240 2221 298 t.—
2249 198 2538 299 "renes.
2563 242 2723 298 tht.

3221 242 3243 295 1
3254 238 3359 296 056

117 359 384 433 μαθηταῖς
400 358 491 413 τὸν
511 356 673 412 αὐτὸν
689 353 830 411 εἶναι
845 357 1084 429 Πατέρα,
1102 358 1194 412 τὸν
1209 357 1372 412 αὐτὸν
1396 351 1537 413 εἶναι
1550 358 1699 425 Υίὸν,

1824 358 2058 420 ,eclaret,
2090 358 2341 415 eumdem
2376 373 2499 413 esse
2530 355 2771 418 Patrem,
2807 364 2861 410 et
2900 351 3120 417 Filium,
3151 360 3205 406 et
3237 352 3363 422 Spi-

111 453 202 506 τὸν
218 450 380 505 αὑτὸν
398 444 535 502 εἶναι
558 446 710 517 ἅγιον
726 446 978 518 Πνεῦμα.
1002 443 1136 501 Εἶτα
1159 449 1287 502 ὅταν
1314 446 1685 519 συναντήσωσί

111 562 221 599 τισι
230 542 338 597 τῶν
351 538 751 611 ἀφελεστάτων,
765 537 800 609 ἦ
815 538 1110 610 ἀκεραίων,
1125 537 1234 591 τῶν
1254 538 1410 610 μὴτά
1427 539 1570 609 σαφῆ
1581 536 1688 590 τῶν

116 639 267 693 θείων
286 634 514 707 Γραφῶν
522 632 1017 704 γινωσκόντων,τὴν
1030 633 1220 688 πεῦσιν
1231 633 1410 697 αὐτοῖς
1423 631 1691 704 ὑφηγοῦν-

113 747 200 782 ται
220 726 443 797 ταύτην·
464 724 529 779 Τί
551 724 619 780 ἂν
634 725 895 796 εἴπωμεν,
920 718 967 779 ὧ
996 718 1174 791 0610:;
1202 723 1298 778 ἕνα
1315 724 1447 778 Θεὸν
1472 724 1690 794 ἔχομεν,

114 826 146 894 ἢ
186 824 337 896 τρεῖς
381 819 570 885 θεούς;
608 820 778 874 Ὅταν
808 820 866 873 δὲ
898 819 1109 894 ἀκούσῃ
1146 821 1176 874 6
1220 822 1279 874 ἐν
1304 818 1563 891 εὐλαϐείᾳ
1594 819 1691 885 ὢν,

116 914 209 968 καὶ
239 913 312 984 μὴ
340 912 409 966 τὰ
438 910 618 965 τέλεια
649 910 749 981 τῆς
774 910 1073 980 ἀσφαλείας
1105 912 1492 984 ἐπιστάμενος,
1532 912 1695 976 εὐθὺς

117 1005 207 1058 τὸν
232 1004 357 1059 νοῦν
387 1003 701 1074 ταραχθεὶς,
732 1002 1187 1072 συγκατατίθεται
1217 1006 1284 1075 τῇ
1312 1004 1538 1058 ἐκείνων
1559 1002 1695 1056 πλά-

119 1111 205 1167 νη.
222 1094 317 1148 καὶ
336 1093 651 1165 εὑρίσκεται
676 1092 1011 1163 ἀρνούμενος
1027 1094 1120 1147 τὸν
1147 1094 1300 1158 Θεὸν,
1328 1096 1422 1148 καὶ
1448 1094 1697 1166 εὑρίσκε-

119 1204 206 1239 τιι
228 1184 563 1257 ἀρνούμενος
582 1184 644 1237 τὸ
673 1179 811 1238 εἶναι
844 1183 971 1238 Υίὸν
992 1185 1088 1238 καὶ
1112 1185 1174 1238 τὸ
1200 1185 1355 1253 ἅγιον
1379 1185 1622 1257 Πνεῦμα.

190 1277 260 1331 I".
293 1277 385 1329 Ἐν
410 1277 544 1329 πᾶσι
568 1276 625 1329 δὲ
644 1274 853 1339 τούτοις
877 1273 1199 1329 ἐνέπνευσεν
1221 1277 1250 1330 6
1274 1276 1380 1330 τῶν
1394 1276 1698 1349 ἀνθρώπων

123 1367 415 1431 ἀντίπαλος
440 1367 536 1420 ἀπ’
564 1365 780 1431 αἰῶνος,
817 1366 904 1419 ἵνα
937 1366 1028 1420 τὸν
1057 1366 1157 1437 μὲν
1182 1366 1377 1431 οὕτως,
1411 1367 1500 1422 τὸν
1530 1368 1586 1422 δὲ
1607 1367 1700 1423 οῦ·-

127 1478 254 1523 τως,
297 1460 425 1523 τοὺς
464 1458 681 1522 πλείους
724 1458 783 1512 δὲ
824 1459 961 1530 ὁμοῦ
1005 1460 1263 1533 ἀπατήσῃ
1307 1461 1402 1514 καὶ
1450 1460 1701 1534 πλανήσῃ

130 1550 447 1623 ἀνθρώπους
473 1550 582 1604 ἀπὸ
611 1550 712 1621 τῆς
747 1548 868 1603 ὁδοῦ
904 1551 1006 1621 τῆς
1029 1550 1309 1622 ἀληθείας.
1338 1551 1451 1606 Καὶ⁸
1479 1552 1563 1606 ὅτι
1600 1552 1700 1623 μὲν

130 1640 345 1712 ἀληθῶς
377 1635 458 1703 εἷς
496 1640 614 1694 ἐστι
644 1639 799 1705 Θεὸς,
837 1640 933 1693 καὶ
965 1641 1065 1694 οὐκ
1096 1641 1242 1695 ἐστιν
1271 1642 1476 1713 ἔτερος,
1517 1640 1702 1711 σαφῶς

130 1736 190 1787 ἐν
218 1698 298 1803 ⁸ιιςῇ
324 1698 478 1804 ⁷ἀγίξι
525 1729 619 1785 τοῦ
671 1698 808 1784 Θεοῦ
840 1730 1137 1803 Ἐκκλησία
1191 1698 1560 1802 ὡμολόγηται,
1737 1698 1784 1755 Β

129 1822 578 1895 συμπεφώνηται.
616 1821 740 1875 Ὅτι
759 1822 820 1875 06
844 1820 1135 1876 πολυθεϊαν
1155 1821 1541 1892 είσηγούμεθαο
1570 1820 1707 1875 ἀλλά

129 1912 427 1984 μοναρχίαν
453 1912 820 1984 κηρύττομεν.
855 1912 1176 1983 Μοναρχίαν
1219 1910 1275 1964 δὲ
1322 1911 1704 1983 κηρύττοντες,

127 2006 187 2057 οὐ
230 2005 602 2075 σφαλλόμεθα,
639 2004 775 2059 ἀλλὰ
818 2003 1193 2076 ὁμολογοῦμεν
1224 2004 1323 2075 τὴν
1354 2003 1580 2076 Τριάδα,
1613 2020 1710 2075 μο-

128 2096 261 2151 νάδα
285 2097 344 2151 ὲν
376 2097 588 2169 Τριάδι,
622 2097 718 2151 καὶ
750 2095 956 2169 Τριάδα
984 2097 1043 2150 ὲν
1076 2095 1285 2167 μονάδι,
1319 2094 1448 2167 μίαν
1482 2096 1711 2167 θεότητα

129 2186 366 2258 Πατρὸς,
401 2187 497 2241 καὶ
529 2186 687 2252 Υίοῦ,
728 2186 823 2242 καὶ
864 2186 1023 2255 ἀγίου
1064 2187 1403 2257 Πνεύματος.
1437 2186 1513 2240 Οὐ
1550 2186 1661 2258 γὰρ
1683 2189 1712 2241 6

130 2278 258 2343 Tib;
288 2278 483 2333 ἑαυτὸν
511 2278 818 2349 ἐγέννησεν
860 2278 983 2331 οὐδὲ
1018 2279 1048 2331 6
1088 2278 1281 2350 Πατὴρ
1313 2278 1712 2349 μεταϐέϐληται

128 2371 238 2424 ἀπὸ
262 2368 358 2423 τοῦ
389 2368 598 2440 Πατὴρ,
624 2368 719 2421 τοῦ
742 2364 882 2422 εἶναι
904 2368 1052 2432 Υίός⁸
1079 2367 1202 2421 οὐδὲ
1225 2368 1288 2422 τὸ
1312 2368 1467 2437 ἀγιον
1492 2368 1715 2441 Πνεῦμα

127 2460 366 2531 Χριστὸν
419 2460 610 2514 ἑαυτὸν
662 2458 885 2513 πώποτε
933 2459 1236 2531 ὠνόμασενο
1297 2459 1433 2514 ἀλλά
1491 2460 1716 2533 Πνεῦμα

130 2551 400 2622 Χριστοῦ,
453 2554 547 2605 καὶ
589 2550 680 2605 διὰ
725 2551 962 2622 Χριστοῦ
1005 2551 1301 2623 διδόμενον,
1350 2552 1458 2607 ἀπὸ
1502 2552 1716 2625 Πατρὸς

134 2643 588 2715 ἐκπορευόμενον,
614 2643 822 2699 καὶτοῦ
850 2643 981 2697 Υίοῦ
1004 2643 1298 2715 λαμϐάνον.
1323 2644 1716 2708 Ἐνυπόστατος

132 2736 161 2787 6
204 2734 418 2807 Πατὴρ,
449 2734 813 2798 ὲνυπόστατος
840 2736 869 2788 6
896 2735 1047 2802 Υίὸς,
1078 2734 1444 2789 ὲνυπόστατον
1471 2735 1533 2788 τὸ
1561 2735 1717 2803 ἀγιον

138 2826 379 2898 Πνεῦμα.
410 2826 573 2880 Ἀλλὰ
610 2827 669 2879 οὐ
697 2825 988 2899 συναλοιφὴ
1034 2827 1068 2897 ἡ
1103 2826 1293 2898 Τριάς,
1324 2826 1400 2889 ὡς
1429 2825 1718 2889 Σαϐέλλιος

137 2915 406 2986 ἐνόμισεν,
440 2913 567 2968 οὔτε
605 2914 948 2986 ἠλλοιωμένη
982 2915 1082 2986 τῆς
1121 2914 1259 2978 ίδίας
1289 2913 1590 2986 ἀῖδιότητος
1622 2912 1718 2967 καὶ

1795 446 1962 502 ritum
1997 438 2273 503 sanctum.
2312 443 2517 500 Deinde
2547 443 2760 513 quoties
2790 443 2844 496 in
2876 440 3111 509 aliquem
3144 452 3208 492 ex
3238 438 3364 491 sim-

1798 538 2121 608 plicioribus
2171 551 2236 591 ac
2280 528 2598 591 rudioribus
2640 530 2954 593 inciderint,
2983 528 3078 598 qui
3113 532 3364 581 exactam

1793 629 2103 685 divinarum
2140 626 2472 683 Litterarum
2504 624 2789 681 scientiam
2820 636 2930 676 non
2963 619 3183 682 habent,
3220 616 3366 670 hunc

1795 722 1850 777 in
1877 723 2097 778 modum
2122 723 2499 792 interrogant:
2527 717 2670 786 Quid
2698 716 2939 784 tandem,
2969 713 3095 769 boni
3127 711 3253 775 viri,
3283 707 3369 779 di-_

1797 812 2023 867 cemus?
2069 809 2250 866 Unum
2305 810 2573 865 habemus
2624 806 2793 862 Deum
2843 820 2914 860 an
2965 800 3113 858 tres?
3157 798 3368 866 Quibus

1797 904 2005 960 auditis
2051 905 2345 976 religiosus
2390 903 2504 967 ille,
2534 916 2636 956 nec
2679 898 2919 971 perfecta
2960 894 3027 950 ad
3070 890 3367 948 cavendum

1800 994 2042 1049 scientia
2068 996 2395 1066 perpolitus,
2418 992 2769 1066 perturbatus
2790 989 2937 1043 illico
2961 999 3149 1042 eorum
3182 997 3370 1037 asseno

1799 1086 1937 1141 titur
1974 1090 2174 1153 errori,
2208 1104 2271 1143 ac
2300 1088 2472 1142 Deum
2505 1083 2822 1155 imprudens
2854 1088 3035 1151 negat,
3065 1082 3248 1147 negat,
3285 1074 3373 1127 in-

1798 1193 1988 1250 quam.
2026 1177 2224 1234 Filium
2257 1194 2321 1233 ac
2345 1177 2605 1248 Spiritum
2639 1181 2911 1231 sanctum.

1872 1274 1968 1330 ΙΙΙ.
2005 1273 2270 1329 Caeterum
2317 1271 2419 1325 hos
2449 1284 2639 1324 omnes
2679 1262 2973 1337 perpetuus
3017 1261 3108 1315 ille
3152 1256 3374 1313 humani

1804 1367 2021 1440 generis
2065 1365 2244 1421 hostis
2291 1361 2514 1424 amavit,
2564 1370 2624 1414 ιιι
2672 1358 2837 1411 alium
2876 1355 2999 1417 hoc,
3044 1351 3213 1404 alium
3268 1347 3377 1401 isto

1805 1435 1988 1522 modo,
2020 1466 2299 1524 utcunque
2332 1452 2463 1506 vero
2497 1444 2931 1519 quamplurimas
2958 1435 3375 1497 circumveniat,

1806 1557 1973 1621 atque
2016 1563 2046 1602 a
2082 1548 2170 1601 via
2204 1543 2452 1601 veritatis
2497 1539 2752 1594 abducat.
2805 1532 3018 1588 Etenim
3056 1542 3226 1583 unum
3257 1540 3379 1580 esse

1808 1616 1999 1697 revera
2048 1638 2243 1702 Deum,
2286 1648 2468 1705 neque
2506 1638 2703 1702 prater
2735 1626 2881 1681 hunc
2917 1624 3168 1683 alterum,
3202 1616 3382 1671 mani-

1809 1728 1948 1786 feste
1972 1725 2283 1783 communis
2304 1721 2565 1778 Ecclesia:
2592 1715 2888 1789 consensio
2922 1710 3223 1783 profitetur.
3264 1706 3380 1761 Non

1805 1818 1951 1875 enim
1979 1816 2208 1873 deorum
2237 1812 2645 1869 multitudinem
2682 1807 3014 1867 invehimus,
3050 1801 3144 1858 sed
3167 1812 3386 1855 monar-

1809 1907 1990 1964 chiam
2026 1906 2406 1976 praedicamus.
2438 1902 2497 1957 In
2521 1916 2586 1956 ea
2612 1908 2791 1955 autem
2816 1892 3159 1967 prmdicanda
3181 1901 3388 1959 nequa-

1809 2012 1973 2069 quam
2010 1997 2361 2062 aberramus;
2399 1991 2494 2050 sed
2525 2005 2632 2046 una
2668 1988 2989 2043 Trinitatem
3028 1982 3386 2045 confitemur;

1813 2093 2101 2155 unitatem,
2154 2089 2401 2158 inquam,
2461 2086 2517 2138 in
2568 2081 2858 2144 Triuitate,
2888 2085 2943 2134 et
2972 2074 3297 2129 Trinitatem
3332 2071 3389 2125 in

1817 2182 2049 2243 unitate,
2081 2192 2354 2246 unamque
2374 2174 2576 2238 Patris,
2607 2186 2662 2227 et
2691 2168 2837 2233 Filii,
2866 2183 2929 2223 ac
2951 2166 3186 2236 Spiritus
3213 2164 3387 2219 sancti

1812 2270 2176 2326 divinitatem.
2232 2265 2369 2321 Nam
2420 2278 2598 2333 neque
2647 2261 2887 2330 seipsum
2941 2257 3116 2312 Filius
3162 2255 3387 2325 genuit:

1814 2375 1994 2431 neque
2024 2357 2210 2418 Pater.
2242 2365 2301 2411 ut
2339 2364 2487 2411 esset
2514 2353 2705 2415 Filius,
2736 2364 2860 2406 esse
2881 2346 3042 2402 Pater
3075 2346 3266 2410 desiit;
3296 2358 3393 2399 ne-

1816 2467 1925 2525 que
1976 2448 2219 2521 Spiritus
2268 2455 2497 2502 sanctus
2546 2444 2787 2513 seipsum
2837 2451 3076 2508 unquam
3110 2433 3391 2490 Christum

1818 2523 2133 2612 appellavit,
2169 2537 2265 2595 sed
2311 2536 2575 2609 Spiritum
2608 2532 2836 2600 Christi,
2883 2543 2948 2583 ac
2981 2543 3077 2598 per
3113 2523 3393 2580 Christum

1820 2632 2288 2690 communicatum
2319 2671 2334 2697 ,
2398 2626 2778 2698 procedentem
2843 2637 2875 2675 a
2930 2620 3123 2683 Patre,
3181 2624 3236 2673 et
3293 2629 3390 2671 ae-

1802 2729 2114 2799 -cipientem
2175 2740 2207 2780 a
2273 2723 2434 2779 Filio.
2494 2718 2817 2775 Subsistens
2874 2725 2960 2771 est
3026 2710 3396 2796 Pater,_sub-

1820 2822 2025 2877 sistens
2066 2817 2283 2890 Filiush
2335 2815 2643 2870 subsiStens
2693 2809 2932 2880 Spiritus
2979 2814 3224 2862 sanctus.
3289 2800 3398 2857 Sed

1821 2926 1932 2966 non
1976 2908 2236 2965 confusio
2286 2905 2532 2975 quaedam
2582 2911 2665 2957 est
2700 2898 2963 2956 Trinitas.
3001 2894 3081 2949 uti
3128 2890 3397 2947 Sabellius

137 2983 308 3077 δόξης,
353 3009 432 3072 ὠς
477 3011 509 3061 6
556 2983 775 3079 ’Ἄρειος
813 2983 1138 3076 τιενῦφωέιῶν
1182 2983 1558 3077 ἐδογμάτισεν·
1597 3005 1712 3058 ἀλλ’

1824 3003 2092 3066 credidit,
2161 2998 2322 3070 515
2382 3011 2484 3051 nec
2542 2993 2612 3048 ab
2678 2990 2981 3047 mternitate
3044 3002 3141 3042 sua
3202 2983 3403 3061 gloria-

140 3096 224 3149 ἀεὶ
256 3097 354 3169 μὲν
375 3092 443 3169 ἦν
471 3097 643 3169 Τριάς
666 3096 857 3169 Τριάς,
883 3094 978 3148 καὶ
1009 3094 1266 3148 οὐδέποτε
1291 3096 1325 3165 ἡ
1346 3092 1518 3165 Τριάς
1546 3109 1715 3164 προσ-

1820 3111 1928 3166 que
1986 3094 2321 3156 dcmutatur,
2376 3097 2435 3142 ut
2493 3086 2654 3141 Arius
2703 3080 3000 3138 vanissime
3049 3077 3259 3133 docuit.
3294 3073 3401 3129 Sed

143 3168 308 3259 θήκην
328 3168 617 3260 λαμϐάνει,
645 3168 743 3258 μία
767 3182 903 3240 οὖσα
927 3184 1138 3252 θεότης,
1176 3183 1276 3255 μία
1309 3184 1588 3256 κυριότης,
1621 3183 1713 3255 μία

1826 3185 2070 3242 Trinitas
2105 3188 2368 3253 perpetuo
2414 3177 2655 3231 Trinitas
2705 3173 2828 3239 fuit,
2868 3186 2969 3226 nec
3014 3169 3064 3225 ei
3104 3168 3401 3239 quidquam

142 3278 409 3349 δοξολογία
455 3274 613 3342 οὖσα,
661 3277 798 3331 ἀλλὰ
845 3274 1016 3347 Τριάς
1056 3274 1459 3347 ἀριθμουμένη,
1504 3274 1719 3346 Πατὴρ,

146 3371 235 3425 καὶ
263 3372 412 3437 Υἱὸς,
437 3370 532 3425 καὶ
553 3369 707 3439 ἅγιον
726 3367 974 3439 Πνεῦμα.
1002 3367 1116 3437 Οὐχ
1140 3366 1217 3430 ὡς
1238 3366 1296 3419 ἓν
1323 3382 1376 3419 τι
1403 3366 1582 3437 τρισὶν
1608 3365 1725 3419 6V6-

150 3479 276 3533 μασι
318 3461 682 3534 κεκλημένον,
726 3458 863 3514 ἀλλὰ
899 3457 1116 3531 ἀληθῶς
1144 3457 1327 3511 τέλεια
1359 3457 1429 3513 τὰ
1457 3457 1724 3528 ὀνόματα,

146 3554 340 3610 τέλειαι
368 3557 427 3610 αἱ
460 3551 814 3617 ὑποστάσεις,
840 3551 992 3605 οὐδὲν
1021 3548 1498 3622 παρηλλαγμένον.
1533 3547 1723 3621 Πατὴρ

146 3644 201 3699 δὲ
229 3647 315 3700 ἀεὶ
336 3647 555 3717 Πατὴρ,
580 3644 673 3697 καὶ
696 3643 796 3696 οὐκ
818 3638 888 3714 ἦν
914 3640 1108 3714 καιρὸς
1134 3641 1223 3693 ὅτε
1256 3641 1357 3694 οὐκ
1383 3635 1453 3712 ἦν
1475 3641 1505 3692 6
1534 3641 1725 3711 Πατὴρ

151 3736 351 3810 Πατὴρ,
374 3739 586 3801 τέλειος
607 3737 682 3790 ὣν
712 3736 799 3789 ἀεὶ
828 3734 1019 3806 Πατὴρ
1047 3733 1436 3795 ὲνυπόστατος,
1474 3735 1569 3788 καὶ
1601 3734 1730 3798 Υίὸς

149 3828 235 3882 ἀεὶ
260 3830 473 3895 τέλειος
504 3829 602 3894 ὢν,
638 3829 726 3882 ἀεὶ
759 3825 1146 3888 ὲνυτυόστατος,
1172 3825 1238 3876 ὲκ
1263 3824 1482 3895 Πατρὸς
1506 3825 1565 3878 ὲν
1594 3825 1729 3895 ἀλη-

151 3919 266 3991 θείᾳ
286 3921 687 3993 γεγεννημένος
729 3918 1002 3990 ἀνάρχως,
1043 3916 1138 3969 καὶ
1157 3915 1423 3986 ἀχρόνως,
1450 3916 1544 3969 καὶ
1570 3917 1732 3970 ἀνεκ-

150 4010 434 4084 διηγήτως,
483 4014 546 4067 οὑ
582 4011 906 4079 συνάδελφος
936 4007 1015 4080 τῷ
1053 4010 1251 4079 Πατρὶ,
1288 4007 1389 4061 οὐκ
1426 4007 1734 4080 ἀρξάμενος

153 4103 240 4157 τοῦ
264 4101 424 4175 εἶναι,
459 4105 585 4160 οὐδὲ
623 4101 890 4159 διαλιπών
924 4117 1078 4165 ποτε,
1118 4100 1205 4153 ἀεὶ
1244 4099 1302 4153 δὲ
1348 4099 1476 4163 Υἱὸς
1508 4102 1731 4172 γνήσιος

155 4195 322 4269 Πατρὶ
359 4201 748 4269 συνυπάρχων,
790 4197 856 4249 ὲκ
892 4193 1106 4265 Πατρὸς
1132 4193 1376 4266 ἀχρόνως
1400 4193 1732 4265 γεγεννημέ-

155 4304 261 4353 νος,
289 4291 419 4357 ῐσως
444 4291 547 4357 ὢν,
572 4290 705 4352 Θεὸς
723 4290 790 4342 ὲκ
813 4285 973 4351 Θεοῦ,
999 4285 1114 4356 φῶς
1138 4286 1203 4338 ἐκ
1229 4284 1426 4355 φωτὸς,
1452 4283 1585 4349 Θεὸς
1603 4284 1737 4357 ἀλη-

1826 3277 2095 3343 accessit;
2120 3287 2244 3328 cum
2275 3285 2383 3325 una
2406 3269 2478 3324 sit
2503 3265 2784 3326 divinitas,
2809 3277 2917 3315 una
2946 3258 3267 3319 dominatio,
3296 3268 3401 3309 una

1827 3366 2177 3441 praedicanda
2212 3358 2652 3428 celebrandaque
2675 3355 2866 3426 gloria.
2892 3350 3093 3408 Eadem
3124 3346 3407 3403 nihilomi—

1834 3436 1940 3517 nus
1979 3458 2225 3513 Trinitas
2255 3458 2597 3515 numeratur,
2630 3447 2809 3512 Pater,
2858 3442 3030 3497 Filius
3060 3449 3115 3494 et
3164 3436 3406 3508 Spiritus

1832 3558 2059 3609 sanctus
2090 3571 2103 3605 :
2134 3563 2244 3603 non
2274 3553 2334 3600 ut
2370 3544 2511 3600 idem
2552 3550 2717 3612 atque
2741 3551 2907 3592 unum
2943 3531 3146 3603 triplici
3170 3526 3410 3598 appella-

1835 3644 1987 3698 tione
2012 3639 2358 3701 declaretur;
2394 3633 2491 3690 sed
2517 3629 2761 3707 perfecta
2789 3637 2980 3682 revera
3003 3619 3229 3676 nomina
3256 3625 3407 3674 sunt,

1831 3730 2196 3805 perfectaeque
2224 3738 2491 3796 personae,
2535 3735 2713 3790 neque
2748 3714 3009 3787 quiddam
3033 3711 3243 3766 varium
3269 3708 3413 3762 inest

1836 3801 1902 3879 ac
1930 3822 2230 3878 diversum.
2256 3817 2417 3871 Pater
2442 3814 2562 3884 ipse
2582 3817 2845 3881 perpetuo
2867 3805 3030 3859 Pater
3054 3801 3286 3859 exstitit,
3308 3811 3412 3852 nec

1836 3915 2010 3971 ullum
2050 3925 2289 3982 unquam
2328 3918 2546 3976 tempus
2590 3901 2712 3963 fuit,
2756 3912 2865 3969 quo
2898 3895 3058 3949 Pater
3098 3906 3208 3946 non
3243 3894 3412 3943 esset.
3436 3924 3453 3935 .

1840 4007 2068 4076 Semper
2097 3977 2243 4059 enim
2279 3997 2557 4071 perfectus
2596 3993 2687 4048 ille
2717 3988 2879 4044 Pater
2904 3991 3009 4048 est,
3040 3989 3204 4051 atque
3233 3977 3415 4076 subsi-

1839 4069 2012 4167 stens,
2036 4106 2096 4152 ut
2116 4102 2170 4150 et
2190 4069 2468 4164 per—fectus
2494 4098 2711 4155 semper
2728 4080 2923 4144 Filius,
2942 4087 3265 4145 semperque
3289 4069 3414 4125 sub-

1841 4164 2067 4253 sistens,
2094 4199 2223 4241 vere
2252 4200 2281 4237 a
2321 4181 2484 4236 Patre
2517 4176 2755 4249 genitus,
2795 4171 3002 4238 absque
3038 4164 3198 4220 initio
3234 4171 3417 4216 tamen

1845 4296 1910 4337 ac
1935 4288 2200 4349 tempore,
2233 4286 2411 4343 eoque
2434 4260 2617 4331 modo,
2646 4277 2809 4335 quem
2838 4258 2990 4315 nulla
3018 4255 3292 4327 explicare
3320 4267 3417 4323 po-

158 4347 297 4446 θινὸς
321 4383 385 4437 ὲκ
399 4347 546 4438 Θεοῦ
566 4347 845 4451 ἀληθινοῦ,
878 4347 1177 4447 γεννηθεὶς,
1205 4347 1266 4428 οῦ
1290 4347 1549 4438 κτισθείς.
1567 4347 1713 4428 λΑλλὶ

1845 4383 1952 4430 test
1985 4347 2185 4427 oratio.
2208 4366 2328 4422 Non
2354 4365 2401 4420 is
2430 4360 2609 4417 Patris
2638 4357 2785 4413 velut
2807 4364 3101 4424 germanus
3124 4347 3295 4401 frater
3312 4352 3418 4406 est,

159 4472 257 4526 οὐκ
282 4476 445 4540 αὐτὸς
494 4474 706 4545 Πατὴρ,
750 4470 870 4525 οὐδὲ
910 4471 940 4522 6
983 4467 1172 4540 Πατὴρ
1203 4467 1366 4531 αὐτὸς
1396 4467 1542 4531 Υἱός.
1582 4468 1647 4521 Εί
1677 4468 1737 4522 δὲ

160 4560 287 4628 Θεὸς
310 4567 526 4641 Πατὴρ,
554 4565 649 4620 καὶ
671 4563 799 4627 Υἱὸς
828 4563 924 4616 καὶ
953 4562 1109 4630 ἅγιον
1132 4557 1382 4630 Πνεῦμα.

162 4655 229 4710 ab
262 4670 436 4729 eoque
462 4648 583 4716 sine
624 4665 867 4725 tempore
907 4652 1147 4724 genitus,
1198 4650 1449 4722 aequalis,
1482 4649 1626 4709 Deus
1664 4670 1733 4710 ex
1765 4657 1900 4722 Deo,
1952 4654 2140 4708 lumen
2174 4648 2244 4703 de
2296 4642 2522 4706 lumine,
2596 4636 2739 4692 Deus

1845 4480 1947 4521 nec
1973 4478 2097 4520 esse
2130 4459 2299 4531 cmpit
2330 4468 2594 4527 unquam,
2631 4458 2724 4504 aut
2756 4443 3052 4516 aliquando
3088 4439 3284 4503 desiit;
3325 4435 3422 4492 sed

1847 4559 2123 4631 legitimus
2156 4558 2422 4623 perpetuo
2456 4546 2629 4601 Filius
2658 4550 2764 4605 est,
2792 4540 3065 4596 exsistens
3089 4549 3213 4588 cum
3240 4530 3422 4591 Patre,

2780 4647 2940 4690 verus
2978 4630 3047 4684 de
3090 4625 3202 4679 Deo
3268 4634 3421 4683 vero,

165 4755 399 4823 genitus,
439 4772 549 4813 non
586 4762 826 4811 creatus.
865 4722 1051 4819 Neque
1090 4756 1271 4804 tamen
1316 4755 1409 4803 aut
1445 4748 1562 4820 ipse
1604 4749 1766 4808 Pater
1794 4765 1901 4820 est,
1935 4757 2030 4806 aut
2062 4746 2223 4802 Pater
2254 4744 2371 4813 ipse
2400 4737 2592 4793 Filius.
2624 4733 2703 4788 Ac
2764 4730 2812 4786 si
2850 4727 2995 4783 Deus
3039 4722 3197 4777 Pater
3233 4726 3339 4785 est,
3371 4725 3425 4770 et
3468 4754 3481 4758 ι

164 4844 334 4908 Filius
359 4855 548 4926 utique
572 4853 698 4913 erit,
729 4859 784 4904 et
817 4846 1061 4917 Spiritus
1089 4852 1336 4901 sanctus.

232 4942 303 4994 A'.
331 4944 447 4997 Ἀεὶ
466 4944 575 5015 γὰρ
599 4942 659 4996 τὸ
680 4937 907 5009 Πνεῦμα
930 4936 1026 4989 σὺν
1050 4936 1228 5009 Πατρὶ
1254 4936 1346 4990 καὶ
1376 4938 1511 5010 Υίῴ,
1539 4937 1601 4992 οὐ
1625 4955 1744 4993 συν-

168 5030 386 5102 άδελφον
412 5037 610 5109 Πατρὶ,
637 5035 697 5088 οὐ
722 5030 1002 5103 γεννητὸν,
1029 5030 1088 5083 οὐ
1123 5029 1361 5094 κτιστὸν,
1388 5031 1490 5084 οὐκ
1517 5030 1742 5101 ἀδελφὸν

168 5118 317 5186 Υἱοῦ,
340 5127 441 5181 οὐκ
471 5128 692 5198 ἔγγονον
723 5124 957 5195 Πατρὸς,
978 5123 1041 5175 ἐκ
1064 5122 1277 5193 Πατρὸς
1299 5121 1355 5174 δὲ
1378 5123 1744 5194 ἐκπορευόμε-

169 5229 274 5277 νον,
320 5220 414 5273 καὶ
446 5220 539 5275 τοῦ
572 5217 701 5273 Υίοῦ
742 5214 1040 5286 λαμϐάνον,
1078 5214 1179 5267 οὐκ
1217 5212 1496 5284 ἀλλότριον
1531 5212 1743 5285 Πατρὸς

172 5302 260 5355 καὶ
287 5305 440 5376 Υἱοῦ,
472 5310 608 5364 ἀλλὰ
645 5312 709 5363 ὲκ
753 5307 852 5378 τῆς
891 5307 1061 5375 αὐτῆς
1089 5304 1299 5369 οὐσίας,
1337 5305 1402 5358 ὲκ
1436 5303 1538 5374 τῆς
1575 5302 1747 5373 αὐτῆς

1924 4931 2013 4986 IV.
2057 4929 2284 4999 Semper
2330 4923 2475 4978 enim
2523 4933 2647 4973 cum
2690 4913 2854 4968 Patre
2894 4908 3143 4976 Filioque
3188 4900 3427 4973 Spiritus

1851 5036 1954 5093 est,
1992 5038 2101 5079 non
2137 4998 2322 5073 Patris
2354 5012 2523 5070 veluti
2552 5010 2742 5068 frater,
2771 5019 2880 5059 non
2910 4998 3127 5070 genitus
3156 5002 3250 5050 aut
3271 5006 3429 5049 crea-

1851 5085 1964 5180 tus,
1993 5131 2103 5171 non
2141 5111 2267 5166 Filii
2301 5109 2490 5169 frater,
2521 5117 2629 5157 non
2658 5097 2841 5153 Patris
2863 5107 3056 5165 nepos,
3089 5089 3183 5146 sed
3215 5103 3244 5141 a
3268 5085 3430 5140 Patre

1853 5205 2179 5281 procedens,
2229 5210 2283 5257 et
2315 5198 2597 5267 accipiens
2626 5208 2655 5246 a
2700 5188 2859 5255 Filio,
2910 5201 2942 5239 a
2982 5183 3145 5238 Patre
3182 5179 3430 5249 Filioque

1854 5270 1963 5355 non
1996 5297 2232 5358 alienus,
2264 5308 2453 5347 verum
2497 5286 2688 5342 eadem
2737 5297 2803 5337 ex
2841 5275 3171 5337 substantia,
3212 5270 3426 5327 eadem~

174 5360 441 5465 θεότητος,
475 5360 939 5470 ἒῖιιᾷέρδς”και
972 5360 1103 5450 re.
1137 5360 1409 5467 (ξηζσιν
1439 5360 1618 5465 ηέτρι
1652 5360 1713 5448 κέ

1852 5407 1960 5462 que
1989 5389 2295 5450 divinitate,
2341 5398 2409 5439 ex
2448 5381 2608 5435 Patre
2635 5384 2691 5431 et
2722 5372 2898 5427 Filio:
2927 5376 2981 5424 et
3015 5380 3141 5422 cum
3175 5360 3332 5418 Patre
3366 5372 3431 5412 ac

244 5574 356 5649 (2t)
423 5584 525 5638 Ἐκ
578 5579 806 5649 ηατρδς
858 5578 954 5631 καὶ
986 5575 1141 5629 Υἱοῦ.
1172 5574 1417 5649 august
1451 5572 1585 5627 locis
1631 5572 1707 5643 Ep

1824 5572 1970 5628 tnius
2008 5570 2271 5644 Spiritum
2338 5569 2590 5623 sanctum
2648 5575 2677 5613 ιι
2729 5556 2890 5611 Patre
2946 5559 2999 5608 et
3044 5545 3183 5602 Filio
3237 5546 3427 5609 proce-

178 5640 301 5700 dere
336 5640 622 5724 perspicue
652 5640 906 5714 testatur,
944 5646 1243 5716 praesertim
1278 5640 1330 5699 in
1356 5644 1635 5697 Anc-orato.
1670 5640 1682 5655 ⁵
