3948 6068
483 153 618 208 1055

482 363 738 433 Spiritus.
779 367 963 435 gloria:
1002 365 1270 436 Spiritus,
1321 369 1528 438 Christi
1571 371 1836 442 Spiritus,
1877 374 2056 432 Patris

482 453 739 524 Spiritus.
775 457 906 510 Nam
934 456 1164 526 Spiritus
1192 459 1370 514 Patris
1394 465 1482 532 qui
1513 464 1567 516 in
1593 464 1737 518 vobis
1764 465 1998 534 loquitur
2016 467 2053 520 ί.

480 545 567 610 Et,
611 546 841 615 Spiritus
891 564 1032 602 meus
1078 550 1131 602 in
1171 551 1340 605 medio
1384 555 1540 607 vestri
1583 555 1887 608 consistit’.
1913 555 2055 610 ldem

481 646 646 701 porro
690 635 1053 702 appellatione
1101 639 1314 700 tertius,
1365 641 1648 697 divinitate
1692 645 1918 714 aequalis
1950 653 2055 709 est,

480 723 617 776 nihil
652 737 681 774 a
713 722 874 779 Patre
905 725 1149 798 Filioque
1181 730 1526 802 discrepans,
1551 733 1838 792 Trinitatis
1861 754 2055 803 nexus,

481 815 848 872 confessionis
898 820 1160 895 sigillum.
1212 821 1304 878 Sic
1349 827 1495 879 enim
1544 827 1717 884 Filius
1764 831 2054 900 loquitur:

483 899 595 971 Ego
625 915 672 956 et
707 904 868 960 Pater
895 925 1055 962 unum
1093 927 1273 966 sumus
1300 914 1341 966 ³.
1375 912 1496 969 Non
1533 917 1690 982 dixit,
1731 899 1887 975 Unus
1914 937 2056 988 sum,

480 995 578 1050 sed
611 997 724 1052 haec
756 1001 937 1065 verba,
975 1001 1088 1071 Ego
1117 1013 1166 1057 et
1195 1003 1377 1070 Pater,
1411 1022 1567 1062 suam
1601 1009 1746 1064 Patri
1771 1027 2058 1080 personam

482 1090 800 1154 convenire,
831 1107 1097 1164 suamque
1140 1093 1279 1151 Filio
1321 1099 1653 1168 signiﬁcant.
1698 1101 1847 1158 Duos
1879 1106 2061 1174 itaque

484 1181 807 1244 nominavit,
859 1201 967 1238 non
1013 1203 1178 1241 unum
1216 1189 1373 1244 dixit.
1426 1191 1598 1246 Item:
1648 1193 1820 1247 Unum
1853 1212 2057 1260 sumus,

484 1286 616 1335 non,
651 1271 800 1329 Unus
817 1289 959 1330 sum.
989 1276 1250 1333 Similiter
1270 1288 1324 1335 et
1352 1281 1483 1335 illud
1516 1287 1829 1354 usurpavit:
1863 1286 2060 1342 Euntes

485 1366 752 1432 baptizata
778 1370 828 1421 in
861 1372 1070 1425 nomine
1105 1372 1308 1439 Patris,
1339 1387 1386 1428 et
1418 1375 1572 1440 Filii,
1605 1388 1654 1431 et
1677 1378 1912 1448 Spiritus
1937 1397 2062 1434 san-

485 1463 616 1516 cti‘.
652 1463 752 1519 Ubi
785 1474 896 1520 tum
926 1470 1192 1524 articulus
1220 1471 1331 1540 ille,
1356 1472 1473 1540 τοῦ,
1507 1483 1588 1530 ter
1609 1479 1882 1548 repetitus
1900 1487 1954 1534 et
1979 1480 2060 1533 in-

486 1554 748 1624 terjectus
778 1567 883 1621 est,
917 1561 1212 1628 Sahellius,
1244 1566 1338 1634 qui
1375 1573 1487 1622 tres
1512 1568 1565 1622 in
1599 1584 1769 1623 unum
1795 1586 2059 1640 personas

1895 166 1952 220 S.
1995 164 2331 222 EPIPHANII

2158 377 2384 449 Πνεῦμα
2428 379 2606 451 δόξης,
2647 379 2871 450 Πνεῦμα
2921 381 3181 453 Χριστοῦ,
3233 381 3458 453 Πνεῦμα
3497 383 3747 450 Πατρός.

2164 471 2233 525 Τὸ
2275 472 2386 544 γὰρ
2419 474 2660 542 Πνεῦμα
2687 474 2794 528 τοῦ
2824 475 3056 544 Πατρός
3080 475 3148 529 τὸ
3176 475 3412 530 λαλοῦν
3453 477 3526 529 ἐν
3573 477 3748 546 ὑμῖν·

2159 563 2272 628 καὶ,
2319 564 2390 617 Τὸ
2437 565 2678 635 Πνεῦμά
2717 583 2835 635 μου
2869 567 3204 636 ἐφέστηκεν
3235 567 3305 620 ἐν
3339 567 3510 636 μέσῳ
3549 565 3747 637 ὑμῶν.

2161 652 2355 725 Τρίτον
2382 657 2448 726 τῇ
2481 656 2764 728 ὀνομασίᾳ,
2794 659 2906 710 ῐσον
2934 661 3000 728 τῇ
3037 657 3273 726 θεότητι,
3307 657 3406 709 οὐκ
3437 656 3749 726 ἠλλοιωμέ-

2159 759 2248 796 νον
2281 743 2433 814 παρὰ
2462 744 2682 814 Πατέρα
2711 746 2806 799 καὶ
2831 745 2979 808 Υίδν,
3009 745 3305 815 σύνδεσμος
3335 746 3589 816 Τριάδος,
3621 749 3748 799 ὲπιο

2162 833 2398 902 σφραγὶς
2437 834 2538 902 τῆς
2574 833 2880 904 ὁμολογίας.
2937 835 2996 888 '0
3041 833 3150 906 γὰρ
3197 835 3324 898 Υἱός
3365 852 3554 907 φησιν·
3603 836 3746 904 Ἐγὼ

2161 925 2258 976 καὶ
2283 927 2316 977 ό
2331 923 2534 992 Πατὴρ
2555 924 2625 978 ἓν
2646 925 2851 994 ἐσμεν.
2876 926 2985 980 Καὶ
3007 927 3108 979 οὐκ
3130 923 3300 992 εἶπεν,
3327 925 3424 990 Εἷς
3441 929 3584 997 είμιο
3607 927 3746 980 ἀλλὰ

2159 1014 2242 1076 τὸ,
2293 1014 2434 1084 Ἐγὼ
2475 1015 2572 1068 καὶ
2621 1018 2654 1068 ὀ
2699 1015 2926 1084 Πατὴρ,
2977 1017 3230 1088 σημαίνει
3259 1019 3629 1070 ὲνυπόστατον
3653 1015 3746 1071 τὸν

2161 1105 2402 1176 Πατέρα,
2426 1107 2521 1160 καὶ
2541 1108 2902 1162 ὲνυπόστατον
2922 1110 3013 1162 τὸν
3029 1110 3178 1162 Υίόν.
3205 1110 3335 1174 Kal,
3358 1114 3421 1164 Ol
3437 1110 3574 1172 δύο,
3598 1105 3745 1175 εἷπε,

2160 1199 2255 1251 καὶ
2279 1200 2381 1252 οὐκ
2409 1194 2582 1262 εἶπεν,
2600 1201 2657 1253 '0
2689 1195 2791 1263 εἷς.
2815 1202 2925 1254 Καὶ
2954 1201 3136 1267 πάλιν,
3155 1202 3263 1255 Ἕν
3287 1203 3495 1272 ἐσμεν·
3522 1204 3623 1256 καὶ
3647 1205 3748 1257 οὐκ

2162 1283 2334 1351 εἶπεν,
2374 1287 2470 1353 Εἷς
2505 1291 2640 1360 εἰμι.
2679 1290 2952 1354 Ὡσαύτως
2981 1292 3057 1344 δέ·
3113 1292 3495 1359 Ἀπελθόντες
3520 1294 3749 1358 ﬂand-

2161 1396 2311 1436 σατε
2335 1385 2421 1448 εὶς
2445 1383 2512 1436 τὸ
2545 1383 2733 1451 ὄνομα
2759 1383 2866 1438 τοῦ
2898 1385 3153 1452 Πατρὸς,
3179 1385 3276 1438 καὶ
3308 1385 3413 1439 τοῦ
3456 1385 3622 1448 Υιοῦ,
3651 1386 3747 1438 καί

2162 1471 2269 1525 τοῦ
2306 1472 2478 1541 ἁγίου
2523 1473 2890 1542 Πνεύματος.
2941 1474 3138 1527 Μέσων
3179 1474 3235 1527 δὲ
3283 1474 3589 1545 τιθεμένων
3639 1476 3756 1530 τῶν-

2163 1563 2384 1635 ᾶρθρων
2414 1563 2515 1633 τῆς
2550 1563 2818 1636 συλλαόἧς
2850 1565 2964 1630 τοῦ,
2986 1565 3104 1629 τοῦ,
3136 1567 3230 1620 καὶ
3254 1567 3369 1621 τοῦ.
3392 1568 3750 1638 Καϊὲλέγχει

485 1646 793 1713 confundit,
847 1649 1081 1708 Matthxi
1134 1629 1452 1710 testimonio
1495 1629 1861 1728 redarguitur,
1901 1661 2063 1733 516

2168 1629 2452 1708 Σαὸέλλιον
2472 1629 2788 1719 ήΜατθαῖος,
2799 1657 2898 1728 τὴν
2918 1658 3248 1728 συναλοιφὴν
3281 1629 3745 1732 παρεισφέροντα.

488 1754 610 1791 cum
670 1740 717 1796 is
777 1757 903 1796 vere
945 1742 1184 1810 Patrem,
1242 1761 1475 1817 vereque
1526 1747 1747 1816 Filium,
1814 1765 1879 1805 ac
1941 1768 2066 1809 vere

488 1827 754 1898 Spiritum
821 1844 1070 1888 sanctum
1131 1837 1408 1907 exprimit.
1475 1836 1854 1896 Cum-autem
1920 1842 2063 1898 idem

487 1917 542 1971 in
579 1918 846 1975 Trinitate
900 1938 1256 1992 personarum
1298 1927 1436 1982 ordo
1492 1931 1869 1996 constituitur,
1928 1948 2062 1988 uno.

485 2025 594 2079 que
635 2013 920 2069 Trinitatis
990 2017 1210 2072 nomine
1266 2029 1544 2088 censetur,»
1601 2023 1790 2076 Arium
1846 2023 2063 2091 refellit,

485 2104 581 2172 qui
616 2104 928 2161 inferiorem
979 2107 1269 2177 quemdam
1317 2110 1372 2164 in
1412 2109 1681 2168 Trinitate
1720 2115 1966 2184 gradum,
2001 2130 2067 2171 ac

486 2197 806 2252 varietatem
874 2202 1340 2271 mutationemque
1409 2213 1754 2262 commentus
1811 2216 1916 2263 est.
1972 2207 2056 2262 Et-

483 2285 631 2342 enim
685 2289 812 2344 licet
865 2291 1042 2360 major
1089 2307 1119 2346 a
1175 2292 1312 2348 Filio
1365 2297 1754 2364 pronuntiatus
1799 2297 1962 2355 Pater
1999 2284 2068 2357 ab

484 2381 821 2450 evangelista
866 2386 1182 2450 narretur',
1235 2384 1409 2440 eidem
1451 2394 1632 2442 tamen
1665 2387 1802 2444 Filio
1835 2405 2068 2448 consen-

485 2482 646 2527 tanee
674 2473 726 2526 in
762 2475 953 2542 prunis
985 2476 1211 2546 gloriam
1246 2478 1518 2534 attribuit.
1542 2480 1587 2532 Α
1613 2495 1724 2550 quo
1752 2483 1897 2537 enim
1933 2483 2069 2539 cele-

486 2562 632 2618 brari
675 2563 887 2619 Patrem
920 2565 1146 2622 decebat
1177 2569 1382 2638 potius,
1423 2584 1587 2640 quam
1619 2572 1688 2626 ab
1718 2587 1783 2627 eo
1808 2573 1902 2642 qui
1936 2573 2069 2644 legi-

485 2655 657 2711 timus
683 2665 828 2712 esset
858 2657 1070 2714 Filius?
1100 2659 1205 2715 Sed
1240 2677 1460 2718 rursum
1490 2673 1549 2717 ut
1581 2663 1948 2733 aequalitatem
1981 2666 2068 2720 in-

484 2747 653 2813 dicet,
693 2765 762 2803 ne
795 2750 1017 2804 errandi
1066 2753 1394 2820 quibusdam
1442 2755 1778 2824 prteberetur
1824 2758 2062 2822 occasio,

487 2838 581 2906 qui
614 2838 928 2893 inferiorem
962 2841 1198 2909 aliquem
1235 2842 1465 2912 gradum
1499 2842 1639 2898 Filio
1664 2845 2063 2912 concederent;

2168 1749 2341 1802 Ὅπου
2369 1748 2412 1779 ¹³
2441 1748 2550 1816 γὰρ
2580 1749 2672 1802 καὶ
2700 1749 2954 1819 σημαίνει
2997 1749 3210 1820 ἀληθῶς
3251 1752 3492 1822 Πατέρα,
3528 1754 3749 1824 ἀληθῶς

2167 1840 2317 1907 Υίδν,
2357 1838 2574 1909 ἀληθῶς
2615 1840 2768 1908 ἅγιον
2797 1839 3040 1911 Πνεῦμα·
3078 1841 3236 1894 ὁπότε
3271 1841 3325 1894 δὲ
3362 1844 3687 1914 ὁμόστοιχος
3713 1849 3746 1914 ἡ

2167 1929 2359 2000 Τριὰς,
2394 1929 2488 1982 καὶ
2523 1931 2581 1982 ὲν
2613 1930 2693 1981 ἐνὶ
2719 1929 2943 1999 ὀνόματι
2972 1929 3142 2000 Τριὰς
3167 1930 3498 2001 καλουμένη.
3532 1933 3758 2002 ἐλέγχει·

2165 2021 2257 2072 τὸν
2288 2021 2528 2090 Ἀρειον,
2559 2018 2826 2074 ύπόϐασίν
2843 2036 2962 2072 τινα
2981 2019 3358 2090 διανοούμενον
3389 2023 3446 2074 ὲν
3483 2025 3550 2092 τῇ
3581 2022 3744 2093 Τριάο

2165 2109 2238 2174 δι,
2262 2109 2296 2180 ἢ
2323 2107 2630 2173 ἀλλοίωσιν,
2668 2109 2701 2178 ἢ
2727 2107 3103 2178 παραλλαγήν.
3139 2107 3256 2163 Κᾶν
3274 2125 3334 2161 τε
3364 2109 3476 2179 γὰρ
3502 2112 3531 2162 ὁ
3555 2111 3748 2182 Πατὴρ

2171 2201 2371 2273 μείζων
2425 2198 2578 2271 παρὰ
2631 2199 2761 2252 Υἱοῦ
2813 2199 3275 2270 δογματιζόμενος
3321 2201 3744 2270 ἀπαγγέλλεται,

2168 2291 2638 2364 πρεπωδεστάτως
2657 2289 2736 2360 τῷ
2753 2290 2869 2362 rte
2892 2291 2992 2362 τὴν
3020 2291 3178 2354 δόξαν
3211 2296 3600 2363 περιποιεῖται.
3635 2294 3748 2347 Τίνι

2167 2384 2276 2456 γὰρ
2313 2383 2522 2455 ἔπρεπε
2555 2380 2797 2449 δοξάζειν
2841 2382 2972 2436 ῐδιον
3010 2382 3231 2454 Πατέρα
3264 2382 3401 2436 ἀλλὰ
3429 2383 3512 2455 τῷ
3545 2385 3751 2455 γνησίῳ

2167 2476 2318 2547 Υίῷ;
2349 2476 2518 2530 Ὅταν
2553 2474 2612 2528 δὲ
2655 2474 2819 2528 πάλιν
2862 2474 2959 2546 τὴν
3007 2475 3227 2545 ἰσότητα
3269 2473 3520 2544 βούλεται
3552 2476 3746 2542 Αέγειν,

2169 2571 2256 2623 ἵνα
2283 2570 2356 2640 μὴ
2386 2567 2660 2622 ὲκπέσωσί
2688 2583 2852 2631 τινες,
2885 2561 3052 2637 ἧσσον
3076 2567 3152 2629 ὡς
3174 2567 3304 2637 περὶ
3336 2566 3464 2618 rio-3
3511 2567 3751 2621 διανοού-

2171 2677 2344 2732 μενοι,
2369 2658 2543 2723 οὓτως
2571 2658 2755 2730 φησίν
2798 2659 2851 2709 Ὁ
2868 2657 2956 2726 μὴ
2983 2655 3171 2725 τιμῶν
3197 2658 3304 2711 τὸν
3323 2659 3476 2719 Flor,
3503 2659 3589 2724 ὡς
3615 2656 3752 2727 τιμᾷ

2165 2752 2275 2807 τὸν
2299 2750 2552 2820 Πατέρα,
2579 2752 2690 2805 οὐκ
2716 2749 2844 2819 ἕχει
2878 2749 3032 2817 ζωὴν
3057 2750 3128 2803 ἐν
3148 2747 3354 2813 ἑαυτῷ⁹
3388 2751 3506 2811 καὶ,
3541 2751 3754 2804 Πάντα

2165 2847 2237 2899 τὰ
2269 2844 2376 2898 τοῦ
2405 2844 2642 2911 Πατρός-
2675 2859 2814 2910 μου,
2845 2840 2957 2910 ἐμά
2983 2844 3135 2896 ἐστι.
3164 2839 3227 2893 Τί
3263 2840 3318 2892 δέ
3363 2842 3501 2904 ἐστι,
3537 2842 3614 2894 τὰ
3645 2839 3754 2894 τοῦ

488 2929 635 2983 hunc
670 2931 724 2983 in
766 2931 985 2984 modum
1037 2921 1312 3002 loquitur:
1344 2934 1448 3000 Qui
1486 2951 1586 2989 non
1618 2935 1932 3005 honoriﬁcat
1965 2936 2063 2992 Fi-

2168 2935 2422 3006 Πατρός,
2473 2933 2588 2987 ἀλλ’
2621 2935 2678 3004 ἦ·
2721 2933 2854 2996 Θεὸς
2908 2935 2937 2987 ὁ
2991 2932 3201 3004 Πατὴρ,
3237 2931 3365 2994 Θεός
3395 2932 3538 3000 είμι·
3577 2930 3699 3002 ζωὴ
3727 2935 3753 2984 ὁ

487 3021 641 3084 lium,
678 3021 814 3074 sicut
852 3021 1171 3093 Itonoriﬁcat
1208 3023 1448 3090 Patrem,
1485 3043 1587 3081 non
1627 3027 1778 3082 habet
1817 3029 1976 3082 vitam
2008 3034 2064 3083 in

483 3112 654 3179 seipso
679 3115 718 3167 ‘.
750 3113 815 3168 Et
845 3134 857 3169 :
893 3116 1087 3172 Omnia
1134 3133 1250 3187 qua:
1291 3116 1475 3172 Patris
1517 3128 1663 3182 sunt,
1717 3137 1833 3174 mea
1875 3123 2059 3176 sunt".

2171 3027 2383 3098 Πατὴρ,
2426 3024 2540 3096 ζωή
2583 3025 2718 3095 ειμι·
2771 3023 2950 3078 πάντα
2997 3023 3068 3078 τὰ
3109 3023 3202 3077 τοῦ
3241 3021 3451 3093 Πατρός
3499 3039 3607 3092 μου
3649 3023 3754 3092 ἐμά

2169 3121 2348 3184 tactv;

483 3208 628 3273 Quid
654 3216 736 3263 est
765 3224 943 3265 autem
979 3210 1132 3274 illud,
1171 3227 1287 3281 quae
1323 3209 1503 3264 Patris
1535 3220 1683 3275 sunt,
1717 3211 1846 3278 nisi,
1889 3212 2350 3281 quemadmodum
2385 3210 2528 3266 Deus
2571 3218 2655 3264 est
2683 3207 2864 3274 Pater,
2924 3209 3001 3263 ita
3049 3208 3194 3264 Deus
3229 3223 3392 3278 sum;
3441 3219 3520 3275 et,
3555 3219 3616 3265 ut
3644 3210 3745 3265 vita

479 3310 571 3356 cst
605 3299 784 3366 Pater,
815 3301 896 3355 sic
919 3316 1020 3370 ego
1045 3301 1154 3355 vita
1181 3315 1302 3355 sum
1329 3319 1342 3354 :
1367 3298 1705 3369 proindeque
1729 3302 1914 3354 omnia
1939 3318 2062 3372 qua:
2095 3302 2276 3357 Patris
2303 3300 2408 3355 mei
2435 3307 2583 3363 sunt,
2619 3313 2737 3354 mea
2769 3299 2942 3354 sunt?

559 3390 624 3445 V.
673 3389 884 3446 Videsis
919 3391 1104 3459 igitur,
1147 3405 1180 3444 ο
1231 3388 1468 3452 Sabelli,
1519 3403 1584 3442 ac
1621 3387 1910 3457 diligenter
1951 3392 2063 3444 ani-

485 3483 802 3546 madverte;
846 3480 994 3549 aperi
1033 3478 1217 3532 cordis
1252 3477 1466 3542 oculos,
1498 3492 1674 3546 neque
1706 3492 1888 3532 czecus
1913 3487 2062 3546 esto;

488 3573 575 3625 fac
605 3579 663 3622 ut
690 3578 804 3632 tua,
841 3578 1175 3638 tuorumque
1204 3584 1359 3623 mens
1383 3583 1508 3622 cum
1541 3577 1730 3623 sancto
1763 3567 1971 3624 Joanne
1997 3569 2064 3624 ad
2109 3642 2113 3646 .

485 3662 778 3717 Jowlauem
811 3660 1121 3715 conveniat.
1147 3662 1324 3716 Aures
1353 3668 1478 3716 tuas
1501 3661 1672 3729 aperi,
1698 3668 1748 3715 et
1775 3660 1916 3715 hanc
1941 3675 2064 3730 pro-

489 3755 664 3826 phetae
694 3768 878 3809 vocem
915 3752 1110 3807 exaudi
1140 3770 1153 3806 :
1191 3751 1300 3822 Ego
1339 3768 1439 3808 vos:
1478 3753 1762 3806 clamantis
1802 3753 1854 3806 in
1891 3752 2067 3806 descr-

487 3858 540 3900 to
559 3848 599 3901 ⁸.
628 3846 767 3899 Audi
802 3844 1204 3901 Praecursorem
1237 3845 1473 3911 Domini,
1510 3847 1602 3915 qui
1636 3845 1862 3916 angelus
1889 3845 2068 3914 appel-

486 3939 588 3993 lari
615 3937 837 4001 meruit,
865 3935 1130 4006 Spiritum
1172 3944 1422 3991 sanctum
1458 3952 1525 3990 ex
1559 3946 1716 3991 utero
1752 3937 1944 3990 matris
1983 3934 2070 3990 ac-

487 4031 652 4099 cepit,
679 4039 734 4085 et
760 4029 927 4082 Maria
959 4031 1201 4082 intrante
1239 4027 1482 4081 subsiliit
1503 4029 1548 4080 ⁹.
1596 4026 1699 4093 Qui
1731 4043 1853 4083 cum
1887 4027 2067 4081 adhuc

489 4123 680 4178 matris
716 4129 872 4177 utero
915 4120 1316 4184 contineretur,
1371 4118 1585 4173 Domini
1633 4119 1717 4173 sui
1758 4119 2063 4188 ingressum

2239 3389 2318 3445 E'.
2353 3389 2498 3459 Ὅρα
2530 3387 2611 3450 δὲ,
2656 3381 2702 3440 ὧ
2732 3387 3009 3454 Σαὸέλλιε,
3050 3388 3144 3441 καὶ
3171 3389 3448 3443 κατανόει·
3491 3390 3747 3457 διάνοιξον

2170 3483 2231 3536 τὸ
2261 3483 2416 3553 ὄμμα
2454 3481 2555 3552 τῆς
2597 3481 2824 3552 καρδίας
2862 3499 2977 3545 σου,
3015 3482 3111 3535 καὶ
3141 3483 3217 3553 μὴ
3257 3482 3542 3536 ἁδλέ-πτει·
3573 3483 3743 3536 συνελ-

2173 3572 2314 3626 θέτω
2355 3573 2388 3643 ἡ
2439 3571 2650 3626 διάνοια
2679 3589 2774 3624 σου
2807 3572 2904 3625 καὶ
2941 3571 3049 3626 τῶν
3099 3573 3204 3626 ὑπὸ
3251 3573 3348 3626 σοῦ
3383 3575 3745 3646 ἠπατημένων

2184 3665 2403 3734 Ἰωάννῃ
2438 3664 2516 3733 τῷ
2544 3663 2684 3734 ἁγίῳ
2716 3665 2795 3728 είς
2824 3664 2915 3717 τὸν
2966 3665 3254 3737 Ἰορδάνην.
3297 3667 3520 3735 Ἀνοιγε
3552 3667 3619 3720 τὰ
3643 3661 3746 3720 ὦτά

2173 3770 2290 3822 σου,
2339 3757 2433 3810 καὶ
2479 3755 2644 3810 ἄκουε
2691 3755 2794 3824 τῆς
2826 3756 3020 3827 ’φωνῆς
3045 3756 3138 3810 τοῦ
3170 3758 3451 3829 προφήτου
3481 3757 3745 3826 λέγοντοςυ

2184 3845 2333 3916 Ἐγὼ
2381 3845 2550 3914 φωνὴ
2595 3843 2864 3911 βοῶντος
2916 3845 2986 3898 ἐν
3035 3845 3109 3914 τῇ
3155 3846 3370 3916 ἐρήμῳ.
3418 3849 3622 3901 Ἀκουε
3663 3849 3745 3902 τοῦ

2173 3939 2490 4010 Προδρόμου
2525 3938 2752 4007 Κυρίου,
2792 3937 2888 3991 τοῦ
2920 3939 3152 4008 ἀγγέλου
3184 3937 3620 4006 καταξιωθέντος
3641 3943 3744 3995 ovo-

2176 4023 2472 4095 μασθῆναι,
2499 4023 2594 4077 τοῦ
2626 4025 2734 4078 ἀπὸ
2758 4025 2967 4089 κοιλίας
2996 4028 3200 4098 μητρὸς
3233 4028 3491 4093 λαϐόντος
3528 4030 3742 4104 Πνεῦμα

2174 4114 2350 4181 ἆγιον,
2397 4115 2492 4168 καὶ
2537 4117 2928 4186 σκιρτήσαντος
2955 4120 3025 4189 τῇ,
3060 4120 3248 4191 εἰσόδῳ
3291 4121 3392 4191 τῆς
3421 4122 3663 4193 Μαρίας·
3692 4122 3744 4183 ὃς

489 4217 732 4286 agnovit,
766 4224 822 4268 et
861 4213 1099 4278 exsiliit;
1135 4210 1224 4266 cui
1269 4209 1660 4280 patefaciendae
1693 4209 1863 4263 divini
1904 4207 2063 4263 Verbi

2169 4207 2310 4277 ἔγνω
2339 4209 2419 4262 ἔτι
2444 4211 2500 4264 ὲν
2525 4211 2704 4282 κοιλίᾳ
2733 4211 2993 4283 ὑπάρχων
3021 4214 3224 4268 εἴσοδον
3248 4214 3343 4268 τοῦ
3385 4217 3516 4270 ἰδίου
3545 4217 3746 4270 Aeci-46'

490 4303 916 4377 praedicationis,
961 4301 1438 4374 prazparandaeque
1482 4297 1694 4354 Domini
1727 4300 1828 4355 viae
1865 4315 2067 4355 munus

489 4408 576 4454 est
607 4412 955 4451 concessum.
1004 4396 1218 4450 Adhibe
1269 4395 1400 4449 huic
1453 4393 1637 4459 (idem,
1683 4409 1784 4450 nec
1827 4410 1857 4448 a
1897 4410 2064 4464 scopo

488 4490 740 4546 veritatis
758 4490 1000 4543 aherres.
1032 4485 1172 4542 Ecce
1193 4487 1291 4540 tibi
1315 4488 1690 4542 testimonium
1719 4486 1808 4540 ille
1840 4485 2062 4556 prabet.

490 4586 547 4638 In
577 4584 768 4655 primis
795 4596 919 4635 cum
952 4579 1240 4633 Dominum
1268 4594 1428 4633 suum
1453 4593 1758 4650 agnoscens
1784 4578 1858 4631 ita
1889 4575 2066 4645 loqui-

489 4687 580 4732 tur
609 4698 622 4733 :
651 4677 759 4747 Ego
786 4687 832 4730 te
856 4692 986 4746 opus
1015 4674 1198 4741 habeo,
1225 4682 1274 4726 et
1309 4683 1366 4726 tu
1389 4674 1528 4727 venis
1564 4671 1632 4725 ad
1657 4686 1737 4725 me
1757 4671 1822 4726 ‘°.
1854 4667 2056 4723 Deinde

488 4784 614 4824 cum
648 4769 913 4822 dixisset:
950 4766 1074 4820 Siue
1114 4765 1292 4828 modo,
1316 4775 1371 4818 ut
1400 4764 1682 4832 impleatur
1709 4763 1877 4816 omnis
1900 4761 2067 4830 justi-

486 4863 601 4925 tia;
626 4870 680 4916 ct
701 4861 768 4912 ab
790 4859 884 4912 illo
906 4858 1215 4928 baptizatus
1246 4864 1412 4921 esset,
1436 4855 1680 4910 divinum
1706 4852 1872 4908 refert
1894 4853 2064 4906 Evan-

483 4956 687 5025 gelium
727 4950 990 5006 Joannem
1038 4949 1122 5004 his
1158 4948 1340 5004 verbis
1379 4945 1752 5001 testimonium
1798 4942 2060 4999 dedisse:

2169 4319 2285 4365 του,
2331 4302 2423 4355 καὶ
2467 4303 2723 4373 ἐσκίρτα·
2749 4297 2793 4372 ᾦ
2818 4304 2971 4377 ἐδόθη
3003 4306 3063 4358 τὸ
3099 4307 3322 4378 μήνυμα
3347 4307 3443 4361 τοῦ
3473 4309 3734 4382 προκηρύρ

2168 4409 2398 4463 γματος,
2430 4394 2525 4448 καὶ
2549 4397 2582 4465 η
2621 4395 2908 4465 ὲτοιμασία
2949 4397 3048 4466 τῆς
3077 4397 3198 4449 ὁδοῦ
3226 4398 3318 4450 τοῦ
3357 4400 3590 4469 Κυρίου.
3623 4400 3739 4453 Πεί-

2171 4484 2329 4556 σθητι
2366 4485 2536 4556 αὐτῷ,
2569 4487 2663 4539 καὶ
2693 4487 2754 4539 οὐ
2785 4487 3066 4551 διαπέσοις
3097 4489 3202 4541 ἀπὸ
3242 4489 3336 4542 τοῦ
3372 4491 3586 4545 σκοποῦ
3621 4492 3732 4561 air;

2171 4575 2344 4640 θείας.
2386 4578 2517 4630 Ἰδοὺ
2546 4577 2656 4648 γὰρ
2683 4578 2844 4641 αὐτὸς
2879 4583 3147 4650 μαρτυρεῖ
3174 4579 3366 4648 λέγων,
3403 4583 3623 4652 πρῶτον
3652 4584 3738 4651 μὲν

2171 4669 2264 4721 τὸν
2292 4669 2567 4739 Δεσπότην
2595 4668 2788 4721 ἑαυτοῦ
2815 4670 3088 4737 ἐπιγνοὺς.
3120 4672 3200 4724 ὅτι
3224 4671 3373 4740 Ἐγὼ
3397 4674 3515 4727 σοῦ
3543 4677 3735 4743 χρείαν

2172 4759 2313 4828 ἔχω,
2343 4760 2440 4812 καὶ
2477 4759 2558 4814 σὺ
2589 4761 2737 4829 ἔρχῃ
2770 4763 2920 4828 πρός
2949 4779 3047 4832 με.
3096 4765 3206 4817 Kal
3248 4763 3342 4816 τοῦ
3373 4766 3632 4838 Σωτῆρος
3658 4767 3743 4820 λέ-

2167 4867 2373 4920 γοντος
2406 4852 2580 4920 Ἄφες
2616 4852 2769 4921 ἄρτι,
2808 4853 2967 4918 ὅπως
3007 4855 3295 4924 πληρωθῇ
3325 4855 3494 4911 πᾶσα
3528 4858 3747 4912 δικαιο-

2171 4943 2350 5010 σύνη·
2384 4943 2478 4994 καὶ
2521 4943 2686 4996 αὐτοῦ
2719 4943 3109 5013 βαπτισθέντος
3137 4946 3227 4998 ὑπ’
3256 4947 3445 5012 αὑτοῦ,
3492 4947 3572 5013 ὥς
3618 4966 3738 5019 φησι

3601 171 3758 228 1056

482 270 619 325 Filio
666 272 972 328 subsistens
1018 289 1235 345 semper
1265 276 1504 348 Spiritus
1543 288 1788 347 sanctus,
1840 282 2058 338 divinus

2168 286 2295 357 Υίῷ,
2327 287 2689 342 ἑνυπόστατον
2718 289 2806 341 ἀεὶ
2835 287 3059 361 Πνεῦμα
3095 286 3270 358 ἄτιον,
3303 290 3533 362 Πνεῦμα
3571 291 3752 360 θεῖον,

489 5047 749 5113 Quoniam
791 5043 958 5111 aperti
991 5050 1111 5095 sunt
1140 5040 1275 5104 caeli,
1317 5049 1365 5093 et
1397 5037 1500 5092 vidi
1529 5035 1788 5090 Sairitum
1823 5045 2063 5088 sanctum

2170 5033 2396 5096 τὸθεῖον
2425 5034 2774 5103 Εὑαγγέλιον,
2814 5035 2895 5088 ὅτι
2939 5035 3323 5107 ἐμαρτύρησεν
3365 5038 3627 5109 Ἰωάννης
3658 5039 3736 5091 At-

490 5139 544 5191 in
589 5137 757 5203 specie
804 5137 1060 5189 columba:
1110 5133 1522 5194 descendentem,
1575 5137 1623 5182 et
1676 5129 1960 5182 venientem
2008 5127 2063 5180 in

2172 5143 2304 5194 γων·
2340 5127 2470 5180 Ὀτι
2511 5128 2888 5196 ἠνοίχθησαν
2928 5131 2981 5181 ol
3013 5130 3280 5198 οὐρανοί,
3328 5131 3427 5183 καὶ
3472 5131 3739 5201 τεθέαμαι

494 5230 743 5298 ipsum“.
784 5226 851 5280 Et
884 5243 981 5280 vox
1007 5226 1071 5279 de
1106 5227 1234 5279 caelo
1265 5241 1282 5279 :
1323 5223 1426 5277 Hic
1455 5232 1532 5276 est
1581 5221 1758 5275 Filius
1805 5235 1949 5274 meus
1991 5218 2063 5271 di-

2171 5215 2240 5270 τὸ
2271 5217 2514 5286 Πνεῦμα
2543 5217 2608 5271 τὸ
2637 5217 2809 5287 ἅγιον
2832 5218 2902 5272 ὲν
2921 5219 3066 5272 εἴδει
3091 5219 3448 5288 περιστερᾶς
3471 5228 3743 5292 κατερχό-

493 5322 678 5384 lectus,
723 5321 778 5372 in
812 5335 912 5389 quo
949 5318 1076 5370 mihi
1109 5316 1400 5387 comp/acui
1426 5317 1490 5371 ¹².
1523 5313 1653 5368 Erat
1686 5322 1799 5367 tum
1839 5311 1893 5365 in
1925 5310 2063 5364 cmlo

2168 5325 2376 5378 μενον,
2417 5309 2514 5363 καί
2557 5309 2884 5380 ἐρχόμενον
2925 5311 3018 5364 ἐπ’
3057 5314 3266 5366 αὐτόν.
3320 5313 3430 5367 Καὶ
3473 5315 3648 5382 φωνὴ
3681 5316 3741 5367 ἐκ

573 5443 588 5472 ¹
626 5437 818 5494 Matth.
854 5454 908 5494 λ,
940 5437 1029 5490 20.
1074 5439 1129 5506 γε
1167 5437 1302 5506 Agg.
1342 5453 1399 5492 II.
1433 5436 1521 5506 6.7
1564 5437 1584 5466 ³
1621 5433 1778 5489 Joan.
1818 5451 1876 5506 tt,
1919 5432 2024 5506 3_0._

2168 5430 2329 5506 latth.
2386 5448 2578 5500 xxvut,
2604 5431 2721 5506 719.
2776 5430 2988 5506 ‘_Joan.
3018 5447 3129 5506 31v,
3159 5431 3249 5487 28.

495 5515 518 5546 ¹¹
555 5512 711 5564 Joau.
739 5523 872 5570 xvn,
900 5507 985 5559 to.
1065 5505 1087 5537 ⁸
1117 5501 1342 5572 Ιεεῖἱι,
1372 5508 1441 5570 5;
1478 5505 1667 5560 Matth.
1697 5521 1777 5569 tu,
1815 5505 1868 5559 5.
1945 5503 1966 5533 ⁹
2004 5501 2136 5557 Luc.
2171 5518 2231 5561 ιι,
2265 5503 2336 5558 28
2364 5519 2485 5573 sqq.
2599 5503 2641 5535 ‘°
2676 5501 2864 5559 Matth.
2899 5516 2982 5570 nr,
3021 5503 3088 5557 M
3121 5519 3240 5573 sqq.

496 5585 535 5617 "
560 5581 750 5637 Matth.
783 5595 865 5642 Ill,
900 5579 985 5633 Π.
1066 5577 1110 5608 ’³
1147 5575 1204 5632 F.
1247 5576 1402 5647 ὁμοῦ,
1457 5591 1555 5646 pro
1606 5577 1759 5640 ὅπου,
1805 5576 1885 5629 vel
1916 5590 2055 5643 cxpu

2189 5573 2316 5644 γάρο

3329 5432 3349 5462 ⁸
3377 5428 3539 5484 Joan.
3582 5449 3635 5494 v,
3658 5433 3721 5486 25

3318 5502 3359 5533 ”
3393 5499 3555 5558 Joau.
3589 5518 3629 5569 ι,
3661 5502 3738 5558 32.

3861 56 3876 166 ι
