3840 6062
73 188 234 246 1057
785 192 1151 250 Αονειιευε
1189 191 1534 249 ΙΗΕΒΕΞΕΞ
1570 192 1701 248 LIB.
1743 191 1804 249 ΙΙ.
1849 192 2015 250 TOM.
2055 192 2097 248 Ι.
2138 223 2203 234 —
2243 193 2520 252 "IERES.
2561 196 2719 255 LXII.
3255 207 3391 264 1058

70 301 200 357 τοῦ
223 305 538 372 οὐρανοῦ·
562 304 756 374 Οὗτός
776 311 948 364 ἐστιν
975 313 1008 364 ό
1028 310 1159 376 Υἱός
1178 328 1298 379 μου
1327 314 1361 364 ό
1385 311 1695 382 ἀγαπητὸς

1825 310 2008 378 Pater,
2034 312 2200 368 homo
2233 315 2756 382 contentiosissime,
2788 316 3136 391 indideinque
3162 337 3265 376 vox
3299 323 3390 378 illa

71 392 182 462 ἐφ’
224 393 312 446 ὃν·
346 395 692 464 ηὐδόκησαο
741 398 853 452 ἀνω
893 395 962 469 ἦν
1009 401 1037 452 6
1086 399 1298 470 Πατὴρ,
1341 395 1386 454 ὦ
1415 401 1699 469 φιλόνεικε,

1817 413 2060 457 venerat.
2120 403 2311 475 itaque
2358 405 2403 459 si
2441 407 2584 460 cmlo
2627 407 2846 478 delapsa
2898 425 3000 464 vox
3050 419 3156 478 est,
3199 413 3389 469 falsam

72 483 322 537 ἄνωθεν
371 487 410 556 ἡ
459 486 610 558 φωνὴ
649 489 870 558 ἠρχετο.
924 490 986 542 Ei
1026 491 1205 543 τοίνυν
1232 491 1437 544 ἄνωθεν
1466 494 1499 562 ἠ
1534 493 1699 564 φωνὴ,

1816 491 1963 545 illam
2001 500 2150 547 tuam
2187 504 2446 561 mentem,
2474 511 2678 562 quaeso,
2710 498 2942 555 discute.
2970 499 3197 555 Cniuam
3232 503 3394 561 Pater

71 569 403 640 διάκρινόν
446 590 536 643 μοι
583 573 681 644 τὴν
730 577 1260 648 παραπεποιημένην
1308 596 1400 632 σου
1447 579 1699 636 διάνοιαν.

1814 580 1920 636 ista
1968 582 2227 638 dicebat:
2255 584 2417 654 517
2464 585 2569 640 Hic
2609 597 2685 641 est
2727 586 2902 643 Filius
2943 607 3087 645 meus
3126 594 3395 649 dilectus?

74 661 213 712 Τίνι
257 661 292 712 ὁ
345 663 546 734 Πατὴρ
597 664 802 732 ἔλεγεν,
841 663 1030 732 Οὗτός
1060 667 1231 721 ἐστιν
1271 672 1304 722 ό
1353 670 1484 736 Υἱός
1514 689 1634 740 μου
1663 675 1697 726 ό

1813 672 1924 726 Aut
1956 674 2080 743 quis
2134 675 2240 730 iste
2286 676 2502 730 demum
2539 679 2698 732 erat?
2731 678 2843 733 Cur
2886 681 3119 750 Spiritus
3169 695 3390 741 sanctus

71 750 453 818 ἀγαπητὸς,
481 754 573 822 ἐφ’
595 754 666 806 ὃν
686 755 1035 823 ηὐδόκησα;
1064 759 1174 809 Καὶ
1195 757 1275 823 τίς
1301 755 1369 830 ἦν
1397 756 1579 826 οῦτος;
1608 761 1699 815 Διά

1813 764 1986 835 elligie
2031 766 2299 821 columbre
2345 767 2534 837 lapsus
2571 777 2674 834 est,
2705 785 2826 824 cum
2860 775 3156 840 prmsertim
3189 791 3391 844 corpus

74 843 132 893 τί
171 845 237 896 δὲ
287 847 356 896 ὲν
419 847 549 899 εῖδει
599 851 928 918 περιστερᾶς
970 850 1030 902 τὺ
1077 851 1302 921 Πνεῦμα
1352 852 1699 923 κατελήλυθε,

1815 856 2042 912 haberet
2087 859 2332 913 nullum?
2374 859 2536 915 Solus
2574 861 2718 915 enim
2753 863 2804 915 id
2837 862 3158 933 Unigenittts
3189 843 3386 930 induit,

76 935 360 1002 καίτοιγε
397 936 561 1006 σῶμα
596 937 668 1007 μὴ
699 939 937 1009 φορέσαν
964 940 1024 992 τὸ
1055 941 1282 1012 Πνεῦμα
1311 943 1373 994 τὸ
1414 942 1596 1010 ἂγιονς
1646 945 1699 996 '0

1813 945 2162 1017 perfectoque
2199 964 2261 1004 ex
2299 948 2468 1004 Maria
2501 966 2716 1020 semper
2745 954 2952 1023 virgine
2991 971 3086 1024 per
3124 954 3388 1025 Spiritum

90 1023 200 1092 γὰρ
253 1023 584 1095 Μονογενὴς
645 1027 805 1096 μόνος
854 1029 1160 1088 ἐνεδύσατο.
1211 1031 1306 1084 καὶ
1355 1031 1575 1094 τελείως
1616 1032 1699 1083 ὲν-

1815 1047 2063 1092 sanctum
2099 1048 2350 1093 naturam
2406 1043 2640 1097 hominis
2690 1047 3003 1114 assumpsit.
3047 1046 3228 1116 Neque
3260 1065 3391 1104 vero

79 1115 488 1186 ηνθρώπησεν
522 1118 630 1170 ἀπὸ
657 1119 874 1188 Μαρίας
898 1121 999 1190 τῆς
1021 1122 1405 1193 ἀειπαρθένου,
1427 1123 1514 1175 διὰ
1537 1122 1699 1176 Πνεῦ-

1813 1144 1879 1182 ex
1908 1128 2054 1183 virili
2079 1145 2199 1183 eam
2229 1132 2436 1187 semine
2465 1135 2728 1202 suscepit,
2769 1135 2862 1190 sed
2898 1151 3099 1206 corpus
3127 1138 3228 1192 sibi
3262 1141 3391 1194 arti-

88 1223 276 1275 ματος
308 1208 503 1275 ἁγίου·
535 1208 633 1261 οὐκ
654 1209 762 1262 ἀπὸ
790 1211 1101 1282 σπέρματος
1129 1213 1339 1283 ἀνδρὸς,
1369 1214 1504 1267 ἀλλὰ
1528 1214 1699 1284 ἐαυτῷ

1815 1218 1899 1274 fex
1925 1219 2166 1274 Verbum
2193 1237 2224 1276 e
2255 1220 2424 1275 Maria
2470 1224 2645 1290 finxit,
2684 1241 2896 1280 necnon
2940 1227 3230 1282 humanam
3270 1232 3389 1286 ani—

82 1295 579 1365 ἁναπλασάμενος
611 1300 638 1350 6
672 1300 995 1370 ἀρχιτέχνας
1037 1303 1210 1370 Λόγος
1253 1304 1409 1372 σῶμα
1447 1304 1552 1356 ἀπὸ
1583 1306 1699 1357 Μα-

1812 1324 1956 1364 mam
1987 1325 2050 1364 ac
2097 1321 2332 1366 mentem
2365 1331 2378 1367 :
2408 1315 2744 1385 proindeque
2765 1318 3060 1372 etiamnum
3091 1319 3252 1376 homo
3281 1329 3384 1386 est,

87 1385 247 1457 ρίας,
285 1389 392 1441 καὶ
434 1388 611 1461 ψυχὴν
649 1391 747 1461 τὴν
795 1392 1162 1462 ἀνθρωπείαν,
1197 1395 1291 1447 καὶ
1326 1394 1469 1448 νοῦν·
1501 1396 1592 1448 καὶ
1625 1395 1699 1449 ἔτι

1812 1402 1906 1471 qui
1953 1403 2173 1473 propria
2224 1403 2462 1459 hominis
2495 1407 2676 1460 omnia
2709 1408 2946 1477 perfecte
2977 1410 3028 1462 in
3066 1426 3185 1465 sese
3213 1419 3392 1467 trans-

83 1477 249 1528 ἐστὶν
292 1477 621 1549 ἄνθρωπος,
671 1481 849 1534 πάντα
892 1482 1112 1547 τελείως
1151 1485 1566 1556 ἀναδεξάμενος,
1608 1485 1699 1540 καὶ

1811 1492 1955 1556 tulit,
1989 1507 2052 1548 ac
2081 1508 2204 1547 cum
2243 1509 2341 1548 sua
2370 1495 2656 1551 divinitate
2677 1499 2980 1566 conjunxit.
3015 1499 3131 1554 Non
3167 1502 3246 1556 sic
3275 1510 3390 1556 tan-

86 1567 434 1632 συνενώσας
475 1573 540 1641 τῇ
586 1571 781 1624 ἑαυτοῦ
821 1571 1054 1644 θεότητι·
1095 1575 1194 1645 οὐχ
1230 1575 1305 1638 ὡς
1345 1577 1402 1629 ὲν
1429 1576 1699 1648 ἀνθρώπῳ

1810 1597 1972 1652 quam
2024 1583 2080 1638 in
2105 1583 2326 1641 homine
2375 1585 2641 1642 duntaxat
2679 1588 2952 1654 habitans,
3017 1591 3180 1660 (absit
3216 1601 3273 1645 ut
3313 1594 3387 1646 ita

83 1660 338 1728 οἰκήσας
399 1661 502 1732 (μὴ
542 1663 833 1731 γένοιτοε),
886 1666 1050 1729 αὐτὸς
1090 1666 1148 1719 δὲ
1192 1669 1220 1720 6
1265 1667 1418 1736 ἅγιος
1457 1668 1649 1736 Λόγος,
1674 1671 1699 1722 6

1809 1672 2226 1744 suspicemur!)
2291 1675 2382 1730 sed
2437 1687 2846 1732 sacrosanctum
2899 1680 3074 1750 ipsum
3126 1682 3386 1751 Verbum,

82 1747 227 1811 Θεὸς
259 1749 454 1817 Λόγος
486 1751 896 1824 ὲνηνθρὼπησε.

1807 1761 1972 1825 Deus,
2002 1764 2247 1832 inquam,
2273 1764 2511 1820 Verbum
2548 1767 2821 1822 hominem
2859 1786 2918 1824 se
2955 1771 3100 1825 fecit.

163 1856 263 1920 ς’.
305 1855 390 1906 Τὸ
423 1855 480 1907 δὲ
501 1855 724 1925 Πνεῦμα
748 1857 852 1909 τίνι
879 1857 956 1928 τῷ
971 1857 1114 1928 λόγῳ
1137 1857 1196 1910 ὲν
1224 1859 1352 1912 εἴδει
1376 1862 1704 1930 περιστερᾶς

88 1945 390 2014 φαίνεται,
433 1945 568 1999 ἀλλὰ
593 1947 740 2010 ὅπως
765 1948 927 2019 πείσῃ
957 1967 1014 2001 σε
1044 1950 1118 2020 μὴ
1142 1950 1499 2021 βλασφημεῖν,
1523 1945 1568 2004 ὧ
1587 1951 1704 2004 €05-

88 2036 324 2105 λόσοερε,
387 2035 488 2089 καὶ
534 2037 698 2108 μηδὲν
742 2037 1107 2110 διανοούμενε,
1145 2042 1232 2094 ἵνα
1280 2041 1353 2112 μὴ
1383 2041 1612 2113 νομίσῃς
1643 2043 1703 2096 τὸ

91 2124 334 2194 Πνεῦμα
389 2125 718 2195 συναλοιφὴν
766 2122 901 2179 εἶναι
931 2127 1106 2200 Πατρὶ
1139 2129 1172 2200 ἢ
1214 2129 1362 2198 rte;
1396 2129 1494 2183 Διὰ
1524 2130 1700 2198 τοῦτο,

92 2214 311 2284 καίπερ
364 2214 538 2266 αὐτοῦ
594 2214 687 2267 τοῦ
733 2216 1051 2285 Πνεῦματος
1110 2217 1204 2270 τοῦ
1250 2219 1404 2285 ἁγίου
1443 2219 1601 2292 σῶμα
1626 2221 1702 2292 μὴ

92 2304 472 2373 φορέσαντος,
512 2305 566 2355 ὲν
595 2304 721 2358 εἴδει
756 2309 1082 2378 περιστερᾶς
1110 2309 1524 2378 σχηματίζεται,
1555 2311 1704 2374 ὅπως

94 2394 250 2465 δείξῃ
290 2411 394 2446 σου
425 2395 520 2447 καὶ
549 2392 743 2465 ἐλέγξῃ
791 2411 884 2448 σου
912 2396 1008 2467 τὴν
1040 2397 1266 2468 πλάνην,
1293 2399 1375 2451 ὅτι
1405 2399 1703 2453 ὲνυπόστα-

93 2485 188 2538 τόν
221 2487 352 2536 ἐστι
385 2485 454 2536 τὸ
495 2484 724 2556 Πνεῦμα
774 2485 896 2539 καθ’
930 2487 1109 2551 ἑαυτὸ,
1145 2490 1239 2542 καὶ
1282 2491 1644 2555 ὲνυπόστατος
1675 2493 1704 2544 6

97 2576 322 2646 Πατὴρ,
356 2577 459 2628 καὶ
497 2577 856 2641 ὲνυπόστατος
900 2580 928 2630 6
960 2581 1299 2650 Μονογενὴςο
1329 2580 1443 2632 ἀλλ’
1467 2583 1527 2635 οὐ
1560 2581 1702 2634 διαι-

101 2667 389 2737 ρουμένης
419 2667 520 2737 τῆς
548 2667 824 2738 Θεότητος,
859 2668 981 2721 οῦτε
1010 2669 1413 2741 ὑποϐεϐηκυίας
1451 2673 1549 2742 τῆς
1577 2673 1706 2724 ἑαυ-

102 2756 200 2825 τῆς
233 2755 425 2826 δόξης.
478 2755 588 2808 Καὶ
614 2758 763 2828 ὁρᾷς,
815 2759 930 2822 πῶς
958 2759 991 2829 ἡ
1029 2759 1198 2831 Τριὰς
1229 2761 1562 2832 ἀριθμεῖται,
1589 2762 1703 2816 Πα-

101 2847 228 2916 τρὸς
255 2846 360 2914 (δὲ)
397 2845 606 2899 ἀνωθεν
641 2847 890 2917 βοῶντος,
925 2848 1055 2902 Υίοῦ
1087 2852 1144 2903 ὲν
1185 2851 1419 2924 Ἰορδάνῃ
1458 2852 1704 2922 βαπτιζο-

109 2935 294 3004 μένου,
330 2933 658 3005 Πνεύματος
700 2935 756 2988 δὲ
791 2936 947 3004 ἁγίου
974 2938 1034 2990 ὲν
1065 2938 1193 2990 εῐδει
1223 2941 1550 3011 περιστερᾶς
1579 2939 1701 2992 ἑπι-

1877 1851 1965 1906 νι.
1989 1851 2104 1907 Jam
2138 1852 2374 1923 Spiritus
2403 1864 2626 1910 sanctus
2647 1873 2807 1926 quam
2829 1861 3044 1914 tandem
3065 1863 3134 1915 ob
3162 1877 3385 1919 causam

1804 1946 1984 2012 specie
2015 1960 2075 2000 se
2105 1945 2370 2000 columba;
2400 1947 2690 2001 videndum
2739 1949 3003 2013 exhibuit,
3047 1953 3153 2006 nisi
3199 1963 3257 2007 ut
3289 1955 3385 2010 tibi

1803 2035 2084 2104 sapientia
2114 2035 2372 2104 opinione
2402 2036 2606 2103 inﬂato,
2637 2055 2812 2109 neque
2857 2043 3151 2113 quidquam
3189 2046 3388 2102 intelli-

1803 2125 1972 2195 genti,
2003 2125 2137 2178 nihil
2179 2124 2232 2178 in
2264 2122 2430 2179 Deum
2477 2130 2870 2185 contumeliose
2909 2131 3222 2199 jaciendum
3262 2151 3386 2191 esse
3462 2149 3469 2157 ‘

1805 2215 2059 2268 suaderet
2091 2229 2105 2266 :
2140 2222 2200 2268 ut
2237 2231 2304 2268 ne
2334 2215 2594 2285 Spiritum
2629 2233 2751 2271 cum
2786 2218 2945 2273 Patre
2971 2221 3216 2292 Filioque
3253 2240 3386 2279 con-

1806 2301 2140 2356 fundendum
2171 2319 2295 2360 esse
2327 2306 2626 2362 crederes?
2655 2307 2963 2378 Propterea,
2997 2313 3120 2366 licet
3147 2313 3384 2382 Spiritus

1805 2402 2028 2448 sanctus
2063 2396 2210 2448 nullo
2243 2405 2385 2449 esset
2421 2412 2650 2467 corpore
2695 2400 2974 2469 prmrlitus,
3020 2403 3085 2455 ad
3119 2406 3384 2459 columbae

1804 2493 1981 2538 tamen
2013 2484 2239 2554 cﬂigiem
2290 2502 2410 2542 sese
2459 2488 2841 2554 conformavit,
2876 2507 2986 2560 quo
3035 2503 3184 2547 tuum
3219 2495 3383 2548 nimi-

1804 2590 1924 2628 rum
1949 2583 2001 2628 ct
2029 2576 2377 2644 patefaceret,
2421 2587 2475 2632 ct
2520 2576 2868 2635 convinceret
2919 2598 3180 2650 errorem,
3221 2587 3384 2656 idque

1805 2668 1980 2734 ipsum
2020 2668 2354 2733 ostenderet,
2387 2679 2577 2738 suapte
2608 2673 2908 2727 consistere
2938 2690 3168 2742 persona
3208 2675 3382 2746 Spiri-

1805 2763 1941 2817 tum,
1975 2764 2168 2822 suapte
2215 2757 2342 2810 item
2383 2773 2615 2826 persona
2665 2759 2897 2825 Patrem,
2946 2779 3009 2816 ac
3057 2774 3246 2834 suapte
3286 2781 3384 2835 po-

1803 2851 2005 2898 stremo
2028 2844 2242 2902 Filium.
2273 2846 2363 2901 Sic
2388 2856 2445 2900 ut
2473 2865 2579 2903 non
2605 2850 2726 2905 ideo
2751 2851 2924 2908 divisa
2949 2869 3070 2909 esse
3100 2855 3379 2918 divinitas,

1808 2941 1901 2987 aut
1931 2937 2245 3005 depressum
2277 2938 2478 3008 aliquid
2519 2941 2572 2993 in
2601 2942 2720 3010 ejus
2753 2943 2947 3012 gloria,
2974 2954 3134 3016 atque.
3157 2947 3383 3002 inferius

106 3022 438 3090 φοιτῶντος;
473 3023 615 3091 Λέγε
643 3023 700 3076 δέ
738 3040 826 3094 μοι
862 3025 943 3086 τίς
971 3026 1119 3078 ἔστιν
1175 3028 1202 3078 6
1246 3025 1515 3096 εἰρηκὼς,
1561 3026 1699 3081 Ἰδοὺ

1808 3041 1930 3081 esse
1960 3026 2260 3096 putandum
2288 3029 2377 3082 sit.
2409 3029 2831 3095 Animadvertis,
2877 3034 3094 3103 opinor,
3123 3036 3384 3104 quemad-

106 3115 367 3178 συνδίσει
386 3117 420 3168 d
438 3114 589 3182 Παῖς
609 3133 729 3184 μου
752 3117 786 3169 ὁ
805 3115 1136 3184 ἀγαπητὸς,
1158 3117 1250 3184 ἐφ’
1270 3116 1342 3169 ὃν
1364 3116 1702 3184 ηὑδόκησα,

107 3205 178 3258 ὃν
208 3207 556 3274 ᾐρέτίσενή
575 3206 746 3277 ψυχή
770 3225 910 3276 μου.
934 3207 1202 3276 Θήσομαι
1228 3207 1292 3260 τὸ
1324 3205 1566 3275 Πνεῦμά
1580 3225 1701 3276 μου

105 3295 194 3348 ἐπ’
214 3298 427 3363 αὐτὸν,
489 3297 590 3352 και
647 3299 848 3366 κρίσιν
909 3298 1035 3364 τοῖς
1073 3299 1314 3353 ἔθνεσιν
1361 3299 1701 3368 ἀπαγγελεῖ.

113 3389 231 3442 Οὐκ
259 3388 479 3456 ἐρίσει,
516 3387 660 3441 οὐδὲ
679 3387 1030 3458 κραυγάσειο
1065 3387 1207 3442 οὐδὲ
1247 3388 1702 3456 ἀκουσθήσεται

113 3477 179 3529 ἐν
197 3479 517 3544 πλατείαις
547 3481 585 3547 ἡ
617 3479 786 3549 φωνὴ
824 3479 1030 3535 αὑτοῦ.
1055 3479 1340 3548 Κάλαμον
1363 3493 1704 3549 συντετριμ-

113 3569 296 3637 μένον
327 3574 401 3625 οὐ
433 3568 733 3635 κατεάξει,
779 3572 876 3626 καὶ
905 3572 1081 3626 λίνον
1109 3574 1448 3641 τυφόμενον
1473 3575 1544 3627 οὺ
1568 3572 1703 3626 σϐέ-

116 3674 227 3723 σει,
251 3660 363 3726 ἓως
387 3659 467 3714 ἂν
527 3659 748 3726 ἐκϐάλῃ
795 3662 881 3725 είς
925 3660 1091 3727 νῖκος
1117 3661 1232 3730 τὴν
1263 3661 1485 3728 κγίσιν,
1517 3662 1608 3714 καὶ
1635 3662 1703 3716 τὰ

121 3751 242 3821 ἑξῆς
273 3771 286 3816 ;
323 3754 417 3824 Μὴ
464 3753 532 3822 δὴ
572 3752 744 3806 ταῦτα
765 3753 987 3806 δύναται
1014 3752 1157 3822 ἔχειν
1192 3753 1428 3822 ἔμφασιν
1451 3753 1696 3823 Τριάδος,

118 3833 162 3892 ὦ
192 3841 460 3908 φιλόνεικε
484 3838 666 3913 ς’Λρα
693 3859 758 3894 πε
769 3843 820 3912 pl.
841 3841 1007 3894 αὐτοῦ
1030 3844 1057 3894 6
1079 3841 1266 3911 Πατὴρ
1287 3841 1355 3894 τὰ
1387 3840 1623 3894 τοσαῦτα
1644 3843 1702 3895 ὲν

123 3930 196 4001 τῷ
211 3935 467 4006 προφήτῃ
491 3933 734 4003 διεξῆλθε
757 3933 885 3998 ;Τίς
905 3931 961 3986 δέ
990 3935 1104 3985 ἐστι
1129 3932 1257 4003 περὶ
1275 3925 1335 3985 οὗ
1360 3932 1698 4003 γέγραπται,

124 4018 302 4077 εἶπεν
323 4028 356 4078 ὀ
384 4027 605 4093 Κύριος
643 4023 723 4088 τῷ
777 4025 969 4092 Κυρίῳ
996 4041 1115 4092 μου
1143 4040 1152 4052 ·
1185 4023 1380 4077 Κάθου
1401 4023 1467 4076 ὲκ
1489 4023 1702 4087 δεξιῶν

123 4132 232 4182 μου
255 4132 273 4178 ;
298 4117 408 4169 Καὶ
441 4118 544 4169 οὐκ
569 4111 723 4168 εἶπεν
747 4131 759 4144 °
796 4115 1016 4169 Είσελοε
1062 4117 1143 4178 εἰς
1191 4115 1292 4185 ἐμέ
1318 4131 1330 4145 ·
1378 4115 1410 4186 ἢ
1440 4115 1600 4168 πάλιν
1626 4115 1702 4178 ὡς

127 4202 264 4273 λέγει
287 4208 347 4259 τὸ
374 4206 703 4276 Εὑαγγέλιον
725 4223 738 4236 ·
765 4207 872 4260 Kal
896 4205 1157 4274 ἀνῆλθεν
1183 4208 1266 4271 εις
1289 4204 1397 4258 τὸν
1419 4205 1697 4273 οίιρίινὸν,

1806 3114 2023 3166 modum
2071 3113 2310 3168 Trinitas
2368 3115 2484 3182 ipsa
2531 3126 2868 3182 numeretur,
2899 3136 3023 3174 cum
3065 3130 3118 3176 et
3152 3121 3310 3178 Pater
3353 3140 3404 3190 e_

1805 3205 1943 3258 coelo
1981 3205 2199 3267 clamat,
2242 3211 2298 3258 et
2345 3203 2512 3260 Filius
2544 3205 2596 3259 in
2627 3204 2865 3263 Jordane
2902 3211 3146 3281 tingitur,
3177 3224 3230 3268 et
3262 3214 3381 3284 Spi—

1806 3296 1946 3349 ritus
1977 3302 2200 3348 sanctus
2229 3295 2410 3364 specie
2463 3297 2727 3352 columba:
2782 3300 3072 3356 delabitur.
3114 3302 3229 3366 Dic,
3290 3321 3381 3360 sa-

1805 3387 1921 3447 des.
1968 3387 2090 3456 quis
2125 3393 2210 3440 est
2245 3387 2333 3441 ille
2378 3387 2469 3457 qui
2523 3389 2699 3444 dixit:
2731 3389 2862 3460 Ecce
2911 3393 3160 3463 ittelliget
3205 3393 3382 3449 Filius

1807 3497 1950 3534 meus
1985 3479 2226 3543 dilectus,
2261 3479 2314 3534 in
2361 3497 2460 3551 quo
2513 3483 2641 3535 mihi
2676 3484 2988 3548 complacui,
3033 3501 3183 3556 quem
3225 3487 3381 3558 elegit

1805 3573 1984 3625 anima
2039 3588 2173 3625 mea.
2217 3571 2415 3625 Panum
2457 3571 2711 3642 Spiritum
2750 3591 2920 3632 meum
2963 3593 3118 3646 super
3173 3581 3378 3648 ipsum,

1803 3670 1852 3714 et
1884 3660 2144 3730 judicium
2175 3660 2413 3728 gentibus
2452 3662 2735 3717 nuntiabit.
2778 3663 2899 3718 Non
2939 3667 3210 3722 contendet
3233 3709 3249 3734 ,
3291 3687 3380 3724 ne-

1803 3768 1900 3820 que
1935 3751 2205 3814 clamabit,
2237 3767 2329 3804 nec
2371 3750 2617 3804 audietur
2655 3754 2708 3805 in
2747 3754 2934 3821 plateis
2970 3772 3068 3810 vox
3105 3759 3238 3826 ejus.
3275 3758 3380 3816 Ca-

1806 3843 2003 3896 lamum
2058 3843 2342 3896 contritum
2390 3858 2492 3896 non
2537 3842 2862 3912 confringet,
2914 3853 2963 3898 et
3009 3847 3172 3900 linum
3219 3849 3381 3917 [uiui-

1803 3951 1932 4005 gans
1981 3950 2082 3986 non
2136 3934 2461 4003 exstinguet,
2525 3932 2686 3988 donec
2739 3935 2945 3987 emittat
2998 3937 3051 3989 in
3108 3939 3379 3993 victoriam

1794 4026 2054 4095 judicium
2091 4025 2130 4088 ⁸,
2165 4025 2286 4078 etc?
2323 4023 2576 4094 Nunquid
2609 4025 2696 4078 illa
2729 4026 2793 4079 ad
2820 4027 3223 4095 exprimendam
3252 4029 3376 4082 Tri-

1802 4114 2028 4168 nitatem
2054 4115 2158 4168 vim
2182 4114 2382 4168 habere
2403 4115 2522 4177 tibi,
2553 4115 2830 4169 hominum
2860 4117 3374 4179 contentiosissime,

1801 4203 2092 4258 videntur?
2131 4206 2211 4258 An
2243 4205 2310 4260 de
2358 4220 2417 4260 se
2454 4212 2533 4260 tot
2577 4205 2666 4258 illa
2697 4209 2860 4260 Pater
2888 4206 3026 4276 apud
3057 4208 3374 4276 prophetam

131 4297 222 4348 καί
248 4296 533 4352 ἐκάθισεν
557 4297 628 4350 ἐν
683 4296 853 4363 δεξιᾷ
896 4297 1002 4351 τοῦ
1043 4297 1272 4364 Πατρός
1296 4312 1308 4324 ·
1351 4296 1446 4350 καὶ
1485 4295 1699 4364 ἔρχεται

1806 4295 2103 4349 disseruit?
2133 4296 2262 4364 Age,
2293 4296 2417 4364 quis
2463 4303 2547 4350 est
2591 4295 2679 4349 ille
2714 4295 2781 4350 de
2807 4311 2916 4366 quo
2953 4297 3214 4367 scriptum
3244 4305 3328 4352 est
3359 4315 3374 4351 :

131 4388 301 4455 κρῖναι
327 4388 536 4452 ζῶντας
560 4389 655 4440 καὶ
676 4386 928 4459 νεκρούς·
953 4387 985 4458 ἢ
1011 4387 1192 4451 πάλιν,
1216 4386 1332 4450 πῶς
1355 4387 1454 4440 οὐκ
1474 4385 1698 4440 ἔπεισάν

1806 4385 1954 4438 Dixit
1989 4357 2246 4440 Dominus
2285 4385 2506 4439 Domino
2537 4402 2646 4439 meo
2677 4401 2696 4439 :
2725 4385 2859 4440 Sede
2889 4404 2919 4439 a
2947 4386 3146 4441 dextris
3178 4389 3380 4443 meis’?

135 4492 189 4528 σε
218 4480 266 4530 οἱ
293 4479 384 4532 δύο
403 4481 595 4550 ἄνδρες
622 4481 670 4532 οἱ
695 4481 752 4532 ἐν
784 4480 971 4549 ἐσθῆσι
993 4479 1212 4542 λευκαῖς
1240 4479 1540 4548 πεφηνότες
1563 4476 1700 4547 πρὸς

134 4568 248 4630 τοὺς
304 4569 550 4641 μαθητὰς
602 4571 879 4635 εἰπόντες,
934 4569 1174 4638 Ἄνδρες
1217 4568 1552 4634 Γαλιλαῖοι,
1635 4568 1694 4622 τί

134 4655 414 4723 ἑστήκατε
457 4663 545 4726 εἱς
590 4661 696 4715 τὸν
744 4660 1006 4730 οὐρανὸν
1051 4657 1453 4725 (itemfor-rec;
1510 4654 1700 4724 Οὗτος

149 4761 375 4831 Ἰησοῦς
404 4767 436 4819 ό
461 4767 560 4834 ἀρ’
600 4764 767 4834 ἡμῶν
785 4767 869 4830 εὶς
901 4764 1008 4818 τὸν
1045 4763 1304 4832 οὐρανὸν
1329 4762 1699 4831 ἀναληφθεὶς

140 4866 315 4934 οὕτως
366 4872 700 4935 ἐλεύσεται,
746 4871 827 4936 ὡς
873 4870 1058 4923 αὐτὸν
1080 4867 1270 4921 εῖδετε
1293 4865 1700 4936 ἀναλαμϐανό-

136 4984 348 5035 tuerer;
376 4966 508 5026 Τίνα
553 4973 610 5026 δὲ
655 4971 877 5024 ἔϐλεπεν
913 4971 941 5022 6
968 4967 1232 5040 μακάριος
1268 4965 1557 5034 Στέφανος,
1611 4965 1696 5017 ὅτε

144 5068 316 5138 ἔλεγεν
340 5114 354 5140 ,
405 5077 548 5132 Ἰδοὺ
584 5077 698 5147 ἐγὼ
741 5075 854 5145 ὁρῶ
884 5075 989 5128 τὸν
1017 5072 1272 5141 οὐρανὸν
1295 5071 1693 5141 ἀνεῳγμένον,

145 5170 233 5222 καί
258 5174 358 5227 τὸν
387 5176 523 5230 Υίόν
553 5176 657 5230 τοῦ
681 5175 993 5244 ἀνθρώπου
1021 5173 1249 5228 ἑστῶτα
1275 5175 1340 5227 ἐκ
1357 5173 1570 5236 δεξιῶν
1592 5173 1696 5228 τοῦ

149 5273 284 5327 Θεοῦ
307 5292 324 5338 ;
346 5279 415 5330 Σὺ
438 5279 513 5343 δὲ,
547 5273 591 5332 ὦ
641 5278 783 5332 κατὰ
823 5276 998 5330 πάντα
1030 5276 1232 5340 ίδιῶτα,
1271 5277 1346 5347 μὴ
1381 5277 1578 5346 νοήσας
1597 5275 1695 5345 τὴν

149 5377 316 5448 ’φωνὴν
343 5380 448 5433 τῶν
476 5383 642 5452 ἁγίων
681 5381 932 5454 Γραφῶν,
979 5381 1201 5435 σεαυτὸν
1230 5379 1429 5450 μᾶλλον
1457 5376 1696 5448 ἔϐλαψας

1804 4474 1921 4528 Non
1970 4476 2142 4528 dixit:
2196 4474 2253 4528 In
2303 4490 2388 4529 me
2426 4475 2569 4530 subi.
2616 4474 2722 4530 Aut
2766 4476 2894 4529 illud
2944 4493 3191 4542 rursum,
3232 4480 3376 4549 quod

1805 4568 1858 4622 in
1901 4567 2192 4638 Evangelia
2219 4567 2479 4636 scriptum
2521 4574 2605 4621 est
2637 4585 2650 4621 ε
2688 4565 2754 4620 Ει
2798 4568 3034 4620 ascendit
3073 4569 3130 4620 in
3168 4570 3376 4633 cmlum,

1805 4665 1852 4709 et
1881 4655 2013 4709 sedit
2045 4656 2113 4708 ad
2144 4655 2412 4710 dexteram
2447 4654 2624 4709 Patris
2648 4656 2704 4719 ³;
2735 4665 2787 4710 et
2815 4664 3076 4715 venturus
3113 4666 3197 4710 est
3231 4658 3381 4727 judi—

1805 4761 1933 4799 care
1979 4747 2132 4800 vivos
2183 4755 2237 4799 et
2293 4752 2558 4801 mortuos.
2609 4744 2773 4815 518
2811 4745 3070 4800 Pra-terea
3119 4762 3219 4802 cur
3269 4764 3376 4803 non

1805 4834 2035 4889 duorum
2064 4837 2275 4889 illorum
2312 4836 2548 4890 virorum
2599 4837 2692 4889 tibi
2733 4837 3023 4906 persuadet
3056 4839 3376 4904 auctoritas,

1804 4927 1895 4994 qui
1928 4925 1981 4979 in
2011 4926 2252 4980 vestibus
2281 4926 2418 4980 albis
2463 4937 2788 4996 apparentes
2819 4928 2892 4980 ita
2926 4928 3221 4997 discipulos
3245 4928 3378 4981 allo-

1805 5018 1915 5071 cuti
1952 5027 2080 5070 sunt
2117 5035 2130 5072 :
2173 5017 2281 5070 Viri
2335 5017 2580 5082 Galila'i,
2615 5017 2739 5086 quid
2787 5019 2942 5072 statis
2989 5019 3290 5085 aspicientes
3322 5020 3378 5073 in

1803 5107 2028 5160 caelum?
2078 5107 2176 5159 llic
2228 5105 2404 5170 Jesus,
2456 5109 2543 5178 qui
2595 5117 2896 5176 assump.‘us
2943 5118 3018 5162 est
3068 5126 3099 5161 a
3139 5108 3279 5162 vobis
3324 5111 3379 5164 in

1803 5197 2020 5260 cmlum,
2058 5198 2133 5250 sic
2172 5199 2333 5252 reuiet
2378 5198 2820 5268 quemadmodum
2864 5199 3014 5252 illum
3049 5199 3253 5253 uidistis
3298 5216 3382 5255 asc

1803 5296 2067 5352 sumptum
2096 5287 2157 5340 δῖ
2186 5286 2484 5352 Quemnam
2541 5303 2667 5344 vero
2707 5290 2897 5344 beatus
2949 5289 3255 5360 Stephanus
3291 5290 3379 5344 in-

1805 5379 2077 5444 tuebatur,
2108 5394 2230 5434 cum
2269 5378 2474 5436 diceret
2502 5400 2513 5435 :
2563 5381 2692 5437 Ecce
2719 5399 2810 5454 ego
2845 5382 2988 5438 video
3025 5383 3210 5437 cwlum
3237 5397 3380 5452 aper-

218 5529 236 5562 ⁸
263 5531 358 5588 lsa.
391 5553 517 5602 xui,
559 5539 575 5590 Ι
612 5554 732 5608 sqq.
808 5539 828 5568 '
870 5536 1143 5596 Psa'.czx,
1183 5537 1226 5586 I.
1305 5534 1324 5565 ³
1367 5532 1528 5587 Marc.
1569 5531 1799 5593 xvi,19.
1879 5532 1900 5563 ⁸
1929 5531 2050 5585 Act.
2085 5548 2124 5602 I,
2168 5535 2249 5589 ll.
