3948 6068
526 152 662 208 1059

1899 155 1956 208 S.
2003 153 2339 209 EPIPHANII

3650 166 3798 222 1060
3881 55 3903 222 1

525 277 659 330 tum,
691 275 740 322 et
769 265 969 321 Filium
1009 268 1232 322 hominis
1261 276 1488 320 stantem
1517 283 1548 318 a
1581 265 1780 319 dextris
1809 266 1906 320 Dei
1931 268 1990 322 ‘?
2021 267 2089 321 Τιη

2203 270 2296 323 καὶ
2341 269 2466 333 τοῦς
2502 272 2585 324 σοὶ
2636 272 3071 338 ὑπακούσαντας,
3114 276 3362 328 ἐκπεσὼν
3387 276 3487 347 τῆς
3520 279 3691 346 ἁγίας
3717 282 3802 332 πί-

524 373 671 423 vero,
717 361 869 414 rudis
921 360 973 412 in
1003 358 1255 412 omnibus
1303 363 1467 425 atque
1511 355 1777 425 imperite,
1821 372 1921 412 nec
1963 359 2096 427 quid

2204 376 2372 422 στεως
2399 361 2494 430 τῆς
2522 362 2612 414 τοῦ
2640 361 2771 415 Θεοῦ
2802 363 3079 433 ἀληθείας.

524 467 692 508 saera:
718 454 933 508 Littera:
958 454 1246 520 loquantur
1284 452 1608 522 intelligens,
1637 452 1951 522 tibimetipsi
1986 468 2048 509 ac
2079 453 2189 510 tuis
2226 456 2686 512 auscultatoribus
2716 458 2888 527 magis
2934 457 3114 512 fraudi
3167 460 3341 525 fuisti,
3379 461 3511 517 dum
3547 479 3578 517 a
3610 479 3794 520 sacro-

525 554 713 599 sancta
743 546 938 598 divinae
965 545 1209 600 veritatis
1235 545 1337 599 fide
1372 545 1586 615 longius
1606 544 1876 601 excidisti.

596 633 704 688 νη.
738 636 948 689 Etenim
996 635 1173 704 reipsa
1217 635 1434 704 quidem
1485 635 1586 690 hoc
1639 636 1728 690 ille
1768 636 1904 690 dixit
1938 655 1953 692 :
1989 635 2102 706 Ego

523 743 636 779 sum
667 727 888 793 primus,
912 736 961 780 et
999 744 1090 796 ego
1119 728 1398 794 posterior,
1435 737 1485 781 et
1523 737 1718 795 prwter
1757 745 1836 782 me
1884 745 1984 783 non
2025 739 2102 784 est

525 819 661 871 otius
693 821 734 871 ’.
778 817 1040 872 Nimirum
1082 820 1268 889 plures
1314 820 1386 873 dii
1422 835 1762 889 nequaquam
1793 821 2098 888 exsistunt;

523 907 615 960 sed
648 925 787 963 unus
820 910 1082 962 duntaxat
1126 911 1332 980 primus
1364 925 1429 963 ac
1473 910 1764 980 posterior,
1796 910 1977 976 Pater,
2010 911 2100 966 Fi-

525 998 628 1052 lius
657 1009 707 1053 et
741 998 973 1069 Spiritus
1012 1009 1255 1056 sanctus.
1288 999 1407 1055 Non
1460 1010 1519 1055 ut
1561 997 1811 1057 confusio
1851 1004 2097 1072 quasdam

524 1086 763 1144 Trinitas
809 1091 898 1144 illa
939 1092 1027 1154 sit,
1079 1100 1170 1144 aut
1199 1093 1266 1153 ab
1295 1093 1503 1147 unitate
1549 1108 1647 1147 sua
1691 1093 1958 1160 discreta;
2001 1096 2098 1150 sed

525 1177 680 1234 Pater
727 1197 850 1236 vere
882 1181 1076 1236 Filium
1125 1183 1342 1253 genuit;
1388 1192 1442 1238 et
1489 1182 1658 1239 Filius
1692 1201 1816 1240 vere
1861 1202 1890 1239 a
1939 1185 2098 1242 Patre

523 1270 768 1337 genitus,
819 1273 873 1326 in
912 1288 1141 1342 persona
1195 1289 1292 1328 sua
1343 1275 1670 1337 subsistens.
1724 1277 1863 1330 initii
1917 1278 2097 1333 omnis

523 1376 716 1429 expers
749 1377 812 1416 ac
849 1365 1126 1432 temporis.
1160 1365 1288 1417 Item
1336 1363 1572 1434 Spiritus
1619 1376 1843 1423 sanctus
1879 1383 1908 1422 a
1936 1367 2097 1423 Patre

522 1459 575 1504 et
601 1451 756 1517 Filio,
785 1462 838 1506 et
868 1455 1052 1509 eadem
1079 1456 1359 1510 divinitate
1384 1457 1640 1526 prseditus
1669 1473 1698 1512 a
1728 1457 1886 1512 Patre
1912 1448 2096 1528 proce-

523 1542 604 1596 dit
626 1543 665 1606 ⁸,
694 1553 749 1598 et
778 1559 808 1597 a
836 1544 968 1599 Filio
999 1562 1213 1616 semper
1241 1547 1439 1616 accipit
1464 1547 1514 1609 ‘;
1547 1563 1689 1602 unus
1717 1547 1858 1602 Deus
1889 1547 2096 1618 primus

522 1650 584 1688 ac
630 1638 920 1706 posterior.
966 1639 1134 1694 Porro
1183 1641 1408 1694 alterius
1445 1641 1730 1709 cujusdam
1769 1639 1972 1710 negotii
2006 1638 2100 1692 ad-

523 1724 864 1782 ministrandi
887 1730 1081 1798 gratia,
1117 1737 1279 1799 atque
1316 1747 1382 1785 ex
1416 1731 1698 1800 ipsiusmet
1732 1731 1935 1787 Christi
1974 1747 2098 1802 per-

522 1829 656 1868 sona
703 1817 769 1871 ad
815 1833 937 1872 cum
991 1821 1209 1874 modum
1249 1823 1483 1876 canitur.
1531 1822 1667 1876 Cum
1719 1830 1897 1878 autem
1938 1822 2098 1879 Jesus

521 1904 771 1960 Christus
795 1907 1054 1964 Dominus
1076 1919 1262 1965 noster
1294 1927 1664 1982 smpenumero
1694 1914 1977 1982 prophetis
2010 1930 2101 1984 ap-

523 1998 781 2061 paruerit,
807 2006 860 2052 et
884 1999 1170 2054 adventrum
1199 2017 1356 2056 suum
1387 2004 1739 2067 nuntiaverit,
1765 2020 1829 2060 ac
1851 2005 2099 2060 nonnulli

523 2084 742 2141 minime
780 2088 930 2140 illum
975 2091 1294 2158 receperint,
1338 2093 1430 2161 qui
1484 2093 1712 2148 alterum
1765 2095 1885 2149 loco
1926 2096 2099 2166 ipsius

520 2184 920 2243 exspectarent.
955 2178 1161 2234 Idcirco
1196 2184 1263 2236 ad
1306 2198 1400 2239 eos
1430 2184 1520 2252 qui
1551 2184 1967 2239 simulacrorum
2011 2202 2099 2241 su-

521 2265 935 2332 perstitionibus
975 2268 1236 2338 implicati
1272 2280 1452 2336 erant,
1498 2289 1561 2328 ac
1595 2274 1820 2328 deorum
1861 2276 2099 2330 multitu-

527 2355 710 2409 dinem
777 2357 829 2410 in
885 2358 1068 2412 orbem
1105 2368 1371 2417 terrarum
1406 2363 1742 2428 invexerant,
1773 2381 1840 2420 ne
1881 2367 2098 2421 attoniti

519 2451 571 2497 et
597 2445 914 2503 aberrantes
938 2448 1194 2504 israelita:
1224 2452 1686 2519 Amorrlueorum,
1711 2454 2094 2523 Chetlaaornm,

518 2535 967 2602 Chananaeorum,
993 2538 1420 2606 Pheresatorum,
1455 2543 1758 2607 Evaaorum,
1783 2546 2095 2615 Cergesazo-

520 2639 663 2689 rum,
701 2623 1094 2696 Jebusaeorum,
1128 2628 1478 2684 Arucaeorum
1499 2672 1514 2697 ,
1568 2632 1990 2686 Assannaaorum
2022 2635 2099 2688 si-

520 2715 758 2768 mulacra
806 2718 1068 2782 colerent,
1117 2705 1572 2789 quemadmodum
1617 2724 1934 2792 praedictum
1988 2724 2094 2779 illis

520 2800 714 2856 iuerat.
746 2803 956 2876 Quippe
977 2817 1029 2861 et
1051 2807 1381 2880 Beelphegor
1406 2811 1728 2877 adorarunt,
1756 2821 1810 2867 et
1834 2814 2092 2881 Chamos,

2275 632 2347 684 Z'.
2391 632 2534 703 Ἔφη
2591 633 2696 702 γὰρ
2726 633 2800 695 ὠς
2855 633 3073 704 ἀληθῶς
3100 655 3112 666 ε
3156 639 3295 707 Ἐγώ
3315 643 3434 709 ειμι
3467 646 3502 697 ό
3534 646 3789 715 πρῶτος,

2205 723 2303 799 καὶ
2350 723 2464 792 ἐπὼ
2524 727 2639 792 ειμι
2692 728 2724 780 ό
2763 725 2913 794 μετὰ
2942 729 3148 794 ταῦτα,
3188 733 3284 784 καὶ
3313 735 3622 805 πλήν-μου
3681 745 3788 798 οὐκ

2202 815 2378 868 ἔστιν
2399 815 2616 883 ἔτερος.
2663 817 2752 881 Ὠς
2784 818 3001 890 ἀληθῶς
3032 820 3140 892 γὰρ
3163 823 3264 877 οὐκ
3295 826 3402 878 εἰσὶ
3431 828 3626 884 πολλοὶ
3654 833 3786 900 Osci,

2203 904 2317 958 ἀλλ’
2347 900 2429 970 εἷς
2454 907 2584 970 Θεὸς
2616 909 2644 961 6
2701 909 2941 979 πρῶτος,
2991 912 3086 965 καὶ
3107 913 3136 964 6
3171 915 3309 982 μετὰ
3344 916 3540 985 ταῦτα,
3575 923 3785 997 Πατὴρ,

2203 994 2298 1047 καὶ
2336 993 2482 1058 Υἱὸς,
2535 996 2630 1049 καὶ
2681 997 2833 1066 ἅγιον
2878 999 3120 1071 Πνεῦμα,
3162 1005 3223 1056 οὐ
3252 1007 3547 1079 συναλοιφὴ
3580 993 3782 1084 οὖσα-’ἡ

2203 1085 2390 1156 Τριὰς,
2422 1088 2541 1140 οὐδὲ
2567 1088 2878 1161 διῃρημένη
2911 1095 3010 1162 τῆς
3044 1094 3245 1164 ἑαυτῆς
3271 1099 3624 1172 ταυτότητος,
3655 1107 3784 1161 ἀλλὰ

2202 1177 2388 1248 Πατὴρ
2420 1178 2632 1249 ἀληθῶς
2657 1182 2924 1250 γεννήσας
2952 1183 3097 1249 Υἱὺν,
3142 1187 3237 1238 καὶ
3263 1187 3391 1252 Υἱὸς
3425 1190 3649 1260 ἀληθῶς
3667 1213 3784 1264 γεν-

2201 1267 2383 1337 νηθεὶς
2418 1271 2482 1322 ἐκ
2514 1270 2723 1342 Πατρὸς
2753 1273 3114 1338 ἐνυπόστατος
3132 1277 3382 1348 ἀνάρχως
3397 1283 3491 1334 καὶ
3517 1285 3780 1354 ἀχρόνως·

2201 1357 2293 1409 καὶ
2347 1358 2571 1429 Πνεῦμα
2629 1360 2783 1428 ἅγιον
2837 1362 3052 1432 ἀληθῶς
3099 1366 3163 1416 ἐκ
3225 1367 3437 1438 Πατρὸς
3481 1373 3579 1424 καὶ
3635 1375 3782 1442 Υίοῦ,

2199 1448 2297 1516 τῆς
2334 1449 2505 1518 αὐτῆς
2535 1450 2806 1520 θεότητος,
2845 1455 2910 1506 ἐκ
2943 1456 3157 1525 Πατρὸς
3210 1458 3667 1534 ἐκπορευόμενον,
3694 1471 3785 1521 καὶ

2201 1539 2295 1592 τοῦ
2329 1539 2457 1592 Υἰοῦ
2515 1541 2791 1611 λαμϐάνον
2849 1546 2957 1624 ἀεὶ,
3011 1541 3090 1611 εἷς
3117 1548 3248 1613 Θεὸς
3286 1553 3313 1604 6
3351 1554 3590 1624 πρῶτος,
3622 1561 3716 1613 καὶ
3757 1564 3784 1614 ὀ

2205 1629 2342 1699 μετὰ
2367 1631 2556 1687 ταῦτα.
2591 1633 2790 1697 Ἀλλης
2827 1621 2902 1688 δὲ’
2926 1636 3086 1691 πάλιν
3131 1639 3295 1694 ἕνεκα
3323 1645 3661 1716 οἰκονομίας,
3690 1655 3783 1705 καὶ

2141 1780 2157 1794 ς
2202 1721 2308 1773 ἀπὸ
2334 1722 2628 1792 προσώπου
2654 1724 2710 1776 δὲ
2737 1726 2905 1779 αὑτοῦ
2949 1728 3042 1781 τοῦ
3088 1730 3325 1801 Χριστοῦ
3365 1736 3550 1806 ᾄδεται
3591 1741 3779 1807 οὕτως.

2199 1811 2367 1865 Πάλιν
2416 1814 2604 1887 ἐπειδὴ
2638 1815 2896 1881 πολλάκις
2939 1820 2967 1872 6
3003 1819 3202 1892 Κύριος
3228 1825 3383 1894 ἡμῶν
3419 1829 3628 1898 Ἰησοῦς
3657 1835 3782 1904 Χρι-

2201 1901 2323 1966 στὸς
2368 1905 2576 1976 πέφηνε
2638 1910 2751 1971 τοῖς
2800 1913 3126 1982 προφήταις,
3167 1916 3261 1967 καὶ
3317 1921 3646 1990 κατήγγειλε
3688 1901 3778 1997 τὴν

2200 1995 2391 2048 ἐαυτοῦ
2431 2000 2729 2070 παρουσίαν
2769 1999 3011 2067 ἔσεσθαι,
3049 2006 3194 2070 τινὲς
3238 2007 3297 2060 δὲ
3335 2011 3501 2064 αὑτὸν
3535 2015 3636 2068 οὑκ
3667 2018 3777 2070 ὲδέ-

2199 2084 2377 2152 ξαντο,
2404 2088 2814 2158 προσδοκῶντες
2861 2091 3045 2163 ἕτερον
3082 2094 3197 2147 ἀντ’
3233 2099 3424 2153 αὐτοῦ.
3486 2103 3596 2156 Καὶ
3651 2109 3777 2178 πρὸς

2202 2171 2302 2240 μὲν
2330 2173 2454 2236 τοὺς
2503 2174 2902 2246 δεισιδαίμονας
2933 2180 3044 2234 τῶν
3078 2183 3338 2249 εἰδώλων,
3371 2190 3466 2242 καὶ
3495 2171 3778 2248 πολυθείαν

2198 2262 2275 2333 τῷ
2303 2267 2492 2336 κόσμῳ
2529 2269 2939 2340 εἰσαγηοχότας,
2976 2273 3062 2328 ἵνα
3095 2274 3171 2346 μὴ
3204 2277 3572 2347 ἐκπλαγέντες
3602 2287 3650 2338 οἱ
3677 2290 3778 2341 υἱοὶ

2210 2355 2447 2426 Ἰσραὴλ,
2472 2358 2566 2410 καὶ
2581 2360 2966 2431 ἐκτραπέντες,
2991 2365 3059 2418 τὰ
3079 2365 3270 2420 εἴδωλα
3293 2369 3401 2423 τῶν
3418 2371 3776 2448 Ἀμορραίων,

2198 2447 2291 2500 καὶ
2325 2449 2625 2513 Χετταίων,
2660 2453 2755 2505 καὶ
2802 2455 3142 2519 Χαναναίων,
3189 2461 3284 2512 καὶ
3315 2463 3646 2534 Φερεζαίων,
3690 2473 3776 2523 καὶ

2197 2538 2432 2604 Εὐαίων,
2455 2541 2550 2602 καὶ
2572 2542 2936 2612 Γεργεσαίων,
2967 2547 3058 2600 καὶ
3085 2548 3442 2617 Ἰεϐουσαίων,
3470 2558 3566 2610 καὶ
3600 2561 3776 2630 Ἀρου-

2199 2628 2387 2693 καίων,
2411 2631 2506 2683 καὶ
2553 2634 2920 2688 Ἀσσανναίων
2945 2642 3416 2712 προσκυνήσωσιν,
3453 2645 3532 2709 ὡς
3559 2651 3655 2702 καὶ
3686 2653 3779 2704 αύ-

2197 2722 2307 2783 τοῖς
2324 2723 2746 2792 προεφητεύετο.
2771 2727 3084 2800 Προσεκύνη
3094 2748 3190 2784 σαν
3213 2733 3317 2804 γὰρ
3334 2735 3411 2804 τῷ
3430 2735 3721 2809 Βεελφεγὼ
3731 2762 3778 2813 ρ,

2196 2813 2289 2863 καὶ
2307 2810 2383 2881 τῷ
2408 2814 2632 2883 Χαμῶς,
2663 2817 2756 2868 καὶ
2772 2819 2836 2887 τῇ
2873 2819 3164 2892 ’Δστάρτῃ,
3190 2824 3272 2874 καὶ
3296 2829 3406 2887 τοῖς
3435 2810 3778 2902 Μαζουρὼθ,

517 2900 569 2947 et
590 2894 886 2961 Astartcm,
911 2907 964 2951 et
994 2897 1297 2963 Mazuroth,
1331 2909 1384 2955 et
1415 2901 1630 2966 Neaste,
1660 2911 1714 2957 et
1751 2903 2089 2971 Beelzehalh,

2195 2901 2289 2953 καὶ
2330 2905 2440 2965 τοῖς
2483 2904 2733 2970 Νεασθῶ,
2785 2909 2878 2961 καὶ
2916 2909 2994 2980 τῷ
3028 2909 3335 2977 Βεελζεσὰθ,
3373 2917 3465 2969 καὶ
3500 2923 3619 2983 τοῖς
3642 2894 3782 2976 ’λοιέ

517 2992 819 3055 caateraqne
864 2989 1155 3043 simulacra
1204 2992 1466 3062 gentium.
1501 2991 1794 3062 Propterea
1834 2996 2090 3055 Dominus

517 3077 588 3130 ita
621 3078 833 3133 locutus
861 3089 945 3134 est
973 3099 985 3134 :
1019 3080 1128 3151 Ego
1155 3098 1271 3136 sum
1311 3084 1401 3152 qui
1443 3100 1556 3136 sum
1589 3085 1641 3151 ⁸;
1679 3084 1788 3156 Ego
1831 3105 1947 3141 sum
1976 3091 2091 3157 pri-

516 3183 631 3220 mus
660 3179 707 3221 et
733 3171 990 3236 posterior
1013 3173 1055 3224 °.
1095 3171 1215 3238 Quo
1263 3173 1384 3227 illos
1424 3173 1587 3244 519
1632 3177 1880 3234 conﬁctis
1911 3181 2090 3249 genti-

518 3257 644 3310 lium
681 3259 875 3316 fabulis
919 3272 1216 3328 revocaret,
1257 3281 1378 3334 qua
1418 3267 1642 3320 deorum
1689 3270 2089 3326 multitudinem

517 3356 866 3402 venerantur.

583 3435 738 3500 Quod
791 3445 970 3492 autem
1020 3429 1215 3494 Filium
1263 3442 1550 3496 Dominum
1600 3454 1852 3502 nostrum
1901 3448 2086 3505 Jesum

511 3525 789 3578 Christum
849 3529 1149 3583 venientem
1206 3533 1543 3602 repudiaturi
1596 3535 1794 3605 forent,
1851 3541 1965 3595 haec
2018 3543 2085 3598 ad

509 3613 727 3670 Judaeos
752 3616 911 3670 verba
939 3619 1063 3672 fecit
1087 3638 1099 3672 :
1127 3619 1238 3691 Ego
1261 3639 1376 3676 sum
1408 3626 1608 3692 primus
1629 3639 1678 3682 et
1704 3632 2017 3686 novissimus
2041 3635 2082 3688 ⁷.

514 3703 726 3759 Primus
748 3706 974 3770 scilicet,
1014 3710 1105 3778 qui
1135 3711 1242 3766 hnc
1277 3728 1442 3769 carne
1482 3718 1739 3786 praeditus
1768 3720 2004 3785 advenit,
2031 3730 2086 3777 et

509 3797 804 3853 novissime
835 3811 1095 3869 venturus
1131 3803 1377 3872 judicare
1416 3809 1565 3863 vivos
1595 3821 1648 3865 et
1681 3821 1944 3868 mortuos.
1980 3813 2081 3879 Qui

508 3887 724 3956 quidem
754 3891 806 3944 in
843 3906 1004 3947 cruce
1039 3909 1233 3963 passus
1277 3912 1340 3950 ac
1387 3900 1651 3968 sepultus,
1682 3912 1842 3971 atque
1883 3905 2083 3958 excita-

510 3986 599 4032 tus
647 3993 678 4032 a
725 3983 973 4047 mortuis,
1017 4000 1140 4038 cum
1179 3985 1366 4042 eodem
1405 4005 1634 4058 corpore
1677 3991 1730 4046 in
1770 3994 1965 4047 emlum
1999 4002 2084 4048 est

506 4067 738 4136 gloriose
795 4073 1107 4138 subvectus,
1153 4087 1206 4130 et
1256 4076 1321 4130 ad
1367 4093 1480 4132 suae
1519 4081 1819 4136 divinitatis
1850 4083 2078 4152 gloriam

507 4167 813 4228 c00ptatus,
851 4179 914 4217 ac
962 4180 1100 4219 novo
1150 4167 1436 4236 splendore
1482 4171 1937 4239 collustratus,ut
1984 4191 2080 4229 ne-

2196 2994 2314 3054 ποῖς
2345 2993 2580 3058 εἰδώλοις
2604 2997 2714 3051 τῶν
2741 2998 2936 3053 ἐθνῶν.
2976 3001 3068 3055 Διὸ
3097 3003 3188 3055 καὶ
3211 3004 3384 3072 ἔλεγεν
3410 3008 3578 3072 αὐτὸς
3607 3012 3639 3062 6
3665 3013 3780 3067 Κύο

2195 3101 2307 3154 ριος
2330 3099 2346 3115 ⁸
2377 3085 2521 3155 ἙΤὼ
2549 3091 2664 3158 εἰμι
2686 3093 2718 3143 ό
2747 3090 2862 3144 ὢν·
2907 3093 3054 3162 Ἐγὼ
3093 3098 3125 3148 ό
3150 3097 3396 3164 πρῶτος,
3433 3102 3536 3156 καὶ
3564 3107 3598 3156 ό
3631 3109 3780 3173 μετὰ

2191 3175 2376 3240 ταῦτα
2401 3194 2412 3206 ·
2439 3178 2524 3230 ἵνα
2576 3181 2774 3246 αὐτοὺς
2824 3183 3142 3258 ἀποστρέψῃ
3183 3188 3282 3258 τῆς
3313 3189 3422 3243 τῶν
3465 3176 3776 3264 ἐθνομύθων

2191 3265 2417 3337 πλάνης,
2457 3269 2566 3323 τῶν
2595 3273 3044 3342 προσκυνούντων
3070 3279 3170 3347 τὴν
3199 3279 3509 3334 πολυθεϊαν.

2258 3438 2368 3492 Καὶ
2400 3442 2582 3515 ἐπειδὴ
2611 3443 2834 3516 ἔμελλον
2869 3449 2970 3521 τὴν
2996 3455 3300 3524 παρουσίαν
3329 3458 3499 3512 αὑτοῦ
3526 3461 3623 3515 τοῦ
3649 3464 3770 3518 Υίοῦ

2187 3526 2521 3584 ἀπωθεῖσθαι
2570 3534 2664 3587 τοῦ
2701 3535 2900 3608 Κυρίου
2949 3542 3104 3612 ἡμῶν
3146 3543 3320 3614 Ἰησοῦ
3366 3549 3632 3618 Χριστοῦ,
3669 3554 3766 3624 ἔφη

2187 3620 2323 3692 πρὸς
2344 3623 2470 3687 τοὺς
2519 3625 2806 3692 Ἰουδαίους
2829 3645 2843 3659 ’
2915 3633 3063 3703 Ἐγώ
3084 3639 3206 3706 εἰμι
3253 3643 3288 3692 o'
3329 3641 3586 3710 πρῶτος,
3617 3620 3765 3701 καὶ-ό

2179 3713 2330 3780 μετὰ
2355 3715 2560 3770 ταῦτα.
2599 3717 2656 3772 '0
2690 3722 2904 3791 πρῶτος
2941 3727 2998 3778 ἐν
3035 3729 3196 3798 σαρκὶ
3225 3731 3600 3804 ἐπιδημήσας,
3630 3739 3766 3791 καὶὸ

2189 3805 2326 3872 μετὰ
2353 3805 2527 3861 ταῦτα
2553 3809 2880 3880 ἐρχόμενος
2904 3815 3096 3884 κρῖναι
3127 3817 3346 3888 ζῶντας
3368 3824 3467 3877 καὶ
3495 3831 3762 3896 νεκρούς·

2184 3892 2276 3946 ἐπὶ⁵
2295 3894 2372 3964 τῷ
2408 3899 2624 3969 σταυρῷ
2663 3903 2965 3969 πεπονθὼς,
2998 3909 3090 3960 καὶ
3138 3911 3351 3977 ταφεὶς,
3384 3913 3482 3965 καὶ
3506 3916 3761 3980 ἀναστὰς,

2183 3983 2240 4034 ἐν
2272 3983 2396 4056 δόξῃ
2428 3987 2527 4056 μὲν
2579 3992 2636 4043 ἐν
2689 3994 2838 4064 αὐτῷ
2880 3997 2957 4068 τῷ
3025 3999 3234 4070 σώματι
3273 4004 3632 4076 ἀναληφθεὶς,
3689 4014 3763 4073 εἰς

2182 4073 2340 4170 δόξαν
2364 4078 2445 4170 ’δὲ
2482 4079 2583 4150 τῆς
2638 4084 2803 4138 αὑτοῦ
2851 4087 3100 4159 θεότητος
3133 4073 3445 4162 ἑνωθέντος,
3465 4073 3472 4074 7
3496 4101 3590 4153 καὶ
3639 4119 3760 4170 gat-

2182 4161 2522 4233 δρυνθέντος,
2569 4171 2662 4223 καὶ
2691 4174 2890 4243 μηκέτι
2927 4179 3032 4231 ὑπὸ
3061 4181 3203 4252 ἁφὴν
3229 4161 3621 4254 ἐμπίπτοντος,
3650 4161 3761 4244 νυνὶ

505 4262 1019 4320 quecontrectetur
1067 4259 1322 4327 amplius,
1378 4276 1555 4330 neque
1619 4272 1849 4317 mortem
1901 4266 2074 4334 possit

2195 4255 2381 4322 μηκέτι
2405 4257 2635 4314 θανάτου
2667 4267 3005 4336 μετέχοντος.
3058 4272 3303 4342 Ἀνέστη
3338 4281 3470 4346 γὰρ,
3497 4280 3575 4344 ὦς
3601 4299 3760 4352 φησιν

503 4338 795 4394 sustinere.
833 4341 1075 4399 Surrexit
1121 4351 1281 4416 enim,
1316 4351 1390 4404 ait
1423 4351 1704 4421 Scriptura
1723 4356 1762 4415 ⁸,
1801 4353 2078 4421 Christus;

2177 4346 2208 4413 ἡ
2246 4345 2454 4418 Γραφὴ,
2508 4353 2540 4403 ό
2591 4353 2872 4424 Χριστός·
2921 4361 3182 4430 Θάνατος
3211 4345 3627 4426 αὐτοῦνοὺκέτι
3664 4345 3759 4426 sw-

505 4444 646 4483 mors
677 4430 760 4483 illi
799 4432 939 4486 ultra
986 4452 1088 4489 non
1126 4438 1504 4506 dominabitur,
1554 4443 1730 4516 inquit
1767 4445 2076 4516 Apostolus.

2195 4437 2420 4501 πεύσει,
2470 4446 2632 4510 φησὶν
2665 4448 2692 4499 6
2730 4450 3068 4516 Ἀπόστολος.
3113 4455 3220 4507 Καὶ
3251 4456 3351 4526 ὅρα
3383 4459 3503 4522 πῶς
3530 4463 3563 4530 ἠ
3601 4462 3758 4535 ἀκρί-

505 4518 580 4574 Ac
608 4521 731 4576 vide
759 4539 920 4593 quam
952 4537 1144 4582 exacta
1175 4529 1469 4601 Scriptura;
1503 4539 1643 4592 ratio
1671 4548 1902 4606 constet,
1934 4549 2079 4596 tuto-

501 4624 608 4680 que
639 4612 869 4668 deducat
899 4616 1192 4686 hominem,
1221 4636 1287 4674 ne
1335 4623 1388 4676 in
1438 4625 1753 4681 alterutram
1794 4643 1823 4682 a
1853 4632 2079 4687 veritate

503 4706 711 4767 partem
750 4704 984 4767 excidat,
1019 4715 1077 4759 ut
1101 4723 1223 4762 cum
1255 4711 1397 4767 illius
1426 4730 1577 4770 mens
1606 4717 1790 4785 plures
1814 4719 1914 4772 sihi
1947 4719 2078 4776 deos

501 4789 752 4860 efﬁngere
803 4796 1053 4862 voluerit,
1110 4802 1294 4854 statim
1355 4804 1483 4856 illud
1547 4807 1782 4860 audiat:
1825 4808 2078 4864 Dominus

497 4875 640 4932 Deus
682 4891 801 4937 tuus
849 4901 982 4940 unus
1035 4893 1189 4944 est’.
1225 4893 1358 4946 Cum
1409 4904 1588 4948 autem
1639 4899 1866 4951 alterum
1923 4901 2080 4955 Chri-

497 4978 661 5038 stum,
696 4985 890 5042 przeter
919 4994 1041 5032 eum
1075 4982 1165 5048 qui
1199 4983 1310 5052 jam
1348 4985 1585 5049 advenit,
1623 4991 1825 5055 posteri
1860 4991 2076 5048 lsraelis

494 5067 959 5132 exspectaverint,
1018 5071 1242 5125 audiant
1291 5075 1572 5130 vicissim:
1609 5075 1718 5146 ligo
1765 5080 1987 5147 primus,
2021 5093 2070 5135 et

493 5164 584 5217 ego
614 5156 960 5222 novissimus;
988 5169 1039 5215 et
1071 5165 1213 5233 :Ego
1245 5181 1361 5218 sum
1388 5170 1432 5220 A
1459 5177 1507 5220 et
1529 5170 1575 5220 Ω
1608 5170 1670 5223 ιθ.
1703 5171 1767 5233 Α,
1797 5171 2068 5238 videlicet,

495 5242 638 5306 quod
677 5245 930 5304 deorsum
959 5255 1200 5324 respicit,
1230 5265 1282 5313 et
1315 5259 1356 5310 Ω
1387 5301 1400 5324 ,
1427 5262 1571 5331 quod
1623 5279 1842 5320 sursum
1876 5267 2072 5320 obver-

1865 5482 1877 5505 ,
1907 5441 2006 5512 26.7
2102 5441 2121 5472 ⁸
2147 5441 2302 5496 Joan.
2338 5461 2444 5510 xw,
2480 5445 2562 5512 14,
2603 5447 2686 5501 15.

1815 5551 1826 5563 .
1909 5513 1952 5541 ¹⁰
1982 5511 2149 5579 Apoc.
2183 5519 2296 5577 1,8.

2187 4537 2310 4592 6εια
2356 4541 2635 4611 κυριεύει,
2690 4541 2781 4593 καὶ
2833 4542 3015 4612 ὁδηγεῖ
3048 4546 3137 4598 τὸν
3184 4547 3489 4618 ἄνθρωπον,
3556 4554 3646 4607 ἵνα
3686 4555 3757 4624 μὴ

2184 4630 2391 4701 ἐκπέσῃ
2419 4631 2558 4684 κατὰ
2585 4631 2825 4701 θατέρων
2855 4635 2963 4686 τῶν
2995 4635 3092 4705 τῆς
3113 4636 3365 4708 ἀληθείας
3405 4658 3470 4710 με
3482 4643 3622 4712 ρῶν
3652 4646 3757 4704 ἵνα,

2185 4720 2314 4772 ὅταν
2360 4720 2458 4789 μὲν
2490 4720 2772 4794 βουληθείη
2806 4726 2834 4776 6
2861 4724 2984 4789 νοῦς
3015 4727 3303 4782 πολυθεῖαν
3336 4730 3756 4802 ἐξεργάσασθαι.

2175 4808 2405 4882 ἀκούσῃ,
2462 4811 2544 4863 ὅτι
2588 4813 2803 4880 Κύριος
2827 4817 2859 4867 ὀ
2883 4818 3028 4882 Θεός
3051 4835 3165 4872 σου
3197 4816 3283 4885 εἷς
3311 4821 3515 4875 ἐστιν’
3549 4825 3676 4878 ὅταν
3702 4825 3758 4878 δὲ

2174 4900 2406 4972 Χριστὸν
2439 4901 2626 4973 ἕτερον
2649 4905 2800 4976 παρὰ
2834 4907 2924 4959 τὸν
2953 4908 3174 4962 ἐλθόντα
3205 4913 3308 4963 υἱοὶ
3343 4913 3564 4984 Ἰσραὴλ
3595 4931 3761 4983 προσο

2173 4993 2492 5064 δοκήσωσιν,
2544 4996 2850 5051 ἀκούσωσιν
2868 5016 2880 5028 ο
2923 5001 3063 5069 Ἐγὼ
3080 5004 3111 5054 ὀ
3135 5001 3387 5070 πρῶτος,
3429 5007 3530 5058 καὶ
3561 5009 3596 5059 ό
3609 5007 3757 5075 μετὰ

2175 5083 2398 5137 ταῦτα·
2447 5087 2565 5149 καὶ,
2617 5087 2761 5155 Ἐγώ
2813 5091 2927 5157 ειμι
2952 5091 3016 5143 τὸ
3047 5095 3092 5144 Α
3133 5093 3229 5144 καὶ
3271 5093 3406 5145 τὸΩ
3433 5110 3446 5122 ⁸
3493 5093 3554 5147 τὸ
3613 5097 3656 5147 Δ
3695 5094 3757 5146 τὺ

2178 5176 2326 5228 κάτω
2387 5175 2604 5245 βλέπον,
2644 5179 2736 5232 καὶ
2768 5180 2826 5232 τὸ
2865 5181 2906 5232 Ω
2967 5181 3028 5233 τὸ
3071 5182 3184 5235 ἄνω
3242 5183 3468 5252 βλέπον·
3502 5187 3590 5238 ἶνα
3625 5185 3757 5254 πλη-

2183 5268 2326 5338 ρωθῇ
2367 5269 2425 5322 τὸ
2455 5271 2775 5341 εἰρημένον·
2814 5271 2877 5326 Ὀ
2926 5277 3206 5340 καταϐὰς,
3259 5277 3444 5341 αὐτός
3501 5279 3675 5332 ἐστιν
3721 5280 3756 5329 ὀ

2798 5447 2818 5477 ⁸
2848 5447 3019 5503 Exod.
3052 5465 3134 5514 in,
3169 5453 3246 5504 ti.
3327 5453 3344 5479 ‘
3381 5451 3484 5506 lsa.
3528 5452 3749 5519 thv,6.
