3948 6068
202 237 336 293 ιουί

902 236 1269 296 ADVERSUS
1306 229 1654 290 HERESES
1690 222 1906 285 LlBQll
1946 226 2109 283 TOM.
2153 224 2194 282 l.
2232 256 2297 266 —
2329 222 2602 280 BERES.
2644 222 2829 279 LXIII.

3331 226 3354 280 Ι
3365 222 3470 278 062

194 351 427 418 ἀναϐὰς
448 349 727 419 ὑπεράνω
758 349 964 418 πόσης
982 351 1197 420 ἀρχῆς,
1219 346 1316 402 καὶ
1331 348 1622 413 ἐξουσίας
1639 385 1653 410 ,
1679 344 1779 400 καὶ

1888 345 2031 398 titur.
2063 339 2134 395 Ut
2169 347 2224 396 et
2254 339 2387 394 illud
2431 339 2722 409 impleatur
2748 356 2762 393 :
2795 336 2900 402 Qui
2929 335 3217 401 descendit,
3249 338 3360 406 ipse
3383 350 3463 393 est

192 446 572 516 κυριότητος,
603 441 702 496 καὶ
740 441 969 508 παντὸς
998 443 1291 511 ὀνόματος
1314 438 1774 510 ὀνομαζομένου.

193 538 310 591 Καὶ
350 536 438 588 ἵνα
484 535 614 587 ὅταν
655 533 887 604 νομίσῃς
917 531 1005 586 διὰ
1050 533 1113 586 τὸ
1145 532 1444 603 εἰρηκέναι,
1486 528 1633 599 Ἐγώ
1663 531 1781 598 ειμι

190 631 228 681 ό
287 625 543 693 πρῶτος,
600 622 701 681 καί
746 625 779 676 ό
817 621 963 690 μετὰ
996 622 1217 676 ταῦτα·
1249 621 1364 685 καὶ,
1397 618 1544 688 Ἐγώ
1567 621 1685 686 εἰμι
1712 617 1780 669 τὸ

189 723 271 772 Αο
306 716 426 775 καὶ,
489 712 635 783 Ἐγώ
657 715 775 782 ειμι
798 713 867 766 τὸ
895 715 971 768 Ω·
1009 714 1124 777 καὶ,
1152 711 1368 780 Κύριος
1405 712 1439 764 ὁ
1471 709 1618 773 Θεός
1663 722 1780 761 σου

187 803 282 875 εἷς
310 807 445 861 ἐστι
470 823 484 835 ·
513 807 609 860 καὶ
623 806 705 859 ὅτι
760 804 910 874 Ἐγώ
930 807 1044 872 ειμι
1071 802 1227 864 δῶν,
1275 804 1362 856 ἵνα
1396 801 1471 871 μή
1506 817 1594 862 τις
1622 799 1782 868 ἀρνή-

193 915 361 968 σηται
389 899 482 950 τὸν
507 897 657 960 Υίὸν,
686 895 781 949 καὶ
802 895 862 948 τὸ
901 895 1055 963 ἅγιον
1080 893 1308 962 Πνεῦμα
1332 933 1346 957 ,
1379 889 1468 943 διὰ
1492 887 1651 941 τοῦτό
1678 904 1780 957 φη-

194 1007 284 1043 σιν
303 1008 317 1021 ο
356 990 412 1042 Ὀ
437 986 639 1056 Πατήρ
653 1005 770 1056 μου
788 985 1000 1056 μείζων
1011 1002 1130 1054 μου
1152 984 1286 1038 ἐστι
1299 1000 1312 1014 ο
1338 980 1455 1045 καὶ,
1481 980 1604 1034 Ἵνα
1621 976 1783 1047 γινώ-

193 1081 396 1135 σκωσι
421 1094 494 1134 σε
524 1081 631 1132 τὸν
660 1079 852 1147 μόνον
879 1076 1170 1141 ἀληθινὸν
1201 1072 1368 1134 Θεὸν,
1411 1069 1510 1123 καί
1541 1069 1615 1121 ὃν
1667 1067 1782 1120 ἀπ-

192 1173 479 1236 έστειλας
505 1169 750 1238 Ἰησοῦν
775 1169 1050 1236 Χριστόν.
1071 1167 1183 1236 Οὐχ
1207 1167 1288 1219 ὅτι
1311 1164 1409 1216 οὐκ
1431 1162 1576 1214 ἔστιν
1609 1158 1782 1220 ὀΥἱὸς

193 1265 449 1337 ἀληθινὸς
482 1262 612 1324 Θεὸς
631 1279 644 1291 ·
673 1261 787 1314 ἀλλ’
813 1260 901 1314 ἵνα
933 1260 1014 1322 είς
1050 1258 1177 1328 μίαν
1208 1255 1434 1324 ἑνότητα
1463 1253 1646 1324 ἀγάγῃ
1677 1249 1780 1320 τὴν

194 1357 432 1428 Τριάδος
463 1353 781 1424 ὀνομασίαν,
821 1351 914 1404 καὶ
965 1349 1220 1420 ἐκκλείσῃ
1257 1347 1354 1418 τὴν
1383 1346 1621 1400 διάνοιαν
1668 1341 1779 1395 τῶν

193 1446 502 1519 ἀνθρώπιον
533 1443 640 1499 ἀπὸ
678 1442 965 1505 πολυθεϊας
994 1443 1072 1504 είς
1091 1440 1220 1511 μίαν
1246 1438 1494 1509 θεότητα.

257 1645 354 1715 _H'.
399 1642 524 1696 Ἐὰν
550 1641 608 1694 δὲ
652 1612 850 1711 νομίσῂ
877 1639 905 1691 ὁ
935 1635 1228 1718 πλανηθεὶς
1269 1633 1367 1704 τὴν
1390 1631 1649 1688 διάνοιαν,
1688 1628 1780 1680 τὸν

1881 436 1972 505 qui
2006 433 2264 499 ascendit,
2295 447 2456 502 supra
2499 447 2704 484 omnem
2740 429 3114 498 principatum,
3145 439 3194 482 et
3235 437 3468 497 potesta-

1883 533 2006 587 tem,
2033 532 2082 577 et
2105 522 2540 586 dominationem,
2570 528 2620 574 et
2659 534 2844 571 nomen
2876 533 3026 570 omne
3063 523 3200 586 quod
3232 520 3469 571 nomina.

1883 616 2027 668 tur’.
2056 614 2135 669 Ac
2171 629 2242 669 ne
2287 612 2434 668 aliud
2474 612 2613 668 forte
2645 610 2978 679 suspiceris;
3021 617 3074 661 et
3109 625 3204 678 pro
3233 624 3297 663 eo
3324 611 3469 678 quod

1881 706 2085 760 dictum
2130 715 2250 758 est:
2283 702 2395 773 Ego
2447 719 2564 756 sum
2607 703 2832 769 primus,
2860 709 2908 753 et
2949 716 3042 766 ego
3077 700 3389 754 novissimus
3413 699 3467 762 ⁸;

1881 806 1936 852 et
1966 816 1978 850 :
2007 795 2119 866 Ego
2145 812 2262 849 sum
2291 799 2337 849 A
2365 803 2414 848 et
2445 797 2490 847 Ω
2522 787 2547 818 ⁸
2565 809 2579 857 ;
2612 800 2666 847 et
2692 811 2706 846 :
2730 791 2987 845 Dominus
3015 791 3150 846 Deus
3177 803 3296 844 tuus
3334 807 3469 844 unus

1881 897 1958 940 est
2000 887 2043 952 ';
2071 897 2164 940 et:
2201 884 2307 955 Ego
2359 900 2476 938 sum
2519 883 2610 953 qui
2660 899 2779 937 sum
2810 885 2870 950 ⁶;
2924 900 2992 938 ne
3025 885 3148 953 quis
3173 882 3366 936 Filium
3406 898 3470 935 ac

1889 975 2154 1046 Spiritum
2207 983 2458 1031 sanctum
2490 976 2740 1044 abneget,
2775 976 2846 1030 ob
2895 974 2995 1029 id:
3039 974 3222 1036 Pater,
3268 973 3467 1042 inquit.

1881 1083 2026 1121 meus
2055 1067 2227 1136 major
2269 1083 2350 1120 me
2393 1075 2469 1120 est
2496 1068 2538 1119 ⁷.
2592 1065 2656 1118 Et
2694 1083 2708 1118 :
2757 1063 2823 1117 Ut
2864 1075 3177 1135 cognoscant
3223 1074 3270 1118 te
3297 1064 3467 1118 solum

1883 1174 2065 1213 verum
2109 1157 2298 1223 Deum,
2342 1166 2390 1210 et
2434 1173 2584 1226 quem
2627 1157 2820 1210 misisti
2864 1156 3048 1210 Jesum
3096 1154 3363 1210 Clu-istum
3411 1158 3459 1212 θ’.

1879 1250 1998 1306 Non
2035 1249 2182 1320 quod
2227 1248 2400 1303 Filius
2443 1264 2606 1303 verus
2647 1247 2790 1303 Deus
2840 1248 3066 1302 minime
3119 1248 3231 1311 sit;
3285 1247 3379 1302 sed
3406 1255 3468 1300 tat

1879 1340 2127 1396 eamdem
2157 1340 2210 1393 in
2247 1340 2509 1394 unitatem
2541 1337 2828 1393 Trinitatis
2871 1353 3069 1392 nomen
3105 1338 3385 1406 conjiciat,
3415 1347 3468 1390 «ut

1880 1447 1910 1486 a
1943 1433 2169 1487 deorum
2213 1429 2559 1483 multitudine
2595 1428 2661 1484 ad
2705 1443 2867 1482 unam
2914 1427 3253 1481 divinitatem
3287 1428 3466 1480 homio

1881 1539 2010 1578 num
2042 1522 2256 1576 animos
2286 1527 2588 1575 convertat.

1950 1629 2084 1684 VIII.
2118 1630 2272 1696 Quod
2323 1630 2368 1686 si
2414 1645 2602 1685 errore
2652 1631 2841 1700 lapsus
2893 1629 3093 1699 aliquis
3145 1629 3465 1692 existimet,

189 1709 294 1788 ἕνα
327 1733 486 1804 μόνον
511 1701 766 1799 λέγεσθαι
794 1701 1048 1798 dinem»;
1065 1712 1070 1718 ’
1090 1701 1243 1790 Θεὸν,
1271 1701 1519 1777 τουτέστι
1545 1720 1636 1773 τὸν
1662 1721 1777 1773 Πα-

1888 1737 2050 1776 unum
2099 1723 2275 1776 solum
2308 1721 2415 1776 dici
2456 1736 2644 1775 verum
2685 1721 2877 1786 Deum,
2909 1721 3174 1776 nimirum‘
3205 1720 3420 1776 Patrem
3451 1740 3465 1776 :

189 1825 352 1898 τέρα,
381 1823 475 1876 τὸν
500 1821 556 1874 δὲ
604 1821 729 1873 Υίδν
761 1819 857 1890 μὲν
889 1818 1040 1882 ὄντα,
1074 1817 1174 1870 οὐκ
1220 1813 1469 1886 ἀληθινὸν
1496 1812 1573 1873 δὲ,
1618 1811 1780 1864 πάλιν

195 1918 402 1986 ἑτέρως
426 1914 518 1966 τδν
541 1911 780 1966 τοιοῦτον
835 1909 1068 1979 ἐλέγχει,
1121 1906 1296 1976 λέγων
1322 1923 1334 1938 ο
1377 1903 1520 1974 Ἐγώ
1551 1905 1671 1972 ειμι
1712 1901 1779 1955 τὸ

193 2007 326 2078 φῶς
359 2005 423 2059 τὸ
443 2003 754 2072 ἀληθινὸν,
787 2001 818 2055 δ
847 1998 1072 2070 φωτίζει
1103 1998 1298 2052 πάντα
1341 1997 1658 2063 ἄνθρωπον
1688 1993 1782 2061 ἐρ-

196 2099 460 2169 χόμενον
478 2099 565 2161 είς
592 2095 698 2148 τὸν
734 2093 986 2162 κόσμον.
1027 2090 1164 2161 Περὶ
1202 2089 1258 2142 δὲ
1302 2087 1395 2141 τοῦ
1425 2086 1657 2157 Πατρὺς,
1698 2085 1780 2138 ὅτι

194 2192 332 2257 Φῶς
357 2194 389 2243 ri
415 2189 576 2256 Θεὸς,
605 2187 700 2240 καὶ
722 2186 821 2239 οὐκ
849 2180 988 2248 εἶπε,
1006 2183 1126 2246 Φῶς
1151 2181 1425 2252 ἁληθινόν’
1466 2180 1552 2232 ἵνα
1596 2181 1660 2231 ὲκ
1685 2177 1780 2231 τοῦ

193 2283 335 2337 Θεοῦ
385 2279 656 2352 ἀληθινὸν,
700 2277 794 2331 καὶ
839 2275 956 2344 φῶς
995 2273 1245 2345 ἀληθινὸν
1276 2271 1374 2342 τὴν
1401 2273 1522 2342 ίσην
1553 2269 1780 2338 Θεὸτητα

193 2373 413 2444 Ila-cpe;
438 2370 573 2442 πρὸς
601 2367 752 2436 Υίδν,
783 2367 878 2420 καὶ
903 2363 1034 2418 Υίοῦ
1065 2363 1199 2434 πρὸς
1223 2361 1446 2432 Πατέρα
1474 2360 1776 2429 νοήσωμεν.

192 2466 312 2519 Καὶ
351 2462 458 2518 ἀπὸ
499 2459 591 2515 τοῦ
628 2461 720 2513 τὸν
765 2457 984 2528 Πατέρα
1025 2455 1138 2526 φῶς
1159 2451 1335 2524 εἶναι,
1373 2451 1469 2514 καὶ
1511 2451 1605 2502 τὸν
1652 2448 1780 2502 Υίὸν

194 2549 360 2620 εἶναι,
397 2553 470 2624 μὴ
511 2549 819 2606 ἐπικεῖσθαι
871 2548 927 2602 δὲ
963 2545 1198 2600 ἐνταῦθα
1252 2542 1524 2614 ἀληθινόν.
1563 2541 1638 2594 Οὐ
1671 2539 1778 2609 γὰρ

191 2642 268 2718 ἦν
314 2647 469 2718 χρεία
520 2646 716 2707 εἰπεῖν,
750 2641 1018 2713 μηδεμιᾶς
1057 2637 1386 2709 ἀμφιϐολίας
1413 2633 1600 2705 οὔσης.
1648 2631 1782 2684 Ἀπδ

194 2739 308 2812 γὰρ
342 2736 456 2799 τοῦ,
482 2737 623 2800 Θεὸς
653 2735 745 2788 καὶ
765 2733 909 2802 φῶς,
936 2734 968 2802 ή
1027 2730 1122 2802 μία
1169 2729 1443 2796 τελειότης
1473 2727 1573 2795 τῆς
1612 2723 1781 2792 αὐτῆς

196 2829 573 2901 γνησιὸτητος,
608 2824 820 2896 Πατρδς
851 2823 988 2893 πρὸς
1040 2822 1132 2874 τὸν
1166 2820 1316 2883 Υἱὸν,
1357 2818 1451 2871 καὶ
1481 2814 1612 2869 Υἱοῦ
1645 2812 1781 2884 πρὸς

196 2923 292 2976 τὸν
331 2919 572 2990 Πατέρα,
619 2917 804 2985 σαφῶς
848 2912 1158 2982 ἀπεφάνθη.
1189 2911 1300 2963 Καὶ
1341 2905 1643 2962 διαλέλυταί
1683 2919 1775 2956 σου

197 3017 236 3086 ἠ
253 3014 401 3066 πᾶσα
425 3012 524 3080 τῆς
546 3009 751 3078 πλάνης
773 3005 1186 3078 φρενοϐλάϐεια.
1215 3003 1373 3055 Ἐστι
1401 3001 1515 3100 γὰρ
1537 3002 1564 3053 ὁ
1588 2999 1780 3104 Πατὴρ
1809 3049 1851 3104 C

197 3103 413 3176 Πατὴρ,
439 3101 624 3154 ἔστινό
650 3099 776 3162 Υἱὸς
802 3097 948 3160 Υἱὸς,
970 3095 1085 3148 ἐστι
1107 3093 1168 3146 τὸ
1192 3093 1348 3160 ἅγιον
1375 3090 1602 3160 Πνεῦμα
1631 3089 1782 3156 ἆγιον

200 3192 448 3263 Πνεῦμα,
485 3188 653 3260 Τριάς
675 3185 831 3251 οὖσα,
859 3184 958 3255 μία
978 3183 1168 3253 θεότης
1187 3222 1200 3246 ,
1231 3180 1327 3251 μία
1353 3177 1648 3245 δοξολογία,
1689 3177 1785 3247 μία

202 3285 489 3356 κυριότης·
600 3279 748 3346 δόξα,
772 3275 926 3347 τιμὴ,
961 3275 1181 3346 κράτος,
1211 3272 1387 3342 Πατρὶ
1413 3271 1470 3323 ὲν
1495 3268 1632 3338 Υίῷ,
1671 3267 1785 3338 Υίῷ

204 3381 263 3433 ὲν
291 3380 489 3449 Πατρὶ,
526 3377 622 3430 σὺν
656 3373 796 3443 ἁγίῳ
819 3368 1127 3439 Πνεῦματι,
1177 3368 1256 3432 είς
1295 3364 1498 3428 αἰῶνας
1550 3361 1782 3416 αἰώνων.

215 3472 408 3544 ’Δμήν.

274 3662 492 3734 Ταύτην
541 3662 598 3716 δὲ
641 3659 802 3714 πάλιν
852 3658 950 3730 τὴν
1001 3656 1213 3729 αἵρεσιν
1255 3653 1497 3724 ὡσπερεὶ
1535 3649 1783 3722 λύ6ην,ἢ

205 3755 490 3828 μόλουρον,
529 3752 562 3822 ἦ
608 3751 798 3816 ἔλοπα,
827 3751 859 3821 ἢ
888 3750 945 3803 ἓν
982 3765 1034 3801 τι
1075 3747 1182 3800 τῶν
1217 3743 1464 3816 ἑρπετῶν
1493 3741 1602 3794 τῶν
1626 3739 1786 3809 φοϐε-

204 3848 483 3918 ρωτάτων,
510 3845 570 3897 οὐ
612 3845 718 3915 μὴν
776 3842 830 3896 δὲ
871 3839 1182 3911 δυναμένων
1219 3835 1309 3890 διὰ
1337 3833 1629 3905 δηγμάτων
1657 3831 1785 3902 βλά-

201 3953 383 4001 πτειν,
423 3935 863 4004 ἁποσεισάμενοι,
904 3932 998 3985 καὶ
1026 3928 1253 3998 δυνάμει
1285 3926 1386 3997 τῆς
1424 3924 1587 3993 ἁγίας
1617 3923 1785 3993 Τριά-

199 4025 293 4088 δος
350 4021 890 4092 καταπεπατηκότες,
928 4020 1020 4072 ἐπὶ
1071 4017 1168 4081 τὰς
1213 4016 1339 4085 ἑξῆς
1377 4013 1779 4086 προϐαίνοντες,

202 4117 368 4170 αὐτὸν
411 4112 860 4184 ὲπικαλεσὼμεθα
907 4111 1124 4182 ἀρωγὸν
1157 4109 1254 4180 τῆς
1285 4105 1559 4178 ἡμετέρας
1593 4104 1784 4166 πενίας

200 4227 263 4263 τε
285 4208 380 4261 καὶ
406 4207 762 4278 βραχύτητος,
799 4206 878 4267 είς
907 4203 967 4256 τὸ
1002 4202 1168 4269 ἀξίως
1204 4200 1273 4253 τὰ
1306 4198 1432 4269 παρ’
1465 4196 1670 4268 ἑκάστῃ
1699 4193 1785 4246 λε-

201 4301 413 4371 γόμενά
441 4316 501 4352 τε
531 4299 624 4351 καὶ
657 4297 932 4367 γινόμενα,
975 4293 1066 4347 καὶ
1093 4293 1194 4346 τὺν
1234 4289 1438 4344 τούτων
1467 4286 1782 4358 ἀντίρρησιν

200 4389 536 4460 ποιήσασθαι
565 4387 843 4459 βοηῦῆναι.

640 4643 825 4696 ΚΑΤΑ
871 4635 1353 4702 (IPII‘ENIANQN,

204 4777 337 4832 ῑῶν
361 4775 624 4846 πρώτων,
663 4774 782 4828 τῶν
825 4774 923 4846 καὶ
949 4772 1258 4846 αἰσχρῶν,
1312 4768 1778 4846 τεσσαρακοστή

514 4848 700 4914 τρίτη,
733 4847 771 4913 ἡ
801 4845 898 4898 καὶ
934 4842 1238 4912 ἑξηκοστή
1279 4843 1468 4909 τρίτη.

273 4980 356 5033 Α’.
400 4977 683 5048 Ὠριγένιοι
710 4977 998 5032 καλοῦνταί
1026 4994 1189 5040 τινες,
1216 4977 1275 5030 οὐ
1299 4977 1465 5030 παντὶ
1496 4978 1511 5007 ¹
1543 4975 1601 5030 δὲ
1627 4975 1779 5030 τοῦτο

197 5069 263 5125 τὸ
297 5069 452 5138 γένος
507 5069 757 5140 ὑπάρχει.
802 5068 1053 5138 Καθεξῆς
1101 5067 1180 5133 δὲ,
1226 5062 1401 5137 οἶμαι,
1431 5066 1639 5120 τούτων
1674 5067 1783 5120 τῶν

197 5162 469 5230 αἱρέσεων
497 5160 591 5212 καὶ
620 5159 758 5229 αὕτη
789 5160 823 5229 ἡ
851 5159 1172 5230 δηλουμένη.
1207 5157 1514 5211 Καλοῦνται
1540 5157 1598 5210 δὲ
1635 5158 1784 5228 Ὠρι-

197 5252 377 5321 γένιοι
397 5267 410 5280 ·
459 5251 520 5304 οὐ
543 5252 684 5305 πάνυ
730 5251 787 5304 δὲ
816 5250 1000 5320 σαφῶς
1043 5250 1201 5322 ῐσμεν
1223 5250 1366 5312 τίνος
1390 5249 1572 5313 ἕνεκα,
1609 5249 1642 5320 ἢ
1671 5251 1780 5303 ἀπὸ

211 5341 526 5414 Ὠριγένους
575 5341 667 5394 τοῦ
722 5340 1100 5412 Ἀδαμαντίου,
1145 5340 1477 5411 καλουμένου
1517 5339 1618 5408 ,τοῦ
1651 5342 1784 5394 Συν-

280 5544 296 5570 ¹
331 5537 390 5594 F.
445 5539 642 5608 πάντη.

741 5539 761 5570 ³
800 5537 995 5608 Ephes.
1041 5555 1112 5602 Iv,
1147 5538 1231 5603 10;
1289 5555 1325 5596 I.
1353 5537 1442 5608 2|.
1523 5536 1544 5567 ³
1599 5537 1700 5590 Isa.
1736 5552 1881 5608 xciv.
1923 5535 1976 5590 6.

1880 1810 2075 1865 Filium
2122 1824 2249 1864 vero
2294 1824 2416 1864 esse
2463 1810 2703 1879 quidem,
2738 1825 2847 1864 non
2903 1821 3082 1864 tamen
3115 1825 3325 1875 verum,
3362 1811 3468 1864 alia

1891 1899 2038 1952 hun‘c
2069 1899 2279 1952 ratione
2306 1897 2604 1963 convincit,
2634 1897 2762 1951 dum
2797 1897 2870 1950 ita
2899 1896 3138 1966 loquitur
3167 1917 3179 1951 :
3212 1901 3324 1968 Ego
3351 1913 3469 1950 sum

1882 1989 1976 2042 lux
2021 2004 2181 2052 vera,
2235 2003 2353 2057 qua:
2374 1987 2646 2040 illuminat
2706 2003 2910 2041 omnem
2965 1987 3224 2042 hominem
3272 1989 3473 2042 uenim-

1904 2088 2004 2132 tem
2033 2079 2086 2130 in
2113 2077 2248 2130 hunc
2273 2077 2524 2130 mundum
2548 2079 2590 2131 θ.
2636 2076 2710 2132 De
2737 2076 2896 2131 Patre
2927 2094 3053 2133 vero
3082 2080 3154 2132 ita
3189 2079 3428 2149 loquitur
3453 2099 3467 2133 :

1892 2168 2032 2222 Deus
2056 2168 2148 2220 lux
2167 2176 2244 2221 est
2267 2167 2328 2219 ὀ.
2355 2165 2466 2221 Nec
2490 2167 2646 2231 dixit,
2679 2167 2792 2222 Lux
2812 2183 2961 2232 vera,
2984 2179 3042 2223 ut
3069 2186 3132 2223 ex
3156 2185 3220 2224 eo
3244 2173 3386 2240 quod
3416 2177 3472 2223 et

1884 2259 2050 2316 Deum
2077 2273 2286 2322 verum,
2317 2266 2373 2312 et
2393 2273 2572 2311 veram
2607 2257 2780 2311 lucem
2812 2260 3123 2328 appellavit,
3149 2270 3256 2313 tam
3288 2260 3468 2318 Patris

1881 2350 2217 2405 divinitatem
2261 2347 2421 2408 Filio,
2452 2347 2616 2417 520
2652 2363 2815 2418 quam
2859 2349 2978 2404 Filii
3023 2350 3468 2424 Patri'zequalem

1881 2439 2328 2510 intelligeremus.
2375 2439 2551 2509 Atque
2594 2454 2660 2492 ex
2693 2453 2758 2494 eo
2792 2440 2936 2509 quod
2981 2447 3035 2494 et
3075 2440 3238 2496 Pater
3275 2443 3387 2506 lux,
3417 2451 3473 2499 et

1882 2529 2028 2586 Deus
2052 2529 2360 2601 appellatur
2388 2529 2580 2594 Filius,
2619 2547 2796 2599 neque
2832 2532 2919 2586 hic
2944 2534 3058 2587 veri
3090 2549 3287 2590 nomen
3315 2536 3470 2605 adje-

1881 2629 2027 2675 ctum
2060 2621 2152 2684 sit,
2192 2620 2338 2692 quod
2369 2622 2587 2692 quidem
2637 2637 2864 2679 necesse
2906 2639 3014 2678 non
3067 2635 3204 2691 erat,
3232 2643 3298 2682 eo
3326 2629 3470 2698 quod

1881 2714 2028 2768 nulla
2065 2712 2205 2768 foret
2237 2714 2304 2768 de
2332 2729 2397 2768 ea
2446 2729 2506 2768 re
2548 2714 2838 2769 dubitatio.
2883 2714 2978 2770 llis
3028 2718 3172 2772 enim
3219 2719 3468 2783 vocibus,

1883 2805 1981 2859 Dei
2011 2819 2074 2859 ac
2108 2804 2264 2869 lucis,
2298 2804 2561 2876 perfecta,
2595 2805 2893 2875 eademque
2921 2808 3272 2876 germanitas,
3308 2815 3365 2862 ut
3398 2809 3470 2861 ita

1883 2896 2085 2956 dicam.
2115 2894 2296 2951 Patris
2334 2911 2457 2950 cum
2507 2893 2665 2960 Filio,
2697 2902 2752 2950 et
2800 2893 2923 2949 Filii
2961 2911 3085 2950 cum
3136 2895 3296 2971 Patre
3345 2912 3470 2967 per-

1885 2989 2072 3058 spicue
2097 2987 2425 3042 declaratur.
2463 2983 2661 3056 Sicque
2691 2987 2869 3042 omnis
2902 2994 3008 3040 tua:
3042 2985 3296 3042 falsitatis
3325 2987 3473 3054 insa-

1885 3081 1976 3134 nia
2027 3077 2313 3133 relellitur.
2352 3076 2516 3132 Pater
2547 3077 2816 3147 siquidem
2861 3076 3022 3132 Pater
3052 3087 3158 3144 est,
3201 3087 3256 3134 et
3301 3077 3474 3134 Filius

1885 3170 2078 3234 Filius,
2107 3178 2162 3223 et
2203 3169 2441 3239 Spiritus
2477 3178 2700 3224 sanctus
2753 3169 2990 3237 Spiritus
3026 3178 3272 3234 sanctus,
3297 3187 3471 3240 eaque

1885 3262 2004 3332 ipsa
2034 3260 2294 3322 Trinitas.
2331 3261 2509 3315 deitas
2539 3275 2668 3322 una,
2698 3275 2804 3313 una
2830 3261 3022 3330 gloria,
3053 3274 3269 3329 unaque
3295 3260 3472 3314 domi-

1883 3353 2054 3407 natio.
2084 3351 2183 3405 Cui
2215 3351 2409 3421 gloria,
2444 3351 2638 3414 honor,
2671 3351 2958 3420 imperium
2991 3367 3004 3402 :
3040 3349 3182 3403 Patri
3218 3350 3271 3404 in
3308 3350 3467 3415 Filio,

1883 3440 2024 3496 Filio
2051 3441 2104 3495 in
2131 3439 2292 3495 Patre
2320 3455 2444 3494 cum
2493 3449 2686 3495 sancto
2731 3441 2936 3512 Spiritu
2971 3441 3024 3495 in
3059 3441 3255 3496 saecula
3293 3457 3464 3496 saecu-

1886 3532 2084 3586 lorum.
2116 3530 2308 3585 Amen.

1958 3637 2064 3694 Sed
2115 3647 2406 3710 postquam
2457 3639 2705 3695 haeresim
2750 3641 2908 3695 istam
2959 3641 3100 3696 velut
3137 3641 3331 3712 been,
3377 3650 3471 3696 aut

1884 3729 2178 3792 molurum,
2205 3730 2318 3785 sive
2356 3729 2590 3798 elopem,
2631 3740 2724 3783 aut
2769 3732 2915 3784 aliud
2939 3732 3209 3801 quoddam
3240 3734 3472 3788 atrocis-

1885 3821 2082 3876 simum
2117 3821 2389 3890 serpentis
2421 3835 2614 3891 genus,
2641 3821 2786 3889 quod
2827 3829 3005 3875 tamen
3036 3824 3168 3876 nihil
3202 3840 3302 3878 nos
3326 3841 3471 3879 mor-

1885 3913 2040 3968 sibus
2082 3912 2199 3966 suis
2247 3911 2440 3966 Itedere
2464 3911 2659 3982 potuit,
2712 3909 3092 3974 discussimus.
3147 3928 3210 3966 ac
3265 3923 3470 3969 sancta:

1886 4001 2168 4057 Trinitatis
2198 4018 2299 4072 ope
2347 4017 2411 4057 ac
2453 4003 2658 4058 virtute
2713 4005 3086 4073 protrivimus,
3126 4005 3192 4058 ad
3228 4007 3469 4075 reliquas

1885 4095 2128 4150 oratione
2159 4105 2430 4164 promota,
2463 4095 2715 4150 eumdem
2748 4096 2900 4166 prius
2945 4095 3138 4164 inepile
3172 4106 3372 4152 nostra:
3403 4113 3469 4152 ac

1888 4186 2171 4242 tenuitatis
2195 4184 2498 4254 adiutorem
2544 4184 2712 4240 Deum
2742 4185 3057 4241 invocemus
3084 4203 3097 4251 ;
3143 4187 3301 4255 cujus
3331 4203 3471 4258 pra:-

1886 4277 2028 4334 sidio
2071 4275 2212 4343 freti,
2241 4292 2362 4347 qua:
2392 4277 2460 4332 ab
2486 4291 2810 4347 unaquaque
2837 4277 3029 4331 haeresi
3066 4277 3342 4346 dicuntur,
3373 4289 3469 4334 aut

1893 4369 2056 4433 Ilunt,
2112 4368 2274 4424 simul
2323 4383 2446 4423 cum
2493 4382 2679 4422 eorum
2731 4366 3105 4424 confulatione
3165 4384 3471 4442 proponere

1894 4475 2185 4532 possuuus.

2227 4631 2599 4690 ADVERSUS
2639 4632 3125 4702 ORIGENIANOS,

1885 4771 2096 4827 Priores
2153 4772 2241 4842 qui
2294 4780 2343 4825 et
2393 4770 3086 4844 [gedinominanj‘urtquw
3126 4781 3204 4826 est
3251 4772 3465 4828 lateres-is

2386 4839 2582 4894 XLIII
2615 4845 2720 4896 sive
2752 4841 2974 4896 LXIII.

1953 4973 1994 5029 I.
2035 4974 2290 5030 Nonnulli
2321 4984 2470 5041 sunt,
2508 4991 2646 5046 quos
2677 4973 2962 5048 Origeuios
2996 4977 3308 5048 appellant:
3343 4993 3466 5048 qua:

1882 5066 2163 5122 hominum
2196 5077 2343 5124 secta
2375 5084 2484 5123 non
2533 5084 2926 5139 usquequaque
2957 5069 3298 5133 dilluuditur,
3336 5085 3462 5140 pro-

1882 5158 2028 5213 ximo
2054 5168 2232 5214 tamen
2263 5160 2382 5215 loco
2418 5171 2539 5230 post
2573 5161 2884 5230 superiores
2910 5161 3031 5217 illas
3080 5162 3195 5218 haec
3241 5163 3467 5219 haeresis

1881 5252 2142 5306 occurrit.
2176 5251 2284 5306 Sed
2328 5268 2564 5322 quanam
2615 5253 2681 5307 de
2711 5269 2876 5309 causa
2915 5253 3466 5324 Origeuiivoceutur,

1881 5342 2122 5399 nondum
2146 5343 2305 5414 plane
2329 5345 2567 5415 comperi
2595 5358 2610 5396 :
2637 5353 2946 5401 utrumnam
2977 5348 3045 5402 ab
3065 5348 3296 5418 Origene
3323 5347 3466 5401 Ada-

2058 5541 2080 5568 ⁸
2114 5537 2282 5607 Apoc.
2309 5554 2348 5602 ι,
2384 5538 2438 5594 8.
2515 5539 2535 5570 ⁵
2579 5539 2732 5596 Deut.
2767 5558 2842 5607 vt,
2878 5540 2931 5596 ι.
3009 5541 3028 5573 ⁸
3058 5539 3231 5596 Exod.
3266 5540 3460 5604 111,13.

208 5607 228 5636 ⁷
261 5609 423 5666 Joan.
453 5625 564 5674 ιιν,
605 5605 695 5663 98.
769 5605 969 5664 'Joan.
1009 5625 1139 5676 xvu,
1182 5609 1234 5663 3.
1312 5611 1332 5642 ⁹
1363 5607 1521 5663 Joan.
1554 5624 1671 5672 ιίιι,
1707 5607 1772 5659 12

1923 5610 1976 5663 9.
2055 5607 2098 5638 ¹⁰
2128 5605 2341 5663 1³0³11.
2368 5625 2404 5675 ι,
2437 5608 2492 5664 5.
