3948 6068
479 205 618 260 1065

1891 202 1947 260 S.
1992 201 2331 263 EI’IPIIANII

3589 195 3728 253 ποθι

479 320 705 384 mantio,
728 319 823 390 qui
880 329 1243 391 cognomento
1277 322 1589 393 Syntactes,
1632 322 1736 377 hoc
1781 332 1866 378 est
1916 324 2059 408 lucu-

2166 325 2363 379 τάκτου
2394 322 2528 395 (22),
2549 322 2584 394 ἢ
2608 321 2769 378 ἁλλου
2795 321 2940 385 τινὸς
2953 317 3114 387 εἶναι,
3135 317 3333 388 ἀγνοῶ.
3359 317 3547 386 Ὅμως
3576 313 3733 372 τοῦτο

478 411 682 473 brutor,
718 418 803 465 est
838 411 1041 478 dictus,
1088 427 1155 464 an
1202 412 1272 465 alt
1305 412 1490 482 aliquo
1541 414 1751 478 altero;
1783 414 1951 484 quod,
2003 422 2062 470 ut

475 502 609 566 dixi,
647 503 861 571 penitus
892 502 1104 572 ignoro,
1136 518 1234 559 nec
1265 504 1410 558 aliud
1439 514 1633 573 prater
1653 505 1835 575 ipsum
1864 519 2055 562 nomen

476 593 685 661 accepi.

548 682 753 737 ﬂorum
780 697 909 738 vero
940 683 1165 739 hmresis
1199 684 1264 738 ad
1290 681 1587 755 Epiphanis
1627 684 1822 755 dogma
1847 684 2063 740 confor-

476 781 622 827 mata
649 773 887 836 videtur,
910 773 978 828 de
1012 789 1122 843 quo
1148 774 1203 829 in
1245 772 1631 828 Gnosticornm
1662 782 1809 829 secta
1854 788 2064 829 sermo-

476 878 599 919 nem
644 872 803 919 antea
844 863 1094 919 fecimus.
1128 864 1294 917 Iidem
1341 866 1590 919 diversos
1639 880 1702 918 ex
1741 864 1928 919 Vetere
1954 863 2063 919 No-

479 969 652 1023 voque
681 953 1028 1009 Testamento
1074 955 1242 1009 libros
1307 955 1611 1009 asciscunt.
1682 952 1913 1023 Nuptias
1969 970 2060 1009 re-

479 1047 724 1116 pudiant,
762 1063 934 1118 neque
975 1055 1154 1102 tamen
1194 1048 1448 1102 obscenis
1489 1047 1804 1101 libidinibus
1842 1047 2060 1101 modum

480 1136 649 1190 ullum
681 1136 959 1199 adhibent,
990 1137 1236 1206 adeoque
1270 1137 1417 1190 omni
1458 1151 1655 1206 genere
1702 1136 1980 1206 Spurcitiaa
2008 1144 2063 1191 et

479 1244 677 1299 corpus
709 1244 889 1294 suum,
920 1238 970 1283 et
1012 1238 1246 1283 mentem
1280 1229 1629 1295 animamque
1667 1226 2061 1281 contaminant.

479 1319 707 1385 Quidam
737 1321 881 1373 enim
923 1334 986 1374 ex
1021 1320 1087 1373 iis
1123 1318 1481 1373 monasticam
1519 1318 1684 1371 vitam
1720 1318 1900 1387 specie
1945 1318 2062 1386 ipsa

480 1410 820 1480 profitentur,
870 1410 1025 1479 521
1079 1408 1379 1479 itidemque
1432 1409 1692 1463 mulieres
1753 1407 1894 1462 idem
1940 1408 2063 1462 vitae

480 1501 785 1555 institutum
840 1500 1154 1570 praeferunt.
1207 1497 1311 1564 Qui
1365 1513 1556 1554 omnes
1607 1497 1882 1568 corruptis
1935 1505 2065 1553 sunt

478 1591 841 1661 corporibus:
878 1591 1010 1645 adeo
1050 1598 1110 1643 ut
1154 1604 1278 1643 cum
1311 1589 1591 1646 libidinem
1622 1590 1727 1662 ipsi
1768 1605 1924 1647 suam
1967 1606 2064 1647 ex-

2161 417 2220 469 τὸ
2244 416 2415 486 ὄνομα
2441 412 2868 484 κατειλήφαμιν.

2241 685 2307 736 Ἦ
2359 682 2569 753 αἵρεσις
2612 681 2672 735 δέ
2727 681 2858 752 παρ’
2889 682 3073 743 αὐτοῖς
3111 676 3507 750 νομιστεύεται,
3536 674 3732 748 χῶσπερ

2161 773 2570 845 ἁπεικαζομένη
2610 776 2678 844 τῇ
2709 772 2803 827 τοῦ
2845 771 3194 841 Ἐπιφάνους,
3218 769 3332 824 ἁνω
3356 784 3448 839 μοι
3473 764 3730 838 προδεδη-

2162 863 2405 934 λωμένου
2457 866 2515 917 ἐν
2556 866 2677 927 ταῖς
2717 862 2856 918 κατὰ
2910 863 3039 925 τοὺς
3089 860 3428 923 Γνωστικοὺς
3467 856 3730 928 αἱρέσεσι.

2163 955 2382 1025 Γραφὰς
2427 955 2487 1008 δὲ
2536 948 2681 1008 οῦτοι
2726 952 3155 1022 ἀναγινώσκουσι
3198 951 3486 1021 διαφόρους
3531 946 3733 1014 Καινῆς

2164 1046 2258 1099 καὶ
2293 1046 2539 1109 Παλαιᾶς
2588 1044 2885 1118 Διαθήκης.
2924 1044 3197 1099 ’Δθετοῦσι
3224 1042 3281 1096 δέ
3310 1042 3511 1112 γάμον,
3541 1037 3639 1091 καὶ
3673 1038 3734 1089 ού

2164 1136 2395 1190 παύεται
2428 1136 2522 1190 ἀπ’
2545 1136 2726 1190 αὐτῶν
2763 1138 2797 1207 ἡ
2832 1136 3077 1205 λαγνεία.
3125 1131 3501 1189 Μολύνουσιδέ
3527 1125 3734 1183 ἑαυτῶν

2161 1226 2223 1280 τὸ
2258 1225 2438 1298 σῶμα,
2466 1226 2561 1280 καὶ
2593 1226 2684 1279 τὸν
2719 1224 2865 1290 νοῦν,
2907 1226 3003 1279 καὶ
3028 1224 3128 1296 τὴν
3163 1222 3341 1292 ψυχὴν
3373 1221 3432 1272 ἐν
3457 1213 3732 1286 ἀσελγείᾳ.

2164 1319 2227 1371 Ol
2269 1319 2366 1389 μὲν
2400 1318 2510 1389 γὰρ
2556 1319 2661 1371 είσι
2710 1316 3059 1389 προσχήματι
3082 1314 3439 1385 μοναζόντων,
3475 1310 3614 1364 αίδέ
3642 1310 3734 1361 σὺν

2163 1410 2345 1473 αὐτοῖς
2392 1406 2547 1463 οὖσαι
2581 1409 2929 1479 προσχήματι
2963 1405 3329 1477 μοναζουσῶν.
3376 1400 3735 1472 Ἐφθαρμένοι

2162 1499 2218 1553 δέ
2244 1502 2350 1552 είσι
2375 1503 2487 1564 τοῖς
2515 1500 2749 1571 σώμασι,
2782 1499 2880 1570 τὴν
2918 1498 3018 1569 μὲν
3046 1495 3338 1566 ἐπιθυμίαν
3363 1492 3542 1547 αὐτῶν
3585 1493 3737 1543 ἐκτε·

2162 1587 2410 1656 λοῦντες,
2447 1588 2525 1660 τῷ
2561 1589 2617 1642 δέ
2671 1588 2831 1661 ἔργῳ⁵
2875 1584 3223 1658 κεχρημένοι,
3272 1584 3359 1645 ἵνα
3413 1580 3737 1652 σεμνότερον

480 1686 681 1755 pleant,
732 1683 964 1747 facinus,
1013 1689 1072 1736 ut
1118 1682 1402 1736 honestius
1444 1683 1645 1767 dicam,
1696 1683 1827 1739 illud
1871 1699 2059 1754 perpe-

2166 1682 2321 1747 εἴπω,
2343 1680 2439 1734 τοῦ
2487 1679 2617 1734 Υἱοῦ
2670 1679 2765 1732 τοῦ
2811 1678 2978 1733 Ἰούδα
3022 1677 3116 1730 τοῦ
3157 1676 3331 1730 Δύνᾶν
3380 1671 3734 1742 καλουμένου.

480 1785 644 1841 trent,
679 1776 823 1846 quod
866 1773 1019 1829 ludar
1060 1774 1202 1828 filius
1246 1773 1401 1828 Onan
1451 1774 1740 1831 admisisse
1788 1776 1988 1847 legitur
2021 1777 2064 1834 ⁸.

486 1866 623 1922 Nam
662 1876 721 1922 ut
751 1868 853 1922 iste
883 1881 1005 1920 cum
1055 1864 1324 1919 Thamare
1359 1864 1560 1930 coibat,
1595 1881 1660 1920 ac
1699 1866 1908 1922 libidini
1953 1883 2068 1923 suae

481 1958 874 2018 satisfaciebat,
923 1971 1099 2027 neque
1150 1955 1448 2027 quidquam
1483 1966 1662 2012 tamen
1698 1958 1764 2012 ad
1796 1973 2065 2030 propaga-

482 2052 681 2105 tionem
725 2049 949 2112 sobolis,
1000 2048 1310 2118 cujusmodi
1353 2048 1672 2105 hominibus
1714 2065 1747 2105 e
1785 2049 1896 2105 Deo
1929 2065 2066 2105 con-

481 2157 636 2199 cessa
664 2152 769 2203 est.
799 2142 1097 2205 elliciebat;
1151 2142 1260 2194 imo
1283 2155 1413 2195 vero
1452 2140 1556 2195 sibi
1603 2155 1669 2194 eo
1711 2139 1831 2209 ipso
1878 2141 2066 2208 modo,

480 2249 589 2305 quo
610 2233 873 2303 flagitium
907 2232 1036 2285 illud
1066 2231 1335 2302 patrabat,
1362 2230 1743 2285 consciscebat
1771 2231 2026 2301 injuriam
2051 2248 2064 2285 :

481 2324 564 2379 sic
591 2323 901 2394 Origeniani
939 2323 992 2376 in
1020 2322 1340 2377 detestanda
1384 2322 1475 2376 illa
1522 2336 1622 2377 sua
1658 2322 1882 2379 libidine
1918 2337 2068 2378 com-

481 2413 766 2478 mittenda,
818 2415 1076 2469 usitatam
1128 2429 1383 2469 venerem
1429 2414 1682 2484 persequi
1727 2414 1924 2470 solent.
1947 2412 2066 2468 Non

478 2510 623 2564 enim
683 2510 759 2563 illi
800 2510 1127 2572 castitatem,
1173 2508 1267 2563 sed
1314 2507 1588 2564 castitatis
1631 2508 2060 2570 simulationem,

480 2598 571 2653 cui
621 2597 759 2653 falso
804 2613 1001 2652 nomen
1057 2595 1191 2650 illud
1248 2596 1540 2659 tribuitur,
1588 2611 1699 2665 pra:
1743 2611 1802 2652 se
1859 2594 2063 2651 ferunt.

480 2686 612 2755 Quae
640 2688 693 2743 id
735 2688 968 2750 affectat,
1018 2695 1097 2749 ut,
1149 2702 1269 2756 qua:
1315 2694 1671 2755 constuprata
1718 2687 1791 2740 sit
1846 2685 2064 2752 mulier,

481 2793 770 2850 pregnans
807 2793 916 2831 non
970 2777 1081 2841 llat,
1136 2783 1231 2829 aut
1281 2790 1352 2831 ne
1401 2775 1545 2830 fetus
1603 2774 1809 2845 aliquid
1863 2774 2065 2843 pariat,

482 2884 617 2924 neve
654 2869 706 2922 id
748 2869 995 2922 homines
1052 2866 1390 2929 resciscant;
1440 2866 1581 2933 apud
1634 2881 1773 2935 quos
1821 2879 1922 2919 suo
1972 2864 2067 2919 illo

480 2959 839 3023 castimonia,
891 2967 949 3012 ut
997 2964 1213 3027 putant,
1268 2956 1521 3011 instituto
1571 2955 1627 3010 in
1675 2957 1849 3027 pretio
1900 2965 2065 3026 atque

480 3021 892 3105 existimatione
913 3021 1037 3103 esse
1077 3046 1327 3117 cupiunt.
1356 3047 1533 3116 Atque
1566 3021 2062 3106 hoc—nihilominus
2090 3021 2134 3078 δ

481 3154 621 3210 opus
651 3138 867 3192 illorum
897 3145 982 3193 est
1018 3152 1082 3191 ac
1121 3136 1356 3192 facinus.
1389 3135 1495 3192 Sed
1534 3138 1625 3191 alii
1665 3146 1877 3208 turpem
1912 3140 2060 3196 illam

484 3228 919 3297 ﬂagitiosamque
948 3242 1060 3281 rem
1090 3226 1197 3280 alia
1236 3227 1466 3291 ratione,
1499 3242 1660 3297 quam
1703 3243 1828 3281 cum
1869 3231 2063 3286 mulie-

482 3320 655 3382 ribus,
680 3324 967 3383 exercent;
1003 3331 1067 3372 ac
1095 3317 1210 3372 suis
1244 3316 1347 3387 ipsi
1377 3318 1629 3372 manibus
1660 3318 1727 3371 ad
1760 3318 2057 3376 fmditatem

480 3413 803 3465 abutuntur.
843 3410 956 3463 Nec
1004 3409 1187 3462 minus
1245 3408 1334 3461 isti
1379 3405 1552 3469 Judte,
1596 3422 1756 3479 quem
1799 3409 2057 3475 diximus,

481 3501 764 3561 imitantur
807 3500 1016 3563 lilium;
1064 3497 1193 3551 dum
1241 3496 1466 3550 nefariis
1505 3498 1620 3551 suis
1655 3498 1977 3565 sceleribus,
2006 3509 2062 3557 et

479 3590 829 3646 abominandi
881 3588 1128 3643 humoris
1171 3586 1537 3643 destillatione
1577 3597 1777 3643 terram
1814 3605 2060 3646 comma-

2175 1774 2263 1837 Ὦς
2279 1773 2388 1843 γὰρ
2413 1774 2615 1835 ἐκεῖνος
2634 1771 2711 1842 τῷ
2740 1770 2952 1842 σώματι
2981 1770 3081 1841 μὲν
3106 1771 3173 1839 τῇ
3196 1767 3391 1836 Θάμαρ
3420 1766 3736 1835 συνήπτετο,

2164 1866 2258 1918 καὶ
2283 1865 2381 1936 τὴν
2408 1864 2705 1934 ἐπιθυμίαν
2742 1862 2995 1928 ἑξετέλει,
3032 1862 3112 1924 είς
3149 1857 3451 1926 καταϐολὴν
3508 1856 3567 1909 δὲ
3616 1872 3739 1908 παι-

2163 1956 2403 2020 δοποιίας
2454 1954 2595 2010 κατὰ
2647 1954 2747 2026 τὴν
2795 1954 2902 2008 ὑπὸ
2932 1951 3065 2005 Θεοῦ
3097 1950 3339 2005 δοθεῖσαν
3395 1946 3738 2000 παιδοποιίαν

2164 2046 2277 2105 ούκ,
2314 2044 2733 2116 ἐτελεσιούργει,
2779 2042 2914 2097 ἀλλὰ
2946 2041 3137 2095 ἑαυτὸν
3169 2040 3365 2110 ἠδίκει,
3679 2035 3737 2089 τὸ

2167 2137 2402 2208 πονηρὸν
2430 2134 2715 2207 εἰργάζετο
2738 2151 2752 2166 ·
2804 2132 2947 2188 οὕτω
2986 2133 3082 2186 καὶ
3111 2124 3255 2185 οὗτοι
3292 2129 3593 2200 κέχρηνται
3643 2127 3737 2197 μὲν

2164 2231 2285 2292 ταῖς
2332 2226 2735 2299 νομιζομέναις,
2788 2224 3067 2287 τελοῦντες
3116 2221 3320 2292 ταύτην
3343 2220 3442 2292 τὴν
3486 2218 3737 2290 ἀθέμιτον

2166 2319 2449 2390 ἐργασίαν.
2512 2317 2939 2390 Πεφιλοτίμηται
2999 2314 3289 2387 γὰρηπαρ’
3342 2308 3529 2375 αὐτοῖς
3570 2312 3670 2381 οὐχ
3702 2310 3736 2378 ἠ

2168 2410 2381 2478 ἁγνεία,
2410 2408 2525 2464 ἁλλ’
2559 2408 2885 2481 ύποκριτικὴ
2943 2407 3041 2477 μέν
3069 2405 3259 2474 ἁγνεία
3291 2403 3369 2475 τῷ
3394 2403 3620 2472 ὀνόματι
3642 2417 3738 2453 κα-

2166 2503 2424 2575 λουμένη,
2443 2503 2790 2575 φιλοτίμησις
2807 2501 2865 2555 δέ
2891 2500 2995 2564 ἕως
3021 2499 3115 2553 τοῦ
3145 2498 3219 2570 μὴ
3247 2497 3618 2568 ἑγκυμονῆσαι
3642 2496 3737 2564 τὴν

2168 2596 2274 2649 ὑπὸ
2303 2595 2397 2649 τοῦ
2436 2593 2721 2658 δοκοῦντος
2764 2596 2785 2625 ⁸
2836 2590 3102 2663 ἐφθάρθαι
3143 2591 3377 2658 γυναῖκα
3401 2606 3414 2619 ·
3462 2586 3498 2657 ἢ
3538 2587 3627 2639 ἴνα
3664 2584 3739 2655 μὴ

2168 2688 2489 2760 φωραθῶσιν
2513 2687 2617 2740 ὑπὸ
2653 2683 2970 2757 ἀνθρώπων,
2995 2682 3307 2754 βουλόμενοι
3350 2682 3409 2734 ἐν
3439 2681 3575 2749 τιμῇ
3606 2673 3740 2731 εἶναι

2165 2779 2254 2833 διὰ
2280 2779 2375 2850 τὴν
2401 2779 2763 2850 νομιζομένην
2808 2776 2934 2849 παρ’
2983 2776 3170 2838 αὐτοῖς
3197 2774 3291 2845 τῆς
3320 2771 3542 2841 ἁγνείας
3566 2771 3743 2839 ἄσκη-

2168 2884 2251 2920 σιν
2270 2886 2282 2900 ·
2312 2868 2460 2937 ὅμως
2482 2866 2639 2919 τοῦτο
2663 2866 2841 2919 αὐτῶν
2874 2868 2989 2918 ἐστι
3020 2863 3084 2917 τὸ
3118 2863 3289 2934 ἔργον,
3321 2860 3495 2931 ἕτεροι
3514 2859 3573 2912 δὲ
3606 2857 3745 2912 αύτδ

2166 2957 2321 3012 τοῦτο
2346 2957 2750 3027 φιλοτιμοῦνται
2791 2956 2854 3010 τὸ
2903 2955 3144 3027 μυσαρὸν
3171 2951 3449 3015 ἐπιτελεῖν,
3492 2949 3621 3020 οὐχὶ
3648 2949 3744 3002 διὰ

2163 3049 2455 3119 γυναικῶν,
2480 3048 2616 3103 ἀλλὰ
2643 3049 2739 3101 καὶ
2781 3046 2959 3110 ἄλλοις
2989 3048 3233 3118 τρόποις,
3267 3042 3422 3104 ἰδίαις
3448 3040 3612 3112 χερσὶ
3646 3055 3744 3110 με.

2164 3138 2464 3209 λυνόμενοι.
2488 3138 2596 3190 Καὶ
2619 3137 2878 3201 ὡσαύτως
2910 3134 3202 3208 μιμοῦνται
3229 3136 3317 3188 τὸν
3346 3130 3742 3207 προειρημένον

2166 3229 2282 3283 υίδν
2302 3229 2395 3282 τοῦ
2434 3228 2619 3293 Ἰούδα,
2646 3228 2744 3300 τὴν
2770 3229 2873 3300 γῆν
2909 3230 3026 3291 ταῖς
3055 3227 3334 3298 ἀθεμίτοις
3360 3223 3544 3277 αὐτῶν
3573 3225 3738 3295 ἐργα-

2167 3320 2309 3384 σίαις
2328 3321 2421 3374 καὶ
2444 3324 2711 3392 μυσαραῖς
2735 3320 2991 3389 σταγόσιν
3013 3318 3450 3391 ἐπιμολύνοντες,
3472 3317 3568 3371 καὶ
3586 3315 3740 3370 ποσὶν

2165 3414 2371 3466 ἑαυτῶν
2397 3413 2582 3486 ῥύσεις
2628 3411 2887 3485 [ἑαυτῶν]
2911 3412 3290 3483 ἁνατρίϐοντες
3313 3412 3373 3463 ἐν
3403 3412 3469 3480 τῇ
3513 3411 3585 3480 γῇ
3610 3424 3630 3441 ο
3656 3408 3740 3462 ῖνα

2169 3505 2243 3575 μὴ
2276 3504 2569 3575 ἁρπαγῶσι
2607 3504 2677 3558 τὰ
2720 3504 2928 3559 ἑαυτῶν
2959 3503 3250 3575 σπέρματα
3278 3502 3387 3555 ὑπὸ
3417 3500 3739 3571 ἀκαθάρτων

2167 3595 2512 3667 πνευμάτων,
2539 3596 2619 3660 εἰς
2639 3594 2903 3665 ὑποδοχὴν
2930 3595 3374 3666 ἑγκυμονήσεως.

478 3678 698 3745 culant;
735 3678 844 3732 imo
898 3693 1027 3733 vero
1075 3675 1396 3747 profluvium
1453 3678 1580 3733 illud
1630 3694 1791 3733 suum
1836 3679 1890 3734 in
1937 3683 2056 3737 solo
2083 3684 2312 3753 pedibus
2349 3692 2645 3747 exterunt;
2684 3700 2753 3741 ne
2786 3684 3103 3755 subreptum
3170 3685 3239 3739 ab
3307 3683 3543 3753 impuris
3580 3681 3740 3753 spiri-

480 3772 625 3827 tibus
656 3770 722 3824 ad
750 3771 913 3824 ullam
949 3768 1089 3823 fetus
1120 3771 1550 3840 procreationem
1582 3772 1753 3840 possit
1786 3772 1985 3841 excipi.

551 3862 616 3917 ll.
648 3864 923 3917 Caeterum
948 3862 1129 3915 varios
1158 3901 1172 3924 ,
1206 3860 1284 3914 uti
1338 3859 1474 3924 dixi,
1508 3867 1616 3915 tam
1648 3860 1857 3919 Veteris
1892 3879 2056 3934 quam

2220 3858 2295 3912 B‘.
2317 3859 2627 3931 Κέχρηνται
2649 3858 2726 3924 δὲ,
2750 3857 2826 3921 ὡς
2848 3855 3005 3927 ἔφην,
3031 3856 3312 3928 διαφόροις
3332 3861 3601 3930 γραφαῖς,
3623 3859 3735 3912 Πα-

478 3951 615 4008 Novi
640 3950 976 4008 Tcstamenti
1010 3952 1181 4005 libros
1224 3950 1525 4017 adhibent;
1564 3967 1662 4005 nec
1700 3969 1809 4007 non
1840 3962 1893 4008 et
1927 3969 2059 4026 apo-

2166 3952 2306 4013 ιαιᾶς
2327 3951 2421 4003 καὶ
2443 3951 2651 4021 Καινῆς
2676 3949 2971 4021 Διαθήκης,
2995 3948 3089 4001 καὶ
3110 3949 3454 4021 ἁποκρύφοις
3473 3951 3608 4013 τισὶ,
3634 3952 3734 4021 μά-

479 4047 717 4116 cryphos
745 4044 1036 4115 quosdam,
1066 4043 1215 4097 velut
1243 4041 1491 4104 Andrem,
1524 4051 1577 4097 ct
1604 4044 1833 4097 aliorum
1862 4046 2054 4101 Actus.

2166 4057 2302 4096 αστα
2322 4042 2440 4103 ταῖς
2462 4040 2783 4111 λεγομέναις
2806 4040 3074 4113 Πράξεσιν
3109 4040 3356 4112 Ἀνδρέου
3383 4041 3478 4093 καὶ
3507 4039 3622 4093 τῶν
3643 4040 3733 4095 ἁλ-

481 4137 646 4192 lidem
678 4143 733 4190 et
772 4135 838 4191 de
888 4135 1093 4189 incesta
1146 4133 1238 4187 illa
1292 4149 1393 4189 sua
1433 4149 1633 4188 venere
1677 4135 1852 4203 palam
1888 4136 2053 4189 etiam

2166 4151 2272 4188 κων.
2310 4131 2450 4202 Ἤδη
2472 4129 2527 4185 δέ
2557 4132 2800 4185 κάκεῖνοι
2835 4133 2991 4186 αὐτοὶ
3030 4132 3408 4202 ἐκαυχήσαντο
3444 4131 3729 4194 πολλάκις,

480 4230 701 4301 gloriari
756 4244 865 4282 non
921 4226 1213 4291 dubitant;
1251 4240 1305 4279 et
1351 4239 1472 4278 eam
1528 4224 1786 4278 audacter
1824 4240 1887 4278 ac
1935 4225 2056 4279 sine

2166 4224 2219 4289 lt;
2245 4223 2821 4295 πεπαρρησιασμένως
2842 4223 3002 4277 τοῦτο
3027 4222 3316 4277 ἐπιτελεῖν.
3345 4221 3732 4293 Κατηγοροῦσι

482 4289 593 4371 ullo
648 4315 854 4385 pudore
895 4289 1230 4384 perpetrant.
1293 4312 1511 4367 Interim
1568 4327 1697 4367 vero
1755 4313 2057 4368 catholicos

2166 4314 2197 4369 ἰέ
2216 4314 2376 4386 δῆθεν
2519 4314 2577 4366 ἐν
2598 4289 2664 4385 τῇ
2681 4313 2981 4386 Ἐκκλησία
2995 4312 3095 4377 τὰς
3108 4314 3418 4382 ἀταπητὰς
3431 4289 3735 4384 λεγομένας

483 4406 604 4458 illos
635 4404 865 4457 clericos
899 4410 1195 4466 accusant,
1235 4402 1328 4471 qui
1376 4403 1631 4469 dilectas,
1662 4417 1800 4472 quas
1839 4412 2054 4465 vocant,

480 4506 532 4551 ct
561 4492 957 4548 contubernales
995 4492 1224 4549 feminas
1268 4494 1585 4548 asciscunt:
1626 4508 1765 4564 quos
1803 4504 2059 4548 asserunt

479 4587 789 4641 clanculum
823 4583 971 4639 ἱειυά
1003 4585 1181 4654 ipsum
1218 4593 1439 4654 propter
1475 4586 1755 4640 hominum
1796 4587 2055 4655 pudorem

478 4678 853 4739 committere,
911 4682 968 4729 ut
1017 4683 1069 4729 et
1109 4689 1232 4729 cum
1274 4677 1517 4745 nequitia
1558 4677 1647 4730 illa
1681 4677 2054 4744 sepeliantur;

477 4776 531 4823 ct
564 4768 743 4838 specie
773 4778 955 4829 tenus,
1010 4766 1082 4821 ob
1113 4766 1343 4820 aliorum
1372 4766 1758 4822 verecundiam
1787 4806 1802 4830 ,
1835 4770 2053 4823 castita-

478 4862 549 4917 tis
582 4861 802 4916 nomine
840 4861 1161 4931 gloricntur.
1197 4862 1274 4914 Ac
1327 4859 1577 4914 nonnulli
1634 4876 1702 4915 ex
1752 4860 1820 4917 iis
1870 4873 2052 4918 certos

479 4953 759 5016 homines,
797 4953 887 5022 qui
919 4953 1029 5023 jam
1071 4953 1179 5006 vita
1215 4952 1382 5006 functi
1417 4961 1545 5006 sunt
1572 4990 1587 5013 ,
1623 4950 1692 5005 ad
1726 4966 1812 5006 me
1852 4953 2054 5008 detule-

474 5056 643 5110 runt;
679 5060 710 5098 a
757 5046 958 5115 quibus
989 5045 1344 5099 commissum
1394 5042 1498 5096 hoc
1544 5040 1733 5111 flagitii
1770 5057 1943 5112 genus
1971 5042 2056 5097 af-

477 5132 789 5197 firmarent,
826 5136 989 5205 idque
1018 5151 1077 5189 se
1108 5136 1177 5189 ab
1220 5134 1353 5204 ipsis
1374 5176 1388 5198 ,
1421 5146 1559 5202 quas
1586 5131 1665 5185 illi
1711 5147 2058 5203 compresse-

475 5233 627 5287 rant,
678 5227 1014 5281 mulierculis
1047 5226 1345 5296 accepisse.
1383 5226 1528 5280 Inter
1576 5239 1715 5295 quos
1759 5226 2051 5296 quemdam

549 5377 715 5434 ‘Gen.
738 5396 963 5443 xxxvnl,
984 5381 1037 5435 9.
1114 5384 1132 5413 ’
1159 5380 1217 5435 F.
1241 5382 1299 5435 ού
1317 5382 1595 5438 δοκοῦσαν.

2156 4404 2595 4473 συνεισάκτους
2624 4409 2887 4475 γυναῖκας
2919 4409 3291 4480 κεκτημένων,
3320 4407 3396 4470 ὡς
3426 4407 3527 4460 καὶ
3556 4406 3737 4460 αὐτῶν

2154 4496 2314 4551 τοῦτο
2346 4498 2737 4555 ἐπιτελούντων
2782 4499 2969 4571 κρυφῆ
3012 4500 3101 4554 διὰ
3144 4500 3242 4572 τὴν
3280 4498 3389 4553 τῶν
3428 4499 3739 4570 ἀνθρώπων

2158 4589 2321 4643 αἰδῶ·
2355 4591 2443 4645 ἵνα
2479 4592 2577 4662 μὲν
2601 4595 2666 4663 τῇ
2701 4593 2930 4665 πονηρίᾳ
2955 4592 3388 4655 συνθάπτωνται,
3421 4590 3579 4663 τῷδέ
3609 4608 3742 4662 προ-

2160 4683 2401 4753 σχήματι
2423 4683 2531 4736 τῶν
2558 4684 2859 4757 ἀνθρώπων
2880 4686 3044 4741 ἕνεκα
3060 4687 3122 4740 τὸ
3144 4686 3314 4756 ὄνομα
3340 4684 3738 4755 σεμνύνωνται.

2159 4773 2519 4843 Διελέχθησαν
2559 4775 2615 4828 δὲ
2657 4778 2789 4847 ἡμῖν
2823 4778 2917 4831 καί
2948 4795 3092 4841 τινες
3125 4776 3438 4848 περίκτινων
3483 4774 3747 4841 τελευτη-

2161 4868 2389 4929 σάντων,
2422 4869 2514 4921 καὶ
2538 4868 2697 4939 δῆθεν
2729 4870 2806 4933 ὼς
2840 4871 3005 4923 τινῶν
3037 4869 3194 4924 τοῦτο
3221 4866 3643 4935 ἐπιτελούντων,
3667 4865 3742 4928 ὡς

2159 4959 2265 5011 ύπδ
2284 4960 2392 5013 τῶν
2415 4959 2787 5037 βεϐιασμένων
2809 4963 2901 5015 ὑπ’
2915 4962 3095 5016 αὐτῶν
3118 4960 3392 5032 γυναικῶν
3412 4959 3740 5031 ἀκηκοότες

2159 5050 2216 5102 ἐν
2269 5044 2351 5113 οἷς
2401 5052 2498 5105 καὶ
2533 5053 2703 5124 ὄνομα
2732 5054 3030 5108 ἐπισκόπου
3075 5056 3153 5117 εἰς
3199 5053 3362 5123 μέσον
3394 5052 3613 5123 ἔφερον.
3654 5049 3743 5103 Ἔν

2162 5139 2315 5193 πόλει
2352 5144 2525 5213 μικρᾷ
2578 5145 2679 5213 τῆς
2731 5143 3100 5214 Παλαιστίνης
3150 5141 3241 5195 τὸν
3287 5140 3388 5195 τοῦ
3439 5141 3742 5195 ἐπισκότωυ
3834 5134 3847 5143 ’

2158 5229 2357 5303 κλῆρον
2385 5234 2477 5285 ἐπὶ
2515 5234 2716 5298 ἱκανοῖς
2747 5234 2891 5287 ἔτεσι
2923 5234 3319 5305 διοικήσαντος,
3359 5233 3662 5304 ἐσχηκότος
3684 5228 3743 5283 δὲ

544 5534 653 5606 (Ξέ)
699 5534 1087 5615 Καῖουιιένριυ
1130 5535 1256 5615 τοῦ
1299 5537 1664 5615 ξυιοζάκτου.
1713 5538 1935 5599 Hieron.
1993 5540 2050 5595 In

2166 5543 2201 5614 γ’.
2265 5544 2421 5615 Apol.
2473 5543 2549 5598 l:
2593 5542 2700 5599 Pro
2728 5542 3022 5597 eruditione
3077 5556 3181 5610 qua
3237 5537 3428 5607 polles,
3471 5543 3523 5590 et
3570 5529 3729 5598 Early-

472 5618 555 5664 tus
588 5609 893 5674 συντάκτης
926 5606 979 5659 in
1012 5605 1293 5660 Occidente
1325 5607 1584 5663 laudaris.
