3840 6062
122 223 244 280 1065

774 162 2708 271 ADVERSUSILeuESESIJa.u.rou.L.—1n£aes.Lxut

3136 146 3153 155 ’
3205 193 3345 253 ιυεο

119 340 356 403 τοιαύτας
380 336 643 406 γυναῖκας
686 304 1194 408 ἐξυπηρετουμένας
1228 328 1399 401 αὐτῷ,
1436 328 1577 399 φημὶ
1610 326 1667 380 δὲ

1813 323 2087 395 piscopum
2128 319 2525 383 nominabant,
2557 315 2653 388 qui
2706 315 2759 368 in
2811 313 3007 383 exiguo
3042 311 3348 370 Palaestinae

118 403 508 492 συνεισάκτους.
550 427 710 482 Ἀλλὰ
741 403 927 490 καὶ-ἐξ
957 403 1305 496 ὁμολογητῶν
1324 420 1415 474 τὸν
1439 416 1677 473 τοιοῦτον

1815 413 1979 486 ppido
2017 412 2206 469 multis
2254 410 2414 465 annis
2468 408 2725 464 Ecclesiae
2778 403 3023 475 praefuit,
3081 403 3243 475 522
3295 413 3352 459 et

118 524 236 577 δντα
281 518 520 589 οἴδαμεν.
555 519 744 588 Ὅμως
784 520 896 581 τοῖς
944 514 1187 586 είρηκόσι
1237 511 1396 566 τοῦτο
1442 510 1534 564 καὶ
1570 508 1680 563 άπὸ

1813 504 2198 561 ontubernales
2231 500 2543 558 istiusmodi
2597 499 2827 556 feminas
2879 498 2944 553 ad
2989 498 3350 554 domesticum

120 617 217 667 τῶν
248 607 519 679 γυναικῶν
551 607 847 679 ἀκηκοέναι
885 604 1184 675 φάσκουσιν
1210 602 1272 655 οὐ
1315 598 1681 654 πεπιστεύκα-

1780 595 2146 651 ministerium
2178 593 2369 648 habuit
2390 610 2404 625 ο
2445 606 2606 662 quem
2640 605 2741 647 nos
2765 589 2929 645 etiam
2966 605 3032 645 ex
3078 587 3356 646 confesso-

118 721 233 774 μεν.
259 671 331 754 ’Ἠ
361 697 473 770 γὰρ
497 671 711 768 ἀνάγκη
740 697 839 767 τῆς
861 671 971 750 των
998 693 1296 765 εἰρηκότων
1318 687 1682 761 κακοτροπίας

1813 701 1903 740 um
1932 699 2161 741 numero
2189 683 2363 739 fuisse
2395 683 2623 739 scimus.
2645 680 2750 737 Sed
2781 681 2869 743 iis,
2901 681 2995 751 qui
3024 671 3184 737 de‘eo
3205 680 3355 737 istud

119 790 410 846 ὑπέϐαλλεν
442 791 575 860 ἡμῖν
604 788 734 847 ποτέ
760 787 864 858 ’μὲν
904 784 1199 848 πιστεύειν,
1227 782 1356 836 ¹’τοτὲ
1389 781 1447 835 δὲ
1489 780 1564 851 μὴ
1594 796 1684 832 πι-

118 881 346 943 στεύειν.
389 881 481 944 ἐπὶ
521 879 619 951 την
665 877 757 932 τοῦ
804 875 1203 950 προειρημένου
1264 874 1518 946 γέροντος
1560 873 1682 925 ἐπι-

119 973 315 1028 σκόπου
370 972 508 1042 μετὰ
555 971 654 1041 τὴν
696 968 860 1024 αὑτοῦ
906 968 1160 1038 τελευτὴν
1205 963 1575 1035 κακοφημίαν.
1618 962 1685 1014 Ἡ

119 1064 224 1134 γὰρ
251 1063 399 1115 αίτία
426 1064 459 1133 ἡ
493 1062 572 1125 είς
598 1059 759 1114 αὐτὸν
788 1059 1042 1130 φθάσασα
1084 1056 1308 1128 τοιαύτη
1335 1072 1418 1118 τις
1443 1054 1680 1123 γέγονεν·

131 1154 299 1207 Ἑάλω
331 1170 414 1216 τις
441 1152 680 1215 τοιοῦτος
710 1150 805 1205 ἐπὶ
852 1150 1092 1222 ἁμαρτίᾳ
1137 1147 1413 1219 γυναικός.
1461 1145 1573 1199 Καὶ
1610 1144 1687 1207 ὡς

120 1245 372 1316 ἠλέγχετο
422 1243 511 1312 ὑφ’
552 1241 731 1314 ἡμῶν,
775 1241 1069 1310 ἀπολογίαν
1116 1238 1317 1310 ταύτην
1360 1236 1574 1309 ἔφερεν,
1611 1235 1686 1298 ὡς

120 1337 216 1407 τῆς
246 1334 657 1407 συμφθαρείσης
686 1333 833 1404 αὐτῷ
863 1332 1139 1402 γυναικὸς,
1185 1330 1425 1398 καίτοιγε
1455 1327 1555 1399 ἤδη
1593 1344 1689 1380 πε-

121 1426 505 1499 παλαιωμένης
547 1426 637 1480 τὸν
677 1425 866 1497 χρόνον
888 1466 901 1489 ,
961 1425 1055 1478 καὶ
1106 1424 1164 1476 ἐν
1215 1422 1399 1495 ἡλικία
1444 1419 1690 1503 γηραλέα

120 1518 490 1590 ὑπαρχούσης,
534 1514 793 1586 εἰπούσης
831 1515 982 1586 αὐτῷ
1026 1514 1124 1587 τὴν
1167 1514 1267 1583 τῆς
1313 1510 1691 1583 κακοπραγίας

121 1610 380 1680 ἐργασίαν
404 1627 420 1642 ο
453 1608 529 1672 ὡς
569 1606 803 1679 χρῆσθαι
849 1608 945 1678 μὲν
992 1605 1155 1660 αὑτὸν
1206 1605 1509 1669 ἐδίδασκεν,
1558 1601 1691 1667 ἔξω·

1785 775 2138 840 afﬁrmarent,
2178 782 2233 831 et
2286 775 2352 829 de
2383 773 2723 850 mulierculis
2755 774 2891 843 ipsis
2922 773 3245 844 cognovisse
3273 772 3355 827 di-

1784 875 1994 931 cerent,
2030 866 2186 922 ﬁdem
2218 866 2422 920 nullam
2456 864 2817 920 adhibendam
2852 864 3185 934 putavimus.
3218 858 3355 918 Nam

1785 971 1975 1012 eorum
2009 955 2105 1026 qui
2158 954 2209 1010 id
2244 954 2525 1024 iactabant
2550 994 2566 1020 ,
2599 948 2920 1023 improbitas
2974 952 3355 1008 necessitatem

1786 1047 2080 1118 quamdam
2133 1047 2356 1112 attulit,
2390 1054 2451 1101 ut
2503 1044 2795 1116 aliquando
2824 1044 3171 1101 crederemus
3202 1087 3218 1110 ,
3257 1044 3358 1100 ali-

1787 1136 2006 1208 quando
2040 1136 2259 1192 minime
2293 1135 2642 1192 crederemus
2669 1151 2789 1206 qua:
2820 1136 2888 1191 ad
2929 1150 3080 1191 senis
3113 1136 3255 1191 illius
3283 1136 3362 1189 in-

1790 1223 2010 1282 famia’m
2039 1228 2305 1299 episcopi,
2338 1236 2463 1298 post
2498 1228 2620 1298 ejus
2648 1227 2881 1292 obitum,
2913 1226 3179 1281 referrent
3232 1220 3363 1279 Por-

1790 1334 1852 1375 ro
1882 1318 2087 1373 crimen
2116 1319 2243 1373 illud
2271 1318 2428 1389 cujus
2457 1317 2898 1382 insimulabatur,
2937 1316 3205 1386 ejusmodi
3236 1316 3359 1370 fuit.

1789 1408 1928 1464 Cum
1954 1423 2022 1464 ex
2045 1423 2108 1463 ea
2137 1407 2370 1464 factione
2396 1423 2459 1462 ac
2486 1396 2650 1479 grege
2674 1407 2893 1478 quidam
2921 1406 3178 1462 facinoris
3203 1405 3363 1461 istius

1793 1498 2075 1555 convictus
2118 1513 2146 1552 a
2180 1499 2346 1554 nobis
2393 1498 2844 1570 redargueretur,
2885 1497 2990 1553 hoc
3038 1496 3105 1551 ad
3134 1510 3367 1568 purgan-

1794 1590 1925 1643 dum
1959 1604 2084 1646 sese
2115 1589 2172 1644 in
2210 1583 2445 1644 medium
2475 1590 2683 1644 attulit:
2716 1590 2785 1644 ab
2815 1603 2877 1645 ea
2898 1628 2914 1653 ,
2949 1597 3365 1660 quamconstuo

245 1701 303 1755 δὲ
335 1700 435 1765 τὰς
480 1674 730 1772 μυσαρας
778 1674 941 1753 αὑτοῦ
993 1699 1128 1770 ρυάς
1182 1696 1276 1751 ἐπὶ
1319 1695 1423 1765 γῆς
1476 1695 1689 1749 διασκε-

1813 1687 2044 1735 πονοηιι
2075 1719 2088 1744 ,
2123 1678 2323 1735 femina
2348 1720 2363 1744 ,
2423 1694 2735 1751 quanquam
2774 1674 2932 1736 effeta
2975 1680 3088 1750 jam
3119 1688 3176 1736 et
3224 1680 3367 1736 anus

120 1792 320 1863 δάζειν.

199 2078 268 2132 f’.
303 2078 418 2131 Καὶ
446 2074 584 2148 αὕτη
633 2072 732 2148 μὲν
770 2076 805 2148 ἡ
836 2070 1039 2130 τούτων
1087 2066 1492 2146 μυσαρά,ὲστιν
1532 2071 1697 2141 ἐργα-

123 2171 232 2233 σία,
262 2171 357 2224 τὸν
386 2170 511 2224 νοῦν
551 2168 730 2224 αὐτῶν
760 2166 1043 2232 άπατῶσα,
1084 2165 1179 2219 καὶ
1219 2165 1284 2218 ἐκ
1329 2161 1576 2217 διαϐόλου
1610 2176 1698 2212 τε-

118 2261 475 2333 τυφλωμένη.
499 2256 602 2314 Ὧν
620 2260 718 2323 τὰς
751 2258 1054 2330 μαρτυρίας
1080 2257 1145 2310 δι’
1173 2249 1249 2309 ὧν
1287 2253 1592 2317 πίπτουσιν,
1618 2251 1699 2314 είς

120 2354 289 2425 μέσον
318 2352 510 2423 φέρειν
536 2351 637 2404 οὐκ
656 2351 953 2418 ἀναγκαῖον
978 2349 1212 2419 ἥγημαι,
1241 2347 1327 2400 ἵνα
1367 2342 1440 2415 μὴ
1460 2341 1700 2413 δόξωμεν

114 2446 199 2517 δι’,
236 2439 316 2499 ὧν
375 2440 672 2516 βουλόμεθα
723 2441 1093 2513 ἀκριϐολογεῖν
1130 2441 1210 2502 είς
1258 2436 1574 2507 ἀποτροπὴν
1600 2434 1702 2502 τῆς

113 2537 388 2607 ἀθεμίτου
422 2534 706 2604 ἀσελγείας
738 2533 975 2601 ἑκάστης
1016 2530 1298 2603 αἱρέσεως,
1330 2528 1532 2601 μᾶλλον
1568 2542 1703 2598 προ-ε

119 2625 423 2699 τρέπεσθαι
452 2625 561 2679 τῶν
591 2623 932 2695 ἀστηρίκτων
960 2623 1052 2676 καὶ
1096 2619 1473 2691 χαυνουμένων
1497 2618 1586 2673 ἀεὶ
1607 2614 1702 2687 τὴν

120 2717 387 2779 διάνοιαν,
417 2714 528 2767 τῶν
559 2713 618 2767 τὺ
645 2712 878 2784 πονηρὸν
903 2712 1113 2773 ἑαυτοῖς
1140 2709 1409 2781 θηρᾶσθαι
1436 2707 1576 2779 ὑπὲρ
1605 2706 1704 2777 τὴν

120 2807 442 2877 ἀγαθότητα
469 2803 896 2876 ἐπιθυμούντων.
930 2803 1024 2866 Είς
1059 2802 1276 2871 ἔλεγχον
1298 2801 1355 2854 δὲ
1381 2799 1580 2871 μᾶλλον
1604 2797 1705 2868 τῆς

123 2897 304 2968 δεινῆς
335 2896 544 2966 ταύτης
599 2896 692 2948 καὶ
725 2892 1061 2966 ἐρπετώδους
1102 2893 1364 2965 αἱρέσεως
1405 2891 1560 2960 ὀλίγα
1597 2887 1706 2944 άπὸ

125 2986 336 3041 πολλῶν
380 2981 788 3057 παραθήσομαι.

198 3264 372 3323 Πόθεν
414 3266 697 3339 εἰλήφατε,
730 3258 777 3320 ὧ
807 3257 976 3330 οὗτοι,
1012 3258 1111 3336 τὴν
1136 3260 1236 3336 τῆς
1263 3263 1523 3334 ἀθεμίτου
1548 3262 1713 3334 ἐργα-

128 3362 247 3425 σίας
272 3360 565 3422 ἐπίνοιαν;
594 3358 817 3431 Πρῶτον
855 3357 953 3427 μὲν
992 3356 1121 3429 γὰρ,
1155 3357 1237 3410 ὃτι
1280 3355 1342 3409 τὸ
1380 3356 1487 3408 πᾶν
1511 3354 1616 3406 τίνι
1650 3352 1711 3407 ού

125 3452 284 3524 δῆλόν
317 3454 495 3517 ἐστιν,
522 3450 603 3504 ὅτι
644 3449 913 3520 δαιμόνων
953 3449 1155 3518 ἐστὶνὴ
1190 3445 1431 3519 ὑμετέρα
1467 3444 1717 3499 διδασκα-

125 3543 231 3609 λία,
282 3542 661 3615 ἠπατημένων
713 3541 770 3594 δὲ
829 3540 918 3593 τὸν
969 3538 1093 3593 νοῦν
1139 3538 1236 3592 καὶ
1280 3535 1638 3608 ἐφθαρμένων
1682 3534 1715 3603 ἡ

125 3632 534 3704 ἐπινενοημένη
578 3629 994 3702 κακομηχανία;
1042 3629 1106 3681 Ei
1145 3628 1254 3698 γὰρ
1305 3626 1441 3689 ὅλως
1485 3624 1718 3694 πονηρὸν

126 3724 186 3778 τὸ
210 3726 493 3787 κυΐσκειν,
520 3723 620 3777 οὐκ
649 3723 756 3794 ἄρα
776 3723 863 3776 διὰ
893 3722 954 3776 τὸ
985 3722 1341 3789 τεκνογονεῖν,
1377 3716 1514 3772 ἀλλὰ
1543 3716 1633 3770 διὰ
1659 3714 1720 3768 τὸ

128 3815 512 3870 συνάπτεσθαι
541 3811 773 3885 σώματι.
815 3811 940 3877 Πῶς
975 3807 1068 3865 οὖν
1093 3809 1384 3882 ἡττημένοι
1413 3808 1573 3879 ἡδονῇ
1598 3824 1723 3860 συν-

126 3905 366 3961 άπτεσθε
402 3903 659 3974 σώματι;
705 3902 815 3956 Καὶ
848 3904 897 3956 εί
942 3902 1001 3955 οὐ
1033 3900 1266 3972 πονηρὴν
1297 3898 1358 3953 τὸ
1385 3896 1722 3967 συναφθῆναι

126 3990 538 4072 σώματιηούδέ
570 3980 803 4062 πδύηρὸν
833 3990 895 4043 τὸ
933 3989 1327 4059 τελεσιουργεῖν
1362 3987 1424 4040 τὸ
1458 4002 1717 4056 γεγεννηο

128 4082 311 4153 μένον.
353 4084 430 4137 Ἢ
469 4081 587 4154 γὰρ
616 4079 1027 4152 ἀποταξάμενον
1056 4081 1073 4111 ⁸
1109 4079 1393 4149 ἄνθρωπον
1434 4080 1509 4151 μὴ
1552 4095 1726 4150 γεωρ-

126 4179 242 4242 γεῖν
290 4176 363 4235 τὰ
410 4176 517 4228 ἐπὶ
547 4172 647 4242 τῆς
676 4173 800 4241 γῆς,
830 4172 906 4233 ὡς
941 4174 969 4225 ὁ
994 4170 1161 4225 Ἀϐελ
1195 4166 1263 4243 ἦν
1296 4169 1498 4241 ποιμὴν
1524 4169 1727 4239 προϐά-

125 4281 257 4329 των,
294 4266 443 4320 Κάῖν
484 4263 551 4317 δὲ
592 4258 955 4334 ἐργαζόμενος
990 4262 1087 4333 τὴν
1116 4262 1239 4332 γῆν.
1283 4262 1345 4315 Ei
1396 4261 1452 4314 δὲ
1491 4262 1729 4332 γεωργεῖ

1792 1780 1949 1839 erat;
1982 1772 2303 1842 foedissima;
2332 1772 2479 1825 illius
2507 1770 2749 1826 libidinis
2785 1771 3048 1825 rationem
3087 1770 3365 1838 didicisse,

1794 1864 1864 1919 ab
1905 1878 2079 1935 eaque
2110 1864 2189 1918 uti
2221 1863 2514 1949 concubitu
2546 1861 2626 1917 sic
2654 1862 2930 1922 edoctum.
2970 1869 3027 1915 ut
3062 1859 3367 1918 detestandi

1794 1955 2043 2011 humoris
2081 1953 2404 2026 profluvium
2436 1954 2491 2008 in
2523 1961 2724 2007 terram
2753 1961 3053 2023 spargeret.

1796 2114 1799 2115 ν
1866 2063 1955 2118 ιιι.
1986 2063 2163 2134 Atque
2192 2064 2294 2118 hoc
2324 2062 2545 2133 quidem
2590 2060 2966 2131 turpissimum
2997 2068 3053 2118 et
3079 2075 3371 2118 exsecran-

1797 2152 1929 2208 dum
1983 2159 2068 2209 est
2102 2152 2321 2207 illorum
2351 2151 2568 2216 scelus,
2613 2150 2758 2221 quod
2787 2157 2841 2205 et
2879 2150 3123 2221 ipsorum
3168 2151 3373 2222 decipit

1799 2246 2040 2311 animos,
2081 2251 2136 2299 et
2171 2258 2202 2298 a
2238 2242 2506 2298 diabolica
2553 2243 2798 2297 caecitate
2834 2241 3219 2312 proﬁciscitur.
3246 2243 3375 2310 Qui-

1800 2338 2033 2395 husnam
2089 2352 2214 2393 vero
2262 2335 2681 2391 auctoritatibus
2739 2335 3176 2407 testimoniisque
3247 2336 3374 2393 freti

1802 2431 1870 2486 ad
1905 2431 1995 2485 illa
2025 2429 2233 2499 delapsi
2263 2428 2409 2492 sint,
2451 2427 2506 2481 in
2554 2427 2788 2483 medium
2826 2426 3019 2483 afferre
3045 2443 3153 2484 non
3187 2430 3374 2499 putavi

1803 2520 2197 2583 necessarium,
2229 2534 2299 2574 ne
2331 2519 2459 2573 dum
2495 2519 2563 2577 ad
2601 2518 2867 2589 cujusque
2895 2518 3120 2575 haeresis
3150 2516 3378 2591 ﬂagitio-

1802 2626 1921 2669 sam
1956 2610 2238 2666 libidinem
2282 2609 2639 2675 aversandam
2680 2611 2993 2665 accuratius
3021 2610 3234 2682 singula
3263 2627 3381 2682 per-

1804 2702 2127 2772 sequimur,
2178 2699 2590 2756 imbecilliorum
2639 2715 2702 2755 ac
2746 2700 2961 2758 levitate
3004 2703 3241 2773 quadam
3273 2706 3381 2761 ela-

1804 2800 1982 2846 torum
2041 2789 2319 2845 hominum
2374 2788 2585 2844 animos
2647 2788 2715 2843 ad
2783 2804 2846 2846 ea
2919 2792 3091 2862 magis
3152 2791 3384 2848 incitare

1805 2880 2115 2937 videamur:
2143 2880 2235 2950 qui
2257 2879 2476 2950 quidem
2500 2879 2700 2933 malum
2730 2882 2842 2950 prie
2874 2879 3018 2936 bono
3042 2880 3145 2936 sibi
3176 2880 3386 2936 consci-

1732 3003 1777 3063 ε
1809 2987 1964 3030 scere
2008 2986 2072 3027 ac
2114 2977 2335 3041 captare
2356 2963 2709 3026 consuerunt.
2748 2968 2946 3025 Verum
2972 2970 3042 3026 ad
3075 2971 3382 3028 uberiorem

1811 3062 2096 3119 horrendae
2149 3060 2293 3116 illius
2345 3075 2408 3114 ac
2444 3061 2771 3130 serpentium
2803 3061 3025 3119 haeresis
3053 3061 3384 3118 confutatio-

1814 3170 1937 3213 nem
1959 3195 1975 3221 ,
2013 3168 2187 3226 pauca
2232 3152 2300 3208 de
2337 3151 2527 3207 multis
2560 3160 2817 3207 attexam.

1884 3267 2040 3324 Unde
2066 3269 2251 3339 igitur,
2282 3281 2488 3338 qumso,
2532 3274 2641 3323 tam
2677 3266 2944 3323 nefarium
2973 3270 3152 3326 scelus
3179 3272 3392 3342 excogi-

1817 3371 1931 3417 tare
1974 3359 2278 3416 didicistis?
2309 3358 2556 3414 Primum
2581 3360 2728 3415 enim
2755 3401 2771 3426 ,
2802 3367 2861 3415 ut
2900 3362 3151 3418 universe
3186 3361 3389 3427 dicam,

1815 3452 1941 3524 quis
1967 3467 2077 3507 non
2117 3452 2292 3519 videt,
2323 3467 2450 3507 cum
2484 3452 2790 3509 daemonum
2827 3454 3133 3525 propriam-
3154 3463 3391 3511 vestram

1818 3545 1961 3599 hanc
1992 3558 2115 3599 esse
2151 3544 2486 3609 doctrinam,
2529 3551 2644 3599 tum
2706 3545 2841 3601 illud
2903 3553 3116 3602 tantum
3169 3553 3391 3619 tamque

1819 3642 1977 3689 atrox
2037 3647 2068 3686 a
2103 3632 2259 3687 vobis
2307 3633 2584 3687 inventum
2624 3631 2884 3705 flagitium
2938 3637 3157 3693 nonnisi
3209 3652 3396 3693 errore
3448 3690 3455 3697 .

1820 3723 2134 3795 depravatis
2194 3722 2509 3777 hominibus
2552 3731 2628 3778 ‘ac
2695 3728 3006 3796 corruptela
3060 3729 3398 3787 convenire?

1821 3813 1956 3868 Nam
1986 3813 2032 3869 si
2061 3812 2285 3868 omnino
2309 3813 2600 3883 concipere
2637 3815 2840 3868 malum
2871 3823 2974 3881 est,
3009 3816 3253 3887 profecto
3282 3834 3393 3873 non

1823 3905 1893 3961 ob
1932 3904 2106 3976 ipsam
2137 3903 2341 3960 sobolis
2364 3904 2797 3974 procreationem
2817 3945 2833 3967 ,
2874 3907 2969 3961 sed
2998 3907 3069 3962 ob
3102 3921 3394 3978 corporum

1824 3996 2224 4068 copulationem
2271 3996 2472 4051 malum
2512 4012 2634 4054 esse
2687 3996 2979 4052 videbitur.
3028 3997 3207 4064 Quare
3260 3998 3393 4069 quid

1825 4101 1925 4142 vos
1962 4086 2154 4142 attinet
2213 4085 2490 4156 voluptate
2526 4093 2813 4156 superatos
2864 4088 3221 4143 commiscere
3270 4103 3398 4142 cor-

1828 4176 1998 4248 pora?
2035 4176 2143 4230 Aut
2194 4175 2243 4229 si
2277 4189 2570 4245 corporum
2620 4175 2712 4229 illa
2755 4175 3069 4245 conjunctio
3105 4177 3244 4229 mala
3286 4192 3396 4232 non

1826 4277 1931 4331 est,
1962 4282 2031 4322 ne
2058 4266 2295 4338 idipsum
2342 4264 2561 4336 quidem
2611 4265 2775 4336 quod
2807 4264 3046 4335 gignitur
3077 4264 3147 4320 ad
3193 4266 3399 4322 exitum

125 4374 209 4421 τις
234 4357 338 4429 τὴν
369 4358 507 4428 γῆν,
530 4354 606 4418 ὡς
633 4356 661 4407 ὁ
691 4354 838 4419 Νῶε,
868 4354 951 4406 ὃτι
980 4350 1241 4422 Ἐγένετο
1265 4350 1421 4420 ἀνὴρ
1448 4350 1696 4420 γεωργός

1832 4358 2148 4428 perducere,
2188 4357 2390 4411 malum
2416 4364 2520 4413 est.
2557 4356 2768 4412 Etenim
2807 4357 2893 4414 vel
2935 4356 3202 4414 abdicatis
3222 4360 3401 4413 omni-

129 4449 228 4503 καί
253 4450 611 4518 ἐφύτευσεν
628 4443 968 4515 ἀμπελῶνα,
992 4444 1091 4496 οὐκ
1111 4442 1403 4512 ἐφύτευσεν
1427 4437 1726 4511 ἀμπελῶνα

130 4542 254 4614 [οὐκ
285 4536 647 4612 ἐφύτευσεν],
693 4538 778 4590 ἵνα
815 4536 1008 4607 βότρυν
1051 4533 1124 4606 μὴ
1169 4533 1366 4606 ἐνέγκῃ
1389 4550 1403 4565 ο
1455 4531 1567 4585 ἀλλ’
1593 4529 1726 4600 ἐφύ-

130 4652 314 4700 τευσε,
348 4635 450 4688 καὶ
488 4631 659 4686 ἔπιεν
701 4631 765 4683 ἐκ
812 4627 906 4681 τοῦ
958 4624 1169 4698 καρποῦ
1208 4624 1394 4688 αὐτοῦ,
1448 4621 1547 4677 καὶ
1598 4622 1729 4691 ἐμε-

128 4730 351 4791 θύσθη,
416 4724 500 4787 ὡς
554 4721 881 4793 γέγραπται.
914 4715 1021 4772 Ἦν
1069 4719 1127 4771 δὲ
1166 4715 1494 4786 συγγνώμην
1527 4713 1603 4784 τῷ
1641 4714 1732 4781 γέ-

132 4837 280 4891 ροντι
330 4816 658 4885 ἀπονεῖμαι.
690 4813 992 4883 Εὐάρεστος
1028 4808 1134 4880 γὰρ
1173 4807 1251 4878 τῷ
1288 4807 1406 4878 Θεῷ
1450 4806 1731 4878 ὑπάρχων,

127 4911 190 4966 οὔ
231 4909 323 4965 διὰ
356 4904 613 4961 ἀσωτίαν
639 4904 736 4974 τὴν
768 4902 938 4974 μέθην
971 4900 1198 4970 ὑπέστη,
1233 4898 1368 4952 ἀλλὰ
1398 4897 1545 4970 λύπῃ
1572 4898 1733 4969 φερό-

132 5018 296 5072 μενος
323 5000 475 5068 τάχα
501 4995 846 5066 ἐκεκάρωτο·
878 4991 971 5046 καὶ
1003 4991 1077 5063 μὴ
1112 4990 1294 5060 φέρων
1322 4987 1381 5053 ἐξ
1412 4987 1737 5059 ἀμφοτέρων

129 5092 218 5146 διὰ
244 5091 310 5145 τὸ
354 5086 595 5149 ἀσθενὲς
644 5085 738 5138 καὶ
780 5082 1066 5152 γηραλέον,
1117 5079 1371 5151 ἀσθενείᾳ
1426 5077 1734 5131 ὑπέπεσεν·

129 5186 230 5256 οὐχ
258 5183 352 5236 ἴνα
383 5176 669 5250 χλευασθῇ
714 5174 819 5228 ύπδ
857 5174 1070 5241 τέκνου.
1107 5168 1169 5227 ’0
1209 5171 1289 5236 δὲ,
1337 5169 1738 5238 καταγελάσας,

132 5273 314 5345 ἐαυτῷ
343 5271 549 5341 εἴληφε
574 5268 672 5339 τὴν
702 5266 966 5337 κατάραν,
993 5265 1079 5318 ἵνα
1106 5262 1441 5328 κολάζωνται
1468 5263 1518 5315 οἱ
1546 5262 1740 5331 ἐνσκή-

134 5384 369 5431 may-cs;
405 5364 531 5425 τοῖς
566 5359 836 5430 πατράσιν
874 5358 1053 5430 ὓϐριν,
1095 5356 1191 5412 καὶ
1231 5356 1281 5411 οἱ
1319 5357 1377 5410 ἐν
1404 5356 1532 5426 ύμῖν
1562 5354 1739 5407 διαλο-

205 5584 422 5649 'Dcesl
455 5579 563 5631 δεῖ.
645 5578 664 5607 ²
694 5576 828 5631 Gen.
863 5590 938 5635 Iv.
972 5574 1026 5628 Ξ.
1108 5568 1128 5600 ³
1157 5567 1291 5626 Ceu.
1327 5584 1400 5633 IX,
1441 5570 1510 5620 2U
1541 5580 1661 5635 $qu.

462 5695 750 5756 ΡΑτιςοι.
787 5691 903 5752 Gn.
936 5680 1097 5752 XLI.

1834 4449 1958 4515 bus,
1986 4447 2373 4520 agriculturam
2410 4447 2635 4502 omnino
2682 4462 2793 4502 non
2831 4448 3098 4520 attingere
3128 4449 3399 4506 hominem

1834 4548 2086 4612 oportet:
2121 4539 2578 4610 quemadmodum
2608 4539 2741 4595 Abel
2775 4541 2956 4595 ovium
2991 4540 3158 4595 fuisse
3196 4549 3405 4611 pastor,

1835 4633 2038 4687 Cainus
2095 4639 2298 4686 terram
2353 4630 2590 4686 coluisse
2634 4631 2838 4685 dicitur
2881 4633 2925 4685 ².
2978 4629 3072 4686 Vel
3126 4631 3171 4685 si
3228 4633 3404 4687 solum

1839 4723 1998 4794 523
2038 4737 2294 4777 exercere
2345 4722 2543 4793 aliquis
2580 4722 2852 4787 instituit,
2916 4723 2993 4776 uti
3047 4722 3160 4779 Noe
3218 4722 3409 4778 fecisse

1835 4816 2060 4881 dicitur,
2089 4814 2179 4885 qui
2204 4857 2218 4880 ,
2251 4822 2311 4869 ut
2358 4815 2622 4885 scriptum
2651 4823 2766 4878 est,
2804 4816 2882 4869 vir
2914 4814 3016 4883 fuit
3059 4816 3312 4886 agricola,
3361 4827 3411 4870 et

1837 4906 2096 4976 plantavit
2129 4906 2330 4960 tineam
2356 4906 2415 4959 3:
2450 4922 2557 4959 non
2590 4905 2730 4985 ideo,
2764 4912 2916 4976 puto,
2950 4907 3162 4962 vineam
3193 4907 3412 4977 plauta-

1839 4996 1949 5062 vit,
1985 5003 2043 5048 ut
2084 5010 2154 5050 ne
2190 5010 2453 5051 racemos-
2472 4995 2774 5066 proferret;
2806 4995 2900 5050 sed
2948 5005 3003 5051 et
3034 4996 3328 5067 plantavit,
3361 5007 3416 5061 et

1841 5084 1908 5140 de
1940 5084 2118 5139 fructu
2150 5086 2295 5142 illius
2324 5087 2450 5140 bibit
2477 5127 2491 5152 ,
2524 5096 2574 5142 et
2624 5087 2917 5142 inebriatus
2945 5096 3024 5142 est
3049 5127 3066 5152 ,
3107 5095 3167 5140 ut
3199 5103 3263 5142 eo
3293 5088 3417 5141 loco

1844 5173 2061 5245 legitur.
2093 5173 2149 5228 ln
2202 5192 2311 5245 quo
2339 5192 2471 5232 sane
2510 5177 2668 5230 venia
2713 5176 2911 5245 dignus
2961 5192 3126 5232 senex
3178 5176 3267 5231 ille
3292 5174 3415 5230 fuit.

1846 5262 1951 5332 Qui
1989 5279 2114 5320 cum
2150 5265 2260 5321 Deo
2283 5274 2471 5337 gratus
2520 5276 2704 5332 esset,
2740 5283 2849 5322 non
2879 5283 2945 5323 ex
3000 5267 3418 5338 intemperantia

1848 5356 1903 5410 in
1934 5353 2082 5410 illam
2118 5354 2433 5412 ebrietatem
2475 5355 2697 5421 incidit;
2731 5356 2847 5427 sed,
2879 5363 2938 5411 ut
2977 5356 3191 5427 opinor,
3221 5370 3287 5411 ex
3316 5356 3419 5409 tri-

3001 5669 3074 5730 34
