3948 6068
531 218 669 276 1067
744 242 753 248 ·
1913 203 1986 258 ‘S.
2014 199 2126 258 ΕΡ]

2236 199 2366 256 AN“
3640 186 3779 249 1068
3894 58 3912 225 Ι

532 329 677 387 stitia
712 342 775 382 ac
809 334 1043 382 maerore
1062 322 1282 395 quidam
1316 320 1368 376 ei
1404 316 1587 374 somni
1617 324 1808 386 torpor
1837 314 2102 385 obrepsit.

2236 313 2400 384 ἰσμοὶ
2439 309 2849 383 ἐπεγειρόμενοι
2891 306 3032 361 κατά
3079 304 3178 374 τῆς
3225 302 3317 356 τοῦ
3361 301 3491 377 Θεοῦ
3535 298 3784 369 γνώσεως

530 421 665 477 Cum
700 427 887 474 autem
912 393 1200 485 utriusque
1224 411 1333 466 vim
1353 410 1626 467 sustinere
1657 408 1728 463 ob
1758 405 2108 480 imbecijlita—

2236 402 2309 455 ιαὶ
2353 400 2532 463 καλῶς
2556 397 2899 468 τεταγμένης
2928 393 3242 460 διατάξεως.

531 519 639 566 tem
682 517 736 563 et
781 514 995 562 aetatem
1033 482 1143 559 non
1186 508 1412 574 posset,
1464 498 1522 554 in
1564 512 1685 554 eam
1726 494 2096 551 inﬁmitatem
2126 494 2426 567 prolapsus
2450 499 2571 546 est:
2629 504 2728 544 nec
2774 487 2897 543 ideo
2938 495 3124 539 tamen
3194 482 3393 555 dignus
3441 489 3591 545 erat,
3648 488 3708 534 ut
3736 484 3784 534 ei

533 602 677 658 ﬂlius
711 599 979 655 illuderet.
1014 597 1196 663 Quare
1219 596 1314 667 qui
1366 594 1519 648 illum
1555 590 1752 647 derisit
1778 628 1796 655 .
1834 590 1890 644 in
1961 589 2316 658 semetipsum
2361 585 2815 656 imprecationem
2885 579 3180 637 convertit.
3214 576 3284 633 Ut
3325 577 3365 632 ii
3414 576 3605 647 poenis
3658 574 3788 629 ιιι.

533 701 787 765 ciantur,
835 696 926 768 qui
968 694 1285 767 parentibus
1322 691 1439 749 suis
1486 687 1872 745 contumeliam
1929 685 2240 756 imponunt,
2276 683 2520 753 adeoque
2549 667 2909 751 cogitationes
2969 675 3107 737 illae,
3176 687 3300 745 quae
3362 670 3628 727 adversus
3696 666 3788 725 Dei

535 796 899 867 cognitionem
931 802 987 849 et
1023 796 1171 847 recte
1208 786 1567 844 constitutum
1606 782 1858 839 ordinem
1888 781 2207 851 insurgunt.

1913 203 1986 258 ‘S.
2014 196 2366 258 ΕΡΙΡἸῙΑΝΠ

606 886 695 943 IV.
726 887 1016 942 Enimvero
1043 884 1172 940 licet
1193 889 1378 937 tantus
1409 878 1618 950 nuptiis
1646 877 1847 940 honor,
1870 882 2111 946 quantus

538 978 868 1053 virginitati,
900 976 1125 1033 minime
1152 975 1224 1031 sit
1253 971 1559 1037 habendus,
1583 978 1639 1025 et
1668 968 1785 1023 haec
1819 967 1926 1022 illis
1959 973 2116 1021 ante«

535 1071 785 1145 ponenda
814 1072 919 1137 sit;
957 1084 1080 1126 cum
1129 1082 1194 1124 ea
1220 1074 1403 1123 tamen
1439 1077 1568 1120 vera
1597 1060 1884 1133 virginitas
1926 1057 2115 1129 appel-

536 1169 702 1231 latur,
731 1180 851 1237 quae
883 1162 1316 1219 cum’bonestate
1338 1164 1424 1214 est
1464 1162 1518 1212 et
1539 1154 1743 1210 virtute
1794 1151 2114 1222 conjuncta,

537 1267 657 1313 tum
689 1254 1037 1312 honorabiles
1060 1250 1262 1323 nuptiae
1294 1250 1313 1281 ⁸
1346 1264 1377 1304 a
1417 1248 1710 1304 liberorum
1737 1243 2115 1316 procreatione

539 1366 650 1406 non
700 1349 1034 1411 abhorrent,
1080 1357 1259 1414 neque
1286 1340 1355 1397 ad
1385 1338 1740 1411 ignominiam
1780 1350 1844 1391 ea
1888 1334 2118 1389 trahunt

539 1455 659 1512 qua:
692 1454 721 1493 ιι
769 1437 878 1492 Deo
924 1434 1184 1507 praeclare
1221 1429 1440 1486 condita
1471 1434 1640 1489 sunt,
1689 1424 1798 1479 imo
1829 1438 1958 1477 vero
2007 1435 2115 1476 non

540 1534 698 1588 aliter
749 1527 1126 1602 praescriptum
1168 1523 1428 1578 divinitus
1466 1517 1727 1590 nuptialis
1773 1513 2118 1586 conjunctio-

541 1624 628 1680 nis
660 1623 879 1678 modum
920 1633 984 1674 ac
1016 1618 1282 1672 rationem
1316 1617 1604 1683 usurpant.
1646 1608 1860 1679 Quippe
1894 1608 2120 1678 Virgini-

2286 876 2357 930 A'.
2379 875 2439 927 Ei
2456 872 2566 943 γὰρ
2584 871 2677 926 καὶ
2697 869 2758 923 ού
2781 867 3087 933 δεδόξασται
3104 867 3133 919 ὁ
3156 863 3334 936 γάμος
3354 862 3431 926 ὡς
3451 861 3485 933 ή
3508 859 3786 930 παρθενία,

2219 965 2357 1036 ὑπὲρ
2412 963 2574 1018 αὐτὸν
2625 962 2683 1016 δὲ
2732 961 2967 1031 ὑπάρχει
3009 959 3043 1029 η
3095 954 3380 1026 παρθενία,
3426 952 3696 1023 παρθενία
3738 950 3788 1004 δέ

2218 1055 2554 1128 ἀληθεύουσα
2581 1051 2789 1118 ἔνδοξος
2822 1051 2918 1105 καὶ
2947 1049 3202 1121 ἐνάρετος
3217 1046 3509 1116 κέκληται,
3530 1044 3596 1096 ού
3633 1060 3793 1113 μεμο-

2218 1147 2480 1220 λυσμένη,
2509 1147 2662 1201 καὶὸ
2691 1142 2889 1215 σεμνὸς
2910 1142 2966 1196 δὲ
2994 1142 3171 1212 γάμος
3219 1135 3562 1192 παιδοποιίαν
3594 1135 3695 1189 οὐκ
3723 1137 3792 1198 εἰς

2221 1238 2482 1309 αίσχύνην
2510 1237 2578 1291 τά
2614 1239 2677 1289 ἐκ
2704 1234 2845 1289 Θεοῦ
2889 1233 3071 1296 καλῶς
3101 1230 3397 1301 ἐκτισμένα
3430 1225 3790 1298 ἀπαγορεύει·

2219 1327 2334 1382 ἀλλ’
2373 1324 2496 1380 οὔτε
2527 1325 2702 1388 ἄλλως
2733 1322 3171 1396 μεταχειρίζεται
3216 1321 3319 1391 τῆς
3359 1319 3454 1373 τοῦ
3483 1319 3666 1389 γάμου
3697 1334 3795 1371 zot-

2221 1419 2415 1483 νωνίας
2441 1417 2539 1489 τὴν
2574 1418 2639 1470 ἐκ
2692 1415 2830 1470 Θεοῦ
2879 1412 3220 1496 τεταγμένην
3250 1411 3497 1481 ἀγωγήν.
3528 1408 3795 1481 Παρθενία

2221 1514 2331 1585 γάρ
2368 1514 2516 1567 ἐστιν
2541 1509 2775 1583 ἀληθῶς,
2803 1508 2881 1572 ὡς
2910 1492 3096 1577 ἐκείνη
3189 1503 3295 1558 ὑπὸ
3315 1502 3409 1556 τοῦ
3443 1502 3600 1570 ἁγίου
3638 1502 3797 1553 ’Δπο-

2225 1604 2412 1658 στόλου
2439 1602 2804 1673 ἐπαινουμένη
2820 1641 2837 1666 ,
2881 1600 2963 1654 ὃτι
2996 1598 3066 1654 Ἦ
3103 1596 3397 1666 παρθένος
3437 1595 3536 1649 καί
3579 1595 3618 1662 ἠ
3653 1593 3797 1664 ἆται

541 1722 629 1770 tas
675 1725 861 1767 revera
911 1708 1032 1778 ejus
1084 1706 1260 1762 instar
1297 1712 1422 1767 est,
1458 1682 1630 1772 quam
1687 1699 1980 1769 Apostolus
2034 1697 2122 1752 bis

2236 1715 2333 1763 uoc
2356 1692 2612 1766 μεριμνᾷ
2647 1694 2720 1748 τὰ
2746 1690 3126 1778 τοῦνΚυρίου,
3174 1685 3305 1754 πῶς
3342 1685 3546 1755 ἀρέσει
3580 1682 3659 1751 τῷ
3680 1689 3796 1740 Kv-

542 1802 724 1860 verbis
765 1774 1061 1873 praedicat:
1104 1796 1264 1866 Virgo
1303 1804 1352 1847 et
1408 1795 1629 1859 innupta
1678 1788 1913 1849 sollicita
1947 1787 2122 1844 estde

2236 1786 2346 1849 ιίφ,
2400 1785 2501 1837 ἵνα
2540 1778 2582 1854 ᾖ
2630 1782 2768 1850 ἁγία
2809 1777 2891 1844 τῷ
2931 1776 3157 1846 σώματι
3198 1777 3295 1831 καὶ
3343 1775 3417 1846 τῇ
3458 1774 3652 1846 ψυχῇ.
3689 1776 3797 1828 Ἵνα

545 1897 608 1952 iis
643 1907 759 1966 qua:
796 1903 919 1948 sunt
955 1890 1193 1955 Domini,
1221 1885 1479 1958 quomodo
1508 1885 1715 1953 placeat
1760 1882 1988 1939 Domino
2010 1924 2023 1944 ,
2064 1892 2119 1937 ut

545 1990 609 2040 sit
635 1995 821 2040 sancta
846 1997 1060 2046 corpore
1088 1990 1135 2036 et
1158 1981 1336 2034 anima
1356 1980 1399 2033 '.
1433 1975 1502 2032 Ut
1530 1975 1862 2042 ostenderet,
1892 1975 2121 2039 nuilam,

545 2093 613 2133 ne
642 2077 923 2133 minimam
955 2073 1174 2146 quidem
1205 2113 1219 2139 ,
1259 2070 1626 2142 suspicionem
1663 2066 1973 2124 solitarium
2001 2066 2126 2121 vita:

545 2186 717 2243 genus
774 2168 1082 2223 admittere.
1128 2163 1333 2221 Verum
1394 2170 1448 2219 et
1493 2160 1865 2217 Abrahamum
1918 2159 2125 2216 scimus

546 2262 734 2315 liberis
787 2273 1008 2330 operam
1071 2255 1327 2320 dedisse,
1382 2262 1436 2310 et
1485 2252 1722 2307 amicum
1770 2250 1986 2306 interim
2029 2247 2126 2305 Dei

548 2352 754 2416 fuisse,
808 2348 1031 2420 perinde
1070 2355 1234 2417 atque
1287 2344 1534 2400 lsaacum
1561 2383 1576 2408 ,
1615 2348 1670 2397 et
1726 2339 2029 2407 Iacobum,
2064 2353 2129 2395 ac

547 2442 806 2512 deinceps
844 2445 1090 2495 caeteros.
1133 2435 1235 2503 Qui
1272 2448 1448 2506 neque
1480 2433 1806 2505 semetipsos
1831 2446 2127 2487 exsecran-

548 2533 635 2589 dis
669 2531 916 2603 ﬂagitiis,
948 2543 1011 2584 ac
1038 2527 1355 2584 l'cedissimis
1385 2523 1716 2595 usurpandis
1746 2523 1910 2577 rebus
1945 2521 2129 2591 inqui-

548 2636 790 2687 narunt,
840 2636 1015 2693 neque
1058 2626 1208 2675 recte
1242 2633 1272 2672 a
1309 2617 1419 2673 Deo
1468 2614 1782 2691 constituta:
1834 2614 2129 2669 liberorum

549 2731 646 2786 per
676 2713 895 2785 nuptias
924 2707 1295 2783 procreationi
1328 2705 1585 2777 refragati
1620 2712 1767 2760 sunt.
1795 2701 1980 2772 Neque
2004 2706 2132 2772 por-

549 2824 613 2865 ro
650 2807 742 2879 qui
801 2806 943 2860 inter
1006 2799 1583 2879 ipsos_castimoniam
1640 2810 1705 2851 ac
1766 2794 2131 2864 virginitatem

550 2900 922 2962 instituerant,
952 2892 1269 2951 certaminis
1316 2891 1462 2961 leges
1501 2886 1799 2953 violarunt,
1829 2890 1953 2948 aut,
1986 2882 2133 2939 velut

551 2991 877 3063 quibusdam
906 2985 1218 3061 praestigiis,
1264 2982 1405 3038 banc
1432 2979 1649 3037 virtutis
1681 2976 2135 3034 exercitationem

2221 1874 2391 1947 δείξῃ.
2418 1874 2501 1927 δτι
2541 1871 2798 1943 οὐδεμίαν
2836 1869 3013 1923 αίτίαν
3041 1867 3500 1939 ἀμπλακημάτων
3536 1867 3643 1921 κᾶν
3670 1867 3797 1921 ὑπο-

2222 1964 2480 2036 νοηθῆναι
2506 1966 2539 2035 ή
2565 1962 2793 2033 μονὸτης
2822 1959 3113 2030 ἐνδέχεται.
3150 1957 3310 2011 Ἀλλά
3332 1958 3426 2011 καὶ
3454 1957 3799 2029 τδνᾋὸραάμ

2230 2056 2454 2127 οἴδαμεν
2498 2050 2948 2116 παιδοποιοῦντα,
2996 2050 3152 2121 φίλον
3203 2048 3261 2102 δὲ
3305 2048 3434 2102 δντα
3476 2047 3555 2119 τῷ
3596 2048 3797 2119 Κυρίῳ,

2238 2146 2423 2202 ’ῐσαάκ
2451 2145 2508 2201 δὲ
2541 2146 2635 2200 καὶ
2668 2143 2862 2200 Ἰακὼὸ
2884 2186 2897 2207 ,
2934 2144 3029 2197 καὶ
3073 2143 3201 2206 τοὺς
3244 2138 3481 2212 καθεξῆς
3505 2157 3519 2170 ·
3556 2142 3652 2194 καὶ
3679 2140 3797 2193 οὔτε

2227 2239 2454 2302 ἑαυτοὺς
2486 2236 2753 2310 ἐμόλυναν
2788 2234 3069 2307 ἀθεμίτοις
3113 2232 3367 2305 πράξεσι,
3397 2233 3798 2304 παραπτόμενοι

2233 2327 2512 2403 μυσαρῶν,
2557 2326 2680 2381 οὕτε
2714 2325 3010 2389 ἀντιθέτως
3049 2323 3206 2395 ἔσχον
3252 2323 3391 2396 πρὸς
3428 2324 3530 2396 τὴν
3564 2326 3630 2377 ἐκ
3670 2323 3798 2377 Θεοῦ

2226 2420 2410 2484 καλῶς
2440 2419 2777 2490 τεταγμένην
2825 2417 2915 2471 διά
2960 2416 3156 2488 σεμνοῦ
3212 2416 3391 2487 γάμου
3429 2416 3796 2470 παιδοποιίαν·

2231 2513 2327 2567 καὶ
2367 2509 2490 2565 οὔτε
2545 2511 2596 2562 oi.
2654 2509 2712 2561 ἐν
2763 2509 2946 2572 αὐτοῖς
3002 2506 3223 2576 ἁγνείαν
3265 2524 3326 2560 τε
3373 2507 3468 2560 καὶ
3514 2507 3801 2579 παρθενίαν

2229 2604 2570 2674 ἀσκήσαντες
2623 2599 2995 2672 παρέφθειραν
3050 2599 3142 2653 τὸν
3201 2599 3411 2669 ἀγῶνα,
3464 2598 3558 2651 καί
3610 2596 3804 2669 ἐτέρως

2236 2694 2681 2766 μετεποιήσαντο,
2723 2692 2798 2757 ὼς
2842 2692 2931 2746 διὰ
2969 2690 3227 2759 κυϐείας,
3277 2692 3367 2744 τὸν
3414 2692 3669 2761 ἐνάρετον
3712 2689 3805 2759 τῆς

2232 2785 2513 2856 ἀθλήσεως
2553 2787 2776 2856 τρόπον.
2826 2784 2936 2839 Καὶ
2976 2783 3164 2848 Ἠλίας
3199 2784 3298 2855 μὲν
3330 2782 3609 2845 παντελῶς
3629 2783 3690 2835 ἐν
3720 2780 3807 2835 πό-

2232 2880 2349 2934 λεσι
2373 2881 2557 2950 τάχιον
2589 2882 2690 2935 οὐκ
2728 2880 2921 2952 είσῄει,
2953 2879 3074 2933 οὐδὲ
3108 2880 3241 2951 μετά
3282 2877 3553 2947 γυναικῶν
3586 2878 3806 2948 συνόμι-

2234 2971 2325 3035 λος
2351 2971 2559 3041 ἐγίνετο
2582 2987 2595 3001 ·
2640 2972 2698 3023 ἐν
2740 2970 2797 3024 δὲ
2833 2967 3093 3041 ἐρημίαις
3135 2968 3381 3023 διατελῶν
3423 2968 3645 3039 ὐτέῆρχε
3668 2983 3685 2997 ·
3719 2966 3808 3019 καί

553 3036 662 3138 alio
715 3081 879 3137 modo
906 3036 1357 3137 rcommgutarunt.
1397 3075 1574 3146 Atque
1605 3069 1753 3127 Elias
1800 3084 1935 3126 sane
1966 3066 2126 3124 urbes

2247 3036 2567 3125 Ἐλισσαῖος,
2610 3060 2703 3116 καὶ
2749 3036 3021 3131 Ἰωάννης,
3052 3059 3147 3113 καὶ
3184 3059 3376 3123 πάντες
3402 3059 3450 3112 oi
3471 3058 3495 3089 ⁸
3643 3057 3807 3128 μέγαν

553 3178 702 3248 ipsas
734 3171 1124 3245 propemodum
1177 3185 1245 3226 ne
1299 3166 1714 3240 ingrediebatur
1738 3160 1995 3234 quidem,
2032 3172 2133 3216 nec

554 3270 696 3323 inter
732 3266 993 3321 mulieres
1042 3261 1397 3323 versabatur;
1458 3257 1554 3313 sed
1606 3256 1661 3310 in
1712 3251 1947 3308 desertis
1997 3249 2133 3304 locis

554 3358 776 3416 assidue
816 3354 1058 3420 vivebat,
1088 3346 1547 3422 quemadmodum
1582 3342 1832 3408 Elisaaus,
1858 3349 1913 3395 et
1969 3336 2133 3394 Joan-

2235 3153 2444 3208 τουτονὶ
2467 3153 2788 3225 χαρακτῆρα
2807 3153 2907 3223 τῆς
2929 3151 3036 3204 τῶν
3053 3151 3299 3221 ἀγγέλων
3323 3151 3612 3223 μιμήσεως
3637 3149 3808 3215 καλῶς

2237 3244 2380 3299 κατά
2404 3244 2506 3316 τὴν
2539 3242 2900 3315 εὐαγγελικὴν
2927 3242 3167 3307 διάταξιν
3194 3240 3290 3296 τοῦ
3318 3241 3527 3315 Κυρίου
3563 3240 3807 3307 ἑαυτοὺς

2237 3336 2335 3390 διὰ
2365 3334 2694 3400 ,βασιλείαν
2718 3334 2993 3404 οὐρανῶν
3018 3336 3407 3405 εὐνούχισαν.

556 3467 675 3515 nes,
705 3464 771 3503 ac
801 3445 980 3502 exteri
1008 3457 1233 3507 omnes;
1263 3440 1380 3509 qui,
1425 3445 1483 3492 ut
1516 3433 1775 3506 praeclare
1800 3448 1867 3488 ex
1897 3429 2212 3502 evangelico
2252 3427 2419 3501 525
2445 3425 2657 3482 Domini
2716 3429 2973 3485 mandato
3028 3426 3302 3498 insignem
3340 3426 3490 3481 illam
3556 3426 3806 3483 imitatio-

554 3546 641 3598 nis
696 3538 952 3608 angelica:
988 3542 1175 3590 notam
1203 3540 1366 3601 atque
1419 3526 1651 3583 formam
1675 3525 2063 3596 exprimerent,
2102 3523 2406 3588 semetipsos
2434 3531 2647 3590 propter
2674 3537 2890 3592 regnum
2935 3520 3138 3577 cariem
3176 3527 3544 3574 conruperant
3572 3519 3614 3573 ⁸.

584 3642 591 3657 ‘
625 3633 907 3687 Postremo
949 3628 1077 3681 licet
1113 3622 1286 3678 multa
1325 3619 1394 3676 de
1436 3618 1524 3675 bis
1552 3618 1606 3673 in
1643 3616 1884 3673 medium
1937 3614 2131 3671 aﬂ'erre

555 3723 855 3798 possimus,
886 3728 939 3776 et
971 3714 1225 3774 inﬁnitis'
1252 3712 1551 3785 Scriptura:
1588 3709 1918 3767 testimoniis
1951 3715 2007 3764 et
2037 3721 2132 3762 au-

555 3813 902 3873 ctoritatibus
968 3810 1183 3866 illusam
1247 3820 1279 3860 a
1338 3804 1560 3862 diabolo
1613 3810 1852 3858 mentem
1917 3800 2134 3865 illorum

557 3910 919 3979 redarguere,
971 3902 1164 3975 paucis
1211 3899 1320 3956 illis
1374 3897 1581 3954 erimus
1612 3892 1885 3960 contenti,
1926 3908 2050 3948 cum
2080 3900 2136 3948 et

556 4000 758 4071 alioqui
804 3994 1094 4052 manifesto
1140 3997 1355 4048 constet
1387 3989 1536 4043 nulla
1565 3987 1637 4041 ab
1688 3984 1976 4056 prudentia
1998 3981 2135 4037 \illo-

553 4109 676 4149 rum
706 4088 977 4163 proficisci
1007 4086 1250 4149 facinus,
1287 4096 1390 4137 nec
1429 4077 1699 4149 ejusmodi
1731 4093 1761 4131 a
1788 4076 1899 4132 Deo
1927 4074 2133 4163 deriva-

555 4195 666 4239 tam
705 4197 829 4239 esse
873 4178 1158 4237 scientiam
1189 4216 1203 4241 ,
1230 4172 1328 4230 sed
1356 4187 1420 4227 ex
1466 4171 1771 4226 daemonum
1811 4167 1996 4223 afﬂatu
2046 4168 2133 4222 lu-

556 4271 791 4327 dibrium
852 4266 999 4324 istud
1053 4278 1216 4321 omne
1270 4276 1336 4316 ac
1367 4258 1589 4316 nefandi
1641 4258 1868 4314 sceleris
1921 4256 2129 4312 crimen

2308 3614 2419 3668 Καὶ
2447 3612 2617 3667 πολλὰ
2638 3612 2738 3684 μὲν
2764 3608 2858 3667 οὖν
2879 3611 3092 3683 ἔχοντες
3112 3612 3241 3683 περὶ
3263 3611 3469 3664 τούτων
3501 3609 3701 3680 λέγειν,
3726 3613 3809 3667 καὶ

2238 3706 2304 3758 ἐκ
2329 3704 2537 3758 πολλῶν
2568 3705 2879 3759 συστάσεων
2921 3705 3023 3777 τῆς
3051 3705 3202 3770 θείας
3246 3704 3494 3776 Γραφῆς,
3518 3704 3621 3777 τὴν
3645 3705 3812 3759 αὐτῶν

2237 3797 2619 3868 διελέγχουσαν
2640 3798 2663 3831 ³
2686 3796 2924 3853 διάνοιαν
2950 3797 3055 3852 ὑπὸ
3092 3796 3341 3852 διαϐόλου
3382 3797 3810 3868 ἐμπαιζομὲνην,

2238 3891 2555 3964 ἀρκούμεθα
2580 3894 2693 3956 τοῖς
2713 3891 2911 3961 ὀλίγοις
2935 3891 3164 3953 τούτοις·
3216 3889 3406 3964 ἐπειδὴ
3447 3890 3632 3961 πάντη
3658 3889 3811 3958 σαφές

2239 3984 2407 4049 ἐστιν,
2453 3985 2535 4038 ὃτι
2568 3984 2628 4037 ού
2671 3985 2938 4048 συνέσεως
2982 3983 3113 4055 παρ’
3141 3963 3324 4046 αὐτοῖς
3348 3984 3384 4054 ἡ
3416 3982 3679 4053 ἐργασία,
3705 3981 3810 4036 οὑδὶ

2238 4075 2304 4130 ἐκ
2333 4075 2469 4130 Θεοῦ
2500 4079 2533 4148 ἡ
2559 4077 2781 4149 τοιαύτη
2804 4076 3005 4146 γνῶσις
3026 4093 3040 4108 ·
3079 4074 3216 4129 ἀλλὰ
3242 4075 3515 4144 δαιμόνων
3542 4075 3812 4148 ἐνεργείας

2237 4168 2270 4237 ή
2304 4166 2465 4239 χλεύη
2514 4168 2606 4221 καὶ
2656 4167 2862 4232 πτῶσις
2900 4166 3080 4221 αὐτῶν
3119 4167 3219 4238 τῆς
3250 4166 3518 4237 ἀθεμίτου
3562 4165 3815 4236 ἐργασίας

2236 4259 2463 4329 γίνεται.
2512 4260 2627 4316 Καὶ
2668 4260 2871 4333 ταύτην
2918 4260 2975 4314 δέ
3026 4259 3433 4332 παρωσάμενοι,
3489 4256 3686 4329 ὥσπερ
3723 4257 3813 4327 τὴν

556 4378 679 4421 esse
719 4360 1033 4417 conﬂatum.
1077 4356 1343 4426 Quocirca
1377 4368 1502 4409 cum
1536 4367 1638 4409 nos
1666 4352 1917 4409 haeresim
1944 4350 2126 4415 istam,

2236 4353 2413 4424 δεινὴν
2454 4354 2806 4423 σκυτάλην,
2849 4354 2947 4426 τὴν
2983 4353 3191 4425 ἔχιδναν
3237 4351 3608 4423 καλουμένην,
3659 4346 3812 4405 οὖσαν

555 4457 757 4525 viperae
784 4452 960 4508 instar
987 4450 1106 4520 ejus
1131 4489 1146 4515 ,
1188 4462 1351 4519 quam
1400 4444 1637 4517 scytalen
1670 4454 1896 4508 vocant,
1926 4442 2136 4512 repule-

2238 4448 2338 4519 μὲν
2370 4446 2449 4519 τῷ
2483 4446 2694 4519 σώματι
2720 4448 3002 4520 βραχεῖαν,
3024 4449 3090 4518 τῇ
3116 4446 3175 4499 δέ
3207 4445 3410 4517 ίοὸολίᾳ
3438 4443 3623 4499 δεινὸν
3640 4440 3813 4514 ἆσθμα

557 4544 765 4607 rimus;
795 4538 940 4611 quod
971 4537 1190 4609 quidem
1238 4536 1508 4606 serpentis
1550 4549 1726 4606 genus
1758 4548 1884 4588 cum
1934 4532 2126 4602 pusillo

2236 4539 2600 4611 ἐμπνέουσαν,
2639 4541 2733 4595 καὶ
2769 4542 2849 4603 είς
2889 4541 3017 4604 τοὺς
3059 4538 3454 4609 πλησιάζοντας
3503 4537 3609 4608 τὴν
3650 4537 3817 4607 λύμην

554 4649 787 4706 corpore
813 4633 905 4696 sit,
938 4631 1228 4686 molestum
1261 4640 1328 4682 ac
1355 4626 1651 4683 vehemens
1677 4625 1893 4682 astbma
1921 4638 2126 4680 veneno

2236 4630 2604 4702 ἐμφυσῶσαν·
2665 4630 2869 4703 ταύτην
2931 4630 3345 4702 συντρίψαντες,
3402 4628 3498 4682 ἐπὶ
3546 4630 3655 4693 τὰς
3700 4627 3819 4696 ἑξῆς

556 4745 658 4784 suo
690 4728 898 4799 injicit,
936 4734 990 4781 et
1040 4721 1605 4794 apprOpinquantibus
1635 4720 1811 4775 labem
1847 4733 1914 4774 ac
1961 4719 2126 4789 perni-

2236 4723 2425 4793 τωμεν,
2481 4721 2613 4775 Θεὸν
2662 4723 2877 4795 ἀρωγὸν
2922 4721 3410 4793 ἐπικαλεσάμενοι,
3460 4722 3544 4785 εἰς
3586 4723 3691 4795 τὴν
3728 4719 3819 4789 τῆς

552 4823 693 4877 ciem
754 4819 1028 4890 inspirat:
1066 4831 1193 4872 cum
1238 4815 1380 4870 hanc
1432 4814 1596 4886 igitur
1652 4813 1920 4868 hactenus
1968 4812 2126 4867 obtri-

2236 4814 2416 4884 πάσης
2438 4814 2822 4886 πραγματείας
2849 4802 3006 4887 ἡμῶν
3026 4813 3208 4868 ἔνθεον
3234 4813 3597 4884 ἐπαγγελίαν.

553 4917 835 4980 verimus,
874 4913 941 4967 ad
993 4910 1230 4981 reliquas
1283 4916 1667 4970 transeamus,
1723 4906 1770 4962 si
1820 4906 1976 4976 prius
2027 4903 2123 4960 Dei
2163 4920 2320 4976 opem
2368 4907 2884 4977 imploraverimus,
2927 4916 2987 4963 ut
3057 4906 3305 4963 divinum
3371 4907 3538 4978 plane
3583 4902 3820 4976 suscepti

554 5008 736 5081 operis
761 5007 1071 5065 institutum
1100 5002 1287 5057 favore
1313 5016 1415 5056 suo
1440 5008 1828 5083 prosequatur.
2550 5003 2557 5009 '

693 5119 1063 5177 ADVERSUS
1100 5113 1456 5176 ORIGENEM
1499 5112 1980 5178 ADAMANTIUM,

943 5213 1175 5268 eresis
1211 5208 1397 5266 XLIV
1431 5210 1534 5264 sive
1562 5205 1775 5262 LXIV.

625 5324 668 5383 ι.
698 5327 958 5399 Origenes
985 5366 999 5392 ,
1036 5332 1398 5397 cognomento
1434 5319 1818 5386 Adamantius,
1858 5318 2128 5388 sequitur.

2660 5054 2667 5061 .
3835 5018 3847 5057 ί

2307 5104 2494 5165 ΚΑΤΑ
2533 5111 2916 5166 ΩΡΙΓΕΝΟΥΣ
2953 5110 3067 5183 (23)
3096 5109 3235 5166 ΤΟΥ
3272 5105 3757 5170 ΔΔΔΜΔΝΤΙΟΥ,

2242 5202 2705 5271 Τεσσαρακοστὴ
2728 5202 2999 5272 τετάρτη,
3024 5205 3062 5272 ή
3086 5202 3185 5258 καί
3209 5198 3517 5270 ἑξηκοστή
3548 5198 3817 5266 τετάρτη.

2303 5316 2382 5372 A'.
2432 5314 2728 5388 Ὠριγὲνη-ς,
2757 5318 2786 5369 ό
2811 5318 2903 5370 καὶ
2942 5311 3291 5388 Ἀδαμάντιος
3325 5311 3675 5385 ἐπικληθεὶς,
3706 5306 3816 5366 καθ’

633 5466 649 5496 ¹
679 5440 843 5519 Hebr.
874 5475 992 5524 xm,
1022 5460 1109 5513 Η.
1186 5457 1249 5511 ’l
1283 5458 1408 5515 Cor.
1452 5471 1551 5522 vn,
1585 5455 1678 5510 54.
1756 5453 1775 5483 ³
1816 5450 2007 5506 Mattb.
2039 5464 2126 5504 xu

2236 5447 2279 5502 Ξ.
2357 5446 2377 5479 ⁸
2398 5443 2561 5501 Deest
2587 5445 2814 5516 aliquid.
2892 5445 2915 5478 ³
2943 5445 3072 5503 Cor.
3103 5444 3417 5516 διελέγχειν.

626 5577 740 5649 (25)
811 5571 1163 5649 Ὠρινενους.
1205 5567 1530 5649 ξίςοιιὶιμιιιιι
1601 5560 1950 5649 ρςίεοιιίξιιιὶε
1982 5561 2126 5649 ,τοῖἑ
2233 5554 2468 5649 Origene
2507 5554 2625 5649 illo
2655 5552 2795 5649 dicti
2840 5554 3004 5649 cujus
3054 5566 3271 5609 errores
3299 5551 3701 5633 copiosissime
3752 5547 3824 5625 in-

560 5618 926 5721 αξὲῖρἒποῖοῗξ
964 5618 1162 5702 locum
1201 5618 1529 5709 oasgéiii‘sia‘é
1568 5618 1673 5695 sibi
1702 5618 2021 5710 fvindicant,
2058 5618 2125 5687 ab
2183 5702 2186 5705 η
2236 5618 2477 5687 sectatur
2531 5618 2925 5697 Epipbanius.‘
2961 5623 3169 5682 Horum
3224 5618 3398 5680 enim'
3427 5637 3546 5696 prae
3606 5618 3821 5679 ceteris

3574 5832 3605 5852 ο
