3840 6062
522 193 651 247 1071

1933 200 1992 283 εὶ.
2034 196 2373 256 κριρηωῖιι

3665 208 3792 263 1079

516 321 626 360 non
663 305 990 376 permansit.
1024 305 1236 363 Etenim
1262 307 1334 363 ob
1365 308 1620 365 eximiam
1660 309 2011 387 sanctitatem
2042 327 2054 364 ι

2156 338 2169 374 ι
2198 314 2372 377 τέλος.
2400 313 2496 367 Διά
2526 314 2633 388 γὰρ
2661 315 2721 369 τὸ
2758 314 3090 387 ὲξοχώτατον
3116 316 3220 387 τῆς
3269 316 3588 389 ἁγιότητος
3636 321 3789 375 αὐτοῦ

514 392 899 459 eruditionem,
958 409 1229 449 summam
1268 403 1352 451 est
1387 397 1441 450 in
1465 397 1729 452 invidiam
1793 382 2087 465 adductus,

511 496 684 553 eaque
732 499 823 539 res
875 486 1227 555 magistratus
1279 500 1344 542 ac
1402 487 1687 558 praifcctos
1742 490 2089 563 majoremfin

516 574 736 651 modum
772 573 937 627 acuit.
979 572 1117 628 Tum
1172 574 1306 629 illud
1360 590 1490 631 vero
1538 577 1743 632 diaboli
1794 579 2089 635 calliditate

518 663 883 732 improbitatis
927 665 1164 723 artiﬁces
1210 668 1504 722 commenti
1545 676 1697 733 sunt,
1727 678 1786 725 ut
1822 670 1891 724 ad
1918 670 2089 740 turpi-

512 752 716 808 tudinis
768 755 1151 839 necessitatem
1208 755 1501 812 hominem
1558 757 1861 829 adigerent,
1921 767 2086 831 atque

511 844 779 913 ejusmodi
817 861 1033 916 poenam
1086 838 1413 915 statuerent,
1447 857 1510 919 ut
1566 849 1634 904 ad
1693 850 1840 906 illius
1864 854 2086 923 corpori

509 943 761 1004 stuprum
796 934 1138 990 inferendum
1180 934 1499 1006 Ethiopem
1547 949 1951 1009 compararent.
2000 939 2084 995 Ad

508 1024 623 1079 haec
647 1022 909 1095 Origenes
942 1023 1350 1093 fraudulentum
1383 1027 1517 1081 illud
1547 1027 1753 1083 diaboli
1787 1029 2081 1085 consilium

507 1132 618 1173 non
655 1117 961 1181 sustinens,
1023 1130 1211 1171 vocem
1266 1116 1412 1171 illam
1460 1118 1652 1184 edidit,
1704 1135 1811 1190 qua
1867 1121 2083 1177 duobus

507 1210 618 1264 illis
650 1208 969 1281 propositis,
1011 1210 1326 1266 sacriﬁcare
1356 1211 1567 1266 maluit.
1616 1211 1935 1283 Quanquam
1970 1231 2079 1270 non

503 1302 727 1355 omnino
754 1309 949 1370 sponte
994 1299 1126 1355 illud
1159 1314 1258 1355 sua
1285 1301 1608 1371 praestitisse
1635 1302 1798 1373 vulgo
1830 1303 2075 1373 dicitur;

502 1391 599 1448 sed
634 1392 725 1448 ubi
751 1392 919 1447 semel
954 1392 1055 1447 hoc
1085 1407 1144 1448 se
1180 1408 1305 1449 esse
1343 1391 1612 1448 facturum
1660 1409 1923 1451 assensus
1972 1404 2075 1461 est,

500 1484 627 1538 thus
659 1484 713 1538 in
743 1498 962 1538 manum
995 1482 1145 1539 illius
1178 1483 1500 1553 impositum
1532 1484 1585 1539 in
1624 1484 1932 1555 subjectum
1968 1499 2078 1541 arae

498 1579 677 1631 t'ocum
711 1578 1026 1643 excussisse
1052 1578 1284 1648 gentiles
1317 1586 1592 1635 asserunt.
1628 1578 1744 1635 Hoc
1776 1580 1936 1636 modo
1960 1588 2015 1637 et
2044 1596 2073 1635 a

2192 409 2286 462 καὶ
2314 409 2412 478 τῆς
2433 409 2786 481 προπαιδείας
2807 409 2900 463 ἐπὶ
2927 410 3178 464 πλεῖστον
3203 410 3411 479 φθόνον
3435 410 3783 483 διεϐέϐλητο·

2192 500 2287 552 καὶ
2322 500 2519 570 μᾶλλον
2552 499 2712 554 τοῦτο
2755 500 3044 572 παρώξυνε
3079 502 3207 564 τοὺς
3250 501 3403 555 κατά
3445 502 3653 574 καιρὸν
3679 505 3782 557 τότε

2188 591 2287 662 τὴν
2310 591 2721 662 ὲξουσιαστικὴν
2750 592 2927 664 ἀρχὴν
2951 591 3261 657 διέποντας.
3288 594 3715 666 Κακομηχανίᾳ
3734 597 3782 649 ἂ

2188 671 2487 752 διαϐολικῇ’
2509 681 2810 751 ἐπενόησαν
2839 683 2890 735 οἱ
2930 682 3031 753 τῆς
3055 682 3259 746 κακίας
3291 684 3546 756 ἐργάται
3571 686 3777 755 αἰσχρῦ-

2172 788 2325 841 ρτητα
2355 771 2434 843 τῷ
2491 772 2647 844 ἀνδρὶ
2683 772 3008 843 ἐπινοῆσαι,
3069 774 3165 827 καὶ
3195 775 3487 846 τιμωρίαν
3535 777 3775 848 τοιαύτην

2185 854 2382 935 δρίσαι,
2415 865 2495 927 είς
2532 863 2878 935 παράχρησιην
2918 863 2985 935 δὴ
3022 864 3117 918 τοῦ
3153 864 3324 920 αὑτοῦ
3374 865 3668 938 σώματος,
3694 870 3771 922 Δι-

2185 952 2348 1007 θίοπα
2382 953 2531 1024 αυτῷ
2564 956 3001 1025 παρασκευάσαι.
3041 957 3101 1009 ’0
3121 956 3200 1020 δὲ,
3230 956 3308 1028 μὴ
3337 957 3539 1029 φέρων
3568 959 3670 1030 τὴν
3692 961 3770 1028 τῆς

2182 1042 2496 1114 διαϐολικῆς
2528 1042 2810 1114 ἐνεργείας
2858 1042 3135 1109 ἐπίνοιαν,
3175 1043 3380 1116 ἔρρηξε
3420 1046 3644 1117 φωνὴν,
3680 1049 3766 1100 τῶν

2183 1133 2509 1204 ἀμφοτέρων
2557 1132 2934 1203 προτεθέντων
2979 1132 3129 1204 αὐτῷ
3179 1134 3580 1205 πραγμάτων,
3626 1135 3762 1190 θῦσαι

2187 1221 2385 1292 μᾶλλον
2414 1221 2690 1291 ἑλόμενος.
2733 1222 2809 1274 Οὐ
2836 1221 2945 1291 μὴν
2969 1221 3027 1274 δὲ
3063 1223 3291 1293 ἑκουσίᾳ
3328 1222 3541 1297 γνώμῃ
3583 1226 3760 1295 μᾶλλον

2179 1308 2338 1362 τοῦτο
2354 1308 2697 1393 ἐπετέλεσεν,
2721 1309 2798 1373 ὡς
2820 1308 2987 1370 πολὺς
3007 1308 3191 1385 ᾅδεται
3217 1308 3380 1380 λόγος
3396 1328 3410 1341 ·
3446 1312 3572 1365 ἀλλ’
3594 1314 3758 1384 ἐπειδὴ

2179 1400 2318 1464 ὅλως
2377 1400 2801 1473 καθωμολόγησε
2859 1400 3020 1456 τοῦτο
3075 1401 3303 1473 πρᾶξαι,
3367 1402 3638 1472 βαλόντες
3682 1408 3758 1459 ἐπὶ

2178 1494 2337 1564 χεῖρα
2363 1491 2528 1545 αὑτοῦ
2562 1492 2801 1557 λίϐανον,
2826 1495 2906 1556 εἰς
2931 1492 3029 1564 τὴν
3062 1493 3157 1546 τοῦ
3192 1492 3383 1563 βωμοῦ
3420 1495 3612 1565 πυρὰν
3640 1498 3756 1550 καθ-

2179 1584 2339 1655 ῆκαν.
2375 1584 2489 1638 Καὶ
2516 1583 2689 1648 οὕτως
2718 1583 2813 1637 τοῦ
2843 1585 3143 1656 μαρτυρίου
3169 1584 3280 1638 ἀπὸ
3316 1585 3434 1638 τῶν
3464 1587 3752 1656 κρινάντων

497 1666 748 1739 martyrii
801 1667 976 1737 gloria
1022 1667 1405 1724 confessorum
1489 1676 1922 1740 martyrumque,
1976 1687 2047 1741 qu

2172 1674 2520 1746 ὁμολοητῶν
2558 1691 2618 1728 τε
2666 1676 2762 1728 καὶ
2816 1674 3107 1746 μαρτύρων
3148 1674 3441 1745 ἀπεϐλήθη
3485 1655 3645 1742 τότε,
3672 1680 3750 1730 καὶ

497 1759 645 1815 illius
676 1758 1021 1829 temporibus
1052 1768 1230 1826 erant,
1273 1758 1485 1828 judicio
1537 1757 1759 1826 excidit,
1793 1769 1848 1815 et
1876 1762 1945 1817 ab
1977 1760 2074 1817 Ec—

493 1848 658 1904 clesia
706 1848 956 1918 dejectus
997 1856 1101 1904 est.
1148 1847 1359 1902 Accidit
1410 1848 1514 1903 hoc
1559 1848 1934 1918 Alexandria;
1977 1852 2070 1907 ubi

497 1953 622 1993 cum
644 1938 1097 2009 exprobrantium
1129 1938 1365 1993 ludibria
1390 1937 1533 1994 ferre
1559 1954 1669 1995 non
1699 1949 1905 2010 posset,
1921 1942 2069 1998 illinc

492 2030 648 2097 abiit,
680 2038 734 2085 et
759 2030 817 2084 in
860 2028 1171 2094 Palaestina,
1203 2029 1319 2086 sive
1337 2028 1534 2086 Iudaea
1562 2030 1898 2087 domicilium
1937 2047 2071 2089 con-

495 2124 689 2177 stituit.
724 2120 886 2177 Forte
916 2121 1148 2191 contigit
1185 2128 1257 2176 rut
1284 2120 1726 2194 Hierosolymam
1760 2122 2066 2195 profectus,

495 2224 553 2269 ut
581 2222 697 2269 erat
732 2229 1021 2271 sacrarum
1074 2214 1380 2269 litterarum
1432 2216 1685 2286 egregius
1721 2225 1775 2271 et
1801 2216 2068 2273 eruditis-

489 2308 663 2361 simus
693 2307 986 2376 interpres,
1020 2305 1089 2360 ab
1124 2306 1474 2363 sacerdotum
1537 2305 1769 2378 collegio
1810 2306 1961 2377 (nam
2015 2320 2068 2365 et

488 2399 603 2468 ipse
625 2439 640 2462 ,
669 2397 997 2467 priusquam
1037 2396 1398 2461 sacriﬁcaret,
1423 2396 1491 2452 ad
1513 2395 1803 2452 sacerdotii
1836 2397 2063 2468 gradum

485 2492 799 2560 pervenisse
826 2489 1072 2559 dicitur),
1122 2489 1187 2543 ad
1229 2489 1395 2545 verba
1430 2489 1486 2543 in
1535 2488 1776 2544 Ecclesia
1811 2487 2061 2545 facienda

486 2581 893 2636 sollicitaretur.
952 2579 1200 2650 Cumque
1255 2579 1326 2635 ab
1374 2580 1463 2646 iis,
1499 2579 1577 2634 uti
1612 2578 1750 2644 dixi,
1783 2578 1876 2649 qui
1931 2589 2059 2669 tunc

485 2673 881 2728 sacerdotalem
913 2673 970 2727 in
997 2671 1244 2728 Ecclesia
1277 2672 1597 2742 dignitatem
1635 2670 1975 2734 obtinebant,
2005 2672 2056 2727 vi

488 2748 882 2833 propemodum
918 2763 985 2819 ad
1033 2763 1087 2818 id
1123 2762 1393 2834 agendum
1449 2762 1841 2833 impelleretur,
1873 2762 1964 2817 ille
2000 2762 2056 2817 in

483 2856 646 2926 pedes
672 2868 1033 2925 consurgens,
1071 2855 1298 2925 reliquis
1343 2852 1593 2909 versibus
1647 2853 2053 2922 praetermissis,

559 3038 575 3067 ‘
595 3037 654 3092 F.
687 3037 1138 3111 προτρεπομένων
1167 3038 1242 3092 δέ.

2173 1766 2283 1820 ἀπὸ
2325 1765 2424 1836 τῆς
2477 1765 2806 1834 Ἐκκλησίας
2858 1764 3087 1835 ὲξεώθη.
3141 1765 3232 1817 Ἐν
3278 1764 3666 1837 ’Δλεξανδρείᾳ
3701 1768 3746 1820 δὲ

2172 1852 2331 1907 τοῦτο
2359 1852 2631 1917 ὑποστὰς,
2683 1853 2779 1906 καὶ
2811 1851 2886 1923 μὴ
2930 1850 3228 1921 δυνάμενος
3253 1850 3355 1923 τὴν
3406 1852 3524 1905 τῶν
3570 1853 3745 1906 evenit-

2173 1943 2375 2008 ζόντων
2417 1942 2616 2015 χλεύην
2664 1942 2872 2014 φέρειν,
2911 1941 3249 2019 ἀνεχώρησε,
3287 1944 3384 1997 καὶ
3424 1943 3531 2016 τὴν
3559 1946 3744 1999 Παλαι-

2175 2032 2383 2103 στίνην,
2420 2033 2669 2087 τουτέστι
2695 2035 2795 2105 τῆς
2833 2033 3097 2097 Ἰουδαίας
3122 2038 3405 2089 κατοικεῖν
3430 2037 3539 2107 γῆν
3566 2038 3736 2095 anno.

2185 2123 2447 2176 ’Δνελθὼν
2476 2124 2615 2193 γοῦν
2632 2126 2713 2188 είς
2749 2124 2819 2177 τὰ
2859 2123 3236 2195 Ἰεροσόλυμα,
3271 2126 3368 2179 καὶ
3410 2127 3492 2191 ὡς
3522 2127 3737 2191 τοιοῦτος

2163 2211 2442 2285 ἐξηγητὴς
2466 2212 2561 2267 κα).
2590 2213 2791 2282 λόγιος,
2816 2214 3184 2285 προετρέπετο
3205 2216 3316 2270 ἀπὸ
3343 2217 3439 2270 τοῦ
3465 2220 3733 2290 ίερατείου.

2167 2304 2305 2357 Φασὶ
2346 2303 2454 2375 γὰρ
2495 2304 2658 2359 αὑτὸν
2694 2305 2789 2359 καὶ
2831 2305 3229 2377 πρεσϐυτερίου
3273 2309 3645 2381 κατηξιιῖισθαι
3681 2311 3735 2365 τὸ

2168 2396 2333 2468 πρὶν,
2364 2394 2529 2467 πρινὴ
2562 2395 2656 2450 τοῦ
2698 2395 2880 2453 θῦσαι.
2916 2397 3362 2469 Προτρεπόμενοι
3382 2401 3423 2464 ί,
3457 2401 3537 2465 ὡς
3580 2402 3733 2475 ἔφην,

2165 2489 2328 2544 αὑτὸν
2366 2489 2459 2542 ἐπὶ
2517 2489 2616 2559 τῆς
2657 2488 2983 2560 Ἐκκλησίας
3029 2490 3235 2553 εἰπεῖν,
3270 2490 3368 2543 καὶ
3412 2492 3583 2546 πολλά
3620 2511 3733 2547 κατ-

2162 2579 2589 2648 αναγκασόωτων
2611 2576 2912 2651 τηνικαῦτα
2939 2579 2996 2630 ὲν
3019 2576 3419 2650 Ἰεροσολύμοις
3449 2582 3552 2653 τὴν
3586 2584 3731 2655 ἱερω-

2165 2669 2330 2741 σύνην
2369 2671 2468 2741 τῆς
2525 2670 2689 2741 ἁγίας
2749 2669 3071 2742 Ἐκκλησίας
3120 2670 3418 2725 διεπόντων
3440 2712 3457 2737 ,
3512 2675 3735 2738 ἀναστὰς

2163 2762 2257 2815 ἐπὶ
2296 2760 2465 2824 πόδας
2499 2760 2562 2814 τὸ
2596 2760 2759 2833 ῥητὸν
2808 2760 2968 2831 μόνον
3002 2757 3094 2813 τοῦ
3133 2758 3352 2831 ψαλμοῦ
3397 2763 3496 2816 τοῦ
3548 2782 3736 2821 τεσσα-

2160 2852 2428 2924 ρακοστοῦ
2475 2853 2664 2909 ἐνάτου
2695 2851 2866 2908 εἰπὼν
2885 2892 2901 2921 ,
2938 2852 3036 2924 τὴν
3069 2852 3251 2907 πᾶσαν
3278 2854 3566 2927 διαστολὴν
3603 2875 3739 2929 παρ-

2635 3093 2663 3113 \

477 3220 652 3300 minit.
668 3219 835 3300 Atqui
856 3235 956 3277 nos
971 3218 1333 3300 Epipliaiiium
1364 3218 1712 3298 opponimus,
1734 3232 1845 3289 quo
1876 3232 2053 3300 neque
2080 3222 2122 3279 C
2156 3216 2317 3298 cujus
2345 3223 2629 3297 tantopere
2664 3210 2814 3300 illum
2848 3213 3174 3300 pinnituisse
3204 3215 3432 3298 scirent,
3454 3232 3538 3300 _i_ie
3562 3216 3731 3300 horni-

474 3292 839 3362 antiquiorem
870 3291 1172 3362 aucturein,
1222 3304 1399 3360 neque
1428 3291 1741 3362 graviorem
1772 3291 2051 3358 requirere

473 3357 769 3427 debemus;
827 3362 919 3431 qui
973 3360 1042 3415 de
1085 3357 1505 3431 Drigene'fvelut
1550 3357 1882 3431 compertam
1936 3373 2049 3412 rem

472 3425 804 3499 minimeque
844 3425 1073 3486 dubiam
1136 3425 1269 3484 illud
1299 3497 1308 3499 ξ
1340 3430 1516 3499 ipsum
1568 3425 1795 3499 retulit._
1831 3425 1890 3481 in
1937 3442 2049 3499 quo

471 3497 802 3569 magnopere
850 3499 1260 3569 ponderandum
1288 3497 1440 3569 istud
1489 3505 1594 3565 est,
1647 3497 1861 3569 quoties
1900 3497 2049 3569 ejus-

470 3566 619 3625 modi
647 3566 1505 3640 aliquid'proponitEpiphanius,
1532 3566 1768 3640 quodad
1788 3566 2043 3640 alicujus.

470 3640 636 3694 etiam
656 3636 896 3708 alioquin
914 3636 1177 3702 bairetici,
1196 3636 1263 3692 ac
1280 3636 1472 3708 nefarii
1492 3636 1749 3708 hominis,
1787 3636 2045 3693 invidiam

471 3706 941 3780 ignominiamque
978 3708 1255 3780 pertinet,
1313 3707 1389 3780 id,
1419 3707 1464 3762 si
1493 3706 1674 3761 dubiae
1715 3708 2046 3780 minimeque

473 3778 780 3835 constantis
805 3778 1088 3840 fa'mtesit,
1119 3779 1382 3833 nonnulla
1418 3792 1543 3832 cum
1585 3778 1938 3833 excusatione
1960 3778 2047 3833 ’ac

470 3850 772 3907 titubanter
809 3851 879 3904 ab
926 3850 1019 3904 illo
1056 3848 1391 3919 signiﬁcari;
1444 3855 1607 3919 atque
1641 3847 1746 3901 hoc
1788 3847 2043 3919 inprimis

471 3921 676 3987 caveri,
711 3936 779 3976 ne
808 3920 1017 3976 incerta
1050 3916 1613 3987 re'commemoranda
1649 3916 1857 3987 certam
1881 3917 2045 3971 alicui

473 3984 754 4046 infamiam
784 4005 847 4046 ac
891 3986 1133 4045 dedecus
1167 3984 1582 4059 imponat.__lloc
1610 4000 1741 4059 vero
1769 3986 1890 4040 loco
1917 3987 2044 4059 nul-

471 4061 581 4115 lam
625 4060 934 4116 istiusmodi
969 4056 1275 4114 cautionem
1321 4056 1588 4119 adhibuit,
1644 4056 1763 4118 sed,
1807 4072 1933 4110 cum
1977 4057 2043 4112 de

467 4132 621 4201 lapsu
655 4138 710 4185 et
744 4130 1127 4201 injectothure
1148 4134 1449 4201 constaret,
1474 4127 1593 4201 hoe
1605 4140 1772 4201 unum
1795 4127 2039 4201 excepit,

466 4192 611 4269 quod
641 4202 685 4255 si
708 4192 893 4254 verum
919 4208 1025 4264 est,
1047 4199 1111 4269 ad
1137 4195 1531 4269 sublevandum
1554 4192 1847 4265 Origenem
1870 4192 2038 4269 va:le_t,

467 4264 854 4346 nonnullorum
884 4268 1081 4346 jactari
1109 4264 1502 4346 sermonibus,
1537 4264 2039 4346 nequaquam

468 4354 657 4405 geriem
689 4340 865 4408 ipsum
886 4333 1025 4393 'thus
1056 4335 1505 4408 adolevissetsed
1532 4333 1659 4408 cum
1693 4333 1816 4404 ejus
1854 4333 2039 4408 digitis

465 4403 613 4463 esset
642 4403 977 4477 impositum,
1013 4408 1067 4461 in
1108 4403 1414 4477 subjectum
1445 4419 1554 4477 ara:
1589 4403 1768 4477 focum
1798 4403 2038 4477 agenti-

467 4479 612 4534 libus
644 4475 937 4533 excussum
975 4477 1162 4530 fuisse.
1225 4476 1381 4541 Quod
1422 4475 1585 4544 igitur
1615 4475 1670 4528 iu
1702 4475 2036 4530 sacrificium

466 4565 531 4602 ac
560 4549 819 4618 majorem
853 4547 1091 4618 sceleris
1137 4555 1344 4618 partem
1375 4546 1717 4600 consenserit
1744 4545 2033 4613 Origenes,

2156 3288 2242 3342 nis
2279 3286 2553 3342 memoriae
2596 3286 3338 3359 iusultare,_obtrectarique
3365 3288 3527 3359 Avellc
3554 3292 3728 3359 potius

2153 3371 2315 3428 quam
2339 3370 2557 3411 errores
2579 3353 2844 3410 damnare
2864 3355 3200 3428 viderentur.
3228 3353 3301 3410 De
3325 3357 3476 3419 aliis,
3502 3353 3726 3428 quorum

2150 3426 2355 3495 scripta
2408 3441 2519 3481 non
2567 3432 2825 3495 exstant,
2852 3425 3213 3495 pronuntiare
3259 3428 3483 3483 nonnisi
3521 3425 3727 3485 temere

2151 3494 2470 3567 possumus.
2496 3495 2681 3567 Altera
2710 3495 2764 3567 in
2794 3494 3093 3567 Annaiibus
3119 3495 3438 3564 conjectura
3472 3513 3583 3567 noiu
3615 3501 3726 3567 plus

2149 3566 2416 3631 veritatis,
2441 3566 2625 3619 minus
2655 3566 2819 3619 etiam
2854 3565 3256 3635 probabilitatis
3284 3567 3473 3623 habet.
3529 3565 3724 3623 Falsis-

2149 3637 2348 3691 simum
2377 3637 2522 3691 enim
2557 3643 2640 3689 est
2666 3634 2928 3690 intextam
2959 3634 3101 3689 hanc
3134 3636 3445 3693 Epiphanio
3477 3638 3722 3693 laciniam

2149 3653 2348 3691 almum
2377 3653 2522 3691 enim
2557 3653 2640 3689 εει
2666 3653 2928 3690 ιηιθκιίιιιι
2959 3653 3101 3689 nanc
3134 3653 3175 3690 l1.
3217 3653 3230 3688 I
3278 3653 3445 3690 nanio
3477 3653 3722 3693 laciniam

2147 3720 2292 3770 esse,
2338 3720 2464 3760 cum
2499 3720 2677 3774 neque
2723 3705 2790 3759 de
2824 3705 2964 3776 stylo
3010 3705 3128 3774 ipso
3157 3653 3397 3760 ἀπίω-ἰ
3426 3709 3626 3776 possit.
3674 3718 3723 3763 et

2148 3776 2348 3858 quibus
2380 3776 2432 3857 id
2459 3776 3075 3858 argumeittis.~etlic'itur,
3101 3776 3399 3857 levia_sint,
3422 3779 3719 3858 imo_nu_l_la.

2146 3844 2507 3916 Epiphanius,
2530 3844 2727 3916 inquit,
2757 3844 2894 3916 libro
2920 3845 2992 3899 De
3020 3846 3284 3901 mensuris
3309 3863 3375 3899 ac
3407 3848 3722 3913 ponderibus

2145 3914 2305 3986 plane
2326 3914 2826 3986 contrariadocuit.
2863 3915 3065 3970 Scribit
3082 3917 3227 3970 enim
3251 3932 3265 3967 :
3289 3916 3335 3968 F
3339 3917 3574 3972 [eruisse
3606 3918 3723 3974 Ori-

2142 3985 2321 4055 genem
2350 4002 2384 4038 a
2416 3985 2737 4054 temporibus
2767 3985 2911 4039 Decii
2933 4001 3095 4055 usque
3127 3986 3196 4039 ad
3232 3987 3450 4041 Gallum
3485 3999 3535 4041 et
3572 3989 3725 4044 l’olx-

2143 4057 2377 4111 sianum.
2415 4056 2515 4111 Ubi
2547 4058 2671 4119 ‘vox,
2704 4055 2907 4125 ﬂoruit,
2938 4070 3046 4109 non
3073 4056 3212 4110 idem
3241 4067 3324 4112 est
3352 4072 3417 4111 ac
3454 4059 3605 4122 vixit,
3633 4061 3721 4115 sed

2143 4127 2484 4198 Splendorem
2517 4140 2584 4179 ex
2619 4125 2870 4198 doctrina
2904 4127 3523 4198 quasitumsignilicat.
3567 4130 3649 4184 Ac
3674 4132 3720 4185 si

2144 4195 2258 4250 tum
2292 4197 2479 4266 lapsus
2515 4207 2660 4250 esset
2691 4195 2974 4266 Origenes,
3010 4212 3119 4250 non
3164 4195 3313 4251 illum
3360 4198 3615 4255 floruisse
3642 4201 3723 4255 di-

2141 4273 2290 4338 ceret
2325 4266 2683 4338 Epiphanius.
2719 4266 2925 4338 __\’ei_'um
2958 4266 3229 4336 ἀκμάζειν
3258 4278 3312 4321 et
3354 4267 3547 4335 ﬂorere
3579 4273 3720 4338 apud

2141 4336 2205 4389 ch
2215 4336 2506 4410 ronologos
2528 4335 2661 4389 nihil
2683 4335 2827 4389 aliud
2845 4344 2949 4410 est,
2963 4350 3126 4410 quam
3144 4337 3521 4410 commendari
3541 4335 3718 4410 vuigo,

2139 4412 2194 4460 et
2222 4407 2275 4465 in
2310 4406 2492 4474 aliqua
2524 4414 2747 4474 pmpter
2790 4406 3152 4460 eruditionem
3201 4414 3294 4460 aut
3335 4407 3596 4463 virtutem
3629 4406 3721 4465 ἧος

2140 4476 2305 4530 miuis
2340 4476 2588 4530 claritate
2616 4476 2845 4530 versari.
2877 4474 3031 4530 Hanc
3057 4491 3190 4531 vero
3216 4480 3487 4531 doctrinae
3518 4480 3717 4534 famam

2142 4558 2208 4599 ac
2241 4545 2586 4615 splendorem
2615 4544 2835 4614 Origeni
2867 4561 3044 4615 neque
3082 4547 3233 4615 prior
3267 4548 3359 4600 illa
3395 4548 3719 4604 idololatriae

466 4594 1434 4686 ἓὶἧιίἱῆἶὲἶιὶὶύίῖἆᾷἰῖΕρῶῐεὶἷιῖιὶδῖ
1446 4594 2035 4686 ”ἷιὶἰῖιῖἧξ”εἱρῗἐέξιῖῐιί
2068 4594 2113 4649 D
2141 4594 3716 4686 5.11.35;Etiamnest;Himera:tissimi:th

465 4689 569 4743 hoc
602 4692 669 4742 ab
701 4690 871 4742 invito
899 4684 1110 4742 facinus
1131 4684 1375 4755 ejusdem
1406 4701 1569 4738 manu
1600 4684 2039 4740 administratum

464 4759 650 4819 fuerit.
687 4760 736 4813 id
771 4774 900 4813 vero
924 4758 1211 4813 dubitavit.
1232 4756 1443 4813 .Czcteri
1468 4755 1561 4824 qui
1588 4757 1670 4808 vel
1699 4755 2039 4824 antiquiores

464 4829 807 4899 Epiphanio,
884 4830 967 4881 vel
1021 4828 1169 4881 illius
1202 4826 1473 4899 temporis
1543 4839 1809 4899 suppares
1859 4836 2036 4899 erant,

466 4894 663 4969 partim
685 4900 937 4969 Origeuis
969 4913 1155 4953 amore
1183 4894 1602 4969 dissiinuiarunt
1622 4933 1637 4957 ,
1673 4894 1868 4962 partim
1890 4898 2039 4969 quod

466 4965 533 5023 ad
590 4987 701 5025 rem
744 4965 969 5024 minime
1020 4970 1257 5031 faceret,
1322 4965 1614 5020 scribendo
1674 4967 2037 5033 praetermise-

463 5047 609 5093 runt.
683 5044 860 5110 Atque
918 5040 1184 5093 Eusebius
1229 5037 1480 5110 quidem,
1545 5042 1733 5110 utpote
1780 5033 2035 5110 Origenis

462 5105 785 5172 admirator,
828 5112 1082 5165 consulto
1118 5117 1175 5161 ut
1209 5105 1504 5169 omitteret,
1554 5105 1751 5160 fecisse
1788 5106 2031 5171 videtur;

465 5192 587 5230 nam
619 5182 753 5233 nihil
784 5195 973 5234 eorum
1019 5180 1209 5239 tacuit,
1245 5191 1365 5246 qua:
1396 5175 1465 5228 ad
1508 5176 1652 5230 illius
1682 5178 2035 5233 commenda-

462 5248 665 5302 tionem
687 5289 700 5310 .
732 5250 864 5303 nihil
894 5249 1093 5310 attulit,
1113 5248 1260 5317 quod
1288 5246 1730 5317 adminueudam
1745 5246 2030 5317 existinm-

462 5318 665 5387 tionem
701 5320 921 5373 valeret.
960 5314 1174 5387 Reliqui
1210 5326 1318 5370 tam
1350 5316 1616 5380 fautores,
1649 5332 1812 5387 quam
1840 5314 2033 5370 adver-

460 5386 594 5443 sarii
616 5388 885 5458 Origenis,
904 5404 1029 5442 cum
1053 5386 1119 5441 de
1144 5389 1327 5458 impiis
1352 5387 1471 5457 ejus
1494 5386 1840 5456 dogmatibus
1865 5395 2028 5455 atque

458 5457 740 5514 erroribus
768 5458 820 5511 in
852 5468 1128 5513 certamen
1159 5457 1693 5528 disputationemque
1723 5459 2022 5528 venissent,

458 5527 618 5582 facile
650 5535 1025 5596 contempsere
1059 5526 1276 5581 caetera.
1331 5529 1408 5580 Ac
1444 5528 1688 5596 profecto
1722 5526 1790 5581 de
1818 5542 1883 5581 eo
1913 5530 2024 5580 cri-

457 5598 603 5657 mine
632 5599 780 5656 sileri
836 5615 866 5652 tt
914 5598 1282 5654 sanctissimis
1310 5600 1439 5654 viris
1469 5598 1841 5667 :cquissitnttui
1889 5597 2023 5664 fuit,

2139 4685 2323 4757 neque,
2347 4685 2619 4757 posterior
2650 4694 2732 4740 tot
2761 4701 2823 4740 ac
2864 4694 2987 4757 tame
3009 4686 3393 4757 multiplicium
3425 4685 3717 4745 hzeresium

2134 4754 2363 4830 infamia
2385 4755 2574 4830 potuit
2603 4757 2931 4830 opprimere.
2954 4754 3337 4830 Peiudeialso
3366 4758 3591 4813 Decium
3626 4775 3717 4830 pro

2137 4825 2340 4897 Severo
2381 4827 2470 4880 hic
2502 4834 2824 4897 usurpatum
2852 4828 2920 4880 ab
2954 4826 3259 4896 Epiphanio
3293 4829 3457 4897 paulo
3478 4838 3608 4884 ante
3625 4825 3719 4884 ilo.

2135 4896 2368 4968 cuimus.
2404 4896 2716 4968 secundum
2747 4897 2859 4950 haec
2883 4897 3225 4968 Augustinus
3251 4896 3411 4968 nobis
3434 4899 3715 4968 objicitur,

2133 4966 2227 5034 qui
2263 4958 2491 5038 c'umde
2512 4965 2745 5036 Origene
2779 4958 3082 5038 omnia'sit
3130 4984 3198 5022 ex
3248 4958 3561 5038 Epiphanio
3595 4958 3713 5025 mu;

2136 5042 2343 5098 tuatus,
2387 5035 2455 5091 de
2509 5035 2830 5106 turpissimo
2883 5037 2977 5090 illo
3022 5039 3179 5106 lapsu
3226 5035 3457 5093 verb—um
3507 5041 3713 5093 nullum

2134 5108 2387 5175 aspersit.
2424 5107 2528 5162 Sed
2558 5117 2738 5161 utrum
2768 5108 2869 5162 hoc
2890 5107 3461 5176 EpiphaniiAdversus
3493 5112 3714 5164 hirreses

2133 5176 2472 5232 luculentum
2488 5192 2633 5251 opus
2652 5180 2718 5251 ab
2733 5182 3038 5246 Augustino
3065 5178 3265 5251 lectum
3287 5180 3477 5251 fuerit,
3499 5191 3716 5251 prnpter

2132 5261 2444 5320 eascausas
2468 5248 2702 5320 dubitari
2732 5260 2928 5320 potest,
2953 5263 3075 5315 qua:
3098 5249 3152 5300 in
3178 5248 3528 5317 praefatione,
3551 5248 3713 5320 quam

2132 5318 2282 5385 operi
2326 5319 2428 5388 ipsi
2472 5319 2819 5388 prieiiximus.
2867 5319 2933 5371 ad
2967 5323 3228 5372 lectorem
3277 5320 3537 5387 pluribus
3570 5318 3713 5375 sunt

2131 5401 2161 5438 a
2195 5385 2655 5460 nobts'cxpositte.
2700 5385 2921 5460 [frustra
2955 5388 3143 5456 igitur,
3200 5398 3261 5441 ut
3279 5385 3520 5458 quidem
3552 5405 3712 5460 appa-

2129 5467 2231 5519 ret,
2265 5458 2557 5514 sollicitata
2606 5458 2777 5510 estin
2830 5459 3120 5512 annalibus
3174 5461 3521 5514 narrationis
3572 5458 3709 5514 illius

2127 5528 2398 5597 istiusque
2428 5530 2528 5581 loci
2579 5526 2729 5587 ﬁdes,
2767 5543 2889 5579 cum
2919 5529 3065 5580 nulla
3107 5528 3177 5582 ad
3219 5542 3345 5584 eam
3378 5530 3715 5586 labefactan-

2127 5599 2251 5652 dam
2284 5598 2418 5655 satis
2449 5599 2599 5652 tirma
2633 5602 2767 5652 ratio
2795 5599 2862 5653 sit
2895 5597 3078 5652 atlata.
