3948 6068
227 220 365 279 1071

894 227 1279 288 ADVERSUS
1304 231 1650 293 IIEBESES
1687 237 1792 293 LII]

1902 281 1914 293 .
1957 234 2117 291 TOM.
2152 233 2574 291 l.-—ll.1£RES.
2610 232 2795 288 LXIV.

3333 231 3464 293 1078

227 341 448 415 Διόπερ,
483 343 637 413 φησι,
672 346 766 401 καὶ
800 346 971 419 δέμας
1006 349 1272 421 κέκληται
1297 353 1357 407 τὸ
1394 355 1576 427 σῶμα,
1614 356 1709 412 διὰ
1734 357 1792 411 τὸ

1897 370 2140 421 causam,
2169 354 2266 422 ait,
2309 361 2367 412 et
2401 368 2602 424 corpus
2645 353 2817 424 δέμας
2855 350 3143 423 appellari,
3170 350 3315 421 quod
3348 367 3472 406 eor-

226 431 467 487 δεδέσθαι
518 434 618 507 τὴν
653 435 832 508 ψυχὴν
874 439 933 493 ὲν
979 439 1057 511 τῷ
1104 441 1351 513 σώματι·
1410 445 1510 518 τὴν
1566 446 1805 504 παλαιὰν

237 519 503 591 Ἑλλήνων
535 523 751 595 μυθώδη
781 525 1032 583 ὑπόνοιαν
1062 532 1483 605 φανταζόμενοςι
1509 537 1604 601 Et;
1628 536 1799 592 ταῦτα

224 610 281 665 δὲ
302 613 395 666 καὶ
424 611 626 683 μύθους
658 615 951 675 ἐκτίθεται.
969 620 1162 692 Ψυχὴν
1190 622 1318 696 γὰρ,
1342 629 1494 697 φησὶ,
1528 626 1614 681 διὰ
1644 627 1799 682 τοῦτο

225 702 515 770 καλοῦμεν,
538 704 626 760 διὰ
648 707 710 761 τὸ
736 707 943 764 ἄνωθεν
969 710 1215 784 ὲψύχθαι.

293 879 611 953 Μαρτυρίας
629 884 686 938 δὲ
708 886 849 941 κατά
866 886 959 943 τὸν
985 887 1114 943 ἴδιον
1142 890 1264 945 νοῦν
1286 892 1670 948 ὲπιπλάττεται
1692 895 1798 949 ἀπὸ

224 969 332 1022 τῶν
354 969 513 1026 θείων
546 974 800 1047 Γραφῶν,
838 980 938 1050 οὑχ
981 980 1157 1046 οὕτως
1187 982 1444 1053 ὲχοιῖσας,
1474 985 1593 1043 οὐδὲ
1628 986 1798 1049 οὕτως

224 1061 528 1134 δεδομένας.
544 1068 617 1121 Τὸ
635 1069 958 1143 γάρλεῑπεῖν,
984 1077 1135 1146 φησι,
1153 1075 1242 1129 τὸν
1274 1078 1589 1150 Προφήτην,
1611 1078 1796 1148 Πρινή

225 1159 661 1227 ταπινωῆναι
690 1180 787 1231 με,
827 1164 942 1234 ἐγὼ
972 1166 1449 1239 ἐπλημμέλησα,
1504 1169 1564 1235 ἐξ
1606 1171 1795 1243 αὐτῆς,

226 1246 378 1313 φησι,
408 1248 507 1319 τῆς
542 1250 722 1322 ψυχῆς
749 1255 777 1307 ό
810 1254 988 1324 λόγος,
1019 1256 1094 1320 ὡς
1124 1257 1236 1311 ἄνω
1266 1259 1323 1312 ὲν
1355 1259 1567 1331 οὐρανῷ
1590 1260 1799 1332 ἐπλημ-

227 1334 449 1407 μέλησε,
485 1342 649 1415 πρινὴ
686 1346 744 1397 ἐν
773 1345 854 1417 τῷ
878 1347 1088 1419 σώματι
1108 1350 1566 1406 τεταπεινῶσθαι⁹
1602 1353 1697 1419 καὶ
1719 1354 1798 1426 τῷ

226 1426 432 1495 εἰπεῖν,
477 1432 670 1501 φησὶν,
710 1435 1131 1508 Ἐπίστρεψον,
1176 1442 1349 1510 ψυχή
1388 1460 1527 1511 μου.
1570 1446 1656 1511 εὶς
1685 1444 1800 1514 τὴν

223 1514 574 1574 ἀνάπαυσιν
600 1539 740 1590 σου,
774 1524 849 1589 ὡς
889 1528 987 1581 τοῦ
1027 1528 1535 1601 ἀνδραγαθήσαντος
1567 1532 1798 1587 ἐνταῦθα

222 1605 281 1659 ἐν
307 1608 643 1686 ἀγαθοεργίᾳ
680 1614 1098 1688 ἐπιστρέφοντος
1130 1621 1210 1685 είς
1235 1621 1335 1695 τὴν
1359 1621 1471 1677 ἀνω
1491 1624 1796 1679 ἀνάπαυσιν

1902 448 2019 519 pori
2074 446 2278 517 illigata
2335 447 2430 502 sit~
2458 445 2659 500 anima.
2706 443 2764 498 in
2816 457 2927 513 quo
2952 452 3130 498 vetera
3158 441 3470 496 Graecorum

1901 538 2111 596 somnia
2159 552 2224 594 ac
2283 551 2457 608 nugas
2497 536 2711 592 retexit.
2743 534 2886 602 Quin
2919 531 3301 589 nonnullasad
3325 546 3474 588 eam-

1901 627 2024 682 dem
2052 626 2378 684 sententiam
2413 624 2626 680 fabulas
2654 623 3047 679 accommodat.
3073 620 3207 675 Nam
3233 620 3471 674 animam

1900 717 2067 788 528
2095 718 2165 772 ob
2199 717 2274 782 id,
2322 716 2517 786 inquit,
2544 715 2721 787 ψυχὴν
2762 715 3017 779 dicimus,
3073 712 3218 784 quod
3256 712 3471 767 cmlitus

1899 808 2074 863 amata
2109 808 2201 864 sit.
3184 875 3188 878 7

1971 898 2051 953 Ad
2102 899 2216 953 haec
2269 905 2456 953 certas
2498 897 2565 951 ad
2619 897 2908 967 opinionis
2951 896 3101 953 falsae
3154 894 3468 967 praesidium

1899 992 2255 1046 auctoritates
2288 989 2463 1056 aliert,
2488 1005 2626 1059 quas
2657 988 2958 1060 Scripturis
2985 988 3160 1045 sacris
3182 1001 3468 1060 perperam

1900 1080 2104 1151 aliingit
2134 1100 2146 1136 :
2184 1096 2302 1152 quae
2350 1096 2451 1136 nec
2501 1082 2573 1136 ita
2609 1096 2733 1137 sese
2784 1081 3006 1146 habent,
3031 1094 3095 1135 ae
3123 1081 3282 1152 longe
3313 1077 3472 1131 aliter

1900 1182 2030 1228 sunt
2078 1173 2253 1229 editae.
2306 1172 2459 1240 Quod
2513 1173 2658 1228 enim
2713 1187 2743 1225 a
2796 1171 3064 1243 Propheta
3095 1170 3301 1225 dictum
3336 1176 3422 1224 est
3451 1206 3467 1232 ,

1900 1262 2220 1336 Priusquam
2273 1265 2604 1329 Itumiliarer,
2658 1281 2749 1335 ego
2813 1264 3085 1333 deliqui‘,
3123 1262 3285 1316 verba
3349 1274 3473 1315 esse
3542 1318 3548 1327 ,

1900 1356 2095 1411 animae
2117 1355 2289 1426 ipsius
2314 1354 2564 1417 aﬂirmat.
2590 1369 2713 1410 cum
2744 1355 2800 1410 in
2844 1354 2984 1410 cmlo
3013 1361 3173 1409 antea
3201 1350 3470 1421 deliquis-

1899 1457 2003 1510 set,
2040 1461 2203 1517 quam
2237 1448 2305 1503 ad
2344 1447 2447 1504 hoc
2492 1460 2695 1518 corpus
2740 1446 3089 1516 abjiceretur.
3133 1440 3291 1510 Quod
3341 1456 3472 1497 vero

1900 1536 2025 1592 alibi
2073 1537 2343 1608 scriptum
2386 1546 2492 1602 est,
2545 1534 2874 1599 Convertere,
2923 1536 3103 1589 anima
3145 1550 3282 1597 mea,
3315 1535 3369 1587 in
3396 1549 3470 1587 re-

1897 1628 2068 1697 quiem
2093 1638 2238 1684 tuam
2264 1633 2306 1694 ²,
2332 1645 2397 1686 eo
2427 1629 2773 1685 referendum
2820 1636 2993 1700 putat,
3028 1628 3175 1698 quod
3209 1625 3303 1698 qui
3331 1633 3469 1681 stre-

220 1696 310 1791 διά
360 1702 461 1771 τὴν
515 1705 682 1760 αὑτοῦ
738 1708 836 1779 τῆς
888 1711 1154 1779 ἐργασίας
1199 1713 1637 1785 δικαιοπραγίαν.
1683 1716 1792 1770 Καὶ

1897 1733 2006 1774 nue
2047 1727 2210 1791 atque
2250 1720 2465 1790 egregie
2500 1734 2560 1775 se
2601 1720 2656 1772 in
2693 1719 2796 1774 hoc
2845 1719 3051 1773 mundo
3103 1716 3357 1789 gesserit,
3398 1716 3470 1769 ob

221 1790 393 1846 πολλά
421 1794 570 1849 ἐστιν
614 1796 747 1853 ἄλλα
783 1801 1008 1856 τοιαῦτα
1031 1802 1232 1872 λέγειν.
1274 1806 1347 1859 Τὸ
1379 1806 1499 1860 κατ’
1518 1808 1702 1862 είκόνα
1737 1808 1797 1862 δέ

220 1895 383 1952 φησιν
408 1883 807 1944 ἀπολωλεκέναι
837 1892 929 1946 τὸν
959 1894 1148 1965 Ἀδάμ,
1182 1894 1482 1963 Ἐντεῦθεν,
1512 1901 1668 1970 φησὶ,
1704 1902 1798 1954 καὶ

219 1973 344 2063 τοὺς
382 1976 623 2046 χιτῶνας
653 1982 779 2046 τοὺς
809 1982 1167 2056 δερματίνους
1217 1990 1797 2063 ὲπισημήνασθαι,τὴν

218 2062 474 2138 Γραφὴν,
533 2071 615 2124 ὅτι
684 2073 1000 2142 Ἐποίησεν
1045 2078 1249 2146 αὐτοῖς
1272 2119 1289 2143 ,
1329 2080 1494 2152 φησὶ,
1543 2062 1798 2151 χιτῶνας

216 2153 603 2227 δερματίνους
626 2202 643 2226 ,
700 2163 799 2217 καί
857 2164 1153 2222 ἐνέδυσεν
1193 2170 1417 2236 αὐτοὺς
1442 2209 1458 2234 ,
1506 2170 1567 2225 τὸ
1615 2172 1795 2243 σῶμα,

217 2244 402 2314 φησίν,
432 2249 572 2306 ἐστί.
614 2252 724 2306 Καὶ
754 2254 922 2327 πολλή
959 2256 1042 2322 τίς
1087 2259 1204 2312 ὲστι
1236 2261 1366 2332 παρ’
1413 2259 1577 2314 αὑτοῦ
1602 2264 1635 2331 ή
1675 2263 1797 2334 4:50-

220 2338 356 2408 μένη
388 2339 576 2412 χλεύη.
623 2341 735 2415 Τήν
762 2363 823 2399 τε
870 2346 981 2401 τῶν
1018 2350 1227 2421 νεκρῶν
1266 2352 1563 2406 ἀνάστασιν
1602 2353 1794 2426 ἐλλιπῆ

217 2429 470 2493 ποιεῖται,
511 2430 585 2502 πὴ
629 2431 728 2503 μὲν
758 2432 901 2506 λόγῳ
944 2437 1226 2508 παριστῶν
1250 2438 1476 2512 ταύτην,
1512 2441 1590 2514 πὴ
1618 2442 1675 2496 δὲ
1710 2442 1797 2511 ὲξ-

216 2520 547 2591 αρνούμενος
574 2524 905 2593 τελεώτατα,
928 2527 1117 2582 ἄλλοτε
1146 2530 1205 2584 δὲ
1225 2531 1320 2585 καὶ
1349 2532 1514 2605 μέρος
1538 2532 1597 2599 ὲξ
1625 2534 1797 2605 αὐτῆς

215 2608 552 2670 ἀνίστασθαι.
598 2615 917 2689 Ἀλληγορεί
965 2619 1022 2672 δὲ
1069 2622 1253 2676 λοιπὸν
1289 2623 1500 2696 ὅσαπερ
1546 2615 1791 2689 δύναται,

215 2700 308 2753 τόν
352 2719 411 2755 τε
457 2706 786 2778 παράδεισον
812 2751 827 2775 ,
876 2710 946 2763 τά
988 2728 1048 2764 τε
1092 2713 1283 2767 τούτου
1315 2713 1519 2778 ὕδατα,
1582 2719 1675 2770 καὶ
1726 2717 1797 2771 τὰ

219 2792 399 2847 ἐπάνω
430 2794 538 2849 τῶν
575 2799 844 2871 οὐρανῶν,
894 2801 988 2854 καὶ
1025 2803 1085 2856 τὸ
1115 2801 1259 2875 ὕδωρ
1287 2805 1348 2858 τὸ
1396 2807 1653 2860 ὑποκάτω
1693 2809 1794 2879 τῆς

216 2882 338 2950 γῆς.
377 2883 560 2939 Ταῦτα
609 2887 665 2941 δὲ
717 2890 810 2942 καὶ¹
848 2890 917 2944 τὰ
955 2890 1168 2956 τούτοις
1215 2895 1377 2965 ὃμοια
1425 2895 1679 2968 φλυαρῶν
1731 2899 1792 2951 οὑ

214 2971 497 3030 διαλείπει.
537 2979 677 3050 Ἤδη
705 2981 760 3034 δὲ
795 2982 887 3035 καὶ
927 2982 985 3035 ὲν
1011 2983 1191 3047 ἄλλοις
1222 2988 1334 3039 τισὶ
1362 2987 1546 3052 τόποις
1572 2989 1640 3042 τὰ
1682 3007 1793 3042 τοι·

214 3063 354 3119 αὔτα
382 3069 508 3140 περὶ
538 3070 703 3123 αὑτοῦ
738 3074 1069 3146 μνησθέντες
1088 3075 1565 3148 διεξεληλύθαμεν.

1900 1806 2173 1875 praeclara
2186 1821 2284 1862 sua
2311 1806 2467 1861 facta.
2484 1807 2760 1876 vitamque
2777 1820 2843 1861 ex
2859 1806 3072 1876 iustitia
3090 1813 3467 1876 temperatam,

1901 1896 2307 1967 adsupremam
2334 1896 2479 1951 illam
2504 1896 2893 1967 caelestemque
2924 1897 3166 1968 requiem
3196 1910 3319 1951 sese
3338 1908 3470 1950 con-

1899 1999 2094 2046 vertat.
2119 1990 2389 2047 Sexeenta
2414 1990 2487 2046 ad
2513 2004 2638 2046 eum
2660 1988 2879 2045 modum
2895 1988 3312 2045 commemorari
3339 2002 3469 2057 pos-

1900 2092 2048 2139 sunt.
2100 2083 2236 2139 Illud
2291 2098 2454 2155 porro
2501 2083 2719 2151 divinat,
2754 2081 2901 2153 quod
2936 2081 3190 2145 habebat,
3219 2080 3471 2150 imaginis

1897 2174 2068 2231 decus
2095 2174 2364 2229 Adamum
2399 2174 2707 2245 perdidisse
2736 2176 2945 2229 narrat.
2974 2171 3112 2228 Hinc
3136 2179 3244 2237 est,
3270 2171 3466 2241 inquit.

1898 2265 2044 2336 quod
2075 2265 2425 2334 pellicearum
2474 2266 2788 2321 tunicarum
2828 2265 2881 2320 in
2913 2263 3196 2334 Scriptura
3224 2262 3286 2316 (lt
3314 2275 3464 2316 men-

1900 2357 1974 2412 tio
2005 2374 2017 2411 :
2049 2354 2201 2410 Fecit
2258 2357 2366 2411 illis
2412 2357 2619 2411 tunicas
2672 2355 2940 2426 pellicem,
2978 2365 3026 2409 et
3057 2354 3227 2408 induit
3250 2354 3391 2423 ipsos
3423 2352 3465 2407 ³.
3520 2347 3528 2357 ’

1896 2446 2051 2512 Quod
2080 2446 2148 2501 de
2172 2460 2405 2517 corpore
2434 2446 2654 2517 accipit.
2682 2445 2921 2501 Omnino
2949 2445 3158 2500 inllnita
3204 2445 3309 2499 alia
3339 2453 3469 2499 sunt

1895 2537 1965 2594 ab
1997 2552 2064 2594 eo
2090 2537 2376 2593 decantata
2421 2538 2694 2610 dogmata,
2725 2538 2841 2592 risu
2886 2550 2952 2591 ac
2997 2535 3233 2595 ludibrio
3280 2535 3466 2606 digna.

1896 2626 2032 2683 Nam
2079 2635 2134 2683 et
2180 2634 2519 2684 mortuorum
2575 2626 3033 2682 resurrectionem
3091 2638 3341 2679 mancam
3405 2637 3470 2679 ac

1895 2716 2160 2772 defectam
2194 2716 2414 2772 asserit.
2443 2713 2616 2782 Quam
2648 2714 2867 2786 quidem
2923 2715 3118 2785 partim
3174 2712 3356 2769 verbis
3385 2710 3469 2767 af-

1896 2808 2097 2877 ﬁrmat,
2132 2807 2327 2879 partim
2376 2805 2624 2863 funditus
2677 2806 2836 2862 follit.
2882 2806 3209 2862 Aliasvero
3257 2810 3466 2874 partem

1894 2900 2161 2955 duntaxat
2182 2897 2420 2954 hominis
2446 2899 2673 2954 excitari
2690 2905 2862 2968 putat.
2882 2896 3106 2952 Demum
3133 2911 3483 2968 quaecunque,

1893 2998 2092 3059 potest,
2125 2989 2194 3043 ad
2232 2987 2523 3059 allegorias
2564 2986 2846 3049 transfert,
2877 2986 3023 3040 velut
3053 2986 3388 3056 paradisum,
3415 2993 3469 3039 et

1815 3074 1859 3132 ϐ
1892 3095 2064 3151 aquas
2113 3096 2235 3151 quae
2284 3079 2338 3133 in
2368 3094 2434 3134 eo
2466 3088 2624 3143 sunt,
2663 3093 2895 3148 quaeque
2929 3086 2983 3133 et
3015 3092 3180 3147 supra
3215 3079 3468 3132 cmlestes

216 3159 402 3225 orbes,
430 3168 484 3216 et
514 3163 621 3217 sub
659 3172 807 3243 terra
842 3167 1200 3223 collocantur.
1228 3167 1353 3224 Haec
1403 3178 1458 3225 et
1483 3169 1569 3225 his
1621 3171 1823 3226 similia
1860 3175 2053 3244 nugari
2101 3187 2207 3227 non
2243 3171 2463 3237 desinit,
2532 3184 2767 3241 quorum
2815 3168 3144 3224 mentionem
3187 3167 3299 3237 jam
3347 3167 3471 3224 aliis

213 3248 273 3307 in
300 3251 432 3308 locis
461 3255 814 3323 aspersimus.

285 3346 361 3399 δ’.
401 3346 567 3401 Οὑδὲν
587 3348 646 3402 δὲ
681 3349 775 3403 καὶ
801 3350 898 3405 νῦν
931 3351 1165 3423 λυπήσει
1192 3346 1347 3416 αὖθις
1376 3353 1434 3408 ὲν
1459 3354 1523 3424 τῇ
1553 3356 1671 3407 κατ’
1700 3355 1793 3407 αὒ-

211 3437 315 3510 τὴν
346 3438 563 3510 αἱρέσει
586 3441 716 3511 περὶ
742 3440 843 3512 τῆς
884 3442 1052 3496 αὑτοῦ
1088 3442 1441 3515 περιπετείας
1470 3445 1564 3498 καὶ
1601 3445 1793 3498 ὑποθέ-

215 3545 355 3592 σεως
374 3529 759 3602 διηγήσασθαι,
790 3533 887 3587 καὶ
916 3532 976 3599 ἐξ
1001 3533 1167 3589 αὑτοῦ
1206 3534 1315 3588 τῶν
1338 3534 1430 3587 ὑπ’
1462 3534 1626 3589 αὑτοῦ
1656 3536 1790 3590 ὑπο-

214 3619 565 3693 σαλὶομένων
601 3621 699 3694 τὴν
740 3625 1054 3696 ἀνατροπὴν
1093 3624 1443 3697 ποιήσασθαι.
1477 3624 1652 3696 Πολλὴ
1683 3626 1791 3697 7&9

213 3714 247 3782 ή
281 3711 472 3766 τούτου
499 3712 730 3787 ὕστερον
754 3715 1021 3788 γενομένη
1069 3716 1288 3780 ἀτοπία,
1320 3716 1416 3773 καὶ
1448 3717 1790 3788 ἐπιτήδευσις

211 3806 743 3878 παραπεποιημένης
786 3808 1025 3875 ἑννοίας,
1072 3808 1170 3862 καὶ
1222 3808 1329 3874 ἔξω
1380 3808 1645 3880 βεϐηκυῖα
1690 3810 1789 3881 τῆς

209 3894 489 3965 ἀληθείας.
523 3892 709 3964 Ἔδοξε
747 3899 855 3971 7&9
884 3898 1028 3954 κατὰ
1068 3901 1336 3972 αἱρέσεων
1384 3899 1574 3953 πασῶν
1611 3899 1790 3969 λέγειν

208 3988 322 4040 τῶν
351 3988 458 4059 πρὸ
486 3988 673 4054 αὑτοῦ,
708 3991 804 4044 καὶ
855 3990 1183 4062 ἀνατρέπειν
1233 3991 1503 4063 ἑκάστην·
1564 3988 1790 4062 ὕστερον

208 4078 266 4133 δι
300 4081 396 4132 καὶ
431 4079 593 4144 αὑτὸς
605 4081 817 4152 αἵρεσιν
841 4082 902 4135 οὑ
929 4082 1027 4153 τὴν
1054 4081 1325 4153 τυχοῦσαν
1345 4082 1550 4165 ταύτην
1581 4082 1662 4154 τῷ
1691 4084 1793 4155 βίῳ

209 4171 466 4244 ιξὴμεσε.
498 4172 609 4228 Καὶ
637 4172 853 4245 πρῶτον
890 4174 988 4244 μὲν
1017 4168 1111 4228 οὖν
1144 4174 1215 4228 τά
1244 4175 1338 4228 ὑπ’
1360 4175 1526 4230 αὑτοῦ
1560 4176 1795 4247 ρηθέντα

208 4264 289 4327 είς
310 4263 536 4335 ἔλεγχον
559 4264 661 4335 τῆς
692 4263 860 4318 αὑτοῦ
892 4266 1426 4337 παραπεποιημένης
1454 4266 1791 4321 ἐπιπλάστου

206 4352 418 4416 ἑννοίας
441 4352 867 4425 παραθήσομαι·
897 4354 1089 4409 ἔπειτα
1121 4355 1179 4409 δὲ
1211 4356 1306 4410 καὶ
1329 4357 1398 4412 τὰ
1425 4355 1597 4411 αὑτοῦ.
1619 4356 1786 4429 ρηθη-
1816 4375 1860 4431 ι)

206 4442 417 4514 σόμενα
462 4446 561 4514 τῆς
594 4444 754 4515 ήμῶν
799 4444 1152 4516 μετριότητος
1192 4444 1471 4511 ὑποδείξω.
1516 4449 1627 4502 Καὶ
1666 4447 1782 4501 ἐστι

202 4533 359 4597 τάδε,
385 4534 595 4605 ὅσαπερ
637 4535 696 4588 ὲν
736 4520 815 4603 τῷ
846 4533 1048 4606 πρώτῳ
1094 4534 1296 4608 ψαλμῷ
1337 4539 1665 4609 εἰσηγήσατο
1704 4537 1783 4608 τῷ

205 4623 334 4697 βίῳ.
400 4626 489 4679 Ἐν
522 4626 673 4699 πάσῃ
717 4626 831 4699 γὰρ
868 4625 1061 4699 Γραφῇ
1117 4628 1205 4681 ἀεὶ
1248 4627 1597 4693 όλισθαίνων,
1643 4630 1786 4685 κατά

200 4715 355 4782 λέξιν
386 4718 445 4770 ἐν
465 4719 579 4781 τοῖς
601 4717 920 4787 ἀναγκαίοις
944 4719 1271 4789 παρέπεσεν.
1300 4719 1515 4791 Ἐπειδὴ
1538 4720 1595 4773 δὲ
1623 4721 1785 4789 δγκος

201 4808 378 4873 πολύς
416 4810 565 4863 ἐστι·
618 4809 836 4878 λέγεται
876 4808 986 4881 γὰρ
1027 4809 1229 4881 πολλὴν
1264 4812 1621 4883 πεποιηκέναι
1656 4812 1753 4867 σύν

195 4897 381 4966 ταξιν.
417 4897 514 4962 Et;
546 4897 784 4969 ἑκάστην
814 4899 925 4969 γὰρ
959 4897 1200 4970 Γραφὴν,
1236 4898 1312 4963 ὡς
1351 4899 1507 4970 ἔφην,
1543 4903 1603 4954 οὑ
1645 4918 1785 4973 παρα

192 4991 448 5062 ῃτήσατο
496 4989 669 5044 εἰπεῖν
699 4990 736 5045 ἃ
763 4989 910 5063 αὐτῷ
942 4990 1106 5055 εδοξε.
1139 4991 1249 5044 Καὶ
1272 4991 1372 5044 ὅσα
1405 4993 1503 5062 μὲν
1526 4994 1584 5046 ὲν
1617 5010 1785 5065 προσ-

190 5076 467 5152 ομιλίαις,
493 5081 587 5135 καὶ
621 5079 709 5135 διὰ
743 5081 852 5136 τῶν
881 5081 1203 5155 προοιμίων,
1235 5082 1315 5144 εἰς
1340 5080 1445 5153 ήθη
1473 5100 1533 5135 τε
1570 5085 1664 5139 καὶ
1700 5087 1781 5150 είς

192 5168 399 5239 φύσεις
422 5166 579 5234 ζώων
618 5186 678 5223 τε
739 5169 971 5224 καὶτῶν
1011 5169 1187 5225 ἀλλων
1223 5169 1456 5243 εἴρηται,
1487 5171 1649 5241 μέσος
1688 5191 1778 5243 φε-

190 5260 436 5332 ρόμενος
485 5259 744 5325 πολλάκις
789 5259 1047 5333 χαρίεντα
1092 5261 1420 5332 διηγήσατοθ
1452 5261 1553 5314 ὅσα
1592 5262 1650 5316 δὲ
1698 5266 1780 5328 εἰς

186 5350 451 5423 δόγματα
481 5351 823 5423 ἐδογμάτισε,
858 5353 953 5406 καὶ
980 5353 1109 5426 περὶ
1135 5352 1387 5419 πίστεως,
1411 5355 1504 5408 καὶ
1538 5356 1780 5426 μείζονος

186 5441 464 5513 θεωρίας,
495 5442 605 5498 τῶν
638 5443 855 5501 πάντων
882 5442 1204 5499 ἀτοπώτατα
1228 5445 1338 5502 τῶν
1360 5444 1465 5518 πρὸ
1488 5445 1656 5501 αὑτοῦ
1686 5450 1779 5504 καὶ

274 5617 297 5654 ¹
334 5615 480 5676 l'sal.
506 5633 702 5690 cxvm,
727 5620 815 5679 67.
889 5618 1076 5678 'Psal.
1112 5634 1257 5692 cxtv,
1297 5621 1346 5677 7.
1425 5622 1445 5655 ³
1471 5621 1603 5680 Gen.
1642 5634 1729 5691 ιιι,
1755 5622 1848 5682 2i.

1966 3347 2032 3403 ν.
2075 3347 2191 3405 Hoc
2238 3366 2365 3407 vero
2400 3351 2540 3415 loco,
2560 3364 2670 3422 quo
2716 3348 3003 3404 adversus,
3031 3348 3174 3402 hanc
3216 3348 3465 3402 haeresim

1892 3436 2165 3514 ptmcipue
2215 3443 2579 3513 disputamus.
2626 3443 2947 3498 temerarias
2992 3441 3138 3496 illius
3184 3430 3467 3512 opiniones

1892 3547 1956 3589 ac
1983 3533 2238 3604 dogmata
2282 3543 2530 3605 repetere
2552 3550 2662 3590 non
2695 3534 3064 3607 gravabimur,
3095 3540 3149 3590 et
3179 3534 3250 3588 ab
3275 3533 3464 3589 eodem

1892 3622 2012 3691 ipso
2033 3623 2391 3677 conﬁctarum
2433 3624 2503 3678 ab
2536 3639 2602 3679 eo
2631 3623 2934 3679 fabularum
2967 3624 3344 3681 refutationem
3382 3637 3469 3677 ar-

1891 3728 2124 3770 cessere.
2167 3713 2407 3785 Longius
2440 3715 2642 3784 quippe
2697 3716 2959 3784 deinceps
3006 3714 3239 3771 hominis
3270 3714 3468 3770 absur-

1889 3804 2049 3872 ditas,
2080 3819 2479 3876 pravarutnque
2512 3804 2832 3875 opinionum
2876 3815 2929 3859 et
2976 3821 3009 3860 a
3037 3805 3265 3859 veritate
3289 3820 3466 3861 remo-

1889 3895 2225 3951 tissimarnm
2260 3894 2538 3950 aﬂ‘eetatio
2585 3906 2878 3966 progressa
2930 3902 3035 3949 est.
3074 3893 3179 3959 Qui
3218 3908 3342 3947 eum
3371 3894 3467 3948 ad-

1888 4000 2081 4041 versus
2132 3987 2443 4058 superiores
2503 4001 2693 4043 omnes
2745 3984 2983 4040 haereses
3035 3983 3363 4054 disputasse,
3400 3999 3466 4039 ac

1892 4077 2135 4164 singulas
2177 4077 2441 4134 evertisse
2490 4078 2641 4134 visus
2678 4076 2770 4145 sit,
2802 4083 2991 4148 postea
3023 4082 3205 4130 tamen
3229 4090 3383 4130 suam
3413 4088 3465 4131 ct

1891 4169 2008 4239 ipse
2040 4168 2313 4235 haeresim,
2345 4179 2399 4226 et
2427 4170 2647 4242 quidem
2692 4168 2837 4224 haud
2880 4168 3160 4241 vulgarem
3191 4167 3245 4222 in
3274 4168 3464 4223 orbem

1890 4265 2159 4315 terrarum
2210 4262 2470 4317 evomuit.
2526 4260 2680 4316 Libet
2731 4275 2883 4325 vero,
2938 4262 3003 4315 ad
3035 4260 3462 4316 commentitiam

1888 4348 2038 4405 illius
2085 4349 2395 4422 opinionem
2438 4349 2890 4417 convincendam,
2932 4367 3055 4423 qua:
3107 4351 3177 4406 ab
3221 4367 3289 4410 eo
3317 4352 3463 4407 dicta

1889 4451 2018 4497 sunt
2044 4444 2220 4513 primo
2252 4445 2372 4499 loco
2402 4444 2672 4515 subjicere
2698 4484 2714 4509 .
2742 4445 2937 4501 deinde
2959 4460 3078 4516 qum
3106 4445 3176 4501 ab
3203 4446 3465 4500 tenuitate

1888 4543 2079 4591 nostra
2112 4535 2379 4591 adversus
2412 4536 2565 4591 illum
2605 4535 2837 4593 dicenda
2876 4535 3099 4602 fuerint,
3146 4535 3359 4591 aliene.
3389 4536 3463 4591 Ea

1891 4640 2022 4681 vero
2048 4628 2197 4691 sunt,
2228 4641 2350 4697 quae
2389 4626 2457 4681 ad
2508 4627 2744 4700 primum
2786 4628 3054 4699 psalmum
3115 4627 3185 4681 in
3226 4626 3462 4683 medium

1892 4715 2136 4773 adduxit.
2201 4716 2332 4772 Nam
2390 4734 2515 4774 cum
2577 4719 2633 4774 in
2684 4720 2835 4775 omni
2869 4719 3152 4790 Scriptura
3202 4731 3464 4790 perpetuo

1892 4804 2057 4879 529
2089 4808 2161 4863 sit
2181 4810 2389 4880 lapsus,
2420 4810 2474 4865 in
2505 4811 2798 4883 praecipuis
2843 4827 2907 4867 ac
2934 4814 3263 4869 necessariis
3289 4812 3463 4884 potis-

1892 4901 2123 4958 simum:
2155 4903 2389 4975 singulis
2434 4920 2573 4975 pene
2611 4905 2946 4963 dictionibus
2987 4908 3223 4963 aberrat.
3262 4904 3460 4961 Verum

1890 4991 2025 5047 illud
2059 5009 2125 5049 eo
2147 4993 2400 5061 iacimus,
2428 4995 2575 5068 quod
2618 4998 2945 5068 scriptorum
2992 4997 3235 5052 illorum.
3267 4996 3463 5064 ingens

1888 5084 2139 5154 quaedam
2171 5088 2343 5143 moles
2369 5099 2474 5146 est.
2507 5088 2643 5145 Nam
2674 5090 2887 5145 inﬁnita
2916 5090 3207 5161 scripsisse
3236 5089 3459 5155 dicitur,

1887 5191 2011 5230 cum
2059 5175 2127 5231 ad
2159 5178 2407 5250 singulos
2454 5180 2751 5252 Scriptura:
2777 5181 2966 5244 libros,
3012 5196 3133 5252 qua:
3185 5181 3292 5237 sibi
3322 5182 3461 5239 vide-

1888 5276 2084 5323 rentur
2131 5268 2349 5328 eﬂutire
2405 5288 2516 5329 non
2560 5273 2910 5331 dubitat-erit.
2941 5274 3209 5331 Cancrum
3244 5293 3367 5347 qua:
3406 5278 3460 5332 in

1889 5361 2236 5418 sermonibus
2288 5363 2356 5419 ad
2414 5365 2674 5437 populum
2730 5365 2954 5431 habitis,
2982 5381 3046 5422 ac
3075 5369 3357 5439 prooemiis
3394 5368 3462 5422 de

1890 5452 2156 5523 moribus,
2190 5465 2243 5514 ct
2275 5458 2592 5516 animalium
2621 5468 2842 5530 natura,
2868 5459 3187 5533 ueterisque
3218 5461 3268 5516 id
3291 5473 3460 5531 genus
