  <div class='ocr_page' id='page_1' title='image "/cluster/home/n/w/nwhite01/storage/ocr_20150623/41/hvd.32044073501868/561.png"; bbox 0 0 3840 6062; ppageno 0'>
   <div class='ocr_carea' id='block_1_1' title="bbox 458 234 2047 316">
    <p class='ocr_par' dir='ltr' id='par_1_1' title="bbox 458 251 2047 316">
     <span class='ocr_line' id='line_1_1' title="bbox 458 251 2047 316; baseline -0.006 0"><span class='ocrx_word' id='word_1_1' title='bbox 458 259 587 316; x_wconf 68' lang='grc' dir='ltr'>ιοτθ</span> <span class='ocrx_word' id='word_1_2' title='bbox 1470 300 1475 305; x_wconf 87' lang='grc'><strong><em>,</em></strong></span> <span class='ocrx_word' id='word_1_3' title='bbox 1872 251 1929 307; x_wconf 90' lang='lat' dir='ltr'><strong>S.</strong></span> <span class='ocrx_word' id='word_1_4' title='bbox 1964 252 2047 307; x_wconf 83' lang='grc' dir='ltr'>ΕΡ</span> 
     </span>
    </p>
   </div>
   <div class='ocr_carea' id='block_1_2' title="bbox 2148 234 3737 316">
    <p class='ocr_par' dir='ltr' id='par_1_2' title="bbox 2148 234 3737 307">
     <span class='ocr_line' id='line_1_2' title="bbox 2148 234 3737 307; baseline -0.01 0"><span class='ocrx_word' id='word_1_5' title='bbox 2148 252 2276 307; x_wconf 77' lang='lat' dir='ltr'><strong>IAN]</strong></span> <span class='ocrx_word' id='word_1_6' title='bbox 3615 234 3737 291; x_wconf 71' lang='grc' dir='ltr'>ιιεο</span> 
     </span>
    </p>
   </div>
   <div class='ocr_carea' id='block_1_3' title="bbox 450 351 2047 445">
    <p class='ocr_par' dir='ltr' id='par_1_3' title="bbox 450 370 2034 445">
     <span class='ocr_line' id='line_1_3' title="bbox 450 370 2034 445; baseline -0.003 -15"><span class='ocrx_word' id='word_1_7' title='bbox 450 372 733 441; x_wconf 74' lang='lat' dir='ltr'><strong>disseruit,</strong></span> <span class='ocrx_word' id='word_1_8' title='bbox 765 373 941 430; x_wconf 89' lang='lat' dir='ltr'><strong>media</strong></span> <span class='ocrx_word' id='word_1_9' title='bbox 968 372 1203 445; x_wconf 89' lang='lat' dir='ltr'><strong>quadam</strong></span> <span class='ocrx_word' id='word_1_10' title='bbox 1234 371 1499 429; x_wconf 74' lang='lat' dir='ltr'><strong>insistens</strong></span> <span class='ocrx_word' id='word_1_11' title='bbox 1552 370 1638 425; x_wconf 91' lang='lat' dir='ltr'><strong>via</strong></span> <span class='ocrx_word' id='word_1_12' title='bbox 1684 370 1820 426; x_wconf 88' lang='lat' dir='ltr'><strong>scite</strong></span> <span class='ocrx_word' id='word_1_13' title='bbox 1871 379 2034 440; x_wconf 84' lang='lat' dir='ltr'><strong>atque</strong></span> 
     </span>
    </p>
   </div>
   <div class='ocr_carea' id='block_1_4' title="bbox 2148 351 3730 445">
    <p class='ocr_par' dir='ltr' id='par_1_4' title="bbox 2148 351 3730 439">
     <span class='ocr_line' id='line_1_4' title="bbox 2148 351 3730 439; baseline -0.011 -17"><span class='ocrx_word' id='word_1_14' title='bbox 2148 368 2259 439; x_wconf 81' lang='grc' dir='ltr'>μετ’</span> <span class='ocrx_word' id='word_1_15' title='bbox 2291 366 2454 422; x_wconf 78' lang='grc' dir='ltr'>αὐτὸν</span> <span class='ocrx_word' id='word_1_16' title='bbox 2489 365 2824 438; x_wconf 80' lang='grc' dir='ltr'>εὑρίσκεται,</span> <span class='ocrx_word' id='word_1_17' title='bbox 2858 361 3000 434; x_wconf 78' lang='grc' dir='ltr'>πλὴν</span> <span class='ocrx_word' id='word_1_18' title='bbox 3041 360 3159 415; x_wconf 81' lang='grc' dir='ltr'><strong>τῶν</strong></span> <span class='ocrx_word' id='word_1_19' title='bbox 3198 359 3267 412; x_wconf 71' lang='grc' dir='ltr'>ὲν</span> <span class='ocrx_word' id='word_1_20' title='bbox 3305 354 3440 417; x_wconf 76' lang='grc' dir='ltr'>ταῖς</span> <span class='ocrx_word' id='word_1_21' title='bbox 3476 351 3730 423; x_wconf 70' lang='grc' dir='ltr'>αἱρέσεσιν</span> 
     </span>
    </p>
   </div>
   <div class='ocr_carea' id='block_1_5' title="bbox 451 458 2047 533">
    <p class='ocr_par' dir='ltr' id='par_1_5' title="bbox 451 460 2023 533">
     <span class='ocr_line' id='line_1_5' title="bbox 451 460 2023 533; baseline -0.003 -14"><span class='ocrx_word' id='word_1_22' title='bbox 451 463 730 533; x_wconf 75' lang='lat' dir='ltr'><strong>eleganter</strong></span> <span class='ocrx_word' id='word_1_23' title='bbox 748 463 1065 533; x_wconf 89' lang='lat' dir='ltr'><strong>plerumque</strong></span> <span class='ocrx_word' id='word_1_24' title='bbox 1092 461 1406 532; x_wconf 88' lang='lat' dir='ltr'><strong>disputavit.</strong></span> <span class='ocrx_word' id='word_1_25' title='bbox 1431 460 1563 528; x_wconf 64' lang='lat' dir='ltr'><strong>Quae</strong></span> <span class='ocrx_word' id='word_1_26' title='bbox 1586 460 1793 517; x_wconf 83' lang='lat' dir='ltr'><strong>verode</strong></span> <span class='ocrx_word' id='word_1_27' title='bbox 1807 460 2023 531; x_wconf 85' lang='lat' dir='ltr'><strong>dogma-</strong></span> 
     </span>
    </p>
   </div>
   <div class='ocr_carea' id='block_1_6' title="bbox 2148 458 3011 533">
    <p class='ocr_par' dir='ltr' id='par_1_6' title="bbox 2148 458 3011 531">
     <span class='ocr_line' id='line_1_6' title="bbox 2148 458 3011 531; baseline -0.006 -16"><span class='ocrx_word' id='word_1_28' title='bbox 2148 458 2545 531; x_wconf 83' lang='grc' dir='ltr'>ιίσχρουργιιῶν.</span> <span class='ocrx_word' id='word_1_29' title='bbox 3006 466 3011 469; x_wconf 73' lang='lat'><em>‘</em></span> 
     </span>
    </p>
   </div>
   <div class='ocr_carea' id='block_1_7' title="bbox 452 537 3728 625">
    <p class='ocr_par' dir='ltr' id='par_1_7' title="bbox 452 537 3728 625">
     <span class='ocr_line' id='line_1_7' title="bbox 452 537 3728 625; baseline -0.006 -16"><span class='ocrx_word' id='word_1_30' title='bbox 452 553 597 609; x_wconf 86' lang='lat' dir='ltr'><strong>tibus</strong></span> <span class='ocrx_word' id='word_1_31' title='bbox 654 553 1015 618; x_wconf 81' lang='lat' dir='ltr'><strong>elucubravit,</strong></span> <span class='ocrx_word' id='word_1_32' title='bbox 1069 553 1245 623; x_wconf 82' lang='lat' dir='ltr'><strong>deque</strong></span> <span class='ocrx_word' id='word_1_33' title='bbox 1279 552 1403 619; x_wconf 85' lang='lat' dir='ltr'><strong>lide,</strong></span> <span class='ocrx_word' id='word_1_34' title='bbox 1452 567 1516 607; x_wconf 89' lang='lat' dir='ltr'><strong>ac</strong></span> <span class='ocrx_word' id='word_1_35' title='bbox 1546 553 1772 625; x_wconf 81' lang='lat' dir='ltr'><strong>reliquis</strong></span> <span class='ocrx_word' id='word_1_36' title='bbox 1825 552 2018 623; x_wconf 83' lang='lat' dir='ltr'><strong>majori</strong></span> <span class='ocrx_word' id='word_1_37' title='bbox 2053 552 2517 622; x_wconf 82' lang='lat' dir='ltr'><strong>contemplatione</strong></span> <span class='ocrx_word' id='word_1_38' title='bbox 2558 548 2759 619; x_wconf 85' lang='lat' dir='ltr'><strong>dignis,</strong></span> <span class='ocrx_word' id='word_1_39' title='bbox 2794 548 2958 618; x_wconf 88' lang='lat' dir='ltr'><strong>longe</strong></span> <span class='ocrx_word' id='word_1_40' title='bbox 2990 545 3220 601; x_wconf 60' lang='lat' dir='ltr'><strong>exteris</strong></span> <span class='ocrx_word' id='word_1_41' title='bbox 3261 553 3471 596; x_wconf 89' lang='lat' dir='ltr'><strong>eorum</strong></span> <span class='ocrx_word' id='word_1_42' title='bbox 3505 537 3728 592; x_wconf 68' lang='lat' dir='ltr'><strong>omnium</strong></span> 
     </span>
    </p>
   </div>
   <div class='ocr_carea' id='block_1_8' title="bbox 452 632 3726 719">
    <p class='ocr_par' dir='ltr' id='par_1_8' title="bbox 452 632 3726 719">
     <span class='ocr_line' id='line_1_8' title="bbox 452 632 3726 719; baseline -0.006 -15"><span class='ocrx_word' id='word_1_43' title='bbox 452 649 716 709; x_wconf 77' lang='lat' dir='ltr'><strong>decretis.</strong></span> <span class='ocrx_word' id='word_1_44' title='bbox 778 647 872 717; x_wconf 91' lang='lat' dir='ltr'><strong>qui</strong></span> <span class='ocrx_word' id='word_1_45' title='bbox 937 654 1031 702; x_wconf 90' lang='lat' dir='ltr'><strong>aut</strong></span> <span class='ocrx_word' id='word_1_46' title='bbox 1084 655 1518 714; x_wconf 90' lang='lat' dir='ltr'><strong>antecesserunt,</strong></span> <span class='ocrx_word' id='word_1_47' title='bbox 1570 655 1666 701; x_wconf 87' lang='lat' dir='ltr'><strong>aut</strong></span> <span class='ocrx_word' id='word_1_48' title='bbox 1713 654 1835 719; x_wconf 89' lang='lat' dir='ltr'><strong>post</strong></span> <span class='ocrx_word' id='word_1_49' title='bbox 1880 647 2033 702; x_wconf 92' lang='lat' dir='ltr'><strong>illum</strong></span> <span class='ocrx_word' id='word_1_50' title='bbox 2094 647 2442 713; x_wconf 87' lang='lat' dir='ltr'><strong>exstiterunt,</strong></span> <span class='ocrx_word' id='word_1_51' title='bbox 2496 643 2766 715; x_wconf 87' lang='lat' dir='ltr'><strong>ineptiora</strong></span> <span class='ocrx_word' id='word_1_52' title='bbox 2830 649 2886 697; x_wconf 88' lang='lat' dir='ltr'><strong>et</strong></span> <span class='ocrx_word' id='word_1_53' title='bbox 2943 638 3286 696; x_wconf 83' lang='lat' dir='ltr'><strong>absurdiora</strong></span> <span class='ocrx_word' id='word_1_54' title='bbox 3353 632 3649 693; x_wconf 83' lang='lat' dir='ltr'><strong>videntur,</strong></span> <span class='ocrx_word' id='word_1_55' title='bbox 3691 632 3726 685; x_wconf 83' lang='lat' dir='ltr'><strong>si</strong></span> 
     </span>
    </p>
   </div>
   <div class='ocr_carea' id='block_1_9' title="bbox 452 720 3503 808">
    <p class='ocr_par' dir='ltr' id='par_1_9' title="bbox 452 720 3503 808">
     <span class='ocr_line' id='line_1_9' title="bbox 452 720 3503 808; baseline 0.001 -16"><span class='ocrx_word' id='word_1_56' title='bbox 452 738 717 795; x_wconf 75' lang='lat' dir='ltr'><strong>duntaxat</strong></span> <span class='ocrx_word' id='word_1_57' title='bbox 762 720 993 793; x_wconf 74' lang='lat' dir='ltr'><strong>aliarum</strong></span> <span class='ocrx_word' id='word_1_58' title='bbox 1035 738 1313 794; x_wconf 70' lang='lat' dir='ltr'><strong>baereseon</strong></span> <span class='ocrx_word' id='word_1_59' title='bbox 1366 736 1568 808; x_wconf 83' lang='lat' dir='ltr'><strong>ﬂagitia</strong></span> <span class='ocrx_word' id='word_1_60' title='bbox 1624 753 1687 794; x_wconf 88' lang='lat' dir='ltr'><strong>ac</strong></span> <span class='ocrx_word' id='word_1_61' title='bbox 1738 737 2011 795; x_wconf 73' lang='lat' dir='ltr'><strong>fmditates</strong></span> <span class='ocrx_word' id='word_1_62' title='bbox 2046 737 2305 808; x_wconf 78' lang='lat' dir='ltr'><strong>excipias.</strong></span> <span class='ocrx_word' id='word_1_63' title='bbox 2755 802 2773 808; x_wconf 82' lang='lat'><strong><em>_</em></strong></span> <span class='ocrx_word' id='word_1_64' title='bbox 3496 760 3503 766; x_wconf 67' lang='lat'><strong><em>&#39;</em></strong></span> 
     </span>
    </p>
   </div>
   <div class='ocr_carea' id='block_1_10' title="bbox 520 802 2047 898">
    <p class='ocr_par' dir='ltr' id='par_1_10' title="bbox 520 802 2035 889">
     <span class='ocr_line' id='line_1_10' title="bbox 520 802 2035 889; baseline 0.001 -3"><span class='ocrx_word' id='word_1_65' title='bbox 520 832 601 887; x_wconf 80' lang='lat' dir='ltr'><strong>Ae</strong></span> <span class='ocrx_word' id='word_1_66' title='bbox 628 829 845 886; x_wconf 91' lang='lat' dir='ltr'><strong>videtur</strong></span> <span class='ocrx_word' id='word_1_67' title='bbox 890 845 1025 886; x_wconf 86' lang='lat' dir='ltr'><strong>sane</strong></span> <span class='ocrx_word' id='word_1_68' title='bbox 1065 837 1118 885; x_wconf 88' lang='lat' dir='ltr'><strong>et</strong></span> <span class='ocrx_word' id='word_1_69' title='bbox 1153 802 1466 886; x_wconf 73' lang='lat' dir='ltr'><strong>aseetarum</strong></span> <span class='ocrx_word' id='word_1_70' title='bbox 1497 832 1641 888; x_wconf 89' lang='lat' dir='ltr'><strong>idem</strong></span> <span class='ocrx_word' id='word_1_71' title='bbox 1685 833 1778 887; x_wconf 91' lang='lat' dir='ltr'><strong>ille</strong></span> <span class='ocrx_word' id='word_1_72' title='bbox 1814 833 2035 889; x_wconf 86' lang='lat' dir='ltr'><strong>institu-</strong></span> 
     </span>
    </p>
   </div>
   <div class='ocr_carea' id='block_1_11' title="bbox 2148 802 3726 898">
    <p class='ocr_par' dir='ltr' id='par_1_11' title="bbox 2168 802 3726 898">
     <span class='ocr_line' id='line_1_11' title="bbox 2168 802 3726 898; baseline -0.012 -13"><span class='ocrx_word' id='word_1_73' title='bbox 2168 802 2185 808; x_wconf 47' lang='lat'><strong>-</strong></span> <span class='ocrx_word' id='word_1_74' title='bbox 2217 829 2403 895; x_wconf 82' lang='grc' dir='ltr'>Ἔδοξε</span> <span class='ocrx_word' id='word_1_75' title='bbox 2438 827 2547 898; x_wconf 84' lang='grc' dir='ltr'><strong>γάρ</strong></span> <span class='ocrx_word' id='word_1_76' title='bbox 2590 825 2684 880; x_wconf 70' lang='grc' dir='ltr'>καὶ</span> <span class='ocrx_word' id='word_1_77' title='bbox 2729 802 2990 894; x_wconf 51' lang='grc' dir='ltr'>α’σκητῶν</span> <span class='ocrx_word' id='word_1_78' title='bbox 3042 820 3163 892; x_wconf 77' lang='grc' dir='ltr'>βίον</span> <span class='ocrx_word' id='word_1_79' title='bbox 3196 815 3621 889; x_wconf 80' lang='grc' dir='ltr'>ὲπανῃρῆσθαι,</span> <span class='ocrx_word' id='word_1_80' title='bbox 3667 816 3726 879; x_wconf 81' lang='grc' dir='ltr'><strong>ὡς</strong></span> 
     </span>
    </p>
   </div>
   <div class='ocr_carea' id='block_1_12' title="bbox 454 905 2047 994">
    <p class='ocr_par' dir='ltr' id='par_1_12' title="bbox 454 921 2033 994">
     <span class='ocr_line' id='line_1_12' title="bbox 454 921 2033 994; baseline 0.001 -16"><span class='ocrx_word' id='word_1_81' title='bbox 454 932 573 979; x_wconf 90' lang='lat' dir='ltr'><strong>tum</strong></span> <span class='ocrx_word' id='word_1_82' title='bbox 616 925 922 994; x_wconf 75' lang='lat' dir='ltr'><strong>amplexus,</strong></span> <span class='ocrx_word' id='word_1_83' title='bbox 954 922 1415 994; x_wconf 87' lang='lat' dir='ltr'><strong>quemadmodum</strong></span> <span class='ocrx_word' id='word_1_84' title='bbox 1449 932 1611 979; x_wconf 87' lang='lat' dir='ltr'><strong>antea</strong></span> <span class='ocrx_word' id='word_1_85' title='bbox 1650 924 1832 980; x_wconf 90' lang='lat' dir='ltr'><strong>docui.</strong></span> <span class='ocrx_word' id='word_1_86' title='bbox 1869 921 1950 979; x_wconf 89' lang='lat' dir='ltr'><strong>0b</strong></span> <span class='ocrx_word' id='word_1_87' title='bbox 1981 925 2033 980; x_wconf 93' lang='lat' dir='ltr'><strong>id</strong></span> 
     </span>
    </p>
   </div>
   <div class='ocr_carea' id='block_1_13' title="bbox 2148 905 3724 994">
    <p class='ocr_par' dir='ltr' id='par_1_13' title="bbox 2148 905 3724 987">
     <span class='ocr_line' id='line_1_13' title="bbox 2148 905 3724 987; baseline -0.008 -13"><span class='ocrx_word' id='word_1_88' title='bbox 2148 921 2238 975; x_wconf 69' lang='grc' dir='ltr'><strong>καί</strong></span> <span class='ocrx_word' id='word_1_89' title='bbox 2271 919 2382 974; x_wconf 82' lang='grc' dir='ltr'>ἄνω</span> <span class='ocrx_word' id='word_1_90' title='bbox 2448 933 2537 987; x_wconf 89' lang='grc' dir='ltr'><strong>μοι</strong></span> <span class='ocrx_word' id='word_1_91' title='bbox 2588 914 3008 987; x_wconf 79' lang='grc' dir='ltr'>προδεδήλωται.</span> <span class='ocrx_word' id='word_1_92' title='bbox 3068 912 3164 964; x_wconf 78' lang='grc' dir='ltr'><strong>Διὸ</strong></span> <span class='ocrx_word' id='word_1_93' title='bbox 3221 911 3324 962; x_wconf 74' lang='grc' dir='ltr'><strong>καὶ</strong></span> <span class='ocrx_word' id='word_1_94' title='bbox 3368 907 3468 961; x_wconf 77' lang='grc' dir='ltr'>τὸν</span> <span class='ocrx_word' id='word_1_95' title='bbox 3521 905 3724 977; x_wconf 68' lang='grc' dir='ltr'>θώρακι</span> 
     </span>
    </p>
   </div>
   <div class='ocr_carea' id='block_1_14' title="bbox 455 999 2047 1085">
    <p class='ocr_par' dir='ltr' id='par_1_14' title="bbox 455 1014 2039 1085">
     <span class='ocr_line' id='line_1_14' title="bbox 455 1014 2039 1085; baseline -0.003 -14"><span class='ocrx_word' id='word_1_96' title='bbox 455 1016 803 1072; x_wconf 84' lang='lat' dir='ltr'><strong>stomachum</strong></span> <span class='ocrx_word' id='word_1_97' title='bbox 846 1015 994 1071; x_wconf 85' lang='lat' dir='ltr'><strong>illius</strong></span> <span class='ocrx_word' id='word_1_98' title='bbox 1029 1014 1210 1070; x_wconf 87' lang='lat' dir='ltr'><strong>ferunt</strong></span> <span class='ocrx_word' id='word_1_99' title='bbox 1239 1023 1462 1085; x_wconf 87' lang='lat' dir='ltr'><strong>propter</strong></span> <span class='ocrx_word' id='word_1_100' title='bbox 1492 1014 1821 1084; x_wconf 83' lang='lat' dir='ltr'><strong>exquisitam</strong></span> <span class='ocrx_word' id='word_1_101' title='bbox 1849 1028 2039 1083; x_wconf 88' lang='lat' dir='ltr'><strong>quam-</strong></span> 
     </span>
    </p>
   </div>
   <div class='ocr_carea' id='block_1_15' title="bbox 2148 999 3725 1085">
    <p class='ocr_par' dir='ltr' id='par_1_15' title="bbox 2148 999 3725 1080">
     <span class='ocr_line' id='line_1_15' title="bbox 2148 999 3725 1080; baseline -0.01 -14"><span class='ocrx_word' id='word_1_102' title='bbox 2148 1010 2306 1067; x_wconf 82' lang='grc' dir='ltr'>αὐτοῦ</span> <span class='ocrx_word' id='word_1_103' title='bbox 2347 1009 2478 1080; x_wconf 81' lang='grc' dir='ltr'>φασί</span> <span class='ocrx_word' id='word_1_104' title='bbox 2506 1025 2650 1071; x_wconf 87' lang='grc' dir='ltr'>τινες</span> <span class='ocrx_word' id='word_1_105' title='bbox 2681 1006 2790 1061; x_wconf 86' lang='grc' dir='ltr'><strong>άπδ</strong></span> <span class='ocrx_word' id='word_1_106' title='bbox 2821 1003 3133 1075; x_wconf 79' lang='grc' dir='ltr'>ὑπερϐολῆς</span> <span class='ocrx_word' id='word_1_107' title='bbox 3168 1000 3489 1063; x_wconf 87' lang='grc' dir='ltr'>πολιτείας,</span> <span class='ocrx_word' id='word_1_108' title='bbox 3532 999 3725 1063; x_wconf 76' lang='grc' dir='ltr'><strong>ἀσιτίας</strong></span> 
     </span>
    </p>
   </div>
   <div class='ocr_carea' id='block_1_16' title="bbox 457 1087 2047 1180">
    <p class='ocr_par' dir='ltr' id='par_1_16' title="bbox 457 1106 2036 1180">
     <span class='ocr_line' id='line_1_16' title="bbox 457 1106 2036 1180; baseline -0.003 -17"><span class='ocrx_word' id='word_1_109' title='bbox 457 1108 585 1164; x_wconf 90' lang='lat' dir='ltr'><strong>dam</strong></span> <span class='ocrx_word' id='word_1_110' title='bbox 623 1108 749 1164; x_wconf 73' lang='lat' dir='ltr'><strong>vita:</strong></span> <span class='ocrx_word' id='word_1_111' title='bbox 780 1109 1070 1180; x_wconf 86' lang='lat' dir='ltr'><strong>rationem,</strong></span> <span class='ocrx_word' id='word_1_112' title='bbox 1104 1116 1158 1162; x_wconf 89' lang='lat' dir='ltr'><strong>et</strong></span> <span class='ocrx_word' id='word_1_113' title='bbox 1183 1106 1443 1172; x_wconf 89' lang='lat' dir='ltr'><strong>inediam,</strong></span> <span class='ocrx_word' id='word_1_114' title='bbox 1476 1115 1639 1177; x_wconf 88' lang='lat' dir='ltr'><strong>atque</strong></span> <span class='ocrx_word' id='word_1_115' title='bbox 1681 1107 1750 1161; x_wconf 89' lang='lat' dir='ltr'><strong>ab</strong></span> <span class='ocrx_word' id='word_1_116' title='bbox 1777 1106 2036 1160; x_wconf 88' lang='lat' dir='ltr'><strong>animatis</strong></span> 
     </span>
    </p>
   </div>
   <div class='ocr_carea' id='block_1_17' title="bbox 2148 1087 3722 1180">
    <p class='ocr_par' dir='ltr' id='par_1_17' title="bbox 2148 1087 3722 1170">
     <span class='ocr_line' id='line_1_17' title="bbox 2148 1087 3722 1170; baseline -0.008 -14"><span class='ocrx_word' id='word_1_117' title='bbox 2148 1119 2199 1155; x_wconf 82' lang='grc' dir='ltr'><strong>τε</strong></span> <span class='ocrx_word' id='word_1_118' title='bbox 2244 1102 2337 1155; x_wconf 73' lang='grc' dir='ltr'>καὶ</span> <span class='ocrx_word' id='word_1_119' title='bbox 2370 1100 2584 1170; x_wconf 83' lang='grc' dir='ltr'>ἀποχῆς</span> <span class='ocrx_word' id='word_1_120' title='bbox 2613 1098 2893 1170; x_wconf 75' lang='grc' dir='ltr'>ἐμψύχων,</span> <span class='ocrx_word' id='word_1_121' title='bbox 2928 1094 3304 1150; x_wconf 72' lang='grc' dir='ltr'><strong>πεπτωκέναι.</strong></span> <span class='ocrx_word' id='word_1_122' title='bbox 3360 1092 3508 1164; x_wconf 64' lang='grc' dir='ltr'><strong>⁴Ινέρε</strong></span> <span class='ocrx_word' id='word_1_123' title='bbox 3549 1091 3613 1163; x_wconf 79' lang='grc' dir='ltr'>δὴ</span> <span class='ocrx_word' id='word_1_124' title='bbox 3649 1087 3722 1144; x_wconf 67' lang='grc' dir='ltr'><strong>οὖν</strong></span> 
     </span>
    </p>
   </div>
   <div class='ocr_carea' id='block_1_18' title="bbox 458 1183 2047 1268">
    <p class='ocr_par' dir='ltr' id='par_1_18' title="bbox 458 1196 2030 1268">
     <span class='ocr_line' id='line_1_18' title="bbox 458 1196 2030 1268; baseline -0.001 -14"><span class='ocrx_word' id='word_1_125' title='bbox 458 1200 720 1255; x_wconf 82' lang='lat' dir='ltr'><strong>omnibus</strong></span> <span class='ocrx_word' id='word_1_126' title='bbox 761 1198 1179 1268; x_wconf 88' lang='lat' dir='ltr'><strong>temperantiam</strong></span> <span class='ocrx_word' id='word_1_127' title='bbox 1220 1199 1549 1254; x_wconf 84' lang='lat' dir='ltr'><strong>concidisse.</strong></span> <span class='ocrx_word' id='word_1_128' title='bbox 1602 1196 1709 1253; x_wconf 86' lang='lat' dir='ltr'><strong>Sed</strong></span> <span class='ocrx_word' id='word_1_129' title='bbox 1733 1197 1846 1267; x_wconf 91' lang='lat' dir='ltr'><strong>jam</strong></span> <span class='ocrx_word' id='word_1_130' title='bbox 1881 1198 2030 1252; x_wconf 91' lang='lat' dir='ltr'><strong>illius</strong></span> 
     </span>
    </p>
   </div>
   <div class='ocr_carea' id='block_1_19' title="bbox 2148 1183 3720 1268">
    <p class='ocr_par' dir='ltr' id='par_1_19' title="bbox 2148 1183 3720 1268">
     <span class='ocr_line' id='line_1_19' title="bbox 2148 1183 3720 1268; baseline -0.008 -21"><span class='ocrx_word' id='word_1_131' title='bbox 2148 1194 2311 1256; x_wconf 75' lang='grc' dir='ltr'>αὑτὰς</span> <span class='ocrx_word' id='word_1_132' title='bbox 2335 1192 2435 1256; x_wconf 84' lang='grc' dir='ltr'>τὰς</span> <span class='ocrx_word' id='word_1_133' title='bbox 2461 1189 2626 1244; x_wconf 78' lang='grc' dir='ltr'>αὐτοῦ</span> <span class='ocrx_word' id='word_1_134' title='bbox 2658 1189 2832 1256; x_wconf 80' lang='grc' dir='ltr'><strong>λέξεις</strong></span> <span class='ocrx_word' id='word_1_135' title='bbox 2865 1185 3304 1260; x_wconf 79' lang='grc' dir='ltr'>παραθησόμεθα</span> <span class='ocrx_word' id='word_1_136' title='bbox 3356 1186 3426 1237; x_wconf 79' lang='grc' dir='ltr'>ὲκ</span> <span class='ocrx_word' id='word_1_137' title='bbox 3457 1183 3559 1237; x_wconf 86' lang='grc' dir='ltr'><strong>τοῦ</strong></span> <span class='ocrx_word' id='word_1_138' title='bbox 3593 1183 3720 1268; x_wconf 50' lang='grc' dir='ltr'>πρεξ-</span> 
     </span>
    </p>
   </div>
   <div class='ocr_carea' id='block_1_20' title="bbox 459 1266 2047 1374">
    <p class='ocr_par' dir='ltr' id='par_1_20' title="bbox 459 1266 2029 1374">
     <span class='ocr_line' id='line_1_20' title="bbox 459 1266 2029 1374; baseline -0.002 -30"><span class='ocrx_word' id='word_1_139' title='bbox 459 1290 629 1345; x_wconf 89' lang='lat' dir='ltr'><strong>verba</strong></span> <span class='ocrx_word' id='word_1_140' title='bbox 670 1289 1021 1374; x_wconf 77' lang='lat' dir='ltr'><strong>proferamus</strong></span> <span class='ocrx_word' id='word_1_141' title='bbox 1076 1304 1144 1345; x_wconf 82' lang='lat' dir='ltr'><strong>ex</strong></span> <span class='ocrx_word' id='word_1_142' title='bbox 1205 1290 1326 1360; x_wconf 90' lang='lat' dir='ltr'><strong>ejus</strong></span> <span class='ocrx_word' id='word_1_143' title='bbox 1371 1290 1438 1345; x_wconf 91' lang='lat' dir='ltr'><strong>ad</strong></span> <span class='ocrx_word' id='word_1_144' title='bbox 1484 1266 2029 1359; x_wconf 88' lang='lat' dir='ltr'><strong>priorempsalmum</strong></span> 
     </span>
    </p>
   </div>
   <div class='ocr_carea' id='block_1_21' title="bbox 2148 1266 3721 1374">
    <p class='ocr_par' dir='ltr' id='par_1_21' title="bbox 2148 1266 3721 1355">
     <span class='ocr_line' id='line_1_21' title="bbox 2148 1266 3721 1355; baseline -0.008 -16"><span class='ocrx_word' id='word_1_145' title='bbox 2148 1303 2225 1339; x_wconf 70' lang='grc' dir='ltr'>που</span> <span class='ocrx_word' id='word_1_146' title='bbox 2262 1283 2508 1355; x_wconf 78' lang='grc' dir='ltr'><strong>ψαλμοῦ,</strong></span> <span class='ocrx_word' id='word_1_147' title='bbox 2551 1284 2646 1337; x_wconf 71' lang='grc' dir='ltr'><strong>καὶ</strong></span> <span class='ocrx_word' id='word_1_148' title='bbox 2701 1281 2809 1335; x_wconf 83' lang='grc' dir='ltr'><strong>τῶν</strong></span> <span class='ocrx_word' id='word_1_149' title='bbox 2856 1282 2915 1334; x_wconf 80' lang='grc' dir='ltr'>ὲν</span> <span class='ocrx_word' id='word_1_150' title='bbox 2971 1278 3124 1350; x_wconf 78' lang='grc' dir='ltr'><strong>αὑτῷ</strong></span> <span class='ocrx_word' id='word_1_151' title='bbox 3162 1275 3422 1347; x_wconf 85' lang='grc' dir='ltr'>θεωριῶν</span> <span class='ocrx_word' id='word_1_152' title='bbox 3442 1316 3460 1341; x_wconf 90' lang='grc'><strong>,</strong></span> <span class='ocrx_word' id='word_1_153' title='bbox 3518 1275 3615 1328; x_wconf 78' lang='grc' dir='ltr'>καὶ</span> <span class='ocrx_word' id='word_1_154' title='bbox 3659 1266 3721 1327; x_wconf 68' lang='grc' dir='ltr'>ὧν</span> 
     </span>
    </p>
   </div>
   <div class='ocr_carea' id='block_1_22' title="bbox 460 1366 2047 1451">
    <p class='ocr_par' dir='ltr' id='par_1_22' title="bbox 460 1366 2032 1451">
     <span class='ocr_line' id='line_1_22' title="bbox 460 1366 2032 1451; baseline -0.002 -16"><span class='ocrx_word' id='word_1_155' title='bbox 460 1366 871 1435; x_wconf 69' lang='lat' dir='ltr'><strong>commentariis</strong></span> <span class='ocrx_word' id='word_1_156' title='bbox 902 1379 1246 1451; x_wconf 88' lang='lat' dir='ltr'><strong>deprompta,</strong></span> <span class='ocrx_word' id='word_1_157' title='bbox 1287 1388 1342 1435; x_wconf 90' lang='lat' dir='ltr'><strong>et</strong></span> <span class='ocrx_word' id='word_1_158' title='bbox 1385 1395 1453 1436; x_wconf 82' lang='lat' dir='ltr'><strong>ex</strong></span> <span class='ocrx_word' id='word_1_159' title='bbox 1497 1378 2032 1436; x_wconf 87' lang='lat' dir='ltr'><strong>considerationibus</strong></span> 
     </span>
    </p>
   </div>
   <div class='ocr_carea' id='block_1_23' title="bbox 2148 1366 3717 1451">
    <p class='ocr_par' dir='ltr' id='par_1_23' title="bbox 2148 1366 3717 1446">
     <span class='ocr_line' id='line_1_23' title="bbox 2148 1366 3717 1446; baseline -0.008 -16"><span class='ocrx_word' id='word_1_160' title='bbox 2148 1376 2487 1446; x_wconf 61' lang='grc' dir='ltr'>ἐδογμάτισεν</span> <span class='ocrx_word' id='word_1_161' title='bbox 2513 1374 2697 1436; x_wconf 78' lang='grc' dir='ltr'>αὐτοῖς</span> <span class='ocrx_word' id='word_1_162' title='bbox 2722 1374 2834 1436; x_wconf 78' lang='grc' dir='ltr'>τοῖς</span> <span class='ocrx_word' id='word_1_163' title='bbox 2861 1371 3040 1439; x_wconf 85' lang='grc' dir='ltr'>λόγοις</span> <span class='ocrx_word' id='word_1_164' title='bbox 3059 1386 3073 1399; x_wconf 73' lang='grc' dir='ltr'><strong>ο</strong></span> <span class='ocrx_word' id='word_1_165' title='bbox 3106 1370 3194 1424; x_wconf 81' lang='grc' dir='ltr'>ἵνα</span> <span class='ocrx_word' id='word_1_166' title='bbox 3226 1369 3304 1439; x_wconf 78' lang='grc' dir='ltr'>μή</span> <span class='ocrx_word' id='word_1_167' title='bbox 3338 1383 3499 1429; x_wconf 87' lang='grc' dir='ltr'>τινες</span> <span class='ocrx_word' id='word_1_168' title='bbox 3540 1366 3717 1418; x_wconf 67' lang='lat' dir='ltr'><strong>sima:</strong></span> 
     </span>
    </p>
   </div>
   <div class='ocr_carea' id='block_1_24' title="bbox 461 1458 2047 1541">
    <p class='ocr_par' dir='ltr' id='par_1_24' title="bbox 461 1468 2031 1541">
     <span class='ocr_line' id='line_1_24' title="bbox 461 1468 2031 1541; baseline -0.002 -16"><span class='ocrx_word' id='word_1_169' title='bbox 461 1471 530 1526; x_wconf 86' lang='lat' dir='ltr'><strong>ad</strong></span> <span class='ocrx_word' id='word_1_170' title='bbox 578 1469 829 1539; x_wconf 81' lang='lat' dir='ltr'><strong>eumdem</strong></span> <span class='ocrx_word' id='word_1_171' title='bbox 886 1470 1071 1535; x_wconf 89' lang='lat' dir='ltr'><strong>editis,</strong></span> <span class='ocrx_word' id='word_1_172' title='bbox 1125 1470 1551 1541; x_wconf 87' lang='lat' dir='ltr'><strong>dogmatumque</strong></span> <span class='ocrx_word' id='word_1_173' title='bbox 1593 1468 2031 1532; x_wconf 85' lang='lat' dir='ltr'><strong>tractationibus,</strong></span> 
     </span>
    </p>
   </div>
   <div class='ocr_carea' id='block_1_25' title="bbox 2148 1458 3713 1541">
    <p class='ocr_par' dir='ltr' id='par_1_25' title="bbox 2148 1458 3713 1535">
     <span class='ocr_line' id='line_1_25' title="bbox 2148 1458 3713 1535; baseline -0.005 -14"><span class='ocrx_word' id='word_1_174' title='bbox 2148 1466 2204 1521; x_wconf 74' lang='lat' dir='ltr'><strong>ra</strong></span> <span class='ocrx_word' id='word_1_175' title='bbox 2233 1467 2354 1521; x_wconf 77' lang='grc' dir='ltr'>κατ’</span> <span class='ocrx_word' id='word_1_176' title='bbox 2386 1465 2550 1520; x_wconf 80' lang='grc' dir='ltr'>αὑτοῦ</span> <span class='ocrx_word' id='word_1_177' title='bbox 2586 1465 2678 1534; x_wconf 72' lang='grc' dir='ltr'><strong>ὑφ’</strong></span> <span class='ocrx_word' id='word_1_178' title='bbox 2708 1462 2863 1535; x_wconf 81' lang='grc' dir='ltr'>ἡμῶν</span> <span class='ocrx_word' id='word_1_179' title='bbox 2892 1462 3160 1532; x_wconf 84' lang='grc' dir='ltr'>λεγόμενα</span> <span class='ocrx_word' id='word_1_180' title='bbox 3187 1458 3713 1528; x_wconf 76' lang='grc' dir='ltr'><strong>σεσυκοφαντῆσθαι.</strong></span> 
     </span>
    </p>
   </div>
   <div class='ocr_carea' id='block_1_26' title="bbox 459 1548 2047 1631">
    <p class='ocr_par' dir='ltr' id='par_1_26' title="bbox 459 1558 2035 1631">
     <span class='ocr_line' id='line_1_26' title="bbox 459 1558 2035 1631; baseline -0.001 -17"><span class='ocrx_word' id='word_1_181' title='bbox 459 1558 685 1615; x_wconf 81' lang='lat' dir='ltr'><strong>totidem</strong></span> <span class='ocrx_word' id='word_1_182' title='bbox 713 1561 911 1631; x_wconf 87' lang='lat' dir='ltr'><strong>quibus</strong></span> <span class='ocrx_word' id='word_1_183' title='bbox 945 1561 1167 1630; x_wconf 83' lang='lat' dir='ltr'><strong>scripsit</strong></span> <span class='ocrx_word' id='word_1_184' title='bbox 1210 1560 1299 1615; x_wconf 88' lang='lat' dir='ltr'><strong>ille</strong></span> <span class='ocrx_word' id='word_1_185' title='bbox 1337 1560 1544 1625; x_wconf 89' lang='lat' dir='ltr'><strong>verbis,</strong></span> <span class='ocrx_word' id='word_1_186' title='bbox 1576 1575 1644 1615; x_wconf 90' lang='lat' dir='ltr'><strong>ne</strong></span> <span class='ocrx_word' id='word_1_187' title='bbox 1674 1560 1800 1629; x_wconf 89' lang='lat' dir='ltr'><strong>quis</strong></span> <span class='ocrx_word' id='word_1_188' title='bbox 1839 1574 1940 1615; x_wconf 91' lang='lat' dir='ltr'><strong>nos</strong></span> <span class='ocrx_word' id='word_1_189' title='bbox 1970 1559 2035 1613; x_wconf 81' lang='lat' dir='ltr'><strong>il-</strong></span> 
     </span>
    </p>
   </div>
   <div class='ocr_carea' id='block_1_27' title="bbox 2148 1548 3716 1631">
    <p class='ocr_par' dir='ltr' id='par_1_27' title="bbox 2148 1548 3716 1626">
     <span class='ocr_line' id='line_1_27' title="bbox 2148 1548 3716 1626; baseline -0.008 -15"><span class='ocrx_word' id='word_1_190' title='bbox 2148 1557 2246 1612; x_wconf 75' lang='grc' dir='ltr'><strong>Καὶ</strong></span> <span class='ocrx_word' id='word_1_191' title='bbox 2295 1556 2394 1626; x_wconf 81' lang='grc' dir='ltr'><strong>οὐχ</strong></span> <span class='ocrx_word' id='word_1_192' title='bbox 2430 1556 2512 1609; x_wconf 85' lang='grc' dir='ltr'>ὅτι</span> <span class='ocrx_word' id='word_1_193' title='bbox 2558 1554 2776 1617; x_wconf 86' lang='grc' dir='ltr'>πάντως</span> <span class='ocrx_word' id='word_1_194' title='bbox 2824 1552 2983 1624; x_wconf 83' lang='grc' dir='ltr'>μόνον</span> <span class='ocrx_word' id='word_1_195' title='bbox 3028 1553 3086 1605; x_wconf 82' lang='grc' dir='ltr'>ὲν</span> <span class='ocrx_word' id='word_1_196' title='bbox 3139 1548 3220 1621; x_wconf 79' lang='grc' dir='ltr'><strong>τῷ</strong></span> <span class='ocrx_word' id='word_1_197' title='bbox 3264 1548 3485 1621; x_wconf 79' lang='grc' dir='ltr'>πρώτῳ</span> <span class='ocrx_word' id='word_1_198' title='bbox 3532 1548 3716 1620; x_wconf 73' lang='grc' dir='ltr'>ψαλμῷ</span> 
     </span>
    </p>
   </div>
   <div class='ocr_carea' id='block_1_28' title="bbox 461 1636 2047 1721">
    <p class='ocr_par' dir='ltr' id='par_1_28' title="bbox 461 1649 2034 1721">
     <span class='ocr_line' id='line_1_28' title="bbox 461 1649 2034 1721; baseline -0.001 -16"><span class='ocrx_word' id='word_1_199' title='bbox 461 1651 571 1706; x_wconf 88' lang='lat' dir='ltr'><strong>lius</strong></span> <span class='ocrx_word' id='word_1_200' title='bbox 603 1651 767 1707; x_wconf 87' lang='lat' dir='ltr'><strong>dictis</strong></span> <span class='ocrx_word' id='word_1_201' title='bbox 812 1652 1144 1707; x_wconf 87' lang='lat' dir='ltr'><strong>calumniam</strong></span> <span class='ocrx_word' id='word_1_202' title='bbox 1175 1650 1370 1707; x_wconf 82' lang='lat' dir='ltr'><strong>fecisse</strong></span> <span class='ocrx_word' id='word_1_203' title='bbox 1402 1651 1571 1706; x_wconf 90' lang='lat' dir='ltr'><strong>dicat.</strong></span> <span class='ocrx_word' id='word_1_204' title='bbox 1616 1651 1795 1721; x_wconf 81' lang='lat' dir='ltr'><strong>Atque</strong></span> <span class='ocrx_word' id='word_1_205' title='bbox 1825 1666 1890 1705; x_wconf 80' lang='lat' dir='ltr'><strong>ex</strong></span> <span class='ocrx_word' id='word_1_206' title='bbox 1931 1649 2034 1704; x_wconf 89' lang='lat' dir='ltr'><strong>hoc</strong></span> 
     </span>
    </p>
   </div>
   <div class='ocr_carea' id='block_1_29' title="bbox 2148 1636 3713 1721">
    <p class='ocr_par' dir='ltr' id='par_1_29' title="bbox 2148 1636 3713 1717">
     <span class='ocr_line' id='line_1_29' title="bbox 2148 1636 3713 1717; baseline -0.006 -16"><span class='ocrx_word' id='word_1_207' title='bbox 2148 1647 2359 1715; x_wconf 60' lang='grc' dir='ltr'>ἐξέπεσε</span> <span class='ocrx_word' id='word_1_208' title='bbox 2391 1647 2491 1717; x_wconf 81' lang='grc' dir='ltr'>τῆς</span> <span class='ocrx_word' id='word_1_209' title='bbox 2521 1644 2799 1715; x_wconf 83' lang='grc' dir='ltr'><strong>ἀληθείας,</strong></span> <span class='ocrx_word' id='word_1_210' title='bbox 2836 1644 2913 1707; x_wconf 86' lang='grc' dir='ltr'>ὡς</span> <span class='ocrx_word' id='word_1_211' title='bbox 2942 1642 3205 1705; x_wconf 81' lang='grc' dir='ltr'><strong>πολλάκις</strong></span> <span class='ocrx_word' id='word_1_212' title='bbox 3237 1636 3423 1708; x_wconf 80' lang='grc' dir='ltr'>εἷπον,</span> <span class='ocrx_word' id='word_1_213' title='bbox 3467 1640 3607 1694; x_wconf 81' lang='grc' dir='ltr'><strong>άλλά</strong></span> <span class='ocrx_word' id='word_1_214' title='bbox 3634 1641 3713 1697; x_wconf 69' lang='grc' dir='ltr'>καὶ</span> 
     </span>
    </p>
   </div>
   <div class='ocr_carea' id='block_1_30' title="bbox 463 1740 2031 1812">
    <p class='ocr_par' dir='ltr' id='par_1_30' title="bbox 463 1740 2031 1812">
     <span class='ocr_line' id='line_1_30' title="bbox 463 1740 2031 1812; baseline -0.002 -14"><span class='ocrx_word' id='word_1_215' title='bbox 463 1743 805 1812; x_wconf 88' lang='lat' dir='ltr'><strong>potissimum</strong></span> <span class='ocrx_word' id='word_1_216' title='bbox 831 1744 953 1799; x_wconf 90' lang='lat' dir='ltr'><strong>loco</strong></span> <span class='ocrx_word' id='word_1_217' title='bbox 982 1744 1286 1799; x_wconf 80' lang='lat' dir='ltr'><strong>transferre</strong></span> <span class='ocrx_word' id='word_1_218' title='bbox 1319 1743 1626 1809; x_wconf 86' lang='lat' dir='ltr'><strong>voluimus;</strong></span> <span class='ocrx_word' id='word_1_219' title='bbox 1658 1758 1768 1797; x_wconf 89' lang='lat' dir='ltr'><strong>non</strong></span> <span class='ocrx_word' id='word_1_220' title='bbox 1801 1740 1949 1811; x_wconf 89' lang='lat' dir='ltr'><strong>quod</strong></span> <span class='ocrx_word' id='word_1_221' title='bbox 1977 1741 2031 1795; x_wconf 91' lang='lat' dir='ltr'><strong>in</strong></span> 
     </span>
    </p>
   </div>
   <div class='ocr_carea' id='block_1_31' title="bbox 463 1832 2031 1905">
    <p class='ocr_par' dir='ltr' id='par_1_31' title="bbox 463 1832 2031 1905">
     <span class='ocr_line' id='line_1_31' title="bbox 463 1832 2031 1905; baseline 0 -18"><span class='ocrx_word' id='word_1_222' title='bbox 463 1833 549 1889; x_wconf 85' lang='lat' dir='ltr'><strong>his</strong></span> <span class='ocrx_word' id='word_1_223' title='bbox 576 1833 845 1890; x_wconf 77' lang='lat' dir='ltr'><strong>duntaxat</strong></span> <span class='ocrx_word' id='word_1_224' title='bbox 878 1835 947 1889; x_wconf 87' lang='lat' dir='ltr'><strong>ad</strong></span> <span class='ocrx_word' id='word_1_225' title='bbox 983 1835 1222 1905; x_wconf 88' lang='lat' dir='ltr'><strong>priorem</strong></span> <span class='ocrx_word' id='word_1_226' title='bbox 1255 1835 1524 1904; x_wconf 88' lang='lat' dir='ltr'><strong>psalmum</strong></span> <span class='ocrx_word' id='word_1_227' title='bbox 1561 1832 1971 1889; x_wconf 88' lang='lat' dir='ltr'><strong>commentariis</strong></span> <span class='ocrx_word' id='word_1_228' title='bbox 2001 1846 2031 1886; x_wconf 89' lang='lat' dir='ltr'><strong>a</strong></span> 
     </span>
    </p>
   </div>
   <div class='ocr_carea' id='block_1_32' title="bbox 465 1922 2030 1994">
    <p class='ocr_par' dir='ltr' id='par_1_32' title="bbox 465 1922 2030 1994">
     <span class='ocr_line' id='line_1_32' title="bbox 465 1922 2030 1994; baseline -0.001 -17"><span class='ocrx_word' id='word_1_229' title='bbox 465 1923 691 1978; x_wconf 76' lang='lat' dir='ltr'><strong>veritate</strong></span> <span class='ocrx_word' id='word_1_230' title='bbox 727 1922 1006 1989; x_wconf 82' lang='lat' dir='ltr'><strong>ceciderit,</strong></span> <span class='ocrx_word' id='word_1_231' title='bbox 1058 1930 1117 1977; x_wconf 90' lang='lat' dir='ltr'><strong>ut</strong></span> <span class='ocrx_word' id='word_1_232' title='bbox 1151 1938 1391 1994; x_wconf 74' lang='lat' dir='ltr'><strong>persaepe</strong></span> <span class='ocrx_word' id='word_1_233' title='bbox 1437 1931 1667 1979; x_wconf 85' lang='lat' dir='ltr'><strong>testatus</strong></span> <span class='ocrx_word' id='word_1_234' title='bbox 1709 1938 1862 1990; x_wconf 90' lang='lat' dir='ltr'><strong>sum;</strong></span> <span class='ocrx_word' id='word_1_235' title='bbox 1907 1937 2030 1977; x_wconf 90' lang='lat' dir='ltr'><strong>nam</strong></span> 
     </span>
    </p>
   </div>
   <div class='ocr_carea' id='block_1_33' title="bbox 463 2012 2031 2084">
    <p class='ocr_par' dir='ltr' id='par_1_33' title="bbox 463 2012 2031 2084">
     <span class='ocr_line' id='line_1_33' title="bbox 463 2012 2031 2084; baseline -0.002 -17"><span class='ocrx_word' id='word_1_236' title='bbox 463 2014 518 2067; x_wconf 85' lang='lat' dir='ltr'><strong>in</strong></span> <span class='ocrx_word' id='word_1_237' title='bbox 565 2013 821 2068; x_wconf 84' lang='lat' dir='ltr'><strong>omnibus</strong></span> <span class='ocrx_word' id='word_1_238' title='bbox 848 2014 1009 2084; x_wconf 84' lang='lat' dir='ltr'><strong>plane</strong></span> <span class='ocrx_word' id='word_1_239' title='bbox 1059 2013 1373 2078; x_wconf 85' lang='lat' dir='ltr'><strong>aberravit;</strong></span> <span class='ocrx_word' id='word_1_240' title='bbox 1423 2012 1519 2068; x_wconf 89' lang='lat' dir='ltr'><strong>sed</strong></span> <span class='ocrx_word' id='word_1_241' title='bbox 1551 2013 1697 2084; x_wconf 88' lang='lat' dir='ltr'><strong>quod</strong></span> <span class='ocrx_word' id='word_1_242' title='bbox 1745 2014 2031 2068; x_wconf 89' lang='lat' dir='ltr'><strong>innumera</strong></span> 
     </span>
    </p>
   </div>
   <div class='ocr_carea' id='block_1_34' title="bbox 463 2107 2035 2173">
    <p class='ocr_par' dir='ltr' id='par_1_34' title="bbox 463 2107 2035 2173">
     <span class='ocr_line' id='line_1_34' title="bbox 463 2107 2035 2173; baseline 0.001 -12"><span class='ocrx_word' id='word_1_243' title='bbox 463 2107 575 2161; x_wconf 87' lang='lat' dir='ltr'><strong>sint</strong></span> <span class='ocrx_word' id='word_1_244' title='bbox 611 2107 680 2163; x_wconf 90' lang='lat' dir='ltr'><strong>ab</strong></span> <span class='ocrx_word' id='word_1_245' title='bbox 712 2123 779 2164; x_wconf 91' lang='lat' dir='ltr'><strong>eo</strong></span> <span class='ocrx_word' id='word_1_246' title='bbox 817 2108 1150 2163; x_wconf 90' lang='lat' dir='ltr'><strong>monimenta</strong></span> <span class='ocrx_word' id='word_1_247' title='bbox 1182 2109 1394 2173; x_wconf 88' lang='lat' dir='ltr'><strong>relicta,</strong></span> <span class='ocrx_word' id='word_1_248' title='bbox 1427 2108 1705 2163; x_wconf 91' lang='lat' dir='ltr'><strong>nonnullis</strong></span> <span class='ocrx_word' id='word_1_249' title='bbox 1738 2123 1805 2164; x_wconf 80' lang='lat' dir='ltr'><strong>ex</strong></span> <span class='ocrx_word' id='word_1_250' title='bbox 1850 2122 1916 2164; x_wconf 91' lang='lat' dir='ltr'><strong>eo</strong></span> <span class='ocrx_word' id='word_1_251' title='bbox 1942 2108 2035 2162; x_wconf 90' lang='lat' dir='ltr'><strong>ille</strong></span> 
     </span>
    </p>
   </div>
   <div class='ocr_carea' id='block_1_35' title="bbox 464 2200 2034 2269">
    <p class='ocr_par' dir='ltr' id='par_1_35' title="bbox 464 2200 2034 2269">
     <span class='ocr_line' id='line_1_35' title="bbox 464 2200 2034 2269; baseline 0.001 -14"><span class='ocrx_word' id='word_1_252' title='bbox 464 2200 675 2269; x_wconf 89' lang='lat' dir='ltr'><strong>psalmo</strong></span> <span class='ocrx_word' id='word_1_253' title='bbox 724 2201 993 2268; x_wconf 86' lang='lat' dir='ltr'><strong>collectis,</strong></span> <span class='ocrx_word' id='word_1_254' title='bbox 1046 2217 1115 2257; x_wconf 79' lang='lat' dir='ltr'><strong>ex</strong></span> <span class='ocrx_word' id='word_1_255' title='bbox 1169 2216 1277 2256; x_wconf 86' lang='lat' dir='ltr'><strong>una</strong></span> <span class='ocrx_word' id='word_1_256' title='bbox 1318 2209 1412 2256; x_wconf 91' lang='lat' dir='ltr'><strong>aut</strong></span> <span class='ocrx_word' id='word_1_257' title='bbox 1472 2202 1665 2267; x_wconf 86' lang='lat' dir='ltr'><strong>altera,</strong></span> <span class='ocrx_word' id='word_1_258' title='bbox 1721 2203 1805 2257; x_wconf 88' lang='lat' dir='ltr'><strong>vel</strong></span> <span class='ocrx_word' id='word_1_259' title='bbox 1857 2201 2034 2256; x_wconf 86' lang='lat' dir='ltr'><strong>tribus</strong></span> 
     </span>
    </p>
   </div>
   <div class='ocr_carea' id='block_1_36' title="bbox 400 2289 2033 2367">
    <p class='ocr_par' dir='ltr' id='par_1_36' title="bbox 400 2289 2033 2367">
     <span class='ocr_line' id='line_1_36' title="bbox 400 2289 2033 2367; baseline 0.002 -26"><span class='ocrx_word' id='word_1_260' title='bbox 400 2358 407 2367; x_wconf 34' lang='lat'><strong><em>.</em></strong></span> <span class='ocrx_word' id='word_1_261' title='bbox 462 2294 612 2342; x_wconf 89' lang='lat' dir='ltr'><strong>certe</strong></span> <span class='ocrx_word' id='word_1_262' title='bbox 644 2289 868 2345; x_wconf 91' lang='lat' dir='ltr'><strong>vocibus</strong></span> <span class='ocrx_word' id='word_1_263' title='bbox 910 2303 1130 2345; x_wconf 91' lang='lat' dir='ltr'><strong>omnem</strong></span> <span class='ocrx_word' id='word_1_264' title='bbox 1166 2290 1313 2347; x_wconf 91' lang='lat' dir='ltr'><strong>illius</strong></span> <span class='ocrx_word' id='word_1_265' title='bbox 1343 2293 1397 2347; x_wconf 90' lang='lat' dir='ltr'><strong>in</strong></span> <span class='ocrx_word' id='word_1_266' title='bbox 1447 2291 1555 2357; x_wconf 85' lang='lat' dir='ltr'><strong>bis,</strong></span> <span class='ocrx_word' id='word_1_267' title='bbox 1595 2306 1716 2362; x_wconf 82' lang='lat' dir='ltr'><strong>quae</strong></span> <span class='ocrx_word' id='word_1_268' title='bbox 1760 2291 1827 2347; x_wconf 89' lang='lat' dir='ltr'><strong>ad</strong></span> <span class='ocrx_word' id='word_1_269' title='bbox 1876 2290 2033 2347; x_wconf 85' lang='lat' dir='ltr'><strong>tidem</strong></span> 
     </span>
    </p>
   </div>
   <div class='ocr_carea' id='block_1_37' title="bbox 464 2376 2037 2451">
    <p class='ocr_par' dir='ltr' id='par_1_37' title="bbox 464 2376 2037 2451">
     <span class='ocr_line' id='line_1_37' title="bbox 464 2376 2037 2451; baseline 0.001 -20"><span class='ocrx_word' id='word_1_270' title='bbox 464 2376 760 2446; x_wconf 88' lang='lat' dir='ltr'><strong>pertinent,</strong></span> <span class='ocrx_word' id='word_1_271' title='bbox 803 2378 1205 2449; x_wconf 85' lang='lat' dir='ltr'><strong>improbitatem</strong></span> <span class='ocrx_word' id='word_1_272' title='bbox 1239 2380 1546 2451; x_wconf 80' lang='lat' dir='ltr'><strong>aperiemus</strong></span> <span class='ocrx_word' id='word_1_273' title='bbox 1575 2398 1590 2436; x_wconf 90' lang='lat'><strong>:</strong></span> <span class='ocrx_word' id='word_1_274' title='bbox 1624 2395 1687 2436; x_wconf 91' lang='lat' dir='ltr'><strong>ac</strong></span> <span class='ocrx_word' id='word_1_275' title='bbox 1720 2381 2037 2436; x_wconf 83' lang='lat' dir='ltr'><strong>necessario</strong></span> 
     </span>
    </p>
   </div>
   <div class='ocr_carea' id='block_1_38' title="bbox 461 2465 2036 2538">
    <p class='ocr_par' dir='ltr' id='par_1_38' title="bbox 461 2465 2036 2538">
     <span class='ocr_line' id='line_1_38' title="bbox 461 2465 2036 2538; baseline 0.003 -17"><span class='ocrx_word' id='word_1_276' title='bbox 461 2465 652 2522; x_wconf 87' lang='lat' dir='ltr'><strong>eadem</strong></span> <span class='ocrx_word' id='word_1_277' title='bbox 684 2467 886 2538; x_wconf 87' lang='lat' dir='ltr'><strong>quibus</strong></span> <span class='ocrx_word' id='word_1_278' title='bbox 928 2468 1020 2524; x_wconf 88' lang='lat' dir='ltr'><strong>ille</strong></span> <span class='ocrx_word' id='word_1_279' title='bbox 1072 2485 1205 2526; x_wconf 91' lang='lat' dir='ltr'><strong>usus</strong></span> <span class='ocrx_word' id='word_1_280' title='bbox 1246 2477 1329 2526; x_wconf 90' lang='lat' dir='ltr'><strong>est</strong></span> <span class='ocrx_word' id='word_1_281' title='bbox 1371 2472 1534 2527; x_wconf 87' lang='lat' dir='ltr'><strong>verba</strong></span> <span class='ocrx_word' id='word_1_282' title='bbox 1574 2470 1896 2527; x_wconf 79' lang='lat' dir='ltr'><strong>referemus.</strong></span> <span class='ocrx_word' id='word_1_283' title='bbox 1940 2469 2036 2526; x_wconf 89' lang='lat' dir='ltr'><strong>Est</strong></span> 
     </span>
    </p>
   </div>
   <div class='ocr_carea' id='block_1_39' title="bbox 464 2556 2035 2632">
    <p class='ocr_par' dir='ltr' id='par_1_39' title="bbox 464 2556 2035 2632">
     <span class='ocr_line' id='line_1_39' title="bbox 464 2556 2035 2632; baseline 0.005 -24"><span class='ocrx_word' id='word_1_284' title='bbox 464 2556 634 2627; x_wconf 78' lang='lat' dir='ltr'><strong>igitur</strong></span> <span class='ocrx_word' id='word_1_285' title='bbox 664 2558 1103 2632; x_wconf 82' lang='lat' dir='ltr'><strong>uniuscujusque</strong></span> <span class='ocrx_word' id='word_1_286' title='bbox 1140 2561 1399 2618; x_wconf 88' lang='lat' dir='ltr'><strong>dictionis</strong></span> <span class='ocrx_word' id='word_1_287' title='bbox 1429 2563 1576 2617; x_wconf 79' lang='lat' dir='ltr'><strong>velut</strong></span> <span class='ocrx_word' id='word_1_288' title='bbox 1611 2563 1787 2619; x_wconf 91' lang='lat' dir='ltr'><strong>solum</strong></span> <span class='ocrx_word' id='word_1_289' title='bbox 1814 2576 1880 2617; x_wconf 89' lang='lat' dir='ltr'><strong>ac</strong></span> <span class='ocrx_word' id='word_1_290' title='bbox 1910 2561 2035 2617; x_wconf 86' lang='lat' dir='ltr'><strong>fun-</strong></span> 
     </span>
    </p>
   </div>
   <div class='ocr_carea' id='block_1_40' title="bbox 464 2648 2033 2731">
    <p class='ocr_par' dir='ltr' id='par_1_40' title="bbox 464 2648 2033 2731">
     <span class='ocr_line' id='line_1_40' title="bbox 464 2648 2033 2731; baseline 0.003 -29"><span class='ocrx_word' id='word_1_291' title='bbox 464 2648 781 2731; x_wconf 85' lang='lat' dir='ltr'><strong>damentum</strong></span> <span class='ocrx_word' id='word_1_292' title='bbox 820 2649 1158 2720; x_wconf 90' lang='lat' dir='ltr'><strong>hujusmodi,</strong></span> <span class='ocrx_word' id='word_1_293' title='bbox 1197 2660 1256 2706; x_wconf 90' lang='lat' dir='ltr'><strong>ut</strong></span> <span class='ocrx_word' id='word_1_294' title='bbox 1304 2652 1471 2718; x_wconf 91' lang='lat' dir='ltr'><strong>illud,</strong></span> <span class='ocrx_word' id='word_1_295' title='bbox 1521 2653 1766 2710; x_wconf 88' lang='lat' dir='ltr'><strong>studiose</strong></span> <span class='ocrx_word' id='word_1_296' title='bbox 1797 2652 2033 2719; x_wconf 89' lang='lat' dir='ltr'><strong>auditor,</strong></span> 
     </span>
    </p>
   </div>
   <div class='ocr_carea' id='block_1_41' title="bbox 465 2739 2036 2812">
    <p class='ocr_par' dir='ltr' id='par_1_41' title="bbox 465 2739 2036 2812">
     <span class='ocr_line' id='line_1_41' title="bbox 465 2739 2036 2812; baseline 0.004 -18"><span class='ocrx_word' id='word_1_297' title='bbox 465 2739 761 2812; x_wconf 78' lang='lat' dir='ltr'><strong>intelligas,</strong></span> <span class='ocrx_word' id='word_1_298' title='bbox 794 2742 1242 2801; x_wconf 79' lang='lat' dir='ltr'><strong>manifestissime</strong></span> <span class='ocrx_word' id='word_1_299' title='bbox 1265 2742 1462 2799; x_wconf 86' lang='lat' dir='ltr'><strong>Filium</strong></span> <span class='ocrx_word' id='word_1_300' title='bbox 1494 2743 1586 2799; x_wconf 91' lang='lat' dir='ltr'><strong>Dci</strong></span> <span class='ocrx_word' id='word_1_301' title='bbox 1625 2752 1932 2801; x_wconf 89' lang='lat' dir='ltr'><strong>creaturam</strong></span> <span class='ocrx_word' id='word_1_302' title='bbox 1966 2745 2036 2800; x_wconf 89' lang='lat' dir='ltr'><strong>ab</strong></span> 
     </span>
    </p>
   </div>
   <div class='ocr_carea' id='block_1_42' title="bbox 2135 1729 3713 1809">
    <p class='ocr_par' dir='ltr' id='par_1_42' title="bbox 2135 1729 3713 1809">
     <span class='ocr_line' id='line_1_42' title="bbox 2135 1729 3713 1809; baseline -0.004 -19"><span class='ocrx_word' id='word_1_303' title='bbox 2135 1739 2193 1790; x_wconf 81' lang='grc' dir='ltr'>ὲν</span> <span class='ocrx_word' id='word_1_304' title='bbox 2242 1737 2447 1809; x_wconf 80' lang='grc' dir='ltr'>ἑκάστῃ</span> <span class='ocrx_word' id='word_1_305' title='bbox 2489 1735 2770 1806; x_wconf 80' lang='grc' dir='ltr'>ἐξηγήσει.</span> <span class='ocrx_word' id='word_1_306' title='bbox 2819 1732 2918 1787; x_wconf 88' lang='grc' dir='ltr'>Διά</span> <span class='ocrx_word' id='word_1_307' title='bbox 2969 1731 3027 1785; x_wconf 81' lang='grc' dir='ltr'>δὲ</span> <span class='ocrx_word' id='word_1_308' title='bbox 3060 1733 3154 1786; x_wconf 79' lang='grc' dir='ltr'>τὸν</span> <span class='ocrx_word' id='word_1_309' title='bbox 3194 1732 3367 1800; x_wconf 75' lang='grc' dir='ltr'>ὄγκον</span> <span class='ocrx_word' id='word_1_310' title='bbox 3412 1729 3524 1801; x_wconf 77' lang='grc' dir='ltr'>τῆς</span> <span class='ocrx_word' id='word_1_311' title='bbox 3564 1730 3713 1784; x_wconf 70' lang='grc' dir='ltr'>αὑτοῦ</span> 
     </span>
    </p>
   </div>
   <div class='ocr_carea' id='block_1_43' title="bbox 2133 1820 3713 1899">
    <p class='ocr_par' dir='ltr' id='par_1_43' title="bbox 2133 1820 3713 1899">
     <span class='ocr_line' id='line_1_43' title="bbox 2133 1820 3713 1899; baseline -0.006 -17"><span class='ocrx_word' id='word_1_312' title='bbox 2133 1828 2520 1899; x_wconf 71' lang='grc' dir='ltr'><strong>πραγματείας</strong></span> <span class='ocrx_word' id='word_1_313' title='bbox 2575 1826 2684 1880; x_wconf 79' lang='grc' dir='ltr'>ἀπὸ</span> <span class='ocrx_word' id='word_1_314' title='bbox 2725 1823 2820 1879; x_wconf 88' lang='grc' dir='ltr'><strong>τοῦ</strong></span> <span class='ocrx_word' id='word_1_315' title='bbox 2872 1822 3272 1895; x_wconf 81' lang='grc' dir='ltr'>προειρημένου</span> <span class='ocrx_word' id='word_1_316' title='bbox 3318 1821 3549 1892; x_wconf 79' lang='grc' dir='ltr'>ψαλμοῦ</span> <span class='ocrx_word' id='word_1_317' title='bbox 3602 1820 3713 1874; x_wconf 76' lang='grc' dir='ltr'>συλ-</span> 
     </span>
    </p>
   </div>
   <div class='ocr_carea' id='block_1_44' title="bbox 2134 1913 3711 1988">
    <p class='ocr_par' dir='ltr' id='par_1_44' title="bbox 2134 1913 3711 1988">
     <span class='ocr_line' id='line_1_44' title="bbox 2134 1913 3711 1988; baseline -0.005 -15"><span class='ocrx_word' id='word_1_318' title='bbox 2134 1921 2387 1987; x_wconf 77' lang='grc' dir='ltr'><strong>λέξαντες</strong></span> <span class='ocrx_word' id='word_1_319' title='bbox 2440 1918 2694 1982; x_wconf 81' lang='grc' dir='ltr'>ὲνταῦθα,</span> <span class='ocrx_word' id='word_1_320' title='bbox 2735 1918 2842 1973; x_wconf 77' lang='grc' dir='ltr'>ἀπὸ</span> <span class='ocrx_word' id='word_1_321' title='bbox 2889 1917 2991 1988; x_wconf 76' lang='grc' dir='ltr'>τῆς</span> <span class='ocrx_word' id='word_1_322' title='bbox 3043 1915 3258 1987; x_wconf 52' lang='lat' dir='ltr'><strong>inﬁgi)</strong></span> <span class='ocrx_word' id='word_1_323' title='bbox 3309 1914 3431 1977; x_wconf 72' lang='grc' dir='ltr'>δύο,</span> <span class='ocrx_word' id='word_1_324' title='bbox 3480 1915 3517 1985; x_wconf 80' lang='grc' dir='ltr'>ἢ</span> <span class='ocrx_word' id='word_1_325' title='bbox 3562 1913 3711 1984; x_wconf 74' lang='grc' dir='ltr'>τριῶν</span> 
     </span>
    </p>
   </div>
   <div class='ocr_carea' id='block_1_45' title="bbox 2136 2006 3709 2081">
    <p class='ocr_par' dir='ltr' id='par_1_45' title="bbox 2136 2006 3709 2081">
     <span class='ocr_line' id='line_1_45' title="bbox 2136 2006 3709 2081; baseline -0.004 -16"><span class='ocrx_word' id='word_1_326' title='bbox 2136 2010 2351 2077; x_wconf 78' lang='grc' dir='ltr'>λέξεων,</span> <span class='ocrx_word' id='word_1_327' title='bbox 2400 2011 2462 2065; x_wconf 75' lang='grc' dir='ltr'>τὸ</span> <span class='ocrx_word' id='word_1_328' title='bbox 2490 2013 2598 2065; x_wconf 82' lang='grc' dir='ltr'><strong>πᾶν</strong></span> <span class='ocrx_word' id='word_1_329' title='bbox 2645 2010 2707 2063; x_wconf 79' lang='grc' dir='ltr'>τὸ</span> <span class='ocrx_word' id='word_1_330' title='bbox 2756 2011 2885 2081; x_wconf 76' lang='grc' dir='ltr'>περὶ</span> <span class='ocrx_word' id='word_1_331' title='bbox 2908 2008 3006 2081; x_wconf 78' lang='grc' dir='ltr'>τὴν</span> <span class='ocrx_word' id='word_1_332' title='bbox 3038 2008 3221 2063; x_wconf 83' lang='grc' dir='ltr'>πίστιν</span> <span class='ocrx_word' id='word_1_333' title='bbox 3262 2007 3370 2078; x_wconf 80' lang='grc' dir='ltr'>τῆς</span> <span class='ocrx_word' id='word_1_334' title='bbox 3419 2006 3709 2078; x_wconf 73' lang='grc' dir='ltr'>μοχθηρίας</span> 
     </span>
    </p>
   </div>
   <div class='ocr_carea' id='block_1_46' title="bbox 2134 2097 3707 2171">
    <p class='ocr_par' dir='ltr' id='par_1_46' title="bbox 2134 2097 3707 2171">
     <span class='ocr_line' id='line_1_46' title="bbox 2134 2097 3707 2171; baseline -0.005 -16"><span class='ocrx_word' id='word_1_335' title='bbox 2134 2102 2298 2156; x_wconf 80' lang='grc' dir='ltr'>αὑτοῦ</span> <span class='ocrx_word' id='word_1_336' title='bbox 2352 2100 2811 2171; x_wconf 72' lang='grc' dir='ltr'>άποκαλύψωμεν.</span> <span class='ocrx_word' id='word_1_337' title='bbox 2852 2098 2965 2153; x_wconf 77' lang='grc' dir='ltr'><strong>Καὶ</strong></span> <span class='ocrx_word' id='word_1_338' title='bbox 3008 2097 3206 2153; x_wconf 83' lang='grc' dir='ltr'>ταυτόν</span> <span class='ocrx_word' id='word_1_339' title='bbox 3237 2113 3297 2150; x_wconf 85' lang='grc' dir='ltr'><strong>τε</strong></span> <span class='ocrx_word' id='word_1_340' title='bbox 3342 2098 3529 2149; x_wconf 72' lang='grc' dir='ltr'>εἰπεῖν</span> <span class='ocrx_word' id='word_1_341' title='bbox 3554 2097 3707 2162; x_wconf 78' lang='grc' dir='ltr'>ἀναγ-</span> 
     </span>
    </p>
   </div>
   <div class='ocr_carea' id='block_1_47' title="bbox 2137 2186 3706 2264">
    <p class='ocr_par' dir='ltr' id='par_1_47' title="bbox 2137 2186 3706 2264">
     <span class='ocr_line' id='line_1_47' title="bbox 2137 2186 3706 2264; baseline -0.008 -14"><span class='ocrx_word' id='word_1_342' title='bbox 2137 2194 2307 2259; x_wconf 62' lang='grc' dir='ltr'>καίως</span> <span class='ocrx_word' id='word_1_343' title='bbox 2357 2191 2823 2264; x_wconf 72' lang='grc' dir='ltr'>ἐπιμελησόμεθα.</span> <span class='ocrx_word' id='word_1_344' title='bbox 2897 2190 3008 2244; x_wconf 68' lang='grc' dir='ltr'><strong>Καὶ</strong></span> <span class='ocrx_word' id='word_1_345' title='bbox 3058 2189 3207 2243; x_wconf 76' lang='grc' dir='ltr'>ἔστιν</span> <span class='ocrx_word' id='word_1_346' title='bbox 3264 2187 3433 2251; x_wconf 74' lang='grc' dir='ltr'>εὐθὺς</span> <span class='ocrx_word' id='word_1_347' title='bbox 3487 2186 3706 2255; x_wconf 67' lang='grc' dir='ltr'>ἑκάστης</span> 
     </span>
    </p>
   </div>
   <div class='ocr_carea' id='block_1_48' title="bbox 2139 2275 3706 2362">
    <p class='ocr_par' dir='ltr' id='par_1_48' title="bbox 2139 2275 3706 2362">
     <span class='ocr_line' id='line_1_48' title="bbox 2139 2275 3706 2362; baseline -0.008 -19"><span class='ocrx_word' id='word_1_348' title='bbox 2139 2288 2333 2362; x_wconf 77' lang='grc' dir='ltr'>λέξεως</span> <span class='ocrx_word' id='word_1_349' title='bbox 2363 2288 2424 2344; x_wconf 80' lang='grc' dir='ltr'>τὸ</span> <span class='ocrx_word' id='word_1_350' title='bbox 2467 2287 2681 2356; x_wconf 78' lang='grc' dir='ltr'>ὲδάιριον</span> <span class='ocrx_word' id='word_1_351' title='bbox 2723 2284 2917 2349; x_wconf 76' lang='grc' dir='ltr'>οὕτως,</span> <span class='ocrx_word' id='word_1_352' title='bbox 2947 2285 3095 2347; x_wconf 83' lang='grc' dir='ltr'>ὅπως</span> <span class='ocrx_word' id='word_1_353' title='bbox 3126 2275 3420 2353; x_wconf 78' lang='grc' dir='ltr'>γνῴης,⁶ὦ</span> <span class='ocrx_word' id='word_1_354' title='bbox 3470 2279 3706 2351; x_wconf 71' lang='grc' dir='ltr'>φιλόκαὶε</span> 
     </span>
    </p>
   </div>
   <div class='ocr_carea' id='block_1_49' title="bbox 2139 2371 3705 2453">
    <p class='ocr_par' dir='ltr' id='par_1_49' title="bbox 2139 2371 3705 2453">
     <span class='ocr_line' id='line_1_49' title="bbox 2139 2371 3705 2453; baseline -0.008 -18"><span class='ocrx_word' id='word_1_355' title='bbox 2139 2380 2405 2453; x_wconf 76' lang='grc' dir='ltr'>άκροατὰ,</span> <span class='ocrx_word' id='word_1_356' title='bbox 2436 2380 2518 2433; x_wconf 81' lang='grc' dir='ltr'><strong>δτι</strong></span> <span class='ocrx_word' id='word_1_357' title='bbox 2545 2379 2901 2450; x_wconf 83' lang='grc' dir='ltr'>φανερώτατα</span> <span class='ocrx_word' id='word_1_358' title='bbox 2923 2375 3015 2429; x_wconf 81' lang='grc' dir='ltr'>τὸν</span> <span class='ocrx_word' id='word_1_359' title='bbox 3049 2375 3179 2428; x_wconf 79' lang='grc' dir='ltr'>Υἱδν</span> <span class='ocrx_word' id='word_1_360' title='bbox 3216 2372 3311 2427; x_wconf 85' lang='grc' dir='ltr'><strong>τοῦ</strong></span> <span class='ocrx_word' id='word_1_361' title='bbox 3338 2371 3479 2425; x_wconf 83' lang='grc' dir='ltr'>Θεοῦ</span> <span class='ocrx_word' id='word_1_362' title='bbox 3524 2372 3705 2439; x_wconf 74' lang='grc' dir='ltr'>κτίσμα</span> 
     </span>
    </p>
   </div>
   <div class='ocr_carea' id='block_1_50' title="bbox 2140 2462 3708 2542">
    <p class='ocr_par' dir='ltr' id='par_1_50' title="bbox 2140 2462 3708 2542">
     <span class='ocr_line' id='line_1_50' title="bbox 2140 2462 3708 2542; baseline -0.006 -18"><span class='ocrx_word' id='word_1_363' title='bbox 2140 2472 2484 2542; x_wconf 72' lang='grc' dir='ltr'>ἐδογμάτισε.</span> <span class='ocrx_word' id='word_1_364' title='bbox 2533 2470 2643 2524; x_wconf 71' lang='grc' dir='ltr'><strong>Καὶ</strong></span> <span class='ocrx_word' id='word_1_365' title='bbox 2691 2469 2801 2524; x_wconf 75' lang='grc' dir='ltr'>ἀπὸ</span> <span class='ocrx_word' id='word_1_366' title='bbox 2853 2468 2951 2539; x_wconf 79' lang='grc' dir='ltr'><strong>τῆς</strong></span> <span class='ocrx_word' id='word_1_367' title='bbox 3004 2466 3133 2538; x_wconf 72' lang='grc' dir='ltr'>περὶ</span> <span class='ocrx_word' id='word_1_368' title='bbox 3190 2464 3285 2519; x_wconf 85' lang='grc' dir='ltr'><strong>τοῦ</strong></span> <span class='ocrx_word' id='word_1_369' title='bbox 3336 2464 3474 2518; x_wconf 85' lang='grc' dir='ltr'>Υἱοῦ</span> <span class='ocrx_word' id='word_1_370' title='bbox 3524 2462 3708 2531; x_wconf 78' lang='grc' dir='ltr'>τόλμης</span> 
     </span>
    </p>
   </div>
   <div class='ocr_carea' id='block_1_51' title="bbox 2140 2555 3709 2635">
    <p class='ocr_par' dir='ltr' id='par_1_51' title="bbox 2140 2555 3709 2635">
     <span class='ocr_line' id='line_1_51' title="bbox 2140 2555 3709 2635; baseline -0.006 -17"><span class='ocrx_word' id='word_1_371' title='bbox 2140 2564 2343 2635; x_wconf 83' lang='grc' dir='ltr'>γνῴης,</span> <span class='ocrx_word' id='word_1_372' title='bbox 2373 2565 2453 2618; x_wconf 84' lang='grc' dir='ltr'>ὅτι</span> <span class='ocrx_word' id='word_1_373' title='bbox 2496 2565 2589 2618; x_wconf 58' lang='grc' dir='ltr'><strong>καὶ⁸</strong></span> <span class='ocrx_word' id='word_1_374' title='bbox 2617 2563 2678 2617; x_wconf 80' lang='grc' dir='ltr'>τὸ</span> <span class='ocrx_word' id='word_1_375' title='bbox 2708 2560 2933 2632; x_wconf 81' lang='grc' dir='ltr'>Πνεῦμα</span> <span class='ocrx_word' id='word_1_376' title='bbox 2973 2560 3034 2613; x_wconf 84' lang='grc' dir='ltr'>τὸ</span> <span class='ocrx_word' id='word_1_377' title='bbox 3068 2558 3221 2628; x_wconf 74' lang='grc' dir='ltr'>ἅγιον</span> <span class='ocrx_word' id='word_1_378' title='bbox 3248 2556 3469 2611; x_wconf 81' lang='grc' dir='ltr'>κτιστὺν</span> <span class='ocrx_word' id='word_1_379' title='bbox 3499 2555 3709 2624; x_wconf 60' lang='lat' dir='ltr'><strong>clomi;</strong></span> 
     </span>
    </p>
   </div>
   <div class='ocr_carea' id='block_1_52' title="bbox 2144 2647 3711 2726">
    <p class='ocr_par' dir='ltr' id='par_1_52' title="bbox 2144 2647 3711 2726">
     <span class='ocr_line' id='line_1_52' title="bbox 2144 2647 3711 2726; baseline -0.006 -17"><span class='ocrx_word' id='word_1_380' title='bbox 2144 2672 2292 2709; x_wconf 89' lang='grc' dir='ltr'>σατο.</span> <span class='ocrx_word' id='word_1_381' title='bbox 2339 2656 2458 2709; x_wconf 79' lang='grc' dir='ltr'><strong>Ἀπ’</strong></span> <span class='ocrx_word' id='word_1_382' title='bbox 2504 2655 2678 2726; x_wconf 83' lang='grc' dir='ltr'>ἀρχῆς</span> <span class='ocrx_word' id='word_1_383' title='bbox 2710 2648 2801 2707; x_wconf 76' lang='grc' dir='ltr'>οὖν</span> <span class='ocrx_word' id='word_1_384' title='bbox 2843 2652 3189 2721; x_wconf 75' lang='grc' dir='ltr'>ἀναλέξωμεν</span> <span class='ocrx_word' id='word_1_385' title='bbox 3224 2650 3316 2703; x_wconf 72' lang='grc' dir='ltr'>τὸν</span> <span class='ocrx_word' id='word_1_386' title='bbox 3347 2649 3586 2719; x_wconf 73' lang='grc' dir='ltr'>ψαλμὸν,</span> <span class='ocrx_word' id='word_1_387' title='bbox 3620 2647 3711 2708; x_wconf 76' lang='grc' dir='ltr'>ἓως</span> 
     </span>
    </p>
   </div>
   <div class='ocr_carea' id='block_1_53' title="bbox 2141 2737 3466 2816">
    <p class='ocr_par' dir='ltr' id='par_1_53' title="bbox 2141 2737 3466 2816">
     <span class='ocr_line' id='line_1_53' title="bbox 2141 2737 3466 2816; baseline -0.005 -18"><span class='ocrx_word' id='word_1_388' title='bbox 2141 2747 2316 2816; x_wconf 73' lang='grc' dir='ltr'>αὐτῆς</span> <span class='ocrx_word' id='word_1_389' title='bbox 2346 2747 2443 2816; x_wconf 84' lang='grc' dir='ltr'>τῆς</span> <span class='ocrx_word' id='word_1_390' title='bbox 2475 2745 2693 2809; x_wconf 79' lang='grc' dir='ltr'>λέξεως,</span> <span class='ocrx_word' id='word_1_391' title='bbox 2723 2744 2799 2807; x_wconf 86' lang='grc' dir='ltr'>ὡς</span> <span class='ocrx_word' id='word_1_392' title='bbox 2829 2743 2991 2806; x_wconf 81' lang='grc' dir='ltr'>αὐτὸς</span> <span class='ocrx_word' id='word_1_393' title='bbox 3030 2739 3309 2813; x_wconf 82' lang='grc' dir='ltr'>Ὠριγένης</span> <span class='ocrx_word' id='word_1_394' title='bbox 3338 2737 3466 2808; x_wconf 77' lang='grc' dir='ltr'>ἔφη.</span> 
     </span>
    </p>
   </div>
   <div class='ocr_carea' id='block_1_54' title="bbox 467 2828 3715 2912">
    <p class='ocr_par' dir='ltr' id='par_1_54' title="bbox 467 2828 3715 2912">
     <span class='ocr_line' id='line_1_54' title="bbox 467 2828 3715 2912; baseline -0.002 -27"><span class='ocrx_word' id='word_1_395' title='bbox 467 2830 562 2888; x_wconf 88' lang='lat' dir='ltr'><strong>illo</strong></span> <span class='ocrx_word' id='word_1_396' title='bbox 621 2835 942 2904; x_wconf 67' lang='lat' dir='ltr'><strong>prmdicari;</strong></span> <span class='ocrx_word' id='word_1_397' title='bbox 985 2845 1039 2892; x_wconf 90' lang='lat' dir='ltr'><strong>et</strong></span> <span class='ocrx_word' id='word_1_398' title='bbox 1077 2854 1145 2894; x_wconf 81' lang='lat' dir='ltr'><strong>ex</strong></span> <span class='ocrx_word' id='word_1_399' title='bbox 1191 2840 1285 2893; x_wconf 90' lang='lat' dir='ltr'><strong>illa</strong></span> <span class='ocrx_word' id='word_1_400' title='bbox 1340 2840 1395 2894; x_wconf 88' lang='lat' dir='ltr'><strong>in</strong></span> <span class='ocrx_word' id='word_1_401' title='bbox 1433 2837 1630 2894; x_wconf 85' lang='lat' dir='ltr'><strong>Filium</strong></span> <span class='ocrx_word' id='word_1_402' title='bbox 1668 2839 1972 2895; x_wconf 87' lang='lat' dir='ltr'><strong>temeritate</strong></span> <span class='ocrx_word' id='word_1_403' title='bbox 2047 2855 2347 2912; x_wconf 87' lang='lat' dir='ltr'><strong>cognoscas</strong></span> <span class='ocrx_word' id='word_1_404' title='bbox 2392 2841 2556 2895; x_wconf 85' lang='lat' dir='ltr'><strong>etiam</strong></span> <span class='ocrx_word' id='word_1_405' title='bbox 2599 2838 2865 2909; x_wconf 89' lang='lat' dir='ltr'><strong>Spiritum</strong></span> <span class='ocrx_word' id='word_1_406' title='bbox 2912 2844 3168 2891; x_wconf 88' lang='lat' dir='ltr'><strong>sanetum</strong></span> <span class='ocrx_word' id='word_1_407' title='bbox 3207 2840 3446 2889; x_wconf 88' lang='lat' dir='ltr'><strong>creatum</strong></span> <span class='ocrx_word' id='word_1_408' title='bbox 3507 2828 3580 2882; x_wconf 91' lang='lat' dir='ltr'><strong>ab</strong></span> <span class='ocrx_word' id='word_1_409' title='bbox 3627 2840 3715 2881; x_wconf 86' lang='lat' dir='ltr'><strong>eo-</strong></span> 
     </span>
    </p>
   </div>
   <div class='ocr_carea' id='block_1_55' title="bbox 468 2921 3717 3008">
    <p class='ocr_par' dir='ltr' id='par_1_55' title="bbox 468 2921 3717 3008">
     <span class='ocr_line' id='line_1_55' title="bbox 468 2921 3717 3008; baseline -0.001 -27"><span class='ocrx_word' id='word_1_410' title='bbox 468 2926 591 2983; x_wconf 90' lang='lat' dir='ltr'><strong>dem</strong></span> <span class='ocrx_word' id='word_1_411' title='bbox 614 2931 854 2987; x_wconf 88' lang='lat' dir='ltr'><strong>censeri.</strong></span> <span class='ocrx_word' id='word_1_412' title='bbox 888 2932 1157 2999; x_wconf 85' lang='lat' dir='ltr'><strong>Quocirca</strong></span> <span class='ocrx_word' id='word_1_413' title='bbox 1223 2934 1493 3005; x_wconf 89' lang='lat' dir='ltr'><strong>psalmum</strong></span> <span class='ocrx_word' id='word_1_414' title='bbox 1545 2934 1699 2991; x_wconf 89' lang='lat' dir='ltr'><strong>illum</strong></span> <span class='ocrx_word' id='word_1_415' title='bbox 1737 2936 1807 2991; x_wconf 89' lang='lat' dir='ltr'><strong>ab</strong></span> <span class='ocrx_word' id='word_1_416' title='bbox 1868 2934 2027 2990; x_wconf 86' lang='lat' dir='ltr'><strong>initio</strong></span> <span class='ocrx_word' id='word_1_417' title='bbox 2086 2942 2436 3008; x_wconf 87' lang='lat' dir='ltr'><strong>repetemus,</strong></span> <span class='ocrx_word' id='word_1_418' title='bbox 2500 2933 2841 3005; x_wconf 84' lang='lat' dir='ltr'><strong>totidemque</strong></span> <span class='ocrx_word' id='word_1_419' title='bbox 2907 2930 3131 3007; x_wconf 73' lang='lat' dir='ltr'><strong>verbis,</strong></span> <span class='ocrx_word' id='word_1_420' title='bbox 3197 2928 3390 3000; x_wconf 90' lang='lat' dir='ltr'><strong>quibus</strong></span> <span class='ocrx_word' id='word_1_421' title='bbox 3450 2921 3717 2978; x_wconf 66' lang='lat' dir='ltr'><strong>Orivenes</strong></span> 
     </span>
    </p>
   </div>
   <div class='ocr_carea' id='block_1_56' title="bbox 469 3020 711 3091">
    <p class='ocr_par' dir='ltr' id='par_1_56' title="bbox 469 3020 711 3091">
     <span class='ocr_line' id='line_1_56' title="bbox 469 3020 711 3091; baseline -0.004 -15"><span class='ocrx_word' id='word_1_422' title='bbox 469 3020 711 3091; x_wconf 79' lang='lat' dir='ltr'><strong>scripsit.</strong></span> 
     </span>
    </p>
   </div>
   <div class='ocr_carea' id='block_1_57' title="bbox 471 3135 2113 3214">
    <p class='ocr_par' dir='ltr' id='par_1_57' title="bbox 471 3135 2113 3214">
     <span class='ocr_line' id='line_1_57' title="bbox 471 3135 2113 3214; baseline 0.004 -25"><span class='ocrx_word' id='word_1_423' title='bbox 471 3136 557 3195; x_wconf 66' lang='lat' dir='ltr'><strong>Ex</strong></span> <span class='ocrx_word' id='word_1_424' title='bbox 610 3135 854 3208; x_wconf 80' lang='lat' dir='ltr'><strong>Origenis</strong></span> <span class='ocrx_word' id='word_1_425' title='bbox 907 3139 1301 3194; x_wconf 65' lang='lat' dir='ltr'><strong>commentari-is</strong></span> <span class='ocrx_word' id='word_1_426' title='bbox 1350 3140 1419 3193; x_wconf 91' lang='lat' dir='ltr'><strong>ad</strong></span> <span class='ocrx_word' id='word_1_427' title='bbox 1474 3141 1736 3210; x_wconf 87' lang='lat' dir='ltr'><strong>psalmum</strong></span> <span class='ocrx_word' id='word_1_428' title='bbox 1788 3142 2036 3212; x_wconf 86' lang='lat' dir='ltr'><strong>primum.</strong></span> <span class='ocrx_word' id='word_1_429' title='bbox 2066 3152 2113 3214; x_wconf 72' lang='grc' dir='ltr'>ο</span> 
     </span>
    </p>
   </div>
   <div class='ocr_carea' id='block_1_58' title="bbox 540 3248 2049 3323">
    <p class='ocr_par' dir='ltr' id='par_1_58' title="bbox 540 3248 2049 3323">
     <span class='ocr_line' id='line_1_58' title="bbox 540 3248 2049 3323; baseline 0.002 -18"><span class='ocrx_word' id='word_1_430' title='bbox 540 3248 634 3307; x_wconf 79' lang='lat' dir='ltr'><strong>Vl.</strong></span> <span class='ocrx_word' id='word_1_431' title='bbox 673 3250 902 3306; x_wconf 78' lang='lat' dir='ltr'><strong>Clausus</strong></span> <span class='ocrx_word' id='word_1_432' title='bbox 946 3250 1380 3322; x_wconf 86' lang='lat' dir='ltr'><strong>obsignatasque</strong></span> <span class='ocrx_word' id='word_1_433' title='bbox 1428 3250 1746 3323; x_wconf 89' lang='lat' dir='ltr'><strong>Seripturas</strong></span> <span class='ocrx_word' id='word_1_434' title='bbox 1792 3268 1914 3310; x_wconf 89' lang='lat' dir='ltr'><strong>esse</strong></span> <span class='ocrx_word' id='word_1_435' title='bbox 1960 3269 2049 3310; x_wconf 75' lang='lat' dir='ltr'><strong>sa—</strong></span> 
     </span>
    </p>
   </div>
   <div class='ocr_carea' id='block_1_59' title="bbox 468 3343 2047 3412">
    <p class='ocr_par' dir='ltr' id='par_1_59' title="bbox 468 3343 2047 3412">
     <span class='ocr_line' id='line_1_59' title="bbox 468 3343 2047 3412; baseline 0 -12"><span class='ocrx_word' id='word_1_436' title='bbox 468 3358 599 3401; x_wconf 89' lang='lat' dir='ltr'><strong>cras</strong></span> <span class='ocrx_word' id='word_1_437' title='bbox 628 3343 816 3399; x_wconf 89' lang='lat' dir='ltr'><strong>divina</strong></span> <span class='ocrx_word' id='word_1_438' title='bbox 843 3350 1113 3399; x_wconf 87' lang='lat' dir='ltr'><strong>testantur</strong></span> <span class='ocrx_word' id='word_1_439' title='bbox 1140 3345 1396 3409; x_wconf 88' lang='lat' dir='ltr'><strong>oracula;</strong></span> <span class='ocrx_word' id='word_1_440' title='bbox 1434 3343 1596 3412; x_wconf 87' lang='lat' dir='ltr'><strong>idque</strong></span> <span class='ocrx_word' id='word_1_441' title='bbox 1624 3343 1846 3400; x_wconf 88' lang='lat' dir='ltr'><strong>Davidis</strong></span> <span class='ocrx_word' id='word_1_442' title='bbox 1873 3346 2047 3409; x_wconf 84' lang='lat' dir='ltr'><strong>clave,</strong></span> 
     </span>
    </p>
   </div>
   <div class='ocr_carea' id='block_1_60' title="bbox 471 3431 2049 3503">
    <p class='ocr_par' dir='ltr' id='par_1_60' title="bbox 471 3431 2049 3503">
     <span class='ocr_line' id='line_1_60' title="bbox 471 3431 2049 3503; baseline -0.004 -10"><span class='ocrx_word' id='word_1_443' title='bbox 471 3448 537 3493; x_wconf 79' lang='lat' dir='ltr'><strong>ac</strong></span> <span class='ocrx_word' id='word_1_444' title='bbox 566 3432 795 3491; x_wconf 87' lang='lat' dir='ltr'><strong>forsitan</strong></span> <span class='ocrx_word' id='word_1_445' title='bbox 825 3439 881 3487; x_wconf 91' lang='lat' dir='ltr'><strong>et</strong></span> <span class='ocrx_word' id='word_1_446' title='bbox 909 3432 1112 3503; x_wconf 87' lang='lat' dir='ltr'><strong>sigillo,</strong></span> <span class='ocrx_word' id='word_1_447' title='bbox 1144 3431 1211 3486; x_wconf 89' lang='lat' dir='ltr'><strong>de</strong></span> <span class='ocrx_word' id='word_1_448' title='bbox 1238 3446 1348 3502; x_wconf 92' lang='lat' dir='ltr'><strong>quo</strong></span> <span class='ocrx_word' id='word_1_449' title='bbox 1379 3432 1644 3501; x_wconf 84' lang='lat' dir='ltr'><strong>scriptum</strong></span> <span class='ocrx_word' id='word_1_450' title='bbox 1678 3441 1761 3487; x_wconf 86' lang='lat' dir='ltr'><strong>est</strong></span> <span class='ocrx_word' id='word_1_451' title='bbox 1794 3449 1807 3485; x_wconf 89' lang='lat'><strong>:</strong></span> <span class='ocrx_word' id='word_1_452' title='bbox 1842 3431 2049 3502; x_wconf 82' lang='lat' dir='ltr'><strong>Figura</strong></span> 
     </span>
    </p>
   </div>
   <div class='ocr_carea' id='block_1_61' title="bbox 473 3521 2048 3596">
    <p class='ocr_par' dir='ltr' id='par_1_61' title="bbox 473 3521 2048 3596">
     <span class='ocr_line' id='line_1_61' title="bbox 473 3521 2048 3596; baseline -0.004 -11"><span class='ocrx_word' id='word_1_453' title='bbox 473 3525 642 3596; x_wconf 73' lang='lat' dir='ltr'><strong>sigilli</strong></span> <span class='ocrx_word' id='word_1_454' title='bbox 671 3524 932 3580; x_wconf 72' lang='lat' dir='ltr'><strong>sanctitas</strong></span> <span class='ocrx_word' id='word_1_455' title='bbox 966 3523 1195 3576; x_wconf 79' lang='lat' dir='ltr'><strong>Domino</strong></span> <span class='ocrx_word' id='word_1_456' title='bbox 1222 3524 1261 3574; x_wconf 91' lang='grc'>¹.</span> <span class='ocrx_word' id='word_1_457' title='bbox 1291 3521 1447 3588; x_wconf 83' lang='lat' dir='ltr'><strong>Quod</strong></span> <span class='ocrx_word' id='word_1_458' title='bbox 1478 3522 1546 3575; x_wconf 89' lang='lat' dir='ltr'><strong>de</strong></span> <span class='ocrx_word' id='word_1_459' title='bbox 1572 3523 1777 3578; x_wconf 86' lang='lat' dir='ltr'><strong>virtute</strong></span> <span class='ocrx_word' id='word_1_460' title='bbox 1812 3523 1925 3587; x_wconf 90' lang='lat' dir='ltr'><strong>Dei,</strong></span> <span class='ocrx_word' id='word_1_461' title='bbox 1954 3524 2048 3593; x_wconf 85' lang='lat' dir='ltr'><strong>qui</strong></span> 
     </span>
    </p>
   </div>
   <div class='ocr_carea' id='block_1_62' title="bbox 472 3611 2050 3685">
    <p class='ocr_par' dir='ltr' id='par_1_62' title="bbox 472 3611 2050 3685">
     <span class='ocr_line' id='line_1_62' title="bbox 472 3611 2050 3685; baseline -0.001 -16"><span class='ocrx_word' id='word_1_462' title='bbox 472 3612 788 3682; x_wconf 80' lang='lat' dir='ltr'><strong>ealargitus</strong></span> <span class='ocrx_word' id='word_1_463' title='bbox 830 3620 936 3679; x_wconf 89' lang='lat' dir='ltr'><strong>est,</strong></span> <span class='ocrx_word' id='word_1_464' title='bbox 985 3611 1213 3681; x_wconf 78' lang='lat' dir='ltr'><strong>intelligi</strong></span> <span class='ocrx_word' id='word_1_465' title='bbox 1265 3612 1449 3676; x_wconf 87' lang='lat' dir='ltr'><strong>debet,</strong></span> <span class='ocrx_word' id='word_1_466' title='bbox 1486 3628 1607 3682; x_wconf 73' lang='lat' dir='ltr'><strong>qua:</strong></span> <span class='ocrx_word' id='word_1_467' title='bbox 1654 3613 1908 3669; x_wconf 88' lang='lat' dir='ltr'><strong>videlicet</strong></span> <span class='ocrx_word' id='word_1_468' title='bbox 1953 3629 2050 3685; x_wconf 88' lang='lat' dir='ltr'><strong>per</strong></span> 
     </span>
    </p>
   </div>
   <div class='ocr_carea' id='block_1_63' title="bbox 474 3701 2049 3774">
    <p class='ocr_par' dir='ltr' id='par_1_63' title="bbox 474 3701 2049 3774">
     <span class='ocr_line' id='line_1_63' title="bbox 474 3701 2049 3774; baseline -0.001 -15"><span class='ocrx_word' id='word_1_469' title='bbox 474 3704 711 3772; x_wconf 67' lang='lat' dir='ltr'><strong>sigi&#39;lum</strong></span> <span class='ocrx_word' id='word_1_470' title='bbox 758 3701 1134 3758; x_wconf 87' lang='lat' dir='ltr'><strong>adumbratur.</strong></span> <span class='ocrx_word' id='word_1_471' title='bbox 1172 3702 1334 3774; x_wconf 81' lang='lat'><strong>530</strong></span> <span class='ocrx_word' id='word_1_472' title='bbox 1363 3706 1576 3759; x_wconf 53' lang='lat' dir='ltr'><strong>laterum</strong></span> <span class='ocrx_word' id='word_1_473' title='bbox 1614 3705 1833 3760; x_wconf 87' lang='lat' dir='ltr'><strong>clausas</strong></span> <span class='ocrx_word' id='word_1_474' title='bbox 1887 3713 2049 3772; x_wconf 82' lang='lat' dir='ltr'><strong>atque</strong></span> 
     </span>
    </p>
   </div>
   <div class='ocr_carea' id='block_1_64' title="bbox 474 3791 2048 3864">
    <p class='ocr_par' dir='ltr' id='par_1_64' title="bbox 474 3791 2048 3864">
     <span class='ocr_line' id='line_1_64' title="bbox 474 3791 2048 3864; baseline -0.003 -14"><span class='ocrx_word' id='word_1_475' title='bbox 474 3794 789 3861; x_wconf 73' lang='lat' dir='ltr'><strong>obsignatas</strong></span> <span class='ocrx_word' id='word_1_476' title='bbox 833 3806 957 3847; x_wconf 89' lang='lat' dir='ltr'><strong>esse</strong></span> <span class='ocrx_word' id='word_1_477' title='bbox 988 3791 1304 3862; x_wconf 74' lang='lat' dir='ltr'><strong>Scripturas</strong></span> <span class='ocrx_word' id='word_1_478' title='bbox 1334 3809 1575 3850; x_wconf 65' lang='lat' dir='ltr'><strong>Joannes</strong></span> <span class='ocrx_word' id='word_1_479' title='bbox 1625 3796 1680 3848; x_wconf 92' lang='lat' dir='ltr'><strong>in</strong></span> <span class='ocrx_word' id='word_1_480' title='bbox 1721 3793 2048 3864; x_wconf 80' lang='lat' dir='ltr'><strong>Apocalypsi</strong></span> 
     </span>
    </p>
   </div>
   <div class='ocr_carea' id='block_1_65' title="bbox 473 3880 2050 3953">
    <p class='ocr_par' dir='ltr' id='par_1_65' title="bbox 473 3880 2050 3953">
     <span class='ocr_line' id='line_1_65' title="bbox 473 3880 2050 3953; baseline -0.004 -13"><span class='ocrx_word' id='word_1_481' title='bbox 473 3882 716 3940; x_wconf 85' lang='lat' dir='ltr'><strong>declarat</strong></span> <span class='ocrx_word' id='word_1_482' title='bbox 747 3882 831 3938; x_wconf 84' lang='lat' dir='ltr'><strong>his</strong></span> <span class='ocrx_word' id='word_1_483' title='bbox 860 3882 1072 3938; x_wconf 90' lang='lat' dir='ltr'><strong>verbis:</strong></span> <span class='ocrx_word' id='word_1_484' title='bbox 1098 3880 1167 3937; x_wconf 88' lang='lat' dir='ltr'><strong>Et</strong></span> <span class='ocrx_word' id='word_1_485' title='bbox 1197 3882 1380 3953; x_wconf 82' lang='lat' dir='ltr'><strong>angelo</strong></span> <span class='ocrx_word' id='word_1_486' title='bbox 1413 3880 1685 3947; x_wconf 64' lang='lat' dir='ltr'><strong>Ecclesiae,</strong></span> <span class='ocrx_word' id='word_1_487' title='bbox 1712 3898 1829 3952; x_wconf 64' lang='lat' dir='ltr'><strong>qua!</strong></span> <span class='ocrx_word' id='word_1_488' title='bbox 1861 3881 2050 3935; x_wconf 85' lang='lat' dir='ltr'><strong>Phila-</strong></span> 
     </span>
    </p>
   </div>
   <div class='ocr_carea' id='block_1_66' title="bbox 472 3970 2049 4043">
    <p class='ocr_par' dir='ltr' id='par_1_66' title="bbox 472 3970 2049 4043">
     <span class='ocr_line' id='line_1_66' title="bbox 472 3970 2049 4043; baseline -0.001 -16"><span class='ocrx_word' id='word_1_489' title='bbox 472 3970 697 4041; x_wconf 72' lang='lat' dir='ltr'><strong>delphia:</strong></span> <span class='ocrx_word' id='word_1_490' title='bbox 726 3978 826 4036; x_wconf 87' lang='lat' dir='ltr'><strong>est,</strong></span> <span class='ocrx_word' id='word_1_491' title='bbox 867 3970 1035 4025; x_wconf 87' lang='lat' dir='ltr'><strong>scribe</strong></span> <span class='ocrx_word' id='word_1_492' title='bbox 1064 3988 1082 4025; x_wconf 91' lang='lat'><strong><em>:</em></strong></span> <span class='ocrx_word' id='word_1_493' title='bbox 1113 3970 1241 4026; x_wconf 77' lang='lat' dir='ltr'><strong>ch</strong></span> <span class='ocrx_word' id='word_1_494' title='bbox 1268 3972 1395 4025; x_wconf 80' lang='lat' dir='ltr'><strong>dicit</strong></span> <span class='ocrx_word' id='word_1_495' title='bbox 1435 3971 1685 4037; x_wconf 86' lang='lat' dir='ltr'><strong>Sanctus,</strong></span> <span class='ocrx_word' id='word_1_496' title='bbox 1732 3972 1915 4035; x_wconf 86' lang='lat' dir='ltr'><strong>Verus,</strong></span> <span class='ocrx_word' id='word_1_497' title='bbox 1959 3973 2049 4043; x_wconf 86' lang='lat' dir='ltr'><strong>qui</strong></span> 
     </span>
    </p>
   </div>
   <div class='ocr_carea' id='block_1_67' title="bbox 472 4060 2049 4133">
    <p class='ocr_par' dir='ltr' id='par_1_67' title="bbox 472 4060 2049 4133">
     <span class='ocr_line' id='line_1_67' title="bbox 472 4060 2049 4133; baseline -0.001 -18"><span class='ocrx_word' id='word_1_498' title='bbox 472 4061 627 4115; x_wconf 79' lang='lat' dir='ltr'><strong>habet</strong></span> <span class='ocrx_word' id='word_1_499' title='bbox 651 4060 850 4119; x_wconf 75' lang='lat' dir='ltr'><strong>clunem</strong></span> <span class='ocrx_word' id='word_1_500' title='bbox 880 4060 1091 4126; x_wconf 81' lang='lat' dir='ltr'><strong>David;</strong></span> <span class='ocrx_word' id='word_1_501' title='bbox 1118 4062 1209 4133; x_wconf 87' lang='lat' dir='ltr'><strong>qui</strong></span> <span class='ocrx_word' id='word_1_502' title='bbox 1243 4062 1433 4131; x_wconf 86' lang='lat' dir='ltr'><strong>aperit,</strong></span> <span class='ocrx_word' id='word_1_503' title='bbox 1460 4071 1510 4116; x_wconf 91' lang='lat' dir='ltr'><strong>et</strong></span> <span class='ocrx_word' id='word_1_504' title='bbox 1540 4061 1968 4124; x_wconf 80' lang='lat' dir='ltr'><strong>nemo&#39;claudet;</strong></span> <span class='ocrx_word' id='word_1_505' title='bbox 1999 4071 2049 4114; x_wconf 82' lang='lat' dir='ltr'><strong>et</strong></span> 
     </span>
    </p>
   </div>
   <div class='ocr_carea' id='block_1_68' title="bbox 473 4152 2049 4226">
    <p class='ocr_par' dir='ltr' id='par_1_68' title="bbox 473 4152 2049 4226">
     <span class='ocr_line' id='line_1_68' title="bbox 473 4152 2049 4226; baseline -0.005 -13"><span class='ocrx_word' id='word_1_506' title='bbox 473 4152 696 4216; x_wconf 76' lang='lat' dir='ltr'><strong>claudit.</strong></span> <span class='ocrx_word' id='word_1_507' title='bbox 725 4161 777 4211; x_wconf 89' lang='lat' dir='ltr'><strong>et</strong></span> <span class='ocrx_word' id='word_1_508' title='bbox 816 4170 965 4207; x_wconf 84' lang='lat' dir='ltr'><strong>nemo</strong></span> <span class='ocrx_word' id='word_1_509' title='bbox 994 4155 1211 4226; x_wconf 77' lang='lat' dir='ltr'><strong>aperiet.</strong></span> <span class='ocrx_word' id='word_1_510' title='bbox 1247 4152 1386 4211; x_wconf 80' lang='lat' dir='ltr'><strong>Novi</strong></span> <span class='ocrx_word' id='word_1_511' title='bbox 1422 4169 1579 4221; x_wconf 86' lang='lat' dir='ltr'><strong>opera</strong></span> <span class='ocrx_word' id='word_1_512' title='bbox 1612 4162 1739 4216; x_wconf 85' lang='lat' dir='ltr'><strong>tua;</strong></span> <span class='ocrx_word' id='word_1_513' title='bbox 1772 4154 1926 4222; x_wconf 80' lang='lat' dir='ltr'><strong>posui</strong></span> <span class='ocrx_word' id='word_1_514' title='bbox 1965 4152 2049 4221; x_wconf 26' lang='lat' dir='ltr'><strong>fol-</strong></span> 
     </span>
    </p>
   </div>
   <div class='ocr_carea' id='block_1_69' title="bbox 474 4242 2045 4317">
    <p class='ocr_par' dir='ltr' id='par_1_69' title="bbox 474 4242 2045 4317">
     <span class='ocr_line' id='line_1_69' title="bbox 474 4242 2045 4317; baseline -0.001 -22"><span class='ocrx_word' id='word_1_515' title='bbox 474 4260 557 4298; x_wconf 82' lang='lat' dir='ltr'><strong>res</strong></span> <span class='ocrx_word' id='word_1_516' title='bbox 600 4260 781 4298; x_wconf 86' lang='lat' dir='ltr'><strong>coram</strong></span> <span class='ocrx_word' id='word_1_517' title='bbox 822 4254 869 4301; x_wconf 89' lang='lat' dir='ltr'><strong>te</strong></span> <span class='ocrx_word' id='word_1_518' title='bbox 898 4254 1133 4317; x_wconf 88' lang='lat' dir='ltr'><strong>apertas,</strong></span> <span class='ocrx_word' id='word_1_519' title='bbox 1178 4259 1308 4313; x_wconf 86' lang='lat' dir='ltr'><strong>quas</strong></span> <span class='ocrx_word' id='word_1_520' title='bbox 1344 4260 1493 4296; x_wconf 89' lang='lat' dir='ltr'><strong>nemo</strong></span> <span class='ocrx_word' id='word_1_521' title='bbox 1525 4242 1771 4300; x_wconf 81' lang='lat' dir='ltr'><strong>claudere</strong></span> <span class='ocrx_word' id='word_1_522' title='bbox 1814 4252 1983 4311; x_wconf 82' lang='lat' dir='ltr'><strong>potest</strong></span> <span class='ocrx_word' id='word_1_523' title='bbox 2005 4243 2045 4295; x_wconf 88' lang='lat'><strong>&#39;.</strong></span> 
     </span>
    </p>
   </div>
   <div class='ocr_carea' id='block_1_70' title="bbox 476 4333 2049 4406">
    <p class='ocr_par' dir='ltr' id='par_1_70' title="bbox 476 4333 2049 4406">
     <span class='ocr_line' id='line_1_70' title="bbox 476 4333 2049 4406; baseline -0.002 -17"><span class='ocrx_word' id='word_1_524' title='bbox 476 4334 682 4391; x_wconf 82' lang='lat' dir='ltr'><strong>Deinde</strong></span> <span class='ocrx_word' id='word_1_525' title='bbox 706 4336 870 4405; x_wconf 87' lang='lat' dir='ltr'><strong>paulo</strong></span> <span class='ocrx_word' id='word_1_526' title='bbox 900 4344 1023 4406; x_wconf 88' lang='lat' dir='ltr'><strong>post</strong></span> <span class='ocrx_word' id='word_1_527' title='bbox 1052 4354 1066 4389; x_wconf 90' lang='lat'><strong>:</strong></span> <span class='ocrx_word' id='word_1_528' title='bbox 1104 4334 1171 4392; x_wconf 84' lang='lat' dir='ltr'><strong>Et</strong></span> <span class='ocrx_word' id='word_1_529' title='bbox 1194 4336 1301 4390; x_wconf 83' lang='lat' dir='ltr'><strong>vidi</strong></span> <span class='ocrx_word' id='word_1_530' title='bbox 1326 4335 1394 4389; x_wconf 90' lang='lat' dir='ltr'><strong>ad</strong></span> <span class='ocrx_word' id='word_1_531' title='bbox 1422 4336 1693 4390; x_wconf 74' lang='lat' dir='ltr'><strong>dexteram</strong></span> <span class='ocrx_word' id='word_1_532' title='bbox 1726 4333 1953 4388; x_wconf 82' lang='lat' dir='ltr'><strong>sedentis</strong></span> <span class='ocrx_word' id='word_1_533' title='bbox 1996 4334 2049 4386; x_wconf 86' lang='lat' dir='ltr'><strong>in</strong></span> 
     </span>
    </p>
   </div>
   <div class='ocr_carea' id='block_1_71' title="bbox 478 4424 2047 4496">
    <p class='ocr_par' dir='ltr' id='par_1_71' title="bbox 478 4424 2047 4496">
     <span class='ocr_line' id='line_1_71' title="bbox 478 4424 2047 4496; baseline -0.001 -19"><span class='ocrx_word' id='word_1_534' title='bbox 478 4426 666 4484; x_wconf 81' lang='lat' dir='ltr'><strong>throno</strong></span> <span class='ocrx_word' id='word_1_535' title='bbox 697 4424 888 4480; x_wconf 89' lang='lat' dir='ltr'><strong>librum</strong></span> <span class='ocrx_word' id='word_1_536' title='bbox 912 4427 1165 4495; x_wconf 85' lang='lat' dir='ltr'><strong>scriptum</strong></span> <span class='ocrx_word' id='word_1_537' title='bbox 1194 4426 1335 4480; x_wconf 84' lang='lat' dir='ltr'><strong>intus</strong></span> <span class='ocrx_word' id='word_1_538' title='bbox 1366 4435 1416 4481; x_wconf 90' lang='lat' dir='ltr'><strong>et</strong></span> <span class='ocrx_word' id='word_1_539' title='bbox 1452 4442 1484 4479; x_wconf 92' lang='lat' dir='ltr'><strong>a</strong></span> <span class='ocrx_word' id='word_1_540' title='bbox 1516 4435 1678 4496; x_wconf 87' lang='lat' dir='ltr'><strong>tergo,</strong></span> <span class='ocrx_word' id='word_1_541' title='bbox 1714 4424 2047 4495; x_wconf 89' lang='lat' dir='ltr'><strong>obsignatum</strong></span> 
     </span>
    </p>
   </div>
   <div class='ocr_carea' id='block_1_72' title="bbox 474 4496 2125 4591">
    <p class='ocr_par' dir='ltr' id='par_1_72' title="bbox 474 4496 2125 4591">
     <span class='ocr_line' id='line_1_72' title="bbox 474 4496 2125 4591; baseline -0.004 -17"><span class='ocrx_word' id='word_1_542' title='bbox 474 4519 763 4591; x_wconf 77' lang='lat' dir='ltr'><strong>signaculis</strong></span> <span class='ocrx_word' id='word_1_543' title='bbox 812 4528 1023 4589; x_wconf 79' lang='lat' dir='ltr'><strong>septem.</strong></span> <span class='ocrx_word' id='word_1_544' title='bbox 1078 4516 1147 4573; x_wconf 85' lang='lat' dir='ltr'><strong>Et</strong></span> <span class='ocrx_word' id='word_1_545' title='bbox 1194 4518 1302 4572; x_wconf 84' lang='lat' dir='ltr'><strong>vidi</strong></span> <span class='ocrx_word' id='word_1_546' title='bbox 1348 4517 1590 4587; x_wconf 86' lang='lat' dir='ltr'><strong>angelum</strong></span> <span class='ocrx_word' id='word_1_547' title='bbox 1636 4516 2050 4587; x_wconf 84' lang='lat' dir='ltr'><strong>proclamantem</strong></span> <span class='ocrx_word' id='word_1_548' title='bbox 2082 4496 2125 4551; x_wconf 78' lang='grc' dir='ltr'><strong>Ῑ)</strong></span> 
     </span>
    </p>
   </div>
   <div class='ocr_carea' id='block_1_73' title="bbox 475 4606 2054 4681">
    <p class='ocr_par' dir='ltr' id='par_1_73' title="bbox 475 4606 2054 4681">
     <span class='ocr_line' id='line_1_73' title="bbox 475 4606 2054 4681; baseline -0.006 -12"><span class='ocrx_word' id='word_1_549' title='bbox 475 4627 595 4669; x_wconf 81' lang='lat' dir='ltr'><strong>voce</strong></span> <span class='ocrx_word' id='word_1_550' title='bbox 618 4625 810 4681; x_wconf 85' lang='lat' dir='ltr'><strong>magna</strong></span> <span class='ocrx_word' id='word_1_551' title='bbox 836 4624 855 4662; x_wconf 90' lang='lat'><strong><em>:</em></strong></span> <span class='ocrx_word' id='word_1_552' title='bbox 877 4609 1011 4676; x_wconf 83' lang='lat' dir='ltr'><strong>Quis</strong></span> <span class='ocrx_word' id='word_1_553' title='bbox 1063 4617 1139 4663; x_wconf 89' lang='lat' dir='ltr'><strong>est</strong></span> <span class='ocrx_word' id='word_1_554' title='bbox 1171 4607 1361 4677; x_wconf 86' lang='lat' dir='ltr'><strong>dignus</strong></span> <span class='ocrx_word' id='word_1_555' title='bbox 1392 4609 1595 4676; x_wconf 87' lang='lat' dir='ltr'><strong>aperire</strong></span> <span class='ocrx_word' id='word_1_556' title='bbox 1629 4606 1818 4661; x_wconf 79' lang='lat' dir='ltr'><strong>librant</strong></span> <span class='ocrx_word' id='word_1_557' title='bbox 1858 4615 1907 4661; x_wconf 89' lang='lat' dir='ltr'><strong>et</strong></span> <span class='ocrx_word' id='word_1_558' title='bbox 1943 4606 2054 4659; x_wconf 83' lang='lat' dir='ltr'><strong>sol-</strong></span> 
     </span>
    </p>
   </div>
   <div class='ocr_carea' id='block_1_74' title="bbox 478 4696 2052 4771">
    <p class='ocr_par' dir='ltr' id='par_1_74' title="bbox 478 4696 2052 4771">
     <span class='ocr_line' id='line_1_74' title="bbox 478 4696 2052 4771; baseline -0.006 -10"><span class='ocrx_word' id='word_1_559' title='bbox 478 4719 591 4761; x_wconf 83' lang='lat' dir='ltr'><strong>vere</strong></span> <span class='ocrx_word' id='word_1_560' title='bbox 620 4700 895 4771; x_wconf 85' lang='lat' dir='ltr'><strong>signacula</strong></span> <span class='ocrx_word' id='word_1_561' title='bbox 926 4699 1079 4769; x_wconf 84' lang='lat' dir='ltr'><strong>ejus?</strong></span> <span class='ocrx_word' id='word_1_562' title='bbox 1114 4698 1183 4753; x_wconf 83' lang='lat' dir='ltr'><strong>Et</strong></span> <span class='ocrx_word' id='word_1_563' title='bbox 1221 4716 1369 4753; x_wconf 88' lang='lat' dir='ltr'><strong>nemo</strong></span> <span class='ocrx_word' id='word_1_564' title='bbox 1395 4706 1597 4768; x_wconf 85' lang='lat' dir='ltr'><strong>poterat</strong></span> <span class='ocrx_word' id='word_1_565' title='bbox 1631 4699 1688 4751; x_wconf 86' lang='lat' dir='ltr'><strong>in</strong></span> <span class='ocrx_word' id='word_1_566' title='bbox 1717 4696 1865 4761; x_wconf 75' lang='grc' dir='ltr'>εαιίο,</span> <span class='ocrx_word' id='word_1_567' title='bbox 1892 4713 2052 4766; x_wconf 86' lang='lat' dir='ltr'><strong>neque</strong></span> 
     </span>
    </p>
   </div>
   <div class='ocr_carea' id='block_1_75' title="bbox 476 4789 2053 4866">
    <p class='ocr_par' dir='ltr' id='par_1_75' title="bbox 476 4789 2053 4866">
     <span class='ocr_line' id='line_1_75' title="bbox 476 4789 2053 4866; baseline -0.001 -23"><span class='ocrx_word' id='word_1_568' title='bbox 476 4793 532 4851; x_wconf 81' lang='lat' dir='ltr'><strong>in</strong></span> <span class='ocrx_word' id='word_1_569' title='bbox 562 4801 724 4856; x_wconf 88' lang='lat' dir='ltr'><strong>terra,</strong></span> <span class='ocrx_word' id='word_1_570' title='bbox 754 4808 914 4866; x_wconf 85' lang='lat' dir='ltr'><strong>neque</strong></span> <span class='ocrx_word' id='word_1_571' title='bbox 936 4790 1113 4845; x_wconf 86' lang='lat' dir='ltr'><strong>subter</strong></span> <span class='ocrx_word' id='word_1_572' title='bbox 1130 4798 1323 4848; x_wconf 83' lang='lat' dir='ltr'><strong>terram</strong></span> <span class='ocrx_word' id='word_1_573' title='bbox 1342 4791 1545 4858; x_wconf 86' lang='lat' dir='ltr'><strong>aperire</strong></span> <span class='ocrx_word' id='word_1_574' title='bbox 1569 4789 1782 4853; x_wconf 89' lang='lat' dir='ltr'><strong>librum,</strong></span> <span class='ocrx_word' id='word_1_575' title='bbox 1801 4804 1892 4843; x_wconf 90' lang='lat' dir='ltr'><strong>nec</strong></span> <span class='ocrx_word' id='word_1_576' title='bbox 1916 4789 2053 4857; x_wconf 84' lang='lat' dir='ltr'><strong>aspi-</strong></span> 
     </span>
    </p>
   </div>
   <div class='ocr_carea' id='block_1_76' title="bbox 476 4878 2049 4955">
    <p class='ocr_par' dir='ltr' id='par_1_76' title="bbox 476 4878 2049 4955">
     <span class='ocr_line' id='line_1_76' title="bbox 476 4878 2049 4955; baseline -0.006 -16"><span class='ocrx_word' id='word_1_577' title='bbox 476 4899 591 4940; x_wconf 80' lang='lat' dir='ltr'><strong>cere</strong></span> <span class='ocrx_word' id='word_1_578' title='bbox 618 4883 789 4941; x_wconf 83' lang='lat' dir='ltr'><strong>illum.</strong></span> <span class='ocrx_word' id='word_1_579' title='bbox 823 4882 892 4939; x_wconf 83' lang='lat' dir='ltr'><strong>Et</strong></span> <span class='ocrx_word' id='word_1_580' title='bbox 922 4882 1135 4955; x_wconf 78' lang='lat' dir='ltr'><strong>ﬂebant,</strong></span> <span class='ocrx_word' id='word_1_581' title='bbox 1174 4882 1423 4952; x_wconf 87' lang='lat' dir='ltr'><strong>quoniam</strong></span> <span class='ocrx_word' id='word_1_582' title='bbox 1469 4895 1617 4934; x_wconf 89' lang='lat' dir='ltr'><strong>nemo</strong></span> <span class='ocrx_word' id='word_1_583' title='bbox 1650 4878 1840 4949; x_wconf 89' lang='lat' dir='ltr'><strong>dignus</strong></span> <span class='ocrx_word' id='word_1_584' title='bbox 1867 4879 2049 4935; x_wconf 78' lang='lat' dir='ltr'><strong>inven-</strong></span> 
     </span>
    </p>
   </div>
   <div class='ocr_carea' id='block_1_77' title="bbox 480 4968 2050 5044">
    <p class='ocr_par' dir='ltr' id='par_1_77' title="bbox 480 4968 2050 5044">
     <span class='ocr_line' id='line_1_77' title="bbox 480 4968 2050 5044; baseline -0.004 -16"><span class='ocrx_word' id='word_1_585' title='bbox 480 4987 562 5029; x_wconf 86' lang='lat' dir='ltr'><strong>tus</strong></span> <span class='ocrx_word' id='word_1_586' title='bbox 610 4982 689 5028; x_wconf 86' lang='lat' dir='ltr'><strong>est</strong></span> <span class='ocrx_word' id='word_1_587' title='bbox 742 4974 948 5044; x_wconf 87' lang='lat' dir='ltr'><strong>aperire</strong></span> <span class='ocrx_word' id='word_1_588' title='bbox 999 4972 1216 5037; x_wconf 87' lang='lat' dir='ltr'><strong>librum,</strong></span> <span class='ocrx_word' id='word_1_589' title='bbox 1257 4989 1417 5041; x_wconf 86' lang='lat' dir='ltr'><strong>neque</strong></span> <span class='ocrx_word' id='word_1_590' title='bbox 1476 4972 1707 5039; x_wconf 82' lang='lat' dir='ltr'><strong>aspicere</strong></span> <span class='ocrx_word' id='word_1_591' title='bbox 1750 4970 1922 5025; x_wconf 89' lang='lat' dir='ltr'><strong>illum.</strong></span> <span class='ocrx_word' id='word_1_592' title='bbox 1983 4968 2050 5022; x_wconf 82' lang='lat' dir='ltr'><strong>Et</strong></span> 
     </span>
    </p>
   </div>
   <div class='ocr_carea' id='block_1_78' title="bbox 480 5060 2050 5138">
    <p class='ocr_par' dir='ltr' id='par_1_78' title="bbox 480 5060 2050 5138">
     <span class='ocr_line' id='line_1_78' title="bbox 480 5060 2050 5138; baseline -0.002 -23"><span class='ocrx_word' id='word_1_593' title='bbox 480 5080 615 5119; x_wconf 88' lang='lat' dir='ltr'><strong>unus</strong></span> <span class='ocrx_word' id='word_1_594' title='bbox 648 5062 712 5118; x_wconf 87' lang='lat' dir='ltr'><strong>de</strong></span> <span class='ocrx_word' id='word_1_595' title='bbox 737 5062 1029 5119; x_wconf 84' lang='lat' dir='ltr'><strong>senioribus</strong></span> <span class='ocrx_word' id='word_1_596' title='bbox 1056 5061 1192 5115; x_wconf 71' lang='lat' dir='ltr'><strong>dixit</strong></span> <span class='ocrx_word' id='word_1_597' title='bbox 1218 5061 1383 5115; x_wconf 86' lang='lat' dir='ltr'><strong>mihi:</strong></span> <span class='ocrx_word' id='word_1_598' title='bbox 1407 5060 1536 5113; x_wconf 84' lang='lat' dir='ltr'><strong>Noli</strong></span> <span class='ocrx_word' id='word_1_599' title='bbox 1564 5060 1690 5129; x_wconf 84' lang='lat' dir='ltr'><strong>ﬂere</strong></span> <span class='ocrx_word' id='word_1_600' title='bbox 1725 5076 1742 5114; x_wconf 91' lang='lat'><strong><em>:</em></strong></span> <span class='ocrx_word' id='word_1_601' title='bbox 1777 5076 1891 5138; x_wconf 84' lang='lat' dir='ltr'><strong>ecce</strong></span> <span class='ocrx_word' id='word_1_602' title='bbox 1930 5060 2050 5114; x_wconf 79' lang='lat' dir='ltr'><strong>vicit</strong></span> 
     </span>
    </p>
   </div>
   <div class='ocr_carea' id='block_1_79' title="bbox 480 5152 2054 5221">
    <p class='ocr_par' dir='ltr' id='par_1_79' title="bbox 480 5152 2054 5221">
     <span class='ocr_line' id='line_1_79' title="bbox 480 5152 2054 5221; baseline -0.003 -14"><span class='ocrx_word' id='word_1_603' title='bbox 480 5157 559 5209; x_wconf 87' lang='lat' dir='ltr'><strong>leo</strong></span> <span class='ocrx_word' id='word_1_604' title='bbox 587 5155 651 5209; x_wconf 89' lang='lat' dir='ltr'><strong>de</strong></span> <span class='ocrx_word' id='word_1_605' title='bbox 684 5155 826 5209; x_wconf 88' lang='lat' dir='ltr'><strong>tribu</strong></span> <span class='ocrx_word' id='word_1_606' title='bbox 867 5154 1033 5221; x_wconf 77' lang='lat' dir='ltr'><strong>Iuda,</strong></span> <span class='ocrx_word' id='word_1_607' title='bbox 1082 5154 1238 5209; x_wconf 71' lang='lat' dir='ltr'><strong>radix</strong></span> <span class='ocrx_word' id='word_1_608' title='bbox 1283 5152 1473 5217; x_wconf 86' lang='lat' dir='ltr'><strong>David,</strong></span> <span class='ocrx_word' id='word_1_609' title='bbox 1524 5154 1725 5220; x_wconf 86' lang='lat' dir='ltr'><strong>aperire</strong></span> <span class='ocrx_word' id='word_1_610' title='bbox 1757 5153 1971 5218; x_wconf 88' lang='lat' dir='ltr'><strong>librum,</strong></span> <span class='ocrx_word' id='word_1_611' title='bbox 2004 5161 2054 5207; x_wconf 87' lang='lat' dir='ltr'><strong>et</strong></span> 
     </span>
    </p>
   </div>
   <div class='ocr_carea' id='block_1_80' title="bbox 452 5244 2049 5319">
    <p class='ocr_par' dir='ltr' id='par_1_80' title="bbox 452 5244 2049 5319">
     <span class='ocr_line' id='line_1_80' title="bbox 452 5244 2049 5319; baseline 0.003 -22"><span class='ocrx_word' id='word_1_612' title='bbox 452 5255 673 5313; x_wconf 68' lang='lat' dir='ltr'><strong>,septem</strong></span> <span class='ocrx_word' id='word_1_613' title='bbox 706 5247 984 5319; x_wconf 79' lang='lat' dir='ltr'><strong>signacula</strong></span> <span class='ocrx_word' id='word_1_614' title='bbox 1019 5248 1134 5314; x_wconf 85' lang='lat' dir='ltr'><strong>ejus</strong></span> <span class='ocrx_word' id='word_1_615' title='bbox 1159 5246 1199 5299; x_wconf 84' lang='grc'>³.</span> <span class='ocrx_word' id='word_1_616' title='bbox 1231 5245 1305 5300; x_wconf 90' lang='lat' dir='ltr'><strong>De</strong></span> <span class='ocrx_word' id='word_1_617' title='bbox 1339 5245 1458 5301; x_wconf 90' lang='lat' dir='ltr'><strong>sola</strong></span> <span class='ocrx_word' id='word_1_618' title='bbox 1489 5260 1615 5301; x_wconf 89' lang='lat' dir='ltr'><strong>vera</strong></span> <span class='ocrx_word' id='word_1_619' title='bbox 1667 5244 2049 5315; x_wconf 82' lang='lat' dir='ltr'><strong>obsignatione</strong></span> 
     </span>
    </p>
   </div>
   <div class='ocr_carea' id='block_1_81' title="bbox 481 5335 2045 5405">
    <p class='ocr_par' dir='ltr' id='par_1_81' title="bbox 481 5335 2045 5405">
     <span class='ocr_line' id='line_1_81' title="bbox 481 5335 2045 5405; baseline -0.004 -11"><span class='ocrx_word' id='word_1_620' title='bbox 481 5336 558 5394; x_wconf 83' lang='lat' dir='ltr'><strong>ita</strong></span> <span class='ocrx_word' id='word_1_621' title='bbox 583 5335 823 5405; x_wconf 88' lang='lat' dir='ltr'><strong>loquitur</strong></span> <span class='ocrx_word' id='word_1_622' title='bbox 855 5336 1023 5397; x_wconf 78' lang='lat' dir='ltr'><strong>Isaias</strong></span> <span class='ocrx_word' id='word_1_623' title='bbox 1051 5357 1064 5394; x_wconf 90' lang='lat'><strong>:</strong></span> <span class='ocrx_word' id='word_1_624' title='bbox 1092 5337 1160 5395; x_wconf 86' lang='lat' dir='ltr'><strong>Et</strong></span> <span class='ocrx_word' id='word_1_625' title='bbox 1186 5346 1337 5397; x_wconf 83' lang='lat' dir='ltr'><strong>erunt</strong></span> <span class='ocrx_word' id='word_1_626' title='bbox 1361 5336 1501 5391; x_wconf 85' lang='lat' dir='ltr'><strong>vobis</strong></span> <span class='ocrx_word' id='word_1_627' title='bbox 1528 5335 1680 5390; x_wconf 79' lang='lat' dir='ltr'><strong>verba</strong></span> <span class='ocrx_word' id='word_1_628' title='bbox 1705 5335 1814 5390; x_wconf 67' lang='lat' dir='ltr'><strong>hare</strong></span> <span class='ocrx_word' id='word_1_629' title='bbox 1846 5337 2045 5399; x_wconf 83' lang='lat' dir='ltr'><strong>omnia,</strong></span> 
     </span>
    </p>
   </div>
   <div class='ocr_carea' id='block_1_82' title="bbox 480 5426 2048 5503">
    <p class='ocr_par' dir='ltr' id='par_1_82' title="bbox 480 5426 2048 5503">
     <span class='ocr_line' id='line_1_82' title="bbox 480 5426 2048 5503; baseline -0.001 -22"><span class='ocrx_word' id='word_1_630' title='bbox 480 5429 618 5490; x_wconf 79' lang='lat' dir='ltr'><strong>sicut</strong></span> <span class='ocrx_word' id='word_1_631' title='bbox 641 5443 903 5483; x_wconf 86' lang='lat' dir='ltr'><strong>sermones</strong></span> <span class='ocrx_word' id='word_1_632' title='bbox 931 5428 1053 5484; x_wconf 88' lang='lat' dir='ltr'><strong>libri</strong></span> <span class='ocrx_word' id='word_1_633' title='bbox 1074 5430 1230 5500; x_wconf 80' lang='lat' dir='ltr'><strong>hujus</strong></span> <span class='ocrx_word' id='word_1_634' title='bbox 1254 5430 1537 5503; x_wconf 83' lang='lat' dir='ltr'><strong>obsignati,</strong></span> <span class='ocrx_word' id='word_1_635' title='bbox 1564 5445 1713 5503; x_wconf 84' lang='lat' dir='ltr'><strong>quem</strong></span> <span class='ocrx_word' id='word_1_636' title='bbox 1738 5430 1785 5483; x_wconf 89' lang='lat' dir='ltr'><strong>si</strong></span> <span class='ocrx_word' id='word_1_637' title='bbox 1810 5426 2048 5481; x_wconf 86' lang='lat' dir='ltr'><strong>dederint</strong></span> 
     </span>
    </p>
   </div>
   <div class='ocr_carea' id='block_1_83' title="bbox 2356 3131 3503 3206">
    <p class='ocr_par' dir='ltr' id='par_1_83' title="bbox 2356 3131 3503 3206">
     <span class='ocr_line' id='line_1_83' title="bbox 2356 3131 3503 3206; baseline -0.01 -13"><span class='ocrx_word' id='word_1_638' title='bbox 2356 3137 2482 3194; x_wconf 77' lang='grc' dir='ltr'><strong>Τῶν</strong></span> <span class='ocrx_word' id='word_1_639' title='bbox 2524 3136 2856 3206; x_wconf 76' lang='grc' dir='ltr'>Ὡριγένους</span> <span class='ocrx_word' id='word_1_640' title='bbox 2887 3136 2973 3205; x_wconf 82' lang='grc' dir='ltr'><strong>είς</strong></span> <span class='ocrx_word' id='word_1_641' title='bbox 3006 3132 3117 3187; x_wconf 83' lang='grc' dir='ltr'>τὸν</span> <span class='ocrx_word' id='word_1_642' title='bbox 3156 3137 3209 3185; x_wconf 80' lang='grc' dir='ltr'>α’</span> <span class='ocrx_word' id='word_1_643' title='bbox 3240 3131 3503 3200; x_wconf 68' lang='grc' dir='ltr'>ψαλμόν.</span> 
     </span>
    </p>
   </div>
   <div class='ocr_carea' id='block_1_84' title="bbox 2219 3240 3714 3320">
    <p class='ocr_par' dir='ltr' id='par_1_84' title="bbox 2219 3240 3714 3320">
     <span class='ocr_line' id='line_1_84' title="bbox 2219 3240 3714 3320; baseline -0.012 -14"><span class='ocrx_word' id='word_1_644' title='bbox 2219 3254 2310 3320; x_wconf 72' lang='grc' dir='ltr'>ς’.</span> <span class='ocrx_word' id='word_1_645' title='bbox 2353 3248 2678 3304; x_wconf 83' lang='grc' dir='ltr'>Κεκλεῖσθαι</span> <span class='ocrx_word' id='word_1_646' title='bbox 2724 3248 2819 3301; x_wconf 76' lang='grc' dir='ltr'>καὶ</span> <span class='ocrx_word' id='word_1_647' title='bbox 2864 3244 3229 3318; x_wconf 80' lang='grc' dir='ltr'>ὲσφραγίσθαι</span> <span class='ocrx_word' id='word_1_648' title='bbox 3274 3244 3372 3307; x_wconf 79' lang='grc' dir='ltr'>τὰς</span> <span class='ocrx_word' id='word_1_649' title='bbox 3401 3242 3553 3305; x_wconf 86' lang='grc' dir='ltr'>θείας</span> <span class='ocrx_word' id='word_1_650' title='bbox 3584 3240 3714 3311; x_wconf 77' lang='grc' dir='ltr'>Γρα.</span> 
     </span>
    </p>
   </div>
   <div class='ocr_carea' id='block_1_85' title="bbox 2149 3332 3714 3410">
    <p class='ocr_par' dir='ltr' id='par_1_85' title="bbox 2149 3332 3714 3410">
     <span class='ocr_line' id='line_1_85' title="bbox 2149 3332 3714 3410; baseline -0.008 -14"><span class='ocrx_word' id='word_1_651' title='bbox 2149 3344 2255 3410; x_wconf 80' lang='grc' dir='ltr'>φὰς</span> <span class='ocrx_word' id='word_1_652' title='bbox 2284 3343 2332 3395; x_wconf 89' lang='grc' dir='ltr'><strong>οί</strong></span> <span class='ocrx_word' id='word_1_653' title='bbox 2361 3340 2495 3396; x_wconf 85' lang='grc' dir='ltr'>θεῖοί</span> <span class='ocrx_word' id='word_1_654' title='bbox 2535 3357 2667 3410; x_wconf 82' lang='grc' dir='ltr'>φασι</span> <span class='ocrx_word' id='word_1_655' title='bbox 2708 3338 2856 3408; x_wconf 83' lang='grc' dir='ltr'>λόγοι</span> <span class='ocrx_word' id='word_1_656' title='bbox 2902 3340 2971 3409; x_wconf 74' lang='grc' dir='ltr'><strong>τῇ</strong></span> <span class='ocrx_word' id='word_1_657' title='bbox 3015 3336 3187 3390; x_wconf 73' lang='grc' dir='ltr'>κλειδὶ</span> <span class='ocrx_word' id='word_1_658' title='bbox 3219 3334 3317 3388; x_wconf 84' lang='grc' dir='ltr'><strong>τοῦ</strong></span> <span class='ocrx_word' id='word_1_659' title='bbox 3349 3332 3538 3394; x_wconf 76' lang='grc' dir='ltr'>Δαϐὶδ,</span> <span class='ocrx_word' id='word_1_660' title='bbox 3582 3333 3714 3402; x_wconf 79' lang='grc' dir='ltr'>τάχα</span> 
     </span>
    </p>
   </div>
   <div class='ocr_carea' id='block_1_86' title="bbox 2147 3422 3713 3502">
    <p class='ocr_par' dir='ltr' id='par_1_86' title="bbox 2147 3422 3713 3502">
     <span class='ocr_line' id='line_1_86' title="bbox 2147 3422 3713 3502; baseline -0.007 -17"><span class='ocrx_word' id='word_1_661' title='bbox 2147 3434 2204 3487; x_wconf 81' lang='grc' dir='ltr'>δὲ</span> <span class='ocrx_word' id='word_1_662' title='bbox 2246 3432 2341 3485; x_wconf 69' lang='grc' dir='ltr'>καὶ</span> <span class='ocrx_word' id='word_1_663' title='bbox 2382 3430 2658 3502; x_wconf 84' lang='grc' dir='ltr'>σφραγῖδι,</span> <span class='ocrx_word' id='word_1_664' title='bbox 2695 3428 2821 3499; x_wconf 82' lang='grc' dir='ltr'>περὶ</span> <span class='ocrx_word' id='word_1_665' title='bbox 2868 3423 2936 3500; x_wconf 73' lang='grc' dir='ltr'>ἧς</span> <span class='ocrx_word' id='word_1_666' title='bbox 2971 3427 3186 3498; x_wconf 87' lang='grc' dir='ltr'>εῐρηται</span> <span class='ocrx_word' id='word_1_667' title='bbox 3233 3422 3335 3489; x_wconf 81' lang='grc' dir='ltr'>τὸ,</span> <span class='ocrx_word' id='word_1_668' title='bbox 3377 3424 3713 3492; x_wconf 72' lang='grc' dir='ltr'>Ἐκτύπωμα</span> 
     </span>
    </p>
   </div>
   <div class='ocr_carea' id='block_1_87' title="bbox 2102 3512 3711 3593">
    <p class='ocr_par' dir='ltr' id='par_1_87' title="bbox 2102 3512 3711 3593">
     <span class='ocr_line' id='line_1_87' title="bbox 2102 3512 3711 3593; baseline -0.009 -16"><span class='ocrx_word' id='word_1_669' title='bbox 2102 3526 2105 3529; x_wconf 39' lang='grc' dir='ltr'><strong>λ</strong></span> <span class='ocrx_word' id='word_1_670' title='bbox 2147 3521 2476 3593; x_wconf 60' lang='grc' dir='ltr'>σφραγῖδος</span> <span class='ocrx_word' id='word_1_671' title='bbox 2513 3521 2781 3591; x_wconf 78' lang='grc' dir='ltr'>ἀγίασμα</span> <span class='ocrx_word' id='word_1_672' title='bbox 2832 3518 3062 3585; x_wconf 83' lang='grc' dir='ltr'><strong>Κυρίῳ·</strong></span> <span class='ocrx_word' id='word_1_673' title='bbox 3107 3515 3359 3569; x_wconf 72' lang='grc' dir='ltr'>τουτέστι</span> <span class='ocrx_word' id='word_1_674' title='bbox 3388 3516 3454 3584; x_wconf 78' lang='grc' dir='ltr'>τῇ</span> <span class='ocrx_word' id='word_1_675' title='bbox 3501 3512 3711 3582; x_wconf 75' lang='grc' dir='ltr'>δυνάμει</span> 
     </span>
    </p>
   </div>
   <div class='ocr_carea' id='block_1_88' title="bbox 2146 3604 3710 3679">
    <p class='ocr_par' dir='ltr' id='par_1_88' title="bbox 2146 3604 3710 3679">
     <span class='ocr_line' id='line_1_88' title="bbox 2146 3604 3710 3679; baseline -0.009 -10"><span class='ocrx_word' id='word_1_676' title='bbox 2146 3615 2241 3669; x_wconf 80' lang='grc' dir='ltr'><strong>τοῦ</strong></span> <span class='ocrx_word' id='word_1_677' title='bbox 2296 3613 2590 3677; x_wconf 84' lang='grc' dir='ltr'>δεδωκότος</span> <span class='ocrx_word' id='word_1_678' title='bbox 2622 3611 2790 3675; x_wconf 75' lang='grc' dir='ltr'>αὑτάς</span> <span class='ocrx_word' id='word_1_679' title='bbox 2822 3609 2979 3674; x_wconf 88' lang='grc' dir='ltr'>Θεοῦ,</span> <span class='ocrx_word' id='word_1_680' title='bbox 3022 3611 3092 3679; x_wconf 80' lang='grc' dir='ltr'>τῇ</span> <span class='ocrx_word' id='word_1_681' title='bbox 3137 3606 3244 3660; x_wconf 78' lang='grc' dir='ltr'><strong>ὑπὸ</strong></span> <span class='ocrx_word' id='word_1_682' title='bbox 3284 3607 3389 3678; x_wconf 80' lang='grc' dir='ltr'>τῆς</span> <span class='ocrx_word' id='word_1_683' title='bbox 3436 3604 3710 3675; x_wconf 63' lang='grc' dir='ltr'>σφραγῖδος</span> 
     </span>
    </p>
   </div>
   <div class='ocr_carea' id='block_1_89' title="bbox 2146 3695 3711 3777">
    <p class='ocr_par' dir='ltr' id='par_1_89' title="bbox 2146 3695 3711 3777">
     <span class='ocr_line' id='line_1_89' title="bbox 2146 3695 3711 3777; baseline -0.008 -19"><span class='ocrx_word' id='word_1_684' title='bbox 2146 3704 2470 3777; x_wconf 80' lang='grc' dir='ltr'>δηλουμένη.</span> <span class='ocrx_word' id='word_1_685' title='bbox 2512 3704 2646 3774; x_wconf 73' lang='grc' dir='ltr'>Περὶ</span> <span class='ocrx_word' id='word_1_686' title='bbox 2676 3702 2775 3772; x_wconf 78' lang='grc' dir='ltr'>μὲν</span> <span class='ocrx_word' id='word_1_687' title='bbox 2807 3695 2899 3754; x_wconf 83' lang='grc' dir='ltr'>οὖν</span> <span class='ocrx_word' id='word_1_688' title='bbox 2937 3700 3030 3753; x_wconf 81' lang='grc' dir='ltr'><strong>τοῦ</strong></span> <span class='ocrx_word' id='word_1_689' title='bbox 3060 3697 3370 3751; x_wconf 81' lang='grc' dir='ltr'>κεκλεῖσθαι</span> <span class='ocrx_word' id='word_1_690' title='bbox 3406 3697 3503 3753; x_wconf 73' lang='grc' dir='ltr'>καὶ</span> <span class='ocrx_word' id='word_1_691' title='bbox 3528 3697 3711 3766; x_wconf 57' lang='lat' dir='ltr'><strong>irrepa-</strong></span> 
     </span>
    </p>
   </div>
   <div class='ocr_carea' id='block_1_90' title="bbox 2148 3787 3714 3866">
    <p class='ocr_par' dir='ltr' id='par_1_90' title="bbox 2148 3787 3714 3866">
     <span class='ocr_line' id='line_1_90' title="bbox 2148 3787 3714 3866; baseline -0.007 -16"><span class='ocrx_word' id='word_1_692' title='bbox 2148 3796 2333 3866; x_wconf 86' lang='grc' dir='ltr'>γίσθαι</span> <span class='ocrx_word' id='word_1_693' title='bbox 2383 3797 2412 3848; x_wconf 86' lang='grc' dir='ltr'><strong>ό</strong></span> <span class='ocrx_word' id='word_1_694' title='bbox 2470 3794 2721 3863; x_wconf 81' lang='grc' dir='ltr'>Ἰωάννης</span> <span class='ocrx_word' id='word_1_695' title='bbox 2763 3792 3102 3846; x_wconf 82' lang='grc' dir='ltr'>ἀναδιδάσκει</span> <span class='ocrx_word' id='word_1_696' title='bbox 3155 3791 3215 3842; x_wconf 76' lang='grc' dir='ltr'>ἐν</span> <span class='ocrx_word' id='word_1_697' title='bbox 3253 3791 3321 3861; x_wconf 82' lang='grc' dir='ltr'>τῇ</span> <span class='ocrx_word' id='word_1_698' title='bbox 3363 3787 3714 3856; x_wconf 64' lang='grc' dir='ltr'>Ἀποκαλύψει</span> 
     </span>
    </p>
   </div>
   <div class='ocr_carea' id='block_1_91' title="bbox 2148 3879 3714 3956">
    <p class='ocr_par' dir='ltr' id='par_1_91' title="bbox 2148 3879 3714 3956">
     <span class='ocr_line' id='line_1_91' title="bbox 2148 3879 3714 3956; baseline -0.006 -15"><span class='ocrx_word' id='word_1_699' title='bbox 2148 3887 2353 3956; x_wconf 80' lang='grc' dir='ltr'>λέγων’·</span> <span class='ocrx_word' id='word_1_700' title='bbox 2395 3885 2504 3940; x_wconf 80' lang='grc' dir='ltr'><strong>Καὶ</strong></span> <span class='ocrx_word' id='word_1_701' title='bbox 2538 3883 2618 3949; x_wconf 85' lang='grc' dir='ltr'>τῷ</span> <span class='ocrx_word' id='word_1_702' title='bbox 2648 3883 2879 3953; x_wconf 73' lang='grc' dir='ltr'>ἀγγέλῳ</span> <span class='ocrx_word' id='word_1_703' title='bbox 2915 3881 3025 3951; x_wconf 84' lang='grc' dir='ltr'>τῆς</span> <span class='ocrx_word' id='word_1_704' title='bbox 3051 3881 3121 3935; x_wconf 90' lang='grc' dir='ltr'>ἐν</span> <span class='ocrx_word' id='word_1_705' title='bbox 3150 3879 3557 3949; x_wconf 63' lang='grc' dir='ltr'>Φιλαδελφείᾳ</span> <span class='ocrx_word' id='word_1_706' title='bbox 3597 3880 3714 3932; x_wconf 78' lang='grc' dir='ltr'><strong>Ἐκ-</strong></span> 
     </span>
    </p>
   </div>
   <div class='ocr_carea' id='block_1_92' title="bbox 2149 3971 3714 4044">
    <p class='ocr_par' dir='ltr' id='par_1_92' title="bbox 2149 3971 3714 4044">
     <span class='ocr_line' id='line_1_92' title="bbox 2149 3971 3714 4044; baseline -0.005 -15"><span class='ocrx_word' id='word_1_707' title='bbox 2149 3976 2412 4044; x_wconf 81' lang='grc' dir='ltr'>κλησίας</span> <span class='ocrx_word' id='word_1_708' title='bbox 2447 3973 2710 4044; x_wconf 64' lang='grc' dir='ltr'>γράψον·</span> <span class='ocrx_word' id='word_1_709' title='bbox 2752 3972 2896 4027; x_wconf 79' lang='grc' dir='ltr'>Τάδε</span> <span class='ocrx_word' id='word_1_710' title='bbox 2934 3973 3094 4042; x_wconf 80' lang='grc' dir='ltr'>λέγει</span> <span class='ocrx_word' id='word_1_711' title='bbox 3133 3975 3165 4026; x_wconf 86' lang='lat' dir='ltr'><strong>d</strong></span> <span class='ocrx_word' id='word_1_712' title='bbox 3193 3971 3397 4040; x_wconf 76' lang='grc' dir='ltr'>Ἀτιος</span> <span class='ocrx_word' id='word_1_713' title='bbox 3431 3974 3465 4024; x_wconf 85' lang='grc' dir='ltr'><strong>ό</strong></span> <span class='ocrx_word' id='word_1_714' title='bbox 3506 3972 3714 4037; x_wconf 64' lang='grc' dir='ltr'>Ἆληθιφ</span> 
     </span>
    </p>
   </div>
   <div class='ocr_carea' id='block_1_93' title="bbox 2148 4061 3715 4136">
    <p class='ocr_par' dir='ltr' id='par_1_93' title="bbox 2148 4061 3715 4136">
     <span class='ocr_line' id='line_1_93' title="bbox 2148 4061 3715 4136; baseline -0.004 -15"><span class='ocrx_word' id='word_1_715' title='bbox 2148 4068 2275 4133; x_wconf 79' lang='grc' dir='ltr'>νὸς,</span> <span class='ocrx_word' id='word_1_716' title='bbox 2315 4072 2347 4125; x_wconf 84' lang='grc' dir='ltr'><strong>ό</strong></span> <span class='ocrx_word' id='word_1_717' title='bbox 2384 4064 2701 4136; x_wconf 78' lang='grc' dir='ltr'>ἔχων-τὴν</span> <span class='ocrx_word' id='word_1_718' title='bbox 2743 4065 2915 4118; x_wconf 85' lang='grc' dir='ltr'>κλεῖν</span> <span class='ocrx_word' id='word_1_719' title='bbox 2965 4063 3071 4118; x_wconf 83' lang='grc' dir='ltr'><strong>τοῦ</strong></span> <span class='ocrx_word' id='word_1_720' title='bbox 3109 4061 3321 4117; x_wconf 81' lang='grc' dir='ltr'>Δαϐίδ’</span> <span class='ocrx_word' id='word_1_721' title='bbox 3364 4064 3400 4116; x_wconf 78' lang='grc' dir='ltr'><strong><em>ὀ</em></strong></span> <span class='ocrx_word' id='word_1_722' title='bbox 3450 4062 3715 4131; x_wconf 59' lang='grc' dir='ltr'>ἀνοίγων,</span> 
     </span>
    </p>
   </div>
   <div class='ocr_carea' id='block_1_94' title="bbox 2149 4152 3715 4237">
    <p class='ocr_par' dir='ltr' id='par_1_94' title="bbox 2149 4152 3715 4237">
     <span class='ocr_line' id='line_1_94' title="bbox 2149 4152 3715 4237; baseline -0.005 -25"><span class='ocrx_word' id='word_1_723' title='bbox 2149 4159 2247 4213; x_wconf 79' lang='grc' dir='ltr'>καὶ</span> <span class='ocrx_word' id='word_1_724' title='bbox 2303 4156 2502 4237; x_wconf 57' lang='grc' dir='ltr'>οὐδεὶς</span> <span class='ocrx_word' id='word_1_725' title='bbox 2562 4156 2827 4219; x_wconf 78' lang='grc' dir='ltr'>κλείσει,</span> <span class='ocrx_word' id='word_1_726' title='bbox 2895 4155 2996 4209; x_wconf 76' lang='grc' dir='ltr'>καὶ</span> <span class='ocrx_word' id='word_1_727' title='bbox 3062 4155 3309 4219; x_wconf 80' lang='grc' dir='ltr'>κλείων,</span> <span class='ocrx_word' id='word_1_728' title='bbox 3363 4152 3465 4206; x_wconf 73' lang='grc' dir='ltr'><strong>καί</strong></span> <span class='ocrx_word' id='word_1_729' title='bbox 3529 4153 3715 4215; x_wconf 69' lang='grc' dir='ltr'>οὐδεὶς</span> 
     </span>
    </p>
   </div>
   <div class='ocr_carea' id='block_1_95' title="bbox 2148 4244 3737 4317">
    <p class='ocr_par' dir='ltr' id='par_1_95' title="bbox 2148 4244 3737 4317">
     <span class='ocr_line' id='line_1_95' title="bbox 2148 4244 3737 4317; baseline -0.005 -11"><span class='ocrx_word' id='word_1_730' title='bbox 2148 4251 2397 4315; x_wconf 82' lang='grc' dir='ltr'>ἀνοίξει.</span> <span class='ocrx_word' id='word_1_731' title='bbox 2450 4246 2593 4304; x_wconf 78' lang='grc' dir='ltr'><strong>Οἶδά</strong></span> <span class='ocrx_word' id='word_1_732' title='bbox 2621 4262 2737 4301; x_wconf 92' lang='grc' dir='ltr'>σου</span> <span class='ocrx_word' id='word_1_733' title='bbox 2774 4248 2847 4302; x_wconf 82' lang='grc' dir='ltr'>τὰ</span> <span class='ocrx_word' id='word_1_734' title='bbox 2885 4246 3060 4317; x_wconf 61' lang='grc' dir='ltr'>ἔργω</span> <span class='ocrx_word' id='word_1_735' title='bbox 3095 4245 3224 4300; x_wconf 75' lang='grc' dir='ltr'>ἰδοὺ</span> <span class='ocrx_word' id='word_1_736' title='bbox 3273 4244 3508 4299; x_wconf 79' lang='grc' dir='ltr'>δέδωκα</span> <span class='ocrx_word' id='word_1_737' title='bbox 3545 4247 3737 4311; x_wconf 78' lang='grc' dir='ltr'>θύραν’</span> 
     </span>
    </p>
   </div>
   <div class='ocr_carea' id='block_1_96' title="bbox 2149 4335 3717 4409">
    <p class='ocr_par' dir='ltr' id='par_1_96' title="bbox 2149 4335 3717 4409">
     <span class='ocr_line' id='line_1_96' title="bbox 2149 4335 3717 4409; baseline -0.004 -15"><span class='ocrx_word' id='word_1_738' title='bbox 2149 4341 2403 4395; x_wconf 81' lang='grc' dir='ltr'>ἐνώπιόν</span> <span class='ocrx_word' id='word_1_739' title='bbox 2456 4354 2571 4393; x_wconf 87' lang='grc' dir='ltr'>σου</span> <span class='ocrx_word' id='word_1_740' title='bbox 2627 4337 3042 4409; x_wconf 76' lang='grc' dir='ltr'>ἀνεῳγμένην,</span> <span class='ocrx_word' id='word_1_741' title='bbox 3096 4335 3178 4403; x_wconf 83' lang='grc' dir='ltr'>ἣν</span> <span class='ocrx_word' id='word_1_742' title='bbox 3224 4335 3428 4402; x_wconf 79' lang='grc' dir='ltr'>οὐδεὶς</span> <span class='ocrx_word' id='word_1_743' title='bbox 3478 4336 3717 4389; x_wconf 72' lang='grc' dir='ltr'>δύναται</span> 
     </span>
    </p>
   </div>
   <div class='ocr_carea' id='block_1_97' title="bbox 2152 4424 3717 4501">
    <p class='ocr_par' dir='ltr' id='par_1_97' title="bbox 2152 4424 3717 4501">
     <span class='ocr_line' id='line_1_97' title="bbox 2152 4424 3717 4501; baseline -0.005 -14"><span class='ocrx_word' id='word_1_744' title='bbox 2152 4432 2390 4488; x_wconf 82' lang='grc' dir='ltr'>κλεῖσαι</span> <span class='ocrx_word' id='word_1_745' title='bbox 2439 4429 2662 4496; x_wconf 77' lang='grc' dir='ltr'>αὑτήν·</span> <span class='ocrx_word' id='word_1_746' title='bbox 2716 4433 2810 4484; x_wconf 75' lang='grc' dir='ltr'>καὶ</span> <span class='ocrx_word' id='word_1_747' title='bbox 2859 4432 2977 4501; x_wconf 82' lang='grc' dir='ltr'>μετ’</span> <span class='ocrx_word' id='word_1_748' title='bbox 3026 4429 3214 4499; x_wconf 71' lang='grc' dir='ltr'>ὀλίγα*</span> <span class='ocrx_word' id='word_1_749' title='bbox 3262 4428 3373 4483; x_wconf 88' lang='lat' dir='ltr'><strong>Kal</strong></span> <span class='ocrx_word' id='word_1_750' title='bbox 3424 4424 3590 4481; x_wconf 75' lang='grc' dir='ltr'>εἶδον</span> <span class='ocrx_word' id='word_1_751' title='bbox 3628 4427 3717 4479; x_wconf 72' lang='grc' dir='ltr'><strong>ἐπὶ</strong></span> 
     </span>
    </p>
   </div>
   <div class='ocr_carea' id='block_1_98' title="bbox 2154 4518 3719 4594">
    <p class='ocr_par' dir='ltr' id='par_1_98' title="bbox 2154 4518 3719 4594">
     <span class='ocr_line' id='line_1_98' title="bbox 2154 4518 3719 4594; baseline -0.007 -14"><span class='ocrx_word' id='word_1_752' title='bbox 2154 4526 2269 4594; x_wconf 81' lang='grc' dir='ltr'>τὴν</span> <span class='ocrx_word' id='word_1_753' title='bbox 2306 4524 2511 4588; x_wconf 79' lang='grc' dir='ltr'>δεξιὰν</span> <span class='ocrx_word' id='word_1_754' title='bbox 2554 4524 2660 4578; x_wconf 87' lang='grc' dir='ltr'><strong>τοῦ</strong></span> <span class='ocrx_word' id='word_1_755' title='bbox 2693 4521 3032 4591; x_wconf 77' lang='grc' dir='ltr'>καθημένου</span> <span class='ocrx_word' id='word_1_756' title='bbox 3076 4521 3176 4575; x_wconf 79' lang='grc' dir='ltr'><strong>ἐπὶ</strong></span> <span class='ocrx_word' id='word_1_757' title='bbox 3227 4521 3333 4574; x_wconf 80' lang='grc' dir='ltr'>τὸν</span> <span class='ocrx_word' id='word_1_758' title='bbox 3381 4520 3600 4588; x_wconf 84' lang='grc' dir='ltr'>θρόνον</span> <span class='ocrx_word' id='word_1_759' title='bbox 3632 4518 3719 4581; x_wconf 85' lang='grc' dir='ltr'>βι-</span> 
     </span>
    </p>
   </div>
   <div class='ocr_carea' id='block_1_99' title="bbox 2154 4611 3719 4685">
    <p class='ocr_par' dir='ltr' id='par_1_99' title="bbox 2154 4611 3719 4685">
     <span class='ocr_line' id='line_1_99' title="bbox 2154 4611 3719 4685; baseline -0.006 -14"><span class='ocrx_word' id='word_1_760' title='bbox 2154 4617 2325 4671; x_wconf 86' lang='grc' dir='ltr'>ϐλίον</span> <span class='ocrx_word' id='word_1_761' title='bbox 2370 4614 2773 4685; x_wconf 76' lang='grc' dir='ltr'>τετραμμένον</span> <span class='ocrx_word' id='word_1_762' title='bbox 2815 4613 3043 4667; x_wconf 75' lang='grc' dir='ltr'>ἔσωθεν</span> <span class='ocrx_word' id='word_1_763' title='bbox 3105 4611 3204 4665; x_wconf 78' lang='grc' dir='ltr'>καὶ</span> <span class='ocrx_word' id='word_1_764' title='bbox 3266 4611 3540 4671; x_wconf 76' lang='grc' dir='ltr'>ὄπισθεν,</span> <span class='ocrx_word' id='word_1_765' title='bbox 3593 4625 3719 4662; x_wconf 64' lang='grc' dir='ltr'>κατ’</span> 
     </span>
    </p>
   </div>
   <div class='ocr_carea' id='block_1_100' title="bbox 2152 4697 3719 4776">
    <p class='ocr_par' dir='ltr' id='par_1_100' title="bbox 2152 4697 3719 4776">
     <span class='ocr_line' id='line_1_100' title="bbox 2152 4697 3719 4776; baseline -0.006 -15"><span class='ocrx_word' id='word_1_766' title='bbox 2152 4704 2633 4776; x_wconf 73' lang='grc' dir='ltr'>εσφραγισμένον</span> <span class='ocrx_word' id='word_1_767' title='bbox 2662 4703 2990 4772; x_wconf 72' lang='grc' dir='ltr'>σφραγῖσιν</span> <span class='ocrx_word' id='word_1_768' title='bbox 3009 4702 3178 4756; x_wconf 75' lang='grc' dir='ltr'>ἑπτά.</span> <span class='ocrx_word' id='word_1_769' title='bbox 3213 4702 3323 4755; x_wconf 89' lang='lat' dir='ltr'><strong>Kal</strong></span> <span class='ocrx_word' id='word_1_770' title='bbox 3352 4697 3517 4755; x_wconf 78' lang='grc' dir='ltr'>είὸον</span> <span class='ocrx_word' id='word_1_771' title='bbox 3558 4700 3719 4769; x_wconf 61' lang='grc' dir='ltr'>ἀττε-</span> 
     </span>
    </p>
   </div>
   <div class='ocr_carea' id='block_1_101' title="bbox 2152 4789 3721 4866">
    <p class='ocr_par' dir='ltr' id='par_1_101' title="bbox 2152 4789 3721 4866">
     <span class='ocr_line' id='line_1_101' title="bbox 2152 4789 3721 4866; baseline -0.003 -17"><span class='ocrx_word' id='word_1_772' title='bbox 2152 4800 2268 4849; x_wconf 82' lang='grc' dir='ltr'><strong>λον</strong></span> <span class='ocrx_word' id='word_1_773' title='bbox 2340 4792 2605 4866; x_wconf 42' lang='grc' dir='ltr'>ίσχυρὸν,</span> <span class='ocrx_word' id='word_1_774' title='bbox 2660 4795 3049 4862; x_wconf 82' lang='grc' dir='ltr'>κηρύσσοντα</span> <span class='ocrx_word' id='word_1_775' title='bbox 3088 4790 3259 4861; x_wconf 66' lang='grc' dir='ltr'>φωνῇ</span> <span class='ocrx_word' id='word_1_776' title='bbox 3283 4789 3520 4861; x_wconf 68' lang='grc' dir='ltr'>μεγάλῃ</span> <span class='ocrx_word' id='word_1_777' title='bbox 3549 4806 3564 4819; x_wconf 81' lang='lat'><strong><em>°</em></strong></span> <span class='ocrx_word' id='word_1_778' title='bbox 3636 4790 3721 4851; x_wconf 80' lang='grc' dir='ltr'>Τίς</span> 
     </span>
    </p>
   </div>
   <div class='ocr_carea' id='block_1_102' title="bbox 2155 4880 3721 4952">
    <p class='ocr_par' dir='ltr' id='par_1_102' title="bbox 2155 4880 3721 4952">
     <span class='ocr_line' id='line_1_102' title="bbox 2155 4880 3721 4952; baseline -0.003 -13"><span class='ocrx_word' id='word_1_779' title='bbox 2155 4887 2321 4952; x_wconf 75' lang='grc' dir='ltr'>ἄξιος</span> <span class='ocrx_word' id='word_1_780' title='bbox 2355 4884 2588 4949; x_wconf 78' lang='grc' dir='ltr'>ἀνοῖξαι</span> <span class='ocrx_word' id='word_1_781' title='bbox 2616 4886 2681 4938; x_wconf 85' lang='grc' dir='ltr'>τὸ</span> <span class='ocrx_word' id='word_1_782' title='bbox 2703 4885 2964 4949; x_wconf 84' lang='grc' dir='ltr'>βιϐλίον,</span> <span class='ocrx_word' id='word_1_783' title='bbox 2995 4884 3092 4938; x_wconf 79' lang='grc' dir='ltr'>καὶ</span> <span class='ocrx_word' id='word_1_784' title='bbox 3123 4883 3311 4937; x_wconf 85' lang='grc' dir='ltr'>λῦσαι</span> <span class='ocrx_word' id='word_1_785' title='bbox 3348 4882 3456 4948; x_wconf 84' lang='grc' dir='ltr'>τὰς</span> <span class='ocrx_word' id='word_1_786' title='bbox 3484 4880 3721 4950; x_wconf 46' lang='lat' dir='ltr'><strong>aggeri.</strong></span> 
     </span>
    </p>
   </div>
   <div class='ocr_carea' id='block_1_103' title="bbox 2153 4969 3721 5043">
    <p class='ocr_par' dir='ltr' id='par_1_103' title="bbox 2153 4969 3721 5043">
     <span class='ocr_line' id='line_1_103' title="bbox 2153 4969 3721 5043; baseline -0.004 -13"><span class='ocrx_word' id='word_1_787' title='bbox 2153 4977 2263 5043; x_wconf 82' lang='grc' dir='ltr'><strong>δας</strong></span> <span class='ocrx_word' id='word_1_788' title='bbox 2304 4974 2527 5039; x_wconf 67' lang='lat' dir='ltr'><strong>autcf);</strong></span> <span class='ocrx_word' id='word_1_789' title='bbox 2560 4974 2671 5029; x_wconf 87' lang='lat' dir='ltr'><strong>Kal</strong></span> <span class='ocrx_word' id='word_1_790' title='bbox 2718 4975 2918 5041; x_wconf 76' lang='grc' dir='ltr'>οὐδεὶς</span> <span class='ocrx_word' id='word_1_791' title='bbox 2968 4973 3233 5041; x_wconf 75' lang='grc' dir='ltr'>ἠδύνατο</span> <span class='ocrx_word' id='word_1_792' title='bbox 3264 4972 3336 5026; x_wconf 80' lang='grc' dir='ltr'>ἐν</span> <span class='ocrx_word' id='word_1_793' title='bbox 3363 4971 3445 5036; x_wconf 83' lang='grc' dir='ltr'>τῷ</span> <span class='ocrx_word' id='word_1_794' title='bbox 3475 4969 3721 5040; x_wconf 60' lang='grc' dir='ltr'>οὐρανῷ.</span> 
     </span>
    </p>
   </div>
   <div class='ocr_carea' id='block_1_104' title="bbox 2154 5061 3722 5137">
    <p class='ocr_par' dir='ltr' id='par_1_104' title="bbox 2154 5061 3722 5137">
     <span class='ocr_line' id='line_1_104' title="bbox 2154 5061 3722 5137; baseline -0.004 -17"><span class='ocrx_word' id='word_1_795' title='bbox 2154 5068 2293 5120; x_wconf 79' lang='grc' dir='ltr'>οὔτε</span> <span class='ocrx_word' id='word_1_796' title='bbox 2322 5066 2422 5120; x_wconf 75' lang='grc' dir='ltr'><strong>ἐπὶ</strong></span> <span class='ocrx_word' id='word_1_797' title='bbox 2446 5065 2557 5137; x_wconf 84' lang='grc' dir='ltr'>τῆς</span> <span class='ocrx_word' id='word_1_798' title='bbox 2593 5066 2725 5136; x_wconf 72' lang='grc' dir='ltr'>γῆς,</span> <span class='ocrx_word' id='word_1_799' title='bbox 2750 5066 2886 5120; x_wconf 82' lang='grc' dir='ltr'>οὔτε</span> <span class='ocrx_word' id='word_1_800' title='bbox 2914 5063 3190 5118; x_wconf 80' lang='grc' dir='ltr'>ὑποκάτω</span> <span class='ocrx_word' id='word_1_801' title='bbox 3215 5061 3326 5131; x_wconf 82' lang='grc' dir='ltr'>τῆς</span> <span class='ocrx_word' id='word_1_802' title='bbox 3354 5062 3469 5132; x_wconf 77' lang='grc' dir='ltr'>γῆς</span> <span class='ocrx_word' id='word_1_803' title='bbox 3500 5061 3722 5126; x_wconf 78' lang='grc' dir='ltr'>ἀνοῖξαι</span> 
     </span>
    </p>
   </div>
   <div class='ocr_carea' id='block_1_105' title="bbox 2156 5153 3722 5223">
    <p class='ocr_par' dir='ltr' id='par_1_105' title="bbox 2156 5153 3722 5223">
     <span class='ocr_line' id='line_1_105' title="bbox 2156 5153 3722 5223; baseline -0.005 -10"><span class='ocrx_word' id='word_1_804' title='bbox 2156 5158 2222 5213; x_wconf 73' lang='lat' dir='ltr'><strong>td</strong></span> <span class='ocrx_word' id='word_1_805' title='bbox 2252 5159 2516 5223; x_wconf 87' lang='grc' dir='ltr'>βιϐλίον,</span> <span class='ocrx_word' id='word_1_806' title='bbox 2563 5160 2701 5213; x_wconf 82' lang='grc' dir='ltr'>οὔτε</span> <span class='ocrx_word' id='word_1_807' title='bbox 2719 5157 2977 5223; x_wconf 75' lang='grc' dir='ltr'>βλέπειν</span> <span class='ocrx_word' id='word_1_808' title='bbox 2999 5158 3164 5211; x_wconf 86' lang='grc' dir='ltr'>αὑτό.</span> <span class='ocrx_word' id='word_1_809' title='bbox 3201 5155 3312 5212; x_wconf 85' lang='lat' dir='ltr'><strong>Kal</strong></span> <span class='ocrx_word' id='word_1_810' title='bbox 3343 5156 3610 5216; x_wconf 78' lang='grc' dir='ltr'>ἔκλαιον,</span> <span class='ocrx_word' id='word_1_811' title='bbox 3640 5153 3722 5206; x_wconf 76' lang='grc' dir='ltr'>ὅτι</span> 
     </span>
    </p>
   </div>
   <div class='ocr_carea' id='block_1_106' title="bbox 2156 5243 3722 5316">
    <p class='ocr_par' dir='ltr' id='par_1_106' title="bbox 2156 5243 3722 5316">
     <span class='ocr_line' id='line_1_106' title="bbox 2156 5243 3722 5316; baseline -0.003 -16"><span class='ocrx_word' id='word_1_812' title='bbox 2156 5246 2352 5314; x_wconf 75' lang='grc' dir='ltr'>οὐδεὶς</span> <span class='ocrx_word' id='word_1_813' title='bbox 2392 5247 2561 5314; x_wconf 76' lang='grc' dir='ltr'>ἄξιος</span> <span class='ocrx_word' id='word_1_814' title='bbox 2604 5247 2817 5316; x_wconf 85' lang='grc' dir='ltr'>εὑρέθη</span> <span class='ocrx_word' id='word_1_815' title='bbox 2876 5245 3109 5309; x_wconf 79' lang='grc' dir='ltr'>ἀνοῖξαι</span> <span class='ocrx_word' id='word_1_816' title='bbox 3154 5243 3221 5297; x_wconf 79' lang='grc' dir='ltr'>τὸ</span> <span class='ocrx_word' id='word_1_817' title='bbox 3269 5244 3551 5308; x_wconf 83' lang='grc' dir='ltr'>βιϐλίον,</span> <span class='ocrx_word' id='word_1_818' title='bbox 3593 5244 3722 5296; x_wconf 73' lang='grc' dir='ltr'>οὔτε</span> 
     </span>
    </p>
   </div>
   <div class='ocr_carea' id='block_1_107' title="bbox 2150 5330 3721 5401">
    <p class='ocr_par' dir='ltr' id='par_1_107' title="bbox 2150 5330 3721 5401">
     <span class='ocr_line' id='line_1_107' title="bbox 2150 5330 3721 5401; baseline -0.003 -11"><span class='ocrx_word' id='word_1_819' title='bbox 2150 5335 2408 5399; x_wconf 84' lang='grc' dir='ltr'>βλέπειν</span> <span class='ocrx_word' id='word_1_820' title='bbox 2443 5338 2608 5392; x_wconf 82' lang='grc' dir='ltr'>αὐτό.</span> <span class='ocrx_word' id='word_1_821' title='bbox 2653 5337 2761 5391; x_wconf 90' lang='lat' dir='ltr'><strong>Kal</strong></span> <span class='ocrx_word' id='word_1_822' title='bbox 2788 5330 2875 5401; x_wconf 78' lang='grc' dir='ltr'>εἷς</span> <span class='ocrx_word' id='word_1_823' title='bbox 2920 5335 2991 5389; x_wconf 77' lang='grc' dir='ltr'>ἐκ</span> <span class='ocrx_word' id='word_1_824' title='bbox 3033 5332 3150 5390; x_wconf 84' lang='grc' dir='ltr'>τῶν</span> <span class='ocrx_word' id='word_1_825' title='bbox 3179 5332 3603 5401; x_wconf 74' lang='grc' dir='ltr'>πρεσϐυτέρων</span> <span class='ocrx_word' id='word_1_826' title='bbox 3628 5331 3721 5385; x_wconf 73' lang='grc' dir='ltr'><strong>λέ-</strong></span> 
     </span>
    </p>
   </div>
   <div class='ocr_carea' id='block_1_108' title="bbox 2157 5419 3723 5500">
    <p class='ocr_par' dir='ltr' id='par_1_108' title="bbox 2157 5419 3723 5500">
     <span class='ocr_line' id='line_1_108' title="bbox 2157 5419 3723 5500; baseline -0.006 -17"><span class='ocrx_word' id='word_1_827' title='bbox 2157 5446 2243 5498; x_wconf 66' lang='grc' dir='ltr'><strong>γει</strong></span> <span class='ocrx_word' id='word_1_828' title='bbox 2281 5446 2413 5500; x_wconf 83' lang='grc' dir='ltr'>μοι·</span> <span class='ocrx_word' id='word_1_829' title='bbox 2472 5427 2570 5497; x_wconf 72' lang='grc' dir='ltr'><strong>Μὴ</strong></span> <span class='ocrx_word' id='word_1_830' title='bbox 2599 5426 2803 5482; x_wconf 75' lang='grc' dir='ltr'>κλαῖεο</span> <span class='ocrx_word' id='word_1_831' title='bbox 2842 5423 2970 5480; x_wconf 82' lang='grc' dir='ltr'>ιδοὺ</span> <span class='ocrx_word' id='word_1_832' title='bbox 2998 5424 3285 5491; x_wconf 76' lang='grc' dir='ltr'>ἐνίκησεν</span> <span class='ocrx_word' id='word_1_833' title='bbox 3326 5424 3361 5476; x_wconf 82' lang='grc' dir='ltr'><strong>ό</strong></span> <span class='ocrx_word' id='word_1_834' title='bbox 3397 5419 3557 5476; x_wconf 81' lang='grc' dir='ltr'>λέων</span> <span class='ocrx_word' id='word_1_835' title='bbox 3587 5423 3619 5477; x_wconf 83' lang='grc' dir='ltr'><strong>ό</strong></span> <span class='ocrx_word' id='word_1_836' title='bbox 3658 5419 3723 5474; x_wconf 66' lang='grc' dir='ltr'>ἐκ</span> 
     </span>
    </p>
   </div>
   <div class='ocr_carea' id='block_1_109' title="bbox 558 5580 2150 5655">
    <p class='ocr_par' dir='ltr' id='par_1_109' title="bbox 558 5580 2150 5655">
     <span class='ocr_line' id='line_1_109' title="bbox 558 5580 2150 5655; baseline -0.005 -12"><span class='ocrx_word' id='word_1_837' title='bbox 558 5585 572 5620; x_wconf 87' lang='grc'>⁸</span> <span class='ocrx_word' id='word_1_838' title='bbox 608 5582 779 5643; x_wconf 73' lang='lat' dir='ltr'><strong>Exod.</strong></span> <span class='ocrx_word' id='word_1_839' title='bbox 812 5596 1003 5649; x_wconf 72' lang='lat' dir='ltr'><strong>xxvnr,</strong></span> <span class='ocrx_word' id='word_1_840' title='bbox 1030 5580 1117 5638; x_wconf 79' lang='lat'><strong>36.</strong></span> <span class='ocrx_word' id='word_1_841' title='bbox 1163 5585 1183 5614; x_wconf 90' lang='grc'><strong>¹¹</strong></span> <span class='ocrx_word' id='word_1_842' title='bbox 1237 5585 1407 5655; x_wconf 80' lang='lat' dir='ltr'><strong>Apoc.</strong></span> <span class='ocrx_word' id='word_1_843' title='bbox 1446 5598 1523 5650; x_wconf 83' lang='grc' dir='ltr'>ιιι,</span> <span class='ocrx_word' id='word_1_844' title='bbox 1563 5584 1613 5638; x_wconf 90' lang='grc'>7.</span> <span class='ocrx_word' id='word_1_845' title='bbox 1693 5582 1712 5615; x_wconf 90' lang='grc'>³</span> <span class='ocrx_word' id='word_1_846' title='bbox 1746 5582 1913 5653; x_wconf 77' lang='lat' dir='ltr'><strong>Apoc.</strong></span> <span class='ocrx_word' id='word_1_847' title='bbox 1946 5597 1999 5648; x_wconf 74' lang='grc' dir='ltr'><strong>ν,</strong></span> <span class='ocrx_word' id='word_1_848' title='bbox 2035 5581 2150 5639; x_wconf 61' lang='grc' dir='ltr'><strong>με.</strong></span> 
     </span>
    </p>
   </div>
  </div>
