3840 6062
135 243 258 301 1081

807 250 1175 310 ADVERSUS
1215 253 1553 313 HACRESES
1589 257 1694 313 LIB

1799 259 1823 311 π.
1859 215 2024 314 'rou.
2067 259 2181 312 t.—
2213 257 2485 314 uanas.
2527 259 2707 316 LXIV.

3212 218 3361 319 ιοιιε

132 354 237 423 τῆς
264 350 465 424 φυλῆς
504 356 715 423 Ἰούδα,
761 362 800 429 ή
834 362 967 430 ῥίζα
994 364 1191 428 Δαϐὶδ,
1236 366 1469 433 ἀνοῖξαι
1501 368 1568 423 τὸ
1593 370 1690 434 ,ϐι-

1799 368 1992 423 homini
2033 369 2221 422 scienti
2262 366 2488 432 litteras,
2534 368 2761 422 dicentes
2788 384 2805 422 :
2832 367 2961 438 Lege
3008 369 3156 427 ista;
3197 379 3245 423 et
3275 386 3368 425 re-

130 444 296 498 G'Jl‘or
332 445 433 499 καὶ
482 446 591 514 τὰς
637 449 787 505 ἑπτὰ
828 453 1156 523 σφραγῖδας
1196 457 1402 511 αὑτοῦ.
1456 460 1591 531 Περὶ
1632 460 1690 512 δὲ

130 533 216 588 τοῦ
244 535 603 606 ἑσφραγίσθαι
633 540 794 609 μόνον
819 540 849 591 6
887 541 1109 606 Ἡσαΐας
1136 544 1308 609 οὕτως
1328 561 1343 578 ·
1386 548 1496 601 Καὶ
1522 549 1693 602 ἔσται

130 625 263 695 ὑμῖν
288 625 358 680 τὰ
390 627 628 697 ῥήματα
669 631 858 686 ταῦτα
901 633 1116 699 πάντα,
1153 636 1235 703 ὡς
1279 640 1333 691 ol
1380 637 1546 707 λόγοι
1585 638 1693 692 τοῦ

128 715 358 777 βιϐλίου
390 717 608 772 τούτου
638 719 746 773 τοῦ
771 719 1275 791 ἐσφραγισμένοι),
1308 723 1339 777 ὃ
1372 724 1482 777 ἐὰν
1506 722 1708 778 δῶσιν·

128 807 265 859 αὐτὸ
304 804 587 875 ἀνθρώπῳ
612 811 986 882 ἐπισταμένῳ
1030 814 1357 884 γράμματα,
1385 816 1685 884 λέγοντεςο

135 894 438 964 Ἇνάγνωθι
482 899 699 953 ταῦτα’
756 902 853 955 καὶ
913 903 1036 970 ἐρεῖ
1054 920 1068 934 ⁸
1131 906 1212 958 Οὐ
1252 905 1508 974 δύναμαι
1552 906 1695 959 ἀνα-

128 986 369 1057 γνῶναι·
401 988 795 1060 ἐσφράγισται
833 993 965 1064 γάρ.
1010 995 1119 1049 Καὶ
1144 994 1461 1061 δοθήσεται
1499 995 1566 1049 τὸ
1594 997 1693 1060 βι-

125 1076 290 1130 ϐλίον
335 1078 511 1132 τοῦτο
554 1083 642 1146 εὶς
684 1082 887 1151 χεζοας
914 1084 1228 1153 ἀνθρώπου
1256 1084 1342 1155 μὴ
1376 1085 1694 1153 ἐπισταμέ-

126 1183 230 1220 νου
274 1166 603 1238 γράμματα,
659 1173 758 1225 καὶ
794 1175 945 1242 ἐρεῖ·
992 1178 1113 1230 Οὐκ
1153 1176 1473 1243 ἐπίσταμαι
1515 1175 1694 1245 γράμ-

125 1273 292 1325 ματα.
341 1259 529 1313 Ταῦτα
548 1261 656 1333 γάρ
685 1265 745 1316 οὑ
794 1266 954 1334 μόνον
989 1267 1117 1338 περὶ
1142 1265 1695 1338 τῆςἈποκαλύψεως

135 1345 379 1399 Ἰωάννου
400 1349 494 1401 καὶ
527 1349 621 1404 τοῦ
670 1352 894 1407 Ἡσαΐου
922 1355 1204 1424 νομιστέον
1240 1354 1514 1422 λέγεσθαι,
1560 1354 1696 1408 ἀλλὰ

125 1436 216 1489 καὶ
260 1437 389 1509 περὶ
422 1440 603 1511 πάσης
637 1441 787 1507 θείας
825 1445 1047 1515 Γραφῆς
1097 1446 1569 1516 ὁμολογουμένως,
1600 1445 1696 1499 καὶ

125 1527 274 1599 παρὰ
299 1532 412 1592 τοῖς
452 1531 688 1603 μετρίως
722 1535 930 1589 ἐπαΐειν
956 1536 1130 1605 λόγων
1167 1536 1325 1589 θείων
1358 1535 1694 1606 δυναμένοις,

123 1613 569 1687 πεπληρωμένοις
613 1620 955 1691 αἰνιγμάτων
1005 1623 1099 1676 καὶ
1159 1622 1506 1695 παραϐολῶν,
1567 1640 1693 1676 σκο-

1791 457 2093 526 spondebit:
2119 456 2241 512 Non
2269 473 2483 527 possunt
2513 458 2715 527 legere;
2744 466 2820 511 est
2862 457 2998 511 enim
3035 455 3369 523 obsignatas.

1793 547 1861 601 Et
1887 547 2104 601 dabitur
2134 548 2266 602 liber
2295 548 2379 601 hic
2407 550 2460 601 in
2498 565 2685 602 manus
2711 548 2938 602 hominis
2980 548 3250 601 nescientis
3274 546 3365 601 lit-

1793 644 1968 703 teras;
2004 648 2055 693 et
2098 638 2283 693 dicet:
2326 638 2518 693 Nescio
2561 638 2764 693 litteras
2793 640 2836 693 ³.
2885 637 3012 692 Haec
3060 639 3203 692 enim
3255 653 3365 692 non

1793 729 1859 783 ad
1893 728 2258 800 Apocalypsin
2303 730 2480 784 solum
2512 729 2761 793 Joannis,
2803 735 2898 784 aut
2930 728 3078 783 Isaiae
3110 728 3364 782 vaticinia

1791 819 2065 888 pertinere
2092 822 2390 889 putandum
2423 828 2528 884 est,
2560 819 2654 875 sed
2686 821 2753 875 de
2790 821 3045 874 universa
3079 818 3362 888 Scriptura

1792 923 1949 964 sacra
1998 910 2216 979 penitus
2271 910 2586 980 accipienda
2640 917 2788 965 sunt.
2835 909 2993 975 Quod
3050 923 3183 964 sane
3219 908 3360 976 apud

1792 997 1914 1052 illos
1961 999 2017 1053 in
2068 999 2324 1054 confesso
2380 1007 2501 1062 est,
2553 1002 2647 1070 qui
2699 1000 3007 1054 divinarum
3055 992 3362 1052 lluerarum

1794 1086 2044 1141 notitiam
2083 1070 2551 1143 \el'medioc'riter
2603 1089 2841 1143 assecuti
2888 1096 3037 1142 sunt.
3072 1088 3202 1152 Quae
3244 1085 3366 1156 qui—

1792 1176 1914 1232 dem
1942 1177 2293 1247 aenigmatum
2327 1179 2647 1241 involucris,
2677 1194 2739 1231 ac
2770 1178 3066 1247 parabolis,
3107 1177 3365 1231 tenebro-

1793 1267 1980 1337 sisque
2021 1268 2387 1331 sermonibus,
2440 1282 2504 1321 ac
2559 1269 2793 1323 diversis
2839 1268 2963 1321 aliis
3012 1267 3365 1321 obscuritatis

1793 1357 2105 1427 generibus,
2149 1373 2270 1427 quae
2314 1357 2553 1413 hominis
2601 1358 2819 1427 ingenio
2865 1356 3084 1413 difﬁcile
3117 1370 3366 1425 compre-

1794 1445 2130 1511 henduntur,
2177 1446 2393 1502 refertae
2427 1455 2575 1501 sunt.
2615 1447 2770 1514 Quod
2798 1457 2853 1503 et
2890 1450 3144 1504 Salvator
3176 1458 3364 1503 osten-

1794 1536 1923 1591 dere
1960 1538 2171 1602 volens,
2219 1538 2423 1593 clavem
2473 1539 2611 1608 apud
2665 1539 2888 1594 Scribas
2946 1548 3000 1593 et
3032 1518 3369 1594 ’Pliariszeos

1794 1638 1917 1679 esse
1945 1623 2104 1689 dixit,
2147 1626 2241 1695 qui
2273 1632 2332 1679 ut
2370 1627 2514 1680 viam
2554 1627 2618 1681 ad
2647 1628 2999 1697 aperiendum
3035 1627 3365 1687 invenirent.

124 1703 308 1757 τεινῶν
345 1721 407 1758 τε
458 1706 654 1775 λόγων,
698 1710 793 1763 καὶ
838 1710 1013 1765 ἄλλων
1063 1712 1320 1766 ποικίλων
1359 1713 1515 1766 εἰδῶν
1557 1713 1687 1767 aea-

1799 1715 2015 1769 minime
2031 1717 2445 1770 contenderent.
2479 1716 2566 1779 Et,
2615 1717 2699 1771 Va:
2731 1719 2894 1783 vobis,
2930 1719 3128 1788 inquit,
3162 1717 3372 1787 legispe-

123 1793 296 1863 φείας,
342 1795 662 1869 δυσλήπτων
692 1802 757 1872 τῇ
807 1801 1122 1877 ἀνθρωπίνῃ
1168 1802 1348 1873 φύσει.
1394 1805 1571 1876 Ὅπερ
1610 1805 1689 1858 δι-

122 1884 273 1952 δάξαι
302 1886 623 1959 βουλόμενος
671 1891 766 1944 καὶ
795 1894 824 1945 6
864 1893 1052 1964 Σωτήρ
1088 1911 1273 1964 φησιν,
1307 1895 1384 1959 ὡς
1414 1895 1513 1964 τῆς
1541 1895 1690 1948 κλει-

1799 1805 1943 1869 ritis,
1987 1807 2236 1875 quoniam
2283 1806 2484 1859 tulistis
2534 1805 2728 1860 clavem
2769 1810 3021 1872 scientia,
3066 1824 3225 1876 neque
3266 1805 3369 1876 ipsi

1794 1899 2060 1963 intrastis,
2083 1907 2132 1952 et
2161 1884 2418 1953 intrantes
2443 1915 2545 1952 non
2571 1901 2874 1966 permittitis
2904 1902 3101 1972 ingredi
3127 1902 3169 1954 '.

121 1975 205 2041 δὸς
255 1977 424 2051 οῦσης
454 1981 606 2053 παρὰ
633 1985 746 2045 τοῖς
802 1984 1181 2055 γραμματεῦσι
1214 1986 1308 2039 καὶ
1339 1986 1674 2057 Φαρισαίοις,
1711 1989 1810 2042 οὐκ
1857 1989 2280 2059 ἀγωνιζομένοις
2325 1990 2423 2060 τὴν
2450 1990 2568 2043 ὁδὸν
2619 1991 2799 2062 εὑρεῖν
2847 1991 2939 2045 τοῦ
2984 1991 3210 2058 ἀνοῖξαι,
3289 1989 3369 2068 τὸ,

121 2069 263 2124 οὐαὶ
331 2071 475 2141 ὑμῖν
523 2070 648 2138 τοῖς
688 2073 987 2142 νομικοῖς·
1033 2073 1120 2127 ὅτι
1161 2074 1344 2142 ἤρατε
1386 2074 1499 2145 τὴν
1540 2075 1749 2132 κλεῖδα
1786 2075 1894 2146 τῆς
1949 2077 2246 2146 γνώσεως,
2295 2079 2464 2141 αὐτοὶ
2517 2081 2629 2133 οὐκ
2676 2080 3009 2153 είσήλθετε,
3068 2081 3165 2135 καὶ
3226 2079 3369 2148 τοὺς

120 2163 576 2233 είσερχομένους
603 2164 714 2216 οὐκ
753 2164 961 2251 ἀφίετε
994 2165 1313 2220 εἰσελθεῖν.

181 2260 257 2311 Z'.
298 2256 483 2310 Ταῦτα
514 2255 571 2308 δὲ
600 2256 731 2325 ἡμῖν
776 2256 834 2307 ὲν
863 2256 1133 2326 προοιμίῳ
1161 2256 1431 2320 λέλεκται,
1471 2260 1555 2320 είς
1597 2258 1691 2328 μέ-

123 2364 300 2419 γιστον
351 2344 561 2414 ἀγῶνα,
617 2344 713 2398 καὶ
761 2344 1208 2415 ὁμολογουμένως
1248 2347 1388 2418 ὑπὲρ
1418 2348 1567 2418 ἡμᾶς
1599 2347 1694 2400 καὶ
1730 2390 1743 2409 χ

118 2438 213 2509 τὴν
242 2435 358 2501 ἕξιν
393 2433 571 2505 ἡμῶν,
603 2432 1068 2503 ἀναγκαζομένοις
1096 2434 1199 2487 ὑπὸ
1229 2436 1329 2507 τῆς
1367 2436 1566 2508 πολλῆς
1599 2454 1692 2490 σου

118 2526 501 2599 φιλομαθείας,
530 2525 625 2579 καὶ
652 2524 1086 2596 δυσωπουμένοις
1127 2527 1230 2580 ὑπὸ
1262 2531 1356 2598 τῆς
1395 2529 1695 2600 χρηστότη-

118 2637 206 2683 τος
238 2620 337 2672 καὶ
368 2617 468 2688 τῆς
503 2617 853 2689 μετριότητός
898 2634 1013 2682 σου,
1062 2619 1175 2689 ἱερὲ
1221 2601 1529 2690 Ἄμϐροσιῇ
1561 2638 1691 2675 κατ-

118 2708 312 2771 ιλθεῖν.
347 2708 459 2761 Καὶ
484 2708 567 2761 ὅτι
595 2724 659 2776 γε
690 2708 782 2761 ὲπὶ
819 2708 951 2762 πολὺ
996 2691 1355 2781 ἆναδυόμενόν
1391 2728 1479 2781 με,
1519 2711 1606 2766 διὰ
1632 2712 1694 2764 τὸ

118 2800 309 2853 εἰδέναι
342 2799 437 2852 τὸν
479 2798 722 2852 κίνδυνον
765 2799 826 2852 οὐ
878 2799 1038 2870 μόνον
1068 2798 1162 2853 τοῦ
1211 2800 1388 2870 λέγειν
1424 2804 1552 2872 περὶ
1584 2801 1692 2855 τῶν

119 2890 309 2960 άγίων,
361 2888 501 2943 ἀλλὰ
551 2887 732 2959 πολλῷ
769 2889 953 2943 πλεῖον
999 2890 1092 2943 τοῦ
1142 2891 1396 2962 γράφειν,
1450 2894 1545 2946 καὶ
1582 2895 1694 2957 τοῖς

119 2981 231 3053 μεθ’
283 2979 438 3051 ἡμᾶς
466 2979 810 3046 καταλιπεῖν,
843 2981 1198 3045 παντοδαπῶς
1246 2983 1564 3054 κατεπᾴδων
1604 3000 1694 3052 φι-
1720 2967 1763 3025 C

117 3068 303 3136 λικῶς,
336 3070 438 3125 καὶ
474 3070 615 3125 κατὰ
661 3071 943 3143 προκοπὴν
974 3072 1222 3145 θεότητος
1254 3076 1334 3139 είς
1369 3074 1529 3128 τοῦτο
1557 3077 1695 3147 ῆγα-

118 3159 208 3230 γές
241 3177 310 3232 με
334 3176 351 3192 ο
410 3160 620 3232 μάρτυς
667 3160 760 3214 ἔσο
804 3178 897 3230 μοι
926 3162 1064 3235 πρὸς
1105 3164 1236 3219 Θεὸν
1270 3162 1390 3235 μεθ’
1430 3166 1552 3219 ὅλου
1600 3165 1694 3219 τοῦ

116 3250 246 3320 βίου,
277 3250 376 3305 καὶ
419 3251 548 3321 περὶ
572 3250 681 3305 τῶν
718 3251 1177 3322 ὑπηγορευμένων
1213 3254 1614 3327 ἐξεταζομένων
1649 3250 1691 3320 ί,

118 3340 237 3414 ποία
260 3358 321 3395 τε
350 3340 617 3411 προθέσει
643 3341 805 3401 τοῦτο
827 3343 1143 3415 γεγένηται
1185 3346 1297 3400 Καὶ
1342 3347 1419 3419 πὴ
1473 3347 1569 3417 μὲν
1605 3346 1695 3400 ὲν-

119 3434 480 3505 τυγχάνομεν,
533 3434 611 3500 πὴ
668 3434 724 3488 δὲ
774 3435 895 3506 ἦτοι
948 3436 1247 3509 βιαζόμεθα
1292 3437 1612 3512 βιαιότερον,
1658 3439 1692 3511 ἢ

120 3521 378 3595 δοκοῦμέν
419 3541 474 3577 τι
502 3523 701 3594 λέγειν.
745 3525 1164 3598 Ἐξιχνεύσαμεν
1201 3528 1260 3582 δὲ
1294 3529 1355 3583 τὸ
1380 3531 1698 3602 γεγραμμέ-

120 3630 204 3668 νον
234 3614 297 3668 οὗ
321 3614 794 3686 καταφρονοῦντες
820 3615 940 3684 τοῦ,
973 3617 1104 3672 Ὅτε
1126 3619 1325 3689 λέγεις
1347 3621 1479 3688 περὶ
1522 3622 1693 3687 Θεοῦ,

121 3702 288 3771 κρίνῃ
318 3703 441 3758 ὑπὸ
481 3703 649 3770 Θεοῦ,
689 3705 871 3770 καλῶς
925 3707 1238 3778 εἰρημένου,
1286 3710 1396 3762 Καὶ
1444 3709 1525 3774 τὸ,
1557 3710 1698 3778 Περὶ

119 3793 267 3849 Θεοῦ
313 3793 415 3848 καὶ
465 3793 697 3864 τάληθῆ
758 3798 979 3867 λέγειν,
1022 3797 1305 3864 κίνδυνος
1357 3802 1429 3854 οὐ
1457 3802 1694 3869 μικρός.

132 3884 418 3956 Ἀξιοῦμεν
481 3886 683 3951 τοίνυν,
738 3888 861 3941 ἐπεὶ
912 3876 1079 3958 μηδὲν
1142 3891 1312 3961 χωρὶς
1354 3891 1489 3945 Θεοῦ
1534 3892 1698 3947 καλὸν

120 3971 259 4031 εἶναι
286 3977 537 4045 δύναται,
568 3980 663 4033 καὶ
700 3979 932 4050 μάλιστα
962 3981 1146 4052 νόησις
1178 3982 1409 4054 Γραφῶν
1447 3982 1702 4037 θεοπνεύο

124 4082 282 4131 στων,
315 4069 493 4132 ὅπως,
527 4068 604 4140 τῷ
641 4070 817 4142 Πατρὶ
846 4071 955 4125 τῶν
987 4072 1124 4126 ὅλων
1169 4073 1288 4145 Θεῷ
1324 4073 1414 4128 διὰ
1457 4074 1551 4128 τοῦ
1584 4076 1699 4132 Σωο

119 4156 481 4230 τῆρος’ἡμῶν
510 4160 604 4213 καὶ
634 4161 958 4233 ἀρχιερέως,
1006 4163 1270 4233 γεννητοῦ
1314 4163 1449 4217 Θεοῦ
1483 4164 1702 4235 προσιέ-

120 4260 224 4311 ναι,
279 4248 528 4319 αἰτήσεις
567 4247 783 4318 δοθῆναι
822 4250 953 4319 ἡμῖν
1002 4249 1217 4320 πρῶτον
1274 4249 1455 4313 καλῶς
1494 4248 1697 4318 ζητεῖν.

132 4331 443 4392 Ἐπίκειται
489 4335 599 4409 γὰρ
631 4340 743 4402 τοῖς
794 4338 1046 4410 ζητοῦσιν
1070 4340 1378 4409 ἐπαγγελία
1423 4340 1517 4394 τοῦ
1556 4340 1703 4412 εὑρί-

123 4441 271 4481 σκειν
296 4443 309 4458 ο
348 4428 496 4499 τάχα
529 4428 649 4483 οὐδὲ
686 4429 783 4499 τὴν
828 4431 1003 4502 ἀρχὴν
1038 4433 1118 4495 είς
1162 4431 1460 4503 ζητοῦντας
1489 4429 1702 4498 λογιζο-

125 4518 304 4589 μένων
339 4518 495 4591 παρὰ
513 4519 632 4590 Θεῷ
663 4519 777 4573 τῶν
801 4522 900 4591 οὐχ
933 4522 1039 4593 ὁδῷ
1072 4524 1163 4576 ἐπὶ
1191 4522 1349 4577 τοῦτο
1381 4521 1697 4593 προϊόντων.

122 4609 275 4675 Ἕως
298 4603 421 4663 ὦδε
459 4609 529 4663 τὰ
552 4610 667 4665 ἀπὸ
702 4610 961 4680 Ὠριγένο
970 4631 1058 4678 υς.

1854 2255 1965 2310 VII.
2009 2254 2134 2310 Haec
2172 2271 2200 2309 a
2230 2257 2389 2312 nobis
2417 2257 2567 2312 velut
2592 2256 2852 2327 praifandi
2880 2259 3054 2328 gratia
3096 2262 3372 2329 proposita

1791 2355 1939 2410 sunt,
1989 2347 2083 2415 qui
2138 2347 2192 2400 in
2246 2347 2547 2401 maximum
2590 2356 2892 2412 certamen,
2940 2350 3192 2420 quodque
3232 2352 3375 2408 vires

1789 2449 2006 2493 nostras
2060 2454 2123 2492 ac
2162 2437 2318 2508 531
2357 2438 2674 2495 facultatem
2724 2440 2845 2495 sine
2898 2441 3007 2493 ulla
3036 2440 3375 2500 dubitatione

1792 2539 2017 2600 supcrat
2056 2529 2124 2583 ab
2166 2530 2371 2599 ingenti
2420 2537 2538 2594 tuo,
2578 2532 2831 2587 Ambrosi
2870 2532 2953 2586 vir
2994 2534 3371 2600 sanctissime,

1794 2635 1925 2692 erga
1958 2621 2169 2675 litteras
2208 2620 2391 2675 studio
2423 2622 2683 2676 concitati
2722 2622 2949 2691 fuimus,
2972 2631 3027 2679 et
3057 2632 3117 2679 ut
3154 2624 3208 2678 in
3239 2625 3374 2680 illud

1792 2710 2253 2767 descenderemus
2310 2712 2649 2768 humanitate
2704 2722 2796 2769 tua
2871 2730 2932 2770 ac
3002 2714 3376 2771 moderatione
3458 2750 3465 2761 ρ

1784 2802 2057 2892 ρεψιιὶεί.
2091 2800 2546 2873 Quandoquidem
2578 2805 2672 2859 diu
2709 2820 2815 2867 me,
2842 2814 3119 2876 comperta
3144 2806 3372 2876 periculi

1793 2894 2199 2965 magnitudine,
2226 2906 2595 2961 recusantem,
2632 2912 2743 2951 non
2781 2897 2943 2952 modo
2985 2897 3267 2968 disputare
3305 2898 3374 2954 de

1796 2990 1971 3044 sacris
2014 2987 2275 3056 Lit'teris,
2338 2990 2433 3045 sed
2466 2997 2519 3044 et
2561 2989 2735 3044 multo
2777 2990 2950 3059 magis
3001 2991 3261 3054 scribere,
3312 3005 3377 3046 ac

1795 3078 2033 3148 posteris
2067 3078 2403 3147 relinquere,
2452 3077 2629 3132 modis
2676 3077 2933 3132 omnibus
2987 3087 3152 3147 atque
3188 3078 3374 3132 illece-

1796 3165 2290 3231 bris'detnulsisti,
2338 3173 2393 3221 et
2435 3165 2503 3219 ad
2548 3166 2650 3220 hoc
2698 3166 3025 3235 quibusdam
3072 3166 3377 3223 divinitatis

1796 3254 2278 3325 progressionibus
2332 3252 2629 3309 adduxisti.
2684 3252 2768 3306 Tu
2821 3254 2986 3323 igitur
3027 3254 3184 3310 testis
3237 3255 3375 3310 mihi

1797 3345 1940 3416 apud
1966 3344 2136 3401 Deum
2166 3344 2298 3409 eris,
2344 3351 2460 3399 tum
2494 3359 2618 3399 cum
2653 3343 2720 3401 de
2752 3346 2866 3399 vita
2906 3359 3028 3400 mea
3059 3359 3123 3400 ac
3154 3344 3377 3416 scriptis

1796 3436 2056 3506 inquiret,
2092 3448 2331 3504 quonam
2358 3434 2527 3488 animi
2547 3435 2779 3490 consilio
2807 3435 2878 3491 sit
2909 3434 3040 3489 illud
3064 3451 3093 3488 a
3133 3451 3220 3491 me
3247 3451 3375 3491 sus-

1797 3534 2040 3595 ceptum.
2104 3525 2183 3578 Ac
2219 3539 2611 3596 nonnunquam
2650 3524 2871 3596 quidem
2902 3526 3183 3581 veritatem
3225 3540 3379 3582 asse-

1804 3614 2048 3685 quimur,
2077 3628 2474 3684 nonnunquam
2506 3623 2600 3668 aut
2625 3616 2919 3670 violentius
2945 3616 3375 3686 perrumpimus,

1799 3712 1895 3759 aut
1927 3704 2113 3760 dicere
2155 3704 2362 3775 aliquid
2394 3706 2665 3761 videmur.
2713 3705 2886 3760 Porro
2916 3706 3061 3775 quod
3111 3706 3377 3775 scriptum

1797 3800 1883 3850 est
1912 3793 2321 3863 vestigavimus,
2355 3808 2465 3849 non
2506 3795 2582 3848 ita
2620 3801 2678 3847 ut
2707 3794 2970 3864 praeclare
3003 3794 3137 3848 illud
3166 3795 3378 3850 dictum

1800 3893 2274 3940 contemneremus
2306 3904 2319 3939 :
2352 3884 2482 3939 Cum
2520 3884 2585 3939 de
2619 3883 2730 3940 Deo
2765 3885 2922 3950 dicis,
2964 3903 2997 3939 a
3039 3886 3149 3941 Deo
3162 3885 3380 3956 judica-

1801 3978 1896 4032 ris.
1918 3968 2054 4031 'ltem
2086 3976 2221 4031 illud
2249 3994 2261 4030 :
2294 3974 2374 4031 De
2400 3976 2508 4031 Deo
2539 3977 2698 4031 etiam
2737 3994 2857 4032 vera
2891 3977 3081 4043 dicere,
3139 3994 3243 4031 non
3273 3992 3379 4030 me-

1801 4067 1977 4121 diocre
2014 4068 2306 4136 periculurn
2352 4077 2451 4123 est.
2512 4066 2876 4133 Quamobrem
2911 4083 3034 4123 cum
3074 4068 3211 4123 nihil
3262 4068 3380 4123 sine

1805 4158 1917 4215 Deo
1971 4174 2096 4215 esse
2133 4160 2305 4230 possit
2355 4160 2655 4230 egregium,
2717 4159 3130 4229 praesertimque
3167 4158 3378 4212 divina-

1806 4263 1926 4302 rum
1962 4246 2290 4303 Litterarum
2338 4246 2726 4316 intelligentia;
2772 4246 2870 4300 abs
2905 4254 2956 4299 te
3006 4245 3169 4299 etiam
3212 4249 3378 4312 atque

1808 4342 1974 4395 etiam
2026 4340 2281 4410 petimus,
2328 4347 2389 4393 ut
2436 4344 2717 4408 parentem
2766 4337 3011 4391 omnium
3060 4334 3226 4395 Deum
3285 4348 3379 4404 per

1812 4430 2148 4485 Salvatorem
2175 4437 2425 4484 nostrum
2457 4443 2523 4482 ac
2560 4427 2894 4499 pontiﬁcem,
2935 4428 3177 4499 genitum
3211 4425 3378 4481 Deum

1806 4524 2099 4577 obsecrare
2140 4522 2297 4584 velis,
2334 4521 2498 4591 idque
2547 4520 2615 4573 ab
2648 4534 2714 4574 eo
2754 4519 2913 4575 nobis
2957 4520 3274 4589 impetrare,
3321 4522 3378 4569 ut

1806 4612 2078 4683 imprimis
2142 4620 2290 4666 recte
2351 4626 2596 4681 quaerere
2644 4611 2939 4682 possimus.
3003 4606 3379 4673 Quaerentibus

122 4702 266 4757 enim
304 4705 589 4772 proposita
624 4714 709 4758 est
748 4706 1075 4774 assequendi
1119 4706 1435 4775 promissio.
1482 4705 1562 4760 Ac
1606 4706 1796 4760 nescio
1829 4721 1896 4759 an
1925 4704 2018 4775 qui
2050 4703 2117 4757 ad
2171 4703 2305 4757 illud
2356 4703 2444 4757 via
2500 4717 2566 4757 ae
2609 4703 2822 4757 ratione
2880 4700 3108 4755 minime
3145 4708 3378 4754 conten-

122 4793 281 4857 dunt,
323 4794 475 4848 inter
511 4809 607 4849 eos
636 4795 730 4865 qui
767 4803 1020 4865 quaerunt
1059 4797 1202 4866 apud
1234 4795 1402 4852 Deum
1453 4811 1563 4851 non
1603 4797 1930 4853 habeantur.
1961 4792 2231 4848 Hactenus
2265 4792 2508 4863 Origenis
2541 4793 2716 4846 verba.

190 4883 276 4943 H'.
330 4886 501 4958 Ἀρχή
539 4903 629 4958 μοι
657 4887 836 4956 λέγειν
870 4889 1011 4960 πρὸς
1047 4890 1139 4943 τὸν
1177 4889 1465 4960 κομπώδη,
1494 4890 1589 4943 καὶ
1613 4890 1695 4942 δο-

1870 4886 2007 4941 VIII.
2061 4872 2340 4941 Adversus
2380 4893 2727 4956 arrogantem
2774 4882 2921 4937 hunc
2971 4882 3271 4945 hominem,
3328 4891 3380 4933 et

117 4979 280 5049 κήσει
329 4979 517 5046 σοφὸν,
566 4981 661 5040 καὶ
692 4981 990 5052 ὲρευνητὴν
1018 4980 1125 5035 τῶν
1155 4982 1553 5052 ἁνερευνήτων,
1610 4983 1694 5036 καὶ

1799 4978 2054 5048 Opinione
2108 4977 2194 5033 sui
2236 4978 2505 5040 inﬂatum,
2551 4989 2852 5043 eorumque
2912 4987 3032 5043 qua
3068 4971 3388 5040 investigari

119 5072 462 5143 ἐκδιδαστὴν
504 5073 612 5131 τῶν
651 5075 1009 5147 ἐπουρανίων,
1052 5074 1263 5129 τουτονὶ
1308 5075 1398 5128 τὸν
1438 5075 1694 5147 φλυαρίας

1801 5074 2105 5137 nequeunt,
2155 5073 2545 5126 scrutatorem,
2589 5064 2683 5133 qui
2740 5063 2912 5117 oculos
2953 5063 3103 5133 ipsos
3157 5068 3381 5131 praetcr-

120 5162 488 5233 ἐμπλήσαντα
515 5162 605 5216 τὸν
655 5162 791 5234 βίον,
818 5162 893 5227 ὡς
921 5163 1017 5216 καὶ
1052 5165 1081 5215 6
1107 5162 1370 5233 κρείττων
1396 5161 1552 5232 ἡμῶν
1583 5161 1694 5214 κατ⁴

1802 5174 2026 5231 gressus
2056 5167 2139 5214 est
2160 5198 2176 5223 ,
2218 5160 2423 5229 quique
2454 5157 2796 5228 ineptissima
2830 5153 3159 5224 loquacitate
3194 5150 3381 5205 orbem

118 5252 289 5306 αὐτοῦ
321 5254 537 5324 εἴρηκε,
576 5254 791 5326 πρῶτον
825 5255 953 5325 περὶ
981 5253 1238 5325 γεννητοῦ
1267 5250 1422 5305 Θεοῦ.
1470 5253 1580 5305 Καὶ
1621 5253 1694 5305 ὅτι

1808 5260 2076 5306 terrarum
2101 5251 2365 5320 implevit,
2393 5247 2851 5320 quemadmodum
2883 5248 3041 5317 longe
3065 5245 3222 5300 nobis
3246 5259 3380 5312 pra:-

124 5344 224 5413 μὲν
253 5343 541 5414 ὁμολεξίαι
567 5361 625 5398 τε
661 5345 752 5399 καὶ
779 5344 1092 5416 ὁμωνυμίαν.
1140 5342 1332 5397 πολλαὶ
1378 5343 1436 5395 ὲν
1483 5341 1560 5413 τῷ
1602 5342 1694 5413 βίῳ

1808 5343 2043 5400 stantior
2069 5343 2211 5397 alius
2241 5342 2295 5397 in
2331 5342 2483 5396 illum
2519 5351 2680 5396 antea
2711 5340 2871 5403 dixit,
2902 5340 3074 5409 prima
3107 5337 3175 5393 de
3194 5337 3380 5407 genito

121 5436 250 5503 εἰσὶ,
286 5437 473 5509 πάντη
502 5437 662 5499 τοῦτο
689 5437 846 5511 δῆλόν
879 5439 1015 5491 ἐστι.
1052 5438 1162 5490 Καὶ
1194 5437 1243 5489 εί
1279 5435 1378 5507 μὲν
1410 5434 1515 5507 ὑπὲξ
1540 5434 1694 5488 ἄλλου

1806 5437 1918 5492 Deo
1958 5434 2245 5490 tractanda
2294 5432 2596 5503 disputatio
2627 5439 2732 5488 est.
2771 5430 2829 5487 ln
2861 5446 2972 5502 quo
3014 5429 3149 5485 illud
3196 5429 3379 5485 obser-

210 5591 225 5621 ⁸
254 5593 318 5650 F.
354 5593 749 5665 ἐξεταζομένῳ.
828 5598 846 5627 ²
881 5595 983 5653 Isa.
1020 5611 1167 5663 XXIX,
1206 5595 1294 5661 ll,
1322 5593 1409 5649 12.
1490 5594 1507 5625 ³
1539 5590 1671 5647 Luc.
1713 5608 1790 5661 XI,
1819 5595 1909 5649 52.
