3948 6068
442 274 580 331 1085

1873 273 1930 329 S.
1972 269 2323 327 EPIPIIANII‘

3580 254 3706 312 ιοεξ

443 381 681 440 randum
723 391 828 447 est,
862 383 1293 455 quamplurimas
1341 383 1394 437 in
1450 381 1687 438 humana
1732 371 2029 441 consuetu-

2154 403 2166 456 ι
2198 383 2342 449 λέξις
2369 381 2603 452 ἐλέγετο,
2633 374 2700 451 ἦν
2729 377 2926 442 εἰπεῖν,
2967 374 3050 458 ὅτι
3082 370 3225 428 κατὰ
3266 366 3433 442 ὀρθὴν
3478 365 3712 458 διάνοιαν

442 477 571 532 dlne
611 475 1000 532 similitudines
1029 489 1219 530 vocum
1257 481 1310 529 et
1356 474 1737 546 homonymias
1777 493 1935 544 esse;
1973 477 2027 532 id

446 568 589 634 quod
633 567 910 630 omnibus,
965 567 1180 636 opinor,
1223 573 1313 621 est
1348 565 1719 621 manifestum.
1755 567 1832 622 Ac
1868 569 1913 622 si
1961 568 2030 623 ab

2133 476 2230 531 xui.
2261 475 2418 529 τοῦτο
2446 473 2657 545 εἴρηται
2678 487 2690 502 °
2727 469 2892 523 ὁπότε
2924 465 3077 521 δὲ’ὲν
3108 464 3322 526 πολλοῖς
3344 460 3531 523 τόποις
3560 457 3711 526 εὕρο-

2135 586 2234 640 μεν
2284 565 2445 622 αὐτὸν
2470 565 2560 618 τὸν
2608 563 2871 635 μονογενῆ
2923 560 3059 614 Θεὸν
3111 551 3574 624 ἀπαλλοτριοῦντα
3619 549 3713 618 τῆς

441 655 554 708 alio
587 654 844 723 quapiam
894 655 1224 708 vocabulum
1268 653 1402 708 illud
1449 667 1830 726 usurparetur,
1879 665 2031 710 recto

2154 661 2224 714 τοῦ
2256 659 2470 730 Πατρὸς
2513 656 2765 728 Θεότητός
2791 671 2853 707 τε
2885 653 2980 707 καὶ
3025 649 3232 712 οὐσίας,
3265 644 3400 716 ὁμοῦ
3429 660 3487 695 τε
3531 641 3625 695 καὶ
3660 639 3714 693 τὸ

449 759 508 796 ac
557 746 773 799 sincero
832 745 1014 799 animo
1067 746 1479 815 pronuntiatum
1537 761 1659 801 esse
1707 747 2028 801 existimare

452 850 754 902 possemus.
796 835 955 890 Nune
997 852 1120 890 cum
1167 839 1222 891 in
1269 837 1394 892 aliis
1428 837 1704 907 plerisque
1758 839 1892 893 locis
1941 839 2034 892 de.

453 927 874 996 prehendamus,
912 929 1249 999 unigenitum
1304 929 1470 983 Deum
1503 945 1532 982 a
1560 939 1782 1000 paterna
1833 931 2033 984 divini-

453 1023 562 1069 tate
594 1023 755 1084 atque
786 1018 1093 1071 substantia
1125 1020 1193 1071 ab
1222 1019 1412 1073 eodem
1449 1029 1680 1074 auctore
1737 1019 2032 1089 segregari,

456 1122 664 1162 necnon
689 1116 742 1163 et
760 1110 1022 1177 Spiritum
1043 1119 1317 1175 sanctum,
1343 1121 1632 1183 propterea
1650 1113 1895 1182 γενητόν,
1933 1115 2035 1166 hoc

454 1209 537 1253 est
567 1203 880 1260 productum
932 1199 1124 1268 Deum,
1178 1202 1386 1258 idcirco
1417 1203 1622 1258 dixisse
1665 1204 1818 1257 illum
1876 1218 2038 1272 appa-

454 1297 556 1349 ret,
604 1290 746 1358 quod
788 1297 1034 1344 creatum
1086 1298 1372 1347 statueret.
1417 1291 1574 1358 Quod
1621 1293 1765 1346 cnim
1803 1293 2037 1365 argutiis

457 1379 855 1435 circumvenire
889 1396 989 1436 nos
1020 1382 1135 1437 suis
1181 1396 1244 1436 ac
1285 1383 1467 1437 dicere
1515 1382 1766 1436 nonnulli
1812 1383 2036 1446 volunt,

457 1465 600 1520 idem
623 1483 745 1524 esse
780 1471 1006 1542 γενητόν
1032 1485 1154 1525 eum
1180 1471 1442 1542 γεννητῷ,
1472 1471 1631 1544 532
1657 1487 1778 1526 cum
1824 1471 1892 1527 de
1930 1471 2040 1526 Deo

459 1559 657 1628 agitur,
725 1571 1070 1634 nequaquam
1131 1565 1461 1620 audiendum
1517 1578 1632 1629 est,
1686 1565 1780 1620 sed
1839 1564 2040 1620 creatis

459 1648 722 1706 duntaxat
761 1653 815 1707 in
854 1655 1038 1712 rebus.
1075 1655 1234 1710 Aliud
1290 1657 1435 1712 enim
1482 1665 1566 1711 est
1608 1657 1855 1729 γενητόν,
1893 1656 2040 1710 aliud

2132 751 2356 822 Πνεῦμα
2386 751 2447 803 τὸ
2496 749 2673 818 ἅγιον,
2718 746 2908 800 τούτου
2957 743 3116 814 χάριν
3168 741 3226 792 τὸ
3270 741 3290 769 ⁸
3324 734 3550 806 γενητὸν
3587 730 3714 784 Θεὸν

2135 841 2415 913 εἰρηκέναι
2447 828 2608 893 αὐτὸν
2661 836 2832 906 σαφές
2869 837 3038 897 ἐστιν,
3078 833 3172 885 ὅτι
3211 827 3426 883 κτιστὸν
3457 823 3713 896 ὁρίζεται.

2147 935 2238 997 Ὣς
2309 933 2416 1004 γάρ
2466 947 2614 994 τινες
2665 931 2812 1000 ἡμᾶς
2867 925 3147 997 βούλονται
3207 919 3317 992 (50)
3383 914 3713 984 σοφίζεσθαι,

2136 1025 2231 1077 καὶ
2273 1003 2454 1090 λέγειν
2508 1022 2620 1075 ἴσον
2669 1020 2730 1074 τὸ
2777 1017 3004 1087 γενητὸν
3054 1010 3191 1067 εἶναι
3234 1010 3311 1081 τῷ
3358 1005 3626 1077 γεννητῷ,
3659 1003 3716 1056 οὐ

2138 1114 2509 1185 παραδεκτέον
2561 1111 2618 1164 δὲ
2667 1109 2761 1163 ἐπὶ
2810 1105 2944 1161 Θεοῦ
2999 1104 3214 1173 λέγειν,
3268 1098 3379 1154 ἀλλ’
3432 1097 3466 1166 ἢ
3518 1097 3611 1148 ἐπὶ
3653 1092 3716 1146 τὰ

2139 1206 2414 1276 κτίσματα
2471 1203 2652 1275 μόνον.
2706 1201 2934 1270 Ἕτερον
2989 1197 3099 1267 γάρ
3150 1196 3265 1246 ἐστι
3319 1188 3584 1260 γενητὸν,
3629 1185 3717 1237 καὶΙ

2138 1299 2324 1367 ἕτερον
2348 1295 2624 1366 γεννητόν.
2658 1292 2731 1345 Τὸ
2763 1291 2891 1361 γοῦν
2923 1287 3050 1359 παρ’
3087 1284 3251 1340 αὑτοῦ
3285 1281 3446 1354 ῥηθὲν
3483 1280 3602 1367 ἦτοι
3633 1291 3718 1343 γε·

2139 1387 2300 1459 νητὸν
2359 1383 2528 1448 Θεὸν,
2593 1381 2808 1452 πρῶτον
2869 1375 3197 1450 ἐρωτῶμεν,
3260 1370 3431 1431 ποίοις
3491 1365 3718 1454 τρόποις

2141 1457 2388 1536 ἔκτισται
2416 1481 2444 1532 ὁ
2482 1475 2631 1546 παρὰ
2667 1474 2749 1527 σοὶ
2780 1471 2866 1526 διὰ
2894 1470 2992 1540 τῆς
3020 1467 3219 1533 λέξεως
3250 1461 3453 1530 ταύτης
3482 1457 3722 1546 τιμιῦμεα

2142 1587 2227 1634 νος
2257 1568 2422 1633 Θεός;
2481 1544 2606 1628 Πῶς
2637 1564 2693 1617 δὲ
2732 1561 2811 1615 ἔτι
2851 1553 3224 1629 προσκυνητὸς
3267 1551 3438 1613 ἔσται,
3483 1547 3532 1599 εί
3572 1544 3724 1597 ἔσται

2151 1659 2403 1731 ποιητός;
2450 1655 2649 1724 Ἀφελε
2677 1652 2786 1723 γὰρ
2811 1651 2908 1722 τὴν
2947 1645 3152 1719 μέμψιν
3185 1641 3282 1712 τὴν
3309 1634 3562 1731 παρὰῌτῷ
3587 1633 3723 1731 enim

462 1744 735 1814 γεννητόν.
789 1743 945 1810 Quod
1001 1746 1168 1816 igitur
1226 1746 1297 1801 ab
1339 1759 1406 1802 eo
1432 1747 1636 1801 dictum
1670 1725 1752 1800 est
1802 1745 2047 1828 γενητόν,

2167 1725 2474 1820 Ἀποστόλῳ
2531 1747 2624 1801 ἐπὶ
2685 1746 2800 1806 τοῖς
2858 1740 2958 1811 τὴν
3011 1737 3186 1791 κτίσιν
3229 1727 3574 1828 Θεολογοῦσιῖ
3631 1725 3725 1828 καὶ

463 1829 570 1887 hoc
620 1841 704 1888 est
745 1839 1057 1902 productum
1116 1836 1284 1890 Deum
1335 1835 1572 1905 primum
1625 1833 1758 1888 illud
1803 1835 2051 1890 sciscite-

462 1938 608 1979 ntur.
658 1924 890 1990 Quinam
943 1925 1116 1980 creari
1150 1925 1326 1994 potuit
1368 1926 1437 1992 is,
1481 1926 1575 1996 qui
1616 1939 1647 1978 a
1690 1933 1742 1980 te
1780 1917 2051 1994 ejusmodi

465 2012 745 2067 vocabulo
777 2013 1003 2067 honoris
1033 2027 1198 2068 causa
1239 2012 1473 2068 aﬂicitur
1497 2014 1684 2069 Deus?
1721 2013 2051 2069 Adorandus

463 2116 597 2156 vero
643 2101 918 2171 quomodo
963 2100 1179 2158 tandem
1233 2103 1359 2170 erit,
1415 2103 1459 2158 si
1511 2102 1689 2158 factus
1743 2104 1865 2159 est?
1914 2102 2052 2158 Volo

463 2194 609 2248 enim
641 2193 786 2246 illam
819 2192 1068 2262 Apostoli
1097 2195 1584 2262 reprehensionem
1612 2211 1919 2260 removeas,
1941 2211 2049 2265 qua

463 2299 560 2338 eos
594 2285 963 2354 prosequitur
990 2285 1083 2354 qui
1119 2287 1317 2340 creatis
1365 2287 1530 2341 rebus
1557 2285 1901 2340 divinitatem
1949 2285 2049 2339 tri-

467 2379 696 2433 buerent
725 2379 763 2431 '.
794 2380 871 2430 Ac
909 2377 1068 2430 talem
1103 2378 1235 2431 mihi
1283 2377 1452 2432 Deum
1489 2378 1733 2433 exhiberi
1760 2379 1902 2442 volo,
1955 2379 2050 2449 qui

466 2473 786 2528 adoratione
815 2472 1016 2541 dignus
1047 2472 1118 2526 sit
1156 2471 1292 2540 :qui
1341 2469 1481 2523 idem
1528 2478 1675 2524 recta
1729 2471 2052 2541 sinceraque

467 2565 593 2628 ﬁde,
639 2580 760 2636 quae
802 2565 1022 2635 quidem
1064 2563 1309 2618 Creatori
1361 2561 1485 2625 soli,
1533 2577 1643 2614 non
1686 2562 1812 2615 item
1850 2564 2050 2618 creatis

467 2660 538 2715 ab
582 2661 677 2714 illo
725 2659 892 2714 rebus
940 2656 1318 2712 adorationem
1361 2654 1626 2724 impertit,
1673 2664 1891 2710 creatus
1951 2655 2051 2708 ali-

467 2751 691 2822 quando
737 2758 1050 2807 censeatur.
1103 2746 1220 2804 Iioc
1273 2747 1318 2803 si
1362 2747 1741 2803 demonstrare
1783 2749 2048 2817 potueris,

469 2852 584 2897 tum
651 2843 868 2899 demum
934 2842 1168 2898 mendax
1224 2840 1358 2894 illud
1429 2849 1585 2894 tuum
1640 2838 2050 2910 conﬁctumquc

2155 1843 2334 1906 ἐπίδος
2380 1816 2466 1912 μοι
2513 1835 2646 1891 Θεὸν
2685 1828 3157 1904 προσκυνούμενον
3201 1821 3412 1877 κτιστὸν
3441 1817 3596 1912 uta-:5:
3623 1816 3724 1886 τὴν

2154 1934 2350 2004 εὐσεϐῆ
2412 1931 2612 1993 πίστιν,
2667 1927 2766 1997 τὴν
2817 1921 3016 1995 μηκέτι
3071 1918 3246 1971 κτίσει
3296 1907 3724 2004 προσκυνοῦσαν,

2153 2024 2290 2081 ἀλλὰ
2321 1995 2400 2094 τῷ
2444 2019 2690 2074 κτίσαντι
2708 1995 2733 2045 ’ἡ
2775 2012 2872 2066 καὶ
2915 2011 3062 2064 ἔσται
3107 2004 3261 2076 παρὰ
3308 2002 3393 2094 σοι
3435 1998 3654 2094 εῠλογς
3692 1995 3723 2062 ἡ

2151 2115 2245 2171 τοῦ
2287 2089 2701 2182 πεπλανημένοι)
2731 2124 2823 2161 σου
2870 2105 3030 2171 λόγου
3064 2098 3171 2153 ἀπὸ
3209 2097 3310 2166 τῆς
3331 2093 3440 2148 τῶν
3469 2089 3724 2182 Πατέρξυν

2152 2205 2431 2267 εὐσεϐείας
2478 2178 2791 2256 ἀκολουθία.
2853 2194 3011 2248 Ἀλλὰ
3061 2193 3122 2245 οὐ
3165 2188 3270 2261 μὴν
3313 2185 3537 2238 δύνασαι
3575 2178 3726 2232 τοῦτο

2155 2296 2524 2369 παραστῆσαι.
2560 2293 2622 2345 El
2667 2291 2726 2344 δὲ
2764 2289 2860 2342 καὶ
2900 2283 3132 2354 ἐτόλμας
3177 2273 3514 2369 ἀποπλῆσαί
3545 2269 3723 2369 ποθεν,

2153 2358 2250 2446 καί
2279 2358 2590 2458 βιάσασθαι,
2624 2381 2745 2435 οὐδὲ
2791 2381 2849 2432 ὲν
2884 2375 3060 2444 τούτῳ
3087 2372 3179 2424 τὸν
3221 2367 3441 2434 εὖ).ογον
3474 2358 3725 2458 λογισμὸν

2151 2479 2262 2532 τῶν
2297 2474 2564 2530 θεοσεῦὦν
2593 2468 2995 2544 παρεκτρέπειν
3011 2465 3090 2527 είς
3111 2459 3380 2528 τοσαύτην
3403 2453 3728 2523 φαυλότητα,

2152 2562 2468 2638 ὧοεήλατε.
2514 2543 2894 2631 Ἀντιμάχεται
2922 2555 3028 2626 γάρ
3067 2569 3150 2605 σοι
3205 2550 3299 2603 καὶ
3349 2545 3410 2599 τὸ
3457 2543 3730 2638 φρόνημα,

2153 2659 2246 2713 καὶ
2357 2656 2533 2724 λόγος.
2584 2629 2698 2704 Πᾶν
2741 2629 2852 2719 γὰρ
2878 2646 2940 2699 τὸ
2980 2641 3194 2698 κτιστὸν
3233 2638 3295 2691 οὐ
3339 2629 3734 2702 προσκυνητὸν,

2151 2750 2226 2813 ὡς
2274 2722 2440 2818 ἔφην..
2475 2745 2536 2798 Et
2581 2743 2638 2796 δὲ
2694 2741 2829 2802 ὅλως
2888 2731 3260 2808 προσκυνητὸν
3307 2722 3734 2818 «ortmann»

2155 2813 2508 2910 ὑπαρξόντων
2535 2831 2790 2891 κτιστῶν,
2846 2828 2999 2882 οὐδὲν
3043 2824 3108 2878 ἂν
3135 2821 3319 2875 διοίσει
3363 2817 3423 2910 τὸ
3466 2813 3739 2910 καὶᾳήμίίς

468 2937 661 3005 dogma
709 2936 907 2990 rationi
957 2940 1408 2997 consentaneum,
1455 2946 1555 2986 nec
1597 2931 1666 2986 ab
1698 2931 2047 3000 antiquorum

2158 2931 2296 3003 μετὰ
2336 2928 2430 2981 τοῦ
2465 2928 2600 2989 ἐνὸς,
2630 2920 2851 2976 κτιστοῦ
2882 2919 2950 2972 τὰ
2977 2916 3074 2970 ὅλα
3114 2909 3428 2985 προσκυνεῖν
3469 2903 3738 2957 σύνδουλα

470 3025 693 3082 Patrum
723 3028 922 3098 pietate
956 3028 1192 3083 alienum
1214 3039 1336 3080 esse
1358 3023 1655 3080 videbitur.
1685 3022 1889 3078 Verum
1915 3039 2047 3078 nun-

2155 3021 2306 3084 εντα,
2344 3017 2438 3070 καὶ
2464 3017 2528 3086 τῇ
2554 3014 2689 3084 αὐτῇ
2723 3010 2914 3080 ἀγωγῇ
2947 3005 3046 3076 τῆς
3083 3005 3370 3072 ὀνομασίας
3401 3005 3741 3047 ὑποπεπτω-

470 3136 633 3192 quam
679 3084 808 3175 illud
851 3121 1012 3176 nobis
1062 3119 1346 3176 ostendes.
1398 3119 1479 3172 Ac
1529 3116 1745 3172 tametsi
1789 3116 2056 3170 interver—
2083 3084 2125 3141 C
2161 3112 2315 3166 κότα.
3098 3191 3108 3192 7
3588 3182 3620 3192 Η
3663 3180 3675 3191 '

469 3226 587 3274 tere
616 3217 861 3287 quzedam
902 3225 955 3272 et
989 3215 1056 3270 ad
1107 3224 1255 3270 tuam
1295 3212 1618 3270 sententiam
1646 3227 1932 3282 perperam
1963 3207 2380 3265 accommodare
2407 3217 2576 3260 ausus
2612 3199 2810 3264 fueris,
2839 3211 2949 3250 non
2979 3195 3035 3248 in
3096 3191 3209 3287 hoc
3265 3195 3460 3287 tamen.
3526 3182 3738 3287 religio-

470 3327 656 3367 sorum
694 3312 1047 3382 conjunctam
1095 3326 1220 3365 cum
1264 3317 1412 3364 recta
1451 3308 1664 3360 ratione
1713 3306 2045 3362 sententiam
2075 3304 2144 3358 ad
2193 3309 2400 3382 tantam
2459 3298 2805 3370 pravitatem,
2858 3288 3144 3382 hominum
3185 3279 3600 3382 furiosissime,‘
3640 3274 3738 3382 de:

471 3413 726 3474 torquere
755 3369 978 3472 poteris.
1017 3397 1148 3452 Nam
1203 3405 1256 3452 ct
1287 3409 1483 3452 sensus
1548 3395 1648 3448 tibi
1709 3395 2038 3467 refragatur,
2082 3402 2138 3449 et
2177 3393 2339 3446 ratio.
2384 3369 2596 3446 Etenim
2642 3379 2910 3457 quidquid
2948 3385 3200 3433 creatum
3232 3381 3340 3440 est,
3384 3369 3627 3474 adorari.
3668 3372 3735 3474 Aul

471 3462 607 3560 dixi.
633 3462 986 3566 non-potest.
1037 3493 1134 3546 Sin
1183 3491 1506 3546 adoratione
1551 3491 1774 3562 dignum
1819 3462 2046 3546 omnino
2084 3490 2324 3554 videtur,
2360 3504 2486 3544 cum
2527 3486 2636 3540 alia
2665 3476 3070 3554 quamplurima
3120 3477 3306 3528 creata
3354 3468 3498 3532 sint,
3534 3462 3741 3566 Aprole-

471 3602 562 3646 cto
600 3590 734 3644 nihil
767 3594 1013 3652 interest,
1082 3587 1212 3658 quin
1252 3597 1306 3642 et
1333 3603 1435 3642 nos
1469 3603 1594 3642 cum
1629 3585 1792 3642 unico
1835 3594 2087 3643 creatore
2160 3593 2361 3641 caetera
2414 3585 2706 3638 adoremus
2757 3580 2975 3646 omnia,
3031 3589 3156 3648 qua
3208 3567 3396 3630 servili
3458 3562 3750 3620 nobiscum.

471 3685 784 3741 conditione
809 3683 1105 3754 eademque
1127 3683 1365 3740 no'minis
1391 3685 1603 3740 ratione
1629 3684 1998 3739 continentur.

546 3774 637 3829 ιχ.
679 3776 790 3846 Age
843 3789 973 3830 vero
1011 3775 1292 3831 videamus
1341 3775 1398 3830 in
1445 3783 1687 3846 quatuor
1717 3774 2050 3845 Evangeliis,

473 3869 678 3940 quibus
727 3867 892 3922 vitam
938 3882 1154 3922 omnem
1208 3876 1457 3924 nostram
1515 3865 1747 3922 Verbum
1792 3864 1938 3923 Deus
1989 3865 2057 3920 ad

475 3977 579 4017 nos
600 3964 826 4016 veniens
873 3958 1247 4014 administrari
1287 3959 1480 4026 voluit,
1532 3957 1772 4013 nuncubi
1806 3957 2059 4013 Christus

477 4053 556 4108 ita
590 4053 808 4107 locutus
858 4052 930 4108 sit
960 4071 974 4106 :
1008 4050 1146 4106 Deus
1191 4068 1270 4106 me
1319 4052 1538 4115 creavit,
1569 4051 1676 4114 vel,
1722 4049 1885 4104 Pater
1914 4066 2059 4104 meus

475 4141 672 4196 creavit
727 4139 996 4195 me.-Aut
1053 4147 1238 4194 utrum
1301 4137 1465 4194 Pater
1531 4138 1587 4191 in
1639 4136 1750 4192 ullo
1819 4150 2061 4206 unquam

477 4232 773 4306 Evangelia
819 4231 1296 4302 pronuntiaverit:
1339 4225 1449 4300 Ego
1501 4231 1672 4284 creari
1731 4227 1957 4292 Filium,
2009 4239 2060 4282 et

478 4326 604 4378 misi
653 4324 720 4378 ad
775 4341 882 4378 vos.
921 4323 1026 4378 Sed
1061 4322 1128 4378 de
1165 4323 1251 4376 his
1283 4322 1570 4376 hactenus.
1615 4319 1750 4374 Nam
1800 4319 1947 4390 quod
1992 4319 2061 4374 ad

480 4416 804 4471 testimonia
833 4416 1089 4484 pertinet,
1141 4430 1240 4470 nos
1270 4414 1672 4485 quamplurima
1702 4428 1843 4484 saepe
1870 4412 2064 4468 adver-

2221 3767 2298 3822 Θ-
2361 3759 2591 3836 Ἵόωμεν
2644 3761 2701 3816 δὲ
2741 3760 2832 3815 διὰ
2885 3759 2994 3816 τῶν
3046 3759 3328 3828 τεσσάρων
3371 3751 3746 3821 Εὐαγγελίων,

2151 3859 2218 3912 δι’
2247 3849 2321 3912 ὧν
2352 3855 2451 3927 τὴν
2498 3855 2678 3909 πᾶσαν
2721 3852 2878 3925 ἡμῶν
2925 3850 3071 3922 ζωὴν
3115 3847 3470 3919 ᾠκονόμησεν
3507 3842 3682 3896 ἐλθὼν
3719 3841 3748 3895 6

2153 3951 2286 4015 Θεὸς
2331 3951 2533 4018 Λόγος,
2569 3947 2722 4000 εἵπου
2766 3947 2987 4017 εἴρηκεν
3025 3943 3054 3995 ὁ
3094 3939 3360 4012 Χριστός·
3400 3937 3464 3990 '0
3505 3936 3654 4000 Θεός
3676 3951 3750 4003 με

2159 4045 2440 4105 ἔκτισεν,
2496 4041 2555 4112 ἢ,
2605 4041 2658 4093 '0
2701 4037 2903 4106 Πατήρ
2942 4053 3063 4106 μου
3111 4031 3314 4089 ἐκτισέ
3359 4047 3455 4101 με.
3519 4030 3750 4098 ἰδωμεν

2158 4139 2217 4192 δὲ
2244 4138 2339 4191 καὶ⁸
2361 4138 2382 4169 ⁸
2411 4138 2440 4189 ὁ
2465 4135 2657 4206 Πατὴρ
2689 4133 3006 4203 ἀπεφήνατο
3034 4131 3091 4182 ὲν
3119 4128 3200 4182 ἑνὶ
3221 4125 3328 4180 τῶν
3374 4121 3750 4192 Εὑαγγελίων,

2165 4231 2248 4284 ὅτι
2281 4231 2534 4284 Ἔκτισα
2556 4227 2664 4280 τὸν
2691 4224 2844 4296 flor,
2873 4223 2972 4278 καὶ
3003 4220 3356 4277 ἀπέσταλκα
3385 4216 3549 4286 ὑμῖν.
3592 4212 3747 4267 Ἀλλὰ

2169 4322 2299 4392 περὶ
2353 4320 2544 4374 τούτου
2591 4318 2697 4381 ἕως
2751 4299 2855 4370 ὦδέ
2905 4315 2974 4368 τὰ
3017 4313 3112 4367 νῦν
3176 4311 3367 4382 ἐχέτω.
3433 4307 3572 4379 Περὶ
3642 4305 3751 4373 γὰρ

2173 4411 2489 4486 μαρτυριῶν
2543 4409 2804 4471 πολλάκις
2855 4405 3125 4478 περὶτῶν
3163 4405 3223 4457 τὸ
3273 4401 3478 4471 κτίσμα
3519 4413 3744 4470 παρεισ-

481 4523 580 4565 sus
624 4508 748 4563 illos
795 4479 1100 4572 attulimus,
1133 4506 1225 4575 qui
1257 4479 1566 4560 creaturam
1612 4479 2047 4560 nobis'obtrude-

2168 4479 2410 4572 αγόντουν
2431 4501 2601 4557 πολλὰ
2649 4497 2961 4570 ἐξεθέμεθα.
3005 4495 3171 4549 Οὐδὲν
3199 4494 3256 4546 δὲ
3290 4492 3522 4562 λυπήσει
3557 4490 3654 4542 και
3694 4489 3757 4540 ἐν

481 4601 636 4656 bant.
671 4597 817 4652 Nihil
845 4605 1027 4652 tamen
1059 4596 1116 4651 in
1160 4599 1449 4666 prmsentia
1475 4598 1652 4667 palam
1694 4597 1871 4652 facere
1907 4597 2059 4667 pige-

481 4687 583 4754 bit,
616 4704 779 4758 quam
821 4687 981 4741 facile
1035 4686 1286 4756 redargui
1339 4703 1494 4742 error
1539 4688 1628 4742 ille
1661 4688 1853 4758 possit,
1897 4695 2062 4757 atque

481 4779 559 4833 ita
607 4779 884 4832 hominem
930 4779 1106 4842 illum,
1146 4779 1240 4848 qui
1271 4778 1494 4849 sapiens
1541 4779 1648 4834 sibi
1686 4779 1925 4843 videtur,
1968 4795 2062 4849 ago

485 4871 659 4940 gredi.
687 4869 893 4934 Potest,
921 4870 992 4924 mi
1029 4870 1214 4935 homo,
1240 4878 1460 4925 creatus
1493 4870 1583 4925 ille
1609 4886 1730 4926 esse
1758 4871 1851 4940 qui
1883 4869 2055 4926 dixit:

487 4959 598 5031 Ego
635 4961 689 5015 in
725 4960 888 5016 Patre
919 4971 967 5016 et
1001 4961 1163 5015 Pater
1194 4962 1246 5015 in
1280 4978 1361 5017 me
1389 4963 1532 5027 est”;
1565 4970 1656 5016 et:
1686 4961 1852 5017 Ambo
1896 4979 2059 5018 unum

483 5053 744 5107 sumus'?
779 5053 964 5110 Potest
1003 5070 1132 5110 vero
1171 5053 1424 5109 diversus
1473 5068 1616 5120 esse,
1655 5053 1749 5124 qui
1793 5055 2058 5124 aequalem

555 5210 573 5241 ί
603 5209 762 5265 Rom.
799 5225 837 5276 ι,
862 5210 954 5267 25.

557 5366 671 5438 (50)
711 5367 806 5431 Ὡς
836 5366 1146 5438 τάρίτινες
1188 5366 1341 5436 ἡμᾶς
1378 5369 1730 5433 βούλονται.
1778 5366 2050 5438 Quantum

486 5435 604 5494 huic
633 5435 1302 5509 νοειὼιι-Ιιὶίόυοᾷγενητόν
1357 5449 1412 5494 et
1467 5439 1724 5509 γεννητόν
1781 5435 2052 5492 scribendi

487 5454 604 5494 tunc
633 5454 897 5491 vocabula
936 5454 1046 5492 ouo
1059 5454 1302 5560 1ἔγενητον
1357 5454 1412 5494 ct
1467 5454 1724 5509 γεννητὸν
1781 5454 2052 5492 scnnenui

487 5505 985 5579 pronuntiandique
1024 5521 1054 5558 a
1093 5508 1283 5561 mitate
1329 5510 1619 5579 conjuncta
1654 5517 1802 5572 sunt,
1828 5513 2054 5579 tantum

485 5576 901 5646 signiﬁcationis
943 5590 1047 5631 usu
1083 5591 1146 5630 ac
1177 5576 1509 5646 proprietate
1553 5577 1778 5633 distant.
1827 5576 1938 5633 Nec
1970 5582 2056 5631 cst

485 5597 530 5634 Si
574 5595 901 5632 mucatmms
943 5595 1047 5631 usu
1083 5595 1146 5630 ac
1177 5595 1509 5646 proprietate
1553 5595 1778 5633 σιειίιιιι.
1827 5595 1938 5633 nec
1970 5595 2056 5631 οδι

484 5595 594 5706 alia
643 5661 768 5720 vox,
823 5647 879 5704 in
915 5661 1024 5718 qua
1070 5645 1374 5705 uberiorem
1423 5646 1715 5705 cavillandi
1759 5655 1812 5704 ct
1847 5647 2057 5705 calum-

2165 4595 2245 4665 τῷ
2287 4594 2516 4666 παρόντι
2552 4591 2722 4657 δεῖξαι
2760 4589 2824 4644 τὸ
2860 4588 3126 4659 εὔληπτον
3163 4584 3258 4638 τοῦ
3304 4583 3484 4651 λόγου,
3533 4582 3633 4633 καὶ
3672 4582 3755 4633 εί-

2167 4689 2288 4741 πεῖν
2345 4687 2481 4757 πρὸς
2536 4683 2725 4737 τοῦτον
2785 4683 2876 4736 τὸν
2928 4680 3274 4747 ὲθελόσοφον,
3344 4674 3470 4736 Πῶς
3525 4673 3756 4727 δύναται

2166 4777 2404 4842 κτιστὸς,
2436 4771 2481 4831 ὦ
2519 4770 2697 4840 οὗτος,
2743 4772 2882 4829 εἶναι
2914 4777 2944 4826 ὁ
2969 4773 3143 4841 λέγων
3165 4787 3179 4799 ·
3238 4767 3379 4838 Ἐγὼ
3410 4768 3483 4820 ἐν
3525 4765 3607 4831 τῷ
3635 4767 3757 4818 Πα-

2165 4873 2280 4941 τρὶ,
2309 4871 2408 4924 καί
2439 4873 2472 4924 ὀ
2510 4869 2713 4938 Πατὴρ
2744 4869 2813 4922 ἐν
2833 4867 2983 4937 ἐμοί’
3027 4866 3140 4929 καὶ,
3174 4864 3236 4916 Οἱ
3276 4861 3384 4914 δύο
3413 4859 3483 4913 ἓν
3519 4858 3757 4926 eam;

2167 4964 2292 5026 Πῶς
2320 4963 2377 5015 δὲ
2404 4961 2628 5016 δύναται
2672 4960 2830 5024 ἄλλος
2864 4953 3002 5011 εἶναι
3041 4957 3070 5008 ὁ
3105 4955 3202 5026 τὴν
3243 4951 3365 5023 ἴσην
3407 4950 3575 5020 τιμὴν
3619 4947 3758 5016 πρὸς

2165 5054 2380 5123 Πατρὸς
2422 5053 2596 5119 ἕγωνς
2645 5051 2853 5117 Οὐδεὶς
2889 5048 3000 5120 γὰρ
3039 5043 3163 5101 οἶδε
3190 5045 3298 5100 τὸν
3342 5043 3500 5106 Υιόν,
3529 5044 3581 5096 εἰ
3607 5040 3694 5110 μὴ
3727 5040 3761 5090 ὀ

1031 5212 1050 5242 ⁹
1079 5210 1236 5266 Joan.
1261 5211 1496 5279 xlv,10;
1527 5227 1582 5278 x,
1614 5209 1702 5266 '50.
1782 5210 1802 5242 ³
1837 5208 1997 5265 Joau.
2023 5227 2047 5264 κ

2154 5212 2189 5266 ).
2266 5213 2289 5242 ⁸
2317 5208 2380 5265 F.
2410 5211 2506 5280 τῷ.
2583 5212 2603 5242 ⁸
2639 5209 2770 5282 Leg.
2795 5211 2864 5262 εἰ.

2159 5365 2347 5420 niandi
2385 5365 2663 5420 materiam
2696 5362 2843 5419 nacti
2865 5361 2974 5417 sint
3000 5359 3209 5423 Ariani,
3250 5368 3311 5414 ut
3341 5374 3408 5414 ex
3449 5357 3756 5410 Anommo-

2160 5451 2280 5489 rum
2327 5437 2519 5491 haeresi
2567 5435 2708 5490 inl‘ra
2763 5432 3058 5488 constabit.
3106 5429 3239 5484 Nam
3280 5428 3508 5499 γενητὸς
3547 5428 3753 5494 factum

2162 5506 2451 5578 significat,
2469 5506 2625 5578 quod
2639 5515 2947 5560 creatarum
2966 5500 3453 5578 rermnproprium
3478 5508 3597 5561 est;
3630 5512 3753 5578 γενέ

2162 5569 2331 5702 ἴήῖξν,
2351 5569 2500 5632 vcro'
2511 5576 2740 5648 genitum
2763 5581 2866 5642 est,
2895 5574 3042 5645 quod
3067 5569 3204 5628 Filio
3237 5569 3512 5626 catholica
3542 5569 3752 5625 veritas

2195 5661 2238 5702 τι
2283 5656 2379 5702 uit.
