3840 6062
113 243 253 301 1085

780 242 1148 302 ADVERSUS
1186 243 1528 302 lleRESES
1561 245 1687 300 LIB.
1731 245 1792 302 ll.
1836 246 1997 303 T031.
2042 247 2157 302 l.—
2196 247 2468 306 ΗᾸΞΒΕΒ.
2505 248 2688 306 LXIV.

3234 250 3374 308 1086

107 353 354 424 Πατὴρ,
409 355 550 410 οὐδὲ
607 356 716 410 τόν
769 359 1002 428 Πατέρα
1049 362 1103 414 εί
1153 361 1241 430 μὴ
1300 365 1332 415 d
1382 361 1534 427 Υἰός.
1587 360 1694 414 Καὶ

1817 378 1922 416 :um
1958 361 2120 418 Patre
2149 363 2413 419 honorem
2443 366 2724 420 obtineat?
2753 364 2922 422 Nemo
2945 369 3084 422 enim
3110 373 3249 424 nouit
3278 371 3377 425 Γε-

106 447 191 509 τὸ,
237 448 302 501 '0
341 446 616 516 ἑωρακὼς
657 448 780 518 ἐμὲ,
824 449 1044 520 ἑώρακε
1070 453 1179 507 τὸν
1215 451 1463 520 Πατέρα.
1515 451 1680 506 Πάλιν

107 539 166 594 δὲ
217 538 480 602 ὡσαύτως
523 540 625 592 ὅσα
659 539 806 611 αὐτῷ
848 542 976 614 περὶ
1024 544 1374 607 ἀναστάσεως
1417 542 1690 614 ἀμφιϐάλι

106 631 281 696 λεται,
330 631 711 702 ἐπιλαϐόμενοι
741 634 840 706 τῆς
872 634 1215 699 ἀκολουθίας,
1267 631 1422 699 αὖθις
1461 635 1694 709 ἐροῦμεν

107 727 174 777 ὲκ
206 722 317 776 τῶν
351 723 515 777 αὑτοῦ
565 724 776 796 ῥητῶν·
829 727 938 780 ἀπὸ
985 729 1115 798 μιᾶς
1139 709 1215 780 ίδὲ
1257 727 1456 792 λέξεως
1487 725 1548 780 τδ
1584 727 1692 779 πᾶν

107 814 208 890 τῆς
263 812 491 886 γνώμης
553 815 718 870 αὐτοῦ
770 818 1145 890 ἀποδείξομεν,
1189 820 1284 873 καὶ
1351 819 1411 872 τὸ
1466 818 1693 873 ἄπιστον

109 889 212 976 τῆς
266 905 424 978 δόξης
467 907 562 961 τοῦ
605 908 770 962 αὑτοῦ
837 889 1106 981 δόγματος
1152 909 1592 981 ἀποκαλύψομεν.
1629 909 1694 961 El

112 997 210 1050 καὶ
255 997 342 1051 διὰ
386 999 624 1064 πλάτους
666 1001 816 1072 αύτῷ
856 1004 1072 1074 εἴρηται
1110 1002 1370 1066 πολλάκις
1416 1001 1542 1072 περὶ⁵
1571 998 1698 1053 τού-

112 1103 250 1150 του,
309 1086 405 1140 καὶ
442 1090 500 1140 ὲν
569 1089 792 1154 πολλαῖς
865 1092 1068 1162 βίϐλοις
1109 1092 1512 1162 πεφλυάρηται,
1551 1090 1701 1160 ὅμως

110 1175 214 1246 τὴν
278 1175 484 1244 ἔλεγξιν
534 1179 946 1250 παραθήσομαι,
1004 1182 1096 1250 ἀφ’
1127 1175 1201 1234 ὧν
1259 1183 1316 1234 ὲν
1369 1180 1446 1251 τῷ
1503 1176 1704 1247 πρώτῳ

111 1269 317 1340 ψαλμῷ
357 1271 661 1343 ἐξηγήσατο
703 1273 843 1327 κατά
887 1275 986 1346 τὴν
1017 1275 1312 1329 ἀνάστασιν
1343 1275 1444 1344 τῆς
1483 1271 1704 1344 βεϐαίας

112 1359 333 1426 ἐλπίδος
371 1362 530 1433 ἡμῶν
563 1367 1025 1422 πεπιστευκότων.

1793 453 1944 520 lium,
1977 454 2082 507 nisi
2128 453 2312 518 Pater,
2341 472 2500 524 neque
2543 456 2777 522 Patrem,
2820 458 2924 511 nisi
2956 457 3128 514 Filius
3153 462 3195 514 ¹.
3233 460 3374 514 Tum

1794 544 1926 599 illud
1961 566 1973 600 :
2003 544 2109 611 Qui
2147 546 2280 600 videt
2326 563 2426 611 me,
2475 545 2610 601 videt
2661 557 2709 601 et
2756 547 3035 604 Patrem‘.
3068 549 3199 616 Quae
3247 566 3378 606 vero

1793 634 2055 691 adversus
2099 638 2554 693 resurrectionem
2596 639 2665 693 ab
2699 640 2887 694 eodem
2919 641 3189 712 disputata
3226 653 3376 710 sunt.

1795 734 2014 782 servato
2045 728 2258 789 ordine.
2293 744 2357 783 ex
2393 729 2641 800 ipsismet
2669 729 2815 786 illius
2839 732 3021 788 verbis
3052 735 3212 803 paulo
3248 745 3372 805 post

1795 815 2118 887 aﬁ‘eremus,
2156 819 2315 890 533
2345 829 2508 890 atque
2542 837 2606 876 ex
2642 823 2802 878 unica
2846 839 2980 880 voce
3013 834 3182 880 totam
3229 829 3377 883 illius

1797 911 2124 966 sententiam
2180 911 2510 981 aperiemus,
2562 921 2900 982 etquantum
2959 917 3030 971 sit
3078 918 3133 972 in
3176 933 3241 973 eo
3287 920 3381 974 do-

1797 1011 1977 1072 gmate
2001 1001 2338 1057 inﬁdelitatis
2366 1004 2816 1064 monstrabimus.
2843 1006 3164 1078 Quanquam
3194 1019 3380 1067 autem

1801 1093 1904 1147 hoc
1939 1103 2324 1163 argumentum
2352 1110 2494 1164 saepe
2524 1095 2615 1151 ille
2647 1099 2866 1167 copiose
2909 1103 3243 1164 tractaverit.
3277 1119 3377 1156 va-

1806 1183 2012 1253 riisque
2041 1184 2092 1237 in
2127 1184 2288 1240 libris
2317 1185 2563 1256 ingentes
2592 1204 2766 1258 nugas
2789 1189 3066 1256 eﬂ‘utierit,
3095 1192 3161 1247 iis
3191 1200 3374 1248 tamen

1808 1277 1876 1331 ad
1904 1277 2056 1330 illum
2087 1276 2444 1332 refellendum
2488 1295 2583 1334 ero
2621 1291 2934 1345 contentus,
2968 1299 3091 1353 qua:
3135 1284 3189 1338 in
3228 1301 3384 1340 com-

1809 1367 2093 1423 mentariis
2128 1369 2181 1422 in
2214 1370 2449 1439 priorem
2487 1373 2776 1440 psalmum,
2825 1373 3088 1430 adversus
3121 1376 3243 1431 illos
3271 1377 3384 1432 dis-

115 1455 315 1523 seruit,
347 1457 438 1528 qui
473 1463 934 1517 resurrectionem
978 1469 1128 1517 certa
1167 1463 1326 1518 nobis
1364 1477 1460 1534 spe
1501 1464 1806 1534 ﬁduciaque
1844 1463 2177 1533 propositam
2210 1479 2333 1519 esse
2361 1465 2464 1519 sibi
2495 1467 2867 1534 persuadent.l

188 1545 244 1598 Ρ.
285 1544 398 1598 Καὶ
425 1545 570 1600 ἔστιν
613 1548 690 1612 ὼς
723 1549 903 1619 λέγει’
939 1551 1040 1605 Διὰ
1081 1549 1258 1605 τοῦτο
1292 1554 1402 1607 οὐκ
1436 1554 1701 1617 ἀναστή-

113 1649 332 1691 σονται
381 1638 619 1707 ἀσεϐεῖς
669 1640 740 1694 ἐν
793 1641 1003 1710 κρίσει.
1059 1637 1194 1696 Εἶτα
1249 1643 1324 1706 ώς
1381 1641 1502 1706 ἔθος
1554 1644 1701 1697 ὲστίν

1881 1551 1949 1606 Χ.
1995 1552 2089 1608 Est
2119 1561 2297 1606 autem
2326 1553 2416 1608 hic
2449 1554 2634 1609 locus:
2666 1555 2952 1627 Propterea
2980 1575 3082 1613 non
3117 1575 3383 1632 resurgeut

1811 1645 1958 1713 impii
2011 1644 2068 1698 in
2097 1643 2302 1712 judicio
2329 1645 2370 1696 ⁸.
2415 1643 2620 1701 Deinde
2662 1648 3122 1717 quemadmodum
3166 1655 3384 1710 collatis

114 1727 273 1798 αὐτῷ
318 1729 424 1792 ἀπὸ
469 1729 579 1784 τῶν
627 1731 890 1785 ὲκδόσεων
947 1731 1276 1800 φαντάζειν,
1327 1732 1528 1802 ὁμοίως
1576 1733 1707 1802 φησὶ

1817 1733 2147 1788 editionibus
2184 1734 2370 1788 fucum
2417 1735 2594 1790 facere
2625 1738 2782 1800 solet,
2819 1740 2890 1792 ita
2925 1741 3100 1810 inquit
3136 1745 3386 1800 Theodo-

115 1817 434 1886 Θεοδοτίων,
476 1821 707 1886 Ἀκύλας
725 1862 740 1886 ,
773 1822 1089 1894 Σύμμαχος.
1120 1817 1252 1876 Εἶτα
1281 1824 1531 1895 ἐπιφέρει
1559 1823 1699 1877 κατὰ

116 1905 228 1961 τῶν
261 1907 391 1962 υἱῶν
412 1910 791 1986 τῆςθάληθείας
817 1911 1160 1976 σκωπτωδῶς
1189 1929 1203 1944 ’

1811 1823 1909 1884 tio.
1945 1823 2142 1892 Aquila
2185 1831 2237 1877 et
2278 1823 2662 1892 Symmachus.
2698 1824 2833 1879 Tum
2872 1827 3090 1884 deruunt
3122 1834 3385 1891 adversus

1808 1914 2057 1969 veritatis
2088 1913 2228 1969 ﬁlios
2270 1913 2576 1970 cavillando
2603 1915 2707 1971 ista
2736 1918 2955 1988 subjicit
2979 1939 2991 1974 :

1394 2025 1480 2080 Ex
1502 2025 1742 2098 Origenis
1761 2030 2154 2084 commentario.

206 2141 507 2206 Ἐντεῦθεν,
543 2143 708 2213 φησὶν
733 2184 748 2208 ,
776 2144 824 2196 οἱ
863 2142 1220 2215 ἀπλούστεροι
1261 2144 1370 2196 τῶν
1409 2161 1701 2198 πεπιστευ-

117 2232 296 2288 κότων
345 2233 656 2304 ὁρμώμενοι
707 2234 986 2304 νομίζουσι
1029 2237 1157 2298 τοὺς
1193 2236 1411 2298 ἀσεϐεῖς
1437 2237 1536 2305 τῆς
1570 2237 1699 2288 ἀνα-

120 2325 369 2389 στάσεως
418 2325 492 2395 μὴ
540 2323 866 2388 τεύξασθαι,
912 2326 1005 2379 καὶ
1042 2326 1142 2397 τῆς
1187 2326 1336 2390 θείας
1364 2326 1596 2398 κρίσεως
1629 2327 1702 2397 μὴ

118 2413 535 2478 καταξιοῦσθαι,
566 2413 617 2466 τί
651 2413 894 2477 νοοῦντες
922 2415 1024 2484 τὴν
1055 2404 1348 2469 ἀνάστασιν
1369 2456 1382 2480 ,
1414 2417 1507 2469 καὶ
1534 2433 1703 2469 ποτα-

121 2505 234 2575 πὴν
266 2504 366 2573 τὴν
393 2504 572 2574 κρίσιν
602 2505 1014 2575 φανταζόμενοι,
1038 2505 1098 2558 οὐ
1127 2507 1265 2560 πάνυ
1297 2507 1702 2578 σαφηνίζοντες.

121 2596 246 2650 Κᾶν
286 2594 481 2659 δόξωσι
519 2598 648 2667 περὶ
677 2596 881 2650 τούτων
915 2597 1310 2667 ἀποφαίνεσθαι
1344 2642 1359 2663 ,
1410 2601 1442 2670 ἡ
1477 2599 1709 2670 βάσανος

122 2687 325 2748 αὐτοὺς
361 2685 621 2754 διελέγξει
645 2727 660 2750 ,
700 2689 760 2740 τὸ
798 2687 922 2757 ἑξῆς
955 2688 1263 2752 ἀκολούθως
1291 2689 1484 2752 σώζειν
1517 2690 1578 2742 ού
1616 2690 1710 2742 δυ-

125 2776 426 2848 ναμένους,
469 2775 545 2846 μὴ
587 2778 998 2848 κεκρατηκότας
1037 2779 1128 2832 τὸν
1175 2781 1304 2851 περὶ
1357 2781 1711 2844 ἀναστάσεως

124 2867 225 2920 καὶ
271 2865 501 2936 κρίσεως
539 2867 757 2936 τρόπον.
800 2868 925 2922 Ἐὰν
966 2865 1060 2923 οὖν
1101 2870 1527 2941 πυνθανώμεθα,
1567 2872 1711 2935 τίνος

1884 2143 2079 2213 Hujus,
2117 2145 2316 2213 inquit,
2351 2145 2453 2199 loci
2486 2147 2814 2203 auctoritate
2844 2149 2990 2214 freti,
3025 2151 3389 2222 simpliciores

1810 2235 2032 2304 quidam
2083 2251 2148 2290 ex
2187 2235 2440 2290 ﬁdelibus
2485 2245 2687 2306 negant
2739 2240 2914 2294 malos
2963 2246 3388 2301 resurrectionis

1808 2332 2088 2394 compotes
2117 2325 2352 2393 futuros,
2380 2335 2474 2381 aut
2508 2326 2598 2381 Dei
2627 2328 2839 2397 judicio
2859 2331 3185 2401 dignandos,
3211 2352 3388 2406 neque

1809 2415 2120 2483 cujusmodi
2161 2419 2638 2485 resurrectionem,
2672 2429 2765 2474 aut
2791 2423 2953 2492 quale
2985 2425 3088 2479 sibi
3114 2425 3384 2495 judicium

1815 2507 2044 2578 ﬁngant,
2081 2517 2266 2578 aperte
2303 2509 2438 2565 satis
2475 2512 2810 2580 exprimunt.
2852 2516 2930 2570 Ae
2978 2517 3106 2572 licet
3136 2533 3289 2573 suam
3322 2520 3391 2575 de

1815 2597 1900 2653 his
1929 2598 2257 2652 sententiam
2292 2601 2506 2668 aperire
2545 2601 2850 2668 videantur,
2897 2605 3014 2674 ipsa
3049 2607 3172 2662 illos
3213 2609 3393 2678 inqui-

1817 2687 1947 2742 sitio
1982 2688 2295 2754 convincet,
2331 2689 2694 2761 ostendetque
2742 2708 2840 2748 nec
2871 2694 3016 2764 quod
3045 2711 3394 2768 consequens

1816 2786 1898 2834 est
1934 2793 1998 2833 ac
2043 2779 2326 2835 cohaerens
2369 2781 2576 2835 servari
2609 2783 2677 2836 ab
2707 2783 2817 2839 illis
2852 2799 3034 2854 posse,
3066 2802 3168 2842 nec
3209 2804 3396 2842 resur-

1818 2868 2083 2923 rectionis
2116 2882 2180 2922 ac
2224 2868 2420 2938 judicii
2476 2871 2696 2924 modum
2747 2883 2801 2926 et
2845 2875 3106 2928 rationem
3148 2877 3396 2948 intelligi.

123 2957 428 3021 ἀνάστασις
456 2958 697 3026 γίνεται;
750 2961 1178 3032 ἀποκρίνονται,
1222 2964 1424 3034 φησὶν,
1473 2965 1555 3017 ὅτι
1605 2965 1707 3018 τῶν

1820 2957 1992 3029 Igitur
2019 2960 2065 3014 si
2117 2959 2523 3030 interrogemus
2558 2961 2843 3031 cujusnam
2877 2965 2948 3018 sit
2997 2964 3180 3020 futura
3217 2982 3405 3021 resur—

128 3052 427 3122 σωμάτων,
463 3044 537 3105 ὧν
569 3053 932 3124 περικείμεθα
972 3054 1086 3108 νῦν.
1124 3050 1257 3108 Εἶτα
1286 3071 1716 3126 προσεπερωτη-

130 3142 344 3221 σάντων
381 3142 570 3213 ἡμῶν,
620 3144 847 3215 πότερον
880 3146 980 3215 τῆς
1030 3146 1220 3210 οὐσίας
1265 3146 1394 3219 ὅλης
1438 3147 1649 3210 αὐτῶν,
1681 3147 1715 3217 ἢ

130 3234 257 3306 οὐχί
286 3253 300 3300 ;
337 3236 466 3305 πρὶν
499 3234 787 3304 βασανίσαι
825 3237 1074 3306 λέγουσιν
1102 3280 1116 3302 ,
1149 3240 1230 3292 ὅτι
1263 3238 1364 3308 τῆς
1394 3237 1540 3308 ὅλης.
1594 3238 1719 3292 Ἐάν

131 3326 197 3380 δὲ
225 3329 738 3399 προσαπορήσωμεν
790 3331 1320 3402 συμπεριφερόμενοι
1350 3332 1415 3402 τῇ
1467 3329 1722 3402 ἀκεραιό-

133 3432 263 3486 τητι
289 3415 499 3480 αὐτῶν,
545 3417 638 3469 καὶ
682 3418 836 3471 οὐδὲν
884 3419 1136 3489 περὶτοῦ
1184 3419 1414 3491 ῥευστὴν
1456 3415 1592 3472 εἶναι
1623 3419 1722 3488 τὴν

136 3503 330 3557 οὐσίαν
362 3502 704 3570 ἐξετάζοντες
727 3543 742 3569 ,
773 3506 821 3558 εί
855 3507 1314 3575 συναναστήσεται
1353 3505 1422 3558 τά
1449 3502 1722 3576 ἀπορρεύ-

139 3611 314 3649 σαντα
345 3596 401 3647 ὲν
432 3594 817 3666 φλεϐοτομίαις
851 3598 1078 3668 αἵματα,
1110 3596 1205 3650 καὶ
1231 3598 1289 3650 αἱ
1328 3599 1640 3650 ὲκτακεῑσαι
1667 3595 1725 3646 ὲν

138 3687 319 3749 νόσοις
348 3687 550 3757 σάρκες
569 3727 584 3752 ,
620 3687 714 3741 καὶ
739 3688 922 3760 τρίχες
954 3692 1124 3741 πᾶσαι
1161 3690 1218 3741 αἱ
1249 3687 1471 3742 πώποτε
1499 3686 1727 3756 γενόμε-

137 3798 269 3846 ναι,
308 3779 342 3851 ἦ
375 3781 532 3850 μόναι
558 3781 619 3834 αἱ
665 3780 802 3853 πρὸς
845 3784 909 3852 τῇ
943 3781 1106 3851 ἐξόδῳ
1135 3781 1478 3851 θλιϐόμεναι·
1508 3777 1598 3831 ότὲ
1628 3778 1727 3848 μὲν

141 3871 552 3943 προσκόπτουσι
588 3873 684 3926 καὶ
729 3875 794 3943 τῇ
851 3873 1111 3946 γινομένῃ
1159 3872 1437 3939 ἐξετάσει,
1490 3871 1728 3940 οἰόμενοι

140 3962 254 4016 δεῖν
307 3962 620 4035 ἐπιτρέπειν
671 3963 750 4035 τῷ
775 3965 928 4036 Θεῷ,
979 3965 1007 4018 ὃ
1055 3964 1304 4035 βούλεται
1349 3964 1476 4036 napi.
1524 3961 1729 4016 τούτων

1819 3049 2022 3104 rectio:
2061 3064 2378 3118 corporum,
2416 3053 2767 3121 respondent,
2799 3070 2920 3121 quae
2953 3071 3050 3111 nos
3083 3056 3241 3112 modo
3290 3057 3405 3112 cir-

1821 3139 2104 3194 cumdant.
2162 3139 2502 3196 lnstantibus
2547 3143 2742 3206 nobis,
2789 3146 2956 3200 totius
3010 3147 3228 3201 illorum
3275 3149 3409 3203 sub-

1824 3232 2042 3287 stantiaa
2070 3246 2246 3287 necne
2271 3231 2452 3286 futura
2486 3233 2589 3287 sit:
2624 3243 2913 3304 antequam
2947 3235 3236 3307 diligenter
3262 3237 3409 3292 istud

1823 3321 2206 3391 expenderint.
2232 3323 2403 3377 totius
2421 3322 2537 3378 fore
2555 3325 2929 3393 pronuntiant.
2960 3325 3114 3392 Quod
3139 3328 3185 3382 si
3219 3343 3320 3383 nos
3341 3328 3411 3382 ad

1824 3414 2041 3469 illorum
2066 3413 2468 3483 simplicitatem
2493 3416 3006 3480 accommodantes.
3046 3432 3222 3487 neque
3263 3417 3415 3487 quid-

1825 3522 1988 3577 quam
2018 3506 2084 3560 de
2115 3504 2259 3559 ﬁuxa
2288 3520 2352 3560 ac
2399 3507 2649 3560 mutabili
2683 3521 2974 3578 corporum
3002 3518 3197 3563 natura
3226 3509 3416 3579 dispu-

1831 3603 2031 3660 tantes,
2064 3595 2366 3650 dubitando
2399 3611 2620 3650 rursum
2674 3598 3107 3668 interrogemus,
3140 3615 3270 3654 num
3305 3614 3416 3654 una

1829 3689 2054 3763 sanguis
2101 3688 2192 3742 ille
2233 3688 2415 3742 omnis
2454 3696 2731 3758 resurgat,
2764 3691 2856 3758 qui
2917 3699 3066 3746 secta
3118 3691 3418 3746 identidem

1835 3797 1971 3834 vena
2004 3778 2316 3842 deﬂuxerit,
2348 3793 2411 3833 ac
2447 3778 2714 3848 quidquid
2749 3788 3009 3848 pra-terea
3048 3782 3233 3835 carnis
3271 3797 3422 3835 mor-

1838 3871 2033 3926 borum
2063 3872 2148 3926 vis
2193 3871 2585 3941 absumpserit,
2613 3885 2827 3924 necnon
2860 3878 2914 3926 et
2946 3872 3038 3941 pili
3083 3887 3297 3936 omnes,
3324 3873 3419 3941 qui

1837 3977 2078 4033 unquam
2109 3963 2254 4016 enati
2282 3970 2432 4028 sunt,
2461 3978 2530 4016 an
2557 3963 2590 4016 ii
2623 3963 2920 4027 duntaxat,
2945 3966 3037 4032 qui
3075 3965 3178 4019 sub
3208 3965 3419 4019 obitum

143 4058 356 4110 ποιεῖν·
405 4056 497 4110 ὁτὲ
547 4057 633 4120 δὲ,
668 4057 952 4121 δοκοῦντες
997 4057 1482 4126 συγκαταϐαίνειν.
1517 4056 1613 4121 τὰς
1641 4056 1707 4107 tu

1834 4064 2081 4111 nostrum
2129 4054 2465 4110 eﬂloruerint
2501 4073 2513 4108 :
2557 4071 2953 4125 nonnunquam
3003 4054 3071 4109 ad
3105 4071 3224 4111 eam
3265 4071 3419 4126 qua!-

141 4150 294 4204 τέλει
322 4147 524 4219 ταύτης
555 4151 654 4220 τῆς
699 4149 842 4218 ζωῆς
875 4149 1067 4218 τρίχας
1109 4149 1274 4218 φασὶν
1321 4150 1454 4220 ἡμῖν
1502 4165 1707 4203 συνανα·

1836 4150 2070 4205 stionem
2124 4147 2428 4210 offendunt.
2469 4163 2532 4203 ac
2568 4147 2678 4202 Deo
2711 4147 3134 4217 permittendum
3171 4163 3294 4202 esse
3333 4146 3425 4220 rdi-

148 4239 466 4312 στήσεσθαι.
508 4241 571 4294 Ol
601 4240 659 4293 δὲ
687 4239 1053 4311 γενναιότεροι
1081 4239 1282 4308 αὐτῶν,
1321 4239 1408 4291 ἴνα
1453 4237 1527 4308 μὴ
1563 4239 1705 4306 ἀναγ

1837 4245 1991 4303 cunt,
2007 4245 2067 4291 ut
2088 4237 2350 4307 quidquid
2372 4237 2601 4292 voluerit
2627 4237 2693 4290 de
2709 4251 2771 4290 ea
2797 4236 3124 4303 constituat;
3146 4234 3422 4298 interdum

147 4334 424 4397 κάζωνται
458 4331 525 4386 τὰ
547 4334 756 4402 αἵματα
789 4334 1112 4399 συναγαγεῖν
1144 4331 1220 4402 τῷ
1249 4331 1412 4401 λόγῳ,
1440 4330 1508 4384 τὰ
1534 4330 1703 4384 πολλά

1840 4345 1991 4395 vero,
2006 4331 2154 4385 velut
2173 4330 2544 4393 assentiendo,
2564 4329 2712 4382 solos
2732 4328 2852 4383 illos
2877 4328 3158 4383 nobiscum
3179 4343 3426 4383 resurre—

147 4441 240 4487 κις
267 4422 634 4493 ἀποκριθέντα
667 4421 776 4475 τῶν
810 4421 1078 4492 σωμάτων
1103 4422 1259 4492 ἡμῶν
1278 4461 1294 4486 ,
1322 4419 1417 4474 καὶ
1446 4422 1549 4485 τὰς
1573 4437 1707 4492 μετα

1843 4430 2033 4477 cturos
2067 4437 2190 4477 esse
2237 4421 2378 4491 pilos
2413 4427 2688 4485 asserunt,
2733 4435 2872 4490 quos
2918 4420 3022 4476 sub
3058 4421 3182 4475 vita:
3217 4421 3426 4475 exitum

149 4513 456 4576 ϐαλλούσας
482 4514 690 4586 σάρκας
727 4516 785 4567 ὲν
818 4513 992 4578 νόσοις
1039 4515 1054 4544 ¹
1098 4513 1359 4585 ἱδρῶτας,
1401 4513 1434 4583 ἢ
1483 4513 1599 4566 οἵαν
1642 4512 1704 4583 δή

1848 4515 2224 4569 habuerimus.
2252 4513 2320 4566 At
2350 4512 2440 4582 qui
2477 4513 2651 4584 magis
2681 4512 2822 4566 inter
2855 4511 2978 4566 illos
3018 4512 3228 4566 strenui
3271 4517 3422 4575 sunt,

151 4623 289 4660 ποτε
345 4605 518 4678 ῦλην,
568 4606 701 4675 φασὶ
754 4605 822 4659 τὰ
871 4605 964 4658 ἐπὶ
1018 4604 1160 4658 τέλει
1211 4604 1366 4676 ἡμῶν
1419 4602 1707 4659 ἀνίστασθα

1849 4622 1918 4662 ne
1967 4606 2251 4676 sanguinis
2300 4605 2513 4675 copiam
2561 4620 2779 4658 omnem
2806 4647 2820 4670 ,
2853 4604 2947 4674 qui
2989 4619 3056 4659 ex
3101 4602 3429 4672 corporibus

155 4699 406 4771 σώματα.

1849 4695 2056 4752 nostris
2110 4696 2430 4765 plerumque
2475 4692 2637 4764 534
2674 4701 2918 4748 secretus
2956 4699 3072 4755 est,
3131 4691 3429 4759 itidemque

152 4807 380 4850 carnem
425 4805 666 4856 omnem,
695 4806 818 4862 quae
846 4807 943 4862 per
982 4791 1204 4846 morbos
1235 4791 1290 4845 in
1331 4791 1610 4853 sudorem.
1646 4799 1742 4844 aut
1780 4790 1942 4844 aliam
1977 4789 2249 4860 ejusmodi
2290 4789 2576 4843 materiam
2629 4787 2797 4851 abiit,
2867 4786 2922 4840 in
2966 4801 3132 4839 unum
3177 4781 3431 4839 conferre

154 4901 258 4944 sua
291 4884 542 4940 oratione
586 4891 874 4955 cogantur,
910 4884 1092 4954 qualia
1132 4884 1236 4938 sub
1267 4893 1497 4938 mortem
1530 4886 1863 4948 exstiterint,
1902 4898 2188 4953 resurgere
2232 4896 2463 4952 corpora
2499 4888 2685 4935 nostra
2726 4879 3040 4949 prardicant.

230 5000 330 5054 IA'.
374 4996 559 5052 Ταῦτά
590 4997 707 5051 ἐστι
755 4997 825 5050 τὰ
851 4995 947 5051 τοῦ
978 4995 1380 5068 προειρημένου
1425 4995 1707 5064 ὲθελοσόφο

1917 4991 2010 5048 XI.
2054 4991 2147 5048 lla:
2194 4990 2453 5062 Opinione
2513 5002 2609 5045 sua
2658 4986 2919 5056 sapientis
2985 4984 3134 5037 illius
3191 4981 3438 5037 hominis

156 5089 544 5162 ἐπαπορητικά
582 5089 720 5162 πρὸς
751 5088 852 5160 τὴν
891 5089 1146 5163 ἀλήθειαν
1192 5089 1452 5154 λεξείδια·
1493 5087 1530 5142 ἃ.
1580 5089 1707 5156 ἀναγ

1851 5085 2117 5140 adversus
2147 5085 2435 5139 veritatem
2469 5081 2764 5154 pr0positae
2798 5075 3219 5148 objectiunculaa
3259 5083 3385 5129 sunt
3414 5092 3428 5129 :

160 5183 336 5246 καίως
383 5181 708 5254 παρεθέμην
754 5183 834 5245 εἱς
867 5180 1211 5254 παράστασιν
1250 5180 1362 5244 τοῖς
1405 5178 1707 5249 βουλομένοι

1846 5191 1967 5246 qua:
1991 5175 2126 5229 mihi
2159 5175 2472 5230 necessario
2499 5171 2836 5244 proferenda:
2883 5169 3123 5231 fuerunt,
3168 5177 3226 5221 ut
3265 5182 3430 5236 quam

159 5273 362 5328 ειδέναι
389 5271 483 5325 τὸν
512 5270 688 5323 πάντα
727 5269 853 5324 νοῦν
889 5269 1070 5324 αὐτῶν
1104 5270 1204 5341 τῆς
1238 5269 1367 5341 περὶ
1400 5267 1707 5320 ἀναστάσειι

1849 5268 1941 5323 ille
1983 5265 2049 5322 de
2081 5266 2490 5322 resurrectione
2521 5280 2714 5336 parum
2757 5278 2890 5318 sane
2942 5275 3006 5316 ac
3042 5259 3275 5322 ﬁdeliter
3305 5275 3430 5314 sen-

162 5362 450 5426 ἀπιστίας.
487 5362 596 5416 Καὶ
637 5361 750 5433 γὰρ
789 5361 883 5415 καὶ
910 5361 1044 5415 ἄλλα
1082 5360 1194 5431 ἔχει
1227 5361 1348 5431 μεθ’
1381 5359 1544 5430 ἕτερα
1583 5357 1707 5411 πολλ

1852 5357 2007 5423 serit,
2041 5357 2162 5429 ejus
2191 5357 2269 5412 rei
2307 5355 2676 5429 intelligenda:
2701 5354 2916 5428 cupidis
2945 5353 3171 5425 planum
3204 5351 3434 5406 omnino

165 5453 226 5508 ἰν
263 5451 442 5525 ταύτῃ
472 5454 540 5524 τῇ
589 5451 684 5506 τοῦ
733 5450 952 5523 ψαλμοῦ
1007 5450 1320 5524 ἀκολουθίᾳ.
1364 5450 1566 5504 Φάσκει
1611 5449 1707 5520 γάρ

1853 5449 2113 5506 facerem.
2133 5447 2272 5505 Nam
2299 5456 2356 5507 et
2377 5448 2482 5506 alia
2504 5449 2573 5507 ad
2597 5449 2848 5507 eumdem
2875 5447 3144 5520 psalmum
3176 5443 3431 5512 deinceps

246 5609 263 5640 ¹
293 5609 460 5668 Deest
482 5611 584 5674 είς.
664 5611 683 5642 ³
715 5608 900 5664 Matth.
937 5625 1009 5670 χι,
1041 5608 1130 5662 27.
1209 5608 1228 5639 ³
1255 5606 1414 5662 ιίυειιι.
1443 5622 1551 5674 ειν,
1582 5605 1634 5660 9.

1817 5602 1903 5661 sal.
1947 5618 1988 5669 ι,
2009 5603 2064 5660 5.
