3948 6068
501 193 637 250 1087

1927 187 1986 245 S.
2026 183 2364 243 EPIPHANII

3631 174 3773 233 I088

500 307 570 360 ad
602 305 748 361 hunc
777 306 997 360 modum
1039 304 1283 360 disserit.
1315 302 1406 359 Sic
1437 296 1584 360 enim
1618 303 1898 374 loquitur:
1936 303 2078 358 Pro-

2195 303 2285 357 Διὰ
2304 300 2479 355 τοῦτο
2506 299 2615 354 οὐκ
2640 297 3089 365 ἀναστήσονται
3113 298 3166 351 οὶ
3191 294 3427 363 ἀσεϐεῖς
3448 295 3521 350 ἐν
3544 297 3766 365 κρίσει.

501 404 681 465 pterea
720 411 823 450 non
866 404 1135 466 resurgent
1167 395 1318 462 impii
1355 396 1408 449 in
1423 394 1651 465 judicio.
1684 395 1822 449 Tum
1860 410 1957 450 eos
1996 410 2083 450 re-

502 486 769 556 darguere
820 487 1029 557 pergit,
1062 486 1154 556 qui
1202 494 1406 542 certam
1454 502 1578 544 esse
1625 482 2082 543 resurrectionem

504 575 807 640 deliniunt,
864 584 919 632 et
949 577 1271 632 excitandos
1305 577 1373 632 ad
1426 579 1592 632 vitam
1649 585 1897 632 mortuos
1952 592 2085 632 con-

506 667 670 722 stanti
697 682 794 737 spe
825 682 890 720 ac
922 667 1025 722 lide
1060 668 1402 737 proﬁtentur.
1428 668 1577 735 Quos
1607 668 1829 738 quidem
1854 669 2083 722 nimium

506 758 599 813 ille
629 758 909 829 simplices
937 767 1112 830 putat,
1138 775 1203 815 ac
1236 761 1406 815 multa
1430 761 1693 817 adversus
1724 761 1848 815 illos
1874 761 2084 816 nefaria

505 850 857 920 depromens,
895 860 949 907 et
998 850 1300 923 snpbistiCa
1334 853 1569 922 quadam
1603 852 1949 907 cavillatione
1987 867 2085 923 ag-

507 943 788 1012 grediens,
814 958 992 1013 neque
1035 944 1333 1014 quidquam
1367 959 1433 998 ex
1461 942 1775 998 Christiana
1813 942 1915 999 lide
1946 943 2085 1013 peti-

509 1044 648 1098 tum,
683 1034 779 1089 sed
814 1035 1325 1091 ratiocinationibus
1359 1034 1670 1100 collectum,
1706 1035 1841 1089 nihil
1880 1050 1986 1089 non
2016 1035 2085 1089 ad

507 1139 625 1189 eos,
668 1127 869 1195 quibus
912 1128 1237 1197 persuadere
1278 1128 1557 1196 potuerit,
1595 1126 1921 1181 evertendos
1953 1126 2087 1182 aﬁ‘e-

510 1231 663 1283 rens,
690 1233 757 1272 ex
804 1217 871 1273 iis
914 1218 1049 1288 ipsis
1095 1234 1216 1287 qua:
1249 1217 1572 1271 naturaliter
1616 1217 1776 1273 nobis
1805 1218 2084 1281 eveniunt,

510 1309 566 1364 id
613 1312 832 1380 assequi
875 1322 1105 1365 conatus
1150 1318 1269 1375 est,
1332 1319 1392 1365 ut
1427 1310 1847 1366 resurrectionis
1887 1319 2089 1366 nostrae

511 1418 636 1456 cum
672 1418 768 1474 spe
810 1411 959 1457 certa
991 1402 1345 1472 conjunctam
1390 1403 1791 1473 professionem
1844 1402 2089 1458 funditus

510 1495 748 1550 tolleret.
766 1494 877 1565 Ego
905 1510 1035 1550 vero
1064 1495 1133 1550 iis
1160 1495 1299 1564 ipsis
1321 1496 1414 1564 qui
1435 1504 1564 1550 ante
1589 1511 1677 1550 me
1706 1494 1761 1548 in
1783 1510 1907 1549 eum
1941 1494 2092 1549 Iaboo

509 1588 634 1644 rem.
671 1586 1062 1651 incubueruut,
1105 1597 1159 1643 et
1202 1588 1469 1642 oratoriis
1508 1587 1801 1642 lenociniis
1852 1586 2087 1642 fucatam

510 1680 750 1735 hominis
774 1680 1072 1750 nequitiam
1102 1680 1425 1749 justissimis
1455 1680 1763 1735 rationibus
1784 1680 2081 1745 diluerunt,

510 1773 860 1841 prtestantior
882 1772 1055 1827 videri
1086 1788 1430 1842 nequaquam
1461 1771 1745 1835 aﬂ‘ectans,
1774 1781 1962 1842 utpote
1991 1773 2085 1842 qui

510 1864 773 1917 mediocri
804 1865 905 1920 sim
940 1865 1154 1934 ingenio
1191 1865 1477 1935 praeditus,
1533 1872 1850 1918 contentum
1900 1879 1987 1918 me
2018 1864 2085 1920 iis

509 1967 634 2009 esse
671 1962 923 2024 oportere
970 1956 1190 2024 putavi,
1247 1971 1367 2026 qum
1416 1956 1608 2011 beatus
1666 1952 1973 2007 Methodius
2028 1950 2083 2005 in

2196 390 2476 446 Ἐντεῦθεν
2530 390 2587 444 δὲ
2643 389 3073 461 ἐπιλαμϐάνεται
3103 390 3197 444 καὶ
3227 389 3484 443 ἐπέκεινα
3526 389 3639 442 τῶν
3670 391 3771 459 τὴν

2185 485 2400 557 ἀσφαλῆ
2425 484 2722 538 ἀνάστασιν
2751 482 3060 556 ὁριζόντων,
3092 483 3187 537 καὶ
3220 483 3320 554 τὴν
3355 483 3581 553 βεϐαίαν
3612 484 3772 538 ἑλπί-

2183 575 2249 628 δα
2294 576 2393 646 τῆς
2442 576 2552 628 τῶν
2604 574 2812 645 νεκρῶν
2849 574 3202 636 ἀναστάσεως
3251 574 3615 628 πιστευόντων
3643 618 3661 641 ,
3696 575 3773 639 ὡς

2185 665 2460 737 ἀκεραίων
2490 666 2658 719 ὄντων
2678 708 2692 731 ,
2747 665 2916 719 πολλὰ
2947 665 3196 737 μοχθηρά
3232 664 3503 730 ἐπειπὼν,
3534 667 3635 720 καὶ
3686 684 3773 720 σο-

2187 758 2440 827 φιστικήν
2477 774 2598 809 τινα
2633 756 2885 810 ὑπόνοιαν
2920 756 3341 828 ὑφηγησάμενος
3362 795 3377 819 ,
3410 755 3471 809 οὔ
3501 775 3552 809 τι
3581 774 3769 810 πιστι-

2186 850 2281 903 κδν
2300 890 2315 914 ,
2356 849 2491 903 ἀλλά
2522 849 2924 917 συλλογιστικὸν
2946 890 2958 912 ,
2996 850 3104 902 πᾶν
3136 847 3314 902 ὁτιοῦν
3352 850 3431 912 είς
3461 866 3768 920 καταστρο-

2188 938 2293 1011 φὴν
2321 938 2431 992 τῶν
2459 938 2609 1009 αὐτῷ
2644 938 2994 1000 πεισθέντων,
3034 939 3098 991 ὲκ
3136 938 3241 991 τῶν
3270 938 3409 993 κατᾶ
3442 940 3601 1009 φύσιν
3637 942 3769 1010 ἡμῖν

2189 1030 2594 1102 συμϐαινόντων
2646 1029 2945 1102 ἀνατρέψαι
2980 1030 3242 1101 ἐπειράθη
3276 1031 3375 1101 τῆς
3410 1031 3582 1100 αὐτῆς
3632 1033 3766 1084 ἀνα-

2191 1124 2433 1187 στάσεως
2476 1122 2634 1193 ἡμῶν
2681 1122 2739 1173 ὲν
2789 1120 3019 1191 ἀληθείᾳ
3056 1120 3267 1184 ἐλπίδος
3308 1120 3407 1191 τὴν
3451 1121 3763 1191 ὁμολογίαν.

2200 1214 2338 1283 Ἐγὼ
2367 1214 2422 1267 δὲ
2453 1212 2560 1266 τῶν
2590 1212 2772 1277 καλῶς
2805 1212 2904 1283 ἤδη
2930 1211 3308 1282 κεκμηκότων,
3338 1213 3432 1264 καὶ
3452 1210 3767 1264 δικαιότατα

2189 1304 2603 1377 ἀνατρεψάντων
2635 1304 2733 1375 τὴν
2768 1305 2946 1357 πᾶσαν
3000 1301 3166 1356 αὐτοῦ
3214 1304 3637 1374 ὲπινενοημὲνην
3675 1306 3771 1374 ρη-

2188 1399 2410 1472 τορικὴν
2449 1398 2785 1470 κακουργίαν
2827 1398 2902 1470 μὴ
2940 1400 2998 1452 ἐν
3031 1396 3204 1471 τόλμῃ
3241 1398 3472 1453 καλλίων
3510 1399 3769 1470 βουλόμε-

2188 1508 2278 1555 νος
2311 1487 2469 1555 εἶναι,
2509 1483 2597 1543 οἷα
2625 1488 2689 1560 δὴ
2720 1488 2925 1562 βραχὺς
2958 1489 3251 1559 ὑπάρχων,
3295 1489 3623 1561 ἀρκεσθῆναι
3655 1490 3771 1544 ἐνό-

2194 1599 2327 1653 μισα
2355 1581 2535 1645 καλῶς
2561 1580 2703 1652 ἔχειν
2736 1582 2851 1644 τοῖς
2883 1581 2989 1634 ὑπὸ
3034 1580 3127 1634 τοῦ
3159 1581 3459 1652 μακαρίτου
3479 1581 3766 1647 Μεθοδίου,

2125 1655 2162 1707 Β
2189 1675 2269 1737 είς
2299 1673 2390 1728 τὸν
2418 1673 2559 1743 Περὶ
2588 1671 2981 1738 ἀναστάσεως
3025 1670 3180 1740 λόγον
3201 1712 3216 1737 ,
3271 1672 3414 1727 κατά
3457 1672 3561 1725 τοῦ.
3597 1675 3767 1728 αὐτοῦ

2203 1766 2507 1838 Ὠριγένους
2539 1765 2870 1837 είρημένοις.
2912 1765 3103 1817 Ἀτινα
3160 1764 3393 1819 ἐνταῦθα
3437 1766 3573 1819 κατά
3624 1766 3769 1831 λέξιν

2192 1858 2601 1931 παραθήσομαι.
2634 1857 2752 1911 Kal
2777 1857 2893 1910 ἔστι
2919 1855 2988 1910 τά
3016 1856 3125 1909 ὑπὸ
3150 1856 3412 1911 Μεθοδίου
3450 1855 3616 1921 οὕτως
3642 1898 3660 1923 ,
3695 1859 3768 1921 ὡς

2193 1952 2286 2006 καὶ
2322 1952 2499 2017 αὐτὸς
2523 1950 2707 2016 ἔταξα.
3147 1970 3189 1996 κ

511 2049 781 2111 oratione,
847 2065 1010 2121 quam
1072 2050 1145 2106 De
1179 2051 1559 2105 resurrectione
1614 2048 1865 2119 scripsit,
1899 2047 2163 2102 adversus
2200 2046 2450 2102 eumdem
2476 2044 2762 2115 Origenem
2806 2045 3087 2103 disseruit.
3120 2047 3253 2115 Quae
3307 2047 3525 2120 quidem
3565 2048 3654 2103 hic
3700 2048 3766 2101 ad

511 2144 733 2199 verbum
770 2148 953 2200 omnia
994 2149 1377 2203 trauscribam.
1408 2145 1500 2202 Sic
1540 2146 1710 2217 igitur
1762 2141 2094 2207 Methodius,
2136 2151 2197 2197 ut
2222 2141 2366 2197 infra
2398 2143 2667 2212 scriptum
2696 2148 2812 2204 est,
2845 2142 3103 2213 loquitur.

652 2279 893 2353 Epitome
930 2281 1236 2353 dogmatum
1274 2281 1516 2351 Origenis
1558 2297 1622 2335 ex
1659 2280 1948 2335 Methodio.

577 2391 696 2449 ΧΗ.
732 2392 846 2447 Hoc
879 2393 1047 2463 igitur
1079 2393 1200 2448 loco
1222 2394 1315 2465 qui
1348 2411 1414 2450 ex
1450 2394 1702 2450 ﬁdelibus
1732 2393 2093 2464 simpliciores

510 2491 639 2538 sunt
674 2482 907 2537 maxime
957 2483 1113 2547 freti,
1166 2484 1366 2555 impios
1415 2493 1613 2555 negant
1668 2483 2094 2540 resurrectionis

509 2584 793 2646 compotes
824 2575 1062 2643 futuros,
1105 2593 1285 2647 neque
1326 2579 1456 2649 quid
1487 2594 1582 2649 per
1625 2579 2090 2635 resurrectionem

510 2667 839 2738 intelligant,
884 2670 1020 2726 satis
1066 2671 1362 2741 explicant.
1398 2671 1532 2726 Nam
1587 2672 1689 2727 etsi
1721 2687 1875 2727 suam
1909 2671 1973 2727 de
2006 2671 2093 2727 bis

511 2762 845 2816 sententiam
882 2764 1242 2834 pronuntiare
1292 2763 1608 2828 videantur,
1654 2780 1722 2819 ex
1756 2764 1872 2833 ipsa
1908 2770 2093 2818 tamen

511 2852 868 2922 inquisitione
918 2854 1195 2911 constabit
1244 2855 1470 2909 minime
1530 2854 1676 2919 illos,
1730 2868 1853 2925 qua:
1899 2868 2094 2909 conse-

2220 2277 2343 2331 Τῶν
2375 2276 2715 2346 Ὠριγένους
2746 2277 2995 2348 ἐπιτομὴ
3027 2277 3140 2348 (31)
3181 2277 3250 2332 ἐκ
3284 2276 3401 2333 τῶν
3438 2279 3745 2357 Μεθοδίου.

2263 2391 2364 2444 IB'.
2406 2388 2694 2444 Ἐντεῦθεν
2726 2391 2774 2443 οἱ
2806 2390 3163 2462 ἀπλούστεροι
3191 2389 3303 2443 τῶν
3334 2393 3769 2445 πεπιστευκότων

2189 2479 2499 2553 ὁρμώμενοι
2526 2519 2541 2543 ,
2576 2480 2856 2551 νομίζουσι
2893 2481 3020 2564 τοῦς
3055 2482 3267 2547 ἀσεϐεῖς
3300 2482 3401 2552 τῆς
3430 2484 3771 2548 ἀναστάσεως

2194 2575 2267 2646 μὴ
2295 2573 2595 2638 τεύξεσθαι,
2616 2574 2669 2628 τί
2708 2574 2954 2640 νοοῦντες
2985 2574 3082 2646 τὴν
3119 2577 3412 2629 ἀνάστασιν
3438 2617 3453 2641 ,
3483 2579 3577 2631 καὶ
3608 2596 3772 2631 ποτα-

2190 2665 2296 2736 πὴν
2322 2664 2422 2736 τὴν
2450 2664 2629 2735 κρίσιν
2656 2663 3074 2735 φανταζόμενοι,
3103 2666 3164 2718 οὐ
3198 2666 3338 2719 πάνυ
3368 2665 3772 2737 σαφηνίζοντες.

2191 2756 2312 2810 Κάν
2351 2755 2459 2827 γὰρ
2491 2755 2708 2809 δοκοῦσι
2737 2757 2868 2827 περὶ
2904 2755 3110 2811 τούτων
3140 2748 3561 2827 ἀποφαίνεσθαι,
3600 2759 3633 2828 ἡ
3664 2759 3779 2829 βά-

2193 2865 2349 2911 σανος
2379 2848 2576 2912 αὐτοὺς
2612 2847 2876 2916 διελέγξει
2898 2888 2915 2911 ,
2972 2847 3044 2902 τὰ
3082 2849 3209 2920 ἑξῆς
3232 2849 3534 2912 ἀκολούθως
3575 2850 3781 2915 σώζειν

509 2946 736 3014 quentia
772 2952 924 3007 sunt,
958 2961 1118 3014 posse
1144 2962 1384 3002 servare.
1424 2945 1606 3013 Quare
1645 2946 1691 3001 si
1727 2960 1823 3002 eos
1857 2945 2087 3000 interro-

2197 2945 2271 3017 μὴ
2301 2945 2650 3016 δυναμένους.
2689 2945 2815 2999 Ἐὰν
2842 2941 2944 3001 οὖν.
2972 2945 3383 3017 πυνθανώμεθα,
3415 2945 3564 3009 τίνος
3592 2947 3779 3000 αὐτῶν

511 3052 720 3108 gemus.
754 3038 1041 3109 eujusuant
1070 3040 1401 3095 resurrectio
1440 3038 1622 3093 l'utura
1655 3037 1761 3094 sit:
1792 3051 2084 3107 corporum

512 3127 673 3199 535
709 3131 915 3200 utique,
949 3130 1297 3201 respondent,
1325 3129 1524 3200 quibus
1568 3128 1730 3184 modo
1762 3127 2083 3183 circumdati

511 3208 725 3276 sumus.
761 3220 865 3277 Sed
899 3222 1233 3277 instantibus
1278 3222 1437 3278 nobis
1484 3221 1721 3276 totiusne
1769 3219 2091 3295 substatttite

512 3327 684 3367 necne
711 3329 834 3370 esse
855 3313 1048 3369 debeat
1076 3333 1089 3369 :
1121 3325 1410 3385 antequam
1438 3313 1727 3383 diligenter
1754 3311 2086 3380 expendant,

511 3402 682 3457 totius
721 3420 844 3459 esse
869 3404 1156 3461 deliuiunt.
1190 3404 1343 3471 Quod
1381 3404 1429 3461 si
1461 3419 1563 3459 nos
1590 3403 1658 3459 ad
1705 3402 1919 3457 illorum
1958 3402 2090 3458 sim-

512 3493 813 3563 plicitatem
861 3497 1342 3551 accommodantes
1404 3495 1601 3550 iterum
1642 3492 1943 3549 dubitando
1969 3508 2093 3563 per.

514 3594 820 3652 contemur,
860 3604 991 3642 num
1045 3604 1153 3642 una
1190 3586 1416 3657 sanguis
1460 3586 1552 3641 ille
1602 3584 1947 3651 restituatur,
1999 3584 2091 3653 qui

515 3685 663 3733 secta
720 3680 1015 3735 identidem
1050 3696 1187 3735 vena
1236 3678 1464 3735 delusus
1497 3686 1602 3743 est,
1630 3692 1844 3732 necnon
1875 3685 1929 3731 et
1966 3692 2093 3731 caro

513 3770 714 3835 omnis,
746 3786 809 3825 ac
841 3771 956 3841 pili,
1003 3773 1096 3843 qui
1131 3787 1369 3842 unquam
1394 3770 1541 3825 enati
1590 3776 1737 3833 sunt,
1771 3784 1841 3822 an
1881 3770 1917 3824 ii
1953 3768 2095 3824 dun-

515 3869 686 3930 taxat,
712 3863 805 3935 qui
834 3864 936 3920 sub
958 3866 1166 3919 exitum
1196 3871 1444 3920 nostrum
1470 3860 1804 3916 ellloruerint
1823 3900 1839 3923 ,
1870 3877 1935 3918 eo
1963 3878 2096 3917 eon-

514 3954 750 4025 fugiunt,
783 3966 842 4010 ut
876 3954 986 4010 Deo
1036 3955 1462 4026 permittendum
1496 3969 1620 4009 esse
1648 3953 1853 4019 dicant,
1882 3962 1941 4009 ut
1975 3971 2096 4025 quae

513 4048 665 4112 velit,
693 4046 908 4102 ellieiat.
940 4046 1009 4099 At
1039 4046 1133 4116 qui
1161 4045 1335 4116 magis
1364 4046 1507 4099 inter
1544 4045 1669 4100 illos
1698 4046 1905 4100 strenui
1945 4056 2094 4112 sunt,

513 4152 584 4191 ne
639 4138 922 4207 sanguinis
973 4135 1187 4206 copiam
1241 4149 1491 4197 onmem,
1520 4132 1614 4203 qui
1657 4149 1723 4189 ex
1772 4136 2096 4205 corporibus

513 4228 721 4281 nostris
746 4228 1069 4297 plerumque
1102 4233 1353 4281 secretus
1383 4232 1490 4289 est,
1542 4225 1599 4278 in
1644 4240 1814 4278 unum
1848 4226 2097 4281 conferre

2193 3039 2226 3108 ὴ
2256 3038 2548 3101 ἀνάστασις
2587 3037 2835 3107 γίνεται;
2872 3039 3292 3110 ἀποκρίνονται,
3321 3038 3402 3091 ὁτι
3433 3037 3544 3091 τῶν
3592 3039 3779 3108 σωμάο

2188 3147 2320 3193 των,
2348 3122 2423 3186 ὧν
2452 3129 2548 3183 νῦν
2578 3131 2962 3203 περικείμεθα.
2994 3127 3127 3186 Εἶτα
3169 3132 3777 3203 προσεπερωτησάντων

2189 3221 2377 3293 ἡμῶν,
2402 3222 2632 3293 πότερον
2658 3225 2758 3294 τῆς
2798 3224 2988 3288 οὐσίας
3012 3223 3190 3278 αὐτῶν
3221 3224 3370 3295 ὅλης,
3409 3224 3444 3295 ἦ
3478 3223 3621 3293 οὐχί;
3645 3222 3775 3293 πρὶν

2193 3312 2482 3383 βασανίσαι
2526 3314 2777 3383 λέγουσιν
2803 3354 2829 3380 ,.
2856 3315 2943 3369 ὅτι
2965 3314 3120 3386 ὕλης.
3175 3314 3301 3369 Ἐὰν
3332 3314 3391 3367 δὲ
3426 3314 3771 3384 προσαπορή-

2194 3419 2376 3473 σωμεν
2410 3403 2943 3475 συμπεριφερόμενοι
2985 3406 3053 3474 τῇ
3096 3403 3451 3475 ἀκεραιότητι
3480 3402 3651 3456 αὐτῶν
3673 3444 3687 3467 ,
3721 3404 3769 3453 εἰ

2196 3494 2658 3565 συναναστήσεται
2712 3496 2780 3551 τὰ
2816 3494 3233 3568 ἀπορῤεύσαντα
3283 3499 3343 3549 ὲν
3397 3495 3766 3566 φλεϐοτομίαις

2195 3586 2438 3657 αἵματα,
2469 3587 2563 3640 καὶ
2612 3589 2666 3642 at
2713 3589 2916 3662 σάρκες
2942 3628 2960 3654 ,
2997 3590 3092 3643 καὶ
3136 3592 3193 3643 al.
3231 3590 3417 3661 τρίχες
3451 3591 3511 3642 al
3560 3587 3764 3641 πώποτε

2194 3680 2514 3750 γενόμεναι,
2564 3680 2597 3750 ἢ
2642 3682 2800 3753 μόναι
2854 3685 2910 3737 at
2945 3683 3083 3755 πρὸς
3130 3686 3196 3755 τῇ
3233 3682 3397 3753 ἐξόδῳ
3429 3681 3765 3752 θλιϐόμενοι⁸

2195 3774 2274 3835 είς
2311 3773 2373 3826 τὸ
2422 3772 2499 3844 τῷ
2528 3773 2647 3845 Θεῷ
2696 3776 2870 3828 ποιεῖν
2903 3776 2921 3806 ¹
2958 3777 2994 3831 ἃ
3034 3775 3279 3846 βούλεται
3330 3776 3766 3846 προστρέχουσιν.

2196 3861 2258 3914 Οί
2299 3862 2357 3916 δὲ
2387 3865 2748 3937 γενναιότεροι
2776 3865 2955 3919 αὐτῶν
2981 3908 2996 3933 ,
3032 3867 3118 3921 ἵνα
3148 3867 3222 3939 μὴ
3266 3867 3679 3935 ἀναγκάζωνται
3707 3863 3770 3917 τὰ

2196 3952 2336 4007 αὺτά
2372 3955 2578 4026 αἵματα
2610 3960 2933 4026 συναγαγεῖν
2963 3958 3040 4029 τῷ
3080 3958 3253 4028 λόγῳ,
3288 3958 3324 4012 ἃ
3355 3957 3619 4020 πολλάκις
3643 3958 3772 4010 ἀπυ-

2197 4046 2451 4118 κριθῆναι
2480 4047 2592 4100 τῶν
2627 4051 2892 4121 σωμάτων
2925 4049 3081 4121 ἡμῶν
3131 4050 3364 4121 συνέϐη,
3413 4050 3549 4119 φασὶ
3582 4052 3639 4102 τὸ
3684 4048 3771 4100 ἐπὶ

2198 4135 2339 4189 τέλει
2385 4137 2542 4208 ἡμῶν
2598 4140 2997 4211 ἀναστήσεσθαι
3038 4139 3216 4210 σῶμα.
3268 4139 3771 4210 Προσηπορήσαμεν

2197 4225 2273 4289 δὲ,
2313 4228 2400 4282 διά
2441 4228 2501 4282 τὸ
2532 4231 2769 4302 τρεπτὴν
2808 4227 2945 4284 εἶναι
2982 4231 3081 4303 τὴν
3115 4229 3433 4302 σωματικὴν
3464 4230 3656 4299 φύσιν,
3686 4229 3772 4281 καὶ

514 4316 767 4370 oratione
793 4333 892 4370 sua
920 4326 1212 4387 cOgantur,
1242 4314 1513 4387 ejusmodi
1542 4329 1829 4386 resurgere
1858 4330 2087 4386 corpora

2195 4318 2438 4385 τοιαῦτα,
2464 4319 2652 4392 ὥσπερ
2684 4324 2763 4386 είς
2788 4322 2849 4374 τὸ
2877 4323 3143 4394 ἡμέτερον
3178 4321 3337 4393 σῶμα
3362 4322 3421 4376 αἱ
3459 4322 3658 4393 τροφαὶ
3686 4337 3773 4372 κα-

515 4406 845 4476 ρνωιιὶεοιιι,
887 4409 1069 4476 qualia
1120 4408 1482 4463 morientibus
1532 4407 1691 4462 nobis
1756 4407 2088 4464 exstiterint.

513 4497 717 4554 Contra
756 4515 896 4570 quos
934 4499 1069 4553 illud
1104 4500 1326 4572 insuper
1357 4499 1671 4571 olijicimus,
1710 4514 1835 4554 cum
1867 4499 1940 4555 sit
1966 4515 2090 4554 cor-

514 4604 706 4661 porum
730 4598 926 4645 natura
964 4591 1264 4657 mutabilis,
1302 4592 1763 4679 quemadmodum
1800 4592 1855 4646 in
1891 4605 2092 4661 corpus

590 4748 603 4764 '
638 4747 799 4805 Deest
862 4749 1194 4821 ἐπιτρέπειν.

581 4907 699 4978 (Si)
735 4905 859 4978 Τῷν
902 4908 1239 4978 Ὤριτένους
1280 4906 1565 4978 saltanti.
1622 4905 1721 4978 llic
1753 4914 1839 4961 est
1870 4905 2081 4963 Metho-

511 4977 636 5049 dius
667 4977 756 5031 ille
784 4976 1224 5049 OlympiALyeiae,
1261 4977 1457 5049 deinde
1485 4977 1612 5047 Tyri
1633 4977 1960 5049 epiSCOpus,
1986 4979 2080 5047 qui

511 5047 656 5127 inter
678 5044 873 5127 caetera
894 5044 971 5127 ne
996 5044 1390 5127 Resurrectione
1413 5044 1604 5101 contra
1623 5044 1909 5127 Origeném
1944 5044 2084 5117 opus

512 5117 736 5185 scripsit
766 5119 1024 5173 eximium
1050 5137 1065 5186 ;
1105 5129 1159 5173 et
1190 5119 1255 5171 ad
1287 5128 1589 5170 extremum
1623 5117 1934 5172 novissima!
1962 5133 2086 5187 per-

513 5187 833 5251 secutionis,
869 5190 1004 5252 sive,
1039 5197 1098 5243 ut
1131 5188 1220 5240 alii
1254 5188 1544 5252 allirinant,
1576 5186 1680 5242 sub
1710 5187 1871 5242 Decio
1898 5186 2085 5242 et’Va-

514 5256 741 5329 lea-iano,
769 5258 823 5311 in
852 5258 1107 5329 Chalcide
1128 5256 1635 5329 Gra‘eizemartyrio
1659 5267 1953 5313 coronatus
1978 5267 2085 5313 est.

513 5324 641 5379 Haec
669 5325 1030 5398 Hieronymus
1057 5328 1177 5383 Cat.
1204 5330 1302 5381 vir.
1334 5324 1532 5381 illustrI
1576 5328 1831 5382 Socrates
1879 5329 1972 5381 lib.
2008 5344 2083 5390 vt,

514 5410 637 5464 cap.
666 5397 764 5468 _l3,
792 5397 1029 5468 quatuor
1061 5409 1329 5461 recenset,
1379 5399 1471 5468 qui
1507 5399 1771 5453 adversus
1797 5397 2085 5466 Origenem

516 5466 790 5539 praecipue
816 5466 1412 5539 stylumexercuerinti
1440 5484 1601 5539 quem
1634 5469 1750 5537 ipse
1772 5468 2086 5539 κακολόγων

513 5536 815 5607 τετρακτύν
850 5536 1194 5607 impudenter
1221 5536 1474 5607 appellat.
1517 5536 1735 5593 Primus
1765 5546 1848 5594 cst
1881 5537 2085 5593 Metho-

514 5605 661 5679 dius,
682 5605 954 5670 secundus
977 5605 1295 5664 Eustathius
1306 5605 1698 5678 Antiochcnus,
1721 5608 2089 5679 tertiusApol-

2198 4409 2586 4476 τατάττονται,
2619 4413 2711 4466 καὶ
2743 4413 3130 4484 μεταϐάλλουσι
3165 4414 3262 4485 τάς
3295 4414 3623 4485 ὁμοιότητας
3644 4454 3661 4477 ,
3694 4409 3776 4464 οὖ-

2198 4520 2305 4566 τως
2334 4504 2426 4556 καὶ
2472 4504 2540 4557 τά
2566 4505 2823 4575 ἡμέτερα.
2840 4503 3069 4574 σώματα
3099 4503 3527 4575 μεταϐάλλονται
3546 4546 3562 4570 ,
3598 4504 3695 4558 καὶ
3723 4503 3776 4554 ἐν

2198 4596 2311 4657 τοῖς
2346 4593 2700 4665 σαρκοϐόροις
2730 4596 2938 4660 οἰωνοῖς
2966 4597 3058 4649 καὶ
3086 4595 3294 4668 θηρίοις
3324 4595 3606 4665 γίγνονται
3639 4596 3775 4667 μέρη

2188 4906 2411 4971 linaris,
2473 4900 3099 4975 quartus'l'beopbilus.
3185 4898 3378 4961 Addit,
3438 4896 3773 4954 Methodium

2225 4985 2396 5037 oslea,
2438 4971 2606 5029 veluti
2634 4971 2909 5043 palinodia
2944 4978 3441 5043 recantata,yquem
3476 4976 3775 5043 accusarat

2236 5046 2476 5115 rigenem
2511 5040 3170 5115 commendassedialogo
3216 5040 3329 5115 illo,
3377 5054 3544 5108 quem
3578 5040 3775 5115 inscri-

2188 5109 2580 5187 ρείζξέενῶνα.
2612 5113 2715 5167 Sed
2735 5111 2981 5187 Socratis
2992 5109 3411 5187 galu’mniam‘ac
3429 5109 3771 5187 mendacium

2193 5174 2256 5241 ex
2301 5184 2651 5256 Hieronymo
2675 5182 2953 5256 convincit
2990 5180 3282 5256 Baroni‘ug
3310 5174 3528 5256 A._§02
3550 5194 3697 5256 ,__n._
3722 5178 3771 5231 5.

2193 5257 2405 5310 Scribit
2427 5248 2569 5310 enim
2603 5254 2690 5307 illc
2717 5252 2869 5321 Apol.
2904 5250 2956 5315 Ι,
2982 5251 3037 5303 in
3087 5248 3215 5319 Ruf.
3242 5248 3541 5321 Eusebium
3572 5248 3774 5321 Mettio:

2194 5326 2285 5380 dio
2313 5326 2365 5379 in
2395 5341 2455 5391 vt
2491 5325 2630 5377 libro
2667 5314 2949 5391 Apologia
2981 5321 3127 5374 istud
3172 5314 3546 5391 'exprobrasse
3587 5338 3602 5391 ξ
3639 5314 3771 5383 Quid

2195 5395 2349 5449 modo
2394 5389 2556 5449 ausus
2603 5402 2682 5446 est
2714 5389 3023 5445 'Metizodius
3069 5405 3205 5443 nunc
3253 5397 3439 5441 contra
3496 5389 3770 5458 Origenent

2196 5465 2442 5531 scribere,
2472 5464 2561 5532 qui
2588 5463 2699 5515 Iuro
2725 5472 2775 5516 et
2805 5464 2915 5516 hare
2942 5459 3022 5532 de
3042 5458 3293 5532 Origenis
3313 5459 3537 5532 locutus
3567 5456 3648 5532 est
3678 5456 3770 5532 do-

2191 5526 2457 5606 gmatibus
2521 5532 2676 5598 Quod
2703 5532 2773 5606 ab
2793 5532 2995 5606 Ariano
3010 5526 3229 5603 homine
3246 5529 3414 5600 objiei
3432 5527 3565 5585 dicit
3580 5526 3771 5583 claris-

2195 5602 2334 5666 Simo
2370 5614 2423 5664 et
2455 5602 2903 5676 eloquentissimo
2933 5602 3180 5670 martyri.
