3840 6062
166 200 316 268 1Ο89
764 162 765 165 Ἴ
812 206 1184 265 ADVERSUS
1210 208 1552 265 IUERESES
1590 209 1721 265 LIB.

1870 211 2033 268 Τοιι.
2077 211 2208 265 1.-
2250 211 2524 270 ΙΙιΕΙὶΕΞ.
2569 212 2750 269 LXIV.
3290 221 3434 279 {G90

159 320 280 375 τῶν
332 321 556 375 ἐκείνων
611 321 899 392 σωμάτων.
945 323 1055 377 Kal
1106 323 1265 377 πάλιν
1303 326 1487 377 ἐκεῖνα
1519 324 1624 378 ὑπὸ
1660 325 1755 379 άν-

1860 332 2106 381 nostrum
2180 325 2439 381 alimenta
2511 326 2873 398 digeruntur,
2938 327 3433 403 similitudinesque

161 411 409 482 Θρώπων
454 411 488 481 ἦ
541 412 742 483 ἑτέρων
770 410 925 476 ζώων
956 413 1246 483 ἐσθιόμενα
1283 414 1753 485 ἀντιμεταδάλλει,

1860 426 2249 488 transmutant,
2280 420 2353 475 ita
2384 431 2437 476 et
2450 437 2691 499 _corpora
2715 430 2905 478 nostra
2928 425 3194 490 converti,
3229 433 3283 482 et
3309 443 3433 484 car-

159 505 262 559 καὶ
285 504 498 571 γίνεται
525 501 828 573 ἀνθρώπων
861 502 894 572 ῆ
930 504 1132 574 ἑτέρων
1162 504 1316 568 ζώων
1355 504 1602 574 σώματα.
1646 507 1756 560 Καὶ

1860 510 2064 565 nivoris
2102 511 2296 566 avibus
2325 510 2565 583 ferisque
2607 511 2835 583 depasta
2879 528 3168 584 corporum
3211 516 3431 573 illorum

159 595 362 648 τούτου
392 594 487 648 ἐπὶ
519 594 654 648 πολὺ
680 593 1003 664 γιγνομένου
1030 633 1044 659 ,
1081 596 1293 667 ἀνάγκη
1323 596 1384 650 τὸ
1428 597 1561 651 αὐτὸ
1597 597 1756 669 σῶμα

1860 611 2039 672 partes
2081 602 2241 658 ellici.
2280 602 2415 669 Quae
2458 604 2676 674 quidem
2717 620 2936 661 rursum
2990 606 3060 662 ab
3115 609 3432 665 hominibus

160 684 432 739 πλειόνων
456 681 759 755 ἀνθρώπων
794 683 1056 748 πολλάκις
1087 686 1340 754 γενέσθαι
1385 686 1568 758 μέρος.
1602 687 1756 752 Τίνος

1860 700 1951 746 aut
1985 693 2108 747 aliis
2158 693 2489 749 animalibus
2521 695 2778 750 devorata
2828 696 3071 751 vicissim
3122 707 3429 766 mutantur,

160 774 261 832 οὖν
301 776 455 831 ἔσται
505 776 665 847 σῶμα
701 777 760 830 ἐν
807 779 875 848 τῇ
935 776 1261 845 άναστάσει;
1304 778 1415 833 Kal
1451 777 1625 843 οὕτως
1673 782 1753 845 είς

1860 789 1914 838 et
1937 782 2214 837 hominum
2256 784 2340 838 vel
2388 784 2620 837 aliorum
2652 784 2964 839 animalium
2996 801 3227 857 corpora
3259 788 3429 842 tiunt:

163 869 331 940 βυθὸν
387 867 656 940 φλυαρίας
701 867 850 938 ἡμᾶς
905 867 1134 938 ἀλόγους
1186 872 1200 901 ¹
1257 870 1599 941 συμϐήσεται
1648 872 1750 943 ἐμ-

1860 888 1967 943 qua
2004 889 2064 929 re
2096 875 2296 945 saepius
2349 877 2599 946 repetita,
2645 892 2869 933 necesse
2906 886 2988 933 est
3038 878 3181 933 idem
3229 895 3432 952 corpus

165 962 413 1016 πίπτειν.
1857 966 2221 1035 complurium
2255 966 2535 1021 hominum
2576 968 2777 1037 saepius
2814 983 2936 1023 esse
2970 976 3204 1039 partem.
3230 970 3433 1040 Cujus-

160 1070 294 1110 nam
336 1056 502 1126 igitur
542 1054 597 1109 in
640 1055 1042 1111 resurrectione
1096 1069 1300 1126 corpus
1329 1070 1454 1112 esse
1489 1054 1754 1112 debebit?
1786 1057 1868 1111 ita
1938 1074 2042 1114 nos
2085 1059 2232 1115 velut
2267 1059 2478 1115 ratione
2515 1059 2761 1115 destituti
2804 1062 2859 1115 in
2901 1061 3197 1117 altissimas
3264 1077 3433 1133 quas-

160 1147 296 1203 dam
329 1163 504 1218 nugas
536 1156 698 1218 atque
727 1148 958 1219 ineptias
987 1148 1356 1205 devolvimur.

238 1245 337 1297 lI".
382 1246 489 1298 Kal
533 1244 672 1316 μετᾶ
712 1246 917 1309 ταύτας
948 1247 1045 1310 τὰς
1076 1245 1310 1317 ἀπορίας
1339 1246 1434 1298 ἐπὶ
1475 1247 1536 1299 τὸ
1571 1246 1750 1300 πάντα
1814 1268 1827 1283 ο

159 1334 369 1390 δυνατὰ
396 1332 536 1390 εἶναι
574 1337 652 1409 τῷ
683 1337 806 1408 Θεῷ
837 1338 1239 1408 καταφεύγουσι
1264 1379 1278 1401 ,
1316 1340 1411 1393 καὶ
1439 1339 1610 1404 λέξεις
1638 1340 1748 1393 τῶν

159 1426 398 1497 Γραφῶν
422 1430 730 1500 δυναμένας
759 1430 899 1484 κατὰ
926 1432 1024 1503 τὴν
1054 1432 1341 1504 πρόχειρον
1368 1431 1594 1502 ἐκδοχὴν
1623 1433 1749 1485 ὑπο·

160 1518 385 1572 ϐάλλειν
418 1520 478 1572 τὸ
515 1520 805 1591 νοούμενον
841 1522 1022 1586 αὐτοῖς
1059 1523 1446 1594 προφέρονται.
1496 1517 1621 1576 Οἷον
1649 1522 1748 1593 τὴν

158 1611 223 1664 ὲν
251 1609 333 1680 τῷ
372 1609 630 1683 Ἰεζεκιήλ
648 1628 663 1643 ·
694 1613 804 1667 Καὶ
832 1612 1070 1683 ἐγένετο
1097 1614 1189 1668 ἐπ’
1213 1614 1320 1684 ἐμὲ
1351 1614 1479 1684 χεὶρ
1504 1614 1747 1682 Κυρίου·

159 1701 284 1764 καὶ,
350 1701 634 1772 Fifth-are
659 1719 736 1773 με
771 1704 837 1757 ἐν
870 1705 1159 1773 πνεύματι
1183 1745 1198 1770 ,
1240 1705 1339 1759 καὶ
1378 1704 1556 1772 ἔθηκέ
1577 1721 1654 1773 με
1681 1703 1753 1756 ἐν

151 1791 331 1860 μέσῳ
359 1792 604 1859 πεδίου,
656 1795 751 1848 καὶ
784 1793 962 1849 τοῦτο
1006 1792 1086 1866 ἦν
1106 1798 1337 1865 μεστὸν
1374 1795 1602 1849 ὀστέων
1646 1794 1753 1847 ἁν-

159 1884 432 1954 θρώπων.
491 1886 603 1940 Καὶ
651 1886 972 1957 περιήγαγέ
1017 1904 1095 1957 με
1131 1888 1225 1942 ἐπ’
1261 1888 1415 1943 αὐτὰ
1451 1886 1753 1942 κυκλόθεν

160 1980 376 2044 κύκλῳ
394 1996 406 2009 ·
444 1979 541 2032 καί
576 1977 704 2032 ιδοὺ
754 1978 957 2033 πολλὰ
1006 1979 1243 2049 σφόδρα
1283 1980 1381 2033 ἐπὶ
1425 1981 1750 2048 προσώπου

158 2070 275 2123 τοῦ
311 2069 521 2124 πεδίου
542 2086 555 2102 ·
593 2069 690 2123 καὶ
723 2069 855 2124 ὶδοὺ
884 2069 1038 2124 αὐτὰ
1086 2069 1242 2138 ξηρὰ
1287 2071 1445 2129 λίαν.
1481 2072 1591 2126 Καὶ
1620 2068 1753 2126 εἷπε

159 2160 318 2227 πρὸς
352 2159 462 2230 μέ·
518 2161 613 2214 Υἱὲ
659 2159 974 2235 ᾀνθρώπου
1001 2201 1015 2223 ,
1057 2162 1109 2214 ει
1152 2158 1390 2227 ζήσεται
1442 2161 1517 2215 τὰ
1568 2163 1752 2217 ὀστέα

159 2252 387 2315 ταῦτα;
434 2252 543 2306 Καὶ
581 2248 787 2305 εἶπον·
823 2253 1003 2319 Κύριε
1039 2254 1072 2305 ὀ
1104 2251 1277 2317 Θεὸς,
1317 2251 1402 2304 σὺ
1425 2251 1753 2307 ἐπίστασαι

157 2343 378 2397 ταῦτα.
412 2343 520 2396 Καὶ
560 2339 691 2396 εἷπε
716 2341 865 2411 πρὸς
886 2341 993 2411 μέ·
1024 2340 1490 2410 Προφήτευσον,
1524 2343 1616 2397 υἱὲ
1642 2344 1749 2397 ἀν-

158 2435 422 2503 θρώπου.
458 2433 570 2487 Καὶ
606 2430 779 2487 εἷπον
817 2433 966 2501 πρὸς
989 2432 1143 2487 αὑτά
1165 2449 1181 2465 ·
1215 2432 1292 2488 Τὰ
1328 2432 1512 2487 ὀστέα
1538 2434 1612 2488 τὰ
1646 2434 1753 2502 ξη-

147 2524 241 2592 ρὰ
270 2521 461 2576 ταῦτα
485 2561 498 2585 ,
534 2523 837 2577 ἀκούσατε
883 2524 1070 2592 λόγον
1120 2523 1343 2591 Κυρίου
1370 2540 1384 2554 ·
1413 2522 1563 2577 Τάδε
1590 2524 1752 2595 λέγει

176 2613 414 2668 Ἅδογαῖ
445 2615 653 2683 Κύριος
707 2613 832 2679 τοῖς
873 2614 1108 2680 ὀστέοις
1136 2615 1398 2681 τούτοις·
1444 2615 1601 2670 Ἰδοὺ
1638 2616 1753 2687 ἐγὼ

157 2704 389 2775 είσάγω
435 2707 524 2771 εὶς
574 2692 729 2775 ὑμᾶς
782 2707 1020 2775 πνεῦμα
1066 2704 1246 2775 ζωῆς·
1283 2708 1382 2760 καὶ
1440 2706 1613 2763 δώσω
1664 2712 1753 2776 είς

159 2793 329 2864 ὑμᾶς
370 2794 588 2863 νεῦρα·
638 2796 741 2850 οιαὶ
770 2797 973 2862 ἐπάξω
1015 2798 1107 2868 ἐφ’
1149 2798 1305 2868 ὑμᾶς
1341 2800 1603 2869 σάρκας,
1654 2802 1753 2857 καὶ

162 2884 392 2941 ἐκτενῶ
438 2887 530 2956 ἐφ’
565 2886 722 2957 ὑμᾶς
766 2888 987 2957 δέρμα·
1023 2889 1120 2943 καὶ
1171 2888 1344 2945 δώσω
1394 2891 1462 2945 τὸ
1514 2892 1753 2963 πνεῦμά

1782 1674 1823 1728 Β

1934 1243 2069 1299 XIII.
2110 1244 2377 1302 Craterum
2412 1252 2534 1315 post
2579 1244 2702 1299 haec
2738 1259 2768 1298 a
2803 1243 2964 1298 nobis
3000 1244 3211 1321 objecta
3241 1260 3307 1300 eo
3335 1246 3431 1302 de-

1856 1352 2005 1391 mum
2053 1352 2112 1392 se
2160 1336 2403 1393 referunt
2431 1375 2446 1401 ,
2494 1343 2553 1390 ιιι
2598 1335 2782 1391 omnia
2833 1334 2945 1390 Deo
2988 1336 3269 1405 possibilia
3308 1354 3433 1396 esse
3492 1386 3497 1391 .

1856 1428 2061 1494 dicant,
2099 1436 2261 1499 atque
2305 1428 2374 1483 ad
2427 1429 2735 1499 opinionem
2785 1443 2940 1484 suam
2984 1429 3230 1499 quadam
3279 1429 3429 1487 Scri—

1857 1530 2030 1591 ptura:
2058 1522 2387 1586 testimonia,
2430 1535 2550 1591 qua:
2600 1522 2777 1590 primo
2810 1519 3081 1590 obvioque
3112 1536 3278 1576 sensu
3311 1522 3432 1579 illo-

1857 1627 1978 1665 rum
2028 1611 2355 1666 conlirmare.
2405 1611 2601 1681 dogma
2661 1611 2957 1674 videntur,
3015 1612 3431 1668 accommodare

1854 1704 2128 1758 nituntur.
2161 1703 2335 1768 Quale
2377 1709 2461 1757 est
2499 1701 2801 1757 Ezechielis
2846 1701 3015 1756 illud:
3064 1700 3131 1755 Et
3175 1703 3321 1771 facta
3350 1712 3431 1756 est

1854 1809 2011 1862 super
2039 1809 2118 1847 me
2143 1809 2329 1845 manus
2349 1791 2595 1853 Domini;
2622 1800 2676 1846 et
2699 1808 2711 1843 :
2731 1790 2930 1845 Eduxit
2958 1808 3038 1845 me
3056 1793 3111 1845 in
3136 1793 3345 1859 spiritu,
3379 1804 3431 1847 et

1851 1884 2029 1953 posuit
2061 1900 2141 1937 me
2164 1884 2217 1936 in
2245 1882 2415 1938 medio
2437 1883 2631 1951 campi,
2660 1892 2709 1936 et
2739 1882 2826 1936 hic
2855 1892 2970 1937 erat
3004 1882 3189 1950 plenus
3222 1884 3429 1938 ossibus

1854 1977 2147 2031 hominum.
2180 1974 2247 2029 Et
2280 1974 2626 2030 circumduxit
2674 1990 2755 2027 me
2784 1973 2854 2027 ad
2883 1990 2945 2027 ea
2988 1988 3080 2041 per
3112 1974 3430 2038 circuitum;

1852 2079 1903 2124 et
1930 2086 2044 2124 ecce
2072 2068 2242 2123 multa
2276 2067 2425 2122 valde
2452 2068 2509 2120 in
2537 2067 2815 2136 superﬁcie
2858 2064 3070 2135 campi;
3096 2074 3144 2119 et
3175 2081 3291 2120 ecce
3318 2067 3431 2134 ipsa

1854 2160 2012 2214 arida
2043 2159 2215 2214 valde.
2250 2157 2319 2212 Et
2348 2157 2485 2212 dixit
2524 2160 2591 2211 ad
2622 2170 2734 2211 me:
2768 2156 2883 2210 Fili
2911 2157 3163 2224 hominis,
3186 2158 3235 2212 si
3262 2159 3433 2213 vivent

1853 2268 1978 2305 ossa
2019 2252 2177 2304 lucc?
2199 2248 2267 2304 Et
2301 2250 2455 2303 dixi:
2487 2249 2712 2302 Domine
2747 2246 2905 2312 Deus,
2941 2258 2998 2301 tu
3029 2250 3135 2302 ista
3172 2251 3332 2304 nosti.
3361 2249 3431 2304 Et

1853 2343 1993 2396 dixit
2012 2342 2081 2396 ad
2112 2356 2222 2396 me:
2244 2341 2589 2411 Propltetita,
2612 2340 2692 2409 ﬁli
2712 2339 2962 2393 hominis.
2988 2338 3058 2393 Et
3080 2340 3283 2395 locutus
3312 2358 3428 2395 sum

1857 2433 1925 2488 ad
1947 2432 2088 2487 lucc:
2108 2432 2245 2489 Ossa
2264 2432 2441 2495 arida,
2467 2430 2646 2485 audite
2661 2431 2871 2485 verbum
2894 2431 3134 2486 Domini:
3156 2432 3283 2487 ch
3298 2434 3427 2488 dicit

1856 2525 2115 2581 Dominus
2141 2525 2276 2580 Deus
2298 2526 2503 2580 ossibus
2523 2525 2641 2579 istis
2659 2541 2677 2578 :
2696 2523 2828 2578 Ecce
2845 2524 2981 2579 enim
3003 2525 3249 2578 inducam
3272 2528 3322 2579 in
3341 2543 3429 2581 vos

1857 2617 2103 2686 spiritum
2133 2617 2273 2679 vitm,
2300 2625 2350 2670 et
2380 2631 2573 2685 ponam
2601 2616 2656 2669 in
2684 2614 2827 2669 vobis
2855 2630 3076 2678 nervos;
3109 2624 3159 2669 et
3180 2616 3431 2669 inducam

1855 2709 1910 2762 in
1940 2724 2027 2762 vos
2057 2723 2264 2769 carnes,
2308 2715 2359 2761 et
2399 2707 2678 2760 extendam
2721 2720 2877 2774 super
2908 2720 2997 2759 vos
3028 2715 3233 2771 cutem;
3268 2707 3433 2779 536

1854 2806 1904 2851 et
1942 2796 2080 2850 dabo
2109 2797 2353 2865 spiritum
2394 2812 2566 2851 meum
2602 2797 2659 2850 in
2692 2813 2802 2859 vos,
2833 2805 2884 2850 et
2918 2797 3127 2861 vinetis;
3162 2806 3212 2851 et
3238 2812 3432 2865 ponam

1855 2907 1943 2944 vos
1976 2890 2031 2943 in
2061 2898 2205 2943 terra
2233 2899 2426 2951 vestra,
2456 2899 2505 2944 et
2547 2888 2869 2959 cognoscetis
2898 2889 3024 2958 quia
3056 2905 3148 2959 ego
3178 2906 3294 2943 sum
3326 2889 3433 2942 Do-

157 2995 284 3046 μου
317 2977 410 3047 ἐφ’
449 2977 638 3047 ὑμᾶς,
684 2979 779 3033 καὶ
827 2977 1079 3046 ζήσεσθε
1105 2996 1118 3009 ·
1153 2980 1251 3035 καὶ
1297 2981 1558 3052 θήσομαι
1600 2982 1752 3053 ὑμᾶς

1860 2984 2030 3037 minus
2052 2981 2092 3037 ³.
2123 2980 2238 3037 Hoc
2266 2980 2431 3052 igitur
2459 2979 2798 3049 probabilius
2826 2980 3038 3034 caeteris
3060 2980 3433 3035 testimonium

163 3069 269 3123 ἐπὶ
311 3070 427 3137 τὴν
469 3069 589 3140 γῆν
617 3070 816 3140 ὑμῶν,
849 3071 947 3125 καὶ
990 3071 1334 3142 ⁸γνώσεσθε,
1370 3073 1457 3127 ὅτι
1495 3073 1610 3145 ἐγώ
1634 3078 1753 3146 ειμι

164 3160 402 3227 Κύριος.
446 3158 632 3230 Τούτῳ
686 3161 787 3231 μὲν
842 3158 935 3215 οὖν
993 3161 1346 3235 πιθανωτέρῳ
1387 3165 1625 3236 χρῶνται
1675 3167 1754 3238 τῷ

168 3250 341 3323 ῥητῷ.
382 3250 487 3304 Καὶ
524 3250 658 3305 ἄλλα
693 3252 749 3305 δὲ
786 3252 1034 3321 λέγουσιν
1065 3254 1395 3323 εὐαγγελικά
1424 3273 1439 3285 ·
1498 3252 1608 3311 οἷον
1632 3299 1647 3324 ,
1670 3257 1754 3322 ’ὼς

166 3345 251 3408 τὸ,
303 3344 459 3398 Ἐκεῖ
494 3344 667 3398 ἐσται
696 3348 729 3399 ὀ
764 3346 1073 3415 κλαυθμὸς
1110 3346 1208 3400 καὶ
1253 3350 1286 3401 ὀ
1310 3348 1586 3417 ,βρυγμὸς
1638 3349 1756 3403 τῶν

169 3431 437 3487 ὀδόντων
467 3448 482 3463 ·
531 3433 625 3485 καὶ
656 3433 718 3487 τὸ
738 3474 752 3497 ,
798 3433 1101 3502 Φοϐήθητε
1132 3433 1240 3489 τὸν
1280 3436 1624 3507 δυνάμενον
1655 3439 1752 3493 καὶ

167 3525 386 3596 ψυχὴν
411 3526 508 3579 καὶ
538 3525 711 3595 σῶμα
738 3526 1034 3582 ἀπολέσαι
1082 3528 1152 3583 ἐν
1183 3529 1402 3599 γεέννῃ
1435 3546 1448 3561 ο
1481 3531 1574 3585 καὶ
1602 3530 1665 3584 τὸ
1697 3532 1754 3584 ὲν

167 3615 251 3686 τῷ
279 3614 476 3685 Παύλῳ
500 3630 514 3643 ⁸
557 3615 925 3681 Ζωοποιήσει
969 3616 1042 3670 τὰ
1073 3615 1239 3686 ὑμῶν
1269 3619 1514 3688 σώματα
1559 3618 1663 3687 διὰ,
1689 3619 1756 3674 τὸ

164 3707 449 3762 ἐνοικοῦν
467 3709 654 3763 αὑτοῦ
672 3706 909 3777 πνεῦμα
928 3708 998 3762 ἐν
1026 3710 1188 3779 ὑμῖν.

243 3802 344 3853 IA’.
369 3799 490 3871 Χρὴ
521 3800 579 3854 δὲ
606 3800 783 3855 πάντα
813 3800 904 3853 τὸν
932 3800 1198 3873 φιλαλήθη
1230 3803 1349 3856 κατ’
1385 3803 1548 3857 αὑτὸν
1581 3804 1602 3834 ⁸
1634 3802 1757 3856 τού-

168 3909 286 3955 τοις
312 3892 403 3946 τὸν
427 3892 551 3945 νοῦν
572 3894 943 3963 ἐπιστήσαντα
971 3894 1100 3966 περὶ
1123 3895 1221 3965 τῆς
1250 3896 1596 3961 ἀναστάσεως
1617 3896 1759 3965 ἀγω-

167 3984 444 4047 νίσασθαι,
479 3985 651 4038 σῶσαί
686 4003 744 4039 τε
771 3986 864 4039 καὶ
892 3987 990 4057 τὴν
1023 3987 1130 4040 τῶν
1164 3989 1404 4059 ἀρχαίων
1436 3989 1754 4061 παράδοσιν,

52 4080 61 4089 ’
168 4076 268 4130 καὶ
300 4075 637 4146 φυλάξασθαι
671 4078 932 4147 ἐμπεσεῖν
962 4078 1041 4142 είς
1074 4078 1341 4149 φλυαρίαν
1378 4079 1605 4150 πτωχῶν
1635 4096 1759 4150 νοη-

172 4167 364 4239 μάτων
388 4209 403 4233 ,
432 4167 708 4221 ἀδυνάτων
746 4183 806 4219 τε
838 4167 956 4237 ἅμα
1008 4169 1103 4221 καὶ
1131 4169 1266 4222 Θεοῦ
1298 4169 1552 4236 ἀναξίων.
1586 4170 1758 4224 Τοῦτο

168 4256 268 4313 οὖν
315 4260 395 4320 είς
438 4258 528 4310 τὸν
576 4257 740 4312 τόπον
785 4257 1133 4328 διαληπτέον,
1183 4261 1265 4313 ὅτι
1300 4261 1416 4314 Πᾶν
1452 4259 1612 4332 σῶμα
1651 4262 1757 4315 ὑπὸ

1854 3082 1962 3136 est,
1992 3088 2114 3142 quae
2146 3085 2577 3126 commemorare
2624 3069 2839 3130 solent;
2887 3079 3085 3138 praeter
3116 3069 3262 3140 quod
3295 3083 3434 3124 non-

1855 3165 2003 3219 nulla
2034 3180 2102 3219 ex
2125 3161 2433 3234 Evangeliis
2460 3171 2809 3230 expromunt.
2843 3158 3000 3215 Velut
3030 3180 3044 3215 :
3081 3159 3164 3216 Ibi
3198 3162 3296 3214 erit
3335 3161 3428 3230 ﬂe-

1857 3267 1942 3310 tus
1982 3266 2032 3310 et
2075 3254 2275 3310 stridor
2333 3252 2641 3319 dentium“;
2696 3254 2869 3306 item:
2922 3252 3118 3307 Timete
3152 3269 3292 3315 eum,
3342 3253 3434 3322 qui

1854 3357 2021 3418 potest
2053 3348 2366 3401 ebanimam
2408 3355 2457 3400 et
2495 3358 2686 3412 corpus
2729 3341 2941 3408 perdere
2980 3343 3035 3396 in
3062 3343 3426 3413 gehennam';

1857 3449 1970 3494 tum
1998 3437 2132 3492 illud
2165 3452 2231 3492 ex
2258 3435 2464 3490 Paulo:
2508 3432 2807 3504 Viviﬁcabit
2837 3431 3088 3486 mortalia
3113 3439 3284 3485 vestra
3316 3447 3433 3485 cor-

1855 3547 2009 3601 pora,
2040 3538 2251 3601 propter
2277 3527 2659 3583 inhabitantem
2690 3528 2803 3596 ejus
2837 3524 3081 3594 spiritum
3108 3523 3159 3578 in
3186 3522 3329 3577 vobis
3351 3523 3394 3578 ⁸.
3438 3544 3449 3597 λ

1926 3793 2067 3849 XIV.
2100 3791 2301 3848 Verum
2330 3806 2522 3847 omnes
2546 3806 2641 3846 eos
2672 3806 2899 3846 necesse
2929 3798 3033 3854 est,
3065 3790 3157 3859 qui
3186 3789 3433 3845 veritatis

1858 3885 2043 3942 studio
2068 3885 2364 3947 ducuntur,
2391 3897 2515 3937 cum
2544 3882 2610 3935 ad
2638 3896 2700 3934 ea
2730 3883 2969 3935 animum
2995 3880 3317 3948 adjeceriut,
3344 3880 3435 3933 ad-

1858 3990 2051 4032 versus
2075 3975 2210 4031 istos
2234 3974 2302 4028 de
2334 3972 2736 4028 resurrectione
2762 3968 3111 4033 contendere,
3146 3976 3205 4022 ut
3230 3977 3283 4022 et
3310 3984 3433 4038 quae

1810 4103 1820 4111 -
1859 4084 1891 4123 a
1909 4068 2178 4123 veteribus
2196 4066 2393 4121 tradita
2411 4075 2556 4130 sunt,
2574 4064 2935 4127 retineantur,
2948 4060 3111 4130 idque
3122 4074 3432 4133 caveamus,

1861 4178 1929 4216 ne
1944 4161 2000 4214 in
2017 4172 2279 4214 sensuum
2295 4155 2738 4212 inanissimorum
2753 4154 2985 4223 ineptias
3004 4151 3430 4215 descendemus,

1858 4269 2048 4309 eorum
2085 4251 2316 4318 scilicet,
2351 4263 2473 4319 qua:
2506 4261 2683 4316 neque
2714 4245 2828 4299 ﬁeri
2860 4250 3114 4314 possunt,
3152 4253 3211 4298 et
3247 4243 3433 4297 divina
3492 4258 3495 4265 ·

169 4348 387 4418 φύσεως
420 4348 774 4419 συνεχόμενον
800 4349 898 4420 τῆς
931 4350 1376 4421 καταταττούσης
1405 4350 1602 4415 ἔξωθέν
1632 4369 1754 4406 τινα

1860 4346 2141 4415 majestate
2160 4350 2288 4397 sunt
2327 4341 2568 4408 indigna.
2594 4336 2863 4403 Quocirca
2894 4336 2975 4392 sic
3008 4334 3076 4389 ad
3098 4351 3222 4391 eum
3255 4335 3434 4389 locum

167 4442 331 4512 δίκην
378 4442 583 4511 τροφῆς
629 4443 710 4504 είς
738 4441 890 4503 αὐτὸ,
927 4442 1021 4493 καὶ
1067 4441 1470 4514 ἁποκρινούσης
1494 4444 1616 4497 ἀντὶ
1648 4445 1756 4499 τῶν

168 4532 614 4603 ἐπεισαγομένων
643 4532 827 4604 ἔτερα,
855 4532 1044 4604 ὥσπερ
1070 4534 1138 4587 τὰ
1173 4534 1282 4587 τῶν
1306 4533 1489 4603 φυτῶν
1520 4536 1615 4588 καὶ
1645 4535 1754 4589 τῶν

168 4624 350 4690 ζώων,
384 4624 447 4677 τὸ
480 4623 662 4676 ὑλικὸν
701 4624 1061 4693 ὑποκείμενον
1094 4623 1351 4677 οὐδέποτε
1389 4624 1502 4694 ἔχει
1539 4627 1753 4679 ταυτόν.

168 4710 373 4786 Διόπερ
414 4715 476 4768 ού
525 4715 769 4785 ποταμὸς
805 4714 1120 4785 ὠνόμασται
1168 4715 1229 4768 τὸ
1274 4715 1455 4786 σῶμα.
1498 4717 1642 4770 Διότι
1679 4718 1756 4781 ὼς

170 4808 314 4878 πρὸς
364 4807 426 4860 τὸ
476 4808 704 4878 ἁκριῦὲς
736 4806 877 4877 τάχα
907 4806 1028 4859 οὐδὲ
1078 4806 1172 4859 δύο
1206 4808 1430 4878 ἡμερῶν
1459 4808 1520 4862 τὺ
1545 4810 1759 4881 πρῶτον

169 4896 533 4965 ὑποκείμενον
561 4895 755 4949 ταυτόν
787 4898 933 4949 ἐστιν
973 4896 1033 4949 ὲν
1071 4894 1149 4965 τῷ
1179 4895 1392 4966 σώματι
1418 4899 1575 4969 ήμῶν
1594 4916 1607 4929 ·
1643 4902 1764 4955 καί·

166 5004 321 5056 τοιγε
358 4987 452 5040 τοῦ
490 4981 602 5041 οἷον
648 4987 682 5057 ἢ
713 4987 948 5050 Παύλου,
989 4987 1023 5059 ἢ
1084 4987 1292 5058 Πέτρου
1320 5027 1335 5049 ,
1363 4989 1449 5041 ἀεὶ
1475 4990 1569 5043 τοῦ
1598 4992 1761 5045 αὐτοῦ

116 5116 125 5131 .
166 5081 326 5143 ὄντος
349 5121 364 5140 ,
398 5080 459 5132 ού
494 5079 590 5132 τοῦ
636 5078 776 5132 κατὰ
819 5078 997 5149 ψυχὴν
1039 5079 1202 5149 μόνου
1230 5121 1244 5145 ,
1282 5076 1351 5150 ἧς
1384 5080 1416 5149 ή
1454 5081 1611 5133 οὐσία
1637 5081 1761 5135 οὔτε

169 5173 256 5241 ῥεῖ
284 5169 408 5224 καθ’
436 5171 583 5240 ἡμᾶς
606 5210 621 5235 ,
641 5169 754 5223 οὔτ’
785 5170 1211 5240 ὲπεισαγόμενόν
1239 5187 1290 5223 τι
1320 5169 1434 5239 ἕχει
1466 5172 1615 5235 ποτὲ,
1651 5172 1752 5226 κᾶν

165 5262 372 5337 ρευστὴ
403 5257 468 5336 ᾖν
503 5263 537 5333 ή
572 5262 732 5332 φύσις
759 5262 852 5314 τοῦ
888 5260 1136 5332 σώματος
1156 5302 1169 5325 ,
1202 5263 1280 5334 τῷ
1309 5264 1370 5316 τὸ
1398 5259 1533 5327 εἶδος
1560 5264 1622 5317 τὸ
1655 5281 1753 5334 χα-

172 5355 504 5427 ρακτηρίζον
541 5354 605 5407 τὸ
644 5354 804 5425 σῶμα
834 5355 1030 5408 ταυτὸν
1062 5350 1230 5409 εἶναι·
1258 5356 1334 5419 ὡς
1372 5355 1467 5409 καὶ
1506 5358 1628 5421 τοὺς
1667 5355 1756 5410 τύ-

247 5539 263 5569 ¹
301 5535 447 5590 Fort.
498 5534 726 5603 ἀλόγως.

174 5608 195 5639 ⁸
237 5607 426 5663 Matth.
459 5621 517 5669 ι,
542 5606 633 5662 28.
713 5606 732 5635 ‘
768 5605 928 5661 Rom.
955 5618 1072 5668 νηί,
1102 5605 1184 5659 li.

837 5530 1033 5586 ’l-‘ort.
1089 5532 1289 5606 αύτῶν.
1350 5533 1620 5606 interpres
1679 5536 1780 5605 leg.

1859 4436 2173 4492 ratiocinari
2227 4432 2516 4488 convenit:
2546 4429 2760 4499 Corpus
2790 4441 2971 4490 omne,
3006 4425 3153 4497 quod
3212 4426 3435 4499 quidem

1858 4539 2055 4584 natura
2099 4526 2434 4587 continetur,
2473 4538 2596 4593 quae
2632 4522 2983 4578 extrinsecus
3026 4518 3228 4588 aliquid
3258 4518 3304 4573 ei
3344 4518 3439 4571 ali-

1858 4622 2025 4677 menti
2065 4622 2241 4674 instar
2279 4615 2524 4682 asciscit,
2564 4629 2775 4685 proque
2829 4614 2897 4668 iis
2936 4627 3057 4682 quae
3091 4609 3438 4666 sulliciuntur

1858 4713 2106 4770 excernit
2136 4712 2241 4765 alia
2270 4728 2282 4764 :
2313 4708 2624 4777 cujusmodi
2651 4714 2782 4762 sunt
2817 4705 3068 4775 stirpium
3096 4717 3352 4773 corpora,
3382 4710 3439 4757 et

1861 4805 2180 4860 animalium
2221 4817 2348 4871 pars
2386 4801 2477 4855 illa
2520 4815 2645 4854 cum
2703 4799 2933 4854 materia
2963 4806 3260 4851 concreta‘:
3296 4810 3438 4850 nun-

1860 4914 2024 4968 quam
2058 4911 2226 4950 unum
2273 4894 2528 4963 idemque
2578 4905 2883 4947 remanere.
2923 4887 3079 4944 Unde
3129 4901 3238 4941 non
3296 4886 3438 4939 male

1860 4990 2058 5044 ﬂuvius
2105 4988 2327 5058 quidam
2381 5000 2583 5055 corpus
2626 4998 2749 5039 esse
2795 4981 3017 5036 dicitur.
3055 4977 3328 5045 Quoniam
3390 4977 3437 5032 si

1860 5089 2114 5135 accurate
2169 5078 2603 5140 consideremus,
2653 5089 2724 5130 ne
2777 5071 2944 5128 biduo
3004 5069 3224 5140 quidem
3286 5068 3440 5138 prior

1860 5171 2088 5226 materia
2129 5170 2182 5225 in
2227 5169 2553 5239 corporibus
2590 5165 2793 5220 nostris
2825 5163 3016 5221 eadem
3068 5167 3439 5228 constansque

1863 5271 2193 5334 perseverat.
2241 5262 2379 5316 Cum
2433 5261 2649 5315 interim
2699 5257 2903 5313 Paulus
2957 5252 3189 5323 exempli
3230 5252 3403 5323 gratia
3421 5237 3448 5315 ,'

1867 5356 1946 5415 vel
1999 5353 2197 5411 Petrus
2230 5354 2372 5409 idem
2412 5349 2773 5407 nihilominus
2824 5338 3103 5420 persistat,
3134 5360 3243 5401 non
3276 5343 3440 5400 modo

2848 5530 2869 5560 ⁸
2921 5523 3107 5581 Matth.
3150 5538 3286 5587 vm,
3348 5518 3445 5583 ηοξ

1831 5532 1942 5589 οὖν.
2040 5533 2058 5565 ³
2094 5531 2290 5589 Ezccli.
2345 5547 2566 5596 xxxvii,
2626 5530 2733 5585 l-ti.
