3948 6068
542 112 672 168 1091
1922 108 1987 164 S.
2020 105 2094 162 EF

2200 107 2364 164 IAN"
3641 111 3788 181 θοοὶ

540 233 584 288 si
619 231 737 301 ejus
801 229 1033 282 animam
1086 236 1320 298 spectes,
1367 224 1528 296 cujus
1574 225 1876 281 substantia
1929 242 2094 297 nequ:

2207 245 2339 292 πους
2371 226 2550 298 μένειν
2577 227 2701 292 τοὺς
2731 230 2957 294 αὐτοὺς,
2990 233 3066 294 si;
3099 231 3119 264 δ
3145 232 3244 305 τὴν
3286 236 3542 308 ποιότητα
3571 240 3787 311 Πέτρου

540 321 680 376 ﬂuxa
712 328 796 376 est
847 321 901 373 in
960 318 1149 381 nobis,
1199 333 1374 386 neque
1423 317 1719 386 quidquam
1763 317 2094 373 extrinsecus

2209 318 2303 370 καὶ
2337 316 2544 370 Παύλου
2583 318 2680 390 τὴν
2712 319 3027 390 σωματικὴν
3071 325 3527 393 παριστάνοντας·
3563 327 3691 380 καθ’
3721 333 3785 398 ἦν

539 415 816 467 invectum
841 409 1058 480 accipit,
1089 409 1180 464 sed
1213 408 1284 462 ob
1310 408 1360 462 id
1395 415 1675 478 praeterea,
1711 409 1859 479 quod
1889 410 2094 465 tametsi

2210 411 2471 480 ποιότητα
2509 410 2602 462 καὶ
2659 410 2812 462 οὐλαὶ
2869 412 2931 463 ὲκ
2987 413 3193 467 παίδων
3241 416 3616 487 παραμένουσι
3667 423 3785 483 τοῖς

538 505 682 560 velut
748 505 802 557 in
856 510 1116 571 perpetua
1171 500 1404 555 fluxione
1459 501 1530 555 sit
1587 509 1781 554 natura
1827 501 2094 571 corporis,

2211 499 2445 570 σώμασι,
2488 501 2582 552 καλ⁵
2612 501 2746 555 ἄλλα
2775 501 2896 554 τινὰ
2931 503 3214 575 ἰδιώματα,
3245 507 3428 574 φακοί.

538 596 721 650 eadem
755 594 924 648 forma
955 597 1287 661 permaneat,
1319 608 1440 661 qua:
1467 592 1714 660 corporis
1748 593 1921 646 nostri
1949 591 2104 662 quasi
2136 601 2263 645 nota
2302 591 2546 661 quaedam
2581 601 2664 646 est
2699 594 2936 662 propria.
2969 595 3086 650 Non
3127 599 3287 654 aliter
3356 609 3519 673 atque
3577 605 3784 661 eadem

539 688 720 754 ligurce
784 692 1038 745 manent,
1092 697 1213 751 quae
1258 680 1403 735 Petri
1468 680 1727 750 Paulique
1777 695 2078 752 corporum
2143 682 2434 751 qualitates
2483 681 2874 738 conformanda
2911 686 3210 742 exhibent:
3259 706 3355 760 per
3413 709 3574 764 quam
3611 699 3782 751 etiam

538 776 852 844 qualitatem
913 773 1145 835 accidit,
1196 779 1254 826 ut
1312 779 1365 828 et
1401 773 1688 826 cicatrices
1740 773 1852 841 jam
1910 781 2023 826 tum
2076 787 2106 826 a
2138 776 2326 842 pueris
2353 775 2420 828 in
2446 775 2770 845 corporibus
2829 787 3204 847 permaneant,
3242 783 3455 854 aliaque
3493 791 3780 854 nonnulla,

537 883 655 941 quae
701 868 1043 938 singulorum
1103 867 1322 936 prOpria
1386 873 1512 920 sunt
1558 880 1572 916 :

605 963 685 1017 Ad
728 963 841 1015 haec
874 960 998 1014 licet
1043 959 1238 1014 similis
1268 972 1529 1027 corporea
1559 958 1649 1012 illa
1681 959 1854 1014 forma
1883 959 1972 1022 sit,
1997 973 2106 1029 qua

537 1053 729 1109 Petrus
776 1051 1088 1119 Paulusque
1142 1049 1488 1118 potissimum
1528 1051 1904 1114 constituitur,
1943 1049 2106 1119 idque

537 1147 735 1216 ipsum,
765 1143 910 1213 quod
945 1144 1001 1196 in
1034 1141 1441 1196 resurrectione
1471 1141 1664 1195 animm
1695 1141 1873 1196 denuo
1911 1140 2106 1194 tribui-

535 1248 643 1299 tur,
672 1236 766 1290 sed
807 1235 860 1288 in
913 1235 1108 1288 melius
1135 1246 1462 1287 conversum
1495 1250 1508 1286 :
1545 1247 1659 1288 non
1696 1239 1877 1287 tamen
1913 1231 2105 1286 eadem

535 1334 618 1382 est
643 1325 733 1379 illa
765 1324 1006 1388 materia,
1043 1339 1164 1392 qua:
1195 1323 1414 1392 corpori
1446 1324 1680 1394 primum
1714 1323 1877 1378 insita
1910 1319 2102 1376 fuerat.

534 1417 610 1471 Ae
639 1413 1097 1486 quemadmodum
1133 1415 1347 1484 species
1388 1415 1504 1483 ipsa
1537 1415 1603 1470 ad
1642 1415 1894 1468 ultimum
1931 1401 2106 1482 usque

1628 865 1938 936 cujusmodi
1988 875 2118 921 sunt
2155 867 2466 937 lentigines.

2273 961 2380 1013 Καὶ
2403 961 2493 1014 ἐπὶ
2523 959 2730 1023 τούτοις
2763 959 2819 1013 εῐ
2844 961 2898 1012 τί
2930 961 3078 1014 ἐστιν
3113 963 3300 1034 ὅμοιον
3334 967 3490 1023 τοῦτο
3525 972 3586 1026 τὸ
3614 971 3778 1040 εἶδος,

2203 1051 2326 1105 καθ’
2371 1052 2399 1104 ὃ
2431 1053 2775 1106 είδοποιεῖται
2803 1054 2832 1104 ὁ
2865 1053 3067 1125 Πέτρος
3103 1057 3197 1109 καὶ
3230 1061 3257 1111 ὁ
3287 1060 3494 1126 Παῦλος
3516 1105 3531 1130 ,
3573 1065 3632 1118 τὺ
3672 1084 3779 1121 σω-

2152 1157 2170 1172 ·
2209 1143 2468 1212 ματικδνσ,
2524 1144 2553 1195 ὃ
2600 1146 2657 1196 ὲν
2689 1149 2754 1215 τῇ
2806 1145 3099 1200 ἀναστάσει
3140 1151 3474 1220 περιτίθεται
3508 1156 3672 1209 πάλιν
3711 1163 3782 1229 τῇ

2208 1232 2351 1303 ψυχῇ
2379 1273 2394 1299 ,
2427 1233 2518 1285 ἐπὶ
2546 1234 2604 1286 τὸ
2634 1238 2887 1305 κρεῖττον
2919 1237 3281 1306 μεταϐάλλον,
3311 1244 3372 1295 ού
3411 1246 3626 1310 πάντως
3658 1251 3786 1304 τόδε

2206 1323 2291 1376 ἐτι
2320 1325 2710 1394 ἐντεταγμένον
2751 1326 2810 1380 τὸ
2849 1329 2990 1382 κατὰ
3017 1330 3114 1401 τὴν
3147 1333 3367 1403 πρώτην
3397 1336 3782 1409 ὑποκείμενονῆ

2211 1411 2421 1483 Ὠσπερ
2448 1413 2504 1464 δὲ
2537 1413 2597 1466 τὸ
2629 1410 2766 1478 εἶδός
2808 1417 2923 1470 ἐστι
2964 1419 3124 1489 μέχρι
3156 1421 3249 1473 τοῦ
3285 1423 3516 1495 πέρατος
3538 1469 3552 1492 ,
3596 1430 3702 1482 κᾶν
3733 1433 3783 1484 οξ

539 1507 726 1563 eadem
759 1514 859 1567 est,
891 1507 992 1560 etsi
1022 1505 1211 1576 ingens
1246 1507 1583 1576 propriarum
1627 1506 1926 1559 formarum
1962 1516 2094 1561 nota

2208 1504 2550 1575 χαρακτῆρες
2573 1505 2768 1558 δοκῶσι
2801 1507 2998 1580 πολλὴν
3027 1511 3167 1581 ἔχειν
3197 1515 3574 1588 παραλλαγήνο
3604 1521 3782 1586 οὕτως

534 1612 767 1666 rumque
797 1596 1045 1650 videatur
1091 1612 1212 1652 esse
1269 1596 1604 1652 diversitas:
1640 1598 1798 1668 537
1850 1599 1924 1652 ita
1956 1606 2010 1653 et
2053 1599 2107 1652 in

535 1701 621 1752 eo,
653 1689 720 1742 de
767 1703 875 1756 quo
905 1687 1138 1756 agimus,
1190 1687 1599 1756 intelligendum
1640 1697 1745 1752 est,
1787 1698 2106 1757 praesentem

535 1779 783 1849 corporis
825 1777 1062 1848 speciem
1089 1776 1331 1831 eamdem
1357 1792 1478 1831 esse
1502 1791 1625 1831 cum
1652 1777 1854 1842 futura,
1890 1793 2013 1832 cum
2041 1792 2108 1832 eo

531 1881 732 1934 tamen,
765 1880 823 1924 ut
863 1868 1200 1923 incredibilis
1235 1870 1288 1922 in
1321 1869 1514 1923 melius
1537 1870 1606 1923 sit
1642 1869 1823 1924 futura
1853 1855 2098 1925 mutatio.

532 1961 762 2017 Necesse
807 1961 952 2016 enim
1003 1967 1087 2014 est
1131 1960 1368 2013 animam
1399 1961 1677 2030 corporeis
1708 1961 1761 2014 in
1823 1961 1959 2016 locis
2000 1964 2106 2016 Ine-

540 2063 754 2109 rentem
799 2051 1186 2108 consentaneis
1212 2051 1315 2105 sibi
1353 2052 1428 2104 uti
1459 2052 1802 2120 corporibus.
1840 2053 2016 2122 Atque
2051 2059 2108 2106 ut

539 2145 585 2199 si
626 2145 680 2198 in
727 2142 1049 2214 aquatilium
1087 2150 1337 2196 naturam
1376 2155 1669 2197 conversos
1691 2142 1854 2195 vitam
1884 2142 1941 2196 in
1971 2142 2107 2196 mari

532 2236 728 2304 degere
788 2249 886 2290 nos
919 2239 1215 2302 oporteret,
1270 2233 1641 2288 necessarium
1679 2232 1819 2288 foret
1857 2247 1959 2288 nos
2001 2233 2109 2288 alia

531 2343 823 2398 corporum
891 2327 1279 2382 constitutione
1340 2327 1680 2396 pisciumque
1759 2327 1926 2380 simili
1985 2340 2108 2381 esse

536 2419 796 2490 praeditos
845 2437 859 2473 :
914 2419 989 2472 ita
1045 2419 1138 2487 qui
1197 2418 1460 2472 caelorum
1528 2417 1682 2488 regni
1738 2415 2106 2478 haereditatem

533 2509 735 2564 adituri
765 2514 912 2573 sunt,
940 2519 1005 2561 ac
1037 2508 1272 2563 diversis
1297 2508 1351 2561 in
1400 2507 1622 2563 sedibus
1651 2507 1966 2574 babitaturi,
1997 2507 2108 2577 spi-

533 2601 714 2654 ritalia
756 2615 974 2670 quoque
1024 2613 1253 2668 corpora
1303 2599 1537 2654 habeant
1581 2614 1806 2655 necesse
1833 2607 1942 2665 est,
1995 2613 2104 2652 non

531 2694 678 2764 quod
733 2694 882 2762 prior
935 2692 1314 2761 exstinguatur
1345 2692 1590 2760 species,
1624 2691 1837 2746 tametsi
1879 2691 1935 2744 in
1988 2690 2106 2743 illu-

2209 1594 2428 1663 νοητέον
2461 1595 2554 1646 καὶ
2589 1596 2679 1648 ἐπὶ
2704 1595 2798 1648 τοῦ
2834 1599 3096 1668 παρόντος
3129 1597 3266 1665 εἶδος
3305 1606 3499 1658 ταυτὸν
3531 1604 3672 1662 εἶναι
3703 1612 3781 1682 τῷ

2211 1682 2496 1752 μέλλοντι,
2528 1683 2786 1755 πλείστης
2831 1688 2959 1756 ὅσης
2998 1692 3259 1762 ἐσομένης
3295 1695 3392 1764 τῆς
3420 1699 3511 1751 ἐπὶ
3558 1700 3780 1755 κάλλιον

2210 1770 2530 1842 μεταὸολῆς.
2581 1773 2897 1842 Ἀναγκαῖον
2942 1777 3051 1847 γὰρ
3105 1775 3222 1850 τὴν
3252 1781 3428 1854 ψυχὴν
3482 1788 3539 1840 ὲν
3593 1791 3779 1855 τόποις

2209 1867 2543 1931 σωματικοῖς
2581 1864 2929 1936 ὑπάρχουσαν
2983 1871 3280 1942 κεχρῆσθαι
3336 1875 3548 1947 σώμασι
3577 1884 3775 1937 ita-ra).-

2206 1951 2386 2024 λήλοις
2415 1957 2526 2018 τοῖς
2551 1957 2792 2024 τρόποις.
2812 1960 2919 2012 Καὶ
2941 1959 3130 2032 ὥσπερ
3157 1965 3214 2016 ὲν
3237 1966 3480 2042 θαλάσσῃ
3506 1970 3604 2044 ζῇν
3629 1975 3774 2045 ἡμᾶς

2207 2045 2458 2115 ἐνύδρους
2490 2048 2812 2118 γενομένους
2861 2052 2907 2103 εί
2943 2052 3136 2124 ἐχρῆν,
3182 2058 3398 2123 πάντως
3425 2062 3492 2116 ἂν
3529 2065 3636 2118 ἔδει
3665 2085 3770 2120 πα-

2211 2139 2516 2208 ραπλησίαν
2547 2140 2690 2211 ἔχειν
2724 2144 2817 2196 καὶ
2841 2143 2935 2214 τὴν
2971 2146 3138 2216 ἄλλην
3171 2149 3365 2219 ἰχθύων
3394 2157 3731 2210 κατάστασιν
3762 2177 3770 2187 ·

2205 2229 2411 2296 οὕτως,
2453 2231 2743 2301 μέλλοντας
2794 2234 3143 2306 κληρονομεῖν
3191 2239 3467 2308 βασιλείαν
3507 2246 3773 2317 ούρανῶνη

2205 2323 2300 2376 καὶ
2343 2324 2399 2375 ὲν
2433 2323 2619 2387 τόποις
2664 2323 3011 2396 διαφέρουσιν
3045 2328 3282 2394 ἔσεσθαι,
3319 2335 3615 2404 ἀναγκαῖον
3644 2336 3773 2413 χρῆ.

2209 2413 2330 2466 σθαι
2360 2413 2570 2484 σώμασι
2605 2421 3022 2486 πνευματικοῖς.
3052 2421 3171 2491 οὐχ).
3197 2423 3288 2476 τοῦ
3313 2426 3484 2491 εἴδους
3512 2430 3605 2484 τοῦ
3636 2450 3772 2504 προσ

2203 2503 2362 2575 τέρον
2394 2505 2812 2576 ἀφανιζομένην,
2853 2511 2954 2564 κᾶν
2980 2513 3072 2565 ἐπὶ
3098 2514 3158 2568 τὸ
3189 2515 3521 2590 ἐνδοξότερον
3549 2524 3773 2594 γένηται

2205 2595 2368 2650 αὐτοῦ
2406 2599 2438 2666 ἡ
2489 2600 2662 2668 τροπή
2691 2615 2704 2628 '
2746 2599 2933 2672 ὥσπερ
2971 2597 3040 2675 ἦν
3086 2603 3258 2676 Ἰησοῦ
3274 2603 3445 2676 εἶδος,
3486 2611 3579 2666 καὶ
3609 2617 3775 2670 Mor?»

2206 2689 2376 2751 σέως,
2422 2690 2514 2742 καὶ
2561 2689 2766 2758 Ἠλίου,
2805 2694 2903 2764 οὐχ
2940 2695 3215 2767 ἕτερονὲν
3248 2704 3314 2771 τῇ
3342 2706 3779 2776 μεταμορφώσει

537 2787 707 2839 strius
744 2781 1004 2852 quiddam
1027 2781 1428 2851 gloriosiusque
1457 2789 1716 2836 mutetur.
1742 2780 2099 2846 Quemadmo-
2127 2786 2168 2844 (ζ
2202 2780 2330 2850 παρ’
2365 2781 2392 2833 ὃ
2423 2776 2510 2847 ἦν.

535 2875 662 2930 dum
694 2873 844 2936 Jesu,
902 2887 964 2926 ac
1015 2871 1233 2942 Moysis,
1267 2881 1321 2927 et
1360 2873 1488 2926 Elite
1517 2873 1726 2942 species
1759 2873 1810 2926 in
1842 2871 2104 2927 transfor-

531 2965 768 3018 matione
801 2977 909 3017 non
940 2962 1065 3024 alia,
1092 2977 1397 3033 quamqua:
1423 2962 1575 3017 initio
1609 2969 1750 3026 erat,
1787 2963 2062 3018 exstitit‘.

604 3051 714 3106 XV.
747 3050 865 3106 Non
895 3058 948 3105 te
978 3051 1142 3121 igitur
1173 3051 1435 3116 offendat,
1475 3051 1521 3107 si
1551 3052 1674 3122 quis
1707 3052 1936 3122 primam
1967 3051 2098 3105 sub-

525 3144 726 3214 jectam
749 3142 1030 3196 materiam
1056 3157 1164 3195 non
1187 3142 1428 3197 eamdem
1455 3149 1583 3197 tunc
1608 3142 1842 3196 futuram
1877 3143 2099 3209 dixerit,

529 3251 653 3289 cum
681 3249 749 3288 ne
780 3233 945 3288 biduo
979 3233 1201 3303 quidem
1231 3232 1393 3286 modo
1424 3235 1668 3288 eamdem
1706 3234 1854 3287 illam
1885 3251 2100 3304 perma-

529 3342 656 3382 nere
687 3340 849 3398 posse
876 3325 1018 3379 ratio
1043 3326 1166 3396 ipsa
1195 3324 1457 3389 declaret,
1485 3325 1528 3378 si
1553 3324 1679 3392 quis
1710 3336 1945 3380 mentem
1970 3327 2098 3382 velit

531 3418 836 3470 advertere.
868 3413 1350 3469 Animadversione
1367 3421 1623 3483 praeterea
1642 3413 1864 3485 dignum
1881 3425 1934 3471 et
1963 3417 2096 3473 illud

527 3514 639 3558 est:
665 3505 939 3560 diversum
982 3504 1241 3559 seminari
1265 3519 1482 3573 corpus,
1505 3504 1890 3575 diversumque
1907 3522 2093 3563 resur-

524 3609 669 3665 gere.
688 3592 994 3648 Seminatur
1013 3595 1153 3649 enim
1181 3610 1368 3663 corpus
1388 3595 1638 3662 animale,
1652 3607 1886 3668 resurget
1908 3614 2092 3667 corpus

524 3685 763 3754 spiritale
805 3685 846 3738 ’.
891 3683 985 3739 His
1007 3684 1258 3739 omnibus
1280 3683 1547 3754 ejusmodi
1579 3686 1648 3740 ab
1675 3686 1935 3756 Apostolo
1963 3690 2094 3744 sub-

518 3773 808 3844 jiciuntur,
841 3775 1040 3844 quibus
1078 3789 1179 3829 nos
1212 3781 1484 3828 terrenam
1521 3777 1831 3844 qualitatem
1861 3779 1940 3833 sic
1970 3794 2092 3835 esse

525 3867 795 3936 posituros
845 3864 1023 3930 docet,
1065 3872 1123 3920 ut
1165 3865 1282 3935 ipsa
1332 3865 1387 3918 in
1441 3867 1843 3923 resurrectione
1876 3871 2088 3938 species

522 3959 669 4012 salva
691 3957 1006 4027 integraque
1029 3963 1366 4037 permaneat:
1387 3955 1500 4010 Hoc
1519 3967 1695 4012 autem
1711 3961 1850 4023 dico,
1869 3963 2082 4030 fratres,

520 4050 765 4117 quoniam
808 4064 933 4102 caro
969 4056 1020 4101 et
1062 4046 1274 4116 sanguis
1325 4061 1540 4116 regnum
1571 4047 1670 4102 Dei
1705 4051 1969 4118 possidere
1991 4071 2082 4108 ue-

2270 3043 2370 3097 IE'.
2400 3044 2490 3114 Μὴ
2525 3044 2830 3116 πρόσκοπτε
2858 3049 3052 3114 τοίνυν,
3098 3052 3144 3104 εί
3186 3051 3243 3104 τὸ
3288 3052 3499 3124 πρῶτον
3540 3055 3770 3110 ὓποκεξ-

2203 3151 2360 3204 μενον
2391 3136 2455 3190 ἄν
2495 3153 2577 3200 τις
2605 3137 2754 3205 λέγοι
2785 3139 2858 3210 μὴ
2908 3139 3120 3194 ἔσεσθαι
3153 3143 3342 3196 ταυτὸν
3382 3143 3528 3210 τότε,
3583 3149 3719 3201 ὅπου
3743 3154 3768 3204 δ

2199 3227 2353 3296 λόγος
2386 3232 2496 3292 τοῖς
2537 3230 2844 3299 ἐφιστάνειν
2883 3233 3198 3303 δυναμένοις
3224 3234 3514 3299 δείκνυσιν,
3544 3239 3625 3292 ὅτι
3644 3241 3766 3295 οὐδὲ

2197 3319 2290 3372 νῦν
2316 3321 2536 3374 δύναται
2571 3323 2664 3376 δύο
2693 3325 2912 3394 ἡμερῶν
2951 3321 3088 3379 εἶναι
3123 3326 3183 3378 τὸ
3214 3327 3428 3398 πρῶτον
3471 3329 3768 3402 ὑποκείμε-

2195 3429 2303 3468 νον.
2364 3411 2544 3478 ’Δξιον
2575 3413 2631 3467 δὲ
2665 3415 2948 3485 ἐπιστῆναι
2982 3417 3072 3469 καὶ
3103 3417 3164 3469 τὸ
3202 3419 3434 3488 ἑτεροῖον
3469 3419 3572 3490 μὲν
3616 3421 3764 3473 σπεί-

2197 3504 2404 3576 ρεσθαι,
2431 3507 2666 3577 ἑτεροῖον
2688 3507 2742 3559 δὲ
2768 3507 3104 3563 ἀνίστασθαι.
3137 3510 3441 3579 Σπείρεται
3465 3513 3574 3581 γὰρ
3597 3514 3762 3581 σῶμα

2193 3595 2481 3662 ψυχικὸν,
2495 3595 2778 3666 ἐγείρεται
2797 3598 2972 3667 σῶμα
2989 3602 3409 3669 πνευματικόν.
3439 3603 3552 3656 Καὶ
3579 3605 3762 3674 stirpi.

2195 3703 2277 3757 ρει
2311 3688 2474 3740 πᾶσιν
2496 3688 2524 3740 ὁ
2568 3688 2907 3755 Ἀπόστολος,
2942 3691 3123 3761 σχεδὸν
3154 3692 3252 3763 τὴν
3282 3687 3475 3763 γῆῖνην
3505 3697 3760 3765 ποιότητα

2192 3779 2339 3850 ἡμᾶς
2371 3779 2636 3833 διδάσκων
2668 3781 3016 3837 ἀποτίθεσθαι
3045 3784 3258 3854 μέλλειν
3279 3788 3450 3857 ἡμᾶς,
3482 3789 3576 3842 τοῦ
3593 3789 3761 3852 εἴδους

2191 3871 2499 3942 σωζομένου
2551 3873 2691 3926 κατὰ
2731 3874 2830 3945 τὴν
2860 3875 3153 3931 ἀνάστασιν
3176 3894 3190 3908 ·
3253 3879 3431 3932 Τοῦτο
3475 3880 3544 3933 δέ
3589 3898 3757 3950 φημι,

2185 3964 2456 4033 ἀδελφοὶ,
2487 3965 2575 4019 ὅτι
2603 3968 2760 4034 σὰρξ
2797 3966 2895 4020 καὶ
2921 3963 3062 4038 αἷμα
3081 3968 3405 4032 ,ϐασιλείαν
3441 3971 3590 4025 Θεοῦ
3613 3974 3757 4036 κληο

2180 4059 2517 4128 ρονομῆσαι
2545 4061 2616 4114 οὐ
2637 4059 2940 4123 δύνανται,
2969 4062 3110 4117 οὐδὲ
3129 4065 3166 4131 ἡ
3189 4067 3378 4132 φθορὰ
3402 4064 3516 4132 τὴν
3536 4065 3756 4134 ἀφθαρ-

518 4149 731 4209 queunt,
763 4156 923 4209 neque
946 4139 1210 4206 corruptio
1241 4139 1686 4209 incorruptionem
1719 4143 1763 4197 ³.
1791 4143 1902 4199 Etsi
1938 4147 2081 4200 enim

2200 4123 2352 4203 γίαιί.
2398 4123 2557 4214 λίσως
2587 4151 2686 4221 μὲν
2711 4150 2822 4222 γὰρ
2845 4151 2993 4206 ἔσται
3024 4123 3266 4222 περὶτοῦ
3288 4123 3380 4207 τὸν
3414 4123 3607 4223 ἅγιον-⁸
3641 4123 3754 4209 61::-

520 4229 750 4284 fortasse
798 4231 1054 4284 eximium
1085 4230 1340 4300 quiddam
1373 4241 1688 4287 sanctorum
1733 4237 1942 4304 corpori
1982 4237 2083 4291 tri-

2188 4240 2570 4316 κρατούμενον,
2592 4243 2696 4296 ὑπὸ
2722 4244 2816 4297 τοῦ
2851 4244 3224 4308 ὶδιοποιοῦντός
3257 4261 3386 4299 ποτε
3413 4247 3511 4316 τὴν
3541 4248 3716 4316 σάρκα
3733 4263 3749 4277 ⁵

517 4320 790 4374 buendum
829 4321 954 4382 erit,
988 4328 1046 4373 ut
1077 4321 1132 4373 id
1163 4321 1346 4375 carnis
1380 4321 1495 4388 ipsa
1525 4323 1828 4393 pr0prietas
1856 4340 2082 4381 conser—

2200 4315 2325 4402 πᾶρξ
2370 4332 2426 4385 δὲ
2458 4333 2666 4398 οὐκέτι,
2705 4334 2818 4388 ἀλλ’
2857 4336 2992 4406 ὅπερ
3025 4337 3154 4389 ποτὲ
3193 4315 3656 4410 ὲχαρακτηρίζετο
3695 4342 3754 4393 ἐν

517 4418 623 4474 vet,
651 4425 778 4467 caro
799 4419 980 4465 tamen
1006 4412 1240 4480 amplius
1261 4428 1366 4466 non
1393 4415 1515 4477 erit,
1544 4416 1638 4471 sed
1665 4417 1808 4486 quod
1834 4419 1887 4472 in
1913 4433 2079 4474 carne

514 4503 660 4557 velut
704 4503 917 4572 propria
965 4504 1198 4573 quadam
1239 4513 1368 4558 nota
1405 4514 1522 4558 erat
1565 4508 1927 4577 impressum,
1977 4510 2082 4566 hoc

515 4593 655 4648 idem
687 4593 740 4647 in
776 4595 1004 4664 spiritali
1035 4609 1263 4665 corpore
1294 4597 1726 4668 consignandum
1758 4601 1881 4655 erit.

582 4685 736 4751 Quod
781 4700 909 4740 vero
938 4687 1002 4738 ad
1033 4701 1128 4741 eos
1168 4685 1469 4757 Scriptura:
1496 4689 1645 4744 locos
1669 4692 1883 4757 attinet,
1920 4694 2010 4762 qui
2045 4709 2077 4747 a

512 4774 774 4829 fratribus
810 4775 1010 4830 nostris
1041 4775 1396 4844 objiciuntur,
1426 4779 1497 4832 ita
1526 4779 1760 4835 breviter
1787 4797 2077 4840 occurrere

510 4881 822 4934 possumus,
837 4873 1001 4936 atque
1021 4867 1289 4936 imprimis
1310 4867 1381 4929 ei,
1401 4884 1560 4938 quem
1580 4884 1642 4923 ex
1659 4869 1938 4927 Ezechiele
1958 4889 2074 4942 pro-

510 4953 710 5011 ferunt.
772 4954 980 5010 Etenim
1026 4956 1070 5012 si
1122 4956 1404 5012 rudiorum
1444 4967 1680 5014 mentem
1740 4975 1803 5015 ac
1849 4977 2074 5033 secpum

509 5041 735 5098 velimus
781 5044 1080 5110 attendere,
1128 5059 1290 5114 quem
1336 5045 1390 5098 in
1431 5045 1705 5116 propheta;
1747 5049 1929 5105 verbis
1969 5052 2075 5106 sibi

485 5144 938 5200 proposuerunt,
985 5151 1329 5206 consequens
1367 5143 1481 5202 est,
1534 5152 1601 5192 ne
1647 5139 1808 5193 ullam
1853 5140 2073 5208 quidem

506 5220 688 5275 carnis
713 5227 1162 5292 resurrectionem
1189 5224 1358 5280 videri
1382 5265 1395 5289 ,
1431 5227 1526 5282 sed
1555 5231 1760 5284 ossium
1783 5227 2071 5295 duntaxat,

579 5378 596 5410 ⁸
626 5377 820 5458 μοιὶιι.
852 5397 982 5446 xvn,
1011 5382 1047 5436 2
1076 5399 1227 5454 seqq.
1300 5385 1372 5458 "l_
1397 5387 1524 5442 Cor.
1563 5405 1652 5452 xv,
1680 5389 1767 5443 Η.
1841 5390 1860 5420 ³
1893 5388 2022 5444 ibid.
2075 5391 2094 5444 ἒ

2241 5392 2258 5421 ⁸
2292 5390 2438 5448 Fort.
2471 5395 2612 5458 τούς.

505 5443 589 5507 hic
626 5449 783 5507 locus
815 5443 1104 5520 corruptus
1129 5443 1228 5509 est.
1299 5460 1317 5487 ε
1337 5455 1478 5510 Fort.
1510 5443 1808 5512 érta‘t'éoov.

2183 4425 2248 4493 τῇ
2279 4425 2463 4494 σαρκὶ,
2511 4425 2668 4480 τοῦτο
2703 4428 3270 4500 χαρακτηρισθήσεται
3300 4431 3358 4483 ὲν
3395 4431 3476 4502 τῷ
3505 4450 3752 4503 πνενμα-

2181 4513 2318 4584 τικῷ
2351 4514 2582 4585 σώματι.

2249 4688 2359 4743 Καὶ
2395 4691 2530 4760 πρὸς
2572 4690 2639 4744 τὰ
2669 4693 2889 4762 ῥήματα
2919 4693 2975 4747 δὲ
3007 4693 3115 4747 τῶν
3150 4695 3400 4765 Γραφῶν,
3437 4697 3475 4750 δι
3521 4699 3751 4767 παρατί-

2179 4778 2358 4832 Θενται
2402 4781 2451 4832 οί
2493 4780 2709 4848 ἀδελφοὶ
2756 4783 2931 4852 ἡμῶν,
2982 4782 3154 4837 ταῦτα
3194 4784 3340 4837 ἐστιν
3387 4787 3591 4839 εἰπεῖν’
3651 4789 3751 4840 καὶ

2175 4869 2388 4940 πρῶτον
2410 4872 2464 4924 ὲν
2485 4871 2562 4942 τῷ
2585 4873 2861 4943 Ίεζεκιὴλ,
2879 4874 2969 4925 ἐπὶ
2991 4872 3051 4925 τὸ
3067 4876 3188 4928 ὅσον
3203 4876 3224 4907 ⁸
3248 4875 3332 4944 ἐφ’
3360 4871 3440 4939 οἷς
3463 4877 3747 4947 βούλονται

2168 4962 2221 5014 οι
2243 4953 2600 5032 ἁπλούστερα
2627 4962 2764 5016 κατὰ
2787 4963 2885 5026 τὰς
2906 4963 3077 5029 λέξεις
3103 4965 3324 5029 ταύτας,
3350 4966 3472 5021 οὐδὲ
3505 4970 3748 5024 ἀνάστα-

2172 5068 2254 5114 σις
2284 5052 2502 5122 σαρκῶν
2524 5052 2695 5117 ἔσται,
2714 5052 2848 5106 ἀλλὰ
2873 5053 3074 5108 ὀστέων
3099 5056 3277 5126 μόνον,
3304 5059 3400 5110 καὶ
3431 5059 3743 5131 δερμάτων,

2171 5142 2262 5193 καὶ
2283 5142 2508 5212 νεύρων.
2541 5143 2690 5212 ’Ἅμα
2713 5160 2770 5195 τε
2796 5143 2889 5198 καὶ
2920 5146 3258 5202 ὑποδεικτέον
3279 5151 3486 5217 αὐτοῖς,
3515 5153 3598 5205 ὅτι
3620 5170 3740 5206 συν-

2170 5231 2526 5302 αρπάζονται,
2565 5233 2638 5297 ὡς
2674 5233 2746 5305 μὴ
2779 5238 3092 5306 νενοηκὸτες
3133 5241 3194 5292 τὸ
3221 5241 3628 5313 γεγραμμένον.
3661 5244 3754 5323 Οίί

2695 5395 2714 5426 ⁸
2739 5394 2860 5451 For.
2894 5399 3140 5468 περιττὸν
3172 5398 3232 5452 τὸ
3263 5400 3368 5454 τῶν
3397 5402 3591 5469 ἁγίων.
3629 5401 3738 5456 Sed
