3948 6068
196 177 344 263 109s

933 176 1298 238 ADVERSUS
1336 172 1676 234 li/EliESES
1719 175 1843 234 UB.
1881 175 1944 234 11.
1989 177 2149 234 'I‘liM.
2191 177 2304 232 l-—-
2337 178 2612 238 ΠᾸΞΒΕΒ.
2642 179 2826 236 LXIV.

3329 187 3466 250 {03¢

195 296 322 367 γὰρ,
357 297 404 348 εἰ
425 295 559 348 ὀστᾶ
585 291 929 366 ὀνομάζεται,
957 301 1178 364 πάντως
1202 300 1269 354 τὰ
1297 300 1428 354 ὀστᾶ
1456 299 1628 354 ταῦτα
1658 317 1776 370 νοη-

1892 300 2241 354 :uticularum
2277 309 2441 371 atque
2477 316 2793 357 nervorum.
2843 301 2948 359 Sed
2976 311 3030 360 et
3061 303 3197 360 illud
3238 307 3464 366 demon-

193 389 340 442 τέον·
371 385 562 456 ὥσπερ
611 387 729 440 οὐδὲ
759 389 816 440 ἐν
851 389 948 460 τῷ,
995 391 1433 459 Διεσκορπίσθη
1475 390 1670 443 πάντα
1706 391 1774 444 τὰ

194 476 345 534 ὀστᾶ
360 495 480 548 μου
499 496 514 508 ·
529 479 950 549 καὶ,”1ασαι’με,
965 479 998 532 ὅ
1005 499 1050 533 τι
1065 480 1362 550 ἐταράχθη
1380 479 1451 534 τὰ
1472 479 1622 534 ὀστᾶ
1632 498 1771 550 μου,

193 570 427 642 φανεροῦ
449 569 599 635 ὄντος
618 571 712 624 τοῦ
733 572 808 643 μὴ
823 570 1076 640 λέγεσθαι
1093 571 1158 626 τὰ
1173 573 1305 625 ὀστᾶ
1321 571 1460 625 κατὰ
1475 571 1572 643 τὴν
1592 573 1774 642 κοινὴν

195 663 439 734 ἐκδοχὴν.
459 663 810 736 Ἐπιφέρεται
827 662 956 732 γοῦν
978 663 1229 734 τῷλόγῳ·
1247 663 1548 718 ’Ότιαὺτοὶ
1561 662 1765 733 λέγου-

193 771 315 809 σιν’
335 756 457 808 Ὅτι
486 754 641 824 ξηρὰ
659 753 864 824 γέγονε
880 755 950 808 τὰ
971 754 1122 811 ὀστᾶ
1137 750 1480 827 ἠμῶνρῖᾹρά
1504 774 1566 825 γε
1582 756 1774 824 λέγου-

197 865 300 913 σιν,
318 847 479 915 Ξηρὰ
492 847 696 918 γέγονε
710 849 780 901 τὰ
795 847 978 902 ὀστέα
992 847 1178 918 ἡμῶν,
1196 847 1440 911 θέλοντες
1453 845 1780 902 ἀνίστασθαι

197 936 559 1008 συναχθέντα;
620 936 781 990 Ἀλλὰ
805 937 965 991 τοῦτο
993 938 1294 1009 ἀμήχανον.
1351 936 1574 1005 Λέγοιεν
1606 937 1650 990 δ’
1684 937 1770 1001 ἂν,

193 1027 341 1098 Ξηρὰ
370 1026 560 1096 γέγονε
586 1026 654 1080 τὰ
683 1026 844 1080 ὀστέα
885 1028 1063 1098 ἡμῶν,
1105 1030 1163 1080 ὲν
1200 1027 1601 1097 αἰχμαλωσίαις
1629 1023 1773 1096 γενό-

198 1135 366 1188 μενοι,
423 1116 516 1169 καὶ
563 1119 743 1170 πᾶσαν
794 1115 1030 1187 ζωτικὴν
1085 1116 1264 1170 νοτίδα
1313 1116 1769 1189 ἀποϐεϐληκότες.

210 1207 553 1277 Ἐπιφέρουσι
601 1206 731 1276 γοῦν
773 1207 854 1267 τὸ,
895 1205 1230 1260 Ἀπόλωλεν
1271 1208 1309 1275 ἠ
1352 1207 1527 1274 ἐλπίς
1561 1208 1729 1278 ἡμῶν
1755 1227 1770 1241 θ

193 1296 745 1367 ὀιαπεφωνήκαμεν.
779 1297 988 1350 Οὐκοῦν
1014 1299 1046 1368 ἡ
1074 1298 1376 1367 ἐπαγγελία
1407 1300 1510 1370 τῆς
1535 1300 1771 1356 ἀναστά-

197 1407 334 1453 σεως
361 1388 455 1441 τοῦ
486 1388 617 1442 λαοῦ
645 1390 792 1441 ἐστιν
817 1388 924 1442 ἀπὸ
949 1386 1043 1441 τοῦ
1066 1387 1378 1460 πτώματος,
1403 1389 1610 1460 καὶτῆς
1634 1392 1774 1444 οἱον-

193 1482 246 1537 εὶ
282 1481 604 1553 νεκρότητος
649 1481 716 1552 ἢν
751 1480 1130 1552 νενέκρωνται,
1169 1479 1255 1534 διὰ
1293 1480 1364 1534 τὰ
1399 1482 1772 1554 ἁμαρτήματα

196 1574 306 1637 τοῖς
333 1571 546 1642 ἐχθροῖς
577 1570 998 1642 παραδοθέντες.
1034 1572 1144 1625 Καὶ
1168 1574 1214 1625 οἱ
1240 1572 1550 1643 ἁμαρτωλοὶ
1575 1573 1632 1628 δὲ
1667 1573 1772 1628 ὑπὸ

196 1663 288 1718 τοῦ
320 1663 570 1733 Σωτῆρος
602 1661 852 1730 λέγονται
892 1655 1030 1714 εἶναι
1079 1660 1240 1731 τάφοι
1263 1661 1522 1734 γέμοντες
1568 1663 1772 1718 ὀστέων

1887 393 2171 446 strandum
2205 393 2340 464 ipsis
2370 402 2474 459 est,
2507 403 2712 451 temere
2743 396 2866 452 illos
2897 397 2952 451 in
2991 413 3234 455 errorem
3265 402 3463 472 abripi,

1885 482 2014 537 dum
2046 484 2239 555 scripti
2266 486 2595 562 sententiam
2623 502 2965 558 nequaquam
2994 491 3325 562 percipiunt.
3353 493 3462 549 Νε-

1877 589 1982 643 que
2003 574 2146 628 enim
2173 590 2296 629 cum
2321 560 2461 631 ossa‘
2474 576 2851 641 nominantur,
2873 578 2986 633 haec
3018 560 3275 651 ipsaqute
3295 583 3467 640 habe-

1877 680 1999 719 mus
2018 681 2144 721 ossa
2160 682 2259 736 par
2276 675 2359 722 est
2377 667 2570 738 accipi,
2588 667 2665 721 uti
2685 684 2860 740 neque
2879 670 2932 723 in
2956 671 3042 725 liis
3058 672 3192 726 locis
3211 674 3301 728 ubi
3328 676 3468 729 scri-

1876 761 2027 824 ptum
2049 763 2161 810 est:
2190 755 2440 825 Dispersa
2463 767 2584 810 sunt
2608 759 2784 812 omnia
2802 759 2966 830 538
2983 777 3103 814 ossa
3122 779 3235 816 mea
3250 763 3290 829 ¹;
3317 773 3466 820 tum:

1876 845 2022 900 Sana
2055 863 2156 912 me,
2184 849 2433 917 quoniam
2463 849 2780 904 conturbata
2814 863 2935 905 sunt
2968 869 3090 907 ossa
3127 856 3310 920 mea‘;
3337 871 3465 912 cum

1876 938 1947 992 sit
1985 938 2337 995 manifestum
2379 956 2489 995 non
2524 941 2827 996 secundum
2865 943 3142 1014 vulgarem
3183 946 3466 1002 notionem

1875 1030 2080 1084 ossium
2117 1047 2316 1087 nomen
2351 1033 2626 1103 usurpari.
2684 1032 2920 1088 Proinde
2957 1035 3140 1089 statim
3177 1038 3363 1092 eadem
3407 1038 3465 1094 in

1875 1123 2124 1178 oratione
2147 1123 2522 1195 subjungitur.
2549 1122 2628 1178 Eo
2657 1124 2796 1194 quod
2820 1125 2922 1194 ipsi
2961 1125 3178 1182 dicunt:
3200 1128 3466 1195 Quoniam

1875 1213 2034 1267 arida
2058 1214 2207 1284 facta
2230 1225 2352 1270 sunt
2377 1231 2499 1270 ossa
2517 1225 2702 1270 nostra
2717 1216 2757 1270 ³.
2781 1214 2920 1271 Num
2940 1216 3044 1272 hoc
3065 1218 3230 1289 igitur
3250 1219 3464 1288 dicunt,

1874 1304 2043 1358 Arida
2073 1305 2220 1374 facta
2256 1314 2382 1359 sunt
2407 1323 2532 1360 ossa
2564 1316 2771 1370 nostra,
2809 1305 2955 1376 quod
2992 1307 3180 1363 eadem
3212 1307 3266 1362 in
3294 1325 3468 1366 unum

1874 1397 2103 1452 collecta
2129 1397 2320 1452 volunt
2349 1398 2669 1468 resurgere?
2701 1399 2866 1468 Atqui
2899 1399 3015 1454 ﬁeri
3046 1398 3190 1454 istud
3224 1415 3334 1455 non
3363 1416 3467 1471 po-

1874 1494 2003 1542 test.
2047 1487 2228 1553 Quare
2263 1487 2416 1542 arida
2464 1489 2585 1544 ideo
2635 1503 2735 1544 sua
2787 1489 2980 1545 dicunt
3018 1505 3167 1558 ossa,
3217 1492 3360 1562 quod
3407 1494 3467 1548 in

1875 1578 2283 1648 captivitatibus
2315 1579 2408 1635 diu
2455 1581 2630 1636 habiti
2671 1582 2890 1636 vitalem
2927 1597 3142 1639 omnem
3178 1589 3466 1641 humorem

1874 1668 2178 1743 amiserint.
2229 1667 2383 1725 Unde
2425 1681 2481 1726 et
2533 1671 2671 1739 illud
2712 1672 2987 1729 inferunt:
3035 1673 3204 1728 Periit
3230 1691 3344 1742 spes
3364 1693 3467 1730 no-

197 1758 292 1809 καὶ
328 1755 501 1825 πάσης
524 1753 884 1825 ἀκαθαρσίας.
940 1753 1149 1825 Πρέπει
1192 1753 1248 1808 δὲ
1292 1754 1368 1825 τῷ
1395 1754 1514 1824 Θεῷ
1535 1756 1774 1825 ἀνοίγειν

1892 1770 2022 1813 :tra:
2062 1759 2285 1814 abscissi
2323 1777 2506 1814 sumus
2537 1761 2580 1814 ⁸.
2624 1761 2893 1826 Quocirca
2927 1765 3348 1822 resurrectionis
3375 1765 3468 1820 illa

198 1847 264 1900 τὰ
302 1847 540 1917 μνημεῖα
586 1845 841 1907 ἑκάστου,
883 1845 978 1899 καὶ
1010 1843 1225 1914 ἐξάγειν
1259 1846 1322 1898 ἐκ
1354 1845 1462 1898 τῶν
1495 1849 1776 1917 μνημείων

1892 1849 2078 1918 populo
2101 1849 2244 1903 facta
2275 1850 2568 1919 promissio
2589 1851 2656 1904 ab
2680 1850 2771 1904 illa
2802 1853 2959 1906 ruina
3003 1868 3067 1909 ac
3101 1855 3248 1910 velut
3269 1870 3467 1911 eneca-

199 1939 344 2008 ἡμᾶς
378 1935 865 2007 ὲζωοποιημένους,
902 1936 1089 2007 ὥσπερ
1118 1938 1146 1989 ὁ
1176 1935 1366 2007 Σωτὴρ
1405 1935 1498 1990 τὸν
1528 1937 1775 2012 Λάζαρον

1892 1943 2045 2005 .ἱοιιε,
2088 1956 2194 2012 qua
2239 1941 2495 1997 exstincti
2546 1949 2697 2006 sunt,
2739 1958 2862 1998 cum
2912 1954 3134 2016 propter
3167 1947 3374 2002 scelera
3408 1947 3467 2002 in

199 2028 345 2081 εῦ.κυ
353 2045 441 2082 σεν
473 2028 599 2095 ἔξω.

1879 2033 2122 2087 hostium
2153 2042 2476 2104 potestatem
2521 2032 2707 2088 traditi
2748 2044 2897 2100 sunt,
2929 2035 3178 2105 quaedam
3208 2043 3293 2092 cst
3327 2034 3472 2091 exci-

201 2121 333 2173 tatio
367 2119 570 2174 futura.
627 2117 768 2183 Quin
801 2117 963 2172 etiam
1019 2127 1336 2188 peccatores
1373 2134 1403 2173 a
1444 2118 1726 2177 Salvatore
1753 2124 2004 2194 sepulcra
2034 2139 2156 2179 esse
2209 2123 2469 2178 dicuntur
2512 2125 2731 2179 ossibus
2756 2136 2918 2195 atque
2948 2127 3094 2180 omni
3128 2127 3474 2184 immunditia

199 2214 375 2285 plena.
414 2210 520 2266 Sed
551 2211 681 2264 illud
713 2210 911 2264 divinae
940 2209 1211 2278 majestati
1241 2211 1515 2275 convenit,
1548 2218 1606 2264 ut
1635 2212 1972 2282 singulorum
1999 2214 2250 2282 sepulcra
2277 2211 2588 2283 patefaciat,
2621 2224 2675 2269 et
2704 2228 2806 2269 nos
2836 2213 2904 2268 ad
2943 2215 3107 2268 vitam
3136 2215 3472 2274 instauratos

199 2325 233 2366 e
261 2305 627 2362 monumentis
656 2305 876 2370 educat,
904 2303 1129 2376 perinde
1159 2320 1221 2359 ac
1250 2303 1516 2359 Lazarum
1552 2303 1700 2360 foras
1733 2304 1985 2360 Salvator
2014 2307 2270 2360 extraxit.

265 2400 382 2466 ις’.
431 2398 504 2452 Τὸ
533 2398 611 2463 δὲ,
655 2396 811 2452 Ἐκεῖ
827 2395 999 2450 ἔσται
1028 2399 1060 2450 ὀ
1089 2397 1414 2466 κλαυθμὸς,
1455 2396 1552 2451 καὶ
1584 2400 1616 2451 ὀ
1636 2398 1787 2466 ,ϐρυ-

197 2492 346 2563 γμὸς
372 2489 491 2544 τῶν
520 2489 800 2553 ὀδόντων,
830 2488 966 2559 πρὸς
991 2487 1186 2551 αὐτοὺς
1213 2489 1536 2559 ἀπορητέον,
1585 2490 1666 2542 ὅτι
1698 2489 1787 2552 Ὠς

195 2586 256 2639 ὲν
277 2582 446 2654 τούτῳ
463 2580 540 2652 τῷ
564 2581 671 2652 βίῳ
685 2583 790 2634 πᾶν
818 2579 979 2650 μέλος
1003 2579 1083 2642 είς
1106 2597 1228 2634 τινα
1248 2580 1436 2650 χρείαν
1463 2582 1490 2633 ὁ
1513 2584 1800 2655 Δημιουρέ

199 2676 292 2746 γὸς
316 2674 736 2736 κατεσκεύασεν,
759 2671 932 2735 οὕτως
959 2673 1051 2726 καὶ
1073 2673 1198 2736 τοὺς
1230 2671 1447 2736 ὀδόντας
1478 2674 1558 2735 είς
1585 2673 1646 2726 τὸ
1670 2673 1777 2726 δια-

200 2766 492 2821 κόπτεσθαι
550 2765 644 2836 τὴν
691 2762 915 2836 στερεὰν
947 2767 1171 2835 τροφήν.
1222 2761 1315 2826 Τίς
1351 2758 1443 2816 οῦν
1479 2761 1638 2834 χρεία
1667 2765 1780 2825 τοῖς

199 2855 582 2927 κολαζομένοις
612 2855 873 2920 όδόντων;
901 2854 974 2906 Οὐ
1007 2853 1115 2925 γὰρ
1149 2855 1227 2916 είς
1251 2853 1350 2925 τὴν
1379 2853 1601 2921 γέενναν
1630 2854 1780 2916 ὄντες

1963 2397 2102 2453 XVI.
2137 2396 2256 2452 Jam
2288 2413 2420 2454 vero
2451 2399 2596 2468 quod
2642 2398 2788 2454 hunc
2817 2399 2997 2453 locum
3046 2397 3347 2468 objiciunt:
3384 2399 3474 2455 lbi

1893 2490 1992 2542 erit
2017 2490 2170 2558 ﬂetus
2193 2498 2242 2542 et
2265 2489 2465 2544 stridor
2487 2488 2719 2543 dentium
2737 2491 2782 2552 ⁵,
2801 2488 2882 2543 sic
2911 2487 3173 2552 adversus
3207 2489 3328 2546 illos
3355 2491 3474 2549 dis-

1888 2580 2190 2650 putandum
2221 2588 2331 2635 est:
2367 2580 2502 2635 Cum
2539 2580 2594 2634 in
2622 2580 2721 2634 hac
2743 2579 2853 2632 vita
2886 2579 3188 2633 membrum
3222 2596 3383 2636 omne
3405 2582 3474 2639 ad

1891 2687 2049 2726 usum
2082 2672 2322 2742 aliquem
2361 2687 2393 2725 a
2423 2687 2639 2728 summo
2684 2671 2778 2725 illo
2810 2669 3017 2740 Opiﬁce
3058 2672 3129 2726 sit
3167 2673 3471 2738 conditum,

1889 2773 2001 2818 tum
2022 2779 2151 2819 vero
2173 2763 2366 2819 dentes
2386 2763 2565 2819 solido
2588 2761 2711 2817 cibo
2733 2762 3152 2818 comminuendo
3172 2772 3300 2818 sunt
3317 2763 3470 2820 facti.

1893 2854 2034 2922 Quid
2063 2856 2227 2927 igitur
2256 2855 2516 2910 dentibus
2543 2869 2681 2924 opus
2703 2853 2811 2908 illis
2836 2863 2940 2919 est,
2971 2855 3062 2924 qui
3093 2855 3233 2924 apud
3265 2855 3475 2912 inferos

201 2947 319 3002 κατ’
361 2945 555 3008 αὐτοὺς
597 2945 880 3014 φάγονται.
931 2942 1042 2995 Καὶ
1083 2941 1345 3006 δεικτέον,
1395 2944 1476 2996 ὅτι
1509 2943 1569 2996 οὐ
1602 2942 1778 3000 πάντα

1892 2947 2246 3003 cruciantur?
2269 2945 2388 3002 Non
2408 2948 2576 3013 enim,
2608 2947 2825 3016 opinor,
2857 2945 3153 3023 quidquam
3181 2946 3292 3000 illic
3318 2963 3476 3001 mau-

201 3033 725 3109 παραλαμϐάνεσθαι
768 3033 852 3086 δεῖ
894 3030 1035 3085 κατὰ
1080 3030 1140 3083 τὸ
1174 3030 1440 3102 κείμενον.
1507 3031 1779 3096 Ὀδόντας

200 3129 347 3199 γοῦν,
374 3127 559 3198 φησιν,
581 3123 945 3196 ἁμαρτωλῶν
967 3121 1368 3191 συνέτριψας·
1395 3122 1511 3185 καὶ,
1539 3123 1651 3188 Τὰς
1668 3123 1780 3190 μύ-

199 3225 318 3286 λας
357 3217 478 3273 τῶν
519 3217 786 3272 λεόντων
817 3211 1200 3292 σιξνέθλασεν
1233 3214 1265 3266 ὀ
1304 3212 1540 3279 Κύριος.
1593 3212 1689 3275 Τίς
1725 3212 1782 3264 δὲ

201 3312 373 3374 οὕτως
386 3308 614 3382 ἠλίθιος,
637 3307 711 3370 ὡς
728 3304 1153 3376 ὑπολαμϐάνειν,
1171 3304 1252 3357 ὅτι
1271 3303 1454 3375 τηρῶν
1473 3302 1542 3357 τὰ
1558 3303 1783 3375 σώματα

202 3404 312 3460 τῶν
333 3387 674 3474 ἁμαρτωλῶν
695 3397 890 3463 όΘεὸς,
911 3398 1037 3460 τοὺς
1054 3396 1274 3460 ὀδόντας
1300 3394 1479 3450 αὐτῶν
1509 3394 1783 3466 συντρίϐει

207 3495 364 3566 μόνον
393 3512 407 3560 ;
445 3493 655 3562 Ὥσπερ
684 3484 777 3542 οῦν
825 3488 877 3540 sl!
899 3504 1004 3551 τις,
1035 3485 1201 3540 θέλων
1221 3485 1394 3540 ταῦτα
1416 3485 1586 3550 οὕτως
1617 3485 1782 3555 ἔχειν,

205 3565 519 3656 θλιϐόμενος
546 3582 758 3635 εἵλκετο
805 3579 890 3631 ἐπ’
927 3565 1495 3648 ἁλληγορίαν,ὀῦτως
1525 3577 1785 3647 ζητητέον

203 3677 315 3733 τῶν
335 3674 707 3744 κολαζομένων
723 3670 812 3723 τὸν
831 3669 859 3740 β
867 3686 968 3741 ρυγ
975 3668 1072 3738 μὸν
1093 3668 1200 3720 τῶν
1220 3667 1467 3731 ὀδόντων,
1491 3667 1588 3737 τῆς
1609 3665 1788 3736 ψυχῆς

201 3768 434 3838 δύναμιν
467 3762 776 3836 μασητικὴν
801 3758 1053 3832 ἐχούσης,
1079 3759 1198 3828 ἥτις
1229 3761 1285 3808 ὲν
1312 3755 1488 3827 καιρῷ
1515 3754 1608 3808 τοῦ
1639 3755 1790 3824 ἐλέγ-

202 3879 300 3933 χου
343 3860 475 3930 περὶ
514 3857 622 3911 τῶν
663 3852 1079 3926 ἁμαρτημάτων
1112 3847 1254 3903 κατὰ
1285 3848 1375 3901 τὸν
1410 3847 1789 3918 συγκρουσμὸν

203 3955 314 4008 τῶν
334 3953 562 4005 ὀδόντων
590 3949 680 4021 (ὡς
727 3943 1017 4019 ἐφρόνησε)
1076 3939 1257 4012 βρύξει
1293 3941 1416 4003 τοὺς
1443 3939 1680 4002 ὀδόντας.
1717 3938 1791 3991 Τὸ

204 4047 286 4109 δὲ,
327 4043 629 4109 Φοϐήθητε
668 4039 774 4094 τὸν
808 4036 1148 4105 δυνάμενον
1185 4033 1281 4087 καὶ
1317 4030 1530 4100 ψυχὴν
1579 4030 1675 4083 καὶ
1724 4029 1790 4082 τὸ

207 4134 382 4205 σῶμα
414 4133 712 4188 ἀπολέσαι
744 4131 814 4184 ἐν
843 4131 1078 4199 γεέννῃ,
1113 4125 1252 4196 τάχα
1281 4123 1380 4194 μὲν
1407 4123 1668 4186 διδάσκει,
1704 4121 1788 4174 ὃτι

1897 3037 2197 3094 (locaturos
2223 3053 2346 3093 esse
2374 3038 2632 3093 dixerint.
2675 3036 2757 3090 Ad
2786 3037 2900 3091 haec
2929 3034 3160 3092 docendi
3192 3045 3345 3104 sunt,
3365 3053 3477 3094 non

1887 3130 2070 3184 omnia
2119 3129 2347 3199 perinde
2399 3127 2718 3198 accipienda
2777 3142 2901 3182 esse
2949 3142 3014 3180 ac
3067 3129 3274 3198 scripta
3320 3138 3470 3185 sunt.

1884 3218 2064 3286 Quare
2109 3216 2219 3270 alio
2263 3216 2385 3270 loco
2424 3217 2686 3284 scriptum
2731 3220 2814 3267 est
2863 3230 2877 3264 ι
2915 3211 3108 3266 Dentes
3138 3223 3474 3281 peccatorum

1899 3305 2226 3361 contrivisti‘
2246 3320 2262 3371 ;
2287 3306 2414 3359 item
2435 3320 2448 3354 :
2470 3301 2645 3357 Malas
2663 3302 2867 3356 leonum
2889 3302 3144 3372 confregit
3157 3301 3416 3357 Dominus
3429 3303 3472 3358 ⁷.
3520 3351 3540 3372 ,

1899 3397 2034 3452 Nam
2065 3395 2190 3466 quis
2214 3394 2349 3448 adeo
2367 3392 2598 3449 stolidus
2618 3401 2720 3459 est,
2753 3400 2809 3446 ut
2831 3391 2936 3448 sibi
2962 3392 3289 3462 persuadeat
3304 3391 3475 3448 Deum

1889 3486 2185 3543 reservatis
2226 3490 2572 3554 peccatorum
2600 3480 2921 3550 corporibus
2958 3480 3105 3536 solos
3126 3478 3318 3535 dentes
3340 3494 3476 3534 con-

1887 3577 2107 3633 terere?
2166 3574 2236 3629 Ut
2287 3575 2453 3644 igitur
2475 3573 2568 3643 qui
2610 3573 2724 3627 baac
2767 3573 2839 3626 ita
2891 3587 2950 3627 se
2995 3571 3199 3626 habere
3229 3573 3377 3635 velit,
3417 3571 3474 3626 in

1888 3666 2167 3738 angustias
2201 3662 2504 3733 conjectus,
2535 3660 2602 3716 ad
2632 3662 2983 3731 allegoricum
3016 3675 3241 3716 sensum
3272 3661 3355 3716 vel
3388 3661 3475 3715 in-

1888 3759 2034 3812 vitus
2063 3753 2327 3808 trahitur:
2378 3753 2457 3806 sic
2497 3750 2566 3804 de
2599 3750 2837 3807 stridore
2868 3749 3114 3805 dentium
3151 3749 3209 3804 in
3255 3749 3343 3804 his
3379 3748 3477 3819 qui

1890 3844 2174 3917 suppliciis
2197 3841 2526 3904 aﬂiciuntur,
2559 3837 2837 3908 inquirere
2868 3837 3009 3892 idem
3036 3845 3292 3906 oportet;
3328 3853 3468 3907 qua-

1893 3948 2050 3993 tenus
2092 3934 2271 3989 anima
2307 3928 2726 3987 commandendi
2775 3928 3095 3982 nonnullam
3133 3929 3242 3981 vim
3289 3929 3475 3993 habet,

1889 4043 1995 4100 qua
2026 4025 2218 4080 ultimo
2251 4023 2344 4078 illo
2383 4022 2580 4092 judicii
2633 4029 2898 4090 tempore,
2946 4035 3070 4074 cum
3119 4019 3187 4074 de
3236 4021 3478 4090 peccatis

1890 4120 2118 4191 qmestio
2151 4118 2460 4182 habebitur,
2486 4115 2713 4186 perinde
2744 4121 2801 4168 ut
2832 4115 3017 4170 collidi
3050 4114 3245 4170 dentes
3273 4115 3474 4180 solent,

207 4225 498 4295 ἀσώματος
549 4226 582 4294 ἠ
629 4222 803 4294 ψυχὴ,
855 4219 997 4289 τάχα
1046 4216 1102 4269 δὲ
1145 4214 1296 4310 δηλοῖ
1351 4215 1445 4266 κα)⁸
1490 4213 1572 4265 ὃτι
1619 4212 1782 4282 χωρὶς

1896 4214 1970 4266 ita
2001 4221 2116 4266 tum
2141 4210 2400 4266 dentibus
2426 4206 2830 4279 quodammodo
2860 4207 3130 4262 stridebit.
3166 4205 3301 4260 Illud
3326 4221 3475 4269 vero,

211 4318 463 4388 σώματος
494 4316 555 4368 οὑ
598 4311 1026 4384 κολασθήσεται·
1073 4305 1202 4377 περὶ
1243 4299 1302 4359 οὗ
1344 4303 1788 4373 φυσιολογοῦντες

206 4410 280 4462 τὰ
335 4409 462 4479 περὶ
515 4406 608 4459 τοῦ
657 4405 852 4469 εἴδους,
901 4403 994 4456 καὶ
1039 4401 1132 4455 τοῦ
1181 4397 1394 4470 πρώτου
1429 4395 1788 4467 ὑποκειμένου

207 4502 537 4573 εἰρήκαμεν.

1900 4303 2097 4359 Timete
2124 4319 2262 4366 eum,
2297 4302 2386 4373 qui
2416 4309 2585 4370 potest
2618 4309 2666 4354 et
2701 4301 2938 4353 animam
2967 4308 3017 4352 et
3051 4315 3240 4366 corpus
3265 4298 3481 4368 perdere

1899 4399 1953 4450 in
1979 4395 2262 4466 gehennam
2280 4393 2324 4451 ⁸.
2375 4392 2514 4447 forte
2555 4391 2609 4446 id
2645 4406 2814 4446 unum
2846 4405 2947 4445 nos
2976 4390 3157 4454 docet,
3200 4400 3478 4459 expertem

1900 4503 2024 4542 esse
2056 4485 2304 4555 corporis
2340 4482 2608 4550 animam;
2659 4489 2755 4537 aut
2794 4481 2925 4537 illud
2964 4481 3210 4552 insuper,
3244 4481 3482 4536 animam

211 4597 332 4650 sine
359 4607 590 4662 corpore
633 4589 813 4645 nullas
841 4601 1033 4658 ptenas
1077 4601 1200 4642 esse
1236 4585 1661 4657 pcrsoluturam.
1719 4581 1796 4635 De
1835 4597 1944 4654 quo
1975 4595 2204 4652 corpore
2235 4594 2356 4650 qua:
2381 4579 2448 4634 ad
2489 4579 2724 4648 speciem
2757 4593 2821 4633 ac
2849 4578 3080 4648 primam
3144 4577 3305 4648 539
3359 4576 3482 4631 sub-

205 4692 413 4762 iectam
452 4687 732 4742 materiam
783 4684 1120 4748 attinebant,
1176 4682 1340 4751 paulo
1390 4690 1515 4734 ante
1560 4679 1793 4734 naturali
1835 4679 2048 4733 ratione
2072 4676 2455 4731 disseruimus.

287 4779 400 4833 Καὶ
447 4779 506 4833 τὸ
541 4775 691 4848 παρὰ
720 4775 796 4846 τῷ
844 4773 1149 4842 Ἀποστόλῳ
1179 4773 1254 4836 δὲ,
1294 4772 1662 4837 Ζωοποιήσει
1697 4771 1794 4824 καί

211 4873 285 4926 τὰ
314 4871 504 4937 θνητὰ
526 4867 694 4938 ἡμῶν
715 4867 979 4935 σώματα,
1007 4863 1202 4934 θνητοῦ
1229 4863 1378 4927 ὄντος
1403 4863 1496 4917 τοῦ
1523 4862 1795 4933 σώματος,

210 4965 312 5018 καὶ
331 4965 396 5016 οὺ
435 4963 751 5033 μετέχοντος
771 4959 871 5028 τῆς
904 4956 1162 5029 ἀληθινῆς
1195 4955 1360 5026 ζωῆς,
1406 4955 1627 5009 δύναται
1657 4972 1800 5027 παρ-

212 5054 625 5117 ιστάνειν,δπου
646 5051 707 5104 τὸ
728 5049 1034 5121 σωματικὸν
1067 5044 1222 5111 εἶδος,
1241 5046 1369 5117 περὶ
1391 5038 1451 5098 οὗ
1471 5046 1796 5116 εἰρήκαμεν,

204 5149 278 5218 τῇ
314 5143 478 5214 φύσει
509 5143 699 5214 θνητὸν
728 5142 807 5204 ὃν,
836 5141 982 5194 ὅταν
1003 5137 1256 5208 Χριστὸς
1280 5135 1592 5206 φανερωθῇ
1622 5137 1660 5204 ἡ
1684 5135 1795 5204 ζωὴ

206 5233 409 5304 ἡμῶν,
441 5233 532 5286 καὶ
560 5231 692 5284 αὐτὸ
720 5229 1046 5302 μεταϐάλλει
1074 5227 1182 5282 άπὸ
1209 5225 1303 5280 τοῦ
1338 5221 1476 5280 εἶναι
1513 5225 1671 5295 σῶμα
1699 5225 1795 5279 θα-

203 5324 381 5381 νάτου
403 5323 760 5394 ζωοποιηθὲν,
785 5321 872 5375 διὰ
894 5320 954 5375 τὸ
975 5318 1198 5390 Πνεῦμα
1217 5317 1278 5371 τὸ
1299 5315 1595 5381 ζωοποιοῦν
1621 5317 1685 5368 ἐκ
1705 5315 1799 5369 τοῦ

287 5479 307 5510 ⁸
335 5477 482 5532 Psal.
519 5476 744 5542 xxt,15.
821 5475 842 5507 ’
869 5473 1014 5529 Psal.
1046 5488 1121 5533 v1,
1145 5472 1198 5527 3.
1274 5469 1508 5526 'Ezech.
1539 5484 1744 5533 xxxv",
1778 5469 1862 5523 11.
1940 5469 1960 5499 ⁵

287 5563 355 5596 η-
393 5549 441 5596 7.
534 5547 554 5578 ³
583 5546 771 5596 Matth.
805 5561 857 5596 χ.
885 5545 976 5596 28.
1051 5545 1072 5577 ’
1102 5541 1261 5596 Rom.
1303 5558 1420 5596 vm.
1449 5541 1536 5596 11.
1616 5541 1659 5572 ¹⁶
1689 5539 1806 5596 Col.
1836 5555 1918 5596 tu.
1951 5537 1984 5593 4

1690 5575 1806 5596 υνιο
1836 5575 1918 5608 ΙΙΙ,
1951 5575 2006 5596 το

204 5563 356 5616 ιλιι,
393 5549 441 5601 7.
534 5547 554 5578 ⁸
582 5546 771 5602 Matth.
805 5561 857 5611 ς,
885 5545 976 5600 28.
1051 5545 1072 5577 ’
1102 5541 1261 5598 Rom.
1303 5558 1420 5607 vtu,
1449 5541 1536 5597 11.

1972 4771 2040 4824 At
2070 4783 2198 4822 vero
2225 4768 2431 4822 dictum
2456 4765 2587 4819 illud
2608 4765 2884 4835 Apostoli:
2931 4762 3228 4832 Viviﬁcabit
3261 4773 3308 4816 et
3336 4779 3479 4817 mor-

1901 4860 2037 4914 talia
2061 4869 2244 4914 nostra
2270 4859 2555 4925 corpora';
2580 4871 2704 4910 cum
2728 4863 2976 4910 nostrum
3007 4855 3235 4909 mortale
3264 4855 3335 4908 sit
3361 4869 3482 4908 cor-

1904 4965 2028 5021 pus.
2062 4964 2163 5004 nec
2191 4963 2333 5004 verte
2356 4948 2478 5004 vita:
2504 4946 2796 5016 particeps,
2817 4943 2962 4998 istud
2995 4944 3171 5013 ipsum
3203 4942 3483 4998 declarare

1886 5047 2100 5110 potest,
2143 5052 2462 5108 corpoream
2493 5035 2634 5093 hanc
2666 5034 2900 5104 speciem
2929 5033 2995 5086 de
3019 5046 3125 5102 qua
3154 5039 3309 5085 antea
3339 5030 3483 5085 dixi-

1905 5148 2047 5196 mus,
2082 5147 2203 5202 quze
2231 5141 2444 5186 natura:
2483 5127 2729 5183 mortalis
2760 5133 2867 5192 est,
2907 5141 3024 5178 cum
3052 5123 3294 5179 Christus
3315 5140 3484 5195 appa-

1902 5225 2067 5278 ruerit
2093 5224 2201 5278 rita
2219 5233 2405 5276 nostra
2425 5223 2490 5286 “',
2515 5230 2568 5276 et
2596 5221 2768 5291 ipsam
2791 5219 2938 5273 abeo
2959 5227 3124 5281 statu,
3143 5231 3252 5286 quo
3275 5215 3487 5286 peccati

1908 5330 2110 5386 corpus
2147 5321 2284 5379 erat,
2328 5327 2452 5368 esse
2486 5310 2839 5378 mutandam;
2888 5315 3243 5380 posteaquam
3278 5306 3486 5362 scilicet

1940 5467 1960 5499 ’⁸
1993 5468 2126 5526 ibid.
2202 5468 2223 5500 '
2255 5465 2447 5525 Matth.
2480 5479 2596 5524 vut.
2643 5465 2728 5522 12.
2806 5465 2826 5497 ⁸
2852 5463 2996 5521 Psal.
3042 5479 3124 5531 ιιι,
3154 5460 3189 5517 8
3287 5461 3305 5490 ⁷
3341 5459 3485 5521 I'sal.
