3948 6068
218 267 346 323 1037

874 260 1243 327 ADVERSUS
1279 259 1620 318 Πίεῐὶεὸεδ
1658 261 1784 328 LIB.

1930 266 2092 323 T031.
2137 267 2249 324 I.—-
2290 268 2561 324 ILERES.
2595 267 2777 323 ωιιν.

3316 264 3452 325 1098

226 378 486 451 Ἱερεμίαν
527 378 782 450 δεσμίους
838 380 980 451 ἡμᾶς
1043 382 1142 450 γῆς
1172 384 1264 438 διὰ
1302 383 1402 455 τὴν
1437 383 1575 455 πρὸς
1628 384 1787 456 σῶμα

1892 386 2110 456 iecturis
2142 386 2522 454 ostendemus;
2556 403 2733 457 neque
2758 386 2827 441 ah
2853 383 3087 441 Ieremia
3116 399 3215 439 nos
3245 384 3454 440 vinctos

217 468 491 526 κοινωνίαν
524 469 826 541 εἰρηκέναι,
863 471 999 541 μήτε
1030 471 1120 531 τὸν
1145 473 1310 526 Δαδὶδ
1333 473 1475 528 κατὰ
1499 473 1659 527 τοῦτο
1685 492 1783 527 πε-

216 560 570 638 πεδημένους.
602 559 783 623 Ἀξιον
804 561 910 631 γὰρ
951 559 1125 615 ταῦτα
1148 563 1464 634 προφέρειν,
1491 566 1547 617 ἐν
1569 559 1650 628 οἷς
1677 565 1782 636 μᾴ-

215 653 363 709 λιστα
391 651 671 720 φαίνονται
694 651 1095 717 διαπίπτοντες.
1124 654 1258 722 Περὶ
1285 655 1383 724 μὲν
1402 651 1495 709 οὖν
1529 655 1637 708 τῶν
1660 657 1784 726 δερ-

216 744 448 816 ματίνων
467 742 730 814 χιτώνων,
760 744 855 797 καὶ
875 744 957 797 ὅτι
977 743 1082 815 πρὸ
1109 744 1210 815 τῆς
1230 747 1577 816 κατασκευῆς
1605 746 1786 799 αὐτῶν

214 835 261 889 οἱ
303 833 719 905 πρωτόπλαστοι
758 834 946 905 διῆγον
999 834 1136 905 μετά
1185 835 1456 906 σώματος,
1489 836 1787 900 ἀθανασίας

215 926 592 990 ἀπολαύοντες,
626 926 706 987 ἔτι
754 943 815 981 τε
849 927 945 980 καὶ
970 927 1049 991 ὡς
1083 928 1144 980 οὐ
1173 927 1393 991 δύναται
1423 926 1484 979 τὸ
1516 926 1676 997 σῶμα
1701 927 1786 979 δε-

212 1018 362 1089 σμὸς,
386 1018 481 1071 καὶ
500 1016 689 1089 εἱρκτὴ
711 1017 1047 1089 νομίζεσθαι,
1068 1018 1137 1071 τὰ
1157 1019 1504 1089 προσήκοντα
1529 1018 1718 1082 εἰπὼν,
1743 1013 1788 1072 ὦ

214 1110 396 1181 ἄνδρες
434 1109 684 1162 δικασταὶ
716 1110 999 1179 (δικαστὰς
1030 1109 1139 1181 γὰρ
1164 1110 1309 1181 ὑμᾶς
1353 1109 1463 1163 τῶν
1499 1110 1695 1180 λόγων,
1744 1106 1788 1165 ὦ

213 1202 464 1273 κράτιστε
509 1200 756 1270 Θεόφιλε,
804 1202 1000 1268 καλῶ),
1030 1201 1301 1273 τρέψομαι
1347 1201 1531 1262 λοιπὸν
1572 1202 1665 1255 ἐπὶ
1720 1203 1788 1256 τὰ

212 1293 498 1354 ἀκόλουθα.
550 1293 802 1364 καθάπερ
852 1294 1168 1366 ὑπεσχόμην
1217 1294 1327 1358 τῶν
1388 1293 1784 1364 προκειμένων,

214 1384 278 1437 ἶν’
315 1384 726 1455 εὐκρινέστερον
751 1384 949 1454 ἴδωμεν
970 1383 1000 1436 ὃ
1029 1382 1348 1456 βουλόμεθα.

1889 480 2085 533 terrze’
2122 485 2340 549 propter
2371 478 2809 533 communionem
2843 492 2968 532 cum
3010 489 3239 544 corpore
3283 475 3454 529 uomi-

1882 578 2042 625 natos
2074 585 2230 634 esse;
2282 586 2456 639 neque
2490 568 2745 624 Davidem
2778 576 3062 638 propterra
3088 562 3456 634 compeditos'

1885 660 2179 729 appellare.
2236 658 2359 717 Ilaec
2408 660 2551 713 enim
2594 658 2941 729 potissimum
2981 657 3455 712 commemoranda

1886 758 2035 814 sunt,
2066 750 2121 804 in
2145 749 2345 820 quibus
2382 748 2614 803 maxime
2648 763 2677 803 a
2706 751 2936 803 veritate
2967 746 3237 802 excidisse
3265 746 3458 802 viden-

1888 844 1994 889 tur.
2053 836 2126 891 De
2156 837 2396 905 pelliceis
2427 837 2612 907 itaque
2659 836 2883 901 tunicis,
2927 845 3094 907 utque
3138 837 3457 907 priusquam

1887 944 1965 981 ea:
2006 928 2408 1000 conficerentur
2436 944 2667 999 corpore
2712 929 2919 998 praediti
2961 928 3121 999 primi
3155 929 3329 984 nostri
3363 945 3458 999 pa-

1884 1028 2066 1075 rentes
2088 1020 2419 1083 exstiterint,
2452 1030 2507 1076 et
2533 1022 2962 1077 immortalitatis
2985 1031 3296 1092 compotes;
3343 1030 3457 1076 tum

1887 1125 2112 1181 nervum
2145 1121 2199 1165 et
2228 1125 2502 1173 carcerem
2534 1112 2719 1166 haberi
2755 1127 2861 1166 non
2911 1128 3071 1183 posse
3116 1128 3337 1184 corpus,
3365 1113 3458 1168 uhi

1886 1210 2151 1272 quantum
2180 1218 2401 1258 necesse
2428 1211 2511 1259 est
2533 1204 2905 1273 disputat/ero,
2933 1205 3149 1274 judices
3176 1205 3294 1277 (vos
3312 1205 3457 1260 enim

1883 1307 2197 1347 sermonum
2215 1301 2526 1347 nostrorum
2542 1292 2940 1365 judices,teque
2956 1295 3010 1349 in
3027 1296 3240 1365 primis,
3259 1294 3461 1363 optimc

1884 1382 2202 1454 Theophile,
2253 1384 2592 1454 pronuntio),
2630 1384 2696 1439 ad
2720 1401 2782 1440 ea
2807 1400 2928 1454 qum
2964 1385 3244 1454 proposito
3271 1391 3462 1439 nostro

212 1480 576 1531 consentanea
607 1482 736 1533 sunt
765 1492 818 1530 et
846 1479 1239 1547 consequentia
1272 1493 1377 1542 me,
1412 1485 1472 1532 ut
1506 1476 1787 1548 pollicitus
1824 1492 1967 1543 sum,
2003 1475 2281 1531 conferam
2303 1516 2318 1542 ,
2374 1487 2430 1532 ut
2457 1477 2508 1533 id
2541 1480 2685 1548 quod
2719 1479 2969 1533 volumus
3029 1479 3234 1533 clarius
3296 1478 3469 1549 inspi-

210 1586 334 1626 cere
360 1570 653 1640 possimus.

281 1658 386 1714 IH'.
430 1659 487 1712 Ὀ
508 1660 616 1718 τῶν
643 1661 780 1717 ὅλων
816 1661 1145 1733 δημιουργὸς
1175 1660 1327 1726 Θεὸς,
1366 1662 1553 1733 ἐπειδὴ
1584 1662 1645 1713 τὸ
1680 1663 1784 1714 πᾶν

1960 1656 2146 1712 XVIII.
2204 1657 2496 1728 Postquam
2545 1658 2969 1716 artifexrerum
3017 1661 3262 1716 omnium
3316 1661 3462 1719 Deus

210 1748 488 1814 εὐτάκτως
535 1754 918 1824 συνεστήσατο,
953 1752 1203 1824 καθάπερ
1234 1754 1473 1825 μεγάλην
1503 1755 1676 1819 πόλιν,
1713 1754 1790 1807 δι-

1892 1755 2058 1801 totam
2094 1749 2236 1802 hanc
2267 1749 2641 1805 universitatis
2670 1749 3163 1815 machinam,velut
3189 1752 3462 1823 ingentem

208 1842 481 1912 εκὸσμησε
507 1844 854 1915 προστάσσων
874 1842 951 1915 τῷ
973 1843 1136 1914 λόγῳ,
1157 1844 1384 1899 ἕκαστόν
1404 1862 1463 1898 τε
1486 1844 1634 1915 αὐτῷ
1652 1862 1786 1915 συμ-

210 1931 401 2004 φώνως
430 1933 710 2005 ἡρμόσατο
744 1938 1028 2005 στοιχεῖον,
1061 1936 1154 1987 καὶ
1185 1935 1364 1990 πάντα
1394 1935 1547 2000 ζώων
1582 1935 1789 2007 πεπλη-

210 2041 354 2096 ρωτο
378 2024 678 2095 διαφοραῖς,
720 2026 807 2079 ἵνα
834 2026 1055 2090 τελείως
1083 2028 1110 2079 ὁ
1134 2027 1338 2096 κόσμος
1362 2027 1443 2090 εἰς
1468 2026 1662 2089 κάλλος
1688 2028 1787 2080 αὑ-

211 2115 370 2186 ξηθῇ,
418 2116 675 2179 παντοίας
708 2115 922 2185 φύσεως
956 2115 1303 2188 ζωοτοκήσας
1349 2118 1582 2188 μορφὰς,
1615 2118 1789 2188 ἄστρα

214 2207 312 2277 μὲν
344 2205 486 2269 κατά
520 2207 610 2261 τὸν
652 2206 901 2277 οὐρανὸν,
953 2208 1048 2269 καὶ
1088 2206 1270 2278 πτηνά
1318 2207 1462 2261 κατά
1507 2208 1598 2260 τὸν
1629 2207 1787 2279 ἀέρα,

208 2298 514 2370 τετράποδα
533 2298 747 2352 δὲκατά
762 2298 861 2369 τὴν
880 2299 1006 2370 γῆν,
1037 2298 1132 2352 καὶ
1165 2299 1339 2371 νηκτὰ
1364 2301 1505 2354 κατά
1526 2301 1589 2354 τὸ
1614 2301 1783 2372 ὕδωρ·

209 2388 514 2449 τελευταῖον
561 2389 652 2443 τὸν
696 2389 1005 2461 ἄνθρωπον,
1058 2390 1462 2461 προετοιμάσας
1496 2391 1572 2455 ὡς
1613 2389 1789 2446 οἰκίαν

210 2479 360 2550 αὐτῷ
388 2479 681 2551 καλλίστην
727 2481 788 2534 τὸ
833 2482 961 2545 πᾶν,
1016 2481 1241 2552 μίμημα
1279 2481 1378 2551 τῆς
1411 2482 1544 2545 ἰδίας
1583 2481 1791 2546 εἰκόνος

208 2570 451 2641 ἐμφερὲς
478 2572 556 2634 εἰς
576 2571 667 2623 τὸν
688 2571 892 2640 κόσμον
918 2572 1231 2643 εἰσήγαγεν,
1258 2571 1477 2642 ἄγαλμα
1499 2572 1575 2635 ὡς
1597 2573 1654 2624 ὲν
1678 2573 1789 2643 ναῷ

209 2661 424 2733 φαιδρῷ
448 2661 611 2716 καλὸν
630 2666 751 2725 ταῖς
765 2661 957 2717 ἑαυτοῦ
981 2663 1140 2735 χερσὶ
1159 2662 1596 2727 κατασκευάσας.
1633 2664 1789 2727 Ἠπί-

209 2770 378 2810 στατο
407 2752 535 2827 γὰρ,
566 2755 648 2808 ὅτι
685 2754 902 2818 πάντως
936 2755 1073 2821 ὅπερ
1105 2755 1172 2809 ἂν
1203 2758 1269 2825 τῇ
1295 2752 1490 2807 ἑαυτοῦ
1521 2756 1786 2826 τεχνήση-

208 2862 301 2909 ται
329 2845 493 2917 χειρὶ,
524 2844 583 2919 ἐξ
603 2845 848 2916 ἀνάγκης
877 2845 1028 2899 ἔσται
1051 2845 1338 2911 ἀθάνατον,
1367 2845 1463 2905 ἆτε
1487 2845 1788 2908 ἀθανασίας

212 2935 393 3008 ἔργον.
452 2935 774 2999 Ἀθανασίας
810 2935 918 3009 γὰρ
949 2936 1195 2991 ἀθάνατα
1224 2937 1495 3006 γίγνεται,
1533 2934 1789 3007 καθάπερ

210 3028 309 3081 καὶ
330 3027 401 3080 τά
434 3027 579 3081 κακὰ
615 3027 833 3091 κακίας,
861 3027 956 3081 καὶ
995 3025 1064 3080 τὰ
1098 3026 1255 3081 ἄδικα
1285 3026 1517 3090 ἀδικίας.
1575 3027 1649 3079 υύ
1680 3026 1789 3097 γὰρ

1889 1838 2124 1908 aliquam
2179 1839 2474 1903 civitatem,
2523 1840 2785 1909 praeclaro
2833 1842 3024 1898 ordine
3075 1843 3342 1908 condidit,
3398 1859 3464 1899 ac

1891 1930 2041 1984 vocis
2064 1930 2297 2001 imperio
2323 1933 2633 1997 constituit,
2665 1934 2720 1988 in
2747 1947 2924 2003 coque
2949 1935 3219 1990 elementa
3249 1937 3464 2007 singula

1889 2018 2169 2089 aptissime
2203 2022 2533 2091 composuit,
2559 2038 2623 2079 ac
2654 2024 2823 2100 variis
2856 2025 3219 2081 animantium
3246 2028 3465 2097 generi-

1888 2112 1991 2171 bus
2025 2114 2322 2184 complerit
2368 2115 2575 2180 omnia,
2626 2122 2686 2169 ut
2722 2113 2813 2169 Iiic
2846 2115 3086 2174 mundus
3121 2117 3362 2187 perfecte
3397 2119 3463 2172 ad

1888 2220 2103 2260 omnem
2148 2205 2611 2275 pulchritudinem
2672 2205 3049 2271 adolesceret,
3104 2223 3228 2262 cum
3285 2210 3342 2264 in
3396 2225 3464 2264 eo

1888 2296 2234 2351 omnimodas
2260 2309 2470 2351 natura:
2497 2298 2703 2351 formas
2725 2296 2877 2352 vivas
2903 2296 3284 2367 animatasque
3333 2313 3462 2368 pro-

1889 2393 2151 2453 creasset,
2172 2396 2335 2457 atque
2352 2396 2407 2441 et
2429 2386 2483 2439 in
2505 2386 2644 2441 caelo
2663 2386 2932 2449 sidera,et
2962 2386 3018 2441 in
3040 2401 3166 2441 aere
3187 2388 3460 2451 volucres,

1855 2487 1940 2532 .ct
1986 2477 2039 2530 in
2079 2484 2226 2533 terra
2257 2477 2660 2547 quadrupedes,
2693 2486 2749 2532 et
2797 2478 2853 2533 in
2886 2479 3045 2547 aquis
3077 2479 3323 2535 natantia
3351 2481 3465 2535 col-

1890 2571 2147 2634 locasset.
2184 2579 2521 2641 postremum
2556 2573 2801 2627 oumium
2834 2572 3133 2638 hominem,
3170 2575 3259 2628 cui
3291 2582 3465 2629 totum

1888 2662 2035 2718 hunc
2063 2663 2325 2717 mundum
2360 2664 2508 2718 velut
2535 2664 2811 2734 egregium
2842 2664 3116 2735 quoddam
3149 2667 3462 2735 prmtorium

1890 2761 2197 2824 paraverat,
2252 2755 2333 2811 sic
2380 2763 2640 2825 tanquam
2682 2755 3037 2811 simulacrum
3081 2757 3354 2826 quoddam
3395 2758 3465 2811 ad

1888 2847 1974 2902 sui
1994 2846 2222 2918 elligiem
2244 2862 2565 2918 expressum
2587 2847 2644 2902 in
2668 2848 2855 2903 orbem
2878 2848 3212 2914 introduxit;
3247 2864 3310 2903 ac
3321 2850 3467 2904 velut

1887 2938 2224 3008 exquisitum
2253 2939 2471 3009 signum
2501 2939 2754 2994 manibus
2785 2939 2905 2994 suis
2932 2939 3268 2995 elaboratum
3303 2939 3460 3015 551

1890 3029 2154 3098 praeclaro
2188 3028 2243 3083 iu
2282 3029 2484 3099 templo
2506 3030 2813 3085 constituit.
2847 3028 3035 3100 Neque
3064 3031 3209 3085 enim
3243 3032 3464 3102 ignora?

208 3116 559 3189 δικαιοσύνης
590 3117 751 3190 ἔργον
778 3119 839 3171 τὸ
870 3117 1096 3181 ἀδικεῖν,
1121 3116 1258 3170 ἀλλά
1284 3117 1528 3180 ἁδικίας’
1572 3116 1682 3169 οὐδ’
1716 3112 1783 3169 αὖ

1892 3121 2001 3187 bat,
2048 3120 2413 3190 quodcunque
2435 3129 2626 3190 suapte
2656 3135 2816 3174 manu
2843 3118 3107 3186 tinxisset,
3129 3122 3461 3183 necessario.

209 3210 429 3274 ἀδικίας
475 3210 846 3281 ἀντιστρόφως
875 3209 936 3263 τὸ
975 3209 1389 3285 δικαιοπραγεῖν
1430 3208 1612 3279 ἔργον,
1656 3206 1792 3261 ἀλλά

208 3302 589 3372 δικαιοσύνης·
646 3300 836 3373 ὥσπερ
882 3301 1000 3354 οὐδὲ
1044 3298 1349 3371 ἀφθαρσίας
1379 3297 1439 3353 τὸ
1474 3297 1792 3370 φθείρεσθαι

211 3396 413 3459 ποιεῖν,
446 3394 581 3451 ἀλλά
607 3393 835 3464 φθορᾶς,
863 3391 923 3445 τὸ
953 3390 1300 3456 ἀθανατίζειν
1327 3391 1387 3444 οὐ
1420 3389 1646 3465 φθορᾶς,
1676 3388 1793 3449 ἀλλ’

212 3486 545 3555 ἀφθαρσίας.
576 3485 685 3538 Καὶ
709 3483 1030 3555 συλλήϐδην,
1058 3476 1167 3537 οἷον
1187 3482 1252 3536 ἂν
1332 3481 1392 3537 τὸ
1414 3479 1622 3542 ποιοῦν.
1655 3480 1794 3535 κατά

210 3578 309 3630 τὴν
338 3578 497 3631 αὐτὸν
525 3576 696 3640 οὕτως
720 3575 877 3643 λόγον
897 3574 1054 3635 τοῦτο
1082 3573 1399 3644 ποιούμενον
1434 3573 1449 3603 ⁸
1475 3571 1535 3637 ἐξ
1554 3572 1795 3641 ἁνάγκης

210 3668 626 3740 ἀπεργάζεσθαι
660 3666 966 3735 συμϐαίνει.
1032 3667 1090 3720 ὐ
1116 3666 1173 3719 δὲ
1208 3664 1340 3728 Θεὸς
1378 3666 1473 3717 καὶ
1506 3662 1792 3725 ἀθανασία,

212 3759 315 3812 καὶ
354 3757 490 3834 ζωῆς
534 3760 626 3822 καὶ
662 3757 964 3830 ἀφθαρσία·
1009 3756 1168 3828 ἔργον
1204 3755 1262 3809 δὲ
1303 3754 1586 3826 ἄνθρωπος
1633 3752 1790 3807 Θεοῦ.

210 3851 335 3915 ῐέἄν
358 3850 413 3902 δὲ
437 3850 497 3902 τὸ
527 3849 632 3902 ὑπὸ
667 3848 964 3912 ἀθανασίας
1007 3846 1275 3918 ἐργασθὲν
1304 3845 1570 3899 ἀθάνατον
1590 3863 1603 3877 ο
1658 3844 1794 3898 ἀθα-

211 3960 379 4005 νατος
407 3942 516 4014 ἄρα
534 3945 562 3995 ό
590 3941 895 4011 ἄνθρωπος.
918 3939 1010 3994 Διὸ
1039 3939 1103 4010 δὴ
1136 3939 1226 4000 τὸν
1251 3938 1349 4010 μὲν
1380 3936 1666 4009 ἄνθρωπον
1696 3937 1793 3990 αὐ-

209 4032 523 4105 τούργησεν
550 4035 578 4086 ὁ
605 4032 759 4096 Θεὸς,
794 4031 861 4085 τὰ
892 4031 952 4085 δὲ
981 4028 1144 4083 λοιπά
1174 4029 1306 4100 γένη
1336 4026 1489 4092 ζώων
1518 4026 1663 4098 ἀέρι,
1699 4027 1793 4079 καὶ

210 4129 314 4199 γῇ,
343 4125 440 4179 καὶ
463 4123 615 4177 ὕδατι
641 4122 940 4193 προσέταξε
971 4119 1179 4191 φέρειν.

1890 3220 2077 3283 utpote
2095 3211 2520 3267 immortalitatis
2534 3225 2692 3281 opus,
2714 3211 3021 3267 immortale
3040 3211 3303 3270 futurum.
3328 3211 3463 3266 Nam

1888 3301 1960 3359 ab
1988 3300 2398 3355 immortalitate
2426 3299 2755 3354 immortalia
2775 3299 3222 3370 proﬁciscuntur.
3255 3305 3403 3356 velut
3434 3319 3463 3355 a

1888 3391 2098 3445 malitia
2114 3406 2237 3461 qua:
2266 3390 2408 3444 mala
2427 3396 2576 3453 sunt,
2608 3397 2662 3445 et
2688 3390 2756 3443 ab
2784 3388 3051 3458 injustitia
3083 3390 3307 3460 iniusta.
3347 3390 3468 3447 Non

1890 3482 2035 3536 enim
2053 3480 2284 3550 iustitiae
2299 3495 2436 3551 opus
2452 3489 2534 3536 est
2549 3478 2737 3548 iniusti
2758 3480 2960 3550 aliquid
2987 3480 3185 3544 facere,
3209 3482 3302 3537 sed
3324 3482 3441 3551 inju
3454 3512 3469 3522 -

1894 3571 2076 3636 stitiaa,
2092 3585 2270 3640 neque
2285 3585 2353 3626 ex
2374 3570 2606 3625 adverso
2623 3568 2771 3638 juste
2791 3569 2993 3639 aliquid
3011 3584 3171 3640 agere
3190 3569 3471 3639 iniustitiae

1892 3667 1999 3723 est,
2019 3657 2112 3714 sed
2124 3658 2387 3727 iustitiae;
2421 3658 2643 3727 perinde
2672 3672 2735 3713 ac
2762 3660 3129 3727 corruptelam
3148 3659 3342 3715 alierre
3359 3676 3468 3716 non

1892 3748 2327 3819 iucorruptionis
2359 3756 2465 3811 est,
2498 3746 2594 3803 sed
2625 3750 2996 3818 corruptionis
3026 3753 3328 3821 proprium.
3381 3754 3472 3806 Sic

1893 3840 2197 3896 immortale
2220 3839 2403 3897 facere
2427 3855 2536 3894 non
2563 3839 2954 3909 corruptionis.
2981 3843 3076 3899 sed
3105 3842 3466 3913 incon-optio-

1898 3931 1986 3991 nis
2019 3938 2122 3985 est.
2171 3930 2349 3999 Atque
2394 3937 2454 3983 ut
2504 3942 2614 3983 uno
2658 3930 2825 3984 verbo
2864 3928 3065 3992 dicam,
3107 3932 3268 4002 quale
3299 3942 3382 3989 cst
3420 3935 3472 3991 ω

1899 4022 2044 4093 quod
2094 4022 2233 4092 agit,
2285 4022 2392 4077 tale
2430 4022 2485 4076 id
2523 4021 2738 4077 ellicere
2775 4022 3089 4078 necessario
3127 4024 3290 4087 solet,
3326 4028 3473 4094 quod

1897 4116 1967 4171 ab
1995 4130 2063 4170 eo
2099 4114 2441 4185 producitur.
2500 4114 2665 4185 Atqui
2696 4113 2839 4170 Deus
2875 4126 2928 4170 et
2957 4114 3339 4171 immortalitas
3365 4125 3472 4179 est,

208 4227 274 4279 et
301 4218 430 4283 vita,
461 4224 515 4271 et
546 4215 917 4285 incorruptio;
956 4212 1119 4267 homo
1148 4225 1278 4266 vero
1312 4209 1406 4265 Dei
1437 4224 1577 4280 opus
1604 4216 1708 4264 est.
1733 4207 2010 4278 Quidquid
2034 4223 2164 4265 vero
2192 4207 2261 4263 ab
2287 4207 2697 4262 immortalitate
2725 4205 3043 4270 fabricatur,
3073 4208 3380 4265 immortale
3402 4211 3470 4264 sit

212 4323 459 4385 oportet.
505 4312 687 4379 Quare
721 4310 1050 4366 immortalis
1079 4316 1164 4364 est
1201 4309 1386 4365 homo.
1416 4306 1711 4378 PrOpterea
1729 4305 1872 4360 Deus
1901 4304 2175 4361 hominem
2206 4301 2305 4361 sua
2333 4320 2498 4361 manu
2523 4304 2711 4360 ﬁnxit:
2748 4311 2940 4358 caetera
2964 4319 3092 4359 vero
3119 4305 3473 4361 animantium

211 4423 420 4481 genera
449 4422 649 4470 aerem,
688 4411 887 4459 terram
916 4414 971 4457 ct
993 4417 1188 4473 aquam
1223 4402 1390 4472 jussit
1428 4400 1748 4471 producere.

294 4505 615 4576 Ἀνθρωπος
676 4504 733 4558 δὲ
786 4502 1123 4574 ἀληθέστατα
1181 4502 1396 4570 λέγεται
1451 4497 1592 4552 κατὰ
1640 4497 1790 4567 φύσιν

1974 4496 2242 4551 Caeterum
2271 4493 2457 4557 homo,
2481 4493 2526 4550 si
2557 4493 2677 4562 ejus
2706 4500 2959 4547 naturam
2991 4490 3272 4561 inspicias.
3310 4495 3485 4549 veris,-

208 4596 345 4653 οὔτε
401 4597 548 4670 ψυχὴ
601 4598 769 4670 χωρὶς
822 4595 1092 4667 σώματος,
1118 4593 1229 4650 οὔτ’
1288 4588 1355 4648 αὖ
1414 4591 1571 4661 σῶμα
1629 4588 1798 4660 χωρὶς

207 4693 419 4764 ψυχῆς,
452 4690 587 4747 ἀλλά
630 4690 690 4749 τὸ
736 4691 800 4745 ὲκ
831 4688 1140 4750 συστάσεως
1183 4685 1361 4755 ψυχῆς
1399 4683 1492 4743 καὶ
1547 4685 1799 4751 σώματος

209 4787 301 4849 εἰς
346 4784 475 4854 μίαν
519 4782 617 4853 τὴν
663 4779 757 4835 τοῦ
800 4777 967 4833 καλοῦ
1026 4777 1236 4848 μορφὴν
1309 4773 1580 4828 συντεθέν.
1635 4769 1798 4825 Ὅθεν

209 4875 473 4931 ἐντεῦθεν
503 4873 767 4933 ἀθάνατον
803 4871 867 4943 δὴ
908 4870 1001 4923 τὸν
1045 4867 1327 4939 ἄνθρωπον
1366 4866 1644 4933 γεγονέναι
1677 4863 1800 4926 φαί-

211 4984 398 5032 νεται,
449 4966 652 5037 φθορᾶς
694 4964 749 5018 δὲ
786 4963 1003 5029 ἁπάσης
1042 4960 1137 5013 καὶ
1172 4958 1339 5016 νόσων
1393 4954 1569 5017 ἐκτός.
1626 4952 1800 5007 Μαθοι

209 5061 264 5116 δ’
297 5062 364 5116 ἄν
392 5077 476 5124 τις
526 5058 682 5113 τοῦτο
732 5058 825 5110 καὶ
870 5054 980 5109 ἀπὸ
1026 5054 1123 5124 τῆς
1157 5050 1375 5122 Γραφῆς
1417 5046 1634 5109 ἱκανῶς.
1680 5045 1803 5099 Ἐπὶ

210 5152 335 5224 γὰρ
391 5150 499 5206 τῶν
556 5150 730 5205 ἄλλων
752 5189 768 5215 ,
834 5146 1010 5205 ὁπόσα
1067 5142 1274 5215 χρόνων
1335 5134 1804 5210 μετακοσμοῦνται

208 5239 530 5305 διαστολαῖς
566 5239 804 5312 ἡϐῶντα,
848 5236 943 5290 καὶ
987 5233 1357 5306 γηράσκοντα,
1414 5224 1802 5295 Ἑξαγαγέτοι,

213 5332 469 5403 λέγεται,
498 5332 572 5385 τὰ
600 5329 791 5385 ὕδατα
818 5325 1035 5396 ἑρπετὰ
1064 5321 1283 5394 ψυχῶν
1320 5317 1541 5382 (ἱεισῶν,
1575 5316 1673 5370 καὶ
1702 5331 1807 5370 πε·

212 5422 396 5480 εεινὰ
426 5420 723 5491 πετόμενα
752 5417 851 5472 ἐπὶ
884 5415 992 5485 τῆς
1023 5413 1158 5485 γῆς,
1192 5410 1343 5466 κατὰ
1385 5409 1451 5462 τὸ
1501 5405 1804 5473 στερέωμα

214 5514 337 5584 τοῦ
371 5510 658 5581 οὐρανοῦ·
686 5505 1178 5578 καὶ-,Ἐξαγταγέτω
1199 5504 1236 5571 ἡ
1266 5501 1340 5574 γῆ
1374 5498 1586 5571 ψυχὴν
1609 5496 1805 5557 ζῶσαν

303 5677 321 5713 ³
359 5674 485 5733 Cor.
546 5676 736 5727 τθιποι.

517 5767 788 5832 ΡΑῐιιοι..
822 5768 937 5826 (in.
990 5764 1035 5824 Χ
1056 5762 1151 5822 LI.

1902 4589 2041 4644 sime
2064 4604 2189 4643 esse
2211 4586 2413 4641 dicitur
2437 4598 2547 4639 non
2574 4584 2825 4655 corporis
2844 4597 3040 4653 expers
3067 4583 3270 4644 anima,
3301 4599 3474 4652 neque

1903 4692 2107 4747 corpus
2146 4676 2327 4729 anima
2371 4672 2728 4738 destitutum;
2788 4670 2882 4727 sed
2928 4670 2981 4724 id
3033 4670 3177 4739 quod
3217 4670 3269 4723 in
3311 4687 3474 4725 uuam

1900 4766 2117 4837 pulchri
2145 4765 2378 4835 bonique
2411 4763 2643 4817 formam
2671 4778 2738 4818 ex
2767 4762 2963 4816 anima:
2988 4770 3042 4816 et
3069 4761 3316 4831 corporis
3340 4776 3473 4816 con—

1899 4856 2185 4927 junctione
2228 4856 2519 4913 conﬂatur.
2578 4852 2656 4910 Ex
2688 4870 2798 4925 quo
2827 4854 3047 4925 quidem
3094 4855 3273 4925 colligi
3316 4870 3475 4923 posse

1902 4949 2141 5014 videtur,
2168 4947 2529 5002 immortalem
2554 4944 2825 5000 hominem
2844 4959 2967 5001 esse
2998 4942 3224 5005 factum.
3248 4960 3347 4998 nec
3369 4960 3475 4999 ιιηιι

1903 5052 1956 5095 et
2005 5040 2377 5109 corruptionis
2423 5037 2637 5103 ouinis,
2703 5051 2768 5090 ac
2811 5036 3127 5090 morborum
3175 5044 3475 5105 expertem.

1902 5129 2081 5199 Atque
2103 5129 2207 5184 hoc
2235 5130 2413 5198 ipsum
2445 5142 2617 5182 sacrae
2644 5125 2860 5180 Littera:
2888 5124 3104 5181 abunde
3130 5140 3232 5180 nos
3255 5125 3475 5180 docent.

1901 5217 2037 5272 Nam
2068 5218 2122 5272 iu
2161 5218 2406 5287 reliquis,
2436 5231 2559 5287 qua:
2594 5225 2901 5285 temporum
2929 5221 3133 5267 mutata
3161 5212 3356 5283 spatiis
3380 5213 3477 5268 ade

1901 5311 2143 5365 olcscere
2167 5324 2231 5364 ac
2253 5322 2648 5364 consenescere
2677 5308 2885 5363 solent:
2922 5303 3251 5370 Producaut,
3277 5305 3477 5375 inquit.

1902 5417 2054 5469 aqua:
2074 5400 2289 5464 reptilia
2311 5401 2613 5455 animarum
2631 5400 2909 5453 rirentium
2928 5405 2977 5450 et
2997 5397 3230 5451 volucres
3245 5395 3480 5451 volantes

1902 5509 2059 5562 super
2091 5502 2307 5557 terram,
2331 5494 2493 5561 juxta
2521 5490 2911 5561 firmamentum
2938 5490 3113 5545 cwii‘.
3147 5488 3307 5543 Item:
3343 5483 3482 5537 Pro-

814 5676 833 5705 ²
865 5671 996 5727 Thr.
1028 5685 1108 5733 ιιι,
1134 5668 1223 5723 δι.
1302 5670 1322 5700 ³
1350 5668 1492 5725 Psal.
1521 5681 1679 5733 cur,
1711 5663 1762 5717 7.
1839 5661 1861 5687 "
1894 5659 2029 5716 Gen.
2074 5677 2112 5723 ι,
2146 5658 2216 5712 20

3135 5741 3217 5803 3.3
