3948 6068
524 192 662 253 1099

1903 200 1962 255 S.
2002 198 2341 257 EPII’IIANII

3629 211 3784 271 HM

519 317 682 364 ducat
735 319 875 364 terra
928 311 1162 364 animam
1211 313 1459 365 viventem
1519 312 1799 368 secundum
1845 315 2064 382 speciem

2206 315 2353 369 κατὰ
2377 316 2547 385 γένος
2574 316 2925 386 τετράποδα,
2954 319 3053 373 καὶ
3079 320 3315 389 ἑρπετὰ,
3348 321 3448 377 καὶ
3467 325 3652 392 θηρία
3685 327 3793 396 τῆς

521 400 914 471 quadrupedia,
985 401 1201 472 reptilia
1256 412 1304 458 et
1359 404 1552 459 bestias
1616 416 1769 461 terra:
1812 407 2098 462 secundum

518 510 677 563 genus
705 495 742 548 ⁸.
783 491 881 548 Ubi
909 493 976 547 ad
1011 494 1286 549 hominem
1319 504 1638 564 perventum
1670 508 1755 554 est
1775 535 1793 563 ,
1841 514 1946 553 non
1979 516 2099 570 per-

519 582 644 638 inde
671 595 727 636 ut
760 583 814 636 in
845 582 968 638 aliis
997 583 1169 638 dixit:
1225 582 1496 640 Producat
1525 596 1706 641 terra:
1739 596 1855 651 aut,
1894 586 2099 642 Produ-

522 685 646 727 cant
686 680 873 743 (tanta:
910 686 1021 739 aut,
1057 673 1220 729 Fiant
1262 676 1550 730 luminaria
1566 679 1609 731 '.
1651 675 1778 743 Sed,
1806 676 2094 734 Faciamus

516 766 778 819 hominem
810 765 879 819 ad
912 766 1214 837 imaginem,
1255 776 1302 821 et
1330 768 1735 823 similitudinem
1759 780 1998 824 nostram
2043 781 2093 825 et

514 858 695 926 pmsit
723 857 975 927 piscibus,
1001 868 1049 911 et
1081 859 1388 912 volatilibus
1417 860 1554 925 caeli,
1582 869 1636 913 et
1666 862 1922 916 universis
1938 878 2093 931 pecu-

514 950 726 1003 dibns’.
772 949 854 1013 Et,
891 949 1102 1019 Accepit
1144 950 1279 1004 Deus
1315 951 1378 1006 de
1399 952 1523 1004 limo
1555 961 1728 1017 terra},
1763 962 1812 1005 et
1840 952 2123 1029 formavit_

513 1042 773 1095 hominem
797 1041 839 1094 ‘.

585 1131 770 1187 XVIII.
813 1133 991 1203 Atque
1042 1142 1101 1188 ut
1152 1133 1393 1190 hominis
1448 1150 1477 1189 a
1527 1136 1740 1191 caeteris
1790 1136 2092 1193 discrimen

517 1226 691 1294 magis
725 1239 787 1278 ac
822 1225 992 1294 magis
1024 1226 1222 1281 intueri
1250 1227 1493 1296 possitis,
1527 1234 1902 1296 quantumque
1937 1238 2092 1283 ante-

513 1319 673 1373 cellat
705 1318 982 1381 omnibus,
1005 1325 1058 1372 et
1087 1324 1146 1372 ut
1172 1318 1475 1372 secundum
1508 1326 1634 1387 post
1665 1319 1889 1387 angelos
1915 1318 2094 1389 digni-

511 1411 644 1464 tatis
694 1410 872 1463 Iocum
926 1410 1182 1464 obtinens
1231 1410 1642 1465 immortalitate
1687 1410 1760 1464 sit
1807 1411 2089 1479 praeditus,

511 1515 610 1570 age
640 1499 784 1553 istud
818 1500 995 1569 ipsum
1023 1500 1205 1554 denuo
1236 1515 1300 1555 ex
1355 1516 1482 1555 vera
1512 1508 1567 1555 et
1592 1501 1894 1555 orthodoxa
1923 1503 2092 1557 ratio-

509 1606 580 1646 ne
611 1590 976 1659 disputemus.
1015 1590 1177 1663 542
1221 1589 1430 1646 Etenim
1475 1593 1689 1647 caeteris
1717 1593 1934 1663 quidem
1967 1595 2088 1648 ani-

2201 405 2311 476 τῆς
2345 408 2494 462 κατὰ
2532 409 2722 479 γένος.
2778 410 2904 465 Ἐπὶ
2944 410 3002 465 δὲ
3039 411 3138 466 τοῦ
3189 412 3475 485 ἀνθρώπου
3518 414 3795 483 ὡσαύτως

2200 498 2450 562 ἐκείνοις,
2496 499 2856 570 Ἐξαγαγέτω
2883 503 2921 569 ἠ
2945 502 3042 572 γῆ,
3076 504 3292 558 οὐκέτι·
3328 506 3384 577 ἢ,
3414 507 3794 577 Ἐξαγαγέτω

2199 589 2270 644 τὰ
2328 589 2514 643 ὕδατα
2534 608 2546 620 ·
2601 591 2656 662 ἢ,
2709 594 3151 661 Γενηθήτωσαν
3197 597 3532 666 φωστῆρες.
3596 600 3791 667 Ἀλλὰ,

2196 680 2546 751 Ποιήσωμεν
2560 681 2874 751 ἇνθρωπεν
2891 688 3019 740 κατ’
3044 688 3265 754 εἰκόνα,
3301 689 3399 743 καὶ
3420 693 3552 746 καθ’
3575 694 3764 763 ὁμοίω

2196 788 2302 827 σιν
2340 774 2655 843 ἡμετέραν,
2692 778 2787 829 καὶ
2838 778 3189 848 ἀρχέτωσαν
3229 780 3336 836 τῶν
3393 786 3640 853 ἰχθύων,
3686 788 3787 842 καὶ

2194 864 2314 918 τῶν
2366 865 2653 921 πετεινῶν
2707 869 2814 923 τοῦ
2865 873 3149 938 οὐρανοῦ,
3197 873 3293 929 καὶ
3355 874 3602 930 πάντων
3667 879 3785 932 τῶν

2201 957 2465 1027 κτηνῶνο
2522 962 2637 1022 καὶ,
2705 963 2957 1017 Ἔλαϐεν
2993 968 3026 1019 ό
3085 966 3226 1033 Θεὸς
3291 968 3447 1038 χοῦν
3504 968 3627 1023 ἀπὸ
3677 967 3780 1041 τῆς

2194 1049 2327 1121 τῆς,
2356 1050 2453 1104 καὶ
2482 1050 2716 1105 ἔπλασε
2753 1050 2861 1106 τὸν
2892 1053 3226 1123 ἄνθρωπον.

2263 1143 2372 1197 1Η’.
2412 1143 2522 1196 Καὶ
2554 1143 2643 1197 ἵνα
2679 1143 2743 1216 δὴ
2800 1145 2999 1215 μᾶλλον
3031 1150 3126 1201 καὶ
3171 1150 3328 1220 ὑμεῖς
3369 1148 3471 1220 τὴν
3510 1151 3781 1223 διαφοράν

2192 1233 2477 1306 αἴσθησθε,
2511 1234 2586 1299 ὼς
2611 1235 2746 1289 ὅλων
2769 1236 2867 1290 καὶ
2902 1238 3068 1292 παντὶ
3123 1239 3232 1294 τῶν
3265 1241 3437 1295 ἄλλων
3474 1242 3779 1314 διαφέρων,

2193 1324 2288 1378 καὶ
2317 1326 2374 1380 ὲν
2417 1323 2645 1395 δευτέρᾳ
2686 1327 2818 1396 τιμῇ
2867 1324 2974 1379 τῶν
3002 1326 3247 1396 ἀγγέλων
3287 1327 3716 1398 ἐγκαταλεχθεὶς
3750 1332 3779 1384 ἁ

2191 1414 2474 1488 ἄνθρωπος
2515 1415 2829 1487 εὑρίσκεται
2876 1417 3143 1482 ἀθάνατος
3182 1417 3277 1483 ὢν,
3319 1420 3446 1491 φέρε
3496 1419 3641 1473 κατὰ
3685 1421 3781 1475 τὸν

2190 1506 2365 1578 ἀληθῆ
2392 1508 2552 1562 πάλιν
2588 1509 2681 1562 καὶ
2710 1508 2987 1581 ὀρθόδοξον
3027 1510 3121 1567 καὶ
3156 1510 3314 1565 τοῦτο
3357 1512 3592 1566 διαλάϐω
3618 1513 3778 1582 λογι-

2192 1599 2349 1671 σμόν.
2387 1600 2514 1664 Τοῖς
2545 1600 2647 1671 μὲν
2669 1600 2778 1673 γὰρ
2811 1602 2918 1656 ἀπὸ
2947 1602 3042 1673 τῆς
3076 1602 3327 1674 εἰσπνοῆς
3370 1601 3464 1656 τοῦ
3499 1603 3646 1658 κατὰ
3679 1605 3779 1659 τὸν

508 1684 788 1737 mantibus
814 1697 878 1735 ex
911 1683 1058 1737 illius
1094 1684 1343 1752 spiritus,
1393 1683 1487 1754 qui
1521 1699 1617 1753 per
1643 1699 1822 1738 aerem
1852 1686 2075 1741 dimisus

2189 1691 2329 1763 ἀέρα
2369 1692 2675 1764 πνεύματος
2718 1693 3077 1765 ὲμψυχῶσθαι
3109 1695 3129 1727 "
3165 1694 3318 1766 ἐδόθη
3358 1694 3419 1748 τὸ
3448 1693 3567 1767 ζῇν,
3598 1695 3687 1767 τῷ
3714 1696 3774 1750 δὲ

506 1781 591 1827 est
616 1772 956 1828 immissione
977 1773 1159 1827 anima
1188 1780 1273 1828 est
1295 1773 1516 1844 vitaque
1544 1788 1830 1829 concessa.
1864 1774 2083 1830 llomiui

507 1878 638 1918 vero
689 1861 927 1932 idipsum
982 1878 1047 1917 ex
1100 1863 1396 1917 immortali
1433 1872 1595 1934 atque
1626 1864 1913 1918 excellenti
1948 1866 2081 1920 sub-

506 1955 707 2010 stantia
734 1953 996 2008 tributum
1020 1973 1032 2009 :
1060 1952 1347 2024 Inspiravit
1367 1957 1506 2008 enim
1525 1953 1665 2009 Deus
1690 1957 1743 2009 in
1765 1955 2082 2027 faciemejus

504 2046 831 2115 spiraculum
864 2046 983 2100 uiue
1007 2062 1028 2110 ;
1055 2056 1103 2100 et
1140 2047 1315 2115 [actus
1359 2056 1437 2101 est
1468 2048 1621 2100 homo
1654 2049 1712 2102 in
1741 2049 1974 2102 animam
2006 2050 2082 2103 vi-

501 2146 702 2191 rentem
720 2137 763 2190 ⁸.
800 2135 915 2191 Illis
952 2137 1161 2192 servire
1208 2145 1372 2209 atque
1408 2137 1637 2208 imperio
1674 2138 1923 2205 subesse,
1955 2138 2083 2194 huic

502 2230 773 2285 dominari
800 2237 965 2300 atque
999 2229 1287 2301 imperium
1338 2246 1598 2286 exercere
1628 2232 1943 2285 mandatum
1974 2239 2079 2288 est.

502 2321 598 2376 IIIa
636 2321 886 2377 diversas
916 2328 1238 2375 naturarum
1271 2321 1475 2392 elligies
1523 2321 1839 2393 formasque
1886 2324 2078 2377 sortita

501 2424 667 2483 sunt;
702 2420 972 2485 quotquot
996 2412 1087 2468 Det
1117 2413 1278 2483 jussu
1308 2413 1483 2469 solida
1519 2421 1572 2469 et
1607 2414 1960 2484 aspectabilis
1985 2428 2081 2466 na-

498 2513 622 2560 tura
651 2505 928 2575 produxit.
959 2502 1097 2558 Huic
1125 2504 1217 2559 Dei
1245 2504 1416 2558 indita
1439 2504 1739 2559 similitudo
1770 2511 1852 2558 est
1881 2503 1946 2557 ad
1972 2504 2081 2573 pri-

499 2612 642 2651 mam
673 2596 843 2656 illam,
871 2604 926 2649 et
964 2594 1298 2665 unigenitam
1333 2593 1511 2649 Patris
1536 2596 1826 2665 imaginem
1860 2594 2079 2663 penitus

497 2702 757 2756 esprcssa
797 2701 813 2738 :
842 2683 991 2739 Fecit
1034 2686 1176 2739 enim
1208 2684 1348 2739 Dens
1376 2686 1632 2739 hominem
1656 2701 1675 2749 ;
1707 2684 1777 2737 ad
1799 2685 2077 2753 imaginem

498 2777 597 2832 Dei
626 2776 749 2845 fecit
780 2777 980 2831 illum“.
1002 2775 1154 2831 Unde
1181 2785 1236 2832 et
1262 2777 1612 2831 simulacrum
1631 2790 1812 2839 suum,
1837 2783 2078 2845 utquam

497 2867 735 2920 maxime
784 2864 1001 2919 ﬁrmum
1050 2880 1116 2920 ac
1158 2866 1353 2921 stabile
1385 2879 1549 2930 esset,
1582 2881 1769 2921 curam
1804 2867 2073 2931 adhibuit,

500 2972 635 3012 neve
681 2959 1035 3028 corruptione
1068 2959 1268 3013 tentari
1303 2958 1461 3014 facile
1493 2967 1698 3029 posset,
1738 2959 1962 3029 perinde
1992 2966 2073 3014 at~

496 3063 604 3117 que
630 3047 823 3105 edictis
869 3066 898 3103 a
932 3066 990 3105 se
1034 3050 1235 3105 statuis
1281 3051 1571 3106 consulere
1603 3051 1841 3105 artiﬁces
1873 3052 2069 3107 solent.

497 3137 602 3204 Qui
634 3153 741 3191 non
774 3138 936 3192 modo
961 3138 1382 3194 simulacrorum
1416 3154 1644 3193 suorum
1677 3140 2071 3208 pulchritudini

494 3244 562 3284 ac
610 3229 794 3285 decori
845 3231 1092 3295 student,
1131 3238 1189 3284 ut
1219 3231 1417 3284 eximia
1449 3231 1629 3299 specie
1673 3246 1737 3283 ac
1786 3233 2072 3301 magnifica

495 3321 627 3385 sint,
654 3320 748 3375 sed
780 3321 942 3376 etiam
974 3320 1458 3385 immortalitatem,
1487 3320 1667 3389 quoad
1698 3332 1949 3389 possunt,
1975 3322 2071 3377 iis-

493 3410 618 3467 dem
648 3412 783 3480 ipsis
820 3411 1060 3465 tribuere
1093 3418 1385 3475 conantur,
1416 3417 1474 3462 ut
1502 3426 1663 3480 quam
1692 3411 2069 3482 longissimum

492 3499 548 3552 in
604 3507 821 3569 tempus
872 3500 1081 3570 integra
1148 3500 1481 3571 minimeque
1532 3501 1800 3557 dissoluta
1860 3519 2071 3572 perma-

492 3598 675 3644 ncaut.
713 3591 769 3645 Id
815 3591 960 3661 quod
1004 3590 1251 3645 Phidiam
1298 3592 1439 3647 inter
1465 3600 1691 3649 cancros
1728 3592 1924 3649 fecisse
1959 3611 2070 3651 me-

491 3690 726 3737 morant.
755 3681 855 3738 Hic
883 3684 1053 3748 enim,
1090 3698 1212 3739 cum
1240 3682 1505 3755 Olympici
1534 3683 1687 3741 lovis
1713 3686 2068 3743 simulacrum

487 3774 739 3831 ﬁnxisset
790 3791 857 3830 ex
893 3775 1080 3841 ebore,
1110 3776 1288 3831 oleum
1327 3776 1393 3830 ad
1444 3778 1609 3847 pedes
1663 3785 1788 3833 ante
1833 3787 2067 3834 statuam

485 3866 648 3936 jussit
675 3865 900 3935 edundi,
931 3882 1042 3938 quo
1078 3866 1384 3923 immortale
1412 3866 1559 3922 illam
1593 3876 1857 3939 quantum
1888 3882 2067 3940 posset

485 3957 737 4013 ediceret.

551 4052 690 4106 Cum
720 4050 888 4121 igitur
924 4049 978 4104 in
1013 4050 1082 4106 iis
1116 4049 1397 4120 operibus,
1431 4064 1554 4119 qua
1592 4052 1844 4109 manibus
1878 4054 2063 4110 elabo-

484 4144 743 4204 raverint.
773 4141 1016 4198 artiﬁces
1060 4140 1165 4196 ista
1218 4141 1551 4206 moliantur;
1584 4155 1767 4197 nonne
1798 4152 2065 4213 praestan-

482 4235 730 4290 tissimus
753 4235 841 4287 ille
866 4234 1045 4303 opifex
1080 4231 1245 4297 Deus,
1276 4234 1371 4304 qui
1402 4233 1484 4287 vel
1514 4249 1579 4289 ex
1611 4234 1783 4290 nihilo
1810 4251 2064 4305 procrea-

2189 1783 2247 1851 ἐξ
2267 1784 2438 1854 αὐτῆς
2456 1785 2556 1855 τῆς
2582 1785 2847 1841 ἀθανάτου
2875 1789 2967 1841 καὶ
2992 1788 3353 1863 διαφερούσης
3374 1787 3579 1852 οὐσίας.
3652 1790 3771 1844 Ἑν-

2187 1876 2461 1944 εςςύσησε
2472 1876 2582 1946 pdp
2601 1879 2633 1930 ό
2654 1876 2798 1943 Θεὸς
2815 1880 2902 1943 εις
2921 1878 2989 1932 τὸ
3016 1879 3341 1947 πρόσωπον
3359 1877 3543 1933 αὐτοῦ
3562 1879 3773 1948 πνοὴν

2186 1965 2363 2036 ζὶυῆςθ
2402 1970 2502 2023 καὶ
2543 1970 2783 2041 ἐγένετο
2826 1970 3139 2040 ἄνθρωπος
3179 1975 3267 2040 εὶς
3304 1976 3515 2043 ψυχὴν
3543 1971 3767 2034 ζῶσαν.

2185 2057 2297 2111 Kal.
2322 2061 2434 2122 τοῖς
2460 2058 2560 2130 μὲν
2585 2059 2856 2115 δουλεύειν
2898 2064 2994 2118 καὶ
3024 2062 3288 2135 ἄρχεσθαι
3317 2066 3651 2136 προσετάτη,
3685 2063 3768 2135 τῷ

2184 2146 2240 2200 δὲ
2275 2148 2464 2220 ἄρχειν
2502 2150 2597 2203 καὶ
2632 2150 2929 2217 δεσπόζειν.
2959 2154 3070 2206 Καὶ
3094 2155 3206 2217 τοῖς
3242 2152 3341 2224 μὲν
3378 2153 3603 2226 διάφορα
3626 2156 3765 2225 σχή-

2188 2257 2331 2315 ματα
2364 2242 2575 2309 φύσεων
2616 2242 2864 2310 δίδονται,
2908 2246 3002 2299 καὶ
3050 2245 3275 2315 μορφαὶ,
3328 2246 3589 2314 ὁπόσαςή
3635 2263 3765 2299 στε-

2189 2307 2405 2403 ρέμνιος
2438 2334 2531 2389 καὶ
2560 2333 2728 2405 ὁρατὴ
2778 2307 2941 2403 φύσις
2970 2307 3282 2397 κελεύοντος
3319 2333 3412 2387 τοῦ
3445 2307 3765 2402 Θεοῦ-ἐγέν-

2183 2439 2335 2492 νησε,
2366 2422 2443 2493 τῷ
2472 2423 2527 2475 δὲ
2557 2423 2786 2488 θεοειδές
2824 2426 2918 2478 καὶ
2950 2424 3269 2489 θεοείκελον,
3296 2424 3389 2478 καὶ
3419 2425 3590 2479 πάντα
3620 2425 3765 2496 πρὸς

2183 2514 2395 2586 ἐκείνην
2417 2516 2877 2588 ἀπηκριϐωμένον
2912 2517 3011 2588 τὴν
3043 2518 3396 2588 πρωτότυπον
3424 2515 3513 2570 τοῦ
3542 2517 3767 2588 Πατρὸς

2182 2608 2276 2661 καὶ
2325 2609 2588 2680 μονογενῆ
2637 2609 2837 2663 εἰκόνα’
2897 2610 3183 2679 Ἐποίησε
3238 2612 3344 2680 γὰρ
3382 2613 3415 2663 ό
3459 2610 3600 2675 Θεὸς
3651 2610 3767 2664 τὸν

2118 2764 2125 2771 ⁸
2181 2697 2495 2767 ἄνθρωπον
2511 2718 2523 2731 ·
2561 2702 2688 2755 κατ’
2712 2701 2919 2757 εἰκόνα
2944 2702 3091 2755 Θεοῦ
3111 2701 3400 2770 ἐποίησεν
3420 2701 3622 2754 αὐτόν.
3666 2701 3771 2755 Διὸ

2180 2787 2277 2843 καὶ
2321 2787 2588 2859 ἐμέλησεν
2648 2787 2795 2860 αὑτῷ
2842 2790 2940 2862 τῆς
2996 2789 3088 2843 τοῦ
3135 2790 3387 2860 σφετέρου
3432 2788 3771 2859 ἀγάλματος

2178 2880 2457 2952 διαμονῆς,
2493 2880 2580 2934 ῖνα
2621 2880 2694 2952 μὴ
2724 2881 2994 2937 εὐάλωτον
3088 2881 3220 2954 πρὸς
3247 2880 3537 2951 διαφθοράν
3556 2896 3569 2910 °
3603 2881 3767 2935 καθ-

2180 2972 2324 3047 άπερ
2349 2973 2441 3027 καὶ
2485 2973 2594 3026 τῶν
2636 2974 2972 3044 ἀνδριάντων
3000 2977 3110 3038 τοῖς
3146 2974 3506 3044 δημιουργοῖς.
3532 2973 3607 3027 Οὐ
3637 2975 3770 3046 γὰρ

2180 3066 2339 3137 μόνον
2372 3066 2601 3128 κάλλους
2647 3065 2753 3118 τῶν
2802 3066 3130 3138 ἀγαλμάτων
3160 3065 3338 3124 αὐτοῖς
3380 3066 3474 3118 καὶ
3513 3064 3615 3135 τῆς
3662 3067 3761 3119 5'3-

2176 3158 2441 3229 πρεπεεας
2484 3155 2661 3210 αὐτῶν
2715 3157 3120 3227 πεφρόντισται,
3156 3157 3304 3221 ὅπως
3348 3151 3450 3210 ὦσι
3494 3156 3757 3227 περικαλ-

2174 3249 2285 3313 λεῖς
2331 3251 2364 3321 ἢ
2405 3250 2862 3321 μεγαλοπρεπεῖς,
2899 3251 3033 3305 ἀλλὰ
3072 3251 3167 3306 καὶ
3194 3248 3293 3321 τῆς
3325 3251 3407 3312 sic;
3439 3249 3501 3304 τὸ
3532 3249 3755 3302 δυνατὸν

2176 3340 2358 3409 σφίσιν
2391 3341 2575 3404 αὐτοῖς
2614 3340 2913 3405 ἀθανασίας
2940 3342 3049 3395 τῶν
3083 3341 3579 3413 δημιουργημάτων
3614 3340 3753 3410 πρό-

2173 3443 2322 3480 νοιαν
2352 3429 2641 3494 ποιεῖσθαι,
2674 3432 2754 3493 εἰς
2785 3429 2875 3483 τὸν
2923 3432 3242 3502 μακραίωνα
3273 3432 3464 3501 χρόνον
3494 3429 3750 3492 διασώζε-

2175 3517 2296 3571 σθαι
2335 3519 2408 3590 μὴ
2442 3519 2695 3591 λυόμενα,
2737 3520 2988 3593 καθάπερ
3027 3523 3121 3576 καὶ
3161 3523 3396 3587 Φειδὶας.
3427 3516 3593 3585 Οὗτος
3619 3520 3747 3592 γάρ,

2175 3611 2317 3683 μετὰ
2345 3612 2405 3666 τὸ
2454 3614 2862 3668 κατασκευάσαι
2886 3614 2948 3668 τὸ
2991 3616 3212 3669 Πισαῖον
3255 3616 3472 3670 εἴδωλον
3525 3615 3606 3684 (ἐξ
3642 3612 3747 3668 ἐλέ-

2173 3720 2370 3773 φαντος
2385 3705 2441 3758 δὲ
2463 3704 2619 3759 τοῦτο
2646 3701 2762 3778 ἦν),
2782 3706 2960 3761 ἔλαιον
2980 3707 3254 3777 ἐκκεῖσθαι
3285 3707 3613 3779 προσέταξεν
3634 3706 3748 3777 (ει)

2171 3793 2313 3862 ἀμφὶ
2335 3798 2459 3859 τοὺς
2480 3796 2644 3860 πόδας
2671 3797 2981 3869 ἔμπροσθεν
3006 3797 3098 3851 τοῦ
3125 3797 3459 3868 ἀγάλματος,
3485 3795 3747 3853 ἀθάνατον

2171 3886 2252 3950 εἰς
2280 3885 2505 3957 δύναμιν
2540 3888 2831 3958 φυλάσσειν
2865 3889 2886 3917 ⁸
2912 3889 3063 3941 αὐτὸ.

2239 4056 2349 4109 Καὶ
2382 4056 2560 4110 τοὶνυν
2594 4061 2641 4119 εὶ
2671 4060 2780 4114 τῶν
2805 4064 3176 4133 χειροτμήτων
3196 4062 3372 4128 οὕτως
3402 4064 3743 4136 δημιουργοὶ.

2166 4147 2195 4198 ὁ
2226 4146 2358 4211 Θεὸς
2384 4149 2412 4200 ὁ
2436 4149 2838 4220 ἀριστοτέχνας.
2880 4153 2939 4216 ὃς
2968 4154 3143 4208 πάντα
3177 4153 3401 4209 δύναται
3435 4158 3528 4209 καὶ
3557 4157 3613 4221 ἐξ
3643 4157 3743 4209 οὖν

2165 4237 2334 4289 ὄντων
2360 4242 2554 4303 ποιεῖν,
2595 4243 2657 4294 οὐ
2695 4243 2893 4313 μᾶλλον
2920 4245 2982 4298 τὸ
3025 4246 3244 4318 ἄγαλμα
3271 4246 3334 4298 τὺ
3375 4247 3593 4316 λογικὸν
3616 4248 3731 4301 tau

482 4343 542 4382 re
575 4334 749 4396 potest
781 4326 986 4389 omnia,
1019 4341 1173 4381 suam
1204 4327 1351 4381 illam
1382 4327 1596 4381 ratione
1638 4328 1919 4397 pra‘ditam
1950 4329 2061 4384 eili-

2183 4329 2258 4383 τοῢ
2283 4331 2372 4385 τὸν
2420 4333 2696 4405 ἄνθρωπον
2725 4336 3028 4409 ἀνώλεθρον
3066 4339 3160 4399 καὶ
3198 4336 3468 4392 ἀθάνατον
3515 4335 3650 4392 εἶναι
3682 4337 3743 4390 τὸ

480 4417 641 4487 giem,
672 4415 923 4470 videlicet
950 4415 1246 4478 hominem,
1274 4416 1451 4470 multo
1480 4417 1655 4487 magis
1678 4420 2063 4488 sempiternam

479 4518 530 4563 et
585 4508 947 4566 immortalem
999 4506 1216 4576 penitus
1268 4508 1695 4580 necessarioque
1739 4509 2064 4566 fabricavit?

479 4602 561 4656 An
610 4603 794 4671 potius
842 4600 1204 4669 iguominiose
1235 4600 1371 4655 adeo
1418 4600 1745 4657 dissolutam
1785 4603 2061 4673 corrumpi

477 4701 528 4747 et
572 4693 797 4747 interire
848 4691 1142 4762 permisit?
1176 4692 1352 4762 Atque
1382 4706 1501 4747 eam
1554 4693 1774 4762 quidem
1805 4691 2055 4763 efﬁgiem,

476 4800 638 4854 quam
684 4784 939 4838 manibus
990 4782 1263 4853 perpolire
1327 4783 1442 4839 suis
1501 4782 1762 4855 singulari
1817 4784 2051 4853 quadam

476 4877 685 4932 ratione
713 4876 971 4945 dignatus
1014 4883 1120 4940 est,
1153 4890 1315 4945 quam
1352 4874 1421 4928 ad
1458 4874 1748 4944 imaginem
1795 4889 1950 4930 suam
1989 4890 2054 4930 ac

473 4969 907 5032 similitudinem,
946 4967 1094 5023 velut
1133 4967 1320 5020 mutuli
1368 4967 1597 5020 aiterum
1650 4966 1915 5021 mundum
1956 4983 2051 5022 cx-

2164 4424 2426 4494 παράπαν
2458 4425 2517 4490 ἐξ
2543 4428 2759 4499 ἀπάσης
2788 4430 3034 4499 ἀνάγκης
3057 4432 3460 4503 ἐμηχανήσατο,
3483 4430 3600 4484 ἀλλ’
3623 4433 3739 4485 εῖαο

2163 4529 2254 4567 σεν
2289 4514 2461 4579 οὕτως
2491 4518 2793 4586 ἀτιμότατα
2844 4520 3105 4591 λυόμενον
3151 4520 3358 4593 ὀλέθρῳ
3403 4521 3741 4594 παραδοῦναι

2159 4604 2253 4656 καὶ
2275 4605 2469 4676 φθορᾷ,
2500 4606 2528 4658 ὃ
2543 4608 2905 4680 διαφερόντως
2929 4612 3125 4680 ἠξίωσε
3151 4615 3269 4676 ταῖς
3293 4613 3492 4666 ἑαυτοῦ
3513 4613 3741 4683 ποιῆσαι

2154 4694 2334 4765 χερσὶ,
2385 4697 2505 4750 κατ’
2555 4699 2736 4752 εἰκόνα
2786 4704 3198 4771 μορφοποιήσας
3258 4704 3411 4770 αὐτὸ,
3473 4706 3568 4757 xa‘t
3615 4707 3741 4758 καθ’

2158 4787 2413 4858 ὁμοίωσιν
2435 4789 2531 4860 τὴν
2565 4790 2779 4857 ἑαυτοῦ,
2810 4793 2901 4847 τὸν
2935 4795 3137 4865 κόσμον
3165 4794 3259 4848 τοῦ
3305 4796 3535 4867 κόσμου,
3570 4797 3637 4851 δι’
3679 4793 3741 4852 οὗ

2160 4877 2361 4946 κόσμος
2402 4880 2654 4948 ὲγένετο;
2703 4884 2815 4936 Οὐκ
2850 4883 2996 4937 ἔστιν
3041 4886 3235 4940 εἰπεῖν.
3284 4888 3476 4959 Ἀπῄει
3515 4891 3622 4959 γάρ
3665 4894 3748 4949 si;

2156 4970 2467 5043 ἀφροσύνην
2494 4973 2801 5045 ἐπαρθέντα
2837 4976 3103 5046 φρονῆσαι
3134 4977 3312 5031 τοῦτο.

474 5060 713 5128 pressit:
750 5060 909 5130 cujus
955 5058 1193 5129 denique
1237 5072 1402 5113 causa
1450 5057 1688 5114 mundus
1729 5067 1815 5114 est
1848 5058 2045 5114 factus.
2088 5057 2203 5114 Dici
2234 5062 2378 5117 istud
2412 5066 2638 5119 omnino
2669 5082 2775 5121 non
2807 5075 3007 5136 potest.
3046 5067 3301 5124 Proxime
3350 5071 3499 5125 enim
3543 5073 3610 5126 ad
3657 5073 3733 5126 in-

471 5154 682 5209 saniam
718 5155 1023 5222 accederet,
1051 5156 1146 5226 qui
1179 5155 1232 5210 id
1261 5170 1400 5211 vana
1430 5155 1689 5223 Opinione
1718 5154 1939 5212 inﬂatus
1972 5155 2197 5211 auderet
2227 5173 2493 5215 asserere.

539 5309 557 5340 ‘
581 5308 716 5363 Gen.
761 5325 799 5371 1,
826 5309 918 5366 2i.
1029 5313 1049 5342 ⁸
1079 5312 1209 5367 ibid.
1250 5312 1337 5367 M.
1432 5312 1452 5344 ⁸
1477 5311 1608 5366 ibid.
1634 5311 1724 5365 26.

471 5381 492 5412 ⁸
518 5378 582 5436 ιε’.
621 5379 928 5445 φυλάσσιιιν.

533 5494 647 5565 (34)
689 5497 931 5551 "Edatur
951 5494 1252 5563 ἐκκεῖσθαι
1283 5498 1674 5564 προσέταξεν.
1708 5497 1920 5554 Plinius
1944 5496 2035 5555 lib.

452 5584 555 5632 κν,
589 5580 709 5635 cap,
755 5567 842 5636 17,
874 5566 941 5623 dc
973 5567 1125 5622 oleo:
1173 5565 1528 5621 Existimetur
1575 5582 1623 5623 et
1657 5570 1825 5625 oleum
1869 5573 2036 5626 vindi-

1844 5310 1864 5342 ‘
1887 5308 2021 5367 Gen.
2057 5326 2120 5376 It,
2155 5314 2207 5369 7.

2318 5284 2583 5374 “ibidem.
2694 5322 2715 5353 ‘
2746 5320 2879 5377 Gen.
2920 5339 2958 5389 ι,
2985 5322 3056 5378 27
3148 5322 3168 5354 '
3202 5323 3330 5380 Cor.
3394 5326 3737 5397 ἑψυχεῖςθαι.

2149 5500 2317 5555 cando
2343 5518 2375 5554 a
2406 5503 2547 5557 carie
2584 5503 2713 5557 utile
2748 5521 2879 5561 esse.
2937 5504 3090 5562 Certe
3117 5509 3469 5565 simulacrum
3507 5506 3738 5563 Saturni

2144 5570 2322 5626 Roma:
2351 5575 2491 5628 intus
2525 5573 2637 5628 oleo
2677 5576 2927 5646 repletum
2955 5588 3052 5632 est.
