3840 6062
119 225 250 285 1105

764 216 1132 296 ADV‘EllSlIS
1170 209 1513 273 llellESES
1549 216 1679 274 LIB.

1820 215 1979 273 ΤΟΜ.
2026 214 2067 271 1.
2110 246 2176 257 ο-
2216 212 2491 270 ΙΗΕΒΕΞ.
2532 212 2713 270 LXW.

3217 204 3351 291 tice

113 336 443 409 ἐπιστροφὴν
472 334 629 405 δίκην
655 318 879 403 πληγῶν
910 331 1108 403 εὑρέθη
1128 348 1142 362 υ
1180 331 1277 403 οὐχ
1301 333 1329 385 6
1361 332 1460 402 τῆς
1496 333 1677 405 ἁμαρ-

1790 340 2028 402 ceptores
2078 331 2350 401 primaria:
2397 345 2463 386 ac
2495 330 2782 401 praecipuae
2828 344 3009 385 causae
3060 338 3207 396 sunt,
3253 346 3355 387 ειη·

114 436 246 496 ιίας,
270 427 317 489 ὦ
339 427 658 496 σοφώτατοι,
682 423 799 477 ἀλλ’
823 423 852 474 6
875 423 976 492 τῆς
1000 420 1323 487 διαζεύξεως
1341 423 1441 494 τῆς
1473 424 1673 496 σαρκὸς

108 524 205 577 καὶ
253 518 346 572 τοῦ
394 514 695 589 χωρισμοῠ.
742 512 1099 580 Αὐτεξούσιος
1128 513 1236 587 γὰρ
1278 512 1353 567 ὢν
1386 516 1480 569 καὶ
1514 517 1674 569 αὐτος-

116 615 328 684 κράτωρ
347 611 375 662 6
398 608 705 679 ἄνθρωπος,
737 605 831 659 καὶ
864 605 1258 661 αὐτοδέσποτον
1295 605 1550 678 βούλησιν
1582 607 1675 660 καὶ

115 698 558 771 αὑτοπροαίρετον
596 697 732 768 πρὸς
758 696 859 768 τὴν
894 696 1129 766 αἰρεσιν,
1162 697 1237 761 ὡς
1265 697 1421 767 ἔφην,
1443 696 1538 751 τοῦ
1572 714 1676 752 κα-

110 793 203 847 λοῦ
226 790 419 854 λαϐὼν,
452 788 691 852 ἀκούσας
721 804 781 844 τε
801 802 814 819 ·
866 787 1001 841 Ἀπὸ
1058 789 1284 855 παντὸς
1337 788 1529 854 ξύλου
1567 789 1675 844 τοῦ

112 887 179 939 ἐν
220 882 297 949 τῷ
339 879 682 949 παραδείσῳ
727 878 1023 949 φάγεσθεο
1059 880 1177 935 ἀπὸ
1209 879 1278 933 δὲ
1326 880 1432 935 τοῦ
1485 881 1676 945 ξύλου

115 973 215 1029 τοῦ
256 970 570 1041 γινώσκειν
608 969 797 1023 καλὸν
840 968 941 1023 καὶ
984 971 1253 1038 πονηρὸν
1297 972 1369 1024 οὐ
1413 969 1679 1040 φάγεσθε

113 1062 211 1117 ἀπ’
243 1058 447 1114 αὐτοῦ.
482 1053 568 1128 ⁷ῌ
610 1057 662 1110 δ’
707 1056 788 1111 ἂν
824 1057 1014 1127 ἡμέρᾳ
1061 1058 1288 1127 φάγητε
1333 1058 1433 1112 ἀπ’
1468 1058 1674 1123 αὐτοῦ,

113 1137 340 1215 θανάτῳ
375 1146 773 1202 ἀποθανεῖσθε
795 1164 810 1178 ·
842 1148 935 1201 ἀπ’
967 1147 1133 1201 αὑτοῦ
1162 1150 1242 1211 είς
1269 1143 1330 1200 τὸ
1354 1150 1567 1217 φαγεῖν,
1598 1146 1679 1218 τῷ

112 1241 333 1311 διαϐόλῳ
353 1239 409 1292 δὲ
428 1237 841 1311 δελεασαμένηή
873 1239 1035 1308 σοφία
1053 1239 1310 1303 ποικίλως
1333 1239 1469 1310 πρὸς
1489 1240 1505 1271 ¹
1537 1256 1679 1311 παρ-

116 1329 278 1401 ακοὴν
327 1328 565 1382 πείσοντι
587 1366 604 1393 ,
655 1328 887 1399 ἡθέτησε
926 1329 1025 1400 τὴν
1079 1329 1299 1401 ἐντολὴν
1352 1329 1444 1383 τοῦ
1500 1329 1636 1384 Θεοῦ
1660 1345 1674 1360 °

117 1422 208 1474 καὶ
239 1419 453 1489 ἐγένετο
482 1419 640 1473 τοῦτο
681 1419 828 1492 αὐτῷ
858 1421 939 1484 είς
980 1420 1297 1481 σκάνδαλον,
1331 1422 1425 1475 καὶ
1458 1424 1536 1485 είς
1571 1440 1699 1477 παι-

116 1511 258 1580 γίδα,
282 1510 374 1564 καὶ
395 1511 475 1574 εἰς
505 1509 731 1587 σκῶλρν.
757 1511 831 1564 Οὐ
864 1511 973 1582 γὰρ
1000 1510 1254 1581 ἐποίησεν
1277 1511 1306 1562 6
1330 1510 1465 1574 Θεὸς
1488 1510 1678 1576 κακὸν,

114 1602 232 1656 οὑδέ
283 1602 398 1654 ἐστι
442 1601 504 1654 τὸ
552 1600 771 1654 σύνολον
806 1601 943 1665 ὅλως
981 1602 1045 1654 ὲκ
1091 1601 1291 1662 παντὸς
1325 1600 1386 1654 τὸ
1420 1601 1680 1672 παράπαν

1783 423 1935 494 pueri
1971 423 2157 478 dolore
2182 423 2464 493 plagarum
2486 421 2809 477 atllciantur.
2843 421 2991 477 Bona
3016 423 3178 493 igitur
3203 438 3354 479 mon

1781 520 1887 576 est,
1936 526 2060 587 eum
2119 512 2399 581 plagarum
2455 510 2631 567 instar
2675 508 2743 566 ad
2777 512 3109 566 coercendos
3155 527 3353 582 pueros

1783 612 2001 674 “aperta
2032 603 2124 658 sit.
2173 602 2290 657 Non
2345 612 2689 673 peccatorum
2724 603 2847 658 dico
2892 611 3146 666 mortem,
3197 615 3231 657 0
3264 617 3355 657 sa—

1782 696 2106 767 pientissimi
2139 695 2410 763 homines,
2441 695 2537 751 sed
2565 710 2685 752 eam
2710 710 2818 766 qua
2849 695 3064 751 animus
3089 711 3120 750 a
3158 709 3358 764 corpo-

1782 790 1860 846 ris
1921 791 2206 845 consortio
2250 797 2556 860 separatur.
2615 787 2750 843 Nam
2802 804 2925 846 cum
2973 790 3107 845 liber
3154 804 3217 843 ac
3266 789 3355 845 sui

1777 881 1922 953 juris
1962 889 2113 938 esset
2144 882 2308 937 homo
2336 881 2538 946 factus,
2574 888 2628 937 et
2657 880 2725 936 ad
2754 880 2985 938 honesta
3022 882 3356 953 capessenda

1782 973 1867 1026 sui
1910 972 2082 1042 ipsius
2129 972 2343 1027 arbitrii
2378 973 2706 1042 consiliique
2743 973 3077 1028 voluntatem
3113 974 3357 1043 accepis-

1782 1075 1886 1131 set,
1918 1082 1983 1121 ac
2020 1065 2336 1121 mandatum
2373 1065 2517 1121 istud
2557 1065 2862 1122 audiisset:
2895 1065 2982 1119 De
3027 1063 3167 1119 omni
3218 1067 3359 1137 ligno

1780 1157 2019 1227 paradisi
2044 1155 2354 1220 comedetis;
2385 1150 2449 1210 de
2471 1156 2614 1227 ligno
2646 1164 2821 1210 autem
2857 1156 3092 1210 scientia:
3113 1155 3235 1209 boni
3263 1167 3357 1210 aut

1784 1246 1915 1300 ntali
1941 1261 2044 1300 non
2073 1244 2369 1299 comedetis.
2407 1244 2725 1315 Quaeunque
2752 1253 2926 1299 autem
2956 1244 3042 1297 die
3078 1243 3354 1298 comedelia

1783 1336 1848 1392 de
1876 1336 1992 1400 illa,
2034 1348 2200 1391 morte
2246 1337 2541 1390 moriemini
2575 1335 2621 1401 ⁸,
2668 1351 2764 1405 per
2796 1350 2917 1391 sese
2957 1334 3024 1390 ad
3067 1332 3358 1389 comeden-

1784 1430 1914 1485 dum
1951 1428 2228 1495 inductus,
2268 1444 2335 1484 ac
2381 1428 2584 1483 diaboli
2625 1427 2951 1491 calliditate,
2999 1426 3092 1497 qui
3142 1425 3208 1481 ad
3242 1425 3362 1480 vio-

1785 1519 2009 1575 landum
2068 1518 2356 1590 imperium
2405 1519 2579 1575 variis
2624 1518 2803 1575 modis
2862 1518 3158 1581 incitabat,
3209 1517 3359 1571 velut

1787 1611 2085 1675 inescatus,
2147 1610 2596 1682 Deipraaceptum
2631 1621 3008 1682 transgressus
3043 1620 3164 1665 est:
3199 1609 3362 1679 idque

113 1692 279 1756 αἴτιος
311 1691 507 1744 κακοῦ.
546 1690 708 1744 Ἀλλὰ
742 1692 850 1744 πᾶν
885 1690 1023 1762 ὅπερ
1051 1689 1116 1744 ἂν
1142 1689 1485 1755 αὐτεξούσιον
1510 1690 1682 1755 οὕτως

1790 1701 1967 1771 ipsum
2009 1702 2255 1758 scandali
2283 1702 2479 1767 instar,
2503 1711 2557 1757 et
2590 1703 2792 1772 laquei,
2829 1710 2883 1755 et
2920 1701 3239 1757 oll‘ensionis
3264 1718 3361 1757 ex-

112 1781 202 1835 ὑπ’
235 1779 399 1834 αὐτοῦ
434 1781 679 1849 γεγονὸς,
713 1779 746 1850 ἢ
788 1780 924 1852 πρὸς
960 1779 1021 1834 τὸ
1054 1780 1411 1850 φυλάξασθαι,
1454 1781 1548 1835 καὶ
1583 1799 1681 1853 τηο

117 1872 271 1943 ρῆσαι
305 1872 491 1943 νόμον,
511 1873 571 1926 6v
596 1873 757 1938 αὐτὸς
782 1873 1005 1938 δικαίως
1030 1860 1379 1935 διεστείλατο,
1412 1873 1486 1944 μὴ
1508 1890 1574 1943 τη
1584 1873 1681 1944 ρῆ-

114 1980 207 2017 cas
259 1953 477 2033 λέγεται
527 1965 715 2018 κακόν.
782 1965 1067 2037 Βαρυτάτη
1105 1964 1162 2018 δὲ
1204 1965 1374 2036 βλάϐη
1432 1964 1495 2017 τὸ
1540 1981 1689 2035 παρα

114 2044 339 2108 ακοῗισαι
371 2055 506 2109 Θεοῦ
536 2057 662 2120 τοὺς
694 2056 853 2127 ὄρους
900 2057 999 2126 τῆς
1041 2056 1182 2110 κατὰ
1228 2056 1291 2109 τὸ
1337 2055 1681 2121 αὐτεξούσιον

114 2143 424 2218 ὑπερϐάντα
447 2146 813 2217 δικαιοσύνης.
838 2146 1022 2209 Ὅθεν,
1053 2146 1237 2219 ἐπειδὴ
1258 2147 1679 2219 κατερρυπώθη,

113 2235 204 2289 καὶ
251 2238 622 2309 κατεμιάνθη,
674 2238 770 2307 τῆς
842 2237 1169 2305 ἀποφάσεως
1223 2238 1607 2308 ἀποστατήσας
1652 2241 1682 2293 6

112 2328 394 2399 ἄνθρωπος
416 2328 509 2381 τοῦ
535 2328 693 2390 Θεοῦ,
721 2328 815 2381 καὶ
840 2327 1060 2398 κηλίδας
1086 2327 1465 2397 ὲναπεμάξατο
1485 2328 1683 2392 κακίας

115 2420 331 2487 πολλὰς,
365 2420 431 2483 ἃς
452 2421 480 2472 6
507 2420 690 2491 ἄρχων
718 2412 875 2482 οὗτος
906 2419 1219 2490 ἁπεκύησε,
1241 2419 1340 2473 καὶ
1374 2419 1555 2491 πατὴρ
1585 2420 1685 2489 τῆς

1781 1791 1969 1857 stitit;
1997 1792 2197 1845 malum
2233 1791 2380 1846 enim
2418 1789 2562 1845 Deus
2595 1805 2701 1845 non
2740 1789 2888 1852 fecit,
2922 1804 3023 1845 nec
3055 1790 3167 1844 ullo
3198 1790 3362 1845 modo

1780 1892 1971 1937 auctor
2002 1882 2149 1937 illius
2179 1888 2284 1937 est.
2320 1880 2427 1936 Sed
2460 1880 2724 1951 quidquid
2743 1880 2956 1935 arbitrii
2988 1880 3072 1936 sui
3094 1888 3375 1951 potestate-

1781 1974 2070 2046 preditum
2102 1975 2171 2030 ab
2197 1972 2497 2030 eolactum
2520 1983 2631 2039 est,
2672 1980 2734 2029 ut
2762 1988 2925 2043 quam
2960 1974 3132 2043 legem
3167 1974 3365 2044 justis-

1782 2065 1922 2120 sime
1954 2063 2355 2134 praescripserit
2382 2063 2677 2119 observare
2719 2064 2914 2134 possit,
2952 2063 3059 2119 nisi
3092 2079 3215 2119 eam
3249 2079 3366 2120 ser-

1780 2156 2009 2221 vaverit,
2038 2155 2241 2209 malum
2281 2154 2605 2225 appellatur.
2636 2153 2732 2208 Est
2759 2161 2942 2207 autem
2976 2155 3364 2224 gravissimum

1783 2246 1886 2301 hoc
1914 2246 2173 2300 damnum
2214 2245 2269 2299 in
2295 2243 2510 2315 primis,
2541 2244 2635 2300 Dei
2666 2244 2919 2299 mandata
2953 2246 3227 2316 negligere
3249 2286 3263 2308 ,
3300 2259 3366 2298 ac

1778 2337 2026 2408 iustitiae,
2078 2351 2201 2406 quae
2251 2335 2513 2404 adjuncta
2549 2335 2787 2391 libertati
2839 2346 2946 2400 est,
2982 2336 3182 2391 limites
3225 2350 3364 2406 pra:-

1782 2429 1968 2484 terire.
2014 2426 2172 2483 Unde
2201 2436 2555 2498 posteaquam
2588 2442 2619 2482 a
2666 2426 2757 2482 Dei
2787 2427 3058 2483 sententia
3106 2426 3365 2482 deﬁciens

114 2509 337 2579 πλάνης,
376 2510 588 2572 πόνον,
616 2508 758 2562 κατὰ
794 2509 894 2580 τὴν
933 2506 1179 2579 Γραφὴν,
1208 2507 1570 2575 συλλαϐὼν,
1596 2508 1686 2563 ἵνα

1790 2519 1950 2574 homo
1978 2518 2299 2590 inquinatus
2329 2525 2437 2583 est,
2466 2532 2531 2572 ac
2564 2516 2746 2573 delicti
2780 2517 3036 2573 sordibus
3074 2514 3364 2583 obsolevit,

106 2600 199 2652 ’τὸν
228 2599 514 2669 ἄνθρωπον
559 2599 697 2669 πρὸς
736 2598 949 2653 ἀδικίαν
988 2599 1076 2652 ἀεὶ
1123 2598 1416 2668 φαντάζειν
1446 2598 1546 2671 ἔχῃ
1589 2598 1683 2653 καὶ

1790 2608 2010 2678 Vitiique
2053 2607 2486 2678 quamplurimas
2517 2606 2787 2675 expressit
2826 2606 2883 2660 in
2930 2620 3052 2661 sese
3094 2604 3365 2668 maculas,

112 2693 296 2753 κινεῖν,
340 2691 369 2742 6
413 2689 547 2753 Θεὸς
587 2692 616 2743 6
662 2689 1056 2761 παντοκράτωρ
1101 2687 1370 2743 ἀθάνατον
1414 2690 1583 2743 κακὸν
1625 2688 1685 2755 ἐξ

1790 2711 1928 2766 quas
1977 2696 2229 2765 princeps
2262 2694 2353 2749 ille
2382 2704 2438 2750 et
2462 2694 2668 2750 erroris
2708 2708 2908 2763 parens
2952 2692 3243 2759 indiderat,
3271 2693 3365 2763 qni
3454 2762 3459 2765 _

114 2781 399 2851 ἐπιϐουλῆς
437 2780 558 2835 ἰδὼν
586 2779 949 2852 γεγενημένον
969 2821 982 2843 ,
1017 2779 1267 2852 καθάπερ
1300 2780 1395 2832 καὶ
1441 2781 1471 2833 6
1501 2779 1684 2833 διάϐο-

1790 2786 2039 2852 laborem,
2073 2793 2131 2841 ut
2179 2786 2462 2858 Scriptura
2507 2786 2746 2857 loquitur
2770 2785 2792 2818 ‘
2819 2826 2833 2851 ,
2883 2786 3150 2855 concepit;
3181 2794 3241 2839 ut
3271 2785 3368 2838 Ιιο-

113 2871 198 2936 λος
245 2873 445 2937 πλάνος
482 2868 572 2945 ἦν,
602 2874 727 2936 τοὺς
761 2870 1386 2943 δερματίνουςῑχιτῶνας
1409 2871 1497 2926 διὰ
1524 2870 1686 2925 τοῦτο

1790 2875 1986 2930 minem
2037 2874 2105 2929 ad
2151 2875 2555 2944 improbitatem
2600 2886 2863 2946 perpetuo
2916 2874 3202 2929 fraudibus
3250 2873 3369 2928 suis

117 2963 539 3027 κατεσκεύασεν,
584 2962 748 3017 οἱονεὶ
794 2962 1097 3035 νεκρότητα
1143 2962 1451 3034 περιϐαλὼν
1490 2962 1680 3017 αὐτόν’

1790 2966 2006 3021 trahere
2048 2981 2115 3021 ac
2164 2966 2563 3033 circumvenire
2606 2973 2807 3037 queat;
2852 2965 3197 3036 omnipotens
3224 2964 3368 3020 Deus

116 3054 254 3119 ὅπως
282 3055 370 3109 διὰ
400 3056 501 3126 τῆς
536 3054 743 3118 λύσεως
780 3053 873 3108 τοῦ
903 3053 1150 3125 σώματος
1187 3055 1296 3108 πᾶν
1330 3053 1410 3107 σὺ
1445 3055 1503 3107 ὲν
1541 3053 1686 3126 αὐτῷ

1793 3066 2057 3114 aeternum
2092 3058 2244 3113 illum
2275 3057 2535 3112 daemonis
2562 3055 2849 3113 fraudibus
2893 3057 3094 3111 malum
3136 3071 3259 3112 esse
3288 3057 3379 3109 fas

117 3145 365 3216 γεννηθὲν
392 3140 564 3199 κακὸν
585 3144 854 3217 ἀποθάνῃ.

1792 3156 1941 3204 ctum
1986 3148 2200 3213 videns,
2251 3155 2310 3202 ut
2356 3157 2408 3202 et
2454 3148 2722 3218 impnstor
2762 3147 3013 3203 diabolus
3058 3155 3197 3210 erat,
3242 3162 3383 3218 pro-.

120 3247 288 3308 pterea
344 3240 606 3310 pelliceas
645 3247 696 3294 et
724 3239 847 3295 illas
884 3239 1103 3293 tunicas
1144 3237 1273 3294 fecit
1300 3238 1347 3305 ⁸,
1381 3253 1492 3310 quo
1533 3239 1686 3295 illum
1720 3244 1867 3300 velut
1905 3253 2082 3300 morte
2124 3242 2358 3315 quadam
2397 3243 2666 3309 indueret,
2700 3251 2760 3297 ut
2809 3258 2872 3298 ea
2930 3242 3184 3312 corporis
3248 3241 3368 3296 dis-

120 3330 375 3387 solutione
433 3329 701 3402 quidquid
754 3329 811 3384 in
853 3345 921 3385 eo
967 3331 1096 3386 mali
1145 3329 1470 3402 productum
1520 3329 1699 3386 fuerat
1734 3333 2207 3392 intermoreretur.

183 3421 303 3476 Kl".
345 3420 733 3493 Προηπὸρηται
780 3419 839 3475 δὲ
891 3418 991 3492 ἤδη
1016 3458 1032 3485 ,
1076 3421 1172 3474 καὶ
1215 3421 1503 3493 ἀπεδείχθη
1569 3423 1694 3486 τοὺς

118 3510 461 3582 δερματίνους
520 3511 753 3583 χιτῶνας
812 3508 890 3582 μὴ
938 3507 1077 3565 εἶναι
1105 3511 1176 3566 τὰ
1217 3510 1466 3581 σώματα.
1506 3511 1698 3582 Ὅμως

117 3601 170 3657 δὲ
196 3604 288 3658 καὶ
317 3602 482 3657 πάλιν
509 3602 588 3674 (οὐ
609 3605 719 3674 γὰρ
748 3601 894 3666 ἅπαξ
922 3601 1143 3673 ῥητέον)
1178 3600 1493 3673 φράζωμεν.
1521 3601 1696 3665 Αὐτὸς

119 3694 217 3764 πρὸ
236 3694 335 3765 τῆς
360 3694 709 3765 κατασκευῆς
737 3692 917 3746 αὐτῶν
945 3692 974 3745 6
1001 3692 1424 3763 πρωτόπλαστος
1442 3694 1696 3763 ὁμολογεί

121 3787 209 3839 καὶ
237 3788 368 3840 ὀστᾶ
404 3787 553 3856 ἔχειν
582 3786 675 3839 καὶ
721 3784 952 3855 σάρκας,
985 3782 1152 3836 ὁπότε
1195 3782 1280 3852 δὴ,
1331 3783 1429 3854 τὴν
1458 3786 1693 3852 γυναῖκα

122 3875 261 3946 αὐτῷ
284 3874 691 3950 προσαχθεῖσαν
719 3874 1077 3945 Θεασάμενος,
1106 3872 1286 3928 Τοῦτο
1307 3872 1425 3928 νῦν
1446 3873 1695 3939 ὀστοῦν,

121 3965 410 4038 ἐφώνησεν,
440 3964 513 4023 ἐκ
557 3968 677 4022 τῶν
723 3964 923 4021 ὀστῶν
961 3984 1102 4036 μου,
1150 3965 1249 4019 καὶ
1284 3956 1441 4034 σὰρξΙ
1479 3965 1548 4019 ἐκ
1585 3964 1698 4035 τῆς

121 4058 336 4124 σαρκός
358 4072 504 4129 μου.
543 4057 705 4125 Αὕτη
741 4054 1114 4125 κληθήσεται
1151 4055 1307 4125 γυνὴ
1327 4096 1342 4122 ,
1378 4056 1465 4109 ὅτι
1493 4056 1562 4110 ἐκ
1592 4056 1698 4111 τοῦ

122 4146 333 4217 ἀνδρὸς
362 4148 558 4218 αὐτῆς
593 4147 852 4217 ἐλήφθη.
881 4148 1133 4201 Ἕνεκεν
1174 4148 1389 4201 τούτου
1423 4148 1699 4202 καταλεί-

123 4241 218 4306 ψει
236 4238 554 4310 ἄνθρωπος
582 4239 688 4293 τὸν
712 4239 939 4306 πατέρα
961 4237 1148 4292 αὑτοῦ
1174 4238 1274 4291 καὶ
1304 4238 1419 4307 τὴν
1439 4237 1687 4308 μητέρα,

124 4323 217 4383 καὶ
270 4329 886 4400 προσκολληθήσεται
932 4327 1010 4397 τῇ
1055 4329 1292 4399 γυναικὶ
1337 4329 1560 4384 αὐτοῦ’
1595 4329 1693 4383 καὶ

122 4417 352 4476 ἔσονται
381 4427 434 4478 ol
466 4422 576 4477 δύο
604 4425 692 4490 εἰς
721 4420 920 4490 σάρκα
941 4422 1111 4492 μίαν.
1148 4422 1223 4475 οὐ
1264 4420 1472 4493 γὰρζδὴ
1500 4419 1692 4484 ἀνέξο-

128 4528 219 4581 μαι
266 4512 687 4586 φληναφούντων
737 4512 922 4577 τινῶν,
955 4512 1049 4566 καὶ
1100 4510 1432 4583 βιαζομένων
1474 4511 1689 4581 ἀπηρν-

125 4600 459 4677 θριασμένως
485 4606 584 4676 τὴν
617 4604 859 4676 Γραφὴν,
908 4604 994 4657 ἶνα
1036 4603 1219 4667 αὐτοῖς
1267 4601 1331 4671 δὴ
1373 4599 1575 4672 σαρκὸς
1611 4599 1685 4671 μὴ

125 4688 254 4750 εἶναι
282 4695 632 4769 προχώρησις
650 4696 670 4726 ²
697 4696 1062 4767 ήάνάστασις,
1086 4695 1220 4747 ὀστᾶ
1239 4691 1407 4763 νοητά
1429 4692 1522 4745 καὶ
1554 4693 1687 4762 σάρ-

126 4800 220 4847 κας
256 4787 452 4857 νοητὰς
492 4785 901 4856 ὑποτιθεμένων
924 4826 939 4851 ,
975 4785 1071 4838 κα)⁸
1122 4784 1310 4839 ἄλλοτε
1357 4784 1530 4847 ἄλλως
1582 4783 1694 4839 ἄνω

126 4876 215 4928 καὶ
246 4877 394 4931 κάτω
438 4877 921 4949 μεταϐαλλομένων
963 4875 1331 4947 ἀλληγορίαις.
1373 4876 1485 4928 Καὶ
1519 4875 1693 4928 ταῦτα

122 4964 278 5030 οὕτω,
312 4966 387 5030 ὡς
416 4969 749 5040 γέγραπται,
783 4966 1307 5039 παραλαμϐάνεσθαι
1334 4963 1694 5038 κρατύνοντος

125 5054 212 5108 τοῦ
242 5057 481 5127 Χριστοῦ
525 5061 625 5131 τὴν
672 5058 917 5131 Γραφὴν,
953 5046 1082 5112 ἔνθα
1126 5057 1546 5128 πυνθανομένοις
1581 5061 1696 5121 τοῖς

128 5144 434 5216 Φαρισαίοις
461 5151 590 5222 περὶ
619 5148 900 5222 χωρισμοῢ
928 5148 1186 5217 γυναικὸς
1213 5147 1592 5220 ἀποκρίνεται,
1613 5147 1695 5201 ὅτι

137 5237 256 5291 Ἀπ’
276 5241 469 5310 ἀρχῆς
490 5245 522 5295 ό
547 5242 783 5306 κτίσας,
813 5241 1003 5309 ἄρσεν
1019 5238 1116 5293 καὶ
1136 5235 1291 5305 θῆλυ
1307 5237 1577 5303 ἐποίησε,
1596 5236 1693 5289 καὶ

124 5324 285 5384 εἶπεν
303 5348 316 5361 ⁶
347 5332 600 5388 Ἕνεκεν
625 5334 840 5387 τούτου
868 5332 1218 5401 καταλείψει
1248 5329 1557 5398 ἄνθρωπος
1585 5329 1695 5382 τὸν

126 5422 343 5492 πατέρα
370 5425 471 5480 καὶ
491 5426 608 5496 τὴν
633 5426 880 5498 μητέρα,
908 5426 1002 5482 καὶ
1027 5426 1094 5479 τὰ
1121 5426 1267 5497 ἑξῆς.
1306 5423 1431 5488 Πῶς
1460 5424 1567 5495 γὰρ
1600 5423 1693 5475 ἐπὶ

1866 3424 2030 3499 546
2065 3423 2260 3482 XXIII.
2315 3424 2449 3480 Illud
2497 3440 2639 3481 vero.
2674 3426 2783 3497 jam
2834 3432 2993 3481 antea
3031 3423 3389 3494 disputatum.

1798 3522 1912 3580 est,
1973 3523 2445 3585 monstratumque
2495 3515 2752 3585 pelliceas
2773 3514 2984 3569 tunicas
3052 3511 3200 3572 aliud
3245 3526 3371 3568 esse

1797 3614 1996 3676 praeter
2024 3620 2274 3668 corpora.
2319 3603 2427 3659 Sed
2467 3604 2824 3661 nihilominus
2856 3602 3001 3658 idem
3046 3617 3247 3658 rursus
3267 3602 3375 3672 (di~

1794 3696 2026 3751 cendum
2053 3694 2199 3750 enim
2234 3693 2567 3763 saepiusest)
2603 3693 2708 3747 hoc
2737 3693 2859 3747 loco
2890 3699 3222 3760 repetamus.
3253 3689 3374 3745 Pri-

1795 3804 1916 3843 mus
1947 3786 2117 3856 igitur.
2150 3785 2268 3855 ipse
2305 3798 2526 3854 parens,
2566 3791 2857 3852 antequam
2892 3797 2971 3837 eae
3001 3782 3201 3837 tunicae
3243 3795 3373 3835 con-

1795 3886 2106 3942 suercntur,
2156 3891 2283 3932 ossa
2336 3891 2396 3931 se
2437 3883 2493 3929 et
2550 3888 2769 3929 carnem
2821 3872 3022 3927 habere
3062 3870 3372 3933 comitetur,

1794 3985 1919 4026 cum
1952 3969 2209 4026 nimirum
2252 3966 2571 4037 perductam
2620 3964 2689 4018 ad
2737 3978 2863 4020 sese
2910 3962 3192 4018 mulierem
3244 3974 3385 4014 con»

1795 4060 2085 4131 templatus
2115 4097 2130 4120 ,
2165 4056 2279 4113 Hoc
2312 4073 2451 4111 nunc
2479 4073 2557 4123 os,
2589 4055 2790 4125 inquit,
2818 4068 2884 4109 ea:
2913 4052 3118 4110 ossibus
3142 4052 3292 4127 mgis,
3325 4060 3391 4105 et.

1797 4167 1922 4205 caro
1950 4150 2014 4205 de
2045 4164 2204 4203 carne
2231 4164 2367 4203 nica.
2402 4146 2533 4203 Παίς
2578 4146 2861 4203 υοεοίιὶιιιν,
2882 4145 3093 4211 mulier,
3124 4143 3375 4214 quoniam

1798 4243 1863 4298 de
1891 4244 2003 4299 viro
2030 4253 2240 4313 sumpta
2283 4252 2383 4298 est.
2423 4240 2645 4309 Propter
2674 4239 2769 4292 hoc
2806 4238 3061 4308 relinquet
3093 4238 3246 4290 homo
3276 4252 3375 4305 pa-

1802 4346 1932 4391 trem
1972 4346 2020 4391 et
2054 4346 2279 4390 matrem
2325 4349 2500 4399 suam,
2534 4341 2582 4386 et
2629 4330 2918 4387 adliarebit
2970 4331 3127 4387 uxori
3160 4344 3294 4392 sum,
3327 4337 3377 4382 et

1799 4437 1953 4483 erunt
1991 4428 2095 4482 duo
2145 4428 2199 4483 in
2241 4441 2453 4480 carnem
2502 4440 2662 4481 unam
2697 4424 2741 4478 ‘.
2790 4420 2976 4493 Neque
3024 4423 3167 4477 enim
3196 4428 3376 4475 certos

1804 4518 2056 4573 homines
2100 4516 2242 4572 ferre
2269 4531 2517 4587 possum,
2566 4515 2662 4586 qui
2696 4514 2949 4570 consulto
2985 4521 3260 4583 uagantur
3310 4526 3377 4565 ac

1795 4605 2105 4677 Scripturas
2153 4605 2626 4676 impudentissime
2666 4604 3015 4673 detorquent,
3057 4617 3166 4673 quo
3196 4617 3355 4656 suum

1793 4697 1937 4752 illud.
1979 4698 2047 4753 de
2102 4697 2338 4752 tollenda
2386 4696 2791 4752 resurrectione
2824 4696 3020 4764 dogma
3073 4693 3369 4763 procedat;

1792 4788 1883 4858 qui
1930 4787 2053 4843 ideo
2087 4795 2142 4843 et
2190 4803 2320 4843 ossa
2360 4785 2607 4858 quaedam
2652 4784 3038 4854 intelligibilia,
3075 4792 3129 4838 et
3172 4797 3369 4837 carnes

1797 4879 2047 4934 similiter
2088 4878 2461 4950 intelligibiles
2507 4876 2803 4933 commenti
2846 4886 2996 4940 sunt,
3039 4890 3103 4929 ac
3133 4874 3248 4929 suis
3291 4874 3371 4926 al-

1792 4970 2014 5042 legoriis
2048 4972 2187 5027 alias
2228 4971 2387 5027 aliter
2432 4984 2653 5025 sursum
2685 4968 3052 5036 deorsumque
3090 4980 3209 5020 sese
3241 4979 3374 5018 con-

1792 5068 2031 5116 vertunt.
2066 5061 2229 5132 Atqui
2258 5062 2374 5118 haec
2419 5058 2645 5132 perinde
2690 5073 2756 5114 ac
2800 5058 3005 5126 scripta
3044 5062 3192 5117 sunt,
3224 5055 3371 5109 acci~

1793 5152 1990 5224 pienda
2025 5168 2149 5209 esse
2191 5152 2398 5210 Christi
2449 5153 2739 5209 conﬁrmat
2781 5148 3101 5211 auctoritas,
3142 5146 3233 5202 ubi
3286 5146 3368 5200 in-

1795 5245 2199 5315 terrogantibus
2232 5243 2525 5300 Pharismis
2553 5244 2622 5300 de
2652 5242 2841 5299 uxoris
2861 5240 3118 5303 divortio,
3140 5253 3371 5309 respon-

1792 5335 1884 5391 det
1917 5337 1936 5367 ⁷
1969 5355 1983 5390 :
2018 5336 2096 5391 Ab
2134 5337 2289 5392 initio
2326 5337 2417 5408 qui
2457 5338 2654 5392 creavit
2697 5334 2992 5390 masculum
3020 5342 3067 5387 et
3117 5332 3370 5402 feminam

1792 5424 1946 5495 fecit,
1992 5436 2041 5481 et
2075 5425 2255 5482 dixit:
2294 5426 2515 5497 Propter
2548 5427 2644 5482 hoc
2685 5427 2937 5495 relinquet
2970 5424 3122 5480 homo
3169 5435 3369 5492 patrem

183 5538 518 5614 fﬁqrrupttis
550 5541 637 5596 hic
666 5542 850 5614 locus.
914 5544 934 5573 ³
961 5542 1086 5599 Cor.
1118 5541 1471 5613 προχωρήσῃ.
1538 5540 1559 5572 ³
1585 5538 1686 5595 Ger

1790 5577 1802 5607 ,
1836 5541 1921 5611 16,
1954 5544 2032 5598 l7.
2112 5545 2131 5576 ³
2162 5543 2307 5601 Psal.
2345 5560 2440 5612 vn,
2476 5545 2560 5601 15.
2627 5546 2803 5604 'Gcn.
2836 5562 2914 5614 ιιι,
2938 5543 3027 5602 ‘21.
3090 5544 3110 5575 ‘
3142 5542 3274 5599 Gen.
3309 5554 3365 5605 il.

127 5601 209 5667 23,
234 5607 322 5664 24.
395 5601 420 5641 ’⁷
457 5610 642 5669 Matth.
682 5626 793 5677 ιιι,
826 5612 879 5666 6.
