3840 6062
474 203 608 261 1107
1855 196 1914 256 S‘.
1954 194 2072 258 ΕΡΙ]

2181 186 2299 258 ιΝη
3676 191 3697 243 ι
3716 190 3806 246 tes

473 327 520 375 et
560 327 805 380 matrem,
857 324 962 373 etc.
998 317 1215 388 ΑΙίοίιιιί
1265 317 1543 389 qudmodo
1586 318 1655 375 de
1694 319 1894 375 animis
1923 321 2057 377 solis

2181 321 2350 393 μυχῶν
2386 322 2544 393 μόνον
2587 304 2673 384 τδ,
2713 314 3093 383 Αὺξάνεσθε,
3131 309 3246 365 καὶ
3278 306 3671 376 πληρώσατε
3697 306 3804 376 τὴν

474 407 702 478 mtelligi
743 404 889 461 istud
934 413 1113 476 potest
1146 425 1159 460 :
1192 404 1424 461 Crescite
1454 412 1503 461 et
1532 406 1724 477 replete
1777 416 1973 463 terram
2000 411 2059 466 ‘1’

2181 414 2299 485 ρἣν,
2336 412 2755 485 παραληπτέον;
2796 410 2831 481 ἢ
2878 408 2962 471 τὸ,
3013 404 3264 460 Ἐλαόε
3305 399 3477 470 χοῦν
3521 396 3653 453 ά.τό
3700 398 3796 466 τῆς

475 496 603 554 Item
636 496 767 552 illud
802 514 817 551 :
853 497 1063 564 Accepit
1096 495 1239 553 Deus
1269 496 1334 552 de
1366 499 1492 554 limo
1522 511 1699 565 terrae,
1728 509 1779 555 et
1808 501 2056 571 formavit

2181 506 2272 575 τῆς
2301 509 2334 560 ὀ
2362 500 2527 571 Θεὸς,
2562 503 2663 558 καὶ
2695 503 2932 556 ἔπλασε
2960 498 3075 554 τὸν
3118 497 3502 565 ἄνθρωπον·
3535 490 3568 545 ὃ
3598 494 3796 563 κυρίως

476 588 732 645 hominem
765 591 825 657 ';
856 588 1004 660 quod
1050 589 1119 646 de
1160 598 1394 662 corpore
1428 593 1648 663 proprie
1677 593 1882 648 dictum
1912 594 2059 651 vide-

2181 597 2255 650 ,πὶ
2298 595 2395 651 τοῦ
2445 596 2701 668 σώματος
2744 586 2998 663 λελέχθαι
3054 589 3351 660 φαίνεται.
3395 586 3478 639 Οὐ
3531 584 3651 657 γὰρ
3695 586 3792 639 ἀπὺ

2158 689 2255 744 τοῦ
2293 690 2417 761 χοὸς
2455 688 2550 742 καὶ
2592 686 2701 739 τῶν
2751 683 3077 757 βαρυτέρων
3125 682 3238 752 τὴν
3283 678 3491 735 οὐσίαν
3526 679 3790 748 ἐκτήσατο

2161 772 2195 853 ἠ
2231 780 2400 852 ψυχή.
2453 778 2619 832 ’Ὥστε
2669 776 3006 847 συνέστηκεν
3054 776 3124 827 ἐκ
3175 770 3396 835 παντὸς
3436 768 3787 838 ἀληθέστατά

2161 855 2271 941 πρδ
2297 870 2403 925 τῶν
2432 860 2776 941 δερματίνων
2810 862 3386 938 σεσωματοποιῆσθαι
3418 858 3679 931 χιτώνων
3702 861 3787 912 τᾶν

476 690 583 737 tur.
631 680 817 751 Neque
856 682 1001 736 enim
1048 680 1117 737 de
1153 682 1307 747 limo,
1352 682 1530 755 deque
1561 684 1909 755 gravioribus
1948 686 2058 742 illis

475 774 859 844 concretisque
888 773 1053 829 rebus
1082 788 1239 829 suam
1273 773 1455 830 anima
1484 774 1739 830 naturam
1764 778 2057 847 esprcssit.

476 863 553 918 Ex
584 879 695 935 quo
726 864 1035 920 certissime
1064 864 1197 920 illud
1220 861 1475 930 efﬁcitur,
1499 874 1627 923 ante
1656 868 1916 939 pelliceas
1938 868 2061 924 illas

144 4442 285 4459 4—“!—

477 957 692 1013 tunicas
734 963 967 1027 corpore
1014 956 1307 1026 praeditum
1349 956 1626 1012 hominem
1681 956 1875 1014 fuisse.
1934 956 2062 1013 Haec

477 1048 620 1106 enim
650 1048 833 1103 omnia
867 1055 994 1105 ante
1021 1048 1262 1107 hominis
1307 1048 1520 1119 lapsum
1559 1051 1912 1120 pronuntiata
1940 1066 2064 1107 esse

477 1148 731 1209 constat;
774 1147 974 1196 caetera
1019 1155 1149 1196 vero
1175 1139 1244 1195 de
1296 1140 1501 1196 tunicis
1543 1140 1767 1197 nonnisi
1811 1148 1935 1211 post
1978 1141 2061 1195 la-

478 1248 661 1303 psum.

548 1321 915 1390 Quamobrem
949 1324 1350 1380 consideranda
1382 1325 1541 1381 nobis
1560 1326 1725 1397 porro
1755 1329 1903 1389 sunt,
1943 1341 2065 1396 qua:

479 1414 538 1469 in
589 1414 848 1472 manibus
894 1415 1182 1481 habemus,
1231 1432 1354 1471 cum
1402 1416 1538 1471 illud
1577 1417 1792 1473 abunde
1838 1417 2066 1473 demon-

481 1506 863 1570 straverimus,
915 1514 1160 1562 scortcas
1214 1507 1336 1562 illas
1393 1507 1611 1563 tunicas
1671 1521 1907 1576 corpora
1953 1521 2065 1561 non

480 1599 675 1661 fuisse.
710 1599 807 1655 sed
850 1597 996 1652 illam
1032 1613 1065 1651 a
1104 1597 1336 1663 ratione,
1376 1598 1523 1653 velut
1566 1598 1883 1653 animalium
1918 1613 2067 1652 mor-

2162 961 2468 1033 ἄνθρωπον.
2491 960 2681 1016 Ταῦτα
2716 958 2827 1031 γὰρ
2866 958 2971 1030 πρὸ
3001 955 3097 1010 τοῦ
3127 955 3399 1008 ἐκπεσεῖν
3414 951 3595 1006 αὐτὸν
3618 951 3779 1003 ᾶπαν-

2163 1071 2232 1110 τα
2263 1056 2480 1127 εἴρηται
2499 1070 2513 1085 ο
2544 1052 2617 1107 τὰ
2651 1052 2710 1106 δὲ
2738 1050 2881 1105 κατὰ
2912 1051 3042 1113 τοὺς
3069 1046 3318 1120 χιτῶνας
3349 1045 3498 1118 μετὰ
3528 1042 3598 1096 τὸ
3623 1045 3777 1096 ἔκτητο

2167 1150 2300 1201 serv.

2240 1310 2406 1379 Ὅθεν
2456 1325 2627 1394 ίωμεν
2670 1321 2834 1376 πάλιν
2875 1314 3307 1390 ἐπισκεψόμενοι
3343 1316 3419 1370 τὰ
3465 1316 3529 1368 ὲν
3569 1315 3771 1386 χερσὶν.

2169 1414 2373 1480 ἱκανῶς
2414 1413 2802 1481 ἀποδείξαντες
2836 1414 2911 1487 μὴ
2949 1408 3089 1467 εἶναι
3122 1413 3254 1476 τοὺς
3280 1410 3669 1485 δερματίνους
3694 1426 3771 1478 χι-

2168 1507 2347 1572 τῶνας
2367 1506 2440 1560 τὰ
2468 1505 2719 1577 σώματα,
2744 1506 2880 1559 ἀλλὰ
2910 1505 3011 1577 τὴν
3033 1504 3143 1558 ἀπὸ
3164 1502 3262 1556 τοῦ
3285 1502 3457 1570 λόγου
3480 1500 3601 1554 τῶν
3626 1500 3774 1565 ζώων

2170 1602 2473 1671 νεκρότητα
2524 1597 3072 1669 κατεσκευασμένην·
3115 1596 3279 1650 τοῦτο
3334 1594 3453 1665 γὰρ
3500 1592 3766 1646 λείπεται.

480 1698 616 1752 tem.
648 1698 781 1745 tunc
832 1692 1096 1761 temporis
1138 1688 1433 1759 perfectam
1469 1708 1481 1743 :
1522 1689 1625 1744 hoc
1664 1690 1810 1744 enim
1844 1689 2064 1745 demum

2181 1691 2399 1763 Ἀμέλει
2428 1690 2538 1744 τῶν
2571 1690 2713 1763 ὅρων
2743 1689 2848 1755 ἔξω
2884 1688 2978 1744 τοῦ
3013 1688 3356 1761 παραδείσου
3386 1687 3540 1741 κατὰ
3568 1685 3767 1757 ταὴν

483 1788 755 1850 superest.
803 1779 1075 1846 Quocirca
1133 1787 1288 1834 extra
1342 1779 1586 1847 paradisi
1641 1781 1940 1844 terminos,
1995 1780 2067 1835 ob

483 1887 603 1926 eam
643 1887 866 1926 causam
918 1870 1155 1938 eiicitur.
1209 1868 1331 1924 Non
1379 1870 1525 1924 enim
1570 1871 1716 1939 quod
1762 1885 1828 1924 ex
1871 1871 2068 1926 arbore

482 1965 611 2018 vitae
652 1978 813 2033 poma
860 1962 1152 2033 decerpere
1201 1978 1265 2017 ac
1308 1962 1595 2017 comedere
1641 1962 1835 2026 nollet,
1898 1962 2070 2018 bemié

484 2070 608 2110 nem
642 2054 783 2111 Dens
818 2055 940 2110 ideo
969 2054 1275 2110 deturbavit
1320 2054 1573 2125 (poterat
1596 2054 1797 2125 quippe
1840 2054 1896 2109 in
1926 2068 2068 2110 sem-

485 2149 759 2217 piternum
790 2147 990 2212 vivere,
1028 2162 1152 2200 cum
1185 2146 1417 2201 subinde
1446 2161 1512 2199 ex
1543 2145 1695 2200 vitali
1739 2146 1829 2200 illa
1873 2147 2070 2201 arbore

484 2234 857 2307 comedisset),
887 2237 980 2291 sed
1013 2251 1080 2291 ne
1109 2236 1437 2299 immortale,
1468 2235 1546 2289 uti
1573 2235 1835 2301 diximus,
1866 2238 2067 2292 malum

485 2334 651 2388 esset,
687 2324 789 2380 sibi
822 2325 1132 2380 cavendum
1183 2325 1409 2395 putavit.
1447 2324 1662 2395 Alioqni
1700 2326 1830 2396 quid
1876 2326 2070 2381 attine-

485 2416 579 2471 bat
618 2415 898 2471 Christnm
935 2416 1096 2489 547
1152 2418 1205 2471 in
1255 2426 1430 2472 terras
1475 2432 1506 2473 e
1551 2417 1693 2472 creto
1736 2417 1972 2486 mittere,
2022 2418 2069 2473 si

486 2506 710 2561 omnino
752 2506 897 2561 nulla
930 2508 1055 2562 vitae
1085 2518 1239 2577 parte
1281 2515 1500 2578 gustata
1541 2507 1817 2563 hominem
1852 2509 2071 2578 penitus

486 2597 649 2652 vellet
676 2597 987 2667 exstingui?
1014 2596 1172 2663 Quod
1206 2599 1251 2653 si
1275 2598 1543 2654 nonnulla
1565 2598 1731 2652 veluti
1752 2600 2071 2669 pwnitentia

487 2687 711 2743 ductum
776 2688 922 2743 istud
979 2690 1159 2760 egisse
1204 2686 1375 2744 Deum
1425 2689 1775 2746 adversarius
1824 2690 2075 2761 obiiciat,-

488 2781 760 2836 imbecilla
789 2796 852 2835 ea
886 2782 1027 2835 ratio
1059 2789 1165 2843 est,
1195 2797 1318 2852 quae
1345 2782 1563 2838 consilii
1603 2783 1659 2837 in
1690 2781 1859 2838 Deum
1892 2790 2072 2838 muta-

489 2875 695 2929 tionem
723 2874 953 2929 invehit.
980 2873 1089 2929 Sed
1115 2890 1291 2944 neque
1322 2877 1547 2945 ignarus
1577 2873 1747 2929 futuri
1777 2873 1922 2933 Deus
1962 2884 2069 2942 est,

491 2982 593 3021 nec
629 2965 854 3021 etl‘ector
900 2967 1061 3033 mali;
1095 2966 1189 3022 sed
1217 2976 1271 3022 et
1322 2967 1500 3023 bonus
1541 2966 1595 3021 in
1639 2967 1834 3036 primis
1873 2977 1977 3033 est,
2019 2978 2072 3026 et

490 3058 799 3113 futurorum
831 3058 1118 3129 praescius.
1169 3057 1351 3125 Quare
1399 3072 1511 3113 non
1554 3057 1675 3113 ideo
1703 3057 1932 3128 ejecisse
1965 3075 2070 3130 pu-
2098 3027 2143 3088 θ

492 3150 690 3205 tandus
723 3158 806 3205 est
839 3166 928 3213 ne,
963 3152 1009 3206 si
1037 3168 1102 3207 ex
1134 3151 1349 3208 arboris
1378 3150 1500 3206 vitae
1530 3151 1709 3204 fructu
1739 3152 2070 3219 comedet-et,

492 3246 549 3301 in
577 3254 839 3301 aeternum
880 3244 1183 3301 servandus
1215 3243 1391 3309 foret;
1424 3244 1518 3299 sed
1546 3254 1606 3298 ut
1645 3252 1931 3315 peccatum
1960 3244 2073 3316 pri-

2170 1780 2499 1848 ὲξοικίζεται
2528 1783 2627 1854 τὴν
2655 1781 2851 1838 αἰτίαν.
2883 1776 2959 1836 Ού
2987 1780 3098 1853 γὰρ
3129 1782 3213 1835 ὅτι
3252 1780 3332 1852 μὴ
3372 1780 3555 1833 θέλων
3583 1782 3615 1833 ὁ
3642 1781 3767 1843 Θεὸς

2169 1874 2279 1927 ἀπὸ
2308 1872 2402 1927 τοῦ
2436 1873 2593 1938 ξύλου
2637 1871 2937 1944 δρέψασθαι
2976 1873 3074 1944 τῆς
3115 1871 3264 1941 ζωῆς
3298 1870 3495 1932 αὑτὸν,
3540 1871 3644 1924 καὶ
3675 1889 3763 1939 7a-

2169 1967 2307 2035 γεῖν,
2331 1965 2585 2032 ἐξέϐαλεν
2617 1964 2878 2037 (ἠδύνατο
2905 1964 3013 2035 γὰρ
3033 1965 3113 2026 είς
3136 1964 3232 2017 τὸν
3257 1961 3440 2017 αἰῶνα
3467 1961 3593 2033 ζῇν,
3618 1958 3762 2025 αὖθις

2171 2055 2361 2124 φαγὼν
2407 2054 2513 2109 ἀπὸ
2552 2055 2653 2127 τῆς
2698 2053 2897 2126 ζωῆς),
2929 2053 3047 2107 ἀλλ’
3072 2053 3160 2106 ἵνα
3206 2053 3284 2124 μὴ
3332 2051 3653 2114 ἀθάνατον,
3691 2053 3759 2115 ὡς

2172 2146 2506 2219 ὑπεθέμεθα,
2539 2145 2743 2218 γενηθῇ
2777 2144 2839 2198 τὸ
2871 2145 3059 2199 κακόν.
3104 2142 3262 2197 Ἐπεὶ
3287 2143 3382 2197 διὰ
3418 2142 3479 2197 τί
3504 2144 3602 2197 τὸν
3635 2144 3757 2216 Χμέ

2174 2235 2297 2288 στὸν
2320 2234 2429 2288 ἀπὸ
2450 2234 2558 2288 τῶν
2576 2234 2821 2306 οὐρανῶν
2847 2232 3167 2287 ἀπέστειλεν
3185 2234 3267 2296 είς
3297 2234 3398 2305 τὴν
3419 2232 3552 2304 γῆν,
3571 2234 3757 2296 siam;

2172 2328 2406 2399 ἠθέλησε
2432 2326 2578 2399 ζωῆς
2605 2328 2697 2380 τὸν
2730 2323 3016 2398 ἄνθρωπον
3056 2324 3326 2394 ἄγευστον
3357 2324 3659 2380 ἀποθανεῖν
3686 2326 3755 2389 εἰς

2172 2420 2233 2473 τὸ
2280 2408 2580 2485 πςῖντελέςς
2626 2419 2690 2472 Et
2722 2417 2779 2471 δὲ
2815 2419 2879 2471 ἐκ
2921 2415 3229 2489 μεταμέλου
3276 2416 3442 2470 τοῦτο
3492 2418 3629 2487 φαίη
3667 2434 3755 2469 τε·

2175 2510 2461 2582 ποιηκέναι
2501 2509 2593 2564 τὸν
2632 2509 2765 2564 Θεδν
2801 2511 2831 2564 ὀ
2879 2509 3194 2578 ἀντιλέγων,
3242 2508 3485 2577 ἀσθενὴς
3527 2509 3707 2565 αὐτῶν
3732 2512 3760 2564 ὸ

2172 2603 2351 2672 λόγος,
2391 2602 2864 2674 μεταγινώσκοντα
2888 2602 2978 2656 τὸν
3007 2600 3141 2655 Θεὸν
3169 2601 3432 2671 είσάγων.
3477 2602 3620 2655 Ἀλλ’
3643 2602 3757 2657 οὔτε

2173 2695 2431 2762 ἀξύνετος
2448 2693 2545 2750 τοῦ
2562 2694 2847 2766 μέλλοντος
2858 2694 3013 2760 Θεὸς,
3032 2694 3157 2750 οὕτε
3176 2695 3497 2762 κακοποιὸς,
3514 2694 3655 2749 ἀλλὰ
3675 2694 3765 2749 καὶ

2172 2790 2360 2861 ἄκρως
2384 2788 2609 2858 ἀγαθὸς,
2649 2788 2744 2842 καὶ
2776 2774 3167 2859 προγινώσκων
3186 2787 3257 2839 τὰ
3284 2785 3567 2858 μέλλοντα.
3604 2786 3759 2840 Ὥστε

2173 2882 2276 2935 οὐκ
2302 2881 2411 2953 ἄρα
2444 2880 2532 2934 διὰ
2558 2880 2621 2934 τὸ
2665 2880 2740 2952 μὴ
2769 2878 3036 2945 σώζεσθαι
3070 2881 3153 2943 είς
3180 2880 3273 2933 τὸν
3305 2879 3475 2933 αἰῶνα
3514 2879 3761 2948 φαγόντα

2173 2971 2334 3026 αύτδν
2355 2971 2464 3025 ἀπὸ
2483 2970 2576 3026 τοῦ
2600 2971 2757 3039 ξύλου
2790 2974 2889 3043 τῆς
2919 2972 3087 3042 ζωῆς,
3110 2964 3385 3037 ἐξέϐαλεν,
3414 2971 3553 3025 ἀλλὰ
3586 2971 3681 3025 διὰ
3702 2972 3763 3025 τὺ

2175 3064 2517 3136 νεκρωθῆναι
2546 3063 2761 3136 πρῶτον
2783 3056 2999 3128 θανάτῳ
3016 3064 3116 3137 τὴν
3133 3064 3435 3135 ἁμαρτίαν
3463 3064 3532 3117 ἶν’
3560 3062 3757 3128 οὕτως,

2181 3155 2320 3229 μετὰ
2353 3156 2415 3209 τὸ
2461 3155 2751 3209 ἀποθανεῖν
2788 3156 3114 3226 ὲκτακείσης
3143 3156 3245 3226 τῆς
3282 3155 3577 3229 ἁμαρτίας,
3609 3159 3759 3227 ἑγερι

2180 3246 2295 3311 θεὶς
2319 3245 2602 3318 ἄνθρωπος
2627 3245 2870 3318 καθαρὸς
2896 3247 3044 3319 φάγῃ
3078 3247 3178 3318 τῆς
3205 3247 3371 3318 ζωῆς.

490 3355 639 3393 mum
696 3338 939 3392 omnium
977 3347 1152 3392 morte
1181 3338 1558 3406 perimeretur,
1606 3344 1768 3407 atque
1810 3338 1907 3401 ita,
1961 3353 2088 3392 cum
2120 3346 2269 3395 esset
2314 3348 2600 3403 mortuus,
2652 3340 2801 3393 velut
2850 3346 3181 3410 consumpto
3217 3340 3571 3411 eliquatoque
3638 3354 3748 3410 pec-

492 3436 635 3495 ‘cato,
673 3433 945 3487 excitatus
990 3431 1056 3486 ad
1097 3432 1262 3485 vitam
1318 3430 1501 3493 homo,
1552 3445 1617 3484 ac
1659 3429 1847 3500 purior
1888 3432 2067 3488 factus
2106 3434 2217 3488 vita
2245 3441 2580 3488 vesceretur.

564 3524 754 3580 XXIV.
796 3525 908 3581 Nec
953 3533 1038 3580 est
1085 3524 1231 3593 quod
1281 3523 1514 3578 stolidus
1561 3523 1836 3594 quispiam
1880 3531 2083 3581 temere

491 3619 702 3688 jactare
749 3618 967 3681 audeat,
997 3617 1156 3670 aliter
1188 3615 1302 3668 haec
1349 3630 1473 3669 esse
1518 3616 1894 3685 pronuntiata.
1944 3614 2080 3671 Nam

495 3710 588 3779 qui
626 3724 849 3763 cantem
880 3709 1020 3762 hanc
1070 3706 1471 3760 immortalitati
1517 3704 1798 3777 capienda:
1828 3704 2079 3760 idoneam

493 3817 617 3857 esse
668 3802 885 3870 penitus
932 3808 1114 3869 negat,
1172 3798 1262 3852 hic
1314 3797 1554 3852 vesaniae
1606 3797 1796 3852 morbo
1828 3797 2083 3852 laborans

494 3894 910 3949 contmniliosis
952 3893 1006 3946 in
1037 3889 1205 3945 Deum
1244 3890 1471 3945 vocibus
1520 3890 1712 3944 utitur.
1764 3888 1876 3944 Cur
1907 3891 2077 3954 enim,

495 3995 852 4058 poStcaquam
885 3983 1125 4053 pellicere
1152 3982 1353 4036 tunica:
1382 3990 1629 4038 consula:
1658 3989 1807 4049 sunt,
1835 3979 2081 4038 Adanms

493 4078 736 4147 eiicitur,
773 4089 838 4131 ac
867 4074 994 4128 vita:
1025 4072 1279 4128 arborem
1320 4072 1589 4141 attingere
1619 4071 1909 4141 vivereque
1953 4087 2080 4141 pro-

494 4168 742 4234 hibetur;
783 4166 831 4221 si
878 4165 994 4221 ﬁeri
1026 4163 1252 4219 eninino
1280 4167 1387 4218 non
1422 4169 1625 4232 potest,
1672 4169 1731 4216 ut
1773 4162 1830 4216 in
1878 4163 2080 4232 sempi-

495 4271 711 4314 ternum
764 4259 934 4312 vitam
986 4256 1151 4312 homo
1200 4270 1325 4313 eum
1378 4271 1611 4327 corpore
1651 4256 1940 4312 traducat?
1986 4257 2079 4311 Sic

2249 3527 2376 3580 ΚΔθ.
2418 3525 2626 3597 Μηδεὶς
2665 3525 2721 3579 δὲ
2766 3524 3060 3597 ἀϐέλτερος
3096 3525 3172 3578 ὣν
3220 3523 3746 3597 παρακινδυνευέτω,

2176 3619 2253 3682 ei;
2278 3618 2485 3671 τούτων
2534 3616 2740 3690 ἑτέρως
2776 3617 3099 3688 λεχθέντων.
3144 3618 3203 3672 '0
3244 3618 3353 3689 γὰρ
3400 3616 3541 3680 ὅλως
3589 3616 3746 3688 ὁριξὸ-

2182 3726 2340 3781 μενος
2372 3710 2472 3781 τὴν
2501 3710 2682 3782 σάρκα
2718 3710 2793 3782 μὴ
2823 3706 2965 3764 εἶναι
3012 3710 3219 3782 ταύτην
3258 3709 3563 3773 ἀθανασίας
3586 3708 3746 3762 δεκτι-

2178 3800 2302 3872 κὴν,
2322 3801 2493 3871 ὅντως
2521 3802 2707 3866 ἀνοίας
2734 3801 2984 3865 ὑπαίτιος
3015 3801 3092 3855 ὣν
3115 3791 3276 3872 νόσῳ,
3304 3801 3635 3874 βλασφημεῖ.
3662 3799 3751 3854 Διὸ

2179 3893 2230 3945 τί
2272 3874 2412 3964 γὰρ’·
2433 3892 2571 3964 μετὰ
2618 3893 2718 3965 τὴν
2755 3892 2867 3947 τῶν
2904 3892 3149 3964 χιτώνων
3188 3893 3297 3948 τῶν
3347 3892 3686 3964 δερματίνων
3724 3893 3748 3946 ὁ

2192 3982 2368 4054 Ἀδὰμ
2404 3983 2748 4055 κατασκευὴν
2788 3982 3110 4038 ἐκϐάλλεται
3135 4024 3148 4045 ,
3193 3983 3539 4055 κωλυόμενος
3572 3986 3747 4053 φαγεῖν

2180 4072 2289 4126 ἀπὸ
2318 4072 2412 4126 τοῦ
2442 4072 2603 4140 ξύλου
2634 4073 2737 4143 τῆς
2764 4073 2933 4146 ζωῆς.
2973 4075 3068 4129 καὶ
3101 4075 3287 4147 ζῆσαι,
3325 4077 3376 4128 εἰ
3402 4075 3540 4139 ὅλως
3568 4074 3747 4128 ἀδύνα-

2179 4180 2272 4218 τον
2299 4159 2369 4236 ἦν
2401 4163 2540 4236 μετὰ
2563 4163 2815 4236 σώματος
2844 4168 2923 4230 είς
2945 4166 3036 4219 τὸν
3060 4164 3232 4219 αἰῶνα
3259 4166 3422 4237 ζῆσαι
3445 4166 3537 4219 τὸν
3554 4164 3747 4237 ἀνθρω-

2181 4271 2320 4323 nov;
2359 4254 2449 4319 Ὡς
2486 4256 2793 4327 δυναμένου
2829 4257 2940 4330 γὰρ
2973 4257 3140 4312 αὐτοῦ
3190 4256 3266 4330 μὴ
3303 4258 3628 4321 ἀποθανεῖν,
3665 4257 3753 4311 ἐὰν

494 4340 1008 4419 enim-interdictio
1055 4349 1147 4404 illa
1187 4350 1333 4404 edita
1378 4322 1496 4412 εει,
1521 4356 1782 4419 tanquam
1828 4347 1941 4403 vita
1988 4349 2072 4403 ille

2183 4342 2292 4398 ἀπὸ
2324 4342 2424 4415 τῆς
2454 4344 2602 4416 ζωῆς
2640 4344 2906 4418 γεύσηται
2934 4345 3137 4411 λαϐὼν,
3175 4347 3213 4418 ὴ
3246 4345 3484 4410 κώλυσις
3532 4347 3746 4416 γίνεται.

450 4426 781 4515 Ἧεευειειιι
831 4449 1061 4497 mortem
1110 4440 1299 4510 posset
1348 4439 1602 4509 rll‘ugere.
1641 4435 1734 4493 Sic
1773 4437 1919 4494 enim
1951 4435 2072 4493 ait:

496 4538 646 4594 Fecit
676 4538 858 4608 itaque
890 4535 1146 4589 Dominus
1178 4533 1320 4588 Deus
1343 4531 1517 4586 Adam
1541 4542 1590 4587 et
1618 4530 1776 4586 uxori
1794 4530 1909 4600 ejus
1943 4530 2086 4582 tuui-

494 4649 584 4687 ras
615 4630 885 4699 petticeas,
924 4636 974 4683 et
1014 4625 1189 4681 induit
1232 4625 1377 4679 illos.
1421 4622 1489 4676 Et
1535 4620 1693 4677 dixit
1726 4621 1868 4677 Deus
1898 4637 1922 4676 ευ
1951 4620 2085 4676 Ecce

495 4727 783 4793 [actus-est
810 4721 1006 4781 Adam,
1048 4720 1187 4772 sicut
1233 4732 1371 4771 unus
1398 4731 1463 4770 ea:
1491 4713 1661 4779 nobis,
1699 4723 1757 4768 ut
1803 4724 2084 4784 cognoscat

498 4818 688 4871 bonum
720 4823 769 4869 et
797 4817 1017 4867 malum.
1051 4809 1120 4864 Et
1147 4825 1284 4863 nunc
1319 4824 1383 4863 ne
1411 4807 1548 4878 forte
1575 4805 1820 4861 extendat
1843 4822 2083 4872 manum,

414 4912 417 4917 ’
495 4918 545 4963 et
577 4915 753 4963 sumat
782 4905 846 4958 de
873 4906 1011 4975 ligno
1035 4905 1193 4965 vitm;
1238 4910 1287 4956 et
1322 4891 1561 4954 comedat
1584 4906 1634 4951 et
1664 4897 1802 4952 vivat
1846 4895 1900 4949 in
1928 4904 2083 4950 teter-

497 5019 641 5055 num.
680 4998 749 5054 Et
773 4998 946 5054 emisit
978 4995 1131 5051 illum
1170 4992 1433 5048 Dominus
1464 4990 1607 5044 Deus
1636 5005 1665 5043 e
1686 4988 1942 5058 paradiso
1991 5006 2077 5043 vo-

500 5093 742 5163 luptatis,
786 5101 843 5145 ut
896 5090 1204 5159 operaretur
1250 5094 1469 5147 terram,
1518 5097 1583 5136 ex
1624 5097 1728 5152 qua
1778 5090 2081 5150 assumptus

499 5195 597 5240 est.
635 5182 702 5238 Et
732 5182 882 5252 ejecit
922 5180 1094 5234 Adam
1123 5179 1164 5234 ³.
1201 5175 1570 5245 Quamobrem
1601 5181 1815 5245 poterat
1847 5174 1900 5228 in
1935 5182 2085 5229 :eter-

499 5292 629 5331 num
681 5275 866 5329 vivere
917 5284 1154 5343 corpus,
1204 5279 1260 5326 et
1304 5267 1611 5324 immortale
1668 5267 1813 5331 ﬁeri,
1862 5266 1968 5322 nisi
2015 5265 2121 5323 ab.

501 5366 769 5438 gustanda
796 5366 907 5421 Vita
954 5364 1094 5420 foret
1135 5362 1494 5434 prohibitum.
1528 5358 1622 5414 Est
1652 5367 1833 5413 autem
1877 5356 2086 5413 idcirco

503 5457 859 5531 prohibitum,
904 5466 964 5511 ut
1006 5464 1061 5512 et
1107 5462 1392 5526 peccatum
1431 5451 1767 5509 exstinctum
1816 5464 1923 5504 una
1958 5463 2086 5504 cum

577 5619 591 5650 ¹
630 5616 763 5674 Gen.
798 5628 833 5681 ι,
870 5614 960 5669 28.
1077 5615 1095 5643 ²
1128 5614 1264 5668 Cen.
1297 5628 1356 5676 ll,
1384 5611 1434 5664 7.
1514 5610 1531 5639 ³
1561 5608 1698 5662 (ἰριι.
1728 5623 1809 5674 m,
1842 5606 2031 5659 ‘21-‘24.

2181 4436 2320 4508 Φησὶ
2350 4436 2488 4508 γάρ·
2533 4436 2647 4491 Καὶ
2690 4437 2943 4506 ἐποίησε
2976 4438 3194 4506 Κύριος
3217 4440 3251 4491 d
3295 4438 3440 4504 Θεὸς
3478 4437 3559 4503 τῷ
3590 4437 3747 4505 Ἀδὰμ

2181 4527 2278 4580 καὶ
2315 4525 2393 4596 τῇ
2422 4524 2661 4596 rbi-amt
2699 4528 2888 4583 αὐτοῦ
2925 4525 3181 4599 χιτῶνας
3204 4528 3629 4598 δερματίνσυς·
3661 4524 3747 4579 καί

2179 4616 2476 4672 ἐνέδυσεν
2504 4621 2746 4687 αὐτούς.
2774 4620 2887 4677 Καὶ
2918 4617 3089 4675 εἶπεν
3112 4624 3144 4675 ό
3185 4620 3358 4686 Θεός’
3406 4618 3560 4673 ἰὃοὺ
3602 4619 3745 4688 γέγο-

2179 4730 2289 4767 νεν
2325 4713 2495 4783 Ἀδὰμ
2526 4714 2604 4781 ὡς
2638 4710 2727 4781 εἷς
2765 4714 2835 4780 ἐξ
2864 4712 3053 4785 ἡμῶν,
3088 4713 3194 4768 τοῦ
3223 4712 3542 4783 γινώσκειν
3571 4711 3745 4765 καλὸν

2181 4803 2284 4858 καὶ
2309 4806 2600 4872 πονηρόν.
2626 4806 2733 4860 Καὶ
2762 4805 2879 4860 νῦν
2905 4806 3140 4876 μήποτε
3163 4805 3403 4873 ἐκτείνῃ
3428 4802 3543 4871 τήν
3571 4802 3744 4874 χεῖρα,

2181 4895 2284 4950 καὶ
2324 4895 2481 4967 λάϐῃ
2531 4897 2639 4952 τοῦ
2693 4898 2886 4962 ξύλου
2931 4896 3042 4967 τῆς
3062 4896 3244 4964 ζωῆς,
3280 4897 3379 4951 καί
3424 4888 3624 4965 φάγῃ,
3660 4893 3743 4948 καὶ

2183 4988 2429 5056 ζήσεται
2457 4992 2549 5057 εἰς
2578 4991 2684 5046 τὸν
2720 4989 2929 5047 αἰῶνα.
2961 4990 3072 5044 Kal
3112 4987 3546 5055 ἐξαπέστειλεν
3574 4987 3746 5041 αὑτὸν
3836 4980 3837 5051 l

2178 5081 2395 5148 Κύριος
2440 5084 2473 5136 ό
2511 5081 2656 5149 Θεὸς
2692 5082 2763 5136 ἐκ
2817 5082 2924 5137 τοῦ
2971 5079 3340 5149 παραδείσου
3385 5075 3496 5145 τῆς
3532 5076 3745 5147 τρυφῆς

2179 5174 2523 5247 ἐργάζεσθαι
2564 5174 2678 5244 τὴν
2704 5172 2843 5245 γῆν.
2871 5172 2942 5239 ἐξ
2980 5168 3055 5244 ἧς
3082 5171 3339 5240 ἐλήφθη.
3366 5168 3478 5223 Καὶ
3516 5166 3744 5231 ἐξέϐαλε

2185 5266 2292 5321 τὸν
2327 5264 2531 5337 Ἀδάμ.
2581 5264 2791 5319 Οὐκοῦν
2830 5263 3060 5336 ἠδύνατο
3104 5263 3221 5334 ζῇν,
3280 5262 3329 5313 εί
3365 5258 3444 5330 μὴ
3487 5255 3741 5311 κεκώλυτο

2185 5357 2488 5426 γεύσασθαι
2512 5358 2612 5429 τῆς
2637 5357 2800 5429 ξῶῆς.
2832 5353 3110 5424 Ἐκωλύθη
3134 5353 3212 5415 δὲ,
3230 5353 3381 5414 ὅπως
3402 5352 3439 5422 ἡ
3462 5350 3560 5421 μὲν
3583 5350 3740 5419 ἁμαρ-

2185 5451 2277 5505 τία
2314 5450 2812 5505 συναποκτανθεῖσα
2841 5447 2916 5519 τῷ
2954 5445 3164 5517 σώματι
3208 5444 3381 5514 θάνῃ,
3414 5444 3477 5496 τὸ
3502 5442 3561 5497 δὲ
3604 5442 3739 5510 σῶμα
