3840 6062
137 193 276 249 ιιυυ

796 190 1164 245 Αιηειῐιιδυδ
1204 187 1549 243 llASRESES
1587 187 1715 242 LIB.
1762 188 1824 242 ll.
1871 181 2033 241 T031.
2080 185 2119 238 l.
2165 215 2230 223 ——
2270 181 2544 237 mulis.
2589 182 2763 237 ωιιν.

3253 184 3390 239 ιιιο

129 308 360 375 ἀναστῇ,
400 307 498 375 τῆς
553 304 825 376 ἁμαρτίας
865 305 1224 377 ἀπολομένης.
1262 306 1377 359 Ἱνα
1410 307 1588 359 τοίνυν
1631 306 1706 376 μὴ

1817 318 2039 371 corpore
2071 307 2396 361 moreretur,
2427 305 2482 353 et
2528 313 2731 368 corpus
2772 306 2996 370 peccato
3051 304 3265 350 tnortuo
3309 312 3390 351 re-

132 394 166 472 ᾖ
199 398 365 451 κακὸν
397 397 665 451 ἀθάνατον
693 400 721 451 6
745 398 1050 470 ἄνθρωπος,
1094 399 1169 462 ὡς
1210 398 1369 469 ἔφην,
1395 399 1429 471 ἢ
1462 398 1710 463 ἀείζωον,

133 490 271 560 έχων
309 489 365 541 ἐν
411 488 591 560 ἑαυτῷ
618 488 715 561 τὴν
737 489 1026 563 ,ἁμαρτίαν
1070 490 1570 562 κρατιστεύουσαν,
1618 488 1713 543 ἅτε

133 583 190 634 ὲν
248 580 505 653 ἀθανάτῳ
552 580 934 654 βλαστήσασαν
990 581 1238 652 σώματι,
1295 584 1390 637 καὶ
1446 581 1714 636 ἀθάνατον

133 673 361 743 ἔχουσαν
392 673 620 745 τροφὴν,
655 676 683 727 6
720 673 853 738 Θεὸς
881 676 1045 729 αὐτὸν
1074 676 1164 730 διὰ
1198 676 1355 730 τοῦτο
1383 674 1576 746 θνητὸν
1609 674 1714 727 ἀπ-

130 764 370 832 εφήνατο
393 766 678 835 νεκρότητι
718 766 1047 835 περιϐαλών.
1088 768 1260 823 Τοῦτο
1293 771 1403 843 γὰρ
1432 774 1480 826 oi
1508 773 1713 846 δερμά-

137 870 263 906 τινοι
294 853 525 924 χιτῶνες
562 855 875 911 ἐϐούλοντο·
910 859 996 912 ἵνα
1033 860 1097 927 δὴ
1136 861 1223 915 διά
1249 866 1349 934 τῆς
1380 863 1589 929 λύσεως
1617 866 1713 920 τοῦ

133 943 382 1015 σώματος
431 947 523 998 καὶ
575 947 673 1018 τῆς
722 946 1043 1020 διαιρέσεως
1090 955 1123 1022 ὴ
1171 954 1416 1026 ἁμαρτία
1469 956 1715 1010 κάτωθεν

132 1037 508 1108 αὐτόπρεμνος
544 1039 692 1091 πᾶσα
725 1039 1034 1114 διαφθαρῇ’
1085 1042 1162 1108 ὡς
1202 1045 1339 1117 μηδὲ
1368 1046 1471 1099 κᾶν
1514 1046 1715 1117 βραχύ-

137 1143 287 1181 τατον
342 1128 500 1200 ῥίζης
556 1130 782 1202 ὲαθῆναι
830 1134 1028 1204 μέρος,
1084 1136 1179 1207 ἀφ’
1219 1134 1282 1192 οῦ
1333 1139 1449 1194 νέαι
1488 1134 1715 1211 statim

135 1220 292 1274 πάλιν
326 1222 746 1295 ἁμαρτημάτων
770 1225 1204 1293 ἀναϐλύζωνται.

199 1401 328 1455 κεν.
372 1403 641 1476 Καθάπερ
680 1406 789 1478 γάρ
827 1408 884 1461 έν
918 1409 1316 1483 οἰκοδομήμασι
1357 1414 1500 1469 ναῶν
1533 1415 1712 1471 καλῶν

132 1493 271 1562 συκῆ
299 1495 641 1565 γεννηθεῖσα,
669 1498 760 1549 καὶ
783 1499 862 1561 είς
884 1497 1105 1553 ἔκτασιν
1134 1502 1229 1555 καὶ
1260 1502 1488 1573 μέγεθος
1520 1507 1710 1576 εὐτρο-

129 1585 376 1653 φήσασα,
425 1586 519 1639 καὶ
568 1587 661 1640 ἐπὶ
704 1588 881 1652 πάσας
923 1590 1022 1654 τὰς
1059 1586 1328 1663 ἁρμονίας
1359 1578 1729 1667 πολυκλημάοθ

130 1690 241 1737 τοις
295 1672 475 1743 ῥίζαις
518 1676 626 1728 τῶν
674 1676 835 1731 λίθων
865 1679 1163 1751 κεχυμένη,
1199 1681 1260 1735 οὐ
1311 1684 1574 1754 πρότερον
1615 1684 1709 1737 τοῦ

130 1762 285 1833 φύειν
338 1765 645 1832 στέλλεται,
695 1768 800 1832 ἕως
834 1772 983 1823 πᾶσα
1034 1772 1398 1843 ἀποσπασθῇ,
1438 1774 1707 1828 λυθέντων

130 1851 235 1905 τῶν
268 1853 392 1906 καθ’
417 1853 511 1918 οὓς
540 1855 841 1929 ἐϐλάστησε
881 1859 1080 1923 τόπους
1110 1859 1220 1913 τῶν
1252 1860 1416 1914 λίθων
1435 1879 1450 1893 ο
1483 1860 1710 1916 δυνατὸν

137 1945 235 2014 γὰρ
292 1946 457 1999 πάλιν
509 1949 590 2010 είς
639 1949 765 2013 τοὺς
799 1950 1008 2004 ἑαυτῶν
1059 1952 1462 2023 έναρμοσθῆναι
1511 1955 1711 2019 τόπους

130 2035 253 2098 τοὺς
303 2034 502 2102 λίθους,
544 2037 644 2109 τῆς
683 2039 855 2109 συκῆς
897 2042 1296 2112 ἀφῃρημένης,
1342 2042 1493 2106 ὅπως
1536 2045 1564 2096 6
1609 2043 1710 2113 μὲν

129 2123 255 2188 ναὸς
285 2123 549 2197 σώζηται,
582 2127 748 2198 μηδὲν
782 2129 893 2184 τῶν
936 2128 1306 2199 ἀφανιζόντων
1333 2131 1494 2185 αὐτόν
1524 2133 1712 2186 κακῶν

129 2213 306 2285 ἑαυτῷ
339 2217 537 2286 μηκέτι
573 2218 775 2289 φέρων,
806 2220 839 2289 ἡ
883 2220 940 2272 δὲ
981 2221 1119 2291 συκῆ
1157 2222 1307 2274 πᾶσα
1337 2222 1713 2294 προθέλυμνος

131 2309 548 2364 ἀποσπασθεῖσα
592 2312 870 2384 ἀποθάνῃ*
923 2313 1064 2367 κατά
1113 2314 1284 2367 ταῦτα
1317 2316 1411 2368 καὶ
1448 2320 1477 2370 6
1516 2315 1649 2381 Θεὸς
1684 2319 1714 2372 6

128 2400 381 2471 τεχνίτης
409 2400 500 2454 τὸν
529 2401 723 2456 ἑαυτοῦ
753 2402 859 2456 νεὼ
888 2403 979 2458 τὸν
1001 2404 1309 2477 ἄνθρωπον,
1338 2405 1493 2477 δίκην
1513 2406 1714 2479 ἀγρίας

130 2491 302 2562 συκῆς
331 2490 430 2562 τὴν
466 2493 742 2565 ἁμαρτίαν
775 2494 1179 2567 βλαστήσαντα,
1214 2494 1448 2563 διέλυσε,
1480 2498 1712 2554 θανάτου

130 2583 490 2655 προσκαίροις
547 2587 875 2656 προσϐολαῖς
917 2588 1291 2654 ἀποκτείνων,
1337 2591 1481 2645 κατά
1520 2590 1580 2644 τὸ
1622 2608 1713 2660 γε·

132 2674 474 2745 γραμμένον,
510 2678 605 2730 καὶ
635 2676 946 2745 ζωοποιῶν,
978 2679 1065 2732 ἵνα
1112 2680 1277 2734 πάλιν
1319 2679 1429 2734 τῶν
1466 2681 1647 2736 αὐτῶν
1674 2685 1709 2755 ἡ

130 2766 267 2838 σὰρξ
303 2767 487 2840 μερῶν
524 2768 665 2839 μετὰ
708 2770 767 2822 τὸ
804 2767 1169 2841 ξηρανθῆναι,
1204 2772 1300 2825 καὶ
1331 2771 1622 2827 ἀποθανεῖν
1651 2775 1714 2828 τὸ

131 2856 350 2930 άμάρτη
360 2876 454 2929 μα,
484 2858 639 2929 δίκην
658 2860 1243 2932 ἀνακαινοποιηθέντος
1269 2861 1422 2926 ναοῦ,
1443 2862 1713 2928 ἀθάνατος

133 2951 225 3004 καὶ
260 2952 498 3022 ἀπήμων
532 2951 755 3024 ἐγερθῇ,
786 2951 987 3017 τελέως
1016 2955 1081 3007 ὲκ
1119 2952 1336 3023 βάθρων
1368 2954 1713 3026 ἀπολομένης

129 3045 227 3114 τῆς
248 3042 546 3115 ἁμαρτίας.
580 3023 793 3109 Ζῶντος
819 3045 927 3116 γὰρ
955 3044 1037 3098 ἔτι
1066 3044 1162 3099 τοῦ
1197 3046 1450 3117 σώματος
1487 3023 1595 3118 πρὸ
1618 3023 1715 3101 τοῦ
1741 3023 1784 3080 C

130 3132 506 3205 τεθνήξεσθαι,
550 3135 720 3207 συζῇν
745 3136 960 3207 ἀνάγκη
994 3136 1092 3190 κα).
1113 3136 1214 3207 τὴν
1239 3137 1539 3208 ἁμαρτίαν,
1567 3136 1714 3191 ἔνδον

129 3226 222 3290 τὰς
253 3226 410 3298 ῥίζας
448 3228 619 3297 αὐτῆς
648 3229 851 3298 ὲνήμῖν
864 3226 1342 3297 ἀποκρύπτουσαν,
1375 3228 1424 3281 εί
1452 3227 1546 3281 καὶ
1571 3226 1712 3292 ἔξω·

130 3316 217 3373 θεν
247 3320 445 3390 τομαῖς
464 3320 583 3384 ταῖς
599 3319 707 3373 ἀπὸ
748 3318 856 3373 τῶν
907 3320 1303 3391 σωφρονισμῶν
1326 3320 1422 3373 καὶ
1451 3320 1560 3373 τῶν
1588 3337 1713 3374 νου-

132 3407 397 3480 θετήσεων
420 3409 786 3464 ἀνεστέλλετο.
818 3411 970 3464 Ἐπεὶ
995 3407 1089 3465 οὖν
1120 3411 1222 3465 οὐκ
1245 3409 1313 3465 ἀν
1336 3409 1478 3482 μετά
1507 3409 1570 3463 τδ
1597 3426 1716 3479 φω-

130 3501 375 3574 τισθῆναι
411 3502 726 3556 συνέϐαινεν
751 3502 978 3568 ἀδικεῖν,
996 3502 1093 3557 am
1112 3504 1457 3558 παντάπασιν
1486 3502 1715 3574 εἱλικρι-

132 3592 235 3656 νῶς
264 3594 630 3667 ἀφῃρημένης
656 3593 750 3663 ἀφ’
772 3595 805 3663 η
814 3593 929 3665 μῶν
951 3593 1054 3665 τῆς
1079 3593 1375 3665 ἁμαρτίας.
1398 3592 1512 3648 Νῦν
1532 3593 1591 3647 δὲ
1617 3594 1715 3647 καί⁸

136 3683 268 3752 μετά
289 3685 352 3738 τὸ
382 3685 697 3748 πιστεῦσαι,
727 3686 822 3740 καὶ
851 3687 945 3739 ἐπὶ
971 3685 1031 3739 τὸ
1057 3684 1203 3757 ὓδωρ
1237 3684 1413 3739 ἐλθεῖν
1439 3685 1533 3740 τοῦ
1561 3686 1715 3754 ἁγνι-

135 3776 304 3846 σμοῦ,
362 3776 625 3840 πολλάκις
672 3778 730 3830 ὲν
788 3776 1083 3848 ἁμαρτίαις
1129 3775 1281 3839 ὄντες
1323 3775 1711 3848 εὑρισκόμεθα»

132 3867 316 3932 Οὐδεὶς
348 3868 457 3940 γὰρ
483 3868 658 3932 οὕτως
686 3867 971 3939 ἁμαρτίας
1001 3867 1159 3931 ἐκτὸς
1193 3861 1333 3920 εἶναι
1360 3866 1553 3921 ἑαυτὸν
1586 3883 1715 3921 καυ-

134 3959 387 4032 χήσηται,
415 3960 492 4026 ὡς
518 3960 652 4032 μηδὲ
680 3959 782 4014 κᾶν
811 3959 1186 4031 ἐνθυμηθῆναι
1225 3959 1287 4013 τὸ
1326 3959 1544 4014 σύνολον
1576 3959 1714 4023 ὅλως

135 4051 227 4121 τὴν
253 4052 488 4108 ἀδικίαν.
527 4053 690 4105 ’Ὥστε
727 4051 1026 4122 συνέστηκε
1058 4049 1440 4104 συστέλλεσθαι
1471 4050 1592 4121 μὲν,
1617 4051 1715 4105 καὶ⁸

137 4145 560 4212 κατευνάζεσθαι
581 4147 648 4216 τῇ
680 4143 861 4199 πίστει
885 4143 981 4199 νῦν
1006 4143 1105 4216 τὴν
1130 4143 1427 4215 ἁμαρτίαν,
1450 4144 1614 4207 εἰς’τὸ
1637 4143 1712 4215 μὴ

138 4232 276 4289 οἶσαι
303 4238 555 4310 καρποὺς
583 4236 964 4307 βλαόοποιοὺς,
1003 4236 1066 4289 οὐ
1103 4235 1212 4307 μὴν
1245 4234 1589 4306 ἀναιρεῖσθαι
1620 4235 1715 4289 καὶ

139 4325 243 4381 τῶν
269 4329 435 4399 ῥιζῶν
464 4329 643 4401 ἄχρις.
680 4328 795 4382 Νῦν
821 4328 921 4399 μὲν
959 4326 1193 4383 ἐνταῦθα
1220 4328 1320 4391 τάς
1353 4325 1587 4397 βλάστας
1612 4327 1713 4382 αὺ-

140 4417 255 4488 τῆς,
289 4417 398 4475 οἷον
422 4420 521 4484 τὰς
547 4419 870 4490 ἐνθυμήσεις
898 4418 998 4483 τὰς
1033 4419 1293 4490 πονηράς,
1331 4418 1711 4488 συστέλλομεν,

1817 399 2083 463 surgeret.
2119 388 2285 459 Igitur
2317 402 2395 443 ne.
2419 388 2727 443 immortale
2770 386 3042 457 quoddam
3087 404 3150 440 ac
3190 387 3393 456 scrupi-

1817 489 2033 535 ternum
2086 478 2290 533 malum
2331 483 2478 532 esset
2529 477 2717 542 homo,
2767 483 2829 530 ut
2875 478 2988 546 jam
3024 475 3280 538 diximus,
3329 489 3395 528 ac

1817 573 2029 644 peccati
2059 572 2114 626 in
2153 584 2275 626 sese
2306 568 2735 624 dominationem
2765 567 2994 631 foveret,
3036 576 3223 636 utpote
3250 565 3394 636 quod

1816 663 2110 719 immortali
2152 663 2209 719 in
2255 677 2487 733 corpore
2518 661 2824 732 pullularet,
2859 668 2913 716 et
2946 657 3237 712 immortali
3267 671 3395 727 per-

1817 756 1941 812 inde
1969 757 2228 812 alimento
2262 756 2541 827 glisceret,
2571 764 2862 825 propterea
2910 752 3190 805 mortalem
3243 750 3395 805 illum

1816 849 1959 905 Deus
1992 864 2118 904 esse
2169 849 2363 913 voluit,
2408 862 2472 902 ac
2526 857 2701 901 morte
2732 844 3035 899 damnavit.
3090 842 3204 897 Hoc
3251 843 3395 895 enim

1815 950 2043 997 scortea:
2086 941 2191 996 illa:
2224 940 2427 996 tunicae
2456 938 2869 1010 signiﬁcabant;
2927 945 2986 990 ut
3033 934 3397 989 dissolutione

1814 1037 2193 1108 divisioneque
2223 1037 2474 1107 corporis
2509 1050 2670 1090 omne
2698 1049 2765 1089 ex
2800 1033 2911 1086 imo
2945 1041 3230 1101 peccatum
3269 1029 3396 1085 stir-

1814 1131 1963 1200 pitus
2008 1137 2367 1194 enecaretur;
2405 1142 2470 1183 ac
2515 1142 2583 1183 ne
2632 1124 2967 1181 tenuissimae
2999 1122 3215 1192 quidem
3250 1121 3398 1177 ﬁbrae

1816 1226 2193 1286 remanerent;
2240 1218 2384 1273 unde
2417 1231 2560 1272 nova
2607 1214 2842 1271 subinde
2872 1212 3117 1285 germina
3147 1218 3399 1282 μουσείου

1816 1325 1935 1365 rum
1964 1308 2383 1366 elliorescercnt.
3188 1316 3196 1323 '

1886 1400 2052 1473 548
2092 1398 2255 1455 XXV.
2301 1397 2369 1453 Ut
2398 1398 2541 1454 enim
2567 1413 2599 1454 e
2628 1395 3040 1468 magniﬁcorum
3072 1394 3398 1464 templorum

1815 1500 2094 1548 structura
2128 1490 2420 1562 caprilicus
2457 1504 2747 1552 enascens,
2782 1498 2948 1558 atque
2989 1486 3045 1541 in
3099 1486 3395 1541 maximam

1813 1582 2229 1654 amplitudinem
2263 1583 2604 1645 adolescens,
2631 1588 2687 1636 et
2720 1579 3118 1649 multiplicibus
3147 1576 3395 1632 radicum

1743 1667 1786 1719 Β
1818 1676 2061 1731 brachiis
2090 1690 2188 1746 per
2222 1690 2414 1729 omnes
2443 1672 2684 1744 lapidum
2719 1670 2913 1726 diliusa
2942 1685 3258 1741 compages,
3292 1684 3401 1723 non

1820 1770 1973 1838 prius
2023 1781 2346 1822 cxcrcscere
2398 1764 2631 1828 desinit,
2685 1779 2846 1833 quam
2899 1762 3145 1831 disjectis
3201 1777 3269 1816 ex
3313 1778 3402 1824 eo,

1820 1862 1961 1915 unde
2007 1858 2287 1930 prodierit,
2346 1859 2467 1911 loco
2509 1855 2802 1926 lapidibus,
2847 1862 2959 1907 tota
3002 1855 3218 1923 penitus
3255 1852 3396 1907 tabc-

1820 1950 1963 2005 l‘acta
1994 1949 2267 2005 concidat.
2316 1948 2453 2002 Tum
2492 1949 2663 2012 enim,
2709 1948 2922 2001 sublata
2973 1945 3252 2015 capriﬁce,
3286 1945 3403 1999 suis

1820 2042 1955 2098 locis
1995 2042 2210 2097 restitui
2259 2041 2488 2105 τοι.ιίνίνὶ
2525 2041 2734 2110 lapides
2786 2048 3039 2110 possunt,
3073 2047 3133 2092 ut
3175 2046 3228 2092 et
3264 2049 3402 2093 tem-

1820 2138 1967 2208 plum
2018 2137 2196 2205 ipsum
2244 2135 2516 2188 incolume
2565 2143 2834 2195 servetur,
2870 2148 2995 2186 cum
3030 2132 3239 2185 nullum
3291 2144 3399 2183 am-

1821 2227 1964 2298 plius
2010 2242 2079 2281 ex
2124 2227 2193 2281 iis
2242 2226 2444 2296 quibus
2493 2223 2838 2279 evertebatur
2890 2222 3253 2278 incommodis
3306 2221 3402 2274 ba-

1821 2319 1978 2384 beat;
2009 2316 2302 2388 caprilicus
2331 2332 2459 2372 vero
2499 2315 2570 2371 ab
2601 2315 2738 2369 imis
2761 2313 3039 2369 radicibus
3063 2313 3251 2369 evulsa
3281 2326 3404 2366 mo-

1820 2412 2014 2467 riatur.
2055 2411 2135 2466 Ad
2168 2409 2419 2466 eumdem
2454 2409 2613 2478 plane
2645 2408 2867 2463 modum
2906 2406 3101 2464 artifex
3136 2406 3227 2461 ille
3261 2404 3405 2461 Deus

1819 2505 2080 2575 templum
2128 2519 2289 2560 suum
2334 2502 2631 2566 hominem,
2705 2503 2799 2572 qui
2838 2508 3121 2571 peccatum
3157 2499 3404 2571 capriﬁci

1819 2595 2106 2665 cujusdam
2158 2595 2333 2650 instar
2398 2592 2765 2664 produxerat,
2829 2592 3114 2656 dissolvit,
3168 2606 3404 2660 etunque

1819 2689 2015 2744 mortis
2053 2688 2122 2767 ad
2172 2696 2388 2758 tempus
2434 2686 2799 2758 impressione
2845 2695 3007 2755 atque
3062 2684 3265 2767 impetu
3306 2697 3404 2753 op-

1820 2781 1980 2851 primi
2012 2761 2209 2851 pa'ssus
2244 2787 2329 2835 est
2359 2780 2618 2850 primum,
2652 2778 2732 2833 uti
2761 2778 3025 2847 scriptum
3054 2783 3171 2843 est;
3203 2761 3405 2830 debinc

1819 2870 1889 2924 ad
1913 2870 2080 2925 vitam
2106 2869 2383 2934 excitavit,
2415 2879 2475 2924 ut
2516 2868 2708 2931 iisdem
2739 2868 2965 2939 praedita
2997 2867 3242 2938 partibus
3273 2881 3404 2920 caro

1816 2966 2093 3022 exsiccata
2137 2967 2615 3037 intermortuoque
2664 2971 2909 3035 peccato,
2961 2961 3109 3016 velut
3140 2958 3402 3028 templum

1815 3057 2088 3126 quoddam
2146 3057 2534 3120 instauratum,
2585 3052 2932 3117 immortalis,
2990 3064 3057 3105 ac
3109 3050 3229 3103 sine
3285 3047 3398 3102 uilo

1815 3148 2018 3203 damno
2050 3157 2380 3219 resurgeret,
2408 3146 2626 3202 sublato
2664 3161 2696 3199 a
2728 3142 3098 3199 fundamentis
3141 3137 3403 3211 proﬂiga-

1816 3246 1978 3307 toque
2017 3248 2262 3308 peccato.
2308 3236 2522 3292 Etenim
2566 3234 2807 3307 quandiu
2857 3246 3060 3303 corpus
3111 3231 3264 3292 vivit,
3301 3243 3404 3284 nec

1814 3328 1993 3383 adhuc
2044 3336 2326 3385 mortuum
2358 3337 2464 3396 est,
2511 3343 2635 3383 cum
2662 3342 2732 3382 eo
2762 3325 2947 3381 vivere
2984 3328 3272 3394 peccatum
3307 3333 3403 3375 ne-

1812 3432 1967 3475 cesse
1998 3426 2107 3482 est,
2134 3427 2192 3475 et
2224 3418 2471 3474 occultas
2499 3419 2556 3473 in
2580 3418 2739 3475 nobis
2775 3417 2912 3487 ipsis
2959 3413 3175 3469 radices
3210 3425 3391 3481 agere,

1812 3512 2165 3581 quantumvis
2198 3510 2528 3583 quibusdam
2575 3512 2727 3567 velut
2770 3507 3190 3579 castigationum
3224 3518 3403 3574 repre-

1812 3602 2250 3672 hensionumque
2310 3603 2690 3674 putationibus
2758 3605 3101 3656 coerceatur.
3174 3593 3397 3664 Alioqui

1811 3701 1937 3762 post
1962 3691 2294 3761 baptismum
2327 3690 2538 3745 nullum
2573 3690 2689 3759 jam
2719 3689 2903 3745 scelus
2931 3693 3398 3758 perpetraremus,

1812 3791 2171 3855 posteaquam
2206 3790 2490 3852 peccatum
2524 3796 2556 3835 a
2586 3779 2746 3836 nobis
2772 3778 3022 3834 funditus
3049 3783 3198 3831 esset
3237 3787 3403 3829 omne

1814 3875 2112 3931 sublatum.
2152 3873 2315 3943 Atqui
2343 3872 2509 3928 etiam
2540 3878 2666 3944 post
2694 3877 3008 3939 susceptam
3041 3866 3224 3928 ﬁdem,
3266 3879 3403 3919 san-

1813 3968 2061 4024 ctissima
2111 3967 2206 4021 illa
2252 3981 2408 4036 aqua:
2438 3965 2645 4021 lotione
2692 3962 2900 4035 perfusi
2926 3960 3169 4033 peccatis
3199 3958 3402 4028 saepius

1812 4056 2232 4129 obstringimur.
2285 4055 2471 4127 Neque
2524 4056 2669 4110 enim
2702 4053 2840 4109 adeo
2887 4067 2948 4109 se
2993 4047 3402 4106 immunem-ab

1812 4152 1963 4209 omni
2000 4167 2123 4208 esse
2168 4157 2395 4223 peccato
2433 4148 2655 4220 gloriari
2689 4145 2963 4217 quispiam
2997 4147 3196 4212 potest,
3237 4146 3299 4193 ut
3333 4152 3401 4194 ne

1813 4244 2146 4316 cogitatione
2172 4242 2395 4313 quidem
2429 4241 2600 4296 ullum
2648 4238 2831 4294 scelus
2870 4235 3146 4295 admittat.
3173 4231 3252 4285 Ex
3292 4244 3401 4301 quo

1818 4352 2164 4405 consequens
2189 4346 2275 4390 est
2307 4332 2533 4404 reprimi
2562 4330 2782 4402 quidem
2816 4343 2882 4384 ac
2911 4324 3191 4397 consopiri
3240 4323 3401 4379 modo

1821 4427 1926 4483 ﬁde
1962 4434 2247 4498 peccatum
2302 4438 2373 4480 ne
2404 4422 2747 4494 perniciosos
2777 4419 2996 4475 fructus
3022 4417 3258 4480 emittat,
3291 4429 3399 4468 non

146 4510 216 4580 μή
243 4528 326 4574 τις
358 4511 485 4584 ῥίζα
518 4510 743 4581 πικρίας
762 4509 877 4582 ἄνῳ
899 4510 1111 4578 φύουσα
1144 4508 1445 4580 ἐνοχλήσει,
1482 4508 1558 4580 μὴ
1583 4508 1712 4563 ἑῶν-

1822 4520 2045 4572 omnino
2100 4525 2281 4571 tamen
2330 4530 2397 4570 ac
2450 4513 2717 4570 radicitus
2782 4508 3080 4580 exstingui.
3129 4506 3398 4574 Quocirca

140 4615 228 4663 τες
261 4602 546 4674 ἀναμύειν,
581 4601 677 4655 καὶ
713 4600 1048 4669 διοίγνυσθαι
1084 4600 1155 4654 τὰ
1201 4600 1484 4672 μεμυκότα
1520 4600 1712 4670 στόμια

1820 4624 1969 4663 nunc
2000 4608 2146 4662 illius
2177 4599 2396 4678 quidem
2422 4604 2691 4678 germina,
2733 4618 2929 4672 pravas
2964 4600 3220 4656 nimirum
3245 4596 3400 4666 cogi-

144 4690 275 4761 πρὸς
306 4693 405 4757 τάς
426 4696 685 4763 ἐκφύσεις
705 4692 800 4745 τοῦ
838 4691 1022 4759 λόγου,
1053 4690 1212 4761 δίκην
1237 4691 1425 4761 ἀξίνης
1447 4691 1584 4774 πρὸς
1613 4691 1712 4756 τὰς

1817 4700 2077 4761 taliones.
2110 4700 2443 4764 inhibemus,
2473 4712 2542 4752 ne
2589 4711 2697 4767 qua
2742 4694 2900 4750 radix
2932 4688 3322 4747 amaritudinis
3357 4686 3400 4751 ⁸,

147 4776 294 4847 ῥίζας
322 4784 491 4854 αὐτῆς
522 4783 621 4847 τὰς
665 4783 816 4837 κάτω
848 4782 1122 4852 φυομένας
1159 4782 1471 4852 τέμνοντος·
1499 4782 1622 4836 τότε
1655 4782 1712 4836 δὲ

1819 4804 2118 4860 erumpens
2150 4788 2454 4844 molestiam
2488 4787 2648 4842 nobis
2676 4783 2901 4849 atterat;
2932 4797 3035 4837 nec
3076 4786 3294 4850 apertas
3333 4776 3399 4831 ad

145 4871 235 4922 καὶ
259 4873 319 4926 τὺ
344 4873 480 4939 ὅλως
509 4872 981 4945 ἐνθυμηθήσεσθαι
1012 4873 1141 4943 περὶ
1179 4872 1379 4938 κακίας
1407 4873 1712 4944 ἀφανισθή-

1822 4878 2201 4947 pullnlandum
2234 4879 2372 4943 vias,
2405 4892 2472 4932 ac
2515 4875 2850 4945 spiramenta
2884 4872 3171 4927 dehiscere
3200 4882 3264 4921 ac
3307 4881 3398 4934 pa-

148 4975 311 5016 σεταιο
1822 4971 1994 5026 telieri
2024 4971 2293 5035 sinimus;
2333 4971 2673 5042 proindeque
2705 4968 2892 5024 divino
2921 4964 3108 5023 verbo.
3140 4960 3288 5015 velut
3315 4972 3397 5013 sc-

148 5058 260 5109 curi
289 5059 546 5127 quadam.
574 5058 901 5115 l‘ruticautes
943 5058 1240 5114 identidem
1282 5059 1351 5114 ab
1409 5059 1595 5115 radice
1620 5059 1821 5132 stirpes
1848 5064 2193 5132 excidimus;
2241 5072 2297 5117 at
2343 5063 2400 5118 in
2438 5063 2623 5118 futuro
2662 5062 2757 5116 illo
2814 5067 2963 5116 statu
3030 5053 3160 5110 maii
3222 5051 3398 5106 omnis

153 5144 227 5195 vel
257 5148 508 5216 cogitatio
539 5150 777 5202 tolletur.

217 5236 357 5303 KQ".
400 5238 535 5292 Οὐδὲ
568 5238 677 5309 γὰρ
709 5238 1028 5309 ὰμάρτυρος
1052 5239 1082 5290 6
1130 5236 1288 5306 λόγος
1332 5237 1565 5310 Γραφῶν
1605 5242 1712 5304 τοῖς

1897 5232 2089 5288 XXVI.
2133 5233 2317 5302 Neque
2348 5250 2478 5289 vero
2509 5232 2658 5304 quod
2703 5230 2938 5286 dicimus
2988 5227 3397 5296 Seripturarum

153 5323 489 5396 βουλομένοις
523 5328 833 5399 εἰλικρινῶς
872 5329 933 5381 τὸ
965 5329 1161 5399 ἀληθὲς
1194 5329 1395 5396 λέγειν.
1433 5329 1585 5383 Ἐπεὶ
1609 5326 1712 5385 οἶδε

1826 5326 2142 5383 testimonio
2184 5332 2356 5389 caret,
2408 5326 2454 5382 si
2503 5324 2630 5395 quis
2661 5323 2943 5379 veritatem
2982 5321 3197 5376 sincere
3236 5317 3393 5389 proli-

153 5414 291 5468 καὶὸ
328 5418 645 5482 Ἀπόστολος
698 5419 924 5489 μηδέπω
971 5419 1070 5490 τὴν
1117 5418 1274 5490 ῥίζαν
1323 5416 1384 5482 ἐξ
1415 5416 1712 5489 ἀνθρώπων

1824 5418 1930 5475 teri
1959 5417 2106 5475 velit.
2151 5416 2286 5471 Nam
2313 5424 2369 5471 et
2395 5415 2560 5490 ξω
2599 5415 2896 5487 Apostolus
2922 5412 3129 5483 peccati
3160 5410 3395 5465 radicem

221 5595 238 5623 '
272 5595 433 5652 llcbr.
469 5612 562 5658 xit.
605 5598 657 5652 5.
