3840 6062
159 225 285 283 ms
832 214 1198 280 anvsasus
1238 221 1580 280 umnssss
1615 213 1742 301 Lm.

1891 212 2055 281 TOM.
2102 222 2141 278 I.
2181 255 2251 267 —
2289 222 2566 280 IMEIIES.
2610 222 2794 281 LXIV.
3295 224 3434 285 1114

157 355 246 392 νου
268 325 607 409 ὑπάρξαντα.
628 330 768 391 αὖτά
789 331 891 409 μὲν
916 339 1005 393 διά
1025 338 1122 411 τῆς
1153 340 1462 411 ἀνασκευῆς
1495 340 1591 395 καὶ
1616 340 1742 394 ἀνα⁴

1863 339 2187 412 confiat-ique
2215 345 2412 396 iterum
2460 348 2700 412 oportet,
2743 348 2803 395 ut
2843 339 3109 412 quidquid
3140 339 3437 395 malevolo-

157 427 470 503 χωνεύσεως
483 428 857 501 ἀπόληται,τὺ
877 430 934 484 δὲ
956 434 1038 496 εἰς
1064 430 1126 485 τὸ
1161 432 1355 486 ἑαυτοῦ
1384 428 1524 494 εἶδος
1554 432 1739 497 ἀσινὲς

1863 449 1961 486 ιιιηι
1996 432 2186 487 fraude
2221 439 2384 503 atque
2410 431 2611 486 invidia
2634 432 2994 502 turpitudinis
3018 446 3083 486 ac
3108 431 3224 485 vitii
3253 440 3337 485 est
3359 431 3437 485 al-

158 517 249 572 καλ⁸
279 517 568 585 ἀκίϐδηλον
598 514 754 584 αὖθις
778 518 1001 591 ἄγαλμα
1026 521 1343 592 ὁμοιότατον
1387 522 1537 594 αὐτῷ
1559 540 1730 576 κατα·-

1863 531 2031 585 atum,
2056 524 2456 580 instauratione
2483 539 2548 578 ac
2589 522 2916 578 conflatione
2968 523 3214 578 tollatur.
3258 520 3441 576 Simu-

159 608 449 680 σκευασθῇ.
469 608 559 680 Τῷ
593 609 692 680 μὲν
721 610 830 682 γὰρ
857 612 1136 685 ἀγάλματι
1168 604 1466 668 ἀπολέσθαι
1494 614 1597 668 οὐκ
1625 614 1740 668 ἔστι

159 698 347 773 [κατὰ]
379 699 457 770 τῷ
482 700 632 771 αὐτῷ
668 702 913 775 τεχνίτῃ,
947 704 1052 759 κᾶν
1095 697 1258 759 ’πάλιν
1284 707 1364 770 εἰς
1396 704 1529 777 ὕλην
1565 705 1700 779 λυθῇ
1722 722 1738 739 ο

157 791 666 862 ἀποκατασταθῆναι
700 792 757 846 δὲ
782 792 920 848 ἐστι.
954 797 1080 860 Τοῖς
1105 796 1321 868 αἰσχεσι
1358 798 1454 852 καὶ
1477 796 1626 869 λωϐή
1636 815 1742 869 μα-

158 899 241 936 σιν
290 882 584 937 ἀπολέσθαι
636 885 735 956 μὲν
790 885 934 951 ἐστι,
986 889 1247 960 τήκονται
1280 889 1424 962 γάρ⁶
1457 891 1740 945 ἀποκατα-

140 974 415 1045 σταθῆναι
442 975 500 1028 δὲ
530 976 631 1030 οὐκ
671 976 808 1043 ἐστι,
832 978 922 1034 διὰ
957 981 1018 1034 τὸ
1051 982 1109 1035 ὲν
1136 981 1290 1055 πάσῃ
1309 981 1473 1054 τέχνῃ
1500 983 1592 1035 τὸν
1618 983 1743 1055 ἀρι-

156 1083 277 1120 στον
301 1067 634 1140 δημιουργὸν
663 1068 739 1140 μὴ
794 1070 933 1141 πρὸς
956 1072 1018 1125 τὸ
1052 1072 1264 1144 αἴσχιον
1294 1073 1327 1145 ἢ
1355 1072 1744 1145 ἐπιτευχθησό-

159 1174 315 1229 μενον
350 1158 502 1229 ὀρᾷν,
542 1158 680 1214 ἀλλὰ
722 1156 859 1233 πρὸς
887 1162 949 1216 τὸ
986 1163 1299 1237 σύμμετρον
1329 1165 1425 1219 καὶ
1462 1165 1618 1230 εὐθὲς
1645 1158 1741 1218 τοῦ

154 1249 217 1322 δη
225 1268 346 1321 μιου
352 1268 483 1321 ργου
490 1252 653 1324 μένου
661 1293 676 1308 .

1843 617 2049 672 Iacrum
2075 631 2237 686 porro
2273 617 2452 686 ipsum
2479 615 2749 687 integrum
2783 624 2837 670 et
2870 616 3102 672 illaesqu
3120 616 3301 671 denuo
3331 614 3436 671 sibi

1844 721 2007 776 quam
2057 705 2396 760 simillimum
2445 704 2723 760 reddatur.
2776 704 2854 759 Ita
2898 706 3043 761 enim
3081 712 3279 762 statua:
3328 704 3436 775 ipsi

1844 798 2094 869 contigit,
2130 808 2236 853 nun
2271 808 2330 852 ut
2359 797 2555 852 artifici
2583 813 2684 854 suo
2711 805 2922 868 pereat,
2957 798 3173 853 tametsi
3204 798 3258 852 in
3279 813 3437 853 suam

1849 889 2131 944 materiem
2179 889 2456 956 solvatur;
2484 888 2581 944 sed
2615 896 2675 943 ut
2699 890 2753 942 in
2780 888 3050 959 integrum
3076 888 3435 956 restituatur;

1846 979 2000 1035 labes
2032 986 2214 1035 autem
2272 996 2465 1036 omnes
2504 995 2569 1035 ac
2627 979 2905 1036 foeditates
2936 996 3061 1035 cum
3112 980 3230 1051 ipsa
3278 980 3439 1035 colli~

1848 1070 2109 1143 quatione
2142 1079 2394 1142 pereant,
2435 1087 2545 1126 non
2573 1072 2808 1142 amplius
2851 1071 3081 1127 redeunt
3113 1081 3438 1142 :propterea

1846 1164 1994 1237 quod
2027 1166 2081 1219 in
2121 1148 2270 1219 omni
2324 1171 2443 1218 arte
2471 1164 2962 1234 praestantissimus
2996 1162 3174 1234 Opifex
3225 1179 3334 1217 non
3385 1161 3441 1217 id

1849 1255 1993 1327 quod
2021 1255 2076 1310 in
2104 1269 2269 1325 opere
2300 1269 2402 1309 suo
2429 1252 2788 1325 turpitudinis
2808 1259 2864 1308 et
2888 1250 3210 1308 offensionis
3232 1248 3440 1321 aliquid

156 1348 370 1413 habeat,
404 1349 498 1404 sed
529 1351 677 1420 quod
713 1352 999 1423 aptissime
1033 1354 1374 1411 modulatum
1419 1355 1743 1427 afl‘ahreque
1773 1354 1975 1409 factum
2002 1360 2106 1418 est,
2141 1351 2243 1407 sibi
2276 1356 2578 1421 proponat.

225 1441 431 1495 Ταυτὸν
476 1444 585 1515 γὰρ
607 1445 859 1514 φαίνεται
889 1448 947 1502 δέ
980 1467 1071 1520 μοι
1102 1452 1197 1504 καὶ
1241 1451 1327 1521 ἐφ’
1375 1450 1533 1523 ἡμῶν
1561 1454 1589 1505 ὁ
1610 1442 1745 1516 Θεὸς

156 1531 323 1596 οὕτως
346 1532 831 1609 διῳκονομηκέναι.
862 1541 967 1595 Τὸν
998 1543 1107 1617 γὰρ
1133 1542 1421 1616 ἄνθρωπον
1455 1543 1522 1596 τὸ
1549 1544 1746 1614 εὐπρε-

156 1622 418 1676 πέστατον
452 1618 647 1679 ἑαυτοῦ
668 1628 936 1699 τέχνημα,
956 1630 1250 1700 βασκάνοις
1278 1632 1616 1698 ὲπιῆουλαϊς,
1649 1635 1742 1688 καὶ

156 1712 331 1784 φθόνῳ
345 1718 731 1789 κεκακωμένον
756 1720 899 1786 ἰδὼν,
921 1723 1020 1776 οὐκ
1040 1723 1300 1794 ἠνέσχετο
1318 1724 1558 1779 τοιοῦτον
1573 1742 1741 1779 κατα-

155 1805 335 1876 λεῑψαι
365 1807 752 1879 φιλάνθρωπος
793 1811 888 1875 ὣν,
926 1814 1076 1878 ὅπως
1106 1813 1179 1886 μὴ
1207 1814 1275 1868 δι’
1299 1815 1495 1883 αἰῶνος
1530 1815 1615 1886 εἴη
1645 1833 1744 1886 p.5-

157 1898 507 1969 μωμημένος,
562 1901 829 1957 ἀθάνατον
875 1894 1013 1976 ἔχων
1058 1907 1117 1959 ὲν
1177 1906 1357 1978 ἑαυτῷ
1400 1903 1491 1962 τὸν
1537 1906 1740 1977 ψόγονὁ

152 1990 284 2046 ἀλλά
338 1992 584 2048 διέλυσεν
633 1998 713 2061 εἰς
749 1994 881 2068 ὓλην
913 1998 1098 2062 πάλιν,
1132 1992 1219 2053 ἵνα
1256 1989 1345 2054 διὰ
1371 1994 1471 2073 τῆς
1496 1991 1744 2055 ἀναπλά-

153 2097 290 2146 σεως
317 2085 611 2146 ὲκτακῶσι.
639 2089 734 2142 καὶ
764 2088 1167 2159 ἐξαφανισθῶσι
1197 2088 1374 2147 πάντα
1406 2092 1477 2145 τὰ
1497 2093 1554 2146 ὲν
1592 2091 1744 2163 αὐτῷ

155 2174 494 2244 μωμήματα.
558 2168 632 2231 Τὸ
674 2178 786 2250 γὰρ
839 2182 956 2234 ἐκεῖ
1016 2181 1458 2253 ἀναχωνευθῆναι
1502 2182 1596 2235 τὸν
1646 2182 1742 2235 ἀν-

151 2260 395 2335 δριάντα,
423 2266 585 2322 τοῦτο
605 2268 669 2330 τὰ
692 2270 931 2325 ἐνταῦθα
960 2271 1276 2339 ἀποθανεῖν,
1305 2275 1401 2327 καὶ
1428 2272 1744 2343 διαλυθῆναι

150 2355 209 2409 τὸ
240 2355 403 2427 σῶμα
430 2374 445 2388 ⁸
483 2358 543 2412 τὺ
577 2358 635 2413 δὲ
686 2361 803 2414 ἐκεῖ
827 2363 1426 2435 ἀναμορφωποιηθῆναι
1453 2364 1552 2436 τὴν
1588 2363 1741 2434 ὓλην,

150 2446 809 2521 ῆάνακοσμοποιηθῆναι,
856 2452 1016 2506 τοῦτο
1052 2452 1286 2508 ἐνταῦθα
1323 2454 1463 2526 μετά
1503 2454 1564 2508 τὸ
1607 2456 1745 2508 ἀπο-

151 2536 330 2591 θανεῖν
361 2538 424 2593 τδ
443 2541 747 2611 ἀναστῆναι
772 2560 785 2574 ’
819 2542 1010 2616 ὥσπερ
1050 2546 1145 2599 καὶ
1175 2547 1203 2598 ὁ
1242 2548 1528 2619 προφήτης
1579 2547 1745 2620 Ἰερε-

155 2630 302 2701 μεας.
323 2633 547 2698 Τούτοις
577 2632 687 2707 γὰρ
736 2637 837 2708 ἤδη
890 2638 983 2692 καὶ
1008 2639 1169 2703 αὐτὸς
1203 2632 1305 2693 ὧδε
1337 2640 1512 2693 ταῦτα
1542 2658 1748 2710 παρεγ-

152 2725 276 2795 γυᾷ,
313 2726 425 2779 Kal
467 2726 746 2795 κατέδην,
776 2728 971 2797 λέγων.
996 2724 1085 2796 είς
1110 2730 1218 2784 τὸν
1243 2720 1414 2787 οἶκον
1436 2724 1544 2787 τοῦ
1572 2750 1748 2802 κεραι-

153 2806 332 2884 μέως·
362 2818 463 2871 καὶ
496 2817 625 2873 ἰδοὺ
655 2819 841 2885 αὐτὸς
860 2820 1048 2875 ἐποίει
1066 2818 1245 2891 ἔργον
1265 2822 1364 2876 ἐπὶ
1396 2823 1518 2877 τῶν
1539 2825 1745 2889 λίθων,

154 2908 247 2960 καὶ
298 2899 547 2963 διέπεσε
591 2909 658 2964 τὸ
688 2911 930 2981 ἀγγεῖον
973 2912 1004 2967 ὃ
1032 2913 1223 2967 ἐποίει
1266 2914 1336 2968 ἐν
1356 2914 1484 2982 ταῖς
1535 2915 1749 2986 χερσὶν

1922 1447 2067 1504 Idem
2101 1447 2267 1520 igitur
2306 1446 2361 1501 in
2392 1445 2551 1501 nobis
2585 1443 2785 1501 fecisse
2826 1443 2962 1499 mihi
2992 1442 3139 1499 Deus
3178 1450 3233 1498 et
3264 1441 3441 1497 admia

1849 1541 2121 1597 nistrasse
2152 1539 2389 1594 videtur.
2414 1539 2551 1592 Cum
2585 1538 2732 1594 enim
2770 1536 3049 1591 hominem
3090 1534 3441 1605 elegantissi-

1850 1640 1999 1688 mum
2030 1648 2170 1702 opus
2202 1646 2362 1687 suum
2400 1629 2768 1685 fraudulentis
2803 1628 3015 1684 artibus
3038 1635 3201 1698 atque
3230 1625 3438 1681 invidia

1845 1726 2084 1797 pessime
2116 1722 2372 1778 affectum
2403 1722 2632 1787 videret,
2666 1722 2827 1776 talem
2850 1736 2949 1793 pro
2984 1736 3083 1777 sua
3103 1719 3438 1790 benignitate

1844 1815 2158 1887 relinquere
2211 1815 2406 1878 noluit,
2458 1830 2526 1868 ne
2564 1815 2667 1868 hac
2712 1814 2766 1867 in
2821 1829 3039 1869 omnem
3077 1812 3437 1867 aeternitatem

1845 1906 2060 1963 macula
2107 1914 2255 1963 esset
2310 1906 2598 1971 infectum,
2631 1922 2755 1961 cum
2805 1907 3193 1978 sempiternam
3225 1905 3279 1958 in
3313 1919 3437 1960 sese

1846 1992 2022 2056 labem
2049 2001 2197 2055 illam
2240 1999 2540 2067 retineret;
2575 1997 2671 2054 sed
2729 1998 2784 2053 in
2819 1998 3105 2053 materiam
3136 1996 3318 2051 denuo
3354 2010 3439 2052 re-

1846 2092 2030 2155 solvit,
2061 2101 2121 2145 ut
2184 2090 2447 2161 quidquid
2506 2090 2560 2145 in
2597 2105 2663 2145 eo
2702 2090 2958 2144 vitiosum
2988 2097 3127 2155 erat,
3166 2088 3436 2143 reforma-

1845 2184 1995 2237 tione
2027 2180 2145 2251 ipsa
2163 2181 2310 2236 velut
2338 2182 2638 2251 eliquatum
2654 2189 2820 2251 atque
2848 2181 3181 2235 exstinctum
3209 2179 3431 2248 periret.

1847 2269 2002 2341 Quod
2070 2272 2215 2329 enim
2281 2273 2390 2327 illic
2454 2280 2541 2328 est
2600 2281 2796 2328 statuae
2845 2270 3122 2335 conflatio,
3169 2270 3310 2325 idem
3345 2269 3433 2323 hic

1848 2383 1996 2421 mors
2022 2374 2107 2421 est
2172 2366 2571 2435 dissolutioque
2616 2364 2907 2434 corporis;
2939 2355 3003 2416 ac
3034 2362 3181 2432 quod
3207 2361 3318 2415 illic
3345 2369 3432 2416 est

1848 2458 2045 2512 iterum
2100 2456 2437 2511 conformari
2481 2454 2766 2509 materiam
2817 2463 2980 2524 atque
3015 2454 3069 2508 in
3138 2453 3432 2525 pristinqu
3532 2496 3537 2513 ,

1846 2550 2082 2605 nitorem
2117 2548 2354 2613 restitui,
2381 2547 2523 2604 idem
2545 2548 2633 2602 hic
2652 2555 2873 2617 cstpost
2899 2546 3106 2601 obitum
3123 2559 3432 2615 resurgere.

1849 2642 1952 2697 Cui
2010 2655 2063 2698 et
2130 2641 2397 2711 propheta
2445 2639 2714 2696 Jeremias
2770 2639 3120 2709 astipulatur.
3156 2636 3256 2692 Hic
3285 2637 3433 2692 enim

1850 2734 2041 2789 eadem
2096 2737 2319 2789 omnino
2379 2733 2544 2788 docet
2595 2731 2684 2787 his
2715 2731 2895 2785 verbis
2932 2749 2945 2785 :
2978 2728 3047 2782 Et
3096 2727 3340 2783 descendi
3381 2728 3439 2781 in

1849 2827 2065 2882 domum
2096 2827 2278 2897 figuli;
2316 2834 2365 2880 et
2380 2839 2496 2880 ecce
2518 2825 2607 2879 ille
2636 2823 2865 2893 faciebat
2903 2837 3032 2891 opus
3065 2838 3222 2892 super
3247 2820 3442 2888 lapidi-

1853 2920 1970 2985 bus,
1992 2929 2041 2975 et
2067 2920 2263 2975 excidit
2284 2937 2397 2985 vas,
2432 2918 2572 2988 quod
2603 2916 2832 2987 fingebat
2861 2917 2914 2969 in
2954 2914 3199 2968 inanibus
3223 2914 3356 2976 suis,
3390 2920 3441 2965 et

154 2999 358 3065 αὑτοῦ,
387 3000 488 3054 καὶ
520 3000 709 3056 πάλιν
735 3003 1028 3072 ἐποίησεν
1055 3005 1203 3059 αὐτὸ
1238 3006 1482 3076 ἀγγεῖον
1518 3007 1742 3077 ἕτερον,

1863 3028 2066 3066 rursum
2094 3013 2247 3074 ﬁnxit
2272 3012 2362 3066 ille
2402 3027 2495 3065 vos
2528 3010 2757 3064 alterum
2777 3005 3221 3079 quemadmodum
3243 3004 3445 3071 placuit

159 3089 354 3157 καθὼς
383 3090 612 3160 ἤρεσεν
638 3090 898 3148 ἐνώπιον
949 3094 1136 3149 αὑτοῦ
1169 3095 1278 3150 τοῦ
1325 3098 1596 3166 ποιῆσαι.
1640 3098 1751 3153 Καὶ

154 3180 387 3251 ἐγένετο
424 3183 611 3255 λόγος
658 3185 881 3253 Κυρίου
903 3186 1053 3254 πρὸς
1062 3187 1165 3256 μὲ,
1192 3187 1420 3260 λέγων’
1458 3190 1527 3242 Εἰ
1558 3189 1756 3257 καθὼς

156 3275 189 3326 ὁ
219 3273 517 3343 κεραμεὺς
546 3268 745 3340 οὗτος,
801 3277 873 3329 οὐ
907 3274 1249 3347 δυνήσομαι
1288 3278 1466 3333 τοῦτο
1502 3279 1755 3349 ποιῆσαι

156 3363 327 3433 ὑμᾶς,
372 3361 545 3432 οἶκος
601 3365 709 3420 τοῦ
767 3366 1049 3438 Ἰσραήλ;
1115 3370 1271 3424 Ἰδοὺ
1319 3374 1353 3426 ὁ
1405 3372 1603 3441 πηλὸς
1649 3372 1758 3427 τοῦ

158 3450 458 3527 κεραμέως
492 3449 665 3529 ὑμεῖς
713 3459 857 3513 ἐστε
896 3460 968 3515 ἐν
992 3461 1123 3528 ταῖς
1156 3463 1333 3532 χερσί
1361 3482 1505 3533 μου.

224 3549 355 3605 KH’.
380 3548 631 3623 Πρόσχες
662 3552 771 3625 γὰρ
798 3553 966 3617 ὅπως,
998 3554 1074 3618 ὡς
1114 3555 1270 3626 ἔφην,
1301 3557 1440 3626 μετά
1469 3557 1530 3611 τὸ
1558 3575 1754 3629 παρα-

156 3643 311 3715 ϐῆναι
337 3645 429 3698 τὸν
452 3644 766 3716 ἄνθρωπον,
792 3647 826 3718 ἡ
862 3646 1073 3719 μεγάλη
1101 3648 1241 3718 χεὶρ,
1270 3649 1352 3712 εἰς
1370 3651 1551 3713 νῖκος¹
1589 3668 1754 3704 κατα-

153 3731 330 3806 λεῖψαι
356 3737 418 3790 τὸ
445 3730 650 3808 ἑαυτῆς
682 3730 844 3811 ἔργον
890 3739 992 3791 οὐκ
1027 3739 1328 3809 ηὐδόκησεν
1377 3740 1453 3804 ὡς
1484 3741 1759 3811 κίϐδηλον,

166 3828 403 3899 πονηροῦ
426 3828 635 3892 ἀδίκως
653 3822 785 3881 αὐτὸ
806 3827 1504 3900 λυμηναμένουβασκάνοις
1522 3833 1723 3897 αἰτίαις
1745 3850 1761 3866 ο

159 3917 289 3973 ἀλλὰ
322 3919 607 3991 ἁνατήξας
641 3920 927 3973 ἀνέδευσεν
956 3909 1112 3985 αὖθις
1142 3922 1225 3985 εἰς
1260 3922 1451 3993 πηλὸν,
1486 3920 1575 3978 οἷα
1598 3942 1765 3997 κεραδ

162 4012 310 4079 μεὺς,
346 4011 403 4076 ὃς
433 4011 806 4066 ἁναπλάσσων
833 4004 965 4066 abeo
1012 4013 1150 4084 πρὸς
1176 4001 1236 4068 τὸ
1262 4015 1632 4086 ἀφανισθῆναι
1664 4016 1765 4087 μὲν

155 4099 240 4154 διὰ
302 4103 401 4174 τῆς
436 4102 807 4167 άναπλάσεως
858 4102 1037 4158 πάντα
1072 4105 1140 4157 τὰ
1165 4106 1222 4158 ἐν
1255 4105 1405 4176 αὑτῷ
1433 4107 1619 4179 αἴσχη,
1662 4108 1753 4161 καὶ

159 4192 459 4265 θλάσματα,
483 4193 791 4266 γενηθῆναι
806 4213 863 4248 τε
883 4195 945 4248 τὺ
966 4197 1074 4249 πᾶν
1094 4196 1298 4251 ἄνωθεν
1316 4198 1622 4269 ἀμέμπτως
1635 4201 1767 4272 ἁρε-

166 4284 304 4339 στόν.
329 4280 407 4339 Ἦ
436 4288 553 4341 οὐκ
580 4288 705 4354 ἔχει
730 4286 1026 4351 ἐξουσίαν
1050 4290 1085 4343 ό
1109 4288 1405 4358 κεραμεὺς
1424 4289 1532 4344 τοῦ
1562 4291 1766 4357 πηλοῦ

1855 3102 1960 3166 illi,
1984 3112 2040 3155 ut
2069 3102 2286 3171 faceret.
2324 3100 2393 3154 Et
2430 3101 2635 3169 factum
2688 3108 2767 3154 est
2792 3100 3007 3154 uerbum
3043 3097 3259 3152 Domini
3286 3095 3441 3167 55]

1857 3195 1927 3248 ad
1983 3209 2061 3246 me
2111 3193 2288 3246 dicens
2323 3208 2342 3245 :
2371 3191 2434 3247 Si
2472 3190 2919 3261 quemadmodum
2958 3189 3154 3259 ﬁgulus
3195 3188 3305 3256 ipse
3342 3201 3448 3240 non

1854 3295 2035 3354 potero
2073 3285 2169 3339 hoc
2192 3284 2368 3354 facere
2423 3282 2589 3346 vobis,
2619 3282 2807 3337 domus
2830 3280 3050 3335 Israel?
3091 3278 3226 3334 Ecce
3278 3278 3448 3331 lutum

1858 3376 2007 3449 ﬁguli
2047 3392 2135 3431 vos
2172 3377 2299 3431 estis
2324 3376 2377 3429 in
2400 3374 2644 3429 manibus
2672 3375 2799 3429 meis
2826 3376 2870 3426 ³.

1931 3550 2171 3611 XXVIII.
2238 3554 2413 3611 Velim
2462 3555 2609 3612 istud
2652 3553 2921 3617 attendas,
2962 3552 3038 3607 uti
3078 3550 3213 3614 dixi,
3263 3564 3449 3620 quem‘

1863 3645 2163 3702 admodum
2187 3652 2314 3716 post
2349 3646 2588 3701 hominis
2614 3645 2873 3700 delictum
2906 3644 3101 3714 ingens
3133 3642 3223 3696 illa
3255 3652 3451 3695 manus

1863 3753 2001 3808 Opus
2030 3753 2191 3792 suum
2247 3744 2508 3805 tanquam
2558 3735 2931 3790 adulterinum
2988 3735 3043 3787 in
3081 3740 3231 3787 tanta
3259 3738 3455 3788 contu-ﬁ

1864 3830 2026 3884 melia
2088 3829 2403 3899 probroque
2461 3827 2774 3897 relinquere
2828 3826 3086 3890 noluerit,
3148 3839 3273 3878 cum
3331 3839 3452 3879 eum

1864 3920 2112 3975 nefarius
2172 3919 2349 3974 hostis
2406 3933 2470 3972 ex
2528 3916 2734 3972 invidia
2775 3915 3054 3969 violasset.
3091 3910 3198 3967 Sed
3261 3924 3457 3965 rursus

1867 4015 2188 4084 cliquatum,
2222 4022 2277 4067 et
2307 4012 2362 4064 in
2404 4010 2576 4065 lutum
2618 4008 2905 4064 subactum
2954 4005 3103 4075 ﬁguli
3140 4018 3291 4059 more
3313 4001 3455 4057 refe-

1868 4089 2026 4167 cerit,
2052 4112 2113 4157 ut
2138 4120 2202 4157 ea
2232 4103 2623 4159 reformatione
2651 4100 3018 4171 quodcunque
3036 4098 3091 4152 in
3109 4112 3175 4152 eo
3195 4096 3456 4151 fmdatum

1870 4212 1932 4253 ac
1968 4197 2297 4255 contusione
2338 4197 2705 4253 deformatum
2735 4204 2853 4251 erat
2882 4193 3101 4264 penitus
3151 4191 3456 4252 tolleretur;

1872 4289 2050 4359 ipsius
2085 4306 2217 4346 vero
2248 4290 2550 4360 opificium,
2585 4295 2644 4342 ut
2661 4296 2780 4342 erat
2801 4290 2987 4350 antea,
3011 4285 3457 4357 reprehensionis

163 4375 227 4429 ἐκ
254 4377 357 4432 τοῦ
393 4376 587 4432 αὑτοῦ
615 4375 964 4448 φυράματος
1002 4377 1257 4447 ποιῆσαι
1298 4379 1546 4446 σκεῦος,
1583 4381 1615 4434 ὃ
1650 4380 1742 4450 μὲν

1882 4399 2079 4453 expers
2109 4398 2173 4438 ac
2197 4384 2502 4452 jucundum
2532 4381 2765 4437 exsistit.
2805 4380 2994 4434 Annon
3038 4378 3194 4433 liabet
3233 4385 3455 4448 potesta-

164 4470 246 4535 είς
282 4469 483 4539 τιμὴν,
519 4468 551 4523 ὃ
585 4468 654 4523 δὲ
674 4472 764 4537 εις
784 4471 1057 4541 ἁτιμίαν;
1108 4472 1174 4525 Ὀ
1202 4471 1266 4542 δή
1286 4473 1403 4525 ἐστι
1452 4472 1632 4541 (τοῦτο
1661 4472 1770 4544 γὰρ

163 4561 191 4612 ὁ
238 4562 559 4625 ’Ᾱπόστολὸς
609 4579 700 4633 μοι
739 4563 934 4635 δηλοῦν
963 4564 1271 4635 φαίνεται)·
1312 4564 1404 4634 Μή
1438 4582 1490 4617 τι
1520 4563 1770 4629 ἐξουσίαν

165 4651 262 4703 οὐκ
323 4652 438 4722 ἔχει
490 4652 521 4705 ὁ
578 4652 712 4717 Θεὸς
768 4653 875 4708 ἀπὸ
920 4656 1019 4726 τῆς
1047 4655 1179 4728 ὕλης
1216 4657 1451 4711 ἑκάστου
1476 4657 1578 4728 τῆς
1599 4659 1770 4729 αὐτῆς

164 4742 502 4809 ἀναπλάσας,
552 4746 649 4799 καὶ
696 4747 1089 4819 ἀνακοσμήσας
1131 4744 1269 4812 εἶδος
1320 4750 1575 4815 ἕκαστον,
1615 4749 1649 4820 ἢ
1689 4752 1771 4815 εἰς

167 4835 329 4905 τιμὴν
374 4837 541 4907 ἡμῶν
598 4838 901 4911 ἀναστῆναι
956 4840 1052 4894 κα)⁸
1108 4840 1269 4905 δόξαν
1327 4841 1359 4912 ἢ
1419 4843 1500 4907 εἰς
1540 4842 1762 4913 ἀτιμίαν

168 4926 255 4981 Ξαὶ
316 4929 681 5000 κατάκρισιη
735 4931 831 4995 Εἰς
872 4931 1098 5004 ἀτιμίαν
1154 4932 1254 5004 μὲν
1311 4932 1421 4986 τῶν
1460 4935 1520 4989 ὲν
1582 4935 1764 5007 ἀμαρ-

175 5018 302 5082 τίαις
361 5010 586 5090 φαύλως
634 5020 990 5096 βιωσάντων,
1061 5026 1144 5088 εἰς
1187 5025 1355 5097 τιμὴν
1411 5026 1469 5079 δὲ
1534 5027 1644 5081 τῶν
1706 5029 1764 5080 ὲν

164 5108 515 5185 δικαιοσύνῃ’
544 5114 799 5189 καθάπερ
841 5116 1087 5190 ἐδηλώθη
1125 5119 1220 5171 καὶ
1248 5116 1326 5187 τῷ
1371 5119 1605 5188 Δανιὴλ,
1643 5120 1775 5174 Ὅτι

167 5203 393 5262 πολλοῖ
420 5206 544 5262 τῶν
569 5211 983 5267 καθευδόντων
1024 5212 1094 5267 ὲν
1126 5212 1241 5283 γῆς
1263 5212 1506 5282 χώματι,
1538 5212 1771 5283 λέγοντι,

166 5295 693 5367 ἐιεεγερθήσονται.
718 5298 885 5359 οὗτοι
902 5306 992 5370 εἰς
1021 5303 1176 5373 ζωὴν
1196 5302 1457 5367 αἰώνιον,
1474 5304 1572 5357 καὶ
1601 5302 1768 5363 οὗτοι

165 5392 249 5457 alr;
275 5393 626 5464 ὀνειδισμὸν
647 5396 747 5451 καὶ
770 5399 1075 5469 αἰσχύνην
1098 5396 1367 5466 αἱὼνιονί·
1398 5397 1512 5456 καὶ.
1536 5400 1600 5452 0i
1622 5413 1775 5452 σωο-

169 5482 356 5551 ιέηιοτες
406 5484 842 5558 ἐκλάμψουσιν
891 5491 969 5556 ὡς
1006 5493 1043 5559 ἡ
1096 5492 1447 5559 λαμπρότης
1487 5490 1592 5544 τοῦ
1626 5506 1764 5544 στε-

239 5642 255 5673 ¹
298 5639 356 5696 F.
390 5643 593 5707 νεῖκος.
674 5647 693 5675 ¹
734 5635 844 5702 Jer.
880 5664 1032 5709 xvm,
1070 5642 1189 5703 5-0.
1270 5649 1285 5675 ³
1315 5644 1472 5703 ῐὶυιιὶις
1506 5664 1575 5713 IX:
1612 5644 1702 5702 Ἦν

1885 4486 1985 4529 lem
2010 4476 2205 4546 ﬁgulus
2238 4474 2338 4527 luti
2364 4489 2429 4527 ea:
2448 4472 2630 4528 eadem
2658 4489 2841 4527 massa
2862 4472 3035 4541 facere
3060 4487 3176 4534 vas,
3207 4469 3358 4524 aliud
3389 4469 3458 4522 ad

1879 4566 2152 4629 honorem,
2190 4564 2337 4619 aliud
2381 4564 2450 4618 ad
2483 4564 2861 4619 contumeliam
2884 4564 2945 4617 a‘l
2990 4561 3147 4628 Quod
3197 4560 3339 4615 idem
3376 4564 3458 4614 est

1869 4658 2125 4728 (idenim
2180 4658 2490 4729 significare
2542 4657 2672 4712 mihi
2703 4657 2843 4712 velle
2890 4655 3106 4710 videtur
3137 4652 3457 4724 Apostolus)

1868 4770 1932 4810 ac
1962 4757 2008 4810 si
2041 4755 2252 4810 diceret
2278 4770 2292 4806 :
2322 4751 2514 4808 Nonne
2543 4759 2871 4824 potestatem
2907 4749 3073 4805 habet
3107 4748 3252 4803 Deus
3284 4763 3348 4803 es
3376 4761 3459 4802 ea-

1868 4850 1991 4906 dem
2021 4849 2289 4919 eujnsque
2318 4845 2901 4917 materiasingulorum
2936 4842 3168 4899 formam
3198 4840 3453 4896 reficiens

1869 4954 1924 4998 et
1958 4942 2296 5005 instaurans,
2337 4940 2504 4994 alium
2522 4939 2588 4994 ad
2625 4938 2888 4994 honorem
2920 4947 2974 4994 et
3000 4938 3255 5009 gloriam,
3292 4934 3458 4989 alium

1873 5034 1941 5089 ad
1973 5033 2252 5088 infamiam
2291 5043 2346 5087 et
2374 5030 2781 5086 damnationem
2809 5028 3088 5084 excitare?
3113 5027 3194 5080 Ad
3228 5026 3463 5096 ignomi-

1871 5127 2020 5182 niam
2046 5126 2264 5196 quidem
2294 5141 2391 5181 eos
2423 5125 2515 5195 qui
2550 5124 2603 5179 in
2654 5134 3005 5195 peccatorum
3061 5118 3461 5175 consuetudine

1872 5217 2108 5289 turpiter
2137 5217 2428 5283 vixerunt;
2460 5220 2526 5272 ad
2562 5218 2824 5272 honorem
2876 5230 3009 5270 vero
3038 5230 3135 5271 eos
3165 5212 3258 5285 qui
3291 5212 3458 5267 vitam

1871 5309 1937 5364 ad
1957 5308 2229 5379 justitiam
2252 5309 2760 5365 acconunodarunt.
2781 5307 2936 5374 Quod
2970 5315 3024 5361 et
3054 5321 3083 5360 a
3115 5305 3337 5359 Daniele
3363 5303 3459 5358 deo

1877 5402 2137 5455 claratum
2171 5410 2255 5456 est
2284 5420 2298 5457 :
2324 5402 2589 5468 Quoniam
2616 5403 2772 5458 multi
2798 5402 3176 5458 dormientium
3213 5401 3269 5454 in
3301 5408 3459 5451 terra:

1872 5510 2058 5564 aggere
2091 5505 2380 5565 rcsurgent,
2408 5496 2460 5550 hi
2501 5497 2568 5551 ad
2594 5498 3044 5561 rimmirternam,
3080 5503 3129 5549 ct
3151 5493 3205 5547 lii
3238 5491 3306 5544 ad
3330 5504 3452 5559 prc-
