  <div class='ocr_page' id='page_1' title='image "/cluster/home/n/w/nwhite01/storage/ocr_20150623/41/hvd.32044073501868/579.png"; bbox 0 0 3948 6068; ppageno 0'>
   <div class='ocr_carea' id='block_1_1' title="bbox 1875 169 2315 244">
    <p class='ocr_par' dir='ltr' id='par_1_1' title="bbox 1875 169 2315 244">
     <span class='ocr_line' id='line_1_1' title="bbox 1875 169 2315 244; baseline 0.023 -10"><span class='ocrx_word' id='word_1_1' title='bbox 1875 169 1932 235; x_wconf 82' lang='lat' dir='ltr'><strong>s.</strong></span> <span class='ocrx_word' id='word_1_2' title='bbox 1977 171 2315 244; x_wconf 70' lang='lat' dir='ltr'><strong>EPIPIIANII</strong></span> 
     </span>
    </p>
   </div>
   <div class='ocr_carea' id='block_1_2' title="bbox 473 274 2058 386">
    <p class='ocr_par' dir='ltr' id='par_1_2' title="bbox 473 274 2050 372">
     <span class='ocr_line' id='line_1_2' title="bbox 473 274 2050 372; baseline 0.019 -45"><span class='ocrx_word' id='word_1_3' title='bbox 473 274 627 329; x_wconf 84' lang='lat' dir='ltr'><strong>brum</strong></span> <span class='ocrx_word' id='word_1_4' title='bbox 664 294 709 332; x_wconf 87' lang='lat' dir='ltr'><strong>et</strong></span> <span class='ocrx_word' id='word_1_5' title='bbox 738 279 958 337; x_wconf 83' lang='lat' dir='ltr'><strong>dedecus</strong></span> <span class='ocrx_word' id='word_1_6' title='bbox 982 287 1354 354; x_wconf 67' lang='lat' dir='ltr'><strong>sempiternum</strong></span> <span class='ocrx_word' id='word_1_7' title='bbox 1376 293 1414 357; x_wconf 82' lang='lat'><strong>&#39;;</strong></span> <span class='ocrx_word' id='word_1_8' title='bbox 1449 301 1501 347; x_wconf 88' lang='lat' dir='ltr'><strong>et</strong></span> <span class='ocrx_word' id='word_1_9' title='bbox 1537 295 1678 362; x_wconf 84' lang='lat' dir='ltr'><strong>:Qui</strong></span> <span class='ocrx_word' id='word_1_10' title='bbox 1723 299 2050 372; x_wconf 84' lang='lat' dir='ltr'><strong>intelligunt,</strong></span> 
     </span>
    </p>
   </div>
   <div class='ocr_carea' id='block_1_3' title="bbox 2163 274 3752 386">
    <p class='ocr_par' dir='ltr' id='par_1_3' title="bbox 2163 308 3752 386">
     <span class='ocr_line' id='line_1_3' title="bbox 2163 308 3752 386; baseline 0.005 -25"><span class='ocrx_word' id='word_1_11' title='bbox 2163 308 2469 380; x_wconf 83' lang='grc' dir='ltr'>οεώματος.</span> <span class='ocrx_word' id='word_1_12' title='bbox 2500 313 2615 383; x_wconf 77' lang='grc' dir='ltr'>Ἐφ’</span> <span class='ocrx_word' id='word_1_13' title='bbox 2639 316 2773 385; x_wconf 80' lang='grc' dir='ltr'>ἡμῖν</span> <span class='ocrx_word' id='word_1_14' title='bbox 2808 313 2915 385; x_wconf 84' lang='grc' dir='ltr'><strong>γὰρ</strong></span> <span class='ocrx_word' id='word_1_15' title='bbox 2960 315 3022 368; x_wconf 74' lang='grc' dir='ltr'>οὐ</span> <span class='ocrx_word' id='word_1_16' title='bbox 3064 314 3127 368; x_wconf 82' lang='grc' dir='ltr'>τὸ</span> <span class='ocrx_word' id='word_1_17' title='bbox 3158 313 3421 383; x_wconf 78' lang='grc' dir='ltr'><strong>ἀφανίσαι</strong></span> <span class='ocrx_word' id='word_1_18' title='bbox 3445 314 3546 385; x_wconf 80' lang='grc' dir='ltr'><strong>τὴν</strong></span> <span class='ocrx_word' id='word_1_19' title='bbox 3584 316 3752 386; x_wconf 71' lang='grc' dir='ltr'>ῥίζαν</span> 
     </span>
    </p>
   </div>
   <div class='ocr_carea' id='block_1_4' title="bbox 476 366 2058 477">
    <p class='ocr_par' dir='ltr' id='par_1_4' title="bbox 476 366 2054 449">
     <span class='ocr_line' id='line_1_4' title="bbox 476 366 2054 449; baseline 0.02 -32"><span class='ocrx_word' id='word_1_20' title='bbox 476 366 744 436; x_wconf 75' lang='lat' dir='ltr'><strong>fulgebunt</strong></span> <span class='ocrx_word' id='word_1_21' title='bbox 779 373 914 426; x_wconf 85' lang='lat' dir='ltr'><strong>sicut</strong></span> <span class='ocrx_word' id='word_1_22' title='bbox 944 375 1192 442; x_wconf 82' lang='lat' dir='ltr'><strong>splendor</strong></span> <span class='ocrx_word' id='word_1_23' title='bbox 1217 380 1539 448; x_wconf 79' lang='lat' dir='ltr'><strong>ﬁrmamenti</strong></span> <span class='ocrx_word' id='word_1_24' title='bbox 1568 386 1743 443; x_wconf 77' lang='lat' dir='ltr'><strong>&#39;..Est</strong></span> <span class='ocrx_word' id='word_1_25' title='bbox 1774 366 1920 445; x_wconf 68' lang='lat' dir='ltr'><strong>enini</strong></span> <span class='ocrx_word' id='word_1_26' title='bbox 1950 366 2054 449; x_wconf 86' lang='lat' dir='ltr'><strong>hoc</strong></span> 
     </span>
    </p>
   </div>
   <div class='ocr_carea' id='block_1_5' title="bbox 2163 366 3751 477">
    <p class='ocr_par' dir='ltr' id='par_1_5' title="bbox 2163 366 3751 477">
     <span class='ocr_line' id='line_1_5' title="bbox 2163 366 3751 477; baseline 0.003 -24"><span class='ocrx_word' id='word_1_27' title='bbox 2163 366 2277 470; x_wconf 53' lang='grc' dir='ltr'>τῆς.</span> <span class='ocrx_word' id='word_1_28' title='bbox 2313 366 2585 475; x_wconf 50' lang='grc' dir='ltr'><strong>πονιλρίας⁸</strong></span> <span class='ocrx_word' id='word_1_29' title='bbox 2630 366 2905 471; x_wconf 33' lang='lat' dir='ltr'><strong>tacitae:</strong></span> <span class='ocrx_word' id='word_1_30' title='bbox 2932 366 3087 462; x_wconf 73' lang='grc' dir='ltr'><strong>ἀλλά</strong></span> <span class='ocrx_word' id='word_1_31' title='bbox 3108 366 3297 477; x_wconf 17' lang='grc' dir='ltr'><em>ν</em></span> <span class='ocrx_word' id='word_1_32' title='bbox 3501 366 3751 459; x_wconf 48' lang='grc' dir='ltr'><strong>⁸ἔκτασιν</strong></span> 
     </span>
    </p>
   </div>
   <div class='ocr_carea' id='block_1_6' title="bbox 476 459 2058 569">
    <p class='ocr_par' dir='ltr' id='par_1_6' title="bbox 476 459 2054 552">
     <span class='ocr_line' id='line_1_6' title="bbox 476 459 2054 552; baseline 0.02 -41"><span class='ocrx_word' id='word_1_33' title='bbox 476 459 531 513; x_wconf 88' lang='lat' dir='ltr'><strong>in</strong></span> <span class='ocrx_word' id='word_1_34' title='bbox 593 472 776 516; x_wconf 88' lang='lat' dir='ltr'><strong>nostra</strong></span> <span class='ocrx_word' id='word_1_35' title='bbox 835 475 1102 534; x_wconf 90' lang='lat' dir='ltr'><strong>potestate</strong></span> <span class='ocrx_word' id='word_1_36' title='bbox 1144 472 1539 540; x_wconf 87' lang='lat' dir='ltr'><strong>positum,non</strong></span> <span class='ocrx_word' id='word_1_37' title='bbox 1574 487 1633 532; x_wconf 93' lang='lat' dir='ltr'><strong>ut</strong></span> <span class='ocrx_word' id='word_1_38' title='bbox 1690 481 2054 552; x_wconf 70' lang='lat' dir='ltr'><strong>improbitatis</strong></span> 
     </span>
    </p>
   </div>
   <div class='ocr_carea' id='block_1_7' title="bbox 2163 459 3751 569">
    <p class='ocr_par' dir='ltr' id='par_1_7' title="bbox 2163 459 3751 569">
     <span class='ocr_line' id='line_1_7' title="bbox 2163 459 3751 569; baseline 0.009 -25"><span class='ocrx_word' id='word_1_39' title='bbox 2163 459 2325 564; x_wconf 79' lang='grc' dir='ltr'>αύτὴν</span> <span class='ocrx_word' id='word_1_40' title='bbox 2373 459 2530 549; x_wconf 60' lang='grc' dir='ltr'>ἐᾶσαι</span> <span class='ocrx_word' id='word_1_41' title='bbox 2555 459 2755 565; x_wconf 52' lang='grc' dir='ltr'>’φῦναι</span> <span class='ocrx_word' id='word_1_42' title='bbox 2786 459 2902 552; x_wconf 63' lang='grc' dir='ltr'><strong>καὶ</strong></span> <span class='ocrx_word' id='word_1_43' title='bbox 2944 459 3335 569; x_wconf 58' lang='grc' dir='ltr'>καρποφορεῖν.</span> <span class='ocrx_word' id='word_1_44' title='bbox 3383 459 3472 549; x_wconf 51' lang='lat' dir='ltr'><strong>:H-</strong></span> <span class='ocrx_word' id='word_1_45' title='bbox 3498 497 3600 566; x_wconf 81' lang='grc' dir='ltr'><strong>μὲν</strong></span> <span class='ocrx_word' id='word_1_46' title='bbox 3635 498 3751 568; x_wconf 71' lang='grc' dir='ltr'><strong>γὰρ</strong></span> 
     </span>
    </p>
   </div>
   <div class='ocr_carea' id='block_1_8' title="bbox 476 553 2058 661">
    <p class='ocr_par' dir='ltr' id='par_1_8' title="bbox 476 553 2052 642">
     <span class='ocr_line' id='line_1_8' title="bbox 476 553 2052 642; baseline 0.018 -40"><span class='ocrx_word' id='word_1_47' title='bbox 476 553 692 607; x_wconf 85' lang='lat' dir='ltr'><strong>radices</strong></span> <span class='ocrx_word' id='word_1_48' title='bbox 719 557 933 622; x_wconf 87' lang='lat' dir='ltr'><strong>penitus</strong></span> <span class='ocrx_word' id='word_1_49' title='bbox 964 560 1284 622; x_wconf 74' lang='lat' dir='ltr'><strong>evellamus.</strong></span> <span class='ocrx_word' id='word_1_50' title='bbox 1328 566 1422 620; x_wconf 84' lang='lat' dir='ltr'><strong>sed</strong></span> <span class='ocrx_word' id='word_1_51' title='bbox 1463 578 1518 622; x_wconf 92' lang='lat' dir='ltr'><strong>ut</strong></span> <span class='ocrx_word' id='word_1_52' title='bbox 1545 585 1613 625; x_wconf 89' lang='lat' dir='ltr'><strong>ne</strong></span> <span class='ocrx_word' id='word_1_53' title='bbox 1641 573 1874 642; x_wconf 85' lang='lat' dir='ltr'><strong>amplius</strong></span> <span class='ocrx_word' id='word_1_54' title='bbox 1905 575 2052 630; x_wconf 88' lang='lat' dir='ltr'><strong>illam</strong></span> 
     </span>
    </p>
   </div>
   <div class='ocr_carea' id='block_1_9' title="bbox 2163 553 3751 661">
    <p class='ocr_par' dir='ltr' id='par_1_9' title="bbox 2163 553 3751 661">
     <span class='ocr_line' id='line_1_9' title="bbox 2163 553 3751 661; baseline 0.003 -25"><span class='ocrx_word' id='word_1_55' title='bbox 2163 553 2390 639; x_wconf 81' lang='grc' dir='ltr'>καθόλου</span> <span class='ocrx_word' id='word_1_56' title='bbox 2424 587 2519 639; x_wconf 76' lang='grc' dir='ltr'><strong>καὶ</strong></span> <span class='ocrx_word' id='word_1_57' title='bbox 2550 553 2844 661; x_wconf 73' lang='grc' dir='ltr'>πάντελικὴ</span> <span class='ocrx_word' id='word_1_58' title='bbox 2888 553 3032 654; x_wconf 52' lang='grc' dir='ltr'>ταῖς.</span> <span class='ocrx_word' id='word_1_59' title='bbox 3052 553 3231 659; x_wconf 70' lang='grc' dir='ltr'>ῥίζαις</span> <span class='ocrx_word' id='word_1_60' title='bbox 3260 588 3430 656; x_wconf 79' lang='grc' dir='ltr'>αὐτῆς</span> <span class='ocrx_word' id='word_1_61' title='bbox 3459 553 3751 659; x_wconf 65' lang='grc' dir='ltr'>ἀναίρεσίς</span> 
     </span>
    </p>
   </div>
   <div class='ocr_carea' id='block_1_10' title="bbox 477 648 2053 734">
    <p class='ocr_par' dir='ltr' id='par_1_10' title="bbox 477 648 2053 734">
     <span class='ocr_line' id='line_1_10' title="bbox 477 648 2053 734; baseline 0.018 -42"><span class='ocrx_word' id='word_1_62' title='bbox 477 658 795 699; x_wconf 72' lang='lat' dir='ltr'><strong>excrescere</strong></span> <span class='ocrx_word' id='word_1_63' title='bbox 833 661 896 700; x_wconf 89' lang='lat' dir='ltr'><strong>ac</strong></span> <span class='ocrx_word' id='word_1_64' title='bbox 956 648 1170 708; x_wconf 82' lang='lat' dir='ltr'><strong>fructus</strong></span> <span class='ocrx_word' id='word_1_65' title='bbox 1224 655 1384 712; x_wconf 89' lang='lat' dir='ltr'><strong>edere</strong></span> <span class='ocrx_word' id='word_1_66' title='bbox 1443 661 1735 729; x_wconf 80' lang='lat' dir='ltr'><strong>patiamur.</strong></span> <span class='ocrx_word' id='word_1_67' title='bbox 1775 662 2053 734; x_wconf 85' lang='lat' dir='ltr'><strong>Siquidem</strong></span> 
     </span>
    </p>
   </div>
   <div class='ocr_carea' id='block_1_11' title="bbox 476 736 2051 827">
    <p class='ocr_par' dir='ltr' id='par_1_11' title="bbox 476 736 2051 827">
     <span class='ocr_line' id='line_1_11' title="bbox 476 736 2051 827; baseline 0.016 -41"><span class='ocrx_word' id='word_1_68' title='bbox 476 736 727 789; x_wconf 88' lang='lat' dir='ltr'><strong>absoluta</strong></span> <span class='ocrx_word' id='word_1_69' title='bbox 757 738 1000 793; x_wconf 82' lang='lat' dir='ltr'><strong>radicum</strong></span> <span class='ocrx_word' id='word_1_70' title='bbox 1028 740 1269 811; x_wconf 85' lang='lat' dir='ltr'><strong>ipsarum</strong></span> <span class='ocrx_word' id='word_1_71' title='bbox 1293 751 1587 805; x_wconf 79' lang='lat' dir='ltr'><strong>exstinctio</strong></span> <span class='ocrx_word' id='word_1_72' title='bbox 1624 768 1686 806; x_wconf 90' lang='lat' dir='ltr'><strong>ac</strong></span> <span class='ocrx_word' id='word_1_73' title='bbox 1722 754 2051 827; x_wconf 80' lang='lat' dir='ltr'><strong>proﬂigatio,</strong></span> 
     </span>
    </p>
   </div>
   <div class='ocr_carea' id='block_1_12' title="bbox 477 832 2056 918">
    <p class='ocr_par' dir='ltr' id='par_1_12' title="bbox 477 832 2056 918">
     <span class='ocr_line' id='line_1_12' title="bbox 477 832 2056 918; baseline 0.016 -41"><span class='ocrx_word' id='word_1_74' title='bbox 477 833 592 879; x_wconf 90' lang='lat' dir='ltr'><strong>tum</strong></span> <span class='ocrx_word' id='word_1_75' title='bbox 628 844 774 892; x_wconf 79' lang='lat' dir='ltr'><strong>cum,</strong></span> <span class='ocrx_word' id='word_1_76' title='bbox 803 832 879 886; x_wconf 90' lang='lat' dir='ltr'><strong>uti</strong></span> <span class='ocrx_word' id='word_1_77' title='bbox 922 834 1056 897; x_wconf 78' lang='lat' dir='ltr'><strong>dixi,</strong></span> <span class='ocrx_word' id='word_1_78' title='bbox 1092 836 1413 893; x_wconf 78' lang='lat' dir='ltr'><strong>dissolvitur</strong></span> <span class='ocrx_word' id='word_1_79' title='bbox 1448 856 1672 912; x_wconf 88' lang='lat' dir='ltr'><strong>corpus,</strong></span> <span class='ocrx_word' id='word_1_80' title='bbox 1709 859 1739 898; x_wconf 88' lang='lat' dir='ltr'><strong>a</strong></span> <span class='ocrx_word' id='word_1_81' title='bbox 1790 844 1898 900; x_wconf 88' lang='lat' dir='ltr'><strong>Deo</strong></span> <span class='ocrx_word' id='word_1_82' title='bbox 1932 864 2056 918; x_wconf 81' lang='lat' dir='ltr'><strong>per-</strong></span> 
     </span>
    </p>
   </div>
   <div class='ocr_carea' id='block_1_13' title="bbox 477 918 2059 1008">
    <p class='ocr_par' dir='ltr' id='par_1_13' title="bbox 477 918 2059 1008">
     <span class='ocr_line' id='line_1_13' title="bbox 477 918 2059 1008; baseline 0.016 -37"><span class='ocrx_word' id='word_1_83' title='bbox 477 918 677 975; x_wconf 79' lang='lat' dir='ltr'><strong>ﬁcitur.</strong></span> <span class='ocrx_word' id='word_1_84' title='bbox 712 921 842 987; x_wconf 77' lang='lat' dir='ltr'><strong>Qua:</strong></span> <span class='ocrx_word' id='word_1_85' title='bbox 896 936 1075 982; x_wconf 86' lang='lat' dir='ltr'><strong>autem</strong></span> <span class='ocrx_word' id='word_1_86' title='bbox 1124 944 1189 983; x_wconf 82' lang='lat' dir='ltr'><strong>ex</strong></span> <span class='ocrx_word' id='word_1_87' title='bbox 1233 940 1384 999; x_wconf 84' lang='lat' dir='ltr'><strong>parte</strong></span> <span class='ocrx_word' id='word_1_88' title='bbox 1447 933 1522 1000; x_wconf 85' lang='lat' dir='ltr'><strong>ﬁt,</strong></span> <span class='ocrx_word' id='word_1_89' title='bbox 1560 945 1618 989; x_wconf 92' lang='lat' dir='ltr'><strong>ut</strong></span> <span class='ocrx_word' id='word_1_90' title='bbox 1663 951 1693 990; x_wconf 88' lang='lat' dir='ltr'><strong>a</strong></span> <span class='ocrx_word' id='word_1_91' title='bbox 1742 939 2059 1008; x_wconf 86' lang='lat' dir='ltr'><strong>pullulando</strong></span> 
     </span>
    </p>
   </div>
   <div class='ocr_carea' id='block_1_14' title="bbox 477 1025 2059 1101">
    <p class='ocr_par' dir='ltr' id='par_1_14' title="bbox 477 1025 2059 1101">
     <span class='ocr_line' id='line_1_14' title="bbox 477 1025 2059 1101; baseline 0.015 -38"><span class='ocrx_word' id='word_1_92' title='bbox 477 1026 814 1080; x_wconf 77' lang='lat' dir='ltr'><strong>coercentur,</strong></span> <span class='ocrx_word' id='word_1_93' title='bbox 848 1032 1019 1086; x_wconf 90' lang='lat' dir='ltr'><strong>opera</strong></span> <span class='ocrx_word' id='word_1_94' title='bbox 1050 1030 1237 1075; x_wconf 88' lang='lat' dir='ltr'><strong>nostra</strong></span> <span class='ocrx_word' id='word_1_95' title='bbox 1271 1025 1514 1092; x_wconf 67' lang='lat' dir='ltr'><strong>praestari</strong></span> <span class='ocrx_word' id='word_1_96' title='bbox 1551 1026 1735 1092; x_wconf 82' lang='lat' dir='ltr'><strong>debet,</strong></span> <span class='ocrx_word' id='word_1_97' title='bbox 1764 1045 1831 1084; x_wconf 80' lang='lat' dir='ltr'><strong>ex</strong></span> <span class='ocrx_word' id='word_1_98' title='bbox 1860 1046 1969 1101; x_wconf 85' lang='lat' dir='ltr'><strong>quo</strong></span> <span class='ocrx_word' id='word_1_99' title='bbox 2000 1033 2059 1087; x_wconf 80' lang='lat' dir='ltr'><strong>lit</strong></span> 
     </span>
    </p>
   </div>
   <div class='ocr_carea' id='block_1_15' title="bbox 477 1107 2061 1191">
    <p class='ocr_par' dir='ltr' id='par_1_15' title="bbox 477 1107 2061 1191">
     <span class='ocr_line' id='line_1_15' title="bbox 477 1107 2061 1191; baseline 0.016 -37"><span class='ocrx_word' id='word_1_100' title='bbox 477 1112 559 1164; x_wconf 90' lang='lat' dir='ltr'><strong>ut,</strong></span> <span class='ocrx_word' id='word_1_101' title='bbox 621 1107 712 1173; x_wconf 91' lang='lat' dir='ltr'><strong>qui</strong></span> <span class='ocrx_word' id='word_1_102' title='bbox 740 1109 938 1162; x_wconf 84' lang='lat' dir='ltr'><strong>malam</strong></span> <span class='ocrx_word' id='word_1_103' title='bbox 985 1110 1132 1164; x_wconf 88' lang='lat' dir='ltr'><strong>illam</strong></span> <span class='ocrx_word' id='word_1_104' title='bbox 1166 1113 1392 1183; x_wconf 82' lang='lat' dir='ltr'><strong>stirpem</strong></span> <span class='ocrx_word' id='word_1_105' title='bbox 1445 1116 1509 1171; x_wconf 87' lang='lat' dir='ltr'><strong>ad</strong></span> <span class='ocrx_word' id='word_1_106' title='bbox 1559 1121 1972 1191; x_wconf 85' lang='lat' dir='ltr'><strong>amplitudinem</strong></span> <span class='ocrx_word' id='word_1_107' title='bbox 2006 1134 2061 1180; x_wconf 90' lang='lat' dir='ltr'><strong>et</strong></span> 
     </span>
    </p>
   </div>
   <div class='ocr_carea' id='block_1_16' title="bbox 476 1194 2059 1283">
    <p class='ocr_par' dir='ltr' id='par_1_16' title="bbox 476 1194 2059 1283">
     <span class='ocr_line' id='line_1_16' title="bbox 476 1194 2059 1283; baseline 0.019 -42"><span class='ocrx_word' id='word_1_108' title='bbox 476 1194 911 1261; x_wconf 83' lang='lat' dir='ltr'><strong>magnitudinem</strong></span> <span class='ocrx_word' id='word_1_109' title='bbox 943 1199 1229 1256; x_wconf 85' lang='lat' dir='ltr'><strong>educando</strong></span> <span class='ocrx_word' id='word_1_110' title='bbox 1262 1203 1599 1272; x_wconf 71' lang='lat' dir='ltr'><strong>perduxerit,</strong></span> <span class='ocrx_word' id='word_1_111' title='bbox 1640 1224 1840 1279; x_wconf 87' lang='lat' dir='ltr'><strong>neque.</strong></span> <span class='ocrx_word' id='word_1_112' title='bbox 1877 1216 2059 1283; x_wconf 90' lang='lat' dir='ltr'><strong>quoad</strong></span> 
     </span>
    </p>
   </div>
   <div class='ocr_carea' id='block_1_17' title="bbox 478 1285 2058 1372">
    <p class='ocr_par' dir='ltr' id='par_1_17' title="bbox 478 1285 2058 1372">
     <span class='ocr_line' id='line_1_17' title="bbox 478 1285 2058 1372; baseline 0.017 -39"><span class='ocrx_word' id='word_1_113' title='bbox 478 1285 675 1351; x_wconf 77' lang='lat' dir='ltr'><strong>potuit,</strong></span> <span class='ocrx_word' id='word_1_114' title='bbox 716 1289 955 1371; x_wconf 79' lang='lat' dir='ltr'><strong>sterilem</strong></span> <span class='ocrx_word' id='word_1_115' title='bbox 999 1292 1142 1345; x_wconf 87' lang='lat' dir='ltr'><strong>illam</strong></span> <span class='ocrx_word' id='word_1_116' title='bbox 1179 1294 1419 1349; x_wconf 75' lang='lat' dir='ltr'><strong>ell‘eeerit</strong></span> <span class='ocrx_word' id='word_1_117' title='bbox 1447 1306 1609 1366; x_wconf 84' lang='lat' dir='ltr'><strong>atque</strong></span> <span class='ocrx_word' id='word_1_118' title='bbox 1647 1307 2058 1372; x_wconf 81' lang='lat' dir='ltr'><strong>compresserit,</strong></span> 
     </span>
    </p>
   </div>
   <div class='ocr_carea' id='block_1_18' title="bbox 478 1381 1462 1458">
    <p class='ocr_par' dir='ltr' id='par_1_18' title="bbox 478 1381 1462 1458">
     <span class='ocr_line' id='line_1_18' title="bbox 478 1381 1462 1458; baseline 0.013 -27"><span class='ocrx_word' id='word_1_119' title='bbox 478 1391 669 1445; x_wconf 66' lang='grc' dir='ltr'>ρωπος</span> <span class='ocrx_word' id='word_1_120' title='bbox 702 1381 850 1436; x_wconf 88' lang='lat' dir='ltr'><strong>illum</strong></span> <span class='ocrx_word' id='word_1_121' title='bbox 879 1387 1188 1452; x_wconf 78' lang='lat' dir='ltr'><strong>persolvere</strong></span> <span class='ocrx_word' id='word_1_122' title='bbox 1216 1399 1462 1458; x_wconf 83' lang='lat' dir='ltr'><strong>oporteat</strong></span> 
     </span>
    </p>
   </div>
   <div class='ocr_carea' id='block_1_19' title="bbox 545 1564 2057 1650">
    <p class='ocr_par' dir='ltr' id='par_1_19' title="bbox 545 1564 2057 1650">
     <span class='ocr_line' id='line_1_19' title="bbox 545 1564 2057 1650; baseline 0.015 -33"><span class='ocrx_word' id='word_1_123' title='bbox 545 1564 734 1623; x_wconf 84' lang='lat' dir='ltr'><strong>XXIX.</strong></span> <span class='ocrx_word' id='word_1_124' title='bbox 769 1569 1134 1635; x_wconf 81' lang='lat' dir='ltr'><strong>Quamobrem</strong></span> <span class='ocrx_word' id='word_1_125' title='bbox 1165 1593 1345 1644; x_wconf 87' lang='lat' dir='ltr'><strong>nemo,</strong></span> <span class='ocrx_word' id='word_1_126' title='bbox 1374 1594 1497 1634; x_wconf 89' lang='lat' dir='ltr'><strong>cum</strong></span> <span class='ocrx_word' id='word_1_127' title='bbox 1534 1581 1654 1650; x_wconf 84' lang='lat' dir='ltr'><strong>ejus</strong></span> <span class='ocrx_word' id='word_1_128' title='bbox 1687 1581 1813 1635; x_wconf 87' lang='lat' dir='ltr'><strong>mali</strong></span> <span class='ocrx_word' id='word_1_129' title='bbox 1835 1590 2057 1639; x_wconf 84' lang='lat' dir='ltr'><strong>causam</strong></span> 
     </span>
    </p>
   </div>
   <div class='ocr_carea' id='block_1_20' title="bbox 2156 674 3748 749">
    <p class='ocr_par' dir='ltr' id='par_1_20' title="bbox 2156 674 3748 749">
     <span class='ocr_line' id='line_1_20' title="bbox 2156 674 3748 749; baseline 0.003 -24"><span class='ocrx_word' id='word_1_130' title='bbox 2156 689 2216 725; x_wconf 84' lang='grc' dir='ltr'><strong>τε</strong></span> <span class='ocrx_word' id='word_1_131' title='bbox 2250 674 2344 727; x_wconf 81' lang='grc' dir='ltr'><strong>καὶ</strong></span> <span class='ocrx_word' id='word_1_132' title='bbox 2381 675 2625 733; x_wconf 77' lang='grc' dir='ltr'><strong>ἀπώλεια</strong></span> <span class='ocrx_word' id='word_1_133' title='bbox 2655 679 2760 732; x_wconf 82' lang='grc' dir='ltr'><strong>ὑπὸ</strong></span> <span class='ocrx_word' id='word_1_134' title='bbox 2781 678 2874 732; x_wconf 81' lang='grc' dir='ltr'><strong>τοῦ</strong></span> <span class='ocrx_word' id='word_1_135' title='bbox 2897 677 3032 732; x_wconf 78' lang='grc' dir='ltr'>Θεοῦ</span> <span class='ocrx_word' id='word_1_136' title='bbox 3050 679 3190 732; x_wconf 90' lang='grc' dir='ltr'>κατά</span> <span class='ocrx_word' id='word_1_137' title='bbox 3213 679 3311 749; x_wconf 76' lang='grc' dir='ltr'>τὴν</span> <span class='ocrx_word' id='word_1_138' title='bbox 3342 676 3437 730; x_wconf 83' lang='grc' dir='ltr'>τοῦ</span> <span class='ocrx_word' id='word_1_139' title='bbox 3467 675 3748 747; x_wconf 82' lang='grc' dir='ltr'>σώματος,</span> 
     </span>
    </p>
   </div>
   <div class='ocr_carea' id='block_1_21' title="bbox 2159 764 3752 841">
    <p class='ocr_par' dir='ltr' id='par_1_21' title="bbox 2159 764 3752 841">
     <span class='ocr_line' id='line_1_21' title="bbox 2159 764 3752 841; baseline 0.005 -24"><span class='ocrx_word' id='word_1_140' title='bbox 2159 764 2235 828; x_wconf 82' lang='grc' dir='ltr'>ὡς</span> <span class='ocrx_word' id='word_1_141' title='bbox 2257 765 2492 838; x_wconf 81' lang='grc' dir='ltr'>εἴρηται,</span> <span class='ocrx_word' id='word_1_142' title='bbox 2549 769 2786 824; x_wconf 69' lang='grc' dir='ltr'>διάλυσιν</span> <span class='ocrx_word' id='word_1_143' title='bbox 2844 770 3073 839; x_wconf 87' lang='grc' dir='ltr'>γίνεται,</span> <span class='ocrx_word' id='word_1_144' title='bbox 3103 773 3137 841; x_wconf 81' lang='grc' dir='ltr'>ἠ</span> <span class='ocrx_word' id='word_1_145' title='bbox 3172 770 3227 822; x_wconf 83' lang='grc' dir='ltr'>δὲ</span> <span class='ocrx_word' id='word_1_146' title='bbox 3262 772 3326 822; x_wconf 81' lang='grc' dir='ltr'><strong>ὲκ</strong></span> <span class='ocrx_word' id='word_1_147' title='bbox 3365 770 3568 839; x_wconf 84' lang='grc' dir='ltr'><strong>μέρους</strong></span> <span class='ocrx_word' id='word_1_148' title='bbox 3606 769 3752 841; x_wconf 73' lang='grc' dir='ltr'>πρὸς</span> 
     </span>
    </p>
   </div>
   <div class='ocr_carea' id='block_1_22' title="bbox 2155 854 3761 932">
    <p class='ocr_par' dir='ltr' id='par_1_22' title="bbox 2155 854 3761 932">
     <span class='ocr_line' id='line_1_22' title="bbox 2155 854 3761 932; baseline 0.004 -24"><span class='ocrx_word' id='word_1_149' title='bbox 2155 855 2219 909; x_wconf 75' lang='grc' dir='ltr'>τὸ</span> <span class='ocrx_word' id='word_1_150' title='bbox 2259 855 2333 927; x_wconf 85' lang='grc' dir='ltr'>μὴ</span> <span class='ocrx_word' id='word_1_151' title='bbox 2365 854 2510 913; x_wconf 85' lang='grc' dir='ltr'>οἷσαι</span> <span class='ocrx_word' id='word_1_152' title='bbox 2564 860 2792 929; x_wconf 82' lang='grc' dir='ltr'><strong>βλαστὸν</strong></span> <span class='ocrx_word' id='word_1_153' title='bbox 2837 861 2927 931; x_wconf 87' lang='grc' dir='ltr'><strong>ὑφ’</strong></span> <span class='ocrx_word' id='word_1_154' title='bbox 2978 859 3168 932; x_wconf 76' lang='grc' dir='ltr'><strong>ἡμῶν⁸</strong></span> <span class='ocrx_word' id='word_1_155' title='bbox 3210 859 3306 913; x_wconf 72' lang='grc' dir='ltr'><strong>καὶ</strong></span> <span class='ocrx_word' id='word_1_156' title='bbox 3333 859 3423 914; x_wconf 85' lang='grc' dir='ltr'><strong>διά</strong></span> <span class='ocrx_word' id='word_1_157' title='bbox 3452 860 3617 913; x_wconf 76' lang='grc' dir='ltr'>τοῦτο</span> <span class='ocrx_word' id='word_1_158' title='bbox 3657 860 3761 914; x_wconf 67' lang='grc' dir='ltr'>τὸν</span> 
     </span>
    </p>
   </div>
   <div class='ocr_carea' id='block_1_23' title="bbox 2155 943 3752 1021">
    <p class='ocr_par' dir='ltr' id='par_1_23' title="bbox 2155 943 3752 1021">
     <span class='ocr_line' id='line_1_23' title="bbox 2155 943 3752 1021; baseline 0.005 -26"><span class='ocrx_word' id='word_1_159' title='bbox 2155 943 2496 1018; x_wconf 75' lang='grc' dir='ltr'><strong>ἐκτρέψαντα</strong></span> <span class='ocrx_word' id='word_1_160' title='bbox 2518 950 2540 981; x_wconf 83' lang='grc'><strong><em>⁵</em></strong></span> <span class='ocrx_word' id='word_1_161' title='bbox 2571 950 2708 1021; x_wconf 84' lang='grc' dir='ltr'>πρὸς</span> <span class='ocrx_word' id='word_1_162' title='bbox 2750 950 2978 1017; x_wconf 78' lang='grc' dir='ltr'><strong>αὔξησιν</strong></span> <span class='ocrx_word' id='word_1_163' title='bbox 3010 950 3180 1021; x_wconf 80' lang='grc' dir='ltr'>αὐτὴν</span> <span class='ocrx_word' id='word_1_164' title='bbox 3213 949 3412 1019; x_wconf 82' lang='grc' dir='ltr'>μᾶλλον</span> <span class='ocrx_word' id='word_1_165' title='bbox 3441 951 3539 1003; x_wconf 77' lang='grc' dir='ltr'><strong>καὶ</strong></span> <span class='ocrx_word' id='word_1_166' title='bbox 3580 950 3752 1020; x_wconf 78' lang='grc' dir='ltr'>μέγε-</span> 
     </span>
    </p>
   </div>
   <div class='ocr_carea' id='block_1_24' title="bbox 2157 1033 3745 1113">
    <p class='ocr_par' dir='ltr' id='par_1_24' title="bbox 2157 1033 3745 1113">
     <span class='ocr_line' id='line_1_24' title="bbox 2157 1033 3745 1113; baseline -0.007 -12"><span class='ocrx_word' id='word_1_167' title='bbox 2157 1033 2270 1100; x_wconf 83' lang='grc' dir='ltr'>θος,</span> <span class='ocrx_word' id='word_1_168' title='bbox 2308 1037 2447 1092; x_wconf 87' lang='grc' dir='ltr'><strong>ἀλλά</strong></span> <span class='ocrx_word' id='word_1_169' title='bbox 2480 1039 2554 1111; x_wconf 78' lang='grc' dir='ltr'>μὴ</span> <span class='ocrx_word' id='word_1_170' title='bbox 2596 1040 2722 1111; x_wconf 84' lang='grc' dir='ltr'>(ὅτι)</span> <span class='ocrx_word' id='word_1_171' title='bbox 2760 1040 3132 1113; x_wconf 67' lang='grc' dir='ltr'>στειριὶωαντα</span> <span class='ocrx_word' id='word_1_172' title='bbox 3173 1041 3237 1095; x_wconf 74' lang='grc' dir='ltr'><strong>τὺ</strong></span> <span class='ocrx_word' id='word_1_173' title='bbox 3263 1042 3387 1094; x_wconf 85' lang='grc' dir='ltr'>ὅσον</span> <span class='ocrx_word' id='word_1_174' title='bbox 3434 1041 3523 1092; x_wconf 77' lang='grc' dir='ltr'><strong>ἐπ’</strong></span> <span class='ocrx_word' id='word_1_175' title='bbox 3567 1040 3745 1109; x_wconf 71' lang='grc' dir='ltr'>αὐτῷ,</span> 
     </span>
    </p>
   </div>
   <div class='ocr_carea' id='block_1_25' title="bbox 2156 1130 3746 1204">
    <p class='ocr_par' dir='ltr' id='par_1_25' title="bbox 2156 1130 3746 1204">
     <span class='ocr_line' id='line_1_25' title="bbox 2156 1130 3746 1204; baseline 0.001 -22"><span class='ocrx_word' id='word_1_176' title='bbox 2156 1130 2250 1183; x_wconf 72' lang='grc' dir='ltr'><strong>καὶ</strong></span> <span class='ocrx_word' id='word_1_177' title='bbox 2281 1131 2720 1204; x_wconf 77' lang='grc' dir='ltr'>σνμπιλήσαντα,</span> <span class='ocrx_word' id='word_1_178' title='bbox 2753 1134 2968 1204; x_wconf 78' lang='grc' dir='ltr'>ἀνάγκη</span> <span class='ocrx_word' id='word_1_179' title='bbox 2992 1132 3190 1186; x_wconf 82' lang='grc' dir='ltr'><strong>διδόναι</strong></span> <span class='ocrx_word' id='word_1_180' title='bbox 3218 1132 3397 1203; x_wconf 82' lang='grc' dir='ltr'>δίκην·</span> <span class='ocrx_word' id='word_1_181' title='bbox 3434 1132 3543 1192; x_wconf 84' lang='grc' dir='ltr'>ὃτι,</span> <span class='ocrx_word' id='word_1_182' title='bbox 3577 1131 3746 1183; x_wconf 63' lang='grc' dir='ltr'>δυναί-</span> 
     </span>
    </p>
   </div>
   <div class='ocr_carea' id='block_1_26' title="bbox 2159 1221 3747 1296">
    <p class='ocr_par' dir='ltr' id='par_1_26' title="bbox 2159 1221 3747 1296">
     <span class='ocr_line' id='line_1_26' title="bbox 2159 1221 3747 1296; baseline 0.003 -23"><span class='ocrx_word' id='word_1_183' title='bbox 2159 1237 2337 1290; x_wconf 88' lang='grc' dir='ltr'>μενος,</span> <span class='ocrx_word' id='word_1_184' title='bbox 2369 1223 2464 1275; x_wconf 76' lang='grc' dir='ltr'><strong>καὶ</strong></span> <span class='ocrx_word' id='word_1_185' title='bbox 2495 1222 2635 1293; x_wconf 76' lang='grc' dir='ltr'>ἔχων</span> <span class='ocrx_word' id='word_1_186' title='bbox 2669 1224 2804 1296; x_wconf 82' lang='grc' dir='ltr'>πρὸς</span> <span class='ocrx_word' id='word_1_187' title='bbox 2852 1224 3009 1277; x_wconf 87' lang='grc' dir='ltr'>τοῦτο</span> <span class='ocrx_word' id='word_1_188' title='bbox 3047 1223 3145 1294; x_wconf 77' lang='grc' dir='ltr'>τὴν</span> <span class='ocrx_word' id='word_1_189' title='bbox 3170 1222 3442 1287; x_wconf 75' lang='grc' dir='ltr'>ἐξουσίαν,</span> <span class='ocrx_word' id='word_1_190' title='bbox 3472 1223 3660 1277; x_wconf 77' lang='grc' dir='ltr'><strong>εἵλατο</strong></span> <span class='ocrx_word' id='word_1_191' title='bbox 3684 1221 3747 1276; x_wconf 79' lang='grc' dir='ltr'>τὸ</span> 
     </span>
    </p>
   </div>
   <div class='ocr_carea' id='block_1_27' title="bbox 2158 1309 3536 1389">
    <p class='ocr_par' dir='ltr' id='par_1_27' title="bbox 2158 1309 3536 1389">
     <span class='ocr_line' id='line_1_27' title="bbox 2158 1309 3536 1389; baseline 0.003 -27"><span class='ocrx_word' id='word_1_192' title='bbox 2158 1309 2396 1380; x_wconf 80' lang='grc' dir='ltr'>βλάπτον</span> <span class='ocrx_word' id='word_1_193' title='bbox 2417 1313 2511 1367; x_wconf 82' lang='grc' dir='ltr'><strong>τοῦ</strong></span> <span class='ocrx_word' id='word_1_194' title='bbox 2546 1315 2915 1389; x_wconf 78' lang='grc' dir='ltr'>συμφέροντος</span> <span class='ocrx_word' id='word_1_195' title='bbox 2944 1314 3143 1386; x_wconf 78' lang='grc' dir='ltr'>μᾶλλον</span> <span class='ocrx_word' id='word_1_196' title='bbox 3174 1315 3536 1386; x_wconf 79' lang='grc' dir='ltr'>προτιμῆσαι.</span> 
     </span>
    </p>
   </div>
   <div class='ocr_carea' id='block_1_28' title="bbox 1512 1395 3743 1480">
    <p class='ocr_par' dir='ltr' id='par_1_28' title="bbox 1512 1395 3743 1480">
     <span class='ocr_line' id='line_1_28' title="bbox 1512 1395 3743 1480; baseline 0.007 -34"><span class='ocrx_word' id='word_1_197' title='bbox 1512 1412 1524 1447; x_wconf 92' lang='lat'>:</span> <span class='ocrx_word' id='word_1_198' title='bbox 1579 1395 1724 1465; x_wconf 90' lang='lat' dir='ltr'><strong>quod</strong></span> <span class='ocrx_word' id='word_1_199' title='bbox 1773 1407 1898 1455; x_wconf 87' lang='lat' dir='ltr'><strong>eum</strong></span> <span class='ocrx_word' id='word_1_200' title='bbox 1949 1400 2128 1461; x_wconf 82' lang='lat' dir='ltr'><strong>facere</strong></span> <span class='ocrx_word' id='word_1_201' title='bbox 2169 1407 2313 1464; x_wconf 87' lang='lat' dir='ltr'><strong>istud</strong></span> <span class='ocrx_word' id='word_1_202' title='bbox 2373 1419 2581 1480; x_wconf 81' lang='lat' dir='ltr'><strong>posset,</strong></span> <span class='ocrx_word' id='word_1_203' title='bbox 2618 1426 2684 1467; x_wconf 85' lang='lat' dir='ltr'><strong>ac</strong></span> <span class='ocrx_word' id='word_1_204' title='bbox 2719 1411 3034 1468; x_wconf 80' lang='lat' dir='ltr'><strong>facultatem</strong></span> <span class='ocrx_word' id='word_1_205' title='bbox 3088 1411 3335 1473; x_wconf 83' lang='lat' dir='ltr'><strong>haberet,</strong></span> <span class='ocrx_word' id='word_1_206' title='bbox 3381 1419 3535 1465; x_wconf 88' lang='lat' dir='ltr'><strong>certo</strong></span> <span class='ocrx_word' id='word_1_207' title='bbox 3574 1409 3743 1463; x_wconf 87' lang='lat' dir='ltr'><strong>animi</strong></span> 
     </span>
    </p>
   </div>
   <div class='ocr_carea' id='block_1_29' title="bbox 380 1471 1598 1551">
    <p class='ocr_par' dir='ltr' id='par_1_29' title="bbox 380 1471 1598 1551">
     <span class='ocr_line' id='line_1_29' title="bbox 380 1471 1598 1551; baseline 0.016 -31"><span class='ocrx_word' id='word_1_208' title='bbox 380 1532 387 1539; x_wconf 33' lang='grc' dir='ltr'><strong><em>ο</em></strong></span> <span class='ocrx_word' id='word_1_209' title='bbox 479 1471 711 1524; x_wconf 90' lang='lat' dir='ltr'><strong>consilio</strong></span> <span class='ocrx_word' id='word_1_210' title='bbox 734 1474 955 1529; x_wconf 88' lang='lat' dir='ltr'><strong>utilitati</strong></span> <span class='ocrx_word' id='word_1_211' title='bbox 994 1478 1252 1534; x_wconf 88' lang='lat' dir='ltr'><strong>damnum</strong></span> <span class='ocrx_word' id='word_1_212' title='bbox 1277 1484 1598 1551; x_wconf 68' lang='lat' dir='ltr'><strong>praetulerit.</strong></span> 
     </span>
    </p>
   </div>
   <div class='ocr_carea' id='block_1_30' title="bbox 2237 1591 3744 1671">
    <p class='ocr_par' dir='ltr' id='par_1_30' title="bbox 2237 1591 3744 1671">
     <span class='ocr_line' id='line_1_30' title="bbox 2237 1591 3744 1671; baseline 0.005 -27"><span class='ocrx_word' id='word_1_213' title='bbox 2237 1591 2366 1648; x_wconf 74' lang='lat' dir='ltr'><strong>KG&#39;.</strong></span> <span class='ocrx_word' id='word_1_214' title='bbox 2400 1594 2561 1647; x_wconf 82' lang='grc' dir='ltr'>Ὥστε</span> <span class='ocrx_word' id='word_1_215' title='bbox 2623 1594 2832 1666; x_wconf 79' lang='grc' dir='ltr'>μηδεὶς,</span> <span class='ocrx_word' id='word_1_216' title='bbox 2890 1595 3051 1659; x_wconf 84' lang='grc' dir='ltr'>αὐτὸς</span> <span class='ocrx_word' id='word_1_217' title='bbox 3103 1597 3272 1660; x_wconf 75' lang='grc' dir='ltr'>αἴτιος</span> <span class='ocrx_word' id='word_1_218' title='bbox 3316 1596 3415 1659; x_wconf 82' lang='grc' dir='ltr'><strong>ὢν,</strong></span> <span class='ocrx_word' id='word_1_219' title='bbox 3458 1598 3744 1671; x_wconf 74' lang='grc' dir='ltr'><strong>ἀκολάστῳ</strong></span> 
     </span>
    </p>
   </div>
   <div class='ocr_carea' id='block_1_31' title="bbox 479 1659 2058 1756">
    <p class='ocr_par' dir='ltr' id='par_1_31' title="bbox 479 1659 2056 1745">
     <span class='ocr_line' id='line_1_31' title="bbox 479 1659 2056 1745; baseline 0.012 -34"><span class='ocrx_word' id='word_1_220' title='bbox 479 1659 766 1727; x_wconf 85' lang='lat' dir='ltr'><strong>sustineat,</strong></span> <span class='ocrx_word' id='word_1_221' title='bbox 799 1664 995 1720; x_wconf 68' lang='lat' dir='ltr'><strong>divina:</strong></span> <span class='ocrx_word' id='word_1_222' title='bbox 1030 1677 1241 1724; x_wconf 70' lang='lat' dir='ltr'><strong>natura:</strong></span> <span class='ocrx_word' id='word_1_223' title='bbox 1284 1671 1702 1742; x_wconf 82' lang='lat' dir='ltr'><strong>intemperantis</strong></span> <span class='ocrx_word' id='word_1_224' title='bbox 1735 1674 1935 1745; x_wconf 64' lang='lat' dir='ltr'><strong>linguae</strong></span> <span class='ocrx_word' id='word_1_225' title='bbox 1969 1691 2056 1729; x_wconf 82' lang='lat' dir='ltr'><strong>re-</strong></span> 
     </span>
    </p>
   </div>
   <div class='ocr_carea' id='block_1_32' title="bbox 2163 1659 3744 1756">
    <p class='ocr_par' dir='ltr' id='par_1_32' title="bbox 2163 1659 3744 1755">
     <span class='ocr_line' id='line_1_32' title="bbox 2163 1659 3744 1755; baseline 0.002 -21"><span class='ocrx_word' id='word_1_226' title='bbox 2163 1680 2384 1753; x_wconf 79' lang='grc' dir='ltr'><strong>γλώσσῃ</strong></span> <span class='ocrx_word' id='word_1_227' title='bbox 2415 1659 2712 1753; x_wconf 55' lang='grc' dir='ltr'>μμφέσθω</span> <span class='ocrx_word' id='word_1_228' title='bbox 2740 1684 2838 1755; x_wconf 83' lang='grc' dir='ltr'>τὴν</span> <span class='ocrx_word' id='word_1_229' title='bbox 2876 1682 3027 1736; x_wconf 84' lang='grc' dir='ltr'>θείαν</span> <span class='ocrx_word' id='word_1_230' title='bbox 3059 1659 3354 1753; x_wconf 11' lang='grc' dir='ltr'>φύσιν,ίὼς</span> <span class='ocrx_word' id='word_1_231' title='bbox 3384 1684 3487 1737; x_wconf 71' lang='grc' dir='ltr'><strong>οὐκ</strong></span> <span class='ocrx_word' id='word_1_232' title='bbox 3531 1687 3589 1737; x_wconf 81' lang='grc' dir='ltr'>ἐν</span> <span class='ocrx_word' id='word_1_233' title='bbox 3620 1659 3744 1755; x_wconf 65' lang='grc' dir='ltr'>δίκξι</span> 
     </span>
    </p>
   </div>
   <div class='ocr_carea' id='block_1_33' title="bbox 480 1752 2058 1844">
    <p class='ocr_par' dir='ltr' id='par_1_33' title="bbox 480 1752 2058 1834">
     <span class='ocr_line' id='line_1_33' title="bbox 480 1752 2058 1834; baseline 0.012 -33"><span class='ocrx_word' id='word_1_234' title='bbox 480 1752 894 1819; x_wconf 83' lang='lat' dir='ltr'><strong>prehensionem</strong></span> <span class='ocrx_word' id='word_1_235' title='bbox 950 1764 1433 1832; x_wconf 77' lang='lat' dir='ltr'><strong>aspergatzquasi</strong></span> <span class='ocrx_word' id='word_1_236' title='bbox 1503 1765 1800 1834; x_wconf 81' lang='lat' dir='ltr'><strong>unicuique</strong></span> <span class='ocrx_word' id='word_1_237' title='bbox 1836 1766 2058 1820; x_wconf 85' lang='lat' dir='ltr'><strong>virtutis</strong></span> 
     </span>
    </p>
   </div>
   <div class='ocr_carea' id='block_1_34' title="bbox 2163 1752 3743 1844">
    <p class='ocr_par' dir='ltr' id='par_1_34' title="bbox 2163 1752 3743 1844">
     <span class='ocr_line' id='line_1_34' title="bbox 2163 1752 3743 1844; baseline 0.003 -20"><span class='ocrx_word' id='word_1_238' title='bbox 2163 1752 2519 1843; x_wconf 68' lang='grc' dir='ltr'>διανέμουσαν</span> <span class='ocrx_word' id='word_1_239' title='bbox 2546 1772 2759 1843; x_wconf 78' lang='grc' dir='ltr'><strong>ἑκάστῳ</strong></span> <span class='ocrx_word' id='word_1_240' title='bbox 2784 1752 2983 1838; x_wconf 83' lang='grc' dir='ltr'>κακίας</span> <span class='ocrx_word' id='word_1_241' title='bbox 3137 1775 3336 1844; x_wconf 77' lang='grc' dir='ltr'>ἀρετῆς</span> <span class='ocrx_word' id='word_1_242' title='bbox 3353 1775 3425 1828; x_wconf 76' lang='grc' dir='ltr'><strong>τά</strong></span> <span class='ocrx_word' id='word_1_243' title='bbox 3456 1752 3743 1844; x_wconf 51' lang='grc' dir='ltr'>ἀμοιϐαῖα,</span> 
     </span>
    </p>
   </div>
   <div class='ocr_carea' id='block_1_35' title="bbox 479 1843 2054 1921">
    <p class='ocr_par' dir='ltr' id='par_1_35' title="bbox 479 1843 2054 1921">
     <span class='ocr_line' id='line_1_35' title="bbox 479 1843 2054 1921; baseline 0.01 -26"><span class='ocrx_word' id='word_1_244' title='bbox 479 1843 706 1914; x_wconf 85' lang='lat' dir='ltr'><strong>vitiique</strong></span> <span class='ocrx_word' id='word_1_245' title='bbox 732 1849 951 1915; x_wconf 63' lang='lat' dir='ltr'><strong>praemia</strong></span> <span class='ocrx_word' id='word_1_246' title='bbox 985 1866 1091 1903; x_wconf 92' lang='lat' dir='ltr'><strong>non</strong></span> <span class='ocrx_word' id='word_1_247' title='bbox 1119 1852 1266 1919; x_wconf 88' lang='lat' dir='ltr'><strong>juste</strong></span> <span class='ocrx_word' id='word_1_248' title='bbox 1294 1852 1610 1909; x_wconf 87' lang='lat' dir='ltr'><strong>distribuat.</strong></span> <span class='ocrx_word' id='word_1_249' title='bbox 1638 1854 1774 1919; x_wconf 78' lang='lat' dir='ltr'><strong>Quis</strong></span> <span class='ocrx_word' id='word_1_250' title='bbox 1807 1857 1946 1910; x_wconf 85' lang='lat' dir='ltr'><strong>enim</strong></span> <span class='ocrx_word' id='word_1_251' title='bbox 1977 1873 2054 1921; x_wconf 84' lang='lat' dir='ltr'><strong>cs,</strong></span> 
     </span>
    </p>
   </div>
   <div class='ocr_carea' id='block_1_36' title="bbox 480 1936 2061 2016">
    <p class='ocr_par' dir='ltr' id='par_1_36' title="bbox 480 1936 2061 2016">
     <span class='ocr_line' id='line_1_36' title="bbox 480 1936 2061 2016; baseline 0.008 -28"><span class='ocrx_word' id='word_1_252' title='bbox 480 1951 511 1988; x_wconf 89' lang='grc' dir='ltr'><strong>ο</strong></span> <span class='ocrx_word' id='word_1_253' title='bbox 541 1936 728 2003; x_wconf 84' lang='lat' dir='ltr'><strong>homo,</strong></span> <span class='ocrx_word' id='word_1_254' title='bbox 757 1940 846 2007; x_wconf 90' lang='lat' dir='ltr'><strong>qui</strong></span> <span class='ocrx_word' id='word_1_255' title='bbox 870 1942 1186 2009; x_wconf 83' lang='lat' dir='ltr'><strong>respondeas</strong></span> <span class='ocrx_word' id='word_1_256' title='bbox 1220 1943 1329 1998; x_wconf 85' lang='lat' dir='ltr'><strong>Deo</strong></span> <span class='ocrx_word' id='word_1_257' title='bbox 1348 1947 1374 2001; x_wconf 61' lang='grc' dir='ltr'><strong><em>ἶ</em></strong></span> <span class='ocrx_word' id='word_1_258' title='bbox 1403 1946 1640 2016; x_wconf 78' lang='lat' dir='ltr'><strong>nunquid</strong></span> <span class='ocrx_word' id='word_1_259' title='bbox 1671 1946 1809 1999; x_wconf 88' lang='lat' dir='ltr'><strong>dicet</strong></span> <span class='ocrx_word' id='word_1_260' title='bbox 1837 1946 2061 2016; x_wconf 81' lang='lat' dir='ltr'><strong>ﬁgmen-</strong></span> 
     </span>
    </p>
   </div>
   <div class='ocr_carea' id='block_1_37' title="bbox 482 2026 2059 2105">
    <p class='ocr_par' dir='ltr' id='par_1_37' title="bbox 482 2026 2059 2105">
     <span class='ocr_line' id='line_1_37' title="bbox 482 2026 2059 2105; baseline 0.009 -27"><span class='ocrx_word' id='word_1_261' title='bbox 482 2034 590 2078; x_wconf 87' lang='lat' dir='ltr'><strong>tum</strong></span> <span class='ocrx_word' id='word_1_262' title='bbox 645 2026 805 2097; x_wconf 74' lang='lat'><strong>552</strong></span> <span class='ocrx_word' id='word_1_263' title='bbox 849 2029 1046 2095; x_wconf 86' lang='lat' dir='ltr'><strong>[actori</strong></span> <span class='ocrx_word' id='word_1_264' title='bbox 1096 2033 1363 2089; x_wconf 78' lang='lat' dir='ltr'><strong>suo:Cur</strong></span> <span class='ocrx_word' id='word_1_265' title='bbox 1394 2052 1475 2089; x_wconf 87' lang='lat' dir='ltr'><strong>me</strong></span> <span class='ocrx_word' id='word_1_266' title='bbox 1517 2036 1594 2089; x_wconf 87' lang='lat' dir='ltr'><strong>ita</strong></span> <span class='ocrx_word' id='word_1_267' title='bbox 1624 2036 1796 2105; x_wconf 79' lang='lat' dir='ltr'><strong>fecisti</strong></span> <span class='ocrx_word' id='word_1_268' title='bbox 1825 2037 1889 2090; x_wconf 73' lang='lat'><strong>‘?</strong></span> <span class='ocrx_word' id='word_1_269' title='bbox 1953 2036 2059 2103; x_wconf 86' lang='lat' dir='ltr'><strong>Qui</strong></span> 
     </span>
    </p>
   </div>
   <div class='ocr_carea' id='block_1_38' title="bbox 478 2118 2053 2197">
    <p class='ocr_par' dir='ltr' id='par_1_38' title="bbox 478 2118 2053 2197">
     <span class='ocr_line' id='line_1_38' title="bbox 478 2118 2053 2197; baseline 0.01 -29"><span class='ocrx_word' id='word_1_270' title='bbox 478 2118 625 2169; x_wconf 89' lang='lat' dir='ltr'><strong>enim</strong></span> <span class='ocrx_word' id='word_1_271' title='bbox 673 2118 721 2170; x_wconf 89' lang='lat' dir='ltr'><strong>id</strong></span> <span class='ocrx_word' id='word_1_272' title='bbox 761 2135 1027 2189; x_wconf 86' lang='lat' dir='ltr'><strong>usurpare</strong></span> <span class='ocrx_word' id='word_1_273' title='bbox 1057 2132 1259 2193; x_wconf 86' lang='lat' dir='ltr'><strong>potest.</strong></span> <span class='ocrx_word' id='word_1_274' title='bbox 1292 2140 1416 2179; x_wconf 91' lang='lat' dir='ltr'><strong>cum</strong></span> <span class='ocrx_word' id='word_1_275' title='bbox 1455 2136 1647 2197; x_wconf 83' lang='lat' dir='ltr'><strong>suopte</strong></span> <span class='ocrx_word' id='word_1_276' title='bbox 1688 2135 1822 2181; x_wconf 89' lang='lat' dir='ltr'><strong>nutu</strong></span> <span class='ocrx_word' id='word_1_277' title='bbox 1861 2142 1925 2182; x_wconf 87' lang='lat' dir='ltr'><strong>ac</strong></span> <span class='ocrx_word' id='word_1_278' title='bbox 1955 2143 2053 2182; x_wconf 89' lang='lat' dir='ltr'><strong>vo-</strong></span> 
     </span>
    </p>
   </div>
   <div class='ocr_carea' id='block_1_39' title="bbox 481 2207 2061 2288">
    <p class='ocr_par' dir='ltr' id='par_1_39' title="bbox 481 2207 2061 2288">
     <span class='ocr_line' id='line_1_39' title="bbox 481 2207 2061 2288; baseline 0.01 -30"><span class='ocrx_word' id='word_1_279' title='bbox 481 2207 691 2262; x_wconf 87' lang='lat' dir='ltr'><strong>luntate</strong></span> <span class='ocrx_word' id='word_1_280' title='bbox 714 2210 1117 2279; x_wconf 85' lang='lat' dir='ltr'><strong>improbitatem</strong></span> <span class='ocrx_word' id='word_1_281' title='bbox 1133 2215 1391 2283; x_wconf 79' lang='lat' dir='ltr'><strong>elegerit?</strong></span> <span class='ocrx_word' id='word_1_282' title='bbox 1414 2215 1707 2287; x_wconf 85' lang='lat' dir='ltr'><strong>Propterea</strong></span> <span class='ocrx_word' id='word_1_283' title='bbox 1737 2234 1846 2272; x_wconf 90' lang='lat' dir='ltr'><strong>non</strong></span> <span class='ocrx_word' id='word_1_284' title='bbox 1872 2217 2061 2288; x_wconf 85' lang='lat' dir='ltr'><strong>utique</strong></span> 
     </span>
    </p>
   </div>
   <div class='ocr_carea' id='block_1_40' title="bbox 480 2296 2058 2379">
    <p class='ocr_par' dir='ltr' id='par_1_40' title="bbox 480 2296 2058 2379">
     <span class='ocr_line' id='line_1_40' title="bbox 480 2296 2058 2379; baseline 0.008 -29"><span class='ocrx_word' id='word_1_285' title='bbox 480 2296 612 2362; x_wconf 86' lang='lat' dir='ltr'><strong>Deo,</strong></span> <span class='ocrx_word' id='word_1_286' title='bbox 645 2302 737 2370; x_wconf 92' lang='lat' dir='ltr'><strong>qui</strong></span> <span class='ocrx_word' id='word_1_287' title='bbox 761 2318 825 2356; x_wconf 83' lang='lat' dir='ltr'><strong>ex</strong></span> <span class='ocrx_word' id='word_1_288' title='bbox 851 2303 1282 2361; x_wconf 88' lang='lat' dir='ltr'><strong>immutabilibus</strong></span> <span class='ocrx_word' id='word_1_289' title='bbox 1306 2307 1537 2376; x_wconf 69' lang='lat' dir='ltr'><strong>justitiae</strong></span> <span class='ocrx_word' id='word_1_290' title='bbox 1568 2309 1806 2364; x_wconf 86' lang='lat' dir='ltr'><strong>decretis</strong></span> <span class='ocrx_word' id='word_1_291' title='bbox 1824 2308 2058 2379; x_wconf 85' lang='lat' dir='ltr'><strong>judicat,</strong></span> 
     </span>
    </p>
   </div>
   <div class='ocr_carea' id='block_1_41' title="bbox 479 2393 2064 2472">
    <p class='ocr_par' dir='ltr' id='par_1_41' title="bbox 479 2393 2064 2472">
     <span class='ocr_line' id='line_1_41' title="bbox 479 2393 2064 2472; baseline 0.009 -30"><span class='ocrx_word' id='word_1_292' title='bbox 479 2401 659 2460; x_wconf 86' lang='lat' dir='ltr'><strong>potest</strong></span> <span class='ocrx_word' id='word_1_293' title='bbox 696 2393 878 2449; x_wconf 88' lang='lat' dir='ltr'><strong>dicere</strong></span> <span class='ocrx_word' id='word_1_294' title='bbox 913 2411 926 2447; x_wconf 88' lang='lat'>:</span> <span class='ocrx_word' id='word_1_295' title='bbox 965 2396 1074 2449; x_wconf 80' lang='lat' dir='ltr'><strong>Cur</strong></span> <span class='ocrx_word' id='word_1_296' title='bbox 1107 2414 1187 2452; x_wconf 85' lang='lat' dir='ltr'><strong>me</strong></span> <span class='ocrx_word' id='word_1_297' title='bbox 1215 2400 1295 2453; x_wconf 86' lang='lat' dir='ltr'><strong>ita</strong></span> <span class='ocrx_word' id='word_1_298' title='bbox 1342 2400 1557 2469; x_wconf 77' lang='lat' dir='ltr'><strong>fecisti?</strong></span> <span class='ocrx_word' id='word_1_299' title='bbox 1584 2400 1793 2456; x_wconf 84' lang='lat' dir='ltr'><strong>Etenim</strong></span> <span class='ocrx_word' id='word_1_300' title='bbox 1827 2402 2064 2472; x_wconf 79' lang='lat' dir='ltr'><strong>Aposto-</strong></span> 
     </span>
    </p>
   </div>
   <div class='ocr_carea' id='block_1_42' title="bbox 481 2480 2058 2559">
    <p class='ocr_par' dir='ltr' id='par_1_42' title="bbox 481 2480 2058 2559">
     <span class='ocr_line' id='line_1_42' title="bbox 481 2480 2058 2559; baseline 0.01 -27"><span class='ocrx_word' id='word_1_301' title='bbox 481 2480 588 2543; x_wconf 90' lang='lat' dir='ltr'><strong>lus,</strong></span> <span class='ocrx_word' id='word_1_302' title='bbox 618 2483 764 2536; x_wconf 87' lang='lat' dir='ltr'><strong>velut</strong></span> <span class='ocrx_word' id='word_1_303' title='bbox 796 2485 1160 2552; x_wconf 65' lang='lat' dir='ltr'><strong>peritissimus</strong></span> <span class='ocrx_word' id='word_1_304' title='bbox 1200 2489 1423 2558; x_wconf 87' lang='lat' dir='ltr'><strong>quidam</strong></span> <span class='ocrx_word' id='word_1_305' title='bbox 1468 2489 1742 2559; x_wconf 88' lang='lat' dir='ltr'><strong>jaculator</strong></span> <span class='ocrx_word' id='word_1_306' title='bbox 1771 2500 2058 2547; x_wconf 84' lang='lat' dir='ltr'><strong>contortas</strong></span> 
     </span>
    </p>
   </div>
   <div class='ocr_carea' id='block_1_43' title="bbox 480 2571 2063 2644">
    <p class='ocr_par' dir='ltr' id='par_1_43' title="bbox 480 2571 2063 2644">
     <span class='ocr_line' id='line_1_43' title="bbox 480 2571 2063 2644; baseline 0.009 -20"><span class='ocrx_word' id='word_1_307' title='bbox 480 2571 767 2625; x_wconf 82' lang='lat' dir='ltr'><strong>verborum</strong></span> <span class='ocrx_word' id='word_1_308' title='bbox 798 2577 1097 2633; x_wconf 81' lang='lat' dir='ltr'><strong>sententias</strong></span> <span class='ocrx_word' id='word_1_309' title='bbox 1126 2580 1179 2632; x_wconf 89' lang='lat' dir='ltr'><strong>in</strong></span> <span class='ocrx_word' id='word_1_310' title='bbox 1204 2580 1443 2635; x_wconf 89' lang='lat' dir='ltr'><strong>medium</strong></span> <span class='ocrx_word' id='word_1_311' title='bbox 1468 2581 1749 2644; x_wconf 87' lang='lat' dir='ltr'><strong>emittens,</strong></span> <span class='ocrx_word' id='word_1_312' title='bbox 1785 2590 1844 2636; x_wconf 89' lang='lat' dir='ltr'><strong>ut</strong></span> <span class='ocrx_word' id='word_1_313' title='bbox 1871 2583 2063 2637; x_wconf 88' lang='lat' dir='ltr'><strong>obscu-</strong></span> 
     </span>
    </p>
   </div>
   <div class='ocr_carea' id='block_1_44' title="bbox 480 2665 2057 2738">
    <p class='ocr_par' dir='ltr' id='par_1_44' title="bbox 480 2665 2057 2738">
     <span class='ocr_line' id='line_1_44' title="bbox 480 2665 2057 2738; baseline 0.009 -25"><span class='ocrx_word' id='word_1_314' title='bbox 480 2676 597 2715; x_wconf 85' lang='lat' dir='ltr'><strong>ram</strong></span> <span class='ocrx_word' id='word_1_315' title='bbox 654 2665 1204 2738; x_wconf 72' lang='lat' dir='ltr'><strong>proluntlissimisque</strong></span> <span class='ocrx_word' id='word_1_316' title='bbox 1258 2673 1513 2727; x_wconf 88' lang='lat' dir='ltr'><strong>sensibus</strong></span> <span class='ocrx_word' id='word_1_317' title='bbox 1571 2674 1899 2726; x_wconf 86' lang='lat' dir='ltr'><strong>occultatam</strong></span> <span class='ocrx_word' id='word_1_318' title='bbox 1931 2688 2057 2727; x_wconf 83' lang='lat' dir='ltr'><strong>ora-</strong></span> 
     </span>
    </p>
   </div>
   <div class='ocr_carea' id='block_1_45' title="bbox 479 2753 2059 2832">
    <p class='ocr_par' dir='ltr' id='par_1_45' title="bbox 479 2753 2059 2832">
     <span class='ocr_line' id='line_1_45' title="bbox 479 2753 2059 2832; baseline 0.008 -28"><span class='ocrx_word' id='word_1_319' title='bbox 479 2753 683 2807; x_wconf 86' lang='lat' dir='ltr'><strong>tionem</strong></span> <span class='ocrx_word' id='word_1_320' title='bbox 743 2755 1016 2823; x_wconf 84' lang='lat' dir='ltr'><strong>instituit;</strong></span> <span class='ocrx_word' id='word_1_321' title='bbox 1081 2758 1162 2812; x_wconf 91' lang='lat' dir='ltr'><strong>sic</strong></span> <span class='ocrx_word' id='word_1_322' title='bbox 1223 2762 1568 2815; x_wconf 65' lang='lat' dir='ltr'><strong>verissimam</strong></span> <span class='ocrx_word' id='word_1_323' title='bbox 1636 2770 1904 2832; x_wconf 67' lang='lat' dir='ltr'><strong>rectmque</strong></span> <span class='ocrx_word' id='word_1_324' title='bbox 1937 2763 2059 2817; x_wconf 79' lang='lat' dir='ltr'><strong>ﬁdei</strong></span> 
     </span>
    </p>
   </div>
   <div class='ocr_carea' id='block_1_46' title="bbox 479 2848 2056 2920">
    <p class='ocr_par' dir='ltr' id='par_1_46' title="bbox 479 2848 2056 2920">
     <span class='ocr_line' id='line_1_46' title="bbox 479 2848 2056 2920; baseline 0.005 -24"><span class='ocrx_word' id='word_1_325' title='bbox 479 2854 927 2909; x_wconf 83' lang='lat' dir='ltr'><strong>consentaneam,</strong></span> <span class='ocrx_word' id='word_1_326' title='bbox 972 2862 1092 2916; x_wconf 73' lang='lat' dir='ltr'><strong>quae</strong></span> <span class='ocrx_word' id='word_1_327' title='bbox 1133 2848 1265 2899; x_wconf 89' lang='lat' dir='ltr'><strong>nihil</strong></span> <span class='ocrx_word' id='word_1_328' title='bbox 1320 2857 1412 2901; x_wconf 89' lang='lat' dir='ltr'><strong>aut</strong></span> <span class='ocrx_word' id='word_1_329' title='bbox 1451 2850 1814 2920; x_wconf 81' lang='lat' dir='ltr'><strong>uegligeutius</strong></span> <span class='ocrx_word' id='word_1_330' title='bbox 1852 2851 2056 2905; x_wconf 83' lang='lat' dir='ltr'><strong>dictum</strong></span> 
     </span>
    </p>
   </div>
   <div class='ocr_carea' id='block_1_47' title="bbox 458 2935 2059 3006">
    <p class='ocr_par' dir='ltr' id='par_1_47' title="bbox 458 2935 2059 3006">
     <span class='ocr_line' id='line_1_47' title="bbox 458 2935 2059 3006; baseline 0.006 -20"><span class='ocrx_word' id='word_1_331' title='bbox 458 2940 576 2987; x_wconf 81' lang='lat' dir='ltr'><strong>&#39;aut</strong></span> <span class='ocrx_word' id='word_1_332' title='bbox 604 2935 904 2988; x_wconf 87' lang='lat' dir='ltr'><strong>absurdum</strong></span> <span class='ocrx_word' id='word_1_333' title='bbox 930 2939 1192 2991; x_wconf 78' lang='lat' dir='ltr'><strong>continet.</strong></span> <span class='ocrx_word' id='word_1_334' title='bbox 1218 2937 1320 3003; x_wconf 90' lang='lat' dir='ltr'><strong>Qui</strong></span> <span class='ocrx_word' id='word_1_335' title='bbox 1350 2940 1493 2993; x_wconf 89' lang='lat' dir='ltr'><strong>enim</strong></span> <span class='ocrx_word' id='word_1_336' title='bbox 1527 2956 1635 2993; x_wconf 88' lang='lat' dir='ltr'><strong>non</strong></span> <span class='ocrx_word' id='word_1_337' title='bbox 1668 2941 1934 3006; x_wconf 82' lang='lat' dir='ltr'><strong>studiose,</strong></span> <span class='ocrx_word' id='word_1_338' title='bbox 1960 2941 2059 2996; x_wconf 85' lang='lat' dir='ltr'><strong>sed</strong></span> 
     </span>
    </p>
   </div>
   <div class='ocr_carea' id='block_1_48' title="bbox 2165 1859 3745 1936">
    <p class='ocr_par' dir='ltr' id='par_1_48' title="bbox 2165 1859 3745 1936">
     <span class='ocr_line' id='line_1_48' title="bbox 2165 1859 3745 1936; baseline 0.001 -19"><span class='ocrx_word' id='word_1_339' title='bbox 2165 1864 2262 1929; x_wconf 81' lang='grc' dir='ltr'>Τίς</span> <span class='ocrx_word' id='word_1_340' title='bbox 2294 1863 2404 1933; x_wconf 73' lang='grc' dir='ltr'><strong>γὰρ</strong></span> <span class='ocrx_word' id='word_1_341' title='bbox 2442 1860 2514 1926; x_wconf 78' lang='grc' dir='ltr'>εἷ,</span> <span class='ocrx_word' id='word_1_342' title='bbox 2543 1859 2592 1918; x_wconf 82' lang='grc' dir='ltr'><em>ὦ</em></span> <span class='ocrx_word' id='word_1_343' title='bbox 2631 1864 2922 1934; x_wconf 79' lang='grc' dir='ltr'><strong>ἄνθρωπε,</strong></span> <span class='ocrx_word' id='word_1_344' title='bbox 2958 1869 2991 1921; x_wconf 83' lang='grc' dir='ltr'><strong>ό</strong></span> <span class='ocrx_word' id='word_1_345' title='bbox 3042 1866 3630 1936; x_wconf 72' lang='grc' dir='ltr'><strong>ἀνταποκρινόμενος</strong></span> <span class='ocrx_word' id='word_1_346' title='bbox 3666 1864 3745 1931; x_wconf 79' lang='grc' dir='ltr'>τῷ</span> 
     </span>
    </p>
   </div>
   <div class='ocr_carea' id='block_1_49' title="bbox 2162 1952 3743 2024">
    <p class='ocr_par' dir='ltr' id='par_1_49' title="bbox 2162 1952 3743 2024">
     <span class='ocr_line' id='line_1_49' title="bbox 2162 1952 3743 2024; baseline 0.001 -18"><span class='ocrx_word' id='word_1_347' title='bbox 2162 1952 2320 2019; x_wconf 84' lang='grc' dir='ltr'><strong>Θεῷ;</strong></span> <span class='ocrx_word' id='word_1_348' title='bbox 2354 1953 2441 2023; x_wconf 78' lang='grc' dir='ltr'>μὴ</span> <span class='ocrx_word' id='word_1_349' title='bbox 2485 1954 2610 2022; x_wconf 82' lang='grc' dir='ltr'><strong>ἐρεῖ</strong></span> <span class='ocrx_word' id='word_1_350' title='bbox 2636 1954 2702 2008; x_wconf 87' lang='grc' dir='ltr'>τὸ</span> <span class='ocrx_word' id='word_1_351' title='bbox 2746 1954 2996 2024; x_wconf 78' lang='grc' dir='ltr'><strong>πλάσμα</strong></span> <span class='ocrx_word' id='word_1_352' title='bbox 3032 1956 3113 2021; x_wconf 81' lang='grc' dir='ltr'>τῷ</span> <span class='ocrx_word' id='word_1_353' title='bbox 3153 1955 3471 2022; x_wconf 73' lang='grc' dir='ltr'>ποιήσαντι</span> <span class='ocrx_word' id='word_1_354' title='bbox 3500 1995 3517 2021; x_wconf 88' lang='grc'><strong>,</strong></span> <span class='ocrx_word' id='word_1_355' title='bbox 3579 1956 3644 2010; x_wconf 80' lang='lat' dir='ltr'><strong><em>TI</em></strong></span> <span class='ocrx_word' id='word_1_356' title='bbox 3667 1971 3743 2024; x_wconf 69' lang='lat' dir='ltr'><strong>ps</strong></span> 
     </span>
    </p>
   </div>
   <div class='ocr_carea' id='block_1_50' title="bbox 2158 2042 3743 2117">
    <p class='ocr_par' dir='ltr' id='par_1_50' title="bbox 2158 2042 3743 2117">
     <span class='ocr_line' id='line_1_50' title="bbox 2158 2042 3743 2117; baseline 0.002 -22"><span class='ocrx_word' id='word_1_357' title='bbox 2158 2042 2453 2110; x_wconf 82' lang='grc' dir='ltr'>ἐποίησας</span> <span class='ocrx_word' id='word_1_358' title='bbox 2505 2045 2727 2110; x_wconf 85' lang='grc' dir='ltr'>οὕτως;</span> <span class='ocrx_word' id='word_1_359' title='bbox 2784 2044 2909 2109; x_wconf 84' lang='grc' dir='ltr'><strong>Πῶς</strong></span> <span class='ocrx_word' id='word_1_360' title='bbox 2964 2044 3096 2117; x_wconf 82' lang='grc' dir='ltr'>γάρ,</span> <span class='ocrx_word' id='word_1_361' title='bbox 3162 2046 3327 2099; x_wconf 83' lang='grc' dir='ltr'><strong>ὁπότε</strong></span> <span class='ocrx_word' id='word_1_362' title='bbox 3367 2046 3743 2116; x_wconf 48' lang='lat' dir='ltr'><strong>causam</strong></span> 
     </span>
    </p>
   </div>
   <div class='ocr_carea' id='block_1_51' title="bbox 2163 2131 3740 2206">
    <p class='ocr_par' dir='ltr' id='par_1_51' title="bbox 2163 2131 3740 2206">
     <span class='ocr_line' id='line_1_51' title="bbox 2163 2131 3740 2206; baseline 0.003 -21"><span class='ocrx_word' id='word_1_363' title='bbox 2163 2131 2325 2205; x_wconf 85' lang='grc' dir='ltr'>βουλῇ</span> <span class='ocrx_word' id='word_1_364' title='bbox 2359 2135 2557 2189; x_wconf 79' lang='grc' dir='ltr'><strong>κακίαν</strong></span> <span class='ocrx_word' id='word_1_365' title='bbox 2591 2136 2804 2201; x_wconf 59' lang='lat' dir='ltr'><strong>enato;</strong></span> <span class='ocrx_word' id='word_1_366' title='bbox 2854 2136 2945 2190; x_wconf 86' lang='grc' dir='ltr'>Διδ</span> <span class='ocrx_word' id='word_1_367' title='bbox 2990 2137 3086 2190; x_wconf 65' lang='grc' dir='ltr'><strong>καὶ⁸</strong></span> <span class='ocrx_word' id='word_1_368' title='bbox 3126 2136 3189 2190; x_wconf 69' lang='grc' dir='ltr'>οὗ</span> <span class='ocrx_word' id='word_1_369' title='bbox 3214 2135 3372 2203; x_wconf 66' lang='grc' dir='ltr'><strong>ἰλέξει</strong></span> <span class='ocrx_word' id='word_1_370' title='bbox 3397 2136 3740 2206; x_wconf 74' lang='grc' dir='ltr'><strong>δικαιοσύνης</strong></span> 
     </span>
    </p>
   </div>
   <div class='ocr_carea' id='block_1_52' title="bbox 2159 2222 3741 2298">
    <p class='ocr_par' dir='ltr' id='par_1_52' title="bbox 2159 2222 3741 2298">
     <span class='ocr_line' id='line_1_52' title="bbox 2159 2222 3741 2298; baseline 0.005 -23"><span class='ocrx_word' id='word_1_371' title='bbox 2159 2222 2422 2292; x_wconf 75' lang='grc' dir='ltr'>δόγμασιν</span> <span class='ocrx_word' id='word_1_372' title='bbox 2482 2224 2925 2297; x_wconf 74' lang='grc' dir='ltr'>ἀπαραλλάκτως</span> <span class='ocrx_word' id='word_1_373' title='bbox 2977 2226 3216 2297; x_wconf 79' lang='grc' dir='ltr'>κρίνοντι</span> <span class='ocrx_word' id='word_1_374' title='bbox 3264 2226 3341 2298; x_wconf 84' lang='grc' dir='ltr'>τῷ</span> <span class='ocrx_word' id='word_1_375' title='bbox 3369 2226 3521 2297; x_wconf 84' lang='grc' dir='ltr'><strong>Θεῷ’</strong></span> <span class='ocrx_word' id='word_1_376' title='bbox 3572 2229 3646 2283; x_wconf 83' lang='grc' dir='ltr'><strong>Τι’</strong></span> <span class='ocrx_word' id='word_1_377' title='bbox 3671 2243 3741 2293; x_wconf 74' lang='grc' dir='ltr'><strong>με</strong></span> 
     </span>
    </p>
   </div>
   <div class='ocr_carea' id='block_1_53' title="bbox 2158 2304 3740 2389">
    <p class='ocr_par' dir='ltr' id='par_1_53' title="bbox 2158 2304 3740 2389">
     <span class='ocr_line' id='line_1_53' title="bbox 2158 2304 3740 2389; baseline 0.002 -22"><span class='ocrx_word' id='word_1_378' title='bbox 2158 2314 2454 2383; x_wconf 68' lang='grc' dir='ltr'>ἐποίησας</span> <span class='ocrx_word' id='word_1_379' title='bbox 2476 2316 2663 2384; x_wconf 83' lang='grc' dir='ltr'>οὕτως</span> <span class='ocrx_word' id='word_1_380' title='bbox 2688 2333 2706 2382; x_wconf 90' lang='grc'><em>;</em></span> <span class='ocrx_word' id='word_1_381' title='bbox 2734 2304 2942 2389; x_wconf 70' lang='grc' dir='ltr'>’Ὠσπερ</span> <span class='ocrx_word' id='word_1_382' title='bbox 2982 2318 3304 2389; x_wconf 80' lang='grc' dir='ltr'>ἀκοντιστὴς</span> <span class='ocrx_word' id='word_1_383' title='bbox 3330 2320 3359 2372; x_wconf 84' lang='grc' dir='ltr'><strong>ό</strong></span> <span class='ocrx_word' id='word_1_384' title='bbox 3400 2316 3740 2382; x_wconf 72' lang='grc' dir='ltr'>’Ᾱτυόστολος,</span> 
     </span>
    </p>
   </div>
   <div class='ocr_carea' id='block_1_54' title="bbox 2159 2393 3743 2476">
    <p class='ocr_par' dir='ltr' id='par_1_54' title="bbox 2159 2393 3743 2476">
     <span class='ocr_line' id='line_1_54' title="bbox 2159 2393 3743 2476; baseline 0.003 -25"><span class='ocrx_word' id='word_1_385' title='bbox 2159 2393 2329 2463; x_wconf 77' lang='grc' dir='ltr'>δεινὸς</span> <span class='ocrx_word' id='word_1_386' title='bbox 2375 2400 2777 2474; x_wconf 70' lang='grc' dir='ltr'>διεστραμμένα</span> <span class='ocrx_word' id='word_1_387' title='bbox 2829 2407 3049 2476; x_wconf 78' lang='grc' dir='ltr'>ῥήματα</span> <span class='ocrx_word' id='word_1_388' title='bbox 3097 2405 3205 2459; x_wconf 82' lang='grc' dir='ltr'><strong>τῶν</strong></span> <span class='ocrx_word' id='word_1_389' title='bbox 3226 2405 3399 2476; x_wconf 85' lang='grc' dir='ltr'>λόγων</span> <span class='ocrx_word' id='word_1_390' title='bbox 3448 2406 3528 2468; x_wconf 79' lang='grc' dir='ltr'><strong>είς</strong></span> <span class='ocrx_word' id='word_1_391' title='bbox 3572 2406 3743 2475; x_wconf 83' lang='grc' dir='ltr'>μέσον</span> 
     </span>
    </p>
   </div>
   <div class='ocr_carea' id='block_1_55' title="bbox 2160 2491 3744 2567">
    <p class='ocr_par' dir='ltr' id='par_1_55' title="bbox 2160 2491 3744 2567">
     <span class='ocr_line' id='line_1_55' title="bbox 2160 2491 3744 2567; baseline 0.003 -24"><span class='ocrx_word' id='word_1_392' title='bbox 2160 2491 2429 2562; x_wconf 79' lang='grc' dir='ltr'><strong>ἐμϐαλὼν,</strong></span> <span class='ocrx_word' id='word_1_393' title='bbox 2465 2494 2648 2566; x_wconf 82' lang='grc' dir='ltr'>ἀσαφῆ</span> <span class='ocrx_word' id='word_1_394' title='bbox 2684 2494 2782 2565; x_wconf 77' lang='grc' dir='ltr'>μὲν</span> <span class='ocrx_word' id='word_1_395' title='bbox 2831 2496 2926 2549; x_wconf 77' lang='grc' dir='ltr'><strong>καὶ</strong></span> <span class='ocrx_word' id='word_1_396' title='bbox 2955 2495 3469 2567; x_wconf 77' lang='grc' dir='ltr'>ὲπικεκαλυμμένην</span> <span class='ocrx_word' id='word_1_397' title='bbox 3500 2497 3744 2548; x_wconf 75' lang='grc' dir='ltr'>ποιεῖται</span> 
     </span>
    </p>
   </div>
   <div class='ocr_carea' id='block_1_56' title="bbox 2160 2580 3742 2657">
    <p class='ocr_par' dir='ltr' id='par_1_56' title="bbox 2160 2580 3742 2657">
     <span class='ocr_line' id='line_1_56' title="bbox 2160 2580 3742 2657; baseline 0.003 -25"><span class='ocrx_word' id='word_1_398' title='bbox 2160 2581 2240 2644; x_wconf 78' lang='grc' dir='ltr'>εἰς</span> <span class='ocrx_word' id='word_1_399' title='bbox 2262 2580 2424 2651; x_wconf 80' lang='grc' dir='ltr'>βάθος</span> <span class='ocrx_word' id='word_1_400' title='bbox 2446 2582 2555 2636; x_wconf 84' lang='grc' dir='ltr'><strong>τῶν</strong></span> <span class='ocrx_word' id='word_1_401' title='bbox 2577 2583 3018 2654; x_wconf 77' lang='grc' dir='ltr'>ἀναγνωσμάτων</span> <span class='ocrx_word' id='word_1_402' title='bbox 3049 2586 3147 2655; x_wconf 84' lang='grc' dir='ltr'>τὴν</span> <span class='ocrx_word' id='word_1_403' title='bbox 3164 2585 3503 2657; x_wconf 77' lang='grc' dir='ltr'>ἐξεργασίαν,</span> <span class='ocrx_word' id='word_1_404' title='bbox 3534 2583 3742 2654; x_wconf 84' lang='grc' dir='ltr'>ἀληθε-</span> 
     </span>
    </p>
   </div>
   <div class='ocr_carea' id='block_1_57' title="bbox 2161 2673 3743 2747">
    <p class='ocr_par' dir='ltr' id='par_1_57' title="bbox 2161 2673 3743 2747">
     <span class='ocr_line' id='line_1_57' title="bbox 2161 2673 3743 2747; baseline 0.003 -22"><span class='ocrx_word' id='word_1_405' title='bbox 2161 2673 2363 2745; x_wconf 82' lang='grc' dir='ltr'>στάτην</span> <span class='ocrx_word' id='word_1_406' title='bbox 2392 2673 2449 2726; x_wconf 79' lang='grc' dir='ltr'>δὲ</span> <span class='ocrx_word' id='word_1_407' title='bbox 2478 2676 2571 2727; x_wconf 78' lang='grc' dir='ltr'><strong>καὶ</strong></span> <span class='ocrx_word' id='word_1_408' title='bbox 2614 2674 2915 2746; x_wconf 78' lang='grc' dir='ltr'>όρθόδοξον,</span> <span class='ocrx_word' id='word_1_409' title='bbox 2957 2678 3050 2729; x_wconf 64' lang='grc' dir='ltr'><strong>καλ⁵</strong></span> <span class='ocrx_word' id='word_1_410' title='bbox 3085 2675 3248 2747; x_wconf 78' lang='grc' dir='ltr'>μηδὲν</span> <span class='ocrx_word' id='word_1_411' title='bbox 3281 2676 3506 2746; x_wconf 75' lang='grc' dir='ltr'>ἔχουσαν</span> <span class='ocrx_word' id='word_1_412' title='bbox 3526 2676 3743 2746; x_wconf 74' lang='grc' dir='ltr'>ἀπημεο</span> 
     </span>
    </p>
   </div>
   <div class='ocr_carea' id='block_1_58' title="bbox 2159 2760 3747 2837">
    <p class='ocr_par' dir='ltr' id='par_1_58' title="bbox 2159 2760 3747 2837">
     <span class='ocr_line' id='line_1_58' title="bbox 2159 2760 3747 2837; baseline 0.003 -24"><span class='ocrx_word' id='word_1_413' title='bbox 2159 2760 2223 2832; x_wconf 80' lang='grc' dir='ltr'><strong>λη</strong></span> <span class='ocrx_word' id='word_1_414' title='bbox 2233 2763 2392 2833; x_wconf 80' lang='grc' dir='ltr'>μένον</span> <span class='ocrx_word' id='word_1_415' title='bbox 2414 2764 2445 2833; x_wconf 85' lang='grc' dir='ltr'>ἢ</span> <span class='ocrx_word' id='word_1_416' title='bbox 2481 2763 2783 2835; x_wconf 84' lang='grc' dir='ltr'>δύσφημον.</span> <span class='ocrx_word' id='word_1_417' title='bbox 2817 2766 2940 2828; x_wconf 89' lang='grc' dir='ltr'><strong>Τοῖς</strong></span> <span class='ocrx_word' id='word_1_418' title='bbox 2967 2765 3192 2836; x_wconf 73' lang='grc' dir='ltr'>μὲνγὰρ</span> <span class='ocrx_word' id='word_1_419' title='bbox 3211 2765 3285 2836; x_wconf 81' lang='grc' dir='ltr'>μὴ</span> <span class='ocrx_word' id='word_1_420' title='bbox 3319 2763 3455 2837; x_wconf 82' lang='grc' dir='ltr'>μετὰ</span> <span class='ocrx_word' id='word_1_421' title='bbox 3475 2764 3747 2835; x_wconf 71' lang='grc' dir='ltr'>σπουδῆς,</span> 
     </span>
    </p>
   </div>
   <div class='ocr_carea' id='block_1_59' title="bbox 2160 2853 3746 2926">
    <p class='ocr_par' dir='ltr' id='par_1_59' title="bbox 2160 2853 3746 2926">
     <span class='ocr_line' id='line_1_59' title="bbox 2160 2853 3746 2926; baseline 0 -20"><span class='ocrx_word' id='word_1_422' title='bbox 2160 2853 2293 2907; x_wconf 85' lang='grc' dir='ltr'><strong>ἀλλά</strong></span> <span class='ocrx_word' id='word_1_423' title='bbox 2344 2854 2552 2923; x_wconf 85' lang='grc' dir='ltr'>ἀγενῶς</span> <span class='ocrx_word' id='word_1_424' title='bbox 2606 2856 2937 2925; x_wconf 79' lang='grc' dir='ltr'>ἐμπίπτουσι</span> <span class='ocrx_word' id='word_1_425' title='bbox 2997 2858 3110 2919; x_wconf 88' lang='grc' dir='ltr'>τοῖς</span> <span class='ocrx_word' id='word_1_426' title='bbox 3149 2855 3350 2923; x_wconf 85' lang='grc' dir='ltr'>λόγοις,</span> <span class='ocrx_word' id='word_1_427' title='bbox 3392 2854 3746 2926; x_wconf 70' lang='grc' dir='ltr'>ἀσυνάρτητα</span> 
     </span>
    </p>
   </div>
   <div class='ocr_carea' id='block_1_60' title="bbox 2160 2940 3746 3017">
    <p class='ocr_par' dir='ltr' id='par_1_60' title="bbox 2160 2940 3746 3017">
     <span class='ocr_line' id='line_1_60' title="bbox 2160 2940 3746 3017; baseline 0.001 -20"><span class='ocrx_word' id='word_1_428' title='bbox 2160 2944 2270 2997; x_wconf 80' lang='grc' dir='ltr'>ἐσθ’</span> <span class='ocrx_word' id='word_1_429' title='bbox 2298 2946 2386 3000; x_wconf 84' lang='grc' dir='ltr'>ὅτε</span> <span class='ocrx_word' id='word_1_430' title='bbox 2407 2946 2668 3000; x_wconf 78' lang='grc' dir='ltr'>δοκεῖκαὶ</span> <span class='ocrx_word' id='word_1_431' title='bbox 2697 2946 3002 3017; x_wconf 82' lang='grc' dir='ltr'>ἀσύμφωνα</span> <span class='ocrx_word' id='word_1_432' title='bbox 3029 2946 3229 3015; x_wconf 79' lang='grc' dir='ltr'>λέγειν,</span> <span class='ocrx_word' id='word_1_433' title='bbox 3250 2947 3363 3009; x_wconf 82' lang='grc' dir='ltr'>τοῖς</span> <span class='ocrx_word' id='word_1_434' title='bbox 3396 2945 3440 2998; x_wconf 78' lang='grc' dir='ltr'>δ’</span> <span class='ocrx_word' id='word_1_435' title='bbox 3464 2940 3529 2999; x_wconf 76' lang='grc' dir='ltr'><strong>αὖ</strong></span> <span class='ocrx_word' id='word_1_436' title='bbox 3565 2962 3746 2999; x_wconf 68' lang='grc' dir='ltr'>σπου-</span> 
     </span>
    </p>
   </div>
   <div class='ocr_carea' id='block_1_61' title="bbox 475 3025 2058 3109">
    <p class='ocr_par' dir='ltr' id='par_1_61' title="bbox 475 3025 2058 3093">
     <span class='ocr_line' id='line_1_61' title="bbox 475 3025 2058 3093; baseline 0.006 -16"><span class='ocrx_word' id='word_1_437' title='bbox 475 3025 775 3079; x_wconf 82' lang='lat' dir='ltr'><strong>oscitanter</strong></span> <span class='ocrx_word' id='word_1_438' title='bbox 799 3027 852 3079; x_wconf 90' lang='lat' dir='ltr'><strong>in</strong></span> <span class='ocrx_word' id='word_1_439' title='bbox 890 3027 1033 3082; x_wconf 88' lang='lat' dir='ltr'><strong>illius</strong></span> <span class='ocrx_word' id='word_1_440' title='bbox 1066 3044 1347 3085; x_wconf 87' lang='lat' dir='ltr'><strong>sermones</strong></span> <span class='ocrx_word' id='word_1_441' title='bbox 1374 3030 1682 3093; x_wconf 87' lang='lat' dir='ltr'><strong>incurrunt,</strong></span> <span class='ocrx_word' id='word_1_442' title='bbox 1713 3031 1781 3086; x_wconf 91' lang='lat' dir='ltr'><strong>iis</strong></span> <span class='ocrx_word' id='word_1_443' title='bbox 1815 3048 2058 3087; x_wconf 90' lang='lat' dir='ltr'><strong>nonnun-</strong></span> 
     </span>
    </p>
   </div>
   <div class='ocr_carea' id='block_1_62' title="bbox 2163 3025 3746 3109">
    <p class='ocr_par' dir='ltr' id='par_1_62' title="bbox 2163 3033 3746 3109">
     <span class='ocr_line' id='line_1_62' title="bbox 2163 3033 3746 3109; baseline 0.004 -23"><span class='ocrx_word' id='word_1_444' title='bbox 2163 3033 2319 3097; x_wconf 81' lang='grc' dir='ltr'>δαίως</span> <span class='ocrx_word' id='word_1_445' title='bbox 2354 3036 2446 3089; x_wconf 78' lang='grc' dir='ltr'><strong>καὶ</strong></span> <span class='ocrx_word' id='word_1_446' title='bbox 2471 3036 2718 3109; x_wconf 81' lang='grc' dir='ltr'>λογισμῷ</span> <span class='ocrx_word' id='word_1_447' title='bbox 2750 3039 2994 3109; x_wconf 82' lang='grc' dir='ltr'>νήφοντι,</span> <span class='ocrx_word' id='word_1_448' title='bbox 3045 3037 3251 3108; x_wconf 81' lang='grc' dir='ltr'>ὁπόσης</span> <span class='ocrx_word' id='word_1_449' title='bbox 3280 3037 3481 3104; x_wconf 81' lang='grc' dir='ltr'>τάξεως</span> <span class='ocrx_word' id='word_1_450' title='bbox 3521 3036 3746 3108; x_wconf 78' lang='grc' dir='ltr'><strong>ἔμπλεα</strong></span> 
     </span>
    </p>
   </div>
   <div class='ocr_carea' id='block_1_63' title="bbox 476 3117 2053 3183">
    <p class='ocr_par' dir='ltr' id='par_1_63' title="bbox 476 3117 2053 3183">
     <span class='ocr_line' id='line_1_63' title="bbox 476 3117 2053 3183; baseline 0.009 -18"><span class='ocrx_word' id='word_1_451' title='bbox 476 3129 642 3183; x_wconf 83' lang='lat' dir='ltr'><strong>quam</strong></span> <span class='ocrx_word' id='word_1_452' title='bbox 679 3117 859 3172; x_wconf 86' lang='lat' dir='ltr'><strong>minus</strong></span> <span class='ocrx_word' id='word_1_453' title='bbox 884 3118 986 3173; x_wconf 87' lang='lat' dir='ltr'><strong>sibi</strong></span> <span class='ocrx_word' id='word_1_454' title='bbox 1022 3129 1392 3174; x_wconf 87' lang='lat' dir='ltr'><strong>consentanea</strong></span> <span class='ocrx_word' id='word_1_455' title='bbox 1424 3135 1489 3173; x_wconf 85' lang='lat' dir='ltr'><strong>ac</strong></span> <span class='ocrx_word' id='word_1_456' title='bbox 1521 3121 1851 3176; x_wconf 70' lang='lat' dir='ltr'><strong>cohaerentia</strong></span> <span class='ocrx_word' id='word_1_457' title='bbox 1870 3124 2053 3179; x_wconf 88' lang='lat' dir='ltr'><strong>dicere</strong></span> 
     </span>
    </p>
   </div>
   <div class='ocr_carea' id='block_1_64' title="bbox 2160 3128 2562 3199">
    <p class='ocr_par' dir='ltr' id='par_1_64' title="bbox 2160 3128 2562 3199">
     <span class='ocr_line' id='line_1_64' title="bbox 2160 3128 2562 3199; baseline 0.01 -20"><span class='ocrx_word' id='word_1_458' title='bbox 2160 3128 2254 3181; x_wconf 76' lang='grc' dir='ltr'><strong>καὶ</strong></span> <span class='ocrx_word' id='word_1_459' title='bbox 2284 3128 2562 3199; x_wconf 65' lang='grc' dir='ltr'>ἀληθλίας.</span> 
     </span>
    </p>
   </div>
   <div class='ocr_carea' id='block_1_65' title="bbox 478 3206 3744 3287">
    <p class='ocr_par' dir='ltr' id='par_1_65' title="bbox 478 3206 3744 3287">
     <span class='ocr_line' id='line_1_65' title="bbox 478 3206 3744 3287; baseline 0.003 -28"><span class='ocrx_word' id='word_1_460' title='bbox 478 3206 715 3261; x_wconf 78' lang='lat' dir='ltr'><strong>videtur.</strong></span> <span class='ocrx_word' id='word_1_461' title='bbox 750 3208 851 3272; x_wconf 78' lang='lat' dir='ltr'><strong>Qui</strong></span> <span class='ocrx_word' id='word_1_462' title='bbox 887 3225 1014 3264; x_wconf 91' lang='lat' dir='ltr'><strong>vero</strong></span> <span class='ocrx_word' id='word_1_463' title='bbox 1043 3224 1261 3279; x_wconf 82' lang='lat' dir='ltr'><strong>operam</strong></span> <span class='ocrx_word' id='word_1_464' title='bbox 1298 3211 1580 3276; x_wconf 89' lang='lat' dir='ltr'><strong>adhibent,</strong></span> <span class='ocrx_word' id='word_1_465' title='bbox 1608 3219 1661 3264; x_wconf 86' lang='lat' dir='ltr'><strong>et</strong></span> <span class='ocrx_word' id='word_1_466' title='bbox 1691 3213 1872 3267; x_wconf 86' lang='lat' dir='ltr'><strong>sobria</strong></span> <span class='ocrx_word' id='word_1_467' title='bbox 1927 3223 2093 3284; x_wconf 86' lang='lat' dir='ltr'><strong>atque</strong></span> <span class='ocrx_word' id='word_1_468' title='bbox 2161 3226 2483 3287; x_wconf 84' lang='lat' dir='ltr'><strong>experrecta</strong></span> <span class='ocrx_word' id='word_1_469' title='bbox 2533 3227 2716 3275; x_wconf 87' lang='lat' dir='ltr'><strong>mente</strong></span> <span class='ocrx_word' id='word_1_470' title='bbox 2777 3220 2832 3274; x_wconf 90' lang='lat' dir='ltr'><strong>in</strong></span> <span class='ocrx_word' id='word_1_471' title='bbox 2887 3220 3010 3277; x_wconf 91' lang='lat' dir='ltr'><strong>illos</strong></span> <span class='ocrx_word' id='word_1_472' title='bbox 3061 3218 3406 3282; x_wconf 90' lang='lat' dir='ltr'><strong>incumbunt,</strong></span> <span class='ocrx_word' id='word_1_473' title='bbox 3434 3233 3499 3271; x_wconf 76' lang='lat' dir='ltr'><strong>ex</strong></span> <span class='ocrx_word' id='word_1_474' title='bbox 3540 3215 3744 3271; x_wconf 82' lang='lat' dir='ltr'><strong>ordine</strong></span> 
     </span>
    </p>
   </div>
   <div class='ocr_carea' id='block_1_66' title="bbox 475 3299 1945 3379">
    <p class='ocr_par' dir='ltr' id='par_1_66' title="bbox 475 3299 1945 3379">
     <span class='ocr_line' id='line_1_66' title="bbox 475 3299 1945 3379; baseline 0.007 -27"><span class='ocrx_word' id='word_1_475' title='bbox 475 3299 658 3353; x_wconf 85' lang='lat' dir='ltr'><strong>omnia</strong></span> <span class='ocrx_word' id='word_1_476' title='bbox 698 3316 761 3355; x_wconf 89' lang='lat' dir='ltr'><strong>ac</strong></span> <span class='ocrx_word' id='word_1_477' title='bbox 796 3304 872 3358; x_wconf 86' lang='lat' dir='ltr'><strong>rei</strong></span> <span class='ocrx_word' id='word_1_478' title='bbox 908 3308 1138 3360; x_wconf 83' lang='lat' dir='ltr'><strong>veritate</strong></span> <span class='ocrx_word' id='word_1_479' title='bbox 1169 3306 1521 3375; x_wconf 89' lang='lat' dir='ltr'><strong>pronuntiata</strong></span> <span class='ocrx_word' id='word_1_480' title='bbox 1546 3306 1817 3376; x_wconf 73' lang='lat' dir='ltr'><strong>iudicant.</strong></span> <span class='ocrx_word' id='word_1_481' title='bbox 1930 3372 1945 3379; x_wconf 24' lang='grc' dir='ltr'><strong>κ</strong></span> 
     </span>
    </p>
   </div>
   <div class='ocr_carea' id='block_1_67' title="bbox 552 3390 2059 3472">
    <p class='ocr_par' dir='ltr' id='par_1_67' title="bbox 552 3390 2059 3472">
     <span class='ocr_line' id='line_1_67' title="bbox 552 3390 2059 3472; baseline 0.007 -27"><span class='ocrx_word' id='word_1_482' title='bbox 552 3390 750 3447; x_wconf 78' lang='lat' dir='ltr'><strong>Verum</strong></span> <span class='ocrx_word' id='word_1_483' title='bbox 799 3398 1113 3451; x_wconf 80' lang='lat' dir='ltr'><strong>accuratius</strong></span> <span class='ocrx_word' id='word_1_484' title='bbox 1149 3399 1214 3451; x_wconf 87' lang='lat' dir='ltr'><strong>de</strong></span> <span class='ocrx_word' id='word_1_485' title='bbox 1246 3398 1332 3452; x_wconf 89' lang='lat' dir='ltr'><strong>bis</strong></span> <span class='ocrx_word' id='word_1_486' title='bbox 1367 3398 1529 3452; x_wconf 86' lang='lat' dir='ltr'><strong>modo</strong></span> <span class='ocrx_word' id='word_1_487' title='bbox 1559 3398 1844 3467; x_wconf 86' lang='lat' dir='ltr'><strong>disputare</strong></span> <span class='ocrx_word' id='word_1_488' title='bbox 1876 3401 2059 3472; x_wconf 87' lang='lat' dir='ltr'><strong>magni</strong></span> 
     </span>
    </p>
   </div>
   <div class='ocr_carea' id='block_1_68' title="bbox 478 3484 2062 3561">
    <p class='ocr_par' dir='ltr' id='par_1_68' title="bbox 478 3484 2062 3561">
     <span class='ocr_line' id='line_1_68' title="bbox 478 3484 2062 3561; baseline 0.007 -27"><span class='ocrx_word' id='word_1_489' title='bbox 478 3497 576 3551; x_wconf 88' lang='lat' dir='ltr'><strong>per</strong></span> <span class='ocrx_word' id='word_1_490' title='bbox 605 3498 726 3538; x_wconf 88' lang='lat' dir='ltr'><strong>sese</strong></span> <span class='ocrx_word' id='word_1_491' title='bbox 754 3484 959 3540; x_wconf 89' lang='lat' dir='ltr'><strong>laboris</strong></span> <span class='ocrx_word' id='word_1_492' title='bbox 994 3501 1132 3555; x_wconf 91' lang='lat' dir='ltr'><strong>opus</strong></span> <span class='ocrx_word' id='word_1_493' title='bbox 1165 3496 1269 3540; x_wconf 88' lang='lat' dir='ltr'><strong>est.</strong></span> <span class='ocrx_word' id='word_1_494' title='bbox 1299 3486 1391 3542; x_wconf 84' lang='lat' dir='ltr'><strong>Est</strong></span> <span class='ocrx_word' id='word_1_495' title='bbox 1428 3504 1555 3543; x_wconf 86' lang='lat' dir='ltr'><strong>vero</strong></span> <span class='ocrx_word' id='word_1_496' title='bbox 1588 3488 1901 3558; x_wconf 87' lang='lat' dir='ltr'><strong>ridiculum,</strong></span> <span class='ocrx_word' id='word_1_497' title='bbox 1933 3506 2062 3561; x_wconf 86' lang='lat' dir='ltr'><strong>pro-</strong></span> 
     </span>
    </p>
   </div>
   <div class='ocr_carea' id='block_1_69' title="bbox 478 3570 2062 3647">
    <p class='ocr_par' dir='ltr' id='par_1_69' title="bbox 478 3570 2062 3647">
     <span class='ocr_line' id='line_1_69' title="bbox 478 3570 2062 3647; baseline 0.009 -26"><span class='ocrx_word' id='word_1_498' title='bbox 478 3570 601 3640; x_wconf 89' lang='lat' dir='ltr'><strong>prio</strong></span> <span class='ocrx_word' id='word_1_499' title='bbox 640 3582 963 3640; x_wconf 84' lang='lat' dir='ltr'><strong>argumento</strong></span> <span class='ocrx_word' id='word_1_500' title='bbox 994 3574 1279 3639; x_wconf 87' lang='lat' dir='ltr'><strong>derelicto,</strong></span> <span class='ocrx_word' id='word_1_501' title='bbox 1312 3577 1459 3647; x_wconf 84' lang='lat' dir='ltr'><strong>quod</strong></span> <span class='ocrx_word' id='word_1_502' title='bbox 1490 3584 1835 3633; x_wconf 87' lang='lat' dir='ltr'><strong>tractandum</strong></span> <span class='ocrx_word' id='word_1_503' title='bbox 1872 3595 2062 3636; x_wconf 85' lang='lat' dir='ltr'><strong>susce-</strong></span> 
     </span>
    </p>
   </div>
   <div class='ocr_carea' id='block_1_70' title="bbox 478 3661 2062 3730">
    <p class='ocr_par' dir='ltr' id='par_1_70' title="bbox 478 3661 2062 3730">
     <span class='ocr_line' id='line_1_70' title="bbox 478 3661 2062 3730; baseline 0.01 -17"><span class='ocrx_word' id='word_1_504' title='bbox 478 3661 679 3730; x_wconf 85' lang='lat' dir='ltr'><strong>pimus,</strong></span> <span class='ocrx_word' id='word_1_505' title='bbox 739 3678 839 3717; x_wconf 87' lang='lat' dir='ltr'><strong>nos</strong></span> <span class='ocrx_word' id='word_1_506' title='bbox 892 3665 956 3719; x_wconf 84' lang='lat' dir='ltr'><strong>ad</strong></span> <span class='ocrx_word' id='word_1_507' title='bbox 1012 3666 1115 3720; x_wconf 90' lang='lat' dir='ltr'><strong>alia</strong></span> <span class='ocrx_word' id='word_1_508' title='bbox 1164 3668 1434 3723; x_wconf 77' lang='lat' dir='ltr'><strong>conferre.</strong></span> <span class='ocrx_word' id='word_1_509' title='bbox 1497 3668 1631 3724; x_wconf 84' lang='lat' dir='ltr'><strong>Nam</strong></span> <span class='ocrx_word' id='word_1_510' title='bbox 1682 3671 1795 3726; x_wconf 75' lang='lat' dir='ltr'><strong>lucc</strong></span> <span class='ocrx_word' id='word_1_511' title='bbox 1835 3688 1866 3726; x_wconf 86' lang='lat' dir='ltr'><strong>a</strong></span> <span class='ocrx_word' id='word_1_512' title='bbox 1902 3674 2062 3729; x_wconf 86' lang='lat' dir='ltr'><strong>nobis</strong></span> 
     </span>
    </p>
   </div>
   <div class='ocr_carea' id='block_1_71' title="bbox 480 3754 2061 3829">
    <p class='ocr_par' dir='ltr' id='par_1_71' title="bbox 480 3754 2061 3829">
     <span class='ocr_line' id='line_1_71' title="bbox 480 3754 2061 3829; baseline 0.008 -26"><span class='ocrx_word' id='word_1_513' title='bbox 480 3760 717 3820; x_wconf 85' lang='lat' dir='ltr'><strong>propter‘</strong></span> <span class='ocrx_word' id='word_1_514' title='bbox 762 3754 885 3808; x_wconf 86' lang='lat' dir='ltr'><strong>illos</strong></span> <span class='ocrx_word' id='word_1_515' title='bbox 924 3754 1067 3810; x_wconf 88' lang='lat' dir='ltr'><strong>dicta</strong></span> <span class='ocrx_word' id='word_1_516' title='bbox 1123 3766 1272 3821; x_wconf 87' lang='lat' dir='ltr'><strong>sunt,</strong></span> <span class='ocrx_word' id='word_1_517' title='bbox 1302 3759 1393 3829; x_wconf 92' lang='lat' dir='ltr'><strong>qui</strong></span> <span class='ocrx_word' id='word_1_518' title='bbox 1429 3761 1721 3814; x_wconf 90' lang='lat' dir='ltr'><strong>stultorum</strong></span> <span class='ocrx_word' id='word_1_519' title='bbox 1755 3776 1906 3817; x_wconf 84' lang='lat' dir='ltr'><strong>more</strong></span> <span class='ocrx_word' id='word_1_520' title='bbox 1934 3762 2061 3816; x_wconf 89' lang='lat' dir='ltr'><strong>mali</strong></span> 
     </span>
    </p>
   </div>
   <div class='ocr_carea' id='block_1_72' title="bbox 474 3843 2064 3934">
    <p class='ocr_par' dir='ltr' id='par_1_72' title="bbox 474 3843 2064 3934">
     <span class='ocr_line' id='line_1_72' title="bbox 474 3843 2064 3934; baseline 0.006 -38"><span class='ocrx_word' id='word_1_521' title='bbox 474 3848 533 3896; x_wconf 83' lang='lat' dir='ltr'><strong>&#39;et</strong></span> <span class='ocrx_word' id='word_1_522' title='bbox 558 3843 733 3912; x_wconf 81' lang='lat' dir='ltr'><strong>ignavi</strong></span> <span class='ocrx_word' id='word_1_523' title='bbox 765 3862 889 3902; x_wconf 88' lang='lat' dir='ltr'><strong>esse</strong></span> <span class='ocrx_word' id='word_1_524' title='bbox 918 3864 1015 3903; x_wconf 86' lang='lat' dir='ltr'><strong>sua</strong></span> <span class='ocrx_word' id='word_1_525' title='bbox 1051 3860 1244 3934; x_wconf 64' lang='lat' dir='ltr'><strong>sponte</strong></span> <span class='ocrx_word' id='word_1_526' title='bbox 1277 3852 1526 3920; x_wconf 78' lang='lat' dir='ltr'><strong>Cupiunt.</strong></span> <span class='ocrx_word' id='word_1_527' title='bbox 1567 3852 1703 3907; x_wconf 89' lang='lat' dir='ltr'><strong>Cum</strong></span> <span class='ocrx_word' id='word_1_528' title='bbox 1748 3854 1917 3923; x_wconf 64' lang='lat' dir='ltr'><strong>igitur</strong></span> <span class='ocrx_word' id='word_1_529' title='bbox 1948 3870 2064 3908; x_wconf 88' lang='lat' dir='ltr'><strong>ma-</strong></span> 
     </span>
    </p>
   </div>
   <div class='ocr_carea' id='block_1_73' title="bbox 478 3932 2060 4011">
    <p class='ocr_par' dir='ltr' id='par_1_73' title="bbox 478 3932 2060 4011">
     <span class='ocr_line' id='line_1_73' title="bbox 478 3932 2060 4011; baseline 0.008 -24"><span class='ocrx_word' id='word_1_530' title='bbox 478 3932 835 3994; x_wconf 83' lang='lat' dir='ltr'><strong>nifestissime</strong></span> <span class='ocrx_word' id='word_1_531' title='bbox 881 3940 1146 3997; x_wconf 85' lang='lat' dir='ltr'><strong>hactenus</strong></span> <span class='ocrx_word' id='word_1_532' title='bbox 1194 3932 1630 3998; x_wconf 86' lang='lat' dir='ltr'><strong>demonstratum</strong></span> <span class='ocrx_word' id='word_1_533' title='bbox 1684 3944 1776 4011; x_wconf 79' lang='lat' dir='ltr'><strong>sit,</strong></span> <span class='ocrx_word' id='word_1_534' title='bbox 1829 3953 2060 4001; x_wconf 84' lang='lat' dir='ltr'><strong>mortem</strong></span> 
     </span>
    </p>
   </div>
   <div class='ocr_carea' id='block_1_74' title="bbox 479 4024 2064 4104">
    <p class='ocr_par' dir='ltr' id='par_1_74' title="bbox 479 4024 2064 4104">
     <span class='ocr_line' id='line_1_74' title="bbox 479 4024 2064 4104; baseline 0.008 -27"><span class='ocrx_word' id='word_1_535' title='bbox 479 4024 686 4081; x_wconf 87' lang='lat' dir='ltr'><strong>homini</strong></span> <span class='ocrx_word' id='word_1_536' title='bbox 722 4045 829 4085; x_wconf 89' lang='lat' dir='ltr'><strong>non</strong></span> <span class='ocrx_word' id='word_1_537' title='bbox 858 4032 984 4085; x_wconf 90' lang='lat' dir='ltr'><strong>mali</strong></span> <span class='ocrx_word' id='word_1_538' title='bbox 1018 4049 1142 4087; x_wconf 86' lang='lat' dir='ltr'><strong>esse</strong></span> <span class='ocrx_word' id='word_1_539' title='bbox 1187 4048 1355 4087; x_wconf 88' lang='lat' dir='ltr'><strong>causa</strong></span> <span class='ocrx_word' id='word_1_540' title='bbox 1389 4034 1554 4088; x_wconf 88' lang='lat' dir='ltr'><strong>ullius</strong></span> <span class='ocrx_word' id='word_1_541' title='bbox 1586 4033 1866 4098; x_wconf 76' lang='lat' dir='ltr'><strong>intlietam.</strong></span> <span class='ocrx_word' id='word_1_542' title='bbox 1900 4050 2064 4104; x_wconf 88' lang='lat' dir='ltr'><strong>opor-</strong></span> 
     </span>
    </p>
   </div>
   <div class='ocr_carea' id='block_1_75' title="bbox 479 4121 2063 4194">
    <p class='ocr_par' dir='ltr' id='par_1_75' title="bbox 479 4121 2063 4194">
     <span class='ocr_line' id='line_1_75' title="bbox 479 4121 2063 4194; baseline 0.008 -27"><span class='ocrx_word' id='word_1_543' title='bbox 479 4124 553 4170; x_wconf 85' lang='lat' dir='ltr'><strong>tet</strong></span> <span class='ocrx_word' id='word_1_544' title='bbox 581 4126 640 4171; x_wconf 91' lang='lat' dir='ltr'><strong>ut</strong></span> <span class='ocrx_word' id='word_1_545' title='bbox 673 4121 933 4191; x_wconf 87' lang='lat' dir='ltr'><strong>deinceps</strong></span> <span class='ocrx_word' id='word_1_546' title='bbox 967 4125 1059 4193; x_wconf 86' lang='lat' dir='ltr'><strong>qui</strong></span> <span class='ocrx_word' id='word_1_547' title='bbox 1104 4140 1211 4177; x_wconf 87' lang='lat' dir='ltr'><strong>non</strong></span> <span class='ocrx_word' id='word_1_548' title='bbox 1242 4125 1308 4179; x_wconf 87' lang='lat' dir='ltr'><strong>ad</strong></span> <span class='ocrx_word' id='word_1_549' title='bbox 1356 4126 1471 4181; x_wconf 65' lang='lat' dir='ltr'><strong>haec</strong></span> <span class='ocrx_word' id='word_1_550' title='bbox 1508 4126 1842 4194; x_wconf 76' lang='lat' dir='ltr'><strong>negligenter</strong></span> <span class='ocrx_word' id='word_1_551' title='bbox 1889 4134 2063 4181; x_wconf 84' lang='lat' dir='ltr'><strong>atten-</strong></span> 
     </span>
    </p>
   </div>
   <div class='ocr_carea' id='block_1_76' title="bbox 2228 3397 3745 3474">
    <p class='ocr_par' dir='ltr' id='par_1_76' title="bbox 2228 3397 3745 3474">
     <span class='ocr_line' id='line_1_76' title="bbox 2228 3397 3745 3474; baseline 0 -20"><span class='ocrx_word' id='word_1_552' title='bbox 2228 3403 2305 3455; x_wconf 84' lang='grc' dir='ltr'><strong>Δι’</strong></span> <span class='ocrx_word' id='word_1_553' title='bbox 2333 3401 2617 3474; x_wconf 74' lang='grc' dir='ltr'>ἀκριϐείας</span> <span class='ocrx_word' id='word_1_554' title='bbox 2640 3401 2739 3473; x_wconf 74' lang='grc' dir='ltr'>μὲν</span> <span class='ocrx_word' id='word_1_555' title='bbox 2765 3398 2859 3457; x_wconf 75' lang='grc' dir='ltr'>οὖν</span> <span class='ocrx_word' id='word_1_556' title='bbox 2880 3402 3004 3473; x_wconf 78' lang='grc' dir='ltr'><strong>περὶ</strong></span> <span class='ocrx_word' id='word_1_557' title='bbox 3038 3401 3243 3455; x_wconf 85' lang='grc' dir='ltr'>τούτων</span> <span class='ocrx_word' id='word_1_558' title='bbox 3270 3400 3518 3467; x_wconf 77' lang='grc' dir='ltr'>διεξιέναι</span> <span class='ocrx_word' id='word_1_559' title='bbox 3545 3397 3616 3452; x_wconf 72' lang='grc' dir='ltr'><strong>τά</strong></span> <span class='ocrx_word' id='word_1_560' title='bbox 3644 3398 3745 3454; x_wconf 70' lang='grc' dir='ltr'>νῦν</span> 
     </span>
    </p>
   </div>
   <div class='ocr_carea' id='block_1_77' title="bbox 2160 3490 3745 3562">
    <p class='ocr_par' dir='ltr' id='par_1_77' title="bbox 2160 3490 3745 3562">
     <span class='ocr_line' id='line_1_77' title="bbox 2160 3490 3745 3562; baseline 0 -18"><span class='ocrx_word' id='word_1_561' title='bbox 2160 3491 2344 3545; x_wconf 77' lang='grc' dir='ltr'>ἱκανὸν</span> <span class='ocrx_word' id='word_1_562' title='bbox 2382 3491 2447 3544; x_wconf 85' lang='grc' dir='ltr'>ἂν</span> <span class='ocrx_word' id='word_1_563' title='bbox 2473 3491 2682 3561; x_wconf 87' lang='grc' dir='ltr'>γένοιτο</span> <span class='ocrx_word' id='word_1_564' title='bbox 2720 3490 2851 3545; x_wconf 79' lang='grc' dir='ltr'>αὐτὸ</span> <span class='ocrx_word' id='word_1_565' title='bbox 2877 3492 2999 3546; x_wconf 79' lang='grc' dir='ltr'>καθ’</span> <span class='ocrx_word' id='word_1_566' title='bbox 3031 3492 3195 3545; x_wconf 78' lang='grc' dir='ltr'>ἑαυτὸ</span> <span class='ocrx_word' id='word_1_567' title='bbox 3232 3491 3383 3562; x_wconf 84' lang='grc' dir='ltr'>μόνον</span> <span class='ocrx_word' id='word_1_568' title='bbox 3401 3491 3581 3559; x_wconf 81' lang='grc' dir='ltr'>ἔργον.</span> <span class='ocrx_word' id='word_1_569' title='bbox 3629 3492 3745 3546; x_wconf 71' lang='grc' dir='ltr'><strong>Καὶ</strong></span> 
     </span>
    </p>
   </div>
   <div class='ocr_carea' id='block_1_78' title="bbox 2157 3572 3743 3654">
    <p class='ocr_par' dir='ltr' id='par_1_78' title="bbox 2157 3572 3743 3654">
     <span class='ocr_line' id='line_1_78' title="bbox 2157 3572 3743 3654; baseline -0.001 -19"><span class='ocrx_word' id='word_1_570' title='bbox 2157 3582 2266 3654; x_wconf 87' lang='grc' dir='ltr'><strong>γάρ</strong></span> <span class='ocrx_word' id='word_1_571' title='bbox 2294 3585 2521 3652; x_wconf 81' lang='grc' dir='ltr'>γελοῖον,</span> <span class='ocrx_word' id='word_1_572' title='bbox 2545 3580 2974 3651; x_wconf 74' lang='grc' dir='ltr'>καταλείψαντας</span> <span class='ocrx_word' id='word_1_573' title='bbox 3006 3597 3097 3633; x_wconf 90' lang='grc' dir='ltr'><strong>σου</strong></span> <span class='ocrx_word' id='word_1_574' title='bbox 3118 3581 3216 3652; x_wconf 81' lang='grc' dir='ltr'>τὴν</span> <span class='ocrx_word' id='word_1_575' title='bbox 3241 3579 3446 3649; x_wconf 81' lang='grc' dir='ltr'>σκέψιν,</span> <span class='ocrx_word' id='word_1_576' title='bbox 3473 3572 3539 3649; x_wconf 80' lang='grc' dir='ltr'>ἧς</span> <span class='ocrx_word' id='word_1_577' title='bbox 3569 3579 3743 3633; x_wconf 69' lang='grc' dir='ltr'>ἕνεκα</span> 
     </span>
    </p>
   </div>
   <div class='ocr_carea' id='block_1_79' title="bbox 2158 3670 3743 3745">
    <p class='ocr_par' dir='ltr' id='par_1_79' title="bbox 2158 3670 3743 3745">
     <span class='ocr_line' id='line_1_79' title="bbox 2158 3670 3743 3745; baseline -0.002 -17"><span class='ocrx_word' id='word_1_578' title='bbox 2158 3672 2363 3745; x_wconf 84' lang='grc' dir='ltr'>ταύτην</span> <span class='ocrx_word' id='word_1_579' title='bbox 2426 3673 2809 3745; x_wconf 82' lang='grc' dir='ltr'>ὲστειλάμεθα,</span> <span class='ocrx_word' id='word_1_580' title='bbox 2835 3675 2914 3737; x_wconf 75' lang='grc' dir='ltr'><strong>εἰς</strong></span> <span class='ocrx_word' id='word_1_581' title='bbox 2939 3672 3074 3728; x_wconf 87' lang='grc' dir='ltr'>ἀλλα</span> <span class='ocrx_word' id='word_1_582' title='bbox 3101 3672 3361 3744; x_wconf 80' lang='grc' dir='ltr'>μετιέναι.</span> <span class='ocrx_word' id='word_1_583' title='bbox 3402 3670 3587 3724; x_wconf 78' lang='grc' dir='ltr'>Ταῦτα</span> <span class='ocrx_word' id='word_1_584' title='bbox 3631 3672 3743 3744; x_wconf 67' lang='grc' dir='ltr'><strong>γὰρ</strong></span> 
     </span>
    </p>
   </div>
   <div class='ocr_carea' id='block_1_80' title="bbox 2158 3762 3744 3837">
    <p class='ocr_par' dir='ltr' id='par_1_80' title="bbox 2158 3762 3744 3837">
     <span class='ocr_line' id='line_1_80' title="bbox 2158 3762 3744 3837; baseline -0.001 -19"><span class='ocrx_word' id='word_1_585' title='bbox 2158 3768 2292 3836; x_wconf 78' lang='grc' dir='ltr'>ἡμῖν</span> <span class='ocrx_word' id='word_1_586' title='bbox 2329 3767 2543 3837; x_wconf 80' lang='grc' dir='ltr'>εἴρηται</span> <span class='ocrx_word' id='word_1_587' title='bbox 2573 3767 2661 3820; x_wconf 85' lang='grc' dir='ltr'><strong>διά</strong></span> <span class='ocrx_word' id='word_1_588' title='bbox 2682 3767 2791 3820; x_wconf 85' lang='grc' dir='ltr'>τῶν</span> <span class='ocrx_word' id='word_1_589' title='bbox 2809 3765 3272 3820; x_wconf 81' lang='grc' dir='ltr'>ὲθελοκακούντων</span> <span class='ocrx_word' id='word_1_590' title='bbox 3286 3763 3526 3835; x_wconf 79' lang='grc' dir='ltr'>τιμωρὸν</span> <span class='ocrx_word' id='word_1_591' title='bbox 3557 3762 3744 3833; x_wconf 74' lang='grc' dir='ltr'>δίκην.</span> 
     </span>
    </p>
   </div>
   <div class='ocr_carea' id='block_1_81' title="bbox 2172 3838 3742 3927">
    <p class='ocr_par' dir='ltr' id='par_1_81' title="bbox 2172 3838 3742 3927">
     <span class='ocr_line' id='line_1_81' title="bbox 2172 3838 3742 3927; baseline -0.001 -19"><span class='ocrx_word' id='word_1_592' title='bbox 2172 3856 2607 3927; x_wconf 74' lang='grc' dir='ltr'>Ἀποδειχθέντος</span> <span class='ocrx_word' id='word_1_593' title='bbox 2655 3838 2832 3912; x_wconf 82' lang='grc' dir='ltr'>τοίνυν</span> <span class='ocrx_word' id='word_1_594' title='bbox 2878 3857 3200 3927; x_wconf 81' lang='grc' dir='ltr'>ὲνδηλότατα</span> <span class='ocrx_word' id='word_1_595' title='bbox 3247 3856 3337 3908; x_wconf 70' lang='grc' dir='ltr'><strong>τὸν</strong></span> <span class='ocrx_word' id='word_1_596' title='bbox 3373 3855 3600 3908; x_wconf 84' lang='grc' dir='ltr'>θάνατον</span> <span class='ocrx_word' id='word_1_597' title='bbox 3662 3854 3742 3926; x_wconf 74' lang='grc' dir='ltr'>τῷ</span> 
     </span>
    </p>
   </div>
   <div class='ocr_carea' id='block_1_82' title="bbox 2158 3943 3745 4018">
    <p class='ocr_par' dir='ltr' id='par_1_82' title="bbox 2158 3943 3745 4018">
     <span class='ocr_line' id='line_1_82' title="bbox 2158 3943 3745 4018; baseline -0.003 -19"><span class='ocrx_word' id='word_1_598' title='bbox 2158 3945 2429 4018; x_wconf 80' lang='grc' dir='ltr'>ἀνθρώπῳ</span> <span class='ocrx_word' id='word_1_599' title='bbox 2460 3946 2879 4018; x_wconf 77' lang='grc' dir='ltr'>μεμηχανῆσθαι</span> <span class='ocrx_word' id='word_1_600' title='bbox 2896 3947 2969 4017; x_wconf 79' lang='grc' dir='ltr'>μὴ</span> <span class='ocrx_word' id='word_1_601' title='bbox 2999 3947 3092 3998; x_wconf 75' lang='grc' dir='ltr'>ἐπὶ</span> <span class='ocrx_word' id='word_1_602' title='bbox 3121 3944 3276 4015; x_wconf 80' lang='grc' dir='ltr'><strong>κακῷ</strong></span> <span class='ocrx_word' id='word_1_603' title='bbox 3307 3961 3436 4010; x_wconf 82' lang='grc' dir='ltr'>τινι,</span> <span class='ocrx_word' id='word_1_604' title='bbox 3472 3943 3607 3997; x_wconf 85' lang='grc' dir='ltr'><strong>ἀλλά</strong></span> <span class='ocrx_word' id='word_1_605' title='bbox 3633 3943 3745 4014; x_wconf 77' lang='grc' dir='ltr'><strong>χρὴ</strong></span> 
     </span>
    </p>
   </div>
   <div class='ocr_carea' id='block_1_83' title="bbox 2157 4039 3744 4113">
    <p class='ocr_par' dir='ltr' id='par_1_83' title="bbox 2157 4039 3744 4113">
     <span class='ocr_line' id='line_1_83' title="bbox 2157 4039 3744 4113; baseline -0.003 -18"><span class='ocrx_word' id='word_1_606' title='bbox 2157 4041 2341 4095; x_wconf 79' lang='grc' dir='ltr'>λοιπὸν</span> <span class='ocrx_word' id='word_1_607' title='bbox 2379 4043 2471 4095; x_wconf 82' lang='grc' dir='ltr'>τὸν</span> <span class='ocrx_word' id='word_1_608' title='bbox 2504 4044 2578 4113; x_wconf 82' lang='grc' dir='ltr'>μὴ</span> <span class='ocrx_word' id='word_1_609' title='bbox 2601 4042 2815 4111; x_wconf 83' lang='grc' dir='ltr'>φαύλως</span> <span class='ocrx_word' id='word_1_610' title='bbox 2837 4040 3045 4104; x_wconf 78' lang='grc' dir='ltr'>τούτοις</span> <span class='ocrx_word' id='word_1_611' title='bbox 3083 4040 3446 4108; x_wconf 82' lang='grc' dir='ltr'>ὲγκύπτοντα,</span> <span class='ocrx_word' id='word_1_612' title='bbox 3477 4039 3606 4109; x_wconf 80' lang='grc' dir='ltr'>περὶ</span> <span class='ocrx_word' id='word_1_613' title='bbox 3640 4042 3744 4109; x_wconf 79' lang='grc' dir='ltr'>τῆς</span> 
     </span>
    </p>
   </div>
   <div class='ocr_carea' id='block_1_84' title="bbox 2156 4127 3743 4201">
    <p class='ocr_par' dir='ltr' id='par_1_84' title="bbox 2156 4127 3743 4201">
     <span class='ocr_line' id='line_1_84' title="bbox 2156 4127 3743 4201; baseline -0.001 -18"><span class='ocrx_word' id='word_1_614' title='bbox 2156 4130 2505 4195; x_wconf 84' lang='grc' dir='ltr'>ἀναστάσεως</span> <span class='ocrx_word' id='word_1_615' title='bbox 2534 4134 2672 4184; x_wconf 83' lang='grc' dir='ltr'>νοεῖν</span> <span class='ocrx_word' id='word_1_616' title='bbox 2695 4131 2788 4184; x_wconf 83' lang='grc' dir='ltr'>τοῦ</span> <span class='ocrx_word' id='word_1_617' title='bbox 2817 4130 3085 4201; x_wconf 83' lang='grc' dir='ltr'>σώματος.</span> <span class='ocrx_word' id='word_1_618' title='bbox 3123 4129 3246 4193; x_wconf 79' lang='grc' dir='ltr'><strong>Πῶς</strong></span> <span class='ocrx_word' id='word_1_619' title='bbox 3278 4127 3389 4200; x_wconf 85' lang='grc' dir='ltr'><strong>γὰρ</strong></span> <span class='ocrx_word' id='word_1_620' title='bbox 3414 4130 3514 4182; x_wconf 76' lang='grc' dir='ltr'>οὐκ</span> <span class='ocrx_word' id='word_1_621' title='bbox 3539 4128 3743 4196; x_wconf 74' lang='grc' dir='ltr'>ὠφέλι-</span> 
     </span>
    </p>
   </div>
   <div class='ocr_carea' id='block_1_85' title="bbox 475 4212 2058 4293">
    <p class='ocr_par' dir='ltr' id='par_1_85' title="bbox 475 4212 2056 4287">
     <span class='ocr_line' id='line_1_85' title="bbox 475 4212 2056 4287; baseline 0.003 -19"><span class='ocrx_word' id='word_1_622' title='bbox 475 4212 651 4272; x_wconf 85' lang='lat' dir='ltr'><strong>derit,</strong></span> <span class='ocrx_word' id='word_1_623' title='bbox 704 4228 996 4284; x_wconf 88' lang='lat' dir='ltr'><strong>corporum</strong></span> <span class='ocrx_word' id='word_1_624' title='bbox 1074 4218 1527 4271; x_wconf 83' lang='lat' dir='ltr'><strong>resurrectionem</strong></span> <span class='ocrx_word' id='word_1_625' title='bbox 1586 4218 1864 4287; x_wconf 84' lang='lat' dir='ltr'><strong>intelligat.</strong></span> <span class='ocrx_word' id='word_1_626' title='bbox 1922 4218 2056 4273; x_wconf 87' lang='lat' dir='ltr'><strong>Nam</strong></span> 
     </span>
    </p>
   </div>
   <div class='ocr_carea' id='block_1_86' title="bbox 2163 4212 3744 4293">
    <p class='ocr_par' dir='ltr' id='par_1_86' title="bbox 2165 4216 3744 4293">
     <span class='ocr_line' id='line_1_86' title="bbox 2165 4216 3744 4293; baseline -0.003 -20"><span class='ocrx_word' id='word_1_627' title='bbox 2165 4232 2264 4293; x_wconf 82' lang='grc' dir='ltr'><strong>μος</strong></span> <span class='ocrx_word' id='word_1_628' title='bbox 2301 4222 2331 4272; x_wconf 85' lang='grc' dir='ltr'><strong>ὁ</strong></span> <span class='ocrx_word' id='word_1_629' title='bbox 2358 4221 2615 4284; x_wconf 87' lang='grc' dir='ltr'>θάνατος,</span> <span class='ocrx_word' id='word_1_630' title='bbox 2668 4220 2993 4290; x_wconf 85' lang='grc' dir='ltr'>διαφθείρων</span> <span class='ocrx_word' id='word_1_631' title='bbox 3029 4219 3187 4289; x_wconf 74' lang='grc' dir='ltr'>ἡμῶν</span> <span class='ocrx_word' id='word_1_632' title='bbox 3230 4219 3298 4270; x_wconf 69' lang='grc' dir='ltr'><strong>τὰ</strong></span> <span class='ocrx_word' id='word_1_633' title='bbox 3344 4216 3594 4288; x_wconf 72' lang='grc' dir='ltr'>ληῖζοντα</span> <span class='ocrx_word' id='word_1_634' title='bbox 3641 4218 3744 4277; x_wconf 66' lang='grc' dir='ltr'>τὴν</span> 
     </span>
    </p>
   </div>
   <div class='ocr_carea' id='block_1_87' title="bbox 477 4286 2058 4382">
    <p class='ocr_par' dir='ltr' id='par_1_87' title="bbox 477 4305 2054 4379">
     <span class='ocr_line' id='line_1_87' title="bbox 477 4305 2054 4379; baseline 0.004 -21"><span class='ocrx_word' id='word_1_635' title='bbox 477 4319 661 4359; x_wconf 87' lang='lat' dir='ltr'><strong>nonne</strong></span> <span class='ocrx_word' id='word_1_636' title='bbox 689 4305 769 4358; x_wconf 89' lang='lat' dir='ltr'><strong>vel</strong></span> <span class='ocrx_word' id='word_1_637' title='bbox 799 4321 865 4360; x_wconf 90' lang='lat' dir='ltr'><strong>eo</strong></span> <span class='ocrx_word' id='word_1_638' title='bbox 900 4306 1121 4362; x_wconf 89' lang='lat' dir='ltr'><strong>nomine</strong></span> <span class='ocrx_word' id='word_1_639' title='bbox 1162 4309 1312 4364; x_wconf 87' lang='lat' dir='ltr'><strong>utilis</strong></span> <span class='ocrx_word' id='word_1_640' title='bbox 1346 4323 1497 4363; x_wconf 89' lang='lat' dir='ltr'><strong>mors</strong></span> <span class='ocrx_word' id='word_1_641' title='bbox 1532 4318 1634 4370; x_wconf 87' lang='lat' dir='ltr'><strong>est,</strong></span> <span class='ocrx_word' id='word_1_642' title='bbox 1665 4324 1761 4379; x_wconf 90' lang='lat' dir='ltr'><strong>per</strong></span> <span class='ocrx_word' id='word_1_643' title='bbox 1791 4324 1953 4379; x_wconf 84' lang='lat' dir='ltr'><strong>quam</strong></span> <span class='ocrx_word' id='word_1_644' title='bbox 1990 4325 2054 4364; x_wconf 86' lang='lat' dir='ltr'><strong>ea</strong></span> 
     </span>
    </p>
   </div>
   <div class='ocr_carea' id='block_1_88' title="bbox 2163 4286 3746 4382">
    <p class='ocr_par' dir='ltr' id='par_1_88' title="bbox 2163 4286 3746 4382">
     <span class='ocr_line' id='line_1_88' title="bbox 2163 4286 3746 4382; baseline -0.003 -17"><span class='ocrx_word' id='word_1_645' title='bbox 2163 4286 2363 4381; x_wconf 72' lang='grc' dir='ltr'>φύσινς</span> <span class='ocrx_word' id='word_1_646' title='bbox 2409 4313 2457 4364; x_wconf 80' lang='grc' dir='ltr'>εἰ</span> <span class='ocrx_word' id='word_1_647' title='bbox 2502 4312 2595 4365; x_wconf 72' lang='grc' dir='ltr'><strong>καὶ</strong></span> <span class='ocrx_word' id='word_1_648' title='bbox 2641 4286 2792 4382; x_wconf 83' lang='grc' dir='ltr'><strong>παρά</strong></span> <span class='ocrx_word' id='word_1_649' title='bbox 2825 4286 2917 4363; x_wconf 73' lang='grc' dir='ltr'>τὸν</span> <span class='ocrx_word' id='word_1_650' title='bbox 2956 4286 3145 4381; x_wconf 60' lang='grc' dir='ltr'>καιρὸν</span> <span class='ocrx_word' id='word_1_651' title='bbox 3196 4286 3461 4379; x_wconf 63' lang='grc' dir='ltr'>ὲπαχθῆς,</span> <span class='ocrx_word' id='word_1_652' title='bbox 3508 4306 3629 4360; x_wconf 78' lang='grc' dir='ltr'>καθ’</span> <span class='ocrx_word' id='word_1_653' title='bbox 3683 4308 3746 4361; x_wconf 83' lang='grc' dir='ltr'><strong>δν</strong></span> 
     </span>
    </p>
   </div>
   <div class='ocr_carea' id='block_1_89' title="bbox 479 4391 2054 4467">
    <p class='ocr_par' dir='ltr' id='par_1_89' title="bbox 479 4391 2054 4467">
     <span class='ocr_line' id='line_1_89' title="bbox 479 4391 2054 4467; baseline 0.007 -24"><span class='ocrx_word' id='word_1_654' title='bbox 479 4391 854 4462; x_wconf 83' lang='lat' dir='ltr'><strong>proﬂigantur,</strong></span> <span class='ocrx_word' id='word_1_655' title='bbox 886 4404 1007 4461; x_wconf 75' lang='lat' dir='ltr'><strong>quae</strong></span> <span class='ocrx_word' id='word_1_656' title='bbox 1056 4407 1310 4452; x_wconf 86' lang='lat' dir='ltr'><strong>naturam</strong></span> <span class='ocrx_word' id='word_1_657' title='bbox 1369 4406 1616 4452; x_wconf 86' lang='lat' dir='ltr'><strong>nostram</strong></span> <span class='ocrx_word' id='word_1_658' title='bbox 1650 4394 2054 4467; x_wconf 88' lang='lat' dir='ltr'><strong>quodammodo</strong></span> 
     </span>
    </p>
   </div>
   <div class='ocr_carea' id='block_1_90' title="bbox 478 4485 2054 4559">
    <p class='ocr_par' dir='ltr' id='par_1_90' title="bbox 478 4485 2054 4559">
     <span class='ocr_line' id='line_1_90' title="bbox 478 4485 2054 4559; baseline 0.004 -21"><span class='ocrx_word' id='word_1_659' title='bbox 478 4485 815 4556; x_wconf 77' lang='lat' dir='ltr'><strong>pnedanlur&#39;!</strong></span> <span class='ocrx_word' id='word_1_660' title='bbox 831 4486 1070 4542; x_wconf 80' lang='lat' dir='ltr'><strong>Tametsi</strong></span> <span class='ocrx_word' id='word_1_661' title='bbox 1090 4503 1200 4557; x_wconf 88' lang='lat' dir='ltr'><strong>quo</strong></span> <span class='ocrx_word' id='word_1_662' title='bbox 1220 4497 1463 4559; x_wconf 87' lang='lat' dir='ltr'><strong>tempore</strong></span> <span class='ocrx_word' id='word_1_663' title='bbox 1477 4490 1634 4544; x_wconf 86' lang='lat' dir='ltr'><strong>nobis</strong></span> <span class='ocrx_word' id='word_1_664' title='bbox 1651 4490 1902 4552; x_wconf 85' lang='lat' dir='ltr'><strong>inlertur.</strong></span> <span class='ocrx_word' id='word_1_665' title='bbox 1922 4506 2054 4545; x_wconf 85' lang='lat' dir='ltr'><strong>non-</strong></span> 
     </span>
    </p>
   </div>
   <div class='ocr_carea' id='block_1_91' title="bbox 477 4577 2052 4654">
    <p class='ocr_par' dir='ltr' id='par_1_91' title="bbox 477 4577 2052 4654">
     <span class='ocr_line' id='line_1_91' title="bbox 477 4577 2052 4654; baseline 0.003 -22"><span class='ocrx_word' id='word_1_666' title='bbox 477 4578 614 4632; x_wconf 88' lang='lat' dir='ltr'><strong>nihil</strong></span> <span class='ocrx_word' id='word_1_667' title='bbox 648 4579 876 4633; x_wconf 63' lang='lat' dir='ltr'><strong>molvsta</strong></span> <span class='ocrx_word' id='word_1_668' title='bbox 908 4577 1179 4640; x_wconf 87' lang='lat' dir='ltr'><strong>videatur.</strong></span> <span class='ocrx_word' id='word_1_669' title='bbox 1210 4581 1360 4635; x_wconf 86' lang='lat' dir='ltr'><strong>velut</strong></span> <span class='ocrx_word' id='word_1_670' title='bbox 1394 4582 1850 4637; x_wconf 86' lang='lat' dir='ltr'><strong>medicamentum</strong></span> <span class='ocrx_word' id='word_1_671' title='bbox 1873 4583 2052 4654; x_wconf 82' lang='lat' dir='ltr'><strong>quod-</strong></span> 
     </span>
    </p>
   </div>
   <div class='ocr_carea' id='block_1_92' title="bbox 2162 4397 3747 4475">
    <p class='ocr_par' dir='ltr' id='par_1_92' title="bbox 2162 4397 3747 4475">
     <span class='ocr_line' id='line_1_92' title="bbox 2162 4397 3747 4475; baseline -0.004 -18"><span class='ocrx_word' id='word_1_672' title='bbox 2162 4402 2565 4475; x_wconf 82' lang='grc' dir='ltr'>προσφὲρεσθαι</span> <span class='ocrx_word' id='word_1_673' title='bbox 2593 4402 2758 4461; x_wconf 85' lang='grc' dir='ltr'>δοκεῖ,</span> <span class='ocrx_word' id='word_1_674' title='bbox 2791 4402 3042 4473; x_wconf 87' lang='grc' dir='ltr'>καθάπερ</span> <span class='ocrx_word' id='word_1_675' title='bbox 3066 4399 3466 4471; x_wconf 74' lang='grc' dir='ltr'>αὐστηρότατον</span> <span class='ocrx_word' id='word_1_676' title='bbox 3492 4397 3747 4452; x_wconf 80' lang='grc' dir='ltr'>νοσοῦντι</span> 
     </span>
    </p>
   </div>
   <div class='ocr_carea' id='block_1_93' title="bbox 2161 4489 3749 4566">
    <p class='ocr_par' dir='ltr' id='par_1_93' title="bbox 2161 4489 3749 4566">
     <span class='ocr_line' id='line_1_93' title="bbox 2161 4489 3749 4566; baseline -0.004 -18"><span class='ocrx_word' id='word_1_677' title='bbox 2161 4495 2470 4566; x_wconf 87' lang='grc' dir='ltr'>φάρμακον.</span> <span class='ocrx_word' id='word_1_678' title='bbox 2523 4493 2635 4548; x_wconf 72' lang='grc' dir='ltr'><strong>Καὶ</strong></span> <span class='ocrx_word' id='word_1_679' title='bbox 2690 4493 2779 4546; x_wconf 79' lang='grc' dir='ltr'><strong>ἵνα</strong></span> <span class='ocrx_word' id='word_1_680' title='bbox 2825 4491 2901 4562; x_wconf 83' lang='grc' dir='ltr'>μὴ</span> <span class='ocrx_word' id='word_1_681' title='bbox 2926 4492 3180 4554; x_wconf 83' lang='grc' dir='ltr'>πολλάκις</span> <span class='ocrx_word' id='word_1_682' title='bbox 3213 4490 3283 4542; x_wconf 85' lang='grc' dir='ltr'><strong>τά</strong></span> <span class='ocrx_word' id='word_1_683' title='bbox 3309 4491 3448 4543; x_wconf 74' lang='grc' dir='ltr'>αὐτὰ</span> <span class='ocrx_word' id='word_1_684' title='bbox 3472 4490 3601 4559; x_wconf 74' lang='grc' dir='ltr'>περὶ</span> <span class='ocrx_word' id='word_1_685' title='bbox 3628 4489 3749 4542; x_wconf 74' lang='grc' dir='ltr'><strong>τῶν</strong></span> 
     </span>
    </p>
   </div>
   <div class='ocr_carea' id='block_1_94' title="bbox 2158 4578 3748 4654">
    <p class='ocr_par' dir='ltr' id='par_1_94' title="bbox 2158 4578 3748 4654">
     <span class='ocr_line' id='line_1_94' title="bbox 2158 4578 3748 4654; baseline -0.002 -18"><span class='ocrx_word' id='word_1_686' title='bbox 2158 4583 2335 4637; x_wconf 75' lang='grc' dir='ltr'>αὐτῶν</span> <span class='ocrx_word' id='word_1_687' title='bbox 2363 4581 2761 4653; x_wconf 83' lang='grc' dir='ltr'>διαλεγώμεθα,</span> <span class='ocrx_word' id='word_1_688' title='bbox 2798 4582 2931 4654; x_wconf 81' lang='grc' dir='ltr'>φέρε</span> <span class='ocrx_word' id='word_1_689' title='bbox 2966 4582 3059 4636; x_wconf 75' lang='grc' dir='ltr'><strong>καὶ</strong></span> <span class='ocrx_word' id='word_1_690' title='bbox 3080 4579 3187 4635; x_wconf 80' lang='grc' dir='ltr'><strong>ἀπὸ</strong></span> <span class='ocrx_word' id='word_1_691' title='bbox 3215 4580 3313 4651; x_wconf 79' lang='grc' dir='ltr'>τῆς</span> <span class='ocrx_word' id='word_1_692' title='bbox 3327 4579 3471 4650; x_wconf 80' lang='grc' dir='ltr'>ᾠδῆς</span> <span class='ocrx_word' id='word_1_693' title='bbox 3498 4578 3592 4631; x_wconf 76' lang='grc' dir='ltr'>τοῦ</span> <span class='ocrx_word' id='word_1_694' title='bbox 3615 4583 3748 4633; x_wconf 79' lang='grc' dir='ltr'>Δευ-</span> 
     </span>
    </p>
   </div>
   <div class='ocr_carea' id='block_1_95' title="bbox 472 4668 2058 4747">
    <p class='ocr_par' dir='ltr' id='par_1_95' title="bbox 472 4668 2048 4743">
     <span class='ocr_line' id='line_1_95' title="bbox 472 4668 2048 4743; baseline 0.004 -20"><span class='ocrx_word' id='word_1_695' title='bbox 472 4668 624 4730; x_wconf 82' lang='lat' dir='ltr'><strong>dam,</strong></span> <span class='ocrx_word' id='word_1_696' title='bbox 653 4669 799 4740; x_wconf 89' lang='lat' dir='ltr'><strong>quod</strong></span> <span class='ocrx_word' id='word_1_697' title='bbox 829 4671 1113 4740; x_wconf 62' lang='lat' dir='ltr'><strong>{egrotanti</strong></span> <span class='ocrx_word' id='word_1_698' title='bbox 1166 4672 1571 4727; x_wconf 88' lang='lat' dir='ltr'><strong>amarissimum</strong></span> <span class='ocrx_word' id='word_1_699' title='bbox 1615 4674 1906 4743; x_wconf 65' lang='lat' dir='ltr'><strong>praebetur.</strong></span> <span class='ocrx_word' id='word_1_700' title='bbox 1944 4673 2048 4730; x_wconf 86' lang='lat' dir='ltr'><strong>Sed</strong></span> 
     </span>
    </p>
   </div>
   <div class='ocr_carea' id='block_1_96' title="bbox 2163 4668 3748 4747">
    <p class='ocr_par' dir='ltr' id='par_1_96' title="bbox 2163 4669 3748 4747">
     <span class='ocr_line' id='line_1_96' title="bbox 2163 4669 3748 4747; baseline 0.004 -20"><span class='ocrx_word' id='word_1_701' title='bbox 2163 4675 2471 4747; x_wconf 82' lang='grc' dir='ltr'>τερονομίου</span> <span class='ocrx_word' id='word_1_702' title='bbox 2518 4672 2914 4743; x_wconf 74' lang='grc' dir='ltr'>βεϐαιώσαντες</span> <span class='ocrx_word' id='word_1_703' title='bbox 2956 4672 3049 4724; x_wconf 80' lang='grc' dir='ltr'>τὸν</span> <span class='ocrx_word' id='word_1_704' title='bbox 3087 4671 3263 4739; x_wconf 83' lang='grc' dir='ltr'>λόγον,</span> <span class='ocrx_word' id='word_1_705' title='bbox 3304 4669 3469 4739; x_wconf 81' lang='grc' dir='ltr'>ἴωμεν</span> <span class='ocrx_word' id='word_1_706' title='bbox 3509 4669 3576 4722; x_wconf 70' lang='grc' dir='ltr'><strong>τὰ</strong></span> <span class='ocrx_word' id='word_1_707' title='bbox 3609 4670 3748 4740; x_wconf 75' lang='grc' dir='ltr'><strong>ἑξῆς</strong></span> 
     </span>
    </p>
   </div>
   <div class='ocr_carea' id='block_1_97' title="bbox 476 4758 2058 4836">
    <p class='ocr_par' dir='ltr' id='par_1_97' title="bbox 476 4758 2040 4835">
     <span class='ocr_line' id='line_1_97' title="bbox 476 4758 2040 4835; baseline 0.006 -24"><span class='ocrx_word' id='word_1_708' title='bbox 476 4773 545 4812; x_wconf 82' lang='lat' dir='ltr'><strong>ne</strong></span> <span class='ocrx_word' id='word_1_709' title='bbox 567 4758 756 4813; x_wconf 85' lang='lat' dir='ltr'><strong>eadem</strong></span> <span class='ocrx_word' id='word_1_710' title='bbox 792 4760 991 4829; x_wconf 70' lang='lat' dir='ltr'><strong>saepius</strong></span> <span class='ocrx_word' id='word_1_711' title='bbox 1020 4758 1089 4835; x_wconf 74' lang='lat' dir='ltr'><strong>de</strong></span> <span class='ocrx_word' id='word_1_712' title='bbox 1110 4761 1300 4815; x_wconf 86' lang='lat' dir='ltr'><strong>eodem</strong></span> <span class='ocrx_word' id='word_1_713' title='bbox 1333 4768 1656 4831; x_wconf 80' lang='lat' dir='ltr'><strong>argumento</strong></span> <span class='ocrx_word' id='word_1_714' title='bbox 1677 4762 2040 4832; x_wconf 88' lang='lat' dir='ltr'><strong>disputemus,</strong></span> 
     </span>
    </p>
   </div>
   <div class='ocr_carea' id='block_1_98' title="bbox 2163 4758 2556 4836">
    <p class='ocr_par' dir='ltr' id='par_1_98' title="bbox 2163 4764 2556 4836">
     <span class='ocr_line' id='line_1_98' title="bbox 2163 4764 2556 4836; baseline 0.003 -18"><span class='ocrx_word' id='word_1_715' title='bbox 2163 4764 2556 4836; x_wconf 68' lang='grc' dir='ltr'>διαληψόμενοι.</span> 
     </span>
    </p>
   </div>
   <div class='ocr_carea' id='block_1_99' title="bbox 474 4851 3749 4928">
    <p class='ocr_par' dir='ltr' id='par_1_99' title="bbox 474 4851 3749 4928">
     <span class='ocr_line' id='line_1_99' title="bbox 474 4851 3749 4928; baseline 0.001 -23"><span class='ocrx_word' id='word_1_716' title='bbox 474 4866 577 4916; x_wconf 77' lang='lat' dir='ltr'><strong>age</strong></span> <span class='ocrx_word' id='word_1_717' title='bbox 607 4867 756 4913; x_wconf 82' lang='lat' dir='ltr'><strong>vero,</strong></span> <span class='ocrx_word' id='word_1_718' title='bbox 788 4853 882 4907; x_wconf 90' lang='lat' dir='ltr'><strong>ubi</strong></span> <span class='ocrx_word' id='word_1_719' title='bbox 914 4869 979 4908; x_wconf 79' lang='lat' dir='ltr'><strong>ex</strong></span> <span class='ocrx_word' id='word_1_720' title='bbox 1010 4851 1668 4917; x_wconf 81' lang='lat' dir='ltr'><strong>Deuteronomiicantico,</strong></span> <span class='ocrx_word' id='word_1_721' title='bbox 1689 4854 1834 4923; x_wconf 90' lang='lat' dir='ltr'><strong>quod</strong></span> <span class='ocrx_word' id='word_1_722' title='bbox 1858 4871 1888 4908; x_wconf 85' lang='lat' dir='ltr'><strong>a</strong></span> <span class='ocrx_word' id='word_1_723' title='bbox 1917 4856 2076 4912; x_wconf 86' lang='lat' dir='ltr'><strong>nobis</strong></span> <span class='ocrx_word' id='word_1_724' title='bbox 2106 4856 2314 4912; x_wconf 88' lang='lat' dir='ltr'><strong>dictum</strong></span> <span class='ocrx_word' id='word_1_725' title='bbox 2341 4866 2424 4911; x_wconf 91' lang='lat' dir='ltr'><strong>est</strong></span> <span class='ocrx_word' id='word_1_726' title='bbox 2451 4857 3014 4928; x_wconf 84' lang='lat' dir='ltr'><strong>comprobaverimus,</strong></span> <span class='ocrx_word' id='word_1_727' title='bbox 3047 4853 3111 4908; x_wconf 87' lang='lat' dir='ltr'><strong>ad</strong></span> <span class='ocrx_word' id='word_1_728' title='bbox 3133 4853 3338 4922; x_wconf 84' lang='lat' dir='ltr'><strong>reliqua</strong></span> <span class='ocrx_word' id='word_1_729' title='bbox 3364 4861 3749 4908; x_wconf 80' lang='lat' dir='ltr'><strong>transeamus.</strong></span> 
     </span>
    </p>
   </div>
   <div class='ocr_carea' id='block_1_100' title="bbox 546 4943 2058 5025">
    <p class='ocr_par' dir='ltr' id='par_1_100' title="bbox 546 4943 2056 5019">
     <span class='ocr_line' id='line_1_100' title="bbox 546 4943 2056 5019; baseline 0.006 -22"><span class='ocrx_word' id='word_1_730' title='bbox 546 4943 709 4999; x_wconf 85' lang='lat' dir='ltr'><strong>XXX.</strong></span> <span class='ocrx_word' id='word_1_731' title='bbox 738 4945 860 5001; x_wconf 60' lang='lat' dir='ltr'><strong>llaec</strong></span> <span class='ocrx_word' id='word_1_732' title='bbox 911 4948 1054 5002; x_wconf 90' lang='lat' dir='ltr'><strong>enim</strong></span> <span class='ocrx_word' id='word_1_733' title='bbox 1107 4948 1272 5003; x_wconf 89' lang='lat' dir='ltr'><strong>verba</strong></span> <span class='ocrx_word' id='word_1_734' title='bbox 1309 4966 1322 5003; x_wconf 90' lang='lat'><strong>:</strong></span> <span class='ocrx_word' id='word_1_735' title='bbox 1359 4947 1471 5019; x_wconf 75' lang='lat' dir='ltr'><strong>Ego</strong></span> <span class='ocrx_word' id='word_1_736' title='bbox 1519 4948 1752 5002; x_wconf 84' lang='lat' dir='ltr'><strong>occidam</strong></span> <span class='ocrx_word' id='word_1_737' title='bbox 1810 4958 1857 5003; x_wconf 83' lang='lat' dir='ltr'><strong>et</strong></span> <span class='ocrx_word' id='word_1_738' title='bbox 1889 4951 2056 5005; x_wconf 77' lang='lat' dir='ltr'><strong>vivere</strong></span> 
     </span>
    </p>
   </div>
   <div class='ocr_carea' id='block_1_101' title="bbox 2163 4943 3748 5025">
    <p class='ocr_par' dir='ltr' id='par_1_101' title="bbox 2223 4944 3748 5025">
     <span class='ocr_line' id='line_1_101' title="bbox 2223 4944 3748 5025; baseline -0.003 -19"><span class='ocrx_word' id='word_1_739' title='bbox 2223 4954 2300 5006; x_wconf 82' lang='lat' dir='ltr'><strong>A&#39;.</strong></span> <span class='ocrx_word' id='word_1_740' title='bbox 2329 4952 2402 5006; x_wconf 79' lang='grc' dir='ltr'><strong>Τὸ</strong></span> <span class='ocrx_word' id='word_1_741' title='bbox 2427 4952 2558 5025; x_wconf 81' lang='grc' dir='ltr'><strong>γάρ,</strong></span> <span class='ocrx_word' id='word_1_742' title='bbox 2593 4951 2740 5022; x_wconf 60' lang='grc' dir='ltr'><strong>Ἐγὼ</strong></span> <span class='ocrx_word' id='word_1_743' title='bbox 2784 4948 3112 5014; x_wconf 80' lang='grc' dir='ltr'>ἀποκτενῶ,</span> <span class='ocrx_word' id='word_1_744' title='bbox 3152 4950 3249 5003; x_wconf 69' lang='grc' dir='ltr'><strong>καὶ</strong></span> <span class='ocrx_word' id='word_1_745' title='bbox 3297 4946 3406 5015; x_wconf 79' lang='grc' dir='ltr'><strong>ζῇν</strong></span> <span class='ocrx_word' id='word_1_746' title='bbox 3454 4944 3707 5011; x_wconf 76' lang='grc' dir='ltr'>ποιήσω</span> <span class='ocrx_word' id='word_1_747' title='bbox 3730 4967 3748 4981; x_wconf 79' lang='grc' dir='ltr'><strong>ο</strong></span> 
     </span>
    </p>
   </div>
   <div class='ocr_carea' id='block_1_102' title="bbox 476 5034 2058 5114">
    <p class='ocr_par' dir='ltr' id='par_1_102' title="bbox 476 5034 2057 5112">
     <span class='ocr_line' id='line_1_102' title="bbox 476 5034 2057 5112; baseline 0.004 -23"><span class='ocrx_word' id='word_1_748' title='bbox 476 5034 707 5105; x_wconf 72' lang='lat' dir='ltr'><strong>faciam;</strong></span> <span class='ocrx_word' id='word_1_749' title='bbox 762 5042 1075 5109; x_wconf 82' lang='lat' dir='ltr'><strong>percutiam.</strong></span> <span class='ocrx_word' id='word_1_750' title='bbox 1131 5050 1183 5094; x_wconf 84' lang='lat' dir='ltr'><strong>et</strong></span> <span class='ocrx_word' id='word_1_751' title='bbox 1227 5057 1321 5110; x_wconf 82' lang='lat' dir='ltr'><strong>ego</strong></span> <span class='ocrx_word' id='word_1_752' title='bbox 1359 5040 1582 5103; x_wconf 75' lang='lat' dir='ltr'><strong>satiabo,</strong></span> <span class='ocrx_word' id='word_1_753' title='bbox 1623 5050 1672 5095; x_wconf 88' lang='lat' dir='ltr'><strong>et</strong></span> <span class='ocrx_word' id='word_1_754' title='bbox 1720 5057 1823 5095; x_wconf 84' lang='lat' dir='ltr'><strong>non</strong></span> <span class='ocrx_word' id='word_1_755' title='bbox 1867 5043 2057 5112; x_wconf 81' lang='lat' dir='ltr'><strong>estqui</strong></span> 
     </span>
    </p>
   </div>
   <div class='ocr_carea' id='block_1_103' title="bbox 2163 5034 3752 5114">
    <p class='ocr_par' dir='ltr' id='par_1_103' title="bbox 2163 5035 3752 5114">
     <span class='ocr_line' id='line_1_103' title="bbox 2163 5035 3752 5114; baseline -0.003 -18"><span class='ocrx_word' id='word_1_756' title='bbox 2163 5041 2417 5107; x_wconf 74' lang='grc' dir='ltr'>πατάξω,</span> <span class='ocrx_word' id='word_1_757' title='bbox 2458 5042 2622 5114; x_wconf 60' lang='grc' dir='ltr'><strong>κάγὼ</strong></span> <span class='ocrx_word' id='word_1_758' title='bbox 2672 5041 2949 5112; x_wconf 68' lang='grc' dir='ltr'>ἰάσομαιο</span> <span class='ocrx_word' id='word_1_759' title='bbox 3013 5040 3113 5093; x_wconf 79' lang='grc' dir='ltr'><strong>καὶ</strong></span> <span class='ocrx_word' id='word_1_760' title='bbox 3150 5041 3259 5093; x_wconf 81' lang='grc' dir='ltr'><strong>οὐκ</strong></span> <span class='ocrx_word' id='word_1_761' title='bbox 3294 5038 3466 5092; x_wconf 74' lang='grc' dir='ltr'>ἔστιν</span> <span class='ocrx_word' id='word_1_762' title='bbox 3497 5035 3567 5102; x_wconf 79' lang='grc' dir='ltr'>ὃς</span> <span class='ocrx_word' id='word_1_763' title='bbox 3642 5039 3752 5104; x_wconf 77' lang='grc' dir='ltr'><strong>ἐε-</strong></span> 
     </span>
    </p>
   </div>
   <div class='ocr_carea' id='block_1_104' title="bbox 471 5124 2058 5204">
    <p class='ocr_par' dir='ltr' id='par_1_104' title="bbox 471 5130 2055 5204">
     <span class='ocr_line' id='line_1_104' title="bbox 471 5130 2055 5204; baseline 0.006 -25"><span class='ocrx_word' id='word_1_764' title='bbox 471 5134 625 5181; x_wconf 72' lang='lat' dir='ltr'><strong>eruat</strong></span> <span class='ocrx_word' id='word_1_765' title='bbox 648 5130 712 5184; x_wconf 83' lang='lat' dir='ltr'><strong>de</strong></span> <span class='ocrx_word' id='word_1_766' title='bbox 737 5133 977 5187; x_wconf 81' lang='lat' dir='ltr'><strong>ntauibus</strong></span> <span class='ocrx_word' id='word_1_767' title='bbox 993 5134 1118 5189; x_wconf 82' lang='lat' dir='ltr'><strong>meis</strong></span> <span class='ocrx_word' id='word_1_768' title='bbox 1136 5139 1178 5201; x_wconf 75' lang='grc'>⁸,</span> <span class='ocrx_word' id='word_1_769' title='bbox 1215 5149 1335 5204; x_wconf 69' lang='lat' dir='ltr'><strong>qua:</strong></span> <span class='ocrx_word' id='word_1_770' title='bbox 1352 5148 1381 5186; x_wconf 91' lang='lat' dir='ltr'><strong>a</strong></span> <span class='ocrx_word' id='word_1_771' title='bbox 1409 5132 1520 5189; x_wconf 85' lang='lat' dir='ltr'><strong>Deo</strong></span> <span class='ocrx_word' id='word_1_772' title='bbox 1536 5132 1905 5204; x_wconf 78' lang='lat' dir='ltr'><strong>proferuntur,</strong></span> <span class='ocrx_word' id='word_1_773' title='bbox 1924 5135 2055 5204; x_wconf 85' lang='lat' dir='ltr'><strong>quid</strong></span> 
     </span>
    </p>
   </div>
   <div class='ocr_carea' id='block_1_105' title="bbox 2163 5124 3750 5204">
    <p class='ocr_par' dir='ltr' id='par_1_105' title="bbox 2163 5124 3750 5203">
     <span class='ocr_line' id='line_1_105' title="bbox 2163 5124 3750 5203; baseline -0.005 -14"><span class='ocrx_word' id='word_1_774' title='bbox 2163 5133 2372 5189; x_wconf 72' lang='grc' dir='ltr'>ελεῖται</span> <span class='ocrx_word' id='word_1_775' title='bbox 2396 5134 2463 5187; x_wconf 81' lang='grc' dir='ltr'><strong>ἐκ</strong></span> <span class='ocrx_word' id='word_1_776' title='bbox 2480 5132 2599 5187; x_wconf 77' lang='grc' dir='ltr'><strong>τῶν</strong></span> <span class='ocrx_word' id='word_1_777' title='bbox 2613 5131 2970 5203; x_wconf 83' lang='grc' dir='ltr'>χειρῶνμου,</span> <span class='ocrx_word' id='word_1_778' title='bbox 2988 5130 3280 5201; x_wconf 83' lang='grc' dir='ltr'>λεγόμενον</span> <span class='ocrx_word' id='word_1_779' title='bbox 3314 5125 3421 5180; x_wconf 80' lang='grc' dir='ltr'><strong>ὑπὸ</strong></span> <span class='ocrx_word' id='word_1_780' title='bbox 3446 5124 3539 5177; x_wconf 76' lang='grc' dir='ltr'>τοῦ</span> <span class='ocrx_word' id='word_1_781' title='bbox 3566 5124 3750 5191; x_wconf 79' lang='grc' dir='ltr'>Θεοῦ,</span> 
     </span>
    </p>
   </div>
   <div class='ocr_carea' id='block_1_106' title="bbox 474 5215 2058 5296">
    <p class='ocr_par' dir='ltr' id='par_1_106' title="bbox 474 5218 2053 5296">
     <span class='ocr_line' id='line_1_106' title="bbox 474 5218 2053 5296; baseline 0.007 -29"><span class='ocrx_word' id='word_1_782' title='bbox 474 5218 623 5271; x_wconf 85' lang='lat' dir='ltr'><strong>aliud</strong></span> <span class='ocrx_word' id='word_1_783' title='bbox 650 5234 749 5275; x_wconf 91' lang='lat' dir='ltr'><strong>nos</strong></span> <span class='ocrx_word' id='word_1_784' title='bbox 778 5221 995 5286; x_wconf 87' lang='lat' dir='ltr'><strong>docent,</strong></span> <span class='ocrx_word' id='word_1_785' title='bbox 1015 5225 1120 5279; x_wconf 82' lang='lat' dir='ltr'><strong>nisi</strong></span> <span class='ocrx_word' id='word_1_786' title='bbox 1144 5226 1214 5280; x_wconf 93' lang='lat' dir='ltr'><strong>ob</strong></span> <span class='ocrx_word' id='word_1_787' title='bbox 1231 5226 1284 5280; x_wconf 91' lang='lat' dir='ltr'><strong>id</strong></span> <span class='ocrx_word' id='word_1_788' title='bbox 1303 5240 1506 5295; x_wconf 89' lang='lat' dir='ltr'><strong>corpus</strong></span> <span class='ocrx_word' id='word_1_789' title='bbox 1533 5224 1768 5280; x_wconf 83' lang='lat' dir='ltr'><strong>interﬁci</strong></span> <span class='ocrx_word' id='word_1_790' title='bbox 1793 5226 2053 5296; x_wconf 87' lang='lat' dir='ltr'><strong>primum.</strong></span> 
     </span>
    </p>
   </div>
   <div class='ocr_carea' id='block_1_107' title="bbox 2163 5215 3746 5296">
    <p class='ocr_par' dir='ltr' id='par_1_107' title="bbox 2163 5215 3746 5293">
     <span class='ocr_line' id='line_1_107' title="bbox 2163 5215 3746 5293; baseline -0.006 -16"><span class='ocrx_word' id='word_1_791' title='bbox 2163 5224 2205 5277; x_wconf 82' lang='grc' dir='ltr'><strong>τί</strong></span> <span class='ocrx_word' id='word_1_792' title='bbox 2229 5225 2355 5279; x_wconf 81' lang='grc' dir='ltr'>ἀλλο</span> <span class='ocrx_word' id='word_1_793' title='bbox 2382 5224 2654 5277; x_wconf 82' lang='grc' dir='ltr'>διδάσκειν</span> <span class='ocrx_word' id='word_1_794' title='bbox 2686 5221 2954 5293; x_wconf 86' lang='grc' dir='ltr'>βούλεται,</span> <span class='ocrx_word' id='word_1_795' title='bbox 2990 5221 3021 5292; x_wconf 71' lang='grc' dir='ltr'>ἢ</span> <span class='ocrx_word' id='word_1_796' title='bbox 3057 5221 3137 5274; x_wconf 82' lang='grc' dir='ltr'>ὅτι</span> <span class='ocrx_word' id='word_1_797' title='bbox 3175 5219 3258 5271; x_wconf 64' lang='grc' dir='ltr'><strong>διὰ</strong></span> <span class='ocrx_word' id='word_1_798' title='bbox 3293 5215 3449 5270; x_wconf 80' lang='grc' dir='ltr'>τοῦτο</span> <span class='ocrx_word' id='word_1_799' title='bbox 3476 5216 3538 5269; x_wconf 76' lang='grc' dir='ltr'>τὸ</span> <span class='ocrx_word' id='word_1_800' title='bbox 3564 5217 3746 5288; x_wconf 72' lang='grc' dir='ltr'>σῶμα</span> 
     </span>
    </p>
   </div>
   <div class='ocr_carea' id='block_1_108' title="bbox 476 5303 2058 5387">
    <p class='ocr_par' dir='ltr' id='par_1_108' title="bbox 476 5313 2050 5387">
     <span class='ocr_line' id='line_1_108' title="bbox 476 5313 2050 5387; baseline 0.006 -28"><span class='ocrx_word' id='word_1_801' title='bbox 476 5314 642 5374; x_wconf 82' lang='lat' dir='ltr'><strong>atque</strong></span> <span class='ocrx_word' id='word_1_802' title='bbox 677 5313 870 5376; x_wconf 88' lang='lat' dir='ltr'><strong>emori,</strong></span> <span class='ocrx_word' id='word_1_803' title='bbox 906 5324 961 5369; x_wconf 86' lang='lat' dir='ltr'><strong>ut</strong></span> <span class='ocrx_word' id='word_1_804' title='bbox 1007 5322 1195 5384; x_wconf 86' lang='lat' dir='ltr'><strong>postea</strong></span> <span class='ocrx_word' id='word_1_805' title='bbox 1234 5324 1485 5387; x_wconf 84' lang='lat' dir='ltr'><strong>resurgat</strong></span> <span class='ocrx_word' id='word_1_806' title='bbox 1521 5324 1685 5386; x_wconf 88' lang='lat' dir='ltr'><strong>atque</strong></span> <span class='ocrx_word' id='word_1_807' title='bbox 1712 5316 2050 5370; x_wconf 80' lang='lat' dir='ltr'><strong>reviviscat?</strong></span> 
     </span>
    </p>
   </div>
   <div class='ocr_carea' id='block_1_109' title="bbox 2163 5303 3749 5387">
    <p class='ocr_par' dir='ltr' id='par_1_109' title="bbox 2163 5303 3749 5387">
     <span class='ocr_line' id='line_1_109' title="bbox 2163 5303 3749 5387; baseline -0.004 -18"><span class='ocrx_word' id='word_1_808' title='bbox 2163 5316 2369 5387; x_wconf 79' lang='grc' dir='ltr'>πρῶτον</span> <span class='ocrx_word' id='word_1_809' title='bbox 2402 5316 2810 5378; x_wconf 85' lang='grc' dir='ltr'>ἀποκτίνννται,</span> <span class='ocrx_word' id='word_1_810' title='bbox 2858 5314 2952 5367; x_wconf 72' lang='grc' dir='ltr'><strong>καὶ</strong></span> <span class='ocrx_word' id='word_1_811' title='bbox 2990 5312 3233 5383; x_wconf 79' lang='grc' dir='ltr'>θνήσκει,</span> <span class='ocrx_word' id='word_1_812' title='bbox 3285 5310 3373 5363; x_wconf 75' lang='grc' dir='ltr'><strong>ἵνα</strong></span> <span class='ocrx_word' id='word_1_813' title='bbox 3403 5303 3560 5371; x_wconf 78' lang='grc' dir='ltr'>αὖθις</span> <span class='ocrx_word' id='word_1_814' title='bbox 3599 5310 3749 5363; x_wconf 83' lang='grc' dir='ltr'>ἀνα-</span> 
     </span>
    </p>
   </div>
   <div class='ocr_carea' id='block_1_110' title="bbox 477 5397 2058 5479">
    <p class='ocr_par' dir='ltr' id='par_1_110' title="bbox 477 5397 2052 5478">
     <span class='ocr_line' id='line_1_110' title="bbox 477 5397 2052 5478; baseline 0.004 -24"><span class='ocrx_word' id='word_1_815' title='bbox 477 5397 792 5458; x_wconf 75' lang='lat' dir='ltr'><strong>Percutitur</strong></span> <span class='ocrx_word' id='word_1_816' title='bbox 856 5405 911 5460; x_wconf 88' lang='lat' dir='ltr'><strong>in</strong></span> <span class='ocrx_word' id='word_1_817' title='bbox 947 5408 1138 5475; x_wconf 86' lang='lat' dir='ltr'><strong>primis</strong></span> <span class='ocrx_word' id='word_1_818' title='bbox 1170 5422 1236 5462; x_wconf 90' lang='lat' dir='ltr'><strong>ac</strong></span> <span class='ocrx_word' id='word_1_819' title='bbox 1283 5409 1678 5478; x_wconf 76' lang='lat' dir='ltr'><strong>roul&#39;ringitur,</strong></span> <span class='ocrx_word' id='word_1_820' title='bbox 1735 5417 1793 5461; x_wconf 89' lang='lat' dir='ltr'><strong>ut</strong></span> <span class='ocrx_word' id='word_1_821' title='bbox 1844 5408 2052 5462; x_wconf 88' lang='lat' dir='ltr'><strong>salvum</strong></span> 
     </span>
    </p>
   </div>
   <div class='ocr_carea' id='block_1_111' title="bbox 2163 5397 3747 5479">
    <p class='ocr_par' dir='ltr' id='par_1_111' title="bbox 2163 5398 3747 5479">
     <span class='ocr_line' id='line_1_111' title="bbox 2163 5398 3747 5479; baseline -0.002 -22"><span class='ocrx_word' id='word_1_822' title='bbox 2163 5405 2321 5476; x_wconf 75' lang='grc' dir='ltr'>σταθῇ</span> <span class='ocrx_word' id='word_1_823' title='bbox 2348 5406 2441 5458; x_wconf 70' lang='grc' dir='ltr'><strong>καὶ</strong></span> <span class='ocrx_word' id='word_1_824' title='bbox 2475 5403 2649 5479; x_wconf 55' lang='grc' dir='ltr'><strong>ζήσω</strong></span> <span class='ocrx_word' id='word_1_825' title='bbox 2688 5405 3029 5457; x_wconf 79' lang='grc' dir='ltr'>Πατάσσεται</span> <span class='ocrx_word' id='word_1_826' title='bbox 3074 5401 3284 5471; x_wconf 74' lang='grc' dir='ltr'>πρῶτον</span> <span class='ocrx_word' id='word_1_827' title='bbox 3314 5402 3409 5454; x_wconf 73' lang='grc' dir='ltr'><strong>καὶ</strong></span> <span class='ocrx_word' id='word_1_828' title='bbox 3442 5398 3643 5471; x_wconf 73' lang='grc' dir='ltr'>θραύει</span> <span class='ocrx_word' id='word_1_829' title='bbox 3656 5417 3747 5469; x_wconf 76' lang='grc' dir='ltr'><strong>αι,</strong></span> 
     </span>
    </p>
   </div>
   <div class='ocr_carea' id='block_1_112' title="bbox 553 5552 2058 5626">
    <p class='ocr_par' dir='ltr' id='par_1_112' title="bbox 553 5552 2051 5625">
     <span class='ocr_line' id='line_1_112' title="bbox 553 5552 2051 5625; baseline 0 -11"><span class='ocrx_word' id='word_1_830' title='bbox 553 5552 573 5590; x_wconf 80' lang='grc'><strong>’¹</strong></span> <span class='ocrx_word' id='word_1_831' title='bbox 602 5557 738 5615; x_wconf 83' lang='lat' dir='ltr'><strong>Dan.</strong></span> <span class='ocrx_word' id='word_1_832' title='bbox 773 5561 946 5623; x_wconf 52' lang='grc' dir='ltr'><strong>κηρὶ.</strong></span> <span class='ocrx_word' id='word_1_833' title='bbox 1024 5562 1039 5590; x_wconf 80' lang='grc'>³</span> <span class='ocrx_word' id='word_1_834' title='bbox 1068 5560 1201 5614; x_wconf 74' lang='lat' dir='ltr'><strong>ibid.</strong></span> <span class='ocrx_word' id='word_1_835' title='bbox 1237 5562 1288 5615; x_wconf 74' lang='lat'><strong>3.</strong></span> <span class='ocrx_word' id='word_1_836' title='bbox 1369 5564 1387 5593; x_wconf 84' lang='grc'>³</span> <span class='ocrx_word' id='word_1_837' title='bbox 1424 5563 1578 5618; x_wconf 79' lang='lat' dir='ltr'><strong>Rom.</strong></span> <span class='ocrx_word' id='word_1_838' title='bbox 1615 5580 1692 5625; x_wconf 70' lang='grc' dir='ltr'><strong>ιτ,</strong></span> <span class='ocrx_word' id='word_1_839' title='bbox 1725 5562 1814 5617; x_wconf 72' lang='lat'><strong>‘20.</strong></span> <span class='ocrx_word' id='word_1_840' title='bbox 1896 5562 1913 5593; x_wconf 76' lang='lat'><strong><em>&quot;</em></strong></span> <span class='ocrx_word' id='word_1_841' title='bbox 1944 5562 2051 5616; x_wconf 80' lang='lat' dir='ltr'><strong>Dea</strong></span> 
     </span>
    </p>
   </div>
   <div class='ocr_carea' id='block_1_113' title="bbox 2163 5552 3010 5626">
    <p class='ocr_par' dir='ltr' id='par_1_113' title="bbox 2163 5558 3010 5626">
     <span class='ocr_line' id='line_1_113' title="bbox 2163 5558 3010 5626; baseline -0.005 -13"><span class='ocrx_word' id='word_1_842' title='bbox 2163 5577 2308 5626; x_wconf 49' lang='grc' dir='ltr'>λιιι,</span> <span class='ocrx_word' id='word_1_843' title='bbox 2348 5562 2434 5616; x_wconf 70' lang='lat'><strong>39.</strong></span> <span class='ocrx_word' id='word_1_844' title='bbox 2516 5563 2534 5592; x_wconf 76' lang='grc'><strong><em>³</em></strong></span> <span class='ocrx_word' id='word_1_845' title='bbox 2559 5559 2619 5615; x_wconf 77' lang='lat' dir='ltr'><strong>F.</strong></span> <span class='ocrx_word' id='word_1_846' title='bbox 2650 5558 3010 5626; x_wconf 61' lang='grc' dir='ltr'>ἐκθρέψαντι.</span> 
     </span>
    </p>
   </div>
  </div>
