3948 6068
303 218 440 271 1117

956 217 1326 274 ADVERSUS
1367 220 1709 277 IIAIRESES
1744 221 1874 279 LIB.
1915 222 1981 282 ll.
2022 216 2187 283 T051.
2227 228 2268 281 ι.
2304 259 2374 270 -
2418 223 2694 286 H/ERES.
2738 218 2920 288 LXIV.

3402 233 3542 301 tite

301 338 390 390 ἴνα
414 331 566 398 αὖθις
622 332 759 387 σῶον
807 334 1020 408 πλασθῇ
1067 338 1161 392 καὶ
1193 339 1362 408 ὑγιές.
1386 341 1495 395 Καὶ
1524 343 1675 397 οὐδὲν
1696 343 1865 409 ἐξελι-

1980 344 2240 418 deinceps
2292 347 2675 420 integrumque
2724 348 3007 404 formetur.
3057 350 3168 406 Nec
3210 362 3294 408 est
3321 358 3546 414 omnino

301 427 424 481 σθαι
443 426 579 489 ὅλως
596 425 657 481 τὸ
681 424 897 480 σύνολον
911 429 1010 498 τῆς
1030 429 1270 502 μεγάλης
1299 431 1392 485 καὶ
1414 434 1681 504 κραταιᾶς
1707 432 1871 488 αὐτοῦ

298 516 482 590 χειρὸς
516 514 652 589 πρὸς
694 514 970 572 ἀπώλειαν
1019 520 1115 573 καὶ
1163 519 1381 595 ὄλεθρον
1410 523 1607 589 σθένει,
1641 527 1703 578 οὐ
1738 526 1869 596 πῦρ,

274 608 358 660 ὀὐ
382 607 628 671 θάνατος,
657 605 717 658 οὐ
749 606 957 671 σκότος,
1010 608 1071 661 οὐ
1101 609 1250 678 χάος,
1296 611 1355 664 οὐ
1393 612 1588 684 φθορά.
1642 616 1737 681 Τίς
1764 615 1872 686 γὰρ

296 698 474 769 ἡμᾶς,
527 697 681 769 φησὶ,
730 698 971 766 χωρίσει
1030 698 1144 753 ἀπὸ
1196 698 1306 768 τῆς
1331 699 1571 772 ἀγάπης
1609 705 1717 758 τοῦ
1741 707 1875 773 Χρι-

296 789 449 844 στοῦ
475 806 495 852 ;
524 789 582 853 ὃς
610 789 970 860 ἑρμηνεύεται
1020 790 1140 861 χεὶρ
1172 790 1266 844 τοῦ
1301 791 1512 863 Πατρός
1550 792 1645 846 καὶ
1679 793 1870 862 Λόγος.

298 882 534 950 Θλίψις,
591 880 630 949 ἢ
679 881 1063 949 στενοχωρία,
1105 879 1144 950 ἣ
1182 880 1453 952 ὃιωπμὸς,
1514 883 1783 952 ἢλιμὸς,
1825 884 1864 953 ἢ

295 974 613 1042 γυμνότης,
661 972 700 1041 ἢ
746 972 1053 1040 κίνδυνος,
1114 973 1152 1043 ἢ
1194 973 1495 1044 μάχαιρα;
1530 976 1732 1043 Καθὼς
1780 978 1873 1049 τέ-

295 1081 568 1135 τραπται,
598 1063 689 1118 ὅτι
735 1064 943 1118 ἕνεκεν
982 1064 1100 1119 σοῦ
1140 1066 1548 1136 θανατούμεθα
1567 1067 1720 1135 ὅλην
1760 1069 1875 1137 τὴν

294 1155 544 1225 ἡμέραν,
573 1153 971 1223 ἐλογίσθημεν
993 1144 1073 1220 ὡς
1094 1155 1356 1222 πρόϐατα
1383 1155 1648 1225 σφαγῆς.
1709 1157 1871 1212 Ἀλλ’

293 1248 364 1300 ἐν
380 1246 610 1311 τούτοις
642 1243 831 1299 πᾶσιν
844 1243 1253 1314 ὑπερνικῶμεν
1276 1244 1374 1299 διὰ
1397 1244 1501 1300 τοῦ
1523 1246 1871 1316 ἀγαπήσαιμ-

1974 435 2293 506 quidquam,
2349 437 2493 507 quod
2555 439 2622 492 ah
2660 438 2865 508 ingenti
2925 441 3074 496 illius
3107 441 3341 513 fortique
3383 461 3543 501 manu

1973 542 2075 583 nos
2107 527 2173 582 ad
2197 528 2476 583 interitum
2507 544 2569 585 ac
2593 532 2899 601 .perniciem
2924 534 3099 602 possit
3125 536 3362 591 eximere
3388 554 3401 590 :
3435 556 3546 595 non

1974 618 2136 688 ignis,
2166 634 2277 673 non
2300 634 2468 685 mors,
2506 636 2616 675 non
2644 623 2898 684 tenebrae,
2928 639 3037 677 non
3064 625 3250 693 chaos,
3288 643 3393 682 non
3423 644 3547 684 cor-

1973 709 2174 779 ruptio.
2214 709 2345 775 Quis
2393 711 2531 764 enim
2554 727 2648 766 nos
2681 712 2967 782 separabit,
2998 714 3197 785 inquit,
3227 735 3259 771 a
3285 719 3545 775 charitate

1973 797 2212 854 Christi?
2232 800 2390 870 553
2420 817 2578 868 quem
2607 800 2785 859 Patris
2806 819 3024 860 manum
3044 822 3107 861 ac
3122 804 3354 863 Verbum
3378 811 3546 865 inter-

1974 899 2271 960 pretamur.
2307 891 2639 947 Tributatio?
2661 904 2752 947 aut
2790 898 3081 962 angustia?
3105 907 3196 951 aut
3215 903 3500 967 persecutio
3518 903 3545 958 2

1974 986 2066 1030 aut
2082 977 2294 1046 fames?
2323 988 2413 1032 aut
2442 980 2655 1034 auditas
2675 983 2701 1036 ἲ
2726 992 2818 1034 aut
2838 985 3168 1050 periculum?
3199 999 3289 1040 aut
3307 990 3547 1058 gladius!

1971 1069 2409 1138 quemadmodum
2460 1072 2715 1138 scriptum
2771 1085 2847 1128 est
2877 1075 3185 1141 :Quom‘am
3230 1090 3441 1149 propter
3493 1091 3545 1138 te

1973 1162 2361 1226 mortiﬁcamur
2418 1163 2682 1232 quotidie;
2731 1165 2986 1219 wstimati
3026 1184 3232 1233 sumus,
3259 1173 3394 1224 sicut
3426 1188 3541 1226 oves

1972 1250 2267 1305 occisionis.
2292 1251 2397 1306 Sed
2419 1253 2472 1305 in
2495 1253 2576 1306 his
2605 1254 2844 1308 omnibus
2862 1270 3171 1323 superamus
3203 1274 3292 1324 per
3305 1275 3422 1312 eum
3454 1261 3545 1330 qui

295 1354 398 1403 τος
436 1335 593 1405 ἡμᾶς
616 1352 630 1366 ·
661 1335 1023 1406 ἀληθέστατα,
1053 1335 1139 1389 ἵνα
1182 1334 1464 1407 πληρωθῇ,
1500 1335 1683 1400 καθὼς
1713 1336 1865 1406 ἔφην,

1971 1355 2064 1393 nos
2094 1340 2277 1395 dilexit
2307 1343 2353 1397 ⁸.
2375 1340 2677 1399 Verissime
2700 1345 2945 1408 omnino,
2983 1353 3043 1399 ut
3070 1347 3200 1401 illud
3233 1350 3540 1418 impleatur.

293 1428 377 1494 τὸ,
413 1426 561 1498 Ἐγὼ
615 1424 945 1490 ἀποκτενῶ,
1001 1424 1099 1479 καί
1154 1422 1262 1493 ζῇν
1299 1424 1534 1499 ποιήσῳ
1563 1440 1576 1455 ·
1606 1425 1868 1492 πατάξω,

295 1516 457 1587 κάγὼ
488 1514 749 1586 ἰάσομαι.
799 1514 909 1569 Kal
962 1517 1073 1568 οὐκ
1101 1515 1272 1568 ἐστιν
1311 1514 1379 1580 ὃς
1397 1514 1688 1579 ἐξελεῗται
1712 1513 1871 1584 ἡμᾶς

294 1611 364 1665 ἐκ
390 1608 501 1677 τῆς
542 1606 778 1677 ἀγάπης
795 1606 901 1660 τοῦ
957 1606 1106 1661 Θεοῦ
1145 1606 1256 1675 τῆς
1294 1607 1364 1661 ἐν
1399 1607 1632 1675 Χριστῷ
1676 1606 1869 1674 Ἰησοῦ

295 1700 433 1771 πρὸς
452 1675 767 1752 ambitum.
821 1697 912 1749 Διὸ
943 1698 1035 1750 καὶ
1073 1697 1471 1767 ἐλογίσθημεν
1500 1698 1581 1763 ὡς
1608 1699 1869 1766 πρόϐατα
1902 1675 1944 1729 Β

292 1791 565 1861 σφαγῆς·
605 1791 704 1843 ἵνα
753 1789 1159 1853 ἀποθανόντες
1202 1786 1279 1855 τῇ
1314 1788 1566 1857 ἁμαρτίᾳ
1601 1786 1869 1857 ζήσωμεν

290 1883 373 1949 τῷ
397 1881 538 1948 Θεῷ.
572 1882 682 1935 Καὶ
710 1879 882 1934 ταῦτα
910 1879 1008 1951 μὲν
1040 1879 1202 1951 μέχρι
1234 1877 1489 1931 τοσούτου
1525 1878 1825 1947 διεσκέφθω
1848 1893 1864 1911 ·

292 1975 363 2029 τὰ
392 1976 449 2030 δὲ
472 1974 668 2045 συνεχῆ
690 1973 899 2035 τούτοις
926 1964 1028 2025 ὧδε
1059 1970 1222 2025 πάλιν
1244 1970 1672 2041 προχειριστέον.

359 2064 485 2120 AA'.
518 2065 581 2118 Et
627 2066 734 2117 πᾶν
765 2063 825 2117 τὸ
868 2061 1203 2132 γεννώμενον
1246 2063 1411 2114 νοσεῖ·
1448 2062 1719 2132 προτείνει
1754 2060 1865 2131 γὰρ

287 2153 461 2220 οὕτως
483 2155 513 2209 ό
539 2154 598 2220 ἐξ
618 2154 862 2216 ἐναντίας
877 2152 1029 2206 "Kal.
1062 2151 1200 2205 κατὰ
1223 2152 1322 2223 τὴν
1350 2150 1582 2219 γένεσιν,
1603 2151 1697 2204 καὶ
1726 2150 1868 2204 κατὰ

288 2249 388 2319 τὴν
418 2247 623 2319 τροφὴν
668 2245 776 2300 ἀπὸ
818 2244 926 2298 τῶν
974 2245 1338 2317 προσιόντων,
1387 2242 1572 2314 φησιν,
1619 2241 1862 2310 αὔξεται,

289 2340 387 2394 καὶ
412 2339 523 2392 ἀπὸ
547 2338 656 2393 τῶν
691 2336 959 2391 ἀπιόντων
992 2335 1329 2389 ἐλαττοῦται·
1358 2332 1428 2386 τὰ
1463 2332 1519 2386 δί
1552 2331 1626 2404 μὴ
1663 2331 1865 2402 γεννώο

292 2445 435 2502 μενα
467 2426 719 2496 ὑγιαίνει,
751 2426 885 2497 μηδὲ
917 2427 1083 2488 νοσεῖ,
1123 2423 1259 2495 μηδὲ
1304 2422 1639 2494 προσδεῖται,
1675 2423 1708 2494 ἢ
1746 2423 1866 2474 ὲπι-

290 2520 474 2591 θυμεῐ·
507 2518 764 2587 ἐπιθυμεῖ
793 2517 852 2571 δὲ
879 2516 947 2571 τὰ
972 2515 1289 2586 γεννώμενα
1315 2514 1410 2569 ιιια)⁸
1438 2515 1745 2579 συνουσίας.
1768 2514 1864 2567 καὶ

287 2610 520 2681 τροφῆς.
546 2609 619 2662 Τὸ
655 2608 713 2661 δὲ
740 2607 1027 2679 ἐπιθυμεῖν
1059 2609 1231 2661 νοσεῖν
1263 2608 1414 2670 ἐστι,
1449 2606 1510 2660 τὸ
1557 2605 1616 2659 δὲ
1652 2607 1727 2676 μὴ
1758 2606 1865 2662 δεῖ·

289 2702 437 2768 σθαι,
470 2700 602 2773 μηδὲ
643 2699 952 2770 ἐπιθυμεῖν,
983 2699 1269 2768 ὑγιαίνειν·
1301 2700 1449 2752 νοσεῖ
1477 2698 1535 2752 δὲ
1564 2697 1634 2753 τὰ
1663 2696 1864 2767 γεννώ-

289 2801 448 2861 μενα,
480 2791 562 2844 ὅτι
605 2788 894 2859 ἐπιθυμεῖ,
922 2787 992 2841 τὰ
1017 2787 1073 2840 δὲ
1124 2787 1198 2858 μὴ
1235 2786 1550 2858 γεννώμενα
1589 2787 1652 2840 ού
1695 2789 1860 2841 νοσεῖ.

285 2882 492 2952 Πάσχει
527 2880 584 2933 δὲ
628 2880 697 2933 τὰ
740 2879 999 2933 νοσοῦντα
1045 2876 1080 2946 ἢ
1124 2878 1266 2932 κατὰ
1332 2877 1536 2949 πλῆθος
1580 2879 1615 2950 ἢ
1655 2878 1862 2932 ἔνδειαν

281 2971 395 3023 τῶν
425 2968 864 3042 προσγινομένων
898 2968 993 3021 καὶ
1024 2966 1453 3038 ἀπογινομένων·
1481 2954 1544 3019 τδ
1568 2966 1626 3020 δὲ
1654 2966 1860 3037 πάσχον

283 3060 383 3116 καὶ
413 3060 586 3129 φθίνει
616 3060 709 3113 καὶ
734 3058 1051 3111 ἀπόλλυται·
1079 3057 1271 3129 διόπερ
1299 3056 1394 3110 καὶ
1429 3058 1704 3125 γεννᾶται.
1735 3056 1864 3109 Γεν-

283 3153 443 3207 vitat
471 3150 527 3204 δὲ
552 3153 581 3203 ὁ
620 3149 903 3221 ἄνθρωπος
923 3166 937 3181 ·
972 3149 1031 3202 οὐ
1073 3147 1291 3201 δύναται
1324 3147 1430 3218 ἄρα
1478 3147 1692 3216 ἀπαθὴς
1724 3143 1862 3201 εῖναι

281 3230 313 3297 δ
345 3241 628 3312 ἄνθρωπος
672 3241 766 3294 καὶ
796 3240 1080 3303 ἀθάνατος.
1135 3239 1480 3293 Καταπιπτει
1521 3240 1620 3310 μὲν
1647 3235 1740 3293 οὖν
1768 3241 1863 3293 καὶ

286 3334 386 3387 ἐπὶ
412 3332 620 3396 τούτοις
660 3332 842 3395 αὐτοῖς
876 3335 905 3385 ὁ
933 3331 1109 3400 λόγος.
1148 3333 1209 3385 Et
1241 3331 1351 3403 γὰρ
1377 3332 1483 3384 πᾶν
1519 3331 1581 3384 τὸ
1607 3331 1863 3402 γιγνόμε-

283 3441 400 3488 νον,
440 3422 474 3494 ἢ
519 3422 859 3492 γεννώμενον
905 3422 1200 3475 ἀπόλλυται
1242 3413 1505 3492 (διαφέρει
1558 3422 1663 3492 γὰρ
1715 3422 1863 3476 οὐδὲν

280 3513 461 3578 οὕτως
495 3514 688 3567 εἰπεῖν·
718 3512 904 3582 ἐπειδὴ
932 3513 1025 3566 καὶ¹
1050 3514 1100 3564 οἱ
1133 3512 1548 3585 πρωτόπλαστοι
1578 3513 1677 3566 οὐκ
1707 3514 1862 3582 ἀγεν-

281 3605 549 3676 νήθησαν.
582 3603 694 3657 ἀλλ’
730 3604 1113 3676 ὲγενήθησαν)·
1143 3604 1360 3674 γενητοὶ
1397 3603 1454 3657 δὲ
1494 3604 1589 3658 καὶ
1618 3606 1667 3657 οἱ
1696 3605 1862 3673 am-

279 3698 389 3763 λοι,
421 3698 512 3750 καὶ
541 3697 597 3750 αἰ
629 3695 798 3765 ψυχαὶ
850 3696 935 3765 (Ὀ
968 3693 1154 3747 ποιῶν
1182 3694 1323 3758 τοὺς
1355 3694 1645 3763 ἀγγέλους
1676 3694 1863 3749 αὐτοῦ

278 3786 638 3857 πνεύματα)·
671 3784 996 3839 ἀπόλλυνται
1026 3783 1134 3854 ἄρα
1164 3784 1213 3836 οἱ
1244 3783 1462 3851 ἄγγελοι
1491 3782 1609 3836 κατ’
1641 3774 1861 3848 αὖτοὺς,

278 3879 382 3933 καὶ
410 3879 466 3931 αί
508 3876 693 3947 ψυχαί.
736 3874 895 3928 Ἀλλὰ
937 3872 1059 3927 οὔτε
1092 3875 1140 3926 οἱ
1170 3873 1419 3941 ἄγγελοι,
1446 3871 1570 3926 οὕτε
1605 3874 1663 3926 αί
1694 3872 1864 3942 ψυχαὶ

279 3968 636 4025 ἀπόλλυνται·
663 3967 906 4021 ἀθάνατα
929 3964 1038 4036 γὰρ
1058 3963 1230 4017 ταῦτα
1246 3964 1341 4017 καὶ⁸
1356 3963 1661 4034 ἁδάμαστα,
1680 3962 1864 4027 καθὼς

276 4063 311 4116 ὁ
337 4061 568 4131 ποιήσας
612 4055 753 4113 εἶναι
804 4057 1145 4128 βεϐούληται.
1204 4055 1494 4118 Ἀθάνατος
1544 4055 1653 4126 ἄρα
1694 4056 1787 4108 καὶ
1838 4054 1864 4108 ὁ

278 4150 591 4223 ἄνθρωπος.
624 4151 739 4204 Οὐκ
765 4148 995 4220 ἀρεστὸν
1020 4149 1078 4201 δὲ
1113 4149 1321 4212 ἐκεῖνο,
1355 4146 1418 4200 τὸ
1448 4147 1624 4213 λέγειν
1656 4148 1735 4211 είς
1762 4146 1863 4219 ἄρ-

276 4231 385 4314 δην
422 4240 737 4295 ἀπολεῖσθαι
764 4240 823 4292 τὸ
858 4239 986 4304 πᾶν,
1044 4238 1140 4291 καὶ
1171 4238 1272 4308 γῆν
1312 4236 1407 4290 καὶ
1465 4236 1602 4308 ἀέρα
1640 4238 1734 4291 καὶ
1775 4239 1866 4290 ού-

1971 1432 2427 1501 quemadmodum
2452 1434 2730 1490 diximus:
2764 1433 2874 1505 Ego
2899 1436 3160 1502 occidam,
3188 1449 3237 1492 et
3258 1457 3349 1510 ego
3380 1442 3545 1496 vivere

1970 1522 2200 1591 faciam;
2220 1526 2534 1590 percutiam.
2560 1538 2609 1579 et
2642 1542 2735 1597 ego
2748 1530 2971 1592 sanabo,
2994 1540 3042 1584 et
3064 1548 3165 1583 non
3191 1542 3270 1585 est
3292 1536 3543 1601 quierunt

1973 1628 2065 1666 nos
2096 1629 2161 1667 ea:
2198 1613 2456 1669 charitate
2512 1615 2630 1681 Dei,
2699 1634 2816 1685 qua:
2846 1629 2924 1673 est
2968 1621 3021 1673 in
3052 1619 3262 1677 Christo
3287 1621 3435 1684 Jesu.
3471 1625 3540 1678 ad

1970 1703 2213 1758 exitium.
2245 1704 2517 1759 videlicet.
2580 1705 2847 1771 Quocirca
2902 1711 3155 1764 a’stimati
3192 1729 3373 1766 sumus
3403 1715 3541 1767 sicut

1968 1809 2083 1847 oves
2113 1794 2408 1860 occisionis,
2431 1804 2489 1847 ut
2515 1800 2709 1851 mortui
2733 1809 2942 1866 peccato
2968 1802 3197 1857 vivamus
3224 1803 3327 1857 Deo
3360 1805 3407 1858 ³.
3433 1805 3539 1858 Sed

1968 1882 2035 1936 de
2094 1883 2180 1937 his
2220 1884 2503 1939 hactenus.
2544 1885 2699 1942 Nunc
2752 1904 2873 1957 quae
2906 1890 2994 1945 his
3032 1901 3401 1950 consentanea
3432 1895 3541 1950 sint

1969 1974 2115 2029 hunc
2142 1976 2198 2030 in
2224 1976 2443 2030 modum
2472 1980 2839 2046 expromenda
2871 1988 3020 2035 sunt.

2037 2064 2226 2119 XXXI.
2258 2067 2316 2120 Si
2354 2068 2405 2121 id
2442 2084 2626 2131 omne,
2666 2070 2812 2139 quod
2840 2072 3081 2141 genitum
3111 2080 3214 2144 est,
3256 2091 3399 2146 mgre
3422 2091 3543 2132 sese

1966 2154 2147 2209 habet.
2183 2155 2258 2209 Ita
2289 2155 2436 2209 enim
2463 2159 2813 2215 adversarius
2845 2160 3040 2228 ohjicit
3073 2179 3086 2216 :
3114 2162 3194 2217 Ac
3221 2172 3330 2216 tam
3362 2164 3415 2217 in
3447 2179 3542 2234 geé

1966 2245 2251 2300 neratione
2279 2246 2419 2315 ipsa,
2453 2263 2616 2317 quam
2651 2251 2951 2317 nutricatu,
2979 2261 3030 2305 et
3056 2253 3127 2306 ah
3155 2255 3542 2312 accedentibus

1965 2345 2214 2406 augetur,
2246 2344 2300 2392 et
2334 2339 2403 2392 ab
2435 2337 2827 2395 decedentibus
2866 2341 3167 2410 minuitur;
3204 2360 3325 2414 quae
3357 2353 3539 2400 autem

1966 2428 2191 2483 minime
2246 2428 2560 2498 gignuntur,
2607 2431 2967 2488 saluberrima
3019 2444 3169 2498 sunt,
3225 2449 3325 2490 nec
3366 2450 3538 2505 agro;

1964 2526 2080 2572 tant
2114 2534 2381 2588 unquam,
2437 2535 2614 2589 neque
2662 2522 2828 2577 ullius
2878 2524 2957 2578 rei
3003 2524 3269 2593 indigent,
3319 2532 3413 2580 aut
3446 2540 3539 2595 ap-

1963 2617 2187 2680 petunt;
2232 2624 2354 2679 quae
2389 2617 2567 2664 autem
2598 2613 2779 2679 genita
2820 2621 2970 2676 sunt,
3013 2622 3067 2668 et
3101 2615 3329 2679 coitum,
3359 2623 3413 2670 et
3445 2616 3537 2669 alia

1964 2706 2206 2754 mentum
2232 2706 2498 2768 appetunt
2533 2716 2548 2753 :
2589 2708 2674 2757 est
2704 2710 2884 2757 autem
2916 2712 3172 2773 appetere
3206 2704 3348 2759 idem
3380 2713 3539 2774 atque

1961 2790 2620 2861 aegrotare;econtrario
2670 2806 2801 2844 vero
2855 2793 3057 2847 nullius
3117 2793 3382 2863 indigere,
3441 2808 3538 2847 nec

1963 2887 2240 2951 appetere,
2279 2880 2418 2934 idem
2459 2887 2545 2934 est
2572 2895 2638 2935 ac
2670 2896 2864 2935 sanum
2903 2898 3056 2947 esse;
3090 2892 3351 2953 a~grotant
3380 2898 3544 2952 porro

1887 2997 1930 3055 ο
1964 2986 2299 3042 quiscunque
2324 2978 2451 3024 nata
2479 2976 2628 3035 sunt,
2659 2973 2787 3040 quia
2818 2975 3246 3043 concupiscunt;
3275 2990 3395 3044 quae
3416 2988 3543 3029 vero

1965 3062 2190 3118 minime
2236 3069 2366 3117 nata
2406 3070 2557 3128 sunt,
2593 3077 2703 3118 non
2747 3072 3036 3133 aegrotant.
3078 3062 3197 3119 Jam
3232 3081 3362 3121 vero
3392 3081 3545 3136 quaa-

1964 3161 2179 3222 ‘cunque
2198 3160 2340 3222 aégra
2379 3159 2530 3215 sunt,
2571 3168 2761 3207 eorum
2792 3169 2914 3223 qua:
2950 3154 3219 3210 accedunt
3247 3155 3545 3211 decedunto‘

1963 3256 2049 3303 ve,
2080 3241 2237 3311 copia
2267 3240 2351 3296 vel
2387 3241 2573 3310 inopia
2614 3242 2898 3306 laborant;
2932 3244 3076 3312 quod
3111 3252 3290 3298 autem
3317 3246 3544 3315 patitur,

1965 3333 2244 3402 corrumpi
2280 3339 2443 3402 atque
2475 3318 2701 3387 inteiire
2727 3348 2954 3389 necesse
2981 3342 3091 3398 est,
3116 3336 3277 3404 cujus
3310 3338 3386 3392 rei
3418 3352 3545 3408 graJ

1965 3426 2040 3481 tia
2067 3427 2328 3496 gignitur.
2359 3425 2523 3495 Atqui
2559 3424 2722 3478 homo
2744 3426 3003 3497 gignitur.
3026 3426 3145 3482 Non
3173 3436 3351 3498 potest
3381 3430 3548 3500 igitur

1966 3518 2129 3572 homo
2159 3516 2435 3585 passionis
2463 3531 2658 3586 expers
2702 3526 2758 3570 et
2806 3517 3130 3573 immortalis
3166 3533 3307 3574 esse.
3340 3519 3541 3575 Verum

1966 3608 2050 3662 vel
2075 3609 2139 3660 iis
2156 3607 2292 3676 ipsis
2313 3607 2530 3661 illorum
2550 3608 2814 3663 evertitur
2829 3609 3027 3663 oratio.
3057 3608 3192 3663 Nam
3215 3610 3261 3665 si
3282 3610 3543 3681 quidquid

1966 3697 2290 3766 productum
2344 3704 2439 3749 aut
2489 3698 2734 3766 genitum
2782 3706 2897 3763 est,
2954 3699 3141 3754 interit
3175 3700 3333 3770 (nihil
3366 3710 3544 3756 autem

1966 3784 2156 3845 refert,
2193 3784 2240 3839 si
2273 3784 2345 3835 ita
2379 3782 2703 3844 dixerimus,
2747 3784 3006 3851 quoniam
3051 3785 3209 3853 primi
3242 3786 3415 3841 nostri
3444 3800 3546 3855 pa-

1966 3883 2152 3931 rentes
2176 3889 2282 3928 non
2305 3874 2473 3945 geniti
2502 3881 2652 3934 sunt.
2672 3872 2767 3929 sed
2790 3874 3085 3944 producti):
3115 3890 3239 3928 cum
3266 3882 3321 3928 et
3345 3878 3542 3943 οηενιί,

1967 3973 2022 4021 et
2060 3966 2256 4020 animm
2298 3966 2581 4035 productae
2618 3966 2729 4021 sint
2763 3966 3051 4036 (scriptum
3082 3973 3166 4021 est
3203 3967 3346 4020 enim
3390 3987 3403 4023 :
3439 3969 3545 4033 Qui

1969 4056 2098 4124 facit
2136 4055 2350 4125 angelos
2394 4070 2516 4110 suos
2558 4056 2778 4123 spiritus
2802 4054 2882 4124 ⁸),
2913 4070 2980 4109 ex
3022 4054 3236 4109 illorum
3287 4056 3545 4125 opinione

1967 4161 2309 4217 consequens
2338 4155 2442 4210 est,
2479 4154 2589 4200 tam
2617 4147 2861 4217 angelos,
2895 4162 3058 4217 quam
3095 4147 3308 4201 animas
3347 4147 3541 4216 perire;

1968 4239 2037 4292 At
2075 4253 2251 4307 neque
2290 4237 2488 4307 angeli,
2516 4251 2694 4306 neque
2719 4238 2913 4291 anima:
2943 4237 3222 4301 occidunt,
3248 4244 3376 4291 sunt
3397 4235 3545 4291 enim

284 4333 453 4406 ρανδν
491 4333 566 4405 μὴ
612 4331 852 4386 ἔσεσθαι.
898 4329 1377 4401 Ἐκπυρωθήσετάι
1425 4328 1524 4400 μὲν
1570 4328 1679 4401 γὰρ
1725 4327 1864 4400 πρὸς

1969 4329 2339 4394 immortales;
2364 4343 2463 4383 nec
2483 4343 2514 4382 a
2534 4343 2809 4398 quoquam
2831 4328 3074 4383 edomari
3098 4336 3344 4399 possunt,
3364 4343 3544 4399 quew

276 4423 551 4496 κάθαρσιν
576 4423 671 4477 καὶ
701 4420 1089 4492 ἁνακαινισμδν
1128 4419 1392 4484 καταϐὰς,
1428 4414 1474 4488 ᾧ
1506 4421 1615 4485 πᾶς
1654 4420 1671 4452 ⁸
1703 4421 1734 4474 ό
1765 4420 1863 4474 κό-

279 4531 426 4586 σμος
474 4511 941 4583 κατακλυζόμενος
989 4511 1154 4583 πυρὶ,
1194 4510 1256 4563 οὐ
1310 4510 1417 4583 μὴν
1462 4511 1544 4575 είς
1589 4510 1866 4567 ἀπώλειαν

280 4602 566 4658 ἐλεύσεται
596 4601 831 4672 παντελῆ
882 4600 977 4654 καὶ⁵
1017 4599 1244 4672 φθοράνι
1281 4600 1346 4654 El
1383 4600 1492 4671 γὰρ
1525 4603 1774 4673 κρεῖττον
1804 4594 1868 4655 τὸ

283 4694 371 4768 μὴ
417 4690 554 4748 εἶναι
602 4693 696 4747 τοῦ
747 4688 887 4753 εἶναι
940 4686 1032 4745 τὸν
1082 4690 1316 4761 κόσμον,
1365 4684 1456 4745 διὰ
1484 4690 1537 4744 τι
1583 4690 1644 4743 τὸ
1689 4692 1867 4762 χεῖρον

278 4787 473 4857 ᾑρεῖτο
506 4784 735 4855 ποιήσας
766 4781 855 4836 τὸν
884 4780 1086 4851 κόσμον
1121 4780 1152 4832 ό
1188 4779 1353 4844 Θεόςς
1382 4780 1638 4844 Ματαίως
1661 4780 1869 4851 ἐχειρο-

279 4874 456 4930 ποίει.
492 4873 702 4927 Οὐκοῦν
731 4874 811 4936 είς
849 4864 914 4924 τὸ
963 4867 1099 4924 εἶναι
1148 4871 1244 4924 καὶ
1288 4870 1473 4941 μένειν
1499 4872 1597 4941 τὴν
1633 4870 1810 4924 κτίσ.ν
1838 4873 1868 4925 ό

278 4965 424 5029 Θεὸς
454 4965 870 5036 διεκοσμήσατο,
900 4961 1153 5033 καθάπερ
1181 4956 1285 5015 καὶῒ
1309 4963 1341 5030 ἡ
1376 4962 1545 5030 ,τὴφία
1570 4961 1637 5015 δι’
1666 4961 1703 5016 ἃ
1729 4976 1858 5015 συν-

283 5056 521 5126 ίστησιν,
560 5057 794 5109 "Bactros
822 5054 931 5124 γὰρ
961 5055 1050 5119 είς
1095 5054 1162 5107 τὸ
1199 5050 1372 5117 εἶναι,
1406 5052 1662 5122 λέγουσα,
1719 5056 1863 5108 πάν-

281 5164 365 5203 τα
385 5150 418 5201 ό
447 5148 609 5212 Θεός·
639 5146 737 5199 καὶ
774 5144 1055 5213 σωτήριοι
1082 5148 1143 5198 ai
1178 5145 1447 5214 γενέσεις
1474 5145 1580 5199 τοῦ
1610 5147 1864 5217 κόσμου,

283 5238 391 5295 καὶ
418 5239 527 5292 οὐκ
553 5237 726 5291 ἔστιν
755 5237 824 5289 ἐν
847 5236 1056 5303 αὐταῖς
1083 5237 1396 5305 φάρμακον
1420 5235 1689 5304 ὀλέθρου.

1969 4421 2259 4476 admodum
2298 4419 2514 4474 illorum
2542 4418 2823 4474 Conditori
2857 4420 3079 4488 placuit.
3125 4417 3291 4489 Igitur
3323 4418 3546 4471 immor-

1969 4510 2098 4565 talis
2119 4517 2205 4566 est
2236 4509 2422 4563 homo.
2455 4506 2561 4564 Sed
2599 4524 2701 4564 nec
2729 4508 2862 4563 illud
2898 4524 3228 4581 magnopere
3261 4509 3463 4579 probo;
3496 4507 3546 4564 sl

1969 4608 2027 4658 et
2059 4600 2304 4657 funditus
2327 4600 2431 4656 hoc
2459 4601 2774 4656 universum
2805 4602 3106 4670 periturum
3131 4616 3253 4656 esse
3271 4601 3543 4662 dicamus,

1967 4700 2022 4748 et
2056 4700 2280 4757 terram,
2308 4696 2474 4763 atque
2496 4706 2703 4755 aerem,
2732 4698 2789 4745 et
2816 4691 3016 4745 emtum
3043 4689 3370 4760 quandoque
3393 4689 3545 4744 desi-

1969 4792 2172 4839 turum.
2215 4781 2498 4853 Siquidcm
2545 4787 2695 4836 totus
2726 4779 2815 4834 hic
2842 4778 3103 4842 mundus,
3127 4786 3189 4833 ut
3216 4777 3432 4848 purgari
3463 4776 3546 4831 ina

1968 4875 2312 4944 staurarique
2350 4872 2545 4943 possit,
2576 4870 2984 4926 exundantibus
3023 4869 3259 4924 ﬂammis
3293 4867 3546 4924 inccndio

1968 4964 2344 5036 conﬂagrabit,
2381 4955 2545 5032 55‘
2570 4976 2679 5016 non
2712 4968 2892 5015 tamen
2929 4960 3174 5015 interibit
3199 4974 3264 5013 ac
3297 4973 3546 5012 corrum-

1969 5068 2129 5127 petur
2160 5056 2406 5110 omnino.
2444 5051 2657 5108 Etenim
2691 5053 2737 5105 si
2769 5051 3035 5105 mundum
3063 5065 3174 5106 non
3208 5064 3350 5110 esse.
3379 5052 3546 5120 quam

1970 5161 2094 5201 csse
2120 5145 2316 5199 melius
2343 5153 2449 5209 est,
2480 5158 2579 5198 cur
2606 5139 2751 5212 quod
2782 5140 3024 5196 deterius
3050 5151 3134 5197 est
3163 5141 3426 5196 mundum
3461 5139 3545 5194 fa-

1971 5237 2236 5292 bricando
2270 5236 2415 5293 Deus
2437 5236 2683 5304 eligeret,
2718 5250 2783 5290 ac
2816 5235 3020 5292 frustra
3064 5250 3204 5305 opus
3241 5236 3374 5291 illud
3415 5247 3546 5305 pro:

289 5331 547 5389 duceret?
585 5330 950 5398 Quamobrem
1009 5338 1069 5385 ut
1120 5338 1306 5385 essent
1360 5344 1423 5383 ac
1464 5340 1766 5394 manerent,
1817 5330 2066 5387 cniditas
2123 5348 2153 5383 a
2197 5343 2257 5384 se
2298 5345 2388 5384 res
2431 5328 2574 5383 Deus
2630 5329 2942 5394 constituit;
2983 5328 3039 5382 id
3076 5328 3220 5398 quod
3266 5326 3546 5390 Sapientia

286 5426 578 5482 confirmat
608 5425 694 5481 his
727 5424 907 5480 verbis
933 5441 946 5477 :
979 5421 1188 5479 Creavit
1225 5425 1365 5479 enim
1394 5430 1450 5477 ut
1477 5432 1648 5477 essent
1679 5424 1859 5477 omnia
1886 5426 2053 5485 Deus;
2086 5432 2133 5478 et
2167 5421 2428 5479 saluzares
2456 5430 2578 5476 sunt
2609 5421 2790 5476 mundi
2816 5422 3198 5493 generationes.
3234 5419 3343 5478 Nec
3374 5430 3452 5474 est
3491 5420 3546 5473 iri

288 5522 401 5575 litis
428 5512 860 5601 medicamentum
886 5520 1035 5572 exitii
1060 5520 1103 5572 '.

373 5633 388 5665 ⁸
426 5633 550 5686 Cur.
597 5635 758 5694 ἅπας.

838 5639 855 5667 ³
882 5630 1038 5687 liont.
1073 5631 1747 5702 rm.35:l‘sal.xutt,2‘2.
1822 5630 2036 5687 'chtr.
2079 5649 2135 5697 ιι,
2163 5632 2250 5686 2i.

2336 5634 2518 5690 ἲΙνδοὶ.
2544 5633 2743 5699 cuni;
2774 5632 2935 5690 ilehr.
2968 5647 3007 5697 ι,
3046 5632 3099 5684 ’1.
3176 5630 3194 5659 ⁵
3228 5627 3352 5694 Sap.
3382 5638 3419 5687 ι,
3462 5620 3547 5677 ll.
