3948 6068
355 140 539 200 ιιιθι

1755 140 1814 200 s.
1853 128 2197 200 mentun

3455 128 3619 197 H20

429 258 530 315 Cui
557 265 615 314 et
641 268 931 329 persptcue
964 250 1168 314 Paulus
1202 259 1555 329 astipulatun
1585 259 1714 315 dum
1744 259 1821 315 ita
1850 262 1933 317 lo-

2103 256 2215 313 Ka‘l
2236 258 2267 312 6
2295 256 2505 320 Παῦλος
2542 257 2598 311 δὲ
2626 250 2813 326 σαφῶς
2842 260 3126 329 μαρτυρεῖ,
3154 257 3330 324 λέγων
3348 274 3364 289 ο
3400 257 3463 313 Ἠ
3489 260 3620 328 γὰρ

360 350 582 420 quitur:
612 348 757 403 Nam
775 351 1095 418 exspectatio
1125 358 1381 403 creatum
1402 350 1765 405 reuelationem
1785 353 1927 421 [ilio-

362 459 481 496 rum
528 441 621 495 Dei
649 450 935 509 exspectat.
985 440 1227 494 Vanitati
1260 442 1401 495 enint
1428 454 1673 496 creatura
1698 444 1931 512 subjecta

361 543 463 599 est,
497 549 600 587 non
631 532 838 596 volens;
867 530 958 585 sed
990 541 1202 601 propter
1232 549 1346 587 eum
1379 534 1467 602 qui
1490 535 1709 603 subjecit
1738 552 1852 589 eam
1877 537 1931 589 in

363 640 472 693 spe,
504 622 641 692 quod
668 633 718 678 et
744 622 861 690 ipsa
890 632 1135 676 creatura
1164 623 1474 678 liberabitur
1497 641 1529 677 a
1555 626 1801 678 servitute
1818 642 1936 678 cor-

366 712 624 779 ruptionis
658 713 714 764 in
747 710 1043 765 libertatem
1067 712 1254 782 gloria:
1280 714 1513 782 ﬁliorum
1540 710 1660 767 Dei.
1698 713 1934 767 Vanilati

365 802 548 869 quippe
576 809 825 854 creatura
848 799 1082 869 subjecta
1105 808 1206 864 est,
1240 802 1317 853 ait
1336 802 1378 854 ‘.
1405 802 1487 855 Ab
1515 800 1616 855 hac
1638 814 1801 870 porro
1823 815 1938 856 ser-

365 893 538 945 vitute
569 891 858 945 liberatum
898 892 965 944 iri
1000 900 1306 945 creaturam
1341 895 1623 960 exspectat
1655 902 1671 944 ξ
1700 903 1809 960 quo
1840 902 1938 945 no-

367 984 514 1037 mine
548 982 808 1037 mundutn
846 983 989 1036 hunc
1023 983 1335 1052 signiﬁcare
1378 983 1586 1036 volunt.
1637 981 1754 1037 Non
1792 984 1936 1038 enim

367 1090 490 1144 quae
538 1075 709 1129 videri
754 1082 1055 1144 nequeunt,
1108 1074 1203 1129 sed
1257 1074 1372 1128 haec
1421 1091 1541 1147 qua:
1589 1076 1938 1145 aspectaliilia

368 1176 519 1231 sunt,
571 1169 896 1238 corruptelae
953 1165 1420 1221 serviunt.Mautt
1480 1166 1645 1236 igitur
1692 1175 1938 1221 creatura

368 1260 648 1315 meliorem
692 1260 745 1312 in
793 1267 995 1314 statum
1038 1258 1512 1327 decentioremque
1544 1267 1819 1320 renovata,
1852 1273 1940 1313 re-

370 1351 712 1405 surrectione
737 1357 958 1420 propter
981 1347 1074 1402 Dei
1103 1348 1242 1402 lilios
1279 1348 1522 1418 gaudens
1554 1355 1607 1402 et
1638 1349 1939 1415 exsultans;

369 1457 601 1511 quorum
629 1441 802 1510 gratia
831 1440 1119 1510 ingemiscit
1142 1448 1190 1493 et
1214 1439 1445 1510 parturit
1494 1439 1646 1493 modo
1668 1442 1687 1472 ²
1733 1439 1944 1494 τοάειιι-

372 1533 610 1603 ptionem
658 1538 907 1585 nostram
954 1546 983 1583 a
1033 1529 1386 1598 corruptione
1421 1529 1536 1598 ipsa
1576 1530 1825 1599 cotporis
1851 1545 1944 1583 ex-

2030 347 2477 417 ἀποκαραδοκία
2502 347 2613 416 τῆς
2640 349 2893 415 κτίσεως
2925 348 3038 414 τὴν
3071 348 3459 418 ἀποκάλυψιν
3484 349 3616 403 τῶν

2030 440 2176 495 υἱῶν
2209 440 2316 494 τοῦ
2355 440 2503 494 Θεοῦ
2544 440 2954 509 ἀπεκδέχεται.
2996 430 3075 508 Τῇ
3118 441 3226 511 γὰρ
3259 444 3621 510 ματαιότητι

2030 528 2071 596 ἡ
2112 531 2306 596 κτίσις
2355 527 2641 597 ὑπετάγη,
2694 531 2806 598 οὐχ
2838 529 3086 591 ἑκοῦσα,
3140 530 3301 584 ἀλλὰ
3344 520 3446 584 διὰ
3497 531 3618 583 τόν

2032 618 2413 683 ὑποτάξαντα
2454 618 2545 671 ἐπ’
2583 619 2804 679 ἐλπίδι.
2854 619 2945 673 ὅτι
2993 619 3091 672 καί
3130 618 3282 688 αὑτὴ
3318 620 3357 689 ἠ
3405 622 3625 685 κτίσις

2034 709 2571 779 ἐλευθερωθήσεται
2600 708 2720 764 ἀπὸ
2762 708 2868 778 τῆς
2921 710 3202 778 δουλείας
3246 712 3352 780 τῆς
3379 711 3622 781 φθορᾶς

2034 803 2122 865 εις
2170 799 2285 868 τὴν
2364 801 2711 868 ἐλευθερίαν
2767 799 2880 868 τῆς
2940 799 3128 870 δόξης
3196 801 3314 856 τῶν
3377 803 3621 857 τέκνων

2037 891 2143 946 τοῦ
2201 881 2369 946 Θεοῦ.
2426 891 2504 961 Τῇ
2563 892 2673 962 γὰρ
2732 893 3078 962 ματαιότητι
3135 894 3174 961 ἡ
3241 894 3439 960 κτίσις
3494 896 3625 949 ὑπ-

2041 978 2243 1049 ετάγη,
2265 976 2449 1050 φησίν.
2506 974 3062 1052 Ἐλευθερωθήσεσθαι
3106 981 3163 1035 δὲ
3210 983 3309 1053 τῆς
3354 983 3624 1054 τοιαύτης

2039 1069 2279 1133 δουλείας
2312 1070 2583 1141 προσδοκᾷ
2611 1063 2811 1137 κτίσιν,
2849 1065 2941 1125 τὸν
2974 1070 3177 1142 κόσμον
3206 1071 3398 1125 τοῦτον
3425 1070 3623 1143 βουλό-

2045 1177 2203 1233 μενος
2227 1160 2323 1215 νῦν
2352 1160 2557 1216 καλεῖν.
2588 1162 2663 1216 06
2695 1162 2803 1234 γὰρ
2839 1162 2908 1216 τὰ
2940 1154 3013 1234 μὴ
3043 1162 3353 1233 βλεπόμενα
3382 1167 3449 1234 τῇ
3488 1164 3609 1230 φθο-

2045 1256 2112 1326 ρᾷ
2156 1252 2415 1320 δουλεύει,
2462 1254 2598 1310 ἀλλά
2644 1255 2818 1309 ταῦτα
2862 1254 2926 1325 δὴ
2971 1253 3041 1308 τὰ
3084 1254 3408 1326 βλεπόμενα.
3443 1250 3625 1309 Μένει

2041 1346 2150 1418 ἀρα
2177 1344 2210 1418 ἡ
2238 1346 2415 1410 κτίσις
2453 1348 2536 1410 είς
2564 1346 2626 1399 τὸ
2657 1346 2878 1417 ἄμεινον
2907 1346 3479 1416 ἀνακαινοποιηθεῖτα,
3506 1345 3628 1405 καὶ

2043 1440 2483 1511 εὐπρεπέστερον
2528 1437 2904 1509 ἀγαλλομένη,
2940 1436 3036 1500 καὶ
3078 1438 3343 1507 χαίρουσα
3372 1435 3465 1488 ἐπὶ
3500 1437 3627 1498 τοῖς

2043 1526 2252 1592 τέκνοις
2294 1527 2387 1582 τοῦ
2429 1522 2562 1581 Θεοῦ
2603 1522 2668 1600 τῇ
2705 1527 2998 1581 ἀναστάσει
3029 1543 3044 1559 ο
3085 1526 3154 1580 δι’
3189 1524 3283 1589 οὓς
3322 1522 3625 1586 στενὰζὲι,

373 1631 649 1692 spectans.
676 1631 735 1675 ut
758 1637 881 1675 cum
912 1637 1012 1677 nos
1039 1635 1067 1674 a
1097 1622 1324 1674 mortuis
1348 1620 1610 1675 fuerimus
1632 1620 1848 1675 excitati
1877 1634 1942 1673 ac

2053 1620 2142 1672 μιαί
2169 1616 2485 1673 συνωδίνει
2511 1619 2647 1684 νῦν,
2671 1619 2768 1690 τὴν
2793 1610 3168 1691 ἀπολύτρωσιν
3194 1614 3350 1688 ὴμῶν
3382 1617 3492 1670 ἀπὸ
3517 1617 3629 1686 τῆς

372 1714 760 1767 mortalitatem
805 1713 991 1767 carnis
1027 1714 1452 1774 excusserimus,
1485 1726 1584 1781 pio
1619 1726 1683 1765 eo
1711 1725 1774 1764 ac
1805 1710 1943 1765 seri.-

373 1813 525 1876 ptum
558 1815 641 1861 est
672 1824 686 1860 :
722 1804 919 1858 Excute
940 1805 1199 1874 puluerem
1223 1813 1271 1857 et
1305 1819 1597 1873 consurge;
1622 1802 1761 1865 sede,
1784 1799 1946 1855 Jeru-

374 1896 539 1950 salem
559 1897 599 1950 ⁸.
628 1895 876 1965 Cumque
906 1908 935 1947 a
966 1903 1187 1963 peccato
1213 1892 1423 1946 liberati
1457 1891 1740 1957 fuerimus,
1770 1906 1799 1944 a
1823 1904 1945 1945 cor-

377 1988 629 2057 ruptiOne
658 1988 774 2056 ipsa
812 2000 1031 2056 quoque
1065 1984 1357 2049 liberetur;
1406 1998 1506 2037 nec
1550 1982 1664 2052 jam
1697 1981 1943 2044 vanitati,

377 2078 472 2133 sed
501 2077 730 2146 iustitia:
756 2076 976 2130 serviat.
1012 2075 1221 2129 Scimus
1251 2074 1389 2127 enim
1418 2071 1558 2141 quod
1591 2072 1761 2125 omnis
1791 2085 1943 2125 crea-

380 2175 499 2218 tura
526 2165 819 2235 ingcmiscit
857 2171 906 2217 et
937 2163 1166 2231 parturit
1198 2178 1360 2231 usque
1388 2161 1578 2215 adhuc.
1619 2159 1743 2215 Non
1777 2160 1948 2214 solum

379 2266 584 2315 autem.
626 2256 714 2310 sed
765 2263 813 2309 et
864 2271 959 2308 nos
1010 2254 1277 2324 primitias
1320 2253 1539 2321 spiritus
1588 2251 1852 2314 habentes,
1898 2259 1948 2304 et

379 2349 480 2422 ipsi
510 2349 561 2401 in
593 2346 739 2400 nobis
767 2346 895 2412 ipsis
919 2347 1172 2414 gemimus
1208 2343 1540 2412 adoptionem
1565 2351 1945 2412 exspectantes,

380 2438 784 2506 redemptionem
808 2435 1043 2499 corporis
1075 2434 1309 2488 nostri‘.
1346 2433 1419 2487 Ita
1447 2445 1500 2487 et
1531 2433 1733 2489 Isaias:
1765 2433 1950 2499 Quem-

380 2526 665 2580 admodum
694 2526 854 2589 enim,
886 2525 1087 2593 inquit,
1119 2524 1305 2578 caelum
1329 2539 1517 2578 novum
1544 2533 1593 2577 et
1630 2533 1773 2577 terra
1794 2539 1947 2585 noua,

380 2630 494 2683 qua:
517 2631 609 2684 ego
634 2613 795 2683 facio,
824 2620 1035 2669 manent
1060 2629 1237 2666 coram
1264 2629 1363 2677 me,
1398 2612 1526 2665 dicit
1565 2611 1846 2676 Dominus,
1874 2610 1951 2663 sic

379 2704 479 2755 erit
511 2718 680 2757 semen
703 2712 950 2766 vestrum,
976 2708 1025 2753 et
1050 2716 1234 2754 nomen
1257 2710 1483 2753 vestrum
1507 2700 1527 2732 ⁸
1551 2714 1656 2766 λιιε
1688 2714 1906 2753 rursum
1933 2717 1948 2753 :

381 2794 473 2849 Sic
509 2796 639 2848 dicit
683 2793 942 2846 Dominus
974 2792 1064 2859 qui
1101 2791 1223 2858 fecit
1273 2792 1479 2854 caelum,
1514 2791 1596 2843 hic
1637 2791 1727 2861 qui
1757 2799 1952 2843 terram

379 2885 644 2946 condidit,
679 2891 726 2935 et
760 2882 883 2950 fecit
914 2881 1105 2944 illam;
1139 2882 1251 2949 ipse
1282 2881 1527 2934 discrevit
1552 2880 1741 2945 illam;
1769 2897 1870 2935 non
1898 2881 1951 2934 in

2046 1709 2251 1781 φθορᾶς
2277 1710 2370 1763 καὶ
2404 1711 2540 1781 αὐτὴ
2572 1710 2665 1764 τοῦ
2696 1703 2945 1781 σώματος
2997 1709 3426 1780 ἀπεκδεχομένη,
3467 1711 3629 1771 ὅπως

2044 1799 2200 1872 ἡμῶν
2230 1798 2619 1871 ἐξεγερθέντων
2673 1798 2767 1852 καὶ
2800 1796 3276 1868 ἀποτιναξαμένων
3304 1797 3403 1867 τὴν
3428 1797 3630 1866 νεκρό-

2043 1907 2185 1963 τητα
2208 1891 2306 1961 τῆς
2340 1890 2560 1960 σαρκὸς,
2592 1891 2730 1943 κατὰ
2754 1889 2814 1942 τὸ
2840 1888 3242 1959 γεγραμμένονσ
3282 1888 3623 1950 Ἐκτίναξαι

2046 1983 2152 2036 τὸν
2184 1982 2336 2051 χοῦν
2365 1981 2469 2035 καὶ
2507 1980 2834 2048 ἁνάστηθι’
2879 1980 3164 2045 κάθισον,
3211 1978 3627 2049 Ἰερουσαλήμ.

2061 2068 2560 2144 Ἐλευθερωθέντων
2587 2090 2646 2126 τε
2678 2072 2777 2143 τῆς
2803 2073 3098 2143 ἁμαρτίας,
3126 2070 3627 2142 ἐλευθερωθήσεται

2049 2157 2141 2216 καὶ
2180 2161 2316 2233 αὐτὴ
2360 2163 2459 2233 τῆς
2500 2163 2735 2234 φθορᾶς,
2791 2161 2987 2233 μηκέτι
3014 2164 3091 2232 τῇ
3138 2161 3459 2232 ματαιότητι
3490 2162 3625 2215 δου-

2048 2252 2310 2318 λεύουσα,
2359 2248 2495 2305 ἀλλὰ
2543 2249 2608 2325 τῇ
2651 2253 2981 2327 δικαιοσύνῃ.
3032 2252 3286 2321 Οἴδαμεν
3333 2252 3481 2322 γὰρ,
3522 2250 3628 2308 ὅτι

2049 2344 2216 2399 πᾶσα
2244 2346 2282 2413 ἡ
2325 2345 2522 2411 κτίσις
2561 2337 2945 2409 συστενάζει,
2989 2345 3087 2398 καὶ
3125 2343 3438 2397 συνωδίνει
3480 2344 3630 2415 ἄχρι

2048 2435 2155 2489 τοῦ
2183 2436 2316 2492 νῦν.
2349 2438 2431 2491 Οὐ
2454 2434 2646 2505 μόνον
2668 2436 2755 2499 δὲ,
2784 2436 2943 2491 ἀλλὰ
2970 2436 3067 2489 καὶ
3098 2435 3265 2490 αὐτοὶ
3292 2431 3402 2502 τὴν
3432 2434 3634 2504 ἀπαρ-

2049 2526 2172 2596 χὴν
2196 2527 2303 2581 τοῦ
2328 2528 2663 2597 πνεύματος
2688 2526 2951 2596 ἔχοντες.
2975 2527 3072 2583 καί
3101 2527 3268 2581 αὐτοὶ
3295 2524 3363 2581 ἐν
3385 2526 3634 2595 ἑαυτοῖς

2051 2617 2431 2687 στενάζομεν,
2475 2620 2782 2672 υἱοθεσίαν
2815 2619 3300 2687 ἀπεκδεχόμενοι.
3327 2617 3439 2685 τὴν
3467 2619 3629 2670 ἀπο-

2050 2708 2351 2775 λύτρωσιν
2378 2708 2484 2761 τοῦ
2512 2708 2785 2777 σώματος
2803 2706 2990 2777 ήμῶν.
3025 2706 3136 2761 Καὶ
3160 2704 3189 2760 ό
3230 2707 3473 2770 Ἡσαΐας·
3511 2707 3635 2760 ὀν

2052 2800 2274 2866 τρόπον
2304 2799 2414 2869 γὰρ
2440 2802 2473 2853 ό
2501 2799 2755 2866 οἰιοανός
2787 2797 3124 2865 acati-dcam
3162 2798 3200 2865 ἡ
3241 2796 3317 2867 τῆ
3349 2795 3544 2863 καινὴ.
3585 2797 3633 2849 d

2052 2891 2187 2961 ἐγὼ,
2224 2891 2375 2961 φησὶ,
2408 2889 2587 2956 ποιῶ,
2634 2890 2796 2960 μένει
2827 2890 3083 2944 ἐνώπιόν
3122 2908 3264 2960 μου,
3306 2887 3463 2957 λέγει
3500 2889 3635 2943 Kcin

381 2990 592 3036 uanum,
637 2972 727 3027 sed
766 2982 821 3025 ut
865 2970 1129 3025 habitetur
1150 2970 1192 3028 ⁸.
1241 2970 1403 3042 555
1450 2971 1582 3026 Nam
1621 2986 1807 3027 revera
1846 2987 1950 3027 non

2053 2998 2204 3050 ριος’
2235 2981 2424 3046 οὕτως
2450 2983 2621 3036 ἔσται
2653 2980 2718 3035 τὸ
2748 2981 2985 3052 σπέρμα
3007 2977 3193 3050 ὑμῶν,
3221 2979 3317 3034 xui
3341 2978 3404 3033 τὸ
3429 2976 3636 3047 ὄνομα

382 3064 611 3122 frustra.
649 3072 814 3134 atque
846 3062 1082 3118 inaniter
1112 3070 1169 3116 et
1195 3062 1264 3117 ad
1293 3063 1541 3128 exitium,
1581 3078 1646 3119 ex
1681 3063 1959 3134 ineptissi—

383 3167 597 3208 morum
637 3154 918 3209 hominum
970 3151 1231 3221 opinione
1280 3159 1455 3205 totum
1509 3152 1612 3206 hoc
1640 3153 1957 3217 universum

382 3244 622 3299 condidit
672 3243 836 3306 Deus,
885 3243 980 3298 sed
1031 3252 1091 3296 ut
1128 3248 1292 3305 esset,
1325 3249 1379 3296 et
1409 3242 1764 3307 habitaretur,
1797 3251 1960 3313 atque

384 3342 747 3404 permaneret.
783 3334 938 3391 Unde
965 3344 1020 3391 et
1056 3343 1256 3390 terram
1290 3347 1519 3387 necesse
1541 3337 1646 3395 est,
1679 3337 1733 3386 et
1760 3333 1957 3386 coelum

385 3434 508 3495 post
540 3426 684 3479 illam
737 3439 921 3479 rerum
966 3424 1210 3478 omnium
1267 3421 1747 3491 conﬂagrationem
1798 3431 1961 3492 atque

382 3522 575 3570 aestum
625 3515 911 3569 exsistere.
962 3515 1074 3568 Cur
1120 3520 1301 3568 autem
1346 3512 1421 3565 ita
1464 3512 1579 3567 ﬁeri
1610 3529 1832 3570 necesse
1864 3516 1957 3580 sit,

386 3606 683 3675 longiorem
713 3620 876 3674 quam
907 3606 1172 3660 hactenus
1219 3618 1526 3660 sermonem
1568 3605 1635 3660 ad
1673 3607 1954 3676 explican-

384 3694 511 3749 dum
544 3696 792 3763 requirit.
823 3692 941 3749 Non
970 3694 1113 3749 enim
1138 3694 1193 3748 in
1218 3694 1446 3748 otiosam
1472 3694 1776 3759 materiem,
1808 3711 1956 3751 eam-

385 3800 510 3854 que.
546 3800 708 3854 quam
745 3794 869 3839 ante
893 3785 1339 3839 constitutionem
1371 3784 1582 3848 habuit,
1622 3794 1677 3839 et
1710 3786 1763 3839 in
1792 3802 1952 3855 quam

386 3877 650 3931 dissoluta
683 3876 864 3942 fuerit,
915 3892 1090 3946 neque
1134 3877 1185 3929 in
1227 3874 1535 3929 absolutum
1571 3876 1848 3932 interitum
1892 3893 1957 3933 ac

386 3969 787 4037 corruptionem
813 3969 1031 4023 redacta
1054 3967 1388 4023 universitas
1412 3968 1515 4023 ista
1544 3969 1954 4026 reformabitur.

2053 3072 2239 3142 ὑμῶν*
2279 3072 2372 3125 καὶ⁸
2416 3070 2608 3126 πάλινο
2655 3072 2816 3126 Οὕτω
2845 3070 3005 3141 ,λέγει
3036 3071 3253 3139 Κύριος
3291 3071 3325 3123 ό
3359 3064 3638 3133 ποιήσας

2052 3163 2161 3217 τόν
2206 3162 2498 3230 οὐρανὸν,
2528 3154 2707 3228 οὗτος
2748 3164 2781 3215 ὁ
2827 3154 3287 3226 κατασκευάσας
3313 3146 3443 3224 ’τὴν
3504 3154 3641 3225 γῆν

2052 3253 2150 3307 καὶ
2184 3253 2442 3319 ποιήσας
2482 3253 2693 3320 αὐτὴν,
2737 3252 2926 3319 ἀὐτὸς
2970 3248 3246 3320 διώρισεν
3288 3247 3478 3316 αὐτὴν
3504 3249 3641 3301 οὐκ

2054 3345 2142 3409 είς
2172 3344 2370 3407 κενὸν,
2398 3344 2559 3398 ἀλλὰ
2582 3343 3002 3398 κατοικεῖσθαι.
3038 3345 3245 3406 Ὄντως
3280 3340 3383 3412 γάρ
3415 3339 3516 3393 οὐκ
3540 3340 3644 3402 εἰς

2057 3435 2233 3501 κενὸν,
2281 3436 2401 3489 οὐδὲ
2431 3438 2510 3500 εις
2554 3437 2731 3507 μάτην
2779 3436 2915 3507 πρὸς
2942 3432 3213 3488 ἀπώλειαν
3254 3432 3446 3491 ἔκτισε.
3475 3428 3647 3483 κατὰ

2056 3523 2183 3587 τοὺς
2214 3525 2545 3596 φρονοῦντας
2578 3525 2801 3595 μάταια,
2824 3525 2886 3577 τὸ
2917 3525 3022 3576 πᾶν
3045 3525 3074 3577 6
3105 3523 3255 3588 Θεὸς,
3288 3518 3415 3574 ἀλλὰ
3448 3518 3529 3581 εις
3568 3514 3648 3572 τδ

2060 3610 2200 3669 εἶναι
2244 3634 2304 3670 τε
2352 3617 2446 3669 καὶ
2477 3616 2770 3679 οἰκεῖσθαι,
2822 3615 2917 3669 καὶ¹
2961 3614 3252 3685 διαμένειν.
3286 3612 3373 3665 Διὸ
3410 3610 3643 3680 ἀνάγκη

2058 3704 2122 3776 δὴ
2169 3707 2262 3760 καὶ
2288 3706 2385 3777 τὴν
2417 3706 2521 3776 γῆν
2550 3702 2724 3770 αὖθις,
2753 3706 2847 3759 καὶ
2869 3704 2960 3757 τὸν
2988 3703 3211 3775 οὐρανὸν
3246 3701 3383 3772 μετά
3405 3700 3504 3770 τὴν
3530 3701 3645 3753 ὲκ-

2062 3796 2331 3865 φλόγωσιν
2364 3797 2580 3850 ἔσεσθαι
2627 3797 2846 3850 πάντων
2888 3796 2980 3849 καὶ
3008 3795 3100 3849 τὸν
3148 3793 3406 3867 βρασμὸν.
3448 3790 3547 3844 Διά
3582 3792 3645 3843 τί

2058 3887 2117 3941 δὲ
2146 3886 2302 3943 τοῦτο
2331 3886 2562 3957 ἀνάγκη,
2588 3886 2745 3955 λόγος
2771 3886 2836 3939 ἂν
2868 3885 2946 3938 ἔτι
2977 3884 3145 3937 πλείω
3183 3883 3291 3936 τῶν
3329 3881 3647 3952 εἰρημένων

2063 3978 2321 4046 γίγνοιτο.
2354 3976 2491 4031 Οὔτε
2519 3977 2628 4049 γὰρ
2653 3980 2731 4041 εἰς
2762 3976 2892 4047 ὓλην
2918 3976 3114 4048 ἀργὴν,
3140 3975 3231 4027 καὶ
3273 3971 3520 4040 τοιαύτην
3554 3971 3652 4023 ἔτι

389 4058 736 4121 κατάστασινο
767 4058 883 4111 οἵαν
908 4058 999 4111 καὶ
1024 4056 1131 4128 πρὸ
1159 4057 1257 4127 τῆς
1302 4056 1746 4130 διακοσμήσεως,
1808 4064 1888 4126 εἰς
1944 4065 2011 4136 ἥν
2071 4067 2315 4139 διαλυθῇ,
2363 4068 2938 4139 ἀναστοιχειωθήσεται
2992 4066 3050 4119 τὸ
3102 4067 3229 4128 πᾶν,
3281 4063 3389 4117 οὔτ’
3437 4058 3504 4116 αὖ
3554 4063 3651 4122 εἰς

386 4148 660 4201 ἀπώλειαν
696 4146 930 4218 παντελῆ
961 4148 1057 4200 καὶ
1094 4145 1318 4217 φθοράν.

458 4235 671 4290 XXXII.
705 4237 774 4288 At
800 4238 946 4291 enim
985 4236 1247 4304 objicient
1294 4233 1595 4316 adversarii
1634 4252 1647 4288 :
1682 4233 1737 4287 Si
1780 4241 1950 4287 totum

389 4326 490 4379 hoc
520 4326 830 4379 universum
857 4340 1198 4394 nequaquam
1226 4333 1429 4395 pereat,
1460 4308 1731 4395 quomodo
1759 4324 1955 4377 ccelum
1988 4297 2033 4351 ι)

389 4433 453 4472 ac
482 4427 681 4472 terram
714 4418 1011 4471 transitura
1034 4434 1157 4474 esse
1180 4417 1441 4472 Dominus
1460 4417 1595 4472 dicit
1614 4418 1635 4448 ⁷
1652 4418 1674 4471 ?
1691 4415 1958 4486 Propheta

392 4524 542 4573 vero,
578 4510 777 4564 cmlum
832 4507 967 4562 fumi
1018 4508 1194 4563 instar
1224 4524 1345 4563 esse
1390 4509 1714 4578 periturum,
1757 4517 1955 4562 terram

390 4609 570 4653 autem
602 4600 759 4669 quasi
792 4598 1183 4654 vestimentum
1214 4597 1699 4653 inveteraturam'l
1725 4595 1827 4650 Sed
1861 4610 1960 4649 nos

391 4691 538 4744 hunc
597 4688 895 4759 Scriptum
937 4703 1145 4744 morem
1203 4702 1328 4743 esse
1377 4687 1847 4759 respondebimus,
1904 4693 1962 4738 ut

392 4782 580 4837 mundi
603 4781 1078 4845 instaurationem,
1104 4790 1267 4851 atque
1293 4782 1347 4836 in
1370 4782 1563 4834 melius
1586 4778 1963 4849 praestantius-

392 4890 497 4948 que
552 4875 911 4929 mutationem
967 4875 1248 4929 interitum
1305 4872 1559 4942 appellet,
1612 4877 1796 4939 utpote
1835 4882 1959 4921 cum

395 4965 540 5033 prior
567 4965 742 5020 forma
783 4966 837 5021 in
876 4966 966 5020 illa
996 4964 1379 5034 jucundiorem
1411 4963 1464 5017 in
1493 4969 1694 5017 statuat
1733 4974 1962 5016 conver-

399 5053 546 5110 sione
589 5065 791 5126 pereat.
832 5054 979 5111 Nihil
1011 5056 1156 5111 enim
1193 5055 1246 5109 in
1283 5055 1457 5109 sacris
1494 5053 1709 5107 Litteris
1747 5063 1966 5107 contra-

402 5148 534 5198 rium
579 5156 662 5202 est
700 5156 755 5203 et
789 5148 1110 5203 absurdum.
1158 5147 1402 5202 Prwterit
1436 5146 1574 5200 enim
1603 5146 1774 5215 ﬁgura
1810 5143 1965 5212 hujus

396 5238 578 5291 mundi
599 5240 642 5291 '.
680 5238 798 5293 Non
830 5240 1092 5294 mundum
1120 5241 1298 5309 ipsum
1328 5238 1486 5293 dixit.
1515 5237 1604 5291 Sic
1629 5235 1793 5305 igitur
1817 5232 1963 5288 Scri-

399 5326 574 5393 pturis
605 5326 1023 5383 usitatissimum
1069 5339 1172 5393 est,
1219 5327 1590 5383 antecedentis
1635 5325 1686 5378 in
1730 5324 1780 5378 id
1819 5321 1964 5394 quod

473 5466 487 5497 ί
516 5463 675 5520 Rom.
706 5480 824 5529 vui,
862 5465 1046 5520 l9«2!.

419 5530 645 5592 'Matth.
678 5552 827 5592 xxiv.
852 5536 938 5592 35.
1016 5539 1036 5567 ⁸
1070 5536 1215 5592 Psal.
1249 5551 1323 5595 cu,
1354 5537 1442 5589 Ἡ.
1521 5538 1540 5568 θ
1570 5534 1589 5586 ι
1621 5535 1744 5587 Cur.
1783 5551 1878 5597 vn.
1911 5535 2000 5590 3|.

1127 5469 1145 5498 ²
1174 5467 1301 5520 ibid.
1334 5467 1425 5538 22.
1501 5468 1523 5498 ³
1549 5465 1657 5538 ιβιδ.
1695 5480 1789 5525 ιιι,
1825 5465 1858 5517 2
1913 5465 1978 5538 __‘
2015 5466 2147 5524 Rom
2201 5486 2317 5535 rut,
2349 5471 2440 5538 9.2,
2469 5469 2558 5523 25.

2130 4239 2251 4293 AB'.
2300 4239 2425 4293 Ἐὰν
2448 4238 2524 4303 δὲ,
2562 4239 2686 4304 Πῶς
2714 4236 2807 4294 οὖν
2827 4278 2842 4304 ,
2869 4241 2963 4294 ἐὰν
2992 4242 3067 4313 μὴ
3093 4241 3384 4295 ἀπόλλυται
3408 4241 3470 4293 τὸ
3503 4243 3648 4306 πᾶν,

2062 4330 2111 4382 οἱ
2161 4330 2219 4396 ἐξ
2264 4329 2513 4393 ἐναντίας
2545 4330 2805 4397 εἴπωσιν,
2848 4333 2876 4385 6
2921 4332 3019 4402 μὲν
3061 4331 3264 4404 Κύριος
3291 4332 3380 4385 τὸν
3403 4332 3650 4402 οὐρανὸν

2065 4420 2497 4491 παρελεύσεσθαι
2523 4420 2646 4494 ἔφη,
2673 4424 2766 4476 καὶ
2795 4422 2894 4495 τὴν
2918 4424 3041 4494 γῆν·
3068 4424 3097 4475 6
3118 4423 3173 4476 δὲ
3198 4422 3482 4494 προφήτης
3506 4423 3655 4476 ἀπο-

2063 4512 2272 4567 λεῖσθαι
2302 4514 2400 4584 μὲν
2428 4513 2655 4585 οὐρανὸν
2684 4513 2761 4578 ὡς
2795 4514 3000 4568 καπνὸν
3021 4556 3035 4579 ,
3068 4514 3163 4586 τὴν
3200 4514 3255 4567 δὲ
3284 4514 3385 4583 γῆν
3409 4512 3486 4575 ὡς
3510 4514 3655 4583 ἱμά-

2063 4622 2177 4659 τιον
2223 4605 2732 4678 παλαιωθήσεσθαις
2792 4606 3010 4679 Ἐπειδὴ
3050 4606 3171 4670 ἔθος
3206 4610 3324 4669 ταῖς
3367 4606 3652 4676 Γραφαῖς,

2064 4695 2307 4765 λέξομεν,
2336 4694 2433 4766 τὴν
2459 4697 2539 4758 είς
2575 4698 2635 4749 τὸ
2668 4699 2911 4768 κρεῖττον
2935 4698 3029 4750 καὶ
3064 4697 3396 4768 ἐνδοξότερον
3426 4696 3656 4748 ἀποκαο
3748 4725 3763 4735 ο

2067 4785 2323 4840 τάστασιν
2371 4786 2573 4858 ταύτης
2621 4787 2716 4841 τοῦ
2761 4787 2966 4859 κόσμου
3015 4786 3313 4859 μεταϐολὴν
3360 4785 3658 4840 ἀπώλειαν

2067 4877 2264 4947 λέγειν,
2291 4871 2400 4931 οἷον
2426 4877 2518 4931 τοῦ
2544 4879 2779 4950 πρόσθεν
2808 4880 3083 4949 σχήματος
3104 4878 3469 4949 ἀπολλυμένου
3498 4877 3662 4932 κατὰ

2067 4967 2165 5039 τὴν
2196 4969 2276 5031 εἰς
2303 4968 2365 5021 τὸ
2398 4970 2750 5041 φαιδρότατον
2776 4969 3027 5023 ἁπάντων
3053 4966 3352 5038 ἐξαλλαγήν
3372 4985 3383 4997 ’
3426 4966 3506 5019 Et:
3538 4983 3665 5036 μη.

2068 5058 2227 5128 δεμία
2269 5058 2656 5121 ὑπεναντίωσις
2698 5057 2731 5128 ἢ
2770 5057 2970 5111 ἀτοπία
2998 5059 3056 5111 ὲν
3083 5057 3195 5120 τοῖς
3230 5054 3395 5117 θείοις
3438 5053 3656 5121 λόγοις.

2071 5148 2326 5220 Παράγει
2358 5149 2469 5219 γὰρ
2513 5147 2579 5202 τὸ
2621 5146 2831 5217 σχῆμα
2875 5146 2981 5201 τοῦ
3019 5146 3249 5215 κόσμου
3277 5145 3512 5203 τούτου.
3551 5145 3663 5203 καὶ

2069 5240 2167 5309 ούχ
2191 5241 2218 5290 ὁ
2251 5239 2470 5312 κόσμος,
2546 5240 2779 5309 εἴρηται.
2809 5236 2993 5301 Οὕτως
3020 5237 3139 5300 ἔθος
3166 5236 3440 5290 ἀπώλειαν
3461 5234 3666 5289 καλεῖν

2082 5331 2179 5393 τὰς
2208 5331 2248 5383 Γ
2251 5330 2430 5402 ραφὰς
2456 5335 2552 5401 τὴν
2573 5329 2706 5399 πρὸς
2724 5328 2787 5381 τὸ
2811 5328 3030 5399 ἄμεινον
3057 5326 3167 5380 ἔσθ’
3195 5328 3283 5380 ὅτε
3316 5325 3411 5380 καὶ
3440 5325 3665 5393 εὐμορ-

2660 5468 2679 5499 ⁸
2713 5466 2819 5523 lsa.
2853 5483 2997 5535 vat,
3034 5466 3123 5522 29..
3203 5468 3220 5496 ⁶
3259 5460 3357 5522 lsa.
3403 5475 3524 5523 xu,
3558 5458 3624 5514 8.
