3948 6068
268 242 399 297 H2!

907 237 1277 294 ADVERSUS
1316 236 1660 294 "IERESES
1699 236 1825 294 LIB.
1872 238 1939 295 li.
1985 238 2150 296 TOM.
2196 239 2234 295 Ι.
2277 270 2346 282 --
2386 238 2662 296 IIAZRES.
2710 240 2889 299 LXIV.

3392 247 3536 311 1122

265 366 489 435 ρότερον
518 363 725 435 ’τροίην
758 361 851 416 τοῦ
889 364 1123 435 πρόσθεν
1167 364 1467 435 σχήματος.
1506 360 1633 419 Οἷον
1661 363 1841 437 ὥσπερ

1955 366 2151 421 melius
2198 380 2264 420 ac
2315 364 2610 422 formosius
2648 374 2752 431 est,
2808 367 2993 438 figura:
3050 369 3535 426 conumttationem

263 458 427 510 δτεότε
455 458 519 511 ἄν
540 475 624 520 τις
643 452 919 511 άζσὼλειαν
946 456 1096 526 λέγοι
1122 456 1215 509 τοῦ
1245 456 1387 511 κατά
1411 458 1471 510 τὸ
1503 459 1695 529 νήπιον
1726 460 1855 531 σχή-

263 567 433 621 ματος
473 550 573 622 τήν
618 552 696 614 εἰς
737 550 829 607 τὸν
875 551 1046 622 ἄνδρα
1087 550 1180 603 τὸν
1218 549 1424 603 τέλειον
1472 549 1851 622 μεταλλαγὴν,

263 642 604 713 τρεπομένης
637 644 717 706 εἰς
759 642 990 714 μεγεθος
1021 643 1114 696 καὶ
1152 641 1350 705 κάλλος
1381 642 1481 711 τῆς
1506 640 1724 713 ἡλικίας
1757 642 1850 695 τοῦ

262 729 478 800 νηπίου.
516 734 646 791 Ὅτε
695 732 804 802 γὰρ
852 732 1017 803 ἤμην
1055 733 1293 801 νήπιος,
1324 733 1405 799 ὡς
1449 732 1665 799 νήπιος
1709 731 1850 786 ἐλά-

259 826 433 887 λουν,
470 824 550 889 ὠς
594 824 814 893 νήπιος
846 827 1167 897 ἐφρόνουν,
1204 810 1293 895 ⁸ὡς
1336 826 1554 894 νήπιος
1594 825 1852 898 ἐλογιζό-

258 932 397 983 μην·
427 915 526 971 ὅτε
553 917 623 970 δὲ
668 918 886 988 γέγονα
925 921 1104 990 ἀνὴρ,
1135 923 1210 976 τὰ
1241 920 1349 975 τοῦ
1383 921 1605 990 νηπίου
1633 920 1852 989 κατήρ-

258 1021 439 1079 γησα.
488 1008 813 1081 Ταραχθήσε
840 1010 964 1066 σθαι
988 1012 1223 1086 μὲνγὰρ
1266 1011 1364 1083 τὴν
1412 1012 1621 1074 κτίσιν,
1662 1010 1852 1084 ὥσπερ

259 1096 654 1169 τεθνηξομένην
698 1101 841 1156 κατά
888 1102 988 1173 τὴν
1025 1103 1366 1174 ἐκπύρωσιν.
1396 1104 1484 1157 ἵνα
1525 1103 1848 1178 ἀνακτισθῇ,

257 1186 317 1238 οὐ
351 1187 458 1258 μὴν
488 1188 811 1245 ἀπολεῖσθαι
837 1192 1237 1263 προσδοκητέον
1258 1208 1271 1222 ⁸
1298 1194 1448 1258 ὅπως
1484 1194 1532 1245 οἱ
1559 1194 1853 1250 ἀνακαινο-

257 1278 577 1347 ποιηθέντες
637 1283 696 1335 ἐν
751 1281 1294 1354 ἀνακαινοποιηθέντι
1354 1285 1545 1355 κόσμῳ
1593 1288 1850 1353 ἄγευστοι

256 1367 433 1440 λύπης
478 1374 932 1446 κατοικήσωμεν·
975 1374 1008 1447 ἢ
1051 1374 1191 1429 κατά
1232 1376 1293 1430 τὸ
1342 1376 1553 1448 λεχθὲν,
1602 1378 1850 1444 Ἑξαπο-

253 1460 497 1531 στελεῑς
540 1462 607 1516 τὸ
655 1464 893 1534 πνεῦμά
942 1480 1095 1531 σου,
1144 1468 1243 1521 καὶ
1290 1470 1753 1538 πεισθήσονται,
1792 1473 1850 1524 ἐν

254 1550 534 1621 ἑκατοστῷ
576 1552 741 1624 τρίτῳ
796 1554 1018 1627 ψαλμῷ,
1053 1556 1151 1611 καὶ
1180 1558 1636 1625 ἀναχαινιεῖςθτὸ
1662 1561 1853 1629 πρόσο

252 1656 419 1694 ωπον
442 1641 553 1710 τῆς
592 1643 724 1714 γῆς,
754 1646 851 1705 τοῦ
891 1646 1239 1720 περιέχοντος
1266 1650 1362 1721 τῆς
1409 1651 1701 1723 εὐκρασίας
1726 1653 1849 1707 ἐπι.-

250 1731 653 1804 τροπενὶσαντος
698 1737 884 1792 λοιπὸν
932 1738 1026 1795 τοῦ
1060 1741 1216 1797 Θεοῦ.
1276 1742 1571 1814 Ἐσομένης
1610 1742 1718 1817 γάρ
1748 1743 1844 1797 καὶ

253 1824 397 1894 μετά
423 1825 616 1880 τοῦτον
656 1827 768 1900 (59)
809 1830 902 1882 τὸν
945 1831 1122 1886 αἰῶνα
1146 1833 1270 1903 γῆς,
1305 1834 1518 1903 ἀνάγκη
1548 1836 1696 1887 πᾶσα
1720 1832 1843 1890 ἔσε-

166 1950 173 1955 η
251 1917 381 1970 σθαι
417 1920 514 1972 καὶ
561 1921 684 1983 τοὺς
731 1923 1077 1993 οἰκήσοντας,
1106 1925 1291 1978 οὐκέτι
1324 1924 1773 1997 τεθνηξομένους,
1811 1926 1843 1998 ἢ

248 2009 603 2079 γαμήσοντας
638 2011 732 2065 καὶ
784 2015 1233 2086 γεννησομένους,
1306 2016 1422 2069 ἀλλ’
1464 2017 1541 2081 ὡς
1576 2016 1839 2087 ἀγγέλους

248 2099 690 2171 ἁμεταστρόφως
736 2103 794 2155 ἐν
844 2103 1125 2177 ἀφθαρσίᾳ
1166 2104 1235 2159 τά
1270 2106 1470 2177 ἄριστα
1511 2105 1840 2179 πράξοντας.

247 2189 344 2241 Διὸ
376 2189 617 2267 ληρῶδες
650 2193 709 2246 τὸ
733 2194 791 2251 ἐν
819 2195 949 2267 ποίᾳ
977 2197 1224 2269 διαγωγῇ
1266 2198 1387 2250 τότε
1412 2198 1477 2270 δὴ
1511 2198 1579 2251 τά
1616 2196 1843 2269 σώματα

246 2280 464 2341 ἔσονται
510 2283 788 2353 λέγεσθαι,
826 2288 965 2363 μήτε
1000 2287 1185 2365 ἀέρος,
1232 2290 1372 2363 μήτε
1413 2289 1539 2361 γῆς,
1571 2290 1707 2363 μήτε
1731 2288 1842 2344 τῶν

245 2370 429 2426 ἄλλων
456 2374 751 2446 ἐσομένων.

246 2482 379 2524 nam
412 2467 536 2523 vitae
575 2470 789 2526 ratione
832 2487 1002 2528 usura
1044 2472 1158 2529 sint
1196 2487 1429 2545 corpora
1475 2488 1747 2545 qumrere,
1788 2470 1836 2528 si

246 2558 325 2613 sit
360 2559 596 2629 amplius
631 2560 901 2619 futurum.
1803 2628 1808 2634 .

320 2650 444 2704 AI".
482 2653 665 2718 ’Ἄξιον
690 2655 747 2709 δὲ
791 2657 1015 2711 κάκεῖνο
1044 2657 1183 2730 πρὸς
1210 2660 1323 2723 τοῖς
1366 2659 1681 2731 εἰρημένοις
1718 2658 1842 2715 ἑπι-

246 2745 497 2807 σκοπεῖν,
524 2744 599 2808 ὡς
625 2745 737 2817 ἔχει
768 2747 969 2820 πολλὴν
993 2748 1314 2814 διάπτωσιν,
1349 2751 1398 2803 ει
1421 2750 1504 2804 δεῖ
1528 2751 1842 2822 παρρησίαν

243 2832 406 2899 ἄγειν
433 2835 562 2904 περὶ
586 2834 813 2902 τούτων,
839 2832 883 2890 ὧ
925 2838 1263 2907 Ἀγλαοφῶν,
1291 2839 1673 2911 διαλεγόμενος
1699 2854 1841 2911 πρα-

242 2926 498 2995 γμάτων.
538 2930 758 3001 Φράσας
791 2931 902 3003 γάρ
944 2933 1329 3005 ἀποφήνασθαι
1373 2936 1464 2990 τὸν
1510 2936 1735 3008 Κύριον,
1767 2937 1842 3000 ὼς

242 3021 295 3074 οξ
329 3020 429 3091 τῆς
446 3021 809 3119 ἀναστάσεως
837 3026 1155 3097 τευξόμενοι
1188 3028 1403 3084 ἔσονται
1426 3030 1548 3083 τότε
1580 3030 1656 3094 ὡς
1684 3030 1843 3099 ἄγγε-
1870 3064 1912 3119 C

241 3112 352 3174 λοι,
383 3111 514 3167 ἔνθα
556 3116 911 3188 πειράζουσιν
950 3119 1113 3172 αὑτὸν
1146 3122 1195 3176 οε
1229 3121 1603 3181 Σαδδουκαῖοι.
1640 3121 1842 3190 ἐπέφε-

246 3222 374 3277 ρεν·
416 3208 477 3259 Οἱ
505 3207 563 3260 δὲ
593 3209 845 3277 ἄγγελοι,
878 3210 1034 3274 ἐκτὸς
1063 3212 1216 3275 ὄντες
1245 3213 1447 3286 σαρκὸς
1472 3213 1531 3269 ὲν
1571 3214 1840 3284 μακαριό-

239 3315 409 3369 τητος
437 3300 700 3372 ἀκρότητι
719 3342 734 3363 ,
764 3302 852 3356 διά
882 3302 1042 3357 τοῦτο
1075 3302 1167 3359 καὶ
1210 3303 1370 3375 δόξης
1394 3304 1518 3357 εἰσί.
1554 3306 1664 3360 Καὶ
1694 3306 1842 3376 ἡμᾶς

238 3387 300 3440 δὲ
350 3388 460 3460 ἄρα
503 3390 848 3456 ὲξισάζεσθαι
893 3391 1187 3463 μέλλοντας
1230 3395 1504 3463 ἀγγέλοις,
1533 3395 1746 3467 ἀνάγκη
1776 3394 1840 3467 δὴ

242 3480 474 3552 σαρκῶν
506 3481 766 3547 ὡσαύτως
790 3484 1022 3546 ἐκείνοις
1050 3487 1294 3556 γυμνοὺς
1319 3486 1538 3545 ἔσεσθαι
1563 3486 1694 3541 δεῖν.
1726 3487 1841 3541 Οὐκ

240 3572 573 3643 ἐπιστήσας.
605 3566 649 3626 ὧ
672 3574 885 3647 ἄριστε,
914 3574 990 3640 ὡς
1015 3577 1044 3629 ὁ
1072 3577 1307 3648 ποιήσας
1339 3578 1434 3630 καὶ
1464 3577 1841 3649 διακοσμήσας

241 3662 306 3730 ἐξ
350 3664 448 3716 οὐκ
493 3664 663 3718 ὄντων
705 3666 767 3718 τὸ
801 3669 912 3722 πᾶν
959 3669 1057 3741 τὴν
1090 3669 1199 3723 τῶν
1244 3667 1527 3723 ἀθανάτων
1571 3670 1839 3738 (priameia

246 3758 416 3830 μόνον
449 3762 530 3822 εἰς
564 3759 835 3828 ἀγγέλους
863 3761 959 3815 καὶ
983 3761 1330 3836 λειτουργοὺς
1356 3761 1639 3831 διανείμας
1666 3762 1841 3817 διεκό-

242 3864 481 3919 σμησεν,
514 3849 648 3903 ἀλλὰ
677 3849 771 3903 καὶ
802 3852 882 3915 εἰς
908 3852 1084 3923 ἀρχάς
1103 3894 1117 3915 ,
1151 3854 1245 3905 καὶ
1288 3851 1531 3923 θρόνους,
1562 3854 1657 3909 καὶ
1684 3854 1839 3920 ἐξουρ

240 3940 386 4003 σίας.
426 3941 588 3995 Ἀλλο
622 3942 733 4016 γάρ
780 3944 938 4012 γένος
982 3944 1042 3998 τὸ
1074 3943 1184 3998 τῶν
1215 3944 1403 4016 ἀρχῶν
1422 3986 1437 4011 ,
1484 3945 1579 3999 καὶ
1622 3944 1752 4000 ἄλλο
1777 3946 1840 4000 τὸ

241 4030 360 4089 τῶν
400 4031 657 4098 ἐξουσιῶν
678 4046 695 4065 ⁸
730 4034 812 4088 ὅτι
859 4034 934 4106 μὴ
962 4035 1151 4103 τάγμα
1186 4033 1266 4098 ἓν,
1298 4036 1393 4088 καὶ
1424 4035 1523 4107 μία
1553 4035 1835 4101 σύστασις,

238 4124 343 4184 καὶ
371 4123 535 4196 φυλὴ,
561 4126 656 4179 καὶ
684 4126 891 4197 πατριά
915 4126 1026 4179 τῶν
1057 4126 1359 4193 ἀθανάτων,
1386 4126 1521 4182 ἀλλά
1552 4128 1710 4199 γένη,
1744 4131 1839 4183 καὶ

239 4216 437 4287 φυλαὶ,
470 4217 566 4271 καὶ⁸
596 4218 871 4290 διαφοραί.
905 4220 1014 4277 Καὶ
1033 4218 1158 4273 οὔτε
1185 4219 1256 4274 τά
1283 4219 1549 4292 χερουϐὶμ
1570 4220 1673 4292 τῆς
1702 4221 1836 4285 ἰδίας

237 4308 579 4379 ἔξιστάμενα
622 4309 837 4379 φύσεως
884 4313 964 4376 εἰς
1005 4310 1103 4383 τὴν
1141 4309 1251 4365 τῶν
1280 4311 1529 4381 ἀγγέλων
1565 4312 1709 4367 ἰδέαν
1742 4329 1838 4385 με·

1958 456 2240 511 intcritum
2272 457 2473 512 dicere.
2507 456 2740 512 Perinde
2772 472 2835 511 ac
2866 457 2911 512 si
2947 459 3071 529 quis
3108 457 3380 512 infantilis
3404 459 3531 529 figu-

1956 565 2030 604 ne
2078 549 2380 619 perfectum
2431 550 2484 602 in
2526 550 2703 602 virum
2755 549 3044 606 transitum
3083 564 3146 603 ac
3181 550 3536 607 mutationem

1956 637 2238 692 interitum
2273 637 2536 701 nominet,
2575 653 2700 695 eum
2736 638 2883 693 illius
2914 646 3046 694 tetas
3089 638 3155 691 ad
3208 637 3537 712 magnitudi-

1954 745 2077 785 nem
2117 730 2693 800 pulchritudinemque
2741 731 3069 787 traducitur.
3119 728 3251 786 Cum
3284 732 3421 785 enim
3457 749 3540 787 ea-

1954 838 2060 880 sem
2113 823 2386 890 parvulus,
2444 821 2697 892 loquebar
2746 833 2802 875 ut
2846 823 3121 893 parvulus,
3167 825 3434 887 sapiebam
3480 835 3535 878 ut

1950 916 2227 984 parvulus,
2277 914 2569 985 cogitabam
2612 924 2668 967 ut
2708 915 2995 984 parvulus;
3038 927 3314 986 p05lquant
3364 927 3537 973 autem

1952 1005 2127 1079 factus
2155 1023 2270 1061 sum
2304 1008 2403 1071 rir,
2430 1007 2678 1063 evacuavi
2706 1023 2822 1076 qua:
2843 1017 2992 1065 eram
3024 1008 3234 1078 parvuli
3257 1010 3295 1069 ‘,
3327 1008 3385 1061 Et
3410 1024 3537 1063 vero

1953 1098 2381 1168 perturbandam
2424 1114 2547 1154 esse
2575 1107 2908 1162 creaturam,
2948 1100 3095 1153 velut
3125 1100 3179 1153 in
3212 1100 3299 1152 illa
3336 1098 3540 1153 conﬂa-

1954 1190 2204 1261 gratione
2237 1191 2559 1260 perituram,
2599 1198 2658 1244 ut
2691 1191 2888 1245 iterum
2926 1199 3164 1254 creetur,
3200 1205 3308 1244 non
3353 1199 3534 1245 tamur

1953 1283 2410 1353 exstinguendam
2449 1299 2593 1347 esse,
2643 1284 2948 1357 putandum
2995 1291 3101 1348 est,
3139 1295 3196 1337 ut
3233 1283 3535 1339 instaurate

1954 1375 2159 1428 mundo
2192 1373 2414 1443 ipsitnet
2448 1375 2741 1428 instaurati
2772 1390 2836 1433 ac
2864 1374 3073 1430 doloris
3096 1384 3348 1445 expertes
3382 1376 3535 1435 habi-

1953 1466 2165 1531 ternu’s;
2206 1450 2666 1537 quemadmodum
2705 1469 2758 1525 in
2794 1469 3096 1524 centesimo
3127 1471 3288 1523 tertio
3326 1471 3536 1540 psalmo

1952 1559 2231 1628 proditum
2263 1570 2348 1617 est
2380 1578 2393 1615 :
2430 1560 2653 1616 Entiues
2702 1564 2945 1631 spiritum
2992 1573 3160 1638 tuum,
3201 1574 3251 1617 et
3278 1563 3527 1618 creatum-

1954 1647 2073 1715 bur,
2105 1659 2152 1704 et
2181 1638 2450 1708 renovabis
2476 1651 2665 1720 facient
2697 1661 2851 1706 terra:
2875 1656 2916 1706 ⁸.
2948 1652 3104 1719 Quod
3137 1656 3393 1712 nimirum
3421 1669 3535 1713 atu-

1879 1743 1919 1798 B
1947 1738 2183 1794 bientem
2224 1756 2405 1795 aerem
2440 1750 2547 1797 tem
2561 1745 2967 1813 peratissimum
2997 1746 3259 1817 deinceps
3290 1746 3535 1808 facturus

1951 1830 2025 1885 sit
2059 1829 2221 1885 Deus.
2252 1832 2389 1887 Cum
2428 1833 2574 1888 enim
2623 1842 2748 1903 post
2782 1836 2966 1890 seaculi
3012 1841 3299 1906 praesentis
3330 1838 3536 1897 exitum

1947 1919 2127 1974 adhuc
2175 1930 2319 1977 terra
2372 1936 2794 1991 perseveratum
2848 1930 2940 1991 sit,
2992 1928 3334 1984 habitatores
3378 1929 3433 1991 in
3469 1944 3534 1984 ea

1947 2011 2213 2081 quosdam
2252 2012 2431 2069 inesse
2466 2030 2695 2072 necesse
2722 2026 2843 2082 est;
2872 2018 2964 2088 qui
2995 2034 3096 2074 nec
3126 2021 3376 2080 morituri
3409 2030 3535 2075 sunt

1947 2105 2204 2177 amplius,
2251 2122 2429 2177 neque
2475 2109 2769 2178 copulandi
2809 2111 3018 2180 nuptiis
3057 2120 3152 2166 aut
3188 2114 3537 2183 procreanda?

1945 2198 2121 2253 soboli
2154 2213 2375 2268 operam
2411 2199 2615 2262 daturi,
2666 2200 2830 2273 556
2878 2202 2974 2256 sed
3018 2204 3337 2273 angelorum
3384 2220 3536 2259 more

1944 2289 2065 2345 sine
2099 2289 2207 2343 ulla
2244 2290 2540 2346 mulatione
2588 2293 2641 2346 in
2678 2292 3107 2349 humor-talitatis
3147 2301 3289 2353 statu
3325 2295 3531 2365 optima

1945 2379 2057 2434 sint
2100 2396 2330 2450 quaeque
2374 2378 2594 2435 facturi.
2636 2380 2983 2453 Proindeque
3022 2385 3251 2443 stultum
3282 2393 3364 2443 est
3395 2400 3533 2455 qua-

1872 2487 1975 2528 nec
2008 2488 2124 2538 aer,
2186 2490 2364 2546 neque
2416 2483 2584 2545 terra,
2632 2492 2810 2548 neque
2867 2479 3166 2550 quidquam
3207 2486 3530 2535 ett-tererqu

2020 2649 2255 2710 XXXIII.
2286 2651 2383 2709 Est
2408 2653 2540 2709 illud
2572 2655 2819 2729 insuper,
2852 2672 2885 2712 ο
2912 2658 3253 2729 Aglaophon,
3280 2662 3532 2718 conside-

1946 2743 2161 2798 ratione
2196 2743 2445 2815 dignum,
2484 2762 2672 2804 errare
2704 2728 2856 2804 ilium
2895 2728 3246 2809 vehementer
3282 2768 3347 2811 ac
3392 2753 3530 2820 falli,

1946 2834 1992 2889 si
2028 2835 2172 2903 quod
2215 2852 2304 2892 res
2351 2844 2434 2892 est
2479 2837 2744 2896 audacter
2791 2844 3152 2912 pronuntiare
3193 2845 3374 2909 liceat,
3405 2862 3531 2901 cunt

1947 2923 2016 2977 iis
2046 2925 2114 2980 de
2145 2927 2309 2982 rebus
2348 2943 2659 2987 sermonem
2698 2931 2956 2989 instituit.
3001 2933 3133 2990 Nam
3167 2950 3291 2993 cum
3333 2937 3407 2990 ita
3448 2937 3535 2991 di-

1946 3013 2139 3081 xisset,
2191 3015 2478 3073 Dominum
2535 3019 2858 3079 Sadduca-is
2908 3025 3245 3082 tentantibus
3304 3043 3534 3098 respon-

1945 3105 2134 3162 disse:
2167 3107 2271 3177 Qui
2322 3120 2606 3180 compotes
2646 3115 3072 3175 resurrectionis
3114 3126 3322 3180 essent,
3362 3135 3529 3190 ange-
3626 3118 3629 3121 Α

1945 3197 2116 3251 lorum
2150 3199 2328 3255 instar
2358 3200 2576 3258 futuros
2600 3201 2654 3270 ³;
2685 3213 2810 3274 post
2842 3206 2948 3260 ista
2979 3206 3264 3274 subjunxit
3292 3228 3305 3263 :
3335 3210 3525 3281 Angeli

1943 3304 2106 3359 porro
2136 3292 2320 3346 carnis
2344 3303 2597 3363 expertes
2623 3295 2676 3349 in
2708 3312 2921 3351 summa
2951 3295 3207 3355 felicitate
3231 3301 3433 3369 degunt
3459 3316 3525 3358 ac

1942 3379 2139 3453 gloria.
2177 3379 2359 3447 Quare
2388 3391 2443 3438 et
2478 3401 2601 3449 nos,
2638 3402 2780 3456 quos
2810 3389 3015 3457 aquari
3047 3391 3255 3458 angelis
3285 3400 3524 3461 oportet,

1943 3486 2173 3528 necesse
2211 3482 2298 3529 est
2328 3476 2395 3530 ad
2428 3478 2678 3532 eumdem
2711 3481 2931 3534 modum
2965 3495 3132 3537 carne
3163 3482 3386 3538 nudari.
3415 3484 3529 3542 Nec

1944 3560 2102 3625 illud,
2145 3565 2351 3633 optime
2391 3566 2662 3632 virorum,
2708 3570 3099 3626 animadvertit
3127 3588 3274 3638 eum,
3324 3575 3417 3645 qui
3460 3590 3528 3631 ex

1942 3653 2115 3709 nihilo
2145 3655 2410 3715 mundum
2443 3656 2753 3723 fabricavit,
2786 3677 2852 3716 ac
2880 3666 3191 3729 constituit.
3224 3681 3332 3721 non
3364 3682 3531 3739 auge-

1943 3744 2009 3801 lis
2048 3746 2209 3801 modo
2241 3756 2295 3802 et
2328 3748 2672 3806 administris
2702 3754 2855 3819 suis,
2887 3755 2983 3808 sed
3018 3764 3072 3809 et
3102 3758 3526 3828 principatibus,

1942 3837 2154 3894 thronis
2226 3853 2292 3894 ac
2362 3842 2727 3909 potestatibus
2790 3845 3040 3900 eamdem
3096 3847 3527 3906 immortalitatis

1940 3928 2311 3984 conditionem
2338 3931 2617 3988 tribuisse.
2648 3932 2809 3988 Aliud
2833 3935 2979 3991 enim
3007 3946 3092 3992 est
3119 3938 3525 4010 principatuum

1939 4036 2146 4093 genus;
2177 4022 2328 4077 aliud
2363 4031 2715 4093 potestatum,
2757 4042 2824 4082 eo
2853 4028 2999 4098 quod
3031 4044 3139 4084 non
3183 4046 3326 4087 unus
3363 4033 3523 4096 ordo.

1940 4128 2042 4168 nec
2083 4129 2252 4168 unum
2283 4114 2452 4169 veluti
2485 4131 2687 4186 corpus
2717 4132 2782 4173 ac
2823 4118 3001 4174 tribus
3037 4120 3430 4176 immortalium
3470 4132 3526 4179 et

1941 4200 2146 4256 familia
2178 4203 2286 4271 sit;
2320 4204 2415 4260 sed
2449 4220 2710 4277 generum
2745 4222 2811 4262 ac
2841 4209 2989 4264 velut
3016 4211 3302 4265 nationum
3339 4212 3526 4269 divor-

1939 4296 2040 4351 tia.
2086 4295 2277 4367 Neque
2312 4297 2598 4377 cherubim
2634 4299 2801 4370 igitur
2844 4300 2914 4355 ab
2951 4311 3149 4357 natura
3198 4318 3297 4360 sua
3349 4305 3526 4362 desci-

234 4399 696 4465 τασκευάζονται,
743 4402 872 4455 οὕτε
915 4403 995 4466 εἰς
1040 4402 1242 4475 ἑτέρων
1295 4404 1457 4458 πάλιν
1493 4406 1542 4459 οἱ
1592 4405 1832 4475 ἄγγελοι.

1947 4390 2149 4446 teentia
2183 4390 2239 4445 in
2267 4392 2585 4461 angelorum
2611 4393 2981 4450 conditionem
3012 4405 3319 4461 transeunt,
3346 4414 3526 4470 neque

237 4488 402 4547 Εἶναι
431 4490 540 4564 γάρ
570 4491 712 4546 αὐτὰ
740 4496 845 4564 χρὴ
893 4493 987 4546 καὶ
1016 4493 1045 4546 ὃ
1080 4495 1208 4557 εἱσι,
1241 4493 1335 4548 καὶ
1368 4493 1397 4546 ὃ
1426 4494 1735 4565 γεγόνασιν.
1772 4494 1838 4549 Et

230 4583 359 4654 γάρ
407 4583 502 4636 καὶ
530 4585 559 4636 ὁ
601 4582 886 4650 ἄνθρωπος
930 4582 1022 4637 τὸν
1066 4583 1269 4655 κόσμον
1300 4586 1488 4648 οἰκεῖν,
1519 4585 1614 4638 καὶ
1643 4583 1751 4638 τῶν
1780 4586 1838 4637 ὲν

232 4672 399 4744 σιξ,τῷ
426 4672 646 4726 πάντων
678 4672 1031 4744 ἡγεμονεύειν
1052 4672 1417 4738 κατασταθεὶς
1447 4674 1546 4745 τῆς
1574 4672 1632 4740 ἐξ
1659 4673 1837 4745 ἀρχῆς

234 4765 660 4835 διακοσμήσεως
689 4764 959 4829 ἀθάνατος
986 4763 1085 4831 ὣν,
1112 4764 1208 4819 τοῦ
1244 4759 1383 4819 εἶναι
1423 4764 1709 4836 ἄνθρωπος
1741 4764 1835 4819 οὓ-

178 4842 203 4850 -
234 4873 380 4913 ποτε
432 4855 900 4928 μεταδληθήσεται
922 4895 938 4920 ,
981 4853 1106 4909 οὔτε
1156 4856 1238 4918 εἰς
1280 4855 1380 4927 τὴν
1419 4854 1530 4908 τῶν
1562 4855 1830 4924 ἀγγέλων,

232 4950 372 5005 οὔτε
398 4951 478 5013 εἰς
506 4949 605 5020 τὴν
626 4948 738 5002 τῶν
761 4948 963 5019 ἐτέρων
1001 4948 1240 5019 μορφήν·
1265 4947 1348 5002 ὅτι
1374 4947 1511 5018 μηδὲ
1534 4949 1583 5001 οἱ
1612 4947 1836 5018 ἄγγελοι

233 5044 326 5106 εἰς
360 5040 460 5111 τὴν
480 5039 665 5094 ἄλλων
692 5038 794 5111 τῆς
835 5038 898 5105 ἐξ
925 5039 1104 5113 ἀρχῆς
1150 5030 1296 5103 ἰδέας
1327 5038 1833 5110 μετακοσμούμενοι

239 5130 702 5206 μεταόάλλονται.

315 5333 334 5366 ³
373 5330 391 5384 l
424 5331 553 5386 Cor.
576 5345 697 5396 aut,
729 5331 816 5385 11.
895 5331 917 5362 ’³
941 5327 1087 5385 Psal.
1117 5342 1236 5391 cur,
1270 5327 1361 5383 50.

318 5488 438 5556 (39)
476 5488 811 5564 Ἐσομένῃς
839 5484 1266 5564 γὰρφαὶμετά
1305 5482 1539 5564 τοῦτοτ.
1568 5481 1695 5564 ilic
1716 5497 1841 5553 per-

242 5552 446 5633 ερῐυιιξξ
479 5552 924 5633 ροεῑῚυάίρῇιῄιί
959 5552 1451 5633 homines-terram
1494 5552 1839 5633 habitaturus

245 5625 495 5688 asserit;
521 5625 724 5683 non'ut
758 5627 1041 5682 Chiliastm
1071 5625 1137 5679 ad
1189 5625 1391 5695 aliquot
1420 5625 1685 5678 duntaxat
1732 5640 1835 5676 sre-

246 5704 406 5762 cuta.
436 5714 517 5755 sic
550 5708 607 5754 ut
644 5700 860 5753 interim
891 5712 1145 5769 suprema
1184 5694 1586 5762 illa’fclicitate,
1624 5694 1724 5748 hoc
1752 5704 1834 5751 est

1436 5326 1459 5359 ³
1488 5325 1656 5381 Marc.
1689 5343 1788 5394 xu,
1819 5328 1909 5385 ‘25.

1938 4490 2133 4538 contra
2166 4484 2399 4538 aliorum
2450 4484 2508 4539 in
2558 4492 2809 4541 naturam
2862 4489 3039 4559 angeli
3091 4499 3521 4547 commutantur.

1939 4574 2152 4646 Quippe
2184 4574 2331 4647 qdod
2364 4583 2419 4631 et
2449 4585 2600 4639 sunt.
2623 4588 2678 4633 et
2711 4578 3024 4648 cuiusmodi
3058 4584 3328 4651 producta
3366 4594 3517 4648 sunt,

1937 4679 2061 4722 esse
2082 4666 2172 4721 illa
2194 4680 2423 4722 necesse
2442 4672 2546 4722 est.
2578 4665 2791 4722 Etenim
2811 4670 2857 4724 si
2877 4678 2933 4724 et
2953 4669 3138 4733 homo.
3162 4671 3253 4742 qui
3290 4679 3349 4724 ut
3380 4672 3526 4730 hunc

1937 4756 2203 4811 mundum
2264 4757 2555 4824 habitaret,
2589 4761 2955 4832 omnibusque
2984 4762 3077 4831 qui
3124 4763 3180 4817 in
3243 4777 3310 4817 eo
3372 4772 3524 4829 sunt,

1941 4856 2224 4917 praeesset,
2244 4863 2311 4903 ex
2334 4848 2509 4919 prima
2534 4848 2897 4918 dispositione
2917 4852 3255 4906 constitutus
3274 4860 3379 4917 est,
3397 4868 3522 4906 cum

1942 4941 2014 4995 sit
2033 4941 2381 5008 immortalis,
2406 4956 2683 5013 nunquam
2718 4942 2772 4996 in
2802 4943 3144 5014 angelorum,
3175 4951 3268 4998 aut
3298 4944 3526 5001 alterius

1942 5031 2239 5100 cujuslibet
2289 5032 2520 5092 formam
2581 5049 2649 5090 ex
2701 5033 2922 5090 homine
2963 5035 3367 5091 convertendus
3402 5044 3520 5102 est;

1943 5134 2094 5182 certe
2149 5142 2270 5190 nec,
2315 5128 2493 5199 angeli
2526 5128 2594 5183 ab
2623 5143 2709 5191 ea,
2760 5143 2923 5199 quam
2977 5128 3135 5183 initio
3161 5129 3340 5184 θοι-11ιί
3372 5139 3523 5195 sunt,

1944 5220 2124 5287 specie
2157 5233 2220 5275 ac
2272 5230 2471 5275 natura
2516 5219 2900 5276 transformari
2930 5220 3241 5292 mutarique
3271 5230 3525 5292 possunt.

1948 5494 2174 5555 aspectu
2204 5484 2295 5539 Dei
2320 5492 2607 5551 carerent;
2635 5501 2824 5540 verum
2849 5492 2908 5540 ut
2933 5492 2988 5539 et
3012 5493 3275 5555 perpetuo
3305 5484 3356 5536 in
3380 5489 3528 5555 terra

1947 5550 2319 5627 degerent.et
2356 5550 2984 5612 summanihilominus
3011 5550 3134 5627 3mg
3184 5570 3247 5610 ac
3291 5550 3531 5620 perferto

1947 5626 2202 5683 beatitate
2235 5626 2575 5684 fruerentur.
