3840 6062
400 300 538 358 “23

398 509 504 562 tari
526 505 778 573 vertique
807 512 1058 557 naturam
1087 498 1325 555 hominis
1353 505 1608 569 oportere
1638 491 1978 565 praedicavit,

400 596 498 652 sed
530 595 585 649 iit
620 593 672 648 id
709 590 887 647 redire
915 590 1205 653 duntaxat,
1237 586 1389 658 quod
1420 586 1577 642 initio
1604 583 1802 647 fuerat,
1832 589 1983 639 ante-

400 699 565 756 quam
601 682 896 747 excideret,
933 687 1047 734 tum
1078 693 1203 736 cum
1242 686 1390 735 esset
1421 676 1772 733 immortalis.
1803 671 1985 742 Siqui-

401 775 523 831 dem
542 788 766 829 necesse
790 781 875 827 est
899 771 1328 842 unumquodque
1342 786 1554 834 eorum,
1572 784 1693 839 qua:
1715 766 1982 836 producta

401 876 548 928 sunt,
586 866 640 919 in
679 865 900 935 propria
941 870 1150 918 natura:
1182 878 1296 919 suae
1336 860 1514 916 forma
1562 875 1628 914 ac
1670 858 1986 914 conditione

401 971 744 1028 permanere,
788 963 847 1009 ut
884 955 1140 1009 omnibus
1172 953 1356 1007 omnia
1396 951 1779 1021 compleantur
1812 966 1825 1002 :
1856 957 1984 1017 puta

404 1049 657 1102 caelestes
702 1046 907 1116 angelis
954 1045 1137 1109 orbes,
1180 1043 1359 1103 throni
1399 1041 1782 1112 potestatibus,
1819 1037 1988 1091 admi-

411 1137 606 1192 nistris
644 1137 884 1202 lumina;
917 1136 1217 1190 diviniores
1239 1148 1405 1203 porro
1438 1132 1617 1196 sedes,
1654 1129 1986 1186 sinceriora-

404 1228 513 1298 aue
548 1227 755 1280 lumina
787 1225 1137 1295 scraphiutis,
1174 1226 1268 1294 qui
1309 1238 1536 1279 summa:
1577 1222 1663 1298 illi
1695 1221 1986 1291 providen-

410 1320 516 1378 tiae.
548 1332 653 1387 qua
689 1317 870 1371 omnia
905 1319 1276 1380 continentur,
1325 1316 1471 1370 velut
1507 1292 1849 1384 apparitores
1893 1326 1983 1366 as-

404 1410 632 1471 sistunt.
686 1407 920 1463 Mundus
961 1407 1198 1480 denique
1242 1405 1579 1461 hominibus.
1624 1403 1782 1474 557
1818 1401 1983 1471 Atqui

411 1500 459 1555 si
494 1499 547 1552 in
577 1499 800 1568 angelos
841 1497 1041 1551 mutari
1070 1497 1321 1553 homines
1351 1496 1812 1552 concesserimus.
1851 1507 1987 1555 con-

408 1604 648 1660 sequens
690 1598 775 1645 est
810 1595 866 1642 ut
895 1596 948 1643 et
982 1588 1205 1658 angelos
1247 1588 1304 1653 in
1345 1593 1662 1657 potestates,
1703 1592 1758 1640 et
1791 1584 1892 1638 has
1930 1583 1985 1641 in

1800 287 1861 343 ὃ.
1905 283 2244 341 [ΡΙΡΙΙΑΝΙΙ

468 416 535 470 Ει
560 430 686 470 vero
710 412 960 470 Christus
985 408 1282 465 adveniens
1308 421 1420 462 non
1448 405 1503 460 in
1528 404 1754 460 alteram
1783 407 1973 458 demu—
2001 410 2048 465 Α

3532 279 3670 335 ιῑει

2155 403 2213 456 Ὀ
2244 401 2352 473 γὰρ
2378 399 2608 472 Χριστὸς
2639 393 2777 472 ἧκεν
2807 398 2908 452 οὐκ
2941 398 3024 458 είς
3048 396 3241 469 ἑτέραν
3271 394 3661 467 μεταπλασθῆ-

2080 511 2170 548 ναι
2203 491 2496 564 κηρύσσων
2516 530 2531 555 ,
2567 490 2600 561 ἥ
2636 488 3146 561 μετασκευασθῆναι
3192 486 3296 558 τὴν
3329 483 3673 556 ἀνθρωπείαν

2083 584 2275 655 φύσιν,
2319 582 2455 639 ἀλλὰ
2512 583 2593 646 εἰς
2623 580 2653 635 6
2692 576 2760 651 ἦν
2799 578 2859 645 ἐξ
2902 580 3077 651 ἀρχῆς
3121 578 3232 651 πρὸ
3272 576 3372 631 τοῦ
3420 576 3670 628 ἐκπεσεῖν

2083 675 2350 739 ἀθάνατος
2381 672 2478 729 ὢν.
2505 672 2626 744 Χρὴ
2656 670 2764 743 γὰρ
2794 670 2851 723 ὲν
2888 668 2968 738 τῷ
3012 669 3127 741 ίδίῳ
3157 671 3258 740 τῆς
3281 667 3457 732 ἕξεως
3489 665 3672 719 ἑαυτοῦ

2083 765 2240 835 τύπῳ
2269 763 2379 817 τῶν
2412 762 2655 833 γενητῶν
2700 760 2927 814 ἕκαστον
2966 758 3171 831 μένειν,
3214 759 3307 812 ῖνα
3332 757 3517 811 πάντα
3546 756 3673 813 πᾶν·

2085 872 2195 910 των
2222 849 2325 909 ὦσι
2357 852 2781 924 πεπληρωμένα,
2807 850 3027 922 οὐρανοὶ
3054 851 3152 920 μὲν
3192 849 3474 918 ἀγγέλων,
3503 847 3673 918 θρόνοι

2085 946 2143 999 δὲ
2171 944 2464 1013 ἐξουσιῶν,
2508 943 2663 1012 φῶτα
2708 942 2764 996 δὲ
2796 940 3124 1013 λειτουργῶν
3144 957 3160 973 ο
3196 941 3291 993 καὶ
3324 940 3374 992 οἱ
3416 939 3673 1009 θειότερα

2086 1037 2268 1103 τόποι,
2300 1036 2395 1089 καὶ⁵
2426 1033 2497 1088 τὰ
2525 1035 2798 1105 ἀκραιφνῆ
2830 1033 2982 1103 φῶτα
3008 1032 3119 1086 τῶν
3146 1031 3417 1103 σεραφὶμ,
3448 1028 3487 1083 ἃ
3546 1046 3675 1097 παρ-

2086 1128 2347 1197 εστήκασι
2368 1128 2434 1196 τῇ
2475 1122 2879 1195 μεγάλη-βουλῇ
2914 1120 3282 1193 διακρατούσῃ
3308 1119 3372 1172 τὸ
3400 1119 3535 1172 πᾶν
3565 1120 3595 1171 6
3618 1116 3670 1170 δὲ

2089 1216 2293 1286 κόσμος
2334 1213 2664 1286 ἀνθρώπων.
2728 1214 2852 1266 Ἐὰν
2896 1212 2953 1265 δὲ
3013 1208 3458 1282 μεταϐάλλεσθαι
3504 1208 3673 1276 δῶμεν

2083 1306 2210 1369 τοὺς
2227 1303 2544 1376 ἀνθρώπους
2566 1305 2647 1367 είς
2666 1303 2950 1371 ἀγγέλους,
2975 1301 3093 1379 ὥρα
3121 1299 3567 1372 μεταϐάλλεσθαι
3595 1299 3675 1351 λέ-

2088 1414 2209 1467 γειν
2237 1396 2333 1449 καὶ
2363 1396 2489 1459 τοὺς
2518 1394 2783 1463 ἀγγέλους
2812 1395 2890 1457 είς
2935 1392 3200 1457 ἐξουσίας,
3243 1392 3343 1445 καὶ
3372 1390 3582 1453 ταύτας
3602 1391 3676 1453 είς

2092 1489 2221 1544 ἄλλο
2252 1489 2347 1541 καὶ
2376 1486 2522 1552 ἀλλο,
2562 1485 2673 1539 ἐστ’
2708 1484 2774 1539 ἂν
2806 1487 2835 1539 6
2876 1484 3032 1554 λόγος
3068 1482 3278 1546 ἀναϐὰς
3320 1483 3405 1546 είς
3444 1481 3675 1539 κίνδυνον

2095 1578 2338 1651 ἐμπέσῃ.

406 1682 556 1735 aliud
582 1689 743 1751 atque
773 1680 916 1736 aliud
950 1684 1188 1737 transire
1216 1681 1486 1748 dicamus,
1517 1679 1694 1734 donec
1722 1679 1790 1734 ad
1814 1677 2099 1747 superiora
2129 1688 2312 1731 sermo
2338 1671 2694 1744 progrediens
2724 1669 3095 1741 periculosius
3121 1667 3469 1738 implicetur.

478 1774 718 1829 XXXIV.
770 1772 957 1843 Neque
1002 1789 1130 1829 vero
1184 1774 1331 1842 quod
1373 1774 1522 1827 velut
1567 1771 1767 1827 malum
1810 1770 1988 1826 homi-

2164 1768 2287 1821 AA'.
2310 1766 2451 1819 Ἀλλ’
2478 1764 2601 1818 οὔτε
2626 1764 2701 1828 ὡς
2727 1763 2928 1832 φαῦλον
2956 1762 3366 1831 τεκτηνάμενος
3391 1763 3423 1813 ὁ
3443 1759 3576 1823 Θεὸς
3596 1759 3674 1813 τὸν

407 1880 534 1923 nem
558 1864 911 1919 fabricaverit
938 1863 1105 1927 Deus,
1132 1870 1225 1916 aut
1250 1863 1304 1916 in
1327 1877 1394 1917 eo
1420 1861 1672 1931 tingendo
1696 1860 1985 1926 aberrarit,

410 1958 663 2026 angelum
714 1964 900 2028 postea
959 1954 1138 2010 facere
1173 1956 1323 2009 illum
1368 1954 1574 2019 voluit,
1619 1955 1775 2023 quasi
1811 1953 1987 2023 ipsum

409 2047 802 2102 vilissimorum
853 2045 1109 2117 opiﬁcum
1161 2047 1336 2100 instar
1377 2045 1701 2116 poenitentia
1732 2044 1986 2115 cepisset.

409 2134 596 2207 Neque
638 2151 763 2192 cum
800 2138 1053 2208 angelum
1092 2137 1361 2208 principio
1390 2135 1572 2191 facere
1593 2136 1988 2202 constituisset,

410 2242 589 2298 neque
637 2226 691 2282 id
747 2235 893 2282 esset
950 2237 1271 2294 assecutus,
1338 2226 1613 2283 hominem
1661 2227 1988 2298 procreavit.

411 2315 645 2380 Nimium
684 2316 832 2371 istud
865 2318 1198 2374 imbecillum
1232 2327 1333 2375 est.
1378 2318 1491 2374 Cur
1518 2319 1686 2391 igitur
1714 2319 1992 2381 hominem

412 2409 666 2473 faciebat,
694 2424 805 2464 non
836 2409 1113 2481 angelum,
1141 2410 1188 2466 si
1213 2411 1464 2482 angelum
1494 2411 1768 2467 hominem
1791 2411 1991 2487 facere,

413 2515 524 2557 non
570 2499 846 2554 hominem
913 2500 1228 2569 cogitabat?
1275 2501 1360 2557 An
1413 2501 1540 2572 quia
1587 2516 1696 2556 non
1744 2502 1994 2572 poterat?

413 2589 884 2646 Contumeliosum
906 2590 1053 2651 istud
1079 2600 1132 2645 ct
1155 2592 1379 2662 itnpium
1412 2600 1515 2647 est.
1538 2592 1621 2646 An
1646 2593 1700 2647 in
1725 2593 1994 2650 deteriore

416 2689 717 2752 occupatus
750 2682 896 2753 quod
934 2683 1287 2753 praestantius
1330 2693 1414 2739 est
1448 2682 1771 2741 diﬂ‘erehat?
1802 2684 1898 2740 Est
1937 2693 1992 2741 et

419 2772 555 2833 illud
586 2774 1006 2844 perabsurdum.
1053 2774 1239 2846 Neque
1271 2772 1415 2829 enim
1450 2773 1503 2828 in
1551 2775 1824 2830 moliendo
1848 2775 1993 2829 bono

417 2866 504 2925 vel
528 2867 746 2919 aberrat
780 2864 954 2930 Deus,
991 2866 1074 2920 vel
1123 2867 1180 2919 in
1228 2865 1375 2919 aliud
1409 2877 1622 2937 tempus
1665 2865 1863 2935 rejicit,
1910 2868 1993 2922 vel

418 2955 718 3016 destitutus
754 2954 964 3008 viribus
996 2960 1103 3017 est,
1134 2953 1230 3011 sed
1268 2960 1322 3008 et
1355 2961 1632 3025 utcunque
1667 2955 1906 3021 libuerit,
1941 2965 1995 3011 et

2088 1858 2396 1929 ἄνθρωπον,
2421 1858 2454 1927 ἦ
2480 1856 2860 1928 διαμαρτήσας
2888 1853 3051 1908 αὑτοῦ
3076 1853 3206 1923 περὶ
3231 1852 3333 1923 τὴν
3362 1851 3669 1915 διάπλασιν,

2088 1950 2316 2027 ἄγγελον
2348 1948 2509 2002 αὑτὸν
2549 1947 2774 2017 ὕστερον
2799 1946 3057 2015 ἐπενόησε
3079 1945 3326 2014 ποιῆσαι,
3362 1945 3671 2013 μεταγνοὺς,

2088 2044 2277 2113 ὥσπερ
2311 2042 2360 2094 οἱ
2391 2040 2716 2110 φαυλότατοι
2743 2037 2849 2092 τῶν
2884 2037 3254 2109 δημιουργῶν·
3298 2035 3430 2089 οὔτε
3462 2037 3674 2103 ἄγγελον
3704 2072 3708 2076 Α

2091 2134 2209 2187 κατ’
2245 2129 2421 2203 ἀρχὰς
2464 2129 2697 2201 θελήσας
2743 2129 2989 2199 ποιῆσαι,
3031 2127 3128 2180 καὶ
3170 2127 3246 2197 μὴ
3276 2126 3560 2195 δυνηθεὶς.
3597 2127 3675 2179 ἀν-

2091 2222 2308 2295 θρωπον
2337 2220 2592 2275 ἔπλασεν.·
2615 2218 2868 2283 Ἀσθενὲς
2897 2217 3059 2272 τοῦτο
3089 2217 3220 2288 γάρ.
3259 2217 3329 2269 Τί
3350 2216 3418 2288 δή
3445 2233 3575 2270 ποτε
3594 2213 3673 2269 οΣν

2091 2314 2181 2368 τὸν
2212 2312 2499 2385 ἄνθρωπον
2530 2311 2725 2375 ἐποίει,
2751 2311 2845 2364 καὶ
2873 2309 2974 2365 οὐκ
3006 2308 3259 2378 ἄγγελον,
3302 2307 3425 2376 εἴγε
3460 2308 3673 2376 ἄγγελον

2092 2407 2182 2462 τὸν
2210 2406 2519 2482 ἄνθρωπον,
2551 2406 2645 2459 καὶ
2667 2406 2769 2458 οὐκ
2793 2404 3078 2475 ἄνθρωπον
3107 2400 3364 2471 γενέσθαι
3392 2401 3670 2472 ἡθέλησενς

2105 2498 2194 2561 Ὦς
2237 2500 2297 2552 οὐ
2346 2497 2679 2567 δυνάμενοςς
2732 2494 3084 2565 Βλάσφημον.
3139 2491 3308 2545 Ἀλλά
3358 2490 3675 2545 ansatum

2095 2590 2224 2661 περὶ
2254 2588 2348 2643 τοῦ
2381 2588 2693 2660 κρείττονος
2713 2587 2775 2639 τὸ
2803 2588 2985 2657 χεῖρον
3008 2582 3177 2638 ποιῶν
3198 2583 3355 2648 ﬂia).
3381 2580 3547 2635 τοῦτο
3564 2580 3676 2634 ἀτο-

2094 2698 2216 2734 πον.
2248 2679 2387 2733 Οὔτε
2408 2678 2518 2751 γὰρ
2538 2677 2924 2747 διασφάλλεται
2953 2676 3081 2748 περὶ
3113 2675 3172 2728 τὸ
3206 2677 3383 2727 ποιεῖν
3411 2674 3477 2727 τὸ
3498 2673 3673 2734 καλὸν,

2094 2769 2217 2824 οὔτε
2250 2768 2631 2829 ἀναΰάλλεται,
2667 2765 2792 2819 οὔτε
2822 2765 3097 2819 ἀδυνατεῖ·
3123 2763 3259 2818 ἀλλά
3286 2760 3383 2816 καὶ
3414 2764 3494 2826 ὡς
3520 2762 3673 2829 θέλει,

2096 2860 2192 2919 καὶ
2218 2860 2307 2912 ὅτε
2338 2858 2483 2912 θέλει
2511 2858 2573 2911 τὸ
2598 2857 2856 2911 δύνασθαι
2897 2856 3008 2925 ἔχει
3053 2854 3285 2924 δύναμις
3333 2852 3430 2907 ῶν.
3473 2852 3675 2907 οὐκοῦν

2099 2947 2238 3011 εἷναι
2253 2948 2343 3005 τὸν
2366 2949 2650 3019 ἄνθρωπον
2666 2949 2950 3020 ἄνθρωπον
2972 2946 3140 2999 θέλων
3160 2944 3220 3009 ἐξ
3248 2943 3428 3016 ἀρχῆς
3446 2944 3671 2997 ἔκτισεν.

420 3041 641 3114 quando
666 3043 905 3109 libuerit,
942 3043 1135 3114 agendi
1167 3050 1434 3114 potestate
1460 3016 1720 3114 pta-editus
1740 3058 1844 3115 ρει,
1870 3016 1993 3103 cum

2099 3043 2236 3096 Eis:
2255 3041 2445 3107 θέλων,
2460 3016 2601 3095 θέλει
2617 3041 2673 3095 δὲ
2687 3040 2748 3093 τι
2771 3016 2957 3104 καλὸν,
2969 3038 3129 3095 καλὸν
3144 3038 3245 3107 δξὸ
3263 3037 3571 3109 ἄνθρωπος,
3595 3038 3675 3090 at»

418 3131 493 3197 sit
520 3132 637 3202 ipsa
670 3131 931 3201 potentia.
964 3132 1332 3199 Quamobrem
1365 3133 1639 3189 hominem
1667 3151 1791 3191 esse
1822 3137 2000 3191 homi-

420 3238 544 3280 nem
572 3223 761 3279 volens
786 3222 942 3277 initio
975 3224 1253 3293 produxit.
1299 3222 1455 3291 Quod
1488 3226 1535 3282 si
1558 3227 1611 3281 id
1639 3229 1827 3283 volens
1853 3229 1999 3295 fecit,

418 3316 535 3371 vult
553 3327 732 3369 autem
760 3313 905 3384 quod
945 3314 1147 3370 bonum
1171 3323 1289 3379 est,
1315 3316 1477 3371 homo
1505 3333 1634 3373 vero
1658 3319 1862 3374 bonum
1890 3329 1996 3388 est,

422 3405 674 3476 idemque
726 3422 793 3461 ex
850 3406 1032 3461 anima
1111 3415 1326 3463 constat
1363 3415 1416 3461 et
1458 3424 1705 3478 corpore,
1749 3412 1999 3481 sequitur

421 3498 646 3553 minime
679 3503 831 3550 extra
859 3510 1062 3565 corpus
1096 3496 1373 3551 hominem
1404 3496 1554 3569 fore;
1593 3498 1689 3554 sed
1722 3515 1847 3554 cum
1873 3516 1995 3556 cor-

423 3600 575 3656 pore.
618 3598 686 3638 ne
730 3584 872 3638 alius
906 3593 1101 3656 praeter
1135 3586 1409 3641 hominem
1443 3588 1605 3643 homo
1640 3590 1991 3660 producatur.

425 3669 577 3740 Opus
619 3670 765 3724 enim
808 3678 893 3725 est
936 3671 1013 3725 uti
1058 3670 1167 3727 Deo
1200 3672 1531 3730 innuortalia
1575 3694 1776 3747 genera
1816 3682 1998 3737 omnia

424 3770 729 3817 serventur.
770 3759 979 3817 Creavit
1009 3765 1148 3817 enim
1183 3765 1282 3836 (ait
1316 3764 1617 3838 Sapientia)
1652 3770 1913 3827 hominem
1944 3774 1998 3829 in

424 3854 856 3923 incorruptione;
912 3853 982 3907 ad
1025 3855 1308 3925 imaginem
1355 3859 1670 3912 wternt'tatis
1718 3877 1831 3914 sua:
1877 3861 1997 3931 fecit

2095 3133 2311 3206 θρωπος
2336 3133 2393 3186 δὲ
2424 3132 2485 3185 τὸ
2508 3134 2573 3185 ὲκ
2611 3131 2789 3202 ψυχῆς
2830 3131 2925 3185 καὶ
2961 3129 3213 3201 σώματος
3251 3128 3471 3197 λέγεται
3503 3145 3676 3183 συντε-

2095 3224 2207 3279 θένδ
2249 3226 2350 3278 οὐκ
2378 3223 2529 3278 ἔσται
2560 3224 2670 3295 ἄρα
2703 3223 2858 3287 ἐκτὸς
2885 3222 3134 3294 σώματος
3159 3224 3187 3276 6
3215 3221 3522 3291 ἄνθρωπος,
3548 3220 3671 3277 ἀλλὰ

2097 3318 2235 3389 μετά
2261 3315 2535 3388 σώματος,
2571 3317 2657 3370 ῖνα
2694 3316 2768 3388 μὴ
2796 3315 2953 3380 ἄλλος
2977 3316 3262 3388 ἄνθρωπος
3295 3315 3449 3387 παρὰ
3480 3317 3567 3369 τὸν
3588 3316 3671 3368 άν-

2094 3407 2312 3480 θρωπον
2336 3407 2589 3478 γεννηθῇ,
2637 3408 2728 3459 Δεῖ
2766 3407 2874 3478 γάρ
2901 3406 2981 3477 τῷ
3024 3406 3145 3477 Θεῷ
3171 3407 3241 3460 τὰ
3267 3406 3512 3460 ἀθάνατα
3547 3407 3670 3474 γένη

2091 3496 2269 3551 πάντα
2301 3496 2588 3561 σώζεσθαι.
2640 3499 2883 3555 Ἔκτισε
2930 3496 3060 3567 γὰρ,
3089 3497 3257 3567 φησὶν
3282 3499 3317 3568 ἡ
3349 3496 3535 3565 Σοφία.
3576 3498 3671 3548 τάν

2102 3585 2414 3654 ἄνθρωπον
2447 3588 2479 3640 ὀ
2519 3586 2663 3653 Θεὸς
2685 3586 2782 3640 ἐπὶ
2812 3587 3136 3655 ἀφθαρσίᾳ,
3172 3588 3269 3641 καὶ
3299 3588 3505 3641 εικότά
3528 3585 3547 3616 ³
3575 3582 3669 3649 τῆς

2107 3676 2260 3744 ιδίας
2309 3676 2639 3745 ἁϊδιότητος
2668 3677 2961 3743 ἐποίησεν
2992 3678 3197 3731 αὐτόν.
3236 3677 3351 3730 Οὐκ
3377 3677 3487 3748 ἄρα
3512 3676 3667 3730 ἀπόλ-

2103 3769 2257 3822 λυται
2300 3767 2362 3825 τὸ
2411 3768 2601 3839 σῶμαν
2663 3770 2693 3821 6
2745 3767 2855 3837 γὰρ
2900 3768 3187 3842 ἄνθρωπος
3237 3771 3303 3822 ὲκ
3356 3770 3537 3840 ψυχῆς
3585 3766 3671 3820 καὶ

2107 3859 2385 3930 σώματος.

425 3942 578 3996 illum
608 3941 649 3996 ι.
685 3940 899 4012 Corpus
946 3942 1128 4013 itaque
1147 3959 1257 3999 non
1299 3960 1528 4014 prorsus
1573 3948 1964 4020 exstinguitur,
2013 3966 2138 4012 cum
2172 3950 2334 4004 homo
2361 3964 2428 4004 ex
2449 3963 2681 4018 corpora
2712 3948 3001 4020 animaque
3030 3950 3320 4005 coalescat.

496 4030 711 4085 XXXV.
736 4033 812 4087 Ac
841 4034 982 4098 vide,
1013 4049 1219 4103 qutcso,
1244 4038 1699 4106 quemadmodum
1736 4040 1999 4100 Dominus

425 4124 614 4180 eadem
641 4124 731 4178 illa
755 4125 969 4182 tradere
992 4127 1308 4183 Sadducaais
1330 4133 1785 4186 resurrectionem
1812 4136 1997 4191 carnis

2171 4038 2294 4095 AE'.
2331 4040 2422 4094 Διὸ
2452 4040 2764 4111 ἐπίστησον,
2809 4040 2886 4104 ὡς
2924 4042 2954 4099 6
2990 4041 3190 4113 Κύριος
3229 4040 3294 4094 τά
3329 4042 3471 4096 αὐτὰ
3506 4042 3669 4097 ταῦτα

2099 4131 2371 4195 διδάσκειν
2414 4129 2602 4197 θέλων,
2653 4131 2727 4202 μὴ
2779 4132 3147 4186 πιστευόντων
3186 4132 3555 4188 Σαδδουκαίων
3594 4139 3669 4199 εἰς

427 4215 800 4271 inliciantibus
843 4218 1092 4273 voluerit.
1127 4218 1225 4273 Est
1251 4218 1397 4272 enim
1432 4221 1534 4275 hoc
1569 4220 1993 4279 Sat'ducaeorum

2100 4223 2197 4294 τὴν
2224 4222 2520 4277 ἀνάστασιν
2552 4222 2652 4293 τῆς
2680 4223 2901 4294 σαρκός.
2933 4224 3119 4294 Δόγμα
3148 4224 3258 4295 γὰρ
3275 4224 3439 4278 τοῦτο
3460 4226 3670 4281 Σαδδου-

426 4306 643 4375 dogtna.
675 4303 825 4359 Unde
850 4306 1080 4361 conﬁcta
1106 4306 1195 4362 illa
1221 4306 1287 4362 de
1317 4309 1564 4379 muliere,
1593 4310 1767 4381 deque
1789 4324 1993 4382 septem

2100 4314 2289 4366 καίων.
2323 4313 2484 4368 Ὅθεν
2514 4316 2982 4384 συσκευασάμενοι
3019 4315 3117 4385 τὴν
3146 4316 3286 4368 κατὰ
3317 4316 3418 4388 τὴν
3442 4320 3665 4386 γυναῖκα

428 4394 694 4449 iratrihus
744 4395 1030 4464 parabola,
1061 4412 1224 4466 quam
1272 4397 1533 4454 adversus
1577 4402 1999 4459 resurrectionis

427 4498 717 4553 corporum
749 4483 940 4554 dogma
970 4496 1375 4556 proponerent:
1407 4494 1746 4546 Accesserant
1771 4493 1839 4547 ad
1855 4511 1996 4559 eum,

428 4575 635 4645 inquit,
671 4585 721 4629 et
773 4575 1086 4642 Sadducwi,
1120 4578 1351 4635 dicentes
1404 4586 1838 4640 resurrectionem
1896 4604 1996 4642 non

426 4682 541 4729 esse
575 4668 618 4723 '.
649 4666 885 4723 Proinde
909 4667 1182 4733 Christus,
1206 4671 1253 4724 si
1276 4672 1424 4725 nulla
1445 4676 1628 4748 carnis
1649 4685 1795 4731 esset
1823 4693 2001 4733 resur-

429 4756 621 4818 rectio,
651 4756 746 4811 sed
786 4759 964 4812 anima
994 4760 1262 4815 duntaxat
1291 4765 1522 4821 salutem
1548 4779 1995 4837 consequeretur,

429 4845 541 4901 illis
578 4846 790 4914 utique,
821 4857 1009 4918 utpote
1042 4861 1190 4907 recte
1216 4868 1280 4909 ac
1323 4859 1583 4926 praeclare
1612 4860 1996 4925 sentientibus,

429 4950 586 4990 suam
635 4939 1011 4995 auctoritatem
1061 4943 1399 5015 adjungeret.
1454 4948 1617 5018 Atqui
1664 4950 1769 5003 alia
1814 4955 1998 5008 omnia

429 5027 744 5095 respondit;
767 5036 853 5082 et:
880 5029 943 5082 In
971 5033 1371 5089 resurrectione.
1394 5035 1588 5105 inquit,
1619 5053 1776 5107 neque
1799 5037 1999 5093 ducunt

430 5128 639 5183 uxores,
679 5133 840 5187 neque
873 5121 1114 5186 nubunt;
1164 5123 1255 5178 sed
1287 5134 1341 5177 ut
1376 5126 1549 5196 angeli
1586 5127 1641 5181 in
1681 5128 1810 5182 caelo
1847 5140 1992 5183 sunt.

428 5201 547 5258 Non
576 5209 721 5274 quod
754 5225 973 5268 carnem
1011 5215 1246 5286 amplius
1288 5232 1396 5271 non
1430 5218 1684 5282 habeant,
1719 5220 1811 5276 sed
1849 5221 1995 5290 quod

430 5297 876 5364 nuptias'mutuo
907 5308 1086 5362 nullas
1112 5311 1473 5378 contrahant;
1521 5311 1685 5382 558
1720 5312 1813 5367 sed
1850 5313 1998 5367 dein-

429 5399 558 5455 ceps
585 5392 903 5459 corruptelae
935 5405 1063 5449 sunt
1103 5400 1281 5452 omnis
1312 5409 1583 5471 expertes.
1621 5400 1685 5454 Et
1718 5401 1866 5455 addit
1896 5418 1996 5456 nos

430 5477 534 5535 hac
571 5478 626 5532 in
661 5491 812 5549 parte
845 5486 1161 5553 angelorum
1201 5505 1322 5543 esse
1358 5492 1590 5557 similes,
1642 5498 1700 5545 ut
1734 5489 1997 5557 quemad-

505 5632 523 5665 ⁸
548 5634 678 5701 Sap.
711 5650 769 5701 tt,
796 5636 883 5689 25.

963 5639 982 5667 ¹
1017 5635 1204 5691 Matth.
1241 5657 1372 5707 xm,
1402 5642 1473 5695 25
1570 5643 1588 5673 ³
1626 5643 1684 5695 ι’.
1720 5645 1839 5696 κατ’
1874 5646 2077 5702 εἰκόνα.

2096 4404 2190 4458 καὶ
2230 4403 2356 4466 τοὺς
2398 4403 2539 4457 ἑπτα
2581 4403 2841 4473 ἀδελφοὺς
2888 4404 3224 4475 παραϐολὴν,
3278 4406 3371 4459 ἵνα
3413 4407 3503 4459 τὸν
3547 4409 3665 4478 περὶ

2096 4496 2445 4559 ἀναστάσεως
2467 4495 2564 4564 τῆς
2597 4496 2798 4568 σαρκὸς
2821 4494 2981 4564 λόγον
3020 4496 3363 4566 ἀπορήσωσι,
3393 4496 3665 4570 "poetil-

2096 4588 2205 4639 θον
2224 4584 2404 4650 αὐτῷ,
2437 4587 2590 4654 φησὶ,
2636 4587 2734 4640 καί
2764 4585 3176 4649 Σαδδουκαῖοι,
3211 4588 3498 4657 λέγοντες
3522 4589 3664 4643 ἀνά-

2096 4693 2321 4731 στασιν
2340 4675 2427 4746 μὴ
2460 4677 2631 4731 εἶναι.
2665 4678 2725 4730 Ὀ
2755 4674 2847 4732 οὖν
2879 4679 3133 4748 Χριστὸς,
3164 4681 3213 4732 εί
3241 4678 3315 4750 μὴ
3340 4674 3408 4750 ἦν
3435 4681 3662 4734 ἀνάστα-

2094 4784 2179 4831 σις
2216 4766 2439 4837 σαρκὸς,
2480 4766 2617 4819 ἀλλά
2657 4768 2817 4837 μόνον
2848 4768 3081 4833 ἐσώζετο
3109 4768 3278 4840 ψυχὴ,
3317 4769 3566 4823 συνέθετο
3599 4769 3663 4823 ἂν

2089 4858 2294 4919 αὐτοῖς,
2324 4856 2400 4919 ὡς
2430 4856 2610 4920 καλῶς
2638 4858 2730 4910 καὶ
2761 4856 2937 4928 ὀρθῶς
2966 4857 3243 4930 φρονοῦσι.
3282 4858 3421 4912 Νυνὶ
3443 4858 3501 4911 δὲ
3528 4860 3659 4912 ἀπο-

2089 4948 2355 5019 κρίνεται,
2379 4946 2573 5016 λέγων·
2612 4948 2713 5002 Ἐν
2728 4947 2803 5016 τῇ
2825 4948 3157 5003 ἀναστάσει
3185 4950 3323 5004 οὔτε
3347 4951 3656 5020 γαμοῦσιν,

2089 5040 2228 5093 οὔτε
2283 5040 2696 5109 γαμίσκονται·
2740 5039 2880 5095 ἀλλ’
2921 5041 3003 5108 ὡς
3037 5040 3277 5110 ἄγγελοι
3322 5043 3392 5095 ἐν
3432 5040 3659 5112 οὐρανῷ

2092 5134 2272 5185 εἰσιν.
2302 5132 2377 5185 06
2413 5132 2491 5203 τῷ
2526 5133 2706 5204 σάρκα
2737 5131 2811 5203 μὴ
2852 5131 3018 5203 ἔχειν,
3054 5132 3188 5186 ἀλλὰ
3230 5130 3313 5202 τῷ
3352 5134 3427 5206 μὴ
3469 5135 3657 5201 γαμεῖν

2093 5222 2187 5274 καὶ
2226 5221 2539 5292 γαμεῖσθαι,
2567 5223 2703 5277 ἀλλά
2734 5218 2871 5277 εἶναι
2898 5224 3083 5277 λοιπὸν
3121 5225 3180 5278 ὲν
3217 5223 3515 5296 ἀφθαρσίᾳ.
3554 5224 3656 5277 Καὶ

2094 5328 2259 5382 φησιν
2298 5312 2548 5382 ἀγγέλοις
2586 5314 2727 5369 κατά
2767 5312 2924 5368 τοῦτο
2964 5313 3566 5386 παραπλησιασθέντας·
3592 5314 3663 5369 ἶν’

2094 5402 2283 5473 ὥσπερ
2308 5404 2357 5455 οἱ
2395 5404 2613 5471 ἄγγελοι
2642 5407 2699 5457 ὲν
2722 5404 2800 5475 τῷ
2830 5404 3065 5476 οὐρανῷ,
3096 5403 3272 5466 οὕτως
3300 5406 3396 5457 καὶ
3422 5406 3580 5475 ἡμεῖς
3611 5410 3664 5460 ὲν

2093 5494 2171 5567 τῷ
2203 5492 2533 5565 παραδείσῳ,
2565 5496 2700 5565 μήτε
2735 5497 2933 5567 γάμοις
2972 5496 3005 5565 ἦ
3034 5493 3340 5558 εἰλαπίναις
3364 5494 3448 5549 ἔτι
3470 5494 3650 5568 σχολά-
