3948 6068
172 293 296 346 H25
812 288 1180 348 ADVliftSl'S
1219 287 1562 344 IIERESES
1601 284 1727 343 LIB.
1766 284 1828 340 ll.
1872 285 2037 342 TUM.
2075 288 2117 344 l.
2141 317 2209 330 -ρ
2245 285 2517 340 “AZRRS.
2555 284 2714 339 LXIV
3273 286 3409 343 “‘26

170 412 359 473 ξοντες.
411 404 546 463 ἀλλά
592 404 719 459 τοῦι
772 407 992 477 βλέπειν
1026 408 1116 465 τὸν
1148 408 1300 474 Θεὸν,
1340 409 1435 463 καὶ
1468 411 1731 480 γεωργεῖν

1838 406 2058 461 modum
2091 408 2265 476 angeli
2290 408 2352 481 in
2386 408 2526 461 (mlo
2547 446 2561 470 ,
2598 407 2678 463 sic
2723 421 2825 460 nos
2856 406 2912 461 in
2946 406 3202 476 paradiso
3234 423 3408 477 neque

168 497 255 569 τὴν
282 497 448 568 ζωὴν,
485 498 911 567 πρυτανεύοντος
945 501 1073 571 ἡμῖν
1106 498 1199 554 τοῦ
1232 481 1484 571 Χριστοῦ.
1517 501 1592 554 Οὐ
1622 501 1730 572 γάρ

1838 496 2040 567 nuptiis
2066 497 2333 566 amplius,
2375 511 2551 566 neque
2578 495 2844 551 conviviis
2880 495 3282 564 indulgeamus,
3313 496 3407 551 sed

168 583 336 654 εἶπεν,
386 589 642 641 Ἔσονται
683 588 933 659 ἄγγελοι,
979 589 1120 656 ἀλλ’,
1173 591 1255 657 ὡς
1304 590 1572 661 ἄγγελοι,
1617 586 1731 645 οἷον

1838 586 1887 640 in
1914 587 2334 656 contemplanda
2355 586 2464 641 Deo
2487 585 2893 654 excolendaque
2919 586 3028 639 vita
3053 585 3225 640 simus
3246 600 3414 639 occu-

166 679 302 746 δόξῃ
325 679 445 747 μὲν
464 678 560 732 καὶ
587 679 747 749 τιμῇ,
775 682 920 734 κατά
956 685 1017 734 τὸ
1046 681 1452 753 γεγραμμένον,
1474 682 1731 751 duresca-

1838 679 1967 749 pali,
2012 678 2241 749 praeside
2290 694 2353 735 ac
2406 678 2752 735 moderatore
2794 676 3035 741 Christo.
3092 674 3208 730 Non
3264 675 3411 730 enim

166 770 431 840 νωμένοι,
457 771 659 840 ,ϐραχὺ
695 771 763 825 δέ
793 789 849 826 τι
880 774 1039 842 παρὰ
1068 774 1204 840 τοὺς
1238 773 1532 843 ἀγγέλους
1566 774 1734 827 διαλ-

1838 771 1989 834 dixit,
2032 772 2203 826 Erunt
2228 771 2400 840 angeli
2442 789 2455 824 :
2491 770 2582 824 sed
2608 810 2622 831 ,
2654 771 2788 826 sicut
2827 768 3036 839 angeli;
3073 769 3296 838 perinde
3347 782 3410 821 ac

165 860 518 928 λάσσοντες,
540 862 633 915 καὶ
662 863 829 931 ἐγγὺς
858 861 1010 926 ὅντες
1025 863 1117 916 τοῦ
1149 858 1287 916 εἶναι
1314 862 1550 931 ἄγγελοι.
1579 863 1730 916 Καο-

1838 852 2003 932 gloria
2026 870 2075 916 et
2104 863 2300 916 honore
2321 862 2583 919 coronati.
2613 860 2688 912 uti
2717 860 2980 928 scriptum
3002 866 3107 921 est,
3129 856 3409 927 paululum

166 950 300 1021 άπερ
325 953 372 1004 εί
402 952 587 1021 ἔλεγεν
609 970 623 984 ο
656 952 838 1024 Οὔσης
865 952 1119 1018 εὐταξίας
1155 954 1297 1007 κατά
1329 954 1419 1007 τὸν
1449 954 1607 1024 ἀέρα,
1637 955 1731 1008 καὶ

1838 970 1949 1008 vero
1982 955 2048 1007 ab
2081 952 2280 1023 angelis
2324 952 2625 1021 differentes
2653 951 2696 1012 ⁸,
2737 958 2900 1019 atque
2939 949 3155 1001 illorum
3201 958 3410 1001 natura:

165 1042 419 1112 γαλήνης,
467 1041 560 1094 καὶ
600 1045 813 1106 νυκτὸς,
854 1044 949 1097 καὶ
987 1044 1205 1099 πάντων
1234 1044 1343 1097 τῶν
1372 1045 1471 1115 τῆς
1502 1045 1733 1116 σελήνης

1838 1045 2091 1115 proximi.
2131 1044 2300 1110 Quasi
2338 1044 2410 1097 ita
2439 1043 2644 1097 diceret
2674 1061 2685 1096 :
2722 1040 3038 1110 Tranquillo
3070 1056 3164 1109 per
3192 1051 3407 1094 noctem

165 1133 381 1204 αίθερίῳ
411 1134 551 1203 φωτὶ
590 1136 1038 1207 κεκοσμημένων,
1074 1137 1106 1207 ἡ
1149 1136 1344 1208 σελήνη
1389 1136 1567 1205 φαίνει
1597 1135 1672 1200 ὡς
1701 1137 1731 1191 ό

1838 1151 1901 1190 ac
1927 1150 2124 1192 sereno
2148 1150 2293 1200 aere,
2317 1150 2441 1189 cum
2467 1133 2677 1188 etelesti
2706 1133 2846 1187 luna:
2871 1134 2989 1186 luce
3015 1132 3410 1185 collustrantur

164 1224 325 1295 ἣλιος.
377 1225 487 1278 Καὶ
531 1225 591 1278 οὐ
643 1226 859 1288 πάντως
906 1225 972 1279 ἂν
1004 1227 1155 1298 ἥλιον
1200 1224 1339 1281 εἶναι
1373 1227 1469 1300 τὴν
1504 1229 1730 1301 σελήνην

1838 1228 2039 1295 omnia,
2084 1224 2217 1284 solis
2246 1227 2420 1282 instar
2447 1226 2573 1279 luna
2601 1223 2929 1293 resplendet.
2967 1221 3102 1275 Tum
3125 1223 3267 1275 enim
3300 1236 3410 1277 non

164 1317 567 1387 ἀπομαρτυρεῖν
598 1316 762 1371 αὑτὸν
792 1316 1043 1389 λέγομεν,
1075 1319 1188 1374 ἀλλ’
1215 1319 1291 1383 ὡς
1321 1320 1490 1392 ἥλιον.
1522 1322 1731 1394 Ὥσπερ

1838 1321 2061 1377 omnino
2090 1321 2261 1375 solem
2287 1334 2411 1375 esse
2432 1319 2616 1372 lunam
2640 1332 2705 1371 ex
2733 1317 2880 1371 illius
2921 1315 3234 1370 testimonio
3258 1313 3411 1367 colli-

162 1408 251 1461 καὶ
272 1408 331 1461 τὸ
357 1408 429 1491 μὴ
451 1409 694 1480 ὑπάρχον
717 1411 936 1482 χρυσὸς,
967 1413 1135 1481 ἐγγὺς
1155 1412 1211 1466 δὲ
1230 1411 1321 1466 τοῦ
1344 1408 1483 1467 εἶναι
1508 1413 1729 1486 χρυσὸς,

1838 1428 2101 1485 geremus,
2130 1412 2226 1468 sed
2259 1411 2325 1465 ad
2359 1412 2527 1467 solem
2553 1409 2831 1465 accedere.
2867 1409 3020 1461 Sicut
3045 1407 3188 1476 quod
3214 1420 3408 1460 aurum

163 1499 395 1568 πεφυκὸς
419 1499 494 1563 ὼς
523 1503 721 1573 χρυσὸς
755 1501 992 1572 λέγεται,
1029 1505 1120 1558 καὶ
1156 1506 1216 1558 οὐ
1242 1507 1460 1576 χρυσός.
1490 1506 1552 1559 El
1582 1505 1639 1558 δὲ
1663 1500 1731 1577 ἦν

1838 1506 2076 1566 nonest,
2111 1516 2164 1559 et
2185 1518 2320 1557 auro
2345 1511 2525 1556 tamen
2555 1509 2751 1556 natura
2782 1513 2879 1555 sua
2914 1499 3275 1569 propinquius
3298 1506 3406 1562 est,

161 1587 373 1662 χρυσὸς.
394 1588 491 1642 οὐκ
518 1590 733 1658 ἐλέγετο
755 1590 820 1645 ἂν
842 1592 917 1656 ὡς
938 1593 1156 1663 χρυσὸς,
1180 1593 1316 1647 ἀλλὰ
1332 1595 1551 1665 χρυσός.
1576 1595 1731 1647 Ἐπεὶ

1838 1611 1943 1650 non
1978 1609 2197 1661 aurum,
2225 1592 2468 1655 sedauri
2499 1590 2678 1647 simile
2708 1604 2831 1645 esse
2857 1588 3080 1652 dicitur,
3110 1588 3255 1657 quod
3281 1588 3407 1658 qui-

160 1681 212 1735 δὲ
238 1681 313 1753 μὴ
340 1681 453 1735 ἐστι
489 1687 708 1752 χρυσὸς.
745 1684 915 1737 ἀλλά²
946 1684 1040 1738 τοῦ
1074 1681 1209 1740 εἶναι
1236 1686 1453 1757 χρυσὸς,
1484 1687 1578 1741 καὶ
1598 1704 1726 1757 φαν-

1838 1688 1956 1742 dem
1996 1702 2188 1740 aurum
2232 1685 2278 1740 si
2322 1691 2487 1746 esset.
2535 1698 2642 1737 non
2682 1682 2800 1736 auri
2835 1682 3032 1743 simile,
3069 1681 3161 1736 sed
3213 1694 3407 1734 aurum

159 1773 411 1837 τάξεσθαι
433 1775 524 1827 τὸν
555 1776 772 1846 χρυσὸν,
799 1777 874 1840 ὡς
896 1778 1092 1848 χρυσὸς
1120 1777 1357 1847 λέγεται.

1838 1778 2129 1833 diceretur.
2160 1775 2317 1834 Nunc
2348 1773 2608 1845 quoniam
2643 1786 2837 1826 aurum
2868 1787 2977 1827 non
3011 1779 3116 1837 est,
3150 1771 3245 1827 sed
3275 1785 3410 1826 auro

1831 1867 2164 1938 proximum,
2220 1863 2579 1934 ejusdemque
2635 1864 2899 1917 mentitur
2954 1862 3227 1933 speciem,
3287 1861 3406 1916 auri

1831 1959 2010 2016 simile
2042 1964 2415 2027 nuncupatur.

1902 2047 2103 2103 Eodem
2134 2045 2295 2101 modo
2333 2058 2558 2115 prorsus
2584 2042 2729 2113 quod
2749 2042 2805 2097 in
2841 2044 3245 2099 resurrectione
3278 2058 3410 2100 san-

1830 2148 1949 2194 ctos
1981 2138 2296 2207 angelorum
2334 2134 2451 2197 [ore
2492 2136 2702 2189 similes
2741 2137 3139 2203 pronuntiavit,
3178 2152 3287 2190 non
3330 2136 3411 2190 sic

1831 2229 2207 2300 accipiendum
2228 2235 2333 2291 est,
2357 2227 2513 2296 quasi
2544 2226 2594 2278 in
2632 2228 2946 2294 angelorum
2975 2234 3227 2280 naturam
3257 2236 3410 2279 tran-

1829 2323 2284 2379 scribendosesse
2302 2325 2524 2373 sanctos
2540 2318 2592 2370 in
2612 2317 2701 2370 illa
2722 2317 3127 2371 resurrectione
3147 2316 3409 2383 voluerit;

1832 2412 1926 2468 sed
1961 2413 2096 2465 nihil
2130 2408 2300 2475 aliud,
2336 2409 2440 2464 nisi
2481 2409 2797 2479 angelorum
2843 2408 3141 2463 conditioni
3184 2410 3410 2478 prepin-

1832 2518 1970 2574 quos
1990 2502 2223 2556 futuros.
2247 2499 2613 2566 Quamobrem
2632 2500 3023 2554 stultissimum
3048 2499 3176 2553 mihi
3198 2500 3414 2552 videtur

1832 2594 1908 2648 ita
1949 2592 2205 2663 colligere
2236 2610 2249 2646 :
2284 2589 2556 2658 Quoniam
2593 2587 2847 2645 Christus
2877 2598 3098 2643 sanctos
3136 2590 3189 2642 in
3227 2604 3414 2643 resur-

1834 2685 2077 2740 rectione
2103 2691 2362 2753 tauquam
2387 2681 2615 2752 angelos
2642 2682 2817 2735 visum
2842 2682 2907 2735 iri
2937 2682 3268 2750 praedixerit,
3299 2681 3415 2735 lucc

1835 2773 2042 2833 idcirco
2088 2783 2470 2828 resurrectura
2513 2787 2621 2826 nun
2661 2787 2783 2827 esse
2816 2787 3068 2842 corpora.
3099 2770 3416 2826 Praesertim

1834 2881 1960 2922 cum
1982 2864 2306 2920 vocabulum
2328 2865 2509 2934 ipsum
2532 2863 2653 2933 ejus
2674 2865 2818 2934 quod
2843 2863 3110 2932 contingit
3144 2867 3413 2917 actionem

1833 2957 2121 3028 perspicue
2142 2953 2402 3013 declaret.
2430 2953 2566 3008 Nam
2586 2954 2919 3010 resurrectio
2940 2969 3049 3008 non
3073 2953 3140 3009 de
3160 2968 3246 3021 eo,
3271 2952 3419 3023 quod

1839 3061 2120 3117 nunquam
2172 3044 2391 3108 cecidit,
2446 3046 2541 3099 sed
2586 3045 2654 3099 de
2688 3060 2785 3109 eo,
2821 3044 2968 3115 quod
3008 3046 3207 3100 cecidit
3253 3054 3421 3116 atque

1832 3143 2030 3199 iterum
2077 3136 2346 3205 assurgit.
2390 3143 2711 3203 usurpatur.
2773 3134 2929 3190 Velut
2978 3150 3103 3189 cum
3156 3138 3421 3206 propheta

1831 3227 2005 3283 dicit:
2045 3225 2113 3279 Et
2162 3227 2405 3278 excitabo
2444 3225 2847 3278 tabernaculum
2886 3224 3061 3280 David
3103 3226 3242 3295 quod
3276 3227 3415 3281 ceci-

1832 3320 1912 3374 dit
1944 3319 1988 3371 ‘.
2029 3316 2243 3379 Cecidit
2299 3332 2462 3387 porro
2506 3327 2751 3386 optatum
2806 3297 2941 3371 illud
2996 3318 3192 3372 anima!
3236 3320 3421 3373 taber-

1834 3411 2092 3468 naculum
2132 3411 2186 3464 in
2233 3418 2432 3463 terram
2478 3408 2684 3479 aggeris
2708 3409 2730 3439 '
2764 3409 3092 3479 collapsum.
3126 3409 3244 3464 Non
3275 3411 3420 3465 enim

1834 3500 1982 3573 quod
2010 3516 2117 3555 non
2142 3498 2374 3554 moritur
2394 3537 2409 3560 ,
2437 3496 2533 3552 sed
2557 3495 2703 3567 quod
2727 3497 2962 3551 moritur
3000 3497 3265 3551 inclinare
3287 3496 3426 3550 dici-

1838 3603 1946 3645 tur.
1966 3591 2035 3644 At
2068 3590 2303 3643 moritur
2330 3602 2480 3642 caro.
2511 3585 2709 3641 Anima
2732 3587 2936 3657 quippe
2967 3586 3292 3641 inmortalis
3317 3595 3421 3642 est.
3464 3594 3475 3605 ’

819 3678 958 3757 ωκὸς
1013 3678 1105 3730 καὶ
1145 3678 1325 3731 κλιθὲν
1381 3678 1733 3745 διανίσταται,
1835 3681 2178 3750 Quapropter
2215 3679 2261 3732 si
2300 3678 2630 3732 immortalis
2654 3684 2740 3732 est
2786 3679 2991 3743 anima,
3038 3693 3243 3748 corpus
3292 3693 3426 3734 vero

147 3767 304 3822 κατὰ
322 3767 383 3820 τὺ
405 3767 809 3839 γεγραμμένον·
835 3770 891 3821 Μ
896 3765 932 3835 ὴ
956 3769 988 3821 ὀ
1009 3767 1243 3820 πίπτων
1264 3768 1375 3821 οὐκ
1397 3768 1735 3834 ἀνίσταται,

1838 3774 2069 3843 cadaver
2084 3782 2197 3838 est;
2222 3771 2314 3841 qui
2345 3771 2414 3824 ita
2435 3772 2899 3824 resurrectionem
2928 3768 3045 3824 fore
3066 3770 3422 3835 conﬁtentur,

146 3859 193 3928 ἣ
223 3862 258 3913 δ
286 3858 684 3928 ἀποστρέφων
714 3860 825 3912 οὐκ
856 3857 1251 3927 ἀναστρέφει;

1838 3871 1897 3919 ιιι
1925 3878 2044 3918 eam
2076 3861 2298 3917 nihilad
2332 3877 2553 3916 carnem
2591 3871 2866 3931 pertinere
2907 3869 3127 3931 putent,
3174 3877 3429 3916 resurre-

147 3951 401 4005 ctionem
435 3949 680 4004 funditus
725 3955 947 4014 negant.
997 3946 1448 4018 Quandoquidem
1492 3964 1601 4004 non
1635 3950 1768 4005 illud
1808 3953 1957 4023 quod
1982 3959 2111 4016 stat,
2139 3952 2235 4008 sed
2264 3952 2408 4024 quod
2432 3950 2655 4016 cecidit,
2683 3958 2735 4006 et
2764 3950 3072 4013 inclinavit,
3127 3966 3428 4020 exsurgere

148 4042 388 4104 dicitur,
436 4056 535 4111 pro
563 4056 629 4096 eo
657 4055 720 4094 ac
761 4039 1028 4109 scriptum
1062 4046 1146 4094 est
1194 4057 1207 4094 :
1249 4037 1396 4094 Nam
1429 4042 1520 4110 qui
1564 4042 1753 4096 cecidit
1811 4060 1913 4097 non
1955 4045 2235 4114 resurget?
2278 4052 2371 4099 aut
2414 4043 2504 4108 qui
2546 4058 2763 4096 aversus
2795 4050 2872 4096 est
2910 4058 3015 4095 non
3060 4042 3430 4095 revertetur“?

229 4138 374 4204 ΔΕΓ.
421 4134 539 4189 Ὅτι
567 4135 622 4188 δὲ
656 4134 925 4198 ἀθάνατος
956 4135 989 4206 ὴ
1023 4134 1192 4206 ψυχὴ,
1225 4134 1462 4202 ἐδίδαξεν
1494 4138 1738 4207 ἀναφαν-

1918 4138 2082 4217 559
2100 4138 2338 4195 XXXVI.
2378 4137 2534 4206 Quod
2557 4148 2738 4193 autem
2769 4138 3096 4194 immortalis
3123 4138 3304 4192 anima
3333 4139 3426 4204 sit,

147 4230 251 4284 δδν
282 4231 313 4281 ὁ
350 4228 555 4302 Κύριος
581 4228 673 4281 καὶ
707 4226 772 4279 δι’
807 4225 1022 4292 ἑαυτοῦ,
1055 4228 1148 4280 καὶ
1174 4225 1262 4281 διὰ
1295 4227 1613 4299 Σαλομῶνος
1662 4231 1740 4285 εί-

1847 4231 2135 4287 manifeste
2180 4230 2447 4286 Dominus
2496 4245 2620 4285 cum
2665 4243 2761 4300 per
2803 4243 2947 4297 sese,
2980 4236 3093 4283 tum
3130 4244 3227 4299 per
3275 4227 3431 4285 Salo-

148 4319 303 4374 πὼν.
334 4320 410 4373 Δι’
438 4318 632 4372 ἑαυτοῦ
662 4319 761 4390 μὲν
786 4319 844 4370 ἐν
870 4319 938 4388 τῇ
974 4317 1118 4372 κατά
1139 4316 1230 4370 τὺν
1262 4315 1516 4371 πλούσιον
1539 4320 1631 4372 καὶ
1649 4318 1741 4373 τὸν

1848 4338 2067 4379 monem
2120 4322 2362 4379 edocuit.
2414 4320 2520 4376 Per
2564 4336 2686 4377 sese
2734 4318 2978 4390 quidem,
3024 4319 3080 4374 in
3136 4319 3325 4376 divitis
3368 4334 3433 4374 ac

148 4413 376 4483 πένητα
406 4409 656 4484 Λάζαρον
685 4410 919 4482 ἱστορίᾳ,
944 4407 1034 4461 τὸν
1057 4407 1155 4477 μὲν
1172 4409 1229 4461 ὲν
1250 4406 1470 4472 κόλποις
1490 4408 1741 4483 Ἀϐραὰμ

1846 4414 2036 4471 Lazari
2059 4416 2316 4487 pauperis
2336 4414 2566 4469 historia
2584 4413 2624 4466 ⁷;
2648 4425 2880 4482 quorum
2901 4412 3044 4466 hunc
3066 4411 3119 4467 in
3136 4412 3432 4469 Abrahami

147 4505 287 4569 δοὺς
331 4503 701 4558 ἀναπαύεσθαι
744 4503 882 4574 μετά
916 4500 1012 4573 τὴν
1042 4500 1299 4555 ἀπόθεσιν
1341 4500 1436 4554 τοῦ
1472 4501 1741 4572 σώματος,

1839 4497 1970 4563 ἐἰηιι
2005 4516 2129 4579 post
2162 4513 2389 4561 exutum
2428 4518 2639 4574 corpus
2662 4503 3011 4573 acquiescere
3045 4504 3219 4557 voluit
3249 4522 3263 4558 :
3299 4504 3433 4557 alte-

1761 1746 1803 1805 Β

225 2039 383 2095 Οὕτω
428 2040 523 2094 καὶ
575 2040 651 2103 ὡς
705 2039 973 2109 ἀγγέλους
1026 2039 1245 2095 ἔσεσθαι
1304 2041 1553 2111 λέγοντος
1601 2045 1731 2108 τοὺς

157 2132 341 2201 ἁγίους
381 2133 439 2186 ὲν
484 2136 548 2206 τῇ
594 2133 909 2198 ἀναστάσει,
961 2134 1062 2188 οὐκ
1106 2134 1238 2188 αὐτὸ
1277 2133 1435 2187 τοῦτο
1464 2135 1730 2204 ἀγγέλους

156 2224 315 2278 αὐτὸν
369 2224 797 2293 ἐπαγγέλλεσθαι
847 2224 1117 2296 ἀκούομεν
1167 2225 1295 2289 τοὺς
1348 2225 1535 2294 ἁγίους
1568 2229 1625 2279 ὲν
1661 2228 1727 2298 τῇ

156 2315 449 2371 ἀναστάσει
497 2314 736 2380 ἔσεσθαι,
771 2314 907 2367 ἀλλά
948 2314 1115 2383 ἐγγὺς
1145 2314 1239 2373 τοῦ
1272 2309 1411 2368 εἶναι
1443 2315 1726 2383 ἀγγέλους.

158 2405 321 2458 Ὠστε
364 2403 702 2474 ἀλογώτατον
738 2403 940 2473 λέγειν,
981 2403 1167 2475 ἐπειδὴ
1197 2404 1225 2456 ό
1253 2402 1488 2475 Χριστὸς
1520 2404 1732 2473 ἀπεφή-

154 2514 285 2552 νατο
312 2498 439 2561 τοὺς
462 2498 650 2566 ἁγίους
672 2496 901 2568 ὀφθῆναι
926 2494 1001 2559 ὡς
1027 2494 1291 2565 ἀγγέλους
1322 2496 1381 2548 ὲν
1404 2497 1470 2566 τῇ
1495 2495 1730 2553 ἀναστά-

155 2606 259 2649 σει,
292 2588 361 2642 τά
389 2587 617 2659 σώματα
642 2587 731 2642 διὰ
757 2586 913 2640 τοῦτο
936 2586 1108 2640 ταῦτα
1141 2586 1216 2658 μὴ
1245 2586 1582 2640 ἀνίστασθαι’
1608 2587 1730 2640 καί·
1762 2636 1767 2642 .

152 2696 237 2732 τοι
271 2678 373 2749 τῆς
418 2678 616 2745 λέξεως
654 2678 823 2749 αὐτὴν
864 2678 962 2751 τὴν
1002 2674 1201 2749 πρᾶξιν
1241 2676 1507 2749 δηλούσης
1547 2677 1733 2748 σαφῶς

152 2770 250 2825 τοῦ
293 2771 700 2841 συμϐαίνοντος.
757 2771 1077 2835 Ἀνάστασις
1113 2770 1223 2842 γὰρ
1252 2770 1352 2822 οὐκ
1391 2771 1484 2823 ἐπὶ
1521 2768 1616 2823 τοῦ
1658 2768 1732 2841 μὴ

154 2860 530 2923 πεπτωκότος,
568 2859 683 2913 ἀλλ’
716 2860 810 2913 ἐπὶ
848 2860 944 2914 τοῦ
988 2860 1339 2921 πεπτωκότος
1374 2858 1592 2928 λέγεται
1639 2861 1733 2913 καὶ⁸

153 2951 538 3021 ἀνισταμένΟΨ
573 2951 762 3023 ὥσπερ
798 2951 1000 3006 ὁπόταν
1037 2951 1185 3021 λέγει
1223 2952 1314 3006 καὶ
1352 2953 1380 3005 ό
1425 2953 1728 3023 προφήτης·

150 3042 265 3099 Καὶ
301 3042 628 3131 ἀναστήσω
674 3042 790 3110 τὴν
837 3042 1080 3111 σκηνὴν
1124 3041 1304 3096 Δαόίδ
1348 3040 1464 3110 τὴν
1505 3055 1732 3131 πεπτω·
1759 3072 1805 3131 c

153 3131 354 3187 κυῖαν.
402 3130 606 3187 Ἐπεσε
654 3133 712 3187 δὲ
760 3131 1038 3186 ὀκλάσασα
1084 3133 1117 3205 ἠ
1163 3131 1371 3204 παθητὴ
1404 3131 1514 3202 (40)
1559 3129 1732 3202 σκηνὴ

151 3224 258 3295 τῆς
290 3221 470 3293 ψυχῆς
509 3224 598 3289 είς
639 3220 759 3291 γῆν
791 3218 1079 3290 χώματος.
1130 3221 1205 3275 Οὐ
1252 3221 1363 3293 γὰρ
1398 3221 1460 3274 τὸ
1495 3222 1570 3292 μὴ
1609 3220 1734 3291 θνῆ-

154 3330 311 3378 σκον,
338 3313 474 3367 ἀλλά
502 3312 564 3366 τὸ
591 3313 824 3383 θνῆσκον
853 3311 1114 3366 κλίνεται.
1147 3311 1383 3383 Θνήσκει
1414 3312 1471 3365 δὲ
1507 3313 1540 3383 ὴ
1575 3310 1731 3383 σάρξ·

150 3406 305 3478 ψυχὴ
333 3406 440 3478 γὰρ
469 3405 757 3468 ἀθάνατος.
788 3405 907 3458 Καὶ
922 3402 1098 3460 τοίνυν
1130 3405 1180 3457 εί
1209 3406 1242 3475 ἡ
1271 3403 1416 3476 ψυχὴ
1446 3404 1733 3468 ἀθάνατος,

155 3496 324 3567 σῶμα
358 3496 415 3550 δὲ
442 3498 471 3550 ό
500 3496 711 3568 νεκρός·
753 3497 804 3550 οἱ
835 3495 1084 3564 λέγοντες
1113 3495 1410 3550 ἀνάστασιν
1443 3495 1540 3567 μὲν
1571 3491 1734 3562 εἶναι,

150 3585 363 3658 σαρκὸς
389 3586 447 3641 δὲ
488 3586 563 3658 μὴ
603 3581 761 3651 εἶναι,
796 3585 1085 3658 ἀρνοῦνται
1111 3587 1423 3651 ἀνάστασιν·
1452 3590 1534 3642 ὃτι
1575 3587 1649 3660 μὴ
1677 3590 1737 3643 τὸ

148 3676 357 3743 ἑστὼς,
389 3676 525 3733 ἀλλά
569 3676 631 3731 τὸ
672 3676 958 3740 πεπτωκὸς
1013 3676 1105 3730 καὶ
1145 3677 1325 3731 κλιθὲν
1381 3678 1733 3745 διανίσταται,

145 4599 255 4654 τὸν
295 4598 355 4652 δὲ
388 4600 446 4651 ὲν
482 4597 792 4670 ἀχθηδόσιν,
837 4591 919 4659 οἷς
949 4596 1327 4667 διαλεγόμενον
1367 4596 1457 4650 τὸν
1494 4597 1747 4669 Ἀϐραὰμ

146 4697 451 4767 εἰσήγαγε
483 4694 569 4748 διά
595 4691 913 4765 Σαλομῶνος
942 4691 1000 4745 δὲ
1031 4693 1090 4746 ὲν
1117 4694 1183 4762 τῇ
1215 4691 1627 4765 ἐπιγραφομένῃ
1654 4693 1743 4745 Σο-

146 4789 287 4861 φίᾳ,
326 4786 474 4852 ἔνθα,
506 4786 757 4839 Δικαίων
794 4787 852 4838 al
889 4782 1081 4854 ψυχαί
1116 4783 1187 4835 ἐν
1214 4783 1388 4851 χειρί,
1417 4782 1749 4855 γέγραπται,

1847 4614 1969 4655 rum
1994 4597 2335 4654 cruciatibus
2356 4595 2639 4650 damnavit
2660 4611 2673 4660 ;
2692 4610 2722 4648 e
2747 4595 2949 4664 quibus
2970 4609 3094 4648 cum
3122 4594 3435 4649 Alirahamo

1848 4690 2250 4760 colloquentem
2275 4686 2606 4741 introduxit.
2636 4683 2782 4739 Idem
2806 4699 2938 4738 vero
2961 4699 3057 4754 per
3083 4683 3435 4739 Salomonem

1850 4781 1907 4836 in
1935 4795 2002 4837 eo
2030 4781 2173 4836 libro
2199 4779 2292 4849 qui
2336 4776 2614 4847 Sapientia
2650 4776 2973 4831 inscribitur
3006 4776 3265 4841 ostendit,
3299 4776 3434 4840 ubi,

148 4877 343 4940 Θεοῦ.
367 4879 464 4933 καί
492 4881 562 4934 οὐ
587 4877 673 4949 μὴ
697 4877 922 4947 ἅψηται
948 4873 1149 4930 αὐτῶν
1166 4873 1465 4940 βάσανος.
1496 4874 1741 4940 Ἔδοξαν

1852 4872 2154 4936 Justorum,
2202 4870 2410 4941 inquit,
2444 4869 2638 4923 animo?
2666 4869 2722 4921 in
2754 4883 2917 4920 manu
2950 4866 3048 4920 Dei
3075 4876 3219 4928 sunt,
3250 4876 3298 4919 et
3332 4883 3437 4922 non

145 4975 236 5027 ἐν
278 4969 611 5040 ὀφθαλμοῖς
651 4969 930 5037 ἀφρόνων
978 4965 1275 5029 τεθνάναι,
1328 4966 1428 5019 καί
1466 4966 1741 5034 ἐλογίσθη

1855 4972 2034 5033 tanget
2055 4962 2174 5016 illa:
2192 4970 2530 5016 tormentum.
2565 4958 2674 5013 Vici
2685 4966 2809 5012 sunt
2824 4957 2877 5009 in
2895 4956 3061 5010 oculis
3078 4956 3438 5026 insipientium

146 5063 437 5125 κάκωσις
462 5060 501 5127 ἠ
529 5058 742 5125 ἔξοδος
771 5056 990 5122 αὐτῶν,
1021 5055 1118 5109 καί
1148 5058 1187 5124 ἡ
1220 5056 1321 5125 ἀφ’
1352 5055 1523 5123 ἡμῶν
1546 5058 1741 5124 πορεία

1858 5053 2015 5115 mori,
2047 5063 2095 5106 et
2125 5052 2392 5107 wstimata
2418 5058 2495 5105 est
2517 5048 2728 5121 aﬂlictio
2758 5047 2932 5100 exitus
2962 5045 3202 5108 illorum,
3230 5054 3279 5098 et
3298 5045 3438 5113 quod

146 5155 531 5221 σύντμμμα.
583 5153 647 5203 Ol
693 5148 760 5203 δέ
800 5152 960 5203 εἰσιν
986 5148 1057 5201 ἑν
1086 5146 1317 5215 εἰρήνῃ,
1359 5145 1459 5199 καί
1496 5148 1534 5215 ἡ
1579 5148 1741 5214 ἐλπὶς

1858 5164 1888 5199 ιι
1913 5144 2061 5199 nobis
2085 5153 2162 5198 est
2186 5145 2288 5196 iter
2318 5142 2712 5196 exterminium.
2750 5138 2847 5193 Illi
2869 5146 3041 5192 autem
3066 5146 3187 5190 sunt
3210 5137 3264 5188 in
3288 5151 3438 5203 pace,

144 5243 376 5301 αὐτῶν
402 5242 734 5307 ἀθανασίας
765 5241 1021 5309 πλήρης.
1064 5239 1229 5293 Ὅθεν
1262 5239 1509 5309 σώματος
1552 5242 1585 5310 ἡ
1625 5241 1741 5294 ἀνά-

1858 5247 1908 5292 et
1936 5250 2050 5304 spes
2085 5234 2304 5289 illorum
2332 5231 2739 5288 immortalitate
2768 5229 2922 5299 plena
2952 5237 3029 5282 est
3062 5228 3105 5280 ³.
3142 5226 3283 5296 Ergo
3311 5240 3440 5279 cor-

144 5351 386 5397 στασις,
417 5333 512 5387 καὶ
544 5333 604 5387 οὐ
636 5332 835 5404 ψυχῆς
863 5331 925 5384 οὐ
956 5330 1065 5403 γὰρ
1084 5331 1175 5385 τὸν
1198 5328 1409 5384 ἑστῶτά
1432 5347 1514 5393 τις
1538 5330 1741 5400 ἀνίστη-

1861 5328 2011 5400 puris
2039 5334 2123 5384 est
2146 5326 2504 5389 resurrectio,
2535 5338 2643 5378 non
2670 5321 2899 5387 animae;
2928 5335 3101 5390 neque
3124 5318 3269 5376 enim
3294 5325 3448 5372 stan-

248 5466 356 5524 ‘F.
419 5469 516 5540 τῷ.
590 5471 611 5503 '
646 5468 803 5524 Deest
852 5468 1041 5538 ἐγγύς.
1116 5468 1139 5500 ³
1177 5466 1323 5523 Psal.
1366 5482 1481 5529 vui.
1545 5467 1599 5521 6.
1676 5466 1741 5519 δι

1838 5482 1902 5523 os
1963 5482 2037 5533 ix,
2071 5468 2158 5523 ll.
2265 5465 2287 5499 '
2314 5466 2454 5523 Dan.
2482 5481 2579 5529 ιιι,
2602 5463 2659 5517 2.
2766 5457 2919 5515 ‘Jer.
2945 5473 3066 5521 xui.
3098 5456 3152 5513 ι.
3261 5452 3283 5485 '
3310 5451 3442 5506 Luc.

144 5554 288 5600 xu.
325 5540 392 5595 19
423 5557 575 5610 seqq.
650 5541 671 5571 ⁸
701 5540 931 5611 Sanun,
966 5540 1077 5594 1-5.

247 5660 367 5721 (4οὶ
403 5659 623 5711 “Exsere
644 5658 709 5708 δὲ
740 5654 1061 5709 ὀκλάσασα
1096 5655 1127 5719 ἡ
1153 5652 1402 5720 “adqui.
1433 5647 1560 5705 Cor.
1625 5650 1865 5724 παθητὴ.
