3840 6062
447 255 588 311 ΗΞἹ

1871 237 1930 295 8.
1970 231 2313 289 EPIPHANII

3597 228 3724 288 “‘33

443 388 549 431 tem
587 373 750 439 ullus,
786 369 878 429 sed
907 368 1180 436 jacentem
1204 360 1384 432 erigit.
1417 358 1504 415 Uti
1537 372 1712 428 neque
1744 371 1880 412 sano
1903 340 2026 415 cor-

2153 372 2234 420 rw,
2267 352 2403 407 ἀλλά
2432 332 2522 406 τὸν
2570 351 2829 424 κείμενον·
2885 351 3079 424 ὥσπερ
3121 349 3253 405 οὐδὲ
3296 349 3394 403 τὸν
3427 350 3723 421 tiri-arma

444 465 584 537 peri,
615 461 707 518 sed
745 461 884 513 male
914 456 1108 511 all'eeto
1136 453 1434 508 remedium
1466 449 1774 504 adhibetur.

514 551 670 618 Quod
707 551 750 605 si
785 549 909 619 quis
945 544 1403 601 resurrectionem
1438 541 1634 594 animae
1666 554 1774 593 non
1810 536 2029 615 corpori

445 650 758 701 eventuram
806 634 1142 706 pertinacius
1178 631 1449 685 afﬁrmare
1495 629 1646 691 velit,
1703 641 1900 697 magna
1944 633 2031 679 est

450 729 687 792 hominis
734 727 1004 783 stoliditas
1043 733 1097 778 et
1133 722 1393 776 amentia.
1435 719 1597 773 Prius
1643 717 1791 771 enim
1834 716 2031 769 anima:

448 820 857 889 corruptionem
891 833 955 872 ac
986 815 1407 872 dissolutionem
1437 825 1666 865 necesse
1691 817 1775 864 est
1803 821 2026 863 asseve-

450 921 551 975 ret,
579 921 634 964 ut
665 910 814 962 illius
840 908 1009 978 partis
1030 921 1151 961 esse
1180 900 1641 959 resurrectionem
1667 896 1901 961 inferat;
1929 910 2033 950 nec

451 1016 679 1072 prorsus
733 1000 967 1054 delirare
1015 996 1112 1053 sed
1168 1003 1448 1062 utcunque
1500 989 1706 1059 aliquid
1759 987 2033 1042 disserere

446 1095 725 1149 Videatur.
759 1087 961 1142 Verum
990 1085 1182 1140 demus
1215 1084 1318 1136 hoc
1352 1080 1427 1135 illi
1455 1121 1470 1145 ,
1502 1084 1562 1131 ut
1595 1076 1879 1131 mortalem
1911 1089 2033 1131 esse

448 1184 689 1240 animam
717 1177 955 1234 deﬁniat.
987 1174 1106 1230 Jam
1132 1175 1365 1228 duorum
1389 1171 1619 1223 alterum
1646 1166 1776 1237 poni
1806 1178 2035 1220 necesse

450 1281 535 1328 est
557 1291 571 1335 ;
597 1282 688 1325 aut
722 1285 843 1325 vere
872 1268 1261 1339 pronuntiasse
1294 1262 1606 1326 Dominum,
1639 1272 1766 1312 cum
1808 1257 2036 1310 immor-

451 1364 618 1417 talem
643 1374 764 1415 esse
788 1360 1028 1412 animam
1057 1354 1243 1409 docuit
1262 1392 1277 1416 ,
1310 1360 1364 1407 et
1391 1351 1471 1405 sic
1490 1346 1737 1404 eamdem
1758 1340 2037 1412 corrumpi

453 1451 747 1506 falsissime
794 1445 1114 1519 praadieari;
1165 1451 1261 1497 aut
1301 1442 1450 1495 illam
1496 1446 1647 1495 certe
1689 1449 2038 1514 reveraeor-

452 1541 669 1612 rumpi,
728 1542 973 1607 adeoque
1027 1532 1389 1589 immortalem
1450 1531 1598 1584 illam
1657 1534 1821 1597 atque
1869 1524 2036 1581 exitio

454 1639 731 1687 carentem
754 1645 897 1693 esse,
922 1639 1205 1702 perperam
1228 1624 1481 1678 docuisse
1503 1619 1816 1683 Christum;
1842 1624 1955 1669 tum
1980 1616 2036 1669 in

2131 444 2539 518 θεραπεύουσιν,
2572 441 2707 496 ἁ).λά
2738 442 2831 496 τὸν
2862 443 3167 513 πάσχοντα,

2200 536 2263 590 Εἰ
2291 535 2347 588 δέ
2372 552 2454 598 τις
2480 534 2578 604 τὴν
2609 534 2905 587 ἀνάστασιν
2933 533 3026 586 ἐπὶ
3055 534 3158 604 τῆς
3184 532 3402 611 ψυχῆς,
3432 534 3527 587 καὶ
3552 534 3625 605 μὴ
3644 536 3723 589 ἐπὶ

2129 627 2232 698 τῆς
2259 625 2462 697 σαρκὸς
2493 623 2738 695 βιάζεται
2770 623 2951 692 λέγειν
2990 623 3243 687 ἔσεσθαι,
3282 622 3458 693 πολλὴ
3497 625 3594 693 μὲν
3624 643 3723 694 μω.

2133 718 2226 797 ρία
2266 716 2441 786 τούτῳ
2487 717 2581 769 καὶ
2610 715 2824 785 ἀλογία.
2856 716 3022 785 Λέγει
3056 716 3169 786 γὰρ
3197 716 3221 748 ⁸
3258 715 3476 787 φθορὰν
3504 717 3720 795 πρὼτςν,

2131 808 2227 861 καὶ
2255 806 2408 860 λύσιν
2437 806 2527 859 τὸν
2556 806 2793 860 τοιοῦτον
2819 806 2918 877 τῆς
2936 806 3120 877 ψυχῆς
3144 806 3451 873 δεικνύναι,
3478 809 3566 860 ἵνα
3586 810 3721 885 δείξῃ

2131 898 2198 979 δὴ
2227 899 2319 952 καὶ
2349 898 2447 968 τὴν
2467 897 2786 961 ἀνάστασιν,
2825 899 2898 969 μή
2927 915 3010 951 τοι
3042 898 3323 969 ληροῦντά
3350 916 3441 967 γε,
3474 900 3614 953 ἀλλά
3639 919 3719 953 σαο

2134 990 2249 1059 φῶς
2284 988 2510 1057 λέγοντά
2550 1006 2603 1042 τι
2637 989 2943 1058 φαίνεσθαι.
2977 988 3174 1059 Ὅμως
3199 990 3337 1045 γοῦν
3372 992 3557 1045 δοτέον
3584 994 3718 1063 αὐτῷ

2134 1078 2333 1149 θνητὴν
2358 1078 2646 1150 ὁρίσασθαι
2683 1076 2781 1154 τὴν
2813 1079 3011 1153 ψυχήν.
3055 1082 3213 1133 Δυοῖν
3244 1091 3360 1153 γαρ
3392 1099 3478 1136 τοι
3508 1082 3716 1154 θάτερον

2133 1168 2310 1223 ταῦτα
2342 1168 2546 1233 θετέον,
2584 1168 2617 1239 ἦ
2648 1169 2823 1240 ἀληθῆ
2855 1169 2946 1222 τὸν
2976 1169 3177 1241 Κύριον
3211 1172 3606 1243 ἀποφήνασθαι
3633 1176 3716 1246 τὴν

2135 1257 2313 1329 ψυχὴν
2351 1257 2621 1315 ἀθάνατον
2669 1258 3007 1326 διδάσκοντα,
3057 1260 3153 1313 καὶ
3199 1259 3403 1331 ψεῦδος
3452 1262 3624 1333 αὐτὴν
3669 1264 3717 1318 τὸ

2092 1390 2107 1413 χ
2139 1348 2456 1420 φθείρεσθαι
2502 1347 2702 1416 λέγειν·
2827 1347 3172 1431 φθείρεσθαι,
3212 1352 3307 1404 καὶ
3338 1351 3543 1421 ψεῦδος
3568 1353 3717 1423 αὐτὴν

2137 1440 2199 1493 τὸ
2226 1438 2511 1511 ἀνόλεθρον
2542 1441 2639 1494 καὶ
2665 1422 2933 1494 ἀθάνατον
2957 1422 3107 1497 ιεῐναι
3152 1442 3433 1498 διδάσκειν
3476 1447 3569 1500 τὸν
3604 1448 3719 1519 Χρι-

2141 1530 2266 1585 στὸν
2314 1532 2411 1585 καὶ
2461 1533 2517 1584 ὲν
2548 1534 2614 1602 τῇ
2660 1531 2805 1594 κατά
2829 1532 2921 1585 τὸν
2964 1532 3220 1587 πλούσιον
3269 1537 3369 1596 καὶ
3404 1537 3497 1590 τὸν
3533 1538 3718 1609 πένητα

2141 1620 2360 1693 φράσει,
2393 1621 2488 1673 καὶ
2513 1622 2571 1673 ὲν
2610 1624 2677 1691 τῇ
2717 1621 2859 1685 κατὰ
2899 1621 2990 1679 τὸν
3021 1624 3261 1685 Μωῦσέα
3293 1627 3393 1678 καὶ
3417 1627 3514 1687 τὸν
3554 1626 3717 1680 Ἠλίαν

455 1724 547 1779 illa
568 1721 755 1776 divitis
794 1735 858 1773 ac
892 1716 1148 1782 pauperis
1180 1713 1410 1768 historia
1440 1713 1455 1745 ¹
1483 1730 1498 1777 ;
1523 1718 1640 1763 tum
1671 1708 1726 1761 in
1752 1707 1945 1771 altera,
1981 1705 2037 1759 in

2153 1710 2396 1782 5πτασίᾳ.
2452 1710 2592 1764 Ἀλλ’
2619 1709 2771 1763 οὐδὲν
2806 1711 2835 1764 6
2869 1710 3074 1781 Κύριος
3118 1711 3298 1776 ἄλλως
3341 1714 3714 1789 ὲφθέγξατο,ἢ

459 1830 567 1885 qua
594 1812 773 1867 Moses
794 1820 958 1881 atque
979 1808 1127 1861 Elias
1150 1806 1404 1875 apparuit
1424 1805 1469 1856 ².
1494 1801 1660 1869 Atqui
1683 1799 1820 1852 nihil
1841 1805 2047 1851 temere

459 1906 680 1961 locutus
707 1912 812 1965 est,
844 1914 1020 1961 neque
1047 1898 1310 1953 mentitus
1328 1902 1411 1949 εει
1430 1892 1712 1951 Dominus.
1736 1887 1854 1943 Non
1876 1888 2045 1951 enim,

461 2009 519 2054 ut
545 1994 816 2066 apostolis
841 1992 1119 2057 illuderet,
1144 1989 1306 2042 inane
1343 1986 1411 2040 iis
1433 1984 1789 2040 simulacrum
1817 1996 1881 2035 ac
1907 1978 2048 2034 ludi-

459 2099 611 2138 eram
654 2083 892 2153 speciem
923 2078 1200 2143 ostendit,
1246 2090 1372 2131 eum
1417 2076 1471 2128 in
1522 2081 1708 2127 monte
1757 2071 1928 2124 Eliam
1984 2084 2049 2124 ac

462 2177 703 2247 Moysem
731 2172 1042 2238 exbibuit';
1073 2171 1165 2224 sed
1210 2169 1356 2239 quod
1392 2168 1572 2237 reipsa
1609 2175 1768 2221 erant
1790 2165 1909 2219 sine
1939 2163 2049 2217 ullo

460 2254 750 2323 mendacio
782 2263 1058 2336 patefecit.
1105 2259 1259 2314 Unde
1292 2257 1375 2313 vel
1414 2254 1861 2326 imperitissimus
1897 2251 2049 2322 quis-

2143 1802 2427 1873 ἐψεύσατο.
2458 1803 2532 1856 Ού
2559 1802 2667 1874 γάρ
2693 1802 2911 1858 εἴδωλον
2935 1804 2969 1875 ἢ
2998 1804 3315 1876 φάντασμα,
3347 1808 3480 1870 τοὺς
3508 1807 3717 1861 ἀποστάς

2142 1892 2269 1956 λους
2293 1892 2612 1967 βονλόμενος
2635 1896 2872 1967 ἀπατᾷν,
2898 1896 3171 1950 ἐδείκνυεν
3199 1898 3393 1962 αὐτοῖς
3420 1899 3480 1950 ὲν
3505 1898 3581 1969 τῷ
3600 1899 3715 1972 δρει,

2142 1984 2234 2038 τὸν
2291 1985 2477 2049 Ἠλίαν
2523 1986 2617 2045 καὶ
2661 1987 2752 2041 τὸν
2784 1987 3049 2055 Μωῦσέα,
3081 1989 3197 2043 ἀλλ’
3222 1989 3253 2042 δ
3281 1985 3430 2060 ἦσαν
3475 1989 3713 2060 ἀψεοδῶς.

2147 2076 2333 2140 Ὥστε,
2370 2077 2447 2141 ὠς
2482 2078 2613 2143 ἔπος
2660 2081 2856 2148 εἰπεῖν,
2905 2082 3003 2135 καὶ
3042 2081 3133 2134 τὸν
3162 2082 3610 2152 δυσμαθέστατον
3632 2100 3714 2153 μα-

2153 2162 2266 2221 θεῖν
2286 2163 2557 2221 ἀθάνατον
2585 2168 2748 2223 αὑτὸν
2771 2164 2933 2235 εἶναι,
2969 2170 3064 2231 καὶ
3082 2170 3275 2224 ἀνόλεθ
3282 2188 3381 2242 ρον
3413 2168 3713 2225 διαϐεϐαιοῦ-

2155 2254 2281 2308 σθαι
2318 2256 2414 2330 τὴν
2444 2258 2645 2331 ψυχήν,

457 2379 586 2435 que,
617 2370 676 2446 ut
700 2374 811 2414 uno
862 2357 1031 2414 verbo
1083 2355 1299 2420 dicam,
1343 2351 1654 2421 intelligere
1706 2354 1911 2431 potest,
1943 2346 2305 2409 immortalem
2334 2353 2402 2408 ab
2433 2353 2576 2424 ipso,
2602 2363 2658 2411 et
2679 2355 2831 2411 exitii
2861 2355 3161 2415 immunem
3191 2359 3441 2414 animam
3463 2376 3579 2416 esse
3601 2376 3714 2416 con-

459 2457 693 2514 ﬁrmari.

532 2544 794 2603 XXXVII.
827 2542 1089 2614 Corporis
1139 2542 1325 2611 itaque
1381 2536 1715 2593 resurrectio
1767 2544 1873 2602 est,
1929 2549 2042 2597 non

461 2639 678 2702 animai,
727 2644 787 2692 ut
822 2637 877 2690 in
906 2635 1314 2709 corruptionem
1351 2631 1566 2702 lapsum
1605 2629 1827 2686 Davidis
1858 2629 2043 2683 taber-

462 2731 721 2791 naculum
766 2733 1019 2797 resurgat
1052 2743 1068 2788 ;
1101 2734 1263 2801 atque
1288 2722 1379 2776 ubi
1402 2721 1736 2787 constiterit,
1757 2730 1811 2774 et
1837 2719 2048 2775 instau-

464 2833 644 2882 ratum
675 2818 859 2883 fuerit,
891 2815 1173 2873 sicutdies
1196 2813 1406 2875 saeculi,
1450 2811 1765 2866 inviolabile
1788 2809 2047 2878 deinceps

466 2927 534 2967 ac
556 2910 950 2980 sempiternum
976 2912 1315 2983 permaneat.
1335 2900 1522 2971 Neque
1542 2916 1672 2956 vero
1702 2900 1869 2955 Deum
1897 2883 2048 2952 arbi-

2218 2534 2340 2596 AZ'.
2377 2532 2585 2593 Ούκοῦν
2620 2536 2822 2608 σαρκὸς
2851 2536 2885 2614 ἡ
2916 2535 3213 2600 ἀνάστασις
3258 2536 3500 2606 γίνεται,
3544 2541 3603 2592 οὐ
3635 2540 3716 2609 ψυ-

2148 2626 2272 2701 χῆς,
2315 2626 2463 2690 ὅπως
2513 2626 2547 2696 ἡ
2595 2629 2919 2686 πεπτωκυῖα
2964 2627 3059 2691 τοῦ
3098 2628 3267 2688 Δαϐὶδ
3302 2631 3387 2693 εἰς
3412 2631 3513 2702 τὴν
3540 2632 3717 2702 φθορὰν

2151 2715 2361 2783 ἀναστῇ
2405 2714 2599 2785 σκηνὴ,
2642 2715 2737 2768 καὶ
2768 2716 3071 2780 ἀναστᾶσα,
3104 2719 3199 2770 καὶ
3228 2719 3717 2790 ἁνοικοδομηθεῖσα,

2152 2805 2336 2869 καθὼς
2369 2806 2427 2858 αἱ
2473 2805 2674 2877 ἡμέραι
2719 2807 2812 2859 τοῦ
2861 2808 3076 2873 αἰῶνος,
3126 2812 3372 2881 ἀπήμων
3417 2812 3603 2865 λοιπὸν
3642 2814 3713 2867 καὶ

2154 2897 2489 2961 ἀδιάπτωτος
2512 2898 2774 2969 διαμένοι.
2811 2900 2931 2953 Ὅτι
2958 2903 3032 2973 μὴ
3055 2902 3132 2972 τῷ
3156 2902 3279 2975 Θεῷ
3301 2906 3402 2976 τὴν
3422 2905 3629 2979 λιθίνην
3650 2909 3709 2958 οἷο

465 2965 886 3058 traridebemus
918 2965 1188 3068 lapideam
1208 2995 1348 3050 velle
1564 2994 1790 3047 domum
1829 2990 2047 3046 Davidis

2155 2989 2279 3043 κιαν
2316 2965 2731 3060 δείμασθαι-τοῦ
2770 2965 2970 3058 Amm,
3001 2965 3136 3064 μηδὲ
3183 2965 3450 3069 ἶν’-ἐν’τῇ
3494 2965 3688 3070 eaeeae

468 3106 777 3167 exstruere,
809 3105 989 3160 neque
1015 3090 1073 3143 in
1103 3088 1316 3144 cmlesti
1341 3103 1512 3158 regno
1541 3084 1802 3142 eximium
1834 3084 2056 3156 aliquod

466 3188 806 3249 domicilium
852 3194 1197 3240 construere.
1237 3181 1342 3237 Sed
1374 3181 1442 3237 de
1482 3196 1648 3235 carne
1690 3181 1875 3250 loqui,
1910 3178 2058 3248 quod

471 3286 669 3338 animm
721 3277 1136 3334 tabernaculum
1180 3282 1286 3337 est,
1331 3273 1475 3353 quod
1524 3272 1741 3353 quidem
1785 3262 1903 3333 suis
1942 3271 2059 3347 ipse

470 3373 725 3434 manibus
749 3372 969 3424 molitus
998 3376 1102 3422 est.
1136 3364 1219 3419 Tu
1250 3380 1399 3426 vero,
1433 3363 1838 3433 sapientissime
1861 3361 2058 3431 Aglaoo

470 3465 615 3541 plton
642 3503 658 3525 ,
694 3461 840 3513 hunc
880 3456 947 3509 ad
997 3454 1217 3507 modum
1272 3451 1377 3504 ista
1422 3449 1733 3503 considera.
1774 3445 2056 3499 Facillime

468 3554 615 3608 enim
668 3551 757 3604 illa
790 3549 974 3601 animo
1019 3544 1366 3614 perceperis,
1406 3543 1451 3597 si
1486 3541 1551 3594 ad
1586 3540 1971 3594 dormientium
2001 3546 2057 3593 et

470 3638 970 3711 expcrgiseentium
1028 3633 1443 3690 similitudinem
1503 3631 1762 3686 attendis.
1818 3628 1954 3683 Nam
2009 3630 2055 3684 si

473 3747 702 3790 somnus
728 3729 961 3800 sigiliam
983 3727 1248 3797 sequitur,
1277 3734 1329 3780 et
1355 3740 1606 3780 somnum
1632 3721 2053 3795 expergefactio,

472 3828 641 3896 idque
672 3821 1099 3879 resurrectionis
1143 3834 1206 3873 ac
1230 3821 1420 3875 mortis
1467 3826 1551 3875 est
1583 3817 1851 3873 nonnulla
1882 3817 2056 3872 medi-

471 3920 603 3980 tatio
632 3936 647 3972 :
679 3916 881 3987 quippe

783 4006 852 4060 Et
884 4022 1068 4059 somno
1097 4013 1145 4058 et
1176 4003 1334 4057 morti
1360 4001 1602 4070 geminis,

471 4099 701 4175 perinde
730 4098 1106 4154 necessarium
1136 4106 1241 4159 est,
1279 4102 1337 4148 ut
1359 4103 1411 4148 et
1442 4093 1768 4148 reviviscere
1791 4100 1964 4149 morte
1986 4094 2057 4148 sit

472 4193 769 4265 posterius,
796 4198 857 4243 ut
879 4188 1130 4259 corporis
1156 4187 1260 4241 vita
1295 4185 1577 4248 succedat,
1603 4200 1727 4239 cum
1751 4193 1805 4240 et
1827 4186 2054 4247 excitari

2155 3082 2262 3137 τῶν
2305 3082 2551 3154 οὐρανῶν
2597 3083 2774 3137 οἰκίαν
2811 3088 2910 3157 σχῇ
2951 3086 3142 3158 καλὴν,
3180 3087 3317 3141 ἀλλά
3346 3088 3446 3162 τὴν
3478 3091 3648 3162 σάρκα
3669 3096 3710 3142 τ’

2157 3173 2355 3243 σκῆνος
2384 3173 2483 3242 τῆς
2513 3172 2710 3244 ψυχῆς,
2752 3175 2819 3245 ἣν
2858 3176 3019 3240 αὐτὸς
3045 3180 3166 3241 ταῖς
3200 3180 3396 3232 ἑαυτοῦ
3418 3183 3601 3253 χερσὶν
3622 3184 3696 3234 ὲτε

2155 3265 2412 3336 κτήνατο.
2447 3265 2776 3318 Σκοπεῖσθαι
2814 3266 2871 3320 δέ
2906 3285 2986 3335 σε,
3014 3262 3058 3321 ὦ
3084 3270 3364 3339 σοφώτατε
3403 3273 3713 3342 Ἀγλαοςξῶν,

2156 3356 2356 3408 οὑτωσὶ
2383 3356 2509 3435 χρή.
2536 3356 2758 3421 Πάντως
2784 3357 2841 3410 δὲ
2880 3360 3051 3429 ῥᾷστα
3083 3360 3306 3435 μαθήσῃ
3332 3362 3508 3425 τοῦτο,
3533 3365 3620 3416 ἐὰν
3640 3364 3702 3413 ἐπ’

2157 3444 2255 3514 τὴν
2303 3445 2396 3499 τοῦ
2443 3446 2725 3500 καθεύδειν
2760 3435 2945 3502 εἰκόνα
2978 3451 3223 3522 πρόσχῃς
3264 3454 3359 3506 καὶ
3396 3452 3711 3506 ἀνίστασθαι.

2159 3532 2223 3584 Εἰ
2261 3530 2370 3603 γὰρ
2403 3534 2464 3595 τὸ
2493 3533 2694 3591 ύπνοῦν
2725 3537 2832 3589 ἀπὸ
2870 3538 2962 3590 τοῦ
2993 3540 3380 3613 ἐγρηγορέναι,
3410 3543 3503 3596 καὶ
3550 3544 3610 3595 τὸ
3640 3543 3706 3594 ἀν

2163 3623 2412 3677 ιστασθαι
2457 3626 2565 3678 ἀπὸ
2590 3626 2684 3689 τοῦ
2718 3627 2996 3682 καθεύδειν
3028 3616 3259 3708 γ’ζνεται,
3294 3635 3390 3688 καὶ
3421 3633 3577 3688 τοῦτο
3608 3635 3708 3687 ἀνα-

2160 3720 2404 3785 στάσεως
2435 3723 2531 3787 καὶ
2557 3722 2788 3786 θανάτου
2826 3724 3064 3796 μελέτην

2320 3991 2518 4055 Ὕπνῳ
2545 3990 2657 4069 γὰρ
2686 3989 2787 4049 καὶ
2818 3989 3050 4066 θανάτῳ
3073 3988 3294 4061 δίδυμα
3311 3982 3402 4053 ὧν
3425 3988 3493 4044 ἓν
3526 3991 3548 4022 ⁸
3565 4024 3582 4051 .

2161 4082 2376 4161 ἀνάγκη
2403 4082 2467 4163 δὴ
2501 4082 2595 4136 καὶ
2626 4082 2687 4135 τὸ
2719 4080 3157 4145 ἀναὸιώσκεσθαι
3214 4078 3354 4136 εἶναι
3412 4083 3477 4134 ὲκ
3528 4080 3618 4134 τοῦ
3646 4096 3721 4133 τε·

2161 4172 2372 4241 θνάναι,
2420 4176 2497 4237 εἰς
2529 4174 2589 4228 τὸ
2639 4171 2738 4256 ζῇν
2774 4174 2874 4246 τὴν
2900 4174 3101 4248 σάρκα,
3133 4173 3293 4246 ειπερ
3320 4175 3418 4227 καὶ
3446 4174 3507 4225 τὸ
3533 4172 3725 4241 ἀνεγεί-

470 4264 503 4342 e
524 4285 925 4347 dormientibus
948 4282 1219 4354 quispiam
1241 4281 1476 4335 dicatur.
1501 4277 1712 4337 Etenim
1734 4286 1793 4333 ut
1815 4294 1844 4333 e
1862 4294 2047 4334 somno

2164 4265 2351 4335 ρεσθαι
2381 4268 2446 4318 ὲκ
2478 4264 2586 4319 τῶν
2626 4264 3018 4330 καθευδόντων.
3054 4265 3144 4329 Ὠς
3174 4267 3285 4336 γὰρ
3317 4269 3382 4319 ὲκ
3412 4265 3507 4319 τοῦ
3544 4265 3727 4318 καθεύο

2162 4357 2267 4375 ,η
2330 4356 2701 4375 ..ὤμων
3300 4357 3315 4375 ,
3495 4360 3509 4375 .
3612 4355 3697 4375 λῖν.

470 4374 946 4445 vigiliasequitur,
973 4380 1027 4427 et
1050 4372 1144 4441 qui
1168 4370 1369 4434 dormit
1397 4385 1505 4425 non
1529 4368 1584 4423 in
1610 4367 1800 4423 eodem
1828 4367 2055 4423 omnino

474 4465 667 4520 habitu
716 4462 996 4532 persistit.
1029 4472 1086 4514 ut
1114 4459 1333 4514 assidue
1360 4458 1635 4527 dormiat;
1680 4457 1778 4513 sed
1824 4457 2058 4513 subinde

472 4552 791 4621 consurgit;
816 4550 890 4602 ita
929 4555 984 4603 et
1020 4563 1084 4601 ex
1139 4550 1313 4601 morte
1362 4548 1471 4602 vita
1511 4558 1916 4617 consequetur;
1957 4562 2059 4603 nec

472 4642 699 4698 omnino
718 4640 810 4712 qui
828 4648 1081 4695 mortuus
1100 4646 1185 4693 est
1207 4645 1327 4708 post
1347 4646 1574 4694 mortem
1595 4637 1784 4693 eodem
1816 4637 1873 4691 in
1908 4645 2053 4693 statu

471 4742 806 4805 perseverat.
832 4732 968 4787 Cum
988 4729 1134 4786 enim
1158 4740 1281 4798 post
1306 4745 1556 4785 somnum
1579 4729 1763 4800 vigilia
1783 4729 2051 4795 succedit,

471 4832 525 4881 et
556 4832 680 4895 post
709 4824 922 4894 lapsum
951 4822 1227 4891 excitatio,
1266 4830 1320 4876 et
1352 4829 1476 4892 post
1516 4820 1924 4876 demolitionem
1969 4822 2057 4877 in-

472 4917 760 4981 stauratio,
783 4930 966 4970 nonne
995 4923 1050 4970 et
1079 4915 1147 4969 ab
1172 4929 1258 4981 eo,
1286 4912 1432 4984 quod
1458 4911 1766 4974 inclinavit,
1797 4911 2054 4988 quodque

471 5013 747 5061 mortuum
803 5012 910 5069 est,
961 5002 1329 5074 exspectanda
1391 4998 1727 5055 resurrectio
1777 4996 1892 5053 est?
1934 4997 2051 5052 Non

470 5097 614 5146 enim
642 5095 753 5147 haec
773 5109 874 5148 nos
896 5093 1099 5148 frustra
1121 5091 1466 5152 conﬁtemur,
1493 5096 1852 5160 posteaquam
1874 5102 2054 5142 emor-

473 5191 566 5235 tua
598 5197 828 5254 corpora
870 5192 1036 5249 sunt,
1078 5186 1259 5240 denuo
1296 5181 1641 5237 reviviscere.
1684 5178 1839 5246 Quod
1875 5179 2051 5248 ipsum

475 5285 582 5325 non
632 5271 687 5325 in
730 5288 924 5328 somno
962 5275 1162 5338 solum,
1209 5280 1264 5328 et
1315 5269 1813 5343 expergefactione.
1858 5269 1953 5324 sed
1993 5269 2049 5325 in

473 5362 777 5419 seminibus
823 5379 887 5417 ac
931 5364 1191 5436 stirpibus
1218 5366 1456 5427 intuere,
1484 5363 1532 5417 si
1574 5361 1746 5425 lubet,
1789 5360 2053 5430 quemad-

475 5453 695 5509 modum
743 5457 1201 5513 resurrectionem
1246 5456 1361 5511 lizec
1400 5454 1580 5508 omnia
1628 5452 1923 5525 praedicare
1969 5452 2051 5508 vi-

2158 4357 2269 4410 δειν
2294 4356 2355 4410 τὸ
2382 4356 2741 4429 ἐγρηγορέναι
2767 4357 2999 4425 γίνεται,
3030 4358 3125 4410 καὶ
3152 4357 3213 4409 ού
3246 4357 3464 4420 πάντως
3485 4360 3514 4411 ὁ
3542 4355 3728 4409 καθεύ-

2156 4449 2261 4503 δων
2296 4451 2353 4502 ὲν
2400 4447 2476 4520 τῷ
2521 4448 2670 4520 αὐτῷ
2706 4449 2947 4521 διαμένει
3000 4451 3238 4521 σχήματι
3296 4450 3382 4502 ἀεὶ
3443 4449 3725 4509 καθεύδων,

2158 4539 2295 4594 ἀλλὰ
2318 4536 2474 4604 αὖθις
2501 4540 2807 4594 ἀνίσταται⁹
2847 4539 3021 4605 οὕτως
3058 4541 3152 4595 καὶ
3178 4540 3240 4593 τὸ
3272 4541 3370 4612 ζῇν
3397 4544 3461 4594 ἐκ
3487 4541 3582 4593 τοῦ
3606 4543 3729 4593 ἀπο-

2161 4630 2343 4686 θανεῖν
2371 4632 2729 4704 συμδήσεται,
2759 4632 2856 4687 καὶ
2875 4633 2936 4686 ού
2959 4633 3175 4697 πάντως
3203 4634 3233 4686 ὁ
3259 4632 3569 4694 ἀποθανὼν,
3592 4634 3728 4685 ἐπει-

2159 4722 2255 4775 δὰν
2287 4722 2566 4787 ἀποθάνοι,
2607 4723 2665 4777 ὲν
2684 4722 2764 4795 τῷ
2789 4724 2935 4795 αὐτῷ
2958 4724 3134 4796 μένει.
3169 4725 3230 4777 Εἰ
3258 4724 3368 4795 γάρ
3402 4726 3465 4777 ὲκ
3492 4723 3584 4777 τοῦ
3620 4740 3727 4776 κοι-

2165 4810 2368 4885 μᾶσθαι
2412 4816 2474 4868 τὸ
2526 4816 2906 4888 ἐγρηγορέναι,
2948 4819 3043 4871 xal.
3076 4820 3141 4871 ὲκ
3179 4817 3271 4871 τοῦ
3313 4819 3499 4870 πεσεῖν
3530 4815 3590 4869 τὸ
3644 4816 3728 4867 ἀν-

2163 4904 2478 4977 εγερθῆναι,
2514 4907 2609 4960 καί
2642 4908 2708 4961 ὲκ
2739 4907 2832 4962 τοῦ
2859 4908 3264 4981 καταδληθῆναι
3290 4909 3351 4962 τὸ
3374 4908 3724 4978 ἀνοικοδομηο

2158 4996 2337 5067 θῆναι·
2372 4998 2455 5062 τίς
2501 5001 2716 5072 μηχανὴ
2763 5001 2858 5065 καὶ
2908 5001 2974 5054 ἐκ
3023 5000 3118 5055 τοῦ
3170 5000 3446 5063 κλιθέντος
3494 4999 3570 5070 μὴ
3611 4996 3727 5069 ούχὶ

2159 5089 2463 5161 προσδοκᾷν
2493 5090 2552 5144 τὸ
2578 5078 2995 5163 ἀναστήσεσθαι,
3030 5094 3126 5157 καὶ
3150 5094 3214 5148 ἐκ
3243 5091 3496 5154 θανόντος
3524 5091 3585 5144 τὺ
3610 5093 3726 5143 ἀνα-

2160 5179 2491 5252 στήσεσθαις
2526 5183 2637 5237 Καὶ
2660 5181 2769 5255 γὰρ
2801 5186 2964 5256 ἡμεῖς
2996 5183 3167 5238 ταῦτα
3194 5185 3294 5237 οὐκ
3322 5181 3725 5252 ἐξαπατώμενοι

2158 5270 2549 5355 ὁμολογοῦμεν,
2594 5275 2659 5327 ἐκ
2697 5273 2808 5329 τῶν
2859 5273 3168 5329 τεθνεώτων
3221 5274 3489 5344 σωμάτων
3516 5272 3577 5325 τὸ
3604 5272 3725 5324 ἀνα-

2158 5360 2487 5419 ϐιώσκεσθαι
2515 5364 2856 5436 συμϐαίνειν.
2888 5368 2999 5421 Καὶ
3027 5367 3102 5439 μὴ
3132 5367 3290 5438 μόνον
3317 5366 3498 5431 τοῦτο,
3534 5367 3582 5420 εξ
3610 5364 3725 5436 306-

2157 5456 2261 5521 λει,
2291 5457 2397 5510 ἀπὸ
2424 5458 2518 5511 τοῦ
2544 5458 2826 5514 καθεύδειν
2848 5461 3061 5525 σκόπει,
3102 5464 3198 5515 καὶ
3227 5461 3569 5527 ἀνίστασθαι,
3595 5458 3725 5513 am

542 5656 563 5694 ⁸
592 5657 722 5713 Luc.
752 5674 862 5721 xw.
901 5656 965 5715 19
990 5672 1110 5720 squ.
1186 5660 1206 5689 ¹
1236 5655 1425 5714 Matth.
1454 5669 1583 5718 XVII,
1620 5652 1642 5706 -ι
1680 5664 1799 5721 sqq.
1876 5648 1897 5680 ⁸
1920 5653 2047 5711 ibid.

2183 5660 2310 5718 Cor.
2367 5667 2457 5718 Δεῖ
2481 5664 2606 5735 γάρ.
2685 5666 2707 5698 ⁸
2741 5664 2866 5721 Cor.
2936 5661 3512 5736 διδυμάοσιν.11οιιιει’ἰ
3541 5659 3612 5717 ΙΙ.
