3840 6062
219 269 357 324 “29

938 267 1304 325 ADVERSUS
1343 267 1676 324 IleRESES
1716 266 1776 323 LI

1885 267 1944 323 II.
1988 266 2151 325 ΤΟΜ.
2192 268 2232 324 I.
2277 299 2324 311 -
2363 269 2636 328 ILERES.
2675 270 2859 327 LXIV.

3324 271 3461 334 “30

218 384 313 437 καὶ
355 378 464 438 άπὸ
504 381 613 435 τῶν
664 383 994 456 σπερμάτων
1028 389 1124 440 καὶ
1158 386 1361 455 φυτῶν,
1409 387 1485 449 ὡς
1526 388 1584 440 ὲν
1623 388 1783 442 πᾶσιν

1889 386 2145 444 deantur.
2181 388 2378 461 Aspice
2406 391 2634 454 semina,
2662 405 2782 461 qua:
2815 389 2959 445 nuda
2998 405 3063 445 ac
3093 404 3259 447 carne
3296 393 3465 450 desti-

214 476 397 536 αὐτοῖς
442 476 475 544 ή
520 474 820 540 ἀνάστασις
860 478 1305 547 καταγγέλλεται.
1346 478 1646 549 Κατάμαθε
1686 478 1793 550 γάρ

213 567 287 620 τὰ
313 565 625 637 σπέρματα,
664 567 782 631 πῶς
812 569 1017 640 γυμνὰ,
1060 570 1195 640 φησὶ
1215 570 1254 633 ⁸,
1286 570 1380 623 καὶ
1411 570 1628 642 άσαρκα
1664 570 1794 641 βάλ-

216 655 370 710 λεται
402 658 482 719 είς
511 656 612 727 τὴν
636 656 763 726 γῆν,
788 657 884 711 καὶ
908 656 1386 729 τελεσφορούμενά
1412 658 1574 712 πάλιν
1605 657 1794 712 ἀποδί-

215 744 382 799 δοται.
430 745 583 799 Ἐπεὶ
624 748 673 799 εἰ
717 746 937 818 θνήσκοι
975 748 1073 818 μὲν
1106 749 1200 801 καὶ
1244 749 1468 818 σήποιτο
1496 748 1565 801 τὰ
1626 748 1796 820 σπέρ⁶

221 854 387 907 ματα,
434 839 499 890 ὲκ
539 837 597 892 δὲ
636 838 745 892 τῶν
774 839 1106 910 σπερμάτων
1138 838 1334 910 μηκέτι
1366 838 1427 892 τὸ
1458 840 1663 910 άναζῇν
1700 841 1795 894 καὶ

218 927 373 996 φύειν
393 929 602 997 γένοιτο
617 947 630 960 ·
656 928 737 993 τίς
761 930 795 1001 ή
815 930 1198 1001 ἀποκλήρωσις
1224 930 1299 1001 μὴ
1319 930 1438 1001 οὐχὶ
1463 930 1639 985 πάντα
1666 947 1796 984 κατ-

215 1022 559 1093 αναλωθῆναι
588 1024 668 1085 είς
698 1021 759 1074 τὸ
783 1021 1065 1086 τεθνάναι;

287 1116 417 1169 ΑΠ’.
458 1113 619 1167 Ἀλλὰ
646 1114 756 1184 γάρ
786 1115 915 1183 περὶ
940 1114 1145 1167 τούτων
1183 1114 1351 1168 πλείω
1377 1113 1554 1183 λέγειν
1579 1114 1648 1169 τά
1675 1114 1792 1179 νῦν,

213 1201 260 1261 ὦ
292 1206 550 1279 κράτιστε
576 1203 822 1273 θεόφιλι,
850 1205 1191 1276 παρήσομεν,
1218 1206 1312 1258 καὶ
1336 1208 1384 1260 οἱ
1413 1206 1590 1260 λοιποὶ
1611 1208 1794 1278 κριταὶ

215 1299 325 1352 τῶν
358 1298 554 1367 λόγων.
588 1297 856 1367 Λάὸωμεν
883 1297 941 1350 δὲ
966 1298 1059 1350 καὶ
1088 1297 1158 1350 τὰ
1184 1298 1395 1360 τούτοις
1424 1290 1623 1367 ἑφεξῆς
1659 1298 1791 1351 ἀκό-

215 1388 403 1452 λουθα,
438 1388 513 1450 ὡς
541 1387 817 1457 ἀφέστηκε
863 1384 958 1438 τοῦ
989 1385 1199 1448 δέοντος
1229 1385 1444 1457 μακράν
1466 1386 1507 1439 ¹.
1566 1385 1623 1439 Ὀ
1661 1384 1794 1448 Θεὸς

214 1482 325 1551 γάρ
367 1478 518 1548 αὐτῷ
558 1477 715 1531 πάλιν
764 1476 931 1540 αὑτάς
969 1478 1072 1540 τὰς
1110 1475 1287 1547 ψυχάς
1322 1478 1380 1529 ὲν
1421 1479 1485 1547 τῇ
1528 1474 1668 1530 κατὰ
1701 1477 1792 1529 τὸν

213 1570 505 1642 ἑξηκοστὸν
530 1568 744 1639 ψαλμὸν
771 1568 1079 1639 προφητείᾳ
1102 1569 1196 1621 καὶ
1232 1568 1478 1639 πέμπτον
1503 1567 1793 1638 βεϐιασμέ-

215 1681 318 1726 νως
347 1660 516 1732 αὐτὴν
549 1660 643 1714 καὶ
683 1658 965 1722 άνοικείως
1010 1657 1362 1729 ὲκτιθεμένῳ,
1403 1657 1478 1721 ὣς
1505 1675 1662 1728 φησι,
1692 1658 1791 1729 τὴν

213 1755 509 1807 ἀνάστασιν
540 1752 630 1806 ἐπὶ
655 1752 816 1821 μόνου
842 1750 934 1804 τοῦ
958 1751 1127 1815 εἴδους
1152 1750 1419 1815 σώζεσθαι
1447 1751 1529 1803 δεῖ
1555 1751 1784 1821 προσδο-

213 1846 335 1915 κᾷν.
370 1845 482 1898 Καὶ
514 1844 599 1896 ἵνα
638 1842 712 1913 μὴ
756 1842 936 1913 εἴπῃς,
981 1843 1063 1895 ὅτι
1107 1842 1205 1896 οὐκ
1253 1842 1339 1894 ἀεὶ
1363 1842 1474 1909 (41)
1522 1842 1781 1912 μανθάνει

150 1938 153 1943 ’
213 1934 523 1998 σκοτεινῶςο
554 1936 760 1996 ἐκεῖνος
790 1933 899 2005 γὰρ
928 1933 1085 1987 τοῦτο
1119 1932 1383 1986 διέλαϐεν·
1433 1932 1572 2001 Ἐγὼ
1601 1933 1658 1986 δέ
1700 1950 1782 1986 σοι

215 2026 547 2096 σαφέστερον
585 2021 687 2080 ὧδέ
713 2022 803 2079 τὸν
836 2024 960 2079 νοῦν
1007 2023 1194 2078 τοῦτον
1238 2025 1594 2096 ἐξηγήσομαι.
1643 2025 1782 2096 Ἤδη

213 2117 318 2190 γὰρ
350 2119 568 2180 πάντως
595 2117 845 2189 ἑώρακας
864 2117 1041 2189 δέρμα.
1066 2114 1227 2180 ζώου,
1258 2116 1290 2187 ἢ
1321 2116 1448 2170 ἄλλο
1468 2134 1519 2169 τι
1546 2116 1783 2169 τοιοῦτον

210 2208 474 2277 γεμισθὲν
501 2207 709 2271 ὕδατος,
743 2209 911 2271 ὅπως,
941 2207 1037 2261 ἐὰν
1065 2209 1203 2278 πρὸς
1230 2207 1408 2274 ὀλίγον
1437 2207 1779 2278 κενούμενον,

209 2300 348 2370 πρὸς
372 2299 551 2368 ὀλίγον
582 2300 858 2369 πληροῖτο,
893 2299 980 2352 ἀεὶ
1004 2298 1064 2351 τὸ
1091 2295 1229 2362 εἶδος
1250 2298 1310 2350 τὸ
1333 2299 1464 2351 αὐτὸ
1492 2299 1780 2353 δείκνυσιν.

208 2386 337 2443 Οἴον
359 2389 470 2458 γὰρ
495 2390 562 2443 ἂν
659 2389 721 2441 τὸ
746 2387 1021 2459 περιέχον,
1049 2388 1259 2458 ἀνάγκη
1291 2389 1426 2461 πρὸς
1452 2388 1583 2442 αὐτὸ
1608 2389 1701 2443 καὶ
1724 2389 1785 2443 τὸ

206 2482 360 2545 ἐντὸς
391 2480 840 2552 σχηματίζεσθαι.
864 2481 1001 2552 Φέρε
1021 2481 1128 2553 γὰρ
1152 2481 1511 2552 ύπεκρέοντος
1539 2481 1632 2535 τοῦ
1664 2481 1785 2535 ὓδα-

205 2590 319 2635 τος,
362 2573 417 2626 εἴ
451 2590 534 2636 τις
564 2572 892 2644 προσϐάλλει
922 2573 1193 2640 τοσοῦτον,
1234 2574 1358 2626 ὅσον
1401 2575 1660 2643 ἐκχεῖται,
1708 2575 1783 2646 μὴ

209 2664 314 2717 ὲῶν
348 2662 439 2716 τὸν
469 2663 636 2717 άσκὸν
661 2664 876 2735 άθρόως
905 2664 1209 2735 κενωθῆναι
1235 2664 1330 2718 τοῦ
1368 2665 1579 2729 ὓδατος,
1620 2667 1670 2718 εί
1707 2667 1782 2738 μὴ

207 2756 423 2826 ἀνάγκη
450 2755 659 2809 τοιοῦτο
684 2756 970 2825 φαίνεσθαι
1002 2756 1064 2809 τὸ
1091 2757 1530 2828 προστιθέμενον,
1557 2752 1666 2811 οἷον
1688 2757 1783 2811 καὶ

206 2847 267 2899 τὸ
295 2849 427 2913 πᾶν,
467 2847 553 2901 διὰ
583 2847 646 2901 τὸ
678 2845 818 2902 εἶναι
842 2848 937 2901 καὶ
964 2847 1026 2900 τὸ
1055 2848 1308 2920 περιέχον
1332 2849 1394 2902 τὸ
1421 2848 1553 2903 αὐτὸ
1575 2849 1596 2881 ³
1628 2867 1784 2921 περι-

206 2938 340 3004 θεὶς,
382 2943 466 3011 ῥεῖ
489 2941 584 2994 καὶ
615 2940 848 3013 άπορρεἰ
883 2941 944 2995 τὸ
983 2940 1144 3013 ὕδωρ.

274 3119 387 3172 Καὶ
405 3118 470 3188 δὴ
509 3119 690 3172 καὶτὸ
726 3118 885 3189 σῶμα
921 3118 1129 3184 τούτοις
1161 3122 1189 3173 6
1227 3121 1427 3174 ἐθέλων
1462 3122 1782 3209 άπεριάζειν

202 3210 303 3262 οὐκ
356 3208 752 3279 αἰδεσθήσεται.
819 3209 1091 3275 Ὡσαύτως
1124 3209 1252 3282 γάρ
1276 3211 1368 3264 καὶ
1418 3211 1487 3265 τὰ
1530 3208 1638 3266 άπὸ
1682 3212 1784 3282 τῆς

203 3301 409 3373 τροφῆς
443 3300 872 3377 άντεισαγόμενα
898 3301 1018 3355 ἀντὶ
1063 3301 1171 3355 τῶν
1201 3302 1608 3369 ύπεξεωθεισῶν
1656 3322 1785 3375 σαρι

206 3390 317 3444 κῶν
347 3392 429 3453 είς
461 3389 523 3442 τὸ
564 3391 749 3461 σχῆμα
794 3390 887 3443 τοῦ
935 3391 1280 3462 περιέχοντος
1324 3392 1497 3456 είδους
1548 3394 1784 3464 μεταϐα-

206 3479 443 3533 λοῦνται.
484 3479 595 3533 Καὶ
631 3480 826 3533 ὁπόσον
870 3481 968 3550 μὲν
1006 3481 1072 3534 ἂν
1119 3482 1259 3535 κατὰ
1302 3483 1428 3546 τοὺς
1470 3483 1782 3555 ὀφθαλμοὺς

208 3571 453 3643 διαχυθῇ,
495 3574 608 3635 τοῖς
640 3571 936 3642 ὀφθαλμοῖς
984 3572 1184 3627 ἔοικεν⁹
1216 3574 1410 3628 ὁπόσον
1455 3575 1512 3629 δὲ
1549 3575 1689 3630 κατὰ
1722 3576 1782 3630 τὸ

207 3656 515 3732 πρόσωπον,
541 3660 617 3731 τῷ
665 3661 942 3732 προσώπῳ
960 3679 974 3692 ·
1003 3661 1198 3716 όπόσον
1231 3662 1289 3716 δὲ
1321 3665 1460 3718 κατά
1500 3664 1567 3718 τὰ
1596 3665 1776 3737 ἕτερα,

207 3752 430 3816 τούτοις.
469 3755 630 3806 Ὥστε
658 3754 748 3806 τὸν
776 3753 938 3806 αὑτὸν
973 3754 1201 3807 ἕκαστον
1228 3754 1532 3823 φαίνεσθαι,
1560 3758 1659 3810 οὐκ
1686 3758 1779 3811 ού·-

209 3842 312 3895 σῶν
333 3842 439 3897 τῶν
472 3842 690 3917 σαρκῶν
717 3845 774 3897 ἐν
798 3844 1110 3914 ταυτῷετῶν
1134 3844 1364 3915 πρώτων
1385 3847 1775 3919 ὑποκειμένων,

206 3933 336 3987 ἀλλὰ
367 3934 462 3988 τοῦ
490 3935 681 3999 εἴδους,
706 3934 838 3988 καθὸ
863 3932 1249 4019 εἰδοποιοῦνται
1270 3936 1335 3991 τά
1356 3940 1775 4010 προσγινόμενα.

209 4026 313 4078 Καὶ
338 4026 519 4079 τοίνυν
562 4028 610 4079 εί
665 4028 737 4098 μή
772 4028 938 4097 ὲσμεν
983 4026 1033 4079 oi
1080 4026 1255 4091 αὐτοὶ,
1294 4028 1398 4082 κᾶν
1452 4031 1547 4083 ἐπὶ
1591 4030 1778 4100 ὀλίγας

207 4115 441 4188 ἡμέρας,
476 4118 555 4187 τῷ
594 4116 826 4187 σώματι,
869 4115 1006 4170 άλλά
1043 4118 1121 4188 τῷ
1165 4118 1297 4171 εῖδει
1343 4121 1400 4172 ὲν
1444 4120 1522 4191 τῷ
1565 4121 1775 4192 σώματι

208 4204 378 4274 (τοῦτο
406 4208 518 4280 γὰρ
546 4207 703 4276 μόνον
730 4206 959 4278 ἕστηκεν
986 4207 1093 4261 άπὸ
1125 4207 1415 4276 γενέσεως)
1434 4226 1448 4241 ·
1473 4211 1652 4281 πολλῷ
1681 4208 1775 4267 οὖν

207 4297 402 4366 μᾶλλον
441 4298 565 4353 οὐδὲ
619 4298 737 4351 τότε
777 4298 824 4350 οἱ
865 4296 1017 4352 αὐτοὶ
1051 4299 1189 4370 μετὰ
1234 4300 1332 4372 τὴν
1376 4301 1543 4373 αὐτὴν
1596 4304 1775 4372 σάρκα

1893 486 2006 533 tuta
2048 486 2207 534 terrae
2241 480 2588 545 mandantur,
2623 481 2821 535 dehinc
2849 478 3091 551 perfecta
3120 496 3465 539 consumma-

1894 576 2057 638 taquc
2104 569 2429 625 redduntur.
2474 570 2609 626 Nam
2652 571 2698 627 si
2752 579 3095 626 morerentur
3132 572 3352 643 quidem
3399 587 3464 629 ac
3510 644 3515 652 ι

1892 669 2272 730 putrescerent
2314 663 2524 717 semina
2546 699 2561 723 ,
2590 678 2692 717 nec
2719 678 2784 718 ex
2816 662 2903 719 his
2942 663 3238 733 quidquam
3272 665 3467 720 revivi-

1893 761 2067 807 sceret
2088 767 2152 807 ac
2177 752 2465 822 pullularet
2488 753 2665 819 aliud;
2688 769 2808 825 quae
2831 770 2951 811 sors
2976 765 3122 811 esset
3147 756 3252 810 alia
3280 771 3463 811 rerum

1893 847 2055 910 atque
2100 842 2363 909 conditio,
2403 859 2565 914 quam
2606 856 2664 901 ut
2697 846 2879 901 omnia
2925 856 3102 905 morte
3138 856 3463 919 consumpta

1892 939 2108 1000 penitus
2138 935 2486 992 occiderent?

1963 1108 2247 1167 XXXVIII.
2288 1110 2396 1168 Sed
2426 1113 2494 1169 de
2525 1114 2611 1170 his
2641 1115 2890 1186 pluribus
2922 1118 3223 1189 disputare,
3260 1122 3464 1192 optime

1893 1201 2213 1274 Theophile,
2236 1222 2442 1277 vosque
2458 1193 2637 1264 caeteri
2655 1226 2966 1266 sermonum
2989 1223 3297 1269 nostrorum
3321 1217 3465 1271 arbi-

1897 1296 1989 1359 tri,
2045 1297 2101 1351 in
2152 1302 2438 1367 prmsentia
2496 1303 2990 1372 supersedebimus.
3046 1306 3176 1373 Quae
3228 1324 3352 1364 vero
3396 1310 3462 1365 iis

1895 1393 2266 1441 consentanea
2289 1402 2352 1442 ac
2373 1391 2765 1460 consequentia
2788 1401 2937 1458 sunt,
2964 1396 3236 1464 quomodo
3257 1398 3465 1453 scilicet

1893 1478 2082 1545 procul
2110 1478 2179 1531 ab
2205 1494 2376 1549 scopo
2407 1481 2707 1547 abcrrarit,
2739 1484 2998 1556 deinceps
3036 1487 3336 1546 videamus.
3364 1488 3465 1543 Et-

1893 1567 2037 1621 enim
2089 1568 2178 1624 ille
2217 1569 2284 1625 de
2332 1572 2532 1629 animis
2576 1572 2856 1631 disserens
2895 1578 2961 1632 ad
3014 1581 3282 1649 psalmum
3335 1598 3462 1649 va,

1895 1673 2055 1727 quem
2104 1660 2341 1715 violenta
2395 1663 2629 1732 quadam
2684 1664 3128 1736 interpretatione
3181 1672 3466 1743 alienaque

1816 1730 1859 1787 Β
1888 1750 2148 1815 declarat,
2170 1730 2667 1820 liesurrectionem,
2689 1757 2999 1827 inquit,soli
3020 1761 3257 1819 hominis
3278 1762 3464 1822 l‘o'rmte

1886 1843 2182 1897 convenire
2208 1844 2510 1911 putandum
2535 1856 2640 1901 est.
2665 1850 2743 1903 Ac
2766 1865 2835 1905 ne
2861 1851 2993 1906 illud
3022 1852 3253 1912 fortasse
3277 1858 3467 1922 dicas,

1883 1933 2121 1987 obscure
2147 1932 2302 2003 561
2339 1935 2503 1989 istum
2537 1937 2799 1994 discenda
2829 1941 2918 1995 illa
2956 1948 3329 2014 proposuisse,
3360 1950 3464 2004 hoc

1884 2022 2061 2091 ipsum
2092 2025 2182 2081 ille
2211 2016 2531 2096 disputavit.
2560 2027 2672 2100 Ego
2700 2046 2833 2086 vero
2863 2033 3068 2088 clarius
3090 2036 3307 2092 illorum
3334 2054 3458 2095 vcr-

1884 2113 2078 2168 borum
2103 2132 2323 2172 sensum
2346 2118 2493 2174 hunc
2508 2120 2561 2173 in
2580 2121 2801 2176 modum
2814 2127 3055 2193 aperiam
3077 2146 3090 2183 :
3116 2128 3330 2195 Vidisti.
3352 2138 3467 2205 opi-

1883 2220 2006 2267 nor,
2044 2207 2339 2276 aliquando
2365 2210 2555 2278 pellem
2584 2213 2856 2277 animalis,
2899 2219 3185 2275 autsimilc
3202 2224 3460 2293 quiddam

1884 2311 2026 2367 aqua
2040 2300 2328 2368 repletum.
2348 2300 2464 2355 Hoc
2482 2302 2526 2357 si
2550 2304 2806 2372 paulatim
2833 2307 3167 2365 exinanitum
3199 2315 3459 2384 paulatim

1884 2386 2193 2458 impleatur,
2219 2390 2465 2446 eamdem
2492 2403 2754 2465 perpetuo
2774 2395 3006 2454 formam
3026 2403 3245 2459 retinet.
3271 2406 3460 2477 Cujus-

1884 2478 2029 2533 modi
2057 2481 2202 2535 enim
2228 2489 2313 2536 est
2337 2482 2389 2536 id
2417 2484 2559 2552 quod
2585 2488 2851 2552 continet,
2880 2506 3107 2549 necesse
3131 2504 3216 2551 est
3235 2498 3283 2552 ei
3311 2501 3460 2569 quod

1887 2570 2037 2625 intus
2072 2580 2157 2627 est
2181 2573 2536 2631 conformari.
2568 2577 2681 2648 Age
2703 2581 2879 2647 enim,
2907 2599 3030 2638 cum
3064 2602 3205 2658 aqua
3228 2590 3418 2647 diﬂluit
3442 2635 3456 2656 ,

1885 2663 1931 2716 si
1983 2665 2110 2734 quis
2146 2668 2480 2723 tantumdem
2564 2669 3148 2750 eﬂ’undathquantum
3201 2682 3455 2747 elabitur,

1884 2770 2062 2824 neque
2119 2766 2288 2813 utrem
2339 2774 2492 2830 aqua:
2534 2762 2824 2819 confertim
2858 2767 3134 2825 exhauriri
3183 2775 3455 2843 patiatur,

1883 2860 2109 2902 necesse
2123 2856 2207 2903 est
2224 2850 2328 2905 tale
2349 2852 2520 2907 videri
2541 2854 2683 2924 quod
2707 2856 2943 2924 additur,
2968 2862 3127 2930 quale
3148 2871 3231 2918 est
3255 2871 3452 2934 totum,

1882 2952 1948 2992 eo
1970 2940 2110 3009 quod
2137 2941 2277 2996 idem
2302 2942 2435 2997 illud
2465 2945 2642 3016 ipsum
2667 2955 2768 3013 est,
2793 2950 2938 3019 quod
2965 2954 3228 3024 continet,
3253 2955 3453 3015 ﬂuente

1786 3057 1850 3104 ορ
1884 3043 1946 3083 ac
1977 3030 2254 3087 diﬂluente
2282 3033 2516 3104 liquore.

1952 3122 2053 3188 Qui
2110 3125 2271 3196 igitur
2325 3141 2523 3197 corpus
2563 3144 2688 3185 cum
2745 3132 2831 3188 bis
2874 3135 3038 3191 rebus
3086 3138 3334 3196 conferre
3360 3155 3456 3196 vo-

1884 3215 2083 3281 luerit,
2134 3219 2272 3273 citra
2328 3221 2588 3291 pudorem
2629 3224 2798 3278 ullum
2851 3226 2955 3282 hoc
3010 3228 3193 3287 faciet.
3248 3231 3451 3289 Eodem

1882 3308 2080 3379 quippe
2108 3311 2270 3365 modo
2298 3313 2635 3379 alimentum,
2664 3317 2810 3386 quod
2839 3319 3165 3375 amissarum
3204 3325 3452 3379 carnium

1882 3399 2005 3453 loco
2059 3401 2455 3468 substituitur,
2516 3405 2573 3460 in
2613 3410 2947 3467 continentis
3002 3411 3188 3468 forma:
3225 3415 3451 3486 ﬁguram

1881 3491 2225 3560 speciemque
2259 3502 2524 3549 mutatur.
2558 3494 2636 3550 Ex
2690 3513 2798 3567 quo
2842 3501 3106 3572 quidquid
3157 3504 3213 3559 in
3263 3508 3454 3567 oculos

1880 3580 2230 3651 diffunditur,
2263 3588 2547 3643 oculorum
2588 3590 2647 3644 Iit
2677 3592 2887 3661 simile,
2919 3606 2978 3651 ut
3008 3602 3063 3653 et
3097 3600 3277 3658 vultus
3307 3605 3452 3673 quod

1880 3672 1935 3726 in
1969 3675 2174 3728 vultum
2223 3676 2587 3750 dispergitur:
2629 3697 2692 3738 ac
2731 3694 3050 3743 czeterorum
3092 3692 3294 3748 similia
3324 3672 3454 3751 red-

1879 3763 2084 3818 duntur
2117 3763 2219 3819 hoc
2260 3768 2458 3835 modo,
2507 3786 2627 3839 qua:
2676 3788 2775 3841 per
2825 3776 2914 3829 illa
2960 3778 3321 3850 dissipantur.
3371 3787 3451 3843 Ex

1879 3871 1987 3925 quo
2020 3856 2097 3922 tit,
2122 3866 2182 3912 ut
2213 3858 2353 3914 idem
2381 3875 2504 3917 esse
2534 3863 2757 3920 cuilibet
2784 3868 3050 3935 videatur,
3085 3889 3208 3928 cum
3233 3876 3446 3932 interim

1878 3963 2095 4012 carnes,
2123 3965 2243 4020 quae
2270 3952 2444 4019 prima
2474 3963 2592 4008 erat
2620 3958 2867 4025 corporis
2891 3962 3139 4025 materia,
3166 3980 3276 4021 non
3302 3984 3452 4023 eum-

1877 4039 1997 4095 dem
2038 4048 2238 4097 statum
2268 4047 2578 4110 retineant,
2613 4047 2707 4101 sed
2750 4048 2921 4104 forma
2948 4050 3248 4122 duntaxat,
3283 4071 3313 4110 a
3341 4074 3448 4128 qua

1878 4146 1939 4186 ea
1988 4133 2436 4204 conﬁgurantur,
2479 4153 2600 4207 qua:
2652 4139 2720 4193 ad
2753 4155 2953 4212 corpus
3003 4145 3291 4203 accedunt.
3326 4148 3447 4206 Jam

1878 4237 2007 4276 vero
2063 4223 2109 4279 si
2160 4224 2228 4279 ad
2267 4228 2629 4297 paucissimos
2676 4230 2793 4287 dies
2830 4249 2939 4288 mm
2973 4234 3170 4305 iidem,
3205 4241 3349 4310 quod
3378 4245 3444 4297 ad

1877 4330 2078 4386 corpus
2116 4320 2341 4383 attinet,
2373 4336 2690 4379 maneamus
2711 4364 2725 4387 ,
2758 4326 2854 4380 sed
2903 4328 3020 4381 sola
3072 4345 3194 4399 qua:
3229 4336 3445 4404 corpori

205 4388 451 4459 ἐσόμεθα,
497 4386 632 4441 άλλὰ
675 4387 814 4442 κατὰ
847 4388 907 4442 τὸ
934 4385 1072 4454 εἶδος
1112 4389 1170 4443 τὸ
1196 4392 1290 4445 καὶ
1316 4391 1410 4446 νῦν
1448 4394 1535 4447 ἀεὶ
1577 4393 1773 4448 διασω-

1885 4405 2075 4460 insidet
2106 4407 2276 4462 forma
2305 4428 2317 4463 :
2349 4410 2400 4464 id
2443 4411 2587 4465 enim
2622 4428 2790 4473 unum
2833 4414 2902 4470 ab
2940 4428 3062 4472 ortu
3094 4429 3353 4477 constans
3381 4438 3447 4476 ae

205 4475 423 4548 ζόμενον
461 4480 521 4531 ὲν
560 4482 690 4550 ἡμῖν
742 4479 837 4532 καὶ
881 4480 1055 4550 μένον.
1089 4483 1154 4535 Ὃ
1183 4484 1292 4555 γάρ
1318 4486 1435 4538 ἐκεῖ
1471 4487 1532 4539 τὸ
1571 4486 1771 4560 δέρμα,

203 4566 354 4620 τοῦτο
384 4568 446 4620 τὸ
500 4564 638 4631 εῐδος
671 4568 888 4622 ἐνθάδε·
918 4569 946 4622 ὅ
988 4571 1043 4624 δὲ
1090 4572 1205 4625 ἐκεῖ
1250 4574 1312 4627 τὸ
1361 4574 1504 4647 ὕδωρ
1544 4579 1636 4632 ἐπὶ
1672 4581 1775 4651 τῆς

204 4658 431 4724 εἰκόνος,
461 4659 620 4713 τοῦτο
652 4661 881 4714 ἐνταῦθα
912 4661 973 4714 τὸ
1000 4666 1418 4736 προσγινόμενον
1453 4669 1545 4743 καὶ
1577 4671 1772 4741 ἀπογι-

202 4748 438 4817 νόμενον.
475 4751 684 4821 ’Ὥσπερ
711 4748 803 4805 οὖν
826 4753 920 4806 νῦν
952 4753 1046 4806 τοῦ
1092 4754 1341 4826 σώματος
1370 4761 1469 4813 οὐκ
1497 4760 1648 4826 ὄντος
1676 4762 1768 4816 τοῦ

203 4837 383 4901 αὐτοῦ,
415 4841 563 4909 ὅμως
591 4843 619 4893 ὀ
642 4842 924 4913 χαρακτὴρ
950 4844 978 4894 ὀ
1005 4844 1143 4897 κατὰ
1172 4847 1271 4917 τὴν
1295 4849 1463 4920 αὐτὴν
1499 4851 1710 4924 μορφὴν
1741 4855 1769 4906 ὀ

207 4929 362 4992 αὐτὸς
393 4931 647 4995 σώζεται·
672 4933 842 4997 οὕτως
876 4935 923 4986 εί
957 4935 1050 4987 καὶ
1076 4936 1226 5000 ὄντος
1256 4938 1349 4990 τοῦ
1399 4939 1648 5012 σώματος
1671 4945 1764 4998 τοῦ

207 5020 384 5086 αὑτοῦ,
410 5026 488 5087 είς
511 5024 571 5077 τὸ
596 5025 928 5096 ἐνδοξότερον
954 5027 1014 5080 τὸ
1042 5024 1179 5092 εἶδος
1212 5029 1463 5101 αὐξηθὲν,
1499 5035 1680 5089 οὐκέτι
1706 5038 1764 5088 ὲν

206 5108 438 5183 φθαρτῷ,
473 5114 586 5167 ἀλλ’
612 5117 669 5168 ὲν
700 5116 898 5169 ἀπαθεῖ
924 5118 1016 5172 καὶ
1044 5121 1397 5191 πνευματικῷ
1425 5122 1762 5195 δειχθήσεται

207 5200 428 5273 σώματι.
466 5208 671 5279 ’Ὠσπερ
717 5206 826 5262 οἷον
862 5209 938 5279 τῷ
972 5211 1143 5282 Ἰησοῦ
1187 5211 1326 5266 κατὰ
1358 5212 1454 5284 τὴν
1487 5217 1761 5289 μεταμόρσ

273 5382 290 5414 ¹
325 5382 384 5438 F.
422 5388 600 5456 φύσει.
676 5392 696 5422 ¹
721 5391 937 5447 Mutilus
978 5391 1148 5449 locus.
1230 5396 1249 5427 ⁸
1274 5395 1390 5451 Vox
1438 5397 1529 5451 illa
1580 5402 1862 5457 mendosa.

1877 4497 2071 4551 stabile
2115 4510 2393 4560 remanet:
2425 4507 2596 4563 multo
2633 4511 2807 4582 magis
2836 4527 2943 4568 non
2976 4514 3171 4581 iidem,
3203 4519 3345 4588 quod
3375 4520 3443 4573 ad

1875 4600 2094 4641 carnem
2135 4598 2385 4659 spectat,
2424 4594 2517 4651 illo
2551 4605 2794 4669 tempore
2823 4618 2948 4659 esse
2976 4607 3305 4675 poterimus,
3349 4609 3444 4664 sed

1875 4674 2047 4731 forma
2083 4685 2290 4737 tantum
2315 4721 2330 4744 ,
2364 4701 2483 4755 qua:
2512 4687 2568 4743 in
2601 4691 2759 4748 nobis
2788 4704 3050 4765 perpetuo
3099 4697 3258 4753 modo
3305 4713 3442 4755 con-

1877 4776 2127 4825 servatur
2170 4787 2235 4827 ac
2291 4779 2551 4845 persistit.
2600 4780 2735 4836 Nam
2769 4785 2913 4854 quod
2960 4786 3013 4839 in
3052 4789 3318 4857 superiori
3350 4791 3442 4847 illa

1876 4857 2231 4917 similitudine
2277 4865 2431 4932 pellis
2476 4876 2601 4933 est,
2645 4870 2787 4925 idem
2822 4880 2905 4927 est
2945 4873 3048 4928 hoc
3078 4874 3199 4930 loco
3229 4876 3438 4934 forma:

1873 4950 2018 5017 quod
2049 4961 2226 5009 autem
2259 4956 2368 5011 illic
2397 4973 2560 5029 aqua,
2592 4960 2829 5031 idipsum
2856 4964 2910 5018 in
2945 4966 3224 5036 proposito
3251 4976 3443 5023 nostro

1871 5041 2000 5097 illud
2035 5055 2155 5108 est,
2191 5048 2350 5117 cujus
2402 5053 2648 5109 accessio
2698 5054 2755 5109 tit
2809 5066 2903 5110 aut
2949 5057 3215 5113 decessio.
3254 5059 3443 5135 Quare

1869 5138 2357 5207 quemadmodum,
2392 5143 2495 5197 etsi
2547 5161 2654 5199 non
2705 5146 2842 5201 idem
2870 5149 3043 5204 'modo
3087 5166 3287 5222 corpus
3330 5162 3438 5217 est,

1867 5224 2055 5281 eadem
2087 5229 2438 5288 nihilominus
2463 5232 2647 5291 forma:
2681 5239 2893 5308 species
2932 5255 2996 5295 ac
3029 5240 3196 5312 Iigura
3242 5242 3438 5302 ietine-

269 5553 373 5660 μέ)
398 5559 643 5644 Καί]ιά
666 5562 752 5632 μὴ
782 5565 978 5633 εἴπῃς,
1011 5544 1098 5619 an
1132 5570 1242 5623 οὐκ
1270 5571 1380 5625 ἀεί.
1421 5571 1622 5632 Desunt
1678 5590 1783 5632 non

1886 5579 1955 5635 la.
2010 5580 2086 5635 Ae
2121 5581 2258 5638 forte
2311 5583 2381 5638 ita
2423 5587 2827 5645 rescribendum
2872 5593 2953 5645 ὅτι
2996 5593 3084 5648 ἀεὶ
3136 5589 3436 5660 διαλαμϐά-

204 5637 277 5676 νει
308 5631 606 5693 σκοτεινῶς.

512 5726 777 5785 ίδιιτιιοι.
831 5729 942 5788 Gn.
1007 5732 1055 5791 Χ
1070 5733 1166 5794 LI.

3059 5748 3137 5806 36
