3948 6068
449 246 591 303 "113i

1887 247 1944 303 S.
1987 248 2323 307 EPH’HANH

3570 258 3729 312 “32

455 375 581 433 tur,
618 365 693 421 ita
714 366 855 422 licet
884 381 990 423 non
1030 364 1170 420 idem
1200 377 1401 434 corpus
1433 370 1684 431 exsnstat,
1724 364 1894 421 forma
1912 370 2014 438 ipsa

2132 387 2305 440 (pumv
2345 365 2435 442 ἦν,
2470 370 2558 424 ὅτε
2602 369 2683 436 εἰς
2723 372 2786 426 τὸ
2823 371 2949 443 ὅρος
2987 370 3154 443 ἀνέϐη
3197 370 3335 443 μετὰ
3366 370 3574 443 Πέτρου
3623 374 3730 426 καὶ

456 458 885 528 praestantiorem
928 458 983 512 in
1018 464 1217 512 statum
1254 464 1441 511 evecta
1465 495 1482 520 ,
1528 472 1636 511 non
1682 457 1794 528 jam
1825 459 1878 513 in
1907 474 2026 514 cor-

2129 460 2224 513 τοῦ
2258 460 2537 524 Μωῦσέως
2577 463 2671 516 καὶ
2717 461 2811 514 τοῦ
2856 460 3038 514 Ἠλίου
3078 460 3187 514 τῶν
3226 460 3499 530 ὀφθέντων
3536 459 3731 531 αὐτῷ.

387 622 395 631 ν
457 551 700 621 ruptihili
732 565 980 620 corpore,
1008 551 1101 605 sed
1130 549 1402 620 passionis
1433 561 1653 622 experte
1683 552 2025 624 spiritalique
2057 554 2566 625 comprehendetur.
2596 556 2914 627 Cuiusmodi
2948 553 3111 611 Jesus
3137 555 3346 620 habuit,
3373 563 3497 626 post
3529 564 3722 611 trans-

456 647 832 717 tigurationem
874 645 1014 701 hanc
1042 645 1261 716 quando
1307 645 1360 700 in
1387 655 1624 703 montem
1654 664 1778 704 cum
1815 649 1976 710 Petro
1998 696 2015 723 ,
2067 655 2251 725 Moyse
2290 663 2345 709 et
2381 651 2498 708 Elia
2520 694 2535 719 ,
2568 653 2661 724 qui
2705 662 2819 708 tum
2851 654 2928 710 illi
2960 661 3352 725 apparuerunt,
3386 655 3647 710 ascendit
3680 654 3723 708 ⁸.

523 736 765 793 XXXIX.
813 736 920 793 Sed
966 737 1034 793 de
1082 738 1171 795 his
1223 739 1529 797 hactenus:
1577 742 1692 797 haec
1745 746 1889 799 enim
1943 756 2027 804 est

452 828 703 896 Origenis
730 827 1047 901 dogmatum
1079 843 1294 885 summa
1329 832 1765 902 comprehensio.
1793 831 1949 903 Quod
1978 837 2025 893 si

450 921 575 990 quis
629 920 1066 975 adversariorum
1117 920 1320 977 Christi
1378 938 1579 994 corpus
1632 926 1853 996 objiciet
1881 967 1896 993 ,
1959 944 2026 985 eo

449 1012 595 1082 quod
625 1011 785 1083 562
807 1012 1182 1081 primogenitus
1204 1023 1535 1069 mortuorum
1556 1033 1618 1070 ac
1639 1019 1889 1086 primitia:
1909 1021 2028 1074 dor-

448 1101 719 1154 mientium
740 1100 1039 1170 appelletur
1065 1103 1108 1162 '.
1149 1103 1332 1172 itaque
1357 1103 1577 1175 colligat
1605 1124 1618 1161 :
1660 1105 2024 1172 Quemadmo-

444 1191 577 1245 dum
606 1191 695 1245 ille
724 1191 1023 1246 resurrexit
1049 1231 1064 1255 ,
1106 1191 1181 1245 ita
1226 1199 1281 1248 et
1311 1205 1687 1250 resurrectura
1716 1204 1910 1253 caetera
1939 1197 2023 1253 vi-

445 1281 585 1344 deri,
624 1290 681 1335 ut
716 1280 987 1350 quomodo
1011 1280 1266 1337 Christus
1305 1285 1645 1351 resurrexit,
1678 1286 1759 1341 sic
1798 1295 1851 1341 et
1879 1286 2020 1344 Deus

446 1379 694 1426 mortuos
742 1385 841 1440 per
890 1368 1079 1427 Jesum
1133 1372 1366 1427 adducat
1404 1374 1457 1440 ³;
1502 1389 1625 1429 cum
1680 1375 1801 1445 ipso
1853 1392 2018 1447 porro

444 1461 572 1518 Jesu
600 1477 802 1533 corpus
839 1463 920 1519 sic
966 1478 1088 1519 esse
1116 1478 1146 1518 a
1189 1464 1421 1520 mortuis
1458 1465 1752 1521 excitatum
1780 1507 1795 1533 ,
1827 1467 2021 1523 iisdem

448 1555 524 1607 uti
551 1554 814 1610 carnibus
839 1594 855 1620 ,
886 1556 1217 1627 ossibusque
1248 1566 1562 1624 constaret,
1604 1558 1655 1614 id
1697 1560 1840 1630 quod
1871 1559 2019 1617 Tho-

444 1661 543 1700 mae
566 1660 887 1716 persuasum
917 1645 1081 1702 fuerit
1111 1665 1126 1713 ;
1158 1663 1260 1704 nos
1284 1648 1351 1703 ad
1379 1664 1443 1704 ea
1469 1650 1548 1704 sic
1573 1649 2017 1720 respondeamus:

438 1736 649 1793 Christi
681 1751 884 1807 corpus
913 1752 1024 1792 non
1051 1753 1117 1792 ex
1150 1740 1427 1794 voluntate
1459 1740 1562 1794 viri
1582 1742 1622 1806 δ,
1658 1755 1722 1796 ac
1744 1742 2021 1813 voluptate

441 1830 729 1899 somnique
754 1830 1142 1900 congressione
1180 1830 1235 1884 in
1265 1831 1649 1901 iniquitatibus
1672 1847 1797 1889 esse
1824 1848 2020 1890 susce-

442 1930 593 1989 ptum
622 1922 667 1985 ⁸,
709 1929 763 1975 et
814 1920 869 1975 in
918 1922 1158 1991 peccatis
1213 1922 1456 1992 genitum
1499 1922 1545 1987 ⁸,
1591 1923 1687 1978 sed
1718 1925 1784 1979 de
1811 1924 2019 1995 Spiritu

442 1995 634 2068 sancto
653 2021 708 2068 et
727 2012 996 2068 Altissimi
1016 2014 1215 2068 virtute
1230 2014 1273 2079 ',
1303 2028 1366 2067 ac
1385 2012 1609 2085 Virgine
1636 2023 2017 2085 procreatum;

442 2115 594 2158 tuum
624 2113 804 2159 autem
840 2118 1035 2159 somno
1072 2118 1138 2159 ac
1177 2104 1454 2175 voluptate
1484 2105 1850 2176 sordibusque
1882 2120 2018 2162 con-

440 2205 609 2251 stare.
669 2194 843 2261 Quam
893 2195 966 2250 ob
1021 2210 1245 2252 causam
1282 2196 1500 2267 sapiens
1560 2197 1650 2252 ille
1688 2196 1880 2252 Sirach
1945 2199 2020 2253 ita

438 2284 759 2354 pronuntiat
786 2300 799 2336 :
826 2280 962 2338 Cum
991 2283 1130 2337 enim
1163 2285 1418 2338 morietur
1451 2284 1604 2340 homo
1627 2325 1643 2352 ,
1686 2285 2019 2342 hwreditabit

437 2386 734 2441 serpentes,
782 2385 831 2429 et
873 2373 1099 2440 bestias,
1140 2384 1189 2431 et
1224 2392 1418 2431 vermes
1441 2377 1482 2430 ⁸.
1526 2377 1608 2431 Ad
1653 2377 1769 2434 haec
1798 2393 2019 2435 Lsxxvn

438 2462 649 2530 psalmo
675 2480 689 2516 :
721 2461 979 2533 Nunquid
1016 2468 1238 2519 mortuis
1270 2465 1434 2534 facies
1465 2466 1758 2532 mirabilia,
1788 2480 1876 2522 aut
1911 2485 2020 2523 me—

436 2550 544 2603 dici
576 2550 904 2605 sascitabunt
942 2560 991 2605 et
1018 2553 1408 2621 conﬁtebuntur
1436 2553 1578 2609 tibi?
1610 2552 1866 2624 Nunquid
1892 2570 2018 2608 nar-

438 2640 578 2693 rabit
629 2640 822 2711 aliquis
871 2640 927 2694 in
971 2640 1210 2709 sepulcro
1265 2640 1684 2696 misericordiam
1733 2652 1918 2706 tuam,
1967 2652 2018 2697 et

437 2731 705 2786 veritatem
735 2740 880 2785 tuam
906 2731 959 2785 in
979 2731 1312 2800 perditione?
1342 2730 1597 2800 Nunquid
1640 2742 2018 2802 cognoscentur

436 2822 490 2875 in
524 2822 745 2878 tenebris
796 2822 1066 2877 mirabilia
1107 2832 1199 2877 tua
1225 2862 1241 2889 ,
1280 2832 1330 2878 et
1379 2824 1603 2893 justitia
1639 2833 1732 2876 tua
1771 2824 1828 2876 in
1875 2833 2016 2877 terra

413 2913 714 2981 ⁸οὺιὲυἱοηὶει
747 2913 813 2968 ’Τ
841 2913 1120 2989 Ejusmodi
1166 2923 1222 2970 et
1252 2915 1357 2969 alia
1392 2913 1686 2985 Scripturas
1716 2915 1880 2970 verba
1907 2915 2018 2969 cui-

2201 748 2325 803 AO’.
2358 749 2471 802 Καὶ
2511 746 2685 802 ταῦτα
2735 748 2834 820 μὲν
2881 748 3041 820 μέχρι
3081 747 3335 802 τοσούτου
3379 748 3720 819 διεσκέφθω.

2129 835 2315 900 Οὕτως
2343 835 2453 906 γὰρ
2490 837 2567 903 ὡς
2613 838 2671 889 ὲν
2701 835 2979 907 κεφαλαίῳ
3016 835 3126 889 τῶν
3168 834 3476 908 ’Ὡριγένους
3504 835 3724 906 δογμαο

2126 926 2338 996 τισμῶν
2362 927 2391 979 ὁ
2434 926 2578 990 νοῦς.
2624 927 2748 980 Ἐὰν
2791 926 2848 980 δέ
2895 943 2981 989 τις
3033 925 3141 979 τῶν
3186 924 3720 996 ἀμφισϐητούντων,

2128 1017 2559 1089 προϐαλλόμενος
2592 1016 2653 1071 τὸ
2688 1016 2849 1088 σῶμα
2895 1015 2991 1070 τοῦ
3038 1015 3299 1089 Χριστοῦ,
3327 1015 3418 1070 διά
3451 1014 3519 1069 τὸ
3548 1030 3721 1086 septo-

2127 1108 2376 1162 τότοκον
2403 1104 2523 1161 τῶν
2546 1105 2775 1176 νεκρῶν
2812 1106 2912 1161 καὶ
2945 1105 3232 1175 ἀπαρχὴν
3257 1105 3419 1160 αὐτὸν
3454 1107 3719 1179 εἰρῆσθαι

2126 1195 2246 1250 τῶν
2287 1196 2753 1267 κεκοιμημένων,
2792 1196 2978 1267 λέγοι,
3027 1197 3131 1262 ὅτι,
3190 1197 3444 1269 καθάπερ
3497 1199 3717 1262 ἐκεῖνος

2127 1287 2350 1358 ἀνέστη,
2373 1288 2552 1341 καὶτὰ
2576 1288 2752 1342 πάντα
2774 1287 3038 1352 ὡσαύτως
3063 1290 3241 1342 ἐκεῖνο
3266 1287 3376 1341 δεῖν
3399 1290 3717 1360 προσδοκῶ

2125 1376 2542 1449 ἀναστήσεσθαι,
2579 1377 2685 1442 ἵνα,
2716 1377 2904 1450 ὥσπερ
2932 1378 3163 1450 Χριστὸς
3187 1379 3503 1450 ἐγήγερται,
3532 1379 3716 1442 οὕτως

2127 1469 2223 1523 καὶ
2247 1471 2276 1522 ὁ
2297 1467 2437 1534 ’Θεὸς
2468 1470 2596 1534 τοὺς
2628 1470 2989 1541 κοιμηθέντας
3007 1470 3097 1525 διά
3122 1469 3214 1524 τοῦ
3256 1470 3431 1541 Ἰησοῦ
3460 1471 3580 1536 ἄξει
3610 1471 3713 1524 σὺν

2127 1558 2278 1630 αὐτῷ
2298 1576 2313 1590 ο
2346 1560 2642 1630 ἐγήγερται
2668 1560 2725 1613 δὲ
2763 1561 2826 1613 τὸ
2864 1559 2959 1613 τοῦ
3003 1558 3201 1629 Ἰησοῦ,
3233 1559 3329 1612 καὶ
3359 1558 3460 1622 τάς
3492 1560 3712 1631 σάρκας

2127 1649 2191 1714 ἃς
2225 1646 2358 1721 εἶχε,
2386 1652 2481 1705 καὶ
2512 1651 2581 1704 τά
2601 1651 2754 1714 ὀστᾶ,
2793 1648 3047 1721 καθάπερ
3079 1649 3306 1720 ἐπείσθη
3338 1650 3436 1702 καὶ
3461 1648 3670 1721 Θωμᾶς
3691 1666 3705 1679 ·

2124 1743 2403 1815 λέξωμεν·
2456 1742 2618 1796 Ἀλλά
2646 1742 2707 1796 τὸ
2751 1741 2846 1796 τοῦ
2902 1739 3141 1812 Χριστοῦ
3175 1740 3335 1812 σῶμα
3379 1741 3478 1797 οὐκ
3521 1737 3592 1812 ἦν
3644 1742 3711 1793 ἐκ

2121 1834 2429 1906 θελήματος
2457 1834 2668 1907 ἀνδρὸς,
2690 1833 2885 1906 ἡδονῆς
2913 1832 3067 1903 ὕπνῳ
3091 1831 3470 1903 συνελθούσης,
3494 1833 3552 1885 ὲν
3583 1831 3708 1884 ἀνο-

2123 1925 2273 1997 μίαις
2295 1924 2615 1996 συλληφθὲν,
2649 1926 2744 1979 καὶ
2768 1914 3027 1993 κισσηθὲν
3049 1923 3108 1975 ὲν
3138 1921 3455 1994 ἁμαρτίαις,
3475 1921 3614 1977 ἀλλά
3643 1922 3709 1974 ὲκ

2121 2017 2436 2088 Πνεύματος
2464 2015 2641 2084 ἁγίου,
2681 2015 2775 2069 καὶ
2811 2014 3091 2086 δυνάμεως
3132 2014 3403 2083 Ὑψίστου,
3430 2015 3522 2066 καὶ
3550 2013 3706 2082 Παρ-

2121 2106 2295 2161 θένου.
2323 2107 2397 2160 Τὸ
2423 2107 2480 2161 δὲ
2511 2107 2601 2161 σὸν
2645 2105 2814 2171 ὕπνος
2847 2106 2988 2171 ἐστὶ,
3035 2107 3129 2160 καὶ
3161 2106 3335 2178 ἡδονή,
3372 2105 3464 2158 καὶ
3497 2103 3704 2175 ῥύπος.

2121 2199 2230 2255 Καὶ
2267 2199 2355 2253 διά
2387 2198 2541 2253 τοῦτο
2560 2198 2656 2252 καὶ
2682 2200 2710 2253 ὁ
2738 2197 2900 2267 σοφὸς
2920 2196 3141 2270 Σειράχ,
3187 2198 3287 2251 Ἐν
3307 2196 3412 2266 ⁸γὰρ
3436 2193 3516 2261 τῷ
3542 2194 3706 2250 ἀπο-

2119 2290 2409 2358 θνήσκειν
2439 2290 2769 2359 ἄνθρωπον,
2795 2288 3225 2358 ἀποφθέγγεται,
3255 2285 3704 2355 κληρονομήσει

2120 2383 2359 2453 ἑρπετὰ,
2387 2381 2490 2435 καὶ
2527 2381 2722 2450 θηρία,
2754 2380 2853 2434 καί
2897 2378 3222 2447 σκώληκας
3242 2396 3256 2409 ·
3282 2378 3379 2432 καὶ
3406 2379 3464 2431 ὲν
3501 2378 3703 2449 ὀγδοη-

2119 2473 2296 2544 κοστῷ
2320 2472 2522 2544 ψαλμῷ
2566 2472 2776 2543 ἑϐδόμῳ
2799 2489 2813 2503 ο
2846 2472 2942 2540 Μὴ
2975 2471 3101 2538 τοῖς
3141 2471 3373 2540 νεκροῖς
3421 2469 3702 2537 ποιήσεις

2117 2563 2439 2635 θαυμάσια,
2482 2564 2520 2633 ἢ
2552 2562 2740 2631 ἰατροὶ
2777 2562 3218 2631 ἀναστήσουσι,
3268 2560 3368 2615 καὶ
3412 2561 3704 2631 ἐξομολο-

2116 2655 2408 2726 γήσονται
2422 2671 2552 2718 σοι;
2569 2654 2665 2723 Μὴ
2688 2653 3040 2724 διηγήσεταί
3057 2671 3147 2719 τις
3162 2654 3233 2707 ἐν
3252 2652 3421 2722 τάφῳ
3435 2651 3503 2705 τὸ
3523 2652 3702 2718 ἔλεός

2116 2762 2255 2810 σου,
2288 2747 2387 2800 καὶ
2414 2746 2530 2815 τὴν
2568 2744 2860 2812 ἀλήθειάν
2889 2760 3006 2799 σου
3047 2745 3116 2799 ἐν
3152 2742 3228 2813 τῇ
3264 2744 3529 2811 ἀπωλείᾳ
3548 2758 3569 2808 ;
3593 2744 3696 2811 Μὴ

2115 2836 2531 2907 γνωσθήσεται
2556 2836 2627 2890 ἐν
2653 2834 2733 2901 τῷ
2762 2836 2965 2890 σκότει
2995 2835 3067 2889 τὰ
3098 2834 3400 2904 θαυμάσιά
3426 2850 3563 2899 σου,
3592 2834 3698 2887 καὶ

2116 2929 2155 2997 ἠ
2209 2926 2566 2994 δικαιοσύνη
2619 2940 2737 2981 σου
2786 2927 2857 2979 ἐν
2910 2925 2989 2996 γῆ
3040 2924 3529 2995 terminum;
3580 2926 3700 2978 Καὶ

439 3004 567 3058 libet
602 3005 857 3076 colligere
886 3006 1048 3071 licet,
1083 3022 1174 3073 ne,
1197 3007 1244 3062 si
1273 3007 1455 3062 omnia
1477 3008 1699 3078 copiose
1729 3008 2014 3078 complecti

2120 3017 2281 3091 ἕτερα
2306 3017 2362 3071 δὲ
2394 3018 2616 3089 ῥήματα
2644 3014 2870 3069 τοιαῦτα
2897 3015 2975 3087 τῷ
3012 3014 3319 3087 βουλομένῳ
3352 3015 3603 3083 συνάγειν
3628 3015 3697 3066 ὲκ

436 3108 501 3149 ac
549 3086 978 3154 commemorare
1030 3097 1304 3165 velimus,
1363 3098 1624 3171 majorem
1680 3098 1737 3154 in
1790 3098 2011 3155 modum

435 3196 715 3244 excrescat
744 3189 944 3244 oratio.

890 3383 1139 3462 Sequitur
1164 3406 1228 3445 ea:
1268 3389 1552 3444 Methodio.

503 3504 616 3559 XL.
649 3503 785 3559 Cum
829 3502 1058 3557 Proclus
1108 3516 1250 3571 aegre
1302 3500 1519 3554 dicendi
1575 3499 1734 3555 linem
1772 3499 2009 3569 fecisset,

432 3597 525 3650 diu
573 3596 641 3650 iis
688 3595 780 3664 qui
827 3594 1055 3648 aderant
1106 3592 1476 3659 tacentibus,‘
1510 3599 1565 3649 et
1602 3592 1672 3648 ad
1725 3593 2013 3649 inﬁdellta-

434 3694 542 3741 tem
579 3682 793 3740 abunde
833 3684 1123 3754 prostratis
1144 3725 1159 3750 ,
1193 3692 1548 3754 posteaquam
1596 3683 1828 3742 desiisse
1861 3685 2009 3740 illum

433 3776 828 3842 animadverti,
877 3776 1078 3832 sensim
1113 3782 1277 3847 caput
1308 3778 1564 3833 attollens
1606 3791 1671 3833 ac
1707 3778 2008 3849 respirans,

435 3879 494 3925 ut
535 3872 570 3925 ii
618 3871 710 3941 qui
757 3869 813 3924 in
850 3868 986 3923 mari
1019 3869 1317 3939 navigant,
1356 3869 1447 3929 ubi
1504 3869 1686 3925 sedari
1714 3877 2010 3941 tempestas

431 3964 641 4033 coepit,
697 3970 939 4016 tremens
976 3960 1157 4017 adhuc
1209 3961 1569 4016 nihilominus
1628 3975 1692 4014 ac
1744 3961 2011 4032 vertigine

431 4061 717 4125 correptus
747 4051 846 4125 (ut
875 4052 1020 4107 enim
1051 4051 1197 4122 quod
1232 4068 1322 4108 res
1348 4060 1432 4109 est
1466 4053 1699 4123 ingenue
1734 4051 1890 4109 vobis
1930 4052 2008 4107 fa-

431 4154 569 4207 tear,
603 4150 753 4197 tanta
782 4143 996 4198 dicendi
1021 4140 1189 4214 copia
1231 4158 1295 4198 ac
1322 4142 1580 4198 facultate
1614 4144 1901 4213 perculsus
1946 4158 2009 4199 ac

431 4235 577 4288 velut
601 4235 834 4289 obrutus
863 4232 1122 4301 fueram),
1153 4232 1218 4288 ad
1252 4231 1582 4288 Auxentium
1605 4248 1924 4298 conversus,
1955 4241 2009 4290 et

430 4339 553 4378 eum
584 4323 894 4393 appellans,
923 4322 1157 4378 Auxenti
1181 4364 1197 4390 ,
1226 4324 1469 4394 inquam,
1502 4338 1612 4377 non
1640 4331 1847 4380 temere
1874 4339 2001 4396 poe-

432 4416 598 4468 ticum
627 4413 759 4468 illud
783 4421 1104 4482 usurpatum
1133 4415 1371 4468 arbitror
1396 4432 1411 4469 :

783 4519 924 4574 Dum
938 4519 1114 4590 juncti
1136 4532 1416 4591 properant
1444 4523 1619 4579 ambo.

432 4634 549 4690 Duo
578 4634 778 4706 quippe
806 4633 1105 4690 adversarii
1135 4645 1284 4691 sunt.
1319 4635 1500 4703 Quare
1537 4636 1820 4693 amborum
1862 4640 2008 4697 vires

431 4726 695 4781 ambobus
749 4727 907 4782 nobis
940 4726 1277 4783 sustinendae
1330 4738 1475 4783 sunt.
1512 4727 1591 4784 Te
1635 4730 1780 4786 enim
1816 4747 2009 4801 pugnae

431 4819 694 4874 adversus
733 4818 855 4875 illos
899 4827 953 4874 et
980 4820 1299 4875 certaminis
1328 4820 1631 4890 adjutorem
1671 4830 1726 4877 et
1772 4824 2028 4893 opitula-‘

2116 3107 2223 3163 τῶν
2266 3107 2499 3180 Γραφῶν
2526 3110 2787 3178 πάρεστιν
2809 3092 2930 3171 ὅσα,
2961 3106 3049 3159 ἵνα
3077 3104 3152 3177 μὴ
3183 3106 3401 3159 πάντων
3422 3106 3581 3175 ἡμεῖς
3614 3105 3699 3166 εἰς

2116 3198 2318 3269 πλῆθος
2350 3197 2806 3270 μνημονεύοντες,
2835 3196 3233 3252 πολυπλασίονα
3255 3196 3364 3251 τῶν
3389 3195 3697 3267 εἰρημένων

2115 3288 2440 3360 αὐξήσωμεν
2465 3287 2645 3356 λόγον.

2544 3401 2770 3458 Λοιπὸν
2808 3370 3098 3458 Μεθοδίου
3131 3402 3270 3475 (42).
3319 3428 3323 3432 ι

2183 3514 2274 3568 Μ’.
2319 3514 2408 3578 Ὠς
2444 3509 2536 3569 οῦν
2584 3515 2857 3570 ἐπαύσατο
2898 3516 3056 3587 μόγις
3096 3517 3189 3570 καὶ
3220 3517 3249 3568 ὁ
3299 3516 3552 3587 Πρόκλος,
3592 3518 3698 3569 καὶ

2114 3607 2241 3679 σιγὴ
2289 3608 2398 3662 τῶν
2450 3608 2733 3678 παρόντων
2777 3604 2844 3679 ἦν
2890 3609 2982 3661 ἐπὶ
3031 3608 3187 3674 πολὺ,
3239 3607 3698 3679 καταϐληθέντων

2113 3688 2314 3762 ίκανῶς
2342 3696 2479 3768 πρὸς
2502 3697 2777 3760 ἀπιστίαν,
2810 3699 2905 3751 καὶ
2931 3696 3042 3766 ἐγὼ
3059 3696 3328 3768 ᾐσθόμην,
3359 3697 3438 3750 ὅτι
3464 3695 3541 3766 τῷ
3569 3696 3698 3750 ὄντι

2112 3788 2462 3859 πεπαυμένος
2484 3788 2601 3858 εἵην
2629 3788 2692 3853 ¹⁶,
2717 3788 2899 3861 ἡρέμα
2933 3788 3033 3860 τὴν
3070 3788 3307 3860 κεφαλὴν
3338 3788 3545 3858 ἐπάρας
3594 3788 3699 3842 καὶ

2111 3878 2476 3944 ἀναπνεύσας,
2531 3879 2719 3951 ὥσπερ
2762 3882 2810 3934 οι
2860 3879 3113 3945 πλέοντες
3149 3879 3243 3933 τοῦ
3306 3879 3544 3950 κύματος
3585 3880 3696 3952 ἤδη

2110 3973 2418 4044 λωφῶντος,
2476 3974 2799 4045 ὑποτρέμων
2842 3973 2920 4027 ἔτι
2973 3974 3067 4027 καὶ
3111 3971 3488 4042 σκοτιζόμενος
3543 3972 3701 4041 (ἐϐε-

2110 4066 2329 4138 6λήμην
2352 4066 2482 4137 γὰρ,
2531 4065 2606 4130 ὼς
2658 4064 2794 4138 πρὸς
2841 4065 2984 4136 ὑμᾶς
3019 4065 3275 4137 εἰρήσθω,
3310 4067 3376 4135 τῇ
3420 4064 3698 4134 δεινότητι

2109 4155 2217 4209 τῶν
2249 4155 2423 4225 λόγων
2452 4154 2910 4226 κατηντλημένος)
2936 4172 2950 4184 ·
2982 4154 3253 4225 τρέπομαι
3288 4154 3422 4225 πρὸς
3460 4153 3549 4207 τὸν
3576 4155 3701 4207 Δύ-

2111 4245 2333 4313 ξέντιον,
2377 4245 2473 4299 καὶ
2509 4244 2747 4309 καλέσας
2792 4245 2975 4309 αὑτὸν,
3010 4241 3081 4297 Ὦ
3129 4244 3407 4310 Αύξέντιε,
3456 4244 3697 4314 νομίζω,

2110 4338 2271 4411 ἔφην,
2304 4337 2381 4411 μὴ
2417 4339 2595 4410 μάτην
2619 4336 2869 4409 λελέχθαι
2890 4338 2952 4393 τὸ
2981 4334 3281 4409 ποιητικὸν,

2462 4537 2587 4591 Σύν
2606 4552 2669 4589 τε
2701 4534 2872 4589 δυοῖν
2895 4532 3242 4605 ἐρχομένων
3260 4532 3326 4585 ¹¹.

2110 4643 2222 4698 Καὶ
2260 4643 2368 4716 γὰρ
2404 4645 2454 4697 οἱ
2477 4644 2873 4713 ἀνταγωνισταὶ
2898 4643 3012 4698 δύο.
3043 4643 3133 4699 Διὸ
3159 4643 3343 4708 σθένος
3384 4642 3701 4714 ἀμφότεροι

2110 4724 2434 4805 ἀμφοτέρων
2462 4734 2750 4805 ἐπέχομεν.
2777 4736 3251 4806 Συναντιλήπτορα
3277 4734 3385 4805 γὰρ
3407 4735 3502 4788 καὶ
3555 4751 3701 4788 συν-

2112 4826 2415 4898 αγωνιστὴν
2443 4813 2721 4900 αίροῦμαί
2755 4844 2815 4881 σε
2835 4827 2935 4897 τῆς
2965 4826 3099 4897 πρὸς
3126 4828 3321 4891 αὐτοὺς
3358 4826 3557 4898 μάχης,
3612 4827 3702 4899 μὴ

501 4974 519 5004 ⁸
553 4972 743 5028 Matth.
780 4989 913 5035 xvu.
950 4974 1147 5045 lsqq.;
1181 4973 1349 5031 Marc.
1380 4992 1453 5039 Ix,
1486 4976 1511 5029 1
1541 4989 1602 5045 sq
1650 5015 1662 5028 .
1740 4977 1762 5008 '
1793 4979 1834 5031 Α
1877 4994 1962 5034 oc.
2004 4996 2042 5046 ι,
2068 4979 2132 5047 5;
2188 4977 2360 5036 lCor.
2396 4997 2487 5044 sv.
2513 4980 2605 5037 20.
2701 4983 2767 5036 ³1
2798 4981 2964 5037 Thes.
2992 4996 3065 5051 ιτ,
3110 4983 3197 5038 15.
3275 4983 3297 5014 ⁸
3323 4981 3482 5037 Joan.
3516 4998 3552 5041 I.
3594 4985 3696 5040 I3.

501 5042 613 5101 Sal).
637 5061 733 5101 VII.
766 5045 823 5098 2.
894 5043 1075 5100 ‘Psul.
1112 5060 1162 5101 Ι..
1196 5046 1250 5099 Ἰ.
1327 5047 1346 5078 ⁷
1377 5044 1510 5101 Luc.
1553 4991 1711 5101 1.115.
1786 5048 1808 5080 ⁸
1836 4993 2003 5101 Eccli.
2078 5066 2133 5101 ι.
2156 5047 2239 5101 15.
2315 5052 2336 5083 ⁹
2375 5050 2521 5101 Psal.
2548 5068 2789 5101 szxvn-
2824 5054 3011 5101 “~15-
3090 5052 3135 5085 ⁸⁸
3159 5051 3218 5101 F-
3258 5053 3367 5101 εἴη.
3432 5054 3471 5084 ⁸¹
3503 5051 3576 5101 Il-
3612 5057 3694 5101 κ,

1575 5085 1589 5112 ’
1622 5085 1711 5101 vvo

429 5042 451 5072 ⁸
485 5041 613 5114 Sap.
637 5061 733 5109 vn,
766 5045 823 5098 2.
894 5041 1162 5111 'Psull's,
1196 5046 1250 5099 7.
1327 5047 1346 5078 ⁷
1377 5044 1510 5101 Luc.
1553 5062 1569 5101 ι

533 5220 641 5283 42η)
703 5224 933 5277 Λοιπὸν
1025 5224 1341 5280 Μεθοδίου.
1395 5223 1672 5282 Hactenus
1736 5225 1991 5283 Proclus.

501 5221 641 5292 (42η)
703 5224 933 5277 Λοιπὸν
1025 5224 1341 5280 Μεθοδίου.
1395 5223 1672 5282 Hactenus
1736 5225 1991 5283 Proclus.

427 5288 698 5366 Deinceps
726 5291 1210 5366 Methodii‘partes
1245 5302 1394 5359 sunt,
1441 5297 1538 5366 qui
1588 5297 1850 5353 adversus
1874 5298 1997 5352 Ori-

424 5374 616 5429 geuem
647 5362 891 5433 disserit,
923 5362 1082 5431 cujus
1115 5362 1477 5433 patrocinium
1510 5381 1541 5420 a
1577 5367 1773 5423 Proclo
1808 5383 1996 5423 susce-

425 5437 576 5500 ptum
610 5431 770 5500 paulo
792 5440 912 5498 post
945 5431 1163 5488 iudicat.
1203 5436 1397 5489 Verum
1422 5436 1467 5491 si
1491 5435 1669 5491 Procli
1692 5434 1865 5493 estea
1885 5439 1999 5493 dis-

426 5500 809 5577 putatio,_qu:c
839 5516 868 5553 a
898 5517 1049 5577 num.
1089 5503 1154 5577 ιῖι
1178 5504 1243 5557 ad
1281 5505 1432 5577 hunc
1472 5522 1646 5577 usque
1677 5509 1996 5577 pertexitur,

426 5586 534 5643 non
581 5572 738 5626 video
767 5571 1240 5643 quemadmodum
1272 5572 1522 5643 Origenis
1560 5571 1789 5633 causam
1821 5571 2001 5631 defen¥

424 5640 514 5695 dat
534 5682 551 5706 .
577 5657 702 5697 cum
730 5639 848 5713 ejus
878 5639 1073 5713 dogma
1105 5639 1442 5701 validissime
1474 5647 1704 5717 refellat,
1732 5657 1785 5704 et
1814 5664 2000 5704 resur-

703 5224 933 5277 Λοιπὸν
1025 5224 1341 5280 Μεθοδίου.
1395 5223 1672 5282 Hactenus

1786 5048 1808 5080 ⁸
1836 5047 2003 5104 Eccli.

2120 5047 2239 5117 .15.
2315 5052 2336 5083 ⁹
2375 5050 2521 5108 Psal.
2547 5068 2789 5120 Lxxxvu,
2824 5054 3011 5108 11-15.
3052 5047 3061 5051 ⁷
3090 5052 3135 5085 ⁸⁸
3158 5051 3218 5108 F.
3258 5053 3367 5124 εῑη.
3432 5054 3471 5084 ⁸¹
3503 5051 3576 5106 ll.
3610 5057 3695 5111 Κ.

2101 5228 2400 5284 rectionem
2438 5244 2726 5300 corporum
2766 5228 3014 5300 aﬂirmet.
3062 5229 3171 5284 Sed
3203 5244 3384 5300 neque
3418 5227 3699 5300 Methodii

2100 5314 2447 5369 consequens
2477 5298 2737 5354 refutatio
2784 5299 2852 5352 ad
2898 5298 3309 5355 antecedentem
3340 5298 3521 5354 Procli
3559 5314 3699 5355 ser-

2102 5384 2320 5442 monem
2370 5370 2636 5442 pertinet;
2663 5379 2744 5442 _et
2781 5370 3177 5442 Aglaophoutis
3209 5371 3512 5442 orationem
3544 5383 3699 5442 eon-

2104 5439 2295 5501 vincit,
2330 5439 2450 5508 qua:
2481 5440 2627 5511 nulla
2659 5440 2747 5494 hic
2772 5439 2973 5494 exstat.
3010 5440 3109 5494 Hic
3142 5442 3307 5511 igitur
3340 5440 3538 5511 ba'reo:
3574 5439 3694 5511 Αι-

2105 5524 2215 5589 que
2232 5509 2704 5592 aututransposilt‘a,
2733 5517 2824 5562 aut
2845 5510 3049 5592 omissa
3074 5508 3329 5592 ple-raque
3355 5510 3477 5564 istic
3511 5508 3696 5592 fuisse

2106 5578 2400 5633 verisimile
2448 5578 2555 5645 est.
2616 5581 2766 5644 Qum,
2821 5581 2867 5634 si
2908 5579 3167 5635 Methodii
3221 5578 3361 5636 liber
3413 5586 3694 5645 exstaret,

2109 5648 2350 5705 discerni
2398 5644 2787 5721 crixeudarique
2817 5660 3056 5726 possent.
