3840 6062
227 278 363 332 1153

914 262 1282 334 Anvnusus
1319 277 1657 336 IIJERESES
1696 277 1806 333 LIB

1920 318 1932 333 .
1972 275 2136 332 ΤΟΜ.
2177 275 2217 330 Ι.
2257 307 2327 318 -
2364 274 2637 329 HAElltES.
2676 272 2859 328 LXIV.

3335 271 3474 325 1154

224 395 356 464 ἡμῖν
384 395 412 446 ὁ
446 392 756 463 Ἀγλαοφῶν
793 394 929 465 μετὰ
968 395 1209 467 Πρόκλου
1234 398 1326 451 καὶ
1351 398 1657 469 Ὠριγένους
1687 399 1797 461 τοῖς

1920 408 2076 449 orem
2102 394 2265 465 eligo,
2298 408 2367 448 ne
2393 390 2707 463 Aglaophon
2736 402 2858 442 eum
2890 384 3084 439 Proclo
3119 391 3173 439 et
3218 382 3473 455 Origene,

226 485 343 556 ἅμα
371 488 685 557 τρεπτικοῖς
709 486 724 516 ¹
771 487 892 540 καθ’
916 487 1074 557 ήμῶν
1105 488 1447 559 ὡπλισμένος
1473 490 1652 559 λόγοις
1709 491 1802 543 ὲκ-

228 574 367 645 πέσῃ
396 575 417 604 ²
450 573 550 645 τὴν
595 575 908 629 ἀνάστασιν.
948 577 1080 644 Ἀγε
1117 571 1211 630 οὖν
1242 576 1807 649 ἀντιπαραταξώμεθα

227 666 337 727 τοῖς
363 663 692 733 σοφίσμασιν
724 663 923 730 αὐτῶν,
962 665 1128 736 μηδὲν
1169 664 1277 718 τῶν
1312 664 1689 734 ἀπιλογικῶν,
1725 658 1807 727 οἷς

225 752 389 805 δειλοὶ
428 751 729 821 βάλλονται,
763 754 1110 825 φοϐηθέντες.
1146 755 1256 809 Καὶ
1293 755 1418 828 γὰρ,
1436 755 1586 809 οὐδὲν
1620 758 1678 808 ὲν
1709 754 1807 809 αὒ-

227 847 338 907 τοῖς
366 844 517 913 ὑγιὲς
540 845 661 899 οὐδὲ
692 846 907 914 πάγιον,
938 846 1073 900 άλλά
1115 847 1387 917 φαντασία
1419 847 1579 917 μόνον
1608 846 1822 918 εὐπρε-’

228 933 335 1003 πὴς
369 933 629 1004 ῥημάτων
661 935 799 1005 πρὸς
831 933 1165 1005 κατάπληξιν
1194 933 1303 989 τῶν
1358 932 1681 997 ἀκουόντων,
1715 931 1807 984 καὶ

228 1023 402 1076 πειθὼ
450 1025 957 1095 κατεσκευασμένη,
1005 1027 1066 1079 οὐ
1099 1027 1198 1097 τῆς
1248 1025 1507 1095 ἀληθείας
1543 1024 1670 1078 οὐδὲ
1711 1022 1804 1076 τοῦ

229 1112 602 1184 συμφέροντος
648 1114 827 1186 χάριν,
872 1115 1007 1169 ἀλλά
1051 1114 1144 1168 τοῦ
1192 1113 1361 1179 δεῖξαι
1412 1116 1523 1177 τοῖς
1571 1112 1806 1183 παροῦσι

227 1206 354 1269 τοὺς
390 1204 584 1273 λόγους
624 1206 840 1274 σοφούς.
882 1207 1160 1260 Ἐντεῦθεν
1193 1207 1322 1276 γοῦν
1358 1208 1472 1269 τοῖς
1510 1205 1725 1269 πολλοῖς
1757 1207 1807 1259 οί

228 1298 292 1349 ὲκ
316 1296 424 1349 τῶν
450 1296 674 1351 εἰκότων
713 1297 824 1350 ἔσθ’
857 1300 946 1351 ὅτε
986 1298 1134 1367 λόγοι
1163 1299 1297 1371 πρὸς
1327 1298 1521 1362 κάλλος
1561 1299 1656 1351 καὶ
1684 1297 1807 1368 ἡδο-

225 1388 324 1459 νήν
364 1388 775 1460 πεποικιλμένοι
807 1390 1006 1460 μᾶλλον
1031 1390 1141 1445 τῶν
1173 1394 1253 1454 εὶς
1293 1390 1581 1460 ἀκρίϐειαν
1617 1389 1809 1461 ἐξητα-

227 1480 443 1549 σμένων
493 1480 799 1550 νομίζονται
845 1482 1270 1553 σπουδαιότεροι,
1324 1482 1433 1535 τῶν
1474 1482 1807 1537 διδασκάλων

225 1570 349 1624 οὔτε
380 1572 517 1644 πρὸς
543 1573 605 1626 τὸ
633 1573 905 1643 βέλτιστον
925 1574 1316 1645 ἁμιλλωμένων
1354 1574 1433 1627 ἔτι
1467 1576 1560 1629 καὶ
1589 1576 1805 1647 σεμνὸν,

224 1663 361 1716 ἀλλά
395 1664 533 1733 πρὸς
567 1666 627 1716 τὸ
675 1663 868 1736 ἀρέσαι
916 1666 1010 1719 καὶ
1063 1665 1426 1735 εὐημερῆσαι,
1477 1665 1726 1737 καθάπερ
1757 1669 1806 1721 οἱ

1908 487 2050 556 aptis
2091 485 2156 539 ad
2196 483 2546 540 refellendum
2578 480 2881 535 rationibus
2924 478 3249 539 instructus,
3291 492 3477 532 resur-

1906 577 2206 631 rectionem
2257 583 2481 630 evertat.
2543 574 2710 644 Igitur
2758 569 3070 641 sophisticis
3125 569 3340 623 illorum
3384 584 3478 623 ca—

1907 652 2131 723 lumniis
2161 664 2522 721 resistendum
2559 663 2719 719 nobis
2769 672 2887 728 est,
2923 676 3099 731 neque
3130 660 3347 714 illorum
3385 675 3477 714 ra-

1906 757 2085 810 tiones
2107 756 2301 825 Quibus
2317 754 2474 826 563
2495 755 2718 824 ignavos
2750 754 3013 824 impetunt
3043 752 3153 808 ullo
3176 751 3338 805 modo
3367 766 3482 806 me-

1910 847 2145 902 tuendae.
2173 845 2318 900 Nihil
2347 850 2490 902 enim
2515 847 2570 902 in
2599 847 2684 901 his
2714 861 2907 901 sanum
2937 853 3020 900 est
3050 852 3214 914 atque
3241 844 3478 906 firmum,

1907 940 2002 995 sed
2032 940 2326 994 verborum
2362 938 2624 993 duntaxat
2652 946 2880 993 ornatus
2920 937 2988 992 ad
3033 949 3287 1006 pompam
3324 930 3379 990 εἰ
3412 932 3481 987 ad

1909 1029 2244 1085 audientium
2295 1029 2714 1085 admirationem
2761 1031 3101 1092 instructus,
3137 1040 3203 1081 ac
3254 1040 3481 1097 persua-

1907 1123 2068 1178 dendi
2108 1122 2383 1193 quoddam
2442 1122 2771 1178 lenocinium
2817 1138 2927 1176 non
2978 1121 3257 1186 veritatis,
3305 1133 3482 1189 neque

1910 1215 2160 1270 utilitatis
2197 1214 2360 1270 ullius
2382 1256 2397 1281 ,
2440 1215 2533 1271 sed
2560 1215 2960 1270 ostentationis
2999 1228 3165 1268 causa
3198 1226 3483 1281 compara-

1910 1315 2048 1372 tum,
2088 1317 2146 1361 ut
2183 1307 2411 1362 callidos
2447 1323 2509 1362 ac
2544 1308 2772 1363 solerter
2810 1306 3147 1377 excogitatos
3205 1317 3484 1359 sermones

1910 1396 2252 1452 auditoribus
2306 1395 2617 1452 exhibeant.
2673 1397 2851 1467 Atque
2911 1394 3037 1449 hinc
3090 1407 3485 1463 nonnunquam

1911 1487 2113 1541 accidit
2146 1497 2204 1542 ut
2231 1503 2353 1558 quae
2380 1503 2447 1542 ex
2473 1488 2866 1545 verisimilibus
2905 1486 3152 1542 deducta:
3191 1494 3317 1541 sunt
3356 1499 3483 1539 ora-

1911 1581 2117 1645 tiones,
2153 1588 2207 1636 et
2250 1580 2316 1634 ad
2352 1581 2589 1652 speciem
2619 1596 2682 1636 ac
2720 1581 3051 1649 voluptatem
3083 1586 3324 1640 ornate.
3363 1578 3486 1634 aliis

1910 1672 2319 1740 praestantiores
2352 1671 2676 1735 videantur,
2731 1685 2851 1742 qua:
2902 1670 2968 1724 ad
3018 1670 3485 1725 acenratissimam

228 1757 503 1826 σοφισταὶ,
532 1758 581 1811 οῖ
632 1757 822 1828 μισθὸν
856 1758 1136 1830 αἱροῦνται
1176 1758 1284 1812 τῶν
1310 1759 1506 1826 λόγων,
1548 1759 1809 1812 ἐπευωνι-

1920 1762 2164 1817 veritatis
2217 1778 2463 1816 normam
2504 1768 2708 1816 exacta:
2750 1740 2906 1816 sunt.
2959 1760 3036 1815 Ex
3072 1776 3181 1832 quo
3237 1760 3293 1815 fit
3328 1768 3385 1816 ut
3433 1768 3489 1815 et

225 1847 442 1916 ζόμενοι
489 1847 588 1917 τῆς
627 1847 818 1917 σοφίας
872 1847 1134 1929 ἐπαίνοις,
1172 1848 1245 1901 Τὸ
1289 1850 1387 1920 μὲν
1434 1845 1527 1902 οὖν
1583 1849 1808 1902 παλαιὸν

1920 1853 2173 1909 doctores
2206 1868 2314 1908 non
2349 1853 2462 1922 jam
2495 1853 2567 1916 ei,
2598 1853 2742 1923 quod
2772 1853 3036 1922 Optimum
3068 1853 3138 1907 sit
3182 1851 3490 1923 gravitatis-

228 1935 403 2007 βραχὺ
430 1937 708 2001 παντελῶς
734 1938 795 1991 τὸ
822 1940 949 2009 περὶ
973 1938 1072 2011 τήν
1098 1939 1354 2011 ἐξήγησιν
1379 1936 1467 2011 ἦν,
1498 1940 1809 2010 φιλοτιμου-

1920 1961 2024 2014 que
2054 1946 2269 2015 plenum
2292 1986 2306 2009 ,
2341 1944 2595 2000 studeant
2618 1985 2631 2007 ,
2663 1944 2757 2001 sed
2787 1944 2838 1999 id
2880 1944 3175 2006 duntaxat,
3207 1943 3351 2013 quod
3384 1945 3490 2013 pla.

229 2028 408 2098 μένων
439 2028 512 2100 μή
542 2029 783 2101 τέρπειν,
817 2030 952 2084 ἀλλά
973 2030 1202 2099 ώφελεῖν
1231 2032 1357 2095 τοὺς
1395 2032 1668 2103 παρόντας
1696 2031 1803 2084 τῶν

1920 2045 1996 2091 eet
2051 2037 2303 2107 quodque
2333 2037 2577 2092 secundo
2610 2036 2798 2091 favore
2833 2035 3024 2101 fertur,
3060 2034 3376 2105 respiciant,
3409 2034 3488 2087 uti

224 2123 369 2176 τότε.
1151 2126 1159 2133 ’
1915 2130 2175 2199 sophistae
2214 2130 2394 2184 facere
2429 2140 2863 2193 consueverunt,
2904 2129 2997 2199 qui
3032 2128 3339 2183 orationum
3371 2142 3492 2182 sua-

226 2229 350 2272 rum
387 2217 690 2272 mercedem
724 2218 1056 2287 aecipientes
1090 2218 1352 2273 doctrina:
1404 2225 1457 2273 et
1517 2217 1843 2273 eruditionis
1898 2235 2011 2273 sum
2064 2220 2319 2275 laudibus
2374 2230 2633 2292 tanquam
2689 2220 2782 2273 vili
2836 2219 3300 2289 quodam~pretio
3349 2218 3489 2272 redi.

226 2318 473 2364 mnntur.
506 2308 582 2361 Ac
608 2309 806 2379 priscis
830 2309 1049 2379 quidem
1083 2309 1420 2378 temporibus
1480 2324 1693 2364 summa
1745 2317 1864 2365 erat
1910 2310 1964 2363 in
2000 2313 2321 2379 explicando
2361 2314 2635 2377 brevitas,
2669 2326 2816 2387 cum_
2845 2309 2899 2363 in
2942 2309 2995 2363 id
3030 2308 3105 2363 illi
3140 2310 3484 2379 potissimum

227 2410 631 2473 incumberent,
664 2423 769 2461 non
802 2415 862 2462 ut
884 2409 1245 2472 oblectarent,
1280 2406 1373 2462 sed
1403 2417 1460 2461 ut
1490 2408 1813 2476 prodessent
1853 2408 2214 2463 auditoribus.

312 2501 431 2568 ’Λφ“
460 2495 520 2554 οὗ
549 2500 605 2553 δὲ
650 2500 833 2554 λοιπὸν
863 2502 943 2564 εἰς
990 2500 1271 2572 ῥαστώνην
1314 2501 1597 2573 ἐπετράπη
1646 2502 1811 2555 πᾶσιν

229 2590 555 2663 ἑρμηνεύειν
594 2590 792 2657 ἐξεῖναι
835 2590 934 2654 τὰς
984 2590 1227 2660 Γραφάς,
1264 2592 1357 2652 καὶ
1402 2592 1602 2655 πάντες
1635 2594 1715 2655 εἰς
1753 2592 1813 2645 τὸ

229 2685 454 2754 ποιῆσαι
479 2683 575 2753 μὲν
598 2682 659 2736 τὸ
677 2683 840 2737 καλὸν
873 2683 1254 2755 ἠμϐλύνθησαν
1273 2682 1601 2755 πλησθέντες
1625 2685 1815 2754 οἰήμα-

230 2792 322 2837 τος
345 2789 359 2804 ο
399 2774 525 2844 περὶ
560 2772 621 2826 τὸ
649 2772 1026 2842 λογικεύεσθαι
1060 2772 1117 2826 δὲ
1145 2772 1454 2844 προέκοψαν
1478 2771 1813 2836 καλλωπιζό.

234 2881 407 2935 μενοι,
441 2864 516 2927 ὡς
548 2864 723 2917 πάντα
754 2862 1044 2932 γινώσκειν
1086 2864 1422 2936 ὑπάρχοντες
1450 2862 1633 2927 δεινοὶ,
1673 2862 1815 2917 διδά-

233 2955 457 3010 σκεσθαι
499 2956 595 3027 μὲν
618 2955 897 3027 ὁμολογεῖν
932 2955 1156 3028 χρῄζειν
1190 2955 1548 3020 αἰδεσθέντες,
1581 2956 1813 3027 φιλονει-

232 3050 348 3102 κεῖν
394 3046 452 3100 δὲ
494 3019 691 3118 μᾶλλον
753 3019 847 3101 καὶ
894 3019 1198 3119 πᾉὸέἑῂδᾷν,
1249 3047 1324 3111 ὡς
1378 3049 1427 3100 οἱ
1471 3019 1811 3111 διδάσκαλοι*
1844 3019 1885 3077 c

230 3138 628 3211 θρασυνθέντες
665 3137 796 3207 γοῦν
838 3138 1109 3202 ἐντεῦθεν,
1139 3137 1234 3191 τοῦ
1277 3139 1373 3208 μὲν
1421 3137 1684 3201 εὐλαϐοὖς
1722 3138 1818 3190 καὶ

232 3232 434 3303 πράου,
466 3232 561 3284 καὶ
580 3231 756 3284 πάντα
781 3229 1037 3282 δύνασθαι
1068 3231 1241 3282 ποιεῖν
1269 3229 1360 3282 τὸν
1383 3228 1514 3281 Θεδν
1546 3222 1619 3282 ὧν
1645 3229 1817 3298 ἐπηγ-

232 3322 473 3391 γείλατο,
514 3321 575 3375 τὸ
602 3321 623 3352 ³
656 3320 929 3376 πιστεύειν
969 3319 1277 3390 ὡλίσθησαν
1298 3337 1310 3351 ·
1340 3321 1420 3383 είς
1457 3319 1514 3373 δὲ
1561 3320 1816 3390 ζητήσεις

231 3413 397 3479 κενάς
425 3414 518 3468 καὶ
565 3413 914 3484 βλασφημίας
959 3413 1148 3483 ἦκασι,
1190 3410 1265 3481 μὴ
1294 3411 1607 3482 νοήσαντες,
1637 3409 1713 3473 ώς
1753 3410 1815 3461 ού

232 3506 301 3560 τά
330 3505 469 3577 ἔργα
500 3504 606 3558 τῶν
631 3504 804 3571 λόγων
837 3502 1169 3574 ἐπετηδεύθη
1200 3503 1380 3573 χάριν,
1415 3501 1551 3556 ἀλλά
1578 3501 1688 3555 τῶν
1721 3501 1814 3575 ἕρ-

234 3614 345 3666 γων
375 3600 427 3650 οἱ
457 3596 633 3665 λόγοιο
682 3595 870 3665 ὥσπερ
902 3594 1169 3666 ἰατρικῆς,
1202 3595 1269 3648 δι’
1308 3588 1383 3649 ὧν
1422 3595 1546 3657 τοὺς
1583 3594 1817 3664 κάμνονο

235 3705 334 3752 τας
355 3687 440 3741 δεῖ
466 3685 753 3750 σώζεσθαι,
786 3684 894 3737 τῶν
924 3685 1098 3753 λόγων
1122 3684 1305 3754 ἔργοις
1350 3683 1722 3754 κυρουμένων·
1749 3683 1816 3735 ἵν’

237 3780 597 3853 ἡρμοσμένων
638 3777 795 3850 ήμῶν
828 3778 1005 3832 πάντα
1039 3776 1366 3847 συμφώνως,
1394 3777 1422 3829 ὁ
1453 3774 1578 3837 νοῦς
1602 3774 1689 3845 εἰή
1707 3777 1818 3838 τοῖς

236 3873 482 3945 ἀρίστοις
511 3872 690 3941 λόγοις
715 3873 781 3925 τά
812 3870 915 3942 ήθη
949 3873 1014 3942 τῇ
1049 3868 1271 3941 γλώσσῃ
1299 3867 1507 3938 συνῳδά
1539 3866 1814 3939 παρέχων,

235 3964 394 4036 δίκην
426 3963 616 4034 λύρας,
662 3963 796 4016 ἀλλά
830 3962 902 4034 μὴ
933 3963 1147 4033 ἄμουσα
1195 3961 1291 4014 καὶ
1330 3958 1654 4029 ἀσύμφωνα.
1696 3958 1819 4011 Ἐπὶ

215 4057 345 4126 ,γὰρ
372 4053 454 4126 τῷ
484 4055 787 4127 κτήσασθαι
817 4054 957 4109 κατά
986 4054 1243 4125 ἀλήθειαν
1272 4050 1633 4121 ἀγωνίζεσθαι
1656 4050 1818 4104 δεῖτὸ

237 4148 447 4202 δίκαιον
478 4150 687 4211 ἀσκεῖν,
733 4147 828 4201 καὶ
879 4148 978 4200 ούκ
1028 4146 1120 4199 ἐπὶ
1147 4146 1225 4217 τῷ
1263 4144 1460 4206 δοκεῖν,
1491 4142 1680 4214 χωλῶς
1707 4144 1820 4196 ὲπι-

238 4238 491 4292 ϐαίνοντα
528 4238 741 4308 σοφίας,
766 4238 858 4290 καὶ
890 4236 1026 4308 πρὸς
1045 4235 1202 4303 δόξαν
1235 4234 1433 4306 μᾶλλον
1465 4233 1498 4305 ἢ
1522 4233 1656 4305 πρὸς
1682 4231 1817 4303 ἀλή-

239 4330 391 4385 θειαν
430 4330 802 4401 ἁμιλλώμενον
846 4329 1115 4401 πρόθυρα,
1162 4328 1256 4382 καὶ
1298 4328 1685 4400 προσχήματα,
1723 4326 1818 4379 καὶ

241 4426 419 4477 πᾶσαν
448 4423 850 4494 ὑποδυσάμενον
885 4422 984 4494 τῆς
1015 4420 1354 4493 ὑποκρίσεως
1385 4420 1484 4491 τὴν
1512 4418 1734 4489 σκευήν.

1990 2501 2349 2572 Posteaquam
2406 2516 2535 2558 vero
2573 2501 3041 2572 explanandarum
3076 2500 3485 2572 Scripturarum

1919 2594 2068 2649 nullo
2102 2593 2300 2662 cuique
2328 2592 2543 2662 negotio
2576 2590 2808 2648 facultas
2838 2602 2921 2649 est
2959 2608 3239 2660 concessa,
3281 2594 3521 2646 univerv

1919 2685 2074 2754 sique
2128 2684 2270 2739 fastu
2323 2699 2388 2739 ac
2432 2684 2517 2739 sui
2576 2684 2833 2755 opinione
2884 2684 3053 2739 inﬂati
3100 2685 3167 2739 ad
3204 2686 3257 2739 id
3289 2726 3303 2750 ,
3340 2685 3490 2756 quod

1917 2784 2127 2831 rectum
2191 2783 2276 2831 est
2310 2816 2324 2838 ,
2387 2776 2569 2831 obtusi
2630 2784 2793 2848 atque
2846 2776 3067 2832 hebetes
3130 2776 3257 2832 facti
3322 2784 3489 2838 sunt.

1918 2880 2144 2936 magnos
2174 2880 2304 2921 vero
2345 2866 2398 2920 in
2433 2866 2795 2920 ratiocinandi
2834 2867 3134 2922 subtilitate
3171 2882 3492 2936 progressus

1920 2956 2207 3025 fecerunt,
2243 2972 2307 3011 ac
2359 2956 2546 3012 fucum
2584 2958 2639 3012 in
2687 2957 2921 3012 dicendo
2973 2959 3271 3013 consectati
3323 2967 3491 3020 sunt,

1919 3049 2145 3117 perinde
2174 3063 2239 3102 ac
2268 3063 2450 3102 rerum
2475 3048 2721 3102 omnium
2753 3049 2980 3104 scientia
3012 3050 3255 3120 praediti:
3285 3064 3408 3104 eum
3439 3057 3494 3105 ct

1919 3135 2106 3190 doceri
2146 3150 2206 3191 se
2251 3151 2390 3205 opus
2444 3135 2645 3191 habere
2690 3137 2938 3192 confiteri
2970 3138 3401 3203 erubescerent,
3440 3150 3495 3194 et

1919 3227 2263 3283 contentiose
2283 3227 2492 3296 iurgari
2518 3242 2583 3282 ac
2612 3228 2864 3298 prosilire
2894 3237 3292 3299 praeceptorum
3322 3230 3495 3285 instar

1920 3320 2176 3386 mallent;
2225 3328 2338 3373 tum
2376 3319 2593 3374 demum
2623 3320 2858 3384 accidit,
2904 3330 2961 3375 ut
2999 3322 3304 3377 temeritate
3357 3338 3493 3392 qua-

1922 3410 2045 3464 dam
2068 3410 2195 3463 elati
2223 3410 2291 3464 ab
2318 3410 2570 3480 religiosa
2600 3421 2995 3482 mansuctaque
3020 3412 3188 3466 animi
3210 3411 3495 3469 affectione

1921 3516 1986 3556 ae
2013 3500 2336 3558 credulitate
2374 3502 2465 3557 illa
2502 3500 2911 3569 desciscerent,
2965 3520 3073 3574 qua
3119 3501 3286 3561 Deum
3334 3520 3495 3575 posse

1922 3592 2186 3662 quidquid
2253 3594 2569 3662 promiserit
2622 3593 2831 3650 edicere
2893 3596 2997 3651 sibi
3063 3595 3492 3666 persuaderent,

1920 3684 2115 3738 contra
2142 3698 2273 3739 vero
2312 3682 2381 3738 ad
2415 3684 2609 3739 inanes
2658 3686 2990 3756 quaestiones
3036 3701 3100 3740 ac
3128 3686 3495 3757 blasphemias

1919 3773 2114 3830 deduci
2146 3790 2206 3830 se
2243 3782 2580 3845 paterentur,
2622 3791 2689 3828 ne
2720 3776 2852 3829 illud
2890 3775 3107 3845 quidem
3150 3778 3493 3832 animadver-

1922 3874 2100 3922 tentes
2152 3882 2259 3921 non
2294 3880 2457 3935 opera
2505 3867 2621 3937 ipsa
2670 3881 3029 3932 sermonum,
3070 3865 3167 3922 sed
3212 3882 3494 3922 sermones

1919 3974 2144 4029 operum
2178 3959 2353 4031 gratia
2391 3959 2698 4030 comparari
2727 3998 2743 4023 ,
2785 3966 2843 4012 ut
2876 3958 2927 4012 in
2964 3957 3235 4013 medicina
3265 3975 3368 4016 usu
3403 3974 3496 4014 ve-

1922 4052 2040 4106 nire
2088 4050 2398 4115 cernimus,
2434 4049 2489 4105 in
2536 4065 2644 4121 qua
2695 4050 2955 4107 nimirum
3012 4065 3296 4106 sermones
3340 4049 3497 4104 factis

1920 4144 2028 4198 illis
2077 4143 2533 4213 comprobantur,
2564 4142 2767 4213 quibus
2815 4149 3079 4213 aegrotum
3116 4143 3495 4212 repraesentari

1921 4242 2174 4289 sanatum
2212 4242 2447 4304 oportet.
2494 4235 2614 4303 Quo
2644 4233 2896 4289 videlicet
2927 4232 3216 4303 aptissimo
3259 4232 3494 4302 quodam

1918 4330 2189 4378 concentu
2226 4326 2542 4394 temperati,
2577 4322 2845 4394 ejusmodi
2890 4329 3124 4377 mentem
3179 4316 3495 4388 habeamus,

1856 4399 1899 4453 ί)
1924 4431 2044 4486 qua:
2078 4415 2546 4484 praestantissimis
2575 4414 2919 4469 sermonibus
2948 4419 3346 4467 consentaneos
3384 4426 3498 4485 mo-

240 4531 327 4571 res
359 4529 471 4586 prte
499 4530 557 4571 se
588 4514 761 4579 ferat,
802 4514 932 4586 lyrae
973 4512 1260 4583 cujusdam
1311 4511 1508 4575 instar,
1574 4524 1681 4564 non
1745 4508 2109 4563 abhorrentes
2152 4514 2317 4576 atque
2360 4504 2666 4562 discordes.
2705 4504 2917 4576 Quippe
2969 4506 3034 4561 ad
3086 4506 3138 4561 id
3164 4546 3180 4572 ,
3223 4516 3282 4560 ut
3310 4519 3497 4561 revera

234 4612 523 4679 compotes
573 4610 779 4674 simus,
810 4625 921 4665 non
962 4617 1020 4663 ut
1053 4624 1175 4664 esse
1212 4608 1516 4671 videamur,
1566 4607 1717 4661 omni
1748 4614 1835 4661 est
1880 4606 2042 4660 nobis
2104 4604 2270 4657 animi
2326 4604 2677 4659 contentione
2735 4602 2964 4658 colenda
3003 4602 3253 4673 justitia,
3283 4609 3342 4657 ut
3388 4616 3496 4657 non

242 4706 407 4760 veluti
437 4704 796 4759 claudicando
829 4705 1113 4776 sapientiae
1147 4705 1389 4761 studium
1422 4718 1800 4773 capessamus,
1852 4718 2030 4773 neque
2068 4701 2135 4755 ad
2163 4702 2390 4772 gloriam
2421 4701 2622 4771 magis,
2649 4716 2812 4771 quam
2847 4699 2915 4753 ad
2976 4699 3263 4755 veritatem
3324 4698 3501 4753 enita-

242 4816 385 4867 mur,
433 4809 527 4855 aut
568 4801 649 4856 sic
699 4810 959 4871 tanquam
1009 4800 1266 4855 eximiam
1295 4801 1591 4871 quamdam
1626 4797 1823 4855 faciem
1873 4805 1929 4853 et
1966 4799 2184 4853 inanem
2238 4796 2478 4867 speciem
2516 4795 2889 4859 abducamus,
2938 4809 3266 4865 omnemque
3328 4794 3499 4848 simu-

243 4891 461 4946 lationis
490 4899 745 4945 ornatum
776 4898 1208 4961 apparatumque
1237 4892 1553 4947 subeamus.

312 4984 448 5042 MA'.
486 4985 607 5037 Εἰσὶ
637 4984 766 5056 γὰρ,
789 4986 925 5039 εἰσὶν
956 4985 1005 5038 οἳ
1038 4983 1211 5053 λόγων
1242 4984 1521 5055 τραγικῶς
1550 4999 1819 5054 κεκοσμη-

249 5077 419 5148 μένων
437 5077 754 5149 προσϐολαῖς
770 5076 809 5141 ⁸,
826 5076 1075 5149 καθάπερ
1090 5068 1349 5145 γυναῖκες
1364 5078 1420 5130 αἱ
1440 5076 1638 5144 ἔξωθεν
1655 5078 1819 5149 ώραί-

245 5171 467 5241 ζόμεναι
501 5171 636 5242 πρὸς
665 5169 881 5241 ἀπάτην
905 5170 1186 5239 ἐντέχνως,
1218 5170 1311 5223 ὲάν
1357 5170 1430 5240 μή
1466 5186 1551 5232 τις
1577 5168 1817 5237 πεφυλα-

245 5262 455 5332 γμένως
487 5264 676 5325 αὐταῖς
702 5262 807 5315 τῶν
827 5262 906 5315 ἔτι
927 5262 1203 5333 νεωτέρων
1221 5260 1534 5331 προσϐλέψῃ
1555 5263 1619 5331 τῇ
1638 5259 1816 5313 πίστει

246 5355 337 5406 καὶ
378 5354 674 5425 νηπτικῶς.
710 5353 870 5406 Ὅθεν
912 5352 1255 5422 εὐλαϐητέον,
1292 5351 1399 5422 πρὸ
1443 5350 1539 5405 τοῦ
1570 5366 1818 5419 καταμα-

247 5442 355 5497 θεῖν
387 5446 665 5514 ἀσφαλῶς,
696 5447 774 5509 εἰς
801 5446 899 5517 τὴν
912 5444 1146 5515 καρδίαν·
1164 5441 1504 5509 εἰσδέξασθαι
1532 5441 1623 5495 τὸν
1644 5440 1819 5494 τοιοῦ-

248 5553 335 5590 τον
372 5538 547 5606 λόγον.
576 5538 687 5592 Καὶ
715 5536 821 5607 γὰρ
859 5535 1146 5605 φθάνουσιν
1189 5537 1236 5587 οἱ
1278 5532 1653 5599 ἐξαπατῶντες
1686 5531 1817 5584 πολ-

1999 4978 2160 5052 564
2188 4977 2324 5033 XLI.
2353 4977 2494 5033 Sunt
2520 4977 2665 5033 enim
2694 4974 2959 5047 profecto,
2990 4981 3136 5038 sunt,
3169 4974 3262 5043 qui
3291 4977 3499 5031 oratio-

1924 5072 2013 5127 nis
2052 5072 2311 5141 tragicam
2347 5069 2416 5124 ad
2464 5082 2716 5138 pompam
2768 5073 3042 5121 exornatae
3092 5065 3326 5120 artificio
3376 5082 3500 5124 sese

1922 5161 2232 5227 venditant,
2262 5162 2337 5217 uti
2378 5160 2633 5215 mulieres
2666 5157 2844 5212 facere
2874 5157 3082 5234 solent;
3108 5170 3250 5226 quae,
3300 5156 3366 5211 ad
3402 5157 3500 5212 illi-

1923 5253 2177 5309 ciendum
2228 5268 2293 5309 ac
2337 5252 2750 5323 decipiendum,
2779 5259 3065 5306 externum
3102 5250 3351 5320 corporis
3382 5251 3498 5305 cul-

1923 5355 2038 5401 tum
2092 5362 2156 5402 ac
2211 5346 2543 5402 lenocinium
2591 5345 2888 5409 adhibent,
2944 5343 3051 5398 nisi
3105 5356 3318 5399 summa
3372 5355 3496 5396 cum

1925 5440 2093 5495 animi
2125 5439 2378 5494 cautione
2398 5479 2412 5503 ,
2446 5439 2549 5495 fide
2600 5454 2664 5493 ac
2716 5438 3013 5493 sobrietate
3052 5437 3246 5491 muniti
3275 5434 3341 5487 ad
3373 5433 3495 5486 illas

1927 5532 2305 5589 adolescentes
2350 5533 2539 5588 oculos
2580 5532 2857 5603 adjiciam.
2900 5530 3169 5596 Quocirca
3204 5525 3495 5594 diligenter

320 5694 337 5726 ¹
369 5693 431 5751 F.
462 5695 894 5764 ἀνατρεπτικοῖς.
986 5694 1005 5724 ³
1036 5692 1304 5763 Corrupta
1334 5707 1435 5747 vox
1466 5697 1571 5747 est.
1660 5689 1678 5720 ³
1703 5686 1765 5743 F.
1789 5706 1810 5741 τ

1981 5690 2001 5721 ⁸
2042 5688 2103 5744 F.
2141 5691 2453 5762 προϐολαῖς.
