3840 6062
359 204 386 252 ί
407 194 501 252 135

1748 187 1805 243 S.
1847 184 2207 243 EPIPHANII.

3499 174 3634 230 “56

363 307 664 363 cavendum
697 312 822 371 cst',
859 321 961 370 ne,
990 310 1279 374 antequam
1315 308 1482 357 totam
1518 316 1630 356 rem
1680 307 1933 355 accurate

2043 299 2189 361 λάκις
2214 296 2341 360 τοὺς
2364 294 2714 358 διδάσκοντας
2731 307 2744 323 ⁰
2767 292 3018 363 καθάπερ
3041 291 3134 345 καὶ
3148 289 3487 363 αἱΣειρῆνες
3510 293 3631 355 τοὺς

365 399 772 469 pcrceperimus
797 437 815 461 ,
846 395 1113 466 ejusmodi
1163 409 1444 449 sermones
1494 393 1560 448 ad
1593 393 1805 447 animos
1839 407 1936 446 no-

366 495 512 541 stros
547 487 919 541 adluercscere
958 484 1251 554 patiamur.
1310 480 1463 552 Saepe
1514 482 1658 537 enim
1710 480 1933 544 accidit,

367 588 425 632 ut
454 579 774 646 deceptores
825 576 1110 629 doctorum
1162 588 1383 644 operam
1424 579 1791 636 antevertant,
1825 587 1936 626 non

366 671 522 724 aliter
561 683 625 721 ac
648 664 868 722 Sirenes
902 665 1279 720 crudelitatem
1310 680 1465 720 suam
1499 672 1553 719 et
1605 663 1660 717 in
1691 664 1938 718 homines

367 758 549 811 odium
591 757 689 821 iis,
719 756 812 826 qui
853 770 973 811 sese
1000 754 1249 826 fugiunt,
1281 756 1556 810 suavitate
1576 753 1725 809 vocis
1761 753 1939 807 occul-

368 857 501 902 tant.
531 847 687 915 Quod
719 848 822 901 nisi
863 848 935 901 ita
961 856 1064 909 est.
1109 848 1351 917 inquam.
1379 844 1635 909 Auxenti,
1683 859 1804 915 qua:
1843 853 1936 898 tua

365 948 450 997 est
479 941 546 995 de
579 955 642 996 ea
681 956 740 995 re
774 940 1077 995 sententia?
1107 938 1307 994 Eadem
1337 953 1458 1008 qua:
1486 945 1600 997 tua.
1633 935 1935 1007 respondit.

369 1032 601 1087 Proinde
653 1031 943 1087 contrariae
992 1031 1265 1100 opinionis
1309 1029 1584 1100 sophistas
1620 1044 1812 1084 omnes
1866 1029 1941 1084 si-

370 1126 740 1179 mulacrorum
790 1124 1036 1179 veritatis
1082 1124 1384 1178 imitatores
1414 1138 1537 1178 esse
1575 1122 1845 1188 dicimus,
1877 1135 1942 1175 ac

368 1217 614 1271 veritatis
669 1216 840 1286 ipsius
883 1217 1122 1286 ignaros,
1177 1214 1484 1285 cujusmodi
1513 1221 1642 1269 sunt
1679 1213 1937 1283 pictores.

370 1308 503 1361 Nam
533 1316 587 1363 et
614 1309 701 1362 isti
736 1309 953 1363 navium
986 1307 1352 1372 architectos,
1382 1313 1438 1361 et
1479 1320 1644 1359 naves
1678 1305 1826 1375 ipsas
1877 1317 1941 1357 ac

370 1400 764 1468 gubernatores
822 1398 1126 1469 exprimere
1182 1397 1448 1451 imitando
1497 1395 1762 1461 student,
1817 1410 1942 1450 cum

371 1487 809 1542 mbricandarum
875 1489 1095 1542 navium
1160 1485 1609 1558 gubernandique
1674 1485 1784 1539 sint
1842 1484 1944 1536 im-

370 1577 547 1647 periti.
604 1575 770 1632 Visne
819 1577 1020 1647 igitur,
1060 1582 1120 1629 ut
1164 1575 1376 1629 abrasis
1424 1574 1703 1628 coloribus
1757 1573 1942 1643 pueris

2041 388 2340 458 φεύγοντας
2375 386 2543 450 αὐτὰς
2575 385 2879 457 κρύπτουσι
2913 384 3185 455 μακρόθεν
3214 383 3278 436 τὺ
3322 382 3633 455 μισάνθρω-

2042 496 2141 531 πον
2182 480 2247 549 τῇ
2273 477 2626 548 καλλιφωνία.
2662 477 2735 529 Ἢ
2767 475 2906 539 πῶς,
2935 468 2979 527 ὦ
3005 473 3287 541 Αὐξέντιε,
3322 473 3461 544 ἱφην
3498 474 3626 541 ἐγὼ,

2042 571 2124 625 σοὶ
2145 571 2160 600 ¹
2182 571 2353 624 ταῦτα
2382 569 2659 634 τίθεσθαι;
2685 569 2794 623 Καὶ
2816 568 2875 631 ὃς
2895 565 3257 636 ἀπεκρίνατο·
3285 565 3475 628 Οὕτως
3503 565 3626 619 καθ-

2024 650 2186 738 άπερ
2225 663 2318 715 καὶ
2361 661 2445 716 σύ.
2480 658 2689 713 Οὐκοῦν
2736 659 2953 722 πάντως
2977 658 3087 711 τῶν
3126 654 3458 729 ἑτεροδόξων
3504 657 3626 719 τοὺς

2042 754 2299 825 σοφιστὰς
2350 753 2594 825 μιμητάς
2626 751 2858 805 εἰδώλων
2894 750 3155 821 ἀληθείας
3202 745 3345 803 εἶναι
3374 748 3623 817 λέγομεν,

2040 845 2294 915 ἀλήθειαν
2327 846 2401 916 μὴ
2431 843 2819 913 γινώσκοντας,
2862 842 3111 911 καθάπερ
3135 839 3485 911 ζωγράφους.
3520 840 3625 892 Καὶ

2039 938 2145 1008 γὰρ
2179 929 2326 993 οὗτοι
2363 935 2645 1007 μιμεῖσθαι
2683 934 2782 1003 μὲν
2815 934 3151 1003 ναυπηγοὺς,
3197 932 3296 985 καὶ
3323 931 3508 995 πλοῖα,
3535 930 3624 983 καὶ

2042 1028 2378 1100 κυϐερνήτας
2428 1025 2765 1097 ἐπιχειροῦσι
2785 1064 2801 1090 ,
2857 1026 3157 1095 ναυπηγεῖν
3215 1023 3312 1077 καὶ
3361 1022 3623 1094 κυϐερνᾷν

2045 1119 2122 1190 μὴ
2160 1117 2536 1187 γινώσκοντες.
2572 1116 2781 1170 Οὐκοῦν
2820 1115 3145 1180 ἀποξέοντες
3180 1114 3361 1177 θέλεις
3393 1114 3462 1166 τὰ
3487 1113 3622 1185 χρώ.

2045 1227 2188 1280 ματα
2218 1208 2493 1280 πείθωμεν
2523 1207 2704 1261 αὐτῶν
2732 1208 2801 1261 τά
2844 1203 3195 1277 θαυμάζοντα
3234 1205 3337 1269 τάς
3376 1207 3621 1268 τοιαύτας

2042 1300 2258 1372 γραφάς
2282 1299 2491 1361 παιδία,
2530 1299 2612 1352 ὅτι
2643 1297 2768 1352 οὔτε
2794 1298 2856 1352 τὸ
2886 1298 3067 1352 πλοῖον
3094 1296 3282 1350 πλοῖόν
3314 1297 3483 1356 ἐστιν,
3505 1294 3620 1347 οὔτε

2041 1394 2070 1446 ὁ
2098 1392 2436 1463 κυϐερνήτης
2466 1390 2828 1461 κυϐερνήτης,
2865 1390 2997 1443 ἀλλά
3038 1393 3215 1461 τοῖχος
3249 1388 3453 1452 ἔξωθεν
3485 1387 3614 1457 πρὸς

2042 1482 2231 1553 τέρψιν
2270 1480 2524 1552 χρώμασι
2554 1482 2648 1535 καὶ
2672 1484 2911 1553 γραφαῖς
2940 1479 3392 1551 κεκοσμημένοςς
3421 1479 3531 1530 Καὶ
3546 1479 3619 1531 ὅτι

2050 1571 2283 1643 μιμηταὶ
2330 1570 2428 1637 μὲν
2459 1569 2679 1622 εἰδώλου
2708 1569 2896 1623 πλοίου
2942 1569 3037 1623 καὶ
3079 1568 3422 1639 κυϐερνήτου
3461 1569 3510 1619 οί
3537 1567 3622 1635 δη-

368 1669 703 1736 picturarum
740 1667 954 1721 illarum
992 1666 1357 1720 admiratione
1388 1664 1579 1719 deﬁxis
1613 1663 1940 1734 persuadea~

2053 1662 2485 1736 μιουργήσαντὲς
2514 1662 2652 1714 εἰσιν
2692 1662 2800 1715 ἀπὸ
2828 1660 2935 1714 τῶν
2964 1660 3272 1733 χρωμάτων
3309 1658 3503 1720 ταῦτα,
3534 1658 3620 1711 καὶ

371 1776 495 1814 mus
516 1801 530 1824 ,
574 1774 749 1828 neque
780 1773 971 1812 navem
1012 1772 1132 1811 esse
1174 1772 1294 1826 qua:
1322 1756 1478 1811 navis
1507 1756 1739 1820 videtur,
1775 1769 1949 1824 neque

369 1850 787 1918 gubernatorem
826 1850 918 1919 qui
976 1847 1308 1918 gubernator
1363 1853 1655 1917 appareat,
1707 1845 1801 1901 sed
1850 1848 1970 1916 pa-'

369 1942 558 1996 rietcm
586 1957 709 1996 esse
735 1941 963 2011 picturis
987 1954 1051 1995 ac
1073 1938 1352 1993 coloribus
1385 1937 1728 1992 extrinsecus
1761 1936 1828 1991 at!
1854 1952 1950 1991 vo-

372 2029 636 2101 luptatem
667 2027 965 2082 ornatum?
997 2026 1153 2101 Quod
1188 2034 1367 2080 autem
1396 2065 1409 2090 ,
1455 2025 1661 2095 Optime
1691 2024 1806 2089 vir,
1865 2028 1948 2078 in-

370 2098 573 2187 quam,
604 2110 891 2172 simulacri
923 2098 1184 2171 duntaxat
1230 2115 1386 2169 navis
1431 2128 1494 2169 ac
1543 2114 1945 2184 gubernatoris,

370 2226 477 2264 non
533 2196 688 2264 navis
728 2208 904 2279 ipsius
960 2207 1264 2263 imitatores
1322 2207 1467 2271 sint,
1527 2206 1619 2275 qui
1672 2205 1946 2275 ejusmodi

368 2313 533 2370 opera
562 2298 805 2354 colorum
837 2296 1097 2352 varietate
1136 2296 1427 2360 ﬁnxerunt,
1465 2295 1683 2365 longum
1712 2302 1794 2349 est
1822 2295 1943 2365 qui-

368 2394 489 2447 dem
521 2391 590 2446 iis
628 2390 721 2460 qui
770 2389 962 2443 audire
994 2388 1220 2459 cupiunt
1253 2386 1570 2451 exordium,
1616 2386 1711 2441 sed
1759 2394 1942 2441 tamen

368 2482 521 2539 utile.
575 2481 786 2537 Etenim
839 2481 886 2537 si
936 2479 1242 2534 divinarum
1278 2479 1682 2547 Scripturarum
1738 2477 1941 2541 verba,

369 2574 570 2645 quibus
599 2574 911 2644 opinionem
962 2586 1116 2626 suam
1168 2571 1232 2626 ad
1274 2567 1607 2624 illudendum
1639 2609 1651 2632 ,
1685 2576 1941 2638 tanquam

370 2667 523 2719 vario
553 2665 796 2719 colorum
829 2677 1025 2734 genere
1051 2701 1068 2728 ,
1111 2660 1454 2731 distinguunt
1482 2698 1497 2722 ,
1560 2674 1624 2712 ac
1670 2657 1939 2727 justitiam

2044 1756 2104 1809 οὐ
2135 1754 2340 1827 πλοίου,
2376 1752 2585 1823 μακρὸν
2606 1751 2666 1804 τὸ
2697 1751 2929 1805 ἀκοῦσαι
2959 1750 3213 1805 ποθοῦντι
3235 1750 3298 1803 τὸ
3326 1749 3616 1821 προοίμιον,

2044 1845 2180 1901 ἀλλὰ
2230 1844 2528 1915 ὠφέλιμον,
2579 1843 2736 1914 ἔφην,
2779 1837 2824 1896 ὦ
2854 1843 3061 1916 ἄριστε.
3095 1843 3176 1896 Τὰ
3222 1842 3336 1913 γὰρ
3387 1840 3495 1894 ἀπὸ
3524 1840 3619 1892 τῶν

2046 1934 2418 1989 θεοπνεύστων
2456 1920 2687 2005 ῐ⁴ραφῶν
2717 1936 2959 2006 ῥήματα,
2989 1929 3070 1998 οἷς
3097 1932 3618 2004 ἐπιχρωματίζοντες

2052 2027 2414 2080 ποικίλλουσιν
2451 2026 2661 2080 ἑαυτῶν
2695 2026 2831 2097 πρὸς
2876 2027 3091 2097 ἀπάτην
3129 2019 3277 2079 οὗτοι
3320 2024 3422 2095 τὴν
3454 2023 3615 2089 δόξαν,

2042 2117 2387 2189 δικαιοσύνην
2430 2117 2675 2182 αὐθαδῶς
2725 2118 2819 2172 καὶ
2862 2117 3114 2189 ἀλήθειαν
3151 2117 3533 2189 ὀνομάζοντες,
3558 2116 3611 2169 οὐ

2043 2209 2402 2278 γινώσκοντες
2422 2210 2558 2273 ὅλως
2586 2209 2951 2280 δικαιοσύνην,
2977 2212 3029 2263 εἴ
3054 2227 3136 2273 τις
3164 2209 3447 2280 ἀφέλοιτο,
3470 2208 3616 2262 πόσον

2048 2302 2147 2356 οἴει
2210 2301 2593 2372 γυμνωθέντας
2644 2303 2839 2366 αὐτοὺς
2887 2302 2996 2355 τῶν
3052 2301 3313 2355 τοιούτων
3356 2300 3617 2371 ὀνομάτων

2048 2390 2544 2461 χλευασθήσεσθαι;
2592 2392 2742 2446 Πάνυ
2789 2392 2944 2458 πολὺ,
3005 2392 3131 2464 ἔφη.
3178 2392 3418 2464 Πότερον
3449 2385 3617 2451 οὗν.ὧ

2046 2481 2328 2548 Αύξέντιε,
2368 2478 2436 2554 ἦν
2464 2483 2520 2537 δὲ
2549 2482 2681 2552 ἐγὼ,
2733 2485 2796 2538 σὺ
2831 2483 3007 2555 βούλει
3044 2484 3250 2556 ταύτης
3276 2484 3619 2555 ἡγεμονεύειν
3652 2468 3667 2477 ’

2048 2572 2147 2642 τῆς
2181 2573 2323 2637 ὁδοῦ,
2358 2573 2390 2645 ἢ
2433 2573 2543 2644 ἐγὼ
2571 2576 2878 2648 ἡγήσομαι;
2906 2577 3145 2641 Δίκαιον,
3193 2576 3324 2648 ἔφη,
3363 2577 3447 2630 σοὶ
3476 2579 3618 2646 ήγεί·

2050 2661 2193 2718 σθαι.
2216 2664 2287 2718 Σὺ
2315 2665 2424 2737 γάρ
2444 2666 2740 2737 κατάρχεις
2763 2669 2856 2721 τοῦ
2891 2668 3073 2737 λόγου.

368 2759 756 2824 veritatemque
785 2760 1102 2824 arroganter
1124 2750 1430 2812 nominant,
1461 2747 1686 2837 justitia:
1718 2747 1931 2815 penitus
1962 2746 2173 2819 ignari;
2209 2751 2305 2807 sed
2364 2752 2411 2809 si
2468 2754 2593 2824 quis
2632 2755 2722 2809 illa
2760 2755 3027 2821 detrahat,
3085 2773 3252 2828 quam
3306 2766 3367 2813 tu
3425 2759 3620 2814 ridica--

370 2848 452 2903 los
476 2848 588 2901 fore
612 2847 735 2900 illos
760 2845 1042 2899 existimas
1064 2842 1373 2897 istiusmodi
1399 2839 1683 2894 Vocabulis
1720 2839 1949 2893 exutos?
1996 2839 2191 2897 Mirum
2226 2844 2282 2898 in
2320 2844 2569 2910 modum,
2625 2847 2823 2917 inquit.
2861 2847 2998 2903 Tum
3049 2864 3150 2921 ego
3183 2868 3199 2905 :
3253 2850 3485 2915 Nurum
3527 2855 3619 2904 via:

371 2937 518 2992 illius
552 2935 659 2989 dux
694 2933 1049 2999 esseJnavis,
1087 2931 1318 2985 Auxenti
1350 2970 1363 2995 ,
1395 2943 1463 2984 an
1501 2943 1589 2985 me
1622 2928 1805 3000 petitis
1843 2928 2036 2985 ducem
2068 2933 2367 2990 adhibere?
2402 2935 2642 3008 Equum
2708 2944 2792 2994 est
2838 2938 3029 2997 ducem
3083 2947 3138 2997 te
3187 2957 3347 3007 esse,
3402 2957 3616 3013 reSpon-

370 3029 448 3083 dit
468 3040 483 3078 :
503 3026 583 3080 'l‘u
613 3025 755 3080 enim
778 3024 825 3078 ei
859 3024 1097 3079 sermoni
1128 3022 1353 3094 praeisti.

444 3120 602 3174 XL".
645 3117 759 3172 iioc
810 3118 975 3187 igitur
1011 3117 1217 3173 dictum
1253 3123 1337 3172 est
1372 3117 1513 3187 (age
1563 3117 1707 3172 enim
1752 3118 1940 3188 Aglao-

2120 3117 2254 3171 MB’.
2278 3118 2487 3172 Οὐκοῦν
2515 3117 2732 3189 ἐλέγετο
2760 3119 2917 3192 (φέρε
2950 3121 3056 3195 γάρ
3089 3124 3227 3194 πρὸς
3262 3125 3433 3197 μέρος
3453 3127 3509 3194 ἐξ
3527 3129 3616 3198 ἀρ-

371 3211 594 3279 phontis
642 3212 962 3265 sententiam
1000 3211 1068 3265 ab
1116 3210 1278 3265 initio
1315 3212 1603 3280 repetitam
1630 3210 1947 3281 singillatim

370 3299 809 3372 expendamus),
857 3302 1093 3356 animam
1127 3317 1347 3371 corpus,
1382 3302 1525 3372 quod
1555 3301 1947 3357 circumfusum

376 3398 531 3450 nobis
563 3403 668 3458 est,
706 3395 763 3448 in
799 3394 981 3447 delicti
1018 3409 1235 3465 poenam
1270 3389 1820 3464 assumpsisse,'cum
1852 3409 1947 3450 su-

373 3486 679 3555 perioribus
729 3483 1065 3552 temporibus
1105 3484 1173 3538 ab
1213 3498 1277 3537 co
1334 3494 1585 3553 separata
1633 3498 1847 3539 summa
1891 3483 1945 3537 in

373 3577 631 3630 felicitate
688 3573 926 3644 degeret.
990 3572 1200 3628 Etenim
1254 3583 1498 3631 scorteas
1555 3575 1675 3630 illas
1710 3576 1947 3631 tunicas

370 3679 601 3735 corpora
637 3679 758 3719 esse
800 3664 1053 3728 dicebat,
1090 3665 1287 3733 quibus
1339 3662 1499 3736 565
1557 3666 1782 3720 inclusae
1819 3674 1947 3722 sunt

371 3758 600 3820 animae,
636 3763 695 3809 ut
743 3744 1017 3810 mortuum
1071 3756 1203 3811 illud
1258 3772 1458 3827 corpus
1495 3757 1946 3814 circumferentes

370 3857 557 3897 eorum
610 3858 731 3914 qua:
809 3845 1231 3909 commiserant,
1298 3860 1490 3915 ptenas
1552 3846 1942 3916 dependerent.

371 3932 563 3989 Nonne
603 3935 716 3988 haec
769 3948 798 3987 a
830 3942 883 3989 te
927 3934 1085 3989 initio
1124 3935 1400 4005 proposita
1438 3943 1590 3999 sunt,
1636 3950 1670 3989 ο
1701 3934 1947 3990 medice?

371 4023 452 4078 Tu
481 4040 630 4089 vero,
663 4025 709 4080 si
740 4026 924 4080 minus
958 4025 1235 4080 recordari
1264 4024 1482 4091 videor,
1508 4024 1783 4079 memoria:
1813 4038 1945 4079 mea:

369 4118 649 4186 subjicito.
688 4116 833 4172 Nihil
866 4133 930 4173 ea
986 4133 1044 4173 re
1084 4131 1229 4171 nunc
1268 4116 1486 4187 quidem
1537 4131 1676 4188 opus
1710 4123 1831 4180 est,
1870 4115 1946 4170 ait

367 4210 478 4264 ille.
514 4207 648 4261 Nam
681 4208 794 4263 haec
827 4210 944 4278 ipsa
983 4217 1130 4272 sunt,
1158 4222 1277 4279 qua:
1307 4207 1483 4277 primo
1512 4207 1634 4261 loco
1680 4206 1938 4264 diximus.

368 4296 512 4362 Quid
550 4297 790 4351 deinde?
826 4296 1018 4355 Nonne
1053 4298 1157 4353 hoc
1189 4304 1376 4366 postea
1404 4296 1602 4365 saepius
1637 4309 1668 4349 a
1703 4306 1753 4351 te
1791 4311 1943 4350 com-

370 4394 728 4441 memoratum
763 4397 881 4452 est,
938 4404 1132 4459 magno
1180 4388 1337 4442 nobis
1386 4386 1773 4458 impedimento
1818 4402 1940 4443 esse

2052 3210 2153 3279 χῆς
2182 3208 2490 3273 ἀκολούθως
2539 3210 2630 3264 τὸν
2670 3210 3073 3281 Ἀγλαοφῶντος
3104 3213 3449 3287 ἐξετάσωμεν
3477 3217 3616 3287 νοῦν)

2050 3300 2257 3372 ἡψυχὴ
2309 3300 2369 3354 τὸ
2400 3300 2558 3372 σῶμα
2594 3301 2680 3356 διὰ
2707 3302 2805 3375 τὴν
2848 3303 3155 3377 παράϐασιν
3195 3306 3226 3359 ὃ
3266 3309 3617 3379 περικείμεθα

2056 3389 2215 3444 τοῦτο
2229 3391 2594 3462 ἀνειληφέναι,
2627 3394 2836 3464 χρόνοις
2860 3396 2972 3458 τοῖς
3000 3396 3112 3450 ἄνω
3137 3405 3309 3467 χωρὶς
3333 3400 3497 3453 αὐτοῦ
3527 3419 3617 3471 μα-

2047 3479 2256 3551 καρίως
2277 3474 2526 3544 διάξασα.
2554 3482 2691 3545 Τοὺς
2712 3482 2821 3553 γὰρ
2847 3482 3201 3554 δερματίνους
3233 3482 3373 3540 εἶναι
3395 3489 3618 3557 χιτῶνας

2049 3570 2298 3643 σώματα,
2346 3575 2427 3637 εἰς
2457 3573 2493 3628 ἀ
2525 3573 2796 3646 ἐνεῖρχθαι
2843 3575 3039 3648 συνέϐη
3089 3576 3187 3641 τὰς
3226 3577 3428 3649 ψυχὰς,
3471 3580 3617 3651 δίκην

2045 3662 2195 3725 ὅπως
2228 3658 2302 3716 ὧν
2342 3663 2576 3735 ἔδρασαν
2604 3667 3029 3738 νεκροφοροῦσαι
3060 3670 3436 3741 παράσχωσιν.
3470 3674 3539 3725 Ἦ
3560 3674 3615 3726 οὐ

2040 3752 2217 3807 ’ταῦτα
2268 3754 2492 3826 τπρῶτον
2534 3751 2601 3827 ἦν
2656 3758 2713 3811 ἐν
2766 3758 2908 3830 ἀρχῇ
2956 3758 3026 3812 τά
3054 3759 3315 3830 λεχθέντα
3370 3762 3478 3816 ὑπὸ
3510 3763 3613 3827 σοῦ,

2047 3848 2232 3920 ίατρέ;
2265 3849 2403 3903 Ἀλλ’
2426 3851 2507 3914 είς
2535 3850 2837 3921 ὑπόμνησιν
2864 3853 2957 3908 ἐάν
2983 3854 3065 3918 τίς
3089 3857 3109 3885 ²
3140 3873 3224 3909 σοι
3257 3857 3517 3928 φαίνομαι
3548 3860 3613 3929 μὴ

2046 3941 2430 4012 μεμνημένος·
2485 3943 2604 3996 οὐδὲ
2653 3942 2747 3997 νῦν
2786 3946 3141 4018 ὑπομνήσεως
3187 3949 3270 4013 είς
3308 3948 3471 4004 τοῦτο
3508 3951 3612 4025 δὲῃ.

2030 4032 2193 4093 ,Αύτά
2223 4032 2398 4087 ταῦτα
2444 4033 2552 4104 γὰρ
2596 4029 2665 4106 ἦν
2698 4035 2768 4115 ἐν.
2793 4036 3027 4106 πρώτοις
3066 4040 3196 4109 ήμῖν
3225 4038 3295 4093 τὰ
3336 4040 3621 4112 είρημένα.’

2045 4121 2109 4174 Τί
2139 4121 2196 4174 δέ
2225 4122 2348 4193 οὐχὶ
2375 4124 2470 4176 καὶ
2498 4123 2657 4177 τοῦτο
2689 4128 2746 4178 ἐν
2776 4128 2888 4190 τοῖς
2927 4126 3051 4198 ea;
3077 4128 3298 4197 ἐλέγετο
3340 4131 3614 4201 πολλαχῶς

2042 4212 2147 4266 ὑπὸ
2164 4212 2277 4275 σοῦ,
2296 4214 2372 4277 ὡς
2386 4214 2636 4285 ἐμποδὼν
2652 4217 2787 4289 πρὸς
2803 4218 2901 4288 τὴν
2923 4219 3221 4291 κατάληψιν
3239 4223 3374 4293 ἡμῖν
3389 4222 3448 4276 τὸ
3466 4224 3613 4293 σῶμα

2041 4304 2149 4357 τῶν
2176 4304 2343 4367 ὅντως
2362 4305 2552 4373 ὄντων,
2579 4308 2672 4362 καὶ
2694 4308 2911 4379 γνῶσιν,
2934 4310 3019 4365 διὰ
3039 4312 3137 4376 τὰς
3158 4314 3293 4384 πρὸς
3314 4315 3376 4368 τὺ
3401 4319 3611 4386 κοσμεῖν

2042 4394 2299 4466 ἀσχολίας
2328 4396 2460 4451 αὐτὸ
2481 4399 2575 4452 καὶ
2597 4398 2943 4471 θεραπεύειν,
2968 4402 3199 4472 γίνεται,
3222 4406 3317 4459 καὶ
3340 4406 3439 4469 τάς
3459 4407 3612 4468 ἄλλας

368 4493 594 4549 corpus,
650 4478 715 4531 ad
746 4491 935 4532 eorum
966 4492 1085 4547 quae
1116 4492 1310 4531 revera
1341 4486 1506 4544 sunt,
1541 4479 1940 4548 perceptionem

2046 4484 2145 4550 τὰς
2174 4485 2300 4559 περὶ
2329 4487 2428 4560 τὴν
2464 4470 2756 4562 ἐπιθυμίαν
2795 4492 2893 4564 τῆς
2922 4470 3157 4565 γαστρὸς
3187 4497 3509 4567 προσϐολάς,
3538 4497 3610 4549 ἔτι

367 4583 433 4623 ac
483 4569 801 4635 scientiam;
836 4568 981 4639 quod
1013 4568 1209 4636 partim
1249 4567 1304 4621 in
1353 4583 1419 4623 eo
1452 4567 1698 4623 curando
1736 4583 1799 4622 ac
1851 4567 1937 4623 fo-

366 4660 545 4715 vendo
572 4660 744 4715 simus
764 4660 1035 4730 occupati,
1066 4659 1260 4728 partim
1283 4658 1489 4713 ventris
1525 4674 1627 4714 nos
1672 4659 1941 4715 illecebrae

366 4766 430 4803 ac
455 4750 783 4821 cupiditates
810 4749 1329 4806 infestent?Ad.ha2e
1350 4749 1735 4804 maledicentia:
1761 4750 1940 4805 omnis

371 4844 424 4893 iu
461 4839 627 4895 Deum
653 4880 667 4904 ,
705 4855 769 4894 ac
796 4849 1139 4910 peccatorum
1169 4840 1411 4893 omnium
1457 4853 1678 4894 causam
1717 4838 1784 4893 ad
1814 4854 1938 4895 cor-

368 4945 469 4998 pus
511 4929 727 4994 referri,
765 4938 1051 5001 propterea
1096 4928 1240 4999 quod
1286 4943 1380 4998 per
1407 4942 1528 4983 sese
1558 4928 1677 4982 sine
1708 4942 1937 4998 corpore

368 5036 596 5088 peccare
625 5038 851 5093 prorsus
889 5024 1067 5076 anima
1116 5034 1225 5074 non
1275 5019 1499 5088 potest?
1530 5016 1684 5073 Unde
1727 5026 1782 5074 et
1813 5029 1937 5088 post

366 5111 573 5165 obitum
600 5153 615 5177 ,
650 5130 764 5183 quo
805 5120 1027 5184 peccato
1079 5121 1244 5181 atque
1281 5111 1337 5164 in
1392 5107 1559 5164 Deum
1591 5114 1934 5166 contumacia

366 5216 561 5257 vacare
591 5203 646 5257 in
675 5205 815 5259 cmlo
848 5211 1050 5274 posset,
1086 5203 1177 5257 ubi
1210 5217 1334 5257 cum
1369 5202 1577 5273 angelis
1602 5201 1653 5257 ei
1698 5201 1930 5257 domici-

368 5297 501 5352 lium
535 5299 892 5353 constitutum
944 5306 1055 5365 est,
1100 5299 1323 5353 liberam
1372 5298 1519 5353 illam
1577 5313 1642 5352 ac
1702 5312 1931 5368 corpore

368 5388 626 5443 nudatam
665 5402 786 5443 esse
833 5388 1030 5444 debere
1057 5429 1071 5454 ,
1111 5388 1549 5460 quandoquidem
1607 5390 1929 5460 inquinandi

2046 4593 2104 4629 τε
2142 4577 2518 4650 βλασφημιῶν,
2560 4583 2653 4634 καὶ
2680 4585 2948 4639 παντοίων
2970 4586 3141 4640 αῐτιον
3170 4589 3605 4660 ἁμαρτημάτων

2043 4666 2129 4720 διὰ
2162 4668 2224 4721 τὸ
2258 4670 2333 4741 μὴ
2373 4669 2631 4726 δύνασθαι
2664 4673 2786 4727 καθ’
2820 4675 3016 4747 ἑαυτὴν
3044 4676 3167 4747 δίχα
3202 4677 3452 4749 σώματος
3480 4679 3608 4742 ὅλως

2046 4759 2362 4831 ἀμαρτῆσαι
2411 4759 2510 4832 τὴν
2534 4762 2734 4834 ψυχὴν,
2780 4767 2874 4819 καὶ
2904 4766 2993 4820 διὰ
3026 4767 3182 4821 τοῦτο
3224 4770 3363 4839 μετά
3392 4771 3486 4842 τὴν
3528 4772 3605 4826 tv-

2043 4848 2230 4904 τεῦθεν
2263 4852 2571 4924 ἀποδημίαν
2600 4855 2753 4919 ἐκτὸς
2787 4859 3200 4930 ἁμαρτημάτων
3227 4861 3375 4927 ὅπως
3420 4863 3603 4926 ἔσοιτο,

2045 4940 2138 4993 καὶ
2164 4944 2444 5014 παρακοῆς
2475 4947 2533 4998 ὲν
2567 4949 2679 5010 τοῖς
2709 4949 2975 5018 οὐρανοῖς,
3005 4951 3133 5005 ἔνθα
3165 4952 3258 5006 καὶ
3290 4954 3387 5018 τάς
3407 4954 3605 5027 διατρι-

2042 5030 2142 5094 ϐὰς
2185 5030 2294 5095 ἔξει
2338 5035 2476 5103 μετὰ
2512 5037 2621 5091 τῶν
2666 5040 2931 5108 ἀγγέλων,
2982 5042 3275 5116 ἐλευθέραν
3321 5047 3489 5119 αὐτὴν
3520 5049 3606 5100 καὶ

2040 5121 2252 5211 γυμνὴν
2301 5125 2494 5196 χρῆναι
2544 5128 2814 5201 διαμεῖναι
2875 5132 3160 5204 σώματος;
3213 5138 3509 5211 ἐπειδήπερ
3552 5139 3606 5192 τὺ

2042 5209 2201 5281 σῶμα
2230 5213 2325 5265 τοῦ
2358 5216 2676 5286 χραίνεσθαι
2712 5220 2870 5275 τοῦτο
2911 5224 3005 5277 καὶ
3041 5227 3381 5298 ἁμαρτάνειν
3419 5209 3608 5301 παραί-

2035 5318 2150 5355 τιον
2180 5304 2315 5375 αὑτῇ
2339 5306 2436 5359 καὶ
2465 5311 2721 5379 συνεργὸν
2752 5313 2979 5381 γίνεται.
3014 5318 3178 5371 Ἀνευ
3215 5320 3324 5393 γὰρ
3371 5321 3606 5392 σώματος

2037 5394 2313 5466 ἀμήχανον
2357 5399 2665 5473 ἀμαρτῆσαι
2704 5405 2903 5477 ψυχήν.
2943 5409 3101 5464 Ὅθεν
3137 5412 3222 5466 ἵνα
3261 5415 3354 5470 τὸν
3392 5417 3603 5488 ἄπειρον

456 5550 686 5605 ‘Deesse
732 5547 948 5603 videtur
974 5543 1263 5603 nonnihil.‘
1322 5553 1339 5582 ³
1370 5548 1429 5603 F.
1507 5548 1593 5617 ἄγ’
1628 5550 1707 5613 είς
1733 5550 1899 5624 ὐπομ.
1934 5550 2027 5607 ἐάν
2052 5570 2123 5608 τι.
