3840 6062
219 274 350 329 1157
426 310 432 319 ι

868 278 1239 337 ADVERSUS
1277 278 1618 336 ΙΙᾸΞΒΕΞΕΞ
1655 278 1785 337 LIB.

1933 281 2096 340 TOM.
2136 285 2178 339 1.
2218 314 2288 327 -—-
2324 281 2601 340 HERES.
2642 278 2825 336 LXIV.

3318 275 3455 331 H38

210 393 804 466 ἀναμάρτητοςαίῶνα
845 399 1077 471 τηρηθῇ,
1114 400 1298 453 οὐκέτι
1349 402 1412 454 τὸ
1455 401 1778 456 ταλαντεῦον

1895 403 1968 458 sui
2001 405 2374 476 peccandique
2423 418 2590 460 causa
2626 402 2705 459 illi
2742 414 2942 471 corpus
2982 407 3067 453 est
3093 437 3108 461 ,
3137 404 3190 452 et
3219 397 3443 451 admini-

210 484 378 555 αὐτὴν
417 486 497 549 είς
532 485 631 557 τὴν
662 488 866 560 φθορὰν
898 491 1050 543 κάτω
1089 490 1183 544 καὶ
1232 490 1329 563 τὴν
1376 492 1586 545 ἀδικίαν
1621 492 1780 562 σῶμα

210 574 492 644 λήψεσθαι.
541 576 767 648 Ἐλέχθη
797 580 893 632 καὶ
932 579 1109 636 τοῦτο.
1137 580 1202 632 Τί
1245 580 1301 634 δὲ
1347 583 1437 635 καὶ
1486 580 1666 646 καλῶς
1697 598 1779 636 σοι

208 662 367 716 τοῦτο
396 665 491 716 καὶ
519 664 713 736 ὀρθῶς,
743 666 898 738 ἔφην,
926 669 1131 740 ἥγησαι
1152 670 1395 742 λελέχθαι
1421 689 1435 737 ;
1464 673 1571 726 Καὶ
1592 673 1645 726 τί
1674 689 1777 739 σοι,

211 753 335 826 ἔφη,
364 754 523 809 τοῦτο
542 757 817 829 διαφέρειν
849 760 864 791 ³
886 777 901 827 ;
936 759 1096 814 Ἀλλὰ
1116 762 1216 815 οὐκ
1240 760 1462 835 ἐλέγξῃς
1488 764 1579 817 τὸν
1602 764 1779 833 λόγον.

212 845 344 898 Οὐδὲ
380 845 558 918 ψυχὴν
585 847 661 911 δὲ,
699 847 830 918 ἐγώ.
878 849 1039 904 Ἀλλὰ
1065 850 1132 904 δι’
1164 850 1201 906 ἃ
1235 851 1480 924 εἴρηκας,
1511 842 1675 918 ὅπως
1697 854 1783 919 ὲξ-

210 935 468 1007 ετάζηται
498 940 527 991 ὁ
571 938 746 1008 λόγος,
777 939 958 1005 καλῶς
981 943 1076 995 καὶ
1120 944 1315 1016 ὀρθῶς,
1343 946 1465 1018 ἔφη.
1504 947 1695 1012 Καλῶς
1720 949 1779 1003 δέ

211 1043 292 1079 σοι
321 1027 471 1081 δοκεῖ
511 1029 753 1084 τίθεσθαι
787 1032 881 1085 καὶ⁸
911 1032 1105 1105 ὀρθῶς,
1151 1034 1209 1099 ὃς
1243 1036 1421 1108 ἑαυτῷ
1452 1037 1522 1091 τὰ
1565 1040 1778 1094 ἐναντία

208 1114 377 1184 λέγων
412 1118 506 1170 καί⁹
533 1118 865 1189 ἀσύμφωνα;
888 1123 1010 1176 Οὐδ’
1040 1124 1207 1188 ὅπως.
1232 1125 1297 1177 Τί
1325 1122 1418 1180 οὖν
1442 1143 1457 1193 ;
1504 1128 1781 1198 Ἀμούσως

208 1206 315 1278 γὰρ
346 1206 520 1272 οὕτως
551 1226 634 1263 σοι
665 1212 911 1280 φαίνεται
942 1214 1040 1286 τὴν
1071 1215 1326 1288 ἀληθειαν
1354 1219 1774 1291 ὑποκρίνεσθαι;

1888 502 2058 550 stram
2108 511 2328 566 operam
2363 495 2609 566 prtebet?
2641 493 2777 547 Nam
2826 492 3032 561 absque
3068 502 3298 558 corpore
3331 502 3453 556 pec-

1885 600 2010 642 care
2058 589 2238 641 anima
2290 603 2398 642 non
2432 596 2630 657 potest.
2664 585 2792 640 Ideo
2844 591 2904 638 ut
2957 578 3169 636 inﬁnito
3213 588 3455 648 tempore

1883 677 2090 747 peccati
2121 692 2322 747 corpus
2343 693 2538 754 expers
2569 692 2689 732 esse
2708 674 2900 746 possit,
2926 688 3034 727 non
3060 670 3190 726 illud
3221 670 3454 739 amplius

1882 781 2085 837 corpus
2106 769 2357 839 accipiet,
2388 768 2532 838 quod
2560 782 2779 837 pessum
2799 766 2944 820 illam
2971 764 3037 818 ad
3088 761 3454 829 corruptelam

1882 865 1936 914 et
1962 858 2028 912 ad
2060 859 2380 927 injustitiam
2408 859 2683 930 deprimit.
2712 856 2825 911 ΙΙοο
2859 857 3037 927 ipsum
3058 893 3073 917 ,
3120 853 3197 907 ait
3225 852 3313 906 ille
3333 892 3347 914 ,
3374 850 3455 902 di—

1888 950 2085 1005 ximus.
2127 949 2265 1005 Num
2302 960 2359 1005 tu
2389 966 2517 1006 vero
2543 988 2559 1015 ,
2617 951 2843 1019 inquam
2872 986 2886 1013 ,
2922 956 3067 1001 recte
3100 960 3163 998 ac
3200 942 3455 1027 praeclare

1886 1039 2091 1095 dictum
2128 1041 2261 1095 illud
2291 1041 2617 1098 existimas?
2649 1039 2790 1106 Quid
2824 1038 2967 1092 enim
3001 1045 3091 1091 tua
3132 1034 3332 1089 refert?
3357 1033 3452 1085 ait.

1888 1132 2053 1203 Atqui
2102 1131 2351 1188 refellere
2399 1132 2503 1187 ista
2536 1147 2643 1186 non
2690 1131 2911 1202 poteris.
2942 1128 3127 1197 Neque
3173 1143 3300 1182 vero
3332 1127 3455 1180 ani-

1884 1239 2050 1289 mam,
2086 1224 2313 1294 subjeci.
2342 1222 2541 1279 Verum
2571 1240 2634 1279 ex
2674 1222 2759 1279 his
2790 1237 2911 1292 qua:
2939 1219 3147 1283 dixisti,
3184 1219 3453 1289 placetne,

211 1298 434 1352 Πάντων
488 1300 743 1370 μάλιστα,
777 1302 902 1375 ἔφη.
950 1306 1064 1359 Οὐκ
1113 1308 1219 1379 ἄρα
1267 1308 1504 1381 ἀποδέχῃ
1556 1313 1645 1364 τὸν
1679 1312 1779 1376 τὰς

1895 1324 1947 1371 ut
1980 1316 2061 1371 in.
2082 1332 2391 1382 sermonem
2445 1324 2597 1371 tuum
2627 1315 3003 1386 inquiramus?
3042 1312 3221 1375 Belle,
3255 1309 3453 1378 inquit.

210 1390 482 1461 ἁμαρτίας
523 1394 827 1449 ἐντείνοντα
856 1397 993 1469 πρὸς
1022 1399 1084 1453 τὸ
1120 1399 1309 1471 ψευδὲς
1350 1401 1510 1473 μέλος
1544 1402 1650 1457 τῶν
1690 1403 1778 1459 λό-

1895 1423 1953 1464 ac
1981 1408 2286 1466 commode.
2315 1407 2555 1464 Rectene
2581 1422 2712 1463 vero
2753 1422 2817 1461 ac
2858 1405 3117 1477 prmclare
3155 1417 3346 1459 censes
3389 1400 3457 1455 ab

208 1497 347 1548 γων;
375 1483 496 1537 Οὐδ’
527 1484 677 1550 ὅπως
708 1486 762 1539 τί
785 1483 878 1542 οὖν
912 1489 972 1555 ¹;

1895 1513 1955 1553 eo
1988 1499 2223 1569 positum
2260 1498 2464 1569 aliquid
2485 1537 2501 1563 ,
2533 1498 2629 1568 qui
2680 1496 2784 1551 sibi
2824 1496 2927 1567 ipsi
2965 1493 3238 1550 contraria
3269 1507 3332 1546 ac
3358 1506 3454 1561 pa-

209 1591 329 1631 rum
384 1578 715 1636 cohaerentia
790 1582 1049 1655 loquatur
1071 1591 1101 1640 ’ί
1162 1585 1384 1643 Minime
1437 1604 1610 1656 sane,
1659 1590 1817 1646 dixit.
1875 1592 2016 1660 Quid
2068 1593 2266 1662 igitur?
2320 1591 2462 1647 Num
2496 1592 2598 1645 tibi
2648 1590 2883 1645 absurde
2924 1589 3013 1643 ille
3063 1587 3344 1643 veritatem
3381 1584 3457 1639 εἰη

210 1674 736 1777 mulassevidetur?
771 1680 1025 1748 Omnino,
1064 1685 1364 1754 respondit.
1389 1685 1468 1743 Ne
1495 1703 1619 1743 eum
1651 1689 1872 1760 quidem
1914 1690 2081 1763 igitur
2107 1690 2339 1782 probare
2372 1697 2545 1759 potes,
2596 1689 2686 1758 qui
2728 1687 2924 1742 delicta
2971 1685 3039 1739 ad
3092 1683 3287 1738 falsum
3331 1695 3458 1736 om-

206 1764 370 1819 tionis
393 1778 720 1827 concentum
744 1781 904 1844 atque
927 1775 1266 1832 harmoniam
1291 1778 1575 1836 intendat?
1596 1780 1779 1850 Nullo,
1814 1785 2011 1854 inquit,
2049 1764 2232 1837 made.

269 1857 482 1913 Οὐκοῦν
504 1861 621 1914 οὐδὲ
643 1863 869 1918 σεαυτοῦ
901 1864 1150 1934 λέγοντος
1174 1867 1449 1939 ἀμούσως,
1465 1870 1571 1923 οὐδ’
1600 1870 1777 1925 ὁτιοῦν

1949 1871 2118 1942 Igitur
2160 1886 2228 1926 ne
2269 1877 2321 1925 te
2363 1870 2544 1940 ipsum
2584 1868 2803 1939 quidem
2842 1862 3158 1937 probaveris
3215 1862 3306 1932 (lui
3348 1872 3459 1915 tam

205 1944 483 2021 ἀποδείξῃ.
544 1952 677 2016 Δοῦς
729 1953 839 2027 γὰρ
899 1956 1205 2027 ἀσωμάτως
1260 1960 1637 2031 ἡμαρτηκέναι
1684 1962 1784 2026 τὰς

205 2035 402 2108 ψυχὰς,
443 2041 849 2112 ἀποσφαλείσας
883 2046 981 2118 τῆς
1025 2047 1260 2120 ἐντολῆς,
1305 2049 1400 2104 καὶ
1445 2050 1661 2122 φράσας
1697 2051 1786 2105 διὰ

204 2127 300 2200 τὴν
332 2133 565 2203 ἀνομίαν
601 2136 726 2199 τοὺς
763 2137 997 2207 χιτῶνας
1026 2139 1217 2203 αὑταῖς
1257 2138 1483 2211 ὕστερον
1510 2141 1636 2205 τοὺς
1665 2142 1789 2213 δερ-

207 2221 467 2289 ματίνους
499 2223 788 2280 δεδωκέναι
821 2228 912 2281 τὸν
949 2228 1100 2295 Θεὸν,
1138 2230 1224 2283 ἵνα
1256 2229 1409 2301 δίκην
1429 2232 1788 2303 νεκροφοροῦ-

205 2329 293 2365 σαι
327 2315 673 2387 παράσχωσι,
696 2317 928 2387 χιτῶνας
958 2320 1026 2372 τὰ
1056 2319 1281 2391 σώματα
1314 2323 1545 2391 φράσας,
1572 2322 1783 2394 προῖόν-

201 2419 293 2466 τος
319 2401 417 2455 τοῦ
446 2404 603 2474 λόγου
636 2408 1044 2478 ἐπιλαθόμενος,
1075 2408 1111 2463 ἃ
1132 2410 1191 2462 τὸ
1213 2410 1427 2482 πρῶτον
1459 2411 1680 2476 ὑπέθου,
1711 2410 1787 2483 μὴ

202 2492 463 2548 δύνασθαι
493 2496 614 2549 καθ’
643 2498 840 2570 ἑαυτὴν
878 2500 978 2572 τὴν
1015 2501 1192 2572 ψυχὴν
1233 2503 1547 2574 ἁμαρτῆσαι
1585 2504 1785 2572 λέγεις.

207 2583 283 2634 Οὐ
319 2584 623 2652 πεφυκέναι
657 2584 763 2659 γὰρ
796 2587 932 2652 ὅλως
962 2589 1099 2659 πρὸς
1129 2588 1306 2653 τοῦτο,
1334 2590 1471 2644 ἀλλὰ
1499 2591 1788 2663 παραίτιον

206 2673 343 2744 αὐτῇ
376 2675 647 2730 παντοίων
676 2676 861 2732 κακῶν
880 2678 939 2732 τὸ
964 2677 1122 2750 σῶμα
1141 2680 1440 2749 γεγονέναι.
1467 2681 1627 2735 Ὀθεν
1654 2681 1788 2753 πρὸς

205 2759 267 2814 τὸ
316 2763 856 2840 μὴ.παρορμηθῆναι
910 2770 1047 2842 πρὸς
1096 2770 1307 2825 ἀδικίαν
1366 2772 1553 2845 αὐτὴν,
1609 2767 1785 2837 αὖθις,

207 2850 461 2925 καθάπερ
496 2857 691 2929 συνέϐη
732 2861 823 2912 καὶ⁸
856 2859 1089 2931 πρόσθεν
1120 2861 1223 2915 ὑπὸ
1267 2861 1359 2915 τοῦ
1392 2863 1664 2933 σώματος,
1700 2862 1789 2916 οὗ·

205 2945 449 3007 τωςοείς
475 2949 602 3010 τοὺς
643 2948 845 3014 αἰῶνας
901 2951 1070 3023 αὐτὴν
1125 2951 1341 3006 ἔσεσθαι
1388 2953 1559 3024 χωρὶς
1600 2953 1785 3008 αὐτοῦ.

207 3034 403 3090 Καίτοι
430 3038 641 3109 πρῶτον
669 3042 836 3095 είπὼν
870 3045 926 3096 ὲν
954 3044 1032 3115 τῷ
1063 3046 1377 3117 παραδείσῳ
1410 3046 1516 3117 πρὸ
1547 3046 1640 3099 τοῦ
1684 3045 1789 3099 σώ-

209 3144 381 3197 ματος
403 3129 501 3200 τὴν
520 3129 717 3203 ψυχὴν,
739 3134 898 3186 ὁπότε
928 3134 1008 3187 ἔτι
1041 3136 1285 3208 μακαρία
1312 3138 1405 3189 καὶ
1438 3136 1673 3207 ἀναλγὴς
1698 3131 1787 3206 ἦν,

1888 1961 2126 2018 absurde
2168 1961 2413 2031 loquare.
2478 1958 2614 2012 Nam
2644 1972 2768 2012 cum
2798 1968 3056 2024 peccasse
3083 1950 3218 2006 citra
3258 1965 3460 2018 corpus

1887 2053 2099 2106 animas
2139 2050 2538 2114 concessisses,
2565 2063 2629 2102 ac
2659 2046 2972 2101 mandatum
3007 2058 3129 2099 esse
3157 2052 3462 2112 transgres-

1888 2158 2002 2208 sas,
2050 2149 2215 2212 atque
2260 2141 2332 2195 ob
2372 2141 2424 2195 id
2469 2147 2755 2210 peccatum
2802 2144 3043 2192 scorteas
3090 2135 3196 2188 illis
3244 2133 3461 2187 tunicas

1888 2230 2159 2286 obtulisse
2182 2229 2375 2296 Deum,
2403 2238 2463 2284 ut
2484 2246 2547 2284 ea
2575 2236 2914 2284 mortuorum
2941 2226 3244 2296 gestatione
3268 2236 3461 2291 pennas

1893 2322 2305 2394 persolverent;
2368 2321 2586 2376 tunicas
2641 2320 2969 2376 enim'istas
3018 2316 3086 2371 de
3135 2315 3462 2384 corporibus

1888 2414 2310 2485 interpretaris,
2367 2428 2495 2468 cum
2555 2412 2702 2473 haec,
2780 2406 3038 2481 inquam,
3091 2404 3467 2466 asseruisses.

1890 2506 2268 2578 progrediente
2313 2505 2574 2575 deinceps
2619 2504 2901 2567 oratione,
2931 2501 3080 2556 velut
3102 2512 3289 2553 eorum
3340 2511 3461 2566 qua:

1889 2608 2046 2654 antea
2092 2606 2462 2668 proposueras
2508 2596 2711 2651 oblitus
2741 2634 2757 2661 ,
2819 2608 2926 2647 non
2986 2606 3148 2661 posse
3198 2603 3293 2659 per
3339 2601 3473 2641 sese.

1889 2688 2127 2742 animam
2153 2701 2394 2757 [peccare
2431 2685 2725 2741 conﬁrmas
2751 2702 2764 2739 :
2795 2682 2962 2754 566
3006 2695 3183 2750 neque
3213 2677 3359 2733 enim
3393 2675 3463 2730 ad

1889 2779 1943 2833 id
1972 2794 2003 2832 a
2041 2788 2236 2833 natura
2279 2793 2402 2834 esse
2439 2784 2808 2847 comparatam
2843 2815 2858 2840 ,
2889 2772 2984 2829 sed
3028 2772 3295 2827 maiorum
3353 2783 3465 2823 om-

1889 2869 2040 2924 nium
2068 2883 2288 2925 eausam
2320 2868 2371 2922 ei
2417 2883 2616 2938 corpus
2654 2866 2924 2922 attulisse.
2949 2864 3129 2931 Quare
3168 2876 3236 2916 ne
3268 2858 3333 2914 ad
3365 2859 3475 2912 im~

1890 2958 2215 3027 probitatem
2260 2958 2458 3012 iterum
2502 2956 2781 3018 incitetur,
2812 2951 3268 3024 quemadmodum
3304 2953 3465 3000 antcu

1889 3063 1953 3104 ex
2005 3050 2328 3119 contagione
2366 3048 2614 3117 corporis
2665 3046 2953 3109 acciderat,
2992 3044 3072 3097 sic
3113 3042 3259 3096 illam
3295 3037 3367 3092 ab
3400 3052 3471 3091 eo

1893 3148 2201 3210 separatam
2268 3147 2529 3209 perpetuo
2593 3137 2854 3192 futuram.
2907 3135 3073 3204 Atqui
3120 3132 3283 3203 paulo
3339 3136 3487 3183 antc-

206 3221 609 3291 ἡμαρτηκέναι.
652 3225 953 3295 Παραϐἄσα
1007 3227 1114 3297 γάρ
1164 3227 1261 3297 τὴν
1309 3227 1549 3311 ἐντολὴν,
1594 3245 1787 3300 κεκρα-

1898 3230 2159 3296 dixeras,
2205 3230 2443 3284 animam
2488 3235 2614 3282 ante
2664 3241 2865 3295 corpus
2908 3224 2964 3279 in
3007 3221 3283 3293 paradiso,
3333 3218 3462 3271 dum

206 3311 452 3383 τημένης
484 3313 505 3345 ³
551 3315 653 3386 ἤδη
699 3316 788 3369 διὰ
838 3317 935 3387 τὴν
1002 3317 1133 3388 πρὸς
1183 3318 1270 3371 τὸν
1307 3317 1430 3387 ὅφιν
1478 3318 1648 3372 πειθὼ
1686 3320 1784 3391 τῆς

208 3402 500 3475 ἁμαρτίας,
533 3404 731 3477 δεσμὸν
763 3407 899 3479 αὐτῇ
937 3407 996 3460 τδ
1044 3407 1204 3479 σῶμα
1240 3408 1481 3463 δεδόσθαι
1525 3410 1783 3481 τιμωρόν.

1894 3321 2077 3376 adhuc
2119 3321 2267 3387 felix,
2301 3328 2356 3375 et
2384 3337 2415 3373 a
2444 3319 2632 3374 dolore
2675 3316 2937 3373 immunis
2985 3322 3156 3377 esset,
3212 3324 3335 3366 sese
3371 3307 3465 3361 ob-

1894 3414 2185 3469 strinxisse
2244 3419 2491 3482 peccato.
2550 3411 2762 3481 Quippe
2816 3410 3020 3465 violato
3057 3405 3150 3460 Dei
3184 3399 3464 3461 mandato,

208 3509 332 3548 cum
354 3494 470 3563 jam
508 3503 808 3565 peccatum,
842 3512 939 3567 pro
966 3512 1032 3552 eo
1057 3498 1203 3568 quod
1237 3499 1477 3569 serpenti
1521 3509 1799 3571 paruerat,
1834 3502 2175 3569 invaluisset,
2209 3517 2411 3573 corpus
2441 3502 2520 3557 illi
2561 3500 2816 3573 supplicii
2863 3500 2986 3554 loco
3028 3494 3234 3552 vinculi
3293 3491 3468 3548 instar

210 3587 631 3643 circumdatum.

282 3678 449 3733 Ὥστε
484 3679 517 3751 ἢ
547 3681 608 3734 τὸ
635 3682 894 3754 πρότερον
922 3682 955 3754 ἢ
990 3684 1051 3737 τὸ
1068 3683 1293 3757 ’ὕστερον
1321 3685 1420 3739 οὐκ
1457 3685 1631 3759 ὀρθῶς
1653 3686 1783 3757 ἔχει.

214 3770 368 3824 Ἤτοι
402 3771 515 3844 γὰρ
552 3773 657 3845 πρὸ
688 3772 935 3845 σώματος
973 3776 1209 3848 ἥμαρτε,
1240 3777 1335 3830 καὶ
1376 3777 1527 3832 οὐδέν
1568 3796 1621 3831 τι
1652 3778 1787 3851 μᾶλ-

209 3861 318 3925 λον,
347 3861 454 3916 κᾶν
486 3863 560 3935 μὴ
591 3864 728 3937 λάϐῃ
775 3865 953 3938 σῶμα,
996 3868 1395 3941 ἁμαρτήσεται,
1430 3868 1524 3921 καὶ
1559 3869 1787 3941 μάταιος

211 3954 245 4024 ἡ
277 3954 407 4025 περὶ
431 3954 528 4007 τοῦ
561 3956 635 4027 μὴ
670 3957 989 4012 ἀνίστασθαι
1017 3959 1078 4012 τὸ
1122 3958 1281 4037 σῶμα
1310 3961 1718 4034 περισσολογίαο
1750 3964 1783 4035 ἢ

213 4045 350 4116 μετὰ
400 4044 675 4116 σώματος,
717 4049 810 4103 καὶ
850 4051 912 4103 οὐ
966 4051 1217 4105 δύνανται
1266 4052 1423 4124 σῶμα
1465 4056 1513 4108 οί
1564 4055 1786 4126 χιτῶνες

213 4135 526 4207 νομίζεσθαι
561 4133 697 4192 εἶναι
735 4141 785 4192 oi
820 4140 1151 4213 δερμάτινοι;
1193 4144 1518 4215 Εὐρίσκεται
1550 4147 1659 4220 γὰρ
1688 4148 1790 4218 πρὸ
1838 4138 1846 4149 ’

126 4300 136 4307 1
212 4227 307 4298 τῆς
348 4232 699 4301 κατασκευῆς
729 4231 905 4285 αὐτῶν
937 4232 1206 4307 ἀθετήσας
1235 4236 1263 4288 ὁ
1292 4236 1576 4309 ἄνθρωπος
1609 4238 1787 4311 (πρὸς)

212 4318 308 4389 τὴν
339 4319 490 4372 θείαν
529 4320 773 4392 ἐντολήν·
809 4313 870 4374 οὗ
914 4323 1007 4376 καὶ
1052 4323 1210 4395 χάριν
1256 4326 1305 4377 οί
1353 4324 1577 4395 χιτῶνες
1622 4343 1790 4382 κατα-

215 4412 590 4477 σκευάζονται,
626 4410 725 4484 τὴν
767 4413 1046 4483 γύμνωσιν
1087 4414 1186 4486 τὴν
1230 4414 1337 4468 ἀπὸ
1368 4415 1469 4484 τῆς
1519 4416 1792 4488 ἁμαρτίας

1968 3683 2140 3754 Igitur
2187 3682 2271 3737 vel
2324 3683 2497 3753 prius,
2558 3684 2643 3739 vel
2699 3682 2972 3752 posterius
3031 3694 3318 3750 perperam
3353 3689 3470 3733 ate

1896 3768 2133 3847 positum
2182 3784 2287 3831 est.
2340 3773 2475 3828 Nam
2531 3762 2625 3828 aut
2669 3780 2795 3828 ante
2843 3787 3049 3841 corpus
3088 3772 3337 3840 deliquit,
3379 3786 3464 3832 ac.

1896 3867 2117 3924 tametsi
2146 3882 2350 3937 corpus
2386 3866 2610 3920 minime
2641 3870 2906 3927 resumat,
2949 3862 3307 3916 nihilominus
3352 3874 3471 3929 pec-

1896 3958 2061 4025 cabit,
2115 3966 2170 4013 et
2220 3957 2401 4012 inanis
2445 3957 2549 4011 erit
2593 3955 2774 4011 omnis
2820 3954 2915 4009 illa
2970 3961 3161 4009 contra
3220 3949 3470 4021 corporis

1896 4050 2353 4107 resurrectionem
2402 4063 2467 4103 ac
2524 4063 2927 4119 supervacanea
2983 4045 3326 4116 disputatio:
3374 4054 3470 4096 aut

1895 4157 2022 4198 cum
2073 4155 2304 4211 corpore
2350 4141 2637 4210 peccavit,
2673 4150 2837 4209 atque
2867 4140 2940 4193 ita
2973 4146 3201 4193 scortea:
3232 4136 3335 4190 illa:
3374 4142 3466 4188 tu-

1896 4232 2031 4287 nicae
2086 4230 2154 4285 ad
2203 4247 2406 4302 corpus
2462 4229 2655 4286 referri
2707 4246 2816 4284 non
2869 4236 3145 4299 poterunt,
3198 4226 3468 4297 siquidem

1899 4331 2193 4394 antequam
2240 4323 2346 4378 illa:
2393 4329 2824 4385 consuerentur,
2875 4320 3119 4375 divinum
3149 4320 3221 4375 ab
3240 4317 3472 4373 .ltomine

1898 4415 2159 4470 violatum
2202 4429 2327 4471 esse
2365 4422 2693 4484 praeceptum
2738 4412 3246 4475 animadvertimus,
3303 4409 3485 4478 cujus.

174 4501 392 4555 ἀὐτῶν
441 4503 882 4575 προσγενομένην
941 4503 1288 4574 καλύψοντες.
1350 4504 1513 4558 Ἀλλὰ
1566 4506 1787 4576 πότερον

1901 4508 2125 4576 insuper
2172 4520 2337 4561 causa
2373 4512 2699 4576 comparatae
2728 4506 2832 4560 illa:
2859 4506 3058 4560 tunica:
3086 4512 3236 4568 sunt,
3266 4504 3469 4572 quibus

216 4591 385 4646 πείθω
416 4609 499 4658 σε,
531 4595 624 4647 καλ⁸
650 4595 804 4666 ὁρᾷς,
830 4594 903 4658 ὼς
932 4595 1109 4667 ἑαυτῷ
1141 4595 1423 4667 μαχόμενα
1453 4595 1674 4662 ὑπέθου,
1701 4597 1787 4649 καί

1904 4602 2192 4652 contracta
2250 4610 2319 4650 ex
2369 4602 2592 4667 peccato
2644 4594 2872 4650 nuditas
2921 4593 3288 4660 obtegeretur.
3333 4590 3469 4646 Num

219 4703 299 4739 σοι
346 4685 506 4740 τοῦτο
541 4687 830 4758 γεγένηται
869 4687 1069 4756 σαφές;
1103 4689 1175 4741 Ἣ
1223 4688 1434 4741 οὐδέπω
1482 4688 1792 4759 μανθάνεις,

216 4770 262 4831 ὦ
301 4778 634 4846 Ἀγλαοφῶν,
680 4777 846 4849 ἔφην,
901 4778 930 4832 ὃ
982 4777 1162 4846 λέγω;
1203 4778 1489 4843 Μανθάνω,
1536 4779 1662 4851 ἔφη,
1702 4780 1796 4833 καὶ

218 4867 398 4921 οὐκέτι
428 4867 622 4937 δέομαι
643 4866 893 4938 δεύτερον
920 4866 1254 4921 ἀκούσασθαι
1273 4885 1288 4899 ·
1318 4868 1453 4922 ἀλλά
1483 4867 1668 4921 ἔλαθον
1696 4869 1797 4922 οὐκ

220 4958 395 5029 ὀρθῶς
422 4958 612 5013 εἰπών.
658 4959 897 5029 Ἀνάγκη
941 4957 1049 5029 γάρ
1084 4975 1196 5029 μοι,
1231 4958 1484 5012 δεδωκότι
1513 4960 1638 5022 τοὺς
1671 4959 1794 5030 δερ-

226 5050 480 5120 ματίνους
509 5049 743 5121 χιτῶνας
790 5045 930 5104 εἶναι
972 5050 1042 5104 τὰ
1081 5047 1329 5120 σώματα,
1360 5048 1662 5118 ὁμολογεῖν,
1702 5049 1797 5103 καὶ

225 5142 352 5213 πρὶν
377 5143 459 5206 είς
493 5142 557 5195 τὸ
601 5142 761 5213 σῶμα
796 5141 893 5213 τὴν
924 5140 1102 5211 ψυχὴν
1126 5138 1460 5211 ἐληλυθέναι,
1489 5141 1800 5211 ἡμαρτηκέ-

224 5248 331 5295 ναι,
365 5231 482 5286 ἀνθ’
508 5226 582 5286 ὧν
605 5232 711 5304 πρδ
738 5233 835 5305 τῆς
856 5220 1200 5302 κατασκευῆς
1228 5229 1407 5284 αὐτῶν
1436 5231 1468 5301 ἡ
1491 5230 1801 5302 παράϐασις

225 5319 460 5388 ἐγένετο.
496 5320 594 5374 Διὰ
630 5320 728 5392 τὴν
770 5321 1077 5391 παράϐασιν
1108 5322 1216 5392 γὰρ
1254 5321 1303 5372 οί
1344 5319 1566 5389 χιτῶνες
1596 5319 1798 5395 αρτοἶς,

226 5411 320 5465 καὶ
360 5411 428 5465 δι’
464 5411 644 5466 αὐτῶν
680 5414 713 5483 ή
758 5412 961 5465 τούτων
1003 5413 1183 5476 αὐτοῖς
1232 5409 1629 5473 κατασκεύασις
1652 5449 1666 5474 ,
1706 5411 1801 5464 καὶ

226 5503 323 5574 οὐχ
356 5504 388 5575 ἡ
429 5503 737 5576 παράϐασις
810 5504 900 5560 διὰ
952 5505 1077 5569 τοὺς
1116 5503 1347 5575 χιτῶνας
1390 5503 1671 5574 γίγνεται’
1709 5504 1802 5557 καὶ

1903 4687 2119 4743 tandem
2143 4685 2239 4741 tibi
2258 4686 2361 4741 ista
2384 4684 2711 4757 persuadeo,
2730 4684 2890 4755 idque
2916 4683 3052 4743 adeo
3074 4683 3270 4746 sentis,
3289 4697 3472 4752 quem-

1901 4776 2192 4833 admodum
2221 4788 2398 4831 tecum
2428 4776 2546 4846 ipse
2582 4777 2797 4831 ratione
2819 4782 2911 4830 tua
2935 4773 3285 4837 dissenseris,
3309 4781 3472 4843 atque.

1902 4868 2005 4923 hoc
2030 4884 2059 4923 a
2097 4885 2181 4923 me
2224 4868 2319 4923 tibi
2360 4874 2444 4923 est
2475 4868 2760 4938 perspicue
2789 4867 3192 4923 monstratum?
3222 4868 3303 4923 An
3342 4882 3474 4920 non-

1902 4958 2030 5015 dnm
2084 4959 2230 5029 quod
2289 4959 2413 5014 dico
2470 4958 2725 5029 percipis,
2779 4958 3135 5029 Aglaophon?
3192 4958 3304 5029 Ego
3343 4973 3489 5012 vere;

1904 5048 2167 5119 percipio,
2204 5049 2408 5119 inquit,
2452 5063 2554 5103 nec
2591 5048 2782 5103 audire
2816 5048 3057 5104 secundo
3096 5063 3323 5104 necesse
3363 5056 3469 5104 est.

1910 5136 2015 5194 Sed
2064 5138 2251 5193 nescio
2301 5154 2410 5208 quo
2453 5138 2617 5194 modo
2654 5138 2973 5208 imprudens
3027 5153 3308 5209 perperam
3371 5138 3483 5193 ista

1897 5226 2123 5297 jactavi.
2159 5224 2395 5283 Necesse
2427 5235 2512 5282 est
2542 5230 2686 5283 enim
2720 5242 2847 5282 cum
2897 5228 3153 5298 pelliceas
3182 5228 3303 5283 illas
3327 5229 3475 5282 tuni-

1902 5333 1996 5374 cas
2054 5333 2285 5388 corpora
2330 5333 2455 5373 esse
2504 5318 2911 5385 concesserim,
2944 5319 3181 5377 animam
3232 5333 3471 5389 quoque.

1907 5409 2227 5481 priusquam
2266 5408 2323 5465 in
2356 5425 2558 5480 corpus
2602 5410 2833 5478 subiret,
2887 5425 3144 5482 peccasse
3177 5409 3425 5465 conﬁteri
3457 5427 3470 5464 ;

1907 5509 2191 5574 propterea
2224 5502 2369 5574 quod
2392 5503 2671 5570 delictum,
2697 5510 2988 5575 antequam
3021 5504 3128 5559 iure
3151 5502 3359 5567 tierent,
3390 5509 3473 5556 est

300 5679 317 5711 ¹
345 5676 409 5731 F.
452 5677 714 5749 διαφέρει.
769 5677 862 5736 sed
905 5694 1093 5759 uarum
1137 5676 1421 5734 commoda
1474 5679 1585 5732 lucc
1637 5676 1787 5732 lectio

1895 5677 2077 5734 detur.
2154 5679 2173 5709 ⁸
2204 5676 2264 5731 F.
2311 5676 2421 5730 οὐδ’
2470 5679 2616 5741 ὅπως
2658 5676 2768 5735 οὖν.
2847 5680 2865 5711 ³
2900 5678 2953 5735 F.
2998 5674 3469 5746 κεκρατυμμένηὲ·
