3840 6062
296 175 309 233 ’λ
410 220 543 279 “39

1779 239 1838 296 S.
1873 239 2214 301 EPIPHANII

3521 255 3649 310 “£0

411 340 732 396 admissum.
792 340 925 397 Nam
976 344 1045 399 ob
1095 345 1261 417 legem
1309 350 1563 406 violatam
1615 354 1813 412 tunicae
1866 358 1970 414 illis

2074 362 2138 414 ὲκ
2165 359 2367 432 ταύτης
2397 361 2493 433 τῆς
2513 362 2799 433 ὁμολογίας
2842 364 3359 433 συγκατατίθεσθαι,
3388 366 3467 431 ὡς
3501 369 3565 422 οὐ
3594 370 3650 424 τὸ

413 429 609 484 oblatae
651 438 799 492 sunt,
850 433 921 488 ob
969 449 1199 505 eamque
1220 446 1496 506 consutm;
1543 458 1721 512 neque
1755 455 1975 515 propter

413 519 629 574 tunicas
655 520 745 574 illa
770 528 855 575 est
882 520 1024 576 facta
1058 525 1393 581 commissio.
1421 526 1551 594 Qua:
1578 544 1702 584 cum
1743 531 1974 602 professi

414 609 700 677 fuerimus,
757 614 1013 669 assentiri
1054 629 1160 669 una
1187 625 1241 670 et
1270 614 1400 672 illud
1431 617 1713 685 debemus,
1745 638 1814 679 ne
1848 623 1975 678 huic

411 702 626 772 quidem
650 700 873 773 corpori
907 713 1162 776 tanquam
1196 721 1377 763 causa:
1412 710 1539 764 mali
1572 720 1779 782 partem
1810 715 1974 768 ullam

413 809 534 850 csse
557 795 922 863 tribuendam,
944 798 1036 852 sed
1063 798 1237 868 ipsam
1268 815 1364 870 per
1384 815 1505 857 sese
1539 805 1775 857 animam
1803 811 1974 859 totam

413 884 560 939 illam
611 888 900 944 sustinere.
956 888 1137 956 Quare
1184 893 1400 948 tametsi
1435 908 1636 965 corpus
1690 911 1797 950 non
1827 909 1977 951 resu-

411 985 545 1039 mat,
602 979 954 1052 nihilominus
1020 983 1286 1052 peccabit,
1342 999 1466 1039 cum
1515 994 1570 1040 et
1623 998 1781 1043 antea
1836 988 1975 1043 citra

408 1079 610 1137 corpus
641 1071 962 1140 peccaverit.
992 1070 1335 1144 Omninoque
1372 1075 1629 1130 stolidum
1660 1087 1745 1132 est
1779 1094 1977 1148 negare

412 1158 483 1213 ob
524 1153 574 1213 id
611 1170 812 1229 corpus
871 1170 967 1215 aut
1023 1178 1242 1219 carnem
1310 1181 1471 1237 posse
1527 1184 1833 1239 resurgere,
1907 1187 1977 1227 ne

409 1251 624 1320 corpori
657 1260 932 1322 utcunque
959 1255 1029 1310 sit
1061 1270 1226 1311 causa
1251 1257 1531 1328 peccandi.
1549 1258 1801 1314 Peccahit
1825 1261 1970 1316 enim

408 1345 596 1414 utique
643 1345 821 1415 posito
868 1361 1116 1417 corpore,
1153 1357 1210 1402 ut
1241 1359 1294 1404 et
1317 1357 1441 1404 ante
1477 1364 1678 1419 corpus
1707 1354 1969 1419 peceave-

407 1443 511 1496 rat,
541 1436 643 1490 etsi
679 1451 878 1506 corpus
899 1453 1005 1491 non
1050 1438 1280 1494 subinde
1321 1440 1568 1509 recipiat.
1617 1439 1692 1494 Ex
1729 1438 1837 1511 quo
1874 1458 1972 1498 ne-

2073 450 2230 522 σῶμα
2276 450 2432 504 τοῦτο
2476 454 2758 524 παραίτιον
2807 456 3009 519 κακίας
3063 456 3233 519 ἐστὶν,
3260 440 3407 510 ’ἀλλ’
3439 459 3581 530 αὐτὴ
3616 464 3647 531 ἡ

2069 539 2217 615 ψυχὴ
2248 542 2306 595 ἐν
2327 544 2515 614 ἑαυτῇ.
2550 546 2658 609 Διδ,
2693 545 2797 598 κᾶν
2826 546 2902 618 μὴ
2922 545 3065 620 λάϐῃ
3087 547 3149 600 τὸ
3182 547 3367 617 σῶμα,
3399 548 3647 622 ἁμαρτη-

2073 646 2245 694 σεται,
2284 631 2583 704 ἐπειδήπερ
2610 635 2703 687 καὶ
2735 635 2972 706 πρόσθεν
3001 634 3217 709 ἥμαρτε
3264 639 3437 709 χωρὶς
3468 640 3648 711 σῶμα·

2070 736 2182 784 τος.
2224 722 2334 774 Καὶ
2373 723 2596 795 ἀνόητον
2627 724 2687 777 τὸ
2734 725 2913 794 λέγειν
2948 716 3248 781 ἀναϐιῶναι
3279 727 3359 798 μὴ
3391 729 3640 786 δύνασθαι

2072 811 2135 863 τὸ
2163 811 2340 882 σῶμα,
2372 812 2457 867 διά
2493 813 2651 869 τοῦτο
2679 815 2798 887 (τὴν
2838 818 3019 888 σάρκα
3056 818 3098 889 ⁸)
3130 819 3217 873 ίνα
3259 821 3335 892 μὴ
3365 822 3643 893 παραίτιος

2071 903 2138 972 τῇ
2165 901 2307 974 ψυχῇ
2337 902 2429 956 τοῦ
2458 905 2775 977 ἀμαρτῆσαι
2805 909 3028 979 γενηθῇ.
3052 910 3469 982 ’Δμαρτήσεται
3521 914 3639 984 γὰρ,

2071 990 2147 1055 ὡς
2176 994 2270 1046 καὶ
2300 995 2405 1065 πρὸ
2444 996 2537 1050 τοῦ
2580 997 2828 1067 σώματος
2859 998 3125 1070 ἥμαρτεν,
3159 1001 3335 1067 οὕτως
3385 1004 3483 1056 καὶ
3515 1006 3644 1074 μετά

2070 1083 2169 1155 τὴν
2192 1085 2285 1138 τοῦ
2319 1085 2568 1157 σώματος
2613 1089 2893 1154 ἀπόθεσιν,
2931 1089 3034 1144 κᾶν
3069 1092 3145 1163 μὴ
3179 1090 3340 1157 αὖθις
3384 1092 3451 1146 τὸ
3493 1093 3639 1163 σῶμα

2073 1174 2343 1248 ἀπολάϐῃ.
2374 1178 2536 1232 Ὅθεν
2569 1180 2778 1251 ἀνάγκη
2815 1198 2908 1251 μοι
2927 1181 3015 1235 διὰ
3035 1182 3211 1237 ταῦτα
3241 1185 3383 1254 μήτε
3410 1185 3637 1255 ἐμαυτοῦ

2081 1266 2220 1337 μήτε
2251 1267 2412 1322 ἀλλου
2449 1270 2804 1342 ἀποδέχεσθαι
2848 1273 3093 1342 λέγοντος
3131 1274 3261 1339 τοὺς
3293 1275 3638 1347 δερματίνους

2075 1356 2308 1425 χιτῶνας
2335 1354 2474 1415 εἶναι
2508 1359 2577 1413 τά
2605 1361 2851 1432 σώματα.
2892 1364 2954 1416 Εί
2990 1363 3048 1416 δὲ
3088 1358 3485 1435 ἀποδεξαίμην,
3519 1366 3626 1433 ὁμο

2074 1446 2253 1516 λογεϊν
2285 1451 2388 1521 χρή
2419 1468 2485 1521 με
2513 1452 2607 1506 καὶ¹
2630 1453 2700 1507 τὰ
2728 1453 3012 1533 εἰρημένα.

406 1539 560 1581 cesse
611 1533 695 1582 est
746 1544 921 1598 neque
962 1545 1048 1584 me
1100 1529 1298 1599 ipsum,
1360 1547 1537 1602 neque
1569 1533 1800 1587 alterum
1833 1550 1861 1586 a
1898 1550 1983 1589 me
2047 1541 2264 1607 probari
2300 1542 2460 1614 567
2514 1546 2606 1614 qui
2660 1554 2901 1602 scorteas
2941 1529 3157 1603 tunicas
3201 1563 3442 1620 corpora
3484 1548 3639 1604 fuisse

405 1615 620 1671 dixerit.
658 1617 811 1684 Quod
844 1620 887 1673 si
919 1619 973 1673 id
1014 1636 1114 1692 ego
1162 1622 1527 1691 comprobem,
1570 1638 1675 1676 una
1706 1624 1795 1686 iis,
1835 1640 1957 1694 qua:
1999 1625 2133 1695 dixi,
2161 1632 2416 1687 assentiri
2458 1637 2729 1690 convenit.

476 1701 654 1758 XLIII.
704 1705 785 1758 Ad
818 1707 931 1761 haec
963 1723 1063 1776 ego
1096 1727 1109 1763 :
1144 1708 1281 1762 Illud
1334 1723 1484 1773 vero,
1535 1724 1569 1763 ο
1611 1710 1926 1780 Αεῐψριιοιι
1948 1752 1963 1775 ,

2141 1719 2272 1774 Ml".
2321 1721 2387 1773 Τί
2436 1721 2513 1784 δὲ,
2560 1725 2682 1795 οὐχὶ
2735 1725 2975 1788 κάκεῖνο,
3026 1725 3184 1797 ἔφην,
3223 1719 3271 1781 ὧ
3308 1728 3638 1797 Ἀγλαοςῶν,

406 1808 586 1848 nonne
616 1795 715 1849 tibi
740 1810 1022 1865 perperam
1071 1796 1293 1849 allatum
1343 1797 1597 1851 videtur?
1655 1797 1797 1864 Quid
1836 1799 1969 1854 illud

405 1884 528 1938 est?
595 1886 793 1955 inquit.
851 1885 1085 1955 Corpus,
1144 1886 1398 1955 inquam,
1468 1902 1712 1944 asserere
1766 1890 1970 1944 vinculi

407 1976 581 2030 instar
632 1991 696 2030 ac
735 1977 1011 2046 compedis
1050 1976 1314 2033 adversus
1351 1978 1585 2033 animam
1645 1970 1767 2036 esse
1802 1980 1972 2036 fabri-

405 2074 586 2119 ratum
617 2085 631 2121 :
665 2066 810 2136 quod
838 2076 891 2121 et
920 2067 1180 2137 propheta
1206 2069 1415 2123 vinctos
1442 2083 1544 2123 nos
1578 2070 1631 2123 in
1670 2079 1813 2125 terra
1848 2086 1971 2128 esse

406 2157 552 2211 dicat
581 2159 621 2221 ',
661 2166 714 2213 et
750 2158 915 2212 David
954 2159 1292 2229 compeditos
1329 2161 1640 2230 appellat“!
1671 2160 1808 2215 Tum
1835 2163 1966 2219 ille:

404 2243 780 2315 Respondere,
814 2245 1016 2316 inquit,
1059 2254 1169 2300 tam
1195 2248 1444 2318 expedite
1474 2249 1572 2304 tibi
1603 2265 1833 2321 nequeo.
1859 2252 1971 2308 Cur

404 2343 587 2391 autem
620 2351 743 2391 cum
779 2337 888 2392 alio
916 2332 1097 2408 potius
1131 2352 1237 2392 non
1273 2338 1563 2408 disputas?
1596 2340 1665 2393 At
1692 2355 1794 2411 ego
1824 2341 1971 2409 (s‘en-

405 2444 581 2484 seram
616 2430 759 2484 enim
809 2429 1096 2486 erubuisse
1138 2431 1435 2494 hominem,
1467 2431 1827 2502 convincique
1857 2447 1973 2487 mc-

403 2522 613 2591 tuere),
672 2522 811 2576 Num
866 2531 922 2577 tu
980 2523 1195 2578 tandem
1257 2522 1551 2577 adductum
1616 2538 1703 2578 me
1763 2525 1968 2580 invidia

404 2619 564 2683 putas
600 2612 837 2666 voluisse
882 2610 1148 2674 refellere,
1197 2625 1261 2665 ac
1310 2626 1418 2665 non
1458 2613 1639 2683 potius
1672 2611 1818 2682 quod
1851 2618 1968 2667 erat

402 2704 741 2773 propositum
809 2704 1089 2760 declarare
1152 2704 1443 2760 voluisse?
1516 2702 1623 2759 Sed
1682 2704 1819 2760 heus
1877 2705 1962 2759 tul

397 2809 501 2850 nec
540 2806 591 2851 te
644 2795 966 2865 interrogari
1001 2796 1198 2864 pigeat.
1250 2793 1413 2851 Vides
1462 2795 1607 2851 enim
1647 2811 1755 2851 non
1786 2799 1969 2867 parvis

401 2889 468 2941 de
495 2886 658 2941 rebus
685 2894 870 2939 natum
925 2885 1070 2941 hunc
1118 2885 1276 2941 nobis
1314 2902 1436 2941 esse
1486 2900 1814 2953 sermonem,
1871 2888 1967 2942 scd

401 2976 470 3029 de
493 2990 558 3029 eo
589 2975 823 3037 scilicet,
850 2990 1084 3044 quanam
1125 2975 1335 3029 ratione
1379 2975 1712 3030 credendum
1750 2977 1840 3031 sit.
1869 2976 1965 3031 Et-

400 3065 546 3119 enim
588 3064 794 3119 nullum
828 3064 1031 3119 homini
1057 3066 1276 3135 gravius
1306 3066 1507 3119 malum
1534 3065 1785 3122 accidere
1810 3082 1969 3139 posse

400 3165 554 3228 puto,
602 3170 766 3227 quam
817 3156 1144 3212 necessariis
1196 3171 1265 3212 ex
1309 3157 1494 3222 rebus,
1524 3172 1649 3213 cum
1680 3157 1871 3214 falsam
1902 3160 1969 3215 de

398 3248 507 3303 illis
536 3247 844 3318 opinionem
889 3247 1219 3318 conceperit.
1237 3246 1422 3302 Palam
1455 3249 1644 3319 igitur,
1676 3264 1882 3319 quaso,
1916 3258 1970 3305 et

402 3339 660 3393 alacriter
712 3336 780 3391 ad
839 3338 1171 3409 interrogata
1228 3338 1597 3407 respondeas;
1648 3355 1713 3395 ac
1750 3340 1969 3410 si'quid

400 3430 586 3483 minus
624 3443 813 3484 verum
853 3428 1214 3498 proposuisse
1242 3428 1452 3493 videor,
1486 3429 1695 3498 majore
1724 3431 1970 3489 veritatis

400 3537 563 3589 quam
616 3520 721 3576 mei
769 3519 950 3575 studio
995 3519 1195 3573 duetus
1243 3519 1529 3591 redargue.
1560 3519 1694 3576 Nam
1720 3523 1970 3592 redargui

292 3614 301 3622 '
400 3613 601 3681 ipsum,
635 3625 797 3679 quam
837 3610 1000 3663 alium
1050 3610 1378 3681 redarguere
1417 3612 1575 3682 longe
1612 3615 1971 3671 excellentius

400 3716 523 3756 esse
572 3700 773 3755 bonum
823 3699 1094 3765 arbitror,
1126 3714 1236 3769 quo
1270 3700 1480 3772 scilicet
1510 3702 1689 3773 majus
1716 3702 1972 3760 est‘malo

402 3793 582 3863 ipsum
605 3790 764 3861 eripi,
799 3806 963 3861 quam
995 3791 1144 3847 alios
1166 3792 1397 3861 eripere.
1427 3793 1542 3864 Age
1568 3795 1732 3865 igitur
1761 3798 1972 3854 collatis

401 3881 630 3937 invicem
680 3880 1045 3945 sermonibus,
1092 3882 1376 3937 videamus
1396 3885 1590 3953 ecquid
1628 3901 1658 3939 a
1695 3902 1755 3942 se
1783 3896 1972 3943 mutuo

400 3972 746 4030 dissentiant.
793 3972 913 4028 Non
959 3975 1102 4029 enim
1163 3974 1298 4029 levia
1349 3983 1478 4030 sunt
1507 3977 1622 4044 illa,
1666 3978 1735 4033 de
1771 3979 1971 4049 quibus

401 4063 809 4128 contendimus,
844 4064 939 4119 sed
971 4064 1262 4135 ejusmodi,
1314 4073 1375 4119 ut
1429 4074 1484 4122 et
1518 4067 1611 4121 illa
1654 4069 1797 4125 scire
1835 4086 1974 4141 prmo

401 4155 642 4210 stantius
684 4155 786 4221 sit,
840 4163 895 4211 et
947 4155 1202 4226 ignorare
1250 4158 1651 4227 turpissimum.
1702 4159 1784 4215 Tu
1810 4162 1975 4232 igitur

400 4246 724 4301 reviviscere
745 4261 946 4317 corpus
969 4260 1077 4301 non
1104 4248 1390 4304 existimas
1418 4267 1432 4303 :
1465 4265 1566 4321 ego
1588 4267 1721 4307 vero
1749 4267 1968 4310 censeo.

400 4334 479 4390 lta
509 4351 568 4391 se
617 4351 708 4392 res
758 4338 941 4403 habet,
1001 4339 1198 4410 inquit,
1240 4355 1307 4396 ex
1350 4341 1435 4397 his
1482 4358 1603 4413 quas
1640 4352 1798 4401 antea
1833 4334 1967 4402 dixi.

401 4426 691 4491 Praeterea,
728 4429 971 4500 inquam,
998 4431 1273 4486 vinculum
1305 4432 1446 4488 idem
1473 4449 1535 4490 ac
1565 4436 1890 4504 custodiam,
1920 4450 1969 4495 et

401 4520 732 4589 sepulcrum,
760 4528 815 4575 et
837 4536 976 4576 onus
1004 4536 1067 4577 ac
1090 4523 1307 4592 pedicas
1328 4540 1450 4581 esse
1476 4527 1694 4595 dixisti;
1720 4544 1818 4601 ego
1841 4545 1970 4586 vero

401 4627 508 4667 non
543 4613 833 4668 assentior.
858 4611 1016 4680 Vere,
1045 4614 1243 4684 inquit,
1274 4630 1305 4669 a
1336 4624 1388 4672 te
1426 4618 1529 4673 ista
1563 4619 1843 4676 dicuntur.
1887 4622 1970 4678 Ad

401 4703 515 4758 haec
573 4704 1028 4775 intemperantia,
1079 4719 1303 4773 errore,
1355 4708 1604 4774 tristitia,
1664 4712 1970 4781 iracundia,

399 4793 740 4864 cmterisque,
779 4800 838 4848 ut
868 4810 977 4849 uno
1009 4796 1174 4851 verbo
1211 4794 1415 4860 dicam,
1451 4799 1972 4871 oumibus,quorum

400 4894 477 4955 tu,
529 4884 798 4938 malorum
864 4899 1085 4940 causam
1148 4887 1420 4944 sustinere
1488 4906 1687 4960 corpus
1747 4894 1970 4957 asseris,

402 4977 596 5030 anima:
620 4975 686 5030 ad
713 4977 935 5031 meliora
960 4978 1221 5047 impetum
1252 4982 1535 5050 praepediri
1558 4983 1766 5050 dixisti,
1794 4997 1974 5054 neque

402 5068 584 5122 sinere
634 5083 733 5123 nos
787 5067 855 5123 ad
892 5084 1107 5134 eorum,
1140 5085 1261 5139 quae
1296 5072 1476 5141 reipsa
1526 5082 1674 5137 sunt,
1721 5090 1970 5147 compre-

403 5158 719 5215 hensionem
769 5176 833 5215 ac
884 5162 1171 5218 scientiam
1208 5162 1510 5230 pervenire.
1544 5163 1771 5230 Quoties
1825 5168 1970 5222 enim

404 5263 595 5303 eorum
650 5266 773 5319 qua
823 5261 951 5307 sunt
1000 5253 1261 5324 indagare
1303 5254 1509 5325 aliquid
1544 5256 1815 5324 volumus,
1857 5267 1972 5312 tum

405 5339 600 5394 oborta
647 5342 822 5412 caligo
877 5344 1150 5399 mentibus
1191 5345 1397 5401 nostris
1437 5347 1692 5404 tenebras
1721 5348 1972 5416 offundit,

405 5446 582 5502 neque
604 5432 886 5486 veritatem
919 5434 1155 5498 dilucide
1189 5450 1217 5489 a
1252 5438 1415 5493 nobis
1449 5438 1714 5508 Pervideri
1752 5440 1972 5509 patitur.

2071 1809 2219 1863 δοκεῖ
2247 1827 2327 1865 σοι
2362 1813 2435 1883 μὴ
2464 1812 2642 1884 ὀρθῶς
2687 1813 2864 1883 ἕχειν;
2895 1812 2969 1868 Τὸ
3015 1819 3201 1882 ποῖον;
3247 1816 3323 1870 Τὸ
3356 1817 3556 1885 λέγειν,
3578 1813 3639 1888 ῆν

2070 1901 2126 1954 δὲ
2168 1901 2298 1971 ἐγὼ,
2341 1903 2538 1975 δεσμὸν
2575 1906 2671 1960 καὶ
2716 1905 2879 1970 πέδας
2917 1907 2978 1960 τὸ
3019 1908 3177 1979 σῶμα
3225 1909 3640 1979 μεμηχανῆσθαι

2071 1993 2212 2047 κατά
2237 1994 2337 2064 τῆς
2367 1995 2546 2065 ψυχῆς
2573 2013 2587 2026 ·
2638 1996 2732 2050 καὶ
2762 1998 2843 2050 ὅτι
2872 1998 2967 2051 καὶ
3007 1999 3035 2051 ὁ
3078 2000 3371 2071 προφήτης
3398 1999 3641 2069 δεσμίους

2071 2082 2172 2152 γῆς
2209 2082 2314 2153 ἔφη
2370 2086 2548 2155 ἡμᾶς·
2589 2085 2677 2139 διὰ
2716 2085 2871 2140 τοῦτο
2915 2087 3010 2140 καὶ
3034 2089 3063 2141 ὁ
3108 2087 3274 2141 Δαϐὶδ
3336 2090 3639 2159 πεπεδημέ-

2070 2191 2227 2240 νους;
2255 2174 2357 2228 Καὶ
2387 2174 2465 2239 ὃς,
2489 2176 2603 2230 Οὐκ
2631 2176 2740 2247 ἔχω
2766 2194 2849 2230 σοι
2892 2179 3198 2253 προχείρως
3223 2181 3638 2253 ἀποκρίνασθαι,

2071 2264 2196 2335 ἔφη.
2232 2265 2391 2319 Ἀλλά
2414 2266 2467 2319 τί
2501 2267 2645 2338 ἄλλῳ
2671 2267 2730 2321 οὐ
2763 2267 3035 2336 διαλέγει;
3071 2269 3181 2323 Καὶ
3212 2270 3327 2339 ἐγὼ
3383 2271 3638 2343 (ᾐσθόμην

2070 2355 2179 2428 γάρ
2202 2357 2456 2430 ὲρυθριᾷν
2475 2359 2658 2427 αὑτὸν,
2685 2359 2949 2429 φεύγοντα
2980 2362 3303 2433 ἐλεγχθῆναι
3329 2363 3425 2417 τὸν
3451 2364 3639 2433 λόγον),

2071 2448 2184 2501 Οἴει
2221 2447 2329 2520 γὰρ
2380 2450 2455 2522 μὴ
2502 2450 2643 2504 κατά
2693 2451 2888 2520 φθόνον
2939 2453 3233 2525 ἐπιχειρεῖν
3289 2471 3351 2508 σε
3409 2454 3638 2522 ἐλέγξαι,

2072 2537 2228 2611 ἔφην,
2279 2540 2373 2594 καὶ
2414 2541 2488 2613 μὴ
2540 2540 2601 2593 τὸ
2650 2544 3008 2615 προκείμενον
3054 2544 3368 2613 καταφανὲς
3415 2546 3636 2615 φιλονει-

2073 2634 2188 2686 κεῖν
2231 2632 2452 2704 ποιῆσαι
2477 2652 2493 2700 ;
2523 2634 2685 2701 Ἀλλ’,
2738 2630 2785 2690 ὦ
2846 2635 3040 2704 ἀγαθὲ,
3094 2635 3169 2707 μὴ
3230 2638 3543 2707 amttitme
3580 2636 3642 2690 ἂν

2073 2722 2443 2795 ἐρωτώμενος.
2486 2727 2649 2798 Ὁρᾷς
2680 2726 2811 2799 γὰρ,
2858 2727 2933 2791 ὼς
2969 2727 3032 2780 οὐ
3088 2728 3216 2799 περὶ
3259 2728 3473 2799 μικρῶν
3512 2728 3642 2780 εἰσιν

2073 2817 2202 2887 ἡμῖν
2226 2819 2274 2870 οί
2303 2816 2478 2886 λόγοι,
2506 2818 2619 2872 ἀλλ’
2637 2820 2820 2874 ὅντινα
2848 2822 2954 2892 χρὴ
2979 2820 3181 2891 τρόπον
3203 2820 3639 2873 πεπιστευκέναι·

2072 2909 2167 2961 καὶ
2216 2908 2323 2981 γάρ
2379 2910 2532 2963 οὐδὲν
2576 2906 2729 2981 οἶμαι
2784 2911 3051 2965 τοσούτων
3092 2911 3281 2966 κακῶν
3313 2912 3335 2943 ⁸
3378 2911 3643 2982 ἀνθρώπῳ

2071 2999 2345 3068 γενέσθαι,
2394 3002 2517 3054 ὅσον
2570 3003 2678 3056 ἀπὸ
2718 3002 2825 3057 τῶν
2869 3003 3201 3072 ἀναγκαίων,
3235 3004 3437 3058 ὁπόταν
3476 3004 3641 3074 ψευδῆ

1996 3090 2053 3168 C'
2072 3087 2199 3158 περὶ
2223 3088 2401 3141 αὐτῶν
2419 3087 2648 3156 δοξάζοι.
2674 3090 2775 3144 Ἴθι
2800 3086 2896 3145 οὖν
2919 3092 3213 3164 προθύμως
3242 3093 3383 3165 πρὸς
3413 3093 3482 3147 τά
3509 3094 3642 3165 ἐρω-

2071 3177 2288 3248 τώμενα
2324 3179 2627 3250 ἀποσάφει·
2664 3182 2759 3235 καὶ
2799 3183 2894 3236 ὲάν
2927 3184 2980 3236 τί
3019 3200 3099 3237 σοι
3132 3183 3314 3252 λέγειν
3352 3184 3549 3256 ἀληθὲς
3573 3186 3642 3256 μὴ

2069 3268 2238 3331 δοκῶ,
2309 3271 2508 3342 μᾶλλον
2561 3274 2659 3346 τῆς
2708 3274 2964 3344 ἀληθείας
3030 3275 3325 3346 φροντίσας
3388 3276 3422 3345 ῆ
3482 3275 3638 3346 ἐμοῦ,

2071 3360 2305 3430 ἔλεγξον.
2362 3361 2562 3428 Μεῖζον
2620 3365 2729 3436 γὰρ
2787 3366 2992 3434 ἀγαθὸν
3049 3366 3111 3419 τὸ
3172 3366 3497 3437 ἐλεγχθῆναι
3552 3365 3638 3420 τοῦ

2070 3454 2284 3524 ἐλέγξαι
2323 3455 2555 3526 νομίζω·
2597 3458 2706 3528 ὅσῳ
2748 3457 2932 3527 μεῖζόν
2971 3460 3086 3511 ἐστι
3114 3458 3176 3511 τὸ
3209 3460 3373 3512 αὐτὸν
3412 3459 3643 3513 ἀπαλλα-

2070 3544 2231 3614 γῆναι
2261 3545 2432 3597 κακοῦ
2474 3544 2569 3598 τοῦ
2621 3546 2778 3600 ἄλλον
2824 3547 3150 3612 ἀπαλλάξαι.
3197 3550 3335 3620 Φέρε
3366 3545 3479 3615 οὖν,
3515 3552 3642 3621 παρ’

2071 3634 2330 3706 ἀλλήλους
2356 3636 2377 3667 ³
2399 3636 2835 3708 παραϐάλλοντες
2861 3639 2989 3702 τοὺς
3019 3637 3230 3707 λόγους,
3262 3637 3637 3705 σκεπτώμεθσ.

2072 3728 2126 3781 εί
2146 3744 2199 3780 τι
2224 3727 2510 3783 διοίσουσιν
2535 3729 2800 3801 ἀλλήλων.
2833 3731 2941 3784 Καὶ
2984 3731 3093 3803 γὰρ
3132 3733 3393 3803 τυγχάνει
3428 3728 3554 3804 περὶ
3575 3726 3644 3782 ὧν

2072 3821 2523 3893 ἀμφισϐητοῦμεν
2551 3823 2612 3876 οὐ
2648 3823 2790 3878 πάνυ
2822 3824 3032 3893 σμικρά
3071 3824 3219 3888 ὄντα,
3248 3824 3389 3878 ἀλλὰ
3412 3824 3542 3894 περὶ
3574 3816 3642 3876 ὧν

2072 3912 2270 3965 είδέναι
2307 3929 2366 3966 τε
2397 3912 2632 3977 κάλλιον,
2670 3914 2744 3985 μὴ
2770 3915 2968 3969 εἰδέναι
2996 3932 3056 3968 τε
3082 3914 3329 3986 αἰσχρόν.
3352 3913 3562 3969 Οὐκοῦν
3582 3914 3641 3966 σὺ

2076 4003 2173 4073 μὲν
2194 4003 2254 4057 οὐ
2282 4003 2523 4074 νομίζεις
2550 4003 2843 4058 ἀναϐιῶναι
2887 4005 2948 4058 τὸ
2990 4003 3169 4076 σῶμα,
3202 4003 3410 4076 νομίζω
3436 4004 3489 4057 δὲ
3519 4002 3637 4071 ἐγώ.

2073 4092 2221 4145 Πάνυ
2274 4092 2371 4163 μὲν
2402 4089 2515 4159 οὖν,
2562 4094 2717 4165 ἔφην,
2758 4096 2851 4148 καὶ
2878 4095 2942 4148 δι’
2971 4094 3008 4149 ἃ
3052 4084 3273 4166 εἴρηκα.
3325 4096 3437 4148 Καὶ
3473 4095 3537 4147 σὺ
3566 4093 3641 4159 δὲ,

2071 4177 2139 4254 ἦν
2163 4183 2259 4253 μὲν
2294 4182 2424 4252 ἐγὼ,
2454 4185 2653 4255 δεσμὸν
2696 4186 2847 4249 αὐτὸ,
2892 4187 2986 4240 καὶ
3025 4186 3292 4257 φυλακὴν,
3343 4185 3437 4238 καὶ¹
3474 4184 3637 4254 σῆμα,

2073 4275 2167 4328 καὶ
2191 4274 2375 4346 ἄχθος,
2434 4278 2527 4330 καὶ
2564 4279 2729 4342 πέδας
2775 4278 2913 4334 εἶναι
2954 4278 3122 4351 ἔφης·
3147 4277 3258 4349 ἐγὼ
3302 4279 3361 4333 δὲ
3394 4280 3455 4332 οὐ
3485 4278 3639 4349 φημί.
3738 4295 3743 4298 ’

2087 4365 2308 4439 Ἀληθῆ,
2333 4367 2458 4438 ἔφη,
2491 4370 2583 4459 pol.
2608 4369 2803 4438 λέγεις.
2838 4372 2947 4425 Καὶ
2987 4370 3092 4442 μὴν
3130 4370 3196 4424 δι’
3218 4370 3531 4434 ἀκολασίας,
3556 4370 3642 4422 καὶ

2004 4463 2049 4523 D
2077 4456 2303 4530 πλάνης,
2347 4460 2440 4512 καὶ
2484 4456 2679 4532 λύπης,
2715 4463 2809 4516 καὶ
2842 4460 3036 4532 θυμοῦ,
3074 4464 3168 4517 καὶ
3204 4463 3502 4535 συλλήϐδην
3541 4462 3642 4515 τῶν

2076 4547 2251 4602 ἀλλων
2273 4550 2547 4616 ἁπάντων,
2571 4547 2646 4605 ὧν
2671 4547 2807 4606 εἶναι
2832 4553 3118 4624 παραίτιον
3137 4552 3269 4606 αὐτὸ
3290 4554 3474 4608 κακῶν
3491 4553 3641 4623 ἔφης,

2078 4639 2368 4710 ἐμποδίζον
2404 4642 2534 4713 ἡμῖν
2559 4641 2658 4712 τὴν
2690 4642 2827 4714 πρὸς
2864 4642 2924 4695 τὸ
2958 4641 3174 4707 κάλλιον
3216 4643 3391 4714 ὁρμὴν
3427 4643 3525 4714 τῆς
3547 4642 3642 4712 ψυ-

2071 4737 2194 4810 χῆς,
2230 4739 2304 4812 μὴ
2348 4739 2452 4793 ὲῶν
2481 4741 2573 4794 τὸν
2615 4742 2783 4806 ὅντως
2823 4743 2992 4796 ὀντων
3033 4743 3115 4806 είς
3158 4742 3460 4812 κατάληψιν
3502 4743 3642 4812 ἡμᾶς

2071 4843 2166 4897 καὶ
2198 4842 2397 4911 γνῶσιν
2433 4842 2743 4915 παρελθεῖν.
2784 4842 2901 4897 Κᾶν
2930 4842 3040 4916 γὰρ
3083 4843 3517 4914 ἐπιχειρήσωμεν
3546 4838 3641 4908 θη·

2073 4944 2262 5017 ρεῦσαί
2290 4962 2342 4997 τι
2364 4945 2472 4998 τῶν
2496 4946 2683 5009 ὄντων,
2724 4945 2811 5000 ἀεὶ
2847 4945 3251 5019 παρεμπίπτων
3302 4944 3461 5013 ζόφος
3493 4942 3645 5011 ζοφοί

2071 5045 2160 5099 τὸν
2183 5045 2457 5116 λογισμὸν.
2517 5045 2587 5117 μὴ
2619 5045 2927 5117 ἐπιτρέπων
2976 5046 3128 5117 ἡμᾶς
3182 5045 3545 5114 ἑπισκοπῆσαι
3582 5042 3642 5094 τὸ

2070 5145 2266 5217 ἀληθὲς
2293 5146 2525 5219 τρανῶς.
2571 5149 2810 5218 ’Λπάτης
2838 5145 2948 5218 γὰρ
2968 5147 3009 5224 ,ἡ
3048 5145 3139 5200 διὰ
3173 5145 3284 5198 τῶν
3315 5144 3465 5198 ῶτων
3487 5142 3641 5213 ἡμῶν

2072 5247 2424 5320 πεπλήρωται
2463 5248 2673 5319 σκέψις,
2712 5248 2789 5313 ὡς
2827 5247 2992 5319 ἔφης·
3023 5247 3241 5317 ἀπάτης
3281 5245 3337 5298 δὲ
3382 5244 3475 5297 καὶ
3498 5245 3529 5312 η
3556 5241 3640 5294 διὰ

2071 5346 2170 5417 τῆς
2200 5346 2393 5417 ὄψεως,
2422 5349 2636 5421 ἀπάτης
2677 5349 2732 5404 δὲ
2775 5350 2870 5404 καὶ
2908 5350 2941 5419 ὴ
2978 5347 3066 5401 διὰ
3114 5346 3224 5402 τῶν
3261 5345 3436 5400 ἄλλων
3459 5339 3633 5410 αἰσθή-

2078 5462 2234 5501 σεων.
2275 5450 2470 5522 Ὁρᾷς,
2513 5451 2652 5523 ἔφη,
2700 5445 2745 5507 ὦ
2785 5450 3078 5517 Εὐϐούλιε,
3123 5450 3200 5515 ὡς
3257 5447 3367 5519 ἐγὼ
3431 5441 3636 5512 ἕτοιμῦς

478 5553 685 5642 ’ζοςῃ
719 5551 960 5642 Lall.“
999 5555 1018 5584 ²
1054 5551 1200 5609 Psal.
1233 5573 1354 5622 va,
1386 5559 1435 5612 7.
1479 5561 1498 5590 ³
1560 5559 1673 5615 Nisi
1724 5560 1815 5614 καὶ
1863 5561 1957 5633 τὴν

2072 5584 2162 5623 sua
2214 5571 2376 5642 legas,
2427 5587 2824 5642 supervacanea
2884 5571 2984 5627 ista
3038 5580 3190 5627 sunt.
3276 5578 3296 5605 ⁵
3335 5571 3395 5631 F.
3425 5571 3631 5630 τοσοῦτο

408 5627 594 5679 κακόν.
633 5626 655 5657 ⁸
719 5622 778 5678 F.
805 5621 1071 5693 ἀλλήλοις.
