  <div class='ocr_page' id='page_1' title='image "/cluster/home/n/w/nwhite01/storage/ocr_20150623/41/hvd.32044073501868/592.png"; bbox 0 0 3840 6062; ppageno 0'>
   <div class='ocr_carea' id='block_1_1' title="bbox 225 166 377 222">
    <p class='ocr_par' dir='ltr' id='par_1_1' title="bbox 225 166 377 222">
     <span class='ocr_line' id='line_1_1' title="bbox 225 166 377 222; baseline 0.033 -5"><span class='ocrx_word' id='word_1_1' title='bbox 225 166 377 222; x_wconf 71' lang='lat' dir='ltr'><strong>HM</strong></span> 
     </span>
    </p>
   </div>
   <div class='ocr_carea' id='block_1_2' title="bbox 899 170 2858 261">
    <p class='ocr_par' dir='ltr' id='par_1_2' title="bbox 899 170 2858 261">
     <span class='ocr_line' id='line_1_2' title="bbox 899 170 2858 261; baseline 0.004 -37"><span class='ocrx_word' id='word_1_2' title='bbox 899 170 1268 229; x_wconf 77' lang='lat' dir='ltr'><strong>ADVERSUS</strong></span> <span class='ocrx_word' id='word_1_3' title='bbox 1306 172 1647 231; x_wconf 73' lang='grc' dir='ltr'><strong>ΗΑΞΒΕΒΕΞ</strong></span> <span class='ocrx_word' id='word_1_4' title='bbox 1685 174 1813 230; x_wconf 81' lang='lat' dir='ltr'><strong>LIB.</strong></span> <span class='ocrx_word' id='word_1_5' title='bbox 1856 174 1917 229; x_wconf 90' lang='lat' dir='ltr'><strong>ll.</strong></span> <span class='ocrx_word' id='word_1_6' title='bbox 1960 175 2124 232; x_wconf 82' lang='grc' dir='ltr'>ΤΟΜ.</span> <span class='ocrx_word' id='word_1_7' title='bbox 2167 177 2205 230; x_wconf 83' lang='grc'>1.</span> <span class='ocrx_word' id='word_1_8' title='bbox 2247 174 2628 256; x_wconf 52' lang='lat' dir='ltr'><strong>-—:H1ERES.</strong></span> <span class='ocrx_word' id='word_1_9' title='bbox 2670 176 2858 261; x_wconf 64' lang='lat' dir='ltr'><strong>LXIV.</strong></span> 
     </span>
    </p>
   </div>
   <div class='ocr_carea' id='block_1_3' title="bbox 3373 184 3516 238">
    <p class='ocr_par' dir='ltr' id='par_1_3' title="bbox 3373 184 3516 238">
     <span class='ocr_line' id='line_1_3' title="bbox 3373 184 3516 238; baseline -0.007 -1"><span class='ocrx_word' id='word_1_10' title='bbox 3373 184 3516 238; x_wconf 58' lang='lat'><strong>“4‘2</strong></span> 
     </span>
    </p>
   </div>
   <div class='ocr_carea' id='block_1_4' title="bbox 228 281 1831 366">
    <p class='ocr_par' dir='ltr' id='par_1_4' title="bbox 228 281 1830 363">
     <span class='ocr_line' id='line_1_4' title="bbox 228 281 1830 363; baseline 0.007 -27"><span class='ocrx_word' id='word_1_11' title='bbox 228 281 361 354; x_wconf 84' lang='grc' dir='ltr'>εἰμί</span> <span class='ocrx_word' id='word_1_12' title='bbox 401 300 464 336; x_wconf 85' lang='grc' dir='ltr'><strong>σε</strong></span> <span class='ocrx_word' id='word_1_13' title='bbox 519 281 782 351; x_wconf 82' lang='grc' dir='ltr'>ὲπαινεϊν,</span> <span class='ocrx_word' id='word_1_14' title='bbox 809 286 1003 341; x_wconf 79' lang='grc' dir='ltr'><strong>ὁπόταν</strong></span> <span class='ocrx_word' id='word_1_15' title='bbox 1044 289 1219 360; x_wconf 82' lang='grc' dir='ltr'><strong>ὀρθῶς</strong></span> <span class='ocrx_word' id='word_1_16' title='bbox 1261 294 1531 363; x_wconf 81' lang='grc' dir='ltr'>διασαφῇς</span> <span class='ocrx_word' id='word_1_17' title='bbox 1573 294 1700 360; x_wconf 78' lang='grc' dir='ltr'>τοὺς</span> <span class='ocrx_word' id='word_1_18' title='bbox 1741 295 1830 347; x_wconf 84' lang='grc' dir='ltr'>λό-</span> 
     </span>
    </p>
   </div>
   <div class='ocr_carea' id='block_1_5' title="bbox 1935 281 3514 366">
    <p class='ocr_par' dir='ltr' id='par_1_5' title="bbox 1936 281 3514 366">
     <span class='ocr_line' id='line_1_5' title="bbox 1936 281 3514 366; baseline 0.004 -19"><span class='ocrx_word' id='word_1_19' title='bbox 1936 292 2072 347; x_wconf 86' lang='lat' dir='ltr'><strong>Nam</strong></span> <span class='ocrx_word' id='word_1_20' title='bbox 2105 301 2158 349; x_wconf 90' lang='lat' dir='ltr'><strong>et</strong></span> <span class='ocrx_word' id='word_1_21' title='bbox 2189 307 2251 348; x_wconf 91' lang='lat' dir='ltr'><strong>ea</strong></span> <span class='ocrx_word' id='word_1_22' title='bbox 2284 294 2585 364; x_wconf 77' lang='lat' dir='ltr'><strong>perceptio,</strong></span> <span class='ocrx_word' id='word_1_23' title='bbox 2620 309 2742 358; x_wconf 68' lang='lat' dir='ltr'><strong>qum</strong></span> <span class='ocrx_word' id='word_1_24' title='bbox 2781 295 2839 348; x_wconf 85' lang='lat' dir='ltr'><strong>fit</strong></span> <span class='ocrx_word' id='word_1_25' title='bbox 2883 281 3134 359; x_wconf 83' lang='lat' dir='ltr'><strong>auribus,</strong></span> <span class='ocrx_word' id='word_1_26' title='bbox 3197 297 3514 366; x_wconf 84' lang='lat' dir='ltr'><strong>plenissima</strong></span> 
     </span>
    </p>
   </div>
   <div class='ocr_carea' id='block_1_6' title="bbox 224 388 422 441">
    <p class='ocr_par' dir='ltr' id='par_1_6' title="bbox 224 388 422 441">
     <span class='ocr_line' id='line_1_6' title="bbox 224 388 422 441; baseline -0.005 -1"><span class='ocrx_word' id='word_1_27' title='bbox 224 388 377 441; x_wconf 72' lang='grc' dir='ltr'>τους</span> <span class='ocrx_word' id='word_1_28' title='bbox 406 393 422 441; x_wconf 88' lang='grc'>;</span> 
     </span>
    </p>
   </div>
   <div class='ocr_carea' id='block_1_7' title="bbox 1942 385 3516 456">
    <p class='ocr_par' dir='ltr' id='par_1_7' title="bbox 1942 385 3516 456">
     <span class='ocr_line' id='line_1_7' title="bbox 1942 385 3516 456; baseline 0.002 -16"><span class='ocrx_word' id='word_1_29' title='bbox 1942 385 2170 441; x_wconf 71' lang='lat' dir='ltr'><strong>fallacia:</strong></span> <span class='ocrx_word' id='word_1_30' title='bbox 2201 395 2314 452; x_wconf 89' lang='lat' dir='ltr'><strong>est;</strong></span> <span class='ocrx_word' id='word_1_31' title='bbox 2349 385 2514 456; x_wconf 75' lang='lat'><strong>568</strong></span> <span class='ocrx_word' id='word_1_32' title='bbox 2561 385 2726 440; x_wconf 78' lang='lat' dir='ltr'><strong>fallax</strong></span> <span class='ocrx_word' id='word_1_33' title='bbox 2775 387 2903 440; x_wconf 93' lang='lat' dir='ltr'><strong>item</strong></span> <span class='ocrx_word' id='word_1_34' title='bbox 2935 403 3058 456; x_wconf 66' lang='lat' dir='ltr'><strong>quae</strong></span> <span class='ocrx_word' id='word_1_35' title='bbox 3094 389 3270 442; x_wconf 83' lang='lat' dir='ltr'><strong>oculis</strong></span> <span class='ocrx_word' id='word_1_36' title='bbox 3303 405 3367 443; x_wconf 86' lang='lat' dir='ltr'><strong>ac</strong></span> <span class='ocrx_word' id='word_1_37' title='bbox 3396 393 3516 446; x_wconf 38' lang='lat' dir='ltr'><strong>reli‘</strong></span> 
     </span>
    </p>
   </div>
   <div class='ocr_carea' id='block_1_8' title="bbox 227 467 3514 554">
    <p class='ocr_par' dir='ltr' id='par_1_8' title="bbox 227 467 3514 554">
     <span class='ocr_line' id='line_1_8' title="bbox 227 467 3514 554; baseline 0.007 -36"><span class='ocrx_word' id='word_1_38' title='bbox 227 467 370 534; x_wconf 86' lang='lat' dir='ltr'><strong>quis</strong></span> <span class='ocrx_word' id='word_1_39' title='bbox 417 468 645 522; x_wconf 90' lang='lat' dir='ltr'><strong>omnino</strong></span> <span class='ocrx_word' id='word_1_40' title='bbox 687 471 942 526; x_wconf 87' lang='lat' dir='ltr'><strong>sensibus</strong></span> <span class='ocrx_word' id='word_1_41' title='bbox 978 473 1230 529; x_wconf 74' lang='lat' dir='ltr'><strong>efﬁcitur.</strong></span> <span class='ocrx_word' id='word_1_42' title='bbox 1262 476 1446 543; x_wconf 83' lang='lat' dir='ltr'><strong>Vides,</strong></span> <span class='ocrx_word' id='word_1_43' title='bbox 1503 479 1719 549; x_wconf 90' lang='lat' dir='ltr'><strong>inquit,</strong></span> <span class='ocrx_word' id='word_1_44' title='bbox 1752 479 1980 545; x_wconf 84' lang='lat' dir='ltr'><strong>Eubuli,</strong></span> <span class='ocrx_word' id='word_1_45' title='bbox 2032 495 2195 551; x_wconf 90' lang='lat' dir='ltr'><strong>quam</strong></span> <span class='ocrx_word' id='word_1_46' title='bbox 2241 497 2342 551; x_wconf 91' lang='lat' dir='ltr'><strong>ego</strong></span> <span class='ocrx_word' id='word_1_47' title='bbox 2390 481 2493 536; x_wconf 90' lang='lat' dir='ltr'><strong>sim</strong></span> <span class='ocrx_word' id='word_1_48' title='bbox 2539 481 2593 535; x_wconf 94' lang='lat' dir='ltr'><strong>in</strong></span> <span class='ocrx_word' id='word_1_49' title='bbox 2647 480 2727 534; x_wconf 92' lang='lat' dir='ltr'><strong>tui</strong></span> <span class='ocrx_word' id='word_1_50' title='bbox 2769 480 3138 536; x_wconf 86' lang='lat' dir='ltr'><strong>laudationem</strong></span> <span class='ocrx_word' id='word_1_51' title='bbox 3185 498 3514 554; x_wconf 81' lang='lat' dir='ltr'><strong>propensus,</strong></span> 
     </span>
    </p>
   </div>
   <div class='ocr_carea' id='block_1_9' title="bbox 225 559 1302 636">
    <p class='ocr_par' dir='ltr' id='par_1_9' title="bbox 225 559 1302 636">
     <span class='ocr_line' id='line_1_9' title="bbox 225 559 1302 636; baseline 0.012 -26"><span class='ocrx_word' id='word_1_52' title='bbox 225 570 371 611; x_wconf 89' lang='lat' dir='ltr'><strong>cum</strong></span> <span class='ocrx_word' id='word_1_53' title='bbox 409 569 594 628; x_wconf 89' lang='lat' dir='ltr'><strong>aperte</strong></span> <span class='ocrx_word' id='word_1_54' title='bbox 619 559 989 634; x_wconf 89' lang='lat' dir='ltr'><strong>distincteque</strong></span> <span class='ocrx_word' id='word_1_55' title='bbox 1014 565 1302 636; x_wconf 85' lang='lat' dir='ltr'><strong>loqueris?</strong></span> 
     </span>
    </p>
   </div>
   <div class='ocr_carea' id='block_1_10' title="bbox 307 645 1830 729">
    <p class='ocr_par' dir='ltr' id='par_1_10' title="bbox 307 645 1830 729">
     <span class='ocr_line' id='line_1_10' title="bbox 307 645 1830 729; baseline 0.012 -30"><span class='ocrx_word' id='word_1_56' title='bbox 307 649 452 702; x_wconf 81' lang='lat' dir='ltr'><strong>MA&#39;.</strong></span> <span class='ocrx_word' id='word_1_57' title='bbox 492 649 634 720; x_wconf 78' lang='grc' dir='ltr'>Ἀρά</span> <span class='ocrx_word' id='word_1_58' title='bbox 663 645 775 714; x_wconf 79' lang='grc' dir='ltr'>οὖν,</span> <span class='ocrx_word' id='word_1_59' title='bbox 809 652 895 706; x_wconf 84' lang='grc' dir='ltr'><strong>ἵνα</strong></span> <span class='ocrx_word' id='word_1_60' title='bbox 931 655 995 724; x_wconf 88' lang='grc' dir='ltr'>δή</span> <span class='ocrx_word' id='word_1_61' title='bbox 1033 673 1100 727; x_wconf 90' lang='grc' dir='ltr'><strong>με</strong></span> <span class='ocrx_word' id='word_1_62' title='bbox 1136 659 1230 711; x_wconf 69' lang='grc' dir='ltr'>καὶ</span> <span class='ocrx_word' id='word_1_63' title='bbox 1261 660 1460 729; x_wconf 81' lang='grc' dir='ltr'>μᾶλλον</span> <span class='ocrx_word' id='word_1_64' title='bbox 1502 663 1830 729; x_wconf 79' lang='grc' dir='ltr'><strong>ἐπαινέσεις,</strong></span> 
     </span>
    </p>
   </div>
   <div class='ocr_carea' id='block_1_11' title="bbox 228 739 1834 818">
    <p class='ocr_par' dir='ltr' id='par_1_11' title="bbox 228 739 1834 818">
     <span class='ocr_line' id='line_1_11' title="bbox 228 739 1834 818; baseline 0.012 -28"><span class='ocrx_word' id='word_1_65' title='bbox 228 739 284 790; x_wconf 82' lang='grc' dir='ltr'><strong>εί</strong></span> <span class='ocrx_word' id='word_1_66' title='bbox 323 739 532 810; x_wconf 79' lang='grc' dir='ltr'>δεσμὸς</span> <span class='ocrx_word' id='word_1_67' title='bbox 568 742 629 794; x_wconf 86' lang='grc' dir='ltr'><strong>τὸ</strong></span> <span class='ocrx_word' id='word_1_68' title='bbox 666 743 826 814; x_wconf 90' lang='grc' dir='ltr'>σῶμα</span> <span class='ocrx_word' id='word_1_69' title='bbox 862 744 984 799; x_wconf 87' lang='grc' dir='ltr'>καθ’</span> <span class='ocrx_word' id='word_1_70' title='bbox 1015 747 1161 818; x_wconf 82' lang='grc' dir='ltr'>ὑμᾶς</span> <span class='ocrx_word' id='word_1_71' title='bbox 1189 749 1354 815; x_wconf 87' lang='grc' dir='ltr'>δοκεῖ,</span> <span class='ocrx_word' id='word_1_72' title='bbox 1397 752 1457 804; x_wconf 85' lang='grc' dir='ltr'>οὐ</span> <span class='ocrx_word' id='word_1_73' title='bbox 1497 753 1717 808; x_wconf 88' lang='grc' dir='ltr'>δύναται</span> <span class='ocrx_word' id='word_1_74' title='bbox 1741 772 1834 808; x_wconf 84' lang='grc' dir='ltr'>κα-</span> 
     </span>
    </p>
   </div>
   <div class='ocr_carea' id='block_1_12' title="bbox 230 829 1836 914">
    <p class='ocr_par' dir='ltr' id='par_1_12' title="bbox 230 829 1836 914">
     <span class='ocr_line' id='line_1_12' title="bbox 230 829 1836 914; baseline 0.01 -31"><span class='ocrx_word' id='word_1_75' title='bbox 230 829 372 894; x_wconf 81' lang='grc' dir='ltr'>κίας</span> <span class='ocrx_word' id='word_1_76' title='bbox 407 831 652 886; x_wconf 79' lang='grc' dir='ltr'><strong>ὑπαίτιον</strong></span> <span class='ocrx_word' id='word_1_77' title='bbox 683 830 823 888; x_wconf 77' lang='grc' dir='ltr'>εἶναι</span> <span class='ocrx_word' id='word_1_78' title='bbox 854 836 1168 907; x_wconf 74' lang='grc' dir='ltr'>νομίζεσθαι</span> <span class='ocrx_word' id='word_1_79' title='bbox 1194 844 1260 912; x_wconf 81' lang='grc' dir='ltr'>τῇ</span> <span class='ocrx_word' id='word_1_80' title='bbox 1290 841 1456 914; x_wconf 75' lang='grc' dir='ltr'>ψυχῇ,</span> <span class='ocrx_word' id='word_1_81' title='bbox 1493 845 1588 897; x_wconf 69' lang='grc' dir='ltr'><strong>καὶ</strong></span> <span class='ocrx_word' id='word_1_82' title='bbox 1624 844 1836 909; x_wconf 83' lang='grc' dir='ltr'><strong>ἀδικίας</strong></span> 
     </span>
    </p>
   </div>
   <div class='ocr_carea' id='block_1_13' title="bbox 230 919 1832 1002">
    <p class='ocr_par' dir='ltr' id='par_1_13' title="bbox 230 919 1832 1002">
     <span class='ocr_line' id='line_1_13' title="bbox 230 919 1832 1002; baseline 0.012 -32"><span class='ocrx_word' id='word_1_83' title='bbox 230 919 344 983; x_wconf 77' lang='grc' dir='ltr'>ἔτι,</span> <span class='ocrx_word' id='word_1_84' title='bbox 389 921 527 974; x_wconf 88' lang='grc' dir='ltr'><strong>ἀλλά</strong></span> <span class='ocrx_word' id='word_1_85' title='bbox 587 924 942 997; x_wconf 73' lang='grc' dir='ltr'>σωφροσύνης</span> <span class='ocrx_word' id='word_1_86' title='bbox 999 929 1370 1002; x_wconf 81' lang='grc' dir='ltr'><strong>ἀντιστρόφως</strong></span> <span class='ocrx_word' id='word_1_87' title='bbox 1417 934 1510 988; x_wconf 81' lang='grc' dir='ltr'>καὶ</span> <span class='ocrx_word' id='word_1_88' title='bbox 1565 936 1832 1000; x_wconf 78' lang='grc' dir='ltr'>παιδείας.</span> 
     </span>
    </p>
   </div>
   <div class='ocr_carea' id='block_1_14' title="bbox 229 1004 1832 1097">
    <p class='ocr_par' dir='ltr' id='par_1_14' title="bbox 229 1004 1832 1097">
     <span class='ocr_line' id='line_1_14' title="bbox 229 1004 1832 1097; baseline 0.011 -34"><span class='ocrx_word' id='word_1_89' title='bbox 229 1005 373 1064; x_wconf 82' lang='grc' dir='ltr'>Ὧδε</span> <span class='ocrx_word' id='word_1_90' title='bbox 397 1013 453 1066; x_wconf 86' lang='grc' dir='ltr'><strong>δὲ</strong></span> <span class='ocrx_word' id='word_1_91' title='bbox 487 1013 699 1068; x_wconf 87' lang='grc' dir='ltr'>σκόπει.</span> <span class='ocrx_word' id='word_1_92' title='bbox 725 1004 881 1070; x_wconf 72' lang='grc' dir='ltr'>Ούτω</span> <span class='ocrx_word' id='word_1_93' title='bbox 904 1017 1011 1092; x_wconf 84' lang='grc' dir='ltr'>γὰρ</span> <span class='ocrx_word' id='word_1_94' title='bbox 1053 1019 1118 1073; x_wconf 83' lang='grc' dir='ltr'><strong>ἂν</strong></span> <span class='ocrx_word' id='word_1_95' title='bbox 1159 1022 1359 1093; x_wconf 81' lang='grc' dir='ltr'>μᾶλλον</span> <span class='ocrx_word' id='word_1_96' title='bbox 1396 1025 1832 1097; x_wconf 86' lang='grc' dir='ltr'>ἀκολουθήσειας.</span> 
     </span>
    </p>
   </div>
   <div class='ocr_carea' id='block_1_15' title="bbox 233 1102 1834 1189">
    <p class='ocr_par' dir='ltr' id='par_1_15' title="bbox 233 1102 1834 1189">
     <span class='ocr_line' id='line_1_15' title="bbox 233 1102 1834 1189; baseline 0.012 -36"><span class='ocrx_word' id='word_1_97' title='bbox 233 1102 345 1155; x_wconf 85' lang='grc' dir='ltr'><strong>Ποῖ</strong></span> <span class='ocrx_word' id='word_1_98' title='bbox 387 1103 593 1175; x_wconf 72' lang='grc' dir='ltr'>ἄγομεν</span> <span class='ocrx_word' id='word_1_99' title='bbox 639 1107 766 1170; x_wconf 83' lang='grc' dir='ltr'>τοὺς</span> <span class='ocrx_word' id='word_1_100' title='bbox 807 1108 878 1162; x_wconf 85' lang='grc' dir='ltr'>τὰ</span> <span class='ocrx_word' id='word_1_101' title='bbox 917 1109 1146 1180; x_wconf 87' lang='grc' dir='ltr'>σώματα</span> <span class='ocrx_word' id='word_1_102' title='bbox 1196 1113 1532 1184; x_wconf 75' lang='grc' dir='ltr'>κάμνονταςς</span> <span class='ocrx_word' id='word_1_103' title='bbox 1573 1118 1648 1170; x_wconf 78' lang='grc' dir='ltr'><strong>Οὐ</strong></span> <span class='ocrx_word' id='word_1_104' title='bbox 1684 1117 1834 1189; x_wconf 74' lang='grc' dir='ltr'>παρὰ</span> 
     </span>
    </p>
   </div>
   <div class='ocr_carea' id='block_1_16' title="bbox 229 1195 1830 1278">
    <p class='ocr_par' dir='ltr' id='par_1_16' title="bbox 229 1195 1830 1278">
     <span class='ocr_line' id='line_1_16' title="bbox 229 1195 1830 1278; baseline 0.011 -34"><span class='ocrx_word' id='word_1_105' title='bbox 229 1195 372 1257; x_wconf 74' lang='grc' dir='ltr'>τοὺς</span> <span class='ocrx_word' id='word_1_106' title='bbox 401 1195 652 1265; x_wconf 74' lang='grc' dir='ltr'>ίατρούςς</span> <span class='ocrx_word' id='word_1_107' title='bbox 679 1197 866 1268; x_wconf 83' lang='grc' dir='ltr'>Δῆλον,</span> <span class='ocrx_word' id='word_1_108' title='bbox 894 1200 1018 1271; x_wconf 81' lang='grc' dir='ltr'>ἔφη.</span> <span class='ocrx_word' id='word_1_109' title='bbox 1048 1204 1146 1255; x_wconf 86' lang='grc' dir='ltr'><strong>Ποῖ</strong></span> <span class='ocrx_word' id='word_1_110' title='bbox 1167 1203 1223 1256; x_wconf 84' lang='grc' dir='ltr'><strong>δὲ</strong></span> <span class='ocrx_word' id='word_1_111' title='bbox 1242 1205 1368 1268; x_wconf 84' lang='grc' dir='ltr'>τοὺς</span> <span class='ocrx_word' id='word_1_112' title='bbox 1393 1206 1830 1278; x_wconf 87' lang='grc' dir='ltr'>ἁμαρτάνοντας;</span> 
     </span>
    </p>
   </div>
   <div class='ocr_carea' id='block_1_17' title="bbox 229 1285 1832 1369">
    <p class='ocr_par' dir='ltr' id='par_1_17' title="bbox 229 1285 1832 1369">
     <span class='ocr_line' id='line_1_17' title="bbox 229 1285 1832 1369; baseline 0.009 -29"><span class='ocrx_word' id='word_1_113' title='bbox 229 1285 315 1340; x_wconf 76' lang='grc' dir='ltr'><strong>Οὐ</strong></span> <span class='ocrx_word' id='word_1_114' title='bbox 352 1287 510 1358; x_wconf 85' lang='grc' dir='ltr'><strong>παρά</strong></span> <span class='ocrx_word' id='word_1_115' title='bbox 544 1288 670 1352; x_wconf 80' lang='grc' dir='ltr'>τοὺς</span> <span class='ocrx_word' id='word_1_116' title='bbox 693 1289 990 1356; x_wconf 80' lang='grc' dir='ltr'>δικαστάςς</span> <span class='ocrx_word' id='word_1_117' title='bbox 1032 1294 1294 1367; x_wconf 82' lang='grc' dir='ltr'><strong>Ἀνάγκη.</strong></span> <span class='ocrx_word' id='word_1_118' title='bbox 1322 1298 1532 1352; x_wconf 84' lang='grc' dir='ltr'>Οὐκοῦν</span> <span class='ocrx_word' id='word_1_119' title='bbox 1570 1299 1724 1369; x_wconf 87' lang='grc' dir='ltr'>δίκην</span> <span class='ocrx_word' id='word_1_120' title='bbox 1757 1295 1832 1354; x_wconf 83' lang='grc' dir='ltr'>ὧν</span> 
     </span>
    </p>
   </div>
   <div class='ocr_carea' id='block_1_18' title="bbox 230 1375 1833 1454">
    <p class='ocr_par' dir='ltr' id='par_1_18' title="bbox 230 1375 1833 1454">
     <span class='ocr_line' id='line_1_18' title="bbox 230 1375 1833 1454; baseline 0.01 -24"><span class='ocrx_word' id='word_1_121' title='bbox 230 1378 482 1448; x_wconf 77' lang='grc' dir='ltr'>ἔδρασαν</span> <span class='ocrx_word' id='word_1_122' title='bbox 510 1378 800 1446; x_wconf 85' lang='grc' dir='ltr'><strong>δώσοντας,</strong></span> <span class='ocrx_word' id='word_1_123' title='bbox 849 1383 1006 1454; x_wconf 76' lang='grc' dir='ltr'>ἔφην,</span> <span class='ocrx_word' id='word_1_124' title='bbox 1044 1385 1297 1452; x_wconf 83' lang='grc' dir='ltr'>δικαίως;</span> <span class='ocrx_word' id='word_1_125' title='bbox 1349 1388 1476 1444; x_wconf 87' lang='grc' dir='ltr'>Ναί.</span> <span class='ocrx_word' id='word_1_126' title='bbox 1532 1375 1605 1444; x_wconf 69' lang='grc' dir='ltr'><strong>Τὸ</strong></span> <span class='ocrx_word' id='word_1_127' title='bbox 1653 1391 1710 1445; x_wconf 83' lang='grc' dir='ltr'>δὲ</span> <span class='ocrx_word' id='word_1_128' title='bbox 1755 1391 1833 1446; x_wconf 88' lang='grc' dir='ltr'>δί-</span> 
     </span>
    </p>
   </div>
   <div class='ocr_carea' id='block_1_19' title="bbox 231 1472 1832 1551">
    <p class='ocr_par' dir='ltr' id='par_1_19' title="bbox 231 1472 1832 1551">
     <span class='ocr_line' id='line_1_19' title="bbox 231 1472 1832 1551; baseline 0.009 -29"><span class='ocrx_word' id='word_1_129' title='bbox 231 1485 401 1522; x_wconf 90' lang='grc' dir='ltr'>καιον</span> <span class='ocrx_word' id='word_1_130' title='bbox 436 1472 543 1523; x_wconf 77' lang='grc' dir='ltr'>πᾶν</span> <span class='ocrx_word' id='word_1_131' title='bbox 584 1472 784 1534; x_wconf 85' lang='grc' dir='ltr'>καλόν;</span> <span class='ocrx_word' id='word_1_132' title='bbox 824 1473 1124 1544; x_wconf 86' lang='grc' dir='ltr'>Ὁμολογεῖ.</span> <span class='ocrx_word' id='word_1_133' title='bbox 1165 1477 1225 1530; x_wconf 86' lang='lat'><strong>&#39;0</strong></span> <span class='ocrx_word' id='word_1_134' title='bbox 1269 1479 1326 1531; x_wconf 84' lang='grc' dir='ltr'>δὲ</span> <span class='ocrx_word' id='word_1_135' title='bbox 1372 1479 1594 1544; x_wconf 80' lang='grc' dir='ltr'>δικαίως</span> <span class='ocrx_word' id='word_1_136' title='bbox 1634 1482 1832 1551; x_wconf 88' lang='grc' dir='ltr'>κρίνων</span> 
     </span>
    </p>
   </div>
   <div class='ocr_carea' id='block_1_20' title="bbox 2012 660 3517 735">
    <p class='ocr_par' dir='ltr' id='par_1_20' title="bbox 2012 660 3517 735">
     <span class='ocr_line' id='line_1_20' title="bbox 2012 660 3517 735; baseline 0.005 -21"><span class='ocrx_word' id='word_1_137' title='bbox 2012 660 2194 715; x_wconf 82' lang='lat' dir='ltr'><strong>XLIV.</strong></span> <span class='ocrx_word' id='word_1_138' title='bbox 2240 660 2311 716; x_wconf 92' lang='lat' dir='ltr'><strong>Ut</strong></span> <span class='ocrx_word' id='word_1_139' title='bbox 2356 661 2540 733; x_wconf 78' lang='lat' dir='ltr'><strong>igitur,</strong></span> <span class='ocrx_word' id='word_1_140' title='bbox 2578 663 2822 733; x_wconf 90' lang='lat' dir='ltr'><strong>inquam,</strong></span> <span class='ocrx_word' id='word_1_141' title='bbox 2863 680 2950 720; x_wconf 90' lang='lat' dir='ltr'><strong>me</strong></span> <span class='ocrx_word' id='word_1_142' title='bbox 2990 666 3289 735; x_wconf 86' lang='lat' dir='ltr'><strong>impensius</strong></span> <span class='ocrx_word' id='word_1_143' title='bbox 3315 669 3517 722; x_wconf 73' lang='lat' dir='ltr'><strong>collau~</strong></span> 
     </span>
    </p>
   </div>
   <div class='ocr_carea' id='block_1_21' title="bbox 1939 751 3513 823">
    <p class='ocr_par' dir='ltr' id='par_1_21' title="bbox 1939 751 3513 823">
     <span class='ocr_line' id='line_1_21' title="bbox 1939 751 3513 823; baseline 0.003 -17"><span class='ocrx_word' id='word_1_144' title='bbox 1939 751 2036 807; x_wconf 88' lang='lat' dir='ltr'><strong>des</strong></span> <span class='ocrx_word' id='word_1_145' title='bbox 2072 770 2085 806; x_wconf 90' lang='lat'><strong>:</strong></span> <span class='ocrx_word' id='word_1_146' title='bbox 2116 752 2163 807; x_wconf 88' lang='lat' dir='ltr'><strong>si</strong></span> <span class='ocrx_word' id='word_1_147' title='bbox 2205 767 2404 822; x_wconf 91' lang='lat' dir='ltr'><strong>corpus</strong></span> <span class='ocrx_word' id='word_1_148' title='bbox 2433 752 2706 822; x_wconf 87' lang='lat' dir='ltr'><strong>quoddam</strong></span> <span class='ocrx_word' id='word_1_149' title='bbox 2731 754 2990 823; x_wconf 83' lang='lat' dir='ltr'><strong>Opinione</strong></span> <span class='ocrx_word' id='word_1_150' title='bbox 3023 764 3205 811; x_wconf 89' lang='lat' dir='ltr'><strong>vestra</strong></span> <span class='ocrx_word' id='word_1_151' title='bbox 3237 757 3513 812; x_wconf 76' lang='lat' dir='ltr'><strong>vinculum</strong></span> 
     </span>
    </p>
   </div>
   <div class='ocr_carea' id='block_1_22' title="bbox 1933 845 3516 919">
    <p class='ocr_par' dir='ltr' id='par_1_22' title="bbox 1933 845 3516 919">
     <span class='ocr_line' id='line_1_22' title="bbox 1933 845 3516 919; baseline 0.003 -19"><span class='ocrx_word' id='word_1_152' title='bbox 1933 853 2048 908; x_wconf 87' lang='lat' dir='ltr'><strong>est,</strong></span> <span class='ocrx_word' id='word_1_153' title='bbox 2096 859 2206 900; x_wconf 89' lang='lat' dir='ltr'><strong>non</strong></span> <span class='ocrx_word' id='word_1_154' title='bbox 2243 853 2424 914; x_wconf 90' lang='lat' dir='ltr'><strong>potest</strong></span> <span class='ocrx_word' id='word_1_155' title='bbox 2470 845 2663 900; x_wconf 60' lang='lat' dir='ltr'><strong>animae</strong></span> <span class='ocrx_word' id='word_1_156' title='bbox 2717 846 3084 916; x_wconf 84' lang='lat' dir='ltr'><strong>improbitatis</strong></span> <span class='ocrx_word' id='word_1_157' title='bbox 3123 856 3179 903; x_wconf 91' lang='lat' dir='ltr'><strong>et</strong></span> <span class='ocrx_word' id='word_1_158' title='bbox 3231 850 3516 919; x_wconf 74' lang='lat' dir='ltr'><strong>iniustitia:</strong></span> 
     </span>
    </p>
   </div>
   <div class='ocr_carea' id='block_1_23' title="bbox 1939 936 3516 1006">
    <p class='ocr_par' dir='ltr' id='par_1_23' title="bbox 1939 936 3516 1006">
     <span class='ocr_line' id='line_1_23' title="bbox 1939 936 3516 1006; baseline 0.003 -17"><span class='ocrx_word' id='word_1_159' title='bbox 1939 936 2124 1006; x_wconf 89' lang='lat' dir='ltr'><strong>aliquo</strong></span> <span class='ocrx_word' id='word_1_160' title='bbox 2153 936 2315 990; x_wconf 92' lang='lat' dir='ltr'><strong>modo</strong></span> <span class='ocrx_word' id='word_1_161' title='bbox 2368 951 2488 992; x_wconf 85' lang='lat' dir='ltr'><strong>esse</strong></span> <span class='ocrx_word' id='word_1_162' title='bbox 2536 951 2700 991; x_wconf 90' lang='lat' dir='ltr'><strong>causa</strong></span> <span class='ocrx_word' id='word_1_163' title='bbox 2747 937 2956 1003; x_wconf 84' lang='lat' dir='ltr'><strong>videri,</strong></span> <span class='ocrx_word' id='word_1_164' title='bbox 3009 940 3104 994; x_wconf 81' lang='lat' dir='ltr'><strong>sed</strong></span> <span class='ocrx_word' id='word_1_165' title='bbox 3155 957 3185 996; x_wconf 92' lang='lat' dir='ltr'><strong>e</strong></span> <span class='ocrx_word' id='word_1_166' title='bbox 3235 942 3516 996; x_wconf 84' lang='lat' dir='ltr'><strong>contrario</strong></span> 
     </span>
    </p>
   </div>
   <div class='ocr_carea' id='block_1_24' title="bbox 1931 1027 3513 1099">
    <p class='ocr_par' dir='ltr' id='par_1_24' title="bbox 1931 1027 3513 1099">
     <span class='ocr_line' id='line_1_24' title="bbox 1931 1027 3513 1099; baseline 0.004 -20"><span class='ocrx_word' id='word_1_167' title='bbox 1931 1027 2308 1096; x_wconf 73' lang='lat' dir='ltr'><strong>temperantia:</strong></span> <span class='ocrx_word' id='word_1_168' title='bbox 2378 1035 2542 1097; x_wconf 90' lang='lat' dir='ltr'><strong>atque</strong></span> <span class='ocrx_word' id='word_1_169' title='bbox 2593 1029 2919 1099; x_wconf 63' lang='lat' dir='ltr'><strong>disciplina).</strong></span> <span class='ocrx_word' id='word_1_170' title='bbox 2979 1032 3070 1086; x_wconf 89' lang='lat' dir='ltr'><strong>Sic</strong></span> <span class='ocrx_word' id='word_1_171' title='bbox 3122 1040 3303 1088; x_wconf 88' lang='lat' dir='ltr'><strong>autem</strong></span> <span class='ocrx_word' id='word_1_172' title='bbox 3369 1033 3513 1087; x_wconf 81' lang='lat' dir='ltr'><strong>istud</strong></span> 
     </span>
    </p>
   </div>
   <div class='ocr_carea' id='block_1_25' title="bbox 1935 1119 3512 1194">
    <p class='ocr_par' dir='ltr' id='par_1_25' title="bbox 1935 1119 3512 1194">
     <span class='ocr_line' id='line_1_25' title="bbox 1935 1119 3512 1194; baseline 0.003 -22"><span class='ocrx_word' id='word_1_173' title='bbox 1935 1119 2112 1190; x_wconf 88' lang='lat' dir='ltr'><strong>ipsum</strong></span> <span class='ocrx_word' id='word_1_174' title='bbox 2137 1119 2450 1185; x_wconf 87' lang='lat' dir='ltr'><strong>considera,</strong></span> <span class='ocrx_word' id='word_1_175' title='bbox 2487 1136 2598 1190; x_wconf 92' lang='lat' dir='ltr'><strong>quo</strong></span> <span class='ocrx_word' id='word_1_176' title='bbox 2629 1123 2802 1192; x_wconf 88' lang='lat' dir='ltr'><strong>magis</strong></span> <span class='ocrx_word' id='word_1_177' title='bbox 2831 1123 2965 1193; x_wconf 91' lang='lat' dir='ltr'><strong>quid</strong></span> <span class='ocrx_word' id='word_1_178' title='bbox 3004 1125 3165 1178; x_wconf 88' lang='lat' dir='ltr'><strong>velim</strong></span> <span class='ocrx_word' id='word_1_179' title='bbox 3192 1139 3512 1194; x_wconf 88' lang='lat' dir='ltr'><strong>asscquare.</strong></span> 
     </span>
    </p>
   </div>
   <div class='ocr_carea' id='block_1_26' title="bbox 1931 1211 3515 1286">
    <p class='ocr_par' dir='ltr' id='par_1_26' title="bbox 1931 1211 3515 1286">
     <span class='ocr_line' id='line_1_26' title="bbox 1931 1211 3515 1286; baseline 0.003 -21"><span class='ocrx_word' id='word_1_180' title='bbox 1931 1211 2035 1277; x_wconf 83' lang='lat' dir='ltr'><strong>Qui</strong></span> <span class='ocrx_word' id='word_1_181' title='bbox 2087 1211 2252 1283; x_wconf 79' lang='lat' dir='ltr'><strong>igitur</strong></span> <span class='ocrx_word' id='word_1_182' title='bbox 2285 1213 2534 1282; x_wconf 89' lang='lat' dir='ltr'><strong>corporis</strong></span> <span class='ocrx_word' id='word_1_183' title='bbox 2571 1215 2892 1284; x_wconf 69' lang='lat' dir='ltr'><strong>azgritudiue</strong></span> <span class='ocrx_word' id='word_1_184' title='bbox 2934 1216 3215 1282; x_wconf 83' lang='lat' dir='ltr'><strong>laborant,</strong></span> <span class='ocrx_word' id='word_1_185' title='bbox 3259 1231 3367 1286; x_wconf 88' lang='lat' dir='ltr'><strong>quo</strong></span> <span class='ocrx_word' id='word_1_186' title='bbox 3394 1225 3515 1270; x_wconf 54' lang='lat' dir='ltr'><strong>tan»-</strong></span> 
     </span>
    </p>
   </div>
   <div class='ocr_carea' id='block_1_27' title="bbox 1931 1305 3509 1384">
    <p class='ocr_par' dir='ltr' id='par_1_27' title="bbox 1931 1305 3509 1384">
     <span class='ocr_line' id='line_1_27' title="bbox 1931 1305 3509 1384; baseline 0.004 -23"><span class='ocrx_word' id='word_1_187' title='bbox 1931 1307 2055 1362; x_wconf 89' lang='lat' dir='ltr'><strong>dem</strong></span> <span class='ocrx_word' id='word_1_188' title='bbox 2105 1305 2470 1362; x_wconf 79' lang='lat' dir='ltr'><strong>deducimus?</strong></span> <span class='ocrx_word' id='word_1_189' title='bbox 2524 1307 2717 1365; x_wconf 87' lang='lat' dir='ltr'><strong>Nonne</strong></span> <span class='ocrx_word' id='word_1_190' title='bbox 2774 1310 2843 1365; x_wconf 92' lang='lat' dir='ltr'><strong>ad</strong></span> <span class='ocrx_word' id='word_1_191' title='bbox 2903 1312 3188 1368; x_wconf 85' lang='lat' dir='ltr'><strong>medicos?</strong></span> <span class='ocrx_word' id='word_1_192' title='bbox 3250 1317 3509 1384; x_wconf 83' lang='lat' dir='ltr'><strong>Apparet.</strong></span> 
     </span>
    </p>
   </div>
   <div class='ocr_carea' id='block_1_28' title="bbox 1931 1397 3511 1473">
    <p class='ocr_par' dir='ltr' id='par_1_28' title="bbox 1931 1397 3511 1473">
     <span class='ocr_line' id='line_1_28' title="bbox 1931 1397 3511 1473; baseline 0.004 -21"><span class='ocrx_word' id='word_1_193' title='bbox 1931 1397 2126 1468; x_wconf 89' lang='lat' dir='ltr'><strong>inquit.</strong></span> <span class='ocrx_word' id='word_1_194' title='bbox 2163 1397 2412 1464; x_wconf 91' lang='lat' dir='ltr'><strong>Quonam</strong></span> <span class='ocrx_word' id='word_1_195' title='bbox 2436 1415 2566 1455; x_wconf 87' lang='lat' dir='ltr'><strong>vero</strong></span> <span class='ocrx_word' id='word_1_196' title='bbox 2597 1417 2713 1466; x_wconf 89' lang='lat' dir='ltr'><strong>eos,</strong></span> <span class='ocrx_word' id='word_1_197' title='bbox 2760 1404 2851 1472; x_wconf 84' lang='lat' dir='ltr'><strong>qui</strong></span> <span class='ocrx_word' id='word_1_198' title='bbox 2895 1405 3284 1473; x_wconf 82' lang='lat' dir='ltr'><strong>peccaverint?</strong></span> <span class='ocrx_word' id='word_1_199' title='bbox 3320 1405 3511 1459; x_wconf 81' lang='lat' dir='ltr'><strong>Nonne</strong></span> 
     </span>
    </p>
   </div>
   <div class='ocr_carea' id='block_1_29' title="bbox 1931 1489 3512 1566">
    <p class='ocr_par' dir='ltr' id='par_1_29' title="bbox 1931 1489 3512 1566">
     <span class='ocr_line' id='line_1_29' title="bbox 1931 1489 3512 1566; baseline 0.004 -22"><span class='ocrx_word' id='word_1_200' title='bbox 1931 1489 1999 1544; x_wconf 89' lang='lat' dir='ltr'><strong>ad</strong></span> <span class='ocrx_word' id='word_1_201' title='bbox 2029 1489 2286 1559; x_wconf 77' lang='lat' dir='ltr'><strong>iudices?</strong></span> <span class='ocrx_word' id='word_1_202' title='bbox 2318 1489 2556 1548; x_wconf 86' lang='lat' dir='ltr'><strong>Necesse</strong></span> <span class='ocrx_word' id='word_1_203' title='bbox 2587 1500 2695 1558; x_wconf 86' lang='lat' dir='ltr'><strong>est,</strong></span> <span class='ocrx_word' id='word_1_204' title='bbox 2725 1493 2818 1548; x_wconf 91' lang='lat' dir='ltr'><strong>ait.</strong></span> <span class='ocrx_word' id='word_1_205' title='bbox 2840 1493 3136 1559; x_wconf 84' lang='lat' dir='ltr'><strong>Nimirum,</strong></span> <span class='ocrx_word' id='word_1_206' title='bbox 3174 1496 3419 1566; x_wconf 83' lang='lat' dir='ltr'><strong>inquam,</strong></span> <span class='ocrx_word' id='word_1_207' title='bbox 3453 1505 3512 1551; x_wconf 88' lang='lat' dir='ltr'><strong>ut</strong></span> 
     </span>
    </p>
   </div>
   <div class='ocr_carea' id='block_1_30' title="bbox 228 1561 1831 1653">
    <p class='ocr_par' dir='ltr' id='par_1_30' title="bbox 228 1561 1831 1643">
     <span class='ocr_line' id='line_1_30' title="bbox 228 1561 1831 1643; baseline 0.008 -29"><span class='ocrx_word' id='word_1_208' title='bbox 228 1561 430 1626; x_wconf 84' lang='grc' dir='ltr'>καλῶς</span> <span class='ocrx_word' id='word_1_209' title='bbox 470 1566 615 1616; x_wconf 85' lang='grc' dir='ltr'>ποιεῖ</span> <span class='ocrx_word' id='word_1_210' title='bbox 644 1581 656 1594; x_wconf 77' lang='grc' dir='ltr'><strong><em>ο</em></strong></span> <span class='ocrx_word' id='word_1_211' title='bbox 704 1565 931 1631; x_wconf 80' lang='grc' dir='ltr'>δικαίως</span> <span class='ocrx_word' id='word_1_212' title='bbox 975 1567 1083 1639; x_wconf 79' lang='grc' dir='ltr'><strong>γὰρ</strong></span> <span class='ocrx_word' id='word_1_213' title='bbox 1129 1569 1334 1639; x_wconf 86' lang='grc' dir='ltr'>κρίνει;</span> <span class='ocrx_word' id='word_1_214' title='bbox 1387 1573 1620 1643; x_wconf 85' lang='grc' dir='ltr'>Συνέφη.</span> <span class='ocrx_word' id='word_1_215' title='bbox 1650 1571 1722 1626; x_wconf 86' lang='grc' dir='ltr'>Τὸ</span> <span class='ocrx_word' id='word_1_216' title='bbox 1774 1573 1831 1627; x_wconf 84' lang='grc' dir='ltr'>δὲ</span> 
     </span>
    </p>
   </div>
   <div class='ocr_carea' id='block_1_31' title="bbox 1935 1561 3510 1653">
    <p class='ocr_par' dir='ltr' id='par_1_31' title="bbox 1936 1581 3510 1653">
     <span class='ocr_line' id='line_1_31' title="bbox 1936 1581 3510 1653; baseline 0.004 -20"><span class='ocrx_word' id='word_1_217' title='bbox 1936 1595 2036 1650; x_wconf 91' lang='lat' dir='ltr'><strong>pro</strong></span> <span class='ocrx_word' id='word_1_218' title='bbox 2067 1581 2134 1636; x_wconf 91' lang='lat' dir='ltr'><strong>iis</strong></span> <span class='ocrx_word' id='word_1_219' title='bbox 2171 1596 2293 1650; x_wconf 81' lang='lat' dir='ltr'><strong>quae</strong></span> <span class='ocrx_word' id='word_1_220' title='bbox 2331 1581 2716 1638; x_wconf 81' lang='lat' dir='ltr'><strong>commiserint</strong></span> <span class='ocrx_word' id='word_1_221' title='bbox 2742 1583 2892 1653; x_wconf 89' lang='lat' dir='ltr'><strong>iuste</strong></span> <span class='ocrx_word' id='word_1_222' title='bbox 2925 1585 3260 1653; x_wconf 85' lang='lat' dir='ltr'><strong>puniantur?</strong></span> <span class='ocrx_word' id='word_1_223' title='bbox 3292 1583 3510 1640; x_wconf 83' lang='lat' dir='ltr'><strong>Fateor.</strong></span> 
     </span>
    </p>
   </div>
   <div class='ocr_carea' id='block_1_32' title="bbox 227 1653 1827 1735">
    <p class='ocr_par' dir='ltr' id='par_1_32' title="bbox 227 1653 1827 1735">
     <span class='ocr_line' id='line_1_32' title="bbox 227 1653 1827 1735; baseline 0.008 -30"><span class='ocrx_word' id='word_1_224' title='bbox 227 1653 409 1707; x_wconf 82' lang='grc' dir='ltr'>καλὸν</span> <span class='ocrx_word' id='word_1_225' title='bbox 435 1654 706 1726; x_wconf 83' lang='grc' dir='ltr'>ὠφέλιμον</span> <span class='ocrx_word' id='word_1_226' title='bbox 738 1657 1009 1726; x_wconf 86' lang='grc' dir='ltr'>φαίνεται.</span> <span class='ocrx_word' id='word_1_227' title='bbox 1049 1660 1394 1728; x_wconf 80' lang='grc' dir='ltr'>Ὠφελοῦνται</span> <span class='ocrx_word' id='word_1_228' title='bbox 1427 1663 1534 1733; x_wconf 82' lang='grc' dir='ltr'><strong>ἄρα</strong></span> <span class='ocrx_word' id='word_1_229' title='bbox 1564 1666 1613 1717; x_wconf 71' lang='lat' dir='ltr'><strong>oi</strong></span> <span class='ocrx_word' id='word_1_230' title='bbox 1651 1665 1827 1735; x_wconf 88' lang='grc' dir='ltr'>κρινό-</span> 
     </span>
    </p>
   </div>
   <div class='ocr_carea' id='block_1_33' title="bbox 230 1749 1826 1827">
    <p class='ocr_par' dir='ltr' id='par_1_33' title="bbox 230 1749 1826 1827">
     <span class='ocr_line' id='line_1_33' title="bbox 230 1749 1826 1827; baseline 0.006 -27"><span class='ocrx_word' id='word_1_231' title='bbox 230 1764 423 1817; x_wconf 88' lang='grc' dir='ltr'>μενοι.</span> <span class='ocrx_word' id='word_1_232' title='bbox 463 1749 789 1821; x_wconf 84' lang='grc' dir='ltr'>Ἀναιρεῖται</span> <span class='ocrx_word' id='word_1_233' title='bbox 829 1751 937 1824; x_wconf 84' lang='grc' dir='ltr'>γὰρ</span> <span class='ocrx_word' id='word_1_234' title='bbox 966 1753 1144 1807; x_wconf 81' lang='grc' dir='ltr'>αὐτῶν</span> <span class='ocrx_word' id='word_1_235' title='bbox 1186 1756 1305 1818; x_wconf 86' lang='grc' dir='ltr'>ταῖς</span> <span class='ocrx_word' id='word_1_236' title='bbox 1356 1754 1607 1825; x_wconf 83' lang='grc' dir='ltr'>βασάνοις</span> <span class='ocrx_word' id='word_1_237' title='bbox 1642 1759 1675 1827; x_wconf 75' lang='grc' dir='ltr'>ἡ</span> <span class='ocrx_word' id='word_1_238' title='bbox 1726 1772 1826 1808; x_wconf 80' lang='grc' dir='ltr'><strong>πο-</strong></span> 
     </span>
    </p>
   </div>
   <div class='ocr_carea' id='block_1_34' title="bbox 225 1838 1828 1918">
    <p class='ocr_par' dir='ltr' id='par_1_34' title="bbox 225 1838 1828 1918">
     <span class='ocr_line' id='line_1_34' title="bbox 225 1838 1828 1918; baseline 0.006 -29"><span class='ocrx_word' id='word_1_239' title='bbox 225 1839 410 1909; x_wconf 83' lang='grc' dir='ltr'>νηρία</span> <span class='ocrx_word' id='word_1_240' title='bbox 450 1838 791 1911; x_wconf 84' lang='grc' dir='ltr'>κωλυομένη,</span> <span class='ocrx_word' id='word_1_241' title='bbox 839 1842 1088 1915; x_wconf 87' lang='grc' dir='ltr'>καθάπερ</span> <span class='ocrx_word' id='word_1_242' title='bbox 1139 1846 1233 1898; x_wconf 73' lang='grc' dir='ltr'><strong>κα)⁸</strong></span> <span class='ocrx_word' id='word_1_243' title='bbox 1287 1845 1424 1917; x_wconf 82' lang='grc' dir='ltr'>πρὸς</span> <span class='ocrx_word' id='word_1_244' title='bbox 1473 1846 1580 1901; x_wconf 90' lang='grc' dir='ltr'><strong>τῶν</strong></span> <span class='ocrx_word' id='word_1_245' title='bbox 1629 1848 1828 1918; x_wconf 78' lang='grc' dir='ltr'>ἰατρῶν</span> 
     </span>
    </p>
   </div>
   <div class='ocr_carea' id='block_1_35' title="bbox 227 1932 1828 2006">
    <p class='ocr_par' dir='ltr' id='par_1_35' title="bbox 227 1932 1828 2006">
     <span class='ocr_line' id='line_1_35' title="bbox 227 1932 1828 2006; baseline 0.004 -23"><span class='ocrx_word' id='word_1_246' title='bbox 227 1932 441 2001; x_wconf 83' lang='grc' dir='ltr'>τομαῖς</span> <span class='ocrx_word' id='word_1_247' title='bbox 469 1933 563 1986; x_wconf 80' lang='grc' dir='ltr'>καὶ</span> <span class='ocrx_word' id='word_1_248' title='bbox 610 1935 923 2004; x_wconf 83' lang='grc' dir='ltr'>φαρμάκοις</span> <span class='ocrx_word' id='word_1_249' title='bbox 966 1937 1022 1988; x_wconf 72' lang='grc' dir='ltr'><strong>αἱ</strong></span> <span class='ocrx_word' id='word_1_250' title='bbox 1076 1937 1241 1990; x_wconf 88' lang='grc' dir='ltr'>νόσοι.</span> <span class='ocrx_word' id='word_1_251' title='bbox 1298 1938 1370 1991; x_wconf 82' lang='grc' dir='ltr'><strong>Τὸ</strong></span> <span class='ocrx_word' id='word_1_252' title='bbox 1403 1937 1510 2006; x_wconf 81' lang='grc' dir='ltr'><strong>γὰο</strong></span> <span class='ocrx_word' id='word_1_253' title='bbox 1542 1937 1828 1992; x_wconf 84' lang='grc' dir='ltr'>ἀδικοῦντα</span> 
     </span>
    </p>
   </div>
   <div class='ocr_carea' id='block_1_36' title="bbox 224 2024 1828 2101">
    <p class='ocr_par' dir='ltr' id='par_1_36' title="bbox 224 2024 1828 2101">
     <span class='ocr_line' id='line_1_36' title="bbox 224 2024 1828 2101; baseline 0.003 -24"><span class='ocrx_word' id='word_1_254' title='bbox 224 2024 445 2078; x_wconf 80' lang='grc' dir='ltr'>διδόναι</span> <span class='ocrx_word' id='word_1_255' title='bbox 473 2024 650 2097; x_wconf 86' lang='grc' dir='ltr'>δίκην,</span> <span class='ocrx_word' id='word_1_256' title='bbox 668 2026 1097 2098; x_wconf 76' lang='grc' dir='ltr'>ἐπανορθοῦσθαι</span> <span class='ocrx_word' id='word_1_257' title='bbox 1127 2030 1225 2101; x_wconf 83' lang='grc' dir='ltr'>τὴν</span> <span class='ocrx_word' id='word_1_258' title='bbox 1244 2028 1417 2101; x_wconf 79' lang='grc' dir='ltr'>ψυχήν</span> <span class='ocrx_word' id='word_1_259' title='bbox 1440 2032 1576 2092; x_wconf 78' lang='grc' dir='ltr'>ἐστι,</span> <span class='ocrx_word' id='word_1_260' title='bbox 1602 2031 1700 2100; x_wconf 85' lang='grc' dir='ltr'><strong>τὴν</strong></span> <span class='ocrx_word' id='word_1_261' title='bbox 1731 2046 1828 2100; x_wconf 89' lang='grc' dir='ltr'>με-</span> 
     </span>
    </p>
   </div>
   <div class='ocr_carea' id='block_1_37' title="bbox 225 2115 1826 2191">
    <p class='ocr_par' dir='ltr' id='par_1_37' title="bbox 225 2115 1826 2191">
     <span class='ocr_line' id='line_1_37' title="bbox 225 2115 1826 2191; baseline 0.001 -21"><span class='ocrx_word' id='word_1_262' title='bbox 225 2115 419 2186; x_wconf 81' lang='grc' dir='ltr'>γάλην</span> <span class='ocrx_word' id='word_1_263' title='bbox 447 2116 600 2169; x_wconf 84' lang='grc' dir='ltr'>νόσον</span> <span class='ocrx_word' id='word_1_264' title='bbox 629 2118 843 2170; x_wconf 86' lang='grc' dir='ltr'>ἀδικίαν</span> <span class='ocrx_word' id='word_1_265' title='bbox 893 2120 1285 2174; x_wconf 75' lang='grc' dir='ltr'>ἀποϐάλλοντα.</span> <span class='ocrx_word' id='word_1_266' title='bbox 1329 2121 1628 2191; x_wconf 80' lang='grc' dir='ltr'>Ὠμολόγει.</span> <span class='ocrx_word' id='word_1_267' title='bbox 1661 2120 1726 2171; x_wconf 86' lang='grc' dir='ltr'><strong>Τί</strong></span> <span class='ocrx_word' id='word_1_268' title='bbox 1750 2120 1826 2184; x_wconf 83' lang='grc' dir='ltr'><strong>δὲ,</strong></span> 
     </span>
    </p>
   </div>
   <div class='ocr_carea' id='block_1_38' title="bbox 224 2206 1830 2282">
    <p class='ocr_par' dir='ltr' id='par_1_38' title="bbox 224 2206 1830 2282">
     <span class='ocr_line' id='line_1_38' title="bbox 224 2206 1830 2282; baseline 0.001 -22"><span class='ocrx_word' id='word_1_269' title='bbox 224 2208 293 2260; x_wconf 84' lang='grc' dir='ltr'>ού</span> <span class='ocrx_word' id='word_1_270' title='bbox 329 2206 481 2260; x_wconf 79' lang='grc' dir='ltr'>κατὰ</span> <span class='ocrx_word' id='word_1_271' title='bbox 508 2207 792 2276; x_wconf 83' lang='grc' dir='ltr'>ἀναλογίαν</span> <span class='ocrx_word' id='word_1_272' title='bbox 832 2208 942 2262; x_wconf 87' lang='grc' dir='ltr'><strong>τῶν</strong></span> <span class='ocrx_word' id='word_1_273' title='bbox 974 2209 1406 2282; x_wconf 76' lang='grc' dir='ltr'>ἁμαρτηθέντων</span> <span class='ocrx_word' id='word_1_274' title='bbox 1451 2210 1548 2274; x_wconf 81' lang='grc' dir='ltr'>τὰς</span> <span class='ocrx_word' id='word_1_275' title='bbox 1581 2209 1830 2272; x_wconf 86' lang='grc' dir='ltr'>κολάσεις</span> 
     </span>
    </p>
   </div>
   <div class='ocr_carea' id='block_1_39' title="bbox 202 2299 1828 2373">
    <p class='ocr_par' dir='ltr' id='par_1_39' title="bbox 202 2299 1828 2373">
     <span class='ocr_line' id='line_1_39' title="bbox 202 2299 1828 2373; baseline 0.001 -21"><span class='ocrx_word' id='word_1_276' title='bbox 202 2303 351 2363; x_wconf 75' lang='grc' dir='ltr'>’τοῖς</span> <span class='ocrx_word' id='word_1_277' title='bbox 378 2299 758 2369; x_wconf 76' lang='grc' dir='ltr'>κολαζομένοις</span> <span class='ocrx_word' id='word_1_278' title='bbox 795 2300 1019 2364; x_wconf 83' lang='grc' dir='ltr'>δικαίως</span> <span class='ocrx_word' id='word_1_279' title='bbox 1059 2302 1462 2373; x_wconf 80' lang='grc' dir='ltr'>προσφέρεσθαι</span> <span class='ocrx_word' id='word_1_280' title='bbox 1495 2303 1622 2371; x_wconf 80' lang='grc' dir='ltr'>φῂς,</span> <span class='ocrx_word' id='word_1_281' title='bbox 1660 2301 1828 2354; x_wconf 85' lang='grc' dir='ltr'>καθά·</span> 
     </span>
    </p>
   </div>
   <div class='ocr_carea' id='block_1_40' title="bbox 232 2392 1830 2466">
    <p class='ocr_par' dir='ltr' id='par_1_40' title="bbox 232 2392 1830 2466">
     <span class='ocr_line' id='line_1_40' title="bbox 232 2392 1830 2466; baseline 0.001 -21"><span class='ocrx_word' id='word_1_282' title='bbox 232 2411 350 2465; x_wconf 86' lang='grc' dir='ltr'><strong>περ</strong></span> <span class='ocrx_word' id='word_1_283' title='bbox 403 2392 498 2445; x_wconf 72' lang='grc' dir='ltr'><strong>καὶ</strong></span> <span class='ocrx_word' id='word_1_284' title='bbox 541 2395 654 2456; x_wconf 85' lang='grc' dir='ltr'>τοῖς</span> <span class='ocrx_word' id='word_1_285' title='bbox 713 2395 1118 2466; x_wconf 74' lang='grc' dir='ltr'>ἰατρευομένοις</span> <span class='ocrx_word' id='word_1_286' title='bbox 1180 2395 1320 2448; x_wconf 78' lang='grc' dir='ltr'>κατὰ</span> <span class='ocrx_word' id='word_1_287' title='bbox 1382 2396 1670 2464; x_wconf 81' lang='grc' dir='ltr'>ἀναλογίαν</span> <span class='ocrx_word' id='word_1_288' title='bbox 1721 2394 1830 2447; x_wconf 89' lang='grc' dir='ltr'><strong>τῶν</strong></span> 
     </span>
    </p>
   </div>
   <div class='ocr_carea' id='block_1_41' title="bbox 229 2483 1832 2556">
    <p class='ocr_par' dir='ltr' id='par_1_41' title="bbox 229 2483 1832 2556">
     <span class='ocr_line' id='line_1_41' title="bbox 229 2483 1832 2556; baseline 0.002 -20"><span class='ocrx_word' id='word_1_289' title='bbox 229 2483 576 2554; x_wconf 81' lang='grc' dir='ltr'>τραυμάτων</span> <span class='ocrx_word' id='word_1_290' title='bbox 611 2483 710 2548; x_wconf 81' lang='grc' dir='ltr'>τὰς</span> <span class='ocrx_word' id='word_1_291' title='bbox 759 2487 1144 2556; x_wconf 87' lang='grc' dir='ltr'>χειρουργίας;</span> <span class='ocrx_word' id='word_1_292' title='bbox 1183 2487 1520 2540; x_wconf 85' lang='grc' dir='ltr'>Ἐπένευσεν.</span> <span class='ocrx_word' id='word_1_293' title='bbox 1564 2486 1770 2540; x_wconf 78' lang='grc' dir='ltr'>Οὐκοῦν</span> <span class='ocrx_word' id='word_1_294' title='bbox 1803 2488 1832 2539; x_wconf 87' lang='grc' dir='ltr'><strong>ό</strong></span> 
     </span>
    </p>
   </div>
   <div class='ocr_carea' id='block_1_42' title="bbox 235 2575 1832 2650">
    <p class='ocr_par' dir='ltr' id='par_1_42' title="bbox 235 2575 1832 2650">
     <span class='ocr_line' id='line_1_42' title="bbox 235 2575 1832 2650; baseline 0.002 -22"><span class='ocrx_word' id='word_1_295' title='bbox 235 2577 344 2647; x_wconf 80' lang='grc' dir='ltr'>μὲν</span> <span class='ocrx_word' id='word_1_296' title='bbox 391 2575 622 2630; x_wconf 88' lang='grc' dir='ltr'>θανάτου</span> <span class='ocrx_word' id='word_1_297' title='bbox 679 2577 886 2648; x_wconf 88' lang='grc' dir='ltr'>δράσας</span> <span class='ocrx_word' id='word_1_298' title='bbox 937 2578 1061 2643; x_wconf 79' lang='grc' dir='ltr'>ἄξια</span> <span class='ocrx_word' id='word_1_299' title='bbox 1105 2581 1332 2649; x_wconf 82' lang='grc' dir='ltr'>τιμᾶται</span> <span class='ocrx_word' id='word_1_300' title='bbox 1371 2579 1584 2650; x_wconf 84' lang='grc' dir='ltr'>θανάτῳ</span> <span class='ocrx_word' id='word_1_301' title='bbox 1631 2579 1728 2650; x_wconf 83' lang='grc' dir='ltr'>τὴν</span> <span class='ocrx_word' id='word_1_302' title='bbox 1756 2578 1832 2631; x_wconf 85' lang='grc' dir='ltr'>δί-</span> 
     </span>
    </p>
   </div>
   <div class='ocr_carea' id='block_1_43' title="bbox 233 2665 1829 2740">
    <p class='ocr_par' dir='ltr' id='par_1_43' title="bbox 233 2665 1829 2740">
     <span class='ocr_line' id='line_1_43' title="bbox 233 2665 1829 2740; baseline 0.004 -21"><span class='ocrx_word' id='word_1_303' title='bbox 233 2684 372 2737; x_wconf 86' lang='grc' dir='ltr'>κην,</span> <span class='ocrx_word' id='word_1_304' title='bbox 407 2668 437 2720; x_wconf 86' lang='grc' dir='ltr'><strong>ό</strong></span> <span class='ocrx_word' id='word_1_305' title='bbox 476 2665 532 2718; x_wconf 82' lang='grc' dir='ltr'><strong>δὲ</strong></span> <span class='ocrx_word' id='word_1_306' title='bbox 567 2666 789 2737; x_wconf 81' lang='grc' dir='ltr'>πληγῶν</span> <span class='ocrx_word' id='word_1_307' title='bbox 843 2668 1109 2738; x_wconf 86' lang='grc' dir='ltr'>πληγαῖς,</span> <span class='ocrx_word' id='word_1_308' title='bbox 1160 2672 1188 2722; x_wconf 88' lang='grc' dir='ltr'><strong>ό</strong></span> <span class='ocrx_word' id='word_1_309' title='bbox 1235 2670 1293 2722; x_wconf 83' lang='grc' dir='ltr'>δὲ</span> <span class='ocrx_word' id='word_1_310' title='bbox 1339 2670 1554 2740; x_wconf 86' lang='grc' dir='ltr'>δεσμῶν</span> <span class='ocrx_word' id='word_1_311' title='bbox 1591 2670 1829 2738; x_wconf 85' lang='grc' dir='ltr'>δεσμοῖς.</span> 
     </span>
    </p>
   </div>
   <div class='ocr_carea' id='block_1_44' title="bbox 247 2757 1832 2833">
    <p class='ocr_par' dir='ltr' id='par_1_44' title="bbox 247 2757 1832 2833">
     <span class='ocr_line' id='line_1_44' title="bbox 247 2757 1832 2833; baseline 0.002 -23"><span class='ocrx_word' id='word_1_312' title='bbox 247 2757 559 2829; x_wconf 83' lang='grc' dir='ltr'>Ὠμολόγει.</span> <span class='ocrx_word' id='word_1_313' title='bbox 596 2758 897 2830; x_wconf 79' lang='grc' dir='ltr'>Ζημιοῦται</span> <span class='ocrx_word' id='word_1_314' title='bbox 939 2760 996 2813; x_wconf 83' lang='grc' dir='ltr'>δὲ</span> <span class='ocrx_word' id='word_1_315' title='bbox 1033 2763 1060 2814; x_wconf 88' lang='grc' dir='ltr'>ὁ</span> <span class='ocrx_word' id='word_1_316' title='bbox 1092 2760 1353 2832; x_wconf 80' lang='grc' dir='ltr'>ὀφλήσας,</span> <span class='ocrx_word' id='word_1_317' title='bbox 1393 2760 1548 2833; x_wconf 75' lang='grc' dir='ltr'>ἔφην,</span> <span class='ocrx_word' id='word_1_318' title='bbox 1589 2760 1832 2831; x_wconf 87' lang='grc' dir='ltr'>δεσμοῖς,</span> 
     </span>
    </p>
   </div>
   <div class='ocr_carea' id='block_1_45' title="bbox 233 2847 1836 2922">
    <p class='ocr_par' dir='ltr' id='par_1_45' title="bbox 233 2847 1836 2922">
     <span class='ocr_line' id='line_1_45' title="bbox 233 2847 1836 2922; baseline 0.001 -22"><span class='ocrx_word' id='word_1_319' title='bbox 233 2849 270 2918; x_wconf 82' lang='grc' dir='ltr'>ἢ</span> <span class='ocrx_word' id='word_1_320' title='bbox 313 2847 574 2918; x_wconf 87' lang='grc' dir='ltr'>πληγαῖς,</span> <span class='ocrx_word' id='word_1_321' title='bbox 610 2849 643 2919; x_wconf 81' lang='grc' dir='ltr'>ἢ</span> <span class='ocrx_word' id='word_1_322' title='bbox 675 2848 809 2920; x_wconf 78' lang='grc' dir='ltr'>ἄλλῃ</span> <span class='ocrx_word' id='word_1_323' title='bbox 837 2848 944 2902; x_wconf 73' lang='grc' dir='ltr'>τινὶ</span> <span class='ocrx_word' id='word_1_324' title='bbox 970 2849 1192 2921; x_wconf 82' lang='grc' dir='ltr'>τοιαύτῃ</span> <span class='ocrx_word' id='word_1_325' title='bbox 1219 2851 1480 2922; x_wconf 75' lang='grc' dir='ltr'>τιμωρίᾳ,</span> <span class='ocrx_word' id='word_1_326' title='bbox 1520 2851 1666 2912; x_wconf 84' lang='grc' dir='ltr'>ὅπως</span> <span class='ocrx_word' id='word_1_327' title='bbox 1694 2849 1836 2903; x_wconf 64' lang='grc' dir='ltr'>παύ.</span> 
     </span>
    </p>
   </div>
   <div class='ocr_carea' id='block_1_46' title="bbox 1927 1670 3512 1745">
    <p class='ocr_par' dir='ltr' id='par_1_46' title="bbox 1927 1670 3512 1745">
     <span class='ocr_line' id='line_1_46' title="bbox 1927 1670 3512 1745; baseline 0.003 -20"><span class='ocrx_word' id='word_1_328' title='bbox 1927 1670 2141 1725; x_wconf 85' lang='lat' dir='ltr'><strong>Justum</strong></span> <span class='ocrx_word' id='word_1_329' title='bbox 2186 1687 2356 1741; x_wconf 91' lang='lat' dir='ltr'><strong>porro</strong></span> <span class='ocrx_word' id='word_1_330' title='bbox 2405 1688 2568 1728; x_wconf 89' lang='lat' dir='ltr'><strong>omne</strong></span> <span class='ocrx_word' id='word_1_331' title='bbox 2613 1676 2813 1730; x_wconf 86' lang='lat' dir='ltr'><strong>bonum</strong></span> <span class='ocrx_word' id='word_1_332' title='bbox 2859 1683 3020 1745; x_wconf 83' lang='lat' dir='ltr'><strong>atque</strong></span> <span class='ocrx_word' id='word_1_333' title='bbox 3066 1676 3354 1732; x_wconf 88' lang='lat' dir='ltr'><strong>honestum</strong></span> <span class='ocrx_word' id='word_1_334' title='bbox 3389 1676 3512 1733; x_wconf 88' lang='lat' dir='ltr'><strong>est?</strong></span> 
     </span>
    </p>
   </div>
   <div class='ocr_carea' id='block_1_47' title="bbox 1927 1761 3505 1838">
    <p class='ocr_par' dir='ltr' id='par_1_47' title="bbox 1927 1761 3505 1838">
     <span class='ocr_line' id='line_1_47' title="bbox 1927 1761 3505 1838; baseline 0.006 -24"><span class='ocrx_word' id='word_1_335' title='bbox 1927 1762 2202 1818; x_wconf 82' lang='lat' dir='ltr'><strong>Assensus</strong></span> <span class='ocrx_word' id='word_1_336' title='bbox 2261 1771 2366 1817; x_wconf 91' lang='lat' dir='ltr'><strong>cst.</strong></span> <span class='ocrx_word' id='word_1_337' title='bbox 2417 1761 2539 1816; x_wconf 82' lang='lat' dir='ltr'><strong>Jam</strong></span> <span class='ocrx_word' id='word_1_338' title='bbox 2597 1765 2686 1834; x_wconf 88' lang='lat' dir='ltr'><strong>qni</strong></span> <span class='ocrx_word' id='word_1_339' title='bbox 2739 1766 2886 1834; x_wconf 87' lang='lat' dir='ltr'><strong>iuste</strong></span> <span class='ocrx_word' id='word_1_340' title='bbox 2942 1767 3178 1835; x_wconf 82' lang='lat' dir='ltr'><strong>iudicat,</strong></span> <span class='ocrx_word' id='word_1_341' title='bbox 3241 1769 3505 1838; x_wconf 67' lang='lat' dir='ltr'><strong>praeclare</strong></span> 
     </span>
    </p>
   </div>
   <div class='ocr_carea' id='block_1_48' title="bbox 1931 1851 3514 1930">
    <p class='ocr_par' dir='ltr' id='par_1_48' title="bbox 1931 1851 3514 1930">
     <span class='ocr_line' id='line_1_48' title="bbox 1931 1851 3514 1930; baseline 0.005 -24"><span class='ocrx_word' id='word_1_342' title='bbox 1931 1851 2102 1918; x_wconf 81' lang='lat' dir='ltr'><strong>facit;</strong></span> <span class='ocrx_word' id='word_1_343' title='bbox 2155 1860 2306 1909; x_wconf 87' lang='lat' dir='ltr'><strong>recte</strong></span> <span class='ocrx_word' id='word_1_344' title='bbox 2361 1853 2508 1907; x_wconf 88' lang='lat' dir='ltr'><strong>enim</strong></span> <span class='ocrx_word' id='word_1_345' title='bbox 2576 1855 2834 1924; x_wconf 87' lang='lat' dir='ltr'><strong>iudicat?</strong></span> <span class='ocrx_word' id='word_1_346' title='bbox 2891 1857 3010 1913; x_wconf 84' lang='lat' dir='ltr'><strong>Non</strong></span> <span class='ocrx_word' id='word_1_347' title='bbox 3057 1860 3296 1930; x_wconf 83' lang='lat' dir='ltr'><strong>negavit.</strong></span> <span class='ocrx_word' id='word_1_348' title='bbox 3356 1860 3514 1925; x_wconf 88' lang='lat' dir='ltr'><strong>Quod</strong></span> 
     </span>
    </p>
   </div>
   <div class='ocr_carea' id='block_1_49' title="bbox 1931 1945 3516 2021">
    <p class='ocr_par' dir='ltr' id='par_1_49' title="bbox 1931 1945 3516 2021">
     <span class='ocr_line' id='line_1_49' title="bbox 1931 1945 3516 2021; baseline 0.005 -25"><span class='ocrx_word' id='word_1_349' title='bbox 1931 1957 2114 1999; x_wconf 86' lang='lat' dir='ltr'><strong>autem</strong></span> <span class='ocrx_word' id='word_1_350' title='bbox 2141 1945 2344 1998; x_wconf 92' lang='lat' dir='ltr'><strong>bonum</strong></span> <span class='ocrx_word' id='word_1_351' title='bbox 2375 1953 2482 2010; x_wconf 87' lang='lat' dir='ltr'><strong>est,</strong></span> <span class='ocrx_word' id='word_1_352' title='bbox 2530 1946 2692 2001; x_wconf 87' lang='lat' dir='ltr'><strong>etiam</strong></span> <span class='ocrx_word' id='word_1_353' title='bbox 2747 1948 2880 2003; x_wconf 89' lang='lat' dir='ltr'><strong>utile</strong></span> <span class='ocrx_word' id='word_1_354' title='bbox 2921 1950 3156 2005; x_wconf 88' lang='lat' dir='ltr'><strong>videtur.</strong></span> <span class='ocrx_word' id='word_1_355' title='bbox 3199 1951 3382 2017; x_wconf 88' lang='lat' dir='ltr'><strong>Quare</strong></span> <span class='ocrx_word' id='word_1_356' title='bbox 3422 1952 3516 2021; x_wconf 91' lang='lat' dir='ltr'><strong>qui</strong></span> 
     </span>
    </p>
   </div>
   <div class='ocr_carea' id='block_1_50' title="bbox 1925 2036 3520 2112">
    <p class='ocr_par' dir='ltr' id='par_1_50' title="bbox 1925 2036 3520 2112">
     <span class='ocr_line' id='line_1_50' title="bbox 1925 2036 3520 2112; baseline 0.004 -22"><span class='ocrx_word' id='word_1_357' title='bbox 1925 2036 2247 2103; x_wconf 90' lang='lat' dir='ltr'><strong>iudicantur</strong></span> <span class='ocrx_word' id='word_1_358' title='bbox 2296 2038 2586 2093; x_wconf 87' lang='lat' dir='ltr'><strong>utilitatem</strong></span> <span class='ocrx_word' id='word_1_359' title='bbox 2634 2040 2900 2110; x_wconf 89' lang='lat' dir='ltr'><strong>capiunt:</strong></span> <span class='ocrx_word' id='word_1_360' title='bbox 2940 2042 3134 2096; x_wconf 90' lang='lat' dir='ltr'><strong>horum</strong></span> <span class='ocrx_word' id='word_1_361' title='bbox 3187 2042 3390 2112; x_wconf 89' lang='lat' dir='ltr'><strong>quippe</strong></span> <span class='ocrx_word' id='word_1_362' title='bbox 3439 2057 3520 2096; x_wconf 87' lang='lat' dir='ltr'><strong>re-</strong></span> 
     </span>
    </p>
   </div>
   <div class='ocr_carea' id='block_1_51' title="bbox 1899 2127 3517 2196">
    <p class='ocr_par' dir='ltr' id='par_1_51' title="bbox 1899 2127 3517 2196">
     <span class='ocr_line' id='line_1_51' title="bbox 1899 2127 3517 2196; baseline 0.006 -18"><span class='ocrx_word' id='word_1_363' title='bbox 1899 2140 2120 2194; x_wconf 72' lang='lat' dir='ltr'><strong>‘pressa</strong></span> <span class='ocrx_word' id='word_1_364' title='bbox 2159 2127 2402 2196; x_wconf 88' lang='lat' dir='ltr'><strong>nequitia</strong></span> <span class='ocrx_word' id='word_1_365' title='bbox 2459 2129 2798 2186; x_wconf 88' lang='lat' dir='ltr'><strong>cruciatibus</strong></span> <span class='ocrx_word' id='word_1_366' title='bbox 2839 2133 3108 2194; x_wconf 86' lang='lat' dir='ltr'><strong>evellitur,</strong></span> <span class='ocrx_word' id='word_1_367' title='bbox 3145 2141 3260 2186; x_wconf 82' lang='lat' dir='ltr'><strong>uta</strong></span> <span class='ocrx_word' id='word_1_368' title='bbox 3291 2133 3517 2188; x_wconf 88' lang='lat' dir='ltr'><strong>medicis</strong></span> 
     </span>
    </p>
   </div>
   <div class='ocr_carea' id='block_1_52' title="bbox 1932 2217 3516 2294">
    <p class='ocr_par' dir='ltr' id='par_1_52' title="bbox 1932 2217 3516 2294">
     <span class='ocr_line' id='line_1_52' title="bbox 1932 2217 3516 2294; baseline 0.004 -23"><span class='ocrx_word' id='word_1_369' title='bbox 1932 2217 2273 2274; x_wconf 87' lang='lat' dir='ltr'><strong>sectionibus</strong></span> <span class='ocrx_word' id='word_1_370' title='bbox 2313 2235 2378 2274; x_wconf 90' lang='lat' dir='ltr'><strong>ac</strong></span> <span class='ocrx_word' id='word_1_371' title='bbox 2418 2219 2841 2278; x_wconf 82' lang='lat' dir='ltr'><strong>medicamentis</strong></span> <span class='ocrx_word' id='word_1_372' title='bbox 2880 2225 3274 2294; x_wconf 81' lang='lat' dir='ltr'><strong>aegrotationes</strong></span> <span class='ocrx_word' id='word_1_373' title='bbox 3317 2225 3516 2277; x_wconf 84' lang='lat' dir='ltr'><strong>tollun-</strong></span> 
     </span>
    </p>
   </div>
   <div class='ocr_carea' id='block_1_53' title="bbox 1933 2308 3515 2383">
    <p class='ocr_par' dir='ltr' id='par_1_53' title="bbox 1933 2308 3515 2383">
     <span class='ocr_line' id='line_1_53' title="bbox 1933 2308 3515 2383; baseline 0.002 -20"><span class='ocrx_word' id='word_1_374' title='bbox 1933 2317 2042 2364; x_wconf 91' lang='lat' dir='ltr'><strong>tur.</strong></span> <span class='ocrx_word' id='word_1_375' title='bbox 2107 2308 2322 2364; x_wconf 87' lang='lat' dir='ltr'><strong>Etenim</strong></span> <span class='ocrx_word' id='word_1_376' title='bbox 2389 2326 2515 2366; x_wconf 90' lang='lat' dir='ltr'><strong>eum</strong></span> <span class='ocrx_word' id='word_1_377' title='bbox 2573 2314 2667 2382; x_wconf 91' lang='lat' dir='ltr'><strong>qui</strong></span> <span class='ocrx_word' id='word_1_378' title='bbox 2720 2313 2980 2382; x_wconf 86' lang='lat' dir='ltr'><strong>iniuriam</strong></span> <span class='ocrx_word' id='word_1_379' title='bbox 3044 2315 3258 2378; x_wconf 70' lang='lat' dir='ltr'><strong>fet-erit,</strong></span> <span class='ocrx_word' id='word_1_380' title='bbox 3322 2329 3515 2383; x_wconf 71' lang='grc' dir='ltr'>ρωπος</span> 
     </span>
    </p>
   </div>
   <div class='ocr_carea' id='block_1_54' title="bbox 1933 2401 3512 2476">
    <p class='ocr_par' dir='ltr' id='par_1_54' title="bbox 1933 2401 3512 2476">
     <span class='ocr_line' id='line_1_54' title="bbox 1933 2401 3512 2476; baseline 0.002 -21"><span class='ocrx_word' id='word_1_381' title='bbox 1933 2401 2102 2466; x_wconf 91' lang='lat' dir='ltr'><strong>luere,</strong></span> <span class='ocrx_word' id='word_1_382' title='bbox 2140 2401 2285 2457; x_wconf 88' lang='lat' dir='ltr'><strong>idem</strong></span> <span class='ocrx_word' id='word_1_383' title='bbox 2323 2410 2408 2459; x_wconf 90' lang='lat' dir='ltr'><strong>est</strong></span> <span class='ocrx_word' id='word_1_384' title='bbox 2451 2411 2617 2474; x_wconf 91' lang='lat' dir='ltr'><strong>atque</strong></span> <span class='ocrx_word' id='word_1_385' title='bbox 2669 2406 2854 2460; x_wconf 89' lang='lat' dir='ltr'><strong>animo</strong></span> <span class='ocrx_word' id='word_1_386' title='bbox 2891 2407 3115 2476; x_wconf 89' lang='lat' dir='ltr'><strong>corrigi,</strong></span> <span class='ocrx_word' id='word_1_387' title='bbox 3144 2415 3197 2461; x_wconf 93' lang='lat' dir='ltr'><strong>et</strong></span> <span class='ocrx_word' id='word_1_388' title='bbox 3235 2407 3512 2476; x_wconf 87' lang='lat' dir='ltr'><strong>ingentem</strong></span> 
     </span>
    </p>
   </div>
   <div class='ocr_carea' id='block_1_55' title="bbox 1932 2494 3513 2566">
    <p class='ocr_par' dir='ltr' id='par_1_55' title="bbox 1932 2494 3513 2566">
     <span class='ocr_line' id='line_1_55' title="bbox 1932 2494 3513 2566; baseline 0.001 -18"><span class='ocrx_word' id='word_1_389' title='bbox 1932 2494 2206 2558; x_wconf 90' lang='lat' dir='ltr'><strong>morbum,</strong></span> <span class='ocrx_word' id='word_1_390' title='bbox 2250 2495 2354 2548; x_wconf 84' lang='lat' dir='ltr'><strong>hoc</strong></span> <span class='ocrx_word' id='word_1_391' title='bbox 2378 2502 2464 2550; x_wconf 88' lang='lat' dir='ltr'><strong>est</strong></span> <span class='ocrx_word' id='word_1_392' title='bbox 2492 2495 2840 2564; x_wconf 77' lang='lat' dir='ltr'><strong>iniustitiam,</strong></span> <span class='ocrx_word' id='word_1_393' title='bbox 2869 2496 3166 2566; x_wconf 83' lang='lat' dir='ltr'><strong>deponere.</strong></span> <span class='ocrx_word' id='word_1_394' title='bbox 3208 2495 3328 2551; x_wconf 86' lang='lat' dir='ltr'><strong>Non</strong></span> <span class='ocrx_word' id='word_1_395' title='bbox 3370 2497 3513 2550; x_wconf 74' lang='lat' dir='ltr'><strong>ditii-</strong></span> 
     </span>
    </p>
   </div>
   <div class='ocr_carea' id='block_1_56' title="bbox 1933 2585 3518 2660">
    <p class='ocr_par' dir='ltr' id='par_1_56' title="bbox 1933 2585 3518 2660">
     <span class='ocr_line' id='line_1_56' title="bbox 1933 2585 3518 2660; baseline 0.001 -20"><span class='ocrx_word' id='word_1_396' title='bbox 1933 2587 2168 2641; x_wconf 84' lang='lat' dir='ltr'><strong>tebatur.</strong></span> <span class='ocrx_word' id='word_1_397' title='bbox 2197 2585 2338 2653; x_wconf 86' lang='lat' dir='ltr'><strong>Quid</strong></span> <span class='ocrx_word' id='word_1_398' title='bbox 2388 2595 2502 2641; x_wconf 90' lang='lat' dir='ltr'><strong>tum</strong></span> <span class='ocrx_word' id='word_1_399' title='bbox 2554 2589 2777 2657; x_wconf 89' lang='lat' dir='ltr'><strong>postea?</strong></span> <span class='ocrx_word' id='word_1_400' title='bbox 2827 2588 3023 2643; x_wconf 84' lang='lat' dir='ltr'><strong>Annon</strong></span> <span class='ocrx_word' id='word_1_401' title='bbox 3067 2605 3168 2660; x_wconf 92' lang='lat' dir='ltr'><strong>pro</strong></span> <span class='ocrx_word' id='word_1_402' title='bbox 3211 2589 3396 2644; x_wconf 86' lang='lat' dir='ltr'><strong>delicti</strong></span> <span class='ocrx_word' id='word_1_403' title='bbox 3433 2605 3518 2642; x_wconf 90' lang='lat' dir='ltr'><strong>ra-</strong></span> 
     </span>
    </p>
   </div>
   <div class='ocr_carea' id='block_1_57' title="bbox 1932 2677 3514 2751">
    <p class='ocr_par' dir='ltr' id='par_1_57' title="bbox 1932 2677 3514 2751">
     <span class='ocr_line' id='line_1_57' title="bbox 1932 2677 3514 2751; baseline 0.002 -21"><span class='ocrx_word' id='word_1_404' title='bbox 1932 2677 2101 2741; x_wconf 88' lang='lat' dir='ltr'><strong>tione,</strong></span> <span class='ocrx_word' id='word_1_405' title='bbox 2130 2678 2257 2746; x_wconf 89' lang='lat' dir='ltr'><strong>jure</strong></span> <span class='ocrx_word' id='word_1_406' title='bbox 2305 2678 2376 2734; x_wconf 89' lang='lat' dir='ltr'><strong>iis</strong></span> <span class='ocrx_word' id='word_1_407' title='bbox 2425 2679 2520 2749; x_wconf 92' lang='lat' dir='ltr'><strong>qni</strong></span> <span class='ocrx_word' id='word_1_408' title='bbox 2563 2679 3067 2751; x_wconf 82' lang='lat' dir='ltr'><strong>puniuntur-infligi</strong></span> <span class='ocrx_word' id='word_1_409' title='bbox 3101 2695 3295 2750; x_wconf 58' lang='lat' dir='ltr'><strong>poenas</strong></span> <span class='ocrx_word' id='word_1_410' title='bbox 3321 2681 3514 2735; x_wconf 79' lang='lat' dir='ltr'><strong>existi-</strong></span> 
     </span>
    </p>
   </div>
   <div class='ocr_carea' id='block_1_58' title="bbox 1933 2758 3517 2840">
    <p class='ocr_par' dir='ltr' id='par_1_58' title="bbox 1933 2758 3517 2840">
     <span class='ocr_line' id='line_1_58' title="bbox 1933 2758 3517 2840; baseline 0.001 -18"><span class='ocrx_word' id='word_1_411' title='bbox 1933 2783 2072 2832; x_wconf 89' lang='lat' dir='ltr'><strong>mas,</strong></span> <span class='ocrx_word' id='word_1_412' title='bbox 2105 2758 2216 2823; x_wconf 41' lang='lat' dir='ltr'><strong>n&#39;on</strong></span> <span class='ocrx_word' id='word_1_413' title='bbox 2243 2769 2406 2824; x_wconf 89' lang='lat' dir='ltr'><strong>aliter</strong></span> <span class='ocrx_word' id='word_1_414' title='bbox 2429 2777 2592 2839; x_wconf 88' lang='lat' dir='ltr'><strong>atque</strong></span> <span class='ocrx_word' id='word_1_415' title='bbox 2613 2770 2834 2839; x_wconf 67' lang='lat' dir='ltr'><strong>aegrotis</strong></span> <span class='ocrx_word' id='word_1_416' title='bbox 2859 2785 2956 2840; x_wconf 91' lang='lat' dir='ltr'><strong>pro</strong></span> <span class='ocrx_word' id='word_1_417' title='bbox 2982 2771 3269 2826; x_wconf 87' lang='lat' dir='ltr'><strong>vulnerum</strong></span> <span class='ocrx_word' id='word_1_418' title='bbox 3301 2771 3517 2825; x_wconf 87' lang='lat' dir='ltr'><strong>ratione</strong></span> 
     </span>
    </p>
   </div>
   <div class='ocr_carea' id='block_1_59' title="bbox 1935 2857 3513 2931">
    <p class='ocr_par' dir='ltr' id='par_1_59' title="bbox 1935 2857 3513 2931">
     <span class='ocr_line' id='line_1_59' title="bbox 1935 2857 3513 2931; baseline 0.002 -20"><span class='ocrx_word' id='word_1_419' title='bbox 1935 2857 2146 2913; x_wconf 89' lang='lat' dir='ltr'><strong>medica</strong></span> <span class='ocrx_word' id='word_1_420' title='bbox 2194 2872 2393 2913; x_wconf 86' lang='lat' dir='ltr'><strong>manus</strong></span> <span class='ocrx_word' id='word_1_421' title='bbox 2431 2859 2762 2914; x_wconf 84' lang='lat' dir='ltr'><strong>adhibetur?</strong></span> <span class='ocrx_word' id='word_1_422' title='bbox 2803 2861 3010 2914; x_wconf 85' lang='lat' dir='ltr'><strong>Annuit</strong></span> <span class='ocrx_word' id='word_1_423' title='bbox 3051 2861 3162 2916; x_wconf 90' lang='lat' dir='ltr'><strong>ille.</strong></span> <span class='ocrx_word' id='word_1_424' title='bbox 3211 2860 3378 2931; x_wconf 81' lang='lat' dir='ltr'><strong>Igitur</strong></span> <span class='ocrx_word' id='word_1_425' title='bbox 3417 2861 3513 2930; x_wconf 88' lang='lat' dir='ltr'><strong>qui</strong></span> 
     </span>
    </p>
   </div>
   <div class='ocr_carea' id='block_1_60' title="bbox 234 2924 1831 3023">
    <p class='ocr_par' dir='ltr' id='par_1_60' title="bbox 234 2940 1831 3013">
     <span class='ocr_line' id='line_1_60' title="bbox 234 2940 1831 3013; baseline 0 -19"><span class='ocrx_word' id='word_1_426' title='bbox 234 2957 408 3012; x_wconf 84' lang='grc' dir='ltr'>σηται</span> <span class='ocrx_word' id='word_1_427' title='bbox 456 2942 755 3010; x_wconf 85' lang='grc' dir='ltr'>μεταγνοὺς</span> <span class='ocrx_word' id='word_1_428' title='bbox 827 2940 923 2993; x_wconf 81' lang='grc' dir='ltr'><strong>τοῦ</strong></span> <span class='ocrx_word' id='word_1_429' title='bbox 975 2941 1198 3008; x_wconf 85' lang='grc' dir='ltr'>ἀδικεῖν,</span> <span class='ocrx_word' id='word_1_430' title='bbox 1252 2941 1406 3006; x_wconf 83' lang='grc' dir='ltr'>ξύλον</span> <span class='ocrx_word' id='word_1_431' title='bbox 1457 2941 1708 3013; x_wconf 88' lang='grc' dir='ltr'>καθάπερ</span> <span class='ocrx_word' id='word_1_432' title='bbox 1752 2943 1831 2995; x_wconf 79' lang='grc' dir='ltr'>διο</span> 
     </span>
    </p>
   </div>
   <div class='ocr_carea' id='block_1_61' title="bbox 1935 2924 3510 3023">
    <p class='ocr_par' dir='ltr' id='par_1_61' title="bbox 1940 2948 3510 3023">
     <span class='ocr_line' id='line_1_61' title="bbox 1940 2948 3510 3023; baseline 0.002 -19"><span class='ocrx_word' id='word_1_433' title='bbox 1940 2959 2120 3005; x_wconf 90' lang='lat' dir='ltr'><strong>morte</strong></span> <span class='ocrx_word' id='word_1_434' title='bbox 2149 2948 2313 3020; x_wconf 92' lang='lat' dir='ltr'><strong>digna</strong></span> <span class='ocrx_word' id='word_1_435' title='bbox 2340 2949 2702 3014; x_wconf 88' lang='lat' dir='ltr'><strong>commiserit,</strong></span> <span class='ocrx_word' id='word_1_436' title='bbox 2735 2958 3041 3008; x_wconf 82' lang='lat' dir='ltr'><strong>extremum</strong></span> <span class='ocrx_word' id='word_1_437' title='bbox 3087 2951 3141 3006; x_wconf 92' lang='lat' dir='ltr'><strong>iu</strong></span> <span class='ocrx_word' id='word_1_438' title='bbox 3185 2953 3338 3006; x_wconf 88' lang='lat' dir='ltr'><strong>illum</strong></span> <span class='ocrx_word' id='word_1_439' title='bbox 3388 2968 3510 3023; x_wconf 88' lang='lat' dir='ltr'><strong>sup-</strong></span> 
     </span>
    </p>
   </div>
   <div class='ocr_carea' id='block_1_62' title="bbox 230 3032 1832 3104">
    <p class='ocr_par' dir='ltr' id='par_1_62' title="bbox 230 3032 1832 3104">
     <span class='ocr_line' id='line_1_62' title="bbox 230 3032 1832 3104; baseline 0 -18"><span class='ocrx_word' id='word_1_440' title='bbox 230 3032 623 3104; x_wconf 83' lang='grc' dir='ltr'>εστραμμένον</span> <span class='ocrx_word' id='word_1_441' title='bbox 645 3075 656 3091; x_wconf 84' lang='grc'><strong>,</strong></span> <span class='ocrx_word' id='word_1_442' title='bbox 693 3032 945 3102; x_wconf 83' lang='grc' dir='ltr'>βασάνοις</span> <span class='ocrx_word' id='word_1_443' title='bbox 994 3033 1350 3104; x_wconf 81' lang='grc' dir='ltr'>εύθυνόμενος</span> <span class='ocrx_word' id='word_1_444' title='bbox 1376 3050 1390 3098; x_wconf 91' lang='grc'>;</span> <span class='ocrx_word' id='word_1_445' title='bbox 1435 3033 1797 3104; x_wconf 86' lang='grc' dir='ltr'>Ἀληθέστατα</span> <span class='ocrx_word' id='word_1_446' title='bbox 1817 3071 1832 3096; x_wconf 89' lang='grc'><strong>,</strong></span> 
     </span>
    </p>
   </div>
   <div class='ocr_carea' id='block_1_63' title="bbox 1941 3041 3515 3112">
    <p class='ocr_par' dir='ltr' id='par_1_63' title="bbox 1941 3041 3515 3112">
     <span class='ocr_line' id='line_1_63' title="bbox 1941 3041 3515 3112; baseline 0.004 -18"><span class='ocrx_word' id='word_1_447' title='bbox 1941 3041 2166 3112; x_wconf 78' lang='lat' dir='ltr'><strong>plicium</strong></span> <span class='ocrx_word' id='word_1_448' title='bbox 2219 3041 2559 3096; x_wconf 90' lang='lat' dir='ltr'><strong>decernitur.</strong></span> <span class='ocrx_word' id='word_1_449' title='bbox 2616 3041 2720 3108; x_wconf 87' lang='lat' dir='ltr'><strong>Qui</strong></span> <span class='ocrx_word' id='word_1_450' title='bbox 2776 3043 3004 3098; x_wconf 86' lang='lat' dir='ltr'><strong>verbera</strong></span> <span class='ocrx_word' id='word_1_451' title='bbox 3058 3045 3360 3112; x_wconf 88' lang='lat' dir='ltr'><strong>meruerit,</strong></span> <span class='ocrx_word' id='word_1_452' title='bbox 3419 3055 3515 3100; x_wconf 90' lang='lat' dir='ltr'><strong>aut</strong></span> 
     </span>
    </p>
   </div>
   <div class='ocr_carea' id='block_1_64' title="bbox 235 3117 1831 3196">
    <p class='ocr_par' dir='ltr' id='par_1_64' title="bbox 235 3117 1831 3196">
     <span class='ocr_line' id='line_1_64' title="bbox 235 3117 1831 3196; baseline 0 -20"><span class='ocrx_word' id='word_1_453' title='bbox 235 3123 374 3196; x_wconf 76' lang='grc' dir='ltr'>ἔφη,</span> <span class='ocrx_word' id='word_1_454' title='bbox 404 3122 604 3190; x_wconf 89' lang='grc' dir='ltr'>λέγεις.</span> <span class='ocrx_word' id='word_1_455' title='bbox 629 3124 962 3194; x_wconf 85' lang='grc' dir='ltr'>Τιμωρεῖται</span> <span class='ocrx_word' id='word_1_456' title='bbox 991 3124 1099 3195; x_wconf 78' lang='grc' dir='ltr'>γὰρ</span> <span class='ocrx_word' id='word_1_457' title='bbox 1137 3125 1298 3178; x_wconf 77' lang='grc' dir='ltr'>αὐτὸν</span> <span class='ocrx_word' id='word_1_458' title='bbox 1324 3117 1384 3176; x_wconf 86' lang='grc' dir='ltr'>ού</span> <span class='ocrx_word' id='word_1_459' title='bbox 1408 3124 1501 3177; x_wconf 81' lang='grc' dir='ltr'><strong>τοῦ</strong></span> <span class='ocrx_word' id='word_1_460' title='bbox 1533 3124 1831 3195; x_wconf 87' lang='grc' dir='ltr'>παρεληλυ-</span> 
     </span>
    </p>
   </div>
   <div class='ocr_carea' id='block_1_65' title="bbox 1935 3117 3515 3196">
    <p class='ocr_par' dir='ltr' id='par_1_65' title="bbox 1935 3131 3515 3195">
     <span class='ocr_line' id='line_1_65' title="bbox 1935 3131 3515 3195; baseline 0.004 -11"><span class='ocrx_word' id='word_1_461' title='bbox 1935 3131 2171 3195; x_wconf 85' lang='lat' dir='ltr'><strong>vincula,</strong></span> <span class='ocrx_word' id='word_1_462' title='bbox 2238 3132 2580 3195; x_wconf 84' lang='lat' dir='ltr'><strong>verberibus,</strong></span> <span class='ocrx_word' id='word_1_463' title='bbox 2633 3141 2728 3187; x_wconf 88' lang='lat' dir='ltr'><strong>aut</strong></span> <span class='ocrx_word' id='word_1_464' title='bbox 2775 3134 3010 3190; x_wconf 88' lang='lat' dir='ltr'><strong>vinculis</strong></span> <span class='ocrx_word' id='word_1_465' title='bbox 3039 3148 3344 3190; x_wconf 84' lang='lat' dir='ltr'><strong>coercetur.</strong></span> <span class='ocrx_word' id='word_1_466' title='bbox 3389 3139 3515 3192; x_wconf 73' lang='lat' dir='ltr'><strong>Haze</strong></span> 
     </span>
    </p>
   </div>
   <div class='ocr_carea' id='block_1_66' title="bbox 232 3214 1831 3297">
    <p class='ocr_par' dir='ltr' id='par_1_66' title="bbox 232 3214 1831 3287">
     <span class='ocr_line' id='line_1_66' title="bbox 232 3214 1831 3287; baseline 0.002 -19"><span class='ocrx_word' id='word_1_467' title='bbox 232 3215 398 3278; x_wconf 87' lang='grc' dir='ltr'>θότος</span> <span class='ocrx_word' id='word_1_468' title='bbox 426 3214 772 3285; x_wconf 78' lang='grc' dir='ltr'>ἐγκλήματος</span> <span class='ocrx_word' id='word_1_469' title='bbox 811 3215 974 3270; x_wconf 72' lang='grc' dir='ltr'>ἕνεκα</span> <span class='ocrx_word' id='word_1_470' title='bbox 1018 3218 1045 3270; x_wconf 89' lang='grc' dir='ltr'>ὁ</span> <span class='ocrx_word' id='word_1_471' title='bbox 1075 3215 1356 3287; x_wconf 81' lang='grc' dir='ltr'>δικαστὴς,</span> <span class='ocrx_word' id='word_1_472' title='bbox 1401 3215 1534 3269; x_wconf 84' lang='grc' dir='ltr'>ἀλλὰ</span> <span class='ocrx_word' id='word_1_473' title='bbox 1568 3216 1662 3269; x_wconf 78' lang='grc' dir='ltr'><strong>τοῦ</strong></span> <span class='ocrx_word' id='word_1_474' title='bbox 1706 3217 1831 3287; x_wconf 89' lang='grc' dir='ltr'>μέλ-</span> 
     </span>
    </p>
   </div>
   <div class='ocr_carea' id='block_1_67' title="bbox 1935 3214 3514 3297">
    <p class='ocr_par' dir='ltr' id='par_1_67' title="bbox 1935 3221 3514 3297">
     <span class='ocr_line' id='line_1_67' title="bbox 1935 3221 3514 3297; baseline 0.006 -22"><span class='ocrx_word' id='word_1_475' title='bbox 1935 3221 2024 3276; x_wconf 89' lang='lat' dir='ltr'><strong>ille</strong></span> <span class='ocrx_word' id='word_1_476' title='bbox 2073 3221 2256 3276; x_wconf 89' lang='lat' dir='ltr'><strong>fassus</strong></span> <span class='ocrx_word' id='word_1_477' title='bbox 2293 3229 2398 3278; x_wconf 84' lang='lat' dir='ltr'><strong>est.</strong></span> <span class='ocrx_word' id='word_1_478' title='bbox 2430 3222 2566 3277; x_wconf 87' lang='lat' dir='ltr'><strong>Tum</strong></span> <span class='ocrx_word' id='word_1_479' title='bbox 2599 3239 2704 3294; x_wconf 85' lang='lat' dir='ltr'><strong>ego</strong></span> <span class='ocrx_word' id='word_1_480' title='bbox 2738 3243 2750 3277; x_wconf 90' lang='lat'><strong>:</strong></span> <span class='ocrx_word' id='word_1_481' title='bbox 2789 3223 2996 3281; x_wconf 86' lang='lat' dir='ltr'><strong>Vinclis</strong></span> <span class='ocrx_word' id='word_1_482' title='bbox 3028 3228 3233 3297; x_wconf 86' lang='lat' dir='ltr'><strong>itaque,</strong></span> <span class='ocrx_word' id='word_1_483' title='bbox 3273 3231 3514 3284; x_wconf 83' lang='lat' dir='ltr'><strong>verberi-</strong></span> 
     </span>
    </p>
   </div>
   <div class='ocr_carea' id='block_1_68' title="bbox 233 3304 1831 3387">
    <p class='ocr_par' dir='ltr' id='par_1_68' title="bbox 233 3304 1828 3378">
     <span class='ocr_line' id='line_1_68' title="bbox 233 3304 1828 3378; baseline 0 -18"><span class='ocrx_word' id='word_1_484' title='bbox 233 3308 449 3370; x_wconf 87' lang='grc' dir='ltr'>λοντος,</span> <span class='ocrx_word' id='word_1_485' title='bbox 477 3307 626 3370; x_wconf 86' lang='grc' dir='ltr'>ὅπως</span> <span class='ocrx_word' id='word_1_486' title='bbox 655 3306 728 3376; x_wconf 85' lang='grc' dir='ltr'>μὴ</span> <span class='ocrx_word' id='word_1_487' title='bbox 761 3307 854 3359; x_wconf 75' lang='grc' dir='ltr'><strong>καὶ</strong></span> <span class='ocrx_word' id='word_1_488' title='bbox 887 3304 1044 3370; x_wconf 76' lang='grc' dir='ltr'>αὖθις</span> <span class='ocrx_word' id='word_1_489' title='bbox 1090 3309 1240 3378; x_wconf 80' lang='grc' dir='ltr'>ποιῇ.</span> <span class='ocrx_word' id='word_1_490' title='bbox 1279 3307 1448 3361; x_wconf 81' lang='grc' dir='ltr'>Τοῦτο</span> <span class='ocrx_word' id='word_1_491' title='bbox 1496 3307 1677 3378; x_wconf 83' lang='grc' dir='ltr'>δῆλον,</span> <span class='ocrx_word' id='word_1_492' title='bbox 1704 3307 1828 3378; x_wconf 81' lang='grc' dir='ltr'>ἔφη.</span> 
     </span>
    </p>
   </div>
   <div class='ocr_carea' id='block_1_69' title="bbox 1935 3304 3512 3387">
    <p class='ocr_par' dir='ltr' id='par_1_69' title="bbox 1935 3310 3512 3387">
     <span class='ocr_line' id='line_1_69' title="bbox 1935 3310 3512 3387; baseline 0.006 -23"><span class='ocrx_word' id='word_1_493' title='bbox 1935 3310 2058 3372; x_wconf 87' lang='lat' dir='ltr'><strong>bus,</strong></span> <span class='ocrx_word' id='word_1_494' title='bbox 2115 3322 2278 3381; x_wconf 87' lang='lat' dir='ltr'><strong>atque</strong></span> <span class='ocrx_word' id='word_1_495' title='bbox 2333 3312 2388 3366; x_wconf 89' lang='lat' dir='ltr'><strong>id</strong></span> <span class='ocrx_word' id='word_1_496' title='bbox 2439 3328 2613 3382; x_wconf 86' lang='lat' dir='ltr'><strong>genus</strong></span> <span class='ocrx_word' id='word_1_497' title='bbox 2656 3316 2945 3385; x_wconf 84' lang='lat' dir='ltr'><strong>suppliciis</strong></span> <span class='ocrx_word' id='word_1_498' title='bbox 2984 3318 3076 3387; x_wconf 93' lang='lat' dir='ltr'><strong>qui</strong></span> <span class='ocrx_word' id='word_1_499' title='bbox 3100 3321 3390 3375; x_wconf 83' lang='lat' dir='ltr'><strong>convictus</strong></span> <span class='ocrx_word' id='word_1_500' title='bbox 3423 3330 3512 3376; x_wconf 87' lang='lat' dir='ltr'><strong>est</strong></span> 
     </span>
    </p>
   </div>
   <div class='ocr_carea' id='block_1_70' title="bbox 247 3398 1831 3480">
    <p class='ocr_par' dir='ltr' id='par_1_70' title="bbox 247 3398 1826 3471">
     <span class='ocr_line' id='line_1_70' title="bbox 247 3398 1826 3471; baseline -0.001 -17"><span class='ocrx_word' id='word_1_501' title='bbox 247 3402 311 3454; x_wconf 85' lang='grc' dir='ltr'>ὐ</span> <span class='ocrx_word' id='word_1_502' title='bbox 351 3399 464 3471; x_wconf 79' lang='grc' dir='ltr'>γὰρ</span> <span class='ocrx_word' id='word_1_503' title='bbox 487 3399 686 3469; x_wconf 82' lang='grc' dir='ltr'>δεσμὸς</span> <span class='ocrx_word' id='word_1_504' title='bbox 711 3398 860 3468; x_wconf 83' lang='grc' dir='ltr'>αύτῷ</span> <span class='ocrx_word' id='word_1_505' title='bbox 907 3399 1065 3468; x_wconf 84' lang='grc' dir='ltr'>δῆλον</span> <span class='ocrx_word' id='word_1_506' title='bbox 1107 3399 1183 3462; x_wconf 84' lang='grc' dir='ltr'><strong>ὡς</strong></span> <span class='ocrx_word' id='word_1_507' title='bbox 1210 3399 1308 3470; x_wconf 81' lang='grc' dir='ltr'>τὴν</span> <span class='ocrx_word' id='word_1_508' title='bbox 1355 3398 1491 3470; x_wconf 84' lang='grc' dir='ltr'>πρὸς</span> <span class='ocrx_word' id='word_1_509' title='bbox 1531 3399 1592 3450; x_wconf 86' lang='grc' dir='ltr'>τὸ</span> <span class='ocrx_word' id='word_1_510' title='bbox 1619 3399 1826 3452; x_wconf 84' lang='grc' dir='ltr'>ἀδικεῖν</span> 
     </span>
    </p>
   </div>
   <div class='ocr_carea' id='block_1_71' title="bbox 1935 3398 3507 3480">
    <p class='ocr_par' dir='ltr' id='par_1_71' title="bbox 1935 3401 3507 3480">
     <span class='ocr_line' id='line_1_71' title="bbox 1935 3401 3507 3480; baseline 0.009 -26"><span class='ocrx_word' id='word_1_511' title='bbox 1935 3401 2177 3467; x_wconf 72' lang='lat' dir='ltr'><strong>afﬁcitur,</strong></span> <span class='ocrx_word' id='word_1_512' title='bbox 2223 3409 2282 3456; x_wconf 92' lang='lat' dir='ltr'><strong>ut</strong></span> <span class='ocrx_word' id='word_1_513' title='bbox 2320 3403 2390 3458; x_wconf 91' lang='lat' dir='ltr'><strong>ab</strong></span> <span class='ocrx_word' id='word_1_514' title='bbox 2417 3405 2717 3462; x_wconf 87' lang='lat' dir='ltr'><strong>sceleribus</strong></span> <span class='ocrx_word' id='word_1_515' title='bbox 2767 3408 2884 3463; x_wconf 87' lang='lat' dir='ltr'><strong>suis</strong></span> <span class='ocrx_word' id='word_1_516' title='bbox 2930 3401 3250 3480; x_wconf 76' lang='lat' dir='ltr'><strong>resipiscat,</strong></span> <span class='ocrx_word' id='word_1_517' title='bbox 3302 3413 3507 3479; x_wconf 82' lang='lat' dir='ltr'><strong>ac-sic,</strong></span> 
     </span>
    </p>
   </div>
   <div class='ocr_carea' id='block_1_72' title="bbox 235 3488 1831 3570">
    <p class='ocr_par' dir='ltr' id='par_1_72' title="bbox 235 3488 1822 3562">
     <span class='ocr_line' id='line_1_72' title="bbox 235 3488 1822 3562; baseline -0.003 -17"><span class='ocrx_word' id='word_1_518' title='bbox 235 3491 419 3562; x_wconf 84' lang='grc' dir='ltr'>ὁρμὴν</span> <span class='ocrx_word' id='word_1_519' title='bbox 443 3491 676 3560; x_wconf 81' lang='grc' dir='ltr'>ἀναιρεῖ,</span> <span class='ocrx_word' id='word_1_520' title='bbox 699 3491 772 3562; x_wconf 81' lang='grc' dir='ltr'><strong>μὴ</strong></span> <span class='ocrx_word' id='word_1_521' title='bbox 799 3489 1109 3560; x_wconf 85' lang='grc' dir='ltr'>ἐπιτρέπων</span> <span class='ocrx_word' id='word_1_522' title='bbox 1134 3493 1307 3543; x_wconf 87' lang='grc' dir='ltr'>ποιεῖν</span> <span class='ocrx_word' id='word_1_523' title='bbox 1330 3488 1365 3543; x_wconf 77' lang='grc' dir='ltr'>ἃ</span> <span class='ocrx_word' id='word_1_524' title='bbox 1388 3489 1549 3543; x_wconf 82' lang='grc' dir='ltr'>θέλει.</span> <span class='ocrx_word' id='word_1_525' title='bbox 1581 3488 1822 3559; x_wconf 86' lang='grc' dir='ltr'>Ἀληθές.</span> 
     </span>
    </p>
   </div>
   <div class='ocr_carea' id='block_1_73' title="bbox 1935 3488 3504 3570">
    <p class='ocr_par' dir='ltr' id='par_1_73' title="bbox 1935 3491 3504 3570">
     <span class='ocr_line' id='line_1_73' title="bbox 1935 3491 3504 3570; baseline 0.007 -25"><span class='ocrx_word' id='word_1_526' title='bbox 1935 3499 2186 3562; x_wconf 79' lang='lat' dir='ltr'><strong>tanquam</strong></span> <span class='ocrx_word' id='word_1_527' title='bbox 2226 3491 2521 3548; x_wconf 85' lang='lat' dir='ltr'><strong>distortum</strong></span> <span class='ocrx_word' id='word_1_528' title='bbox 2573 3494 2804 3565; x_wconf 86' lang='lat' dir='ltr'><strong>lignum,</strong></span> <span class='ocrx_word' id='word_1_529' title='bbox 2861 3501 3150 3554; x_wconf 85' lang='lat' dir='ltr'><strong>tormentis</strong></span> <span class='ocrx_word' id='word_1_530' title='bbox 3189 3501 3504 3570; x_wconf 79' lang='lat' dir='ltr'><strong>corrigitur.</strong></span> 
     </span>
    </p>
   </div>
   <div class='ocr_carea' id='block_1_74' title="bbox 239 3579 1831 3659">
    <p class='ocr_par' dir='ltr' id='par_1_74' title="bbox 239 3579 1827 3652">
     <span class='ocr_line' id='line_1_74' title="bbox 239 3579 1827 3652; baseline -0.004 -15"><span class='ocrx_word' id='word_1_531' title='bbox 239 3581 456 3637; x_wconf 82' lang='grc' dir='ltr'>Οὐκοῦν</span> <span class='ocrx_word' id='word_1_532' title='bbox 498 3581 740 3652; x_wconf 82' lang='grc' dir='ltr'>εἴργεται</span> <span class='ocrx_word' id='word_1_533' title='bbox 793 3579 886 3634; x_wconf 79' lang='grc' dir='ltr'><strong>τού</strong></span> <span class='ocrx_word' id='word_1_534' title='bbox 933 3581 1286 3650; x_wconf 81' lang='grc' dir='ltr'>ἁμαρτάνειν,</span> <span class='ocrx_word' id='word_1_535' title='bbox 1344 3580 1452 3634; x_wconf 90' lang='grc' dir='ltr'><strong>τῶν</strong></span> <span class='ocrx_word' id='word_1_536' title='bbox 1493 3580 1705 3651; x_wconf 83' lang='grc' dir='ltr'>δεσμῶν</span> <span class='ocrx_word' id='word_1_537' title='bbox 1753 3579 1827 3651; x_wconf 85' lang='grc' dir='ltr'>μὴ</span> 
     </span>
    </p>
   </div>
   <div class='ocr_carea' id='block_1_75' title="bbox 1935 3579 3508 3659">
    <p class='ocr_par' dir='ltr' id='par_1_75' title="bbox 1935 3581 3508 3659">
     <span class='ocr_line' id='line_1_75' title="bbox 1935 3581 3508 3659; baseline 0.007 -23"><span class='ocrx_word' id='word_1_538' title='bbox 1935 3581 2228 3638; x_wconf 82' lang='lat' dir='ltr'><strong>Verissime</strong></span> <span class='ocrx_word' id='word_1_539' title='bbox 2259 3583 2312 3636; x_wconf 94' lang='lat' dir='ltr'><strong>id</strong></span> <span class='ocrx_word' id='word_1_540' title='bbox 2343 3585 2562 3653; x_wconf 88' lang='lat' dir='ltr'><strong>quidem</strong></span> <span class='ocrx_word' id='word_1_541' title='bbox 2598 3602 2813 3652; x_wconf 89' lang='lat' dir='ltr'><strong>narras,</strong></span> <span class='ocrx_word' id='word_1_542' title='bbox 2849 3589 3044 3659; x_wconf 91' lang='lat' dir='ltr'><strong>inquit.</strong></span> <span class='ocrx_word' id='word_1_543' title='bbox 3069 3589 3187 3645; x_wconf 86' lang='lat' dir='ltr'><strong>Non</strong></span> <span class='ocrx_word' id='word_1_544' title='bbox 3225 3601 3333 3646; x_wconf 90' lang='lat' dir='ltr'><strong>tam</strong></span> <span class='ocrx_word' id='word_1_545' title='bbox 3364 3593 3508 3647; x_wconf 86' lang='lat' dir='ltr'><strong>enim</strong></span> 
     </span>
    </p>
   </div>
   <div class='ocr_carea' id='block_1_76' title="bbox 240 3669 1831 3752">
    <p class='ocr_par' dir='ltr' id='par_1_76' title="bbox 240 3669 1828 3742">
     <span class='ocr_line' id='line_1_76' title="bbox 240 3669 1828 3742; baseline -0.001 -17"><span class='ocrx_word' id='word_1_546' title='bbox 240 3671 464 3725; x_wconf 79' lang='grc' dir='ltr'>ἐώντων</span> <span class='ocrx_word' id='word_1_547' title='bbox 494 3669 938 3742; x_wconf 77' lang='grc' dir='ltr'>ἐλευθεριάζοντα</span> <span class='ocrx_word' id='word_1_548' title='bbox 991 3669 1224 3741; x_wconf 84' lang='grc' dir='ltr'>χρῆσθαι</span> <span class='ocrx_word' id='word_1_549' title='bbox 1270 3673 1393 3733; x_wconf 88' lang='grc' dir='ltr'>ταῖς</span> <span class='ocrx_word' id='word_1_550' title='bbox 1427 3671 1660 3740; x_wconf 83' lang='grc' dir='ltr'>ἡδοναῖς,</span> <span class='ocrx_word' id='word_1_551' title='bbox 1693 3669 1828 3723; x_wconf 79' lang='grc' dir='ltr'>ἀλλὰ</span> 
     </span>
    </p>
   </div>
   <div class='ocr_carea' id='block_1_77' title="bbox 1935 3669 3510 3752">
    <p class='ocr_par' dir='ltr' id='par_1_77' title="bbox 1935 3672 3510 3752">
     <span class='ocr_line' id='line_1_77' title="bbox 1935 3672 3510 3752; baseline 0.007 -26"><span class='ocrx_word' id='word_1_552' title='bbox 1935 3673 1998 3727; x_wconf 86' lang='lat' dir='ltr'><strong>ob</strong></span> <span class='ocrx_word' id='word_1_553' title='bbox 2028 3672 2369 3742; x_wconf 68' lang='lat' dir='ltr'><strong>praeteritum</strong></span> <span class='ocrx_word' id='word_1_554' title='bbox 2397 3673 2628 3739; x_wconf 89' lang='lat' dir='ltr'><strong>crimen,</strong></span> <span class='ocrx_word' id='word_1_555' title='bbox 2665 3692 2826 3745; x_wconf 83' lang='lat' dir='ltr'><strong>quam</strong></span> <span class='ocrx_word' id='word_1_556' title='bbox 2865 3681 3030 3733; x_wconf 88' lang='lat' dir='ltr'><strong>futuri</strong></span> <span class='ocrx_word' id='word_1_557' title='bbox 3061 3682 3288 3736; x_wconf 83' lang='lat' dir='ltr'><strong>cavendi</strong></span> <span class='ocrx_word' id='word_1_558' title='bbox 3314 3687 3510 3752; x_wconf 86' lang='lat' dir='ltr'><strong>gratia,</strong></span> 
     </span>
    </p>
   </div>
   <div class='ocr_carea' id='block_1_78' title="bbox 244 3761 1831 3844">
    <p class='ocr_par' dir='ltr' id='par_1_78' title="bbox 244 3761 1824 3833">
     <span class='ocr_line' id='line_1_78' title="bbox 244 3761 1824 3833; baseline -0.003 -15"><span class='ocrx_word' id='word_1_559' title='bbox 244 3765 663 3829; x_wconf 90' lang='grc' dir='ltr'>συστελλόντων,</span> <span class='ocrx_word' id='word_1_560' title='bbox 689 3764 783 3816; x_wconf 79' lang='grc' dir='ltr'><strong>καὶ</strong></span> <span class='ocrx_word' id='word_1_561' title='bbox 821 3762 883 3814; x_wconf 78' lang='grc' dir='ltr'><strong>τὸ</strong></span> <span class='ocrx_word' id='word_1_562' title='bbox 919 3761 1124 3816; x_wconf 82' lang='grc' dir='ltr'>δίκαιον</span> <span class='ocrx_word' id='word_1_563' title='bbox 1151 3762 1505 3815; x_wconf 84' lang='grc' dir='ltr'>διδασκόντων</span> <span class='ocrx_word' id='word_1_564' title='bbox 1529 3765 1692 3833; x_wconf 83' lang='grc' dir='ltr'>τιμᾷν</span> <span class='ocrx_word' id='word_1_565' title='bbox 1717 3761 1824 3814; x_wconf 77' lang='grc' dir='ltr'>ἔστ’</span> 
     </span>
    </p>
   </div>
   <div class='ocr_carea' id='block_1_79' title="bbox 1935 3761 3510 3844">
    <p class='ocr_par' dir='ltr' id='par_1_79' title="bbox 1935 3763 3510 3844">
     <span class='ocr_line' id='line_1_79' title="bbox 1935 3763 3510 3844; baseline 0.008 -27"><span class='ocrx_word' id='word_1_566' title='bbox 1935 3763 2093 3833; x_wconf 83' lang='lat' dir='ltr'><strong>iudex</strong></span> <span class='ocrx_word' id='word_1_567' title='bbox 2153 3763 2207 3818; x_wconf 90' lang='lat' dir='ltr'><strong>in</strong></span> <span class='ocrx_word' id='word_1_568' title='bbox 2275 3764 2428 3818; x_wconf 89' lang='lat' dir='ltr'><strong>illum</strong></span> <span class='ocrx_word' id='word_1_569' title='bbox 2511 3766 2920 3822; x_wconf 82' lang='lat' dir='ltr'><strong>animadvertit.</strong></span> <span class='ocrx_word' id='word_1_570' title='bbox 2977 3771 3252 3840; x_wconf 79' lang='lat' dir='ltr'><strong>Apparet,</strong></span> <span class='ocrx_word' id='word_1_571' title='bbox 3313 3775 3510 3844; x_wconf 84' lang='lat' dir='ltr'><strong>inquit.</strong></span> 
     </span>
    </p>
   </div>
   <div class='ocr_carea' id='block_1_80' title="bbox 243 3851 1831 3930">
    <p class='ocr_par' dir='ltr' id='par_1_80' title="bbox 243 3851 1824 3925">
     <span class='ocr_line' id='line_1_80' title="bbox 243 3851 1824 3925; baseline -0.003 -17"><span class='ocrx_word' id='word_1_572' title='bbox 243 3857 310 3908; x_wconf 78' lang='grc' dir='ltr'><strong>ἂν</strong></span> <span class='ocrx_word' id='word_1_573' title='bbox 361 3853 624 3925; x_wconf 80' lang='grc' dir='ltr'>ἀπομάθῃ</span> <span class='ocrx_word' id='word_1_574' title='bbox 649 3869 664 3882; x_wconf 69' lang='grc' dir='ltr'>θ</span> <span class='ocrx_word' id='word_1_575' title='bbox 713 3851 1123 3922; x_wconf 80' lang='grc' dir='ltr'>νουθετούμενος</span> <span class='ocrx_word' id='word_1_576' title='bbox 1176 3855 1493 3923; x_wconf 81' lang='grc' dir='ltr'>σωφρονεῖν.</span> <span class='ocrx_word' id='word_1_577' title='bbox 1541 3851 1824 3916; x_wconf 82' lang='grc' dir='ltr'>Φαίνεται,</span> 
     </span>
    </p>
   </div>
   <div class='ocr_carea' id='block_1_81' title="bbox 1935 3851 3510 3930">
    <p class='ocr_par' dir='ltr' id='par_1_81' title="bbox 1935 3853 3510 3930">
     <span class='ocr_line' id='line_1_81' title="bbox 1935 3853 3510 3930; baseline 0.006 -23"><span class='ocrx_word' id='word_1_578' title='bbox 1935 3853 2145 3924; x_wconf 87' lang='lat' dir='ltr'><strong>Quippe</strong></span> <span class='ocrx_word' id='word_1_579' title='bbox 2183 3854 2400 3908; x_wconf 88' lang='lat' dir='ltr'><strong>vincula</strong></span> <span class='ocrx_word' id='word_1_580' title='bbox 2449 3854 2596 3910; x_wconf 89' lang='lat' dir='ltr'><strong>illius</strong></span> <span class='ocrx_word' id='word_1_581' title='bbox 2636 3855 2702 3908; x_wconf 92' lang='lat' dir='ltr'><strong>ad</strong></span> <span class='ocrx_word' id='word_1_582' title='bbox 2755 3856 2998 3911; x_wconf 88' lang='lat' dir='ltr'><strong>facinora</strong></span> <span class='ocrx_word' id='word_1_583' title='bbox 3041 3861 3302 3928; x_wconf 85' lang='lat' dir='ltr'><strong>impetum</strong></span> <span class='ocrx_word' id='word_1_584' title='bbox 3339 3865 3510 3930; x_wconf 80' lang='lat' dir='ltr'><strong>repri-</strong></span> 
     </span>
    </p>
   </div>
   <div class='ocr_carea' id='block_1_82' title="bbox 243 3934 3506 4018">
    <p class='ocr_par' dir='ltr' id='par_1_82' title="bbox 243 3934 3506 4018">
     <span class='ocr_line' id='line_1_82' title="bbox 243 3934 3506 4018; baseline 0.007 -32"><span class='ocrx_word' id='word_1_585' title='bbox 243 3948 372 4018; x_wconf 71' lang='grc' dir='ltr'>εφη,</span> <span class='ocrx_word' id='word_1_586' title='bbox 1936 3952 2129 4011; x_wconf 87' lang='lat' dir='ltr'><strong>munt,</strong></span> <span class='ocrx_word' id='word_1_587' title='bbox 2189 3945 2317 4000; x_wconf 93' lang='lat' dir='ltr'><strong>dum</strong></span> <span class='ocrx_word' id='word_1_588' title='bbox 2371 3961 2494 4015; x_wconf 67' lang='lat' dir='ltr'><strong>quae</strong></span> <span class='ocrx_word' id='word_1_589' title='bbox 2542 3947 2670 4001; x_wconf 82' lang='lat' dir='ltr'><strong>velit</strong></span> <span class='ocrx_word' id='word_1_590' title='bbox 2717 3962 2816 4017; x_wconf 92' lang='lat' dir='ltr'><strong>pro</strong></span> <span class='ocrx_word' id='word_1_591' title='bbox 2878 3950 3106 4005; x_wconf 91' lang='lat' dir='ltr'><strong>arbitrio</strong></span> <span class='ocrx_word' id='word_1_592' title='bbox 3167 3934 3343 4006; x_wconf 88' lang='lat' dir='ltr'><strong>facere</strong></span> <span class='ocrx_word' id='word_1_593' title='bbox 3398 3971 3506 4008; x_wconf 91' lang='lat' dir='ltr'><strong>non</strong></span> 
     </span>
    </p>
   </div>
   <div class='ocr_carea' id='block_1_83' title="bbox 246 4035 3508 4113">
    <p class='ocr_par' dir='ltr' id='par_1_83' title="bbox 246 4035 3508 4113">
     <span class='ocr_line' id='line_1_83' title="bbox 246 4035 3508 4113; baseline 0.001 -17"><span class='ocrx_word' id='word_1_594' title='bbox 246 4041 594 4112; x_wconf 83' lang='lat' dir='ltr'><strong>permittunt.</strong></span> <span class='ocrx_word' id='word_1_595' title='bbox 648 4037 815 4093; x_wconf 71' lang='lat' dir='ltr'><strong>Recte</strong></span> <span class='ocrx_word' id='word_1_596' title='bbox 871 4037 1114 4092; x_wconf 87' lang='lat' dir='ltr'><strong>omnino.</strong></span> <span class='ocrx_word' id='word_1_597' title='bbox 1175 4037 1316 4108; x_wconf 87' lang='lat' dir='ltr'><strong>Ergo</strong></span> <span class='ocrx_word' id='word_1_598' title='bbox 1364 4052 1393 4091; x_wconf 92' lang='lat' dir='ltr'><strong>a</strong></span> <span class='ocrx_word' id='word_1_599' title='bbox 1438 4035 1716 4107; x_wconf 89' lang='lat' dir='ltr'><strong>peccando</strong></span> <span class='ocrx_word' id='word_1_600' title='bbox 1779 4037 2128 4106; x_wconf 82' lang='lat' dir='ltr'><strong>prohibetur,</strong></span> <span class='ocrx_word' id='word_1_601' title='bbox 2187 4039 2333 4108; x_wconf 83' lang='lat' dir='ltr'><strong>quod</strong></span> <span class='ocrx_word' id='word_1_602' title='bbox 2398 4055 2523 4094; x_wconf 93' lang='lat' dir='ltr'><strong>eum</strong></span> <span class='ocrx_word' id='word_1_603' title='bbox 2582 4039 2798 4094; x_wconf 85' lang='lat' dir='ltr'><strong>vincula</strong></span> <span class='ocrx_word' id='word_1_604' title='bbox 2849 4040 3016 4096; x_wconf 86' lang='lat' dir='ltr'><strong>libere</strong></span> <span class='ocrx_word' id='word_1_605' title='bbox 3096 4043 3152 4097; x_wconf 89' lang='lat' dir='ltr'><strong>in</strong></span> <span class='ocrx_word' id='word_1_606' title='bbox 3201 4044 3508 4113; x_wconf 84' lang='lat' dir='ltr'><strong>voluptates</strong></span> 
     </span>
    </p>
   </div>
   <div class='ocr_carea' id='block_1_84' title="bbox 247 4131 3503 4206">
    <p class='ocr_par' dir='ltr' id='par_1_84' title="bbox 247 4131 3503 4206">
     <span class='ocr_line' id='line_1_84' title="bbox 247 4131 3503 4206; baseline 0.001 -19"><span class='ocrx_word' id='word_1_607' title='bbox 247 4134 583 4204; x_wconf 69' lang='lat' dir='ltr'><strong>pimcipitem</strong></span> <span class='ocrx_word' id='word_1_608' title='bbox 613 4132 738 4187; x_wconf 89' lang='lat' dir='ltr'><strong>ferri</strong></span> <span class='ocrx_word' id='word_1_609' title='bbox 761 4132 1070 4202; x_wconf 88' lang='lat' dir='ltr'><strong>prohibent,</strong></span> <span class='ocrx_word' id='word_1_610' title='bbox 1105 4131 1202 4188; x_wconf 88' lang='lat' dir='ltr'><strong>sed</strong></span> <span class='ocrx_word' id='word_1_611' title='bbox 1250 4138 1609 4202; x_wconf 88' lang='lat' dir='ltr'><strong>compescunt</strong></span> <span class='ocrx_word' id='word_1_612' title='bbox 1663 4131 1868 4201; x_wconf 88' lang='lat' dir='ltr'><strong>potius,</strong></span> <span class='ocrx_word' id='word_1_613' title='bbox 1928 4147 1992 4187; x_wconf 89' lang='lat' dir='ltr'><strong>ac</strong></span> <span class='ocrx_word' id='word_1_614' title='bbox 2035 4132 2303 4202; x_wconf 89' lang='lat' dir='ltr'><strong>iustitiam</strong></span> <span class='ocrx_word' id='word_1_615' title='bbox 2363 4135 2544 4190; x_wconf 91' lang='lat' dir='ltr'><strong>colere</strong></span> <span class='ocrx_word' id='word_1_616' title='bbox 2595 4137 2932 4204; x_wconf 86' lang='lat' dir='ltr'><strong>perdocent,</strong></span> <span class='ocrx_word' id='word_1_617' title='bbox 2993 4137 3170 4192; x_wconf 89' lang='lat' dir='ltr'><strong>donec</strong></span> <span class='ocrx_word' id='word_1_618' title='bbox 3229 4139 3503 4206; x_wconf 87' lang='lat' dir='ltr'><strong>eiusmodi</strong></span> 
     </span>
    </p>
   </div>
   <div class='ocr_carea' id='block_1_85' title="bbox 249 4227 2106 4300">
    <p class='ocr_par' dir='ltr' id='par_1_85' title="bbox 249 4227 2106 4300">
     <span class='ocr_line' id='line_1_85' title="bbox 249 4227 2106 4300; baseline -0.001 -16"><span class='ocrx_word' id='word_1_619' title='bbox 249 4231 610 4300; x_wconf 86' lang='lat' dir='ltr'><strong>castigatione</strong></span> <span class='ocrx_word' id='word_1_620' title='bbox 657 4230 1073 4299; x_wconf 88' lang='lat' dir='ltr'><strong>temperantiam</strong></span> <span class='ocrx_word' id='word_1_621' title='bbox 1126 4228 1432 4284; x_wconf 90' lang='lat' dir='ltr'><strong>condiscat.</strong></span> <span class='ocrx_word' id='word_1_622' title='bbox 1473 4228 1575 4292; x_wconf 91' lang='lat' dir='ltr'><strong>Ita,</strong></span> <span class='ocrx_word' id='word_1_623' title='bbox 1623 4228 1822 4298; x_wconf 85' lang='lat' dir='ltr'><strong>inquit,</strong></span> <span class='ocrx_word' id='word_1_624' title='bbox 1865 4227 2106 4284; x_wconf 88' lang='lat' dir='ltr'><strong>videtur.</strong></span> 
     </span>
    </p>
   </div>
   <div class='ocr_carea' id='block_1_86' title="bbox 319 4321 1831 4394">
    <p class='ocr_par' dir='ltr' id='par_1_86' title="bbox 319 4322 1831 4393">
     <span class='ocr_line' id='line_1_86' title="bbox 319 4322 1831 4393; baseline -0.002 -15"><span class='ocrx_word' id='word_1_625' title='bbox 319 4322 461 4378; x_wconf 72' lang='grc' dir='ltr'>Οὔτε</span> <span class='ocrx_word' id='word_1_626' title='bbox 499 4322 673 4376; x_wconf 87' lang='grc' dir='ltr'>τοίνυν</span> <span class='ocrx_word' id='word_1_627' title='bbox 703 4325 988 4393; x_wconf 86' lang='grc' dir='ltr'>παραίτιος</span> <span class='ocrx_word' id='word_1_628' title='bbox 1008 4326 1035 4376; x_wconf 83' lang='grc' dir='ltr'><strong>ό</strong></span> <span class='ocrx_word' id='word_1_629' title='bbox 1055 4323 1250 4393; x_wconf 86' lang='grc' dir='ltr'>δεσμὸς</span> <span class='ocrx_word' id='word_1_630' title='bbox 1269 4323 1513 4391; x_wconf 87' lang='grc' dir='ltr'>γίγνεται</span> <span class='ocrx_word' id='word_1_631' title='bbox 1538 4322 1630 4376; x_wconf 82' lang='grc' dir='ltr'><strong>τοῦ</strong></span> <span class='ocrx_word' id='word_1_632' title='bbox 1659 4323 1764 4392; x_wconf 88' lang='grc' dir='ltr'><strong>πλη</strong></span> <span class='ocrx_word' id='word_1_633' title='bbox 1773 4341 1831 4393; x_wconf 92' lang='grc' dir='ltr'>μ-</span> 
     </span>
    </p>
   </div>
   <div class='ocr_carea' id='block_1_87' title="bbox 1935 4321 3506 4394">
    <p class='ocr_par' dir='ltr' id='par_1_87' title="bbox 2005 4321 3506 4394">
     <span class='ocr_line' id='line_1_87' title="bbox 2005 4321 3506 4394; baseline -0.003 -16"><span class='ocrx_word' id='word_1_634' title='bbox 2005 4322 2126 4378; x_wconf 84' lang='grc' dir='ltr'><strong>Νοη</strong></span> <span class='ocrx_word' id='word_1_635' title='bbox 2167 4322 2334 4394; x_wconf 86' lang='lat' dir='ltr'><strong>igitur</strong></span> <span class='ocrx_word' id='word_1_636' title='bbox 2374 4322 2583 4392; x_wconf 86' lang='lat' dir='ltr'><strong>peccati</strong></span> <span class='ocrx_word' id='word_1_637' title='bbox 2617 4321 2782 4393; x_wconf 78' lang='lat'><strong>569</strong></span> <span class='ocrx_word' id='word_1_638' title='bbox 2813 4337 3036 4377; x_wconf 89' lang='lat' dir='ltr'><strong>causam</strong></span> <span class='ocrx_word' id='word_1_639' title='bbox 3073 4323 3290 4377; x_wconf 80' lang='lat' dir='ltr'><strong>vincula</strong></span> <span class='ocrx_word' id='word_1_640' title='bbox 3339 4321 3506 4376; x_wconf 86' lang='lat' dir='ltr'><strong>susti-</strong></span> 
     </span>
    </p>
   </div>
   <div class='ocr_carea' id='block_1_88' title="bbox 253 4413 1833 4484">
    <p class='ocr_par' dir='ltr' id='par_1_88' title="bbox 253 4413 1833 4484">
     <span class='ocr_line' id='line_1_88' title="bbox 253 4413 1833 4484; baseline -0.001 -17"><span class='ocrx_word' id='word_1_641' title='bbox 253 4415 457 4484; x_wconf 86' lang='grc' dir='ltr'>μελεῖν,</span> <span class='ocrx_word' id='word_1_642' title='bbox 485 4415 560 4478; x_wconf 88' lang='grc' dir='ltr'>ὠς</span> <span class='ocrx_word' id='word_1_643' title='bbox 587 4414 746 4468; x_wconf 84' lang='grc' dir='ltr'>ἔοικε.</span> <span class='ocrx_word' id='word_1_644' title='bbox 773 4413 1102 4484; x_wconf 80' lang='grc' dir='ltr'>Σωφρονίζει</span> <span class='ocrx_word' id='word_1_645' title='bbox 1130 4413 1258 4482; x_wconf 84' lang='grc' dir='ltr'>γὰρ,</span> <span class='ocrx_word' id='word_1_646' title='bbox 1283 4413 1378 4466; x_wconf 79' lang='grc' dir='ltr'>καὶ</span> <span class='ocrx_word' id='word_1_647' title='bbox 1407 4415 1550 4466; x_wconf 87' lang='grc' dir='ltr'>ποιεῖ</span> <span class='ocrx_word' id='word_1_648' title='bbox 1576 4413 1833 4467; x_wconf 86' lang='grc' dir='ltr'>δικαιοτέ-</span> 
     </span>
    </p>
   </div>
   <div class='ocr_carea' id='block_1_89' title="bbox 257 4505 1833 4578">
    <p class='ocr_par' dir='ltr' id='par_1_89' title="bbox 257 4505 1833 4578">
     <span class='ocr_line' id='line_1_89' title="bbox 257 4505 1833 4578; baseline -0.003 -18"><span class='ocrx_word' id='word_1_649' title='bbox 257 4525 382 4576; x_wconf 89' lang='grc' dir='ltr'>ρους</span> <span class='ocrx_word' id='word_1_650' title='bbox 422 4505 862 4578; x_wconf 75' lang='grc' dir='ltr'>ἁλεξιφάρμακον</span> <span class='ocrx_word' id='word_1_651' title='bbox 909 4505 984 4558; x_wconf 83' lang='grc' dir='ltr'>ὣν</span> <span class='ocrx_word' id='word_1_652' title='bbox 1020 4505 1225 4576; x_wconf 74' lang='grc' dir='ltr'>ψυχῆς,</span> <span class='ocrx_word' id='word_1_653' title='bbox 1272 4505 1542 4577; x_wconf 82' lang='grc' dir='ltr'>αὐστηρὸν</span> <span class='ocrx_word' id='word_1_654' title='bbox 1595 4505 1692 4574; x_wconf 78' lang='grc' dir='ltr'><strong>μὲν</strong></span> <span class='ocrx_word' id='word_1_655' title='bbox 1736 4505 1833 4557; x_wconf 73' lang='grc' dir='ltr'><strong>καὶ</strong></span> 
     </span>
    </p>
   </div>
   <div class='ocr_carea' id='block_1_90' title="bbox 253 4596 1854 4671">
    <p class='ocr_par' dir='ltr' id='par_1_90' title="bbox 253 4596 1854 4671">
     <span class='ocr_line' id='line_1_90' title="bbox 253 4596 1854 4671; baseline -0.002 -19"><span class='ocrx_word' id='word_1_656' title='bbox 253 4600 527 4671; x_wconf 78' lang='grc' dir='ltr'>δηκτικὸν,</span> <span class='ocrx_word' id='word_1_657' title='bbox 563 4599 699 4652; x_wconf 82' lang='grc' dir='ltr'>ἀλλὰ</span> <span class='ocrx_word' id='word_1_658' title='bbox 742 4598 968 4651; x_wconf 86' lang='grc' dir='ltr'>ίατικόν.</span> <span class='ocrx_word' id='word_1_659' title='bbox 1008 4597 1198 4666; x_wconf 83' lang='grc' dir='ltr'>Δῆλον,</span> <span class='ocrx_word' id='word_1_660' title='bbox 1238 4597 1362 4668; x_wconf 76' lang='grc' dir='ltr'>ἔφη.</span> <span class='ocrx_word' id='word_1_661' title='bbox 1406 4597 1470 4650; x_wconf 82' lang='grc' dir='ltr'><strong>Τί</strong></span> <span class='ocrx_word' id='word_1_662' title='bbox 1511 4597 1656 4668; x_wconf 85' lang='grc' dir='ltr'>γάρ;</span> <span class='ocrx_word' id='word_1_663' title='bbox 1697 4596 1854 4664; x_wconf 64' lang='grc' dir='ltr'>φέρει</span> 
     </span>
    </p>
   </div>
   <div class='ocr_carea' id='block_1_91' title="bbox 255 4687 1833 4765">
    <p class='ocr_par' dir='ltr' id='par_1_91' title="bbox 255 4687 1833 4765">
     <span class='ocr_line' id='line_1_91' title="bbox 255 4687 1833 4765; baseline -0.004 -20"><span class='ocrx_word' id='word_1_664' title='bbox 255 4693 364 4765; x_wconf 78' lang='grc' dir='ltr'><strong>γὰρ</strong></span> <span class='ocrx_word' id='word_1_665' title='bbox 398 4690 740 4761; x_wconf 70' lang='grc' dir='ltr'>ἐξετάζωμεν</span> <span class='ocrx_word' id='word_1_666' title='bbox 768 4689 928 4744; x_wconf 87' lang='grc' dir='ltr'>πάλιν</span> <span class='ocrx_word' id='word_1_667' title='bbox 965 4688 1036 4742; x_wconf 82' lang='grc' dir='ltr'><strong>τὰ</strong></span> <span class='ocrx_word' id='word_1_668' title='bbox 1069 4689 1400 4762; x_wconf 75' lang='grc' dir='ltr'>ἔμπροσθεν.</span> <span class='ocrx_word' id='word_1_669' title='bbox 1442 4690 1516 4743; x_wconf 82' lang='grc' dir='ltr'><strong>Οὐ</strong></span> <span class='ocrx_word' id='word_1_670' title='bbox 1543 4687 1742 4758; x_wconf 84' lang='grc' dir='ltr'>δεσμὸν</span> <span class='ocrx_word' id='word_1_671' title='bbox 1769 4687 1833 4740; x_wconf 83' lang='grc' dir='ltr'><strong>τὸ</strong></span> 
     </span>
    </p>
   </div>
   <div class='ocr_carea' id='block_1_92' title="bbox 260 4775 1828 4854">
    <p class='ocr_par' dir='ltr' id='par_1_92' title="bbox 260 4775 1828 4854">
     <span class='ocr_line' id='line_1_92' title="bbox 260 4775 1828 4854; baseline -0.003 -18"><span class='ocrx_word' id='word_1_672' title='bbox 260 4784 419 4854; x_wconf 91' lang='grc' dir='ltr'>σῶμα</span> <span class='ocrx_word' id='word_1_673' title='bbox 449 4783 537 4838; x_wconf 79' lang='grc' dir='ltr'>διὰ</span> <span class='ocrx_word' id='word_1_674' title='bbox 564 4782 664 4853; x_wconf 79' lang='grc' dir='ltr'><strong>τὴν</strong></span> <span class='ocrx_word' id='word_1_675' title='bbox 702 4781 1012 4852; x_wconf 76' lang='grc' dir='ltr'>παράϐασιν</span> <span class='ocrx_word' id='word_1_676' title='bbox 1049 4780 1286 4842; x_wconf 87' lang='grc' dir='ltr'>δέδωκας</span> <span class='ocrx_word' id='word_1_677' title='bbox 1315 4775 1453 4834; x_wconf 76' lang='grc' dir='ltr'>εἶναι</span> <span class='ocrx_word' id='word_1_678' title='bbox 1487 4779 1586 4850; x_wconf 81' lang='grc' dir='ltr'>τῆς</span> <span class='ocrx_word' id='word_1_679' title='bbox 1617 4778 1828 4848; x_wconf 78' lang='grc' dir='ltr'>ψυχῆς;</span> 
     </span>
    </p>
   </div>
   <div class='ocr_carea' id='block_1_93' title="bbox 260 4869 1835 4945">
    <p class='ocr_par' dir='ltr' id='par_1_93' title="bbox 260 4869 1835 4945">
     <span class='ocr_line' id='line_1_93' title="bbox 260 4869 1835 4945; baseline -0.004 -17"><span class='ocrx_word' id='word_1_680' title='bbox 260 4877 368 4928; x_wconf 73' lang='grc' dir='ltr'>Καὶ</span> <span class='ocrx_word' id='word_1_681' title='bbox 405 4875 617 4945; x_wconf 82' lang='grc' dir='ltr'>δίδωμι,</span> <span class='ocrx_word' id='word_1_682' title='bbox 661 4872 785 4943; x_wconf 77' lang='grc' dir='ltr'>ἔφη.</span> <span class='ocrx_word' id='word_1_683' title='bbox 841 4871 1200 4942; x_wconf 79' lang='grc' dir='ltr'>’Δμαρτὰνειν</span> <span class='ocrx_word' id='word_1_684' title='bbox 1251 4869 1308 4924; x_wconf 78' lang='grc' dir='ltr'><strong>δὲ</strong></span> <span class='ocrx_word' id='word_1_685' title='bbox 1349 4871 1449 4940; x_wconf 86' lang='grc' dir='ltr'>τὴν</span> <span class='ocrx_word' id='word_1_686' title='bbox 1485 4870 1660 4941; x_wconf 74' lang='grc' dir='ltr'>ψυχὴν</span> <span class='ocrx_word' id='word_1_687' title='bbox 1697 4869 1835 4940; x_wconf 85' lang='grc' dir='ltr'><strong>μετὰ</strong></span> 
     </span>
    </p>
   </div>
   <div class='ocr_carea' id='block_1_94' title="bbox 263 4958 1834 5032">
    <p class='ocr_par' dir='ltr' id='par_1_94' title="bbox 263 4958 1834 5032">
     <span class='ocr_line' id='line_1_94' title="bbox 263 4958 1834 5032; baseline -0.003 -18"><span class='ocrx_word' id='word_1_688' title='bbox 263 4960 528 5031; x_wconf 81' lang='grc' dir='ltr'>σώματος,</span> <span class='ocrx_word' id='word_1_689' title='bbox 563 4959 720 5032; x_wconf 81' lang='grc' dir='ltr'>εἴπερ</span> <span class='ocrx_word' id='word_1_690' title='bbox 743 4959 804 5012; x_wconf 86' lang='grc' dir='ltr'><strong>τὸ</strong></span> <span class='ocrx_word' id='word_1_691' title='bbox 834 4958 1146 5030; x_wconf 81' lang='grc' dir='ltr'>μοιχᾶσθαι,</span> <span class='ocrx_word' id='word_1_692' title='bbox 1182 4958 1428 5026; x_wconf 79' lang='grc' dir='ltr'>φονεύειν</span> <span class='ocrx_word' id='word_1_693' title='bbox 1459 4975 1518 5010; x_wconf 88' lang='grc' dir='ltr'><strong>τε</strong></span> <span class='ocrx_word' id='word_1_694' title='bbox 1579 4958 1671 5012; x_wconf 73' lang='grc' dir='ltr'><strong>καὶ</strong></span> <span class='ocrx_word' id='word_1_695' title='bbox 1705 4959 1834 5010; x_wconf 84' lang='grc' dir='ltr'>ἀσε-</span> 
     </span>
    </p>
   </div>
   <div class='ocr_carea' id='block_1_95' title="bbox 263 5050 1833 5124">
    <p class='ocr_par' dir='ltr' id='par_1_95' title="bbox 263 5050 1833 5124">
     <span class='ocr_line' id='line_1_95' title="bbox 263 5050 1833 5124; baseline -0.001 -19"><span class='ocrx_word' id='word_1_696' title='bbox 263 5054 375 5107; x_wconf 78' lang='grc' dir='ltr'>ϐεῖν</span> <span class='ocrx_word' id='word_1_697' title='bbox 401 5053 646 5124; x_wconf 84' lang='grc' dir='ltr'>ἁμαρτία</span> <span class='ocrx_word' id='word_1_698' title='bbox 675 5071 756 5106; x_wconf 91' lang='grc' dir='ltr'><strong>σοι</strong></span> <span class='ocrx_word' id='word_1_699' title='bbox 784 5053 955 5116; x_wconf 87' lang='grc' dir='ltr'>δοκεῖ,</span> <span class='ocrx_word' id='word_1_700' title='bbox 985 5051 1021 5106; x_wconf 79' lang='grc' dir='ltr'><strong>ἃ</strong></span> <span class='ocrx_word' id='word_1_701' title='bbox 1056 5051 1192 5122; x_wconf 80' lang='grc' dir='ltr'>μετὰ</span> <span class='ocrx_word' id='word_1_702' title='bbox 1229 5051 1322 5104; x_wconf 84' lang='grc' dir='ltr'>τοῦ</span> <span class='ocrx_word' id='word_1_703' title='bbox 1358 5052 1606 5122; x_wconf 82' lang='grc' dir='ltr'>σώματος</span> <span class='ocrx_word' id='word_1_704' title='bbox 1631 5052 1663 5122; x_wconf 85' lang='grc' dir='ltr'>ἡ</span> <span class='ocrx_word' id='word_1_705' title='bbox 1689 5050 1833 5121; x_wconf 80' lang='grc' dir='ltr'>ψυχὴ</span> 
     </span>
    </p>
   </div>
   <div class='ocr_carea' id='block_1_96' title="bbox 266 5143 1834 5214">
    <p class='ocr_par' dir='ltr' id='par_1_96' title="bbox 266 5143 1834 5214">
     <span class='ocr_line' id='line_1_96' title="bbox 266 5143 1834 5214; baseline -0.002 -15"><span class='ocrx_word' id='word_1_706' title='bbox 266 5149 438 5212; x_wconf 86' lang='grc' dir='ltr'>ποιεῖ;</span> <span class='ocrx_word' id='word_1_707' title='bbox 487 5145 826 5202; x_wconf 86' lang='grc' dir='ltr'>Ἐπένευσεν.</span> <span class='ocrx_word' id='word_1_708' title='bbox 865 5144 1024 5198; x_wconf 84' lang='grc' dir='ltr'>Ἀλλὰ</span> <span class='ocrx_word' id='word_1_709' title='bbox 1055 5144 1144 5198; x_wconf 81' lang='grc' dir='ltr'><strong>τὸν</strong></span> <span class='ocrx_word' id='word_1_710' title='bbox 1166 5143 1450 5214; x_wconf 82' lang='grc' dir='ltr'>δεσμώτην</span> <span class='ocrx_word' id='word_1_711' title='bbox 1477 5143 1834 5214; x_wconf 81' lang='grc' dir='ltr'>ὡμολογήσα-</span> 
     </span>
    </p>
   </div>
   <div class='ocr_carea' id='block_1_97' title="bbox 269 5234 1829 5306">
    <p class='ocr_par' dir='ltr' id='par_1_97' title="bbox 269 5234 1829 5306">
     <span class='ocr_line' id='line_1_97' title="bbox 269 5234 1829 5306; baseline 0 -19"><span class='ocrx_word' id='word_1_712' title='bbox 269 5251 363 5301; x_wconf 86' lang='grc' dir='ltr'><strong>μεν</strong></span> <span class='ocrx_word' id='word_1_713' title='bbox 427 5237 501 5306; x_wconf 81' lang='grc' dir='ltr'>μὴ</span> <span class='ocrx_word' id='word_1_714' title='bbox 557 5235 815 5289; x_wconf 86' lang='grc' dir='ltr'>δύνασθαι</span> <span class='ocrx_word' id='word_1_715' title='bbox 868 5234 1111 5300; x_wconf 83' lang='grc' dir='ltr'>ἀδικεῖν;</span> <span class='ocrx_word' id='word_1_716' title='bbox 1177 5234 1651 5305; x_wconf 84' lang='grc' dir='ltr'>Ὠμολογήσαμεν,</span> <span class='ocrx_word' id='word_1_717' title='bbox 1702 5234 1829 5302; x_wconf 76' lang='grc' dir='ltr'>ἔφη.</span> 
     </span>
    </p>
   </div>
   <div class='ocr_carea' id='block_1_98' title="bbox 268 5323 1829 5398">
    <p class='ocr_par' dir='ltr' id='par_1_98' title="bbox 268 5323 1829 5398">
     <span class='ocr_line' id='line_1_98' title="bbox 268 5323 1829 5398; baseline 0.001 -19"><span class='ocrx_word' id='word_1_718' title='bbox 268 5327 582 5382; x_wconf 79' lang='grc' dir='ltr'>κωλύεσθαι</span> <span class='ocrx_word' id='word_1_719' title='bbox 619 5329 677 5382; x_wconf 82' lang='grc' dir='ltr'><strong>δὲ</strong></span> <span class='ocrx_word' id='word_1_720' title='bbox 716 5328 1077 5398; x_wconf 87' lang='grc' dir='ltr'>ἀλγυνόμενον</span> <span class='ocrx_word' id='word_1_721' title='bbox 1119 5323 1222 5378; x_wconf 76' lang='grc' dir='ltr'><strong>ὑπὸ</strong></span> <span class='ocrx_word' id='word_1_722' title='bbox 1261 5325 1370 5380; x_wconf 89' lang='grc' dir='ltr'><strong>τῶν</strong></span> <span class='ocrx_word' id='word_1_723' title='bbox 1415 5325 1657 5396; x_wconf 88' lang='grc' dir='ltr'>δεσμῶν;</span> <span class='ocrx_word' id='word_1_724' title='bbox 1702 5326 1829 5382; x_wconf 89' lang='grc' dir='ltr'>Ναί.</span> 
     </span>
    </p>
   </div>
   <div class='ocr_carea' id='block_1_99' title="bbox 269 5416 1830 5491">
    <p class='ocr_par' dir='ltr' id='par_1_99' title="bbox 269 5416 1830 5491">
     <span class='ocr_line' id='line_1_99' title="bbox 269 5416 1830 5491; baseline -0.001 -21"><span class='ocrx_word' id='word_1_725' title='bbox 269 5420 471 5489; x_wconf 81' lang='grc' dir='ltr'>Δεσμδς</span> <span class='ocrx_word' id='word_1_726' title='bbox 521 5421 577 5474; x_wconf 80' lang='grc' dir='ltr'>δὲ</span> <span class='ocrx_word' id='word_1_727' title='bbox 616 5423 648 5491; x_wconf 83' lang='grc' dir='ltr'>ή</span> <span class='ocrx_word' id='word_1_728' title='bbox 707 5419 841 5487; x_wconf 74' lang='grc' dir='ltr'>σὰρξ</span> <span class='ocrx_word' id='word_1_729' title='bbox 881 5421 978 5490; x_wconf 83' lang='grc' dir='ltr'>τῆς</span> <span class='ocrx_word' id='word_1_730' title='bbox 1025 5419 1237 5488; x_wconf 81' lang='grc' dir='ltr'>ψυχῆς;</span> <span class='ocrx_word' id='word_1_731' title='bbox 1285 5417 1620 5470; x_wconf 84' lang='grc' dir='ltr'>Ἐπένευσεν.</span> <span class='ocrx_word' id='word_1_732' title='bbox 1670 5416 1830 5468; x_wconf 84' lang='grc' dir='ltr'>Ἀλλὰ</span> 
     </span>
    </p>
   </div>
   <div class='ocr_carea' id='block_1_100' title="bbox 272 5507 1830 5581">
    <p class='ocr_par' dir='ltr' id='par_1_100' title="bbox 272 5507 1830 5581">
     <span class='ocr_line' id='line_1_100' title="bbox 272 5507 1830 5581; baseline -0.001 -21"><span class='ocrx_word' id='word_1_733' title='bbox 272 5509 649 5581; x_wconf 83' lang='grc' dir='ltr'>ἁμαρτάνομεν</span> <span class='ocrx_word' id='word_1_734' title='bbox 688 5512 837 5573; x_wconf 75' lang='grc' dir='ltr'>ὄντες</span> <span class='ocrx_word' id='word_1_735' title='bbox 879 5513 933 5563; x_wconf 84' lang='grc' dir='ltr'>ὲν</span> <span class='ocrx_word' id='word_1_736' title='bbox 973 5509 1152 5579; x_wconf 75' lang='grc' dir='ltr'>σαρκὶ,</span> <span class='ocrx_word' id='word_1_737' title='bbox 1193 5507 1548 5578; x_wconf 85' lang='grc' dir='ltr'>όμοδοξούσης</span> <span class='ocrx_word' id='word_1_738' title='bbox 1591 5509 1722 5577; x_wconf 80' lang='grc' dir='ltr'>ἡμῖν</span> <span class='ocrx_word' id='word_1_739' title='bbox 1753 5509 1830 5570; x_wconf 86' lang='grc' dir='ltr'>εἰς</span> 
     </span>
    </p>
   </div>
   <div class='ocr_carea' id='block_1_101' title="bbox 271 5598 1831 5678">
    <p class='ocr_par' dir='ltr' id='par_1_101' title="bbox 271 5598 1831 5678">
     <span class='ocr_line' id='line_1_101' title="bbox 271 5598 1831 5678; baseline -0.005 -20"><span class='ocrx_word' id='word_1_740' title='bbox 271 5599 425 5658; x_wconf 83' lang='grc' dir='ltr'>τοῦτο</span> <span class='ocrx_word' id='word_1_741' title='bbox 454 5602 550 5674; x_wconf 81' lang='grc' dir='ltr'>τῆς</span> <span class='ocrx_word' id='word_1_742' title='bbox 584 5602 819 5678; x_wconf 83' lang='grc' dir='ltr'>σαρκός;</span> <span class='ocrx_word' id='word_1_743' title='bbox 866 5598 1294 5670; x_wconf 54' lang='grc' dir='ltr'>’Λμαρτάνομεκη</span> <span class='ocrx_word' id='word_1_744' title='bbox 1331 5598 1453 5671; x_wconf 75' lang='grc' dir='ltr'>ἔφη.</span> <span class='ocrx_word' id='word_1_745' title='bbox 1498 5599 1554 5651; x_wconf 88' lang='lat'><strong>&#39;0</strong></span> <span class='ocrx_word' id='word_1_746' title='bbox 1579 5599 1633 5653; x_wconf 82' lang='grc' dir='ltr'><strong>δὲ</strong></span> <span class='ocrx_word' id='word_1_747' title='bbox 1666 5615 1831 5651; x_wconf 83' lang='grc' dir='ltr'>πεπε-</span> 
     </span>
    </p>
   </div>
   <div class='ocr_carea' id='block_1_102' title="bbox 1930 4413 3505 4484">
    <p class='ocr_par' dir='ltr' id='par_1_102' title="bbox 1930 4413 3505 4484">
     <span class='ocr_line' id='line_1_102' title="bbox 1930 4413 3505 4484; baseline -0.004 -14"><span class='ocrx_word' id='word_1_748' title='bbox 1930 4431 2064 4472; x_wconf 85' lang='lat' dir='ltr'><strong>nere</strong></span> <span class='ocrx_word' id='word_1_749' title='bbox 2089 4415 2366 4478; x_wconf 83' lang='lat' dir='ltr'><strong>videntur,</strong></span> <span class='ocrx_word' id='word_1_750' title='bbox 2399 4414 2494 4469; x_wconf 83' lang='lat' dir='ltr'><strong>sed</strong></span> <span class='ocrx_word' id='word_1_751' title='bbox 2526 4414 2640 4469; x_wconf 74' lang='lat' dir='ltr'><strong>hzec</strong></span> <span class='ocrx_word' id='word_1_752' title='bbox 2665 4415 2848 4484; x_wconf 86' lang='lat' dir='ltr'><strong>potius</strong></span> <span class='ocrx_word' id='word_1_753' title='bbox 2871 4414 2937 4468; x_wconf 92' lang='lat' dir='ltr'><strong>ad</strong></span> <span class='ocrx_word' id='word_1_754' title='bbox 2959 4413 3198 4468; x_wconf 83' lang='lat' dir='ltr'><strong>officium</strong></span> <span class='ocrx_word' id='word_1_755' title='bbox 3223 4421 3505 4481; x_wconf 84' lang='lat' dir='ltr'><strong>revocant,</strong></span> 
     </span>
    </p>
   </div>
   <div class='ocr_carea' id='block_1_103' title="bbox 1932 4504 3506 4575">
    <p class='ocr_par' dir='ltr' id='par_1_103' title="bbox 1932 4504 3506 4575">
     <span class='ocr_line' id='line_1_103' title="bbox 1932 4504 3506 4575; baseline -0.002 -15"><span class='ocrx_word' id='word_1_756' title='bbox 1932 4521 1995 4560; x_wconf 89' lang='lat' dir='ltr'><strong>ac</strong></span> <span class='ocrx_word' id='word_1_757' title='bbox 2018 4506 2279 4575; x_wconf 86' lang='lat' dir='ltr'><strong>iustiores</strong></span> <span class='ocrx_word' id='word_1_758' title='bbox 2306 4504 2581 4570; x_wconf 73' lang='lat' dir='ltr'><strong>efﬁciunt,</strong></span> <span class='ocrx_word' id='word_1_759' title='bbox 2614 4520 2738 4559; x_wconf 90' lang='lat' dir='ltr'><strong>cum</strong></span> <span class='ocrx_word' id='word_1_760' title='bbox 2772 4506 2917 4560; x_wconf 76' lang='lat' dir='ltr'><strong>velut</strong></span> <span class='ocrx_word' id='word_1_761' title='bbox 2955 4505 3275 4574; x_wconf 64' lang='lat' dir='ltr'><strong>praesidiarii</strong></span> <span class='ocrx_word' id='word_1_762' title='bbox 3317 4505 3506 4572; x_wconf 87' lang='lat' dir='ltr'><strong>cuius-</strong></span> 
     </span>
    </p>
   </div>
   <div class='ocr_carea' id='block_1_104' title="bbox 1934 4595 3504 4664">
    <p class='ocr_par' dir='ltr' id='par_1_104' title="bbox 1934 4595 3504 4664">
     <span class='ocr_line' id='line_1_104' title="bbox 1934 4595 3504 4664; baseline -0.003 -14"><span class='ocrx_word' id='word_1_763' title='bbox 1934 4596 2060 4650; x_wconf 89' lang='lat' dir='ltr'><strong>dam</strong></span> <span class='ocrx_word' id='word_1_764' title='bbox 2109 4596 2491 4651; x_wconf 86' lang='lat' dir='ltr'><strong>medicamenti</strong></span> <span class='ocrx_word' id='word_1_765' title='bbox 2519 4596 2639 4650; x_wconf 89' lang='lat' dir='ltr'><strong>loco</strong></span> <span class='ocrx_word' id='word_1_766' title='bbox 2666 4596 2812 4662; x_wconf 88' lang='lat' dir='ltr'><strong>sint;</strong></span> <span class='ocrx_word' id='word_1_767' title='bbox 2838 4596 3043 4650; x_wconf 90' lang='lat' dir='ltr'><strong>austeri</strong></span> <span class='ocrx_word' id='word_1_768' title='bbox 3077 4595 3297 4664; x_wconf 88' lang='lat' dir='ltr'><strong>quidem</strong></span> <span class='ocrx_word' id='word_1_769' title='bbox 3335 4595 3504 4654; x_wconf 87' lang='lat' dir='ltr'><strong>illius,</strong></span> 
     </span>
    </p>
   </div>
   <div class='ocr_carea' id='block_1_105' title="bbox 1933 4685 3509 4757">
    <p class='ocr_par' dir='ltr' id='par_1_105' title="bbox 1933 4685 3509 4757">
     <span class='ocr_line' id='line_1_105' title="bbox 1933 4685 3509 4757; baseline -0.002 -17"><span class='ocrx_word' id='word_1_770' title='bbox 1933 4701 1998 4741; x_wconf 91' lang='lat' dir='ltr'><strong>ac</strong></span> <span class='ocrx_word' id='word_1_771' title='bbox 2023 4687 2316 4751; x_wconf 88' lang='lat' dir='ltr'><strong>mordacis,</strong></span> <span class='ocrx_word' id='word_1_772' title='bbox 2346 4687 2439 4742; x_wconf 90' lang='lat' dir='ltr'><strong>sed</strong></span> <span class='ocrx_word' id='word_1_773' title='bbox 2472 4695 2652 4741; x_wconf 89' lang='lat' dir='ltr'><strong>tamen</strong></span> <span class='ocrx_word' id='word_1_774' title='bbox 2679 4686 3110 4757; x_wconf 73' lang='lat' dir='ltr'><strong>praesentissimi.</strong></span> <span class='ocrx_word' id='word_1_775' title='bbox 3147 4685 3509 4756; x_wconf 88' lang='lat' dir='ltr'><strong>Perspicuum</strong></span> 
     </span>
    </p>
   </div>
   <div class='ocr_carea' id='block_1_106' title="bbox 1934 4779 3509 4850">
    <p class='ocr_par' dir='ltr' id='par_1_106' title="bbox 1934 4779 3509 4850">
     <span class='ocr_line' id='line_1_106' title="bbox 1934 4779 3509 4850; baseline -0.003 -16"><span class='ocrx_word' id='word_1_776' title='bbox 1934 4779 2072 4834; x_wconf 88' lang='lat' dir='ltr'><strong>illttd</strong></span> <span class='ocrx_word' id='word_1_777' title='bbox 2108 4789 2214 4846; x_wconf 91' lang='lat' dir='ltr'><strong>est,</strong></span> <span class='ocrx_word' id='word_1_778' title='bbox 2272 4779 2470 4848; x_wconf 79' lang='lat' dir='ltr'><strong>inquit.</strong></span> <span class='ocrx_word' id='word_1_779' title='bbox 2512 4779 2652 4846; x_wconf 89' lang='lat' dir='ltr'><strong>Quid</strong></span> <span class='ocrx_word' id='word_1_780' title='bbox 2703 4780 2904 4848; x_wconf 87' lang='lat' dir='ltr'><strong>porro?</strong></span> <span class='ocrx_word' id='word_1_781' title='bbox 2939 4795 3058 4850; x_wconf 88' lang='lat' dir='ltr'><strong>age,</strong></span> <span class='ocrx_word' id='word_1_782' title='bbox 3117 4795 3334 4835; x_wconf 89' lang='lat' dir='ltr'><strong>rursum</strong></span> <span class='ocrx_word' id='word_1_783' title='bbox 3387 4795 3509 4848; x_wconf 75' lang='lat' dir='ltr'><strong>qua:</strong></span> 
     </span>
    </p>
   </div>
   <div class='ocr_carea' id='block_1_107' title="bbox 1934 4869 3508 4942">
    <p class='ocr_par' dir='ltr' id='par_1_107' title="bbox 1934 4869 3508 4942">
     <span class='ocr_line' id='line_1_107' title="bbox 1934 4869 3508 4942; baseline -0.004 -15"><span class='ocrx_word' id='word_1_784' title='bbox 1934 4872 2189 4942; x_wconf 88' lang='lat' dir='ltr'><strong>superius</strong></span> <span class='ocrx_word' id='word_1_785' title='bbox 2227 4873 2405 4942; x_wconf 91' lang='lat' dir='ltr'><strong>posita</strong></span> <span class='ocrx_word' id='word_1_786' title='bbox 2454 4880 2583 4927; x_wconf 86' lang='lat' dir='ltr'><strong>sunt</strong></span> <span class='ocrx_word' id='word_1_787' title='bbox 2632 4873 3028 4941; x_wconf 80' lang='lat' dir='ltr'><strong>expendamus.</strong></span> <span class='ocrx_word' id='word_1_788' title='bbox 3064 4869 3185 4925; x_wconf 85' lang='lat' dir='ltr'><strong>Non</strong></span> <span class='ocrx_word' id='word_1_789' title='bbox 3214 4880 3267 4923; x_wconf 94' lang='lat' dir='ltr'><strong>tu</strong></span> <span class='ocrx_word' id='word_1_790' title='bbox 3307 4884 3508 4939; x_wconf 87' lang='lat' dir='ltr'><strong>corpus</strong></span> 
     </span>
    </p>
   </div>
   <div class='ocr_carea' id='block_1_108' title="bbox 1932 4962 3510 5032">
    <p class='ocr_par' dir='ltr' id='par_1_108' title="bbox 1932 4962 3510 5032">
     <span class='ocr_line' id='line_1_108' title="bbox 1932 4962 3510 5032; baseline -0.003 -14"><span class='ocrx_word' id='word_1_791' title='bbox 1932 4964 2001 5018; x_wconf 93' lang='lat' dir='ltr'><strong>ob</strong></span> <span class='ocrx_word' id='word_1_792' title='bbox 2050 4962 2330 5027; x_wconf 89' lang='lat' dir='ltr'><strong>delictum,</strong></span> <span class='ocrx_word' id='word_1_793' title='bbox 2379 4963 2652 5032; x_wconf 90' lang='lat' dir='ltr'><strong>quoddam</strong></span> <span class='ocrx_word' id='word_1_794' title='bbox 2706 4964 2901 5017; x_wconf 74' lang='lat' dir='ltr'><strong>animae</strong></span> <span class='ocrx_word' id='word_1_795' title='bbox 2942 4962 3221 5016; x_wconf 84' lang='lat' dir='ltr'><strong>vinculum</strong></span> <span class='ocrx_word' id='word_1_796' title='bbox 3249 4975 3372 5015; x_wconf 89' lang='lat' dir='ltr'><strong>esse</strong></span> <span class='ocrx_word' id='word_1_797' title='bbox 3403 4969 3510 5015; x_wconf 83' lang='lat' dir='ltr'><strong>sta-</strong></span> 
     </span>
    </p>
   </div>
   <div class='ocr_carea' id='block_1_109' title="bbox 1930 5046 3512 5124">
    <p class='ocr_par' dir='ltr' id='par_1_109' title="bbox 1930 5046 3512 5124">
     <span class='ocr_line' id='line_1_109' title="bbox 1930 5046 3512 5124; baseline -0.003 -16"><span class='ocrx_word' id='word_1_798' title='bbox 1930 5055 2118 5109; x_wconf 89' lang='lat' dir='ltr'><strong>tuisti?</strong></span> <span class='ocrx_word' id='word_1_799' title='bbox 2154 5054 2267 5124; x_wconf 86' lang='lat' dir='ltr'><strong>Ego</strong></span> <span class='ocrx_word' id='word_1_800' title='bbox 2294 5070 2424 5108; x_wconf 89' lang='lat' dir='ltr'><strong>vero</strong></span> <span class='ocrx_word' id='word_1_801' title='bbox 2477 5046 2678 5117; x_wconf 75' lang='lat' dir='ltr'><strong>statuo,</strong></span> <span class='ocrx_word' id='word_1_802' title='bbox 2727 5054 2923 5124; x_wconf 92' lang='lat' dir='ltr'><strong>inquit.</strong></span> <span class='ocrx_word' id='word_1_803' title='bbox 2955 5053 3036 5108; x_wconf 85' lang='lat' dir='ltr'><strong>Ad</strong></span> <span class='ocrx_word' id='word_1_804' title='bbox 3095 5053 3230 5116; x_wconf 72' lang='lat' dir='ltr'><strong>haec,</strong></span> <span class='ocrx_word' id='word_1_805' title='bbox 3284 5067 3512 5120; x_wconf 84' lang='lat' dir='ltr'><strong>peccare</strong></span> 
     </span>
    </p>
   </div>
   <div class='ocr_carea' id='block_1_110' title="bbox 1931 5141 3507 5212">
    <p class='ocr_par' dir='ltr' id='par_1_110' title="bbox 1931 5141 3507 5212">
     <span class='ocr_line' id='line_1_110' title="bbox 1931 5141 3507 5212; baseline -0.001 -18"><span class='ocrx_word' id='word_1_806' title='bbox 1931 5155 2056 5194; x_wconf 91' lang='lat' dir='ltr'><strong>cum</strong></span> <span class='ocrx_word' id='word_1_807' title='bbox 2090 5155 2320 5210; x_wconf 88' lang='lat' dir='ltr'><strong>corpore</strong></span> <span class='ocrx_word' id='word_1_808' title='bbox 2347 5141 2608 5202; x_wconf 85' lang='lat' dir='ltr'><strong>animam.</strong></span> <span class='ocrx_word' id='word_1_809' title='bbox 2665 5143 2710 5196; x_wconf 91' lang='lat' dir='ltr'><strong>si</strong></span> <span class='ocrx_word' id='word_1_810' title='bbox 2739 5142 2961 5212; x_wconf 92' lang='lat' dir='ltr'><strong>quidem</strong></span> <span class='ocrx_word' id='word_1_811' title='bbox 2998 5142 3350 5207; x_wconf 89' lang='lat' dir='ltr'><strong>adulterium,</strong></span> <span class='ocrx_word' id='word_1_812' title='bbox 3379 5156 3507 5211; x_wconf 87' lang='lat' dir='ltr'><strong>par-</strong></span> 
     </span>
    </p>
   </div>
   <div class='ocr_carea' id='block_1_111' title="bbox 1936 5231 3511 5304">
    <p class='ocr_par' dir='ltr' id='par_1_111' title="bbox 1936 5231 3511 5304">
     <span class='ocr_line' id='line_1_111' title="bbox 1936 5231 3511 5304; baseline 0 -20"><span class='ocrx_word' id='word_1_813' title='bbox 1936 5231 2186 5285; x_wconf 83' lang='lat' dir='ltr'><strong>ricidium</strong></span> <span class='ocrx_word' id='word_1_814' title='bbox 2209 5240 2263 5285; x_wconf 90' lang='lat' dir='ltr'><strong>et</strong></span> <span class='ocrx_word' id='word_1_815' title='bbox 2291 5231 2540 5301; x_wconf 85' lang='lat' dir='ltr'><strong>impietas</strong></span> <span class='ocrx_word' id='word_1_816' title='bbox 2565 5243 2787 5300; x_wconf 90' lang='lat' dir='ltr'><strong>peccata</strong></span> <span class='ocrx_word' id='word_1_817' title='bbox 2811 5242 2960 5299; x_wconf 89' lang='lat' dir='ltr'><strong>sunt,</strong></span> <span class='ocrx_word' id='word_1_818' title='bbox 2986 5248 3108 5304; x_wconf 70' lang='lat' dir='ltr'><strong>qua:</strong></span> <span class='ocrx_word' id='word_1_819' title='bbox 3131 5248 3256 5286; x_wconf 77' lang='lat' dir='ltr'><strong>cum</strong></span> <span class='ocrx_word' id='word_1_820' title='bbox 3281 5247 3511 5302; x_wconf 87' lang='lat' dir='ltr'><strong>corpore</strong></span> 
     </span>
    </p>
   </div>
   <div class='ocr_carea' id='block_1_112' title="bbox 1936 5321 3502 5394">
    <p class='ocr_par' dir='ltr' id='par_1_112' title="bbox 1936 5321 3502 5394">
     <span class='ocr_line' id='line_1_112' title="bbox 1936 5321 3502 5394; baseline -0.002 -19"><span class='ocrx_word' id='word_1_821' title='bbox 1936 5321 2115 5375; x_wconf 89' lang='lat' dir='ltr'><strong>anima</strong></span> <span class='ocrx_word' id='word_1_822' title='bbox 2162 5322 2482 5390; x_wconf 84' lang='lat' dir='ltr'><strong>perpetrat?</strong></span> <span class='ocrx_word' id='word_1_823' title='bbox 2518 5322 2806 5378; x_wconf 80' lang='lat' dir='ltr'><strong>Annuente</strong></span> <span class='ocrx_word' id='word_1_824' title='bbox 2849 5325 2982 5379; x_wconf 87' lang='lat' dir='ltr'><strong>illo:</strong></span> <span class='ocrx_word' id='word_1_825' title='bbox 3030 5323 3225 5394; x_wconf 76' lang='lat' dir='ltr'><strong>Atqui,</strong></span> <span class='ocrx_word' id='word_1_826' title='bbox 3259 5325 3502 5392; x_wconf 86' lang='lat' dir='ltr'><strong>inquam,</strong></span> 
     </span>
    </p>
   </div>
   <div class='ocr_carea' id='block_1_113' title="bbox 1938 5411 3505 5489">
    <p class='ocr_par' dir='ltr' id='par_1_113' title="bbox 1938 5411 3505 5489">
     <span class='ocr_line' id='line_1_113' title="bbox 1938 5411 3505 5489; baseline -0.003 -23"><span class='ocrx_word' id='word_1_827' title='bbox 1938 5413 2176 5468; x_wconf 90' lang='lat' dir='ltr'><strong>vinctum</strong></span> <span class='ocrx_word' id='word_1_828' title='bbox 2201 5414 2380 5468; x_wconf 90' lang='lat' dir='ltr'><strong>scelus</strong></span> <span class='ocrx_word' id='word_1_829' title='bbox 2404 5415 2610 5469; x_wconf 90' lang='lat' dir='ltr'><strong>nullum</strong></span> <span class='ocrx_word' id='word_1_830' title='bbox 2629 5417 2967 5489; x_wconf 83' lang='lat' dir='ltr'><strong>committere</strong></span> <span class='ocrx_word' id='word_1_831' title='bbox 2993 5431 3152 5485; x_wconf 90' lang='lat' dir='ltr'><strong>posse</strong></span> <span class='ocrx_word' id='word_1_832' title='bbox 3175 5411 3505 5470; x_wconf 77' lang='lat' dir='ltr'><strong>fatebantur?</strong></span> 
     </span>
    </p>
   </div>
   <div class='ocr_carea' id='block_1_114' title="bbox 1939 5504 3503 5578">
    <p class='ocr_par' dir='ltr' id='par_1_114' title="bbox 1939 5504 3503 5578">
     <span class='ocr_line' id='line_1_114' title="bbox 1939 5504 3503 5578; baseline -0.001 -20"><span class='ocrx_word' id='word_1_833' title='bbox 1939 5505 2091 5561; x_wconf 85' lang='lat' dir='ltr'><strong>Fassi</strong></span> <span class='ocrx_word' id='word_1_834' title='bbox 2142 5507 2366 5561; x_wconf 91' lang='lat' dir='ltr'><strong>omnino</strong></span> <span class='ocrx_word' id='word_1_835' title='bbox 2417 5523 2638 5571; x_wconf 90' lang='lat' dir='ltr'><strong>sumus,</strong></span> <span class='ocrx_word' id='word_1_836' title='bbox 2695 5508 2894 5578; x_wconf 89' lang='lat' dir='ltr'><strong>inquit,</strong></span> <span class='ocrx_word' id='word_1_837' title='bbox 2932 5510 3274 5564; x_wconf 84' lang='lat' dir='ltr'><strong>vinculorum</strong></span> <span class='ocrx_word' id='word_1_838' title='bbox 3305 5504 3503 5572; x_wconf 78' lang='lat' dir='ltr'><strong>quippe</strong></span> 
     </span>
    </p>
   </div>
   <div class='ocr_carea' id='block_1_115' title="bbox 1939 5596 3501 5670">
    <p class='ocr_par' dir='ltr' id='par_1_115' title="bbox 1939 5596 3501 5670">
     <span class='ocr_line' id='line_1_115' title="bbox 1939 5596 3501 5670; baseline -0.003 -19"><span class='ocrx_word' id='word_1_839' title='bbox 1939 5596 2128 5653; x_wconf 86' lang='lat' dir='ltr'><strong>dolore</strong></span> <span class='ocrx_word' id='word_1_840' title='bbox 2187 5600 2542 5670; x_wconf 84' lang='lat' dir='ltr'><strong>cruciatuquc</strong></span> <span class='ocrx_word' id='word_1_841' title='bbox 2595 5599 2872 5668; x_wconf 82' lang='lat' dir='ltr'><strong>prohiberi</strong></span> <span class='ocrx_word' id='word_1_842' title='bbox 2908 5601 3094 5655; x_wconf 87' lang='lat' dir='ltr'><strong>ctiam.</strong></span> <span class='ocrx_word' id='word_1_843' title='bbox 3130 5598 3339 5665; x_wconf 85' lang='lat' dir='ltr'><strong>Corpus</strong></span> <span class='ocrx_word' id='word_1_844' title='bbox 3372 5604 3501 5645; x_wconf 81' lang='lat' dir='ltr'><strong>vero</strong></span> 
     </span>
    </p>
   </div>
  </div>
