3948 6068
411 121 547 179 1143

1816 129 1873 186 S.
1905 129 2244 188 EPIPHANII

3510 107 3650 183 im

410 251 542 291 num
572 235 766 291 animm
796 239 1074 295 vinculum
1115 243 1243 298 est?
1279 233 1604 297 Afﬁrmavit.
1646 240 1969 299 Utrumnam

2085 246 2135 316 5η
2145 246 2306 317 μένος
2325 244 2383 298 οὐ
2403 244 2624 299 δύναται
2648 241 2981 314 ἁμαρτάνειν
2999 256 3014 305 ;
3036 238 3149 293 Καὶ
3173 236 3409 292 ἐνταῦθα
3430 237 3654 293 ἐπένευ-

410 327 577 398 igitur
608 330 850 398 quandiu
885 332 937 385 in
969 332 1076 386 hoc
1124 347 1352 403 corpore
1407 347 1617 395 sumus,
1673 333 1747 387 ita
1794 348 1982 404 pecca-

410 432 555 480 mus,
608 427 667 473 ut
700 419 766 472 ad
823 419 878 473 id
922 435 1053 475 caro
1102 420 1221 491 ipsa
1273 422 1619 477 consentiat?
1654 421 1975 482 Peccamus.

407 506 605 578 inquit.
644 510 712 562 At
742 510 835 580 qui
864 512 1194 568 constrictus
1227 520 1332 579 est,
1373 518 1598 583 peécare
1627 528 1735 568 non
1767 512 1981 583 potest?

410 596 475 652 Et
533 599 658 655 huic
715 602 920 671 pariter
968 617 1230 661 assensus
1286 612 1389 660 est.
1452 604 1686 675 Angitur
1728 604 1874 660 enim
1915 618 1980 659 ac

410 698 713 747 coercetur.
754 691 942 762 Recte,
981 696 1177 768 inquit.
1216 696 1352 752 Nam
1383 697 1452 752 ab
1487 695 1721 751 vinculis
1765 695 1980 773 inhibe:-

408 780 537 833 tur?
564 780 683 837 Non
715 785 936 840 dubium
965 796 1069 855 est,
1108 788 1411 859 respondit.
1442 787 1642 842 Verum
1675 801 1875 856 corpus
1908 785 1977 840 ad

409 874 742 940 peccandum
769 877 1148 935 administrum
1171 882 1287 936 est?
1319 880 1436 945 Est,
1465 879 1660 950 inquit.
1687 876 1972 932 Vinculum

2077 352 2189 389 σεν.
2222 336 2482 404 Ἀγχεται
2505 334 2634 404 γάρ.
2665 331 2790 387 Ναί.
2816 331 2909 403 Μὴ
2929 330 3162 401 ὲώμενος
3183 328 3288 382 ὑπὸ
3304 327 3400 381 τοῦ
3421 328 3648 400 δεσμοῦς

2075 426 2260 496 Δῆλον.
2316 425 2475 478 Ἀλλά
2536 425 2597 477 τὸ
2646 425 2743 495 μὲν
2806 423 2966 494 σῶμα
3023 422 3160 494 πρὸς
3213 422 3276 475 τὸ
3335 422 3649 492 ἀμαρτῆσαι

2078 515 2373 588 συνεργόν;
2425 515 2550 568 Ναί.
2605 516 2793 586 Εῐργει
2827 514 2885 567 δὲ
2931 515 2960 566 ό
3017 511 3233 582 δεσμός.
3268 510 3501 580 Συνέφη.
3536 511 3650 564 Οὐκ

2077 605 2185 677 ἄρα
2213 605 2274 658 τὸ
2304 604 2463 675 σῶμα
2491 606 2520 658 ό
2546 603 2760 675 δεσμὸς,
2791 601 2914 655 οὔτε
2950 601 3091 655 κατά
3126 601 3205 663 σὲ,
3242 598 3366 653 οὔτε
3386 596 3528 652 κατά
3551 597 3650 652 ἀλ-
3735 661 3751 672 ⁸

2082 697 2194 758 λον,
2247 694 2410 767 ἔφην,
2449 690 2494 748 ὦ
2538 694 2874 764 Ἀγλαοφῶψ
2916 692 3052 747 ἀλλὰ
3107 692 3244 763 πρὸς
3287 690 3549 761 ἑκάτερον
3582 691 3647 760 τῇ

2079 787 2223 858 ψυχῇ
2258 788 2535 860 συνεργὸν,
2581 789 2692 841 εἴτε
2743 785 2878 858 πρὸς
2912 785 2974 838 τὸ
3019 784 3252 855 ἀγαθὸν,
3289 783 3397 836 εἴτε
3430 780 3650 852 πρδςτδ

2080 877 2268 931 κακόν.
2304 877 2627 949 Συνεχώρει.

409 967 589 1015 autem
644 966 895 1022 coercet?
930 968 1157 1023 Annuit.
1221 967 1483 1040 Sequitur
1529 966 1756 1039 proinde
1794 981 1972 1036 neque
2038 981 2103 1022 ex
2153 977 2266 1030 tua,
2318 967 2674 1038 Aglaophon,
2725 981 2904 1037 neque
2949 980 3014 1020 ex
3077 964 3306 1019 alterius
3356 963 3647 1026 sententia,

410 1055 688 1113 vinculum
747 1074 869 1117 esse
921 1076 1151 1132 corpus;
1208 1063 1304 1120 sed
1351 1063 1419 1118 ad
1483 1062 1787 1124 utrumvis,
1829 1071 1939 1115 tam
1989 1060 2194 1116 bonum
2249 1062 2490 1129 scilicet,
2540 1076 2704 1133 quam
2752 1061 2986 1123 malum,
3037 1058 3234 1113 animae
3279 1056 3498 1126 adjutor
3542 1067 3647 1110 est.

409 1150 708 1207 Concess‘t.

480 1264 640 1323 XLV.
681 1267 806 1325 Haec
837 1285 961 1327 cum
994 1273 1069 1327 ita
1132 1272 1262 1339 sint,
1315 1282 1468 1329 tuum
1515 1280 1620 1339 est,
1643 1274 1981 1347 Aglaophon,

2153 1270 2285 1327 ME'.
2310 1268 2517 1325 Οὐκοῦν
2545 1268 2686 1323 οὕτω
2711 1267 2776 1339 δὴ
2798 1266 3000 1320 τούτων
3034 1264 3265 1335 ἐχόντων
3293 1264 3646 1337 ἀπολόγησαι,

413 1373 647 1428 purgare
692 1376 812 1431 qua:
862 1372 1025 1418 antea
1077 1364 1332 1434 posuisti.
1369 1365 1571 1421 Aiehas
1599 1366 1743 1420 enim
1782 1379 1983 1435 corpus

2085 1357 2127 1417 ὦ
2160 1361 2494 1431 Ἀγλαοφῶν,
2530 1359 2665 1431 πρὸς
2710 1359 2746 1413 ἃ
2788 1358 3004 1430 πρῶτον
3056 1357 3279 1411 ὑπέθου.
3323 1357 3501 1426 Ἐφης
3543 1358 3648 1429 γάρ

410 1450 607 1506 animae
632 1452 931 1522 vinculum,
949 1470 1223 1511 carcerem
1271 1471 1335 1511 ac
1367 1457 1659 1528 compedes
1684 1472 1826 1513 esse.
1853 1456 1984 1523 Quae

2085 1453 2277 1524 δεσμὸν
2311 1453 2403 1505 καὶ
2433 1450 2655 1522 εἱρκτὴν
2685 1451 2781 1503 καὶ
2823 1448 2990 1512 πέδας
3026 1448 3088 1501 τὸ
3122 1447 3285 1518 σῶμα
3330 1447 3429 1517 τῆς
3475 1447 3647 1518 ψυχῆς

334 1610 340 1615 _
410 1554 533 1593 cum
568 1539 636 1597 iis
664 1557 786 1612 quae
821 1544 983 1599 modo
1016 1544 1223 1610 dixisti,
1265 1560 1606 1616 nequaquam
1630 1547 1979 1603 conveniunt.

2085 1546 2140 1596 ὲν
2163 1545 2275 1608 τοῖς
2306 1542 2632 1614 ἔμπροσθεν.
2666 1542 2775 1594 Καὶ
2811 1541 2965 1612 ὁρᾷς,
3000 1540 3076 1604 ὡς
3113 1541 3174 1593 οὐ
3209 1538 3493 1609 συνᾴδουσι
3527 1540 3649 1591 τού-

410 1628 514 1696 Qui
542 1632 685 1686 enim
710 1636 1009 1699 convenire
1040 1645 1290 1706 possunt,
1318 1638 1364 1692 si
1403 1637 1621 1707 quidem
1651 1653 1877 1695 necesse
1900 1648 1986 1693 est

409 1736 629 1777 carnem
661 1725 861 1780 vinculi
885 1727 1058 1783 instar
1089 1727 1550 1791 haberi,animam
1572 1708 1701 1783 vero
1736 1731 1984 1798 adjutore

410 1814 475 1868 ad
510 1816 690 1872 scelus
711 1818 787 1872 uti
807 1819 1059 1874 vinculo?
1094 1820 1237 1889 quod
1268 1820 1485 1889 quidem
1512 1820 1625 1876 tieri
1656 1821 1805 1875 nullo
1826 1831 1983 1890 pacto

409 1906 754 1972 potest.Nam
778 1925 903 1963 cum
933 1918 1156 1981 propter
1187 1913 1445 1967 delictum
1477 1926 1651 1982 paena:
1674 1913 1984 1968 constituta:

409 1996 542 2059 sint,
585 2006 644 2051 ut
675 1998 872 2054 affecta
921 2001 1109 2057 dolore
1161 2003 1339 2057 anima
1372 2002 1442 2057 ad
1490 2002 1780 2058 colendum
1814 2001 1983 2057 Deum

408 2078 714 2154 erudiatur,
770 2090 959 2146 ﬁerine
1002 2100 1203 2161 potest,
1244 2099 1302 2146 ut
1330 2092 1397 2147 ad
1426 2091 1873 2147 committendum
1905 2091 2009 2147 fa?

409 2180 569 2236 cinns
603 2196 804 2252 corpus
836 2184 913 2237 illi
944 2184 1260 2255 adjumento
1287 2184 1600 2254 auxilioque
1627 2199 1750 2240 esse
1779 2186 1987 2255 possit?

411 2268 641 2327 Vincula
677 2275 900 2346 quippe,
941 2275 1226 2340 custodiae,
1284 2277 1577 2347 compedes
1630 2284 1685 2331 et
1724 2275 1777 2329 id
1809 2291 1984 2348 genus

407 2366 589 2420 omnia
617 2380 903 2436 prunarum
935 2369 1320 2433 instrumenta,
1369 2385 1490 2439 quae
1520 2369 1588 2423 ad
1617 2368 1984 2424 emendandos

409 2453 661 2510 homines
694 2456 986 2524 pertinent,
1037 2466 1388 2527 peccatorum
1436 2472 1499 2513 ac
1529 2458 1798 2512 scelerum
1831 2458 1883 2511 in
1917 2458 1986 2515 iis

408 2545 502 2613 qui
554 2545 861 2613 puniuntur
917 2549 1436 2618 compescendorum
1484 2548 1536 2602 vi
1580 2547 1805 2617 praedita
1835 2557 1980 2603 sunt.

408 2634 544 2689 Nam
577 2652 683 2692 non
717 2637 860 2703 ideo,
900 2647 958 2692 ut
987 2639 1292 2694 sceleratus
1327 2638 1537 2708 majora
1592 2640 1801 2695 scelera
1835 2654 1987 2694 com-

412 2728 610 2788 mittat,
645 2727 791 2782 velut
832 2728 1145 2798 praesidium
1183 2730 1460 2799 quoddam
1507 2731 1786 2785 vinculum
1832 2730 1986 2785 adhi-

409 2815 589 2879 betur,
637 2817 731 2871 sed
796 2826 856 2871 ut
908 2834 974 2873 eo
1025 2818 1187 2873 modo
1215 2819 1377 2888 57o
1404 2820 1682 2875 cruciatus
1726 2835 1756 2873 a
1797 2835 1987 2892 perpe-

2083 1655 2197 1700 τοις
2223 1636 2259 1690 ἃ
2285 1635 2457 1708 ἔφης;
2486 1635 2608 1699 Πῶς
2639 1633 2748 1706 γὰρ
2784 1632 3079 1703 συνᾴδοιεν,
3124 1632 3280 1703 εἴπερ
3306 1648 3372 1699 γε
3413 1632 3649 1700 ἀνάγκη,

2083 1723 2128 1782 ὦ
2149 1728 2361 1800 ἀριστε,
2392 1726 2588 1797 δεσμὸν
2620 1726 2716 1796 μὲν
2745 1726 2843 1795 τὴν
2877 1722 3054 1795 σάρκα
3078 1722 3415 1793 νομίζεσθαι,
3462 1725 3564 1803 τὴν
3600 1723 3653 1776 δὲ

2082 1819 2258 1891 ψυχὴν
2287 1819 2531 1890 συνεργῷ
2558 1818 2695 1889 πρὸς
2724 1817 2940 1871 ἀδικίαν
2970 1813 3228 1887 χρῆσθαι,
3265 1814 3359 1865 καὶ
3400 1811 3655 1882 συμπρά-

2084 1928 2237 1983 κτορι
2286 1909 2364 1981 τῷ
2402 1908 2608 1979 δεσμῷ,
2653 1909 2791 1979 ὅπερ
2842 1906 3136 1971 ἀδύνατον;
3168 1906 3230 1957 Εἰ
3273 1903 3382 1972 γὰρ
3411 1902 3501 1956 διά
3555 1903 3654 1973 τὴν

2084 2000 2359 2073 ἁμαρτίαν
2396 2000 2813 2070 βασανιστήριον
2842 1996 3023 2069 ἐδόθη,
3056 1996 3191 2067 πρὸς
3214 1995 3273 2048 τὸ
3299 1992 3653 2061 ἀλγυνθεῖσαν

2084 2091 2164 2151 εἰς
2195 2089 2255 2141 τὸ
2296 2089 2460 2159 τιμᾷν
2493 2086 2583 2141 τὸν
2622 2087 2755 2139 θεὸν
2798 2085 3149 2155 παιδευθῆναι
3181 2082 3276 2153 τὴν
3308 2082 3512 2152 ψυχὴν,
3542 2081 3653 2144 πῶς

2087 2182 2337 2252 συνεργεί
2364 2180 2457 2233 καὶ
2495 2178 2916 2246 συναγωνίζεται
2944 2177 3004 2229 τὸ
3038 2176 3195 2245 σῶμα
3224 2176 3363 2245 αὐτῇ
3410 2175 3550 2246 πρὸς
3593 2170 3653 2225 τὸ

2084 2271 2324 2336 ἀδικεῖν;
2374 2271 2572 2341 Δεσμοὶ
2627 2269 2870 2342 γὰρκαὶ
2914 2267 3172 2338 φυλακαὶ,
3219 2267 3313 2320 καὶ
3350 2265 3530 2331 πέδαι,
3564 2265 3652 2317 καὶ

2085 2362 2385 2436 συλλήϐδην
2414 2363 2471 2415 αἱ
2500 2362 2747 2416 τοιαῦται
2773 2364 2946 2416 πᾶσαι
2988 2362 3122 2432 πρὸς
3163 2358 3536 2429 ἐπανόρθωσιν
3578 2374 3654 2410 τι·

2087 2457 2260 2527 μωροὶ
2285 2455 2524 2527 μηχαναὶ
2566 2455 2855 2524 ὲφεκτικαὶ
2897 2453 2987 2507 τοῦ
3033 2452 3240 2506 ἀδικεῖν
3282 2450 3377 2503 καὶ
3408 2448 3652 2520 ἁμαρτά·

2084 2564 2193 2599 νειν
2246 2551 2357 2611 τοῖς
2409 2546 2789 2616 κολαζομένοις
2828 2546 3130 2614 γίγνονται.
3168 2541 3243 2595 Οὐ
3294 2541 3405 2609 γὰρ
3451 2540 3597 2603 ὅπως
3626 2540 3655 2592 ὁ

2084 2639 2349 2709 ἀδικήσας
2378 2638 2613 2711 ἀδικήσῃ
2637 2638 2818 2701 πλέον,
2848 2637 3108 2707 συνεργὸς
3128 2632 3276 2705 αὐτῷ
3300 2633 3439 2703 πρὸς
3462 2634 3525 2684 τὸ
3544 2632 3655 2685 ἁδι-

2084 2734 2246 2785 κεῖνὸ
2277 2731 2473 2802 δεσμὸς
2508 2731 2725 2794 δίδοται,
2779 2730 2897 2784 ἀλλ’
2945 2731 3092 2793 ὅπως
3125 2727 3261 2800 λήξῃ
3302 2725 3397 2779 τοῦ
3426 2724 3649 2783 ἀδικεῖν,

2087 2823 2506 2893 βασανιζόμενος
2536 2822 2625 2876 διὰ
2650 2822 2759 2875 τῶν
2780 2821 3013 2894 δεσμῶν.
3050 2820 3162 2873 Καὶ
3193 2820 3301 2890 γὰρ
3324 2819 3371 2870 οξ
3399 2817 3653 2870 δικασταὶ

408 2908 624 2962 tramlis
667 2909 1004 2968 facinoribus
1038 2911 1287 2965 desistat.
1320 2911 1499 2982 Atque
1545 2927 1610 2967 ea
1673 2927 1839 2969 causa
1900 2922 1985 2969 est

2085 2914 2257 2987 ταύτῃ
2288 2915 2509 2968 πεδοῦσι
2531 2915 2657 2977 τοὺς
2683 2902 2937 2983 φαύλους.
2956 2912 3269 2966 Κωλύονται
3295 2909 3416 2980 γὰρ,
3440 2909 3544 2961 κᾶν
3575 2909 3651 2979 μὴ

413 3014 513 3051 cur
560 2998 856 3056 facinorosi
890 3000 1137 3057 homines
1167 3002 1402 3059 vinculis
1443 3017 1471 3056 a
1500 3003 1688 3073 judice
1715 3008 1984 3061 constrin-

413 3099 630 3160 gantur,
657 3100 944 3163 propterea
975 3094 1119 3164 quod
1138 3095 1293 3151 abiis
1322 3096 1404 3151 vel
1435 3097 1589 3152 inviti
1617 3099 1746 3152 mali
1779 3097 1985 3168 aliquid

414 3181 596 3237 facere
616 3183 993 3252 prohibentur.
1014 3185 1158 3253 Quin
1176 3186 1286 3242 imo
1308 3187 1603 3242 liberorum
1630 3203 1693 3242 ac
1735 3189 1817 3244 sui
1842 3190 1985 3259 juris

414 3273 716 3337 hominum,
778 3291 1011 3345 quorum
1068 3292 1226 3332 nemo
1285 3278 1450 3331 vitam
1510 3293 1665 3332 suam
1706 3279 1983 3344 observat,

415 3378 641 3435 peccare
670 3366 955 3435 proprium
988 3375 1093 3430 est,
1129 3383 1238 3421 non
1271 3368 1597 3421 vinctorum.
1634 3367 1810 3424 Homo
1856 3384 1987 3425 vero

414 3454 647 3521 primum
663 3454 882 3523 quidem
902 3454 1257 3524 parricidium
1277 3457 1518 3524 admisit,
1543 3458 1705 3514 veluti
1722 3460 1925 3517 Cainus
1942 3462 1983 3514 ί.

411 3540 551 3620 Tum
574 3541 643 3597 ad
669 3542 1042 3599 inﬁdelitatem
1079 3545 1335 3612 adolevit,
1370 3548 1664 3604 simulacra
1696 3560 1988 3606 veneratus

411 3640 515 3695 est,
549 3648 579 3687 a
623 3632 733 3688 Deo
762 3633 1014 3692 descivit.
1065 3633 1282 3691 Fierine
1341 3638 1509 3708 igitur
1564 3648 1748 3710 potest
1815 3650 1875 3696 ut
1936 3643 1988 3698 ei

412 3738 614 3794 corpus
674 3733 932 3796 tanquam
992 3727 1271 3783 vinculum
1327 3728 1399 3783 sit
1470 3730 1834 3787 attributum?
1882 3733 1989 3788 Aut

412 3817 684 3885 quomodo
712 3816 876 3884 Deus,
914 3836 1037 3875 cum
1066 3836 1125 3876 se
1157 3822 1319 3877 homo
1348 3824 1589 3891 peccatis
1617 3833 1743 3879 ante
1788 3839 1988 3895 corpus

410 3906 814 3973 obstrinxisset,
851 3910 920 3964 ad
977 3911 1185 3979 majora
1233 3912 1438 3967 scelera
1476 3913 1622 3967 velut
1676 3916 1986 3984 praesidiqu

410 3998 684 4067 quoddam
707 3999 753 4053 ei
782 4013 983 4070 corpus
1013 3999 1255 4054 afﬁnxit?
1280 4002 1561 4067 Quomodo
1609 4004 1845 4074 denique
1868 4013 1989 4075 post

410 4089 544 4143 illud
602 4089 923 4146 fabricatum
972 4093 1247 4148 vinculum
1302 4094 1376 4147 ita
1432 4094 1648 4151 locutus
1698 4097 1990 4154 est:Ecce

410 4194 590 4232 coram
622 4190 670 4232 te
686 4182 839 4248 posui
866 4181 1025 4235 vitam
1048 4191 1094 4235 et
1127 4192 1344 4237 mortem
1356 4182 1535 4254 ;-eligo
1560 4186 1721 4239 vitam
1750 4203 1768 4240 :
1796 4187 1989 4242 bonum

2088 3008 2405 3079 βούλωνται,
2436 3009 2750 3062 κακοποιεῖν
2773 3007 2876 3060 ὑπὸ
2896 3006 3004 3059 τῶν
3035 3004 3269 3075 δεσμῶν.
3317 3000 3655 3070 Ἑλευϐεριαη

2085 3100 2284 3164 ζόντων
2322 3098 2466 3152 δὲτὸ
2494 3101 2822 3171 κακουργεῖν
2872 3099 3007 3160 ἐστι,
3048 3095 3142 3149 καὶ
3186 3093 3403 3158 ζώντων
3449 3091 3655 3159 ἀφυλάοο

2084 3207 2249 3256 κτως,
2276 3189 2388 3243 ἀλλ’
2417 3191 2479 3243 οὐ
2513 3188 2924 3259 πεπεδημὲνων.
2958 3188 3017 3241 '0
3046 3186 3102 3240 δὲ
3125 3185 3409 3256 ἄνθρωπος
3441 3182 3651 3253 πρῶτον

2089 3282 2187 3352 μὲν
2213 3282 2489 3350 ἐφόνευσε,
2521 3280 2662 3334 κατὰ
2681 3280 2772 3334 τὸν
2798 3280 2961 3344 Κάῖν,
2980 3278 3193 3350 ηὐξήθη
3220 3278 3355 3349 πρὸς
3377 3276 3653 3336 ἀπιστξαν,

2086 3372 2325 3436 εἰδώλοις
2341 3373 2660 3445 προσέσχεν,
2684 3372 3064 3440 ἀπεοτάτησεν
3089 3368 3196 3424 ἀπὸ
3216 3367 3374 3422 Θεοῦ.
3398 3368 3510 3419 Καὶ
3541 3365 3655 3428 πῶς

2086 3460 2235 3529 αὐτῷ
2256 3459 2450 3530 δεσμὸς
2474 3459 2534 3513 τὸ
2562 3459 2720 3531 σῶμα
2744 3460 2899 3531 ἐδόθη
2922 3477 2937 3523 ;
2967 3461 3036 3513 Ἢ
3068 3458 3185 3522 πῶς
3213 3457 3407 3521 όΘεδς,
3435 3454 3575 3525 μετὰ
3596 3453 3656 3507 τὸ

2087 3550 2193 3618 πρὸ
2222 3549 2469 3621 σώματος
2494 3550 2765 3621 ἁνομῆσαι
2785 3551 2877 3604 τὸν
2899 3549 3204 3621 ἄνθρωπον,
3234 3548 3497 3620 συνεργὸν
3524 3546 3656 3617 πρδς

2089 3642 2302 3697 ἀδικίαν
2327 3643 2475 3715 αὐτῷ
2524 3644 2744 3715 μείζονα
2768 3643 2829 3697 τὸ
2876 3642 3037 3713 σῶμα
3066 3642 3249 3706 ἔδοτο;
3293 3640 3419 3703 Πῶς
3461 3639 3521 3691 δὲ
3568 3639 3656 3691 καὶ

2091 3734 2227 3805 μετὰ
2275 3736 2374 3807 τὴν
2424 3734 2768 3806 κατασκευὴν
2819 3734 2912 3788 τοῦ
2964 3731 3163 3804 δεσμοῦ
3206 3732 3287 3795 τὸ,
3351 3730 3510 3784 Ἰδοὺ
3548 3727 3656 3795 πρὸ

2088 3827 2410 3895 προσώπου
2437 3826 2825 3894 σου,λέγεται,
2854 3824 3085 3877 τέθεικα
3104 3822 3218 3889 τὴν
3246 3819 3401 3887 ζωὴν
3431 3820 3533 3873 καὶ
3557 3819 3657 3873 τὸν

2089 3915 2366 3981 θάνατον,
2404 3915 2645 3979 ἕκλεξαι
2689 3915 2802 3982 τὴν
2844 3913 3027 3978 ζωήν·
3077 3912 3144 3965 τὸ
3175 3910 3401 3981 ἀγαθὸν
3446 3909 3548 3964 καὶ
3592 3909 3656 3963 τὸ

2088 4008 2373 4077 πονηρὸν,
2427 4008 2667 4072 ἕκλεξαι
2706 4008 2773 4061 τὸ
2812 4008 3064 4076 ἀγαθόν·
3090 4005 3206 4070 καὶ,
3250 4003 3387 4057 Ἐὰν
3447 4002 3656 4069 θέλητε

2089 4100 2186 4153 καὶ
2216 4099 2615 4166 εὶσακούσητέ
2641 4116 2759 4168 μου
2779 4115 2797 4163 ;
2837 4098 3022 4151 Ταῦτα
3051 4098 3161 4167 γὰρ
3200 4096 3276 4160 ὡς
3322 4094 3472 4165 αὐτῷ
3508 4096 3655 4158 ἐξου-

2092 4191 2352 4255 σιάζοντι,
2379 4192 2471 4245 καὶ
2494 4192 2591 4260 οὐχ
2620 4191 2696 4254 ὡς
2720 4190 2824 4243 ὑπὸ
2861 4189 3035 4260 δεσμὰ
3087 4190 3183 4242 καὶ
3234 4187 3484 4255 ἀνάγκην
3532 4187 3653 4253 ἀγο-

408 4278 458 4324 et
483 4270 720 4336 malum;
745 4272 876 4340 elige
904 4271 1096 4326 bonum
1125 4274 1165 4328 ¹.
1192 4272 1325 4328 Item
1361 4289 1375 4327 :
1407 4272 1467 4330 Si
1496 4276 1765 4332 volueritis
1793 4286 1841 4332 el
1886 4295 1984 4331 au-

2090 4284 2232 4353 μένῳ
2257 4282 2487 4354 ἐρρήθη.
2521 4283 2684 4334 Ὥστε
2716 4283 2780 4334 ὲκ
2807 4282 3005 4344 παντὸς
3029 4279 3381 4333 ’συνίστασθαι
3405 4280 3540 4349 μήτε
3563 4278 3653 4330 πέ-

410 4361 616 4439 dien'tt's
641 4378 719 4415 me
749 4362 808 4415 '?
834 4362 960 4417 Haec
990 4365 1136 4420 enim
1168 4364 1245 4418 illi
1277 4373 1531 4435 tanquam
1583 4368 1830 4425 libertate
1860 4384 1990 4439 prae-

410 4454 546 4519 dito,
581 4470 690 4509 non
737 4455 973 4511 vinculis
1006 4471 1071 4511 ac
1112 4459 1438 4513 necessitate
1482 4469 1675 4516 coacto
1724 4462 1872 4516 dicta
1905 4463 1989 4517 vi-

411 4548 629 4603 dentur.
648 4547 717 4603 Ut
747 4549 982 4619 idipsum
1009 4549 1234 4605 omnino
1257 4564 1599 4620 consequens
1625 4553 1718 4617 sit,
1741 4568 1852 4609 non
1867 4569 1990 4609 esse

411 4654 612 4710 corpus
628 4656 747 4695 com
756 4642 854 4712 ped
864 4657 975 4707 um,
988 4651 1082 4697 aut
1106 4645 1391 4711 custodiae,
1407 4655 1499 4701 aut
1513 4646 1853 4701 vinculorum
1869 4647 1989 4702 loco

411 4732 751 4799 habendum,
793 4752 969 4806 neque
1015 4738 1228 4794 vihctas
1272 4747 1428 4793 terrae
1460 4738 1664 4794 ideirco
1690 4739 1989 4808 appellatas

412 4824 655 4905 animas,
713 4828 872 4896 quasi
933 4828 1164 4885 terrenis
1220 4829 1551 4900 quibusdam
1630 4828 1989 4898 compedibus

412 4920 557 4973 Deus
611 4919 733 4975 illas
788 4919 1144 4976 damnaverit.
1201 4920 1336 4976 Nam
1379 4921 1652 4992 quomodo
1702 4936 1891 4975 verum
1934 4921 1987 4975 id

412 5024 532 5063 esse
561 5019 764 5079 potest,
797 5028 922 5067 cum
950 5013 1317 5068 demonstrari
1344 5013 1491 5068 nulla
1525 5012 1736 5069 ratione
1765 5013 1940 5083 possit
1965 5014 1989 5066 ?

411 5097 519 5154 Sed
549 5110 602 5157 et
631 5104 916 5174 perspicue
945 5106 1076 5159 illud
1108 5106 1403 5162 absurdum
1443 5112 1562 5171 est,
1597 5119 1797 5175 corpus
1834 5104 1984 5159 arbi-

412 5192 543 5248 trari
566 5191 620 5247 in
650 5202 853 5250 azterna
898 5198 991 5252 illa
1023 5199 1130 5251 vita
1157 5199 1346 5268 procul
1384 5198 1453 5252 ab
1486 5198 1666 5251 anima
1696 5196 1938 5251 futurum
1964 5235 1978 5257 ,

384 5285 555 5356 quod
586 5285 715 5342 huic
745 5287 874 5343 illud
908 5297 1164 5359 tauquam
1200 5290 1476 5345 vinculum
1508 5304 1572 5343 ac
1600 5288 1800 5358 pedicas
1827 5288 1937 5343 sint
1965 5304 1979 5353 ;

484 5517 500 5544 ‘
536 5512 664 5570 Gen.
694 5528 767 5584 tv,
790 5514 842 5568 8.
920 5515 939 5546 ’
969 5512 1124 5570 Deut.
1158 5530 1285 5582 xxx,
1317 5515 1401 5570 15.
1480 5517 1622 5572 315a.
1649 5532 1684 5584 ι,
1716 5517 1799 5572 l9.

2084 4374 2180 4437 δας
2220 4374 2253 4445 ἢ
2295 4373 2559 4443 φυλακὴν,
2594 4373 2627 4443 ἢ
2663 4373 2897 4442 δεσμοὺς
2928 4371 3168 4442 νομίζειν
3189 4370 3250 4422 τὺ
3289 4369 3472 4438 σῶμα.
3520 4368 3651 4438 μήτε

2085 4463 2418 4535 δεσμώτιδας
2450 4464 2555 4533 γῆς
2584 4463 2671 4516 διὰ
2703 4462 2894 4516 ταῦτα·
2906 4463 3004 4524 τὰς
3030 4461 3208 4530 ψυχὰς
3245 4462 3456 4529 χοῖκαῖς
3488 4474 3653 4511 κατα-

2086 4555 2363 4626 κρίνοντος
2389 4555 2558 4617 αὐτὰς
2586 4553 2680 4606 τοῦ
2716 4550 2851 4605 Θεοῦ
2878 4551 3099 4622 δεθῆναι
3123 4550 3330 4612 πέδαις.
3367 4547 3493 4611 Πῶς
3525 4547 3652 4617 γὰρ,

2085 4643 2243 4697 ὁπότε
2293 4642 2367 4714 μὴ
2406 4643 2626 4696 δύναται
2681 4642 3063 4712 ἀποδειχθῆναι
3105 4639 3301 4706 τοῦτος
3333 4639 3569 4691 ’Ἄτοπον
3600 4637 3656 4690 δὲ

2089 4738 2309 4791 κάκεῖνο
2342 4733 2634 4805 προφανῶς
2670 4734 2731 4789 τὸ
2755 4734 2960 4788 οἴεσθαι
2999 4734 3063 4787 τὸ
3106 4734 3264 4803 σῶμα
3294 4734 3352 4787 ἐν
3388 4735 3452 4803 τῇ
3514 4731 3656 4785 κατὰ

2085 4830 2208 4891 τοὺς
2242 4825 2445 4889 αἰῶνας
2466 4825 2708 4897 διαγωγῇ
2736 4827 2810 4897 μὴ
2846 4825 3162 4879 συνέσεσθαι
3189 4827 3254 4896 τῇ
3280 4825 3448 4894 ψυχῇ,
3480 4822 3569 4876 διὰ
3597 4822 3658 4875 τὸ

2084 4917 2280 4988 δεσμὸν
2314 4916 2463 4987 αὐτῷ
2486 4919 2578 4971 καὶ
2614 4918 2779 4980 πέδας
2812 4913 2973 4982 εἶναι,
3008 4916 3097 4969 ἵνα
3129 4916 3204 4988 μὴ
3247 4914 3456 4970 αἱώνιοι
3487 4912 3661 4983 γενὼι

2087 5009 2225 5082 μεθα
2273 5009 2591 5081 κατάκριτοι
2623 5008 2918 5080 δεσμῶται,
2964 5008 3109 5062 κατά
3142 5007 3267 5071 τοὺς
3309 5006 3568 5078 φθορέας,
3597 5007 3655 5056 ὲν

2086 5108 2153 5174 τῇ
2198 5102 2443 5175 βασιλείᾳ
2492 5102 2586 5156 τοῦ
2638 5101 2814 5170 φωτὸς
2876 5100 3145 5171 ἐσόμενοι.
3189 5098 3500 5168 Λελυμένου
3550 5098 3658 5168 γὰρ

2093 5196 2312 5259 ἱκανῶς,
2343 5196 2440 5249 καὶ
2474 5193 2878 5263 ἐξελεγχθέντος
2904 5192 2998 5246 τοῦ
3023 5192 3204 5261 λόγου,
3247 5193 3305 5245 ὲν
3356 5184 3401 5259 ᾧ
3453 5190 3655 5261 δεσμὸν

2085 5284 2186 5355 τῆς
2210 5285 2386 5355 ψυχῆς
2431 5284 2696 5356 ὡρίσαντο
2739 5279 2875 5338 εἶναι
2915 5282 3013 5353 τὴν
3054 5285 3252 5354 σάρκα,
3294 5280 3513 5335 λέλυται
3565 5280 3656 5334 καὶ
