3840 6062
193 197 342 256 1115
850 200 1218 259 ADV’ERSUS
1258 203 1599 261 lleRESES
1638 204 1761 260 LIB.
1811 206 1813 213 ⁴

1919 205 2082 264 ΤΟΜ.
2128 206 2167 260 1.
2207 237 2276 247 -
2315 205 2589 262 HAZRES.
2627 204 2809 261 LXIV.
3330 210 3462 265 Ηὶϐ

189 314 259 368 τὸ
288 309 436 368 εἴναι
461 307 598 385 (ῑιεγ
630 312 704 385 μὴ
736 311 1010 384 δεσμῶται
1041 315 1108 368 δι’
1131 316 1301 387 αὐτὴν
1341 319 1398 371 ἐν
1438 319 1505 390 τῇ
1539 318 1784 391 βασιλείᾳ

1910 336 1955 375 te
1978 319 2325 390 sempiternis
2359 320 2597 376 vinculis
2627 321 3015 376 sceleratorum
3050 322 3225 376 instar
3259 323 3463 379 addicti

190 406 300 460 τοῦ
342 407 543 476 φωτὸς.
584 406 652 477 ήν
689 406 1166 477 ἀπολαμϐάνομεν,
1191 408 1450 481 ἐσόμεθα,
1489 410 1579 464 διὰ
1627 409 1786 464 τοῦτο

1910 411 2194 474 rideamur,
2210 426 2333 465 cum
2355 411 2411 465 in
2436 411 2616 466 lucido
2637 412 2730 465 illo
2752 426 2922 482 regno
2949 412 3123 466 simus
3149 412 3461 469 habitaturi.

192 496 307 550 οὐκ
330 497 722 566 ἀναστήσεται.

1910 501 2030 556 lum
2084 502 2230 556 enim
2282 501 2497 557 abunde
2536 496 2814 557 dissoluta
2867 519 2932 558 ac
2978 503 3208 559 refutata
3261 506 3334 562 sit
3376 508 3502 561 illa‘

196 592 509 658 sententia,
539 606 661 662 qua:
692 591 888 647 animae
928 591 1208 648 vinculum
1261 609 1484 650 carnem
1540 610 1665 651 esse
1717 595 2031 659 definiebat,
2086 611 2195 650 una
2226 603 2280 651 et
2304 596 2436 651 illttd
2471 597 2768 664 refellitur;
2818 613 3018 668 corpus
3072 600 3195 655 ideo
3246 602 3469 657 minimc

198 695 694 752 resurrecturum;
730 703 799 743 ne
833 688 891 741 in
920 688 1206 757 splendido
1231 689 1324 746 illo
1358 706 1546 761 regno,
1579 692 1625 746 si
1660 691 1795 745 illud
1828 691 2221 761 receperimus,
2254 691 2421 745 vincti
2448 706 2571 746 esse
2596 690 2899 745 videamur.

275 785 434 851 Μςῖο.
465 782 714 837 Ποταπδν
756 783 863 854 γὰρ
899 782 1084 839 λοιπὸν
1112 786 1192 849 είς
1225 785 1397 839 πειθὼ
1438 790 1549 851 τοῖς
1599 787 1791 857 δυσχε-

204 874 494 945 ραῦνουσιν
526 873 710 944 ἕτερον
753 872 1034 944 άλήθευμα
1072 874 1177 945 χρὴ
1218 875 1513 941 δεικνύναι,
1555 876 1635 938 είς
1690 894 1793 930 πα-

199 966 336 1035 γίδα
373 964 470 1036 τὴν
502 963 874 1043 σάρκαηδίκην
911 964 1210 1034 ὑφέξουσαν
1242 966 1350 1020 τῶν
1392 968 1794 1038 ἡμαρτημένων

202 1054 507 1126 ἐμϐιϐάζει
533 1070 546 1084 ·
573 1055 709 1126 ὅπερ
740 1056 760 1086 ⁸
793 1054 991 1125 μᾶλλον
1019 1055 1052 1126 ἢ
1078 1054 1388 1127 όρθοδοξίας
1406 1056 1573 1110 ἐστίν.
1599 1057 1661 1110 Ei
1686 1056 1795 1128 γὰρ

204 1144 320 1215 πρὸ
351 1146 454 1215 τῆς
487 1145 872 1215 παραϐάσεως,
905 1144 1155 1216 καθάπερ
1185 1146 1287 1217 ἤδη
1320 1148 1415 1200 καὶ
1462 1149 1519 1200 ἐν
1548 1150 1661 1211 τοῖς
1697 1147 1797 1218 ἐμ·

205 1236 457 1306 προσθεν
499 1233 826 1306 ἐξεθέμεθα,
873 1234 1103 1307 σώματα
1152 1237 1445 1308 ἐκέκτηντο
1487 1237 1543 1291 αί
1602 1236 1792 1308 ψυχαὶ,

206 1328 335 1391 πῶς
373 1329 453 1391 είς
508 1326 713 1394 παγίδα
764 1324 990 1398 ὕστερον
1048 1328 1184 1397 μετὰ
1228 1329 1328 1399 τὴν
1363 1327 1674 1399 παράϐασιν
1719 1329 1800 1390 είς

209 1419 382 1490 σῶμα
409 1418 815 1490 ἐμϐιϐάζονται,
839 1420 940 1472 οὐκ
967 1419 1121 1484 ὃντος
1146 1420 1361 1493 χρόνου,
1389 1423 1447 1475 ἐν
1475 1415 1520 1489 ᾧ
1546 1420 1675 1493 πρὶν
1709 1421 1802 1474 αὐ-

206 1510 316 1576 τὰς
346 1510 410 1564 τὺ
451 1510 613 1582 σῶμα
639 1510 824 1564 λαϐεῖν
860 1510 1278 1584 ἐξημάρτοσαν;
1327 1515 1402 1568 Οὐ
1436 1513 1546 1585 γὰρ
1591 1514 1801 1584 ἐμφροο

1966 784 2149 840 XLVl.
2189 786 2321 852 Quae
2349 787 2513 852 enim,
2549 787 2641 840 illa
2673 787 2907 854 sublata,
2940 795 3085 844 certa
3114 803 3178 843 ac
3206 798 3469 845 constans

1890 878 2034 931 ratio
2059 892 2184 933 esse
2214 884 2412 947 potest,
2441 892 2548 946 qua
2576 876 2629 930 id
2652 892 2796 947 aegre
2821 876 3123 934 ferentibus
3149 879 3471 948 persuaderi

1892 968 2087 1038 possit,
2147 969 2382 1020 animam
2435 974 2493 1020 ut
2543 966 2863 1021 delictorum
2901 982 3125 1021 suorum
3160 982 3351 1036 poenas
3377 983 3474 1022 ex-

1894 1062 2089 1125 solvat,
2115 1061 2170 1114 in
2202 1061 2343 1115 hanc
2374 1074 2593 1113 carnem
2650 1059 2797 1112 velut
2845 1058 2901 1111 in
2948 1058 3200 1128 laqueum
3232 1058 3474 1127 conjici?

1894 1152 2040 1222 quod
2096 1152 2342 1205 stultitia:
2398 1150 2592 1219 magis,
2624 1164 2789 1219 quam
2816 1149 3046 1204 sincerae
3079 1149 3199 1203 tidei
3231 1150 3471 1203 tribuen-

1894 1242 2023 1296 dum
2063 1248 2181 1305 est;
2214 1255 2337 1293 nam
2393 1253 2516 1292 cum
2562 1247 2689 1292 ante
2719 1238 2977 1291 violatum
3011 1236 3104 1292 Dei
3137 1237 3473 1300 mandatum,

1896 1339 1957 1388 ut
1988 1341 2149 1386 antea
2186 1330 2631 1389 monstravimus,
2655 1329 2979 1398 corporibus
3010 1328 3246 1397 praedita:
3276 1327 3479 1381 fuerint

1897 1424 2114 1488 animae,
2149 1436 2387 1493 quonam
2428 1428 2588 1491 pacto
2636 1421 2937 1475 secundum
2984 1420 3243 1473 delictum
3276 1418 3479 1473 includi

1898 1530 2130 1586 corpore
2169 1522 2485 1585 potuerunt,
2515 1528 2639 1566 cum
2670 1528 2780 1566 non
2816 1520 3071 1582 suppetat
3103 1520 3315 1579 tempus
3346 1526 3476 1580 quo,

208 1619 306 1665 vo;
329 1602 424 1657 ὁτὲ
459 1603 556 1672 μὲν
586 1604 663 1667 ὡς
694 1602 784 1656 διὰ
805 1604 865 1657 τὸ
896 1604 1055 1676 σῶμα
1084 1604 1261 1676 λέγειν
1292 1607 1391 1670 τὰς
1420 1607 1598 1677 ψυχὰς
1621 1610 1801 1680 ἡμαρ-

1910 1608 2222 1679 priusquam
2243 1620 2445 1674 corpus
2479 1604 2787 1669 induerent,
2818 1603 2870 1656 in
2902 1610 3183 1673 peccatum
3214 1601 3483 1671 prolapsa:

208 1694 469 1757 τηκέναι,
495 1694 585 1748 ότέ
606 1695 684 1761 δὲ,
713 1695 1010 1768 ἐπειδήπερ
1042 1699 1395 1770 ήμάρτησαν,
1420 1699 1508 1753 διὰ
1535 1700 1690 1754 τοῦτο
1710 1703 1804 1755 καὶ⁹

210 1784 425 1856 δεσμὸν
448 1787 596 1851 αὐτὸ,
628 1788 722 1840 καὶ
755 1787 956 1857 παγίδα
988 1788 1125 1860 πρὸς
1152 1790 1476 1863 κατάκρισιν
1498 1792 1801 1859 γεγονέναι.

212 1879 280 1931 Et
308 1877 424 1949 γάρ
459 1877 549 1931 διὰ
581 1878 644 1931 τὸ
679 1878 840 1950 σῶμα
870 1880 1137 1952 ἥμαρτον,
1173 1881 1341 1951 συνῆν
1374 1882 1481 1952 ἄρα
1532 1880 1593 1945 ἐξ
1629 1881 1805 1951 ἀρχῆς

212 1970 419 2033 αὐταῖς
449 1971 545 2023 καὶ
572 1970 678 2041 πρὸ
703 1970 802 2041 τῆς
833 1971 1106 2043 ἁμαρτίας
1132 1971 1194 2024 τὸ
1231 1971 1408 2042 σῶμα.
1439 1970 1564 2035 Πῶς
1588 1972 1696 2044 γὰρ
1718 1972 1806 2025 διὰ

211 2062 386 2115 τοῦτο
411 2063 746 2135 ἡμάρτανον,
779 2063 807 2116 ὂ
836 2064 910 2133 μὴ
942 2059 1010 2134 ἦν
1041 2063 1295 2134 μηδέπω;
1328 2065 1391 2117 Εἰ
1421 2064 1477 2116 δὲ
1503 2065 1669 2132 παγίς
1703 2064 1809 2118 πά-

212 2153 301 2206 λιν
325 2151 478 2223 αὐτῷ
501 2151 561 2205 τὸ
591 2152 751 2222 σῶμα
781 2153 874 2205 καὶ
918 2152 1074 2205 πέδαι
1106 2151 1411 2221 νομίζεται,
1462 2153 1557 2204 καὶ
1586 2152 1804 2222 δεσμὸς,

213 2244 410 2297 οὐκέτι
460 2242 521 2294 τὸ
571 2243 980 2312 συναμφότερον
1024 2240 1220 2306 αἴτιον,
1281 2241 1419 2294 ἀλλὰ
1452 2241 1597 2312 ψυχὴ
1647 2242 1805 2313 μόνη,

215 2336 581 2407 ἀμαρτῆσαν.
619 2334 685 2386 Τί
718 2333 827 2403 γὰρ
885 2332 1023 2403 μετὰ
1064 2328 1126 2384 τὸ
1159 2333 1475 2403 ἁμαρτῆσαι
1517 2333 1595 2403 τῷ
1627 2335 1811 2405 ἀμαρ-

214 2428 489 2498 τήσαντι;
520 2422 707 2493 Δεσμὰ
737 2423 832 2475 καὶ
860 2422 1107 2491 παγίδες,
1144 2423 1237 2475 καὶ
1269 2422 1425 2476 πέδαι
1469 2424 1810 2478 κατασκευά-

218 2517 436 2581 ζονται.
479 2515 641 2568 Ἀλλὰ
679 2514 776 2585 μὲν
821 2514 886 2586 δὴ
932 2514 1386 2585 ὡμολογήσαμεν,
1434 2516 1508 2587 μή
1551 2515 1810 2569 δύνασθαι

217 2608 425 2678 δεσμὸν
464 2601 599 2661 εῖναι
626 2604 688 2657 τὸ
720 2604 879 2676 σῶμα
908 2605 1006 2675 τῆς
1025 2604 1205 2675 ψυχῆς
1227 2622 1240 2636 ·
1275 2606 1468 2678 ἐπειδὴ
1491 2607 1552 2659 τὸ
1581 2607 1679 2677 μὲν
1705 2606 1811 2659 σῶ-

1904 1699 2067 1754 sunt?
2098 1697 2283 1767 Neque
2309 1713 2439 1751 vero
2472 1698 2557 1752 sui
2587 1711 2811 1766 compos
2841 1705 2940 1756 est.
2975 1695 3068 1765 qui
3099 1695 3235 1748 alias
3264 1703 3483 1763 propter

1902 1804 2103 1858 corpus
2124 1803 2383 1858 peccasse
2405 1788 2560 1857 571
2584 1798 2737 1857 putat
2758 1787 2990 1852 animas,
3015 1786 3172 1851 alias,
3195 1795 3481 1855 postquam

1903 1880 2275 1950 peccaverint,
2312 1878 2501 1933 eodem
2530 1879 2622 1932 illo
2656 1894 2885 1947 corpore
2914 1887 3171 1947 tanquam
3198 1876 3391 1931 vinclis
3420 1889 3484 1928 ac

1904 1969 2259 2040 compedibus
2284 1968 2452 2025 fuisse
2466 1968 2773 2024 damnatas.
2795 1968 2852 2021 Si
2877 1969 3021 2022 enim
3049 1975 3271 2038 propter
3289 1981 3487 2034 corpus

1905 2061 2255 2132 deliquerint,
2291 2075 2415 2114 cum
2446 2074 2512 2114 eo
2560 2059 2643 2112 vel
2676 2066 2803 2112 ante
2854 2065 3136 2127 peccatum
3184 2058 3490 2124 conjunctae

1910 2152 2111 2205 fuerint
2134 2156 2371 2219 oportet.
2391 2148 2608 2216 Alioqui
2631 2156 2852 2217 propter
2872 2146 2924 2200 id
2952 2145 3097 2218 quod
3125 2145 3368 2200 nondum
3403 2160 3491 2199 cx-

1909 2239 2148 2301 stiterat,
2171 2251 2433 2306 peccasse
2457 2236 2731 2304 quomodo
2757 2235 3091 2303 potuerunt?
3117 2233 3268 2299 Quod
3302 2238 3348 2287 si
3380 2234 3491 2287 vin-

1908 2329 2018 2384 culi
2053 2330 2174 2383 loco
2213 2327 2597 2397 compedisque
2626 2340 2829 2396 corpus
2872 2332 2955 2379 est
2990 2325 3205 2387 animae,
3239 2338 3346 2377 non
3375 2324 3488 2391 jam

1915 2421 2133 2490 utrique
2153 2420 2314 2474 simul
2339 2427 2445 2484 est,
2462 2418 2554 2473 sed
2579 2418 2772 2471 animae
2797 2415 3058 2469 duntaxat
3088 2414 3295 2485 peccati
3323 2427 3491 2468 causa

1911 2512 2220 2567 tribuenda.
2245 2510 2386 2576 Quid
2419 2518 2502 2565 est
2522 2509 2687 2572 enim,
2712 2508 2852 2577 quod
2879 2504 3181 2561 secundum
3210 2513 3490 2575 peccatum

1910 2607 1958 2663 ei
1986 2607 2078 2677 qui
2104 2605 2346 2676 peccarit
2375 2603 2679 2673 inﬂigitur?
2704 2601 2932 2655 Vincula
2958 2600 3216 2655 nimirum
3256 2614 3318 2654 ac
3344 2613 3494 2652 com-

224 2715 305 2769 μα
349 2697 487 2767 πρὸς
516 2697 774 2767 ἑκάτερα,
812 2697 905 2749 καί
955 2697 1093 2768 πρὸς
1142 2696 1205 2749 τὸ
1258 2695 1466 2749 δίκαιον
1500 2698 1595 2750 καὶ
1627 2697 1812 2751 ἄδικον

1911 2698 2077 2767 pedes
2111 2706 2392 2767 parantur.
2418 2693 2529 2750 Nos
2563 2703 2740 2748 autem
2769 2693 2933 2763 paulo
2968 2692 3099 2747 illud
3139 2699 3263 2746 ante
3290 2688 3495 2743 fateba-

224 2790 508 2859 συνεργεῖ,
553 2790 581 2840 ὁ
626 2787 683 2840 δὲ
737 2786 936 2857 δεσμὸς
986 2786 1161 2857 εἴργει
1206 2784 1300 2839 τοῦ
1352 2786 1577 2841 ἀδικεῖν.
1626 2787 1811 2852 Ὥστε,

1913 2802 2056 2851 mur,
2107 2800 2307 2855 corpus
2359 2785 2553 2839 anima:
2615 2784 2893 2838 vinculum
2951 2798 3074 2838 esse
3126 2799 3237 2837 non
3292 2795 3491 2851 posse.

222 2882 369 2952 ὅπερ
394 2880 560 2948 λέγω,
590 2879 736 2933 δυοῖν
765 2877 1012 2949 θάτερον.
1049 2878 1119 2929 Ἦ
1147 2876 1256 2947 γὰρ
1280 2876 1340 2941 ἐξ
1363 2877 1539 2949 ἀρχῆς
1567 2878 1811 2950 ἡμάρτο-

1914 2879 2172 2947 quoniam
2205 2877 2270 2932 ad
2307 2884 2620 2946 utrumque,
2658 2883 2768 2929 tam
2811 2876 3021 2945 justum
3054 2875 3283 2937 scilicet,
3331 2887 3493 2942 quam

228 2990 332 3043 μεν
366 2970 504 3042 μετὰ
549 2970 831 3041 σώματος,
877 2969 974 3023 καὶ
1019 2970 1081 3022 οὐ
1131 2969 1378 3039 φαίνεται
1418 2970 1632 3040 χρόνος,
1683 2972 1742 3023 έν
1767 2963 1812 3039 ᾧ

1915 2969 2204 3039 iniustum,
2240 2969 2548 3023 ministerio
2598 2967 2845 3036 corporis
2900 2966 3245 3035 adjuvamur.
3282 2966 3347 3017 At
3374 2964 3495 3017 vin-

221 3059 391 3124 ἐκτὸς
423 3059 744 3131 ὑπήρξαμεν
784 3057 1058 3128 σώματος,
1095 3060 1190 3111 καὶ
1237 3058 1508 3112 συναίτιον
1546 3059 1606 3112 τὸ
1654 3059 1813 3130 σῶμα

1918 3060 2102 3114 culum
2134 3059 2204 3113 ab
2234 3073 2298 3113 eo
2322 3057 2467 3127 quod
2498 3058 2763 3126 injustum
2817 3063 2903 3111 est
2961 3053 3350 3110 committendo
3397 3070 3498 3109 nos

227 3153 327 3205 xui.
356 3151 543 3205 κακῶν
576 3154 641 3222 τῇ
669 3151 813 3221 ψυχῇ
848 3151 943 3203 καὶ
978 3148 1226 3218 ἀγαθῶν·
1260 3150 1293 3220 ἢ
1339 3151 1508 3221 χωρὶς
1564 3149 1813 3220 σώματος

1917 3149 2195 3220 prohibet.
2225 3149 2305 3202 Ex
2346 3163 2457 3217 quo
2506 3148 2762 3209 alterum,
2796 3147 2876 3199 uti
2930 3146 3191 3207 diximus,
3226 3161 3256 3199 e
3285 3145 3499 3199 duobus

224 3244 553 3316 ἡμάρτομεν
581 3244 930 3311 διαγαγόντες
953 3259 968 3273 ο
1012 3243 1105 3296 καὶ
1147 3242 1386 3295 ἀναίτιον
1413 3242 1475 3295 τὸ
1523 3243 1683 3314 σῶμα
1717 3260 1813 3298 κα-

1914 3242 2183 3312 sequitur.
2218 3240 2327 3294 Aut
2354 3240 2501 3294 enim
2525 3238 2682 3292 initio
2712 3252 2837 3291 cum
2873 3251 3102 3306 corpore
3128 3235 3496 3306 peccavimus;

226 3334 358 3398 κίας
388 3334 453 3387 ἐκ
498 3333 719 3396 παντός.
773 3330 937 3384 Ἀλλὰ
979 3330 1149 3402 χωρὶς
1197 3330 1449 3399 σώματος
1489 3330 1594 3383 ὑπὸ
1620 3330 1813 3397 ἀλόγου

1916 3348 2018 3388 nec
2045 3332 2216 3386 ullum
2249 3338 2467 3400 tempus
2496 3336 2744 3400 apparet,
2779 3342 2889 3398 quo
2920 3327 3041 3381 sine
3069 3340 3300 3395 corpore
3331 3324 3501 3389 fueri-~

224 3426 428 3499 ἡδονῆς
480 3426 541 3479 οὑ
586 3427 867 3494 κρατεῖται
914 3424 947 3494 ή
998 3422 1167 3494 ψυχή.
1214 3423 1630 3493 Ἐκρατήθησαν
1675 3421 1730 3475 δὲ
1764 3422 1813 3475 οί

1917 3418 2075 3491 mus;
2129 3433 2321 3494 estque
2380 3423 2651 3477 bonorum
2709 3421 3089 3490 malorumque
3152 3431 3320 3474 causa
3374 3431 3499 3470 cum

228 3513 650 3587 πρωτόπλαστοι
682 3515 862 3585 ἀλόγῳ
892 3512 1272 3576 δελεασθέντες
1303 3513 1483 3585 ἡδονῇ.
1668 3521 1673 3527 ’

1915 3516 2098 3570 anima
2127 3515 2492 3570 communiter
2524 3527 2745 3583 corpus.
2787 3511 2894 3565 Aut
2930 3518 3042 3564 tum
3079 3516 3364 3581 peccatum
3408 3504 3503 3559 ad-

230 3611 507 3677 misimus,
538 3626 662 3667 cum
690 3611 826 3667 citra
869 3627 1071 3682 corpus
1104 3612 1459 3681 degeremus,
1489 3620 1550 3665 ut
1576 3612 1645 3667 ab
1675 3611 1825 3666 omni
1854 3611 2075 3665 malitia:
2110 3610 2269 3680 culpa
2305 3624 2509 3679 corpus
2540 3609 2783 3662 immune
2835 3606 2926 3662 sit.
2982 3604 3146 3675 Atqui
3185 3603 3335 3658 nulla
3385 3599 3504 3654 sine

229 3717 468 3773 corpore
519 3701 751 3756 rationis
824 3712 1049 3772 experte
1101 3700 1385 3770 voluptate
1435 3700 1557 3771 capi
1613 3702 1797 3756 anima
1822 3707 2023 3773 potest.
2088 3698 2414 3769 Cujusmodi
2473 3696 2637 3769 primi
2700 3698 2874 3752 nostri
2928 3706 3185 3768 parentes
3248 3694 3503 3750 illecehra

229 3800 377 3871 capti
403 3799 757 3869 superatique
785 3798 972 3854 sunt’.

298 3848 1048 3961 ἷῇᾀῖῥξνῆΊ-ᾦυᾶἧημξτὰ
1099 3889 1350 3962 σώματος
1400 3889 1496 3944 καὶ
1552 3891 1659 3963 πρὸ
1717 3891 1813 3963 τῆς

1984 3889 2180 3944 Anima
2228 3889 2394 3960 igitur
2436 3885 2657 3956 corpori
2712 3882 3007 3953 conjuncta
3038 3883 3141 3937 fuit
3166 3884 3329 3936 etiam
3381 3891 3507 3936 ante

232 3982 532 4055 ἁμαρτίας.
585 3983 723 4053 Περὶ
766 3983 874 4055 γὰρ
920 3981 1015 4036 τοῦ
1052 3981 1129 4053 μὴ
1173 3984 1440 4055 ἐγχωρεῖν
1488 3984 1620 4036 αὐτὸ
1666 3982 1813 4054 νομίε

1915 3986 2227 4051 peccatum.
2277 3975 2435 4043 Quod
2475 3975 2621 4031 enim
2663 3972 2964 4027 absurdum
3021 3972 3112 4036 sit,
3172 3984 3346 4040 poenae
3387 3971 3506 4028 loco

233 4074 426 4140 ζεσθαι
472 4075 561 4129 διὰ
596 4074 695 4146 τὴν
747 4074 1062 4146 παράϐασιν
1098 4075 1297 4145 δεσμὸν
1330 4075 1422 4129 ἐπὶ
1461 4076 1703 4146 τιμωρίᾳ
1730 4091 1824 4144 γε-

234 4166 454 4234 γονότα,
489 4165 555 4217 ἶν’
600 4165 838 4235 ἄκρατον
861 4166 894 4236 ἠ
919 4164 1065 4236 ψυχὴ
1107 4165 1203 4218 καὶ
1240 4163 1439 4234 συνεχῆ
1470 4166 1591 4216 κατ’
1626 4165 1826 4227 αὐτοὺς

237 4257 473 4327 βάσανον
512 4256 609 4328 ἔχῃ
651 4256 1075 4335 νεκροιροροῦσα,
1122 4256 1263 4310 δοκῶ
1300 4274 1389 4327 μοι
1424 4254 1605 4329 πλήρη
1651 4254 1823 4309 ταῦτα

1918 4084 2121 4139 corpus
2163 4067 2360 4122 animae
2410 4071 2535 4136 post
2576 4069 2859 4133 peccatum
2913 4071 3170 4131 tanquam
3228 4059 3505 4114 vinculum

1920 4161 2093 4216 fuisse
2116 4159 2498 4220 constitutum,
2519 4164 2578 4211 ut
2595 4154 2810 4210 addicta
2836 4160 3055 4207 mortuo
3071 4152 3306 4223 gerendo
3324 4152 3504 4205 anima

1925 4266 2078 4308 mero
2123 4250 2366 4322 quodam
2425 4248 2676 4320 supplicii
2702 4261 2900 4318 genere
2950 4259 3014 4299 ac
3069 4244 3404 4314 sempiterno
3438 4259 3504 4296 ex

236 4348 335 4420 ἤδη
407 4346 545 4418 μετὰ
603 4348 783 4417 πάσης
837 4346 1164 4413 ἀποδείξεως
1224 4347 1603 4419 δεδηλωκέναι.
1658 4346 1813 4401 Ὅθεν

1924 4345 2141 4400 illorum
2189 4342 2449 4414 opinione
2492 4341 2791 4403 crucietur,
2836 4337 3024 4392 videor
3055 4336 3189 4390 illud
3237 4336 3504 4390 hactenus

236 4441 541 4494 ἀσύστατον
593 4443 687 4492 καὶ
720 4440 1035 4494 άνένδεκτον
1067 4441 1128 4493 τὸ
1178 4441 1275 4512 μὲν
1312 4440 1470 4509 σῶμα
1505 4437 1706 4507 παγίδα
1738 4438 1821 4491 τί-

239 4532 429 4586 θεσθαι
459 4532 552 4585 καὶ
597 4531 793 4602 δεσμὰ,
829 4532 921 4585 τὸν
958 4532 1016 4585 δέ
1054 4532 1186 4585 Θεὸν
1215 4532 1455 4599 εἰσάγειν
1500 4531 1601 4593 τὰς
1643 4529 1822 4600 ψυχὰς

238 4627 317 4688 είς
359 4624 459 4696 τὴν
501 4624 725 4693 παγίδα,
769 4624 924 4695 δίκην
966 4624 1301 4693 ὑφεεούσαςο
1350 4622 1557 4679 άνωθεν
1604 4623 1669 4677 ἐκ
1705 4622 1825 4694 τρί-

240 4735 333 4772 του
385 4716 716 4770 ἐκϐάλλοντα
756 4715 1024 4787 οὐρανοῦ,
1079 4716 1161 4769 ὄτι
1217 4716 1424 4771 ἄνωθεν
1475 4717 1831 4786 παρήκουσαν

237 4810 339 4880 τῆς
376 4809 619 4880 ἐντολῆς.
675 4810 820 4881 Πρὸς
873 4809 926 4862 τί
968 4809 1079 4881 γάρ
1127 4826 1213 4872 τις
1265 4809 1465 4880 βλέψας
1487 4807 1829 4862 πιστεύσειεν

1927 4436 2142 4492 abunde
2188 4436 2517 4505 copioseque
2564 4433 2994 4488 demonstrasse.
3047 4427 3227 4494 Quare
3282 4427 3504 4481 minime

1926 4529 2209 4583 cohmrens
2260 4542 2324 4581 ac
2357 4525 2640 4597 probabile
2685 4524 2921 4587 videtur,
2960 4520 3136 4592 laquei
3188 4534 3251 4573 ac
3300 4517 3505 4571 vinculi

1928 4622 2104 4677 instar
2140 4635 2262 4676 esse
2293 4635 2518 4689 corpus,
2550 4618 2605 4673 in
2636 4616 2783 4688 quod
2814 4616 3024 4669 animas
3061 4612 3202 4666 Deus
3253 4609 3504 4679 supplicii

1928 4730 2096 4772 causa
2128 4714 2485 4769 nihilominus
2539 4715 2768 4775 inserat,
2809 4725 2946 4780 quas
2971 4723 3002 4763 e
3033 4705 3193 4762 tertio
3243 4704 3382 4759 caelo
3414 4701 3509 4756 de-

1929 4807 2184 4873 turbarit,
2214 4804 2359 4887 quod
2390 4792 2707 4859 mandatum
2743 4816 2904 4858 suum
2936 4799 3029 4853 illo
3064 4798 3118 4879 in
3166 4796 3289 4850 loco
3334 4793 3504 4846 viola-

240 4878 353 4966 τοῖς
386 4899 527 4954 οὕτω
555 4878 649 4954 ὕπ’
677 4878 857 4954 αθτῶν
889 4878 1182 4973 προπετῶς
1224 4878 1575 4973 εἰρημένοις;
1610 4899 1813 4971 Καίπεε

1925 4902 2057 4957 rint.
2097 4898 2239 4967 Quid
2284 4878 2366 4954 est
2397 4898 2565 4958 enim,
2597 4910 2707 4965 quo
2737 4904 2846 4949 tam
2888 4878 3099 4946 temere
3135 4887 3249 4942 haec
3296 4886 3365 4939 ab
3395 4885 3506 4939 illis

241 4993 340 5046 οὐκ
381 4993 600 5065 ἔχοντος
643 4992 817 5057 οὕτως
860 4994 956 5047 τοῦ
995 4992 1244 5065 ψαλμοῦ,
1292 4993 1398 5047 κᾶν
1450 4992 1813 5063 βεϐιασμένως

1924 4992 2187 5048 afﬁrmata
2232 4988 2544 5062 persuaderi
2577 4983 2829 5057 possint?
2859 4982 2997 5037 Cum
3032 4975 3335 5051 prmsertim
3370 4974 3506 5027 nihil

243 5083 403 5137 αὐτὸν
443 5082 766 5138 ἐκτίθενται.
815 5084 968 5138 Acca:
1015 5085 1070 5138 δὲ
1113 5084 1353 5158 προοίσω
1384 5085 1453 5138 τὰ
1488 5084 1813 5154 ἐγκείμενα·

1928 5085 2198 5156 ejusmodi
2231 5083 2473 5154 psalmus
2504 5079 2595 5134 ille
2626 5077 2928 5141 contineat,
2994 5069 3210 5126 tametsi
3266 5082 3363 5139 per
3396 5065 3506 5117 vim

245 5175 328 5229 ῐνα
363 5176 461 5247 (δὲ)
495 5176 591 5230 καὶ
611 5176 672 5230 τὸ
707 5176 952 5248 μυθῶδες
976 5156 1283 5249 αὑτῶνήτῆς
1310 5176 1623 5249 ἐξηγήσεως
1656 5178 1813 5247 ςροινῇ1

1930 5177 2051 5247 ejus
2085 5174 2414 5232 sententiam
2448 5172 2776 5239 detorquere
2813 5161 3118 5220 conentur?
3158 5157 3266 5214 Sed
3318 5156 3507 5211 eadem
3584 5209 3591 5215 _

245 5244 418 5339 ὀρθῶς
442 5244 537 5339 ⁷μὴ
585 5244 848 5323 θελόντων
906 5274 1045 5323 νοεῖν
1100 5269 1209 5333 τὰς,
1240 5244 1491 5341 Τραράς.
1545 5244 1676 5322 Εἰσί
1715 5244 1813 5340 γάρ

1932 5244 2023 5322 illa
2049 5265 2211 5321 verba
2242 5265 2372 5319 libet
2408 5261 2624 5326 afferre,
2690 5272 2800 5328 quo
2862 5252 3082 5311 illorum
3131 5244 3509 5319 interpretatio

318 5426 336 5457 ¹
371 5426 681 5497 Corruptus
709 5432 793 5482 est
826 5425 917 5480 ltic
943 5426 1118 5481 locus.
1197 5426 1216 5457 ²
1245 5424 1399 5481 Deest
1435 5423 1643 5495 aliquid
1664 5431 1718 5480 et
1741 5425 1813 5495 ὲμ

1911 5419 2265 5491 άζεσθαιιρε.
2361 5415 2539 5471 'Gen.
2581 5430 2662 5481 tu,
2696 5414 2718 5467 l
2760 5428 2880 5483 sqq.

322 5602 433 5677 (£3)
475 5603 733 5660 Λέλυτιιι
774 5604 872 5659 καὶ
911 5603 976 5659 τὸ
1019 5599 1192 5658 εἶναι.
1255 5600 1538 5673 Expuncta
1579 5598 1813 5655 voculae

1910 5612 1940 5651 ιι
1972 5602 2250 5664 utcunque
2282 5590 2554 5649 sententia
2588 5585 2910 5645 cohaerebit.
