3840 6062
385 127 520 182 ΗΠ

1757 137 1816 193 S.
1856 138 2198 197 EPIPHANII

3506 154 3635 208 ius

383 263 548 319 quam
599 249 853 307 inanibus
896 249 967 307 sit
992 249 1192 306 referta
1255 250 1456 310 fabulis
1529 264 1809 326 appareat,
1863 259 1959 329 qni

2063 258 2204 314 οὕτω
2229 235 2363 324 ’πως
2408 258 2579 332 δήπου
2612 258 2903 331 λεχθέντα·
2951 258 3346 332 ἐδοιιμασας
3384 262 3567 332 ἡμᾶς,
3604 272 3634 324 δ

385 338 791 410 Scripturarum
816 352 1022 397 rectam
1056 341 1474 413 intelligentiam
1500 347 1807 417 repudiant.
1832 347 1958 405 Haec

346 430 527 507 ,enim
551 431 643 486 illo
681 432 734 486 in
773 433 984 502 psalmo
1018 432 1275 504 leguntur
1305 450 1318 486 :
1365 433 1613 491 Probasti
1640 454 1761 504 nos,
1793 437 1957 505 Deus;

383 524 498 592 igne
550 539 643 577 nos
688 524 1031 588 examinaui,
1090 524 1227 578 sicut
1282 529 1618 581 examinatur
1661 540 1955 600 argentum.

388 611 660 667 Induxisti
688 631 783 668 nos
813 615 868 680 in
903 615 1179 688 laqueum;
1204 618 1428 687 posuisti
1485 619 1849 676 tribulatione:
1902 624 1958 677 in

381 702 540 754 dorso
577 711 780 756 nostra.
812 702 1126 773 Imposuisti
1154 707 1388 762 homines
1417 707 1578 779 572
1601 725 1756 778 super
1782 711 1959 780 capita

381 799 584 845 nostra.
606 790 969 849 Transivimus
998 812 1092 866 per
1113 798 1284 865 ignem
1329 810 1378 853 et
1413 816 1628 870 aquam,
1653 812 1701 855 et
1725 802 1959 857 eduxiati

381 898 475 936 nos
504 884 560 937 in
616 884 949 957 refrigerium
980 888 1020 941 ¹.
1049 886 1262 955 Quibus
1296 889 1476 945 statim
1521 891 1786 961 adjiciunt
1818 912 1831 947 :
1862 892 1959 949 liis

381 974 579 1030 animae
627 979 975 1035 sermonibus
1024 987 1272 1047 utuntur,
1322 995 1445 1052 quae
1487 980 1542 1036 in
1573 998 1779 1055 corpus
1814 984 1961 1040 velut

378 1065 432 1119 in
468 1066 743 1138 laqueum,
767 1086 797 1125 e
827 1072 990 1125 tertio
1020 1072 1160 1127 caelo
1190 1071 1283 1126 ubi
1327 1080 1382 1127 et
1434 1073 1724 1143 paradisus
1754 1082 1857 1139 est,
1890 1075 1958 1130 ad

377 1168 655 1217 certamen
684 1163 877 1218 delata:
904 1172 1053 1221 sunt.
1084 1164 1219 1220 Nam
1254 1165 1323 1222 iis
1353 1166 1557 1232 verbis,
1600 1167 1959 1225 Transivimus

377 1268 470 1320 per
507 1255 676 1325 ignem
701 1264 754 1310 et
778 1273 993 1327 aquam,
1027 1266 1122 1312 aut
1156 1258 1352 1313 anima:
1377 1266 1684 1313 maternum
1716 1276 1814 1330 per
1851 1269 1962 1317 ute-

382 1358 501 1397 rum
554 1345 610 1398 in
664 1343 809 1399 hunc
837 1345 1102 1401 mundum
1134 1347 1402 1403 transitus
1438 1347 1784 1419 exprimitur,
1815 1348 1961 1420 quod

380 1432 436 1487 in
497 1441 651 1490 tanto
710 1435 966 1491 incendio
1021 1442 1185 1506 atque
1242 1437 1475 1494 humore
1532 1448 1821 1508 versetur;
1869 1452 1962 1497 aut

377 1523 623 1593 ejusdem
665 1525 719 1579 in
754 1525 893 1580 hanc
928 1525 1093 1601 vitam
1126 1542 1157 1582 e
1191 1528 1333 1583 coelo
1371 1528 1559 1599 lapsus
1613 1531 1956 1600 ostenditur;

378 1615 433 1668 in
459 1629 569 1685 quo
595 1630 719 1670 cum
749 1616 892 1688 ignis
920 1596 1082 1672 veluti
1112 1617 1308 1682 fontes,
1332 1596 1443 1674 tum
1467 1620 1766 1692 illam,qure
1791 1596 1956 1693 supra
1990 1596 2031 1651 Β

377 1711 782 1766 ﬁrmamentum
804 1720 907 1781 est,
924 1727 1187 1785 aquarum
1210 1700 1318 1769 vim
1342 1716 1664 1787 copiamque
1684 1720 1959 1775 transmit-

378 1801 464 1856 tit.
516 1801 727 1859 Contra
785 1818 926 1873 quos
963 1805 1141 1859 visum
1192 1812 1278 1859 est
1332 1806 1465 1860 mihi
1511 1806 1812 1878 disputare.
1844 1810 1959 1882 Age

378 1892 584 1964 itaque,
614 1894 955 1965 Aglaophon,
1011 1904 1069 1949 tu
1114 1910 1213 1966 pro
1241 1896 1373 1962 illis,
1425 1913 1547 1970 quae
1590 1897 1771 1955 alI'erri
1803 1901 1957 1958 abiis

376 1991 631 2053 possunt,
668 1985 1025 2053 respondeas.

447 2073 652 2128 XLVII.
698 2076 951 2148 Inprimis
988 2077 1133 2131 enim
1181 2078 1469 2148 paradisus
1503 2081 1613 2146 ille,
1650 2082 1718 2139 de
1764 2098 1873 2155 quo
1901 2084 1959 2139 in

378 2165 555 2234 primo
571 2173 760 2221 nostro
788 2174 1012 2245 parente
1028 2168 1221 2236 dejecti
1244 2169 1469 2236 fuimus,
1488 2173 1721 2229 eximius
1737 2176 1957 2244 quidam

380 2256 525 2310 baud
557 2256 724 2312 dubie
749 2256 851 2313 hac
876 2258 933 2312 in
965 2268 1108 2313 terra
1138 2260 1293 2316 locus
1319 2270 1426 2327 est,
1452 2272 1506 2318 et
1536 2262 1601 2318 ad
1628 2266 1956 2335 exquisitam

376 2349 672 2418 quamdam
700 2364 762 2405 ac
812 2349 1272 2421 jucundissimam
1321 2355 1536 2426 piorum
1570 2358 1813 2428 requiem
1862 2357 1960 2413 ha-

376 2430 815 2515 bitationemque
851 2453 1119 2502 secretus.
1153 2443 1397 2502 Indidem
1450 2464 1613 2519 porro
1644 2451 1850 2522 Tigris,
1905 2457 1960 2506 et

378 2532 686 2605 Euphrates
718 2545 1024 2608 casteraque
1079 2537 1302 2594 ﬂumina
1337 2541 1778 2611 proficiscuntur,
1826 2559 1963 2614 quo-

376 2641 498 2680 rum
546 2626 600 2681 in
649 2628 1019 2685 continentem
1064 2638 1310 2686 nostram
1366 2632 1733 2690 derivationes
1773 2649 1836 2689 ac
1868 2633 1964 2688 de-

347 2734 574 2774 .cursus
608 2720 907 2774 exundant.
950 2720 1069 2776 Non
1108 2723 1253 2777 enim
1284 2723 1337 2778 in
1364 2731 1547 2789 terras
1596 2740 1627 2781 e
1676 2726 1816 2780 cmlo
1865 2725 1962 2780 de-

375 2810 526 2878 lapsa
584 2809 945 2879 praecipitant.
990 2809 1177 2882 Neque
1231 2813 1374 2867 enim
1439 2821 1642 2868 tantam
1698 2827 1962 2884 aquarum

379 2900 578 2954 molem
615 2915 739 2953 cum
759 2900 965 2969 ingenti
996 2916 1060 2956 ex
1087 2902 1197 2956 alto
1225 2902 1429 2973 impetu
1466 2902 1781 2973 depressam
1808 2906 1966 2960 susti-

377 3004 509 3044 nere
535 2998 680 3045 terra
717 2991 1007 3061 potuisset.
1042 2989 1147 3047 Sed
1173 3007 1276 3047 nec
1304 2993 1602 3063 Apostolus
1647 2994 1961 3064 paradisum

375 3081 538 3136 tertio
578 3082 631 3136 in
657 3084 799 3139 caelo
830 3083 1085 3146 collocat,
1130 3085 1175 3141 si
1216 3086 1341 3155 quis
1380 3085 1531 3142 illius
1566 3085 1728 3142 verba
1775 3074 1961 3142 subtili

375 3173 614 3243 quadam
635 3175 993 3248 intelligentia
1019 3184 1307 3247 penetrare
1333 3178 1528 3249 possit.
1564 3176 1727 3244 Novi,
1760 3179 1960 3250 inquit,

360 3266 639 3348 .Itominem
667 3276 877 3335 raptum
907 3267 976 3322 ad
1026 3269 1239 3322 tertium
1267 3268 1475 3332 cazlum,
1500 3276 1547 3322 et
1575 3268 1812 3322 eumdem
1846 3270 1964 3323 ποιεί

374 3356 657 3424 hominem,
684 3360 795 3413 sive
853 3359 909 3412 in
966 3374 1203 3426 corpore,
1229 3360 1334 3413 sive
1381 3367 1535 3412 extra
1579 3373 1789 3427 corpus,
1821 3358 1961 3414 Deus

374 3448 509 3509 scit;
563 3448 815 3518 quoniam
869 3456 1055 3515 raptus
1105 3456 1183 3501 est
1232 3447 1287 3499 in
1338 3445 1647 3516 paradisum
1674 3448 1715 3501 ¹.
1752 3445 1962 3513 Quibus

375 3538 561 3595 verbis
584 3537 695 3592 duo
725 3537 828 3592 sibi
853 3535 1074 3591 maximi
1091 3536 1349 3591 momenti
1376 3535 1645 3607 patefacta
1672 3535 1959 3608 signiﬁcat,

374 3643 502 3682 cum
553 3626 638 3682 bis
667 3626 961 3697 perspicue
992 3635 1138 3682 esset
1171 3635 1531 3699 assumptus;
1568 3628 1804 3698 primum
1845 3635 1960 3682 ter-

375 3722 512 3776 tium
553 3722 608 3776 in
638 3722 863 3787 malum,
904 3721 1105 3778 deinde
1156 3721 1211 3778 in
1247 3720 1587 3793 paradisum.
1636 3719 1763 3775 Haec
1815 3720 1960 3776 enim

373 3811 689 3869 verba:Scio
713 3822 920 3883 raptum
940 3813 1242 3884 hujusmodi
1259 3811 1421 3885 usque
1438 3813 1506 3868 ad
1524 3814 1734 3869 tertium
1751 3814 1958 3878 caelum,

380 3907 658 3977 peculiare
712 3906 997 3977 quiddam,
1053 3922 1176 3962 cum
1209 3905 1277 3961 ad
1311 3906 1537 3961 tertium
1581 3906 1782 3962 caelum
1814 3913 1961 3961 esset

373 4004 932 4064 evectus,'ostensum
984 3996 1061 4051 illi
1119 4012 1244 4053 esse
1296 3997 1703 4053 demonstrant.
1730 3996 1799 4052 At
1828 3997 1960 4052 illud

351 4090 522 4161 .quod
554 4091 872 4162 subjicitur:
898 4089 963 4144 Et
992 4092 1100 4145 scio
1118 4090 1424 4160 hujusmodi
1449 4090 1734 4157 hominem,
1767 4092 1875 4146 sive
1906 4092 1961 4147 in

374 4200 616 4259 corpore,
650 4185 756 4239 sive
801 4192 954 4238 extra
997 4198 1222 4253 corpus;
1251 4183 1503 4252 quoniam
1544 4191 1727 4251 raptus
1777 4192 1853 4237 est
1903 4183 1960 4237 in

2060 352 2226 419 Θεὸς,
2254 352 2570 422 ἐκύρωσας
2598 351 2777 422 ἡμᾶς,
2808 352 2889 418 ὡς
2910 352 3201 421 κυροῦται
3227 353 3295 407 τὸ

2052 443 2386 514 Εὶσήγαγες
2425 441 2586 513 ἡμᾶς
2624 446 2713 509 εὶς
2751 442 2868 511 τὴν
2915 442 3175 511 παγίδα·
3210 444 3357 498 ἔθου
3399 447 3639 514 θλίψεις

2054 535 2154 588 ἐπὶ
2198 532 2307 589 τὸν
2355 530 2579 589 νῶτον⁴
2595 533 2784 604 ἡμῶν.
2842 534 3237 600 Ἐπεσίϐασας
3282 534 3637 603 ἀνθρώπους

2055 621 2155 677 ἐπι
2213 624 2323 690 τὰς
2369 624 2633 693 κεφαλὰς
2704 622 2891 693 ἡμῶν.
2931 624 3267 693 Διήλθομεν
3304 624 3407 679 διὰ
3450 628 3633 694 πυρὸς

2057 715 2156 768 καὶ
2188 714 2430 783 ὕδατος,
2471 717 2571 771 καὶ
2619 715 2911 787 ἐξήγαγες
2952 716 3110 787 ἡμᾶς
3154 720 3243 786 εις
3281 718 3627 787 ἀναψυχήν.

2057 806 2168 859 Καὶ⁵
2198 805 2401 871 εὐθέως
2438 806 2790 879 ἐπιφέρουσι·
2842 807 3027 861 Ταῦτα
3063 806 3121 861 δὲ
3166 808 3273 861 ὑπὸ
3303 809 3413 862 τῶν
3450 807 3629 880 ψυχῶν

2058 897 2293 969 εἴρηται,
2321 897 2429 951 τῶν
2457 900 2538 962 εἰς
2574 899 2675 970 τὴν
2704 898 2907 968 παγίδα
2939 899 3001 952 τὸ
3046 898 3226 970 σῶμα,
3263 901 3342 962 ὡς
3384 888 3467 962 sic
3493 899 3631 968 ἀγῶ-

2058 1005 2247 1059 νισμα,
2279 989 2707 1060 κατενεχθεισῶν
2734 990 2798 1043 ἐκ
2825 988 2919 1043 τοῦ
2945 989 3130 1063 τρίτου
3164 988 3420 1062 οὐρανοῦ,
3458 989 3581 1043 ἔνθα
3604 992 3629 1045 ὁ

2060 1080 2405 1152 παράδεισος.
2430 1079 2503 1134 Τὸ
2525 1080 2634 1153 γάρ
2650 1121 2666 1148 ,
2691 1080 3021 1152 Διήλθομεν
3042 1081 3141 1135 διὰ
3159 1081 3353 1149 πυρὸς
3374 1081 3476 1135 καὶ
3496 1081 3629 1135 136a-

2058 1188 2181 1238 τος,
2211 1172 2351 1242 ἦτοι,
2380 1172 2535 1245 φησὶ,
2555 1172 2653 1242 τὴν
2676 1172 2765 1227 διὰ
2817 1172 3033 1244 μήτρας
3069 1173 3151 1235 εις
3179 1171 3273 1226 τὸν
3302 1171 3510 1242 κόσμον
3534 1171 3627 1242 τῆς

2058 1262 2237 1334 ψυχῆς
2282 1264 2513 1335 πάροδον
2563 1263 2731 1335 δηλοῖ,
2770 1264 3067 1337 ἐπειδήπερ
3108 1267 3168 1318 ἐν
3195 1265 3358 1335 φλογὶ
3399 1266 3628 1340 τοσαύτῃ

2060 1355 2156 1410 καὶ
2189 1355 2426 1428 ὑγρασία
2452 1356 2869 1425 καταγίγνεται·
2908 1357 2941 1429 ἢ
2979 1355 3078 1430 τὴν
3123 1355 3233 1410 ἀπὸ
3255 1356 3368 1410 τῶν
3393 1357 3626 1429 οὐρανῶν

2059 1447 2409 1501 κατάπτωσιν
2460 1449 2555 1503 ἐπὶ
2605 1449 2697 1502 τὸν
2746 1448 2860 1519 βίον
2910 1448 3267 1520 διερχομένην
3304 1448 3406 1513 τὰς
3453 1449 3627 1519 πηγὰς

2061 1538 2156 1593 τοῦ
2192 1539 2362 1612 πυρὸς
2402 1541 2497 1594 καὶ
2524 1542 2591 1595 τά
2629 1541 2771 1613 ὑπὲρ
2813 1539 2884 1594 τὰ
2923 1540 3070 1595 νῶτα
3113 1539 3209 1595 τοῦ
3253 1539 3626 1613 περεὼματος

2060 1631 2246 1686 ὕδατα.
2291 1632 2434 1704 Πρὸς
2465 1631 2560 1696 οὓς
2599 1631 2783 1703 ἠξίουν
2810 1630 3141 1686 ἐνίστασθαι.
3192 1632 3333 1705 Φέρε
3362 1631 3473 1704 γὰρ
3495 1631 3626 1705 ὕπερ

2059 1724 2261 1789 αὐτῶν,
2318 1717 2363 1777 ὧ
2404 1722 2739 1794 ’Δγλαοφῶν,
2785 1724 2949 1789 αὐτὸς
2987 1724 3212 1796 ποιησαι
3258 1722 3361 1796 τὴν
3404 1724 3627 1791 ἀπόκρι-

2061 1833 2164 1882 σιν,
2192 1816 2245 1870 τί
2286 1816 2521 1882 λέξουσι.
2882 1857 2885 1859 ι

2129 2080 2263 2135 MZ'.
2304 2078 2530 2153 Πρῶτον
2563 2080 2671 2151 γὰρ
2700 2084 2728 2135 ὁ
2756 2080 3101 2152 παράδεισος,
3129 2081 3254 2136 ὅθεν
3289 2085 3387 2137 καὶ
3412 2083 3621 2157 ἐξεϐλή-

2060 2165 2255 2238 θημεν,
2303 2167 2361 2220 ἐν
2404 2165 2483 2238 τῷ
2532 2167 2970 2239 πρωτοπλάστῳ,
3024 2170 3087 2224 ἐκ
3123 2171 3334 2243 ταύτης
3375 2174 3493 2227 ἐστὶ
3534 2175 3623 2244 τῆς

2060 2257 2164 2329 γῆς
2204 2256 2484 2329 προδήλως
2522 2258 2686 2322 τόπος
2735 2258 3030 2331 ἐξαίρετος,
3084 2262 3222 2334 πρὸς
3270 2263 3476 2317 ἄλυπον
3505 2267 3620 2320 ἀνά.

2061 2365 2263 2401 παυσιν
2325 2349 2420 2402 καὶ
2485 2347 2759 2421 διαγωγὴν
2820 2352 2933 2413 τοῖς
3009 2351 3181 2420 ἁγίοις
3253 2354 3621 2427 ἀφωρισμένος

2060 2439 2365 2511 κρείττονα.
2441 2439 2563 2492 Ἀπ’
2603 2439 2767 2493 αὐτοῦ
2818 2440 2913 2493 καὶ
2961 2440 3051 2495 τὸν
3098 2442 3330 2514 Ἰξίγριν,
3388 2446 3486 2499 καὶ
3540 2447 3622 2500 τὸν

2059 2531 2373 2603 Εὐφράτην.
2409 2530 2502 2583 καὶ
2538 2529 2664 2594 τοὺς
2690 2529 2910 2595 λοιποὺς
2956 2533 3233 2601 ποταμοὺς
3272 2534 3401 2597 τοὺς
3423 2535 3621 2589 ἐκεῖθεν

2062 2623 2457 2697 προχεομένους
2478 2622 2708 2679 ἐνταῦθα
2736 2621 3037 2691 φαίνεσθαι,
3082 2623 3193 2680 τῶν
3219 2626 3509 2696 ῥευμάτων
3535 2626 3624 2691 τὰς

2060 2716 2341 2780 διεκϐολὰς
2371 2719 2450 2781 εἰς
2476 2717 2576 2787 τὴν
2627 2714 2749 2770 καθ’
2777 2715 2924 2785 ἡμᾶς
2964 2715 3191 2785 ἤπειρον
3222 2716 3622 2781 ἐπικλύζοντας.

2062 2805 2137 2858 Οὐ
2187 2806 2297 2877 γὰρ
2348 2806 2456 2862 ἀπὸ
2502 2805 2609 2859 τῶν
2651 2804 2895 2875 οὐρανῶν
2947 2803 3154 2858 ἄνωθεν
3193 2808 3627 2877 διαταράσσονται

2062 2895 2331 2966 χεόμενοι.
2376 2896 2528 2949 Ἐπεὶ
2568 2895 2688 2949 ούδέ
2719 2895 2930 2969 ὑπέστη
2965 2896 3031 2950 ἂν
3067 2899 3100 2969 ἡ
3149 2898 3224 2968 γῆ
3257 2898 3422 2967 δγκον
3448 2897 3626 2951 τοσού-

2061 3002 2152 3039 τον
2212 2985 2423 3059 ἀθρόως
2475 2986 2535 3052 ἐξ
2584 2986 2749 3057 ὕψους
2796 2986 3235 3058 καταφερόμενον
3279 2987 3629 3052 ὐποδέξασθαι

2063 3076 2276 3141 ὕδατος.
2344 3079 2484 3133 Ἀλλ’
2517 3079 2641 3133 οὐδὲ
2700 3080 2729 3132 ὀ
2784 3077 3106 3142 ’Δπόστολος
3161 3078 3482 3133 ὑποτίθεται
3521 3077 3628 3149 (ιι)

2060 3169 2152 3223 τὸν
2188 3171 2511 3243 παράδεισον
2541 3166 2680 3225 εἶναι
2713 3171 2771 3225 ἐν
2819 3170 2990 3242 τρίτῳ
3018 3169 3231 3243 οὐρανῷ
3273 3174 3390 3235 τοῖς
3429 3170 3629 3224 λεπτῶν

2062 3266 2365 3339 ἀκροᾶσθαι
2419 3265 2591 3334 λόγων
2642 3263 3053 3335 ἐπισταμένοις,
3103 3265 3249 3318 Οἶδα
3288 3264 3402 3333 γὰρ
3455 3264 3630 3332 ἁρπακ-

2059 3360 2241 3430 γέντα
2264 3358 2374 3424 ἕως
2407 3359 2632 3426 τρίτου,
2676 3354 2873 3424 λέγων,
2908 3355 3169 3424 οὐρανοῦ
3189 3375 3203 3388 ·
3236 3357 3337 3410 καὶ
3377 3352 3511 3410 οἶδα
3534 3356 3632 3410 τὸν

2060 3450 2333 3506 τοιοῦτον
2373 3449 2706 3518 ἄνθρωπον,
2741 3447 2860 3501 εἴτε
2904 3446 2975 3500 ἐν
3015 3447 3263 3518 σώματι,
3308 3449 3427 3502 εἴτε
3461 3447 3633 3517 χωρὶς

2062 3543 2359 3614 animatae,
2402 3544 2435 3597 ὀ
2481 3540 2624 3609 Θεὸς
2663 3536 2845 3607 οἶδεν,
2878 3541 2968 3594 ὅτι
3008 3539 3249 3610 ἡρπάγη
3282 3544 3372 3607 εὶς
3398 3541 3502 3595 τὸν
3529 3556 3634 3595 πα-

2054 3634 2364 3706 ράδεισον.
2435 3631 2539 3686 Δύο
2601 3630 2971 3702 ἀποκαλύψεις
3035 3631 3276 3704 μεγάλας
3342 3631 3632 3703 ἑωρακέναι

2066 3726 2278 3799 μηνύει,
2297 3726 2376 3790 δὶς
2397 3724 2725 3797 ἀναληφθεὶς
2745 3724 2987 3797 ἐναργῶς
3005 3742 3020 3756 ’
3046 3721 3193 3789 ἅπαξ
3220 3723 3317 3794 μὲν
3336 3723 3444 3787 ἓως
3462 3724 3632 3795 τρίτου

2061 3814 2314 3889 ούρανοῦ,
2356 3815 2503 3881 ἅπαξ
2526 3816 2583 3869 δὲ
2624 3817 2704 3879 εἰς
2739 3816 2830 3870 τὸν
2862 3814 3208 3887 παράδεισον.
3242 3814 3318 3869 Τὸ
3343 3814 3478 3886 γὰρ,
3499 3810 3635 3867 οἶδα

2061 3908 2403 3978 ἁρπαγέντα
2450 3906 2558 3961 τὸν
2614 3907 2888 3962 τοιοῦτον
2937 3906 3049 3973 ἓως
3106 3907 3308 3974 τρίτου
3357 3905 3632 3975 οὐρανοῦ,

2067 3998 2209 4063 ἰδίως
2236 3998 2574 4069 ἀποκάλυψιν
2604 3998 2751 4069 αύτῷ
2774 3996 2916 4053 κατά
2947 3997 3038 4051 τὸν
3067 3996 3248 4069 τρίτον
3280 3997 3634 4069 ἀναληφθέντι

2063 4091 2364 4161 πεφηνέναι
2397 4091 2698 4165 συνίστησι.
2734 4089 2807 4143 Τὸ
2846 4090 2924 4154 δέ,
2968 4087 3077 4143 Καὶ
3118 4084 3272 4154 οἶδα,
3320 4088 3483 4142 πάλιν
3521 4089 3632 4140 ἐπι-

2064 4180 2381 4253 φερόμενον,
2425 4179 2534 4234 τὸν
2577 4180 2850 4235 τοιοῦτον
2892 4175 3224 4248 ἄνθρωπον,
3252 4176 3375 4230 εἴτε
3420 4177 3493 4230 ἐν
3528 4174 3635 4229 σώ-

375 4275 708 4344 paradisum,
775 4275 925 4330 aliud
986 4290 1179 4331 rursus
1227 4274 1282 4328 in
1323 4273 1576 4344 paradiso
1628 4273 1955 4345 patefactum

2063 4290 2218 4342 ματι,
2263 4272 2384 4326 εἴτε
2424 4271 2597 4339 ἐκτός
2637 4271 2743 4326 τοῦ
2789 4269 3083 4340 σώματος,
3135 4270 3225 4325 ὅτι
3269 4268 3515 4340 ἡρπάγη
3553 4269 3634 4333 εὶς

379 4367 485 4437 ipsi
520 4375 683 4436 atque
713 4367 1012 4422 indicatum
1049 4367 1409 4422 demonstrat.

450 4549 723 4621 Quocirca
756 4561 974 4603 canorae
1003 4545 1122 4600 ista:
1153 4560 1310 4616 nngze
1342 4553 1493 4608 sunt.
1525 4554 1579 4602 et
1611 4545 1678 4600 ad
1708 4561 1961 4616 pompam

371 4641 736 4713 speciemque
770 4637 977 4710 tragice
1008 4638 1273 4700 conﬁctar,
1304 4636 1518 4693 demitti
1570 4652 1601 4693 e
1644 4639 1783 4692 cmlo
1840 4639 1961 4692 ani-

370 4748 499 4787 imas
528 4746 801 4795 asserere,
835 4738 998 4800 atque
1023 4729 1077 4782 in
1120 4729 1266 4783 hunc
1296 4726 1610 4784 inferiorem
1655 4729 1845 4784 orbem
1871 4728 1974 4783 de-

371 4826 563 4897 lapsos
619 4824 810 4897 igneos
869 4824 1047 4879 fontes
1086 4829 1141 4877 et
1200 4837 1392 4892 aquas.
1438 4838 1559 4892 quae
1590 4821 1750 4892 573
1798 4836 1965 4892 supra

375 4917 788 4972 firmamentum
831 4915 1091 4981 eminent,
1134 4923 1534 4981 transcurrere;
1575 4928 1700 4967 nam
1732 4924 1785 4968 et
1815 4913 1961 4968 Ada-

382 5024 506 5064 mus
532 5009 853 5080 neutiquam
883 5022 916 5063 e
937 5006 1078 5062 coelo
1113 5005 1362 5075 dejectus
1398 5013 1503 5071 est,
1536 5004 1633 5062 sed
1669 5021 1735 5062 ex
1779 5021 1845 5062 eo
1875 5020 1964 5077 pa-

376 5100 592 5165 radiso,
628 5101 721 5172 qui
748 5102 800 5155 in
824 5099 973 5155 Eden
1006 5098 1184 5154 fuerat
1213 5095 1280 5151 ad
1331 5096 1598 5152 orientem
1633 5097 1882 5154 consitus
1918 5099 1961 5152 ³.

273 5185 287 5198 ’
382 5191 502 5248 Non
553 5196 721 5261 enim,
757 5200 1053 5262 antequam
1101 5204 1305 5258 corpus
1365 5187 1639 5252 indueret,
1677 5198 1964 5261 peccatum

2060 4368 2169 4420 τὸν
2191 4362 2578 4433 παράδεισον,
2617 4363 2809 4434 ἑτέραν
2843 4359 2998 4427 αὖθις
3033 4361 3181 4433 αύτῷ
3221 4361 3632 4434 πεφανερῶσθαι

2062 4457 2204 4511 κατά
2240 4456 2331 4511 τὸν
2360 4456 2685 4528 παράδεισον
2720 4455 3061 4525 ἀποκάλυψιν
3096 4454 3359 4507 δείκνυσι.

2135 4545 2468 4619 Τερετισμὸς
2498 4541 2591 4599 οὖν
2636 4546 2753 4599 ἐστι
2795 4545 2890 4600 καὶ
2941 4544 3328 4617 τραγικολογεα
3379 4543 3443 4596 τὸ
3477 4561 3634 4596 κατα-

2062 4636 2349 4694 ϐάλλεσθαι
2396 4636 2576 4704 λέγειν
2622 4635 2722 4701 τὰς
2759 4635 2936 4708 ψυχὰς
2977 4637 3041 4690 ἐκ
3070 4635 3179 4689 τῶν
3232 4634 3502 4707 οὐρανῶν,
3549 4633 3633 4685 καὶ

2059 4728 2354 4785 διαϐαίνειν
2393 4727 2488 4782 τοῦ
2528 4729 2699 4801 πυρὸς
2736 4728 2836 4793 τὰς
2871 4728 3076 4800 πηγὰς,
3121 4729 3215 4782 καὶ
3253 4727 3321 4781 τὰ
3360 4727 3527 4780 ὕδατα
3572 4724 3633 4777 τὰ

2059 4821 2197 4893 ὑπὲρ
2238 4823 2306 4875 τά
2336 4820 2484 4875 νῶτα
2528 4821 2623 4875 τοῦ
2659 4818 3057 4893 στερεώματος,
3094 4821 3174 4883 εἰς
3204 4820 3295 4874 τὸν
3330 4818 3452 4872 καθ’
3494 4818 3632 4889 ἡμός

2062 4917 2369 4985 φερομένας
2422 4913 2646 4984 κόσμον.
2705 4914 2856 4968 Ἐπεὶ
2915 4913 3049 4985 μηδὲ
3107 4915 3135 4966 ὁ
3194 4912 3364 4983 Ἀδὰμ
3415 4912 3483 4965 ἐκ
3531 4910 3631 4963 τῶν

2061 4999 2307 5076 οὐρανῶν
2336 5004 2622 5078 ἐξεϐλήθη,
2656 5004 2789 5059 ἀλλά
2830 5004 2938 5059 ἀπὸ
2960 5004 3056 5058 τοῦ
3099 5003 3242 5058 κατά
3286 5003 3547 5067 ἀνατολάς
3580 5003 3631 5054 ἐν

2074 5095 2237 5167 Ἐδέμ
2282 5096 2687 5169 πεφυτευμένου
2729 5095 3079 5167 παραδείσου.
3124 5096 3201 5149 Ού
3242 5094 3352 5167 γὰρ
3390 5091 3503 5166 πρδ
3540 5096 3631 5164 τῆς

2061 5187 2500 5260 ἐνσωματὼσεως
2538 5190 2599 5243 τὸ
2644 5189 3030 5260 παράπτωμα,
3074 5187 3326 5259 καθάπερ
3360 5186 3631 5257 ἐδείξαμεν

473 5348 488 5378 ⁸
512 5344 656 5401 Psal.
688 5362 815 5415 va,
852 5347 1036 5405 10-12.
1110 5346 1204 5416 ’,11
1228 5347 1355 5405 Cor.
1385 5361 1482 5410 xu,
1506 5345 1631 5403 2-4.
1719 5348 1739 5379 ³
1769 5344 1905 5401 Gen.
1942 5361 1999 5409 ll,
2037 5344 2122 5399 15.

450 5502 561 5571 (Η)
610 5502 762 5556 Ἀλλ’
790 5501 935 5555 οὐδὲ
965 5506 998 5554 ό
1052 5502 1404 5569 Ἀπόστολος
1443 5502 1799 5556 ὑποτίθεται.
1846 5500 1954 5555 Me-

370 5574 596 5632 thodius
630 5573 704 5629 ita
735 5573 803 5631 de
831 5573 1075 5645 Apostoli
1114 5582 1269 5644 raptu
1318 5574 1502 5638 sentit,
1549 5580 1606 5626 ut
1638 5574 1692 5627 in
1753 5572 1953 5628 caelum

2061 5499 2259 5570 primo,
2284 5507 2398 5553 tum
2426 5498 2477 5570 in
2501 5495 2808 5566 paradisum
2826 5501 3101 5554 terrenum
3128 5496 3469 5556 sileremus:
3493 5491 3626 5569 quod

2067 5569 2290 5629 uberius
2328 5569 2589 5626 declarat.
