3948 6068
334 150 480 205 1169

1019 152 1389 212 ADVERSUS
1426 155 1768 212 ΗίΕΒΕΞΕΞ
1806 155 1896 211 LII

2002 154 2041 210 Ι.
2085 154 2252 212 ΤΟΜ.
2292 157 2334 212 l.
2376 186 2442 198 --
2482 155 2756 211 HERES.
2793 155 2978 210 LXIV.

3442 156 3580 214 1150

330 268 566 336 ἱκανῶς,
608 268 717 323 οὐδ’
766 269 898 325 αὐτὸ
936 270 1094 342 σῶμα
1129 273 1297 342 παγὶς
1336 273 1514 329 τοῦτο.
1562 274 1725 328 Ἀλλὰ
1767 273 1896 346 μετὰ

2006 274 2267 344 contigit,
2304 281 2364 327 ut
2393 272 2610 328 abunde
2655 280 2781 327 ante
2813 272 3142 339 docuimus;
3177 286 3352 342 neque
3378 286 3621 342 corpus‘

327 359 432 431 τὴν
469 361 549 423 εἰς
596 360 659 414 τὸ
711 362 870 432 σῶμα
922 361 1198 433 σύμφυσιν
1251 364 1349 435 τῆς
1391 364 1566 436 ψυχῆς
1607 366 1813 434 γίνεται
1849 364 1910 419 τὸ

331 449 687 519 παράπτωμα
709 466 722 479 ·
766 450 849 502 ὅτι
887 448 1045 504 τοῦτο
1073 453 1477 524 συναμφότερον
1519 455 1549 506 ό
1591 453 1903 525 ἄνθρωπος·

333 540 429 592 καὶ
455 540 488 610 ή
518 540 582 593 ἐκ
624 538 721 592 τοῦ
750 540 1082 611 παραδείσου
1125 543 1476 608 κατάπτωσις
1500 544 1709 599 ἐνθάδε.
1754 545 1812 598 '0
1852 544 1909 597 δὲ

329 631 470 694 ὅλως
539 630 840 703 προσέσχεν
896 631 1346 706 ἐπιμελέστερον,
1423 635 1767 705 Ἀγλαοφῶν,
1828 635 1908 706 τῷ

328 720 477 793 λόγῳ
496 739 510 753 ο
554 722 689 775 ἀλλὰ
730 721 1023 776 διετείνατο
1080 724 1208 796 περὶ
1246 726 1589 797 πραγμάτων
1634 726 1907 798 διανόησιν

331 814 432 868 οὐκ
475 813 706 884 ἐχόντων
751 813 1121 893 ἐπιχείρησιν,
1168 815 1307 869 κατὰ
1357 815 1457 880 τὰς
1504 816 1661 883 δόξας
1704 815 1903 887 ἐξηγή-

332 903 531 958 σασθαι
572 903 681 957 τῶν
733 903 952 972 φαύλων
1000 904 1091 959 τὸν
1138 904 1384 977 ψαλμὸν,
1443 906 1572 979 περὶ
1614 902 1688 961 ὧν
1727 907 1904 976 λέγειν

332 994 504 1049 πλείω
541 994 881 1065 παρήσομεν.

397 1286 544 1341 MH'.
580 1284 848 1357 Βούλομαι
891 1284 1020 1356 γὰρ,
1062 1285 1249 1358 ἐπειδὴ
1293 1286 1438 1351 ἅπαξ
1475 1287 1554 1350 είς
1588 1287 1648 1341 τὸ
1688 1286 1901 1343 διευθῦ-

323 1391 415 1428 ναι
453 1375 556 1445 τὴν
585 1374 881 1447 μοχθηρίαν
922 1374 1099 1430 αὐτῶν
1126 1377 1354 1447 ἥκομεν,
1389 1376 1780 1448 ἁπογυμνῶσαι
1808 1378 1902 1431 καὶ

322 1465 529 1535 ταύτης
555 1466 736 1530 αὐτοῖς
760 1468 859 1538 τῆς
903 1468 1237 1539 προφητείας
1265 1468 1364 1539 τὴν
1403 1469 1694 1540 πρόφασιν.
1740 1469 1902 1523 Ἐδο-

322 1555 587 1626 ximam;
613 1555 792 1627 ἡμᾶς,
839 1560 871 1612 ό
916 1558 1079 1624 Θεὸς,
1123 1558 1223 1613 καὶ
1256 1560 1581 1628 ἐκύρωσας
1609 1560 1784 1630 ἡμᾶς,
1815 1561 1895 1627 ὡς

321 1625 616 1716 κυροῦται
652 1625 728 1700 ήτύ
766 1649 1071 1718 ἀργύριον.
1108 1625 1807 1724 Δοκιμασθέντεςήδιαρκῶς
1845 1625 1892 1706 oi
1920 1625 1967 1683 Β

291 1732 603 1809 ’μάρτυρες
646 1738 704 1790 ὲν
746 1740 868 1803 ταῖς
913 1739 1055 1793 κατὰ
1091 1741 1217 1803 τοὺς
1262 1741 1601 1812 πειρασμοὺς
1643 1741 1750 1795 τῶν
1793 1740 1894 1811 βα-

321 1828 502 1883 σάνων
546 1828 872 1900 προσϐολαῖς
913 1829 1018 1899 (τὰ
1084 1831 1254 1884 πολλὰ
1311 1830 1422 1902 γὰρ
1478 1833 1557 1895 εἰς
1615 1831 1714 1901 τὴν
1771 1830 1892 1885 καθ’

320 1921 471 1990 ἡμᾶς
509 1920 566 1972 αἱ
600 1922 923 1989 προφητεῖαι
969 1919 1151 1974 πίστιν
1191 1920 1564 1994 πληροῦνται),
1599 1921 1695 1974 καὶ
1737 1922 1893 1974 εὐσε-

318 2010 434 2074 ϐῶς
463 2010 555 2064 καὶ
574 2011 1022 2081 ἐρρωμενέστατα
1046 2012 1450 2085 διαθλήσαντες,
1491 2011 1891 2085 εὐχαριστοῦσι,

314 2102 401 2166 τὸ,
454 2102 811 2171 ἐδοκίμασας
849 2102 1026 2172 ἡμᾶς,
1069 2103 1338 2172 λέγοντες,
1373 2103 1451 2174 τῷ
1488 2104 1609 2174 Θεῷ
1629 2120 1642 2134 ’
1689 2105 1769 2169 ὃς,
1806 2106 1894 2159 ἵνα

313 2193 422 2264 τὴν
454 2190 614 2258 δόξαν
652 2194 781 2265 παρ’
816 2193 963 2265 αὐτῷ
1012 2195 1316 2266 κτήσωνται
1352 2194 1593 2266 μείζονα,
1634 2194 1724 2248 διὰ
1764 2196 1891 2249 πολ-

204 2276 207 2281 ⁴
315 2284 433 2338 λῶν
468 2284 663 2347 αὐτοὺς
707 2283 901 2355 ἤλεγξε
946 2286 1143 2350 πόνων,
1188 2287 1279 2340 τὸν
1327 2285 1541 2357 ἀληθῶς
1597 2287 1894 2357 Ὀλυμπια-

316 2376 418 2429 κὸν
459 2376 647 2446 ἀγῶνα
691 2378 912 2448 νικῆσαι
958 2375 1196 2449 προθείς.
1235 2378 1356 2438 ῖΚαὶ
1387 2376 1770 2446 ἐπισκέψασθε,
1816 2376 1893 2441 ὡς

315 2467 532 2531 τούτοις
574 2467 783 2539 συνῳδὰ
813 2467 995 2537 σαφῶς
1024 2470 1136 2531 τοῖς
1179 2467 1355 2536 λόγοις
1384 2468 1511 2540 περὶ
1536 2467 1645 2521 τῶν
1688 2468 1893 2539 μαρτύ-

319 2578 436 2632 ρων
482 2559 575 2614 καὶ
608 2562 638 2614 ό
678 2558 928 2632 Σολομὼν
974 2559 1408 2629 ἀναφθέγγεται·
1452 2560 1513 2612 οὐ
1566 2559 1673 2631 γὰρ
1713 2548 1911 2631 ἁμαρ-ξ

311 2670 484 2724 τυρος
533 2655 563 2707 ὀ
604 2653 761 2722 λόγος
813 2652 907 2707 καὶ
961 2651 1135 2707 ἄλλων
1172 2647 1433 2721 Γραφῶν·
1493 2650 1573 2703 ὃτι
1629 2649 1691 2703 '0
1747 2649 1892 2716 Θεὸς

311 2744 642 2812 ἐπείρασεν
697 2742 947 2810 αὐτοὺς,
1017 2741 1112 2796 καὶ
1171 2737 1348 2811 εὗρεν
1397 2740 1621 2808 αὐτοὺς
1681 2742 1893 2807 ἀξίους

311 2832 554 2888 ἑαυτοῦ.
611 2834 707 2899 Ὠς
745 2833 980 2902 χρυσὸν
1004 2833 1076 2889 ἐν
1117 2834 1490 2901 χωνευτηρίφ
1532 2832 1894 2902 ἐδοκίμασεν

312 2924 541 2991 αὐτοὺς
556 2964 572 2990 ,
655 2920 754 2979 real
813 2925 894 2989 ὡς
951 2923 1347 2993 όλοκάρπωμα
1399 2923 1649 2989 εὐωδίας
1701 2938 1890 2992 προσ·
1918 2951 1960 3006 c

310 3016 562 3079 εδέξατο
596 3016 834 3080 αὐτούς.
875 3014 983 3068 Kal
1011 3014 1083 3067 ἐν
1103 3012 1284 3081 καιρῷ
1309 3013 1645 3081 ἐπισκοπῆς
1666 3012 1889 3067 αὐτῶνο

314 3106 556 3180 πρόσθεν
602 3104 771 3160 εἰπών
794 3121 809 3137 ι
854 3104 966 3160 Kal
992 3103 1103 3174 γὰρ
1138 3105 1249 3157 ἐὰν
1285 3104 1356 3157 ἐν
1395 3104 1530 3172 ὄψει
1568 3102 1895 3171 ἀνθρώπων

313 3198 722 3258 κολασθῶσιν,
757 3198 796 3265 ἠ
828 3196 1004 3263 ἐλπὶς
1026 3195 1225 3250 αὐτῶν
1252 3196 1583 3260 ἀθανασίας
1619 3194 1857 3262 πλήρης
1875 3209 1891 3225 ⁸

312 3291 417 3345 καί
455 3290 629 3359 ὀλίγα
657 3287 1098 3353 παιδευθέντες,
1125 3286 1358 3358 μεγάλα
1389 3282 1895 3355 εὐεργετηθήσον-

312 3396 435 3435 ται.
487 3377 651 3432 Ἀλλὰ
678 3379 773 3432 καὶ
795 3380 852 3430 ἐν
873 3377 949 3448 τῷ
986 3383 1104 3449 ρκγ¹
1128 3376 1327 3450 ψαλμῷ
1361 3376 1424 3430 τὸ
1454 3376 1774 3449 εἰρημένον·
1824 3379 1893 3431 Ei

308 3472 398 3543 μὴ
433 3472 523 3527 ὅτι
566 3473 782 3540 Κύριος
825 3466 907 3541 ἦν
929 3470 1000 3525 ἐν
1035 3469 1201 3539 ἡμῖν,
1250 3470 1321 3523 ἐν
1352 3467 1433 3535 τῷ
1480 3468 1896 3538 ἀπαναστῆναι

310 3562 666 3631 ἀνθρώπους
710 3562 802 3631 ἐφ’
842 3559 1019 3630 ἡμᾶς,
1071 3560 1185 3629 ἄρα
1221 3559 1439 3627 ζῶντας
1486 3560 1565 3615 ἂν
1609 3562 1897 3616 κατέπιον

314 3651 494 3725 ἡμᾶς.
546 3651 915 3724 Χειμάῤῥουν
959 3649 1210 3720 διῆλθεν
1252 3653 1291 3720 ἡ
1324 3650 1494 3720 ψυχὴ
1527 3650 1726 3721 ἡμῶν
1780 3651 1897 3719 ἄρα

311 3745 565 3816 διῆλθεν
591 3746 630 3813 ἡ
656 3744 828 3814 ψυχὴ
866 3743 1035 3813 ήμῶν
1062 3743 1128 3797 τὸ
1158 3742 1314 3811 ὕδωρ
1348 3743 1413 3797 τὸ
1445 3745 1890 3799 ἀνυπόστατον.

312 3839 663 3907 Εὐλογητὸς
700 3838 935 3905 Κύριος,
967 3835 1036 3901 ὃς
1075 3836 1186 3889 οὐκ
1215 3833 1437 3897 ἔδωκεν
1475 3833 1635 3905 ἡμᾶς
1665 3837 1754 3901 εἰς
1787 3833 1894 3901 θή-

310 3946 431 4000 ραν
478 3929 602 3994 τοῖς
661 3928 914 3983 ὀδοῦσιν
965 3924 1191 3981 αὑτῶν;
1243 3926 1317 3981 Ἠ
1361 3927 1533 3996 ψυχὴ
1589 3926 1757 3997 ἡμῶν
1812 3927 1895 3990 ὡς

312 4021 638 4088 στρουθίον
663 4020 923 4088 ὲρῤύσθη
947 4019 1016 4071 ἐκ
1057 4017 1167 4086 τῆς
1197 4016 1447 4086 παγίδος
1477 4016 1595 4071 τῶν
1617 4020 1895 4086 θηρευόν-

311 4127 452 4165 των.
516 4111 578 4166 Ἠ
617 4110 796 4181 παγίς
844 4111 1184 4178 συνετρίϐη,
1239 4110 1338 4166 καί
1385 4109 1556 4180 ἡμεῖς
1603 4111 1895 4178 ἐρρύσθη-

307 4218 449 4273 μεν.
494 4204 558 4257 Oi
602 4205 874 4275 μάρτυρές
908 4205 1048 4256 εἰσιν
1096 4207 1144 4258 οἱ
1168 4204 1482 4274 ψάλλοντες.
1538 4206 1641 4258 Δύο
1682 4204 1739 4258 δὲ
1783 4204 1893 4258 τῶν

314 4294 637 4349 καλλινίκων
664 4296 713 4349 oi
759 4296 910 4367 χοροὶ
947 4295 1258 4370 μαρτύρων,
1307 4292 1388 4361 εἷς
1430 4297 1524 4367 μὲν
1573 4296 1669 4367 τῆς
1695 4296 1892 4369 Διαθή-
1925 4292 1965 4348 D

314 4403 421 4457 κης
440 4386 539 4457 τῆς
552 4387 778 4457 Καινῆς,
802 4387 1027 4460 θάτερος
1049 4387 1105 4441 δὲ
1122 4388 1222 4459 τῆς
1251 4387 1515 4454 Παλαιᾶς,
1537 4388 1893 4457 ἀντίφθογγον

315 4475 488 4546 ὕμνον
534 4475 841 4547 συμφώνως
885 4477 964 4547 τῷ
1023 4477 1330 4548 ὁπερμάχῳ
1375 4477 1495 4547 Θεῷ
1538 4478 1633 4532 καὶ
1685 4477 1895 4548 βασιλεῖ

313 4568 426 4620 τῶν
475 4566 610 4621 ὅλων
654 4568 1097 4640 ἀναπέμποντεςο
1163 4569 1554 4639 Ἐδοκίμασας
1612 4568 1801 4639 ἡμᾶς,
1858 4574 1893 4625 d

315 4659 461 4725 Θεός
483 4675 496 4689 ·
548 4659 862 4727 ἐπύρωσας
907 4657 1086 4728 ἡμᾶς,
1141 4660 1222 4726 ὡς
1272 4660 1560 4728 πυροῦται
1593 4660 1659 4714 τὸ
1716 4662 1894 4731 ἀρτύ-

311 4766 464 4818 ριον.
528 4749 861 4819 Είσήγαγες
912 4749 1069 4820 ἡμᾶς
1128 4753 1216 4818 εὶς
1272 4750 1388 4819 τὴν
1442 4751 1696 4821 παγίδα·
1750 4753 1892 4808 ἔθου

316 4840 555 4909 θλίψεις
583 4840 679 4893 ἐπὶ
714 4840 822 4894 τὸν
848 4838 1042 4895 νῶτον
1077 4842 1244 4912 ἡμῶν
1263 4859 1277 4873 ·
1311 4843 1373 4896 τὸ
1406 4843 1755 4915 δικαστήριον
1781 4844 1890 4898 τῶν
1920 4869 1931 4879 υ

314 4931 505 4993 ἐθνῶν,
552 4931 585 5002 ἢ
624 4932 752 4995 τοὺς
792 4935 1160 5005 πειρασμοὺς,
1224 4933 1346 4988 καθ’
1410 4933 1500 4999 οὒς
1546 4935 1891 5001 ἐκθλιϐέντες

319 5021 556 5093 ἰσχυρῶς
592 5021 1046 5093 ἐδοκιμάσθησαν.
1085 5025 1422 5093 Δοκίμασόν
1445 5041 1523 5093 με
1562 5026 1689 5094 γὰρ,
1733 5028 1887 5096 φησι,

2009 362 2188 434 ipsum
2247 362 2427 431 laquei
2488 362 2664 415 instar
2692 360 2908 415 atltxum
2939 369 3041 415 est.
3069 359 3173 417 Sed
3206 369 3319 415 tum
3346 362 3579 431 denique

2007 461 2290 526 peccatum
2319 461 2403 508 est
2431 452 2752 517 admissum,
2785 467 2911 507 cum
2945 452 3002 507 in
3046 468 3212 506 unum
3236 467 3438 522 corpus
3467 455 3579 508 ani-

2006 550 2204 613 maque
2249 543 2601 608 coaluissent,
2638 549 2925 612 propterea
2957 541 3101 611 quod
3130 556 3195 596 ex
3228 530 3460 610 utroque
3489 541 3580 596 bo-

2006 633 2171 688 minis
2201 639 2400 686 natura
2442 631 2752 698 conﬂatur;
2793 639 2988 700 estque
3041 631 3097 685 in
3152 631 3297 685 hunc
3336 630 3512 685 locum
3546 644 3577 683 e

2004 721 2261 792 paradiso
2290 721 2439 776 facta
2487 722 2813 792 deportatio.
2856 720 2950 775 Ille
2983 735 3134 787 vero,
3172 737 3205 777 ο
3233 721 3571 791 AglaOphon,

2003 829 2112 868 non
2136 820 2341 868 attente
2371 812 2660 867 admodum
2714 813 2769 867 in
2825 812 2971 867 illius
3006 811 3111 868 loci
3138 812 3465 868 sententiam
3496 812 3574 866 in-

1994 904 2218 968 cubuit,
2271 903 2367 958 sed
2407 918 2471 959 ea
2500 903 2830 973 disputando
2863 903 3132 959 aﬂirmare
3163 904 3415 969 instituit,
3451 919 3573 973 quae

2004 994 2210 1065 percipi
2258 994 2408 1050 nullo
2441 993 2604 1049 modo
2638 993 2891 1065 possunt,
2941 1003 3105 1065 atque
3159 1010 3226 1050 ex
3281 1009 3571 1065 pravorum

2002 1088 2287 1143 hominum
2348 1088 2605 1158 opinione
2656 1090 2931 1159 explicare
2983 1088 3250 1159 psalmum
3296 1088 3447 1142 illum
3487 1103 3572 1159 ag-

2001 1192 2226 1248 gressus
2261 1186 2366 1233 est.

2068 1290 2300 1346 XLVIII.
2344 1292 2501 1348 Libet
2558 1293 2725 1357 enim,
2780 1291 3225 1364 quandoquidem
3285 1292 3452 1346 semel
3496 1290 3568 1343 ad

2000 1380 2219 1437 illorum
2284 1382 2787 1455 reprehendendam
2847 1384 3145 1455 nequitiam
3207 1386 3569 1450 devenimus,

1999 1475 2145 1530 illius
2184 1475 2392 1531 oraculi
2444 1476 2726 1532 declarare
2773 1485 3030 1531 mentem.
3066 1475 3314 1530 Probasti
3339 1493 3455 1539 nos,
3488 1478 3572 1531 in-

1999 1565 2137 1636 quit,
2173 1565 2336 1629 Deus,
2369 1575 2419 1621 et
2441 1568 2557 1637 igne
2587 1583 2682 1622 nos
2710 1567 3052 1631 examinasti,
3079 1567 3215 1621 sicut
3233 1568 3573 1622 examinatur

1995 1664 2286 1724 argentum.
2316 1654 2418 1710 Ubi
2442 1665 2731 1727 martyres.
2764 1656 2857 1726 qui
2887 1644 3176 1712 tormentis
3225 1671 3288 1711 ac
3322 1657 3574 1711 cruciati-

1995 1744 2100 1799 bus
2137 1745 2373 1800 admotis
2418 1747 2642 1801 assidue
2690 1751 2993 1817 probantur
3037 1748 3205 1818 (saepe
3249 1749 3395 1803 enim
3441 1763 3572 1819 pro-

1995 1831 2286 1900 phetarum
2317 1847 2581 1901 responsa
2613 1833 2669 1888 in
2698 1835 2801 1891 ﬁde
2828 1844 3017 1891 nostra
3051 1851 3115 1890 ac
3148 1838 3569 1907 religionecom-

1994 1923 2260 1993 plentur),
2310 1930 2668 1995 posteaquam
2730 1925 2818 1995 pie
2875 1942 2940 1982 ac
3016 1927 3233 1984 fortiter
3290 1937 3567 1984 certamen

1994 2015 2266 2079 obierunt,
2300 2015 2367 2072 iis
2403 2004 2538 2086 ipsis
2562 2017 2765 2081 verbis,
2800 2017 3053 2074 Probasti
3080 2035 3195 2082 nos,
3226 2018 3339 2075 Deo
3361 2020 3567 2089 gratias

1995 2112 2163 2176 agunt
2192 2124 2205 2160 :
2237 2107 2354 2177 qui,
2396 2115 2456 2162 ut
2492 2108 2760 2180 majorem
2809 2108 2888 2163 illi
2912 2109 3145 2176 gloriam
3181 2110 3323 2179 apud
3355 2124 3415 2164 se
3437 2124 3567 2178 pro-

1993 2205 2358 2261 mererentur,
2389 2197 2560 2254 variis
2585 2198 2711 2254 illos
2744 2198 3024 2253 laboribus
3053 2198 3351 2268 periclitari
3375 2199 3564 2261 voluit.

1994 2301 2060 2342 ac
2091 2302 2218 2343 vere
2248 2286 2548 2360 Olympiaci
2600 2289 2888 2358 cujusdam
2927 2288 3245 2344 certaminis
3278 2288 3563 2343 victoriam

1994 2380 2296 2451 proposuit.
2318 2380 2491 2447 Quam
2512 2396 2649 2454 vero.
2667 2388 3033 2437 consentanea
3052 2381 3120 2436 iis
3141 2381 3210 2436 de
3236 2381 3565 2451 martyribus

1995 2486 2026 2527 a
2058 2470 2350 2527 Salomone
2381 2473 2731 2543 pronuntiata
2763 2472 2895 2537 sint,
2913 2471 3190 2527 attendite.
3212 2469 3398 2541 Neque
3418 2472 3562 2525 enim

1995 2565 2223 2619 aliarum
2265 2564 2672 2633 Scripturarum
2721 2564 3041 2619 testimonio
3091 2577 3361 2618 caremus.
3400 2560 3562 2623 Deus,

1994 2654 2194 2725 inquit,
2222 2657 2439 2708 tentavit
2461 2655 2606 2718 illos,
2638 2664 2687 2709 et
2710 2654 2903 2707 invenit
2934 2669 3022 2707 eos
3065 2652 3252 2721 dignos
3297 2667 3372 2704 se.
3419 2648 3563 2703 Tan-

1994 2763 2153 2817 quam
2182 2761 2373 2799 aurum
2395 2747 2451 2799 in
2482 2745 2698 2814 fornace
2722 2744 2962 2814 probauit
2984 2743 3137 2807 illos;
3168 2752 3220 2796 et
3259 2742 3393 2796 sicut
3416 2740 3565 2794 halo-

1995 2848 2237 2892 eaustum
2268 2837 2547 2891 suavitatis
2577 2838 2773 2904 accepit
2805 2835 2959 2899 illos;
2981 2843 3031 2889 et
3056 2836 3111 2888 in
3135 2842 3361 2903 tempore
3384 2833 3567 2887 uisita-

1997 2930 2156 2983 tionis
2201 2929 2480 2991 illorum‘,
2531 2924 2664 2992 etc.,
2720 2942 2845 2981 cum
2904 2936 3063 2980 antea
3119 2926 3344 2979 dixisset
3374 2941 3388 2977 ;
3423 2922 3565 2976 Etsi

1994 3036 2171 3073 coram
2222 3018 2518 3072 hominibus
2549 3026 2806 3073 tormenta
2838 3018 2983 3085 passi
3015 3024 3158 3078 sunt,
3187 3031 3303 3084 spes
3350 3013 3566 3068 illorum

1992 3110 2397 3164 immortalitate
2416 3108 2570 3175 plena
2599 3114 2697 3162 est.
2740 3105 2805 3158 In
2848 3106 3031 3173 paucis
3083 3106 3328 3172 correpti,
3374 3119 3567 3174 magna

1992 3200 2242 3269 beneﬁcia
2281 3208 2648 3269 consequentu:
2688 3199 2736 3251 ¹.
2774 3194 3044 3249 Praeterea
3108 3195 3320 3264 psalmo
3370 3207 3563 3258 cum,

1992 3306 2116 3345 cum
2139 3290 2242 3346 ista
2271 3288 2567 3344 dicuntur:
2596 3286 2722 3340 Nisi
2750 3287 2875 3357 quia
2908 3284 3162 3339 Dominus
3181 3286 3368 3339 eratin
3390 3284 3561 3347 nobis,

1992 3397 2109 3435 cum
2134 3390 2467 3451 exsurgerent
2498 3379 2731 3435 homines
2768 3381 2820 3430 in
2867 3393 2986 3439 nos,
3034 3376 3169 3445 forte
3211 3376 3350 3429 vivos
3377 3374 3564 3445 deglu-

1993 3478 2176 3532 tissent
2208 3492 2322 3530 nos.
2363 3476 2665 3530 Torrentem
2716 3471 3057 3542 pertransivit
3105 3471 3285 3523 anima
3338 3480 3519 3522 nostra
3544 3483 3563 3521 :

1993 3567 2216 3631 forsitan
2242 3568 2617 3635 pertransisset
2654 3566 2833 3620 anima
2877 3573 3063 3619 nostra
3089 3577 3281 3632 aquam
3307 3560 3565 3614 intolera-

1993 3660 2171 3715 bilem.
2207 3658 2522 3713 Benedictus
2565 3654 2850 3719 Dominus,
2889 3656 2979 3724 qui
3041 3671 3145 3709 non
3194 3652 3339 3708 dedit
3379 3669 3473 3707 nos
3512 3653 3565 3705 in

1992 3752 2288 3821 captionem
2313 3748 2553 3803 dentibus
2575 3762 2779 3801 eorum.
2798 3745 2994 3798 Anima
3020 3753 3204 3798 nostra
3226 3746 3362 3798 sicut
3384 3759 3568 3810 passer

1991 3849 2169 3911 erepta
2195 3849 2273 3895 est
2315 3838 2379 3893 de
2414 3837 2601 3907 laqueo
2652 3836 2976 3890 venantium.
3014 3833 3256 3905 Laqueus
3302 3837 3564 3891 contritus

1991 3943 2089 4000 est,
2118 3943 2167 3987 et
2197 3947 2290 3986 nos
2316 3930 2528 3984 liberati
2557 3945 2738 3983 sumus
2757 3927 2800 3982 ⁸.
2824 3924 3090 3997 Martyres
3111 3924 3274 3997 574
3291 3926 3563 3995 ‘psalmum

1995 4025 2149 4079 illum
2199 4020 2580 4093 pronuntiant.
2629 4018 2836 4088 Duplex
2895 4033 3059 4090 porro
3116 4016 3562 4086 triumphantium

1991 4123 2291 4184 martyrum
2323 4111 2527 4165 chorus
2551 4117 2658 4165 est.
2690 4109 2840 4163 Alter
2867 4108 3014 4161 enim
3043 4106 3109 4162 ad
3136 4105 3343 4161 Novum
3370 4104 3564 4159 Testa-

1992 4214 2271 4271 mentum,
2307 4203 2446 4258 alter
2472 4201 2540 4256 ad
2571 4201 2745 4257 Vetus
2777 4201 3041 4271 pertinet;
3097 4199 3189 4269 qui
3231 4197 3450 4268 quidem
3509 4197 3562 4250 in

1995 4297 2205 4370 patroni
2230 4311 2293 4351 ac
2325 4294 2468 4365 regis
2496 4293 2741 4349 omnium
2776 4291 2868 4345 Dei
2893 4291 3157 4345 honorem
3187 4290 3394 4345 alterna
3427 4288 3560 4342 invi-

1998 4405 2115 4445 cem
2146 4387 2307 4456 hujus
2334 4385 2523 4457 hymni
2544 4382 2911 4439 modulatione
2928 4383 3293 4453 respondent:
3319 4380 3566 4435 Probasti
3604 4396 3613 4407 ·

2000 4497 2117 4539 nos.
2146 4478 2319 4539 Deus;
2347 4478 2463 4546 igne
2482 4492 2576 4530 nos
2602 4475 2942 4538 examinasti,
2966 4476 3100 4527 sicut
3123 4473 3459 4527 examinatur
3483 4487 3566 4523 ar-

1996 4578 2226 4640 gentum.
2253 4565 2526 4620 Induxiin
2564 4580 2659 4619 nos
2685 4564 2739 4617 in
2766 4563 3009 4633 laqueum
3031 4575 3050 4612 :
3081 4557 3305 4626 posuisti
3339 4556 3566 4609 tributa-

1999 4663 2164 4717 tiones
2189 4663 2241 4714 in
2272 4659 2429 4712 dorso
2473 4665 2675 4711 nostra.
2700 4653 2805 4710 Ubi
2847 4651 3140 4707 tribunalia
3171 4649 3449 4721 gentilium
3499 4662 3566 4702 ac

1999 4755 2327 4811 tentationes
2357 4750 2686 4822 signiﬁcant,
2717 4746 2920 4817 quibus
2957 4743 3135 4799 vexati
3167 4756 3233 4796 ac
3263 4741 3406 4796 velut
3441 4741 3569 4810 igne

1997 4845 2235 4916 percocti
2265 4841 2597 4898 validissime
2632 4836 2846 4909 probati
2884 4841 3030 4891 sinit.
3064 4832 3242 4886 Proba
3286 4847 3365 4885 me
3393 4832 3561 4893 enim,

1996 4932 2192 5003 inquit,
2230 4931 2390 4996 Deus,
2429 4940 2477 4985 et
2518 4938 2661 4983 tenta
2702 4943 2785 4982 me
2810 4942 2829 4980 :
2868 4941 2964 4979 ure
3003 4939 3151 4978 renes
3184 4937 3324 4977 meos
3372 4930 3424 4974 et
3473 4936 3571 4973 cor

1996 5041 2165 5080 meum
2174 5063 2186 5076 .

319 5119 517 5188 Κύριε,
550 5117 647 5172 καὶ
687 5118 979 5187 πείρασόν
1003 5135 1100 5187 με.
1139 5120 1430 5188 Πύρωσον
1462 5119 1604 5184 τοὺς
1635 5122 1894 5189 νεφρούς
1925 5139 2045 5192 μου
2075 5119 2172 5173 καὶ
2219 5116 2334 5184 τὴν
2366 5114 2621 5184 καρδίαν
2648 5129 2789 5183 μου.

389 5209 609 5279 Λεγέτω
649 5210 714 5281 δὴ
761 5209 855 5262 καὶ
906 5209 1153 5281 Ἀϐραὰμ
1197 5211 1289 5263 ἐπὶ
1333 5210 1412 5281 τῷ
1458 5214 1738 5280 μονογενεῖ
1784 5229 1886 5265 πυ-

318 5303 513 5376 ρωθεὶς
555 5302 623 5356 τὰ
668 5302 970 5373 σπλάγχνα,
1015 5304 1358 5374 προτιμήσας
1398 5319 1460 5356 τε
1507 5302 1567 5356 τὸ
1617 5301 1710 5356 τοῦ
1747 5300 1883 5358 Θεοῦ

318 5395 520 5467 μᾶλλον
572 5394 915 5467 πρόσταγμα,
970 5394 1103 5465 μετὰ
1167 5394 1227 5448 τὸ
1272 5392 1534 5449 ἀκοῦσαι·
1610 5393 1882 5465 Ἀϐραὰμ,

390 5580 407 5613 ³
441 5546 569 5649 Sap.
603 5592 684 5642 lit,
718 5575 769 5640 5,
806 5575 859 5631 6.
934 5580 951 5609 ¹
977 5573 1106 5632 ibid.
1142 5575 1194 5631 4.
1272 5574 1291 5607 ³
1331 5574 1472 5633 Psa'.
1502 5592 1687 5642 cum,
1728 5577 1833 5632 lii.

2067 5209 2246 5263 Liceat
2297 5214 2351 5261 et
2384 5208 2496 5261 hzec
2528 5204 2837 5259 Abrahamo
2888 5201 3092 5263 dicere.
3133 5211 3258 5252 cum
3315 5195 3564 5266 unigena;

1993 5303 2087 5357 lilii
2128 5301 2308 5373 gratia
2338 5300 2488 5354 illius
2516 5297 2730 5352 viscera
2767 5293 2933 5350 veluti
2989 5290 3225 5363 quodam
3277 5289 3402 5357 igne
3447 5294 3563 5340 tor-

1992 5401 2261 5460 rerentur,
2306 5407 2369 5450 ac
2397 5390 2657 5463 majorem
2689 5388 2858 5445 divini
2896 5384 3134 5441 mandati
3167 5383 3427 5439 rationem
3460 5376 3565 5429 iia-
