3840 6062
186 282 319 340 1153
854 270 1222 327 ADVERSUS
1259 269 1601 327 ΗΕΒΕὸιὶἷὸ
1636 266 1767 323 LIB.
1807 264 1874 322 ll.
1914 261 2077 320 TOM.
2114 261 2155 316 Ι.
2194 290 2263 301 -
2302 257 2575 316 IUERES.
2618 254 2803 312 LXIV.
3301 252 3435 308 “5.5

175 398 238 465 τῇ
264 384 510 461 ἁμαρτίᾳ
536 381 643 440 οὐκ
671 382 735 437 ἃν
758 383 1006 454 ἥμαρτεν
1047 385 1183 446 ὅλως
1209 383 1318 455 πρὸ
1354 383 1448 436 τοῦ
1481 380 1750 452 σώματος.

1862 392 1955 447 ρει·
1993 391 2116 432 sese
2144 380 2369 445 peccato
2405 372 2541 428 aflici
2573 380 2757 443 queat,
2788 368 2942 424 nullo
2968 374 3129 439 pacto
3164 373 3290 422 ante
3317 383 3439 423 cor-
3542 384 3549 392 ·

289 460 344 535 δὲ
385 479 652 549 ἥμαρτεν,
704 474 804 526 οὐκ
848 470 916 544 ῆν
970 473 1211 544 ἄληπτος
1253 472 1377 526 καθ’
1434 471 1631 543 ἐαυτὴν
1678 473 1745 543 τῇ

1862 486 1961 540 pus
1986 482 2214 539 peccare
2237 466 2525 537 potuisset.
2551 463 2648 519 Sin
2672 461 2936 533 peccavit,
2964 460 3160 516 falsum
3184 467 3267 514 est
3291 462 3440 514 nullo

162 570 438 645 ἀμαρτίᾳ,
476 566 614 620 ἀλλά
636 564 729 619 καὶ
768 564 1039 628 εὐάλωτος
1086 564 1286 636 μᾶλλον
1326 565 1421 619 καὶ
1459 562 1745 634 εὕληπτος.

78 685 99 704 ο
181 663 265 715 Διὸ
290 660 382 714 καὶ
411 656 591 722 πάλιν,
624 656 727 710 κᾶν
757 656 833 726 μὴ
859 655 1000 727 λάϐῃ
1024 657 1084 709 τὸ
1110 656 1267 726 σῶμα
1290 655 1470 718 τοῦτο,
1500 655 1751 726 ἁμαρτή-

181 766 348 811 σεται,
387 742 575 816 ὥσπερ
603 762 668 814 γε
700 744 793 799 καὶ
826 741 1055 816 πρὸ⁰τοῦ
1108 745 1290 798 λαϐεῖν
1322 745 1452 798 αὐτὸ
1477 746 1745 825 ἥμαρτεν.

180 842 271 894 Διά
296 839 349 892 τί
375 838 431 890 δὲ
458 837 595 901 ὅλως
621 835 715 906 καὶ
755 836 815 889 τὸ
850 837 1009 907 σῶμα
1032 836 1336 906 ἐλάμϐανεν
1357 836 1583 907 ὕστερον
1614 834 1750 905 μετά

181 934 233 988 τὸ
255 929 669 1002 ἡμαρτηκέναι;
704 928 776 980 Ἢ
804 927 886 991 τίς
912 927 1049 998 αὐτῇ
1083 929 1240 999 χρεία
1271 926 1519 1004 σώματος
1550 922 1657 998 ἧν;
1701 928 1749 980 εί

181 1025 276 1094 μὲν
306 1018 397 1074 οὖν
428 1019 513 1072 ἴνα
545 1018 902 1088 βασανίζηται
939 1020 1033 1071 καὶ
1064 1019 1225 1091 ἀλγῇ,
1270 1019 1388 1083 πῶς
1438 1019 1638 1089 μᾶλλον
1666 1021 1752 1073 ἐν-

180 1112 354 1186 τρυφᾷ
382 1108 480 1162 καὶ
515 1106 892 1162 ἀκολασταίνει
918 1108 1056 1179 μετά
1083 1107 1333 1179 σώματος
1359 1125 1374 1174 ;
1409 1109 1534 1172 Πῶς
1575 1109 1633 1163 δέ
1658 1108 1753 1163 καὶ

183 1205 233 1259 τὸ
255 1200 597 1265 αὐτεξούσιον
635 1196 773 1253 εἶναι
819 1201 876 1253 ἐν
917 1200 1090 1271 τούτῳ
1118 1199 1365 1269 φαίνεται
1398 1200 1540 1270 ἔχειν
1560 1199 1638 1271 τῷ
1663 1201 1753 1254 κό-

179 1311 333 1367 cum;
372 1293 490 1360 Ἐφ’
524 1293 654 1362 ἡμῖν
688 1290 797 1362 γὰρ
837 1290 897 1344 τὸ
944 1290 1232 1344 πιστεῦσαι
1278 1293 1486 1355 κεῖται,
1540 1290 1636 1343 καὶ
1690 1290 1755 1344 τὸ

181 1387 251 1459 μὴ
289 1383 600 1439 πιστεῦσαι.
627 1384 793 1437 Ἔνθα
830 1383 887 1436 δέ
932 1384 1016 1453 ἐφ’
1055 1386 1186 1455 ἡμῖν
1220 1384 1281 1437 τὺ
1312 1384 1600 1438 πιστεῦσαι
1643 1385 1754 1436 κεῖ,

178 1490 260 1525 ται
305 1471 399 1524 καὶ
433 1469 500 1522 τὸ
546 1469 620 1541 μὴ
665 1470 971 1536 πιστεῦσαι,
1012 1472 1096 1540 ἐφ’
1131 1473 1264 1542 ἡμῖν
1311 1472 1372 1525 τὸ
1404 1472 1752 1542 κατορθώσα-

178 1559 298 1611 σθαι
352 1556 446 1611 καὶ
505 1557 952 1628 ἀμαρτήσασθαι,
999 1560 1084 1629 ἐφ’
1128 1562 1260 1631 ἡμῖν
1308 1561 1369 1614 τὸ
1407 1561 1755 1629 ἀγαθοποιεῖν

179 1648 268 1702 καὶ
327 1647 387 1702 τὸ
440 1651 775 1703 κακοποιεῖν.
860 1649 1016 1703 Ἀλλά
1072 1653 1167 1705 καὶ
1214 1653 1248 1722 ἡ
1297 1653 1476 1723 κρίσις
1524 1653 1643 1715 πῶς
1689 1652 1753 1723 δὴ

1860 577 1981 618 eam
2032 566 2257 631 peccato
2310 571 2409 629 per
2435 572 2555 612 sese
2603 554 2849 626 potuisse
2887 552 3087 621 corripi
3119 568 3132 603 :
3160 552 3291 621 quin
3330 551 3442 605 imo

1858 652 2018 708 facile
2049 652 2118 706 ab
2169 665 2235 706 eo
2283 647 2463 704 invadi
2497 646 2909 718 expugnarique
2944 642 3144 713 potuit.
3193 641 3348 697 Unde
3386 651 3441 696 et

1857 744 1983 799 licet
2041 743 2222 798 denuo
2273 755 2477 811 corpus
2527 738 2663 793 illud
2715 753 2826 792 non
2877 737 3148 807 accipiat,
3196 734 3440 804 peccabit

1849 838 2226 902 nihilominus,
2274 835 2734 907 quemadmodum
2795 844 3087 903 antequam
3151 847 3276 886 eum
3344 831 3441 885 illo

1851 925 2298 996 conjungeretur,
2357 923 2682 995 jamdudum
2734 922 2960 979 fecerat.
3007 922 3280 989 Quorsum
3311 936 3441 976 vero

1852 1031 2054 1085 corpus
2100 1016 2323 1070 omnino
2377 1023 2501 1085 post
2545 1014 2846 1069 admissum
2879 1015 3137 1069 delictum
3168 1013 3435 1083 capiebat,

1852 1115 1946 1161 aut
1970 1108 2098 1177 quid
2130 1108 2222 1162 illo
2238 1122 2375 1177 opus
2399 1106 2672 1162 habebat?
2697 1105 2754 1159 Si
2787 1114 2846 1160 ut
2873 1106 3143 1176 supplicio
3164 1121 3237 1161 ac
3250 1106 3441 1160 dolore

1853 1198 2181 1264 afﬁceretur,
2234 1213 2335 1252 cur
2384 1212 2507 1255 cum
2542 1212 2773 1267 corpore
2830 1198 3017 1250 luxum
3074 1196 3256 1266 potius
3306 1196 3441 1253 deli-

1853 1288 2081 1357 ciasque
2107 1288 2379 1345 sectatur?
2409 1288 2636 1342 Arbitrii
2677 1303 2807 1343 vero
2841 1289 2924 1344 sui
2960 1288 3264 1343 libertatem
3300 1303 3439 1358 quo-

1859 1379 2021 1434 modo
2042 1379 2278 1434 retinere
2303 1380 2355 1433 in
2390 1380 2492 1435 hoc
2528 1380 2730 1435 mundo
2755 1380 3004 1436 videtur?
3031 1380 3267 1436 Credere
3291 1382 3440 1436 enim

1855 1477 1951 1523 aut
1982 1485 2092 1524 non
2123 1471 2347 1526 credere
2413 1472 2469 1525 in
2517 1479 2701 1526 nostra
2742 1481 2826 1527 est
2866 1473 3144 1529 voluntate
3177 1472 3439 1544 positum.

1858 1560 1958 1638 Ubi
1993 1569 2173 1617 autem
2205 1569 2500 1633 utrumque
2529 1563 2670 1634 juris
2692 1578 2756 1618 ac
2782 1564 3077 1619 voluntatis
3106 1572 3190 1619 est
3214 1574 3439 1627 nostra}.

1855 1667 2200 1719 consequens
2235 1662 2320 1709 est
2350 1662 2408 1708 ut
2445 1663 2500 1709 et
2528 1662 2676 1711 recte
2705 1670 2886 1725 agere,
2916 1655 2999 1709 vel
3028 1670 3273 1724 peccare,
3306 1656 3435 1711 boni

178 1739 550 1812 ἐπιφέρεσθαι,
596 1741 671 1805 ὡς
718 1742 1008 1813 μέλλουσα,
1044 1744 1445 1815 προσδοκᾶσθαι
1482 1744 1563 1798 ἔτι
1597 1743 1754 1798 δύνα-

1862 1741 2061 1810 aliquid
2084 1741 2282 1806 facere,
2306 1744 2391 1797 vel
2413 1745 2560 1809 mali,
2586 1745 2658 1799 sit
2684 1745 2976 1815 integrum.
3002 1744 3249 1811 Quonam
3281 1756 3441 1817 pacto

178 1845 288 1883 ται⁸
326 1828 449 1883 καθ’
487 1828 554 1900 ἣν
584 1832 613 1883 ό
644 1829 775 1894 Θεὸς
803 1832 1018 1903 ἑκάστῳ
1057 1832 1197 1885 κατά
1224 1832 1292 1885 τὰ
1318 1833 1454 1903 ἔργα
1487 1832 1583 1885 καὶ
1609 1830 1753 1884 κατά
1777 1865 1783 1876 ι

179 1921 243 1973 τὰ
272 1921 676 1992 ἐπιτηδεύματα
732 1922 1049 1976 ἀποδίδωσι·
1091 1924 1185 1977 καὶ
1232 1924 1330 1994 οὐχ
1361 1924 1436 1988 ὼς
1474 1924 1574 1994 ἤδη
1607 1940 1750 1994 παρ-

179 1999 309 2063 οῦσα
339 2011 747 2082 νομισθήσεται,
786 2013 900 2081 εῐγε
942 2013 1000 2066 τὸ
1028 2012 1352 2084 γεννηθῆναι
1396 2013 1494 2083 μὲν
1539 2014 1634 2068 καὶ
1672 2015 1752 2078 εἰς

180 2101 333 2172 σῶμα
363 2102 536 2156 ἐλθεῖν
569 2102 666 2174 τὴν
695 2103 873 2176 ψυχὴν
907 2104 1162 2176 κριθῆναί
1192 2107 1340 2158 ἐστιν
1369 2106 1467 2176 ἤδη
1497 2106 1591 2160 καὶ
1622 2106 1752 2158 ἀντ-

178 2192 501 2244 απολαὸεῖψ
538 2193 599 2246 τὸ
645 2193 701 2245 δὲ
763 2194 1082 2262 ἀποθανεῖν,
1128 2195 1223 2248 καὶ
1284 2196 1618 2267 χωρισθῆναι
1659 2195 1754 2248 τοῦ

179 2283 448 2353 σώματος,
496 2283 921 2355 ἐλευθερωθῆναί
969 2301 1030 2337 τε
1079 2286 1173 2339 καὶ¹
1220 2288 1299 2348 είς
1349 2284 1610 2354 ἀνάψυξιν
1671 2285 1757 2337 ἐλ-

177 2373 308 2438 θεῖν,
334 2374 424 2429 διὰ
466 2375 526 2428 τὸ
569 2374 674 2446 πρὸ
725 2374 976 2446 σώματος
1020 2376 1188 2448 αὐτὴν
1232 2377 1651 2448 ἁμαρτήσασαν,
1682 2378 1758 2441 ὡς

178 2467 255 2531 εἰς
293 2466 614 2539 κατάκρισιν
652 2468 745 2521 καὶ
785 2467 1077 2539 καταδίκην
1108 2469 1188 2532 είς
1231 2467 1293 2522 τὸ
1335 2468 1493 2539 σῶμα
1528 2467 1753 2539 ἐμϐιϐά-

180 2558 365 2621 ζεσθαι
390 2560 511 2614 καθ’
547 2561 724 2631 ὑμᾶς;
765 2560 1034 2625 Ἀπέδειξε
1067 2560 1124 2614 δέ
1156 2561 1393 2632 διαρκῶς
1436 2562 1497 2615 ἐκ
1542 2579 1757 2633 περιου-

184 2650 302 2711 σίας
334 2651 364 2703 ό
408 2650 586 2720 λόγος,
631 2652 941 2707 ἀνένδεκτον
972 2649 1110 2706 εἶναι
1148 2651 1465 2723 νομίζεσθαι
1497 2653 1559 2707 τδ
1594 2652 1756 2725 σῶμα

185 2741 601 2815 βασανιστήριον
631 2744 726 2799 καὶ
760 2743 926 2808 πέδας
950 2743 1051 2815 τῆς
1075 2743 1273 2816 ψυχῆς.
1388 2818 1391 2819 ν

249 3012 330 3066 N'.
363 3014 559 3085 Ἤρκει
601 3013 698 3085 μὲν
730 3008 842 3081 οὖν,
878 3014 985 3067 ἀπὸ
1017 3013 1113 3085 τῆς
1159 3013 1378 3085 Γραφῆς
1420 3014 1590 3085 αὐτῆς
1619 3015 1755 3068 ἀπο-

182 3104 427 3171 δείξαντα
460 3108 567 3179 πρὸ
590 3108 689 3179 τῆς
716 3107 1076 3179 παραϐάσεως
1112 3109 1202 3161 τὸν
1240 3108 1659 3180 πρωτόπλαστον
1691 3109 1758 3160 ἐκ

183 3194 357 3267 ψυχῆς
391 3201 484 3251 κα)¹
527 3199 775 3270 σώματος
817 3199 966 3263 ὄντα,
999 3199 1329 3253 καταπαύειν
1362 3200 1453 3253 τὸν
1484 3199 1611 3271 περὶ
1639 3197 1759 3252 τού-

185 3304 303 3343 των.
332 3291 571 3345 ἐνταῦθα
615 3292 790 3360 λόγον.
831 3291 1002 3362 Κάγὼ
1037 3293 1132 3346 νῦν
1180 3293 1277 3364 μὲν
1310 3292 1401 3346 ἐπὶ
1450 3292 1758 3361 κεφαλαίων

189 3378 322 3432 αὐτὰ
351 3380 717 3454 διεξέρχομαι,
748 3384 870 3436 ὅσον
907 3382 1005 3447 τὰς
1048 3384 1300 3454 ἀφορμὰς
1332 3382 1440 3436 τῶν
1481 3383 1761 3453 ἐπιχειρη-

193 3466 369 3533 μάτων
404 3469 591 3543 -αύτῶν
639 3470 858 3524 εὐθῦναι
911 3469 1355 3541 διαμιλλώμενος,
1408 3470 1494 3524 ἴνα
1543 3472 1617 3542 μὴ
1660 3469 1761 3541 τὴν

193 3560 527 3631 συμμετρίαν
572 3560 809 3614 ἐκϐαίνω
848 3561 957 3614 τῶν
999 3561 1191 3629 λόγων.
1235 3562 1474 3639 Πάρεστι
1506 3560 1616 3633 γὰρ
1660 3562 1759 3634 ἤδη

194 3651 406 3703 σκοπεῖν
435 3652 599 3723 ὑμᾶς,
626 3646 671 3705 ὦ
696 3653 964 3718 δικασταὶ,
995 3654 1076 3706 ὅτι
1108 3653 1187 3719 τὺ,
1215 3654 1362 3722 Ἐγὼ
1391 3653 1461 3707 δὲ
1489 3652 1632 3714 ἔζων
1656 3671 1763 3721 χω-

189 3737 279 3803 ρὶς
304 3742 489 3809 νόμου
516 3743 682 3809 ποτὲ,
713 3744 1002 3816 λεγόμενον
1045 3747 1103 3797 ἐν
1145 3747 1212 3816 τῇ
1257 3744 1393 3815 πρὸς
1437 3744 1760 3816 Ῥωμαίους,

193 3828 250 3880 οὐ
275 3831 491 3888 δύναται
522 3835 739 3889 πίπτειν
765 3837 846 3901 είς
867 3835 963 3907 τὴν
990 3835 1094 3908 πρὸ
1128 3836 1377 3906 σώματος
1420 3838 1542 3890 κατ’
1567 3837 1764 3901 αὐτοὺς

195 3922 456 3996 διαγωγὴν
488 3929 590 3999 τῆς
630 3926 825 3998 ψυχῆς,
854 3927 1105 3999 καθάπερ
1132 3928 1203 3981 τά
1240 3929 1608 4000 ἐπιφερόμενα
1638 3928 1765 3982 τού-

197 4032 299 4079 τοις
339 4020 564 4091 μηνύει·
610 4019 711 4074 κᾶν
754 4023 783 4073 ό
820 4022 1064 4089 γενναῖος
1103 4011 1256 4082 οὗτος
1304 4018 1485 4089 ίατρὸς
1513 4018 1621 4073 τῶν
1665 4020 1764 4091 ῥη-

196 4108 317 4176 τῶν,
344 4111 414 4166 τὰ
451 4114 581 4186 ἑξῆς
614 4111 963 4181 ἀφελόμενος,
995 4110 1133 4182 πρὸς
1173 4111 1235 4164 τὸ
1274 4108 1464 4163 δοκοῦν
1496 4108 1645 4179 αὑτῷ
1673 4108 1765 4161 τὸν

198 4200 313 4256 νοῦν
340 4204 597 4259 ἐὸιάσατο
630 4203 970 4275 μεταπλάσαι
1002 4201 1097 4255 τοῦ
1129 4199 1473 4264 Ἀποστόλου,
1508 4199 1724 4254 ἀνίατόν
1743 4202 1760 4231 ί

1858 1840 2114 1901 ρτωιοτεο
2134 1831 2374 1886 futurum
2402 1832 2533 1886 illud
2558 1833 2827 1902 judicium
2860 1837 3166 1904 exspectari
3205 1838 3440 1907 amplius

1861 1929 2037 1993 potest
2063 1938 2076 1973 :
2107 1938 2218 1993 quo
2252 1922 2306 1977 in
2331 1922 2543 1992 judicio
2579 1924 2873 1994 unicuique
2909 1925 3053 1980 Deus
3083 1942 3183 1995 pro
3211 1943 3439 1997 operum

1859 2015 2071 2068 ratione
2120 2029 2184 2068 ac
2227 2013 2537 2068 studiorum
2581 2013 2957 2084 rependet;ct
2986 2030 3094 2069 non
3120 2017 3301 2084 potius
3328 2016 3440 2086 jam

1861 2104 2053 2159 adesse
2080 2105 2417 2166 censebitur,
2447 2105 2494 2158 si
2529 2105 2673 2175 gigni
2710 2121 2771 2159 ac
2803 2106 2988 2161 subire
3021 2108 3073 2161 in
3101 2123 3302 2178 corpus
3321 2109 3443 2164 ani-

1863 2210 2006 2247 mam
2066 2195 2207 2249 idem
2264 2194 2425 2264 576
2460 2204 2541 2250 est
2605 2211 2667 2250 ac
2707 2196 2965 2265 judicari,
3017 2206 3071 2252 ct
3118 2200 3438 2254 meritorum

1864 2284 2081 2353 praemia
2134 2287 2447 2355 percipere;
2495 2286 2667 2340 etnori
2710 2296 2922 2348 contra.
2955 2298 3117 2358 atque
3141 2305 3172 2342 a
3207 2304 3439 2360 corpore

1864 2375 2100 2446 sejungi,
2157 2376 2295 2431 nihil
2347 2384 2433 2433 est
2476 2376 2644 2443 aliud,
2685 2393 2848 2447 quam
2879 2379 3099 2434 liberari
3132 2394 3195 2434 ac
3221 2380 3440 2436 refocil-

1863 2467 1986 2532 lari,
2021 2478 2309 2538 propterea
2332 2470 2501 2540 quod,
2528 2482 2752 2542 peccato
2781 2480 2908 2527 ante
2947 2487 3147 2541 corpus
3176 2474 3438 2540 admisso,

1861 2559 1916 2614 in
1948 2561 2088 2615 idem
2129 2562 2259 2615 illud
2294 2562 2495 2627 anima,
2533 2564 2681 2618 velut
2708 2563 2777 2617 ad
2799 2564 3126 2634 supplicium
3158 2563 3437 2625 damnata.

1857 2651 2223 2721 compellitur,
2270 2667 2391 2721 qua:
2436 2660 2617 2708 vestra
2676 2662 2761 2709 est
2805 2654 3104 2709 sententia?
3156 2652 3275 2708 Jam
3306 2655 3438 2710 illud

1862 2744 1998 2796 satis
2027 2756 2319 2813 superque,
2352 2744 2498 2798 velut
2515 2760 2580 2797 ex
2615 2745 2933 2810 abundanti,
2964 2747 3211 2803 oratione
3248 2756 3440 2804 nostra

1862 2830 2290 2886 demonstratum
2317 2841 2420 2897 est,
2456 2832 2568 2888 fieri
2605 2849 2713 2889 non
2731 2851 2911 2904 posse,
2931 2844 2991 2891 ut
3010 2853 3213 2908 corpus
3241 2841 3438 2895 animae

1784 2963 1828 3021 ο
1862 2921 2026 2978 veluti
2054 2921 2368 2976 carnificina
2399 2938 2463 2978 ac
2493 2926 2767 2980 vinculum
2800 2926 3083 2983 habeatur.

1929 3013 1990 3067 L.
2023 3015 2199 3084 Atque
2221 3015 2353 3069 illud
2397 3015 2615 3084 quidem
2642 3015 2891 3072 sufﬁcere
2930 3018 3164 3083 videtur,
3192 3019 3339 3091 quod
3371 3036 3439 3077 ex

1860 3105 2033 3162 sacris
2060 3103 2286 3160 Litteris
2306 3106 2645 3162 ostendimus
2676 3107 2944 3176 :primum
2962 3118 3211 3164 nostrum
3242 3127 3441 3181 paren-

1861 3204 1990 3259 tem,
2042 3196 2205 3249 etiam
2246 3202 2373 3249 ante
2424 3193 2706 3259 delictum,
2751 3211 2818 3250 ex
2863 3211 3094 3267 corpore
3151 3201 3443 3273 animaque

1862 3283 2031 3339 fuisse
2057 3282 2374 3351 conflatum,
2413 3292 2578 3354 atque
2605 3293 2678 3338 tta
2704 3285 3017 3356 disputandi
3054 3287 3214 3344 linem
3239 3290 3438 3351 facere.

1861 3374 1974 3445 Ego
1995 3390 2125 3430 vero
2158 3390 2373 3431 summa
2412 3390 2560 3431 nunc
2589 3377 2808 3431 illorum
2840 3378 3018 3447 capita
3056 3382 3438 3453 perstringam,

1861 3466 2129 3521 duntaxat
2185 3474 2246 3522 ut
2278 3475 2749 3538 argumentorum,
2793 3470 2991 3539 quibus
3019 3479 3268 3537 utuntur,
3305 3490 3445 3545 pra:-

1862 3560 2002 3616 sidia
2024 3574 2088 3612 ac
2108 3558 2447 3614 firmamenta
2478 3560 2781 3615 convellam
2802 3604 2817 3625 ,
2845 3576 2913 3617 ne
2935 3564 3155 3618 modum
3177 3566 3445 3622 orationis

1862 3651 2145 3707 excedam.
2188 3650 2303 3705 Hoc
2344 3653 2456 3721 jam
2509 3653 2653 3706 enim
2695 3654 2895 3708 intueri
2935 3658 3441 3729 potestis.judices,

1860 3741 1977 3796 ltaac
2003 3741 2249 3810 Apostoli
2283 3741 2446 3795 verba
2469 3755 2481 3790 :
2507 3739 2611 3810 Ego
2631 3741 2862 3796 vivebam
2883 3744 2994 3797 sine
3011 3746 3120 3815 lege
3134 3748 3441 3817 aliquando.

1861 3847 1930 3887 ex
1957 3830 2201 3902 Epistola
2237 3830 2303 3885 ad
2356 3830 2654 3899 Romanos,
2689 3847 3036 3902 nequaquam
3064 3837 3132 3890 ad
3164 3852 3285 3892 eam
3321 3842 3444 3895 vitae

1862 3925 2126 3980 rationem
2156 3938 2319 3994 posse
2351 3924 2664 3990 convenire,
2690 3939 2852 3993 quam
2883 3933 3011 3981 ante
3031 3942 3232 3998 corpus
3260 3930 3440 3985 anima

1863 4024 2155 4074 consecuta
2201 4015 2401 4082 fuerit,
2455 4024 2516 4071 ut
2563 4032 2629 4071 ex
2674 4019 3140 4086 consequentibus
3198 4032 3439 4091 apparet.

1866 4108 2105 4164 Tametsi
2133 4109 2384 4180 egregius
2425 4109 2515 4164 ille
2540 4109 2787 4166 medicus
2816 4125 3097 4166 sacrorum
3126 4114 3442 4182 verborum,

1865 4201 2125 4258 detractis
2170 4200 2418 4271 reliquis,
2452 4200 2696 4271 Apostoli
2730 4210 2966 4258 mentem
3015 4203 3084 4258 ad
3130 4205 3442 4274 opinionem

200 4307 247 4344 τι
270 4293 451 4348 παθὼν
486 4297 609 4351 λίαν
638 4295 731 4349 καὶ¹
763 4293 1032 4348 παιδικόν.
1078 4291 1221 4346 Ἀντί
1250 4291 1359 4364 γὰρ
1384 4290 1479 4345 τοῦ
1503 4290 1639 4361 πρὸς
1665 4289 1758 4354 τὰς

1866 4309 2021 4351 suam
2051 4294 2315 4349 violenter
2337 4292 2634 4349 transferre
2673 4293 2985 4350 contendat.
3016 4295 3075 4350 ln
3105 4312 3215 4367 quo
3247 4312 3437 4368 parum

201 4384 396 4451 οἰκείας
426 4390 728 4460 συμφύσεις
772 4387 864 4441 καὶ
909 4384 1155 4457 ἁρμογὰς
1186 4385 1255 4439 τὰ
1286 4384 1424 4456 μέλη
1449 4385 1633 4455 τηρεῖν
1660 4382 1767 4439 τῶν

205 4477 480 4546 σωμάτων,
517 4482 609 4534 ἵνα
651 4478 713 4531 τὸ
746 4480 852 4532 πᾶν
893 4477 1078 4549 ἄρτιον
1120 4476 1263 4530 κατά
1307 4477 1467 4546 φύσιν
1582 4476 1767 4547 σχῆμα

204 4567 291 4621 τοῦ
342 4571 611 4644 σώματος,
665 4570 1047 4643 ἡκρωτηρίασε
1102 4568 1384 4641 παρελθὼν
1436 4568 1526 4622 τὸν
1578 4568 1767 4640 εἱρμὸν

204 4656 296 4728 τῆς
330 4660 575 4735 Γραφῆς·
608 4661 857 4732 καθάπερ
883 4660 1094 4732 Σκύθης
1117 4659 1311 4731 ἐχθροῦ
1352 4676 1496 4724 τινος
1536 4659 1768 4728 ἀφειδῶς

207 4751 335 4817 πρὸς
360 4754 636 4829 ἀναίρεσιν
675 4754 1028 4824 κατατέμνων
1066 4753 1135 4806 τὰ
1168 4753 1305 4822 μέλη
1349 4747 1478 4805 εἷεν.
1519 4750 1644 4815 Πῶς
1675 4746 1768 4806 οὖν

131 4833 143 4848 ’
207 4838 233 4889 ὁ
268 4839 600 4910 ’Δπόστολος,
648 4844 882 4910 λέξουσι,
911 4841 1083 4895 ταῦτα
1127 4840 1461 4910 ἀπεφήνατο,
1501 4841 1550 4893 εἰ
1597 4840 1660 4892 σὺ
1696 4838 1770 4911 μὴ

207 4927 370 4995 οὕτως
394 4935 530 4992 αὐτά
562 4934 843 5001 ἀπέδειξας
872 4933 1048 5004 ἔχειν;
1080 4932 1199 4984 ’Ὀτι
1233 4931 1415 5000 νόμον,
1455 4930 1656 5000 εἴποιμ’
1681 4929 1769 4995 ἂν,

211 5016 422 5088 θέμενος
462 5021 601 5080 εἷναι
644 5026 744 5097 τὴν
798 5023 1033 5093 ἐντολήν.
1082 5021 1323 5076 Δεδόσθω
1373 5020 1480 5094 γὰρ
1555 5023 1772 5094 πρῶτον

163 5156 169 5162 ,
211 5111 344 5165 κατὰ
370 5115 467 5187 τὴν
506 5116 775 5188 ὑμετέραν
816 5115 1069 5169 ὑπόθεσιν
1103 5112 1201 5184 τὴν
1245 5112 1462 5183 ἐντολὴν
1500 5113 1661 5167 αὑτὸν
1689 5113 1775 5167 νό-

214 5213 306 5265 μον
337 5205 611 5278 εἰρηκέναι
652 5224 665 5237 ·
699 5207 759 5261 οὐ
799 5204 947 5276 παρὰ
981 5203 1139 5259 τοῦτο
1186 5202 1278 5257 καὶ
1320 5203 1622 5274 ἀσωμάτως
1665 5204 1773 5275 πρὸ

176 5288 180 5293 ’
210 5289 303 5359 τῆς
336 5293 548 5368 ἐντολῆς
584 5299 710 5361 τοὺς
751 5293 1206 5367 πρωτοπλάστους
1243 5291 1471 5346 ὑπέθετο
1513 5291 1773 5363 βεϐιωκέ-

213 5397 313 5449 ναι,
354 5387 485 5442 ἀλλά
530 5390 698 5463 χωρὶς
736 5387 1028 5460 ἁμαρτίας.
1072 5387 1184 5442 Καὶ¹
1233 5385 1342 5457 γὰρ
1386 5384 1561 5453 ὀλίγος
1602 5387 1632 5438 ό
1663 5385 1773 5439 ἀπὸ

214 5471 305 5542 τῆς
344 5478 568 5545 κτίσεως
610 5482 786 5536 αὐτῶν
831 5481 958 5553 ἄχρι
999 5478 1099 5550 τῆς
1133 5477 1351 5550 ἐντολῆς
1396 5477 1604 5550 χρόνος,
1632 5478 1690 5530 ἐν
1724 5466 1770 5543 ᾧ

282 5631 296 5661 ¹
321 5631 377 5689 F.
403 5635 671 5713 ἀνὶατρον.

1864 4386 2093 4448 medice,
2143 4386 2259 4439 imo'
2274 4400 2403 4443 vero
2427 4385 2707 4454 pueriliter
2746 4401 2868 4442 sese
2896 4387 3084 4457 gessit.
3117 4388 3253 4443 Cum
3292 4390 3437 4444 enim

1864 4477 1946 4532 sic
1984 4485 2239 4544 tanquam
2271 4489 2562 4545 corporum
2600 4476 2842 4532 membra
2877 4479 2942 4533 ad
2977 4481 3250 4549 prepriam
3290 4495 3442 4534 com-

1864 4571 2158 4631 missuram
2223 4582 2287 4622 ae
2327 4567 2642 4638 juncturam
2698 4572 3112 4626 accommodare
3162 4571 3439 4638 debuerit,

1866 4670 1925 4717 ut
1946 4662 2153 4730 integra
2177 4674 2241 4715 ac
2272 4661 2453 4714 nativa
2475 4662 2722 4730 corporis
2750 4661 2919 4732 figura
2943 4672 3214 4729 servetur,
3249 4680 3280 4720 e
3308 4680 3445 4721 con-

1863 4754 2036 4808 trario
2074 4751 2369 4821 Scriptum
2421 4753 2666 4822 neglecta
2723 4755 2899 4819 serie,
2945 4756 3197 4812 mutilum
3241 4773 3443 4833 corpus

1868 4842 2067 4905 effecit,
2102 4842 2328 4911 perinde
2355 4857 2419 4897 ac
2449 4840 2651 4913 Scytha
2689 4843 2887 4899 hostile
2912 4859 3113 4914 corpus
3146 4847 3445 4903 crudeliter

1866 4932 2160 4989 conficiens
2245 4934 2695 5004 membratimque
2761 4936 3081 4993 concidens.
3155 4937 3261 4993 Sed
3329 4940 3444 4995 haec

1870 5023 2039 5079 missa
2081 5023 2367 5079 faciamus.
2398 5024 2465 5080 At
2489 5024 2633 5079 enim
2668 5024 2850 5080 dicent
2877 5044 2890 5079 :
2925 5025 3037 5109 {Zur
3055 5027 3170 5081 hate
3198 5028 3266 5083 ab
3298 5029 3445 5099 Apo-

1868 5114 2010 5167 stolo
2037 5114 2387 5183 pronuntiata
2415 5122 2566 5177 sunt,
2596 5114 2641 5170 si
2671 5121 2727 5168 tu
2758 5114 2825 5168 ad
2846 5131 2969 5170 eum
2989 5116 3207 5170 modum
3242 5117 3444 5173 habere

1869 5220 1929 5260 se
1956 5205 2060 5261 ista
2100 5205 2427 5274 negaveris?
2477 5204 2800 5277 Respondeo
2839 5221 2937 5276 pro
2971 5215 3240 5277 praecepto
3273 5209 3442 5279 legem

1869 5294 2020 5348 illunt
2060 5309 2378 5366 usurpasse.
2421 5294 2587 5350 Detur
2610 5296 2754 5352 enim
2791 5296 2895 5352 hoc
2934 5297 3177 5367 opinioni
3208 5299 3441 5368 primum

1867 5395 2082 5451 vestrae,
2128 5384 2457 5459 praeceptum
2506 5389 2576 5443 ab
2615 5389 2878 5459 Apostolo
2939 5388 3109 5458 legem
3156 5390 3441 5459 appellari.

1866 5478 1983 5536 Non
2018 5478 2224 5536 idcirco
2280 5489 2458 5537 tamen
2504 5483 2750 5553 corporis
2776 5489 3028 5553 expertes
3073 5490 3197 5538 ante
3239 5493 3442 5551 praece-
