3840 6062
429 258 572 314 1155

1870 245 1929 304 S.
1970 245 2311 303 EPIPHANII

3563 250 3696 309 “56

430 381 581 441 ptum
607 368 814 440 primos
847 347 1104 437 parentes
1135 363 1307 420 fuisse
1336 339 1571 427 statuit,
1618 363 1714 431 sed
1744 364 2017 421 immunes

2123 364 2329 436 διέζησε
2354 363 2528 435 χωρὶς
2562 364 2861 436 ἁμαρτίας,
2912 366 3011 419 οὐκ
3041 364 3219 430 ἐκτὸς.
3302 404 3317 419 .

428 476 460 515 a
484 467 728 531 peccato.
758 457 927 512 Breve
945 457 1089 512 enim
1125 455 1258 510 illud
1282 462 1500 525 tempus
1531 454 1653 521 fuit,
1689 455 1835 525 quod
1859 456 2005 511 inter
2115 493 2130 510 .
2226 493 2241 508 .

429 553 648 607 illorum
709 548 1042 604 creationem
1117 555 1281 618 atque
1322 548 1451 603 editi
1496 546 2010 618 praeceptLtempus

429 640 783 696 intercessit:
819 639 873 693 in
894 640 1142 709 quosine
1170 648 1393 709 peccato
1429 639 1584 706 vixit,
1615 656 1727 697 non
1766 648 1943 698 extra.
2020 676 2035 689 .
2115 673 2133 690 .
2210 676 2224 691 .
2313 676 2328 692 .
2408 677 2423 693 .
2503 676 2516 689 .
2594 674 2609 690 .
2694 668 2712 692 .
2799 677 2814 692 .
2895 676 2909 709 .
2986 674 3004 693 .
3092 676 3107 691 .

429 749 631 803 corpus
666 741 839 788 morte
865 732 1004 787 allici
1033 732 1343 787 conﬁrmat.

500 824 586 880 LI.
620 823 777 890 Quod
823 825 868 880 si
919 823 973 879 id
1025 838 1217 878 rursus
1265 824 1549 893 objiciant,
1578 824 1692 880 Cur
1729 827 1894 898 igitur
1923 830 2012 881 sa-

432 916 636 984 pientia
657 915 844 970 carnis
874 929 997 969 esse
1027 912 1139 969 Deo
1169 914 1390 968 inimica
1417 915 1663 971 dicitur?
1725 916 1849 987 Legi
1872 916 2011 971 enim

433 1007 532 1061 Dei
593 1023 698 1061 non
736 1006 1059 1076 subjicitur:
1101 1022 1263 1076 neque
1309 1006 1446 1061 enim
1461 1006 1680 1077 potest‘,
1703 1007 1784 1063 sic
1814 1022 2013 1063 occur-

430 1100 662 1155 rendum
691 1100 817 1164 erit,
850 1099 1200 1154 vehementer
1228 1100 1352 1155 illos
1380 1100 1484 1155 hoc
1506 1100 1626 1155 loco
1667 1099 1867 1171 decipi.
1895 1099 2016 1154 Non

429 1192 576 1246 enim
604 1205 825 1246 carnem
857 1190 1052 1259 ipsam,
1077 1190 1174 1245 sed
1201 1190 1386 1245 carnis
1417 1191 1739 1260 sapientiam
1772 1192 1874 1263 legi
1919 1190 2016 1246 Dei

432 1281 629 1351 subjici
690 1295 800 1335 non
842 1296 1006 1350 posse
1047 1280 1311 1345 declarat,
1360 1296 1482 1351 quae
1519 1281 1737 1351 quidem
1783 1296 1814 1336 a
1851 1296 2017 1338 carne

431 1371 1210 1442 discrepat.Quemadmodum
1234 1372 1281 1426 si
1316 1369 1466 1425 dicat
1494 1391 1506 1427 :
1540 1372 1767 1442 Argenti
1800 1372 2014 1438 sordes,

432 1462 577 1533 quod
633 1478 741 1518 non
789 1462 925 1519 satis
972 1472 1325 1532 repurgatum
1365 1463 1457 1526 sit,
1491 1470 1551 1516 ut
1576 1478 1646 1518 ex
1675 1477 1741 1519 eo
1770 1478 1868 1519 vas
1898 1464 2017 1518 ido-

432 1573 594 1612 neum
630 1556 743 1612 lieri
773 1556 966 1624 possit,
1014 1553 1227 1609 artiﬁci.
1250 1569 1357 1609 non
1394 1554 1798 1623 subjiciuntur;
1840 1570 2018 1625 neque

431 1650 576 1703 enim
610 1655 860 1718 possunt.
887 1645 1102 1700 Etenim
1132 1646 1352 1701 cxcerni
1379 1645 1531 1715 prius
1568 1646 1691 1701 illas
1719 1654 1883 1716 atque
1912 1647 2014 1702 eli-

2117 497 2213 599 καὶ
2238 544 2357 615 οὑχὶ
2383 497 2448 598 τῦ
2464 543 2623 615 σῶμα
2643 497 3421 601 θανατοῦσθαιέόεὸαιώσατο..

3187 681 3203 696 ο
3308 638 3476 710 577
3526 657 3691 714 neque
3740 640 3747 649 ’

2188 821 2315 874 NA’.
2334 819 2458 874 Ἐὰν
2471 820 2528 874 δὲ
2548 819 2708 874 πάλιν
2729 821 3145 894 άνθυποφέρωσι
3165 822 3423 893 λέγοντες
3449 844 3463 855 ⁵
3487 826 3610 891 Πῶς
3631 828 3686 900 δὴ

2118 905 2210 964 οὖν
2254 911 2315 963 τὸ
2348 911 2600 982 φρόνημα
2648 911 2746 981 τῆς
2788 912 2990 983 σαρκὸς
3015 910 3153 967 εἶναι
3180 916 3400 987 εἴρηται
3428 916 3596 988 ἔχθρα
3617 922 3687 983 εἰς

2117 1001 2285 1067 Θεόν;
2324 1002 2408 1066 Τῷ
2438 1001 2549 1071 γὰρ
2580 1003 2741 1071 νόμῳ
2771 1002 2879 1057 τοῦ
2921 1005 3069 1059 Θεοῦ
3100 1007 3214 1075 οὐχ
3246 1007 3649 1063 ὑποτάσσεται
3668 1028 3679 1041 ·

2114 1092 2388 1162 οὐδὲγὰρ
2420 1091 2699 1148 duratur
2731 1093 2970 1161 λεκτέον,
2998 1096 3075 1160 ὡς
3098 1097 3206 1169 ἄρα
3237 1100 3334 1152 καὶ⁵
3366 1099 3553 1155 ἐνθάδε
3580 1102 3679 1156 δια-

2115 1184 2424 1239 πίπτουσιν.
2471 1185 2546 1237 Οὐ
2589 1185 2698 1258 γὰρ
2735 1186 2834 1257 τὴν
2868 1187 3048 1257 σάρκα
3085 1189 3275 1261 αὐτὴν,
3311 1190 3453 1244 ἀλλὰ
3482 1192 3544 1245 τὸ
3568 1196 3680 1265 φρό-

2114 1292 2263 1346 νημα
2281 1276 2380 1345 τῆς
2402 1276 2600 1348 σαρκὸς
2633 1277 3033 1333 ὑποτάσσεσθαι
3063 1279 3138 1351 μὴ
3157 1280 3422 1336 δύνασθαι
3450 1284 3529 1353 τῷ
3550 1286 3679 1357 νόμῳ

2115 1367 2208 1421 τοῦ
2239 1366 2371 1420 Θεοῦ
2398 1366 2645 1434 ὑπέθετο,
2668 1368 2856 1440 ἕτερον
2891 1371 3043 1440 παρὰ
3078 1370 3178 1443 τὴν
3218 1372 3403 1443 σάρκα
3430 1375 3675 1446 ὑπάρχον.

2115 1459 2382 1529 Καθάπερ
2423 1461 2471 1512 εξ
2517 1458 2733 1528 ἔλεγενο
2785 1461 2845 1513 ’0
2875 1460 3043 1532 ῥύπος
3069 1461 3164 1515 τοῦ
3198 1463 3273 1535 μὴ
3315 1465 3498 1530 καλῶς
3527 1467 3675 1537 άρτύ·

2121 1566 2213 1621 pou
2234 1550 2660 1622 καθαρισθέντος
2683 1552 2763 1615 εἰς
2788 1551 2847 1604 τὸ
2874 1553 3123 1620 γενέσθαι
3148 1554 3345 1619 σκεῦος
3370 1557 3675 1627 ἐπιτήδειον,

2114 1643 2213 1713 οὐχ
2242 1643 2605 1697 ὑποτάσσεται
2644 1642 2724 1714 τῷ
2760 1642 3110 1715 δημιουργῷο
3145 1645 3267 1699 οὑδὲ
3304 1645 3417 1715 γὰρ
3458 1647 3673 1703 δύναται.

432 1741 588 1811 quari
611 1739 887 1794 convenit.
939 1735 1052 1791 Nec
1080 1745 1368 1806 argentum
1416 1737 1623 1790 idcirco
1647 1744 1812 1806 negat
1839 1740 1893 1790 in
1919 1752 2013 1791 vas

2128 1734 2488 1805 Ἐκὸληθῆναι
2512 1734 2621 1807 γὰρ
2648 1735 2810 1788 αὑτὸν
2840 1736 3101 1808 πρότερον
3124 1737 3219 1791 καὶ
3263 1739 3566 1810 ἐκτακῆναι
3593 1743 3671 1797 δεῖ.

432 1831 653 1902 aliquod
684 1831 817 1886 utile
845 1827 1179 1884 conformari
1204 1842 1397 1898 posse;
1432 1827 1528 1883 sed
1564 1827 1618 1882 id
1649 1829 1827 1883 solum
1864 1828 2011 1899 quod

2123 1825 2230 1878 Καὶ
2261 1824 2323 1876 οὑ
2358 1824 2508 1896 παρὰ
2536 1824 2695 1879 τοῦτο
2717 1825 2806 1880 τὸν
2830 1824 3068 1897 ἄργυρον
3097 1827 3421 1898 ἀπεφήνατο
3446 1830 3521 1899 μὴ
3545 1830 3674 1886 6'5»:-

434 1925 489 1977 in
545 1931 772 1994 argento
800 1922 1132 1976 subauratum
1173 1933 1239 1972 ac
1271 1927 1493 1988 propter
1528 1917 1787 1974 duritiem
1814 1929 2013 1974 contu-

432 2029 558 2068 max
588 2025 694 2068 est.
727 2011 818 2066 Sic
844 2010 1139 2081 Apostolus
1165 2009 1234 2064 de
1253 2009 1437 2064 carnis
1466 2009 1735 2078 sapientia
1760 2010 2009 2080 loquens,

434 2121 542 2159 non
577 2119 797 2159 carnem
850 2103 1025 2171 ipsam
1060 2100 1258 2155 asserit
1284 2097 1378 2155 Dei
1412 2101 1514 2172 legi
1549 2116 1660 2156 non
1689 2116 1853 2171 posse
1883 2102 2015 2157 sub-

429 2197 526 2264 jici
555 2214 569 2249 :
603 2193 700 2250 sed
757 2208 875 2249 eam
916 2206 1038 2266 qua:
1087 2199 1173 2247 est
1207 2190 1265 2246 in
1303 2205 1469 2247 carne
1524 2192 1867 2262 sapientiam,
1905 2205 2016 2262 quo

434 2287 703 2342 vocabulo
736 2285 882 2340 illius
912 2284 969 2353 in
993 2283 1301 2353 voluptates
1329 2296 1392 2337 ac
1419 2282 1673 2339 libidines
1696 2282 2017 2353 propensio-

436 2393 562 2434 nem
597 2376 887 2449 signiﬁcat.
929 2376 1105 2446 Atque
1137 2375 1241 2429 hoc
1269 2374 1395 2430 alibi
1427 2388 1822 2445 nonnunquam
1861 2385 2015 2432 vetus

436 2474 761 2527 fermentum
813 2469 1033 2523 malitiae
1066 2482 1132 2522 ac
1168 2467 1460 2539 nequitiae'
1495 2474 1671 2534 vocat,
1699 2483 1825 2523 cum
1878 2467 2016 2522 illttd

437 2562 685 2618 funditus
696 2575 727 2614 a
750 2560 906 2616 nobis
922 2558 1196 2630 proﬂigari
1216 2559 1391 2629 jubet.
1413 2558 1815 2631 Nonnunquam
1841 2560 2014 2631 legem

437 2652 675 2723 appellat
708 2659 1099 2722 repugnantem
1135 2650 1237 2722 legi
1265 2650 1485 2718 mentis,
1521 2657 1576 2705 et
1603 2652 1880 2721 captivum
1922 2651 2018 2706 ab-

436 2744 727 2800 ducentem
750 2741 1028 2813 '.Alioqui
1064 2742 1110 2799 si
1136 2756 1356 2797 carnem
1383 2743 1558 2813 ipsam
1593 2742 1799 2798 diceret
1821 2742 2018 2797 divinas

438 2836 546 2904 legi
579 2833 779 2904 subjici
833 2828 955 2887 non
976 2847 1161 2902 posse,
1193 2834 1429 2902 primum
1461 2832 1679 2901 quoties
1704 2833 1789 2887 vel
1816 2833 2015 2890 intem-

439 2932 696 2994 peranter
730 2922 935 2992 aliquid
949 2921 1382 2985 faceremusgvel
1411 2919 1619 2975 furtum
1645 2922 2015 2977 committere-

441 3030 586 3079 mus,
612 3014 697 3069 vel
731 3020 925 3068 cmtera
972 3011 1024 3067 id
1051 3028 1223 3083 genus
1251 3014 1498 3083 corporis
1530 3014 1863 3069 adminiculo
1892 3030 2017 3086 per-

2121 1912 2245 1966 σθαι
2274 1914 2353 1977 εἰς
2382 1914 2575 1979 σκεῦος
2608 1914 2905 1987 πονηθῆναι
2926 1920 3216 1989 χρήσιμον,
3239 1920 3382 1974 ἀλλὰ
3414 1923 3477 1975 τὸ
3499 1924 3674 1993 χαλκῶ-

2117 2002 2206 2067 δες
2225 2004 2286 2057 τὸ
2306 2005 2365 2058 ὲν
2383 2005 2462 2076 τῷ
2482 2005 2707 2077 ἀργύρῳ
2723 2008 2816 2060 καὶ
2839 1992 2937 2080 τήν
2965 2009 3132 2080 ἄλλην
3157 1992 3527 2085 σκληρότητα.
3546 2016 3673 2069 Οὕτω

2119 2099 2216 2150 καὶ
2235 2097 2295 2150 τὸ
2315 2098 2571 2169 φρόνημα
2597 2098 2699 2167 τῆς
2730 2098 2927 2170 σαρκὸς
2949 2098 3143 2165 εἰπὼν,
3176 2102 3237 2155 οὑ
3267 2103 3370 2174 τὴν
3402 2106 3575 2175 σάρκα
3588 2107 3672 2178 ἔφη

2124 2187 2199 2260 μὴ
2220 2187 2478 2241 δύνασθαι
2501 2187 2900 2242 ὑποτάσσεσθαι
2921 2187 2997 2260 τῷ
3011 2190 3161 2261 νόμῳ
3184 2191 3280 2245 τοῦ
3299 2192 3462 2256 Θεοῦ,
3479 2194 3602 2246 ἀλλὰ
3627 2195 3676 2247 τὺ

2122 2280 2375 2352 φρόνημα
2402 2280 2460 2334 τὸ
2492 2281 2549 2334 ὲν
2570 2282 2636 2352 τῇ
2666 2282 2848 2351 σαρκὶ,
2880 2276 2989 2334 οἷον
3033 2281 3094 2334 τὸ
3140 2282 3277 2354 πρὸς
3304 2283 3407 2347 τὰς
3435 2284 3676 2355 ἀκρασίας

2121 2373 2291 2444 αὐτῆς
2330 2372 2501 2442 λέγων
2544 2374 2789 2446 ὅρμημα.
2817 2372 2993 2445 Ὅπερ
3035 2373 3265 2444 ἀλλαχοῦ
3314 2375 3407 2429 ὁτὲ
3457 2376 3552 2446 μὲν
3590 2393 3676 2429 πα-

2121 2465 2278 2519 λαιὰν
2333 2464 2509 2537 ζύμην
2565 2464 2762 2529 κακίας
2810 2467 2905 2520 καὶ
2953 2466 3217 2539 πονηρίας
3253 2467 3532 2531 ἐκάλεσεν,
3579 2470 3677 2522 ἐπι-

2124 2559 2374 2631 σπέρχων
2423 2558 2724 2625 αὐτοτελῶς
2756 2559 2850 2630 ἀφ’
2899 2560 3053 2631 ἡμῶν
3106 2560 3460 2631 ἁῖστωθῆναι,
3510 2561 3595 2614 ὁτὲ
3631 2561 3679 2615 δὲ

2121 2650 2284 2720 νόμον
2343 2649 2888 2722 ἀντιστρατευόμενον
2941 2650 3019 2721 τῷ
3068 2651 3216 2722 νόμῳ
3271 2650 3368 2704 τοῦ
3408 2652 3560 2717 νοὸς,
3600 2653 3681 2706 καὶ

2121 2741 2606 2812 αἰχμαλωτίζοντά.
2639 2742 2815 2807 Ἐπεὶ,
2866 2743 2914 2795 εἰ
2963 2742 3130 2814 αὑτὴν
3177 2744 3278 2814 τὴν
3323 2744 3501 2814 σάρκα
3546 2744 3680 2813 ἔλεγε

2125 2833 2200 2905 μὴ
2229 2833 2487 2888 δύνασθαι
2516 2833 2916 2889 ὑποτάσσεσθαι
2950 2833 3027 2905 τῷ
3056 2835 3205 2906 νόμῳ
3241 2835 3336 2889 τοῦ
3362 2835 3516 2901 Θεοῦ,
3548 2837 3682 2907 πρῶ-

2121 2944 2212 2980 τον
2248 2924 2373 2980 οὔτε
2414 2926 2618 2999 μέμψιν
2672 2926 2738 2981 ἂν
2785 2926 3194 2995 ἀσελγαίνοντες
3245 2929 3280 2998 ἢ
3325 2928 3681 3001 λῃστεύοντες,

2123 3019 2157 3090 ἢ
2207 3019 2275 3074 τὰ
2327 3019 2462 3074 ἄλλα
2515 3020 2615 3074 ὅσα
2672 3019 2810 3074 ἄττα
2855 3019 2945 3074 διὰ
2999 3018 3249 3091 σώματος
3296 3021 3682 3092 πράττοντεςῆ

442 3111 800 3175 petraremus,
827 3103 974 3157 nulla
990 3103 1062 3158 ob
1093 3103 1148 3158 id
1174 3103 1317 3173 apud
1344 3104 1552 3174 justum
1562 3102 1804 3175 judicem
1830 3120 2016 3175 repre—

2123 3111 2399 3175 ποιοῦντες
2423 3111 2563 3184 ἔχειν
2584 3111 2886 3184 ἐδυνάμεθα
2908 3111 3056 3183 παρὰ
3082 3111 3276 3183 δικαίῳ
3300 3117 3481 3185 κριτῇ,
3506 3114 3682 3169 ἀδυνά-

443 3194 710 3250 liensione
757 3192 909 3264 digni
962 3193 1294 3261 videremur,
1331 3194 1771 3265 quandoquidem
1823 3195 2022 3253 divinae

442 3285 549 3357 legi
577 3284 739 3341 subdi
786 3298 917 3339 caro
966 3284 1194 3339 omnino
1234 3300 1342 3340 non
1394 3292 1594 3355 potest.
1623 3285 1735 3340 Cur
1762 3286 1908 3341 enim
1937 3302 2023 3343 re—

442 3373 815 3448 prehendatur
867 3388 1091 3445 corpus,
1119 3372 1266 3445 quod
1307 3390 1372 3430 es
1402 3382 1615 3430 naturas
1641 3390 1754 3430 suae
1777 3377 2021 3433 necessi-

446 3476 558 3522 tate
574 3464 774 3520 .vivat?

518 3556 626 3611 Sed
649 3570 827 3624 neque
868 3552 935 3607 ad
974 3553 1356 3609 casrimoniant
1396 3562 1490 3609 aut
1525 3555 1783 3611 virtutem
1808 3555 2023 3611 traduci

442 3661 647 3718 corpus
706 3644 928 3717 poterit,
954 3645 1098 3714 quod
1148 3644 1295 3700 bono
1328 3645 1527 3716 subjici
1573 3661 1640 3701 ex
1673 3654 1882 3702 naturae
1911 3662 2024 3704 suat

447 3737 762 3794 conditione
790 3743 1047 3808 nequeat.
1081 3734 1216 3790 Nam
1239 3749 1367 3791 cum
1400 3736 1706 3792 istiusmodi
1733 3737 1804 3792 sit
1827 3744 2024 3792 natura

444 3831 656 3896 carnis,
691 3837 751 3884 ut
773 3828 973 3885 divinae
999 3828 1104 3899 legi
1132 3828 1332 3899 subjici
1362 3836 1619 3900 nequeat,
1650 3829 1836 3885 divina
1861 3845 2025 3901 porro

446 3925 535 3979 lex
564 3923 780 3994 iustitia
801 3922 872 3978 sit
904 3936 969 3977 ac
997 3920 1386 3990 temperantia;
1443 3937 1621 3992 neque
1655 3922 2024 3993 virginitatem

445 4030 688 4078 servare,
716 4028 891 4085 neque
909 4015 1279 4068 continentem
1303 4027 1426 4068 esse
1447 4027 1609 4083 posse
1633 4013 1851 4083 penitus
1872 4028 2025 4085 opor-

447 4114 606 4163 teret.
673 4105 769 4160 Sin
812 4103 1180 4175 virginitatem
1227 4117 1293 4157 ac
1345 4103 1743 4158 continentiam
1788 4105 2014 4170 colunt,

446 4211 791 4266 consequens
821 4202 928 4259 est,
964 4201 1023 4247 ut
1052 4200 1107 4249 et
1134 4207 1335 4263 corpus
1365 4192 1682 4263 subjiciunt.
1707 4193 1851 4250 Fieri
1876 4196 2025 4251 enim

448 4290 611 4344 aliter
664 4302 787 4342 non'
825 4292 1028 4356 potest,
1064 4292 1123 4339 ut
1168 4300 1199 4338 a
1233 4293 1461 4355 peccato
1513 4300 1637 4341 sese
1684 4286 2023 4342 contineant.

448 4380 672 4436 Falsum
728 4385 815 4434 est
877 4379 1062 4448 itaque
1094 4378 1290 4433 divinas
1338 4378 1442 4449 legi
1486 4392 1687 4449 corpus
1720 4394 1829 4434 non
1859 4395 2023 4449 posse

2120 3221 2228 3268 τως
2262 3203 2492 3275 ἐχούσης
2526 3204 2626 3274 τῆς
2661 3202 2863 3275 σαρκὸς
2900 3203 3299 3259 ὑποτάσσεσθαι
3326 3203 3408 3275 τῷ
3436 3205 3579 3276 νόμῳ
3598 3203 3681 3257 τοῦ

2108 3292 2278 3377 Θεοῦ.
2310 3293 2433 3357 Πῶς
2472 3291 2581 3365 γὰρ
2604 3292 2670 3347 ἂν
2701 3293 2978 3366 μεμπτέον
3025 3293 3251 3348 ἐδύνατο
3286 3296 3348 3349 τὸ
3375 3294 3534 3367 σῶμα
3557 3296 3683 3350 κατα

2121 3385 2220 3456 τὴν
2244 3384 2551 3455 προσοῦσαν
2580 3386 2728 3458 αὑτῷ
2757 3385 2917 3456 φύσιν
2941 3385 3088 3457 βιοῦν
3112 3382 3287 3454 sint;

2205 3566 2367 3621 Ἀλλὰ
2392 3568 2513 3621 οὐδὲ
2545 3568 2721 3633 ἄλλως
2746 3570 2825 3633 εἰς
2859 3568 3080 3638 ἁγνείαν
3110 3569 3144 3640 ἢ
3168 3568 3369 3640 ἀρετὴν
3398 3569 3682 3641 ὑπαχθῆναι

2122 3661 2183 3714 τὸ
2238 3659 2397 3731 σῶμα
2443 3658 2691 3725 ἐδύνατο,
2745 3660 2987 3730 πεφυκὸς
3044 3660 3119 3732 μὴ
3175 3660 3576 3714 ὑποτάσσεσθαι
3617 3659 3684 3730 τῷ

2124 3750 2331 3821 ἀγαθῷ.
2359 3750 2423 3803 Et
2452 3749 2560 3822 γάρ
2587 3751 2620 3821 ἡ
2654 3749 2815 3818 φύσις
2855 3749 3082 3821 τοιαύτη
3109 3750 3209 3822 τῆς
3258 3751 3482 3823 σαρκὸς,
3513 3751 3585 3821 μή
3612 3749 3687 3804 δύ-

2123 3842 2317 3897 νασθαι
2368 3842 2766 3897 ὑποτάσσεσθαι
2810 3841 2886 3913 τῷ
2933 3841 3081 3914 νόμῳ
3132 3842 3225 3895 τοῦ
3263 3841 3423 3908 Θεοῦ,
3461 3843 3617 3914 νόμος
3640 3843 3686 3895 δὲ

2124 3934 2260 3988 Θεοῦ
2292 3933 2605 4005 δικαιοσύνη
2637 3934 2731 3988 καὶ
2757 3933 3078 4005 σωφροσύνη
3100 3950 3114 3965 ·
3142 3933 3311 4003 ἐχρῆν
3340 3932 3477 4004 μηδὲ
3500 3933 3687 4001 παρθε-

2125 4024 2330 4088 νεύειν,
2382 4024 2518 4095 μὴτε
2569 4022 2996 4094 ὲγκρατεύεσθαι
3055 4021 3317 4076 δύνασθαι
3372 4020 3434 4073 τδ
3489 4020 3689 4087 σύνολρν

2124 4116 2260 4181 ὅλως
2293 4119 2356 4171 ὲκ
2383 4116 2603 4180 παντός.
2642 4115 2705 4168 El
2737 4114 2795 4168 δὲ
2842 4112 3234 4186 παρθενεύουσι
3289 4112 3387 4166 καὶ
3411 4110 3690 4183 ἐγκρατεύ-

2124 4224 2298 4272 ονται,
2327 4207 2565 4277 δηλονότι
2612 4205 2672 4259 τὸ
2712 4206 2870 4277 σῶμα
2908 4205 3324 4258 ὑποτάσσουσιν.
3353 4204 3560 4266 Ἄλλως
3593 4201 3689 4272 γὰρ

2125 4299 2552 4371 ἑγκρατεύεσθαι
2583 4296 2857 4369 ἁμαρτιας
2899 4296 3179 4351 ἀδύνατον.
3215 4295 3330 4348 Οὑκ
3369 4295 3481 4367 ἄρα
3510 4295 3569 4347 οὑ
3606 4293 3689 4346 δύο

2126 4408 2281 4447 ναται
2322 4390 2383 4444 τὸ
2431 4388 2591 4462 σῶμα
2633 4385 3034 4442 ὑποτάσσεσθαι
3081 4386 3159 4458 τῷ
3208 4386 3303 4440 τοῦ
3352 4385 3487 4440 Θεοῦ
3534 4385 3685 4454 νόμῳ.

449 4470 669 4540 subjici.
727 4468 880 4536 Quod
944 4468 991 4523 si
1046 4483 1235 4523 verum
1284 4481 1451 4535 esset,
1517 4485 1753 4541 quanam
1810 4472 2019 4528 ratione

2134 4483 2287 4537 Ἐπεὶ
2314 4482 2433 4546 πῶς
2461 4480 2528 4535 ἂν
2560 4481 2589 4533 ὁ
2629 4480 2880 4551 Ἰωάννης
2908 4477 3174 4542 ὑπέταξεν
3204 4477 3400 4531 ἑαυτοῦ
3446 4476 3511 4530 τὸ
3549 4476 3694 4545 σῶμα

449 4563 691 4620 Joannes
749 4576 950 4631 corpus
984 4575 1146 4616 suum
1192 4560 1260 4615 ad
1302 4563 1610 4618 castitatem
1654 4564 1781 4628 sibi,
1829 4570 1924 4618 aut
1956 4564 2024 4619 ad

447 4656 869 4713 sanctimoniam
924 4652 1140 4717 Petrus,
1171 4652 1338 4724 578
1383 4662 1478 4708 aut
1518 4653 1584 4707 ad
1620 4654 1887 4723 justitiam
1924 4654 2023 4709 de-

449 4749 617 4818 nique
651 4746 835 4801 caeteri
889 4743 1306 4800 subdidissent?
1354 4743 1467 4800 Cur
1503 4746 1669 4800 etiam
1699 4743 1901 4800 Paulus
1947 4746 2022 4800 ita

451 4839 797 4895 monuisset:
835 4834 918 4891 Ne
966 4836 1129 4907 igitur
1165 4842 1342 4907 re‘gnet
1390 4847 1661 4905 peccatum
1707 4839 1762 4891 in
1808 4837 2025 4891 mortali

449 4938 619 4985 vestro
646 4943 885 4998 corpore,
918 4934 977 4979 ut
1015 4924 1272 4981 obediatis
1304 4925 1678 4994 cupiditatibus
1713 4926 1899 4992 illius;
1933 4943 2025 4981 nec

446 5021 682 5076 exhibete
717 5020 951 5075 membra
999 5028 1172 5074 uestra
1213 5034 1367 5072 arma
1425 5018 1703 5088 injtrstitia:
1778 5027 2025 5088 peccato;

449 5112 540 5167 sed
593 5113 829 5169 exhibete
861 5113 992 5179 Deo,
1033 5122 1286 5185 tanquam
1334 5127 1400 5166 ea:
1431 5113 1653 5169 mortuis
1689 5113 1911 5167 viventes
1931 5152 1946 5176 ,
1977 5121 2027 5167 et

454 5203 686 5258 membra
737 5215 912 5260 uestra
966 5192 1119 5260 arma
1172 5206 1404 5276 justitiw
1444 5203 1554 5260 Deo
1586 5205 1647 5259 ‘?
1689 5204 1824 5260 Item
1853 5204 2021 5259 illud:

453 5292 911 5357 Quemadmodum
961 5297 1272 5350 ezltibuistis
1331 5295 1564 5351 membra
1619 5305 1793 5376 vestra
1837 5298 2026 5350 servire

452 5383 823 5447 immunditiw,
861 5395 910 5438 et
943 5387 1214 5457 iniquitati
1261 5388 1331 5440 ad
1375 5388 1744 5458 iniquitatem:
1780 5388 1858 5442 sic
1890 5403 2028 5441 nunc

451 5462 684 5529 exhibete
723 5475 956 5529 membra
993 5488 1165 5532 vestra
1208 5478 1396 5533 servire
1433 5479 1664 5548 justitia:
1693 5478 1762 5532 ad
1789 5478 2030 5547 sancti/i-

453 5564 712 5621 cationem
736 5566 778 5621 ⁸.
1107 5564 1115 5571 ’

528 5682 545 5714 ί
581 5678 742 5737 Rom.
776 5695 896 5749 vui,
924 5678 979 5734 7.
1054 5684 1074 5716 ³
1109 5679 1130 5733 ι
1162 5678 1287 5734 Cor.
1324 5680 1497 5753 v,_l'l.
1575 5680 1594 5713 ³
1623 5681 1782 5738 Rom.
1818 5699 1914 5753 vn,
1942 5682 2032 5740 23.

2121 4574 2201 4638 εἰς
2234 4572 2487 4642 ἁγνείαν;
2527 4571 2561 4641 ἢ
2592 4569 2707 4633 πῶς
2740 4570 2945 4640 Πέτρος
2988 4570 3067 4632 εἰς
3094 4568 3390 4637 ὁσιότητα;
3421 4565 3453 4637 ἢ
3492 4566 3543 4619 οξ
3574 4563 3693 4618 καθ-

2120 4663 2249 4735 εξῆς
2269 4665 2349 4727 εἰς
2370 4661 2749 4734 δικαιοσύνηνς
2787 4660 2911 4725 Πῶς
2950 4660 3004 4713 δὲ
3055 4660 3140 4714 καὶ
3187 4658 3431 4722 Παῦλος
3456 4658 3556 4727 Μὴ
3593 4653 3692 4711 οὖν

2114 4754 2489 4824 βασιλευέτω
2530 4753 2570 4821 ἡ
2608 4753 2863 4824 ἁμαρτία
2918 4751 2987 4805 ἐν
3030 4750 3111 4817 τῷ
3157 4749 3354 4819 θνητῷ
3384 4749 3554 4820 ὑμῶν
3588 4747 3691 4802 σὼ-
3737 4809 3746 4823 ι

2114 4865 2276 4919 ματι,
2302 4845 2471 4915 λέγει,
2503 4844 2574 4899 έν
2602 4844 2681 4910 τῷ
2710 4842 3028 4897 ἐπακούειν
3067 4841 3198 4908 ταῖς
3234 4841 3572 4911 excavatae;-
3600 4840 3687 4893 αὑυ

2123 4940 2229 4995 τοῦ
2247 4955 2261 4971 ο
2300 4937 2454 5009 μηδὲ
2482 4934 2873 5006 παριστάνετε
2906 4933 2981 4988 τὰ
2997 4935 3156 5004 μέλη
3194 4933 3362 5004 ὑμῶν
3387 4933 3549 4988 ὅπλα
3578 4931 3692 4987 ἁδι-

2124 5012 2260 5098 κίαξ
2301 5028 2374 5098 τῇ
2418 5029 2690 5100 ἁμαρτίᾳ,
2713 5018 2717 5023 ⁷
2743 5026 2905 5082 ἀλλὰ
2960 5025 3392 5096 παραστήσατε
3435 5024 3517 5091 τῷ
3560 5022 3688 5089 Θεῷ.

2122 5122 2265 5176 ὡσεὶ
2297 5122 2366 5174 ἐκ
2397 5117 2629 5188 νεκρῶν
2648 5116 2885 5184 ζῶντας,
2918 5117 3129 5187 auter
3150 5116 3310 5187 μέλη
3353 5117 3520 5187 ὑμῶν
3546 5116 3691 5170 ὅπλα

2122 5207 2516 5273 δικαιοσύνης
2557 5204 2637 5272 τῷ
2688 5202 2809 5270 Θεῷ
2839 5220 2860 5270 ;
2907 5205 3003 5259 καὶ
3048 5206 3211 5259 πάλιν
3230 5222 3244 5237 ⁸
3280 5206 3509 5273 Ὠσπερ
3556 5219 3691 5271 παρ·

2122 5298 2424 5367 εστήσατε
2473 5296 2544 5349 τὰ
2587 5294 2742 5364 μέλη
2793 5295 2961 5365 ὑμῶν
3012 5296 3203 5351 δοῦλα
3249 5295 3322 5365 τῇ
3368 5295 3689 5366 ἀκαθαρσίᾳ

2122 5387 2221 5443 καὶ
2245 5386 2318 5455 τῇ
2341 5384 2557 5454 ἀνομίᾳ
2585 5386 2672 5450 εὶς
2703 5383 2816 5453 τὴν
2839 5386 3113 5455 ἀνομίαν,
3156 5387 3347 5453 οὕτως
3372 5387 3489 5441 νῦν
3518 5398 3689 5454 παρα·

2122 5479 2389 5547 στήσητε
2418 5478 2492 5530 τὰ
2521 5474 2676 5546 μέλη
2711 5475 2877 5546 ὑμῶν
2898 5477 3084 5533 δοῦλα
3112 5476 3186 5546 τῇ
3218 5480 3573 5547 δικαιοσύνῃ
3609 5476 3687 5540 εις

2127 5571 2442 5641 ἁγιασμόν.

2127 5684 2150 5716 ’δ
2180 5684 2336 5738 llom.
2373 5698 2447 5749 v1,
2487 5682 2571 5750 l2,
2610 5683 2690 5737 l3.
2768 5681 2788 5713 ⁸
2817 5680 3068 5749 ἱὺἱιΙ.,19.
