3840 6062
214 272 345 329 ιιετ
439 343 442 346 ῃ

844 268 1208 325 Αονειιευε
1245 266 1582 323 ΗᾹΞΙὶΕΞΕΒ
1618 265 1744 322 LIB.
1777 265 1839 320 ll.
1880 264 2042 322 ΤΟΜ.
2083 266 2208 320 1.-
2246 264 2515 321 HASRES.
2556 264 2736 320 LXIV.

3299 258 3440 311 “58

278 385 400 438 l\B'.
441 383 649 438 Οὐκοῦν
686 385 950 452 ἐγίνωσκε
995 386 1254 458 δύνασθαι
1297 385 1665 439 διευθύνεσθαι
1712 384 1772 437 τὸ

1944 383 2051 440 Lll.
2087 383 2199 439 nuc
2251 385 2417 454 igitur
2448 383 2802 454 intelligebat,
2832 377 3241 434 tabernaculum
3289 351 3436 451 istud

213 475 471 545 σκήνωμα
510 474 666 528 τοῦτο
688 517 702 541 ,
762 477 855 529 καὶ
897 474 1070 530 νεύειν
1127 475 1262 549 πρὸς
1319 476 1380 529 τὺ
1416 475 1648 544 ἀγαθὸν,
1681 476 1768 530 ἵνα

211 562 548 634 νεκρωθῶσιν
595 566 654 618 ὲν
701 565 850 635 αύτῷ
904 565 973 618 τὰ
1021 567 1407 636 ἁμαρτήματα.
1452 565 1607 619 Ἐπεὶ
1654 565 1769 629 πῶς

211 651 409 722 ἑτέρως
431 650 756 722 δουλωθῆναι
780 657 846 723 τῇ
871 654 1180 726 δικαιοσύνῃ
1208 653 1424 708 δύναται
1438 657 1466 708 ὁ
1487 654 1770 724 ἄνθρωπος

214 741 326 810 (καὶ
357 742 442 810 ἐφ’
469 741 666 812 ἡμῶν),
694 743 789 796 ἐὰν
815 743 888 814 μὴ
917 744 1179 816 πρότερον
1205 743 1474 808 ὑποτάξας
1513 744 1673 797 αὐτοῦ
1703 743 1772 796 τὰ

216 833 346 903 μέλη
403 831 501 902 τῆς
553 833 769 903 σαρκὸς,
820 837 898 899 είς
942 835 1002 888 τὸ
1047 835 1122 907 μὴ
1170 836 1461 890 ὑπακούειν
1511 834 1649 889 αὐτὰ
1703 837 1770 905 τῇ

212 923 484 994 ἁμαρτίᾳ,
527 925 660 979 ἀλλὰ
705 929 771 997 τῇ
823 928 1163 1001 δικαιοσύνῃ,
1222 928 1604 999 πολιτεύσηται
1653 930 1771 980 κατ’

214 1014 366 1080 ἀξίαν
401 1013 494 1066 τοῦ
541 1016 774 1087 Χριστοῦ
799 1035 814 1082 ;
839 1017 1056 1090 Ἐπειδὴ
1114 1019 1176 1072 τὺ
1221 1019 1554 1091 ἁμαρτῆσαι,
1585 1020 1678 1072 καὶ
1711 1018 1772 1071 τὸ

218 1106 289 1177 μὴ
336 1107 646 1177 ἁμαρτῆσαι
679 1107 765 1163 διὰ
803 1108 895 1162 τοῦ
929 1107 1176 1180 σώματος
1209 1112 1437 1178 γίνεται,
1471 1111 1568 1181 τῆς
1595 1109 1773 1179 ψυχῆς

215 1199 246 1267 ἢ
286 1197 421 1266 πρὸς
470 1198 740 1270 ἁρετὴνῆ
796 1200 930 1271 πρὸς
981 1200 1176 1254 κακίαν
1220 1200 1434 1271 ὀργάνῳ
1489 1199 1775 1270 χρωμένης

214 1287 378 1357 αύτῷ.
425 1289 487 1341 Et
531 1288 640 1360 γὰρ
690 1290 839 1344 Οὔτε
883 1292 1110 1359 πόρνοι,
1151 1292 1288 1346 οὔτε
1333 1290 1772 1359 εἰδωλολάτραι,

216 1382 350 1434 οὔτε
385 1382 606 1450 μοιχοὶ,
646 1383 783 1437 οὔτε
826 1385 1264 1454 ἀρσενοκοῖται,
1317 1385 1456 1438 οὔτε
1491 1383 1773 1454 μαλακοὶ,

215 1472 349 1524 οὔτε
397 1471 668 1537 κλέπται,
721 1475 857 1528 οὔτε
900 1461 1283 1540 πλεονέκται,
1322 1475 1460 1528 οὔτε
1502 1473 1776 1543 μέθυσοι,

212 1563 284 1642 ορ
311 1563 591 1631 λοίδοροι,
618 1565 757 1620 οὔτε
795 1565 1075 1636 ἅρπαγες,
1103 1567 1429 1630 ,βασιλείαν
1456 1555 1601 1620 Θεοῦ
1635 1568 1779 1632 κλη-

209 1653 543 1722 ρονομῆσαι
611 1655 896 1709 δύνανται
920 1673 934 1687 ο
988 1657 1312 1728 πληροῦνται
1360 1656 1416 1710 δὲ
1473 1654 1644 1709 ταῦτα
1687 1656 1780 1708 καὶ

216 1743 569 1814 κρατύνονται
618 1745 705 1799 διὰ
733 1746 826 1800 τοῦ
867 1727 1142 1817 σώματος·
1168 1745 1470 1800 δικαιοῦται
1504 1745 1561 1797 δὲ
1587 1745 1776 1810 οὐδεὶς,
1814 1727 1853 1781 Β

215 1833 423 1905 ὲὰνμὴ
459 1835 672 1906 πρῶτον
716 1837 996 1910 κρατήσῃ·
1049 1839 1239 1909 κρατεῖ
1291 1838 1348 1900 δὲ
1397 1837 1599 1901 τούτων
1635 1838 1663 1888 ὀ
1692 1837 1782 1889 ὲκ-

215 1925 383 1979 νεύων
431 1927 568 1998 πρὸς
613 1929 962 2000 σωφροσύνην
1013 1931 1105 1983 καὶ
1149 1930 1360 1982 πίστιν·
1423 1928 1781 1981 ὑποτάσσεται

215 2016 321 2084 ἄρα
350 2015 428 2086 τῷ
454 2017 602 2088 νόμῳ
621 2018 714 2072 τοῦ
752 2020 906 2073 Θεοῦ.
935 2021 1117 2092 Νόμος
1144 2022 1250 2093 γὰρ
1273 2019 1408 2074 Θεοῦ
1439 2020 1780 2091 σωφροσύνη.

217 2104 378 2159 Ὥστε
421 2109 450 2160 ὁ
489 2109 806 2173 Ἀπόστολος
851 2112 912 2164 οὐ
946 2111 1044 2183 τὴν
1074 2112 1250 2183 σάρκα
1279 2111 1352 2180 μὴ
1384 2109 1782 2163 ὑποτάσσεσθαι

214 2195 291 2265 τῷ
311 2197 501 2268 ἀγαθῷ
541 2199 666 2269 ἔφη,
706 2200 841 2253 ἀλλὰ
882 2201 941 2253 τὸ
991 2201 1247 2272 φρόνημα
1273 2201 1373 2270 τῆς
1413 2200 1635 2269 σαρκὸς,
1673 2195 1783 2252 οἷον

213 2281 310 2352 τὴν
345 2283 519 2354 ὁρμὴν
544 2285 732 2355 αὐτῆς,
763 2287 932 2357 αὐτὴν
951 2287 1049 2358 τὴν
1079 2288 1215 2356 πρὸς
1252 2288 1314 2340 τὸ
1355 2289 1535 2342 ἄδικον
1583 2287 1783 2341 ἔκκαυ-

215 2390 322 2426 σιν.
367 2375 818 2447 Ἐκκαθαίρεσθαι
851 2379 982 2447 γοῦν
1004 2379 1130 2451 ἔφη,
1161 2381 1285 2452 ἄχρι
1327 2383 1419 2434 καὶ
1441 2383 1538 2453 τὴν
1570 2399 1787 2452 γαστρι-

218 2468 494 2540 μαργωσὴν
533 2470 800 2540 ἀκρασίαν
820 2472 1272 2543 διαμιλλώμενος·
1303 2473 1564 2527 διδάσκων
1599 2473 1656 2526 δὲ
1687 2474 1785 2538 τὰς

215 2557 470 2622 τοιαύτας
498 2560 703 2631 ὀρέξεις
735 2563 829 2616 καὶ
859 2562 1053 2634 ἡδονὰς
1093 2563 1499 2628 ὲξαπόλλυσθαι,
1531 2565 1624 2618 καὶ
1662 2581 1788 2618 κατ-

218 2646 487 2716 αισχύνων
547 2650 672 2712 τοὺς
712 2650 774 2702 τὸ
811 2653 1018 2722 τρυφᾷν
1071 2652 1228 2705 τοῦτο
1273 2655 1365 2706 καὶ
1413 2652 1786 2706 πολιτεύεσθαι

219 2732 353 2789 εἶναι
409 2737 724 2809 νομίζοντας
748 2756 761 2767 ·
811 2741 892 2815 οἷ’,
916 2743 1046 2797 Θεὸν
1102 2743 1358 2814 ἡγοῦνται
1406 2745 1505 2815 τὴν
1559 2738 1786 2798 κοιλίαν.

221 2827 501 2898 φάγωμεν
526 2831 623 2885 καὶ
655 2832 910 2901 πίωμεν·
929 2833 1138 2902 αὔριον
1160 2835 1270 2905 γὰρ
1299 2835 1784 2904 ἀποθνήσκομεν

223 2921 471 2993 καθάπερ
495 2923 746 2996 ἀδηφάγα
772 2924 1001 2996 σώματα
1027 2927 1177 2980 κάτω
1206 2928 1332 2999 περὶ
1369 2927 1468 2997 τὴν
1501 2926 1664 2997 βορὰν
1695 2926 1790 2998 μό-

223 3029 310 3064 νον
337 3015 432 3066 καὶ
463 3013 737 3084 τραπέζας
775 3015 1166 3089 ἀσχολούμενα.

293 3277 479 3344 Εἰπὼν
514 3293 603 3330 τε·
646 3277 721 3330 Τὰ
747 3275 1030 3346 βρώματα
1079 3275 1152 3344 τῇ
1191 3276 1406 3342 κοιλίᾳ,
1443 3276 1542 3328 καὶ
1584 3275 1623 3343 ἠ
1671 3292 1792 3329 κοι-

226 3372 324 3424 λία
361 3369 488 3436 τοῖς
527 3369 859 3438 βρώμασιν.
902 3369 965 3422 '0
1007 3367 1076 3420 se
1126 3369 1269 3433 Θεὸς
1306 3367 1404 3421 καὶ
1442 3369 1668 3436 ταύτην
1695 3369 1792 3421 καὶ

226 3462 408 3515 ταῦτα
436 3459 831 3530 καταργήσειο
862 3460 1142 3530 ἐπήγαγε·
1176 3459 1244 3512 Τὸ
1287 3457 1356 3510 δὲ
1398 3457 1573 3526 ,σῶμα
1611 3461 1682 3513 οὺ
1720 3457 1797 3526 τῇ

230 3553 494 3621 πορνείᾳ,
516 3552 677 3606 ἀλλὰ
694 3549 773 3616 τῷ
791 3551 1003 3619 Κυρίῳ,
1031 3549 1128 3603 καὶ
1155 3552 1189 3603 ό
1209 3550 1426 3617 Κύριος
1447 3547 1527 3614 τῷ
1548 3548 1793 3618 σώματι.

241 3645 299 3697 Ὀ
327 3645 394 3698 δὲ
429 3644 575 3710 Θεὸς
608 3643 706 3697 καὶ
742 3642 849 3696 τὸν
873 3644 1090 3710 Κύριον
1123 3641 1342 3710 ἤγειρε,
1386 3641 1483 3694 καὶ
1518 3639 1676 3708 ἡμᾶς
1710 3639 1798 3704 es.

229 3737 411 3804 εγερεῐ
453 3735 551 3788 διὰ
588 3733 697 3803 τῆς
731 3733 1039 3801 δυνάμεως
1084 3731 1291 3786 αὐτοῦ.
1321 3734 1388 3787 Ἢ
1427 3734 1538 3786 οὐκ
1579 3731 1796 3798 οἴδατε,

231 3827 315 3881 ὅτι
339 3827 412 3882 τὰ
431 3825 591 3895 μέλη
611 3823 777 3894 ὑμῶν
795 3824 954 3893 μέλη
982 3822 1238 3892 Χριστοῦ
1268 3822 1480 3886 cover;
1511 3819 1656 3890 Ἆρα
1686 3818 1800 3877 οὖν

1872 490 2034 545 posse
2061 476 2282 546 corrigi,
2314 484 2368 531 et
2405 477 2473 530 ad
2522 477 2723 530 bonum
2758 472 3024 535 converti,
3049 479 3106 524 ut
3135 469 3189 522 in
3218 483 3284 523 eo
3309 482 3438 537 pec-

1871 576 1992 620 cata
2031 567 2246 636 penitus
2293 568 2790 638 exstinguerentur.
2826 564 2958 629 Quae
2993 562 3136 616 enim
3167 560 3268 613 alia
3294 558 3440 613 ratio

1871 666 1978 722 est,
2026 674 2132 728 qua
2174 659 2229 712 in
2286 661 2573 728 quamdam
2627 658 2852 728 justitiaa
2903 655 3214 710 servitutem
3266 651 3436 719 redigi

1872 749 2036 805 homo
2068 751 2262 820 possit,
2313 751 2419 807 nisi
2450 752 2601 821 prius
2628 749 2808 805 carnis
2833 763 2946 802 sua:
2983 745 3224 799 membra
3265 741 3436 810 subji-

1872 843 2046 908 ciens,
2098 851 2160 896 ut
2216 857 2325 896 non
2355 850 2576 912 peccato
2630 842 2861 912 amplius
2898 839 3297 906 obsequantur,
3344 832 3438 888 sed

1866 933 2111 1004 iustitiae,
2141 935 2302 988 vitam
2327 949 2479 989 suam
2505 933 2727 1004 perinde
2754 947 2817 987 ac
2843 931 3059 986 Christo
3081 929 3307 998 dignum
3331 931 3436 988 est,

1872 1027 2160 1081 instituat?
2204 1025 2470 1091 Quoniam
2521 1025 2741 1096 quidem
2785 1037 3030 1093 peccare,
3064 1023 3146 1075 vel
3179 1036 3284 1074 non
3313 1032 3441 1088 pec-

1874 1133 2000 1172 care
2029 1133 2126 1187 pcr
2152 1133 2354 1187 corpus
2409 1116 2670 1186 suppetit,
2700 1129 2809 1184 quo
2838 1113 2906 1167 ad
2937 1115 3192 1166 virtutem
3224 1117 3316 1164 aut
3347 1126 3441 1164 ne-

1874 1209 2102 1278 quitiam
2135 1209 2458 1264 administro
2489 1207 2704 1262 animus
2745 1207 2934 1260 utitur.
2974 1206 3041 1258 Ει
3077 1203 3292 1272 quidem
3317 1215 3441 1254 cum

1878 1300 2058 1372 Neque
2103 1303 2471 1371 fornicatores,
2540 1316 2630 1353 nec
2671 1298 2992 1360 idololatrw,
3040 1311 3132 1348 nec
3191 1291 3440 1352 adulteri,

1876 1403 2038 1462 neque
2066 1395 2424 1446 masculorum
2451 1389 2826 1450 concubitores,
2877 1401 3034 1455 neque
3058 1383 3260 1445 molles,
3286 1396 3445 1450 neque

1877 1481 2039 1550 fures,
2097 1499 2186 1537 nec
2236 1484 2406 1545 avari,
2462 1496 2552 1534 nec
2575 1479 2788 1540 ebriosi,
2821 1493 2979 1546 neque
3032 1474 3443 1536 conviciatores,

1877 1589 2038 1642 neque
2077 1583 2312 1642 raptores
2364 1587 2578 1640 regnum
2637 1567 2730 1621 Dei
2774 1565 3042 1636 possidere
3072 1563 3349 1631 possint’;
3381 1574 3444 1613 ea

1879 1677 2043 1732 porro
2099 1662 2280 1716 omnia
2331 1659 2577 1729 corporis
2633 1656 2964 1710 adminiculo
3004 1652 3353 1722 perﬁciantur
3382 1663 3447 1701 ac

1881 1754 2341 1808 corroborentur:
2372 1750 2662 1820 justill’cari
2714 1763 2878 1818 porro
2911 1761 3070 1802 nemo
3109 1746 3300 1814 possit,
3341 1742 3446 1796 nisi

1880 1846 2034 1915 prius
2086 1845 2188 1898 ista
2243 1843 2513 1912 superarit
2545 1857 2558 1893 :
2597 1855 2719 1911 qua:
2747 1839 2962 1910 quidem
2997 1838 3044 1891 is
3089 1843 3328 1905 superat,
3353 1832 3446 1902 qui

1882 1947 1940 1988 se
1973 1931 2040 1985 ad
2091 1931 2502 2001 temperantiam
2555 1930 2823 1999 [idemque
2867 1926 3174 1990 convertit;
3217 1922 3449 1978 eﬂicitur

1883 2024 1987 2093 legi
2018 2022 2112 2078 Dei
2149 2038 2349 2093 corpus
2381 2036 2542 2092 posse
2581 2020 2800 2090 subjici.
2833 2017 2926 2073 Dei
2958 2017 3156 2086 quippe
3199 2016 3285 2070 lex
3315 2021 3452 2068 tem-

1882 2115 2123 2185 perantia
2172 2122 2274 2167 est.
2325 2112 2688 2178 Quamobrem
2738 2109 3030 2178 Apostolus
3074 2121 3181 2161 non
3226 2118 3449 2159 carnem

1883 2205 2059 2274 ipsam
2093 2205 2291 2258 asserit
2316 2203 2418 2272 legi
2449 2201 2542 2256 Dei
2569 2199 2768 2270 subjici
2792 2215 2900 2253 non
2927 2214 3109 2269 posse,
3147 2197 3242 2252 scd
3267 2198 3451 2251 carnis

1885 2294 2207 2363 sapientiam
2231 2296 2274 2357 ’,
2295 2293 2396 2346 hoc
2423 2299 2527 2354 est,
2555 2293 2673 2360 ejus
2700 2291 2979 2360 impetum,
3001 2297 3054 2343 et
3080 2288 3360 2344 ardentem
3385 2288 3450 2340 ad

1885 2384 2211 2453 injustitiam
2233 2382 2729 2452 inﬂammatamque
2757 2381 3130 2451 cupiditatem.
3151 2379 3451 2449 Repurgari

1885 2474 2116 2543 proinde
2168 2475 2355 2543 jussit,
2416 2483 2476 2529 ut
2529 2475 2615 2530 vel
2667 2474 2842 2544 ipsam
2894 2472 3103 2527 ventris
3159 2470 3452 2543 ingluviem

1886 2577 2177 2621 conaretur
2228 2567 2594 2637 exstinguere,
2633 2581 2764 2636 cum.
2805 2551 3074 2634 efusmodi
3125 2562 3454 2632 cupiditates

1888 2671 1952 2712 ac
1981 2657 2284 2726 voluptates
2315 2658 2540 2712 interire
2585 2663 2940 2721 monstraret,
2994 2653 3193 2723 iisque,
3221 2652 3315 2722 qui
3370 2651 3456 2708 his

1888 2749 1964 2802 uti
1991 2749 2202 2803 deliciis
2229 2749 2410 2803 vivere
2452 2762 2575 2804 esse
2607 2746 2912 2813 crederent,
2940 2745 3201 2815 pudorem
3246 2744 3458 2800 incute-

1889 2849 1972 2895 ret
2001 2859 2013 2894 :
2040 2839 2133 2910 qui
2167 2839 2335 2893 Deum
2366 2854 2490 2894 esse
2511 2845 2754 2893 ventrem
2802 2837 2824 2869 ³
2855 2836 3208 2915 existimant:
3228 2833 3458 2886 Mandu-

1841 2974 1844 2976 η
1891 2947 2062 2984 cemus
2115 2938 2164 2983 et
2202 2929 2480 2994 bibamus;
2515 2943 2632 2981 cras
2666 2929 2804 2980 enim
2866 2925 3150 2978 moriemur
3186 2921 3227 2975 δ.
3269 2921 3460 2987 Quem-

1891 3020 2183 3076 admodum
2233 3019 2588 3074 voracissima
2642 3016 2890 3088 quazdam
2947 3027 3200 3084 corpora,
3235 3029 3357 3084 quae
3392 3012 3460 3066 ad

1895 3109 2392 3182 pabulumabjecta
2426 3116 2540 3163 tota
2588 3108 2645 3162 in
2683 3106 2890 3163 mensis
2915 3121 2977 3161 ac
3008 3105 3278 3161 conviviis
3303 3119 3484 3181 occu-q

1897 3209 2118 3272 pantur.
3397 3197 3399 3200 ⁴

1963 3291 2102 3346 Tum
2127 3298 2412 3360 postquam
2451 3288 2538 3343 his
2567 3287 2750 3344 verbis
2775 3301 2910 3343 usus
2939 3294 3023 3342 est
3059 3305 3073 3341 :
3107 3286 3243 3340 Esca
3271 3287 3461 3350 ventri,

1893 3396 1940 3440 et
1967 3393 2140 3439 venter
2159 3385 2311 3436 escis.
2330 3380 2466 3434 Deus
2494 3389 2665 3433 autem
2680 3379 2816 3432 hunc
2829 3387 2878 3432 et
2897 3377 3021 3431 illas
3045 3377 3297 3440 destruet;
3313 3377 3464 3446 adje-

1895 3478 2000 3531 cit:
2021 3474 2220 3542 Corpus
2235 3490 2297 3526 an
2309 3481 2406 3526 tem
2431 3488 2534 3525 non
2558 3470 2917 3542 fornicationi,
2933 3469 3022 3524 sed
3043 3469 3278 3532 Domino,
3295 3478 3343 3522 et
3365 3467 3463 3522 Do-

1896 3569 2068 3621 minus
2097 3566 2319 3631 corpori.
2349 3563 2512 3633 579
2539 3561 2682 3615 Deus
2713 3570 2886 3615 autem
2907 3569 2955 3615 et
2985 3559 3268 3613 Dominum
3295 3561 3466 3613 susci-

1898 3659 2044 3723 tavit,
2073 3666 2122 3710 et
2141 3673 2234 3710 nos
2261 3653 2537 3708 suscitabit
2557 3668 2650 3719 per
2665 3653 2907 3705 virtutem
2931 3648 3114 3719 ipsius.
3145 3653 3226 3705 An
3258 3651 3468 3705 nescitis

1895 3749 2142 3818 quoniam
2167 3745 2397 3799 membra
2421 3752 2591 3797 vestra
2617 3741 2848 3795 membra
2863 3740 3060 3794 Christi
3080 3744 3239 3795 sunt?
3261 3741 3342 3793 An
3373 3742 3474 3810 igi-

1899 3850 1985 3892 tur
2008 3841 2236 3891 membra
2254 3835 2452 3890 Christi
2482 3833 2676 3903 faciam
2697 3831 2928 3885 membra
2949 3831 3271 3885 meretricis?
3288 3831 3469 3883 Absit!

231 3919 299 3973 τὰ
320 3919 480 3988 μέλ-η
513 3918 616 3972 τοῦ
653 3915 909 3985 Χριστοῦ
949 3914 1180 3981 ποιήσω
1219 3915 1448 3982 πόρνης
1473 3916 1668 3983 μέλη;
1703 3913 1786 3979 Mi;

1903 3929 2131 3984 Nescitis
2160 3925 2409 3998 quonia’m
2434 3925 2523 3995 qui
2553 3923 2783 3978 adliceret
2809 3922 3068 3976 meretrici
3088 3937 3249 3974 unum
3280 3937 3469 3988 corpus

232 4008 460 4077 γένοιτο
476 4009 497 4062 !
541 4010 610 4063 Ἦ
654 4009 764 4062 οὐκ
806 4005 1005 4061 οῖδατε
1028 4047 1046 4073 ,
1089 4005 1180 4059 ὅτι
1221 4008 1255 4059 ό
1310 4005 1687 4075 κολλώμενος
1725 4005 1786 4073 ti

1900 4024 2014 4077 est?
2044 4019 2215 4073 Erunt
2251 4019 2411 4082 enim,
2448 4017 2638 4086 inquit,
2667 4015 2771 4068 duo
2811 4015 2866 4068 in
2908 4029 3118 4066 carnem
3157 4029 3340 4066 unam.
3366 4012 3470 4078 Qui

235 4101 418 4170 πόρνῃ
477 4098 546 4152 ἓν
581 4097 752 4166 σῶμα
802 4097 972 4160 ἐστι;
999 4097 1275 4150 Ἔσονται
1323 4095 1462 4165 γὰρ,
1515 4097 1700 4167 φησιν,
1748 4115 1786 4152 o.

1902 4123 2079 4167 autem
2141 4110 2373 4164 adliceret
2419 4107 2670 4170 Domino,
2707 4121 2844 4159 unus
2891 4104 3109 4172 spiritus
3141 4110 3236 4156 est.
3287 4101 3470 4172 Fugite

234 4190 338 4245 δύο
361 4196 451 4259 είς
475 4190 670 4260 σάρκα
693 4191 860 4259 μίαν.
896 4190 950 4242 Ὁ
988 4187 1078 4273 δὲ,
1097 4185 1470 4256 κολλώμενος
1507 4185 1586 4252 τῷ
1611 4189 1786 4255 Κυρίᾳ

1904 4203 2327 4274 fornicationem.
2361 4198 2528 4255 Omne
2575 4205 2843 4266 peccatum
2870 4192 3211 4264 quodcunque
3231 4207 3474 4261 peccave-

236 4279 304 4333 ἓν
358 4281 597 4352 πνεῦμὰ
638 4281 786 4335 ἐστι.
851 4280 1101 4349 Φεύγετε
1154 4276 1269 4345 τὴν
1311 4278 1616 4346 πορνείαν.
1674 4277 1786 4332 Hdt

1909 4297 1979 4348 rit
2002 4294 2177 4359 homo,
2237 4303 2392 4346 extra
2446 4304 2633 4357 corpus
2664 4297 2776 4351 est;
2825 4286 2914 4356 qui
2944 4295 3120 4337 autem
3153 4283 3470 4353 fornicatur,

238 4371 543 4440 ἁμάρτημα
573 4370 604 4424 ὃ
632 4371 740 4425 ἐὰν
776 4369 1091 4438 ἁμαρτήσῃ
1140 4367 1466 4437 ἄνθρωπος,
1500 4368 1672 4434 ἐκτὸς
1701 4369 1786 4423 τοί

1911 4386 1965 4439 in
1987 4385 2256 4454 proprium
2284 4397 2469 4449 corpus
2495 4389 2692 4448 peccat.
2712 4380 2792 4432 An
2828 4377 3059 4441 nescitis,
3088 4374 3225 4446 quod
3255 4389 3474 4442 corpora

241 4462 507 4531 σώματός
529 4463 718 4516 ἐστιν.
756 4460 818 4512 Ὀ
845 4458 914 4512 δὲ
939 4459 1266 4527 πορνεύων,
1290 4461 1377 4524 εἰς
1413 4461 1479 4510 τὸ
1509 4458 1664 4511 ἴδιον
1687 4457 1786 4512 σῶ

1914 4487 2087 4531 vestra
2124 4474 2369 4542 templum
2398 4482 2520 4527 sunt
2561 4471 2674 4541 ejus
2701 4470 2791 4538 qui
2825 4469 2880 4522 in
2943 4467 3084 4521 vobis
3111 4460 3188 4520 est
3218 4466 3470 4535 Spiritus,

238 4569 318 4617 μα
360 4551 698 4622 ἁμαρτάνει.
759 4551 828 4606 Ἢ
871 4551 982 4604 οὐκ
1030 4548 1250 4614 οιδατε,
1299 4549 1389 4602 ὅτι
1443 4548 1516 4602 τὰ
1563 4547 1786 4618 σώματι

1911 4583 2060 4637 quem
2089 4564 2289 4619 habetis
2321 4580 2353 4616 a
2379 4562 2509 4626 Deo,
2533 4571 2702 4616 etnon
2749 4561 2872 4615 estis
2904 4561 3100 4614 vestri?
3135 4557 3314 4625 Empti
3335 4556 3475 4610 enim

242 4644 403 4711 ὑμῶν
426 4645 574 4711 ναὸς
614 4643 722 4698 τοῦ
760 4643 831 4698 ἐν
857 4641 1000 4712 ὑμῖν
1023 4643 1195 4712 ἁγίου
1241 4642 1586 4711 Πνεύματός
1615 4641 1786 4695 ἐστιν

1908 4658 2034 4711 estis
2078 4657 2262 4725 pretio.
2325 4650 2630 4722 Glorificate
2675 4653 2838 4722 igitur
2866 4649 3034 4703 Deum
3083 4649 3138 4702 in
3171 4645 3474 4714 corporibus

245 4731 312 4789 οὗ
337 4736 504 4805 ἔχετε
533 4736 652 4790 ἀπὸ
691 4735 860 4799 Θεοῦ,
889 4733 988 4788 καὶ
1018 4735 1129 4787 οὐκ
1167 4733 1310 4787 ἐστὲ
1347 4731 1614 4797 sumine;
1651 4733 1808 4800 Ὴτο-
1905 4747 2091 4803 νειμ-ξε
2123 4746 2167 4800 ι,

240 4825 498 4896 ράσθητε
530 4827 641 4896 γὰρ
686 4822 878 4894 τιμῆς.
929 4823 1231 4889 Δοξὰσατε
1277 4818 1392 4878 οὖν
1431 4822 1539 4876 τὸν
1567 4822 1714 4876 Θεὸν
1741 4823 1812 4875 ἐν

247 4915 323 4981 τῷ
349 4919 571 4988 σώματι
594 4917 781 4986 ὑμῶν.

313 5010 436 5066 Nl".
476 5011 739 5082 Πρόσχες,
767 5012 871 5076 ὅτι,
898 5009 1088 5079 ἐπειδὴ
1116 5009 1179 5062 τὸ
1204 5006 1365 5076 σῶμα
1397 5005 1559 5060 τοῦτο
1585 5005 1807 5059 δύναται

246 5101 334 5155 τὸν
362 5105 522 5174 νόμον
547 5103 639 5157 τοῦ
672 5102 810 5156 Θεοῦ
843 5103 938 5156 καὶ
972 5101 1069 5172 τὴν
1105 5099 1402 5155 ἀθανασίαν
1429 5097 1808 5174 ὐποδέξασθαι,

251 5193 342 5244 ἐὰν
385 5173 696 5264 καθαίροιτο
737 5193 839 5263 τῆς
890 5191 1156 5262 ἀκρασίας
1200 5190 1310 5242 τῶν
1345 5173 1806 5256 ύπεκκαύμάτων,

1983 5003 2114 5058 Llll.
2151 5006 2208 5059 In
2253 5019 2361 5075 quo
2404 5004 2563 5060 velim
2615 5002 2747 5058 illud
2801 5001 3236 5063 animadvertas,
3281 5017 3382 5072 pro
3412 5018 3482 5057 eo

1911 5095 2058 5165 quod
2105 5110 2304 5164 corpus
2347 5095 2491 5150 istud
2545 5094 2649 5164 legi
2697 5093 2792 5148 Dei
2836 5092 3338 5162 immortalitatique
3383 5107 3479 5147 ca-

1910 5187 2118 5258 piendae
2149 5186 2404 5241 idoneum
2429 5196 2532 5249 est,
2561 5186 2609 5241 si
2640 5187 2709 5240 ab
2738 5186 2993 5240 omnibus
3021 5184 3306 5239 libidinum
3343 5185 3482 5238 inci-

257 5283 324 5352 μὴ
345 5287 695 5356 χραινόμενον
721 5284 983 5354 ἀθέσμοις
1005 5285 1141 5348 ὅλως
1169 5283 1398 5352 οἴστρων
1422 5280 1806 5351 παρατριϐαῖς,

260 5373 377 5428 διδὸ
408 5378 727 5440 ’Λπόστολος
768 5376 940 5430 ταῦτα
984 5374 1369 5444 ἂεφθέγξατω
1411 5374 1562 5424 ποῖον
1605 5369 1716 5441 γὰρ
1747 5371 1814 5424 τὸ

255 5463 580 5536 κολλώμενον
601 5468 786 5537 ἕτερον
803 5470 874 5538 τῇ
899 5466 1074 5538 πόρνῃ
1094 5466 1186 5519 καὶ
1213 5461 1530 5535 πλησιάζον,
1555 5461 1647 5516 καὶ
1672 5460 1811 5532 σὰρξ

1908 5277 2166 5332 tamentis
2203 5277 2277 5330 ita
2323 5284 2606 5347 purgetur,
2632 5276 2798 5331 nullis
2837 5285 2897 5330 ut
2938 5275 3268 5331 nefariarum
3294 5273 3483 5329 illece—

1907 5371 2128 5425 brarum
2195 5369 2433 5424 stimulis
2498 5370 2946 5432 commaculetur,
2994 5369 3197 5423 idcirco
3244 5367 3356 5421 haec
3411 5366 3487 5418 ab

1906 5461 2167 5531 Apostolo
2198 5476 2320 5516 esse
2351 5460 2514 5516 dicta.
2551 5462 2692 5528 Quid
2742 5463 2886 5516 enim
2917 5461 3062 5515 aliud
3111 5469 3214 5519 cst.
3238 5456 3380 5528 quod
3410 5455 3482 5509 al

321 5641 339 5674 ⁸
371 5642 390 5698 ι
417 5643 541 5702 Cor.
579 5663 650 5711 vi,
685 5645 770 5702 10,
847 5648 864 5677 ³
892 5632 1047 5700 ΒοηὶῨ
1076 5659 1195 5712 vm,
1225 5645 1279 5698 7.
1358 5643 1376 5675 ³
1406 5641 1484 5696 Ph
1510 5641 1638 5712 lipp.
1666 5656 1744 5708 Ill,
1784 5663 1786 5668 π

1945 5643 1965 5674 ⁸
2000 5642 2018 5696 1
2047 5640 2171 5697 Cor.
2212 5658 2300 5709 xv,
2331 5640 2419 5696 5‘2.
2498 5641 2518 5674 ⁸
2553 5638 2572 5694 1
2601 5640 2728 5699 Cor.
2762 5656 2835 5708 γι,
2879 5638 3064 5694 13-20.
