3840 6062
446 262 470 318 ι
487 264 584 322 159
1853 260 1910 317 S.
1951 261 2024 316 EF

2128 260 2291 316 iANIl
3573 264 3713 323 H60

442 386 788 444 meretricem
822 384 1182 451 adhaerescat,
1211 393 1265 439 et
1296 383 1363 439 ad
1385 398 1506 440 eam
1539 382 1784 447 accedat,
1811 398 2024 453 unaque

2131 383 2248 454 μετ’
2300 382 2472 453 αὐτῆς
2502 383 2649 455 κατὰ.
2687 383 2789 454 τὴν
2829 382 3014 449 ζεῦξιν
3058 380 3167 437 τῶν
3217 380 3438 453 μελῶν,
3476 381 3576 435 καὶ
3617 384 3711 452 τὴν

442 495 567 533 cum
594 480 682 533 illa
712 494 841 533 caro
862 478 1250 546 conjunctione
1285 478 1651 531 membrorum
1684 490 1748 531 ac
1777 490 2024 530 commu-

2127 473 2411 527 κοινωνίαν
2450 474 2578 544 μίαν
2615 473 2940 543 γιγνόμενον
2981 470 3135 542 παρὰ
3163 471 3328 524 τοῦτο
3356 469 3422 523 τὸ
3458 470 3625 540 σῶμα
3654 474 3711 525 τὸ

443 569 607 624 nione
642 569 875 639 quadam
914 568 1198 630 eﬂiciatur,
1240 577 1599 637 praeterquam
1643 580 1846 635 corpus
1892 565 2024 619 illud

2126 564 2249 630 ἔξω,
2277 564 2345 617 δι’
2381 558 2444 617 οὗ
2483 564 2656 616 πάντα
2686 562 2863 617 ταῦτα
2906 562 3211 633 πληροῦται
3253 560 3328 614 τὰ
3372 559 3518 630 πρὸς
3568 560 3711 630 μίξιν

443 668 748 722 externum,
787 655 946 726 cujus
986 657 1291 712 ministerio
1340 655 1522 709 omnia
1559 653 2023 709 illa-commistio-

2129 656 2223 709 καὶ
2266 655 2527 708 ἔκκαυσιν
2577 656 2985 725 ἁμαρτήματας
3017 652 3179 707 Ὅθεν
3217 651 3315 705 καὶ
3360 647 3489 705 πᾶν
3525 650 3709 721 ἀμάρ-

443 750 529 805 nis
573 764 863 817 corporum
907 756 962 803 et
1005 748 1247 804 ardentis
1292 747 1534 802 libidinis
1581 745 1784 816 ﬂagitia
1836 760 2029 815 perpe-

441 840 693 894 trantur?
725 838 878 895 Unde
913 848 967 895 et
997 856 1147 894 omne
1188 848 1478 909 peccatum,
1511 837 1858 909 quodcunque
1890 837 2028 906 [ece-

442 931 510 983 rit
543 928 719 995 homo,
745 940 896 984 extra
924 946 1115 999 corpus
1140 940 1256 993 est;
1285 932 1375 1000 qui
1414 940 1587 984 autem
1635 928 1950 998 fornicatur,
1972 929 2029 981 in

440 1022 712 1090 proprium
746 1036 935 1089 corpus
980 1030 1180 1091 peccat.
1215 1020 1425 1076 Etenim
1460 1019 1799 1089 arrogantia,
1835 1016 2030 1071 inlide-

442 1113 590 1174 litas,
628 1113 707 1166 ira
735 1121 898 1183 atque
926 1113 1204 1168 simulatio
1239 1114 1431 1167 anima:
1465 1121 1686 1182 peccata
1719 1119 1867 1166 sunt.
1902 1109 2029 1164 Stu-

441 1219 601 1273 prum
633 1220 764 1260 vero
798 1215 850 1260 et
890 1205 1245 1260 inﬂammatio
1301 1206 1393 1260 illa
1443 1204 1683 1260 libidinis
1734 1217 2027 1272 corporum

442 1295 661 1363 propria
692 1302 839 1349 sunt.
869 1295 1205 1362 Quibuscum
1236 1296 1418 1366 utique
1466 1310 1566 1350 nec
1596 1294 1815 1350 evolare
1847 1296 2027 1347 anima

441 1387 663 1456 poterit,
721 1403 897 1457 neque
947 1389 1318 1458 temperantia:
1360 1388 1595 1442 decretis
1647 1386 1881 1455 subjici;
1935 1384 2027 1440 sed

443 1479 604 1533 ambo
642 1478 847 1534 Christi
895 1495 1060 1550 regno
1101 1481 1356 1535 excidere
1400 1494 1622 1534 necesse
1662 1486 1766 1533 est.
1803 1476 2030 1531 Praeter-

441 1583 505 1622 ea
559 1570 605 1624 si
657 1584 886 1639 corpora
942 1579 1130 1624 nostra
1184 1571 1239 1624 in
1293 1570 1658 1626 sanctimonia
1710 1575 2028 1622 conservata

443 1660 701 1728 templum
742 1672 868 1717 sunt
907 1662 1204 1718 habitantis
1248 1663 1302 1716 in
1344 1663 1502 1717 nobis
1553 1659 1824 1730 Spiritus;
1867 1666 2029 1728 atque

441 1757 495 1806 et
528 1751 582 1805 in
616 1766 845 1821 corpore
880 1752 1141 1809 Dominus
1181 1752 1402 1816 residet,
1431 1762 1486 1806 et
1517 1751 1756 1804 membra
1783 1748 2029 1817 corporis

441 1839 648 1897 Christi
686 1844 927 1898 membra
983 1852 1138 1908 sunt,
1177 1843 1399 1897 omnino
1441 1841 1638 1896 divina:
1681 1840 1780 1910 legi
1830 1854 2029 1909 corpus

443 1932 715 1995 subditur,
749 1947 813 1986 ac
847 1949 1070 2003 regnum
1105 1932 1196 1988 Dei
1227 1932 1507 2003 possidere
1534 1940 1733 2002 potest.
1761 1931 1867 1998 Qui
1890 1933 2028 1986 enim

440 2024 690 2085 excitavit
724 2022 992 2078 Christum
1041 2041 1073 2076 a
1106 2024 1357 2088 mortuis,
1408 2022 1710 2091 viviﬁcabit,
1752 2022 1949 2093 inquit,
1979 2033 2030 2079 et

448 2115 695 2168 mortalia
729 2129 948 2182 corpora
978 2123 1146 2168 vestra
1182 2129 1272 2181 per
1308 2113 1685 2166 inhabitantem
1715 2114 1827 2182 ejus
1860 2113 2031 2180 Spiri-

444 2214 555 2258 tum
585 2206 641 2258 in
674 2205 816 2259 vobis
849 2207 864 2237 ¹
893 2222 908 2271 ;
943 2216 998 2259 ut
1039 2206 1265 2260 mortale
1309 2204 1405 2260 hoc
1437 2204 1622 2258 induat
1652 2205 2031 2260 immortalita-

444 2303 568 2358 tem,
616 2305 665 2348 et
724 2294 1122 2363 incorruptibile
1172 2295 1641 2364 incorruptionem,
1698 2312 1938 2367 morsque
1974 2298 2030 2351 in

443 2385 713 2438 victoriam
749 2384 1094 2440 absorbeatur
1128 2386 1170 2438 '.
1220 2384 1337 2439 Non
1379 2385 1524 2440 enim
1564 2384 1631 2440 de
1669 2386 1775 2440 alio
1803 2400 2031 2456 corpore

445 2472 547 2528 hoc
576 2474 697 2528 loco
727 2474 1040 2544 disputabat
1075 2474 1371 2544 Apostolus
1396 2515 1411 2541 ,
1447 2482 1806 2545 praeterquam
1830 2475 1899 2532 de
1927 2477 2030 2532 hoc

444 2563 600 2633 ipso,
654 2565 798 2634 quod
843 2565 1209 2635 exstinguitur
1263 2579 1326 2620 ac
1381 2576 1553 2621 morte
1590 2565 1897 2634 coniicitur,
1934 2584 2031 2639 per

442 2656 588 2727 quod
621 2658 853 2711 scortari
885 2657 1010 2712 licet
1041 2672 1105 2712 ac
1160 2656 1363 2727 ﬂagitia
1390 2658 1750 2715 committere.

515 2749 679 2821 580
709 2748 844 2805 LIV.
897 2748 1054 2816 Quod
1107 2748 1155 2806 si
1208 2750 1479 2806 interesse
1530 2750 1780 2805 nonnihil
1829 2765 2028 2821 corpus

444 2841 586 2896 inter
623 2856 687 2896 ac
720 2856 940 2896 carnem
1009 2842 1356 2911 suspicentur
1398 2840 1479 2911 (ut
1518 2841 1605 2896 vel
1637 2841 1894 2897 subtilius
1927 2841 2030 2897 hoc

445 2931 569 2987 illos
600 2932 762 2987 modo
794 2926 1103 2987 ratiocinari
1130 2932 1439 3001 sinamus);
1475 2931 1610 2986 adeo
1640 2939 1699 2985 ut
1728 2931 1874 2986 aliud
1908 2947 2029 2987 esse
2060 2980 2063 2983 .

445 3034 646 3089 corpus
702 3029 980 3088 censeant,
1036 3020 1184 3074 velut
1244 3020 1417 3090 ipsius
1480 3020 1674 3074 anima:
1723 3020 2025 3090 proprium,
2054 3053 2097 3111 ο

443 3112 589 3181 quod
615 3112 866 3180 usurpari
898 3111 1073 3169 oculis
1096 3117 1362 3180 nequeat;
1390 3123 1607 3164 carnem
1634 3115 1815 3163 autem
1849 3116 2028 3163 exter-

446 3218 575 3256 num
606 3202 736 3256 illud
777 3217 919 3267 esse,
952 3200 1095 3272 quod
1144 3201 1320 3255 oculis
1359 3200 1603 3255 cernitur
1634 3217 1648 3252 :
1689 3200 1769 3254 sic
1807 3214 1902 3255 eos
1938 3215 2026 3256 re-

453 3293 639 3348 fellere
668 3293 960 3362 oportebit,
992 3307 1100 3345 non
1137 3289 1297 3345 modo
1334 3289 1563 3343 Paulum
1616 3304 1682 3343 ac
1729 3290 2027 3360 prophetas

442 3383 694 3453 corporis
750 3383 1164 3453 appellationem
1221 3380 1349 3433 huic
1396 3379 1547 3432 carni
1606 3379 1883 3442 tribucre,
1930 3381 2027 3436 sed

444 3477 580 3530 alios
630 3489 848 3542 quoque
888 3470 1260 3541 philosophos,
1313 3482 1345 3521 a
1396 3467 1597 3536 quibus
1656 3477 1915 3522 accurata
1971 3471 2026 3525 in

443 3565 635 3635 primis
671 3561 855 3615 haberi
891 3560 1033 3613 ratio
1072 3558 1351 3613 nominum
1393 3556 1550 3612 solet.
1597 3555 1809 3612 Etenim
1842 3560 2026 3616 carnis

443 3653 822 3725 appellatione,
852 3650 898 3707 si
935 3650 1048 3704 haec
1089 3648 1154 3702 ad
1196 3655 1442 3726 exactam
1492 3647 1737 3703 scientiae
1779 3664 2023 3705 normam

441 3746 658 3815 exigere
700 3743 893 3806 velint,
922 3755 1030 3795 non
1081 3738 1336 3794 universa
1369 3740 1587 3808 proprie
1624 3739 1811 3808 hujus,
1846 3747 1904 3793 ut
1950 3741 2024 3795 ita

442 3837 639 3901 dicam,
666 3830 1000 3906 tabernaculi
1050 3830 1222 3885 moles
1261 3829 1603 3899 intelligitur,
1638 3830 1732 3886 sed
1775 3831 2023 3901 quaedam

441 3928 608 3982 totius
637 3938 787 3994 pars,
816 3921 1271 3993 quemadmodum
1305 3934 1454 3985 ossa,
1477 3919 1630 3974 nervi
1649 3927 1811 3990 atque
1843 3936 2019 3989 venae;

439 4029 643 4084 corpus
674 4021 852 4067 autem
884 4019 1057 4064 totum
1085 4009 1307 4064 dicitur.
1326 4006 1483 4063 Unde
1509 4015 1564 4063 et
1594 4008 1813 4071 medici,
1838 4012 1928 4080 qui
1955 4010 2023 4065 de

442 4113 635 4159 natura
692 4116 985 4171 corporum
1030 4109 1286 4155 accurate
1329 4099 1637 4169 disputant,
1694 4099 1797 4154 hoc
1844 4101 2020 4170 ipsum

2123 764 2281 816 τημα
2304 746 2336 800 ὃ
2366 746 2475 801 ἐὰν
2512 747 2740 815 ποιήσῃ
2786 750 2818 800 ό
2854 745 3192 814 ἅνθρωπος,
3238 742 3420 809 ἐκτὸς
3453 742 3567 795 τοῦ
3608 742 3710 795 σώ-

2119 838 2308 907 ματός
2325 837 2514 891 ἐστιν.
2548 837 2602 889 Ὁ
2624 836 2693 889 δὲ
2731 838 3063 905 πορνεύων,
3099 827 3187 902 είς
3231 834 3300 888 τὸ
3352 833 3513 887 ιδιον
3539 834 3707 902 σῶμα

2125 923 2465 994 ἁμαρτάνει.
2507 924 2686 995 Τύφος
2713 925 2810 995 μὲν
2835 924 2945 996 γὰρ
2975 924 3069 978 καὶ
3101 925 3355 989 ἀπιστία,
3386 923 3484 977 καὶ
3513 922 3704 993 θυμὸς,

2126 1016 2221 1069 καὶ
2249 1015 2559 1086 ὑπόκρισις,
2590 1015 2768 1086 ψυχῆς
2796 1016 3192 1086 ἁμαρτήματα.
3229 1014 3469 1087 Πορνεία
3505 1015 3589 1077 δὲ,
3620 1014 3706 1068 καὶ

2125 1101 2362 1177 οἶστρος,
2394 1107 2490 1160 καὶ
2533 1107 2735 1178 τρυφὴ,
2770 1107 3056 1177 σώματος’
3092 1106 3214 1177 μεθ’
3258 1102 3335 1161 ὧν
3381 1106 3508 1160 οὔτε
3564 1107 3704 1178 ψυχὴ

2127 1199 2265 1271 πρὸς
2296 1198 2553 1270 ἀλήθειαν
2580 1198 2977 1268 ἀναπτήσεται,
3014 1198 3139 1252 οὔτε
3185 1198 3548 1271 σωφροσύνης
3583 1200 3704 1252 ὐπο-

2127 1288 2457 1360 ταχθήσεται
2483 1288 2746 1358 δόγμασιν
2768 1305 2781 1318 ’
2811 1288 2946 1342 ἀλλά
2978 1289 3146 1360 ἄμφω
3173 1288 3583 1360 διολισθήσουσι
3613 1290 3701 1357 τῆς

2130 1379 2403 1451 βασιλείας
2421 1380 2515 1433 τοῦ
2527 1378 2782 1451 Χριστοῦ.
2799 1380 2908 1433 Καὶ
2926 1380 3124 1439 τοίνυν.
3141 1382 3190 1432 εἰ
3206 1381 3274 1434 τὰ
3298 1380 3530 1450 σώματα
3552 1382 3697 1451 ἡμῶν

2128 1474 2186 1525 ὲν
2205 1471 2459 1543 ἁγιασμῷ
2492 1470 2923 1543 διακρατούμενα
2954 1472 3079 1535 ναός
3107 1473 3223 1524 ἔστι
3249 1471 3346 1525 τοῦ
3375 1475 3435 1525 ὲν
3466 1474 3600 1543 ἡμῖν
3625 1475 3695 1525 oi-

2128 1564 2348 1628 κοῦντος
2375 1562 2713 1633 Πνεύματος,
2734 1564 2828 1616 καὶ
2851 1566 2878 1617 6
2906 1563 3109 1635 Κύριος
3140 1564 3198 1616 ὲν
3230 1563 3311 1634 τῷ
3344 1563 3583 1634 σώματι,
3617 1568 3696 1628 καὶ

2128 1654 2196 1707 τὰ
2252 1652 2387 1724 μέλη
2427 1652 2520 1705 τοῦ
2553 1651 2801 1723 σώματος
2838 1651 2972 1724 μέλη
3021 1652 3280 1724 Χριστοῦ,
3329 1654 3688 1706 ὑποτάσσεται

2062 1725 2103 1780 Β
2128 1744 2238 1815 ἄρα
2284 1743 2345 1796 τὸ
2381 1741 2647 1812 σῶμα,τῷ
2679 1742 2828 1812 νόμῳ
2853 1742 2932 1813 τῷ
2972 1741 3121 1812 θείῳ,
3156 1742 3253 1796 καὶ
3294 1742 3693 1814 κληρονομῆσαι

2129 1834 2352 1888 δύναται
2395 1832 2495 1904 τὴν
2526 1831 2800 1903 βασιλείαν
2849 1832 2944 1885 τοῦ
2993 1832 3153 1889 Θεοῦ.
3214 1832 3278 1886 ’0
3324 1833 3437 1903 γὰρ
3474 1834 3692 1904 érélpac

2128 1925 2385 1995 Χριστὸν
2426 1925 2496 1978 ἐκ
2540 1923 2792 1993 νεκρῶν,
2840 1923 3223 1991 ζωοποιήσει,
3274 1927 3447 1996 φησι,
3502 1926 3603 1979 καί
3631 1929 3688 1979 τὰ

2129 2016 2317 2085 θνητὰ
2342 2015 2587 2086 σώματα
2605 2014 2773 2084 ὑμῶν
2800 2014 2898 2069 διὰ
2939 2015 3045 2070 τοῦ
3090 2015 3481 2082 ἐνοικοῦντος
3516 2017 3685 2071 αὑτοῦ

2128 2110 2473 2178 Πνεύματος
2499 2108 2570 2161 ἐν
2601 2106 2769 2177 ὑμῖν·
2798 2108 2901 2161 ἵνα
2943 2107 3009 2161 τὸ
3053 2106 3279 2175 θνητὸν
3325 2108 3503 2162 τοῦτο
3540 2107 3687 2162 ἐνδύ-

2130 2214 2311 2266 σηται
2386 2198 2501 2267 τὴν
2558 2199 2915 2264 ἀθανασίαν,
2962 2198 3061 2252 καὶ
3121 2197 3190 2251 τὸ
3255 2201 3526 2268 φθαρτὸν
3590 2199 3686 2266 τὴν

2129 2288 2490 2357 ἀφθαρσίαν,
2519 2290 2607 2354 εις
2634 2287 2805 2354 νῖκός
2832 2304 2896 2342 τε
2924 2287 3233 2357 καταποθῇ
3266 2292 3300 2343 ὀ
3328 2288 3597 2355 θάνατος.
3618 2291 3683 2342 03

2130 2380 2239 2451 γὰρ
2288 2380 2418 2452 περὶ
2462 2379 2622 2433 ἄλλου
2676 2379 3031 2450 διελάμϐανεν
3088 2380 3326 2435 ἐνταῦθα
3388 2383 3682 2452 σώματοςὸ

2143 2471 2481 2536 Ἀπὸστολος,
2512 2472 2649 2527 ἀλλὰ
2680 2472 2809 2544 περὶ
2835 2473 3028 2527 τούτου
3066 2473 3162 2526 καὶ
3201 2474 3297 2529 τοῦ
3333 2475 3682 2547 ἀποθνήσκον-

2129 2580 2221 2627 τος
2274 2563 2369 2616 καὶ
2434 2563 2836 2634 νεκρουμένου,
2893 2563 2960 2617 δι’
3002 2558 3064 2619 οὗ
3111 2567 3208 2620 καὶ
3259 2567 3552 2639 πορνεῦσαι
3603 2570 3682 2622 καὶ

2129 2654 2428 2726 ἀσελγῆσαι
2456 2655 2701 2710 δυνατόν.

2196 2744 2319 2796 NA'.
2366 2744 2491 2799 Ἐὰν
2517 2744 2574 2797 δὲ
2606 2744 2870 2818 διαφορὰν
2898 2742 3036 2801 εἶναι
3075 2747 3333 2818 σώματος
3354 2749 3490 2821 πρὸς
3520 2749 3684 2820 σάρκα

2129 2834 2546 2898 ὐποτοπάζωσιν
2574 2837 2683 2908 (ἵνα
2709 2838 2773 2909 δὴ
2800 2839 2894 2892 καὶ
2923 2838 3096 2893 ταῦτα
3113 2841 3299 2903 αὐτοῖς
3323 2842 3685 2913 ἐπιτρέψωμεν

2129 2923 2548 2997 λογικεύεσθαι),
2585 2929 2679 2982 καὶ
2723 2929 2882 3000 σῶμα
2929 2931 3027 3001 μὲν
3083 2930 3211 2985 ἄλλο
3257 2932 3537 3003 νομίζοιεν,
3579 2930 3683 2985 οἷον

2131 3015 2297 3085 αὐτῆς
2329 3015 2428 3085 τῆς
2450 3015 2651 3087 ψυχῆς,
2680 3016 2709 3069 6
2733 3018 2808 3088 μὴ
2837 3018 3114 3088 βλέπεται,
3149 3020 3332 3090 σάρκα
3358 3021 3411 3073 δὲ
3447 3020 3599 3073 τοῦτο
3627 3020 3683 3072 τὸ

2129 3105 2234 3172 ἔξω
2263 3106 2325 3159 τὸ
2356 3106 2714 3177 βλεπόμενον·
2751 3109 2994 3174 λεκτέον,
3029 3111 3105 3174 ὡς
3145 3112 3206 3164 οὐ
3237 3112 3395 3182 μόνον
3428 3114 3457 3165 6
3487 3111 3683 3173 Παῦλος

2129 3196 2224 3249 καὶ
2251 3197 2300 3249 oi
2331 3198 2602 3268 προφῆται
2622 3198 2781 3269 σῶμα
2807 3198 3134 3268 γινώσκουσι
3167 3201 3269 3272 τὴν
3303 3203 3484 3273 σάρκα
3506 3202 3681 3271 ὀνομά-

2129 3287 2315 3352 ζεσθαι
2340 3289 2566 3360 ταύτην,
2609 3291 2746 3344 ἀλλὰ
2772 3294 2866 3346 καὶ
2911 3290 3060 3346 ἄλλοι
3110 3293 3393 3363 φιλόσοφοι
3413 3336 3427 3360 ,
3458 3295 3581 3366 παρ’
3607 3290 3678 3356 οἷς

2126 3380 2190 3451 δὴ
2220 3381 2453 3451 μάλιστα
2482 3384 2578 3437 καὶ
2609 3385 2642 3453 ἡ
2671 3384 2780 3437 τῶν
2806 3385 3085 3456 ὀνομάτων
3114 3386 3369 3458 ἀκρίϐεια
3395 3389 3680 3458 παρατετή-

2129 3489 2310 3543 ρηται.
2338 3474 2485 3545 Σὰρξ
2512 3475 2622 3546 γὰρ
2645 3476 2802 3540 ὅλως,
2828 3479 2877 3529 εί
2907 3477 3181 3548 βούλοιντο
3201 3480 3299 3532 καὶ
3328 3480 3455 3551 περὶ
3491 3479 3675 3532 τούτων

2126 3562 2506 3634 ἐπιστημόνως
2551 3566 2971 3636 ἐπισκέψασθαι,
3005 3568 3112 3630 πᾶς
3150 3569 3179 3620 6
3222 3568 3383 3636 ὄγκος
3409 3562 3560 3630 οὗτος
3596 3567 3675 3620 τοῦ

2127 3652 2486 3725 σκηνώματος
2506 3656 2662 3727 ἡμῶν
2687 3657 2890 3728 κυρίως
2925 3658 2984 3711 οὐ
3012 3658 3251 3726 λέγεται,
3286 3659 3427 3712 ἀλλά
3455 3677 3508 3712 τι
3536 3660 3675 3730 μέρος

2124 3743 2217 3796 τοῦ
2251 3745 2395 3811 ὅλου,
2421 3746 2726 3818 καθάπερῆ
2755 3750 2913 3813 ὀστᾶ,
2943 3749 2976 3819 ἢ
3006 3748 3246 3821 νεῦρα,ῆ
3283 3750 3509 3817 φλέϐεςο
3542 3750 3676 3818 σῶμα

2124 3835 2181 3888 δὲ
2208 3836 2269 3888 τὸ
2310 3836 2449 3891 ὅλον.
2481 3837 2644 3891 Ὅθεν
2675 3839 2767 3891 καὶ
2797 3840 2991 3910 ἰατροὶ,
3022 3839 3073 3892 οἳ
3098 3840 3162 3911 δὴ
3191 3841 3286 3893 καὶ
3317 3842 3449 3912 περὶ
3486 3841 3675 3910 φύσεως

2125 3928 2393 3998 σωμάτων
2447 3929 2694 4000 ἀκριϐῶς
2742 3930 3088 4001 διειλήφασι,
3151 3933 3311 4003 σῶμα
3367 3932 3674 4002 γινώσκουσι

2121 4017 2279 4071 τοῦτο
2308 4019 2371 4072 τὸ
2408 4018 2756 4090 βλεπόμενον.
2806 4020 2967 4074 Ἀλλὰ
3000 4023 3096 4075 καὶ
3115 4022 3144 4075 6
3171 4022 3401 4077 Πλάτων
3440 4023 3536 4077 καὶ
3563 4022 3676 4075 αὐτὸ

2120 4107 2280 4161 τοῦτο
2313 4108 2473 4179 σῶμα
2499 4109 2591 4163 καὶ
2620 4110 2780 4174 αὐτὸς
2811 4111 3113 4168 ἐπίσταται.
3152 4113 3240 4166 Ἐν
3278 4113 3411 4181 γοῦν
3447 4114 3527 4184 τῷ
3553 4112 3674 4166 Φαί-

439 4196 582 4265 quod
621 4193 950 4264 aspectabile
990 4200 1095 4256 est,
1144 4206 1345 4262 corpus
1395 4204 1519 4245 esse
1560 4192 1825 4246 sentiunt.
1875 4191 2020 4258 Quin

2126 4196 2263 4252 δωνι
2298 4200 2327 4251 ὁ
2377 4200 2695 4270 Σωκράτης,
2726 4218 2746 4251 ι
2778 4200 2920 4273 Ἀρα
2959 4200 3033 4273 μὴ
3076 4201 3203 4256 ἄλλο
3239 4219 3297 4255 τι
3338 4202 3434 4256 τὸν
3469 4203 3675 4257 θάνατον

438 4288 556 4355 ipse
601 4284 752 4337 Plato
798 4282 944 4338 istud
995 4283 1171 4353 ipsum
1215 4298 1415 4354 corpus
1455 4298 1578 4338 esse
1628 4298 1734 4336 non
1779 4282 2014 4353 ignorat.

2126 4286 2404 4358 ἡγούμεθα
2447 4283 2607 4354 εἶναι,
2650 4308 2668 4340 ι
2703 4289 2827 4361 ἔφη,
2858 4309 2876 4341 ι
2907 4291 2941 4362 ἢ
2967 4291 3069 4360 τῆς
3099 4290 3281 4361 ψυχῆς
3309 4293 3422 4345 ἀπὸ
3453 4292 3547 4345 τιῦ
3588 4290 3676 4344 σὼ·

441 4376 581 4430 Sane
598 4375 652 4429 in
666 4373 929 4428 Phaedone
947 4372 1222 4441 Socrates,
1252 4392 1271 4425 ι
1293 4375 1488 4429 Annon
1502 4373 1666 4440 idem,
1693 4392 1710 4425 ι
1735 4374 1831 4440 ait,
1856 4392 1875 4425 ι
1896 4391 2017 4432 esse

2126 4395 2288 4449 ματος
2317 4378 2669 4449 ἀπαλλαγήν;
2708 4382 2803 4433 καὶ
2837 4377 3161 4436 εἶναιτοῦτο
3190 4382 3483 4449 τεθνάναι,
3523 4383 3675 4454 χωρξ

440 4474 669 4522 mortem
701 4465 1158 4531 existimabimus,
1190 4466 1333 4536 quod
1361 4466 1558 4521 animae
1586 4481 1616 4520 a
1646 4481 1875 4536 corpore
1902 4467 2016 4523 dis-

2126 4469 2223 4539 μὲν
2251 4470 2358 4524 ἀπὸ
2390 4470 2490 4542 τῆς
2515 4471 2693 4543 ψυχῆς
2737 4471 3047 4541 ἀπαλλαγὲν
3086 4473 3219 4526 αὐτὸ
3259 4474 3386 4527 καθ’
3428 4475 3587 4529 ἑαυτὸ
3622 4473 3675 4526 τὸ

438 4574 653 4615 cessum
688 4577 701 4613 :
732 4566 895 4627 atque
928 4557 1032 4612 hoc
1085 4557 1305 4613 demum
1354 4573 1476 4614 esse
1509 4558 1670 4623 mori,
1705 4574 1904 4628 corpus
1945 4559 2015 4615 ab

2126 4560 2282 4632 σῶμα
2304 4562 2608 4630 γεγονέναι,
2632 4564 2801 4633 χωρὶς
2826 4563 2885 4617 δὲ
2908 4564 3006 4634 τὴν
3034 4564 3211 4636 ψυχὴν
3230 4565 3326 4618 τοῦ
3351 4566 3632 4636 σώματοςς
3655 4585 3671 4614 ι

436 4650 617 4704 anima
647 4649 978 4718 disjunctum
1007 4664 1102 4718 per
1127 4663 1247 4704 sese
1273 4648 1450 4720 ipsum
1477 4650 1762 4712 exsistere,
1798 4648 2013 4704 itidem—

2129 4651 2187 4704 ὐ
2217 4651 2326 4723 γάρ
2363 4668 2446 4704 τοι
2486 4652 2727 4723 Μωῦσῆς
2757 4657 2787 4708 6
2843 4655 3123 4726 μακάριος,
3151 4654 3412 4726 (ἥκωμεν
3439 4658 3561 4727 γὰρ.
3593 4657 3677 4708 καὶ

434 4758 543 4813 que
562 4741 797 4794 animam
827 4755 856 4793 a
880 4754 1110 4810 corpore
1132 4749 1435 4810 separatam
1451 4741 1501 4795 ii
1532 4741 1673 4808 Quid
1703 4743 1894 4796 beatus
1926 4741 2015 4797 ille

2126 4741 2212 4794 Lari.
2239 4742 2338 4805 τὰς
2370 4741 2640 4812 κυριακὰς
2663 4743 2763 4815 ἢδη
2795 4744 3071 4815 Γραφὰς),
3097 4744 3158 4796 οὐ
3193 4744 3355 4815 σῶμα
3386 4745 3546 4798 τοῦτο
3573 4746 3676 4796 ὀνο-

436 4833 648 4902 Moyses
684 4833 764 4902 (ut
810 4830 875 4885 ad
905 4831 1117 4902 divinas
1146 4847 1361 4904 quoque
1392 4831 2014 4902 Litteras'veniamus)?

2126 4831 2386 4902 μάζεσθαι
2442 4832 2764 4899 ἐπίσταται,
2808 4834 2837 4887 6
2879 4834 3146 4904 λέγομεν,
3204 4835 3313 4889 Καὶ
3358 4836 3579 4889 πλυνεῖ
3611 4834 3675 4886 τὰ

434 4938 614 4979 nonne
656 4938 856 4992 corpus
903 4922 1043 4977 idem
1088 4923 1336 4993 intelligit
1381 4938 1523 4989 esse,
1556 4923 1700 4992 quod
1744 4938 1842 4979 nos
1873 4923 2011 4977 dici-

437 5030 577 5080 mus,
632 5029 755 5068 cum
790 5014 864 5068 ita
912 5012 1190 5083 loquitur:
1228 5012 1296 5066 Et
1346 5012 1542 5067 iuvabit
1591 5014 1895 5067 vestimenta
1951 5013 2008 5069 in

435 5105 867 5174 purgationibus,
914 5105 1003 5175 qui
1051 5106 1275 5175 tetigerit
1315 5103 1680 5170 immundum;
1721 5115 1770 5159 et
1809 5105 2011 5160 lavabit

433 5208 620 5260 corpus
644 5210 795 5247 suum
820 5210 995 5264 aqua;
1021 5204 1071 5248 et
1097 5193 1396 5248 immundus
1420 5195 1519 5248 erit
1559 5194 1626 5248 ad
1654 5210 1917 5264 uesperam
1944 5195 2006 5249 ’?

432 5282 573 5347 Quid
603 5283 669 5338 de
694 5282 828 5339 Jobo
860 5285 1146 5340 dicemus?
1199 5301 1378 5341 nonne
1413 5295 1466 5341 et
1509 5287 1556 5341 is
1594 5286 1828 5356 idipsum
1860 5287 2005 5355 quod

430 5372 797 5442 exstinguitur
846 5384 1020 5430 morte
1060 5391 1259 5446 corpus
1304 5392 1427 5433 esse
1472 5376 1777 5448 signiﬁcat?
1816 5377 2008 5431 Versa-

433 5473 539 5526 tur,
588 5464 783 5534 inquit,
833 5479 1018 5533 corpus
1053 5481 1220 5519 meum
1270 5468 1324 5521 in
1371 5468 1642 5537 putredine
1680 5468 1930 5522 vermium
1960 5466 2001 5522 ⁸.

505 5622 522 5653 ⁸
558 5612 716 5673 Ιὶοῐὴ.
751 5634 870 5683 vm,
908 5620 990 5672 il.
1067 5622 1085 5650 ’
1117 5618 1135 5672 l
1167 5620 1291 5676 Cor.
1325 5638 1411 5685 xv,
1449 5623 1533 5676 55.

2116 4921 2333 4991 ἱμάτια,
2359 4922 2553 4991 λέγων,
2605 4927 2665 4978 ὲν
2696 4928 2808 4988 τοῖς
2850 4926 3232 4997 καθαρισμοίς,
3274 4929 3308 4980 ὀ
3338 4927 3674 4995 ἐπιψαύσας

2113 5012 2220 5066 τοῦ
2245 5013 2582 5083 ἀκαθάρτου
2603 5034 2618 5048 ο
2661 5016 2762 5070 καὶ
2801 5018 3087 5071 λούσεται
3131 5017 3213 5083 τῷ
3239 5016 3466 5087 σώματι
3496 5016 3674 5071 αὑτοῦ

2108 5099 2299 5166 ὕδατι,
2332 5104 2430 5156 καὶ
2472 5104 2805 5175 ἀκάθαρτος
2835 5106 3007 5160 ἔσται
3038 5107 3151 5172 ἕως
3193 5107 3457 5175 ἑσπέρας
3467 5123 3488 5171 ;
3521 5107 3585 5160 Τί
3622 5106 3673 5159 δὲ

2109 5192 2203 5244 καὶ
2225 5194 2254 5245 6
2287 5193 2438 5259 Ἰὡϐς
2468 5196 2529 5249 οὐ
2574 5196 2735 5266 σῶμα
2766 5197 3051 5250 ἐπίσταται
3092 5199 3186 5251 καὶ
3213 5199 3377 5262 αὐτὸς
3422 5198 3579 5252 τοῦτο
3618 5201 3674 5250 τὸ

2109 5284 2468 5356 νεκρούμενον
2503 5288 2709 5354 καλεῖν,
2740 5290 2989 5357 Φύρεται
3031 5290 3101 5344 δέ
3140 5292 3262 5360 μου
3300 5293 3368 5346 τὸ
3408 5292 3578 5361 σῶμα
3608 5293 3673 5343 ἐν

2109 5379 2333 5444 σαπρίᾳ
2365 5380 2718 5450 σκωλήκων,
2752 5380 2958 5448 λέγων;
2998 5381 3161 5437 Ἀλλὰ
3206 5383 3300 5435 καὶ
3345 5385 3375 5434 6
3403 5381 3670 5451 Σολομὼν,

2106 5468 2190 5521 ὄτι
2221 5472 2325 5537 Εἰς
2358 5472 2720 5542 κακότεχνον
2744 5471 2955 5542 ψυχὴν
2984 5476 3093 5528 οὐκ
3128 5477 3538 5530 εἰσελεύσεται
3563 5488 3667 5530 σο-

1611 5622 1632 5654 ²
1665 5623 1831 5678 chit.
1869 5639 1976 5677 xrv.
2014 5624 2064 5678 8.
2143 5624 2160 5655 "
2192 5624 2293 5680 Job
2326 5643 2419 5696 vn,
2453 5628 2505 5682 5.
