3948 6068
209 220 344 279 1161

887 212 1255 271 ADVERSUS
1293 210 1634 268 IIASRESES
1671 209 1801 265 LIB.
1839 208 1904 266 ll.
1946 206 2110 264 T031.
2154 203 2545 262 |.—‘H1ERES.
2588 173 2773 259 LXIV.

3337 193 3476 249 H62

208 353 341 425 φία,
369 349 514 407 οὐδὲ
536 346 886 416 κατοικήσει
912 347 981 402 ἐν
1006 346 1313 415 καταχρὲφ
1345 344 1572 414 σώματι
1601 343 1786 413 ἁμαρ-

1913 340 2158 395 )τιειετριι
2189 339 2472 401 Salomon,
2497 336 2563 391 In
2594 335 2929 399 malevolam,
2954 334 3131 404 inquit
3161 334 3206 398 ',
3242 334 3477 388 animum

212 448 363 511 τιας.

281 617 397 671 Καὶ
432 619 491 671 ὲν
528 614 607 687 τῷ
638 615 837 687 Δανιὴλ
875 614 969 667 ἐπὶ
998 612 1106 667 τῶν
1139 609 1459 683 μαρτύρων*
1506 611 1625 664 Οὐκ
1658 609 1794 662 ἐκυ-

206 708 461 776 ρίευσεν
479 707 680 762 αὐτῶν
699 707 765 760 τὸ
798 706 918 775 πῦρ
953 704 1056 758 τοῦ
1080 702 1385 771 σώματος,
1420 702 1657 771 λέγεται,
1693 700 1794 754 καὶ

211 801 253 868 η
288 798 423 868 θρὶξ
462 797 572 866 τῆς
602 796 869 867 κεφαλῆς
913 793 1111 850 αὐτῶν
1153 797 1263 850 οὐκ
1295 794 1648 863 ἐφλογίσθη.
1685 792 1796 845 Καὶ

211 893 243 945 ὁ
263 892 471 961 Κύριος
503 892 559 943 ὲν
594 890 671 960 τῷ
696 889 1016 959 Εὑαγγελίῳ
1038 904 1051 917 ·
1085 885 1192 940 Διά
1234 885 1410 939 τοῦτο
1434 882 1588 954 λέγω
1613 882 1756 952 ὑμῖν
1776 898 1791 913 ’

211 984 314 1054 Μὴ
340 981 660 1054 μεριμνᾶτε
693 983 751 1036 τί
788 982 1036 1054 φάγητε,
1069 982 1107 1051 ἢ
1151 982 1208 1035 τί
1252 980 1615 1048 ἐνδύσησθε.
1648 976 1797 1046 Οὐχὶ

212 1076 254 1144 ἠ
284 1074 457 1144 ψυχὴ
488 1073 702 1127 πλεῖόν
747 1075 877 1128 ἐστι
922 1072 1034 1142 τῆς
1064 1071 1322 1141 τροφῆς,
1366 1071 1465 1125 καὶ
1514 1070 1581 1124 τὸ
1625 1069 1797 1139 σῶμα

213 1165 323 1220 τοῦ
356 1164 724 1234 ὲνδύματος;
755 1165 847 1219 καὶ
878 1167 905 1218 ὁ
947 1164 1268 1227 Ἀπόστολος
1295 1162 1371 1229 δὲ,
1408 1160 1504 1230 Μὴ
1535 1158 1650 1216 οὖν
1678 1161 1793 1225 βα-

213 1258 509 1314 σιλευέτω
536 1259 574 1327 ἠ
605 1258 861 1326 ἁμαρτία
889 1258 960 1311 ἐν
991 1257 1072 1322 τῶ
1104 1254 1300 1324 θνητῷ
1340 1254 1507 1324 ὑμῶν
1547 1253 1793 1323 σώματι,

211 1349 427 1418 λέγων,
476 1348 634 1417 σῶμα
671 1346 960 1416 γινώσκειν
1002 1347 1161 1401 τοῦτο
1199 1346 1227 1399 ὃ
1280 1343 1639 1418 περικείμεθα
1674 1361 1798 1398 συν-

218 1438 400 1509 ίστησι
417 1455 430 1469 ·
456 1438 550 1492 καὶ
577 1438 738 1491 πάλιν
755 1457 767 1469 ο
791 1440 857 1492 Et
886 1437 953 1491 δὲ
979 1438 1045 1493 τὸ
1064 1437 1307 1507 Πνεῦμα
1330 1436 1437 1491 τοῦ
1458 1437 1798 1507 ἐγείραντος

228 1526 476 1594 Ἰησοῦν
503 1520 655 1581 οἰκεῖ
678 1528 749 1580 ἐν
778 1527 940 1597 ὑμῖν,
976 1531 1009 1581 ὀ
1040 1527 1274 1597 ἐγείρας
1311 1527 1571 1596 Χριστὸν
1594 1527 1663 1581 ἐκ
1702 1543 1798 1581 νε-

216 1604 383 1686 κρῶν
426 1615 775 1683 ζωοποιήσει
806 1617 905 1671 καὶ
958 1618 1032 1671 τὰ
1065 1618 1254 1686 θνητὰ
1292 1616 1549 1687 σώματα
1597 1618 1792 1687 ὑμῶν’

1897 448 2000 487 non
2028 428 2268 504 introibit
2299 431 2580 499 sapientia,
2616 444 2707 483 nec
2736 426 2998 481 habitabit
3042 427 3099 480 in
3136 438 3353 495 corpore
3384 427 3477 480 ob-

1896 524 2056 578 noxio
2080 532 2315 591 peccato.

1970 612 2076 669 Sed
2102 624 2154 667 et
2183 611 2326 683 apud
2357 610 2631 666 Danielem
2655 610 2731 665 ita
2757 608 2825 665 de
2851 607 3185 679 martyribus
3214 607 3480 677 scriptum

1896 715 1979 761 est
2013 724 2025 759 :
2071 702 2193 757 Non
2219 703 2524 756 dominatus
2558 711 2634 755 est
2668 702 2721 754 in
2753 701 2968 754 illorum
3011 715 3201 768 corpus
3241 699 3399 768 ignis,
3432 713 3481 751 et

1897 797 2119 872 capillus
2148 797 2335 865 capitis
2365 790 2580 848 illorum
2610 810 2712 848 non
2742 795 2874 846 arsit
2908 793 2948 844 ⁸.
2982 791 3111 847 Item
3148 793 3202 845 in
3236 790 3479 859 Evange-

1897 889 1972 943 lio
2006 887 2270 941 Dominus
2302 903 2313 939 :
2346 885 2630 954 Propterea
2669 883 2787 938 dico
2820 883 2962 937 vobis
2991 895 3008 933 :
3042 880 3224 934 Nolite
3262 880 3481 934 solliciti

1895 995 2009 1034 esse
2042 977 2166 1048 quid
2210 976 2621 1043 ptanducabitis,
2655 984 2749 1029 aut
2776 974 2902 1045 quid
2948 973 3259 1028 induamini.
3292 969 3484 1025 Nonne

1898 1070 2080 1123 anima
2114 1067 2281 1136 pluris
2312 1078 2389 1121 est
2419 1082 2575 1137 quam
2608 1082 2765 1130 esca»
2801 1074 2850 1118 et
2903 1080 3091 1133 corpus
3129 1079 3287 1132 quam
3328 1065 3484 1117 vesti-

1901 1169 2130 1213 mentum
2157 1159 2219 1212 "?
2252 1157 2364 1214 Nec
2415 1160 2598 1212 minus
2652 1156 2949 1228 Apostolus
2984 1144 3069 1210 bis
3118 1154 3301 1209 verbis
3341 1173 3355 1208 :
3401 1153 3484 1209 Ne

1898 1252 2061 1321 igitur
2098 1261 2271 1322 regnet
2315 1263 2587 1321 peccatum
2629 1252 2682 1305 in
2737 1248 2954 1304 mortali
2990 1256 3159 1301 vestro
3201 1262 3417 1315 corpore
3440 1248 3483 1309 ".

1899 1358 2100 1413 Corpus
2144 1360 2204 1397 se
2244 1342 2312 1398 de
2361 1359 2447 1407 eo,
2480 1359 2589 1413 quo
2630 1341 2951 1398 circumdati
2987 1355 3199 1401 sumus.
3235 1340 3486 1409 accipere

1898 1434 2272 1501 demonstrat;
2314 1450 2378 1490 ac
2406 1450 2629 1489 rursum
2664 1449 2677 1486 :
2716 1432 2869 1500 Quod
2900 1433 2947 1486 si
2973 1430 3206 1501 Spiritus
3232 1432 3368 1500 ejus,
3394 1432 3487 1501 qui

1900 1527 2178 1581 suscitavit
2228 1524 2436 1591 Iesum,
2489 1526 2695 1580 habitat
2736 1526 2789 1578 in
2836 1523 3020 1588 vobis;
3068 1524 3159 1593 qui
3210 1525 3488 1578 suscitavit

1900 1615 2167 1672 Christum
2206 1635 2241 1671 a
2292 1618 2536 1684 mortuis,
2567 1616 2849 1686 viviﬁcabit
2893 1626 2943 1670 et
2984 1614 3235 1668 mortalia
3264 1630 3489 1683 corpora

215 1708 313 1761 καὶ
344 1707 537 1761 πάλινο
584 1708 725 1762 Ἐὰν
753 1708 896 1775 εἴπῃ
930 1710 962 1761 o’
990 1707 1165 1773 ποῦς,
1204 1706 1295 1760 ὅτι
1505 1707 1621 1776 εἰμὶ
1638 1686 1799 1775 Ῠχεὶρ,

1913 1708 2140 1762 vestra’.
2173 1707 2311 1761 Tum
2332 1708 2616 1763 alioloco:
2646 1707 2915 1763 Sidixerit
2936 1723 3024 1774 pes
3046 1721 3064 1759 :
3096 1705 3360 1771 Quoniam
3384 1724 3488 1760 non

214 1801 330 1853 οὐκ
353 1798 471 1867 εἰμὶ
490 1799 560 1852 ἐκ
584 1798 688 1852 τοῦ
712 1796 1007 1867 σώματος,
1028 1800 1100 1853 οὐ
1120 1798 1282 1866 παρὰ
1300 1798 1477 1851 τοῦτο
1499 1800 1611 1852 οὐκ
1633 1798 1807 1851 ἐστιν

211 1891 287 1945 ἐκ
332 1889 440 1944 τοῦ
475 1889 784 1959 σώματος·
818 1890 913 1942 καὶ
949 1889 1145 1943 πάλιν·
1182 1889 1293 1943 Καὶ
1327 1889 1415 1959 μὴ
1453 1889 1805 1958 ἀσθενήσας

228 1980 492 2051 Ἀϐραὰμ
540 1979 616 2049 τῇ
653 1983 889 2053 πίστει,
946 1982 1019 2034 οὺ
1068 1980 1400 2047 κατενόησε
1465 1979 1530 2033 τὸ
1585 1977 1805 2032 ἑαυτοῦ

213 2070 393 2143 σῶμα
415 2074 870 2142 κνεκρούμενονο
897 2072 989 2124 καὶ
1032 2069 1225 2125 πάλινο
1260 2069 1413 2136 Τοὺς
1430 2068 1541 2140 γὰρ
1573 2069 1806 2138 πάντας

214 2162 382 2232 ἡμᾶς
426 2161 839 2232 φανερωθῆναι
871 2160 969 2214 δεῖ
1005 2160 1349 2229 ἐμτροσθεν
1381 2159 1486 2213 τοῦ
1529 2159 1808 2228 βήματος

213 2255 329 2308 τοῦ
360 2254 640 2323 Χριστοῦ.
669 2256 770 2308 ἵνα
808 2254 1129 2322 κομίσηται
1157 2251 1416 2318 ἕκαστος
1471 2252 1545 2305 τὰ
1575 2251 1673 2305 διὰ
1699 2251 1806 2306 τοῦ

96 2380 101 2384 ~
213 2345 522 2415 σώματος,
554 2346 703 2413 πρὸς
741 2344 778 2397 ἂ
804 2344 1029 2413 ἔπραξε
1050 2361 1063 2374 ·
1093 2344 1189 2398 καὶ
1216 2342 1379 2396 πάλιν
1400 2358 1413 2373 ·
1447 2344 1518 2395 Al
1539 2341 1657 2410 μὲν
1677 2343 1806 2396 ἐπι-

214 2437 440 2491 στολαὶ
467 2436 705 2505 βαρεῖαι
741 2436 840 2490 καὶ
872 2436 1135 2506 ἰσχυραὶ,
1172 2437 1210 2505 ἡ
1254 2435 1323 2489 δὲ
1365 2434 1669 2505 παρουσία
1700 2434 1808 2491 τοῦ

215 2526 500 2597 σώματος
522 2518 814 2595 ἀσθενῆς·
854 2529 949 2582 καὶ
983 2528 1145 2582 πάλιν
1165 2545 1178 2559 ’
1216 2523 1359 2581 οἶδα
1393 2527 1710 2597 ἄνθρωπον
1739 2528 1810 2582 ἐν

217 2619 456 2689 Χριστῷ
482 2620 596 2688 πρὸ
618 2618 772 2673 ἐτῶν
808 2618 1290 2687 δεκατεσσάρων,
1322 2619 1442 2673 stre
1477 2620 1549 2675 ἐν
1583 2618 1830 2690 σώματι⁸

216 2714 336 2767 οὐκ
365 2709 517 2776 οῖδα,
546 2711 665 2765 εἴτε
705 2711 879 2778 ἐκτὸς
917 2711 1025 2765 τοῦ
1074 2709 1348 2781 σώματος
1376 2713 1487 2765 οὐκ
1520 2711 1679 2766 οῖόαο
1712 2711 1811 2765 καὶ

221 2805 391 2860 πάλιν
415 2823 429 2835 ·
454 2805 659 2871 Οὕτως
699 2805 1068 2874 ὀφείλουσιν
1091 2806 1147 2857 οἱ
1175 2802 1393 2872 ἄνδρες
1427 2801 1669 2873 ἀγαπᾷν
1704 2805 1811 2870 τὰς

219 2901 456 2956 ἑαυτῶν
502 2899 792 2971 γυναῖκας
815 2939 831 2964 ,
880 2899 961 2965 ὡς
998 2897 1069 2952 τὰ
1120 2898 1351 2952 ἑαυτῶν
1395 2898 1667 2966 σώματα⁸
1716 2897 1811 2950 καὶ

221 2992 422 3048 πάλιν·
472 2992 669 3058 Αὐτὸς
709 2991 779 3044 δὲ
826 2993 860 3044 ὀ
922 2991 1068 3057 Θεὸς
1126 2989 1239 3059 τῆς
1278 2988 1523 3058 εὶρηνης
1567 2988 1809 3059 ἁγιάσαι
1837 3009 1879 3066 c

220 3081 383 3153 ὑμᾶς
416 3078 717 3147 ὀλοτελῶς
739 3096 752 3110 ·
777 3080 877 3134 καί
898 3082 1240 3148 ὀλόκληρον
1263 3080 1430 3149 ὑμῶν
1456 3080 1524 3133 τὸ
1554 3080 1810 3148 πνεῦμα,

221 3173 333 3229 καί
365 3175 405 3243 ή
442 3170 636 3244 ψυχὴ,
664 3172 763 3225 καὶ
794 3171 861 3225 τὸ
900 3170 1071 3240 σῶμα
1109 3171 1425 3240 ἀμέμπτως
1453 3170 1523 3224 ἐν
1548 3168 1623 3240 τῇ
1663 3185 1813 3239 παρ-

222 3269 412 3335 ουσίᾳ
458 3267 565 3321 τοῦ
608 3266 830 3334 Κυρίου
878 3261 1050 3333 ἡμῶν
1098 3261 1295 3330 Ἰησοῦ
1332 3260 1593 3330 Χριστοῦ
1641 3279 1816 3330 τηρη-

224 3361 384 3427 θείη.
413 3361 475 3413 Oi.
512 3358 571 3412 δὲ
610 3355 871 3426 ἀσφαλῶς
897 3355 960 3408 οὐ
1000 3354 1295 3425 νοήσαντες
1331 3353 1537 3407 τούτων
1582 3353 1734 3406 οὐδὲν
1758 3356 1814 3407 ὲν

100 3465 112 3475 ·
226 3451 381 3521 σάλῳ
412 3450 508 3504 καὶ
533 3450 745 3520 ταραχῇ
780 3445 1043 3517 φέρεσθαι
1076 3445 1187 3498 -τὸν
1246 3443 1566 3500 Ἀπόστολον
1610 3444 1816 3498 ὑπέλα-

225 3542 346 3605 60v,
369 3541 445 3604 ὡς
473 3540 661 3594 στάσιν
689 3536 855 3592 αὐτοῦ
890 3536 989 3601 τὰς
1019 3536 1328 3608 διανοήσεις
1366 3536 1475 3589 τῶν
1506 3534 1681 3605 λόγων
1722 3536 1816 3590 καὶ

1907 1814 2024 1853 sum
2060 1815 2271 1860 manus.
2292 1799 2450 1869 581
2478 1816 2583 1853 non
2608 1815 2724 1853 sum
2750 1814 2814 1852 ex
2837 1814 3051 1867 corpore
3068 1814 3087 1863 ;
3107 1816 3209 1853 non
3239 1799 3355 1853 ideo
3386 1817 3489 1853 non

1903 1898 1980 1943 est
2008 1904 2073 1942 ex
2091 1905 2309 1957 corpore
2336 1890 2399 1942 ¹⁰.
2423 1887 2555 1943 Item
2598 1906 2612 1943 :
2659 1886 2725 1941 Et
2758 1905 2860 1942 non
2895 1888 3197 1957 inﬁrmatus
3221 1888 3490 1943 Abraham

1907 1978 2050 2046 ﬁde,
2102 1994 2206 2032 non
2236 1977 2608 2032 animadrertit
2661 1993 2849 2046 corpus
2910 1994 3066 2033 suum
3112 1988 3379 2031 mortuum
3425 1979 3489 2032 υ.

1909 2070 2158 2124 Deinde:
2195 2068 2338 2122 Nam
2371 2086 2466 2125 nos
2512 2085 2687 2123 omnes
2739 2069 3075 2139 mani/estari
3123 2079 3326 2137 oportet
3371 2080 3493 2122 ante

1910 2159 2144 2214 tribunal
2184 2159 2421 2223 Christi,
2478 2169 2534 2213 ut
2587 2160 2779 2226 referat
2831 2161 3212 2230 unusquisque”
3234 2177 3350 2231 qua:
3399 2177 3493 2226 per

1907 2265 2127 2320 corpus,
2182 2250 2467 2305 secundum
2521 2267 2639 2322 qua:
2681 2251 2841 2321 gessit
2901 2252 2960 2304 ⁸⁸.
2997 2251 3129 2306 Item
3171 2269 3186 2306 :
3238 2250 3492 2320 Epistolte

1907 2343 2115 2414 quidem
2174 2360 2355 2413 graves
2414 2353 2465 2397 et
2517 2343 2713 2412 fortes,
2762 2345 3047 2413 prtesentia
3090 2360 3210 2398 vero
3258 2352 3492 2413 corporis

1909 2434 2174 2489 imbecilla
2204 2436 2266 2491 ¹³.
2298 2435 2378 2489 Ad
2415 2436 2531 2491 haec
2557 2455 2571 2491 :
2605 2434 2730 2492 Scio
2765 2435 3026 2491 hominem
3050 2437 3104 2489 in
3131 2434 3342 2491 Christo
3371 2450 3492 2492 ante

1910 2538 2075 2577 annos
2105 2525 2520 2593 quatuordecim,
2548 2527 2655 2581 sive
2697 2527 2750 2581 in
2789 2543 3005 2596 corpore
3036 2530 3231 2598 uestio,
3262 2532 3369 2586 sire
3399 2548 3493 2587 ea:-

1912 2622 1994 2666 tra
2025 2629 2212 2683 corpus
2257 2617 2429 2670 nescio
2458 2617 2524 2671 ⁸⁸⁵.
2564 2616 2694 2673 Item
2730 2637 2745 2671 :
2787 2617 2877 2673 Sic
2918 2618 3101 2677 debent
3134 2623 3232 2675 viri
3273 2623 3490 2694 diligere

1911 2720 2101 2760 uxores
2126 2724 2275 2771 suas,
2310 2718 2560 2778 tanquam
2590 2725 2689 2763 sua
2715 2725 2936 2778 corpora
2957 2711 3021 2767 ".
3038 2710 3304 2768 Praeterea
3333 2713 3492 2785 :Ipse

1912 2806 2087 2852 autem
2114 2798 2256 2854 Deus
2283 2802 2430 2869 pacis
2470 2802 2768 2871 sanctiﬁcat
2800 2819 2889 2858 vos
2916 2805 3163 2872 penitus;
3203 2816 3254 2861 et
3298 2808 3495 2878 integer

1912 2899 2078 2945 vester
2102 2892 2343 2959 spiritus,
2384 2900 2432 2947 et
2474 2893 2656 2947 anima
2703 2902 2753 2948 et
2799 2910 2989 2964 corpus
3034 2896 3146 2951 sine
3189 2900 3401 2968 querela
3439 2902 3495 2954 in

1913 2983 2138 3038 adventu
2195 2983 2408 3037 Domini
2456 2986 2627 3039 nostri
2663 2984 2793 3041 Iesu
2841 2985 3042 3044 Christi
3078 3001 3308 3048 servetur
3340 2994 3403 3049 ¹⁵.
3428 2995 3498 3050 At

1913 3072 2008 3143 qui
2062 3072 2200 3127 nihil
2254 3072 2450 3127 horum
2518 3085 2773 3131 accurate
2832 3078 3181 3150 intelligunt,
3236 3082 3499 3139 ﬂuctuare
3546 3118 3553 3125 -

1913 3162 2235 3234 Apostolum
2272 3177 2336 3218 ac
2369 3165 2685 3235 perturbate
2708 3166 2838 3222 ferri
2861 3169 3202 3238 iudicarunt,
3234 3181 3497 3246 tanquam

1914 3252 2062 3311 illius
2098 3270 2294 3311 sensus
2332 3270 2396 3311 ac
2428 3256 2720 3313 verborum
2753 3263 3036 3318 sententiae
3068 3265 3364 3322 stabilitate
3401 3270 3498 3322 tir—

1917 3347 2215 3419 mitateque
2261 3349 2481 3419 penitus
2547 3360 2825 3420 carerent,
2884 3370 3057 3426 eaque
3123 3361 3503 3429 pronuntiaret

1920 3460 2042 3516 quae
2076 3444 2310 3502 subinde
2344 3454 2792 3516 retractarentur,
2824 3450 2973 3505 velut
3010 3452 3284 3509 interdum
3319 3471 3504 3513 resur-

1921 3553 2049 3609 gere
2076 3553 2320 3604 carnem,
2362 3540 2637 3596 interdum
2662 3560 2773 3600 non
2800 3561 3105 3617 resurgere.

228 3612 398 3706 έδραν
425 3635 526 3687 οὐκ
569 3632 821 3704 ἐχούσας,
853 3630 990 3685 ἀλλά
1041 3629 1420 3695 ἀναπλεούσας
1470 3630 1585 3684 ἀνω
1618 3631 1713 3685 καὶ
1754 3631 1929 3699 κάτω,
1968 3633 2064 3686 καὶ
2123 3633 2420 3706 ὁμιλούσας
2471 3637 2841 3710 παλίμφημα,
2896 3612 2988 3695 ὅτε
3031 3643 3131 3713 μὲν
3184 3644 3284 3716 τὴν
3325 3632 3505 3720 σάρκα

225 3725 577 3789 ἀνίστασθαι,
608 3724 697 3777 ὁτὲ
741 3723 797 3775 δὲ
841 3721 942 3775 οὐκ
984 3721 1323 3775 ἀνίστασθαι.

302 3818 432 3870 NE’.
466 3814 629 3868 Ὅθεν
659 3814 747 3867 ἵνα
799 3812 875 3883 μὴ
911 3810 1256 3884 παραλειφθῇ
1286 3811 1394 3866 τῶν
1435 3811 1818 3883 προταθέντων

1987 3811 2097 3868 LV.
2132 3813 2495 3881 Quamobrem
2535 3829 2606 3870 ne
2636 3816 2718 3870 vel
2753 3816 2975 3872 minima
3006 3834 3134 3890 pars
3161 3836 3349 3878 eorum
3380 3843 3504 3897 quae

232 3906 375 3980 μηδὲ
405 3905 485 3971 ἓν,
511 3906 661 3967 ὅπως
682 3903 883 3967 τελέως
913 3902 1266 3974 ὲκτέμνωμεν
1290 3901 1478 3975 ὕδραν,
1507 3904 1586 3968 είς
1606 3903 1665 3957 τὸ
1689 3923 1810 3977 προ-

1917 3907 2194 3977 proposita
2243 3913 2390 3973 sunt,
2434 3907 2917 3976 praetermittatur,
2972 3918 3137 3981 atque
3177 3921 3237 3969 ut
3272 3916 3502 3987 hydram

229 3999 493 4069 κείμενον
533 3995 696 4050 πάλιν
730 3994 1190 4065 ὲπανελεύσομαι.
1228 3994 1459 4065 Ἐφεξῆς
1490 3994 1620 4067 γὰρ,
1654 3996 1826 4052 καθά.

230 4105 345 4158 περ
367 4084 704 4156 ὑπεσχόμην,
729 4084 823 4138 καὶ
844 4083 912 4137 τὰ
933 4081 1071 4137 ἄλλα
1093 4083 1501 4155 προσαποροῦσι
1530 4084 1819 4154 κεφάλαια.

231 4175 406 4241 Αὖθις
437 4172 529 4231 οὖν
565 4177 663 4230 καὶ
691 4175 727 4229 ἃ.
756 4175 861 4247 χρὴ
897 4173 1035 4245 πρὸς
1067 4172 1208 4228 αὑτά
1235 4174 1489 4243 λέγεσθαι
1512 4175 1821 4241 ἀποδείξας,

1916 3996 2091 4067 ipsam
2120 4001 2345 4052 omnino
2383 3998 2751 4066 succidamus,
2787 4000 2855 4055 ad
2886 4001 2938 4056 id
2968 4004 3115 4073 quod
3145 4014 3261 4061 erat
3297 4025 3502 4080 prapo-

1920 4087 2084 4143 situm
2135 4096 2401 4144 revertar.
2446 4087 2714 4162 Deinceps
2764 4091 2932 4156 enim,
2957 4101 3017 4148 ut
3056 4098 3417 4165 ostendimus,
3449 4111 3503 4155 et

1918 4180 1975 4233 in
2004 4179 2127 4235 aliis
2156 4180 2484 4251 quibusdam
2524 4182 2798 4253 capitibus
2827 4185 3221 4244 dubitationem
3260 4203 3500 4250 movent.

231 4269 507 4325 ἀκόλουθα
537 4268 873 4339 παραστήσω
901 4263 1079 4320 αὐτῶν
1124 4264 1140 4297 ¹
1176 4266 1269 4319 καὶ
1300 4265 1565 4337 σύμφωνα
1607 4268 1686 4330 είς
1718 4266 1810 4338 τὴν

1922 4272 2112 4342 Itaque
2145 4273 2309 4329 simul
2333 4283 2498 4345 atque
2537 4274 3001 4347 demonstravero,
3033 4296 3280 4350 quamam
3312 4286 3505 4342 adver-

232 4361 369 4429 περὶ
406 4360 504 4430 τῆς
552 4356 902 4418 ἀναστάσεως
928 4356 1027 4427 τῆς
1075 4356 1277 4429 σαρκὸς
1310 4357 1494 4411 πίστιν
1532 4357 1628 4412 καὶ
1678 4358 1818 4412 αὑτά

231 4450 515 4520 εἰρηκότα.
549 4450 749 4519 Ἴωμεν
770 4448 835 4520 δὴ
866 4442 959 4500 οὖν
1000 4449 1020 4478 ²
1059 4447 1095 4502 ἃ
1114 4448 1174 4501 τὸ
1208 4448 1423 4519 πρῶτον
1442 4453 1521 4514 εἰς
1548 4450 1638 4503 τὸν
1661 4451 1821 4504 Ἀπό-

234 4543 427 4597 στολον
460 4539 815 4613 προήχθημεν
867 4539 1064 4593 εἰπεῖν.
1108 4539 1183 4592 Τὸ
1224 4541 1355 4611 γὰρ,
1395 4542 1542 4612 Ἐγὼ
1575 4540 1643 4595 δὲ
1678 4540 1822 4602 ἔζων

232 4634 420 4705 χωρὶς
457 4635 644 4702 νόμου
679 4631 856 4698 ποτὲ,
910 4630 1101 4703 λεχθὲν
1142 4632 1290 4704 αὐτῴ
1336 4632 1468 4697 ἀνω,
1520 4631 1616 4704 τὴν
1660 4635 1717 4688 ὲν
1743 4633 1823 4705 τῷ

234 4722 575 4795 παραδείσῳ,
601 4722 856 4786 καθάπαξ
888 4722 909 4754 ⁸
941 4721 999 4788 ἐξ
1024 4723 1199 4794 ἀρχῆς
1229 4723 1565 4795 ὑπεθέμεθα,
1596 4724 1701 4796 πρὸ
1722 4723 1824 4794 τῆς

233 4813 501 4882 ἐντολῆς,
554 4813 655 4866 οὐκ
680 4813 837 4877 ἐκτὸς
881 4812 1133 4885 σώματος
1156 4854 1171 4877 ,
1211 4815 1349 4869 ἀλλὰ
1380 4816 1519 4887 μετά
1570 4817 1820 4889 σώματος

234 4904 399 4977 ἡμῶν
435 4908 491 4959 ὲν
539 4908 653 4967 τοῖς
707 4906 1154 4975 πρωτοπλάστοις
1184 4906 1460 4979 διαγωγὴν
1506 4912 1820 4982 παρεγγυᾷ.

248 4995 473 5067 Ἐπειδὴ
511 4995 617 5066 πρὸ
664 4995 758 5048 τοῦ
791 4994 1012 5066 δοθῆναι
1049 4997 1150 5069 τὴν
1186 4997 1426 5068 ἐντολὴν,
1459 4998 1588 5068 χοῦν
1617 5002 1647 5053 ὁ
1690 4999 1823 5064 Θεὸς

235 5087 353 5141 ἀπὸ
382 5087 482 5158 τῆς
512 5088 615 5158 γῆς
643 5086 845 5152 λαϐὼν,
887 5085 1088 5141 ἕπλα¹σε
1116 5088 1208 5142 τὸν
1236 5088 1523 5160 ἄνθρωπον
1544 5105 1559 5120 ο
1583 5090 1739 5153 ἐκτός
1764 5106 1823 5144 τε

236 5178 539 5249 ὲπιθυμίας
569 5179 851 5250 διήγομεν,
880 5180 940 5233 οὺ
974 5171 1333 5248 γινώσκοντες
1363 5180 1498 5245 ὅλως
1524 5181 1821 5253 ἐπιθυμίας

237 5270 441 5340 ἀλόγου
493 5271 819 5343 προσϐολαῖς
858 5271 903 5337 ⁸,
968 5271 1295 5344 βιαζομένης
1348 5273 1494 5343 ἡμᾶς
1545 5271 1821 5339 ἑλκτικαῖς

243 5362 450 5434 ἡδονῶν
470 5366 855 5445 περιαγωγαῖς
882 5363 1019 5436 πρὸς
1047 5365 1340 5435 ἀκρασίαν.
1359 5365 1433 5417 Τὸ
1460 5363 1571 5436 γὰρ
1596 5365 1671 5436 μὴ
1698 5364 1821 5436 ἔχον

325 5495 351 5568 '_
385 5492 451 5568 Ρ.
480 5497 671 5568 αὐτόν,
706 5566 715 5568 _
761 5498 782 5529 ’
814 5494 973 5568 Deest
1029 5498 1115 5568 ἐφ’
1148 5498 1231 5553 vel
1260 5500 1359 5562 είς.

245 5635 338 5692 ιο.
419 5636 461 5668 ⁸³
484 5636 527 5691 Il
561 5635 688 5689 Cor.
719 5651 775 5699 ι,
812 5635 896 5689 10.
1016 5638 1057 5667 ¹⁴
1084 5638 1124 5691 ll
1157 5638 1283 5693 Cor.
1316 5653 1414 5705 xu,
1448 5638 1503 5691 2.

572 5753 835 5815 Ριτιιοι..
886 5755 1006 5815 Gn.
1040 5756 1201 5818 XLI.

1438 5497 1468 5571 ξ
1498 5496 1621 5554 Cor.
1666 5498 1938 5571 καθάπερ.

242 5565 607 5639 Ῐ-Ηαιιίιε-νρ
645 5566 737 5620 23.
811 5566 1025 5639 'JRom.
1067 5565 1143 5639 in.
1176 5572 1278 5639 12.
1356 5569 1375 5599 ⁸
1433 5566 1594 5639 Rom.
1631 5565 1902 5639 vitta“;
1978 5570 2070 5639 "il
2095 5566 2223 5625 Cor.
2252 5565 2367 5628 ’ξιιμ
2425 5565 2509 5632 15.
2589 5574 2629 5605 ¹⁸
2665 5565 2826 5630 not...
2859 5565 2913 5639 ν,
2951 5578 3034 5633 l9.

1617 5639 1659 5669 ¹⁸
1676 5630 1890 5706 Ἐριιεε.
1935 5651 1987 5705 v,
2015 5638 2105 5694 28.

1917 4380 2012 4421 sus
2048 4364 2137 4417 illa
2181 4363 2411 4435 proponi
2450 4364 2704 4431 debeant,
2748 4368 2926 4436 palam
2966 4370 3112 4426 istud
3168 4372 3362 4429 faciam
3399 4379 3506 4431 :de

1915 4455 2341 4512 resurrectionis
2397 4457 2580 4513 carnis
2663 4456 2766 4513 ﬁde
2825 4450 3193 4520 consentanea
3245 4467 3395 4522 illum
3443 4484 3506 4526 ac

1917 4546 2307 4615 consequentia
2336 4544 2562 4603 dixisse.
2602 4547 2845 4605 Primum
2893 4552 3063 4623 igitur
3091 4554 3158 4610 ad
3198 4555 3288 4609 illa
3320 4561 3505 4613 venia-

1919 4653 2064 4702 mus,
2093 4653 2213 4708 qute
2239 4637 2307 4693 de
2341 4637 2602 4708 Apostolo
2638 4640 2950 4710 injecimus.
3001 4642 3136 4699 Nam
3166 4648 3312 4716 quod
3340 4650 3407 4703 ab
3441 4666 3503 4704 eo

1921 4737 2081 4784 antea
2115 4728 2321 4783 dictum
2367 4739 2472 4795 est,
2520 4729 2631 4801 Ego
2677 4748 2795 4786 vero
2841 4734 3072 4788 vivebam
3104 4738 3215 4791 sine
3250 4737 3357 4810 lege
3398 4742 3504 4794 ati-

1919 4819 2129 4888 quando
2164 4821 2227 4886 ",
2251 4821 2417 4875 vitam
2447 4821 2595 4876 illam
2634 4825 2895 4891 ostendit,
2920 4842 3081 4898 quam
3115 4829 3168 4884 in
3195 4832 3385 4900 primis
3418 4850 3508 4885 no-

1920 4911 2051 4965 stris
2084 4913 2399 4980 parenlibus
2448 4919 2575 4969 ante
2622 4924 2950 4987 prmceptum
2996 4919 3081 4990 (ut
3128 4920 3285 4976 initio
3316 4923 3507 4978 docui-

1922 5004 2064 5066 mus)
2096 5005 2152 5059 in
2182 5008 2439 5075 paradiso
2471 5008 2749 5071 duximus,
2792 5024 2900 5064 non
2942 5018 3095 5067 extra
3143 5028 3364 5085 corpus,
3412 5020 3508 5072 sed

1923 5094 1978 5150 in
2008 5109 2237 5166 corpore
2268 5096 2441 5154 fuisse
2472 5107 2825 5154 transactam.
2860 5099 3000 5156 Aule
3033 5103 3178 5158 enim
3211 5121 3372 5175 quam
3400 5111 3513 5164 edi.

1927 5192 2076 5240 ctum
2108 5184 2349 5253 daretur,
2391 5188 2522 5244 limo
2555 5189 2625 5245 de
2668 5198 2812 5246 terra
2853 5201 3071 5264 sumpto
3108 5197 3382 5255 hominem
3425 5203 3513 5256 ei;

1930 5277 2119 5346 tinxit;
2176 5294 2241 5333 ac
2282 5286 2397 5333 tum
2451 5281 2521 5337 ab
2552 5282 2701 5336 omni
2746 5284 3044 5354 cupiditate
3093 5287 3250 5345 liberi
3293 5292 3515 5347 viveba-

1928 5383 2052 5424 mus
2078 5410 2095 5436 ,
2126 5383 2250 5425 cum
2282 5370 2496 5428 ratione
2531 5371 2809 5428 destitutae
2856 5375 3198 5448 cupiditatis,
3238 5396 3359 5451 quae
3408 5399 3517 5438 nos

2043 5500 2069 5577 ξ
2209 5502 2535 5577 προσϐολάς.
2593 5504 2820 5577 __"Sap.
2855 5522 2895 5570 ι,
2923 5506 2978 5561 4.
3082 5511 3104 5543 ⁸
3134 5510 3267 5565 Dan.
3306 5525 3385 5573 ιιι,
3417 5509 3519 5563 91.

3116 5582 3157 5611 ³⁸
3190 5580 3229 5631 ll
3273 5577 3402 5631 Cor.
3454 5590 3518 5641 ν,

2206 5640 2247 5672 ¹⁶
2272 5638 2515 5705 lTness.
2546 5660 2599 5711 ν,
2650 5644 2743 5701 23.
2765 5646 2864 5723 ,β’
2897 5638 3056 5703 Rom.
3090 5664 3185 5711 vn,
3212 5647 3266 5701 9.

3124 5756 3201 5819 3'1
