3840 6062
411 208 547 263 H63

1799 199 1857 254 S.
1888 195 2225 253 EPIPHANII

3531 200 3673 259 H68

404 325 621 380 blandis
647 324 977 394 voluptatum
1014 319 1281 376 illecebris
1320 318 1385 374 ad
1417 316 1696 372 libidinem
1730 316 1979 385 impellit,

2085 312 2381 386 διορισμὸν,
2422 313 2539 367 καθ’
2573 313 2631 366 ὃ)
2672 313 2755 366 δεῖ
2797 311 3199 379 πολιτεύεσθαι,
3243 314 3383 385 μηδέ
3418 314 3674 382 ἐξουσίαν

404 435 473 473 ne
500 416 746 471 notitiam
772 413 987 484 quidem
1018 412 1357 466 haberemus.
1392 408 1526 462 Nam
1560 407 1705 478 quod
1735 415 1883 462 certa
1919 422 1984 461 ac

406 509 626 564 definita
673 509 787 577 lege
833 511 1002 566 caret,
1036 502 1101 556 ad
1151 516 1312 571 quam
1362 498 1776 554 accommodare
1811 498 1982 551 vitam

406 607 676 668 oporteat,
715 609 889 665 neque
941 593 1108 647 libera
1152 590 1361 645 arbitrii
1410 589 1667 665 facultate
1696 585 1979 658 praaditum

404 696 509 751 est,
538 694 596 741 ut
623 685 690 740 ad
718 683 863 755 quod
896 683 1023 737 velit
1057 697 1115 737 se
1145 679 1356 734 vivendi
1401 693 1572 749 genus
1608 677 1874 747 applicet;
1915 689 1980 728 ex

405 793 513 847 quo
537 774 753 847 proprie
780 775 1041 829 honorem
1078 771 1162 828 vel
1188 770 1640 841 vituperationem
1684 773 1977 829 mereatur,

403 842 799 925 cxtra’omnem
837 881 960 922 esse
989 863 1464 935 reprehensionem
1498 859 1727 916 concedi
1759 854 1982 913 necksse

403 968 485 1016 cst
517 979 529 1014 :
562 958 1002 1029 quandoquidem
1055 971 1118 1011 ea
1167 955 1555 1024 concupiscere
1611 966 1720 1007 non
1777 956 1977 1020 potest,

402 1051 602 1122 quibus
628 1049 789 1121 582
825 1049 930 1120 ipsi
969 1062 1077 1102 non
1129 1045 1294 1101 fuerit
1342 1038 1709 1098 interdictum.
1751 1039 1907 1107 Quod
1930 1041 1979 1117 si

403 1142 794 1211 concupiverit,
819 1151 1000 1194 tamen
1029 1151 1134 1192 non
1165 1136 1215 1190 id
1234 1136 1282 1191 ei
1312 1135 1525 1190 crimini
1556 1140 1816 1189 vertetur.
1842 1130 1981 1185 Con-

403 1234 686 1304 cupiscere
736 1231 934 1302 quippe
982 1244 1089 1283 non
1127 1227 1191 1282 ad
1230 1242 1293 1282 ea
1324 1226 1576 1293 refertur,
1611 1239 1731 1295 quae
1759 1222 1977 1287 adsunt,

404 1341 632 1398 quaeque
669 1322 924 1395 potestati
953 1330 1152 1376 nostrae
1180 1319 1485 1389 subjacent,
1518 1316 1612 1373 sed
1644 1316 1709 1371 ad
1742 1330 1805 1370 ea
1834 1314 1976 1369 dun-

403 1426 553 1471 taxat
592 1431 712 1486 quae
746 1415 818 1469 ita
855 1413 1073 1476 adsunt,
1120 1420 1178 1466 ut
1225 1411 1281 1464 in
1335 1409 1592 1464 facultate
1639 1414 1826 1464 nostra
1872 1403 1978 1458 mi-

404 1510 552 1564 nime
582 1508 690 1563 sint
719 1504 916 1576 posita.
950 1503 1103 1570 Quod
1141 1501 1287 1558 enim
1330 1500 1489 1555 alicui
1528 1514 1702 1568 neque
1732 1504 1815 1553 est
1842 1494 1979 1551 veti-

2083 404 2480 458 αὑτοδέσποτον
2515 403 2810 475 λογισμοῦ,
2850 405 2989 474 ποίῳ
3019 404 3257 475 χρῆσθαι
3300 406 3543 475 αἱρεῖται
3576 425 3672 461 πο-

2082 492 2386 563 λιτεύματι,
2412 494 2498 546 ἵνα
2529 494 2676 557 ἰδίως
2700 494 2734 564 ἢ
2761 494 2991 566 τιμηθῇ,
3013 495 3047 563 ἢ
3074 494 3271 566 ψεχθῇ,
3298 496 3675 551 ἀνυπεύθυνον

2083 582 2284 645 παντὸς
2341 582 2580 635 δεικτέον
2609 584 2632 615 ⁸
2668 583 2936 654 ὑπάρχειν
2975 583 3134 637 τοῦτο
3178 584 3562 655 ἐγκλήματος’
3595 588 3674 640 ὅτι

2085 674 2159 744 μή
2197 673 2420 731 δύναται
2453 673 2658 726 τούτων
2701 673 3075 744 ἐπιθυμῆσαι,
3119 668 3194 728 ὧν
3231 676 3308 748 μὴ
3340 676 3671 733 κεκώλυται.

2082 764 2199 819 Κᾶν
2241 765 2571 835 ἐπιθυμήσει
2616 765 2693 827 δὲ,
2728 765 2827 818 οὐκ
2868 764 3265 837 αίτιαθήσεται.
3298 768 3375 819 Τὸ
3403 768 3515 839 γὰρ
3555 771 3672 821 ἐπι·

2081 856 2325 926 θυμῆσαι
2356 857 2476 926 οὐχὶ
2523 855 2617 908 ἐπὶ¹
2655 854 2763 907 τῶν
2794 855 3077 926 παρόντων
3154 858 3249 909 καὶ
3291 858 3672 929 ὑποκειμένων

2081 950 2140 1000 ἐν
2166 948 2383 1020 ἐξουσίᾳ
2423 949 2635 1011 πίπτει,
2678 947 2791 1000 ἀλλ’
2825 948 2917 1001 ἐπὶ
2963 947 3074 1001 τῶν
3114 948 3407 1020 παρόντων
3449 951 3571 1020 μὲν,
3600 953 3669 1022 μή

2081 1040 2251 1094 ὄντων
2275 1040 2333 1094 δὲ
2369 1042 2428 1093 ἐν
2457 1039 2697 1109 ἐξουσίᾳ.
2732 1038 2857 1103 Πῶς
2890 1037 3000 1109 γὰρ
3030 1031 3092 1091 οἶ)
3120 1040 3195 1109 μὴ
3225 1037 3541 1107 κεκώλυταί
3570 1057 3667 1107 τις,

2085 1132 2219 1202 μηδὲ
2271 1132 2459 1202 ἐνδεής
2501 1133 2648 1196 ἐστι,
2699 1130 2891 1184 τούτου
2937 1129 3198 1201 ἐπιθυμεῖ
3238 1131 3521 1203 καὶιέρᾷς
3576 1133 3670 1186 Διά

2080 1222 2257 1288 τοῦτο,
2300 1222 2420 1290 Τὴν
2449 1222 2768 1291 ἐπιθυμίαν
2822 1224 2933 1276 οὐκ
2967 1222 3167 1293 ᾔδειν,
3196 1224 3248 1276 εὶ
3291 1222 3381 1291 μὴ
3414 1228 3448 1276 ό
3489 1224 3667 1292 νόμος

2080 1317 2314 1386 ἐνίαυεν
2350 1317 2470 1369 Οὐκ
2505 1313 2913 1383 ἐπιθυμήσεις.
2955 1314 3220 1377 Ἀκούσας
3251 1313 3386 1385 γάρ,
3429 1314 3574 1368 Ἀπὸ
3603 1314 3666 1368 δὲ

2081 1407 2187 1463 τοῦ
2222 1407 2412 1471 ξύλου
2442 1406 2549 1459 τοῦ
2593 1405 2913 1475 γινώσκειν
2941 1406 3131 1458 καλὸν
3162 1405 3263 1457 καὶ
3296 1404 3571 1474 πονηρὸν
3597 1408 3662 1459 οὐ

2080 1496 2342 1568 φάγεσθε
2385 1496 2485 1551 ἀπ’
2513 1495 2718 1551 αὑτοῦ.
2751 1491 2835 1567 ⁷ῌ
2879 1494 3038 1548 δἰὣ·
3069 1494 3259 1564 ἡμέρᾳ
3296 1494 3534 1565 φάγητε
3568 1496 3660 1549 ἀπ’

405 1614 542 1668 tum,
575 1617 751 1674 neque
792 1601 885 1657 illo
922 1600 969 1655 is
1011 1598 1235 1669 indiget,
1264 1592 1535 1666 quomodo
1565 1596 1816 1661 appetere
1845 1584 1976 1640 illud

2085 1588 2291 1652 αὑτοῦ,
2322 1585 2555 1655 θανάτῳ
2601 1587 3003 1642 ἀποθανεῖσθε
3024 1604 3037 1618 ·
3071 1586 3193 1638 τότε
3222 1586 3285 1639 τὸ
3327 1584 3659 1656 ἐπιθυμῆσαι

405 1708 469 1761 ac
500 1659 723 1763 diligere
753 1692 967 1764 potest?
1000 1659 1563 1754 Quocirca-scriptum
1600 1659 1692 1757 est
1725 1697 1739 1733 :
1780 1676 1983 1732 Concu-

2087 1681 2398 1750 συνέλαϐον,
2422 1680 2516 1732 καὶ
2542 1680 2874 1749 ἐνεκίσσησα
2900 1680 2943 1731 ⁵.
2972 1678 3047 1731 Οὐ
3076 1676 3186 1747 γὰρ
3210 1669 3286 1730 ὧν
3311 1676 3447 1747 ἔχει,
3471 1678 3569 1731 καὶ
3592 1673 3659 1730 ὧν

403 1786 711 1853 piscentiam
764 1799 866 1837 non
924 1796 1197 1844 noveram,
1247 1776 1349 1831 nisi
1405 1774 1488 1828 lea:
1543 1773 1761 1827 dixisset
1806 1767 1979 1824 :Non

2085 1773 2406 1840 ἐξουσιάζει,
2433 1775 2527 1827 καὶ
2561 1770 2831 1841 κέχρηται
2861 1769 3046 1832 αὐτοῖς
3074 1769 3103 1822 6
3131 1767 3441 1839 ἐπιθυμῶν,
3474 1768 3659 1821 ἐπιθυ-

405 1877 736 1945 concupisces
773 1875 813 1928 ¹.
850 1872 985 1928 Cum
1032 1869 1175 1926 enim
1213 1867 1524 1921 mandatum
1558 1863 1692 1919 illud
1741 1861 1983 1941 accepis-

2088 1868 2207 1936 μεῖ,
2247 1864 2381 1918 ἀλλά
2419 1856 2493 1917 ὧν
2547 1858 2872 1923 κεκώλυται,
2906 1857 2999 1911 καὶ
3053 1855 3367 1928 ἀφῄρηται,
3417 1857 3516 1910 καὶ
3569 1858 3658 1911 οὐκ

406 1974 571 2022 sent:
613 1965 697 2019 Ea:
748 1962 933 2018 arbore
962 1970 1137 2015 autem
1170 1958 1401 2012 scientia:
1444 1955 1563 2009 boni
1611 1964 1660 2008 et
1700 1952 1830 2007 mali
1877 1968 1980 2006 non

2085 1956 2215 2026 ἔχει.
2248 1954 2339 2007 Διὸ
2360 1953 2422 2024 δὴ
2444 1950 2642 2013 καλῶς,
2680 1948 2799 2016 Τὴν
2848 1947 3169 2016 ἐπιθυμίαν
3202 1948 3318 2000 οὐκ
3346 1946 3541 2016 ᾔδειν,
3564 1947 3658 2001 ἐλέ-

406 2056 707 2111 comedetis.
744 2055 1065 2123 Quacunque
1094 2060 1270 2106 autem
1298 2049 1382 2102 die
1402 2045 1729 2101 comederitis
1759 2061 1824 2098 ex
1858 2043 1977 2107 illa,

2085 2047 2209 2118 χθη,
2242 2047 2295 2099 εὶ
2316 2043 2401 2114 μὴ
2435 2046 2467 2096 ό
2505 2042 2689 2111 νόμος
2719 2041 2961 2109 ἔλεγενθ
3005 2040 3128 2091 Οὐκ
3152 2036 3568 2106 ἐπιθυμήσεις.
3599 2041 3652 2092 '0

406 2158 572 2202 morte
594 2145 891 2201 moriemini
921 2147 940 2176 ²
975 2162 988 2197 :
1018 2151 1133 2198 tum
1170 2141 1386 2196 demum
1420 2137 1767 2209 cupiditatem
1798 2135 1982 2190 animo

2088 2136 2150 2207 δή
2178 2138 2357 2189 ἐστιν·
2401 2135 2482 2187 Οὐ
2535 2131 2800 2202 φάγεσθε
2845 2130 2946 2183 ἀπ’
2979 2127 3186 2183 αὐτοῦ.
3231 2128 3517 2182 Ἐντεῦθεν
3562 2129 3653 2200 γὰρ

406 2240 676 2310 concepit.
732 2236 852 2292 Non
896 2236 1040 2291 enim
1083 2248 1205 2304 quae
1247 2229 1479 2302 cupidus
1513 2229 1748 2300 quisque
1792 2228 1846 2282 in
1884 2241 1982 2297 po—

2091 2228 2356 2299 ἐκτήσατο
2393 2224 2555 2277 τόπον
2602 2222 2696 2276 καὶ
2728 2220 2979 2292 ἀφορμὴν
3009 2218 3277 2272 εἰσελθεῖν
3302 2220 3442 2294 πρὸς
3464 2220 3528 2273 τὸ
3558 2220 3655 2274 δια-

407 2309 604 2387 testate
644 2329 808 2384 habet
853 2336 907 2383 et
950 2326 1179 2390 obtinet,
1218 2324 1393 2392 iisque
1421 2322 1499 2377 uti
1528 2328 1725 2392 potest,
1757 2336 1820 2374 ea
1850 2335 1983 2376 con-

2093 2317 2280 2383 παῖξαί
2311 2332 2378 2386 με
2408 2315 2501 2368 καὶ
2535 2309 2989 2383 παρατρέψασθαι
3013 2311 3045 2381 ή
3073 2310 3341 2381 ἁμαρτία.
3414 2344 3427 2349 -

406 2421 637 2491 cupiscit
665 2437 680 2485 ;
721 2417 816 2474 sed
862 2432 892 2472 a
940 2417 1140 2488 quibus
1181 2413 1517 2485 prohibetur,
1553 2412 1861 2483 quibusque
1890 2413 2155 2484 privatur,
2194 2414 2253 2462 ut
2279 2421 2342 2459 ea
2376 2410 2486 2460 n’on
2519 2403 2813 2474 possideat.
2848 2400 3113 2455 Praeclare
3138 2414 3268 2471 ergo
3302 2400 3509 2455 dictum
3536 2408 3649 2455 est:

383 2511 892 2582 ,Concupiscentiam
935 2526 1039 2563 non
1090 2523 1303 2574 noram,
1337 2506 1439 2559 nisi
1472 2505 1554 2559 (ea:
1583 2504 1801 2559 dixisset
1848 2520 1865 2559 :
1906 2503 2032 2560 Non
2060 2501 2416 2573 concupisces.
2452 2496 2565 2552 Hoc
2602 2503 2689 2551 cst
2724 2514 2736 2549 :
2776 2493 2900 2548 Non
2945 2492 3224 2548 comedetis
3265 2508 3333 2547 ea:
3379 2494 3491 2547 illo.
3530 2490 3652 2546 llinc

407 2610 549 2663 enim
592 2608 768 2660 locum
800 2604 1271 2672 occasionemque,
1295 2608 1357 2655 ut
1400 2599 1465 2653 ad
1504 2615 1590 2654 me
1644 2599 1975 2654 illudendum
2007 2607 2168 2671 atque
2214 2592 2564 2651 avertendum
2600 2588 2900 2655 accederet,
2936 2596 3217 2658 peccatum
3251 2586 3486 2655 accepit.

477 2702 611 2757 LVI.
672 2700 883 2756 Etenim
931 2697 1187 2753 mandato
1233 2695 1401 2751 semel
1437 2693 1606 2759 edito,
1640 2695 1983 2751 occasionem

2160 2691 2305 2757 NG’.
2346 2684 2602 2755 Δοθείσης
2639 2682 2750 2754 γὰρ
2778 2682 2879 2752 τῆς
2924 2681 3165 2752 ἐντολῆς,
3198 2680 3327 2751 ἔσχε
3366 2679 3534 2749 λαϐὴν
3575 2676 3653 2731 διὰ

409 2798 537 2852 inde
581 2792 926 2866 perficiendae
981 2791 1038 2845 in
1095 2804 1181 2844 me
1232 2786 1687 2857 concupiscentia
1737 2785 1983 2840 diabolus

2091 2787 2190 2857 τῆς
2220 2782 2441 2853 ἐντολῆς
2473 2781 2501 2832 6
2533 2777 2777 2840 διάϐολος
2817 2774 3262 2847 κατεργάσασθαι
3299 2775 3359 2826 ἐν
3405 2773 3526 2841 ἐμοὶ
3564 2771 3654 2842 τὴν

409 2896 491 2944 cst
521 2862 737 2949 na—ctus,
761 2899 885 2938 cum
927 2897 1013 2937 me
1041 2879 1304 2950 singulari
1338 2876 1569 2948 quadam
1610 2876 1904 2931 calliditate
1933 2876 1983 2929 in

2092 2873 2389 2945 ἐπιθυμίαν
2414 2912 2429 2938 ,
2462 2870 2832 2940 παρορμήσας
2877 2883 2979 2938 με,
3028 2866 3119 2918 καὶ
3156 2862 3654 2936 προσκαλεσάμενος

409 2993 595 3035 eorum
621 2991 741 3045 quae
757 2976 921 3031 vetita
943 2981 1092 3034 sunt,
1118 2968 1618 3039 concupiscentiam
1639 2967 1855 3021 hortatu
1889 2980 1983 3021 suo

2092 2964 2352 3032 ἐντέχνως
2396 2962 2475 3024 εἰς
2520 2957 2700 3029 ὄρεξιν
2740 2956 3067 3009 καταπεσεῖν
3104 2954 3215 3007 τῶν
3247 2951 3649 3021 κεκωλυμένων.

409 3040 780 3137 compulisset.
822 3060 955 3115 Nam
999 3060 1205 3129 absque
1249 3058 1364 3127 lege
1390 3064 1670 3126 peccatum
1710 3063 1983 3108 mortuum

2091 3054 2275 3125 Χωρ“ις
2307 3050 2416 3122 γὰρ
2441 3050 2610 3120 νόμου
2638 3051 2671 3119 ή
2704 3047 2949 3119 ἁμαρτία
2973 3044 3162 3115 νεκρά.
3190 3040 3317 3098 οἷον
3343 3042 3398 3095 οὗ
3419 3040 3656 3110 δοθείσης

409 3168 511 3214 est.
534 3126 669 3224 Quae
692 3156 776 3211 lex
800 3154 904 3210 nisi
928 3151 1053 3206 data
1078 3126 1235 3216 foret,
1266 3126 1331 3203 ac
1349 3147 1394 3203 si
1419 3145 1658 3202 nondum
1678 3146 1983 3207 exsisteret,

2093 3146 2203 3216 γὰρ
2236 3143 2358 3197 οὐδὲ
2397 3140 2564 3213 οὔσης
2591 3139 2801 3194 οὐδέπω
2830 3138 2928 3207 τῆς
2957 3135 3200 3207 ἐντολῆς,
3234 3135 3505 3205 ἄπρακτος
3530 3126 3597 3200 ἦν
3622 3131 3653 3200 ἠ

412 3250 623 3305 irritum
663 3254 807 3302 esset
841 3244 1186 3311 otiosumque
1217 3244 1520 3309 peccatum.
1556 3235 1667 3307 Ego
1700 3252 1826 3290 vero
1862 3242 1983 3288 ante

2091 3237 2355 3309 ἁμαρτία.
2398 3233 2540 3303 Ἐγὼ
2568 3233 2627 3286 δὲ
2656 3231 2793 3296 ἔζων
2827 3229 3135 3300 ἀμέμπτως
3159 3227 3265 3298 πρὸ
3297 3228 3397 3295 τῆς
3427 3223 3649 3292 ἐντολῆς,

411 3343 581 3410 legem
608 3336 725 3394 sine
751 3332 1174 3404 reprehensione
1205 3328 1449 3384 vivebam
1469 3367 1483 3392 ,
1521 3341 1643 3380 cum
1668 3326 1818 3379 nulla
1856 3325 1983 3379 mihi

2091 3328 2191 3381 οὐκ
2224 3326 2361 3395 ἔχων
2395 3320 2677 3392 διορισμὸν
2716 3320 2812 3372 καὶ
2832 3316 3117 3387 διαταγὴν,
3152 3315 3276 3369 καθ’
3306 3316 3371 3386 ἦν
3399 3315 3506 3367 ἔδει
3527 3313 3654 3367 πολι-

410 3437 554 3485 esset
579 3425 790 3483 sanctio
809 3437 873 3477 ac
900 3421 1090 3491 regula
1118 3416 1455 3489 praescripta,
1486 3414 1552 3467 ad
1571 3428 1731 3484 quam
1763 3428 1987 3484 compa-

414 3519 522 3573 rari
548 3519 714 3572 vitam
750 3518 1045 3584 oporteret,
1076 3524 1107 3563 a
1142 3522 1248 3579 qua
1282 3507 1328 3562 si
1363 3506 1685 3569 exciderem,
1708 3512 1987 3575 peccatum

412 3609 830 3667 committerem.
859 3602 1030 3658 Simul
1058 3608 1219 3672 atque
1235 3614 1363 3655 vero
1389 3597 1702 3652 mandatum
1736 3594 1988 3660 accessit,

412 3705 696 3770 peccatum
722 3693 915 3749 revixit
939 3710 951 3746 :
986 3704 1086 3762 ego
1104 3694 1353 3744 mortuus
1374 3703 1515 3743 sum.
1536 3685 1610 3741 Ita
1633 3687 1715 3742 lex
1739 3686 1851 3750 illa,
1869 3700 1990 3756 quae

412 3790 480 3843 ad
509 3788 670 3843 vitam
707 3784 832 3839 data
865 3781 1059 3847 fuerat,
1104 3781 1323 3835 inventa
1362 3777 1494 3831 mihi
1524 3786 1607 3833 est
1639 3777 1694 3830 in
1734 3785 1986 3831 mortem.

412 3879 678 3947 Quoniam
722 3875 811 3932 ubi
848 3873 993 3931 Deus
1020 3869 1514 3943 legem'imposuit,
1557 3883 1621 3923 ac
1657 3868 1786 3938 quid
1825 3883 1988 3938 agen-

412 3972 538 4027 dum
566 3974 732 4032 esset,
760 3964 988 4028 definiit,
1021 3956 1521 4030 concupiscentiam
1566 3957 1622 4010 in
1665 3971 1752 4010 me
1800 3954 1991 4008 diabo-

412 4065 497 4118 lus
538 4060 782 4132 perfecit.
819 4056 1029 4127 Quippe
1077 4051 1383 4109 cohortatio
1415 4049 1507 4104 illa
1550 4063 1614 4102 ac
1661 4057 1987 4119 praeceptum

414 4155 544 4208 mihi
578 4167 607 4205 a
639 4150 750 4207 Deo
780 4148 1136 4205 constitutum
1172 4143 1240 4198 ad
1278 4143 1439 4197 vitam
1494 4139 1986 4194 immortalitatem-

414 4261 517 4316 quc
546 4242 871 4316 pertinebat,
904 4246 963 4295 ut
1009 4237 1052 4293 si
1091 4249 1333 4307 parerem
1366 4231 1463 4296 illi,
1497 4240 1552 4286 et
1601 4246 1666 4284 ex
1699 4229 1819 4298 ejus
1850 4241 1987 4297 prae-

2087 3417 2405 3477 τεύσασθαι,
2433 3411 2501 3485 ἧς
2536 3413 2632 3467 καὶ
2678 3410 2969 3480 ὀλισθήσεις
3000 3408 3417 3480 ἁμαρτήσομαι.
3462 3402 3657 3459 Ἐλθούο

2090 3524 2189 3577 σης
2219 3507 2275 3559 δὲ
2311 3505 2413 3575 τῆς
2454 3503 2702 3572 ἐντολῆς,
2743 3504 2777 3573 ἡ
2820 3500 3065 3572 ἁμαρτία
3110 3498 3404 3568 ἀνέζησεν
3466 3495 3574 3564 ἐγὼ
3602 3494 3655 3546 δὲ

2089 3596 2374 3650 ἀπέθανον.
2423 3595 2533 3649 Καὶ¹
2579 3593 2780 3666 εὑρέθη
2809 3610 2898 3664 μοι
2944 3593 2978 3662 ὴ
3022 3589 3212 3661 ἐντολὴ
3245 3591 3323 3651 είς
3356 3586 3496 3656 ζωὴν
3523 3584 3653 3654 αὕτη

2087 3686 2167 3747 είς
2196 3683 2429 3739 θάνατον
2448 3699 2461 3716 ⁶
2495 3684 2577 3737 ὅτι
2610 3681 2747 3752 μετά
2781 3679 2843 3733 τὸ
2865 3677 3223 3750 νομοθετῆσαι
3254 3675 3349 3728 τὸν
3376 3674 3531 3740 Θεὸν,
3570 3673 3652 3726 καὶ

2085 3771 2496 3827 διαστείλασθαι
2523 3771 2551 3824 6
2590 3769 2862 3840 ποιητέον,
2904 3768 2999 3821 καὶ
3030 3766 3107 3837 μὴ
3152 3762 3430 3834 ποιητέον,
3462 3776 3656 3829 κατειρ-

2087 3866 2297 3934 γάσατο
2326 3868 2383 3918 ἐν
2431 3865 2555 3935 ἐμοὶ
2602 3861 2700 3933 τὴν
2740 3858 3034 3930 ἐπιθυμίαν
3080 3859 3109 3910 ὁ
3152 3854 3419 3918 διάϐολος.
3459 3854 3523 3906 Ἦ
3558 3850 3656 3921 γὰρ

2087 3959 2409 4026 παραίνεσις
2428 3954 2521 4009 τοῦ
2555 3953 2689 4007 Θεοῦ
2716 3952 2809 4005 καὶ
2858 3946 3263 4020 παραγγελίαὴ
3319 3944 3535 3999 δοθείσά
3575 3959 3657 4013 μοι

2090 4045 2233 4120 αὕτη
2267 4049 2346 4111 εἰς
2379 4046 2523 4116 ζωὴν
2552 4046 2644 4099 καὶ
2670 4041 2998 4114 ἀφθαρσίαν,
3032 4040 3121 4094 ἵνα
3160 4037 3483 4108 πειθόμενος
3511 4036 3655 4105 αὐτῇ,

2088 4137 2182 4190 καὶ
2214 4140 2335 4193 κατ’
2360 4137 2527 4207 αὐτὴν
2559 4137 2725 4207 βιοὺς,
2757 4135 2870 4204 ἀπή
2882 4150 3017 4204 μονα
3060 4130 3156 4186 καὶ
3194 4128 3656 4201 μακαριστότατον

2087 4229 2154 4283 δι’
2189 4232 2408 4297 αἰῶνος,
2444 4231 2539 4284 καὶ
2571 4229 2658 4282 del.
2709 4227 2967 4282 θάλλοντα
3015 4223 3154 4295 πρὸς
3207 4221 3510 4277 ἀθανασίαν
3554 4217 3657 4287 βίον

414 4307 619 4404 scripto
641 4332 914 4402 degerem,
955 4329 1073 4382 sine
1108 4324 1215 4379 ulla
1258 4320 1558 4377 offensione
1610 4317 1981 4373 felicissimam

2091 4319 2222 4389 ἔχω,
2248 4323 2344 4375 καὶ
2393 4320 2587 4392 χαράν.
2635 4319 2986 4389 Ἀθετήσαντι
3009 4315 3066 4367 δέ
3105 4314 3199 4367 καὶ
3246 4313 3444 4381 αὐτὴν,
3474 4312 3548 4372 εἰς
3576 4307 3658 4359 θά-

413 4432 467 4483 et
503 4398 570 4476 ad
599 4398 952 4475 aeternitatem
983 4414 1260 4470 ﬂorentem
1309 4412 1471 4464 vitam
1519 4424 1583 4462 ac
1622 4407 1879 4479 gaudium
1930 4403 1983 4457 in

2089 4429 2252 4467 νατον
2282 4413 2459 4483 ἀπέϐη
2506 4412 2600 4465 καὶ
2639 4410 2961 4481 καταδίκην.
2997 4405 3215 4476 Ἐπειδὴ
3255 4407 3282 4458 6
3312 4402 3571 4465 διάϐολος,
3603 4398 3659 4450 ὃν

414 4516 802 4589 sempiternum
862 4519 1242 4575 consequerer.
1304 4502 1409 4556 Sed
1465 4499 1596 4554 illud
1660 4503 1987 4570 praereptum

416 4606 633 4662 violanti
685 4601 819 4658 mihi
855 4600 909 4655 in
957 4605 1184 4654 mortem
1230 4609 1295 4648 ac
1331 4592 1731 4647 damnationem
1755 4602 1986 4643 conver-

2093 4502 2372 4575 ἁμαρτίαν
2396 4501 2490 4556 νῦν
2538 4496 2692 4564 οὗτος
2724 4498 2971 4562 ἐκάλεσε,
3001 4496 3092 4550 διὰ
3118 4496 3180 4549 τὸ
3216 4492 3548 4565 δημιουργὸν
3569 4488 3661 4540 ati-

2088 4587 2184 4640 τὸν
2211 4588 2484 4659 ἁμαρτίας
2514 4588 2779 4657 ὑπάρχειν
2816 4588 2910 4640 καὶ
2949 4584 3196 4655 εὑρετὴν,
3220 4582 3308 4635 διὰ
3328 4582 3427 4652 τῆς
3457 4576 3662 4645 ἐντολῆς

415 4714 536 4755 sum
585 4705 687 4752 est.
738 4688 1185 4761 Quandoquidem
1235 4684 1517 4748 diabolus,
1566 4688 1751 4752 quem'
1779 4676 1983 4748 peccati

2088 4676 2347 4749 ἀφορμὴν
2376 4675 2575 4741 λαϐὼν,
2608 4678 2757 4749 πρὸς
2774 4676 3060 4747 παρακοήν
3095 4672 3413 4743 ἐξηπάτησέ
3449 4687 3536 4741 με.
3573 4667 3664 4720 καὶ

416 4789 578 4846 modo
602 4786 821 4843 nomine
848 4781 1145 4855 insignivit,
1173 4793 1237 4833 eo
1262 4776 1407 4847 quod
1433 4774 1639 4845 peccati
1675 4772 1745 4826 sit
1788 4768 1983 4823 artifex

2085 4763 2377 4836 ἀπατήσας
2398 4765 2736 4829 ἀπέκτεινεν,
2765 4765 3063 4819 ὑπεύθυνον
3088 4763 3185 4833 τῷ,
3201 4757 3284 4833 τῌ
3307 4761 3361 4814 6“
3384 4758 3463 4814 ἂν
3486 4757 3664 4827 ἡμέρᾳ

416 4899 480 4938 ac
523 4887 788 4949 repertor,
832 4892 925 4946 per
970 4856 1251 4945 peccatum
1303 4867 1461 4945 583
1501 4865 1840 4920 occasionem
1894 4874 1983 4915 na-

2089 4858 2319 4925 φάγητε
2362 4857 2462 4910 ἀπ’
2503 4856 2708 4921 αὑτοῦ,
2759 4855 2991 4920 θανάτῳ
3016 4870 3019 4871 ⁷
3045 4851 3471 4913 ἀποθανεῖσθε,
3505 4862 3665 4900 κατα-

418 4984 560 5037 ctus,
585 4940 763 5025 illusit
791 4940 945 5035 mihi,
970 4940 1021 5020 et
1066 4964 1283 5018 illusum
1329 4940 1633 5019 interfecit;
1675 4969 1799 5009 cum
1834 4951 1983 5008 vide-

2094 4947 2326 5018 κρίματι
2352 4949 2602 5018 γενέσθαι
2633 4950 3129 5021 κατεργασάμενος.
3157 4946 3341 4999 Ὥστε
3375 4948 3408 4998 ό
3430 4943 3547 5011 μὲν
3568 4940 3664 4992 νό-

418 5063 545 5117 licet
573 5062 622 5116 ei
655 5075 740 5114 me
765 5054 1100 5113 damnationi
1132 5051 1260 5106 fecit
1302 5045 1595 5102 obnoxium
1622 5063 1635 5098 :
1672 5042 1983 5109 Quacunque

2092 5055 2204 5107 μσς
2232 5047 2422 5109 ἅγιος,
2455 5042 2552 5094 καὶ
2598 5043 2635 5107 ἡ
2674 5041 2889 5107 ἐντολὴ
2944 5037 3050 5092 τοῦ
3104 5036 3254 5090 Θεοῦ
3302 5033 3531 5095 δικαία,
3572 5027 3665 5082 καὶ

419 5150 503 5205 die
530 5150 856 5205 comederitis
878 5162 941 5202 ea:
964 5145 1078 5208 illo,
1106 5131 1270 5197 morte
1289 5136 1676 5194 moriemini.——
1696 5130 1880 5202 Itaque
1911 5131 1983 5184 (ea

2093 5130 2250 5198 ἁγία.
2288 5132 2389 5188 και
2417 5130 2627 5201 ἀγαθή.
2664 5132 2786 5184 Ὅτι
2820 5131 2892 5201 μὴ
2923 5131 2979 5181 ἐν
2998 5128 3027 5160 ηο
3056 5126 3136 5197 τῷ
3166 5124 3386 5196 βλάψαι,
3414 5120 3548 5176 ἀλλὰ
3578 5118 3667 5171 ιπι

419 5251 497 5297 est
519 5250 722 5305 sancta,
747 5250 794 5293 et
828 5237 1135 5291 mandatum
1171 5234 1265 5293 Dei
1306 5230 1535 5298 justum,
1564 5233 1613 5279 et
1655 5227 1915 5283 sanctum,
1945 5233 1983 5272 et

2094 5220 2174 5291 τῷ
2204 5218 2381 5277 σῶσαι
2412 5222 2586 5291 ἐδόθη.
2610 5223 2700 5293 Μὴ
2739 5221 2847 5293 γὰρ
2874 5218 3113 5291 οἰώμεθα
3139 5218 3277 5280 ὅλως
3322 5211 3592 5282 ἀνωφελές
3617 5225 3666 5262 τι

422 5336 615 5389 bonum
639 5332 681 5383 ³.
702 5328 827 5383 Non
858 5328 999 5383 enim
1041 5334 1100 5380 ut
1136 5325 1374 5383 obesset,
1402 5318 1497 5373 sed
1522 5327 1576 5370 ut
1610 5314 1836 5368 salutem
1864 5325 1983 5364 con-

2100 5313 2271 5364 ποιετν
2300 5310 2336 5381 ἢ
2376 5314 2635 5387 βλαϐερὸν
2663 5313 2751 5366 τὸν
2779 5313 2935 5366 Θεόν.

422 5432 656 5497 ciliaret,
690 5436 774 5487 est
811 5426 1206 5498 pra'scripunn.
1244 5418 1524 5490 Siquidem
1569 5428 1727 5469 nemo
1766 5409 2096 5480 persuadere
2159 5409 2263 5464 sibi
2341 5415 2516 5476 debet,
2568 5412 2756 5466 inutile
2791 5424 2821 5462 a
2869 5407 2975 5461 Deo
3030 5405 3354 5477 quidquam,
3407 5400 3487 5457 vel
3549 5407 3665 5452 cum

419 5532 621 5589 damno
651 5525 1001 5596 coniunctum
1037 5520 1172 5573 ﬁeri.

493 5582 813 5689 {homﬁin
843 5617 896 5673 7.
973 5618 991 5648 ³
1017 5613 1151 5669 Gen.
1189 5625 1248 5675 ll,
1283 5609 1369 5663 l7.
1447 5604 1654 5676 ’ﬁom.
1686 5614 1784 5663 vn,
1812 5598 1896 5655 12.
1958 5597 1983 5662 ,⁸

2085 5638 2087 5647 .
2126 5593 2359 5651 δεκτέον.
2440 5599 2461 5630 ⁵
2491 5615 2576 5665 γρ,
2618 5592 2990 5662 ὲνεκίσσησαν.
3069 5588 3089 5619 ⁸
3122 5586 3179 5642 F.
3216 5582 3327 5636 ἐπί.
