  <div class='ocr_page' id='page_1' title='image "/cluster/home/n/w/nwhite01/storage/ocr_20150623/41/hvd.32044073501868/604.png"; bbox 0 0 3840 6062; ppageno 0'>
   <div class='ocr_carea' id='block_1_1' title="bbox 192 142 359 199">
    <p class='ocr_par' dir='ltr' id='par_1_1' title="bbox 192 142 359 199">
     <span class='ocr_line' id='line_1_1' title="bbox 192 142 359 199; baseline 0.012 -4"><span class='ocrx_word' id='word_1_1' title='bbox 192 142 359 199; x_wconf 69' lang='grc'><strong>1165</strong></span> 
     </span>
    </p>
   </div>
   <div class='ocr_carea' id='block_1_2' title="bbox 869 143 1786 204">
    <p class='ocr_par' dir='ltr' id='par_1_2' title="bbox 869 143 1777 201">
     <span class='ocr_line' id='line_1_2' title="bbox 869 143 1777 201; baseline 0.001 -2"><span class='ocrx_word' id='word_1_2' title='bbox 869 143 1237 201; x_wconf 73' lang='lat' dir='ltr'><strong>ADVERSUS</strong></span> <span class='ocrx_word' id='word_1_3' title='bbox 1274 144 1614 200; x_wconf 65' lang='lat' dir='ltr'><strong>HASRESES</strong></span> <span class='ocrx_word' id='word_1_4' title='bbox 1656 145 1777 201; x_wconf 84' lang='lat' dir='ltr'><strong>LIB.</strong></span> 
     </span>
    </p>
   </div>
   <div class='ocr_carea' id='block_1_3' title="bbox 1896 143 2814 204">
    <p class='ocr_par' dir='ltr' id='par_1_3' title="bbox 1930 145 2814 204">
     <span class='ocr_line' id='line_1_3' title="bbox 1930 145 2814 204; baseline 0.003 -5"><span class='ocrx_word' id='word_1_5' title='bbox 1930 145 2095 201; x_wconf 65' lang='lat' dir='ltr'><strong>T051.</strong></span> <span class='ocrx_word' id='word_1_6' title='bbox 2135 148 2174 200; x_wconf 92' lang='grc'><strong>1.</strong></span> <span class='ocrx_word' id='word_1_7' title='bbox 2210 176 2278 187; x_wconf 89' lang='grc'><strong><em>--</em></strong></span> <span class='ocrx_word' id='word_1_8' title='bbox 2315 147 2589 204; x_wconf 65' lang='grc' dir='ltr'><strong>ΙΙᾸΞΒιέδ.</strong></span> <span class='ocrx_word' id='word_1_9' title='bbox 2633 147 2814 203; x_wconf 78' lang='lat' dir='ltr'><strong>LXIV.</strong></span> 
     </span>
    </p>
   </div>
   <div class='ocr_carea' id='block_1_4' title="bbox 3343 153 3479 211">
    <p class='ocr_par' dir='ltr' id='par_1_4' title="bbox 3343 153 3479 211">
     <span class='ocr_line' id='line_1_4' title="bbox 3343 153 3479 211; baseline 0.029 -4"><span class='ocrx_word' id='word_1_10' title='bbox 3343 153 3479 211; x_wconf 75' lang='grc'><strong>1166</strong></span> 
     </span>
    </p>
   </div>
   <div class='ocr_carea' id='block_1_5' title="bbox 274 255 1786 337">
    <p class='ocr_par' dir='ltr' id='par_1_5' title="bbox 274 255 1786 333">
     <span class='ocr_line' id='line_1_5' title="bbox 274 255 1786 333; baseline 0.003 -23"><span class='ocrx_word' id='word_1_11' title='bbox 274 258 352 312; x_wconf 87' lang='grc' dir='ltr'>Τί</span> <span class='ocrx_word' id='word_1_12' title='bbox 385 255 497 313; x_wconf 79' lang='grc' dir='ltr'><strong>οὖν</strong></span> <span class='ocrx_word' id='word_1_13' title='bbox 525 260 585 313; x_wconf 75' lang='grc' dir='ltr'>τὸ</span> <span class='ocrx_word' id='word_1_14' title='bbox 613 258 813 327; x_wconf 79' lang='grc' dir='ltr'>ἀγαθὸν</span> <span class='ocrx_word' id='word_1_15' title='bbox 851 259 973 329; x_wconf 73' lang='grc' dir='ltr'>ἐμοὶ</span> <span class='ocrx_word' id='word_1_16' title='bbox 999 259 1214 327; x_wconf 78' lang='grc' dir='ltr'>ἐγένετο</span> <span class='ocrx_word' id='word_1_17' title='bbox 1242 261 1487 325; x_wconf 84' lang='grc' dir='ltr'>θάνατος,</span> <span class='ocrx_word' id='word_1_18' title='bbox 1514 261 1546 314; x_wconf 86' lang='lat'><strong>6</strong></span> <span class='ocrx_word' id='word_1_19' title='bbox 1574 261 1665 315; x_wconf 82' lang='grc' dir='ltr'>τοῦ</span> <span class='ocrx_word' id='word_1_20' title='bbox 1705 281 1786 333; x_wconf 62' lang='grc' dir='ltr'>μετ</span> 
     </span>
    </p>
   </div>
   <div class='ocr_carea' id='block_1_6' title="bbox 1896 255 3479 337">
    <p class='ocr_par' dir='ltr' id='par_1_6' title="bbox 1933 263 3479 337">
     <span class='ocr_line' id='line_1_6' title="bbox 1933 263 3479 337; baseline 0.003 -22"><span class='ocrx_word' id='word_1_21' title='bbox 1933 263 2090 316; x_wconf 69' lang='lat' dir='ltr'><strong>’Cur</strong></span> <span class='ocrx_word' id='word_1_22' title='bbox 2121 263 2289 333; x_wconf 79' lang='lat' dir='ltr'><strong>igitur</strong></span> <span class='ocrx_word' id='word_1_23' title='bbox 2333 264 2480 333; x_wconf 78' lang='lat' dir='ltr'><strong>quod</strong></span> <span class='ocrx_word' id='word_1_24' title='bbox 2530 263 2732 317; x_wconf 86' lang='lat' dir='ltr'><strong>bonum</strong></span> <span class='ocrx_word' id='word_1_25' title='bbox 2771 270 2875 325; x_wconf 88' lang='lat' dir='ltr'><strong>cst,</strong></span> <span class='ocrx_word' id='word_1_26' title='bbox 2911 263 3069 317; x_wconf 80' lang='lat' dir='ltr'><strong>morti</strong></span> <span class='ocrx_word' id='word_1_27' title='bbox 3129 263 3259 335; x_wconf 81' lang='lat' dir='ltr'><strong>mihi</strong></span> <span class='ocrx_word' id='word_1_28' title='bbox 3313 276 3479 337; x_wconf 74' lang='lat' dir='ltr'><strong>atque</strong></span> 
     </span>
    </p>
   </div>
   <div class='ocr_carea' id='block_1_7' title="bbox 187 347 1800 423">
    <p class='ocr_par' dir='ltr' id='par_1_7' title="bbox 187 347 1800 423">
     <span class='ocr_line' id='line_1_7' title="bbox 187 347 1800 423; baseline 0.004 -25"><span class='ocrx_word' id='word_1_29' title='bbox 187 347 409 414; x_wconf 78' lang='grc' dir='ltr'>γίστου</span> <span class='ocrx_word' id='word_1_30' title='bbox 456 348 663 420; x_wconf 84' lang='grc' dir='ltr'>ὁμοίως</span> <span class='ocrx_word' id='word_1_31' title='bbox 704 348 876 401; x_wconf 88' lang='grc' dir='ltr'>αῐτιον</span> <span class='ocrx_word' id='word_1_32' title='bbox 919 347 1173 418; x_wconf 75' lang='grc' dir='ltr'><strong>ἐσόμενον</strong></span> <span class='ocrx_word' id='word_1_33' title='bbox 1217 350 1421 417; x_wconf 72' lang='grc' dir='ltr'>ἀγαθοῦ</span> <span class='ocrx_word' id='word_1_34' title='bbox 1458 352 1800 423; x_wconf 82' lang='grc' dir='ltr'><strong>νομοθέτημα</strong></span> 
     </span>
    </p>
   </div>
   <div class='ocr_carea' id='block_1_8' title="bbox 187 436 1801 510">
    <p class='ocr_par' dir='ltr' id='par_1_8' title="bbox 187 436 1801 510">
     <span class='ocr_line' id='line_1_8' title="bbox 187 436 1801 510; baseline 0.002 -21"><span class='ocrx_word' id='word_1_35' title='bbox 187 436 368 507; x_wconf 84' lang='grc' dir='ltr'>ἐδόθη</span> <span class='ocrx_word' id='word_1_36' title='bbox 393 454 411 501; x_wconf 88' lang='lat'><strong>;</strong></span> <span class='ocrx_word' id='word_1_37' title='bbox 448 439 547 508; x_wconf 76' lang='grc' dir='ltr'><strong>Μὴ</strong></span> <span class='ocrx_word' id='word_1_38' title='bbox 574 439 811 505; x_wconf 77' lang='grc' dir='ltr'>γένοιτοι</span> <span class='ocrx_word' id='word_1_39' title='bbox 844 439 963 492; x_wconf 87' lang='grc' dir='ltr'><strong>Ὅτι</strong></span> <span class='ocrx_word' id='word_1_40' title='bbox 992 440 1066 509; x_wconf 81' lang='grc' dir='ltr'>μὴ</span> <span class='ocrx_word' id='word_1_41' title='bbox 1096 442 1128 510; x_wconf 81' lang='grc' dir='ltr'>ὴ</span> <span class='ocrx_word' id='word_1_42' title='bbox 1157 439 1342 509; x_wconf 79' lang='grc' dir='ltr'>ἐντολὴ</span> <span class='ocrx_word' id='word_1_43' title='bbox 1365 439 1457 492; x_wconf 80' lang='grc' dir='ltr'>τοῦ</span> <span class='ocrx_word' id='word_1_44' title='bbox 1478 440 1613 493; x_wconf 81' lang='grc' dir='ltr'>Θεοῦ</span> <span class='ocrx_word' id='word_1_45' title='bbox 1636 442 1717 504; x_wconf 83' lang='grc' dir='ltr'><strong>είς</strong></span> <span class='ocrx_word' id='word_1_46' title='bbox 1742 441 1801 493; x_wconf 80' lang='grc' dir='ltr'>τὸ</span> 
     </span>
    </p>
   </div>
   <div class='ocr_carea' id='block_1_9' title="bbox 185 528 1800 602">
    <p class='ocr_par' dir='ltr' id='par_1_9' title="bbox 185 528 1800 602">
     <span class='ocr_line' id='line_1_9' title="bbox 185 528 1800 602; baseline 0.005 -24"><span class='ocrx_word' id='word_1_47' title='bbox 185 528 707 599; x_wconf 66' lang='grc' dir='ltr'>καταδουλωθῑψαί</span> <span class='ocrx_word' id='word_1_48' title='bbox 741 546 811 600; x_wconf 83' lang='grc' dir='ltr'><strong>με</strong></span> <span class='ocrx_word' id='word_1_49' title='bbox 837 529 1051 597; x_wconf 80' lang='grc' dir='ltr'>ἐγένετο</span> <span class='ocrx_word' id='word_1_50' title='bbox 1075 534 1141 601; x_wconf 83' lang='grc' dir='ltr'>τῇ</span> <span class='ocrx_word' id='word_1_51' title='bbox 1182 530 1377 602; x_wconf 73' lang='grc' dir='ltr'>φθορᾷ,</span> <span class='ocrx_word' id='word_1_52' title='bbox 1406 532 1499 585; x_wconf 78' lang='grc' dir='ltr'><strong>καὶ</strong></span> <span class='ocrx_word' id='word_1_53' title='bbox 1527 532 1800 602; x_wconf 84' lang='grc' dir='ltr'>ἐναπομά-</span> 
     </span>
    </p>
   </div>
   <div class='ocr_carea' id='block_1_10' title="bbox 189 613 1802 692">
    <p class='ocr_par' dir='ltr' id='par_1_10' title="bbox 189 613 1802 692">
     <span class='ocr_line' id='line_1_10' title="bbox 189 613 1802 692; baseline 0.004 -21"><span class='ocrx_word' id='word_1_54' title='bbox 189 617 414 681; x_wconf 82' lang='grc' dir='ltr'>ξασθαι</span> <span class='ocrx_word' id='word_1_55' title='bbox 456 621 639 691; x_wconf 82' lang='grc' dir='ltr'>κῆρας</span> <span class='ocrx_word' id='word_1_56' title='bbox 682 613 903 692; x_wconf 75' lang='grc' dir='ltr'>ὀλέθρου</span> <span class='ocrx_word' id='word_1_57' title='bbox 941 623 1147 686; x_wconf 75' lang='grc' dir='ltr'>αἰτίαςο</span> <span class='ocrx_word' id='word_1_58' title='bbox 1190 622 1327 676; x_wconf 87' lang='grc' dir='ltr'><strong>ἀλλά</strong></span> <span class='ocrx_word' id='word_1_59' title='bbox 1368 626 1397 676; x_wconf 98' lang='lat'><strong>6</strong></span> <span class='ocrx_word' id='word_1_60' title='bbox 1440 623 1682 686; x_wconf 74' lang='grc' dir='ltr'>διάϐολος</span> <span class='ocrx_word' id='word_1_61' title='bbox 1718 624 1802 678; x_wconf 80' lang='grc' dir='ltr'>ἴνα</span> 
     </span>
    </p>
   </div>
   <div class='ocr_carea' id='block_1_11' title="bbox 188 713 1803 786">
    <p class='ocr_par' dir='ltr' id='par_1_11' title="bbox 188 713 1803 786">
     <span class='ocr_line' id='line_1_11' title="bbox 188 713 1803 786; baseline 0.005 -22"><span class='ocrx_word' id='word_1_62' title='bbox 188 714 523 784; x_wconf 79' lang='grc' dir='ltr'><strong>φανερωθῇ</strong></span> <span class='ocrx_word' id='word_1_63' title='bbox 551 713 639 766; x_wconf 81' lang='grc' dir='ltr'>διὰ</span> <span class='ocrx_word' id='word_1_64' title='bbox 677 713 769 766; x_wconf 80' lang='grc' dir='ltr'>τοῦ</span> <span class='ocrx_word' id='word_1_65' title='bbox 798 714 1003 783; x_wconf 77' lang='grc' dir='ltr'><strong>ἀγαθοῦ</strong></span> <span class='ocrx_word' id='word_1_66' title='bbox 1033 715 1095 768; x_wconf 81' lang='grc' dir='ltr'><strong>τὸ</strong></span> <span class='ocrx_word' id='word_1_67' title='bbox 1120 716 1288 769; x_wconf 78' lang='grc' dir='ltr'>κακὸν</span> <span class='ocrx_word' id='word_1_68' title='bbox 1311 717 1434 786; x_wconf 77' lang='grc' dir='ltr'>ἐμοὶ</span> <span class='ocrx_word' id='word_1_69' title='bbox 1465 718 1803 772; x_wconf 85' lang='grc' dir='ltr'>κατασκευά-</span> 
     </span>
    </p>
   </div>
   <div class='ocr_carea' id='block_1_12' title="bbox 188 803 1803 879">
    <p class='ocr_par' dir='ltr' id='par_1_12' title="bbox 188 803 1803 879">
     <span class='ocr_line' id='line_1_12' title="bbox 188 803 1803 879; baseline 0.005 -26"><span class='ocrx_word' id='word_1_70' title='bbox 188 818 324 866; x_wconf 81' lang='grc' dir='ltr'>σας,</span> <span class='ocrx_word' id='word_1_71' title='bbox 370 803 475 856; x_wconf 82' lang='grc' dir='ltr'>ἵνα</span> <span class='ocrx_word' id='word_1_72' title='bbox 502 804 758 873; x_wconf 83' lang='grc' dir='ltr'>γένηται,</span> <span class='ocrx_word' id='word_1_73' title='bbox 789 806 883 858; x_wconf 79' lang='grc' dir='ltr'>καὶ</span> <span class='ocrx_word' id='word_1_74' title='bbox 913 804 1140 876; x_wconf 75' lang='grc' dir='ltr'><strong>ἐλεγχθῇ</strong></span> <span class='ocrx_word' id='word_1_75' title='bbox 1173 804 1293 859; x_wconf 84' lang='grc' dir='ltr'>καθ’</span> <span class='ocrx_word' id='word_1_76' title='bbox 1324 806 1626 879; x_wconf 83' lang='grc' dir='ltr'>ὑπερϐολὴν</span> <span class='ocrx_word' id='word_1_77' title='bbox 1652 811 1681 861; x_wconf 88' lang='lat'><strong>6</strong></span> <span class='ocrx_word' id='word_1_78' title='bbox 1712 808 1803 861; x_wconf 79' lang='grc' dir='ltr'>εύ-</span> 
     </span>
    </p>
   </div>
   <div class='ocr_carea' id='block_1_13' title="bbox 190 893 1802 968">
    <p class='ocr_par' dir='ltr' id='par_1_13' title="bbox 190 893 1802 968">
     <span class='ocr_line' id='line_1_13' title="bbox 190 893 1802 968; baseline 0.005 -25"><span class='ocrx_word' id='word_1_79' title='bbox 190 893 375 961; x_wconf 78' lang='grc' dir='ltr'>ρετὴς</span> <span class='ocrx_word' id='word_1_80' title='bbox 449 894 551 946; x_wconf 78' lang='grc' dir='ltr'>καὶ</span> <span class='ocrx_word' id='word_1_81' title='bbox 591 895 801 948; x_wconf 78' lang='grc' dir='ltr'><strong>τέκτων</strong></span> <span class='ocrx_word' id='word_1_82' title='bbox 845 895 946 964; x_wconf 82' lang='grc' dir='ltr'>τῆς</span> <span class='ocrx_word' id='word_1_83' title='bbox 1000 896 1273 966; x_wconf 82' lang='grc' dir='ltr'>ἁμαρτίας</span> <span class='ocrx_word' id='word_1_84' title='bbox 1321 897 1662 968; x_wconf 71' lang='grc' dir='ltr'>ἁμαρτωλὸς.</span> <span class='ocrx_word' id='word_1_85' title='bbox 1708 900 1802 952; x_wconf 73' lang='grc' dir='ltr'>καὶ</span> 
     </span>
    </p>
   </div>
   <div class='ocr_carea' id='block_1_14' title="bbox 184 981 1800 1063">
    <p class='ocr_par' dir='ltr' id='par_1_14' title="bbox 184 981 1800 1063">
     <span class='ocr_line' id='line_1_14' title="bbox 184 981 1800 1063; baseline 0.006 -30"><span class='ocrx_word' id='word_1_86' title='bbox 184 981 468 1055; x_wconf 82' lang='grc' dir='ltr'>διορισθῇ</span> <span class='ocrx_word' id='word_1_87' title='bbox 506 986 614 1038; x_wconf 83' lang='grc' dir='ltr'>ἀπὸ</span> <span class='ocrx_word' id='word_1_88' title='bbox 656 985 750 1038; x_wconf 81' lang='grc' dir='ltr'><strong>τοῦ</strong></span> <span class='ocrx_word' id='word_1_89' title='bbox 792 986 963 1039; x_wconf 82' lang='grc' dir='ltr'>κακοῦ</span> <span class='ocrx_word' id='word_1_90' title='bbox 1009 986 1265 1039; x_wconf 83' lang='grc' dir='ltr'>τάναντία</span> <span class='ocrx_word' id='word_1_91' title='bbox 1307 988 1407 1057; x_wconf 77' lang='grc' dir='ltr'><strong>τῆς</strong></span> <span class='ocrx_word' id='word_1_92' title='bbox 1447 988 1664 1063; x_wconf 66' lang='grc' dir='ltr'>ἐντολῆς</span> <span class='ocrx_word' id='word_1_93' title='bbox 1707 990 1800 1042; x_wconf 75' lang='grc' dir='ltr'>τοῦ</span> 
     </span>
    </p>
   </div>
   <div class='ocr_carea' id='block_1_15' title="bbox 185 1073 1801 1150">
    <p class='ocr_par' dir='ltr' id='par_1_15' title="bbox 185 1073 1801 1150">
     <span class='ocr_line' id='line_1_15' title="bbox 185 1073 1801 1150; baseline 0.006 -26"><span class='ocrx_word' id='word_1_94' title='bbox 185 1073 342 1126; x_wconf 74' lang='grc' dir='ltr'>Θεοῦ</span> <span class='ocrx_word' id='word_1_95' title='bbox 392 1076 827 1148; x_wconf 84' lang='grc' dir='ltr'>ἐπιτροπεύσας.</span> <span class='ocrx_word' id='word_1_96' title='bbox 872 1078 1107 1147; x_wconf 80' lang='grc' dir='ltr'>Οἴδαμεν</span> <span class='ocrx_word' id='word_1_97' title='bbox 1146 1077 1275 1149; x_wconf 80' lang='grc' dir='ltr'>γὰρ,</span> <span class='ocrx_word' id='word_1_98' title='bbox 1307 1078 1390 1131; x_wconf 83' lang='grc' dir='ltr'>ὅτι</span> <span class='ocrx_word' id='word_1_99' title='bbox 1427 1080 1456 1131; x_wconf 88' lang='lat'><strong>6</strong></span> <span class='ocrx_word' id='word_1_100' title='bbox 1500 1079 1658 1150; x_wconf 76' lang='grc' dir='ltr'>νόμος</span> <span class='ocrx_word' id='word_1_101' title='bbox 1685 1081 1801 1134; x_wconf 73' lang='grc' dir='ltr'>ἐστὶ</span> 
     </span>
    </p>
   </div>
   <div class='ocr_carea' id='block_1_16' title="bbox 187 1170 1801 1245">
    <p class='ocr_par' dir='ltr' id='par_1_16' title="bbox 187 1170 1801 1245">
     <span class='ocr_line' id='line_1_16' title="bbox 187 1170 1801 1245; baseline 0.007 -29"><span class='ocrx_word' id='word_1_102' title='bbox 187 1170 632 1236; x_wconf 82' lang='grc' dir='ltr'>πνευματικός·</span> <span class='ocrx_word' id='word_1_103' title='bbox 668 1170 749 1223; x_wconf 82' lang='grc' dir='ltr'>διὸ</span> <span class='ocrx_word' id='word_1_104' title='bbox 789 1171 883 1223; x_wconf 75' lang='grc' dir='ltr'>καὶ</span> <span class='ocrx_word' id='word_1_105' title='bbox 915 1171 1033 1224; x_wconf 88' lang='grc' dir='ltr'>κατ’</span> <span class='ocrx_word' id='word_1_106' title='bbox 1073 1171 1223 1224; x_wconf 74' lang='grc' dir='ltr'>οὐδὲν</span> <span class='ocrx_word' id='word_1_107' title='bbox 1264 1171 1433 1226; x_wconf 82' lang='grc' dir='ltr'>αἴτιον</span> <span class='ocrx_word' id='word_1_108' title='bbox 1467 1171 1669 1245; x_wconf 77' lang='grc' dir='ltr'>βλάϐης</span> <span class='ocrx_word' id='word_1_109' title='bbox 1706 1176 1801 1228; x_wconf 79' lang='grc' dir='ltr'>ού-</span> 
     </span>
    </p>
   </div>
   <div class='ocr_carea' id='block_1_17' title="bbox 185 1253 1801 1336">
    <p class='ocr_par' dir='ltr' id='par_1_17' title="bbox 185 1253 1801 1336">
     <span class='ocr_line' id='line_1_17' title="bbox 185 1253 1801 1336; baseline 0.009 -31"><span class='ocrx_word' id='word_1_110' title='bbox 185 1253 333 1308; x_wconf 79' lang='grc' dir='ltr'>δενί.</span> <span class='ocrx_word' id='word_1_111' title='bbox 390 1257 605 1330; x_wconf 76' lang='grc' dir='ltr'><strong>Πόρῤω</strong></span> <span class='ocrx_word' id='word_1_112' title='bbox 652 1260 759 1332; x_wconf 89' lang='grc' dir='ltr'><strong>γὰρ</strong></span> <span class='ocrx_word' id='word_1_113' title='bbox 814 1261 1107 1333; x_wconf 76' lang='grc' dir='ltr'><strong>ἐπιθυμίας</strong></span> <span class='ocrx_word' id='word_1_114' title='bbox 1150 1261 1347 1328; x_wconf 82' lang='grc' dir='ltr'><strong>ἀλόγου</strong></span> <span class='ocrx_word' id='word_1_115' title='bbox 1394 1263 1487 1315; x_wconf 80' lang='grc' dir='ltr'>καὶ</span> <span class='ocrx_word' id='word_1_116' title='bbox 1527 1265 1801 1336; x_wconf 83' lang='grc' dir='ltr'>ἁμαρτίας</span> 
     </span>
    </p>
   </div>
   <div class='ocr_carea' id='block_1_18' title="bbox 186 1349 1799 1427">
    <p class='ocr_par' dir='ltr' id='par_1_18' title="bbox 186 1349 1799 1427">
     <span class='ocr_line' id='line_1_18' title="bbox 186 1349 1799 1427; baseline 0.006 -28"><span class='ocrx_word' id='word_1_117' title='bbox 186 1349 535 1420; x_wconf 82' lang='grc' dir='ltr'>ἐσκήνωται</span> <span class='ocrx_word' id='word_1_118' title='bbox 562 1351 630 1406; x_wconf 76' lang='grc' dir='ltr'>τὰ</span> <span class='ocrx_word' id='word_1_119' title='bbox 655 1353 1014 1422; x_wconf 85' lang='grc' dir='ltr'>πνευματικά.</span> <span class='ocrx_word' id='word_1_120' title='bbox 1056 1352 1197 1422; x_wconf 77' lang='grc' dir='ltr'><strong>Ἐγὼ</strong></span> <span class='ocrx_word' id='word_1_121' title='bbox 1232 1353 1302 1407; x_wconf 80' lang='grc' dir='ltr'><strong>δὲ</strong></span> <span class='ocrx_word' id='word_1_122' title='bbox 1342 1356 1631 1424; x_wconf 73' lang='grc' dir='ltr'><em>σάρκινός</em></span> <span class='ocrx_word' id='word_1_123' title='bbox 1663 1360 1799 1427; x_wconf 77' lang='grc' dir='ltr'>εἰμι,</span> 
     </span>
    </p>
   </div>
   <div class='ocr_carea' id='block_1_19' title="bbox 187 1442 1802 1517">
    <p class='ocr_par' dir='ltr' id='par_1_19' title="bbox 187 1442 1802 1517">
     <span class='ocr_line' id='line_1_19' title="bbox 187 1442 1802 1517; baseline 0.007 -27"><span class='ocrx_word' id='word_1_124' title='bbox 187 1442 608 1509; x_wconf 67' lang='grc' dir='ltr'>πεπραμένος</span> <span class='ocrx_word' id='word_1_125' title='bbox 655 1442 774 1501; x_wconf 81' lang='grc' dir='ltr'><strong>ὑπὸ</strong></span> <span class='ocrx_word' id='word_1_126' title='bbox 835 1443 948 1511; x_wconf 77' lang='grc' dir='ltr'><strong>τὴν</strong></span> <span class='ocrx_word' id='word_1_127' title='bbox 993 1445 1299 1513; x_wconf 80' lang='grc' dir='ltr'>ἁμαρτίαν.</span> <span class='ocrx_word' id='word_1_128' title='bbox 1352 1442 1509 1512; x_wconf 75' lang='grc' dir='ltr'>Οἶον,</span> <span class='ocrx_word' id='word_1_129' title='bbox 1542 1447 1682 1517; x_wconf 76' lang='grc' dir='ltr'><strong>Ἐγὼ</strong></span> <span class='ocrx_word' id='word_1_130' title='bbox 1733 1449 1802 1503; x_wconf 77' lang='grc' dir='ltr'><strong>δὲ</strong></span> 
     </span>
    </p>
   </div>
   <div class='ocr_carea' id='block_1_20' title="bbox 1904 353 3479 427">
    <p class='ocr_par' dir='ltr' id='par_1_20' title="bbox 1904 353 3479 427">
     <span class='ocr_line' id='line_1_20' title="bbox 1904 353 3479 427; baseline 0.004 -21"><span class='ocrx_word' id='word_1_131' title='bbox 1904 353 2073 406; x_wconf 83' lang='lat' dir='ltr'><strong>exitio</strong></span> <span class='ocrx_word' id='word_1_132' title='bbox 2135 353 2257 417; x_wconf 81' lang='lat' dir='ltr'><strong>fuit,</strong></span> <span class='ocrx_word' id='word_1_133' title='bbox 2317 354 2514 423; x_wconf 80' lang='lat' dir='ltr'><strong>lexque</strong></span> <span class='ocrx_word' id='word_1_134' title='bbox 2567 354 2657 407; x_wconf 89' lang='lat' dir='ltr'><strong>illa</strong></span> <span class='ocrx_word' id='word_1_135' title='bbox 2705 354 3003 408; x_wconf 86' lang='lat' dir='ltr'><strong>constituta</strong></span> <span class='ocrx_word' id='word_1_136' title='bbox 3053 354 3183 407; x_wconf 85' lang='lat' dir='ltr'><strong>mihi</strong></span> <span class='ocrx_word' id='word_1_137' title='bbox 3216 364 3322 422; x_wconf 89' lang='lat' dir='ltr'><strong>est,</strong></span> <span class='ocrx_word' id='word_1_138' title='bbox 3357 372 3479 427; x_wconf 68' lang='lat' dir='ltr'><strong>qua:</strong></span> 
     </span>
    </p>
   </div>
   <div class='ocr_carea' id='block_1_21' title="bbox 1904 443 3480 514">
    <p class='ocr_par' dir='ltr' id='par_1_21' title="bbox 1904 443 3480 514">
     <span class='ocr_line' id='line_1_21' title="bbox 1904 443 3480 514; baseline 0.004 -19"><span class='ocrx_word' id='word_1_139' title='bbox 1904 443 2131 512; x_wconf 82' lang='lat' dir='ltr'><strong>perinde</strong></span> <span class='ocrx_word' id='word_1_140' title='bbox 2185 444 2375 514; x_wconf 81' lang='lat' dir='ltr'><strong>ingens</strong></span> <span class='ocrx_word' id='word_1_141' title='bbox 2436 444 2570 498; x_wconf 80' lang='lat' dir='ltr'><strong>mihi</strong></span> <span class='ocrx_word' id='word_1_142' title='bbox 2623 444 2966 498; x_wconf 86' lang='lat' dir='ltr'><strong>commodum</strong></span> <span class='ocrx_word' id='word_1_143' title='bbox 3015 451 3200 513; x_wconf 86' lang='lat' dir='ltr'><strong>posset</strong></span> <span class='ocrx_word' id='word_1_144' title='bbox 3253 445 3480 502; x_wconf 67' lang='lat' dir='ltr'><strong>aﬁ&#39;erre!</strong></span> 
     </span>
    </p>
   </div>
   <div class='ocr_carea' id='block_1_22' title="bbox 1902 533 3479 592">
    <p class='ocr_par' dir='ltr' id='par_1_22' title="bbox 1902 533 3479 592">
     <span class='ocr_line' id='line_1_22' title="bbox 1902 533 3479 592; baseline 0.004 -6"><span class='ocrx_word' id='word_1_145' title='bbox 1902 534 2093 588; x_wconf 82' lang='lat' dir='ltr'><strong>Absit!</strong></span> <span class='ocrx_word' id='word_1_146' title='bbox 2120 533 2253 587; x_wconf 84' lang='lat' dir='ltr'><strong>Nam</strong></span> <span class='ocrx_word' id='word_1_147' title='bbox 2286 534 2534 589; x_wconf 88' lang='lat' dir='ltr'><strong>divinum</strong></span> <span class='ocrx_word' id='word_1_148' title='bbox 2565 535 2697 589; x_wconf 89' lang='lat' dir='ltr'><strong>illud</strong></span> <span class='ocrx_word' id='word_1_149' title='bbox 2728 534 3044 589; x_wconf 88' lang='lat' dir='ltr'><strong>mandatum</strong></span> <span class='ocrx_word' id='word_1_150' title='bbox 3072 550 3181 590; x_wconf 93' lang='lat' dir='ltr'><strong>non</strong></span> <span class='ocrx_word' id='word_1_151' title='bbox 3207 551 3273 591; x_wconf 92' lang='lat' dir='ltr'><strong>eo</strong></span> <span class='ocrx_word' id='word_1_152' title='bbox 3294 537 3479 592; x_wconf 87' lang='lat' dir='ltr'><strong>datum</strong></span> 
     </span>
    </p>
   </div>
   <div class='ocr_carea' id='block_1_23' title="bbox 1905 625 3482 696">
    <p class='ocr_par' dir='ltr' id='par_1_23' title="bbox 1905 625 3482 696">
     <span class='ocr_line' id='line_1_23' title="bbox 1905 625 3482 696; baseline 0.003 -16"><span class='ocrx_word' id='word_1_153' title='bbox 1905 632 2013 693; x_wconf 85' lang='lat' dir='ltr'><strong>est,</strong></span> <span class='ocrx_word' id='word_1_154' title='bbox 2046 633 2105 679; x_wconf 92' lang='lat' dir='ltr'><strong>ut</strong></span> <span class='ocrx_word' id='word_1_155' title='bbox 2139 625 2191 678; x_wconf 86' lang='lat' dir='ltr'><strong>in</strong></span> <span class='ocrx_word' id='word_1_156' title='bbox 2223 627 2636 696; x_wconf 69' lang='lat' dir='ltr'><strong>corruptionem</strong></span> <span class='ocrx_word' id='word_1_157' title='bbox 2685 627 2832 681; x_wconf 88' lang='lat' dir='ltr'><strong>velut</strong></span> <span class='ocrx_word' id='word_1_158' title='bbox 2884 627 3203 681; x_wconf 82' lang='lat' dir='ltr'><strong>servitutem</strong></span> <span class='ocrx_word' id='word_1_159' title='bbox 3239 628 3482 685; x_wconf 88' lang='lat' dir='ltr'><strong>incurre-</strong></span> 
     </span>
    </p>
   </div>
   <div class='ocr_carea' id='block_1_24' title="bbox 1902 715 3512 809">
    <p class='ocr_par' dir='ltr' id='par_1_24' title="bbox 1902 715 3512 809">
     <span class='ocr_line' id='line_1_24' title="bbox 1902 715 3512 809; baseline 0.004 -41"><span class='ocrx_word' id='word_1_160' title='bbox 1902 730 2041 777; x_wconf 71' lang='lat' dir='ltr'><strong>rent,</strong></span> <span class='ocrx_word' id='word_1_161' title='bbox 2068 730 2255 785; x_wconf 65' lang='lat' dir='ltr'><strong>eaeque</strong></span> <span class='ocrx_word' id='word_1_162' title='bbox 2299 716 2431 769; x_wconf 89' lang='lat' dir='ltr'><strong>mihi</strong></span> <span class='ocrx_word' id='word_1_163' title='bbox 2478 716 2627 770; x_wconf 89' lang='lat' dir='ltr'><strong>labes</strong></span> <span class='ocrx_word' id='word_1_164' title='bbox 2661 715 3030 781; x_wconf 88' lang='lat' dir='ltr'><strong>inurerentur,</strong></span> <span class='ocrx_word' id='word_1_165' title='bbox 3062 732 3183 786; x_wconf 70' lang='lat' dir='ltr'><strong>quae</strong></span> <span class='ocrx_word' id='word_1_166' title='bbox 3211 718 3267 771; x_wconf 92' lang='lat' dir='ltr'><strong>in</strong></span> <span class='ocrx_word' id='word_1_167' title='bbox 3295 726 3512 809; x_wconf 63' lang='lat' dir='ltr'><strong>extre-1</strong></span> 
     </span>
    </p>
   </div>
   <div class='ocr_carea' id='block_1_25' title="bbox 1904 806 3509 881">
    <p class='ocr_par' dir='ltr' id='par_1_25' title="bbox 1904 806 3509 881">
     <span class='ocr_line' id='line_1_25' title="bbox 1904 806 3509 881; baseline 0.002 -21"><span class='ocrx_word' id='word_1_168' title='bbox 1904 821 2047 860; x_wconf 89' lang='lat' dir='ltr'><strong>mam</strong></span> <span class='ocrx_word' id='word_1_169' title='bbox 2081 806 2378 875; x_wconf 87' lang='lat' dir='ltr'><strong>perniciem</strong></span> <span class='ocrx_word' id='word_1_170' title='bbox 2431 806 2789 875; x_wconf 85' lang='lat' dir='ltr'><strong>conjicerent,</strong></span> <span class='ocrx_word' id='word_1_171' title='bbox 2828 807 2922 862; x_wconf 92' lang='lat' dir='ltr'><strong>sed</strong></span> <span class='ocrx_word' id='word_1_172' title='bbox 2970 815 3030 862; x_wconf 92' lang='lat' dir='ltr'><strong>ut</strong></span> <span class='ocrx_word' id='word_1_173' title='bbox 3050 808 3347 874; x_wconf 90' lang='lat' dir='ltr'><strong>diabolum,</strong></span> <span class='ocrx_word' id='word_1_174' title='bbox 3382 806 3509 881; x_wconf 56' lang='lat' dir='ltr'><strong>peri</strong></span> 
     </span>
    </p>
   </div>
   <div class='ocr_carea' id='block_1_26' title="bbox 1902 893 3478 966">
    <p class='ocr_par' dir='ltr' id='par_1_26' title="bbox 1902 893 3478 966">
     <span class='ocr_line' id='line_1_26' title="bbox 1902 893 3478 966; baseline 0.004 -20"><span class='ocrx_word' id='word_1_175' title='bbox 1902 893 1956 947; x_wconf 90' lang='lat' dir='ltr'><strong>id</strong></span> <span class='ocrx_word' id='word_1_176' title='bbox 1986 894 2131 964; x_wconf 88' lang='lat' dir='ltr'><strong>quod</strong></span> <span class='ocrx_word' id='word_1_177' title='bbox 2155 895 2357 950; x_wconf 90' lang='lat' dir='ltr'><strong>bonum</strong></span> <span class='ocrx_word' id='word_1_178' title='bbox 2381 904 2485 959; x_wconf 88' lang='lat' dir='ltr'><strong>est,</strong></span> <span class='ocrx_word' id='word_1_179' title='bbox 2522 896 2724 949; x_wconf 85' lang='lat' dir='ltr'><strong>malum</strong></span> <span class='ocrx_word' id='word_1_180' title='bbox 2755 896 2885 950; x_wconf 88' lang='lat' dir='ltr'><strong>mihi</strong></span> <span class='ocrx_word' id='word_1_181' title='bbox 2914 899 3198 966; x_wconf 88' lang='lat' dir='ltr'><strong>perspicue</strong></span> <span class='ocrx_word' id='word_1_182' title='bbox 3229 899 3478 953; x_wconf 87' lang='lat' dir='ltr'><strong>molitum</strong></span> 
     </span>
    </p>
   </div>
   <div class='ocr_carea' id='block_1_27' title="bbox 1901 986 3477 1058">
    <p class='ocr_par' dir='ltr' id='par_1_27' title="bbox 1901 986 3477 1058">
     <span class='ocr_line' id='line_1_27' title="bbox 1901 986 3477 1058; baseline 0.002 -18"><span class='ocrx_word' id='word_1_183' title='bbox 1901 1000 2026 1040; x_wconf 81' lang='lat' dir='ltr'><strong>esse</strong></span> <span class='ocrx_word' id='word_1_184' title='bbox 2058 992 2356 1048; x_wconf 85' lang='lat' dir='ltr'><strong>constaret,</strong></span> <span class='ocrx_word' id='word_1_185' title='bbox 2414 994 2576 1055; x_wconf 91' lang='lat' dir='ltr'><strong>atque</strong></span> <span class='ocrx_word' id='word_1_186' title='bbox 2628 993 2688 1039; x_wconf 92' lang='lat' dir='ltr'><strong>ut</strong></span> <span class='ocrx_word' id='word_1_187' title='bbox 2747 986 2993 1041; x_wconf 77' lang='lat' dir='ltr'><strong>inventor</strong></span> <span class='ocrx_word' id='word_1_188' title='bbox 3033 988 3122 1043; x_wconf 90' lang='lat' dir='ltr'><strong>ille</strong></span> <span class='ocrx_word' id='word_1_189' title='bbox 3174 990 3379 1058; x_wconf 89' lang='lat' dir='ltr'><strong>peccati</strong></span> <span class='ocrx_word' id='word_1_190' title='bbox 3419 996 3477 1044; x_wconf 87' lang='lat' dir='ltr'><strong>et</strong></span> 
     </span>
    </p>
   </div>
   <div class='ocr_carea' id='block_1_28' title="bbox 1901 1076 3476 1150">
    <p class='ocr_par' dir='ltr' id='par_1_28' title="bbox 1901 1076 3476 1150">
     <span class='ocr_line' id='line_1_28' title="bbox 1901 1076 3476 1150; baseline 0.004 -21"><span class='ocrx_word' id='word_1_191' title='bbox 1901 1077 2233 1132; x_wconf 82' lang='lat' dir='ltr'><strong>architectus</strong></span> <span class='ocrx_word' id='word_1_192' title='bbox 2303 1076 2589 1132; x_wconf 77' lang='lat' dir='ltr'><strong>excellenti</strong></span> <span class='ocrx_word' id='word_1_193' title='bbox 2649 1076 2883 1146; x_wconf 90' lang='lat' dir='ltr'><strong>quadam</strong></span> <span class='ocrx_word' id='word_1_194' title='bbox 2943 1078 3158 1135; x_wconf 82' lang='lat' dir='ltr'><strong>ratione</strong></span> <span class='ocrx_word' id='word_1_195' title='bbox 3218 1090 3476 1150; x_wconf 82' lang='lat' dir='ltr'><strong>peccator</strong></span> 
     </span>
    </p>
   </div>
   <div class='ocr_carea' id='block_1_29' title="bbox 1900 1166 3475 1239">
    <p class='ocr_par' dir='ltr' id='par_1_29' title="bbox 1900 1166 3475 1239">
     <span class='ocr_line' id='line_1_29' title="bbox 1900 1166 3475 1239; baseline 0.003 -17"><span class='ocrx_word' id='word_1_196' title='bbox 1900 1176 2070 1231; x_wconf 90' lang='lat' dir='ltr'><strong>esset,</strong></span> <span class='ocrx_word' id='word_1_197' title='bbox 2126 1176 2289 1239; x_wconf 88' lang='lat' dir='ltr'><strong>atque</strong></span> <span class='ocrx_word' id='word_1_198' title='bbox 2338 1182 2462 1223; x_wconf 88' lang='lat' dir='ltr'><strong>esse</strong></span> <span class='ocrx_word' id='word_1_199' title='bbox 2512 1166 3042 1237; x_wconf 84' lang='lat' dir='ltr'><strong>deprehenderetur,</strong></span> <span class='ocrx_word' id='word_1_200' title='bbox 3076 1177 3131 1225; x_wconf 91' lang='lat' dir='ltr'><strong>et</strong></span> <span class='ocrx_word' id='word_1_201' title='bbox 3160 1186 3193 1224; x_wconf 90' lang='lat' dir='ltr'><strong>a</strong></span> <span class='ocrx_word' id='word_1_202' title='bbox 3222 1171 3364 1227; x_wconf 90' lang='lat' dir='ltr'><strong>bono</strong></span> <span class='ocrx_word' id='word_1_203' title='bbox 3393 1187 3475 1229; x_wconf 90' lang='lat' dir='ltr'><strong>se-</strong></span> 
     </span>
    </p>
   </div>
   <div class='ocr_carea' id='block_1_30' title="bbox 1896 1260 3470 1332">
    <p class='ocr_par' dir='ltr' id='par_1_30' title="bbox 1896 1260 3470 1332">
     <span class='ocr_line' id='line_1_30' title="bbox 1896 1260 3470 1332; baseline 0.003 -17"><span class='ocrx_word' id='word_1_204' title='bbox 1896 1262 2226 1331; x_wconf 83' lang='lat' dir='ltr'><strong>jungeretur</strong></span> <span class='ocrx_word' id='word_1_205' title='bbox 2254 1262 2302 1316; x_wconf 91' lang='lat' dir='ltr'><strong>is</strong></span> <span class='ocrx_word' id='word_1_206' title='bbox 2332 1260 2427 1331; x_wconf 87' lang='lat' dir='ltr'><strong>qui</strong></span> <span class='ocrx_word' id='word_1_207' title='bbox 2457 1260 2657 1315; x_wconf 69' lang='lat' dir='ltr'><strong>divina:</strong></span> <span class='ocrx_word' id='word_1_208' title='bbox 2679 1261 2779 1331; x_wconf 89' lang='lat' dir='ltr'><strong>legi</strong></span> <span class='ocrx_word' id='word_1_209' title='bbox 2797 1262 3071 1317; x_wconf 87' lang='lat' dir='ltr'><strong>contraria</strong></span> <span class='ocrx_word' id='word_1_210' title='bbox 3103 1274 3470 1332; x_wconf 84' lang='lat' dir='ltr'><strong>procurasset.</strong></span> 
     </span>
    </p>
   </div>
   <div class='ocr_carea' id='block_1_31' title="bbox 1903 1348 3475 1423">
    <p class='ocr_par' dir='ltr' id='par_1_31' title="bbox 1903 1348 3475 1423">
     <span class='ocr_line' id='line_1_31' title="bbox 1903 1348 3475 1423; baseline 0.005 -20"><span class='ocrx_word' id='word_1_211' title='bbox 1903 1348 2210 1420; x_wconf 88' lang='lat' dir='ltr'><strong>Spiritalem</strong></span> <span class='ocrx_word' id='word_1_212' title='bbox 2246 1349 2392 1403; x_wconf 89' lang='lat' dir='ltr'><strong>enim</strong></span> <span class='ocrx_word' id='word_1_213' title='bbox 2422 1349 2592 1420; x_wconf 89' lang='lat' dir='ltr'><strong>legem</strong></span> <span class='ocrx_word' id='word_1_214' title='bbox 2641 1364 2765 1404; x_wconf 88' lang='lat' dir='ltr'><strong>esse</strong></span> <span class='ocrx_word' id='word_1_215' title='bbox 2812 1350 3092 1418; x_wconf 85' lang='lat' dir='ltr'><strong>novimus,</strong></span> <span class='ocrx_word' id='word_1_216' title='bbox 3126 1352 3355 1423; x_wconf 82' lang='lat' dir='ltr'><strong>ideoque</strong></span> <span class='ocrx_word' id='word_1_217' title='bbox 3381 1369 3475 1411; x_wconf 81' lang='lat' dir='ltr'><strong>ne-</strong></span> 
     </span>
    </p>
   </div>
   <div class='ocr_carea' id='block_1_32' title="bbox 1901 1442 3475 1515">
    <p class='ocr_par' dir='ltr' id='par_1_32' title="bbox 1901 1442 3475 1515">
     <span class='ocr_line' id='line_1_32' title="bbox 1901 1442 3475 1515; baseline 0.003 -19"><span class='ocrx_word' id='word_1_218' title='bbox 1901 1444 2036 1497; x_wconf 83' lang='lat' dir='ltr'><strong>mini</strong></span> <span class='ocrx_word' id='word_1_219' title='bbox 2065 1458 2190 1499; x_wconf 86' lang='lat' dir='ltr'><strong>esse</strong></span> <span class='ocrx_word' id='word_1_220' title='bbox 2221 1442 2396 1497; x_wconf 80' lang='lat' dir='ltr'><strong>fraudi</strong></span> <span class='ocrx_word' id='word_1_221' title='bbox 2425 1443 2532 1496; x_wconf 91' lang='lat' dir='ltr'><strong>ulla</strong></span> <span class='ocrx_word' id='word_1_222' title='bbox 2562 1442 2615 1495; x_wconf 95' lang='lat' dir='ltr'><strong>in</strong></span> <span class='ocrx_word' id='word_1_223' title='bbox 2645 1458 2705 1497; x_wconf 91' lang='lat' dir='ltr'><strong>re</strong></span> <span class='ocrx_word' id='word_1_224' title='bbox 2757 1456 2937 1511; x_wconf 90' lang='lat' dir='ltr'><strong>posse,</strong></span> <span class='ocrx_word' id='word_1_225' title='bbox 2996 1458 3119 1497; x_wconf 90' lang='lat' dir='ltr'><strong>cum</strong></span> <span class='ocrx_word' id='word_1_226' title='bbox 3153 1444 3222 1498; x_wconf 89' lang='lat' dir='ltr'><strong>ab</strong></span> <span class='ocrx_word' id='word_1_227' title='bbox 3253 1454 3475 1515; x_wconf 83' lang='lat' dir='ltr'><strong>experte</strong></span> 
     </span>
    </p>
   </div>
   <div class='ocr_carea' id='block_1_33' title="bbox 188 1530 1786 1609">
    <p class='ocr_par' dir='ltr' id='par_1_33' title="bbox 188 1530 1786 1609">
     <span class='ocr_line' id='line_1_33' title="bbox 188 1530 1786 1609; baseline 0.008 -28"><span class='ocrx_word' id='word_1_228' title='bbox 188 1530 522 1599; x_wconf 72' lang='grc' dir='ltr'>σάρκινοες</span> <span class='ocrx_word' id='word_1_229' title='bbox 554 1532 658 1598; x_wconf 79' lang='grc' dir='ltr'><strong>ὢν,</strong></span> <span class='ocrx_word' id='word_1_230' title='bbox 709 1535 802 1587; x_wconf 73' lang='grc' dir='ltr'><strong>καὶ</strong></span> <span class='ocrx_word' id='word_1_231' title='bbox 827 1536 882 1587; x_wconf 87' lang='grc' dir='ltr'><strong>ἐν</strong></span> <span class='ocrx_word' id='word_1_232' title='bbox 911 1535 1059 1605; x_wconf 77' lang='grc' dir='ltr'>μέσῳ</span> <span class='ocrx_word' id='word_1_233' title='bbox 1091 1534 1184 1588; x_wconf 79' lang='grc' dir='ltr'>τοῦ</span> <span class='ocrx_word' id='word_1_234' title='bbox 1216 1537 1449 1609; x_wconf 78' lang='grc' dir='ltr'>πονηροῦ</span> <span class='ocrx_word' id='word_1_235' title='bbox 1482 1539 1574 1592; x_wconf 74' lang='grc' dir='ltr'>καὶ</span> <span class='ocrx_word' id='word_1_236' title='bbox 1596 1540 1786 1607; x_wconf 86' lang='grc' dir='ltr'>ἀγαθοί</span> 
     </span>
    </p>
   </div>
   <div class='ocr_carea' id='block_1_34' title="bbox 1896 1530 3471 1609">
    <p class='ocr_par' dir='ltr' id='par_1_34' title="bbox 1901 1534 3471 1608">
     <span class='ocr_line' id='line_1_34' title="bbox 1901 1534 3471 1608; baseline 0.002 -20"><span class='ocrx_word' id='word_1_237' title='bbox 1901 1536 2130 1591; x_wconf 87' lang='lat' dir='ltr'><strong>rationis</strong></span> <span class='ocrx_word' id='word_1_238' title='bbox 2160 1535 2457 1604; x_wconf 82' lang='lat' dir='ltr'><strong>cupiditate</strong></span> <span class='ocrx_word' id='word_1_239' title='bbox 2486 1534 2649 1604; x_wconf 81' lang='lat' dir='ltr'><strong>longe</strong></span> <span class='ocrx_word' id='word_1_240' title='bbox 2674 1534 2938 1603; x_wconf 83' lang='lat' dir='ltr'><strong>spiritalia</strong></span> <span class='ocrx_word' id='word_1_241' title='bbox 2978 1535 3171 1589; x_wconf 83' lang='lat' dir='ltr'><strong>dissita</strong></span> <span class='ocrx_word' id='word_1_242' title='bbox 3196 1537 3325 1593; x_wconf 90' lang='lat' dir='ltr'><strong>siut.</strong></span> <span class='ocrx_word' id='word_1_243' title='bbox 3358 1537 3471 1608; x_wconf 86' lang='lat' dir='ltr'><strong>Ego</strong></span> 
     </span>
    </p>
   </div>
   <div class='ocr_carea' id='block_1_35' title="bbox 189 1602 1786 1698">
    <p class='ocr_par' dir='ltr' id='par_1_35' title="bbox 189 1602 1786 1698">
     <span class='ocr_line' id='line_1_35' title="bbox 189 1602 1786 1698; baseline 0.008 -27"><span class='ocrx_word' id='word_1_244' title='bbox 189 1624 611 1688; x_wconf 76' lang='grc' dir='ltr'>κατασταθεὶς,</span> <span class='ocrx_word' id='word_1_245' title='bbox 651 1625 727 1688; x_wconf 85' lang='grc' dir='ltr'><strong>ὡς</strong></span> <span class='ocrx_word' id='word_1_246' title='bbox 769 1602 1129 1693; x_wconf 63' lang='grc' dir='ltr'>αὐτεξούσιος,</span> <span class='ocrx_word' id='word_1_247' title='bbox 1162 1626 1227 1680; x_wconf 80' lang='grc' dir='ltr'>ἵν’</span> <span class='ocrx_word' id='word_1_248' title='bbox 1252 1602 1496 1698; x_wconf 36' lang='grc' dir='ltr'><strong>ἐπ’-’ἐμοί⁵</strong></span> <span class='ocrx_word' id='word_1_249' title='bbox 1526 1602 1786 1683; x_wconf 69' lang='grc' dir='ltr'>ἐλέσθαιὲ</span> 
     </span>
    </p>
   </div>
   <div class='ocr_carea' id='block_1_36' title="bbox 1896 1602 3470 1698">
    <p class='ocr_par' dir='ltr' id='par_1_36' title="bbox 1901 1618 3470 1695">
     <span class='ocr_line' id='line_1_36' title="bbox 1901 1618 3470 1695; baseline 0.001 -13"><span class='ocrx_word' id='word_1_250' title='bbox 1901 1618 2271 1683; x_wconf 71' lang='grc' dir='ltr'>υετοέατηαίὲε</span> <span class='ocrx_word' id='word_1_251' title='bbox 2303 1642 2441 1688; x_wconf 78' lang='lat' dir='ltr'><strong>sum,</strong></span> <span class='ocrx_word' id='word_1_252' title='bbox 2474 1625 2798 1679; x_wconf 76' lang='lat' dir='ltr'><strong>venundatus</strong></span> <span class='ocrx_word' id='word_1_253' title='bbox 2814 1627 2909 1678; x_wconf 78' lang='lat' dir='ltr'><strong>sub</strong></span> <span class='ocrx_word' id='word_1_254' title='bbox 2937 1636 3207 1694; x_wconf 80' lang='lat' dir='ltr'><strong>peccatum</strong></span> <span class='ocrx_word' id='word_1_255' title='bbox 3223 1632 3264 1684; x_wconf 82' lang='lat'><strong>&#39;.</strong></span> <span class='ocrx_word' id='word_1_256' title='bbox 3300 1630 3470 1695; x_wconf 84' lang='lat' dir='ltr'><strong>Quasi</strong></span> 
     </span>
    </p>
   </div>
   <div class='ocr_carea' id='block_1_37' title="bbox 188 1711 1792 1789">
    <p class='ocr_par' dir='ltr' id='par_1_37' title="bbox 188 1711 1792 1789">
     <span class='ocr_line' id='line_1_37' title="bbox 188 1711 1792 1789; baseline 0.006 -25"><span class='ocrx_word' id='word_1_257' title='bbox 188 1711 484 1785; x_wconf 76' lang='grc' dir='ltr'>βούλομαι</span> <span class='ocrx_word' id='word_1_258' title='bbox 607 1716 868 1787; x_wconf 78' lang='grc' dir='ltr'>(Τέθεικα</span> <span class='ocrx_word' id='word_1_259' title='bbox 920 1718 1057 1787; x_wconf 82' lang='grc' dir='ltr'>γὰρ,</span> <span class='ocrx_word' id='word_1_260' title='bbox 1114 1719 1275 1789; x_wconf 64' lang='grc' dir='ltr'>φησι,</span> <span class='ocrx_word' id='word_1_261' title='bbox 1312 1721 1424 1788; x_wconf 83' lang='grc' dir='ltr'><strong>πρὸ</strong></span> <span class='ocrx_word' id='word_1_262' title='bbox 1471 1720 1792 1789; x_wconf 72' lang='grc' dir='ltr'><strong>προσώπου</strong></span> 
     </span>
    </p>
   </div>
   <div class='ocr_carea' id='block_1_38' title="bbox 188 1807 1795 1883">
    <p class='ocr_par' dir='ltr' id='par_1_38' title="bbox 188 1807 1795 1883">
     <span class='ocr_line' id='line_1_38' title="bbox 188 1807 1795 1883; baseline 0.004 -24"><span class='ocrx_word' id='word_1_263' title='bbox 188 1824 319 1861; x_wconf 77' lang='grc' dir='ltr'>σου</span> <span class='ocrx_word' id='word_1_264' title='bbox 371 1807 503 1872; x_wconf 75' lang='grc' dir='ltr'><strong>τὴν</strong></span> <span class='ocrx_word' id='word_1_265' title='bbox 535 1808 687 1876; x_wconf 77' lang='grc' dir='ltr'>ζωὴν</span> <span class='ocrx_word' id='word_1_266' title='bbox 728 1810 823 1862; x_wconf 81' lang='grc' dir='ltr'>καὶ</span> <span class='ocrx_word' id='word_1_267' title='bbox 860 1808 965 1862; x_wconf 78' lang='grc' dir='ltr'><strong>τὸν</strong></span> <span class='ocrx_word' id='word_1_268' title='bbox 993 1809 1293 1881; x_wconf 62' lang='lat' dir='ltr'><strong>mirator)’</strong></span> <span class='ocrx_word' id='word_1_269' title='bbox 1336 1814 1528 1875; x_wconf 82' lang='grc' dir='ltr'>νεύσας</span> <span class='ocrx_word' id='word_1_270' title='bbox 1571 1811 1705 1883; x_wconf 78' lang='grc' dir='ltr'>πρὸς</span> <span class='ocrx_word' id='word_1_271' title='bbox 1734 1811 1795 1865; x_wconf 79' lang='grc' dir='ltr'><strong>τὸ</strong></span> 
     </span>
    </p>
   </div>
   <div class='ocr_carea' id='block_1_39' title="bbox 189 1898 1792 1974">
    <p class='ocr_par' dir='ltr' id='par_1_39' title="bbox 189 1898 1792 1974">
     <span class='ocr_line' id='line_1_39' title="bbox 189 1898 1792 1974; baseline 0.002 -23"><span class='ocrx_word' id='word_1_272' title='bbox 189 1900 571 1969; x_wconf 76' lang='grc' dir='ltr'>παρακοῦσαι</span> <span class='ocrx_word' id='word_1_273' title='bbox 621 1902 718 1971; x_wconf 83' lang='grc' dir='ltr'>μὲν</span> <span class='ocrx_word' id='word_1_274' title='bbox 764 1902 857 1955; x_wconf 81' lang='grc' dir='ltr'><strong>τοῦ</strong></span> <span class='ocrx_word' id='word_1_275' title='bbox 904 1902 1269 1974; x_wconf 84' lang='grc' dir='ltr'>πνευματικοῦ</span> <span class='ocrx_word' id='word_1_276' title='bbox 1314 1904 1500 1974; x_wconf 77' lang='grc' dir='ltr'>νόμου,</span> <span class='ocrx_word' id='word_1_277' title='bbox 1547 1898 1656 1957; x_wconf 73' lang='grc' dir='ltr'>οἷον</span> <span class='ocrx_word' id='word_1_278' title='bbox 1693 1902 1792 1974; x_wconf 80' lang='grc' dir='ltr'>τῆς</span> 
     </span>
    </p>
   </div>
   <div class='ocr_carea' id='block_1_40' title="bbox 190 1990 1792 2074">
    <p class='ocr_par' dir='ltr' id='par_1_40' title="bbox 190 1990 1792 2074">
     <span class='ocr_line' id='line_1_40' title="bbox 190 1990 1792 2074; baseline 0.003 -32"><span class='ocrx_word' id='word_1_279' title='bbox 190 1990 463 2060; x_wconf 77' lang='grc' dir='ltr'><strong>ἐντολῆς,</strong></span> <span class='ocrx_word' id='word_1_280' title='bbox 515 1992 817 2047; x_wconf 78' lang='grc' dir='ltr'>ὑπακοῦσαι</span> <span class='ocrx_word' id='word_1_281' title='bbox 858 1994 914 2047; x_wconf 80' lang='grc' dir='ltr'><strong>δὲ</strong></span> <span class='ocrx_word' id='word_1_282' title='bbox 955 1994 1049 2048; x_wconf 82' lang='grc' dir='ltr'>τοῦ</span> <span class='ocrx_word' id='word_1_283' title='bbox 1098 1994 1313 2060; x_wconf 80' lang='grc' dir='ltr'>ὑλικοῦ,</span> <span class='ocrx_word' id='word_1_284' title='bbox 1353 1990 1464 2074; x_wconf 69' lang='grc' dir='ltr'>οἷον</span> <span class='ocrx_word' id='word_1_285' title='bbox 1491 1995 1585 2048; x_wconf 78' lang='grc' dir='ltr'>τοῦ</span> <span class='ocrx_word' id='word_1_286' title='bbox 1618 1995 1792 2063; x_wconf 69' lang='grc' dir='ltr'>ὄφεως</span> 
     </span>
    </p>
   </div>
   <div class='ocr_carea' id='block_1_41' title="bbox 187 2084 1790 2158">
    <p class='ocr_par' dir='ltr' id='par_1_41' title="bbox 187 2084 1790 2158">
     <span class='ocr_line' id='line_1_41' title="bbox 187 2084 1790 2158; baseline 0.004 -22"><span class='ocrx_word' id='word_1_287' title='bbox 187 2084 297 2151; x_wconf 69' lang='grc' dir='ltr'><strong>τὴν</strong></span> <span class='ocrx_word' id='word_1_288' title='bbox 329 2084 695 2155; x_wconf 85' lang='grc' dir='ltr'>συμϐουλίαν,</span> <span class='ocrx_word' id='word_1_289' title='bbox 725 2086 1015 2157; x_wconf 79' lang='grc' dir='ltr'>πέπραμαι</span> <span class='ocrx_word' id='word_1_290' title='bbox 1040 2087 1129 2141; x_wconf 80' lang='grc' dir='ltr'><strong>διὰ</strong></span> <span class='ocrx_word' id='word_1_291' title='bbox 1164 2086 1259 2158; x_wconf 76' lang='grc' dir='ltr'>τὴν</span> <span class='ocrx_word' id='word_1_292' title='bbox 1283 2088 1535 2157; x_wconf 79' lang='grc' dir='ltr'>τοιαύτην</span> <span class='ocrx_word' id='word_1_293' title='bbox 1560 2087 1790 2157; x_wconf 79' lang='grc' dir='ltr'>αἵρεσιν,</span> 
     </span>
    </p>
   </div>
   <div class='ocr_carea' id='block_1_42' title="bbox 192 2173 1791 2246">
    <p class='ocr_par' dir='ltr' id='par_1_42' title="bbox 192 2173 1791 2246">
     <span class='ocr_line' id='line_1_42' title="bbox 192 2173 1791 2246; baseline 0.003 -21"><span class='ocrx_word' id='word_1_294' title='bbox 192 2173 394 2227; x_wconf 82' lang='grc' dir='ltr'>πεσὼν</span> <span class='ocrx_word' id='word_1_295' title='bbox 433 2173 541 2226; x_wconf 73' lang='grc' dir='ltr'><strong>ὑπὸ</strong></span> <span class='ocrx_word' id='word_1_296' title='bbox 588 2175 896 2246; x_wconf 72' lang='grc' dir='ltr'>ἁμαρτίαν,</span> <span class='ocrx_word' id='word_1_297' title='bbox 936 2175 1012 2244; x_wconf 81' lang='grc' dir='ltr'>τῷ</span> <span class='ocrx_word' id='word_1_298' title='bbox 1056 2175 1300 2245; x_wconf 81' lang='grc' dir='ltr'>διαϐόλῳ.</span> <span class='ocrx_word' id='word_1_299' title='bbox 1333 2176 1497 2228; x_wconf 86' lang='grc' dir='ltr'>Ὅθεν</span> <span class='ocrx_word' id='word_1_300' title='bbox 1541 2176 1791 2229; x_wconf 77' lang='grc' dir='ltr'>ἐντεῦθεν</span> 
     </span>
    </p>
   </div>
   <div class='ocr_carea' id='block_1_43' title="bbox 187 2264 1794 2336">
    <p class='ocr_par' dir='ltr' id='par_1_43' title="bbox 187 2264 1794 2336">
     <span class='ocr_line' id='line_1_43' title="bbox 187 2264 1794 2336; baseline 0.001 -19"><span class='ocrx_word' id='word_1_301' title='bbox 187 2264 591 2335; x_wconf 84' lang='grc' dir='ltr'>πολιορκῆσάν</span> <span class='ocrx_word' id='word_1_302' title='bbox 625 2282 691 2334; x_wconf 89' lang='grc' dir='ltr'><strong>με</strong></span> <span class='ocrx_word' id='word_1_303' title='bbox 735 2264 796 2317; x_wconf 85' lang='grc' dir='ltr'>τὺ</span> <span class='ocrx_word' id='word_1_304' title='bbox 824 2265 991 2318; x_wconf 85' lang='grc' dir='ltr'>κακὸν</span> <span class='ocrx_word' id='word_1_305' title='bbox 1034 2266 1287 2330; x_wconf 79' lang='grc' dir='ltr'>ἐνιζάνει,</span> <span class='ocrx_word' id='word_1_306' title='bbox 1321 2267 1417 2319; x_wconf 79' lang='grc' dir='ltr'><strong>καὶ</strong></span> <span class='ocrx_word' id='word_1_307' title='bbox 1443 2267 1794 2336; x_wconf 82' lang='grc' dir='ltr'>ἐμπολιτεύε-</span> 
     </span>
    </p>
   </div>
   <div class='ocr_carea' id='block_1_44' title="bbox 189 2355 1791 2429">
    <p class='ocr_par' dir='ltr' id='par_1_44' title="bbox 189 2355 1791 2429">
     <span class='ocr_line' id='line_1_44' title="bbox 189 2355 1791 2429; baseline 0.003 -23"><span class='ocrx_word' id='word_1_308' title='bbox 189 2372 291 2407; x_wconf 76' lang='grc' dir='ltr'><strong>ται</strong></span> <span class='ocrx_word' id='word_1_309' title='bbox 330 2355 696 2407; x_wconf 68' lang='grc' dir='ltr'>είωικεῖσθαι</span> <span class='ocrx_word' id='word_1_310' title='bbox 729 2355 786 2409; x_wconf 86' lang='grc' dir='ltr'><strong>ἐν</strong></span> <span class='ocrx_word' id='word_1_311' title='bbox 813 2357 877 2425; x_wconf 82' lang='grc' dir='ltr'>τῇ</span> <span class='ocrx_word' id='word_1_312' title='bbox 911 2355 1072 2427; x_wconf 85' lang='grc' dir='ltr'>σαρκί</span> <span class='ocrx_word' id='word_1_313' title='bbox 1099 2373 1220 2427; x_wconf 85' lang='grc' dir='ltr'>μου,</span> <span class='ocrx_word' id='word_1_314' title='bbox 1247 2356 1497 2428; x_wconf 83' lang='grc' dir='ltr'>καθάπερ</span> <span class='ocrx_word' id='word_1_315' title='bbox 1526 2357 1706 2429; x_wconf 78' lang='grc' dir='ltr'>κηφὴν</span> <span class='ocrx_word' id='word_1_316' title='bbox 1734 2359 1791 2411; x_wconf 88' lang='grc' dir='ltr'><strong>ἐν</strong></span> 
     </span>
    </p>
   </div>
   <div class='ocr_carea' id='block_1_45' title="bbox 188 2446 1791 2523">
    <p class='ocr_par' dir='ltr' id='par_1_45' title="bbox 188 2446 1791 2523">
     <span class='ocr_line' id='line_1_45' title="bbox 188 2446 1791 2523; baseline 0.002 -24"><span class='ocrx_word' id='word_1_317' title='bbox 188 2446 390 2516; x_wconf 82' lang='grc' dir='ltr'>κηρίῳ</span> <span class='ocrx_word' id='word_1_318' title='bbox 428 2446 695 2518; x_wconf 81' lang='grc' dir='ltr'>μελίσσης</span> <span class='ocrx_word' id='word_1_319' title='bbox 718 2448 1141 2519; x_wconf 85' lang='grc' dir='ltr'>περιιπτάμενος</span> <span class='ocrx_word' id='word_1_320' title='bbox 1166 2448 1424 2513; x_wconf 74' lang='grc' dir='ltr'>πολλάκις</span> <span class='ocrx_word' id='word_1_321' title='bbox 1450 2450 1578 2523; x_wconf 77' lang='grc' dir='ltr'>περὶ</span> <span class='ocrx_word' id='word_1_322' title='bbox 1608 2450 1791 2515; x_wconf 83' lang='grc' dir='ltr'>αὐτὸν,</span> 
     </span>
    </p>
   </div>
   <div class='ocr_carea' id='block_1_46' title="bbox 189 2536 1793 2610">
    <p class='ocr_par' dir='ltr' id='par_1_46' title="bbox 189 2536 1793 2610">
     <span class='ocr_line' id='line_1_46' title="bbox 189 2536 1793 2610; baseline 0.004 -23"><span class='ocrx_word' id='word_1_323' title='bbox 189 2538 295 2588; x_wconf 60' lang='grc' dir='ltr'><strong>καί¹</strong></span> <span class='ocrx_word' id='word_1_324' title='bbox 334 2536 601 2605; x_wconf 71' lang='grc' dir='ltr'>βομϐῶν*</span> <span class='ocrx_word' id='word_1_325' title='bbox 627 2537 783 2606; x_wconf 84' lang='grc' dir='ltr'>δίκης</span> <span class='ocrx_word' id='word_1_326' title='bbox 811 2537 1154 2610; x_wconf 80' lang='grc' dir='ltr'>ἐπιτεθείσης</span> <span class='ocrx_word' id='word_1_327' title='bbox 1186 2556 1274 2609; x_wconf 89' lang='grc' dir='ltr'><strong>μοι</strong></span> <span class='ocrx_word' id='word_1_328' title='bbox 1303 2538 1401 2609; x_wconf 78' lang='grc' dir='ltr'><strong>τὴν</strong></span> <span class='ocrx_word' id='word_1_329' title='bbox 1426 2540 1643 2609; x_wconf 83' lang='grc' dir='ltr'>ἐντολὴν</span> <span class='ocrx_word' id='word_1_330' title='bbox 1673 2539 1793 2593; x_wconf 84' lang='grc' dir='ltr'>ἀθε-</span> 
     </span>
    </p>
   </div>
   <div class='ocr_carea' id='block_1_47' title="bbox 191 2628 1790 2700">
    <p class='ocr_par' dir='ltr' id='par_1_47' title="bbox 191 2628 1790 2700">
     <span class='ocr_line' id='line_1_47' title="bbox 191 2628 1790 2700; baseline 0.004 -22"><span class='ocrx_word' id='word_1_331' title='bbox 191 2628 444 2697; x_wconf 80' lang='grc' dir='ltr'>τήσαντι</span> <span class='ocrx_word' id='word_1_332' title='bbox 495 2628 768 2698; x_wconf 77' lang='grc' dir='ltr'>πραθῆναι</span> <span class='ocrx_word' id='word_1_333' title='bbox 800 2628 878 2699; x_wconf 85' lang='grc' dir='ltr'>τῷ</span> <span class='ocrx_word' id='word_1_334' title='bbox 924 2628 1099 2700; x_wconf 77' lang='grc' dir='ltr'>κακῷ.</span> <span class='ocrx_word' id='word_1_335' title='bbox 1151 2630 1240 2683; x_wconf 82' lang='grc' dir='ltr'>Διὸ</span> <span class='ocrx_word' id='word_1_336' title='bbox 1271 2631 1363 2683; x_wconf 80' lang='grc' dir='ltr'><strong>καὶ</strong></span> <span class='ocrx_word' id='word_1_337' title='bbox 1393 2630 1453 2683; x_wconf 83' lang='grc' dir='ltr'><strong>οὐ</strong></span> <span class='ocrx_word' id='word_1_338' title='bbox 1484 2630 1736 2699; x_wconf 81' lang='grc' dir='ltr'>γινώσκω</span> <span class='ocrx_word' id='word_1_339' title='bbox 1761 2632 1790 2684; x_wconf 85' lang='lat'><strong>6</strong></span> 
     </span>
    </p>
   </div>
   <div class='ocr_carea' id='block_1_48' title="bbox 193 2720 1790 2796">
    <p class='ocr_par' dir='ltr' id='par_1_48' title="bbox 193 2720 1790 2796">
     <span class='ocr_line' id='line_1_48' title="bbox 193 2720 1790 2796; baseline 0.005 -25"><span class='ocrx_word' id='word_1_340' title='bbox 193 2720 666 2792; x_wconf 78' lang='grc' dir='ltr'>κατεργάζομαι,</span> <span class='ocrx_word' id='word_1_341' title='bbox 708 2721 1054 2791; x_wconf 65' lang='grc' dir='ltr'>λογιζόμενος</span> <span class='ocrx_word' id='word_1_342' title='bbox 1092 2722 1121 2775; x_wconf 83' lang='grc' dir='ltr'><strong><em>ὃ</em></strong></span> <span class='ocrx_word' id='word_1_343' title='bbox 1152 2723 1225 2795; x_wconf 80' lang='grc' dir='ltr'>μὴ</span> <span class='ocrx_word' id='word_1_344' title='bbox 1254 2723 1412 2779; x_wconf 82' lang='grc' dir='ltr'>θέλω.</span> <span class='ocrx_word' id='word_1_345' title='bbox 1444 2724 1516 2777; x_wconf 88' lang='lat' dir='ltr'><em>T6</em></span> <span class='ocrx_word' id='word_1_346' title='bbox 1544 2724 1674 2796; x_wconf 79' lang='grc' dir='ltr'>γὰρ,</span> <span class='ocrx_word' id='word_1_347' title='bbox 1718 2724 1790 2779; x_wconf 86' lang='lat'><strong>&#39;0</strong></span> 
     </span>
    </p>
   </div>
   <div class='ocr_carea' id='block_1_49' title="bbox 193 2809 1793 2891">
    <p class='ocr_par' dir='ltr' id='par_1_49' title="bbox 193 2809 1793 2891">
     <span class='ocr_line' id='line_1_49' title="bbox 193 2809 1793 2891; baseline 0.001 -28"><span class='ocrx_word' id='word_1_348' title='bbox 193 2809 640 2880; x_wconf 74' lang='grc' dir='ltr'>κατεργάζομαι</span> <span class='ocrx_word' id='word_1_349' title='bbox 664 2813 735 2865; x_wconf 83' lang='grc' dir='ltr'>οὐ</span> <span class='ocrx_word' id='word_1_350' title='bbox 760 2811 1028 2891; x_wconf 69' lang='grc' dir='ltr'>γινώσκω</span> <span class='ocrx_word' id='word_1_351' title='bbox 1046 2852 1061 2877; x_wconf 87' lang='grc'><strong>,</strong></span> <span class='ocrx_word' id='word_1_352' title='bbox 1090 2813 1187 2865; x_wconf 77' lang='grc' dir='ltr'>καὶ</span> <span class='ocrx_word' id='word_1_353' title='bbox 1218 2813 1366 2867; x_wconf 79' lang='grc' dir='ltr'>ποιῶ</span> <span class='ocrx_word' id='word_1_354' title='bbox 1388 2813 1420 2867; x_wconf 96' lang='lat'><strong>6</strong></span> <span class='ocrx_word' id='word_1_355' title='bbox 1443 2812 1622 2883; x_wconf 82' lang='grc' dir='ltr'>μισῶ,</span> <span class='ocrx_word' id='word_1_356' title='bbox 1646 2813 1793 2882; x_wconf 81' lang='grc' dir='ltr'>λεγό-</span> 
     </span>
    </p>
   </div>
   <div class='ocr_carea' id='block_1_50' title="bbox 197 2904 1790 2975">
    <p class='ocr_par' dir='ltr' id='par_1_50' title="bbox 197 2904 1790 2975">
     <span class='ocr_line' id='line_1_50' title="bbox 197 2904 1790 2975; baseline 0.001 -19"><span class='ocrx_word' id='word_1_357' title='bbox 197 2921 371 2974; x_wconf 87' lang='grc' dir='ltr'>μενον</span> <span class='ocrx_word' id='word_1_358' title='bbox 394 2946 409 2969; x_wconf 89' lang='grc'><strong>,</strong></span> <span class='ocrx_word' id='word_1_359' title='bbox 444 2904 547 2957; x_wconf 83' lang='grc' dir='ltr'><strong>οὐκ</strong></span> <span class='ocrx_word' id='word_1_360' title='bbox 579 2904 670 2957; x_wconf 69' lang='grc' dir='ltr'>ἐπὶ</span> <span class='ocrx_word' id='word_1_361' title='bbox 714 2906 807 2957; x_wconf 82' lang='grc' dir='ltr'>τοῦ</span> <span class='ocrx_word' id='word_1_362' title='bbox 838 2904 1282 2975; x_wconf 85' lang='grc' dir='ltr'>τελεσιουργῆσαι</span> <span class='ocrx_word' id='word_1_363' title='bbox 1316 2904 1377 2957; x_wconf 81' lang='grc' dir='ltr'><strong>τὸ</strong></span> <span class='ocrx_word' id='word_1_364' title='bbox 1425 2904 1648 2973; x_wconf 84' lang='grc' dir='ltr'>φαῦλον,</span> <span class='ocrx_word' id='word_1_365' title='bbox 1696 2906 1790 2959; x_wconf 78' lang='grc' dir='ltr'><strong>καὶ</strong></span> 
     </span>
    </p>
   </div>
   <div class='ocr_carea' id='block_1_51' title="bbox 194 2994 1791 3067">
    <p class='ocr_par' dir='ltr' id='par_1_51' title="bbox 194 2994 1791 3067">
     <span class='ocr_line' id='line_1_51' title="bbox 194 2994 1791 3067; baseline 0.001 -20"><span class='ocrx_word' id='word_1_366' title='bbox 194 2995 407 3067; x_wconf 76' lang='grc' dir='ltr'>δρᾶσαι</span> <span class='ocrx_word' id='word_1_367' title='bbox 448 2994 870 3065; x_wconf 82' lang='grc' dir='ltr'>παραληπτέον,</span> <span class='ocrx_word' id='word_1_368' title='bbox 904 2994 1015 3047; x_wconf 83' lang='grc' dir='ltr'>ἀλλ’</span> <span class='ocrx_word' id='word_1_369' title='bbox 1064 2995 1158 3048; x_wconf 71' lang='grc' dir='ltr'>ἐπὶ</span> <span class='ocrx_word' id='word_1_370' title='bbox 1206 2995 1302 3049; x_wconf 76' lang='grc' dir='ltr'>τοῦ</span> <span class='ocrx_word' id='word_1_371' title='bbox 1352 2995 1508 3066; x_wconf 85' lang='grc' dir='ltr'>μόνον</span> <span class='ocrx_word' id='word_1_372' title='bbox 1553 2995 1791 3065; x_wconf 88' lang='grc' dir='ltr'>ἐνθυμη-</span> 
     </span>
    </p>
   </div>
   <div class='ocr_carea' id='block_1_52' title="bbox 195 3080 1790 3158">
    <p class='ocr_par' dir='ltr' id='par_1_52' title="bbox 195 3080 1790 3158">
     <span class='ocr_line' id='line_1_52' title="bbox 195 3080 1790 3158; baseline 0.001 -20"><span class='ocrx_word' id='word_1_373' title='bbox 195 3086 400 3157; x_wconf 81' lang='grc' dir='ltr'>θῆναι,</span> <span class='ocrx_word' id='word_1_374' title='bbox 478 3085 752 3156; x_wconf 80' lang='grc' dir='ltr'>λογισμῶν</span> <span class='ocrx_word' id='word_1_375' title='bbox 802 3080 1083 3139; x_wconf 75' lang='grc' dir='ltr'>ἀνοικείων</span> <span class='ocrx_word' id='word_1_376' title='bbox 1140 3088 1270 3158; x_wconf 78' lang='grc' dir='ltr'>ἡμῖν</span> <span class='ocrx_word' id='word_1_377' title='bbox 1334 3085 1790 3158; x_wconf 83' lang='grc' dir='ltr'>προσιπταμένων</span> 
     </span>
    </p>
   </div>
   <div class='ocr_carea' id='block_1_53' title="bbox 194 3174 1792 3246">
    <p class='ocr_par' dir='ltr' id='par_1_53' title="bbox 194 3174 1792 3246">
     <span class='ocr_line' id='line_1_53' title="bbox 194 3174 1792 3246; baseline -0.002 -17"><span class='ocrx_word' id='word_1_378' title='bbox 194 3176 530 3241; x_wconf 81' lang='grc' dir='ltr'>πλεονάκις,</span> <span class='ocrx_word' id='word_1_379' title='bbox 565 3176 658 3231; x_wconf 76' lang='grc' dir='ltr'>καὶ</span> <span class='ocrx_word' id='word_1_380' title='bbox 687 3174 1136 3246; x_wconf 79' lang='grc' dir='ltr'>ἐμφανταζόντων</span> <span class='ocrx_word' id='word_1_381' title='bbox 1157 3177 1303 3245; x_wconf 75' lang='grc' dir='ltr'>ἡμᾶς</span> <span class='ocrx_word' id='word_1_382' title='bbox 1319 3175 1454 3246; x_wconf 80' lang='grc' dir='ltr'>πρὸς</span> <span class='ocrx_word' id='word_1_383' title='bbox 1492 3174 1530 3228; x_wconf 81' lang='lat'><em>6.</em></span> <span class='ocrx_word' id='word_1_384' title='bbox 1554 3174 1627 3245; x_wconf 83' lang='grc' dir='ltr'>μὴ</span> <span class='ocrx_word' id='word_1_385' title='bbox 1644 3174 1792 3227; x_wconf 81' lang='grc' dir='ltr'>θέλο-</span> 
     </span>
    </p>
   </div>
   <div class='ocr_carea' id='block_1_54' title="bbox 201 3264 1793 3339">
    <p class='ocr_par' dir='ltr' id='par_1_54' title="bbox 201 3264 1793 3339">
     <span class='ocr_line' id='line_1_54' title="bbox 201 3264 1793 3339; baseline -0.003 -18"><span class='ocrx_word' id='word_1_386' title='bbox 201 3285 326 3339; x_wconf 86' lang='grc' dir='ltr'>μεν,</span> <span class='ocrx_word' id='word_1_387' title='bbox 363 3267 477 3337; x_wconf 82' lang='grc' dir='ltr'>τῆς</span> <span class='ocrx_word' id='word_1_388' title='bbox 518 3267 696 3337; x_wconf 74' lang='grc' dir='ltr'>ψυχῆς</span> <span class='ocrx_word' id='word_1_389' title='bbox 725 3269 838 3331; x_wconf 77' lang='grc' dir='ltr'>τοίς</span> <span class='ocrx_word' id='word_1_390' title='bbox 880 3266 1158 3339; x_wconf 80' lang='grc' dir='ltr'>λογισμοῖς</span> <span class='ocrx_word' id='word_1_391' title='bbox 1185 3267 1313 3338; x_wconf 78' lang='grc' dir='ltr'>περὶ</span> <span class='ocrx_word' id='word_1_392' title='bbox 1341 3264 1511 3320; x_wconf 86' lang='grc' dir='ltr'>πολλά</span> <span class='ocrx_word' id='word_1_393' title='bbox 1536 3281 1793 3337; x_wconf 83' lang='grc' dir='ltr'>περιαγο-</span> 
     </span>
    </p>
   </div>
   <div class='ocr_carea' id='block_1_55' title="bbox 202 3358 404 3428">
    <p class='ocr_par' dir='ltr' id='par_1_55' title="bbox 202 3358 404 3428">
     <span class='ocr_line' id='line_1_55' title="bbox 202 3358 404 3428; baseline -0.03 1"><span class='ocrx_word' id='word_1_394' title='bbox 202 3358 404 3428; x_wconf 66' lang='grc' dir='ltr'><strong>μένης.</strong></span> 
     </span>
    </p>
   </div>
   <div class='ocr_carea' id='block_1_56' title="bbox 1898 1717 3471 1788">
    <p class='ocr_par' dir='ltr' id='par_1_56' title="bbox 1898 1717 3471 1788">
     <span class='ocr_line' id='line_1_56' title="bbox 1898 1717 3471 1788; baseline 0.003 -15"><span class='ocrx_word' id='word_1_395' title='bbox 1898 1719 2106 1773; x_wconf 85' lang='lat' dir='ltr'><strong>diceret</strong></span> <span class='ocrx_word' id='word_1_396' title='bbox 2134 1736 2146 1771; x_wconf 93' lang='lat'>:</span> <span class='ocrx_word' id='word_1_397' title='bbox 2174 1717 2286 1788; x_wconf 78' lang='lat' dir='ltr'><strong>Ego</strong></span> <span class='ocrx_word' id='word_1_398' title='bbox 2313 1735 2432 1772; x_wconf 82' lang='lat' dir='ltr'><strong>vero</strong></span> <span class='ocrx_word' id='word_1_399' title='bbox 2460 1719 2694 1772; x_wconf 77' lang='lat' dir='ltr'><strong>carnalis</strong></span> <span class='ocrx_word' id='word_1_400' title='bbox 2718 1735 2856 1781; x_wconf 77' lang='lat' dir='ltr'><strong>sum,</strong></span> <span class='ocrx_word' id='word_1_401' title='bbox 2878 1726 3042 1787; x_wconf 77' lang='lat' dir='ltr'><strong>atque</strong></span> <span class='ocrx_word' id='word_1_402' title='bbox 3076 1719 3132 1773; x_wconf 91' lang='lat' dir='ltr'><strong>in</strong></span> <span class='ocrx_word' id='word_1_403' title='bbox 3166 1721 3292 1774; x_wconf 87' lang='lat' dir='ltr'><strong>mali</strong></span> <span class='ocrx_word' id='word_1_404' title='bbox 3322 1722 3471 1777; x_wconf 80' lang='lat' dir='ltr'><strong>boni-</strong></span> 
     </span>
    </p>
   </div>
   <div class='ocr_carea' id='block_1_57' title="bbox 1896 1809 3471 1880">
    <p class='ocr_par' dir='ltr' id='par_1_57' title="bbox 1896 1809 3471 1880">
     <span class='ocr_line' id='line_1_57' title="bbox 1896 1809 3471 1880; baseline 0.003 -17"><span class='ocrx_word' id='word_1_405' title='bbox 1896 1825 2003 1879; x_wconf 87' lang='lat' dir='ltr'><strong>que</strong></span> <span class='ocrx_word' id='word_1_406' title='bbox 2044 1809 2222 1866; x_wconf 88' lang='lat' dir='ltr'><strong>medio</strong></span> <span class='ocrx_word' id='word_1_407' title='bbox 2254 1810 2488 1878; x_wconf 84' lang='lat' dir='ltr'><strong>positus,</strong></span> <span class='ocrx_word' id='word_1_408' title='bbox 2518 1815 2706 1878; x_wconf 89' lang='lat' dir='ltr'><strong>utpote</strong></span> <span class='ocrx_word' id='word_1_409' title='bbox 2734 1809 2892 1872; x_wconf 88' lang='lat' dir='ltr'><strong>liber,</strong></span> <span class='ocrx_word' id='word_1_410' title='bbox 2930 1817 2990 1862; x_wconf 93' lang='lat' dir='ltr'><strong>ut</strong></span> <span class='ocrx_word' id='word_1_411' title='bbox 3014 1810 3160 1880; x_wconf 86' lang='lat' dir='ltr'><strong>quod</strong></span> <span class='ocrx_word' id='word_1_412' title='bbox 3201 1812 3358 1866; x_wconf 85' lang='lat' dir='ltr'><strong>velim</strong></span> <span class='ocrx_word' id='word_1_413' title='bbox 3392 1813 3471 1868; x_wconf 92' lang='lat' dir='ltr'><strong>in-</strong></span> 
     </span>
    </p>
   </div>
   <div class='ocr_carea' id='block_1_58' title="bbox 1898 1897 3473 1972">
    <p class='ocr_par' dir='ltr' id='par_1_58' title="bbox 1898 1897 3473 1972">
     <span class='ocr_line' id='line_1_58' title="bbox 1898 1897 3473 1972; baseline 0.005 -21"><span class='ocrx_word' id='word_1_414' title='bbox 1898 1905 2107 1968; x_wconf 89' lang='lat' dir='ltr'><strong>tegrum</strong></span> <span class='ocrx_word' id='word_1_415' title='bbox 2158 1897 2289 1952; x_wconf 89' lang='lat' dir='ltr'><strong>mihi</strong></span> <span class='ocrx_word' id='word_1_416' title='bbox 2322 1899 2394 1953; x_wconf 88' lang='lat' dir='ltr'><strong>sit</strong></span> <span class='ocrx_word' id='word_1_417' title='bbox 2446 1899 2644 1969; x_wconf 78' lang='lat' dir='ltr'><strong>eligere</strong></span> <span class='ocrx_word' id='word_1_418' title='bbox 2687 1898 2875 1967; x_wconf 75' lang='grc' dir='ltr'><strong>(Ροεεὶ</strong></span> <span class='ocrx_word' id='word_1_419' title='bbox 2923 1902 3082 1966; x_wconf 73' lang='lat' dir='ltr'><strong>enim,</strong></span> <span class='ocrx_word' id='word_1_420' title='bbox 3119 1902 3316 1972; x_wconf 86' lang='lat' dir='ltr'><strong>inquit,</strong></span> <span class='ocrx_word' id='word_1_421' title='bbox 3348 1914 3473 1960; x_wconf 65' lang='lat' dir='ltr'><strong>ante</strong></span> 
     </span>
    </p>
   </div>
   <div class='ocr_carea' id='block_1_59' title="bbox 1895 1988 3468 2058">
    <p class='ocr_par' dir='ltr' id='par_1_59' title="bbox 1895 1988 3468 2058">
     <span class='ocr_line' id='line_1_59' title="bbox 1895 1988 3468 2058; baseline 0.006 -17"><span class='ocrx_word' id='word_1_422' title='bbox 1895 1989 2086 2057; x_wconf 80' lang='lat' dir='ltr'><strong>faciem</strong></span> <span class='ocrx_word' id='word_1_423' title='bbox 2112 1997 2257 2041; x_wconf 85' lang='lat' dir='ltr'><strong>tuam</strong></span> <span class='ocrx_word' id='word_1_424' title='bbox 2282 1988 2442 2042; x_wconf 75' lang='lat' dir='ltr'><strong>vitam</strong></span> <span class='ocrx_word' id='word_1_425' title='bbox 2464 1996 2513 2041; x_wconf 76' lang='lat' dir='ltr'><strong>et</strong></span> <span class='ocrx_word' id='word_1_426' title='bbox 2547 1997 2767 2042; x_wconf 74' lang='lat' dir='ltr'><strong>mortem</strong></span> <span class='ocrx_word' id='word_1_427' title='bbox 2791 1989 2857 2058; x_wconf 80' lang='lat'><strong>&#39;);</strong></span> <span class='ocrx_word' id='word_1_428' title='bbox 2888 2004 3010 2043; x_wconf 90' lang='lat' dir='ltr'><strong>cum</strong></span> <span class='ocrx_word' id='word_1_429' title='bbox 3040 1989 3097 2045; x_wconf 92' lang='lat' dir='ltr'><strong>in</strong></span> <span class='ocrx_word' id='word_1_430' title='bbox 3125 1990 3178 2045; x_wconf 85' lang='lat' dir='ltr'><strong>id</strong></span> <span class='ocrx_word' id='word_1_431' title='bbox 3204 1992 3468 2050; x_wconf 84' lang='lat' dir='ltr'><strong>inclinas-</strong></span> 
     </span>
    </p>
   </div>
   <div class='ocr_carea' id='block_1_60' title="bbox 1896 2080 3469 2150">
    <p class='ocr_par' dir='ltr' id='par_1_60' title="bbox 1896 2080 3469 2150">
     <span class='ocr_line' id='line_1_60' title="bbox 1896 2080 3469 2150; baseline 0.004 -16"><span class='ocrx_word' id='word_1_432' title='bbox 1896 2094 2031 2143; x_wconf 88' lang='lat' dir='ltr'><strong>sem,</strong></span> <span class='ocrx_word' id='word_1_433' title='bbox 2065 2086 2122 2132; x_wconf 90' lang='lat' dir='ltr'><strong>ut</strong></span> <span class='ocrx_word' id='word_1_434' title='bbox 2155 2085 2209 2134; x_wconf 91' lang='lat' dir='ltr'><strong>et</strong></span> <span class='ocrx_word' id='word_1_435' title='bbox 2239 2080 2473 2148; x_wconf 85' lang='lat' dir='ltr'><strong>spiritali</strong></span> <span class='ocrx_word' id='word_1_436' title='bbox 2505 2081 2631 2150; x_wconf 83' lang='lat' dir='ltr'><strong>legi,</strong></span> <span class='ocrx_word' id='word_1_437' title='bbox 2681 2081 2787 2136; x_wconf 90' lang='lat' dir='ltr'><strong>hoc</strong></span> <span class='ocrx_word' id='word_1_438' title='bbox 2816 2087 2901 2137; x_wconf 97' lang='grc' dir='ltr'><strong>εει</strong></span> <span class='ocrx_word' id='word_1_439' title='bbox 2929 2081 3205 2148; x_wconf 87' lang='lat' dir='ltr'><strong>mandato,</strong></span> <span class='ocrx_word' id='word_1_440' title='bbox 3243 2084 3469 2141; x_wconf 88' lang='lat' dir='ltr'><strong>minime</strong></span> 
     </span>
    </p>
   </div>
   <div class='ocr_carea' id='block_1_61' title="bbox 1894 2172 3462 2237">
    <p class='ocr_par' dir='ltr' id='par_1_61' title="bbox 1894 2172 3462 2237">
     <span class='ocr_line' id='line_1_61' title="bbox 1894 2172 3462 2237; baseline 0.008 -18"><span class='ocrx_word' id='word_1_441' title='bbox 1894 2184 2164 2237; x_wconf 86' lang='lat' dir='ltr'><strong>parerem,</strong></span> <span class='ocrx_word' id='word_1_442' title='bbox 2182 2179 2228 2225; x_wconf 91' lang='lat' dir='ltr'><strong>et</strong></span> <span class='ocrx_word' id='word_1_443' title='bbox 2261 2181 2488 2225; x_wconf 79' lang='lat' dir='ltr'><strong>terrena:</strong></span> <span class='ocrx_word' id='word_1_444' title='bbox 2510 2186 2574 2225; x_wconf 91' lang='lat' dir='ltr'><strong>ac</strong></span> <span class='ocrx_word' id='word_1_445' title='bbox 2595 2186 2720 2225; x_wconf 89' lang='lat' dir='ltr'><strong>cum</strong></span> <span class='ocrx_word' id='word_1_446' title='bbox 2748 2172 2989 2227; x_wconf 66' lang='lat' dir='ltr'><strong>materiae</strong></span> <span class='ocrx_word' id='word_1_447' title='bbox 3011 2172 3144 2229; x_wconf 65' lang='lat' dir='ltr'><strong>faece</strong></span> <span class='ocrx_word' id='word_1_448' title='bbox 3169 2182 3462 2237; x_wconf 56' lang='lat' dir='ltr'><strong>concretae.</strong></span> 
     </span>
    </p>
   </div>
   <div class='ocr_carea' id='block_1_62' title="bbox 1897 2256 3465 2333">
    <p class='ocr_par' dir='ltr' id='par_1_62' title="bbox 1897 2256 3465 2333">
     <span class='ocr_line' id='line_1_62' title="bbox 1897 2256 3465 2333; baseline 0.005 -23"><span class='ocrx_word' id='word_1_449' title='bbox 1897 2256 1999 2311; x_wconf 89' lang='lat' dir='ltr'><strong>hoc</strong></span> <span class='ocrx_word' id='word_1_450' title='bbox 2026 2265 2111 2312; x_wconf 89' lang='lat' dir='ltr'><strong>est</strong></span> <span class='ocrx_word' id='word_1_451' title='bbox 2157 2260 2429 2329; x_wconf 86' lang='lat' dir='ltr'><strong>serpentis</strong></span> <span class='ocrx_word' id='word_1_452' title='bbox 2457 2260 2706 2324; x_wconf 89' lang='lat' dir='ltr'><strong>monitis,</strong></span> <span class='ocrx_word' id='word_1_453' title='bbox 2741 2260 3207 2331; x_wconf 74' lang='lat' dir='ltr'><strong>obtemperarent;</strong></span> <span class='ocrx_word' id='word_1_454' title='bbox 3243 2274 3465 2333; x_wconf 81' lang='lat' dir='ltr'><strong>propter</strong></span> 
     </span>
    </p>
   </div>
   <div class='ocr_carea' id='block_1_63' title="bbox 1893 2351 3465 2425">
    <p class='ocr_par' dir='ltr' id='par_1_63' title="bbox 1893 2351 3465 2425">
     <span class='ocr_line' id='line_1_63' title="bbox 1893 2351 3465 2425; baseline 0.004 -20"><span class='ocrx_word' id='word_1_455' title='bbox 1893 2351 2041 2406; x_wconf 86' lang='lat' dir='ltr'><strong>hunc</strong></span> <span class='ocrx_word' id='word_1_456' title='bbox 2074 2352 2343 2407; x_wconf 90' lang='lat' dir='ltr'><strong>delectum</strong></span> <span class='ocrx_word' id='word_1_457' title='bbox 2376 2353 2431 2407; x_wconf 92' lang='lat' dir='ltr'><strong>in</strong></span> <span class='ocrx_word' id='word_1_458' title='bbox 2465 2361 2745 2423; x_wconf 86' lang='lat' dir='ltr'><strong>peccatum</strong></span> <span class='ocrx_word' id='word_1_459' title='bbox 2778 2355 3066 2425; x_wconf 89' lang='lat' dir='ltr'><strong>prolapsus</strong></span> <span class='ocrx_word' id='word_1_460' title='bbox 3100 2356 3316 2411; x_wconf 87' lang='lat' dir='ltr'><strong>diabolo</strong></span> <span class='ocrx_word' id='word_1_461' title='bbox 3342 2373 3465 2412; x_wconf 91' lang='lat' dir='ltr'><strong>sum</strong></span> 
     </span>
    </p>
   </div>
   <div class='ocr_carea' id='block_1_64' title="bbox 1893 2444 3469 2503">
    <p class='ocr_par' dir='ltr' id='par_1_64' title="bbox 1893 2444 3469 2503">
     <span class='ocr_line' id='line_1_64' title="bbox 1893 2444 3469 2503; baseline 0.002 -5"><span class='ocrx_word' id='word_1_462' title='bbox 1893 2444 2169 2499; x_wconf 87' lang='lat' dir='ltr'><strong>venditus.</strong></span> <span class='ocrx_word' id='word_1_463' title='bbox 2221 2444 2362 2499; x_wconf 90' lang='lat' dir='ltr'><strong>llinc</strong></span> <span class='ocrx_word' id='word_1_464' title='bbox 2407 2446 2608 2499; x_wconf 89' lang='lat' dir='ltr'><strong>malum</strong></span> <span class='ocrx_word' id='word_1_465' title='bbox 2660 2448 2806 2501; x_wconf 86' lang='lat' dir='ltr'><strong>velut</strong></span> <span class='ocrx_word' id='word_1_466' title='bbox 2834 2447 3093 2503; x_wconf 80' lang='lat' dir='ltr'><strong>obsidens</strong></span> <span class='ocrx_word' id='word_1_467' title='bbox 3124 2448 3255 2502; x_wconf 87' lang='lat' dir='ltr'><strong>mihi</strong></span> <span class='ocrx_word' id='word_1_468' title='bbox 3284 2447 3469 2501; x_wconf 76' lang='lat' dir='ltr'><strong>adhae-</strong></span> 
     </span>
    </p>
   </div>
   <div class='ocr_carea' id='block_1_65' title="bbox 1894 2536 3467 2609">
    <p class='ocr_par' dir='ltr' id='par_1_65' title="bbox 1894 2536 3467 2609">
     <span class='ocr_line' id='line_1_65' title="bbox 1894 2536 3467 2609; baseline 0.002 -19"><span class='ocrx_word' id='word_1_469' title='bbox 1894 2536 2080 2602; x_wconf 81' lang='lat' dir='ltr'><strong>rescit,</strong></span> <span class='ocrx_word' id='word_1_470' title='bbox 2114 2544 2277 2607; x_wconf 88' lang='lat' dir='ltr'><strong>atque</strong></span> <span class='ocrx_word' id='word_1_471' title='bbox 2320 2538 2374 2591; x_wconf 94' lang='lat' dir='ltr'><strong>in</strong></span> <span class='ocrx_word' id='word_1_472' title='bbox 2409 2553 2573 2593; x_wconf 88' lang='lat' dir='ltr'><strong>carne</strong></span> <span class='ocrx_word' id='word_1_473' title='bbox 2607 2554 2746 2603; x_wconf 89' lang='lat' dir='ltr'><strong>mea,</strong></span> <span class='ocrx_word' id='word_1_474' title='bbox 2774 2548 3032 2609; x_wconf 88' lang='lat' dir='ltr'><strong>tanquam</strong></span> <span class='ocrx_word' id='word_1_475' title='bbox 3064 2540 3120 2593; x_wconf 93' lang='lat' dir='ltr'><strong>in</strong></span> <span class='ocrx_word' id='word_1_476' title='bbox 3147 2539 3310 2594; x_wconf 91' lang='lat' dir='ltr'><strong>domo</strong></span> <span class='ocrx_word' id='word_1_477' title='bbox 3338 2553 3467 2609; x_wconf 89' lang='lat' dir='ltr'><strong>qua-</strong></span> 
     </span>
    </p>
   </div>
   <div class='ocr_carea' id='block_1_66' title="bbox 1894 2628 3465 2706">
    <p class='ocr_par' dir='ltr' id='par_1_66' title="bbox 1894 2628 3465 2706">
     <span class='ocr_line' id='line_1_66' title="bbox 1894 2628 3465 2706; baseline 0.003 -23"><span class='ocrx_word' id='word_1_478' title='bbox 1894 2628 2039 2695; x_wconf 89' lang='lat' dir='ltr'><strong>dam,</strong></span> <span class='ocrx_word' id='word_1_479' title='bbox 2076 2630 2304 2692; x_wconf 86' lang='lat' dir='ltr'><strong>habitat,</strong></span> <span class='ocrx_word' id='word_1_480' title='bbox 2340 2629 2794 2706; x_wconf 81' lang='lat' dir='ltr'><strong>quemadmodum</strong></span> <span class='ocrx_word' id='word_1_481' title='bbox 2826 2630 2985 2686; x_wconf 83' lang='lat' dir='ltr'><strong>fucus</strong></span> <span class='ocrx_word' id='word_1_482' title='bbox 3040 2632 3248 2685; x_wconf 88' lang='lat' dir='ltr'><strong>circum</strong></span> <span class='ocrx_word' id='word_1_483' title='bbox 3310 2629 3465 2687; x_wconf 80' lang='lat' dir='ltr'><strong>favos</strong></span> 
     </span>
    </p>
   </div>
   <div class='ocr_carea' id='block_1_67' title="bbox 1894 2721 3466 2793">
    <p class='ocr_par' dir='ltr' id='par_1_67' title="bbox 1894 2721 3466 2793">
     <span class='ocr_line' id='line_1_67' title="bbox 1894 2721 3466 2793; baseline 0 -17"><span class='ocrx_word' id='word_1_484' title='bbox 1894 2736 2055 2793; x_wconf 87' lang='lat' dir='ltr'><strong>apqu</strong></span> <span class='ocrx_word' id='word_1_485' title='bbox 2095 2724 2332 2778; x_wconf 79' lang='lat' dir='ltr'><strong>volitans</strong></span> <span class='ocrx_word' id='word_1_486' title='bbox 2383 2738 2447 2777; x_wconf 91' lang='lat' dir='ltr'><strong>ac</strong></span> <span class='ocrx_word' id='word_1_487' title='bbox 2484 2723 2705 2779; x_wconf 85' lang='lat' dir='ltr'><strong>bombis</strong></span> <span class='ocrx_word' id='word_1_488' title='bbox 2741 2723 3082 2793; x_wconf 87' lang='lat' dir='ltr'><strong>obstrepens.</strong></span> <span class='ocrx_word' id='word_1_489' title='bbox 3119 2721 3247 2777; x_wconf 74' lang='lat' dir='ltr'><strong>Mihi</strong></span> <span class='ocrx_word' id='word_1_490' title='bbox 3282 2723 3466 2792; x_wconf 82' lang='lat' dir='ltr'><strong>itaque</strong></span> 
     </span>
    </p>
   </div>
   <div class='ocr_carea' id='block_1_68' title="bbox 1893 2814 3466 2884">
    <p class='ocr_par' dir='ltr' id='par_1_68' title="bbox 1893 2814 3466 2884">
     <span class='ocr_line' id='line_1_68' title="bbox 1893 2814 3466 2884; baseline 0.002 -17"><span class='ocrx_word' id='word_1_491' title='bbox 1893 2814 2082 2868; x_wconf 76' lang='lat' dir='ltr'><strong>violati</strong></span> <span class='ocrx_word' id='word_1_492' title='bbox 2116 2814 2357 2869; x_wconf 90' lang='lat' dir='ltr'><strong>mandati</strong></span> <span class='ocrx_word' id='word_1_493' title='bbox 2390 2828 2550 2883; x_wconf 61' lang='lat' dir='ltr'><strong>paena</strong></span> <span class='ocrx_word' id='word_1_494' title='bbox 2590 2814 2705 2868; x_wconf 65' lang='lat' dir='ltr'><strong>haec</strong></span> <span class='ocrx_word' id='word_1_495' title='bbox 2747 2814 3002 2884; x_wconf 84' lang='lat' dir='ltr'><strong>imposita</strong></span> <span class='ocrx_word' id='word_1_496' title='bbox 3048 2822 3154 2879; x_wconf 86' lang='lat' dir='ltr'><strong>est,</strong></span> <span class='ocrx_word' id='word_1_497' title='bbox 3190 2814 3269 2869; x_wconf 89' lang='lat' dir='ltr'><strong>uti</strong></span> <span class='ocrx_word' id='word_1_498' title='bbox 3319 2815 3466 2870; x_wconf 82' lang='lat' dir='ltr'><strong>malo</strong></span> 
     </span>
    </p>
   </div>
   <div class='ocr_carea' id='block_1_69' title="bbox 1895 2902 3466 2974">
    <p class='ocr_par' dir='ltr' id='par_1_69' title="bbox 1895 2902 3466 2974">
     <span class='ocr_line' id='line_1_69' title="bbox 1895 2902 3466 2974; baseline 0.004 -17"><span class='ocrx_word' id='word_1_499' title='bbox 1895 2902 2296 2973; x_wconf 86' lang='lat' dir='ltr'><strong>quodammodo</strong></span> <span class='ocrx_word' id='word_1_500' title='bbox 2332 2902 2616 2958; x_wconf 86' lang='lat' dir='ltr'><strong>venderer.</strong></span> <span class='ocrx_word' id='word_1_501' title='bbox 2643 2902 2957 2973; x_wconf 84' lang='lat' dir='ltr'><strong>Propterea,</strong></span> <span class='ocrx_word' id='word_1_502' title='bbox 2992 2905 3138 2974; x_wconf 89' lang='lat' dir='ltr'><strong>quod</strong></span> <span class='ocrx_word' id='word_1_503' title='bbox 3171 2904 3312 2960; x_wconf 83' lang='lat' dir='ltr'><strong>facio</strong></span> <span class='ocrx_word' id='word_1_504' title='bbox 3353 2920 3466 2963; x_wconf 86' lang='lat' dir='ltr'><strong>non</strong></span> 
     </span>
    </p>
   </div>
   <div class='ocr_carea' id='block_1_70' title="bbox 1892 2995 3462 3067">
    <p class='ocr_par' dir='ltr' id='par_1_70' title="bbox 1892 2995 3462 3067">
     <span class='ocr_line' id='line_1_70' title="bbox 1892 2995 3462 3067; baseline 0.001 -16"><span class='ocrx_word' id='word_1_505' title='bbox 1892 2996 2159 3067; x_wconf 73' lang='lat' dir='ltr'><strong>intelligo,</strong></span> <span class='ocrx_word' id='word_1_506' title='bbox 2199 2996 2328 3050; x_wconf 91' lang='lat' dir='ltr'><strong>dum</strong></span> <span class='ocrx_word' id='word_1_507' title='bbox 2357 2995 2501 3066; x_wconf 86' lang='lat' dir='ltr'><strong>quod</strong></span> <span class='ocrx_word' id='word_1_508' title='bbox 2529 2997 2678 3062; x_wconf 88' lang='lat' dir='ltr'><strong>nolo,</strong></span> <span class='ocrx_word' id='word_1_509' title='bbox 2718 2998 2917 3067; x_wconf 84' lang='lat' dir='ltr'><strong>cogito.</strong></span> <span class='ocrx_word' id='word_1_510' title='bbox 2945 2996 3071 3052; x_wconf 64' lang='lat' dir='ltr'><strong>Haec</strong></span> <span class='ocrx_word' id='word_1_511' title='bbox 3100 2998 3243 3052; x_wconf 90' lang='lat' dir='ltr'><strong>enim</strong></span> <span class='ocrx_word' id='word_1_512' title='bbox 3274 2998 3462 3065; x_wconf 86' lang='lat' dir='ltr'><strong>verba,</strong></span> 
     </span>
    </p>
   </div>
   <div class='ocr_carea' id='block_1_71' title="bbox 1892 3086 3466 3156">
    <p class='ocr_par' dir='ltr' id='par_1_71' title="bbox 1892 3086 3466 3156">
     <span class='ocr_line' id='line_1_71' title="bbox 1892 3086 3466 3156; baseline 0.003 -16"><span class='ocrx_word' id='word_1_513' title='bbox 1892 3086 2045 3155; x_wconf 82' lang='lat' dir='ltr'><strong>Quod</strong></span> <span class='ocrx_word' id='word_1_514' title='bbox 2067 3087 2209 3156; x_wconf 83' lang='lat' dir='ltr'><strong>facio</strong></span> <span class='ocrx_word' id='word_1_515' title='bbox 2240 3102 2343 3140; x_wconf 84' lang='lat' dir='ltr'><strong>non</strong></span> <span class='ocrx_word' id='word_1_516' title='bbox 2368 3102 2644 3155; x_wconf 82' lang='lat' dir='ltr'><strong>cognosco,</strong></span> <span class='ocrx_word' id='word_1_517' title='bbox 2668 3097 2718 3140; x_wconf 85' lang='lat' dir='ltr'><strong>et</strong></span> <span class='ocrx_word' id='word_1_518' title='bbox 2748 3089 2886 3155; x_wconf 78' lang='lat' dir='ltr'><strong>quod</strong></span> <span class='ocrx_word' id='word_1_519' title='bbox 2910 3087 2997 3140; x_wconf 86' lang='lat' dir='ltr'><strong>odi</strong></span> <span class='ocrx_word' id='word_1_520' title='bbox 3028 3089 3168 3156; x_wconf 78' lang='lat' dir='ltr'><strong>facio</strong></span> <span class='ocrx_word' id='word_1_521' title='bbox 3186 3088 3228 3151; x_wconf 63' lang='grc'>⁸,</span> <span class='ocrx_word' id='word_1_522' title='bbox 3248 3104 3354 3143; x_wconf 93' lang='lat' dir='ltr'><strong>non</strong></span> <span class='ocrx_word' id='word_1_523' title='bbox 3382 3090 3466 3149; x_wconf 86' lang='lat' dir='ltr'><strong>sic</strong></span> 
     </span>
    </p>
   </div>
   <div class='ocr_carea' id='block_1_72' title="bbox 1891 3174 3466 3246">
    <p class='ocr_par' dir='ltr' id='par_1_72' title="bbox 1891 3174 3466 3246">
     <span class='ocr_line' id='line_1_72' title="bbox 1891 3174 3466 3246; baseline 0.002 -17"><span class='ocrx_word' id='word_1_524' title='bbox 1891 3175 2210 3246; x_wconf 88' lang='lat' dir='ltr'><strong>accipienda</strong></span> <span class='ocrx_word' id='word_1_525' title='bbox 2259 3183 2410 3239; x_wconf 88' lang='lat' dir='ltr'><strong>sunt,</strong></span> <span class='ocrx_word' id='word_1_526' title='bbox 2439 3174 2599 3245; x_wconf 91' lang='lat' dir='ltr'><strong>quasi</strong></span> <span class='ocrx_word' id='word_1_527' title='bbox 2628 3176 2831 3229; x_wconf 87' lang='lat' dir='ltr'><strong>malum</strong></span> <span class='ocrx_word' id='word_1_528' title='bbox 2868 3176 3128 3245; x_wconf 87' lang='lat' dir='ltr'><strong>perﬁcere</strong></span> <span class='ocrx_word' id='word_1_529' title='bbox 3157 3177 3375 3246; x_wconf 90' lang='lat' dir='ltr'><strong>penitus</strong></span> <span class='ocrx_word' id='word_1_530' title='bbox 3398 3191 3466 3232; x_wconf 89' lang='lat' dir='ltr'><strong>ac</strong></span> 
     </span>
    </p>
   </div>
   <div class='ocr_carea' id='block_1_73' title="bbox 1890 3264 3466 3336">
    <p class='ocr_par' dir='ltr' id='par_1_73' title="bbox 1890 3264 3466 3336">
     <span class='ocr_line' id='line_1_73' title="bbox 1890 3264 3466 3336; baseline -0.001 -15"><span class='ocrx_word' id='word_1_531' title='bbox 1890 3266 2230 3321; x_wconf 90' lang='lat' dir='ltr'><strong>committere</strong></span> <span class='ocrx_word' id='word_1_532' title='bbox 2256 3264 2501 3330; x_wconf 89' lang='lat' dir='ltr'><strong>dicatur;</strong></span> <span class='ocrx_word' id='word_1_533' title='bbox 2535 3265 2631 3319; x_wconf 88' lang='lat' dir='ltr'><strong>sed</strong></span> <span class='ocrx_word' id='word_1_534' title='bbox 2663 3264 2729 3319; x_wconf 90' lang='lat' dir='ltr'><strong>ad</strong></span> <span class='ocrx_word' id='word_1_535' title='bbox 2756 3265 2928 3320; x_wconf 91' lang='lat' dir='ltr'><strong>solam</strong></span> <span class='ocrx_word' id='word_1_536' title='bbox 2971 3266 3357 3336; x_wconf 77' lang='lat' dir='ltr'><strong>cogitationem</strong></span> <span class='ocrx_word' id='word_1_537' title='bbox 3385 3280 3466 3320; x_wconf 88' lang='lat' dir='ltr'><strong>re-</strong></span> 
     </span>
    </p>
   </div>
   <div class='ocr_carea' id='block_1_74' title="bbox 1889 3355 3468 3441">
    <p class='ocr_par' dir='ltr' id='par_1_74' title="bbox 1889 3355 3468 3441">
     <span class='ocr_line' id='line_1_74' title="bbox 1889 3355 3468 3441; baseline 0 -30"><span class='ocrx_word' id='word_1_538' title='bbox 1889 3355 2018 3412; x_wconf 79' lang='lat' dir='ltr'><strong>ferri</strong></span> <span class='ocrx_word' id='word_1_539' title='bbox 2051 3372 2149 3428; x_wconf 90' lang='lat' dir='ltr'><strong>par</strong></span> <span class='ocrx_word' id='word_1_540' title='bbox 2181 3363 2287 3425; x_wconf 91' lang='lat' dir='ltr'><strong>est,</strong></span> <span class='ocrx_word' id='word_1_541' title='bbox 2317 3371 2440 3410; x_wconf 89' lang='lat' dir='ltr'><strong>cum</strong></span> <span class='ocrx_word' id='word_1_542' title='bbox 2498 3356 2816 3426; x_wconf 89' lang='lat' dir='ltr'><strong>plerumque</strong></span> <span class='ocrx_word' id='word_1_543' title='bbox 2866 3356 3055 3412; x_wconf 70' lang='lat' dir='ltr'><strong>aliena:</strong></span> <span class='ocrx_word' id='word_1_544' title='bbox 3109 3357 3267 3441; x_wconf 70' lang='lat' dir='ltr'><strong>nobis</strong></span> <span class='ocrx_word' id='word_1_545' title='bbox 3295 3364 3347 3411; x_wconf 91' lang='lat' dir='ltr'><strong>et</strong></span> <span class='ocrx_word' id='word_1_546' title='bbox 3374 3356 3468 3412; x_wconf 76' lang='lat' dir='ltr'><strong>ab-</strong></span> 
     </span>
    </p>
   </div>
   <div class='ocr_carea' id='block_1_75' title="bbox 199 3446 3467 3520">
    <p class='ocr_par' dir='ltr' id='par_1_75' title="bbox 199 3446 3467 3520">
     <span class='ocr_line' id='line_1_75' title="bbox 199 3446 3467 3520; baseline 0 -18"><span class='ocrx_word' id='word_1_547' title='bbox 199 3449 390 3506; x_wconf 69' lang='lat' dir='ltr'><strong>SUI&#39;dIB</strong></span> <span class='ocrx_word' id='word_1_548' title='bbox 416 3447 785 3517; x_wconf 79' lang='lat' dir='ltr'><strong>cogitationes</strong></span> <span class='ocrx_word' id='word_1_549' title='bbox 808 3448 1080 3512; x_wconf 85' lang='lat' dir='ltr'><strong>advolent,</strong></span> <span class='ocrx_word' id='word_1_550' title='bbox 1106 3454 1160 3503; x_wconf 89' lang='lat' dir='ltr'><strong>et</strong></span> <span class='ocrx_word' id='word_1_551' title='bbox 1197 3447 1264 3502; x_wconf 91' lang='lat' dir='ltr'><strong>ad</strong></span> <span class='ocrx_word' id='word_1_552' title='bbox 1292 3462 1357 3502; x_wconf 88' lang='lat' dir='ltr'><strong>ea</strong></span> <span class='ocrx_word' id='word_1_553' title='bbox 1388 3462 1508 3517; x_wconf 60' lang='lat' dir='ltr'><strong>qua</strong></span> <span class='ocrx_word' id='word_1_554' title='bbox 1542 3446 1800 3507; x_wconf 85' lang='lat' dir='ltr'><strong>nolumus</strong></span> <span class='ocrx_word' id='word_1_555' title='bbox 1831 3447 2113 3504; x_wconf 88' lang='lat' dir='ltr'><strong>illudendo</strong></span> <span class='ocrx_word' id='word_1_556' title='bbox 2142 3462 2243 3504; x_wconf 91' lang='lat' dir='ltr'><strong>nos</strong></span> <span class='ocrx_word' id='word_1_557' title='bbox 2267 3453 2565 3518; x_wconf 83' lang='lat' dir='ltr'><strong>provocent</strong></span> <span class='ocrx_word' id='word_1_558' title='bbox 2586 3447 2763 3516; x_wconf 86' lang='lat' dir='ltr'><strong>:quod</strong></span> <span class='ocrx_word' id='word_1_559' title='bbox 2806 3449 2989 3503; x_wconf 89' lang='lat' dir='ltr'><strong>anima</strong></span> <span class='ocrx_word' id='word_1_560' title='bbox 3040 3450 3467 3520; x_wconf 81' lang='lat' dir='ltr'><strong>cogitationibus</strong></span> 
     </span>
    </p>
   </div>
   <div class='ocr_carea' id='block_1_76' title="bbox 201 3540 1526 3611">
    <p class='ocr_par' dir='ltr' id='par_1_76' title="bbox 201 3540 1526 3611">
     <span class='ocr_line' id='line_1_76' title="bbox 201 3540 1526 3611; baseline -0.002 -14"><span class='ocrx_word' id='word_1_561' title='bbox 201 3544 322 3598; x_wconf 85' lang='lat' dir='ltr'><strong>suis</strong></span> <span class='ocrx_word' id='word_1_562' title='bbox 357 3557 459 3610; x_wconf 90' lang='lat' dir='ltr'><strong>per</strong></span> <span class='ocrx_word' id='word_1_563' title='bbox 494 3540 700 3595; x_wconf 89' lang='lat' dir='ltr'><strong>inﬁnita</strong></span> <span class='ocrx_word' id='word_1_564' title='bbox 736 3556 915 3595; x_wconf 89' lang='lat' dir='ltr'><strong>rerum</strong></span> <span class='ocrx_word' id='word_1_565' title='bbox 942 3556 1137 3611; x_wconf 88' lang='lat' dir='ltr'><strong>genera</strong></span> <span class='ocrx_word' id='word_1_566' title='bbox 1169 3541 1526 3597; x_wconf 86' lang='lat' dir='ltr'><strong>distrahatur.</strong></span> 
     </span>
    </p>
   </div>
   <div class='ocr_carea' id='block_1_77' title="bbox 272 3632 1787 3710">
    <p class='ocr_par' dir='ltr' id='par_1_77' title="bbox 272 3632 1787 3710">
     <span class='ocr_line' id='line_1_77' title="bbox 272 3632 1787 3710; baseline 0.003 -20"><span class='ocrx_word' id='word_1_567' title='bbox 272 3639 404 3691; x_wconf 82' lang='lat' dir='ltr'><strong>NZ&#39;.</strong></span> <span class='ocrx_word' id='word_1_568' title='bbox 448 3636 528 3688; x_wconf 80' lang='grc' dir='ltr'><strong>Οὐ</strong></span> <span class='ocrx_word' id='word_1_569' title='bbox 558 3633 665 3706; x_wconf 79' lang='grc' dir='ltr'>γὰρ</span> <span class='ocrx_word' id='word_1_570' title='bbox 692 3632 777 3703; x_wconf 79' lang='grc' dir='ltr'><strong>ἐφ’</strong></span> <span class='ocrx_word' id='word_1_571' title='bbox 806 3636 936 3705; x_wconf 80' lang='grc' dir='ltr'>ἡμῖν</span> <span class='ocrx_word' id='word_1_572' title='bbox 965 3633 1103 3696; x_wconf 81' lang='grc' dir='ltr'>ὅλως</span> <span class='ocrx_word' id='word_1_573' title='bbox 1136 3635 1245 3705; x_wconf 69' lang='grc'><strong>(45)</strong></span> <span class='ocrx_word' id='word_1_574' title='bbox 1268 3636 1329 3687; x_wconf 81' lang='grc' dir='ltr'><strong>τὸ</strong></span> <span class='ocrx_word' id='word_1_575' title='bbox 1356 3636 1720 3707; x_wconf 85' lang='grc' dir='ltr'>ἐνθυμεῖσθαι,</span> <span class='ocrx_word' id='word_1_576' title='bbox 1752 3640 1787 3710; x_wconf 82' lang='grc' dir='ltr'>ἦ</span> 
     </span>
    </p>
   </div>
   <div class='ocr_carea' id='block_1_78' title="bbox 207 3725 1785 3801">
    <p class='ocr_par' dir='ltr' id='par_1_78' title="bbox 207 3725 1785 3801">
     <span class='ocr_line' id='line_1_78' title="bbox 207 3725 1785 3801; baseline 0.003 -22"><span class='ocrx_word' id='word_1_577' title='bbox 207 3730 283 3801; x_wconf 84' lang='grc' dir='ltr'>μὴ</span> <span class='ocrx_word' id='word_1_578' title='bbox 318 3727 677 3799; x_wconf 82' lang='grc' dir='ltr'>ἐνθυμεῖσθαι</span> <span class='ocrx_word' id='word_1_579' title='bbox 709 3727 884 3778; x_wconf 84' lang='grc' dir='ltr'>κεῖται</span> <span class='ocrx_word' id='word_1_580' title='bbox 931 3725 1000 3779; x_wconf 81' lang='grc' dir='ltr'>τὰ</span> <span class='ocrx_word' id='word_1_581' title='bbox 1051 3725 1245 3791; x_wconf 83' lang='grc' dir='ltr'>ἄτοπα,</span> <span class='ocrx_word' id='word_1_582' title='bbox 1295 3726 1429 3781; x_wconf 89' lang='grc' dir='ltr'><strong>ἀλλά</strong></span> <span class='ocrx_word' id='word_1_583' title='bbox 1448 3728 1510 3780; x_wconf 80' lang='grc' dir='ltr'>τὸ</span> <span class='ocrx_word' id='word_1_584' title='bbox 1533 3730 1785 3801; x_wconf 82' lang='grc' dir='ltr'>χρῆσθαι,</span> 
     </span>
    </p>
   </div>
   <div class='ocr_carea' id='block_1_79' title="bbox 203 3815 1792 3894">
    <p class='ocr_par' dir='ltr' id='par_1_79' title="bbox 203 3815 1792 3894">
     <span class='ocr_line' id='line_1_79' title="bbox 203 3815 1792 3894; baseline 0.005 -26"><span class='ocrx_word' id='word_1_585' title='bbox 203 3821 236 3888; x_wconf 74' lang='grc' dir='ltr'>ἢ</span> <span class='ocrx_word' id='word_1_586' title='bbox 269 3820 345 3890; x_wconf 80' lang='grc' dir='ltr'>μὴ</span> <span class='ocrx_word' id='word_1_587' title='bbox 367 3817 617 3889; x_wconf 81' lang='grc' dir='ltr'>χρῆσθαι</span> <span class='ocrx_word' id='word_1_588' title='bbox 646 3819 756 3879; x_wconf 86' lang='grc' dir='ltr'>τοῖς</span> <span class='ocrx_word' id='word_1_589' title='bbox 783 3815 1143 3889; x_wconf 83' lang='grc' dir='ltr'>ἐνθυμήμασι.</span> <span class='ocrx_word' id='word_1_590' title='bbox 1164 3817 1420 3872; x_wconf 80' lang='grc' dir='ltr'>Κωλῦσαι</span> <span class='ocrx_word' id='word_1_591' title='bbox 1453 3821 1551 3891; x_wconf 85' lang='grc' dir='ltr'>μὲν</span> <span class='ocrx_word' id='word_1_592' title='bbox 1579 3822 1687 3894; x_wconf 85' lang='grc' dir='ltr'>γὰρ</span> <span class='ocrx_word' id='word_1_593' title='bbox 1717 3823 1792 3894; x_wconf 82' lang='grc' dir='ltr'>μὴ</span> 
     </span>
    </p>
   </div>
   <div class='ocr_carea' id='block_1_80' title="bbox 206 3909 1791 3986">
    <p class='ocr_par' dir='ltr' id='par_1_80' title="bbox 206 3909 1791 3986">
     <span class='ocr_line' id='line_1_80' title="bbox 206 3909 1791 3986; baseline 0.004 -22"><span class='ocrx_word' id='word_1_594' title='bbox 206 3913 513 3981; x_wconf 77' lang='grc' dir='ltr'>ἐμπίπτειν</span> <span class='ocrx_word' id='word_1_595' title='bbox 567 3911 646 3974; x_wconf 89' lang='grc' dir='ltr'><strong>είς</strong></span> <span class='ocrx_word' id='word_1_596' title='bbox 696 3910 842 3981; x_wconf 74' lang='grc' dir='ltr'>ἡμᾶς</span> <span class='ocrx_word' id='word_1_597' title='bbox 889 3909 1017 3973; x_wconf 73' lang='grc' dir='ltr'>τοὺς</span> <span class='ocrx_word' id='word_1_598' title='bbox 1070 3910 1362 3983; x_wconf 80' lang='grc' dir='ltr'>λογισμοὺς</span> <span class='ocrx_word' id='word_1_599' title='bbox 1403 3914 1464 3965; x_wconf 85' lang='grc' dir='ltr'><strong>ού</strong></span> <span class='ocrx_word' id='word_1_600' title='bbox 1492 3913 1791 3986; x_wconf 82' lang='grc' dir='ltr'>δυνάμεθα,</span> 
     </span>
    </p>
   </div>
   <div class='ocr_carea' id='block_1_81' title="bbox 205 4001 1794 4080">
    <p class='ocr_par' dir='ltr' id='par_1_81' title="bbox 205 4001 1794 4080">
     <span class='ocr_line' id='line_1_81' title="bbox 205 4001 1794 4080; baseline 0.004 -24"><span class='ocrx_word' id='word_1_601' title='bbox 205 4008 341 4074; x_wconf 70' lang='grc' dir='ltr'>πρὸς</span> <span class='ocrx_word' id='word_1_602' title='bbox 393 4002 634 4074; x_wconf 82' lang='grc' dir='ltr'>δοκιμὴν</span> <span class='ocrx_word' id='word_1_603' title='bbox 675 4002 831 4073; x_wconf 77' lang='grc' dir='ltr'>ἡμῶν</span> <span class='ocrx_word' id='word_1_604' title='bbox 874 4001 1069 4068; x_wconf 77' lang='grc' dir='ltr'>ἔξωθεν</span> <span class='ocrx_word' id='word_1_605' title='bbox 1099 4005 1528 4075; x_wconf 82' lang='grc' dir='ltr'>είσπνεομένους·</span> <span class='ocrx_word' id='word_1_606' title='bbox 1569 4008 1643 4080; x_wconf 84' lang='grc' dir='ltr'>μὴ</span> <span class='ocrx_word' id='word_1_607' title='bbox 1678 4026 1794 4062; x_wconf 86' lang='grc' dir='ltr'>πει-</span> 
     </span>
    </p>
   </div>
   <div class='ocr_carea' id='block_1_82' title="bbox 209 4093 1793 4169">
    <p class='ocr_par' dir='ltr' id='par_1_82' title="bbox 209 4093 1793 4169">
     <span class='ocr_line' id='line_1_82' title="bbox 209 4093 1793 4169; baseline 0.003 -20"><span class='ocrx_word' id='word_1_608' title='bbox 209 4095 401 4165; x_wconf 75' lang='grc' dir='ltr'>σθῆναι</span> <span class='ocrx_word' id='word_1_609' title='bbox 439 4095 648 4167; x_wconf 84' lang='grc' dir='ltr'>μέντοι,</span> <span class='ocrx_word' id='word_1_610' title='bbox 674 4094 705 4164; x_wconf 86' lang='grc' dir='ltr'>ἦ</span> <span class='ocrx_word' id='word_1_611' title='bbox 745 4093 817 4164; x_wconf 82' lang='grc' dir='ltr'>μὴ</span> <span class='ocrx_word' id='word_1_612' title='bbox 838 4093 1070 4164; x_wconf 80' lang='grc' dir='ltr'>χρῆσθαι</span> <span class='ocrx_word' id='word_1_613' title='bbox 1096 4096 1276 4159; x_wconf 79' lang='grc' dir='ltr'>αὐτοῖς</span> <span class='ocrx_word' id='word_1_614' title='bbox 1302 4096 1596 4169; x_wconf 81' lang='grc' dir='ltr'>δυνάμεθα.</span> <span class='ocrx_word' id='word_1_615' title='bbox 1642 4101 1793 4153; x_wconf 76' lang='grc' dir='ltr'>Ἐπεὶ</span> 
     </span>
    </p>
   </div>
   <div class='ocr_carea' id='block_1_83' title="bbox 1967 3633 3465 3706">
    <p class='ocr_par' dir='ltr' id='par_1_83' title="bbox 1967 3633 3465 3706">
     <span class='ocr_line' id='line_1_83' title="bbox 1967 3633 3465 3706; baseline 0.004 -21"><span class='ocrx_word' id='word_1_616' title='bbox 1967 3633 2131 3706; x_wconf 63' lang='grc'><strong>584</strong></span> <span class='ocrx_word' id='word_1_617' title='bbox 2164 3633 2317 3687; x_wconf 84' lang='lat' dir='ltr'><strong>LVII.</strong></span> <span class='ocrx_word' id='word_1_618' title='bbox 2342 3634 2525 3705; x_wconf 87' lang='lat' dir='ltr'><strong>Neque</strong></span> <span class='ocrx_word' id='word_1_619' title='bbox 2546 3634 2692 3690; x_wconf 88' lang='lat' dir='ltr'><strong>enim</strong></span> <span class='ocrx_word' id='word_1_620' title='bbox 2721 3634 2775 3687; x_wconf 92' lang='lat' dir='ltr'><strong>in</strong></span> <span class='ocrx_word' id='word_1_621' title='bbox 2809 3634 2969 3690; x_wconf 90' lang='lat' dir='ltr'><strong>nobis</strong></span> <span class='ocrx_word' id='word_1_622' title='bbox 2991 3635 3102 3691; x_wconf 93' lang='lat' dir='ltr'><strong>ullo</strong></span> <span class='ocrx_word' id='word_1_623' title='bbox 3120 3635 3279 3691; x_wconf 90' lang='lat' dir='ltr'><strong>modo</strong></span> <span class='ocrx_word' id='word_1_624' title='bbox 3297 3636 3465 3692; x_wconf 77' lang='lat' dir='ltr'><strong>situm</strong></span> 
     </span>
    </p>
   </div>
   <div class='ocr_carea' id='block_1_84' title="bbox 1895 3723 3461 3795">
    <p class='ocr_par' dir='ltr' id='par_1_84' title="bbox 1895 3723 3461 3795">
     <span class='ocr_line' id='line_1_84' title="bbox 1895 3723 3461 3795; baseline 0.003 -16"><span class='ocrx_word' id='word_1_625' title='bbox 1895 3731 1997 3789; x_wconf 86' lang='lat' dir='ltr'><strong>est,</strong></span> <span class='ocrx_word' id='word_1_626' title='bbox 2027 3724 2373 3779; x_wconf 88' lang='lat' dir='ltr'><strong>abhorrentia</strong></span> <span class='ocrx_word' id='word_1_627' title='bbox 2399 3724 2661 3794; x_wconf 77' lang='lat' dir='ltr'><strong>cogitare,</strong></span> <span class='ocrx_word' id='word_1_628' title='bbox 2690 3723 2775 3777; x_wconf 71' lang='lat' dir='ltr'><strong>vel</strong></span> <span class='ocrx_word' id='word_1_629' title='bbox 2804 3738 2911 3777; x_wconf 88' lang='lat' dir='ltr'><strong>non</strong></span> <span class='ocrx_word' id='word_1_630' title='bbox 2933 3726 3209 3793; x_wconf 89' lang='lat' dir='ltr'><strong>cogitare;</strong></span> <span class='ocrx_word' id='word_1_631' title='bbox 3237 3727 3333 3783; x_wconf 92' lang='lat' dir='ltr'><strong>sed</strong></span> <span class='ocrx_word' id='word_1_632' title='bbox 3360 3731 3461 3795; x_wconf 89' lang='lat' dir='ltr'><strong>uti,</strong></span> 
     </span>
    </p>
   </div>
   <div class='ocr_carea' id='block_1_85' title="bbox 1888 3812 3471 3897">
    <p class='ocr_par' dir='ltr' id='par_1_85' title="bbox 1888 3812 3471 3897">
     <span class='ocr_line' id='line_1_85' title="bbox 1888 3812 3471 3897; baseline 0.003 -28"><span class='ocrx_word' id='word_1_633' title='bbox 1888 3815 1973 3869; x_wconf 87' lang='lat' dir='ltr'><strong>vel</strong></span> <span class='ocrx_word' id='word_1_634' title='bbox 2006 3831 2115 3869; x_wconf 88' lang='lat' dir='ltr'><strong>non</strong></span> <span class='ocrx_word' id='word_1_635' title='bbox 2134 3814 2211 3869; x_wconf 92' lang='lat' dir='ltr'><strong>uti</strong></span> <span class='ocrx_word' id='word_1_636' title='bbox 2234 3815 2502 3885; x_wconf 81' lang='lat' dir='ltr'><strong>cogitatis.</strong></span> <span class='ocrx_word' id='word_1_637' title='bbox 2527 3812 2662 3867; x_wconf 89' lang='lat' dir='ltr'><strong>Nam</strong></span> <span class='ocrx_word' id='word_1_638' title='bbox 2693 3828 2759 3868; x_wconf 91' lang='lat' dir='ltr'><strong>ne</strong></span> <span class='ocrx_word' id='word_1_639' title='bbox 2790 3812 2950 3867; x_wconf 89' lang='lat' dir='ltr'><strong>nobis</strong></span> <span class='ocrx_word' id='word_1_640' title='bbox 2986 3813 3291 3897; x_wconf 74' lang='lat' dir='ltr'><strong>istiusmodi</strong></span> <span class='ocrx_word' id='word_1_641' title='bbox 3312 3821 3471 3889; x_wconf 31' lang='lat' dir='ltr'><strong>cogis</strong></span> 
     </span>
    </p>
   </div>
   <div class='ocr_carea' id='block_1_86' title="bbox 1890 3904 3464 3977">
    <p class='ocr_par' dir='ltr' id='par_1_86' title="bbox 1890 3904 3464 3977">
     <span class='ocr_line' id='line_1_86' title="bbox 1890 3904 3464 3977; baseline 0.001 -14"><span class='ocrx_word' id='word_1_642' title='bbox 1890 3908 2121 3963; x_wconf 86' lang='lat' dir='ltr'><strong>lationes</strong></span> <span class='ocrx_word' id='word_1_643' title='bbox 2137 3908 2423 3977; x_wconf 87' lang='lat' dir='ltr'><strong>obrepant,</strong></span> <span class='ocrx_word' id='word_1_644' title='bbox 2442 3922 2562 3977; x_wconf 83' lang='lat' dir='ltr'><strong>quae</strong></span> <span class='ocrx_word' id='word_1_645' title='bbox 2580 3904 2844 3975; x_wconf 88' lang='lat' dir='ltr'><strong>probandi</strong></span> <span class='ocrx_word' id='word_1_646' title='bbox 2873 3905 3046 3959; x_wconf 89' lang='lat' dir='ltr'><strong>nostri</strong></span> <span class='ocrx_word' id='word_1_647' title='bbox 3065 3920 3231 3962; x_wconf 84' lang='lat' dir='ltr'><strong>causa</strong></span> <span class='ocrx_word' id='word_1_648' title='bbox 3255 3912 3464 3965; x_wconf 82' lang='lat' dir='ltr'><strong>extrin-</strong></span> 
     </span>
    </p>
   </div>
   <div class='ocr_carea' id='block_1_87' title="bbox 1891 3996 3466 4071">
    <p class='ocr_par' dir='ltr' id='par_1_87' title="bbox 1891 3996 3466 4071">
     <span class='ocr_line' id='line_1_87' title="bbox 1891 3996 3466 4071; baseline 0.003 -18"><span class='ocrx_word' id='word_1_649' title='bbox 1891 4012 2050 4071; x_wconf 84' lang='lat' dir='ltr'><strong>secus</strong></span> <span class='ocrx_word' id='word_1_650' title='bbox 2081 3997 2470 4063; x_wconf 88' lang='lat' dir='ltr'><strong>immittuntur,</strong></span> <span class='ocrx_word' id='word_1_651' title='bbox 2517 3996 2809 4068; x_wconf 86' lang='lat' dir='ltr'><strong>prohibere</strong></span> <span class='ocrx_word' id='word_1_652' title='bbox 2847 4011 2955 4052; x_wconf 91' lang='lat' dir='ltr'><strong>non</strong></span> <span class='ocrx_word' id='word_1_653' title='bbox 2988 4012 3279 4067; x_wconf 89' lang='lat' dir='ltr'><strong>possumus</strong></span> <span class='ocrx_word' id='word_1_654' title='bbox 3304 4017 3319 4065; x_wconf 91' lang='lat'><strong>;</strong></span> <span class='ocrx_word' id='word_1_655' title='bbox 3349 4018 3466 4058; x_wconf 85' lang='lat' dir='ltr'><strong>non</strong></span> 
     </span>
    </p>
   </div>
   <div class='ocr_carea' id='block_1_88' title="bbox 1892 4087 3462 4162">
    <p class='ocr_par' dir='ltr' id='par_1_88' title="bbox 1892 4087 3462 4162">
     <span class='ocr_line' id='line_1_88' title="bbox 1892 4087 3462 4162; baseline 0.003 -20"><span class='ocrx_word' id='word_1_656' title='bbox 1892 4089 2171 4153; x_wconf 87' lang='lat' dir='ltr'><strong>assentiri,</strong></span> <span class='ocrx_word' id='word_1_657' title='bbox 2213 4096 2268 4144; x_wconf 88' lang='lat' dir='ltr'><strong>et</strong></span> <span class='ocrx_word' id='word_1_658' title='bbox 2317 4088 2515 4143; x_wconf 91' lang='lat' dir='ltr'><strong>oblatis</strong></span> <span class='ocrx_word' id='word_1_659' title='bbox 2568 4103 2678 4143; x_wconf 88' lang='lat' dir='ltr'><strong>non</strong></span> <span class='ocrx_word' id='word_1_660' title='bbox 2740 4087 2839 4151; x_wconf 91' lang='lat' dir='ltr'><strong>uti,</strong></span> <span class='ocrx_word' id='word_1_661' title='bbox 2893 4102 3210 4156; x_wconf 89' lang='lat' dir='ltr'><strong>possumus.</strong></span> <span class='ocrx_word' id='word_1_662' title='bbox 3242 4090 3462 4162; x_wconf 83' lang='lat' dir='ltr'><strong>Alioqui</strong></span> 
     </span>
    </p>
   </div>
   <div class='ocr_carea' id='block_1_89' title="bbox 207 4180 1786 4261">
    <p class='ocr_par' dir='ltr' id='par_1_89' title="bbox 207 4184 1786 4257">
     <span class='ocr_line' id='line_1_89' title="bbox 207 4184 1786 4257; baseline 0.004 -21"><span class='ocrx_word' id='word_1_663' title='bbox 207 4184 323 4248; x_wconf 80' lang='grc' dir='ltr'><strong>πῶς</strong></span> <span class='ocrx_word' id='word_1_664' title='bbox 370 4187 400 4238; x_wconf 86' lang='lat'><strong>6</strong></span> <span class='ocrx_word' id='word_1_665' title='bbox 477 4184 801 4246; x_wconf 80' lang='grc' dir='ltr'>’Λπὸστολος</span> <span class='ocrx_word' id='word_1_666' title='bbox 831 4184 893 4236; x_wconf 80' lang='grc' dir='ltr'>τὸ</span> <span class='ocrx_word' id='word_1_667' title='bbox 947 4184 1046 4254; x_wconf 84' lang='grc' dir='ltr'>μὲν</span> <span class='ocrx_word' id='word_1_668' title='bbox 1101 4185 1269 4238; x_wconf 79' lang='grc' dir='ltr'>κακὸν</span> <span class='ocrx_word' id='word_1_669' title='bbox 1332 4186 1427 4256; x_wconf 84' lang='grc' dir='ltr'>οὐχ</span> <span class='ocrx_word' id='word_1_670' title='bbox 1477 4188 1697 4257; x_wconf 75' lang='grc' dir='ltr'>ἣκιστα,</span> <span class='ocrx_word' id='word_1_671' title='bbox 1745 4184 1786 4257; x_wconf 81' lang='grc' dir='ltr'>ᾧ</span> 
     </span>
    </p>
   </div>
   <div class='ocr_carea' id='block_1_90' title="bbox 1896 4180 3462 4261">
    <p class='ocr_par' dir='ltr' id='par_1_90' title="bbox 1896 4180 3462 4261">
     <span class='ocr_line' id='line_1_90' title="bbox 1896 4180 3462 4261; baseline 0.003 -25"><span class='ocrx_word' id='word_1_672' title='bbox 1896 4181 2170 4261; x_wconf 84' lang='lat' dir='ltr'><strong>quomodo</strong></span> <span class='ocrx_word' id='word_1_673' title='bbox 2218 4180 2439 4236; x_wconf 88' lang='lat' dir='ltr'><strong>tandem</strong></span> <span class='ocrx_word' id='word_1_674' title='bbox 2494 4180 2789 4251; x_wconf 83' lang='lat' dir='ltr'><strong>Apostolus</strong></span> <span class='ocrx_word' id='word_1_675' title='bbox 2846 4180 3071 4245; x_wconf 91' lang='lat' dir='ltr'><strong>malum,</strong></span> <span class='ocrx_word' id='word_1_676' title='bbox 3137 4182 3283 4251; x_wconf 90' lang='lat' dir='ltr'><strong>quod</strong></span> <span class='ocrx_word' id='word_1_677' title='bbox 3356 4184 3462 4240; x_wconf 84' lang='lat' dir='ltr'><strong>sibi</strong></span> 
     </span>
    </p>
   </div>
   <div class='ocr_carea' id='block_1_91' title="bbox 208 4268 1783 4348">
    <p class='ocr_par' dir='ltr' id='par_1_91' title="bbox 208 4268 1783 4348">
     <span class='ocr_line' id='line_1_91' title="bbox 208 4268 1783 4348; baseline 0.004 -23"><span class='ocrx_word' id='word_1_678' title='bbox 208 4275 601 4345; x_wconf 79' lang='grc' dir='ltr'>ἀπηρέσκετο,</span> <span class='ocrx_word' id='word_1_679' title='bbox 661 4273 870 4337; x_wconf 87' lang='grc' dir='ltr'>ἐποίει,</span> <span class='ocrx_word' id='word_1_680' title='bbox 931 4272 992 4325; x_wconf 83' lang='grc' dir='ltr'>τδ</span> <span class='ocrx_word' id='word_1_681' title='bbox 1042 4272 1100 4326; x_wconf 88' lang='grc' dir='ltr'><strong>δέ</strong></span> <span class='ocrx_word' id='word_1_682' title='bbox 1172 4273 1332 4328; x_wconf 86' lang='grc' dir='ltr'>καλὸν</span> <span class='ocrx_word' id='word_1_683' title='bbox 1396 4268 1441 4342; x_wconf 85' lang='grc' dir='ltr'><strong>ᾧ</strong></span> <span class='ocrx_word' id='word_1_684' title='bbox 1499 4276 1783 4348; x_wconf 73' lang='grc' dir='ltr'>ἠρέσκετο,</span> 
     </span>
    </p>
   </div>
   <div class='ocr_carea' id='block_1_92' title="bbox 196 4362 1786 4436">
    <p class='ocr_par' dir='ltr' id='par_1_92' title="bbox 196 4362 1786 4436">
     <span class='ocr_line' id='line_1_92' title="bbox 196 4362 1786 4436; baseline 0.004 -22"><span class='ocrx_word' id='word_1_685' title='bbox 196 4363 432 4430; x_wconf 73' lang='grc' dir='ltr'>ιῆκιστα,</span> <span class='ocrx_word' id='word_1_686' title='bbox 457 4365 514 4415; x_wconf 83' lang='grc' dir='ltr'>εἰ</span> <span class='ocrx_word' id='word_1_687' title='bbox 540 4363 614 4433; x_wconf 84' lang='grc' dir='ltr'>μὴ</span> <span class='ocrx_word' id='word_1_688' title='bbox 645 4362 900 4432; x_wconf 76' lang='grc' dir='ltr'>περὶτῶν</span> <span class='ocrx_word' id='word_1_689' title='bbox 924 4362 1145 4416; x_wconf 86' lang='grc' dir='ltr'>ὀθνείων</span> <span class='ocrx_word' id='word_1_690' title='bbox 1163 4363 1560 4435; x_wconf 77' lang='grc' dir='ltr'>ἐνθυμημάτων</span> <span class='ocrx_word' id='word_1_691' title='bbox 1583 4366 1786 4436; x_wconf 75' lang='grc' dir='ltr'>ἔλεγεν,</span> 
     </span>
    </p>
   </div>
   <div class='ocr_carea' id='block_1_93' title="bbox 212 4452 1789 4526">
    <p class='ocr_par' dir='ltr' id='par_1_93' title="bbox 212 4452 1789 4526">
     <span class='ocr_line' id='line_1_93' title="bbox 212 4452 1789 4526; baseline 0.004 -22"><span class='ocrx_word' id='word_1_692' title='bbox 212 4452 246 4504; x_wconf 79' lang='grc' dir='ltr'>ἂ</span> <span class='ocrx_word' id='word_1_693' title='bbox 271 4453 658 4526; x_wconf 85' lang='grc' dir='ltr'>ἐνθυμούμεθα</span> <span class='ocrx_word' id='word_1_694' title='bbox 689 4452 799 4506; x_wconf 72' lang='grc' dir='ltr'>ἐσθ’</span> <span class='ocrx_word' id='word_1_695' title='bbox 832 4453 921 4507; x_wconf 83' lang='grc' dir='ltr'><strong>ὅτε</strong></span> <span class='ocrx_word' id='word_1_696' title='bbox 949 4454 1041 4507; x_wconf 84' lang='grc' dir='ltr'><strong>καὶ</strong></span> <span class='ocrx_word' id='word_1_697' title='bbox 1074 4453 1148 4525; x_wconf 83' lang='grc' dir='ltr'>μὴ</span> <span class='ocrx_word' id='word_1_698' title='bbox 1177 4454 1512 4526; x_wconf 85' lang='grc' dir='ltr'>βουλόμενοι,</span> <span class='ocrx_word' id='word_1_699' title='bbox 1562 4457 1623 4523; x_wconf 80' lang='grc' dir='ltr'><strong>ἐξ</strong></span> <span class='ocrx_word' id='word_1_700' title='bbox 1671 4459 1789 4522; x_wconf 78' lang='grc' dir='ltr'>οἵας</span> 
     </span>
    </p>
   </div>
   <div class='ocr_carea' id='block_1_94' title="bbox 211 4543 1788 4620">
    <p class='ocr_par' dir='ltr' id='par_1_94' title="bbox 211 4543 1788 4620">
     <span class='ocr_line' id='line_1_94' title="bbox 211 4543 1788 4620; baseline 0.004 -25"><span class='ocrx_word' id='word_1_701' title='bbox 211 4545 269 4595; x_wconf 75' lang='grc' dir='ltr'><strong>οὐ</strong></span> <span class='ocrx_word' id='word_1_702' title='bbox 317 4545 681 4612; x_wconf 77' lang='grc' dir='ltr'>γινώσκοντες</span> <span class='ocrx_word' id='word_1_703' title='bbox 725 4543 934 4609; x_wconf 58' lang='lat' dir='ltr'><strong>uictas;</strong></span> <span class='ocrx_word' id='word_1_704' title='bbox 967 4545 1034 4596; x_wconf 82' lang='grc' dir='ltr'><strong>’Λ</strong></span> <span class='ocrx_word' id='word_1_705' title='bbox 1076 4545 1472 4617; x_wconf 81' lang='grc' dir='ltr'>ἀνατρέπεσθαι</span> <span class='ocrx_word' id='word_1_706' title='bbox 1523 4547 1628 4620; x_wconf 80' lang='grc' dir='ltr'>χρὴ</span> <span class='ocrx_word' id='word_1_707' title='bbox 1695 4548 1788 4601; x_wconf 78' lang='grc' dir='ltr'>καὶ</span> 
     </span>
    </p>
   </div>
   <div class='ocr_carea' id='block_1_95' title="bbox 213 4632 1786 4708">
    <p class='ocr_par' dir='ltr' id='par_1_95' title="bbox 213 4632 1786 4708">
     <span class='ocr_line' id='line_1_95' title="bbox 213 4632 1786 4708; baseline 0.004 -23"><span class='ocrx_word' id='word_1_708' title='bbox 213 4634 681 4705; x_wconf 70' lang='grc' dir='ltr'>ἐπιστομίζεσθαι,</span> <span class='ocrx_word' id='word_1_709' title='bbox 725 4635 810 4687; x_wconf 76' lang='grc' dir='ltr'>ἵνα</span> <span class='ocrx_word' id='word_1_710' title='bbox 846 4632 920 4703; x_wconf 82' lang='grc' dir='ltr'><strong>μὴ</strong></span> <span class='ocrx_word' id='word_1_711' title='bbox 965 4634 1299 4704; x_wconf 83' lang='grc' dir='ltr'>εύρυνόμεθα</span> <span class='ocrx_word' id='word_1_712' title='bbox 1332 4636 1347 4666; x_wconf 93' lang='grc'>¹</span> <span class='ocrx_word' id='word_1_713' title='bbox 1381 4636 1488 4689; x_wconf 86' lang='grc' dir='ltr'><strong>τῶν</strong></span> <span class='ocrx_word' id='word_1_714' title='bbox 1534 4636 1786 4708; x_wconf 84' lang='grc' dir='ltr'>περάτων</span> 
     </span>
    </p>
   </div>
   <div class='ocr_carea' id='block_1_96' title="bbox 217 4722 1785 4797">
    <p class='ocr_par' dir='ltr' id='par_1_96' title="bbox 217 4722 1785 4797">
     <span class='ocr_line' id='line_1_96' title="bbox 217 4722 1785 4797; baseline 0.003 -22"><span class='ocrx_word' id='word_1_715' title='bbox 217 4727 533 4795; x_wconf 82' lang='grc' dir='ltr'>κρατήσωσι</span> <span class='ocrx_word' id='word_1_716' title='bbox 564 4725 661 4794; x_wconf 83' lang='grc' dir='ltr'>τῆς</span> <span class='ocrx_word' id='word_1_717' title='bbox 686 4723 883 4795; x_wconf 78' lang='grc' dir='ltr'>ψυχῆς.</span> <span class='ocrx_word' id='word_1_718' title='bbox 929 4722 1232 4793; x_wconf 83' lang='grc' dir='ltr'>Ἀμήχανον</span> <span class='ocrx_word' id='word_1_719' title='bbox 1259 4726 1366 4797; x_wconf 85' lang='grc' dir='ltr'><strong>γὰρ</strong></span> <span class='ocrx_word' id='word_1_720' title='bbox 1401 4727 1604 4780; x_wconf 84' lang='grc' dir='ltr'>τούτων</span> <span class='ocrx_word' id='word_1_721' title='bbox 1635 4729 1785 4780; x_wconf 84' lang='grc' dir='ltr'>ἐνευ-</span> 
     </span>
    </p>
   </div>
   <div class='ocr_carea' id='block_1_97' title="bbox 217 4815 1786 4889">
    <p class='ocr_par' dir='ltr' id='par_1_97' title="bbox 217 4815 1786 4889">
     <span class='ocr_line' id='line_1_97' title="bbox 217 4815 1786 4889; baseline 0.003 -23"><span class='ocrx_word' id='word_1_722' title='bbox 217 4817 555 4886; x_wconf 58' lang='grc' dir='ltr'>διαιρούντων</span> <span class='ocrx_word' id='word_1_723' title='bbox 593 4818 650 4868; x_wconf 90' lang='grc' dir='ltr'><strong>ἐν</strong></span> <span class='ocrx_word' id='word_1_724' title='bbox 683 4818 811 4886; x_wconf 78' lang='grc' dir='ltr'>ἡμῖν</span> <span class='ocrx_word' id='word_1_725' title='bbox 846 4815 1196 4870; x_wconf 76' lang='grc' dir='ltr'>ὲπανατείλαι</span> <span class='ocrx_word' id='word_1_726' title='bbox 1220 4816 1282 4869; x_wconf 80' lang='grc' dir='ltr'>τὸ</span> <span class='ocrx_word' id='word_1_727' title='bbox 1317 4817 1537 4886; x_wconf 86' lang='grc' dir='ltr'>ἀγαθόν.</span> <span class='ocrx_word' id='word_1_728' title='bbox 1580 4817 1786 4889; x_wconf 76' lang='grc' dir='ltr'>Ὀρθῶς</span> 
     </span>
    </p>
   </div>
   <div class='ocr_carea' id='block_1_98' title="bbox 219 4905 1778 4977">
    <p class='ocr_par' dir='ltr' id='par_1_98' title="bbox 219 4905 1778 4977">
     <span class='ocr_line' id='line_1_98' title="bbox 219 4905 1778 4977; baseline 0.004 -19"><span class='ocrx_word' id='word_1_729' title='bbox 219 4906 343 4977; x_wconf 84' lang='grc' dir='ltr'>ἄρα,</span> <span class='ocrx_word' id='word_1_730' title='bbox 391 4911 460 4961; x_wconf 89' lang='grc' dir='ltr'><strong><em>Ὃ</em></strong></span> <span class='ocrx_word' id='word_1_731' title='bbox 503 4908 612 4977; x_wconf 68' lang='grc' dir='ltr'>γὰρ</span> <span class='ocrx_word' id='word_1_732' title='bbox 665 4905 1083 4976; x_wconf 69' lang='grc' dir='ltr'>κατεργάζομαι</span> <span class='ocrx_word' id='word_1_733' title='bbox 1122 4909 1194 4961; x_wconf 87' lang='grc' dir='ltr'>οὐ</span> <span class='ocrx_word' id='word_1_734' title='bbox 1227 4907 1523 4977; x_wconf 82' lang='grc' dir='ltr'>γινώσκω,</span> <span class='ocrx_word' id='word_1_735' title='bbox 1573 4909 1778 4977; x_wconf 81' lang='grc' dir='ltr'>ἔλεγεν.</span> 
     </span>
    </p>
   </div>
   <div class='ocr_carea' id='block_1_99' title="bbox 214 4998 1777 5069">
    <p class='ocr_par' dir='ltr' id='par_1_99' title="bbox 214 4998 1777 5069">
     <span class='ocr_line' id='line_1_99' title="bbox 214 4998 1777 5069; baseline 0.003 -19"><span class='ocrx_word' id='word_1_736' title='bbox 214 5001 294 5050; x_wconf 82' lang='grc' dir='ltr'><strong>Οὺ</strong></span> <span class='ocrx_word' id='word_1_737' title='bbox 326 5000 435 5069; x_wconf 75' lang='grc' dir='ltr'>γὰρ</span> <span class='ocrx_word' id='word_1_738' title='bbox 461 5000 493 5054; x_wconf 90' lang='lat'><strong>6</strong></span> <span class='ocrx_word' id='word_1_739' title='bbox 520 4999 671 5054; x_wconf 70' lang='grc' dir='ltr'>θέλω</span> <span class='ocrx_word' id='word_1_740' title='bbox 690 4998 959 5067; x_wconf 80' lang='grc' dir='ltr'>πράσσω,</span> <span class='ocrx_word' id='word_1_741' title='bbox 982 5000 1119 5053; x_wconf 72' lang='grc' dir='ltr'><strong>ἀλλ’</strong></span> <span class='ocrx_word' id='word_1_742' title='bbox 1147 5000 1179 5053; x_wconf 89' lang='lat'><strong>6</strong></span> <span class='ocrx_word' id='word_1_743' title='bbox 1206 4998 1385 5069; x_wconf 85' lang='grc' dir='ltr'>μισῶ,</span> <span class='ocrx_word' id='word_1_744' title='bbox 1415 5000 1588 5054; x_wconf 85' lang='grc' dir='ltr'>τοῦτο</span> <span class='ocrx_word' id='word_1_745' title='bbox 1610 5000 1777 5055; x_wconf 83' lang='grc' dir='ltr'>ποιῶ.</span> 
     </span>
    </p>
   </div>
   <div class='ocr_carea' id='block_1_100' title="bbox 1894 4271 3463 4344">
    <p class='ocr_par' dir='ltr' id='par_1_100' title="bbox 1894 4271 3463 4344">
     <span class='ocr_line' id='line_1_100' title="bbox 1894 4271 3463 4344; baseline 0.001 -16"><span class='ocrx_word' id='word_1_746' title='bbox 1894 4273 2236 4344; x_wconf 88' lang='lat' dir='ltr'><strong>displicebat,</strong></span> <span class='ocrx_word' id='word_1_747' title='bbox 2268 4272 2502 4327; x_wconf 78' lang='lat' dir='ltr'><strong>maxime</strong></span> <span class='ocrx_word' id='word_1_748' title='bbox 2528 4271 2917 4326; x_wconf 88' lang='lat' dir='ltr'><strong>committeret:</strong></span> <span class='ocrx_word' id='word_1_749' title='bbox 2938 4271 3141 4326; x_wconf 88' lang='lat' dir='ltr'><strong>bonum</strong></span> <span class='ocrx_word' id='word_1_750' title='bbox 3164 4288 3291 4329; x_wconf 91' lang='lat' dir='ltr'><strong>vero</strong></span> <span class='ocrx_word' id='word_1_751' title='bbox 3316 4276 3463 4343; x_wconf 90' lang='lat' dir='ltr'><strong>quod</strong></span> 
     </span>
    </p>
   </div>
   <div class='ocr_carea' id='block_1_101' title="bbox 1897 4362 3464 4436">
    <p class='ocr_par' dir='ltr' id='par_1_101' title="bbox 1897 4362 3464 4436">
     <span class='ocr_line' id='line_1_101' title="bbox 1897 4362 3464 4436; baseline 0.001 -17"><span class='ocrx_word' id='word_1_752' title='bbox 1897 4365 2168 4436; x_wconf 87' lang='lat' dir='ltr'><strong>placebat,</strong></span> <span class='ocrx_word' id='word_1_753' title='bbox 2188 4378 2526 4433; x_wconf 85' lang='lat' dir='ltr'><strong>nequaquam</strong></span> <span class='ocrx_word' id='word_1_754' title='bbox 2552 4362 2775 4429; x_wconf 80' lang='lat' dir='ltr'><strong>faceret,</strong></span> <span class='ocrx_word' id='word_1_755' title='bbox 2804 4363 2910 4418; x_wconf 90' lang='lat' dir='ltr'><strong>nisi</strong></span> <span class='ocrx_word' id='word_1_756' title='bbox 2939 4363 3006 4417; x_wconf 88' lang='lat' dir='ltr'><strong>de</strong></span> <span class='ocrx_word' id='word_1_757' title='bbox 3035 4365 3339 4435; x_wconf 86' lang='lat' dir='ltr'><strong>peregrinis</strong></span> <span class='ocrx_word' id='word_1_758' title='bbox 3369 4381 3464 4421; x_wconf 83' lang='grc' dir='ltr'><strong>εο-</strong></span> 
     </span>
    </p>
   </div>
   <div class='ocr_carea' id='block_1_102' title="bbox 1894 4452 3463 4524">
    <p class='ocr_par' dir='ltr' id='par_1_102' title="bbox 1894 4452 3463 4524">
     <span class='ocr_line' id='line_1_102' title="bbox 1894 4452 3463 4524; baseline 0.001 -17"><span class='ocrx_word' id='word_1_759' title='bbox 1894 4454 2250 4524; x_wconf 89' lang='lat' dir='ltr'><strong>gitationibus</strong></span> <span class='ocrx_word' id='word_1_760' title='bbox 2281 4453 2615 4522; x_wconf 87' lang='lat' dir='ltr'><strong>loqueretur,</strong></span> <span class='ocrx_word' id='word_1_761' title='bbox 2648 4467 2786 4523; x_wconf 91' lang='lat' dir='ltr'><strong>quas</strong></span> <span class='ocrx_word' id='word_1_762' title='bbox 2817 4452 3000 4508; x_wconf 92' lang='lat' dir='ltr'><strong>animo</strong></span> <span class='ocrx_word' id='word_1_763' title='bbox 3024 4454 3351 4523; x_wconf 89' lang='lat' dir='ltr'><strong>quandoque</strong></span> <span class='ocrx_word' id='word_1_764' title='bbox 3376 4454 3463 4509; x_wconf 89' lang='lat' dir='ltr'><strong>vel</strong></span> 
     </span>
    </p>
   </div>
   <div class='ocr_carea' id='block_1_103' title="bbox 1895 4545 3463 4614">
    <p class='ocr_par' dir='ltr' id='par_1_103' title="bbox 1895 4545 3463 4614">
     <span class='ocr_line' id='line_1_103' title="bbox 1895 4545 3463 4614; baseline 0.002 -16"><span class='ocrx_word' id='word_1_765' title='bbox 1895 4546 2049 4600; x_wconf 84' lang='lat' dir='ltr'><strong>inviti</strong></span> <span class='ocrx_word' id='word_1_766' title='bbox 2086 4545 2402 4614; x_wconf 87' lang='lat' dir='ltr'><strong>incertaque</strong></span> <span class='ocrx_word' id='word_1_767' title='bbox 2433 4545 2592 4601; x_wconf 92' lang='lat' dir='ltr'><strong>nobis</strong></span> <span class='ocrx_word' id='word_1_768' title='bbox 2613 4560 2682 4600; x_wconf 80' lang='lat' dir='ltr'><strong>ex</strong></span> <span class='ocrx_word' id='word_1_769' title='bbox 2721 4560 2885 4600; x_wconf 81' lang='lat' dir='ltr'><strong>causa</strong></span> <span class='ocrx_word' id='word_1_770' title='bbox 2913 4552 3152 4601; x_wconf 81' lang='lat' dir='ltr'><strong>tractare</strong></span> <span class='ocrx_word' id='word_1_771' title='bbox 3182 4546 3463 4601; x_wconf 70' lang='lat' dir='ltr'><strong>solemus?</strong></span> 
     </span>
    </p>
   </div>
   <div class='ocr_carea' id='block_1_104' title="bbox 1895 4634 3463 4705">
    <p class='ocr_par' dir='ltr' id='par_1_104' title="bbox 1895 4634 3463 4705">
     <span class='ocr_line' id='line_1_104' title="bbox 1895 4634 3463 4705; baseline 0.001 -16"><span class='ocrx_word' id='word_1_772' title='bbox 1895 4634 2043 4701; x_wconf 87' lang='lat' dir='ltr'><strong>Quas</strong></span> <span class='ocrx_word' id='word_1_773' title='bbox 2071 4634 2290 4705; x_wconf 85' lang='lat' dir='ltr'><strong>quidem</strong></span> <span class='ocrx_word' id='word_1_774' title='bbox 2327 4642 2571 4691; x_wconf 73' lang='lat' dir='ltr'><strong>evertere</strong></span> <span class='ocrx_word' id='word_1_775' title='bbox 2625 4643 2786 4705; x_wconf 89' lang='lat' dir='ltr'><strong>atque</strong></span> <span class='ocrx_word' id='word_1_776' title='bbox 2814 4635 3062 4690; x_wconf 88' lang='lat' dir='ltr'><strong>inhibere</strong></span> <span class='ocrx_word' id='word_1_777' title='bbox 3092 4635 3362 4699; x_wconf 84' lang='lat' dir='ltr'><strong>convenit,</strong></span> <span class='ocrx_word' id='word_1_778' title='bbox 3394 4651 3463 4691; x_wconf 90' lang='lat' dir='ltr'><strong>ne</strong></span> 
     </span>
    </p>
   </div>
   <div class='ocr_carea' id='block_1_105' title="bbox 1894 4726 3463 4797">
    <p class='ocr_par' dir='ltr' id='par_1_105' title="bbox 1894 4726 3463 4797">
     <span class='ocr_line' id='line_1_105' title="bbox 1894 4726 3463 4797; baseline 0 -16"><span class='ocrx_word' id='word_1_779' title='bbox 1894 4726 2124 4791; x_wconf 71' lang='lat' dir='ltr'><strong>tﬁﬁ‘usze,</strong></span> <span class='ocrx_word' id='word_1_780' title='bbox 2147 4743 2210 4782; x_wconf 89' lang='lat' dir='ltr'><strong>ac</strong></span> <span class='ocrx_word' id='word_1_781' title='bbox 2234 4726 2501 4782; x_wconf 72' lang='lat' dir='ltr'><strong>collatatae</strong></span> <span class='ocrx_word' id='word_1_782' title='bbox 2516 4732 2791 4783; x_wconf 76' lang='lat' dir='ltr'><strong>extremos</strong></span> <span class='ocrx_word' id='word_1_783' title='bbox 2816 4740 3062 4797; x_wconf 85' lang='lat' dir='ltr'><strong>quosque</strong></span> <span class='ocrx_word' id='word_1_784' title='bbox 3099 4726 3244 4781; x_wconf 80' lang='lat' dir='ltr'><strong>velut</strong></span> <span class='ocrx_word' id='word_1_785' title='bbox 3269 4726 3463 4781; x_wconf 61' lang='lat' dir='ltr'><strong>anima!</strong></span> 
     </span>
    </p>
   </div>
   <div class='ocr_carea' id='block_1_106' title="bbox 1895 4814 3464 4887">
    <p class='ocr_par' dir='ltr' id='par_1_106' title="bbox 1895 4814 3464 4887">
     <span class='ocr_line' id='line_1_106' title="bbox 1895 4814 3464 4887; baseline -0.001 -18"><span class='ocrx_word' id='word_1_786' title='bbox 1895 4814 2031 4873; x_wconf 88' lang='lat' dir='ltr'><strong>ﬁnes</strong></span> <span class='ocrx_word' id='word_1_787' title='bbox 2053 4818 2108 4872; x_wconf 91' lang='lat' dir='ltr'><strong>in</strong></span> <span class='ocrx_word' id='word_1_788' title='bbox 2134 4823 2458 4887; x_wconf 88' lang='lat' dir='ltr'><strong>potestatem</strong></span> <span class='ocrx_word' id='word_1_789' title='bbox 2509 4816 2756 4886; x_wconf 84' lang='lat' dir='ltr'><strong>redigant</strong></span> <span class='ocrx_word' id='word_1_790' title='bbox 2787 4834 2801 4870; x_wconf 88' lang='lat'><strong>:</strong></span> <span class='ocrx_word' id='word_1_791' title='bbox 2836 4829 3013 4885; x_wconf 88' lang='lat' dir='ltr'><strong>neque</strong></span> <span class='ocrx_word' id='word_1_792' title='bbox 3041 4815 3187 4870; x_wconf 89' lang='lat' dir='ltr'><strong>enim</strong></span> <span class='ocrx_word' id='word_1_793' title='bbox 3219 4814 3332 4869; x_wconf 91' lang='lat' dir='ltr'><strong>ﬁeri</strong></span> <span class='ocrx_word' id='word_1_794' title='bbox 3366 4829 3464 4885; x_wconf 85' lang='lat' dir='ltr'><strong>po—</strong></span> 
     </span>
    </p>
   </div>
   <div class='ocr_carea' id='block_1_107' title="bbox 1892 4907 3463 4973">
    <p class='ocr_par' dir='ltr' id='par_1_107' title="bbox 1892 4907 3463 4973">
     <span class='ocr_line' id='line_1_107' title="bbox 1892 4907 3463 4973; baseline 0.001 -11"><span class='ocrx_word' id='word_1_795' title='bbox 1892 4916 2020 4973; x_wconf 89' lang='lat' dir='ltr'><strong>test,</strong></span> <span class='ocrx_word' id='word_1_796' title='bbox 2062 4909 2203 4965; x_wconf 76' lang='lat' dir='ltr'><strong>utsi</strong></span> <span class='ocrx_word' id='word_1_797' title='bbox 2256 4909 2364 4963; x_wconf 64' lang='lat' dir='ltr'><strong>illa:</strong></span> <span class='ocrx_word' id='word_1_798' title='bbox 2409 4907 2690 4964; x_wconf 87' lang='lat' dir='ltr'><strong>commode</strong></span> <span class='ocrx_word' id='word_1_799' title='bbox 2741 4907 3135 4971; x_wconf 86' lang='lat' dir='ltr'><strong>suecreverint,</strong></span> <span class='ocrx_word' id='word_1_800' title='bbox 3168 4907 3369 4961; x_wconf 89' lang='lat' dir='ltr'><strong>bonum</strong></span> <span class='ocrx_word' id='word_1_801' title='bbox 3406 4907 3463 4964; x_wconf 92' lang='lat' dir='ltr'><strong>in</strong></span> 
     </span>
    </p>
   </div>
   <div class='ocr_carea' id='block_1_108' title="bbox 1888 4999 3460 5070">
    <p class='ocr_par' dir='ltr' id='par_1_108' title="bbox 1888 4999 3460 5070">
     <span class='ocr_line' id='line_1_108' title="bbox 1888 4999 3460 5070; baseline 0.003 -15"><span class='ocrx_word' id='word_1_802' title='bbox 1888 5000 2048 5056; x_wconf 86' lang='lat' dir='ltr'><strong>nobis</strong></span> <span class='ocrx_word' id='word_1_803' title='bbox 2084 5000 2407 5056; x_wconf 83' lang='lat' dir='ltr'><strong>elllorescat.</strong></span> <span class='ocrx_word' id='word_1_804' title='bbox 2438 4999 2601 5056; x_wconf 80' lang='lat' dir='ltr'><strong>Recte</strong></span> <span class='ocrx_word' id='word_1_805' title='bbox 2636 5001 2819 5069; x_wconf 87' lang='lat' dir='ltr'><strong>itaque</strong></span> <span class='ocrx_word' id='word_1_806' title='bbox 2868 4999 3086 5055; x_wconf 88' lang='lat' dir='ltr'><strong>dicebat</strong></span> <span class='ocrx_word' id='word_1_807' title='bbox 3113 5000 3410 5070; x_wconf 80' lang='lat' dir='ltr'><strong>Apostolus</strong></span> <span class='ocrx_word' id='word_1_808' title='bbox 3445 5020 3460 5059; x_wconf 83' lang='lat'><strong>:</strong></span> 
     </span>
    </p>
   </div>
   <div class='ocr_carea' id='block_1_109' title="bbox 296 5152 1786 5226">
    <p class='ocr_par' dir='ltr' id='par_1_109' title="bbox 296 5152 1786 5226">
     <span class='ocr_line' id='line_1_109' title="bbox 296 5152 1786 5226; baseline 0 -17"><span class='ocrx_word' id='word_1_809' title='bbox 296 5156 311 5185; x_wconf 84' lang='grc'>¹</span> <span class='ocrx_word' id='word_1_810' title='bbox 342 5153 471 5209; x_wconf 87' lang='lat' dir='ltr'><strong>Cor.</strong></span> <span class='ocrx_word' id='word_1_811' title='bbox 506 5155 859 5226; x_wconf 82' lang='grc' dir='ltr'>εὐρυνὸμενα.</span> <span class='ocrx_word' id='word_1_812' title='bbox 936 5155 956 5185; x_wconf 76' lang='grc'>³</span> <span class='ocrx_word' id='word_1_813' title='bbox 988 5153 1147 5211; x_wconf 83' lang='lat' dir='ltr'><strong>Rom.</strong></span> <span class='ocrx_word' id='word_1_814' title='bbox 1180 5169 1278 5218; x_wconf 86' lang='lat' dir='ltr'><strong>vn,</strong></span> <span class='ocrx_word' id='word_1_815' title='bbox 1319 5154 1404 5208; x_wconf 69' lang='lat' dir='ltr'><strong>it.</strong></span> <span class='ocrx_word' id='word_1_816' title='bbox 1482 5154 1503 5185; x_wconf 87' lang='grc'><strong><em>³</em></strong></span> <span class='ocrx_word' id='word_1_817' title='bbox 1540 5152 1698 5210; x_wconf 90' lang='lat' dir='ltr'><strong>Deut.</strong></span> <span class='ocrx_word' id='word_1_818' title='bbox 1733 5171 1786 5209; x_wconf 64' lang='grc' dir='ltr'>ιι</span> 
     </span>
    </p>
   </div>
   <div class='ocr_carea' id='block_1_110' title="bbox 1896 5152 2542 5226">
    <p class='ocr_par' dir='ltr' id='par_1_110' title="bbox 1903 5153 2542 5223">
     <span class='ocr_line' id='line_1_110' title="bbox 1903 5153 2542 5223; baseline 0.005 -15"><span class='ocrx_word' id='word_1_819' title='bbox 1903 5154 1991 5210; x_wconf 79' lang='grc'><strong>15.</strong></span> <span class='ocrx_word' id='word_1_820' title='bbox 2071 5154 2092 5185; x_wconf 76' lang='grc'><strong>⁸</strong></span> <span class='ocrx_word' id='word_1_821' title='bbox 2127 5153 2287 5209; x_wconf 80' lang='lat' dir='ltr'><strong>Rom.</strong></span> <span class='ocrx_word' id='word_1_822' title='bbox 2324 5172 2419 5223; x_wconf 86' lang='lat' dir='ltr'><strong>vn,</strong></span> <span class='ocrx_word' id='word_1_823' title='bbox 2456 5155 2542 5211; x_wconf 75' lang='lat'><strong>16.</strong></span> 
     </span>
    </p>
   </div>
   <div class='ocr_carea' id='block_1_111' title="bbox 295 5307 1778 5378">
    <p class='ocr_par' dir='ltr' id='par_1_111' title="bbox 295 5307 1778 5378">
     <span class='ocr_line' id='line_1_111' title="bbox 295 5307 1778 5378; baseline 0.001 -19"><span class='ocrx_word' id='word_1_824' title='bbox 295 5307 401 5377; x_wconf 69' lang='grc'><strong>(45)</strong></span> <span class='ocrx_word' id='word_1_825' title='bbox 445 5311 525 5361; x_wconf 86' lang='grc' dir='ltr'>οὺ</span> <span class='ocrx_word' id='word_1_826' title='bbox 561 5308 669 5376; x_wconf 77' lang='grc' dir='ltr'>γὰρ</span> <span class='ocrx_word' id='word_1_827' title='bbox 702 5308 792 5377; x_wconf 66' lang='grc' dir='ltr'><strong>ἐφ’</strong></span> <span class='ocrx_word' id='word_1_828' title='bbox 824 5308 967 5378; x_wconf 79' lang='grc' dir='ltr'><strong>ἡμῖν</strong></span> <span class='ocrx_word' id='word_1_829' title='bbox 1000 5307 1173 5372; x_wconf 78' lang='grc' dir='ltr'><strong>ὅλως.</strong></span> <span class='ocrx_word' id='word_1_830' title='bbox 1210 5307 1476 5362; x_wconf 68' lang='lat' dir='ltr'><strong>Prreelara</strong></span> <span class='ocrx_word' id='word_1_831' title='bbox 1505 5318 1557 5378; x_wconf 88' lang='lat' dir='ltr'><strong>et</strong></span> <span class='ocrx_word' id='word_1_832' title='bbox 1587 5309 1778 5361; x_wconf 84' lang='lat' dir='ltr'><strong>catho-</strong></span> 
     </span>
    </p>
   </div>
   <div class='ocr_carea' id='block_1_112' title="bbox 1888 5307 3459 5379">
    <p class='ocr_par' dir='ltr' id='par_1_112' title="bbox 1888 5307 3459 5379">
     <span class='ocr_line' id='line_1_112' title="bbox 1888 5307 3459 5379; baseline 0 -17"><span class='ocrx_word' id='word_1_833' title='bbox 1888 5307 2302 5379; x_wconf 85' lang='lat' dir='ltr'><strong>cupiscentiam,</strong></span> <span class='ocrx_word' id='word_1_834' title='bbox 2347 5316 2399 5362; x_wconf 89' lang='lat' dir='ltr'><strong>et</strong></span> <span class='ocrx_word' id='word_1_835' title='bbox 2438 5323 2558 5379; x_wconf 64' lang='lat' dir='ltr'><strong>qua!</strong></span> <span class='ocrx_word' id='word_1_836' title='bbox 2609 5322 2672 5361; x_wconf 77' lang='lat' dir='ltr'><strong>ex</strong></span> <span class='ocrx_word' id='word_1_837' title='bbox 2715 5308 2859 5361; x_wconf 92' lang='lat' dir='ltr'><strong>illius</strong></span> <span class='ocrx_word' id='word_1_838' title='bbox 2898 5309 3222 5378; x_wconf 80' lang='lat' dir='ltr'><strong>contagione</strong></span> <span class='ocrx_word' id='word_1_839' title='bbox 3273 5308 3459 5369; x_wconf 75' lang='lat' dir='ltr'><strong>invitis</strong></span> 
     </span>
    </p>
   </div>
   <div class='ocr_carea' id='block_1_113' title="bbox 226 5374 3458 5447">
    <p class='ocr_par' dir='ltr' id='par_1_113' title="bbox 226 5374 3458 5447">
     <span class='ocr_line' id='line_1_113' title="bbox 226 5374 3458 5447; baseline 0.002 -20"><span class='ocrx_word' id='word_1_840' title='bbox 226 5374 325 5429; x_wconf 83' lang='lat' dir='ltr'><strong>lica</strong></span> <span class='ocrx_word' id='word_1_841' title='bbox 349 5374 802 5446; x_wconf 80' lang='lat' dir='ltr'><strong>apostoliciillius</strong></span> <span class='ocrx_word' id='word_1_842' title='bbox 827 5374 955 5444; x_wconf 81' lang='lat' dir='ltr'><strong>dicti</strong></span> <span class='ocrx_word' id='word_1_843' title='bbox 982 5379 1271 5437; x_wconf 87' lang='lat' dir='ltr'><strong>sententia,</strong></span> <span class='ocrx_word' id='word_1_844' title='bbox 1299 5393 1460 5447; x_wconf 87' lang='lat' dir='ltr'><strong>quam</strong></span> <span class='ocrx_word' id='word_1_845' title='bbox 1480 5377 1781 5432; x_wconf 79' lang='lat' dir='ltr'><strong>Methodius</strong></span> <span class='ocrx_word' id='word_1_846' title='bbox 1888 5374 2047 5432; x_wconf 81' lang='lat' dir='ltr'><strong>nobis</strong></span> <span class='ocrx_word' id='word_1_847' title='bbox 2094 5378 2381 5446; x_wconf 84' lang='lat' dir='ltr'><strong>obrepunt,</strong></span> <span class='ocrx_word' id='word_1_848' title='bbox 2422 5374 2548 5432; x_wconf 62' lang='lat' dir='ltr'><strong>vere</strong></span> <span class='ocrx_word' id='word_1_849' title='bbox 2580 5393 2701 5431; x_wconf 63' lang='lat' dir='ltr'><strong>esse</strong></span> <span class='ocrx_word' id='word_1_850' title='bbox 2733 5387 2954 5445; x_wconf 80' lang='lat' dir='ltr'><strong>peccata</strong></span> <span class='ocrx_word' id='word_1_851' title='bbox 2986 5374 3254 5447; x_wconf 65' lang='lat' dir='ltr'><strong>definiunt</strong></span> <span class='ocrx_word' id='word_1_852' title='bbox 3281 5398 3294 5434; x_wconf 88' lang='lat'><strong>:</strong></span> <span class='ocrx_word' id='word_1_853' title='bbox 3345 5392 3458 5446; x_wconf 86' lang='lat' dir='ltr'><strong>quo</strong></span> 
     </span>
    </p>
   </div>
   <div class='ocr_carea' id='block_1_114' title="bbox 226 5440 1786 5519">
    <p class='ocr_par' dir='ltr' id='par_1_114' title="bbox 226 5440 1778 5519">
     <span class='ocr_line' id='line_1_114' title="bbox 226 5440 1778 5519; baseline 0.002 -23"><span class='ocrx_word' id='word_1_854' title='bbox 226 5440 478 5519; x_wconf 57' lang='lat' dir='ltr'><strong>exponit;</strong></span> <span class='ocrx_word' id='word_1_855' title='bbox 515 5440 884 5519; x_wconf 12' lang='lat' dir='ltr'><strong>aciadversus</strong></span> <span class='ocrx_word' id='word_1_856' title='bbox 932 5440 1465 5519; x_wconf 68' lang='lat' dir='ltr'><strong>hodiernaehairesis</strong></span> <span class='ocrx_word' id='word_1_857' title='bbox 1508 5449 1778 5519; x_wconf 74' lang='lat' dir='ltr'><strong>inscitiam</strong></span> 
     </span>
    </p>
   </div>
   <div class='ocr_carea' id='block_1_115' title="bbox 1896 5440 3458 5519">
    <p class='ocr_par' dir='ltr' id='par_1_115' title="bbox 1896 5440 3458 5519">
     <span class='ocr_line' id='line_1_115' title="bbox 1896 5440 3458 5519; baseline 0.001 -18"><span class='ocrx_word' id='word_1_858' title='bbox 1896 5451 2107 5519; x_wconf 81' lang='lat' dir='ltr'><strong>nomine</strong></span> <span class='ocrx_word' id='word_1_859' title='bbox 2137 5440 2243 5500; x_wconf 73' lang='lat' dir='ltr'><strong>non</strong></span> <span class='ocrx_word' id='word_1_860' title='bbox 2287 5448 2397 5516; x_wconf 90' lang='lat' dir='ltr'><strong>jam</strong></span> <span class='ocrx_word' id='word_1_861' title='bbox 2438 5440 2859 5519; x_wconf 47' lang='grc' dir='ltr'>καθαρούςξεεί</span> <span class='ocrx_word' id='word_1_862' title='bbox 2902 5440 3242 5519; x_wconf 84' lang='grc' dir='ltr'>ἀκαθάρτους</span> <span class='ocrx_word' id='word_1_863' title='bbox 3264 5455 3319 5502; x_wconf 83' lang='grc' dir='ltr'>ει</span> <span class='ocrx_word' id='word_1_864' title='bbox 3354 5440 3458 5502; x_wconf 73' lang='lat' dir='ltr'><strong>im-</strong></span> 
     </span>
    </p>
   </div>
   <div class='ocr_carea' id='block_1_116' title="bbox 230 5518 1789 5590">
    <p class='ocr_par' dir='ltr' id='par_1_116' title="bbox 230 5518 1789 5590">
     <span class='ocr_line' id='line_1_116' title="bbox 230 5518 1789 5590; baseline 0.001 -20"><span class='ocrx_word' id='word_1_865' title='bbox 230 5519 384 5582; x_wconf 75' lang='lat' dir='ltr'><strong>atque</strong></span> <span class='ocrx_word' id='word_1_866' title='bbox 412 5518 807 5589; x_wconf 86' lang='lat' dir='ltr'><strong>improbitatem</strong></span> <span class='ocrx_word' id='word_1_867' title='bbox 827 5518 1169 5575; x_wconf 85' lang='lat' dir='ltr'><strong>observanda</strong></span> <span class='ocrx_word' id='word_1_868' title='bbox 1195 5518 1507 5590; x_wconf 80' lang='lat' dir='ltr'><strong>diligenter:</strong></span> <span class='ocrx_word' id='word_1_869' title='bbox 1543 5518 1635 5589; x_wconf 85' lang='lat' dir='ltr'><strong>qui</strong></span> <span class='ocrx_word' id='word_1_870' title='bbox 1659 5532 1789 5572; x_wconf 83' lang='lat' dir='ltr'><strong>con-</strong></span> 
     </span>
    </p>
   </div>
   <div class='ocr_carea' id='block_1_117' title="bbox 1896 5517 3044 5590">
    <p class='ocr_par' dir='ltr' id='par_1_117' title="bbox 1896 5517 3044 5590">
     <span class='ocr_line' id='line_1_117' title="bbox 1896 5517 3044 5590; baseline 0.003 -19"><span class='ocrx_word' id='word_1_871' title='bbox 1896 5517 2219 5587; x_wconf 88' lang='lat' dir='ltr'><strong>purissimos</strong></span> <span class='ocrx_word' id='word_1_872' title='bbox 2250 5534 2307 5574; x_wconf 87' lang='lat' dir='ltr'><strong>se</strong></span> <span class='ocrx_word' id='word_1_873' title='bbox 2334 5536 2456 5577; x_wconf 85' lang='lat' dir='ltr'><strong>esse</strong></span> <span class='ocrx_word' id='word_1_874' title='bbox 2488 5519 2680 5575; x_wconf 80' lang='lat' dir='ltr'><strong>merito</strong></span> <span class='ocrx_word' id='word_1_875' title='bbox 2703 5518 3044 5590; x_wconf 85' lang='lat' dir='ltr'><strong>proﬁtentur.</strong></span> 
     </span>
    </p>
   </div>
  </div>
