3948 6068
455 168 586 224 II'i7

1840 167 1900 219 S.
1941 166 2285 225 EPIPHANII

3560 179 3701 237 3168

451 284 601 349 Quod
626 285 763 339 enim
791 285 1025 353 per/icio,
1049 301 1150 339 non
1190 299 1467 355 cognosco.
1524 280 1640 337 Non
1704 285 1846 338 enim
1883 287 2016 355 quod

2126 288 2361 360 (θέλομεν
2386 286 2494 359 γὰρ
2515 289 2583 342 τὰ
2611 288 2687 359 μὴ
2714 260 3082 359 προσήκοντα,
3109 290 3204 342 καὶ
3230 290 3266 344 ὃ.
3294 291 3370 363 μὴ
3392 291 3414 324 ³
3444 292 3604 365 θέμις
3630 297 3705 367 μὴ

445 376 560 430 volo
592 376 756 445 facie,
792 376 881 429 sed
915 376 1055 445 quod
1080 376 1170 430 odi
1206 376 1304 428 hoc
1323 374 1486 443 facio.
1529 373 1795 430 Volumus
1826 368 2055 446 quippe

444 482 505 521 ea
542 483 662 537 qua:
686 468 917 521 minime
962 467 1317 530 conveniunt,
1354 480 1581 535 quaeque
1635 466 1823 519 illicita
1880 473 2028 531 sunt,

445 573 510 611 ne
541 556 789 626 cogitare
815 556 1055 625 quidem.
1092 554 1229 609 Illud
1286 555 1432 609 enim
1480 554 1781 624 perlectum
1811 556 2029 611 demum

442 648 643 701 bonum
675 656 777 711 est,
808 646 955 716 quod
992 661 1100 700 non
1138 646 1301 700 modo
1350 659 1382 698 a
1432 643 1819 715 perpetrando,
1846 644 1939 701 sed
1975 653 2030 700 et

443 739 735 808 cogitando
766 739 908 792 malo
946 744 1232 806 temperat.
1271 736 1334 789 Et
1381 736 1516 805 quod
1546 737 1738 790 bonum
1764 737 2025 799 volumus,

446 844 790 899 nequaquam
830 828 1092 896 eﬂicitur,
1136 828 1225 882 sed
1251 825 1389 898 quod
1417 830 1660 880 nolumus
1685 827 1907 881 malum.
1943 827 2029 880 Si-

442 920 659 991 quidem
718 921 901 975 animo
934 928 1126 975 nostro
1168 920 1480 988 frequentes
1526 919 1796 983 incidunt,
1847 933 1912 972 ac
1941 917 2025 972 vel

441 1008 646 1065 invitos
680 1008 911 1063 inﬁnitis
940 1008 1007 1064 de
1033 1009 1195 1063 rebus
1228 1008 1454 1061 inﬁnitae
1486 1006 1845 1075 cogitationes
1869 1006 2023 1060 inva-

446 1100 603 1162 dunt,
636 1116 757 1171 qua:
792 1116 895 1155 nos
944 1100 1265 1154 curiositate
1306 1107 1470 1169 atque
1504 1114 1535 1171 ᾳ
1563 1099 1773 1154 ratione
1826 1100 2026 1153 abhor-

440 1193 676 1248 rentium
706 1192 1046 1261 negotiorum
1066 1190 1416 1245 multitudine
1434 1189 1734 1259 implicant.
1751 1190 2024 1257 Quocirca

448 1283 717 1353 ejusmodi
768 1299 837 1337 ne
871 1284 1111 1353 cogitare
1144 1282 1361 1351 quidem
1408 1283 1569 1346 velle,
1603 1283 1890 1353 potestatis
1940 1293 2024 1338 est

443 1383 645 1431 nostra
667 1391 681 1440 ;
707 1375 758 1428 id
790 1375 1236 1445 autcm’assequi,
1257 1384 1314 1429 ut
1339 1375 1556 1447 penitus
1581 1377 2018 1447 exstinguanlur,

438 1481 615 1535 neque
666 1465 823 1518 nobis
871 1466 1106 1535 amplius
1137 1474 1448 1533 occurrant,
1487 1481 1593 1520 non
1635 1472 1718 1521 est
1746 1465 2021 1522 facultatis

438 1557 539 1625 (uti
595 1556 855 1625 diximus.)
887 1566 1111 1617 nosme.
1132 1556 1228 1611 sed
1259 1564 1409 1611 certo
1438 1557 1598 1612 modo
1621 1557 1886 1611 duntaxat
1919 1557 2015 1620 uti,

2133 379 2500 451 ἐνθυμεῖσθαι.
2549 379 2765 450 Ἐπειδὴ
2802 379 2960 432 τοῦτο
2996 379 3201 448 ἀγαθὸν
3233 381 3456 445 τέλειον,
3495 388 3568 457 μὴ
3608 389 3702 457 μά-

2133 487 2221 524 νον
2268 469 2362 522 τοῦ
2394 470 2617 539 ποιῆσαι
2658 470 2791 523 αὐτὸ
2821 468 3270 540 ἐγκρατεύεσθαι,
3304 472 3443 525 ἀλλὰ
3480 476 3571 527 καὶ
3612 476 3706 530 τοῦ

2132 561 2526 633 ἐνθυμηθῆναι.
2554 561 2668 614 Καὶ
2709 560 2739 614 ὃ
2776 561 3051 629 θέλομεν,
3085 562 3259 615 τοῦτο
3287 563 3516 631 ἀγαθόν
3540 566 3603 618 οὐ
3623 568 3703 632 γί-

2130 666 2299 712 νεται.
2356 652 2493 705 ἀλλ’
2528 650 2559 704 ὃ
2597 653 2668 705 οὐ
2719 652 2971 721 θέλομεν
3013 656 3303 719 πονηρόν.
3356 655 3706 724 Ἐπιφοιτῶσι

2129 740 2238 813 γὰρ
2285 741 2413 812 περὶ
2459 742 2558 809 τὴν
2625 741 2850 812 καρδίαν
2878 741 3035 810 ἡμῶν
3075 742 3169 795 καὶ
3217 744 3577 812 ἐπιϐαίνουσι,
3615 748 3705 800 καὶ

2131 833 2205 904 μὴ
2243 833 2578 903 βουλομένων
2608 832 2785 903 ἡμῶν,
2827 832 3086 896 πολλάκις
3107 834 3285 904 μυρία
3329 852 3388 887 τε
3437 838 3560 907 περὶ
3602 856 3701 907 μυ-

2130 923 2279 994 ρίων,
2313 922 2632 993 περιεργίας
2663 923 2810 993 ἡμᾶς
2840 923 2934 975 καὶ
2981 922 3154 993 (περὶ)
3188 923 3702 996 φιλοπραγμοσύνης

2125 1014 2322 1081 ἀλόγου
2351 1013 2716 1084 ἐμπιπλάντα.
2748 1012 2838 1065 Διὸ
2862 1011 2923 1065 τὸ
2958 1012 3056 1082 μὲν
3087 1011 3259 1065 θέλειν
3283 1013 3421 1066 αὐτὰ
3452 1014 3589 1083 μηδὲ
3619 1017 3701 1066 ἐνο

2126 1103 2413 1176 θυμεῖσθαι
2459 1104 2808 1175 παράκειται,
2852 1103 2914 1156 τὸ
2945 1104 3003 1156 δέ
3046 1105 3481 1175 κατεργάζεσθαι
3522 1107 3607 1168 είς
3646 1107 3700 1158 τὸ

2126 1195 2406 1265 ἀφανίσαι,
2444 1194 2530 1247 ἵνα
2563 1195 2636 1265 μὴ
2673 1194 2769 1247 καὶ
2794 1190 2950 1258 αὖθις
2983 1194 3110 1264 περὶ
3143 1194 3231 1247 τὸν
3269 1194 3525 1265 λογισμὸν
3544 1196 3700 1248 ἀνέλ-

2125 1286 2309 1352 θωσιν,
2334 1288 2414 1341 ὅτι
2451 1287 2526 1358 μὴ
2557 1288 2732 1340 κεῖται
2774 1286 2935 1339 τοῦτο
2968 1287 3052 1355 ἐφ’
3079 1288 3233 1357 ἡμῖν,
3261 1286 3336 1350 ὡς
3365 1286 3523 1357 ἔφην,
3562 1288 3696 1341 ἀλλὰ

2122 1376 2183 1428 τὸ
2214 1375 2521 1446 χρήσασθαι
2581 1375 2741 1445 μόνον
2784 1375 2967 1438 αὐτοῖς
3016 1375 3212 1446 πως,ἢ
3252 1374 3328 1446 μὴ
3368 1376 3692 1446 χρήσασθαι.

2135 1463 2221 1527 Ὧς
2255 1461 2391 1518 εἶναι
2441 1464 2531 1517 τὸν
2568 1463 2693 1517 νοῦν
2733 1466 2974 1517 τοιοῦτον
3016 1463 3111 1517 τοῦ
3167 1465 3331 1535 ῥητοῦ
3354 1481 3365 1492 ·
3404 1468 3485 1519 Οὐ
3524 1468 3636 1535 τὰρ
3664 1465 3693 1519 ὃ

2123 1554 2294 1620 θέλω,
2343 1554 2491 1610 ποιῶ
2529 1557 2774 1624 ἀγαθόν.
2812 1557 2962 1611 Θέλω
3005 1557 3114 1629 γὰρ
3164 1558 3237 1629 μὴ
3288 1556 3636 1629 ἐνθυμεῖσθαι
3661 1559 3694 1613 ἃ.

437 1647 518 1700 vel
552 1662 660 1700 non
700 1646 797 1712 uti,
848 1655 904 1701 ut
950 1647 1064 1702 haec
1114 1649 1185 1703 sit
1225 1648 1329 1703 loci
1363 1649 1508 1703 illius
1543 1649 1812 1703 sententia
1846 1668 1859 1704 :
1893 1646 2015 1702 Non

2122 1647 2345 1718 βλάπτει
2373 1665 2459 1719 με·
2487 1621 2672 1720 ἐπειδὴ
2695 1647 2850 1702 τοῦτο
2864 1621 3064 1717 ἀγαθόν
3082 1621 3184 1702 ’καί
3214 1621 3460 1720 ἀμωμον,
3481 1649 3620 1703 κατά
3638 1651 3693 1702 τὸ

437 1736 574 1789 enim
601 1735 738 1805 quod
765 1737 879 1790 velo
908 1735 1048 1805 facio
1078 1737 1290 1791 bonum.
1324 1736 1459 1792 Volo
1499 1740 1642 1793 enim
1675 1739 1898 1793 minime
1930 1754 2020 1793 co-

441 1826 633 1896 gitare,
671 1842 792 1896 quae
824 1827 958 1880 mihi
1014 1834 1265 1890 noceant,
1299 1828 1559 1897 quoniam
1620 1829 1821 1883 bonum
1871 1828 2017 1883 istud

320 1926 331 1937 '
446 1927 549 1981 est,
585 1933 648 1971 ac
669 1918 1094 1987 reprehensione
1111 1928 1282 1981 caret,
1305 1926 1364 1972 ut
1386 1919 1516 1973 illud
1542 1919 1745 1974 dictum
1766 1927 2013 1975 testatur:

442 2006 573 2062 Sine
625 2009 1024 2079 vituperatione
1078 2002 1280 2063 factum
1330 2010 1692 2079 manibusque
1744 2024 1807 2063 ac
1837 2016 2018 2064 mente

438 2098 786 2168 quadratum.
812 2098 953 2169 Ergo
984 2099 1117 2153 illud
1143 2100 1287 2171 quod
1315 2100 1430 2155 volo
1468 2098 1663 2153 bonum
1717 2116 1819 2152 non
1851 2099 2016 2168 facio,

438 2188 528 2243 sed
551 2187 690 2258 quod
715 2189 834 2243 nolo
866 2190 1004 2259 facio
1033 2192 1254 2245 malum.
1285 2190 1539 2260 Cogitare
1596 2191 1742 2246 enim
1784 2192 1931 2255 nulo,
1963 2200 2018 2245 et

438 2298 560 2353 qua:
587 2284 714 2337 nolo
749 2290 927 2338 tamen
971 2285 1169 2353 cogito.
1204 2284 1377 2355 Atque
1418 2282 1547 2337 illud
1584 2283 1780 2348 videte,
1812 2298 2017 2353 quaeso,

440 2390 621 2429 annon
647 2374 890 2430 eamdem
945 2376 1015 2429 ob
1050 2390 1273 2431 causam
1307 2374 1475 2428 David
1517 2373 1624 2428 Deo
1662 2374 2016 2444 supplicaret,

437 2467 655 2537 indigne
675 2465 876 2529 ferens,
896 2468 1036 2537 quod
1056 2483 1117 2522 ea
1148 2483 1269 2539 quae
1295 2467 1476 2523 minus
1503 2467 1663 2521 vellet
1691 2468 1874 2521 animo
1898 2482 2020 2537 pcr-

438 2567 694 2615 tractaret
715 2576 729 2615 :
752 2559 830 2612 Ab
864 2559 1011 2613 occul
1036 2560 1101 2624 is,
1143 2560 1340 2629 inquit,
1364 2560 1492 2613 meis
1518 2558 1713 2612 munda
1744 2575 1844 2622 me,
1871 2568 1919 2613 et
1952 2558 2016 2612 ab

446 2652 634 2706 alienis
665 2665 821 2720 parce
838 2668 982 2706 servo
1011 2662 1120 2705 tuo.
1163 2652 1222 2706 Si
1260 2653 1358 2706 mei
1392 2668 1494 2706 non
1518 2652 1711 2722 fuerint
1736 2651 2016 2717 deminuti,

439 2755 560 2799 tunc
579 2744 951 2798 immaculalus
969 2760 1079 2809 ero,
1100 2755 1150 2799 et
1168 2744 1494 2799 emundabor
1510 2762 1540 2798 a
1562 2744 1751 2798 delicto
1771 2761 1958 2813 magno
1977 2746 2016 2791 ¹.

439 2837 546 2893 Sed
595 2844 648 2891 et
703 2836 998 2905 Apostolus
1062 2836 1168 2890 alio
1226 2836 1281 2889 in
1335 2835 1881 2903 locoztlogilationes
1922 2833 2016 2887 de-

2120 1739 2431 1810 λεγόμενον·
2460 1741 2622 1792 ’Ἄνευ
2654 1739 2820 1809 ψόγου
2848 1739 3175 1810 τετυγμένον
3196 1741 3350 1813 χερσί
3383 1758 3440 1794 τε
3469 1741 3565 1794 καὶ
3595 1742 3691 1812 νόῳ

2118 1831 2476 1901 τετράγωνον.
2508 1833 2619 1885 Kat
2638 1830 2795 1885 τοῦτο
2827 1830 2927 1902 μὲν
2956 1831 2988 1884 ὃ
3008 1830 3162 1887 θέλω
3182 1830 3408 1900 ἀγαθὸν
3429 1834 3503 1886 οὐ
3532 1832 3683 1896 αοαῗ,

2120 1924 2151 1977 ὃ
2183 1922 2355 1992 δὲμὴ
2382 1922 2534 1978 θέλω
2572 1922 2830 1992 πράσσω
2865 1925 3073 1977 κακόν.
3103 1924 3177 1976 Οὐ
3206 1923 3344 1977 θέλω
3373 1925 3680 1985 ἐννοεῖσθαι,

2118 2014 2212 2067 καὶ
2239 2014 2546 2085 ἐννοοῦμαι,
2569 2014 2670 2068 ὅσα
2701 2013 2775 2084 μὴ
2806 2013 2966 2070 θέλω.
2994 2014 3101 2067 Καὶ
3130 2013 3531 2083 ἐπισκέψασθαι
3565 2015 3609 2079 ⁸,
3639 2017 3680 2066 εί

2122 2106 2197 2177 μὴ
2224 2105 2313 2159 διὰ
2338 2104 2510 2159 ταῦτα
2538 2105 2677 2158 αὐτά
2702 2106 2796 2159 καὶ
2824 2108 2852 2159 ό
2886 2104 3048 2158 Δαϐὶδ
3078 2105 3404 2176 ἐνετύγχανε
3443 2107 3523 2176 τῷ
3554 2107 3675 2178 Θεῷ,

2118 2196 2485 2267 δυσχεραίνων
2517 2198 2608 2249 ἐπὶ
2634 2196 2712 2267 τῷ
2737 2194 3046 2265 λογίζεσθαι
3080 2197 3174 2251 καὶ
3202 2197 3365 2252 αὐτὸν
3396 2199 3435 2253 ἃ
3467 2199 3540 2269 μὴ
3569 2199 3679 2270 1,62-

2117 2287 2239 2341 λεν-
2288 2287 2430 2343 Ἀπὸ
2478 2287 2596 2341 τῶν
2632 2290 2900 2359 κρυφίων
2941 2307 3057 2359 μου
3103 2288 3433 2358 καθάρισόν
3470 2308 3562 2360 με,
3590 2291 3673 2345 καὶ

2117 2377 2236 2432 ἀπὸ
2272 2379 2607 2447 ἀλλοτρίων
2635 2379 2835 2448 φεῖσαι
2867 2380 2974 2434 τοῦ
3003 2380 3227 2436 δούλου
3263 2398 3403 2436 σου.
3440 2382 3577 2436 Ἐὰν
3598 2383 3673 2452 μή

2112 2487 2232 2541 μου
2276 2472 2810 2539 κατακυριεύσωσι,
2854 2472 2987 2526 τότε
3030 2471 3264 2542 ἄμωμος
3315 2473 3547 2542 ἔσομαι,
3589 2473 3674 2525 aui

2117 2559 2632 2629 καθαρισθήσομαι
2665 2560 2783 2615 ἀπὸ
2820 2560 3111 2630 ἁμαρτίας
3131 2560 3422 2632 μεγάλης.
3451 2563 3558 2615 Καὶ
3592 2564 3679 2615 auio

2115 2650 2207 2714 τὸς
2250 2651 2307 2705 δὲ
2339 2653 2368 2705 ὁ
2410 2652 2728 2716 Ἀπόστολος
2758 2655 2817 2706 ἐν
2865 2654 3070 2725 ἐτέρῳο
3112 2653 3453 2722 Λογισμοὺς
3493 2659 3676 2709 καθαι-

2108 2742 2383 2814 ροῦντες,
2415 2743 2510 2797 καί
2557 2742 2682 2800 πᾶν
2715 2744 2933 2815 ὕψωμα
2974 2746 3369 2815 ἐπαιρόμενον
3400 2747 3545 2799 κατὰ
3573 2745 3674 2811 τῆς

2116 2832 2392 2905 γνώσεως
2436 2834 2542 2893 τοῦ
2603 2836 2783 2900 Θεοῦ,
2836 2836 2935 2890 καὶ
2998 2837 3521 2905 αἰχμαλωτίζοντες
3558 2835 3672 2890 πᾶν

441 2937 699 2981 struentes
749 2936 796 2978 et
830 2941 1034 2979 onmem
1078 2925 1435 2988 altitudinem,
1470 2940 1587 2994 qua:
1624 2923 1895 2978 extollitur
1919 2924 2013 2977 ad-

2118 2927 2310 2995 rdmla
2334 2928 2421 2993 εις
2450 2925 2565 2995 τὴν
2589 2928 2867 2999 ὑπακοὴν
2893 2926 2999 2982 τοῦ
3026 2928 3304 2997 Χριστοῦ.

439 3027 617 3067 versus
649 3011 992 3080 cognitionem
1026 3008 1143 3075 Dei,
1173 3007 1334 3079 585
1370 3018 1419 3063 et
1454 3009 1772 3077 captivantes
1810 3026 2014 3064 onmem

444 3100 763 3157 intellectum
795 3102 848 3155 in
881 3100 1178 3171 obsequium
1203 3100 1466 3156 Christi’.

506 3189 683 3245 LVIII.
723 3187 843 3245 iam
867 3205 995 3245 vero
1012 3190 1201 3260 siquis
1229 3189 1496 3261 relragari
1522 3190 1609 3246 his
1639 3189 1801 3245 dictis
1845 3205 2016 3247 ausus

437 3283 681 3353 obiiciat,
716 3282 903 3337 doceri
936 3282 1039 3336 hoc
1073 3282 1141 3337 ab
1176 3282 1462 3352 Apostolo,
1496 3296 1605 3335 non
1636 3282 1704 3335 ad
1726 3283 2014 3352 cegitatio-

440 3390 561 3430 nem
582 3375 744 3429 modo
766 3373 916 3439 mali,
933 3372 1078 3443 quod
1119 3388 1441 3427 aversamur
1465 3372 1718 3441 quodque
1752 3364 2010 3441 fugimus,

437 3467 534 3523 sed
570 3474 623 3520 et
656 3466 721 3519 ad
746 3480 885 3534 Opus
917 3466 1093 3534 ipsum
1141 3471 1192 3519 et
1232 3464 1499 3518 actionem
1532 3464 1622 3516 illa
1653 3463 1866 3530 referri,
1887 3481 2011 3527 cum

438 3560 517 3612 sic
549 3558 790 3625 loquitur
820 3573 833 3609 :
868 3554 991 3607 Non
1023 3554 1162 3607 enim
1195 3554 1333 3624 quod
1367 3556 1478 3608 volo
1511 3555 1652 3624 facio
1685 3554 1896 3622 bonum,
1922 3556 2013 3611 sed

437 3648 573 3719 quod
603 3646 724 3702 nolo
746 3646 946 3700 malum
976 3645 1073 3703 hoc
1104 3646 1287 3717 facio;
1349 3647 1496 3703 hunc
1547 3648 1733 3718 igitur,
1790 3648 1884 3720 qui
1932 3650 2013 3704 sic

436 3739 816 3805 ratiocinctur,
872 3739 916 3795 si
959 3738 1120 3793 modo
1172 3754 1300 3797 vera
1341 3737 1496 3805 dicit,
1531 3740 2015 3809 explicarejubea-

439 3849 581 3895 mus,
614 3832 887 3903 quodnam
905 3841 1049 3887 esset
1075 3832 1274 3885 malum
1306 3830 1458 3894 illud,
1482 3833 1625 3901 quod
1656 3846 1778 3885 cum
1808 3833 2013 3888 odisset

443 3925 762 3997 Apostolus,
820 3939 998 3994 neque
1034 3922 1213 3977 facere
1244 3922 1426 3985 vellet,
1460 3922 1815 3978 nihilominus
1867 3922 2007 3979 face-

439 4026 551 4083 ret;
571 4028 662 4072 aut
694 4016 824 4071 illud
876 4016 1188 4071 econtrario
1209 4015 1433 4079 bonum,
1459 4015 1602 4084 quod
1629 4029 1752 4068 cum
1777 4015 2011 4071 maxime

438 4110 598 4165 vellet
657 4117 937 4180 praestare,
1006 4121 1354 4177 nequaquam
1408 4114 1643 4176 poterat.
1710 4104 1823 4162 Imo
1880 4122 2010 4162 vero

437 4201 650 4271 quoties
710 4209 927 4272 patrare
982 4199 1182 4254 bonum
1238 4199 1420 4261 vellet,
1480 4214 1589 4253 non
1622 4198 1767 4267 quod
1795 4198 2009 4254 volebat

2188 3196 2319 3250 NII'.
2339 3196 2401 3248 Ei
2417 3194 2473 3248 δέ
2499 3212 2582 3258 τις
2618 3194 2782 3265 ὁμόσε
2798 3195 2876 3267 τῷ
2906 3196 3047 3267 λόγῳ
3085 3196 3446 3271 ίέναιτολμῶν
3461 3200 3674 3273 ἀποκρί-

2115 3303 2279 3348 νοιτο,
2311 3285 2387 3349 ὡς
2414 3285 2523 3357 ἄρα
2547 3285 2785 3339 διδάσκει
2815 3286 2844 3338 ὁ
2881 3287 3217 3351 ’Δπόστολος,
3252 3290 3327 3353 ὡς
3350 3291 3411 3344 οὐ
3440 3293 3589 3362 μόνον
3617 3295 3672 3346 ἐν

2114 3375 2191 3446 τῷ
2219 3375 2527 3444 λογίζεσθαι
2559 3374 2620 3427 τὸ
2663 3374 2851 3438 κακὸν,
2889 3375 2918 3427 ὃ
2949 3376 3236 3446 μισοῦμεν,
3269 3380 3358 3432 καὶ
3387 3378 3415 3431 δ
3445 3380 3502 3433 οὐ
3532 3380 3671 3434 θέλο-

2118 3483 2239 3538 μεν,
2271 3465 2407 3520 ἀλλὰ
2433 3467 2527 3520 καὶ
2557 3466 2614 3519 ἐν
2642 3465 2721 3536 τῷ
2758 3469 2934 3520 ποιεῖν
2983 3467 3115 3520 αὐτὸ
3147 3465 3679 3536 καὶκατεργάζεσθαι,

2112 3558 2326 3622 διάτοῦ,
2362 3560 2445 3613 Οὐ
2479 3557 2587 3628 γὰρ
2649 3558 2681 3611 ὃ
2737 3557 2886 3612 θέλω
2936 3560 3104 3625 ποιῶ,
3149 3560 3404 3631 λελέχθαι,
3426 3560 3673 3629 ἀγαθὸν,

2113 3650 2274 3707 ἀλλὰ
2303 3650 2335 3704 ὃ
2361 3653 2432 3705 οὑ
2463 3650 2616 3705 θέλω
2642 3650 2829 3704 κακέν
2854 3650 3026 3704 τοῦτο
3048 3649 3330 3718 πράσσω·
3366 3650 3674 3722 ἀξιώσωμέν

2112 3761 2236 3808 που,
2272 3744 2322 3795 εἰ
2362 3740 2539 3813 ἀληθῆ
2580 3739 2725 3808 λέγει
2755 3740 2784 3791 ὁ
2815 3738 2988 3793 ταῦτα
3034 3739 3225 3808 λέγων,
3260 3740 3583 3810 διασαφῆσαι
3626 3741 3675 3794 τί

2111 3831 2177 3907 ἦν
2203 3834 2265 3887 τὸ
2293 3835 2459 3889 κακὸν
2489 3833 2517 3886 ὃ
2540 3832 2718 3904 ἐμίσει
2744 3834 2771 3885 ὁ
2813 3830 3153 3897 Ἀπόστολος,
3185 3833 3276 3884 καὶ
3302 3832 3399 3885 οὐκ
3427 3832 3675 3902 ἠϐούλετο

2115 3927 2213 3997 μὲν
2266 3927 2456 3990 ποιεῖν,
2510 3923 2682 3977 ἐποίει
2720 3923 2799 3986 δὲ,
2844 3923 2939 3976 καὶ
2984 3922 3184 3990 ἀγαθὸν
3215 3922 3244 3975 ὃ
3288 3922 3544 3975 ἐδούλετσ
3581 3922 3675 3993 μὲν

2112 4019 2306 4081 ποιεῖν,
2353 4017 2453 4068 οὐκ
2511 4015 2684 4067 ἐποίει
2734 4014 2825 4067 δέ’
2880 4014 3015 4068 ἀλλὰ
3072 4014 3433 4085 ἀντιστρόφως
3494 4014 3675 4076 όσάκις

2115 4109 2213 4178 μὲν
2261 4107 2419 4179 ἤθελε
2484 4110 2705 4177 ποιῆσαι
2738 4106 2797 4158 τὸ
2854 4105 3078 4174 ἀγαθὸν,
3139 4107 3458 4169 τοσαυτάκις
3512 4107 3573 4159 οὐ
3623 4106 3678 4157 τδ

2110 4198 2312 4268 ἀγαθὸν
2368 4198 2397 4252 ὃ
2451 4197 2672 4269 ἢθελεν,
2738 4196 2871 4250 ἀλλά
2929 4196 2989 4249 τὸ
3040 4196 3271 4266 πονηρὸν
3300 4196 3329 4249 ὃ
3365 4196 3437 4266 μὴ
3492 4196 3676 4266 ἧθελεν

438 4294 663 4356 bonum,
693 4292 787 4347 sed
807 4291 954 4362 quod
983 4290 1202 4345 nolebat
1222 4289 1423 4343 malum
1455 4290 1635 4361 reipsa
1674 4288 2002 4359 perficiebat.

2118 4286 2304 4340 ἐποίει.
2350 4281 2495 4356 *Λρα
2551 4285 2659 4359 γὰρ
2711 4285 2771 4337 οὐ
2832 4283 2999 4338 θέλων
3058 4286 3476 4356 είδωλολατρεῖν,
3549 4284 3677 4338 ἀλλὰ

440 4384 759 4439 Utrumnam
791 4383 1016 4439 deorum
1066 4382 1299 4451 exempli
1333 4382 1509 4453 gratia
1553 4383 1800 4437 venerari
1834 4382 2008 4437 simu.

2104 4375 2434 4447 θεολατρεῖν,
2467 4375 2495 4427 ὃ
2555 4376 2651 4446 μὲν
2693 4374 2851 4445 ἤθελε
2897 4374 3224 4447 θεολατρεῖν,
3291 4377 3391 4430 οὐκ
3432 4376 3678 4446 ἠδύνατο,

438 4479 583 4531 Iaera
613 4476 825 4539 nolens,
860 4474 954 4530 sed
983 4488 1113 4529 vero
1161 4474 1269 4529 Deo
1322 4474 1532 4528 cultum
1590 4474 1873 4538 adbibere,
1907 4475 2012 4530 boc

2118 4469 2133 4521 5
2178 4469 2233 4523 δὲ
2289 4468 2363 4542 μὴ
2420 4467 2607 4539 ἢθελεν
2668 4466 3090 4539 εἰδωλολατρεῑν,
3157 4467 3419 4537 ὴδύνατο;
3465 4469 3536 4520 Ἦ
3585 4485 3679 4520 σω·

437 4570 580 4639 quod
619 4566 873 4638 cupiebat
917 4564 1134 4635 assequi
1187 4579 1296 4618 non
1338 4573 1582 4635 poterat;
1615 4565 1759 4636 quod
1794 4566 2014 4622 nolebat

2118 4563 2322 4635 φρονεῖν
2364 4560 2462 4631 μὲν
2485 4560 2514 4613 ὃ
2555 4558 2742 4629 ἤθελεν
2781 4558 2881 4611 οὐκ
2911 4559 3107 4622 ἐποίει,
3144 4557 3552 4612 ἀκολασταίνειν
3579 4559 3634 4610 δὲ
3655 4558 3681 4611 ὃ

437 4672 637 4722 autem.
677 4671 734 4716 ut
766 4659 1060 4715 simulacra
1098 4658 1323 4716 coleret,
1354 4656 1460 4711 hoc
1496 4672 1624 4712 vero
1647 4656 1902 4726 poterat?
1928 4657 2011 4711 An

2118 4657 2305 4727 ἤχθετο
2328 4656 2531 4720 ἐποίεις
2559 4657 2669 4708 Καὶ
2695 4654 2994 4725 συλλήϐδην
3018 4655 3349 4726 κραιπαλᾷν,
3382 4654 3522 4708 ἀλλὰ
3554 4657 3681 4709 ἀσω-

435 4769 558 4807 cum
608 4755 973 4820 temperanter
1023 4748 1185 4802 vellet
1228 4749 1431 4811 vivere,
1464 4763 1812 4818 nequaquam
1842 4748 1893 4802 id
1925 4747 2012 4802 fa.

434 4844 632 4909 ciebat,
662 4841 918 4896 libidines
945 4854 1070 4893 vero
1105 4852 1169 4892 ac
1197 4836 1426 4908 ﬂagitia,
1471 4838 1672 4908 quibus
1699 4837 2012 4894 oll'endeba-

436 4945 543 4999 tur,
577 4935 687 4989 vita
724 4949 787 4988 ae
812 4933 970 4987 lactis
996 4933 1376 5002 exprimebat?
1406 4933 1582 5003 Atque
1615 4938 1673 4984 ut
1695 4931 2011 4986 summatim

436 5025 708 5095 colligam,
759 5024 1040 5094 crapulam
1116 5037 1182 5078 ac
1214 5024 1425 5089 luxum,
1466 5025 1625 5088 iram,
1659 5022 2008 5092 iniustitiam,

434 5124 737 5186 caeteraque
786 5115 1151 5184 improbitatis
1174 5114 1369 5177 cilicia,
1406 5131 1528 5168 cum
1559 5115 1742 5179 nollet,
1777 5130 2009 5186 usurpa-

437 5208 560 5273 bat;
595 5221 715 5276 quae
746 5208 905 5262 vellet
931 5215 1131 5271 autem,
1157 5206 1425 5275 justitiam
1485 5220 1548 5260 ac
1581 5206 2000 5261 sanctimoniam

436 5299 741 5354 consectari
790 5314 896 5352 non
929 5297 1184 5368 poterat?
1220 5298 1382 5367 Atqui
1425 5298 1565 5352 idem
1610 5298 1699 5353 ille
1725 5298 1916 5353 mediis
1947 5297 2000 5352 in

438 5388 703 5445 Ecclesiis
734 5403 945 5442 summa
972 5404 1158 5444 omnes
1189 5390 1355 5444 animi
1397 5390 1745 5446 contentione
1770 5389 1851 5444 ‘ad
1884 5390 2001 5445 evi-

509 5546 526 5579 ⁸
562 5542 706 5598 Psal.
736 5555 887 5609 xvttl,
916 5539 1001 5605 I3,
1039 5541 1121 5593 M.
1198 5543 1219 5572 ί
1249 5541 1291 5593 ll
1320 5540 1441 5596 Cor.
1470 5558 1524 5607 ιι,
1679 5544 1701 5575 ⁸
1733 5543 1858 5598 Cor.
1892 5544 2034 5610 μηδ’.

2108 4746 2358 4800 τεύεσθαι
2393 4745 2486 4799 καὶ
2530 4744 2855 4815 θυμοῦσθαι.
2899 4745 3121 4809 ἀδικεῖν,
3165 4748 3258 4799 καὶ
3296 4746 3366 4799 τὰ
3406 4746 3541 4800 ἄλλα
3586 4747 3682 4816 τῆς

2108 4839 2372 4911 πονηρίας
2405 4838 2562 4910 ἔργα,
2594 4836 2630 4891 ἆ
2666 4838 2741 4909 μὴ
2769 4838 2957 4909 ἢθελεν
2989 4838 3161 4892 ἐποίει
3207 4840 3326 4909 μὲν,
3354 4838 3390 4892 ἃ.
3412 4840 3469 4893 δὲ
3502 4838 3682 4909 ἤθελε,

2105 4930 2451 5001 δικαιοσύνην
2488 4931 2580 4984 καὶ
2613 4929 2891 5000 ὁσιότητα,
2921 4930 3019 4983 οὐκ
3058 4931 3268 4994 ἐποίεις
3303 4932 3409 4984 Καὶ
3448 4929 3558 5001 μὴν
3588 4930 3684 4982 αὑ·

2104 5022 2229 5086 τὸς,
2282 5022 2339 5073 ἐν
2387 5023 2506 5084 ταῖς
2570 5020 2916 5090 Ἐκκλησίαις
2967 5020 3348 5091 προτροπάδην
3394 5021 3685 5092 ἐξεγείρων

2108 5114 2312 5176 πάντας
2346 5114 2423 5177 είς
2460 5112 2519 5165 τὸ
2559 5111 2632 5183 μὴ
2674 5100 2910 5183 ἀνομεῖν,
2946 5114 3005 5167 οὐ
3050 5115 3208 5185 μόνον
3244 5116 3369 5179 τοὺς
3402 5115 3685 5176 ποιοῦντας

2107 5206 2202 5259 καὶ
2242 5204 2657 5275 ἐπιτηδεύοντας
2697 5204 2772 5272 ,τὰ
2795 5205 2974 5259 ἄτοπα
3019 5205 3225 5278 ὀλέθρῳ
3273 5196 3561 5276 τῆρεῖσθαι
3597 5207 3688 5260 καί

2066 5302 2083 5317 ’
2106 5296 2243 5368 ὀργῇ
2273 5298 2583 5368 παρεγγυᾷ,
2621 5296 2756 5350 ἀλλά
2791 5298 2883 5350 καὶ
2915 5297 3039 5360 τοὺς
3094 5295 3551 5360 συνευδοκοῦντας
3602 5294 3685 5349 αὐ-

2106 5392 2219 5453 τοῖς
2250 5390 2328 5452 εἰς
2377 5387 2545 5452 αὑτὰς
2592 5388 2789 5460 ἀμιγὲς
2830 5390 3099 5461 ἁμαρτίας
3136 5390 3193 5443 ἐν
3220 5391 3354 5461 ἡμῖν
3382 5388 3443 5442 τὸ
3480 5387 3687 5441 δίκαιον

2113 5544 2133 5573 ⁸
2161 5543 2220 5597 F.
2252 5543 2638 5604 ἐπισκέψασθε.
