3840 6062
187 258 318 316 “69

837 258 1207 315 ADVERSUS
1246 258 1591 316 lleRESES
1624 259 1759 315 LIB.

1937 258 2105 318 ΤΟΜ.
2147 261 2262 318 1.-
2300 260 2576 318 ΒᾹΞΒΕδ.
2617 259 2804 317 LXIV.

3271 263 3409 319 “70

186 372 456 432 ἀσκεῖσθαι
506 368 952 445 διαμιλλώμενος.
986 375 1103 428 Πᾶν
1143 375 1254 446 γὰρ
1303 376 1607 449 ἁμάρτημα
1649 376 1738 432 καὶ

1879 378 2011 434 anda
2024 379 2233 435 scelera
2264 379 2582 445 cohortaris,
2606 392 2717 434 non
2744 393 2841 435 eos
2858 377 3032 433 solum
3053 376 3144 447 qui
3165 375 3411 433 facinora

185 463 512 536 ἐπιτήδευμα
536 464 598 517 τὸ
637 463 1008 536 συμπέρασμα
1041 467 1236 521 κτᾶται
1264 467 1352 522 διά
1387 468 1489 539 τῆς
1522 469 1742 538 σαρκός.

1842 478 2245 540 perpetrarent,
2269 470 2450 541 iisque
2502 469 2811 534 studerent,
2838 467 2907 523 ad
2932 469 3165 523 exitium
3190 475 3247 522 et
3275 467 3414 523 iram

186 556 441 618 Πολλάκις
472 555 600 624 γοῦν
633 558 690 609 ὲν
733 559 853 619 ταῖς
889 556 1230 621 Ἐπιστολαῖς
1272 559 1575 630 ἀναφανδὸν
1609 560 1749 615 αύτά

1879 559 1940 615 lei
1974 560 2338 615 reservandos
2384 557 2703 622 admonuit,
2755 557 2849 613 sed
2898 564 2951 613 et
2990 557 3115 613 illos
3167 557 3413 626 insuper,

144 634 161 649 ’
185 647 245 716 δὴ
271 646 439 699 ταῦτα
471 645 737 699 διδάσκων
770 648 918 718 ἡμᾶς
947 648 1387 721 ὐπκτρὲπεσθαι
1416 652 1511 706 καὶ
1546 653 1746 723 μισεῖν,

187 739 341 810 φησι·
370 737 427 791 Μ
435 738 468 805 ἡ
510 739 825 793 πλανᾶσθε
845 756 860 770 ο
899 740 1041 794 οὔτε
1074 743 1305 810 πόρνοι,
1337 744 1475 797 οὔτε
1514 742 1751 798 εἰδωλο-

186 830 407 898 λάτραι,
423 831 559 884 οὔτε
573 831 794 900 μοιχοὶ,
814 831 1246 901 οὒτεμολακοί,
1262 835 1399 889 οὔτε
1410 834 1757 904 ἀρσενοκοῖ-

188 936 294 987 ται,
323 921 461 974 οὔτε
481 922 751 985 κλέπται,
773 923 911 975 οὔτε
923 923 1299 988 πλεονέκται,
1321 925 1458 979 οὔτε
1477 924 1753 994 μέθυσοι,

188 1014 257 1066 οὐ
284 1011 541 1080 ,λοίδοροι
561 1052 576 1075 ,
613 1014 725 1082 οὐχ
760 1012 1020 1085 ἅρπαγες
1049 1016 1378 1080 ,βασιλειαν
1410 1016 1558 1071 Θεοῦ
1607 1021 1755 1086 κλη-

186 1101 608 1171 ρονομήσουσι.

1846 652 1939 722 qui
1970 666 2093 706 cum
2125 651 2194 708 iis
2233 650 2289 704 in
2311 648 2580 718 ejusmodi
2631 649 2932 705 sceleribus
2960 649 3335 704 consentirent
3367 649 3413 701 ⁸.

1848 744 1996 799 Adeo
2074 758 2211 814 pura
2264 756 2327 796 ac
2382 741 2597 796 sincera
2635 742 2704 797 ab
2731 742 2879 796 omni
2932 741 3054 796 labe
3101 737 3330 811 iustitiae
3384 755 3419 795 a

1860 824 2020 892 nubis
2095 835 2269 890 ollicia
2339 836 2587 906 praestari
2642 850 2971 906 magnopere
3037 835 3417 891 contendebat.

1860 927 2070 998 Quippe
2128 937 2411 997 peccatum
2474 941 2636 981 omne
2690 941 2753 980 ac
2803 934 3035 981 conatus
3087 925 3423 980 adminiculo

1860 1019 2043 1074 carnis
2094 1018 2162 1072 ad
2205 1017 2453 1072 effectum
2488 1017 2823 1087 perducitur.
2862 1016 3221 1083 Quamobrem
3254 1032 3421 1087 saepe-

1858 1124 2087 1164 numero
2134 1109 2190 1162 in
2240 1108 2496 1179 Epistolis
2550 1109 2740 1165 eadem
2788 1109 2880 1163 illa
2932 1107 3222 1163 manifeste
3264 1107 3424 1163 nobis

189 1192 485 1256 inculcans,
517 1190 703 1262 fugere
749 1197 1100 1268 aversarique
1135 1197 1311 1268 jubet.
1352 1195 1537 1253 Nolite
1577 1214 1778 1265 errare,
1832 1200 2036 1272 inquit,
2071 1216 2232 1269 neque
2282 1200 2668 1269 fornicatores,
2725 1216 2887 1269 neque
2939 1198 3274 1262 idololatrm,
3336 1215 3423 1253 nec

190 1282 644 1354 adulleri,-neque
673 1287 876 1350 molles.
916 1305 1075 1356 neque
1134 1289 1493 1344 masculorum
1541 1294 1932 1359 concubitores,
1983 1308 2143 1362 neque
2196 1292 2360 1361 fures,
2402 1308 2492 1346 nec
2550 1293 2719 1357 avari,
2760 1308 2851 1346 nec
2899 1291 3060 1355 ebrii,
3096 1308 3257 1361 neque
3304 1307 3427 1344 con-

189 1376 480 1439 viciatores,
505 1392 663 1447 neque
692 1388 928 1449 raptores
958 1397 1173 1452 regnum
1205 1381 1303 1436 Dei
1334 1383 1670 1457 possidebunt
1701 1383 1742 1435 ’⁵.

256 1492 365 1546 Καὶ
407 1493 468 1547 τὸ
505 1496 952 1565 κορυφαιότατον,
1006 1500 1085 1561 είς
1118 1499 1180 1552 τὸ
1224 1499 1570 1553 παντάπασιν
1615 1501 1762 1572 ἡμᾶς

188 1583 250 1635 ἐκ
292 1583 491 1647 παντὸς
533 1584 834 1656 ἀποδράναι
871 1586 967 1640 καὶ
1011 1588 1440 1654 ἀποτινάξασθαι
1482 1590 1544 1643 τὸ
1582 1590 1763 1660 ἁμαρ-

1937 1499 2164 1566 Deinde,
2223 1501 2363 1571 quod
2399 1509 2562 1571 caput
2612 1509 2717 1566 est,
2770 1510 2830 1556 ut
2880 1516 2980 1557 nos
3031 1500 3096 1555 ad
3150 1504 3428 1569 peccatum

1867 1593 2015 1647 omni
2058 1608 2161 1662 ope
2208 1593 2487 1647 vitandum
2531 1599 2587 1647 et
2633 1591 3019 1647 excutiendum
3078 1589 3429 1660 impelleret:

187 1672 362 1729 τάνειν
396 1674 753 1746 προτρέπων,
786 1678 1049 1746 Μιμηταί
1071 1697 1216 1748 μου,
1247 1681 1633 1752 ἀποφαίνεται,
1678 1682 1764 1751 γι-

1879 1685 2174 1740 fmitatores
2200 1687 2321 1749 mei,
2351 1686 2549 1756 inquit,
2580 1695 2764 1750 estote,
2797 1688 2933 1740 sicut
2956 1694 3003 1740 et
3031 1701 3125 1754 ego
3154 1682 3356 1738 Christi
3387 1683 3431 1735 ⁸.

188 1766 385 1827 νεσθε,
438 1766 702 1835 καθάπερ
744 1767 907 1839 κάγὼ
946 1769 1228 1838 Χριστοῦ.
1263 1772 1337 1824 Οὐ
1384 1771 1446 1825 τὸ
1482 1773 1496 1803 ¹
1526 1775 1699 1826 ποιεῖν
1730 1771 1765 1826 ἂ

190 1854 263 1926 μὴ
285 1854 446 1926 ἡθελε
472 1856 567 1910 καὶ
594 1859 852 1929 πράττειν
873 1860 1105 1916 ὑπέθετο
1124 1861 1193 1915 τὰ
1215 1863 1607 1934 προειρημένα,
1634 1862 1769 1916 ἀλλά

187 1944 262 2015 τῷ
292 1947 453 2017 μόνον
489 1947 819 2017 λογίζεσθαι.
857 1949 1011 2003 Ἐπεὶ
1047 1950 1163 2014 πῶς
1187 1950 1255 2004 ἂν
1282 1946 1593 2024 ᾗμιμητὴς
1621 1954 1772 2023 ἀκρι-

188 2036 287 2106 ϐὴς
314 2037 409 2091 τοῦ
459 2040 730 2111 Χριστοῦ;
778 2042 915 2095 Νυνὶ
956 2041 1033 2106 δὲ,
1091 2042 1389 2113 ἐπειδήπερ
1438 2044 1770 2113 ἐμπίπτουσι

185 2128 477 2200 θηριώδεις
503 2131 763 2195 πολλάκις
788 2132 1059 2202 λογισμοὶ,
1085 2132 1384 2203 ἐπιθυμίας
1412 2134 1560 2204 ἡμᾶς
1583 2132 1771 2187 ἄλλοτε

182 2220 359 2285 ἄλλως
390 2222 778 2293 ὲμπιπλῶντες
813 2223 905 2276 καὶ
934 2225 1348 2295 περιεργασίας,

377 2351 551 2406 Ἦῢτε
567 2354 800 2421 μυιάων
827 2353 1087 2407 ἁδινάων
1114 2353 1293 2410 ἔθνεα
1317 2320 1521 2408 πολλά
1542 2358 1561 2385 ”

183 2486 289 2557 ἔφη
318 2487 403 2551 τὸ,
452 2489 518 2542 Ὃ
569 2490 679 2562 γάρ
725 2491 787 2544 οὐ
830 2491 991 2553 θέλω.
1039 2490 1197 2547 τοῦτο
1243 2491 1403 2557 ποιῶ,
1447 2492 1576 2564 ἄχρι
1603 2493 1623 2524 ¹
1675 2492 1775 2563 τῆς

181 2580 363 2651 ψυχῆς
424 2580 713 2655 εὐθαρσῶς
771 2584 1080 2649 ἀποσοϐεῖν,
1138 2586 1342 2657 μηδένα
1397 2585 1533 2649 ὅλως
1579 2586 1660 2648 είς
1713 2584 1775 2638 τὸ

185 2669 503 2740 ποιῆσαιτά
529 2670 622 2725 ὑπ’
646 2672 825 2727 αὐτῶν
848 2674 1205 2746 ὑπηχούμενα
1225 2674 1499 2739 νεύοντας.
1531 2675 1645 2728 Ἵνα
1668 2674 1776 2744 γὰρ

184 2760 537 2832 ὲγκριθῶμεν
578 2765 655 2827 εἰς
684 2764 784 2834 τὴν
828 2764 1104 2836 βασιλείαν
1142 2766 1250 2820 τῶν
1274 2765 1540 2837 οὐρανῶν,
1583 2767 1642 2820 ὲν
1674 2767 1775 2821 πά-

188 2867 310 2915 σαις
336 2852 557 2922 ἡδοναῖς
591 2856 683 2908 καὶ
707 2854 907 2919 λύπαις
927 2856 1369 2927 δοκιμασθέντες,
1408 2858 1457 2910 εἰ
1486 2857 1561 2928 μὴ
1613 2873 1777 2928 μετα·
1811 2860 1819 2873 ’

186 2942 545 3014 ϐαλλοίμεθα,
575 2945 709 3000 ἀλλά
740 2946 1039 3017 πανταχοῦ,
1068 2947 1320 3020 καθάπερ
1343 2948 1619 3020 ἀκήρατος
1650 2965 1779 3019 χρυ-

1870 1778 1948 1832 Ita
1992 1794 2101 1832 non
2137 1778 2346 1848 agendo
2391 1778 2910 1848 committendoque,
2958 1791 3078 1847 quae
3110 1776 3298 1838 nollet,
3342 1771 3432 1828 sed

1871 1868 2162 1938 cogitando
2211 1870 2386 1923 solum
2424 1870 2707 1939 superiora
2751 1870 2841 1923 illa
2875 1869 3178 1939 proposuit.
3219 1865 3434 1935 Alioqui

1871 1961 1964 2031 qui
2012 1967 2195 2031 posset
2235 1948 2477 2014 imitator
2513 1960 2717 2015 Christi
2760 1975 2883 2016 esse
2917 1959 3082 2030 586
3117 1955 3436 2028 perfectus!

1869 2049 2027 2104 Nunc
2069 2059 2272 2114 autem,
2322 2065 2444 2103 cum
2494 2063 2638 2119 sscpe
2666 2049 2962 2103 bestiarum
2999 2047 3231 2117 propria:
3280 2045 3436 2099 nobis

1873 2138 2232 2208 cogitationes
2267 2138 2532 2200 incidant,
2563 2152 2685 2212 quae
2716 2151 2820 2191 nos
2846 2136 2953 2190 alia
2987 2137 3123 2190 alias
3149 2135 3436 2205 cupiditate

1873 2241 1937 2281 ac
1962 2212 2280 2282 curiositate
2313 2226 2642 2296 compleant,

1944 2361 2252 2418 Μηδίου-ωτι
2284 2361 2444 2416 veluti
2483 2359 2765 2415 densarum
2790 2360 3038 2413 examina
3068 2359 3234 2413 multa
3260 2375 3278 2411 :

1873 2499 2104 2564 idcirco,
2139 2497 2255 2553 Non
2290 2497 2436 2568 quod
2461 2496 2607 2560 volo,
2635 2496 2792 2557 dixit,
2824 2495 2928 2550 hoc
2952 2494 3110 2550 facio.
3150 2493 3281 2560 Quae
3326 2492 3438 2561 qui.

1873 2593 1995 2649 dem
2037 2598 2353 2647 constanter
2401 2605 2465 2645 ex
2526 2591 2708 2643 animo
2748 2587 3024 2657 ejicienda
3072 2593 3222 2649 sunt,
3273 2592 3332 2639 ut
3378 2584 3441 2638 ad

1873 2682 2084 2737 nullum
2120 2681 2365 2746 omnino,
2413 2679 2641 2735 faciendi
2676 2694 2798 2748 quze
2838 2678 3076 2734 suaserit
3124 2676 3318 2747 gratia,
3349 2674 3437 2729 de~

1876 2775 2164 2829 clinemus.
2198 2771 2269 2828 Ut
2294 2772 2439 2828 enim
2472 2770 2539 2825 ad
2563 2772 2786 2826 caeleste
2811 2783 3037 2839 regnum
3083 2767 3443 2830 ascribamur,

1875 2872 2165 2935 postquam
2204 2879 2302 2933 per
2332 2878 2524 2918 omnes
2572 2862 2879 2931 voluptates
2939 2876 3003 2916 ac
3043 2861 3260 2914 dolores
3303 2859 3443 2929 peri-

1877 2957 2060 3012 culum
2123 2956 2296 3011 nostri
2360 2954 2685 3017 fecerimus,
2764 2961 3074 3008 utrumnam
3140 2958 3445 3007 constantes

187 3034 303 3098 σδς,
344 3034 438 3088 διὰ
485 3037 655 3107 πυρὸς
701 3036 1116 3109 βασανιζόμενοι
1158 3039 1259 3091 οὐκ
1305 3038 1633 3109 ὲξιστάμεθα
1679 3039 1767 3109 τῆς

1881 3051 2044 3113 atque
2077 3042 2443 3097 immutabiles
2476 3041 2670 3107 simus,
2699 3050 2754 3096 et
2797 3041 2999 3111 ubique
3029 3041 3335 3110 incorrupti
3364 3040 3446 3094 in-

186 3125 400 3189 οίκείας
422 3129 648 3198 ἀρετῆς,
673 3129 958 3199 συμϐαίνει
978 3128 1156 3196 τοῦτο,
1190 3130 1517 3200 διοχλεῖσθαι
1538 3131 1629 3183 τὸν
1652 3128 1776 3184 νοῦν

188 3218 295 3271 ὑπὸ
329 3216 567 3272 πολλῶν.
601 3220 758 3273 Ὅθεν
800 3220 864 3291 δὴ
894 3222 1179 3289 γενναίως,
1211 3220 1400 3294 ὥσπερ
1444 3220 1778 3292 στρατιώτας

189 3310 470 3377 ἀρίστους,
493 3310 1063 3382 ἀντιπαρατάσσεσθαι
1083 3312 1183 3377 δεῖ,
1205 3313 1275 3379 οἳ,
1300 3312 1519 3365 ἐπειδὰν
1539 3311 1647 3366 ἀπὸ
1669 3311 1779 3365 τῶν

191 3402 402 3474 ἐχθρῶν
460 3402 757 3456 αἴσθωνται
819 3404 1325 3475 πολιορκούμενοι,“
1361 3404 1574 3469 τοξείας
1627 3404 1779 3459 οὐδὲν

191 3490 588 3560 φροντίσαντες
629 3493 723 3546 καὶ
750 3493 859 3547 τῶν
902 3494 1074 3549 ἄλλων
1113 3495 1292 3550 αὐτῶν
1337 3494 1777 3566 ἀκοντισμάτων,

192 3581 333 3652 ὑπὲρ
355 3582 453 3636 τοῦ
491 3583 667 3636 σῶσαι
694 3583 791 3655 τὴν
822 3586 975 3639 πόλιν
1001 3586 1297 3659 προθύμως
1325 3588 1412 3640 ἐπ’
1441 3588 1635 3650 αὐτοὺς
1671 3587 1780 3640 ῐεν-

189 3689 300 3735 ται,
344 3675 517 3746 μηδὲν
564 3675 901 3741 ἐλλείποντες
945 3678 1204 3749 σπουδῆς,
1240 3677 1352 3730 ἐστ’
1392 3678 1458 3731 ἂν
1499 3679 1560 3732 τὸ
1596 3681 1783 3747 στῖφος

190 3766 369 3821 αὐτῶν
400 3770 485 3832 είς
514 3767 697 3839 φυγὴν
728 3769 1127 3842 ἀνατρέψαντες
1156 3768 1481 3824 ἀπώσωνται
1507 3771 1614 3824 τῶν
1641 3771 1783 3841 ὅρων

190 3855 313 3923 ἔξω.
364 3858 535 3930 Ὁρᾷς
585 3859 714 3930 γὰρ,
743 3858 819 3923 ὼς
867 3860 917 3912 oi
962 3860 1213 3930 λογισμοὶ
1255 3860 1342 3914 διὰ
1387 3861 1484 3932 τὴν
1529 3860 1783 3915 οίκοῦσαν

189 3947 469 4020 ἁμαρτίαν
497 3952 561 4004 ὲν
594 3952 725 4020 ἡμῖν
769 3949 966 4016 ἔξωθεν
995 3951 1455 4016 ὲπισυνίστανται,
1489 3951 1786 4023 καθαπερεὶ

190 4038 350 4103 κύνες
383 4039 724 4103 λυσσῶντες,
761 4040 794 4109 ἢ
835 4039 1017 4112 ἄγριοι
1054 4042 1148 4094 καὶ
1174 4040 1395 4112 θρασεῖς
1438 4040 1632 4110 λῃσταὶ
1662 4041 1784 4095 καθ’

190 4132 344 4204 ἡμῶν
368 4133 459 4187 ἀεὶ
484 4131 917 4203 παρορμώμενοι
943 4133 1047 4186 ὑπὸ
1072 4131 1167 4185 τοῦ
1190 4131 1453 4202 τυράννου
1482 4132 1575 4186 καὶ
1599 4132 1787 4203 ἄρχον-

188 4241 277 4288 τος
304 4225 406 4296 τῆς
440 4223 691 4287 ἀδικίας,
738 4223 1119 4293 δοκιμάζοντες
1146 4226 1314 4296 ἡμᾶς,
1347 4224 1394 4276 εί
1435 4221 1786 4279 ἀνθίστασθαι

188 4320 371 4383 αὐτοῖς
402 4315 700 4390 ἀρκοῦμεν
731 4318 825 4370 καὶ
854 4315 1448 4388 ἀντιπαρατάσσεσθαι.

1884 3141 1998 3188 star
2025 3130 2146 3185 auri
2176 3130 2300 3200 igne
2327 3137 2491 3198 atque
2533 3129 2784 3185 incendio
2820 3129 3053 3199 probati,
3089 3129 3225 3183 nihil
3259 3143 3290 3182 a
3324 3144 3447 3199 pro-

1853 3220 2002 3293 ’pria
2050 3223 2253 3277 virtute
2319 3219 2746 3279 desciverimus.
2805 3226 2919 3273 tum
2982 3235 3113 3275 vero
3177 3220 3447 3289 plerisque

1885 3319 2049 3369 rebus
2095 3313 2310 3368 animus
2355 3320 2544 3368 noster
2589 3310 2938 3381 perturbatur
2990 3318 3154 3379 atque
3209 3311 3447 3377 angitur.

1886 3405 2248 3472 Quamobrem
2285 3403 2497 3459 fortiter
2520 3417 2621 3458 nos
2653 3417 2841 3458 eorum
2867 3401 3154 3457 conatibus
3177 3404 3449 3471 cppouere

1886 3496 2165 3552 debemus.
2201 3492 2664 3561 Quemadmodum
2706 3507 2894 3560 gerere
2931 3507 2991 3547 se
3018 3492 3218 3547 milites
3241 3491 3449 3557 solent;

1887 3585 1979 3656 qui
2010 3599 2131 3639 cum
2159 3599 2217 3639 se
2246 3583 2315 3637 ab
2342 3583 2593 3638 hostibus
2624 3569 2862 3637 obsideri
2901 3581 3107 3646 vident,
3137 3583 3330 3637 borum
3365 3595 3451 3635 sa-

1886 3676 2036 3747 gittis
2066 3689 2130 3729 ac
2173 3673 2373 3744 jaculis
2405 3672 2750 3741 contemptis,
2799 3673 3040 3727 tutandae
3085 3673 3237 3728 urbis
3278 3664 3451 3743 gratia

1888 3781 2086 3837 magno
2109 3766 2289 3820 animo
2317 3762 2731 3834 impressionem
2782 3762 2836 3815 in
2860 3777 2958 3817 eos
2994 3761 3202 3816 faciunt
3233 3778 3453 3833 :qneque

1888 3857 2185 3928 quidquam
2229 3852 2391 3927 studii
2443 3850 2879 3923 praetermittunt,
2920 3850 3095 3904 donec
3147 3848 3453 3904 confertum

1891 3951 2110 4006 illorum
2147 3946 2364 4017 globum
2412 3943 2731 4015 propulsent
2782 3949 2944 4011 atque
2972 3930 3126 3996 extra
3161 3940 3295 3996 fines
3324 3956 3454 3995 suos

1890 4041 2134 4111 ejiciant.
2164 4035 2330 4091 Vides
2358 4035 2501 4090 enim
2532 4033 2610 4088 uti
2641 4031 2996 4103 cogitationes
3022 4038 3243 4101 propter
3268 4046 3447 4100 pecca-

1892 4142 2007 4189 tum
2040 4129 2195 4194 illud,
2227 4127 2372 4199 quod
2418 4125 2475 4180 in
2521 4123 2678 4180 nobis
2730 4123 2959 4186 habitat,
2990 4123 3333 4177 extrinsecus
3372 4121 3453 4175 in-

1893 4231 2141 4294 surgant,
2174 4221 2319 4276 velut
2350 4217 2522 4273 rabidi
2544 4215 2763 4287 quidam
2789 4228 2974 4277 canes,
3005 4213 3089 4267 vel
3126 4213 3364 4268 audaces
3392 4226 3456 4266 ac

1895 4312 2190 4373 truculenti
2236 4309 2552 4382 praedones,
2598 4320 2738 4376 quos
2768 4303 3021 4359 immanis
3059 4302 3151 4358 ille
3194 4311 3458 4375 tyrannus

190 4422 245 4468 et
275 4414 572 4484 injustitiae
625 4412 879 4483 princeps
940 4414 1159 4469 assidue
1204 4413 1258 4467 in
1303 4428 1405 4469 nos
1458 4414 1721 4471 immittit.
1760 4416 1940 4491 Atque
1968 4415 2035 4470 ab
2078 4412 2146 4467 iis
2175 4406 2393 4481 quidem
2436 4403 2751 4475 probamur,
2786 4407 2969 4455 utrum
3018 4399 3273 4455 resistere
3324 4397 3458 4467 ipsis

194 4515 361 4576 atque
391 4521 463 4562 ex
490 4505 729 4560 adverso
753 4504 903 4559 velut
931 4503 984 4558 in
1002 4504 1118 4559 acie
1150 4504 1451 4559 consistere
1478 4506 1774 4573 possimus.

264 4624 398 4678 ΝΘ.
436 4623 580 4690 Ἀγε
624 4617 717 4673 οὖν
763 4620 836 4691 μή
877 4636 1006 4672 ποτε
1050 4619 1350 4675 ύπενδοῦσα
1397 4618 1702 4689 ἁρπασθῇς,
1736 4612 1767 4673 ἆ

1954 4613 2090 4672 LIX.
2110 4613 2221 4683 Age
2241 4610 2445 4677 itaque,
2473 4604 2695 4665 videsis,
2723 4603 2926 4667 anima,
2950 4616 3018 4656 ne
3040 4598 3271 4654 infracta
3285 4613 3460 4670 quan-

191 4713 361 4785 ψυχὴ,
401 4712 549 4784 πρὸς
580 4710 763 4775 αὑτὸν,
800 4709 893 4762 καὶ
930 4709 1028 4778 οὐχ
1056 4707 1250 4778 ἕξομεν
1296 4708 1437 4779 ὑπὲρ
1471 4708 1564 4761 σοῦ
1605 4708 1784 4762 δοῦναι

191 4803 389 4874 λύτρα.
426 4802 491 4855 Τί
516 4799 632 4870 γὰρ
670 4797 1198 4867 ἀντικατάλλαγμα
1233 4796 1429 4861 δώσει,
1462 4798 1646 4867 φησὶν,
1684 4797 1789 4851 ἇν-

195 4900 433 4965 θρωπος
472 4892 592 4961 τῆς
630 4889 837 4960 ψυχῆς
881 4889 1105 4952 aurai);
1151 4888 1328 4941 Καλὸν
1365 4888 1462 4958 μὲν
1498 4884 1589 4943 οὖν
1632 4890 1680 4942 εί
1713 4887 1788 4959 μὴ

193 4989 443 5058 εἴχομεν,
474 4981 547 5056 ἦν
580 4983 710 5054 ἄρα,
743 4982 838 5035 καὶ
862 4980 1225 5052 χαρμότατον,
1253 4978 1378 5040 τοὺς
1404 4972 1791 5050 ἀντιπράσσον-

192 5096 292 5143 τας
324 5082 462 5151 ἡμῖν
494 5077 594 5131 καὶ
640 5071 997 5145 μαχομένους.
1042 5070 1192 5126 Ἐπεὶ
1229 5070 1284 5123 δὲ
1319 5068 1476 5123 τοῦτο
1504 5070 1786 5133 ἀδύνατον,

194 5172 291 5224 καὶ
317 5171 346 5224 ὃ
387 5169 626 5238 θέλομεν
660 5165 721 5218 οὐ
767 5163 1061 5235 δυνάμεθα.
1103 5161 1338 5232 Θέλομεν
1378 5159 1484 5231 γὰρ
1526 5159 1609 5235 μὴ
1646 5160 1790 5230 ἔχειν

1891 4708 2070 4778 doque
2091 4705 2147 4759 in
2167 4700 2296 4755 illud
2322 4707 2635 4753 transversa
2656 4693 2916 4763 rapiaris;
2941 4705 3040 4746 nec
3059 4690 3168 4744 ullo
3189 4696 3241 4743 te
3256 4689 3462 4745 redem-

1893 4798 2099 4871 ptionis
2123 4793 2297 4865 pretio
2328 4791 2559 4844 liberare
2599 4799 2893 4856 possumus
2918 4800 2930 4837 :
2957 4782 3129 4849 Quam
3155 4781 3291 4835 enim
3318 4795 3461 4833 com-

1895 4869 2237 4944 mutationem
2261 4880 2408 4935 dabit
2434 4879 2585 4932 homo
2606 4892 2701 4944 pro
2727 4876 2906 4928 anima
2929 4889 3028 4927 sua
3061 4872 3120 4925 ‘1’
3150 4871 3215 4924 Et
3243 4869 3460 4940 quidem

1896 4981 2191 5051 optandum
2219 4971 2350 5028 illud
2382 4977 2499 5026 erat
2532 4982 2597 5021 ac
2637 4965 2833 5020 laetitia
2864 4962 3258 5032 plenissimum,
3281 4959 3462 5014 nullos

1895 5078 1956 5126 ut
1984 5064 2324 5124 adversarios
2367 5068 2529 5130 atque
2576 5057 2762 5112 hostes
2809 5055 3152 5110 haberemus.
3185 5052 3290 5109 Sed
3335 5067 3466 5123 quo-

1894 5162 2043 5217 niam
2075 5155 2191 5212 fieri
2235 5152 2379 5209 istud
2421 5164 2532 5205 non
2586 5153 2784 5217 potest,
2815 5153 2869 5199 et
2904 5142 3051 5213 quod
3076 5143 3327 5198 volumus
3368 5157 3465 5197 ne—

195 5262 321 5326 τοὺς
345 5230 679 5327 ἐξέλκοντας
708 5257 853 5327 ἡμᾶς
877 5230 956 5319 είς
976 5252 1121 5325 πάθη
1139 5271 1151 5284 ·
1275 5252 1384 5323 γὰρ
1412 5230 1667 5321 ἀνιδρωτὶ
1689 5267 1767 5304 σω

1895 5261 2167 5322 quaquam
2185 5242 2548 5311 assequimur.
2570 5234 2836 5291 Volumus
2852 5234 2995 5289 enim
3016 5232 3215 5287 habere
3230 5230 3463 5327 nullum,

197 5320 405 5424 θῆναιί
431 5351 533 5405 καὶ
582 5348 613 5400 ὃ
646 5320 870 5418 θέλομεν
912 5344 1071 5399 τοῦτο
1101 5320 1161 5397 οὐ
1206 5320 1474 5413 five-rat,
1523 5320 1637 5395 ἀλλ’
1669 5340 1697 5393 ὃ
1727 5358 1767 5393 οι

1897 5320 1988 5414 qui
2017 5353 2117 5395 nos
2145 5335 2213 5392 ad
2244 5331 2408 5388 animi
2436 5326 2873 5399 perturbationes
2903 5325 3175 5424 attrahat;
3204 5338 3331 5424 nam
3363 5320 3465 5374 hoc

196 5411 452 5516 θέλομεν.
497 5443 596 5496 Δεῖ
625 5439 733 5512 γὰρ
770 5411 915 5510 inti;
951 5411 1360 5508 δοκιμάζεσθαι,
1395 5437 1471 5500 ὡς
1514 5435 1667 5505 ἔφην.
1698 5436 1767 5489 Mi

1899 5411 2061 5484 modo
2103 5425 2237 5479 citra
2270 5420 2521 5477 sudorem
2562 5431 2626 5471 ac
2669 5413 2907 5469 laborem
2942 5412 3172 5469 salutem
3221 5411 3468 5467 obtinere
3544 5478 3550 5489 θ

260 5653 278 5688 ⁸
300 5649 426 5708 Cor.
459 5646 563 5718 τῷ.
636 5646 655 5674 ⁹
689 5642 745 5696 F.
767 5642 939 5712 ἀχρή,
963 5650 1013 5697 ct
1033 5644 1109 5704 εἰς
1130 5640 1349 5709 μηδένα.
1425 5639 1614 5692 ’Roiu.
1644 5654 1679 5702 ι,
1699 5637 1765 5689 3'3

1879 5650 1885 5663 ’
1916 5634 1935 5687 l
1972 5633 2094 5684 Cor.
2130 5644 2201 5691 γι,
2244 5628 2295 5689 9,
2336 5625 2417 5679 l0.
2494 5622 2563 5677 Ἰ
2599 5622 2725 5678 Cor.
2760 5638 2834 5685 λι,
2877 5621 2926 5674 1.
2988 5610 3209 5668 ‘Matth.
3248 5601 3462 5672 ινι,26.
