3948 6068
456 273 586 335 H7!

1806 366 1807 369 γ
1863 288 1920 345 s.
1965 246 2306 348 EPIPHANII

3608 297 3734 353 H72

455 398 759 469 pctuimus.
777 400 882 459 Sed
921 404 1066 474 quod
1098 404 1370 473 volumus,
1399 404 1452 462 id
1483 392 1706 465 minime
1736 408 1816 476 lit,
1849 411 1962 466 imo
1992 410 2044 466 id

2162 415 2441 487 ὲνδιδῶμεν
2483 410 2595 480 οὖν,
2624 410 2669 471 ὦ
2697 416 2865 488 ψυχὴ,
2905 417 2981 488 μὴ
3032 412 3325 484 ένδιδῶμεν
3372 410 3453 481 τῷ
3496 413 3731 482 πονηρῷ.

462 492 648 560 potius
719 494 866 564 quod
932 496 1208 553 nolumus.
1270 496 1511 554 Probari
1568 502 1718 556 enim
1760 516 1894 569 nos,
1967 504 2048 557 uti

459 584 724 652 diximus,
770 593 1004 657 oportet.
1051 589 1190 645 Cum
1240 591 1357 646 inec
1409 593 1576 663 igitur
1615 592 1692 647 ita
1738 594 1870 659 sint,
1919 611 2060 649 nun-

457 690 658 744 quam,
726 692 761 732 ο
816 679 1029 735 anima!
1089 683 1499 753 improbissimo
1561 685 1824 743 cedamus
1889 687 2054 751 hosti,

2161 507 2297 560 ἀλλὰ
2323 507 2728 574 ἀναλαϐόντες
2757 508 2874 576 τὴν
2899 504 3247 560 πανοπλίαν
3268 502 3376 556 τοῦ
3403 501 3558 556 Θεοῦ
3583 502 3734 571 ὑπερ-

2160 598 2499 665 ασπίζουσαν
2547 599 2641 654 καὶ
2686 597 3205 671 προαγωνιζομένην
3250 595 3444 668 ἡμῶν,
3489 592 3736 681 ἐνδυσώ-

2156 693 2307 759 μεθα
2335 693 2443 746 τὸν
2464 692 2696 762 θώρακα
2717 692 2828 761 τῆς
2854 691 3272 756 δικαιοσύνης,
3296 688 3397 741 καὶ
3428 686 3733 743 ὑποδυσώ-

420 763 555 847 ised
618 764 715 820 Dei
777 780 1110 825 armaturam
1166 783 1462 839 sumentes,
1531 791 1651 846 qua;
1708 792 1810 832 nos
1874 785 2059 840 tuetur

2162 787 2308 851 μεθα
2358 785 2500 852 τοὺς
2534 786 2726 851 πόδας
2767 785 2837 855 ἐν
2864 782 3174 852 ἑτοιμασίᾳ
3214 779 3322 834 τοῦ
3373 776 3733 848 Εὐαγτελίου

1167 820 1462 839 -η,,-,-..-,,
1532 820 1651 846 Ψ...
1708 820 1810 832 ...η
1876 820 2050 840 ...ψη

417 820 525 913 ξπ
586 859 857 930 protegit,
901 861 1135 930 justitia:
1189 865 1415 919 loricam
1467 868 1791 935 induamus,
1846 878 1896 924 et
1949 871 2059 924 cal-

2162 820 2308 851 μσυι.
2362 820 2492 852 tum,
2534 820 2717 851 ,ιυυας
2767 820 2835 855 ul
2864 820 3174 852 c....,.......,
3219 820 3317 834 ..ιν
3373 820 3726 848 usuum"-

2162 872 2270 943 τῆς
2303 876 2579 945 εἰρήνης·
2618 877 2686 929 ἐν
2730 873 2922 930 πᾶσιν
2953 874 3363 937 ἀναλαϐόντες
3394 869 3501 923 τὸν
3534 868 3734 937 θυρεὸν

461 961 668 1003 ccemus
705 950 860 1018 pedes
913 953 967 1007 in
1027 958 1418 1024 prwparatione
1468 957 1743 1030 Evangelii
1784 962 1928 1030 pacis
1955 977 1975 1015 :
2003 964 2059 1016 in

2162 966 2272 1035 τῆς
2299 968 2579 1035 πίστεως,
2621 968 2691 1022 ἐν
2718 960 2767 1034 ᾧ
2808 965 3192 1035 δυνησόμεθα
3236 962 3433 1016 πάντα
3476 960 3551 1014 τὰ
3592 959 3731 1027 ,βέλη

462 1038 709 1094 omnibus
753 1054 1016 1100 sumentes
1068 1057 1277 1101 scutum
1331 1049 1478 1119 ﬁdei,
1528 1052 1584 1105 in
1634 1069 1738 1123 quo
1791 1054 2056 1127 possimus

2162 1062 2267 1117 τοῦ
2298 1061 2566 1130 πονηροῦ
2589 1061 2661 1115 τὰ
2681 1059 3077 1129 πεπυρωμένα
3103 1056 3341 1111 σϐέσαιο
3377 1054 3476 1108 καὶ
3503 1052 3624 1120 τὴν
3646 1067 3733 1105 πε-

465 1131 631 1204 587
668 1138 850 1191 omnia
879 1139 1070 1207 jacula
1106 1143 1415 1212 nequissimi
1447 1143 1612 1199 hostis
1658 1145 1826 1215 ignita
1866 1147 2059 1200 restin-

2162 1154 2555 1223 ρικεφαλαίαν
2611 1151 2718 1206 τοῦ
2771 1151 3071 1218 σωτηρίου
3127 1147 3437 1211 δέξασθαι,
3491 1145 3599 1198 καὶ
3636 1142 3732 1210 τὴν

463 1244 641 1298 gnere.
674 1229 743 1283 Et
764 1232 972 1302 galeam
990 1235 1183 1289 salutis
1205 1236 1445 1305 accipite,
1472 1247 1520 1292 et
1544 1236 1783 1308 giadium
1813 1239 2054 1305 spiritus,

2162 1245 2458 1316 μάχαιραν
2478 1243 2586 1298 τοῦ
2614 1245 2975 1312 πνεύματος,
3001 1242 3033 1294 ὅ
3058 1242 3187 1296 ἐστι
3203 1239 3369 1309 ῥῆμα
3397 1238 3574 1318 θεοῦ,
3602 1238 3732 1305 πρὸς

465 1319 607 1388 quod
644 1331 721 1374 est
756 1323 965 1377 verbum
1010 1324 1104 1380 Dei
1133 1346 1151 1380 :
1185 1336 1242 1380 ut
1269 1329 1486 1397 passitis
1516 1337 1658 1382 stare
1686 1328 1936 1383 adversus
1974 1329 2058 1381 in-

2162 1335 2226 1389 τό
2264 1334 2562 1389 δύνασθαι
2596 1330 2814 1401 στῆναι
2839 1331 2989 1401 πρὸς
3006 1330 3119 1399 τὴν
3139 1329 3463 1401 μεθοὸείαν
3492 1328 3605 1381 τοῦ
3624 1325 3729 1380 δια⁹

466 1410 633 1465 sidias
662 1411 925 1481 diaboli‘,
959 1432 1020 1469 ac
1045 1419 1389 1488 cogitationes
1436 1420 1722 1485 destruere,
1760 1430 1811 1474 et
1850 1437 2056 1474 omnem

2162 1427 2340 1480 δόλου
2364 1442 2379 1456 ο
2415 1425 2748 1495 λογισμούς
2781 1441 2845 1478 τε
2891 1422 3212 1491 καθαιρεῖν,
3247 1420 3345 1474 καὶ
3375 1418 3500 1473 πᾶν
3531 1419 3730 1487 ὕψωμα

468 1500 828 1574 altitudinem,
869 1522 987 1574 qua:
1015 1510 1295 1564 extollitur
1324 1510 1578 1566 adversus
1600 1513 1880 1567 scientiam
1899 1511 2050 1587 Dei’.

2162 1517 2555 1587 ἐπαιρόμενον
2599 1515 2748 1571 κατὰ
2798 1514 2909 1584 τῆς
2948 1514 3225 1584 γνώσεως
3267 1512 3373 1595 τοῦ
3416 1511 3591 1565 Θεοῦ.
3621 1512 3730 1563 Ὅτι

469 1594 739 1663 Quoniam
765 1616 868 1655 non
915 1611 992 1657 est
1023 1603 1173 1658 nobis
1207 1604 1516 1659 colluctatio
1544 1604 1793 1661 adversus
1833 1607 2053 1676 sangui-

2162 1611 2238 1681 μὴ
2269 1614 2441 1666 ἐστιν
2472 1610 2619 1682 ἡμῖν
2644 1613 2682 1680 ἡ
2711 1611 2872 1680 πάλη
2897 1611 3047 1678 πρὸς
3081 1603 3223 1678 αἷμα
3246 1594 3343 1660 καὶ
3367 1604 3589 1672 σάρκα.
3617 1605 3729 1656 Τού-

465 1703 587 1741 nem
606 1700 656 1744 et
685 1707 896 1747 carnem
928 1694 970 1749 ³.
1006 1692 1131 1750 Haec
1160 1704 1340 1752 autem
1375 1697 1499 1753 ideo
1533 1697 1682 1764 dico,
1712 1697 1858 1769 quod
1885 1712 1949 1752 ea
1984 1698 2056 1752 sit

2162 1719 2251 1757 του
2293 1702 2350 1757 δὲ
2399 1703 2563 1757 ἕνεκα
2612 1702 2785 1756 ταῦτα
2820 1702 2986 1769 λέγω,
3028 1701 3110 1753 ὅτι
3144 1693 3298 1762 οὗτος
3346 1700 3376 1751 ὁ
3405 1696 3609 1769 τρόπος
3649 1694 3727 1749 τοῦ

466 1776 714 1831 omnium
726 1778 974 1850 Apostoli
992 1784 1322 1854 scriptorum
1339 1785 1671 1841 ratioMulta
1684 1787 1884 1858 quippe
1901 1796 2051 1853 sunt,

469 1883 592 1937 qua:
615 1869 682 1924 de
708 1887 1037 1944 unoquoque
1084 1890 1296 1944 eorum,
1316 1892 1437 1947 quae
1460 1878 1517 1932 in
1546 1878 1637 1932 illa
1655 1876 1896 1948 Epistula
1930 1893 2057 1948 pro-

469 1961 820 2029 nuntiantur,
870 1965 1239 2031 demonstrari
1301 1976 1555 2038 possunt,
1619 1979 1679 2024 ut
1729 1972 1796 2025 ad
1850 1978 2055 2025 rectam

469 2050 636 2107 ﬁdem
691 2056 937 2125 apposite
987 2067 1351 2130 accurateque
1402 2061 1547 2116 dicta
1578 2062 1904 2117 videantur.
1949 2061 2054 2117 Sed

469 2143 694 2216 longum
727 2154 813 2203 est
862 2148 1010 2204 hunc
1060 2150 1117 2205 in
1163 2152 1385 2207 modum
1435 2153 1651 2223 singula
1708 2169 2053 2223 percensere.

467 2234 726 2294 Formam
750 2240 896 2296 enim
926 2240 1192 2297 duntaxat
1210 2243 1359 2301 illius
1387 2260 1452 2300 ac
1475 2247 1800 2301 sententiam
1834 2247 1890 2301 in
1922 2261 2056 2315 prte-

470 2332 647 2387 scntia
670 2333 951 2391 declarare
982 2336 1169 2392 statui.
1191 2336 1315 2391 Non
1336 2339 1473 2393 enim
1491 2338 1630 2410 quod
1642 2338 1756 2393 volo
1777 2339 1870 2394 hoc
1891 2339 2055 2409 facio,

470 2422 563 2477 sed
592 2424 733 2493 quod
747 2425 837 2493 odi
851 2428 948 2481 hoc
972 2426 1133 2497 facio.
1157 2427 1366 2485 Divina
1393 2431 1611 2501 quidem
1636 2433 1738 2502 legi
1785 2434 2059 2490 assentior

469 2530 539 2571 ac
558 2518 757 2573 bonam
780 2535 903 2576 esse
925 2518 1122 2575 fateor.
1145 2520 1266 2576 Jam
1295 2538 1423 2577 vero
1451 2539 1562 2580 non
1589 2524 1724 2579 illud
1752 2524 1931 2595 ipsum
1957 2541 2057 2597 ego

473 2611 779 2675 committo,
833 2611 925 2666 sed
977 2612 1116 2683 quod
1167 2613 1376 2669 habitat
1410 2616 1466 2669 in
1505 2632 1585 2670 me
1607 2627 1902 2686 peccatum.
1936 2617 2058 2672 Scio

473 2699 611 2753 enim
648 2700 788 2772 quod
822 2718 926 2758 non
955 2703 1163 2759 habitat
1196 2706 1252 2760 in
1273 2723 1373 2771 me,
1405 2708 1502 2763 hoc
1539 2719 1616 2764 est
1649 2711 1701 2763 in
1732 2726 1891 2765 carne
1919 2726 2056 2774 mea,

473 2788 665 2845 bonum
701 2791 743 2844 ⁸.
778 2790 1045 2850 Prmclare
1092 2795 1239 2852 istud
1301 2798 1544 2867 quidem.
1583 2799 1898 2857 Meminisse
1959 2819 2058 2859 vos

474 2882 619 2935 enim
677 2883 937 2949 arbitror,
1001 2886 1134 2956 quid
1192 2903 1224 2941 a
1279 2890 1439 2945 nobis
1486 2906 1652 2960 supra
1692 2878 2103 2949 constitutumr

475 2969 659 3024 fuerit.
695 2969 935 3028 Tametsi
964 2973 1094 3028 dum
1136 2976 1321 3031 omnia
1353 2980 1609 3049 persequi
1648 2982 1863 3049 studeo,
1896 2985 2060 3055 paulo

475 3061 579 3117 sim
609 3063 845 3134 longior,
879 3066 1254 3141 maioremque
1292 3071 1426 3125 mihi
1470 3088 1633 3143 quam
1666 3076 1975 3145 sperabam,
2003 3077 2059 3131 in

476 3152 741 3209 ambitum
774 3155 1151 3213 circumducta
1205 3161 1276 3216 sit
1323 3162 1532 3230 oratio;
1568 3179 1731 3233 quem
1788 3181 1890 3221 nos
1938 3182 2062 3236 pcr-

476 3255 702 3299 currere
724 3259 787 3299 ac
811 3246 1083 3304 coniicere
1115 3250 1461 3306 conabimur.
1493 3252 1712 3323 Alioqui
1747 3254 1960 3309 nullum
2006 3258 2061 3311 in

480 3339 762 3408 preposito
788 3350 1111 3411 argumento
1139 3344 1303 3400 ﬁnem
1332 3345 1709 3415 expediemus.

549 3428 664 3483 LX.
705 3430 783 3486 Ita
829 3432 1016 3501 igitur,
1072 3434 1121 3489 si
1166 3434 1554 3501 recordamini,
1597 3439 2058 3508 disputabamus:

478 3536 546 3575 ex
579 3537 688 3592 quo
729 3524 941 3592 primus
983 3526 1146 3582 homo
1173 3527 1582 3586 circumventus
1614 3533 1928 3589 mandatum
1966 3536 2061 3592 Dei

481 3612 725 3677 violavit,
760 3613 891 3670 inde
920 3625 1203 3685 peccatum
1227 3634 1294 3674 ex
1322 3635 1386 3675 ea
1418 3625 1765 3678 contumacia
1797 3642 2064 3698 propaga~

481 3710 599 3757 tum
643 3704 700 3759 in
735 3720 801 3761 eo
847 3706 1031 3762 sedem
1078 3710 1451 3769 constituisse.
1502 3712 1594 3769 Sic
1638 3716 1784 3771 enim
1825 3721 2062 3788 primum

481 3806 673 3852 exorta
695 3798 896 3855 seditio
919 3809 1032 3868 est;
1059 3816 1122 3857 ac
1154 3818 1255 3858 nos
1307 3806 1636 3865 turbulentis
1672 3811 2064 3880 agitationibus

483 3905 549 3945 ac
590 3892 896 3963 peregrinis
954 3895 1385 3965 cogitationibus
1442 3900 1713 3970 implicari
1771 3907 2059 3976 coepimus.

481 3985 617 4041 Nam
674 3988 860 4043 divino
929 3989 1023 4044 illo
1086 3989 1268 4045 amatu
1342 3991 1634 4050 destitutos
1717 4012 1782 4052 ac
1845 4001 2064 4069 penitus

480 4081 781 4137 exhaustos
814 4080 1099 4137 lutulenta:
1143 4083 1250 4138 illa:
1294 4086 1623 4154 cupiditates
1665 4089 2060 4159 oppleverunt,

482 4184 622 4239 quas
653 4170 885 4226 callidus
914 4170 969 4225 in
1000 4186 1101 4227 nos
1146 4187 1372 4241 serpens
1403 4189 1465 4229 ac
1495 4182 1771 4232 veterator
1800 4178 2059 4247 immisit,

483 4275 607 4314 cum
642 4262 811 4316 divini
835 4263 1038 4333 alioqui
1064 4266 1318 4333 prmcepti
1348 4266 1494 4321 velut
1520 4269 1705 4323 orbem
1742 4270 1887 4325 breri
1921 4278 2062 4326 tem-

482 4352 634 4421 poris
704 4355 879 4423 spatio
939 4370 1408 4426 peragrassemus.
1470 4357 1762 4430 Propterea
1832 4373 2061 4420 mortem

2176 1793 2501 1847 Ἀποστόλου
2532 1793 2644 1847 τῶν
2690 1792 3102 1864 συνταγμάτων.
3135 1788 3313 1865 Πολλὰ
3348 1788 3449 1860 μὲν
3476 1789 3592 1860 γὰρ
3632 1787 3723 1840 ἔστι

2166 1887 2258 1941 καὶ
2288 1886 2416 1956 περὶ
2444 1885 2678 1939 ἑκάστου
2715 1884 2825 1938 τῶν
2865 1886 2923 1937 ὲν
2958 1885 3026 1954 τῇ
3072 1880 3360 1951 Ἐπιστολῇ
3397 1879 3575 1952 ταύτῃ
3600 1880 3723 1950 εἰρη-

2167 1979 2343 2050 μένων
2386 1977 2698 2045 ἀποδεῖξαι,
2745 1977 2821 2040 ὡς
2867 1974 3162 2046 ὀρθοδόξως
3209 1973 3302 2026 καὶ
3353 1969 3719 2043 μεμελημένως

2164 2067 2307 2138 ἔχει’
2338 2067 2476 2121 ἀλλὰ
2509 2067 2721 2139 μακρὸν
2750 2067 2818 2120 ἂν
2837 2065 2923 2137 εἴη
2951 2066 3182 2119 ἕκαστον
3202 2062 3385 2119 αὐτῶν
3413 2062 3589 2126 οὕτως
3609 2059 3713 2113 διελ-
3783 2104 3794 2117 .

2165 2155 2296 2210 θεῖν.
2328 2157 2431 2209 Τὸν
2446 2157 2553 2227 γὰρ
2575 2156 2746 2209 τύπον
2783 2156 2948 2209 αὑτοῦ
2979 2153 3149 2219 δεῖξαι
3188 2152 3349 2224 μόνον
3380 2152 3480 2205 καὶ
3505 2152 3600 2221 τὴν
3623 2148 3714 2220 βού-

2164 2247 2319 2318 λησιν
2336 2248 2654 2320 προῄρημαι
2673 2246 2788 2301 νῦν.
2815 2249 2897 2301 Ob
2923 2247 3035 2315 τὰρ
3050 2246 3081 2300 ὃ
3094 2245 3263 2311 θέλω,
3282 2242 3465 2298 τοῦτο
3478 2242 3712 2312 πράσσω,

2165 2341 2302 2396 ἀλλ’
2334 2340 2365 2393 ὃ
2410 2340 2590 2411 μισῶ,
2633 2341 2809 2395 τοῦτο
2841 2340 3010 2395 ποιῶ.
3053 2338 3317 2410 Σύμφημι
3360 2336 3441 2407 τῷ
3475 2336 3613 2406 νόμῳ
3640 2332 3714 2386 τοῦ

2165 2431 2322 2494 Θεοῦ,
2360 2434 2443 2486 ὅτι
2488 2432 2685 2495 καλός·
2720 2432 2839 2485 νυνὶ
2865 2430 2922 2484 δὲ
2965 2431 3147 2483 οὐκέτι
3194 2427 3306 2497 ἐγὼ
3339 2426 3714 2497 κατεργάζομαι

2166 2516 2317 2590 αὐτὸ,
2355 2525 2493 2580 ἀλλ’
2517 2527 2555 2594 ὴ
2590 2524 2844 2579 οἰκοῦσα
2870 2541 2939 2578 εν
2967 2522 3093 2592 ἐμοὶ
3132 2521 3406 2590 ἁμαρτία.
3454 2516 3591 2573 Οἶδα
3611 2517 3717 2586 γὰρ,

2166 2615 2257 2670 ὅτι
2284 2618 2396 2695 οιύκ
2418 2616 2569 2671 οἰκεῖ
2598 2618 2668 2670 ἐν
2691 2614 2840 2685 ἐμοὶ,
2868 2613 3268 2669 τουτέστινὲν
3294 2611 3369 2681 τῇ
3406 2611 3583 2679 σαρκὶ
3598 2625 3718 2678 μου.

2166 2709 2234 2763 τὸ
2271 2707 2532 2779 ἀγαθόν·
2570 2707 2745 2779 ὀρθῶς
2789 2705 2982 2776 λέγων.
3033 2704 3327 2776 Μέμνησθε
3375 2702 3482 2774 γὰρ
3533 2704 3585 2755 ἐν
3624 2702 3719 2762 τοῖς

2167 2799 2499 2872 ἔμπροσθεν,
2533 2800 2610 2864 ὡς
2637 2799 2953 2871 ὁριζόμεθα,
2988 2801 3037 2852 εἰ
3068 2798 3163 2852 καὶ
3197 2796 3441 2849 σπεύδων
3466 2795 3569 2863 ἐγὼ
3600 2795 3722 2861 ταχὺ

2169 2893 2344 2946 πάντα
2372 2890 2661 2957 διεξελθεῖν
2705 2891 2903 2961 μᾶλλον
2947 2889 3214 2963 βραδύνω,
3265 2887 3594 2959 μακροτέρας
3625 2899 3720 2953 μου

2167 2980 2276 3033 τῶν
2310 2979 2483 3048 λόγων
2512 2980 2612 3051 τῆς
2653 2981 2905 3047 περιόδου
2932 2975 2999 3051 ἦς
3033 2978 3405 3050 προσεδόκησα
3440 2973 3714 3044 γεγενημέ·

2090 3113 2131 3172 C
2167 3089 2288 3143 νης,
2333 3072 2398 3142 ἣν
2429 3071 2808 3144 προθυμητέον
2848 3072 2912 3143 δὴ
2959 3071 3229 3126 διανύσαι.
3269 3069 3463 3131 ’Ἄλλως
3502 3066 3604 3136 γὰρ
3631 3062 3719 3116 τοῦ

2168 3167 2531 3238 προκειμένου
2556 3164 2751 3219 οὔποτε
2785 3165 2982 3237 ἥξομεν
3014 3166 3106 3219 ἐπὶ
3130 3163 3304 3226 τέλος.

2240 3444 2313 3498 Ξν.
2348 3442 2557 3497 Οὐκοῦν
2590 3442 2847 3513 ἐλέγομεν
2902 3442 2995 3511 ἀφ’
3028 3434 3090 3495 οὗ
3130 3440 3221 3494 τὸν
3260 3438 3535 3508 ἄνθρωπον
3571 3439 3715 3508 egw,

2171 3536 2481 3607 μονεύετε⁸,
2510 3534 2851 3605 πλανηθέντα
2872 3533 2969 3606 τὴν
2997 3532 3214 3603 ἐντολὴν
3236 3531 3484 3601 ἀθετῆσαι
3510 3530 3722 3600 συνέδη,

2168 3626 2415 3681 ἐντεῦθεν
2453 3627 2519 3679 ὲκ
2560 3627 2660 3696 τῆς
2702 3625 2987 3697 παρακοῆς
3024 3625 3122 3694 τὴν
3172 3621 3437 3694 ἁμαρτὶαν
3468 3618 3723 3673 λαϐοῦσαν

2165 3720 2380 3789 γένεσιν
2420 3721 2499 3782 εἰς
2528 3718 2692 3772 αὐτὸν
2738 3717 3119 3789 εἱσῳκηκέναι.
3151 3714 3340 3777 Οὕτως
3377 3712 3484 3783 γὰρ
3527 3711 3721 3783 πρῶτον

2168 3814 2357 3876 στάσις
2389 3813 2636 3876 ἐνέπεσε,
2682 3808 3037 3881 σφαδαῖσμῶν
3066 3827 3125 3862 τε
3160 3809 3253 3861 καὶ
3290 3807 3562 3877 λογισμῶν
3598 3805 3724 3856 ἀνοι-

2166 3906 2331 3960 κείων
2364 3905 2763 3978 ἐπληρώθημεν
2788 3945 2801 3967 ,
2834 3900 3164 3975 ὀιενωθέντες
3214 3901 3312 3972 μὲν
3360 3899 3455 3952 τοῦ
3498 3895 3725 3969 ἐμφυσή-

2170 4018 2340 4070 ματος
2367 4000 2461 4054 τοῦ
2499 3999 2634 4052 Θεοῦ
2660 4039 2675 4063 ,
2712 3996 3092 4070 πληρωθέντες
3122 3997 3180 4049 δὲ
3204 3994 3499 4065 ἐπιθυμίας
3533 3993 3724 4062 ὑλικῆς.

2167 4093 2233 4163 ἢν
2258 4094 2287 4145 ὁ
2321 4090 2658 4153 πολύπλοκος
2698 4089 3019 4143 ἐνέπνευσεν
3049 4089 3129 4151 εἰς
3168 4087 3317 4158 ἡμᾶς
3358 4086 3515 4155 ὄφις.
3551 4083 3729 4153 βραχέι

2167 4185 2522 4256 πορησὰντων
2572 4182 2730 4255 ἡμῶν
2781 4182 2879 4253 τῆς
2930 4179 3303 4252 παραγγελίας
3350 4178 3442 4231 τοῦ
3476 4175 3607 4230 Θεοῦ
3651 4177 3729 4226 τον

2166 4278 2385 4334 κύκλον.
2434 4277 2524 4329 Διὸ
2554 4276 2647 4329 καὶ
2692 4274 2780 4328 τὸν
2822 4273 3049 4327 θάνατον
3077 4276 3104 4327 ὁ
3135 4273 3267 4335 Θεὸς
3298 4272 3434 4340 πρὸς
3471 4270 3732 4339 ἀναίρεσιν
3820 4302 3833 4309 -

2165 4369 2267 4438 τῆς
2294 4366 2570 4439 ἁμαρτιας
2594 4365 2734 4436 ὑπὲρ
2765 4364 2925 4437 ἡμῶν
2962 4365 3178 4435 εὓρατο,
3218 4365 3304 4417 ἵνα
3348 4363 3421 4435 μὴ
3456 4364 3517 4414 ἐν
3546 4359 3729 4415 ἀθανά-

483 4442 629 4499 Deus
655 4445 722 4499 ad
757 4447 1213 4517 exstinguendum
1251 4457 1535 4521 peccatum
1562 4462 1751 4507 nostra
1779 4468 1946 4508 causa
1980 4470 2059 4510 rc-

2167 4476 2280 4521 τοις
2308 4460 2441 4529 ἡμῖν
2478 4456 2833 4518 ἀνατείλασα,
2868 4456 2943 4519 ὡς
2974 4456 3142 4527 ἔφην,
3181 4454 3447 4515 ἀθάνατος
3588 4449 3735 4503 Ὅθεν

482 4537 645 4607 perit,
686 4553 753 4592 ne
790 4553 857 4593 ex
905 4537 1309 4596 immortalibus
1363 4543 1521 4597 nobis
1556 4544 1661 4613 (uti
1709 4543 1916 4599 dictum
1954 4548 2061 4615 est)

481 4628 829 4685 elliorescens
866 4630 1170 4687 immortale
1208 4643 1571 4703 permaneret.
1623 4634 1763 4692 Hinc
1803 4638 2061 4692 nimirum

481 4723 781 4793 Apostolus
810 4742 823 4778 :
852 4722 996 4787 Scio,
1025 4724 1224 4793 inquit,
1244 4727 1495 4796 quoniam
1520 4744 1624 4781 non
1654 4727 1859 4781 habitat
1884 4730 1937 4782 in
1960 4746 2059 4795 me,

483 4813 578 4865 hoc
612 4823 689 4867 est
728 4814 783 4866 in
809 4830 968 4869 carne
1003 4831 1140 4881 mea,
1176 4815 1388 4869 bonum.
1420 4817 1631 4883 Quibus
1658 4819 1839 4873 verbis
1867 4835 2060 4889 pecca-

482 4909 596 4956 tum
632 4904 793 4959 modo
840 4904 1135 4975 signiﬁcat,
1169 4906 1312 4976 quod
1353 4922 1423 4962 ex
1469 4908 1559 4961 illa
1603 4907 1774 4962 divini
1819 4904 2061 4963 mandati

484 4995 775 5052 violatione
815 5012 913 5067 per
960 4997 1313 5067 cupiditatem
1371 5000 1424 5053 in
1465 5014 1565 5054 nos
1616 5007 1700 5055 est
1737 5000 2009 5055 invectum
2045 5019 2058 5056 :

483 5100 593 5154 quo
627 5101 691 5142 ex
722 5095 949 5157 peccato
979 5098 1240 5159 tanquam
1283 5091 1525 5160 germina
1555 5092 1803 5161 quaedam
1840 5108 1903 5146 ac
1941 5109 2063 5147 sur-

484 5179 757 5243 culi,.ita
818 5183 1138 5253 voluptaria:
1184 5183 1240 5237 in
1296 5182 1454 5238 nobis
1503 5185 1863 5255 cogitationes
1898 5184 2063 5256 588

483 5270 753 5325 oriuntur.
797 5273 891 5329 Est
932 5276 1076 5330 enim
1114 5275 1313 5344 duplex
1366 5275 1419 5329 iu
1460 5276 1619 5330 nobis
1665 5278 2057 5346 cogitationum

486 5375 693 5432 genus:
726 5362 872 5427 aliud
902 5366 1045 5433 quod
1081 5381 1148 5421 ex
1190 5366 1654 5437 concupiscentia,
1688 5383 1811 5437 quae
1843 5368 1895 5421 in
1931 5383 2057 5423 cor-

486 5466 617 5525 pore
661 5459 850 5507 nostro
884 5455 1106 5523 residet,
1157 5459 1383 5513 excitari
1429 5459 1601 5526 solet;
1638 5475 1779 5529 quae,
1835 5468 1891 5514 ut
1934 5468 2061 5516 ante

486 5545 812 5619 diximusha
845 5548 1086 5602 concreti
1144 5564 1266 5603 cum
1315 5553 1541 5607 materia
1587 5553 1814 5623 spiritus
1872 5553 2061 5609 fraude

2161 4547 2190 4599 ὁ
2235 4545 2589 4608 Ἀπόστολος,
2628 4541 2771 4598 Οἶδα
2815 4543 2927 4615 γὰρ
2952 4586 2966 4612 ,
3002 4544 3090 4599 ὅτι
3123 4547 3234 4599 οὐκ
3278 4543 3432 4598 οἰκεῖ
3475 4544 3549 4597 ἐν
3597 4538 3733 4608 ἐμοὶ.

2162 4636 2476 4691 τουτέστιν
2522 4638 2594 4711 έν
2624 4634 2697 4705 τῇ
2722 4638 2906 4705 σαρκί
2931 4655 3053 4707 μου
3076 4679 3092 4702 ,
3145 4638 3211 4691 τὸ
3237 4635 3500 4706 ἀγαθὸν,
3552 4634 3736 4702 λέγων,

2160 4728 2259 4799 τὴν
2299 4728 2407 4781 ἀπὸ
2437 4727 2539 4797 τῆς
2582 4728 2947 4800 παραϐάσεως
2982 4729 3072 4783 διὰ
3105 4729 3207 4799 τῆς
3253 4728 3553 4799 ἐπιθυμίας
3589 4730 3733 4780 electo

2162 4823 2444 4876 κισθεῖσαν
2473 4823 2555 4884 εἰς
2581 4824 2731 4893 ἡμᾶς
2758 4823 3036 4894 ἁμαρτίαν
3076 4822 3323 4892 βούλεται
3358 4821 3588 4893 μηνύειν
3624 4820 3739 4891 ἥδη,

2160 4910 2228 4985 ἦς
2255 4913 2320 4983 δὴ
2352 4912 2605 4985 καθάπερ
2636 4913 2989 4987 βλαστήματα
3018 4916 3115 4969 νέα
3148 4917 3241 4969 καὶ
3274 4914 3480 4977 κλῶνες
3500 4957 3516 4977 ,
3548 4915 3600 4966 οἱ
3632 4911 3736 4981 φιλ-

2160 5006 2338 5075 ήδονοι
2378 5007 2507 5077 περὶ⁹
2549 5007 2696 5077 ἡμᾶς
2744 5008 2830 5060 ἀεὶ
2886 5008 3134 5078 λογισμοὶ
3176 5007 3546 5060 συνίστανται.
3584 5001 3742 5058 Δισσᾶ

2160 5097 2270 5168 γὰρ
2305 5100 2362 5151 ὲν
2393 5099 2524 5169 ἡμῖν
2551 5097 2827 5168 λογισμῶν
2865 5098 2996 5171 γένη
3025 5117 3037 5130 ·
3078 5101 3106 5151 ὁ
3145 5099 3244 5169 μὲν
3280 5098 3389 5151 ἀπὸ
3415 5097 3521 5166 τῆς
3562 5096 3742 5150 ἐπιθυ-

2163 5190 2291 5259 μίας
2326 5190 2428 5260 τῆς
2474 5189 2889 5261 ὲνθωπευούσης
2935 5193 2992 5243 ὲν
3048 5189 3127 5261 τῷ
3172 5190 3382 5261 σώματι
3424 5192 3735 5261 συνιστάμε·

2162 5298 2283 5346 νος,
2328 5282 2451 5352 ἥτις
2490 5282 2550 5348 ἐξ
2588 5282 2863 5346 ἐπινοίας,
2898 5282 2975 5346 ὡς
3023 5282 3192 5351 ἔφην.
3233 5282 3465 5354 ἐγενήθη
3512 5281 3611 5335 τοῦ
3647 5281 3743 5334 bl:-

2163 5369 2262 5424 κοῦ
2304 5370 2612 5442 πνεῦματος
2637 5388 2650 5401 ·
2688 5373 2717 5424 ὁ
2754 5371 2811 5425 δὲ
2852 5372 2961 5426 ἀπὸ
2989 5371 3084 5427 τοῦ
3125 5373 3290 5444 νόμου
3329 5372 3425 5427 τοῦ
3464 5372 3621 5428 κατὰ
3660 5369 3743 5443 τὴν

2165 5464 2416 5536 ἐντολὴν,
2462 5466 2523 5518 ὃν
2559 5465 2797 5536 ἔμφυτον
2852 5466 3119 5536 ἐλάϐομεν
3172 5467 3316 5535 ἔχειν
3366 5468 3464 5519 καὶ
3524 5463 3747 5535 φυσικὸν

2166 5555 2329 5625 νόμον
2353 5595 2366 5620 ,
2392 5556 2528 5626 πρὸς
2557 5554 2617 5608 τὸ
2659 5556 2820 5610 καλὸν
2857 5557 3012 5627 ἡμῶν
3046 5555 3413 5625 ὲξεγείροντα,
3457 5555 3563 5610 καὶ
3593 5558 3738 5609 ἐπαν-

556 5702 572 5734 ¹
609 5701 803 5789 Ephcs.
838 5722 908 5774 γι,
948 5705 1125 5762 1516.
1205 5708 1222 5738 ²
1259 5706 1298 5759 ll
1327 5708 1451 5762 (lor.
1494 5725 1544 5773 x,
1576 5708 1626 5762 3.
1708 5709 1725 5739 ³
1760 5709 1959 5780 ΕιιΙιρδ.
1997 5725 2049 5765 γι

2162 5712 2192 5764 l.
2271 5711 2289 5742 ⁸
2329 5710 2486 5766 Rom.
2522 5725 2617 5775 tu,
2658 5709 2741 5764 18.
2821 5712 2838 5738 ⁸
2874 5710 2931 5768 F.
2968 5714 3014 5765 εἰ
3055 5711 3444 5783 μνημονεύετε.
