3840 6062
226 214 375 272 “73

904 215 1274 277 ADVERSUS
1310 218 1649 276 [IERESES
1681 221 1810 279 LIB.

1957 219 2118 278 ΤΟΜ.
2160 219 2202 275 Ι.
2234 247 2305 263 -
2341 219 2612 277 ΗΕΒΕΞ.
2653 219 2839 276 LXIV.

3358 221 3496 277 “74's

226 332 575 406 opOovlqtevov
619 329 709 386 τόν
752 332 1033 404 λογισμόν.
1102 334 1264 389 Ὅθεν
1304 337 1372 406 τῇ
1409 336 1698 409 νομοθεσίᾳ
1727 338 1819 392 τοῦ

1940 338 2266 409 Irtificioque
2300 337 2689 409 proficiscitur.
2734 334 2895 391 Aliud
2924 342 3027 400 est,
3064 333 3208 405 quod
3242 350 3306 389 ex
3345 348 3499 388 man-

229 421 375 477 Θεοῦ
406 425 557 480 κατὰ
590 426 682 481 τὸν
728 427 853 482 νοῦν
892 425 1266 497 συνηδόμεθαο
1298 424 1457 479 τοῦτο
1504 426 1612 498 γὰρ
1639 428 1668 478 6
1715 427 1823 481 ἔσω

231 513 536 586 ἄνθρωπος
556 534 572 551 ο
604 521 671 591 τῇ
703 518 759 571 δέ
795 517 1087 590 νομοθεσίᾳ
1124 516 1217 570 τοῦ
1266 517 1515 571 διαϐόλου
1555 518 1695 572 κατὰ
1726 517 1823 589 τὴν

234 605 569 662 ἐνοικοῦσαν
620 609 894 679 ἁμαρτίαν
946 609 1005 661 ἐν
1045 609 1112 678 τῇ
1158 607 1339 679 σαρκί.
1393 604 1456 660 '0
1506 609 1615 678 γὰρ
1665 608 1825 678 νόμος

233 698 803 772 ἀντιστρατευόμενος
852 700 947 754 καὶ
988 700 1373 770 άντιπράσσων
1422 699 1500 769 τῷ
1541 699 1690 770 νόμῳ
1730 699 1823 752 τοῦ

231 788 417 852 Θεοῦ,
469 792 501 843 6
552 792 612 845 ἐν
644 793 710 862 τῇ
752 790 1018 866 ἐπιθυμία
1064 788 1159 843 τοῦ
1201 790 1319 852 νοὸς
1347 832 1360 855 ,
1412 782 1566 853 οὗτός
1614 791 1760 843 ἐστιν
1797 791 1825 842 6

232 880 368 943 τοὺς
402 881 674 952 ἐμπαθεῖς
724 883 978 951 άναφύων
1005 882 1092 934 άεὶ
1123 882 1218 934 καὶ¹
1272 880 1488 942 ὑλικοὺς
1516 880 1650 950 πρὸς
1702 881 1827 933 ἀνο-

239 970 378 1040 μίαν
435 973 862 1043 περισπασμοὺς
886 1013 902 1036 ,
956 972 1271 1028 παντάπασι
1334 969 1470 1042 πρὸς
1520 969 1719 1040 ἡδονὰς
1752 967 1826 1021 ὣν

238 1060 526 1127 ἐλκτικός.

1920 430 2030 485 dati
2060 430 2177 500 lege
2213 430 2521 496 derivatur;
2551 431 2689 499 lege,
2737 429 2982 498 inquam,
3034 425 3126 479 illa
3151 439 3314 495 quam
3362 422 3497 479 insl-

1920 528 2031 576 tam
2062 527 2115 577 et
2144 535 2174 574 a
2204 528 2399 575 natura
2428 520 2722 591 ingenitam
2767 519 3070 580 hausimus,
3110 530 3338 587 qumque
3376 515 3497 568 ani-

1921 626 2069 666 mum
2104 620 2353 667 nostrum
2400 612 2468 666 ad
2499 612 2839 666 honestatem
2887 608 3131 665 stimulat
3178 615 3339 676 atque
3391 605 3500 659 eri-

1923 702 2021 772 git.
2053 702 2133 756 Ex
2159 718 2269 772 quo
2308 702 2366 756 tlt
2401 709 2459 756 ut
2509 702 2691 757 divina
2723 702 2831 765 lex,
2863 700 3008 770 quod
3045 697 3114 752 ad
3141 707 3375 751 mentem
3417 702 3503 746 at.

1926 793 2080 855 tinet,
2138 792 2470 861 voluptatem
2510 792 2670 846 nobis
2692 790 2921 845 aﬂ‘erat:
2957 789 3059 843 hoc
3092 787 3239 842 enim
3273 784 3504 838 interior

1927 881 2017 939 ille
2044 882 2206 936 homo
2228 890 2344 938 est:
2370 883 2440 937 ob
2468 882 2602 937 illud
2632 896 2758 935 vero
2786 888 3063 950 peccatum
3089 877 3228 947 quod
3256 876 3308 929 in
3336 889 3501 927 carne

1928 980 2118 1027 nostra
2153 973 2384 1040 habitat,
2412 972 2612 1027 diaboli
2639 974 2756 1041 lege
2785 972 3140 1026 delectemur.
3172 965 3383 1020 Etenim
3414 964 3503 1017 h-x

1927 1061 2040 1124 illa,
2092 1077 2213 1132 qua:
2268 1077 2391 1117 cum
2442 1062 2625 1116 divina
2686 1068 2889 1131 pugnat
2951 1060 3110 1128 eique
3171 1055 3396 1118 resistit,
3445 1054 3499 1106 in

239 1151 416 1206 animi
455 1154 633 1209 nostri
679 1154 979 1224 cupiditate
1021 1152 1220 1223 posita,
1266 1152 1354 1204 illa
1401 1151 1513 1218 ipsa
1551 1156 1655 1212 est,
1701 1163 1822 1219 quae
1856 1152 2198 1209 turbulentas
2230 1161 2284 1208 et
2323 1155 2564 1208 materia:
2608 1152 2739 1208 faece
2778 1150 3106 1222 implicatas,
3155 1155 3208 1203 et
3275 1147 3339 1200 ad
3399 1144 3505 1198 im-

239 1244 577 1313 probitatem
599 1243 892 1314 dissipatas
906 1244 1265 1316 cogitationes
1284 1241 1566 1311 producit,
1593 1254 1820 1309 quasque
1849 1240 2119 1313 ingentem
2167 1246 2390 1300 omnino
2428 1244 2494 1299 ad
2525 1244 2829 1313 voluptates
2871 1242 3032 1296 habet
3065 1237 3400 1294 illecebram.

312 1334 442 1388 EA’.
487 1336 651 1406 Τρεῖς
690 1335 799 1407 γὰρ
846 1336 1043 1406 νόμους
1094 1333 1482 1403 ὑποτιθέμενος
1517 1331 1823 1399 ἀναφανδὸν

239 1426 269 1477 6
302 1425 530 1487 Παῦλος
560 1424 795 1479 ἐνταῦθά
848 1442 938 1493 μοι
987 1423 1417 1492 καταφαίνεταν
1452 1419 1547 1473 Eva.
1589 1419 1687 1490 μὲν
1739 1418 1831 1470 τὸν

240 1514 392 1567 κατὰ
423 1515 490 1567 τὸ
520 1514 758 1585 ἔμφυτον
790 1518 848 1569 ἐν
887 1518 1016 1586 ἡμῖν
1054 1513 1258 1582 ἀγαθὸν
1283 1550 1297 1573 ,
1345 1510 1376 1563 6
1405 1510 1500 1563 καὶ
1532 1508 1695 1578 νόμον
1737 1523 1833 1558 σα-

2006 1333 2145 1405 LXI.
2189 1335 2465 1406 Siquidem
2490 1336 2783 1406 Apostolus
2814 1333 2919 1387 tria
2949 1332 3169 1388 omnino
3196 1330 3372 1401 legum
3406 1342 3503 1398 ge-

1936 1440 2069 1480 nera
2114 1425 2218 1481 hoc
2276 1427 2332 1481 in
2384 1427 2504 1482 loco
2555 1426 2873 1483 distinxisse
2926 1421 3214 1478 manifeste
3268 1421 3499 1475 videtur.

1938 1516 2179 1583 Quorum
2206 1534 2372 1573 unum
2400 1528 2484 1574 est
2508 1519 2674 1574 insito
2698 1517 2854 1573 nobis
2873 1516 3018 1572 bono
3050 1522 3500 1574 consentaneum,

241 1605 364 1672 φῶς
392 1606 520 1668 νοὸς
547 1606 833 1659 ἐκάλεσενο
867 1606 964 1660 ἕνα
988 1605 1045 1659 δέ
1068 1605 1160 1658 τὸν
1194 1606 1258 1657 ἐκ
1289 1601 1595 1675 προσϐολῆς
1623 1598 1834 1706 ἐνιστά-

1940 1623 2099 1679 quam
2147 1616 2332 1678 aperte
2378 1609 2546 1679 legem
2588 1611 2784 1663 mentis
2821 1606 3076 1677 appellat.
3108 1604 3352 1658 Alterum
3396 1611 3502 1665 est,

247 1712 416 1765 μενον
451 1696 548 1750 τοῦ
588 1695 850 1768 πονηροῦ,
884 1697 978 1750 καὶ
1017 1698 1096 1759 είς
1123 1695 1223 1759 τὰς
1253 1692 1517 1765 ἐμπαθεῖς
1548 1689 1832 1757 ἐξέλκοντα

244 1786 522 1851 πολλάκις
556 1787 856 1856 φαντασίας
884 1786 982 1858 τὴν
1005 1786 1202 1856 ψυχὴν,
1231 1785 1289 1838 ὃν
1317 1777 1833 1852 άντιστρατεύεσθαι

243 1876 328 1946 τῷ
380 1878 538 1949 νόμῳ
587 1877 683 1931 τοῦ
730 1878 849 1941 νοὸς
896 1877 1035 1947 ἔφη’
1068 1877 1165 1930 καὶ
1195 1876 1382 1946 ἕτερον
1425 1871 1514 1926 τὸν
1564 1868 1704 1923 κατὰ
1736 1870 1833 1937 τὴν

245 1970 536 2040 ἁμαρτίαν
596 1968 662 2020 ἐκ
710 1966 812 2036 τῆς
861 1950 1153 2036 ἐπιθυμίας
1203 1959 1609 2034 ἐνσκιρὼσαντα
1662 1957 1719 2009 ἐν
1766 1956 1833 2023 τῇ

248 2059 428 2129 σαρκὶ
447 2098 464 2123 ,
502 2058 563 2111 ὃν
599 2058 874 2129 ἁμαρτίας
905 2056 1069 2127 νόμον
1094 2053 1346 2107 οἰκοῦντα
1385 2052 1444 2103 ἐν
1472 2052 1587 2112 τοῖς
1622 2046 1835 2117 μέλεσιν

246 2149 519 2202 ἐκάλεσεν
545 2164 561 2180 ο
592 2140 638 2215 ᾧ
679 2147 973 2199 ἐπιϐαίνων
1001 2148 1031 2197 6
1055 2143 1290 2212 πονηρὸς
1342 2141 1437 2193 καὶ
1475 2136 1837 2206 ἐποχούμενος

250 2238 525 2299 πολλάκις
579 2235 701 2289 καθ’
759 2234 919 2305 ἡμῶν
973 2231 1319 2300 ἐγκελεύεται
1346 2268 1359 2292 ,
1426 2227 1563 2296 πρὸς
1625 2222 1837 2277 ἀδικίαν

254 2329 410 2397 ἡμᾶς
444 2326 540 2380 καὶ
567 2325 791 2395 πράξεις
820 2322 1159 2376 συνελαύνων
1187 2318 1383 2381 κακάς.
1423 2318 1480 2369 ’0
1510 2315 1618 2385 γὰρ
1638 2311 1837 2377 ἔξωθεν

253 2416 647 2486 είσπνεόμενος
692 2414 800 2468 ἀπὸ
838 2413 928 2467 τοῦ
961 2411 1200 2484 πονηφῦ
1255 2410 1451 2480 νόμος,
1484 2408 1576 2461 καὶ
1614 2406 1701 2460 διὰ
1730 2404 1838 2458 τῶν

255 2508 572 2577 αἰσθήσεων
596 2546 610 2570 ,
644 2506 895 2576 καθάπερ
940 2502 1294 2573 άσφαλτὼδες
1336 2500 1546 2571 ῥεῦμα,
1585 2497 1729 2551 ἔνδον
1759 2497 1840 2557 είς

257 2597 440 2667 αὐτὴν
469 2597 789 2667 ἐκχεόμενος
812 2597 911 2667 τὴν
942 2596 1140 2667 ψυχὴν,
1166 2594 1271 2647 ὑπὸ
1300 2592 1394 2645 τοῦ
1419 2593 1477 2644 ἐν
1506 2590 1665 2661 σαρκὶ
1699 2586 1841 2641 κατᾶ

256 2689 361 2758 τὴν
413 2687 708 2757 ἐπιθυμίαν
752 2688 1201 2758 ἐπιτυγχάνοντος
1255 2680 1602 2755 κραταιοῦται
1651 2678 1835 2747 νόμουι

256 2779 523 2831 Φαίνεται
546 2780 655 2849 γὰρ
681 2779 756 2842 ὡς
803 2781 861 2831 ἐν
904 2781 1035 2849 ἡμῖν
1063 2778 1248 2839 αὐτοῖς
1284 2775 1346 2827 τὸ
1378 2773 1476 2844 μὲν
1506 2770 1711 2841 βέλτιον
1735 2807 1749 2832 ,
1779 2767 1841 2820 τὸ

259 2869 319 2921 δὲ
344 2872 530 2939 χεῖρον
550 2869 629 2923 6v.
672 2872 779 2923 Καὶ
798 2871 925 2923 ὅταν
956 2870 1052 2939 μὲν
1079 2867 1139 2920 τὸ
1173 2866 1378 2936 βέλτιον
1413 2862 1576 2932 φύσει
1603 2859 1696 2913 τοῦ
1729 2858 1843 2929 χεί-

1938 1698 2081 1768 quod
2104 1713 2169 1755 ex
2197 1699 2518 1769 nequissimi
2550 1699 2907 1767 impressione
2940 1695 3229 1751 conﬂatum
3259 1699 3503 1749 nostram

1936 1787 2171 1842 animam
2213 1788 2270 1841 in
2318 1788 2739 1857 perturbationis
2786 1787 3131 1857 plenissimas
3185 1784 3505 1855 plerumque

1936 1879 2290 1951 cogitationes
2324 1893 2389 1935 ac
2429 1879 2745 1950 phantasias
2796 1878 3038 1947 coniicit,
3069 1891 3229 1947 quam
3260 1873 3506 1930 eamdem

1934 1969 2040 2042 legi
2068 1971 2266 2027 mentis
2295 1971 2571 2027 adversari
2620 1970 2780 2026 dixit.
2820 1969 3161 2025 Postremum
3192 1982 3366 2037 genus
3400 1973 3505 2024 est.

1936 2060 2082 2131 quod
2112 2075 2209 2130 per
2246 2068 2528 2131 peccatum
2558 2075 2622 2115 ex
2656 2061 2775 2131 ipsa
2804 2058 3101 2129 cupiditate
3126 2057 3181 2111 in
3211 2069 3377 2111 carne
3410 2069 3510 2107 no-

1938 2159 2051 2204 stra
2075 2150 2352 2215 occalluit,
2382 2165 2545 2221 quam
2589 2150 2678 2205 illc
2709 2150 2920 2219 peccati
2955 2150 3124 2219 legem
3172 2147 3506 2201 habitantem
3548 2200 3565 2209 κ

1939 2234 1994 2288 in
2019 2235 2277 2293 membris
2300 2238 2505 2293 nos1ris
2535 2237 2801 2291 nominat.
2828 2236 3000 2303 Quam
3030 2236 3197 2291 etiam
3225 2234 3505 2304 improbus

1940 2323 2030 2378 ille
2058 2324 2228 2381 hostis
2253 2326 2537 2391 invadens,
2569 2327 2728 2396 eique
2754 2326 3020 2393 insidens,
3059 2341 3201 2397 saepe
3235 2326 3503 2380 adversus

1941 2429 2042 2470 nos
2071 2416 2293 2480 excitat,
2331 2426 2494 2487 atque
2523 2419 2589 2472 ad
2619 2418 2940 2489 iniustitiam
2974 2433 3037 2474 ac
3068 2419 3328 2474 scelerata
3375 2415 3509 2470 faci-

1940 2519 2073 2559 nora
2102 2507 2396 2576 compellit.
2421 2506 2555 2562 Nam
2586 2509 2669 2565 lex
2706 2509 2817 2572 illa,
2843 2523 3004 2578 quam
3034 2508 3303 2579 malignus
3335 2505 3509 2561 hostis

1904 2662 1909 2665 κ
1940 2596 2282 2654 extrinsecus
2308 2598 2571 2665 insinuat,
2604 2616 2831 2671 quaeque
2860 2616 2957 2671 per
2979 2614 3197 2661 sensus,
3220 2598 3366 2653 velut
3395 2597 3510 2649 len-

1942 2691 2031 2740 ωε
2062 2686 2283 2755 Quidam
2327 2703 2392 2743 ac
2441 2703 2646 2760 sequax
2682 2691 2965 2746 bituminis
3015 2697 3243 2755 tractus,
3296 2687 3355 2740 in
3393 2685 3512 2739 ani-

1942 2786 2084 2826 mam
2115 2773 2288 2843 ipsam
2319 2776 2467 2833 intus
2496 2777 2821 2844 infunditur,
2853 2780 2923 2834 ab
2956 2779 3061 2833 alia
3092 2779 3210 2848 lege
3246 2775 3507 2831 corrobo-

1942 2869 2114 2929 ratur,
2146 2880 2309 2934 quam
2345 2867 2402 2922 in
2436 2884 2658 2924 carnem
2694 2878 2936 2926 nostram
2968 2869 3242 2939 cupiditas
3270 2868 3385 2936 ipsa
3412 2866 3511 2921 de-

269 2976 426 3029 ρονος
460 2960 886 3032 ἐγκρατέστερον
941 2958 1143 3030 γενηθῇ
1162 2997 1176 3020 ,
1208 2957 1430 3029 φέρεται
1458 2953 1578 3015 ὅλος
1615 2949 1750 3023 πρὸς
1780 2947 1838 3001 τὸ

1943 2954 2101 3007 rivat.
2131 2953 2267 3010 Nam
2297 2958 2351 3011 in
2382 2960 2540 3015 nobis
2570 2961 2750 3017 inesse
2776 2961 2991 3017 videtur
3020 2960 3187 3025 aliud,
3221 2958 3365 3031 quod
3398 2972 3513 3012 me-

268 3040 477 3116 ἀγαθὸν
527 3054 554 3103 6
592 3050 747 3114 νοῦς’
775 3052 905 3103 ὃταν
931 3050 988 3102 δὲ
1012 3047 1074 3101 τὸ
1100 3050 1278 3117 χεῖρον
1310 3044 1569 3116 ἐπιϐρίσῃ
1612 3039 1838 3095 πλεονά-

1942 3044 2051 3099 lius
2086 3053 2200 3109 est,
2236 3048 2403 3112 aliud,
2447 3052 2593 3119 quod
2621 3038 3147 3121 deterius.Cumque
3192 3049 3327 3104 illud
3365 3048 3515 3102 dete-

265 3157 368 3192 σαν
392 3177 407 3201 ,
432 3139 495 3191 τὸ
524 3138 1030 3211 άντιστρατεύεσθαι
1067 3139 1083 3168 ¹
1108 3136 1186 3205 τῷ
1209 3137 1267 3188 ἐν
1293 3137 1426 3205 ἡμῖν
1464 3133 1679 3200 λέγεται
1704 3131 1838 3196 άγα-

1944 3132 2089 3186 riore
2119 3136 2395 3202 pmentius
2444 3137 2628 3201 fuerit,
2659 3146 2771 3192 tota
2823 3154 2976 3193 mens
3010 3140 3077 3192 ad
3123 3138 3324 3193 bonum
3369 3136 3516 3190 velut

266 3227 350 3296 θῴ
382 3265 399 3290 ,
462 3226 627 3280 πάλιν
681 3228 872 3295 ἄγεται
927 3226 1295 3297 ἀντιστρόφως
1357 3223 1493 3294 πρὸς
1543 3218 1838 3290 φαντασίας

1947 3219 2151 3289 impetu
2180 3223 2415 3291 quodam
2460 3227 2658 3296 agitur.
2695 3227 2831 3282 Cum
2867 3235 3045 3283 autem
3082 3228 3138 3281 id
3180 3226 3324 3297 quod
3357 3226 3514 3295 pejus

269 3318 616 3381 παντοδαπὰς
636 3317 667 3369 ὁ
690 3317 786 3370 ἄνθ
796 3333 971 3388 ρωπος
995 3317 1090 3370 καὶ
1114 3315 1404 3385 λογισμοὺς
1430 3314 1699 3383 χείρονας.

1947 3317 2052 3376 est,
2076 3313 2382 3370 exuberans
2418 3316 2657 3388 pondere
2698 3332 2800 3374 suo
2841 3318 3193 3389 depresserit,
3244 3316 3390 3387 quod
3431 3316 3515 3369 in-

267 3422 402 3467 nato
424 3413 583 3468 nobis
611 3414 754 3468 bono
784 3429 1083 3484 repugnare
1113 3414 1333 3480 dicitur,
1369 3422 1482 3467 tum
1522 3411 1739 3467 demum
1767 3424 1833 3465 ex
1873 3408 2103 3465 adverso
2132 3411 2313 3466 varias
2351 3410 2420 3465 ad
2472 3411 2766 3482 imaginum
2803 3410 3036 3482 species,
3099 3425 3163 3466 ac
3214 3409 3514 3465 deteriores

265 3504 635 3574 cogitationes
668 3505 830 3560 homo
856 3507 1183 3563 traducitur.

337 3598 459 3654 38'.
503 3591 578 3649 06
609 3597 671 3663 δὴ
703 3597 796 3650 καὶ
836 3596 996 3667 χάριν
1024 3599 1054 3651 6
1109 3598 1430 3662 Ἀπὸστολος
1480 3599 1698 3669 εὔχεται
1745 3599 1838 3668 ῥυ-

2006 3589 2165 3646 LXII.
2204 3592 2380 3661 Atque
2410 3608 2471 3648 ea
2502 3608 2675 3650 causa
2702 3603 2804 3654 est.
2835 3610 2933 3650 cur
2959 3594 3254 3665 Apostolus
3285 3594 3513 3653 liberari

268 3689 465 3759 σθῆναι
486 3728 500 3751 ,
530 3687 754 3741 θάνατον
788 3689 918 3742 αὐτὸ
951 3690 1046 3743 καὶ
1081 3689 1300 3765 ὄλεθρον
1330 3686 1469 3743 εἶναι
1503 3687 1799 3759 ἡγούμενος
1822 3701 1836 3715 ’

266 3779 462 3850 ὥσπερ
485 3778 548 3849 δὴ
580 3778 679 3831 καὶ
705 3780 733 3831 6
767 3781 1078 3851 Προφήτης,
1096 3780 1229 3833 Ἀπὸ
1258 3779 1376 3832 τῶν
1406 3778 1677 3847 κρυφίων
1697 3793 1840 3845 μου,

1939 3693 2061 3734 sese
2095 3688 2265 3749 optet,
2313 3697 2439 3736 cum
2477 3691 2708 3738 mortem
2738 3685 2886 3738 illam
2921 3693 3085 3755 atque
3123 3687 3348 3741 exitium
3392 3701 3514 3741 esse

1937 3769 2215 3839 iudicarit.
2247 3772 2707 3838 Quemadmodum
2737 3774 2911 3842 inquit
2949 3775 3220 3846 Propheta
3249 3799 3264 3832 :
3308 3777 3388 3830 Ab
3426 3793 3515 3831 oc‘

267 3869 444 3937 λέγων
467 3908 483 3932 ,
534 3868 860 3937 καθάρισον
894 3887 989 3939 με.
1036 3869 1185 3923 Αὐτὰ
1220 3869 1330 3941 γὰρ
1360 3868 1428 3922 τὰ
1479 3867 1619 3939 ρητὰ
1684 3864 1838 3919 τοῦτο

1943 3863 2101 3916 cultis
2148 3865 2274 3917 meis
2308 3863 2474 3933 589
2502 3864 2697 3918 munda
2749 3867 2890 3918 me‘.
2948 3864 3097 3921 Istud
3151 3867 3295 3920 enim
3347 3870 3513 3921 verba

270 3960 635 4030 παρίστησινο
687 3959 1023 4028 Συνήδομαι
1059 3960 1166 4031 γὰρ
1219 3958 1301 4025 τῷ
1348 3959 1508 4027 νόμῳ
1554 3956 1661 4011 τοῦ
1695 3954 1838 4009 Θεοῦ

1944 3952 2059 4021 ipsa
2091 3968 2285 4022 prae-se
2317 3953 2534 4007 ferunt:
2565 3953 2924 4019 Condelector,
2960 3955 3155 4026 inquit,
3184 3956 3282 4027 legi
3315 3956 3409 4010 Dei
3433 3973 3513 4011 se-

269 4050 423 4103 κιιτὰ
482 4048 588 4102 τὸν
639 4050 760 4103 ἔσω
805 4049 1115 4118 ἄνθρωπον
1135 4090 1151 4116 ,
1203 4049 1471 4118 λέγοντος.
1512 4046 1722 4102 Βλέπω
1777 4042 1838 4097 δὲ

1945 4045 2172 4097 cundum
2198 4045 2497 4107 interiorem
2528 4046 2807 4101 hominem.
2852 4045 3009 4102 Video
3037 4056 3209 4103 autem
3245 4049 3408 4102 aliam
3443 4050 3511 4103 le-

267 4141 478 4210 ἕτερον
530 4142 719 4210 νόμον
754 4141 1360 4210 ἀντιστρατευόμενον
1400 4137 1479 4203 τῷ
1529 4139 1691 4205 νόμῳ
1739 4135 1838 4189 τοῦ

1945 4150 2059 4203 gem
2097 4146 2465 4204 repugnantem
2512 4135 2611 4207 legi
2655 4138 2844 4191 mentis
2882 4155 3029 4202 metu,
3076 4149 3127 4193 et
3169 4139 3513 4207 captivantem

269 4233 413 4297 νοός
446 4248 599 4299 μου,
652 4230 746 4284 καὶ
790 4228 1292 4301 αἰχμαλωτίζοντά
1318 4245 1390 4297 με
1436 4226 1517 4292 τῷ
1540 4229 1701 4296 νόμῳ
1736 4224 1838 4293 τῆς

1949 4243 2030 4281 me
2064 4228 2161 4297 legi
2188 4229 2408 4297 peccati,
2434 4245 2550 4298 qua:
2572 4231 2725 4283 estin
2754 4230 2999 4283 membris
3025 4231 3172 4286 meis.
3200 4228 3400 4300 Infelix
3420 4247 3512 4301 ego

270 4287 599 4392 ἀμαρέιας,
628 4322 707 4388 τῷ
745 4287 977 4377 ὄντῖἐν
1029 4287 1150 4389 τοῖς
1195 4287 1415 4392 μέλεσι
1457 4287 1838 4390 ᾗουίῖζαλαίίξ

1950 4317 2136 4371 homo!
2168 4321 2284 4389 quis
2336 4335 2416 4373 me
2438 4319 2678 4373 liberabit
2721 4320 2785 4374 de
2806 4336 3021 4389 corpore
3071 4322 3256 4376 mortis
3284 4287 3513 4391 hujus"?

271 4427 471 4479 πωρος
510 4410 625 4481 ἐγὼ
667 4411 1012 4479 ἅνθρωπος]
1054 4412 1145 4478 τίς
1181 4428 1259 4481 με
1301 4412 1555 4479 ῥύσεται
1617 4408 1686 4461 ἐκ
1742 4407 1849 4461 τοῦ

184 4556 191 4561 ,
271 4501 550 4571 σώματος
594 4502 699 4556 τοῦ
750 4501 1008 4555 θανάτου
1048 4503 1304 4564 τούτου;
1352 4502 1412 4554 οὐ
1450 4500 1512 4552 τὸ
1564 4498 1724 4569 σῶμα
1756 4497 1851 4551 θά-

273 4610 433 4646 νατον
467 4593 881 4663 ἀποφηνάμενος
901 4635 915 4658 ,
952 4593 1088 4646 ἀλλὰ
1119 4595 1209 4646 τὸν
1237 4594 1399 4663 νόμον
1430 4591 1530 4661 τῆς
1554 4587 1845 4660 ἁμαρτίας,

274 4678 364 4731 τὸν
423 4680 483 4731 ἐν
534 4682 646 4742 τοῖς
695 4680 917 4750 μέλεσι,
951 4680 1039 4734 διὰ
1071 4681 1171 4749 τῆς
1218 4681 1582 4753 παραϐάσεως
1629 4679 1687 4730 ἐν
1717 4681 1849 4748 ἡμῖν

274 4767 691 4836 ἐμφωλεύοντα,
741 4770 836 4822 καὶ¹
885 4767 1021 4839 πρὸς
1072 4769 1299 4823 θάνατον
1334 4772 1421 4823 ἀεὶ
1466 4769 1556 4822 τὸν
1602 4768 1699 4839 τῆς
1737 4766 1852 4819 ἀδι-

277 4859 401 4923 κίας
430 4859 530 4929 τὴν
565 4859 745 4930 ψυχὴν
778 4859 1209 4930 ἐμφαντάξοντα.
1274 4861 1551 4933 Ἐπιφέρει
1595 4858 1726 4928 γοῦν
1764 4859 1853 4911 εὑ-

280 4950 418 5010 θέως
448 4951 638 5021 ἀμέλει
684 4951 1060 5022 διαλεγόμενος
1096 4953 1279 5006 ὁποίου
1332 4951 1560 5005 θανάτου
1606 4951 1848 5020 ἐγλίχετο

281 5043 546 5112 ῥυσθῆναι
574 5083 588 5106 ,
617 5044 709 5097 καὶ
743 5044 825 5107 τίς
871 5044 1032 5098 αὑτὸν
1076 5047 1104 5098 6
1135 5045 1393 5116 ῥυόμενος
1427 5040 1528 5114 ἦν·
1559 5043 1739 5112 Χάρις
1766 5040 1847 5107 τῷ

284 5132 405 5197 θεῷ
431 5132 529 5185 διὰ
571 5133 771 5198 Ἰησοῦ
797 5134 1073 5202 Χριστοῦ.
1108 5133 1440 5204 Προσεκτέον
1477 5132 1584 5204 γὰρ
1608 5172 1623 5197 ,
1655 5133 1737 5185 ὅτι
1758 5171 1772 5194 ,
1801 5131 1848 5183 εἰ

283 5216 343 5267 τὸ
380 5216 536 5287 σῶμα
566 5216 792 5270 θάνατον
829 5218 985 5271 τοῦτο
1007 5257 1021 5281 ,
1054 5213 1100 5272 ὦ
1143 5218 1451 5286 Ἀγλαοφῶν
1476 5258 1489 5282 ,
1523 5219 1599 5281 ὡς
1633 5218 1850 5289 ὑπειλή-

288 5321 450 5374 φατε,
484 5307 670 5376 ἐλεγεν
690 5350 704 5373 ,
736 5309 834 5362 οὐκ
860 5308 926 5363 ἂν
954 5311 1044 5363 τὸν
1073 5311 1303 5381 Χριστὸν
1349 5310 1424 5373 ὼς
1466 5311 1724 5381 ῥυόμενον
1757 5312 1849 5366 αεὶ-

292 5399 375 5450 τὸν
400 5397 623 5471 ὕστερον
670 5401 733 5452 ἐκ
763 5400 855 5453 τοῦ
900 5402 1139 5455 τοιούτου
1189 5402 1356 5455 κακοῦ
1411 5402 1845 5472 παρελάμϐανεν,

357 5559 376 5593 ί
410 5557 538 5617 Cor.
568 5558 856 5627 δάντιστρ.
936 5564 953 5592 ²
990 5559 1130 5613 [λιιι.
1166 5576 1314 5623 mn,
1365 5561 1441 5614 l5.

1910 4423 1930 4431 ·
1953 4407 2053 4463 Ubi
2082 4423 2190 4463 non
2229 4424 2430 4479 corpus
2459 4418 2690 4464 mortem
2720 4424 2845 4465 esse
2880 4413 3224 4481 pronuntiat,
3261 4413 3356 4469 sed
3389 4428 3512 4482 pec-

1947 4499 2053 4552 cati
2084 4498 2332 4553 videlicet
2363 4500 2554 4570 legem,
2578 4515 2710 4576 .qua:
2742 4503 2796 4554 in
2839 4502 3100 4557 membris
3129 4502 3335 4559 nostris
3381 4503 3512 4558 iusi-

1948 4589 2057 4653 det,
2108 4603 2171 4643 ac
2225 4605 2319 4660 per
2362 4591 2605 4645 mandati
2642 4593 3136 4662 transgressionem
3172 4594 3408 4647 latebras
3459 4589 3523 4647 in'

1948 4680 2106 4735 nobis
2141 4680 2457 4746 constituit,
2495 4696 2559 4734 ac
2602 4681 2839 4751 denique
2887 4683 2952 4736 ad
3002 4682 3285 4752 injustitia:
3325 4699 3513 4739 necem

1950 4770 2189 4823 animam
2227 4778 2471 4825 nostram
2502 4771 2669 4827 variis
2712 4773 3039 4843 imaginibus
3088 4774 3366 4829 illudendo
3395 4791 3513 4844 per-

1951 4861 2136 4914 trahit.
2172 4860 2533 4925 Quamobrem
2575 4863 2807 4918 subinde
2836 4866 2889 4918 in
2919 4866 3108 4920 eadem
3147 4865 3513 4936 disputatione

1951 4950 2193 5020 subjicit,
2223 4952 2531 5021 cujusmodi
2564 4968 2623 5008 se
2652 4969 2679 5006 a
2713 4962 2889 5009 morte
2921 4955 3140 5009 liberari
3184 4964 3429 5025 cuperet,
3462 4965 3511 5011 et

1950 5058 1979 5096 a
2008 5059 2117 5112 quo
2148 5043 2461 5099 liberandus
2495 5043 2903 5109 essetzGratia,
2941 5047 3135 5116 inquit,
3162 5046 3271 5101 Deo
3310 5063 3401 5117 per
3422 5046 3512 5102 le.

1948 5150 2065 5188 sum
2108 5133 2375 5188 Christum
2397 5136 2440 5187 ⁸.
2492 5135 2628 5189 Illud
2660 5136 2805 5191 enim
2840 5136 3128 5206 diligenter
3174 5138 3381 5193 attendi
3416 5154 3511 5192 cu-

1948 5226 2056 5293 pio,
2089 5226 2133 5279 si
2162 5240 2362 5296 corpus
2401 5226 2546 5280 istud
2589 5234 2840 5295 mortem,
2884 5236 2941 5283 ut
2991 5231 3214 5299 putatis,
3245 5244 3280 5284 o
3320 5230 3511 5300 Aglao-

1950 5310 2115 5379 phon,
2178 5313 2526 5382 appellasset,
2577 5332 2856 5387 nunquam
2909 5318 3062 5373 illum
3121 5318 3349 5384 Christi,
3402 5328 3514 5373 tan-

1948 5416 2113 5470 quam
2160 5402 2299 5467 eius,
2331 5418 2361 5455 a
2409 5419 2519 5473 quo
2549 5414 2737 5477 postea
2772 5407 2865 5463 tali
2910 5424 2979 5465 ex
3021 5406 3369 5465 incommodo
3401 5404 3510 5461 eri-

1521 5562 1539 5591 ³
1568 5559 1722 5617 nouit.
1762 5577 1857 5625 vn,
1887 5560 2077 5615 21-24.
2169 5561 2197 5631 ‘7
2218 5559 2347 5616 ibid.
2373 5563 2461 5619 25.
